<mjloggm ver="2.3"><GO type="169" lobby="0"/><UN n0="%E3%82%A6%E3%83%AB%E3%83%88%E3%83%A9%E7%AB%8B%E7%9B%B4" n1="%6D%6F%6E%6F%2D%31%34" n2="%73%70%69%63%79" n3="%73%68%61%70%65%6C%65%72" dan="17,16,16,17" rate="2185.68,2109.60,2101.84,2170.30" sx="M,M,M,M"/><TAIKYOKU oya="0"/><INIT seed="0,0,0,5,4,4" ten="250,250,250,250" oya="0" hai0="109,5,132,83,30,107,50,105,32,8,47,42,127" hai1="58,115,46,16,77,54,17,65,87,38,64,102,48" hai2="19,80,78,44,49,113,1,24,43,123,45,86,91" hai3="18,60,76,126,51,26,88,119,125,92,116,81,130"/><T70/><D70/><U128/><E128/><V79/><F113/><W61/><G51/><T101/><D127/><N who="3" m="48649" /><G18/><N who="1" m="7274" /><E38/><V99/><F1/><W96/><G26/><T124/><D124/><U52/><E102/><V15/><F24/><W53/><G53/><T135/><D30/><U95/><E115/><V73/><F123/><W63/><G130/><T14/><D32/><U106/><E106/><V6/><F6/><W134/><G134/><N who="0" m="51243" /><D101/><U74/><E74/><AGARI ba="0,0" hai="60,61,63,74,76,81,88,92,96,116,119" m="48649" machi="74" ten="30,2000,0" yaku="18,1,54,1" doraHai="4" who="3" fromWho="1" sc="250,0,250,-20,250,0,250,20" /><INIT seed="1,0,0,1,3,86" ten="250,230,250,270" oya="1" hai0="33,115,83,96,35,12,105,84,29,134,113,32,121" hai1="56,101,112,64,102,129,16,5,60,99,75,27,30" hai2="62,133,70,53,52,90,80,26,23,49,8,51,98" hai3="104,58,0,68,130,81,108,11,100,82,63,117,128"/><U14/><E75/><V59/><F133/><W89/><G68/><T9/><D29/><U40/><E129/><V45/><F8/><W77/><G108/><T47/><D134/><U73/><E73/><V85/><F98/><W57/><G117/><T125/><D125/><U109/><E112/><V6/><F6/><W39/><G39/><T91/><D121/><U28/><E40/><V4/><F4/><W118/><G118/><T21/><D21/><U19/><E109/><V97/><F97/><W116/><G116/><T122/><D122/><U50/><E50/><V94/><F70/><W106/><G11/><T20/><D20/><N who="1" m="13703" /><E5/><V87/><F62/><W66/><G0/><T92/><D105/><U119/><E119/><V67/><F67/><W7/><G7/><T18/><REACH who="0" step="1"/><D47/><REACH who="0" ten="240,230,250,270" step="2"/><U31/><E99/><N who="2" m="57815" /><F80/><W114/><G106/><T110/><D110/><U78/><E78/><AGARI ba="0,1" hai="9,12,18,32,33,35,78,83,84,91,92,96,113,115" machi="78" ten="40,2600,0" yaku="1,1,52,1,53,0" doraHai="86" doraHaiUra="42" who="0" fromWho="1" sc="240,36,230,-26,250,0,270,0" /><INIT seed="2,0,0,0,3,2" ten="276,204,250,270" oya="2" hai0="60,32,111,51,49,54,34,113,132,79,26,39,35" hai1="6,4,117,23,109,20,44,5,73,59,101,125,27" hai2="97,55,90,75,58,115,65,17,25,93,48,122,40" hai3="77,52,124,36,83,68,123,91,107,100,112,57,15"/><V10/><F122/><W99/><G68/><T46/><D113/><U104/><E73/><V96/><F115/><W18/><G112/><T19/><D39/><U42/><E117/><V74/><F96/><W108/><G36/><T21/><D111/><U37/><E109/><V95/><F95/><W24/><G108/><T30/><D132/><U50/><E125/><V127/><F127/><W85/><G24/><T81/><D60/><U84/><E104/><V1/><F40/><W70/><G70/><T7/><D51/><U131/><E101/><V31/><F65/><W47/><G47/><T33/><D33/><U110/><E110/><V11/><F11/><W80/><G124/><T98/><D98/><U120/><E120/><V41/><F41/><W86/><G123/><T128/><D128/><U116/><E116/><V92/><F92/><W13/><REACH who="3" step="1"/><G18/><REACH who="3" ten="276,204,250,260" step="2"/><T66/><D19/><U135/><E135/><V76/><F17/><W130/><G130/><T63/><D46/><U0/><E27/><V82/><F74/><W133/><G133/><T16/><D16/><U45/><E131/><V43/><F43/><W87/><G87/><T56/><D26/><U67/><E0/><V102/><F1/><W78/><G78/><T105/><D79/><U129/><E129/><V114/><F114/><W22/><G22/><T71/><D21/><N who="1" m="8267" /><E44/><V53/><F10/><W121/><G121/><T106/><D71/><U103/><E84/><V61/><F25/><W8/><G8/><T12/><D35/><U29/><E37/><V62/><F75/><W134/><G134/><T69/><D34/><RYUUKYOKU ba="0,1" sc="276,-10,204,-10,250,-10,260,30" hai3="13,15,52,57,77,80,83,85,86,91,99,100,107" /><INIT seed="3,1,1,2,3,68" ten="266,194,240,290" oya="3" hai0="53,84,89,38,10,121,29,99,34,129,127,109,55" hai1="30,3,107,11,123,67,79,20,125,54,82,103,8" hai2="44,64,95,126,58,59,1,36,63,2,85,111,19" hai3="33,118,73,12,28,124,18,61,40,43,7,80,27"/><W39/><G118/><T51/><D121/><U13/><E123/><V0/><F111/><W65/><G7/><T60/><D109/><U93/><E107/><V120/><F120/><W98/><G124/><T15/><D127/><U97/><E125/><V81/><F95/><W76/><G98/><T14/><D129/><U42/><E3/><V17/><F59/><W57/><REACH who="3" step="1"/><G39/><REACH who="3" ten="266,194,240,280" step="2"/><T41/><D38/><U91/><E97/><V116/><F126/><W56/><G56/><T122/><D99/><U135/><E103/><V83/><F116/><W4/><G4/><T115/><D122/><U102/><E102/><V72/><F36/><W113/><G113/><T119/><D115/><U70/><E70/><V100/><F58/><W32/><G32/><T92/><D34/><U16/><E67/><V86/><F44/><W78/><G78/><T71/><D71/><U31/><E79/><V23/><F100/><W5/><G5/><T130/><D119/><U101/><E101/><V48/><F64/><W46/><G46/><T87/><D130/><U106/><E106/><V110/><F110/><W22/><AGARI ba="1,2" hai="12,18,22,27,28,33,40,43,57,61,65,73,76,80" machi="22" ten="20,3900,0" yaku="1,1,0,1,7,1,53,0" doraHai="68" doraHaiUra="134" who="3" fromWho="3" sc="266,-14,194,-14,240,-14,280,62" /><INIT seed="3,2,0,5,5,30" ten="252,180,226,342" oya="3" hai0="19,55,87,99,38,12,121,68,96,115,109,8,130" hai1="106,97,25,27,17,113,116,0,36,3,128,127,83" hai2="80,51,89,122,16,81,20,131,43,126,72,61,39" hai3="124,133,1,85,100,34,79,107,66,32,134,60,98"/><W53/><G1/><T125/><D121/><U33/><E36/><V75/><F122/><W23/><G53/><T29/><D38/><U95/><E106/><V92/><F39/><W117/><G117/><T70/><D29/><U47/><E47/><V69/><F126/><W4/><G4/><T120/><D120/><U74/><E127/><V41/><F41/><W57/><G124/><T135/><D125/><U49/><E49/><V22/><F22/><W42/><G23/><T50/><D109/><U94/><E83/><V24/><F131/><W82/><REACH who="3" step="1"/><G42/><REACH who="3" ten="252,180,226,332" step="2"/><T58/><D130/><U14/><E0/><V64/><F43/><W40/><G40/><T46/><D55/><U123/><E3/><V45/><F45/><W2/><G2/><T112/><D46/><U118/><E123/><V101/><F51/><W13/><G13/><T7/><D12/><U9/><E128/><V31/><F20/><W5/><G5/><T90/><D7/><U37/><E37/><V56/><F64/><W119/><G119/><T44/><D50/><U108/><E14/><V71/><F61/><W26/><G26/><T132/><D44/><U52/><E52/><V129/><F24/><W102/><G102/><T110/><D8/><U21/><E9/><V11/><F11/><W54/><G54/><T10/><D10/><U73/><E118/><V67/><F101/><W105/><G105/><T114/><D114/><U77/><E113/><V63/><F129/><W86/><G86/><T59/><D115/><U88/><E116/><V93/><F67/><W15/><G15/><T76/><D112/><RYUUKYOKU ba="2,1" sc="252,-10,180,-10,226,-10,332,30" hai3="32,34,57,60,66,79,82,85,98,100,107,133,134" /><INIT seed="3,3,1,4,2,4" ten="242,170,216,362" oya="3" hai0="70,38,7,14,2,117,32,97,95,135,130,134,116" hai1="88,115,94,53,125,90,56,30,87,1,73,0,49" hai2="84,81,128,74,31,92,5,127,118,108,20,61,39" hai3="48,99,75,114,33,6,68,47,121,40,64,57,126"/><W55/><G75/><T60/><D2/><U65/><E73/><V82/><F118/><W110/><G33/><T44/><D32/><U9/><E115/><V51/><F39/><W122/><G114/><T133/><D130/><U113/><E113/><V67/><F128/><W36/><G99/><T24/><D24/><U78/><E78/><V46/><F127/><W119/><G6/><T85/><D85/><U29/><E1/><V13/><F31/><W71/><G119/><T79/><D79/><U41/><E41/><V124/><F124/><W28/><G28/><T12/><D44/><U77/><E77/><V43/><F74/><W72/><G72/><T109/><D38/><U89/><E65/><V19/><F5/><W129/><G126/><T132/><D14/><U35/><E30/><V66/><F108/><W76/><G76/><T105/><D105/><U52/><E125/><V45/><F66/><W16/><G129/><T10/><D109/><U102/><E87/><V100/><F46/><W23/><G110/><T86/><D86/><U120/><E29/><V112/><F112/><W93/><G93/><T103/><D135/><U54/><E120/><V80/><F100/><W25/><REACH who="3" step="1"/><G64/><AGARI ba="3,1" hai="7,10,12,60,64,70,95,97,103,116,117,132,133,134" machi="64" ten="40,2600,0" yaku="20,1,52,1" doraHai="4" who="0" fromWho="3" sc="242,45,170,0,216,0,362,-35" /><INIT seed="4,0,0,2,2,55" ten="287,170,216,327" oya="0" hai0="46,42,93,96,23,88,65,120,19,77,7,124,2" hai1="38,18,74,125,79,97,107,118,130,59,62,41,48" hai2="45,14,114,86,11,75,129,100,131,102,57,82,60" hai3="73,123,109,104,134,34,99,115,29,6,112,36,71"/><T76/><D120/><U10/><E38/><V103/><F75/><W32/><RYUUKYOKU type="yao9" ba="0,0" sc="287,0,170,0,216,0,327,0" hai3="6,29,32,34,36,71,73,99,104,109,112,115,123,134" /><INIT seed="4,1,0,1,4,31" ten="287,170,216,327" oya="0" hai0="99,65,116,16,36,83,88,118,58,57,2,131,47" hai1="61,95,56,87,45,72,102,82,3,40,119,5,101" hai2="64,98,104,30,134,78,100,79,66,60,18,13,127" hai3="41,71,91,53,10,14,42,107,93,1,9,34,130"/><T25/><D2/><U124/><E124/><V126/><F134/><W38/><G107/><T15/><D131/><U113/><E119/><V11/><F30/><W32/><G71/><T67/><D36/><U68/><E68/><V84/><F64/><N who="0" m="24650" /><D118/><U108/><E108/><V73/><F73/><W135/><G1/><T90/><D25/><U120/><E120/><V7/><F7/><W17/><G135/><T117/><D117/><U121/><E121/><V37/><F37/><W8/><G130/><T55/><D116/><U110/><E72/><V24/><F24/><W133/><G133/><T128/><D128/><U35/><E5/><V59/><REACH who="2" step="1"/><F84/><REACH who="2" ten="287,170,206,327" step="2"/><W122/><G38/><T77/><D99/><U112/><E3/><V43/><F43/><W44/><G42/><T46/><D55/><U29/><E40/><V85/><F85/><W76/><G122/><T50/><D46/><U86/><E45/><V114/><F114/><W70/><G41/><T74/><D47/><U51/><E113/><V49/><F49/><W89/><G53/><T111/><D50/><U48/><E48/><V109/><F109/><W63/><G44/><T22/><D111/><U52/><E110/><V54/><F54/><W94/><G63/><T6/><D6/><U39/><E39/><V129/><F129/><W4/><G4/><T19/><D19/><U123/><E112/><V33/><F33/><W0/><G17/><T28/><D28/><U103/><E123/><V27/><F27/><W12/><G34/><T20/><D74/><U115/><E115/><V105/><F105/><W96/><G0/><RYUUKYOKU ba="1,1" sc="287,-10,170,-10,206,30,327,-10" hai2="11,13,18,59,60,66,78,79,98,100,104,126,127" /><INIT seed="5,2,1,3,1,45" ten="277,160,236,317" oya="1" hai0="126,129,11,105,59,70,83,21,120,51,124,89,92" hai1="13,99,73,117,56,102,74,23,72,112,78,116,38" hai2="100,90,98,104,9,65,93,121,8,128,109,27,135" hai3="37,26,28,41,86,131,66,15,40,132,46,3,34"/><U106/><E38/><V79/><F109/><W60/><G3/><T47/><D70/><U4/><E112/><V25/><F121/><W64/><G41/><T133/><D105/><U88/><E23/><V80/><F128/><W108/><G108/><T101/><D129/><U125/><E125/><V0/><F65/><W96/><G131/><T36/><D36/><U16/><E4/><V82/><F82/><W12/><G66/><T62/><D133/><U50/><E78/><V52/><F135/><W69/><G132/><T63/><D120/><U44/><E56/><V68/><F68/><W19/><G19/><T103/><D83/><U75/><N who="1" m="18432" /><DORA hai="18" /><U134/><E134/><V14/><F0/><W91/><G96/><N who="0" m="57359" /><D11/><U29/><E29/><V71/><F71/><W84/><G84/><T48/><D21/><U1/><E1/><V115/><F104/><W55/><G55/><N who="0" m="32255" /><D124/><U123/><E123/><V76/><F76/><W107/><G107/><T110/><D110/><U10/><REACH who="1" step="1"/><E88/><REACH who="1" ten="277,150,236,317" step="2"/><V5/><F90/><W77/><G77/><T54/><D126/><U6/><E6/><V113/><F79/><W119/><G119/><T67/><D67/><U24/><E24/><V31/><F25/><W61/><G91/><T33/><D33/><U85/><E85/><V20/><F5/><W111/><G86/><T114/><D114/><U49/><E49/><V122/><F122/><W118/><G111/><T2/><D2/><U94/><E94/><V22/><F113/><W32/><G32/><T17/><D17/><U97/><E97/><V39/><F115/><W57/><G118/><RYUUKYOKU ba="2,2" sc="277,10,150,10,236,-30,317,10" hai0="47,48,54,62,63,101,103" hai1="10,13,16,44,50,99,102,106,116,117" hai3="12,15,26,28,34,37,40,46,57,60,61,64,69" /><INIT seed="5,3,2,5,0,84" ten="287,160,206,327" oya="1" hai0="76,128,104,91,65,102,2,97,79,33,120,32,118" hai1="45,125,113,47,98,15,112,13,73,57,6,39,82" hai2="29,106,53,50,94,20,93,22,115,28,26,123,1" hai3="56,111,135,88,95,48,131,12,19,119,11,126,54"/><U134/><E134/><V64/><F123/><W67/><G135/><T34/><D118/><U38/><E125/><V121/><F121/><W8/><G126/><T75/><D120/><U78/><E57/><V87/><F106/><W83/><G119/><T85/><D2/><U68/><E68/><V60/><F1/><W40/><G111/><T133/><D133/><U129/><E129/><V116/><F116/><W27/><G131/><T107/><D128/><U43/><E98/><V109/><F109/><W51/><G67/><T130/><D130/><U63/><E63/><V30/><F115/><N who="1" m="44105" /><E6/><V24/><F29/><W105/><G83/><T35/><D104/><U37/><E45/><V122/><F87/><W101/><G27/><T132/><D132/><U25/><E25/><V89/><F89/><W5/><G101/><T59/><D75/><U58/><E58/><N who="2" m="36887" /><F122/><W124/><G105/><T17/><D97/><U18/><E15/><V36/><F36/><W4/><G11/><AGARI ba="3,2" hai="11,13,18,37,38,39,43,47,73,78,82" m="44105" machi="11" ten="30,1500,0" yaku="15,1" doraHai="84" who="1" fromWho="3" sc="287,0,160,44,206,0,327,-24" /><INIT seed="5,4,0,2,2,122" ten="287,204,206,303" oya="1" hai0="30,119,73,38,101,6,107,55,42,24,19,117,72" hai1="95,129,17,70,78,74,113,20,76,69,41,124,53" hai2="114,123,43,80,51,65,16,13,32,49,118,3,89" hai3="57,28,88,37,86,131,47,27,0,87,71,68,115"/><U83/><E129/><V59/><F123/><W7/><G87/><T54/><D19/><U40/><E124/><V121/><F121/><W8/><G131/><T25/><D6/><U93/><E113/><V9/><F32/><W130/><G115/><T34/><D55/><U56/><E78/><V10/><F114/><W62/><G130/><T127/><D54/><U22/><E22/><N who="2" m="11535" /><F3/><W102/><G102/><T120/><D24/><U46/><E70/><V106/><F106/><W66/><G47/><N who="0" m="24023" /><D127/><U79/><E79/><V96/><F118/><N who="0" m="45066" /><D120/><U14/><E69/><V61/><F80/><W63/><G63/><T77/><D77/><U33/><E33/><V81/><F81/><W91/><G37/><T35/><D35/><U98/><E95/><N who="2" m="56431" /><F43/><W85/><G85/><T90/><D90/><U39/><E41/><V11/><AGARI ba="4,0" hai="9,10,11,49,51,59,61,65" m="56431,11535" machi="11" ten="30,2000,0" yaku="8,1,54,1" doraHai="122" who="2" fromWho="2" sc="287,-9,204,-14,206,32,303,-9" /><INIT seed="6,0,0,1,4,5" ten="278,190,238,294" oya="2" hai0="135,94,25,41,61,56,118,4,51,68,11,13,49" hai1="113,102,43,112,52,57,10,59,128,29,50,106,35" hai2="91,87,74,115,122,67,66,18,33,103,21,99,17" hai3="92,23,38,34,101,114,65,58,55,40,129,62,104"/><V60/><F122/><W119/><G34/><T96/><D68/><U37/><E106/><V81/><F33/><W75/><G104/><T95/><D135/><U46/><E102/><V100/><F115/><W0/><G75/><T64/><D118/><U76/><E76/><V108/><F108/><W98/><G119/><T27/><D95/><U130/><E35/><V97/><F74/><W8/><G114/><N who="1" m="44138" /><E29/><V42/><F42/><W6/><G129/><N who="1" m="49770" /><E10/><V111/><F66/><W83/><G83/><T15/><D15/><U45/><AGARI ba="0,0" hai="37,43,45,46,50,52,57,59" m="49770,44138" machi="45" ten="40,8000,1" yaku="15,1,19,1,34,2,54,1" doraHai="5" who="1" fromWho="1" sc="278,-20,190,80,238,-40,294,-20" /><INIT seed="7,0,0,3,2,104" ten="258,270,198,274" oya="3" hai0="119,130,87,60,78,20,1,17,121,67,99,95,42" hai1="25,113,124,8,86,81,122,80,93,56,57,3,13" hai2="134,132,129,131,89,120,101,114,133,128,51,94,10" hai3="79,108,61,31,28,19,36,35,111,107,85,77,92"/><W63/><G36/><T24/><D1/><U15/><E3/><V102/><F10/><W127/><G107/><T37/><D119/><U40/><E113/><V45/><F114/><W39/><G39/><T33/><D33/><U135/><E124/><V91/><F120/><W38/><G38/><T18/><D121/><U59/><E135/><V109/><F109/><W50/><G127/><T2/><D2/><U75/><E75/><V83/><F45/><W65/><G63/><T68/><D130/><U21/><E40/><V55/><F55/><W44/><G19/><T46/><D87/><U30/><E122/><V106/><F51/><W0/><G0/><T115/><D78/><U26/><E26/><V74/><F106/><W110/><G92/><T54/><D54/><U123/><E123/><V23/><F23/><W64/><G64/><T118/><D115/><U41/><E41/><V62/><F62/><W14/><G14/><T88/><REACH who="0" step="1"/><D118/><REACH who="0" ten="248,270,198,274" step="2"/><U58/><N who="1" m="14336" /><DORA hai="72" /><U76/><E86/><N who="2" m="50399" /><F74/><W117/><G117/><T32/><D32/><U9/><E76/><N who="3" m="29258" /><G85/><AGARI ba="0,1" hai="85,91,94,101,102,128,129,131,132,133,134" m="50399" machi="85" ten="40,8000,1" yaku="19,1,20,1,34,2" doraHai="104,72" who="2" fromWho="3" sc="248,0,270,0,198,90,274,-80" /><INIT seed="8,0,0,0,2,100" ten="248,270,288,194" oya="0" hai0="11,9,31,77,35,13,79,94,62,110,15,124,103" hai1="95,59,8,114,96,5,125,61,20,0,26,97,12" hai2="66,41,44,74,14,89,88,93,73,85,112,51,70" hai3="115,63,130,98,16,107,113,47,87,2,111,132,104"/><T27/><D124/><U19/><E114/><N who="3" m="43530" /><G2/><T75/><D110/><U126/><E0/><V10/><F112/><W72/><G47/><T90/><D103/><U76/><E76/><V101/><F101/><N who="3" m="62519" /><G63/><T119/><D75/><U120/><E120/><V109/><F109/><W34/><G16/><T30/><D30/><U42/><E42/><V86/><F66/><W118/><G34/><T102/><D102/><N who="1" m="60703" /><E97/><V3/><F3/><W67/><G67/><T68/><D68/><U106/><E106/><V53/><F41/><W33/><G33/><T121/><D62/><U24/><E126/><V21/><F21/><W48/><G48/><T22/><D121/><U18/><E125/><V108/><F108/><W37/><G37/><T46/><D46/><U58/><E61/><V71/><F71/><W49/><G49/><T40/><D40/><U45/><E45/><V80/><F70/><W38/><G38/><T81/><D35/><U65/><E65/><V50/><F50/><W134/><G111/><T29/><D29/><U25/><E5/><AGARI ba="0,0" hai="5,10,14,44,51,53,73,74,80,85,86,88,89,93" machi="5" ten="30,2000,0" yaku="7,1,54,1" doraHai="100" who="2" fromWho="1" sc="248,0,270,-20,288,20,194,0" owari="248,-15.0,250,5.0,308,41.0,194,-31.0" /></mjloggm>