<mjloggm ver="2.3"><GO type="225" lobby="0"/><UN n0="%72%69%6F%75%63%68%61%6E" n1="%E6%96%B0%E4%B8%96%E7%95%8C%E3%81%AE%E7%B4%99" n2="%E3%82%A6%E3%83%AB%E3%83%88%E3%83%A9%E7%AB%8B%E7%9B%B4" n3="%28%2A%C2%B4%33%EF%BD%80%2A%29" dan="16,17,17,16" rate="2066.15,2179.38,2117.04,2088.65" sx="M,F,M,F"/><TAIKYOKU oya="0"/><INIT seed="0,0,0,1,2,127" ten="250,250,250,250" oya="0" hai0="133,83,46,38,52,23,25,11,76,109,28,14,119" hai1="108,43,22,122,93,62,118,10,105,36,3,90,121" hai2="50,116,112,49,53,35,97,88,71,69,74,73,51" hai3="86,15,78,33,64,129,66,32,114,99,70,120,101"/><T18/><D119/><U16/><E118/><V24/><F116/><W9/><G114/><T104/><D104/><U27/><E105/><V82/><F112/><W125/><G120/><T20/><D133/><U44/><E108/><V106/><F53/><W48/><G125/><T34/><D109/><U13/><E3/><V77/><F74/><W5/><G66/><T4/><D52/><U40/><E40/><V19/><F19/><W21/><G21/><T87/><REACH who="0" step="1"/><D4/><REACH who="0" ten="240,250,250,250" step="2"/><U31/><REACH who="1" step="1"/><E62/><REACH who="1" ten="240,240,250,250" step="2"/><V111/><F106/><W115/><G115/><T58/><D58/><U85/><AGARI ba="0,2" hai="10,13,16,22,27,31,36,43,44,85,90,93,121,122" machi="85" ten="20,12000,2" yaku="1,1,2,1,0,1,7,1,54,1,53,1" doraHai="127" doraHaiUra="81" who="1" fromWho="1" sc="240,-60,240,140,250,-30,250,-30" /><INIT seed="1,0,0,5,5,114" ten="180,380,220,220" oya="1" hai0="76,133,31,14,22,78,115,47,120,46,130,45,69" hai1="24,37,94,90,113,6,25,65,64,57,50,116,68" hai2="40,117,12,55,98,80,112,2,74,101,62,111,27" hai3="71,110,15,21,10,79,107,123,73,100,77,84,81"/><U59/><E37/><V128/><F2/><W56/><G71/><T63/><D115/><U17/><E113/><V129/><F112/><W88/><G123/><T95/><D120/><U104/><E104/><V134/><F40/><W87/><G110/><T66/><D133/><U11/><E116/><V52/><F111/><W92/><G21/><T61/><D130/><N who="2" m="50282" /><F134/><W34/><G34/><T119/><D119/><U72/><E72/><V118/><F12/><W102/><G56/><T38/><D38/><U132/><E132/><V3/><F3/><W91/><G107/><T121/><D121/><U32/><E68/><V51/><F27/><W83/><REACH who="3" step="1"/><G77/><REACH who="3" ten="180,380,220,210" step="2"/><T85/><D78/><U28/><E57/><N who="2" m="35111" /><F80/><W5/><AGARI ba="0,1" hai="5,10,15,73,79,81,83,84,87,88,91,92,100,102" machi="5" ten="20,12000,2" yaku="1,1,0,1,7,1,54,1,53,2" doraHai="114" doraHaiUra="86" who="3" fromWho="3" sc="180,-30,380,-60,220,-30,210,130" /><INIT seed="2,0,0,5,0,60" ten="150,320,190,340" oya="2" hai0="46,48,47,30,110,36,70,9,71,39,66,79,1" hai1="57,81,75,5,56,91,50,113,109,117,23,15,0" hai2="129,27,85,83,122,42,133,74,101,41,115,28,55" hai3="45,126,114,116,10,33,95,20,59,111,124,29,54"/><V53/><F74/><W90/><G116/><T63/><D30/><U73/><E113/><V125/><F122/><W40/><G114/><T123/><D79/><U34/><E117/><V80/><F115/><W94/><G111/><T127/><D1/><U25/><E109/><V131/><F101/><W134/><G33/><T87/><D110/><U93/><E0/><V105/><F105/><W100/><G134/><T119/><D119/><U16/><E81/><N who="2" m="31307" /><F85/><W77/><G77/><T43/><D9/><N who="1" m="4527" /><E34/><V72/><F72/><W97/><G10/><T7/><D7/><U38/><E38/><N who="0" m="14377" /><D87/><N who="1" m="52479" /><E75/><V96/><F96/><W108/><G108/><T51/><D123/><U17/><E73/><V11/><F11/><W49/><G29/><T68/><D127/><U99/><E99/><V37/><F133/><W132/><G132/><T102/><D102/><U64/><E64/><V107/><F107/><W26/><G95/><T88/><D88/><U98/><E98/><V86/><F86/><W67/><G100/><T6/><D6/><U112/><E112/><V24/><F125/><W19/><G124/><T89/><D89/><U32/><E32/><V3/><F3/><W31/><G126/><T61/><D61/><U22/><E50/><V4/><F37/><W44/><G31/><T121/><D121/><U65/><E65/><V62/><F62/><N who="3" m="36215" /><G67/><T12/><D12/><AGARI ba="0,0" hai="12,16,17,22,23,25,56,57" m="52479,4527" machi="12" ten="30,2000,0" yaku="8,1,54,1" doraHai="60" who="1" fromWho="0" sc="150,-20,320,20,190,0,340,0" /><INIT seed="3,0,0,4,3,71" ten="130,340,190,340" oya="3" hai0="111,88,107,46,123,23,79,104,122,106,131,38,66" hai1="86,116,20,52,76,78,92,129,82,47,74,95,7" hai2="12,83,26,15,110,18,130,93,103,84,49,124,70" hai3="41,27,102,67,39,69,85,109,45,4,25,37,40"/><W118/><G118/><T35/><D35/><U60/><E116/><V105/><F105/><W134/><G4/><T100/><D66/><U9/><E129/><V32/><F93/><N who="1" m="35913" /><E74/><V73/><F26/><W114/><G114/><T29/><D131/><U3/><E3/><V13/><F15/><W77/><G102/><T5/><D5/><U50/><E7/><V97/><F49/><W125/><G134/><T112/><D112/><U121/><E9/><V135/><F84/><W53/><G53/><T80/><D111/><U48/><E121/><V17/><F83/><N who="3" m="47343" /><G109/><T65/><D65/><U11/><E11/><V0/><F97/><W57/><G69/><T113/><D113/><U62/><E76/><V6/><F6/><W21/><G125/><T2/><D2/><U81/><E81/><V127/><F0/><W22/><G57/><T101/><D29/><U10/><E10/><V54/><F32/><W96/><G96/><T58/><D23/><N who="3" m="8713" /><G67/><T117/><D58/><N who="1" m="33047" /><E20/><V90/><F70/><W132/><G132/><T94/><D117/><U24/><E24/><V133/><F110/><W72/><G72/><N who="0" m="43111" /><D38/><U30/><E30/><V115/><F127/><W8/><G8/><T98/><D46/><U126/><E126/><V63/><F124/><W51/><G39/><T61/><D61/><U108/><E108/><V55/><F90/><W89/><G89/><T44/><D44/><U119/><E119/><V31/><F31/><W87/><G87/><N who="0" m="52511" /><D100/><U42/><AGARI ba="0,0" hai="42,47,48,60,62,78,82,86" m="33047,35913" machi="42" ten="30,2000,0" yaku="8,1,54,1" doraHai="71" who="1" fromWho="1" sc="130,-5,340,20,190,-5,340,-10" owari="125,-37.0,360,45.0,185,-21.0,330,13.0" /></mjloggm>