<mjloggm ver="2.3"><GO type="169" lobby="0"/><UN n0="%E3%81%86%E3%81%83%E3%83%BC%E3%81%A1%E3%82%83%E3%82%93" n1="%79%6A%2D%63%68%65%6B%69" n2="%E3%83%89%E3%83%A9%E3%83%AD%E3%83%B3%E3%83%80%E3%82%A4%E3%83%B4" n3="%E3%82%A6%E3%83%AB%E3%83%88%E3%83%A9%E7%AB%8B%E7%9B%B4" dan="16,16,17,18" rate="2129.52,2108.52,2116.02,2253.29" sx="M,M,M,M"/><TAIKYOKU oya="0"/><INIT seed="0,0,0,0,0,111" ten="250,250,250,250" oya="0" hai0="73,2,105,100,128,101,49,41,133,63,22,64,91" hai1="74,87,68,97,42,17,116,94,45,18,70,108,27" hai2="48,107,127,20,54,19,122,76,102,53,1,124,52" hai3="32,86,6,106,75,135,56,13,58,43,66,36,132"/><T125/><D73/><U16/><E108/><V26/><F1/><W59/><G75/><T103/><D2/><U40/><E74/><V57/><F76/><W109/><G32/><T39/><D39/><U0/><E0/><V78/><F78/><W92/><G106/><T80/><D125/><N who="2" m="48202" /><F122/><W113/><G109/><T28/><D105/><U72/><E72/><V90/><F90/><W81/><G92/><T44/><D128/><U79/><E116/><V25/><F25/><W50/><G36/><T85/><D133/><U37/><E27/><V112/><F112/><W21/><G113/><T51/><D51/><U38/><E37/><V93/><F107/><W96/><G96/><AGARI ba="0,0" hai="19,20,26,48,52,53,54,57,93,96,102" m="48202" machi="96" ten="30,2000,0" yaku="18,1,54,1" doraHai="111" who="2" fromWho="3" sc="250,0,250,0,250,20,250,-20" /><INIT seed="1,0,0,4,1,95" ten="250,250,270,230" oya="1" hai0="35,74,0,57,77,12,43,113,94,66,5,78,82" hai1="18,123,81,27,134,107,124,7,14,84,97,29,45" hai2="128,99,101,51,83,28,68,58,52,64,50,89,121" hai3="8,59,111,22,65,131,40,32,88,102,2,44,62"/><U69/><E124/><V25/><F128/><W96/><G32/><T42/><D35/><U114/><E134/><V135/><F135/><W37/><G111/><T90/><D113/><U9/><E114/><V133/><F133/><W46/><G131/><T104/><D104/><U87/><E69/><V56/><F121/><W33/><G33/><T116/><D78/><U70/><E70/><V30/><F68/><W23/><G46/><T92/><D92/><U15/><E123/><V39/><F39/><W61/><G61/><T10/><D0/><U122/><E122/><V71/><F71/><W105/><REACH who="3" step="1"/><G88/><REACH who="3" ten="250,250,270,220" step="2"/><T4/><D116/><U115/><E45/><V75/><F89/><W98/><G98/><T108/><D108/><U112/><E115/><V13/><F99/><W21/><G21/><T31/><D90/><U1/><E112/><V117/><F117/><W100/><G100/><T34/><D34/><U49/><E97/><V55/><F101/><W86/><G86/><T26/><D74/><U3/><E87/><V80/><F75/><W11/><G11/><T16/><D10/><U48/><E84/><V6/><F80/><W73/><G73/><T72/><D82/><U106/><E81/><V93/><F83/><W67/><G67/><T109/><D66/><U54/><E3/><V53/><F64/><W103/><G103/><T125/><D72/><U110/><E1/><V17/><F93/><W38/><G38/><T120/><D109/><U130/><E110/><V85/><F85/><W76/><G76/><T60/><D77/><U127/><E130/><V41/><F50/><RYUUKYOKU ba="0,1" sc="250,-10,250,-10,270,-10,220,30" hai3="2,8,22,23,37,40,44,59,62,65,96,102,105" /><INIT seed="2,1,1,3,1,17" ten="240,240,260,250" oya="2" hai0="133,14,134,127,89,20,85,105,129,120,76,8,60" hai1="57,47,41,46,27,4,84,132,106,58,73,10,72" hai2="71,64,98,45,97,91,24,128,90,83,40,51,18" hai3="53,115,107,101,35,31,68,124,69,122,114,37,39"/><V48/><F128/><W110/><G122/><T103/><D120/><U87/><E132/><V65/><F51/><W52/><G101/><T9/><D129/><U56/><E106/><V2/><F2/><W50/><G107/><T30/><D76/><U61/><E61/><V111/><F71/><N who="3" m="27211" /><G31/><T16/><D30/><U102/><E102/><V33/><F111/><W66/><G35/><T54/><D127/><U104/><E104/><V94/><F33/><W118/><G118/><T75/><D75/><U126/><E126/><V82/><F82/><W19/><G19/><T62/><D103/><U116/><E116/><V13/><F24/><W29/><G29/><T55/><D105/><U21/><E47/><V112/><F112/><N who="3" m="43051" /><G124/><T88/><D85/><U80/><E72/><V43/><F43/><W67/><G110/><T36/><D16/><N who="1" m="12711" /><E73/><V92/><REACH who="2" step="1"/><F83/><REACH who="2" ten="240,240,250,250" step="2"/><W34/><G34/><T86/><D133/><U25/><E80/><V0/><F0/><W59/><G53/><T6/><D55/><U28/><E25/><V78/><F78/><W93/><G93/><T99/><D54/><U109/><E28/><V119/><F119/><W121/><G121/><T131/><D134/><U5/><E109/><V95/><F95/><W12/><G12/><T15/><D131/><U1/><E1/><V7/><F7/><W79/><G79/><T125/><D6/><U74/><E4/><V100/><F100/><W38/><AGARI ba="1,2" hai="37,38,39,50,52,59,66,67" m="43051,27211" machi="38" ten="40,8000,1" yaku="11,1,34,2,54,1" doraHai="17" who="3" fromWho="3" sc="240,-21,240,-21,250,-41,250,103" /><INIT seed="3,0,0,5,5,92" ten="219,219,209,353" oya="3" hai0="85,125,104,41,25,6,50,77,101,30,120,97,58" hai1="18,1,13,90,132,71,114,115,106,21,109,34,37" hai2="7,63,49,45,108,33,17,119,67,127,61,102,64" hai3="32,74,10,44,98,56,89,65,122,79,128,91,124"/><W86/><G122/><T131/><D125/><U19/><E90/><V82/><F33/><W134/><G32/><T43/><D120/><U112/><E37/><V35/><F35/><W40/><G128/><T12/><D131/><U135/><E71/><V107/><F119/><W96/><G134/><N who="1" m="51242" /><E106/><V59/><F108/><W48/><G124/><T11/><D77/><U83/><E83/><V24/><F7/><W8/><G79/><T66/><D85/><U28/><E109/><V76/><F127/><W14/><G74/><T94/><D104/><U55/><E55/><V46/><F107/><W68/><G68/><T27/><D27/><N who="1" m="18719" /><E1/><V93/><F49/><W133/><G133/><T57/><D50/><U81/><E81/><V5/><F102/><W62/><G91/><T20/><REACH who="0" step="1"/><D58/><REACH who="0" ten="209,219,209,353" step="2"/><U99/><E99/><N who="3" m="37930" /><G14/><T26/><D26/><N who="1" m="14647" /><E115/><V2/><F2/><W9/><G89/><T111/><D111/><U80/><E80/><V15/><F76/><W121/><G121/><T126/><D126/><U69/><E69/><V70/><F70/><W36/><G36/><T88/><D88/><U75/><E75/><V16/><F82/><W110/><G110/><T23/><D23/><AGARI ba="0,1" hai="13,19,23,112,114" m="14647,18719,51242" machi="23" ten="30,3900,0" yaku="20,1,34,2" doraHai="92" who="1" fromWho="0" sc="209,-39,219,49,209,0,353,0" /><INIT seed="4,0,0,2,4,36" ten="170,268,209,353" oya="0" hai0="89,77,65,4,81,59,118,38,100,103,82,56,5" hai1="73,60,43,33,80,109,1,15,31,111,134,127,16" hai2="41,87,119,27,9,47,3,23,32,44,93,54,12" hai3="79,22,0,120,24,125,75,86,114,6,95,57,26"/><T50/><D38/><U84/><E127/><V61/><F119/><W94/><G75/><T76/><D118/><U52/><E134/><V46/><F3/><W17/><G114/><T14/><D14/><U18/><E73/><V116/><F32/><W90/><G79/><T105/><D105/><U106/><E1/><V62/><F116/><W101/><G125/><T40/><D89/><U126/><E106/><V117/><F117/><W85/><G120/><T51/><REACH who="0" step="1"/><D65/><REACH who="0" ten="160,268,209,353" step="2"/><U121/><E15/><V13/><F13/><W133/><G0/><T21/><D21/><U72/><E126/><V10/><F12/><W110/><G90/><T55/><D55/><U64/><E64/><V78/><F23/><W67/><G22/><T58/><D58/><U39/><E121/><V122/><F122/><W37/><G57/><T88/><D88/><U135/><E52/><V29/><F54/><W107/><G37/><T45/><D45/><U63/><E39/><V70/><F46/><W83/><G107/><T115/><D115/><U11/><E33/><V96/><F44/><W112/><G112/><T99/><D99/><U48/><E109/><V25/><F96/><W130/><G67/><T71/><D71/><U66/><E111/><V19/><F70/><W69/><G69/><T132/><D132/><U98/><E66/><V28/><F47/><W8/><G110/><T35/><D35/><U113/><E98/><V102/><F10/><W30/><G8/><T131/><D131/><U7/><E135/><V124/><F9/><W34/><G130/><T68/><D68/><U42/><E113/><RYUUKYOKU ba="0,1" sc="160,30,268,-10,209,-10,353,-10" hai0="4,5,40,50,51,56,59,76,77,81,82,100,103" /><INIT seed="4,1,1,5,5,25" ten="190,258,199,343" oya="0" hai0="126,116,96,2,111,43,36,77,33,95,4,75,97" hai1="127,88,50,130,115,39,134,114,131,3,123,61,13" hai2="19,5,99,93,78,87,107,83,46,121,98,24,11" hai3="102,9,48,68,47,101,112,21,53,0,58,41,14"/><T103/><D33/><U26/><E127/><V12/><F121/><W44/><G112/><N who="1" m="43050" /><E39/><V42/><F107/><W6/><G68/><T71/><D71/><U89/><E3/><V81/><F81/><W8/><G21/><T1/><D126/><U135/><E13/><V66/><F66/><W120/><G120/><T122/><D122/><U54/><E26/><V94/><F94/><W20/><G20/><T64/><D111/><U129/><E61/><V125/><F125/><W7/><REACH who="3" step="1"/><G47/><REACH who="3" ten="190,258,199,333" step="2"/><T67/><D116/><U17/><E123/><V27/><F5/><W80/><G80/><T118/><D4/><U86/><E17/><V133/><F133/><N who="1" m="50697" /><E86/><V85/><F87/><W22/><G22/><T59/><D118/><U10/><E10/><V40/><F99/><W76/><G76/><T37/><D77/><U110/><E110/><V132/><F132/><W28/><G28/><T106/><D97/><U29/><E29/><V73/><F73/><W72/><G72/><T82/><D75/><U31/><E31/><V35/><F35/><W105/><G105/><T30/><D106/><U16/><E16/><V52/><F98/><W104/><G104/><T119/><D30/><U32/><E32/><V45/><F19/><W60/><AGARI ba="1,2" hai="0,6,7,8,9,14,41,44,48,53,58,60,101,102" machi="60" ten="20,2700,0" yaku="1,1,0,1,7,1,53,0" doraHai="25" doraHaiUra="109" who="3" fromWho="3" sc="190,-14,258,-8,199,-8,333,50" /><INIT seed="5,0,0,5,5,128" ten="176,250,191,383" oya="1" hai0="56,122,34,15,87,135,100,7,44,21,26,62,102" hai1="105,32,68,45,86,111,72,104,66,118,29,4,58" hai2="88,48,99,117,106,113,76,6,84,114,116,80,97" hai3="19,0,9,64,63,74,75,12,10,50,101,46,30"/><U47/><E118/><N who="2" m="45675" /><F48/><W103/><G30/><T22/><D34/><U91/><E72/><N who="2" m="43015" /><F6/><W13/><G0/><T96/><D122/><U115/><E58/><V90/><F90/><W108/><G108/><T67/><D135/><U55/><E4/><V28/><F28/><W77/><G77/><T126/><D126/><U23/><E32/><V17/><F17/><W1/><G1/><T130/><D130/><U51/><E111/><V123/><F123/><W2/><G2/><T110/><D110/><U35/><E35/><V14/><F14/><W53/><G75/><T93/><D100/><U43/><E66/><V98/><F106/><W37/><G37/><T94/><D44/><U69/><E104/><V57/><F57/><N who="3" m="36975" /><G74/><T82/><D94/><AGARI ba="0,0" hai="84,88,94,97,98,99,113,114" m="43015,45675" machi="94" ten="40,5200,0" yaku="34,2,54,1" doraHai="128" who="2" fromWho="0" sc="176,-52,250,0,191,52,383,0" /><INIT seed="6,0,0,5,1,33" ten="124,250,243,383" oya="2" hai0="30,76,56,134,20,74,133,41,72,14,25,130,84" hai1="40,61,10,93,15,109,8,131,102,55,34,1,113" hai2="24,49,96,114,21,26,95,129,82,59,121,104,36" hai3="81,9,53,58,77,66,29,38,52,28,57,88,23"/><V115/><F36/><W11/><G38/><T89/><D41/><U17/><E113/><V111/><F104/><W106/><G106/><T12/><D56/><U120/><E131/><V122/><F129/><W126/><G77/><T110/><D130/><U2/><E34/><V108/><F82/><W64/><G23/><T18/><D110/><N who="2" m="42026" /><F49/><N who="3" m="30863" /><G126/><T94/><D14/><U42/><E109/><V45/><F59/><W117/><G117/><T78/><D78/><U65/><E55/><V37/><F45/><W135/><G135/><T100/><D100/><U32/><E42/><V118/><F37/><W87/><G9/><T124/><D124/><U70/><E40/><V123/><F118/><W103/><G103/><T48/><D76/><U3/><E120/><V73/><F73/><W50/><G11/><T97/><D48/><U119/><E119/><V98/><F26/><W22/><G22/><T91/><D134/><U67/><E65/><AGARI ba="0,0" hai="28,29,50,53,58,64,65,66,81,87,88" m="30863" machi="65" ten="30,3900,0" yaku="8,1,54,2" doraHai="33" who="3" fromWho="1" sc="124,0,250,-39,243,0,383,39" /><INIT seed="7,0,0,0,3,55" ten="124,211,243,422" oya="3" hai0="38,1,13,22,63,83,129,131,125,51,16,27,110" hai1="109,103,135,25,12,47,58,11,65,82,90,130,7" hai2="102,17,6,14,128,69,4,112,121,23,96,39,31" hai3="84,19,118,3,104,95,89,50,53,36,34,117,72"/><W0/><G34/><T35/><D38/><U71/><E71/><V97/><F39/><W49/><G104/><T20/><D51/><U114/><E114/><V122/><F69/><W85/><G72/><T105/><D105/><U124/><E124/><V79/><F112/><W93/><G53/><T101/><D101/><U81/><E135/><V87/><F128/><W80/><G19/><N who="0" m="10351" /><D83/><U127/><E130/><N who="0" m="49673" /><D63/><N who="1" m="38135" /><E127/><V60/><F31/><W42/><G89/><T73/><D73/><U37/><E37/><V62/><F87/><W41/><G36/><T57/><D57/><U30/><E109/><V68/><F79/><W133/><G80/><T24/><D125/><U132/><E47/><V52/><F52/><W46/><G46/><T15/><D1/><U77/><E90/><V119/><F97/><W9/><G133/><T45/><D45/><U40/><E132/><V107/><F68/><W66/><G66/><T86/><D86/><U98/><E40/><V2/><F2/><W76/><G76/><T28/><D110/><U10/><E77/><V78/><F78/><W88/><G88/><T43/><D43/><U18/><E98/><V94/><F107/><W108/><G108/><T48/><D48/><U126/><E103/><V5/><F62/><W115/><G115/><T100/><D100/><U106/><E106/><V116/><F60/><W64/><G64/><T123/><D123/><AGARI ba="0,0" hai="4,5,6,14,17,23,94,96,102,116,119,121,122,123" machi="123" ten="40,1300,0" yaku="13,1" doraHai="55" who="2" fromWho="0" sc="124,-13,211,0,243,13,422,0" owari="111,-39.0,211,-19.0,256,6.0,422,52.0" /></mjloggm>