<mjloggm ver="2.3"><GO type="169" lobby="0"/><UN n0="%E3%82%A6%E3%83%AB%E3%83%88%E3%83%A9%E7%AB%8B%E7%9B%B4" n1="%43%55%52%52%59%4D%41%4E" n2="%52%6F%72%6F%72%69%6E%61" n3="%64%6F%6F%6F%6F%77%79" dan="18,16,16,16" rate="2231.51,2093.74,2157.11,2145.41" sx="M,M,F,M"/><TAIKYOKU oya="0"/><INIT seed="0,0,0,2,5,35" ten="250,250,250,250" oya="0" hai0="98,84,135,41,86,125,26,95,128,88,72,96,21" hai1="28,116,77,131,59,0,46,130,85,64,106,13,17" hai2="71,112,60,103,34,61,105,82,99,51,48,37,15" hai3="104,122,108,12,19,93,29,55,16,117,91,133,50"/><T18/><D128/><N who="1" m="49195" /><E28/><V65/><F37/><W23/><G104/><T97/><D125/><U69/><E106/><V75/><F112/><W70/><G70/><T115/><D135/><U111/><E111/><V9/><F61/><W58/><G108/><T1/><D72/><U109/><E109/><V6/><F34/><W74/><G74/><T83/><D115/><U62/><E46/><V123/><F123/><W87/><G133/><T67/><D41/><U56/><E0/><V4/><F6/><W127/><G127/><T43/><D43/><U57/><E116/><V79/><AGARI ba="0,0" hai="4,9,15,48,51,60,65,71,75,79,82,99,103,105" machi="79" ten="30,1100,0" yaku="0,1" doraHai="35" who="2" fromWho="2" sc="250,-5,250,-3,250,11,250,-3" /><INIT seed="1,0,0,1,1,46" ten="245,247,261,247" oya="1" hai0="86,64,0,56,81,44,57,71,109,31,10,25,130" hai1="8,39,47,74,102,91,112,32,19,67,108,62,88" hai2="58,69,7,54,17,89,51,131,13,49,5,34,110" hai3="29,61,119,48,35,105,129,124,15,97,16,123,22"/><U60/><E32/><V118/><F69/><W43/><G123/><T122/><D71/><U76/><E112/><V77/><F34/><W113/><G113/><T45/><D109/><U41/><E102/><V14/><F118/><W127/><G119/><T134/><D130/><U59/><E62/><V128/><F77/><W111/><G111/><T72/><D72/><U83/><E108/><V40/><F110/><W50/><G129/><N who="2" m="49737" /><F89/><W126/><G43/><T117/><D117/><U78/><E76/><V55/><F40/><W98/><G61/><T26/><D86/><U73/><E73/><V23/><F14/><W120/><G120/><T70/><D81/><U87/><E74/><V90/><F90/><W3/><G3/><T37/><D0/><U92/><E92/><V38/><F38/><W1/><G1/><T28/><D37/><U6/><E6/><V95/><F95/><W52/><G105/><T33/><D33/><U125/><E125/><V11/><F23/><W27/><G50/><T42/><D70/><U53/><E67/><V101/><F101/><W94/><G94/><T121/><D64/><U107/><E107/><V63/><F63/><W114/><G114/><T115/><D115/><U132/><E39/><V2/><F2/><W4/><G4/><T103/><D103/><U21/><E41/><V68/><F68/><W36/><G36/><T80/><D42/><U20/><E20/><V79/><F79/><W18/><G18/><T106/><D106/><U96/><E21/><V116/><F116/><W24/><G15/><T93/><D121/><U99/><E19/><RYUUKYOKU ba="0,0" sc="245,-15,247,-15,261,15,247,15" hai2="5,7,11,13,17,49,51,54,55,58" hai3="16,22,24,27,29,35,48,52,97,98,124,126,127" /><INIT seed="2,1,0,4,2,38" ten="230,232,276,262" oya="2" hai0="51,131,66,52,118,86,100,114,117,15,29,89,127" hai1="2,27,17,91,128,23,106,93,97,69,22,61,102" hai2="37,101,107,113,88,24,4,16,94,76,129,45,35" hai3="3,111,57,116,73,53,115,31,7,58,121,32,77"/><V72/><F113/><W63/><G115/><T8/><D131/><U65/><E128/><V47/><F4/><W44/><G116/><T19/><D114/><U55/><E2/><V40/><F129/><W33/><G121/><T28/><D66/><U41/><E23/><V6/><F6/><W0/><G111/><T49/><D100/><U82/><E82/><V36/><F107/><W79/><G44/><N who="0" m="27687" /><D127/><U135/><E135/><V108/><F101/><W10/><G0/><T87/><D87/><U14/><E55/><V130/><F130/><W62/><G73/><T60/><D60/><U56/><E69/><V26/><F108/><W98/><G98/><T90/><D90/><U112/><E112/><V75/><F76/><W5/><G5/><T74/><D74/><U59/><E59/><V80/><F80/><W13/><G3/><T11/><D11/><U67/><E67/><V124/><F124/><W48/><G48/><T39/><D39/><U20/><E102/><V134/><F35/><W96/><G96/><T126/><D126/><U122/><E106/><V30/><F134/><W119/><G119/><N who="0" m="45579" /><D51/><U18/><REACH who="1" step="1"/><E41/><REACH who="1" ten="230,222,276,262" step="2"/><N who="2" m="22695" /><F72/><W110/><G110/><T71/><D71/><U34/><E34/><V81/><F81/><AGARI ba="1,1" hai="8,15,19,28,29,81,86,89" m="45579,27687" machi="81" ten="30,3900,0" yaku="25,1,12,1,54,1" doraHai="38" who="0" fromWho="2" sc="230,52,222,0,276,-42,262,0" /><INIT seed="3,0,0,4,1,111" ten="282,222,234,262" oya="3" hai0="62,60,23,82,53,108,126,36,75,121,10,69,89" hai1="19,37,8,33,102,28,101,25,66,94,5,118,112" hai2="72,26,73,63,51,0,135,100,2,21,11,97,1" hai3="132,9,98,79,124,41,35,80,61,104,38,76,91"/><W4/><G35/><T74/><D36/><U40/><E66/><V128/><F128/><W71/><G132/><T55/><D121/><U77/><E77/><V120/><F135/><W68/><G124/><T78/><D108/><U65/><E65/><V42/><F120/><W12/><G61/><T22/><D69/><U54/><E54/><V7/><F63/><W99/><G79/><T103/><D103/><U127/><E127/><V92/><F42/><W70/><G91/><T6/><D89/><U93/><E19/><V90/><F51/><W56/><G56/><T113/><D126/><U123/><E123/><V64/><F64/><W47/><REACH who="3" step="1"/><G104/><REACH who="3" ten="282,222,234,252" step="2"/><T44/><D62/><U81/><E33/><V130/><F90/><W106/><G106/><T110/><D60/><U85/><E118/><V52/><F130/><W24/><G24/><T18/><D78/><U57/><E25/><V17/><F72/><AGARI ba="0,1" hai="4,9,12,38,41,47,68,70,71,72,76,80,98,99" machi="72" ten="40,2000,0" yaku="1,1,53,0" doraHai="111" doraHaiUra="16" who="3" fromWho="2" sc="282,0,222,0,234,-20,252,30" /><INIT seed="3,1,0,4,2,116" ten="282,222,214,282" oya="3" hai0="103,58,74,41,21,120,97,84,71,85,104,47,125" hai1="90,3,94,45,127,77,16,72,2,44,24,121,37" hai2="123,22,92,46,73,12,55,6,126,75,80,23,1" hai3="109,34,113,11,57,66,7,70,78,98,9,51,42"/><W68/><G113/><T112/><D71/><U128/><E127/><V102/><F1/><W133/><G34/><T106/><D74/><U59/><E128/><V5/><F126/><W131/><G131/><T89/><D125/><U43/><E45/><V95/><F46/><W107/><G133/><T114/><D58/><U83/><E59/><V10/><F55/><W76/><G109/><T115/><D106/><U82/><E82/><V69/><F69/><W100/><G42/><T81/><D21/><U48/><E37/><V87/><F5/><W40/><G40/><T35/><D35/><U61/><E61/><V63/><F63/><W111/><G111/><T14/><D14/><U39/><E39/><V30/><F73/><W36/><G36/><N who="0" m="21927" /><D85/><U65/><E65/><V13/><F75/><W118/><G118/><T17/><D17/><U132/><E132/><V50/><F50/><W86/><G68/><T88/><D89/><U91/><E91/><V101/><F30/><W119/><G119/><T99/><D99/><U54/><E43/><V29/><F29/><W129/><G129/><T134/><D134/><U15/><E24/><V0/><F13/><N who="3" m="5311" /><G70/><T62/><D62/><U8/><REACH who="1" step="1"/><E121/><AGARI ba="1,0" hai="81,84,88,97,103,104,112,114,115,120,121" m="21927" machi="121" ten="30,7700,0" yaku="11,1,52,2,54,1" doraHai="116" who="0" fromWho="1" sc="282,80,222,-80,214,0,282,0" /><INIT seed="4,0,0,3,5,94" ten="362,142,214,282" oya="0" hai0="86,19,51,0,71,100,59,56,6,105,106,78,126" hai1="22,14,61,123,99,3,43,25,130,28,115,97,35" hai2="72,17,122,63,66,92,103,124,30,36,20,69,127" hai3="9,47,34,82,113,85,88,91,73,42,112,5,10"/><T121/><D121/><U89/><E123/><V41/><F72/><W27/><G73/><T107/><D71/><U1/><E130/><V111/><F30/><N who="3" m="19807" /><G91/><T110/><D6/><U77/><E77/><V117/><F111/><W64/><G64/><T2/><D100/><U62/><E43/><V11/><F11/><W74/><G74/><T21/><D126/><U16/><E115/><N who="3" m="44106" /><G5/><T53/><D110/><U101/><E3/><V96/><F122/><W104/><G104/><T4/><D4/><U79/><E79/><V18/><F41/><W44/><G44/><T134/><D59/><U57/><E1/><V23/><F36/><AGARI ba="0,0" hai="9,10,36,42,47,82,85,88" m="44106,19807" machi="36" ten="30,2000,0" yaku="15,1,54,1" doraHai="94" who="3" fromWho="2" sc="362,0,142,0,214,-20,282,20" /><INIT seed="5,0,0,0,2,22" ten="362,142,194,302" oya="1" hai0="120,50,132,123,55,5,77,126,71,78,70,101,0" hai1="93,92,56,110,53,104,39,134,83,62,81,122,69" hai2="6,72,33,75,66,103,44,73,111,34,98,127,11" hai3="10,74,38,65,12,31,1,68,24,45,40,135,29"/><U105/><E69/><V16/><F111/><W129/><G129/><T94/><D126/><U23/><E39/><V46/><F127/><W109/><G109/><T113/><D113/><U106/><E122/><N who="0" m="46633" /><D132/><U42/><E42/><V3/><F66/><W52/><G135/><T125/><D125/><U9/><E9/><V91/><F91/><W60/><G1/><T67/><D5/><U21/><E110/><V19/><F46/><W15/><G74/><T61/><D0/><U108/><E108/><V100/><F44/><W13/><G10/><T36/><D36/><U63/><E134/><V82/><F82/><W95/><G95/><T47/><D71/><U97/><E106/><V130/><F130/><W131/><G131/><T88/><D101/><U115/><E115/><V58/><F58/><W2/><G2/><T4/><D4/><U79/><E79/><V64/><F64/><W18/><REACH who="3" step="1"/><G52/><REACH who="3" ten="362,142,194,292" step="2"/><T20/><D20/><AGARI ba="0,1" hai="12,13,15,18,20,24,29,31,38,40,45,60,65,68" machi="20" ten="40,5200,0" yaku="1,1,2,1,52,1,53,0" doraHai="22" doraHaiUra="28" who="3" fromWho="0" sc="362,-52,142,0,194,0,292,62" /><INIT seed="6,0,0,3,3,84" ten="310,142,194,354" oya="2" hai0="122,112,2,9,45,67,33,32,109,51,120,13,99" hai1="115,43,89,74,39,34,124,5,44,71,92,69,113" hai2="75,41,36,105,76,66,123,50,46,101,6,103,17" hai3="48,25,107,93,28,21,59,82,8,95,60,31,53"/><V11/><F123/><W73/><G107/><T18/><D109/><U126/><E5/><V10/><F66/><W87/><G73/><T37/><D37/><U24/><E24/><V23/><F50/><W27/><G8/><T106/><D67/><U100/><E100/><V127/><F127/><N who="1" m="48681" /><E74/><V86/><F86/><W52/><G27/><T57/><D57/><U102/><E102/><V91/><F91/><N who="3" m="51703" /><G31/><T119/><D99/><N who="1" m="57743" /><E34/><V83/><F11/><W40/><G40/><T65/><D9/><U12/><E12/><V26/><REACH who="2" step="1"/><F105/><REACH who="2" ten="310,142,184,354" step="2"/><W1/><G1/><AGARI ba="0,1" hai="1,6,10,17,23,26,36,41,46,75,76,83,101,103" machi="1" ten="30,12000,1" yaku="1,1,2,1,7,1,25,2,53,0" doraHai="84" doraHaiUra="63" who="2" fromWho="3" sc="310,0,142,0,184,130,354,-120" /><INIT seed="6,1,0,0,1,98" ten="310,142,314,234" oya="2" hai0="29,79,56,108,55,121,119,49,110,131,45,14,6" hai1="3,132,41,70,17,39,111,85,26,57,10,43,117" hai2="30,125,59,128,61,11,104,90,116,73,81,23,89" hai3="75,127,35,4,66,18,106,32,118,94,97,9,124"/><V114/><F116/><W42/><G118/><T87/><D119/><U12/><E132/><V8/><F104/><W113/><G106/><T58/><D121/><U63/><E70/><V101/><F114/><W24/><G75/><T68/><D68/><U60/><E111/><V40/><F40/><W91/><G113/><T105/><D105/><U82/><E3/><V15/><F125/><N who="3" m="48203" /><G66/><T50/><D131/><U22/><E117/><V99/><F128/><W83/><G42/><T134/><D29/><U135/><E63/><V19/><F73/><W100/><G18/><T13/><D134/><U54/><E135/><V34/><F34/><W16/><G16/><T46/><D55/><U53/><E53/><V33/><F33/><W86/><G24/><T21/><D21/><U122/><E39/><V52/><F30/><W7/><G7/><T65/><D65/><U107/><E107/><V5/><F81/><W92/><G83/><T25/><D25/><U88/><REACH who="1" step="1"/><E122/><REACH who="1" ten="310,132,314,234" step="2"/><V31/><F61/><W133/><G133/><T36/><D36/><U77/><E77/><V102/><F52/><W0/><AGARI ba="1,1" hai="0,4,9,32,35,86,91,92,94,97,100" m="48203" machi="0" ten="30,2000,0" yaku="18,1,52,1" doraHai="98" who="3" fromWho="3" sc="310,-6,132,-6,314,-11,234,33" /><INIT seed="7,0,0,3,2,89" ten="304,126,303,267" oya="3" hai0="135,19,124,118,110,58,92,108,97,132,42,101,12" hai1="52,48,33,36,87,41,121,93,104,122,66,112,3" hai2="98,49,126,10,4,119,120,95,44,63,68,17,13" hai3="15,117,96,90,18,83,53,65,107,2,22,46,125"/><W80/><G117/><T82/><D118/><U57/><E33/><V20/><F119/><W16/><G125/><T60/><D82/><U34/><E34/><V73/><F73/><W76/><G2/><T85/><D85/><U21/><E3/><V109/><F109/><W38/><G65/><N who="0" m="39063" /><D42/><U129/><E104/><V62/><F68/><W91/><G18/><T79/><D79/><U64/><E112/><V1/><F120/><W55/><G83/><T39/><D39/><U0/><E0/><V67/><F67/><W71/><G71/><T7/><D7/><U102/><E129/><V32/><F32/><W70/><G70/><T77/><D77/><U133/><E133/><N who="0" m="51273" /><D124/><U30/><E122/><V35/><F35/><W37/><G91/><T51/><D51/><N who="1" m="30879" /><E36/><V114/><F114/><W75/><G90/><T88/><D101/><U23/><E121/><V45/><F45/><W111/><G111/><T86/><D86/><U25/><E23/><AGARI ba="0,0" hai="12,19,23,88,92,97,108,110" m="51273,39063" machi="23" ten="30,3900,0" yaku="20,1,52,1,54,1" doraHai="89" who="0" fromWho="1" sc="304,39,126,-39,303,0,267,0" owari="343,44.0,87,-41.0,303,10.0,267,-13.0" /></mjloggm>