<mjloggm ver="2.3"><GO type="169" lobby="0"/><UN n0="%74%65%6E%31%39%38%32" n1="%6A%69%6E%6B%61%69" n2="%E3%82%A6%E3%83%AB%E3%83%88%E3%83%A9%E7%AB%8B%E7%9B%B4" n3="%E3%81%9B%E3%81%95%E3%81%BF%E3%82%93%E2%99%AA" dan="17,16,18,17" rate="2164.37,2075.82,2272.62,2231.61" sx="M,M,M,F"/><TAIKYOKU oya="0"/><INIT seed="0,0,0,2,4,58" ten="250,250,250,250" oya="0" hai0="73,59,129,68,112,113,61,2,49,60,56,130,65" hai1="11,29,88,92,32,119,64,19,115,38,50,82,118" hai2="3,14,63,116,48,117,9,35,7,79,98,110,54" hai3="111,94,12,87,83,71,85,77,23,131,104,102,99"/><T125/><D73/><U81/><E38/><V96/><F35/><W53/><G71/><T133/><D2/><U84/><E115/><N who="0" m="44105" /><D125/><U10/><E29/><V66/><F79/><W37/><G37/><T89/><D89/><U97/><E32/><V44/><F3/><W78/><G131/><N who="0" m="50187" /><D133/><U25/><E64/><V6/><F110/><W105/><G111/><T4/><D4/><U126/><E126/><V69/><REACH who="2" step="1"/><F7/><REACH who="2" ten="250,250,240,250" step="2"/><W46/><G78/><T109/><D109/><U76/><E118/><AGARI ba="0,1" hai="6,9,14,44,48,54,63,66,69,96,98,116,117,118" machi="118" ten="40,8000,1" yaku="1,1,2,1,12,1,52,1,53,0" doraHai="58" doraHaiUra="75" who="2" fromWho="1" sc="250,0,250,-80,240,90,250,0" /><INIT seed="1,0,0,2,2,67" ten="250,170,330,250" oya="1" hai0="105,130,24,106,100,88,21,73,104,76,28,112,103" hai1="38,98,69,72,27,22,116,37,114,31,99,107,46" hai2="20,89,84,56,131,123,91,15,127,122,102,18,14" hai3="81,128,60,52,19,94,1,30,43,33,29,59,87"/><U134/><E69/><V6/><F102/><W40/><G128/><T53/><D112/><U126/><E72/><V5/><F127/><W92/><G1/><T55/><D130/><U68/><E68/><V32/><F32/><W86/><G33/><T61/><D103/><U110/><E114/><V2/><F2/><W51/><G19/><T45/><D100/><U90/><E116/><V49/><F131/><W10/><G10/><T74/><D74/><U115/><E115/><V97/><F97/><W3/><G3/><T79/><D61/><U117/><E126/><V13/><F13/><W47/><G40/><T57/><D45/><U119/><E110/><V62/><F49/><W78/><REACH who="3" step="1"/><G87/><REACH who="3" ten="250,170,330,240" step="2"/><T109/><D73/><U135/><E117/><V93/><F84/><W82/><G82/><T125/><D125/><U17/><E119/><V120/><F18/><W39/><G39/><T12/><D109/><U118/><E118/><V85/><F85/><W11/><G11/><T9/><D9/><U71/><E37/><V75/><F75/><W111/><G111/><T4/><D4/><U124/><E124/><V63/><F122/><W8/><G8/><T34/><D34/><U121/><E17/><V41/><F41/><W58/><G58/><T83/><D57/><U65/><E121/><V108/><F56/><W36/><G36/><T35/><D35/><U7/><E38/><V42/><F108/><W54/><G54/><N who="0" m="20491" /><D12/><U113/><E113/><V25/><F42/><W132/><G132/><T96/><D83/><U16/><E134/><V64/><F120/><W129/><G129/><RYUUKYOKU ba="0,1" sc="250,15,170,-15,330,-15,240,15" hai0="21,24,28,76,79,88,96,104,105,106" hai3="29,30,43,47,51,52,59,60,78,81,86,92,94" /><INIT seed="2,1,1,1,3,86" ten="265,155,315,255" oya="2" hai0="116,0,76,41,135,46,123,92,115,23,12,14,55" hai1="40,43,87,2,27,134,52,106,112,11,79,33,128" hai2="100,94,75,67,98,69,84,97,126,73,90,89,20" hai3="104,132,4,124,88,19,59,47,91,80,95,25,57"/><V10/><F69/><W56/><G104/><T72/><D123/><U61/><E106/><N who="2" m="63759" /><F67/><W60/><G132/><T68/><D115/><U64/><E134/><V9/><F10/><W63/><G124/><T66/><D0/><U3/><E112/><V93/><F20/><N who="3" m="13471" /><G4/><T36/><D135/><U114/><E114/><V49/><F49/><W85/><G47/><T119/><D55/><U32/><E128/><V99/><F9/><W13/><G13/><T16/><D92/><U107/><E107/><V120/><F120/><W102/><G102/><T15/><D66/><U34/><E11/><V54/><F54/><W18/><G18/><T131/><D68/><U70/><E27/><V110/><F126/><W74/><G74/><N who="2" m="28169" /><F110/><W50/><G50/><T113/><D113/><U105/><E105/><V48/><F48/><W21/><G21/><T28/><D28/><U24/><E24/><V96/><AGARI ba="1,1" hai="84,89,90,93,94,96,98,99" m="28169,63759" machi="96" ten="30,18000,2" yaku="35,5,52,2" doraHai="86" who="2" fromWho="2" sc="265,-61,155,-61,315,193,255,-61" /><INIT seed="2,2,0,1,2,85" ten="204,94,508,194" oya="2" hai0="53,90,49,122,73,67,102,60,107,114,9,113,82" hai1="57,79,56,105,12,123,68,130,125,116,100,24,25" hai2="96,59,74,16,97,11,86,66,14,29,26,124,78" hai3="64,47,84,126,89,52,101,19,63,119,134,18,120"/><V128/><F74/><W17/><G119/><T4/><D122/><U37/><E68/><V55/><F66/><W112/><G112/><T108/><D108/><U36/><E100/><V104/><F104/><W109/><G109/><T65/><D73/><U2/><E105/><V51/><F128/><W50/><G120/><T20/><D20/><U33/><E79/><V99/><F124/><W132/><G126/><T8/><D102/><U83/><E83/><V80/><REACH who="2" step="1"/><F99/><REACH who="2" ten="204,94,498,194" step="2"/><W40/><G101/><T41/><D107/><U62/><E125/><V54/><F54/><W21/><G40/><T35/><D41/><U75/><E123/><V71/><F71/><W121/><G121/><T131/><D67/><U45/><E130/><V46/><F46/><W61/><G132/><T106/><D65/><U44/><E45/><V1/><F1/><W87/><G134/><T117/><D106/><U129/><E44/><V103/><F103/><W13/><G84/><T6/><D53/><U31/><E129/><V72/><F72/><W77/><G77/><T115/><D131/><U95/><E75/><V22/><AGARI ba="2,1" hai="11,14,16,22,26,29,51,55,59,78,80,86,96,97" machi="22" ten="20,12000,1" yaku="1,1,0,1,7,1,8,1,54,1,53,0" doraHai="85" doraHaiUra="34" who="2" fromWho="2" sc="204,-42,94,-42,498,136,194,-42" /><INIT seed="2,3,0,4,0,97" ten="162,52,634,152" oya="2" hai0="18,73,121,81,52,114,116,5,132,113,31,95,86" hai1="75,56,35,88,104,91,76,37,43,0,67,25,82" hai2="119,41,57,135,36,59,77,22,66,94,90,92,106" hai3="126,39,30,78,53,58,89,96,15,127,50,26,44"/><V99/><F119/><W125/><G78/><T98/><D121/><U38/><E0/><V40/><F135/><W102/><G15/><T64/><D132/><U19/><E104/><V70/><F106/><W62/><G39/><T34/><D73/><U24/><E19/><V129/><F129/><W11/><G11/><T74/><D74/><U93/><E91/><V16/><F77/><W105/><G89/><T108/><D64/><U42/><E38/><V20/><F70/><W13/><G13/><T79/><D5/><U8/><E8/><V46/><F66/><W120/><G120/><T9/><D108/><U107/><E107/><V117/><F117/><W85/><G85/><T48/><D116/><U72/><E72/><V124/><F124/><W131/><G131/><T2/><D31/><U49/><E37/><V10/><F10/><W63/><REACH who="3" step="1"/><G58/><REACH who="3" ten="162,52,634,142" step="2"/><T27/><D2/><U71/><E71/><V65/><F59/><W123/><G123/><T118/><D9/><U109/><E109/><V32/><F57/><W87/><G87/><T115/><D118/><U60/><E49/><V33/><F90/><W133/><G133/><T51/><D51/><U7/><E7/><V61/><F36/><W100/><G100/><T101/><D114/><U110/><E110/><V84/><F84/><W69/><G69/><T54/><D113/><U122/><E122/><V83/><F61/><W45/><G45/><T4/><D48/><U21/><E35/><AGARI ba="3,1" hai="26,30,35,44,50,53,62,63,96,102,105,125,126,127" machi="35" ten="40,8000,1" yaku="1,1,18,1,52,1,53,1" doraHai="97" doraHaiUra="28" who="3" fromWho="1" sc="162,0,52,-89,634,0,142,99" owari="162,-24.0,-37,-54.0,634,74.0,241,4.0" /></mjloggm>