<mjloggm ver="2.3"><GO type="225" lobby="0"/><UN n0="%E7%99%BD%E9%B9%BF%E6%84%9B%E8%8E%89" n1="%E3%82%A6%E3%83%AB%E3%83%88%E3%83%A9%E7%AB%8B%E7%9B%B4" n2="%72%69%6F%75%63%68%61%6E" n3="%E9%9B%80%E6%A5%B5%E3%81%AE%E3%81%B8" dan="17,17,16,16" rate="2169.49,2107.93,2086.14,2072.25" sx="F,M,M,F"/><TAIKYOKU oya="0"/><INIT seed="0,0,0,1,5,126" ten="250,250,250,250" oya="0" hai0="64,100,38,12,16,29,0,119,59,21,111,93,124" hai1="76,4,106,56,43,55,79,39,6,33,74,135,5" hai2="13,88,8,129,107,83,92,95,60,87,98,117,113" hai3="34,51,65,102,3,28,70,63,75,112,66,48,37"/><T114/><D119/><U9/><E106/><V18/><F129/><W45/><G75/><T40/><D114/><U24/><E135/><V82/><F113/><W116/><G3/><T77/><D0/><U58/><E9/><V104/><F117/><W57/><G112/><T23/><D124/><U22/><E33/><V128/><F128/><W108/><G108/><T11/><D111/><U42/><E39/><V7/><F60/><N who="3" m="40263" /><G28/><T49/><D77/><N who="1" m="29771" /><E74/><V36/><F36/><W85/><G85/><T62/><D38/><U67/><E67/><V32/><F32/><W30/><G30/><T86/><D29/><N who="1" m="17559" /><E55/><V123/><F123/><W101/><G101/><T47/><REACH who="0" step="1"/><D86/><REACH who="0" ten="240,250,250,250" step="2"/><U134/><E134/><V25/><F87/><W89/><G37/><T103/><D103/><U97/><E97/><AGARI ba="0,1" hai="11,12,16,21,23,40,47,49,59,62,64,93,97,100" machi="97" ten="40,7700,0" yaku="1,1,8,1,54,1,53,0" doraHai="126" doraHaiUra="80" who="0" fromWho="1" sc="240,87,250,-77,250,0,250,0" /><INIT seed="0,1,0,5,4,55" ten="327,173,250,250" oya="0" hai0="33,121,14,52,101,3,31,105,51,53,69,106,84" hai1="75,46,10,118,42,100,82,4,20,2,90,27,108" hai2="5,102,13,79,34,123,44,43,83,107,56,116,80" hai3="47,70,15,113,62,89,95,73,134,131,91,23,81"/><T127/><D121/><U11/><E118/><V24/><F123/><W94/><G131/><T36/><D3/><U8/><E100/><V72/><F116/><W97/><G134/><T103/><D36/><U98/><E108/><V68/><F68/><W16/><G113/><T87/><D69/><U129/><E129/><V92/><F107/><W39/><G39/><T40/><D40/><U117/><E117/><V18/><F5/><W28/><G47/><T135/><D14/><U128/><E128/><V88/><F102/><W122/><G122/><T25/><D135/><U41/><E41/><V120/><F120/><W17/><G28/><T61/><D61/><U115/><E115/><V29/><F83/><W37/><G37/><T133/><D127/><U7/><E7/><V125/><F125/><W35/><G35/><T49/><D25/><U67/><E67/><V64/><F64/><W19/><G70/><T77/><D77/><U54/><E54/><V96/><F56/><W12/><G62/><T132/><D31/><U66/><E66/><V124/><F124/><W112/><G112/><T110/><D33/><U21/><E98/><V65/><F65/><W119/><G119/><T30/><D30/><N who="1" m="17767" /><E21/><N who="2" m="11471" /><F43/><W6/><G6/><T9/><D9/><U114/><E114/><V59/><F44/><W63/><G12/><T76/><D76/><N who="1" m="44319" /><E90/><V74/><F72/><W111/><G111/><AGARI ba="1,0" hai="49,51,52,53,84,87,101,103,105,106,110,111,132,133" machi="111" ten="25,4800,0" yaku="22,2,54,1" doraHai="55" who="0" fromWho="3" sc="327,51,173,0,250,0,250,-51" /><INIT seed="0,2,0,1,5,64" ten="378,173,250,199" oya="0" hai0="128,41,84,93,13,94,37,56,19,52,76,29,59" hai1="105,100,23,9,123,90,78,18,62,25,120,133,96" hai2="113,124,82,45,79,99,22,127,48,33,21,35,8" hai3="104,14,88,26,44,126,39,67,50,109,86,114,17"/><T24/><D128/><U11/><E133/><V122/><F113/><W3/><G39/><T20/><D59/><U103/><E78/><V102/><F122/><W107/><G109/><T36/><D36/><U5/><E103/><V42/><F8/><W69/><G114/><T70/><D70/><U73/><E73/><N who="2" m="43375" /><F21/><W72/><G72/><T125/><D125/><N who="2" m="48202" /><F22/><W27/><G126/><T71/><D71/><U2/><E90/><V10/><F10/><N who="3" m="6359" /><G107/><AGARI ba="2,0" hai="33,35,42,45,48,99,102,107" m="48202,43375" machi="107" ten="30,1000,0" yaku="18,1" doraHai="64" who="2" fromWho="3" sc="378,0,173,0,250,16,199,-16" /><INIT seed="1,0,0,4,1,131" ten="378,173,266,183" oya="1" hai0="20,15,119,10,45,85,109,46,121,53,112,67,64" hai1="79,30,7,76,34,75,126,0,81,95,23,70,48" hai2="84,39,129,127,4,9,77,59,98,52,44,78,125" hai3="90,99,100,5,49,27,130,55,97,63,60,87,50"/><U43/><E70/><V19/><F129/><W66/><G130/><T94/><D112/><U13/><E126/><N who="2" m="48139" /><F19/><W61/><G5/><N who="0" m="3535" /><D119/><U3/><E79/><V17/><F17/><W134/><G134/><T111/><D121/><U31/><E34/><V26/><F26/><W65/><G27/><T101/><D20/><U1/><E95/><V86/><F98/><N who="3" m="37387" /><G100/><T124/><D124/><U103/><E103/><V11/><F39/><W83/><G50/><N who="0" m="28879" /><D46/><AGARI ba="0,0" hai="46,49,55,60,61,63,65,66,83,87,90" m="37387" machi="46" ten="30,1000,0" yaku="8,1" doraHai="131" who="3" fromWho="0" sc="378,-10,173,0,266,0,183,10" /><INIT seed="2,0,0,3,0,35" ten="368,173,266,193" oya="2" hai0="7,27,45,76,97,84,64,62,46,65,55,75,133" hai1="89,23,19,112,10,2,8,109,72,113,11,21,29" hai2="78,102,34,116,49,131,91,74,79,4,85,60,50" hai3="38,69,80,44,96,135,61,87,68,47,120,123,56"/><V31/><F116/><W94/><G135/><T73/><D75/><U103/><E89/><V28/><F74/><W37/><G94/><T16/><D73/><U117/><E103/><V66/><F34/><W110/><G96/><T14/><D7/><N who="1" m="1143" /><E72/><V118/><F131/><W88/><G110/><T82/><D27/><N who="1" m="16639" /><E109/><V36/><F4/><W40/><G68/><T25/><D14/><N who="1" m="9463" /><E117/><V48/><F118/><W125/><G69/><T111/><D97/><U54/><E54/><V119/><F119/><W42/><REACH who="3" step="1"/><G125/><REACH who="3" ten="368,173,266,183" step="2"/><T128/><D111/><U58/><E58/><N who="2" m="37143" /><F102/><W41/><G41/><T81/><D133/><U121/><E121/><V9/><F36/><W22/><G22/><T52/><D81/><U32/><E32/><V99/><F99/><W26/><G26/><T24/><D25/><U59/><E59/><V124/><F124/><W95/><G95/><T122/><D24/><U71/><E71/><V13/><F28/><W5/><G5/><T108/><D82/><U134/><E134/><V107/><F31/><W30/><G30/><T18/><D108/><U57/><E57/><V17/><F107/><W114/><G114/><AGARI ba="0,1" hai="10,11,112,113,114" m="9463,16639,1143" machi="114" ten="30,3900,0" yaku="34,2,52,1" doraHai="35" who="1" fromWho="3" sc="368,0,173,49,266,0,183,-39" /><INIT seed="3,0,0,0,1,126" ten="368,222,266,144" oya="3" hai0="72,67,78,53,102,89,90,63,46,64,92,14,119" hai1="100,116,91,58,70,20,44,60,125,134,9,117,94" hai2="83,71,12,133,87,34,112,28,3,39,75,48,5" hai3="61,107,62,111,81,80,97,4,104,24,47,6,1"/><W129/><G24/><T55/><D119/><N who="1" m="45643" /><E134/><V120/><F3/><W38/><G97/><N who="0" m="59687" /><D72/><U95/><E125/><V128/><F128/><W56/><G56/><N who="0" m="35231" /><D78/><U10/><E70/><V105/><F39/><W103/><G103/><T27/><D27/><U69/><E69/><V114/><F71/><W85/><G85/><T66/><D14/><U30/><E100/><V74/><F105/><N who="3" m="40523" /><G47/><T8/><D8/><N who="1" m="3179" /><E44/><V23/><F34/><W51/><G51/><AGARI ba="0,0" hai="46,51,53,64,66,67,89,90" m="35231,59687" machi="51" ten="30,1000,0" yaku="8,1" doraHai="126" who="0" fromWho="3" sc="368,10,222,0,266,0,144,-10" owari="378,48.0,222,-18.0,266,7.0,134,-37.0" /></mjloggm>