<mjloggm ver="2.3"><GO type="169" lobby="0"/><UN n0="%E5%B0%B1%E6%B4%BB%E7%94%9F%40%E5%B7%9D%E6%9D%91%E8%BB%8D%E5%9B%A3" n1="%73%65%74%73%75%2E%31%35" n2="%E5%8D%B1%E8%84%B3%E4%B8%B8" n3="%E7%94%9F%E7%B2%8B%E3%81%AE%E7%85%BD%E3%83%A9%E3%83%BC%E2%99%AA" dan="19,16,17,17" rate="2347.83,2114.74,2168.90,2180.40" sx="M,M,M,M"/><TAIKYOKU oya="0"/><INIT seed="0,0,0,4,0,75" ten="250,250,250,250" oya="0" hai0="37,64,35,62,23,70,43,101,7,60,98,94,71" hai1="87,123,39,69,95,81,90,50,105,120,112,110,111" hai2="15,22,76,96,135,1,34,125,84,19,57,0,9" hai3="115,38,124,21,103,45,27,54,52,85,107,102,29"/><T89/><D35/><U61/><E39/><V13/><F34/><W130/><G115/><T83/><D7/><U77/><E69/><V42/><F135/><W122/><G130/><T68/><D62/><U6/><E6/><V93/><F125/><W74/><G74/><T49/><D37/><U33/><E33/><V88/><F57/><W127/><G122/><N who="1" m="46634" /><E61/><V91/><F42/><W129/><G129/><T108/><D108/><N who="1" m="41515" /><E50/><V31/><F31/><W10/><G107/><T48/><D48/><U65/><E65/><V55/><F55/><N who="3" m="21035" /><G10/><T134/><D134/><U36/><E36/><V106/><F106/><W82/><G45/><T14/><D14/><U24/><E24/><V8/><F22/><W121/><G38/><T40/><D23/><U11/><E11/><V72/><F72/><W53/><G53/><T133/><D133/><U73/><E105/><V100/><F1/><W59/><G59/><T3/><D3/><U47/><E47/><V114/><F0/><W99/><G121/><T18/><D18/><U44/><E44/><V46/><F46/><W28/><G28/><T4/><D4/><U104/><E104/><V116/><F114/><AGARI ba="0,0" hai="73,77,81,87,90,95,112,114" m="41515,46634" machi="114" ten="40,8000,1" yaku="14,1,34,2,52,1" doraHai="75" who="1" fromWho="2" sc="250,0,250,80,250,-80,250,0" /><INIT seed="1,0,0,2,5,40" ten="250,330,170,250" oya="1" hai0="15,77,37,55,57,33,64,48,36,109,22,103,28" hai1="113,65,44,114,88,38,79,14,107,115,46,83,29" hai2="25,73,19,34,39,4,68,131,30,43,12,52,81" hai3="122,72,130,94,123,75,86,27,106,112,47,110,53"/><U128/><E107/><V2/><F68/><W41/><G106/><T11/><D109/><U49/><E128/><V62/><F131/><W18/><G112/><T59/><D33/><U32/><E65/><V61/><F73/><W97/><G110/><T7/><D77/><U21/><E32/><V54/><F81/><W10/><G130/><T111/><D111/><U89/><E38/><V17/><F17/><W129/><G129/><T70/><D70/><U121/><E121/><V124/><F124/><W51/><G75/><T42/><D42/><U78/><E78/><V134/><F134/><W6/><G72/><T45/><D103/><U74/><E14/><V125/><F125/><W87/><G122/><T13/><D13/><U20/><E49/><V101/><F101/><W92/><G92/><T3/><D3/><U66/><E66/><V116/><F116/><W90/><G123/><T117/><D117/><U50/><E50/><V16/><F19/><W95/><G95/><T127/><D127/><U126/><E126/><V105/><F105/><W133/><G133/><T80/><D80/><U120/><E120/><V23/><F62/><W63/><G63/><N who="0" m="37999" /><D36/><U58/><E58/><V132/><F61/><W102/><G102/><T85/><D37/><U93/><E89/><V118/><F132/><W56/><G56/><T24/><D85/><N who="1" m="52367" /><E29/><V108/><F118/><W35/><G41/><T9/><D9/><U104/><E104/><V0/><F108/><W5/><G35/><T98/><D59/><U135/><E135/><V26/><F2/><N who="3" m="311" /><G6/><T100/><D100/><U60/><E60/><RYUUKYOKU ba="0,0" sc="250,10,330,10,170,-30,250,10" hai0="7,11,15,22,24,28,45,48,55,98" hai1="20,21,44,46,74,79,83,113,114,115" hai3="18,27,47,51,53,86,87,90,94,97" /><INIT seed="1,1,0,0,0,103" ten="260,340,140,260" oya="1" hai0="102,52,72,75,67,83,54,35,57,31,98,116,0" hai1="27,128,20,124,61,89,74,40,121,59,107,65,125" hai2="1,68,106,114,6,109,70,122,18,69,118,115,30" hai3="64,36,92,41,9,117,131,126,24,85,19,96,132"/><U100/><E121/><V111/><F18/><W81/><G64/><T133/><D0/><U56/><E74/><V51/><F51/><W3/><G131/><T21/><D116/><U23/><E128/><V49/><F49/><W2/><G117/><T78/><D133/><U29/><E40/><V50/><F50/><W10/><G132/><T73/><D35/><U76/><E76/><V87/><F87/><W104/><G104/><T28/><D67/><U11/><E89/><V14/><F14/><W123/><G123/><T113/><D113/><N who="2" m="43018" /><F118/><W48/><G36/><T58/><D21/><U101/><E11/><N who="2" m="2511" /><F30/><W26/><G3/><T127/><D73/><U95/><E20/><V110/><F122/><W15/><G2/><T12/><D75/><U46/><E46/><V120/><F120/><W66/><G10/><T119/><D31/><U77/><E77/><V22/><F22/><W43/><G66/><T130/><D28/><U53/><E95/><V45/><F45/><N who="3" m="25647" /><G43/><T63/><D130/><U80/><E80/><V82/><F82/><W47/><G47/><T94/><D119/><U42/><E42/><V32/><F32/><W4/><G4/><T17/><D12/><U34/><E34/><V38/><F38/><W112/><G112/><T33/><D33/><U97/><REACH who="1" step="1"/><E100/><REACH who="1" ten="260,330,140,260" step="2"/><V55/><F55/><W79/><G81/><T134/><D54/><U8/><E8/><V84/><F84/><W62/><G85/><T105/><D83/><U13/><E13/><V93/><F93/><W88/><G79/><T135/><D78/><U44/><E44/><V91/><F91/><RYUUKYOKU ba="1,1" sc="260,-15,330,15,140,15,260,-15" hai1="23,27,29,53,56,59,61,65,97,101,107,124,125" hai2="68,69,70,106,109,110,111" /><INIT seed="1,2,1,1,2,117" ten="245,345,155,245" oya="1" hai0="3,95,31,69,85,108,75,34,70,83,114,33,133" hai1="93,103,99,82,32,84,81,40,43,15,127,7,124" hai2="91,67,10,128,64,16,2,22,30,122,125,100,49" hai3="101,134,28,89,61,105,13,129,76,97,18,92,121"/><U54/><E32/><V113/><F128/><W63/><G129/><T52/><D114/><U112/><E112/><V11/><F113/><W78/><G134/><T107/><D107/><U65/><E65/><V86/><F125/><N who="1" m="48201" /><E54/><V44/><F100/><W111/><G111/><T51/><D3/><U102/><E102/><V66/><F30/><W74/><G28/><T87/><D75/><U59/><E59/><V135/><F122/><W53/><G121/><T6/><D6/><U29/><E29/><V14/><F2/><W41/><G41/><N who="1" m="15946" /><E84/><V57/><F57/><W55/><G63/><T8/><D108/><U119/><E119/><V9/><F22/><W47/><G61/><T120/><D133/><U27/><E27/><V68/><F68/><W4/><G4/><T56/><D120/><U115/><E115/><V0/><F0/><W38/><G38/><T23/><D34/><U79/><E79/><V126/><F135/><W20/><G47/><T17/><D33/><U106/><E106/><V94/><REACH who="2" step="1"/><F126/><REACH who="2" ten="245,345,145,245" step="2"/><W42/><G20/><T72/><D31/><U116/><E116/><V123/><F123/><W35/><G35/><T39/><D70/><U110/><E110/><V77/><F77/><W130/><G78/><T132/><D69/><U90/><E103/><V60/><F60/><W26/><G130/><T71/><D71/><U131/><E131/><V98/><F98/><W118/><G118/><T96/><D132/><U104/><E104/><V25/><F25/><W1/><G26/><T62/><D96/><U5/><E15/><V88/><F88/><W50/><G89/><RYUUKYOKU ba="2,2" sc="245,-15,345,15,145,15,245,-15" hai1="5,7,81,82,90,93,99" hai2="9,10,11,14,16,44,49,64,66,67,86,91,94" /><INIT seed="1,3,2,4,0,72" ten="230,360,160,230" oya="1" hai0="54,15,90,75,129,31,83,84,123,131,30,62,37" hai1="85,88,41,48,23,25,52,105,27,95,67,69,63" hai2="65,4,120,2,16,13,77,6,93,38,33,110,35" hai3="134,98,24,74,102,8,79,43,20,45,50,117,32"/><U130/><E130/><N who="0" m="49673" /><D37/><U1/><E105/><V39/><F120/><W34/><G134/><T86/><D75/><U132/><E132/><V116/><F116/><W14/><G117/><T71/><D123/><U92/><E1/><V44/><F110/><W133/><G133/><T91/><D15/><U9/><E9/><V66/><F44/><W76/><G74/><T64/><D54/><U78/><E41/><V108/><F108/><W89/><G89/><T128/><D128/><U97/><E23/><V17/><F93/><AGARI ba="3,2" hai="30,31,62,64,71,83,84,86,90,91,93" m="49673" machi="93" ten="30,1000,0" yaku="19,1" doraHai="72" who="0" fromWho="2" sc="230,39,360,0,160,-19,230,0" /><INIT seed="2,0,0,5,2,120" ten="269,360,141,230" oya="2" hai0="50,24,0,8,85,67,63,111,55,119,31,64,74" hai1="19,11,128,61,51,12,104,5,16,36,29,7,115" hai2="71,79,22,62,3,86,23,1,52,65,113,105,34" hai3="6,73,40,2,43,57,48,107,102,41,78,131,44"/><V109/><F34/><W89/><G131/><T122/><D74/><U134/><E36/><V88/><F105/><W101/><G107/><T28/><D122/><U108/><E104/><V66/><F113/><W81/><G89/><T123/><D123/><U76/><E76/><V27/><F79/><W112/><G112/><T75/><D75/><U130/><E61/><V135/><F135/><W35/><G35/><T70/><D64/><U121/><E51/><V42/><F42/><W116/><G116/><T9/><D31/><U14/><E121/><V39/><F39/><W32/><G32/><T37/><D37/><U87/><E87/><V49/><F66/><W90/><G90/><T93/><D0/><U82/><E82/><V25/><F109/><W58/><G41/><T59/><D111/><U110/><E29/><V83/><F23/><W10/><G43/><T117/><D93/><U46/><E46/><V95/><F83/><W13/><G2/><T99/><D85/><U69/><E69/><V15/><F15/><W132/><G132/><T80/><D99/><U97/><E97/><V129/><F129/><N who="1" m="49769" /><E134/><V60/><F60/><W133/><REACH who="3" step="1"/><G133/><REACH who="3" ten="269,360,141,220" step="2"/><T26/><D117/><U114/><E115/><V125/><F125/><W54/><G54/><T96/><D119/><U106/><E114/><V17/><REACH who="2" step="1"/><F27/><REACH who="2" ten="269,360,131,220" step="2"/><W72/><G72/><T127/><D26/><U98/><E108/><V126/><F126/><W100/><AGARI ba="0,2" hai="6,10,13,40,44,48,57,58,73,78,81,100,101,102" machi="100" ten="30,2000,0" yaku="1,1,0,1,53,0" doraHai="120" doraHaiUra="21" who="3" fromWho="3" sc="269,-5,360,-5,131,-10,220,40" /><INIT seed="3,0,0,1,5,51" ten="264,355,121,260" oya="3" hai0="98,90,10,121,29,39,28,30,105,73,80,22,134" hai1="47,20,68,129,82,41,25,117,64,128,116,91,78" hai2="70,108,85,112,97,84,5,110,74,16,99,3,104" hai3="88,33,106,37,76,102,2,77,23,48,109,72,19"/><W126/><G37/><T113/><D121/><U93/><E68/><V11/><F70/><W1/><G33/><T50/><D39/><U17/><E64/><V119/><F74/><W66/><G66/><T32/><D32/><U31/><E31/><V56/><F119/><N who="1" m="45641" /><E93/><V46/><F112/><W101/><G126/><T44/><D134/><U4/><E4/><V54/><F46/><W86/><G2/><T0/><D113/><U69/><E69/><V8/><F99/><W7/><G7/><T18/><D10/><U53/><E91/><V12/><F104/><W15/><G1/><T115/><D0/><U133/><E133/><V62/><REACH who="2" step="1"/><F97/><REACH who="2" ten="264,355,111,260" step="2"/><W42/><G106/><T100/><D115/><U38/><E128/><V14/><F14/><W114/><G72/><T103/><D73/><U52/><E129/><V94/><F94/><N who="3" m="54551" /><G114/><T127/><D127/><U49/><E38/><V59/><F59/><W120/><G120/><T83/><D103/><N who="3" m="39433" /><G109/><AGARI ba="0,1" hai="3,5,8,11,12,16,54,56,62,84,85,108,109,110" machi="109" ten="40,12000,2" yaku="1,1,14,1,52,1,54,1,53,3" doraHai="51" doraHaiUra="122" who="2" fromWho="3" sc="264,0,355,0,111,130,260,-120" /><INIT seed="4,0,0,2,4,134" ten="264,355,241,140" oya="0" hai0="47,56,118,132,20,75,34,33,45,98,10,21,51" hai1="69,52,36,18,49,53,2,80,131,64,85,35,66" hai2="29,130,94,1,103,39,24,122,102,46,113,115,91" hai3="109,114,95,4,15,62,105,0,59,12,127,37,119"/><T67/><D75/><U41/><E35/><V5/><F122/><W65/><G105/><T40/><D132/><U100/><E2/><V99/><F130/><W86/><G109/><T90/><D118/><U84/><E131/><V76/><F76/><W124/><G119/><T125/><D125/><N who="3" m="48201" /><G37/><T57/><D10/><U44/><E100/><V60/><F60/><W13/><G114/><N who="2" m="43529" /><F1/><W16/><G4/><T106/><D67/><U58/><E69/><V116/><F5/><W3/><G16/><T43/><D106/><U68/><E68/><V123/><F123/><W128/><G128/><T117/><D117/><U8/><E85/><V30/><F116/><W104/><G104/><T31/><D98/><U19/><E53/><V89/><F103/><W72/><G72/><T120/><D120/><U79/><REACH who="1" step="1"/><E18/><REACH who="1" ten="264,345,241,140" step="2"/><V111/><F111/><W108/><G108/><T71/><D71/><U126/><E126/><V11/><F102/><W32/><G32/><T129/><D129/><U63/><E63/><V61/><F61/><W107/><G107/><T25/><D33/><U82/><E82/><V74/><F74/><W22/><G22/><T70/><D70/><U77/><E77/><V110/><F110/><W38/><G38/><T83/><D21/><U88/><E88/><AGARI ba="0,1" hai="0,3,12,13,15,59,62,65,86,88,95" m="48201" machi="88" ten="30,8000,1" yaku="18,1,52,3,54,1" doraHai="134" who="3" fromWho="1" sc="264,0,345,-80,241,0,140,90" /><INIT seed="5,0,0,3,3,99" ten="264,265,241,230" oya="1" hai0="12,72,114,36,52,87,84,110,111,97,95,102,57" hai1="7,116,6,3,124,54,62,19,56,45,10,83,63" hai2="126,34,118,53,125,77,68,25,13,43,20,70,105" hai3="24,2,65,89,22,112,64,108,50,60,127,37,11"/><U104/><E116/><V29/><F118/><W129/><G37/><T59/><D72/><U109/><E124/><N who="2" m="47723" /><F43/><W40/><G112/><T131/><D36/><U132/><E132/><V76/><F105/><W55/><G129/><T81/><D114/><U92/><E104/><V1/><F1/><W115/><G115/><T31/><D131/><U117/><E117/><V14/><F53/><W46/><G108/><T123/><D123/><U88/><E109/><V28/><F28/><W100/><G127/><T49/><D31/><U103/><E103/><V48/><F48/><W71/><G89/><T51/><D87/><N who="1" m="50303" /><E3/><V61/><F61/><W67/><G100/><T122/><D122/><U133/><E133/><V18/><F14/><W101/><G101/><T130/><D130/><U44/><E63/><V15/><F15/><W98/><G98/><T30/><D30/><U86/><E19/><V69/><AGARI ba="0,0" hai="13,18,20,25,29,34,68,69,70,76,77" m="47723" machi="69" ten="40,1500,0" yaku="18,1" doraHai="99" who="2" fromWho="2" sc="264,-4,265,-7,241,15,230,-4" /><INIT seed="6,0,0,1,5,62" ten="260,258,256,226" oya="2" hai0="88,17,60,93,40,98,35,126,20,132,58,34,63" hai1="47,14,123,48,18,10,21,12,133,87,108,92,115" hai2="77,102,26,90,69,51,54,117,25,6,105,36,61" hai3="22,71,55,46,23,11,4,44,9,76,56,30,106"/><V65/><F117/><W110/><G71/><T103/><D126/><U95/><E108/><V0/><F36/><W96/><G110/><T50/><D132/><U67/><E115/><V73/><F90/><W57/><G76/><T121/><D121/><U107/><E107/><V64/><F0/><W52/><G106/><T33/><D103/><U104/><E104/><V101/><F6/><W70/><G70/><T15/><REACH who="0" step="1"/><D58/><REACH who="0" ten="250,258,256,226" step="2"/><U7/><E133/><V120/><F120/><W42/><G96/><T79/><D79/><U130/><E123/><V5/><F69/><W129/><G129/><T81/><D81/><U99/><E130/><V128/><F128/><W118/><G118/><T83/><D83/><U124/><E124/><V85/><F77/><W29/><G4/><T13/><D13/><U72/><E12/><V127/><F127/><W82/><G82/><T97/><D97/><U41/><E14/><V45/><F5/><W100/><G42/><T134/><D134/><U66/><E41/><V89/><F105/><W43/><G43/><T8/><D8/><U114/><E10/><V59/><F73/><W1/><G1/><T91/><D91/><U135/><E135/><V49/><F102/><AGARI ba="0,1" hai="9,11,22,23,29,30,44,46,52,55,56,57,100,102" machi="102" ten="25,6400,0" yaku="22,2,8,1,54,1" doraHai="62" who="3" fromWho="2" sc="250,0,258,0,256,-64,226,74" /><INIT seed="7,0,0,5,5,101" ten="250,258,192,300" oya="3" hai0="98,85,56,16,61,72,70,89,124,4,74,122,83" hai1="125,49,126,75,92,26,128,105,134,8,81,97,73" hai2="78,52,96,55,45,106,117,116,68,84,120,31,36" hai3="51,54,6,10,90,59,9,103,67,28,35,63,1"/><W91/><G103/><T17/><D122/><U131/><E8/><V111/><F111/><W93/><G10/><T46/><D70/><U79/><E134/><V82/><F120/><W50/><G50/><T113/><D124/><N who="1" m="47723" /><E26/><V12/><F68/><W121/><G121/><T132/><D132/><U100/><E49/><V7/><F7/><W135/><G135/><T3/><D113/><U62/><E62/><V60/><F31/><W38/><G38/><T48/><D98/><N who="1" m="61591" /><E73/><V57/><F12/><W130/><G130/><T27/><D72/><U86/><E75/><V77/><F77/><W95/><G28/><T69/><D69/><U41/><E41/><V32/><F32/><W24/><G24/><T123/><D74/><U37/><E37/><V22/><F22/><W109/><G35/><T88/><D123/><U87/><E87/><V47/><F36/><W23/><G23/><N who="0" m="13799" /><D17/><U15/><E15/><V64/><F47/><W66/><G109/><T40/><D3/><U33/><E33/><V18/><F18/><W13/><G1/><T108/><D108/><U42/><E42/><V14/><F14/><W104/><G104/><T119/><D4/><U5/><E5/><V2/><F2/><W80/><G51/><T34/><D34/><U29/><E29/><V133/><F133/><W19/><G6/><T71/><D71/><U21/><E21/><V25/><F25/><W44/><G19/><T94/><D61/><U129/><E131/><V102/><REACH who="2" step="1"/><F45/><REACH who="2" ten="250,258,182,300" step="2"/><W99/><G44/><T76/><D46/><U127/><E127/><V118/><AGARI ba="0,1" hai="52,55,57,60,64,78,82,84,96,102,106,116,117,118" machi="118" ten="30,8000,1" yaku="1,1,2,1,0,1,52,1,54,1,53,0" doraHai="101" doraHaiUra="43" who="2" fromWho="2" sc="250,-20,258,-20,182,90,300,-40" /><INIT seed="8,0,0,0,4,82" ten="230,238,272,260" oya="0" hai0="47,80,16,59,130,104,89,71,46,32,22,92,117" hai1="34,28,10,81,123,132,19,115,40,91,15,100,118" hai2="98,64,94,97,101,13,23,103,20,111,108,122,110" hai3="121,17,9,96,44,42,99,6,72,79,65,54,128"/><T131/><D71/><U61/><E123/><V74/><F74/><W26/><G121/><T102/><D32/><U2/><E115/><V21/><F122/><W18/><G128/><N who="0" m="49195" /><D117/><U84/><E132/><V129/><F129/><W35/><G65/><T1/><D1/><U112/><E112/><V78/><F78/><W88/><G54/><T107/><D59/><U4/><E118/><V76/><F76/><W0/><G35/><T14/><D80/><U68/><E100/><V135/><F135/><W125/><G125/><T55/><D55/><U105/><E105/><N who="0" m="40521" /><D102/><U30/><E40/><V50/><F64/><W134/><G134/><T93/><D93/><U62/><E68/><V124/><F124/><W63/><G79/><T43/><D43/><U48/><E48/><V114/><F114/><W127/><G72/><T5/><D5/><U113/><E113/><V77/><F77/><W11/><G127/><T73/><D73/><U27/><REACH who="1" step="1"/><E30/><REACH who="1" ten="230,228,272,260" step="2"/><V41/><F50/><W38/><G42/><T87/><AGARI ba="0,1" hai="14,16,22,46,47,87,89,92" m="40521,49195" machi="87" ten="30,6000,0" yaku="19,1,52,1,54,1" doraHai="82" who="0" fromWho="0" sc="230,70,228,-20,272,-20,260,-20" owari="300,40.0,208,-29.0,252,5.0,240,-16.0" /></mjloggm>