<mjloggm ver="2.3"><GO type="169" lobby="0"/><UN n0="%6A%79%61%6E%70%65%69%34" n1="%E3%81%93%E3%81%82%E3%81%8F%E3%81%BE%56%32" n2="%E5%B0%B1%E6%B4%BB%E7%94%9F%40%E5%B7%9D%E6%9D%91%E8%BB%8D%E5%9B%A3" n3="%E3%81%9F%E3%81%8C%E3%82%84%E3%81%99" dan="17,16,19,16" rate="2140.36,2162.08,2360.29,2088.42" sx="M,M,M,M"/><TAIKYOKU oya="0"/><INIT seed="0,0,0,5,1,52" ten="250,250,250,250" oya="0" hai0="111,91,83,80,49,105,108,19,62,11,103,27,69" hai1="72,86,54,37,28,57,87,4,35,47,133,51,30" hai2="40,98,75,96,5,104,6,60,58,48,64,77,55" hai3="26,110,9,90,122,109,79,39,85,15,16,121,132"/><T82/><D105/><U32/><E72/><V10/><F40/><W97/><G39/><T20/><D103/><U89/><E133/><V43/><F43/><W67/><G79/><T3/><D49/><U46/><E4/><V17/><F104/><W74/><G74/><T59/><D69/><U131/><E37/><V8/><F77/><W124/><G97/><T101/><D101/><U24/><E131/><V71/><F75/><W112/><G112/><T38/><D38/><U128/><E128/><V99/><REACH who="2" step="1"/><F17/><REACH who="2" ten="250,250,240,250" step="2"/><W34/><G132/><T41/><D41/><U114/><E114/><V50/><F50/><W14/><G124/><T107/><D107/><U70/><E70/><V68/><F68/><W29/><G122/><T92/><D111/><U36/><E36/><V130/><F130/><W127/><G121/><T76/><D108/><U61/><E30/><V118/><F118/><W120/><G127/><T63/><D76/><U25/><E51/><V78/><F78/><W126/><G126/><T116/><D116/><U22/><E35/><V7/><AGARI ba="0,1" hai="5,6,7,8,10,48,55,58,60,64,71,96,98,99" machi="7" ten="30,4000,0" yaku="1,1,0,1,52,1,53,0" doraHai="52" doraHaiUra="134" who="2" fromWho="2" sc="250,-20,250,-10,240,50,250,-10" /><INIT seed="1,0,0,3,2,73" ten="230,240,290,240" oya="1" hai0="4,134,21,70,84,127,35,97,37,103,124,51,81" hai1="20,13,66,101,130,1,135,90,133,43,28,9,53" hai2="23,63,31,2,108,44,114,111,132,30,56,87,55" hai3="116,60,45,12,64,94,39,109,62,11,131,92,50"/><U57/><E101/><V5/><F132/><N who="1" m="50761" /><E130/><V22/><F114/><W80/><G39/><T68/><D134/><U6/><E43/><V121/><F121/><W38/><G38/><T58/><D35/><U16/><E90/><V95/><F5/><W48/><G131/><T59/><D37/><U98/><E98/><V24/><F2/><W32/><G32/><T93/><D4/><U49/><E66/><V46/><F30/><AGARI ba="0,0" hai="1,6,9,13,16,20,28,30,49,53,57" m="50761" machi="30" ten="30,2900,0" yaku="20,1,54,1" doraHai="73" who="1" fromWho="2" sc="230,0,240,29,290,-29,240,0" /><INIT seed="1,1,0,5,2,73" ten="230,269,261,240" oya="1" hai0="38,33,88,7,95,131,32,47,109,124,90,108,22" hai1="14,111,42,64,78,2,91,115,113,43,135,114,79" hai2="21,49,82,127,56,57,25,46,34,41,134,119,110" hai3="10,87,17,6,100,125,103,97,16,105,93,31,69"/><U37/><E2/><V26/><F119/><W65/><G31/><T13/><D131/><U29/><E29/><V126/><F110/><N who="0" m="42602" /><D124/><N who="2" m="47658" /><F134/><W74/><G74/><T70/><D70/><U11/><E111/><V63/><F63/><W86/><G125/><T130/><D130/><U54/><E135/><V117/><F117/><W80/><G86/><N who="0" m="52631" /><D90/><U55/><E64/><V35/><F25/><W5/><G65/><T51/><D38/><U85/><E37/><V98/><F98/><W4/><G69/><T121/><D121/><U96/><E96/><V66/><F66/><W123/><G123/><T53/><D22/><U102/><E102/><V8/><F82/><W99/><REACH who="3" step="1"/><G10/><AGARI ba="1,0" hai="7,10,13,32,33,47,51,53" m="52631,42602" machi="10" ten="30,2000,0" yaku="14,1,54,1" doraHai="73" who="0" fromWho="3" sc="230,23,269,0,261,0,240,-23" /><INIT seed="2,0,0,2,3,59" ten="253,269,261,217" oya="2" hai0="104,84,106,14,34,55,71,107,9,64,33,21,11" hai1="65,109,67,53,49,44,41,48,36,70,111,118,113" hai2="24,128,92,86,37,125,12,76,66,58,75,115,102" hai3="38,72,74,94,91,15,133,52,105,51,2,19,135"/><V77/><F37/><W131/><G2/><T45/><D21/><U0/><E0/><V57/><F75/><W4/><G4/><T39/><D11/><U68/><E118/><V85/><F115/><W42/><G105/><T114/><D114/><U7/><E7/><V132/><F132/><N who="3" m="50763" /><G42/><T43/><D55/><U13/><E13/><V103/><F24/><W97/><G38/><T87/><D34/><U90/><E90/><V80/><F128/><W26/><G26/><T88/><D33/><U32/><E32/><V25/><F125/><W61/><G131/><T47/><D47/><N who="1" m="23975" /><E113/><V22/><F12/><W30/><G30/><T40/><D40/><U93/><E93/><V60/><F58/><N who="3" m="35015" /><G51/><T23/><D106/><U83/><E83/><N who="2" m="47335" /><F92/><W130/><G130/><T27/><D107/><U29/><E29/><AGARI ba="0,0" hai="22,25,29,57,60,66,77,80,86,102,103" m="47335" machi="29" ten="30,2900,0" yaku="8,1,52,1" doraHai="59" who="2" fromWho="1" sc="253,0,269,-29,261,29,217,0" /><INIT seed="2,1,0,1,0,78" ten="253,240,290,217" oya="2" hai0="99,77,74,80,20,6,41,94,54,88,2,117,65" hai1="120,55,51,60,18,135,83,85,114,24,91,23,79" hai2="103,30,16,33,84,71,11,133,63,121,21,82,0" hai3="4,72,1,130,15,87,68,39,105,62,42,127,93"/><V34/><F121/><W8/><G105/><T36/><D117/><U112/><E135/><V12/><F133/><W5/><G72/><T110/><D110/><U47/><E120/><V29/><F103/><W53/><G127/><T86/><D20/><U37/><E37/><V69/><F69/><W101/><BYE who="2" /><G39/><UN n2="%E5%B0%B1%E6%B4%BB%E7%94%9F%40%E5%B7%9D%E6%9D%91%E8%BB%8D%E5%9B%A3" /><T14/><D14/><U108/><E108/><V38/><F38/><W92/><G42/><T106/><D65/><U104/><E104/><V59/><F71/><W66/><G130/><T27/><D27/><U45/><E45/><V96/><F96/><W56/><G101/><N who="0" m="62783" /><D54/><U26/><E26/><N who="2" m="14631" /><F0/><W9/><REACH who="3" step="1"/><G87/><REACH who="3" ten="253,240,290,207" step="2"/><T124/><D124/><U17/><E114/><V25/><F34/><W64/><G64/><T75/><D75/><U100/><E112/><V113/><F33/><W35/><G35/><T58/><D41/><U123/><E100/><V32/><F32/><W122/><G122/><T40/><D40/><U118/><E123/><V76/><F113/><W49/><AGARI ba="1,1" hai="1,4,5,8,9,15,49,53,56,62,66,68,92,93" machi="49" ten="20,2700,0" yaku="1,1,0,1,7,1,53,0" doraHai="78" doraHaiUra="43" who="3" fromWho="3" sc="253,-8,240,-8,290,-14,207,40" /><INIT seed="3,0,0,4,2,28" ten="245,232,276,247" oya="3" hai0="39,103,48,84,73,49,65,7,71,16,77,116,4" hai1="25,46,131,113,97,95,17,47,109,51,90,5,15" hai2="24,91,127,56,121,120,104,1,80,129,119,98,52" hai3="92,37,72,106,30,82,3,100,8,112,42,87,69"/><W99/><G69/><T36/><D116/><U101/><E109/><V66/><F119/><W32/><G112/><T29/><D73/><U38/><E131/><V78/><F1/><W115/><G115/><T62/><D29/><U123/><E113/><V57/><F129/><W125/><G125/><T44/><D103/><U111/><E111/><V134/><F134/><W21/><G21/><T108/><D108/><U70/><E70/><V122/><F127/><W41/><G92/><T63/><D63/><U88/><E123/><V76/><F66/><W61/><G61/><T18/><D49/><U34/><E38/><V85/><F56/><W126/><G87/><T75/><D75/><U19/><E34/><V130/><F130/><W0/><G41/><T22/><D18/><U31/><E31/><V58/><F58/><W133/><G133/><T68/><D68/><U43/><E47/><V118/><F24/><N who="3" m="18503" /><G8/><T124/><D124/><U60/><E60/><N who="2" m="35879" /><F118/><W14/><G14/><T102/><D102/><AGARI ba="0,0" hai="76,78,80,85,91,98,102,104,120,121,122" m="35879" machi="102" ten="30,2000,0" yaku="13,1,54,1" doraHai="28" who="2" fromWho="0" sc="245,-20,232,0,276,20,247,0" /><INIT seed="4,0,0,4,4,25" ten="225,232,296,247" oya="0" hai0="2,45,79,120,93,111,18,103,39,44,113,36,69" hai1="76,68,66,99,91,115,60,41,54,42,97,84,67" hai2="129,77,116,105,15,72,17,31,85,23,109,26,87" hai3="7,102,53,27,59,75,0,34,88,9,16,35,86"/><T118/><D120/><U22/><E115/><V48/><F109/><W1/><G75/><T47/><D118/><U80/><E67/><V128/><F105/><W94/><G0/><T38/><D113/><U32/><E32/><V49/><F72/><W98/><G16/><T62/><D111/><U52/><E22/><V92/><F116/><W107/><REACH who="3" step="1"/><G27/><REACH who="3" ten="225,232,296,237" step="2"/><T114/><D2/><U104/><E104/><V12/><F12/><W119/><G119/><T73/><D114/><U89/><E42/><V8/><F128/><W124/><G124/><T24/><D18/><U29/><E41/><V83/><F129/><W121/><G121/><T3/><D24/><U64/><E64/><V131/><F131/><W90/><G90/><AGARI ba="0,1" hai="8,15,17,23,26,31,48,49,77,83,85,87,90,92" machi="90" ten="40,2600,0" yaku="8,1,52,1" doraHai="25" who="2" fromWho="3" sc="225,0,232,0,296,36,237,-26" /><INIT seed="5,0,0,2,4,104" ten="225,232,332,211" oya="1" hai0="6,30,62,120,133,100,103,68,125,115,75,48,123" hai1="44,78,105,9,122,50,13,25,40,37,76,116,35" hai2="18,106,99,61,20,24,90,98,102,47,86,88,5" hai3="63,45,19,0,46,4,41,53,109,110,64,129,16"/><U43/><E122/><N who="0" m="46633" /><D115/><U84/><E116/><V33/><F33/><W94/><G4/><T58/><D133/><U77/><E105/><V11/><F98/><W97/><G0/><T81/><D125/><U91/><E35/><V95/><F90/><W70/><G129/><T32/><D68/><U111/><E111/><V23/><F23/><W127/><G127/><T135/><D135/><U119/><E119/><V121/><F121/><W15/><G53/><N who="0" m="34127" /><D6/><U29/><E29/><V42/><F61/><W96/><G46/><T73/><D48/><U87/><E25/><V82/><F106/><W38/><G19/><T132/><D132/><U26/><E26/><V31/><F5/><W54/><G54/><T67/><D67/><U66/><E66/><V12/><F47/><W39/><G39/><T112/><D112/><U117/><E117/><V72/><F72/><N who="0" m="27722" /><D81/><U27/><E37/><V51/><F51/><W8/><REACH who="3" step="1"/><G97/><REACH who="3" ten="225,232,332,201" step="2"/><T65/><D65/><U93/><E43/><AGARI ba="0,1" hai="11,12,18,20,24,31,42,43,82,86,88,95,99,102" machi="43" ten="40,2600,0" yaku="8,1,54,1" doraHai="104" who="2" fromWho="1" sc="225,0,232,-26,332,36,201,0" /><INIT seed="6,0,0,5,4,35" ten="225,206,368,201" oya="2" hai0="115,39,28,30,74,132,90,80,123,68,110,42,57" hai1="100,73,44,27,76,117,105,53,23,0,3,37,60" hai2="72,52,63,26,78,130,120,87,70,69,114,121,102" hai3="36,31,59,46,66,5,10,88,43,16,111,9,50"/><V29/><F114/><W129/><G31/><T61/><D68/><U109/><E117/><V51/><F72/><W131/><G111/><T2/><D123/><U32/><E109/><V18/><F102/><W54/><G66/><T58/><D2/><U92/><E92/><V91/><F78/><W75/><G75/><T84/><D110/><U38/><E53/><V11/><F130/><W97/><G16/><T48/><D39/><U113/><E113/><V106/><F106/><W124/><G124/><T34/><D34/><U4/><E60/><V65/><F69/><W95/><REACH who="3" step="1"/><G10/><REACH who="3" ten="225,206,368,191" step="2"/><T55/><D74/><U7/><E7/><V112/><F29/><W62/><G62/><T127/><D127/><U103/><E4/><V86/><F11/><W83/><G83/><T125/><D125/><U79/><E23/><V94/><F18/><W14/><AGARI ba="0,1" hai="5,9,14,36,43,46,50,54,59,88,95,97,129,131" machi="14" ten="30,4000,0" yaku="1,1,0,1,54,1,53,0" doraHai="35" doraHaiUra="118" who="3" fromWho="3" sc="225,-10,206,-10,368,-20,191,50" /><INIT seed="7,0,0,3,2,62" ten="215,196,348,241" oya="3" hai0="5,18,113,86,97,67,20,34,128,1,50,11,9" hai1="19,124,100,39,22,69,80,126,28,64,17,103,93" hai2="33,51,45,135,37,43,95,84,60,90,55,104,49" hai3="3,76,83,75,57,41,26,107,82,4,118,91,108"/><W94/><G107/><T87/><D34/><U44/><E80/><V112/><F104/><W35/><G118/><T16/><D11/><U92/><E44/><V27/><F112/><W47/><G108/><T110/><D110/><U24/><E39/><V89/><F135/><W71/><G71/><T46/><D113/><U38/><E38/><V81/><F60/><W58/><G82/><T7/><D7/><U106/><E106/><V109/><F109/><W132/><G132/><T105/><D67/><U66/><E69/><V48/><F33/><W123/><G123/><T31/><D31/><U6/><E6/><V127/><F27/><W36/><G26/><T121/><D121/><U23/><E24/><V74/><F127/><W96/><G35/><T114/><D114/><U2/><E28/><V53/><F74/><W98/><G98/><T70/><D70/><U32/><E32/><V40/><F40/><W120/><G120/><T131/><D18/><U65/><E65/><V13/><F13/><W102/><G102/><N who="0" m="62671" /><D131/><U52/><REACH who="1" step="1"/><E52/><REACH who="1" ten="215,186,348,241" step="2"/><N who="2" m="20043" /><F37/><W117/><G47/><T25/><D128/><U61/><E61/><V130/><F130/><W68/><G4/><T72/><D72/><U59/><E59/><V29/><F29/><W54/><G57/><T42/><D25/><U21/><E21/><V85/><AGARI ba="0,1" hai="43,45,48,49,51,81,84,85,89,90,95" m="20043" machi="85" ten="30,2000,0" yaku="8,1,54,1" doraHai="62" who="2" fromWho="2" sc="215,-5,186,-5,348,30,241,-10" owari="210,-19.0,181,-32.0,378,48.0,231,3.0" /></mjloggm>