<mjloggm ver="2.3"><GO type="169" lobby="0"/><UN n0="%E3%83%96%E3%83%AB%E3%83%96%E3%83%AB%E3%83%8F%E3%83%BC%E3%83%84" n1="%E3%82%A6%E3%83%AB%E3%83%88%E3%83%A9%E7%AB%8B%E7%9B%B4" n2="%53%74%65%69%6E%73" n3="%E5%92%B2%E7%95%91%E6%A2%A8%E6%B7%B1" dan="17,17,16,16" rate="2148.76,2161.78,2084.93,2106.35" sx="M,M,M,F"/><TAIKYOKU oya="0"/><INIT seed="0,0,0,1,1,127" ten="250,250,250,250" oya="0" hai0="54,58,53,85,2,65,10,30,102,91,60,29,20" hai1="134,111,97,125,42,107,72,4,61,63,18,84,104" hai2="44,36,92,5,99,82,101,122,94,31,113,37,26" hai3="52,45,129,34,100,120,89,17,114,74,80,35,28"/><T88/><D102/><U14/><E72/><V25/><F113/><W9/><G114/><T41/><D41/><U132/><E4/><V110/><F122/><W24/><G120/><T108/><D108/><U12/><E42/><V83/><F110/><W105/><G35/><T3/><D3/><U47/><E111/><V103/><F5/><W123/><G123/><T87/><D2/><U6/><E84/><V33/><F44/><W38/><G38/><T43/><D10/><U64/><E47/><V73/><F73/><W15/><G100/><T68/><D43/><U46/><E46/><V81/><REACH who="2" step="1"/><F25/><REACH who="2" ten="250,250,240,250" step="2"/><W57/><G45/><T32/><D32/><U121/><E6/><V78/><F78/><W118/><G74/><T56/><D68/><U109/><E121/><V69/><F69/><W40/><G40/><T98/><D65/><U116/><E64/><V90/><F90/><W76/><G76/><T117/><D117/><U95/><E116/><V133/><F133/><W124/><G118/><T119/><D119/><U130/><E109/><V135/><F135/><W21/><G89/><T131/><D98/><AGARI ba="0,1" hai="26,31,33,36,37,81,82,83,92,94,98,99,101,103" machi="98" ten="40,2600,0" yaku="1,1,9,1,53,0" doraHai="127" doraHaiUra="11" who="2" fromWho="0" sc="250,-26,250,0,240,36,250,0" /><INIT seed="1,0,0,1,5,0" ten="224,250,276,250" oya="1" hai0="36,69,66,68,52,113,119,11,5,111,93,72,4" hai1="91,7,133,81,20,78,56,123,16,40,21,105,48" hai2="128,125,124,46,31,71,50,27,99,22,12,85,134" hai3="86,77,103,51,19,114,39,44,132,80,115,89,127"/><U67/><E123/><V9/><F71/><W49/><G127/><N who="2" m="48713" /><F134/><W8/><G132/><T65/><D36/><U42/><E105/><V117/><F117/><W1/><G103/><T30/><D72/><U116/><E116/><V94/><F85/><W25/><G39/><T88/><D119/><U2/><E133/><V98/><F94/><W13/><G49/><T58/><D30/><U64/><E21/><V104/><F104/><W107/><G107/><T34/><D34/><U112/><E112/><V38/><F38/><W60/><G60/><T63/><D113/><U130/><E130/><V101/><F101/><W92/><G25/><T23/><D23/><U24/><E91/><V59/><F59/><W17/><G1/><T120/><D120/><U6/><E2/><V26/><F26/><W15/><G15/><T126/><D68/><U32/><E32/><V76/><F76/><W57/><G57/><T28/><D28/><U45/><E42/><N who="2" m="24919" /><F128/><W84/><G17/><AGARI ba="0,0" hai="9,12,17,22,27,31,98,99" m="24919,48713" machi="17" ten="30,1000,0" yaku="18,1" doraHai="0" who="2" fromWho="3" sc="224,0,250,0,276,10,250,-10" /><INIT seed="2,0,0,0,5,80" ten="224,250,286,240" oya="2" hai0="8,24,49,60,88,72,52,81,2,6,120,99,36" hai1="100,63,59,69,33,62,79,119,132,40,94,50,129" hai2="128,47,112,86,101,61,23,108,44,46,54,11,65" hai3="90,77,42,26,117,82,35,70,123,28,127,121,32"/><V126/><F112/><W74/><G117/><T7/><D36/><U1/><E1/><V43/><F128/><W133/><G127/><T53/><D120/><U31/><E33/><V38/><F126/><W131/><G131/><T0/><D24/><U27/><E69/><V134/><F134/><W56/><G133/><T76/><D60/><U109/><E119/><V25/><F108/><W45/><G70/><T9/><D49/><U58/><E79/><V12/><F101/><W95/><G56/><T19/><D19/><U48/><E132/><V5/><F54/><W64/><G64/><T92/><AGARI ba="0,0" hai="0,2,6,7,8,9,52,53,72,76,81,88,92,99" machi="92" ten="30,7900,0" yaku="0,1,9,1,54,2" doraHai="80" who="0" fromWho="0" sc="224,79,250,-20,286,-39,240,-20" /><INIT seed="3,0,0,2,0,6" ten="303,230,247,220" oya="3" hai0="122,90,130,99,1,68,96,135,51,110,134,27,91" hai1="28,77,113,0,37,38,24,80,22,125,31,124,10" hai2="66,23,69,81,78,94,131,133,16,104,100,85,41" hai3="102,75,46,73,95,49,70,18,57,55,65,116,126"/><W47/><G116/><T45/><D68/><U33/><E113/><V29/><F104/><W103/><G126/><N who="1" m="48746" /><E28/><V118/><F118/><W98/><G102/><T84/><D1/><U71/><E22/><V42/><F133/><W40/><G47/><T111/><D27/><U32/><E71/><V63/><F29/><W60/><REACH who="3" step="1"/><G18/><REACH who="3" ten="303,230,247,210" step="2"/><T59/><D45/><U13/><E38/><AGARI ba="0,1" hai="38,40,46,49,55,57,60,65,70,73,75,95,98,103" machi="38" ten="30,12000,1" yaku="1,1,2,1,7,1,24,2,53,0" doraHai="6" doraHaiUra="120" who="3" fromWho="1" sc="303,0,230,-120,247,0,210,130" /><INIT seed="3,1,0,3,0,90" ten="303,110,247,340" oya="3" hai0="127,59,109,111,79,27,6,11,55,54,122,87,134" hai1="41,7,102,13,42,98,78,92,47,57,56,61,76" hai2="116,16,119,125,67,34,113,4,126,5,100,114,84" hai3="24,44,103,124,88,45,33,38,75,30,82,121,110"/><W21/><G121/><T58/><D122/><U14/><E57/><V71/><F34/><W28/><G124/><N who="2" m="47721" /><F100/><W133/><G133/><T108/><D127/><U117/><E117/><N who="2" m="45131" /><F84/><N who="3" m="50199" /><G38/><T37/><D134/><U36/><E42/><V132/><F132/><W129/><G75/><T23/><D37/><U86/><E86/><V25/><F67/><W80/><G129/><T81/><D59/><U10/><REACH who="1" step="1"/><E14/><REACH who="1" ten="303,100,247,340" step="2"/><V112/><F71/><W9/><G45/><T39/><D58/><U19/><E19/><V77/><F77/><W74/><G44/><T105/><D108/><U70/><E70/><V60/><F60/><W131/><G110/><T89/><D109/><U118/><E118/><V83/><F83/><W29/><G131/><T97/><D111/><U1/><E1/><V65/><F65/><AGARI ba="1,1" hai="7,10,13,36,41,47,56,61,65,76,78,92,98,102" machi="65" ten="30,7700,0" yaku="1,1,7,1,52,1,53,1" doraHai="90" doraHaiUra="0" who="1" fromWho="2" sc="303,0,100,90,247,-80,340,0" /><INIT seed="4,0,0,3,0,10" ten="303,190,167,340" oya="0" hai0="8,5,38,131,39,17,51,111,30,74,28,0,128" hai1="23,125,19,37,64,34,79,93,7,112,108,73,119" hai2="56,20,99,114,133,18,78,96,24,13,124,68,98" hai3="33,50,31,71,35,113,48,60,16,63,110,132,103"/><T97/><D74/><U11/><E119/><V92/><F68/><W102/><G110/><T40/><D111/><U43/><E108/><V6/><F114/><W61/><G113/><T22/><D51/><N who="3" m="19497" /><G71/><T49/><D49/><U81/><E34/><V77/><F133/><W62/><G132/><T134/><D97/><U106/><E64/><V88/><F124/><W70/><G70/><T46/><D39/><U94/><E106/><V44/><F44/><W41/><G41/><T3/><D3/><U21/><E125/><V29/><F56/><W27/><G33/><T15/><REACH who="0" step="1"/><D134/><REACH who="0" ten="293,190,167,340" step="2"/><U55/><E73/><V127/><F127/><W85/><G85/><T47/><D47/><U86/><E86/><N who="2" m="52247" /><F6/><W76/><G63/><T101/><D101/><U120/><E7/><V116/><F116/><W65/><G62/><T2/><D2/><U25/><E37/><V123/><F123/><W118/><G61/><T84/><D84/><U130/><E112/><V53/><F53/><W100/><G118/><T104/><D104/><U36/><E55/><V9/><AGARI ba="0,1" hai="9,13,18,20,24,29,77,78,96,98,99" m="52247" machi="9" ten="30,4000,0" yaku="8,1,52,1,54,1" doraHai="10" who="2" fromWho="2" sc="293,-20,190,-10,167,50,340,-10" /><INIT seed="5,0,0,5,1,85" ten="273,180,217,330" oya="1" hai0="53,108,114,99,74,86,9,30,63,75,8,82,17" hai1="109,14,96,131,76,36,54,20,79,117,6,97,126" hai2="48,129,45,57,18,35,13,23,24,113,93,127,98" hai3="66,120,94,128,130,91,55,27,22,80,32,78,34"/><U7/><E117/><V88/><F129/><N who="3" m="49771" /><G66/><T10/><D108/><U29/><E36/><V56/><F127/><W77/><G55/><T95/><D30/><U122/><E122/><V112/><F35/><N who="3" m="13355" /><G80/><T104/><D104/><U31/><E126/><V52/><REACH who="2" step="1"/><F24/><REACH who="2" ten="273,180,207,330" step="2"/><W4/><G120/><T37/><D114/><AGARI ba="0,1" hai="13,18,23,45,48,52,56,57,88,93,98,112,113,114" machi="114" ten="40,12000,2" yaku="1,1,2,1,15,1,11,1,52,1,54,2,53,0" doraHai="85" doraHaiUra="33" who="2" fromWho="0" sc="273,-120,180,0,207,130,330,0" /><INIT seed="6,0,0,2,0,30" ten="153,180,337,330" oya="2" hai0="48,82,66,69,67,34,55,102,85,31,107,81,131" hai1="101,24,12,26,126,98,130,56,122,124,62,9,60" hai2="125,96,75,80,44,63,117,20,84,14,106,78,68" hai3="45,83,22,116,28,118,23,43,39,54,64,100,92"/><V25/><F117/><W61/><G54/><T53/><D131/><U7/><E130/><V109/><F125/><N who="1" m="48233" /><E122/><V79/><F109/><W87/><G22/><T111/><D111/><U108/><E108/><V86/><F14/><W57/><G83/><T59/><D69/><U3/><E3/><V16/><F44/><W121/><G121/><T15/><D82/><U46/><E46/><V110/><F110/><W2/><G2/><T103/><D107/><N who="1" m="63927" /><E62/><V89/><F78/><W29/><G87/><T18/><D53/><AGARI ba="0,0" hai="7,9,12,24,26,53,56,60" m="63927,48233" machi="53" ten="30,1000,0" yaku="18,1" doraHai="30" who="1" fromWho="0" sc="153,-10,180,10,337,0,330,0" /><INIT seed="7,0,0,4,2,112" ten="143,190,337,330" oya="3" hai0="38,0,13,106,37,52,84,98,1,79,91,96,54" hai1="77,65,12,2,86,23,87,121,78,85,50,43,21" hai2="19,51,80,6,69,17,10,81,55,90,134,39,75" hai3="82,5,24,131,104,110,108,89,116,120,40,97,114"/><W11/><G120/><T102/><D79/><U25/><E2/><V100/><F39/><W30/><G116/><T135/><D135/><U34/><E34/><V22/><F69/><W70/><G114/><T59/><D13/><U57/><E121/><V127/><F134/><W49/><G70/><T92/><D54/><U33/><E33/><V123/><F123/><W95/><G131/><T35/><D35/><U111/><E111/><N who="3" m="42538" /><G82/><T124/><D124/><U126/><E126/><V103/><F127/><W117/><G117/><T115/><D115/><U61/><E12/><N who="2" m="5207" /><F75/><W32/><G104/><T42/><D96/><U83/><E83/><N who="2" m="31819" /><F90/><W60/><G60/><T45/><REACH who="0" step="1"/><D37/><REACH who="0" ten="133,190,337,330" step="2"/><U130/><E130/><V132/><F132/><W15/><G49/><AGARI ba="0,1" hai="0,1,38,42,45,49,52,59,84,91,92,98,102,106" machi="49" ten="30,8000,1" yaku="1,1,2,1,7,1,54,1,53,1" doraHai="112" doraHaiUra="68" who="0" fromWho="3" sc="133,90,190,0,337,0,330,-80" owari="223,-18.0,190,-31.0,337,44.0,250,5.0" /></mjloggm>