<mjloggm ver="2.3"><GO type="169" lobby="0"/><UN n0="%E3%83%AA%E3%82%B5%E3%81%95%E3%81%BE" n1="%E7%B7%92%E6%96%B9%E6%99%BA%E7%B5%B5%E9%87%8C%2B" n2="%E5%B0%B1%E6%B4%BB%E7%94%9F%40%E5%B7%9D%E6%9D%91%E8%BB%8D%E5%9B%A3" n3="%E3%81%BB%E3%81%88%E3%82%89%E3%83%BC" dan="16,17,19,17" rate="2048.24,2119.90,2351.28,2264.60" sx="F,M,M,M"/><TAIKYOKU oya="0"/><INIT seed="0,0,0,0,1,75" ten="250,250,250,250" oya="0" hai0="69,101,70,130,80,86,27,49,58,121,4,97,92" hai1="54,77,104,113,126,105,44,32,84,11,125,15,45" hai2="7,132,39,85,29,8,68,47,94,38,35,78,22" hai3="53,90,6,88,96,31,17,12,99,82,118,109,63"/><T1/><D121/><U30/><E113/><V55/><F68/><W73/><G118/><T95/><D130/><U21/><E32/><V127/><F35/><W79/><G31/><T20/><D95/><U110/><E110/><V74/><F132/><W34/><G34/><T56/><D58/><U107/><E21/><V134/><F134/><W48/><G63/><T120/><D120/><U116/><E30/><V52/><F127/><N who="1" m="48649" /><E116/><V123/><F123/><W40/><G40/><T2/><D2/><U81/><E54/><V119/><F119/><W98/><G6/><AGARI ba="0,0" hai="6,11,15,44,45,77,81,84,104,105,107" m="48649" machi="6" ten="40,2600,0" yaku="18,1,52,1" doraHai="75" who="1" fromWho="3" sc="250,0,250,26,250,0,250,-26" /><INIT seed="1,0,0,5,2,97" ten="250,276,250,224" oya="1" hai0="128,15,131,43,21,1,79,54,4,100,35,11,0" hai1="31,85,64,39,66,52,99,40,58,107,45,23,22" hai2="112,48,71,88,7,24,129,60,75,28,49,51,17" hai3="68,83,6,104,77,95,72,127,92,126,16,115,81"/><U134/><E134/><V122/><F122/><W93/><G68/><T76/><D35/><U87/><E23/><V57/><F75/><W56/><G6/><T116/><D116/><U103/><E85/><V90/><F71/><W25/><G115/><T73/><D43/><U65/><E87/><V47/><F112/><W5/><G5/><T67/><D67/><U118/><E118/><V86/><F129/><N who="0" m="49738" /><D54/><U9/><E9/><V124/><F124/><N who="3" m="47659" /><G56/><T69/><D69/><U53/><REACH who="1" step="1"/><E58/><REACH who="1" ten="250,266,250,224" step="2"/><V82/><F7/><W13/><G83/><N who="0" m="45455" /><D79/><U29/><E29/><V34/><F17/><W33/><G33/><T19/><D100/><U36/><E36/><V55/><REACH who="2" step="1"/><F90/><REACH who="2" ten="250,266,240,224" step="2"/><W10/><G25/><AGARI ba="0,2" hai="0,1,4,11,15,19,21,25" m="45455,49738" machi="25" ten="30,1000,0" yaku="19,1" doraHai="97" who="0" fromWho="3" sc="250,30,266,0,240,0,224,-10" /><AGARI ba="0,0" hai="22,25,31,39,40,45,52,53,64,65,66,99,103,107" machi="25" ten="40,7700,0" yaku="1,1,52,1,54,1,53,0" doraHai="97" doraHaiUra="78" who="1" fromWho="3" sc="280,0,266,77,240,0,214,-77" /><INIT seed="1,1,0,3,3,44" ten="280,343,240,137" oya="1" hai0="97,87,53,110,88,52,15,86,73,114,104,69,60" hai1="43,92,118,119,82,59,121,40,0,102,74,1,71" hai2="126,2,41,23,10,13,135,130,112,95,77,134,24" hai3="124,8,65,29,100,19,111,93,108,51,83,34,106"/><U48/><E71/><V36/><F36/><W128/><G128/><T9/><D73/><U96/><E121/><V20/><F41/><W33/><G106/><T42/><D110/><N who="3" m="42025" /><G65/><T116/><D116/><U6/><E43/><V14/><F77/><W120/><G120/><T27/><D114/><U79/><E6/><N who="2" m="1367" /><F95/><W21/><G83/><T132/><D132/><N who="2" m="50730" /><F130/><W32/><G124/><T78/><D78/><U123/><E123/><V75/><F75/><W26/><G100/><T17/><D42/><U127/><E127/><V28/><F126/><W50/><G93/><T58/><D69/><U4/><E4/><V54/><F54/><W45/><G45/><T55/><D27/><U61/><E40/><V76/><F76/><W37/><G37/><T115/><D115/><U133/><E133/><V109/><F109/><W68/><G68/><T64/><D104/><U31/><E31/><N who="2" m="17799" /><F112/><W47/><G47/><T22/><D97/><U49/><E118/><V5/><F5/><W16/><G29/><T7/><D7/><U72/><E72/><V90/><F90/><W70/><G70/><T39/><D39/><U107/><E119/><V3/><F3/><W99/><G99/><T94/><D86/><U67/><E0/><V117/><F117/><W113/><G113/><T122/><D122/><U57/><E1/><V131/><F131/><W56/><G56/><T91/><D91/><U85/><E59/><V129/><F129/><W12/><AGARI ba="1,0" hai="8,12,16,19,21,26,32,33,34,50,51" m="42025" machi="12" ten="40,8000,1" yaku="14,1,52,2,54,1" doraHai="44" who="3" fromWho="3" sc="280,-21,343,-41,240,-21,137,83" /><INIT seed="2,0,0,3,3,7" ten="259,302,219,220" oya="2" hai0="115,2,6,55,36,90,27,68,64,133,113,24,28" hai1="134,69,41,91,15,102,29,63,112,98,39,132,56" hai2="49,14,93,100,3,126,44,88,5,96,21,82,50" hai3="75,124,89,94,58,129,105,32,8,81,10,66,26"/><V11/><F126/><W20/><G105/><T121/><D121/><U17/><E69/><V77/><F100/><W43/><G32/><T103/><D36/><U33/><E112/><V125/><F125/><W80/><G43/><T108/><D27/><U123/><E123/><V4/><F4/><W120/><G120/><T62/><D133/><N who="1" m="51307" /><E91/><V83/><F83/><N who="3" m="31819" /><G75/><T97/><D90/><U95/><E29/><V74/><REACH who="2" step="1"/><F44/><REACH who="2" ten="259,302,209,220" step="2"/><W114/><G124/><T57/><D6/><U127/><E127/><V70/><F70/><W53/><G114/><T31/><D113/><U106/><E106/><V76/><F76/><W67/><G129/><T37/><D115/><U92/><E102/><V22/><F22/><W52/><G89/><T99/><D103/><U130/><E130/><V86/><F86/><W73/><G73/><T135/><D135/><U101/><E33/><V79/><F79/><W0/><G20/><T51/><D68/><U46/><E101/><V116/><F116/><W12/><G94/><T54/><D97/><U9/><E98/><V85/><F85/><W109/><G58/><T78/><D78/><U38/><E38/><V84/><F84/><W119/><G119/><T45/><D99/><U72/><E72/><V128/><F128/><W42/><G109/><T131/><D108/><U118/><E118/><V65/><F65/><AGARI ba="0,1" hai="9,15,17,39,41,46,56,63,65,92,95" m="51307" machi="65" ten="30,2000,0" yaku="20,1,52,1" doraHai="7" who="1" fromWho="2" sc="259,0,302,30,209,-20,220,0" /><INIT seed="3,0,0,2,5,86" ten="259,332,189,220" oya="3" hai0="73,133,121,56,69,57,123,1,98,108,14,3,94" hai1="18,74,89,95,52,127,132,135,42,65,102,54,30" hai2="119,58,90,50,120,55,84,28,134,66,85,63,11" hai3="78,0,12,125,129,32,8,10,6,68,100,124,82"/><W126/><G68/><T76/><D69/><U16/><E74/><V106/><F119/><W130/><G100/><T70/><D70/><U59/><E127/><V88/><F106/><W101/><G101/><T36/><D36/><U97/><E42/><V111/><F134/><N who="1" m="51241" /><E30/><V26/><F111/><W122/><G122/><T117/><D117/><U4/><E4/><V107/><F107/><W46/><G46/><T87/><D87/><N who="2" m="33354" /><F120/><W38/><G38/><T71/><D71/><U5/><E5/><V45/><F11/><W22/><G32/><T40/><D1/><U24/><E102/><V79/><F79/><W110/><G110/><T43/><D3/><U15/><E24/><V81/><F81/><W64/><G64/><T44/><D73/><U41/><E41/><V49/><F49/><W37/><G37/><T103/><D76/><U60/><E18/><V116/><F116/><W47/><G47/><T131/><D108/><U29/><E29/><V25/><F25/><W113/><G113/><T34/><D131/><N who="3" m="50185" /><G82/><T67/><D133/><U92/><E92/><V51/><F51/><W53/><G78/><T7/><D40/><U13/><E13/><V99/><F99/><W128/><G128/><T39/><D34/><U27/><E27/><V83/><F83/><W109/><G109/><T17/><D123/><U48/><E48/><V2/><F2/><W35/><G35/><T61/><D121/><U20/><AGARI ba="0,0" hai="15,16,20,52,54,59,60,65,89,95,97" m="51241" machi="20" ten="30,7900,0" yaku="20,1,52,1,54,2" doraHai="86" who="1" fromWho="1" sc="259,-20,332,79,189,-20,220,-39" /><INIT seed="4,0,0,4,2,23" ten="239,411,169,181" oya="0" hai0="19,75,124,89,94,43,115,25,34,106,55,96,73" hai1="27,116,122,48,111,68,76,37,16,123,36,64,134" hai2="69,133,128,59,135,71,101,120,114,7,84,63,15" hai3="105,92,60,67,98,118,17,100,18,30,10,112,74"/><T9/><D115/><U87/><E111/><V88/><F120/><W58/><G74/><T66/><D124/><U41/><E116/><V126/><F114/><W93/><G118/><T103/><D43/><U125/><E76/><V108/><F108/><W26/><G112/><T65/><D65/><U14/><E37/><V11/><F101/><W99/><G10/><T61/><D55/><U119/><E119/><V107/><F107/><W22/><G105/><T53/><D53/><U20/><E36/><V102/><F102/><AGARI ba="0,0" hai="17,18,22,26,30,58,60,67,92,93,98,99,100,102" machi="102" ten="30,12000,2" yaku="7,1,9,1,25,2,8,1,52,1" doraHai="23" who="3" fromWho="2" sc="239,0,411,0,169,-120,181,120" /><INIT seed="5,0,0,4,5,126" ten="239,411,49,301" oya="1" hai0="3,79,89,119,90,4,100,108,10,51,83,72,123" hai1="82,97,31,46,32,112,26,74,134,42,35,18,130" hai2="94,1,58,49,24,86,8,38,47,50,101,30,80" hai3="131,0,95,77,17,45,118,61,85,16,99,36,66"/><U114/><E134/><V115/><F115/><N who="1" m="44073" /><E18/><V29/><F38/><W120/><G0/><T20/><D108/><U40/><E97/><V64/><F1/><W84/><G120/><T37/><D119/><U28/><E130/><V57/><F8/><W7/><G7/><T93/><D123/><U102/><E102/><V14/><F14/><W63/><G118/><T65/><D65/><U6/><E6/><V106/><F106/><W25/><G131/><T125/><D125/><U55/><E55/><V124/><F124/><W5/><G5/><T75/><D75/><U73/><E82/><V87/><F64/><W48/><G36/><T96/><D37/><N who="1" m="21775" /><E42/><V135/><F135/><W70/><G63/><T129/><D129/><U133/><E133/><V69/><F69/><W19/><G25/><AGARI ba="0,0" hai="25,26,28,31,32,35,73,74" m="21775,44073" machi="25" ten="30,2900,0" yaku="15,1,23,1" doraHai="126" who="1" fromWho="3" sc="239,0,411,29,49,0,301,-29" /><INIT seed="5,1,0,0,3,101" ten="239,440,49,272" oya="1" hai0="5,118,30,135,39,3,44,35,9,57,74,66,56" hai1="23,19,91,41,60,55,68,108,49,46,87,98,43" hai2="61,112,127,42,71,26,120,79,80,90,100,13,92" hai3="7,96,117,12,107,51,2,18,122,8,103,94,62"/><U32/><E32/><V0/><F0/><W93/><G122/><T81/><D118/><U34/><E34/><V115/><F120/><W78/><G117/><T119/><D135/><U130/><E130/><V105/><F42/><W89/><G78/><N who="0" m="44247" /><D66/><U132/><E132/><V16/><F26/><W75/><G75/><T128/><D128/><U121/><E121/><V99/><F127/><W83/><G62/><T31/><D31/><U15/><E108/><V29/><F29/><W106/><G83/><T86/><D86/><U77/><E77/><V82/><F61/><W58/><G58/><T38/><D38/><U114/><E98/><V67/><F67/><W109/><G51/><T27/><D119/><U33/><E114/><N who="2" m="43563" /><F71/><W6/><G109/><T97/><D97/><U40/><E33/><V10/><F79/><W1/><G1/><T72/><D72/><U123/><E123/><V85/><AGARI ba="1,0" hai="10,13,16,80,82,85,90,92,99,100,105" m="43563" machi="85" ten="30,7900,0" yaku="15,1,11,1,52,1,54,1" doraHai="101" who="2" fromWho="2" sc="239,-21,440,-40,49,82,272,-21" /><INIT seed="6,0,0,3,4,102" ten="218,400,131,251" oya="2" hai0="37,38,78,121,113,88,87,55,131,30,70,39,6" hai1="48,64,109,2,5,20,24,115,69,103,19,7,125" hai2="21,95,31,94,54,129,52,49,105,33,106,104,13" hai3="41,35,134,8,85,120,86,89,60,112,40,84,14"/><V96/><F33/><W58/><G35/><T50/><D70/><U62/><E109/><V122/><F122/><W119/><G119/><T100/><D30/><U67/><E115/><V116/><F116/><W29/><G29/><T98/><D121/><U77/><E125/><V124/><F124/><W12/><G120/><T1/><D78/><U107/><E77/><V3/><F3/><W27/><G27/><T66/><D66/><U118/><E118/><V114/><F114/><W82/><G134/><T133/><D131/><U45/><E67/><V63/><F129/><W76/><G14/><T0/><D133/><U68/><E68/><V11/><F63/><W61/><G61/><T10/><D1/><U127/><E127/><V53/><F49/><W97/><G97/><T28/><D28/><U99/><E2/><V130/><F130/><W75/><G89/><T44/><D113/><U43/><AGARI ba="0,0" hai="5,7,19,20,24,43,45,48,62,64,69,99,103,107" machi="43" ten="20,2700,0" yaku="0,1,7,1,52,1" doraHai="102" who="1" fromWho="1" sc="218,-7,400,27,131,-13,251,-7" /><INIT seed="7,0,0,1,4,84" ten="211,427,118,244" oya="3" hai0="80,107,55,34,133,110,109,32,63,117,108,28,93" hai1="97,20,129,36,69,124,114,122,90,49,68,52,104" hai2="132,38,98,56,50,35,0,70,101,23,3,85,111" hai3="53,13,51,26,29,81,33,83,66,76,82,10,99"/><W67/><G76/><T79/><D107/><U1/><E122/><V121/><F70/><W96/><G96/><T102/><D117/><U2/><E36/><V116/><F38/><W46/><REACH who="3" step="1"/><G99/><REACH who="3" ten="211,427,118,234" step="2"/><T131/><D79/><U6/><E97/><V134/><F116/><W31/><G31/><T103/><D28/><U135/><E135/><V19/><F132/><W123/><G123/><T74/><D133/><U54/><E129/><V77/><F134/><W8/><G8/><T105/><D131/><U15/><E124/><V72/><F121/><W91/><G91/><T113/><D109/><U18/><E90/><V118/><F72/><W125/><G125/><T130/><D103/><U21/><E114/><V65/><F111/><W112/><G112/><T128/><D113/><U58/><E1/><V22/><F118/><W44/><G44/><T75/><D75/><U40/><E2/><V39/><F3/><W43/><G43/><T88/><D102/><U89/><E89/><V4/><F0/><W47/><G47/><T17/><D88/><U73/><E73/><V12/><F98/><W86/><G86/><T106/><D74/><U119/><E40/><V94/><F101/><W24/><G24/><T5/><D108/><U78/><E78/><V127/><F85/><W14/><G14/><T9/><D110/><U100/><E15/><V120/><F77/><W37/><G37/><T62/><D128/><U60/><E119/><V16/><F127/><W48/><G48/><T61/><D130/><U45/><E100/><V41/><F39/><W95/><G95/><T25/><D93/><RYUUKYOKU ba="0,1" sc="211,-10,427,-10,118,-10,234,30" hai3="10,13,26,29,33,46,51,53,66,67,81,82,83" /><INIT seed="7,1,1,3,0,20" ten="201,417,108,264" oya="3" hai0="57,0,94,48,12,34,46,111,2,33,29,66,120" hai1="54,99,100,62,5,26,15,49,117,31,4,72,50" hai2="83,3,123,121,39,45,58,1,85,95,108,16,107" hai3="25,65,124,22,134,86,81,40,96,7,47,115,32"/><W30/><G115/><T133/><D120/><U102/><E72/><V92/><F107/><W52/><G65/><T93/><D111/><U127/><E127/><V132/><F108/><W82/><G7/><T91/><D93/><U118/><E62/><V101/><F132/><W79/><G124/><T89/><D91/><U126/><E126/><V75/><F75/><W68/><G68/><T13/><D13/><U104/><E100/><V125/><F125/><W70/><G70/><T6/><D57/><U130/><E130/><V112/><F112/><W19/><G96/><T105/><D48/><U129/><E129/><V61/><F45/><W69/><G69/><T67/><D29/><U87/><E87/><V113/><F39/><W28/><G32/><T84/><D66/><U21/><E15/><V90/><F113/><W36/><G134/><T63/><D105/><U44/><E50/><V43/><F43/><W116/><G116/><AGARI ba="1,1" hai="4,5,21,26,31,44,49,54,99,102,104,116,117,118" machi="116" ten="40,2600,0" yaku="12,1,52,1" doraHai="20" who="1" fromWho="3" sc="201,0,417,39,108,0,264,-29" owari="201,-20.0,456,55.0,108,-39.0,235,4.0" /></mjloggm>