<mjloggm ver="2.3"><GO type="169" lobby="0"/><UN n0="%E5%B0%B1%E6%B4%BB%E7%94%9F%40%E5%B7%9D%E6%9D%91%E8%BB%8D%E5%9B%A3" n1="%E3%82%B8%E3%83%A3%E3%82%B9%E3%83%9F%E3%83%B3%E7%8E%8B%E5%AD%90" n2="%67%63%40%E6%BF%80%E8%BE%9B" n3="%E3%83%AB%E3%82%BF%E3%82%B9%E3%82%B1" dan="18,16,17,16" rate="2298.44,2156.48,2165.97,2094.66" sx="M,M,M,M"/><TAIKYOKU oya="0"/><INIT seed="0,0,0,1,4,10" ten="250,250,250,250" oya="0" hai0="66,50,5,110,15,132,75,91,23,105,58,121,79" hai1="56,113,3,52,126,70,111,13,35,73,115,0,6" hai2="128,29,17,76,33,86,83,101,72,93,81,28,120" hai3="63,71,48,39,102,124,31,26,135,97,84,2,107"/><T130/><D105/><U103/><E70/><V112/><F120/><W30/><G135/><T67/><D121/><U36/><E36/><V125/><F112/><N who="1" m="43081" /><E35/><V19/><F128/><W12/><G2/><T8/><D132/><U89/><E111/><V123/><F123/><W68/><G39/><T32/><D32/><U42/><E42/><V87/><F125/><W22/><G124/><T114/><D114/><U49/><E126/><V57/><F72/><W98/><G48/><T18/><D130/><U43/><E73/><V80/><F33/><W53/><G84/><N who="2" m="32297" /><F57/><W131/><G131/><T74/><D110/><U78/><E78/><V129/><F76/><W25/><G97/><T7/><D75/><U134/><E134/><V104/><F104/><W117/><G117/><T109/><D109/><U127/><E127/><V1/><F1/><N who="1" m="585" /><E103/><V41/><F41/><W85/><G68/><T55/><D91/><U4/><E43/><V88/><F101/><W108/><G108/><T59/><D59/><U119/><E119/><V24/><F129/><W21/><G71/><T38/><D38/><U20/><E89/><V47/><F47/><W46/><G46/><T94/><D94/><U60/><E60/><V45/><F45/><W106/><G106/><T27/><REACH who="0" step="1"/><D5/><REACH who="0" ten="240,250,250,250" step="2"/><U62/><E49/><V16/><F88/><W9/><G107/><T82/><AGARI ba="0,1" hai="7,8,15,18,23,27,50,55,58,66,67,74,79,82" machi="82" ten="30,11700,0" yaku="1,1,2,1,0,1,52,1,53,0" doraHai="10" doraHaiUra="116" who="0" fromWho="0" sc="240,127,250,-39,250,-39,250,-39" /><INIT seed="0,1,0,0,4,111" ten="367,211,211,211" oya="0" hai0="10,31,84,42,73,23,88,44,41,21,83,13,70" hai1="17,127,130,54,109,90,112,121,69,48,22,53,66" hai2="35,68,126,12,79,50,135,133,85,7,15,52,1" hai3="95,64,118,14,25,99,76,74,119,106,122,110,5"/><T104/><D104/><U82/><E109/><V91/><F68/><W61/><G110/><T94/><D70/><U120/><E90/><V56/><F35/><W77/><G106/><T8/><D8/><U45/><E82/><V49/><F79/><W59/><G122/><N who="1" m="47210" /><E17/><V38/><F38/><W62/><G118/><T129/><D129/><U97/><E97/><V39/><F39/><W131/><G131/><T102/><D31/><U46/><E22/><V60/><F1/><W93/><G119/><T113/><D42/><N who="1" m="24631" /><E130/><V58/><F7/><W0/><G61/><T11/><D11/><U80/><E80/><V125/><F60/><W81/><G0/><T4/><D23/><U19/><E19/><V115/><F85/><W20/><G99/><T71/><D21/><U9/><E9/><V36/><F91/><W75/><G75/><T26/><D26/><U101/><E101/><V98/><F98/><W96/><G96/><T27/><D27/><U67/><E127/><V28/><F28/><N who="3" m="17447" /><G74/><T128/><D128/><U30/><E30/><V57/><F126/><W32/><G32/><T116/><D102/><U123/><E123/><V29/><F29/><W6/><G14/><T134/><D83/><U72/><E72/><V24/><F125/><W86/><G77/><T37/><D73/><U107/><E107/><V18/><F15/><W2/><G2/><T87/><D116/><U43/><E69/><V33/><F12/><W65/><G5/><T89/><D71/><U100/><E100/><V51/><F33/><W124/><G124/><T40/><D4/><U34/><E34/><RYUUKYOKU ba="1,0" sc="367,0,211,0,211,0,211,0" /><INIT seed="1,2,0,5,5,5" ten="367,211,211,211" oya="1" hai0="11,61,14,60,48,79,19,130,98,27,37,39,97" hai1="103,41,38,9,125,126,90,8,53,134,101,123,110" hai2="12,75,95,4,71,21,113,42,115,104,16,65,18" hai3="6,69,76,30,51,34,82,116,105,119,62,2,94"/><U81/><E123/><V88/><F104/><W112/><G94/><T86/><D39/><U92/><E134/><V73/><F4/><W77/><G77/><T122/><D37/><U3/><E3/><V20/><F42/><W63/><G105/><T1/><D1/><U55/><E81/><V56/><F71/><W46/><G112/><N who="2" m="43081" /><F56/><W127/><G127/><N who="1" m="48650" /><E41/><V33/><F65/><W35/><G30/><T121/><D130/><U44/><E38/><V100/><F100/><N who="1" m="38473" /><E110/><V74/><F33/><N who="3" m="12299" /><G69/><T78/><D121/><U85/><E44/><V36/><F36/><W32/><G32/><T109/><D109/><U87/><E85/><N who="2" m="52623" /><F18/><W72/><G6/><T114/><D86/><U25/><E25/><V96/><F96/><N who="0" m="36970" /><D27/><U66/><E66/><V91/><F91/><W68/><G2/><T10/><D114/><U84/><E84/><V89/><F89/><W17/><G72/><T99/><D99/><U59/><E55/><V64/><F64/><W102/><G82/><T117/><D122/><U107/><E107/><V54/><F54/><W13/><G76/><T106/><D106/><U80/><E80/><V31/><F31/><W111/><G102/><T49/><D79/><U24/><E24/><V7/><F7/><W28/><G28/><T57/><D78/><U52/><E53/><V45/><F45/><W129/><G111/><T128/><D128/><U132/><E132/><V124/><F124/><W118/><G129/><T43/><D43/><U58/><E52/><V47/><F47/><W70/><G62/><T131/><D131/><U133/><E133/><V67/><F67/><RYUUKYOKU ba="2,0" sc="367,-15,211,15,211,15,211,-15" hai1="8,9,58,59,87,90,92" hai2="12,16,20,21,73,74,75" /><INIT seed="1,3,0,1,1,31" ten="352,226,226,196" oya="1" hai0="65,71,32,96,121,50,129,55,48,30,120,21,5" hai1="64,125,35,41,105,90,38,88,63,43,23,115,89" hai2="91,62,74,61,93,9,14,68,116,104,11,34,7" hai3="92,47,49,10,82,76,4,109,19,134,99,52,108"/><U119/><E115/><V0/><F116/><W53/><G134/><T72/><D72/><U103/><E119/><V6/><F104/><W110/><G19/><T112/><D112/><U44/><E125/><V114/><F114/><W46/><G99/><T12/><D129/><U126/><E126/><V101/><F101/><W15/><G92/><T100/><D5/><U58/><E35/><V25/><F74/><W69/><G69/><T132/><D132/><U2/><E2/><V106/><F106/><W37/><G37/><T85/><D85/><U124/><E124/><V113/><F113/><W84/><G47/><T60/><D12/><U130/><E130/><V128/><F128/><W83/><G83/><T78/><D78/><U81/><E41/><AGARI ba="3,0" hai="4,10,15,41,46,49,52,53,76,82,84,108,109,110" machi="41" ten="40,8000,1" yaku="25,2,14,1,54,1" doraHai="31" who="3" fromWho="1" sc="352,0,226,-89,226,0,196,89" /><INIT seed="2,0,0,2,4,117" ten="352,137,226,285" oya="2" hai0="0,12,49,91,39,70,51,21,119,80,88,15,86" hai1="3,22,74,85,16,100,9,104,13,29,41,24,108" hai2="87,67,66,40,26,101,107,122,53,72,128,58,112" hai3="116,30,126,123,96,78,127,68,65,32,44,94,95"/><V106/><F72/><W18/><G116/><T131/><D39/><U28/><E74/><V90/><F112/><W69/><G78/><T75/><D0/><U17/><E104/><V19/><F128/><W99/><G65/><T34/><D34/><U2/><E100/><V129/><F129/><W134/><G134/><T81/><D70/><U103/><E103/><V110/><F40/><W93/><G44/><T20/><D131/><U27/><E85/><V56/><F110/><W59/><G59/><T52/><D119/><U55/><E55/><V54/><F101/><W97/><G18/><T77/><D49/><U1/><E41/><V8/><F26/><N who="1" m="9769" /><E108/><V31/><F31/><N who="1" m="11849" /><E17/><V83/><F19/><W43/><G43/><T60/><D60/><U124/><E124/><N who="3" m="47658" /><G30/><T48/><D48/><U114/><E114/><V62/><F67/><W4/><G32/><T79/><D91/><U10/><AGARI ba="0,0" hai="1,2,3,9,10,13,16,22" m="11849,9769" machi="10" ten="40,12000,2" yaku="35,5,54,1" doraHai="117" who="1" fromWho="1" sc="352,-30,137,120,226,-60,285,-30" /><INIT seed="3,0,0,1,1,58" ten="322,257,166,255" oya="3" hai0="125,93,27,30,88,107,64,25,26,115,119,110,134" hai1="120,112,108,126,1,73,50,131,102,66,67,46,81" hai2="33,104,111,135,51,76,105,132,82,100,56,24,79" hai3="35,17,80,122,124,9,21,97,90,106,61,53,28"/><W117/><G117/><T18/><D107/><U118/><E120/><V59/><F111/><W16/><G122/><T19/><D119/><U15/><E1/><V85/><F79/><W83/><G35/><T77/><D110/><U10/><E108/><V47/><F33/><W65/><G106/><N who="2" m="41065" /><F24/><N who="3" m="16399" /><G124/><T89/><D30/><U62/><E112/><V31/><F100/><W71/><G71/><T129/><D129/><U127/><E118/><V130/><F31/><W84/><G65/><T75/><D134/><N who="2" m="51242" /><F130/><W45/><G97/><T40/><D40/><AGARI ba="0,0" hai="40,47,51,56,59,76,82,85" m="51242,41065" machi="40" ten="30,1000,0" yaku="20,1" doraHai="58" who="2" fromWho="0" sc="322,-10,257,0,166,10,255,0" /><INIT seed="4,0,0,3,5,33" ten="312,257,176,255" oya="0" hai0="103,27,89,124,14,51,71,31,62,11,81,126,85" hai1="1,113,66,112,77,7,38,52,105,58,75,82,35" hai2="118,116,97,128,95,18,133,41,45,70,6,19,56" hai3="57,32,43,26,102,46,39,36,93,29,134,122,78"/><T55/><D103/><U3/><E38/><V2/><F70/><W129/><G122/><T79/><D71/><U101/><E35/><V63/><F128/><W120/><G120/><T115/><D62/><U100/><E66/><N who="2" m="39271" /><F133/><W127/><G134/><T44/><D115/><N who="1" m="44107" /><E7/><V111/><F111/><W8/><G127/><T119/><D119/><N who="2" m="45610" /><F6/><W69/><G69/><T15/><D15/><U25/><E25/><V94/><F2/><N who="1" m="521" /><E105/><V5/><F5/><W13/><G129/><T74/><D27/><U88/><E88/><N who="2" m="55495" /><F95/><W37/><G93/><T135/><D31/><U90/><E90/><V117/><F117/><W109/><G29/><T86/><D135/><U34/><E34/><V121/><F121/><W76/><G32/><T22/><D89/><U53/><E53/><V110/><F110/><W9/><G109/><T104/><D104/><U108/><E108/><V28/><F28/><W123/><G123/><T49/><D55/><U132/><E132/><V47/><F41/><W87/><G43/><T106/><D106/><U12/><E12/><V0/><F0/><W80/><G26/><T4/><D124/><U92/><E92/><V130/><F130/><W64/><G13/><T24/><D126/><U114/><E114/><V50/><F19/><W42/><G42/><T20/><D4/><U23/><E23/><V17/><F17/><W54/><G54/><T16/><D20/><U84/><E75/><V125/><F125/><W83/><G64/><T21/><D22/><U61/><AGARI ba="0,0" hai="52,58,61,77,82,84,100,101" m="521,44107" machi="61" ten="30,12000,2" yaku="15,1,11,1,52,3,54,1" doraHai="33" who="1" fromWho="1" sc="312,-60,257,120,176,-30,255,-30" /><INIT seed="5,0,0,1,0,35" ten="252,377,146,225" oya="1" hai0="53,92,21,102,132,94,134,105,20,125,106,114,97" hai1="81,26,111,131,75,63,87,84,27,116,71,64,38" hai2="58,0,120,108,107,69,37,67,10,16,28,93,3" hai3="24,32,101,1,100,113,19,33,70,126,40,54,13"/><U79/><E38/><V130/><F107/><W42/><G70/><T133/><D125/><U14/><E116/><V2/><F108/><W77/><G126/><T99/><D53/><U118/><E118/><V48/><F120/><W7/><G77/><T47/><D47/><U128/><E14/><V23/><F37/><W119/><G119/><T68/><D68/><U121/><E121/><V30/><F10/><W78/><G78/><T12/><D114/><U44/><E44/><V127/><F127/><W122/><G122/><T29/><D29/><U41/><E41/><V104/><F104/><N who="0" m="40042" /><D12/><U11/><E11/><V56/><F130/><N who="1" m="49705" /><E111/><V39/><F39/><W80/><G113/><T18/><D18/><U129/><E129/><V34/><F34/><N who="3" m="13419" /><G24/><AGARI ba="0,0" hai="24,26,27,63,64,71,75,79,81,84,87" m="49705" machi="24" ten="30,1500,0" yaku="19,1" doraHai="35" who="1" fromWho="3" sc="252,0,377,15,146,0,225,-15" /><INIT seed="5,1,0,5,0,71" ten="252,392,146,210" oya="1" hai0="9,97,24,117,87,64,62,59,102,40,34,89,128" hai1="115,14,121,75,2,54,42,100,18,95,119,105,80" hai2="84,53,68,70,93,3,23,109,4,125,110,32,16" hai3="112,126,96,81,58,22,51,33,41,55,104,77,118"/><U47/><E2/><V92/><F32/><W78/><G118/><T26/><D128/><U72/><E119/><V130/><F130/><W113/><G33/><T82/><D34/><U44/><E121/><V116/><F116/><W135/><G135/><T13/><D40/><U38/><E105/><V0/><F53/><W106/><G126/><T48/><D48/><U66/><E66/><V46/><F46/><N who="3" m="26063" /><G22/><T83/><D83/><U65/><E65/><V11/><F125/><W39/><G39/><T36/><D36/><U30/><E30/><V134/><F134/><W27/><G27/><T43/><D43/><U131/><E115/><N who="3" m="44106" /><G96/><T20/><D20/><U98/><E80/><V120/><F120/><W122/><G78/><T132/><D132/><U10/><E131/><V19/><F23/><W124/><G124/><T29/><D29/><U35/><E35/><V56/><F11/><W50/><G122/><T67/><D67/><U8/><E8/><V74/><F109/><W57/><G57/><T31/><D31/><U101/><E101/><V45/><F56/><W73/><AGARI ba="1,0" hai="50,55,58,73,77,81,104,106" m="44106,26063" machi="73" ten="30,1100,0" yaku="15,1" doraHai="71" who="3" fromWho="3" sc="252,-4,392,-6,146,-4,210,14" /><INIT seed="6,0,0,0,1,130" ten="248,386,142,224" oya="2" hai0="92,60,100,122,70,13,77,3,55,120,9,83,82" hai1="106,113,54,56,105,57,75,104,116,1,34,71,42" hai2="62,18,38,80,25,68,114,4,19,10,69,84,74" hai3="93,129,16,133,124,22,118,14,72,45,115,2,64"/><V96/><F38/><W35/><G72/><T67/><D3/><U23/><E34/><V103/><F74/><W20/><G64/><T36/><D36/><U101/><E71/><V108/><F114/><W0/><G45/><T59/><D100/><U85/><E75/><V50/><F108/><W12/><G93/><T86/><D92/><U51/><E1/><N who="3" m="618" /><G118/><T6/><D83/><U131/><E116/><V76/><F4/><W61/><G61/><AGARI ba="0,0" hai="6,9,13,55,59,60,61,67,70,77,82,86,120,122" machi="61" ten="30,1000,0" yaku="7,1" doraHai="130" who="0" fromWho="3" sc="248,10,386,0,142,0,224,-10" /><INIT seed="7,0,0,1,1,110" ten="258,386,142,214" oya="3" hai0="1,21,48,69,104,124,12,66,54,129,132,79,27" hai1="91,94,96,119,14,46,126,9,86,51,36,76,111" hai2="24,68,75,123,26,50,22,67,82,0,83,95,28" hai3="114,93,97,81,73,5,90,109,33,89,120,115,35"/><W98/><G5/><T127/><D1/><U57/><E111/><V56/><F0/><W116/><G109/><T99/><D79/><U37/><E126/><N who="0" m="48169" /><D12/><U85/><E119/><V19/><F123/><W108/><G108/><T121/><D121/><U103/><E57/><V74/><F68/><W16/><G120/><T60/><D132/><U107/><E85/><V78/><F67/><W100/><G116/><T134/><D134/><U62/><E62/><V52/><F95/><N who="3" m="56567" /><G33/><T128/><D99/><U7/><E76/><V41/><F41/><AGARI ba="0,0" hai="7,9,14,36,37,41,46,51,86,91,94,96,103,107" machi="41" ten="30,1000,0" yaku="7,1" doraHai="110" who="1" fromWho="2" sc="258,0,386,10,142,-10,214,0" owari="258,6.0,396,50.0,132,-37.0,214,-19.0" /></mjloggm>