<mjloggm ver="2.3"><GO type="169" lobby="0"/><UN n0="%42%6C%61%63%6B%43%61%74" n1="%E3%82%A6%E3%83%AB%E3%83%88%E3%83%A9%E7%AB%8B%E7%9B%B4" n2="%69%6E%66%6F%31%32%33" n3="%E7%AB%B9%E4%BA%95%E4%B9%85%EF%BC%A0%E9%83%A8%E9%95%B7" dan="16,17,16,17" rate="2044.86,2167.33,2095.90,2149.60" sx="M,M,M,F"/><TAIKYOKU oya="0"/><INIT seed="0,0,0,4,4,72" ten="250,250,250,250" oya="0" hai0="98,11,1,70,34,133,39,63,54,49,124,48,87" hai1="103,80,31,77,82,29,13,20,38,130,122,8,109" hai2="56,51,84,118,68,86,79,81,10,105,14,23,53" hai3="83,24,73,120,94,89,64,22,58,117,76,44,104"/><T18/><D34/><U66/><E122/><V90/><F118/><W112/><G117/><T12/><D39/><U131/><E38/><V135/><F135/><W99/><G112/><T106/><D133/><U102/><E66/><V30/><F105/><W7/><G120/><T41/><D124/><U129/><E109/><V6/><F68/><W52/><G7/><T25/><D41/><U71/><E71/><V127/><F127/><W100/><G64/><T134/><D134/><U40/><E40/><V50/><F50/><W121/><G44/><T114/><D114/><U0/><E0/><V55/><F55/><W128/><G128/><T27/><D1/><U62/><E62/><V97/><F97/><W91/><G104/><T119/><D119/><U93/><E93/><V59/><F59/><W33/><G33/><T4/><D70/><U78/><E20/><V108/><F108/><W88/><G121/><T46/><D87/><N who="1" m="48527" /><E29/><V132/><F132/><W69/><G69/><T57/><D106/><U65/><E31/><V42/><F42/><W60/><G100/><T21/><D25/><U3/><E65/><V85/><REACH who="2" step="1"/><F90/><REACH who="2" ten="250,250,240,250" step="2"/><W75/><REACH who="3" step="1"/><G75/><REACH who="3" ten="250,250,240,240" step="2"/><T92/><REACH who="0" step="1"/><D46/><REACH who="0" ten="240,250,240,240" step="2"/><U26/><E130/><V116/><F116/><W113/><G113/><T36/><D36/><U47/><E47/><V95/><F95/><W37/><G37/><T43/><D43/><U74/><E131/><V2/><F2/><W35/><G35/><T101/><AGARI ba="0,3" hai="4,11,12,18,21,27,48,49,54,57,63,92,98,101" machi="101" ten="20,7800,0" yaku="1,1,0,1,7,1,8,1,53,0" doraHai="72" doraHaiUra="110" who="0" fromWho="0" sc="240,108,250,-26,240,-26,240,-26" /><INIT seed="0,1,0,1,1,116" ten="348,224,214,214" oya="0" hai0="102,101,77,4,128,79,32,89,104,0,58,24,134" hai1="73,46,14,35,90,65,129,120,36,38,98,122,103" hai2="33,19,112,53,71,92,133,78,106,82,28,87,9" hai3="6,25,69,117,18,57,80,115,119,51,74,48,15"/><T85/><D134/><U114/><E90/><V59/><F112/><W109/><G115/><T99/><D128/><U131/><E14/><V96/><F133/><W61/><G69/><T125/><D102/><U126/><E114/><V118/><F71/><W83/><G109/><T1/><D125/><U121/><E126/><V88/><F118/><W11/><G117/><T16/><D58/><U45/><E65/><V2/><F106/><W97/><G119/><T55/><D55/><U127/><E127/><V52/><F33/><W43/><G74/><T105/><D105/><N who="1" m="63735" /><E73/><V76/><F28/><W60/><G60/><T12/><D24/><U20/><E20/><V67/><F2/><W47/><G51/><T8/><D32/><U75/><E75/><V31/><F31/><W132/><G132/><T64/><D64/><U54/><E35/><V13/><F78/><W62/><G62/><AGARI ba="1,0" hai="9,13,19,52,53,59,62,67,76,82,87,88,92,96" machi="62" ten="40,5200,0" yaku="8,1,54,2" doraHai="116" who="2" fromWho="3" sc="348,0,224,0,214,55,214,-55" /><INIT seed="1,0,0,1,4,113" ten="348,224,269,159" oya="1" hai0="50,108,117,1,27,114,23,74,129,47,96,42,13" hai1="31,119,32,63,11,39,120,81,65,104,111,89,38" hai2="24,124,94,76,88,115,19,0,82,28,55,57,80" hai3="22,87,54,95,2,84,49,26,14,52,29,15,79"/><U86/><E120/><V134/><F115/><W100/><G2/><T78/><D114/><U131/><E104/><V83/><F134/><W98/><G54/><T48/><D1/><U118/><E131/><V68/><F68/><W62/><G62/><T35/><D129/><U59/><E111/><V70/><F70/><W106/><G106/><T72/><D108/><U30/><E11/><V51/><F0/><W8/><G79/><T92/><D35/><U60/><E60/><V37/><F37/><W4/><REACH who="3" step="1"/><G15/><REACH who="3" ten="348,224,269,149" step="2"/><T43/><D13/><U109/><E109/><V33/><F124/><W128/><G128/><T10/><D78/><U127/><E127/><V45/><F57/><AGARI ba="0,1" hai="4,8,14,22,26,29,49,52,57,84,87,95,98,100" machi="57" ten="30,7700,0" yaku="1,1,7,1,8,1,54,1,53,0" doraHai="113" doraHaiUra="103" who="3" fromWho="2" sc="348,0,224,0,269,-77,149,87" /><INIT seed="2,0,0,3,3,14" ten="348,224,192,236" oya="2" hai0="75,63,3,90,70,130,98,24,109,82,53,21,23" hai1="15,67,113,13,28,22,124,27,80,77,87,97,94" hai2="119,66,74,86,26,5,88,31,118,58,39,79,102" hai3="59,51,41,85,115,6,46,25,112,114,120,35,134"/><V117/><F39/><W40/><G120/><T121/><D3/><U133/><E113/><V78/><F5/><W91/><G134/><T16/><D121/><U4/><E124/><V72/><F102/><W108/><G108/><T111/><D130/><U32/><E133/><V44/><F44/><W9/><G59/><T64/><D53/><U7/><E67/><V0/><F0/><W96/><G96/><T110/><D75/><U103/><E32/><V17/><F72/><W95/><G41/><T57/><D70/><U36/><E36/><V81/><F74/><W135/><G135/><T68/><D68/><U50/><E15/><V38/><F38/><W107/><G107/><T54/><D54/><U116/><E116/><V106/><F106/><W105/><G105/><T49/><D49/><U33/><REACH who="1" step="1"/><E50/><REACH who="1" ten="348,214,192,236" step="2"/><V93/><F119/><W100/><G35/><T131/><D131/><U127/><E127/><V8/><F118/><W128/><G128/><T104/><D111/><U125/><E125/><V18/><F117/><W126/><G126/><T48/><D48/><U37/><E37/><V60/><F8/><W101/><G25/><N who="0" m="14503" /><D110/><U55/><E55/><V84/><F78/><W52/><G40/><T56/><D109/><U99/><E99/><V12/><F12/><AGARI ba="0,1" hai="6,9,12,46,51,52,85,91,95,100,101,112,114,115" machi="12" ten="40,2600,0" yaku="11,1,54,1" doraHai="14" who="3" fromWho="2" sc="348,0,214,0,192,-26,236,36" /><INIT seed="3,0,0,4,2,63" ten="348,214,166,272" oya="3" hai0="32,73,75,61,99,9,131,15,100,132,70,6,17" hai1="21,67,87,135,126,129,29,85,104,44,39,92,27" hai2="18,93,2,64,130,83,124,41,57,55,101,50,78" hai3="97,90,8,134,112,98,26,108,25,84,115,88,117"/><W53/><G117/><T71/><D32/><U113/><E104/><V42/><F2/><W107/><G134/><T13/><D132/><U47/><E135/><V19/><F130/><W81/><G53/><T111/><D111/><U114/><E129/><V5/><F5/><W10/><G107/><T80/><D131/><U38/><E126/><V37/><F37/><W40/><G84/><T109/><D109/><U1/><E1/><V103/><F124/><W127/><G127/><T56/><D75/><U46/><E92/><V51/><F64/><W123/><G108/><T65/><D80/><U116/><E116/><V0/><F0/><W125/><G125/><T77/><D77/><U7/><E7/><V14/><F51/><W82/><REACH who="3" step="1"/><G40/><REACH who="3" ten="348,214,166,262" step="2"/><T96/><D73/><U120/><E87/><N who="2" m="48631" /><F42/><W24/><G24/><T95/><D99/><U33/><E85/><V89/><F41/><W20/><G20/><AGARI ba="0,1" hai="6,9,13,15,17,20,56,61,65,70,71,95,96,100" machi="20" ten="30,2000,0" yaku="7,1,52,1" doraHai="63" who="0" fromWho="3" sc="348,30,214,0,166,0,262,-20" /><INIT seed="4,0,0,2,0,35" ten="378,214,166,242" oya="0" hai0="129,21,97,135,130,80,44,20,43,84,14,117,49" hai1="100,132,57,77,92,48,121,106,78,115,113,79,7" hai2="39,114,88,60,98,95,34,105,58,66,75,41,128" hai3="51,111,63,50,104,72,22,31,110,134,126,59,37"/><T10/><D117/><U127/><E48/><V47/><F34/><W38/><G72/><T67/><D135/><U45/><E57/><V5/><F75/><W87/><G104/><T19/><D67/><U89/><E45/><V0/><F114/><N who="1" m="43529" /><E7/><V62/><F128/><W15/><G87/><T96/><D21/><U42/><E42/><V1/><F105/><W108/><G134/><T18/><D130/><U124/><E132/><V70/><F5/><W76/><G51/><T13/><REACH who="0" step="1"/><D129/><REACH who="0" ten="368,214,166,242" step="2"/><U36/><E121/><V32/><F32/><W131/><G22/><T26/><D26/><U61/><E36/><V3/><F3/><W9/><G38/><T133/><D133/><U125/><E61/><V30/><F30/><W29/><G29/><T69/><D69/><U81/><E106/><V116/><F116/><W2/><G63/><T6/><D6/><U16/><E16/><V99/><F99/><W83/><G31/><T123/><D123/><U71/><E71/><V55/><AGARI ba="0,1" hai="0,1,39,41,47,55,58,60,62,66,70,88,95,98" machi="55" ten="20,8000,1" yaku="0,1,7,1,52,2,54,1" doraHai="35" who="2" fromWho="2" sc="368,-40,214,-20,166,90,242,-20" /><INIT seed="5,0,0,4,4,94" ten="328,194,256,222" oya="1" hai0="17,5,103,9,88,36,62,97,113,104,23,0,92" hai1="51,134,81,12,14,129,91,119,116,1,49,102,115" hai2="58,123,69,38,48,96,16,127,109,67,121,42,87" hai3="83,90,34,133,101,45,7,6,76,31,3,114,120"/><U73/><E1/><V25/><F109/><W19/><G120/><T56/><D36/><U110/><E102/><V89/><F127/><W128/><G114/><T11/><D113/><U35/><E115/><V54/><F25/><W131/><G133/><T43/><D43/><U117/><E35/><V40/><F40/><W93/><G101/><T15/><D9/><U57/><E134/><V66/><F16/><W80/><G80/><T107/><REACH who="0" step="1"/><D103/><REACH who="0" ten="318,194,256,222" step="2"/><U106/><E119/><V13/><F42/><W108/><G128/><T22/><D22/><U10/><E117/><V64/><F38/><W50/><G131/><T95/><D95/><U55/><E116/><V105/><F123/><W21/><G93/><T27/><D27/><U65/><E129/><V124/><F121/><W32/><G21/><T46/><D46/><U2/><E110/><V100/><F124/><W75/><G45/><T98/><D98/><U82/><E10/><V71/><REACH who="2" step="1"/><F13/><REACH who="2" ten="318,194,246,222" step="2"/><W84/><G108/><T130/><D130/><U70/><E14/><V72/><F72/><W63/><G75/><T18/><D18/><U37/><E12/><V29/><F29/><W68/><G31/><T77/><D77/><U53/><E37/><V39/><F39/><W111/><G76/><T4/><D4/><U112/><E73/><V41/><F41/><W30/><G7/><T135/><D135/><U74/><E74/><V60/><F60/><W20/><G63/><T85/><D85/><U8/><E112/><V126/><F126/><W99/><G84/><T78/><D78/><U52/><E8/><V122/><F122/><RYUUKYOKU ba="0,2" sc="318,15,194,-15,246,15,222,-15" hai0="0,5,11,15,17,23,56,62,88,92,97,104,107" hai2="48,54,58,64,66,67,69,71,87,89,96,100,105" /><INIT seed="6,1,2,4,1,126" ten="333,179,261,207" oya="2" hai0="135,9,34,95,41,108,62,20,105,77,22,74,84" hai1="56,38,21,4,27,97,29,70,129,55,109,18,113" hai2="26,103,68,134,104,82,101,86,39,125,33,0,132" hai3="7,116,42,87,10,46,83,45,52,36,93,53,119"/><V28/><F39/><W63/><G93/><T107/><D108/><U111/><E70/><V99/><F125/><W32/><G32/><T11/><D34/><U37/><E37/><V128/><F0/><W30/><G30/><T17/><D74/><U122/><E38/><V31/><F31/><W35/><G35/><T106/><D135/><N who="2" m="51754" /><F101/><W12/><G46/><T14/><D41/><U102/><E4/><V130/><F68/><W92/><G92/><T5/><D62/><U98/><E122/><V75/><F75/><W24/><G24/><T133/><D133/><U51/><E113/><V114/><F114/><W96/><G96/><T91/><REACH who="0" step="1"/><D77/><AGARI ba="1,2" hai="26,28,33,77,82,86,99,103,104,128,130" m="51754" machi="77" ten="30,5800,0" yaku="20,1,52,2" doraHai="126" who="2" fromWho="0" sc="333,-61,179,0,261,81,207,0" /><INIT seed="6,2,0,0,2,120" ten="272,179,342,207" oya="2" hai0="61,72,65,135,114,108,28,32,58,130,91,95,111" hai1="116,1,9,25,124,59,40,99,33,126,93,134,122" hai2="67,121,100,49,43,6,11,68,22,80,19,42,48" hai3="105,46,129,8,4,86,31,87,64,84,107,38,77"/><V51/><F121/><W104/><G129/><T94/><D72/><U125/><E122/><V44/><F100/><W118/><G118/><T34/><D130/><U57/><E116/><V97/><F97/><W106/><G106/><T5/><D5/><N who="1" m="1199" /><E134/><V70/><F70/><W16/><G31/><T69/><D135/><U115/><E115/><V62/><F80/><W128/><G128/><T66/><D114/><U119/><E119/><V52/><F43/><W3/><G64/><T79/><D79/><U90/><E40/><V56/><F11/><W37/><G77/><T13/><D13/><U92/><E92/><V12/><REACH who="2" step="1"/><F6/><REACH who="2" ten="272,179,332,207" step="2"/><W102/><G102/><T81/><D81/><U132/><E132/><V112/><F112/><W88/><G4/><T71/><D71/><U35/><E35/><V27/><F27/><W24/><G24/><T18/><D34/><U113/><E113/><V78/><F78/><W50/><G8/><T29/><D32/><U101/><E101/><V83/><F83/><W117/><G117/><T0/><D69/><U82/><E82/><V123/><F123/><W23/><G104/><T30/><D95/><U7/><E7/><V36/><AGARI ba="2,1" hai="12,19,22,36,42,44,48,49,51,52,56,62,67,68" machi="36" ten="20,18000,2" yaku="1,1,0,1,7,1,24,2,54,1,53,0" doraHai="120" doraHaiUra="109" who="2" fromWho="2" sc="272,-62,179,-62,332,196,207,-62" /><INIT seed="6,3,0,1,5,26" ten="210,117,528,145" oya="2" hai0="15,85,103,108,51,131,21,16,105,12,0,133,5" hai1="23,134,37,1,60,63,28,92,132,25,31,9,59" hai2="72,41,53,135,36,67,76,6,115,125,38,94,77" hai3="52,29,46,84,68,14,78,100,47,75,104,95,74"/><V45/><F115/><W43/><G68/><T34/><D108/><U13/><E37/><V97/><F135/><N who="1" m="51753" /><E1/><V118/><F125/><W81/><G104/><T62/><D133/><U112/><E112/><V2/><F118/><W114/><G114/><T123/><D123/><U20/><E92/><V82/><F67/><W11/><G29/><N who="1" m="11338" /><E25/><V101/><F76/><W24/><G24/><T126/><D0/><U32/><E32/><V54/><F38/><W33/><G33/><T58/><D34/><U90/><E90/><V122/><F122/><W42/><G95/><T106/><D106/><U3/><E3/><V18/><F18/><W129/><G100/><T79/><D103/><U70/><E70/><V119/><F119/><W8/><G129/><T22/><D131/><U7/><E63/><V48/><F48/><W44/><G14/><N who="0" m="9367" /><D51/><U96/><E96/><V110/><F110/><W121/><G121/><T107/><D105/><U117/><E117/><V39/><F39/><W83/><G83/><N who="0" m="47359" /><D107/><U57/><E57/><V30/><F30/><W87/><G81/><T127/><D15/><U109/><E109/><V113/><F113/><W86/><G78/><T111/><D111/><U88/><E88/><V56/><F56/><W130/><G130/><T98/><D98/><U99/><E99/><V49/><F49/><W80/><G80/><T93/><D93/><U61/><E61/><V17/><F17/><W35/><G35/><T4/><D62/><U124/><E124/><N who="0" m="47657" /><D58/><U19/><E7/><V116/><F116/><W102/><G102/><T89/><D89/><U91/><E91/><RYUUKYOKU ba="3,0" sc="210,10,117,10,528,10,145,-30" hai0="4,5,12,22" hai1="9,13,19,20,23,59,60" hai2="2,6,36,41,45,53,54,72,77,82,94,97,101" /><INIT seed="6,4,0,3,3,59" ten="220,127,538,115" oya="2" hai0="82,11,114,56,63,134,88,67,13,94,91,73,3" hai1="121,34,5,83,104,45,77,40,17,79,89,119,29" hai2="50,66,12,86,78,101,102,64,124,112,70,123,24" hai3="126,120,100,93,14,135,21,30,109,81,125,51,65"/><V7/><F123/><W130/><G109/><T75/><D3/><U122/><E104/><V49/><F112/><W85/><G120/><N who="1" m="46186" /><E5/><V36/><F36/><W95/><G130/><T0/><D0/><U127/><E127/><V10/><F124/><N who="3" m="47723" /><G135/><T52/><D134/><U113/><E113/><V99/><F101/><W48/><G65/><T28/><D28/><U15/><E119/><V19/><F70/><W9/><G21/><T80/><D114/><U128/><E128/><V22/><F102/><W57/><G30/><T23/><D23/><N who="1" m="11711" /><E29/><V116/><F99/><N who="3" m="59503" /><G95/><T132/><D132/><U46/><E34/><V103/><F103/><W71/><G57/><T35/><D35/><U16/><E16/><V92/><F116/><W98/><G98/><T26/><D67/><N who="2" m="25642" /><F92/><W25/><G25/><T58/><D26/><U8/><E8/><V27/><F27/><W118/><G71/><T61/><D94/><U87/><E46/><V55/><F55/><W39/><G118/><T129/><D129/><U106/><E106/><V62/><F24/><W41/><G9/><T133/><D133/><U68/><E68/><V115/><F115/><W20/><G20/><T33/><D33/><U54/><E54/><V42/><F22/><W38/><G14/><T4/><D82/><U111/><E111/><V108/><F108/><W84/><G81/><T1/><D80/><U69/><E69/><V44/><F19/><W74/><G41/><T107/><D107/><U96/><E96/><V2/><F42/><W6/><G6/><T72/><D1/><U76/><E76/><V131/><F131/><RYUUKYOKU ba="4,0" sc="220,15,127,15,538,-15,115,-15" hai0="4,11,13,52,56,58,61,63,72,73,75,88,91" hai1="40,45,77,79,83,87,89" /><INIT seed="7,5,0,5,1,30" ten="235,142,523,100" oya="3" hai0="8,3,134,135,109,58,120,41,79,26,82,110,36" hai1="67,99,35,103,124,104,73,37,46,42,100,14,43" hai2="105,17,75,113,16,54,112,102,0,66,114,130,89" hai3="11,94,83,108,20,33,2,38,31,6,107,71,132"/><W85/><G107/><T57/><D120/><U28/><E103/><V131/><F0/><W40/><G71/><T32/><D58/><U70/><E14/><V126/><F126/><W98/><G132/><N who="0" m="50731" /><D57/><U116/><E43/><V72/><F66/><W45/><G108/><T101/><D101/><U74/><E124/><V65/><F65/><W80/><G20/><T4/><D41/><U90/><E90/><V111/><F111/><W50/><G38/><T95/><D95/><U10/><E10/><V7/><F7/><W53/><G40/><T25/><D36/><U22/><E22/><V13/><F54/><W93/><G98/><T76/><D76/><U62/><E116/><V77/><F89/><W15/><G2/><T81/><D81/><U47/><E47/><V49/><F49/><W128/><G128/><N who="2" m="49193" /><F77/><W60/><G60/><T19/><D109/><U119/><E119/><V5/><F5/><W123/><G123/><T39/><D39/><U18/><E18/><N who="2" m="7275" /><F13/><W106/><G106/><T118/><D110/><U55/><E55/><V51/><F51/><W97/><G97/><AGARI ba="5,0" hai="72,75,97,102,105,112,113,114" m="7275,49193" machi="97" ten="40,5200,0" yaku="15,1,19,1,54,1" doraHai="30" who="2" fromWho="3" sc="235,0,142,0,523,67,100,-67" owari="235,4.0,142,-26.0,590,69.0,33,-47.0" /></mjloggm>