<mjloggm ver="2.3"><GO type="169" lobby="0"/><UN n0="%E2%85%A8%E3%81%AE%E4%BC%91%E6%97%A5" n1="%E5%B0%B1%E6%B4%BB%E7%94%9F%40%E5%B7%9D%E6%9D%91%E8%BB%8D%E5%9B%A3" n2="%E3%81%82%E3%82%8A%E3%81%A1%E3%82%83" n3="%E3%82%AE%E3%82%AC%E3%83%9E%E3%82%A4%E3%83%B3" dan="16,19,16,17" rate="2130.22,2342.49,2044.37,2170.74" sx="M,M,M,M"/><TAIKYOKU oya="0"/><INIT seed="0,0,0,1,5,48" ten="250,250,250,250" oya="0" hai0="36,122,87,109,74,75,130,4,85,60,10,102,134" hai1="53,6,123,54,32,97,38,1,52,127,42,45,30" hai2="40,12,17,67,80,98,112,120,64,18,57,25,22" hai3="126,121,90,69,124,33,15,125,79,76,105,70,92"/><T61/><D122/><U81/><E123/><V119/><F120/><W110/><G105/><T73/><D36/><U108/><E108/><V14/><F119/><W46/><G121/><T91/><D130/><U29/><E127/><V20/><F112/><W101/><G33/><T49/><D109/><U50/><E32/><V68/><F40/><W44/><G110/><T59/><D102/><U84/><E38/><V117/><F68/><N who="3" m="26219" /><G101/><T83/><D134/><U128/><E128/><V93/><F117/><W23/><G23/><T47/><D87/><U66/><E66/><V11/><F80/><W55/><G15/><T77/><D59/><U31/><E97/><V39/><F39/><W3/><G3/><T103/><D103/><U51/><E1/><V16/><F57/><W131/><G131/><T95/><D95/><U86/><E6/><V19/><F19/><W27/><G27/><T116/><D91/><AGARI ba="0,0" hai="11,12,14,16,17,18,20,22,25,64,67,91,93,98" machi="91" ten="30,3900,0" yaku="7,1,8,1,54,1" doraHai="48" who="2" fromWho="0" sc="250,-39,250,0,250,39,250,0" /><INIT seed="1,0,0,4,5,93" ten="211,250,289,250" oya="1" hai0="126,84,104,100,82,54,113,9,33,94,66,130,118" hai1="53,78,132,102,39,74,105,128,30,60,35,98,106" hai2="8,40,119,76,121,21,81,43,88,1,32,19,120" hai3="20,3,61,24,34,42,75,67,68,55,58,56,45"/><U115/><E115/><V92/><F32/><W125/><G75/><T99/><D33/><U59/><E128/><V83/><F119/><W5/><G125/><T26/><D113/><U0/><E132/><V25/><F1/><W135/><G135/><T51/><D118/><U52/><E0/><V4/><F4/><W18/><G34/><T41/><D126/><U85/><E39/><V114/><F8/><W47/><G3/><T72/><D66/><U15/><E74/><V134/><F114/><W124/><G124/><T12/><D26/><U129/><E129/><V89/><F134/><W16/><G5/><T65/><D65/><U111/><E111/><V133/><F133/><W109/><G109/><T27/><D27/><U101/><E15/><V87/><F121/><W69/><G18/><T97/><D72/><U71/><E78/><V79/><F120/><W117/><G117/><T110/><D41/><N who="2" m="15946" /><F83/><W86/><G86/><AGARI ba="0,0" hai="19,21,25,76,79,81,86,87,88,89,92" m="15946" machi="86" ten="30,2000,0" yaku="8,1,54,1" doraHai="93" who="2" fromWho="3" sc="211,0,250,0,289,20,250,-20" /><INIT seed="2,0,0,4,2,7" ten="211,250,309,230" oya="2" hai0="86,104,134,109,25,15,31,4,79,8,122,80,53" hai1="95,64,129,17,117,6,16,51,131,115,19,60,22" hai2="32,91,65,93,1,3,113,41,74,101,126,130,88" hai3="90,128,105,11,83,132,106,124,44,2,94,92,118"/><V70/><F74/><W59/><G118/><T127/><D122/><U9/><E117/><V78/><F32/><W67/><G128/><N who="1" m="49226" /><E115/><V33/><F33/><W119/><G119/><T39/><D127/><U73/><E73/><V24/><F126/><W58/><G124/><T96/><D134/><U48/><E95/><V40/><F78/><W35/><G35/><T12/><D109/><U114/><E22/><V52/><F101/><W45/><G132/><T54/><D39/><U75/><E75/><V125/><F125/><W61/><G83/><T77/><D77/><U89/><E89/><V36/><F91/><W82/><G82/><T47/><D47/><U120/><E120/><V84/><F113/><W50/><G58/><T0/><D0/><N who="1" m="199" /><E114/><V18/><F1/><W107/><G94/><T28/><D15/><U14/><E14/><V26/><F3/><W72/><G72/><T121/><D121/><U81/><E81/><V87/><F93/><W23/><G23/><T123/><D123/><U110/><E110/><V66/><F130/><W103/><G103/><T63/><D25/><U43/><E43/><V38/><F26/><W57/><G92/><T76/><D76/><U13/><E13/><V27/><F88/><W71/><G90/><T133/><D133/><U68/><AGARI ba="0,0" hai="16,17,19,48,51,60,64,68" m="199,49226" machi="68" ten="30,4000,0" yaku="19,1,52,1,54,1" doraHai="7" who="1" fromWho="1" sc="211,-10,250,40,309,-20,230,-10" /><INIT seed="3,0,0,2,3,65" ten="201,290,289,220" oya="3" hai0="59,71,19,5,27,43,4,103,56,13,35,20,52" hai1="133,134,105,121,124,50,7,3,99,25,82,89,73" hai2="28,76,32,6,29,16,86,131,42,107,111,24,55" hai3="81,23,51,63,54,67,48,128,113,70,0,93,115"/><W30/><G0/><T120/><D120/><U112/><E3/><V96/><F111/><W12/><G128/><T108/><D108/><U41/><E7/><V123/><F123/><W38/><G38/><T85/><D71/><U100/><E41/><V98/><F131/><W118/><G118/><T66/><D43/><U97/><E50/><V90/><F76/><W109/><G109/><T127/><D127/><U53/><E53/><V14/><F6/><W49/><G54/><T117/><D117/><U101/><E25/><V74/><F74/><W80/><G93/><T87/><D103/><U17/><E17/><V11/><F29/><W46/><G46/><T47/><D35/><U110/><E110/><V114/><F107/><W10/><G23/><T34/><D34/><U75/><E124/><V77/><F77/><W104/><G104/><T95/><D87/><N who="1" m="50423" /><E112/><V31/><F114/><W62/><G30/><T9/><D5/><U18/><E18/><V79/><F31/><W129/><G129/><T132/><D132/><N who="1" m="50795" /><E121/><V60/><F42/><W45/><G45/><T116/><D116/><U22/><E22/><V102/><F32/><W126/><G126/><T84/><D47/><U2/><E2/><V83/><F28/><W39/><G39/><T68/><D59/><U94/><AGARI ba="0,0" hai="73,75,94,97,99,100,101,105" m="50795,50423" machi="94" ten="30,4000,0" yaku="20,1,34,2" doraHai="65" who="1" fromWho="1" sc="201,-10,290,40,289,-10,220,-20" /><INIT seed="4,0,0,4,1,52" ten="191,330,279,200" oya="0" hai0="22,122,6,75,48,63,61,14,64,113,36,13,82" hai1="128,78,39,45,89,84,123,1,24,103,41,80,18" hai2="35,49,83,57,34,104,86,65,71,121,20,96,93" hai3="7,109,132,131,101,79,58,72,110,53,4,27,91"/><T94/><D122/><U30/><E123/><V133/><F121/><W100/><G132/><T17/><D113/><U102/><E128/><V99/><F133/><W66/><G131/><T107/><D107/><U92/><E1/><V116/><F116/><W38/><G38/><T9/><D36/><U115/><E115/><V11/><F104/><W97/><G66/><T67/><D94/><U70/><E70/><V134/><F134/><W10/><G91/><T135/><D135/><U2/><E2/><V111/><F71/><W12/><G7/><T56/><D48/><U29/><E18/><V125/><F111/><W114/><G114/><T28/><D28/><U54/><E30/><V23/><F11/><W127/><G127/><T55/><REACH who="0" step="1"/><D63/><REACH who="0" ten="181,330,279,200" step="2"/><U90/><E92/><V3/><F93/><W37/><G37/><T33/><D33/><U59/><E102/><V106/><F35/><W126/><G101/><T73/><D73/><U124/><E103/><V74/><F34/><W87/><G72/><T46/><D46/><U68/><E124/><V42/><F74/><W120/><G126/><T108/><D108/><U43/><E45/><V69/><F106/><W105/><G120/><T16/><D16/><U8/><E39/><V88/><F125/><W62/><G110/><T5/><D5/><U50/><E29/><V95/><F95/><W112/><G109/><T19/><D19/><U26/><E50/><V130/><F49/><W85/><G112/><T118/><D118/><U47/><E47/><V129/><F130/><W119/><G119/><T117/><D117/><U81/><E41/><RYUUKYOKU ba="0,1" sc="181,30,330,-10,279,-10,200,-10" hai0="6,9,13,14,17,22,55,56,61,64,67,75,82" /><INIT seed="4,1,1,4,2,79" ten="211,320,269,190" oya="0" hai0="82,17,116,90,11,66,36,39,109,59,25,113,48" hai1="2,51,74,0,14,94,77,43,16,65,98,34,63" hai2="8,122,13,31,20,56,18,133,62,97,38,93,84" hai3="68,60,81,80,86,134,123,37,15,58,121,115,1"/><T91/><D116/><U55/><E34/><V88/><F122/><N who="3" m="46603" /><G37/><T9/><D113/><U100/><E43/><V131/><F133/><W117/><G1/><T106/><D109/><U4/><E4/><N who="2" m="3207" /><F31/><W119/><G115/><T21/><D106/><U85/><E74/><V47/><F47/><W41/><G41/><T112/><D112/><U125/><E125/><V26/><F38/><W3/><G3/><T83/><D39/><U71/><E85/><V5/><F131/><W128/><G128/><T124/><D36/><U111/><E77/><V67/><F5/><W105/><G105/><T19/><D124/><U101/><E101/><V76/><F76/><N who="3" m="46343" /><G68/><T45/><D59/><U87/><E87/><AGARI ba="1,1" hai="18,20,26,56,62,67,84,87,88,93,97" m="3207" machi="87" ten="30,2000,0" yaku="8,1,54,1" doraHai="79" who="2" fromWho="1" sc="211,0,320,-23,269,33,190,0" /><INIT seed="5,0,0,4,4,56" ten="211,297,302,190" oya="1" hai0="118,94,128,89,48,9,125,59,35,22,4,92,114" hai1="53,23,10,69,110,91,31,71,37,132,120,20,65" hai2="24,52,111,106,123,18,49,51,25,44,33,3,127" hai3="79,107,72,85,124,15,41,7,131,90,6,28,77"/><U5/><E37/><V13/><F123/><W86/><G107/><T87/><D118/><U88/><E120/><V76/><F3/><W54/><G131/><T97/><D128/><U126/><E132/><V0/><F106/><W99/><G124/><T63/><D114/><U134/><E134/><V108/><F0/><W43/><G28/><T101/><D125/><U74/><E74/><V11/><F76/><N who="3" m="29259" /><G72/><T119/><D119/><U78/><E78/><V27/><F127/><W58/><G99/><T32/><D22/><U64/><E53/><V121/><F121/><W130/><G130/><T29/><D48/><U112/><E112/><V75/><F75/><W62/><G86/><T115/><D29/><U42/><E31/><V113/><F113/><W100/><G100/><T45/><D45/><U116/><E126/><V109/><REACH who="2" step="1"/><F49/><REACH who="2" ten="211,297,292,190" step="2"/><W60/><G60/><T2/><REACH who="0" step="1"/><D115/><REACH who="0" ten="201,297,292,190" step="2"/><U98/><E116/><V67/><F67/><AGARI ba="0,2" hai="2,4,9,32,35,59,63,67,87,89,92,94,97,101" machi="67" ten="30,8000,1" yaku="1,1,2,1,7,1,52,1,53,1" doraHai="56" doraHaiUra="55" who="0" fromWho="2" sc="201,100,297,0,292,-80,190,0" /><INIT seed="6,0,0,4,4,6" ten="301,297,212,190" oya="2" hai0="48,111,129,78,24,59,47,71,28,42,124,90,118" hai1="132,69,130,66,81,113,87,123,102,72,96,45,35" hai2="95,20,11,128,84,27,70,26,38,57,134,94,77" hai3="67,39,105,41,17,50,21,43,0,32,55,29,58"/><V9/><F70/><W14/><G105/><T125/><D111/><U51/><E35/><V88/><F38/><W108/><G108/><T98/><D129/><U61/><E130/><V40/><F128/><W16/><G0/><T1/><D71/><U19/><E113/><V54/><F40/><W89/><G39/><T46/><D1/><U133/><E123/><V112/><F112/><W62/><G32/><T37/><D78/><U86/><E19/><N who="2" m="12575" /><F77/><W103/><G103/><T126/><D59/><U74/><E74/><V115/><F115/><W63/><G29/><T80/><D118/><U110/><E72/><V116/><F134/><N who="1" m="51817" /><E81/><N who="2" m="49167" /><F116/><W15/><G89/><T60/><D80/><U97/><E110/><V127/><F127/><W64/><G63/><T135/><D90/><U23/><E23/><V36/><F36/><W13/><G67/><T93/><D60/><U121/><E121/><V44/><F44/><N who="3" m="28103" /><G15/><T79/><D79/><U49/><E49/><N who="2" m="30927" /><F27/><W92/><G92/><AGARI ba="0,0" hai="9,11,92,94,95" m="30927,49167,12575" machi="92" ten="30,11600,0" yaku="8,1,52,2,54,1" doraHai="6" who="2" fromWho="3" sc="301,0,297,0,212,116,190,-116" /><INIT seed="6,1,0,1,0,13" ten="301,297,328,74" oya="2" hai0="125,35,31,3,89,42,38,26,8,69,82,65,134" hai1="96,113,127,103,9,122,1,86,121,83,75,123,128" hai2="106,25,90,6,20,29,53,135,91,43,124,94,129" hai3="0,110,118,21,5,23,126,39,7,64,46,95,40"/><V131/><F106/><W19/><G118/><T108/><D89/><N who="1" m="51423" /><E1/><V111/><F111/><W104/><G110/><T120/><D108/><U87/><E9/><V54/><F124/><W92/><G104/><T71/><D125/><U116/><E127/><V37/><F135/><W115/><G126/><T60/><D134/><U30/><E30/><V101/><F101/><W50/><G115/><T63/><D120/><U14/><E14/><V105/><F105/><W62/><G39/><T130/><D130/><N who="2" m="49674" /><F6/><N who="3" m="2059" /><G0/><T45/><D82/><U49/><E128/><V11/><F11/><W16/><G62/><T58/><D58/><U84/><E49/><V48/><F37/><W2/><G64/><N who="0" m="41095" /><D8/><U88/><E116/><V18/><F29/><W36/><G36/><T74/><D3/><U70/><E70/><V28/><F28/><W61/><G61/><T73/><AGARI ba="1,0" hai="26,31,35,38,42,45,63,65,71,73,74" m="41095" machi="73" ten="30,2000,0" yaku="33,2" doraHai="13" who="0" fromWho="0" sc="301,23,297,-6,328,-11,74,-6" /><INIT seed="7,0,0,3,3,43" ten="324,291,317,68" oya="3" hai0="8,133,39,61,78,51,24,4,109,106,126,30,100" hai1="65,25,86,13,58,128,41,75,14,72,127,45,94" hai2="110,98,33,38,105,36,118,113,69,124,116,44,42" hai3="55,6,49,48,91,120,50,96,47,32,93,57,114"/><W82/><G120/><T103/><D109/><U31/><E128/><V99/><F110/><W0/><G32/><N who="0" m="20551" /><D51/><N who="1" m="27055" /><E72/><V87/><F69/><W81/><G114/><T23/><D23/><N who="1" m="15807" /><E75/><V29/><F124/><W67/><G67/><T125/><D133/><U123/><E123/><V130/><F130/><W1/><G50/><T68/><D78/><U3/><E3/><V79/><F113/><W117/><G117/><T10/><D39/><U89/><E127/><N who="0" m="48649" /><D106/><U83/><E94/><V66/><F105/><W27/><G27/><T12/><D8/><U77/><E89/><V37/><F37/><W22/><G22/><T64/><AGARI ba="0,0" hai="4,10,12,61,64,68,100,103" m="48649,20551" machi="64" ten="30,1100,0" yaku="18,1" doraHai="43" who="0" fromWho="0" sc="324,11,291,-3,317,-3,68,-5" owari="335,44.0,288,-11.0,314,11.0,63,-44.0" /></mjloggm>