<mjloggm ver="2.3"><GO type="169" lobby="0"/><UN n0="%E3%83%9D%E3%83%AA%E3%82%B4%E3%83%B3%32" n1="%62%61%6B%61%73%65" n2="%E5%B0%B1%E6%B4%BB%E7%94%9F%40%E5%B7%9D%E6%9D%91%E8%BB%8D%E5%9B%A3" n3="%E9%A7%84%E5%A6%B9" dan="16,16,19,17" rate="2038.23,2070.32,2362.02,2198.33" sx="F,F,M,F"/><TAIKYOKU oya="0"/><INIT seed="0,0,0,1,3,73" ten="250,250,250,250" oya="0" hai0="90,106,130,129,123,10,102,67,45,12,34,110,40" hai1="104,19,59,80,103,39,38,33,52,62,127,111,65" hai2="8,89,131,27,71,77,9,43,36,116,61,122,15" hai3="94,85,134,132,54,18,50,79,87,98,101,11,92"/><T5/><D34/><U21/><E33/><V16/><F122/><W56/><G92/><T66/><D123/><U120/><E120/><V20/><F131/><N who="0" m="50186" /><D110/><U81/><E111/><V14/><F116/><W105/><G105/><T29/><D29/><U97/><E127/><V47/><F89/><W76/><G132/><T126/><D126/><U63/><E39/><V133/><F133/><W6/><G18/><T7/><D7/><U100/><E38/><V28/><F77/><N who="3" m="29771" /><G134/><T118/><D118/><U49/><E103/><V57/><F71/><W109/><G109/><T93/><D106/><U60/><REACH who="1" step="1"/><E65/><REACH who="1" ten="250,240,250,250" step="2"/><V117/><F117/><W69/><G69/><T124/><D102/><U112/><E112/><V83/><F83/><W86/><G6/><T2/><D124/><U55/><E55/><V70/><F70/><W82/><G11/><T53/><D53/><U115/><E115/><V32/><F14/><AGARI ba="0,1" hai="14,19,21,49,52,59,60,62,63,80,81,97,100,104" machi="14" ten="40,2600,0" yaku="1,1,54,1,53,0" doraHai="73" doraHaiUra="24" who="1" fromWho="2" sc="250,0,240,36,250,-26,250,0" /><INIT seed="1,0,0,3,2,22" ten="250,276,224,250" oya="1" hai0="114,16,21,126,68,49,115,94,50,27,82,120,6" hai1="69,70,104,135,87,56,2,45,129,79,54,66,18" hai2="57,61,107,77,7,48,91,19,101,76,78,73,46" hai3="74,119,23,123,81,100,88,133,60,95,34,13,41"/><U71/><E104/><V64/><F73/><W58/><G123/><T15/><D68/><U103/><E103/><V5/><F107/><W75/><G34/><T20/><D120/><U99/><E2/><V124/><F101/><W30/><G100/><T108/><D108/><U128/><E99/><V40/><F124/><W59/><G133/><T25/><D126/><U3/><E3/><V111/><F111/><W29/><G41/><T11/><D114/><U118/><E18/><V130/><F130/><N who="1" m="50281" /><E87/><V90/><REACH who="2" step="1"/><F19/><REACH who="2" ten="250,276,214,250" step="2"/><N who="3" m="10735" /><G74/><T43/><D115/><U80/><E135/><V117/><F117/><W98/><G75/><T0/><D43/><U84/><E118/><V122/><F122/><W28/><G119/><T85/><D94/><U10/><E10/><V102/><F102/><N who="3" m="60767" /><G60/><T134/><D134/><U121/><E121/><V26/><F26/><W106/><G106/><T67/><D67/><U105/><E105/><V72/><F72/><W62/><G62/><T51/><REACH who="0" step="1"/><D21/><REACH who="0" ten="240,276,214,250" step="2"/><U1/><E66/><V35/><F35/><W116/><G116/><T53/><D53/><U4/><E54/><V36/><F36/><W32/><G32/><T38/><D38/><U52/><E52/><V63/><F63/><W42/><G42/><T110/><D110/><U37/><E37/><V12/><F12/><W127/><G127/><T86/><D86/><AGARI ba="0,2" hai="28,29,30,58,59,81,86,88" m="60767,10735" machi="86" ten="30,2000,0" yaku="8,1,54,1" doraHai="22" who="3" fromWho="0" sc="240,-20,276,0,214,0,250,40" /><INIT seed="2,0,0,2,0,83" ten="220,276,214,290" oya="2" hai0="96,50,97,39,86,127,107,129,42,58,117,16,1" hai1="110,62,11,7,74,111,34,92,8,43,9,21,134" hai2="87,89,54,81,131,104,121,75,101,128,91,40,12" hai3="45,6,48,132,66,115,23,84,33,95,49,118,116"/><V15/><F121/><W28/><G33/><T68/><D1/><U126/><E74/><V130/><F40/><W123/><G123/><T113/><D113/><U99/><E34/><V17/><F75/><W82/><G115/><T10/><D68/><U60/><E134/><V67/><F67/><W41/><G132/><T64/><D39/><U36/><E126/><V88/><F54/><W98/><G66/><T44/><D127/><U37/><E7/><V51/><F51/><W31/><G49/><T63/><D129/><U133/><E21/><N who="2" m="11431" /><F15/><W18/><G6/><T56/><D107/><U52/><E133/><V124/><F124/><W29/><G18/><T4/><D4/><U79/><E79/><V13/><F13/><W30/><N who="3" m="7168" /><DORA hai="57" /><W77/><REACH who="3" step="1"/><G23/><REACH who="3" ten="220,276,214,280" step="2"/><T65/><D16/><U125/><E125/><V35/><F35/><W26/><G26/><T100/><D10/><U135/><E135/><V90/><F104/><W72/><G72/><T103/><D65/><U32/><E32/><V25/><F25/><W24/><G24/><T105/><D105/><U93/><E11/><V112/><F112/><W76/><G76/><T102/><D64/><U120/><E120/><V3/><F3/><W53/><G53/><T14/><D50/><U19/><E19/><V0/><F0/><W119/><G119/><T69/><D117/><U71/><E52/><V78/><F78/><W73/><G73/><T5/><D5/><U20/><E20/><V47/><F47/><W106/><G106/><T94/><D44/><U2/><E2/><V38/><F38/><W55/><G55/><RYUUKYOKU ba="0,1" sc="220,-15,276,-15,214,15,280,15" hai2="81,87,88,89,90,91,101,128,130,131" hai3="41,45,48,77,82,84,95,98,116,118" /><INIT seed="2,1,1,5,3,128" ten="205,261,229,295" oya="2" hai0="39,50,25,4,86,127,117,18,79,99,46,7,5" hai1="17,119,111,114,80,26,75,98,28,105,88,60,42" hai2="118,15,76,3,35,38,27,1,126,53,40,78,74" hai3="68,89,2,72,97,131,54,45,62,85,58,56,59"/><V69/><F118/><W36/><G72/><T66/><D39/><U32/><E119/><V14/><F69/><W112/><G2/><T110/><D117/><U135/><E114/><V10/><F126/><W55/><G131/><T100/><D110/><U84/><E111/><V44/><F53/><W82/><G112/><T120/><D120/><U31/><E42/><V61/><F61/><W91/><G36/><T125/><D66/><U71/><E31/><N who="2" m="19967" /><F78/><W67/><G45/><T130/><D130/><U63/><E75/><V87/><F87/><W12/><G12/><T30/><D18/><U92/><E105/><V83/><F3/><W96/><G91/><T115/><D115/><U122/><E122/><V0/><F1/><W93/><G97/><T6/><D6/><AGARI ba="1,1" hai="0,6,10,14,15,38,40,44,74,76,83" m="19967" machi="6" ten="30,1500,0" yaku="25,1" doraHai="128" who="2" fromWho="0" sc="205,-18,261,0,229,28,295,0" /><INIT seed="2,2,0,5,1,99" ten="187,261,257,295" oya="2" hai0="12,91,113,128,2,45,8,42,106,83,24,108,14" hai1="130,79,112,18,30,47,10,46,120,97,20,27,105" hai2="80,87,41,15,133,132,48,65,127,43,115,135,68" hai3="104,102,6,74,59,53,29,111,57,101,89,88,76"/><V81/><F115/><W78/><G111/><T85/><D113/><U11/><E112/><V107/><F107/><W5/><G29/><T129/><D106/><U58/><E130/><V17/><F127/><W119/><G104/><T64/><D108/><U92/><E105/><V44/><F41/><W70/><G70/><T98/><D64/><U110/><E110/><V77/><F81/><W9/><G74/><T54/><D54/><U33/><E79/><N who="3" m="30250" /><G59/><T16/><D2/><U126/><E126/><V35/><F35/><W123/><G123/><T131/><D24/><U118/><E118/><V61/><F15/><N who="3" m="5551" /><G6/><T52/><D98/><U19/><E120/><V36/><REACH who="2" step="1"/><F17/><REACH who="2" ten="187,261,247,295" step="2"/><W55/><G119/><T22/><D14/><U82/><E82/><V134/><N who="2" m="34304" /><DORA hai="49" /><V109/><F109/><W94/><G89/><T84/><D42/><U0/><E0/><V25/><F25/><W86/><G53/><T67/><D67/><U72/><E33/><V96/><F96/><W122/><G122/><T37/><D37/><AGARI ba="2,1" hai="36,37,43,44,48,61,65,68,77,80,87" m="34304" machi="37" ten="70,6800,0" yaku="1,1,20,1,53,0" doraHai="99,49" doraHaiUra="7,114" who="2" fromWho="0" sc="187,-74,261,0,247,84,295,0" /><INIT seed="2,3,0,5,3,105" ten="113,261,331,295" oya="2" hai0="124,87,71,135,100,119,110,132,16,128,96,65,99" hai1="81,42,116,127,50,108,57,40,18,56,118,59,130" hai2="72,11,48,83,9,33,55,88,46,125,79,93,103" hai3="68,13,74,69,85,24,84,120,126,107,117,133,104"/><V32/><F125/><W34/><G120/><T27/><D124/><U39/><E127/><V134/><F134/><W54/><G126/><T8/><D110/><U121/><E81/><V38/><F38/><W73/><G117/><N who="1" m="45162" /><E18/><V21/><F103/><W123/><G123/><T131/><D119/><U19/><E19/><V58/><F21/><W70/><G13/><N who="0" m="7207" /><D71/><U106/><E106/><N who="3" m="40490" /><G54/><T64/><D87/><N who="3" m="33353" /><G133/><N who="0" m="51275" /><D27/><U26/><E26/><V101/><F101/><W91/><G24/><T7/><D7/><U75/><E75/><N who="3" m="28682" /><G91/><T89/><D89/><U23/><E23/><V109/><F109/><W15/><G15/><T41/><D41/><N who="1" m="15979" /><E121/><V92/><F88/><W61/><G61/><T82/><D64/><U49/><E108/><V30/><F30/><W2/><G2/><T35/><D65/><U10/><E10/><V47/><F11/><W31/><G31/><T66/><D66/><U98/><E39/><V22/><F9/><W53/><G34/><T44/><D35/><U43/><E43/><V63/><F22/><W112/><G53/><T1/><D1/><U122/><E122/><V12/><F12/><W29/><G29/><T6/><D6/><U86/><E49/><V17/><F17/><W76/><G76/><T51/><D51/><U14/><E50/><V4/><F4/><W62/><G62/><T129/><D129/><U60/><E130/><V78/><F78/><W114/><AGARI ba="3,0" hai="68,69,70,112,114" m="28682,33353,40490" machi="114" ten="50,8000,1" yaku="28,2,52,3" doraHai="105" who="3" fromWho="3" sc="113,-23,261,-23,331,-43,295,89" /><INIT seed="3,0,0,2,3,50" ten="90,238,288,384" oya="3" hai0="79,24,18,123,84,126,48,29,9,92,83,101,72" hai1="4,110,108,135,91,131,52,89,65,7,93,94,16" hai2="61,44,6,106,13,31,114,22,27,111,78,133,122" hai3="10,77,47,69,41,38,82,39,121,117,119,86,21"/><W102/><G121/><T75/><D123/><U54/><E135/><V95/><F106/><W42/><G69/><T120/><D120/><U57/><E65/><V55/><F133/><W74/><G102/><T125/><D48/><U49/><E131/><V30/><F111/><W0/><G21/><T116/><D116/><U80/><E49/><N who="2" m="29095" /><F78/><W53/><G53/><T112/><D112/><U58/><E16/><N who="2" m="12743" /><F114/><W132/><G132/><T12/><D125/><U109/><E109/><V63/><F95/><W70/><G70/><T32/><REACH who="0" step="1"/><D126/><REACH who="0" ten="80,238,288,384" step="2"/><U15/><E15/><V105/><F122/><W76/><G38/><T90/><D90/><U88/><E91/><V46/><F46/><W85/><G117/><T59/><D59/><U64/><E64/><V36/><F36/><W40/><G119/><T5/><D5/><U66/><E66/><V67/><F67/><W60/><G39/><T11/><D11/><U118/><E118/><V45/><F45/><W73/><G47/><T99/><AGARI ba="0,1" hai="9,12,18,24,29,32,72,75,79,83,84,92,99,101" machi="99" ten="30,2000,0" yaku="1,1,0,1,53,0" doraHai="50" doraHaiUra="2" who="0" fromWho="0" sc="80,30,238,-5,288,-5,384,-10" /><INIT seed="4,0,0,5,3,19" ten="110,233,283,374" oya="0" hai0="34,14,53,15,90,23,25,47,1,95,81,74,130" hai1="87,38,6,54,121,29,98,63,116,94,115,24,104" hai2="125,93,44,78,30,50,79,45,20,84,57,31,33" hai3="56,106,40,71,89,49,129,91,0,16,64,67,32"/><T51/><D1/><U123/><E116/><V10/><F33/><W3/><G32/><T112/><D34/><U101/><E38/><V65/><F125/><W28/><G106/><T13/><D112/><U37/><E37/><V69/><F69/><W72/><G72/><T73/><D81/><U21/><E6/><V118/><F10/><W60/><G28/><T62/><D62/><U42/><E42/><V18/><F118/><W131/><G71/><T70/><D70/><U113/><E63/><N who="2" m="38127" /><F45/><N who="3" m="25767" /><G67/><T8/><D8/><U105/><E54/><N who="2" m="30023" /><F93/><W12/><G0/><T132/><D132/><U39/><E39/><V119/><F119/><W124/><G3/><T68/><D68/><U114/><REACH who="1" step="1"/><E87/><REACH who="1" ten="110,223,283,374" step="2"/><V2/><F84/><W7/><G7/><T111/><D111/><U83/><E83/><V97/><F2/><W22/><G124/><T17/><REACH who="0" step="1"/><D130/><AGARI ba="0,1" hai="12,16,22,56,60,64,89,91,129,130,131" m="25767" machi="130" ten="30,3900,0" yaku="19,1,52,1,54,1" doraHai="19" who="3" fromWho="0" sc="110,-39,223,0,283,0,374,49" /><INIT seed="5,0,0,4,4,20" ten="71,223,283,423" oya="1" hai0="55,79,84,3,15,19,97,13,44,110,32,52,125" hai1="29,25,102,45,76,24,80,109,62,47,65,134,61" hai2="71,85,5,113,70,23,11,86,21,46,82,6,12" hai3="131,37,75,8,48,111,106,78,123,53,132,18,99"/><U122/><E122/><V95/><F113/><W72/><G111/><T35/><D3/><U129/><E109/><V73/><F73/><W91/><G37/><T114/><D110/><U63/><E134/><V124/><F124/><W31/><G31/><T127/><D114/><U83/><E102/><V57/><F46/><N who="1" m="17417" /><E29/><V16/><F70/><W120/><G132/><T130/><D130/><U27/><E129/><V101/><F71/><W9/><G131/><T68/><D68/><U4/><E4/><N who="2" m="1643" /><F57/><W66/><G106/><T2/><D2/><U17/><E17/><V33/><F33/><W121/><G18/><T126/><D97/><U36/><E36/><V41/><F41/><W56/><G72/><T42/><D15/><U90/><E90/><N who="2" m="53711" /><F101/><W30/><G75/><T112/><D112/><U115/><E115/><V28/><F28/><W64/><G30/><T40/><D32/><U1/><E1/><V22/><F11/><N who="3" m="4171" /><G123/><T14/><D35/><U119/><E119/><V43/><F43/><W118/><G118/><T59/><D59/><N who="1" m="37055" /><E83/><V93/><F93/><N who="3" m="56767" /><G121/><T77/><D42/><U0/><E0/><V104/><F104/><W7/><G120/><T105/><D105/><U34/><E34/><V67/><F67/><W26/><G7/><T69/><D69/><U128/><E128/><V39/><F39/><W49/><G64/><T133/><D133/><U103/><E103/><V54/><F54/><W88/><G66/><T94/><D55/><U96/><E96/><V108/><F108/><W107/><G107/><T87/><D52/><U50/><E50/><V74/><F74/><AGARI ba="0,0" hai="24,25,27,62,63,74,76,80" m="37055,17417" machi="74" ten="30,11600,0" yaku="6,1,52,3" doraHai="20" who="1" fromWho="2" sc="71,0,223,116,283,-116,423,0" /><INIT seed="5,1,0,1,2,11" ten="71,339,167,423" oya="1" hai0="112,99,110,8,87,62,24,12,121,98,125,20,133" hai1="81,124,2,17,131,57,73,65,22,92,9,1,40" hai2="31,119,74,126,53,50,36,106,30,64,67,77,32" hai3="84,38,15,72,135,114,116,47,100,75,59,4,10"/><U3/><E131/><V13/><F106/><W86/><G114/><T60/><D110/><U93/><E124/><V102/><F36/><W39/><G135/><T27/><D133/><U49/><E9/><V95/><F32/><W29/><G116/><T5/><D112/><U130/><E130/><V107/><F107/><W21/><G100/><T103/><D125/><U96/><E73/><V16/><F77/><W129/><G129/><T101/><D121/><U51/><E81/><V58/><F74/><W43/><G38/><T111/><D111/><U25/><E40/><V127/><F119/><W45/><G45/><T26/><D20/><U78/><E78/><V23/><F126/><W35/><G35/><T71/><D87/><U117/><E117/><V48/><F48/><W105/><G105/><T7/><D7/><U41/><E41/><V118/><F118/><W37/><G37/><T44/><D44/><U113/><E113/><V83/><F83/><W63/><G72/><T109/><D109/><U68/><E68/><V18/><F18/><W54/><REACH who="3" step="1"/><G75/><REACH who="3" ten="71,339,167,413" step="2"/><T132/><D132/><U46/><E46/><V69/><F127/><W61/><G61/><N who="0" m="23659" /><D71/><U108/><E108/><V94/><F69/><W66/><G66/><N who="2" m="25129" /><F102/><AGARI ba="1,1" hai="5,8,12,24,26,27,98,99,101,102,103" m="23659" machi="102" ten="30,2000,0" yaku="8,1,52,1" doraHai="11" who="0" fromWho="2" sc="71,33,339,0,167,-23,413,0" /><INIT seed="6,0,0,2,0,54" ten="104,339,144,413" oya="2" hai0="6,22,26,3,29,102,48,42,87,110,93,94,17" hai1="103,44,45,52,11,69,31,12,58,80,106,10,49" hai2="53,72,123,62,5,32,122,84,115,117,59,37,57" hai3="86,70,83,43,111,23,14,8,13,81,121,2,73"/><V36/><F72/><W24/><G111/><T89/><D110/><U78/><E69/><V129/><F32/><W125/><G121/><N who="2" m="46089" /><F5/><W79/><G70/><T50/><D3/><U88/><E31/><V98/><F98/><W21/><G125/><T91/><D6/><U113/><E113/><V39/><F84/><W109/><G109/><T127/><D127/><U27/><E27/><V38/><F38/><W118/><G118/><T92/><D42/><U100/><E106/><V128/><F115/><W120/><G2/><T9/><D9/><N who="1" m="3083" /><E12/><V1/><F1/><W47/><G120/><T15/><D102/><N who="1" m="38955" /><E78/><V107/><F107/><W16/><G13/><T61/><D61/><U33/><E33/><V95/><F95/><W134/><G24/><T18/><D94/><U132/><E132/><V66/><F117/><W60/><G134/><T34/><REACH who="0" step="1"/><D17/><REACH who="0" ten="94,339,144,413" step="2"/><U112/><E112/><V41/><F41/><W126/><G126/><T99/><AGARI ba="0,1" hai="15,18,22,26,29,34,48,50,87,89,91,92,93,99" machi="99" ten="20,8000,1" yaku="1,1,2,1,0,1,7,1,53,1" doraHai="54" doraHaiUra="82" who="0" fromWho="0" sc="94,90,339,-20,144,-40,413,-20" /><INIT seed="7,0,0,0,4,48" ten="184,319,104,393" oya="3" hai0="28,38,19,98,104,36,44,34,69,129,126,114,81" hai1="2,82,25,78,31,51,79,107,112,77,127,49,60" hai2="83,7,55,70,13,66,5,41,95,33,101,87,125" hai3="118,94,88,59,3,24,97,23,16,46,39,20,4"/><W109/><G118/><T115/><D69/><U72/><E112/><N who="0" m="43049" /><D129/><U8/><E127/><V64/><F33/><W35/><G35/><T90/><D126/><U84/><E107/><V32/><F32/><W73/><G73/><T108/><D108/><U57/><E2/><V0/><F0/><W14/><G59/><T86/><D19/><U27/><E8/><V113/><F125/><W96/><G3/><T53/><D53/><U128/><E128/><V56/><F113/><W10/><G20/><T50/><D28/><U120/><E120/><V9/><F41/><W65/><G65/><T124/><D34/><U15/><E15/><V74/><F74/><W67/><G67/><T111/><D111/><U47/><E72/><V133/><F133/><W85/><G109/><T134/><D134/><U121/><E121/><V22/><F70/><W61/><G61/><T52/><D124/><U100/><E100/><AGARI ba="0,0" hai="36,38,44,50,52,81,86,90,98,100,104" m="43049" machi="100" ten="30,7700,0" yaku="15,1,11,1,52,1,54,1" doraHai="48" who="0" fromWho="1" sc="184,77,319,-77,104,0,393,0" owari="261,6.0,242,-16.0,104,-40.0,393,50.0" /></mjloggm>