<mjloggm ver="2.3"><GO type="169" lobby="0"/><UN n0="%E3%82%A6%E3%83%AB%E3%83%88%E3%83%A9%E7%AB%8B%E7%9B%B4" n1="%E3%82%AF%E3%83%AD%E3%83%8E%E3%82%B9%40" n2="%5A%75%74%74%61%6B%61" n3="%E3%81%8B%E3%82%81%E3%81%98%E3%82%8D%E3%81%86" dan="16,16,17,16" rate="2191.36,2127.42,2189.03,2115.56" sx="M,M,M,M"/><TAIKYOKU oya="0"/><INIT seed="0,0,0,5,0,82" ten="250,250,250,250" oya="0" hai0="8,11,92,79,55,102,93,126,129,69,107,99,84" hai1="97,41,121,3,34,83,65,19,134,36,5,56,4" hai2="40,33,48,0,9,117,52,101,30,46,27,135,113" hai3="70,74,105,119,100,77,39,16,104,12,21,71,76"/><T37/><D69/><U6/><E121/><V18/><F113/><W111/><G119/><T94/><D37/><U125/><E34/><V26/><F117/><W2/><G39/><T114/><D114/><U98/><E134/><V13/><F135/><W110/><G2/><T45/><D129/><U75/><E125/><V51/><F26/><W108/><G74/><T88/><D126/><U58/><E19/><V95/><F0/><W109/><N who="3" m="27648" /><DORA hai="43" /><W123/><G123/><T23/><D23/><U78/><E3/><V49/><REACH who="2" step="1"/><F40/><REACH who="2" ten="250,250,240,250" step="2"/><W57/><G57/><T53/><D79/><N who="3" m="30281" /><G100/><T124/><D124/><U47/><REACH who="1" step="1"/><E56/><REACH who="1" ten="250,240,240,250" step="2"/><V81/><F81/><W122/><G122/><T103/><D103/><U59/><E59/><V29/><F29/><W14/><G14/><T128/><D102/><U25/><E25/><V62/><F62/><AGARI ba="0,2" hai="4,5,6,36,41,47,58,62,65,75,78,83,97,98" machi="62" ten="40,5200,0" yaku="1,1,52,1,53,1" doraHai="82,43" doraHaiUra="68,85" who="1" fromWho="2" sc="250,0,240,72,240,-52,250,0" /><INIT seed="1,0,0,3,0,54" ten="250,312,188,250" oya="1" hai0="111,35,108,130,40,90,38,23,45,57,46,15,89" hai1="77,84,9,21,12,17,4,80,37,13,69,5,109" hai2="133,113,96,129,126,97,115,121,25,65,66,123,104" hai3="118,14,41,1,72,2,101,70,116,85,68,78,49"/><U119/><E69/><N who="3" m="26730" /><G101/><T93/><D35/><U22/><E119/><N who="3" m="45610" /><G85/><T43/><D15/><U42/><E109/><V99/><F25/><W47/><G14/><T6/><D23/><U3/><E37/><V125/><F104/><W58/><G58/><T39/><D6/><U102/><E42/><V24/><F24/><W26/><G26/><T79/><D79/><U75/><E102/><V122/><F133/><W117/><N who="3" m="45618" /><W103/><DORA hai="7" /><G103/><T16/><D16/><N who="1" m="10375" /><E3/><V53/><F129/><W10/><G10/><T55/><D130/><U106/><E106/><V127/><REACH who="2" step="1"/><F53/><REACH who="2" ten="250,312,178,250" step="2"/><W94/><G2/><T81/><D55/><U0/><E0/><V56/><F56/><W61/><G1/><T44/><D57/><U52/><E75/><V67/><AGARI ba="0,1" hai="65,66,67,96,97,99,113,115,121,122,123,125,126,127" machi="67" ten="50,32000,5" yakuman="40" doraHai="54,7" doraHaiUra="8,64" who="2" fromWho="2" sc="250,-80,312,-160,178,330,250,-80" /><INIT seed="2,0,0,1,1,31" ten="170,152,508,170" oya="2" hai0="90,5,18,102,20,50,92,60,43,115,76,28,36" hai1="113,121,55,109,51,81,25,63,66,78,49,119,71" hai2="47,86,135,1,80,67,29,8,110,120,75,33,116" hai3="57,83,126,62,125,37,17,74,52,87,35,130,19"/><V7/><F120/><W133/><G74/><T21/><D36/><U40/><E121/><V106/><F116/><W13/><G37/><T97/><D115/><U124/><E113/><V72/><F86/><W42/><G42/><T73/><D5/><U100/><E119/><V105/><F135/><W59/><G130/><T103/><D73/><U98/><E109/><V9/><F47/><W39/><G39/><T48/><D76/><U95/><E124/><N who="3" m="47722" /><G133/><T112/><D112/><U34/><E40/><V38/><F38/><W70/><G70/><T91/><D60/><U22/><E55/><V131/><F67/><N who="3" m="39375" /><G13/><T123/><D123/><U132/><E132/><V56/><F56/><W94/><G94/><T2/><D2/><U58/><E71/><V15/><F110/><W88/><G35/><T99/><D92/><U11/><E11/><V134/><F131/><W24/><G24/><T6/><D43/><U53/><E34/><V30/><F134/><W85/><G87/><T54/><D6/><U111/><E111/><V114/><F114/><W68/><G68/><T129/><D129/><U122/><E122/><V77/><F75/><W4/><G4/><T0/><D0/><U89/><E53/><V93/><F93/><W32/><G32/><T79/><D54/><U117/><E117/><V104/><REACH who="2" step="1"/><F33/><REACH who="2" ten="170,152,498,170" step="2"/><W14/><G59/><T82/><D97/><U10/><E98/><V23/><F23/><N who="3" m="11703" /><G52/><T108/><D21/><U12/><E22/><V26/><F26/><W101/><G85/><T61/><D108/><U128/><E25/><V44/><F44/><W27/><G27/><RYUUKYOKU ba="0,1" sc="170,-10,152,-10,498,30,170,-10" hai2="1,7,8,9,15,29,30,72,77,80,104,105,106" /><INIT seed="2,1,1,4,5,48" ten="160,142,528,160" oya="2" hai0="14,24,105,3,81,84,102,19,44,42,17,99,94" hai1="110,66,100,123,26,83,43,98,72,10,69,37,112" hai2="12,35,77,65,80,93,109,70,23,101,62,64,53" hai3="68,91,47,128,54,51,63,115,55,87,30,73,90"/><V27/><F109/><W7/><G73/><T133/><D3/><U31/><E112/><V107/><F65/><W71/><G128/><T28/><D105/><U21/><E110/><V46/><F12/><W79/><G115/><T127/><D127/><U92/><E123/><V11/><F11/><W16/><G7/><T4/><D133/><U134/><E134/><V106/><F93/><W32/><G79/><T1/><D1/><U125/><E125/><V104/><F35/><W40/><G30/><T118/><D118/><U33/><E10/><V5/><F5/><W38/><G32/><T113/><D113/><U117/><E117/><V36/><F101/><W108/><G16/><T60/><D60/><U61/><E21/><V13/><F13/><W78/><G78/><T74/><D74/><U45/><E83/><V15/><F15/><W116/><G116/><T20/><D14/><U39/><E72/><V8/><F8/><W97/><G108/><T59/><D59/><U131/><E131/><V49/><F36/><AGARI ba="1,1" hai="26,31,33,36,37,39,43,45,61,66,69,92,98,100" machi="36" ten="30,1000,0" yaku="7,1" doraHai="48" who="1" fromWho="2" sc="160,0,142,23,528,-13,160,0" /><INIT seed="3,0,0,4,1,72" ten="160,165,515,160" oya="3" hai0="98,63,135,133,68,75,117,34,16,1,112,82,86" hai1="69,7,99,73,56,6,124,54,51,87,62,24,37" hai2="43,105,80,115,127,125,12,114,47,20,39,53,46" hai3="30,116,66,95,64,35,90,97,101,123,92,126,93"/><W48/><G116/><T23/><D34/><U106/><E73/><V113/><F105/><W111/><G123/><T70/><D1/><U25/><E124/><N who="2" m="47691" /><F80/><W89/><G126/><T4/><D4/><U78/><E37/><V9/><F20/><W42/><G111/><T33/><D33/><U3/><E106/><V17/><F47/><N who="3" m="25719" /><G30/><T74/><D98/><U49/><E99/><V79/><F53/><W107/><G35/><T94/><D94/><N who="3" m="36457" /><G107/><T14/><D117/><U85/><E69/><N who="0" m="26729" /><D63/><U91/><E3/><V121/><F121/><W32/><G32/><T41/><D41/><U65/><E65/><AGARI ba="0,0" hai="64,65,66,89,90,95,97,101" m="36457,25719" machi="65" ten="30,1500,0" yaku="8,1" doraHai="72" who="3" fromWho="1" sc="160,0,165,-15,515,0,160,15" /><INIT seed="3,1,0,2,4,41" ten="160,150,515,175" oya="3" hai0="87,120,9,48,128,90,7,53,104,89,52,1,37" hai1="81,76,122,133,93,40,126,19,91,56,43,14,28" hai2="103,2,75,68,82,124,59,18,130,61,125,94,47" hai3="109,55,44,13,78,100,4,73,127,135,111,96,107"/><W12/><G127/><T79/><D37/><U5/><E122/><V39/><F2/><W22/><G135/><T115/><D120/><U38/><E126/><N who="2" m="48747" /><F18/><W85/><G73/><T101/><D128/><U67/><E133/><V97/><F130/><W80/><G4/><T36/><D36/><U118/><E28/><V105/><F68/><W58/><G44/><T83/><D115/><U114/><E5/><V98/><F82/><W112/><G112/><T8/><D104/><U102/><E38/><V121/><F121/><W3/><G3/><T110/><D101/><U129/><E102/><N who="2" m="60727" /><F75/><W69/><G69/><T106/><D106/><U31/><E118/><V113/><F113/><W71/><G71/><T74/><D110/><N who="3" m="41993" /><G22/><T119/><D119/><U21/><E114/><V15/><F39/><W42/><G42/><T32/><D32/><U95/><E43/><V70/><F70/><W27/><G27/><T6/><D74/><U20/><E40/><V134/><F134/><W34/><G34/><T72/><D72/><N who="1" m="43143" /><E21/><V131/><F131/><W45/><G45/><N who="0" m="27663" /><D1/><U117/><E129/><V77/><F47/><W65/><G65/><T23/><D23/><N who="1" m="11767" /><E117/><V51/><F15/><W116/><G116/><T99/><D7/><U0/><E0/><V16/><F105/><W24/><G24/><T26/><D26/><N who="1" m="16839" /><E67/><V64/><F64/><W46/><G46/><T86/><D6/><U29/><E29/><V35/><F35/><W62/><AGARI ba="1,0" hai="12,13,55,58,62,78,80,85,96,100,107" m="41993" machi="62" ten="30,3000,0" yaku="14,1,10,1" doraHai="41" who="3" fromWho="3" sc="160,-11,150,-11,515,-11,175,33" /><INIT seed="3,2,0,0,3,26" ten="149,139,504,208" oya="3" hai0="43,44,6,74,32,88,11,62,13,53,15,10,89" hai1="96,107,129,4,64,91,55,46,114,127,1,112,40" hai2="63,99,35,24,51,81,80,130,16,119,109,19,8" hai3="84,56,52,30,82,71,18,29,33,86,106,22,131"/><W122/><G106/><T95/><D74/><U77/><E55/><V121/><F119/><W101/><G122/><T120/><D32/><U37/><E129/><V69/><F130/><W79/><G71/><T60/><D120/><U98/><E127/><V57/><F109/><W45/><G131/><T41/><D53/><U133/><E133/><V102/><F121/><W48/><G101/><T12/><D12/><U58/><E91/><V25/><F51/><N who="3" m="30751" /><G86/><T92/><REACH who="0" step="1"/><D6/><REACH who="0" ten="139,139,504,208" step="2"/><U59/><E4/><V23/><F35/><W20/><G33/><T54/><D54/><U76/><E112/><V68/><F69/><W115/><G115/><T27/><D27/><U90/><E114/><V135/><F68/><W110/><G110/><T5/><D5/><U21/><E64/><N who="2" m="39023" /><F135/><W108/><G108/><T123/><D123/><U73/><E73/><V7/><F7/><W126/><G126/><T100/><D100/><U2/><E40/><V67/><F67/><W49/><G22/><T128/><D128/><U31/><E21/><N who="2" m="13351" /><F8/><W39/><G20/><T125/><D125/><U83/><E46/><AGARI ba="2,1" hai="10,11,13,15,41,43,44,46,60,62,88,89,92,95" machi="46" ten="25,8000,1" yaku="1,1,22,2,8,1,54,1,53,0" doraHai="26" doraHaiUra="78" who="0" fromWho="1" sc="139,96,139,-86,504,0,208,0" /><BYE who="1" /><UN n1="%E3%82%AF%E3%83%AD%E3%83%8E%E3%82%B9%40" /><INIT seed="4,0,0,2,2,22" ten="235,53,504,208" oya="0" hai0="50,134,18,120,100,2,64,67,121,49,129,54,15" hai1="23,132,56,14,42,74,25,92,109,1,97,13,108" hai2="6,21,34,75,65,94,24,113,38,30,71,135,102" hai3="46,57,112,83,72,119,86,133,20,45,37,48,70"/><T128/><D2/><U127/><E74/><V122/><F122/><W89/><G119/><T33/><D33/><U44/><E1/><V7/><F113/><W125/><G70/><T118/><D100/><U9/><E132/><V31/><F38/><W130/><G112/><T84/><D84/><U61/><E127/><V80/><F135/><W93/><G133/><T114/><D134/><U17/><E109/><V73/><F73/><W88/><G125/><T117/><D15/><U16/><E108/><V82/><F82/><W131/><G37/><T53/><D18/><U69/><E69/><V98/><F65/><W58/><G46/><T59/><REACH who="0" step="1"/><D59/><REACH who="0" ten="225,53,504,208" step="2"/><U3/><E3/><V115/><F71/><W11/><G72/><T123/><D123/><U96/><E14/><V124/><F124/><W79/><G79/><T0/><D0/><U111/><E111/><V55/><F115/><AGARI ba="0,1" hai="49,50,53,54,64,67,114,115,117,118,120,121,128,129" machi="115" ten="25,18000,2" yaku="1,1,22,2,34,3,53,0" doraHai="22" doraHaiUra="4" who="0" fromWho="2" sc="225,190,53,0,504,-180,208,0" /><INIT seed="4,1,0,3,2,103" ten="415,53,324,208" oya="0" hai0="128,87,25,133,12,63,74,130,117,15,18,51,88" hai1="81,93,7,21,135,75,54,97,80,113,6,114,66" hai2="39,77,44,67,85,52,110,71,98,32,2,50,40" hai3="4,36,104,127,102,62,29,129,76,42,3,11,34"/><T112/><D74/><U38/><E38/><V131/><F110/><W35/><G127/><T61/><D117/><U83/><E75/><V59/><F131/><N who="0" m="50218" /><D112/><N who="1" m="43115" /><E66/><V100/><F2/><W121/><G129/><T14/><D133/><U125/><E125/><V43/><F32/><W95/><G95/><N who="0" m="54687" /><D51/><U58/><E21/><AGARI ba="1,0" hai="12,14,15,18,21,25,61,63" m="54687,50218" machi="21" ten="30,2900,0" yaku="19,1,54,1" doraHai="103" who="0" fromWho="1" sc="415,32,53,-32,324,0,208,0" /><INIT seed="4,2,0,4,1,127" ten="447,21,324,208" oya="0" hai0="48,36,41,118,94,62,47,71,59,42,125,61,28" hai1="17,15,105,13,55,46,86,67,21,115,4,63,68" hai2="101,69,113,98,32,65,117,85,122,79,129,54,72" hai3="135,100,93,99,20,29,57,78,6,53,1,124,130"/><T84/><D84/><U33/><E33/><V56/><F32/><W60/><G124/><T134/><D94/><U133/><E105/><V14/><F72/><W40/><G135/><T43/><D28/><U108/><E108/><V114/><F122/><W104/><G104/><T132/><D125/><U19/><E133/><N who="0" m="51305" /><D118/><U120/><E120/><V51/><F117/><W25/><G40/><T77/><D77/><U58/><E115/><V90/><F79/><W35/><G78/><T126/><D126/><U64/><E4/><V76/><F76/><W44/><G35/><T30/><D30/><U7/><E7/><V119/><F14/><W110/><G110/><T80/><D80/><U95/><E68/><V26/><F26/><W18/><G6/><T11/><D11/><U109/><E46/><V3/><F3/><W106/><G1/><T9/><D9/><U91/><REACH who="1" step="1"/><E109/><REACH who="1" ten="447,11,324,208" step="2"/><V38/><F119/><W75/><G106/><T50/><D47/><U103/><E103/><V39/><F114/><W73/><G44/><T82/><D71/><U23/><AGARI ba="2,1" hai="13,15,17,19,21,23,55,58,63,64,67,86,91,95" machi="23" ten="20,8000,1" yaku="1,1,0,1,7,1,9,1,8,1,53,0" doraHai="127" doraHaiUra="121" who="1" fromWho="1" sc="447,-42,11,96,324,-22,208,-22" /><INIT seed="5,0,0,5,0,133" ten="405,107,302,186" oya="1" hai0="93,56,49,72,58,122,18,42,87,24,21,15,67" hai1="20,11,40,32,45,2,55,16,69,1,95,105,120" hai2="64,114,106,119,110,6,111,134,124,116,38,107,29" hai3="99,132,102,101,89,30,66,79,96,51,60,109,128"/><U27/><E105/><N who="2" m="39947" /><F29/><W90/><G109/><N who="2" m="41481" /><F6/><W47/><G79/><T74/><D72/><U118/><E120/><V46/><F64/><W0/><G132/><T63/><D74/><U115/><E115/><V26/><F26/><W112/><G128/><T22/><D122/><U5/><E118/><N who="2" m="45099" /><F134/><W91/><G112/><T84/><D93/><U130/><E130/><V19/><F19/><W104/><G30/><N who="0" m="17679" /><D58/><U73/><E69/><V35/><F114/><W43/><G0/><T8/><D8/><U4/><E55/><V98/><F98/><N who="3" m="37419" /><G104/><T76/><D15/><U127/><E32/><V23/><F23/><W70/><G70/><T126/><D18/><U117/><E117/><V85/><F85/><W68/><G68/><T59/><D87/><U50/><E73/><V33/><F124/><W14/><G14/><T108/><D126/><U3/><E127/><V86/><F86/><W53/><G66/><T83/><D22/><U17/><E17/><V34/><F46/><W81/><G81/><T7/><D108/><U103/><E4/><V39/><AGARI ba="0,0" hai="33,34,35,38,39" m="45099,41481,39947" machi="39" ten="50,8000,1" yaku="28,2,31,2" doraHai="133" who="2" fromWho="2" sc="405,-20,107,-40,302,80,186,-20" /><INIT seed="6,0,0,0,5,27" ten="385,67,382,166" oya="2" hai0="90,77,86,132,128,31,22,129,82,15,41,115,29" hai1="87,100,91,21,120,110,61,92,113,112,52,125,126" hai2="118,117,124,24,108,114,98,55,58,135,62,6,56" hai3="72,28,60,64,3,37,80,119,17,59,76,48,69"/><V2/><F124/><N who="1" m="47721" /><E21/><V34/><F135/><W12/><G3/><T51/><D132/><U93/><E61/><V18/><F114/><N who="1" m="44137" /><E52/><V99/><F108/><W75/><G119/><T123/><D123/><U8/><E8/><V71/><F71/><W68/><G37/><T54/><D41/><U85/><E110/><V16/><F2/><W45/><G75/><T33/><D33/><U83/><E120/><V96/><F6/><W104/><G104/><T102/><D15/><U23/><E23/><V39/><F39/><W134/><G134/><T49/><D22/><U53/><E53/><V103/><F103/><W44/><G44/><T133/><D102/><U127/><N who="1" m="47729" /><U38/><DORA hai="97" /><E38/><V10/><F58/><W26/><G17/><T43/><D54/><U5/><E5/><V7/><F118/><W101/><G101/><T50/><D115/><U4/><E4/><V13/><REACH who="2" step="1"/><F117/><REACH who="2" ten="385,67,372,166" step="2"/><W81/><G68/><T65/><D133/><U122/><E122/><V19/><F19/><W11/><G69/><T78/><D51/><U30/><E30/><AGARI ba="0,1" hai="7,10,13,16,18,24,30,34,55,56,62,96,98,99" machi="30" ten="40,7700,0" yaku="1,1,52,1,54,1,53,0" doraHai="27,97" doraHaiUra="70,116" who="2" fromWho="1" sc="385,0,67,-77,372,87,166,0" owari="385,19.0,-10,-51.0,459,55.0,166,-23.0" /></mjloggm>