<mjloggm ver="2.3"><GO type="169" lobby="0"/><UN n0="%E3%81%BE%E3%81%8A%E3%81%BD%E3%82%93" n1="%E3%81%AD%E3%81%8D%E3%81%9B%40" n2="%63%65%73%39" n3="%E3%83%88%E3%83%88%E3%83%AA%E5%85%88%E7%94%9F%31%39%E6%AD%B3" dan="16,17,17,17" rate="2109.48,2108.36,2186.50,2223.95" sx="F,F,M,F"/><TAIKYOKU oya="0"/><INIT seed="0,0,0,1,4,89" ten="250,250,250,250" oya="0" hai0="9,54,59,33,135,20,104,46,26,107,82,25,3" hai1="106,57,2,0,93,85,131,74,96,19,128,134,84" hai2="117,28,90,124,37,126,75,58,14,133,29,101,55" hai3="23,8,72,122,100,80,66,73,10,113,24,41,88"/><T17/><D135/><U127/><E134/><V16/><F133/><W60/><G113/><T61/><D82/><U15/><E74/><V86/><F37/><W18/><G122/><T44/><D44/><U45/><E106/><V69/><F101/><W42/><G100/><T76/><D76/><U47/><E57/><V102/><F102/><W13/><G73/><T108/><D108/><U12/><E96/><V112/><F69/><W53/><G53/><T116/><D116/><U31/><E31/><V1/><F1/><W132/><G132/><T21/><D33/><U32/><E19/><V38/><F38/><W68/><G8/><T11/><D46/><U43/><E43/><V125/><F75/><W49/><G49/><T63/><D63/><U50/><E50/><N who="2" m="31095" /><F112/><W51/><G51/><T105/><REACH who="0" step="1"/><D3/><REACH who="0" ten="240,250,250,250" step="2"/><U109/><E32/><V130/><F117/><W92/><G80/><T103/><D103/><U120/><E109/><V40/><F130/><W77/><G77/><T35/><D35/><U48/><E47/><V121/><F40/><W87/><REACH who="3" step="1"/><G72/><REACH who="3" ten="240,250,250,240" step="2"/><T5/><D5/><AGARI ba="0,2" hai="5,10,13,18,23,24,41,42,60,66,68,87,88,92" machi="5" ten="30,12000,2" yaku="1,1,2,1,7,1,52,1,54,1,53,1" doraHai="89" doraHaiUra="62" who="3" fromWho="0" sc="240,-120,250,0,250,0,240,140" /><INIT seed="1,0,0,1,2,9" ten="120,250,250,380" oya="1" hai0="109,123,125,30,8,92,65,72,50,2,18,54,7" hai1="55,36,83,124,5,127,70,13,95,32,44,117,78" hai2="15,135,16,0,17,12,116,4,100,10,31,99,3" hai3="66,61,74,33,90,49,106,88,51,20,56,91,87"/><U98/><E32/><V58/><F116/><W47/><G33/><T105/><D105/><U131/><E117/><V23/><F58/><W75/><G106/><T107/><D107/><U64/><E131/><V68/><F68/><W120/><G120/><T62/><D72/><U108/><E108/><V40/><F40/><W76/><G75/><T103/><D123/><U25/><E78/><V6/><F99/><W80/><G74/><T101/><D109/><U93/><E83/><V14/><F100/><W79/><G79/><T41/><D41/><N who="1" m="22567" /><E25/><N who="2" m="16831" /><F135/><W69/><G69/><T112/><D30/><U128/><E128/><V122/><F122/><W134/><G134/><T81/><D81/><U111/><E111/><V29/><F29/><W82/><G82/><T130/><D130/><U114/><E114/><V34/><F34/><W1/><G1/><T96/><D112/><U129/><E55/><V104/><F104/><W19/><REACH who="3" step="1"/><G47/><REACH who="3" ten="120,250,250,370" step="2"/><T71/><D125/><U89/><E129/><V48/><F48/><W73/><G73/><T28/><D28/><U77/><E70/><V118/><F118/><W42/><G42/><T86/><D86/><U126/><E126/><V60/><F60/><W84/><G84/><T38/><D38/><U26/><E127/><V22/><F6/><W35/><G35/><T110/><D110/><U97/><E5/><V115/><F115/><W67/><G67/><T85/><D85/><U46/><E46/><V94/><F94/><W39/><G39/><T37/><D37/><U63/><E124/><V53/><F53/><W11/><G11/><AGARI ba="0,1" hai="0,3,4,10,11,12,14,15,16,17,22" m="16831" machi="11" ten="30,16000,3" yaku="35,5,52,3,54,1" doraHai="9" who="2" fromWho="3" sc="120,0,250,0,250,170,370,-160" /><INIT seed="2,0,0,3,3,99" ten="120,250,420,210" oya="2" hai0="97,11,126,47,28,72,85,0,134,52,31,109,84" hai1="75,27,118,46,39,104,105,5,21,93,103,3,98" hai2="1,33,50,119,29,8,74,78,43,89,67,66,40" hai3="19,37,24,12,100,132,87,123,102,121,76,7,86"/><V60/><F119/><W36/><G7/><T88/><D72/><U4/><E118/><V38/><F38/><W48/><G24/><T41/><D109/><U113/><E113/><V77/><F74/><W53/><G132/><T68/><D68/><U25/><E75/><V51/><F33/><W18/><G48/><N who="2" m="18473" /><F1/><W34/><G53/><T129/><D129/><U127/><E127/><V62/><F89/><W115/><G12/><T112/><D112/><U64/><E64/><N who="2" m="24619" /><F8/><W32/><REACH who="3" step="1"/><G115/><REACH who="3" ten="120,250,420,200" step="2"/><T80/><D134/><U13/><E4/><V91/><F29/><W17/><G17/><T82/><D126/><U107/><E3/><V101/><F40/><W20/><G20/><T95/><D52/><U44/><E5/><V90/><F43/><W117/><G117/><T14/><D0/><U10/><E21/><V128/><F128/><W124/><G124/><T108/><D108/><U131/><E131/><V6/><F6/><W120/><G120/><T70/><D70/><U42/><E44/><V83/><F62/><W26/><G26/><T58/><D41/><U111/><E111/><V65/><F60/><W54/><G54/><T94/><D47/><U122/><E122/><V22/><F22/><W79/><AGARI ba="0,1" hai="18,19,32,34,36,37,76,79,86,87,100,102,121,123" machi="79" ten="25,12000,2" yaku="1,1,0,1,22,2,52,2,53,0" doraHai="99" doraHaiUra="55" who="3" fromWho="3" sc="120,-30,250,-30,420,-60,200,130" /><INIT seed="3,0,0,5,2,19" ten="90,220,360,330" oya="3" hai0="97,61,63,10,2,109,91,0,20,13,50,55,104" hai1="32,1,114,113,9,44,58,7,101,133,14,130,60" hai2="100,121,86,15,95,65,102,18,134,78,69,135,84" hai3="45,73,107,132,124,129,4,127,74,110,71,49,87"/><W54/><G71/><T24/><D0/><U51/><E32/><V96/><F121/><W34/><G34/><T17/><D2/><U89/><E101/><V103/><F65/><W64/><G64/><T37/><D37/><U28/><E133/><N who="2" m="50699" /><F69/><W30/><G132/><T59/><D109/><U33/><E130/><V108/><F108/><W40/><G110/><T120/><D120/><U98/><E33/><V36/><F36/><W77/><G107/><T21/><D104/><U62/><E28/><V119/><F119/><W27/><G4/><T56/><D24/><U92/><E1/><V35/><F35/><N who="3" m="20959" /><G129/><T39/><D39/><U80/><E80/><N who="2" m="47127" /><F86/><W70/><G70/><T5/><D5/><U128/><E128/><V29/><F29/><W76/><G40/><T43/><D43/><U116/><E116/><V16/><F18/><W99/><G99/><T79/><D79/><N who="3" m="30281" /><G87/><T90/><D50/><U26/><E113/><V12/><F12/><W46/><G74/><T75/><D75/><U123/><E26/><V126/><F103/><W115/><G115/><T11/><D11/><U105/><E114/><V82/><F102/><W25/><G25/><T106/><D106/><U41/><E123/><V3/><F82/><W52/><G73/><T83/><D83/><U31/><E105/><V112/><F3/><W8/><G8/><T117/><D117/><U6/><E31/><V48/><F112/><W68/><G68/><T47/><D47/><U66/><E44/><V131/><F131/><W23/><G23/><N who="0" m="8779" /><D97/><U38/><E38/><V22/><F48/><N who="3" m="28943" /><G46/><T118/><D118/><RYUUKYOKU ba="0,0" sc="90,10,220,-30,360,10,330,10" hai0="10,13,17,55,56,59,61,63,90,91" hai2="15,16,22,95,96,100,126" hai3="49,52,124,127" /><INIT seed="3,1,0,3,3,27" ten="100,190,370,340" oya="3" hai0="50,126,17,86,2,108,66,8,85,26,9,68,11" hai1="94,34,42,22,59,114,54,113,43,78,51,28,37" hai2="64,103,63,1,29,104,133,123,116,120,118,41,122" hai3="6,112,45,35,24,75,135,19,67,69,5,97,124"/><W65/><G112/><T40/><D2/><U98/><E34/><V90/><F41/><W91/><G75/><T0/><D0/><U71/><E71/><N who="2" m="42399" /><F1/><W60/><G135/><T80/><D108/><U74/><E37/><V111/><F90/><W7/><G124/><T134/><D126/><U56/><E74/><V38/><F38/><W57/><G45/><T33/><D134/><U58/><E78/><V46/><F46/><W32/><G69/><T79/><D86/><U14/><E113/><V73/><F133/><W115/><G115/><T13/><D50/><U128/><E128/><V127/><F127/><W76/><G76/><T36/><D36/><U131/><E131/><V23/><F73/><W25/><G25/><T81/><D40/><N who="1" m="15403" /><E114/><V107/><F111/><W99/><G67/><T21/><D81/><U129/><E129/><V3/><F3/><W100/><G91/><T87/><D87/><U12/><E12/><V96/><F104/><W39/><G39/><T61/><REACH who="0" step="1"/><D33/><REACH who="0" ten="90,190,370,340" step="2"/><U52/><E51/><V101/><F120/><W89/><G35/><T49/><D49/><U47/><E47/><V95/><F123/><W77/><G32/><T84/><D84/><U105/><E98/><V70/><F96/><N who="3" m="36939" /><G77/><T82/><D82/><U132/><E132/><V93/><F122/><W10/><G89/><T125/><D125/><U18/><E105/><V31/><F107/><W119/><G119/><T16/><AGARI ba="1,1" hai="8,9,11,13,16,17,21,26,61,66,68,79,80,85" machi="16" ten="20,5200,0" yaku="1,1,0,1,7,1,54,1,53,0" doraHai="27" doraHaiUra="44" who="0" fromWho="0" sc="90,65,190,-14,370,-14,340,-27" /><INIT seed="4,0,0,5,5,133" ten="155,176,356,313" oya="0" hai0="62,37,123,90,27,58,77,120,43,6,83,46,47" hai1="66,4,117,53,54,135,9,85,106,2,128,1,91" hai2="61,98,94,103,31,52,22,38,118,124,33,119,12" hai3="71,15,70,121,126,26,105,78,67,92,59,35,17"/><T24/><D123/><U44/><E117/><N who="2" m="44555" /><F38/><W3/><G105/><T109/><D109/><U87/><E106/><V30/><F33/><W23/><G126/><T101/><D120/><U113/><E135/><V36/><F36/><W76/><G121/><T110/><D110/><U29/><E128/><V81/><F81/><W55/><G3/><T132/><D132/><U14/><E29/><V45/><F45/><W89/><G67/><T82/><D101/><U60/><E113/><V19/><F124/><W40/><G40/><T95/><D6/><U16/><E44/><V69/><F69/><W75/><G35/><T86/><D47/><U51/><E51/><V99/><F99/><N who="3" m="57743" /><G15/><T79/><D79/><N who="3" m="30249" /><G75/><T21/><D21/><U107/><E107/><V39/><F39/><W115/><G115/><T13/><D13/><U93/><E85/><V56/><AGARI ba="0,0" hai="12,19,22,30,31,52,56,61,94,98,103" m="44555" machi="56" ten="30,2000,0" yaku="12,1,54,1" doraHai="133" who="2" fromWho="2" sc="155,-10,176,-5,356,20,313,-5" /><INIT seed="5,0,0,0,0,109" ten="145,171,376,308" oya="1" hai0="70,91,22,14,52,39,101,86,9,19,23,120,81" hai1="105,17,90,107,59,54,125,6,37,29,67,89,26" hai2="135,40,16,116,51,25,95,0,123,60,21,128,66" hai3="115,100,97,119,1,75,102,94,108,42,24,57,76"/><U83/><E37/><V36/><F123/><W131/><G1/><T56/><D120/><U87/><E125/><V112/><F0/><W99/><G108/><T61/><D39/><U28/><E6/><V8/><F116/><W35/><G42/><T18/><D70/><U41/><E41/><V111/><F111/><W96/><G57/><T49/><D101/><N who="3" m="39017" /><G24/><T130/><D130/><U11/><E67/><V30/><F51/><W82/><G35/><T45/><REACH who="0" step="1"/><D19/><REACH who="0" ten="135,171,376,308" step="2"/><U126/><E126/><V4/><F16/><W103/><G131/><T53/><AGARI ba="0,1" hai="9,14,18,22,23,45,49,52,53,56,61,81,86,91" machi="53" ten="20,16000,3" yaku="1,1,2,1,0,1,7,1,25,2,8,1,54,1,53,1" doraHai="109" doraHaiUra="10" who="0" fromWho="0" sc="135,170,171,-80,376,-40,308,-40" /><INIT seed="6,0,0,1,1,37" ten="305,91,336,268" oya="2" hai0="112,64,42,1,78,43,15,66,113,130,47,80,24" hai1="49,61,36,4,132,54,8,44,81,68,50,41,72" hai2="51,77,110,58,0,34,128,52,93,79,17,134,124" hai3="116,73,89,21,28,14,46,103,35,6,45,117,101"/><V71/><F71/><W114/><G73/><T107/><D107/><U90/><E132/><V62/><F34/><W95/><G35/><T74/><D1/><U55/><E90/><V2/><F134/><W3/><G3/><T126/><D126/><U131/><E131/><V59/><F128/><W105/><G105/><T106/><D106/><U65/><E50/><V29/><F29/><W86/><G114/><N who="0" m="44139" /><D130/><U70/><E70/><V38/><F38/><W75/><G75/><T118/><D118/><U40/><E49/><V56/><F2/><W25/><G117/><T31/><D47/><N who="3" m="17929" /><G116/><T99/><D99/><U92/><E92/><V87/><F0/><W23/><G23/><N who="0" m="15775" /><D15/><U100/><E100/><V32/><F32/><W60/><G60/><T48/><D48/><U123/><E123/><V57/><F124/><W7/><G7/><T85/><D74/><U30/><E30/><V104/><F104/><W20/><G20/><T53/><D53/><U127/><E127/><V119/><F119/><W94/><G94/><T108/><D108/><U109/><E109/><V27/><F110/><W10/><AGARI ba="0,0" hai="6,10,14,21,25,28,86,89,95,101,103" m="17929" machi="10" ten="30,1100,0" yaku="8,1" doraHai="37" who="3" fromWho="3" sc="305,-3,91,-3,336,-5,268,11" /><INIT seed="7,0,0,4,4,101" ten="302,88,331,279" oya="3" hai0="34,31,2,110,120,50,129,80,133,35,1,113,8" hai1="98,102,70,28,38,15,41,64,81,92,123,63,16" hai2="78,59,96,99,95,69,48,37,14,109,47,91,12" hai3="54,125,111,19,13,114,27,128,39,17,97,131,118"/><W117/><G39/><T112/><D120/><U5/><E123/><V93/><F109/><W3/><G54/><T30/><D110/><U26/><E5/><V11/><F69/><W7/><G111/><T74/><D133/><U33/><E38/><V57/><F37/><W49/><G49/><T21/><D50/><U79/><E41/><N who="2" m="24687" /><F78/><W62/><G62/><T23/><D129/><N who="3" m="49737" /><G97/><T108/><D108/><U52/><E81/><V20/><F20/><N who="0" m="7754" /><D80/><U100/><E79/><V73/><F14/><W77/><G77/><T84/><D84/><U4/><E4/><N who="2" m="3175" /><F73/><W60/><G60/><T87/><D87/><U68/><E68/><V53/><F53/><W65/><G65/><T18/><D74/><U66/><E66/><V32/><F32/><N who="0" m="12330" /><D18/><N who="3" m="6665" /><G27/><T86/><D86/><U85/><E85/><V124/><F95/><W90/><G90/><T22/><D22/><U25/><E25/><V104/><F99/><W119/><G13/><T76/><D76/><U115/><E100/><V134/><F96/><W126/><G114/><N who="0" m="44139" /><D2/><U0/><E115/><V103/><F91/><W36/><G36/><T107/><D107/><U51/><E0/><V10/><F104/><W9/><AGARI ba="0,0" hai="3,7,9,117,118,119,125,126" m="6665,49737" machi="9" ten="40,7800,0" yaku="19,1,34,2" doraHai="101" who="3" fromWho="3" sc="302,-26,88,-26,331,-26,279,78" owari="276,-12.0,62,-44.0,305,11.0,357,45.0" /></mjloggm>