<mjloggm ver="2.3"><GO type="169" lobby="0"/><UN n0="%E3%82%A6%E3%83%AB%E3%83%88%E3%83%A9%E7%AB%8B%E7%9B%B4" n1="%4A%6F%75%72%6E%65%79" n2="%E3%81%A9%E3%81%90%E3%81%95%E3%82%8C%E3%81%86%E3%81%AA%E3%81%8E" n3="%6D%61%6A%69%6B%75%7A%75" dan="18,16,16,17" rate="2216.38,2102.13,2108.61,2180.86" sx="M,M,M,M"/><TAIKYOKU oya="0"/><INIT seed="0,0,0,5,3,41" ten="250,250,250,250" oya="0" hai0="25,133,135,113,89,52,93,126,3,67,4,97,127" hai1="131,23,116,78,29,111,17,119,100,79,8,110,70" hai2="115,117,33,99,76,5,128,68,109,83,85,43,57" hai3="2,27,84,123,81,122,88,55,87,16,124,9,92"/><T18/><D67/><U71/><E100/><V118/><F68/><W13/><G124/><N who="0" m="47659" /><D4/><U132/><E132/><N who="0" m="50761" /><D3/><U10/><E29/><V36/><F33/><W40/><G2/><T19/><D113/><U26/><E23/><V56/><F5/><W91/><G40/><T1/><D1/><U64/><E64/><V86/><F115/><W37/><G37/><T11/><D11/><U80/><E80/><V20/><F43/><W95/><G27/><T47/><D25/><U120/><E26/><V22/><F36/><W31/><G31/><T65/><D65/><U96/><E120/><N who="3" m="46122" /><G55/><T101/><D101/><U125/><E125/><V50/><F22/><W66/><G66/><T24/><D24/><U21/><E21/><V103/><F20/><W112/><G112/><T107/><D107/><U134/><E134/><V38/><F103/><W48/><G48/><AGARI ba="0,0" hai="18,19,47,48,52,89,93,97" m="50761,47659" machi="48" ten="30,11600,0" yaku="18,1,20,1,52,1,54,1" doraHai="41" who="0" fromWho="3" sc="250,116,250,0,250,0,250,-116" /><INIT seed="0,1,0,4,5,86" ten="366,250,250,134" oya="0" hai0="99,48,5,92,112,27,35,79,67,122,13,42,104" hai1="14,6,119,23,53,45,30,19,85,105,107,130,72" hai2="116,69,95,64,52,36,15,81,54,100,113,18,89" hai3="20,34,126,106,135,17,57,38,65,68,102,46,24"/><T4/><D122/><U83/><E119/><V129/><F113/><W11/><G68/><T76/><D112/><U115/><E115/><V58/><F36/><W2/><G106/><T134/><D104/><U59/><E130/><V28/><F129/><W78/><G102/><T44/><D134/><U90/><E30/><V98/><F116/><W47/><G78/><T8/><D4/><U61/><E6/><V49/><F28/><W39/><G135/><T31/><REACH who="0" step="1"/><D67/><REACH who="0" ten="356,250,250,134" step="2"/><U66/><E72/><V121/><F121/><W109/><G65/><T93/><D93/><U56/><REACH who="1" step="1"/><E45/><REACH who="1" ten="356,240,250,134" step="2"/><N who="2" m="27695" /><F64/><W29/><G46/><T132/><D132/><U51/><AGARI ba="1,2" hai="14,19,23,51,53,56,59,61,66,83,85,90,105,107" machi="51" ten="20,8000,1" yaku="1,1,0,1,7,1,52,1,53,1" doraHai="86" doraHaiUra="12" who="1" fromWho="1" sc="356,-41,240,103,250,-21,134,-21" /><INIT seed="1,0,0,5,5,59" ten="315,343,229,113" oya="1" hai0="13,53,125,89,135,63,133,110,90,100,15,1,78" hai1="18,41,122,121,117,82,52,62,119,126,64,73,99" hai2="54,108,24,95,27,86,34,32,44,87,123,31,81" hai3="105,79,66,4,67,50,128,93,12,91,57,131,42"/><U2/><E2/><V6/><F108/><W35/><G105/><T37/><D1/><U68/><E99/><V112/><F123/><N who="1" m="47113" /><E82/><V23/><F112/><W83/><G35/><T129/><D110/><U21/><E73/><V39/><F6/><W94/><G94/><T30/><D30/><U104/><E104/><V28/><F95/><W16/><G4/><T8/><D15/><U116/><E21/><V46/><F23/><W40/><G66/><T9/><D13/><U17/><E17/><V130/><F130/><N who="3" m="49707" /><G50/><T51/><D100/><U56/><E18/><V85/><F39/><W47/><G47/><T71/><D8/><U80/><E80/><V58/><REACH who="2" step="1"/><F81/><REACH who="2" ten="315,343,219,113" step="2"/><W60/><G83/><T114/><D129/><U88/><E119/><V75/><F75/><W120/><G120/><T11/><D11/><U43/><E117/><V102/><F102/><W134/><G79/><T45/><D9/><U124/><E116/><V25/><F25/><W38/><G38/><T76/><D37/><U132/><E132/><V49/><AGARI ba="0,1" hai="24,27,28,31,32,34,44,46,49,54,58,85,86,87" machi="49" ten="30,4000,0" yaku="1,1,0,1,9,1,53,0" doraHai="59" doraHaiUra="69" who="2" fromWho="2" sc="315,-10,343,-20,219,50,113,-10" /><INIT seed="2,0,0,1,2,113" ten="305,323,269,103" oya="2" hai0="72,101,28,15,112,129,122,31,96,1,81,33,43" hai1="51,108,45,135,16,63,103,35,17,66,8,67,133" hai2="21,39,94,34,120,2,55,41,128,126,47,100,85" hai3="127,107,87,14,9,130,60,58,89,68,115,36,102"/><V50/><F34/><W26/><G36/><T3/><D122/><U64/><E35/><V48/><F120/><W4/><G115/><T111/><D112/><U104/><E108/><V93/><F126/><W20/><G127/><T19/><D43/><U54/><E63/><V80/><F2/><W29/><G130/><T79/><D111/><U88/><E104/><V22/><F128/><W49/><G68/><T46/><D129/><U0/><E103/><V24/><F39/><W97/><G49/><T59/><D46/><U30/><E30/><V53/><F41/><W114/><G114/><T61/><D33/><U119/><E119/><V134/><F134/><N who="1" m="51209" /><E88/><N who="2" m="51239" /><F100/><W75/><G75/><T110/><D110/><U91/><E91/><V86/><F86/><W62/><REACH who="3" step="1"/><G58/><REACH who="3" ten="305,323,269,93" step="2"/><T76/><D59/><U13/><E0/><V121/><F121/><W123/><G123/><T125/><D1/><U116/><E116/><V98/><F48/><W12/><G12/><T25/><D15/><U90/><E90/><V118/><F50/><W27/><G27/><T77/><D25/><U95/><E13/><V44/><F24/><W11/><G11/><T10/><D10/><U106/><E8/><V131/><F131/><W105/><G105/><T69/><D3/><U92/><E106/><V40/><F47/><W82/><AGARI ba="0,1" hai="4,9,14,20,26,29,60,62,82,87,89,97,102,107" machi="82" ten="20,2700,0" yaku="1,1,0,1,7,1,53,0" doraHai="113" doraHaiUra="74" who="3" fromWho="3" sc="305,-7,323,-7,269,-13,93,37" /><INIT seed="3,0,0,5,0,82" ten="298,316,256,130" oya="3" hai0="6,132,20,47,120,94,104,55,15,89,19,9,97" hai1="58,111,67,112,36,1,35,5,51,40,117,18,71" hai2="130,49,52,54,72,73,100,65,62,66,23,88,134" hai3="79,122,80,84,119,124,39,32,92,70,22,86,61"/><W17/><G119/><T68/><D132/><U28/><E112/><V0/><F0/><W125/><G122/><T69/><D120/><U33/><E117/><V98/><F134/><W56/><G32/><T95/><D104/><U121/><E121/><V50/><F130/><W7/><G39/><T24/><D47/><U57/><E111/><V123/><F123/><W37/><G37/><T96/><REACH who="0" step="1"/><D55/><REACH who="0" ten="288,316,256,130" step="2"/><U13/><E40/><V30/><F54/><W31/><G124/><T27/><D27/><U135/><E135/><V16/><F52/><N who="3" m="33927" /><G125/><T45/><D45/><U63/><E36/><V99/><F66/><W34/><G34/><T21/><D21/><U12/><E35/><V128/><F65/><W14/><G70/><T11/><D11/><U87/><E33/><V101/><F23/><W41/><G41/><T93/><D93/><U110/><E67/><V129/><F62/><W114/><G114/><T25/><D25/><U118/><E63/><V126/><F126/><W115/><G115/><T113/><D113/><U78/><E71/><V64/><F64/><W43/><G43/><T127/><D127/><U48/><E118/><V46/><F46/><W90/><G31/><T131/><D131/><U76/><E28/><V42/><F30/><W83/><G7/><T2/><D2/><U109/><E5/><V8/><F42/><W60/><G60/><T91/><AGARI ba="0,1" hai="6,9,15,19,20,24,68,69,89,91,94,95,96,97" machi="91" ten="20,5200,0" yaku="1,1,0,1,7,1,9,1,53,0" doraHai="82" doraHaiUra="105" who="0" fromWho="0" sc="288,62,316,-13,256,-13,130,-26" /><INIT seed="4,0,0,4,3,89" ten="350,303,243,104" oya="0" hai0="76,82,114,103,134,80,123,119,10,126,47,9,37" hai1="94,121,43,42,65,71,26,30,45,75,66,7,85" hai2="106,35,113,116,55,125,69,36,34,27,93,58,86" hai3="108,64,48,13,132,14,18,60,90,83,29,98,2"/><T120/><D119/><U122/><E75/><V130/><F113/><W101/><G2/><T56/><D114/><U6/><E42/><V97/><F116/><W111/><G132/><T124/><D134/><U118/><E118/><V127/><F130/><W31/><G108/><T133/><D133/><U110/><E110/><V1/><F1/><W92/><G111/><T128/><D128/><U87/><E87/><V0/><F0/><W88/><G48/><T109/><D109/><U104/><E104/><V52/><F69/><W39/><G39/><T107/><D56/><U57/><E71/><V23/><F86/><N who="3" m="50271" /><G90/><T73/><D82/><U61/><E66/><V50/><F106/><W78/><G78/><T8/><D103/><U70/><E70/><V99/><F36/><W25/><G25/><T77/><D107/><U3/><E3/><V20/><F27/><W63/><G14/><T129/><D77/><U38/><E122/><V21/><F99/><W59/><G63/><T41/><REACH who="0" step="1"/><D129/><REACH who="0" ten="340,303,243,104" step="2"/><U54/><E57/><V62/><F127/><AGARI ba="0,1" hai="8,9,10,37,41,47,73,76,80,120,123,124,126,127" machi="127" ten="40,7700,0" yaku="1,1,2,1,18,1,53,0" doraHai="89" doraHaiUra="19" who="0" fromWho="2" sc="340,87,303,0,243,-77,104,0" /><INIT seed="4,1,0,2,0,122" ten="427,303,166,104" oya="0" hai0="41,92,56,35,95,22,49,44,31,0,113,7,53" hai1="19,57,128,105,102,103,66,115,33,46,20,68,75" hai2="90,118,23,61,47,89,9,11,29,104,131,2,135" hai3="70,54,3,63,98,39,28,6,132,87,26,60,121"/><T100/><D113/><U83/><E33/><V99/><F135/><W51/><G39/><T71/><D35/><U86/><E115/><V97/><F131/><W125/><G132/><T93/><D71/><U8/><E128/><V106/><F118/><W107/><G121/><T52/><D0/><U64/><E68/><V88/><F47/><W130/><G130/><T73/><D73/><U27/><E75/><V62/><F23/><W123/><G123/><T18/><D7/><U43/><E8/><V101/><F29/><W120/><G120/><T69/><D69/><U24/><E24/><V84/><F84/><W134/><G134/><T96/><D31/><U85/><E85/><V1/><REACH who="2" step="1"/><F90/><REACH who="2" ten="427,303,156,104" step="2"/><W50/><G87/><T78/><D78/><U124/><E86/><V15/><F15/><W127/><G28/><T82/><D82/><U38/><E46/><V12/><F12/><W58/><G26/><N who="0" m="14679" /><D41/><U65/><E43/><V30/><F30/><W14/><G14/><T17/><D17/><U32/><E19/><V114/><F114/><W40/><G40/><T80/><D80/><U111/><E83/><V72/><F72/><W108/><G3/><T91/><D91/><U13/><E13/><V76/><F76/><W21/><G21/><T10/><D10/><U79/><E20/><V37/><F37/><W77/><G77/><T94/><D44/><U81/><E38/><V116/><F116/><W5/><G5/><T48/><D96/><U59/><E81/><V126/><F126/><N who="3" m="48139" /><G6/><T34/><D34/><U45/><E32/><V42/><F42/><W109/><G98/><RYUUKYOKU ba="1,1" sc="427,-10,303,-10,156,30,104,-10" hai2="1,2,9,11,61,62,88,89,97,99,101,104,106" /><INIT seed="5,2,1,3,1,103" ten="417,293,186,94" oya="1" hai0="93,110,78,70,105,125,128,106,12,30,75,13,82" hai1="53,54,86,11,95,25,76,94,50,116,74,20,85" hai2="133,79,24,15,99,102,67,52,112,4,35,68,91" hai3="10,23,131,135,19,61,2,16,84,65,122,111,51"/><U109/><E116/><V17/><F133/><W58/><G111/><T121/><D70/><U31/><E109/><V73/><F91/><W49/><G122/><T119/><D119/><U36/><E36/><V69/><F4/><W6/><G135/><T100/><D110/><U80/><E11/><V48/><F79/><W9/><G131/><T117/><D117/><U115/><E115/><V44/><F73/><W83/><G9/><T43/><D30/><U7/><E7/><V60/><F112/><W46/><G23/><T0/><D12/><U62/><E62/><V41/><F69/><W63/><G63/><T98/><D0/><U29/><E29/><V113/><F113/><W34/><G34/><T5/><D128/><U45/><E54/><V130/><F130/><W27/><G27/><T40/><D121/><U97/><REACH who="1" step="1"/><E95/><REACH who="1" ten="417,283,186,94" step="2"/><V14/><F41/><W33/><G33/><T114/><D114/><U71/><E71/><V66/><F66/><W8/><G8/><T21/><D43/><U124/><E124/><V127/><F127/><W89/><REACH who="3" step="1"/><G51/><REACH who="3" ten="417,283,186,84" step="2"/><T77/><D5/><U107/><E107/><N who="2" m="63967" /><F17/><W37/><G37/><T72/><D106/><U101/><AGARI ba="2,3" hai="20,25,31,45,50,53,74,76,80,85,86,94,97,101" machi="101" ten="20,3900,0" yaku="1,1,0,1,7,1,53,0" doraHai="103" doraHaiUra="28" who="1" fromWho="1" sc="417,-15,283,75,186,-15,84,-15" /><INIT seed="5,3,0,5,1,90" ten="402,358,171,69" oya="1" hai0="119,133,47,6,39,17,50,93,7,102,24,124,29" hai1="12,1,113,81,30,131,73,26,61,27,34,99,97" hai2="103,3,105,21,56,49,78,4,110,55,130,5,52" hai3="2,38,75,66,18,32,63,128,64,117,36,28,121"/><U76/><E1/><V86/><F110/><W111/><G2/><T48/><D119/><U19/><E113/><V42/><F42/><W60/><G32/><T83/><D39/><N who="3" m="14889" /><G28/><T115/><D124/><U33/><E131/><V20/><F130/><W95/><G75/><T40/><D133/><U125/><E125/><V54/><F105/><W8/><G8/><T62/><D62/><N who="3" m="23593" /><G18/><T134/><D83/><U45/><E45/><V25/><F103/><W89/><G128/><T16/><D29/><U37/><E37/><V13/><F3/><W9/><G9/><T94/><D134/><U53/><E53/><N who="2" m="31791" /><F13/><W43/><G111/><T31/><D31/><U87/><E61/><V41/><F41/><W58/><G89/><T112/><D40/><U122/><E73/><V80/><F21/><W114/><G95/><T104/><D47/><U116/><E116/><V23/><F20/><W59/><G117/><T11/><D11/><U22/><E122/><V14/><F14/><W96/><G121/><T74/><D74/><U135/><E135/><V44/><F44/><W68/><G114/><T126/><D126/><U100/><E100/><V108/><F108/><W88/><G43/><T129/><D102/><U92/><E34/><V123/><F123/><W91/><G68/><T84/><D129/><U51/><E12/><V98/><F98/><W109/><G109/><T77/><D104/><U46/><E99/><V120/><F120/><W65/><G96/><T72/><D72/><U15/><E15/><V0/><F0/><W127/><G127/><T118/><D118/><U70/><E97/><RYUUKYOKU ba="3,0" sc="402,-15,358,-15,171,15,69,15" hai2="4,5,23,25,52,54,55,78,80,86" hai3="58,59,64,65,66,88,91" /><INIT seed="6,4,0,5,0,54" ten="387,343,186,84" oya="2" hai0="78,90,7,115,18,130,107,66,12,49,101,48,2" hai1="65,95,36,81,5,1,116,104,87,134,82,40,52" hai2="53,28,111,126,125,14,128,46,67,26,99,63,59" hai3="127,106,119,37,44,131,88,25,123,24,58,4,129"/><V118/><F118/><W32/><G119/><T117/><D78/><U132/><E116/><V110/><F99/><W16/><G106/><T17/><D101/><U121/><E104/><V3/><F14/><W30/><G123/><T15/><D66/><U92/><E121/><V93/><F93/><W108/><G108/><N who="2" m="41513" /><F3/><W84/><G4/><T114/><D90/><U71/><E1/><V50/><F26/><W35/><G127/><N who="2" m="48649" /><F28/><W85/><G85/><T77/><D107/><U31/><E92/><V74/><F74/><W109/><G109/><T75/><D117/><U79/><E95/><V55/><F128/><N who="3" m="49227" /><G35/><T20/><D130/><U42/><E31/><V45/><F53/><W76/><G76/><T19/><D77/><U10/><E82/><V23/><F23/><N who="3" m="13415" /><G84/><T34/><D75/><U62/><E87/><V113/><F113/><W29/><G29/><T89/><D34/><U112/><E112/><V69/><AGARI ba="4,0" hai="45,46,50,55,59,63,67,69" m="48649,41513" machi="69" ten="30,12000,1" yaku="10,1,18,1,34,2,52,1" doraHai="54" who="2" fromWho="2" sc="387,-44,343,-44,186,132,84,-44" /><INIT seed="6,5,0,1,1,17" ten="343,299,318,40" oya="2" hai0="24,4,2,14,99,22,35,26,123,70,31,97,58" hai1="34,79,77,43,80,68,81,95,66,30,100,12,126" hai2="36,16,7,87,91,15,55,67,60,111,61,42,72" hai3="51,69,113,0,76,21,114,52,106,56,3,96,112"/><V13/><F72/><W33/><G33/><T119/><D70/><U78/><E126/><V73/><F73/><W46/><G69/><T23/><D123/><U108/><E108/><V62/><F111/><W115/><N who="3" m="28672" /><DORA hai="130" /><W6/><G76/><T121/><D121/><U86/><E43/><V107/><F107/><W120/><G120/><T9/><D119/><U45/><E45/><V110/><F110/><W49/><G6/><T83/><D83/><U38/><E38/><V44/><F55/><N who="3" m="31855" /><G21/><T92/><D92/><U74/><E77/><V129/><F129/><W25/><G25/><T65/><D2/><U32/><E32/><V50/><F36/><W41/><G41/><T29/><D35/><U82/><E34/><V47/><F47/><W71/><G71/><T84/><D84/><U128/><E128/><V10/><F67/><W131/><G131/><T75/><D75/><U63/><E81/><N who="2" m="49647" /><F62/><AGARI ba="5,0" hai="4,9,14,22,23,24,26,29,31,58,62,65,97,99" machi="62" ten="40,8000,1" yaku="9,1,8,1,52,2" doraHai="17,130" who="0" fromWho="2" sc="343,95,299,0,318,-95,40,0" /><INIT seed="7,0,0,2,5,36" ten="438,299,223,40" oya="3" hai0="0,23,6,27,115,17,10,124,62,46,9,43,57" hai1="12,113,133,41,32,39,25,89,83,28,105,8,61" hai2="91,130,24,26,63,14,109,30,127,50,11,122,131" hai3="120,5,70,40,19,128,18,37,13,68,52,87,71"/><W112/><G120/><T135/><D115/><U60/><E113/><V4/><F109/><W121/><G112/><T110/><D124/><U56/><E105/><V72/><F72/><W29/><G121/><T64/><D135/><U90/><E133/><V119/><F119/><W51/><G128/><T69/><D110/><U65/><E83/><V15/><F63/><W123/><G123/><T3/><D10/><U31/><E31/><V94/><F122/><W66/><G29/><T20/><D20/><U21/><E32/><V58/><F15/><W7/><G66/><T125/><D125/><U45/><E61/><V47/><F58/><W16/><G13/><T96/><D96/><U117/><E117/><V76/><F76/><W67/><G67/><T106/><D106/><U80/><E80/><V95/><F95/><W53/><G87/><T81/><D81/><U73/><E73/><V129/><F30/><W84/><G84/><T35/><D35/><U1/><E1/><V98/><F127/><W126/><G126/><T34/><D34/><U116/><E116/><V118/><F118/><W111/><G111/><T104/><D104/><U42/><E42/><AGARI ba="0,0" hai="4,11,14,24,26,42,47,50,91,94,98,129,130,131" machi="42" ten="40,2600,0" yaku="19,1,52,1" doraHai="36" who="2" fromWho="1" sc="438,0,299,-26,223,26,40,0" owari="438,54.0,273,7.0,249,-15.0,40,-46.0" /></mjloggm>