<mjloggm ver="2.3"><GO type="169" lobby="0"/><UN n0="%E3%82%B7%E3%83%A7%E3%83%BC%E3%82%BF%E3%83%BC" n1="%E5%B0%B1%E6%B4%BB%E7%94%9F%40%E5%B7%9D%E6%9D%91%E8%BB%8D%E5%9B%A3" n2="%E6%9D%BE%E6%9C%A8%E5%AE%89%E5%A4%AA%E9%83%8E" n3="%4A%61%6E%2D%4D%61%63%68" dan="16,19,17,17" rate="2074.54,2331.97,2135.59,2234.97" sx="F,M,M,M"/><TAIKYOKU oya="0"/><INIT seed="0,0,0,4,4,35" ten="250,250,250,250" oya="0" hai0="44,5,39,65,90,59,130,112,104,2,103,88,43" hai1="34,1,86,60,38,57,89,96,98,78,52,106,23" hai2="53,30,105,0,133,97,93,29,21,47,95,118,125" hai3="119,75,71,40,66,12,76,69,49,120,13,122,6"/><T32/><D112/><U15/><E34/><V134/><F105/><W18/><G119/><T116/><D116/><U41/><E1/><V14/><F118/><W70/><G66/><T121/><D121/><N who="3" m="46697" /><G6/><T48/><D32/><U24/><E106/><V50/><F0/><W84/><G13/><T81/><D130/><U51/><E78/><V73/><F125/><W19/><G75/><T55/><D65/><U82/><E38/><V17/><F73/><W46/><G12/><T20/><D20/><U80/><E80/><AGARI ba="0,0" hai="18,19,40,46,49,69,70,71,76,80,84" m="46697" machi="80" ten="40,1300,0" yaku="13,1" doraHai="35" who="3" fromWho="1" sc="250,0,250,-13,250,0,250,13" /><INIT seed="1,0,0,3,4,72" ten="250,237,250,263" oya="1" hai0="133,36,13,51,113,29,89,98,84,42,127,124,132" hai1="45,35,33,34,22,41,2,20,123,135,54,49,26" hai2="115,47,117,97,63,85,30,130,19,108,83,91,116" hai3="4,128,23,129,10,74,15,109,50,46,76,3,38"/><U80/><E123/><V37/><F108/><W79/><G38/><T96/><D113/><U112/><E112/><V17/><F130/><N who="3" m="50283" /><G74/><T78/><D36/><U28/><E135/><N who="0" m="51785" /><D29/><U1/><E22/><V134/><F30/><W5/><G109/><T90/><D13/><U59/><REACH who="1" step="1"/><E80/><REACH who="1" ten="250,227,250,263" step="2"/><V8/><F134/><W9/><G23/><T7/><D124/><U40/><E40/><AGARI ba="0,1" hai="3,4,5,9,10,15,40,46,50,76,79" m="50283" machi="40" ten="30,3900,0" yaku="19,1,52,2" doraHai="72" who="3" fromWho="1" sc="250,0,227,-39,250,0,263,49" /><INIT seed="2,0,0,3,5,105" ten="250,188,250,312" oya="2" hai0="122,112,75,104,8,108,45,119,34,35,40,90,93" hai1="33,124,30,47,78,43,80,36,134,20,133,24,62" hai2="107,67,76,131,60,18,11,38,7,59,88,82,125" hai3="132,52,53,31,127,51,103,94,85,12,16,102,98"/><V115/><F125/><W25/><G127/><T21/><D122/><U135/><E20/><V77/><F131/><W99/><G132/><T22/><D112/><U23/><E23/><V73/><F115/><W116/><G116/><T128/><D104/><U111/><E124/><V61/><F38/><W19/><G85/><T1/><D128/><U17/><E17/><V96/><F18/><W83/><G83/><T48/><D119/><U32/><E32/><V87/><F61/><W69/><G69/><T91/><D108/><U54/><E54/><V121/><F121/><W113/><G113/><T71/><D71/><U2/><E62/><V44/><F107/><W74/><G74/><T95/><D75/><N who="1" m="43103" /><E2/><V10/><F10/><W86/><G86/><T114/><D114/><U14/><E14/><V79/><F44/><W0/><G0/><T39/><D39/><U46/><E46/><V117/><F96/><W129/><G129/><T70/><D70/><U66/><E66/><V6/><F117/><W92/><G12/><T49/><D45/><U27/><E24/><V41/><F41/><W101/><G101/><T81/><D81/><U118/><E118/><V5/><REACH who="2" step="1"/><F11/><REACH who="2" ten="250,188,240,312" step="2"/><W56/><G53/><T15/><D8/><U58/><E58/><V106/><F106/><W55/><G55/><T13/><REACH who="0" step="1"/><D1/><REACH who="0" ten="240,188,240,312" step="2"/><U63/><E63/><V28/><F28/><W109/><G109/><AGARI ba="0,2" hai="27,30,33,36,43,47,109,111,133,134,135" m="43103" machi="109" ten="40,5200,0" yaku="20,1,23,1,52,1" doraHai="105" who="1" fromWho="3" sc="240,0,188,72,240,0,312,-52" /><INIT seed="3,0,0,0,3,80" ten="240,260,240,260" oya="3" hai0="43,26,56,68,86,125,127,67,15,48,20,53,84" hai1="4,42,107,14,82,112,61,87,54,105,79,5,9" hai2="60,77,47,25,109,17,64,99,58,22,0,49,30" hai3="78,38,8,124,85,97,73,88,29,63,126,108,102"/><W46/><G29/><T94/><D43/><U133/><E112/><V27/><F109/><W39/><G63/><N who="0" m="40063" /><D15/><U103/><E133/><V135/><F135/><W104/><G8/><T122/><D94/><U115/><E115/><V7/><F77/><W16/><G16/><N who="0" m="12551" /><D122/><U123/><E123/><V24/><F99/><W13/><G13/><T35/><D35/><U66/><E5/><V52/><F0/><W19/><G19/><T41/><D41/><U83/><E103/><V131/><F131/><W44/><G44/><T11/><D11/><U69/><E54/><V89/><F89/><W21/><G21/><T23/><D23/><U95/><E95/><V55/><F7/><W62/><G62/><T81/><D81/><U129/><E129/><V51/><REACH who="2" step="1"/><F17/><REACH who="2" ten="240,260,230,260" step="2"/><W34/><G78/><T118/><D118/><U50/><E83/><V18/><F18/><W70/><G73/><T12/><D12/><U120/><E120/><V2/><F2/><W6/><G6/><T134/><D134/><U90/><E90/><V3/><F3/><W130/><G130/><T28/><D28/><U121/><E121/><V36/><F36/><W100/><G38/><T76/><D76/><U116/><E116/><V98/><F98/><W114/><G39/><T132/><D132/><U32/><E32/><V10/><F10/><W57/><G88/><T71/><D125/><U75/><E75/><V59/><AGARI ba="0,1" hai="22,24,25,27,30,47,49,51,52,55,58,59,60,64" machi="59" ten="20,8000,1" yaku="1,1,0,1,7,1,8,1,54,1,53,0" doraHai="80" doraHaiUra="101" who="2" fromWho="2" sc="240,-20,260,-20,230,90,260,-40" /><INIT seed="4,0,0,5,4,98" ten="220,240,320,220" oya="0" hai0="54,49,93,100,108,9,94,128,124,32,36,57,81" hai1="27,79,83,68,0,41,31,51,129,19,61,89,2" hai2="111,110,8,20,103,78,40,104,72,55,63,24,87" hai3="56,44,118,18,22,59,3,95,99,74,135,6,5"/><T88/><D36/><U133/><E129/><V69/><F72/><W121/><G74/><T96/><D32/><U46/><E133/><V35/><F40/><W66/><G118/><T127/><D128/><U47/><E47/><V17/><F78/><W64/><G44/><T71/><D71/><U120/><E120/><V33/><F87/><W91/><G135/><T113/><D113/><U1/><E89/><V92/><F92/><W50/><G3/><T39/><D39/><U52/><E19/><V101/><F104/><W125/><G125/><T126/><D9/><U60/><E41/><V115/><F115/><W28/><G28/><T21/><D21/><U131/><E68/><V23/><F23/><W34/><G34/><T48/><D81/><U80/><E80/><V106/><F106/><W65/><G121/><T58/><D108/><U75/><REACH who="1" step="1"/><E131/><REACH who="1" ten="220,230,320,220" step="2"/><V16/><F17/><W30/><G56/><N who="0" m="21611" /><D54/><U119/><E119/><V123/><F55/><N who="3" m="32247" /><G30/><T10/><D10/><U29/><E29/><V77/><F8/><W12/><AGARI ba="0,1" hai="5,6,12,18,22,64,65,66,91,95,99" m="32247" machi="12" ten="30,1100,0" yaku="8,1" doraHai="98" who="3" fromWho="3" sc="220,-5,230,-3,320,-3,220,21" /><INIT seed="5,0,0,3,1,57" ten="215,227,317,241" oya="1" hai0="53,113,115,124,88,16,7,75,12,122,61,135,51" hai1="65,70,30,48,127,132,126,109,10,63,73,101,82" hai2="32,37,8,41,20,114,43,27,11,26,105,31,62" hai3="77,18,13,17,1,81,86,38,87,19,71,99,9"/><U45/><E30/><V106/><F37/><W36/><G1/><T46/><D75/><U52/><E101/><V58/><F114/><N who="0" m="43530" /><D124/><N who="1" m="47659" /><E132/><V85/><F85/><W55/><G71/><T14/><D135/><U49/><E109/><V74/><F74/><W0/><G0/><T92/><D122/><U42/><E10/><V44/><F44/><W28/><G38/><T100/><D100/><U131/><E131/><V72/><F72/><W3/><G36/><T119/><D119/><U112/><E112/><V2/><F11/><W54/><G3/><T89/><D7/><U5/><E5/><V35/><F106/><W133/><G28/><T56/><D92/><U104/><E104/><V120/><F105/><W111/><G111/><T79/><D79/><N who="1" m="44399" /><E49/><V78/><F78/><W69/><G133/><T6/><D6/><U15/><E15/><N who="0" m="5673" /><D16/><U66/><E66/><AGARI ba="0,0" hai="46,51,53,56,61,66,88,89" m="5673,43530" machi="66" ten="30,3900,0" yaku="15,1,52,1,54,1" doraHai="57" who="0" fromWho="1" sc="215,39,227,-39,317,0,241,0" /><INIT seed="6,0,0,2,5,127" ten="254,188,317,241" oya="2" hai0="105,10,57,44,103,104,100,62,49,58,36,86,107" hai1="96,92,12,106,113,33,72,32,84,74,45,122,41" hai2="26,99,95,116,115,7,21,134,76,24,114,70,18" hai3="22,112,11,19,0,131,16,30,83,60,124,61,13"/><V125/><F70/><W23/><G124/><T68/><D68/><U71/><E71/><V128/><F125/><W108/><G108/><T9/><D36/><U135/><E122/><V119/><F76/><W89/><G112/><N who="2" m="43049" /><F99/><W63/><G131/><T34/><D34/><U50/><E106/><V54/><F54/><W42/><G30/><T67/><D86/><U77/><E113/><V102/><F102/><W4/><G42/><T87/><D87/><U35/><E135/><V88/><F88/><W110/><G110/><T73/><D73/><U121/><E121/><V3/><F95/><W43/><G43/><T101/><REACH who="0" step="1"/><D57/><REACH who="0" ten="244,188,317,241" step="2"/><U98/><E98/><V8/><F134/><W52/><G83/><T109/><D109/><U78/><E78/><V14/><F128/><W64/><G64/><T59/><D59/><U97/><E97/><V66/><F66/><W120/><G120/><T6/><D6/><U1/><E1/><V55/><F55/><AGARI ba="0,1" hai="9,10,44,49,55,58,62,67,100,101,103,104,105,107" machi="55" ten="50,1600,0" yaku="1,1,53,0" doraHai="127" doraHaiUra="39" who="0" fromWho="2" sc="244,26,188,0,317,-16,241,0" /><INIT seed="7,0,0,5,1,92" ten="270,188,301,241" oya="3" hai0="106,62,49,135,39,50,117,55,40,35,126,32,121" hai1="128,21,33,25,37,84,76,120,75,98,116,42,22" hai2="71,129,41,13,86,134,64,68,124,78,104,122,118" hai3="1,54,31,66,36,7,19,96,15,16,53,97,130"/><W133/><G36/><T125/><D117/><U67/><E120/><V105/><F13/><W14/><G1/><T93/><D121/><U44/><E116/><V63/><F86/><W107/><G107/><T119/><D119/><U3/><E3/><V20/><F20/><N who="3" m="11391" /><G7/><T57/><D106/><U11/><E75/><V4/><F71/><W91/><G31/><T111/><D111/><U34/><E128/><V45/><F4/><W6/><G6/><T102/><D135/><U113/><E113/><V88/><F105/><W12/><G12/><T127/><D39/><U94/><E67/><V83/><F104/><W2/><G2/><T95/><D95/><U8/><E34/><N who="0" m="12841" /><D40/><U65/><E65/><V56/><F134/><W72/><G72/><T26/><D26/><U79/><E33/><V74/><F129/><W108/><G108/><T24/><D24/><U61/><E61/><V18/><F18/><W73/><G73/><T132/><D132/><U89/><E22/><V131/><F131/><W99/><G66/><T10/><D10/><U77/><REACH who="1" step="1"/><E84/><REACH who="1" ten="270,178,301,241" step="2"/><V23/><F118/><W115/><G115/><T114/><D114/><U58/><E58/><V123/><F123/><W101/><G133/><T81/><D57/><U38/><E38/><V82/><F122/><W48/><G130/><T0/><D0/><U17/><AGARI ba="0,1" hai="8,11,17,21,25,37,42,44,76,77,79,89,94,98" machi="17" ten="30,4000,0" yaku="1,1,0,1,52,1,53,0" doraHai="92" doraHaiUra="52" who="1" fromWho="1" sc="270,-10,178,50,301,-10,241,-20" /><INIT seed="8,0,0,5,3,6" ten="260,228,291,221" oya="0" hai0="1,133,121,45,55,94,112,132,126,120,27,115,21" hai1="114,80,85,46,19,10,11,98,122,127,60,74,22" hai2="31,69,23,88,30,3,2,44,35,56,77,84,128" hai3="125,28,61,17,34,43,71,33,96,14,58,51,83"/><T79/><D126/><U18/><E74/><V9/><F69/><W116/><G125/><T86/><D1/><U57/><E127/><V108/><F108/><W54/><G116/><T111/><D111/><U47/><E114/><N who="0" m="43561" /><D55/><U16/><E98/><V118/><F35/><W87/><G28/><N who="0" m="17519" /><D45/><N who="1" m="16907" /><E22/><V107/><F107/><W37/><G37/><T103/><D103/><U76/><E122/><V13/><F118/><W39/><G39/><T82/><D94/><U49/><E49/><V62/><F3/><W100/><G43/><T134/><AGARI ba="0,0" hai="79,82,86,120,121,132,133,134" m="17519,43561" machi="134" ten="40,2100,0" yaku="20,1" doraHai="6" who="0" fromWho="0" sc="260,21,228,-7,291,-7,221,-7" /><INIT seed="8,1,0,3,4,126" ten="281,221,284,214" oya="0" hai0="117,12,74,109,37,76,63,86,48,71,10,134,17" hai1="41,20,47,34,9,55,130,112,131,115,106,66,75" hai2="40,84,118,128,62,119,16,52,44,114,2,108,51" hai3="107,7,11,1,61,14,5,122,54,85,135,100,29"/><T53/><D37/><N who="1" m="21935" /><E34/><V0/><F108/><W23/><G107/><T24/><D74/><U56/><E106/><V72/><F72/><W69/><G100/><T13/><D109/><U27/><E9/><V97/><F114/><N who="1" m="43561" /><E75/><V32/><F128/><N who="1" m="49193" /><E66/><V21/><F32/><W116/><G122/><T26/><D10/><U129/><N who="1" m="49201" /><U111/><DORA hai="59" /><E111/><V60/><F0/><W121/><G121/><T77/><D117/><U113/><N who="1" m="43569" /><U103/><DORA hai="93" /><E103/><V49/><F2/><W104/><G116/><T80/><D134/><U43/><E43/><V120/><F120/><W36/><G135/><T127/><D53/><U123/><E123/><V64/><F64/><W65/><G104/><T18/><D127/><U90/><E90/><V68/><F119/><W45/><G36/><T58/><D76/><U99/><E99/><V73/><F73/><W15/><G7/><T88/><D88/><U132/><E132/><V82/><F97/><W28/><G1/><T125/><D77/><U89/><E89/><N who="2" m="51351" /><F118/><W31/><G85/><T3/><D86/><U79/><E79/><V35/><F35/><W4/><G4/><T94/><D3/><U19/><E56/><N who="2" m="32799" /><F68/><W46/><REACH who="3" step="1"/><G54/><AGARI ba="1,0" hai="19,20,27,54,55" m="49201,43569,21935" machi="54" ten="60,12000,2" yaku="11,1,19,1,52,4" doraHai="126,59,93" who="1" fromWho="3" sc="281,0,221,123,284,0,214,-123" owari="281,-12.0,344,45.0,284,8.0,91,-41.0" /></mjloggm>