<mjloggm ver="2.3"><GO type="169" lobby="0"/><UN n0="%E9%B7%BA%E6%A3%AE%E7%81%BC%2E" n1="%E3%83%88%E3%83%88%E3%83%AA%E5%85%88%E7%94%9F%31%39%E6%AD%B3" n2="%E8%97%8D%E8%91%89" n3="%E3%83%96%E3%83%AB%E3%83%96%E3%83%AB%E3%83%8F%E3%83%BC%E3%83%84" dan="16,18,16,17" rate="2106.69,2288.23,2105.71,2168.30" sx="F,F,M,M"/><TAIKYOKU oya="0"/><INIT seed="0,0,0,4,5,89" ten="250,250,250,250" oya="0" hai0="93,112,13,59,40,96,129,16,50,8,83,119,39" hai1="88,47,87,86,1,3,107,64,128,100,90,91,84" hai2="104,80,7,94,9,131,72,105,17,42,124,30,61" hai3="127,76,55,37,82,27,78,97,98,111,130,77,68"/><T4/><D112/><U57/><E128/><V31/><F131/><W133/><G68/><T79/><D129/><U5/><E5/><V48/><F124/><W70/><G37/><T74/><D39/><U60/><E107/><V81/><F61/><W18/><G70/><T113/><D119/><U41/><REACH who="1" step="1"/><E100/><REACH who="1" ten="250,240,250,250" step="2"/><V52/><F105/><W85/><G130/><T132/><D113/><U109/><E109/><V62/><F7/><W92/><G111/><T23/><D132/><U11/><E11/><V117/><F9/><W114/><G133/><T73/><D4/><U71/><E71/><V10/><F104/><W34/><G114/><T58/><D8/><U28/><E28/><V45/><F10/><W14/><G127/><T0/><D0/><U122/><E122/><V69/><F69/><W51/><G18/><T56/><D74/><U6/><E6/><V22/><F72/><W26/><G14/><T46/><REACH who="0" step="1"/><D58/><REACH who="0" ten="240,240,250,250" step="2"/><U75/><E75/><V67/><F117/><W49/><G26/><T135/><D135/><U15/><E15/><V25/><F25/><W20/><G27/><T121/><D121/><U35/><E35/><V101/><F31/><W36/><G34/><T43/><D43/><U134/><E134/><V33/><F30/><W116/><G116/><T95/><D95/><U120/><E120/><V44/><F33/><W103/><G92/><T115/><D115/><U29/><E29/><V99/><F42/><W106/><G106/><T118/><D118/><U12/><E12/><V53/><F94/><W21/><G21/><T19/><D19/><U24/><E24/><RYUUKYOKU ba="0,2" sc="240,15,240,15,250,-15,250,-15" hai0="13,16,23,40,46,50,56,59,73,79,83,93,96" hai1="1,3,41,47,57,60,64,84,86,87,88,90,91" /><INIT seed="0,1,2,4,5,105" ten="255,255,235,235" oya="0" hai0="12,20,90,126,56,64,52,112,132,29,127,50,123" hai1="79,86,57,100,0,33,30,61,6,23,125,108,110" hai2="119,45,114,62,13,82,37,46,85,130,39,18,67" hai3="3,120,36,117,22,135,43,133,74,54,111,35,87"/><T95/><D112/><U73/><E33/><V128/><F114/><W104/><RYUUKYOKU type="yao9" ba="1,2" sc="255,0,255,0,235,0,235,0" hai3="3,22,35,36,43,54,74,87,104,111,117,120,133,135" /><INIT seed="0,2,2,5,2,77" ten="255,255,235,235" oya="0" hai0="52,93,108,121,0,134,104,97,40,47,71,107,37" hai1="21,66,120,38,79,34,105,5,114,80,92,62,87" hai2="76,11,129,106,24,15,33,118,75,2,55,72,123" hai3="49,86,7,3,45,25,88,82,9,109,10,74,26"/><T60/><D121/><U110/><E120/><V46/><F123/><W98/><G109/><T113/><D113/><U116/><E34/><V81/><F2/><W96/><G74/><T32/><D0/><U103/><E116/><V6/><F129/><W95/><G10/><T90/><D32/><U125/><E38/><V130/><F130/><W54/><REACH who="3" step="1"/><G98/><REACH who="3" ten="255,255,235,225" step="2"/><T63/><D108/><U70/><E110/><V14/><F72/><W1/><G1/><T131/><D131/><U36/><E114/><V51/><F118/><W101/><AGARI ba="2,3" hai="3,7,9,25,26,45,49,54,82,86,88,95,96,101" machi="101" ten="20,8000,1" yaku="1,1,0,1,7,1,52,1,54,1,53,0" doraHai="77" doraHaiUra="56" who="3" fromWho="3" sc="255,-42,255,-22,235,-22,225,116" /><INIT seed="1,0,0,0,5,52" ten="213,233,213,341" oya="1" hai0="33,128,84,9,116,77,10,91,126,72,60,25,113" hai1="94,3,49,105,130,28,115,13,30,24,125,129,78" hai2="75,107,1,44,120,82,20,112,79,48,27,70,58" hai3="110,42,76,8,93,74,45,34,127,21,111,4,54"/><U83/><E115/><V55/><F120/><W46/><G34/><T56/><D116/><U37/><E37/><V7/><F107/><W64/><G64/><T22/><D33/><U51/><E3/><V103/><F103/><W131/><G131/><N who="1" m="50186" /><E105/><V108/><F70/><W50/><G127/><T99/><D128/><U0/><E0/><V67/><F108/><W53/><G21/><T92/><D72/><N who="1" m="43463" /><E125/><V65/><F112/><W87/><G54/><N who="0" m="33815" /><D113/><U17/><E94/><V66/><F1/><N who="3" m="15" /><G87/><T26/><D26/><U114/><E114/><V68/><F68/><W23/><G93/><N who="0" m="54503" /><D126/><U104/><E104/><V85/><F7/><W69/><G69/><T134/><D134/><U19/><E19/><N who="2" m="12703" /><F75/><W124/><G124/><T80/><D80/><U63/><E30/><V97/><F97/><W16/><G74/><T135/><D135/><U36/><E36/><V32/><F32/><W102/><G110/><T73/><D73/><U122/><E122/><V132/><F132/><W12/><G111/><T35/><D35/><N who="1" m="20871" /><E63/><AGARI ba="0,0" hai="44,48,55,58,63,65,66,67,79,82,85" m="12703" machi="63" ten="30,2000,0" yaku="8,1,52,1" doraHai="52" who="2" fromWho="1" sc="213,0,233,-20,213,20,341,0" /><INIT seed="2,0,0,5,2,13" ten="213,213,233,341" oya="2" hai0="95,52,104,80,23,57,105,79,81,70,60,27,40" hai1="42,94,116,65,9,16,0,17,48,61,83,118,18" hai2="108,72,54,124,102,39,44,106,103,63,2,75,55" hai3="87,45,97,8,89,11,4,56,130,3,126,26,58"/><V25/><F124/><W32/><G126/><T69/><D80/><U22/><E22/><V28/><F2/><W110/><G110/><T82/><D82/><U134/><E134/><V114/><F114/><W112/><G130/><T88/><D40/><U38/><E38/><V129/><F129/><W135/><G97/><T120/><D70/><U34/><E34/><V6/><F6/><W96/><G96/><T59/><D69/><U31/><E31/><V113/><F113/><W53/><G8/><T66/><D81/><U117/><E94/><V14/><F39/><W109/><G45/><T12/><D12/><U123/><E123/><V49/><F106/><W15/><G56/><T100/><D100/><U85/><E48/><V30/><F72/><W21/><G32/><T91/><D91/><U86/><E42/><V77/><F108/><W111/><G3/><T76/><D105/><U1/><E9/><V90/><F77/><W101/><G101/><T74/><D74/><U37/><E37/><V98/><F75/><W68/><G68/><T78/><D104/><U92/><E92/><N who="2" m="56599" /><F103/><W125/><G135/><T99/><D120/><U115/><E115/><V50/><F102/><W51/><G125/><T73/><D73/><U122/><E122/><V62/><F14/><W35/><G35/><T7/><D7/><U119/><N who="1" m="29696" /><DORA hai="10" /><U71/><REACH who="1" step="1"/><E86/><REACH who="1" ten="213,203,233,341" step="2"/><V133/><F133/><W127/><G127/><T67/><REACH who="0" step="1"/><D59/><REACH who="0" ten="203,203,233,341" step="2"/><U20/><E20/><V19/><F44/><N who="3" m="27879" /><G112/><T64/><D64/><U41/><E41/><V131/><F131/><W24/><G109/><T93/><D93/><RYUUKYOKU ba="0,2" sc="203,15,203,15,233,-15,341,-15" hai0="23,27,52,57,60,66,67,76,78,79,88,95,99" hai1="0,1,16,17,18,61,65,71,83,85" /><INIT seed="3,1,2,0,5,12" ten="218,218,218,326" oya="3" hai0="119,87,23,6,61,86,71,131,44,88,68,73,10" hai1="98,113,99,94,75,37,132,40,34,123,53,16,96" hai2="126,66,92,127,130,15,91,106,74,85,59,70,48" hai3="125,90,84,121,111,36,78,24,109,76,43,20,14"/><W3/><G3/><T18/><D73/><U11/><E113/><V93/><F106/><W27/><G121/><T4/><D4/><U122/><E75/><V107/><F107/><W115/><G115/><T104/><D104/><U46/><E34/><V42/><F74/><W29/><G125/><N who="2" m="47625" /><F70/><W49/><G14/><T45/><D87/><U38/><E132/><V32/><F32/><W30/><G36/><T1/><D131/><U0/><E38/><V100/><F100/><W124/><G43/><T82/><D119/><U129/><E53/><N who="2" m="32167" /><F42/><W47/><G47/><T120/><D120/><N who="1" m="46123" /><E129/><V22/><F66/><W116/><G49/><T8/><D8/><U13/><E0/><V134/><F134/><W26/><G116/><T51/><D61/><U105/><E105/><V25/><F15/><W39/><G39/><T58/><D58/><U81/><E81/><N who="2" m="49583" /><F130/><W63/><G26/><T89/><D71/><U7/><E7/><V35/><F35/><N who="3" m="20903" /><G124/><T64/><D64/><U41/><E41/><V79/><F79/><W52/><G76/><N who="0" m="46407" /><D68/><U60/><E60/><V28/><AGARI ba="1,2" hai="22,25,28,92,93" m="49583,32167,47625" machi="28" ten="30,1100,0" yaku="18,1" doraHai="12" who="2" fromWho="2" sc="218,-4,218,-4,218,34,326,-6" /><INIT seed="4,0,0,1,1,16" ten="214,214,252,320" oya="0" hai0="96,117,61,43,126,98,59,74,9,132,63,135,81" hai1="124,68,28,108,113,15,86,38,8,26,118,102,64" hai2="52,27,36,41,84,34,89,116,77,55,67,133,94" hai3="87,44,128,54,93,39,17,51,37,42,12,100,30"/><T5/><D117/><U53/><E118/><V125/><F133/><N who="0" m="51274" /><D126/><U40/><E108/><V58/><F116/><W119/><G128/><T122/><D122/><U1/><E124/><V10/><F125/><W49/><G30/><T107/><D43/><U85/><E1/><V24/><F10/><W21/><G119/><T115/><D115/><U46/><E113/><V80/><F67/><W69/><G69/><T47/><D47/><U66/><E102/><V75/><F34/><W45/><G100/><N who="0" m="62855" /><D98/><U101/><E101/><V56/><F41/><W18/><G93/><T105/><D105/><U22/><E53/><V88/><F36/><W114/><G87/><T131/><D59/><U0/><E0/><V6/><F89/><W99/><G99/><T62/><D131/><U123/><E123/><V70/><F70/><W83/><G83/><T60/><D60/><U79/><E79/><V127/><F127/><W57/><G57/><T73/><D81/><U106/><E106/><V109/><F109/><W112/><G114/><T130/><D130/><U2/><E2/><AGARI ba="0,0" hai="2,5,9,61,62,63,73,74" m="62855,51274" machi="2" ten="30,1500,0" yaku="20,1" doraHai="16" who="0" fromWho="1" sc="214,15,214,-15,252,0,320,0" /><INIT seed="4,1,0,3,2,113" ten="229,199,252,320" oya="0" hai0="89,132,13,124,15,134,122,107,77,94,103,0,109" hai1="69,127,104,123,71,112,84,115,3,110,120,73,35" hai2="97,50,128,44,63,106,114,41,22,49,88,48,102" hai3="18,38,54,82,7,52,92,53,80,43,81,29,28"/><T45/><D0/><U55/><E84/><V9/><F114/><N who="1" m="43561" /><E3/><V1/><F128/><W108/><G108/><T20/><D122/><N who="1" m="46635" /><E110/><V5/><F63/><W79/><G7/><T121/><D121/><U66/><E66/><V101/><F101/><W25/><G79/><T12/><D109/><U67/><E67/><V40/><F40/><W62/><G62/><T85/><D77/><U74/><E55/><V8/><F22/><W126/><G53/><T30/><D103/><U4/><E4/><V33/><F33/><W91/><G91/><T64/><D107/><U19/><E35/><V39/><F9/><W131/><G52/><T57/><D64/><U99/><E19/><V129/><F129/><W105/><G54/><T96/><D85/><U60/><E60/><V34/><F34/><W17/><G18/><T111/><D111/><U75/><E127/><V95/><F39/><W83/><G38/><T56/><D124/><U37/><E37/><V26/><F26/><W98/><G25/><N who="0" m="16679" /><D45/><U78/><E78/><V76/><F76/><W46/><G46/><T70/><D70/><N who="1" m="26635" /><E99/><AGARI ba="1,0" hai="1,5,8,41,44,48,49,50,88,95,97,99,102,106" machi="99" ten="30,2000,0" yaku="7,1,54,1" doraHai="113" who="2" fromWho="1" sc="229,0,199,-23,252,23,320,0" /><INIT seed="5,0,0,5,5,59" ten="229,176,275,320" oya="1" hai0="44,65,62,91,133,79,16,113,19,57,56,9,80" hai1="132,33,87,112,83,69,68,28,49,128,51,84,94" hai2="134,58,39,55,14,5,60,35,21,18,25,114,40" hai3="120,24,41,103,111,89,3,61,63,92,119,110,78"/><U109/><E112/><V46/><F134/><W73/><G3/><T20/><D133/><U53/><E132/><V85/><F114/><W129/><G120/><T50/><D91/><U11/><E128/><V38/><F85/><W70/><G41/><T10/><D19/><U104/><E104/><V15/><F38/><W118/><G70/><T66/><D113/><U71/><E109/><V45/><F45/><W90/><G24/><T82/><D82/><U126/><E126/><V96/><F96/><N who="3" m="59783" /><G129/><T72/><D57/><U17/><E94/><V97/><F35/><W100/><G100/><T26/><REACH who="0" step="1"/><D66/><REACH who="0" ten="219,176,275,320" step="2"/><U0/><E17/><V108/><F18/><W1/><G90/><T81/><D81/><U67/><E67/><V37/><F58/><W121/><G89/><T95/><D95/><U31/><E83/><V124/><F5/><W98/><G111/><T23/><D23/><U48/><E33/><V2/><F21/><W36/><G110/><T13/><D13/><U117/><E117/><V106/><F15/><W34/><G34/><T88/><D88/><U122/><E122/><V22/><F14/><W64/><G64/><T42/><AGARI ba="0,1" hai="9,10,16,20,26,42,44,50,56,62,65,72,79,80" machi="42" ten="20,12000,2" yaku="1,1,0,1,7,1,52,1,54,1,53,1" doraHai="59" doraHaiUra="77" who="0" fromWho="0" sc="219,130,176,-60,275,-30,320,-30" /><INIT seed="6,0,0,2,0,82" ten="349,116,245,290" oya="2" hai0="0,58,84,52,16,42,113,19,23,41,15,69,108" hai1="9,33,53,71,7,97,132,14,81,18,35,5,93" hai2="90,21,73,123,37,110,65,34,121,88,86,66,70" hai3="40,80,89,44,116,43,133,120,122,105,78,127,46"/><V56/><F37/><W25/><G116/><T38/><D69/><U61/><E132/><V111/><F73/><W57/><G105/><T76/><D108/><N who="2" m="41514" /><F34/><W119/><G119/><T126/><D0/><U11/><E71/><V125/><F125/><W47/><G127/><T54/><D54/><U22/><E53/><V109/><F70/><W134/><G57/><T68/><D113/><U12/><E61/><N who="2" m="38055" /><F109/><W8/><G89/><N who="2" m="34409" /><F66/><W85/><G25/><N who="0" m="14567" /><D68/><U13/><E93/><V20/><F86/><W130/><G130/><T31/><D38/><U98/><E97/><V94/><F94/><W87/><G8/><N who="1" m="3146" /><E98/><V4/><F4/><N who="1" m="1609" /><E81/><V135/><F135/><N who="3" m="51723" /><G87/><T27/><D126/><U114/><E114/><V39/><F39/><W62/><G62/><N who="0" m="36167" /><D42/><AGARI ba="0,0" hai="40,42,43,44,46,47,78,80,85,120,122" m="51723" machi="42" ten="30,2000,0" yaku="20,1,52,1" doraHai="82" who="3" fromWho="0" sc="349,-20,116,0,245,0,290,20" /><INIT seed="7,0,0,4,2,93" ten="329,116,245,310" oya="3" hai0="27,24,119,101,86,0,19,33,30,42,35,125,100" hai1="127,110,25,23,43,67,18,70,126,115,98,73,75" hai2="49,76,32,84,62,105,34,78,107,128,96,7,120" hai3="114,11,117,8,58,130,95,55,80,1,106,104,54"/><W121/><G117/><T122/><D119/><U38/><E23/><V46/><F7/><W131/><G121/><T69/><D122/><U64/><E25/><V135/><F107/><N who="3" m="41003" /><G114/><T134/><D69/><U88/><E70/><V48/><F128/><N who="3" m="49195" /><G1/><T61/><D0/><U129/><E129/><V111/><F48/><N who="3" m="31047" /><G80/><T82/><D134/><U17/><E43/><V22/><F22/><W118/><G118/><T132/><D132/><U47/><E47/><V51/><F51/><W52/><G95/><T112/><D112/><U68/><E68/><V20/><F20/><W72/><G72/><T15/><D125/><U109/><E115/><V99/><F105/><W2/><G2/><T103/><D42/><U77/><E77/><V59/><F120/><W36/><G36/><T9/><D61/><U4/><E38/><V10/><F10/><AGARI ba="0,0" hai="8,10,11,52,55" m="31047,49195,41003" machi="10" ten="30,2900,0" yaku="19,1,54,1" doraHai="93" who="3" fromWho="2" sc="329,0,116,0,245,-29,310,29" owari="329,13.0,116,-38.0,216,-18.0,339,43.0" /></mjloggm>