<mjloggm ver="2.3"><GO type="169" lobby="0"/><UN n0="%E3%82%A6%E3%83%AB%E3%83%88%E3%83%A9%E7%AB%8B%E7%9B%B4" n1="%74%65%61%6D%2D%65%78" n2="%64%33%76%64%72" n3="%50%6F%6B%65%70%6F%6B%65" dan="18,17,17,16" rate="2237.78,2143.69,2183.32,2047.03" sx="M,M,M,M"/><TAIKYOKU oya="0"/><INIT seed="0,0,0,4,4,39" ten="250,250,250,250" oya="0" hai0="119,96,107,77,127,36,27,83,105,5,44,30,93" hai1="76,64,37,45,9,102,75,33,70,113,78,129,109" hai2="11,22,86,60,65,82,35,7,130,81,62,90,42" hai3="89,98,58,110,26,92,71,3,121,2,116,125,99"/><T53/><D119/><U111/><E33/><V100/><F35/><W49/><G116/><T94/><D5/><U20/><E20/><V67/><F130/><W8/><G110/><N who="1" m="41994" /><E9/><V46/><F100/><W63/><G71/><T108/><D127/><U19/><E19/><V10/><F22/><W101/><G125/><T59/><D108/><U103/><E75/><V55/><F82/><W73/><G73/><T61/><D94/><U66/><E70/><V126/><F126/><W91/><G26/><T6/><D6/><U48/><E37/><V115/><F55/><W128/><G128/><T97/><D97/><U54/><E129/><V16/><F7/><W50/><G121/><T31/><D31/><U118/><E118/><V13/><F10/><W25/><G25/><T15/><D15/><U17/><E17/><V85/><F85/><W68/><G68/><T123/><D123/><U88/><E113/><V112/><F112/><W1/><G8/><T34/><D36/><U124/><E124/><V122/><F122/><W133/><G89/><T52/><D77/><N who="1" m="29803" /><E88/><V12/><F12/><W135/><G91/><N who="0" m="55359" /><D83/><U40/><E103/><V47/><F115/><W23/><G23/><T32/><D32/><U117/><E102/><V24/><F24/><W56/><G99/><T41/><D53/><U106/><E106/><V80/><F80/><W72/><G72/><T131/><D131/><U21/><E117/><V18/><F18/><W43/><G101/><T38/><D107/><U114/><E114/><V79/><F79/><W14/><G98/><T57/><D105/><U74/><E74/><RYUUKYOKU ba="0,0" sc="250,30,250,-10,250,-10,250,-10" hai0="27,30,34,38,41,44,52,57,59,61" /><INIT seed="0,1,0,3,4,90" ten="280,240,240,240" oya="0" hai0="50,85,129,45,26,39,54,114,123,64,83,22,95" hai1="25,59,33,112,99,6,15,133,14,76,128,96,9" hai2="11,121,75,7,110,117,37,30,55,107,21,124,60" hai3="4,17,127,62,34,58,68,16,103,43,74,18,42"/><T71/><D123/><U24/><E76/><V106/><F121/><W120/><G120/><T49/><D114/><U98/><E112/><V12/><F37/><W40/><G127/><T81/><D129/><U108/><E108/><V104/><F110/><W113/><G113/><T79/><D39/><U135/><E128/><V101/><F75/><W97/><G74/><T3/><D3/><U70/><E70/><V132/><F124/><W109/><G109/><T80/><D71/><U5/><E59/><V105/><F117/><W8/><G34/><T82/><D64/><U125/><E125/><V100/><F132/><N who="1" m="50761" /><E33/><V52/><N who="2" m="26624" /><DORA hai="20" /><V116/><F116/><W27/><G68/><T47/><D95/><U86/><E86/><V115/><F60/><W32/><G32/><T10/><D10/><AGARI ba="1,0" hai="5,6,9,10,14,15,24,25,96,98,99" m="50761" machi="10" ten="30,3900,0" yaku="20,1,52,2" doraHai="90,20" who="1" fromWho="0" sc="280,-42,240,42,240,0,240,0" /><INIT seed="1,0,0,3,3,117" ten="238,282,240,240" oya="1" hai0="47,35,106,132,64,61,68,97,127,14,79,52,77" hai1="85,80,78,16,96,31,100,125,8,101,13,0,59" hai2="114,49,112,70,104,88,25,1,91,4,128,10,53" hai3="42,134,86,99,45,122,24,48,124,119,55,39,44"/><U32/><E125/><V131/><F70/><W29/><G122/><T89/><D132/><U121/><E121/><V41/><F41/><W110/><G110/><T17/><D35/><U27/><E0/><V37/><F37/><W94/><G119/><T118/><D118/><U67/><REACH who="1" step="1"/><E96/><REACH who="1" ten="238,272,240,240" step="2"/><V7/><F112/><W126/><G99/><T74/><D127/><U23/><E23/><V38/><F114/><W46/><G126/><T21/><D97/><U133/><E133/><V83/><F1/><W19/><G134/><T3/><D3/><U12/><E12/><V65/><F10/><W92/><G124/><T36/><D14/><U90/><E90/><V26/><F88/><W33/><G24/><T72/><D21/><U71/><E71/><V22/><F91/><W113/><G33/><T105/><D68/><U43/><E43/><V62/><F25/><W135/><G135/><T6/><D89/><U102/><E102/><V20/><F26/><W5/><G42/><T87/><D79/><U82/><E82/><V9/><F83/><W15/><G15/><T60/><D77/><U93/><E93/><V115/><F115/><W98/><G98/><T34/><D34/><U63/><AGARI ba="0,1" hai="8,13,16,27,31,32,59,63,67,78,80,85,100,101" machi="63" ten="30,6000,0" yaku="1,1,0,1,54,1,53,0" doraHai="117" doraHaiUra="50" who="1" fromWho="1" sc="238,-20,272,70,240,-20,240,-20" /><INIT seed="1,1,0,5,2,29" ten="218,342,220,220" oya="1" hai0="132,94,123,88,84,33,2,103,59,82,70,26,28" hai1="0,58,1,60,121,81,51,41,31,42,20,30,9" hai2="15,24,114,40,95,89,104,134,67,78,12,87,119" hai3="46,74,34,76,113,90,108,4,117,38,7,109,6"/><U52/><E121/><V72/><F119/><W62/><G113/><T122/><D70/><U64/><E81/><V96/><F114/><W5/><G5/><T39/><D39/><U55/><E1/><V112/><F112/><W80/><G117/><T18/><D2/><U68/><E0/><V77/><F134/><W110/><G62/><T23/><D132/><U16/><E9/><V93/><F104/><W71/><G71/><T75/><D59/><U126/><E126/><V57/><F40/><N who="3" m="22807" /><G90/><T19/><D19/><U85/><E85/><V100/><F24/><W99/><G99/><T125/><D125/><U127/><E127/><V118/><F118/><W8/><G34/><T107/><D18/><U47/><E42/><V3/><F3/><AGARI ba="1,0" hai="3,4,6,7,8,74,76,80,108,109,110" m="22807" machi="3" ten="30,2000,0" yaku="25,1,14,1" doraHai="29" who="3" fromWho="2" sc="218,0,342,0,220,-23,220,23" /><INIT seed="2,0,0,2,5,121" ten="218,342,197,243" oya="2" hai0="135,113,125,61,81,120,36,38,91,46,123,39,86" hai1="53,128,77,110,19,25,104,82,124,66,127,28,112" hai2="32,68,7,126,15,23,102,116,88,85,106,47,133" hai3="5,107,129,108,117,24,18,43,109,87,0,92,52"/><V67/><F116/><W3/><G117/><T14/><D113/><U6/><E104/><V34/><F133/><W118/><G118/><T63/><D125/><N who="1" m="48203" /><E66/><V10/><F126/><W12/><G107/><T111/><D135/><U97/><E97/><V48/><F106/><W20/><G129/><T29/><D29/><U31/><E53/><V56/><F102/><W96/><G87/><T26/><D26/><U37/><E37/><V100/><F100/><W131/><G131/><T115/><D14/><U103/><E103/><V69/><F69/><W16/><G43/><T132/><D46/><U65/><E65/><V75/><F75/><W57/><G5/><T76/><D115/><U72/><E112/><V21/><F68/><W4/><G4/><T105/><D105/><U64/><E64/><V80/><F32/><W42/><G42/><T1/><D132/><U83/><E83/><V8/><F34/><W71/><G71/><T95/><D120/><U60/><E60/><N who="2" m="38279" /><F8/><N who="3" m="6151" /><G0/><T78/><D1/><U114/><E114/><V99/><F99/><W94/><G3/><T98/><D123/><U2/><E128/><V13/><F13/><W58/><G58/><T101/><D63/><U73/><E73/><V49/><F49/><N who="3" m="30863" /><G96/><T51/><D61/><U134/><E134/><V55/><AGARI ba="0,0" hai="7,10,15,21,23,47,48,55,80,85,88" m="38279" machi="55" ten="30,3000,0" yaku="8,1,54,1" doraHai="121" who="2" fromWho="2" sc="218,-10,342,-10,197,30,243,-10" /><INIT seed="2,1,0,3,0,94" ten="208,332,227,233" oya="2" hai0="3,64,119,127,128,112,93,10,18,124,7,20,134" hai1="126,121,105,72,90,133,131,46,116,53,91,73,63" hai2="96,38,78,89,51,92,39,102,5,33,1,34,86" hai3="117,45,110,37,100,27,130,8,74,81,58,26,106"/><V50/><F78/><W54/><G117/><T22/><D64/><U11/><E116/><V76/><F76/><W120/><G120/><T69/><D69/><U104/><E11/><V15/><F1/><W129/><G110/><T28/><D93/><U118/><E53/><V95/><F39/><W24/><G8/><T36/><D36/><U41/><E46/><V88/><F38/><W108/><G108/><T29/><D119/><U77/><E63/><V4/><F33/><W13/><G13/><N who="0" m="9295" /><D112/><U97/><E41/><V52/><F34/><W42/><G81/><T48/><D48/><U132/><E118/><V56/><F51/><W135/><G74/><N who="1" m="28778" /><E131/><N who="3" m="50186" /><G135/><N who="1" m="51786" /><E126/><N who="0" m="48169" /><D128/><U12/><E12/><V62/><F102/><W16/><G100/><T122/><D134/><U25/><E25/><V23/><REACH who="2" step="1"/><F62/><REACH who="2" ten="208,332,217,233" step="2"/><N who="3" m="36183" /><G106/><T82/><D3/><U30/><E77/><V83/><F83/><W123/><G123/><T59/><D82/><U109/><E104/><V2/><F2/><W49/><G49/><T55/><D122/><U113/><E105/><V71/><F71/><W115/><G115/><T47/><D47/><U35/><E121/><V32/><F32/><W0/><G0/><T21/><D59/><U9/><E113/><V68/><F68/><W114/><G114/><T107/><D107/><U6/><E35/><V75/><F75/><W111/><G111/><T101/><D101/><U70/><E109/><V43/><F43/><W66/><G66/><T98/><D55/><U84/><E70/><V85/><F85/><W60/><G60/><T80/><D80/><U14/><E84/><V40/><F40/><RYUUKYOKU ba="1,1" sc="208,-15,332,-15,217,15,233,15" hai2="4,5,15,23,50,52,56,86,88,89,92,95,96" hai3="16,24,26,27,37,42,45" /><INIT seed="2,2,1,0,4,21" ten="193,317,232,248" oya="2" hai0="56,27,60,54,48,38,128,116,36,65,10,35,64" hai1="23,3,50,32,31,110,25,41,2,0,18,57,28" hai2="34,107,118,14,103,125,16,17,79,72,121,113,74" hai3="98,47,101,15,131,1,26,45,29,127,44,37,132"/><V134/><F113/><W109/><G109/><T99/><D128/><U95/><E95/><V63/><F118/><W120/><G120/><T130/><D130/><U119/><E57/><V89/><F121/><W53/><G131/><T97/><D116/><U19/><E50/><V75/><F34/><W82/><G1/><T24/><D35/><U88/><E41/><V12/><F79/><W123/><G123/><T114/><D114/><U7/><E88/><V51/><F103/><W77/><G77/><T135/><D135/><U112/><E119/><V46/><F107/><W55/><G132/><T59/><D10/><U61/><E61/><V43/><F134/><W100/><G82/><T86/><D86/><U84/><E84/><V106/><F106/><W30/><G127/><T96/><REACH who="0" step="1"/><D64/><REACH who="0" ten="183,317,232,248" step="2"/><U108/><E112/><V104/><F125/><W133/><G133/><T129/><D129/><U122/><E122/><V42/><F74/><W78/><G98/><T8/><D8/><U62/><E108/><V111/><F75/><W126/><G126/><T67/><D67/><U91/><E110/><V6/><F72/><W66/><G66/><T5/><D5/><U39/><E7/><V9/><F6/><W93/><G37/><AGARI ba="2,2" hai="24,27,36,37,38,48,54,56,59,60,65,96,97,99" machi="37" ten="40,5200,0" yaku="1,1,52,2,53,0" doraHai="21" doraHaiUra="13" who="0" fromWho="3" sc="183,78,317,0,232,0,248,-58" /><INIT seed="3,0,0,4,1,135" ten="261,317,232,190" oya="3" hai0="77,18,45,132,60,127,34,26,90,96,39,56,68" hai1="65,7,24,5,12,84,21,113,64,102,37,105,125" hai2="38,114,83,59,0,103,31,15,20,40,115,97,98" hai3="131,62,111,134,93,74,25,120,87,16,126,55,6"/><W53/><G120/><T19/><D132/><U10/><E113/><V75/><F0/><W9/><G134/><T94/><D68/><U118/><E37/><V1/><F1/><W121/><G121/><T23/><D34/><U46/><E118/><V13/><F38/><W44/><G74/><T8/><D77/><U133/><E133/><V36/><F36/><W2/><G131/><T29/><D8/><U89/><E102/><V107/><F40/><W28/><G111/><T116/><D116/><U104/><E125/><V49/><F98/><W109/><G109/><T32/><D127/><U51/><E7/><V57/><F75/><W78/><G126/><T95/><D32/><U122/><E104/><V67/><F83/><N who="3" m="47607" /><G93/><T76/><D76/><U108/><E105/><V70/><F70/><W33/><G44/><T35/><D35/><U92/><E108/><V58/><F67/><W110/><G110/><T30/><D39/><U88/><E89/><V82/><F82/><W73/><G73/><T3/><D3/><U117/><E117/><V100/><F107/><W112/><G112/><T4/><D45/><U52/><E122/><V101/><F115/><W119/><G119/><T11/><D95/><U72/><E72/><V80/><F80/><W86/><G86/><T130/><D130/><U27/><E27/><N who="2" m="16871" /><F97/><W81/><G81/><T63/><D96/><U71/><E71/><V47/><F114/><W14/><G62/><T123/><D63/><U54/><E54/><V128/><F128/><W99/><G99/><T66/><D123/><U48/><E48/><V41/><AGARI ba="0,0" hai="13,15,41,47,49,57,58,59,100,101,103" m="16871" machi="41" ten="30,2000,0" yaku="5,1,8,1" doraHai="135" who="2" fromWho="2" sc="261,-5,317,-5,232,20,190,-10" /><INIT seed="4,0,0,4,3,40" ten="256,312,252,180" oya="0" hai0="47,89,49,62,96,127,92,123,51,120,132,10,129" hai1="29,41,88,90,121,119,63,91,95,57,28,130,13" hai2="87,27,66,94,105,44,111,76,126,64,102,20,69" hai3="68,108,7,117,21,125,97,78,83,116,12,135,81"/><T104/><D129/><U25/><E121/><V8/><F105/><W56/><G68/><T37/><D127/><U11/><E119/><V22/><F111/><W2/><G125/><T19/><D132/><U67/><E130/><V70/><F70/><W34/><G108/><T131/><D131/><U30/><E41/><V9/><F126/><W110/><G110/><T45/><D37/><U85/><REACH who="1" step="1"/><E25/><REACH who="1" ten="256,302,252,180" step="2"/><V16/><F27/><W65/><G135/><T5/><D123/><U124/><E124/><V109/><F109/><W74/><G116/><T50/><D120/><U46/><E46/><V112/><F44/><N who="0" m="16970" /><D104/><U60/><E60/><V53/><F112/><W15/><G117/><T99/><D62/><U107/><E107/><V61/><F61/><W52/><G65/><T133/><D133/><U1/><E1/><V77/><F66/><W122/><G122/><T79/><D79/><U32/><E32/><V58/><F64/><W118/><G34/><T80/><D80/><U100/><E100/><V17/><F102/><W103/><G118/><T128/><D128/><U134/><E134/><V43/><F43/><W98/><G2/><T82/><D82/><U39/><E39/><V113/><F113/><W4/><G83/><T18/><D99/><U101/><E101/><V84/><F77/><W75/><G98/><T31/><D31/><U26/><E26/><N who="2" m="14599" /><F76/><W48/><G75/><T0/><D0/><U106/><E106/><V114/><F114/><W6/><G97/><T42/><D42/><U115/><E115/><V24/><F94/><W55/><G103/><T14/><AGARI ba="0,1" hai="5,10,14,18,19,49,50,51,89,92,96" m="16970" machi="14" ten="30,12000,1" yaku="5,1,8,1,52,3" doraHai="40" who="0" fromWho="0" sc="256,130,302,-40,252,-40,180,-40" /><INIT seed="4,1,0,5,1,42" ten="386,262,212,140" oya="0" hai0="7,70,68,130,66,127,9,59,58,45,31,75,24" hai1="48,32,69,126,106,116,2,77,128,100,82,0,124" hai2="41,134,35,37,84,22,110,54,88,95,74,60,8" hai3="72,4,26,13,98,43,73,115,5,102,20,125,30"/><T97/><D75/><U94/><E69/><V21/><F35/><W44/><G115/><T3/><D130/><U111/><E32/><V131/><F110/><W39/><G125/><N who="1" m="48234" /><E48/><V113/><F131/><W89/><G89/><T63/><D127/><U46/><E46/><V62/><F74/><W76/><G76/><T15/><D3/><U107/><E2/><V93/><F113/><W91/><G91/><T123/><D123/><U103/><E0/><V57/><F95/><W12/><G73/><T96/><D68/><U105/><E111/><V23/><F8/><W114/><G72/><T108/><D108/><U109/><E109/><V71/><F134/><W51/><G114/><T52/><D70/><U121/><E121/><V18/><F37/><W120/><G120/><T67/><D67/><U6/><E6/><N who="3" m="2666" /><G39/><T119/><D119/><U101/><E116/><V65/><REACH who="2" step="1"/><F41/><REACH who="2" ten="386,262,202,140" step="2"/><W53/><G43/><T64/><D9/><U40/><E40/><V14/><AGARI ba="1,1" hai="14,18,21,22,23,54,57,60,62,65,71,84,88,93" machi="14" ten="20,12000,2" yaku="1,1,2,1,0,1,7,1,54,1,53,1" doraHai="42" doraHaiUra="10" who="2" fromWho="2" sc="386,-61,262,-31,202,133,140,-31" /><INIT seed="5,0,0,2,0,95" ten="325,231,335,109" oya="1" hai0="68,39,122,21,126,93,9,66,3,74,64,67,41" hai1="111,35,13,69,7,36,125,81,52,51,82,45,32" hai2="20,60,127,115,91,17,47,96,38,70,116,44,73" hai3="54,71,98,61,89,121,79,27,1,28,10,88,94"/><U124/><E69/><V26/><F116/><W77/><G121/><T62/><D74/><U133/><E36/><V78/><F127/><N who="1" m="48713" /><E133/><V100/><F38/><W107/><G107/><T56/><D126/><U85/><E111/><V123/><F123/><W6/><G89/><T58/><D122/><U114/><E114/><V131/><F115/><W105/><G105/><T48/><D3/><U109/><E109/><V4/><F131/><W59/><REACH who="3" step="1"/><G71/><REACH who="3" ten="325,231,335,99" step="2"/><T90/><D68/><U118/><E118/><V12/><F91/><W37/><G37/><T30/><D39/><U25/><E82/><V24/><F70/><W34/><AGARI ba="0,1" hai="1,6,10,27,28,34,54,59,61,77,79,88,94,98" machi="34" ten="20,8000,1" yaku="1,1,0,1,7,1,52,1,54,1,53,0" doraHai="95" doraHaiUra="14" who="3" fromWho="3" sc="325,-20,231,-40,335,-20,99,90" /><INIT seed="6,0,0,4,4,108" ten="305,191,315,189" oya="2" hai0="82,67,126,122,123,79,35,69,92,12,124,83,61" hai1="120,20,62,105,85,27,94,52,128,129,26,50,73" hai2="77,110,97,3,31,99,65,111,2,49,28,71,19" hai3="78,11,6,58,48,118,17,130,47,51,16,21,38"/><V14/><F77/><W70/><G118/><T56/><D35/><U44/><E105/><V116/><F116/><W55/><G130/><N who="1" m="50282" /><E73/><V25/><F49/><W135/><G135/><T100/><D12/><U60/><E120/><V37/><F37/><W0/><G70/><T76/><D69/><U10/><E10/><N who="2" m="6615" /><F65/><W93/><G78/><N who="0" m="29739" /><D56/><U33/><E33/><N who="2" m="20623" /><F71/><W68/><G68/><T7/><D7/><U15/><E15/><V22/><F99/><W134/><G134/><T87/><D61/><N who="1" m="23659" /><E20/><V42/><F97/><W24/><G38/><T103/><D67/><U18/><E18/><V117/><F42/><W104/><G104/><T5/><D5/><U132/><E132/><V107/><F107/><W36/><G36/><T75/><D75/><U113/><E94/><V114/><F117/><W133/><G93/><T41/><D92/><U30/><E85/><V57/><F22/><W34/><G133/><T80/><D87/><U119/><E119/><V125/><F31/><W40/><G34/><T86/><D86/><U64/><E64/><V101/><F101/><N who="0" m="38986" /><D41/><U95/><E95/><V88/><F2/><W29/><AGARI ba="0,0" hai="0,6,11,16,17,21,24,29,40,47,48,51,55,58" machi="29" ten="20,2700,0" yaku="0,1,7,1,54,1" doraHai="108" who="3" fromWho="3" sc="305,-7,191,-7,315,-13,189,27" /><INIT seed="7,0,0,3,5,131" ten="298,184,302,216" oya="3" hai0="85,126,83,42,23,113,54,33,68,132,18,40,62" hai1="99,101,26,88,123,53,9,121,93,39,105,24,55" hai2="118,13,70,125,15,128,73,133,8,92,34,65,29" hai3="78,104,6,66,20,48,130,43,76,94,28,81,72"/><W74/><G130/><T134/><D33/><U111/><E111/><V44/><F128/><W2/><G104/><T25/><D126/><U107/><E39/><V36/><F118/><W22/><G66/><N who="0" m="41047" /><D54/><U80/><E9/><V96/><F73/><W17/><G28/><T64/><D64/><U46/><E80/><V45/><F125/><W27/><G94/><T41/><D85/><U109/><E109/><V56/><F70/><W103/><G103/><T7/><D7/><U115/><E115/><V30/><F36/><W110/><G110/><T52/><D52/><U90/><E46/><N who="2" m="18027" /><F13/><W10/><G48/><T79/><D79/><U112/><E112/><V89/><F34/><W61/><G43/><T35/><D35/><U4/><E93/><V122/><F122/><W67/><G22/><T102/><D102/><U135/><E101/><V71/><F71/><W19/><G19/><T116/><D116/><U12/><E99/><V75/><F75/><W117/><G117/><T100/><D100/><U58/><E58/><V5/><F133/><N who="0" m="51306" /><D83/><U108/><E135/><V16/><F5/><W32/><G32/><T59/><D59/><U69/><E108/><V63/><AGARI ba="0,0" hai="8,15,16,29,30,56,63,65,89,92,96" m="18027" machi="63" ten="30,2000,0" yaku="8,1,54,1" doraHai="131" who="2" fromWho="2" sc="298,-5,184,-5,302,20,216,-10" owari="293,9.0,179,-32.0,322,42.0,206,-19.0" /></mjloggm>