<mjloggm ver="2.3"><GO type="169" lobby="0"/><UN n0="%E3%82%AB%E3%83%AA%E3%83%95%E3%82%A9%E3%83%AB%E3%83%8B%E3%82%A2%E9%A2%A8" n1="%47%E9%9B%80" n2="%53%61%6D%6D%61%32" n3="%E3%82%A6%E3%83%AB%E3%83%88%E3%83%A9%E7%AB%8B%E7%9B%B4" dan="17,16,16,17" rate="2084.38,2121.29,2133.75,2160.04" sx="M,M,M,M"/><TAIKYOKU oya="0"/><INIT seed="0,0,0,2,5,63" ten="250,250,250,250" oya="0" hai0="81,70,35,50,23,40,83,33,119,77,9,60,122" hai1="27,79,36,68,132,30,82,130,98,54,121,43,80" hai2="64,69,106,10,29,94,72,92,1,52,110,102,127" hai3="62,46,57,13,128,133,108,71,48,115,116,3,113"/><T8/><D122/><U105/><E121/><V21/><F72/><W19/><G3/><T55/><D119/><U20/><E132/><V17/><F127/><W90/><G116/><T44/><D83/><U12/><E82/><V51/><F106/><W59/><G90/><T75/><D23/><U97/><E43/><V123/><F123/><W49/><G13/><T16/><D55/><U5/><E36/><V14/><F110/><W86/><G86/><T118/><D118/><U95/><E105/><V61/><F102/><W112/><G19/><T76/><D77/><U109/><E68/><V100/><F100/><W129/><G108/><T74/><D74/><U135/><E135/><V42/><F42/><N who="3" m="24663" /><G133/><T31/><D31/><U37/><E37/><V96/><F96/><W78/><G78/><T25/><D25/><U24/><E27/><V58/><F29/><W104/><G104/><T53/><D40/><U18/><E109/><V22/><F1/><W103/><G103/><T0/><D0/><U101/><E98/><V26/><REACH who="2" step="1"/><F22/><REACH who="2" ten="250,250,240,250" step="2"/><W28/><G28/><T56/><D75/><U41/><E30/><V117/><F117/><W99/><G99/><T124/><D124/><U89/><E97/><V66/><F66/><N who="3" m="41431" /><G49/><T131/><D50/><U7/><E101/><V111/><F111/><W39/><G39/><T4/><D33/><U38/><E38/><V45/><F45/><W2/><G2/><T107/><D44/><U47/><E47/><V65/><F65/><W84/><G84/><T88/><D107/><U120/><E120/><V87/><F87/><W85/><G85/><RYUUKYOKU ba="0,1" sc="250,-15,250,-15,240,15,250,15" hai2="10,14,17,21,26,51,52,58,61,64,69,92,94" hai3="57,59,112,113,115,128,129" /><INIT seed="1,1,1,2,4,1" ten="235,235,255,265" oya="1" hai0="0,64,74,46,59,61,18,71,21,53,94,41,60" hai1="20,112,85,14,83,34,65,24,23,108,42,28,95" hai2="98,4,125,66,44,78,113,81,118,104,80,126,50" hai3="15,63,128,91,86,122,76,27,96,26,38,55,131"/><U69/><E112/><V48/><F118/><W9/><G38/><T68/><D74/><U93/><E42/><V129/><F113/><W87/><G122/><T123/><D0/><U40/><E40/><V16/><F66/><W62/><G96/><T32/><D32/><U36/><E36/><V30/><F30/><W8/><G76/><T25/><D123/><U45/><E45/><V31/><F31/><W13/><REACH who="3" step="1"/><G55/><REACH who="3" ten="235,235,255,255" step="2"/><T33/><D53/><U115/><E115/><V2/><F98/><W47/><G47/><T114/><D46/><U111/><E65/><V52/><F129/><W19/><G19/><T106/><D18/><N who="1" m="10327" /><E34/><V119/><F78/><W127/><G127/><N who="2" m="48649" /><F119/><W56/><G56/><T102/><D59/><U130/><E130/><V124/><F124/><W75/><G75/><T105/><D64/><U117/><E117/><V72/><F72/><W134/><G134/><T116/><D116/><U133/><E133/><V88/><F104/><W35/><G35/><T29/><D33/><U103/><E69/><V58/><F16/><W84/><G84/><T82/><D114/><U92/><E103/><V70/><F70/><W121/><G121/><T37/><D71/><U54/><E54/><V17/><F17/><W43/><G43/><T22/><D68/><U135/><E135/><V49/><F44/><W90/><AGARI ba="1,2" hai="8,9,13,15,26,27,62,63,86,87,90,91,128,131" machi="90" ten="25,12000,2" yaku="1,1,0,1,22,2,53,2" doraHai="1" doraHaiUra="5" who="3" fromWho="3" sc="235,-31,235,-61,255,-31,255,143" /><INIT seed="2,0,0,4,4,110" ten="204,174,224,398" oya="2" hai0="30,26,22,105,4,51,131,54,60,7,108,119,84" hai1="97,98,32,65,35,28,82,100,135,64,69,95,72" hai2="87,36,106,127,118,31,77,124,1,14,38,66,6" hai3="53,83,125,103,132,133,3,68,47,130,57,107,109"/><V117/><F106/><W92/><G68/><T113/><D105/><U94/><E135/><N who="3" m="51786" /><G3/><T40/><D108/><U13/><E13/><V129/><F66/><W17/><G109/><T96/><D131/><U48/><E48/><V91/><F77/><W16/><G107/><T115/><D96/><U23/><E72/><V39/><F14/><W101/><G130/><T49/><D49/><U42/><E82/><V56/><F31/><W58/><G125/><N who="2" m="48201" /><F129/><W120/><G120/><T8/><D4/><U10/><E10/><N who="2" m="2383" /><F56/><W18/><G83/><AGARI ba="0,0" hai="36,38,39,83,87,91,117,118" m="2383,48201" machi="83" ten="40,2000,0" yaku="18,1" doraHai="110" who="2" fromWho="3" sc="204,0,174,0,224,20,398,-20" /><INIT seed="2,1,0,5,0,30" ten="204,174,244,378" oya="2" hai0="88,75,80,56,91,63,120,124,83,54,25,11,128" hai1="114,58,132,2,18,44,106,131,127,78,105,62,92" hai2="69,28,46,126,123,21,9,99,29,112,45,32,121" hai3="93,82,101,77,119,85,102,17,90,39,51,129,12"/><V24/><F69/><W15/><G39/><T133/><D120/><U26/><E2/><V36/><F112/><W87/><G119/><T55/><D124/><U108/><E78/><V37/><F126/><W35/><G35/><T72/><D128/><U16/><E127/><V3/><F99/><W38/><G38/><T103/><D103/><U8/><E44/><V61/><F61/><W42/><G129/><T41/><D41/><U33/><E131/><V89/><F89/><W27/><G27/><T31/><D11/><U116/><E92/><V5/><F29/><W13/><G17/><T68/><D68/><U6/><E8/><V100/><F100/><W74/><G74/><T73/><D133/><U1/><E1/><V96/><F96/><W135/><G135/><T14/><D14/><U125/><E26/><V22/><F45/><AGARI ba="1,0" hai="12,13,15,42,45,51,77,82,85,87,90,93,101,102" machi="45" ten="40,1300,0" yaku="8,1" doraHai="30" who="3" fromWho="2" sc="204,0,174,0,244,-16,378,16" /><INIT seed="3,0,0,3,1,38" ten="204,174,228,394" oya="3" hai0="37,50,59,71,103,69,1,9,74,84,78,111,102" hai1="17,20,90,104,66,73,99,89,31,121,13,5,98" hai2="6,27,113,100,47,119,11,18,129,34,95,22,35" hai3="23,132,26,36,21,62,53,130,96,57,82,127,123"/><W110/><G123/><T134/><D74/><U64/><E73/><V133/><F119/><W101/><G130/><T116/><D37/><U88/><E121/><V76/><F76/><W68/><G127/><T128/><D116/><U85/><E31/><V131/><F113/><W58/><G132/><T12/><D1/><U3/><E85/><V49/><F133/><W16/><G110/><T106/><D111/><U63/><E104/><V93/><F100/><W126/><G126/><T92/><D106/><U52/><E5/><V60/><F60/><W86/><G36/><T54/><D128/><N who="2" m="49226" /><F35/><W30/><G68/><T72/><D72/><U80/><E80/><V109/><F34/><W77/><G58/><T79/><D134/><U19/><E3/><N who="2" m="479" /><F109/><W61/><G61/><T67/><D71/><U107/><E19/><V115/><F115/><W83/><G83/><T122/><D69/><U81/><E81/><V24/><F27/><W65/><G23/><T56/><D79/><U15/><E13/><V42/><AGARI ba="0,0" hai="18,22,24,42,47,49,93,95" m="479,49226" machi="42" ten="30,2000,0" yaku="19,1,52,1" doraHai="38" who="2" fromWho="2" sc="204,-5,174,-5,228,20,394,-10" /><INIT seed="4,0,0,1,4,35" ten="199,169,248,384" oya="0" hai0="97,111,15,95,123,99,88,8,55,125,68,24,94" hai1="13,61,12,93,72,92,17,32,90,103,51,83,106" hai2="80,49,9,52,54,62,22,101,40,64,29,34,107" hai3="84,44,120,26,0,105,7,60,58,113,86,1,63"/><T129/><D123/><U43/><E32/><V122/><F34/><W25/><G105/><T133/><D68/><U114/><E61/><V119/><F122/><W53/><G120/><T56/><D125/><U48/><E114/><V71/><F119/><W41/><G113/><T135/><D24/><U110/><E110/><V124/><F124/><W46/><G7/><T116/><D116/><U21/><E43/><V82/><F9/><W38/><G58/><T81/><D81/><U115/><E115/><V31/><F54/><W59/><G59/><T128/><D111/><U91/><E103/><V112/><F40/><W19/><G41/><T16/><D95/><U66/><E72/><V118/><F112/><W89/><G19/><T23/><D99/><U96/><E83/><V70/><F71/><W85/><G85/><T126/><D8/><U117/><E106/><V98/><F118/><W3/><G3/><T130/><D126/><U5/><E66/><V6/><F6/><W10/><G10/><T74/><D74/><U69/><E69/><V39/><F39/><W104/><G104/><T20/><D20/><U131/><E117/><V14/><F31/><W4/><G4/><T47/><D47/><U121/><E121/><V2/><F2/><W50/><G46/><T109/><D109/><U28/><E28/><V87/><F29/><W36/><G0/><T57/><D57/><U18/><E5/><V65/><F65/><W132/><G44/><T33/><D33/><U45/><E45/><N who="2" m="27695" /><F87/><W73/><G38/><T127/><D127/><U67/><E67/><V108/><F108/><RYUUKYOKU ba="0,0" sc="199,15,169,-15,248,15,384,-15" hai0="15,16,23,55,56,88,94,97,128,129,130,133,135" hai2="14,22,62,64,70,80,82,98,101,107" /><INIT seed="4,1,0,3,0,110" ten="214,154,263,369" oya="0" hai0="104,83,67,46,87,29,117,103,24,6,45,120,49" hai1="21,106,34,101,66,8,112,1,50,81,129,131,4" hai2="94,134,15,0,127,19,35,135,43,28,92,23,85" hai3="40,60,90,126,122,11,33,26,30,13,17,84,7"/><T100/><D117/><U80/><E34/><V82/><F43/><W55/><G40/><T61/><D120/><U74/><E66/><V78/><F0/><W63/><G122/><T119/><D119/><U47/><E101/><V114/><F127/><W133/><G126/><T31/><D6/><U39/><E106/><V125/><F125/><W77/><G77/><T118/><D118/><U72/><E21/><V89/><F94/><W65/><G133/><N who="2" m="50697" /><F28/><W111/><G111/><T3/><D3/><U37/><E50/><V69/><F69/><W48/><G65/><T88/><D31/><U132/><E132/><V115/><F35/><W52/><G55/><T124/><D124/><U53/><E53/><V32/><F32/><W76/><G76/><T2/><D2/><U79/><E112/><N who="2" m="43051" /><F92/><W44/><G33/><T51/><D104/><U107/><E107/><V91/><AGARI ba="1,0" hai="15,19,23,78,82,85,89,91" m="43051,50697" machi="91" ten="40,8000,1" yaku="20,1,15,1,52,3" doraHai="110" who="2" fromWho="2" sc="214,-41,154,-21,263,83,369,-21" /><INIT seed="5,0,0,3,0,14" ten="173,133,346,348" oya="1" hai0="57,103,131,87,0,34,40,41,15,45,22,59,36" hai1="124,17,95,73,52,32,84,56,20,135,133,98,126" hai2="85,107,121,114,120,130,123,7,112,53,88,78,35" hai3="29,19,132,64,134,111,81,25,21,37,75,51,125"/><U86/><E32/><V117/><F35/><W113/><G37/><T10/><D34/><U26/><E73/><V93/><F7/><W5/><G111/><T94/><D0/><U54/><E84/><V71/><F71/><W50/><G5/><T55/><D131/><U91/><E86/><V100/><F53/><W105/><G105/><T68/><D68/><U127/><REACH who="1" step="1"/><E54/><REACH who="1" ten="173,123,346,348" step="2"/><V89/><F130/><W16/><G75/><T42/><D87/><U104/><E104/><V70/><F117/><W58/><G81/><T23/><D36/><U119/><E119/><V47/><F78/><W90/><G134/><T2/><D2/><U99/><E99/><V44/><F107/><W92/><G132/><T65/><D65/><U1/><E1/><V11/><F100/><W66/><G66/><T8/><D103/><U115/><E115/><N who="2" m="44075" /><F89/><W102/><G102/><T109/><D55/><U39/><E39/><V60/><F123/><W28/><G113/><T129/><D129/><U118/><E118/><V108/><F121/><W74/><G90/><T48/><D94/><U110/><E110/><V13/><F108/><W61/><G92/><T33/><D33/><U122/><E122/><V69/><F120/><W82/><G82/><T76/><D76/><U128/><E128/><V79/><F79/><W67/><G74/><T24/><D109/><U31/><E31/><V62/><F47/><W6/><G67/><T18/><D45/><U116/><E116/><V83/><F44/><W46/><G64/><T97/><D97/><U27/><E27/><V63/><F93/><W80/><G46/><RYUUKYOKU ba="0,1" sc="173,-15,123,15,346,15,348,-15" hai1="17,20,26,52,56,91,95,98,124,126,127,133,135" hai2="11,13,60,62,63,69,70,83,85,88" /><INIT seed="5,1,1,5,2,88" ten="158,138,361,333" oya="1" hai0="45,15,96,130,98,50,55,2,9,41,25,65,104" hai1="20,110,123,85,48,105,29,17,31,57,93,95,99" hai2="8,11,51,80,16,126,19,81,46,62,70,18,26" hai3="63,82,40,106,67,34,13,75,58,6,89,102,71"/><U86/><E123/><V108/><F108/><W36/><G34/><T111/><D2/><U69/><E69/><V68/><F126/><W24/><G106/><T134/><D111/><U5/><E5/><V128/><F128/><W115/><G102/><T54/><D130/><U121/><E121/><V12/><F26/><W83/><G75/><T38/><D65/><U32/><E105/><V135/><F135/><W10/><G115/><T56/><D104/><U60/><E48/><V125/><F125/><W101/><G101/><T109/><D134/><U0/><E0/><V53/><F70/><W107/><G107/><T1/><D1/><U61/><E32/><V30/><F30/><N who="1" m="11273" /><E110/><V103/><F103/><W116/><G71/><T44/><D25/><N who="1" m="14479" /><E61/><V78/><F8/><W52/><G10/><T73/><D73/><U43/><E43/><V22/><F22/><W59/><G40/><T66/><D109/><U72/><E72/><V120/><F120/><W47/><G6/><N who="0" m="3511" /><D41/><U92/><E99/><V91/><F68/><W118/><G118/><T94/><D98/><U119/><E119/><V100/><F62/><W64/><G63/><N who="0" m="38247" /><D38/><U27/><E27/><V14/><F11/><W49/><G24/><T90/><D50/><U124/><E124/><V84/><F100/><W127/><G127/><T4/><D4/><U131/><E131/><V133/><F133/><W117/><G117/><T42/><D42/><U112/><E112/><V79/><F12/><W129/><G13/><T74/><D74/><U21/><E21/><V132/><F14/><W114/><G116/><T7/><D7/><RYUUKYOKU ba="1,1" sc="158,15,138,15,361,-15,333,-15" hai0="44,45,54,55,90,94,96" hai1="57,60,85,86,92,93,95" /><INIT seed="5,2,1,2,2,122" ten="173,153,346,318" oya="1" hai0="53,34,56,119,80,9,15,46,70,110,82,135,1" hai1="26,134,74,79,87,118,41,94,129,64,91,55,6" hai2="29,67,106,5,47,128,102,23,27,57,65,22,4" hai3="39,77,25,14,85,36,44,111,45,59,113,115,42"/><U100/><E118/><V63/><F128/><W50/><G25/><T58/><D70/><U17/><E129/><V28/><F106/><W32/><G32/><T0/><D34/><U60/><E6/><V123/><F123/><W103/><G103/><T48/><D119/><U130/><E130/><V20/><F47/><W11/><G59/><N who="0" m="22571" /><D110/><U76/><E55/><V49/><F49/><W69/><G111/><T78/><D0/><U72/><E100/><V96/><F67/><W81/><G69/><T126/><D1/><U117/><E117/><V109/><F109/><W75/><G75/><T35/><D35/><U33/><E41/><V97/><F97/><W61/><G61/><T107/><D107/><U2/><E2/><V114/><F114/><N who="3" m="43531" /><G45/><T88/><D126/><U38/><E38/><V66/><F66/><W93/><G93/><T40/><D40/><U89/><E134/><V98/><F98/><W125/><G125/><T43/><D43/><U24/><E64/><V16/><F4/><AGARI ba="2,1" hai="4,11,14,36,39,42,44,50,77,81,85" m="43531" machi="4" ten="30,2000,0" yaku="25,1,15,1" doraHai="122" who="3" fromWho="2" sc="173,0,153,0,346,-26,318,36" /><INIT seed="6,0,0,4,4,64" ten="173,153,320,354" oya="2" hai0="55,113,68,92,79,33,42,101,105,115,118,73,14" hai1="103,126,21,63,93,100,107,3,59,80,76,104,50" hai2="49,26,90,32,75,39,19,47,106,29,134,70,94" hai3="78,108,28,121,111,62,119,124,99,67,69,37,27"/><V7/><F106/><W36/><G119/><T15/><D105/><U22/><E3/><V84/><F134/><W127/><G99/><T0/><D0/><U24/><E126/><N who="3" m="48170" /><G78/><T132/><D33/><U86/><E22/><V23/><F75/><W18/><G18/><T20/><D42/><U96/><E50/><V123/><F7/><W41/><G121/><T85/><D73/><U122/><E103/><V5/><F5/><W1/><G1/><T56/><D132/><U17/><E122/><V66/><F39/><N who="3" m="14923" /><G41/><T112/><D118/><U74/><REACH who="1" step="1"/><E74/><REACH who="1" ten="173,143,320,354" step="2"/><V31/><F123/><W53/><G53/><AGARI ba="0,1" hai="17,21,24,53,59,63,76,80,86,93,96,100,104,107" machi="53" ten="30,3900,0" yaku="1,1,2,1,7,1,53,0" doraHai="64" doraHaiUra="38" who="1" fromWho="3" sc="173,0,143,49,320,0,354,-39" /><INIT seed="7,0,0,3,5,115" ten="173,192,320,315" oya="3" hai0="97,44,125,127,99,96,48,57,17,22,15,104,83" hai1="35,75,55,53,88,122,71,37,116,38,46,72,52" hai2="87,34,39,64,59,8,32,90,33,98,4,132,36" hai3="118,92,41,121,10,31,85,94,114,108,23,5,102"/><W89/><G118/><T126/><D57/><U79/><E35/><V58/><F98/><N who="3" m="59735" /><G121/><T54/><REACH who="0" step="1"/><D83/><REACH who="0" ten="163,192,320,315" step="2"/><U135/><E71/><V45/><F59/><W107/><G108/><T28/><D28/><U110/><E110/><V73/><F45/><W77/><G107/><AGARI ba="0,1" hai="15,17,22,44,48,54,96,97,99,104,107,125,126,127" machi="107" ten="50,3200,0" yaku="1,1,18,1,53,0" doraHai="115" doraHaiUra="67" who="0" fromWho="3" sc="163,42,192,0,320,0,315,-32" owari="205,-19.0,192,-31.0,320,42.0,283,8.0" /></mjloggm>