<mjloggm ver="2.3"><GO type="169" lobby="0"/><UN n0="%E3%81%BF%E3%82%8B%EF%BC%A0%E5%A3%B0%E5%84%AA" n1="%E3%82%A6%E3%83%AB%E3%83%88%E3%83%A9%E7%AB%8B%E7%9B%B4" n2="%4A%6F%75%72%6E%65%79" n3="%E3%81%91%E3%82%93%31%39%37%30" dan="16,17,17,17" rate="2119.18,2218.97,2159.41,2182.66" sx="F,M,M,M"/><TAIKYOKU oya="0"/><INIT seed="0,0,0,3,0,44" ten="250,250,250,250" oya="0" hai0="36,8,43,66,6,120,103,88,63,112,110,122,84" hai1="121,62,77,7,133,81,90,58,51,92,9,99,0" hai2="78,39,105,54,26,117,53,80,23,94,97,57,86" hai3="13,19,98,3,34,17,56,126,75,130,60,52,29"/><T2/><D112/><U134/><E121/><V104/><F39/><W59/><G75/><T10/><D103/><U129/><E129/><V109/><F109/><W116/><G3/><T12/><D110/><U114/><E114/><V21/><F117/><W49/><G130/><T87/><D43/><U42/><E62/><V102/><F23/><W1/><G1/><T106/><D106/><U107/><E107/><V82/><F82/><W30/><G126/><T41/><D41/><U18/><E18/><V4/><F4/><W61/><G116/><T38/><D38/><U14/><E0/><V96/><F96/><W124/><G124/><T40/><D40/><U37/><E37/><V132/><F132/><W111/><G34/><T15/><D84/><U70/><E70/><V27/><F27/><W85/><G98/><T11/><D10/><U22/><E22/><V69/><F69/><W64/><G19/><T35/><D36/><U24/><E24/><V95/><F105/><W32/><G32/><T89/><D35/><U46/><REACH who="1" step="1"/><E58/><REACH who="1" ten="250,240,250,250" step="2"/><V135/><F135/><W47/><G111/><T119/><D119/><U5/><E5/><V79/><F57/><W33/><G33/><T108/><D108/><U65/><E65/><V72/><F26/><W83/><G61/><T76/><D2/><U73/><AGARI ba="0,1" hai="7,9,14,42,46,51,73,77,81,90,92,99,133,134" machi="73" ten="30,4000,0" yaku="1,1,0,1,52,1,53,0" doraHai="44" doraHaiUra="68" who="1" fromWho="1" sc="250,-20,240,50,250,-10,250,-10" /><INIT seed="1,0,0,1,2,97" ten="230,290,240,240" oya="1" hai0="29,42,53,123,88,33,94,121,74,116,25,14,119" hai1="65,7,51,13,111,10,78,127,67,77,22,114,31" hai2="43,102,49,85,86,28,71,27,59,125,34,24,54" hai3="36,96,6,45,79,100,64,0,3,109,19,131,98"/><U2/><E114/><V63/><F71/><W122/><G122/><N who="0" m="46603" /><D74/><U82/><E127/><V48/><F125/><W83/><G98/><N who="0" m="57671" /><D42/><U17/><E111/><V69/><F27/><W5/><G109/><T128/><D128/><U11/><E77/><V46/><F102/><W15/><G131/><T87/><D87/><U104/><E104/><V91/><F91/><W9/><G64/><T37/><D37/><U133/><E133/><V135/><F135/><W95/><G3/><T130/><D130/><U32/><E51/><V103/><F103/><W68/><G68/><T18/><D53/><U93/><E93/><V108/><F108/><W76/><G76/><T124/><D124/><U70/><E11/><AGARI ba="0,0" hai="11,14,18,25,29,33,116,119" m="57671,46603" machi="11" ten="30,2000,0" yaku="13,1,54,1" doraHai="97" who="0" fromWho="1" sc="230,20,290,-20,240,0,240,0" /><INIT seed="2,0,0,0,3,45" ten="250,270,240,240" oya="2" hai0="125,21,102,6,121,85,86,51,130,44,23,0,58" hai1="91,117,61,11,135,24,134,103,96,18,114,100,71" hai2="31,48,107,81,80,106,14,40,66,88,110,84,53" hai3="49,32,26,67,72,69,132,113,123,52,104,28,101"/><V54/><F110/><W16/><G72/><T7/><D121/><U50/><E117/><V92/><F66/><W73/><G73/><T89/><D130/><U36/><E36/><V78/><F31/><W75/><G75/><T116/><D125/><U120/><E61/><V41/><F81/><W33/><G123/><T131/><D102/><U57/><E71/><V112/><F112/><W77/><G77/><T38/><D38/><U42/><E114/><V95/><F95/><W39/><G39/><T59/><D131/><U5/><E91/><V133/><F133/><W65/><G33/><T126/><D126/><U2/><E120/><V37/><F37/><W129/><G129/><T62/><D0/><U17/><E24/><V10/><F107/><W76/><G76/><T29/><D89/><U13/><E2/><V43/><F106/><W79/><G79/><T109/><D29/><U93/><E103/><V122/><F122/><W4/><G4/><T46/><D62/><U20/><E20/><V9/><F14/><W70/><G132/><N who="1" m="50730" /><E42/><V30/><F30/><W25/><G69/><T3/><D3/><U111/><E111/><V105/><F105/><W56/><G70/><T124/><D124/><U74/><E74/><V27/><F27/><W47/><G113/><T19/><D109/><U127/><E127/><V115/><F115/><W118/><G101/><T94/><D116/><U97/><E97/><N who="2" m="57479" /><F54/><AGARI ba="0,0" hai="5,11,13,17,18,50,54,57,93,96,100" m="50730" machi="54" ten="30,2000,0" yaku="20,1,52,1" doraHai="45" who="1" fromWho="2" sc="250,0,270,20,240,-20,240,0" /><INIT seed="3,0,0,0,3,69" ten="250,290,220,240" oya="3" hai0="12,102,119,33,130,95,83,9,23,14,52,88,98" hai1="109,134,53,77,131,5,104,101,30,21,115,85,103" hai2="11,45,19,34,87,106,110,135,81,16,71,72,120" hai3="78,74,65,55,89,66,76,68,67,0,108,37,36"/><W24/><G0/><T63/><D119/><U94/><E104/><V92/><F106/><W25/><G68/><T124/><D33/><U80/><E115/><V56/><F71/><W31/><G108/><T17/><D130/><U18/><E30/><V128/><F110/><W1/><G1/><T116/><D116/><U4/><E134/><V86/><F34/><W27/><G31/><T46/><D124/><U22/><E22/><V79/><F128/><W84/><G55/><T60/><D83/><U7/><E131/><V133/><F120/><W114/><G114/><T38/><D102/><U2/><E2/><V47/><F56/><W57/><G57/><T40/><REACH who="0" step="1"/><D52/><REACH who="0" ten="240,290,220,240" step="2"/><U105/><E109/><V107/><F135/><W132/><G132/><T125/><D125/><U42/><E53/><V126/><F133/><W112/><G112/><T59/><D59/><U58/><E58/><V91/><F126/><W8/><G74/><T51/><D51/><U90/><E105/><V48/><F107/><W39/><G8/><T43/><D43/><U64/><E42/><V32/><F32/><W118/><G118/><T96/><D96/><N who="1" m="57431" /><E64/><V28/><F72/><W123/><G123/><T121/><D121/><U111/><E111/><V82/><F11/><W127/><G127/><T54/><D54/><U62/><E62/><V97/><F97/><W3/><G3/><T129/><D129/><U29/><E103/><V50/><F50/><W26/><N who="3" m="6144" /><DORA hai="70" /><W20/><G20/><T49/><D49/><U10/><E101/><V35/><F48/><W75/><G75/><T41/><D41/><RYUUKYOKU ba="0,1" sc="240,15,290,-15,220,-15,240,15" hai0="9,12,14,17,23,38,40,46,60,63,88,95,98" hai3="36,37,39,65,66,67,76,78,84,89" /><INIT seed="3,1,1,3,4,1" ten="255,275,205,255" oya="3" hai0="125,41,120,112,18,127,110,102,73,109,76,80,25" hai1="113,91,134,72,89,6,8,79,7,107,21,71,35" hai2="2,132,4,20,116,100,82,51,101,49,96,59,66" hai3="94,12,115,40,74,55,75,58,16,29,28,53,42"/><W92/><G115/><T14/><D120/><U111/><E35/><V65/><F116/><W114/><G114/><T13/><D112/><U95/><E71/><V23/><F132/><W9/><G75/><T106/><D41/><N who="3" m="15977" /><G74/><T57/><D25/><U108/><E107/><V32/><F32/><W97/><G92/><T67/><D106/><U78/><E113/><V119/><F119/><W129/><G129/><T5/><D102/><U122/><E122/><V47/><F82/><W50/><G55/><T130/><D130/><U86/><E134/><V105/><F101/><AGARI ba="1,1" hai="9,12,16,28,29,50,53,58,94,97,101" m="15977" machi="101" ten="30,2900,0" yaku="8,1,54,1" doraHai="1" who="3" fromWho="2" sc="255,0,275,0,205,-32,255,42" /><INIT seed="3,2,0,5,1,106" ten="255,275,173,297" oya="3" hai0="68,99,122,123,114,2,33,6,74,103,88,56,134" hai1="31,93,24,15,112,110,127,75,67,96,79,1,111" hai2="97,55,113,23,60,121,107,14,116,48,109,77,30" hai3="131,76,85,73,4,34,94,3,29,66,61,69,100"/><W50/><G131/><T58/><D68/><U120/><E1/><V47/><F113/><W32/><G3/><T43/><D33/><U49/><E67/><V8/><F116/><W126/><G4/><T9/><D134/><U87/><E15/><V92/><F107/><W7/><G7/><T39/><D114/><U46/><E87/><V104/><F104/><W52/><G126/><T21/><D21/><U37/><E37/><V80/><F109/><W36/><G36/><T53/><D58/><U118/><E118/><V119/><F119/><W84/><G84/><T35/><D35/><U17/><E17/><V62/><F121/><W71/><G71/><T135/><D135/><U20/><E127/><V105/><F105/><W132/><G132/><T124/><D103/><U98/><E120/><V51/><F51/><W13/><G13/><T101/><D101/><U59/><E59/><V12/><F30/><W125/><G125/><T5/><D5/><U117/><E117/><V64/><F23/><W102/><G102/><T25/><D25/><U65/><E65/><V57/><F62/><W16/><G16/><T0/><D2/><U26/><E26/><V27/><F27/><W128/><G128/><T10/><D10/><U115/><E115/><V28/><F28/><W18/><G18/><T129/><D124/><U54/><E112/><V19/><F14/><W38/><G38/><T40/><D129/><U133/><E133/><V108/><F108/><N who="1" m="41513" /><E93/><V83/><F77/><W130/><G130/><T78/><D39/><U45/><E45/><V90/><AGARI ba="2,0" hai="8,12,19,47,48,55,57,60,64,80,83,90,92,97" machi="90" ten="20,2700,0" yaku="0,1,7,1,8,1" doraHai="106" who="2" fromWho="2" sc="255,-9,275,-9,173,33,297,-15" /><INIT seed="4,0,0,0,4,134" ten="246,266,206,282" oya="0" hai0="63,92,47,37,54,7,46,84,65,79,17,116,9" hai1="20,131,8,103,123,25,61,125,81,59,91,120,45" hai2="102,69,128,29,82,90,57,62,19,118,135,119,0" hai3="89,41,11,73,30,126,10,78,132,71,6,74,34"/><T43/><D116/><N who="2" m="44586" /><F135/><W1/><G132/><T133/><D133/><U100/><E45/><V107/><F0/><W32/><G71/><T101/><D17/><U68/><E8/><V114/><F69/><W18/><G74/><T13/><D101/><U22/><E91/><V42/><F42/><W56/><G89/><T122/><D122/><U104/><E61/><V110/><F110/><W64/><G64/><T38/><D92/><U105/><E25/><V16/><F114/><W124/><G56/><T93/><D93/><U51/><E59/><V106/><F29/><W15/><G41/><T75/><D84/><U49/><E68/><V23/><F128/><W98/><G98/><T36/><D54/><U77/><E77/><V52/><F102/><W3/><G78/><T35/><D35/><N who="3" m="13353" /><G30/><T44/><D43/><U60/><E131/><V115/><F115/><W27/><G73/><T87/><D87/><U88/><E88/><V76/><F90/><W50/><G50/><T31/><D31/><U2/><E60/><V24/><F19/><W40/><G40/><T53/><D79/><U97/><E97/><V39/><F39/><W121/><G121/><T83/><D75/><AGARI ba="0,0" hai="16,23,24,52,57,62,75,76,82,106,107" m="44586" machi="75" ten="30,3900,0" yaku="12,1,54,2" doraHai="134" who="2" fromWho="0" sc="246,-39,266,0,206,39,282,0" /><INIT seed="5,0,0,5,1,45" ten="207,266,245,282" oya="1" hai0="87,22,21,41,114,51,68,109,16,100,130,29,126" hai1="62,2,18,84,25,117,20,31,24,106,69,57,83" hai2="125,85,43,76,53,98,82,5,46,34,97,23,26" hai3="132,32,61,103,11,52,3,78,122,42,12,91,36"/><U13/><E106/><V15/><F125/><W79/><G122/><T37/><D109/><U129/><E2/><V49/><F34/><W47/><G32/><T81/><D68/><U17/><E69/><V7/><F53/><W64/><G3/><T39/><D126/><U111/><E129/><V56/><F56/><W110/><G110/><T133/><D114/><U77/><E117/><V113/><F113/><W112/><G112/><T89/><D130/><U75/><E111/><V6/><REACH who="2" step="1"/><F15/><REACH who="2" ten="207,266,235,282" step="2"/><W66/><G52/><T128/><D128/><U71/><E71/><V105/><F105/><W44/><G12/><T123/><D123/><U33/><E57/><V88/><F88/><W92/><G91/><T19/><D100/><U80/><E62/><V59/><F59/><W55/><G103/><T116/><D116/><U70/><E70/><V9/><F9/><W38/><G11/><T86/><D133/><U35/><E35/><V118/><F118/><W28/><G132/><T58/><D58/><U135/><E135/><V120/><F120/><W99/><G61/><T4/><D89/><U96/><E13/><V50/><F50/><W115/><G115/><T14/><D51/><U127/><E127/><V102/><F102/><W60/><G60/><T10/><D39/><U72/><E33/><V104/><F104/><W30/><G38/><T124/><D124/><U74/><E25/><V94/><F94/><W48/><G66/><T101/><D101/><U27/><E27/><V65/><F65/><W121/><G64/><T54/><D37/><U95/><E83/><V119/><F119/><RYUUKYOKU ba="0,1" sc="207,-15,266,15,235,15,282,-15" hai1="17,18,20,24,31,72,74,75,77,80,84,95,96" hai2="5,6,7,23,26,43,46,49,76,82,85,97,98" /><INIT seed="5,1,1,5,0,49" ten="192,281,250,267" oya="1" hai0="91,54,94,4,15,41,48,98,127,84,60,33,24" hai1="101,46,50,31,34,88,20,28,130,27,5,89,128" hai2="113,70,56,109,103,0,125,124,106,61,83,68,36" hai3="119,81,26,107,78,58,16,123,47,35,57,80,118"/><U25/><E5/><V6/><F36/><W95/><G107/><T77/><D127/><N who="2" m="48714" /><F109/><W2/><G123/><T85/><D41/><U66/><E101/><V122/><F122/><W82/><G78/><T30/><D60/><U76/><E76/><V1/><F113/><W92/><G2/><N who="2" m="1129" /><F6/><W45/><G35/><T69/><D69/><U108/><E66/><N who="2" m="39207" /><F83/><W100/><G100/><T135/><D135/><U134/><E134/><V22/><F22/><N who="3" m="13639" /><G119/><T23/><D77/><U90/><REACH who="1" step="1"/><E108/><REACH who="1" ten="192,271,250,267" step="2"/><V62/><F62/><W105/><G118/><T3/><D3/><U53/><AGARI ba="1,2" hai="20,25,27,28,31,34,46,50,53,88,89,90,128,130" machi="53" ten="30,12000,1" yaku="1,1,2,1,0,1,52,1,54,1,53,0" doraHai="49" doraHaiUra="13" who="1" fromWho="1" sc="192,-41,271,143,250,-41,267,-41" /><INIT seed="5,2,0,3,4,25" ten="151,414,209,226" oya="1" hai0="58,39,14,10,41,83,102,123,18,71,113,23,70" hai1="27,125,51,57,114,50,82,94,7,96,35,49,21" hai2="84,0,69,13,77,79,103,130,135,28,89,93,99" hai3="44,111,61,64,108,95,60,92,127,30,97,109,8"/><U98/><E35/><V78/><F0/><W62/><G64/><T72/><D113/><U76/><E125/><V91/><F69/><W43/><G127/><T19/><D123/><U22/><E114/><V55/><F13/><W73/><G73/><T133/><D133/><U126/><E126/><V75/><F55/><W17/><G17/><T5/><D102/><U12/><E57/><V106/><F28/><W53/><G53/><T105/><D105/><U65/><E65/><V122/><F122/><W59/><G59/><T32/><D32/><U34/><E34/><V26/><F26/><W119/><G30/><T45/><D19/><U86/><E27/><V104/><F135/><W11/><G119/><T40/><D40/><U3/><E3/><V101/><F130/><W118/><G118/><T47/><D47/><U16/><E7/><V52/><F52/><W81/><G81/><T87/><D58/><U131/><E131/><V110/><F110/><W42/><G97/><N who="1" m="37482" /><E94/><N who="3" m="35882" /><G44/><T68/><D72/><U90/><E22/><V120/><F120/><W15/><G15/><T46/><D46/><U107/><E107/><N who="2" m="41003" /><F75/><W4/><G4/><T6/><REACH who="0" step="1"/><D10/><AGARI ba="2,0" hai="8,10,11,42,43,60,61,62,108,109,111" m="35882" machi="10" ten="40,2600,0" yaku="28,2" doraHai="25" who="3" fromWho="0" sc="151,-32,414,0,209,0,226,32" /><INIT seed="6,0,0,0,0,74" ten="119,414,209,258" oya="2" hai0="3,85,27,9,124,110,96,106,15,70,122,34,16" hai1="64,62,86,22,117,104,18,84,101,52,38,88,114" hai2="87,55,39,26,94,92,25,6,81,127,131,107,82" hai3="76,49,80,98,23,102,120,95,8,35,14,63,5"/><V24/><F107/><W59/><G35/><T43/><D122/><U135/><E38/><V71/><F71/><W42/><G120/><T50/><D110/><U37/><E37/><V129/><F39/><W12/><G42/><T45/><D124/><U36/><E36/><V29/><F29/><W32/><G32/><T65/><D3/><U57/><E114/><V47/><F6/><W10/><G49/><T69/><D65/><U89/><E135/><V60/><F127/><W115/><G115/><T56/><D56/><U134/><E134/><V33/><F33/><W40/><G40/><T1/><D1/><U79/><E101/><V83/><F87/><W113/><G23/><T118/><D118/><U30/><E30/><V130/><F60/><W128/><G128/><T61/><D61/><U78/><E64/><V11/><F11/><W108/><G108/><T51/><D51/><AGARI ba="0,0" hai="24,25,26,47,51,55,81,82,83,92,94,129,130,131" machi="51" ten="50,9600,0" yaku="29,2,19,1" doraHai="74" who="2" fromWho="0" sc="119,-96,414,0,209,96,258,0" /><INIT seed="6,1,0,1,3,65" ten="23,414,305,258" oya="2" hai0="70,90,119,6,13,72,31,71,19,18,120,15,82" hai1="132,8,75,51,116,96,25,107,16,108,35,2,129" hai2="45,115,41,21,5,125,53,113,131,62,46,128,37" hai3="91,36,22,123,94,134,56,114,11,59,28,63,111"/><V88/><F5/><W64/><G111/><T38/><D38/><U127/><RYUUKYOKU type="yao9" ba="1,0" sc="23,0,414,0,305,0,258,0" hai1="2,8,16,25,35,51,75,96,107,108,116,127,129,132" /><INIT seed="6,2,0,1,2,32" ten="23,414,305,258" oya="2" hai0="95,30,36,50,84,124,118,51,73,40,106,121,14" hai1="98,110,37,66,42,38,53,21,17,26,91,120,13" hai2="44,86,61,88,122,23,16,107,128,43,10,1,104" hai3="62,67,72,49,31,8,77,6,123,4,19,79,25"/><V34/><F34/><W115/><G123/><T3/><D73/><U127/><E110/><V100/><F122/><W5/><G115/><T114/><D106/><U109/><E109/><V101/><F128/><W12/><G49/><T59/><D121/><U131/><E120/><V134/><F134/><W22/><REACH who="3" step="1"/><G72/><REACH who="3" ten="23,414,305,248" step="2"/><T99/><D114/><U41/><E131/><V125/><F125/><W70/><AGARI ba="2,1" hai="4,5,6,8,12,19,22,25,31,62,67,70,77,79" machi="70" ten="30,4000,0" yaku="1,1,2,1,0,1,53,0" doraHai="32" doraHaiUra="108" who="3" fromWho="3" sc="23,-12,414,-12,305,-22,248,56" /><INIT seed="7,0,0,3,1,135" ten="11,402,283,304" oya="3" hai0="13,11,53,19,14,45,44,98,1,63,52,104,27" hai1="66,95,110,49,120,23,88,18,41,124,24,3,43" hai2="129,86,91,96,57,71,17,29,34,58,65,122,68" hai3="6,125,67,134,100,90,133,76,12,93,54,75,46"/><W69/><G100/><T74/><D1/><U55/><E124/><V103/><F129/><W92/><G69/><T116/><D74/><U115/><E3/><V106/><F122/><W118/><G67/><T113/><D113/><U0/><E0/><V82/><F17/><W61/><G118/><T73/><D73/><U85/><E110/><V130/><F130/><W101/><G75/><T37/><D104/><U99/><E66/><V40/><F40/><W31/><G76/><T8/><D37/><U4/><E4/><V123/><F123/><W117/><G31/><T79/><D116/><U126/><E126/><V25/><F71/><W39/><G117/><T78/><D27/><U28/><E115/><V81/><F81/><W87/><G125/><T127/><D98/><U121/><E121/><V84/><F84/><W21/><G61/><AGARI ba="0,0" hai="25,29,34,57,58,61,65,68,82,86,91,96,103,106" machi="61" ten="40,2600,0" yaku="25,2" doraHai="135" who="2" fromWho="3" sc="11,0,402,0,283,26,304,-26" owari="11,-49.0,402,50.0,309,11.0,278,-12.0" /></mjloggm>