<mjloggm ver="2.3"><GO type="169" lobby="0"/><UN n0="%68%61%6B%75%30%37" n1="%E3%82%A6%E3%83%AB%E3%83%88%E3%83%A9%E7%AB%8B%E7%9B%B4" n2="%74%6F%6E%6E%75%72%61" n3="%E3%81%9E%E3%82%8B%E3%83%BC%E3%81%9F" dan="17,18,17,16" rate="2192.13,2202.31,2129.72,2113.70" sx="M,M,M,M"/><TAIKYOKU oya="0"/><INIT seed="0,0,0,1,4,96" ten="250,250,250,250" oya="0" hai0="84,3,104,59,56,66,102,12,95,135,46,48,8" hai1="40,90,60,20,43,0,101,19,130,11,89,70,7" hai2="42,31,80,53,24,134,1,109,39,67,47,85,38" hai3="127,112,63,37,6,113,55,17,30,45,14,100,29"/><T5/><D135/><U105/><E130/><V25/><F109/><W117/><G117/><T99/><D66/><U118/><E118/><V77/><F134/><W34/><G6/><T132/><D132/><U61/><E105/><V98/><F1/><W88/><G127/><T28/><D28/><U15/><E101/><V86/><F24/><W36/><G34/><T51/><D3/><U126/><E126/><V116/><F116/><W76/><G76/><T103/><D51/><U58/><E70/><V4/><F4/><W10/><G63/><T82/><D103/><U108/><E61/><V65/><F39/><W62/><G100/><T26/><D26/><U125/><E125/><V35/><F98/><W33/><G33/><T92/><D92/><U93/><E108/><V64/><REACH who="2" step="1"/><F53/><REACH who="2" ten="250,250,240,250" step="2"/><W115/><G36/><T119/><D119/><U94/><E0/><V49/><F49/><W106/><G37/><T107/><D107/><U57/><E7/><V91/><F91/><W124/><G88/><N who="0" m="51223" /><D104/><U9/><E94/><V74/><AGARI ba="0,1" hai="25,31,35,38,42,47,64,65,67,74,77,80,85,86" machi="74" ten="30,2000,0" yaku="1,1,0,1,53,0" doraHai="96" doraHaiUra="114" who="2" fromWho="2" sc="250,-10,250,-5,240,30,250,-5" /><INIT seed="1,0,0,3,5,56" ten="240,245,270,245" oya="1" hai0="65,122,48,2,76,71,12,11,31,5,54,10,58" hai1="105,37,53,33,23,80,39,78,73,84,126,94,44" hai2="97,41,29,85,124,81,13,108,92,91,3,30,89" hai3="123,25,47,36,17,52,98,75,69,88,1,35,8"/><U82/><E33/><V133/><F3/><W106/><G123/><T57/><D122/><U114/><E105/><V131/><F108/><W16/><G75/><T22/><D71/><U74/><E114/><V134/><F41/><W60/><G1/><T93/><D76/><U6/><E126/><V28/><F124/><W132/><G132/><N who="2" m="50793" /><F13/><W67/><G8/><T15/><D93/><U117/><E117/><V19/><F19/><W86/><G35/><T14/><D11/><U130/><E130/><AGARI ba="0,0" hai="28,29,30,81,85,89,91,92,97,130,131" m="50793" machi="130" ten="40,1300,0" yaku="20,1" doraHai="56" who="2" fromWho="1" sc="240,0,245,-13,270,13,245,0" /><INIT seed="2,0,0,2,4,84" ten="240,232,283,245" oya="2" hai0="10,54,86,70,106,44,96,62,73,40,28,35,41" hai1="87,118,18,3,5,13,20,8,134,15,132,110,133" hai2="105,19,75,32,74,6,79,100,4,52,97,109,64" hai3="50,71,39,76,108,22,42,31,7,124,38,94,116"/><V46/><F32/><W30/><G71/><T113/><D73/><U45/><E45/><V1/><F109/><W9/><G108/><T53/><D113/><U78/><E110/><V81/><F64/><W115/><G116/><T69/><D10/><N who="1" m="2367" /><E87/><V111/><F111/><W80/><G115/><T56/><D86/><U82/><E82/><V48/><F1/><W120/><G124/><T92/><D106/><U112/><E78/><V122/><F122/><W0/><G120/><T119/><D119/><U60/><E60/><V93/><F74/><W27/><G31/><T58/><D28/><U95/><E95/><V104/><F19/><W90/><G80/><T51/><D35/><U24/><E118/><V121/><F121/><W14/><G76/><T114/><D41/><U89/><E89/><V49/><F105/><W26/><G26/><T34/><D34/><U123/><E123/><V63/><F63/><W12/><G38/><T83/><D83/><U25/><E112/><V68/><F68/><W85/><REACH who="3" step="1"/><G39/><REACH who="3" ten="240,232,283,235" step="2"/><T103/><REACH who="0" step="1"/><D114/><REACH who="0" ten="230,232,283,235" step="2"/><U23/><E23/><V21/><F21/><W36/><G36/><AGARI ba="0,2" hai="36,40,44,51,53,54,56,58,62,69,70,92,96,103" machi="36" ten="30,7700,0" yaku="1,1,2,1,7,1,53,1" doraHai="84" doraHaiUra="57" who="0" fromWho="3" sc="230,97,232,0,283,0,235,-77" /><INIT seed="3,0,0,0,5,108" ten="327,232,283,158" oya="3" hai0="26,39,100,112,2,93,109,72,63,42,9,97,41" hai1="78,49,99,116,128,43,121,22,87,27,53,102,69" hai2="73,25,21,58,35,106,122,11,130,118,85,89,129" hai3="103,40,36,17,56,80,14,107,110,19,76,111,20"/><W86/><G40/><T91/><D109/><N who="3" m="41481" /><G36/><T123/><D123/><U54/><E69/><V47/><F118/><W18/><G56/><T101/><D72/><U133/><E128/><V84/><F73/><W29/><G29/><T37/><D37/><U95/><E121/><V51/><F35/><W34/><G34/><T71/><D26/><U10/><E133/><V92/><F58/><W96/><AGARI ba="0,0" hai="14,17,18,19,20,76,80,86,96,103,107" m="41481" machi="96" ten="30,3000,0" yaku="14,1,10,1" doraHai="108" who="3" fromWho="3" sc="327,-10,232,-10,283,-10,158,30" /><INIT seed="3,1,0,0,2,6" ten="317,222,273,188" oya="3" hai0="125,20,124,59,74,135,15,123,126,30,105,87,11" hai1="25,9,1,81,40,69,47,72,94,102,60,96,52" hai2="129,78,77,79,19,36,21,14,55,7,10,131,128" hai3="99,133,38,34,49,132,113,73,63,50,65,35,16"/><W89/><G73/><T76/><D105/><U116/><E116/><V90/><F36/><W98/><G38/><T67/><D123/><U64/><E25/><V70/><F70/><W104/><G113/><T44/><D74/><U13/><E1/><V22/><F90/><W58/><G104/><T48/><D135/><N who="3" m="51785" /><G16/><N who="0" m="8319" /><D67/><U23/><E23/><V100/><F100/><W3/><G3/><T134/><D59/><U8/><E13/><V86/><F55/><N who="3" m="32119" /><G49/><T41/><D134/><U33/><E33/><N who="3" m="12298" /><G89/><T115/><D115/><U130/><E130/><V120/><F120/><W121/><G121/><T106/><D106/><U53/><E53/><V110/><F110/><W114/><G114/><T17/><D30/><U112/><E112/><V18/><F18/><W85/><G85/><T57/><D57/><AGARI ba="1,0" hai="57,63,65,98,99" m="12298,32119,51785" machi="57" ten="30,1500,0" yaku="20,1" doraHai="6" who="3" fromWho="0" sc="317,-18,222,0,273,0,188,18" /><INIT seed="3,2,0,1,3,60" ten="299,222,273,206" oya="3" hai0="94,8,103,27,31,51,71,11,61,40,95,105,113" hai1="58,109,34,20,68,53,44,112,57,132,87,101,120" hai2="123,119,63,29,93,7,114,26,75,62,1,6,19" hai3="131,89,130,14,32,111,4,5,110,2,92,129,84"/><W74/><G74/><T127/><D127/><U22/><E120/><V82/><F114/><W79/><G32/><T97/><D113/><U118/><E112/><V125/><F119/><W121/><G121/><T56/><D71/><U12/><E68/><V88/><F125/><W126/><G126/><T98/><D40/><U16/><E34/><V108/><F108/><N who="3" m="41515" /><G2/><T23/><D51/><U69/><E69/><V0/><F0/><W72/><G14/><T24/><D24/><U70/><E70/><V30/><F30/><W9/><G9/><T66/><REACH who="0" step="1"/><D105/><REACH who="0" ten="289,222,273,206" step="2"/><U13/><E109/><V36/><F26/><W80/><AGARI ba="2,1" hai="4,5,72,79,80,84,89,92,129,130,131" m="41515" machi="80" ten="40,7800,0" yaku="19,1,14,1,10,1" doraHai="60" who="3" fromWho="3" sc="289,-28,222,-28,273,-28,206,94" /><INIT seed="3,3,0,2,4,1" ten="261,194,245,300" oya="3" hai0="69,14,133,92,23,121,48,78,63,84,32,134,44" hai1="29,89,54,131,8,119,83,13,31,76,112,72,20" hai2="120,88,115,64,87,130,24,19,81,105,127,53,96" hai3="73,132,39,129,135,52,122,70,103,95,126,30,108"/><W82/><G39/><T79/><D32/><U58/><E131/><V2/><F115/><W18/><G70/><T102/><D121/><U47/><E112/><V118/><F118/><W77/><G122/><T68/><D23/><U15/><E119/><V128/><F127/><W55/><G126/><T101/><D14/><U75/><E75/><V67/><F2/><W16/><G30/><T27/><D27/><U80/><E47/><V7/><F120/><W124/><G124/><T22/><D22/><U109/><E109/><V3/><F53/><N who="3" m="20555" /><G129/><T111/><D111/><U5/><E89/><V94/><F105/><W49/><G49/><T43/><D63/><U51/><REACH who="1" step="1"/><E83/><REACH who="1" ten="261,184,245,300" step="2"/><V36/><F130/><W125/><G125/><T9/><D79/><U46/><E46/><V117/><F117/><W60/><G108/><T93/><D78/><U110/><E110/><V38/><F128/><W107/><G82/><T74/><D74/><U0/><E0/><V116/><F3/><W21/><G77/><T42/><D44/><U41/><E41/><V114/><F116/><W37/><G73/><T34/><D42/><U10/><E10/><V62/><F114/><W91/><G91/><T57/><D9/><U12/><E12/><V59/><F88/><W61/><G37/><T17/><D43/><U40/><E40/><V35/><F38/><W85/><G135/><T97/><D134/><U28/><E28/><N who="2" m="19847" /><F36/><W65/><G132/><T98/><D133/><U104/><E104/><V99/><F81/><W66/><G107/><T113/><D113/><U33/><E33/><V86/><F94/><RYUUKYOKU ba="3,1" sc="261,-10,184,30,245,-10,300,-10" hai1="5,8,13,15,20,29,31,51,54,58,72,76,80" /><INIT seed="4,4,1,4,4,36" ten="251,214,235,290" oya="0" hai0="28,134,116,40,98,33,75,5,82,1,18,25,2" hai1="125,79,52,74,102,60,4,63,108,92,55,87,38" hai2="46,9,34,19,59,81,66,22,106,90,67,77,76" hai3="29,96,21,95,57,68,133,89,31,51,13,78,12"/><T58/><D116/><U45/><E108/><V120/><F34/><W24/><G68/><T105/><D134/><U103/><E74/><V121/><F106/><W64/><G133/><T119/><D119/><U94/><E125/><V43/><F9/><W27/><G78/><T111/><D111/><U135/><E135/><V128/><F128/><W127/><G127/><T86/><D75/><U30/><E38/><V26/><F90/><W100/><G89/><T113/><D113/><U99/><E4/><V41/><F77/><W37/><G37/><T123/><D123/><U122/><E30/><V17/><F17/><W117/><G117/><T110/><D110/><U131/><E131/><V126/><F126/><W115/><G115/><T124/><D124/><U83/><E122/><V54/><F46/><W53/><REACH who="3" step="1"/><G64/><REACH who="3" ten="251,214,235,280" step="2"/><T80/><D1/><U44/><E79/><V48/><F120/><W50/><G50/><T93/><D2/><U73/><E73/><V14/><F67/><W114/><G114/><T56/><D86/><U32/><E87/><N who="2" m="48551" /><F66/><W15/><G15/><T61/><D61/><U3/><E3/><V11/><F121/><W47/><G47/><T101/><D58/><U6/><E44/><V88/><F88/><W35/><AGARI ba="4,2" hai="12,13,21,24,27,29,31,35,51,53,57,95,96,100" machi="35" ten="20,8000,1" yaku="1,1,0,1,7,1,53,2" doraHai="36" doraHaiUra="10" who="3" fromWho="3" sc="251,-44,214,-24,235,-24,280,112" /><INIT seed="5,0,0,1,1,47" ten="207,190,211,392" oya="1" hai0="98,7,58,123,111,40,61,72,71,104,131,96,97" hai1="113,26,114,69,109,90,102,70,65,60,56,101,54" hai2="19,88,30,117,94,11,0,50,8,132,42,9,41" hai3="80,57,134,28,108,99,133,59,77,5,125,135,68"/><U85/><E26/><V48/><F117/><W38/><G38/><T20/><D111/><U17/><E17/><V16/><F30/><W103/><G68/><T118/><D118/><U74/><E74/><V27/><F0/><W4/><G108/><T83/><D71/><U81/><E70/><V122/><F122/><W25/><G125/><T24/><D131/><U82/><E82/><V93/><F132/><W44/><G44/><T29/><D40/><N who="2" m="15466" /><F94/><N who="3" m="58871" /><G5/><T52/><D123/><U112/><REACH who="1" step="1"/><E109/><REACH who="1" ten="207,180,211,392" step="2"/><V32/><F32/><N who="3" m="20495" /><G4/><T95/><D7/><U129/><E129/><V31/><F31/><W53/><G53/><T91/><REACH who="0" step="1"/><D104/><REACH who="0" ten="197,180,211,392" step="2"/><U105/><E105/><V46/><F27/><W6/><G6/><T21/><D21/><U37/><E37/><V55/><F48/><AGARI ba="0,2" hai="48,54,56,60,65,69,81,85,90,101,102,112,113,114" machi="48" ten="40,7700,0" yaku="1,1,15,1,52,1,53,0" doraHai="47" doraHaiUra="106" who="1" fromWho="2" sc="197,0,180,97,211,-77,392,0" /><INIT seed="5,1,0,5,3,92" ten="197,277,134,392" oya="1" hai0="124,39,101,131,106,93,86,100,130,99,115,98,118" hai1="96,24,135,12,3,127,88,111,123,84,63,65,121" hai2="119,42,62,58,59,51,33,103,71,104,73,2,97" hai3="129,10,74,134,75,83,91,28,26,57,60,11,82"/><U78/><E3/><V67/><F73/><W125/><G129/><N who="0" m="49163" /><D39/><U8/><E127/><V105/><F2/><W120/><G134/><T117/><D124/><U7/><E135/><V55/><F119/><N who="0" m="45578" /><D86/><U9/><E111/><V126/><F126/><W69/><G69/><T44/><D44/><U87/><E24/><V41/><F105/><W110/><G110/><T61/><D61/><U16/><E78/><V85/><F85/><W38/><G38/><T35/><D35/><U47/><E47/><V29/><F59/><W89/><G125/><T56/><D56/><N who="1" m="37095" /><E123/><V112/><F112/><AGARI ba="1,0" hai="93,98,99,100,101,106,112,115" m="45578,49163" machi="112" ten="40,8000,1" yaku="19,1,34,2,52,2" doraHai="92" who="0" fromWho="2" sc="197,83,277,0,134,-83,392,0" /><INIT seed="6,0,0,0,2,129" ten="280,277,51,392" oya="2" hai0="29,91,66,96,22,95,37,107,125,81,19,131,113" hai1="23,73,8,7,71,133,110,97,6,39,61,20,3" hai2="105,46,78,5,93,57,59,31,64,58,114,12,85" hai3="86,45,60,118,2,124,47,84,0,112,38,115,108"/><V68/><F105/><W55/><G108/><T50/><D37/><U80/><E7/><V94/><F114/><N who="3" m="43563" /><G118/><T70/><D113/><U62/><E97/><V9/><F31/><W13/><G124/><T119/><D131/><U18/><E23/><V72/><F72/><W89/><G13/><T116/><D29/><U77/><E110/><V74/><F74/><W99/><G99/><T44/><D107/><U40/><E71/><V30/><F30/><W52/><G60/><T15/><D81/><U106/><E106/><V34/><F34/><W104/><G104/><T83/><D83/><U134/><E62/><V27/><F27/><W126/><G126/><T14/><D125/><U122/><E61/><V53/><F64/><W90/><G86/><T1/><D1/><N who="3" m="617" /><G84/><T87/><D70/><U128/><E128/><V69/><F69/><W101/><G101/><T82/><D66/><U65/><E65/><V109/><F68/><W102/><G102/><T135/><D15/><N who="1" m="9311" /><E122/><V49/><REACH who="2" step="1"/><F109/><REACH who="2" ten="280,277,41,392" step="2"/><W11/><G11/><T127/><D127/><U21/><E21/><V132/><F132/><W75/><G75/><T120/><D135/><U79/><E134/><V56/><N who="2" m="14336" /><DORA hai="67" /><V111/><F111/><W63/><G63/><T130/><D130/><U103/><E133/><V24/><F24/><W10/><G10/><T123/><D123/><U4/><E8/><V16/><F16/><W48/><G45/><T51/><D120/><U33/><E33/><V35/><F35/><W43/><G47/><T41/><D44/><U54/><E73/><V17/><F17/><W28/><G28/><RYUUKYOKU ba="0,1" sc="280,-10,277,-10,41,30,392,-10" hai2="5,9,12,46,49,53,78,85,93,94" /><INIT seed="6,1,1,5,5,14" ten="270,267,71,382" oya="2" hai0="106,100,55,117,47,25,8,112,46,17,23,20,80" hai1="66,41,88,44,94,70,121,3,132,15,116,0,77" hai2="65,18,68,110,73,92,96,76,6,49,48,32,19" hai3="50,74,119,67,98,103,43,38,64,9,28,27,2"/><V7/><F32/><W134/><G74/><T33/><D33/><U37/><E116/><V101/><F110/><W21/><G119/><T114/><D117/><U16/><E132/><V24/><F68/><W118/><G118/><T36/><D8/><U122/><E77/><V129/><F129/><W75/><G75/><T93/><D106/><U42/><E42/><V104/><F65/><W87/><G38/><T29/><D80/><U51/><E37/><V124/><F124/><W56/><G87/><T31/><D55/><U97/><E66/><V107/><F24/><W105/><G134/><T102/><D36/><U59/><E59/><V61/><F61/><W22/><G22/><T81/><D81/><U85/><E97/><V4/><F92/><W126/><G126/><T89/><D31/><U40/><E40/><V86/><F86/><W130/><G130/><T83/><D83/><U26/><E26/><V111/><F111/><W60/><G9/><T90/><D90/><U57/><E57/><V125/><F125/><W79/><G79/><T69/><D69/><U53/><E41/><V35/><F35/><W39/><G39/><T108/><D108/><U128/><E70/><V62/><F62/><W131/><G2/><T99/><D102/><U54/><E54/><V30/><F30/><W78/><G78/><T127/><D100/><U120/><E128/><V71/><F71/><W5/><G131/><T113/><D127/><U123/><E123/><V12/><F107/><W52/><G5/><T63/><D63/><U115/><E115/><V34/><F34/><W13/><G13/><AGARI ba="1,1" hai="13,17,20,23,25,29,46,47,89,93,99,112,113,114" machi="13" ten="40,5200,0" yaku="6,1,15,1,52,1" doraHai="14" who="0" fromWho="3" sc="270,65,267,0,71,0,382,-55" /><INIT seed="7,0,0,0,5,5" ten="335,267,71,327" oya="3" hai0="133,44,22,103,41,95,4,102,106,10,6,47,93" hai1="34,121,45,31,11,67,70,40,110,123,48,134,56" hai2="88,83,8,16,3,65,99,76,122,84,115,90,2" hai3="55,69,38,42,68,94,73,61,108,79,30,23,132"/><W128/><G128/><T39/><D133/><U92/><E31/><V15/><F115/><W0/><G0/><T1/><D6/><U96/><E34/><V17/><F122/><W120/><G120/><T91/><D106/><U53/><E134/><V129/><F129/><W78/><G132/><T37/><D22/><U131/><E131/><V62/><F76/><W35/><G35/><T66/><D66/><U14/><E110/><V52/><F65/><W28/><G108/><T18/><D18/><U64/><E70/><V119/><F119/><W126/><G126/><T24/><D24/><U19/><E123/><V80/><F99/><W13/><G94/><T51/><D39/><U112/><E112/><V46/><F62/><W100/><G100/><T54/><D95/><U97/><E121/><V101/><F17/><N who="3" m="10671" /><G42/><T57/><D47/><U26/><E26/><V49/><REACH who="2" step="1"/><F101/><REACH who="2" ten="335,267,61,327" step="2"/><W9/><G79/><T63/><D63/><U12/><E97/><AGARI ba="0,1" hai="1,4,10,37,41,44,51,54,57,91,93,97,102,103" machi="97" ten="30,2000,0" yaku="7,1,52,1" doraHai="5" who="0" fromWho="1" sc="335,30,267,-20,61,0,327,0" owari="365,46.0,247,-15.0,61,-44.0,327,13.0" /></mjloggm>