<mjloggm ver="2.3"><GO type="169" lobby="0"/><UN n0="%E2%98%86%E3%83%9E%E3%82%B8%E3%83%83%E3%82%AF" n1="%E3%82%A6%E3%83%AB%E3%83%88%E3%83%A9%E7%AB%8B%E7%9B%B4" n2="%E3%81%BE%E3%81%A4%E3%81%8C%E3%81%95%E3%81%8D" n3="%E6%9D%B1%E9%A2%A8%E3%82%B7%E3%83%A5%E3%83%83%E3%82%B7%E3%83%A5%E3%83%83" dan="16,18,16,16" rate="2062.60,2237.83,2040.85,2179.06" sx="M,M,M,M"/><TAIKYOKU oya="0"/><INIT seed="0,0,0,4,0,130" ten="250,250,250,250" oya="0" hai0="19,91,20,127,76,80,5,29,49,85,126,108,100" hai1="15,131,113,116,18,92,14,40,47,2,36,118,94" hai2="63,129,107,109,93,69,57,67,34,32,62,37,89" hai3="52,88,23,46,27,99,55,79,26,132,74,121,97"/><T65/><D100/><U48/><E2/><V54/><F129/><W120/><G132/><T102/><D102/><U6/><E131/><V43/><F107/><W68/><G68/><T81/><D29/><U12/><E113/><V66/><F109/><W71/><G71/><T3/><D65/><U59/><E6/><V25/><F25/><W33/><G33/><T39/><D39/><U70/><E70/><V125/><F125/><N who="0" m="47626" /><D49/><U35/><E35/><V110/><F110/><W58/><G26/><N who="0" m="14623" /><D108/><U96/><E18/><V42/><F42/><W114/><G114/><T73/><D5/><U103/><E94/><V77/><F77/><W30/><G46/><T64/><D64/><U1/><E1/><AGARI ba="0,0" hai="1,3,73,76,80,81,85,91" m="14623,47626" machi="1" ten="30,1500,0" yaku="18,1" doraHai="130" who="0" fromWho="1" sc="250,15,250,-15,250,0,250,0" /><INIT seed="0,1,0,0,2,95" ten="265,235,250,250" oya="0" hai0="75,41,48,134,98,54,38,26,121,105,101,57,13" hai1="107,2,51,128,21,120,6,76,47,114,109,89,12" hai2="33,40,28,56,94,78,45,88,32,11,116,115,82" hai3="111,23,63,24,83,59,113,15,53,73,126,34,70"/><T112/><D75/><U66/><E120/><V35/><F115/><W17/><G113/><T36/><D112/><U124/><E114/><V90/><F11/><W67/><G111/><T122/><D134/><U93/><E107/><V81/><F56/><W52/><G126/><T125/><D125/><U106/><E106/><V97/><F116/><W64/><G64/><T42/><D13/><U10/><E124/><V25/><F90/><W119/><G119/><T50/><D26/><U92/><E128/><V135/><F135/><W46/><G46/><T18/><D18/><U68/><E109/><V9/><F9/><W129/><G129/><T108/><D108/><U1/><E76/><V31/><F31/><W4/><G70/><T133/><D133/><U96/><E21/><V43/><F81/><W79/><REACH who="3" step="1"/><G4/><REACH who="3" ten="265,235,250,240" step="2"/><T20/><D121/><U55/><E68/><V30/><F45/><W71/><G71/><T62/><D122/><U14/><E66/><V117/><F117/><W104/><G104/><T80/><D105/><U102/><REACH who="1" step="1"/><E1/><REACH who="1" ten="265,225,250,240" step="2"/><V8/><F33/><W123/><G123/><T91/><D38/><U103/><E103/><V85/><F8/><W77/><G77/><T65/><D101/><U58/><E58/><V72/><F35/><W19/><G19/><T131/><D36/><U87/><AGARI ba="1,2" hai="2,6,10,12,14,47,51,55,87,89,92,93,96,102" machi="87" ten="20,5200,0" yaku="1,1,0,1,7,1,52,1,53,0" doraHai="95" doraHaiUra="100" who="1" fromWho="1" sc="265,-27,225,75,250,-14,240,-14" /><INIT seed="1,0,0,3,3,56" ten="238,300,236,226" oya="1" hai0="122,17,24,101,15,87,102,105,6,75,47,126,32" hai1="33,0,13,5,46,72,11,52,91,78,79,85,68" hai2="62,99,69,21,104,117,39,25,103,38,66,8,29" hai3="114,16,121,55,76,70,35,61,119,50,113,27,1"/><U130/><E33/><V42/><F117/><W84/><G121/><T98/><D75/><U135/><E72/><V49/><F42/><W106/><G106/><T86/><D126/><U88/><E68/><V63/><F49/><W67/><G1/><T132/><D6/><U7/><E130/><V80/><F80/><W10/><G119/><T41/><D102/><U37/><E135/><V74/><F74/><W115/><G76/><N who="1" m="29226" /><E37/><V89/><F89/><N who="1" m="34377" /><E0/><V133/><F133/><W118/><G84/><T77/><D132/><U18/><E85/><V30/><F30/><W100/><G118/><T97/><D122/><U123/><E123/><V111/><F111/><W83/><G83/><T82/><D98/><U110/><E110/><V53/><F8/><W128/><G128/><T58/><D87/><U116/><E116/><V60/><REACH who="2" step="1"/><F53/><REACH who="2" ten="238,300,226,226" step="2"/><W134/><G134/><T92/><D82/><U2/><E2/><V48/><F48/><AGARI ba="0,1" hai="5,7,11,13,18,46,48,52" m="34377,29226" machi="48" ten="30,5800,0" yaku="8,1,54,2" doraHai="56" who="1" fromWho="2" sc="238,0,300,68,226,-58,226,0" /><INIT seed="1,1,0,5,3,132" ten="238,368,168,226" oya="1" hai0="19,102,81,31,46,42,16,40,93,7,45,100,13" hai1="120,15,35,71,82,62,8,111,43,113,99,10,96" hai2="33,76,1,83,24,27,2,25,3,104,77,58,12" hai3="30,121,126,34,124,122,0,105,90,95,134,110,127"/><U37/><E113/><V133/><F104/><W29/><G105/><T103/><D31/><N who="3" m="11785" /><G34/><T94/><D81/><U4/><E35/><V38/><F38/><W91/><G134/><T22/><D7/><U65/><E120/><N who="3" m="46186" /><G110/><T135/><D135/><U92/><E111/><V88/><F33/><W67/><G67/><T21/><D100/><U115/><E115/><V26/><N who="2" m="6144" /><DORA hai="131" /><V123/><F123/><W70/><G70/><T23/><D23/><U69/><E69/><V116/><F133/><W87/><G91/><T39/><D13/><U57/><E71/><V125/><F116/><W36/><G36/><AGARI ba="1,0" hai="16,19,21,22,36,39,40,42,45,46,93,94,102,103" machi="36" ten="25,3200,0" yaku="22,2,54,1" doraHai="132,131" who="0" fromWho="3" sc="238,35,368,0,168,0,226,-35" /><INIT seed="2,0,0,2,1,119" ten="273,368,168,191" oya="2" hai0="52,83,92,33,126,74,99,117,110,39,25,64,103" hai1="38,6,55,29,49,14,57,121,66,8,114,101,58" hai2="9,37,84,26,78,73,35,109,87,106,5,118,53" hai3="107,34,7,17,10,59,97,46,21,95,19,63,72"/><V130/><F118/><W75/><G34/><T123/><D117/><U88/><E38/><V85/><F109/><W67/><G107/><T112/><D39/><U48/><E114/><V0/><F106/><W131/><G131/><T134/><D64/><U11/><E121/><V89/><F130/><W45/><G75/><T111/><D112/><U79/><E79/><V108/><F108/><N who="0" m="41514" /><D126/><U81/><E101/><V61/><F37/><W28/><G72/><T31/><D134/><U12/><E29/><V122/><F122/><W127/><G127/><T1/><D1/><U42/><E42/><V113/><F113/><W76/><G76/><N who="0" m="44439" /><D52/><U93/><E66/><V77/><F73/><W32/><G32/><T30/><D30/><U125/><E125/><V13/><F35/><W98/><G28/><T20/><D33/><U54/><E81/><V16/><F26/><W2/><G19/><T91/><D91/><U71/><E71/><V3/><F89/><W82/><G82/><T36/><D36/><U24/><E24/><V100/><F100/><W65/><G65/><T129/><D129/><U124/><E124/><V102/><F102/><W68/><G68/><T40/><D40/><U27/><E27/><V120/><F120/><AGARI ba="0,0" hai="20,25,31,92,99,103,120,123" m="44439,41514" machi="120" ten="30,3900,0" yaku="14,1,52,2" doraHai="119" who="0" fromWho="2" sc="273,39,368,0,168,-39,191,0" /><INIT seed="3,0,0,2,5,99" ten="312,368,129,191" oya="3" hai0="49,77,70,48,65,122,20,39,85,53,120,134,36" hai1="28,13,132,32,80,61,4,113,71,72,82,43,42" hai2="78,30,52,8,54,118,50,6,10,127,105,58,108" hai3="11,81,25,66,84,9,67,24,44,133,94,16,79"/><W96/><G133/><T69/><D20/><U100/><E113/><V51/><F108/><W76/><G76/><T38/><D85/><U114/><E114/><V131/><F118/><W59/><G44/><T73/><D77/><U89/><E61/><V68/><F68/><N who="0" m="26218" /><D73/><U26/><E71/><V126/><F105/><W1/><G1/><T63/><D134/><U87/><E132/><V64/><F64/><N who="3" m="24619" /><G59/><N who="0" m="37119" /><D49/><U125/><E82/><V98/><F131/><W14/><G9/><T31/><D31/><U27/><E28/><V121/><F30/><W123/><G123/><T34/><D34/><U2/><E32/><V104/><F78/><W33/><G33/><T18/><D18/><U55/><E2/><V45/><F121/><W46/><G46/><AGARI ba="0,0" hai="36,38,39,46,48,53,120,122" m="37119,26218" machi="46" ten="40,2600,0" yaku="34,2" doraHai="99" who="0" fromWho="3" sc="312,26,368,0,129,0,191,-26" /><INIT seed="4,0,0,3,0,49" ten="338,368,129,165" oya="0" hai0="72,65,97,81,11,24,110,21,99,30,53,14,112" hai1="120,131,83,35,7,114,90,69,2,6,87,41,103" hai2="135,111,42,89,26,102,34,129,94,10,88,84,68" hai3="79,116,28,20,104,98,121,5,71,58,61,128,132"/><T107/><D65/><U66/><E120/><V56/><F68/><W122/><G116/><T119/><D119/><U3/><E35/><V109/><F135/><W113/><G71/><T92/><D112/><U86/><E103/><V130/><F42/><W78/><G132/><T33/><D110/><U123/><E123/><N who="3" m="47114" /><G113/><T117/><D117/><U115/><E41/><V85/><F10/><W12/><G128/><N who="2" m="49257" /><F34/><W125/><G125/><T25/><D107/><U93/><E131/><V17/><F26/><N who="3" m="16455" /><G5/><T75/><D33/><U67/><E69/><V74/><F17/><W4/><G4/><T39/><D25/><U91/><E83/><N who="2" m="49183" /><F56/><W106/><G12/><T127/><D127/><U52/><E93/><N who="2" m="54447" /><F74/><W32/><G32/><T15/><D75/><U95/><E95/><V108/><F94/><W36/><G36/><T45/><D39/><U54/><AGARI ba="0,0" hai="2,3,6,7,52,54,66,67,86,87,90,91,114,115" machi="54" ten="25,12000,2" yaku="0,1,22,2,52,2,54,1" doraHai="49" who="1" fromWho="1" sc="338,-60,368,120,129,-30,165,-30" /><INIT seed="5,0,0,1,5,92" ten="278,488,99,135" oya="1" hai0="19,122,3,45,78,131,59,81,52,103,37,25,99" hai1="77,108,87,46,74,42,66,64,24,34,38,120,21" hai2="80,121,91,27,126,40,130,127,17,56,28,63,10" hai3="44,102,73,43,15,47,93,101,12,71,119,89,95"/><U0/><E120/><V109/><F121/><W2/><G2/><T96/><D3/><U54/><E34/><V79/><F109/><W105/><G71/><T133/><D122/><U135/><E135/><V6/><F17/><W124/><G73/><T75/><D133/><U62/><E74/><V20/><F91/><W31/><G105/><T23/><D131/><U60/><E0/><V61/><F40/><W94/><G124/><T8/><D8/><U70/><E108/><V68/><F68/><W58/><G119/><T112/><D112/><U72/><E72/><V11/><F130/><W97/><G31/><T18/><D18/><U117/><E117/><V113/><F113/><W115/><G115/><T84/><D75/><U50/><E87/><N who="2" m="48543" /><F61/><W69/><G69/><T39/><D45/><N who="3" m="17481" /><G43/><T49/><REACH who="0" step="1"/><D99/><REACH who="0" ten="268,488,99,135" step="2"/><U129/><E129/><V55/><F6/><W88/><G97/><T26/><D26/><U4/><E24/><V125/><AGARI ba="0,1" hai="10,11,20,27,28,55,56,63,125,126,127" m="48543" machi="125" ten="30,1100,0" yaku="18,1" doraHai="92" who="2" fromWho="2" sc="268,-3,488,-5,99,21,135,-3" /><INIT seed="6,0,0,1,1,93" ten="265,483,120,132" oya="2" hai0="128,90,131,74,122,71,134,36,84,114,54,112,49" hai1="82,97,22,73,6,12,100,47,19,17,15,4,52" hai2="77,105,68,99,94,29,7,30,42,85,38,60,103" hai3="28,110,98,56,107,2,67,65,40,72,14,81,10"/><V89/><F7/><W20/><G110/><T46/><D74/><U61/><E82/><V80/><F42/><W106/><G2/><T87/><D122/><U91/><E91/><V55/><F38/><W3/><G3/><T121/><D121/><U130/><E73/><V104/><F104/><W18/><G40/><T117/><D71/><U25/><E130/><N who="0" m="49705" /><D134/><U78/><E78/><V51/><F60/><W86/><G72/><T37/><D117/><U39/><E39/><N who="0" m="14921" /><D87/><U43/><E43/><V69/><F68/><W118/><G118/><T70/><D70/><U102/><E25/><V58/><REACH who="2" step="1"/><F69/><REACH who="2" ten="265,483,110,132" step="2"/><W92/><G107/><T24/><D114/><U35/><E61/><V95/><F95/><W57/><G106/><T32/><D112/><U63/><E63/><V116/><F116/><W8/><G65/><T132/><D132/><U13/><E4/><V79/><F79/><N who="3" m="46399" /><G67/><T101/><D49/><U45/><E6/><V66/><F66/><W44/><G44/><T62/><D46/><U111/><E47/><V123/><F123/><W33/><G56/><T41/><D41/><U133/><E45/><V5/><F5/><W23/><G57/><T50/><D50/><U83/><E133/><V135/><F135/><W0/><G0/><T53/><D53/><U124/><E52/><V125/><F125/><W76/><G76/><T21/><D54/><U31/><E124/><V120/><F120/><W16/><G92/><T59/><D59/><U11/><E111/><V109/><F109/><W129/><G129/><T119/><D119/><U1/><E1/><V26/><F26/><RYUUKYOKU ba="0,1" sc="265,-10,483,-10,110,30,132,-10" hai2="29,30,51,55,58,77,80,85,89,94,99,103,105" /><INIT seed="6,1,1,5,3,78" ten="255,473,140,122" oya="2" hai0="31,24,92,91,113,18,14,12,129,68,47,0,63" hai1="4,46,26,65,124,116,90,41,61,55,62,89,21" hai2="8,98,36,53,84,108,85,104,64,128,45,112,121" hai3="19,30,117,105,133,20,27,67,72,125,114,48,1"/><V39/><F121/><W77/><G117/><T43/><D0/><U28/><E116/><V32/><F32/><W7/><G105/><T50/><D113/><U94/><E124/><V82/><F108/><W49/><G125/><T122/><D122/><U80/><E4/><V103/><F112/><W3/><G114/><T56/><D68/><U25/><E55/><V95/><F64/><W127/><G127/><T119/><D129/><U111/><E111/><V134/><F128/><W120/><G120/><T60/><D119/><U118/><E118/><V29/><F29/><W76/><G133/><T75/><D75/><U81/><E26/><V52/><F134/><W40/><G67/><T79/><D79/><U73/><E73/><V35/><F35/><W130/><G130/><T22/><D31/><U23/><E23/><V97/><F85/><W38/><G76/><T70/><D70/><U37/><E62/><N who="0" m="23593" /><D56/><U5/><E5/><V6/><F39/><W44/><G30/><T16/><D18/><U71/><E90/><V101/><F36/><W99/><G1/><T106/><D106/><U59/><E71/><V51/><F53/><W54/><G54/><T10/><D10/><U42/><E42/><V126/><F126/><W110/><G110/><T93/><D93/><U33/><E33/><V86/><F82/><N who="3" m="45351" /><G99/><AGARI ba="1,1" hai="12,14,16,22,24,43,47,50,91,92,99" m="23593" machi="99" ten="30,2000,0" yaku="8,1,54,1" doraHai="78" who="0" fromWho="3" sc="255,33,473,0,140,0,122,-23" /><AGARI ba="1,0" hai="21,25,28,37,41,46,59,61,65,80,81,89,94,99" machi="99" ten="30,3900,0" yaku="7,1,52,2" doraHai="78" who="1" fromWho="3" sc="288,0,473,39,140,0,99,-39" /><INIT seed="7,0,0,3,0,87" ten="288,512,140,60" oya="3" hai0="39,30,94,134,76,7,0,131,28,2,113,41,17" hai1="14,29,110,58,96,88,26,116,75,64,6,3,111" hai2="61,54,79,51,49,48,69,55,59,44,66,52,74" hai3="93,24,108,80,77,107,4,11,109,9,105,34,25"/><W65/><G65/><T132/><D17/><U20/><E75/><V23/><F23/><W5/><G93/><T72/><D131/><U102/><E116/><V89/><F89/><W42/><G42/><T82/><D94/><U16/><E88/><V124/><F79/><W81/><REACH who="3" step="1"/><G77/><REACH who="3" ten="288,512,140,50" step="2"/><T45/><D113/><U73/><E64/><V133/><F74/><W126/><G126/><T67/><D67/><U32/><E73/><V91/><F124/><W98/><G98/><T118/><D118/><U121/><E102/><V78/><F78/><W22/><G22/><T31/><D2/><U99/><E96/><V38/><F91/><W68/><G68/><T92/><D92/><U135/><E99/><V47/><F133/><W19/><G19/><T15/><D0/><U104/><E135/><N who="0" m="51753" /><D31/><U90/><E90/><V95/><F95/><W71/><G71/><T127/><D127/><U70/><E20/><V56/><F38/><W21/><G21/><T8/><AGARI ba="0,1" hai="7,8,15,28,30,39,41,45,72,76,82" m="51753" machi="8" ten="30,1100,0" yaku="20,1" doraHai="87" who="0" fromWho="0" sc="288,21,512,-3,140,-3,50,-5" owari="309,11.0,509,60.0,137,-26.0,45,-45.0" /></mjloggm>