<mjloggm ver="2.3"><GO type="169" lobby="0"/><UN n0="%E9%BA%BB%E9%9B%80%E5%95%86%E4%BA%BA%E3%81%8F%E3%82%93%E2%99%AA" n1="%E3%83%8B%E3%83%A3%E3%83%83%E3%83%94%E3%83%BC%E5%A4%8F%E7%9B%AE" n2="%E3%82%BF%E3%82%AD%E3%83%88%E3%83%BC%E3%83%AB" n3="%E5%B0%B1%E6%B4%BB%E7%94%9F%40%E5%B7%9D%E6%9D%91%E8%BB%8D%E5%9B%A3" dan="17,16,16,18" rate="2182.91,2083.30,2103.07,2305.97" sx="M,M,M,M"/><TAIKYOKU oya="0"/><INIT seed="0,0,0,4,3,23" ten="250,250,250,250" oya="0" hai0="89,96,78,85,35,99,93,129,71,100,40,75,90" hai1="102,33,10,67,115,6,30,65,133,104,112,82,43" hai2="39,26,37,36,130,34,64,132,4,7,109,14,127" hai3="87,135,47,92,42,9,5,54,128,107,56,131,111"/><T29/><D71/><U60/><E133/><V49/><F132/><W28/><G107/><N who="0" m="63879" /><D40/><U50/><E82/><V120/><F109/><W27/><G135/><T72/><D29/><U69/><E65/><V126/><F130/><W119/><G119/><T108/><D35/><U2/><E50/><V16/><F120/><W57/><G111/><T134/><D108/><U86/><E86/><V94/><F94/><W55/><G57/><T70/><D70/><U68/><E43/><V110/><F49/><W95/><G55/><T58/><D58/><U91/><E91/><N who="0" m="34825" /><D129/><U97/><E69/><V98/><F98/><W74/><G54/><T31/><D31/><U46/><E46/><V77/><F77/><W105/><G56/><T83/><D134/><U22/><E22/><V62/><F110/><W113/><G47/><T80/><D80/><U24/><AGARI ba="0,0" hai="2,6,10,24,30,33,60,67,68,97,102,104,112,115" machi="24" ten="30,12000,2" yaku="0,1,25,2,23,2,52,1" doraHai="23" who="1" fromWho="1" sc="250,-60,250,120,250,-30,250,-30" /><INIT seed="1,0,0,0,1,128" ten="190,370,220,220" oya="1" hai0="98,53,16,71,57,81,121,37,23,63,95,28,20" hai1="114,47,44,117,65,42,124,135,115,19,119,94,90" hai2="133,130,80,33,34,4,101,59,120,11,43,24,108" hai3="125,96,77,74,102,109,88,17,67,79,50,21,110"/><U61/><E19/><V10/><F108/><N who="3" m="41579" /><G74/><T69/><D37/><U103/><E103/><V76/><F130/><W64/><G50/><T97/><D121/><U30/><E94/><V107/><F120/><W93/><G102/><T105/><D105/><U13/><E13/><V85/><F10/><W100/><G100/><T0/><D0/><U84/><E84/><V132/><F59/><W83/><G125/><T6/><D6/><U134/><E90/><V127/><F127/><W92/><G92/><T62/><D28/><U5/><E5/><V99/><F43/><W18/><G79/><T126/><D126/><U14/><E14/><V72/><F24/><N who="3" m="14383" /><G18/><T15/><D23/><U68/><E30/><V118/><F118/><N who="1" m="45065" /><E124/><V86/><F86/><W35/><G35/><T54/><D81/><U51/><E47/><V60/><F33/><W55/><G83/><T89/><D89/><U56/><BYE who="0" /><E68/><V26/><F34/><W8/><G77/><T41/><D41/><U111/><E111/><UN n0="%E9%BA%BB%E9%9B%80%E5%95%86%E4%BA%BA%E3%81%8F%E3%82%93%E2%99%AA" /><V91/><F26/><W3/><G3/><T122/><D122/><U31/><E31/><V113/><F113/><AGARI ba="0,0" hai="42,44,51,56,61,65,113,114,115,134,135" m="45065" machi="113" ten="30,11600,0" yaku="34,2,52,2" doraHai="128" who="1" fromWho="2" sc="190,0,370,116,220,-116,220,0" /><INIT seed="1,1,0,2,0,32" ten="190,486,104,220" oya="1" hai0="23,70,42,67,7,24,129,22,46,28,56,104,65" hai1="82,60,50,12,53,119,14,45,26,81,27,124,93" hai2="11,1,127,49,134,44,21,89,9,106,33,121,39" hai3="6,112,30,10,79,88,62,64,110,109,71,115,120"/><U4/><E119/><V97/><F121/><W128/><G79/><T126/><D104/><U20/><E124/><V123/><F123/><W95/><G30/><T131/><D70/><U96/><E60/><V75/><F39/><W94/><G94/><T61/><D126/><U99/><E99/><V57/><F33/><W25/><G25/><T0/><D67/><U38/><E38/><V91/><F11/><W107/><G107/><T29/><D46/><U58/><E45/><V41/><F75/><W90/><G128/><T86/><D42/><U35/><E35/><V5/><F134/><W55/><G55/><T63/><D86/><U133/><E133/><V114/><F114/><W122/><G122/><T48/><D48/><U2/><E2/><V118/><F118/><W103/><G103/><T108/><D108/><N who="3" m="41577" /><G120/><T77/><D77/><U116/><E116/><V3/><F3/><N who="3" m="351" /><G90/><T87/><D129/><U18/><E27/><V130/><F130/><W52/><G52/><T19/><D131/><U101/><E4/><V98/><F127/><W76/><G76/><T15/><D0/><U92/><E92/><V31/><F97/><AGARI ba="1,0" hai="62,64,71,88,95,97,112,115" m="351,41577" machi="97" ten="30,3900,0" yaku="14,1,52,1,54,1" doraHai="32" who="3" fromWho="2" sc="190,0,486,0,104,-42,220,42" /><INIT seed="2,0,0,3,4,129" ten="190,486,62,262" oya="2" hai0="104,105,112,78,48,51,124,94,0,71,119,131,86" hai1="88,135,28,23,9,126,49,62,7,130,103,106,92" hai2="41,5,18,34,77,91,80,90,16,10,43,61,66" hai3="122,25,17,101,82,24,115,123,50,116,84,121,2"/><V65/><F34/><W85/><G116/><T117/><D0/><U55/><E130/><V40/><F77/><W39/><G39/><T93/><D71/><U118/><E118/><V102/><F102/><W36/><G36/><T113/><D78/><U64/><E126/><V67/><F61/><W81/><G2/><T70/><D70/><U73/><E73/><V68/><F68/><W22/><G115/><T8/><D8/><U109/><E109/><V110/><F110/><W44/><G101/><T133/><D86/><U96/><E23/><V1/><REACH who="2" step="1"/><F80/><REACH who="2" ten="190,486,52,262" step="2"/><W45/><G82/><T32/><D32/><U4/><E103/><V75/><F75/><W111/><G111/><T38/><D131/><U89/><E62/><V125/><F125/><W72/><G72/><T11/><D124/><U60/><E60/><V97/><F97/><W58/><G81/><T99/><D99/><U63/><E96/><V13/><F13/><W83/><G83/><T95/><D117/><U98/><E63/><V33/><F33/><W31/><G85/><T47/><D119/><U53/><E98/><V76/><F76/><W120/><G84/><T108/><D108/><U27/><E64/><V14/><F14/><W100/><G100/><T21/><D112/><U87/><E87/><V3/><F3/><W128/><G128/><T26/><D113/><U30/><E89/><AGARI ba="0,1" hai="1,5,10,16,18,40,41,43,65,66,67,89,90,91" machi="89" ten="40,3900,0" yaku="1,1,54,1,53,0" doraHai="129" doraHaiUra="52" who="2" fromWho="1" sc="190,0,486,-39,52,49,262,0" /><INIT seed="2,1,0,2,0,32" ten="190,447,101,262" oya="2" hai0="46,14,90,79,44,11,116,34,63,126,125,84,13" hai1="112,47,27,128,56,48,22,130,30,81,43,68,0" hai2="133,75,64,9,66,36,23,57,74,129,29,98,19" hai3="88,52,35,60,124,38,24,89,104,135,92,5,108"/><V70/><F70/><W93/><G104/><T78/><D34/><U118/><E68/><V67/><F133/><W123/><G38/><T69/><D116/><U127/><E112/><V45/><F57/><N who="3" m="34855" /><G35/><T103/><D103/><U121/><E118/><V51/><F36/><W17/><G123/><T15/><D11/><U82/><E127/><N who="0" m="48649" /><D63/><U62/><E0/><V111/><F129/><N who="1" m="49769" /><E121/><V77/><F77/><N who="0" m="29194" /><D69/><U53/><AGARI ba="1,0" hai="22,27,30,43,47,48,53,56,62,81,82" m="49769" machi="53" ten="30,1100,0" yaku="19,1" doraHai="32" who="1" fromWho="1" sc="190,-4,447,14,101,-6,262,-4" /><INIT seed="3,0,0,4,4,44" ten="186,461,95,258" oya="3" hai0="45,25,109,77,131,81,47,57,125,18,30,105,124" hai1="58,27,75,51,82,129,76,20,14,86,71,6,123" hai2="34,70,42,62,64,93,49,3,16,22,29,26,120" hai3="36,133,89,100,40,111,43,66,1,122,28,115,99"/><W74/><G74/><T113/><D105/><U54/><E71/><V69/><F120/><W53/><G1/><T117/><D117/><U24/><E123/><V41/><F69/><W19/><G122/><T65/><D113/><U87/><E129/><V72/><F72/><W17/><G133/><T97/><D97/><U118/><E118/><V5/><F93/><W121/><G121/><T67/><D18/><U78/><E75/><V95/><F95/><W10/><G28/><T85/><D109/><U108/><E108/><V90/><F90/><W46/><G43/><T12/><D12/><U9/><E20/><V91/><F91/><W80/><G66/><N who="0" m="25099" /><D57/><U68/><E68/><V50/><F41/><W132/><G132/><T79/><D79/><U92/><E92/><V104/><F42/><W2/><G2/><T84/><D84/><U107/><E107/><V130/><F130/><W112/><G89/><T116/><D116/><U94/><E94/><V61/><F61/><W114/><G111/><T55/><D55/><U98/><E98/><V134/><F104/><W103/><G53/><T60/><D60/><U39/><E39/><V21/><F134/><W11/><G99/><T128/><D128/><U59/><E58/><V101/><F101/><W32/><G32/><N who="0" m="20559" /><D131/><U119/><E119/><V8/><F21/><W0/><G80/><AGARI ba="0,0" hai="6,9,14,24,27,51,54,59,76,78,80,82,86,87" machi="80" ten="40,5200,0" yaku="9,1,8,1,52,1" doraHai="44" who="1" fromWho="3" sc="186,0,461,52,95,0,258,-52" /><INIT seed="4,0,0,4,0,50" ten="186,513,95,206" oya="0" hai0="51,60,125,65,42,37,3,29,108,78,71,81,0" hai1="17,20,109,12,124,8,40,72,62,103,118,98,38" hai2="93,16,128,64,41,121,101,75,74,19,114,76,49" hai3="45,53,11,104,102,14,55,82,26,57,89,48,127"/><T15/><D108/><U73/><E118/><V99/><F121/><W68/><G68/><T132/><D125/><U122/><E122/><V58/><F128/><W100/><G104/><T67/><D67/><U111/><E124/><V130/><F130/><W56/><G26/><T117/><D117/><U5/><E111/><V18/><F114/><W27/><G27/><T22/><D132/><U95/><E109/><V126/><F126/><W79/><G127/><T116/><D37/><U39/><E62/><V77/><F74/><W123/><G89/><T1/><D116/><U44/><REACH who="1" step="1"/><E39/><REACH who="1" ten="186,503,95,206" step="2"/><V28/><F75/><W47/><G123/><T94/><D60/><U134/><E134/><V61/><REACH who="2" step="1"/><F28/><REACH who="2" ten="186,503,85,206" step="2"/><W69/><G69/><T13/><D29/><U91/><E91/><V105/><F105/><W107/><G107/><T120/><D120/><U30/><E30/><V31/><F31/><W133/><G133/><T86/><D78/><U97/><E97/><V90/><F90/><W46/><G102/><T32/><D86/><U84/><E84/><V110/><F110/><W66/><G100/><T34/><D34/><U36/><E36/><V24/><F24/><AGARI ba="0,2" hai="5,8,12,17,20,24,38,40,44,72,73,95,98,103" machi="24" ten="30,2000,0" yaku="1,1,7,1,53,0" doraHai="50" doraHaiUra="131" who="1" fromWho="2" sc="186,0,503,40,85,-20,206,0" /><INIT seed="5,0,0,1,2,99" ten="186,543,65,206" oya="1" hai0="65,28,26,25,118,8,126,43,104,32,52,19,91" hai1="122,42,86,97,60,78,82,132,84,24,121,34,105" hai2="50,9,46,18,73,135,83,133,87,61,16,69,3" hai3="114,89,117,127,116,123,5,128,90,36,22,49,76"/><U57/><E132/><V45/><F73/><W119/><G36/><T81/><D118/><U27/><E42/><V124/><F124/><W107/><G114/><T0/><D126/><U109/><E109/><V101/><F101/><W30/><G107/><T7/><D43/><U47/><E47/><V53/><F3/><W14/><G128/><T64/><D104/><U39/><E39/><V71/><F46/><W63/><G63/><T56/><D91/><U108/><E108/><V94/><F94/><W23/><G49/><T2/><D81/><U93/><E105/><V20/><F18/><W129/><G76/><T66/><D2/><U74/><E84/><V111/><F111/><W72/><G72/><T79/><D79/><U92/><E92/><V59/><F133/><W102/><G102/><T134/><D134/><U40/><E40/><V68/><F9/><N who="3" m="4399" /><G123/><T37/><D37/><U95/><E74/><V115/><F115/><W4/><G4/><T11/><D11/><U21/><E34/><V125/><F125/><W54/><G127/><T33/><D33/><U120/><E120/><V29/><F29/><W98/><G30/><T13/><D26/><U75/><E27/><V55/><F135/><W106/><G129/><T80/><D0/><U100/><E122/><V112/><F112/><W77/><G106/><T88/><D7/><U35/><E121/><V31/><F31/><W1/><G117/><T17/><D17/><N who="1" m="12335" /><E35/><V44/><F44/><W10/><G116/><T67/><N who="0" m="16896" /><DORA hai="38" /><T113/><D113/><U12/><E75/><V41/><F68/><W131/><G119/><RYUUKYOKU ba="0,0" sc="186,0,543,0,65,0,206,0" /><INIT seed="6,1,0,0,1,32" ten="186,543,65,206" oya="2" hai0="55,17,33,62,14,104,63,96,71,68,36,2,88" hai1="95,90,91,93,121,113,100,35,105,16,26,110,101" hai2="0,133,116,102,126,52,38,9,46,67,30,66,49" hai3="7,50,98,39,64,108,119,87,59,5,34,4,85"/><V27/><F116/><W103/><G34/><T77/><D33/><U54/><E110/><V47/><F133/><W69/><G39/><T97/><D2/><U12/><E105/><V74/><F126/><W72/><G72/><T31/><D31/><U13/><E113/><V107/><F74/><W120/><G108/><T131/><D131/><U124/><E124/><V83/><F83/><W125/><G120/><T112/><D112/><U81/><E81/><V79/><F79/><W135/><G135/><T8/><D36/><U86/><E121/><V43/><F107/><W22/><G69/><T117/><D117/><U122/><E122/><V118/><F118/><W132/><G132/><T45/><D77/><U53/><E35/><V60/><F102/><W42/><G22/><T58/><D104/><U76/><E76/><V19/><F30/><W37/><G37/><T115/><D115/><U99/><E26/><V106/><F106/><W84/><G125/><T128/><D128/><U127/><E127/><V1/><F67/><W40/><G119/><T18/><D71/><U20/><E12/><V10/><F27/><W89/><G89/><T80/><D68/><U92/><E101/><V51/><F38/><W21/><G21/><T11/><D80/><U111/><E111/><V48/><F48/><W130/><G130/><T6/><D88/><U114/><E114/><V25/><F25/><W129/><G129/><T61/><D61/><U78/><E78/><V23/><F23/><W15/><G50/><T3/><D63/><U56/><E56/><N who="2" m="37127" /><F10/><W57/><G64/><N who="0" m="38999" /><D18/><U75/><E75/><RYUUKYOKU ba="1,0" sc="186,10,543,10,65,10,206,-30" hai0="3,6,8,11,14,17,45,55,96,97" hai1="13,16,20,53,54,86,90,91,92,93,95,99,100" hai2="0,1,9,19,43,46,47,49,51,52" /><INIT seed="6,2,0,0,0,70" ten="196,553,75,176" oya="2" hai0="34,9,79,74,75,117,49,124,50,1,94,73,88" hai1="32,122,3,17,67,0,29,27,120,38,57,112,89" hai2="86,36,6,60,115,64,123,127,91,108,21,54,46" hai3="52,2,97,85,109,5,39,58,56,7,76,20,125"/><V134/><F123/><N who="1" m="47145" /><E112/><V18/><F115/><W107/><G39/><T53/><D34/><U131/><E131/><V126/><F134/><W69/><G69/><T114/><D50/><U45/><E17/><V101/><F101/><W37/><G37/><T59/><D1/><U121/><E121/><V80/><F6/><W19/><G2/><T82/><D9/><U78/><E78/><V135/><F135/><W61/><G125/><T118/><D124/><U105/><E105/><V102/><F102/><W42/><G42/><T25/><D25/><U4/><E4/><V31/><F31/><W8/><G8/><T90/><D90/><U24/><E24/><V99/><F99/><W119/><G119/><N who="0" m="45579" /><D114/><U12/><E12/><V84/><F84/><AGARI ba="2,0" hai="49,53,59,73,74,75,79,82,84,88,94" m="45579" machi="84" ten="30,2000,0" yaku="12,1,54,1" doraHai="70" who="0" fromWho="2" sc="196,26,553,0,75,-26,176,0" /><INIT seed="7,0,0,2,3,112" ten="222,553,49,176" oya="3" hai0="97,134,53,7,82,119,85,81,20,21,88,78,43" hai1="133,9,54,27,122,104,32,47,37,29,92,8,51" hai2="30,76,66,135,80,98,36,60,94,95,108,17,128" hai3="86,70,127,89,130,40,131,13,84,22,105,41,14"/><W0/><G0/><T55/><D119/><U39/><E104/><V2/><F94/><W115/><G115/><T101/><D134/><U11/><E122/><V117/><F128/><W103/><G70/><T126/><D126/><U15/><E133/><V73/><F135/><W120/><G120/><T63/><D43/><U118/><E118/><V113/><F113/><W125/><G22/><N who="0" m="8811" /><D7/><U65/><E65/><V48/><F36/><W49/><G49/><T10/><D10/><U34/><E34/><V74/><F108/><W110/><G110/><T28/><D28/><U3/><E3/><V100/><F74/><W107/><G89/><T79/><D82/><U42/><E92/><V69/><F2/><W123/><G123/><T72/><D72/><U1/><E1/><V56/><F69/><W35/><G35/><T50/><D101/><AGARI ba="0,0" hai="13,14,40,41,84,86,101,103,105,107,125,127,130,131" machi="101" ten="25,2400,0" yaku="22,2" doraHai="112" who="3" fromWho="0" sc="222,-24,553,0,49,0,176,24" /><INIT seed="7,1,0,0,1,68" ten="198,553,49,200" oya="3" hai0="74,121,78,132,21,27,80,64,38,75,126,107,16" hai1="10,47,14,44,59,84,127,17,76,134,56,39,96" hai2="41,40,9,1,95,92,97,98,87,131,37,13,129" hai3="102,12,135,99,116,106,101,26,36,73,29,23,124"/><W130/><G73/><T11/><D121/><U67/><E39/><V31/><F31/><W34/><G116/><T25/><D126/><U72/><E72/><V117/><F87/><W22/><G124/><T15/><D132/><U3/><E3/><V112/><F13/><W103/><G36/><T71/><D107/><U90/><E134/><V89/><F112/><W128/><G135/><T19/><D38/><U122/><E122/><V93/><F117/><W100/><REACH who="3" step="1"/><G12/><REACH who="3" ten="198,553,49,190" step="2"/><T70/><D75/><U45/><E127/><V7/><F41/><W55/><G55/><T24/><REACH who="0" step="1"/><D64/><REACH who="0" ten="188,553,49,190" step="2"/><U125/><E14/><AGARI ba="1,2" hai="11,14,15,16,19,21,24,25,27,70,71,74,78,80" machi="14" ten="40,8000,1" yaku="1,1,2,1,54,1,53,1" doraHai="68" doraHaiUra="104" who="0" fromWho="1" sc="188,103,553,-83,49,0,190,0" owari="291,9.0,470,57.0,49,-45.0,190,-21.0" /></mjloggm>