<mjloggm ver="2.3"><GO type="169" lobby="0"/><UN n0="%E3%82%A6%E3%83%AB%E3%83%88%E3%83%A9%E7%AB%8B%E7%9B%B4" n1="%E3%81%8B%E3%81%AB%E3%81%8B%E3%81%BE%E3%83%8F%E3%82%B5%E3%83%9F" n2="%59%61%6E%67%6E%75%6D" n3="%E3%81%88%E3%83%BC%E3%81%A1%E3%82%83%E3%82%93" dan="17,16,17,16" rate="2204.59,2109.76,2154.19,2031.35" sx="M,M,M,F"/><TAIKYOKU oya="0"/><INIT seed="0,0,0,0,4,25" ten="250,250,250,250" oya="0" hai0="9,119,67,5,18,89,96,11,113,52,13,56,125" hai1="104,123,128,53,35,71,39,132,22,106,57,131,109" hai2="130,48,91,115,78,15,61,94,45,116,102,21,92" hai3="20,77,4,14,72,108,127,73,27,126,84,98,65"/><T93/><D125/><N who="3" m="47625" /><G108/><T90/><D113/><U29/><E35/><V87/><F130/><N who="1" m="49705" /><E109/><V44/><F116/><W63/><G98/><T76/><D76/><U74/><E39/><V16/><F115/><W23/><G77/><T129/><D129/><U101/><E71/><V33/><F33/><W38/><G84/><T79/><D79/><U3/><E3/><V100/><F78/><W124/><G38/><T86/><D67/><U59/><E59/><V12/><F45/><W81/><G81/><T19/><D11/><U50/><E132/><V114/><F114/><W17/><G4/><T40/><D40/><U70/><E70/><V32/><F32/><W85/><N who="3" m="47633" /><W107/><DORA hai="64" /><G85/><T80/><REACH who="0" step="1"/><D119/><REACH who="0" ten="240,250,250,250" step="2"/><U105/><E74/><V34/><F100/><W103/><G103/><T82/><D82/><U26/><E123/><V120/><F102/><AGARI ba="0,1" hai="22,26,29,50,53,57,101,102,104,105,106" m="49705" machi="102" ten="40,2600,0" yaku="19,1,52,1" doraHai="25,64" who="1" fromWho="2" sc="240,0,250,36,250,-26,250,0" /><INIT seed="1,0,0,0,3,16" ten="240,286,224,250" oya="1" hai0="103,27,1,9,19,83,125,61,24,108,5,92,112" hai1="85,3,31,101,43,110,29,54,76,115,10,78,38" hai2="15,116,118,135,53,37,34,104,40,47,25,8,124" hai3="74,88,28,64,130,65,82,77,93,75,66,39,72"/><U68/><E115/><V48/><F104/><W18/><G39/><T99/><D112/><U11/><E68/><V44/><F135/><W105/><G105/><T4/><D108/><U45/><E110/><V100/><F100/><W36/><G36/><T126/><D5/><U59/><E101/><V12/><F124/><W73/><G130/><T41/><D41/><U128/><E11/><V80/><F15/><W35/><G18/><T132/><D132/><U96/><E96/><V113/><F113/><W62/><G35/><T20/><D61/><U95/><E95/><V94/><F94/><W121/><G121/><T102/><D102/><U91/><E91/><V129/><F129/><W106/><G106/><T71/><D71/><U107/><E107/><V123/><F123/><W21/><G62/><T13/><REACH who="0" step="1"/><D83/><REACH who="0" ten="230,286,224,250" step="2"/><U97/><E128/><V133/><F80/><W120/><G120/><T49/><D49/><U67/><E43/><V17/><F133/><W119/><G119/><T111/><D111/><U6/><E6/><V117/><F118/><W79/><G79/><T98/><D98/><U55/><E97/><V51/><F37/><W22/><REACH who="3" step="1"/><G28/><REACH who="3" ten="230,286,224,240" step="2"/><T89/><D89/><U46/><E31/><V69/><F117/><W90/><G90/><T134/><D134/><U50/><E76/><V70/><F116/><W32/><G32/><T84/><D84/><AGARI ba="0,2" hai="21,22,64,65,66,72,73,74,75,77,82,84,88,93" machi="84" ten="50,8000,1" yaku="1,1,52,2,54,1,53,0" doraHai="16" doraHaiUra="42" who="3" fromWho="0" sc="230,-80,286,0,224,0,240,100" /><INIT seed="2,0,0,2,2,40" ten="150,286,224,340" oya="2" hai0="84,56,73,46,101,48,78,30,11,7,62,130,38" hai1="29,119,42,80,60,65,5,45,96,64,128,67,111" hai2="39,133,113,132,18,76,122,14,120,1,37,19,36" hai3="4,123,68,41,54,74,72,69,55,50,83,91,12"/><V107/><F113/><W79/><G123/><T33/><D130/><U51/><E119/><V126/><F107/><W23/><G72/><T90/><D101/><U58/><E111/><V63/><F1/><W129/><G129/><T77/><D38/><U3/><E29/><V0/><F0/><W44/><G91/><T112/><D73/><U108/><E108/><V134/><F76/><W115/><G115/><T85/><D85/><U104/><E128/><V28/><F28/><W109/><G109/><T114/><D114/><U13/><E3/><V116/><F116/><W35/><G35/><T124/><D124/><U17/><E5/><V106/><F106/><W118/><G118/><T52/><D30/><U88/><E104/><V57/><F126/><W93/><G93/><T89/><D33/><U8/><E96/><V110/><F110/><W71/><REACH who="3" step="1"/><G23/><REACH who="3" ten="150,286,224,330" step="2"/><T31/><D112/><U131/><E131/><V22/><REACH who="2" step="1"/><F19/><REACH who="2" ten="150,286,214,330" step="2"/><W127/><G127/><T75/><D31/><U34/><E34/><V92/><F92/><W24/><G24/><T95/><D75/><U82/><E82/><V32/><F32/><W10/><AGARI ba="0,2" hai="4,10,12,41,44,50,54,55,68,69,71,74,79,83" machi="10" ten="40,5200,0" yaku="1,1,0,1,52,1,53,0" doraHai="40" doraHaiUra="21" who="3" fromWho="3" sc="150,-13,286,-13,214,-26,330,72" /><INIT seed="3,0,0,1,2,93" ten="137,273,188,402" oya="3" hai0="50,63,45,121,132,99,82,116,131,13,40,42,43" hai1="88,68,33,26,90,61,96,41,67,84,4,118,37" hai2="16,115,108,106,66,21,89,101,48,1,62,47,123" hai3="77,103,79,24,86,12,38,14,59,55,22,81,3"/><W120/><G120/><T117/><D121/><U19/><E4/><V126/><F108/><W133/><G3/><T9/><D131/><U35/><E37/><V95/><F126/><W29/><G38/><T18/><D132/><U51/><E118/><V73/><F115/><W36/><G36/><T104/><D63/><U98/><E35/><V5/><F73/><W46/><G46/><T10/><D10/><U94/><E90/><V111/><F111/><W92/><G77/><T128/><D128/><U31/><REACH who="1" step="1"/><E19/><REACH who="1" ten="137,263,188,402" step="2"/><V34/><F34/><W127/><G127/><T91/><D117/><U130/><E130/><V20/><F5/><W76/><G76/><T87/><D116/><U112/><E112/><V85/><F1/><W74/><G133/><T0/><D0/><U75/><E75/><V107/><F123/><W60/><G74/><T109/><D109/><U57/><E57/><V7/><F7/><W80/><G79/><T54/><D42/><U135/><E135/><V27/><F16/><W8/><G59/><T39/><D39/><U6/><E6/><V134/><F89/><W129/><G129/><T71/><D71/><U2/><E2/><V28/><F134/><W25/><G29/><T102/><AGARI ba="0,1" hai="9,13,18,40,43,45,50,54,82,87,91,99,102,104" machi="102" ten="30,7900,0" yaku="0,1,25,2,52,1" doraHai="93" who="0" fromWho="0" sc="137,89,263,-20,188,-20,402,-39" /><INIT seed="4,0,0,5,0,114" ten="226,243,168,363" oya="0" hai0="14,7,118,62,135,124,82,92,45,57,102,67,129" hai1="42,31,35,17,80,54,104,44,73,119,63,133,94" hai2="12,26,29,34,103,18,38,87,33,20,61,9,126" hai3="128,37,84,122,127,48,28,100,47,113,111,22,43"/><T74/><D118/><U68/><E104/><V23/><F38/><W64/><G111/><T85/><D129/><U36/><E133/><V97/><F126/><W130/><G113/><T52/><D135/><U79/><E17/><V30/><F87/><W132/><G132/><T112/><D112/><U27/><E94/><V78/><F78/><W95/><G127/><T71/><D124/><U1/><E54/><V89/><F89/><W108/><G108/><T69/><D74/><U15/><E15/><V6/><F61/><W116/><G116/><T0/><D0/><U3/><E119/><V39/><F39/><W121/><G64/><AGARI ba="0,0" hai="1,3,27,31,35,36,42,44,63,64,68,73,79,80" machi="64" ten="40,5200,0" yaku="33,3" doraHai="114" who="1" fromWho="3" sc="226,0,243,52,168,0,363,-52" /><INIT seed="5,0,0,1,5,63" ten="226,295,168,311" oya="1" hai0="101,57,109,121,130,24,110,16,90,0,43,83,111" hai1="68,3,115,46,22,105,100,51,19,84,95,1,94" hai2="77,127,87,52,79,13,15,17,8,108,60,28,76" hai3="10,120,80,132,129,30,9,103,54,41,4,81,23"/><U67/><E105/><V104/><F127/><W40/><G120/><T21/><D130/><U124/><E124/><V71/><F108/><W125/><G125/><T61/><D0/><U59/><E68/><V96/><F28/><W38/><G129/><T39/><D101/><U48/><E115/><V44/><F104/><W99/><G132/><T73/><D121/><U20/><E20/><V133/><F96/><W74/><G54/><T7/><D7/><U47/><E3/><V5/><F133/><W86/><G74/><T18/><D43/><N who="1" m="24671" /><E84/><V31/><F31/><W26/><G38/><T88/><D39/><U106/><E1/><V107/><F107/><W89/><G81/><T117/><D117/><U49/><E49/><V78/><F71/><W116/><G116/><T2/><D2/><U134/><E106/><V126/><F126/><W112/><G112/><T50/><D50/><U64/><E134/><V123/><F123/><W14/><G10/><T37/><D37/><U98/><E59/><N who="2" m="34919" /><F44/><W113/><G113/><T11/><D11/><U82/><E82/><N who="2" m="47583" /><F15/><W131/><G131/><T35/><D35/><U56/><E56/><V65/><F65/><N who="1" m="25161" /><E98/><V36/><F36/><W102/><G99/><T29/><D73/><U114/><E114/><V93/><F93/><W75/><G75/><T55/><D83/><U58/><E58/><V34/><F34/><W25/><G26/><T27/><D27/><N who="1" m="14815" /><E100/><AGARI ba="0,0" hai="4,9,14,23,25,30,40,41,80,86,89,100,102,103" machi="100" ten="40,1300,0" yaku="8,1" doraHai="63" who="3" fromWho="1" sc="226,0,295,-13,168,0,311,13" /><INIT seed="6,0,0,2,1,5" ten="226,282,168,324" oya="2" hai0="117,85,104,47,79,31,53,29,132,67,7,70,36" hai1="76,48,57,26,110,99,40,33,1,20,52,103,73" hai2="38,16,18,41,112,61,82,88,111,130,83,92,69" hai3="128,94,39,74,134,59,58,66,71,25,96,119,105"/><V55/><F112/><W24/><G119/><T54/><D104/><U97/><E33/><V125/><F130/><W35/><G39/><T131/><D7/><U4/><E110/><V19/><F111/><W77/><G134/><T120/><D54/><U14/><E1/><V101/><F125/><W62/><G24/><T8/><D85/><U114/><E114/><V72/><F72/><W42/><G42/><T80/><D53/><U37/><E37/><V89/><F41/><W121/><G121/><T78/><D78/><U49/><E73/><V3/><F3/><W30/><G128/><T21/><D21/><U93/><E99/><N who="2" m="59623" /><F69/><W86/><G74/><T113/><D70/><U28/><E76/><V75/><F38/><W122/><G122/><T0/><D79/><U109/><E40/><V2/><F2/><W9/><G105/><T133/><D36/><U12/><E109/><V124/><F124/><W100/><G77/><T81/><D131/><U34/><E34/><V118/><F118/><W65/><G86/><T98/><D117/><U27/><E27/><V91/><F75/><W63/><G71/><T87/><D120/><U106/><E106/><V115/><F115/><W116/><G116/><T22/><D113/><U51/><E14/><V60/><F55/><W32/><G35/><T68/><D68/><U13/><E13/><V126/><F126/><W127/><G127/><T17/><D0/><U23/><E23/><V56/><F56/><W11/><AGARI ba="0,0" hai="9,11,25,30,32,58,59,62,63,65,66,94,96,100" machi="11" ten="30,7900,0" yaku="0,1,9,1,52,2" doraHai="5" who="3" fromWho="3" sc="226,-20,282,-20,168,-39,324,79" /><INIT seed="7,0,0,2,4,66" ten="206,262,129,403" oya="3" hai0="121,113,83,126,24,116,71,98,67,63,81,30,72" hai1="95,131,8,120,93,88,102,49,108,94,26,85,123" hai2="33,23,45,22,37,35,13,54,42,107,103,111,129" hai3="118,74,79,75,29,39,40,61,68,104,9,97,69"/><W64/><G118/><T19/><D19/><U27/><E108/><V62/><F111/><W38/><G69/><T47/><D47/><U21/><E131/><V100/><F129/><W125/><G125/><T135/><D83/><U53/><E8/><V73/><F73/><N who="3" m="27659" /><G79/><T82/><D82/><U12/><E12/><V134/><F134/><W122/><G122/><T0/><D113/><U46/><E27/><V70/><F23/><W7/><G29/><T99/><D0/><U119/><E119/><V44/><F35/><W96/><G96/><T48/><D99/><U34/><E34/><V56/><F33/><W59/><G59/><T133/><D48/><U52/><E53/><V4/><F107/><W87/><G87/><T3/><D3/><U36/><E36/><V6/><F6/><W86/><G86/><T115/><D98/><U89/><E102/><V110/><F110/><W58/><G58/><T5/><D5/><U43/><E43/><V80/><F80/><W124/><G40/><T15/><D116/><U25/><E25/><V32/><F32/><W101/><G124/><T112/><D126/><U84/><REACH who="1" step="1"/><E95/><REACH who="1" ten="206,252,129,403" step="2"/><V76/><F76/><W117/><G117/><T91/><D15/><U28/><AGARI ba="0,1" hai="21,26,28,46,49,52,84,85,88,89,93,94,120,123" machi="28" ten="20,12000,2" yaku="1,1,2,1,0,1,7,1,9,1,54,2,53,0" doraHai="66" doraHaiUra="105" who="1" fromWho="1" sc="206,-30,252,130,129,-30,403,-60" owari="176,-22.0,382,48.0,99,-40.0,343,14.0" /></mjloggm>