<mjloggm ver="2.3"><GO type="169" lobby="0"/><UN n0="%74%61%74%73%75%37%30%32" n1="%E7%AB%8B%E8%8F%AF%E5%A5%8F" n2="%E3%82%A6%E3%83%AB%E3%83%88%E3%83%A9%E7%AB%8B%E7%9B%B4" n3="%53%6F%6C%69%74%6F%6E" dan="17,16,18,18" rate="2206.55,2121.49,2200.36,2227.16" sx="M,F,M,M"/><TAIKYOKU oya="0"/><INIT seed="0,0,0,0,2,26" ten="250,250,250,250" oya="0" hai0="81,62,20,129,41,107,76,29,91,57,133,49,19" hai1="58,44,103,35,37,68,78,98,120,109,36,38,77" hai2="115,85,54,56,67,127,14,48,18,80,96,9,2" hai3="3,75,21,119,114,25,123,12,100,94,126,87,16"/><T59/><D107/><U95/><E109/><V60/><F127/><W61/><G119/><T4/><D129/><U10/><E68/><V34/><F115/><W17/><G114/><T6/><D133/><U40/><E120/><V63/><F34/><W69/><G3/><T88/><D76/><U117/><E117/><V32/><F32/><W11/><G75/><T97/><D91/><U135/><E135/><V22/><F2/><W101/><G126/><T50/><D59/><U15/><E35/><V66/><F96/><W39/><G39/><T124/><D124/><U65/><E37/><V84/><F9/><W131/><G131/><T31/><D50/><U86/><E38/><V42/><F42/><W13/><G123/><T121/><D121/><U79/><E86/><V125/><F125/><W52/><G69/><T102/><D102/><U110/><E110/><V90/><F84/><W0/><G0/><T82/><D82/><U105/><E105/><V93/><F80/><W7/><G87/><N who="0" m="50287" /><D97/><U43/><E43/><V64/><AGARI ba="0,0" hai="14,18,22,48,54,56,60,63,64,66,67,85,90,93" machi="64" ten="30,7900,0" yaku="0,1,25,2,8,1" doraHai="26" who="2" fromWho="2" sc="250,-39,250,-20,250,79,250,-20" /><INIT seed="1,0,0,5,4,12" ten="211,230,329,230" oya="1" hai0="79,20,11,71,73,100,119,22,62,68,23,124,104" hai1="6,129,94,72,93,37,109,86,40,58,32,60,56" hai2="126,117,42,28,9,17,10,95,51,35,111,21,113" hai3="120,80,57,38,5,31,110,25,83,16,33,27,46"/><U75/><E32/><V8/><F42/><W3/><G120/><T14/><D119/><U108/><E129/><V45/><F117/><W97/><G110/><N who="1" m="42602" /><E6/><V89/><F111/><W44/><G97/><T53/><D124/><U135/><E135/><V85/><F126/><W13/><G57/><N who="1" m="22122" /><E60/><V0/><F113/><W50/><G5/><T96/><D53/><U81/><E40/><N who="2" m="24999" /><F0/><W125/><G3/><T69/><D79/><N who="1" m="46399" /><E37/><V1/><F35/><W116/><G116/><T134/><D134/><U4/><E4/><V65/><F1/><W130/><G38/><T131/><D131/><U63/><E63/><V127/><F127/><W49/><G125/><T115/><D115/><U102/><E102/><V24/><F65/><W19/><G130/><T114/><D114/><U66/><E66/><V106/><F106/><W122/><G33/><T92/><D62/><U39/><E39/><V30/><AGARI ba="0,0" hai="8,9,10,17,21,24,28,30,85,89,95" m="24999" machi="30" ten="30,2000,0" yaku="8,1,52,1" doraHai="12" who="2" fromWho="2" sc="211,-5,230,-10,329,20,230,-5" /><INIT seed="2,0,0,4,5,33" ten="206,220,349,225" oya="2" hai0="15,60,129,106,133,107,18,19,5,90,20,117,1" hai1="70,11,51,114,40,62,30,47,63,130,41,61,122" hai2="75,34,121,94,6,73,55,123,108,10,36,25,85" hai3="71,21,127,86,52,64,31,88,57,53,72,119,118"/><V79/><F55/><W22/><G72/><T17/><D129/><U96/><E130/><V104/><F94/><W110/><G127/><T99/><D133/><U124/><E124/><V59/><F85/><W91/><G110/><T35/><D117/><U0/><E114/><V113/><F59/><W112/><G112/><T45/><D35/><U74/><E74/><V95/><F95/><W23/><G31/><T54/><D90/><U68/><E30/><N who="2" m="19791" /><F113/><W77/><G77/><T29/><D29/><U116/><E116/><V24/><F24/><W131/><G131/><T67/><D106/><U3/><E122/><V132/><F132/><W26/><G26/><T66/><D66/><U49/><E96/><V128/><F128/><W115/><G115/><T2/><D20/><U109/><E109/><V32/><F32/><W83/><G91/><T126/><D126/><U92/><E92/><V102/><F108/><W93/><G93/><T97/><D97/><U69/><E11/><V78/><F78/><W87/><G86/><T100/><D54/><U37/><E37/><V27/><F27/><W58/><G53/><T103/><D103/><U28/><E28/><V134/><F134/><W82/><G82/><T98/><D98/><U125/><E125/><V4/><F36/><W50/><REACH who="3" step="1"/><G71/><REACH who="3" ten="206,220,349,215" step="2"/><T89/><D89/><U46/><AGARI ba="0,1" hai="0,3,40,41,46,47,49,51,61,62,63,68,69,70" machi="46" ten="40,8000,1" yaku="0,1,9,1,52,2" doraHai="33" who="1" fromWho="1" sc="206,-20,220,90,349,-40,215,-20" /><INIT seed="3,0,0,5,4,11" ten="186,310,309,195" oya="3" hai0="18,104,51,53,64,25,108,65,24,44,110,63,91" hai1="86,103,22,84,134,58,124,61,113,105,131,116,122" hai2="1,7,88,17,93,99,85,83,90,70,129,101,71" hai3="62,94,28,106,14,49,60,9,95,19,16,46,56"/><W115/><G106/><T20/><D104/><U123/><E113/><V47/><F129/><W114/><G28/><T31/><D91/><U67/><E131/><V36/><F7/><W135/><G135/><T72/><D72/><U52/><E134/><V97/><F1/><W81/><G115/><T5/><D5/><U0/><E0/><V45/><F17/><W38/><G38/><T59/><REACH who="0" step="1"/><D65/><REACH who="0" ten="176,310,309,195" step="2"/><U35/><E67/><V78/><F90/><W23/><G114/><T40/><D40/><U32/><E105/><V42/><F47/><W82/><G81/><T34/><AGARI ba="0,1" hai="18,20,24,25,31,34,44,51,53,59,63,64,108,110" machi="34" ten="30,2000,0" yaku="1,1,0,1,53,0" doraHai="11" doraHaiUra="100" who="0" fromWho="0" sc="176,30,310,-5,309,-5,195,-10" /><INIT seed="4,0,0,1,0,25" ten="206,305,304,185" oya="0" hai0="75,30,63,9,15,49,110,78,66,8,129,40,67" hai1="135,29,107,59,108,54,96,114,100,101,23,85,87" hai2="90,57,93,127,69,116,12,72,3,44,36,109,58" hai3="91,111,84,51,6,99,80,56,47,13,14,50,64"/><T21/><D110/><U112/><E108/><V82/><F109/><W52/><G111/><RYUUKYOKU type="kaze4" ba="0,0" sc="206,0,305,0,304,0,185,0" /><INIT seed="4,1,0,4,1,19" ten="206,305,304,185" oya="0" hai0="10,2,124,125,67,51,24,96,35,31,48,65,129" hai1="27,132,26,74,4,111,90,7,95,72,84,34,80" hai2="43,102,107,103,6,79,110,53,123,108,63,33,29" hai3="118,128,5,119,13,93,16,45,131,98,40,97,36"/><T81/><D129/><N who="3" m="49737" /><G5/><N who="0" m="1335" /><D81/><U71/><E71/><V121/><F53/><W92/><G93/><T78/><D96/><N who="3" m="36969" /><G92/><T23/><D78/><U61/><E111/><V54/><F43/><W8/><AGARI ba="1,0" hai="8,13,16,36,40,45,118,119" m="36969,49737" machi="8" ten="30,2000,0" yaku="19,1,54,1" doraHai="19" who="3" fromWho="3" sc="206,-11,305,-6,304,-6,185,23" /><INIT seed="5,0,0,1,1,38" ten="195,299,298,208" oya="1" hai0="5,72,88,60,48,130,78,62,92,24,122,111,68" hai1="67,6,15,50,75,30,103,120,13,102,4,64,94" hai2="28,66,119,105,87,101,56,25,18,44,39,76,128" hai3="52,10,77,132,17,135,100,99,16,47,117,110,112"/><U55/><E75/><V26/><F119/><W22/><G110/><T9/><D111/><U32/><E120/><V113/><F128/><W70/><G70/><T36/><D130/><U115/><E115/><V104/><F113/><W96/><G117/><T35/><D122/><U134/><E134/><N who="3" m="51242" /><G112/><T79/><D36/><U97/><E30/><V27/><F18/><W80/><G100/><T118/><D118/><U8/><E32/><V98/><F105/><W69/><G69/><T89/><D35/><U3/><E103/><V74/><F74/><N who="3" m="43063" /><G10/><T116/><D116/><U34/><E34/><V31/><F104/><W12/><G17/><T37/><D37/><U95/><E95/><V63/><F39/><W42/><G42/><T58/><D68/><U54/><E3/><V127/><F101/><W126/><G126/><T133/><D133/><U73/><E73/><V82/><F127/><W14/><G14/><N who="0" m="5423" /><D24/><U21/><E54/><V19/><F27/><W124/><G124/><T0/><D0/><U43/><E43/><V93/><F26/><W57/><G47/><T2/><D2/><U7/><E7/><V131/><F44/><W53/><G53/><N who="0" m="32039" /><D72/><U65/><E4/><V41/><F131/><W29/><G29/><T1/><D1/><U61/><E61/><AGARI ba="0,0" hai="12,16,22,52,57,61,96,99" m="43063,51242" machi="61" ten="30,3900,0" yaku="20,1,54,2" doraHai="38" who="3" fromWho="1" sc="195,0,299,-39,298,0,208,39" /><INIT seed="6,0,0,3,4,10" ten="195,260,298,247" oya="2" hai0="52,77,107,133,62,92,32,116,66,127,125,1,69" hai1="47,113,20,132,71,90,86,75,35,4,5,34,3" hai2="81,24,61,78,80,96,0,31,38,39,130,37,63" hai3="22,46,128,104,51,44,41,40,48,135,14,131,82"/><V83/><F0/><W89/><G104/><T28/><D1/><U26/><E75/><V36/><F36/><W121/><G121/><T129/><D77/><U109/><E109/><V2/><F2/><W118/><G118/><T56/><D107/><U110/><E110/><V70/><F130/><W126/><G135/><T108/><D108/><U42/><E132/><V21/><F70/><W79/><G89/><T85/><D133/><U12/><E71/><V43/><F43/><W73/><REACH who="3" step="1"/><G126/><REACH who="3" ten="195,260,298,237" step="2"/><N who="0" m="48139" /><D116/><U84/><E90/><V53/><F78/><W57/><G57/><T45/><D129/><U94/><E47/><V111/><F111/><W16/><AGARI ba="0,1" hai="14,16,22,40,41,44,46,48,51,73,79,82,128,131" machi="16" ten="30,8000,1" yaku="1,1,0,1,9,1,52,1,54,1,53,0" doraHai="10" doraHaiUra="64" who="3" fromWho="3" sc="195,-20,260,-20,298,-40,237,90" /><INIT seed="7,0,0,2,1,133" ten="175,240,258,327" oya="3" hai0="35,98,40,111,97,49,58,50,17,61,120,34,114" hai1="103,76,87,86,20,127,54,19,13,118,29,37,125" hai2="122,63,73,112,129,26,65,72,25,42,51,107,36" hai3="67,134,45,30,128,130,60,113,44,5,78,66,47"/><W10/><G134/><T1/><D120/><U124/><E118/><V53/><F107/><W123/><G123/><T83/><D111/><U70/><E37/><V43/><F43/><W110/><G113/><T52/><D114/><U80/><E70/><V41/><F41/><W16/><G110/><T55/><D1/><U99/><E29/><V89/><F89/><W33/><G16/><T71/><D40/><U8/><E54/><V117/><F129/><N who="3" m="49771" /><G78/><T62/><D17/><U75/><E8/><V105/><F25/><N who="3" m="18639" /><G60/><T106/><D83/><U82/><E82/><V132/><F26/><W56/><G56/><T84/><D84/><U14/><E14/><AGARI ba="0,0" hai="5,10,14,44,45,47,66,67" m="18639,49771" machi="14" ten="30,1500,0" yaku="19,1" doraHai="133" who="3" fromWho="1" sc="175,0,240,-15,258,0,327,15" owari="175,-32.0,225,-17.0,258,6.0,342,43.0" /></mjloggm>