<mjloggm ver="2.3"><GO type="169" lobby="0"/><UN n0="%E5%AF%A1%E4%BA%BA" n1="%E3%83%88%E3%83%88%E3%83%AA%E5%85%88%E7%94%9F%31%39%E6%AD%B3" n2="%E5%92%B2%E7%95%91%E6%A2%A8%E6%B7%B1" n3="%E7%99%BD%E9%B9%BF%E6%84%9B%E8%8E%89" dan="16,18,16,18" rate="2067.23,2272.96,2169.25,2204.62" sx="M,F,F,F"/><TAIKYOKU oya="0"/><INIT seed="0,0,0,3,4,133" ten="250,250,250,250" oya="0" hai0="88,41,102,3,135,59,45,73,26,38,90,22,13" hai1="51,89,105,87,94,16,14,0,66,5,104,108,8" hai2="126,32,83,98,72,48,71,18,86,84,54,92,21" hai3="60,55,91,47,31,97,39,67,36,101,70,12,110"/><T77/><D135/><U130/><E130/><V62/><F32/><W100/><G110/><T20/><D102/><U58/><E108/><V74/><F126/><W115/><G115/><T34/><D34/><U40/><E40/><V9/><F9/><W127/><G101/><T30/><D3/><U106/><E66/><V112/><F62/><W117/><G117/><T50/><D73/><U116/><E116/><V96/><F71/><W79/><G79/><T80/><D38/><U113/><E113/><V53/><F53/><W33/><G91/><T7/><D59/><U19/><REACH who="1" step="1"/><E0/><REACH who="1" ten="250,240,250,250" step="2"/><V109/><F112/><W61/><G67/><T49/><D41/><U56/><E56/><V2/><F2/><W6/><G70/><T42/><D42/><U122/><E122/><V82/><F109/><W64/><G64/><T85/><D45/><U107/><N who="1" m="26624" /><DORA hai="65" /><U69/><E69/><V29/><F54/><AGARI ba="0,1" hai="5,8,14,16,19,51,54,58,87,89,94" m="26624" machi="54" ten="70,4500,0" yaku="1,1,54,1,53,0" doraHai="133,65" doraHaiUra="120,132" who="1" fromWho="2" sc="250,0,240,55,250,-45,250,0" /><INIT seed="1,0,0,0,0,110" ten="250,295,205,250" oya="1" hai0="59,64,108,35,97,36,34,76,60,134,105,46,2" hai1="12,54,50,44,85,53,20,28,83,115,47,119,21" hai2="135,48,73,71,126,91,15,120,38,27,31,129,30" hai3="56,96,5,6,87,25,3,122,109,102,104,77,49"/><U114/><E119/><V58/><F71/><W78/><G122/><T123/><D2/><U111/><E111/><V103/><F120/><W113/><G109/><T133/><D123/><U66/><E66/><V79/><F38/><W26/><G113/><T95/><D105/><U106/><E106/><V100/><F31/><W132/><G132/><N who="0" m="50795" /><D108/><U24/><E20/><V18/><F91/><W74/><G74/><T7/><D7/><U121/><E12/><V57/><F79/><W128/><G128/><T70/><D76/><U29/><E29/><V94/><F73/><W11/><G5/><T41/><D70/><U52/><E121/><V17/><F30/><W33/><G33/><T43/><D43/><U9/><E9/><V88/><F129/><W13/><G78/><T112/><D112/><U90/><E53/><N who="2" m="31911" /><F58/><W116/><G3/><T45/><D45/><U118/><E118/><V63/><F63/><W127/><G116/><T81/><D81/><U23/><E23/><N who="2" m="13815" /><F135/><W19/><G56/><T1/><D1/><U82/><E82/><V98/><F126/><W16/><G127/><T65/><D65/><U4/><E4/><V84/><F98/><W14/><G96/><T69/><D69/><U92/><E83/><V125/><F125/><W68/><G68/><T37/><D37/><U101/><E101/><AGARI ba="0,0" hai="34,35,36,41,46,59,60,64,95,97,101" m="50795" machi="101" ten="30,1000,0" yaku="20,1" doraHai="110" who="0" fromWho="1" sc="250,10,295,-10,205,0,250,0" /><INIT seed="2,0,0,2,1,108" ten="260,285,205,250" oya="2" hai0="122,115,44,94,96,11,89,127,62,91,33,29,87" hai1="16,13,6,3,80,55,1,113,75,66,5,84,100" hai2="118,51,68,69,133,71,53,46,74,88,109,42,81" hai3="24,107,45,50,130,37,85,83,20,135,125,25,48"/><V67/><F118/><W114/><G107/><T8/><D122/><U97/><E75/><V26/><F109/><W112/><G135/><T9/><D127/><U98/><E113/><N who="3" m="43626" /><G125/><T101/><D115/><U64/><E55/><V103/><F103/><W23/><G130/><T93/><D33/><U73/><E73/><V61/><F133/><W10/><G37/><T30/><D44/><U2/><E6/><V34/><F74/><W17/><G10/><T12/><D12/><U38/><E5/><V95/><F81/><W59/><G59/><T92/><REACH who="0" step="1"/><D62/><REACH who="0" ten="250,285,205,250" step="2"/><U47/><E47/><V31/><REACH who="2" step="1"/><F42/><REACH who="2" ten="250,285,195,250" step="2"/><W28/><G45/><T105/><D105/><U116/><E116/><V123/><F123/><W126/><G126/><T7/><D7/><U111/><E111/><V134/><F134/><W15/><G24/><T60/><D60/><U14/><E1/><V57/><F57/><W110/><G110/><T41/><D41/><U78/><E2/><V63/><F63/><W22/><G22/><T132/><D132/><U99/><E3/><V52/><F52/><W121/><G121/><T18/><D18/><U70/><E16/><V79/><F79/><AGARI ba="0,2" hai="15,17,20,23,25,28,48,50,79,83,85" m="43626" machi="79" ten="30,7700,0" yaku="11,1,52,3" doraHai="108" who="3" fromWho="2" sc="250,0,285,0,195,-77,250,97" /><INIT seed="3,0,0,2,5,84" ten="250,285,118,347" oya="3" hai0="51,49,12,61,28,50,107,5,2,134,90,92,63" hai1="126,14,0,21,31,10,74,119,128,48,70,125,102" hai2="57,133,44,118,124,11,112,16,103,109,116,8,41" hai3="95,87,40,120,35,104,26,94,6,100,18,29,88"/><W73/><G120/><T36/><D36/><U99/><E70/><V66/><F112/><W72/><G104/><T43/><D2/><U45/><E74/><V24/><F109/><W106/><G106/><T123/><D123/><U3/><E128/><V77/><F124/><N who="1" m="47721" /><E21/><V79/><F103/><W78/><G78/><T85/><D134/><U81/><E81/><V98/><F98/><W47/><G6/><T60/><D107/><N who="1" m="63967" /><E31/><V93/><F133/><W132/><G132/><T89/><D28/><U13/><E13/><V33/><F93/><W97/><REACH who="3" step="1"/><G18/><REACH who="3" ten="250,285,118,337" step="2"/><T101/><D5/><N who="1" m="3407" /><E119/><V62/><F116/><W115/><G115/><T71/><D71/><U59/><E59/><V127/><F118/><W58/><G58/><T111/><D111/><U69/><E69/><V23/><F127/><W19/><G19/><T122/><D122/><U75/><E75/><V38/><F77/><W53/><G53/><AGARI ba="0,1" hai="0,3,45,48,53" m="3407,63967,47721" machi="53" ten="30,1000,0" yaku="18,1" doraHai="84" who="1" fromWho="3" sc="250,0,285,20,118,0,337,-10" /><INIT seed="4,0,0,0,3,109" ten="250,305,118,327" oya="0" hai0="78,87,99,107,4,106,111,32,104,70,44,96,76" hai1="100,51,68,84,95,7,120,83,58,112,89,53,20" hai2="22,108,34,21,66,49,30,92,50,13,77,102,35" hai3="48,29,39,31,135,46,118,130,14,65,132,110,131"/><T127/><D70/><U75/><E120/><V23/><F108/><W18/><G39/><T62/><D32/><U69/><E7/><V93/><F77/><N who="0" m="29802" /><D62/><U19/><E75/><V117/><F117/><W90/><G110/><T133/><D4/><U56/><E112/><V72/><F72/><W27/><G65/><T88/><D44/><U128/><E128/><N who="3" m="49194" /><G118/><T55/><D55/><U115/><E115/><V63/><F13/><W36/><G36/><T54/><D54/><U81/><E58/><V124/><F124/><W94/><G27/><T101/><D111/><U134/><E134/><N who="3" m="51242" /><G48/><T5/><D5/><U116/><E116/><V113/><F113/><W57/><G57/><T43/><D43/><U25/><E100/><V17/><F102/><W123/><G46/><T114/><D114/><U61/><E68/><V33/><F63/><W119/><G119/><T59/><D59/><N who="1" m="33215" /><E69/><V98/><F66/><AGARI ba="0,0" hai="19,20,25,56,61,66,81,83,84,89,95" m="33215" machi="66" ten="30,1000,0" yaku="8,1" doraHai="109" who="1" fromWho="2" sc="250,0,305,10,118,-10,327,0" /><INIT seed="5,0,0,0,5,43" ten="250,315,108,327" oya="1" hai0="110,23,22,66,52,89,1,21,6,82,68,99,56" hai1="122,53,94,123,18,17,125,93,31,42,84,70,107" hai2="8,80,117,40,108,128,34,131,14,3,111,88,37" hai3="104,57,127,98,130,86,44,115,19,76,59,74,29"/><U69/><E107/><V65/><F34/><W46/><G74/><T10/><D110/><U50/><E42/><V77/><F65/><W28/><G115/><T51/><D68/><U106/><E106/><V116/><F3/><W32/><G32/><T114/><D66/><U33/><E33/><V78/><F14/><W72/><G72/><T5/><D5/><U102/><E31/><N who="3" m="11850" /><G104/><T35/><D35/><U90/><E125/><V26/><F26/><W133/><G133/><T120/><D120/><U85/><E50/><V24/><F24/><W30/><N who="3" m="11858" /><W11/><DORA hai="55" /><G130/><N who="2" m="49705" /><F8/><W135/><G98/><T27/><D114/><U20/><E53/><V101/><F101/><W64/><G64/><T49/><D49/><U16/><E20/><V48/><F37/><W118/><G127/><T121/><D121/><U15/><E15/><V71/><F71/><W132/><G118/><N who="2" m="45673" /><F48/><W112/><G112/><T75/><D75/><U7/><E102/><V81/><F40/><W67/><G67/><T45/><D27/><U79/><E69/><V134/><F134/><N who="3" m="51243" /><G19/><T61/><D61/><U105/><E70/><V63/><F63/><W126/><G126/><T13/><D1/><U60/><E60/><V129/><N who="2" m="49713" /><V39/><DORA hai="9" /><F39/><W4/><G11/><T41/><D41/><U36/><E36/><V92/><F108/><W95/><G4/><T124/><D124/><U58/><E7/><V119/><N who="2" m="45681" /><V62/><DORA hai="109" /><F111/><W100/><G44/><T25/><D25/><U96/><E122/><V54/><F62/><W91/><G46/><T47/><D99/><RYUUKYOKU ba="0,0" sc="250,30,315,-10,108,-10,327,-10" hai0="6,10,13,21,22,23,45,47,51,52,56,82,89" /><INIT seed="6,1,0,2,0,115" ten="280,305,98,317" oya="2" hai0="14,79,17,19,80,50,29,73,109,103,30,49,69" hai1="122,28,20,31,105,39,119,60,110,129,131,120,1" hai2="75,21,81,89,10,15,38,91,16,97,107,125,92" hai3="58,88,67,87,64,106,111,36,63,65,40,96,101"/><V98/><F38/><W42/><G111/><T52/><D109/><U24/><E110/><V108/><F108/><W134/><G134/><T6/><D69/><U113/><E39/><V77/><F125/><W128/><G128/><N who="1" m="49226" /><E105/><V13/><F107/><W126/><G126/><T130/><D130/><U55/><E113/><V18/><REACH who="2" step="1"/><F98/><REACH who="2" ten="280,305,88,317" step="2"/><W27/><G36/><T84/><D30/><U34/><E31/><V35/><F35/><W86/><G96/><T114/><D29/><U54/><E34/><V124/><F124/><W41/><G106/><T57/><D114/><U90/><E28/><V46/><F46/><W5/><G101/><AGARI ba="1,1" hai="10,13,15,16,18,21,75,77,81,89,91,92,97,101" machi="101" ten="30,5800,0" yaku="1,1,7,1,54,1,53,0" doraHai="115" doraHaiUra="59" who="2" fromWho="3" sc="280,0,305,0,88,71,317,-61" /><INIT seed="6,2,0,2,4,135" ten="280,305,159,256" oya="2" hai0="68,104,129,39,16,115,80,124,14,37,126,62,116" hai1="114,17,122,0,50,1,5,102,98,108,75,56,51" hai2="112,76,63,4,31,42,132,52,79,41,90,57,34" hai3="2,82,91,55,117,73,89,103,53,36,21,60,9"/><V74/><F132/><W127/><G117/><T26/><D104/><U72/><E108/><V46/><F112/><W48/><G36/><T119/><D129/><U111/><E111/><V12/><F42/><W61/><G103/><T109/><D115/><U77/><E114/><V81/><F79/><W134/><G134/><T118/><D109/><U94/><E122/><V131/><F131/><W24/><G73/><T93/><D26/><U11/><E0/><V107/><F107/><W44/><G127/><N who="0" m="48683" /><D93/><U97/><E77/><V120/><F120/><W84/><G2/><T67/><D80/><U29/><E29/><V25/><F90/><N who="3" m="51479" /><G9/><AGARI ba="2,0" hai="9,14,16,37,39,62,67,68,116,118,119" m="48683" machi="9" ten="40,12000,2" yaku="12,1,18,1,52,3,54,1" doraHai="135" who="0" fromWho="3" sc="280,126,305,0,159,0,256,-126" /><INIT seed="7,0,0,2,3,75" ten="406,305,159,130" oya="3" hai0="115,117,92,72,43,66,21,113,55,51,134,26,127" hai1="44,132,41,80,90,13,62,20,22,118,24,64,105" hai2="79,88,40,58,19,89,69,67,74,45,71,60,112" hai3="84,28,36,57,56,97,47,38,17,95,9,31,5"/><W126/><G126/><T129/><D72/><U120/><E105/><V32/><F32/><W37/><G17/><T7/><D43/><U76/><E118/><V110/><F110/><W48/><G84/><T111/><D111/><U54/><E120/><V94/><F112/><W53/><G28/><T91/><D117/><U46/><E132/><V61/><F89/><W10/><G31/><T128/><D66/><U109/><E109/><V11/><F61/><W133/><G133/><T23/><D7/><U130/><E130/><N who="0" m="50281" /><D23/><U15/><E90/><V42/><F42/><W135/><G135/><T35/><D35/><U87/><E54/><V124/><F124/><W104/><G104/><T63/><D63/><U2/><E2/><V86/><F11/><W1/><REACH who="3" step="1"/><G9/><REACH who="3" ten="406,305,159,120" step="2"/><T30/><D127/><U18/><E22/><V102/><F19/><W103/><AGARI ba="0,1" hai="1,5,10,36,37,38,47,48,53,56,57,95,97,103" machi="103" ten="30,18000,2" yaku="1,1,2,1,0,1,53,3" doraHai="75" doraHaiUra="68" who="3" fromWho="3" sc="406,-60,305,-60,159,-60,120,190" /><INIT seed="7,1,0,5,3,101" ten="346,245,99,310" oya="3" hai0="87,2,12,89,14,53,135,112,32,55,8,94,7" hai1="70,25,99,100,61,42,4,37,114,39,98,73,80" hai2="119,50,22,76,47,115,71,5,45,27,31,131,109" hai3="24,123,23,126,84,97,75,132,90,40,34,85,74"/><W52/><G123/><T81/><D32/><U66/><E99/><V83/><F71/><W65/><G34/><T96/><D135/><U118/><E114/><V13/><F109/><W28/><G132/><T58/><D112/><U129/><E129/><V69/><F69/><W111/><G111/><T41/><D41/><U49/><E118/><V79/><F119/><W67/><G126/><T51/><D55/><U56/><E4/><V35/><F131/><W26/><G40/><T86/><D86/><N who="3" m="33385" /><G75/><T63/><D51/><U19/><E19/><V124/><F115/><W54/><G26/><T68/><D68/><U91/><E91/><AGARI ba="1,0" hai="2,7,8,12,14,53,58,63,81,87,89,91,94,96" machi="91" ten="30,1000,0" yaku="7,1" doraHai="101" who="0" fromWho="1" sc="346,13,245,-13,99,0,310,0" owari="359,46.0,232,-17.0,99,-40.0,310,11.0" /></mjloggm>