<mjloggm ver="2.3"><GO type="169" lobby="0"/><UN n0="%E7%83%8F%E8%B3%8A%E4%B9%8B%E8%BC%94" n1="%E3%83%B3%E3%83%A2" n2="%E3%82%A6%E3%83%AB%E3%83%88%E3%83%A9%E7%AB%8B%E7%9B%B4" n3="%E9%9B%80%E8%8D%98%E4%B8%AD%E5%B7%9D" dan="16,17,18,16" rate="2162.08,2164.41,2263.33,2085.12" sx="M,M,M,M"/><TAIKYOKU oya="0"/><INIT seed="0,0,0,5,0,121" ten="250,250,250,250" oya="0" hai0="44,12,133,89,58,85,72,23,2,50,66,3,20" hai1="68,70,15,113,108,101,41,9,27,16,28,131,46" hai2="130,35,60,78,5,71,83,75,84,118,82,47,92" hai3="21,132,77,110,117,79,43,105,0,99,10,112,127"/><T1/><D72/><U109/><E131/><V11/><F35/><W67/><G112/><T80/><D133/><U48/><E101/><V45/><F118/><W51/><G117/><T25/><D12/><U122/><E122/><V74/><F130/><W30/><G67/><T124/><D124/><U53/><E41/><V93/><F71/><W126/><G132/><T36/><D36/><U106/><E106/><V129/><F129/><W55/><G43/><T94/><D66/><U69/><REACH who="1" step="1"/><E113/><REACH who="1" ten="250,240,250,250" step="2"/><V56/><F75/><W116/><G105/><T87/><D58/><U81/><E81/><V96/><F83/><W103/><G116/><T34/><D80/><U98/><E98/><V24/><F74/><W97/><G99/><T38/><D85/><U26/><E26/><V123/><F24/><W6/><G97/><T42/><D38/><U86/><E86/><V39/><F39/><W104/><G103/><T114/><D114/><U63/><E63/><V37/><F37/><W88/><G104/><T14/><D34/><AGARI ba="0,1" hai="9,15,16,27,28,34,46,48,53,68,69,70,108,109" machi="34" ten="40,8000,1" yaku="1,1,52,2,54,1,53,0" doraHai="121" doraHaiUra="111" who="1" fromWho="0" sc="250,-80,240,90,250,0,250,0" /><INIT seed="1,0,0,3,4,134" ten="170,330,250,250" oya="1" hai0="37,64,38,105,2,55,100,121,96,133,107,79,45" hai1="61,104,3,28,10,91,130,54,62,17,70,12,122" hai2="11,135,7,120,109,108,35,95,124,81,52,56,131" hai3="57,44,9,0,5,114,18,106,90,22,76,123,68"/><U8/><E122/><V19/><F120/><W82/><G114/><T85/><D2/><U75/><E75/><V94/><F35/><W102/><G123/><T16/><D121/><U119/><E119/><V78/><F19/><W132/><G132/><T39/><D133/><U51/><E104/><V69/><F69/><W71/><G90/><T73/><D73/><U32/><E130/><V31/><F31/><W13/><G44/><T25/><D64/><U29/><E32/><V98/><F131/><W24/><G57/><T86/><D107/><U101/><E101/><V59/><F59/><W125/><G125/><T41/><D55/><U23/><E91/><V118/><F124/><W112/><G112/><T30/><D30/><N who="1" m="11883" /><E3/><N who="2" m="511" /><F98/><W72/><REACH who="3" step="1"/><G0/><REACH who="3" ten="170,330,250,240" step="2"/><T84/><REACH who="0" step="1"/><D79/><REACH who="0" ten="160,330,250,240" step="2"/><U99/><E70/><V53/><F135/><W42/><G42/><T46/><D46/><N who="1" m="28023" /><E99/><AGARI ba="0,2" hai="5,9,13,18,22,24,68,71,72,76,82,99,102,106" machi="99" ten="40,2600,0" yaku="1,1,53,1" doraHai="134" doraHaiUra="14" who="3" fromWho="1" sc="160,0,330,-26,250,0,240,46" /><INIT seed="2,0,0,5,3,122" ten="160,304,250,286" oya="2" hai0="40,26,116,124,70,13,23,117,41,96,46,0,35" hai1="76,71,47,81,94,78,133,61,9,28,130,90,58" hai2="123,125,83,64,14,52,134,48,62,79,18,2,27" hai3="34,8,97,113,82,59,33,45,60,111,74,98,44"/><V93/><F2/><W39/><G113/><T110/><D70/><U50/><E71/><V126/><F123/><W5/><G111/><T31/><D96/><U99/><E130/><V86/><F27/><W6/><G74/><T72/><D72/><U84/><E133/><V73/><F134/><W43/><G82/><T37/><D41/><N who="1" m="24943" /><E28/><V127/><F93/><W24/><G45/><T38/><D38/><U51/><E51/><V55/><F48/><W30/><G34/><T68/><D68/><U109/><E9/><N who="2" m="6479" /><F73/><W16/><G6/><T108/><D0/><U118/><E118/><N who="0" m="45673" /><D124/><U20/><E20/><V53/><F64/><W19/><G98/><T15/><D35/><U80/><E109/><AGARI ba="0,0" hai="13,15,23,26,31,37,40,46,108,109,110" m="45673" machi="109" ten="30,8000,1" yaku="14,1,12,1,52,3" doraHai="122" who="0" fromWho="1" sc="160,80,304,-80,250,0,286,0" /><INIT seed="3,0,0,5,5,88" ten="240,224,250,286" oya="3" hai0="115,113,125,104,107,78,116,105,20,72,4,22,48" hai1="59,79,117,66,73,64,95,17,50,81,9,87,26" hai2="37,134,74,110,15,33,60,41,42,82,25,19,16" hai3="93,131,5,135,44,30,32,11,84,3,29,61,127"/><W102/><G131/><T106/><D116/><U100/><E117/><V67/><F110/><W43/><G135/><T96/><D125/><U34/><E34/><V10/><F37/><W23/><G127/><T97/><D4/><U35/><E35/><V75/><F134/><W109/><G109/><T12/><D12/><N who="1" m="7311" /><E73/><V46/><F82/><W83/><G32/><T36/><D36/><U2/><E2/><V40/><F46/><W89/><G61/><T14/><D14/><U49/><E26/><V8/><F10/><W77/><G102/><N who="0" m="62535" /><D48/><N who="1" m="18539" /><E59/><V45/><F45/><W122/><G122/><T69/><D20/><U126/><E126/><V54/><F54/><W57/><G57/><T62/><D22/><U27/><E27/><V47/><F47/><W6/><G23/><T128/><D128/><U0/><E0/><V119/><F19/><W111/><G6/><T55/><D55/><U70/><E70/><V118/><F118/><W56/><G56/><T31/><D31/><U58/><E58/><V80/><F119/><W86/><REACH who="3" step="1"/><G111/><REACH who="3" ten="240,224,250,276" step="2"/><T68/><D62/><U71/><E71/><V21/><F33/><W124/><G124/><T90/><D68/><U38/><E38/><AGARI ba="0,1" hai="3,5,11,29,30,38,43,44,77,83,84,86,89,93" machi="38" ten="30,11600,0" yaku="1,1,7,1,52,1,53,1" doraHai="88" doraHaiUra="91" who="3" fromWho="1" sc="240,0,224,-116,250,0,276,126" /><INIT seed="3,1,0,0,5,131" ten="240,108,250,402" oya="3" hai0="71,34,130,57,125,41,65,31,113,80,26,104,48" hai1="36,63,52,39,23,11,97,96,27,25,116,95,112" hai2="33,123,37,135,50,13,29,60,111,78,72,18,124" hai3="102,99,98,35,107,89,129,134,106,14,76,127,118"/><W115/><G35/><T87/><D130/><U85/><E112/><V42/><F37/><W88/><G14/><T133/><D113/><U132/><E116/><V19/><F72/><W117/><G115/><T64/><D104/><U92/><E132/><V110/><F78/><W56/><G56/><T128/><D128/><U67/><E11/><V17/><F60/><W0/><G0/><T58/><D133/><U28/><E85/><V108/><F135/><W70/><G70/><T20/><D125/><U62/><E23/><V7/><F50/><W84/><G134/><T21/><D71/><U69/><E28/><V91/><F91/><N who="3" m="34891" /><G129/><T15/><D41/><U68/><REACH who="1" step="1"/><E52/><REACH who="1" ten="240,98,250,402" step="2"/><V120/><F124/><W54/><G54/><N who="0" m="31943" /><D21/><U59/><E59/><V22/><F42/><W43/><G43/><T30/><D58/><U94/><E94/><V55/><F55/><W4/><G127/><T73/><D31/><U82/><E82/><V61/><F61/><W40/><G40/><T74/><D65/><AGARI ba="1,1" hai="25,27,36,39,62,63,65,67,68,69,92,95,96,97" machi="65" ten="25,3200,0" yaku="1,1,22,2,53,0" doraHai="131" doraHaiUra="2" who="1" fromWho="0" sc="240,-35,98,45,250,0,402,0" /><INIT seed="4,0,0,4,1,59" ten="205,143,250,402" oya="0" hai0="109,117,19,28,106,127,133,21,55,12,83,131,76" hai1="123,67,79,34,108,60,87,30,29,18,8,124,42" hai2="74,130,97,99,61,6,0,114,46,98,35,89,85" hai3="1,115,15,121,101,20,96,62,92,38,31,54,10"/><T56/><D117/><U39/><E123/><V22/><F35/><W107/><G38/><T118/><D118/><U3/><E108/><V43/><F74/><W91/><G1/><T72/><D109/><U100/><E124/><V16/><F114/><W122/><G115/><T102/><D127/><U71/><E100/><V113/><F113/><W65/><G54/><T78/><D78/><U66/><E66/><V48/><F130/><W44/><G44/><T17/><D131/><U129/><E129/><V103/><F6/><W134/><G134/><T73/><D133/><U80/><E34/><V2/><F103/><W32/><G32/><T112/><D112/><U33/><E33/><V104/><F104/><W53/><G53/><T93/><D106/><U128/><E128/><V26/><REACH who="2" step="1"/><F61/><REACH who="2" ten="205,143,240,402" step="2"/><W126/><G126/><T63/><D73/><U69/><E60/><V82/><AGARI ba="0,1" hai="0,2,16,22,26,43,46,48,82,85,89,97,98,99" machi="82" ten="30,7900,0" yaku="1,1,2,1,0,1,54,1,53,0" doraHai="59" doraHaiUra="27" who="2" fromWho="2" sc="205,-39,143,-20,240,89,402,-20" /><INIT seed="5,0,0,3,4,135" ten="166,123,329,382" oya="1" hai0="35,29,48,49,78,19,70,127,73,121,126,98,122" hai1="26,75,131,21,72,115,92,91,38,15,9,119,46" hai2="62,79,105,51,125,110,27,99,69,111,50,93,103" hai3="63,128,132,101,84,0,54,113,117,129,104,12,37"/><U64/><E119/><V16/><F79/><W130/><G0/><T71/><D98/><U86/><E115/><V96/><F125/><N who="0" m="47626" /><D35/><U56/><E131/><V22/><F51/><N who="0" m="19530" /><D29/><U20/><E20/><V53/><F69/><N who="0" m="26122" /><D19/><U3/><E3/><V112/><F112/><W52/><G113/><T17/><D17/><U24/><E24/><V40/><F40/><W83/><G104/><T80/><AGARI ba="0,0" hai="73,78,80,121,122" m="26122,19530,47626" machi="80" ten="40,8000,1" yaku="18,1,52,3" doraHai="135" who="0" fromWho="0" sc="166,80,123,-40,329,-20,382,-20" /><INIT seed="6,0,0,1,5,62" ten="246,83,309,362" oya="2" hai0="90,11,99,31,81,13,76,6,38,69,32,25,88" hai1="68,131,49,20,70,74,9,58,98,105,12,51,96" hai2="133,107,89,41,71,126,60,23,45,42,114,33,87" hai3="8,35,67,7,52,100,1,44,97,24,80,61,84"/><V93/><F33/><W73/><BYE who="1" /><G73/><T112/><D112/><U118/><E118/><V124/><F107/><W109/><G109/><T2/><D69/><U14/><E14/><V28/><F133/><W53/><G44/><T17/><D38/><U103/><E103/><V36/><F42/><W102/><G35/><T48/><D48/><U135/><E135/><V37/><F37/><W120/><G24/><T79/><D99/><U121/><E121/><V39/><F39/><W113/><G113/><T119/><D119/><U16/><E16/><V3/><F3/><W0/><G0/><T21/><REACH who="0" step="1"/><D76/><REACH who="0" ten="236,83,309,362" step="2"/><U15/><E15/><V27/><REACH who="2" step="1"/><F114/><REACH who="2" ten="236,83,299,362" step="2"/><W86/><G1/><T134/><D134/><U4/><E4/><V50/><F50/><W91/><G7/><T75/><AGARI ba="0,2" hai="2,6,11,13,17,21,25,31,32,75,79,81,88,90" machi="75" ten="20,12000,2" yaku="1,1,0,1,7,1,24,2,54,1,53,0" doraHai="62" doraHaiUra="127" who="0" fromWho="0" sc="236,140,83,-30,299,-60,362,-30" /><INIT seed="7,0,0,1,3,106" ten="376,53,239,332" oya="3" hai0="119,73,128,32,126,56,131,63,115,120,5,125,50" hai1="86,29,68,103,116,93,127,124,111,60,49,94,95" hai2="1,92,26,61,36,15,59,72,22,77,45,18,130" hai3="67,79,66,13,76,69,99,48,118,83,87,80,75"/><W40/><G118/><T98/><D119/><U85/><E85/><V62/><F1/><W37/><G37/><T108/><D108/><U81/><E81/><V51/><F130/><N who="0" m="49706" /><D120/><U113/><E113/><V65/><F36/><W135/><G135/><T33/><D115/><U30/><E30/><V35/><F35/><N who="0" m="13386" /><D73/><U54/><E54/><V19/><F72/><W121/><G121/><T11/><D50/><U42/><E42/><V14/><F77/><W105/><G69/><T38/><D98/><U78/><E78/><V129/><F129/><W117/><G117/><T102/><D102/><U17/><E17/><V8/><F92/><W112/><G112/><T34/><D34/><U12/><E12/><V134/><F134/><W25/><G13/><N who="0" m="5359" /><D38/><U70/><E70/><V28/><F62/><W27/><G27/><T0/><D0/><U97/><E97/><V7/><REACH who="2" step="1"/><F15/><REACH who="2" ten="376,53,229,332" step="2"/><W71/><G75/><T24/><D63/><U3/><E3/><V47/><F47/><W52/><G79/><T82/><D126/><U101/><E101/><V88/><F88/><W23/><G76/><T133/><D125/><U6/><E6/><V90/><F90/><W10/><G80/><T44/><D82/><U110/><E110/><V53/><AGARI ba="0,1" hai="7,8,14,18,19,22,26,28,45,51,53,59,61,65" machi="53" ten="20,8000,1" yaku="1,1,0,1,7,1,8,1,53,1" doraHai="106" doraHaiUra="46" who="2" fromWho="2" sc="376,-20,53,-20,229,90,332,-40" owari="356,46.0,33,-47.0,319,12.0,292,-11.0" /></mjloggm>