<mjloggm ver="2.3"><GO type="169" lobby="0"/><UN n0="%40%75" n1="%4D%72%2E%6E%69%6B%75%39" n2="%E5%B0%B1%E6%B4%BB%E7%94%9F%40%E5%B7%9D%E6%9D%91%E8%BB%8D%E5%9B%A3" n3="%E3%82%B3%E3%83%BC%E3%83%A9%E4%B8%8B%E3%81%95%E3%81%84" dan="16,18,18,19" rate="2164.19,2216.63,2268.12,2346.13" sx="F,M,M,M"/><TAIKYOKU oya="0"/><INIT seed="0,0,0,1,1,14" ten="250,250,250,250" oya="0" hai0="96,37,4,62,131,23,80,114,120,105,84,91,112" hai1="118,89,94,44,46,30,58,52,17,57,48,67,53" hai2="102,0,56,119,41,124,113,86,20,72,111,60,45" hai3="34,99,133,100,93,116,104,68,128,110,107,71,92"/><T39/><D131/><U59/><E118/><V5/><F72/><W88/><G34/><T43/><D120/><U103/><E30/><V64/><F113/><W122/><G68/><T26/><D4/><U127/><E127/><V123/><F111/><W121/><G71/><T87/><D62/><N who="1" m="38367" /><E103/><V13/><F124/><W109/><G116/><T49/><D39/><U101/><E101/><V8/><F102/><W73/><G73/><T77/><D37/><U129/><E129/><V83/><F123/><N who="3" m="47115" /><G133/><T11/><D11/><U63/><E17/><V12/><F20/><W19/><G19/><T126/><D126/><U55/><E94/><V69/><F69/><W18/><G18/><T28/><D105/><N who="3" m="40521" /><G128/><T33/><D33/><U66/><E89/><V36/><REACH who="2" step="1"/><F119/><REACH who="2" ten="250,250,240,250" step="2"/><W24/><G24/><T97/><D114/><U42/><E46/><V1/><F1/><W61/><G61/><AGARI ba="0,1" hai="42,44,48,52,53,55,57,58,61,63,66" m="38367" machi="61" ten="30,12000,2" yaku="8,1,35,5,54,1" doraHai="14" who="1" fromWho="3" sc="250,0,250,130,240,0,250,-120" /><INIT seed="1,0,0,0,3,39" ten="250,380,240,130" oya="1" hai0="87,11,110,79,53,15,22,25,38,63,42,9,135" hai1="131,124,68,132,95,111,20,78,47,59,18,106,57" hai2="46,81,48,122,28,2,21,45,43,30,50,69,56" hai3="89,90,62,83,54,65,125,7,76,82,27,55,100"/><U10/><E106/><V97/><F69/><W120/><G120/><T24/><D110/><U127/><E68/><V37/><F2/><W128/><G128/><T26/><D135/><U93/><E131/><V99/><F122/><W105/><G125/><N who="1" m="48202" /><E132/><V84/><F56/><N who="1" m="21577" /><E10/><V34/><F37/><W92/><G7/><T16/><D53/><U66/><E66/><V108/><F34/><W114/><G114/><T31/><D63/><U52/><E78/><V4/><F4/><W102/><G105/><T86/><D11/><U109/><E93/><V33/><F33/><W103/><G92/><T129/><D129/><U58/><E95/><V36/><F36/><W130/><G130/><T71/><D71/><U96/><E96/><N who="2" m="36939" /><F21/><W19/><G76/><T0/><D0/><U118/><E118/><V75/><F75/><W112/><G112/><T41/><D38/><U67/><E67/><V14/><F108/><W1/><G1/><T17/><D31/><U12/><E47/><V101/><F101/><W35/><G65/><T3/><D3/><U104/><E104/><V70/><F70/><W123/><G100/><T51/><D79/><U32/><E32/><V74/><F74/><W115/><G35/><T121/><D121/><U77/><E77/><N who="2" m="46127" /><F14/><W73/><G73/><T91/><D91/><U61/><AGARI ba="0,0" hai="12,18,20,52,58,61,109,111" m="21577,48202" machi="61" ten="40,3900,0" yaku="18,1,54,1" doraHai="39" who="1" fromWho="1" sc="250,-13,380,39,240,-13,130,-13" /><INIT seed="1,1,0,2,5,108" ten="237,419,227,117" oya="1" hai0="126,64,29,59,36,11,87,72,122,0,57,75,9" hai1="102,74,28,89,33,38,77,97,125,85,134,98,92" hai2="124,130,105,76,8,115,5,54,13,39,133,93,66" hai3="71,44,58,27,91,46,51,103,26,100,128,18,67"/><U24/><E125/><V99/><F39/><W60/><G128/><T131/><D126/><U32/><E134/><V90/><F124/><W118/><G118/><T34/><D36/><U56/><E38/><V116/><F133/><W10/><G71/><T107/><D107/><N who="1" m="63951" /><E98/><V78/><F116/><W15/><G46/><T21/><D34/><N who="1" m="20743" /><E56/><V25/><F66/><W14/><G91/><T23/><D29/><U111/><E111/><V79/><F130/><W83/><G83/><AGARI ba="1,0" hai="32,33,74,77,83,85,89,92" m="20743,63951" machi="83" ten="30,1500,0" yaku="24,1" doraHai="108" who="1" fromWho="3" sc="237,0,419,18,227,0,117,-18" /><INIT seed="1,2,0,0,5,117" ten="237,437,227,99" oya="1" hai0="61,88,35,103,128,94,129,105,101,24,21,36,86" hai1="31,69,25,60,82,5,131,29,98,20,30,43,109" hai2="59,122,113,3,26,58,14,112,87,53,106,110,81" hai3="111,7,123,8,118,22,102,42,9,126,78,16,48"/><U80/><E131/><V83/><F3/><W95/><G111/><T28/><D36/><U55/><E109/><V92/><F106/><W11/><G126/><T119/><D119/><U10/><E43/><V90/><F110/><W4/><G118/><T79/><D79/><U74/><E98/><V76/><F122/><W135/><G135/><T77/><D105/><U47/><E69/><V62/><F14/><W99/><G123/><T23/><D61/><U116/><E116/><V71/><F71/><W50/><G78/><T56/><D56/><U37/><E37/><V108/><F108/><W38/><G38/><T33/><D77/><U27/><E74/><V49/><F26/><N who="3" m="14663" /><G42/><T120/><D120/><U45/><E45/><V63/><F81/><W19/><G19/><T46/><D46/><U54/><E30/><V32/><F32/><N who="0" m="12362" /><D23/><N who="1" m="15551" /><E47/><V130/><F130/><AGARI ba="2,0" hai="21,24,28,86,88,94,101,103,128,129,130" m="12362" machi="130" ten="30,2000,0" yaku="19,1,54,1" doraHai="117" who="0" fromWho="2" sc="237,26,437,0,227,-26,99,0" /><INIT seed="2,0,0,5,2,82" ten="263,437,201,99" oya="2" hai0="97,52,3,10,51,79,98,16,87,73,66,0,18" hai1="49,15,117,23,53,86,69,37,114,42,125,14,6" hai2="35,103,60,46,58,13,122,56,24,47,129,12,33" hai3="134,85,2,31,7,32,108,26,20,127,119,123,28"/><V1/><F1/><W19/><G108/><T39/><D39/><U48/><E114/><V57/><F122/><W21/><G123/><T45/><D73/><U50/><E117/><V100/><F60/><W11/><G119/><T22/><D66/><U59/><E125/><V83/><F83/><W106/><G106/><T113/><D113/><U133/><E69/><V131/><F57/><W101/><G101/><T38/><D38/><U41/><E133/><V63/><F63/><W62/><G62/><T102/><D3/><U17/><E37/><V81/><F81/><W55/><G55/><T99/><D102/><U128/><E128/><V4/><F24/><N who="3" m="16399" /><G85/><T94/><D79/><U126/><E126/><V70/><REACH who="2" step="1"/><F4/><REACH who="2" ten="263,437,191,99" step="2"/><N who="3" m="1431" /><G127/><T130/><D130/><U54/><E59/><V121/><F121/><W64/><G64/><T115/><D115/><U124/><E124/><V88/><F88/><W109/><G109/><T25/><D0/><U104/><E6/><V135/><F135/><W29/><G134/><T8/><D18/><U30/><E17/><V111/><F111/><W9/><G32/><T5/><D5/><U105/><E15/><AGARI ba="0,1" hai="7,9,15,19,20,26,29,31" m="1431,16399" machi="15" ten="30,8000,1" yaku="35,5" doraHai="82" who="3" fromWho="1" sc="263,0,437,-80,191,0,99,90" /><INIT seed="3,0,0,2,3,5" ten="263,357,191,189" oya="3" hai0="41,57,46,1,32,126,91,93,98,84,97,30,59" hai1="76,134,43,42,114,94,20,104,85,135,31,81,133" hai2="75,123,87,35,18,61,72,118,66,71,113,96,130" hai3="52,53,106,74,6,3,11,4,13,70,38,54,77"/><W69/><G106/><T68/><D68/><U103/><E114/><V127/><F113/><W36/><G74/><T19/><D126/><U2/><E2/><V28/><F118/><W112/><G112/><T90/><D1/><U116/><E116/><V29/><F127/><W100/><G100/><T12/><D32/><U62/><E104/><V80/><F130/><W73/><G69/><T39/><D30/><U15/><E62/><V110/><F110/><W79/><G70/><T92/><REACH who="0" step="1"/><D84/><REACH who="0" ten="253,357,191,189" step="2"/><U16/><E31/><V129/><F29/><W56/><G73/><T9/><AGARI ba="0,1" hai="9,12,19,39,41,46,57,59,90,91,92,93,97,98" machi="9" ten="20,12000,2" yaku="1,1,2,1,0,1,7,1,9,1,52,1,53,0" doraHai="5" doraHaiUra="115" who="0" fromWho="0" sc="253,130,357,-30,191,-30,189,-60" /><INIT seed="4,0,0,3,3,135" ten="383,327,161,129" oya="0" hai0="22,99,80,32,6,110,64,40,86,74,118,82,75" hai1="117,14,60,69,19,125,3,128,28,16,111,59,11" hai2="9,38,15,77,47,33,98,55,121,36,0,120,8" hai3="81,107,31,44,57,20,35,85,127,130,34,131,58"/><T112/><D118/><U25/><E111/><V4/><F33/><W67/><G107/><T17/><D32/><U24/><E117/><V84/><F38/><W10/><G34/><T124/><D112/><U52/><E125/><V71/><F71/><W92/><G92/><T90/><D124/><U76/><E128/><N who="3" m="49194" /><G35/><T1/><D110/><U102/><E69/><V37/><F37/><W108/><G108/><T119/><D119/><U48/><E102/><V126/><F126/><W70/><G70/><T72/><D99/><U101/><E101/><V88/><F98/><W78/><G67/><T61/><D40/><U105/><E105/><V100/><F100/><W114/><G114/><T41/><D41/><U134/><E134/><V89/><F36/><W29/><G44/><T109/><D6/><N who="1" m="3447" /><E3/><V12/><F0/><W49/><G58/><T50/><D1/><U26/><E28/><V5/><F120/><W106/><G106/><T123/><D123/><U68/><E68/><V115/><F115/><W53/><G10/><T132/><D132/><U62/><E76/><V116/><F116/><W39/><G39/><T93/><D109/><U133/><E133/><V129/><F129/><W30/><G127/><T13/><REACH who="0" step="1"/><D50/><REACH who="0" ten="373,327,161,129" step="2"/><U103/><E103/><V18/><F121/><W65/><G49/><T104/><D104/><U7/><E7/><V95/><F5/><W66/><G20/><T23/><D23/><U54/><E48/><N who="2" m="29087" /><F95/><W56/><G31/><T96/><D96/><U91/><E91/><V27/><F89/><W73/><G30/><T122/><D122/><U2/><E2/><RYUUKYOKU ba="0,1" sc="373,15,327,15,161,-15,129,-15" hai0="13,17,22,61,64,72,74,75,80,82,86,90,93" hai1="16,19,24,25,26,52,54,59,60,62" /><INIT seed="4,1,1,5,5,31" ten="388,342,146,114" oya="0" hai0="37,26,3,36,4,32,133,58,103,8,44,114,75" hai1="2,104,11,106,92,78,74,101,82,16,85,29,96" hai2="19,42,84,112,122,100,93,63,43,89,46,15,38" hai3="34,35,97,72,119,109,80,0,21,5,107,50,47"/><T20/><D114/><U25/><E74/><V79/><F112/><W102/><G109/><T115/><D133/><U110/><E110/><V69/><F122/><W108/><G108/><T105/><D115/><U18/><E2/><V24/><F43/><W49/><G119/><T83/><D58/><U45/><E45/><V65/><F24/><W66/><G49/><T14/><D103/><U67/><E67/><V121/><F121/><W48/><G48/><T132/><D105/><U56/><E56/><V10/><F100/><W90/><G21/><T118/><D118/><U28/><E28/><V27/><F27/><W39/><G66/><T51/><D14/><U33/><REACH who="1" step="1"/><E18/><REACH who="1" ten="388,332,146,114" step="2"/><V134/><F134/><W52/><G39/><T124/><D132/><U1/><E1/><V59/><F69/><W94/><G0/><T126/><D37/><U135/><E135/><V91/><F46/><W7/><G7/><T73/><D36/><U57/><E57/><V125/><F38/><W40/><G5/><T60/><D75/><U120/><E120/><V17/><F17/><W30/><G30/><T128/><D73/><U81/><E81/><N who="2" m="47167" /><F42/><W54/><G40/><T12/><D83/><U13/><AGARI ba="1,2" hai="11,13,16,25,29,33,78,82,85,92,96,101,104,106" machi="13" ten="30,7900,0" yaku="1,1,0,1,52,1,54,1,53,0" doraHai="31" doraHaiUra="113" who="1" fromWho="1" sc="388,-40,332,102,146,-21,114,-21" /><INIT seed="5,0,0,1,1,58" ten="348,434,125,93" oya="1" hai0="35,36,96,110,24,114,65,8,112,80,12,92,50" hai1="48,17,77,51,67,55,99,59,54,40,64,82,105" hai2="98,72,66,29,42,22,46,39,115,123,41,131,113" hai3="62,87,53,122,124,74,27,121,91,107,6,68,70"/><U43/><E105/><V19/><F123/><W128/><G74/><T34/><D36/><U4/><E4/><V111/><F111/><W52/><G107/><T88/><D110/><U30/><E30/><V2/><F2/><W33/><G121/><T83/><D50/><U103/><E103/><V116/><F72/><W26/><G122/><T125/><D125/><U32/><E99/><V1/><F1/><W85/><G6/><T104/><D104/><U11/><E32/><V49/><F116/><W0/><G0/><T7/><D35/><U3/><E3/><V28/><F66/><W73/><G73/><T100/><D65/><U13/><E67/><V78/><F78/><W117/><G124/><T37/><D37/><U94/><E94/><V81/><F81/><W18/><G128/><T20/><D34/><U75/><E64/><V93/><F39/><W71/><G117/><T44/><D44/><AGARI ba="0,0" hai="11,13,17,40,43,44,48,51,54,55,59,75,77,82" machi="44" ten="30,1500,0" yaku="7,1" doraHai="58" who="1" fromWho="0" sc="348,-15,434,15,125,0,93,0" /><INIT seed="5,1,0,4,5,70" ten="333,449,125,93" oya="1" hai0="20,10,132,87,63,129,44,2,111,98,90,43,118" hai1="123,60,76,113,89,124,125,109,3,35,91,49,38" hai2="59,119,1,114,68,101,93,12,105,110,102,112,17" hai3="30,21,22,58,100,24,79,8,33,97,29,50,133"/><U134/><E123/><V18/><F68/><W19/><G133/><T31/><D111/><U86/><E35/><V27/><F1/><W9/><G79/><T104/><D129/><U53/><E3/><V130/><F105/><W84/><G33/><T128/><D118/><U6/><E6/><V107/><F107/><W16/><G84/><T15/><D128/><U131/><E131/><V106/><F106/><W56/><G100/><T66/><D2/><U80/><E134/><V88/><F110/><W36/><G97/><T81/><D132/><U103/><E113/><N who="2" m="43627" /><F59/><N who="3" m="22571" /><G50/><T54/><D54/><U32/><E60/><V127/><F127/><W13/><G36/><T42/><D104/><U4/><E38/><V77/><F77/><W115/><G115/><T40/><D98/><U46/><E32/><V37/><F37/><W94/><G94/><T117/><D117/><U45/><E109/><V73/><F73/><W116/><G116/><T96/><D96/><U28/><E53/><V55/><F55/><W121/><G121/><T25/><D44/><U41/><E45/><V39/><F39/><W61/><G61/><T11/><REACH who="0" step="1"/><D15/><REACH who="0" ten="323,449,125,93" step="2"/><U64/><E46/><V23/><F130/><W85/><G85/><T7/><D7/><U122/><E4/><V120/><F119/><W135/><G135/><T78/><D78/><U82/><E76/><V57/><F120/><W62/><G62/><T14/><D14/><U75/><E86/><N who="2" m="52375" /><F57/><AGARI ba="1,1" hai="10,11,20,25,31,40,42,43,57,63,66,81,87,90" machi="57" ten="40,2600,0" yaku="1,1,8,1,53,0" doraHai="70" doraHaiUra="67" who="0" fromWho="2" sc="323,39,449,0,125,-29,93,0" /><INIT seed="6,0,0,3,2,10" ten="362,449,96,93" oya="2" hai0="66,70,127,118,112,25,129,86,111,34,20,44,9" hai1="7,58,113,59,82,54,89,12,116,107,98,19,1" hai2="80,103,22,56,15,2,135,33,90,91,49,35,62" hai3="63,55,3,45,6,68,76,84,78,40,109,83,16"/><V43/><F2/><W0/><G109/><T110/><D44/><U64/><E116/><V27/><F135/><W39/><G76/><T47/><D118/><U81/><E1/><V101/><F35/><W126/><G126/><T71/><D127/><U36/><E7/><V92/><F33/><W85/><G6/><T61/><D71/><U21/><E36/><V30/><F80/><W4/><G4/><T48/><D112/><U11/><E64/><V46/><F91/><W105/><G105/><T134/><D129/><U123/><E123/><V23/><F23/><W94/><G84/><T77/><D134/><U73/><E73/><V51/><F51/><W128/><G94/><T32/><D9/><U52/><E113/><V50/><F50/><W122/><G128/><T53/><D111/><U87/><E98/><V114/><F15/><W38/><G38/><T102/><D102/><U8/><E82/><V106/><F106/><W14/><G122/><T108/><D108/><U96/><E96/><N who="2" m="57367" /><F114/><W97/><G97/><T124/><D124/><U28/><E107/><V121/><F121/><W74/><G74/><T18/><D110/><U29/><E11/><V125/><F125/><W99/><G99/><T100/><D100/><U131/><E8/><V93/><F93/><W17/><G68/><T24/><D24/><U132/><E132/><V133/><F133/><W120/><G120/><T41/><D41/><U95/><E95/><V72/><F72/><W5/><G5/><T88/><D77/><U117/><E131/><V115/><F115/><W42/><G42/><T75/><D75/><RYUUKYOKU ba="0,0" sc="362,15,449,-15,96,15,93,-15" hai0="18,20,25,32,34,47,48,53,61,66,70,86,88" hai2="22,27,30,43,46,49,56,62,101,103" /><INIT seed="6,1,0,5,4,4" ten="377,434,111,78" oya="2" hai0="45,115,75,83,71,39,56,78,72,98,14,101,54" hai1="22,13,122,17,68,127,114,50,74,126,106,118,129" hai2="81,51,32,133,125,61,15,42,123,85,7,119,37" hai3="105,117,95,73,113,10,41,21,53,67,38,48,97"/><V27/><F37/><W116/><G105/><T24/><D115/><U0/><RYUUKYOKU type="yao9" ba="1,0" sc="377,0,434,0,111,0,78,0" hai1="0,13,17,22,50,68,74,106,114,118,122,126,127,129" /><INIT seed="6,2,0,5,2,61" ten="377,434,111,78" oya="2" hai0="26,32,109,74,91,2,24,38,52,119,10,65,118" hai1="128,18,79,68,42,103,27,62,41,134,98,95,11" hai2="89,63,96,135,83,49,6,30,60,73,17,1,51" hai3="56,94,34,72,108,78,25,97,40,46,21,129,43"/><V29/><F135/><W39/><G108/><T20/><D109/><U92/><E134/><V113/><F113/><W16/><G129/><T115/><D115/><U45/><E128/><V44/><F73/><W57/><G34/><T84/><D74/><U102/><E79/><V81/><F6/><W85/><G72/><T59/><D38/><U131/><E131/><V50/><F1/><W107/><G107/><T114/><D114/><U48/><E68/><V31/><F44/><W3/><G3/><T121/><D121/><U54/><E62/><N who="2" m="23595" /><F17/><W37/><G37/><T28/><D2/><U132/><E132/><V33/><F33/><W101/><REACH who="3" step="1"/><G43/><REACH who="3" ten="377,434,111,68" step="2"/><T123/><D32/><U64/><E41/><V5/><F5/><W53/><G53/><T126/><D123/><U12/><E42/><V80/><F96/><W4/><G4/><T9/><D119/><U76/><E98/><V66/><F66/><W133/><G133/><T100/><D65/><U15/><E64/><V87/><AGARI ba="2,1" hai="29,30,31,49,50,51,80,81,83,87,89" m="23595" machi="87" ten="40,2100,0" yaku="8,1" doraHai="61" who="2" fromWho="2" sc="377,-9,434,-9,111,37,68,-9" /><INIT seed="6,3,0,4,4,14" ten="368,425,148,59" oya="2" hai0="111,77,15,28,80,57,46,29,122,13,63,120,21" hai1="18,44,39,34,117,24,50,132,35,108,116,78,49" hai2="101,40,118,79,42,66,20,56,128,25,84,110,12" hai3="70,1,104,99,3,109,87,23,81,54,32,7,43"/><V26/><F110/><W59/><G109/><T41/><D111/><U135/><E78/><V45/><F101/><W93/><G32/><N who="1" m="12330" /><E108/><V71/><F71/><W73/><G70/><T19/><D122/><U22/><E39/><V123/><F128/><W115/><G115/><T86/><D120/><U91/><E91/><V74/><F74/><W129/><G129/><T69/><D69/><U133/><E49/><N who="2" m="26791" /><F42/><AGARI ba="3,0" hai="18,22,24,42,44,50,116,117,132,133,135" m="12330" machi="42" ten="40,2600,0" yaku="20,1,52,1" doraHai="14" who="1" fromWho="2" sc="368,0,425,35,148,-35,59,0" /><INIT seed="7,0,0,1,2,120" ten="368,460,113,59" oya="3" hai0="58,16,130,134,126,37,93,119,33,15,110,29,79" hai1="24,56,75,54,22,102,38,48,90,25,65,128,84" hai2="114,131,67,95,1,87,86,70,82,89,61,50,51" hai3="2,105,57,8,91,42,115,108,103,5,77,12,106"/><W9/><G77/><T100/><D119/><U47/><E128/><V74/><F1/><W23/><G115/><T117/><D117/><U14/><E75/><V122/><F122/><W66/><G42/><T71/><D130/><U32/><E32/><V94/><F131/><W64/><G23/><T60/><D71/><U85/><E102/><V49/><F114/><W45/><G45/><T92/><D126/><U81/><E38/><V80/><REACH who="2" step="1"/><F74/><REACH who="2" ten="368,460,103,59" step="2"/><W72/><G72/><T13/><D134/><U30/><E30/><V55/><F55/><W59/><G108/><T132/><D29/><U104/><E104/><V28/><F28/><W52/><G91/><AGARI ba="0,1" hai="49,50,51,61,67,70,80,82,86,87,89,91,94,95" machi="91" ten="40,8000,1" yaku="1,1,9,1,53,2" doraHai="120" doraHaiUra="88" who="2" fromWho="3" sc="368,0,460,0,103,90,59,-80" owari="368,17.0,460,56.0,193,-21.0,-21,-52.0" /></mjloggm>