<mjloggm ver="2.3"><GO type="169" lobby="0"/><UN n0="%57%61%72%61%5E%2F%5E" n1="%6E%6F%2E%6E%61%6D%65" n2="%E5%B0%B1%E6%B4%BB%E7%94%9F%40%E5%B7%9D%E6%9D%91%E8%BB%8D%E5%9B%A3" n3="%E3%81%8A%E3%83%BC%E3%81%84%E3%81%8A%E8%8C%B6" dan="16,16,19,18" rate="2063.50,2032.06,2364.31,2276.96" sx="F,F,M,F"/><TAIKYOKU oya="0"/><INIT seed="0,0,0,5,2,117" ten="250,250,250,250" oya="0" hai0="6,121,17,5,14,134,58,118,42,125,99,129,18" hai1="106,13,105,52,2,124,92,98,35,88,1,65,126" hai2="76,7,80,115,87,9,50,122,33,70,12,133,32" hai3="19,69,94,37,45,47,62,100,82,60,55,132,8"/><T110/><D118/><U28/><E65/><V61/><F115/><W71/><G82/><T78/><D42/><U95/><E13/><V130/><F133/><W97/><G132/><T59/><D134/><U77/><E77/><V127/><F127/><N who="1" m="48681" /><E95/><V68/><F130/><W104/><G104/><N who="1" m="40042" /><E52/><V38/><F70/><W11/><G94/><T39/><D125/><U54/><E54/><V36/><F68/><W73/><G55/><T34/><D78/><U109/><E109/><V103/><F12/><W85/><G73/><T3/><D14/><U27/><AGARI ba="0,0" hai="1,2,27,28,35,88,92,98" m="40042,48681" machi="27" ten="40,2700,0" yaku="18,1,54,1" doraHai="117" who="1" fromWho="1" sc="250,-13,250,27,250,-7,250,-7" /><INIT seed="1,0,0,5,5,78" ten="237,277,243,243" oya="1" hai0="114,133,68,11,119,51,15,10,2,46,35,27,100" hai1="19,39,31,14,58,123,6,92,64,47,29,95,81" hai2="73,69,54,89,7,79,57,3,0,75,109,56,24" hai3="112,127,135,91,72,99,131,32,101,37,121,8,88"/><U67/><E123/><V117/><F69/><W126/><G32/><T60/><D100/><U87/><E6/><V90/><F117/><W16/><G37/><T62/><D114/><U4/><E4/><V50/><F7/><W49/><G121/><T128/><D2/><U63/><E67/><V122/><F122/><W26/><G112/><T107/><D107/><U98/><E47/><V28/><F109/><W42/><G72/><T132/><D119/><U33/><E39/><V36/><F36/><W61/><G61/><N who="0" m="23659" /><D128/><U20/><E33/><V34/><F57/><W111/><G111/><T97/><D15/><U124/><E124/><N who="3" m="47658" /><G131/><T82/><D97/><U22/><E22/><V48/><F48/><W30/><G135/><T104/><D104/><U106/><E106/><V5/><F75/><W84/><G84/><T130/><D68/><U71/><E71/><V125/><F125/><W53/><G42/><T115/><D130/><U40/><E40/><V55/><F55/><W105/><G8/><T103/><D115/><U110/><E110/><V59/><F59/><N who="3" m="33199" /><G30/><N who="1" m="11274" /><E98/><V74/><F74/><W17/><G17/><T113/><D113/><U21/><E21/><AGARI ba="0,0" hai="16,21,26,88,91,99,101,105" m="33199,47658" machi="21" ten="30,3900,0" yaku="18,1,54,2" doraHai="78" who="3" fromWho="1" sc="237,0,277,-39,243,0,243,39" /><INIT seed="2,0,0,3,4,102" ten="237,238,243,282" oya="2" hai0="2,129,96,55,119,91,21,37,79,46,40,128,29" hai1="120,95,123,88,14,49,116,0,86,122,11,76,113" hai2="112,125,106,77,114,41,81,101,12,30,42,89,130" hai3="103,19,9,109,83,121,13,92,63,115,34,17,111"/><V44/><F125/><W33/><G121/><T57/><D2/><U117/><E113/><V124/><F124/><W90/><G115/><T100/><D91/><U69/><E0/><V64/><F130/><N who="0" m="50282" /><D79/><U82/><E69/><V10/><F64/><W73/><G103/><T65/><D65/><U27/><E27/><V45/><F30/><W94/><G63/><T70/><D70/><U32/><E32/><N who="3" m="12394" /><G19/><T3/><D3/><U52/><E14/><V16/><F89/><W53/><G53/><T48/><D119/><U71/><E11/><V84/><F42/><W25/><G25/><N who="0" m="16559" /><D100/><U126/><E71/><V61/><F61/><W80/><G73/><T74/><D96/><N who="1" m="57447" /><E126/><V133/><F45/><AGARI ba="0,0" hai="45,49,52,76,82,86,116,117,120,122,123" m="57447" machi="45" ten="30,3900,0" yaku="13,1,54,2" doraHai="102" who="1" fromWho="2" sc="237,0,238,39,243,-39,282,0" /><INIT seed="3,0,0,4,4,6" ten="237,277,204,282" oya="3" hai0="71,130,102,23,30,108,113,100,50,14,45,18,109" hai1="115,99,11,68,106,61,96,133,92,35,48,123,124" hai2="72,32,125,65,12,90,116,33,91,15,46,4,87" hai3="54,77,110,37,8,83,31,104,107,9,1,101,73"/><W103/><G37/><T24/><D113/><U34/><E123/><V36/><F72/><W76/><G110/><N who="0" m="42603" /><D71/><U111/><E111/><V93/><F116/><W118/><G118/><T98/><D130/><U117/><E117/><V41/><F125/><W94/><G1/><T119/><D98/><U81/><E124/><V88/><F65/><W64/><G64/><T26/><D119/><U44/><E115/><V17/><F12/><W27/><G54/><N who="0" m="30031" /><D26/><U52/><E81/><V3/><F4/><W79/><G83/><T121/><D121/><U95/><E106/><V49/><F3/><W58/><G73/><T29/><D29/><U69/><E69/><V16/><F36/><W129/><G129/><T19/><D19/><U7/><E68/><V60/><F17/><W66/><G104/><T135/><D135/><U13/><E133/><V53/><F33/><AGARI ba="0,0" hai="14,18,23,24,30,33,100,102" m="30031,42603" machi="33" ten="30,1000,0" yaku="14,1" doraHai="6" who="0" fromWho="2" sc="237,10,277,0,204,-10,282,0" /><INIT seed="4,0,0,3,5,91" ten="247,277,194,282" oya="0" hai0="93,80,85,10,59,34,102,101,1,36,73,16,31" hai1="100,22,90,126,111,56,7,18,25,124,6,39,61" hai2="48,4,95,97,26,43,65,17,53,69,128,44,28" hai3="54,66,30,35,23,77,11,130,47,129,83,133,49"/><T72/><D36/><U70/><E111/><V9/><F128/><N who="3" m="49259" /><G133/><T33/><D1/><U87/><E70/><V119/><F119/><W57/><G11/><T122/><D122/><U103/><E39/><V74/><F74/><N who="3" m="43447" /><G35/><T125/><D34/><U55/><E126/><V46/><F17/><W114/><G114/><T63/><D73/><U112/><E124/><V96/><F96/><W60/><G23/><T76/><D125/><U135/><E135/><V106/><F106/><W12/><G12/><N who="0" m="7191" /><D72/><U86/><E112/><V98/><F98/><W37/><G37/><T107/><D107/><U13/><E86/><V121/><F121/><W109/><G30/><T52/><D33/><U113/><E113/><V81/><F81/><W84/><G84/><N who="0" m="48135" /><D31/><U115/><E115/><V131/><F131/><W8/><G8/><T117/><D117/><U105/><E105/><V41/><F28/><W50/><G50/><T24/><D24/><U51/><E51/><V104/><F26/><W99/><G99/><T40/><D40/><U20/><E25/><V68/><F43/><W64/><G109/><T45/><D45/><U118/><E118/><V42/><F42/><AGARI ba="0,0" hai="42,47,49,54,57,60,64,66" m="43447,49259" machi="42" ten="30,1000,0" yaku="19,1" doraHai="91" who="3" fromWho="2" sc="247,0,277,0,194,-10,282,10" /><INIT seed="5,0,0,3,3,56" ten="247,277,184,292" oya="1" hai0="88,19,4,38,6,114,29,57,61,87,99,28,118" hai1="47,71,76,135,124,91,73,86,131,72,0,121,80" hai2="127,115,25,75,53,108,62,83,110,85,70,89,48" hai3="51,65,81,126,92,68,44,55,125,54,39,40,117"/><U52/><E121/><V24/><F75/><W100/><G81/><T49/><D38/><U122/><E122/><V20/><F127/><N who="3" m="48651" /><G117/><T60/><D118/><U59/><E124/><V43/><F115/><W12/><G12/><T10/><D99/><U7/><E71/><V96/><F25/><W36/><G92/><N who="0" m="54303" /><D114/><U116/><E116/><V67/><F96/><W41/><G100/><T46/><D57/><U79/><E131/><V93/><F43/><N who="3" m="16459" /><G54/><N who="0" m="30007" /><D19/><U98/><E72/><V14/><F83/><W5/><G5/><N who="0" m="2155" /><D10/><U32/><E73/><V42/><F42/><W82/><G82/><T16/><D16/><U27/><E80/><V133/><F133/><W103/><G103/><T45/><D45/><U3/><E47/><V21/><F21/><W105/><G105/><T94/><D94/><U84/><E135/><V34/><F34/><W112/><G112/><T33/><D33/><U109/><E32/><V18/><REACH who="2" step="1"/><F24/><REACH who="2" ten="247,277,174,292" step="2"/><W102/><G102/><T1/><D1/><U17/><E27/><V50/><F50/><W101/><G101/><T69/><D69/><U66/><E0/><V113/><F113/><W23/><G23/><T134/><D134/><U90/><E3/><V119/><F119/><W11/><G11/><T120/><D120/><U77/><E77/><V13/><F13/><W111/><G111/><T35/><D35/><U123/><E76/><V64/><F64/><W30/><G39/><T31/><AGARI ba="0,1" hai="28,29,31,60,61" m="2155,30007,54303" machi="31" ten="30,7900,0" yaku="8,1,52,2,54,1" doraHai="56" who="0" fromWho="0" sc="247,89,277,-39,174,-20,292,-20" /><INIT seed="6,0,0,4,3,10" ten="336,238,154,272" oya="2" hai0="74,45,2,105,75,88,42,62,30,106,94,71,14" hai1="65,91,104,41,122,98,15,38,43,67,123,90,110" hai2="47,36,95,121,96,24,103,9,92,48,135,44,70" hai3="17,12,102,55,120,127,64,37,80,18,34,82,76"/><V78/><F121/><N who="1" m="46089" /><E110/><V3/><F135/><W119/><G34/><T93/><D14/><U51/><E38/><V5/><F70/><W115/><G37/><T116/><D93/><U60/><E15/><V1/><F78/><W100/><G120/><T19/><D19/><U87/><E67/><V108/><F108/><W50/><G119/><T109/><D109/><U66/><E66/><V27/><F1/><W83/><G127/><T29/><D29/><U6/><E6/><V32/><F32/><W117/><G117/><T28/><D28/><U133/><E51/><V53/><REACH who="2" step="1"/><F92/><REACH who="2" ten="336,238,144,272" step="2"/><W124/><G76/><T81/><D94/><U118/><E133/><V130/><F130/><W61/><G124/><T69/><D116/><U84/><E118/><V58/><F58/><W77/><G77/><T33/><D71/><U128/><E128/><V101/><F101/><W8/><G100/><T59/><D2/><U131/><E131/><V125/><F125/><W126/><G102/><T73/><D69/><U99/><E104/><V31/><F31/><W54/><G126/><T89/><D30/><U13/><E90/><N who="0" m="34921" /><D33/><U57/><E91/><V49/><F49/><W97/><G50/><N who="0" m="26935" /><D106/><U39/><E39/><V11/><F11/><W16/><G8/><T46/><D105/><U22/><E57/><V132/><F132/><W86/><G82/><T56/><D81/><U23/><E99/><V7/><F7/><W4/><G80/><T68/><D68/><U63/><E98/><V72/><F72/><W113/><G83/><T0/><D59/><N who="1" m="37023" /><E87/><V79/><F79/><W25/><G86/><RYUUKYOKU ba="0,1" sc="336,-10,238,-10,144,30,272,-10" hai2="3,5,9,24,27,36,44,47,48,53,95,96,103" /><INIT seed="6,1,1,1,3,17" ten="326,228,174,262" oya="2" hai0="115,127,10,57,107,72,103,73,134,78,87,128,112" hai1="45,65,113,69,76,79,49,66,94,38,22,36,135" hai2="16,125,53,67,119,50,14,109,3,118,27,13,52" hai3="98,0,6,33,43,104,54,85,2,29,133,117,121"/><V114/><F3/><W23/><G43/><T131/><D10/><U102/><E113/><N who="0" m="43593" /><D57/><U70/><E102/><V7/><F114/><W51/><G85/><T60/><D60/><U100/><E100/><V126/><F67/><W83/><G83/><N who="0" m="47607" /><D127/><N who="2" m="48650" /><F109/><W46/><G29/><T39/><D39/><U62/><E94/><V63/><F63/><W37/><G33/><T58/><D58/><U111/><E111/><V71/><F71/><W74/><G104/><T124/><D134/><U123/><E135/><V35/><F7/><W86/><G133/><T120/><D120/><U5/><E5/><V31/><F14/><W28/><G6/><T88/><D88/><U108/><E123/><V90/><F90/><W82/><G121/><T68/><D68/><U84/><E108/><V26/><F26/><W80/><G0/><T40/><D124/><U44/><E62/><V93/><F93/><W18/><G2/><T47/><D103/><U15/><E70/><V55/><F50/><W1/><G51/><N who="0" m="27111" /><D107/><U30/><E69/><V9/><AGARI ba="1,1" hai="9,13,16,27,31,35,52,53,55,118,119" m="48650" machi="9" ten="30,6000,0" yaku="18,1,54,2" doraHai="17" who="2" fromWho="2" sc="326,-21,228,-21,174,73,262,-21" /><INIT seed="6,2,0,4,4,54" ten="305,207,247,241" oya="2" hai0="4,113,112,0,33,132,93,66,88,59,121,48,16" hai1="65,34,116,83,127,9,69,37,133,114,80,105,28" hai2="97,101,106,44,45,122,134,32,123,53,29,39,131" hai3="10,87,91,92,18,1,81,73,85,6,100,21,110"/><V75/><F75/><W31/><G110/><T8/><D33/><U56/><E116/><V46/><F39/><W126/><G126/><T77/><D121/><U79/><E69/><V61/><F131/><W47/><G73/><T129/><D129/><U49/><E37/><V27/><REACH who="2" step="1"/><F134/><REACH who="2" ten="305,207,237,241" step="2"/><W23/><G31/><T84/><D132/><U2/><E28/><V94/><F94/><W96/><G18/><T99/><D16/><U120/><E133/><V78/><F78/><W24/><G24/><T68/><D77/><U103/><E79/><V57/><AGARI ba="2,1" hai="27,29,32,44,45,46,53,57,61,97,101,106,122,123" machi="57" ten="30,6000,0" yaku="1,1,0,1,52,1,53,0" doraHai="54" doraHaiUra="17" who="2" fromWho="2" sc="305,-22,207,-22,237,76,241,-22" /><INIT seed="6,3,0,3,1,0" ten="283,185,313,219" oya="2" hai0="6,68,5,12,107,112,95,127,126,53,37,60,23" hai1="64,99,54,84,129,48,100,43,101,88,32,131,19" hai2="22,96,82,98,10,21,9,106,87,134,1,40,103" hai3="108,17,89,123,116,16,30,41,33,130,104,75,79"/><V90/><F134/><W94/><G108/><T49/><D37/><U124/><E124/><N who="0" m="47657" /><D107/><U69/><E32/><V7/><F40/><W62/><G116/><T65/><D112/><U114/><E114/><V34/><F34/><W115/><G115/><T111/><D111/><U86/><E43/><V29/><F29/><W110/><G110/><T8/><D23/><U132/><E132/><V77/><F9/><W71/><G123/><T73/><D95/><U36/><E36/><V125/><F125/><W92/><G41/><T50/><D73/><U121/><E121/><V14/><F1/><W39/><G39/><T118/><D118/><U76/><E76/><V61/><F61/><W135/><G135/><T27/><D27/><U31/><E31/><V63/><F63/><W45/><G104/><T57/><D49/><U4/><E19/><AGARI ba="3,0" hai="5,6,8,12,19,50,53,57,60,65,68" m="47657" machi="19" ten="30,3900,0" yaku="18,1,52,2" doraHai="0" who="0" fromWho="1" sc="283,48,185,-48,313,0,219,0" /><INIT seed="7,0,0,4,5,135" ten="331,137,313,219" oya="3" hai0="92,130,36,77,120,48,40,34,50,23,57,131,88" hai1="71,30,59,94,5,11,115,83,91,39,73,122,97" hai2="107,60,87,127,74,65,116,112,43,64,49,15,28" hai3="25,123,109,105,101,80,78,7,37,119,82,129,58"/><W19/><G37/><T102/><D34/><U103/><E115/><V117/><F74/><W27/><G119/><T98/><D120/><U126/><E122/><V108/><F107/><W100/><G123/><T38/><D77/><U121/><E121/><V89/><F112/><W124/><G105/><T9/><D23/><U72/><E71/><V21/><F108/><W46/><G109/><T1/><D102/><U53/><E39/><V110/><F110/><W81/><G78/><T26/><D26/><U35/><E30/><V52/><F127/><W33/><G33/><T29/><D29/><U20/><E35/><V68/><F68/><W132/><G132/><T51/><D57/><U104/><E20/><V111/><F111/><W106/><G106/><T18/><D40/><U67/><E67/><V69/><F43/><W113/><G113/><T62/><D62/><U47/><E47/><V0/><F0/><W17/><G7/><N who="0" m="1263" /><D18/><N who="3" m="6665" /><G124/><T125/><D125/><U56/><E126/><V128/><F128/><AGARI ba="0,0" hai="36,38,48,50,51,88,92,98,128,130,131" m="1263" machi="128" ten="30,2000,0" yaku="19,1,54,1" doraHai="135" who="0" fromWho="2" sc="331,20,137,0,313,-20,219,0" owari="351,45.0,137,-36.0,293,9.0,219,-18.0" /></mjloggm>