<mjloggm ver="2.3"><GO type="169" lobby="0"/><UN n0="%4A%6F%75%72%6E%65%79" n1="%E5%A4%A7%E6%A5%A0%E5%85%AC" n2="%E3%83%88%E3%83%88%E3%83%AA%E5%85%88%E7%94%9F%31%39%E6%AD%B3" n3="%E3%81%BD%E3%82%93%E3%81%93%E3%81%A4%E9%98%BF%E8%B3%80%E9%87%8E%E5%A7%89" dan="17,17,18,17" rate="2114.39,2213.00,2301.13,2139.36" sx="M,M,F,F"/><TAIKYOKU oya="0"/><INIT seed="0,0,0,2,5,7" ten="250,250,250,250" oya="0" hai0="62,133,126,12,22,97,3,116,46,132,44,105,43" hai1="21,34,28,98,92,18,17,70,10,50,99,85,78" hai2="67,35,76,114,72,4,71,113,51,74,109,64,81" hai3="100,59,135,48,128,61,1,16,14,15,66,41,58"/><T124/><D116/><U53/><E70/><V69/><F35/><W102/><G1/><T118/><D118/><U96/><E34/><V38/><F109/><W93/><G135/><N who="0" m="51787" /><D3/><U2/><E28/><V129/><F51/><W131/><G14/><T120/><D120/><U106/><E106/><V80/><F4/><W115/><G115/><T104/><D62/><U37/><E37/><V83/><F129/><N who="3" m="49739" /><G93/><T68/><D68/><N who="2" m="26186" /><F76/><W89/><G89/><T13/><D46/><U122/><E122/><V82/><F82/><W27/><G27/><T5/><D13/><N who="1" m="7351" /><E2/><V123/><F38/><W52/><G41/><T91/><D91/><N who="1" m="53359" /><E78/><V121/><F123/><W25/><G25/><T54/><D54/><U31/><E31/><V79/><F79/><W90/><G90/><T11/><D22/><AGARI ba="0,0" hai="15,16,22,48,52,58,59,61,66,100,102" m="49739" machi="22" ten="30,3900,0" yaku="19,1,54,2" doraHai="7" who="3" fromWho="0" sc="250,-39,250,0,250,0,250,39" /><INIT seed="1,0,0,4,4,74" ten="211,250,250,289" oya="1" hai0="61,70,108,58,119,55,133,12,64,10,102,132,85" hai1="81,32,124,28,127,35,120,98,86,33,15,42,83" hai2="111,87,23,13,110,94,43,38,130,31,116,59,20" hai3="117,3,92,84,73,121,53,134,16,129,2,126,0"/><U75/><E120/><V47/><F116/><W5/><G121/><T122/><D119/><U17/><E42/><V63/><F130/><W34/><G129/><T14/><D122/><U90/><E98/><V128/><F128/><W49/><G73/><T54/><D108/><N who="2" m="41514" /><F31/><W44/><G34/><T29/><D29/><U19/><E28/><V88/><F13/><W26/><G134/><N who="0" m="51819" /><D102/><U4/><E4/><V106/><F106/><W96/><G126/><N who="1" m="48170" /><E15/><N who="0" m="5673" /><D10/><U135/><E135/><V80/><F94/><W41/><G5/><T7/><D7/><U18/><E75/><V9/><F9/><W118/><G118/><T30/><D30/><U36/><E36/><V65/><AGARI ba="0,0" hai="20,23,38,43,47,59,63,65,80,87,88" m="41514" machi="65" ten="30,2000,0" yaku="14,1,54,1" doraHai="74" who="2" fromWho="2" sc="211,-5,250,-10,250,20,289,-5" /><INIT seed="2,0,0,0,1,28" ten="206,240,270,284" oya="2" hai0="81,39,87,61,22,103,119,94,96,45,112,134,97" hai1="7,104,50,66,9,25,82,78,105,24,60,8,55" hai2="122,2,65,68,135,51,23,54,88,36,123,93,21" hai3="101,14,126,84,117,120,47,69,58,83,76,102,33"/><V91/><F2/><W77/><G69/><T99/><D134/><U40/><E105/><V125/><F36/><W5/><G120/><T29/><D112/><U49/><E104/><V110/><F135/><W72/><G47/><T121/><D121/><U34/><E40/><V113/><F113/><W106/><G33/><T71/><D119/><U52/><E49/><V44/><F125/><W32/><G32/><T46/><D46/><U38/><E38/><V11/><F11/><W74/><G58/><T17/><D29/><U35/><E24/><V133/><F133/><W92/><G14/><T63/><D63/><U16/><E9/><V41/><F110/><W129/><G5/><T4/><D4/><U100/><E100/><N who="3" m="38506" /><G106/><T6/><D6/><U10/><E10/><V107/><F107/><W48/><G48/><T95/><D95/><U80/><E80/><V56/><F123/><W57/><G57/><T62/><D62/><U90/><E90/><V89/><F122/><W132/><G126/><T109/><D109/><U116/><E116/><V27/><F93/><W70/><G70/><T124/><D124/><U1/><E66/><V15/><F15/><W20/><G92/><T128/><D45/><U118/><E60/><N who="2" m="39975" /><F27/><W75/><G132/><T131/><D39/><U18/><E118/><V85/><F23/><W42/><G117/><T53/><D71/><U108/><E108/><V3/><F21/><W127/><G127/><T0/><D61/><U13/><E1/><V114/><F3/><W73/><N who="3" m="18432" /><DORA hai="86" /><W31/><G20/><T26/><D0/><U98/><E7/><RYUUKYOKU ba="0,0" sc="206,0,240,0,270,0,284,0" /><INIT seed="3,1,0,1,3,68" ten="206,240,270,284" oya="3" hai0="53,29,96,127,102,35,51,42,58,64,101,4,50" hai1="57,3,11,120,126,59,5,56,81,114,92,134,75" hai2="129,43,6,125,13,85,97,122,86,26,80,1,16" hai3="93,113,91,21,24,99,135,61,118,0,54,9,2"/><W41/><G118/><T100/><D127/><U88/><E114/><V98/><F125/><W110/><G113/><T60/><D4/><U47/><E126/><V105/><F129/><W83/><G135/><T40/><D35/><U104/><E104/><V94/><F122/><W116/><G116/><T63/><D29/><U25/><E134/><V17/><F105/><W48/><G110/><T130/><D130/><U69/><E69/><V65/><F65/><W62/><G9/><T89/><D51/><U124/><E124/><V14/><F1/><W117/><G117/><T90/><D63/><U32/><E120/><V33/><F33/><W55/><G41/><N who="0" m="15979" /><D96/><U123/><E47/><AGARI ba="1,0" hai="47,50,53,58,60,64,89,90,100,101,102" m="15979" machi="47" ten="30,1000,0" yaku="8,1" doraHai="68" who="0" fromWho="1" sc="206,13,240,-13,270,0,284,0" /><INIT seed="4,0,0,5,3,89" ten="219,227,270,284" oya="0" hai0="29,94,127,68,1,43,62,48,46,97,129,69,64" hai1="22,75,128,13,77,101,34,93,17,61,21,12,112" hai2="82,105,83,71,85,120,135,110,30,14,9,25,38" hai3="20,63,126,92,57,60,66,40,65,111,27,102,2"/><T54/><D1/><U119/><E34/><V10/><F120/><W33/><G111/><T115/><D115/><U96/><E119/><V41/><F110/><W59/><G33/><T35/><D129/><U58/><E128/><V44/><F105/><W74/><G74/><T122/><D122/><U47/><E112/><V87/><F71/><W51/><G2/><T132/><D132/><U125/><E125/><V73/><F135/><W123/><G126/><T3/><D3/><U8/><E75/><V134/><F134/><W130/><G123/><T98/><D127/><U131/><E77/><V28/><F73/><W103/><G130/><T116/><D116/><U23/><E131/><V56/><F9/><W67/><G40/><T39/><D68/><U133/><E47/><V90/><F56/><W91/><G51/><T104/><D104/><U79/><E79/><V108/><F25/><W26/><G67/><T117/><D117/><U16/><E133/><V72/><F72/><W32/><G32/><T95/><D35/><U7/><E7/><V124/><F108/><W0/><G0/><T81/><D29/><U80/><E80/><V78/><REACH who="2" step="1"/><F124/><REACH who="2" ten="219,227,260,284" step="2"/><W106/><G106/><T84/><D98/><U76/><E76/><V45/><F45/><W114/><G114/><T53/><D97/><U113/><E113/><V99/><F99/><N who="3" m="57759" /><G27/><T19/><D69/><U18/><E8/><V109/><F109/><W86/><G86/><T5/><D46/><U70/><E70/><V52/><F52/><AGARI ba="0,1" hai="12,13,16,17,18,21,22,23,52,58,61,93,96,101" machi="52" ten="40,8000,1" yaku="8,1,52,1,54,2" doraHai="89" who="1" fromWho="2" sc="219,0,227,90,260,-80,284,0" /><INIT seed="5,0,0,2,1,100" ten="219,317,180,284" oya="1" hai0="121,84,45,133,3,99,28,69,134,44,42,19,36" hai1="79,101,115,102,13,124,106,110,125,75,82,41,33" hai2="72,1,118,81,80,98,31,8,91,73,94,89,12" hai3="113,63,14,38,76,30,114,64,87,10,77,59,130"/><U109/><E33/><V2/><F118/><W126/><G126/><N who="1" m="48746" /><E13/><V103/><F31/><W58/><G130/><T18/><D3/><U61/><E41/><V105/><F89/><W117/><G117/><T131/><D69/><U26/><E26/><V20/><F20/><W119/><G38/><T85/><D131/><U23/><E23/><V112/><F112/><N who="3" m="43115" /><G30/><T49/><D121/><U52/><E115/><V86/><F80/><N who="3" m="47495" /><G77/><T48/><D99/><N who="1" m="61759" /><E102/><V65/><F65/><W129/><G129/><T46/><D28/><U74/><E74/><V0/><REACH who="2" step="1"/><F94/><REACH who="2" ten="219,317,170,284" step="2"/><W9/><G119/><T123/><D123/><U88/><E88/><V90/><F90/><W53/><G9/><T128/><D128/><U35/><E35/><V7/><AGARI ba="0,1" hai="0,1,2,7,8,12,72,73,81,86,91,98,103,105" machi="7" ten="30,7900,0" yaku="1,1,0,1,52,1,53,1" doraHai="100" doraHaiUra="83" who="2" fromWho="2" sc="219,-20,317,-39,170,89,284,-20" /><INIT seed="6,0,0,0,1,134" ten="199,278,259,264" oya="2" hai0="133,82,89,24,135,63,121,18,124,33,94,101,48" hai1="117,103,104,119,31,98,0,37,1,11,107,66,22" hai2="79,55,54,95,81,62,68,127,112,77,91,47,102" hai3="27,38,5,52,83,7,3,116,85,92,72,32,2"/><V88/><F127/><W125/><G125/><T57/><D121/><U12/><E37/><V75/><F112/><W45/><G116/><T129/><D124/><U118/><E66/><V46/><F102/><W97/><G72/><T23/><D129/><U110/><E110/><V10/><F10/><W78/><G3/><T42/><D33/><U122/><E122/><V53/><F79/><W114/><G114/><T14/><D101/><U74/><E74/><V70/><F91/><W115/><G2/><T50/><D82/><U41/><E41/><V130/><F130/><W80/><G80/><T6/><D42/><U4/><E107/><V13/><F13/><W28/><G115/><T35/><D135/><U71/><E71/><V43/><F62/><W126/><G38/><T132/><D132/><U87/><E87/><V108/><F108/><W51/><REACH who="3" step="1"/><G126/><REACH who="3" ten="199,278,259,254" step="2"/><T36/><D36/><U44/><E0/><V26/><F75/><W34/><G34/><T123/><D123/><U65/><E1/><V96/><F81/><W90/><AGARI ba="0,1" hai="5,7,27,28,32,45,51,52,78,83,85,90,92,97" machi="90" ten="20,5200,0" yaku="1,1,0,1,7,1,54,1,53,0" doraHai="134" doraHaiUra="59" who="3" fromWho="3" sc="199,-13,278,-13,259,-26,254,62" /><INIT seed="7,0,0,5,0,7" ten="186,265,233,316" oya="3" hai0="94,121,77,79,62,19,31,119,63,21,71,30,25" hai1="33,102,135,11,118,4,45,113,40,109,2,39,43" hai2="130,3,27,117,93,14,95,70,131,85,74,29,48" hai3="115,61,28,12,49,53,41,67,122,13,123,132,34"/><W91/><G41/><T17/><D119/><U83/><E109/><V133/><F117/><W66/><G115/><T18/><D121/><U36/><E118/><V10/><F74/><W68/><G67/><T20/><D71/><U1/><E113/><V44/><F70/><W106/><G132/><T0/><D0/><U105/><E135/><V42/><F3/><W57/><G106/><T6/><D6/><U24/><E1/><V47/><F133/><W58/><G68/><T96/><D77/><U99/><E83/><V112/><F112/><W8/><G13/><T98/><D79/><U128/><E128/><N who="2" m="49195" /><F47/><W73/><G73/><T89/><REACH who="0" step="1"/><D98/><REACH who="0" ten="176,265,233,316" step="2"/><U16/><E2/><V52/><F85/><W86/><G123/><T129/><D129/><U15/><E4/><N who="2" m="3399" /><F42/><W64/><G122/><T120/><D120/><U72/><E72/><V116/><F116/><W75/><G75/><T56/><D56/><U110/><E40/><V92/><F92/><W46/><G58/><T81/><D81/><U23/><E110/><V104/><F104/><W125/><G57/><T26/><AGARI ba="0,1" hai="17,18,19,20,21,25,26,30,31,62,63,89,94,96" machi="26" ten="30,12000,2" yaku="1,1,0,1,9,1,8,1,53,2" doraHai="7" doraHaiUra="59" who="0" fromWho="0" sc="176,130,265,-30,233,-30,316,-60" owari="306,40.0,235,-16.0,203,-30.0,256,6.0" /></mjloggm>