<mjloggm ver="2.3"><GO type="169" lobby="0"/><UN n0="%77%6F%6E%64%65%72%32" n1="%E2%98%85%E9%B3%B3%E8%9D%B6" n2="%7A%6F%6F%31%39%36%34" n3="%E3%83%88%E3%83%88%E3%83%AA%E5%85%88%E7%94%9F%31%39%E6%AD%B3" dan="16,16,18,19" rate="2127.58,2060.03,2261.69,2292.95" sx="M,M,M,F"/><TAIKYOKU oya="0"/><INIT seed="0,0,0,2,1,17" ten="250,250,250,250" oya="0" hai0="58,49,59,53,3,44,30,2,64,80,92,76,106" hai1="37,120,121,96,54,46,68,42,73,51,122,87,108" hai2="41,104,118,8,26,81,91,116,57,117,113,90,130" hai3="74,100,110,82,112,0,93,83,27,132,7,99,34"/><T50/><BYE who="2" /><D106/><U65/><E73/><V126/><F126/><W52/><G112/><T105/><D105/><U135/><E96/><UN n2="%7A%6F%6F%31%39%36%34" /><V10/><F113/><W12/><G0/><T85/><D30/><U20/><E87/><V56/><F104/><W9/><G110/><T109/><D109/><U127/><E108/><V31/><F41/><W18/><G132/><T78/><D78/><U14/><E14/><V103/><F103/><W75/><G75/><T33/><D33/><U128/><E127/><V125/><F125/><W134/><G74/><T1/><D92/><U70/><E135/><V66/><F130/><W4/><G134/><T15/><D15/><U123/><E128/><V60/><F57/><W36/><G36/><T40/><D64/><U24/><N who="1" m="30720" /><DORA hai="124" /><U94/><E94/><V45/><F45/><W101/><G101/><T61/><REACH who="0" step="1"/><D58/><REACH who="0" ten="240,250,250,250" step="2"/><U79/><E79/><V95/><F81/><W111/><G111/><T22/><D22/><U19/><REACH who="1" step="1"/><E65/><REACH who="1" ten="240,240,250,250" step="2"/><V6/><F95/><W98/><G93/><T43/><D43/><U129/><E129/><V119/><F119/><W63/><G99/><T16/><D16/><U88/><E88/><N who="2" m="33835" /><F6/><N who="3" m="3127" /><G98/><T35/><D35/><AGARI ba="0,2" hai="8,10,26,31,35,56,60,66,116,117,118" m="33835" machi="35" ten="30,2000,0" yaku="12,1,54,1" doraHai="17,124" who="2" fromWho="0" sc="240,-20,240,0,250,40,250,0" /><INIT seed="1,0,0,4,2,10" ten="220,240,290,250" oya="1" hai0="110,130,116,12,91,17,8,52,53,88,55,63,6" hai1="79,13,67,128,56,108,101,102,68,95,81,20,65" hai2="118,85,28,24,100,1,9,61,103,45,64,51,87" hai3="126,4,113,105,44,26,49,84,59,33,66,23,82"/><U54/><E68/><V122/><F122/><W76/><G113/><T42/><D116/><U75/><E128/><V115/><F118/><W15/><G33/><T123/><D123/><U18/><E108/><V47/><F115/><W96/><G126/><T134/><D130/><U39/><E39/><V32/><F47/><W30/><G105/><T125/><D134/><U60/><REACH who="1" step="1"/><E95/><REACH who="1" ten="220,230,290,250" step="2"/><V89/><F103/><AGARI ba="0,1" hai="13,18,20,54,56,60,65,67,75,79,81,101,102,103" machi="103" ten="40,7700,0" yaku="1,1,2,1,52,1,53,0" doraHai="10" doraHaiUra="92" who="1" fromWho="2" sc="220,0,230,87,290,-77,250,0" /><INIT seed="1,1,0,2,5,87" ten="220,317,213,250" oya="1" hai0="41,2,82,76,23,130,75,4,80,115,6,36,40" hai1="127,59,91,116,74,92,120,69,57,56,1,118,97" hai2="19,125,113,89,55,7,25,42,133,38,15,21,100" hai3="45,24,78,14,77,10,135,26,65,110,107,117,8"/><U86/><E120/><V106/><F113/><W66/><G107/><T61/><D115/><U103/><E1/><V84/><F133/><W47/><G14/><T28/><D130/><U102/><E127/><V111/><F111/><W94/><G94/><T67/><D82/><U48/><E69/><V85/><F125/><W17/><G110/><T29/><D23/><U53/><E74/><V3/><F3/><W104/><G104/><T122/><D40/><U70/><E70/><V0/><F0/><W98/><G98/><T16/><D6/><U50/><E102/><V112/><F85/><W105/><G105/><T68/><D16/><U35/><E35/><V108/><F42/><W58/><G58/><T34/><D34/><U60/><E60/><V88/><F84/><W44/><G117/><T83/><D83/><U114/><E114/><V64/><F38/><W20/><G135/><T62/><D62/><U119/><REACH who="1" step="1"/><E50/><REACH who="1" ten="220,307,213,250" step="2"/><V30/><F112/><W49/><G49/><T124/><D124/><U81/><AGARI ba="1,1" hai="48,53,56,57,59,81,86,91,92,97,103,116,118,119" machi="81" ten="30,11700,0" yaku="1,1,2,1,0,1,52,1,53,0" doraHai="87" doraHaiUra="31" who="1" fromWho="1" sc="220,-40,307,130,213,-40,250,-40" /><INIT seed="1,2,0,2,2,131" ten="180,437,173,210" oya="1" hai0="39,56,123,30,80,20,8,120,17,5,19,76,7" hai1="81,55,90,104,67,52,63,74,24,65,132,37,13" hai2="43,36,50,110,6,70,88,69,84,40,35,45,93" hai3="133,1,105,134,86,0,54,92,99,79,98,89,57"/><U130/><E132/><N who="3" m="50794" /><G79/><T111/><D39/><U62/><E37/><V11/><F35/><W47/><G47/><T95/><D95/><U85/><E104/><V97/><F110/><W44/><G44/><T117/><D56/><U3/><E3/><N who="3" m="1098" /><G105/><T116/><D80/><U2/><E2/><V18/><F40/><W33/><G33/><T61/><D76/><U122/><E122/><N who="0" m="46633" /><D61/><AGARI ba="2,0" hai="54,57,61,86,89,92,98,99" m="1098,50794" machi="61" ten="30,7700,0" yaku="20,1,52,3" doraHai="131" who="3" fromWho="0" sc="180,-83,437,0,173,0,210,83" /><INIT seed="2,0,0,2,0,47" ten="97,437,173,293" oya="2" hai0="60,8,3,37,89,51,107,94,0,66,84,55,132" hai1="129,98,11,22,96,10,73,113,85,39,25,128,4" hai2="102,49,119,110,75,62,6,31,131,80,126,93,101" hai3="64,118,134,86,14,36,44,67,105,125,83,78,26"/><V81/><F119/><W18/><G118/><T2/><D132/><U91/><E73/><V71/><F131/><N who="1" m="50249" /><E39/><V135/><F135/><W114/><G105/><T24/><D107/><U57/><E113/><V20/><F6/><W43/><G134/><T1/><D37/><U38/><E38/><V15/><F126/><W130/><G130/><T59/><D24/><U32/><E32/><V13/><F110/><W56/><G125/><T124/><D124/><U104/><E57/><V50/><F75/><W69/><G69/><T42/><D42/><U90/><E90/><V34/><F34/><W127/><G127/><T17/><N who="0" m="0" /><DORA hai="82" /><T21/><D21/><U120/><E120/><V88/><F62/><W61/><G26/><T7/><D7/><U58/><E58/><V68/><F68/><W41/><G41/><T72/><D72/><U111/><E111/><V12/><F71/><W76/><G114/><T33/><D33/><U99/><E104/><V28/><F20/><W48/><G36/><T16/><REACH who="0" step="1"/><D8/><REACH who="0" ten="87,437,173,293" step="2"/><U109/><E109/><V108/><F108/><W45/><G43/><T77/><D77/><U122/><E4/><V100/><F31/><W35/><G76/><T79/><D79/><U30/><E122/><V23/><F28/><W19/><G78/><T116/><D116/><U117/><E117/><V63/><F23/><W115/><G35/><T87/><D87/><U52/><E10/><V103/><N who="2" m="25600" /><DORA hai="5" /><V65/><F81/><W123/><G83/><T133/><D133/><U97/><E11/><V112/><F80/><W40/><G123/><T95/><D95/><RYUUKYOKU ba="0,1" sc="87,30,437,-10,173,-10,293,-10" hai0="16,17,51,55,59,60,66,84,89,94" /><INIT seed="3,1,1,0,0,7" ten="117,427,163,283" oya="3" hai0="10,125,35,134,133,67,79,113,53,96,42,122,57" hai1="1,23,127,18,85,89,73,32,45,60,94,87,26" hai2="21,92,116,117,120,77,44,43,14,110,54,13,55" hai3="126,2,25,129,63,71,114,64,28,38,6,119,30"/><W98/><G114/><T0/><D122/><U111/><E73/><V88/><F110/><W82/><G119/><T90/><D113/><U8/><E111/><V56/><F77/><W48/><G38/><T22/><D35/><U78/><E60/><V75/><F75/><W5/><G129/><T19/><D42/><U31/><E127/><V101/><F101/><W47/><G126/><T100/><D67/><U103/><E45/><V68/><F68/><W81/><G98/><T49/><D79/><U11/><E103/><V12/><F120/><W72/><G30/><T124/><D90/><U59/><E59/><V69/><F69/><W135/><G135/><T9/><D0/><U39/><E39/><V93/><F93/><W121/><G121/><T24/><D124/><U17/><E1/><V102/><F102/><W51/><G51/><T107/><REACH who="0" step="1"/><D125/><REACH who="0" ten="107,427,163,283" step="2"/><U108/><E108/><V115/><F115/><W131/><G2/><T20/><D20/><U106/><E32/><V33/><F33/><N who="3" m="20623" /><G131/><T15/><D15/><U66/><E23/><V118/><F21/><W4/><G72/><T86/><D86/><U3/><E85/><V132/><F132/><AGARI ba="1,2" hai="9,10,19,22,24,49,53,57,96,100,107,132,133,134" machi="132" ten="40,8000,1" yaku="1,1,20,1,52,2,53,1" doraHai="7" doraHaiUra="50" who="0" fromWho="2" sc="107,103,427,0,163,-83,283,0" /><INIT seed="4,0,0,4,0,121" ten="210,427,80,283" oya="0" hai0="10,49,0,37,1,92,74,104,32,130,114,73,9" hai1="90,127,17,22,99,2,126,45,64,75,58,100,129" hai2="24,98,57,59,63,13,105,78,34,82,97,80,51" hai3="48,39,66,31,135,67,117,91,61,116,94,125,93"/><T119/><D104/><U122/><E75/><V95/><F105/><W113/><G39/><T101/><D119/><U12/><E129/><V43/><F34/><W134/><G113/><T15/><D32/><U60/><E2/><V5/><F24/><W11/><G31/><T77/><D130/><U111/><E90/><V3/><F3/><W118/><G125/><N who="1" m="47626" /><E122/><V26/><F26/><W96/><G11/><T112/><D37/><U35/><E35/><V25/><F25/><W103/><G48/><T55/><D92/><N who="1" m="58471" /><E45/><V19/><F98/><N who="3" m="57663" /><G61/><T7/><D101/><U16/><E17/><V84/><F82/><W54/><G54/><T115/><D77/><U68/><E111/><V76/><F76/><W123/><G123/><T88/><D88/><U133/><E133/><AGARI ba="0,0" hai="66,67,94,96,103,116,117,118,133,134,135" m="57663" machi="133" ten="40,1300,0" yaku="20,1" doraHai="121" who="3" fromWho="1" sc="210,0,427,-13,80,0,283,13" /><INIT seed="5,0,0,5,2,26" ten="210,414,80,296" oya="1" hai0="110,8,21,16,127,12,2,73,109,114,115,74,37" hai1="30,29,97,15,10,81,65,51,23,85,54,112,118" hai2="82,132,1,43,76,55,46,131,107,100,75,83,125" hai3="117,56,11,105,0,86,40,84,7,116,108,123,50"/><U66/><E118/><N who="3" m="45674" /><G108/><N who="0" m="41579" /><D37/><U101/><E112/><N who="0" m="43049" /><D73/><U60/><E23/><V13/><F1/><W31/><G123/><T68/><D68/><U53/><E60/><V59/><F132/><W122/><G122/><T47/><D47/><U121/><E53/><V17/><F131/><W28/><G105/><T24/><D74/><U25/><E25/><V92/><F107/><W48/><G56/><T70/><D70/><U99/><E121/><V79/><F125/><W67/><G67/><N who="1" m="25610" /><E101/><V61/><F92/><W133/><G133/><T58/><D58/><N who="1" m="33119" /><E81/><V104/><F100/><W36/><G36/><T87/><D87/><N who="3" m="33321" /><G40/><T4/><D127/><U35/><E35/><V120/><F104/><W41/><G41/><T98/><D98/><N who="1" m="37387" /><E85/><V106/><F106/><W126/><G126/><T69/><D69/><U88/><E88/><V113/><F120/><W32/><G32/><T134/><D134/><U111/><E111/><V42/><F113/><W135/><G135/><T90/><D90/><U63/><E63/><V96/><F96/><W6/><G50/><T77/><D77/><U38/><E38/><V71/><F71/><W5/><G48/><T27/><AGARI ba="0,0" hai="2,4,8,12,16,21,24,27" m="43049,41579" machi="27" ten="40,8000,1" yaku="15,1,34,2,54,1" doraHai="26" who="0" fromWho="0" sc="210,80,414,-40,80,-20,296,-20" /><INIT seed="6,0,0,1,2,76" ten="290,374,60,276" oya="2" hai0="7,8,32,128,4,82,107,26,33,50,51,14,132" hai1="81,126,103,133,104,70,80,98,57,108,125,43,35" hai2="6,79,106,86,12,21,31,83,71,65,44,37,10" hai3="52,88,48,101,87,2,118,11,38,54,100,117,109"/><V134/><F134/><W59/><G109/><T0/><D107/><U67/><E108/><V115/><F106/><W45/><G117/><T36/><D36/><U69/><E133/><V53/><F115/><W72/><G72/><T18/><D132/><U5/><E43/><V93/><F71/><W122/><G122/><T15/><D128/><U123/><E123/><V113/><F65/><W89/><G118/><T121/><D121/><U9/><E35/><N who="0" m="13385" /><D82/><N who="1" m="31851" /><E57/><V99/><F113/><W63/><G38/><T62/><D62/><U111/><E111/><V96/><F37/><W92/><G2/><N who="0" m="23" /><D51/><U124/><E67/><V46/><F53/><N who="3" m="34287" /><G11/><N who="0" m="2535" /><D50/><U135/><E135/><V42/><F42/><N who="3" m="24631" /><G89/><T94/><D94/><U75/><E75/><V34/><F34/><W23/><G23/><AGARI ba="0,0" hai="14,15,18,23,26" m="2535,23,13385" machi="23" ten="30,8000,1" yaku="35,5" doraHai="76" who="0" fromWho="3" sc="290,80,374,0,60,0,276,-80" /><INIT seed="7,0,0,0,2,89" ten="370,374,60,196" oya="3" hai0="10,58,100,32,6,118,104,111,51,122,83,63,5" hai1="110,116,52,8,38,86,107,73,14,48,92,95,106" hai2="128,49,45,33,35,62,44,103,119,29,17,47,91" hai3="56,76,84,98,27,7,123,3,57,115,114,30,99"/><W61/><G123/><T127/><D122/><U117/><E73/><V59/><F128/><W15/><G3/><T26/><D118/><N who="1" m="45675" /><E38/><V55/><F119/><W88/><G76/><T71/><D111/><U74/><E74/><V24/><F35/><W82/><G56/><T135/><D127/><U50/><E110/><V78/><F78/><W41/><G41/><T20/><D135/><U2/><E48/><V16/><F103/><W87/><G87/><T42/><D32/><U93/><E86/><V66/><F45/><W18/><G7/><N who="0" m="2571" /><D71/><U64/><E64/><V40/><F47/><W85/><G85/><T39/><D39/><U125/><E125/><V105/><F105/><N who="1" m="39945" /><E2/><V79/><F79/><W120/><G120/><T90/><D104/><U68/><E68/><V129/><F129/><W1/><G1/><T124/><D124/><U70/><E70/><V133/><F133/><W108/><G108/><T113/><D113/><N who="3" m="43017" /><G27/><T53/><D100/><U80/><E80/><V77/><F77/><W112/><G30/><N who="0" m="17735" /><D10/><U11/><E14/><V96/><REACH who="2" step="1"/><F66/><REACH who="2" ten="370,374,50,196" step="2"/><N who="3" m="39215" /><G112/><T101/><D101/><U31/><E31/><V75/><F75/><W37/><G37/><T22/><D42/><U23/><E23/><AGARI ba="0,1" hai="15,18,23,82,84,88,98,99" m="39215,43017" machi="23" ten="30,2900,0" yaku="15,1,54,1" doraHai="89" who="3" fromWho="1" sc="370,0,374,-29,50,0,196,39" /><INIT seed="7,1,0,0,1,134" ten="370,345,50,235" oya="3" hai0="61,124,34,110,98,83,52,17,109,125,59,6,24" hai1="64,48,3,47,32,87,82,1,13,120,8,72,92" hai2="111,118,131,71,10,0,42,51,2,58,130,11,127" hai3="16,89,43,30,45,49,27,114,18,104,56,106,78"/><W117/><G117/><T133/><D6/><U101/><E120/><V63/><F118/><W113/><G78/><T108/><D133/><U126/><E32/><V75/><F75/><W26/><G56/><T88/><D34/><U66/><E72/><V107/><F107/><N who="3" m="41003" /><G89/><T77/><D77/><N who="1" m="46543" /><E126/><N who="0" m="48745" /><D109/><U79/><E1/><V93/><F127/><W36/><G36/><T128/><D128/><U55/><E3/><V15/><F71/><W4/><G4/><T100/><D100/><U39/><E79/><V70/><F70/><W25/><G30/><T62/><D62/><U23/><E23/><V135/><F135/><W86/><G86/><N who="0" m="50271" /><D98/><N who="1" m="59591" /><E39/><V12/><F111/><W80/><G80/><T105/><D105/><U122/><E122/><V95/><F63/><W38/><G38/><T28/><D28/><U7/><AGARI ba="1,0" hai="7,8,13,47,48,55,64,66" m="59591,46543" machi="7" ten="30,1100,0" yaku="8,1" doraHai="134" who="1" fromWho="1" sc="370,-4,345,14,50,-4,235,-6" owari="366,46.0,359,16.0,46,-45.0,229,-17.0" /></mjloggm>