<mjloggm ver="2.3"><GO type="169" lobby="0"/><UN n0="%E3%83%88%E3%83%88%E3%83%AA%E5%85%88%E7%94%9F%31%39%E6%AD%B3" n1="%53%52%2D%4B%4D" n2="%E5%A4%A7%E6%98%9F%E6%B7%A1%E3%81%82%E3%82%8F%E3%81%82%E3%82%8F" n3="%44%4F%57%EF%BC%81" dan="18,16,16,16" rate="2283.82,2119.20,2101.04,2018.67" sx="F,M,F,M"/><TAIKYOKU oya="0"/><INIT seed="0,0,0,5,1,101" ten="250,250,250,250" oya="0" hai0="61,14,18,27,71,9,26,85,127,8,87,44,80" hai1="7,28,115,126,121,46,33,128,91,49,90,116,22" hai2="88,112,47,20,119,50,95,51,12,134,93,68,31" hai3="97,113,92,25,39,109,65,62,125,133,43,81,11"/><T103/><D127/><U99/><E121/><V54/><F112/><W45/><G113/><T72/><D72/><U77/><E115/><V10/><F134/><W17/><G133/><T38/><D87/><U111/><E116/><V0/><F0/><W30/><G125/><T57/><D71/><U107/><E126/><V13/><F68/><W108/><G81/><T23/><D103/><N who="1" m="62975" /><E33/><V21/><F119/><W106/><G11/><N who="0" m="4171" /><D44/><U132/><E77/><V4/><F51/><W60/><G17/><T35/><D38/><U69/><E7/><V124/><F124/><W94/><G94/><T24/><D35/><U42/><E69/><V96/><F31/><W73/><G73/><T84/><D80/><U135/><E135/><V82/><F82/><W114/><G114/><T64/><AGARI ba="0,0" hai="14,18,23,24,26,27,57,61,64,84,85" m="4171" machi="64" ten="30,1500,0" yaku="8,1" doraHai="101" who="0" fromWho="0" sc="250,15,250,-5,250,-5,250,-5" /><INIT seed="0,1,0,2,4,54" ten="265,245,245,245" oya="0" hai0="132,28,21,84,62,122,38,115,67,100,55,41,87" hai1="60,17,68,112,23,85,56,134,15,51,29,83,5" hai2="52,16,69,22,40,79,126,7,42,101,90,89,135" hai3="39,78,110,104,3,123,76,10,71,75,94,93,49"/><T73/><D115/><U18/><E134/><V128/><F135/><W118/><G118/><T102/><D132/><U92/><E112/><V105/><F69/><W59/><G71/><T43/><D73/><U31/><E5/><V1/><F1/><W64/><G39/><T13/><D122/><U91/><E68/><V32/><F32/><W131/><G104/><T86/><D38/><U121/><E121/><V107/><F7/><W0/><G123/><T96/><D55/><U106/><E106/><V50/><F126/><W63/><G110/><T88/><D88/><N who="1" m="51263" /><E51/><V30/><F30/><W27/><G131/><T26/><D13/><U33/><E33/><V48/><F79/><W124/><G124/><T99/><D99/><N who="1" m="57759" /><E18/><V12/><F128/><W116/><G116/><T8/><D100/><U95/><E95/><V109/><F109/><W113/><G113/><T98/><D98/><U119/><E119/><V125/><F125/><W117/><G117/><T133/><D133/><U20/><E20/><V77/><F77/><W44/><G75/><T25/><D8/><U6/><E6/><V103/><F50/><W61/><G0/><T57/><REACH who="0" step="1"/><D25/><REACH who="0" ten="255,245,245,245" step="2"/><U65/><AGARI ba="1,1" hai="15,17,23,29,31,56,60,65" m="57759,51263" machi="65" ten="30,4000,0" yaku="8,1,52,1,54,1" doraHai="54" who="1" fromWho="1" sc="255,-21,245,53,245,-11,245,-11" /><INIT seed="1,0,0,2,0,88" ten="234,298,234,234" oya="1" hai0="63,59,131,38,84,69,130,48,61,21,30,91,18" hai1="87,71,60,121,94,114,20,123,13,56,86,66,28" hai2="3,35,17,11,129,47,24,132,126,73,9,5,12" hai3="104,120,65,42,95,92,51,127,52,82,116,100,115"/><U36/><E36/><V68/><F68/><W39/><G120/><T33/><D38/><U67/><E114/><V97/><F73/><W74/><G115/><T118/><D118/><U101/><E67/><V105/><F105/><W102/><G116/><T41/><D69/><U44/><E44/><V40/><F129/><N who="0" m="49162" /><D30/><U133/><E133/><V46/><F132/><W4/><G65/><T22/><D33/><U8/><E71/><V34/><F126/><W85/><G74/><T99/><D99/><N who="1" m="59639" /><E123/><V62/><F62/><N who="0" m="23562" /><D18/><N who="1" m="8487" /><E121/><V45/><F40/><W134/><G134/><T43/><D59/><U98/><E98/><V10/><F97/><W79/><G127/><T50/><D43/><U93/><E93/><N who="3" m="35914" /><G39/><T58/><D58/><U135/><E135/><V29/><F35/><W122/><G122/><T78/><D78/><U0/><E0/><V53/><F53/><W6/><G42/><T37/><D37/><U76/><E76/><V117/><F117/><W32/><G32/><T75/><D75/><U54/><E54/><V112/><F112/><W83/><G104/><T26/><D41/><U108/><E108/><V89/><F89/><W64/><G64/><T70/><D70/><U119/><E119/><V2/><F2/><W23/><G83/><N who="0" m="49567" /><D22/><AGARI ba="0,0" hai="3,5,9,10,11,12,17,22,24,29,34,45,46,47" machi="22" ten="40,2600,0" yaku="24,2" doraHai="88" who="2" fromWho="0" sc="234,-26,298,0,234,26,234,0" /><INIT seed="2,0,0,4,0,4" ten="208,298,260,234" oya="2" hai0="59,11,3,88,34,133,26,40,21,50,92,102,94" hai1="10,85,67,32,110,25,9,130,27,113,42,17,81" hai2="24,43,46,18,106,14,45,93,135,30,0,15,126" hai3="71,5,56,124,95,98,69,108,116,62,57,54,76"/><V16/><F106/><W13/><G116/><T31/><D133/><U80/><E113/><V1/><F135/><W87/><G108/><T128/><D128/><U22/><E110/><V61/><F126/><W114/><G124/><T6/><D102/><U44/><E130/><V55/><F93/><W109/><G114/><T52/><D40/><U86/><E67/><V51/><F14/><W2/><G2/><T79/><D79/><U104/><E104/><V47/><F47/><W83/><G57/><T48/><D94/><U73/><E73/><V28/><F18/><W123/><G123/><T74/><D74/><U99/><E99/><V7/><F7/><W77/><G77/><T19/><D34/><U132/><E132/><V8/><F61/><W125/><G109/><T33/><D33/><U115/><E115/><V90/><F90/><W36/><G36/><T127/><D127/><U89/><E27/><V100/><F100/><W64/><G64/><T20/><D20/><U70/><E70/><V129/><F129/><W78/><G78/><T122/><D122/><U105/><E32/><V112/><F112/><W38/><G38/><T96/><D31/><U111/><E105/><V68/><F68/><W66/><G66/><T75/><D75/><U41/><E111/><V65/><F65/><W107/><G107/><T119/><D119/><U118/><E118/><V60/><F60/><AGARI ba="0,0" hai="3,6,11,19,21,26,48,50,52,59,60,88,92,96" machi="60" ten="30,12000,2" yaku="7,1,25,2,52,1,54,2" doraHai="4" who="0" fromWho="2" sc="208,120,298,0,260,-120,234,0" /><INIT seed="3,0,0,2,4,105" ten="328,298,140,234" oya="3" hai0="30,11,26,111,90,132,13,39,113,127,42,65,17" hai1="86,15,47,8,4,92,20,58,79,44,2,107,135" hai2="77,22,81,134,64,24,1,83,124,28,41,122,97" hai3="114,80,109,40,108,104,128,88,60,27,98,9,130"/><W117/><G114/><T125/><D113/><U91/><E107/><V32/><F41/><W89/><G117/><T82/><D111/><N who="3" m="42569" /><G40/><T37/><D132/><U116/><E135/><V102/><F134/><W46/><G46/><T7/><D65/><U34/><E34/><V101/><F101/><N who="3" m="62519" /><G60/><T18/><D90/><N who="3" m="34921" /><G27/><T126/><D82/><U123/><E116/><V54/><F124/><W95/><G9/><T45/><D39/><U76/><E123/><V36/><F36/><W61/><G61/><T73/><D73/><U121/><E121/><V72/><F122/><W115/><G115/><T16/><D7/><U19/><REACH who="1" step="1"/><E58/><REACH who="1" ten="328,288,140,234" step="2"/><V52/><F32/><AGARI ba="0,1" hai="11,13,16,17,18,26,30,32,37,42,45,125,126,127" machi="32" ten="40,2600,0" yaku="18,1,54,1" doraHai="105" who="0" fromWho="2" sc="328,36,288,0,140,-26,234,0" /><INIT seed="4,0,0,4,1,4" ten="364,288,114,234" oya="0" hai0="113,2,92,69,108,18,83,76,127,51,74,35,115" hai1="47,107,5,116,67,30,43,123,102,63,85,50,132" hai2="110,11,94,8,45,26,52,120,27,73,46,58,66" hai3="75,41,1,48,72,119,10,111,97,91,135,15,90"/><T86/><D69/><U77/><E123/><V118/><F120/><W134/><G119/><T64/><D35/><U125/><E116/><V95/><F110/><W33/><G33/><T28/><D28/><U68/><E132/><N who="3" m="50730" /><G1/><T21/><D64/><U129/><E129/><V100/><F118/><W36/><G36/><T16/><D127/><U60/><E125/><V38/><F38/><W89/><G97/><T31/><D108/><U128/><E128/><V88/><F73/><N who="3" m="28235" /><G111/><T104/><D104/><U22/><E63/><N who="2" m="36295" /><F66/><W82/><G82/><T44/><D2/><U9/><E107/><V121/><F121/><W12/><G10/><N who="2" m="3625" /><F95/><W7/><G7/><T130/><D130/><U53/><E102/><V34/><F34/><W20/><G20/><T96/><D74/><U32/><E32/><V24/><F100/><W126/><G126/><T55/><D113/><U37/><E22/><V70/><F70/><W25/><G25/><N who="0" m="16815" /><D115/><U133/><E133/><V3/><F3/><W56/><G56/><T71/><D71/><U61/><E67/><V42/><F42/><W103/><G103/><AGARI ba="0,0" hai="16,18,44,51,55,76,83,86,92,96,103" m="16815" machi="103" ten="30,2900,0" yaku="8,1,54,1" doraHai="4" who="0" fromWho="3" sc="364,29,288,0,114,0,234,-29" /><INIT seed="4,1,0,3,3,113" ten="393,288,114,205" oya="0" hai0="39,33,18,14,13,64,93,84,103,134,86,70,31" hai1="46,135,6,80,100,72,96,121,99,77,62,112,95" hai2="32,0,108,115,88,128,52,12,27,82,90,55,29" hai3="11,1,102,111,69,78,43,74,3,28,120,44,107"/><T122/><D122/><U35/><E35/><V91/><F108/><W66/><G111/><T85/><D39/><U133/><E6/><V20/><F115/><W45/><G28/><T10/><D134/><N who="1" m="51211" /><E112/><V118/><F128/><W63/><G120/><T60/><D33/><U53/><E121/><V67/><F67/><W59/><G59/><T30/><D103/><N who="1" m="60831" /><E62/><V119/><F0/><W51/><G11/><T50/><D93/><N who="1" m="58479" /><E46/><V9/><F82/><W92/><G92/><T56/><D70/><U57/><E57/><V104/><F104/><W116/><G45/><T101/><D101/><U81/><E53/><V37/><F37/><W42/><G42/><T61/><D61/><U22/><E22/><V97/><F97/><W38/><G51/><T5/><D50/><U94/><E81/><V73/><F73/><W17/><G17/><T79/><D31/><U68/><E94/><V126/><F126/><W23/><G23/><N who="0" m="11727" /><D30/><U124/><E68/><V110/><F110/><W98/><G78/><AGARI ba="1,0" hai="5,10,14,56,60,64,78,79,84,85,86" m="11727" machi="78" ten="30,1500,0" yaku="8,1" doraHai="113" who="0" fromWho="3" sc="393,18,288,0,114,0,205,-18" /><INIT seed="4,2,0,3,5,105" ten="411,288,114,187" oya="0" hai0="71,133,91,123,83,17,80,65,103,36,2,11,114" hai1="73,89,127,41,68,125,94,21,75,31,4,115,15" hai2="59,54,50,9,0,119,109,52,82,126,134,48,22" hai3="104,106,110,39,16,57,117,99,76,107,12,118,92"/><T70/><D123/><U24/><E68/><V63/><F109/><W61/><G110/><T44/><D114/><U66/><E66/><V130/><F134/><W25/><G39/><T95/><D133/><U20/><E41/><V1/><F130/><W100/><G76/><T19/><D103/><U132/><E132/><V30/><F126/><N who="1" m="48137" /><E115/><V34/><F34/><W120/><G25/><T122/><D122/><U46/><E46/><V3/><F119/><W23/><REACH who="3" step="1"/><G120/><REACH who="3" ten="411,288,114,177" step="2"/><T27/><D27/><U72/><E24/><V79/><F30/><W55/><AGARI ba="2,1" hai="12,16,23,55,57,61,92,99,100,104,106,107,117,118" machi="55" ten="30,7900,0" yaku="1,1,2,1,0,1,54,1,53,0" doraHai="105" doraHaiUra="128" who="3" fromWho="3" sc="411,-41,288,-22,114,-22,177,95" /><INIT seed="5,0,0,3,4,122" ten="370,266,92,272" oya="1" hai0="16,26,97,19,99,102,94,66,77,57,14,50,83" hai1="87,5,61,106,69,117,114,1,44,56,25,33,129" hai2="21,47,35,55,13,23,18,123,51,86,11,79,3" hai3="124,135,63,48,2,82,68,39,7,120,108,45,6"/><U75/><E75/><V70/><F123/><W37/><G120/><T101/><D26/><U28/><E117/><V22/><F70/><W52/><G135/><T27/><D27/><U9/><E106/><V112/><F112/><W53/><G124/><T91/><D14/><U90/><E69/><V65/><F65/><W62/><G82/><T10/><D10/><U74/><E74/><V113/><F113/><W134/><G2/><T127/><D127/><U76/><E114/><V29/><F35/><W15/><G15/><T93/><D91/><U92/><E76/><V121/><F121/><W105/><G105/><T60/><D50/><U132/><E44/><V17/><F3/><W4/><G134/><T84/><AGARI ba="0,0" hai="16,19,57,60,66,77,83,84,93,94,97,99,101,102" machi="84" ten="20,8000,1" yaku="0,1,7,1,9,1,8,1,54,1" doraHai="122" who="0" fromWho="0" sc="370,80,266,-40,92,-20,272,-20" /><INIT seed="6,0,0,0,0,48" ten="450,226,72,252" oya="2" hai0="67,50,80,65,74,115,130,93,99,89,103,126,135" hai1="10,86,60,66,19,8,131,77,87,92,123,118,28" hai2="35,95,3,96,1,55,57,21,17,32,22,42,112" hai3="11,45,119,106,24,108,81,38,116,104,61,132,88"/><V20/><F112/><W68/><G108/><T75/><D115/><U34/><E118/><V23/><F42/><W117/><G24/><T33/><D33/><U29/><E131/><V101/><F32/><W111/><G111/><T0/><D0/><U125/><E125/><V7/><F35/><W41/><G11/><T127/><D130/><U58/><E123/><V44/><F44/><W79/><G132/><T30/><D30/><N who="1" m="11883" /><E34/><V90/><F7/><W129/><G129/><T97/><D135/><U133/><E133/><V56/><F56/><W40/><G40/><T120/><D120/><U69/><E69/><V100/><F1/><W102/><G102/><T64/><D50/><U113/><E113/><V25/><REACH who="2" step="1"/><F3/><REACH who="2" ten="450,226,62,252" step="2"/><W31/><G45/><T4/><D4/><U62/><E58/><V15/><F15/><W122/><G41/><T52/><D127/><U18/><E66/><V124/><F124/><W91/><G119/><T134/><D126/><U53/><E62/><AGARI ba="0,1" hai="17,20,21,22,23,25,55,57,62,90,95,96,100,101" machi="62" ten="40,12000,1" yaku="1,1,25,2,8,1,52,1,53,0" doraHai="48" doraHaiUra="72" who="2" fromWho="1" sc="450,0,226,-120,62,130,252,0" /><INIT seed="6,1,0,2,1,31" ten="450,106,192,252" oya="2" hai0="85,7,30,55,81,130,112,119,19,98,37,67,135" hai1="21,53,42,101,115,12,103,36,35,126,44,11,32" hai2="91,109,87,18,51,128,5,22,8,0,26,73,54" hai3="61,64,1,38,14,70,107,24,106,134,102,49,6"/><V71/><F71/><W47/><G1/><T76/><D37/><U129/><E115/><V59/><F109/><W83/><G38/><T113/><D130/><U56/><E129/><V15/><F128/><W77/><G102/><T105/><D135/><U66/><E66/><V127/><F127/><W120/><G120/><T110/><D110/><U100/><E21/><V114/><F114/><W92/><G92/><T16/><D119/><U62/><REACH who="1" step="1"/><E126/><REACH who="1" ten="450,96,192,252" step="2"/><V125/><F125/><W132/><G64/><T3/><D67/><U50/><E50/><V97/><F73/><W104/><G49/><T90/><D112/><U33/><E33/><V84/><F0/><W99/><G134/><T124/><D113/><U43/><E43/><V116/><F116/><W9/><G132/><T75/><D124/><U80/><E80/><V121/><F121/><W63/><G83/><T58/><D81/><U13/><E13/><V74/><F74/><W17/><G14/><T23/><D75/><U79/><E79/><V45/><F45/><W72/><G77/><T111/><D76/><U69/><E69/><V133/><F133/><W28/><G47/><T2/><D3/><U82/><E82/><V96/><F87/><W29/><G72/><T4/><D85/><U86/><E86/><V95/><AGARI ba="1,1" hai="5,8,15,18,22,26,51,54,59,84,91,95,96,97" machi="95" ten="20,3900,0" yaku="0,1,7,1,8,1" doraHai="31" who="2" fromWho="2" sc="450,-14,96,-14,192,52,252,-14" /><INIT seed="6,2,0,1,4,64" ten="436,82,244,238" oya="2" hai0="70,59,0,95,109,62,85,13,56,23,25,69,24" hai1="106,71,77,75,20,99,104,37,9,36,2,79,82" hai2="31,48,130,121,8,127,40,87,129,3,98,39,21" hai3="30,57,132,29,86,18,108,33,128,68,4,107,110"/><V43/><F121/><W74/><G107/><T113/><D109/><U38/><E99/><V72/><F72/><W7/><G74/><T112/><D0/><U118/><E20/><V126/><F39/><W63/><G68/><N who="0" m="26219" /><D59/><U53/><E53/><V14/><F98/><W42/><G18/><N who="0" m="10703" /><D95/><U124/><E118/><V65/><F65/><W50/><G86/><T49/><D49/><U116/><E124/><N who="2" m="47659" /><F87/><W91/><G91/><T96/><D85/><U5/><E116/><V19/><F48/><W44/><G128/><N who="2" m="49257" /><F31/><W100/><G29/><T125/><D96/><U26/><E79/><V133/><F133/><W73/><G132/><T6/><D125/><U88/><E88/><V34/><F34/><W84/><G33/><T97/><D97/><U55/><E55/><V115/><F115/><W134/><G134/><T66/><D113/><U78/><E78/><V32/><F32/><W103/><G30/><T51/><D51/><U105/><E71/><V122/><F122/><W83/><G84/><T81/><D112/><U46/><E46/><V16/><F3/><W27/><G50/><T90/><D81/><U76/><E76/><V131/><N who="2" m="49265" /><V120/><DORA hai="17" /><F120/><W80/><G80/><T94/><D90/><U111/><E111/><V89/><F89/><W11/><G83/><T60/><D60/><U123/><E123/><V92/><F92/><W15/><G63/><T10/><D94/><U12/><E2/><V52/><F52/><W135/><G135/><T117/><D117/><U45/><E45/><V119/><F119/><W102/><G110/><T41/><D41/><RYUUKYOKU ba="2,0" sc="436,10,82,10,244,10,238,-30" hai0="6,10,24,25,56,62,66" hai1="5,9,12,26,36,37,38,75,77,82,104,105,106" hai2="8,14,16,19,21,40,43" /><INIT seed="6,3,0,3,3,1" ten="446,92,254,208" oya="2" hai0="58,5,80,86,39,125,23,47,101,37,41,48,40" hai1="103,13,33,10,127,62,66,120,50,36,57,19,67" hai2="54,32,83,77,4,90,78,95,131,52,89,85,119" hai3="43,81,129,88,73,0,42,21,38,44,35,29,60"/><V63/><F119/><W72/><G35/><T74/><D74/><U124/><E36/><V22/><F32/><W118/><G118/><T53/><D125/><N who="1" m="48203" /><E33/><V69/><F131/><W28/><G129/><T100/><D5/><U121/><E103/><N who="0" m="39497" /><D39/><U108/><E108/><V115/><F115/><W26/><G0/><T106/><D37/><U122/><E50/><V135/><F135/><W126/><G73/><T56/><D106/><U2/><E2/><V70/><F22/><W79/><G72/><T96/><D96/><U132/><E132/><V94/><F83/><W6/><G38/><T93/><D93/><U16/><E67/><V55/><F63/><W3/><G3/><T92/><D92/><U109/><E109/><V14/><F70/><W104/><G104/><T123/><D123/><N who="1" m="31491" /><U110/><DORA hai="107" /><E110/><V128/><F128/><W59/><G126/><T114/><D114/><U112/><E112/><V116/><F69/><W20/><G60/><T18/><D41/><U113/><E113/><V82/><F116/><W117/><G43/><T46/><D46/><U71/><E71/><V49/><F49/><W133/><G133/><T91/><D40/><U65/><E65/><V12/><F82/><W17/><G117/><T7/><D23/><U15/><E15/><V64/><F64/><W34/><G34/><T111/><D80/><U87/><E87/><N who="2" m="52543" /><F14/><W75/><G81/><T61/><D111/><U84/><E84/><V134/><F134/><W99/><G21/><T97/><D48/><U31/><E31/><V76/><F12/><W11/><G20/><T9/><D86/><RYUUKYOKU ba="3,0" sc="446,-15,92,15,254,15,208,-15" hai1="10,13,16,19,57,62,66" hai2="4,52,54,55,76,77,78,85,90,95" /><INIT seed="6,4,0,5,2,122" ten="431,107,269,193" oya="2" hai0="25,26,41,22,30,120,27,107,44,74,95,63,117" hai1="16,51,1,127,129,125,53,97,46,31,77,128,119" hai2="98,58,21,9,62,11,24,78,3,49,85,39,18" hai3="50,96,91,75,28,106,110,124,118,90,59,99,32"/><V114/><F39/><W7/><G118/><T54/><D120/><U108/><E119/><V48/><F114/><W45/><G75/><T132/><D107/><U68/><E1/><V101/><F3/><W93/><G124/><N who="1" m="47690" /><E68/><V23/><F78/><W84/><G7/><T47/><D74/><U40/><E31/><V135/><F135/><W73/><G73/><T33/><D132/><U34/><E34/><V92/><F85/><W4/><G4/><T116/><D116/><U66/><E66/><N who="2" m="39255" /><F21/><W29/><G59/><N who="0" m="35319" /><D33/><U5/><E5/><V88/><F101/><W102/><G32/><T81/><D117/><U133/><E133/><V94/><F94/><W121/><G121/><T56/><D81/><U42/><E77/><V83/><F83/><W2/><G2/><T13/><D41/><N who="1" m="15979" /><E97/><V6/><F6/><W113/><G113/><T103/><D56/><U36/><E36/><V76/><F76/><W61/><G99/><N who="0" m="59903" /><D30/><U130/><E16/><AGARI ba="4,0" hai="13,16,22,25,26,27,44,47" m="59903,35319" machi="16" ten="30,2000,0" yaku="8,1,54,1" doraHai="122" who="0" fromWho="1" sc="431,32,107,-32,269,0,193,0" /><INIT seed="7,0,0,2,1,4" ten="463,75,269,193" oya="3" hai0="34,124,8,106,21,133,47,75,115,13,16,80,73" hai1="100,59,123,89,112,17,20,49,119,63,55,90,98" hai2="122,29,91,33,86,7,108,36,118,113,111,116,15" hai3="35,120,45,132,135,110,50,48,31,107,97,68,114"/><W10/><G120/><T130/><D106/><U96/><E112/><V71/><F71/><W83/><G110/><T76/><D34/><U0/><E0/><V125/><F36/><W66/><G114/><T39/><D115/><U121/><E119/><V61/><F113/><W1/><G83/><T131/><D133/><N who="3" m="51273" /><G45/><T64/><D124/><U56/><E121/><V11/><F122/><W23/><G35/><T95/><D64/><U22/><E123/><V105/><F125/><W62/><G107/><T87/><D95/><U18/><E100/><V26/><F105/><W109/><G109/><T27/><D39/><U102/><E102/><V43/><F111/><W37/><G37/><T74/><REACH who="0" step="1"/><D47/><REACH who="0" ten="453,75,269,193" step="2"/><U9/><E63/><V79/><F108/><W42/><G42/><T128/><D128/><U67/><E67/><V92/><F61/><W88/><G23/><T82/><D82/><U69/><E69/><V93/><F43/><W51/><G31/><AGARI ba="0,1" hai="8,13,16,21,27,31,73,74,75,76,80,87,130,131" machi="31" ten="40,5200,0" yaku="1,1,52,1,54,1,53,0" doraHai="4" doraHaiUra="28" who="0" fromWho="3" sc="453,62,75,0,269,0,193,-52" owari="515,61.0,75,-42.0,269,7.0,141,-26.0" /></mjloggm>