<mjloggm ver="2.3"><GO type="169" lobby="0"/><UN n0="%30%E3%81%8F%E3%83%BC%E3%81%AB%E3%82%83%E3%82%93%30" n1="%E3%82%A6%E3%83%AB%E3%83%88%E3%83%A9%E7%AB%8B%E7%9B%B4" n2="%E5%BA%83%E5%B3%B6%E3%81%AE%E7%A8%AE%E9%A6%AC" n3="%E6%B2%99%E7%B9%94%E3%83%90%E3%82%B8%E3%83%BC%E3%83%8A" dan="17,18,17,16" rate="2232.59,2252.18,2226.45,2180.77" sx="F,M,M,F"/><TAIKYOKU oya="0"/><INIT seed="0,0,0,0,1,121" ten="250,250,250,250" oya="0" hai0="96,60,102,80,78,2,105,109,50,98,57,43,44" hai1="135,29,53,95,11,84,117,59,36,130,126,51,133" hai2="40,85,21,17,68,124,69,1,8,106,90,30,52" hai3="34,88,73,25,45,10,62,120,16,32,129,46,70"/><T64/><D2/><U111/><E117/><V47/><F106/><W128/><G73/><T134/><D134/><N who="1" m="51211" /><E36/><V20/><F124/><W113/><G113/><T9/><D9/><U65/><E130/><N who="3" m="50282" /><G120/><T18/><D18/><U22/><E126/><V6/><F30/><W12/><G70/><T123/><D123/><U122/><E122/><V13/><F21/><W77/><G77/><T112/><D112/><U75/><E75/><V48/><REACH who="2" step="1"/><F40/><REACH who="2" ten="250,250,240,250" step="2"/><W108/><G34/><T0/><D0/><U42/><E22/><V33/><F33/><W127/><G127/><T3/><D3/><U116/><E42/><V66/><F66/><W19/><G32/><T26/><D26/><U87/><E65/><V27/><F27/><W86/><G25/><T39/><D105/><U72/><E29/><V28/><F28/><W114/><G114/><T131/><D131/><U100/><E116/><V76/><F76/><W79/><G79/><T82/><D78/><U81/><E72/><V91/><F91/><W89/><G89/><T71/><D102/><U61/><E100/><V49/><F49/><W7/><G62/><T125/><D125/><U83/><E51/><V23/><F23/><W38/><G38/><T94/><D39/><U92/><E61/><V15/><F15/><W67/><G67/><T5/><D60/><U118/><E118/><V58/><F58/><W115/><G115/><T31/><D57/><U119/><E59/><V104/><F104/><W56/><G56/><T103/><D64/><U110/><E119/><V35/><F35/><W101/><G101/><T93/><D103/><RYUUKYOKU ba="0,1" sc="250,-10,250,-10,240,30,250,-10" hai2="1,6,8,13,17,20,47,48,52,68,69,85,90" /><INIT seed="1,1,1,4,1,43" ten="240,240,270,240" oya="1" hai0="0,107,82,79,27,118,22,60,88,121,76,23,132" hai1="29,125,117,104,69,17,109,62,10,24,45,102,129" hai2="2,94,42,68,64,74,21,72,16,77,13,96,30" hai3="51,113,54,39,57,55,65,110,97,71,58,61,119"/><U35/><E117/><V38/><F2/><W6/><G6/><T80/><D118/><U133/><E129/><V53/><F30/><W111/><G119/><T95/><D107/><U11/><E125/><V130/><F130/><W46/><G97/><T106/><D106/><U14/><E133/><V4/><F4/><W56/><G113/><T66/><D0/><U112/><E112/><V120/><F120/><W28/><G28/><T37/><D37/><U8/><E109/><N who="3" m="41482" /><G39/><T34/><D132/><U41/><E102/><V1/><F1/><W20/><G20/><T47/><D121/><U50/><REACH who="1" step="1"/><E104/><REACH who="1" ten="240,230,270,240" step="2"/><V31/><F74/><W48/><AGARI ba="1,2" hai="46,48,51,54,55,56,57,58,61,65,71" m="41482" machi="48" ten="30,7900,0" yaku="14,1,34,2,52,1" doraHai="43" who="3" fromWho="3" sc="240,-21,230,-40,270,-21,240,102" /><INIT seed="2,0,0,1,2,58" ten="219,190,249,342" oya="2" hai0="4,28,8,62,43,95,37,86,81,9,103,102,133" hai1="98,60,83,25,104,56,119,57,105,33,42,17,87" hai2="73,39,121,101,84,79,124,129,118,82,47,89,24" hai3="115,111,29,14,13,88,91,16,10,120,127,135,23"/><V31/><F118/><W113/><G120/><T94/><D133/><U93/><E119/><V53/><F121/><W72/><G72/><T71/><D28/><U114/><E42/><V35/><F124/><W46/><G135/><T40/><D37/><U1/><E1/><V34/><F129/><W52/><G127/><T68/><D86/><U61/><E114/><N who="3" m="43530" /><G111/><T45/><D45/><U7/><E7/><V85/><F101/><W0/><G0/><T100/><D81/><U117/><E117/><V128/><F128/><W44/><G44/><T64/><D71/><U106/><E33/><V36/><F35/><W51/><G29/><T48/><D9/><U110/><E110/><V50/><REACH who="2" step="1"/><F73/><REACH who="2" ten="219,190,239,342" step="2"/><W22/><G22/><T26/><D102/><N who="1" m="60751" /><E105/><V69/><F69/><W80/><G80/><AGARI ba="0,1" hai="24,31,34,36,39,47,50,53,79,80,82,84,85,89" machi="80" ten="30,2900,0" yaku="1,1,7,1,53,0" doraHai="58" doraHaiUra="65" who="2" fromWho="3" sc="219,0,190,0,239,39,342,-29" /><INIT seed="2,1,0,4,2,27" ten="219,190,278,313" oya="2" hai0="67,21,56,16,71,13,17,114,100,70,31,104,50" hai1="68,0,98,87,105,91,53,15,129,122,78,5,45" hai2="121,115,110,119,82,113,10,117,24,7,92,109,61" hai3="57,66,42,54,97,80,47,63,127,125,102,4,107"/><V23/><F92/><W79/><G4/><T26/><D114/><N who="2" m="43530" /><F82/><W99/><G99/><T51/><D104/><U131/><E0/><N who="2" m="359" /><F61/><W69/><G54/><T112/><D112/><U8/><E68/><V2/><F2/><W74/><REACH who="3" step="1"/><G57/><REACH who="3" ten="219,190,278,303" step="2"/><T132/><D100/><U111/><E122/><V89/><F121/><W118/><G118/><N who="2" m="45065" /><F89/><W81/><G81/><T62/><D56/><U39/><E91/><V43/><F43/><W46/><G46/><T38/><D67/><U72/><E45/><V32/><F32/><W18/><G18/><AGARI ba="1,1" hai="18,23,24,109,110" m="45065,359,43530" machi="18" ten="40,3900,0" yaku="34,2" doraHai="27" who="2" fromWho="3" sc="219,0,190,0,278,52,303,-42" /><INIT seed="2,2,0,4,5,89" ten="219,190,330,261" oya="2" hai0="37,22,35,95,122,99,58,38,67,117,48,81,25" hai1="100,17,66,97,118,24,134,10,125,92,36,123,46" hai2="49,87,41,105,85,106,5,56,27,34,130,115,103" hai3="83,51,57,90,4,79,28,108,110,53,31,61,65"/><V116/><F115/><W11/><G90/><T47/><D35/><U40/><E118/><V75/><F75/><W7/><G7/><T13/><D122/><U69/><E125/><V19/><F116/><W45/><G110/><T88/><D117/><U109/><E109/><V76/><F5/><W98/><G98/><T71/><D13/><U78/><E134/><V72/><F72/><W101/><G101/><T1/><D1/><U112/><E112/><V26/><F130/><W94/><G94/><T62/><D71/><U119/><E119/><V9/><F87/><W107/><G107/><T114/><D114/><U50/><E123/><V131/><F131/><W39/><G39/><T2/><D2/><U96/><E78/><V128/><F128/><W124/><G124/><T93/><D81/><U111/><E111/><V113/><F103/><W129/><G129/><T133/><D133/><U63/><E97/><V12/><F27/><W52/><G53/><T54/><REACH who="0" step="1"/><D93/><REACH who="0" ten="209,190,330,261" step="2"/><U68/><E68/><V127/><F34/><W30/><G108/><T70/><D70/><U102/><E24/><V59/><F26/><W84/><REACH who="3" step="1"/><G30/><AGARI ba="2,1" hai="22,25,30,37,38,47,48,54,58,62,67,88,95,99" machi="30" ten="30,8000,1" yaku="1,1,7,1,52,1,54,1,53,1" doraHai="89" doraHaiUra="60" who="0" fromWho="3" sc="209,96,190,0,330,0,261,-86" /><INIT seed="3,0,0,1,1,135" ten="305,190,330,175" oya="3" hai0="112,109,114,43,35,105,121,0,34,125,53,45,49" hai1="42,129,17,36,6,14,99,115,108,22,63,90,59" hai2="3,9,18,71,19,107,75,60,28,32,7,41,33" hai3="44,91,101,117,8,62,79,16,116,123,134,76,73"/><W93/><G123/><T55/><D0/><U50/><E115/><N who="0" m="44073" /><D121/><U78/><E108/><V132/><F41/><W84/><G134/><T89/><D105/><U128/><E36/><V70/><F75/><W46/><G101/><T25/><D109/><U111/><E78/><V119/><F107/><W130/><G130/><N who="1" m="50282" /><E111/><V58/><F119/><W23/><G8/><T24/><D89/><U88/><E6/><V74/><F74/><W61/><G117/><T77/><D77/><N who="3" m="29769" /><G73/><T87/><D87/><U100/><E50/><V97/><F97/><W68/><G68/><T106/><D106/><N who="1" m="63775" /><E42/><V120/><F7/><W127/><G116/><T103/><D103/><U126/><E126/><V69/><F120/><W12/><G127/><T2/><D2/><U80/><E80/><V96/><F3/><W124/><G124/><T5/><D5/><U86/><E86/><V30/><F132/><W29/><G29/><N who="0" m="19751" /><D125/><U27/><E14/><V131/><F131/><W85/><G85/><T82/><D82/><U94/><E94/><V26/><F96/><W83/><G83/><T4/><D4/><U118/><E118/><V13/><F30/><AGARI ba="0,0" hai="25,30,35,43,45,49,53,55" m="19751,44073" machi="30" ten="30,1000,0" yaku="11,1" doraHai="135" who="0" fromWho="2" sc="305,10,190,0,330,-10,175,0" /><INIT seed="4,0,0,0,0,123" ten="315,190,320,175" oya="0" hai0="110,131,60,37,106,75,104,44,114,88,59,13,90" hai1="97,26,35,54,56,122,66,82,63,103,87,124,77" hai2="72,16,5,15,92,86,84,17,108,113,134,64,0" hai3="107,68,45,95,73,78,51,42,79,52,1,39,27"/><T34/><D34/><U128/><E128/><V127/><F72/><W133/><G107/><T9/><D75/><U89/><E124/><V70/><F108/><W41/><G1/><T4/><D131/><U24/><E122/><V125/><F0/><W58/><G133/><T28/><D28/><U33/><E33/><V14/><F134/><W71/><G42/><T62/><D114/><U46/><E35/><V135/><F135/><W121/><G121/><T43/><D110/><U126/><E126/><V67/><F92/><W111/><G111/><T53/><REACH who="0" step="1"/><D60/><REACH who="0" ten="305,190,320,175" step="2"/><U102/><E63/><V25/><F113/><W116/><G73/><T32/><D32/><U98/><E103/><V29/><F29/><W99/><G116/><T61/><D61/><U10/><E102/><V7/><F125/><W48/><G68/><T119/><D119/><U30/><E30/><V115/><F70/><W19/><G71/><T2/><D2/><U91/><E98/><V31/><F31/><W94/><G39/><T11/><D11/><U20/><E10/><V100/><F100/><W55/><G99/><T129/><D129/><U105/><E97/><V101/><F101/><W85/><G51/><T21/><D21/><U96/><E20/><V109/><F109/><W120/><G120/><T22/><D22/><U57/><E96/><V47/><F115/><W38/><G38/><T40/><D40/><U76/><E105/><AGARI ba="0,1" hai="4,9,13,37,43,44,53,59,62,88,90,104,105,106" machi="105" ten="40,3900,0" yaku="1,1,54,1,53,0" doraHai="123" doraHaiUra="130" who="0" fromWho="1" sc="305,49,190,-39,320,0,175,0" /><INIT seed="4,1,0,3,3,2" ten="354,151,320,175" oya="0" hai0="30,63,64,71,20,56,106,67,51,50,46,17,122" hai1="127,75,21,93,117,40,131,0,94,85,129,49,32" hai2="73,62,113,109,13,18,116,133,112,57,115,68,105" hai3="70,111,36,29,37,23,100,130,126,72,89,19,58"/><T91/><D106/><U61/><E32/><V99/><F109/><W11/><G70/><T12/><D122/><U9/><E75/><V22/><F73/><W97/><G111/><T125/><D125/><U104/><E104/><V84/><F68/><W87/><G72/><T92/><D71/><U5/><E117/><V66/><F116/><W102/><G126/><T88/><D30/><U96/><E127/><V108/><F108/><W95/><G130/><N who="1" m="49674" /><E61/><V24/><F84/><W52/><G29/><T82/><D67/><U47/><E85/><V1/><F1/><W90/><G11/><T26/><D82/><U7/><E21/><V76/><F76/><W14/><G37/><T132/><D132/><U6/><E94/><V33/><F133/><W31/><G36/><T35/><D35/><U54/><E40/><V10/><F33/><W80/><REACH who="3" step="1"/><G31/><REACH who="3" ten="354,151,320,165" step="2"/><T83/><D51/><AGARI ba="1,1" hai="14,19,23,51,52,58,80,87,89,90,95,97,100,102" machi="51" ten="30,12000,2" yaku="1,1,2,1,7,1,8,1,54,1,53,1" doraHai="2" doraHaiUra="78" who="3" fromWho="0" sc="354,-123,151,0,320,0,165,133" /><INIT seed="5,0,0,0,3,93" ten="231,151,320,298" oya="1" hai0="83,81,133,49,87,104,52,4,96,126,41,60,130" hai1="48,17,90,56,108,121,39,32,57,63,85,102,120" hai2="132,22,3,34,35,114,73,14,33,26,13,68,100" hai3="31,92,105,77,59,88,79,91,82,66,135,122,46"/><U110/><E39/><V89/><F68/><W24/><G105/><T95/><D130/><U111/><E32/><V0/><F73/><W84/><G122/><T16/><D133/><U40/><E102/><V64/><F64/><W21/><G135/><T15/><D126/><U8/><E8/><V99/><F89/><W38/><G38/><T107/><D4/><U50/><E17/><V123/><F123/><N who="1" m="47177" /><E85/><V117/><F117/><W47/><G91/><T18/><D41/><U62/><E90/><V71/><F71/><W27/><G27/><T58/><D18/><U72/><E72/><V103/><F114/><W128/><G128/><T115/><D115/><U75/><E75/><V134/><F34/><W11/><G11/><N who="0" m="6271" /><D107/><U54/><E40/><V36/><F26/><W10/><G10/><T127/><D104/><U119/><E119/><V55/><F36/><W67/><G77/><N who="0" m="46511" /><D83/><U80/><E80/><V2/><F2/><W98/><G66/><AGARI ba="0,0" hai="48,50,54,56,57,62,63,66,108,110,111" m="47177" machi="66" ten="40,7700,0" yaku="10,1,34,2" doraHai="93" who="1" fromWho="3" sc="231,0,151,77,320,0,298,-77" /><INIT seed="5,1,0,3,3,87" ten="231,228,320,221" oya="1" hai0="109,49,80,24,123,46,128,39,135,92,45,25,29" hai1="130,62,85,44,77,43,12,99,6,15,3,16,114" hai2="119,82,107,88,59,101,23,2,61,7,48,124,60" hai3="117,67,30,126,131,14,96,102,4,1,68,66,13"/><U47/><E3/><V42/><F119/><W54/><G117/><T127/><D109/><U120/><E120/><V75/><F124/><W51/><G126/><T71/><D127/><U64/><E114/><V56/><F75/><W36/><G36/><T10/><D71/><U5/><E130/><V113/><F107/><W104/><G131/><T73/><D128/><U63/><E99/><V33/><F33/><W21/><G1/><T18/><D123/><U81/><E15/><V86/><F101/><W20/><G68/><T19/><D135/><U35/><E35/><V91/><F7/><N who="1" m="2569" /><E64/><N who="2" m="38919" /><F23/><W50/><G4/><T89/><D39/><U69/><E69/><V97/><F2/><W55/><G104/><T22/><D10/><N who="1" m="6167" /><E47/><N who="2" m="25719" /><F113/><W37/><G37/><T94/><D46/><U32/><E32/><V118/><F118/><W132/><G132/><T133/><D133/><U90/><E77/><N who="2" m="46415" /><F97/><W70/><G70/><T83/><D73/><U40/><E40/><V26/><F26/><W122/><G96/><T116/><D25/><U65/><E65/><AGARI ba="1,0" hai="59,61,65,88,91" m="46415,25719,38919" machi="65" ten="30,7700,0" yaku="8,1,52,2,54,1" doraHai="87" who="2" fromWho="1" sc="231,0,228,-80,320,80,221,0" /><INIT seed="6,0,0,4,3,40" ten="231,148,400,221" oya="2" hai0="120,109,133,56,85,8,126,97,75,132,18,24,65" hai1="92,58,82,80,96,14,119,5,44,10,63,122,13" hai2="38,52,51,87,66,77,94,22,70,45,6,115,108" hai3="4,0,84,31,71,134,23,7,90,114,106,27,98"/><V74/><F115/><W30/><G71/><T41/><D75/><U42/><E119/><V73/><F108/><W135/><G31/><T17/><D109/><U34/><E34/><V9/><F22/><W128/><G128/><T102/><D120/><U61/><E14/><V104/><F104/><W100/><G114/><T15/><D126/><U110/><E110/><V103/><F38/><W59/><G59/><T83/><D41/><U125/><E125/><V99/><F87/><W35/><G35/><T131/><D131/><U12/><E12/><BYE who="1" /><V86/><F86/><W113/><G113/><T116/><D116/><U93/><E93/><V121/><F77/><W129/><G129/><T127/><D127/><U69/><E69/><V95/><F95/><N who="3" m="54727" /><G0/><T88/><D65/><U20/><E20/><V60/><REACH who="2" step="1"/><F121/><REACH who="2" ten="231,148,390,221" step="2"/><W123/><G123/><T67/><D85/><U78/><E78/><V37/><F37/><W29/><G29/><T107/><D107/><U43/><E43/><V28/><F28/><UN n1="%E3%82%A6%E3%83%AB%E3%83%88%E3%83%A9%E7%AB%8B%E7%9B%B4" /><W91/><G30/><T130/><D130/><U16/><E122/><V46/><F46/><W112/><G23/><T89/><D83/><U101/><E82/><V62/><F62/><W19/><G112/><T48/><D48/><N who="1" m="26647" /><E80/><V1/><AGARI ba="0,1" hai="1,6,9,45,51,52,60,66,70,73,74,94,99,103" machi="1" ten="20,12000,1" yaku="1,1,0,1,7,1,52,1,54,1,53,0" doraHai="40" doraHaiUra="55" who="2" fromWho="2" sc="231,-40,148,-40,390,130,221,-40" /><INIT seed="6,1,0,1,5,47" ten="191,108,520,181" oya="2" hai0="88,52,13,80,16,110,121,78,66,106,10,112,132" hai1="24,40,1,83,92,70,45,105,26,123,20,98,99" hai2="113,56,38,9,18,59,91,0,12,69,36,96,103" hai3="82,86,2,109,44,65,25,134,74,120,64,95,5"/><V114/><F69/><W104/><G104/><T90/><D121/><U6/><E123/><V57/><F0/><W49/><G120/><T51/><D106/><U55/><E70/><V43/><F91/><W77/><G109/><T48/><D110/><U35/><E35/><V118/><F118/><W41/><G134/><T54/><D112/><U4/><E1/><V33/><F33/><W87/><G74/><T93/><D132/><U119/><E119/><V31/><F31/><W3/><G3/><T111/><D111/><U135/><E135/><V37/><REACH who="2" step="1"/><F43/><REACH who="2" ten="191,108,510,181" step="2"/><W30/><G2/><T68/><D68/><U131/><E40/><V130/><F130/><W84/><G30/><T27/><D90/><U100/><E131/><V125/><F125/><W72/><G41/><T53/><D88/><U11/><E100/><V122/><F122/><W133/><G133/><T129/><D129/><U42/><E42/><V17/><F17/><W75/><G5/><T60/><D16/><U79/><E4/><V115/><F115/><W29/><G29/><T124/><D124/><U63/><E6/><V8/><F8/><W107/><G77/><T97/><D78/><U128/><E11/><V102/><F102/><W58/><G82/><T94/><D80/><U127/><E127/><V73/><F73/><W34/><G75/><T50/><D10/><U32/><E128/><V46/><F46/><W108/><G44/><T126/><D126/><U14/><E45/><V19/><F19/><W116/><G72/><T7/><D7/><U71/><E79/><V67/><F67/><W28/><G65/><RYUUKYOKU ba="1,1" sc="191,-10,108,-10,510,30,181,-10" hai2="9,12,18,36,37,38,56,57,59,96,103,113,114" /><INIT seed="6,2,1,3,5,45" ten="181,98,540,171" oya="2" hai0="102,90,37,95,50,25,14,79,16,23,39,115,30" hai1="93,94,125,117,12,48,35,85,106,131,87,60,34" hai2="6,21,28,119,3,26,52,65,33,49,71,129,78" hai3="135,1,63,11,89,107,9,126,19,127,96,56,13"/><V27/><F129/><W38/><G38/><T99/><D115/><U64/><E106/><V32/><F119/><W2/><G135/><T112/><D112/><U36/><E36/><V84/><F71/><W61/><G61/><T124/><D124/><N who="3" m="47657" /><G11/><T51/><D39/><U72/><E72/><V31/><F65/><N who="3" m="39143" /><G89/><T10/><D37/><U114/><E125/><V69/><F69/><W134/><G134/><T111/><D111/><U70/><E114/><V97/><F97/><W17/><G17/><T132/><D132/><U113/><E113/><V29/><F6/><W4/><G19/><T86/><D79/><U98/><E117/><V41/><F3/><W103/><AGARI ba="2,1" hai="1,2,4,9,13,96,103,107" m="39143,47657" machi="103" ten="30,1100,0" yaku="18,1" doraHai="45" who="3" fromWho="3" sc="181,-5,98,-5,540,-7,171,27" /><INIT seed="7,0,0,1,4,20" ten="176,93,533,198" oya="3" hai0="65,94,82,127,13,96,26,9,36,38,10,128,31" hai1="91,106,101,77,68,125,19,80,66,108,18,126,131" hai2="70,86,34,79,64,114,118,102,55,51,3,16,122" hai3="112,58,30,17,110,83,85,8,29,84,135,124,32"/><W11/><G32/><T130/><D127/><N who="1" m="48651" /><E18/><V61/><F3/><W133/><G58/><T50/><D65/><U89/><E19/><V49/><F114/><W54/><G112/><T24/><D82/><U78/><E66/><V1/><F1/><W74/><G83/><T15/><D50/><U5/><E5/><V132/><F118/><W48/><G54/><T104/><D104/><U123/><E68/><V100/><F122/><W39/><G39/><N who="0" m="14891" /><D15/><U14/><E14/><V120/><F132/><W121/><G8/><N who="0" m="3179" /><D31/><U47/><E47/><V60/><F60/><W97/><G11/><T76/><D76/><N who="1" m="29291" /><E123/><V90/><F79/><W43/><G121/><T111/><D13/><U7/><E7/><V107/><F107/><W41/><G17/><T103/><D111/><U37/><E37/><V115/><F51/><W0/><G48/><T6/><D6/><U28/><E28/><V22/><F34/><W52/><G110/><T71/><D71/><U73/><E108/><V93/><F115/><W35/><G35/><T53/><D53/><U40/><E40/><V129/><F120/><W46/><G52/><T75/><D75/><U88/><E73/><V25/><F61/><W44/><G124/><T134/><D134/><U63/><E63/><V56/><F64/><W119/><G74/><T98/><D98/><N who="1" m="61751" /><E131/><AGARI ba="0,0" hai="24,26,94,96,103,128,130,131" m="3179,14891" machi="131" ten="30,3900,0" yaku="19,1,52,2" doraHai="20" who="0" fromWho="1" sc="176,39,93,-39,533,0,198,0" owari="215,2.0,54,-45.0,533,63.0,198,-20.0" /></mjloggm>