<mjloggm ver="2.3"><GO type="169" lobby="0"/><UN n0="%67%6F%75%73%69" n1="%E3%83%88%E3%83%88%E3%83%AA%E5%85%88%E7%94%9F%31%39%E6%AD%B3" n2="%E9%AE%AB%E5%B3%B6%E5%AE%8F%E6%98%8C%CE%B1" n3="%6F%66" dan="16,19,16,16" rate="2131.95,2296.39,2139.60,2036.47" sx="M,F,M,M"/><TAIKYOKU oya="0"/><INIT seed="0,0,0,4,5,114" ten="250,250,250,250" oya="0" hai0="12,38,36,52,43,20,134,53,49,80,67,90,51" hai1="10,111,79,63,35,61,129,105,102,100,44,60,41" hai2="37,120,11,119,89,28,71,122,82,32,5,1,128" hai3="45,55,124,81,3,21,62,83,86,135,110,126,48"/><T112/><D112/><U72/><E111/><V66/><F37/><W27/><G3/><T56/><D134/><U26/><E129/><V30/><F128/><W8/><G110/><T14/><D67/><U75/><E105/><V127/><F127/><W29/><G135/><T31/><D43/><U103/><E79/><V130/><F130/><W47/><G8/><T88/><D80/><U109/><E109/><V42/><F42/><W104/><G104/><T92/><D36/><U121/><E121/><V131/><F131/><W97/><G97/><T133/><D38/><U69/><E69/><V68/><F119/><W78/><G62/><T4/><D133/><U6/><E26/><V93/><F82/><W23/><G23/><T17/><D31/><U99/><E99/><V106/><F106/><W98/><G98/><T87/><D90/><U24/><E24/><V91/><F91/><W118/><G118/><T115/><D115/><U132/><E35/><V58/><F58/><W34/><G34/><T33/><D33/><U57/><E57/><V0/><F0/><W107/><G107/><T50/><D53/><U59/><E59/><V95/><F95/><W73/><REACH who="3" step="1"/><G47/><REACH who="3" ten="250,250,250,240" step="2"/><T39/><D39/><N who="1" m="21567" /><E132/><V125/><F122/><W101/><G101/><T22/><D20/><U64/><E64/><V25/><F120/><W85/><G85/><T113/><D113/><U94/><E72/><V19/><F11/><AGARI ba="0,1" hai="4,11,12,14,17,22,49,50,51,52,56,87,88,92" machi="11" ten="40,12000,1" yaku="25,2,8,1,54,2" doraHai="114" who="0" fromWho="2" sc="250,130,250,0,250,-120,240,0" /><INIT seed="0,1,0,0,4,131" ten="380,250,130,240" oya="0" hai0="111,11,63,23,116,61,25,57,110,66,44,34,72" hai1="133,90,52,4,75,89,114,7,39,126,45,101,65" hai2="104,31,92,16,121,17,80,32,1,42,78,14,60" hai3="82,103,41,124,58,100,105,118,10,127,53,18,132"/><T2/><D72/><U134/><E75/><V26/><F104/><W130/><G118/><T74/><D74/><U47/><E126/><N who="3" m="48170" /><G130/><T102/><D34/><U50/><E114/><V30/><F121/><W19/><G41/><T35/><D35/><U20/><E101/><V115/><F115/><W37/><G37/><T22/><D116/><U109/><E109/><N who="0" m="41481" /><D102/><U93/><E65/><V3/><F30/><W56/><G105/><T73/><D73/><U27/><E45/><V94/><F17/><W48/><G18/><T83/><D83/><U106/><E39/><V122/><F122/><W99/><G82/><T43/><D63/><U86/><E90/><V33/><F33/><W21/><G10/><T49/><D25/><U97/><E97/><V29/><F29/><W107/><G100/><T87/><D87/><U95/><E95/><V128/><F128/><W119/><G119/><T59/><D57/><U9/><E106/><V71/><F42/><W55/><G56/><T91/><D91/><U113/><E113/><V96/><F60/><W81/><G81/><T62/><D62/><U98/><E98/><V69/><F71/><W54/><G132/><N who="1" m="50794" /><E9/><V70/><F69/><W15/><AGARI ba="1,0" hai="15,19,21,48,53,54,55,58,99,103,107" m="48170" machi="15" ten="30,1100,0" yaku="18,1" doraHai="131" who="3" fromWho="3" sc="380,-6,250,-4,130,-4,240,14" /><INIT seed="1,0,0,2,3,12" ten="374,246,126,254" oya="1" hai0="62,93,61,117,104,60,115,19,33,85,108,82,92" hai1="118,133,97,41,124,79,90,75,40,34,121,46,11" hai2="64,89,23,126,71,112,14,65,7,20,113,95,15" hai3="83,100,43,26,2,59,52,134,116,48,98,127,5"/><U17/><E118/><V70/><F126/><W109/><G116/><T29/><D104/><U72/><E121/><V119/><F119/><W13/><G2/><T99/><D115/><N who="2" m="44106" /><F7/><W76/><G127/><T122/><D108/><U106/><E34/><V78/><F78/><W49/><G109/><T73/><D73/><U21/><E133/><V80/><F80/><W22/><G134/><T18/><D117/><U128/><E128/><V45/><F45/><W132/><G132/><T88/><D122/><U24/><E124/><V37/><F37/><W32/><G32/><T129/><D129/><U25/><E79/><V69/><F95/><W94/><G43/><T55/><D29/><U111/><E111/><V30/><F89/><W87/><G48/><T105/><D105/><U0/><E41/><V96/><F96/><W135/><G135/><T16/><D33/><U123/><E123/><V31/><F14/><W131/><G131/><T63/><D99/><U74/><E90/><V9/><F9/><W84/><G13/><T91/><D91/><U44/><E97/><V125/><F125/><W51/><G5/><T50/><N who="0" m="15360" /><DORA hai="35" /><T103/><D103/><U107/><E44/><AGARI ba="0,0" hai="16,18,19,44,50,55,82,85,88,92,93" m="15360" machi="44" ten="50,12000,2" yaku="8,1,52,3,54,2" doraHai="12,35" who="0" fromWho="1" sc="374,120,246,-120,126,0,254,0" /><INIT seed="2,0,0,2,2,19" ten="494,126,126,254" oya="2" hai0="32,70,3,132,96,41,90,126,59,99,134,118,15" hai1="16,48,100,57,119,87,112,38,120,25,125,91,81" hai2="135,131,30,123,97,115,86,56,93,10,122,62,14" hai3="20,39,78,88,72,26,54,105,64,133,109,66,17"/><V5/><F115/><W114/><G105/><T106/><D3/><U116/><E112/><V83/><F135/><W89/><G39/><T12/><D70/><U111/><E38/><V84/><F131/><W101/><G101/><T85/><D32/><U60/><E111/><V23/><F122/><W36/><G36/><T58/><D41/><U43/><E125/><V121/><F123/><W117/><G117/><T110/><D118/><U45/><E120/><V61/><F121/><W129/><G114/><T92/><D110/><U127/><E127/><V29/><F62/><W80/><G109/><T42/><D42/><U124/><E124/><V104/><F104/><W40/><G40/><T53/><D126/><U1/><E1/><V27/><F30/><W2/><G2/><T69/><D69/><U95/><E100/><N who="2" m="60463" /><F83/><W98/><G129/><T113/><D59/><U11/><E81/><V65/><AGARI ba="0,0" hai="5,10,14,23,27,29,56,61,65,84,86" m="60463" machi="65" ten="30,6000,0" yaku="25,1,8,1,52,1" doraHai="19" who="2" fromWho="2" sc="494,-20,126,-20,126,60,254,-20" /><INIT seed="2,1,0,1,3,13" ten="474,106,186,234" oya="2" hai0="125,118,74,66,51,46,59,48,20,2,75,27,71" hai1="85,18,40,94,56,130,54,36,102,111,108,106,68" hai2="9,3,92,129,37,31,62,49,91,113,101,81,53" hai3="79,99,104,32,95,12,128,24,69,93,34,26,47"/><V6/><F37/><W60/><G104/><T127/><D2/><U126/><E68/><V14/><F113/><W112/><G112/><T55/><D71/><U19/><E106/><V72/><F129/><W38/><G79/><T41/><D66/><U98/><E130/><V122/><F122/><W116/><G128/><T84/><D84/><U25/><E126/><N who="0" m="48137" /><D118/><U115/><E115/><V30/><F3/><W124/><G116/><T107/><D107/><U97/><E97/><N who="2" m="59559" /><F72/><W77/><G99/><T110/><D110/><N who="1" m="42027" /><E85/><N who="2" m="50607" /><F62/><W15/><G60/><T87/><D87/><U39/><E25/><V1/><F1/><W43/><G24/><T17/><AGARI ba="1,0" hai="17,20,27,41,46,48,51,55,59,74,75" m="48137" machi="17" ten="30,2000,0" yaku="18,1,52,1" doraHai="13" who="0" fromWho="0" sc="474,23,106,-6,186,-11,234,-6" /><INIT seed="3,0,0,5,4,65" ten="497,100,175,228" oya="3" hai0="66,67,10,131,85,4,110,49,38,74,129,41,79" hai1="45,26,92,98,3,105,22,43,32,23,30,86,35" hai2="72,20,115,31,99,58,47,113,17,25,130,96,128" hai3="83,0,44,95,93,36,80,62,89,50,59,126,97"/><W82/><G126/><T107/><D107/><U63/><E3/><V16/><F72/><W39/><G0/><T9/><D9/><U103/><E35/><V56/><F47/><W70/><G59/><N who="2" m="22569" /><F31/><W87/><G62/><T28/><D28/><U7/><E7/><V125/><F125/><W46/><G70/><T106/><D106/><U37/><E92/><V100/><F100/><W60/><G60/><T19/><D19/><N who="2" m="7242" /><F20/><W134/><G134/><T73/><D38/><U1/><E1/><V90/><F90/><W112/><G112/><N who="2" m="43081" /><F25/><W117/><G46/><T135/><D135/><U55/><E55/><V12/><F12/><W133/><G133/><T119/><D66/><U2/><E2/><V53/><F53/><W42/><REACH who="3" step="1"/><G117/><REACH who="3" ten="497,100,175,218" step="2"/><T123/><D119/><U111/><E63/><V51/><F51/><W132/><G132/><T121/><D49/><U120/><E45/><V124/><F124/><W101/><AGARI ba="0,1" hai="36,39,42,44,50,80,82,83,87,89,93,95,97,101" machi="101" ten="30,3000,0" yaku="1,1,0,1,53,0" doraHai="65" doraHaiUra="48" who="3" fromWho="3" sc="497,-10,100,-10,175,-10,218,40" /><INIT seed="3,1,0,2,1,55" ten="487,90,165,258" oya="3" hai0="40,97,132,53,122,88,93,10,78,125,101,126,99" hai1="114,20,15,71,96,34,98,68,16,54,9,24,59" hai2="86,47,79,23,27,74,90,85,18,60,102,119,110" hai3="37,89,121,52,64,129,26,82,12,28,63,50,75"/><W92/><G37/><T112/><D122/><U76/><E114/><V106/><F119/><W17/><G129/><T107/><D40/><U65/><E34/><V1/><F1/><W39/><G39/><T72/><D10/><U43/><E43/><V134/><F134/><W95/><G121/><T94/><D53/><U31/><E65/><V103/><F110/><W127/><G127/><N who="0" m="48651" /><D132/><U84/><E71/><V2/><F2/><W30/><G75/><T46/><D46/><U45/><E68/><V14/><F106/><W58/><G82/><N who="0" m="45383" /><D94/><N who="3" m="35881" /><G26/><T117/><D112/><U61/><E45/><V56/><F47/><N who="3" m="27743" /><G89/><T4/><D4/><U69/><E69/><V104/><F104/><W81/><G81/><AGARI ba="1,0" hai="9,15,16,20,24,31,54,59,61,76,81,84,96,98" machi="81" ten="40,5200,0" yaku="8,1,52,1,54,1" doraHai="55" who="1" fromWho="3" sc="487,0,90,55,165,0,258,-55" /><INIT seed="4,0,0,1,2,129" ten="487,145,165,203" oya="0" hai0="48,77,56,30,35,6,135,39,31,12,8,82,107" hai1="112,98,49,3,85,51,13,89,108,9,65,111,21" hai2="34,102,16,93,83,29,19,0,121,37,40,10,27" hai3="22,41,44,123,18,87,74,45,23,119,54,117,88"/><T11/><D107/><U86/><E3/><V66/><F121/><W63/><G123/><T25/><D39/><U71/><E112/><V84/><F66/><W68/><G74/><T96/><D96/><U97/><E108/><V126/><F126/><W134/><G23/><T67/><D31/><U78/><E111/><V53/><F53/><W80/><G45/><T72/><D11/><U57/><E71/><V14/><F40/><W106/><G106/><T116/><D116/><U105/><E21/><V133/><F37/><W32/><G32/><T50/><D135/><U55/><E65/><V70/><F70/><W99/><G99/><T1/><D1/><U4/><E105/><V64/><F64/><W104/><G104/><T113/><D113/><U62/><E62/><V58/><F58/><W73/><G134/><T26/><D26/><U76/><E49/><V95/><F133/><W109/><G68/><T38/><D38/><U33/><E33/><V120/><F120/><W128/><G109/><T75/><D75/><U20/><E20/><N who="2" m="11287" /><F102/><W130/><G73/><T103/><D103/><U61/><E61/><V46/><F46/><W122/><G63/><T91/><D91/><U92/><REACH who="1" step="1"/><E76/><REACH who="1" ten="487,135,165,203" step="2"/><N who="2" m="46183" /><F19/><W100/><G18/><T15/><D67/><U7/><E7/><AGARI ba="0,1" hai="0,7,10,27,29,34,93,95" m="46183,11287" machi="7" ten="30,2000,0" yaku="24,1,54,1" doraHai="129" who="2" fromWho="1" sc="487,0,135,-20,165,30,203,0" /><INIT seed="5,0,0,4,0,122" ten="487,115,195,203" oya="1" hai0="18,24,20,128,1,86,3,70,61,89,92,39,68" hai1="131,76,60,104,51,45,36,79,28,81,101,85,83" hai2="65,27,135,42,14,75,118,10,116,130,44,82,73" hai3="88,12,64,43,100,125,37,25,9,59,52,97,19"/><U21/><E36/><V93/><F130/><W41/><G125/><T69/><D39/><U62/><E131/><V132/><F65/><W126/><G126/><T56/><REACH who="0" step="1"/><D128/><REACH who="0" ten="477,115,195,203" step="2"/><U22/><E104/><V113/><F118/><W98/><G37/><T57/><D57/><U103/><E45/><V31/><F116/><W112/><G59/><T127/><D127/><U11/><E51/><V87/><F44/><W133/><G112/><T15/><D15/><U32/><E32/><V33/><F113/><W106/><G12/><T90/><D90/><U124/><E124/><V29/><F14/><W94/><G88/><T80/><D80/><U105/><E105/><V13/><F13/><W46/><G106/><T54/><AGARI ba="0,1" hai="1,3,18,20,24,54,56,61,68,69,70,86,89,92" machi="54" ten="30,2000,0" yaku="1,1,0,1,53,0" doraHai="122" doraHaiUra="77" who="0" fromWho="0" sc="477,30,115,-10,195,-5,203,-5" /><INIT seed="6,0,0,2,4,134" ten="507,105,190,198" oya="2" hai0="93,129,82,92,14,88,15,96,135,70,125,90,36" hai1="91,17,37,122,53,80,130,69,68,3,60,27,108" hai2="31,9,49,127,121,98,101,39,65,89,38,24,72" hai3="126,73,13,43,86,85,111,22,124,59,8,12,16"/><V54/><F121/><W114/><G111/><T115/><D70/><U34/><E108/><V94/><F72/><W1/><G73/><T20/><D36/><U132/><E37/><V87/><F65/><W79/><G1/><T128/><D115/><U81/><E3/><V84/><F9/><W2/><G2/><T95/><D135/><U46/><E132/><V58/><F127/><N who="3" m="48683" /><G114/><T62/><D62/><U66/><E130/><V61/><F49/><W40/><G59/><T123/><D123/><U107/><E122/><V21/><REACH who="2" step="1"/><F87/><REACH who="2" ten="507,105,180,198" step="2"/><N who="3" m="33291" /><G79/><T48/><D125/><U47/><E66/><V109/><F109/><W105/><G105/><AGARI ba="0,1" hai="21,24,31,38,39,54,58,61,84,89,94,98,101,105" machi="105" ten="30,2900,0" yaku="1,1,7,1,53,0" doraHai="134" doraHaiUra="5" who="2" fromWho="3" sc="507,0,105,0,180,39,198,-29" /><INIT seed="6,1,0,5,2,33" ten="507,105,219,169" oya="2" hai0="106,51,66,31,16,23,58,103,63,14,65,132,87" hai1="29,2,30,95,111,134,84,127,121,81,70,39,105" hai2="28,76,82,104,67,123,125,120,36,97,130,99,32" hai3="41,72,11,69,114,112,34,126,12,6,35,20,75"/><V64/><F36/><W117/><G69/><T60/><D132/><U49/><E39/><V77/><F130/><W1/><G41/><T124/><D124/><U0/><E70/><V79/><F125/><W128/><G126/><T116/><D116/><U100/><E127/><V38/><F38/><W90/><G90/><T44/><D31/><N who="1" m="11787" /><E105/><V92/><F104/><W42/><G42/><T113/><D113/><N who="3" m="43625" /><G128/><T83/><D103/><U22/><E111/><V21/><F32/><N who="3" m="12331" /><G117/><T54/><D106/><U46/><E22/><V40/><F40/><W131/><G131/><T55/><D63/><U25/><E25/><N who="2" m="16431" /><F123/><W56/><G56/><T108/><D108/><U68/><E68/><V91/><F120/><W102/><G102/><T61/><D61/><U78/><E121/><V89/><F82/><W88/><G88/><AGARI ba="1,0" hai="14,16,23,44,51,54,55,58,60,65,66,83,87,88" machi="88" ten="30,7700,0" yaku="7,1,8,1,54,2" doraHai="33" who="0" fromWho="3" sc="507,80,105,0,219,0,169,-80" /><INIT seed="7,0,0,5,4,22" ten="587,105,219,89" oya="3" hai0="107,122,13,99,72,105,116,83,88,23,93,31,71" hai1="135,104,68,130,40,39,53,132,69,18,101,29,110" hai2="67,127,103,54,36,79,41,102,131,81,37,121,63" hai3="35,51,8,119,2,78,84,6,85,56,86,118,80"/><W30/><G56/><T21/><D71/><U1/><E110/><V100/><F121/><W90/><G51/><T124/><D116/><U120/><E120/><V129/><F127/><W74/><REACH who="3" step="1"/><G90/><REACH who="3" ten="587,105,219,79" step="2"/><T76/><D122/><U92/><E68/><V3/><F131/><W114/><G114/><T126/><D126/><U95/><E69/><V97/><F129/><W109/><G109/><T33/><D124/><U34/><E130/><V128/><F128/><W58/><G58/><T96/><D88/><U9/><E132/><V133/><F133/><W91/><G91/><T19/><D96/><U123/><E135/><V14/><F97/><W45/><G45/><T16/><D99/><N who="1" m="61503" /><E123/><V20/><F37/><W62/><G62/><T28/><D93/><U47/><E92/><V48/><F36/><W113/><G113/><T42/><D42/><U24/><E95/><V38/><F38/><W49/><G49/><T64/><D64/><U43/><E43/><V5/><F41/><W66/><G66/><T32/><D105/><U26/><E53/><V4/><F67/><W0/><G0/><T11/><D107/><U10/><E1/><V112/><F63/><W82/><G82/><T65/><D65/><U108/><E108/><V73/><F112/><W46/><G46/><T12/><D11/><U77/><E77/><V125/><F125/><W25/><AGARI ba="0,1" hai="2,6,8,25,30,35,74,78,80,84,85,86,118,119" machi="25" ten="30,6000,0" yaku="1,1,0,1,52,1,53,0" doraHai="22" doraHaiUra="98" who="3" fromWho="3" sc="587,-20,105,-20,219,-20,79,70" /><INIT seed="7,1,0,0,1,39" ten="567,85,199,149" oya="3" hai0="92,126,49,86,85,33,14,122,7,59,82,40,113" hai1="98,71,30,81,76,96,26,13,111,66,78,53,135" hai2="118,62,54,11,108,75,60,24,109,97,55,56,72" hai3="20,120,16,28,8,5,6,123,112,103,115,68,9"/><W12/><G68/><T48/><D33/><U31/><E111/><V10/><F118/><W37/><G28/><T119/><D122/><N who="3" m="46633" /><G103/><T64/><D119/><U34/><E135/><V73/><F97/><W116/><G37/><T32/><D32/><U94/><E31/><V80/><F80/><W63/><G63/><T91/><D64/><U3/><E3/><V61/><F24/><N who="3" m="14343" /><G116/><T114/><D48/><U67/><E98/><V18/><F18/><W44/><G44/><T4/><D59/><U105/><E105/><V132/><F132/><W87/><G87/><T51/><D51/><U47/><E71/><V128/><F128/><W15/><AGARI ba="1,0" hai="5,6,8,9,12,15,112,115" m="14343,46633" machi="15" ten="30,6000,0" yaku="34,2,54,1" doraHai="39" who="3" fromWho="3" sc="567,-21,85,-21,199,-21,149,63" /><INIT seed="7,2,0,5,1,29" ten="546,64,178,212" oya="3" hai0="71,8,56,23,73,46,28,103,43,21,109,20,27" hai1="127,108,4,124,117,98,60,41,123,87,66,106,38" hai2="130,33,112,90,18,104,86,74,79,0,80,9,52" hai3="49,54,67,13,25,34,39,14,89,31,118,6,26"/><W113/><G113/><T77/><D71/><U107/><E123/><V122/><F104/><W22/><G39/><T32/><D109/><U69/><E108/><V82/><F122/><W128/><G67/><T125/><D103/><U30/><E87/><V135/><F135/><W81/><G128/><T76/><D73/><U72/><E117/><V1/><F130/><W16/><G118/><T99/><D99/><U35/><E4/><V17/><F112/><W134/><G134/><T114/><D114/><U126/><E72/><V133/><F133/><W59/><G6/><T131/><D131/><U105/><E41/><V57/><F33/><W75/><REACH who="3" step="1"/><G89/><REACH who="3" ten="546,64,178,202" step="2"/><T50/><D125/><U63/><E63/><V58/><F90/><W110/><G110/><T2/><D76/><AGARI ba="2,1" hai="13,14,16,22,25,26,31,34,49,54,59,75,76,81" machi="76" ten="40,7700,0" yaku="1,1,52,1,54,1,53,0" doraHai="29" doraHaiUra="100" who="3" fromWho="0" sc="546,-83,64,0,178,0,202,93" /><INIT seed="7,3,0,2,3,19" ten="463,64,178,295" oya="3" hai0="50,27,39,22,74,15,94,24,97,84,42,57,130" hai1="71,14,67,25,103,119,52,44,93,100,85,86,122" hai2="132,59,81,47,46,102,53,109,127,69,1,66,68" hai3="117,72,101,98,20,76,49,10,26,107,36,11,64"/><W89/><G117/><T90/><D74/><U41/><E122/><V106/><F1/><W133/><G36/><T120/><D120/><U108/><E108/><V126/><F81/><W60/><G133/><T32/><D130/><U83/><E119/><V129/><F102/><W4/><G49/><T116/><D116/><U121/><E71/><N who="2" m="27211" /><F106/><W110/><G110/><T55/><D32/><U5/><E121/><V31/><F31/><W58/><G89/><T62/><D39/><U40/><E67/><V3/><F3/><W135/><G135/><T113/><D113/><U43/><E5/><V82/><F82/><W128/><G128/><T134/><D134/><U18/><E25/><V17/><F17/><W115/><G76/><T78/><D78/><U2/><E2/><V125/><F109/><W8/><G115/><T79/><D15/><U7/><E7/><V92/><F92/><W33/><G72/><T9/><D9/><U96/><E100/><V54/><F132/><W80/><G80/><N who="0" m="47135" /><D22/><U99/><E99/><V0/><F0/><W77/><G77/><T28/><D28/><U114/><E114/><V123/><F123/><W88/><G88/><T34/><D34/><U23/><E83/><V30/><F30/><W131/><G131/><T12/><D12/><U21/><E21/><V63/><F129/><W48/><G48/><T38/><D38/><U16/><E18/><V124/><N who="2" m="32256" /><DORA hai="65" /><V37/><F37/><W73/><G73/><T75/><D75/><U13/><E14/><V95/><F95/><W6/><G33/><T29/><D29/><U56/><E44/><AGARI ba="3,0" hai="44,46,47,53,54,59,63,66" m="32256,27211" machi="44" ten="60,12000,2" yaku="6,1,18,1,34,2,52,3" doraHai="19,65" who="2" fromWho="1" sc="463,0,64,-129,178,129,295,0" /><AGARI ba="3,0" hai="24,27,42,44,50,55,57,62,90,94,97" m="47135" machi="44" ten="30,2000,0" yaku="6,1,8,1" doraHai="19,65" who="0" fromWho="1" sc="463,20,-65,-20,307,0,295,0" owari="483,58.0,-85,-59.0,307,11.0,295,-10.0" /></mjloggm>