<mjloggm ver="2.3"><GO type="169" lobby="0"/><UN n0="%68%69%6E%61%6A%69%6E%6E" n1="%E3%80%90%E6%B8%9A%E6%A5%93%E3%80%91" n2="%E3%83%88%E3%83%88%E3%83%AA%E5%85%88%E7%94%9F%31%39%E6%AD%B3" n3="%64%6F%75%6D%6F%6B%75%6E" dan="17,17,18,17" rate="2203.85,2183.69,2281.63,2179.69" sx="M,M,F,M"/><TAIKYOKU oya="0"/><INIT seed="0,0,0,5,2,15" ten="250,250,250,250" oya="0" hai0="74,100,66,89,107,58,46,47,95,67,85,108,72" hai1="13,28,5,22,14,132,1,53,110,29,102,71,126" hai2="116,32,104,4,35,91,7,64,12,119,24,50,106" hai3="57,70,39,19,86,25,122,61,31,18,42,131,69"/><T38/><D108/><U63/><E63/><V81/><F12/><W16/><G39/><T125/><D125/><U17/><E102/><V6/><F24/><W79/><G42/><T127/><D127/><U3/><E53/><V113/><F81/><N who="3" m="47423" /><G70/><T33/><D33/><N who="2" m="12874" /><F50/><W115/><G69/><T9/><D38/><U77/><E77/><V68/><F91/><W52/><G115/><T55/><D67/><U36/><E71/><V20/><F20/><N who="3" m="15783" /><G131/><T120/><D66/><U129/><E36/><V75/><F113/><W60/><G122/><T105/><D120/><U112/><E112/><V88/><F88/><W128/><G128/><T37/><D37/><U44/><E126/><V41/><F41/><W98/><G98/><T76/><D105/><U96/><E96/><V133/><F75/><W114/><G114/><T40/><D40/><U48/><E129/><V90/><F90/><W121/><G121/><T84/><D74/><U11/><E110/><V123/><F123/><W59/><G59/><T78/><D72/><U62/><E62/><AGARI ba="0,0" hai="16,18,19,52,57,60,61,62" m="15783,47423" machi="62" ten="30,12000,2" yaku="8,1,52,3,54,2" doraHai="15" who="3" fromWho="1" sc="250,0,250,-120,250,0,250,120" /><INIT seed="1,0,0,3,1,6" ten="250,130,250,370" oya="1" hai0="109,0,84,2,110,71,112,65,133,44,51,15,10" hai1="105,99,69,43,59,129,22,126,17,131,66,34,14" hai2="68,77,8,63,52,88,83,3,35,80,57,18,135" hai3="50,122,127,96,92,55,9,101,20,119,107,11,32"/><U60/><E126/><V36/><F36/><W134/><G32/><T74/><D74/><U28/><E43/><V102/><F35/><W103/><G119/><T117/><D117/><U76/><E76/><V94/><F135/><W108/><G122/><T48/><D112/><U25/><REACH who="1" step="1"/><E59/><REACH who="1" ten="250,120,250,370" step="2"/><N who="2" m="35303" /><F77/><W128/><G127/><T93/><D133/><U123/><E123/><V91/><F68/><W54/><G134/><T42/><D71/><U4/><E4/><V111/><F57/><W106/><G128/><T130/><D130/><U78/><E78/><V29/><F111/><W120/><G108/><T53/><D110/><U30/><E30/><V81/><F29/><W90/><G120/><T79/><D79/><U23/><E23/><V26/><F3/><W124/><G124/><T116/><D109/><U24/><E24/><V49/><F26/><W31/><G31/><T100/><D116/><U70/><E70/><V40/><F40/><W38/><G20/><T64/><D0/><U1/><E1/><V132/><F132/><W19/><G19/><T104/><D2/><U86/><E86/><V47/><F18/><W98/><G38/><T58/><D84/><U75/><E75/><V39/><F39/><W56/><G55/><T33/><D33/><U7/><E7/><V87/><F87/><AGARI ba="0,1" hai="9,11,50,54,56,87,90,92,96,98,101,103,106,107" machi="87" ten="30,7700,0" yaku="7,1,9,1,52,2" doraHai="6" who="3" fromWho="2" sc="250,0,120,0,250,-77,370,87" /><INIT seed="2,0,0,2,1,7" ten="250,120,173,457" oya="2" hai0="79,82,54,31,78,29,25,132,88,111,94,85,57" hai1="122,119,8,113,22,76,100,59,106,102,81,30,101" hai2="80,27,17,104,47,96,1,58,67,5,60,38,53" hai3="97,48,108,95,125,39,109,69,2,93,116,110,90"/><V124/><F124/><W92/><G69/><T64/><D64/><U70/><E70/><V72/><F104/><W33/><G39/><T129/><D129/><U75/><E113/><V3/><F96/><W36/><G36/><T65/><D65/><U107/><E119/><V126/><F126/><W52/><G33/><T56/><D57/><U55/><E122/><V99/><F99/><W130/><G116/><T89/><D111/><U16/><E30/><N who="0" m="11273" /><D25/><U83/><E83/><V18/><F27/><W13/><G2/><T112/><D132/><U44/><E44/><V42/><F3/><W9/><G125/><T98/><D112/><U118/><E118/><V45/><F45/><N who="3" m="27663" /><G130/><T24/><D24/><U121/><E121/><V62/><F62/><AGARI ba="0,0" hai="54,56,62,78,79,82,85,88,89,94,98" m="11273" machi="62" ten="30,2000,0" yaku="8,1,54,1" doraHai="7" who="0" fromWho="2" sc="250,20,120,0,173,-20,457,0" /><INIT seed="3,0,0,4,4,104" ten="270,120,153,457" oya="3" hai0="12,116,47,52,98,65,105,86,38,125,84,41,15" hai1="77,132,109,37,69,85,53,101,6,96,122,56,97" hai2="24,54,35,46,34,89,7,36,100,11,50,107,111" hai3="32,28,74,108,29,39,112,51,133,23,131,130,9"/><W121/><G39/><T68/><D125/><U127/><E69/><V73/><F111/><W114/><G121/><T120/><D116/><U30/><E37/><V40/><F24/><N who="3" m="18439" /><G108/><T43/><D43/><U21/><E122/><V94/><F100/><W13/><G51/><T90/><D105/><U63/><E127/><V62/><F62/><W78/><G78/><T129/><D129/><N who="3" m="49161" /><G74/><T26/><D120/><U58/><E77/><V70/><F70/><W3/><G133/><T16/><D68/><U117/><E132/><V31/><F31/><W27/><G3/><T19/><D65/><U119/><E30/><V115/><F107/><W10/><G10/><T82/><D26/><U71/><E71/><V128/><F115/><W61/><G61/><T60/><D60/><U99/><E109/><V18/><F128/><W106/><G106/><T124/><D124/><U0/><E0/><V22/><F73/><W92/><G92/><T83/><D38/><U95/><E117/><V20/><F20/><W118/><G118/><T66/><D66/><U55/><E21/><V102/><F36/><W110/><G110/><T2/><D2/><U42/><E119/><V135/><F135/><W75/><G75/><T4/><D83/><U80/><E80/><V17/><F22/><W48/><G48/><T8/><D82/><U59/><E63/><V87/><F40/><W57/><G57/><T76/><D41/><U88/><E42/><V45/><F45/><W91/><G91/><T25/><D47/><U44/><E44/><V126/><F126/><W72/><G72/><T79/><D90/><RYUUKYOKU ba="0,0" sc="270,-10,120,-10,153,-10,457,30" hai3="9,13,23,27,29,112,114" /><INIT seed="3,1,0,2,0,70" ten="260,110,143,487" oya="3" hai0="112,74,58,47,76,79,131,91,95,31,32,86,87" hai1="15,18,36,23,19,34,101,85,75,82,8,1,10" hai2="128,29,77,108,40,3,72,90,46,21,118,89,49" hai3="106,4,107,135,11,68,69,130,73,16,84,132,6"/><W64/><G73/><T99/><D47/><U126/><E34/><V51/><F118/><W43/><G43/><T115/><D58/><U71/><E71/><N who="3" m="27210" /><G64/><T81/><D31/><U5/><E126/><V113/><F113/><N who="0" m="43594" /><D32/><U119/><E75/><V59/><F3/><W41/><G41/><T13/><D13/><U24/><E101/><V105/><F108/><W102/><G84/><N who="0" m="32299" /><D79/><U28/><E119/><V57/><F77/><W22/><G102/><T127/><D127/><U98/><E98/><V104/><F40/><W133/><G130/><AGARI ba="1,0" hai="74,76,81,91,95,99,130,131" m="32299,43594" machi="130" ten="30,3900,0" yaku="11,1,34,2" doraHai="70" who="0" fromWho="3" sc="260,42,110,0,143,0,487,-42" /><INIT seed="4,0,0,4,4,104" ten="302,110,143,445" oya="0" hai0="103,122,107,52,116,105,27,8,6,113,78,95,5" hai1="34,26,1,120,48,19,91,110,123,36,93,111,66" hai2="79,4,13,41,60,74,100,92,61,63,112,109,59" hai3="97,42,88,124,54,11,64,2,37,81,21,98,10"/><T49/><D122/><U126/><E36/><V117/><F109/><W130/><G64/><T101/><D116/><U62/><E1/><V46/><F117/><W129/><G124/><T3/><D27/><U121/><E126/><V85/><F112/><W87/><G21/><T82/><D6/><U58/><E48/><V33/><F33/><W29/><G29/><T80/><D80/><U47/><E47/><V51/><F74/><W94/><G97/><T114/><D105/><U125/><E125/><V96/><F79/><W35/><G35/><T68/><D68/><U71/><E71/><V9/><REACH who="2" step="1"/><F85/><REACH who="2" ten="302,110,133,445" step="2"/><W43/><G130/><T0/><D114/><U14/><E34/><V89/><F89/><W44/><G129/><T53/><D113/><U22/><E110/><V55/><AGARI ba="0,1" hai="4,9,13,41,46,51,55,59,60,61,63,92,96,100" machi="55" ten="20,8000,1" yaku="1,1,0,1,7,1,8,1,53,1" doraHai="104" doraHaiUra="45" who="2" fromWho="2" sc="302,-40,110,-20,133,90,445,-20" /><INIT seed="5,0,0,5,5,115" ten="262,90,223,425" oya="1" hai0="42,130,81,45,127,82,97,92,38,47,34,25,103" hai1="75,16,43,27,31,131,41,19,125,46,121,119,0" hai2="100,37,4,98,123,120,91,60,65,128,1,18,93" hai3="59,52,55,23,33,8,29,70,109,108,67,84,95"/><U90/><E121/><V57/><F37/><W85/><G33/><T28/><D130/><U26/><E131/><V132/><F128/><W96/><G70/><T107/><D127/><U77/><E125/><V49/><F132/><W117/><G117/><T135/><D135/><U48/><E119/><V7/><F120/><W72/><G72/><T32/><D32/><U56/><E0/><V116/><F123/><W124/><G124/><T101/><D47/><U111/><E111/><V112/><F116/><W62/><G8/><T3/><D3/><U5/><E5/><V102/><F112/><W88/><G109/><T12/><D12/><U110/><E110/><V86/><F1/><W80/><G108/><T113/><D113/><U30/><E56/><V122/><F122/><W114/><G85/><T20/><D34/><U14/><E90/><V64/><F102/><N who="3" m="60703" /><G114/><T24/><D24/><AGARI ba="0,0" hai="23,24,29,52,55,59,62,67,80,84,88" m="60703" machi="24" ten="30,7700,0" yaku="25,1,8,1,54,2" doraHai="115" who="3" fromWho="0" sc="262,-77,90,0,223,0,425,77" /><INIT seed="6,0,0,1,2,38" ten="185,90,223,502" oya="2" hai0="5,112,129,70,121,10,48,74,119,73,6,93,7" hai1="104,9,123,1,128,97,126,22,102,116,113,41,117" hai2="78,133,26,17,88,57,83,109,108,12,124,16,30" hai3="35,45,14,135,0,3,85,75,84,4,33,66,52"/><V23/><F133/><W19/><G66/><T37/><D70/><U36/><E123/><V131/><F131/><W50/><G75/><T87/><D121/><U114/><E128/><V20/><F124/><W91/><G85/><T8/><D129/><U46/><E22/><V39/><F39/><W18/><G18/><T107/><D107/><U67/><E67/><V89/><F57/><W120/><G120/><T34/><D34/><U95/><E95/><V127/><F30/><W2/><G4/><T90/><D37/><U56/><E56/><V43/><F43/><W53/><G53/><T60/><D60/><U69/><E69/><V55/><F55/><W101/><G101/><T81/><D119/><U79/><E79/><V65/><F65/><W115/><G115/><N who="1" m="44042" /><E126/><V125/><F125/><W111/><G111/><N who="2" m="42569" /><F127/><W28/><G28/><T77/><D112/><U82/><E82/><V106/><F106/><W76/><G76/><T68/><D68/><U44/><E44/><V100/><F100/><W13/><G135/><T29/><D29/><U103/><E103/><V86/><AGARI ba="0,0" hai="12,16,17,20,23,26,78,83,86,88,89" m="42569" machi="86" ten="30,6000,0" yaku="10,1,54,2" doraHai="38" who="2" fromWho="2" sc="185,-20,90,-20,223,60,502,-20" /><INIT seed="6,1,0,1,5,133" ten="165,70,283,482" oya="2" hai0="51,98,41,101,73,6,21,134,74,80,67,10,18" hai1="65,16,124,44,86,15,61,66,81,72,108,118,38" hai2="32,56,131,1,28,119,59,130,91,103,62,48,70" hai3="45,40,121,7,109,85,5,107,79,105,0,71,39"/><V37/><F119/><W69/><G109/><T19/><D134/><U60/><E72/><V84/><F1/><W89/><G121/><T29/><D67/><U24/><E24/><N who="2" m="18439" /><F37/><W64/><G79/><T83/><D74/><U20/><E108/><V135/><F135/><W94/><G7/><T126/><D73/><U49/><E118/><V26/><F103/><W58/><G5/><T25/><D83/><U57/><E38/><V23/><F48/><W82/><G0/><T35/><D80/><U100/><E100/><V30/><F62/><W132/><G132/><T11/><D51/><U27/><E27/><V12/><F12/><W93/><G93/><T4/><D41/><U104/><E104/><V43/><F43/><W123/><G123/><T47/><D47/><U31/><E31/><V129/><F70/><W17/><G17/><N who="0" m="6155" /><D98/><U102/><E102/><V50/><F50/><W52/><G82/><AGARI ba="1,0" hai="23,26,30,56,59,82,84,91,129,130,131" m="18439" machi="82" ten="30,1500,0" yaku="19,1" doraHai="133" who="2" fromWho="3" sc="165,0,70,0,283,18,482,-18" /><INIT seed="6,2,0,1,1,57" ten="165,70,301,464" oya="2" hai0="131,104,80,89,46,32,93,50,128,44,81,13,58" hai1="23,8,30,123,66,29,70,101,134,55,2,0,126" hai2="94,22,25,99,109,10,116,68,111,79,114,3,102" hai3="41,6,11,115,42,60,21,119,96,28,122,67,35"/><V97/><F116/><W52/><G35/><T127/><D104/><U61/><E123/><V47/><F114/><W27/><G122/><T37/><D32/><U103/><E126/><V75/><F68/><W34/><G119/><T62/><D127/><U91/><E134/><V85/><F75/><W65/><G115/><T1/><D1/><U49/><E91/><V12/><F3/><W18/><G67/><T135/><D135/><U24/><E29/><V88/><F79/><W38/><G38/><T4/><D37/><U92/><E8/><V40/><F40/><W132/><G132/><T64/><D46/><U82/><E82/><V9/><F47/><W110/><G110/><N who="2" m="41993" /><F12/><N who="3" m="9415" /><G96/><N who="2" m="36937" /><F102/><W45/><G45/><T63/><D44/><U125/><E125/><V51/><F51/><W14/><G14/><T117/><D50/><U100/><E0/><V15/><F15/><W71/><G52/><N who="0" m="34119" /><D117/><U39/><E2/><V112/><F112/><W121/><G121/><T54/><D54/><U19/><E39/><V113/><F113/><W120/><G120/><T53/><D53/><U133/><E133/><V33/><F33/><W26/><G26/><T98/><D131/><U129/><E129/><V90/><F90/><W76/><G76/><T72/><D72/><U17/><E55/><V108/><N who="2" m="42001" /><V84/><DORA hai="48" /><F84/><W69/><G69/><N who="0" m="42143" /><D128/><U77/><E77/><V43/><F43/><W7/><G42/><T95/><D93/><U87/><E49/><V5/><F5/><N who="3" m="1547" /><G41/><T130/><D130/><U16/><E92/><V73/><F73/><W31/><G34/><T106/><D106/><RYUUKYOKU ba="2,0" sc="165,10,70,10,301,10,464,-30" hai0="4,13,80,81,89,95,98" hai1="16,17,19,23,24,30,61,66,70,87,100,101,103" hai2="9,10,22,25,85,88,94" /><INIT seed="6,3,0,1,0,124" ten="175,80,311,434" oya="2" hai0="77,130,17,86,54,114,14,110,92,35,3,111,9" hai1="102,36,128,97,5,68,108,129,24,72,8,134,121" hai2="1,118,63,71,103,20,59,6,75,29,93,135,66" hai3="80,69,101,82,115,95,79,23,76,56,22,133,105"/><V47/><F118/><W122/><G69/><T39/><D39/><U50/><E36/><V106/><F75/><W0/><G105/><T40/><D40/><U15/><E68/><V31/><F106/><W78/><G0/><T131/><D35/><U42/><E72/><V30/><F135/><W90/><G133/><T46/><D3/><U58/><E134/><V65/><F1/><W18/><G115/><T13/><D114/><U44/><E108/><V119/><F119/><W2/><G2/><T109/><D14/><U99/><E121/><V125/><F125/><W51/><G101/><T41/><D41/><U89/><E58/><V88/><F6/><W98/><G23/><T16/><D17/><U10/><E10/><V64/><F103/><W117/><G122/><T104/><D104/><U57/><E57/><V83/><F83/><W12/><G117/><T48/><REACH who="0" step="1"/><D92/><REACH who="0" ten="165,80,311,434" step="2"/><U37/><E37/><V100/><F30/><W45/><G82/><AGARI ba="3,1" hai="9,13,16,46,48,54,77,82,86,109,110,111,130,131" machi="82" ten="50,16000,3" yaku="1,1,2,1,52,2,54,1,53,3" doraHai="124" doraHaiUra="120" who="0" fromWho="3" sc="165,179,80,0,311,0,434,-169" /><INIT seed="7,0,0,1,4,49" ten="344,80,311,265" oya="3" hai0="123,99,107,88,90,64,61,29,41,126,44,17,82" hai1="10,60,11,6,121,36,133,120,52,63,19,94,39" hai2="18,59,31,7,68,8,91,117,50,135,47,134,25" hai3="40,2,109,42,45,118,69,72,32,15,131,43,79"/><W77/><G69/><T9/><D123/><U127/><E94/><V24/><F117/><W1/><G32/><T20/><D29/><U70/><E6/><V128/><F68/><W55/><G118/><T96/><D107/><U76/><E70/><V116/><F116/><W71/><G71/><T46/><D9/><U104/><E104/><V84/><F59/><W4/><G109/><T78/><D64/><U62/><E62/><V80/><F128/><W33/><G33/><T57/><D78/><U124/><E76/><V73/><F73/><W28/><G28/><T38/><D46/><U67/><E67/><V85/><F85/><W83/><G79/><T5/><D5/><U53/><REACH who="1" step="1"/><E19/><REACH who="1" ten="344,70,311,265" step="2"/><V87/><F31/><W3/><G131/><T95/><D61/><U114/><E114/><V119/><F119/><W48/><REACH who="3" step="1"/><G15/><REACH who="3" ten="344,70,311,255" step="2"/><T106/><D126/><U26/><E26/><V89/><F25/><W54/><G54/><T22/><D41/><U12/><E12/><N who="2" m="7431" /><F24/><W108/><G108/><T111/><D111/><U21/><E21/><V115/><F115/><W51/><G51/><T130/><D20/><U27/><E27/><V110/><F110/><W74/><G74/><T66/><D22/><U14/><E14/><V97/><F50/><W35/><G35/><T92/><D66/><U86/><E86/><V81/><F87/><W112/><G112/><T56/><D99/><U30/><E30/><V65/><F97/><W102/><G102/><T125/><D96/><U98/><E98/><V132/><F65/><W34/><G34/><T101/><D101/><U122/><E122/><RYUUKYOKU ba="0,2" sc="344,-15,70,15,311,-15,255,15" hai1="10,11,36,39,52,53,60,63,120,121,124,127,133" hai3="1,2,3,4,40,42,43,45,48,55,72,77,83" /><INIT seed="7,1,2,0,4,28" ten="329,85,296,270" oya="3" hai0="33,98,18,1,127,10,67,101,53,92,95,115,89" hai1="126,71,118,76,0,63,43,30,123,93,35,70,15" hai2="49,86,34,106,16,58,44,6,45,36,37,112,40" hai3="132,108,109,99,117,104,82,26,32,11,61,85,91"/><W48/><G117/><T80/><D67/><U88/><E0/><V79/><F106/><W51/><G132/><T96/><D33/><U52/><E123/><V29/><F112/><W56/><G11/><T81/><D115/><U50/><E126/><V3/><F16/><W77/><G104/><T55/><D1/><U4/><E76/><V110/><F110/><N who="3" m="42603" /><G99/><T41/><D41/><U128/><E43/><V68/><F68/><W125/><G125/><T46/><D127/><U116/><E128/><V2/><F37/><W59/><G77/><T74/><D74/><U27/><E116/><V119/><F119/><W25/><G59/><T121/><D121/><U94/><E94/><V57/><F2/><W31/><G25/><T107/><D107/><U13/><E118/><V83/><F6/><W133/><G133/><T64/><D64/><AGARI ba="1,2" hai="26,31,32,48,51,56,61,64,82,85,91" m="42603" machi="64" ten="30,2900,0" yaku="10,1,52,1" doraHai="28" who="3" fromWho="0" sc="329,-32,85,0,296,0,270,52" owari="297,10.0,85,-41.0,296,-10.0,322,41.0" /></mjloggm>