<mjloggm ver="2.3"><GO type="169" lobby="0"/><UN n0="%E3%83%88%E3%83%88%E3%83%AA%E5%85%88%E7%94%9F%31%39%E6%AD%B3" n1="%E3%81%AA%E3%81%A3%E3%81%8D%E3%82%8A" n2="%E5%8C%97%E7%99%BD%E5%B7%9D%E3%81%82%E3%82%93%E3%81%93" n3="%64%33%76%64%72" dan="18,17,17,17" rate="2282.20,2162.66,2171.53,2134.12" sx="F,M,F,M"/><TAIKYOKU oya="0"/><INIT seed="0,0,0,0,0,133" ten="250,250,250,250" oya="0" hai0="87,44,127,107,98,83,34,102,66,13,104,29,14" hai1="85,94,8,10,124,70,99,24,52,78,27,5,134" hai2="79,118,123,89,125,119,19,56,21,117,32,25,39" hai3="64,36,1,105,59,43,111,30,67,77,9,88,76"/><T72/><D72/><U101/><E70/><V92/><F39/><W48/><G105/><T12/><D104/><U63/><E134/><V3/><F123/><W86/><G36/><T49/><D66/><U115/><E115/><V65/><F3/><W96/><G96/><T131/><D131/><U113/><E113/><V108/><F79/><N who="3" m="30283" /><G1/><T110/><D110/><U28/><E124/><V129/><F129/><W120/><G120/><T20/><D34/><U97/><E97/><V45/><F45/><N who="3" m="25663" /><G30/><T22/><D127/><U35/><E24/><V84/><F32/><W74/><G74/><T4/><D4/><U54/><E63/><N who="2" m="38119" /><F108/><W2/><G2/><T126/><D126/><AGARI ba="0,0" hai="19,21,25,84,89,92,117,118,119,125,126" m="38119" machi="126" ten="40,5200,0" yaku="12,1,52,2" doraHai="133" who="2" fromWho="0" sc="250,-52,250,0,250,52,250,0" /><INIT seed="1,0,0,5,2,90" ten="198,250,302,250" oya="1" hai0="67,8,38,20,135,119,83,34,3,59,128,27,5" hai1="78,115,32,1,86,116,57,54,112,101,77,92,4" hai2="123,42,39,126,61,107,127,120,55,7,69,88,84" hai3="36,28,89,6,26,124,51,53,52,48,108,18,79"/><U104/><E116/><V58/><F107/><W121/><G36/><T16/><D119/><U13/><E32/><V47/><F7/><W40/><G121/><T68/><D128/><U2/><E104/><V60/><F60/><W134/><G6/><T64/><D68/><U118/><E118/><V31/><F31/><W22/><G40/><T43/><D135/><U110/><E13/><V35/><F35/><W133/><G79/><T72/><D59/><U76/><E110/><V132/><F69/><W95/><G108/><T11/><D11/><U129/><E129/><V99/><F99/><N who="3" m="57839" /><G28/><T49/><D49/><N who="3" m="19017" /><G124/><N who="2" m="47657" /><F132/><AGARI ba="0,0" hai="18,22,26,52,53,132,133,134" m="19017,57839" machi="132" ten="30,3900,0" yaku="20,1,52,1,54,1" doraHai="90" who="3" fromWho="2" sc="198,0,250,0,302,-39,250,39" /><INIT seed="2,0,0,0,2,117" ten="198,250,263,289" oya="2" hai0="22,70,101,9,86,98,12,46,111,66,126,28,84" hai1="112,40,92,131,63,41,99,89,95,36,54,35,5" hai2="14,122,103,114,82,34,110,33,17,133,20,61,15" hai3="62,69,29,56,37,4,67,83,0,121,76,39,8"/><V52/><F122/><W85/><G121/><T102/><D111/><U43/><E112/><V42/><F114/><W123/><G123/><T93/><D126/><U16/><E35/><V118/><F118/><W104/><G104/><T57/><D70/><U65/><E131/><V127/><F127/><W23/><G29/><T50/><D102/><U91/><E5/><V11/><F110/><W18/><REACH who="3" step="1"/><G69/><REACH who="3" ten="198,250,263,279" step="2"/><T3/><D28/><U6/><E36/><V48/><F133/><W130/><G130/><T51/><D3/><U129/><E129/><V71/><F71/><W87/><G87/><T97/><D86/><U79/><E79/><V73/><F73/><W10/><G10/><T64/><D84/><N who="1" m="52263" /><E6/><V19/><F33/><W134/><G134/><T88/><D22/><U68/><E68/><V115/><F34/><W116/><G116/><T113/><D113/><U119/><E119/><V7/><F7/><W124/><G124/><T13/><D9/><U25/><E16/><V81/><F115/><W108/><G108/><T53/><D66/><U45/><E65/><V125/><F125/><W47/><G47/><T128/><D128/><U31/><E45/><V77/><F11/><W78/><G78/><T59/><D64/><U105/><E105/><V27/><F19/><W100/><G100/><T2/><D59/><N who="1" m="35319" /><E31/><V30/><F30/><W80/><G80/><N who="2" m="30825" /><F77/><W60/><G60/><T135/><D135/><U24/><AGARI ba="0,1" hai="24,25,40,41,43,91,95,99" m="35319,52263" machi="24" ten="30,1100,0" yaku="8,1" doraHai="117" who="1" fromWho="1" sc="198,-3,250,21,263,-5,279,-3" /><INIT seed="3,0,0,2,0,91" ten="195,271,258,276" oya="3" hai0="103,117,119,130,94,20,6,51,5,126,135,73,106" hai1="127,23,19,34,30,58,128,53,36,102,21,24,10" hai2="133,116,9,87,59,96,110,105,83,92,78,56,37" hai3="111,48,32,80,84,15,82,107,13,86,88,2,22"/><W17/><G2/><T122/><D122/><U124/><E36/><V52/><F37/><W67/><G32/><T70/><D73/><U38/><E38/><V89/><F116/><W43/><G107/><T77/><D70/><U62/><E128/><V79/><F110/><W63/><G111/><T66/><D106/><U16/><E102/><N who="2" m="60679" /><F105/><W101/><G101/><T7/><D66/><U49/><E10/><V29/><F29/><W118/><G118/><T39/><D39/><U75/><E75/><V60/><F9/><W74/><G74/><T57/><D77/><U97/><E97/><V0/><F0/><W108/><G108/><T100/><D130/><U64/><E34/><V72/><F133/><W71/><G15/><T26/><D126/><N who="1" m="48171" /><E23/><V115/><F115/><W69/><G69/><AGARI ba="0,0" hai="16,19,21,24,30,49,53,58,62,64,69" m="48171" machi="69" ten="30,2000,0" yaku="18,1,54,1" doraHai="91" who="1" fromWho="3" sc="195,0,271,20,258,0,276,-20" /><INIT seed="4,0,0,4,1,70" ten="195,291,258,256" oya="0" hai0="73,53,62,135,57,35,21,18,49,66,50,10,55" hai1="28,111,97,76,3,20,67,98,88,42,5,130,9" hai2="52,15,96,29,107,113,119,1,114,79,26,112,72" hai3="68,51,124,0,104,95,47,105,92,39,6,91,109"/><T56/><D135/><U14/><E111/><V115/><F1/><W34/><G109/><T75/><D35/><U133/><E133/><V54/><F114/><W61/><G34/><T12/><REACH who="0" step="1"/><D10/><REACH who="0" ten="185,291,258,256" step="2"/><U24/><E130/><V118/><F118/><W134/><G134/><T106/><D106/><U101/><E76/><V31/><F119/><W43/><G105/><T23/><D23/><U27/><E20/><V81/><F107/><W59/><G104/><T25/><D25/><U121/><E24/><V117/><F117/><W7/><G124/><T13/><D13/><U120/><E14/><V122/><F15/><W46/><G0/><T69/><AGARI ba="0,1" hai="12,18,21,49,50,53,55,56,57,62,66,69,73,75" machi="69" ten="20,7800,0" yaku="1,1,0,1,7,1,9,1,53,0" doraHai="70" doraHaiUra="71" who="0" fromWho="0" sc="185,88,291,-26,258,-26,256,-26" /><INIT seed="4,1,0,0,2,18" ten="273,265,232,230" oya="0" hai0="93,15,79,43,111,56,110,6,53,122,106,121,28" hai1="102,35,3,114,99,47,42,82,76,20,131,75,61" hai2="90,25,94,34,23,125,29,98,54,52,81,73,134" hai3="80,59,112,69,8,64,38,17,62,100,46,44,92"/><T45/><D106/><U1/><E131/><V51/><F134/><W21/><G112/><T132/><D79/><U77/><E114/><V13/><F125/><W135/><G135/><T2/><D2/><U32/><E61/><V128/><F128/><W12/><G38/><N who="0" m="21751" /><D132/><U65/><E65/><V11/><F34/><N who="1" m="12841" /><E20/><V87/><F73/><W39/><G39/><T68/><D28/><U104/><E77/><V70/><F70/><W117/><G117/><T10/><D93/><U97/><E97/><V115/><F51/><W129/><G129/><T113/><D68/><U50/><E1/><V14/><F14/><W101/><G80/><T24/><D24/><U95/><E95/><V60/><F60/><W37/><G37/><T103/><D103/><N who="3" m="39497" /><G69/><T130/><D113/><U40/><E3/><V16/><F115/><W86/><G8/><T96/><D96/><U91/><E91/><AGARI ba="1,0" hai="11,13,16,23,25,29,52,54,81,87,90,91,94,98" machi="91" ten="30,8000,1" yaku="7,1,8,1,52,1,54,2" doraHai="18" who="2" fromWho="1" sc="273,0,265,-83,232,83,230,0" /><AGARI ba="1,0" hai="12,17,21,44,46,59,62,64,86,91,92" m="39497" machi="91" ten="30,2000,0" yaku="8,1,52,1" doraHai="18" who="3" fromWho="1" sc="273,0,182,-20,315,0,230,20" /><INIT seed="5,0,0,1,1,65" ten="273,162,315,250" oya="1" hai0="110,105,88,80,46,41,60,135,24,64,70,15,30" hai1="39,79,35,45,54,10,50,13,77,57,8,114,123" hai2="99,100,47,31,4,124,11,83,61,27,67,68,90" hai3="118,44,112,34,36,14,122,69,3,22,42,19,7"/><U29/><E123/><V17/><F17/><W49/><G122/><T86/><D135/><U20/><E114/><V134/><F134/><W9/><G112/><T82/><D105/><U72/><E35/><V130/><F130/><W74/><G118/><T108/><D15/><U93/><E72/><V0/><F47/><W75/><G69/><T32/><REACH who="0" step="1"/><D82/><REACH who="0" ten="263,162,315,250" step="2"/><U12/><E10/><V2/><F83/><W40/><G36/><AGARI ba="0,1" hai="24,30,32,36,41,46,60,64,70,80,86,88,108,110" machi="36" ten="30,8000,1" yaku="1,1,2,1,7,1,52,1,54,1,53,0" doraHai="65" doraHaiUra="129" who="0" fromWho="3" sc="263,90,162,0,315,0,250,-80" /><INIT seed="6,0,0,1,1,75" ten="353,162,315,170" oya="2" hai0="18,23,46,88,111,135,44,116,78,16,21,113,71" hai1="119,9,2,10,108,1,123,128,77,33,84,35,61" hai2="45,8,87,102,83,36,95,129,66,17,82,130,124" hai3="93,96,94,40,100,121,110,29,134,55,20,24,5"/><V53/><F124/><W90/><G110/><T103/><D111/><U19/><E108/><V65/><F83/><W68/><G68/><T106/><D71/><U67/><E119/><V50/><F36/><W79/><G121/><T115/><D116/><U59/><E123/><V34/><F34/><W31/><G134/><T80/><D135/><U54/><E128/><N who="2" m="49259" /><F95/><W118/><G118/><T47/><D88/><U72/><E72/><V39/><F39/><W73/><G40/><T86/><D103/><U107/><E107/><V131/><N who="2" m="49267" /><V70/><DORA hai="30" /><F70/><W27/><G5/><T26/><REACH who="0" step="1"/><D106/><REACH who="0" ten="343,162,315,170" step="2"/><U112/><E112/><V28/><F102/><W41/><G90/><T126/><D126/><U117/><E117/><V92/><F92/><W13/><G94/><T133/><D133/><U63/><E1/><V7/><F28/><W11/><G31/><T89/><D89/><U15/><E2/><N who="2" m="119" /><F17/><W64/><G29/><T114/><D114/><U42/><E35/><V99/><F99/><W122/><G96/><T48/><D48/><U4/><E33/><V22/><F22/><W132/><G20/><T52/><D52/><U51/><E54/><V125/><F125/><W6/><G55/><T127/><D127/><U58/><E67/><V91/><AGARI ba="0,1" hai="45,50,53,65,66,82,87,91" m="119,49267" machi="91" ten="40,2100,0" yaku="19,1" doraHai="75,30" who="2" fromWho="2" sc="343,-7,162,-7,315,31,170,-7" /><INIT seed="6,1,0,5,4,29" ten="336,155,346,163" oya="2" hai0="48,86,58,71,34,53,89,16,63,120,56,75,104" hai1="77,99,40,44,100,97,133,25,24,21,55,19,10" hai2="47,20,123,50,46,66,115,94,62,106,91,15,73" hai3="18,102,42,108,78,27,134,84,113,127,96,7,38"/><V67/><F106/><W51/><G108/><T17/><D120/><U68/><E68/><V98/><F123/><W39/><G134/><T22/><D104/><U69/><E133/><V93/><F73/><W110/><G110/><T109/><D109/><U122/><E122/><V118/><F118/><W41/><G7/><T1/><D75/><U88/><E69/><V32/><F32/><W135/><G135/><T111/><D111/><U87/><E77/><V132/><F132/><W126/><G113/><T59/><D34/><U128/><E128/><V60/><F115/><W130/><G130/><T28/><D1/><U70/><E70/><V45/><F50/><W119/><G119/><T33/><D33/><U65/><E65/><N who="2" m="24587" /><F94/><W95/><G39/><T81/><D71/><U43/><E100/><V0/><F0/><W101/><G38/><T76/><D76/><U31/><E55/><V116/><F116/><W6/><G101/><T5/><D5/><U57/><E57/><N who="0" m="22121" /><D48/><N who="1" m="26631" /><E43/><V2/><F2/><W117/><G6/><T72/><D72/><U8/><E99/><V64/><F64/><W103/><G117/><T3/><D3/><U112/><E97/><V82/><F82/><N who="3" m="47191" /><G102/><T125/><D125/><N who="3" m="47625" /><G51/><T80/><D80/><N who="1" m="49255" /><E112/><V54/><F54/><W37/><G37/><T52/><D53/><U30/><E30/><V35/><F35/><W79/><G79/><T129/><D129/><U4/><E4/><V9/><F9/><N who="1" m="3689" /><E31/><V90/><F90/><W124/><G124/><T74/><D74/><U49/><E49/><V114/><F114/><W121/><G121/><T11/><D11/><RYUUKYOKU ba="1,0" sc="336,0,155,0,346,0,163,0" hai0="16,17,22,28,52,59,63,81,86,89" hai1="19,21,24,25" hai2="15,20,45,46,47,60,62,91,93,98" hai3="18,27,41,42,95,96,103" /><INIT seed="6,2,0,2,2,11" ten="336,155,346,163" oya="2" hai0="44,117,63,107,1,76,104,13,90,61,2,70,118" hai1="38,22,103,45,18,55,69,17,94,72,10,66,5" hai2="97,125,51,93,36,43,79,19,54,58,100,115,108" hai3="95,37,12,42,89,59,127,88,130,101,14,126,99"/><V74/><F115/><W23/><G130/><T57/><D76/><U6/><E72/><V26/><F108/><W20/><G37/><T32/><D32/><U78/><E78/><V128/><F128/><W48/><G23/><T53/><D90/><N who="3" m="34921" /><G20/><T34/><D34/><U35/><E35/><V75/><F125/><N who="3" m="47627" /><G42/><T114/><D114/><U131/><E131/><V40/><F36/><W116/><G116/><N who="0" m="44651" /><D44/><U68/><E68/><V133/><F133/><W129/><G129/><T3/><D13/><N who="1" m="7351" /><E69/><V112/><F112/><W87/><G87/><T120/><D70/><U7/><E66/><V29/><F29/><W122/><G122/><T46/><D120/><U15/><E38/><V92/><F75/><W102/><G102/><T33/><D33/><U111/><E111/><V21/><REACH who="2" step="1"/><F92/><REACH who="2" ten="336,155,336,163" step="2"/><W30/><G30/><T132/><D132/><U4/><N who="1" m="1024" /><DORA hai="119" /><U109/><E109/><V86/><F86/><W9/><G9/><T85/><D85/><U110/><E110/><V80/><AGARI ba="2,1" hai="19,21,26,40,43,51,54,58,74,79,80,93,97,100" machi="80" ten="30,6000,0" yaku="1,1,0,1,53,1" doraHai="11,119" doraHaiUra="65,96" who="2" fromWho="2" sc="336,-22,155,-22,336,76,163,-22" /><INIT seed="6,3,0,0,5,14" ten="314,133,412,141" oya="2" hai0="51,59,90,113,26,4,98,57,112,63,92,110,76" hai1="130,24,123,34,116,117,127,62,118,54,129,29,97" hai2="100,68,7,102,56,77,133,27,122,15,66,119,38" hai3="96,18,128,109,103,22,85,61,125,114,99,2,3"/><V60/><F122/><W16/><G109/><T20/><D110/><U46/><E123/><V19/><F119/><W70/><G128/><N who="1" m="49258" /><E127/><V107/><F38/><W80/><G125/><T74/><D4/><U41/><E97/><V13/><F107/><W126/><G126/><T104/><D104/><U58/><E117/><V32/><F77/><W12/><G99/><T5/><D5/><U23/><E34/><V87/><F87/><W0/><G114/><T95/><D95/><U43/><E43/><V25/><F133/><W131/><G131/><T71/><D71/><U124/><E124/><V17/><F7/><W86/><G80/><T48/><D74/><U106/><E106/><V81/><F81/><W78/><G78/><T69/><D69/><U40/><E40/><V120/><F68/><W105/><REACH who="3" step="1"/><G18/><REACH who="3" ten="314,133,412,131" step="2"/><N who="2" m="6665" /><F120/><W93/><G93/><T10/><D76/><U36/><AGARI ba="3,1" hai="23,24,29,36,41,46,54,58,62,116,118" m="49258" machi="36" ten="30,1100,0" yaku="19,1" doraHai="14" who="1" fromWho="1" sc="314,-6,133,30,412,-8,131,-6" /><INIT seed="7,0,0,0,2,76" ten="308,163,404,125" oya="3" hai0="92,17,60,101,116,20,42,85,98,75,93,30,105" hai1="5,69,97,4,21,78,80,111,19,123,36,132,124" hai2="32,82,41,68,65,12,77,107,70,47,81,125,71" hai3="24,35,34,38,99,73,100,16,115,61,55,122,10"/><W15/><G122/><T95/><D116/><U54/><E111/><V26/><F125/><W119/><G119/><T84/><D75/><U66/><E123/><V31/><F12/><W57/><G38/><T110/><D110/><U102/><E36/><N who="2" m="21927" /><F82/><W127/><G127/><T130/><D130/><U118/><E132/><V131/><F131/><W1/><G73/><T58/><D105/><U106/><E124/><V40/><F40/><W67/><G115/><T134/><D134/><U22/><E22/><V49/><F49/><W53/><G1/><T126/><D126/><U8/><E118/><V37/><F37/><W33/><REACH who="3" step="1"/><G24/><REACH who="3" ten="308,163,404,115" step="2"/><T25/><D25/><U27/><E54/><V29/><F29/><W114/><G114/><T74/><D74/><U90/><E90/><V83/><F26/><W112/><G112/><T9/><D30/><U7/><E66/><V91/><F31/><W48/><G48/><T46/><D42/><U52/><E52/><V135/><F135/><W18/><G18/><T96/><D17/><U51/><E51/><V120/><F120/><W13/><G13/><T43/><D43/><U128/><E128/><V64/><F64/><W59/><G59/><T103/><D58/><U23/><E69/><V39/><F70/><W129/><G129/><T2/><D2/><U72/><E27/><V14/><F68/><W56/><G56/><T11/><D46/><U133/><E133/><V63/><F71/><W3/><G3/><T89/><D89/><U113/><E113/><V121/><F91/><W44/><G44/><T50/><D50/><U88/><E88/><RYUUKYOKU ba="0,1" sc="308,-15,163,15,404,-15,115,15" hai1="4,5,7,8,19,21,23,72,78,80,97,102,106" hai3="10,15,16,33,34,35,53,55,57,61,67,99,100" /><INIT seed="7,1,1,5,5,8" ten="293,178,389,130" oya="3" hai0="28,22,26,10,80,14,93,16,57,103,43,126,48" hai1="135,52,119,55,109,120,49,100,54,118,73,6,35" hai2="27,17,104,61,2,130,70,18,30,127,69,77,11" hai3="41,87,83,53,51,13,86,21,88,115,3,82,34"/><W23/><G34/><T15/><D126/><U0/><E120/><V1/><F127/><W116/><G116/><N who="1" m="44586" /><E109/><V91/><F104/><W122/><G122/><T76/><D103/><U95/><E135/><V64/><F130/><W62/><G3/><T66/><D93/><U121/><E121/><V97/><F77/><W5/><G62/><T106/><D106/><U112/><E112/><V129/><F129/><W114/><G41/><T42/><D66/><U46/><E73/><V31/><F69/><W38/><G38/><T58/><D43/><N who="1" m="24799" /><E35/><V105/><F30/><W60/><G60/><T29/><D29/><U20/><E20/><V124/><F124/><W110/><G110/><T67/><D67/><U123/><E123/><V90/><F18/><W44/><G115/><T111/><D111/><U40/><E40/><V50/><F2/><W63/><G63/><T125/><D125/><U99/><E0/><V37/><F37/><W81/><G114/><T89/><D42/><U96/><E96/><V72/><F72/><W84/><REACH who="3" step="1"/><G88/><REACH who="3" ten="293,178,389,120" step="2"/><T78/><D89/><U107/><E6/><V75/><F61/><W19/><G19/><N who="0" m="8663" /><D48/><U85/><E55/><V117/><F50/><W36/><G36/><T98/><D98/><U101/><E101/><V132/><F97/><W102/><G102/><T12/><D28/><U45/><E45/><V74/><F31/><W9/><AGARI ba="1,2" hai="5,9,13,21,23,44,51,53,81,82,83,84,86,87" machi="9" ten="40,12000,1" yaku="1,1,0,1,8,1,52,1,53,0" doraHai="8" doraHaiUra="65" who="3" fromWho="3" sc="293,-41,178,-41,389,-41,120,143" /><INIT seed="7,2,0,3,2,135" ten="252,137,348,263" oya="3" hai0="65,42,57,16,29,22,107,83,76,63,37,117,27" hai1="10,108,103,131,24,21,0,93,53,2,68,100,111" hai2="20,125,23,115,69,12,41,3,59,8,67,88,134" hai3="124,98,127,132,14,120,47,123,31,30,80,72,40"/><W5/><G132/><T79/><D117/><U44/><E68/><V39/><F134/><W77/><G98/><T104/><D79/><U102/><E131/><V1/><F69/><W118/><G118/><T70/><D37/><U110/><E93/><V87/><F115/><W78/><G78/><T38/><D38/><U112/><E112/><V48/><F39/><W18/><G5/><T4/><D42/><U89/><E89/><V54/><F41/><W95/><G95/><T121/><D121/><U46/><E10/><V130/><F130/><W17/><G123/><T85/><D4/><U50/><REACH who="1" step="1"/><E46/><REACH who="1" ten="252,127,348,263" step="2"/><N who="2" m="27927" /><F67/><W7/><G120/><T6/><D70/><U91/><E91/><V13/><F13/><W99/><G99/><T106/><D106/><U51/><E51/><V43/><F43/><W81/><G40/><T19/><D107/><U61/><E61/><V129/><F20/><W96/><G96/><T36/><D36/><U66/><E66/><V56/><F23/><W60/><G60/><T114/><D114/><U28/><AGARI ba="2,1" hai="0,2,21,24,28,44,50,53,100,102,103,108,110,111" machi="28" ten="40,2700,0" yaku="1,1,0,1,53,0" doraHai="135" doraHaiUra="105" who="1" fromWho="1" sc="252,-9,127,43,348,-9,263,-15" owari="243,-16.0,170,-33.0,339,44.0,248,5.0" /></mjloggm>