<mjloggm ver="2.3"><GO type="169" lobby="0"/><UN n0="%E3%82%A6%E3%83%AB%E3%83%88%E3%83%A9%E7%AB%8B%E7%9B%B4" n1="%E3%83%AD%E3%83%B3%E3%82%88%E3%82%8A%E8%A8%BC%E6%8B%A0" n2="%67%6F%75%73%69" n3="%E6%97%85%E9%A4%A8%E5%B1%8B" dan="16,17,17,16" rate="2174.00,2217.17,2189.17,2078.29" sx="M,M,M,M"/><TAIKYOKU oya="0"/><INIT seed="0,0,0,2,1,19" ten="250,250,250,250" oya="0" hai0="74,130,106,71,32,52,91,122,88,131,42,104,37" hai1="120,21,85,73,82,8,20,98,102,135,13,26,27" hai2="22,86,38,78,2,24,134,113,101,11,3,125,7" hai3="34,49,23,100,129,36,118,126,54,84,35,99,121"/><T41/><D71/><U132/><E73/><V90/><F38/><W57/><G118/><T44/><D74/><U56/><E120/><V48/><F113/><W103/><G129/><N who="0" m="49163" /><D32/><U39/><E39/><V29/><F125/><W55/><G126/><T58/><D42/><U12/><E56/><V17/><F134/><N who="1" m="51241" /><E27/><V80/><F101/><W133/><G36/><T64/><D64/><U79/><E26/><V0/><F48/><W51/><G133/><T75/><D75/><U127/><E127/><V28/><REACH who="2" step="1"/><F78/><REACH who="2" ten="250,250,240,250" step="2"/><W112/><G112/><T61/><D122/><U50/><E50/><V93/><F93/><W119/><G119/><T83/><D83/><U89/><E79/><V94/><F94/><W14/><G121/><T114/><D114/><U47/><E47/><V46/><F46/><W16/><G103/><T105/><AGARI ba="0,1" hai="37,41,44,52,58,61,88,91,104,105,106" m="49163" machi="105" ten="40,7800,0" yaku="19,1,54,2" doraHai="19" who="0" fromWho="0" sc="250,88,250,-26,240,-26,250,-26" /><INIT seed="0,1,0,0,1,28" ten="338,224,214,224" oya="0" hai0="115,73,93,30,71,43,4,98,53,10,72,44,114" hai1="40,126,88,108,92,55,46,65,48,45,103,8,89" hai2="131,14,12,123,39,57,35,113,36,68,111,33,32" hai3="31,84,83,60,59,75,5,95,56,91,99,7,134"/><T13/><D71/><U74/><E74/><V15/><F68/><W120/><G134/><T50/><D73/><U42/><E108/><V22/><F123/><W87/><G120/><T51/><D30/><U112/><E126/><V122/><F122/><W70/><G70/><T19/><D72/><U80/><E112/><V69/><F69/><W1/><G75/><T132/><D132/><U110/><E110/><V124/><F111/><W3/><G31/><T100/><REACH who="0" step="1"/><D4/><REACH who="0" ten="328,224,214,224" step="2"/><U130/><E130/><V101/><F131/><W16/><G7/><T129/><D129/><U6/><E6/><V121/><F121/><W25/><G5/><T0/><D0/><U23/><E8/><V105/><F113/><W26/><G1/><T106/><D106/><U64/><E23/><V116/><F124/><W58/><G3/><T17/><D17/><U127/><E127/><V97/><F116/><W29/><G16/><T54/><D54/><U102/><E55/><V77/><F22/><W38/><G29/><T24/><D24/><U52/><E52/><V125/><F125/><W78/><G26/><T94/><D94/><U109/><E109/><V21/><F21/><W81/><G25/><T135/><D135/><U82/><E92/><V67/><REACH who="2" step="1"/><F77/><REACH who="2" ten="328,224,204,224" step="2"/><W63/><REACH who="3" step="1"/><G38/><REACH who="3" ten="328,224,204,214" step="2"/><T79/><D79/><AGARI ba="1,3" hai="56,58,59,60,63,78,79,81,83,84,87,91,95,99" machi="79" ten="40,8000,1" yaku="1,1,2,1,9,1,8,1,53,0" doraHai="28" doraHaiUra="62" who="3" fromWho="0" sc="328,-83,224,0,204,0,214,113" /><INIT seed="1,0,0,4,5,74" ten="245,224,204,327" oya="1" hai0="42,10,130,132,117,11,53,67,102,44,79,118,108" hai1="20,0,121,51,92,114,77,104,94,56,29,86,25" hai2="27,18,55,17,99,135,33,70,50,35,13,61,84" hai3="120,21,129,76,119,26,28,5,41,85,75,83,9"/><U14/><E104/><V69/><F135/><W22/><G120/><T113/><D67/><U8/><E0/><V133/><F133/><W32/><G129/><T71/><D71/><U66/><E121/><V115/><F115/><W46/><G119/><T49/><D113/><U126/><E114/><V3/><F3/><W39/><REACH who="3" step="1"/><G85/><REACH who="3" ten="245,224,204,317" step="2"/><T109/><D130/><U37/><E126/><V65/><F84/><W107/><G107/><T134/><D118/><U124/><E124/><V68/><F68/><W15/><AGARI ba="0,1" hai="5,9,15,21,22,26,28,32,39,41,46,75,76,83" machi="15" ten="20,8000,1" yaku="1,1,0,1,7,1,52,1,53,1" doraHai="74" doraHaiUra="38" who="3" fromWho="3" sc="245,-20,224,-40,204,-20,317,90" /><INIT seed="2,0,0,3,3,111" ten="225,184,184,407" oya="2" hai0="134,34,94,32,4,53,12,126,40,49,128,73,26" hai1="63,108,46,48,0,35,129,122,70,92,62,80,120" hai2="30,5,45,71,57,69,8,36,91,7,47,50,28" hai3="85,88,29,115,39,131,38,42,133,84,10,6,74"/><V132/><F132/><W13/><G74/><T51/><D73/><U20/><E35/><V124/><F124/><W19/><G133/><T78/><D78/><U130/><E0/><V21/><F57/><W37/><G131/><N who="1" m="50186" /><E20/><V77/><F77/><W54/><G29/><T25/><D134/><U52/><E92/><V22/><F50/><W65/><G65/><T56/><D128/><U118/><E80/><V66/><F66/><W109/><G54/><T59/><D126/><U2/><E2/><V90/><REACH who="2" step="1"/><F8/><REACH who="2" ten="225,184,174,407" step="2"/><W9/><G38/><AGARI ba="0,1" hai="5,7,21,22,28,30,36,38,45,47,69,71,90,91" machi="38" ten="25,9600,0" yaku="1,1,2,1,22,2,53,0" doraHai="111" doraHaiUra="72" who="2" fromWho="3" sc="225,0,184,0,174,106,407,-96" /><INIT seed="2,1,0,0,5,20" ten="225,184,280,311" oya="2" hai0="25,23,47,98,73,19,63,56,55,95,112,13,116" hai1="30,115,68,76,89,0,114,117,22,126,50,36,88" hai2="65,90,45,34,18,101,9,66,131,94,83,67,8" hai3="27,103,53,61,109,6,7,91,69,2,134,113,46"/><V64/><F131/><W129/><G129/><T93/><D73/><U54/><E36/><V12/><F34/><W17/><G69/><T100/><D112/><U10/><E117/><V57/><F45/><W84/><G103/><T79/><D79/><U51/><E68/><V5/><F101/><W59/><G2/><T92/><D116/><U106/><E106/><V127/><F83/><W99/><G99/><T40/><REACH who="0" step="1"/><D13/><REACH who="0" ten="215,184,280,311" step="2"/><U41/><E76/><V81/><F127/><W70/><G113/><T24/><D24/><U42/><E126/><V125/><F125/><W108/><G27/><T107/><D107/><U43/><E115/><V71/><F71/><W119/><G70/><T135/><D135/><U49/><E114/><V105/><F105/><W26/><G134/><T33/><D33/><U39/><E39/><AGARI ba="1,1" hai="19,23,25,39,40,47,55,56,63,92,93,95,98,100" machi="39" ten="30,3900,0" yaku="1,1,7,1,52,1,53,0" doraHai="20" doraHaiUra="78" who="0" fromWho="1" sc="215,52,184,-42,280,0,311,0" /><INIT seed="3,0,0,2,1,106" ten="267,142,280,311" oya="3" hai0="54,14,92,11,80,135,76,129,88,23,102,28,94" hai1="73,78,130,111,39,131,116,115,57,34,46,93,0" hai2="107,82,50,7,103,91,5,38,22,114,31,133,109" hai3="125,21,66,83,79,56,128,17,19,12,43,8,87"/><W55/><G128/><T6/><D129/><U3/><E57/><V53/><F38/><W81/><G125/><T41/><D41/><U95/><E95/><V98/><F114/><W101/><G101/><T13/><D135/><U27/><E93/><V108/><F133/><W74/><G43/><T126/><D126/><U75/><E78/><V36/><F36/><W90/><G66/><T33/><D33/><U40/><E131/><V20/><F91/><W123/><G123/><T37/><D37/><U2/><E130/><V25/><F22/><W85/><G74/><N who="1" m="28170" /><E115/><V84/><F84/><W18/><REACH who="3" step="1"/><G8/><REACH who="3" ten="267,142,280,301" step="2"/><T118/><D11/><U32/><E116/><V132/><F132/><W112/><G112/><T29/><D118/><U61/><E111/><V72/><F108/><W58/><G58/><T45/><D102/><U69/><E27/><V44/><REACH who="2" step="1"/><F109/><REACH who="2" ten="267,142,270,301" step="2"/><W52/><G52/><T62/><D54/><U35/><E35/><V59/><F59/><W26/><G26/><T47/><D23/><U104/><E104/><V96/><F96/><W77/><G77/><AGARI ba="0,2" hai="5,7,20,25,31,44,50,53,72,77,82,98,103,107" machi="77" ten="40,2600,0" yaku="1,1,52,1,53,0" doraHai="106" doraHaiUra="64" who="2" fromWho="3" sc="267,0,142,0,270,46,301,-26" /><INIT seed="4,0,0,0,0,6" ten="267,142,316,275" oya="0" hai0="41,12,39,120,118,123,86,83,55,10,22,58,42" hai1="105,111,48,13,1,37,74,84,126,100,3,127,92" hai2="9,90,24,47,81,135,129,19,5,23,97,110,132" hai3="21,60,59,64,14,29,8,104,101,56,89,98,134"/><T115/><D118/><U2/><E111/><V0/><F110/><W113/><G113/><T133/><D115/><U78/><E37/><V43/><F129/><W46/><G134/><T125/><D133/><N who="2" m="51274" /><F97/><W72/><G72/><T85/><D125/><U91/><E48/><N who="2" m="26751" /><F90/><W36/><G89/><N who="0" m="51391" /><D39/><U7/><E7/><V116/><F81/><W106/><G106/><T130/><D130/><U32/><E32/><V99/><F99/><W33/><G33/><T65/><D65/><U131/><E13/><V28/><F28/><W107/><G107/><T67/><D67/><U121/><E121/><V117/><AGARI ba="0,0" hai="0,5,9,19,23,24,116,117" m="26751,51274" machi="117" ten="30,2000,0" yaku="20,1,52,1" doraHai="6" who="2" fromWho="2" sc="267,-10,142,-5,316,20,275,-5" /><INIT seed="5,0,0,1,0,107" ten="257,137,336,270" oya="1" hai0="41,134,28,103,38,111,104,21,50,66,62,45,46" hai1="47,27,101,60,65,16,22,8,31,126,39,19,29" hai2="15,58,97,18,2,55,10,43,61,83,95,24,37" hai3="88,69,57,26,130,32,132,117,121,63,0,105,93"/><U34/><E126/><V129/><F129/><W135/><G121/><T124/><D103/><U113/><E113/><V110/><F2/><W96/><G0/><T76/><D104/><U119/><E119/><V13/><F37/><W11/><G130/><T44/><D28/><U68/><E31/><V33/><F43/><W116/><G69/><T56/><D21/><U109/><E109/><V6/><F110/><W70/><G70/><N who="0" m="42327" /><D76/><U118/><E118/><N who="3" m="45674" /><G105/><T14/><D14/><U79/><E8/><V131/><F131/><W49/><G49/><T92/><D92/><U114/><E114/><V52/><F83/><W128/><G128/><T40/><D111/><U87/><E101/><N who="2" m="60607" /><F24/><W102/><G102/><T4/><D4/><U99/><E99/><V127/><F127/><W17/><G32/><T125/><D134/><U133/><E133/><V82/><F82/><W120/><G120/><T73/><D45/><U91/><E79/><V85/><F85/><W1/><G1/><T80/><D56/><U35/><E35/><V86/><F86/><W75/><G26/><T74/><D80/><U89/><E34/><V72/><F55/><N who="3" m="34239" /><G17/><T123/><D123/><U84/><E84/><V112/><F33/><W53/><G11/><T30/><D30/><U5/><E5/><V100/><F100/><W51/><G132/><T7/><D7/><U90/><REACH who="1" step="1"/><E87/><REACH who="1" ten="257,127,336,270" step="2"/><V71/><F112/><W81/><G135/><T106/><D106/><U23/><E23/><V77/><F77/><W42/><G96/><T25/><D125/><U67/><E67/><V20/><F6/><W98/><G98/><RYUUKYOKU ba="0,1" sc="257,-10,127,30,336,-10,270,-10" hai1="16,19,22,27,29,39,47,60,65,68,89,90,91" /><INIT seed="5,1,1,1,4,106" ten="247,157,326,260" oya="1" hai0="87,120,129,57,45,107,94,116,69,105,42,49,72" hai1="110,11,83,19,15,76,13,46,22,18,26,71,8" hai2="31,68,36,91,109,100,0,7,32,4,63,88,132" hai3="16,127,80,84,112,81,48,77,25,95,34,121,54"/><U5/><E71/><V59/><F68/><W90/><G121/><T93/><D116/><U41/><E110/><V89/><F36/><W51/><G81/><T82/><D72/><U78/><REACH who="1" step="1"/><E83/><REACH who="1" ten="247,147,326,260" step="2"/><V9/><F109/><W135/><G80/><T40/><D69/><U130/><E130/><V97/><F132/><W35/><G135/><T126/><D129/><U62/><E62/><V131/><F131/><W61/><G61/><T43/><D82/><U52/><E52/><V70/><F70/><W60/><G54/><T79/><D79/><U44/><E44/><V115/><F63/><W99/><G60/><T55/><D45/><U10/><E10/><V47/><F47/><W30/><G77/><T20/><D55/><U108/><E108/><V14/><F59/><W3/><G51/><AGARI ba="1,2" hai="5,8,11,13,15,18,19,22,26,41,46,51,76,78" machi="51" ten="30,5800,0" yaku="1,1,7,1,8,1,53,0" doraHai="106" doraHaiUra="86" who="1" fromWho="3" sc="247,0,147,81,326,0,260,-61" /><INIT seed="5,2,0,5,4,21" ten="247,228,326,199" oya="1" hai0="95,110,48,37,120,36,34,129,13,47,97,23,70" hai1="74,98,90,134,51,92,112,1,76,2,96,7,61" hai2="105,16,115,108,46,83,24,31,26,18,42,80,5" hai3="66,118,109,10,32,103,71,67,64,104,27,122,9"/><U91/><E112/><V6/><F105/><W82/><G122/><T81/><D34/><U8/><E134/><V39/><F108/><W126/><G109/><T116/><D70/><U44/><E61/><V133/><F133/><W77/><G126/><T125/><D116/><U79/><E2/><V11/><F5/><W89/><G89/><T88/><D110/><U52/><E74/><V12/><F115/><W85/><G118/><T78/><D129/><U49/><E49/><N who="2" m="26839" /><F31/><W75/><G85/><T131/><D131/><U38/><REACH who="1" step="1"/><E38/><REACH who="1" ten="247,218,326,199" step="2"/><V55/><F39/><W93/><G71/><T63/><D63/><U14/><E14/><V121/><F121/><W57/><G104/><T86/><D120/><U123/><E123/><V33/><F12/><W50/><G50/><T35/><D125/><U132/><E132/><V87/><F55/><W20/><G32/><T100/><D35/><U72/><E72/><V117/><F33/><W101/><G64/><T62/><D62/><U107/><E107/><V17/><F117/><W102/><G66/><T3/><D3/><U94/><AGARI ba="2,1" hai="1,7,8,44,51,52,76,79,90,91,92,94,96,98" machi="94" ten="30,11700,0" yaku="1,1,0,1,9,1,54,1,53,0" doraHai="21" doraHaiUra="111" who="1" fromWho="1" sc="247,-41,218,133,326,-41,199,-41" /><INIT seed="5,3,0,2,2,108" ten="206,351,285,158" oya="1" hai0="103,8,92,28,73,56,81,98,117,77,10,69,80" hai1="25,96,111,42,85,82,132,75,87,110,100,101,3" hai2="15,72,74,116,54,63,120,119,97,47,60,83,16" hai3="44,95,133,50,76,88,90,11,39,112,40,86,104"/><U84/><E3/><V66/><F120/><W94/><G104/><T33/><D69/><U34/><E42/><V61/><F66/><W121/><G133/><T22/><D33/><U52/><E132/><V24/><F24/><W26/><G121/><T71/><D71/><U57/><E34/><V38/><F97/><W53/><G76/><T65/><D81/><U0/><E0/><V128/><F128/><W29/><G11/><T129/><D129/><U62/><E25/><V30/><F30/><W1/><G1/><T35/><D35/><U9/><E9/><V45/><F38/><W6/><G6/><T19/><D117/><U13/><E13/><V122/><F122/><W93/><G112/><T105/><D105/><U55/><E55/><V123/><F123/><W41/><G39/><T37/><D37/><U131/><E131/><V58/><F72/><W46/><G46/><T79/><D79/><U89/><E101/><V67/><F74/><W107/><G107/><T115/><D115/><U59/><E59/><V109/><F109/><N who="1" m="41481" /><E75/><V102/><F102/><W18/><G18/><T106/><D106/><AGARI ba="3,0" hai="52,57,62,82,84,85,87,89,96,100,106" m="41481" machi="106" ten="30,2900,0" yaku="10,1,54,1" doraHai="108" who="1" fromWho="0" sc="206,-38,351,38,285,0,158,0" /><INIT seed="5,4,0,0,3,133" ten="168,389,285,158" oya="1" hai0="77,45,74,114,128,119,37,63,69,98,24,14,135" hai1="42,17,78,4,31,86,81,10,130,48,132,67,73" hai2="109,104,62,20,84,2,40,71,80,38,60,27,65" hai3="53,59,85,39,123,107,116,72,131,93,49,117,90"/><U55/><E132/><V46/><F2/><W127/><G127/><T121/><D14/><U125/><E130/><V9/><F104/><W102/><G123/><T50/><D50/><U95/><E42/><V91/><F62/><W5/><G131/><T56/><D56/><U115/><E115/><V29/><F9/><W124/><G124/><T79/><D79/><U0/><E125/><V47/><REACH who="2" step="1"/><F46/><REACH who="2" ten="168,389,275,158" step="2"/><W106/><G106/><T25/><D45/><U52/><E67/><V18/><F18/><W22/><G107/><T126/><D63/><U44/><E17/><V11/><F11/><W36/><G116/><T64/><D64/><U88/><E31/><V99/><F99/><W134/><G117/><T122/><D98/><U1/><E55/><V75/><F75/><W41/><G72/><T103/><D74/><U97/><E73/><V57/><F57/><W129/><G59/><T94/><D119/><U15/><AGARI ba="4,1" hai="0,1,4,10,15,44,48,52,78,81,86,88,95,97" machi="15" ten="20,7800,0" yaku="0,1,7,1,54,2" doraHai="133" who="1" fromWho="1" sc="168,-30,389,100,275,-30,158,-30" /><INIT seed="5,5,0,3,4,75" ten="138,489,245,128" oya="1" hai0="105,89,109,49,85,103,96,70,6,104,122,59,125" hai1="52,117,38,21,111,119,67,29,26,66,9,50,5" hai2="98,68,22,91,1,65,71,106,95,56,77,113,46" hai3="81,31,25,129,107,134,23,108,64,53,34,39,101"/><U92/><E38/><V135/><F1/><W48/><G108/><T28/><D70/><U132/><E132/><V12/><F106/><W42/><G134/><T97/><D28/><U17/><E111/><V110/><F110/><W44/><G129/><T74/><D6/><U8/><E119/><V36/><F113/><W30/><G64/><T18/><D18/><U124/><E117/><V79/><F135/><W43/><G107/><N who="0" m="41035" /><D49/><U2/><E124/><V100/><F68/><W7/><G101/><T61/><D59/><U88/><E9/><V13/><F71/><W102/><G102/><T120/><D61/><U78/><E78/><N who="2" m="29707" /><F36/><W40/><G81/><N who="0" m="49327" /><D74/><U130/><E130/><V10/><F100/><W37/><REACH who="3" step="1"/><G7/><REACH who="3" ten="138,489,245,118" step="2"/><T11/><D109/><U133/><E133/><V0/><F65/><W126/><G126/><T82/><D125/><U128/><E128/><V127/><F127/><W118/><G118/><T45/><D103/><U83/><E67/><V116/><F116/><W73/><G73/><T47/><D82/><U27/><E66/><V63/><F95/><W94/><G94/><T20/><D122/><U86/><E83/><V4/><F4/><W3/><G3/><T131/><D131/><U19/><E27/><AGARI ba="5,1" hai="23,25,27,30,31,34,37,39,40,42,43,44,48,53" machi="27" ten="40,1300,0" yaku="1,1,53,0" doraHai="75" doraHaiUra="121" who="3" fromWho="1" sc="138,0,489,-28,245,0,118,38" /><INIT seed="6,0,0,5,5,129" ten="138,461,245,156" oya="2" hai0="102,84,49,2,87,69,88,111,96,70,30,59,72" hai1="116,133,52,93,64,4,109,7,97,110,132,35,32" hai2="127,48,39,53,98,114,5,27,58,103,36,75,80" hai3="105,68,107,135,130,124,76,26,51,8,63,60,41"/><V117/><F117/><W20/><G130/><T78/><D2/><U14/><E64/><V10/><F114/><W108/><G108/><T33/><D111/><U115/><E115/><V54/><F27/><W29/><G76/><T42/><D84/><U90/><E116/><V11/><F11/><W34/><G124/><T45/><D59/><U1/><E1/><V100/><F100/><W55/><G41/><T65/><D65/><U19/><E35/><V85/><F54/><W47/><G135/><N who="1" m="51786" /><E32/><V112/><F75/><W15/><G34/><T37/><D37/><U24/><E24/><V21/><F21/><W113/><G113/><T40/><D40/><U67/><E67/><V38/><F127/><W81/><G68/><T99/><D99/><U119/><E119/><V44/><F58/><W66/><G66/><T101/><D101/><U120/><E120/><V122/><F122/><W94/><G26/><T131/><D131/><U6/><E52/><V73/><F53/><W61/><G55/><T71/><D33/><U86/><E97/><V121/><F98/><W106/><G61/><T95/><D30/><U134/><E134/><V22/><F121/><W0/><G29/><T18/><D71/><U125/><E125/><V46/><F112/><W82/><G63/><T17/><D70/><U23/><AGARI ba="0,0" hai="4,6,7,14,19,23,86,90,93,109,110" m="51786" machi="23" ten="30,7900,0" yaku="20,1,52,3" doraHai="129" who="1" fromWho="1" sc="138,-20,461,79,245,-39,156,-20" /><INIT seed="7,0,0,4,4,127" ten="118,540,206,136" oya="3" hai0="8,65,3,83,9,7,119,21,69,60,95,87,132" hai1="28,126,67,85,125,13,63,54,44,31,37,129,49" hai2="100,15,94,36,43,32,103,112,25,68,5,38,22" hai3="53,39,19,123,56,86,99,42,24,131,77,134,72"/><W93/><G123/><T47/><D119/><U18/><E129/><V97/><F68/><W2/><G131/><T124/><D124/><N who="1" m="47723" /><E85/><V35/><F103/><W4/><G86/><T6/><D132/><U12/><E37/><V61/><F61/><W115/><G134/><T84/><D21/><N who="1" m="11463" /><E13/><V51/><F43/><W57/><G42/><T109/><D109/><U76/><E76/><V106/><F94/><W96/><G77/><T11/><D11/><U81/><E81/><V82/><F82/><W114/><G93/><T64/><D83/><U107/><E107/><V130/><F51/><W80/><G39/><T74/><D74/><U40/><E40/><V16/><F130/><W105/><G80/><T120/><D120/><U128/><E128/><V110/><F97/><W10/><G72/><T46/><D65/><U122/><E122/><V33/><F100/><W70/><G105/><T91/><REACH who="0" step="1"/><D87/><REACH who="0" ten="108,540,206,136" step="2"/><U79/><E79/><V48/><F110/><W34/><G96/><T117/><D117/><U108/><E108/><V20/><F20/><W41/><G99/><T73/><D73/><U92/><E92/><V121/><F22/><N who="3" m="13407" /><G34/><T89/><D89/><U17/><E17/><V90/><F90/><W66/><G70/><AGARI ba="0,1" hai="28,31,44,49,54,63,67,70" m="11463,47723" machi="70" ten="30,1000,0" yaku="18,1" doraHai="127" who="1" fromWho="3" sc="108,0,540,20,206,0,136,-10" owari="108,-39.0,560,65.0,206,1.0,126,-27.0" /></mjloggm>