<mjloggm ver="2.3"><GO type="169" lobby="0"/><UN n0="%E7%A7%81%E3%81%8C%E4%B8%89%E9%87%8D%E3%81%A0" n1="%E3%82%A6%E3%83%AB%E3%83%88%E3%83%A9%E7%AB%8B%E7%9B%B4" n2="%E3%83%97%E3%83%A9%E3%83%81%E3%83%8A%E3%83%A0" n3="%E4%BA%BA%E9%B3%A5%E4%BE%8D%E6%A5%B5" dan="17,18,16,18" rate="2216.97,2209.08,2101.94,2219.28" sx="M,M,M,M"/><TAIKYOKU oya="0"/><INIT seed="0,0,0,5,3,63" ten="250,250,250,250" oya="0" hai0="14,11,110,20,93,55,53,56,35,48,8,65,108" hai1="17,26,58,113,107,1,122,79,130,69,5,90,71" hai2="10,41,62,3,44,104,135,125,54,80,68,99,36" hai3="78,74,95,30,88,0,42,120,77,116,2,59,23"/><T18/><D35/><U111/><E122/><V98/><F135/><W6/><G116/><T101/><D55/><U118/><E118/><V87/><F125/><W100/><G100/><T121/><D121/><U16/><E107/><V75/><F54/><W19/><G42/><T29/><D29/><U43/><E79/><N who="2" m="44159" /><F87/><W27/><G120/><T46/><D101/><U67/><E43/><V9/><F9/><W119/><G119/><T92/><D11/><U61/><E5/><N who="2" m="1343" /><F104/><W106/><G106/><T73/><D73/><U86/><E1/><V34/><F34/><W96/><G74/><T40/><D8/><U52/><E113/><V4/><F4/><W25/><G6/><T133/><D133/><U81/><E130/><V37/><F37/><W131/><G131/><T89/><D65/><AGARI ba="0,0" hai="36,41,44,62,65,68,98,99" m="1343,44159" machi="65" ten="30,2000,0" yaku="25,1,52,1" doraHai="63" who="2" fromWho="0" sc="250,-20,250,0,250,20,250,0" /><INIT seed="1,0,0,5,1,79" ten="230,250,270,250" oya="1" hai0="36,49,131,105,34,3,107,88,39,116,113,43,130" hai1="16,102,60,122,65,80,38,98,94,112,44,33,48" hai2="99,100,92,52,26,61,42,83,121,54,96,110,12" hai3="41,4,132,101,85,118,15,81,119,124,73,86,53"/><U93/><E122/><V87/><F110/><W24/><G41/><T69/><D113/><U127/><E112/><V91/><F121/><W126/><G101/><T108/><D116/><N who="3" m="44585" /><G24/><T21/><D34/><U30/><E127/><N who="3" m="48682" /><G53/><T1/><D69/><U123/><E123/><V84/><F42/><W89/><G4/><T46/><D108/><U106/><E38/><V8/><F26/><W72/><G15/><T57/><D107/><U75/><E30/><V2/><F2/><W104/><G104/><T19/><D105/><U13/><E33/><V125/><F125/><W135/><G86/><T56/><D3/><U120/><E120/><V17/><F61/><W0/><G0/><T37/><D1/><U25/><E25/><V76/><F99/><W90/><G90/><T22/><D88/><U31/><E31/><V117/><F117/><W67/><G67/><T70/><D70/><U77/><E65/><V35/><REACH who="2" step="1"/><F35/><REACH who="2" ten="230,250,260,250" step="2"/><W58/><G58/><T47/><D56/><U114/><E60/><V134/><F134/><AGARI ba="0,1" hai="72,73,81,85,89,132,134,135" m="48682,44585" machi="134" ten="40,12000,2" yaku="20,1,12,1,18,1,34,2,52,1" doraHai="79" who="3" fromWho="2" sc="230,0,250,0,260,-120,250,130" /><INIT seed="2,0,0,2,0,14" ten="230,250,140,380" oya="2" hai0="96,122,103,102,86,111,17,50,134,109,65,116,34" hai1="80,37,132,0,72,129,76,10,21,126,83,13,53" hai2="27,9,127,56,64,44,12,88,75,67,133,52,55" hai3="57,54,94,82,128,93,51,74,115,31,68,108,60"/><V91/><F75/><W16/><G128/><T58/><D34/><U77/><E126/><V97/><F127/><W99/><G31/><T38/><D38/><U84/><E132/><V89/><F133/><W39/><G108/><T48/><D122/><U11/><E129/><V78/><F78/><W28/><G28/><T46/><D116/><U121/><E121/><V22/><F97/><W106/><G39/><T112/><D112/><U125/><E125/><V98/><F98/><W113/><G106/><T90/><D134/><U45/><E0/><V110/><F110/><W118/><G118/><T62/><D50/><U47/><E47/><V43/><F43/><W61/><G82/><T81/><D17/><U63/><E63/><N who="2" m="36231" /><F55/><W131/><G131/><T101/><REACH who="0" step="1"/><D96/><REACH who="0" ten="220,250,140,380" step="2"/><U69/><E37/><V5/><F44/><W3/><G99/><T79/><D79/><U8/><E45/><V19/><AGARI ba="0,1" hai="5,9,12,19,22,27,64,67,88,89,91" m="36231" machi="19" ten="30,11700,0" yaku="8,1,52,1,54,2" doraHai="14" who="2" fromWho="2" sc="220,-39,250,-39,140,127,380,-39" /><INIT seed="2,1,0,2,0,35" ten="181,211,267,341" oya="2" hai0="23,113,15,66,1,125,42,87,79,117,96,21,25" hai1="107,19,90,13,92,77,3,82,41,93,128,43,85" hai2="45,110,73,122,115,10,39,131,98,59,89,94,38" hai3="124,32,28,58,111,114,70,91,81,118,64,74,84"/><V12/><F115/><W60/><G118/><T121/><D113/><U47/><E128/><V120/><F73/><W51/><G114/><T105/><D121/><U26/><E107/><V80/><F80/><W76/><G111/><T102/><D125/><U104/><E104/><V101/><F131/><W16/><G124/><T78/><D117/><U109/><E109/><V126/><F126/><W34/><G28/><T71/><D42/><U20/><E3/><V50/><F110/><W0/><G70/><T65/><D1/><U132/><E132/><V63/><F101/><W55/><G0/><T134/><D134/><U22/><E47/><V56/><F39/><W8/><G64/><T49/><D49/><U75/><REACH who="1" step="1"/><E92/><REACH who="1" ten="181,201,267,341" step="2"/><V127/><F127/><W99/><G99/><T108/><D108/><U40/><E40/><V61/><F120/><W2/><G2/><T9/><D71/><U29/><AGARI ba="1,1" hai="13,19,20,22,26,29,41,43,75,77,82,85,90,93" machi="29" ten="20,5200,0" yaku="1,1,0,1,7,1,53,1" doraHai="35" doraHaiUra="83" who="1" fromWho="1" sc="181,-14,201,65,267,-27,341,-14" /><INIT seed="3,0,0,5,3,50" ten="167,266,240,327" oya="3" hai0="109,93,37,28,64,83,16,19,15,89,131,113,124" hai1="32,110,48,95,6,56,60,114,3,120,92,21,104" hai2="40,100,129,76,9,14,108,38,101,58,87,119,22" hai3="123,61,33,69,106,0,91,11,128,39,52,75,42"/><W72/><G123/><T70/><D109/><U41/><E32/><V65/><F119/><W115/><G106/><T105/><D124/><U80/><E104/><V71/><F71/><W130/><G33/><T7/><D131/><N who="3" m="50217" /><G91/><T94/><D113/><U97/><E110/><V1/><F101/><W85/><G69/><T55/><D37/><U74/><E95/><V67/><F38/><W17/><G85/><N who="0" m="50367" /><D70/><U59/><E97/><V34/><F87/><W31/><G31/><T27/><D64/><U5/><E114/><V96/><F67/><W62/><G115/><T112/><D112/><U29/><E92/><N who="0" m="35433" /><D105/><U99/><E120/><V2/><F65/><W127/><G127/><T51/><D28/><U102/><E29/><V103/><F108/><W73/><G39/><T18/><D27/><U135/><E99/><V118/><F96/><W107/><G107/><T79/><D7/><U68/><E6/><V82/><F129/><W125/><G125/><T126/><D126/><U121/><E5/><V36/><F36/><W66/><G66/><T134/><D134/><U44/><E135/><V24/><F24/><W13/><G0/><T20/><D79/><N who="1" m="44151" /><E3/><V57/><F76/><W88/><G17/><T81/><D81/><U47/><E121/><V77/><F82/><W10/><G13/><T116/><D116/><U53/><E68/><V86/><F118/><W35/><G35/><T132/><D132/><U25/><E102/><V12/><F34/><W30/><G30/><T54/><D54/><N who="1" m="33911" /><E41/><V117/><F100/><W23/><G42/><T43/><D43/><U78/><E78/><RYUUKYOKU ba="0,0" sc="167,15,266,15,240,-15,327,-15" hai0="15,16,18,19,20,51,55" hai1="21,25,44,47,48,53,56" /><INIT seed="4,1,0,4,4,53" ten="182,281,225,312" oya="0" hai0="62,100,18,42,133,113,8,86,16,72,105,48,30" hai1="90,14,94,97,122,66,11,49,87,47,81,76,28" hai2="21,125,3,27,96,9,118,39,61,34,123,33,95" hai3="88,98,54,119,4,91,57,116,117,38,37,10,108"/><T52/><D72/><U89/><E122/><V130/><F39/><W36/><G108/><T50/><D113/><U59/><E28/><V69/><F123/><W135/><G135/><T110/><D133/><U43/><E66/><V2/><F130/><W25/><G25/><T85/><D110/><U58/><E89/><V44/><F44/><W126/><G126/><T106/><D30/><U40/><E40/><V124/><F69/><W17/><G17/><AGARI ba="1,0" hai="11,14,17,43,47,49,58,59,76,81,87,90,94,97" machi="17" ten="30,7700,0" yaku="7,1,8,1,52,2" doraHai="53" who="1" fromWho="3" sc="182,0,281,80,225,0,312,-80" /><INIT seed="5,0,0,4,3,91" ten="182,361,225,232" oya="1" hai0="122,65,133,60,110,28,95,67,19,86,35,115,131" hai1="0,44,105,72,113,10,92,83,114,57,135,42,97" hai2="54,56,99,31,7,58,14,1,3,87,48,8,70" hai3="79,23,96,4,18,61,108,6,106,134,104,127,24"/><U119/><E105/><V22/><F70/><W80/><G108/><T128/><D110/><U123/><E57/><V93/><F87/><W20/><G134/><T13/><D115/><U29/><E29/><V39/><F39/><W121/><G121/><T73/><D73/><U116/><E135/><V117/><F117/><W68/><G127/><T30/><D133/><U25/><E25/><N who="2" m="16823" /><F3/><W111/><G111/><T77/><D122/><U43/><E43/><V89/><F1/><W107/><G96/><T27/><D30/><U33/><E33/><V47/><AGARI ba="0,0" hai="7,8,14,47,48,54,56,58,89,93,99" m="16823" machi="47" ten="30,2000,0" yaku="8,1,52,1" doraHai="91" who="2" fromWho="2" sc="182,-5,361,-10,225,20,232,-5" /><INIT seed="6,0,0,2,5,33" ten="177,351,245,227" oya="2" hai0="53,63,134,56,50,122,12,72,67,79,55,66,17" hai1="130,119,126,82,86,0,80,89,42,54,65,18,121" hai2="70,6,43,35,128,40,51,99,101,133,131,49,117" hai3="60,21,109,62,2,88,22,76,116,19,11,10,58"/><V92/><F35/><W24/><G109/><T98/><D122/><U102/><E0/><V48/><F117/><W13/><G116/><T125/><D125/><U120/><E119/><V113/><F70/><W78/><G62/><T84/><D72/><U16/><E130/><N who="2" m="49707" /><F113/><W1/><G11/><T27/><D134/><U4/><E126/><V37/><F37/><W123/><G123/><N who="1" m="47178" /><E42/><N who="2" m="15915" /><F6/><W26/><G26/><T132/><D27/><U135/><E135/><AGARI ba="0,0" hai="48,49,51,92,99,101,133,135" m="15915,49707" machi="135" ten="40,2000,0" yaku="19,1" doraHai="33" who="2" fromWho="1" sc="177,0,351,-20,245,20,227,0" /><INIT seed="6,1,0,4,0,52" ten="177,331,265,227" oya="2" hai0="29,80,97,77,13,120,109,78,20,130,59,134,113" hai1="85,49,118,1,30,61,117,82,33,21,72,26,55" hai2="50,35,129,38,92,123,101,8,66,103,88,60,100" hai3="71,124,62,105,86,83,65,40,48,34,122,116,39"/><V79/><F38/><W135/><G116/><T19/><D109/><U96/><E72/><V84/><F35/><W51/><G122/><T10/><D120/><U44/><E1/><V36/><F36/><W14/><G105/><T99/><D113/><U111/><E111/><V47/><F129/><W15/><G34/><T93/><D134/><U89/><E33/><V104/><F123/><W5/><G135/><T108/><D108/><U98/><E118/><V28/><F28/><W69/><G69/><T68/><D68/><U0/><E0/><V126/><F126/><W17/><G124/><T56/><D130/><U12/><E117/><V94/><F79/><W43/><G5/><T76/><D80/><U6/><E61/><V27/><F27/><W75/><G75/><T102/><D97/><U23/><E23/><V81/><F8/><AGARI ba="1,0" hai="6,8,12,21,26,30,44,49,55,82,85,89,96,98" machi="8" ten="40,1300,0" yaku="8,1" doraHai="52" who="1" fromWho="2" sc="177,0,331,16,265,-16,227,0" /><INIT seed="7,0,0,0,3,16" ten="177,347,249,227" oya="3" hai0="79,14,130,29,20,74,63,80,56,61,105,24,122" hai1="4,123,65,57,91,93,94,66,115,78,133,27,6" hai2="135,99,127,132,40,54,44,47,68,52,131,77,96" hai3="92,18,36,70,35,31,25,95,39,58,119,45,114"/><W9/><G119/><T33/><D122/><U19/><E78/><V117/><F68/><W98/><G70/><T12/><D130/><U126/><E123/><V11/><F117/><W73/><G73/><T113/><D105/><U8/><E115/><V86/><F131/><W107/><G107/><T41/><D113/><U81/><E126/><V48/><F127/><W103/><G114/><T124/><D124/><U55/><E81/><N who="2" m="47407" /><F47/><W46/><G92/><T60/><D41/><U128/><E93/><V129/><F129/><W101/><G101/><T5/><D56/><U89/><E91/><V108/><F108/><W90/><G103/><T2/><REACH who="0" step="1"/><D33/><REACH who="0" ten="167,347,249,227" step="2"/><U49/><E57/><V7/><F40/><W17/><G58/><T62/><N who="0" m="15360" /><DORA hai="10" /><T85/><D85/><U28/><E128/><V43/><F99/><W72/><G72/><T87/><D87/><U1/><E66/><V3/><F96/><W23/><G35/><T120/><D120/><U38/><E65/><V84/><F84/><W21/><G9/><AGARI ba="0,1" hai="2,5,9,12,14,20,24,29,74,79,80" m="15360" machi="9" ten="50,8000,1" yaku="1,1,52,3,53,0" doraHai="16,10" doraHaiUra="118,125" who="0" fromWho="3" sc="167,90,347,0,249,0,227,-80" owari="257,6.0,347,44.0,249,-15.0,147,-35.0" /></mjloggm>