<mjloggm ver="2.3"><GO type="169" lobby="0"/><UN n0="%E4%B8%89%E5%B0%BA%E7%8E%89" n1="%E3%83%88%E3%83%88%E3%83%AA%E5%85%88%E7%94%9F%31%39%E6%AD%B3" n2="%66%75%6A%69%32%32%39" n3="%E3%81%BB%E3%81%98" dan="16,18,16,16" rate="2061.11,2288.71,2079.20,2162.73" sx="M,F,M,M"/><TAIKYOKU oya="0"/><INIT seed="0,0,0,0,2,69" ten="250,250,250,250" oya="0" hai0="32,15,118,16,25,59,45,81,29,123,57,80,12" hai1="40,51,62,106,95,11,132,18,77,35,117,48,83" hai2="98,6,96,88,97,119,122,134,116,89,78,8,39" hai3="30,49,64,130,72,76,23,14,52,87,2,82,42"/><T56/><D118/><N who="2" m="45098" /><F122/><W0/><G64/><T44/><D123/><U22/><E117/><V33/><F33/><W109/><G109/><T65/><D65/><U113/><E106/><V100/><F134/><W60/><G130/><T131/><D131/><U124/><E35/><V79/><F100/><W84/><G60/><T120/><D120/><U111/><E111/><V1/><F39/><W92/><G72/><T38/><D12/><U43/><E124/><V74/><F74/><W27/><G42/><T13/><D13/><U133/><E11/><V24/><F24/><W28/><G14/><T112/><D112/><U85/><E113/><V5/><F5/><W17/><G2/><T55/><D45/><U36/><E62/><V91/><AGARI ba="0,0" hai="1,6,8,78,79,88,89,91,96,97,98" m="45098" machi="91" ten="40,2700,0" yaku="12,1,54,1" doraHai="69" who="2" fromWho="2" sc="250,-13,250,-7,250,27,250,-7" /><INIT seed="1,0,0,4,0,108" ten="237,243,277,243" oya="1" hai0="98,120,39,125,81,46,97,74,100,90,103,15,3" hai1="56,47,27,51,70,115,105,34,101,79,11,37,114" hai2="106,122,31,89,24,109,121,83,80,88,21,5,78" hai3="124,1,53,111,117,119,48,68,38,76,99,132,130"/><U60/><E79/><V0/><F106/><W66/><G1/><T58/><D3/><U10/><E37/><V128/><F109/><W4/><G4/><T9/><D125/><U18/><E70/><V67/><F67/><W131/><G111/><T57/><D120/><U25/><E105/><V65/><F65/><W16/><G76/><T82/><D46/><U63/><E101/><V113/><F128/><N who="3" m="49195" /><G38/><T32/><D32/><U75/><E75/><V12/><F0/><W77/><G77/><T41/><D41/><U40/><E60/><V26/><F26/><W96/><G124/><T116/><D116/><N who="3" m="44617" /><G132/><T28/><D74/><U35/><E35/><V62/><F5/><W112/><G66/><T23/><D39/><U52/><E27/><V64/><F12/><W44/><G68/><T129/><D15/><U118/><E118/><V95/><F78/><W94/><G94/><T42/><D82/><U8/><REACH who="1" step="1"/><E18/><REACH who="1" ten="237,233,277,243" step="2"/><V85/><F24/><W104/><G104/><T6/><D129/><U49/><E49/><V135/><F62/><W134/><G134/><T133/><D133/><U110/><E110/><V33/><F135/><W20/><G112/><T19/><D19/><U14/><E14/><AGARI ba="0,1" hai="14,16,20,44,48,53,96,99" m="44617,49195" machi="14" ten="30,3900,0" yaku="19,1,12,1,54,1" doraHai="108" who="3" fromWho="1" sc="237,0,233,-39,277,0,243,49" /><INIT seed="2,0,0,3,5,48" ten="237,194,277,292" oya="2" hai0="83,132,130,35,32,38,13,116,28,91,127,99,71" hai1="19,105,39,125,85,96,121,45,27,0,108,64,15" hai2="135,56,69,40,107,63,73,101,102,3,118,34,49" hai3="89,124,112,70,1,114,119,25,123,66,90,21,11"/><V43/><F3/><W51/><G119/><T26/><D132/><U57/><E0/><V61/><F73/><W80/><G123/><T77/><D130/><U79/><E121/><V110/><F34/><W126/><G66/><T103/><D127/><N who="3" m="48681" /><G70/><T122/><D122/><U68/><E68/><V131/><F107/><W2/><G80/><T14/><D38/><U88/><E125/><V78/><F78/><W94/><G51/><T97/><D35/><U30/><E108/><V115/><F118/><W8/><G89/><T42/><D71/><U33/><E79/><V104/><F104/><W9/><G90/><T53/><D42/><N who="2" m="15914" /><F101/><W54/><G94/><T67/><D67/><U29/><E45/><V133/><F102/><W55/><G2/><T7/><D91/><U23/><E39/><V44/><F131/><W82/><G82/><T134/><D103/><U92/><E105/><V50/><F110/><W10/><G1/><T16/><D83/><U18/><E96/><V111/><F111/><W106/><G106/><T6/><D77/><U62/><REACH who="1" step="1"/><E33/><REACH who="1" ten="237,184,277,292" step="2"/><V120/><F120/><W84/><G112/><T76/><D76/><U109/><E109/><V17/><F115/><W36/><G36/><T113/><D113/><U74/><E74/><V52/><F69/><W93/><G114/><T60/><D116/><U31/><E31/><V81/><F133/><W12/><G84/><T5/><D134/><U24/><E24/><V41/><F135/><W22/><G25/><N who="0" m="18447" /><D99/><U117/><E117/><V37/><F37/><W95/><N who="3" m="2048" /><DORA hai="47" /><W46/><G46/><T65/><D97/><RYUUKYOKU ba="0,1" sc="237,-10,184,30,277,-10,292,-10" hai1="15,18,19,23,27,29,30,57,62,64,85,88,92" /><INIT seed="3,1,1,3,5,38" ten="227,214,267,282" oya="3" hai0="81,62,110,127,41,122,82,35,36,48,80,124,102" hai1="111,16,39,50,108,96,135,24,113,40,42,119,61" hai2="45,64,75,31,73,112,128,129,134,105,83,116,13" hai3="14,123,7,99,15,29,52,4,107,72,8,34,95"/><W109/><G123/><T27/><D122/><U63/><E39/><V28/><F105/><W106/><G72/><N who="2" m="27721" /><F116/><W115/><G115/><T19/><D110/><N who="1" m="42027" /><E113/><V97/><F97/><W12/><G109/><T94/><D36/><U100/><E135/><V74/><F112/><W60/><G29/><T103/><D62/><N who="1" m="23563" /><E50/><V133/><F64/><W23/><G34/><T117/><D117/><U88/><E88/><V30/><F13/><W11/><G23/><N who="0" m="13823" /><D35/><U126/><E126/><N who="0" m="48169" /><D82/><U51/><E51/><V17/><F17/><W120/><G120/><T47/><D103/><U21/><E119/><V67/><F45/><W37/><G37/><T65/><D65/><U25/><E25/><V1/><F67/><W32/><G32/><T33/><D33/><U125/><E125/><V18/><F18/><W6/><G106/><AGARI ba="1,1" hai="16,21,24,40,42,96,100,106" m="23563,42027" machi="106" ten="30,7700,0" yaku="14,1,52,2,54,1" doraHai="38" who="1" fromWho="3" sc="227,0,214,90,267,0,282,-80" /><INIT seed="4,0,0,0,1,13" ten="227,304,267,202" oya="0" hai0="120,65,93,52,61,107,26,25,18,29,57,41,36" hai1="131,98,8,108,92,96,43,16,79,67,72,2,123" hai2="35,128,64,130,74,117,105,80,113,135,84,88,47" hai3="37,126,104,95,125,68,22,9,27,3,103,132,23"/><T33/><D107/><U90/><E108/><V76/><F35/><W133/><G68/><T102/><D120/><U134/><E123/><V46/><F105/><W50/><G37/><T77/><D77/><U118/><E118/><V5/><F117/><W58/><G104/><T101/><D93/><U111/><E111/><V56/><F5/><W66/><G3/><T63/><D41/><U85/><E131/><N who="2" m="50219" /><F113/><W81/><G81/><T122/><D36/><U55/><E134/><N who="3" m="51818" /><G9/><T121/><D121/><U75/><E67/><V70/><F70/><W42/><G42/><T69/><REACH who="0" step="1"/><D122/><REACH who="0" ten="217,304,267,202" step="2"/><U115/><E43/><V127/><F135/><W109/><G109/><T106/><D106/><U4/><E79/><V54/><F127/><W48/><G125/><T28/><D28/><U14/><E115/><V19/><F76/><W60/><G126/><T1/><D1/><U82/><E75/><V62/><F74/><W78/><G78/><T11/><D11/><N who="1" m="6239" /><E92/><V100/><F80/><W30/><G95/><T91/><D91/><U83/><E72/><V59/><F100/><W94/><G94/><T7/><D7/><U119/><E119/><V21/><F88/><W124/><G103/><T24/><D24/><U39/><E39/><V0/><F0/><W89/><G89/><T73/><D73/><U97/><E83/><V71/><F84/><W116/><G124/><T34/><D34/><U99/><E99/><V6/><F6/><W15/><G116/><T53/><D53/><U87/><E87/><V51/><F71/><W20/><G15/><AGARI ba="0,1" hai="15,19,21,46,47,51,54,56,59,62,64" m="50219" machi="15" ten="30,2000,0" yaku="19,1,52,1" doraHai="13" who="2" fromWho="3" sc="217,0,304,0,267,30,202,-20" /><INIT seed="5,0,0,4,5,101" ten="217,304,297,182" oya="1" hai0="40,81,0,12,73,91,14,127,15,98,77,135,83" hai1="105,13,64,46,31,2,7,129,19,50,8,94,24" hai2="79,20,45,55,82,28,124,51,21,44,107,120,66" hai3="9,113,117,3,72,74,133,60,38,99,131,70,10"/><U65/><E129/><V85/><F120/><W59/><G70/><T110/><D110/><U118/><E118/><V16/><F124/><W88/><G131/><T122/><D127/><U116/><E94/><V32/><F32/><W11/><G38/><T103/><D135/><U128/><E105/><V93/><F107/><W18/><G3/><T71/><D0/><U134/><E134/><V92/><F66/><W86/><G133/><T125/><D125/><U104/><E104/><V95/><F28/><W63/><G117/><T89/><D71/><U39/><E39/><V100/><F100/><W97/><G113/><T106/><D122/><U1/><E1/><V54/><F16/><W29/><G29/><T30/><D40/><U6/><E116/><V111/><F111/><W56/><G18/><T112/><D112/><U108/><E108/><V33/><F33/><W61/><G74/><T69/><D69/><U121/><E121/><V47/><F55/><W132/><G72/><T35/><REACH who="0" step="1"/><D83/><REACH who="0" ten="207,304,297,182" step="2"/><U53/><E128/><V48/><F48/><W52/><G132/><T41/><D41/><U36/><E36/><V96/><F96/><N who="3" m="36939" /><G59/><AGARI ba="0,1" hai="20,21,44,45,47,51,54,59,79,82,85,92,93,95" machi="59" ten="40,1300,0" yaku="8,1" doraHai="101" who="2" fromWho="3" sc="207,0,304,0,297,23,182,-13" /><INIT seed="6,0,0,1,5,101" ten="207,304,320,169" oya="2" hai0="56,10,65,37,107,42,61,125,29,73,3,108,93" hai1="24,62,98,86,132,94,51,72,99,116,4,88,114" hai2="63,120,69,89,30,27,128,49,87,66,14,18,91" hai3="70,15,46,2,126,53,0,131,110,32,134,103,135"/><V104/><F120/><W127/><G32/><T55/><D108/><U5/><E116/><V78/><F128/><W119/><G70/><T23/><D125/><N who="3" m="47625" /><G119/><T8/><D73/><U79/><E72/><V16/><F78/><W67/><G110/><T109/><D107/><U124/><E124/><V43/><F104/><W35/><G35/><T81/><D81/><N who="1" m="47423" /><E114/><V58/><F91/><W44/><G67/><T12/><D65/><U95/><E132/><N who="3" m="50730" /><G103/><T11/><D109/><U133/><E133/><V112/><F112/><W28/><G28/><T25/><D3/><N who="3" m="1065" /><G15/><T59/><D12/><U6/><E24/><V75/><F14/><W84/><G84/><T115/><D115/><U100/><E62/><V52/><F75/><W90/><G90/><T111/><D111/><U76/><E76/><V21/><F43/><W50/><G131/><T71/><D93/><AGARI ba="0,0" hai="16,18,21,27,30,49,52,58,63,66,69,87,89,93" machi="93" ten="30,5800,0" yaku="7,1,54,2" doraHai="101" who="2" fromWho="0" sc="207,-58,304,0,320,58,169,0" /><INIT seed="6,1,0,1,1,17" ten="149,304,378,169" oya="2" hai0="64,89,109,22,16,1,127,115,34,94,33,100,106" hai1="26,54,84,42,119,87,113,19,80,45,43,44,107" hai2="55,52,78,123,128,131,132,130,72,114,112,10,92" hai3="110,4,101,50,79,21,57,91,20,117,68,39,134"/><V15/><F123/><W90/><G68/><T28/><D109/><U53/><E119/><V98/><F78/><W37/><G117/><T122/><D122/><U66/><E107/><V24/><F72/><W2/><G110/><T46/><D127/><U13/><E113/><N who="2" m="43627" /><F24/><W63/><G101/><T31/><D1/><U76/><E66/><V48/><F132/><W9/><G79/><T49/><D64/><U70/><E70/><V93/><F48/><W38/><G134/><T41/><D115/><U81/><E26/><V71/><F71/><W135/><G50/><T14/><D106/><U56/><E56/><V61/><F61/><W99/><G135/><T7/><D7/><U60/><E60/><V74/><F74/><W67/><REACH who="3" step="1"/><G99/><REACH who="3" ten="149,304,378,159" step="2"/><T104/><D100/><U96/><E96/><V97/><F98/><W32/><G32/><T124/><D104/><U58/><E76/><V11/><F97/><W75/><G75/><T59/><D124/><U5/><E84/><V51/><F51/><W121/><G121/><T62/><D34/><U3/><E87/><V102/><F102/><W85/><G85/><N who="0" m="52527" /><D33/><U116/><E116/><V73/><F73/><W77/><G77/><T6/><D6/><U23/><E5/><V29/><F130/><W83/><G83/><T120/><D120/><U105/><E81/><V108/><F108/><W88/><AGARI ba="1,1" hai="2,4,9,20,21,37,38,39,57,63,67,88,90,91" machi="88" ten="40,12000,2" yaku="1,1,0,1,52,2,54,1,53,1" doraHai="17" doraHaiUra="35" who="3" fromWho="3" sc="149,-31,304,-31,378,-61,159,133" /><INIT seed="7,0,0,2,3,100" ten="118,273,317,292" oya="3" hai0="83,57,101,123,10,102,15,95,27,118,17,125,86" hai1="73,81,92,46,1,74,48,82,116,98,4,122,77" hai2="37,84,29,18,31,34,90,19,72,97,44,109,133" hai3="36,14,111,110,112,117,107,103,2,59,43,40,87"/><W64/><G117/><T68/><D123/><U105/><E122/><V24/><F109/><N who="3" m="41483" /><G2/><T132/><D132/><U45/><E116/><V76/><F133/><W63/><G36/><T119/><D125/><U78/><E105/><V96/><F72/><W42/><G112/><T58/><D68/><U13/><E1/><V55/><F76/><W104/><G103/><T20/><D119/><U129/><E129/><V33/><F37/><W120/><G120/><T85/><D118/><U127/><E127/><V62/><F44/><W79/><G14/><T11/><D102/><U30/><E30/><V53/><F84/><W35/><G35/><T28/><D11/><U134/><E134/><V41/><F62/><W124/><G124/><T94/><D94/><U52/><E45/><V69/><F69/><W115/><G115/><T128/><D128/><U49/><E49/><V61/><F61/><W93/><G93/><T25/><D25/><U51/><E51/><V114/><F114/><W106/><G87/><T21/><D21/><U8/><E92/><V108/><F108/><W121/><G121/><T91/><REACH who="0" step="1"/><D101/><REACH who="0" ten="108,273,317,292" step="2"/><U9/><E8/><V70/><F70/><W26/><G79/><AGARI ba="0,1" hai="10,15,17,20,27,28,57,58,79,83,85,86,91,95" machi="79" ten="30,7700,0" yaku="1,1,2,1,7,1,8,1,53,0" doraHai="100" doraHaiUra="130" who="0" fromWho="3" sc="108,87,273,0,317,0,292,-77" owari="195,-30.0,273,7.0,317,41.0,215,-18.0" /></mjloggm>