<mjloggm ver="2.3"><GO type="169" lobby="0"/><UN n0="%E3%81%8F%E3%81%86%E3%81%9F%E3%82%8D" n1="%E3%83%81%E3%83%A3%E3%82%A4%E3%82%B8" n2="%E5%B0%B1%E6%B4%BB%E7%94%9F%40%E5%B7%9D%E6%9D%91%E8%BB%8D%E5%9B%A3" n3="%E3%83%97%E3%83%AC%E3%82%B9%E3%83%97" dan="18,17,19,16" rate="2163.35,2139.41,2373.85,2043.96" sx="M,M,M,M"/><TAIKYOKU oya="0"/><INIT seed="0,0,0,5,0,45" ten="250,250,250,250" oya="0" hai0="96,9,108,5,112,4,40,30,0,131,44,88,113" hai1="12,90,76,77,42,106,102,29,65,43,110,135,41" hai2="100,22,3,34,32,83,36,114,123,16,25,27,24" hai3="38,107,95,134,56,66,58,84,73,126,111,67,81"/><T98/><D131/><U2/><E2/><V129/><F36/><W127/><G107/><T17/><D30/><U11/><E110/><V72/><F100/><W57/><G73/><T31/><D31/><U52/><E135/><V133/><F72/><W33/><G33/><N who="2" m="12905" /><F83/><W87/><G38/><T124/><D124/><N who="3" m="47657" /><G111/><T15/><D108/><U20/><E65/><N who="3" m="24586" /><G95/><T1/><D5/><N who="1" m="3183" /><E102/><V122/><F114/><W105/><G105/><T55/><D1/><U70/><E90/><V50/><F50/><W68/><G68/><T14/><D0/><U53/><E70/><V109/><F109/><W118/><G118/><T49/><D40/><U35/><E35/><V7/><F129/><W39/><G39/><T82/><D98/><U116/><E116/><V80/><F80/><W125/><G134/><T132/><D132/><U69/><E69/><V94/><F94/><W63/><G125/><T18/><D96/><U26/><E106/><V51/><F51/><W91/><G87/><N who="0" m="50295" /><D4/><U120/><E120/><N who="2" m="46123" /><F133/><W23/><G23/><AGARI ba="0,0" hai="9,14,15,17,18,23,44,49,55,112,113" m="50295" machi="23" ten="30,5800,0" yaku="25,1,52,1,54,1" doraHai="45" who="0" fromWho="3" sc="250,58,250,0,250,0,250,-58" /><INIT seed="0,1,0,1,2,115" ten="308,250,250,192" oya="0" hai0="42,90,0,55,87,4,63,52,73,121,62,86,51" hai1="40,67,8,79,78,100,119,58,9,37,2,24,46" hai2="50,105,112,111,102,30,29,123,93,71,33,45,95" hai3="77,34,21,12,59,110,25,6,104,89,134,53,103"/><T82/><D73/><U31/><E100/><V15/><F112/><W117/><G117/><T7/><D121/><U35/><E119/><V101/><F71/><W47/><G110/><T48/><D42/><U54/><E67/><V120/><F33/><W88/><G134/><T43/><D43/><U18/><E8/><V80/><F111/><W56/><G34/><T72/><D72/><U28/><E28/><V26/><F105/><W132/><G132/><T61/><D0/><U125/><E125/><V10/><F80/><W64/><G77/><T11/><D11/><U118/><E118/><V70/><F70/><W97/><G47/><T44/><REACH who="0" step="1"/><D87/><REACH who="0" ten="298,250,250,192" step="2"/><U122/><E122/><V124/><F120/><W91/><G64/><T32/><D32/><U108/><E108/><V74/><F10/><W92/><G6/><T75/><D75/><U68/><E2/><V94/><F74/><W49/><G12/><T99/><D99/><U22/><E9/><V81/><F15/><W85/><REACH who="3" step="1"/><G59/><AGARI ba="1,1" hai="4,7,44,48,51,52,55,59,61,62,63,82,86,90" machi="59" ten="40,7700,0" yaku="1,1,8,1,54,1,53,0" doraHai="115" doraHaiUra="133" who="0" fromWho="3" sc="298,90,250,0,250,0,192,-80" /><INIT seed="0,2,0,2,5,57" ten="388,250,250,112" oya="0" hai0="7,48,44,55,63,111,37,120,90,77,49,84,103" hai1="18,78,19,51,83,106,1,74,12,99,11,9,22" hai2="42,24,96,13,20,68,70,71,102,100,21,46,82" hai3="87,124,89,29,133,115,56,25,14,88,45,123,128"/><T112/><D112/><U110/><E110/><V60/><F82/><W38/><G115/><T122/><D37/><U66/><E106/><V47/><F47/><W62/><G128/><T94/><D111/><U8/><E99/><V86/><F86/><W67/><G124/><T127/><D127/><U69/><E51/><V33/><F13/><W72/><G72/><T30/><D30/><U50/><E50/><V10/><F10/><W105/><G105/><T116/><D116/><U5/><REACH who="1" step="1"/><E19/><REACH who="1" ten="388,240,250,112" step="2"/><V0/><F96/><W41/><G123/><T15/><D49/><U58/><E58/><V28/><F100/><W32/><G133/><T43/><D103/><U109/><E109/><V52/><F102/><W26/><G87/><T101/><D101/><U3/><E3/><V121/><F0/><W129/><G129/><T108/><D108/><U132/><E132/><V135/><F135/><W134/><G134/><T2/><D2/><U104/><E104/><V17/><F17/><W119/><G119/><T80/><D122/><U75/><E75/><V113/><F121/><W64/><G56/><N who="0" m="35231" /><D120/><U36/><E36/><V126/><F113/><W35/><G38/><T95/><D90/><U61/><AGARI ba="2,1" hai="1,5,8,9,11,12,18,22,61,66,69,74,78,83" machi="61" ten="30,4000,0" yaku="1,1,0,1,52,1,53,0" doraHai="57" doraHaiUra="40" who="1" fromWho="1" sc="388,-22,240,56,250,-12,112,-12" /><INIT seed="1,0,0,3,2,6" ten="366,296,238,100" oya="1" hai0="68,4,98,95,91,72,66,36,13,126,35,44,41" hai1="120,121,81,76,130,135,29,27,113,61,89,100,25" hai2="64,83,127,60,0,79,47,101,85,115,14,59,51" hai3="58,80,3,53,107,19,88,134,77,22,97,63,82"/><U70/><E113/><V62/><F0/><W118/><G134/><T92/><D35/><U116/><E116/><V69/><F115/><W55/><G118/><T71/><D72/><U49/><E135/><V131/><F127/><W56/><G3/><T46/><D126/><U23/><E130/><V128/><F101/><W67/><G107/><T31/><D31/><U48/><E89/><V65/><REACH who="2" step="1"/><F14/><REACH who="2" ten="366,296,228,100" step="2"/><W45/><G77/><T96/><D13/><U15/><E100/><V1/><F1/><W73/><G88/><T38/><D91/><U99/><E120/><V21/><F21/><W129/><G22/><T26/><D26/><U42/><E121/><V84/><F84/><W119/><G119/><T112/><D112/><U24/><E27/><V90/><F90/><W10/><G73/><T5/><D98/><U109/><E25/><V74/><F74/><W32/><G97/><T2/><D96/><U57/><E99/><V11/><F11/><W105/><G105/><T17/><D2/><U54/><E15/><V28/><F28/><W9/><G9/><T43/><D92/><U50/><E81/><V34/><F34/><W104/><G32/><T78/><D95/><U132/><E76/><V40/><AGARI ba="0,1" hai="40,47,51,59,60,62,64,65,69,79,83,85,128,131" machi="40" ten="30,2000,0" yaku="1,1,0,1,53,0" doraHai="6" doraHaiUra="93" who="2" fromWho="2" sc="366,-5,296,-10,228,30,100,-5" /><INIT seed="2,0,0,2,1,124" ten="361,286,258,95" oya="2" hai0="31,95,41,55,29,72,111,52,66,92,97,81,115" hai1="86,8,85,17,89,130,102,79,19,49,83,67,25" hai2="88,69,64,118,107,133,45,9,105,93,54,60,110" hai3="43,121,78,4,71,73,76,114,44,129,61,36,128"/><V58/><F118/><W126/><G121/><T24/><D115/><U87/><E67/><V65/><F133/><W35/><G126/><T104/><D41/><U90/><E102/><V0/><F110/><W127/><G127/><T125/><D125/><U1/><E1/><V38/><F65/><N who="3" m="41391" /><G114/><T30/><D66/><U6/><E6/><V37/><F0/><W119/><G119/><T94/><D111/><U74/><E49/><V112/><F112/><W59/><G4/><T135/><D135/><U57/><E57/><V109/><F109/><W28/><G59/><T113/><D113/><U80/><E19/><V16/><F38/><W18/><G18/><T26/><D72/><U106/><E25/><N who="0" m="9833" /><D104/><U68/><E17/><V15/><F37/><W22/><G22/><T7/><D7/><U10/><E106/><V23/><F9/><W11/><G11/><T42/><D42/><U77/><E68/><V62/><REACH who="2" step="1"/><F45/><REACH who="2" ten="361,286,248,95" step="2"/><W13/><G44/><T50/><D30/><U12/><E10/><V123/><F123/><W39/><G28/><T34/><D31/><U20/><E8/><V33/><F33/><W51/><G35/><T75/><D29/><U122/><E122/><V32/><F32/><W14/><G39/><T134/><D34/><U56/><E20/><V48/><F48/><W108/><G108/><T101/><D134/><U84/><E80/><V27/><F27/><W99/><G36/><T103/><D50/><U21/><E21/><V120/><F120/><W91/><G51/><T5/><D81/><U47/><E47/><V3/><F3/><W2/><G2/><RYUUKYOKU ba="0,1" sc="361,-10,286,-10,248,30,95,-10" hai2="15,16,23,54,58,60,62,64,69,88,93,105,107" /><INIT seed="2,1,1,5,2,57" ten="351,276,278,85" oya="2" hai0="45,107,46,69,102,55,26,125,14,52,16,27,53" hai1="96,34,28,29,104,18,23,116,82,92,89,60,124" hai2="117,63,97,128,103,130,65,2,21,114,105,95,25" hai3="61,120,43,11,30,9,133,1,91,50,118,108,115"/><V106/><F117/><W67/><G118/><T40/><D69/><U111/><E116/><V22/><F2/><W66/><G120/><T33/><D125/><U48/><E124/><V73/><F73/><W47/><G108/><T74/><D74/><U83/><E111/><V13/><F13/><W77/><G133/><T10/><D33/><U76/><E34/><V24/><F114/><W99/><G115/><T44/><D107/><U49/><E104/><V110/><F110/><W135/><G135/><T62/><D102/><U70/><E70/><V122/><F122/><W90/><G77/><T36/><D36/><U98/><E98/><V31/><F105/><W75/><G75/><T68/><REACH who="0" step="1"/><D40/><REACH who="0" ten="341,276,278,85" step="2"/><U78/><E76/><V58/><REACH who="2" step="1"/><F106/><REACH who="2" ten="341,276,268,85" step="2"/><W51/><G43/><T56/><D56/><U3/><E78/><V59/><F59/><W85/><G47/><T100/><D100/><U64/><E89/><V113/><F113/><W71/><G90/><T93/><D93/><U54/><E92/><V123/><F123/><W41/><G41/><T42/><D42/><U134/><E134/><V94/><F94/><W37/><G91/><T4/><D4/><U17/><E83/><V101/><F101/><W129/><G37/><T86/><D86/><U35/><E82/><V112/><F112/><W84/><G85/><T12/><D12/><U8/><E3/><V79/><F79/><W19/><G84/><T88/><D88/><U87/><E87/><V20/><F20/><W5/><G5/><T127/><D127/><U38/><E23/><V32/><F32/><W81/><G1/><RYUUKYOKU ba="1,3" sc="341,15,276,-15,268,15,85,-15" hai0="10,14,16,26,27,44,45,46,52,53,55,62,68" hai2="21,22,24,25,31,58,63,65,95,97,103,128,130" /><INIT seed="2,2,3,5,4,39" ten="356,261,283,70" oya="2" hai0="130,44,124,19,128,97,68,109,34,49,85,112,86" hai1="100,79,71,9,54,38,118,125,102,119,114,46,111" hai2="23,5,58,30,81,36,91,132,103,67,22,110,53" hai3="80,135,123,84,65,12,78,13,92,64,83,69,127"/><V6/><F36/><W106/><G106/><T120/><D112/><U48/><E79/><V99/><F132/><W50/><G123/><T21/><D120/><U93/><E114/><V108/><F67/><N who="3" m="25675" /><G69/><T56/><D68/><U45/><E9/><V117/><F117/><N who="1" m="44553" /><E93/><N who="2" m="58863" /><F81/><W0/><G0/><T90/><D124/><U105/><E102/><V47/><F47/><W4/><G127/><T17/><D109/><N who="2" m="42090" /><F91/><N who="3" m="53351" /><G135/><T28/><D44/><U72/><E100/><V133/><F133/><W1/><G1/><T59/><D90/><U27/><E105/><V14/><F30/><W18/><G50/><T51/><D28/><U63/><E72/><V55/><F55/><W131/><G131/><T7/><D128/><U121/><E111/><V33/><F33/><W122/><G122/><T116/><D34/><U43/><E121/><V104/><F104/><W107/><G107/><T20/><D130/><U113/><E125/><V40/><F40/><W60/><G60/><T134/><D116/><U87/><E113/><V37/><F37/><W24/><G4/><N who="2" m="1641" /><F14/><N who="3" m="5739" /><G78/><T96/><D134/><U41/><E71/><V57/><F57/><W3/><G3/><T15/><D7/><U35/><E35/><V74/><F74/><W76/><G76/><T31/><D15/><U101/><E101/><V29/><F29/><W77/><G77/><T10/><D31/><U82/><E38/><V89/><F89/><W73/><G73/><T75/><D75/><U94/><E82/><V62/><AGARI ba="2,3" hai="22,23,53,58,62" m="1641,42090,58863" machi="62" ten="30,3000,0" yaku="14,1,10,1" doraHai="39" who="2" fromWho="2" sc="356,-12,261,-12,283,66,70,-12" /><INIT seed="2,3,0,1,3,60" ten="344,249,349,58" oya="2" hai0="1,64,32,30,111,31,129,91,45,61,127,54,40" hai1="67,11,97,114,125,115,51,116,108,14,5,135,46" hai2="72,85,4,109,101,58,49,39,95,86,43,48,8" hai3="28,59,124,2,55,29,102,23,123,79,63,112,113"/><V26/><F72/><W128/><G123/><T83/><D1/><U37/><E37/><V50/><F109/><W119/><G119/><T24/><D111/><U75/><E108/><V15/><F39/><W103/><G2/><T78/><D31/><U71/><E116/><V20/><F43/><W100/><G128/><T16/><D127/><U120/><E75/><V98/><REACH who="2" step="1"/><F58/><REACH who="2" ten="344,249,339,58" step="2"/><W99/><G124/><T92/><D40/><U117/><E125/><V34/><F34/><W132/><G132/><T66/><D129/><U6/><E115/><V130/><F130/><W53/><G112/><T88/><D32/><U93/><E114/><V94/><F94/><W42/><G42/><T12/><D92/><U105/><E117/><V104/><F104/><W87/><G113/><T17/><D45/><U0/><E105/><V7/><F7/><W118/><G118/><T96/><D83/><U65/><E135/><V21/><F21/><W25/><G23/><T36/><D36/><U76/><E120/><V33/><F33/><W52/><G59/><T107/><D107/><U126/><E126/><V22/><F22/><W90/><G29/><AGARI ba="3,1" hai="4,8,15,20,26,29,48,49,50,85,86,95,98,101" machi="29" ten="40,12000,1" yaku="1,1,8,1,53,2" doraHai="60" doraHaiUra="82" who="2" fromWho="3" sc="344,0,249,0,339,139,58,-129" owari="344,14.0,249,-15.0,478,58.0,-71,-57.0" /></mjloggm>