<mjloggm ver="2.3"><GO type="169" lobby="0"/><UN n0="%6C%69%73%7A%74%2D%31%37" n1="%E3%82%A6%E3%83%AB%E3%83%88%E3%83%A9%E7%AB%8B%E7%9B%B4" n2="%E5%90%89%E8%A1%8C%E5%BF%97%E9%A6%99%E5%AD%90" n3="%E9%88%B4%E5%B1%8B%E5%86%85%E4%BA%94%E6%9B%B2" dan="16,17,16,16" rate="2054.23,2202.57,2057.74,2103.00" sx="M,M,M,M"/><TAIKYOKU oya="0"/><INIT seed="0,0,0,0,4,29" ten="250,250,250,250" oya="0" hai0="53,26,10,91,8,101,68,94,49,59,60,38,114" hai1="102,104,1,116,18,51,27,129,75,70,131,34,134" hai2="112,132,35,69,78,103,121,125,11,88,128,28,87" hai3="47,124,6,12,40,80,19,57,72,86,98,16,126"/><T23/><D114/><U73/><E18/><V55/><F112/><W96/><G72/><T24/><D38/><U92/><E92/><V48/><F69/><W61/><G6/><T54/><D101/><U43/><E51/><V42/><F125/><W37/><G19/><N who="0" m="12415" /><D26/><U66/><E43/><V41/><F128/><N who="1" m="49225" /><E1/><V3/><F132/><W99/><G86/><N who="0" m="52599" /><D68/><U118/><E134/><V95/><F121/><W2/><G2/><T83/><D83/><U109/><E109/><V100/><F78/><W127/><G80/><T31/><D31/><N who="1" m="19839" /><E118/><V45/><F100/><W30/><G30/><T33/><D33/><U22/><E22/><V25/><REACH who="2" step="1"/><F103/><REACH who="2" ten="250,250,240,250" step="2"/><W9/><REACH who="3" step="1"/><G96/><REACH who="3" ten="250,250,240,240" step="2"/><T58/><AGARI ba="0,2" hai="8,10,49,53,54,58,59,60" m="52599,12415" machi="58" ten="30,1500,0" yaku="8,1" doraHai="29" who="0" fromWho="0" sc="250,35,250,-5,240,-5,240,-5" /><INIT seed="0,1,0,5,2,111" ten="285,245,235,235" oya="0" hai0="55,90,59,69,132,134,24,45,62,93,19,68,67" hai1="50,102,83,57,79,27,80,121,117,120,114,82,36" hai2="110,97,113,17,3,107,123,7,32,4,0,10,133" hai3="22,35,106,18,100,34,88,54,131,94,15,26,119"/><T38/><D24/><U60/><E36/><V28/><F107/><W84/><G119/><T64/><D19/><U39/><E39/><V81/><F97/><W74/><G74/><T43/><D93/><U116/><E50/><V73/><F123/><N who="1" m="47177" /><E57/><V33/><F110/><W30/><G131/><T44/><D90/><U75/><E60/><V108/><F108/><W1/><G1/><T53/><D53/><U87/><E27/><V21/><F81/><N who="1" m="31337" /><E102/><V76/><F17/><W101/><G106/><T12/><D12/><U104/><E104/><V78/><F21/><W52/><G35/><T92/><D92/><U46/><E46/><V71/><F71/><N who="0" m="27210" /><D45/><U118/><E87/><V103/><F103/><W11/><G34/><T37/><D37/><U112/><AGARI ba="1,0" hai="75,79,83,112,114,116,117,118" m="31337,47177" machi="112" ten="40,8000,1" yaku="34,2,52,2" doraHai="111" who="1" fromWho="1" sc="285,-41,245,83,235,-21,235,-21" /><INIT seed="1,0,0,2,5,113" ten="244,328,214,214" oya="1" hai0="68,105,63,133,9,92,130,12,41,111,13,121,27" hai1="75,16,127,22,51,38,86,17,78,114,120,129,18" hai2="126,20,112,97,82,48,5,95,11,77,90,21,117" hai3="1,99,122,34,26,58,128,76,91,3,118,10,135"/><U29/><E38/><V23/><F112/><W2/><G122/><T62/><D105/><U66/><E75/><V32/><F32/><W59/><G128/><T35/><D92/><U36/><E36/><V100/><F126/><W87/><G76/><T106/><D41/><U6/><E129/><V7/><F48/><W37/><G37/><T96/><D121/><U44/><E127/><V115/><F115/><W42/><G42/><T72/><D72/><U109/><E109/><V25/><F117/><W8/><G99/><T67/><D111/><U89/><E66/><V80/><F25/><W54/><G59/><T103/><D133/><U119/><E119/><V88/><F11/><W24/><G135/><T134/><D134/><U131/><E6/><V93/><F77/><W43/><G43/><T52/><D130/><U4/><E4/><N who="2" m="1611" /><F100/><W46/><G46/><T39/><D9/><U15/><E78/><V60/><F60/><W70/><G70/><T69/><D39/><U123/><E131/><V49/><F49/><W56/><G118/><T116/><D116/><U14/><E114/><V132/><F132/><W71/><G71/><T104/><D104/><U19/><E29/><V124/><F124/><W64/><G2/><T101/><D101/><U74/><E74/><V110/><F110/><W50/><G1/><T98/><D98/><AGARI ba="0,0" hai="20,21,23,80,82,88,90,93,95,97,98" m="1611" machi="98" ten="30,2000,0" yaku="8,1,54,1" doraHai="113" who="2" fromWho="0" sc="244,-20,328,0,214,20,214,0" /><INIT seed="2,0,0,5,4,71" ten="224,328,234,214" oya="2" hai0="68,118,17,98,128,29,39,132,114,100,113,24,41" hai1="23,103,91,50,82,46,28,95,34,78,11,73,79" hai2="84,32,126,69,21,7,74,9,88,36,58,63,64" hai3="25,4,99,38,48,2,65,45,75,30,61,13,76"/><V35/><F74/><W12/><G99/><T5/><D132/><U89/><E34/><V102/><F126/><W62/><G62/><T105/><D128/><U26/><E79/><V40/><F102/><W19/><G13/><T135/><D135/><U124/><E124/><V96/><F96/><W53/><G75/><T134/><D134/><U67/><E103/><V90/><F90/><W52/><G2/><T122/><D122/><U101/><E101/><V87/><F87/><W56/><G4/><T120/><D120/><U115/><E115/><V20/><F32/><W80/><G38/><T72/><D17/><U55/><E67/><V54/><F35/><W15/><G30/><T106/><D118/><U131/><E131/><V108/><F108/><W85/><G65/><T33/><D106/><U123/><E123/><V81/><F9/><W10/><G12/><T116/><D116/><U42/><E11/><V27/><F27/><AGARI ba="0,0" hai="10,15,19,25,27,45,48,52,53,56,61,76,80,85" machi="27" ten="40,2600,0" yaku="8,1,54,1" doraHai="71" who="3" fromWho="2" sc="224,0,328,0,234,-26,214,26" /><INIT seed="3,0,0,4,0,5" ten="224,328,208,240" oya="3" hai0="47,83,126,36,97,134,1,43,103,17,82,81,101" hai1="27,31,3,96,26,42,37,70,67,32,88,123,18" hai2="127,14,111,72,114,112,28,77,76,29,16,30,105" hai3="58,98,118,59,60,19,80,48,86,21,11,13,128"/><W108/><G118/><T78/><D134/><U95/><E3/><V6/><F105/><W65/><G128/><T93/><D126/><U34/><E123/><V90/><F127/><W69/><G108/><T23/><D1/><U50/><E37/><V33/><F33/><W75/><G75/><T94/><D94/><U119/><E119/><V74/><F6/><W54/><G98/><T49/><D103/><U120/><E120/><V35/><F35/><W9/><G69/><T121/><D121/><U92/><E67/><V132/><F132/><W84/><G84/><T12/><REACH who="0" step="1"/><D36/><REACH who="0" ten="214,328,208,240" step="2"/><U66/><E95/><V68/><F111/><W102/><REACH who="3" step="1"/><G102/><REACH who="3" ten="214,328,208,230" step="2"/><T87/><AGARI ba="0,2" hai="12,17,23,43,47,49,78,81,82,83,87,93,97,101" machi="87" ten="20,12000,2" yaku="1,1,2,1,0,1,7,1,8,1,53,1" doraHai="5" doraHaiUra="8" who="0" fromWho="0" sc="214,140,328,-30,208,-30,230,-60" /><INIT seed="4,0,0,1,2,121" ten="354,298,178,170" oya="0" hai0="82,132,45,129,25,112,44,63,3,28,94,124,87" hai1="17,67,14,133,119,127,79,74,110,57,53,114,122" hai2="103,61,8,102,55,64,107,135,92,33,7,41,15" hai3="21,34,86,90,105,73,5,22,54,117,134,46,95"/><T130/><D3/><U111/><E122/><V9/><F135/><W1/><G34/><T19/><D112/><U2/><E2/><V62/><F107/><W98/><G117/><T66/><D124/><U13/><E119/><V16/><F33/><W43/><G73/><T40/><D94/><U81/><E127/><V50/><F41/><W56/><G5/><T39/><D19/><U104/><E104/><V116/><F116/><W77/><G1/><T88/><D45/><U72/><E133/><V65/><F61/><W84/><G84/><T113/><D113/><U89/><E67/><V93/><F93/><W52/><G54/><T58/><REACH who="0" step="1"/><D132/><REACH who="0" ten="344,298,178,170" step="2"/><U100/><E17/><V96/><F92/><W60/><G134/><T68/><D68/><U23/><E114/><V69/><F69/><W11/><G105/><T31/><D31/><U80/><E81/><V4/><F16/><W6/><G6/><T99/><D99/><U27/><E80/><V26/><F96/><W75/><G11/><T49/><D49/><U30/><E30/><V78/><F50/><N who="3" m="26975" /><G75/><T12/><D12/><U125/><E14/><V76/><F62/><W36/><G36/><T51/><D51/><U10/><E13/><V18/><F15/><W59/><G59/><T37/><D37/><U128/><E57/><V29/><F29/><W0/><G0/><T35/><AGARI ba="0,1" hai="25,28,35,39,40,44,58,63,66,82,87,88,129,130" machi="35" ten="30,6000,0" yaku="1,1,0,1,54,1,53,0" doraHai="121" doraHaiUra="115" who="0" fromWho="0" sc="344,70,298,-20,178,-20,170,-20" /><INIT seed="4,1,0,1,1,36" ten="414,278,158,150" oya="0" hai0="44,102,5,63,85,81,20,76,115,49,37,34,25" hai1="94,133,135,51,21,32,96,1,72,89,12,128,73" hai2="126,80,50,35,98,119,48,19,26,30,131,79,106" hai3="23,103,68,62,67,114,59,0,2,42,53,54,125"/><T41/><D115/><U66/><E32/><V46/><F126/><W122/><G54/><T90/><D34/><U97/><E1/><V134/><F131/><W127/><G114/><T87/><D37/><U55/><E66/><V107/><F134/><N who="1" m="51209" /><E128/><V129/><F129/><W71/><G103/><T52/><D102/><U18/><E97/><V6/><F119/><W109/><G71/><T101/><D101/><U60/><E60/><V99/><F50/><W58/><G58/><AGARI ba="1,0" hai="12,18,21,51,55,58,72,73,89,94,96" m="51209" machi="58" ten="30,1000,0" yaku="20,1" doraHai="36" who="1" fromWho="3" sc="414,0,278,13,158,0,150,-13" /><INIT seed="5,0,0,5,1,9" ten="414,291,158,137" oya="1" hai0="109,51,40,75,117,27,20,33,71,23,128,112,48" hai1="19,125,111,44,89,41,21,5,121,49,22,95,4" hai2="132,6,80,56,130,38,70,87,63,84,100,2,11" hai3="77,103,133,116,8,102,96,29,69,34,17,28,97"/><U18/><E125/><V13/><F130/><W25/><G29/><T90/><D109/><U37/><E37/><V59/><F132/><W86/><G133/><T114/><D117/><U42/><E42/><V85/><F38/><W76/><G86/><T120/><D75/><U78/><E78/><V43/><F43/><W119/><G69/><T50/><D71/><U0/><E0/><V24/><F100/><W58/><G119/><T74/><D33/><U36/><E36/><V115/><F115/><W101/><G116/><T54/><D74/><U105/><E105/><V110/><F110/><W92/><G58/><T94/><D120/><U15/><E121/><V107/><F107/><W129/><G129/><T16/><D23/><U124/><E124/><V31/><F80/><W72/><G72/><T118/><D40/><U66/><E66/><V46/><F46/><W134/><G134/><T99/><D128/><U7/><E111/><V93/><F93/><W10/><G10/><T61/><D118/><U82/><E82/><V81/><F81/><W64/><G64/><T39/><D39/><U53/><E41/><V123/><F123/><W45/><G45/><T57/><AGARI ba="0,0" hai="16,20,27,48,50,51,54,57,61,90,94,99,112,114" machi="57" ten="30,7900,0" yaku="0,1,25,2,54,1" doraHai="9" who="0" fromWho="0" sc="414,79,291,-39,158,-20,137,-20" /><INIT seed="6,0,0,5,0,24" ten="493,252,138,117" oya="2" hai0="2,111,123,94,55,4,26,82,115,95,53,76,106" hai1="8,65,50,12,122,91,75,108,126,79,17,88,62" hai2="74,133,36,44,13,109,18,81,70,42,105,48,6" hai3="20,110,23,39,90,112,119,100,73,114,71,33,99"/><V83/><F133/><W57/><G71/><T120/><D106/><U46/><E108/><V125/><F125/><W51/><G39/><T93/><D111/><U27/><E122/><V80/><F109/><W113/><G110/><T63/><D115/><U64/><E75/><V43/><F105/><W67/><G73/><T60/><D60/><U3/><E3/><V118/><F70/><W101/><G33/><T104/><D104/><U47/><E79/><V66/><F66/><W96/><G90/><T132/><D132/><U30/><E47/><V45/><F118/><W86/><G86/><T0/><D55/><U116/><E126/><V89/><F6/><W117/><G67/><T49/><D63/><U41/><E116/><N who="3" m="44618" /><G51/><T31/><D2/><U34/><E64/><V127/><F127/><W28/><G57/><AGARI ba="0,0" hai="8,12,17,27,30,34,41,46,50,57,62,65,88,91" machi="57" ten="30,3900,0" yaku="7,1,52,1,54,1" doraHai="24" who="1" fromWho="3" sc="493,0,252,39,138,0,117,-39" /><INIT seed="7,0,0,2,1,27" ten="493,291,138,78" oya="3" hai0="128,67,57,45,55,88,113,44,48,2,91,18,102" hai1="106,33,110,77,112,80,97,94,108,9,95,127,50" hai2="89,119,135,36,29,101,4,75,17,51,14,131,16" hai3="34,90,35,39,31,38,3,86,58,1,107,83,63"/><W0/><G107/><T129/><D2/><U8/><E33/><V125/><F36/><W103/><G35/><T24/><D102/><U47/><E106/><V79/><F119/><W41/><G103/><T92/><D113/><U84/><E127/><V43/><F125/><W53/><REACH who="3" step="1"/><G41/><REACH who="3" ten="493,291,138,68" step="2"/><T21/><D129/><U100/><E100/><V134/><F131/><W73/><G73/><T76/><D128/><U99/><E112/><V59/><F43/><W85/><G85/><T70/><D76/><U12/><E84/><V68/><F101/><W98/><G98/><T82/><D91/><U40/><E99/><V65/><F89/><W71/><G71/><T111/><D70/><U123/><E97/><V37/><F79/><W96/><G96/><T109/><D88/><U66/><E77/><V28/><F75/><W122/><G122/><T64/><D109/><U104/><E123/><V26/><F68/><W7/><G7/><T133/><D111/><U72/><E104/><V20/><F4/><W116/><G116/><T6/><D6/><U105/><E105/><V5/><F5/><W52/><G52/><T62/><D55/><U22/><E110/><V13/><F65/><W30/><G30/><T23/><D67/><U42/><E66/><V54/><F29/><W11/><G11/><T124/><D64/><U49/><E108/><V56/><F28/><W114/><G114/><T69/><D69/><U132/><E8/><V10/><F54/><W120/><G120/><T78/><D78/><N who="1" m="44103" /><E9/><V15/><F10/><W126/><G126/><T19/><D124/><U93/><E42/><RYUUKYOKU ba="0,1" sc="493,-10,291,-10,138,-10,68,30" hai3="0,1,3,31,34,38,39,53,58,63,83,86,90" /><INIT seed="7,1,1,2,1,107" ten="483,281,128,98" oya="3" hai0="27,84,111,8,12,22,31,130,16,40,42,2,39" hai1="113,68,1,71,61,112,45,104,14,41,49,135,124" hai2="54,63,106,116,24,131,100,80,36,91,43,30,125" hai3="67,92,94,7,81,83,50,132,77,95,128,19,103"/><W33/><G33/><T17/><D111/><U120/><E1/><V56/><F116/><W48/><G132/><T133/><D130/><U115/><E120/><V47/><F131/><W93/><G128/><T85/><D133/><U57/><E104/><V5/><F125/><W58/><G7/><T51/><D39/><U3/><E3/><V44/><F5/><W90/><G19/><T60/><D60/><U118/><E135/><V21/><F47/><W82/><G67/><T109/><D109/><U9/><E124/><V101/><REACH who="2" step="1"/><F106/><REACH who="2" ten="483,281,118,98" step="2"/><W119/><G119/><T108/><D42/><U86/><E118/><V59/><F59/><W89/><G58/><T102/><D51/><U53/><E49/><V35/><F35/><W34/><G34/><T15/><D102/><U122/><E57/><V26/><F26/><W129/><G129/><T96/><D85/><AGARI ba="1,2" hai="21,24,30,36,43,44,54,56,63,80,85,91,100,101" machi="85" ten="40,1300,0" yaku="1,1,53,0" doraHai="107" doraHaiUra="126" who="2" fromWho="0" sc="483,-16,281,0,118,36,98,0" owari="467,57.0,281,8.0,154,-25.0,98,-40.0" /></mjloggm>