<mjloggm ver="2.3"><GO type="169" lobby="0"/><UN n0="%68%65%61%6C%74%68%79%37" n1="%E9%96%8B%E3%81%8B%E3%82%8C" n2="%6B%69%79%6F%64%61%69" n3="%E5%B0%B1%E6%B4%BB%E7%94%9F%40%E5%B7%9D%E6%9D%91%E8%BB%8D%E5%9B%A3" dan="17,16,18,18" rate="2098.06,2066.84,2225.33,2306.58" sx="M,M,M,M"/><TAIKYOKU oya="0"/><INIT seed="0,0,0,3,0,115" ten="250,250,250,250" oya="0" hai0="1,35,45,50,34,27,37,126,78,76,122,36,20" hai1="131,51,90,29,97,59,6,61,53,44,112,117,133" hai2="66,68,91,26,14,132,104,12,110,87,52,31,88" hai3="5,22,106,80,77,7,127,11,121,73,9,8,86"/><T60/><D122/><U135/><E131/><V19/><F104/><W55/><G121/><T109/><D1/><U81/><E112/><V101/><F101/><W96/><G127/><T62/><D126/><U85/><E6/><V93/><F110/><W79/><G79/><T58/><D109/><U94/><E29/><V113/><F113/><W16/><G73/><T118/><D36/><U2/><E2/><V111/><F132/><N who="1" m="50761" /><E117/><V98/><F111/><W125/><G125/><T32/><D37/><U100/><E61/><V123/><F68/><W30/><G30/><T114/><D118/><U25/><E25/><V10/><F66/><W63/><G96/><T15/><D114/><U65/><E65/><V17/><F123/><W89/><G106/><T64/><D15/><U43/><E59/><V83/><F52/><AGARI ba="0,0" hai="43,44,51,52,53,81,85,90,94,97,100" m="50761" machi="52" ten="30,2000,0" yaku="20,1,54,1" doraHai="115" who="1" fromWho="2" sc="250,0,250,20,250,-20,250,0" /><INIT seed="1,0,0,3,0,45" ten="250,270,230,250" oya="1" hai0="20,115,96,67,80,15,44,18,11,117,99,130,42" hai1="91,82,36,103,56,132,105,79,92,58,90,48,106" hai2="34,97,57,35,52,110,73,126,102,100,135,41,118" hai3="125,101,121,84,77,76,65,5,69,120,50,0,94"/><U71/><E71/><V64/><F73/><W66/><G125/><T68/><D130/><U87/><E36/><V74/><F74/><W17/><G0/><T98/><D117/><U95/><E132/><V10/><F118/><W108/><G5/><T60/><D115/><U109/><E109/><V24/><F64/><W28/><G28/><T112/><D112/><U16/><E106/><V131/><F126/><W27/><G69/><T25/><D80/><U37/><E37/><V51/><F110/><W49/><G108/><T114/><D114/><U9/><E105/><V93/><F135/><W3/><G3/><T119/><D119/><U122/><E122/><V72/><F72/><W43/><G43/><T8/><REACH who="0" step="1"/><D25/><REACH who="0" ten="240,270,230,250" step="2"/><U134/><E134/><V89/><F131/><W2/><G120/><T1/><D1/><U70/><E82/><V13/><F34/><W46/><G2/><T107/><D107/><U62/><E92/><V111/><F111/><W39/><G94/><T54/><D54/><U113/><E113/><V31/><REACH who="2" step="1"/><F41/><REACH who="2" ten="240,270,220,250" step="2"/><W19/><G121/><T133/><D133/><U30/><E95/><V86/><F86/><W29/><G84/><T22/><D22/><U85/><E87/><V63/><F63/><W129/><G66/><T6/><D6/><AGARI ba="0,2" hai="6,10,13,24,31,35,51,52,57,89,93,97,100,102" machi="6" ten="30,7700,0" yaku="1,1,7,1,52,1,54,1,53,0" doraHai="45" doraHaiUra="33" who="2" fromWho="0" sc="240,-77,270,0,220,97,250,0" /><INIT seed="2,0,0,0,2,67" ten="163,270,317,250" oya="2" hai0="78,57,27,13,2,10,3,87,69,132,11,95,125" hai1="121,120,34,122,116,58,68,44,88,113,40,103,18" hai2="21,12,23,101,135,38,108,80,20,74,31,119,76" hai3="109,60,51,111,62,43,16,72,86,50,5,123,124"/><V83/><F119/><W130/><G72/><T91/><D125/><U52/><E116/><V105/><F38/><W77/><G123/><T89/><D132/><U117/><E117/><V131/><F135/><W47/><G124/><T64/><D78/><U112/><E34/><V126/><F126/><W28/><G28/><T7/><D57/><U25/><E103/><V30/><F131/><W107/><G107/><T71/><D64/><U14/><E25/><V118/><F118/><W85/><G5/><T96/><D27/><U0/><E0/><V90/><F108/><N who="3" m="41547" /><G51/><T22/><D22/><U54/><E68/><V26/><F30/><W99/><G99/><T104/><D2/><U94/><E44/><V9/><F101/><W66/><G77/><T127/><D127/><U65/><E40/><V59/><F105/><W35/><G35/><T1/><D1/><U37/><E37/><V93/><F83/><W134/><G130/><T24/><D24/><U106/><E106/><V115/><F59/><W114/><G114/><T97/><D97/><N who="1" m="57543" /><E65/><V8/><F115/><N who="1" m="44105" /><E58/><V29/><F29/><W15/><G134/><T98/><D98/><U84/><E84/><N who="3" m="32362" /><G66/><T56/><D56/><U81/><E81/><V61/><F12/><W39/><G39/><T19/><REACH who="0" step="1"/><D104/><REACH who="0" ten="153,270,317,250" step="2"/><U63/><E63/><V48/><F61/><W110/><G110/><T55/><D55/><U32/><E32/><N who="2" m="20599" /><F48/><W42/><G42/><T128/><D128/><U100/><E54/><V36/><F36/><W70/><G70/><T133/><D133/><U49/><E52/><V129/><F129/><W92/><G62/><RYUUKYOKU ba="0,1" sc="153,15,270,-15,317,15,250,-15" hai0="3,7,10,11,13,19,69,71,87,89,91,95,96" hai2="8,9,20,21,23,74,76,80,90,93" /><INIT seed="2,1,1,3,1,62" ten="168,255,332,235" oya="2" hai0="105,56,66,129,36,73,125,6,134,103,8,79,54" hai1="24,69,126,45,12,22,39,51,57,107,2,28,58" hai2="75,4,21,13,116,96,26,32,42,5,44,25,120" hai3="48,117,15,0,47,111,94,102,109,80,118,98,89"/><V70/><F75/><W10/><G0/><T95/><D129/><U59/><E2/><V86/><F70/><W37/><G37/><T87/><D134/><U65/><E107/><V31/><F116/><W68/><G68/><T101/><D125/><U113/><E113/><V133/><F133/><W122/><G122/><T84/><D36/><U40/><E126/><V104/><F120/><W34/><G34/><T110/><D110/><N who="3" m="41993" /><G80/><N who="0" m="47135" /><D73/><U63/><REACH who="1" step="1"/><E12/><REACH who="1" ten="168,245,332,235" step="2"/><V41/><F13/><W100/><G117/><T33/><D105/><U127/><E127/><V43/><F104/><W16/><G118/><T92/><D101/><U85/><E85/><V121/><F86/><W14/><G14/><T55/><D103/><U29/><E29/><V108/><F108/><W1/><G1/><T76/><D87/><U131/><E131/><V50/><F121/><W53/><AGARI ba="1,2" hai="10,15,16,47,48,53,89,94,98,100,102" m="41993" machi="53" ten="30,2000,0" yaku="14,1,54,1" doraHai="62" who="3" fromWho="3" sc="168,-6,245,-6,332,-11,235,43" /><INIT seed="3,0,0,5,0,20" ten="162,239,321,278" oya="3" hai0="87,113,16,5,85,24,96,90,45,91,34,30,99" hai1="54,103,101,97,25,50,12,48,58,46,72,2,15" hai2="78,134,38,118,32,56,94,111,14,131,117,100,112" hai3="9,128,0,105,61,109,127,83,47,129,70,126,98"/><W107/><G0/><T40/><D113/><U29/><E2/><V62/><F32/><W13/><G109/><T6/><D99/><U67/><E72/><V31/><F38/><W93/><G47/><T64/><D64/><U17/><E17/><V37/><F37/><W4/><G70/><T102/><D87/><U57/><E67/><V19/><F31/><W95/><G61/><T104/><D90/><U116/><E116/><V41/><F41/><W21/><G83/><T53/><D53/><U39/><E39/><V1/><F1/><W133/><G133/><T108/><D108/><U10/><E10/><V114/><F78/><W77/><G77/><T84/><D84/><U18/><E18/><V76/><F76/><W120/><G21/><T63/><D63/><U68/><E68/><V79/><F79/><W75/><G75/><T81/><REACH who="0" step="1"/><D16/><REACH who="0" ten="152,239,321,278" step="2"/><U115/><E115/><V42/><F19/><W74/><G98/><T35/><D35/><U69/><E97/><V66/><F62/><W27/><G95/><T124/><D124/><U82/><E54/><V106/><F94/><W52/><G93/><T119/><D119/><U89/><E89/><V92/><F117/><W11/><G126/><T49/><AGARI ba="0,1" hai="5,6,24,30,34,40,45,49,81,85,91,96,102,104" machi="49" ten="20,5200,0" yaku="1,1,0,1,7,1,52,1,53,0" doraHai="20" doraHaiUra="59" who="0" fromWho="0" sc="152,62,239,-13,321,-13,278,-26" /><INIT seed="4,0,0,0,3,120" ten="214,226,308,252" oya="0" hai0="108,73,109,111,74,121,55,95,99,8,67,118,76" hai1="87,72,54,36,86,119,56,66,110,29,97,75,126" hai2="42,71,70,7,78,19,6,124,107,132,123,20,12" hai3="89,106,133,130,4,81,24,122,17,3,47,105,60"/><T43/><D121/><U15/><E36/><V37/><F107/><W39/><G122/><T127/><D118/><U82/><E119/><V25/><F123/><W65/><G3/><T77/><D127/><U2/><E2/><V13/><F124/><W48/><G39/><T44/><D67/><U11/><E66/><V103/><F103/><W30/><G4/><T125/><D55/><U131/><E126/><V21/><F78/><N who="0" m="30314" /><D8/><U33/><E131/><V94/><F94/><W128/><G133/><T115/><D115/><U28/><E75/><V68/><F132/><W50/><G17/><T134/><D134/><U32/><E72/><V5/><REACH who="2" step="1"/><F21/><REACH who="2" ten="214,226,298,252" step="2"/><W9/><G105/><T64/><D125/><U46/><E33/><V104/><F104/><W113/><G106/><T27/><D73/><U90/><E32/><V52/><F52/><W49/><G128/><T40/><D74/><U85/><E54/><V18/><F18/><W51/><G130/><T101/><D64/><U62/><E29/><V80/><F80/><W83/><G83/><T22/><D44/><AGARI ba="0,1" hai="5,6,7,12,13,19,20,25,37,42,44,68,70,71" machi="44" ten="50,3200,0" yaku="1,1,53,1" doraHai="120" doraHaiUra="69" who="2" fromWho="0" sc="214,-32,226,0,298,42,252,0" /><INIT seed="5,0,0,2,5,21" ten="182,226,340,252" oya="1" hai0="1,65,32,9,100,4,99,83,114,52,60,30,50" hai1="120,58,93,35,129,126,96,20,104,56,48,27,74" hai2="37,64,23,73,18,49,26,87,28,90,62,46,8" hai3="84,92,110,131,119,112,94,88,59,6,76,3,95"/><U29/><E120/><V10/><F37/><W63/><G110/><T42/><D114/><U118/><E118/><V0/><F73/><W117/><G112/><T130/><D130/><U133/><E74/><V66/><F0/><W79/><G6/><T107/><D83/><U128/><E133/><V31/><F31/><W97/><G3/><T33/><D42/><U47/><E104/><V91/><F91/><N who="3" m="55455" /><G131/><N who="1" m="50250" /><E126/><V11/><F62/><W102/><G59/><T115/><D115/><U81/><E81/><N who="2" m="49519" /><F28/><W25/><G63/><T101/><D101/><N who="1" m="60559" /><E35/><V122/><F122/><W14/><G14/><T34/><D30/><U39/><E39/><V22/><F22/><W127/><G127/><T13/><D1/><U15/><E15/><V82/><F82/><W132/><G132/><T40/><D40/><AGARI ba="0,0" hai="20,27,29,40,47,48,56,58" m="60559,50250" machi="40" ten="30,2900,0" yaku="19,1,52,1" doraHai="21" who="1" fromWho="0" sc="182,-29,226,29,340,0,252,0" /><AGARI ba="0,0" hai="8,10,11,18,23,26,40,46,49,64,66" m="49519" machi="40" ten="30,2000,0" yaku="8,1,52,1" doraHai="21" who="2" fromWho="0" sc="153,-20,255,0,340,20,252,0" /><INIT seed="5,1,0,3,2,8" ten="133,255,360,252" oya="1" hai0="69,76,91,23,63,66,56,85,104,98,35,135,101" hai1="129,74,64,65,13,45,28,31,123,131,33,79,108" hai2="62,14,116,132,122,29,24,26,53,58,46,94,113" hai3="86,126,67,120,68,47,49,70,20,90,5,121,89"/><U38/><E123/><V10/><F116/><W77/><G126/><T3/><D135/><U81/><E108/><V107/><F107/><W128/><G128/><N who="1" m="49226" /><E13/><V99/><F132/><W112/><G112/><T124/><D124/><U109/><E109/><V61/><F122/><W32/><G32/><T2/><D76/><U134/><E134/><V111/><F113/><W55/><G77/><T57/><D23/><U6/><E6/><V80/><F80/><W25/><G5/><T117/><D117/><U42/><E33/><V102/><F111/><W52/><G89/><T40/><D40/><U37/><E38/><V17/><F46/><W105/><G105/><T44/><D44/><U19/><E19/><V9/><F9/><W133/><G133/><T78/><D78/><U15/><E15/><V18/><F18/><W21/><G21/><T88/><D35/><U4/><E4/><V22/><F26/><W84/><G20/><T1/><REACH who="0" step="1"/><D91/><REACH who="0" ten="123,255,360,252" step="2"/><U27/><E27/><V0/><F0/><W41/><G90/><T95/><AGARI ba="1,1" hai="1,2,3,56,57,63,66,69,85,88,95,98,101,104" machi="95" ten="30,8000,1" yaku="1,1,2,1,0,1,54,1,53,1" doraHai="8" doraHaiUra="103" who="0" fromWho="0" sc="123,93,255,-41,360,-21,252,-21" /><INIT seed="6,0,0,0,3,3" ten="216,214,339,231" oya="2" hai0="98,6,74,69,43,5,32,124,94,60,111,102,128" hai1="55,31,90,78,28,92,70,21,112,71,58,75,97" hai2="27,80,54,114,33,86,7,65,49,79,62,57,48" hai3="47,39,10,127,26,72,135,53,4,131,29,119,118"/><V14/><F114/><W50/><G72/><T8/><D111/><U109/><E109/><V134/><F134/><W42/><G135/><T84/><D32/><U83/><E112/><V52/><F27/><W121/><G121/><T12/><D74/><U17/><E71/><V88/><F33/><W38/><G127/><T76/><D124/><U129/><E129/><V123/><F123/><W11/><G11/><T61/><D128/><U66/><E66/><V100/><F100/><W110/><G110/><T0/><D43/><U101/><E101/><V117/><F117/><W25/><G25/><T81/><D0/><U99/><E99/><V37/><F37/><W85/><G85/><T2/><D2/><U41/><E41/><V107/><F107/><W63/><G63/><N who="0" m="24139" /><D69/><U89/><E89/><V64/><F62/><W105/><G105/><T68/><D68/><U113/><E70/><V106/><F106/><W73/><G73/><T40/><D40/><U13/><E113/><V19/><F7/><AGARI ba="0,0" hai="5,6,7,8,12,76,81,84,94,98,102" m="24139" machi="7" ten="30,7700,0" yaku="8,1,52,3" doraHai="3" who="0" fromWho="2" sc="216,77,214,0,339,-77,231,0" /><INIT seed="7,0,0,5,4,29" ten="293,214,262,231" oya="3" hai0="54,26,106,48,75,34,40,8,3,42,105,23,101" hai1="129,110,73,107,82,55,62,59,32,11,76,14,61" hai2="86,67,124,49,47,117,95,33,4,58,83,118,16" hai3="115,104,31,50,111,45,63,85,119,80,88,60,128"/><W133/><G119/><T78/><D34/><U130/><E110/><V132/><F124/><W114/><G104/><T36/><D36/><U120/><E120/><V24/><F132/><W25/><G111/><T90/><D75/><U99/><E32/><V72/><F72/><W37/><G37/><T28/><D78/><U102/><REACH who="1" step="1"/><E62/><REACH who="1" ten="293,204,262,231" step="2"/><V125/><F118/><W98/><G133/><T123/><D123/><U103/><E103/><V41/><F33/><N who="3" m="20719" /><G128/><T135/><D101/><U96/><E96/><V38/><F117/><W97/><G97/><T56/><D135/><U121/><E121/><V46/><F125/><W20/><G98/><T66/><D106/><U2/><E2/><V116/><F116/><W69/><G69/><T94/><D3/><U22/><E22/><V15/><F38/><W19/><G60/><T113/><D23/><U81/><E81/><V109/><F83/><W65/><G63/><T108/><D105/><U127/><E127/><V5/><F109/><W44/><G65/><T89/><D66/><U131/><E131/><V17/><F67/><W21/><G21/><T9/><D108/><U134/><E134/><V126/><F126/><W7/><G50/><T84/><D48/><U43/><E43/><V35/><F41/><W74/><G74/><T39/><D40/><U10/><E10/><V92/><F49/><W30/><G30/><T79/><D42/><U77/><E77/><V93/><F35/><W87/><G87/><T100/><D79/><U64/><E64/><V18/><F86/><W6/><G20/><T1/><D39/><U71/><E71/><RYUUKYOKU ba="0,1" sc="293,-10,204,30,262,-10,231,-10" hai1="11,14,55,59,61,73,76,82,99,102,107,129,130" /><INIT seed="8,1,1,4,3,131" ten="283,234,252,221" oya="0" hai0="41,134,73,74,53,58,106,127,21,10,29,72,34" hai1="82,31,24,14,35,50,52,27,1,66,103,54,92" hai2="83,133,135,98,121,90,68,32,11,59,109,3,0" hai3="100,96,18,23,2,85,111,88,78,77,17,44,49"/><T93/><D134/><N who="2" m="51210" /><F68/><W37/><G37/><T71/><D127/><U122/><E1/><N who="2" m="587" /><F32/><W7/><G7/><T129/><D129/><U94/><E122/><V57/><F121/><W15/><G18/><T20/><D106/><U70/><E27/><V4/><F109/><W130/><G2/><T62/><D71/><U12/><E82/><V117/><F117/><W79/><G111/><T95/><D41/><U61/><E54/><V67/><F67/><W69/><G69/><T128/><D128/><U123/><E123/><V75/><F11/><W110/><G110/><T8/><D10/><U63/><E66/><V124/><F4/><W118/><G118/><T101/><D8/><U80/><E35/><V47/><F124/><W104/><G130/><T119/><D119/><U89/><E70/><V97/><F47/><W76/><N who="3" m="19968" /><DORA hai="43" /><W26/><G26/><T84/><D73/><U120/><E24/><V22/><F22/><W33/><G33/><T40/><D21/><U25/><E25/><V60/><F75/><W132/><G132/><T42/><D34/><U91/><E120/><V81/><F59/><W39/><G39/><T105/><D72/><U99/><E14/><V87/><F83/><N who="3" m="49215" /><G44/><T102/><D74/><U13/><E12/><V16/><F16/><W86/><G49/><T38/><D20/><U5/><E50/><V65/><AGARI ba="1,1" hai="57,60,65,81,87,90,97,98" m="587,51210" machi="65" ten="30,7900,0" yaku="20,1,52,3" doraHai="131,43" who="2" fromWho="2" sc="283,-40,234,-21,252,92,221,-21" owari="243,4.0,213,-19.0,344,45.0,200,-30.0" /></mjloggm>