<mjloggm ver="2.3"><GO type="169" lobby="0"/><UN n0="%E3%83%AD%E3%83%83%E3%83%86%E9%9B%80%E7%90%83" n1="%E3%82%88%E3%81%A4%E3%81%B0%E3%81%A8%EF%BC%81" n2="%7A%65%52%6F" n3="%E3%83%88%E3%83%88%E3%83%AA%E5%85%88%E7%94%9F%31%39%E6%AD%B3" dan="18,18,18,18" rate="2181.47,2188.12,2205.40,2263.00" sx="M,F,M,F"/><TAIKYOKU oya="0"/><INIT seed="0,0,0,4,5,48" ten="250,250,250,250" oya="0" hai0="92,63,39,57,95,84,127,107,105,128,62,51,129" hai1="17,59,135,96,43,31,75,47,44,119,68,102,80" hai2="5,1,7,126,53,34,36,30,72,125,78,67,116" hai3="98,16,79,91,133,112,114,24,115,13,19,99,46"/><T69/><D39/><U134/><E68/><V22/><F36/><W100/><G133/><T83/><D127/><N who="2" m="48650" /><F34/><W93/><G79/><T49/><D57/><U55/><E31/><V81/><F67/><W9/><G46/><T65/><D65/><U66/><E66/><V120/><F120/><W18/><REACH who="3" step="1"/><G24/><REACH who="3" ten="250,250,250,240" step="2"/><T26/><D26/><U70/><E44/><V28/><F116/><W87/><G87/><T124/><D84/><U21/><E47/><V85/><F85/><W86/><G86/><T111/><D124/><U64/><E119/><V130/><F78/><W76/><G76/><T77/><D77/><U73/><E135/><V52/><F72/><W58/><G58/><T8/><D69/><U50/><E59/><V94/><F81/><W25/><G25/><T104/><D83/><U101/><E80/><V20/><F30/><W14/><G14/><T23/><D129/><U56/><E134/><V11/><F130/><W3/><G3/><T6/><D128/><U0/><E0/><V108/><F28/><W38/><G38/><T123/><D123/><U60/><E73/><V89/><F108/><W71/><G71/><T27/><D111/><U12/><E75/><V37/><F37/><W10/><G10/><T88/><D8/><U132/><E132/><V41/><F11/><W45/><G45/><T32/><D27/><U35/><E35/><V54/><F1/><W110/><G110/><T106/><D32/><U74/><E74/><V118/><F118/><W15/><G15/><T131/><N who="0" m="26624" /><DORA hai="117" /><T122/><D131/><U82/><E82/><V42/><F22/><RYUUKYOKU ba="0,1" sc="250,-10,250,-10,250,-10,240,30" hai3="9,13,16,18,19,91,93,98,99,100,112,114,115" /><INIT seed="1,1,1,1,4,23" ten="240,240,240,270" oya="1" hai0="52,94,111,47,110,5,68,93,122,78,106,41,11" hai1="85,17,44,2,113,99,6,104,91,54,48,77,20" hai2="116,26,135,1,112,21,69,43,120,133,7,105,63" hai3="24,90,83,72,123,96,32,132,108,124,25,100,73"/><U27/><E113/><V129/><F105/><W66/><G123/><T8/><D106/><U102/><E77/><V62/><F116/><W88/><G66/><T87/><D68/><U98/><E98/><V38/><F120/><W53/><G32/><T31/><D122/><U14/><E2/><V76/><F112/><W65/><G65/><T51/><D31/><U134/><E134/><N who="2" m="51211" /><F69/><W18/><G132/><T22/><D22/><U34/><E34/><V33/><F33/><W4/><G4/><T42/><D111/><U118/><E118/><V107/><F107/><N who="3" m="63879" /><G18/><T75/><D110/><U49/><E49/><V50/><F38/><W40/><G40/><N who="0" m="15467" /><D75/><N who="3" m="28745" /><G53/><T36/><D36/><U71/><E71/><V9/><F76/><W16/><G83/><N who="0" m="47607" /><D8/><U131/><E6/><V61/><F129/><W45/><G45/><T81/><D81/><U30/><E131/><V86/><F86/><W84/><G84/><T74/><D74/><U57/><E44/><N who="2" m="25887" /><F63/><W67/><G108/><T0/><D0/><U12/><REACH who="1" step="1"/><E30/><AGARI ba="1,1" hai="1,7,9,21,26,30,61,62" m="25887,51211" machi="30" ten="30,2000,0" yaku="20,1,52,1" doraHai="23" who="2" fromWho="1" sc="240,0,240,-23,240,33,270,0" /><INIT seed="2,0,0,5,2,52" ten="240,217,273,270" oya="2" hai0="61,4,119,81,69,104,23,103,94,117,33,90,29" hai1="34,25,78,70,84,102,112,21,73,26,53,37,28" hai2="107,92,3,68,106,42,1,116,36,80,67,86,135" hai3="120,93,51,97,49,101,57,128,2,6,95,12,96"/><V71/><F116/><W76/><G120/><T62/><D4/><U55/><E112/><V131/><F92/><W113/><G2/><N who="2" m="521" /><F86/><W126/><G113/><T10/><D10/><U24/><E37/><V123/><F67/><W5/><G128/><T60/><D69/><N who="2" m="26698" /><F123/><W82/><G126/><T38/><D38/><U32/><E70/><V0/><F0/><W41/><G41/><T59/><D23/><U118/><E73/><V11/><F11/><W133/><G133/><T79/><D94/><U48/><E118/><V44/><F80/><W15/><G82/><T108/><D81/><N who="1" m="47159" /><E34/><V100/><F100/><W7/><G76/><T91/><D103/><U39/><E39/><V75/><F75/><W132/><G132/><T13/><D79/><U8/><E32/><V63/><F63/><W74/><G74/><T121/><D61/><U58/><E102/><V77/><F77/><W56/><G6/><T110/><D33/><U54/><E8/><V109/><F135/><W134/><G101/><T124/><D117/><U45/><E53/><V47/><F47/><W122/><G134/><T65/><D119/><U125/><E125/><V89/><F89/><W83/><G83/><T114/><D124/><U20/><E20/><V115/><F115/><W17/><G122/><T88/><D121/><U129/><E54/><V98/><F98/><W40/><G40/><T105/><D114/><U18/><E45/><V30/><F131/><W127/><G127/><T19/><D65/><U22/><E129/><V99/><F36/><W66/><G66/><T64/><D64/><U16/><E22/><RYUUKYOKU ba="0,0" sc="240,-15,217,15,273,-15,270,15" hai1="16,18,21,24,25,26,28,48,55,58" hai3="5,7,12,15,17,49,51,56,57,93,95,96,97" /><INIT seed="3,1,0,2,4,86" ten="225,232,258,285" oya="3" hai0="85,50,72,133,71,66,30,111,109,113,39,3,99" hai1="17,97,112,76,79,42,32,121,95,4,52,7,116" hai2="54,75,135,58,25,104,21,122,114,55,49,96,47" hai3="119,67,26,107,1,45,38,53,0,102,69,64,35"/><W29/><G119/><T105/><D72/><U115/><E121/><V56/><F75/><W88/><G64/><T78/><D39/><U125/><E32/><V57/><F114/><W73/><G73/><T127/><D3/><U61/><E116/><V5/><F135/><W87/><G53/><T51/><D127/><U12/><E125/><V131/><F131/><W60/><G45/><T98/><D133/><U2/><E2/><V41/><F5/><N who="1" m="2121" /><E42/><V63/><F122/><W70/><G70/><T101/><D99/><U24/><E24/><V34/><F34/><W65/><G65/><T13/><D30/><U128/><E128/><V132/><F132/><W23/><G23/><T40/><D13/><U124/><E124/><V22/><F22/><W62/><G62/><N who="0" m="40407" /><D40/><U27/><E27/><V20/><F20/><W123/><G38/><T59/><D59/><N who="1" m="35047" /><E115/><V18/><F104/><W117/><G117/><T89/><D113/><U100/><E112/><V130/><F130/><W77/><G77/><T82/><D78/><U33/><E33/><V90/><F41/><W11/><G11/><AGARI ba="1,0" hai="11,12,17,76,79,95,97,100" m="35047,2121" machi="11" ten="30,2000,0" yaku="8,1,54,1" doraHai="86" who="1" fromWho="3" sc="225,0,232,23,258,0,285,-23" /><INIT seed="4,0,0,4,1,113" ten="225,255,258,262" oya="0" hai0="89,122,75,36,49,57,118,62,95,120,60,74,28" hai1="127,71,0,13,25,10,31,130,94,42,73,84,29" hai2="35,96,43,101,110,87,107,69,40,21,80,46,65" hai3="4,99,56,45,76,88,77,44,66,59,3,124,125"/><T30/><D36/><U52/><E71/><V78/><F110/><W41/><G4/><T38/><D38/><U16/><E127/><N who="3" m="48714" /><G3/><T1/><D1/><U106/><E106/><V79/><F35/><W50/><G45/><T48/><D95/><U135/><E73/><V112/><F112/><W97/><G97/><T132/><D89/><N who="1" m="53543" /><E135/><V81/><F46/><W54/><G66/><T14/><D57/><U22/><E130/><V111/><F111/><W93/><G59/><T37/><D37/><AGARI ba="0,0" hai="37,41,44,50,54,56,76,77,88,93,99" m="48714" machi="37" ten="30,2000,0" yaku="18,1,54,1" doraHai="113" who="3" fromWho="0" sc="225,-20,255,0,258,0,262,20" /><INIT seed="5,0,0,4,1,101" ten="205,255,258,282" oya="1" hai0="86,16,74,114,19,43,100,17,102,76,98,94,25" hai1="27,29,70,15,80,30,3,2,92,125,48,109,120" hai2="95,84,131,36,64,41,47,4,133,129,115,22,75" hai3="126,58,134,91,28,106,128,119,53,56,26,18,11"/><U103/><E120/><V68/><F75/><W112/><G112/><T35/><D114/><U118/><E118/><V99/><F115/><W44/><G128/><N who="2" m="49225" /><F4/><W108/><G108/><T71/><D71/><U66/><E125/><V61/><F22/><W123/><G123/><T96/><D74/><U87/><E30/><V49/><F84/><W0/><G126/><T20/><D43/><U32/><E15/><V107/><F133/><W93/><G106/><T42/><D42/><U130/><E48/><V39/><F107/><W51/><G134/><T83/><REACH who="0" step="1"/><D35/><REACH who="0" ten="195,255,258,282" step="2"/><U113/><E113/><V45/><F41/><W57/><G119/><T63/><D63/><U67/><E70/><V72/><F72/><W117/><G117/><T54/><D54/><U132/><E130/><V111/><F111/><W52/><G53/><T65/><D65/><U8/><E67/><V60/><F60/><W23/><G0/><T46/><D46/><N who="2" m="17418" /><F49/><W104/><G44/><T85/><D85/><U90/><E109/><V37/><F37/><W33/><G33/><T116/><D116/><U105/><E132/><V59/><F68/><W50/><G50/><T124/><D124/><U55/><E55/><V24/><F39/><W9/><G51/><T79/><D79/><U110/><E110/><V12/><F36/><W135/><G135/><T1/><D1/><U81/><E66/><V5/><F64/><W77/><G77/><T40/><D40/><U127/><E127/><V38/><F38/><W89/><G52/><T6/><D6/><N who="1" m="1111" /><E3/><V122/><F122/><W121/><G121/><T10/><D10/><RYUUKYOKU ba="0,1" sc="195,15,255,15,258,-15,282,-15" hai0="16,17,19,20,25,76,83,86,94,96,98,100,102" hai1="27,29,32,80,81,87,90,92,103,105" /><INIT seed="5,1,1,1,3,17" ten="210,270,243,267" oya="1" hai0="114,69,28,71,12,88,91,35,15,49,81,34,104" hai1="19,55,122,73,124,2,109,75,30,43,42,125,76" hai2="52,82,65,74,45,90,126,10,29,36,41,107,58" hai3="8,123,78,87,120,66,106,9,118,127,108,59,22"/><U83/><E122/><V21/><F107/><W33/><G33/><N who="0" m="12299" /><D49/><U11/><E30/><V14/><F65/><W24/><G106/><T38/><D28/><U93/><E109/><V95/><F126/><N who="1" m="48745" /><E75/><V117/><F117/><W64/><G108/><T56/><D56/><U132/><E132/><V13/><F82/><N who="3" m="47575" /><G118/><T16/><D104/><U60/><E93/><V84/><F74/><W135/><G135/><T110/><D81/><U96/><E96/><V50/><REACH who="2" step="1"/><F10/><REACH who="2" ten="210,270,233,267" step="2"/><W101/><G9/><T112/><D110/><U105/><E105/><V53/><F53/><W85/><G8/><T100/><D114/><U103/><E55/><V89/><F89/><W23/><G101/><T20/><D112/><U4/><E103/><V113/><F113/><W26/><G127/><T62/><D100/><U37/><E83/><V6/><F6/><W25/><G123/><T102/><D102/><U46/><E73/><V47/><F47/><W92/><G120/><T44/><D91/><U0/><E46/><V32/><F32/><W3/><G64/><T1/><D88/><U129/><E4/><V115/><F115/><W63/><G92/><T5/><D5/><U72/><E11/><V80/><F80/><W54/><G66/><T27/><D71/><U51/><E72/><V40/><F40/><W119/><G119/><T70/><D70/><U131/><E42/><V130/><F130/><W133/><G133/><T86/><D86/><U48/><E131/><V67/><F67/><W94/><G3/><T121/><D1/><U31/><E0/><V134/><F134/><W111/><G111/><RYUUKYOKU ba="1,2" sc="210,-15,270,-15,233,15,267,15" hai2="13,14,21,29,36,41,45,50,52,58,84,90,95" hai3="22,23,24,25,26,54,59,63,85,94" /><INIT seed="6,2,2,3,5,16" ten="195,255,248,282" oya="2" hai0="7,81,57,69,38,25,61,58,79,32,10,23,29" hai1="117,13,9,3,133,55,113,30,34,27,20,18,127" hai2="2,12,56,116,96,73,97,26,52,87,92,64,101" hai3="72,1,42,21,41,129,102,134,44,121,31,68,15"/><V91/><F2/><W36/><G121/><T0/><D38/><U90/><E117/><V53/><F73/><W118/><G118/><T115/><D115/><U45/><E113/><V130/><F116/><W75/><G1/><T6/><D6/><N who="1" m="1247" /><E127/><V114/><F114/><W28/><G68/><T119/><D119/><U110/><E90/><V126/><F130/><W93/><G134/><T48/><D48/><N who="1" m="29071" /><E110/><V19/><F26/><W17/><G129/><T84/><REACH who="0" step="1"/><D32/><REACH who="0" ten="185,255,248,282" step="2"/><U108/><E108/><V78/><F126/><W39/><G36/><T33/><D33/><U98/><E133/><V54/><F78/><W74/><G42/><T24/><D24/><U86/><E27/><V88/><F97/><W8/><G41/><T124/><D124/><U112/><E34/><V80/><F64/><AGARI ba="2,3" hai="0,7,10,23,25,29,57,58,61,64,69,79,81,84" machi="64" ten="40,5200,0" yaku="1,1,52,1,53,1" doraHai="16" doraHaiUra="77" who="0" fromWho="2" sc="185,88,255,0,248,-58,282,0" /><INIT seed="7,0,0,2,3,121" ten="273,255,190,282" oya="3" hai0="44,37,15,88,120,55,97,108,111,93,62,13,35" hai1="67,29,81,132,16,22,14,17,134,122,39,105,68" hai2="19,75,104,53,28,7,31,103,27,96,127,79,40" hai3="77,11,63,73,98,2,130,46,125,64,126,49,133"/><W84/><G73/><T100/><D120/><U114/><E122/><V86/><F75/><W128/><G133/><N who="1" m="51306" /><E39/><V30/><F40/><W48/><G98/><T113/><D35/><U10/><E105/><V71/><F71/><W124/><G77/><T78/><D78/><U101/><E101/><V94/><F127/><W25/><G84/><T1/><D1/><U57/><E68/><V0/><F0/><W115/><G115/><T91/><D113/><U65/><E29/><V83/><F7/><N who="3" m="1527" /><G25/><T123/><D123/><U26/><E114/><V82/><F82/><W80/><G80/><T135/><D135/><U52/><E81/><V34/><F53/><N who="3" m="29847" /><G49/><AGARI ba="0,0" hai="10,14,16,17,22,26,49,52,57,65,67" m="51306" machi="49" ten="30,3900,0" yaku="20,1,54,2" doraHai="121" who="1" fromWho="3" sc="273,0,255,39,190,0,282,-39" /><INIT seed="8,0,0,2,2,104" ten="273,294,190,243" oya="0" hai0="87,50,15,125,22,6,1,118,60,35,4,2,100" hai1="81,106,110,56,95,65,73,36,42,82,44,130,129" hai2="103,20,12,123,58,33,121,116,101,76,54,62,0" hai3="39,77,23,31,89,119,67,112,9,28,38,32,14"/><T24/><D100/><U117/><E106/><V124/><F33/><W79/><G112/><T30/><D60/><N who="1" m="38023" /><E110/><V99/><F0/><N who="0" m="106" /><D50/><U107/><E107/><V108/><F108/><W115/><G119/><T49/><D87/><U127/><E127/><V120/><F124/><W59/><G32/><T84/><D84/><U91/><E73/><V134/><F116/><W63/><G115/><T43/><D49/><U55/><E55/><V26/><F12/><W7/><G39/><T29/><D43/><U80/><E117/><V19/><F134/><W131/><G131/><N who="1" m="50186" /><E95/><V51/><F76/><W64/><G38/><T34/><D125/><U132/><E132/><V37/><F37/><W21/><G64/><T92/><D92/><U94/><E94/><V114/><F114/><W74/><G89/><AGARI ba="0,0" hai="36,42,44,80,81,82,89,91" m="50186,38023" machi="89" ten="30,1000,0" yaku="19,1" doraHai="104" who="1" fromWho="3" sc="273,0,294,10,190,0,243,-10" owari="273,7.0,304,41.0,190,-31.0,233,-17.0" /></mjloggm>