<mjloggm ver="2.3"><GO type="169" lobby="0"/><UN n0="%74%6F%6E%6E%75%72%61" n1="%E6%97%A9%E7%94%B0%E9%80%B2" n2="%E3%82%A6%E3%83%AB%E3%83%88%E3%83%A9%E7%AB%8B%E7%9B%B4" n3="%E3%83%95%E3%82%A3%E3%82%A2%2E" dan="16,16,16,16" rate="2086.94,2143.87,2126.32,2175.07" sx="M,F,M,M"/><TAIKYOKU oya="0"/><INIT seed="0,0,0,1,2,132" ten="250,250,250,250" oya="0" hai0="106,65,55,108,64,71,53,31,97,9,123,8,98" hai1="48,95,26,105,82,39,7,3,130,4,42,94,124" hai2="112,67,81,87,16,40,54,70,44,122,115,73,109" hai3="103,29,22,17,49,66,0,27,51,119,104,72,61"/><T128/><D123/><U45/><E105/><V56/><F73/><W100/><G119/><T36/><D36/><U46/><E130/><V83/><F83/><W118/><G118/><T14/><D31/><U5/><E124/><V10/><F122/><W20/><G72/><T116/><D116/><U57/><E3/><V120/><F120/><W89/><G0/><T102/><D71/><U77/><E57/><V23/><F10/><W35/><G89/><T60/><D60/><U80/><E26/><V114/><F109/><W96/><G103/><T34/><D34/><U126/><E126/><V85/><F67/><W21/><REACH who="3" step="1"/><G17/><REACH who="3" ten="250,250,250,240" step="2"/><T59/><D128/><U135/><E135/><V74/><F74/><W99/><G99/><T2/><D2/><U113/><E113/><V107/><F87/><W12/><G12/><T68/><D108/><U50/><E77/><V25/><F85/><W90/><G90/><T92/><D14/><U86/><E86/><V63/><F81/><N who="1" m="31337" /><E39/><V41/><F107/><W47/><G47/><T88/><D106/><U18/><E18/><V52/><REACH who="2" step="1"/><F70/><AGARI ba="0,1" hai="20,21,22,27,29,35,49,51,61,66,70,96,100,104" machi="70" ten="40,5200,0" yaku="1,1,25,2,53,0" doraHai="132" doraHaiUra="84" who="3" fromWho="2" sc="250,0,250,0,250,-52,240,62" /><INIT seed="1,0,0,4,3,1" ten="250,250,198,302" oya="1" hai0="135,88,46,113,131,117,27,48,34,39,19,50,83" hai1="72,42,114,43,22,63,67,115,11,134,90,13,57" hai2="40,111,102,70,129,109,125,103,78,124,49,105,97" hai3="14,75,24,64,82,59,4,32,120,8,130,104,68"/><U69/><E134/><V89/><F70/><W54/><G120/><T10/><D117/><U96/><E72/><V37/><F37/><W29/><G130/><T16/><D135/><U118/><E118/><V45/><F78/><W12/><G104/><T41/><D113/><U25/><E69/><V62/><F129/><W53/><G68/><T65/><D65/><U101/><E90/><V116/><F116/><W85/><G75/><T119/><D119/><U20/><E115/><V58/><F89/><W26/><G26/><T79/><D131/><U121/><E121/><V93/><F103/><W81/><G64/><T73/><D88/><U123/><E123/><V52/><REACH who="2" step="1"/><F105/><REACH who="2" ten="250,250,188,302" step="2"/><W94/><G94/><T77/><D79/><U3/><E114/><V21/><F21/><W86/><G82/><T126/><D126/><AGARI ba="0,1" hai="40,45,49,52,58,62,93,97,102,109,111,124,125,126" machi="126" ten="40,8000,1" yaku="1,1,18,1,54,1,53,1" doraHai="1" doraHaiUra="91" who="2" fromWho="0" sc="250,-80,250,0,188,90,302,0" /><INIT seed="2,0,0,2,2,0" ten="170,250,278,302" oya="2" hai0="81,100,44,85,55,26,52,123,2,72,75,47,89" hai1="63,101,16,86,107,58,104,40,41,91,134,24,5" hai2="64,133,65,33,135,68,87,17,128,78,80,113,73" hai3="88,110,25,126,39,92,43,95,119,35,42,84,49"/><V19/><F113/><W1/><G119/><T70/><D123/><U53/><E134/><N who="2" m="51211" /><F33/><W109/><G39/><T76/><D70/><U22/><E5/><V131/><F73/><W51/><G1/><T32/><D100/><U57/><E107/><V108/><F108/><N who="3" m="41579" /><G126/><T14/><D2/><U8/><E8/><V103/><F103/><W93/><G35/><T115/><D115/><U48/><E101/><V79/><F79/><W124/><G25/><T20/><D75/><U6/><E6/><V97/><F97/><W127/><G127/><T38/><D32/><U23/><E23/><V118/><F118/><W132/><G132/><T69/><D69/><U77/><E77/><V54/><F54/><W12/><G12/><T7/><D38/><U59/><E104/><V37/><F37/><W82/><G124/><T102/><D102/><U117/><E117/><V74/><F74/><W62/><G62/><T13/><D13/><U114/><E114/><V21/><F17/><W60/><G60/><T122/><D122/><U46/><REACH who="1" step="1"/><E41/><AGARI ba="0,0" hai="41,42,43,49,51,82,84,88,92,93,95" m="41579" machi="41" ten="30,2000,0" yaku="14,1,54,1" doraHai="0" who="3" fromWho="1" sc="170,0,250,-20,278,0,302,20" /><INIT seed="3,0,0,1,1,11" ten="170,230,278,322" oya="3" hai0="20,118,76,69,24,33,116,48,100,27,78,96,75" hai1="52,105,112,99,46,30,49,15,60,131,42,29,101" hai2="123,111,73,132,134,93,121,125,9,110,39,28,114" hai3="85,103,82,133,31,5,55,77,19,92,26,4,58"/><W86/><G133/><N who="2" m="51305" /><F39/><W97/><G86/><T0/><D0/><U120/><E112/><V61/><F61/><W67/><G19/><T16/><D69/><U37/><E120/><N who="2" m="46155" /><F73/><W80/><G80/><T91/><D91/><U25/><E131/><V68/><F68/><W38/><G38/><T63/><D63/><U53/><E60/><V23/><F93/><W36/><G67/><T108/><D48/><U74/><E74/><V18/><F114/><W47/><G47/><T66/><D66/><U14/><E30/><V102/><F102/><W32/><G36/><T64/><D64/><U94/><E105/><V98/><F98/><W70/><G70/><T59/><D59/><U113/><E113/><V50/><F50/><AGARI ba="0,0" hai="4,5,26,31,32,50,55,58,77,82,85,92,97,103" machi="50" ten="30,1500,0" yaku="7,1" doraHai="11" who="3" fromWho="2" sc="170,0,230,0,278,-15,322,15" /><INIT seed="3,1,0,1,3,18" ten="170,230,263,337" oya="3" hai0="17,73,53,44,10,127,54,11,123,70,31,69,32" hai1="116,47,33,74,119,134,111,49,9,4,23,115,62" hai2="27,129,51,48,28,78,63,61,126,40,38,90,121" hai3="96,87,46,71,43,103,114,82,41,77,64,22,120"/><W122/><G114/><T52/><D123/><U29/><E74/><V75/><F129/><W57/><G71/><T50/><D73/><U118/><E115/><V5/><F126/><W135/><G135/><T36/><D36/><U55/><E134/><V84/><F121/><W14/><G122/><T1/><D127/><U105/><E105/><V76/><F38/><W113/><G113/><T88/><D69/><U67/><E111/><V102/><F102/><W8/><G120/><T15/><D70/><N who="1" m="42359" /><E33/><V124/><F5/><W65/><G57/><T39/><D39/><U2/><E29/><V24/><F75/><W13/><G13/><T108/><D108/><U94/><E94/><V85/><F124/><W91/><G77/><T20/><D32/><U35/><E35/><V72/><F72/><W25/><G14/><T101/><D101/><U80/><E80/><V68/><F68/><W3/><G8/><T100/><D100/><U130/><E130/><V26/><F26/><W30/><G3/><T21/><D88/><U83/><E83/><V89/><REACH who="2" step="1"/><F28/><REACH who="2" ten="170,230,253,337" step="2"/><W98/><G103/><T104/><D104/><U133/><E133/><V99/><F99/><W37/><G98/><T86/><D31/><U128/><E128/><V16/><F16/><W112/><G96/><T42/><REACH who="0" step="1"/><D86/><REACH who="0" ten="160,230,253,337" step="2"/><U79/><E119/><V6/><F6/><AGARI ba="1,2" hai="1,6,10,11,15,17,20,21,42,44,50,52,53,54" machi="6" ten="40,8000,1" yaku="1,1,2,1,52,2,54,1,53,0" doraHai="18" doraHaiUra="106" who="0" fromWho="2" sc="160,103,230,0,253,-83,337,0" /><INIT seed="4,0,0,4,5,0" ten="263,230,170,337" oya="0" hai0="133,56,126,68,20,79,3,58,135,39,131,124,110" hai1="24,2,95,86,28,32,33,22,117,97,93,64,37" hai2="45,10,66,36,46,118,89,112,18,27,57,101,114" hai3="38,35,23,77,72,103,100,91,4,83,94,25,53"/><T63/><D3/><U134/><E117/><V90/><F101/><W54/><G38/><T16/><D79/><U44/><E134/><N who="0" m="51209" /><D39/><U51/><E37/><V9/><F36/><W43/><G35/><T71/><D110/><U120/><E120/><V14/><F27/><W8/><G43/><T15/><D131/><U129/><E129/><V31/><F31/><W42/><G42/><T13/><D13/><U29/><E2/><V109/><F109/><W132/><G132/><T87/><D87/><U81/><E64/><V113/><F118/><W50/><G91/><N who="2" m="34825" /><F10/><W80/><G80/><T65/><D58/><U59/><E59/><V122/><F122/><W98/><G103/><T67/><D67/><U130/><E130/><V84/><F84/><W30/><REACH who="3" step="1"/><G50/><REACH who="3" ten="263,230,170,327" step="2"/><T17/><D126/><U92/><E33/><V128/><F128/><W6/><G6/><T107/><D124/><U108/><E32/><V70/><F70/><W119/><G119/><T104/><D71/><U115/><E108/><V88/><F88/><W82/><G82/><T102/><D68/><U26/><E97/><V121/><F121/><W49/><G49/><T34/><D34/><U52/><E81/><V74/><F74/><W116/><G116/><T123/><D123/><U12/><E86/><V85/><F85/><W105/><G105/><T127/><D127/><U47/><E95/><V60/><AGARI ba="0,1" hai="9,14,18,45,46,57,60,66,112,113,114" m="34825" machi="60" ten="40,1500,0" yaku="15,1" doraHai="0" who="2" fromWho="2" sc="263,-7,230,-4,170,25,327,-4" /><INIT seed="5,0,0,4,3,115" ten="256,226,195,323" oya="1" hai0="122,41,99,42,117,98,51,3,61,60,95,36,88" hai1="83,118,73,33,30,129,72,90,102,24,15,68,78" hai2="96,114,74,63,1,27,54,86,127,50,97,13,26" hai3="64,93,119,58,87,124,80,25,18,92,52,28,111"/><U37/><E129/><V104/><F74/><W66/><G111/><T0/><D122/><U100/><E73/><V44/><F1/><W47/><G119/><T45/><D117/><U103/><E118/><V120/><F120/><W6/><G124/><T94/><D36/><U23/><E37/><V10/><F127/><W2/><G18/><T108/><D108/><U105/><E68/><V59/><F114/><W75/><G75/><T7/><D7/><U40/><E40/><V35/><F35/><W19/><G19/><T77/><D77/><U110/><E110/><V91/><F104/><W55/><G6/><T126/><D126/><U4/><E90/><V31/><F31/><W62/><G2/><T132/><D132/><U106/><REACH who="1" step="1"/><E33/><REACH who="1" ten="256,216,195,323" step="2"/><V82/><F97/><W134/><G134/><T11/><D42/><U14/><E14/><V65/><REACH who="2" step="1"/><F96/><REACH who="2" ten="256,216,185,323" step="2"/><W9/><G87/><T70/><D99/><U85/><E85/><V81/><F81/><W53/><G80/><T32/><D32/><U109/><E109/><V46/><F46/><W8/><G47/><T123/><D0/><U56/><E56/><V17/><AGARI ba="0,2" hai="10,13,17,26,27,44,50,54,59,63,65,82,86,91" machi="17" ten="20,12000,2" yaku="1,1,0,1,7,1,25,2,8,1,53,0" doraHai="115" doraHaiUra="133" who="2" fromWho="2" sc="256,-30,216,-60,185,140,323,-30" /><INIT seed="6,0,0,0,5,72" ten="226,156,325,293" oya="2" hai0="133,97,34,58,101,37,94,49,67,95,59,51,120" hai1="71,130,19,4,20,28,57,15,23,88,50,85,3" hai2="7,89,14,60,6,36,27,53,80,62,40,132,125" hai3="116,86,22,104,108,5,74,105,81,39,111,96,65"/><V93/><F36/><W46/><G116/><T8/><D120/><U100/><E71/><V29/><F40/><W42/><G65/><T82/><D37/><U76/><E130/><V121/><F121/><W127/><G127/><T66/><D34/><U41/><E100/><V73/><F125/><W35/><G35/><T99/><D82/><U16/><E3/><V110/><F132/><W9/><G22/><T69/><D8/><U92/><E28/><V70/><F110/><N who="3" m="42027" /><G86/><T32/><D32/><U78/><E4/><V123/><F123/><W118/><G96/><T56/><D133/><U1/><E1/><V124/><F124/><W63/><G63/><T128/><D69/><U90/><E90/><V44/><F70/><W129/><G129/><T117/><D117/><U54/><E41/><V134/><F134/><W112/><G112/><T91/><D128/><U13/><AGARI ba="0,0" hai="13,15,16,19,20,23,50,54,57,76,78,85,88,92" machi="13" ten="20,16000,3" yaku="0,1,7,1,9,1,25,2,8,1,52,2,54,2" doraHai="72" who="1" fromWho="1" sc="226,-40,156,160,325,-80,293,-40" /><INIT seed="7,0,0,4,1,116" ten="186,316,245,253" oya="3" hai0="25,114,34,75,63,79,7,89,64,70,40,81,96" hai1="49,5,90,84,113,94,80,29,98,4,102,44,105" hai2="30,17,119,66,2,60,127,109,11,118,121,42,112" hai3="133,57,1,68,100,101,9,78,117,26,108,31,13"/><W33/><G117/><T65/><D65/><U32/><E113/><V69/><F109/><W53/><G68/><T83/><D114/><U85/><E32/><V56/><F112/><W38/><G38/><T18/><D7/><N who="1" m="2635" /><E105/><V124/><F2/><W47/><G1/><T8/><D40/><N who="1" m="24711" /><E29/><V87/><F30/><W91/><G47/><T122/><D34/><U93/><E80/><V39/><F121/><W43/><G43/><T71/><D71/><U129/><E129/><V134/><F134/><W20/><G133/><T37/><D37/><U10/><E10/><V106/><F87/><AGARI ba="0,0" hai="84,85,87,90,93,94,98,102" m="24711,2635" machi="87" ten="30,1000,0" yaku="8,1" doraHai="116" who="1" fromWho="2" sc="186,0,316,10,245,-10,253,0" owari="186,-31.0,326,42.0,235,-16.0,253,5.0" /></mjloggm>