<mjloggm ver="2.3"><GO type="169" lobby="0"/><UN n0="%E3%82%A6%E3%83%AB%E3%83%88%E3%83%A9%E7%AB%8B%E7%9B%B4" n1="%6F%6E%65%73%74%61%72" n2="%E3%81%BF%E3%81%8B%E3%82%93%EF%BC%A0%E3%82%8F%E3%81%8B%E3%82%81%E3%81%A6" n3="%E9%80%A3%E5%88%BB" dan="17,17,17,16" rate="2141.82,2201.81,2197.30,2028.88" sx="M,M,M,M"/><TAIKYOKU oya="0"/><INIT seed="0,0,0,3,4,14" ten="250,250,250,250" oya="0" hai0="81,42,94,9,73,40,33,88,115,51,122,125,34" hai1="26,111,44,8,62,86,27,101,60,130,80,4,63" hai2="50,16,45,104,29,93,117,53,110,49,54,105,0" hai3="106,99,18,22,107,83,127,72,121,123,103,67,35"/><T21/><D122/><N who="3" m="46601" /><G35/><T97/><D115/><U12/><E111/><V118/><F0/><W70/><G127/><T3/><D125/><U30/><E130/><V71/><F110/><W39/><G39/><T55/><D34/><U120/><E120/><V128/><F29/><W28/><G28/><T84/><D33/><U76/><E101/><V112/><F71/><W46/><G46/><T52/><D73/><U109/><E109/><V92/><F128/><W32/><G32/><T114/><D114/><U13/><E30/><V113/><REACH who="2" step="1"/><F45/><REACH who="2" ten="250,250,240,250" step="2"/><W74/><G70/><T41/><D51/><U20/><REACH who="1" step="1"/><E44/><REACH who="1" ten="250,240,240,250" step="2"/><V87/><F87/><W61/><G74/><T134/><D134/><U31/><BYE who="0" /><E31/><V2/><F2/><W59/><G72/><T24/><D24/><U38/><E38/><V75/><F75/><W91/><G107/><T25/><D25/><U77/><E77/><UN n0="%E3%82%A6%E3%83%AB%E3%83%88%E3%83%A9%E7%AB%8B%E7%9B%B4" /><V1/><F1/><W37/><G37/><T10/><D3/><U116/><E116/><V23/><F23/><W5/><G106/><T17/><D9/><U64/><E64/><V68/><F68/><W11/><G67/><T79/><D10/><U57/><E57/><V96/><F96/><W65/><G99/><T56/><D56/><U58/><E58/><V95/><F95/><W15/><G59/><T119/><D119/><U129/><E129/><V98/><F98/><W47/><G11/><T78/><D78/><U6/><E6/><V48/><F48/><W19/><G5/><T43/><N who="0" m="10240" /><DORA hai="108" /><T82/><D82/><U85/><E85/><V131/><F131/><W132/><G83/><RYUUKYOKU ba="0,2" sc="250,10,240,10,240,10,250,-30" hai0="17,21,52,55,79,81,84,88,94,97" hai1="4,8,12,13,20,26,27,60,62,63,76,80,86" hai2="16,49,50,53,54,92,93,104,105,112,113,117,118" /><INIT seed="0,1,2,2,1,51" ten="260,250,250,220" oya="0" hai0="18,19,125,135,3,28,37,96,49,131,41,101,68" hai1="110,77,66,32,74,122,8,14,112,52,23,81,13" hai2="124,115,65,95,40,126,121,84,22,70,35,33,82" hai3="10,1,103,20,0,123,38,128,93,31,91,76,86"/><T117/><D37/><U79/><E122/><V120/><F115/><W9/><G38/><T24/><D117/><U72/><E112/><V26/><F40/><W105/><G123/><N who="2" m="47177" /><F95/><W69/><G69/><T44/><D131/><U7/><E32/><V5/><F5/><W89/><G128/><T98/><D125/><N who="2" m="48234" /><F65/><W15/><G76/><T11/><D135/><U34/><E34/><V97/><F97/><W127/><G127/><T92/><D68/><U55/><E66/><V12/><F12/><W80/><G103/><T57/><D98/><U133/><E133/><V36/><F70/><W60/><G105/><T129/><D129/><U29/><E110/><V21/><F21/><W88/><G91/><T17/><D57/><U94/><E94/><V134/><F36/><W130/><G130/><T53/><D41/><U109/><E109/><V111/><F134/><W83/><G83/><T61/><D61/><U27/><E14/><V56/><F56/><W50/><G60/><T119/><D119/><U71/><E71/><V63/><F63/><W64/><G64/><T102/><D102/><U75/><REACH who="1" step="1"/><E81/><REACH who="1" ten="260,240,250,220" step="2"/><V87/><F111/><W67/><G67/><T104/><D104/><U108/><E108/><V106/><F106/><W42/><G0/><T48/><D3/><U113/><E113/><V6/><F82/><W85/><G1/><T4/><D92/><U73/><N who="1" m="18432" /><DORA hai="16" /><U25/><E25/><V90/><F26/><N who="3" m="16839" /><G15/><T47/><D24/><U62/><E62/><V54/><F35/><W43/><G42/><T30/><D11/><U99/><E99/><V114/><F33/><RYUUKYOKU ba="1,3" sc="260,-15,240,15,250,-15,220,15" hai1="7,8,13,23,27,29,52,55,77,79" hai3="9,10,43,50,80,85,86,88,89,93" /><INIT seed="1,2,3,3,0,86" ten="245,255,235,235" oya="1" hai0="24,25,37,71,102,97,0,101,27,130,4,119,103" hai1="95,98,92,84,123,128,43,1,91,21,108,65,3" hai2="116,125,14,60,41,5,115,90,31,39,47,80,57" hai3="106,87,85,73,81,15,94,117,118,79,131,7,100"/><U50/><E128/><V53/><F116/><N who="3" m="44651" /><G7/><T45/><D119/><U64/><E123/><V51/><F125/><W61/><G15/><T134/><D71/><U30/><E108/><V120/><F120/><W10/><G10/><T23/><D130/><U49/><E3/><V127/><F127/><W29/><G29/><T132/><D4/><U34/><E1/><V33/><F115/><W8/><G8/><T110/><D0/><U105/><E105/><V96/><F5/><W46/><G61/><T133/><D110/><U62/><E34/><V113/><F113/><W75/><G46/><T13/><D13/><U48/><E43/><V55/><F14/><W6/><G6/><T54/><D97/><U2/><E2/><V36/><F55/><W67/><G67/><T76/><D76/><U121/><E62/><V56/><F56/><W104/><G131/><T72/><D72/><N who="3" m="27721" /><G85/><T77/><D77/><U68/><E68/><V58/><F58/><W135/><G135/><T99/><D23/><U20/><E121/><V17/><F39/><W114/><G114/><T26/><N who="0" m="6144" /><DORA hai="109" /><T83/><D37/><U38/><E38/><V88/><F36/><W122/><G122/><T16/><D16/><U82/><E30/><V9/><F17/><W69/><G69/><T124/><D124/><U78/><E21/><V11/><F33/><W12/><G12/><T112/><D112/><U35/><E20/><V129/><F129/><W19/><G19/><T63/><D133/><U42/><E35/><V66/><F31/><W126/><G126/><T93/><D134/><U70/><E70/><RYUUKYOKU ba="2,3" sc="245,-10,255,-10,235,-10,235,30" hai3="79,81,87,94,100,104,106" /><INIT seed="2,3,3,3,3,35" ten="235,245,225,265" oya="2" hai0="83,42,118,67,79,72,18,81,2,71,129,99,96" hai1="25,11,38,53,100,131,24,1,32,116,120,114,30" hai2="126,115,95,51,3,65,128,104,26,41,7,9,64" hai3="93,103,91,78,113,86,55,94,6,13,77,74,110"/><V8/><F115/><W19/><G113/><T70/><D42/><U68/><E114/><V88/><F104/><W108/><G6/><T130/><D2/><U17/><E68/><V134/><F134/><W14/><G74/><T112/><D112/><U82/><E38/><V39/><F39/><W69/><G69/><N who="0" m="26123" /><D67/><U127/><E100/><V102/><F126/><W98/><G14/><T33/><D33/><N who="1" m="20679" /><E82/><V124/><F124/><W12/><G12/><T105/><D105/><U50/><E120/><V132/><F132/><W57/><G110/><T60/><D60/><U135/><E127/><V48/><F128/><N who="0" m="49258" /><D118/><U49/><E116/><V27/><F102/><W125/><G108/><T22/><D83/><U111/><E32/><V109/><F109/><W28/><G28/><T29/><D29/><U5/><E131/><V58/><F64/><W85/><G85/><T16/><D18/><U119/><E119/><V52/><F65/><W97/><G86/><T101/><D101/><U21/><E111/><V31/><F31/><W122/><G122/><T106/><D106/><U46/><E50/><V92/><F92/><W84/><G84/><T76/><D76/><U56/><E135/><V36/><F36/><W66/><G66/><T54/><D54/><U45/><E17/><V37/><F37/><W40/><G40/><T61/><D61/><U80/><E80/><V133/><F133/><W75/><G75/><T10/><D10/><N who="2" m="4202" /><F7/><W89/><G103/><T20/><D20/><U59/><E21/><V34/><F34/><W15/><G125/><T62/><D62/><N who="1" m="36111" /><E25/><AGARI ba="3,3" hai="16,22,25,72,79,81,96,99" m="49258,26123" machi="25" ten="30,2000,0" yaku="19,1,54,1" doraHai="35" who="0" fromWho="1" sc="235,59,245,-29,225,0,265,0" /><INIT seed="3,0,0,4,4,55" ten="294,216,225,265" oya="3" hai0="34,3,45,39,94,16,38,51,44,113,73,25,69" hai1="61,125,22,33,80,111,102,48,67,112,78,60,26" hai2="11,89,108,91,79,97,101,43,63,104,82,116,58" hai3="66,29,1,35,53,105,107,5,93,132,121,100,15"/><W2/><G121/><T31/><D3/><U127/><E112/><V71/><F116/><W42/><G132/><T65/><D73/><U9/><E111/><V64/><F108/><W0/><G42/><T92/><D113/><U8/><E33/><V32/><F43/><W59/><G66/><T41/><D65/><U128/><E102/><V103/><F103/><W6/><G29/><T90/><D69/><N who="1" m="42215" /><E48/><V118/><F118/><W126/><G35/><T40/><D51/><U110/><E61/><V24/><F11/><W99/><G126/><N who="1" m="48138" /><E128/><V62/><F32/><W120/><G120/><T19/><REACH who="0" step="1"/><D94/><REACH who="0" ten="284,216,225,265" step="2"/><U17/><E110/><V18/><F71/><W37/><G37/><T68/><D68/><U129/><E129/><V117/><F117/><W109/><G109/><T119/><D119/><U114/><E114/><V123/><F123/><W95/><G95/><T81/><D81/><U134/><E134/><V84/><F63/><W96/><G107/><T13/><D13/><U87/><AGARI ba="0,1" hai="8,9,17,22,26,78,80,87" m="48138,42215" machi="87" ten="30,1100,0" yaku="18,1" doraHai="55" who="1" fromWho="1" sc="284,-3,216,21,225,-3,265,-5" /><INIT seed="4,0,0,1,0,111" ten="281,237,222,260" oya="0" hai0="110,4,76,22,55,71,14,72,26,12,129,3,36" hai1="101,68,56,84,105,42,62,7,121,25,74,99,79" hai2="126,16,20,102,38,65,44,27,61,9,106,127,34" hai3="96,5,69,13,37,93,82,60,18,87,33,132,48"/><T43/><D71/><U1/><E121/><V124/><F106/><W39/><G33/><T21/><D110/><U11/><E68/><V47/><F102/><W46/><G5/><T130/><D55/><U119/><E119/><V29/><F38/><W134/><G60/><T100/><D100/><U77/><E74/><V120/><F9/><W128/><G128/><N who="0" m="49259" /><D76/><U19/><E42/><V28/><F120/><W2/><G2/><T94/><D94/><U88/><E19/><V53/><F53/><W131/><G69/><T63/><D63/><U89/><E25/><N who="2" m="14471" /><F29/><W24/><G24/><T17/><D72/><U91/><REACH who="1" step="1"/><E84/><REACH who="1" ten="281,227,222,260" step="2"/><V113/><F113/><W64/><G18/><N who="0" m="12631" /><D43/><U78/><E78/><V116/><F116/><W57/><G131/><T0/><D36/><U83/><E83/><V125/><N who="2" m="31744" /><DORA hai="51" /><V15/><F15/><W80/><G13/><T49/><D12/><U30/><E30/><V40/><F40/><W112/><G37/><T50/><D0/><U118/><E118/><V75/><F75/><W92/><G39/><T31/><D31/><U6/><E6/><V115/><F115/><W98/><G112/><T58/><D4/><U66/><AGARI ba="0,1" hai="1,7,11,56,62,66,77,79,88,89,91,99,101,105" machi="66" ten="30,4000,0" yaku="1,1,0,1,54,1,53,0" doraHai="111,51" doraHaiUra="81,10" who="1" fromWho="1" sc="281,-20,227,50,222,-10,260,-10" /><INIT seed="5,0,0,5,4,116" ten="261,277,212,250" oya="1" hai0="8,79,46,41,71,121,17,132,117,120,70,74,11" hai1="77,128,53,39,135,16,72,44,91,123,1,21,104" hai2="36,15,64,13,115,48,34,112,28,54,29,67,88" hai3="5,76,57,127,23,56,106,134,129,85,78,114,9"/><U47/><E123/><N who="0" m="47177" /><D132/><U109/><E104/><V35/><F36/><W33/><G33/><N who="2" m="12297" /><F88/><W58/><G106/><T97/><D117/><U100/><E91/><V122/><F122/><W99/><G134/><T126/><D126/><U63/><E100/><V133/><F133/><W12/><G127/><T119/><D119/><U83/><E1/><V95/><F95/><W26/><G129/><T40/><D97/><U124/><E135/><V84/><F84/><W2/><G114/><N who="2" m="43561" /><F54/><W102/><G2/><T113/><D113/><U68/><E39/><V37/><F37/><W27/><G85/><T51/><D40/><U66/><E128/><V61/><F48/><W45/><G27/><T105/><D105/><U20/><E53/><V125/><F125/><W118/><G45/><T108/><D79/><U81/><E47/><V69/><F67/><W107/><G118/><T93/><D74/><U0/><E44/><V30/><AGARI ba="0,0" hai="13,15,28,29,30,61,64,69" m="43561,12297" machi="30" ten="40,2700,0" yaku="15,1,11,1" doraHai="116" who="2" fromWho="2" sc="261,-7,277,-13,212,27,250,-7" /><INIT seed="6,0,0,2,2,25" ten="254,264,239,243" oya="2" hai0="135,129,57,90,125,23,88,63,74,117,124,134,94" hai1="102,32,5,62,61,40,20,73,89,126,77,1,41" hai2="2,98,106,21,71,60,66,72,54,9,127,38,116" hai3="111,39,110,22,4,17,33,52,46,55,24,27,101"/><V59/><F116/><W67/><G101/><T12/><D74/><U83/><E32/><V99/><F72/><W112/><G67/><T68/><D68/><U13/><E126/><N who="0" m="48745" /><D117/><U29/><E102/><V11/><F127/><W78/><G4/><T49/><D49/><U7/><E1/><V50/><F106/><W87/><G112/><T107/><D107/><U6/><E89/><V44/><F21/><W51/><G39/><T113/><D113/><U118/><E118/><V103/><F2/><W100/><G100/><T16/><D129/><U121/><E121/><V70/><F70/><W43/><G111/><T120/><D120/><U45/><E40/><N who="2" m="22551" /><F103/><W15/><G110/><T122/><D122/><U58/><E58/><V133/><F133/><N who="0" m="50698" /><D94/><U132/><E132/><V48/><F48/><W130/><G130/><T105/><D105/><U75/><E75/><V91/><F91/><W96/><G96/><AGARI ba="0,0" hai="9,11,50,54,59,60,66,71,96,98,99" m="22551" machi="96" ten="30,1500,0" yaku="24,1" doraHai="25" who="2" fromWho="3" sc="254,0,264,0,239,15,243,-15" /><INIT seed="6,1,0,2,3,7" ten="254,264,254,228" oya="2" hai0="100,16,80,81,41,82,61,52,120,51,94,50,77" hai1="114,67,104,108,71,70,116,133,89,118,91,1,75" hai2="73,63,49,26,38,78,121,2,132,43,23,97,64" hai3="47,34,125,35,122,111,42,92,24,22,110,10,46"/><V65/><F121/><W90/><G122/><T0/><D0/><U119/><E108/><V99/><F2/><W57/><G125/><T93/><D120/><U85/><E1/><V6/><F38/><W84/><G47/><N who="0" m="25967" /><D61/><U72/><E104/><V113/><F113/><W55/><G35/><T135/><D135/><U30/><E30/><V83/><F132/><W123/><G34/><T124/><D124/><U96/><E133/><V115/><F115/><W129/><G129/><T56/><D100/><U76/><E114/><V107/><F6/><W45/><G45/><T79/><D16/><U18/><E18/><V59/><F64/><W128/><G128/><T39/><D39/><U101/><E67/><V106/><F106/><W15/><G123/><T103/><D103/><U98/><E101/><V60/><F60/><W25/><G22/><T11/><D11/><U127/><E127/><V3/><F3/><W5/><G111/><T44/><D44/><U53/><E53/><V112/><F107/><W9/><G9/><T102/><D102/><U131/><E131/><V105/><F105/><W130/><G130/><T54/><D54/><U68/><E75/><V4/><F4/><W14/><G14/><T126/><D126/><U48/><E72/><V134/><F134/><W32/><G32/><T58/><D58/><U40/><E40/><V21/><F112/><W13/><G13/><T29/><D29/><U86/><E48/><V20/><F26/><W117/><G110/><T36/><D36/><U109/><E71/><N who="2" m="42431" /><F43/><W31/><G42/><T88/><D88/><N who="1" m="33867" /><E109/><V74/><F73/><RYUUKYOKU ba="1,0" sc="254,15,264,-15,254,15,228,-15" hai0="51,52,56,77,79,80,81,82,93,94" hai2="20,21,23,49,59,74,78,83,97,99" /><INIT seed="6,2,0,3,4,84" ten="269,249,269,213" oya="2" hai0="7,100,120,23,68,134,2,111,62,9,76,33,46" hai1="4,40,104,87,11,72,83,12,35,71,73,123,6" hai2="48,61,38,24,17,3,56,75,59,60,99,79,31" hai3="106,44,121,52,103,113,18,81,130,20,91,47,109"/><V132/><F38/><W85/><G121/><T70/><D23/><U98/><E123/><V39/><F39/><W10/><G109/><T112/><D120/><U51/><E71/><V128/><F3/><W49/><G130/><T29/><D62/><N who="2" m="24170" /><F128/><W117/><G117/><T5/><D5/><U101/><E4/><V19/><F75/><W133/><G133/><T26/><D111/><U116/><E35/><V82/><F132/><W37/><G10/><T32/><D134/><U114/><E114/><V105/><F105/><W53/><G113/><T63/><D63/><U16/><E6/><V125/><F125/><W41/><G106/><T78/><D78/><U96/><E96/><V110/><F110/><W115/><G103/><T43/><D100/><U89/><REACH who="1" step="1"/><E116/><REACH who="1" ten="269,239,269,213" step="2"/><V13/><F99/><W64/><G115/><T122/><D33/><U0/><E0/><V65/><F65/><W21/><G64/><T28/><D32/><U108/><E108/><V127/><F127/><W67/><G67/><T92/><D2/><U42/><E42/><V77/><F17/><W74/><G18/><T88/><D7/><U86/><E86/><V69/><F69/><W90/><G74/><T55/><D70/><U131/><E131/><V22/><F19/><W27/><G27/><T8/><D26/><U36/><E36/><V124/><F124/><W30/><G30/><N who="0" m="11883" /><D68/><U107/><E107/><V80/><F13/><W95/><G53/><T93/><D112/><U45/><AGARI ba="2,1" hai="11,12,16,40,45,51,72,73,83,87,89,98,101,104" machi="45" ten="30,7900,0" yaku="1,1,0,1,52,1,54,1,53,0" doraHai="84" doraHaiUra="129" who="1" fromWho="1" sc="269,-22,239,95,269,-41,213,-22" /><INIT seed="7,0,0,5,1,96" ten="247,334,228,191" oya="3" hai0="65,98,41,127,116,107,62,49,77,54,71,21,35" hai1="100,64,3,81,120,91,63,119,42,68,110,36,17" hai2="58,74,97,40,29,72,134,2,128,111,108,28,73" hai3="10,19,101,6,67,115,70,118,7,20,78,82,0"/><W52/><G118/><T125/><D116/><U53/><E110/><V104/><F2/><W48/><G115/><T84/><D41/><U8/><E100/><V69/><F69/><W132/><G132/><T33/><D21/><U79/><E91/><V135/><F128/><W90/><G6/><T38/><D38/><U129/><E120/><V85/><F40/><W30/><G30/><N who="2" m="11881" /><F85/><W112/><G112/><T16/><D16/><U99/><E53/><V60/><F104/><W80/><G101/><N who="0" m="62903" /><D84/><U59/><E59/><V117/><F97/><W32/><G32/><T13/><D13/><U130/><E99/><V11/><F11/><W37/><G37/><T76/><D76/><U102/><E102/><V45/><F45/><W44/><G90/><T88/><D77/><U15/><E119/><V93/><F93/><W51/><G51/><T1/><D1/><U106/><E106/><V12/><F12/><W4/><G4/><T27/><D88/><U39/><E3/><V75/><N who="2" m="18432" /><DORA hai="92" /><V105/><F105/><W83/><G78/><T55/><D27/><U131/><E42/><V46/><F46/><W47/><G44/><N who="0" m="27943" /><D55/><U26/><E26/><V113/><F113/><W14/><REACH who="3" step="1"/><G80/><REACH who="3" ten="247,334,228,181" step="2"/><T23/><D33/><U22/><E39/><V121/><F117/><W86/><G86/><T124/><D35/><U31/><E36/><V89/><F89/><W34/><G34/><T114/><D114/><U57/><E79/><V61/><F121/><W24/><G24/><T50/><D50/><U95/><E81/><V123/><F123/><W122/><G122/><T5/><D5/><RYUUKYOKU ba="0,1" sc="247,15,334,-15,228,-15,181,15" hai0="23,62,65,71,124,125,127" hai3="0,7,10,14,19,20,47,48,52,67,70,82,83" /><INIT seed="7,1,1,1,4,85" ten="262,319,213,196" oya="3" hai0="7,45,87,110,135,64,40,29,32,131,11,93,53" hai1="72,121,77,76,130,21,62,51,118,96,36,19,26" hai2="49,56,58,38,47,112,4,42,23,88,37,102,1" hai3="8,15,67,128,84,116,98,44,71,30,117,12,111"/><W43/><G128/><T86/><D110/><U54/><E121/><V74/><F74/><W83/><G111/><T5/><D64/><U92/><E36/><V103/><F112/><W57/><G71/><T3/><D7/><U132/><E130/><V124/><F124/><W20/><G98/><T99/><D53/><U68/><E132/><V9/><F23/><W122/><G122/><T105/><D105/><U80/><E76/><V120/><F120/><W18/><G57/><T100/><D135/><U78/><E78/><V69/><F69/><W59/><G59/><T60/><D60/><U101/><E118/><V52/><F88/><W14/><G67/><T31/><D131/><U6/><E6/><V70/><F70/><W75/><G75/><T33/><D33/><U55/><E51/><V108/><F108/><W35/><G35/><T34/><D34/><U61/><E61/><V16/><F16/><N who="3" m="8199" /><G15/><T82/><D32/><U41/><E41/><V48/><REACH who="2" step="1"/><F56/><REACH who="2" ten="262,319,203,196" step="2"/><W123/><G123/><T22/><D87/><U79/><E68/><V50/><F50/><N who="3" m="26911" /><G30/><T81/><D31/><U39/><E72/><V0/><F0/><W134/><G134/><T113/><D29/><U10/><E96/><V97/><F97/><W2/><G2/><T107/><D22/><U28/><E28/><V106/><F106/><W114/><G114/><T104/><D113/><U125/><E125/><V129/><F129/><W63/><G63/><T115/><D115/><U73/><E62/><V119/><F119/><W46/><G46/><T94/><D107/><U13/><E73/><V66/><F66/><RYUUKYOKU ba="1,2" sc="262,-15,319,-15,203,15,196,15" hai2="1,4,9,37,38,42,47,48,49,52,58,102,103" hai3="14,18,20,83,84,116,117" /><INIT seed="7,2,2,4,3,16" ten="247,304,218,211" oya="3" hai0="112,81,129,106,120,22,69,77,84,61,89,13,40" hai1="95,20,100,107,21,127,24,110,12,65,76,27,14" hai2="131,98,117,52,32,118,30,113,87,34,29,103,128" hai3="36,66,97,96,134,57,124,82,80,88,115,31,28"/><W86/><G36/><T91/><D120/><U122/><E110/><V54/><F113/><W60/><G115/><T7/><D106/><U38/><E122/><V42/><F42/><W67/><G134/><T55/><D112/><U94/><E107/><N who="2" m="63991" /><F87/><N who="3" m="50279" /><G67/><T74/><D129/><N who="2" m="49738" /><F30/><N who="3" m="11307" /><G124/><T123/><D123/><U92/><E38/><V75/><F75/><W18/><G18/><T73/><D69/><U133/><E133/><V62/><F62/><W43/><G43/><T46/><D61/><U104/><E104/><V108/><F108/><W35/><G35/><N who="2" m="13353" /><F29/><W126/><G126/><T39/><D40/><U102/><E127/><V79/><F79/><AGARI ba="2,2" hai="57,60,66,79,82,86,96,97" m="11307,50279" machi="79" ten="30,2900,0" yaku="8,1,54,1" doraHai="16" who="3" fromWho="2" sc="247,0,304,0,218,-35,211,55" /><INIT seed="7,3,0,4,3,96" ten="247,304,183,266" oya="3" hai0="31,58,129,100,131,10,45,95,42,117,78,39,14" hai1="49,84,30,115,23,133,68,18,69,20,119,66,63" hai2="72,1,102,126,51,74,8,116,16,46,112,2,65" hai3="33,37,123,57,99,36,122,108,61,43,15,12,64"/><W82/><G33/><T80/><D31/><U48/><E115/><V62/><F116/><W28/><G28/><T17/><D58/><U91/><E119/><V79/><F112/><W111/><G82/><T127/><D117/><U7/><E69/><V110/><F110/><N who="3" m="42027" /><G99/><T87/><D127/><U32/><E133/><V47/><F126/><W22/><G22/><T56/><D56/><U29/><E7/><V94/><F47/><N who="3" m="24039" /><G37/><T89/><REACH who="0" step="1"/><D100/><REACH who="0" ten="237,304,183,266" step="2"/><U81/><E30/><V5/><F1/><W128/><G57/><T97/><AGARI ba="3,1" hai="10,14,17,39,42,45,78,80,87,89,95,97,129,131" machi="97" ten="30,4000,0" yaku="1,1,2,1,0,1,53,0" doraHai="96" doraHaiUra="50" who="0" fromWho="0" sc="237,59,304,-13,183,-13,266,-23" /><INIT seed="8,0,0,2,3,4" ten="296,291,170,243" oya="0" hai0="130,63,78,114,96,122,109,83,44,24,124,79,108" hai1="40,81,35,0,134,9,11,127,38,116,102,135,7" hai2="25,80,6,111,74,14,92,61,60,42,31,129,29" hai3="117,77,87,26,56,98,22,12,100,115,93,43,118"/><T70/><D122/><U133/><E127/><V58/><F111/><N who="0" m="42570" /><D130/><U3/><E35/><V121/><F121/><W64/><G115/><T36/><D124/><U120/><E120/><V94/><F129/><W71/><G43/><N who="0" m="22631" /><D114/><U101/><E116/><N who="3" m="44650" /><G71/><T106/><D24/><U30/><E30/><N who="2" m="11275" /><F74/><W27/><G12/><T65/><D83/><U41/><E81/><V97/><F80/><N who="3" m="47503" /><G22/><T86/><D86/><U131/><E131/><V62/><F42/><N who="1" m="16489" /><E38/><V49/><F25/><W91/><G100/><AGARI ba="0,0" hai="63,65,70,78,79,96,100,106" m="22631,42570" machi="100" ten="30,1500,0" yaku="10,1" doraHai="4" who="0" fromWho="3" sc="296,15,291,0,170,0,243,-15" owari="311,41.0,291,9.0,170,-33.0,228,-17.0" /></mjloggm>