<mjloggm ver="2.3"><GO type="169" lobby="0"/><UN n0="%E3%82%A6%E3%83%AB%E3%83%88%E3%83%A9%E7%AB%8B%E7%9B%B4" n1="%E3%83%A1%E3%82%B9%E3%83%88%E3%83%BB%E3%82%A8%E3%82%B8%E3%83%AB" n2="%E5%B0%91%E5%A5%B3%E3%83%95%E3%82%A1%E3%82%A4%E3%83%88" n3="%E3%81%87%E3%82%8B%E3%81%87%E3%82%8B" dan="18,16,17,16" rate="2228.66,2119.02,2114.41,2083.28" sx="M,M,F,F"/><TAIKYOKU oya="0"/><INIT seed="0,0,0,3,2,3" ten="250,250,250,250" oya="0" hai0="75,102,67,11,34,63,104,26,106,88,53,121,130" hai1="128,39,117,47,126,54,78,107,79,65,19,95,109" hai2="92,103,9,94,4,44,50,129,0,61,57,72,5" hai3="49,69,124,25,8,135,96,32,123,93,110,125,66"/><T122/><D75/><U51/><E107/><V20/><F72/><W71/><G110/><T56/><D130/><U86/><E117/><V82/><F129/><W16/><G135/><T23/><D34/><U115/><E128/><V111/><F111/><W41/><G123/><T2/><D104/><U6/><E109/><V45/><F82/><W12/><G66/><T119/><D119/><U15/><E39/><V52/><F5/><W114/><G114/><T59/><D102/><U108/><E108/><V89/><F20/><W101/><G41/><T100/><D100/><U43/><E115/><V105/><F105/><W48/><G48/><T76/><D76/><U64/><E126/><N who="3" m="48746" /><G49/><T60/><D106/><U29/><E29/><AGARI ba="0,0" hai="8,12,16,25,29,32,69,71,93,96,101" m="48746" machi="29" ten="30,2000,0" yaku="18,1,54,1" doraHai="3" who="3" fromWho="1" sc="250,0,250,-20,250,0,250,20" /><INIT seed="1,0,0,3,2,78" ten="250,230,250,270" oya="1" hai0="41,23,57,51,19,32,104,53,38,82,120,125,58" hai1="107,27,67,99,92,54,30,4,133,45,79,1,95" hai2="62,77,48,122,42,94,66,24,64,36,29,88,0" hai3="17,28,14,13,132,84,124,102,59,70,113,127,35"/><U112/><E112/><V8/><F36/><W63/><G113/><T97/><D32/><U119/><E119/><V90/><F122/><W6/><G132/><T34/><D34/><U76/><E107/><V18/><F77/><W15/><G70/><T69/><D69/><U105/><E105/><V75/><F75/><W96/><G6/><T7/><D125/><N who="3" m="48201" /><G84/><T135/><D135/><U85/><E133/><V129/><F129/><W106/><G28/><T123/><D38/><U65/><E1/><V126/><F126/><W40/><G40/><T11/><D41/><U130/><E4/><V128/><F128/><W71/><G71/><T39/><D97/><U12/><E12/><N who="2" m="7431" /><F0/><W37/><G37/><T101/><D39/><U68/><E130/><V111/><F111/><W44/><G44/><T60/><D7/><U110/><E110/><V33/><F33/><W26/><G26/><T93/><D123/><U16/><E68/><V20/><F62/><W55/><G35/><T5/><D5/><U109/><E109/><V116/><F116/><W91/><G91/><N who="2" m="34857" /><F94/><W56/><G17/><T108/><D19/><U46/><E30/><V73/><F73/><W21/><G21/><T10/><D23/><N who="1" m="13799" /><E76/><V9/><F9/><W117/><G117/><T61/><D10/><U87/><E92/><V52/><F42/><W114/><G114/><T115/><D115/><U83/><E87/><V118/><F118/><W86/><G86/><T134/><D108/><U3/><E3/><V100/><F100/><W25/><G102/><T103/><D134/><U89/><E46/><AGARI ba="0,0" hai="20,24,29,46,48,52,64,66" m="34857,7431" machi="46" ten="30,3900,0" yaku="8,1,54,2" doraHai="78" who="2" fromWho="1" sc="250,0,230,-39,250,39,270,0" /><INIT seed="2,0,0,2,3,128" ten="250,191,289,270" oya="2" hai0="24,14,2,66,112,124,8,106,0,33,36,58,135" hai1="50,3,76,52,96,130,26,88,118,133,121,115,48" hai2="46,5,123,119,64,97,89,22,56,57,12,127,114" hai3="81,44,87,20,31,19,72,37,86,17,85,21,28"/><V113/><F119/><W40/><G72/><T74/><D106/><U70/><E118/><V29/><F123/><W60/><G60/><T49/><D36/><U23/><E115/><V104/><F127/><W32/><G32/><T109/><D74/><U15/><E3/><V69/><F69/><W35/><G35/><T125/><D66/><U129/><E70/><V68/><F68/><W13/><REACH who="3" step="1"/><G81/><REACH who="3" ten="250,191,289,260" step="2"/><T18/><D33/><U51/><E121/><V39/><F114/><W34/><G34/><T132/><D112/><U38/><E129/><V131/><F131/><W75/><G75/><T11/><D124/><U105/><E130/><V122/><F122/><W91/><G91/><T53/><D125/><U92/><E105/><V73/><F73/><W54/><G54/><T102/><D102/><U45/><E76/><V25/><F104/><W65/><G65/><T42/><D109/><U79/><E79/><V59/><F113/><W1/><G1/><T95/><D0/><U134/><E38/><V27/><F64/><W41/><G41/><T30/><D42/><U100/><E100/><V107/><F107/><W71/><G71/><T63/><D63/><U94/><E94/><V78/><F78/><W108/><G108/><T10/><D95/><U67/><E67/><V47/><F39/><W62/><G62/><T9/><D2/><U4/><E50/><V126/><F126/><W101/><G101/><T77/><D77/><U120/><E48/><V82/><F89/><W16/><G16/><T84/><D18/><N who="1" m="12663" /><E120/><V43/><F43/><W90/><G90/><T116/><D49/><RYUUKYOKU ba="0,1" sc="250,-15,191,15,289,-15,260,15" hai1="4,15,45,51,52,88,92,96,133,134" hai3="13,17,19,20,21,28,31,37,40,44,85,86,87" /><INIT seed="3,1,1,2,5,83" ten="235,206,274,275" oya="3" hai0="31,79,119,22,61,133,20,41,69,26,55,90,74" hai1="65,81,68,29,82,76,6,56,128,43,9,67,75" hai2="110,87,96,54,115,64,106,7,84,89,134,85,70" hai3="108,111,107,78,98,48,10,104,94,57,130,53,23"/><W103/><G130/><T97/><D119/><U4/><E68/><V52/><F115/><W11/><G78/><T88/><D133/><U131/><E29/><V126/><F106/><W72/><G72/><T42/><D79/><U12/><E43/><N who="0" m="16393" /><D69/><U116/><E116/><V122/><F134/><W8/><REACH who="3" step="1"/><G23/><REACH who="3" ten="235,206,274,265" step="2"/><T102/><D74/><U93/><E128/><V17/><F122/><W125/><G125/><T44/><D22/><U80/><E131/><V15/><F126/><W19/><G19/><T60/><D20/><U37/><E76/><V45/><F17/><W3/><G3/><T47/><D31/><U77/><E77/><V129/><F129/><W0/><G0/><T59/><D26/><U21/><E75/><V27/><F27/><W100/><G100/><T49/><D102/><U35/><E21/><V120/><F120/><W71/><G71/><T38/><D90/><U99/><E35/><V14/><F70/><W66/><G66/><T121/><D121/><U50/><E6/><V32/><F64/><W33/><G33/><T118/><D118/><U112/><E65/><V117/><F117/><W132/><G132/><T114/><D88/><N who="1" m="55719" /><E67/><V113/><F32/><W18/><G18/><T16/><D16/><U25/><E25/><V105/><F7/><W135/><G135/><T28/><D28/><U1/><E1/><V46/><F113/><W123/><G123/><T39/><D114/><U5/><E112/><V101/><F89/><W62/><G62/><N who="0" m="24171" /><D97/><U40/><E5/><V127/><F96/><W86/><G86/><T24/><D24/><U51/><E4/><RYUUKYOKU ba="1,2" sc="235,15,206,-15,274,-15,265,15" hai0="38,39,44,47,49,55,59" hai3="8,10,11,48,53,57,94,98,103,104,107,108,111" /><INIT seed="3,2,2,3,1,94" ten="250,191,259,280" oya="3" hai0="2,40,111,22,91,60,98,70,34,104,122,52,62" hai1="9,23,57,134,66,87,53,103,97,36,116,35,12" hai2="128,133,101,107,78,135,56,131,6,113,48,86,121" hai3="108,11,51,119,106,29,5,73,21,109,45,118,61"/><W1/><G73/><T7/><D34/><U76/><E35/><V25/><F6/><W65/><G106/><T54/><D122/><U81/><E134/><N who="2" m="51211" /><F121/><W43/><G29/><T77/><D40/><U39/><E66/><V110/><F110/><N who="3" m="42603" /><G21/><T82/><D111/><U75/><E23/><V123/><F123/><W55/><G55/><T50/><D70/><AGARI ba="2,2" hai="1,5,11,43,45,51,61,65,70,118,119" m="42603" machi="70" ten="30,2900,0" yaku="14,1,10,1" doraHai="94" who="3" fromWho="0" sc="250,-35,191,0,259,0,280,55" /><INIT seed="3,3,0,5,1,25" ten="215,191,259,335" oya="3" hai0="128,92,15,111,122,73,89,38,81,112,49,66,86" hai1="127,27,123,70,17,97,124,60,83,135,129,65,53" hai2="102,11,30,13,130,134,98,95,80,35,33,21,51" hai3="7,3,110,91,126,45,34,61,64,43,39,132,78"/><W79/><G34/><T1/><D1/><U20/><E123/><V71/><F71/><W44/><G7/><T120/><D38/><U26/><E129/><V90/><F130/><W31/><G3/><T2/><D2/><U24/><E135/><V104/><F134/><W108/><G132/><T42/><D128/><U77/><E53/><V113/><F113/><W47/><G126/><N who="1" m="48170" /><E97/><V14/><F80/><W9/><G9/><T0/><D0/><U22/><E17/><V72/><F72/><AGARI ba="3,0" hai="20,22,24,26,27,60,65,70,72,77,83" m="48170" machi="72" ten="30,1000,0" yaku="18,1" doraHai="25" who="1" fromWho="2" sc="215,0,191,19,259,-19,335,0" /><INIT seed="4,0,0,1,2,119" ten="215,210,240,335" oya="0" hai0="30,65,14,5,67,46,17,134,103,113,110,20,96" hai1="64,112,27,75,122,111,57,74,114,99,85,53,92" hai2="116,95,83,77,29,37,1,130,109,91,55,107,45" hai3="125,25,58,39,100,63,2,38,66,87,98,8,0"/><T3/><D113/><N who="1" m="43627" /><E111/><V50/><F107/><W72/><G125/><T13/><D134/><U135/><E64/><V80/><F109/><W70/><G72/><T105/><D110/><U32/><E135/><V123/><F123/><W47/><G87/><T24/><D14/><U118/><E118/><V41/><F1/><W23/><G70/><T6/><D46/><U34/><E85/><V52/><F116/><W90/><G90/><T101/><D101/><N who="1" m="60647" /><E122/><V108/><F130/><W124/><G124/><T69/><D3/><U35/><E27/><V59/><F108/><W88/><G88/><T33/><REACH who="0" step="1"/><D65/><REACH who="0" ten="205,210,240,335" step="2"/><U11/><E11/><V106/><F45/><W93/><G8/><T43/><D43/><U44/><E44/><V73/><F41/><W7/><G47/><T22/><D22/><U40/><E40/><V82/><F37/><W126/><G126/><T26/><D26/><U131/><E131/><V36/><F36/><W19/><G39/><T120/><D120/><U31/><E31/><V10/><F29/><W18/><G38/><T115/><D115/><U12/><E12/><V132/><F132/><W97/><G0/><T62/><AGARI ba="0,1" hai="5,6,13,17,20,24,30,33,62,67,69,96,103,105" machi="62" ten="30,11700,0" yaku="1,1,0,1,25,2,53,0" doraHai="119" doraHaiUra="129" who="0" fromWho="0" sc="205,127,210,-39,240,-39,335,-39" /><INIT seed="4,1,0,4,2,80" ten="332,171,201,296" oya="0" hai0="51,50,82,30,38,17,47,6,5,42,2,114,0" hai1="28,92,23,24,79,35,121,100,40,97,104,117,65" hai2="54,123,41,126,133,105,70,77,73,21,13,116,59" hai3="103,84,119,83,16,61,46,8,7,120,9,43,37"/><T25/><D114/><U87/><E117/><V78/><F123/><W125/><G119/><T106/><D106/><U64/><E121/><V4/><F116/><W95/><G120/><T12/><D6/><U1/><E1/><V66/><F105/><W115/><G115/><T90/><D90/><U3/><E3/><V10/><F126/><W49/><G125/><T98/><D98/><U93/><E93/><V128/><F128/><W33/><G33/><T130/><D130/><U88/><E40/><V101/><F101/><W74/><G74/><T75/><D2/><U131/><E131/><V22/><F41/><W122/><G7/><T113/><D113/><U39/><E39/><V20/><F73/><W99/><G122/><T18/><D18/><U26/><REACH who="1" step="1"/><E79/><REACH who="1" ten="332,161,201,296" step="2"/><V62/><REACH who="2" step="1"/><F133/><REACH who="2" ten="332,161,191,296" step="2"/><W45/><G37/><T19/><D38/><U108/><E108/><V67/><F67/><W32/><G43/><T31/><D42/><U118/><E118/><V94/><F94/><W72/><G95/><T76/><D0/><U81/><E81/><V91/><F91/><W109/><G83/><T102/><D82/><U132/><E132/><V55/><F55/><W44/><G109/><T27/><D102/><U96/><E96/><V58/><F58/><W53/><G99/><T56/><D56/><U111/><E111/><V110/><F110/><W124/><G53/><T14/><D76/><U34/><E34/><V134/><F134/><W135/><G32/><T69/><D47/><U86/><E86/><V89/><F89/><W71/><G84/><T60/><D75/><U127/><E127/><RYUUKYOKU ba="1,2" sc="332,-15,161,15,191,15,296,-15" hai1="23,24,26,28,35,64,65,87,88,92,97,100,104" hai2="4,10,13,20,21,22,54,59,62,66,70,77,78" /><INIT seed="5,2,2,0,5,129" ten="317,176,206,281" oya="1" hai0="130,127,108,80,28,37,121,45,73,46,104,122,119" hai1="90,64,31,76,125,96,61,118,11,124,131,6,10" hai2="62,54,12,36,19,7,77,49,22,18,89,102,39" hai3="95,53,41,94,5,101,99,20,84,70,88,85,113"/><U4/><E118/><V33/><F33/><W48/><G70/><T23/><D104/><U51/><E131/><V98/><F77/><W116/><G113/><T68/><D108/><U8/><E76/><V66/><F7/><W103/><G116/><T115/><D119/><U135/><E135/><V75/><F89/><W60/><G5/><T126/><D68/><U24/><E51/><V57/><F19/><W92/><G41/><N who="0" m="22703" /><D115/><U91/><E96/><V30/><F30/><W32/><G32/><T40/><D130/><U56/><E4/><V81/><F81/><W111/><G111/><T112/><D112/><U69/><E69/><V52/><F54/><W87/><G60/><T78/><D23/><N who="1" m="15775" /><E6/><V97/><F75/><W21/><G21/><T105/><D28/><U72/><E72/><V106/><REACH who="2" step="1"/><F98/><REACH who="2" ten="317,176,196,281" step="2"/><W47/><G20/><T134/><D73/><U83/><E83/><V42/><F42/><W133/><G99/><T117/><D80/><U93/><E93/><V86/><F86/><N who="3" m="52247" /><G94/><T9/><D78/><U15/><E15/><V14/><F14/><W35/><G95/><T110/><D117/><U29/><E29/><V1/><F1/><W0/><G0/><T109/><D109/><U3/><E3/><V132/><F132/><W26/><G133/><T16/><D134/><U13/><E13/><V114/><F114/><W128/><G128/><T82/><D110/><U27/><E27/><V38/><F38/><W74/><G74/><T34/><D82/><U107/><E107/><V100/><F100/><W44/><G101/><T65/><D105/><U17/><E17/><RYUUKYOKU ba="2,3" sc="317,-15,176,15,196,15,281,-15" hai1="8,10,11,56,61,64,90,91,124,125" hai2="12,18,22,36,39,49,52,57,62,66,97,102,106" /><INIT seed="5,3,3,5,5,119" ten="302,191,211,266" oya="1" hai0="23,2,100,1,35,92,5,109,40,20,47,80,21" hai1="49,8,34,102,87,13,7,24,12,72,111,59,132" hai2="90,65,25,99,103,22,17,69,73,38,50,62,54" hai3="16,101,4,85,52,0,81,43,131,64,77,51,11"/><U27/><E72/><V29/><F73/><W84/><G131/><T26/><D109/><U121/><E121/><V112/><F38/><W6/><G64/><T30/><D5/><U127/><E111/><V10/><F112/><W105/><G6/><T123/><D123/><U67/><E34/><V57/><F90/><W75/><G43/><T116/><D116/><U126/><E132/><V19/><REACH who="2" step="1"/><F10/><REACH who="2" ten="302,191,201,266" step="2"/><W95/><G75/><T18/><D100/><U68/><E102/><V122/><F122/><W89/><G101/><T37/><D37/><U114/><E114/><V56/><F56/><W118/><G118/><T46/><D47/><U108/><E108/><V78/><F78/><W98/><G77/><T115/><D46/><U70/><E70/><V96/><F96/><W104/><G98/><T41/><D115/><U93/><E68/><V107/><AGARI ba="3,4" hai="17,19,22,25,29,50,54,57,62,65,69,99,103,107" machi="107" ten="20,2700,0" yaku="1,1,0,1,7,1,53,0" doraHai="119" doraHaiUra="113" who="2" fromWho="2" sc="302,-10,191,-16,201,76,266,-10" /><INIT seed="6,0,0,5,2,100" ten="292,175,277,256" oya="2" hai0="25,132,27,41,84,125,26,121,77,4,53,28,97" hai1="133,55,0,50,39,52,99,123,82,94,54,31,35" hai2="15,110,51,113,86,71,126,104,65,83,88,30,135" hai3="117,127,9,21,46,68,85,96,102,128,107,6,61"/><V67/><F71/><W115/><G117/><T114/><D121/><U64/><E39/><V131/><F30/><W49/><G127/><T14/><D114/><U13/><E0/><V122/><F122/><W47/><G128/><T62/><D132/><U112/><E123/><V44/><F113/><W119/><G119/><T19/><D41/><U129/><E133/><V22/><F135/><W60/><G115/><T23/><D4/><U1/><E112/><V11/><F104/><W34/><G34/><T134/><D125/><U95/><E1/><V130/><F126/><W72/><G72/><T105/><D105/><U70/><E129/><N who="2" m="49163" /><F22/><W90/><G21/><T40/><D40/><U5/><E82/><V79/><F79/><W18/><G18/><T12/><D19/><U89/><E35/><V118/><F110/><W10/><G10/><T56/><D23/><U109/><E109/><V106/><F106/><W63/><G49/><T120/><D28/><U57/><E31/><V38/><F38/><W87/><G68/><T42/><D120/><U75/><E75/><V8/><F118/><W116/><G116/><T101/><D134/><U24/><E24/><V98/><F98/><W69/><G69/><T48/><D27/><U91/><E64/><N who="2" m="24651" /><F15/><W93/><REACH who="3" step="1"/><G87/><REACH who="3" ten="292,175,277,246" step="2"/><T73/><D84/><N who="1" m="52519" /><E70/><V59/><F8/><AGARI ba="0,1" hai="5,8,13,50,52,54,55,57,91,95,99" m="52519" machi="8" ten="30,2000,0" yaku="8,1,54,1" doraHai="100" who="1" fromWho="2" sc="292,0,175,30,277,-20,246,0" /><INIT seed="7,0,0,3,5,122" ten="292,205,257,246" oya="3" hai0="35,90,57,68,7,73,46,16,49,132,108,120,41" hai1="114,123,36,82,11,47,124,34,14,95,66,80,79" hai2="13,83,53,32,45,109,81,105,127,91,23,102,15" hai3="2,5,9,104,52,44,33,99,21,65,125,76,97"/><W19/><G33/><T12/><D108/><U111/><E123/><V56/><F32/><W87/><G125/><T1/><D68/><U40/><E34/><V118/><F118/><W30/><G30/><T42/><D120/><U131/><E114/><V70/><F70/><W93/><G65/><T38/><D73/><U110/><E124/><V72/><F109/><W50/><G104/><T85/><D132/><U89/><E66/><V119/><F102/><W84/><G76/><T94/><D35/><U28/><E28/><V135/><F105/><W107/><G107/><T54/><D1/><U26/><E26/><V17/><F72/><W51/><G50/><N who="0" m="30935" /><D38/><U25/><E25/><V62/><F119/><W43/><G43/><N who="0" m="24799" /><D7/><U10/><E131/><V48/><F135/><W8/><G9/><AGARI ba="0,0" hai="9,12,16,41,42,85,90,94" m="24799,30935" machi="9" ten="30,2000,0" yaku="8,1,54,1" doraHai="122" who="0" fromWho="3" sc="292,20,205,0,257,0,246,-20" owari="312,40.0,205,-29.0,257,6.0,226,-17.0" /></mjloggm>