<mjloggm ver="2.3"><GO type="169" lobby="0"/><UN n0="%E3%82%B7%E3%83%A3%E3%83%BC%E3%83%AA%E3%83%97%E3%83%88%E3%83%A9" n1="%E3%82%BF%E3%82%AD%E3%83%88%E3%83%BC%E3%83%AB" n2="%E3%82%A6%E3%83%AB%E3%83%88%E3%83%A9%E7%AB%8B%E7%9B%B4" n3="%E3%81%84%E3%81%91%E3%81%9F%E3%82%93" dan="16,16,17,16" rate="2168.02,2045.36,2210.55,2026.40" sx="M,M,M,M"/><TAIKYOKU oya="0"/><INIT seed="0,0,0,3,5,8" ten="250,250,250,250" oya="0" hai0="39,104,102,85,25,124,35,93,11,16,6,70,66" hai1="42,7,92,116,118,106,12,52,100,130,45,113,132" hai2="5,38,62,59,15,75,107,86,57,20,82,112,122" hai3="103,79,133,10,105,80,14,19,33,21,97,26,109"/><T98/><D39/><U114/><E106/><V1/><F107/><W43/><G109/><T23/><D124/><U40/><E132/><V55/><F122/><W61/><G133/><T115/><D115/><N who="1" m="44043" /><E130/><V17/><F112/><W96/><G96/><T76/><D35/><U44/><E100/><V126/><F126/><W108/><G108/><T88/><D76/><U63/><E92/><V101/><F101/><W125/><G125/><T31/><D70/><U37/><E12/><V49/><F38/><W22/><G43/><T32/><D66/><U117/><E7/><V84/><F1/><W9/><G9/><T18/><REACH who="0" step="1"/><D32/><REACH who="0" ten="240,250,250,250" step="2"/><U127/><E127/><V90/><F75/><W83/><G33/><T27/><D27/><U34/><E34/><V51/><F5/><W4/><G79/><T135/><D135/><U2/><E2/><AGARI ba="0,1" hai="2,6,11,16,18,23,25,31,85,88,93,98,102,104" machi="2" ten="30,11600,0" yaku="1,1,7,1,54,2,53,0" doraHai="8" doraHaiUra="131" who="0" fromWho="1" sc="240,126,250,-116,250,0,250,0" /><INIT seed="0,1,0,5,3,88" ten="366,134,250,250" oya="0" hai0="71,40,17,61,116,30,39,129,133,98,46,84,22" hai1="68,118,135,110,10,91,132,4,82,33,120,64,27" hai2="94,24,28,105,41,119,69,131,70,58,31,72,26" hai3="63,43,5,48,95,42,85,60,19,77,34,53,134"/><T14/><D129/><U57/><E110/><V15/><F105/><W80/><G34/><T37/><D133/><U111/><E111/><V73/><F41/><N who="3" m="15371" /><G5/><T66/><D116/><U59/><E118/><V32/><F58/><N who="3" m="33063" /><G134/><N who="1" m="51242" /><E120/><V74/><F15/><W75/><G75/><T35/><D84/><N who="1" m="50583" /><E64/><V97/><F131/><W89/><G19/><T3/><D3/><N who="1" m="287" /><E68/><V90/><REACH who="2" step="1"/><F119/><REACH who="2" ten="366,134,240,250" step="2"/><W12/><G12/><T112/><D14/><U83/><E59/><V125/><F125/><W99/><AGARI ba="1,1" hai="60,63,77,80,85,89,95,99" m="33063,15371" machi="99" ten="30,2000,0" yaku="8,1,52,1" doraHai="88" who="3" fromWho="3" sc="366,-11,134,-6,240,-6,250,33" /><INIT seed="1,0,0,4,4,129" ten="355,128,234,283" oya="1" hai0="130,7,23,12,45,44,134,123,70,29,87,54,104" hai1="128,120,118,17,122,62,33,63,88,114,84,57,109" hai2="27,110,51,98,50,90,52,6,119,75,30,14,39" hai3="15,126,133,125,124,73,116,113,115,59,41,13,20"/><U37/><E114/><N who="3" m="43530" /><G73/><T61/><D134/><U58/><E118/><V38/><F75/><W121/><G59/><N who="0" m="35063" /><D130/><U79/><E128/><V18/><F6/><W71/><G41/><T28/><D104/><U11/><E79/><V60/><F51/><W24/><G71/><T26/><D123/><U0/><E33/><V100/><F60/><W105/><G105/><T10/><D70/><U1/><E37/><V55/><F90/><W2/><G121/><T86/><D29/><U31/><E31/><V42/><F55/><W36/><G36/><T112/><D112/><U127/><E127/><V53/><F53/><W46/><G46/><AGARI ba="0,0" hai="7,10,12,23,26,28,44,45,46,86,87" m="35063" machi="46" ten="30,1000,0" yaku="8,1" doraHai="129" who="0" fromWho="3" sc="355,10,128,0,234,0,283,-10" /><INIT seed="2,0,0,5,2,68" ten="365,128,234,273" oya="2" hai0="130,124,83,59,37,99,66,116,91,86,120,126,43" hai1="24,132,90,117,79,32,63,45,67,108,65,41,42" hai2="118,7,47,18,2,52,0,72,28,121,23,62,110" hai3="135,27,100,49,82,40,15,19,6,85,50,114,58"/><V119/><F72/><W33/><G135/><T128/><D120/><U127/><E108/><V8/><F121/><W14/><G114/><T35/><D35/><U70/><E117/><V129/><F0/><W61/><G100/><T34/><D34/><U21/><E32/><V134/><F28/><W39/><G33/><T20/><D116/><U10/><E132/><V64/><F134/><W109/><G109/><T44/><D20/><U4/><E67/><V106/><F106/><W78/><G27/><T13/><D13/><U101/><E127/><N who="0" m="48681" /><D99/><U87/><E79/><V48/><F129/><W69/><G69/><T73/><D73/><U96/><E87/><V84/><F84/><W71/><G71/><T57/><D66/><U54/><E90/><V115/><F115/><W60/><G6/><T3/><D3/><U98/><E54/><V111/><F111/><W46/><G14/><T25/><D25/><U22/><E41/><V75/><F75/><W30/><G30/><T16/><D16/><U80/><E80/><V94/><F94/><W123/><G123/><T17/><D17/><U133/><E21/><V105/><F105/><W51/><REACH who="3" step="1"/><G58/><AGARI ba="0,0" hai="37,43,44,57,58,59,83,86,91,128,130" m="48681" machi="58" ten="30,2000,0" yaku="18,1,52,1" doraHai="68" who="0" fromWho="3" sc="365,20,128,0,234,0,273,-20" /><INIT seed="3,0,0,4,5,135" ten="385,128,234,253" oya="3" hai0="58,68,113,95,27,44,80,125,34,79,74,60,127" hai1="19,36,114,32,3,119,115,76,86,28,12,29,118" hai2="103,107,43,111,67,61,71,51,8,11,117,90,46" hai3="102,63,130,132,110,97,72,108,88,77,21,129,37"/><W84/><G37/><T126/><D68/><U54/><E36/><V62/><F117/><N who="1" m="44553" /><E76/><V41/><F111/><N who="3" m="42539" /><G132/><T87/><D113/><N who="1" m="43019" /><E86/><V22/><F43/><W131/><G21/><T17/><D44/><U66/><E66/><V73/><F73/><W93/><G63/><T49/><D49/><U128/><E54/><V18/><F103/><W116/><G116/><T81/><D95/><U23/><E128/><V39/><F39/><W45/><G45/><T6/><D6/><U16/><E3/><V82/><F107/><N who="3" m="63951" /><G77/><T0/><D0/><U89/><E89/><V35/><F62/><W64/><G64/><N who="0" m="38935" /><D80/><U53/><E53/><V33/><F61/><W101/><G101/><T31/><D17/><N who="1" m="10663" /><E28/><V99/><F67/><W92/><G92/><T56/><D56/><U133/><E133/><V109/><F109/><W40/><G40/><T59/><D59/><U78/><E78/><V13/><F71/><W134/><G134/><T122/><D122/><U24/><AGARI ba="0,0" hai="16,19,24,29,32" m="10663,43019,44553" machi="24" ten="40,8000,1" yaku="12,1,34,2,54,1" doraHai="135" who="1" fromWho="1" sc="385,-20,128,80,234,-20,253,-40" /><INIT seed="4,0,0,5,1,56" ten="365,208,214,213" oya="0" hai0="74,71,15,26,6,31,53,28,121,72,64,19,94" hai1="129,20,95,0,88,86,111,59,34,79,39,108,91" hai2="61,41,68,35,96,62,8,36,65,112,101,99,27" hai3="40,97,45,37,17,73,98,85,3,78,114,24,18"/><T16/><D121/><U38/><E34/><V75/><F75/><W2/><G114/><T115/><D115/><U92/><E79/><V93/><F112/><W67/><G73/><T55/><D6/><U10/><E20/><V110/><F110/><W1/><G24/><T84/><D72/><U135/><E129/><V123/><F123/><W119/><G119/><T106/><D106/><U48/><E135/><V7/><F41/><W103/><G97/><T87/><D74/><U58/><E86/><N who="0" m="32809" /><D71/><U128/><E128/><V122/><F36/><W30/><G30/><N who="0" m="11307" /><D64/><U104/><E48/><V82/><F27/><W132/><G132/><T120/><D120/><U117/><E0/><V126/><F35/><W11/><G67/><T22/><D94/><U60/><E104/><V43/><F93/><W105/><REACH who="3" step="1"/><G11/><AGARI ba="0,0" hai="11,15,16,19,22,26,53,55" m="11307,32809" machi="11" ten="30,2900,0" yaku="8,1,54,1" doraHai="56" who="0" fromWho="3" sc="365,29,208,0,214,0,213,-29" /><INIT seed="4,1,0,1,3,114" ten="394,208,214,184" oya="0" hai0="23,14,6,36,103,90,59,52,64,105,122,13,60" hai1="49,54,87,118,0,110,128,2,12,101,82,46,124" hai2="48,17,19,31,75,29,111,38,74,41,89,18,99" hai3="32,68,7,25,120,15,113,43,3,130,88,71,80"/><T34/><D34/><U57/><E110/><V45/><F111/><W26/><G113/><T33/><D33/><U56/><E128/><V98/><F38/><W39/><G130/><T4/><D122/><U92/><E124/><V135/><F135/><W108/><G108/><T116/><D36/><U131/><E131/><V8/><F8/><W121/><G3/><T66/><D116/><U109/><E109/><V5/><F5/><N who="0" m="2154" /><D105/><U42/><E12/><N who="0" m="4713" /><D103/><U134/><E134/><V107/><F107/><W91/><G39/><T83/><D23/><U95/><E118/><V129/><F129/><W16/><G7/><T76/><D76/><U78/><E101/><V86/><F75/><W73/><G43/><T97/><D97/><N who="2" m="36874" /><F74/><W93/><G73/><T9/><D9/><U125/><E125/><V27/><F27/><W55/><G32/><T61/><D60/><N who="1" m="35863" /><E2/><V94/><AGARI ba="1,0" hai="17,18,19,29,31,41,45,48,86,89,94" m="36874" machi="94" ten="30,1100,0" yaku="8,1" doraHai="114" who="2" fromWho="2" sc="394,-6,208,-4,214,14,184,-4" /><INIT seed="5,0,0,2,5,47" ten="388,204,228,180" oya="1" hai0="10,81,118,57,95,115,53,127,41,38,93,124,132" hai1="107,121,16,114,2,88,20,23,126,71,111,108,3" hai2="73,42,61,103,19,28,90,78,112,21,29,101,67" hai3="24,40,1,5,18,52,32,135,26,120,130,92,30"/><U49/><E71/><V51/><F78/><W133/><G40/><T36/><D115/><U7/><E107/><V46/><F73/><W35/><G120/><T110/><D110/><N who="1" m="42027" /><E121/><V75/><F75/><W134/><G92/><N who="0" m="35403" /><D81/><U80/><E114/><V106/><F90/><W68/><G68/><T55/><D118/><U84/><E126/><N who="0" m="48169" /><D132/><U113/><E113/><V85/><F85/><W96/><G96/><T87/><D87/><U62/><E62/><V59/><F112/><W60/><G130/><T22/><D22/><N who="1" m="8235" /><E7/><V72/><F72/><W123/><G123/><T129/><D129/><U54/><E16/><V9/><F9/><W34/><G18/><T13/><D41/><U27/><E27/><N who="2" m="14783" /><F106/><W48/><G60/><N who="0" m="35887" /><D55/><U79/><E79/><V99/><F99/><W77/><G77/><T98/><D98/><U12/><E12/><V11/><F11/><N who="3" m="2479" /><G30/><AGARI ba="0,0" hai="28,29,30,42,46,51,59,61,67,101,103" m="14783" machi="30" ten="30,2000,0" yaku="8,1,52,1" doraHai="47" who="2" fromWho="3" sc="388,0,204,0,228,20,180,-20" /><INIT seed="6,0,0,3,4,68" ten="388,204,248,160" oya="2" hai0="100,14,116,127,0,67,128,59,54,102,122,53,17" hai1="92,84,112,39,5,132,48,95,130,126,77,99,24" hai2="75,11,35,34,120,3,134,78,85,20,124,135,88" hai3="26,80,46,30,1,111,25,106,19,71,23,96,45"/><V98/><F75/><W123/><G111/><T63/><D0/><U79/><E5/><V70/><F70/><W109/><G109/><T97/><D122/><U114/><E24/><V31/><F78/><N who="1" m="29705" /><E48/><V72/><F98/><W22/><G123/><T131/><D127/><U42/><E42/><V6/><F72/><W38/><G71/><T117/><D53/><U76/><E39/><V121/><F20/><W57/><G1/><T108/><D54/><U93/><E126/><V129/><F129/><N who="0" m="49738" /><D108/><U18/><E18/><V2/><F2/><W87/><G57/><T29/><D29/><U110/><E110/><V118/><F124/><W101/><REACH who="3" step="1"/><G38/><REACH who="3" ten="388,204,248,150" step="2"/><T13/><D59/><U27/><E130/><V15/><F3/><W133/><G133/><T52/><D117/><U58/><E58/><V37/><F37/><W86/><G86/><T8/><D116/><U104/><E132/><V7/><F118/><W115/><G115/><T47/><D47/><U9/><E114/><V69/><F69/><W60/><G60/><T66/><D63/><U43/><E112/><V12/><F135/><W107/><G107/><T82/><D97/><U49/><E84/><V103/><F85/><W36/><G36/><T21/><D82/><U89/><E104/><V40/><F134/><W61/><G61/><T55/><D67/><U56/><E56/><V81/><F81/><W44/><G44/><T119/><D66/><U62/><E62/><V83/><F121/><W74/><G74/><T91/><D119/><U33/><E99/><V113/><F120/><W50/><G50/><T65/><D65/><RYUUKYOKU ba="0,1" sc="388,-10,204,-10,248,-10,150,30" hai3="19,22,23,25,26,30,45,46,80,87,96,101,106" /><INIT seed="7,1,1,5,2,40" ten="378,194,238,180" oya="3" hai0="116,124,23,72,132,4,87,71,110,105,125,100,47" hai1="53,42,26,1,81,97,134,27,9,118,70,49,7" hai2="129,113,25,115,96,13,128,104,75,64,46,123,32" hai3="69,83,82,91,84,88,98,54,24,106,102,73,76"/><W60/><G24/><T48/><D110/><U61/><E42/><V117/><F75/><W67/><REACH who="3" step="1"/><G54/><REACH who="3" ten="378,194,238,170" step="2"/><N who="0" m="29983" /><D124/><U14/><E134/><V35/><F25/><W10/><G10/><T107/><D125/><U120/><E120/><V63/><F123/><W41/><G41/><T45/><D132/><U11/><E118/><V8/><F8/><W74/><G74/><T43/><D72/><U6/><E27/><V86/><F117/><W133/><G133/><T15/><D43/><U90/><E26/><V65/><F35/><W37/><G37/><T80/><D116/><U38/><E38/><V29/><F32/><W89/><AGARI ba="1,2" hai="60,67,69,73,76,82,83,84,88,89,91,98,102,106" machi="89" ten="20,7800,0" yaku="1,1,0,1,7,1,54,1,53,0" doraHai="40" doraHaiUra="5" who="3" fromWho="3" sc="378,-27,194,-27,238,-27,170,101" /><INIT seed="7,2,0,5,4,103" ten="351,167,211,271" oya="3" hai0="106,67,29,102,97,114,76,90,55,108,75,2,105" hai1="95,84,43,82,7,69,104,33,117,57,133,113,118" hai2="32,65,94,36,6,47,66,116,132,85,50,134,88" hai3="86,115,112,70,63,135,83,72,58,59,1,22,17"/><W127/><G1/><T9/><D108/><U91/><E69/><V26/><F36/><W64/><G72/><T122/><D122/><U51/><E33/><V52/><F6/><W68/><G127/><T16/><D67/><U11/><E57/><V89/><F116/><N who="1" m="44649" /><E51/><V78/><F78/><W31/><G31/><T13/><D106/><U87/><E11/><V123/><F123/><W96/><G96/><T62/><D90/><N who="1" m="53727" /><E43/><V99/><F32/><W19/><G135/><N who="2" m="51753" /><F26/><W56/><G68/><T126/><D97/><U46/><E46/><V45/><F45/><W121/><G121/><T38/><D102/><U77/><E7/><V18/><F18/><W20/><G17/><T109/><D76/><U49/><E133/><V129/><F129/><W131/><G131/><T93/><D75/><N who="1" m="43327" /><E49/><V48/><F48/><W35/><G35/><T119/><D62/><U3/><E3/><V101/><F89/><N who="3" m="51423" /><G19/><T124/><D16/><U60/><E60/><V4/><F4/><W39/><G39/><T0/><D38/><U71/><E71/><V24/><F24/><W41/><G41/><T74/><D0/><U125/><E125/><V100/><F100/><W5/><G5/><T34/><D2/><U15/><E15/><V8/><F8/><W61/><G61/><T73/><D13/><U107/><E113/><AGARI ba="2,0" hai="20,22,56,58,59,63,64,70,112,113,115" m="51423" machi="113" ten="30,1500,0" yaku="15,1" doraHai="103" who="3" fromWho="1" sc="351,0,167,-21,211,0,271,21" /><INIT seed="7,3,0,0,1,82" ten="351,146,211,292" oya="3" hai0="64,0,8,36,100,110,46,111,104,131,98,128,112" hai1="31,33,59,123,108,51,69,21,23,12,48,115,16" hai2="22,68,118,66,130,55,95,121,85,78,101,41,40" hai3="83,54,90,102,26,86,1,120,113,53,15,80,91"/><W107/><G1/><T7/><D112/><U52/><E69/><V47/><F121/><W45/><G120/><T74/><D74/><U103/><E115/><V9/><F130/><N who="0" m="49706" /><D64/><U67/><E108/><N who="0" m="41513" /><D46/><U114/><E114/><V42/><F9/><W65/><G65/><T19/><D19/><U73/><E123/><V135/><F101/><W35/><G15/><T124/><D124/><U99/><E73/><V93/><F93/><W29/><G113/><T24/><D24/><U17/><E33/><V84/><F95/><W126/><G126/><T18/><D18/><U94/><E31/><V109/><F78/><W76/><G91/><T92/><D36/><U77/><E77/><V71/><F41/><W5/><G5/><T106/><AGARI ba="3,0" hai="0,7,8,92,98,100,104,106" m="41513,49706" machi="106" ten="40,1500,0" yaku="19,1" doraHai="82" who="0" fromWho="0" sc="351,24,146,-7,211,-7,292,-10" owari="375,48.0,139,-36.0,204,-20.0,282,8.0" /></mjloggm>