<mjloggm ver="2.3"><GO type="169" lobby="0"/><UN n0="%64%72%61%67%6F" n1="%E8%99%8E%E7%9A%AE%E7%8C%AB" n2="%E5%B0%B1%E6%B4%BB%E7%94%9F%40%E5%B7%9D%E6%9D%91%E8%BB%8D%E5%9B%A3" n3="%73%61%69%72%61%73%75" dan="16,17,18,16" rate="2086.63,2241.46,2299.74,2164.61" sx="M,F,M,M"/><TAIKYOKU oya="0"/><INIT seed="0,0,0,1,2,22" ten="250,250,250,250" oya="0" hai0="106,41,49,55,9,63,81,38,12,98,71,130,110" hai1="76,13,93,101,27,37,86,114,103,134,112,46,28" hai2="44,102,62,128,126,84,73,65,32,104,58,115,96" hai3="15,113,135,7,30,61,5,24,66,6,53,78,89"/><T4/><D130/><U54/><E134/><V123/><F126/><W75/><G113/><N who="1" m="43626" /><E13/><V127/><F127/><W34/><G135/><T56/><D110/><U17/><E17/><V83/><F128/><W50/><G78/><T47/><D81/><N who="1" m="47399" /><E93/><V19/><F32/><W119/><G119/><T117/><D117/><U74/><E74/><V108/><F108/><W10/><G89/><T11/><D11/><U26/><E28/><V45/><F73/><W43/><G43/><T95/><D106/><U109/><E109/><V59/><F123/><W3/><G3/><T121/><D121/><U92/><E92/><V129/><F129/><W0/><G0/><T42/><D42/><N who="1" m="22863" /><E54/><V132/><F132/><W51/><G75/><T57/><D71/><U118/><E118/><V33/><F115/><W125/><G125/><T18/><D18/><U79/><E79/><V90/><F33/><W1/><G53/><T14/><D14/><U16/><E16/><V68/><F19/><W25/><G24/><AGARI ba="0,0" hai="24,26,27,101,103" m="22863,47399,43626" machi="24" ten="30,7700,0" yaku="11,1,52,3" doraHai="22" who="1" fromWho="3" sc="250,0,250,77,250,0,250,-77" /><INIT seed="1,0,0,3,3,104" ten="250,327,250,173" oya="1" hai0="8,22,70,5,117,20,94,93,83,92,47,61,21" hai1="16,12,34,10,55,88,118,36,4,1,63,87,73" hai2="127,54,96,82,75,56,133,128,120,69,64,66,26" hai3="46,33,50,85,45,108,80,112,74,103,113,44,86"/><U123/><E123/><V81/><F69/><W106/><G108/><T131/><D117/><U27/><E118/><V9/><F120/><W0/><G33/><T107/><D107/><U99/><E36/><V71/><F71/><W114/><G0/><T58/><D70/><U97/><E73/><V98/><F128/><W79/><REACH who="3" step="1"/><G50/><REACH who="3" ten="250,327,250,163" step="2"/><T100/><D131/><U109/><E109/><V14/><F133/><W77/><G77/><T28/><D47/><U126/><E126/><V90/><F127/><W91/><G91/><T119/><D119/><U62/><E34/><V68/><F90/><W29/><G29/><T84/><D100/><U111/><E111/><V53/><F68/><W101/><G101/><T129/><D129/><U35/><E35/><V37/><F37/><W39/><G39/><T30/><D30/><U95/><E1/><V52/><F56/><W59/><G59/><T17/><D28/><U65/><E65/><V72/><F66/><W2/><G2/><T122/><D122/><U49/><E63/><V42/><F64/><W89/><G89/><T24/><D58/><N who="1" m="35167" /><E49/><V78/><F78/><W102/><G102/><T105/><D61/><U11/><E11/><V48/><F9/><W130/><G130/><T76/><REACH who="0" step="1"/><D105/><REACH who="0" ten="240,327,250,163" step="2"/><U23/><AGARI ba="0,2" hai="4,10,12,16,23,27,87,88,95,97,99" m="35167" machi="23" ten="30,6000,0" yaku="8,1,54,2" doraHai="104" who="1" fromWho="1" sc="240,-20,327,80,250,-20,163,-20" /><INIT seed="1,1,0,0,3,107" ten="220,407,230,143" oya="1" hai0="24,85,59,44,52,51,130,92,12,42,38,46,33" hai1="43,48,20,109,134,132,29,54,133,40,64,124,121" hai2="122,117,119,128,60,2,97,72,15,78,110,1,13" hai3="118,126,68,63,10,61,106,14,27,95,0,83,102"/><U69/><E121/><V82/><F110/><W47/><G126/><T120/><D130/><U6/><E6/><V67/><F128/><W65/><G0/><T41/><D120/><U131/><E131/><V90/><F122/><W45/><G106/><T23/><D33/><U32/><E32/><V93/><F2/><W112/><G112/><T123/><D123/><U3/><E3/><V37/><F37/><W17/><G118/><T125/><D125/><U55/><E124/><V70/><REACH who="2" step="1"/><F1/><REACH who="2" ten="220,407,220,143" step="2"/><W116/><G116/><AGARI ba="1,1" hai="13,15,60,67,70,72,78,82,90,93,97,116,117,119" machi="116" ten="40,5200,0" yaku="1,1,2,1,52,1,53,0" doraHai="107" doraHaiUra="39" who="2" fromWho="3" sc="220,0,407,0,220,65,143,-55" /><INIT seed="2,0,0,3,4,121" ten="220,407,285,88" oya="2" hai0="52,107,35,87,10,60,28,8,71,12,64,29,19" hai1="37,98,85,135,124,128,82,117,126,13,34,48,16" hai2="24,97,69,105,81,70,114,43,39,93,40,1,100" hai3="15,62,89,58,130,2,45,61,96,120,66,11,65"/><V46/><F114/><W73/><G130/><T68/><D68/><U14/><E14/><V22/><BYE who="1" /><F1/><W106/><G120/><T111/><D111/><U79/><E79/><V84/><F43/><W119/><G73/><T36/><D107/><U72/><E72/><V125/><F125/><UN n1="%E8%99%8E%E7%9A%AE%E7%8C%AB" /><W41/><G119/><T53/><D36/><U21/><E34/><V127/><F105/><W18/><G2/><T91/><D8/><U92/><E37/><V102/><F100/><W26/><G26/><T122/><D122/><U83/><E117/><V113/><F113/><W108/><G108/><T7/><D7/><U38/><E38/><V67/><F67/><W109/><G109/><T118/><D118/><U103/><E135/><V5/><F5/><W54/><G62/><T88/><D91/><U86/><E48/><V76/><REACH who="2" step="1"/><F127/><REACH who="2" ten="220,407,275,88" step="2"/><N who="1" m="48681" /><E128/><V33/><F33/><W6/><G6/><T31/><REACH who="0" step="1"/><D35/><REACH who="0" ten="210,407,275,88" step="2"/><U99/><E103/><V112/><F112/><W56/><G106/><T57/><D57/><U90/><E90/><V3/><F3/><W74/><G58/><T20/><D20/><U51/><E21/><V63/><F63/><W116/><G116/><T77/><D77/><U23/><E23/><V4/><F4/><W134/><G56/><T17/><D17/><AGARI ba="0,2" hai="17,22,24,39,40,46,69,70,76,81,84,93,97,102" machi="17" ten="30,2900,0" yaku="1,1,7,1,53,0" doraHai="121" doraHaiUra="110" who="2" fromWho="0" sc="210,-29,407,0,275,49,88,0" /><INIT seed="2,1,0,3,1,61" ten="181,407,324,88" oya="2" hai0="82,103,83,41,31,105,3,77,67,28,25,64,40" hai1="75,6,101,2,33,94,89,124,34,59,70,35,65" hai2="8,38,13,131,98,58,135,110,115,117,42,22,11" hai3="92,114,39,87,85,47,19,96,86,1,102,130,37"/><V81/><F115/><W80/><G130/><T17/><D3/><U93/><E75/><V125/><F117/><W32/><G114/><T69/><D69/><U119/><E119/><V43/><F38/><W7/><G32/><T62/><D62/><U132/><E132/><V111/><F131/><W95/><G1/><T27/><D103/><U91/><E124/><V118/><F118/><W100/><G7/><T63/><D63/><U52/><E101/><V24/><F58/><W36/><G19/><T14/><D105/><U60/><E6/><V10/><F125/><W26/><G26/><T128/><D128/><U50/><E2/><V12/><F81/><W134/><G134/><T20/><D40/><N who="2" m="15402" /><F98/><W74/><G74/><T97/><D41/><U99/><E35/><V121/><F121/><W44/><REACH who="3" step="1"/><G80/><REACH who="3" ten="181,407,324,78" step="2"/><T49/><D83/><U106/><E106/><V55/><F135/><W29/><G29/><T88/><D27/><U0/><REACH who="1" step="1"/><E0/><REACH who="1" ten="181,397,324,78" step="2"/><V107/><F107/><W76/><G76/><T79/><D77/><U90/><E90/><V116/><F116/><W30/><G30/><T109/><D28/><U133/><E133/><V54/><F111/><W18/><G18/><T71/><D109/><U21/><E21/><V104/><F104/><W113/><G113/><T68/><D79/><U46/><E46/><V108/><F108/><W78/><G78/><T123/><D31/><U51/><E51/><V5/><F110/><W73/><G73/><T72/><D49/><U120/><E120/><V53/><F5/><W15/><G15/><T23/><D72/><U66/><E66/><RYUUKYOKU ba="1,2" sc="181,-30,397,10,324,10,78,10" hai1="33,34,50,52,59,60,65,70,89,91,93,94,99" hai2="8,10,11,12,13,22,24,53,54,55" hai3="36,37,39,44,47,85,86,87,92,95,96,100,102" /><INIT seed="2,2,2,0,5,53" ten="151,407,334,88" oya="2" hai0="73,18,74,68,134,21,45,59,37,81,105,97,44" hai1="117,98,108,102,14,83,38,104,61,41,80,111,50" hai2="57,23,46,118,40,49,1,28,119,109,121,22,65" hai3="115,58,51,112,60,35,93,29,42,95,87,67,55"/><V131/><F121/><W92/><G42/><T125/><D68/><U107/><E117/><V82/><F1/><W39/><G39/><T56/><D125/><U20/><E38/><V75/><F131/><W4/><G4/><T69/><D69/><U48/><E107/><V26/><F109/><N who="1" m="42057" /><E61/><V3/><F3/><W62/><G62/><T24/><D134/><U16/><E50/><V32/><F65/><W127/><G127/><T25/><D105/><U36/><E36/><V2/><F2/><W66/><G66/><T133/><D133/><U71/><E71/><V123/><F123/><W77/><G29/><T114/><D114/><N who="3" m="43561" /><G35/><T79/><D97/><U0/><E0/><V116/><REACH who="2" step="1"/><F57/><REACH who="2" ten="151,407,324,88" step="2"/><N who="3" m="33023" /><G77/><AGARI ba="2,3" hai="22,23,26,28,32,40,46,49,75,77,82,116,118,119" machi="77" ten="40,2000,0" yaku="1,1,53,0" doraHai="53" doraHaiUra="91" who="2" fromWho="3" sc="151,0,407,0,324,56,88,-26" /><INIT seed="2,3,0,0,2,80" ten="151,407,380,62" oya="2" hai0="100,75,13,117,17,130,65,14,115,120,31,98,108" hai1="23,28,106,127,73,133,114,9,89,19,64,11,102" hai2="44,82,54,124,97,48,53,36,12,57,45,70,63" hai3="119,6,60,42,41,20,51,29,59,85,129,93,58"/><V46/><F124/><W39/><G119/><T0/><D108/><U104/><E114/><V26/><F26/><N who="3" m="16583" /><G129/><T49/><D115/><U27/><E133/><V135/><F135/><W2/><G39/><T21/><D117/><U34/><E127/><V38/><F12/><W69/><G69/><T78/><D120/><U131/><E131/><V91/><F97/><W92/><G6/><T10/><D130/><U134/><E134/><V61/><F91/><N who="3" m="53359" /><G2/><T86/><D75/><U18/><E73/><V107/><F107/><W72/><G72/><T96/><D0/><U77/><E104/><V128/><F82/><W111/><G111/><T35/><D35/><U24/><E106/><V118/><F118/><W84/><G51/><T99/><D65/><U4/><E64/><N who="2" m="41231" /><F128/><W3/><G3/><T32/><D32/><U76/><E34/><V16/><F16/><W109/><G109/><T81/><D49/><U79/><E18/><V103/><F103/><W121/><G121/><T15/><D100/><U50/><E102/><V110/><F110/><W33/><G33/><T88/><D78/><U95/><E4/><V113/><F113/><W94/><G94/><T7/><D7/><U125/><E125/><V116/><F116/><W126/><G126/><T22/><D31/><U56/><E28/><V8/><F8/><W5/><G5/><T43/><D43/><N who="3" m="16393" /><G60/><T30/><D30/><U62/><E50/><V123/><F123/><W1/><G1/><T90/><D90/><AGARI ba="3,0" hai="58,59,84,90,93" m="16393,53359,16583" machi="90" ten="30,3900,0" yaku="8,1,52,2" doraHai="80" who="3" fromWho="0" sc="151,-48,407,0,380,0,62,48" /><INIT seed="3,0,0,4,1,90" ten="103,407,380,110" oya="3" hai0="23,28,39,99,65,121,70,92,35,8,132,110,104" hai1="32,105,83,55,80,109,7,4,13,0,19,37,45" hai2="103,75,71,76,111,91,106,135,101,74,84,102,6" hai3="36,46,124,126,123,22,87,52,51,78,57,77,64"/><W95/><G123/><T44/><D110/><U120/><E120/><V61/><F6/><W11/><G11/><T116/><D121/><U122/><E122/><V63/><F71/><W29/><G29/><T72/><D132/><U88/><E105/><V47/><F106/><W34/><G34/><T5/><D116/><U41/><E32/><V81/><F111/><W89/><G22/><T118/><D118/><U42/><E109/><V58/><F135/><W62/><REACH who="3" step="1"/><G36/><REACH who="3" ten="103,407,380,100" step="2"/><T15/><D35/><U30/><E30/><V129/><F129/><W21/><G21/><T86/><D28/><U60/><E37/><V69/><F69/><W94/><G94/><T108/><D23/><U1/><E0/><V107/><F107/><W56/><G56/><T9/><D104/><U97/><E1/><V114/><F58/><W2/><G2/><T113/><D39/><U14/><E4/><V12/><F12/><W50/><G50/><T33/><D108/><U82/><E7/><V130/><F130/><W127/><AGARI ba="0,1" hai="46,51,52,57,62,64,77,78,87,89,95,124,126,127" machi="127" ten="30,18000,2" yaku="1,1,0,1,18,1,52,1,54,1,53,1" doraHai="90" doraHaiUra="40" who="3" fromWho="3" sc="103,-60,407,-60,380,-60,100,190" /><INIT seed="3,1,0,3,1,129" ten="43,347,320,290" oya="3" hai0="55,54,42,109,112,116,27,22,30,41,74,60,17" hai1="6,71,59,97,12,121,48,123,124,89,125,73,66" hai2="57,50,47,127,94,111,87,85,88,34,105,100,13" hai3="79,20,15,63,90,51,67,7,117,2,114,58,133"/><W44/><G117/><T135/><D74/><U95/><E73/><V101/><F34/><W77/><G114/><T72/><D116/><U43/><E71/><V110/><F127/><N who="1" m="48713" /><E43/><V119/><F119/><W29/><G2/><T78/><D109/><N who="2" m="41482" /><F105/><W84/><G133/><T80/><D112/><U113/><E113/><V52/><F13/><W0/><G29/><T49/><D135/><U130/><E130/><V92/><F47/><W115/><G0/><T82/><D82/><U18/><E6/><V4/><F4/><W102/><G102/><N who="2" m="39529" /><F94/><N who="3" m="54599" /><G115/><T76/><D76/><U62/><E48/><V86/><AGARI ba="1,0" hai="50,52,57,85,86,87,88,92" m="39529,41482" machi="86" ten="30,4000,0" yaku="14,1,54,2" doraHai="129" who="2" fromWho="2" sc="43,-11,347,-11,320,43,290,-21" /><INIT seed="4,0,0,3,1,99" ten="32,336,363,269" oya="0" hai0="114,101,88,108,95,63,81,134,84,79,4,15,56" hai1="23,57,8,5,69,43,62,76,83,71,31,58,18" hai2="12,44,36,121,9,113,19,52,82,34,41,11,47" hai3="93,128,111,49,103,122,42,46,89,115,126,21,87"/><T32/><D32/><U123/><E123/><V119/><F121/><W51/><G122/><T92/><D114/><U98/><E31/><V55/><F113/><W13/><G111/><T124/><D134/><U107/><E43/><V38/><F34/><W30/><G115/><T131/><D131/><U14/><E57/><V53/><F119/><W22/><G126/><T118/><D124/><U132/><E132/><V72/><F72/><W29/><G128/><T25/><D118/><U61/><E61/><V105/><F105/><W67/><G67/><T74/><D25/><U20/><E20/><N who="3" m="7786" /><G13/><T90/><D108/><U110/><E110/><V91/><F11/><W70/><G70/><T54/><D15/><U33/><E33/><V129/><F129/><W1/><G1/><T127/><D127/><U27/><E98/><V17/><F17/><W60/><G60/><T80/><D4/><U59/><E107/><V24/><F24/><W100/><G51/><T104/><REACH who="0" step="1"/><D90/><REACH who="0" ten="22,336,363,269" step="2"/><U94/><E5/><V35/><F35/><W102/><AGARI ba="0,1" hai="29,30,42,46,49,87,89,93,100,102,103" m="7786" machi="102" ten="30,7900,0" yaku="8,1,52,3" doraHai="99" who="3" fromWho="3" sc="22,-39,336,-20,363,-20,269,89" owari="-17,-52.0,316,-8.0,343,14.0,358,46.0" /></mjloggm>