<mjloggm ver="2.3"><GO type="169" lobby="0"/><UN n0="%E9%89%84%E8%B2%9E" n1="%E3%82%A6%E3%83%AB%E3%83%88%E3%83%A9%E7%AB%8B%E7%9B%B4" n2="%E6%A0%97%E7%94%B0%E6%81%AD%E5%AE%8F" n3="%E3%81%86%E3%81%83%E3%83%BC%E3%81%A1%E3%82%83%E3%82%93" dan="16,18,16,16" rate="2139.01,2283.07,2074.82,2135.53" sx="M,M,M,M"/><TAIKYOKU oya="0"/><INIT seed="0,0,0,1,3,90" ten="250,250,250,250" oya="0" hai0="2,56,6,59,123,12,132,28,114,62,33,128,70" hai1="18,21,96,109,89,69,92,35,61,86,95,67,111" hai2="85,101,34,119,74,16,78,76,13,8,50,47,102" hai3="51,99,129,52,40,10,32,104,105,77,19,9,117"/><T3/><D114/><U118/><E35/><V11/><F34/><W25/><G117/><T112/><D112/><U71/><E71/><V113/><F113/><W60/><G129/><T29/><D70/><U17/><E118/><V43/><F119/><W68/><G77/><T44/><D123/><U125/><E125/><V116/><F116/><W58/><G99/><T5/><D44/><U134/><E134/><V127/><F127/><W57/><G68/><T45/><D45/><U75/><E75/><V22/><F74/><W80/><G80/><T126/><D126/><U103/><REACH who="1" step="1"/><E21/><REACH who="1" ten="250,240,250,250" step="2"/><V73/><F73/><W1/><G32/><T24/><D132/><U82/><E82/><N who="2" m="47303" /><F78/><W36/><G105/><T110/><D33/><U37/><E37/><V81/><F81/><W27/><G104/><T121/><D121/><U72/><E72/><V26/><F8/><W97/><G9/><T100/><D128/><U83/><E83/><V66/><F66/><W39/><G39/><T7/><D110/><AGARI ba="0,1" hai="17,18,61,67,69,86,89,92,95,96,103,109,110,111" machi="110" ten="40,8000,1" yaku="1,1,14,1,52,2,53,1" doraHai="90" doraHaiUra="98" who="1" fromWho="0" sc="250,-80,240,90,250,0,250,0" /><INIT seed="1,0,0,3,4,71" ten="170,330,250,250" oya="1" hai0="56,65,40,0,109,13,110,55,130,75,124,116,121" hai1="17,10,99,78,135,107,132,8,88,73,86,37,87" hai2="129,82,74,18,119,47,60,31,14,97,24,64,51" hai3="84,105,126,42,77,72,28,48,3,117,41,63,118"/><U115/><E115/><V11/><F119/><N who="3" m="45579" /><G105/><T80/><D116/><U54/><E54/><V43/><F129/><W83/><G3/><T67/><D0/><U131/><E131/><V39/><F97/><W76/><G28/><T35/><D130/><U34/><E34/><V114/><F114/><W93/><G126/><T57/><D35/><U92/><E86/><V52/><F74/><W29/><G29/><T133/><D75/><U59/><E59/><V113/><F113/><W26/><G26/><T103/><D103/><N who="1" m="62975" /><E37/><V6/><F82/><N who="3" m="45319" /><G48/><N who="0" m="30823" /><D80/><N who="1" m="45135" /><E17/><V61/><F18/><W100/><G63/><N who="0" m="38127" /><D13/><U4/><E8/><V95/><F95/><W102/><G93/><T12/><D12/><AGARI ba="0,0" hai="4,10,12,87,88,92,132,135" m="45135,62975" machi="12" ten="30,2900,0" yaku="24,1,54,1" doraHai="71" who="1" fromWho="0" sc="170,-29,330,29,250,0,250,0" /><INIT seed="1,1,0,0,5,53" ten="141,359,250,250" oya="1" hai0="69,91,126,89,18,55,79,70,62,6,115,77,113" hai1="30,83,33,107,60,36,98,108,22,5,86,74,43" hai2="112,41,37,4,51,78,3,133,49,25,21,72,96" hai3="38,73,128,114,84,105,16,67,23,56,124,35,52"/><U32/><E74/><V27/><F133/><W75/><G105/><T130/><D55/><U102/><E108/><V85/><F72/><W48/><G35/><T103/><D130/><U40/><E5/><V24/><F112/><W14/><G38/><T101/><D126/><U26/><E60/><V15/><F3/><W71/><G114/><T76/><D18/><U110/><E110/><V94/><F37/><W45/><G124/><T0/><D62/><U111/><E111/><V119/><F119/><W1/><G1/><T7/><D79/><U104/><E104/><V80/><F41/><W34/><G34/><T47/><D47/><U46/><REACH who="1" step="1"/><E43/><REACH who="1" ten="141,349,250,250" step="2"/><V125/><F125/><W99/><G128/><T87/><D0/><U28/><E28/><V117/><F117/><W61/><G71/><T66/><D66/><U10/><E10/><N who="2" m="4551" /><F21/><W109/><G109/><T92/><D115/><U106/><E106/><V8/><F8/><W127/><G127/><T44/><D113/><U68/><E68/><V19/><F19/><W17/><G75/><T123/><D70/><U39/><E39/><V29/><F29/><W11/><G73/><T31/><D69/><U54/><E54/><V131/><F131/><W20/><G20/><T63/><D31/><U132/><E132/><V42/><F42/><W13/><G17/><T9/><D9/><U50/><E50/><V121/><F121/><W97/><G23/><T118/><D123/><U81/><E81/><V129/><F129/><W64/><G11/><T65/><D118/><U134/><E134/><V122/><F122/><W95/><G16/><RYUUKYOKU ba="1,1" sc="141,-15,349,15,250,15,250,-15" hai1="22,26,30,32,33,36,40,46,83,86,98,102,107" hai2="24,25,27,49,51,78,80,85,94,96" /><INIT seed="1,2,1,2,1,75" ten="126,364,265,235" oya="1" hai0="15,84,2,34,73,129,108,104,28,32,101,60,70" hai1="124,90,116,135,122,103,74,120,11,64,31,89,111" hai2="72,107,25,80,36,52,57,85,76,92,83,132,110" hai3="29,3,100,46,24,119,38,44,59,112,58,47,16"/><U82/><E31/><V97/><F36/><W13/><G112/><T96/><D108/><U54/><E64/><V18/><F132/><W79/><G3/><T55/><D129/><U27/><E27/><V12/><F107/><W94/><G119/><T106/><D73/><U20/><E20/><V6/><F110/><W62/><G38/><T91/><D2/><U95/><E54/><V87/><F6/><W68/><G68/><T51/><D106/><U117/><E11/><V114/><F114/><W21/><G79/><T48/><D15/><U0/><E0/><V5/><F5/><W41/><G41/><T37/><D37/><U17/><E17/><V69/><F69/><W86/><G62/><T93/><D55/><U88/><E111/><V66/><F25/><W4/><G4/><T118/><D34/><U71/><E71/><V33/><F33/><W121/><G121/><N who="1" m="46698" /><E135/><V99/><F66/><W45/><N who="3" m="11264" /><DORA hai="1" /><W43/><G43/><T126/><D118/><N who="1" m="45675" /><E124/><V42/><F42/><W65/><G65/><N who="0" m="41255" /><D126/><U40/><E40/><V127/><F127/><W81/><G13/><T128/><D128/><U77/><E103/><V102/><F12/><W49/><G49/><T8/><D51/><U14/><E14/><V125/><F125/><W105/><G29/><T53/><D28/><U35/><E35/><V9/><F18/><W26/><G26/><T56/><D32/><U130/><E130/><V133/><F133/><W61/><G58/><T98/><D8/><U50/><E50/><N who="2" m="30871" /><F9/><W7/><G7/><T115/><D115/><U30/><E30/><V10/><F10/><RYUUKYOKU ba="2,1" sc="126,15,364,15,265,-15,235,-15" hai0="48,53,56,84,91,93,96,98,101,104" hai1="74,77,82,88,89,90,95" /><INIT seed="1,3,1,3,1,111" ten="141,379,250,220" oya="1" hai0="79,38,131,101,114,81,110,73,118,3,112,60,96" hai1="48,28,127,59,44,29,97,121,56,25,27,50,24" hai2="12,58,76,63,122,84,108,113,31,93,103,92,125" hai3="85,83,10,106,100,57,86,90,68,66,69,13,19"/><U8/><E121/><V74/><F122/><W78/><G106/><N who="0" m="63783" /><D118/><U40/><E127/><V124/><F108/><W33/><G33/><T117/><D110/><U129/><E129/><V22/><F74/><W123/><G100/><T2/><D117/><U62/><E97/><V43/><F43/><W115/><G115/><N who="0" m="44075" /><D131/><U72/><E72/><V37/><F37/><W51/><G123/><T42/><D60/><U4/><E50/><V36/><F36/><W35/><G35/><T75/><D75/><U5/><E59/><V94/><F103/><W53/><G66/><T23/><D23/><U45/><E45/><AGARI ba="3,1" hai="2,3,38,42,45,73,79,81" m="44075,63783" machi="45" ten="30,7700,0" yaku="23,1,52,3" doraHai="111" who="0" fromWho="1" sc="141,96,379,-86,250,0,220,0" /><INIT seed="2,0,0,1,1,61" ten="237,293,250,220" oya="2" hai0="94,25,40,22,41,11,97,69,46,6,19,78,56" hai1="13,133,0,81,34,76,26,54,43,74,119,122,96" hai2="91,51,57,135,109,63,49,124,65,101,129,4,33" hai3="102,67,23,3,5,71,90,27,9,93,120,83,10"/><V37/><F33/><W123/><G102/><T100/><D69/><U73/><E0/><V18/><F37/><W88/><G10/><T128/><D128/><U58/><E119/><V15/><F124/><W28/><G83/><T16/><D78/><U105/><E43/><V125/><F135/><W31/><G31/><T132/><D132/><U53/><E122/><V45/><F125/><W103/><G103/><T130/><D130/><U75/><E133/><V7/><F129/><W114/><G90/><T47/><D56/><U106/><E13/><V92/><F101/><W111/><G111/><T82/><D82/><U14/><E14/><V80/><F109/><W126/><G114/><T72/><D72/><U29/><E96/><N who="2" m="57375" /><F80/><W116/><G116/><T60/><D60/><U87/><REACH who="1" step="1"/><E58/><REACH who="1" ten="237,283,250,220" step="2"/><V85/><F15/><W42/><G42/><T134/><D40/><U110/><E110/><V86/><F57/><W62/><REACH who="3" step="1"/><G126/><REACH who="3" ten="237,283,250,210" step="2"/><T38/><D134/><U89/><E89/><V79/><F79/><W121/><G121/><T8/><D41/><U35/><E35/><V66/><F7/><W84/><AGARI ba="0,2" hai="3,5,9,23,27,28,62,67,71,84,88,93,120,123" machi="84" ten="20,8000,1" yaku="1,1,0,1,7,1,52,1,54,1,53,0" doraHai="61" doraHaiUra="115" who="3" fromWho="3" sc="237,-20,283,-20,250,-40,210,100" /><INIT seed="3,0,0,3,5,90" ten="217,263,210,310" oya="3" hai0="7,47,125,119,64,131,27,42,73,33,68,95,89" hai1="86,121,59,56,109,130,111,88,11,110,66,126,23" hai2="22,132,1,107,104,51,19,10,46,77,16,38,15" hai3="0,133,30,134,65,25,74,21,49,135,24,80,40"/><W94/><G0/><T6/><D119/><U84/><E121/><V101/><F38/><W76/><G65/><T103/><D73/><U112/><E112/><V102/><F132/><W57/><G57/><T115/><D115/><U44/><E130/><V82/><F104/><W83/><G83/><T4/><D131/><U113/><E113/><V85/><F107/><W50/><G40/><T72/><D72/><U128/><E128/><V28/><F28/><W45/><G45/><T71/><D103/><U2/><E126/><V79/><F79/><W63/><G63/><T12/><D125/><U35/><E35/><V52/><F1/><W17/><REACH who="3" step="1"/><G94/><REACH who="3" ten="217,263,210,300" step="2"/><T5/><D64/><U92/><E66/><V120/><F120/><W9/><G9/><T98/><N who="0" m="1024" /><DORA hai="124" /><T99/><D71/><U32/><E11/><V29/><REACH who="2" step="1"/><F29/><REACH who="2" ten="217,263,200,300" step="2"/><W53/><G53/><T55/><D55/><U36/><E2/><V14/><AGARI ba="0,2" hai="10,14,15,16,19,22,46,51,52,77,82,85,101,102" machi="14" ten="20,12000,2" yaku="1,1,2,1,0,1,7,1,8,1,54,2,53,0" doraHai="90,124" doraHaiUra="118,93" who="2" fromWho="2" sc="217,-30,263,-30,200,140,300,-60" /><INIT seed="4,0,0,5,0,38" ten="187,233,340,240" oya="0" hai0="78,122,95,97,109,115,45,63,105,130,124,101,27" hai1="16,46,133,49,42,68,71,81,117,10,69,26,6" hai2="93,134,14,74,96,53,83,98,99,35,75,20,108" hai3="103,127,116,62,92,39,79,106,120,30,37,90,3"/><T18/><D122/><U7/><E117/><V84/><F35/><W32/><G3/><T80/><D115/><U34/><E133/><V87/><F108/><W44/><G116/><T128/><D124/><U24/><E81/><V111/><F111/><W50/><G127/><T36/><D109/><U112/><E112/><V65/><F65/><W114/><G79/><T0/><D63/><U107/><E107/><V126/><F126/><W82/><G82/><T102/><D0/><U2/><E7/><V72/><F53/><W70/><G120/><T77/><D77/><U64/><E64/><V31/><F31/><W57/><G70/><T60/><D60/><U43/><E34/><V19/><F134/><W76/><G76/><T58/><D58/><U41/><REACH who="1" step="1"/><E16/><REACH who="1" ten="187,223,340,240" step="2"/><V21/><F21/><W104/><G114/><T52/><D18/><U129/><E129/><V85/><REACH who="2" step="1"/><F83/><REACH who="2" ten="187,223,330,240" step="2"/><W22/><G32/><T123/><D130/><U125/><E125/><V55/><F55/><AGARI ba="0,2" hai="2,6,10,24,26,41,42,43,46,49,55,68,69,71" machi="55" ten="50,8000,1" yaku="1,1,52,3,53,1" doraHai="38" doraHaiUra="4" who="1" fromWho="2" sc="187,0,223,100,330,-80,240,0" /><INIT seed="5,0,0,4,2,15" ten="187,323,250,240" oya="1" hai0="60,53,128,78,50,109,81,134,104,112,119,4,47" hai1="77,127,1,18,124,48,83,72,42,96,93,40,38" hai2="20,97,73,92,14,55,33,86,133,123,76,106,110" hai3="6,57,120,11,108,43,2,122,118,63,39,117,131"/><U101/><E1/><V103/><F33/><W56/><G108/><T44/><D119/><N who="3" m="45577" /><G131/><T75/><D109/><U0/><E0/><V107/><F123/><N who="3" m="47147" /><G39/><T37/><D128/><U22/><E38/><V135/><F110/><W89/><G43/><T31/><D112/><U8/><E8/><V59/><F73/><W129/><G129/><T67/><D134/><N who="2" m="51210" /><F76/><W68/><G89/><T115/><D115/><U26/><REACH who="1" step="1"/><E48/><REACH who="1" ten="187,313,250,240" step="2"/><V111/><F111/><W24/><G11/><T36/><D37/><U10/><E10/><V126/><F126/><AGARI ba="0,1" hai="18,22,26,40,42,72,77,83,93,96,101,124,126,127" machi="126" ten="40,12000,1" yaku="1,1,18,1,52,1,53,1" doraHai="15" doraHaiUra="105" who="1" fromWho="2" sc="187,0,313,130,250,-120,240,0" /><INIT seed="5,1,0,3,2,70" ten="187,443,130,240" oya="1" hai0="102,124,67,115,7,129,37,95,39,52,40,38,24" hai1="107,28,76,6,63,126,36,116,18,96,27,112,60" hai2="25,92,128,75,74,33,79,80,35,111,123,50,4" hai3="11,2,8,82,17,30,54,100,69,87,125,12,121"/><U134/><E116/><V119/><F111/><W90/><G125/><T42/><D7/><U114/><E6/><V46/><F123/><W104/><G121/><T29/><D124/><U77/><E18/><V84/><F119/><W53/><G69/><T20/><D67/><U48/><E48/><V49/><F128/><W106/><G2/><T3/><D3/><U66/><E126/><V22/><F4/><W78/><G30/><T1/><D1/><U103/><E36/><V59/><F59/><W23/><G106/><T5/><D5/><U97/><E97/><V89/><F75/><W108/><G108/><T55/><D129/><U34/><E63/><V45/><F49/><W83/><G104/><T81/><D115/><N who="1" m="44075" /><E134/><V13/><F13/><W65/><G100/><T120/><D120/><U64/><E64/><V61/><F61/><W51/><G65/><T88/><D81/><U93/><E93/><V44/><REACH who="2" step="1"/><F50/><REACH who="2" ten="187,443,120,240" step="2"/><W21/><G51/><T117/><D117/><U10/><E10/><V73/><F73/><W31/><G8/><T19/><D102/><U58/><AGARI ba="1,1" hai="27,28,34,58,60,66,76,77,96,103,107" m="44075" machi="58" ten="30,1500,0" yaku="15,1" doraHai="70" who="1" fromWho="1" sc="187,-6,443,28,120,-6,240,-6" /><INIT seed="5,2,0,1,3,133" ten="181,471,114,234" oya="1" hai0="103,47,4,33,8,85,73,66,42,114,128,14,34" hai1="19,125,80,0,72,96,50,38,94,30,71,29,46" hai2="124,100,106,95,45,24,52,82,61,5,37,129,135" hai3="115,32,102,104,58,48,35,118,44,98,49,93,2"/><U6/><E71/><V9/><F106/><W28/><G2/><T12/><D73/><U60/><E60/><V134/><F129/><W84/><G118/><T127/><D128/><U16/><E50/><V107/><F107/><W116/><G116/><T86/><D114/><U20/><E94/><V87/><F24/><W23/><G115/><T76/><D103/><U69/><E96/><V59/><F124/><W7/><G7/><T62/><D127/><U36/><E69/><V90/><F37/><W31/><G35/><T21/><D86/><U88/><E88/><V10/><F45/><W13/><G32/><T74/><D74/><U75/><E125/><V22/><F22/><W25/><G28/><T65/><D14/><U109/><E109/><V111/><F111/><W1/><G1/><T67/><D21/><U3/><E20/><V18/><F18/><W92/><G104/><T119/><D119/><U55/><E55/><V121/><F121/><W51/><G58/><T99/><D99/><U108/><E108/><V130/><F130/><W56/><G56/><T77/><D62/><U54/><E54/><V81/><F9/><W53/><G13/><T110/><D77/><U132/><E46/><V131/><F131/><W70/><G70/><T15/><D15/><U41/><E6/><V126/><F126/><W64/><G64/><N who="0" m="16387" /><T101/><DORA hai="39" /><D101/><U11/><E11/><V78/><F100/><W117/><G117/><T97/><D97/><U113/><E113/><V17/><F17/><W105/><G105/><T83/><D110/><U43/><E19/><V27/><F78/><RYUUKYOKU ba="2,0" sc="181,15,471,-15,114,-15,234,15" hai0="4,8,12,33,34,42,47,76,83,85" hai3="23,25,31,44,48,49,51,53,84,92,93,98,102" /><INIT seed="6,3,0,4,1,129" ten="196,456,99,249" oya="2" hai0="103,54,29,86,25,24,55,52,119,18,60,2,111" hai1="66,110,5,99,130,27,69,114,125,85,105,102,50" hai2="42,34,58,7,77,13,48,89,17,113,14,32,118" hai3="79,116,61,9,71,120,46,15,78,123,31,20,80"/><V68/><F68/><W84/><G116/><T41/><D111/><U6/><E110/><V33/><F118/><W76/><G120/><T91/><D119/><U11/><E114/><V43/><F113/><W38/><G123/><T83/><D2/><U108/><E108/><V121/><F121/><W124/><G124/><T36/><D103/><U45/><E130/><V106/><F106/><W122/><G122/><T28/><D60/><U90/><E125/><V26/><F77/><W23/><G38/><T59/><D59/><U47/><E66/><V100/><F100/><W56/><G46/><T93/><D83/><U94/><E69/><V126/><F126/><W97/><G97/><T57/><D57/><U40/><E27/><N who="0" m="10313" /><D41/><U87/><E87/><V22/><F89/><N who="3" m="51335" /><G31/><N who="0" m="11851" /><D36/><U81/><E81/><V62/><F48/><W3/><G3/><T88/><D18/><U107/><E50/><V12/><REACH who="2" step="1"/><F7/><REACH who="2" ten="196,456,89,249" step="2"/><N who="3" m="3519" /><G71/><T92/><D91/><U37/><E90/><V95/><F95/><W65/><AGARI ba="3,1" hai="20,23,56,61,65,76,78,79" m="3519,51335" machi="65" ten="30,1100,0" yaku="8,1" doraHai="129" who="3" fromWho="3" sc="196,-6,456,-6,89,-8,249,30" /><INIT seed="7,0,0,0,0,49" ten="190,450,81,279" oya="3" hai0="130,3,108,109,93,86,107,61,14,124,11,110,132" hai1="122,77,78,119,90,89,114,8,70,71,60,40,83" hai2="101,55,99,59,102,29,100,22,106,35,0,82,18" hai3="116,94,74,118,115,88,117,56,2,87,133,73,51"/><W85/><G2/><T126/><D107/><U91/><E122/><V10/><F82/><W135/><G115/><T72/><D72/><N who="3" m="27753" /><G56/><T112/><D3/><U24/><E114/><V23/><F23/><W6/><G6/><T9/><D112/><U68/><E119/><V34/><F101/><W58/><G58/><T97/><D86/><N who="3" m="32777" /><G51/><T48/><D61/><U62/><E40/><V4/><F102/><W15/><G15/><T12/><D48/><U96/><E83/><V53/><F59/><W13/><G13/><N who="0" m="5227" /><D130/><U5/><E24/><V41/><F41/><W25/><G25/><T50/><D132/><N who="3" m="50761" /><G118/><T76/><D50/><U37/><E62/><V67/><F67/><W134/><N who="3" m="50769" /><W131/><DORA hai="33" /><G131/><T65/><D65/><U69/><E60/><V27/><REACH who="2" step="1"/><F18/><REACH who="2" ten="190,450,71,279" step="2"/><W26/><G26/><T80/><D109/><U46/><E70/><V44/><F44/><W52/><G52/><AGARI ba="0,1" hai="0,4,10,22,27,29,34,35,52,53,55,99,100,106" machi="52" ten="40,12000,2" yaku="1,1,52,4,54,1,53,1" doraHai="49,33" doraHaiUra="57,16" who="2" fromWho="3" sc="190,0,450,0,71,130,279,-120" owari="190,-21.0,450,55.0,201,0.0,159,-34.0" /></mjloggm>