<mjloggm ver="2.3"><GO type="169" lobby="0"/><UN n0="%E3%81%AA%E3%81%A3%E3%81%8D%E3%82%8A" n1="%6D%75%6B%69%74%74%69" n2="%E3%80%93%E4%B9%9D%E6%9D%A1%E3%82%AB%E3%83%AC%E3%83%B3%E3%80%93" n3="%E3%83%88%E3%83%88%E3%83%AA%E5%85%88%E7%94%9F%31%39%E6%AD%B3" dan="17,17,17,18" rate="2147.17,2175.26,2168.39,2272.67" sx="M,M,F,F"/><TAIKYOKU oya="0"/><INIT seed="0,0,0,4,1,16" ten="250,250,250,250" oya="0" hai0="108,94,107,130,14,31,110,6,26,113,121,27,34" hai1="115,86,57,89,80,64,22,72,133,87,68,82,117" hai2="50,65,75,24,93,48,62,91,17,104,7,2,52" hai3="97,132,105,25,122,23,11,119,9,58,46,61,60"/><T55/><D107/><U100/><E68/><V39/><F39/><W109/><G119/><T127/><D113/><U3/><E117/><V95/><F104/><W135/><G109/><N who="0" m="42091" /><D121/><U42/><E3/><V36/><F36/><W118/><G118/><T96/><D127/><U35/><E35/><V76/><F75/><W4/><G122/><T12/><D130/><U0/><E0/><V78/><F7/><W92/><G105/><T45/><D6/><U129/><E129/><V43/><F2/><W66/><G60/><T10/><D10/><U74/><E115/><V53/><F43/><W98/><G46/><T124/><D124/><U13/><E42/><V32/><F32/><W38/><G38/><T77/><D77/><N who="2" m="29802" /><F65/><W101/><G97/><T125/><D125/><U70/><E70/><V128/><F128/><W116/><G116/><T99/><D99/><U40/><E40/><V41/><F41/><W88/><G101/><N who="0" m="60567" /><D27/><U84/><E133/><N who="3" m="51274" /><G4/><T123/><D123/><U15/><E100/><V37/><F37/><W79/><G79/><T29/><D29/><AGARI ba="0,0" hai="9,11,23,25,29,58,61,66,88,92,98" m="51274" machi="29" ten="30,3900,0" yaku="20,1,52,1,54,1" doraHai="16" who="3" fromWho="0" sc="250,-39,250,0,250,0,250,39" /><INIT seed="1,0,0,3,2,86" ten="211,250,250,289" oya="1" hai0="45,106,17,95,130,36,119,30,13,78,124,127,10" hai1="107,99,37,3,108,134,27,1,23,49,2,19,54" hai2="32,115,76,111,105,65,112,94,14,15,85,96,91" hai3="103,70,21,29,125,132,58,63,79,116,88,89,118"/><U82/><E134/><V109/><F32/><W25/><G70/><T11/><D106/><U87/><E37/><V52/><F65/><W47/><G132/><T66/><D119/><N who="3" m="45609" /><G125/><T123/><D123/><U90/><E108/><N who="2" m="41547" /><F52/><N who="3" m="34247" /><G79/><T51/><D36/><U61/><E61/><V9/><F15/><W67/><G67/><T122/><D122/><U83/><E107/><V26/><F26/><W68/><G68/><T93/><D66/><U0/><N who="1" m="512" /><DORA hai="33" /><U60/><E60/><V92/><F105/><W48/><G103/><T7/><D30/><U4/><E4/><N who="2" m="3367" /><F76/><W43/><AGARI ba="0,0" hai="21,25,29,43,47,48,88,89" m="34247,45609" machi="43" ten="30,8000,1" yaku="12,1,52,2,54,2" doraHai="86,33" who="3" fromWho="3" sc="211,-20,250,-40,250,-20,289,80" /><INIT seed="2,0,0,0,5,92" ten="191,210,230,369" oya="2" hai0="51,89,88,126,56,48,64,20,105,76,61,47,112" hai1="62,29,63,54,114,123,116,3,102,33,31,107,37" hai2="79,129,8,94,34,41,44,35,133,83,13,99,53" hai3="68,52,25,50,42,85,18,97,72,38,15,36,9"/><V69/><F69/><W23/><G72/><T122/><D122/><U82/><E116/><V77/><F133/><W118/><G118/><T109/><D112/><U106/><E114/><V14/><F129/><W46/><G68/><T17/><D109/><U27/><E3/><V30/><F53/><W128/><G128/><T125/><D76/><U134/><E37/><V6/><F14/><W87/><G38/><T110/><D110/><U24/><E134/><V121/><F121/><W40/><G97/><T67/><D67/><U26/><E123/><V78/><F83/><W2/><G2/><T127/><D105/><U55/><E82/><V95/><F95/><W86/><REACH who="3" step="1"/><G36/><REACH who="3" ten="191,210,230,359" step="2"/><T108/><D108/><U75/><E75/><V1/><F1/><W16/><AGARI ba="0,1" hai="9,15,16,18,23,25,40,42,46,50,52,85,86,87" machi="16" ten="30,12000,2" yaku="1,1,2,1,0,1,8,1,54,2,53,0" doraHai="92" doraHaiUra="131" who="3" fromWho="3" sc="191,-30,210,-30,230,-60,359,130" /><INIT seed="3,0,0,4,0,117" ten="161,180,170,489" oya="3" hai0="38,0,28,6,60,12,39,85,4,93,27,72,44" hai1="113,52,124,47,31,41,74,109,56,94,125,114,86" hai2="100,108,50,107,11,101,55,87,122,32,5,70,68" hai3="90,36,14,91,129,45,46,73,119,26,7,66,99"/><W106/><G119/><T58/><D72/><U78/><E74/><V121/><F32/><W59/><G73/><T8/><D0/><U16/><E31/><V75/><F75/><W102/><G129/><T29/><D6/><U42/><E109/><V80/><F108/><W82/><G82/><T110/><D110/><U49/><E16/><V1/><F70/><W22/><G66/><T48/><D39/><N who="1" m="21951" /><E78/><V34/><F68/><W15/><G59/><T21/><D38/><U79/><E79/><V62/><F62/><W133/><G133/><T19/><D93/><U69/><E86/><V63/><F63/><W131/><G131/><T67/><REACH who="0" step="1"/><D85/><REACH who="0" ten="151,180,170,489" step="2"/><U10/><E94/><V96/><F101/><W35/><G36/><T57/><D57/><U116/><E116/><V118/><F118/><W25/><G7/><T105/><D105/><U61/><E10/><V81/><F34/><W95/><G106/><T89/><D89/><N who="3" m="33801" /><G35/><T88/><D88/><U76/><E76/><V53/><F87/><W123/><G22/><T64/><D64/><N who="1" m="41103" /><E42/><AGARI ba="0,1" hai="4,8,12,19,21,27,28,29,42,44,48,58,60,67" machi="42" ten="30,3900,0" yaku="1,1,7,1,8,1,53,0" doraHai="117" doraHaiUra="71" who="0" fromWho="1" sc="151,49,180,-39,170,0,489,0" /><INIT seed="4,0,0,2,2,41" ten="200,141,170,489" oya="0" hai0="13,14,70,43,118,8,0,62,85,56,125,42,20" hai1="3,128,134,11,73,66,12,45,58,35,9,109,114" hai2="16,40,105,112,21,52,119,100,124,46,107,72,28" hai3="54,98,19,57,95,91,7,102,4,23,111,61,27"/><T90/><D118/><U121/><E73/><V131/><F119/><W44/><G111/><T113/><D113/><U67/><E109/><V110/><F110/><W132/><G132/><T94/><D70/><U79/><E121/><V83/><F112/><W33/><G33/><T15/><D125/><U130/><E114/><V55/><F28/><W5/><G44/><T29/><D0/><U84/><E35/><V77/><F131/><N who="1" m="50217" /><E134/><V106/><F100/><AGARI ba="0,0" hai="4,5,7,19,23,27,54,57,61,91,95,98,100,102" machi="100" ten="40,5200,0" yaku="25,2,8,1" doraHai="41" who="3" fromWho="2" sc="200,0,141,0,170,-52,489,52" /><INIT seed="5,0,0,1,5,15" ten="200,141,118,541" oya="1" hai0="73,82,19,54,135,44,55,30,46,50,119,13,39" hai1="71,16,42,22,93,126,3,86,75,20,76,57,7" hai2="117,132,107,80,118,131,59,68,12,49,129,103,121" hai3="45,127,35,74,89,17,98,85,134,99,6,43,97"/><U5/><E71/><V33/><F68/><W77/><G35/><T29/><D119/><U18/><E75/><V106/><F33/><W40/><G134/><T0/><D0/><U64/><E3/><V51/><F121/><W1/><G127/><T27/><D135/><U8/><E126/><V79/><F132/><W104/><G104/><N who="2" m="39977" /><F103/><W125/><G125/><T128/><D128/><N who="2" m="49226" /><F12/><W52/><G6/><N who="1" m="2058" /><E8/><V61/><F117/><W124/><G77/><T72/><D82/><N who="1" m="47431" /><E42/><N who="3" m="15914" /><G74/><T21/><D39/><U109/><E109/><V130/><N who="2" m="49234" /><V133/><DORA hai="92" /><F133/><W87/><G1/><T110/><D110/><U90/><E64/><N who="2" m="38975" /><F118/><W28/><G28/><T70/><D70/><U11/><E57/><V95/><F95/><W41/><G41/><T81/><D81/><U53/><E53/><V31/><F31/><W37/><G37/><T83/><D83/><U24/><E11/><V115/><F115/><W111/><G111/><T9/><D30/><N who="1" m="17671" /><E22/><V116/><F116/><W58/><G124/><T84/><D72/><AGARI ba="0,0" hai="49,51,72,79,80" m="38975,49234,39977" machi="72" ten="40,1300,0" yaku="19,1" doraHai="15,92" who="2" fromWho="0" sc="200,-13,141,0,118,13,541,0" /><INIT seed="6,0,0,1,3,59" ten="187,141,131,541" oya="2" hai0="42,66,101,26,64,80,22,4,60,57,123,71,110" hai1="112,9,49,15,65,128,47,39,133,108,93,88,107" hai2="0,106,111,45,124,51,119,85,135,83,30,116,32" hai3="61,41,74,130,19,97,25,34,115,102,129,121,82"/><V5/><F106/><N who="3" m="63823" /><G121/><T122/><D110/><U1/><E108/><V84/><F111/><W87/><G41/><T23/><D101/><U43/><E107/><V75/><F75/><W31/><G115/><T50/><D4/><U17/><E112/><V52/><F124/><W38/><G19/><T72/><D23/><U105/><E105/><V86/><F135/><W33/><G38/><T7/><D7/><U92/><E133/><V48/><F83/><W46/><G46/><T18/><D42/><U24/><E128/><N who="3" m="49258" /><G61/><T56/><D71/><U117/><E117/><V35/><F51/><W70/><G70/><T120/><D50/><U91/><E1/><V118/><REACH who="2" step="1"/><F30/><REACH who="2" ten="187,141,121,541" step="2"/><W125/><G125/><T131/><D131/><U104/><E39/><V12/><F12/><W55/><G74/><T132/><D132/><U67/><E24/><V90/><F90/><N who="1" m="34345" /><E104/><V13/><F13/><W99/><G31/><T40/><D72/><U96/><E92/><V79/><F79/><W114/><G25/><T103/><D103/><AGARI ba="0,1" hai="9,15,17,43,47,49,65,67,93,96,103" m="34345" machi="103" ten="30,2000,0" yaku="8,1,54,1" doraHai="59" who="1" fromWho="0" sc="187,-20,141,30,121,0,541,0" /><INIT seed="7,0,0,2,2,32" ten="167,171,121,541" oya="3" hai0="64,128,43,17,79,54,40,107,129,109,71,23,91" hai1="90,57,51,56,84,123,68,70,80,127,110,38,86" hai2="85,115,106,125,99,66,116,67,11,72,25,7,42" hai3="24,131,132,2,63,34,8,60,16,89,133,10,55"/><W59/><G131/><N who="0" m="50251" /><D109/><U88/><E110/><V102/><F115/><W93/><G60/><N who="0" m="40327" /><D107/><U39/><E123/><V36/><F72/><W9/><G2/><T31/><D31/><U92/><E127/><V58/><F116/><W112/><G112/><T77/><D54/><U98/><E98/><V26/><F125/><W122/><G122/><T74/><D91/><U120/><E120/><V5/><F85/><W73/><G73/><T114/><D114/><U97/><E97/><V4/><F11/><W13/><G34/><T47/><D74/><U105/><E105/><V108/><F108/><W95/><G24/><N who="0" m="14447" /><D40/><U46/><E70/><V69/><F69/><W75/><G75/><T37/><AGARI ba="0,0" hai="37,43,47,77,79" m="14447,40327,50251" machi="37" ten="30,1100,0" yaku="19,1" doraHai="32" who="0" fromWho="0" sc="167,11,171,-3,121,-3,541,-5" owari="178,-2.0,168,-23.0,118,-38.0,536,63.0" /></mjloggm>