<mjloggm ver="2.3"><GO type="169" lobby="0"/><UN n0="%40%75" n1="%E3%81%BB%E3%81%97%E3%81%AE%E3%81%99%E3%81%9A%E3%81%BF" n2="%E5%B0%B1%E6%B4%BB%E7%94%9F%40%E5%B7%9D%E6%9D%91%E8%BB%8D%E5%9B%A3" n3="%E5%A4%A9%E9%81%8B%E3%81%AE%E3%81%97%E3%82%83%E3%81%91" dan="16,17,18,16" rate="2126.35,2176.20,2277.42,2037.09" sx="F,F,M,M"/><TAIKYOKU oya="0"/><INIT seed="0,0,0,0,1,60" ten="250,250,250,250" oya="0" hai0="45,40,21,87,130,114,120,132,51,69,9,43,86" hai1="6,25,55,32,26,22,81,23,89,19,98,33,108" hai2="63,20,16,116,42,84,59,107,13,2,96,126,103" hai3="110,29,73,79,64,105,30,39,131,66,129,109,27"/><T52/><D114/><U104/><E108/><N who="3" m="41578" /><G105/><T4/><D130/><N who="3" m="49673" /><G39/><T57/><D132/><U67/><E6/><V10/><F126/><W111/><G30/><T68/><D120/><U125/><E125/><V46/><F116/><W24/><G24/><T53/><D21/><U5/><E5/><V37/><F84/><W80/><G111/><T72/><D72/><U65/><E104/><V12/><F2/><W93/><G93/><T35/><D35/><AGARI ba="0,0" hai="27,29,35,64,66,73,79,80" m="49673,41578" machi="35" ten="30,7700,0" yaku="14,1,19,1,52,2" doraHai="60" who="3" fromWho="0" sc="250,-77,250,0,250,0,250,77" /><INIT seed="1,0,0,5,0,96" ten="173,250,250,327" oya="1" hai0="18,114,135,35,107,8,32,25,0,27,51,4,71" hai1="23,20,80,39,41,36,75,38,130,112,90,53,127" hai2="7,15,72,91,45,37,134,44,113,33,69,1,116" hai3="67,70,52,59,48,34,66,132,13,21,122,16,29"/><U17/><E112/><V49/><F72/><W81/><G122/><T119/><D71/><U6/><E6/><V47/><F69/><W124/><G124/><T14/><D51/><U125/><E130/><V117/><F1/><W11/><G132/><T84/><D84/><U97/><E53/><V133/><F33/><N who="0" m="12874" /><D107/><U76/><E41/><N who="2" m="22575" /><F91/><W62/><G67/><T42/><D42/><U68/><E68/><V26/><F26/><N who="0" m="9738" /><D114/><U31/><E31/><V46/><F15/><W19/><G34/><T104/><D104/><U111/><E111/><V131/><F7/><W82/><G29/><T83/><D83/><U79/><E79/><V56/><F131/><W115/><G115/><T55/><D55/><U128/><E128/><V123/><F123/><W94/><G94/><T93/><D93/><U61/><E61/><V22/><F22/><W121/><G121/><T24/><D135/><N who="2" m="51722" /><F113/><W100/><G81/><T109/><D119/><N who="2" m="45642" /><F56/><N who="3" m="32775" /><G82/><T87/><D87/><U60/><E80/><V5/><F5/><W65/><G70/><T105/><D105/><U98/><E76/><V73/><F73/><W89/><G89/><T40/><D40/><AGARI ba="0,0" hai="40,45,46,47,49" m="45642,51722,22575" machi="40" ten="30,3900,0" yaku="20,1,34,2" doraHai="96" who="2" fromWho="0" sc="173,-39,250,0,250,39,327,0" /><INIT seed="2,0,0,5,4,125" ten="134,250,289,327" oya="2" hai0="59,130,55,71,80,93,40,10,57,39,0,88,22" hai1="35,84,101,49,69,120,21,7,26,61,25,129,9" hai2="89,30,124,81,50,122,96,70,97,107,34,86,119" hai3="33,52,109,14,18,100,110,65,29,99,6,17,13"/><V115/><F124/><W43/><G43/><T38/><D71/><U128/><E35/><V31/><F119/><W77/><G65/><T133/><D133/><U108/><E108/><N who="3" m="41578" /><G77/><T135/><D135/><U78/><E101/><V54/><F70/><W64/><G64/><T58/><D80/><N who="1" m="47127" /><E49/><V27/><F115/><W117/><G117/><T48/><D22/><U63/><E69/><V92/><F122/><W126/><G126/><T66/><D10/><U60/><E21/><V79/><F31/><W56/><G29/><T44/><D0/><N who="1" m="231" /><E120/><V106/><REACH who="2" step="1"/><F96/><REACH who="2" ten="134,250,279,327" step="2"/><W75/><G33/><T112/><D112/><U51/><E51/><V123/><F123/><W131/><G6/><T104/><D104/><U12/><E12/><V114/><F114/><W83/><G13/><T32/><D32/><U36/><E36/><V53/><F53/><W62/><G14/><T24/><D24/><U94/><E94/><V68/><F68/><W11/><G99/><T105/><D105/><U132/><E132/><V19/><F19/><W46/><G17/><T5/><D5/><U127/><E127/><V20/><F20/><W102/><G18/><T90/><D93/><U118/><E118/><V16/><F16/><W87/><G52/><N who="0" m="31879" /><D39/><U121/><E121/><V28/><F28/><W45/><G11/><T67/><D55/><U37/><E37/><V23/><F23/><W3/><G62/><N who="0" m="38231" /><D130/><AGARI ba="0,1" hai="25,26,60,61,63,128,129,130" m="231,47127" machi="130" ten="30,7700,0" yaku="19,1,52,3" doraHai="125" who="1" fromWho="0" sc="134,-77,250,87,279,0,327,0" /><INIT seed="3,0,0,3,1,16" ten="57,337,279,327" oya="3" hai0="98,15,130,129,1,17,9,43,7,105,123,113,75" hai1="87,102,38,19,58,66,50,56,62,99,8,24,135" hai2="21,33,30,6,23,112,69,108,3,10,92,73,67" hai3="28,80,27,41,4,77,72,116,134,14,22,61,96"/><W12/><G116/><T65/><D75/><U133/><E38/><V74/><F112/><W78/><G134/><N who="1" m="51210" /><E87/><V63/><F108/><W34/><G77/><T64/><D43/><U126/><E126/><V124/><F124/><W36/><G61/><T104/><D123/><U79/><E79/><V86/><F33/><W128/><G128/><N who="0" m="49259" /><D113/><U76/><E76/><V29/><F74/><W106/><G34/><T44/><D44/><U114/><E114/><V49/><F73/><W83/><G83/><T39/><D39/><U111/><E111/><V90/><REACH who="2" step="1"/><F49/><REACH who="2" ten="57,337,269,327" step="2"/><W107/><G36/><T109/><D109/><U25/><E50/><V89/><F89/><W31/><G72/><T55/><D55/><U42/><E42/><V119/><F119/><W82/><G41/><T110/><D110/><U97/><E102/><V47/><F47/><W120/><G120/><T81/><D81/><U125/><E125/><V53/><F53/><W85/><G80/><T59/><D59/><U13/><E56/><V60/><F60/><W115/><G115/><T54/><D54/><U18/><E58/><V70/><F70/><W84/><G82/><T57/><D57/><U45/><E45/><V2/><F2/><W132/><G78/><T131/><N who="0" m="49267" /><T52/><DORA hai="127" /><D52/><U121/><E121/><V20/><AGARI ba="0,1" hai="3,6,10,20,21,23,29,30,63,67,69,86,90,92" machi="20" ten="30,8000,1" yaku="1,1,0,1,52,3,53,0" doraHai="16,127" doraHaiUra="51,118" who="2" fromWho="2" sc="57,-20,337,-20,269,90,327,-40" /><INIT seed="4,0,0,0,3,120" ten="37,317,359,287" oya="0" hai0="80,112,4,29,24,85,124,45,98,60,50,54,87" hai1="42,47,94,84,71,106,53,7,105,35,134,56,49" hai2="72,131,64,92,31,67,37,109,116,48,113,121,132" hai3="81,51,79,13,122,135,22,88,57,114,20,123,103"/><T75/><D112/><U119/><E119/><V11/><F37/><W126/><G114/><T125/><D4/><U30/><E71/><V61/><F72/><W52/><G126/><T21/><D98/><U99/><E84/><V0/><F31/><W101/><G135/><T82/><D75/><U25/><E7/><V76/><F76/><W17/><G79/><T6/><D6/><U74/><E74/><V97/><F11/><W12/><G122/><T91/><REACH who="0" step="1"/><D60/><REACH who="0" ten="27,317,359,287" step="2"/><U58/><E134/><V8/><F61/><W130/><G123/><T14/><D14/><U95/><E99/><V133/><F97/><W78/><G130/><T46/><D46/><U44/><E44/><V10/><F0/><W41/><G13/><T18/><D18/><U66/><E47/><V3/><F3/><W33/><G101/><T129/><D129/><U40/><E106/><V9/><F113/><W111/><G103/><T2/><D2/><U117/><E105/><V32/><F131/><W83/><G12/><T16/><D16/><U34/><E30/><V89/><F121/><W96/><G17/><T23/><D23/><U5/><E34/><V90/><F32/><W107/><G33/><T27/><D27/><U70/><E35/><V93/><F9/><W104/><G104/><T118/><D118/><U108/><E25/><V28/><F116/><W63/><G107/><T86/><D86/><U100/><E117/><V43/><F28/><W19/><G19/><T55/><D55/><U38/><E53/><V65/><F10/><W115/><G20/><T68/><D68/><U102/><E70/><RYUUKYOKU ba="0,1" sc="27,30,317,-10,359,-10,287,-10" hai0="21,24,29,45,50,54,80,82,85,87,91,124,125" /><INIT seed="4,1,1,2,4,80" ten="57,307,349,277" oya="0" hai0="49,23,34,32,79,129,121,120,42,135,17,117,85" hai1="82,14,1,110,30,58,36,76,94,104,57,73,3" hai2="118,124,127,20,26,46,47,91,28,78,122,131,101" hai3="106,92,40,21,67,37,112,22,130,31,59,29,62"/><T119/><D42/><U87/><E110/><V35/><F122/><N who="0" m="47210" /><D49/><U52/><E36/><V134/><F134/><W96/><G106/><T116/><D79/><U4/><E30/><V53/><F131/><W132/><G130/><T83/><D129/><U50/><E104/><V70/><F35/><N who="0" m="13354" /><D83/><U98/><E73/><V88/><F70/><W109/><G132/><T9/><D135/><U89/><E57/><V7/><F7/><W12/><G109/><T75/><D75/><U60/><E60/><V19/><F28/><N who="3" m="10827" /><G40/><T123/><N who="0" m="47218" /><T107/><DORA hai="115" /><D107/><U6/><REACH who="1" step="1"/><E14/><REACH who="1" ten="57,297,349,277" step="2"/><V84/><F47/><W108/><G37/><T93/><D85/><U8/><E8/><V105/><F46/><W126/><G108/><T0/><D93/><U86/><E86/><V65/><F84/><W5/><G112/><T64/><D64/><U39/><E39/><V100/><F65/><W128/><G128/><T103/><D103/><U81/><E81/><V56/><F105/><W27/><G92/><T16/><D23/><U125/><E125/><V71/><F101/><W24/><G126/><T41/><D41/><U54/><E54/><V51/><F100/><W15/><G96/><T48/><D48/><U13/><E13/><V25/><F53/><W2/><G15/><T44/><D44/><U18/><E18/><N who="0" m="7273" /><D0/><AGARI ba="1,2" hai="0,1,3,4,6,50,52,58,76,82,87,89,94,98" machi="0" ten="40,5200,0" yaku="1,1,52,1,54,1,53,0" doraHai="80,115" doraHaiUra="69,63" who="1" fromWho="0" sc="57,-55,297,75,349,0,277,0" /><INIT seed="5,0,0,1,0,74" ten="2,372,349,277" oya="1" hai0="3,82,95,23,1,43,58,94,88,133,111,134,44" hai1="67,51,10,100,114,90,128,66,14,109,38,29,124" hai2="125,131,53,41,15,104,22,117,49,28,129,17,102" hai3="106,47,0,135,116,132,52,25,68,60,5,63,79"/><U45/><E38/><V112/><F117/><W87/><G106/><T130/><D130/><N who="2" m="49674" /><F125/><W37/><G116/><T57/><D57/><U70/><E124/><V78/><F112/><W61/><G37/><T54/><D54/><U123/><E123/><V27/><F41/><W92/><G25/><T76/><D76/><U121/><E121/><V122/><F122/><W9/><G68/><T40/><D40/><U13/><E114/><V21/><F102/><W33/><G33/><T59/><D59/><U107/><E128/><V89/><F89/><W115/><G115/><T120/><D120/><U12/><E109/><V64/><F64/><W35/><G35/><T72/><D72/><U69/><E29/><V26/><F104/><W7/><G7/><T80/><D80/><U97/><E90/><V30/><F49/><W93/><G47/><T98/><D98/><U65/><REACH who="1" step="1"/><E10/><REACH who="1" ten="2,362,349,277" step="2"/><N who="2" m="6391" /><F53/><AGARI ba="0,1" hai="12,13,14,45,51,53,65,66,67,69,70,97,100,107" machi="53" ten="40,2000,0" yaku="1,1,53,0" doraHai="74" doraHaiUra="127" who="1" fromWho="2" sc="2,0,362,30,349,-20,277,0" /><INIT seed="5,1,0,4,0,95" ten="2,392,329,277" oya="1" hai0="119,6,34,28,22,123,41,105,80,125,23,127,51" hai1="10,70,87,121,134,93,96,65,20,115,102,107,90" hai2="126,67,130,31,13,26,94,73,11,47,89,124,97" hai3="29,77,135,111,113,37,75,133,82,30,55,83,24"/><U72/><E121/><V39/><F73/><W92/><G111/><T1/><D1/><U5/><E115/><V16/><F67/><W118/><G118/><T38/><D38/><U12/><E134/><V110/><F110/><W131/><G37/><T129/><D129/><U4/><E20/><V64/><F64/><W62/><G131/><T85/><D85/><U57/><E70/><V84/><F130/><W49/><G113/><T88/><D88/><U3/><E72/><V91/><F47/><W50/><G83/><T7/><D7/><U122/><E122/><V18/><F18/><W60/><G50/><T21/><D21/><U36/><E36/><V76/><F76/><W19/><G19/><T32/><D32/><U81/><E107/><V71/><F71/><W112/><G112/><T74/><D74/><U114/><E114/><V8/><F8/><W128/><G128/><T86/><D86/><U17/><E3/><V56/><F56/><W35/><G30/><T98/><D98/><U58/><E58/><V120/><F120/><W101/><G101/><T54/><D54/><U40/><E40/><V61/><F61/><AGARI ba="1,0" hai="4,5,10,12,17,57,61,65,81,87,90,93,96,102" machi="61" ten="40,3900,0" yaku="8,1,52,1" doraHai="95" who="1" fromWho="2" sc="2,0,392,42,329,-42,277,0" /><INIT seed="5,2,0,2,1,83" ten="2,434,287,277" oya="1" hai0="52,109,4,31,131,134,15,71,19,44,29,17,97" hai1="38,116,14,24,130,69,28,30,18,96,104,67,95" hai2="33,133,73,76,79,63,122,46,118,110,127,106,62" hai3="43,35,56,65,23,98,78,36,48,26,114,40,90"/><U27/><E116/><V86/><F73/><W128/><G35/><T32/><D32/><U10/><E38/><V125/><F33/><W72/><G36/><T16/><D16/><U2/><E104/><V61/><F106/><W126/><G126/><N who="2" m="48137" /><F110/><W64/><G128/><T81/><D81/><U111/><E111/><V115/><F122/><W88/><G114/><T123/><D123/><U117/><E117/><V34/><F34/><W102/><G78/><T85/><D85/><U89/><E130/><V22/><F133/><W103/><G72/><T60/><D60/><U39/><E39/><V70/><F70/><W54/><G102/><T94/><D94/><U101/><E2/><V129/><F129/><W7/><G7/><T45/><D45/><U57/><E69/><V50/><F115/><W132/><G103/><T20/><D20/><U135/><E135/><V87/><F22/><W75/><G75/><T74/><D74/><U92/><E30/><V108/><F108/><W13/><G13/><T82/><D82/><U25/><E28/><V112/><F112/><W51/><G132/><T119/><D119/><U12/><E12/><V5/><F5/><W107/><G107/><T66/><D66/><N who="3" m="25705" /><G98/><T49/><D49/><U47/><E67/><V0/><F0/><W93/><G48/><T55/><D55/><U124/><E124/><V42/><F118/><W53/><G53/><T113/><D113/><U121/><E96/><V80/><F80/><W105/><G105/><T9/><D9/><U41/><E10/><V59/><F59/><W6/><G6/><T37/><D37/><RYUUKYOKU ba="2,0" sc="2,-10,434,-10,287,30,277,-10" hai2="42,46,50,61,62,63,76,79,86,87" owari="-8,-51.0,424,52.0,317,12.0,267,-13.0" /></mjloggm>