<mjloggm ver="2.3"><GO type="169" lobby="0"/><UN n0="%E3%83%88%E3%83%88%E3%83%AA%E5%85%88%E7%94%9F%31%39%E6%AD%B3" n1="%E3%82%86%E3%81%A3%E3%81%8F%E3%82%8A%E5%A6%96%E5%A4%A2" n2="%E6%99%82%E3%82%92%E5%88%BB%E3%82%80%E5%94%84" n3="%E3%81%82%E3%81%9A%E3%82%8C%EF%BC%A0%E7%BE%BD%E7%94%9F%E3%82%AA%E3%82%BF" dan="19,16,17,17" rate="2325.35,2166.45,2154.72,2177.99" sx="F,M,F,M"/><TAIKYOKU oya="0"/><INIT seed="0,0,0,4,2,66" ten="250,250,250,250" oya="0" hai0="118,125,98,91,120,57,130,106,114,38,83,62,70" hai1="117,59,104,110,4,135,103,94,39,8,87,75,54" hai2="6,33,47,123,42,100,16,89,31,19,88,108,80" hai3="46,14,74,9,25,18,86,15,22,7,3,93,81"/><T21/><D114/><U5/><E110/><V96/><F123/><W102/><G74/><T72/><D120/><U95/><E75/><V40/><F108/><W76/><G102/><N who="0" m="62807" /><D57/><U65/><E39/><V116/><F116/><W109/><G109/><T121/><D21/><U58/><E117/><V113/><F113/><W20/><G93/><T27/><D121/><U84/><E135/><V11/><F31/><W69/><G69/><T78/><D27/><U23/><E104/><V26/><F33/><W79/><G79/><T71/><D118/><U56/><E65/><V107/><F42/><W41/><G22/><T32/><D62/><U85/><E23/><V105/><F105/><W92/><G92/><N who="1" m="35370" /><E103/><V129/><F26/><W37/><AGARI ba="0,0" hai="3,7,9,14,15,18,20,25,37,41,46,76,81,86" machi="37" ten="20,1500,0" yaku="0,1,7,1" doraHai="66" who="3" fromWho="3" sc="250,-7,250,-4,250,-4,250,15" /><INIT seed="1,0,0,1,0,51" ten="243,246,246,265" oya="1" hai0="121,9,52,32,96,55,130,87,114,47,99,119,83" hai1="26,134,23,70,107,54,98,46,108,112,90,102,63" hai2="133,110,30,1,65,21,48,120,56,73,67,3,103" hai3="64,104,42,117,94,6,128,41,126,45,127,80,50"/><U25/><E112/><V7/><F73/><W59/><G104/><T61/><D114/><U2/><E2/><V101/><F120/><W95/><G117/><T15/><D119/><U84/><E134/><V123/><F123/><W79/><G128/><T82/><D32/><U4/><E4/><V115/><F115/><W76/><G6/><N who="0" m="3511" /><D130/><U53/><E108/><V132/><F110/><W31/><G31/><T116/><D116/><U85/><E46/><V49/><F7/><W69/><G69/><T106/><D106/><U91/><E70/><V81/><F81/><N who="0" m="30730" /><D87/><U113/><E113/><V88/><F30/><W19/><G19/><T131/><D131/><U57/><E54/><N who="0" m="20521" /><D121/><U5/><E5/><V18/><F18/><W93/><G79/><T20/><D61/><U129/><E129/><V10/><F132/><W60/><REACH who="3" step="1"/><G41/><REACH who="3" ten="243,246,246,255" step="2"/><T77/><D77/><U86/><E107/><V89/><F133/><W135/><G135/><T28/><D47/><U13/><E86/><AGARI ba="0,1" hai="42,45,50,59,60,64,76,80,86,93,94,95,126,127" machi="86" ten="40,1300,0" yaku="1,1,53,0" doraHai="51" doraHaiUra="122" who="3" fromWho="1" sc="243,0,246,-13,246,0,255,23" /><INIT seed="2,0,0,1,3,52" ten="243,233,246,278" oya="2" hai0="24,60,88,27,105,85,45,66,32,53,73,79,112" hai1="104,69,90,123,94,42,7,115,36,12,18,17,43" hai2="15,30,76,80,9,29,1,64,21,55,91,71,101" hai3="106,77,20,84,26,124,58,23,48,119,113,54,49"/><V68/><F1/><W2/><G2/><T0/><D112/><U11/><E115/><V99/><F91/><W92/><G106/><T28/><D0/><U41/><E104/><V100/><F55/><W39/><G39/><T56/><D105/><U131/><E36/><V62/><F68/><W13/><G119/><T103/><D103/><U135/><E69/><V38/><F38/><W47/><G113/><T116/><D116/><U16/><E135/><V125/><F125/><W31/><G124/><T108/><D108/><U51/><E131/><V129/><F129/><W34/><G13/><T97/><D97/><U46/><REACH who="1" step="1"/><E123/><REACH who="1" ten="243,223,246,278" step="2"/><V44/><F71/><W57/><G34/><T82/><D27/><U133/><E133/><V19/><F100/><W3/><G3/><T35/><D35/><U70/><E70/><V78/><F101/><W130/><G130/><T5/><D5/><U111/><E111/><V74/><F74/><W89/><G77/><T22/><D32/><U93/><E93/><V65/><F78/><W127/><G127/><T4/><D4/><U122/><E122/><V14/><F76/><W126/><G126/><T87/><D73/><U109/><E109/><V67/><F15/><W59/><G20/><T61/><D79/><U120/><E120/><V98/><F21/><W63/><REACH who="3" step="1"/><G49/><REACH who="3" ten="243,223,246,268" step="2"/><T10/><D22/><U95/><E95/><V25/><F14/><W117/><G117/><T50/><D50/><U96/><AGARI ba="0,2" hai="7,11,12,16,17,18,41,42,43,46,51,90,94,96" machi="96" ten="30,7900,0" yaku="1,1,0,1,8,1,54,1,53,0" doraHai="52" doraHaiUra="75" who="1" fromWho="1" sc="243,-20,223,99,246,-39,268,-20" /><INIT seed="3,0,0,0,4,94" ten="223,322,207,248" oya="3" hai0="117,129,77,62,109,33,23,88,66,65,122,95,50" hai1="99,14,61,22,68,55,38,52,115,103,89,11,105" hai2="104,34,114,41,128,123,60,32,74,97,46,10,69" hai3="63,48,120,43,70,3,6,92,108,40,73,127,25"/><W26/><G73/><T80/><D117/><U59/><E115/><V36/><F114/><W87/><G120/><T44/><D122/><U98/><E38/><V20/><F20/><W1/><G108/><T130/><D33/><U24/><E68/><V72/><F10/><W16/><G127/><T121/><D121/><U132/><E132/><V8/><F8/><W83/><G92/><T53/><D109/><U58/><E89/><V85/><F85/><W37/><G37/><T111/><D111/><U13/><E11/><V30/><F128/><N who="0" m="49258" /><D62/><U91/><E91/><V12/><F12/><W5/><G3/><T126/><D23/><U90/><E90/><V18/><F18/><W93/><G93/><T106/><D106/><U35/><E35/><N who="2" m="13355" /><F30/><W112/><G112/><T100/><D100/><U82/><E82/><V4/><F4/><W78/><G1/><T125/><D125/><U27/><E27/><V29/><F29/><W7/><G48/><T116/><D116/><U71/><E71/><V102/><F123/><W57/><G70/><T107/><D107/><U118/><E118/><V119/><F119/><W76/><G76/><T9/><D9/><U84/><E84/><V79/><F79/><W67/><G26/><T51/><D51/><N who="1" m="31103" /><E99/><V56/><F69/><W47/><G47/><T39/><D39/><U86/><E86/><V45/><F45/><W131/><G131/><T49/><D49/><U0/><E0/><V28/><F28/><W21/><AGARI ba="0,0" hai="5,6,7,16,21,25,40,43,57,63,67,78,83,87" machi="21" ten="30,6000,0" yaku="0,1,8,1,54,1" doraHai="94" who="3" fromWho="3" sc="223,-20,322,-20,207,-20,248,60" /><INIT seed="3,1,0,5,3,64" ten="203,302,187,308" oya="3" hai0="6,81,82,96,8,122,58,117,124,5,41,115,83" hai1="110,2,130,98,44,61,91,80,24,74,114,9,75" hai2="7,14,19,93,54,27,4,48,126,31,104,50,39" hai3="100,85,52,105,17,69,118,70,125,112,101,62,66"/><W71/><G118/><T119/><D122/><U135/><E114/><V97/><F39/><W11/><G112/><T0/><D115/><U30/><E110/><V102/><F104/><W47/><G125/><T86/><D124/><U134/><E130/><V53/><F126/><W33/><G33/><T116/><D41/><U108/><E108/><V20/><F50/><W131/><G131/><T16/><D6/><N who="1" m="1239" /><E44/><V88/><F102/><W57/><G85/><T55/><D96/><U60/><E98/><V46/><REACH who="2" step="1"/><F54/><REACH who="2" ten="203,302,177,308" step="2"/><W72/><G72/><T63/><REACH who="0" step="1"/><D16/><REACH who="0" ten="193,302,177,308" step="2"/><U94/><E134/><V40/><F40/><W107/><G107/><T87/><AGARI ba="1,2" hai="0,5,8,55,58,63,81,82,83,86,87,116,117,119" machi="87" ten="40,5200,0" yaku="1,1,2,1,0,1,53,0" doraHai="64" doraHaiUra="22" who="0" fromWho="0" sc="193,75,302,-14,177,-14,308,-27" /><INIT seed="4,0,0,3,0,11" ten="268,288,163,281" oya="0" hai0="121,63,101,85,73,40,129,15,56,58,112,1,35" hai1="80,37,115,36,108,125,57,114,109,30,16,39,128" hai2="86,126,102,130,71,104,64,66,118,46,97,90,14" hai3="41,8,45,132,53,99,3,59,94,44,27,116,2"/><T19/><D121/><U31/><E125/><V79/><F126/><W17/><G116/><T78/><D1/><U23/><E80/><V12/><F118/><W54/><G132/><T98/><D35/><U24/><E57/><V77/><F130/><W9/><G3/><T76/><D73/><U21/><E128/><V100/><F46/><N who="3" m="18027" /><G41/><T124/><D124/><U29/><REACH who="1" step="1"/><E23/><REACH who="1" ten="268,278,163,281" step="2"/><V106/><F71/><W26/><G59/><T72/><D58/><U105/><E105/><V47/><F47/><W89/><G9/><N who="0" m="6639" /><D129/><U87/><E87/><V123/><F86/><W0/><G8/><T67/><D72/><U117/><E117/><V32/><F32/><W48/><G2/><T135/><D40/><U69/><E69/><V13/><F123/><W131/><G0/><T52/><D135/><U7/><E7/><V107/><F97/><W83/><G99/><T75/><D75/><U91/><E91/><V33/><F90/><W70/><G89/><T55/><D112/><AGARI ba="0,1" hai="16,21,24,29,30,31,36,37,39,108,109,112,114,115" machi="112" ten="50,8000,1" yaku="1,1,15,1,11,1,54,1,53,0" doraHai="11" doraHaiUra="113" who="1" fromWho="0" sc="268,-80,278,90,163,0,281,0" /><INIT seed="5,0,0,1,3,133" ten="188,368,163,281" oya="1" hai0="80,0,121,44,117,22,61,120,83,86,103,9,92" hai1="84,99,20,40,7,129,78,43,87,105,108,41,122" hai2="30,65,93,126,100,88,109,131,26,33,81,50,101" hai3="48,67,17,85,82,53,127,18,15,13,128,96,110"/><U6/><E122/><N who="0" m="47209" /><D117/><U71/><E71/><V47/><F109/><W69/><G110/><T36/><D22/><U3/><E108/><V66/><F131/><W77/><G128/><T95/><D61/><U123/><E129/><V76/><F126/><W45/><G127/><T25/><D25/><U42/><E123/><V98/><F66/><W106/><G69/><T73/><D103/><U79/><E43/><V113/><F65/><W75/><G67/><T12/><D0/><U130/><E130/><V57/><F57/><W107/><G75/><T115/><D115/><U16/><E99/><V62/><F62/><W21/><G96/><T27/><D27/><N who="1" m="14727" /><E105/><V94/><F93/><N who="0" m="35914" /><D73/><U112/><E3/><V119/><F113/><W38/><REACH who="3" step="1"/><G38/><REACH who="3" ten="188,368,163,271" step="2"/><T51/><D36/><U31/><E112/><V114/><F114/><W91/><G91/><T28/><D86/><N who="1" m="32811" /><E31/><V68/><F68/><W59/><G59/><T32/><D28/><U102/><E102/><V10/><F101/><W24/><G24/><T19/><D32/><U134/><E134/><V125/><F100/><W49/><G49/><T132/><D132/><U55/><E79/><V23/><F33/><W60/><G60/><T5/><D51/><U37/><E78/><V4/><F125/><W29/><G29/><T135/><D135/><U116/><E37/><V52/><F76/><W118/><G118/><T39/><D39/><U124/><E124/><V58/><F119/><W46/><G46/><T97/><D44/><U72/><E116/><V56/><F81/><N who="0" m="31306" /><D97/><U90/><E72/><V89/><F89/><W2/><G2/><AGARI ba="0,1" hai="2,4,10,23,26,30,47,50,52,56,58,88,94,98" machi="2" ten="30,7700,0" yaku="6,1,7,1,54,2" doraHai="133" who="2" fromWho="3" sc="188,0,368,0,163,87,271,-77" /><INIT seed="6,0,0,5,4,134" ten="188,368,250,194" oya="2" hai0="104,124,69,59,114,47,36,56,27,21,133,95,116" hai1="26,53,82,60,4,119,63,68,54,85,98,46,70" hai2="31,25,76,92,118,66,108,126,30,23,18,3,58" hai3="100,77,29,93,111,120,125,13,51,86,40,110,132"/><V50/><F118/><W38/><G38/><T65/><D104/><U79/><E119/><V55/><F3/><W39/><G39/><T24/><D116/><U90/><E4/><V75/><F108/><W107/><G107/><T84/><D133/><U45/><E26/><V112/><F112/><W121/><G132/><T128/><D114/><U49/><E70/><V41/><F41/><W72/><G72/><T123/><D123/><U62/><E68/><V2/><F2/><W20/><G125/><T48/><D36/><U102/><E79/><V127/><F66/><W35/><G35/><T115/><D115/><U103/><E98/><V10/><F92/><W97/><G111/><T131/><D124/><N who="2" m="47658" /><F10/><W7/><G110/><T89/><D69/><U94/><E94/><V52/><F55/><W64/><G120/><T17/><D24/><U99/><E99/><V0/><F0/><W78/><G64/><T11/><D11/><U113/><E113/><V117/><F117/><W101/><G121/><T44/><D65/><U37/><E37/><V71/><F71/><W34/><G40/><N who="0" m="24583" /><D47/><U8/><E8/><V1/><F1/><W12/><G93/><T43/><D43/><U9/><E9/><V61/><F50/><AGARI ba="0,0" hai="45,46,49,50,53,54,60,62,63,82,85,90,102,103" machi="50" ten="40,2600,0" yaku="9,1,8,1" doraHai="134" who="1" fromWho="2" sc="188,0,368,26,250,-26,194,0" /><INIT seed="7,0,0,5,2,49" ten="188,394,224,194" oya="3" hai0="87,24,52,90,122,33,76,39,94,20,37,56,67" hai1="96,63,109,125,85,31,29,65,105,30,62,50,106" hai2="114,91,118,25,86,44,117,3,21,15,127,46,102" hai3="115,128,97,130,36,13,80,104,45,112,64,51,60"/><W32/><G32/><T108/><D108/><U92/><E109/><V8/><F3/><W78/><G36/><T11/><D122/><U2/><E2/><V43/><F114/><N who="3" m="43563" /><G13/><T10/><D33/><U42/><E125/><V68/><F68/><N who="3" m="41991" /><G97/><N who="0" m="57559" /><D39/><U38/><E38/><V17/><F127/><W57/><G57/><T121/><D37/><U120/><E120/><V14/><F117/><W129/><G104/><T89/><D76/><U110/><E96/><V61/><F118/><W72/><G128/><T19/><D67/><U132/><E65/><V71/><F71/><W123/><G123/><T55/><D121/><U16/><E106/><V101/><F61/><W27/><G27/><T135/><D135/><U12/><E105/><V66/><F66/><W93/><G93/><N who="0" m="54463" /><D55/><AGARI ba="0,0" hai="45,51,55,72,78,80,129,130" m="41991,43563" machi="55" ten="30,2900,0" yaku="15,1,52,1" doraHai="49" who="3" fromWho="0" sc="188,-29,394,0,224,0,194,29" /><INIT seed="7,1,0,3,0,49" ten="159,394,224,223" oya="3" hai0="57,55,50,22,95,15,119,117,8,54,91,17,114" hai1="86,29,42,99,132,66,110,93,109,129,18,25,11" hai2="89,20,43,105,64,24,44,104,71,26,3,7,31" hai3="21,100,27,120,30,67,78,34,118,72,35,122,12"/><W123/><G67/><T59/><D114/><U6/><E66/><V112/><F112/><W69/><G69/><T46/><D117/><U103/><E42/><V37/><F89/><W131/><G100/><T85/><D119/><U63/><E63/><N who="2" m="40351" /><F20/><N who="3" m="15719" /><G78/><T4/><REACH who="0" step="1"/><D55/><REACH who="0" ten="149,394,224,223" step="2"/><U33/><E109/><V75/><F43/><W23/><G118/><T97/><D97/><U41/><E41/><V121/><F121/><W10/><G131/><T102/><D102/><U39/><E99/><V135/><F135/><W108/><G108/><T48/><D48/><U87/><E103/><V124/><F37/><W80/><G122/><T134/><D134/><U74/><E39/><V84/><F124/><W14/><G123/><T28/><D28/><U32/><E129/><V101/><F101/><W82/><G120/><T96/><D96/><U116/><E132/><V60/><F31/><W115/><G115/><T65/><D65/><U90/><E29/><V79/><F60/><W70/><G35/><T113/><D113/><U62/><E33/><V56/><F104/><W83/><G34/><T0/><AGARI ba="1,1" hai="0,4,8,15,17,22,46,50,54,57,59,85,91,95" machi="0" ten="20,5200,0" yaku="1,1,0,1,7,1,52,1,53,0" doraHai="49" doraHaiUra="38" who="0" fromWho="0" sc="149,65,394,-14,224,-14,223,-27" owari="214,1.0,380,48.0,210,-19.0,196,-30.0" /></mjloggm>