<mjloggm ver="2.3"><GO type="169" lobby="0"/><UN n0="%E6%99%82%E3%82%92%E5%88%BB%E3%82%80%E5%94%84" n1="%E3%82%A8%E3%83%83%E3%83%95%E3%82%A7%E3%83%AB%E5%A1%94" n2="%E3%83%AD%E3%83%B3%E3%82%88%E3%82%8A%E8%A8%BC%E6%8B%A0" n3="%E3%82%A6%E3%83%AB%E3%83%88%E3%83%A9%E7%AB%8B%E7%9B%B4" dan="17,16,17,18" rate="2113.46,2135.86,2237.40,2252.87" sx="F,M,M,M"/><TAIKYOKU oya="0"/><INIT seed="0,0,0,0,1,12" ten="250,250,250,250" oya="0" hai0="14,37,11,57,34,105,125,133,36,115,92,76,32" hai1="83,45,8,129,121,75,19,123,2,68,89,13,74" hai2="42,112,84,61,98,86,44,95,39,69,67,52,1" hai3="78,103,63,46,77,100,43,10,106,16,114,50,107"/><T119/><D119/><U64/><E129/><V20/><F1/><W134/><G114/><T24/><D105/><U97/><E2/><V93/><F112/><W4/><G134/><T127/><D115/><U117/><E117/><V9/><F9/><W7/><G106/><T27/><D76/><N who="3" m="29289" /><G63/><T58/><D14/><U88/><E68/><V110/><F110/><W79/><G79/><T65/><D11/><U41/><E64/><V29/><F95/><W122/><G107/><T96/><D92/><U124/><E124/><V28/><F28/><W6/><G122/><T109/><D96/><U104/><E123/><V31/><F31/><W3/><G3/><T91/><D91/><U18/><E121/><V35/><F35/><W126/><G126/><T94/><D94/><U108/><E108/><V54/><F86/><W30/><G30/><T82/><D109/><U120/><E120/><V101/><REACH who="2" step="1"/><F84/><REACH who="2" ten="250,250,240,250" step="2"/><W116/><G116/><T23/><D82/><U5/><E75/><V81/><F81/><W60/><G60/><T59/><D127/><U33/><E33/><V90/><F90/><W40/><G103/><T21/><D125/><U25/><E74/><V15/><F15/><N who="3" m="7287" /><G100/><T87/><D34/><U135/><E83/><V73/><F73/><W131/><G131/><T48/><D32/><U111/><E111/><V80/><F80/><W118/><G118/><T85/><D85/><U72/><E72/><V55/><F55/><AGARI ba="0,1" hai="4,6,7,40,43,46,50,55" m="7287,29289" machi="55" ten="30,3900,0" yaku="8,1,52,1,54,1" doraHai="12" who="3" fromWho="2" sc="250,0,250,0,240,-39,250,49" /><INIT seed="1,0,0,2,1,74" ten="250,250,201,299" oya="1" hai0="8,87,56,12,85,79,40,50,33,116,0,53,43" hai1="5,71,38,61,124,84,26,97,125,59,1,47,29" hai2="75,48,21,30,19,32,77,60,69,86,130,15,117" hai3="9,128,34,55,95,64,127,41,31,133,62,107,91"/><U3/><E71/><V72/><F117/><W49/><G107/><T90/><D33/><U11/><E97/><V14/><F130/><W27/><G128/><T73/><D0/><U104/><E104/><V18/><F48/><W98/><G127/><T131/><D116/><U58/><E3/><V2/><F2/><W37/><G133/><T7/><D73/><U46/><E84/><V113/><F113/><W112/><G112/><T101/><D101/><U17/><E17/><V10/><F30/><W82/><G9/><T94/><REACH who="0" step="1"/><D131/><REACH who="0" ten="240,250,201,299" step="2"/><U57/><E61/><V100/><F100/><W66/><G62/><T70/><D70/><U44/><REACH who="1" step="1"/><E38/><REACH who="1" ten="240,240,201,299" step="2"/><V122/><F69/><W120/><G37/><T25/><D25/><U134/><E134/><V63/><F63/><W28/><G27/><T83/><AGARI ba="0,2" hai="7,8,12,40,43,50,53,56,79,83,85,87,90,94" machi="83" ten="30,7900,0" yaku="1,1,0,1,8,1,52,1,53,0" doraHai="74" doraHaiUra="126" who="0" fromWho="0" sc="240,99,240,-39,201,-20,299,-20" /><INIT seed="2,0,0,1,1,29" ten="339,201,181,279" oya="2" hai0="2,43,104,68,52,7,62,21,53,79,41,56,125" hai1="121,20,119,71,58,61,88,18,113,23,5,0,1" hai2="86,39,82,36,132,63,57,26,4,65,46,44,75" hai3="33,3,83,93,129,30,105,92,124,27,9,91,38"/><V114/><F114/><W74/><G105/><T106/><D79/><U94/><E71/><V122/><F122/><W22/><G38/><T116/><D68/><U110/><E113/><V32/><F75/><W90/><G129/><T11/><D125/><U48/><E119/><V12/><F132/><W42/><G42/><T101/><D116/><U99/><E121/><V69/><F69/><W34/><G124/><T95/><D53/><U77/><E110/><V100/><F100/><W31/><G31/><T37/><D21/><U45/><E77/><V60/><F60/><W28/><G83/><T96/><REACH who="0" step="1"/><D41/><REACH who="0" ten="329,201,181,279" step="2"/><U76/><E76/><V15/><F46/><AGARI ba="0,1" hai="2,7,11,37,43,46,52,56,62,95,96,101,104,106" machi="46" ten="40,8000,1" yaku="1,1,2,1,54,1,53,1" doraHai="29" doraHaiUra="40" who="0" fromWho="2" sc="329,90,201,0,181,-80,279,0" /><INIT seed="3,0,0,5,0,104" ten="419,201,101,279" oya="3" hai0="61,93,124,117,5,47,70,132,92,13,20,79,127" hai1="87,42,66,9,11,41,31,119,125,3,27,6,130" hai2="51,22,101,103,105,106,110,8,67,30,57,88,18" hai3="85,115,54,62,131,40,0,55,21,116,74,65,33"/><W121/><G115/><T48/><D117/><U120/><E66/><V111/><F30/><W19/><G33/><T118/><D118/><U107/><E107/><V72/><F8/><W49/><G121/><T75/><D132/><U100/><E119/><V69/><F69/><W135/><G0/><T76/><D61/><U7/><E100/><V73/><F103/><W114/><G114/><T134/><D70/><U102/><E102/><V96/><F106/><W94/><G74/><T23/><D134/><U59/><E59/><V17/><F17/><W90/><G135/><T1/><D1/><U123/><E87/><V44/><F57/><N who="3" m="37071" /><G131/><T126/><D5/><U43/><E130/><V108/><F67/><W28/><G28/><T24/><D13/><U46/><E46/><V71/><F71/><W60/><G60/><T63/><D63/><U98/><E123/><V25/><REACH who="2" step="1"/><F88/><REACH who="2" ten="419,201,91,279" step="2"/><N who="3" m="53519" /><G116/><T113/><D92/><U133/><E133/><V129/><F129/><W37/><G90/><T91/><D91/><U58/><E58/><V89/><F89/><W56/><G56/><T83/><D93/><U53/><E31/><V80/><F80/><W35/><G35/><T86/><D83/><U12/><E120/><V34/><F34/><W38/><G19/><T4/><D23/><U109/><E11/><V81/><F81/><W50/><G21/><T52/><D20/><U39/><E9/><V77/><F77/><W95/><G95/><T84/><D79/><U2/><E7/><V97/><F97/><W26/><G26/><T32/><D4/><U99/><E6/><V64/><F64/><RYUUKYOKU ba="0,1" sc="419,-10,201,-10,91,30,279,-10" hai2="18,22,25,44,51,72,73,96,101,105,108,110,111" /><INIT seed="4,1,1,1,1,57" ten="409,191,121,269" oya="0" hai0="53,126,100,2,62,4,82,73,104,84,35,17,64" hai1="75,132,112,24,41,34,80,111,120,39,109,56,44" hai2="94,18,5,101,0,48,8,76,27,13,25,23,68" hai3="93,114,122,49,108,22,30,81,96,51,1,71,99"/><T54/><D73/><U52/><E120/><V47/><F68/><W45/><G1/><T129/><D35/><U31/><E132/><V40/><F76/><W67/><G108/><T32/><D32/><U26/><E112/><V38/><F38/><W46/><G114/><T21/><D126/><U11/><E26/><V3/><F3/><W85/><G71/><T123/><D123/><U127/><E127/><V105/><F105/><W79/><G67/><T33/><D33/><U89/><E11/><V118/><F118/><W19/><G30/><T95/><D95/><U134/><E134/><V106/><F106/><W37/><G37/><T74/><D74/><U125/><E125/><V119/><F119/><W113/><G113/><T121/><D121/><U66/><E66/><V14/><REACH who="2" step="1"/><F0/><REACH who="2" ten="409,191,111,269" step="2"/><W59/><G122/><T61/><D104/><U92/><E75/><V98/><AGARI ba="1,2" hai="5,8,13,14,18,23,25,27,40,47,48,94,98,101" machi="98" ten="30,8000,1" yaku="1,1,2,1,0,1,8,1,53,1" doraHai="57" doraHaiUra="90" who="2" fromWho="2" sc="409,-41,191,-21,111,103,269,-21" /><INIT seed="5,0,0,0,3,87" ten="368,170,214,248" oya="1" hai0="46,54,3,33,127,20,122,109,90,51,24,129,15" hai1="115,14,47,61,133,103,9,2,59,1,93,99,68" hai2="74,6,41,91,86,69,25,60,62,65,64,132,27" hai3="34,79,110,96,126,101,0,21,42,123,29,83,8"/><U134/><E68/><V114/><F74/><N who="3" m="43511" /><G21/><T66/><D3/><U37/><E115/><V117/><F117/><W128/><G123/><T135/><D122/><U118/><E118/><V30/><F132/><N who="1" m="50793" /><E47/><V13/><F114/><W130/><G42/><T94/><D109/><U98/><E98/><V16/><F41/><W28/><G110/><T55/><D33/><U67/><E37/><V50/><F50/><W52/><G52/><T97/><D135/><U22/><E22/><V104/><F104/><N who="3" m="63527" /><G126/><T112/><D127/><U108/><E108/><V10/><F6/><AGARI ba="0,0" hai="1,2,6,9,14,59,61,67,93,99,103" m="50793" machi="6" ten="30,1500,0" yaku="20,1" doraHai="87" who="1" fromWho="2" sc="368,0,170,15,214,-15,248,0" /><INIT seed="5,1,0,3,0,89" ten="368,185,199,248" oya="1" hai0="32,82,26,28,52,30,56,59,62,20,93,126,15" hai1="131,129,36,134,25,105,81,102,63,87,9,18,54" hai2="79,111,33,135,70,88,100,57,118,94,86,10,109" hai3="5,47,127,53,4,34,92,97,49,23,96,67,77"/><U132/><E36/><V117/><F70/><W68/><G34/><T106/><D106/><U38/><E38/><V64/><F33/><W104/><G127/><T121/><D126/><U48/><E63/><V112/><F10/><W74/><G104/><T119/><D119/><N who="2" m="45578" /><F57/><W3/><G3/><T17/><D121/><U40/><E40/><V11/><F11/><W110/><G110/><N who="2" m="41993" /><F64/><W0/><G0/><T22/><D82/><U58/><E102/><V128/><F135/><N who="1" m="51753" /><E105/><V50/><F50/><W66/><G67/><T91/><D56/><U44/><E58/><V51/><F51/><W14/><G68/><T133/><D133/><U95/><E95/><N who="2" m="54679" /><F128/><N who="1" m="49225" /><E25/><V99/><F79/><W69/><G77/><T83/><D59/><U13/><E87/><V72/><F72/><W29/><G74/><T125/><D62/><U19/><E81/><V71/><F71/><W80/><G80/><T8/><D83/><U45/><E44/><V130/><F130/><W115/><G47/><T6/><D26/><U73/><E73/><V124/><F124/><W46/><G46/><T120/><D125/><U101/><E101/><V65/><F65/><W24/><G66/><T41/><D41/><U60/><E60/><V12/><F12/><W2/><G14/><T1/><D52/><U103/><E103/><V27/><F27/><W7/><G24/><T43/><D43/><U116/><E116/><V16/><F16/><AGARI ba="1,0" hai="9,13,16,18,19,45,48,54" m="49225,51753" machi="16" ten="30,5800,0" yaku="20,1,19,1,54,1" doraHai="89" who="1" fromWho="2" sc="368,0,185,61,199,-61,248,0" /><INIT seed="5,2,0,2,0,103" ten="368,246,138,248" oya="1" hai0="107,79,49,46,0,132,54,100,90,88,128,38,10" hai1="27,81,133,93,112,83,40,115,18,4,85,15,114" hai2="110,26,56,30,1,86,52,108,124,75,89,78,45" hai3="121,97,36,99,31,58,122,126,23,19,9,104,47"/><U131/><E131/><V34/><F1/><W109/><G109/><T5/><D128/><U76/><E133/><V106/><F106/><W96/><G104/><T13/><D132/><U102/><E4/><V32/><F124/><W6/><G31/><T28/><D28/><U116/><E116/><V105/><F105/><W125/><G58/><T16/><D79/><U77/><E40/><V41/><F34/><W39/><G19/><T57/><D38/><N who="3" m="14377" /><G23/><T69/><D69/><U68/><E68/><V17/><F78/><W33/><G47/><T59/><D59/><U42/><E42/><V66/><F66/><W129/><G33/><T43/><D100/><U24/><E93/><V55/><F75/><W8/><G129/><T127/><D127/><N who="3" m="48649" /><G6/><T84/><D84/><N who="1" m="48167" /><E102/><V117/><F117/><W120/><AGARI ba="2,0" hai="8,9,96,97,99,120,121,122" m="48649,14377" machi="120" ten="50,6400,0" yaku="28,2,18,1" doraHai="103" who="3" fromWho="3" sc="368,-18,246,-34,138,-18,248,70" /><INIT seed="6,0,0,2,5,131" ten="350,212,120,318" oya="2" hai0="78,100,108,27,103,66,107,64,89,86,68,115,83" hai1="95,124,70,48,12,10,90,135,54,125,44,75,8" hai2="72,55,6,56,38,74,101,62,120,3,116,0,16" hai3="114,32,11,30,51,47,88,45,105,130,109,112,84"/><V58/><F116/><W127/><G105/><T19/><D108/><U80/><E70/><V134/><F120/><W17/><G109/><T128/><D115/><N who="3" m="44073" /><G130/><T18/><D128/><U93/><E135/><V102/><F38/><W36/><G36/><T122/><D122/><U81/><E75/><V21/><F134/><W49/><G127/><N who="1" m="48714" /><E95/><V1/><F6/><W39/><G30/><T126/><D68/><U46/><E46/><N who="3" m="17418" /><G32/><T111/><D111/><U50/><E50/><V40/><F40/><W7/><G17/><N who="0" m="6155" /><D107/><U61/><E61/><V28/><F28/><W87/><G87/><N who="0" m="48631" /><D27/><U35/><E35/><V2/><N who="2" m="0" /><DORA hai="41" /><V110/><F110/><W31/><G31/><T20/><D20/><U13/><E13/><V25/><REACH who="2" step="1"/><F58/><REACH who="2" ten="350,212,110,318" step="2"/><W97/><G39/><T129/><D126/><U26/><E26/><V71/><F71/><W23/><G7/><T117/><D129/><U104/><E104/><V113/><F113/><W33/><G33/><T37/><D37/><U69/><E69/><V76/><F76/><W119/><G119/><T91/><D117/><U123/><E123/><V29/><F29/><W82/><G11/><N who="1" m="4138" /><E12/><V99/><F99/><AGARI ba="0,1" hai="44,48,54,80,81,90,93,99" m="4138,48714" machi="99" ten="30,2000,0" yaku="18,1,52,1" doraHai="131,41" who="1" fromWho="2" sc="350,0,212,30,110,-20,318,0" /><INIT seed="7,0,0,1,5,125" ten="350,242,90,318" oya="3" hai0="75,85,106,55,51,129,80,81,124,21,116,96,84" hai1="37,38,132,45,112,0,121,123,83,78,95,12,25" hai2="100,99,98,76,66,131,94,16,72,73,108,24,15" hai3="104,71,135,33,89,39,110,40,60,102,14,111,4"/><W56/><G71/><T29/><D116/><U34/><E0/><V69/><F66/><W119/><G33/><T62/><D124/><U5/><E95/><V64/><F64/><W93/><G119/><T70/><D129/><U49/><E132/><V61/><F61/><W58/><G135/><T101/><D70/><U28/><E112/><V103/><F69/><W54/><G102/><T115/><D62/><U8/><E38/><V20/><F108/><N who="3" m="41515" /><G104/><T11/><D115/><U44/><E44/><V57/><F76/><W90/><G58/><T128/><D128/><U65/><E37/><V63/><F131/><W117/><G117/><T133/><D133/><U86/><REACH who="1" step="1"/><E65/><REACH who="1" ten="350,232,90,318" step="2"/><V41/><F41/><AGARI ba="0,1" hai="5,8,12,25,28,34,41,45,49,78,83,86,121,123" machi="41" ten="30,8000,1" yaku="1,1,2,1,7,1,25,2,53,0" doraHai="125" doraHaiUra="109" who="1" fromWho="2" sc="350,0,232,90,90,-80,318,0" owari="350,45.0,322,12.0,10,-49.0,318,-8.0" /></mjloggm>