<mjloggm ver="2.3"><GO type="169" lobby="0"/><UN n0="%7A%6B%75%72%74" n1="%E2%98%86%E3%83%89%E3%83%8A%E3%83%AB%E3%83%89%E6%95%99%E5%BE%92%E2%98%86" n2="%E3%83%88%E3%83%88%E3%83%AA%E5%85%88%E7%94%9F%31%39%E6%AD%B3" n3="%E4%BD%93%E8%82%B2%E9%A4%A8%E9%87%8E%E7%90%83%E9%83%A8%E5%93%A1" dan="17,16,18,17" rate="2187.30,2077.43,2307.80,2121.09" sx="M,M,F,M"/><TAIKYOKU oya="0"/><INIT seed="0,0,0,1,5,38" ten="250,250,250,250" oya="0" hai0="62,52,11,83,80,77,105,54,90,19,66,128,115" hai1="58,26,123,12,56,131,18,106,45,103,126,75,22" hai2="57,29,50,30,3,78,69,100,46,108,81,42,47" hai3="53,133,0,36,74,87,127,31,122,63,32,44,89"/><T72/><D115/><U85/><E123/><V79/><F69/><W59/><G74/><T76/><D105/><U93/><E75/><V37/><F108/><W110/><G110/><T55/><D128/><U61/><E131/><V101/><F3/><W43/><G127/><T73/><D90/><U41/><E126/><V51/><F37/><W21/><G133/><T109/><D109/><U28/><E106/><V82/><REACH who="2" step="1"/><F57/><REACH who="2" ten="250,250,240,250" step="2"/><W34/><G0/><T7/><D19/><U5/><E5/><V113/><F113/><W130/><G130/><T67/><D62/><U120/><E120/><V94/><F94/><W39/><G39/><T97/><REACH who="0" step="1"/><D97/><REACH who="0" ten="240,250,240,250" step="2"/><N who="1" m="59823" /><E61/><V124/><F124/><W102/><G63/><T8/><D8/><N who="1" m="6407" /><E85/><V71/><F71/><W84/><G84/><T15/><AGARI ba="0,2" hai="7,11,15,52,54,55,66,67,72,73,76,77,80,83" machi="15" ten="30,18000,2" yaku="1,1,0,1,9,1,54,1,53,2" doraHai="38" doraHaiUra="107" who="0" fromWho="0" sc="240,200,250,-60,240,-60,250,-60" /><INIT seed="0,1,0,3,4,95" ten="440,190,180,190" oya="0" hai0="30,125,10,8,113,18,48,20,56,88,126,22,74" hai1="102,133,76,55,80,45,59,11,62,42,64,14,104" hai2="33,85,16,107,100,19,1,25,67,21,28,40,128" hai3="129,12,37,93,103,29,36,50,78,82,110,4,123"/><T81/><D113/><U73/><E133/><V52/><F1/><W124/><G110/><T46/><D56/><U66/><E102/><V3/><F3/><W108/><G108/><T49/><D30/><U127/><E104/><V120/><F120/><W0/><G0/><T79/><D49/><U75/><E75/><V61/><F128/><W117/><G50/><T6/><D6/><U51/><REACH who="1" step="1"/><E127/><REACH who="1" ten="440,180,180,190" step="2"/><V105/><F100/><W41/><G103/><T68/><D126/><U13/><E13/><V134/><F134/><W60/><G12/><T35/><D125/><U63/><E63/><V135/><F135/><W86/><G60/><T38/><D74/><U99/><E99/><V83/><F107/><W90/><G124/><T72/><D72/><U17/><AGARI ba="1,1" hai="11,14,17,42,45,51,55,59,62,64,66,73,76,80" machi="17" ten="20,5200,0" yaku="1,1,0,1,7,1,53,1" doraHai="95" doraHaiUra="15" who="1" fromWho="1" sc="440,-27,180,65,180,-14,190,-14" /><INIT seed="1,0,0,1,2,125" ten="413,245,166,176" oya="1" hai0="15,114,50,122,98,84,63,36,133,87,23,134,20" hai1="66,115,30,39,16,43,100,94,2,49,51,119,24" hai2="54,106,32,109,123,132,91,52,27,41,55,77,29" hai3="35,108,126,110,57,38,47,53,6,12,121,10,44"/><U118/><E2/><V129/><F123/><W104/><G121/><T33/><D36/><U81/><E115/><V67/><F106/><W135/><G126/><T92/><D33/><U25/><E39/><V95/><F109/><N who="3" m="42091" /><G135/><T113/><D122/><U13/><E66/><V34/><F34/><W17/><G104/><T60/><D50/><U19/><E81/><V130/><F132/><W59/><G35/><T89/><D15/><U45/><E51/><V116/><F116/><W5/><G59/><T21/><D98/><U0/><E0/><V28/><F28/><W97/><G97/><T76/><D76/><U70/><E70/><V7/><F7/><N who="3" m="2571" /><G38/><T3/><D3/><U56/><E56/><V124/><F124/><W88/><G88/><T131/><D89/><U128/><E118/><V93/><F67/><W14/><G14/><T120/><D120/><U105/><E119/><V18/><F77/><W1/><G1/><T46/><D92/><U99/><E105/><V4/><F4/><W112/><G112/><T127/><D127/><U73/><E13/><V40/><F18/><W103/><G103/><T102/><D102/><U83/><E30/><V26/><F32/><W71/><G71/><T69/><D69/><U75/><E19/><V64/><F64/><W22/><G10/><T117/><D117/><U78/><E16/><V61/><F29/><W9/><G9/><T37/><D37/><U8/><E8/><V79/><F79/><W31/><G31/><T86/><D113/><U96/><E78/><V72/><F91/><W58/><G58/><T85/><D114/><RYUUKYOKU ba="0,0" sc="413,-10,245,-10,166,-10,176,30" hai3="12,17,22,44,47,53,57" /><INIT seed="2,1,0,4,4,71" ten="403,235,156,206" oya="2" hai0="99,101,8,60,93,39,55,113,125,10,129,41,32" hai1="48,23,122,42,115,57,63,58,85,116,65,78,104" hai2="106,100,75,0,134,108,13,70,130,17,84,69,37" hai3="34,24,51,105,95,33,68,18,52,66,127,64,3"/><V19/><F75/><W1/><G105/><T12/><D32/><U126/><E116/><V73/><F73/><W62/><G66/><T97/><D113/><U120/><E115/><V117/><F117/><W30/><G127/><T76/><D76/><U47/><E104/><V49/><F0/><W87/><G34/><T82/><D82/><N who="1" m="47319" /><E23/><V29/><F37/><W4/><G4/><T83/><D83/><U91/><E91/><V88/><F130/><W20/><G87/><T98/><D125/><U80/><E80/><V133/><F108/><W74/><G95/><T28/><D28/><U54/><E126/><V135/><F49/><W81/><G81/><T26/><D26/><U9/><E9/><V67/><F29/><W119/><G74/><T45/><D10/><U86/><E86/><V110/><F110/><W90/><G90/><T22/><D22/><U15/><E15/><V124/><F124/><W6/><G6/><T92/><D92/><U111/><E111/><V53/><F53/><W50/><G50/><T103/><D103/><U114/><E114/><V21/><F19/><W96/><G96/><T16/><D129/><U25/><E25/><V44/><F67/><W72/><G119/><T5/><D5/><U56/><E65/><V132/><F44/><N who="3" m="27751" /><G72/><T35/><D35/><U79/><E79/><V11/><F11/><W27/><G1/><T31/><D31/><U2/><E2/><V61/><N who="2" m="33792" /><DORA hai="128" /><V107/><F107/><W40/><G3/><T102/><D102/><U43/><E43/><V77/><F77/><W94/><G40/><T36/><D36/><RYUUKYOKU ba="1,0" sc="403,10,235,10,156,-30,206,10" hai0="8,12,16,39,41,45,55,60,93,97,98,99,101" hai1="42,47,48,54,56,57,58,63,120,122" hai3="18,20,24,27,30,33,62,64,68,94" /><INIT seed="3,2,0,4,3,73" ten="413,245,126,216" oya="3" hai0="94,28,102,92,115,54,20,51,124,123,41,91,77" hai1="4,55,134,117,7,42,0,84,79,39,112,70,122" hai2="132,130,25,90,24,13,109,8,10,3,44,105,120" hai3="21,11,37,113,63,126,104,93,88,125,23,57,58"/><W89/><G104/><T19/><D123/><U17/><E122/><V26/><F120/><W83/><G113/><T60/><D77/><U49/><E112/><V80/><F105/><W14/><G37/><T110/><D28/><U16/><E70/><V97/><F109/><W99/><G83/><T68/><D41/><U128/><E39/><V96/><F130/><W53/><G89/><T48/><D48/><U101/><E128/><V43/><F132/><W22/><REACH who="3" step="1"/><G58/><REACH who="3" ten="413,245,126,206" step="2"/><T66/><D115/><U30/><E134/><V61/><F90/><W133/><G133/><T129/><D129/><U100/><E100/><V6/><F80/><W82/><G82/><T34/><D102/><U15/><E101/><V67/><F3/><W45/><G45/><T114/><D91/><U27/><E0/><V108/><F108/><W59/><G59/><T116/><D110/><U33/><E117/><V2/><F44/><W18/><AGARI ba="2,1" hai="11,14,18,21,22,23,53,57,63,88,93,99,125,126" machi="18" ten="30,6000,0" yaku="1,1,0,1,54,1,53,0" doraHai="73" doraHaiUra="62" who="3" fromWho="3" sc="413,-22,245,-22,126,-22,206,76" /><INIT seed="3,3,0,2,3,4" ten="391,223,104,282" oya="3" hai0="135,86,18,83,120,38,55,66,108,127,17,22,75" hai1="49,58,28,59,79,46,85,70,10,107,88,105,119" hai2="5,133,62,97,11,2,73,26,121,102,69,71,48" hai3="132,3,74,134,115,84,68,131,117,6,64,78,92"/><W31/><G117/><T76/><D108/><U100/><E70/><V82/><F133/><N who="3" m="51307" /><G115/><T7/><D120/><U90/><E119/><V27/><F121/><W118/><G118/><T106/><D106/><U1/><E28/><V34/><F48/><W13/><G74/><T103/><D103/><U57/><E79/><V32/><F27/><W51/><G3/><T113/><D38/><U24/><E24/><V87/><F87/><W112/><G31/><T109/><D109/><U94/><E100/><V126/><F126/><W111/><G131/><T41/><D127/><U14/><E1/><V116/><F116/><W67/><G68/><T50/><D41/><U37/><E37/><V128/><F128/><W56/><G112/><T40/><D40/><U52/><REACH who="1" step="1"/><E90/><REACH who="1" ten="391,213,104,282" step="2"/><V80/><F26/><W19/><G78/><T95/><D76/><U21/><E21/><V53/><F71/><W124/><G124/><T54/><D22/><U39/><E39/><V101/><F101/><W33/><G33/><N who="2" m="12905" /><F69/><W114/><G114/><T72/><D113/><U98/><E98/><V35/><F35/><W91/><G111/><T65/><D135/><U15/><E15/><V89/><F89/><W12/><G12/><T44/><D72/><U77/><E77/><V123/><F73/><W25/><G25/><T61/><D75/><U47/><E47/><V81/><F123/><W110/><G110/><T96/><D44/><U125/><E125/><V23/><F23/><W0/><G91/><T8/><D96/><U60/><E60/><V29/><F29/><W16/><G13/><T93/><D61/><RYUUKYOKU ba="3,1" sc="391,-10,213,30,104,-10,282,-10" hai1="10,14,46,49,52,57,58,59,85,88,94,105,107" /><INIT seed="4,4,1,2,4,75" ten="381,243,94,272" oya="0" hai0="111,79,59,58,26,36,47,104,121,67,55,11,129" hai1="128,24,4,21,39,48,101,74,73,109,91,5,100" hai2="86,117,2,54,70,37,122,133,106,45,95,131,82" hai3="71,42,66,112,114,92,34,44,98,8,125,87,12"/><T99/><D121/><U9/><E109/><V6/><F122/><W0/><G125/><T77/><D111/><U126/><E39/><V64/><F106/><W81/><G0/><T1/><D129/><U3/><E128/><V83/><F131/><W57/><G34/><T89/><D67/><U130/><E130/><V90/><F133/><W107/><G107/><T63/><D58/><U52/><E126/><V32/><F32/><W88/><G71/><T19/><D1/><U127/><E127/><V115/><F115/><N who="3" m="44075" /><G57/><T124/><D124/><U76/><E74/><V51/><F117/><W29/><G29/><T7/><D7/><U49/><E91/><V38/><F6/><N who="3" m="3095" /><G66/><T16/><D19/><U94/><E5/><V113/><F2/><W134/><G134/><T33/><D33/><U25/><E49/><V27/><F27/><W41/><G44/><T22/><D11/><U18/><E94/><V68/><F113/><W62/><G62/><T30/><D30/><U105/><E105/><V61/><F70/><W78/><AGARI ba="4,1" hai="41,42,78,81,87,88,92,98" m="3095,44075" machi="78" ten="30,4000,0" yaku="15,1,52,1,54,1" doraHai="75" who="3" fromWho="3" sc="381,-24,243,-14,94,-14,272,62" /><INIT seed="5,0,0,1,5,10" ten="357,229,80,334" oya="1" hai0="48,13,92,119,40,109,102,100,2,22,29,14,6" hai1="33,96,122,89,26,28,38,107,72,27,23,73,57" hai2="135,127,74,0,126,132,124,66,131,108,110,42,93" hai3="60,65,37,103,123,30,84,115,134,19,91,82,128"/><U50/><E38/><V75/><F66/><W133/><G123/><T12/><D109/><N who="2" m="42090" /><F42/><W76/><G115/><T31/><D119/><U49/><E122/><V24/><F24/><W53/><G128/><T4/><D2/><U55/><E50/><V17/><F17/><W120/><G30/><N who="0" m="11275" /><D22/><U63/><E49/><V61/><F61/><W36/><G103/><N who="0" m="39467" /><D92/><U45/><E45/><AGARI ba="0,0" hai="4,6,12,13,14,40,45,48" m="39467,11275" machi="45" ten="30,7700,0" yaku="8,1,52,3" doraHai="10" who="0" fromWho="1" sc="357,77,229,-77,80,0,334,0" /><INIT seed="6,0,0,4,5,107" ten="434,152,80,334" oya="2" hai0="11,101,42,95,116,84,48,1,16,96,99,10,125" hai1="7,2,50,4,97,0,120,109,58,55,103,57,22" hai2="68,6,81,135,112,30,17,9,93,76,129,90,63" hai3="134,46,118,28,121,66,53,102,124,12,80,25,104"/><V14/><F112/><W114/><G121/><T64/><D64/><U119/><E109/><V31/><F129/><W23/><G118/><T61/><D61/><U128/><E119/><V133/><F68/><W70/><G124/><T39/><D39/><U40/><E128/><V74/><F63/><W113/><G134/><T20/><D125/><U27/><E120/><V122/><F122/><W56/><G80/><T94/><D84/><U73/><E73/><V79/><F79/><W44/><G12/><T47/><D1/><U35/><E35/><V19/><F31/><W92/><G104/><T117/><D117/><U8/><E40/><V126/><F126/><W106/><G106/><T132/><D132/><N who="2" m="50762" /><F30/><W15/><G15/><N who="0" m="9247" /><D116/><U91/><E91/><AGARI ba="0,0" hai="10,11,42,47,48,91,94,95,96,99,101" m="9247" machi="91" ten="30,2000,0" yaku="8,1,54,1" doraHai="107" who="0" fromWho="1" sc="434,20,152,-20,80,0,334,0" /><INIT seed="7,0,0,2,4,14" ten="454,132,80,334" oya="3" hai0="97,103,78,89,95,128,76,50,23,100,114,125,77" hai1="53,24,104,46,119,59,55,1,37,113,118,110,64" hai2="36,73,58,68,13,72,8,63,32,116,123,17,62" hai3="25,75,129,96,11,20,117,60,126,87,16,83,6"/><W30/><G117/><N who="1" m="44554" /><E110/><V109/><F116/><W40/><G126/><T88/><D128/><U108/><E108/><V31/><F109/><W52/><G129/><T12/><D125/><U56/><E113/><V44/><F123/><W29/><G75/><T102/><D114/><U130/><E130/><V135/><F135/><W80/><G40/><T57/><D89/><U86/><E1/><V35/><F68/><W85/><G96/><T34/><D34/><U48/><E104/><V111/><F111/><W7/><G85/><T33/><D33/><U122/><E122/><V4/><F35/><W19/><G30/><T91/><D91/><U105/><E105/><V3/><F44/><W43/><G43/><T10/><D23/><U112/><E112/><V70/><F36/><W132/><G132/><T82/><D82/><N who="3" m="31273" /><G87/><T66/><D50/><N who="1" m="30839" /><E86/><V28/><F70/><W5/><G11/><T84/><D97/><U101/><E101/><V67/><F62/><W47/><G47/><T133/><D133/><U124/><E124/><V18/><F31/><W15/><G15/><T94/><D94/><U61/><E24/><V115/><F115/><W54/><G54/><T27/><D27/><U90/><E90/><V127/><F127/><W21/><G21/><T79/><D79/><U134/><E134/><V22/><REACH who="2" step="1"/><F18/><REACH who="2" ten="454,132,70,334" step="2"/><W9/><G9/><T107/><D107/><U106/><E106/><V99/><F99/><W120/><G120/><T51/><D77/><U121/><E121/><V39/><F39/><AGARI ba="0,1" hai="37,39,46,48,53,59,61,64" m="30839,44554" machi="39" ten="30,3900,0" yaku="12,1,34,2" doraHai="14" who="1" fromWho="2" sc="454,0,132,49,70,-39,334,0" owari="454,56.0,181,-22.0,31,-47.0,334,13.0" /></mjloggm>