<mjloggm ver="2.3"><GO type="169" lobby="0"/><UN n0="%E3%81%87%E3%82%8B%E3%81%87%E3%82%8B" n1="%E3%81%BD%E3%82%93%E3%81%93%E3%81%A4%E9%98%BF%E8%B3%80%E9%87%8E%E5%A7%89" n2="%E3%83%88%E3%83%88%E3%83%AA%E5%85%88%E7%94%9F%31%39%E6%AD%B3" n3="%43%2E%43%2E%E3%82%B5%E3%83%90%E3%82%B7%E3%82%A2" dan="16,17,19,16" rate="2079.57,2162.49,2325.56,2081.92" sx="F,F,F,F"/><TAIKYOKU oya="0"/><INIT seed="0,0,0,2,5,47" ten="250,250,250,250" oya="0" hai0="74,2,125,40,55,29,80,50,60,112,69,33,85" hai1="66,52,59,45,104,103,25,31,109,63,114,90,72" hai2="16,54,81,68,10,41,8,27,126,64,135,88,3" hai3="12,92,89,56,13,44,30,65,75,134,73,57,4"/><T130/><D112/><U106/><E72/><V42/><F135/><W67/><G134/><T77/><D2/><U20/><E114/><V43/><F126/><W37/><G30/><T46/><D125/><U111/><E103/><V6/><F68/><W15/><G4/><T94/><D130/><U48/><REACH who="1" step="1"/><E90/><REACH who="1" ten="250,240,250,250" step="2"/><V61/><F88/><W91/><G91/><T71/><D74/><U108/><AGARI ba="0,1" hai="20,25,31,45,48,52,59,63,66,104,106,108,109,111" machi="108" ten="30,16000,3" yaku="1,1,2,1,0,1,14,1,52,1,54,1,53,3" doraHai="47" doraHaiUra="120" who="1" fromWho="1" sc="250,-80,240,170,250,-40,250,-40" /><INIT seed="1,0,0,4,1,92" ten="170,410,210,210" oya="1" hai0="83,122,102,99,79,82,90,84,95,46,6,18,4" hai1="132,133,7,120,125,49,40,87,47,13,129,58,2" hai2="73,53,26,30,75,116,36,74,135,85,80,14,110" hai3="62,68,1,60,17,115,117,20,114,130,39,103,42"/><U69/><E2/><V78/><F116/><W106/><G1/><T24/><D122/><U56/><E120/><V72/><F36/><W45/><G117/><T28/><D46/><U21/><E69/><V0/><F0/><W10/><G130/><T134/><D18/><N who="1" m="10447" /><E7/><V76/><F110/><W109/><G109/><T66/><D66/><U12/><E12/><V38/><F38/><W37/><G37/><T93/><D134/><N who="1" m="51819" /><E87/><V131/><F135/><W70/><G10/><T91/><D83/><U3/><E3/><V41/><F41/><W63/><G42/><T97/><REACH who="0" step="1"/><D90/><REACH who="0" ten="160,410,210,210" step="2"/><U11/><E47/><V111/><F111/><W118/><G45/><T81/><D81/><U64/><E64/><V16/><F131/><W8/><G118/><T86/><D86/><U104/><E129/><V96/><F78/><W5/><G5/><T127/><D127/><U77/><E125/><V57/><F72/><W43/><G17/><T50/><D50/><U31/><E49/><V126/><F126/><W15/><G39/><T105/><D105/><U124/><E104/><V29/><F74/><W107/><G107/><T67/><D67/><U89/><E77/><V61/><F73/><W52/><G106/><T71/><D71/><U123/><E89/><V22/><F75/><W108/><G68/><T25/><D25/><U121/><E123/><V119/><F119/><W51/><G70/><T35/><AGARI ba="0,1" hai="4,6,24,28,35,79,82,84,91,93,95,97,99,102" machi="35" ten="20,12000,2" yaku="1,1,0,1,7,1,52,2,53,1" doraHai="92" doraHaiUra="27" who="0" fromWho="0" sc="160,130,410,-60,210,-30,210,-30" /><INIT seed="2,0,0,3,4,89" ten="290,350,180,180" oya="2" hai0="134,14,92,66,75,47,51,26,93,7,11,78,104" hai1="132,131,10,118,12,81,126,64,49,80,110,58,124" hai2="102,3,88,70,22,44,77,53,36,62,72,122,19" hai3="41,95,101,60,61,67,94,113,79,0,33,99,63"/><V90/><F122/><W123/><G123/><T45/><D104/><U56/><E118/><V97/><F3/><W108/><G0/><T69/><D134/><U128/><E110/><V111/><F111/><W74/><G108/><T135/><D135/><U40/><E132/><V121/><F121/><W117/><G117/><T85/><D75/><U5/><E40/><V24/><F72/><W91/><G33/><T46/><D69/><U13/><E49/><V59/><F77/><W114/><G41/><T83/><D66/><U9/><E64/><V28/><F70/><W65/><G79/><T119/><D119/><U116/><E116/><V86/><F36/><W129/><G74/><T112/><D112/><N who="3" m="43113" /><G129/><T6/><D26/><U37/><REACH who="1" step="1"/><E5/><REACH who="1" ten="290,340,180,180" step="2"/><N who="0" m="1545" /><D51/><U87/><E87/><AGARI ba="0,1" hai="60,61,63,65,67,87,91,94,95,99,101" m="43113" machi="87" ten="30,3900,0" yaku="11,1,52,2" doraHai="89" who="3" fromWho="1" sc="290,0,340,-39,180,0,180,49" /><INIT seed="3,0,0,5,5,119" ten="290,301,180,229" oya="3" hai0="60,16,34,74,35,65,91,32,11,135,66,18,71" hai1="118,73,113,101,51,7,47,128,97,13,22,83,5" hai2="79,116,76,105,100,67,20,117,23,12,55,130,19" hai3="1,122,124,98,4,36,37,46,24,39,108,61,21"/><W104/><G124/><T84/><D74/><U54/><E113/><V96/><F130/><W115/><G115/><T43/><D135/><U89/><E128/><V81/><F79/><W127/><G127/><T57/><D43/><U48/><E118/><V129/><F129/><W131/><G131/><T95/><D71/><U30/><E73/><V88/><F67/><W90/><G122/><T121/><D121/><U59/><E83/><V3/><F3/><W28/><G108/><T120/><D120/><U14/><E89/><V109/><F109/><W64/><G46/><T49/><D49/><U56/><E30/><V2/><F2/><W40/><G40/><T94/><D66/><U44/><E22/><V31/><F55/><W53/><G53/><T110/><D110/><U134/><E54/><V102/><F102/><W82/><G82/><T123/><D123/><U99/><REACH who="1" step="1"/><E101/><REACH who="1" ten="290,291,180,229" step="2"/><V27/><REACH who="2" step="1"/><F88/><REACH who="2" ten="290,291,170,229" step="2"/><W50/><G90/><T103/><D103/><U9/><E9/><V85/><AGARI ba="0,2" hai="12,19,20,23,27,31,76,81,85,96,100,105,116,117" machi="85" ten="20,8000,1" yaku="1,1,2,1,0,1,7,1,53,1" doraHai="119" doraHaiUra="10" who="2" fromWho="2" sc="290,-20,291,-20,170,100,229,-40" /><INIT seed="4,0,0,1,1,19" ten="270,271,270,189" oya="0" hai0="61,13,53,88,78,133,18,128,118,11,116,7,107" hai1="72,110,65,84,17,23,122,31,94,50,60,104,6" hai2="40,34,100,95,39,24,0,67,44,97,8,114,32" hai3="77,1,38,63,5,135,12,75,125,25,124,112,47"/><T101/><D133/><U66/><E122/><V26/><F114/><W96/><G112/><T111/><D78/><U90/><E104/><V80/><F67/><W81/><G135/><T52/><D128/><U36/><E36/><V55/><F55/><W69/><G12/><T30/><D111/><U62/><E72/><V21/><F26/><W126/><G96/><T99/><D30/><U85/><E6/><V58/><F58/><W129/><G129/><T3/><D61/><N who="1" m="23659" /><E31/><V82/><F8/><N who="3" m="2095" /><G25/><T49/><D53/><U37/><E37/><V123/><F0/><W54/><G54/><T87/><D7/><U89/><E50/><V14/><F14/><W29/><G29/><T48/><D3/><U56/><E56/><V64/><F64/><N who="3" m="41119" /><G47/><T4/><D4/><U117/><E110/><V76/><F123/><W27/><G27/><T73/><D49/><U41/><E117/><V22/><F24/><W127/><N who="3" m="31744" /><DORA hai="9" /><W113/><G113/><T57/><D73/><U68/><E68/><V92/><F39/><AGARI ba="0,0" hai="38,39,75,77,81" m="31744,41119,2095" machi="39" ten="60,3900,0" yaku="18,1,23,1" doraHai="19,9" who="3" fromWho="2" sc="270,0,271,0,270,-39,189,39" /><INIT seed="5,0,0,3,5,82" ten="270,271,231,228" oya="1" hai0="17,124,90,55,91,48,87,26,24,79,92,132,100" hai1="63,27,131,80,89,32,56,75,3,84,16,14,58" hai2="81,44,5,135,31,67,111,120,66,104,33,47,121" hai3="52,25,38,54,18,61,77,107,12,105,95,115,74"/><U96/><E3/><V85/><F111/><W40/><G115/><T41/><D132/><U116/><E116/><V125/><F104/><W101/><G25/><T37/><D124/><U106/><E75/><V21/><F33/><W133/><G133/><T86/><D37/><U114/><E114/><V129/><F135/><W110/><G110/><T0/><D0/><U7/><E131/><V9/><F129/><W46/><G95/><T134/><D41/><U13/><E7/><V113/><F113/><W20/><G101/><T93/><D134/><U99/><E58/><V15/><F125/><W68/><G68/><T97/><D79/><U88/><E106/><V36/><F36/><W64/><G64/><N who="2" m="24617" /><F121/><W118/><G118/><T73/><D73/><U70/><E70/><V53/><F53/><W28/><G28/><T10/><D10/><U123/><E123/><V69/><F69/><W76/><G76/><T72/><D17/><U108/><E108/><V59/><F59/><W127/><G127/><T51/><D72/><U122/><E122/><V65/><N who="2" m="24625" /><V98/><DORA hai="8" /><F98/><N who="1" m="37417" /><E89/><N who="2" m="51375" /><F120/><W57/><REACH who="3" step="1"/><G54/><REACH who="3" ten="270,271,231,218" step="2"/><T23/><D55/><N who="1" m="34207" /><E32/><V30/><F31/><W6/><G6/><T102/><D26/><AGARI ba="0,1" hai="5,9,15,21,26,30,44,47" m="51375,24625" machi="26" ten="30,3900,0" yaku="8,1,52,2" doraHai="82,8" who="2" fromWho="0" sc="270,-39,271,0,231,49,218,0" /><INIT seed="6,0,0,0,4,121" ten="231,271,280,218" oya="2" hai0="77,27,40,16,115,96,105,25,130,12,81,122,68" hai1="131,14,97,70,52,88,124,18,48,58,49,47,56" hai2="87,128,19,63,11,9,50,110,0,75,109,43,29" hai3="95,132,28,36,116,84,21,123,22,129,86,114,61"/><V79/><F75/><W118/><G123/><T20/><D122/><U44/><E70/><V117/><F117/><W93/><G36/><T120/><D120/><U100/><E131/><V60/><F128/><W24/><G129/><T104/><D130/><U6/><E124/><V102/><F102/><W92/><G132/><T46/><D68/><U135/><E135/><V73/><F73/><W7/><G114/><T91/><D115/><U62/><E6/><V30/><F19/><W127/><G127/><T37/><D105/><U45/><E58/><V72/><F72/><W106/><G106/><T133/><D133/><U34/><E34/><V103/><F103/><W108/><G108/><N who="2" m="41577" /><F50/><W134/><G134/><T119/><D119/><U126/><E100/><V15/><F43/><W3/><G116/><T33/><D104/><U98/><E126/><V54/><F0/><W83/><G3/><T107/><D107/><U53/><E49/><V42/><F42/><W2/><G2/><T94/><D33/><U74/><E74/><AGARI ba="0,0" hai="12,16,20,25,27,37,40,46,74,77,81,91,94,96" machi="74" ten="30,2000,0" yaku="7,1,54,1" doraHai="121" who="0" fromWho="1" sc="231,20,271,-20,280,0,218,0" /><INIT seed="7,0,0,4,3,121" ten="251,251,280,218" oya="3" hai0="15,129,76,24,97,45,135,32,75,27,13,66,9" hai1="123,51,71,44,93,53,55,3,100,95,103,74,88" hai2="109,116,125,22,7,89,38,131,14,25,120,104,70" hai3="54,62,52,50,106,57,84,1,122,68,4,83,128"/><W98/><G128/><T67/><D129/><U10/><E123/><V64/><F131/><W21/><G122/><T126/><D135/><U19/><E71/><V108/><F116/><W85/><G21/><T119/><D119/><U80/><E74/><V127/><F38/><W115/><G115/><T63/><D126/><N who="2" m="48138" /><F104/><W23/><G23/><T33/><D76/><U107/><E107/><V99/><F120/><W30/><G30/><T65/><D75/><U60/><E3/><V59/><F70/><W43/><G43/><T96/><D45/><N who="1" m="27887" /><E80/><V11/><F89/><W73/><G73/><T18/><D63/><U5/><E5/><V78/><F99/><W40/><G40/><T82/><D82/><U17/><E95/><V92/><F92/><W29/><G68/><T16/><D65/><U48/><E60/><N who="2" m="37919" /><F78/><N who="3" m="46199" /><G98/><T12/><D12/><N who="1" m="7319" /><E19/><AGARI ba="0,0" hai="7,11,14,19,22,25,108,109" m="37919,48138" machi="19" ten="30,3900,0" yaku="18,1,52,2" doraHai="121" who="2" fromWho="1" sc="251,0,251,-39,280,39,218,0" owari="251,5.0,212,-29.0,319,42.0,218,-18.0" /></mjloggm>