<mjloggm ver="2.3"><GO type="169" lobby="0"/><UN n0="%E5%A4%A9%E7%85%A7" n1="%E7%A7%81%E3%81%8C%E4%B8%89%E9%87%8D%E3%81%A0" n2="%E3%82%A6%E3%83%AB%E3%83%88%E3%83%A9%E7%AB%8B%E7%9B%B4" n3="%E4%BB%8A%E5%A4%9C%E3%81%8C%E5%B1%B1%E7%94%B0%2E" dan="16,16,16,17" rate="2102.32,2124.55,2168.90,2169.65" sx="M,M,M,M"/><TAIKYOKU oya="0"/><INIT seed="0,0,0,4,0,135" ten="250,250,250,250" oya="0" hai0="95,77,63,55,59,33,25,19,45,131,88,61,37" hai1="21,66,98,126,78,118,42,129,17,71,34,0,11" hai2="130,109,9,15,58,2,80,81,115,18,67,35,41" hai3="5,4,26,3,27,43,49,89,121,119,99,16,74"/><T103/><D131/><U1/><E118/><V83/><F115/><W20/><G119/><T134/><D134/><U38/><E78/><V40/><F35/><W128/><G74/><T7/><D103/><U52/><E42/><V29/><F130/><W124/><G128/><T110/><D77/><U120/><E38/><V31/><F2/><W97/><G121/><T113/><D113/><U114/><E66/><V133/><F133/><W92/><G124/><T70/><D7/><N who="3" m="2633" /><G3/><T8/><D110/><U75/><E71/><V85/><F85/><N who="3" m="52271" /><G27/><T82/><D82/><U117/><E75/><V106/><F106/><W50/><G43/><N who="2" m="16457" /><F109/><W86/><G86/><T56/><D70/><U62/><E34/><V94/><F94/><W13/><G26/><T91/><D37/><U68/><E114/><V116/><F116/><W39/><G39/><T23/><D33/><U122/><E117/><V22/><F9/><W60/><G60/><AGARI ba="0,0" hai="15,18,22,29,31,58,60,67,80,81,83" m="16457" machi="60" ten="30,1000,0" yaku="8,1" doraHai="135" who="2" fromWho="3" sc="250,0,250,0,250,10,250,-10" /><INIT seed="1,0,0,4,1,116" ten="250,250,260,240" oya="1" hai0="45,101,14,91,96,64,100,16,109,84,43,58,19" hai1="18,52,79,22,102,0,129,124,67,50,88,81,95" hai2="132,76,30,82,17,24,37,13,107,131,133,63,80" hai3="40,38,108,92,55,36,3,12,10,48,27,89,71"/><U75/><E124/><V105/><F37/><W6/><G71/><T93/><D109/><U8/><E129/><V104/><F63/><W121/><G121/><T41/><D19/><U65/><E102/><V51/><F51/><W115/><G115/><T7/><D7/><U94/><E94/><V59/><F59/><W56/><G108/><T2/><D2/><U53/><E8/><N who="2" m="6311" /><F76/><W126/><G126/><T85/><D64/><U114/><E0/><V86/><F86/><N who="0" m="33386" /><D58/><U112/><E114/><V73/><F73/><W119/><G119/><T44/><D44/><U21/><E112/><V32/><F131/><W83/><G83/><T49/><D43/><U99/><E53/><V46/><F46/><W11/><G27/><T111/><D111/><U34/><E34/><V39/><F39/><W57/><G57/><T54/><D54/><U113/><E113/><V110/><F110/><W78/><G78/><T1/><D1/><U74/><E74/><V87/><F87/><W130/><G130/><T70/><D70/><U9/><E65/><V5/><F5/><W47/><G47/><T15/><D15/><U127/><E67/><V25/><F25/><W98/><G40/><T28/><D28/><U135/><E127/><V26/><F26/><W23/><G38/><T118/><D118/><U90/><E52/><V69/><F69/><W62/><G36/><T117/><D117/><U42/><E50/><V60/><F60/><W68/><G68/><T134/><D134/><AGARI ba="0,0" hai="24,30,32,80,82,104,105,107,132,133,134" m="6311" machi="134" ten="40,1300,0" yaku="20,1" doraHai="116" who="2" fromWho="0" sc="250,-13,250,0,260,13,240,0" /><INIT seed="2,0,0,4,1,23" ten="237,250,273,240" oya="2" hai0="122,105,50,125,33,100,38,52,104,115,24,95,39" hai1="70,123,56,76,36,81,96,65,133,68,12,117,59" hai2="101,83,82,0,19,9,22,121,91,134,116,73,61" hai3="120,109,15,27,37,1,30,80,55,124,93,85,99"/><V32/><F121/><W64/><G120/><T46/><D115/><U113/><E36/><V108/><F116/><W89/><G1/><T86/><D122/><U130/><E113/><V75/><F101/><W41/><G109/><T71/><D71/><U84/><E130/><V11/><F32/><W87/><G124/><T25/><D125/><U48/><E133/><V5/><F108/><W119/><G119/><T102/><D33/><U79/><E79/><V118/><F118/><W126/><G126/><T74/><D74/><U127/><E59/><V114/><F114/><W66/><G55/><T10/><D10/><U69/><E96/><V4/><F61/><W97/><G15/><T106/><D102/><U29/><E117/><V111/><F111/><W63/><G64/><T135/><D135/><U88/><E76/><V49/><F49/><W51/><G51/><T90/><REACH who="0" step="1"/><D100/><REACH who="0" ten="227,250,273,240" step="2"/><U132/><E132/><V62/><F134/><W128/><G128/><T92/><D92/><U44/><E127/><V98/><F75/><W18/><G93/><T67/><D67/><U94/><E123/><V6/><F73/><W110/><G66/><T54/><D54/><N who="1" m="29959" /><E94/><N who="2" m="56671" /><F11/><W112/><G112/><T53/><D53/><U7/><E65/><V31/><F9/><W107/><G110/><T47/><D47/><U60/><E69/><V2/><F82/><W42/><G80/><T21/><D21/><U43/><E70/><V40/><F83/><W26/><G107/><T72/><D72/><U77/><E68/><V14/><F22/><W78/><G42/><T103/><D103/><U45/><E81/><RYUUKYOKU ba="0,1" sc="227,30,250,-10,273,-10,240,-10" hai0="24,25,38,39,46,50,52,86,90,95,104,105,106" /><INIT seed="3,1,1,3,0,19" ten="257,240,263,230" oya="3" hai0="81,77,107,119,63,104,23,103,122,105,32,53,98" hai1="127,43,28,64,73,133,35,9,89,55,112,88,47" hai2="14,27,134,37,52,59,46,76,18,72,41,10,117" hai3="40,60,54,111,116,131,50,36,78,15,110,113,90"/><W25/><G116/><T83/><D32/><U51/><E73/><V114/><F117/><W67/><G113/><T87/><D119/><U2/><E112/><V130/><F114/><W7/><G78/><T44/><D63/><U58/><E127/><V92/><F130/><W101/><G131/><T31/><D53/><U118/><E133/><V128/><F128/><W6/><G101/><T38/><D44/><U86/><E64/><V61/><F92/><W65/><G40/><T24/><D38/><U42/><E42/><V5/><F134/><W33/><G36/><T74/><D122/><U30/><E35/><V17/><REACH who="2" step="1"/><F27/><REACH who="2" ten="257,240,253,230" step="2"/><W120/><G120/><T79/><AGARI ba="1,2" hai="23,24,31,74,77,79,81,83,87,98,103,104,105,107" machi="79" ten="20,2700,0" yaku="0,1,7,1,52,1" doraHai="19" who="0" fromWho="0" sc="257,50,240,-8,253,-8,230,-14" /><INIT seed="4,0,0,4,2,48" ten="307,232,245,216" oya="0" hai0="78,131,34,65,119,83,14,24,128,71,64,2,6" hai1="111,13,70,106,56,16,114,88,41,102,11,96,55" hai2="47,40,74,68,126,63,4,45,10,53,22,105,108" hai3="134,95,8,20,118,37,44,125,38,36,15,121,130"/><T31/><D119/><U75/><E111/><V29/><F105/><W117/><G125/><T103/><D103/><U58/><E70/><V67/><F126/><W89/><G130/><T42/><D14/><U79/><E114/><V39/><F108/><W33/><G33/><T91/><D91/><U100/><E41/><V92/><F74/><W120/><G20/><T98/><D98/><U107/><E58/><V66/><F66/><W129/><G44/><T19/><D19/><U28/><E28/><V3/><F92/><W76/><G76/><T87/><D42/><U35/><E35/><V1/><F1/><W21/><G21/><T62/><D65/><U81/><E88/><V84/><F84/><N who="3" m="52647" /><G134/><T82/><D82/><U90/><E90/><V77/><F77/><W0/><G0/><T57/><D71/><U9/><E102/><V50/><F22/><W26/><G26/><T52/><REACH who="0" step="1"/><D64/><REACH who="0" ten="297,232,245,216" step="2"/><U7/><E107/><V110/><F110/><W72/><G118/><T115/><D115/><U112/><E112/><V60/><F67/><W54/><G117/><T101/><D101/><U124/><E124/><V132/><F68/><W69/><G69/><T123/><D123/><U116/><E116/><V17/><F40/><W27/><G121/><T104/><D104/><U18/><REACH who="1" step="1"/><E11/><AGARI ba="0,1" hai="2,6,11,24,31,34,52,57,62,78,83,87,128,131" machi="11" ten="40,12000,1" yaku="1,1,52,1,54,1,53,2" doraHai="48" doraHaiUra="127" who="0" fromWho="1" sc="297,130,232,-120,245,0,216,0" /><INIT seed="4,1,0,0,5,102" ten="427,112,245,216" oya="0" hai0="12,125,101,110,6,41,7,72,25,108,97,71,21" hai1="122,5,85,4,10,126,111,37,100,121,23,63,3" hai2="48,19,56,42,105,81,134,60,9,24,84,75,33" hai3="73,109,8,40,45,74,54,59,1,76,114,49,17"/><T62/><D72/><U86/><E37/><V128/><F75/><W80/><G109/><N who="0" m="42091" /><D41/><U77/><E111/><V66/><F128/><W79/><G114/><T78/><D78/><U113/><E126/><V61/><F134/><W116/><G116/><T0/><D0/><U132/><E132/><V89/><F33/><W15/><G1/><T51/><D51/><U14/><E113/><V70/><F105/><W38/><G38/><T18/><D125/><U29/><E100/><V127/><F127/><W129/><G129/><T92/><D71/><U118/><E118/><V57/><F70/><W82/><REACH who="3" step="1"/><G40/><REACH who="3" ten="427,112,245,206" step="2"/><T32/><D32/><U68/><E122/><V53/><F42/><W50/><G50/><T22/><D62/><U90/><E121/><V103/><F48/><W98/><G98/><T120/><D120/><U133/><E133/><V43/><F43/><W30/><G30/><AGARI ba="1,1" hai="6,7,12,18,21,22,25,30,92,97,101" m="42091" machi="30" ten="30,1500,0" yaku="10,1" doraHai="102" who="0" fromWho="3" sc="427,28,112,0,245,0,206,-18" /><INIT seed="4,2,0,5,3,12" ten="455,112,245,188" oya="0" hai0="110,72,31,3,39,63,17,100,21,41,53,0,37" hai1="116,69,129,124,44,45,67,94,46,40,48,107,88" hai2="115,119,78,8,125,66,42,32,57,50,33,26,30" hai3="65,122,134,96,25,9,62,135,15,102,112,108,23"/><T103/><D72/><U105/><E116/><V79/><F119/><W73/><G73/><T128/><D31/><U2/><E2/><V117/><F117/><W64/><G108/><T59/><D110/><U4/><E4/><V109/><F109/><W89/><G89/><T71/><D128/><U24/><E129/><V51/><F33/><W56/><G65/><T75/><D75/><U81/><E124/><V20/><F32/><W36/><G36/><T126/><D126/><U133/><E133/><N who="3" m="50698" /><G112/><T10/><D71/><U5/><E5/><V91/><F115/><W16/><G122/><T97/><D103/><U11/><E81/><V22/><F66/><W121/><G121/><T114/><D10/><U118/><E118/><V19/><F8/><W27/><G9/><T90/><D90/><U111/><E111/><V60/><F91/><W84/><G84/><T104/><D114/><U99/><E11/><V86/><F86/><W130/><G130/><T106/><D106/><AGARI ba="2,0" hai="15,16,23,25,27,56,62,64,96,102,106" m="50698" machi="106" ten="30,3900,0" yaku="20,1,52,1,54,1" doraHai="12" who="3" fromWho="0" sc="455,-45,112,0,245,0,188,45" /><INIT seed="5,0,0,3,5,2" ten="410,112,245,233" oya="1" hai0="102,125,57,104,14,106,61,89,131,17,21,99,35" hai1="122,3,69,111,36,0,23,25,67,84,120,93,94" hai2="135,124,85,109,59,34,40,13,113,30,110,42,33" hai3="43,53,44,41,37,107,1,73,19,97,45,15,103"/><U117/><E36/><V72/><F72/><W126/><G1/><T133/><D35/><U96/><E117/><V79/><F30/><W114/><G73/><T50/><D125/><U18/><E111/><V95/><F33/><W28/><G28/><T87/><D131/><U63/><E3/><V54/><F34/><W49/><G114/><T8/><D133/><U68/><E68/><V115/><F135/><W12/><G126/><T48/><D106/><U78/><E0/><V31/><F31/><W64/><G64/><T83/><D8/><U121/><REACH who="1" step="1"/><E96/><REACH who="1" ten="410,102,245,233" step="2"/><V105/><F110/><W22/><G97/><T132/><D132/><U60/><E60/><V82/><F109/><W10/><G37/><T65/><AGARI ba="0,1" hai="14,17,21,48,50,57,61,65,83,87,89,99,102,104" machi="65" ten="20,1500,0" yaku="0,1,7,1" doraHai="2" who="0" fromWho="0" sc="410,25,102,-7,245,-4,233,-4" /><INIT seed="6,0,0,5,0,23" ten="435,95,241,229" oya="2" hai0="18,87,42,66,79,95,105,76,58,104,36,84,40" hai1="102,61,14,110,74,83,82,29,8,30,69,53,134" hai2="46,78,21,103,72,77,116,121,113,28,68,90,13" hai3="47,96,16,62,0,39,48,106,38,98,92,80,132"/><V57/><F68/><W2/><G106/><T100/><D36/><U3/><E3/><V51/><F121/><W114/><G132/><T5/><D5/><U119/><E119/><V128/><F116/><W88/><G114/><T81/><D66/><U93/><E110/><V60/><F103/><W63/><G38/><T67/><D67/><U130/><E134/><V22/><F72/><W71/><G39/><T4/><D4/><U1/><E1/><V20/><F128/><W115/><G115/><T73/><D58/><U6/><E130/><V86/><F13/><W85/><G71/><T55/><D55/><U129/><E129/><V112/><F112/><W127/><G127/><T111/><D18/><U17/><E74/><V131/><F131/><W133/><G133/><T91/><D111/><U89/><E102/><V24/><F78/><N who="3" m="46231" /><G2/><T123/><D123/><U125/><E125/><V35/><F77/><W108/><G0/><T56/><D56/><U31/><E6/><V43/><F113/><W37/><G37/><T99/><D105/><U117/><E117/><V65/><REACH who="2" step="1"/><F35/><REACH who="2" ten="435,95,231,229" step="2"/><W75/><G75/><T54/><D79/><U52/><E69/><V97/><F97/><W9/><G98/><T120/><D120/><U44/><E61/><V122/><F122/><W70/><G70/><T94/><D73/><U135/><E135/><V11/><F11/><W107/><G108/><T12/><D12/><U45/><E8/><V50/><F50/><W32/><G32/><T109/><D109/><U124/><E124/><V126/><F126/><W34/><G34/><T25/><D100/><RYUUKYOKU ba="0,1" sc="435,-10,95,-10,231,30,229,-10" hai2="20,21,22,24,28,43,46,51,57,60,65,86,90" /><INIT seed="6,1,1,4,0,128" ten="425,85,261,219" oya="2" hai0="115,48,110,33,39,31,98,88,68,117,14,58,56" hai1="18,21,80,24,100,104,103,9,130,91,28,66,5" hai2="71,35,0,19,112,119,72,2,41,131,125,69,124" hai3="15,86,12,105,40,43,123,52,29,62,61,87,82"/><V49/><F35/><W22/><G105/><T106/><D68/><U84/><E130/><V121/><F72/><W95/><G123/><T47/><D39/><U79/><E104/><V20/><F121/><W127/><G127/><T8/><D33/><U34/><E66/><V46/><F131/><W132/><G132/><T89/><D31/><U83/><E83/><V54/><F119/><W111/><G111/><T3/><D3/><U93/><E5/><V7/><F112/><W92/><G29/><T75/><D75/><U74/><REACH who="1" step="1"/><E9/><REACH who="1" ten="425,75,261,219" step="2"/><V64/><F7/><W67/><G67/><T1/><D106/><U133/><E133/><V94/><F64/><W26/><G82/><T60/><D1/><U53/><E53/><V116/><F0/><W17/><G52/><N who="0" m="33863" /><D110/><U107/><E107/><V129/><F2/><W113/><G113/><T37/><D115/><U73/><E73/><V10/><F129/><W97/><G92/><N who="0" m="56583" /><D37/><U44/><E44/><V45/><F45/><W32/><G95/><T101/><D101/><U4/><E4/><V122/><F94/><W70/><G70/><T81/><D56/><U134/><E134/><V109/><F71/><W16/><G43/><T135/><D135/><U27/><AGARI ba="1,2" hai="18,21,24,27,28,34,74,79,80,84,91,93,100,103" machi="27" ten="20,2700,0" yaku="1,1,0,1,7,1,53,0" doraHai="128" doraHaiUra="38" who="1" fromWho="1" sc="425,-8,75,50,261,-14,219,-8" /><INIT seed="7,0,0,3,4,38" ten="417,125,247,211" oya="3" hai0="39,127,22,35,10,17,110,129,2,58,14,61,109" hai1="43,40,94,33,114,78,77,89,124,132,71,21,62" hai2="98,103,29,97,66,100,118,101,53,41,34,5,60" hai3="107,108,130,85,31,72,133,46,81,79,106,24,63"/><W8/><G130/><T93/><D39/><U102/><E33/><V25/><F41/><N who="1" m="15945" /><E71/><V55/><F5/><W68/><G133/><T36/><D36/><U128/><E128/><V116/><F55/><W134/><G134/><T52/><D35/><U4/><E132/><V82/><F53/><W126/><G126/><T7/><D127/><U125/><E114/><V51/><F51/><W54/><G108/><T75/><D75/><U47/><E124/><V111/><F82/><W69/><G72/><T95/><D129/><U76/><E125/><V99/><F111/><W13/><G68/><T20/><D95/><U91/><E47/><V11/><F11/><W57/><G46/><T123/><D123/><U119/><E119/><V73/><F73/><W56/><G56/><T1/><D1/><U87/><E4/><V70/><AGARI ba="0,0" hai="25,29,34,60,66,70,97,98,99,100,101,103,116,118" machi="70" ten="30,1100,0" yaku="0,1" doraHai="38" who="2" fromWho="2" sc="417,-3,125,-3,247,11,211,-5" owari="414,51.0,122,-38.0,258,6.0,206,-19.0" /></mjloggm>