<mjloggm ver="2.3"><GO type="169" lobby="0"/><UN n0="%E9%AD%94%E6%B3%95%E3%81%AE%E3%82%BF%E3%82%B3%E3%82%B9" n1="%E5%87%B6%E4%BB%8B%40%E6%9D%8F%E6%9D%8F%E8%BB%8D%E5%9B%A3" n2="%6C%6F%76%65%79%6F%75" n3="%E3%83%88%E3%83%88%E3%83%AA%E5%85%88%E7%94%9F%31%39%E6%AD%B3" dan="17,16,17,18" rate="2121.76,2114.19,2115.93,2286.00" sx="M,M,M,F"/><TAIKYOKU oya="0"/><INIT seed="0,0,0,0,3,55" ten="250,250,250,250" oya="0" hai0="131,72,15,46,105,133,54,42,130,13,100,24,3" hai1="134,74,29,38,27,57,18,28,115,40,121,17,11" hai2="110,99,48,7,51,20,41,70,4,73,82,52,64" hai3="69,36,67,127,22,43,19,89,107,16,102,119,80"/><T6/><D72/><U92/><E121/><V63/><F110/><W135/><G119/><T98/><D133/><U14/><E74/><V26/><F99/><W2/><G2/><T128/><D54/><U90/><E134/><V111/><F111/><W114/><G114/><T53/><D53/><U108/><E108/><V60/><F48/><W77/><G135/><T113/><D24/><U56/><E40/><V81/><F73/><W8/><G127/><T95/><D95/><U120/><E38/><V126/><F126/><W97/><G8/><N who="0" m="2143" /><D113/><U112/><E120/><V83/><F41/><W32/><G32/><T78/><D78/><U118/><E118/><V71/><F60/><W123/><G123/><T9/><D9/><U34/><E29/><V50/><F70/><W0/><G0/><T93/><D93/><U33/><E33/><V44/><REACH who="2" step="1"/><F51/><AGARI ba="0,0" hai="13,15,42,46,51,98,100,105,128,130,131" m="2143" machi="51" ten="30,1500,0" yaku="19,1" doraHai="55" who="0" fromWho="2" sc="250,15,250,0,250,-15,250,0" /><INIT seed="0,1,0,1,5,62" ten="265,250,235,250" oya="0" hai0="14,115,58,94,1,13,40,65,99,108,22,71,92" hai1="45,90,49,83,124,32,127,59,111,116,130,67,95" hai2="86,29,56,38,107,105,55,91,125,42,17,24,57" hai3="61,135,77,81,6,7,8,84,132,63,73,100,36"/><T114/><D1/><U85/><E116/><V106/><F125/><N who="1" m="48201" /><E32/><V113/><F113/><W33/><G36/><T26/><D71/><U18/><E111/><V3/><F3/><W88/><G33/><T75/><D75/><U9/><E130/><V0/><F0/><N who="3" m="71" /><G100/><T131/><D131/><U10/><E18/><V76/><F76/><W117/><G7/><T41/><D108/><U122/><E122/><V126/><F126/><W82/><G117/><T103/><D114/><U104/><E104/><V52/><F17/><W121/><G121/><T43/><D115/><U44/><E83/><V37/><F24/><W35/><G35/><T4/><D94/><U51/><E45/><V11/><F29/><W30/><G30/><N who="0" m="17751" /><D4/><U66/><E51/><V129/><F129/><W64/><G64/><N who="1" m="24618" /><E59/><V50/><F38/><W112/><G112/><T98/><D58/><U101/><E101/><V70/><F70/><W20/><G20/><T128/><D128/><U109/><E109/><V68/><F68/><W69/><G69/><T74/><D65/><U110/><E110/><V119/><F119/><W46/><G46/><T133/><D103/><U48/><E48/><V15/><F37/><W79/><G63/><T93/><D93/><U78/><E78/><N who="3" m="29706" /><G61/><T28/><D92/><U89/><E89/><V34/><F34/><W19/><G19/><T96/><D28/><U120/><E120/><V87/><F91/><N who="3" m="51599" /><G73/><T118/><D74/><U16/><E16/><N who="2" m="8319" /><F42/><AGARI ba="1,0" hai="9,10,42,44,49,85,90,95" m="24618,48201" machi="42" ten="30,7700,0" yaku="18,1,52,3" doraHai="62" who="1" fromWho="2" sc="265,0,250,80,235,-80,250,0" /><INIT seed="1,0,0,5,5,89" ten="265,330,155,250" oya="1" hai0="38,98,14,35,10,99,42,51,76,83,113,124,19" hai1="4,54,33,27,67,8,90,20,13,18,44,97,109" hai2="107,24,111,104,25,22,63,56,126,91,102,21,2" hai3="108,110,0,32,47,120,125,127,70,45,6,112,50"/><U133/><E133/><V39/><F2/><W11/><G32/><T128/><D113/><U77/><E67/><V64/><F39/><W88/><G112/><T75/><D124/><N who="3" m="47689" /><G70/><T53/><D128/><U26/><E77/><V58/><F126/><W87/><G120/><T74/><D74/><U68/><E68/><V71/><F111/><N who="3" m="42539" /><G50/><T17/><D35/><U85/><E97/><V30/><F102/><W100/><G100/><T93/><D38/><U134/><E109/><V7/><F7/><W34/><G34/><T62/><D42/><U49/><E134/><V31/><F71/><W106/><G106/><T66/><D51/><U131/><E131/><V132/><F132/><W118/><G118/><T103/><D62/><U3/><REACH who="1" step="1"/><E33/><REACH who="1" ten="265,320,155,250" step="2"/><V37/><F37/><W59/><G59/><T115/><D115/><U96/><E96/><V61/><REACH who="2" step="1"/><F91/><REACH who="2" ten="265,320,145,250" step="2"/><W28/><G28/><T116/><D103/><U65/><E65/><AGARI ba="0,2" hai="21,22,24,25,30,31,56,58,61,63,64,65,104,107" machi="65" ten="30,12000,2" yaku="1,1,2,1,7,1,32,3,53,0" doraHai="89" doraHaiUra="82" who="2" fromWho="1" sc="265,0,320,-120,145,140,250,0" /><INIT seed="2,0,0,2,2,54" ten="265,200,285,250" oya="2" hai0="3,10,24,4,105,49,89,68,120,56,88,69,119" hai1="22,51,75,91,84,110,121,36,135,95,78,63,26" hai2="70,65,0,108,99,53,98,58,44,61,11,134,47" hai3="5,32,77,124,66,127,106,81,16,133,71,93,67"/><V27/><F134/><W126/><G106/><T55/><D120/><U97/><E36/><V39/><F108/><W59/><G32/><T31/><D105/><U109/><E121/><V19/><F44/><W116/><G116/><T82/><D119/><U46/><E135/><V34/><F34/><W50/><G133/><T41/><D41/><U132/><E132/><V15/><F27/><W28/><G28/><T94/><D82/><N who="1" m="47191" /><E75/><V115/><F115/><W45/><G5/><T72/><D72/><U25/><E63/><V33/><F33/><W122/><G93/><T83/><D83/><U90/><E90/><V102/><F102/><W73/><G71/><T131/><D131/><U96/><E22/><V130/><F130/><W62/><G122/><T14/><D3/><U113/><E113/><V125/><F125/><W92/><G92/><T112/><D112/><U128/><E128/><V111/><F111/><N who="1" m="42505" /><E97/><V13/><F0/><W30/><G30/><T6/><D89/><U40/><AGARI ba="0,0" hai="25,26,40,46,51,91,95,96" m="42505,47191" machi="40" ten="30,1100,0" yaku="14,1" doraHai="54" who="1" fromWho="1" sc="265,-3,200,11,285,-5,250,-3" /><INIT seed="3,0,0,3,1,14" ten="262,211,280,247" oya="3" hai0="29,16,12,47,15,71,44,19,94,129,89,117,87" hai1="68,107,76,128,73,26,119,1,78,25,88,36,66" hai2="4,56,86,65,69,22,28,115,133,124,106,23,122" hai3="83,108,6,67,41,118,123,81,52,91,84,13,113"/><W75/><G113/><T11/><D117/><U5/><E36/><V116/><F69/><W45/><G118/><T21/><D129/><U51/><E119/><V30/><F86/><W114/><G114/><T101/><D71/><U34/><E128/><V40/><F40/><W97/><G123/><T42/><D42/><U112/><E112/><V48/><F48/><N who="3" m="28687" /><G75/><T95/><D29/><U79/><E73/><V3/><F3/><W32/><G32/><T96/><AGARI ba="0,0" hai="11,12,15,16,19,21,44,47,87,89,94,95,96,101" machi="96" ten="30,8000,1" yaku="0,1,8,1,52,2,54,1" doraHai="14" who="0" fromWho="0" sc="262,80,211,-20,280,-20,247,-40" /><INIT seed="4,0,0,4,3,43" ten="342,191,260,207" oya="0" hai0="55,131,73,97,111,2,1,69,116,122,80,127,115" hai1="24,107,63,90,0,37,13,101,22,27,75,62,132" hai2="81,29,33,85,17,79,45,110,42,123,61,40,3" hai3="95,114,32,130,18,117,60,5,70,120,134,25,128"/><T49/><RYUUKYOKU type="yao9" ba="0,0" sc="342,0,191,0,260,0,207,0" hai0="1,2,49,55,69,73,80,97,111,115,116,122,127,131" /><INIT seed="4,1,0,1,0,104" ten="342,191,260,207" oya="0" hai0="83,125,112,3,86,84,128,14,72,51,68,45,70" hai1="15,12,105,75,40,10,39,11,85,111,0,95,62" hai2="107,29,98,71,76,134,119,129,48,81,47,100,63" hai3="79,113,53,42,69,106,50,49,66,32,89,109,60"/><T127/><D3/><U41/><E105/><V13/><F134/><W65/><G109/><T24/><D112/><U135/><E0/><V67/><F129/><W23/><G32/><T103/><D128/><U93/><E111/><V34/><F13/><W17/><G113/><T28/><D103/><U96/><E135/><V54/><F119/><W88/><G106/><T9/><D70/><U77/><E39/><V82/><REACH who="2" step="1"/><F76/><REACH who="2" ten="342,191,250,207" step="2"/><W35/><G79/><T30/><D14/><U58/><E77/><V91/><F91/><W87/><G89/><T1/><D1/><U21/><E15/><V8/><F8/><W123/><G88/><T20/><D9/><U27/><E11/><V122/><F122/><W55/><G123/><T5/><D127/><U110/><E12/><V16/><F16/><W22/><G17/><T26/><D125/><U99/><E10/><V133/><F133/><W124/><G124/><T132/><D132/><U92/><E110/><V2/><F2/><W56/><G87/><T97/><D84/><U18/><E85/><V57/><F57/><W120/><G120/><T101/><D86/><U37/><E18/><V4/><F4/><W46/><G69/><T118/><D68/><U7/><E58/><V44/><F44/><N who="3" m="25751" /><G35/><N who="0" m="20871" /><D5/><U121/><E7/><V130/><F130/><W114/><G114/><T126/><D126/><U33/><E33/><V78/><F78/><W64/><AGARI ba="1,1" hai="22,23,46,50,53,55,56,60,64,65,66" m="25751" machi="64" ten="30,1100,0" yaku="8,1" doraHai="104" who="3" fromWho="3" sc="342,-6,191,-4,250,-4,207,24" /><INIT seed="5,0,0,3,0,39" ten="336,187,246,231" oya="1" hai0="97,67,135,26,49,88,120,109,123,30,101,82,107" hai1="20,131,25,87,7,100,94,74,72,93,48,15,75" hai2="61,71,23,62,9,21,113,92,3,133,85,57,42" hai3="4,5,80,56,112,127,86,2,35,84,125,41,19"/><U34/><E34/><V8/><F133/><W106/><G106/><T104/><D109/><U28/><E131/><V51/><F71/><W128/><G35/><T44/><D135/><U47/><E100/><V105/><F105/><W0/><G128/><T13/><D104/><U129/><E129/><V115/><F61/><W29/><G29/><T83/><D67/><U103/><E103/><V110/><F110/><W114/><G56/><T46/><D13/><U55/><REACH who="1" step="1"/><E87/><REACH who="1" ten="336,177,246,231" step="2"/><V52/><F113/><W68/><G84/><T134/><D101/><U117/><E117/><V70/><F115/><W90/><G112/><T102/><D102/><U10/><AGARI ba="0,1" hai="7,10,15,20,25,28,47,48,55,72,74,75,93,94" machi="10" ten="40,7800,0" yaku="1,1,0,1,53,1" doraHai="39" doraHaiUra="17" who="1" fromWho="1" sc="336,-26,177,88,246,-26,231,-26" /><INIT seed="5,1,0,5,0,63" ten="310,265,220,205" oya="1" hai0="57,40,38,41,49,134,24,37,82,122,129,50,6" hai1="113,71,133,44,92,9,84,61,96,68,42,102,3" hai2="17,89,127,36,60,90,43,118,64,33,72,25,110" hai3="95,65,126,46,55,21,67,106,62,2,73,85,105"/><U13/><E3/><V119/><F110/><W10/><G73/><T28/><D6/><U74/><E74/><V48/><F36/><W11/><G126/><T7/><D7/><U111/><E113/><V132/><F72/><W52/><G2/><T56/><D129/><U86/><E111/><V22/><F127/><W14/><G106/><T69/><D69/><U19/><E133/><V101/><F101/><W4/><G105/><T75/><D134/><U97/><E71/><V81/><F33/><W0/><G0/><T121/><D75/><U91/><E68/><V12/><F25/><W27/><G11/><T8/><D24/><U79/><E61/><V124/><F132/><W114/><G114/><T130/><D82/><U26/><E26/><V128/><F128/><W51/><G62/><T77/><D130/><U120/><E120/><V115/><F115/><W83/><G55/><T109/><D109/><U29/><E29/><V116/><F81/><W131/><G95/><T35/><D8/><U15/><E15/><V45/><REACH who="2" step="1"/><F124/><REACH who="2" ten="310,265,210,205" step="2"/><W23/><G131/><T117/><D35/><U103/><E103/><V59/><AGARI ba="1,1" hai="12,17,22,43,45,48,59,60,64,89,90,116,118,119" machi="59" ten="30,7900,0" yaku="1,1,2,1,0,1,52,1,53,0" doraHai="63" doraHaiUra="94" who="2" fromWho="2" sc="310,-21,265,-40,210,92,205,-21" /><INIT seed="6,0,0,3,0,2" ten="289,225,302,184" oya="2" hai0="104,112,122,30,132,42,14,20,128,12,68,120,7" hai1="39,121,86,82,8,130,77,26,11,16,34,115,101" hai2="10,3,51,126,133,0,65,108,69,80,72,129,95" hai3="56,113,15,58,54,59,119,63,85,81,45,47,96"/><V37/><F37/><W32/><G119/><T83/><D104/><U91/><E39/><V23/><F129/><W31/><G32/><T92/><D68/><U57/><E130/><V35/><F35/><W49/><G31/><T71/><D71/><U33/><E115/><V98/><F51/><W99/><G113/><T107/><D107/><U75/><E101/><N who="2" m="60639" /><F23/><W88/><G63/><T1/><D128/><U74/><E74/><V106/><F65/><W28/><G28/><T100/><D112/><U87/><E75/><V66/><F66/><W131/><G131/><T114/><D114/><U61/><E34/><V124/><F69/><W70/><G70/><T27/><D132/><U50/><E50/><V13/><F108/><W19/><REACH who="3" step="1"/><G47/><REACH who="3" ten="289,225,302,174" step="2"/><T97/><D30/><U48/><E33/><V123/><F133/><W29/><G29/><T43/><D122/><U6/><E121/><V53/><F123/><W73/><G73/><T67/><D120/><U135/><E61/><V55/><F72/><W94/><G94/><T103/><D92/><U111/><E135/><V21/><F106/><W105/><G105/><T52/><D67/><U22/><E111/><V93/><F93/><W116/><G116/><T84/><D100/><U134/><E134/><V102/><F102/><W25/><G25/><T41/><D103/><U44/><E26/><V36/><F80/><W78/><G78/><T109/><D27/><U40/><E77/><V89/><F89/><W62/><G62/><T38/><D83/><U110/><E82/><V79/><F79/><W4/><G4/><T76/><D7/><RYUUKYOKU ba="0,1" sc="289,-10,225,-10,302,-10,174,30" hai3="15,19,45,49,54,56,58,59,81,85,88,96,99" /><INIT seed="7,1,1,1,3,68" ten="279,215,292,204" oya="3" hai0="65,80,18,61,122,117,38,90,29,76,0,33,85" hai1="44,30,10,114,2,26,77,81,13,31,45,83,47" hai2="88,37,15,35,21,17,91,58,101,48,121,34,96" hai3="86,36,118,70,105,107,49,56,133,66,57,51,134"/><W41/><G118/><T20/><D117/><U52/><E2/><V103/><F37/><W124/><G124/><T11/><D122/><U111/><E111/><V79/><F79/><W63/><G86/><T78/><D38/><U94/><E114/><V100/><F121/><W69/><G105/><T116/><D116/><U46/><E94/><N who="2" m="56391" /><F34/><W72/><G72/><T73/><D33/><U102/><E102/><V110/><F35/><W127/><G107/><T95/><D29/><U125/><E125/><V19/><F91/><W42/><G127/><T62/><D76/><U1/><E1/><V126/><F110/><W108/><G108/><T97/><D65/><U60/><E26/><N who="2" m="14639" /><F126/><W28/><G28/><T131/><D131/><U3/><E31/><V5/><F5/><W132/><G36/><T7/><D73/><U14/><E30/><V12/><F19/><W106/><G106/><T43/><D43/><N who="3" m="16393" /><G69/><T39/><D39/><U27/><E3/><V64/><F48/><AGARI ba="1,1" hai="48,49,51,56,57,63,66,70,132,133,134" m="16393" machi="48" ten="40,7700,0" yaku="20,1,34,2" doraHai="68" who="3" fromWho="2" sc="279,0,215,0,292,-80,204,90" /><INIT seed="7,2,0,4,4,60" ten="279,215,212,294" oya="3" hai0="84,116,75,125,123,58,47,85,121,86,71,26,91" hai1="79,45,1,108,70,82,3,98,48,7,44,124,112" hai2="101,92,54,21,19,49,12,111,11,40,81,15,41" hai3="18,102,126,51,106,64,99,29,53,128,68,66,97"/><W118/><G118/><T77/><D71/><U129/><E108/><V36/><F36/><W0/><G0/><T114/><D58/><U127/><E70/><V27/><F111/><W56/><G68/><T134/><D116/><U88/><E112/><V43/><F81/><W62/><G128/><T50/><D114/><U69/><E69/><V46/><F15/><W14/><G126/><N who="1" m="48170" /><E129/><V5/><F92/><N who="3" m="58663" /><G29/><T117/><D117/><U67/><E67/><N who="3" m="25642" /><G106/><T57/><D134/><U135/><E135/><V103/><AGARI ba="2,0" hai="5,11,12,19,21,27,40,41,43,46,49,54,101,103" machi="103" ten="30,2000,0" yaku="0,1,8,1" doraHai="60" who="2" fromWho="2" sc="279,-7,215,-7,212,26,294,-12" /><INIT seed="8,0,0,4,0,19" ten="272,208,238,282" oya="0" hai0="127,11,63,17,62,80,47,117,13,110,86,18,105" hai1="6,54,30,58,66,94,4,78,124,132,115,0,33" hai2="37,92,21,89,100,76,108,12,61,90,16,119,68" hai3="101,22,118,133,56,32,29,59,43,39,87,130,25"/><T2/><D117/><U31/><E124/><V8/><F108/><W128/><G118/><T135/><D127/><U49/><E132/><V40/><F119/><W36/><G133/><T93/><D135/><U126/><E126/><V129/><F76/><W26/><G101/><T121/><D105/><U111/><E111/><V104/><F40/><W112/><G112/><T75/><D110/><U72/><E115/><V114/><F37/><N who="3" m="14411" /><G87/><T3/><D121/><U131/><E131/><N who="3" m="50218" /><G43/><T122/><D122/><U98/><E33/><V27/><F114/><W134/><G134/><T69/><D75/><U15/><E0/><V60/><F129/><W82/><G82/><T96/><D69/><U67/><E78/><V83/><F68/><W41/><G41/><T116/><D116/><U24/><E72/><V28/><F104/><W38/><G38/><T46/><D86/><U9/><E6/><V102/><F83/><W97/><G97/><T125/><D80/><U81/><E81/><V95/><F100/><W55/><G55/><T7/><D125/><U10/><E10/><V70/><F70/><W113/><G113/><T14/><D96/><U50/><E50/><V5/><F5/><W42/><G42/><T48/><D7/><U88/><E31/><AGARI ba="0,0" hai="22,25,26,29,31,32,56,59" m="50218,14411" machi="31" ten="30,2000,0" yaku="19,1,52,1" doraHai="19" who="3" fromWho="1" sc="272,0,208,-20,238,0,282,20" owari="272,7.0,188,-31.0,238,-16.0,302,40.0" /></mjloggm>