<mjloggm ver="2.3"><GO type="169" lobby="0"/><UN n0="%6C%6F%4A%61%73%6B%69%6E" n1="%58%E7%8C%AB" n2="%E3%82%A6%E3%83%AB%E3%83%88%E3%83%A9%E7%AB%8B%E7%9B%B4" n3="%68%6F%6C%6D%65%73" dan="17,16,17,16" rate="2188.40,2074.36,2149.18,2127.36" sx="M,M,M,M"/><TAIKYOKU oya="0"/><INIT seed="0,0,0,3,3,108" ten="250,250,250,250" oya="0" hai0="30,135,115,94,100,0,61,63,42,14,64,1,133" hai1="93,45,6,2,78,124,107,98,85,24,127,89,105" hai2="9,8,134,60,132,130,70,59,47,76,106,51,29" hai3="36,99,5,54,22,16,37,67,77,3,103,109,20"/><T120/><D120/><U73/><E24/><V102/><F70/><W125/><G109/><T69/><D42/><U83/><E45/><V88/><F76/><W49/><G125/><N who="1" m="48202" /><E6/><V65/><F29/><W32/><G32/><T48/><D48/><U11/><E11/><V82/><F102/><W114/><G67/><T111/><D111/><U90/><E2/><V92/><F82/><AGARI ba="0,0" hai="73,78,82,83,85,89,90,93,98,105,107" m="48202" machi="82" ten="30,3900,0" yaku="18,1,34,2" doraHai="108" who="1" fromWho="2" sc="250,0,250,39,250,-39,250,0" /><INIT seed="1,0,0,5,2,41" ten="250,289,211,250" oya="1" hai0="56,73,52,14,11,16,19,71,22,107,111,40,98" hai1="76,75,15,65,105,45,83,82,26,2,118,9,86" hai2="47,1,79,87,35,96,81,95,74,53,120,39,20" hai3="34,84,113,59,133,6,0,126,78,125,62,55,102"/><U46/><E118/><V122/><F35/><W115/><G34/><T7/><D111/><U30/><E2/><V18/><F1/><W24/><G102/><T92/><D71/><U101/><E65/><V64/><F64/><W124/><G0/><T127/><D73/><U5/><E105/><V43/><F53/><W109/><G6/><T63/><D127/><U36/><E36/><V119/><F74/><W129/><G24/><T130/><D130/><U61/><E101/><V72/><F72/><W132/><G78/><T99/><D107/><U51/><E61/><V25/><REACH who="2" step="1"/><F119/><REACH who="2" ten="250,289,201,250" step="2"/><W134/><G109/><T21/><D40/><U114/><E114/><N who="3" m="43530" /><G84/><T77/><D98/><U88/><E51/><V70/><F70/><W29/><G29/><T57/><D77/><U12/><E12/><V66/><F66/><W112/><G112/><T89/><D57/><U3/><E3/><V27/><F27/><W58/><G59/><T48/><D48/><U93/><E82/><V50/><F50/><W60/><G62/><T68/><D68/><U104/><E104/><V42/><F42/><W91/><G91/><AGARI ba="0,1" hai="18,20,25,39,43,47,79,81,87,91,95,96,120,122" machi="91" ten="30,3900,0" yaku="1,1,7,1,52,1,53,0" doraHai="41" doraHaiUra="10" who="2" fromWho="3" sc="250,0,289,0,201,49,250,-39" /><INIT seed="2,0,0,0,5,93" ten="250,289,250,211" oya="2" hai0="126,134,102,110,0,9,113,129,45,85,54,106,14" hai1="83,41,74,12,27,115,111,107,28,55,20,127,103" hai2="43,70,87,132,88,52,4,26,118,66,48,100,53" hai3="76,15,40,58,18,119,108,32,67,82,19,75,36"/><V10/><F118/><W64/><G108/><T42/><D113/><U38/><E115/><V125/><F125/><W22/><G119/><T94/><D0/><U112/><E112/><V77/><F132/><W135/><G32/><T37/><D110/><U44/><E111/><V73/><F100/><W98/><G135/><T96/><D126/><U68/><E68/><V92/><F73/><W128/><G128/><T78/><D129/><U56/><E127/><V69/><F77/><W49/><G36/><T16/><D134/><U104/><E103/><V95/><F43/><W46/><G58/><T101/><D54/><U122/><E122/><V34/><F95/><W24/><REACH who="3" step="1"/><G98/><REACH who="3" ten="250,289,250,201" step="2"/><T25/><D106/><U80/><E107/><V60/><F70/><W11/><AGARI ba="0,1" hai="11,15,18,19,22,24,40,46,49,64,67,75,76,82" machi="11" ten="20,12000,2" yaku="1,1,2,1,0,1,7,1,53,2" doraHai="93" doraHaiUra="63" who="3" fromWho="3" sc="250,-30,289,-30,250,-60,201,130" /><INIT seed="3,0,0,0,5,26" ten="220,259,190,331" oya="3" hai0="31,55,33,24,20,129,134,89,60,126,124,94,16" hai1="6,92,95,117,23,5,48,96,103,99,127,44,46" hai2="30,27,82,52,8,72,58,111,2,71,39,40,41" hai3="120,35,98,69,84,14,42,73,115,91,135,108,62"/><W128/><G115/><T88/><D134/><U25/><E127/><N who="0" m="48681" /><D129/><U121/><E121/><V18/><F71/><W57/><G120/><T54/><D60/><U107/><E117/><V123/><F111/><W19/><G73/><T17/><D89/><U43/><E107/><V76/><F39/><W109/><G69/><T130/><D130/><U100/><REACH who="1" step="1"/><E46/><REACH who="1" ten="220,249,190,331" step="2"/><V131/><F123/><W113/><G128/><T104/><D104/><U12/><E12/><V37/><F131/><W112/><G14/><N who="0" m="9239" /><D17/><AGARI ba="0,1" hai="5,6,17,23,25,43,44,48,92,95,96,99,100,103" machi="17" ten="30,8000,1" yaku="1,1,7,1,9,1,8,1,53,1" doraHai="26" doraHaiUra="13" who="1" fromWho="0" sc="220,-80,249,90,190,0,331,0" /><INIT seed="4,0,0,4,3,27" ten="140,339,190,331" oya="0" hai0="112,72,21,96,70,10,4,81,98,119,66,75,59" hai1="32,40,129,111,23,60,42,31,63,18,9,91,5" hai2="73,127,48,54,1,37,69,14,45,38,41,53,52" hai3="94,44,86,105,58,17,101,113,108,133,93,103,110"/><T67/><D119/><U124/><E91/><V15/><F1/><W24/><G44/><T77/><D72/><U61/><E111/><V22/><F73/><W50/><G50/><T6/><D70/><U47/><E129/><V68/><F22/><W74/><G58/><T20/><D112/><U92/><E124/><V25/><F25/><W122/><G17/><T62/><D66/><U30/><E92/><V82/><F82/><W109/><G24/><T39/><D39/><N who="2" m="14858" /><F14/><W28/><G28/><N who="1" m="10794" /><E40/><V102/><F15/><W90/><G74/><T19/><D6/><U120/><E32/><V85/><F85/><W13/><G105/><T87/><D75/><U46/><E42/><V29/><F29/><W76/><G76/><T12/><REACH who="0" step="1"/><D21/><REACH who="0" ten="130,339,190,331" step="2"/><U34/><E34/><V49/><F127/><W71/><G71/><N who="2" m="27209" /><F102/><W79/><G103/><T106/><D106/><U55/><E120/><V88/><F88/><W131/><G90/><T57/><D57/><AGARI ba="0,1" hai="41,45,48,49,52,53,54,57" m="27209,14858" machi="57" ten="30,12000,2" yaku="35,5,54,1" doraHai="27" who="2" fromWho="0" sc="130,-120,339,0,190,130,331,0" /><INIT seed="5,0,0,3,3,53" ten="10,339,320,331" oya="1" hai0="80,111,0,115,57,29,1,61,12,67,68,104,34" hai1="122,82,24,65,93,77,42,11,8,49,16,55,135" hai2="15,9,70,100,63,45,23,54,69,96,113,51,90" hai3="133,2,132,73,18,88,72,89,6,33,128,91,20"/><U123/><E42/><V19/><F113/><W81/><G33/><T75/><D111/><U27/><E135/><N who="3" m="51786" /><G128/><T102/><D115/><U131/><E131/><V5/><F90/><W38/><G38/><T22/><D12/><U134/><E134/><V105/><REACH who="2" step="1"/><F63/><REACH who="2" ten="10,339,310,331" step="2"/><W71/><G81/><T62/><D22/><N who="1" m="13383" /><E122/><V107/><F107/><W43/><G43/><T118/><D118/><U85/><E123/><V28/><F28/><W129/><G129/><T92/><D92/><U41/><E93/><V74/><F74/><N who="3" m="28779" /><G71/><T101/><D102/><U124/><E41/><V47/><F47/><W50/><G50/><T44/><D44/><U114/><E114/><V7/><F7/><W99/><G99/><T30/><D30/><U4/><E4/><V26/><AGARI ba="0,1" hai="5,9,15,19,23,26,45,51,54,69,70,96,100,105" machi="26" ten="20,5200,0" yaku="1,1,0,1,7,1,53,1" doraHai="53" doraHaiUra="103" who="2" fromWho="2" sc="10,-13,339,-26,310,62,331,-13" owari="-3,-50.0,313,-9.0,372,47.0,318,12.0" /></mjloggm>