<mjloggm ver="2.3"><GO type="169" lobby="0"/><UN n0="%52%6F%75%74%65%38" n1="%E9%9B%BB%E6%B0%97%E5%B7%A5%E4%BA%8B%E5%B1%8B" n2="%E3%83%88%E3%83%88%E3%83%AA%E5%85%88%E7%94%9F%31%39%E6%AD%B3" n3="%53%69%6D%61%54%6F%6D%6F" dan="16,16,17,16" rate="2079.96,2046.42,2212.26,2075.90" sx="M,M,F,M"/><TAIKYOKU oya="0"/><INIT seed="0,0,0,3,1,87" ten="250,250,250,250" oya="0" hai0="4,65,120,7,36,83,99,44,101,96,74,134,78" hai1="122,86,39,128,73,63,58,133,43,121,24,89,51" hai2="2,59,8,57,112,127,95,111,15,40,0,116,20" hai3="123,85,129,33,113,115,108,79,61,132,107,47,130"/><T41/><D120/><U27/><E73/><V71/><F71/><W29/><G107/><T94/><D134/><U135/><E39/><V12/><F112/><W67/><G123/><T106/><REACH who="0" step="1"/><D65/><REACH who="0" ten="240,250,250,250" step="2"/><U90/><E122/><V26/><F116/><W93/><G67/><T97/><D97/><U131/><E121/><V72/><F127/><W80/><G132/><N who="1" m="50762" /><E43/><V53/><F40/><W75/><G115/><T46/><D46/><U68/><E68/><V34/><F57/><W28/><G47/><T3/><D3/><U54/><E86/><V22/><F0/><W6/><G85/><T66/><D66/><N who="1" m="39287" /><E131/><V81/><F2/><W126/><G113/><T30/><D30/><U42/><E128/><V52/><F59/><W55/><G29/><T49/><D49/><U31/><E42/><V37/><F53/><W70/><G130/><T103/><AGARI ba="0,1" hai="4,7,36,41,44,74,78,83,94,96,99,101,103,106" machi="103" ten="20,7800,0" yaku="1,1,0,1,7,1,53,1" doraHai="87" doraHaiUra="76" who="0" fromWho="0" sc="240,88,250,-26,250,-26,250,-26" /><INIT seed="0,1,0,0,3,76" ten="328,224,224,224" oya="0" hai0="61,38,125,73,9,39,129,116,65,1,55,81,122" hai1="102,98,40,93,31,33,89,119,117,28,101,91,14" hai2="32,123,135,86,12,29,112,3,2,15,49,95,105" hai3="74,127,118,77,85,58,68,82,124,8,13,47,70"/><T43/><D122/><U97/><E40/><V5/><F105/><W56/><G118/><T52/><D116/><U80/><E14/><N who="2" m="5163" /><F49/><W96/><G47/><N who="0" m="24055" /><D39/><U10/><E10/><N who="2" m="2359" /><F95/><W109/><G109/><T75/><D129/><U115/><E115/><V106/><F86/><W107/><G74/><T27/><D27/><U30/><E33/><V11/><F106/><W41/><G41/><T79/><D125/><N who="3" m="48201" /><G107/><T120/><D120/><U62/><E62/><V92/><F92/><W71/><G96/><T60/><D75/><U21/><E119/><V4/><F135/><W111/><G111/><T24/><D24/><N who="1" m="16399" /><E117/><V90/><F90/><W103/><G103/><N who="1" m="39434" /><E98/><V59/><F123/><W36/><G36/><T94/><D94/><U53/><E53/><N who="0" m="20553" /><D65/><U88/><E91/><V7/><F112/><W20/><G20/><T100/><D100/><U134/><E134/><V67/><F67/><W131/><G131/><T126/><D126/><U66/><E66/><V121/><F121/><W84/><G84/><AGARI ba="1,0" hai="30,31,80,84,88,89,93,97" m="39434,16399" machi="84" ten="30,3900,0" yaku="8,1,52,1,54,1" doraHai="76" who="1" fromWho="3" sc="328,0,224,42,224,0,224,-42" /><INIT seed="1,0,0,2,4,34" ten="328,266,224,182" oya="1" hai0="0,109,40,98,126,24,81,121,45,129,61,82,69" hai1="55,88,31,38,22,102,53,116,58,62,47,30,49" hai2="5,110,115,73,16,83,1,85,114,14,27,11,117" hai3="122,96,63,12,125,65,106,60,33,71,64,99,84"/><U57/><E116/><V17/><F73/><W19/><G122/><T4/><D109/><U134/><E134/><V44/><F117/><W74/><G74/><T112/><D112/><N who="2" m="43050" /><F44/><W32/><G125/><T132/><D132/><U105/><E38/><V124/><F124/><W41/><G41/><T25/><D126/><U26/><E102/><V130/><F110/><W35/><G84/><T91/><D129/><U119/><E105/><V20/><F130/><W13/><G106/><T59/><D69/><U50/><E119/><V51/><F51/><W52/><G52/><N who="0" m="34023" /><D0/><U43/><E88/><N who="2" m="51263" /><F17/><AGARI ba="0,0" hai="17,22,26,30,31,43,47,49,50,53,55,57,58,62" machi="17" ten="30,2900,0" yaku="7,1,8,1" doraHai="34" who="1" fromWho="2" sc="328,0,266,29,224,-29,182,0" /><INIT seed="1,1,0,4,5,46" ten="328,295,195,182" oya="1" hai0="50,132,79,123,23,119,80,15,70,20,10,127,130" hai1="86,42,41,75,1,110,115,105,126,124,26,135,125" hai2="77,64,116,53,5,69,6,76,21,93,85,106,107" hai3="65,9,131,87,52,37,32,55,12,133,134,104,63"/><U66/><E75/><V72/><F116/><W40/><G104/><T56/><D119/><U74/><E105/><V129/><F21/><W73/><G73/><T114/><D114/><U95/><E74/><V2/><F72/><W38/><G32/><T112/><D112/><U90/><E1/><V99/><F64/><W128/><G87/><T28/><D70/><U71/><E115/><V121/><F69/><N who="3" m="42175" /><G12/><T27/><D130/><N who="3" m="49705" /><G9/><T103/><D103/><U48/><E26/><V100/><F129/><W0/><G0/><T11/><D23/><U8/><E8/><V118/><F118/><W61/><G61/><T51/><D11/><U47/><E135/><N who="3" m="51722" /><G40/><T43/><D43/><U14/><E14/><V78/><F2/><W68/><G68/><T102/><D15/><U111/><E41/><V92/><F106/><W113/><G113/><T96/><D10/><U29/><E29/><V33/><F33/><W108/><G108/><N who="1" m="41514" /><E66/><V36/><F107/><W83/><G83/><T16/><D80/><U17/><E71/><V18/><F5/><W122/><G122/><T109/><D123/><U98/><E17/><V117/><F6/><W54/><AGARI ba="1,0" hai="37,38,52,54,55" m="51722,49705,42175" machi="54" ten="40,8000,1" yaku="19,1,20,1,34,2,54,1" doraHai="46" who="3" fromWho="3" sc="328,-21,295,-41,195,-21,182,83" /><INIT seed="2,0,0,2,5,27" ten="307,254,174,265" oya="2" hai0="91,48,63,13,83,101,96,132,37,102,58,5,100" hai1="75,77,59,64,86,134,107,61,127,31,128,17,3" hai2="80,130,6,118,67,23,12,108,126,81,76,84,95" hai3="88,0,135,38,33,123,1,19,14,29,131,117,103"/><V60/><F118/><W16/><G38/><T21/><D37/><U89/><E107/><V78/><F130/><W125/><G103/><T32/><D32/><U73/><E128/><V97/><F126/><W2/><G131/><T20/><D132/><U72/><E3/><V4/><F108/><W44/><G44/><T112/><D112/><U93/><E134/><V53/><F53/><W36/><G36/><T52/><D63/><U54/><E127/><V129/><F129/><W26/><G125/><T119/><D119/><U113/><E113/><V18/><F60/><W8/><G135/><T11/><REACH who="0" step="1"/><D83/><REACH who="0" ten="297,254,174,265" step="2"/><U10/><E61/><V94/><F67/><W24/><G117/><T40/><D40/><U43/><E43/><V49/><F49/><W25/><G123/><T46/><D46/><U85/><E64/><V115/><F115/><W121/><G121/><T45/><D45/><U65/><E65/><V106/><F106/><W92/><REACH who="3" step="1"/><G19/><REACH who="3" ten="297,254,174,255" step="2"/><T99/><D99/><AGARI ba="0,2" hai="0,1,2,8,14,16,24,25,26,29,33,88,92,99" machi="99" ten="40,8000,1" yaku="1,1,2,1,52,1,54,2,53,0" doraHai="27" doraHaiUra="111" who="3" fromWho="0" sc="297,-80,254,0,174,0,255,100" /><INIT seed="3,0,0,1,1,132" ten="217,254,174,355" oya="3" hai0="35,25,121,67,79,54,134,13,81,127,61,23,53" hai1="116,52,115,41,77,129,99,126,109,46,33,76,14" hai2="40,114,42,112,108,70,5,65,68,84,104,98,92" hai3="56,75,44,43,32,100,18,66,118,1,105,85,51"/><W34/><G75/><T131/><D121/><U27/><E115/><V130/><F104/><W119/><G1/><T102/><D134/><U117/><E129/><V11/><F130/><W58/><G85/><T19/><D131/><U31/><E109/><V12/><F108/><W110/><G110/><T83/><D102/><U72/><E99/><V107/><F107/><W29/><G18/><T24/><D35/><U88/><E41/><V50/><F84/><W124/><G124/><T86/><D127/><U87/><E14/><V89/><F42/><W135/><G135/><T64/><D81/><N who="1" m="49263" /><E72/><V62/><REACH who="2" step="1"/><F68/><REACH who="2" ten="217,254,164,355" step="2"/><W15/><G105/><T111/><D111/><U125/><E125/><V21/><F21/><W22/><G22/><T20/><D20/><U3/><E126/><V49/><F49/><W16/><G51/><T128/><D128/><U94/><E33/><V123/><F123/><W38/><G34/><T8/><D25/><U93/><E27/><V4/><F4/><W80/><G43/><T10/><D24/><U47/><E31/><V57/><F57/><W63/><G58/><T69/><D69/><U37/><E47/><AGARI ba="0,1" hai="5,11,12,40,47,50,62,65,70,89,92,98,112,114" machi="47" ten="40,1300,0" yaku="1,1,53,0" doraHai="132" doraHaiUra="28" who="2" fromWho="1" sc="217,0,254,-13,164,23,355,0" /><INIT seed="4,0,0,2,4,7" ten="217,241,187,355" oya="0" hai0="55,123,21,73,72,134,112,87,39,18,47,3,34" hai1="6,129,59,61,63,49,29,9,74,48,50,135,1" hai2="37,116,31,98,92,113,70,15,78,58,42,80,71" hai3="4,26,105,33,44,124,132,24,127,89,94,90,95"/><T22/><D123/><U69/><E74/><V52/><F113/><W17/><G105/><T119/><D119/><U86/><E135/><V53/><F116/><W60/><G132/><T20/><D34/><U10/><E129/><V111/><F111/><W64/><G44/><T117/><D117/><U76/><E29/><V12/><F31/><W101/><G101/><T121/><D121/><U84/><E69/><V120/><F120/><W57/><G33/><T100/><D3/><U133/><E133/><V126/><F126/><N who="3" m="48171" /><G4/><T41/><D112/><U51/><E6/><V130/><F130/><W11/><G11/><N who="1" m="4106" /><E1/><V131/><F53/><W115/><G17/><T19/><D55/><N who="1" m="32255" /><E86/><V67/><F131/><W109/><G115/><T56/><D134/><U2/><E2/><V30/><F30/><W97/><G109/><T28/><D28/><U91/><E76/><V102/><F37/><W77/><G77/><T40/><D39/><U107/><E107/><V108/><F108/><W85/><AGARI ba="0,0" hai="24,26,57,60,64,85,89,90,94,95,97" m="48171" machi="85" ten="30,1100,0" yaku="18,1" doraHai="7" who="3" fromWho="3" sc="217,-5,241,-3,187,-3,355,11" /><INIT seed="5,0,0,5,5,76" ten="212,238,184,366" oya="1" hai0="2,89,107,92,28,26,0,38,100,84,39,43,8" hai1="65,120,94,20,109,56,90,47,37,98,3,11,27" hai2="33,77,14,111,133,69,60,46,5,18,80,129,117" hai3="22,86,123,24,125,79,103,63,17,61,134,16,4"/><U82/><E120/><V87/><F117/><W99/><G123/><T67/><D67/><U70/><E70/><V40/><F111/><W131/><G125/><T10/><D2/><U102/><E109/><V122/><F122/><W64/><G134/><T96/><D0/><U36/><E65/><V23/><F133/><W106/><G131/><T97/><D97/><U45/><E37/><V126/><F129/><W101/><G4/><T19/><D19/><N who="1" m="12703" /><E3/><V34/><F126/><W59/><G103/><T48/><D39/><U15/><E56/><V127/><F127/><W29/><G79/><T81/><D107/><U128/><E36/><V12/><F60/><W116/><G116/><T52/><D43/><U62/><E62/><V72/><F69/><W71/><G86/><T50/><D50/><U53/><E53/><AGARI ba="0,0" hai="16,17,22,24,29,53,59,61,63,64,71,99,101,106" machi="53" ten="30,2000,0" yaku="7,1,54,1" doraHai="76" who="3" fromWho="1" sc="212,0,238,-20,184,0,366,20" /><INIT seed="6,0,0,4,3,39" ten="212,218,184,386" oya="2" hai0="77,40,17,86,28,44,43,81,10,76,98,1,92" hai1="32,57,63,80,94,89,88,46,27,69,83,16,75" hai2="48,25,12,111,60,133,127,125,71,126,26,100,49" hai3="55,105,33,62,79,93,135,123,5,59,30,36,35"/><V50/><F133/><W129/><G105/><T90/><D28/><U132/><E69/><V61/><F111/><W106/><G106/><T119/><D119/><U104/><E75/><V42/><F100/><W11/><G123/><T18/><D1/><U67/><E104/><V4/><F71/><W115/><G129/><T38/><D10/><U91/><E32/><V74/><F74/><W103/><G36/><T117/><D117/><U37/><E132/><V22/><F42/><N who="0" m="15914" /><D44/><U122/><E46/><V65/><F65/><W21/><G115/><T121/><D38/><U68/><E68/><V118/><F118/><W101/><G11/><T70/><D70/><U95/><E37/><V64/><F64/><W84/><G21/><T52/><D121/><U96/><E122/><V120/><F120/><W47/><G47/><T66/><D66/><U34/><E34/><V131/><F131/><W58/><G30/><T0/><D0/><U85/><E91/><V19/><REACH who="2" step="1"/><F4/><REACH who="2" ten="212,218,174,386" step="2"/><W29/><G5/><T31/><D52/><U78/><E67/><V128/><F128/><W109/><G55/><T134/><D134/><U6/><E6/><V7/><F7/><W87/><G135/><T15/><D31/><U8/><E96/><V72/><F72/><W9/><G29/><T97/><D97/><U13/><E85/><V82/><F82/><W124/><G87/><T20/><D18/><U53/><E16/><V99/><F99/><W108/><G35/><T73/><D73/><U56/><E53/><V2/><F2/><W23/><G33/><T3/><D3/><U110/><E83/><RYUUKYOKU ba="0,1" sc="212,15,218,-15,174,15,386,-15" hai0="15,17,20,76,77,81,86,90,92,98" hai2="12,19,22,25,26,48,49,50,60,61,125,126,127" /><INIT seed="6,1,1,5,0,73" ten="227,203,189,371" oya="2" hai0="102,44,40,0,134,12,35,69,122,107,85,66,3" hai1="6,128,33,38,78,54,83,117,23,32,4,24,29" hai2="105,51,119,132,130,94,109,125,1,61,19,76,113" hai3="13,62,111,37,57,10,112,5,26,103,16,116,2"/><V106/><F119/><W74/><G111/><T39/><D122/><U101/><E117/><V60/><F1/><W90/><G37/><T91/><D35/><U135/><E38/><V87/><F109/><W124/><G74/><T48/><D134/><U126/><E135/><V114/><F132/><W70/><G70/><T92/><D107/><N who="2" m="40970" /><F130/><W82/><G103/><T9/><D102/><U63/><E101/><V28/><F28/><W21/><G124/><T68/><D48/><U53/><E126/><V11/><F125/><W129/><G129/><T118/><D118/><U46/><E128/><V34/><F34/><W55/><G116/><T15/><D15/><U98/><E98/><V20/><F11/><W100/><G100/><T75/><D75/><U45/><E33/><V72/><F51/><W86/><REACH who="3" step="1"/><G112/><REACH who="3" ten="227,203,189,361" step="2"/><N who="2" m="43113" /><F72/><W120/><G120/><T97/><D39/><U56/><E32/><V52/><F52/><W30/><G30/><T64/><D66/><U108/><E108/><V93/><F93/><W67/><G67/><T22/><D64/><U50/><E54/><V88/><F76/><W95/><G95/><T79/><D79/><U31/><E78/><V104/><N who="2" m="40978" /><V17/><DORA hai="59" /><F17/><W65/><G65/><T96/><D92/><U47/><E31/><V27/><AGARI ba="1,2" hai="19,20,27,60,61,87,88,94" m="43113,40978" machi="27" ten="50,12000,1" yaku="15,1,52,2,54,1" doraHai="73,59" who="2" fromWho="2" sc="227,-41,203,-41,189,143,361,-41" /><INIT seed="6,2,0,0,5,52" ten="186,162,332,320" oya="2" hai0="15,23,65,109,101,14,25,67,90,24,47,12,42" hai1="32,134,6,96,81,94,92,22,114,16,29,79,73" hai2="63,75,61,66,106,62,11,103,126,30,28,113,100" hai3="55,118,78,21,3,93,17,74,35,107,129,115,122"/><V1/><F75/><W104/><G118/><T33/><D109/><U51/><E134/><V72/><F72/><W49/><G122/><T86/><D33/><U76/><E114/><V37/><F37/><W82/><G35/><T34/><D34/><U40/><E79/><V44/><F113/><W48/><G115/><T121/><D121/><U18/><E6/><V83/><F126/><W135/><G3/><T88/><D101/><U46/><E32/><V80/><F66/><W91/><G135/><T95/><D90/><U87/><E73/><V64/><F64/><W69/><G69/><T105/><D105/><U99/><E29/><V131/><F44/><W45/><G49/><N who="0" m="26871" /><D24/><U84/><E84/><V133/><F106/><W5/><G129/><T8/><D8/><U39/><E39/><V125/><F131/><W70/><G70/><T31/><AGARI ba="2,0" hai="12,14,15,23,25,31,65,67,86,88,95" m="26871" machi="31" ten="30,2000,0" yaku="8,1,54,1" doraHai="52" who="0" fromWho="0" sc="186,26,162,-7,332,-12,320,-7" /><INIT seed="7,0,0,2,0,3" ten="212,155,320,313" oya="3" hai0="28,53,49,13,82,93,98,39,30,15,16,23,114" hai1="24,63,83,67,58,88,31,118,8,26,77,105,44" hai2="126,57,10,2,97,75,130,124,61,125,9,5,29" hai3="27,99,117,111,50,79,52,64,19,32,54,6,36"/><W84/><G117/><T78/><D39/><U103/><E118/><V38/><F130/><W41/><G111/><T129/><D129/><U108/><E108/><V110/><F110/><W71/><G6/><T35/><D35/><U106/><E26/><V134/><F38/><W51/><G32/><T25/><D114/><U4/><E44/><V115/><F115/><W100/><G36/><T116/><D116/><U119/><E119/><V46/><F75/><W66/><G71/><T14/><D82/><U42/><E42/><V59/><F134/><W12/><G27/><T85/><D85/><U17/><E17/><V55/><F29/><W43/><G79/><T133/><D78/><U128/><E128/><V7/><F97/><W60/><G84/><T45/><D133/><U87/><E103/><AGARI ba="0,0" hai="13,14,15,16,23,25,28,30,45,49,53,93,98,103" machi="103" ten="40,2600,0" yaku="8,1,54,1" doraHai="3" who="0" fromWho="1" sc="212,26,155,-26,320,0,313,0" owari="238,-16.0,129,-37.0,320,42.0,313,11.0" /></mjloggm>