<mjloggm ver="2.3"><GO type="169" lobby="0"/><UN n0="%E5%A4%A9%E9%87%8E%E9%81%A0%E5%AD%90" n1="%6B%75%72%6F%30%32%34%34" n2="%E5%B0%B1%E6%B4%BB%E7%94%9F%40%E5%B7%9D%E6%9D%91%E8%BB%8D%E5%9B%A3" n3="%E6%80%96%E3%81%8F%E3%81%AA%E3%81%84%E3%81%8A" dan="17,16,18,17" rate="2168.98,2099.62,2303.45,2187.44" sx="F,M,M,M"/><TAIKYOKU oya="0"/><INIT seed="0,0,0,5,4,85" ten="250,250,250,250" oya="0" hai0="0,37,128,100,70,127,101,123,46,25,83,102,29" hai1="11,27,99,4,104,20,134,91,110,2,17,117,24" hai2="53,89,124,55,106,36,64,112,88,62,82,60,92" hai3="42,116,1,58,57,12,131,98,44,69,126,103,19"/><T38/><D123/><U56/><E117/><V63/><F106/><W84/><G69/><T34/><D127/><U54/><E110/><V130/><F112/><W35/><G126/><T66/><D128/><U48/><E134/><V16/><F36/><W105/><G116/><T9/><D83/><U40/><E40/><V50/><F124/><W43/><G43/><T10/><D46/><U22/><E104/><V39/><F39/><W90/><G1/><T81/><D0/><U21/><E24/><V67/><F82/><W87/><G84/><T33/><D33/><U125/><E125/><V68/><F130/><W31/><G31/><T80/><D38/><U97/><E99/><V59/><F92/><W47/><G35/><T96/><D37/><U93/><AGARI ba="0,0" hai="2,4,11,17,20,21,22,27,48,54,56,91,93,97" machi="93" ten="30,2000,0" yaku="0,1,52,1" doraHai="85" who="1" fromWho="1" sc="250,-10,250,20,250,-5,250,-5" /><INIT seed="1,0,0,2,5,101" ten="240,270,245,245" oya="1" hai0="54,20,94,69,42,56,19,24,0,14,107,36,104" hai1="115,122,113,7,35,106,11,112,48,26,47,127,80" hai2="78,97,121,66,102,131,81,86,59,88,21,10,50" hai3="71,95,16,2,46,116,82,117,18,108,123,87,75"/><U25/><E122/><V67/><F131/><W130/><G123/><T93/><D69/><U6/><E127/><V32/><F32/><W77/><G71/><T72/><D0/><U61/><E61/><V85/><F121/><W27/><G2/><T38/><D72/><U111/><E111/><V23/><F10/><W12/><G130/><T3/><D3/><U76/><E106/><V125/><F125/><W40/><G27/><T89/><D93/><U129/><E129/><V83/><F67/><W15/><G108/><T9/><D42/><U30/><E26/><V124/><F124/><W133/><G133/><T53/><D54/><U105/><E105/><V96/><F96/><W8/><G95/><T114/><D114/><U100/><E100/><V118/><F118/><N who="3" m="45675" /><G75/><T119/><D119/><U135/><E135/><V28/><F28/><W33/><G33/><T5/><D38/><U64/><E64/><V132/><F132/><W126/><G126/><T4/><D4/><U134/><E134/><V110/><F110/><W51/><G15/><T17/><D36/><U58/><E58/><V65/><F65/><W73/><G73/><T31/><D31/><U84/><REACH who="1" step="1"/><E11/><REACH who="1" ten="240,260,245,245" step="2"/><V63/><F50/><W98/><G98/><T68/><D68/><U103/><E103/><V55/><F66/><W70/><G70/><T29/><D104/><AGARI ba="0,1" hai="21,23,55,59,63,78,81,83,85,86,88,97,102,104" machi="104" ten="30,3900,0" yaku="7,1,52,1,54,1" doraHai="101" who="2" fromWho="0" sc="240,-39,260,0,245,49,245,0" /><INIT seed="2,0,0,5,1,134" ten="201,260,294,245" oya="2" hai0="41,47,125,121,124,45,102,128,106,1,53,111,27" hai1="90,0,116,122,133,40,73,52,11,75,129,120,81" hai2="67,93,59,71,28,35,33,132,131,70,112,36,117" hai3="8,68,77,88,30,99,118,29,2,34,119,135,94"/><V92/><F36/><W87/><G135/><T110/><D121/><U84/><E133/><V91/><F132/><W82/><G68/><T56/><D1/><U114/><E116/><V79/><F79/><W42/><G42/><T97/><D27/><U98/><E114/><V38/><F38/><W86/><G34/><T127/><D128/><U100/><E40/><V105/><F105/><W83/><G2/><T65/><D65/><U130/><E11/><V113/><F67/><W17/><G119/><T18/><D18/><U50/><E0/><V76/><F76/><W12/><REACH who="3" step="1"/><G118/><REACH who="3" ten="201,260,294,235" step="2"/><T89/><D89/><AGARI ba="0,1" hai="8,12,17,29,30,77,82,83,86,87,88,89,94,99" machi="89" ten="30,12000,2" yaku="1,1,2,1,7,1,8,1,54,1,53,1" doraHai="134" doraHaiUra="5" who="3" fromWho="0" sc="201,-120,260,0,294,0,235,130" /><INIT seed="3,0,0,2,0,11" ten="81,260,294,365" oya="3" hai0="100,45,66,63,29,74,22,17,4,133,23,1,82" hai1="121,120,55,91,42,86,102,27,3,73,26,130,70" hai2="5,109,51,59,106,13,96,85,33,129,78,108,2" hai3="88,19,104,127,65,7,135,114,69,119,118,56,34"/><W75/><G114/><T115/><D115/><U116/><E73/><V134/><F33/><W39/><G104/><T71/><D133/><U58/><E70/><V41/><F2/><W31/><G75/><T123/><D123/><U62/><E3/><V35/><F35/><W54/><G39/><T124/><D124/><U87/><E130/><V36/><F36/><W117/><G7/><T43/><D100/><U107/><E42/><V131/><F134/><W98/><G65/><T8/><D29/><U24/><E116/><V94/><F106/><W105/><G69/><T92/><D92/><U28/><E87/><V79/><F85/><W80/><G127/><T12/><D82/><U126/><E126/><V113/><F113/><W68/><G68/><T6/><D74/><U9/><E28/><V83/><F83/><W21/><G31/><T47/><D6/><U10/><E102/><V25/><F25/><W20/><G20/><T44/><REACH who="0" step="1"/><D23/><REACH who="0" ten="71,260,294,365" step="2"/><U53/><E107/><V16/><F5/><W93/><G80/><T50/><AGARI ba="0,1" hai="1,4,8,12,17,22,43,44,45,47,50,63,66,71" machi="50" ten="20,8000,1" yaku="1,1,2,1,0,1,7,1,52,1,53,0" doraHai="11" doraHaiUra="72" who="0" fromWho="0" sc="71,90,260,-20,294,-20,365,-40" /><INIT seed="4,0,0,0,0,87" ten="161,240,274,325" oya="0" hai0="127,5,49,131,83,24,19,100,30,96,103,6,132" hai1="32,20,82,47,128,66,121,25,111,29,92,80,33" hai2="54,108,65,36,123,43,38,44,57,41,22,63,18" hai3="50,106,104,21,58,78,90,51,64,11,76,28,10"/><T97/><D132/><U120/><E111/><V3/><F3/><W114/><G114/><T124/><D131/><U134/><E128/><V26/><F108/><W60/><G104/><T113/><D113/><U13/><E134/><V93/><F123/><W102/><G102/><T56/><D83/><U112/><E112/><V71/><F93/><W67/><G106/><T122/><D19/><U74/><E66/><V101/><F101/><N who="0" m="38986" /><D122/><U79/><E82/><V55/><F71/><W4/><G64/><T16/><D56/><U45/><E92/><V39/><REACH who="2" step="1"/><F43/><REACH who="2" ten="161,240,264,325" step="2"/><W135/><G135/><T98/><D98/><U61/><E121/><V59/><F59/><W115/><G115/><T35/><D97/><U62/><E120/><V116/><F116/><W2/><G2/><T1/><D96/><U68/><E68/><V42/><F42/><W75/><G58/><T37/><D1/><U85/><E47/><V130/><F130/><W84/><G67/><T17/><D124/><U77/><E45/><V15/><F15/><W46/><G46/><T23/><D127/><U105/><E13/><V34/><F34/><W72/><G60/><T118/><D35/><U53/><E62/><V69/><F69/><W99/><G99/><T88/><D118/><U52/><E61/><V91/><F91/><W133/><G90/><T27/><D88/><N who="1" m="51239" /><E105/><V7/><F7/><W31/><G4/><T95/><D6/><U109/><E109/><V9/><F9/><W119/><G119/><T117/><D5/><U129/><E129/><V81/><F81/><W0/><G0/><T86/><D117/><RYUUKYOKU ba="0,1" sc="161,-10,240,-10,264,30,325,-10" hai2="18,22,26,36,38,39,41,44,54,55,57,63,65" /><INIT seed="5,1,1,5,4,94" ten="151,230,294,315" oya="1" hai0="57,103,25,102,135,7,125,9,128,5,126,91,118" hai1="110,31,86,54,14,133,75,111,48,0,27,131,115" hai2="20,124,69,104,76,11,40,30,12,3,51,117,18" hai3="24,56,109,71,101,80,52,22,4,17,74,37,50"/><U33/><E75/><V120/><F69/><W6/><G37/><T90/><D118/><U65/><E0/><V59/><F104/><W132/><G109/><N who="1" m="41482" /><E115/><V41/><F117/><W129/><G71/><T67/><D135/><U123/><E123/><V8/><F120/><W130/><G132/><T97/><D128/><N who="3" m="49257" /><G101/><T134/><D103/><U127/><E133/><V70/><F70/><W34/><G34/><T106/><D134/><U87/><E131/><V82/><F124/><N who="0" m="47722" /><D25/><U60/><E14/><V29/><F3/><W83/><G83/><T15/><D7/><N who="3" m="2601" /><G80/><T119/><D119/><U49/><E127/><V28/><F82/><W19/><G74/><T1/><D1/><U99/><E65/><V96/><F76/><W107/><G107/><T89/><D89/><U13/><E13/><V95/><F11/><W42/><G42/><T105/><D105/><U36/><E36/><V116/><F8/><W32/><G32/><T62/><AGARI ba="1,1" hai="5,9,15,57,62,67,90,91,97,102,106" m="47722" machi="62" ten="30,2000,0" yaku="18,1,52,1" doraHai="94" who="0" fromWho="0" sc="151,33,230,-11,294,-6,315,-6" /><INIT seed="6,0,0,2,5,40" ten="184,219,288,309" oya="2" hai0="81,109,122,70,2,13,12,107,39,20,59,130,33" hai1="90,9,100,93,49,80,72,4,105,66,124,128,101" hai2="99,134,129,126,28,111,25,5,91,86,96,29,120" hai3="79,43,73,50,58,15,21,131,112,42,16,41,44"/><V133/><F120/><W92/><G131/><T30/><D122/><U116/><E116/><V24/><F129/><W118/><G118/><T125/><D70/><U27/><E128/><V75/><F75/><W57/><G73/><T77/><D39/><U32/><E124/><V52/><F5/><W123/><G123/><T88/><D107/><U117/><E117/><V84/><F91/><W47/><G79/><T132/><D109/><U37/><E37/><V64/><F64/><W0/><G0/><T62/><D2/><U69/><E49/><V51/><F111/><W48/><G43/><T103/><D103/><U18/><E105/><V94/><F94/><W19/><G112/><T17/><D132/><U121/><E121/><V56/><F126/><W61/><G61/><T10/><D130/><U78/><E66/><V113/><F113/><W46/><G46/><T26/><D125/><U115/><E69/><V53/><F51/><W65/><G65/><T106/><D106/><U127/><E127/><V135/><F133/><W35/><G35/><T6/><D77/><U55/><E32/><V54/><F53/><W87/><G19/><T95/><D81/><U119/><E80/><V38/><F38/><W67/><G67/><T108/><D108/><U114/><E119/><V23/><F56/><W82/><G82/><T85/><D59/><U63/><E115/><V97/><F97/><W7/><G7/><T8/><D33/><U31/><E114/><V34/><F34/><W71/><G71/><T60/><AGARI ba="0,0" hai="6,8,10,12,13,17,20,26,30,60,62,85,88,95" machi="60" ten="30,4000,0" yaku="0,1,8,1,54,1" doraHai="40" who="0" fromWho="0" sc="184,40,219,-10,288,-20,309,-10" /><INIT seed="7,0,0,4,1,37" ten="224,209,268,299" oya="3" hai0="15,14,70,64,125,74,81,71,122,31,115,0,112" hai1="121,49,1,91,132,24,72,131,43,48,107,34,127" hai2="25,106,59,87,79,35,88,3,82,67,97,56,38" hai3="96,116,78,94,2,39,50,103,113,76,73,126,84"/><W5/><G116/><T61/><D122/><U13/><E121/><V110/><F3/><W111/><G39/><T29/><D0/><U27/><E1/><V63/><F38/><W100/><G73/><T108/><D108/><U104/><E72/><V105/><F110/><W20/><G126/><T4/><D125/><U98/><E127/><V101/><F106/><W130/><G103/><T36/><D36/><U41/><E34/><V30/><F79/><W32/><G32/><T120/><D71/><AGARI ba="0,0" hai="25,30,35,56,59,63,67,71,82,87,88,97,101,105" machi="71" ten="30,7700,0" yaku="7,1,25,2,54,1" doraHai="37" who="2" fromWho="0" sc="224,-77,209,0,268,77,299,0" owari="147,-35.0,209,-19.0,345,44.0,299,10.0" /></mjloggm>