<mjloggm ver="2.3"><GO type="169" lobby="0"/><UN n0="%E3%82%A6%E3%83%AB%E3%83%88%E3%83%A9%E7%AB%8B%E7%9B%B4" n1="%44%4A%E2%98%86%4B%6F%76%61" n2="%E7%BE%BD%E6%9C%88%E8%8E%89%E9%9F%B3" n3="%38%37%73%65%66" dan="18,16,17,17" rate="2230.56,2096.05,2190.75,2088.93" sx="M,F,F,M"/><TAIKYOKU oya="0"/><INIT seed="0,0,0,4,2,62" ten="250,250,250,250" oya="0" hai0="26,110,107,86,49,82,18,13,46,122,111,128,29" hai1="52,102,48,42,116,31,58,24,20,120,33,28,83" hai2="123,45,61,132,93,53,125,75,51,87,32,96,129" hai3="50,17,98,11,59,44,16,95,127,77,21,5,106"/><T0/><D0/><U8/><E116/><V1/><F123/><W89/><G127/><T30/><D107/><U73/><E120/><V39/><F75/><W40/><G106/><T91/><D128/><U74/><E102/><V47/><F32/><W9/><G77/><T4/><D4/><U3/><E42/><V7/><F125/><W19/><G5/><T81/><D81/><U80/><E3/><V14/><F1/><W133/><G133/><T63/><D63/><U68/><E68/><V118/><F87/><W131/><G131/><T22/><D122/><U57/><E8/><N who="3" m="3146" /><G59/><T76/><D76/><U78/><E80/><V90/><F118/><W12/><AGARI ba="0,0" hai="12,16,17,19,21,40,44,50,89,95,98" m="3146" machi="12" ten="30,2000,0" yaku="8,1,54,1" doraHai="62" who="3" fromWho="3" sc="250,-10,250,-5,250,-5,250,20" /><INIT seed="1,0,0,0,1,94" ten="240,245,245,270" oya="1" hai0="131,18,84,48,37,22,43,49,34,24,44,15,0" hai1="126,103,65,17,41,107,89,117,29,88,134,69,128" hai2="73,124,100,102,76,74,79,116,64,111,59,81,39" hai3="27,11,60,129,95,80,130,87,2,40,45,114,63"/><U16/><E117/><V21/><F39/><W97/><G114/><T106/><D131/><U132/><E128/><N who="3" m="49258" /><G27/><T42/><D106/><U112/><E112/><V13/><F116/><W78/><G11/><T68/><D68/><U105/><E41/><V92/><F111/><W50/><G2/><T123/><D123/><U91/><E126/><V122/><F122/><W19/><G19/><N who="1" m="7242" /><E29/><V110/><F110/><W120/><G120/><T53/><D43/><U62/><E103/><AGARI ba="0,0" hai="40,45,50,60,63,78,80,87,95,97,103" m="49258" machi="103" ten="30,2000,0" yaku="19,1,52,1" doraHai="94" who="3" fromWho="1" sc="240,0,245,-20,245,0,270,20" /><INIT seed="2,0,0,0,5,30" ten="240,225,245,290" oya="2" hai0="96,94,26,120,114,83,129,126,3,74,134,67,5" hai1="92,16,117,66,2,115,58,38,105,18,17,123,49" hai2="80,13,109,28,70,27,89,128,45,8,110,111,14" hai3="0,75,85,100,82,99,43,11,76,35,39,77,56"/><V131/><F70/><W1/><G35/><T91/><D114/><U64/><E115/><V112/><F112/><W22/><G22/><T125/><D3/><U133/><E117/><V98/><F45/><W124/><G77/><N who="0" m="44471" /><D5/><U84/><E105/><V95/><F80/><W10/><G56/><T48/><D48/><U90/><E38/><V6/><REACH who="2" step="1"/><F14/><REACH who="2" ten="240,225,235,290" step="2"/><W42/><G82/><T69/><D69/><U62/><E123/><V4/><F4/><W71/><G71/><T78/><D120/><U20/><E2/><V44/><F44/><W60/><G1/><T23/><D126/><U12/><E133/><V72/><F72/><W103/><G0/><T68/><D125/><U9/><E9/><V122/><F122/><W73/><G124/><T104/><D68/><U31/><E12/><V57/><F57/><W118/><G11/><T24/><D134/><U102/><E58/><V116/><F116/><W52/><G118/><T130/><D130/><U97/><E20/><AGARI ba="0,1" hai="6,8,13,20,27,28,89,95,98,109,110,111,128,131" machi="20" ten="40,7700,0" yaku="1,1,14,1,10,1,53,0" doraHai="30" doraHaiUra="119" who="2" fromWho="1" sc="240,0,225,-77,235,87,290,0" /><INIT seed="2,1,0,2,2,127" ten="240,148,322,290" oya="2" hai0="70,20,6,88,123,117,90,18,12,37,113,73,101" hai1="38,17,50,120,71,39,99,26,11,98,25,122,13" hai2="8,119,42,58,27,115,74,124,55,135,52,82,2" hai3="46,77,132,68,60,121,16,102,131,9,61,47,40"/><V93/><F119/><W29/><G121/><N who="1" m="46698" /><E71/><V83/><F115/><W103/><G29/><T62/><D123/><U105/><E50/><V96/><F124/><W31/><G31/><T28/><D113/><U104/><E98/><V81/><F135/><W41/><G9/><T95/><D37/><N who="1" m="13835" /><E99/><V49/><F74/><W66/><G77/><T91/><D73/><U134/><E134/><V106/><F106/><AGARI ba="1,0" hai="11,13,17,25,26,104,105,106" m="13835,46698" machi="106" ten="40,1300,0" yaku="13,1" doraHai="127" who="1" fromWho="2" sc="240,0,148,16,322,-16,290,0" /><INIT seed="3,0,0,2,3,76" ten="240,164,306,290" oya="3" hai0="130,119,57,91,70,36,41,56,71,1,28,97,83" hai1="68,26,99,111,73,0,60,117,6,79,135,94,59" hai2="89,62,39,18,50,123,66,19,133,78,54,16,100" hai3="35,58,25,8,112,129,103,85,52,20,134,55,84"/><W13/><G112/><T101/><D119/><U23/><E111/><V80/><F39/><W67/><G35/><T9/><D130/><U105/><E105/><V124/><F133/><W32/><G32/><T4/><D28/><U14/><E0/><V88/><F100/><W96/><G129/><T5/><D5/><U33/><E33/><V61/><F123/><W72/><G72/><T3/><D3/><U110/><E110/><V29/><F29/><N who="3" m="17575" /><G67/><T49/><D36/><U113/><E113/><V63/><F66/><W114/><G134/><T118/><D118/><U42/><E68/><V86/><REACH who="2" step="1"/><F124/><REACH who="2" ten="240,164,296,290" step="2"/><W102/><G103/><T11/><D101/><U21/><E135/><V65/><F65/><W37/><G37/><T44/><D71/><U12/><E117/><V47/><AGARI ba="0,1" hai="16,18,19,47,50,54,61,62,63,78,80,86,88,89" machi="47" ten="30,12000,2" yaku="1,1,0,1,8,1,52,1,54,2,53,0" doraHai="76" doraHaiUra="31" who="2" fromWho="2" sc="240,-30,164,-30,296,130,290,-60" /><INIT seed="4,0,0,4,2,81" ten="210,134,426,230" oya="0" hai0="54,23,55,101,111,89,7,70,25,64,68,128,16" hai1="67,123,29,127,69,110,71,43,126,45,28,2,58" hai2="44,38,18,52,122,133,73,114,4,46,32,109,21" hai3="135,96,8,88,19,35,30,99,107,85,118,11,113"/><T57/><D128/><U102/><E2/><V12/><F109/><W129/><G118/><T50/><D111/><U105/><E105/><V134/><F122/><W66/><G113/><T51/><D64/><U31/><E102/><V80/><F32/><W91/><G135/><N who="2" m="51721" /><F38/><W49/><G129/><T103/><D7/><U75/><E110/><V124/><F124/><N who="1" m="47657" /><E123/><V42/><F42/><W39/><G39/><T92/><D68/><N who="1" m="26187" /><E75/><V5/><F114/><W132/><G66/><T60/><D70/><U106/><E106/><V108/><F108/><W26/><G91/><T120/><D120/><U65/><E58/><V125/><F44/><W116/><G116/><T13/><D25/><U20/><E20/><V56/><F46/><W95/><G132/><T22/><D22/><U78/><E78/><N who="2" m="44111" /><F125/><W59/><G107/><T10/><D23/><U37/><AGARI ba="0,0" hai="28,29,31,37,43,45,65,67" m="26187,47657" machi="37" ten="40,1500,0" yaku="18,1" doraHai="81" who="1" fromWho="1" sc="210,-7,134,15,426,-4,230,-4" /><INIT seed="5,0,0,1,3,96" ten="203,149,422,226" oya="1" hai0="89,31,132,90,10,26,119,13,45,114,60,19,88" hai1="22,51,32,124,87,94,115,110,63,105,134,70,61" hai2="122,12,11,116,80,72,18,74,58,76,43,113,97" hai3="48,106,35,53,42,111,64,71,129,59,103,20,37"/><U121/><E121/><V1/><F116/><W130/><G35/><T79/><D119/><U29/><E105/><V2/><F122/><W107/><G20/><T91/><D114/><U82/><E115/><V56/><F74/><W21/><G21/><T81/><D132/><U41/><E134/><V39/><F113/><W23/><G23/><T28/><D26/><N who="1" m="16599" /><E70/><V0/><F97/><N who="3" m="61807" /><G107/><T9/><N who="0" m="22528" /><DORA hai="24" /><T73/><D60/><U52/><E32/><V3/><F3/><W33/><G33/><T6/><REACH who="0" step="1"/><D45/><REACH who="0" ten="193,149,422,226" step="2"/><U83/><E110/><V69/><F76/><W127/><G111/><T15/><AGARI ba="0,1" hai="6,9,10,13,15,19,28,31,73,79,81" m="22528" machi="15" ten="40,12000,2" yaku="1,1,2,1,0,1,52,2,54,1,53,0" doraHai="96,24" doraHaiUra="47,118" who="0" fromWho="0" sc="193,130,149,-60,422,-30,226,-30" /><INIT seed="6,0,0,2,3,33" ten="323,89,392,196" oya="2" hai0="57,3,66,15,83,53,85,28,68,27,133,23,106" hai1="115,90,10,64,17,88,29,102,47,45,99,113,20" hai2="48,11,59,40,56,118,132,110,71,123,87,78,84" hai3="22,61,7,67,73,9,125,65,107,12,82,38,131"/><V2/><F118/><W70/><G125/><T60/><D106/><U72/><E72/><V44/><F123/><W97/><G38/><T80/><D133/><U62/><E29/><V13/><F71/><W54/><G67/><T24/><D15/><U21/><E10/><V51/><F110/><W129/><G54/><T63/><D27/><U119/><E119/><V122/><F2/><W86/><G73/><T46/><D46/><U93/><E45/><N who="2" m="25639" /><F132/><W91/><G107/><T120/><D120/><U31/><E47/><V30/><F30/><W43/><G43/><T41/><D41/><U96/><E31/><V101/><F101/><W58/><G70/><T104/><D104/><U49/><E49/><V95/><F95/><W111/><G111/><T4/><REACH who="0" step="1"/><D85/><REACH who="0" ten="313,89,392,196" step="2"/><U79/><E113/><V35/><F87/><W76/><G86/><T55/><D55/><U39/><E115/><V25/><F25/><W26/><G26/><T127/><D127/><U108/><E108/><V14/><F14/><W37/><G12/><T1/><D1/><U92/><E39/><V112/><F112/><W135/><G37/><T77/><D77/><U100/><E79/><V103/><F84/><W109/><G135/><T52/><D52/><U121/><E121/><V0/><F78/><W81/><G109/><T75/><D75/><U89/><REACH who="1" step="1"/><E17/><REACH who="1" ten="313,79,392,196" step="2"/><V134/><F122/><W18/><G76/><T36/><D36/><U16/><E16/><V8/><F44/><W126/><G18/><T130/><D130/><U42/><E42/><V105/><F134/><W98/><G131/><T116/><D116/><RYUUKYOKU ba="0,2" sc="313,15,79,15,392,-15,196,-15" hai0="3,4,23,24,28,53,57,60,63,66,68,80,83" hai1="20,21,62,64,88,89,90,92,93,96,99,100,102" /><INIT seed="7,1,2,2,2,131" ten="328,94,377,181" oya="3" hai0="69,104,117,83,18,135,129,10,105,85,71,0,70" hai1="40,14,102,19,106,66,65,76,32,26,134,16,124" hai2="51,84,59,132,110,91,43,118,121,111,120,31,67" hai3="79,107,5,103,89,46,35,8,98,22,122,93,99"/><W62/><G35/><T64/><D117/><U88/><E76/><V36/><F118/><W48/><G122/><N who="2" m="47209" /><F132/><W74/><G62/><T24/><D129/><U41/><E124/><V133/><F133/><W37/><G37/><T27/><D64/><U23/><E32/><V86/><F31/><W29/><G29/><T82/><D135/><U11/><E134/><V130/><F130/><W6/><G22/><T13/><D0/><U47/><E106/><V109/><F91/><W17/><G74/><T63/><D63/><U52/><E102/><V44/><F67/><W4/><G79/><T128/><D128/><U33/><E33/><V94/><F94/><W108/><G17/><T123/><D123/><U113/><E113/><V68/><F68/><W28/><G28/><T96/><D96/><U49/><E66/><V39/><F59/><W57/><G57/><T1/><D1/><U119/><E119/><V42/><F42/><W38/><G38/><AGARI ba="1,2" hai="36,38,39,43,44,51,84,86,109,110,111" m="47209" machi="38" ten="40,1300,0" yaku="13,1" doraHai="131" who="2" fromWho="3" sc="328,0,94,0,377,36,181,-16" owari="328,13.0,94,-41.0,413,51.0,165,-23.0" /></mjloggm>