<mjloggm ver="2.3"><GO type="169" lobby="0"/><UN n0="%E3%82%A6%E3%83%AB%E3%83%88%E3%83%A9%E7%AB%8B%E7%9B%B4" n1="%74%6F%72%69%30%36%31%32" n2="%E3%83%9E%E3%83%AB%E3%83%92%E3%83%AD" n3="%E9%9B%BB%E6%B0%97%E5%B7%A5%E4%BA%8B%E5%B1%8B" dan="18,18,16,16" rate="2248.19,2280.67,2107.93,2094.18" sx="M,M,M,M"/><TAIKYOKU oya="0"/><INIT seed="0,0,0,1,5,38" ten="250,250,250,250" oya="0" hai0="110,88,35,39,17,97,15,79,75,122,104,114,6" hai1="19,55,87,27,58,119,74,126,34,96,112,83,90" hai2="101,9,70,51,11,69,52,18,62,29,5,43,68" hai3="121,72,46,125,124,44,50,10,135,113,107,80,42"/><T67/><D114/><U98/><E119/><V105/><F29/><W65/><G107/><T94/><D122/><U61/><E126/><N who="3" m="48746" /><G113/><T59/><D35/><U16/><E74/><V13/><F101/><W14/><G135/><T81/><D39/><U3/><E3/><V133/><F105/><W102/><G102/><T33/><D33/><U117/><E117/><V100/><F100/><W25/><G25/><T45/><D104/><U56/><E112/><V63/><F133/><W47/><G65/><T4/><D110/><U103/><E103/><V20/><F43/><W2/><G2/><T82/><D45/><U129/><E129/><V123/><F123/><W22/><G22/><T32/><D82/><U93/><E27/><V30/><F30/><W48/><G48/><T21/><REACH who="0" step="1"/><D32/><REACH who="0" ten="240,250,250,250" step="2"/><U41/><E34/><V28/><F28/><W57/><G121/><T118/><D118/><U84/><E58/><V115/><F115/><W106/><G57/><T1/><D1/><U0/><E0/><V64/><F70/><W130/><G106/><T99/><D99/><U24/><E98/><V127/><F69/><W89/><G130/><T91/><D91/><U12/><E83/><V108/><F127/><W116/><G116/><T31/><D31/><U23/><REACH who="1" step="1"/><E41/><REACH who="1" ten="240,240,250,250" step="2"/><V76/><F68/><W73/><G42/><T92/><D92/><U71/><E71/><V111/><F111/><W95/><G80/><T120/><D120/><U36/><E36/><V132/><F108/><W86/><G95/><T77/><D77/><U54/><E54/><V37/><F76/><W26/><G89/><RYUUKYOKU ba="0,2" sc="240,15,240,15,250,-15,250,-15" hai0="4,6,15,17,21,59,67,75,79,81,88,94,97" hai1="12,16,19,23,24,55,56,61,84,87,90,93,96" /><INIT seed="0,1,2,2,0,48" ten="255,255,235,235" oya="0" hai0="115,56,57,89,121,24,50,10,104,39,95,51,69" hai1="109,80,26,12,79,118,66,15,34,105,134,98,131" hai2="1,83,8,110,74,88,23,47,111,43,40,45,133" hai3="49,86,67,122,108,4,36,76,42,94,84,59,112"/><T71/><D104/><U135/><E118/><V22/><F133/><N who="1" m="50697" /><E131/><V102/><F102/><W60/><G112/><T91/><D39/><U87/><E109/><N who="2" m="41483" /><F1/><W75/><G122/><T106/><D106/><U116/><E116/><V61/><F8/><W107/><G107/><T58/><D115/><U13/><E66/><V53/><F61/><W41/><G4/><T63/><D121/><U96/><E105/><V103/><F103/><W92/><G75/><T6/><D24/><U3/><E3/><V127/><F127/><W132/><G108/><T70/><D63/><U90/><E79/><N who="2" m="44535" /><F88/><N who="3" m="53255" /><G36/><T20/><D20/><N who="2" m="7722" /><F53/><N who="3" m="32175" /><G132/><T14/><REACH who="0" step="1"/><D91/><REACH who="0" ten="245,255,235,235" step="2"/><U44/><E26/><V64/><F64/><W93/><G76/><T100/><D100/><U114/><E114/><V2/><F2/><W7/><G67/><T9/><D9/><U32/><E32/><V119/><F119/><W123/><G60/><T28/><D28/><U52/><E34/><V17/><F17/><W128/><G123/><T130/><D130/><U78/><E90/><V55/><F40/><W120/><G128/><T38/><D38/><U21/><E21/><V101/><F101/><W27/><G120/><T37/><D37/><U126/><E126/><V82/><F43/><W54/><G42/><T31/><D31/><U46/><E52/><V11/><F55/><W85/><G41/><T68/><N who="0" m="17408" /><DORA hai="5" /><T62/><D62/><U113/><E113/><V30/><F11/><W65/><G54/><T33/><D33/><U99/><AGARI ba="1,3" hai="12,13,15,44,46,78,80,87,96,98,99" m="50697" machi="99" ten="40,1500,0" yaku="20,1" doraHai="48,5" who="1" fromWho="1" sc="245,-8,255,48,235,-5,235,-5" /><INIT seed="1,0,0,4,0,98" ten="237,303,230,230" oya="1" hai0="39,52,76,10,88,60,121,114,94,99,13,100,103" hai1="30,42,16,80,118,33,57,46,11,112,41,126,101" hai2="18,29,74,67,107,127,0,34,28,40,68,109,47" hai3="78,95,125,82,53,87,77,75,91,132,117,63,65"/><U56/><E118/><V64/><F0/><W62/><G117/><T122/><D39/><U66/><E112/><V44/><F74/><W92/><G132/><T108/><D114/><U1/><E30/><V37/><F109/><W25/><G125/><T54/><D76/><U61/><E33/><V97/><F127/><W128/><G128/><T26/><D26/><U111/><E126/><V123/><F123/><N who="0" m="47114" /><D108/><U2/><E80/><V106/><F18/><W14/><G14/><T115/><D115/><U133/><E133/><V90/><F90/><W134/><G134/><T9/><D9/><U6/><E2/><V113/><F113/><W71/><G78/><T129/><D129/><U7/><E7/><V69/><F97/><W23/><G53/><N who="0" m="20587" /><D60/><U116/><E116/><V19/><F37/><W38/><G62/><T124/><D124/><U119/><E119/><V24/><F24/><W27/><G27/><T3/><D3/><U8/><E111/><V130/><F34/><W81/><REACH who="3" step="1"/><G38/><REACH who="3" ten="237,303,230,220" step="2"/><T89/><D89/><U31/><E1/><V55/><F130/><W105/><G105/><T48/><D48/><U17/><E61/><V5/><F107/><W135/><G135/><T51/><D51/><U58/><E6/><AGARI ba="0,1" hai="6,10,13,88,94,99,100,103" m="20587,47114" machi="6" ten="30,8000,1" yaku="13,1,52,2,54,2" doraHai="98" who="0" fromWho="1" sc="237,90,303,-80,230,0,220,0" /><INIT seed="2,0,0,5,4,103" ten="327,223,230,220" oya="2" hai0="9,43,121,115,99,39,7,22,107,2,122,135,32" hai1="134,88,65,5,101,92,77,72,36,116,61,60,17" hai2="26,94,35,14,1,97,23,85,114,111,126,129,46" hai3="37,89,11,28,50,8,86,108,29,3,69,21,71"/><V75/><F75/><W98/><G37/><T80/><D22/><U113/><E36/><V15/><F114/><W70/><G108/><T68/><D115/><U117/><E113/><V52/><F111/><W110/><G110/><T45/><D135/><U106/><E5/><V34/><F1/><W40/><G98/><T130/><D130/><U104/><E17/><V59/><F126/><W100/><G100/><N who="0" m="62879" /><D68/><U27/><E27/><V4/><F129/><W31/><G21/><T56/><D56/><U38/><E38/><V44/><F85/><W30/><G3/><T67/><D67/><U16/><E16/><N who="2" m="12647" /><F35/><W123/><G123/><N who="0" m="47115" /><D80/><N who="1" m="45095" /><E104/><V93/><F34/><AGARI ba="0,0" hai="2,7,9,32,34,39,43,45" m="47115,62879" machi="34" ten="30,2000,0" yaku="23,1,52,1" doraHai="103" who="0" fromWho="2" sc="327,20,223,0,230,-20,220,0" /><INIT seed="3,0,0,2,5,32" ten="347,223,210,220" oya="3" hai0="6,130,39,12,13,102,133,115,101,78,126,94,72" hai1="57,122,135,55,64,105,97,104,110,91,113,54,47" hai2="21,86,34,20,77,124,44,74,93,49,111,84,59" hai3="9,81,132,107,19,80,60,15,31,70,68,48,40"/><W109/><G132/><T106/><D39/><U88/><E122/><V76/><F111/><W121/><G107/><T71/><D71/><U43/><E113/><V73/><F34/><W82/><G121/><T83/><D6/><U129/><E110/><V96/><F124/><W7/><G109/><T98/><D130/><U5/><E64/><V46/><F59/><W2/><G31/><T65/><D65/><U99/><E5/><V24/><F24/><W4/><G60/><T69/><D69/><U66/><E66/><V117/><F49/><W100/><G100/><T0/><D0/><U116/><E116/><V125/><F125/><W53/><G40/><T45/><D45/><U37/><E135/><V123/><F123/><W30/><G7/><T3/><D3/><U87/><E129/><V90/><F90/><W18/><G30/><T95/><D126/><U112/><E55/><V36/><F96/><W75/><G19/><T27/><D133/><U92/><E112/><V8/><F8/><W120/><G75/><T29/><D115/><U14/><E14/><N who="0" m="5737" /><D102/><U38/><E99/><V67/><F67/><W79/><G79/><T52/><D52/><U118/><E118/><V42/><F36/><W10/><REACH who="3" step="1"/><G120/><REACH who="3" ten="347,223,210,210" step="2"/><T61/><D61/><N who="1" m="36023" /><E38/><V23/><F117/><W26/><G26/><T134/><D134/><U25/><E25/><V50/><F74/><W89/><G89/><T63/><D63/><U128/><E128/><V62/><F73/><W28/><G28/><T58/><D27/><U33/><E33/><V108/><F108/><W127/><G127/><T17/><D29/><RYUUKYOKU ba="0,1" sc="347,-15,223,15,210,-15,210,15" hai1="37,43,47,87,88,91,92,97,104,105" hai3="2,4,9,10,15,18,48,53,68,70,80,81,82" /><INIT seed="3,1,1,4,4,45" ten="332,238,195,225" oya="3" hai0="28,27,126,110,62,24,6,71,1,40,83,44,11" hai1="16,38,33,119,74,69,94,77,120,117,20,97,129" hai2="36,21,48,130,58,52,90,59,72,124,32,19,114" hai3="108,103,12,125,91,54,50,131,30,75,26,37,57"/><W132/><G131/><T106/><D106/><U115/><E33/><V76/><F36/><W3/><G3/><T104/><D104/><U73/><E38/><V92/><F32/><W63/><G103/><T109/><D83/><U95/><E69/><V65/><F130/><W25/><G132/><T88/><D88/><N who="1" m="55495" /><E120/><V86/><F114/><W116/><G116/><N who="1" m="44618" /><E115/><V89/><F124/><W113/><G113/><T23/><D27/><N who="1" m="14727" /><E77/><V82/><F90/><W15/><G125/><T22/><D126/><U60/><E129/><V102/><F102/><W2/><G37/><T134/><D134/><U118/><E118/><V56/><REACH who="2" step="1"/><F65/><REACH who="2" ten="332,238,185,225" step="2"/><W61/><G91/><T29/><D110/><U127/><E127/><V43/><F43/><W10/><G108/><T79/><D40/><U78/><E78/><V111/><F111/><W133/><G133/><T35/><D79/><U31/><E31/><V81/><F81/><W107/><G30/><T99/><D29/><U96/><E60/><V121/><F121/><W135/><G63/><T53/><D28/><U87/><E87/><V14/><AGARI ba="1,2" hai="14,19,21,48,52,56,58,59,72,76,82,86,89,92" machi="14" ten="20,16000,3" yaku="1,1,0,1,7,1,25,2,52,1,54,1,53,3" doraHai="45" doraHaiUra="55" who="2" fromWho="2" sc="332,-41,238,-41,185,183,225,-81" /><INIT seed="4,0,0,3,0,46" ten="291,197,368,144" oya="0" hai0="63,34,77,9,57,74,98,97,43,87,18,116,32" hai1="124,125,24,126,35,114,13,100,42,135,44,130,45" hai2="134,56,54,2,41,51,86,121,75,115,103,76,113" hai3="118,107,25,65,83,106,33,96,21,23,84,123,6"/><T82/><D116/><U15/><E130/><V39/><F121/><W119/><G6/><T53/><D74/><U85/><E135/><V127/><F134/><W55/><G65/><T104/><D43/><U60/><E100/><V10/><F127/><W40/><G40/><T91/><D104/><U95/><E45/><N who="2" m="23743" /><F103/><W67/><G67/><T11/><D34/><U68/><E60/><V79/><F86/><W90/><G33/><T20/><D32/><U47/><E47/><V36/><F36/><W7/><G7/><T128/><D128/><U5/><E68/><V30/><F30/><W58/><G123/><T16/><D18/><U71/><E71/><V73/><F73/><W109/><G21/><T1/><D1/><U105/><E105/><V80/><F79/><W99/><G109/><T102/><D102/><U88/><E5/><AGARI ba="0,0" hai="2,5,10,51,54,56,75,76,80,113,115" m="23743" machi="5" ten="30,2000,0" yaku="25,1,52,1" doraHai="46" who="2" fromWho="1" sc="291,0,197,-20,368,20,144,0" /><INIT seed="5,0,0,2,4,72" ten="291,177,388,144" oya="1" hai0="21,102,57,113,80,81,49,7,97,68,44,36,22" hai1="48,112,101,50,63,56,125,129,43,17,114,92,8" hai2="89,133,134,76,5,51,82,122,96,39,131,70,3" hai3="58,106,26,64,20,52,95,74,28,78,69,127,46"/><U105/><E105/><V35/><F39/><W14/><G127/><T117/><D68/><U121/><E121/><V90/><F70/><W132/><G132/><T88/><D117/><U73/><E73/><V123/><F35/><W118/><G118/><T11/><D113/><N who="1" m="43627" /><E129/><V24/><F24/><W115/><G115/><T111/><D111/><U19/><E125/><V40/><F131/><W25/><G106/><T42/><D36/><U93/><E50/><V54/><F40/><W27/><G46/><T83/><D57/><U119/><E119/><V55/><F5/><W65/><G95/><N who="1" m="36426" /><E101/><V12/><F51/><W31/><G69/><T16/><D88/><U61/><E8/><V94/><F90/><W110/><G110/><T59/><D59/><U120/><E63/><V33/><F123/><W84/><G74/><T100/><D97/><U1/><E1/><V126/><F126/><W4/><G65/><T47/><D47/><N who="1" m="25727" /><E120/><V135/><F122/><W87/><G64/><AGARI ba="0,0" hai="17,19,56,61,64" m="25727,36426,43627" machi="64" ten="30,1500,0" yaku="15,1" doraHai="72" who="1" fromWho="3" sc="291,0,177,15,388,0,144,-15" /><INIT seed="5,1,0,1,0,26" ten="291,192,388,129" oya="1" hai0="131,20,111,100,92,83,17,70,15,60,73,79,41" hai1="9,38,123,135,27,40,37,18,30,16,78,134,112" hai2="31,14,68,32,99,11,107,69,81,98,35,6,91" hai3="0,102,24,106,103,56,105,42,74,87,44,54,120"/><U117/><E123/><V115/><F115/><W129/><G0/><T63/><D111/><U76/><E117/><V116/><F116/><W29/><G74/><T49/><D131/><U85/><E112/><V80/><F91/><W110/><G110/><T58/><D70/><U19/><E9/><V64/><F35/><W122/><G129/><T3/><D3/><U101/><E101/><N who="2" m="62903" /><F99/><W61/><G102/><T88/><D100/><U10/><E10/><V66/><F66/><W2/><G87/><N who="0" m="52255" /><D41/><U57/><E57/><V121/><F69/><W96/><G2/><T72/><D72/><U93/><E93/><V50/><F50/><W125/><G125/><T82/><D82/><U48/><E48/><V33/><F33/><W4/><G4/><T133/><D133/><N who="1" m="50699" /><E40/><V5/><F6/><W124/><G124/><T132/><D132/><U47/><E47/><V45/><F45/><W62/><G62/><T34/><D34/><N who="1" m="20831" /><E85/><V21/><F121/><W108/><G108/><T67/><D67/><U118/><E118/><V97/><F64/><W89/><G106/><T90/><D49/><U1/><E1/><V51/><F68/><W55/><G42/><T46/><D46/><U86/><E86/><V39/><F51/><N who="3" m="29031" /><G105/><T25/><D63/><U114/><E114/><V71/><F71/><W8/><G103/><T119/><D119/><U43/><E43/><V23/><F81/><W13/><G122/><T104/><D104/><U126/><E126/><V65/><F80/><W84/><G120/><T109/><D109/><U75/><E75/><V52/><F65/><W77/><G84/><RYUUKYOKU ba="1,0" sc="291,-10,192,30,388,-10,129,-10" hai1="16,18,19,37,38,76,78" /><INIT seed="5,2,0,2,4,0" ten="281,222,378,119" oya="1" hai0="131,87,67,119,47,112,3,26,62,46,57,95,40" hai1="93,73,29,124,109,52,17,111,13,2,107,43,12" hai2="20,81,129,38,70,99,84,36,56,133,8,104,105" hai3="9,41,92,134,53,33,44,15,86,42,14,37,5"/><U77/><E107/><V135/><F70/><W28/><G134/><N who="2" m="51209" /><F129/><W34/><G42/><T22/><D3/><U97/><E2/><V55/><F99/><W68/><G68/><T102/><D119/><U54/><E29/><V1/><F20/><W89/><G28/><T30/><D112/><U18/><E43/><V126/><F126/><W50/><REACH who="3" step="1"/><G15/><REACH who="3" ten="281,222,378,109" step="2"/><T75/><D40/><U65/><E13/><V72/><F1/><W108/><G108/><T76/><D131/><U39/><E124/><V19/><F38/><W125/><G125/><T23/><D30/><U63/><E39/><V113/><F36/><W106/><G106/><T71/><D71/><U100/><E111/><V31/><F104/><W110/><G110/><T64/><D26/><U118/><E109/><V90/><F105/><W35/><G35/><T121/><D121/><U48/><E118/><V24/><F24/><W82/><G82/><T127/><D127/><U6/><E18/><V25/><F81/><W122/><G122/><T98/><D95/><U11/><E17/><V21/><F25/><W83/><G83/><T88/><D22/><U103/><E12/><V51/><F19/><W80/><G80/><T114/><D23/><U91/><E77/><V49/><F21/><W27/><G27/><T117/><D76/><U101/><E73/><V69/><F69/><W116/><G116/><T78/><D75/><U85/><E93/><V60/><F72/><W45/><AGARI ba="2,1" hai="5,9,14,33,34,37,41,44,45,50,53,86,89,92" machi="45" ten="20,5200,0" yaku="1,1,0,1,7,1,52,1,53,0" doraHai="0" doraHaiUra="59" who="3" fromWho="3" sc="281,-15,222,-28,378,-15,109,68" /><INIT seed="6,0,0,4,3,7" ten="266,194,363,177" oya="2" hai0="127,123,133,19,6,114,85,71,36,82,16,89,122" hai1="51,126,132,9,21,44,49,34,31,41,53,104,135" hai2="2,100,3,96,42,55,5,129,88,11,116,50,91" hai3="131,14,67,81,4,17,110,120,101,94,79,32,57"/><V1/><F116/><W130/><G120/><T119/><D36/><U98/><E34/><V74/><F74/><W111/><G32/><T48/><D71/><U70/><E70/><V29/><F29/><W24/><G24/><T80/><D114/><U46/><E126/><V109/><F42/><W62/><G4/><T93/><D133/><N who="1" m="51275" /><E9/><V54/><F129/><W37/><G37/><T18/><D127/><U47/><E47/><V86/><F55/><W30/><G30/><T97/><D119/><U63/><E63/><V52/><F54/><W59/><G59/><T90/><D6/><U75/><E75/><V84/><F84/><W26/><G26/><T27/><D27/><N who="1" m="16879" /><E98/><V95/><F109/><W10/><G130/><T66/><D66/><U103/><E103/><V117/><F117/><W73/><REACH who="3" step="1"/><G131/><REACH who="3" ten="266,194,363,167" step="2"/><T61/><D123/><U115/><E115/><V58/><F5/><W65/><G65/><T108/><D122/><U99/><E46/><V118/><F118/><W22/><G22/><T33/><D33/><U92/><E51/><V40/><F50/><W128/><G128/><T107/><D48/><U102/><E53/><V13/><F58/><W83/><G83/><T12/><D82/><U106/><AGARI ba="0,1" hai="41,44,49,92,99,102,104,106" m="16879,51275" machi="106" ten="30,1100,0" yaku="20,1" doraHai="7" who="1" fromWho="1" sc="266,-3,194,21,363,-5,167,-3" /><INIT seed="7,0,0,1,5,104" ten="263,215,358,164" oya="3" hai0="38,98,25,35,65,34,102,132,9,46,129,31,53" hai1="76,60,23,120,36,43,126,12,15,71,112,108,2" hai2="41,21,79,51,81,87,16,100,22,113,82,110,63" hai3="96,130,7,128,24,94,33,11,70,26,95,124,54"/><W52/><G70/><T99/><D129/><N who="3" m="49769" /><G124/><T78/><D132/><U17/><E2/><V109/><F113/><W44/><G44/><T85/><D65/><U68/><E112/><V62/><F100/><N who="3" m="60439" /><G95/><T1/><D85/><U66/><E120/><V45/><F82/><W77/><G77/><T115/><D78/><U40/><E71/><V19/><F110/><W83/><G83/><T73/><D99/><U116/><E108/><V135/><F135/><W18/><G18/><N who="2" m="6697" /><F109/><W14/><G26/><T97/><D98/><U6/><E36/><V57/><F57/><W117/><G117/><T125/><D97/><U74/><E126/><V86/><F87/><W58/><G58/><T122/><D102/><U121/><E116/><V90/><F79/><W61/><G61/><AGARI ba="0,0" hai="21,22,41,45,51,61,62,63,81,86,90" m="6697" machi="61" ten="30,2000,0" yaku="8,1,54,1" doraHai="104" who="2" fromWho="3" sc="263,0,215,0,358,20,164,-20" owari="263,6.0,215,-18.0,378,48.0,144,-36.0" /></mjloggm>