<mjloggm ver="2.3"><GO type="169" lobby="0"/><UN n0="%50%6F%6B%65%70%6F%6B%65" n1="%46%75%6E%54%69%6D%65" n2="%E3%80%90%E7%BD%AA%E6%AD%8C%E3%80%91" n3="%E3%82%A6%E3%83%AB%E3%83%88%E3%83%A9%E7%AB%8B%E7%9B%B4" dan="16,16,18,17" rate="2064.67,2082.23,2246.98,2219.45" sx="M,M,F,M"/><TAIKYOKU oya="0"/><INIT seed="0,0,0,2,0,56" ten="250,250,250,250" oya="0" hai0="78,83,82,15,121,32,62,10,115,8,46,70,44" hai1="74,111,50,80,89,59,49,42,18,72,57,107,98" hai2="116,88,76,65,53,7,26,122,4,92,110,51,97" hai3="35,71,79,24,68,12,31,9,105,20,58,52,55"/><T17/><D121/><U77/><E111/><V75/><F110/><W3/><G105/><T6/><D115/><U34/><E74/><V131/><F131/><W95/><G79/><T1/><D32/><U13/><E34/><V41/><F122/><W127/><G127/><T128/><D128/><U118/><E118/><V29/><F116/><W39/><G39/><T14/><D1/><U87/><E42/><V22/><F41/><W104/><G104/><T101/><D101/><U69/><E69/><V132/><F132/><W106/><G106/><T81/><REACH who="0" step="1"/><D78/><REACH who="0" ten="240,250,250,250" step="2"/><U60/><E77/><V86/><F75/><W5/><G3/><T47/><D47/><U66/><E72/><V119/><F119/><W103/><G35/><T135/><D135/><U36/><E36/><V84/><F76/><W113/><G113/><T85/><D85/><N who="2" m="32874" /><F65/><AGARI ba="0,1" hai="6,8,10,14,15,17,44,46,62,65,70,81,82,83" machi="65" ten="40,3900,0" yaku="1,1,52,1,53,0" doraHai="56" doraHaiUra="94" who="0" fromWho="2" sc="240,49,250,0,250,-39,250,0" /><INIT seed="0,1,0,1,4,22" ten="289,250,211,250" oya="0" hai0="94,32,111,43,11,135,120,126,110,83,60,28,64" hai1="36,102,6,96,76,98,133,45,125,115,121,5,119" hai2="7,132,114,19,48,58,124,71,13,9,77,105,92" hai3="21,49,25,0,88,56,63,38,16,101,53,24,91"/><T69/><D120/><U107/><E121/><V118/><F114/><W75/><G38/><T100/><D135/><U55/><E119/><V30/><F71/><W12/><G75/><T15/><D126/><U33/><E33/><V106/><F77/><W134/><G134/><T108/><D43/><U39/><E133/><V68/><F68/><W127/><G127/><T93/><D83/><U2/><E125/><V113/><F113/><W112/><G112/><T72/><D72/><U14/><E2/><V18/><F30/><W50/><G101/><T8/><D100/><U3/><E3/><V61/><F118/><W90/><G0/><T34/><D8/><U51/><E115/><V78/><F78/><W66/><REACH who="3" step="1"/><G50/><REACH who="3" ten="289,250,211,240" step="2"/><T59/><D69/><AGARI ba="1,1" hai="12,16,21,24,25,49,53,56,63,66,69,88,90,91" machi="69" ten="40,12000,2" yaku="1,1,2,1,52,2,54,2,53,0" doraHai="22" doraHaiUra="79" who="3" fromWho="0" sc="289,-123,250,0,211,0,240,133" /><INIT seed="1,0,0,3,1,65" ten="166,250,211,373" oya="1" hai0="103,9,114,116,23,107,38,100,130,129,109,99,81" hai1="16,17,94,64,71,61,5,59,120,135,57,34,128" hai2="42,108,66,49,78,75,44,80,121,0,74,12,72" hai3="83,22,11,95,119,87,118,37,102,93,101,48,70"/><U1/><E120/><V33/><F121/><W30/><G48/><T24/><D114/><U2/><E34/><V4/><F108/><W126/><G11/><T36/><D116/><U62/><E128/><N who="0" m="49257" /><D109/><U67/><E135/><V63/><F33/><W40/><G87/><T86/><D103/><U85/><E71/><V98/><F98/><W122/><G70/><T79/><D9/><U20/><E5/><V8/><F12/><W60/><G60/><T15/><D15/><U96/><E85/><V6/><F6/><W14/><G93/><T13/><D13/><U18/><REACH who="1" step="1"/><E20/><REACH who="1" ten="166,240,211,373" step="2"/><V69/><AGARI ba="0,1" hai="0,4,8,42,44,49,63,66,69,72,74,75,78,80" machi="69" ten="20,2700,0" yaku="0,1,7,1,52,1" doraHai="65" who="2" fromWho="2" sc="166,-7,240,-13,211,37,373,-7" /><INIT seed="2,0,0,0,1,40" ten="159,227,248,366" oya="2" hai0="133,72,134,86,70,135,7,119,22,30,129,74,21" hai1="128,11,50,57,118,103,0,68,124,89,69,93,55" hai2="6,10,47,45,126,44,97,106,92,132,36,84,31" hai3="24,56,38,104,39,79,37,112,108,33,130,32,60"/><V58/><F126/><W28/><G104/><T113/><D113/><U96/><E118/><V91/><F132/><W20/><G108/><T122/><D122/><U123/><E124/><V105/><F31/><W81/><G130/><T117/><D70/><U62/><E128/><V85/><F36/><W27/><G27/><T16/><D129/><U59/><E123/><V88/><F58/><W116/><G116/><N who="0" m="44619" /><D86/><U34/><E34/><V51/><F51/><W127/><G112/><T65/><D65/><U131/><E131/><V94/><F97/><W52/><REACH who="3" step="1"/><G127/><REACH who="3" ten="159,227,248,356" step="2"/><T3/><D135/><U46/><E0/><AGARI ba="0,1" hai="0,6,10,44,45,47,84,85,88,91,92,94,105,106" machi="0" ten="40,12000,1" yaku="9,1,52,3,54,1" doraHai="40" who="2" fromWho="1" sc="159,0,227,-120,248,130,356,0" /><INIT seed="2,1,0,4,0,29" ten="159,107,378,356" oya="2" hai0="73,105,97,5,12,13,66,52,6,91,102,88,41" hai1="119,79,134,86,115,100,28,68,22,37,65,127,135" hai2="64,48,96,103,43,14,31,50,125,36,58,108,57" hai3="122,132,110,94,9,75,53,70,59,120,81,60,80"/><V90/><F125/><W16/><G70/><T3/><D73/><U0/><E100/><V56/><F90/><W84/><G110/><T129/><D129/><U109/><E65/><V113/><F113/><W11/><G132/><T44/><D66/><U133/><E79/><V7/><F108/><W42/><G42/><T124/><D124/><U39/><E86/><V107/><F64/><W72/><G94/><T63/><D3/><U46/><E68/><V26/><F7/><W76/><G72/><T62/><D13/><U101/><E101/><V123/><F14/><W121/><REACH who="3" step="1"/><G16/><REACH who="3" ten="159,107,378,346" step="2"/><T21/><D41/><U131/><E134/><V1/><F123/><W33/><G33/><T126/><D126/><U118/><E135/><V38/><F43/><W77/><AGARI ba="1,1" hai="9,11,53,59,60,75,76,77,80,81,84,120,121,122" machi="77" ten="40,8000,1" yaku="1,1,0,1,53,2" doraHai="29" doraHaiUra="78" who="3" fromWho="3" sc="159,-21,107,-21,378,-41,346,93" /><INIT seed="3,0,0,2,2,24" ten="138,86,337,439" oya="3" hai0="106,115,1,75,132,15,112,125,128,27,57,33,76" hai1="90,9,85,5,111,23,100,48,133,104,14,55,123" hai2="46,52,39,17,121,51,89,124,53,131,21,102,119" hai3="28,42,129,65,6,101,61,30,35,126,114,44,3"/><W12/><G35/><T43/><D106/><U107/><E123/><V70/><F119/><W135/><G3/><T95/><D1/><U45/><E111/><V22/><F70/><W71/><G114/><T109/><D109/><U62/><E133/><V83/><F121/><W64/><G129/><T56/><D132/><U38/><E38/><V130/><F102/><W118/><G118/><T13/><D128/><N who="2" m="49194" /><F39/><W79/><G65/><T49/><D95/><U0/><E0/><V47/><F124/><W97/><G79/><T68/><D68/><U36/><E36/><V18/><F89/><W84/><G84/><T73/><D27/><U99/><E23/><N who="2" m="8715" /><F83/><W98/><G126/><T19/><D125/><U96/><E62/><V110/><F110/><W60/><G60/><T93/><D93/><U122/><E122/><V26/><F26/><W78/><G78/><T81/><D81/><U108/><E108/><V88/><F88/><W117/><G117/><T40/><D76/><U66/><E99/><V69/><F69/><W77/><G77/><T25/><D25/><U31/><E96/><V86/><F86/><W80/><G80/><T82/><D82/><N who="1" m="49463" /><E100/><V134/><F134/><W10/><G135/><T67/><D33/><U74/><E74/><V50/><AGARI ba="0,0" hai="17,18,46,47,50,51,52,53" m="8715,49194" machi="50" ten="30,2000,0" yaku="19,1,54,1" doraHai="24" who="2" fromWho="2" sc="138,-5,86,-5,337,20,439,-10" /><INIT seed="4,0,0,3,4,91" ten="133,81,357,429" oya="0" hai0="43,93,125,51,115,67,27,8,12,66,74,20,23" hai1="122,31,40,88,76,70,87,38,120,62,15,71,132" hai2="17,90,127,19,59,22,112,86,37,117,0,68,118" hai3="60,2,94,45,42,52,72,102,46,32,99,35,121"/><T63/><D74/><U89/><E31/><V30/><F68/><W10/><G72/><T119/><D115/><U96/><E76/><V130/><F37/><W124/><G124/><T69/><D125/><U80/><E132/><V97/><F0/><W73/><G73/><T39/><D39/><U48/><E38/><V109/><F109/><W111/><G111/><T58/><D119/><U25/><E25/><V83/><F112/><W5/><G121/><T92/><D69/><U79/><E122/><V129/><F30/><W55/><G42/><T85/><D67/><U135/><E135/><V84/><F84/><W128/><G128/><N who="2" m="49257" /><F127/><W100/><G100/><T16/><D85/><U103/><E120/><V11/><F59/><W78/><G78/><T3/><D3/><U64/><E71/><V82/><F82/><W24/><G102/><T110/><D110/><U108/><E108/><V28/><F97/><W75/><G99/><T98/><D98/><U29/><E29/><V123/><F123/><W41/><G2/><T18/><D8/><U33/><E33/><V6/><F28/><W50/><G75/><T7/><D7/><U101/><E15/><N who="2" m="7423" /><F6/><W21/><G5/><T131/><D131/><U57/><E103/><V9/><F9/><W105/><G10/><T54/><D66/><U81/><E80/><V104/><F104/><W26/><G105/><T133/><D133/><U56/><E70/><V13/><AGARI ba="0,0" hai="13,19,22,83,86,90,117,118" m="7423,49257" machi="13" ten="30,1100,0" yaku="19,1" doraHai="91" who="2" fromWho="2" sc="133,-5,81,-3,357,11,429,-3" /><INIT seed="5,0,0,0,5,126" ten="128,78,368,426" oya="1" hai0="119,91,122,95,33,107,42,60,50,104,59,100,133" hai1="99,27,13,123,108,40,125,70,82,53,124,106,34" hai2="6,12,31,32,87,69,74,37,86,18,46,45,14" hai3="84,93,22,94,85,105,121,65,21,128,43,135,130"/><U116/><E116/><V58/><F69/><W71/><G105/><T15/><D119/><U89/><E123/><V132/><F74/><W75/><G43/><T118/><D118/><U10/><E108/><V29/><F32/><W52/><G52/><T51/><D33/><U78/><E70/><V47/><F37/><W134/><G65/><T36/><D36/><U76/><E40/><V88/><F132/><W56/><G56/><T7/><D133/><U17/><E34/><V26/><F86/><W54/><G54/><T79/><D79/><U114/><E114/><V9/><F26/><W41/><G41/><T110/><D110/><U67/><E67/><V68/><F58/><W49/><G71/><T117/><D117/><U101/><E27/><V35/><F35/><W113/><G75/><T8/><D122/><U2/><E2/><V80/><REACH who="2" step="1"/><F68/><REACH who="2" ten="128,78,358,426" step="2"/><W129/><G135/><T48/><D59/><U109/><E109/><V28/><F28/><W77/><G134/><T81/><D42/><U111/><E111/><V11/><AGARI ba="0,1" hai="6,9,11,12,14,18,29,31,45,46,47,80,87,88" machi="11" ten="30,12000,2" yaku="1,1,0,1,8,1,54,1,53,2" doraHai="126" doraHaiUra="5" who="2" fromWho="2" sc="128,-30,78,-60,358,130,426,-30" /><INIT seed="6,0,0,2,5,47" ten="98,18,488,396" oya="2" hai0="35,42,67,130,90,85,49,92,99,100,84,34,12" hai1="68,3,19,116,105,33,113,78,70,9,58,51,39" hai2="50,108,15,102,20,56,24,118,63,71,7,45,91" hai3="77,22,13,122,119,44,124,28,0,127,117,40,27"/><V74/><F118/><W125/><G122/><T26/><D130/><U23/><E116/><V59/><F74/><W38/><G0/><T132/><D132/><U75/><E39/><V115/><F115/><W134/><G134/><T32/><D67/><U61/><E113/><V120/><F120/><W103/><G103/><T129/><D129/><U135/><E33/><V55/><F108/><W14/><G14/><T110/><D110/><U111/><E111/><V57/><F102/><W101/><G77/><T54/><D42/><U98/><E135/><V87/><F71/><W131/><G131/><T76/><D12/><U36/><E36/><V112/><F112/><W4/><REACH who="3" step="1"/><G101/><REACH who="3" ten="98,18,488,386" step="2"/><T17/><D76/><U25/><E78/><V86/><F15/><W66/><G66/><T123/><D123/><U16/><E75/><V82/><F7/><W37/><G37/><T73/><D100/><U6/><E105/><V95/><F24/><W60/><G60/><T48/><D73/><U41/><E98/><V21/><F63/><W83/><G83/><T2/><D99/><U72/><E72/><V89/><AGARI ba="0,1" hai="20,21,45,50,55,56,57,59,82,86,87,89,91,95" machi="89" ten="30,6000,0" yaku="0,1,8,1,52,1" doraHai="47" who="2" fromWho="2" sc="98,-20,18,-20,488,70,386,-20" owari="78,-32.0,-2,-50.0,558,65.0,366,17.0" /></mjloggm>