<mjloggm ver="2.3"><GO type="169" lobby="0"/><UN n0="%E3%82%A6%E3%83%AB%E3%83%88%E3%83%A9%E7%AB%8B%E7%9B%B4" n1="%7A%6B%75%72%74" n2="%E3%83%A1%E3%82%AB%E3%82%BC%E3%83%83%E3%83%88%E3%83%B3" n3="%4F%53%43%37%37%37" dan="17,17,18,16" rate="2142.94,2189.46,2219.34,2072.80" sx="M,M,M,M"/><TAIKYOKU oya="0"/><INIT seed="0,0,0,2,5,5" ten="250,250,250,250" oya="0" hai0="134,61,13,16,94,40,113,24,106,17,8,133,91" hai1="23,42,32,66,109,119,37,120,9,70,123,102,2" hai2="80,18,87,56,98,135,78,57,62,11,117,10,26" hai3="48,6,125,132,36,79,65,95,12,15,4,88,73"/><T53/><D106/><U85/><E32/><V74/><F135/><N who="0" m="51722" /><D113/><U50/><E37/><V99/><F117/><W21/><G132/><T129/><D40/><U49/><E119/><V58/><F74/><W14/><G36/><T31/><D129/><U44/><E102/><V96/><F62/><W101/><G101/><T29/><D61/><U92/><E23/><AGARI ba="0,0" hai="10,11,18,23,26,56,57,58,78,80,87,96,98,99" machi="23" ten="40,5200,0" yaku="8,1,52,2" doraHai="5" who="2" fromWho="1" sc="250,0,250,-52,250,52,250,0" /><INIT seed="1,0,0,2,0,2" ten="250,198,302,250" oya="1" hai0="63,95,98,29,46,36,16,67,37,22,69,73,85" hai1="92,99,127,59,70,102,52,17,96,34,41,6,43" hai2="84,1,8,19,38,88,132,131,18,45,14,3,135" hai3="97,94,104,31,26,53,57,77,54,15,47,106,13"/><U116/><E116/><V21/><F131/><W121/><G121/><T80/><D29/><U83/><E34/><V58/><F58/><W28/><G106/><T27/><D73/><U114/><E114/><V130/><F130/><W111/><G104/><T71/><D71/><U113/><E113/><V20/><F45/><W25/><G77/><T133/><D133/><N who="2" m="51274" /><F38/><W55/><G47/><T56/><D69/><U87/><E70/><V79/><F79/><W39/><G39/><T86/><D37/><U33/><E33/><V124/><F124/><W7/><G7/><T90/><REACH who="0" step="1"/><D80/><REACH who="0" ten="240,198,302,250" step="2"/><U129/><E129/><V105/><F105/><W68/><G68/><T91/><D91/><U109/><E127/><V48/><F48/><W93/><G111/><T107/><D107/><U12/><E109/><V72/><F72/><W123/><G123/><T108/><D108/><U117/><E117/><V66/><F88/><N who="3" m="55463" /><G94/><T62/><D62/><N who="1" m="36199" /><E99/><V0/><F84/><W65/><G57/><T122/><D122/><U11/><E17/><N who="2" m="6155" /><F66/><W60/><G65/><T51/><D51/><U100/><E100/><V74/><F74/><W30/><G60/><T75/><D75/><U23/><E23/><V64/><F64/><W128/><G128/><T61/><D61/><U126/><E126/><V112/><F112/><W119/><G119/><T5/><D5/><AGARI ba="0,1" hai="0,1,3,5,8,14,20,21" m="6155,51274" machi="5" ten="40,8000,1" yaku="20,1,34,2,52,1" doraHai="2" who="2" fromWho="0" sc="240,-80,198,0,302,90,250,0" /><INIT seed="2,0,0,4,5,11" ten="160,198,392,250" oya="2" hai0="0,19,4,28,40,110,78,107,29,111,68,91,131" hai1="133,121,82,81,73,21,32,34,13,67,42,112,20" hai2="57,126,25,12,44,84,45,124,27,30,69,97,129" hai3="23,56,43,14,37,50,6,80,76,2,93,33,114"/><V101/><F69/><W117/><G117/><T115/><D107/><U77/><E112/><V8/><F57/><W7/><G33/><T62/><D78/><U128/><E133/><V71/><F71/><W39/><G2/><T46/><D115/><U59/><E128/><V9/><F84/><W94/><G114/><T24/><D131/><U54/><E67/><V79/><F79/><W87/><G37/><T58/><D68/><U85/><E42/><V15/><F129/><W108/><G39/><T35/><D29/><U100/><E100/><V75/><F75/><W118/><G118/><T134/><D134/><U66/><E66/><V16/><F97/><W116/><G116/><T55/><D4/><N who="3" m="1577" /><G108/><T53/><D0/><U119/><E119/><V70/><F101/><W49/><G49/><T47/><D91/><U17/><E21/><V130/><F70/><W26/><G26/><T127/><D127/><N who="2" m="48682" /><F130/><W98/><G98/><T1/><D1/><U103/><E103/><V10/><F10/><W120/><G120/><T90/><D90/><U63/><E121/><V74/><F74/><W92/><G56/><T64/><D47/><N who="2" m="17994" /><F30/><W38/><G38/><T60/><D60/><U132/><E132/><V51/><F51/><W123/><G123/><T41/><D19/><AGARI ba="0,0" hai="8,9,12,15,16,19,25,27" m="17994,48682" machi="19" ten="30,11600,0" yaku="18,1,52,2,54,1" doraHai="11" who="2" fromWho="0" sc="160,-116,198,0,392,116,250,0" /><INIT seed="2,1,0,0,1,47" ten="44,198,508,250" oya="2" hai0="134,56,114,109,68,8,89,66,101,126,55,106,92" hai1="117,87,121,41,33,50,96,118,7,75,84,31,104" hai2="133,111,22,112,18,39,49,12,105,46,51,28,2" hai3="60,5,16,80,69,76,35,95,127,15,120,97,100"/><V71/><F2/><W45/><G127/><T27/><D114/><U88/><E75/><V9/><F71/><W58/><G120/><T32/><D126/><U125/><E125/><V73/><F73/><W17/><G69/><T20/><D134/><U83/><E121/><V122/><F105/><W124/><G35/><T0/><D109/><U98/><E7/><V108/><F122/><W128/><G128/><T48/><D32/><U74/><E74/><V52/><F112/><W63/><G63/><T6/><D106/><U78/><E33/><V3/><F133/><W53/><G45/><T11/><D101/><U115/><E31/><V44/><F39/><W85/><G124/><T26/><D11/><AGARI ba="1,0" hai="5,11,15,16,17,53,58,60,76,80,85,95,97,100" machi="11" ten="40,2600,0" yaku="8,1,54,1" doraHai="47" who="3" fromWho="0" sc="44,-29,198,0,508,0,250,29" /><INIT seed="3,0,0,5,1,96" ten="15,198,508,279" oya="3" hai0="35,102,95,12,27,92,133,7,33,65,14,50,51" hai1="17,98,87,104,9,57,113,111,105,55,121,15,100" hai2="101,82,90,69,10,32,39,52,89,25,119,114,112" hai3="13,116,120,19,1,85,118,3,99,62,84,6,53"/><W38/><G120/><T91/><D133/><U117/><E121/><V45/><F69/><W18/><G38/><T115/><D115/><U70/><E113/><V30/><F119/><W88/><G99/><N who="0" m="59775" /><D35/><U73/><E73/><V49/><F39/><W130/><G130/><T44/><D33/><U54/><E70/><V20/><F101/><W37/><G37/><T75/><D75/><U41/><E117/><V86/><F32/><W64/><G53/><N who="0" m="29895" /><D65/><U59/><E41/><V103/><F103/><W60/><G6/><T106/><D106/><U124/><E105/><V68/><F68/><W5/><G5/><T21/><D51/><U78/><E124/><V94/><F10/><W129/><G129/><T77/><D77/><U110/><E78/><V48/><F49/><W132/><G64/><T128/><D7/><U29/><E29/><V61/><F61/><W72/><G72/><T125/><D125/><U11/><E87/><AGARI ba="0,0" hai="20,25,30,45,48,52,82,86,87,89,90,94,112,114" machi="87" ten="30,2000,0" yaku="7,1,54,1" doraHai="96" who="2" fromWho="1" sc="15,0,198,-20,508,20,279,0" /><INIT seed="4,0,0,4,4,35" ten="15,178,528,279" oya="0" hai0="70,45,132,8,0,48,80,12,119,3,49,66,52" hai1="65,115,86,68,57,79,62,46,89,61,97,59,76" hai2="38,82,75,72,109,24,81,43,69,85,134,129,50" hai3="122,11,22,30,54,84,133,100,5,10,91,64,117"/><T103/><D119/><U101/><E115/><V9/><F69/><W74/><G117/><T41/><D132/><U128/><E128/><V121/><F38/><W77/><G122/><T51/><D103/><U28/><E46/><V131/><F109/><W60/><G133/><T21/><D21/><U4/><E28/><V32/><F9/><W37/><G37/><T112/><D112/><U107/><E4/><V116/><F134/><W92/><G100/><T114/><D114/><U31/><E31/><V106/><F106/><W1/><G10/><T67/><D80/><U111/><E111/><V55/><F43/><W18/><G77/><T34/><D34/><U126/><E126/><V88/><F116/><W94/><G74/><T98/><D98/><U42/><E42/><V7/><F121/><W135/><G30/><T99/><D99/><U118/><E118/><V120/><F7/><W123/><G54/><T130/><D130/><N who="2" m="49674" /><F24/><W26/><G135/><T83/><D83/><N who="2" m="31754" /><F32/><W17/><G123/><T39/><D52/><U40/><E40/><V87/><F120/><W27/><G94/><T104/><D104/><U125/><E125/><V108/><F88/><W102/><G102/><T23/><D23/><U78/><E62/><V90/><F90/><W127/><G127/><T93/><D93/><U36/><E36/><V20/><F20/><N who="3" m="13583" /><G60/><N who="0" m="40263" /><D67/><U110/><E110/><V14/><F108/><W63/><G63/><T105/><D105/><U56/><E68/><V53/><F53/><W19/><G64/><T44/><D44/><U71/><E71/><V73/><F14/><W16/><AGARI ba="0,0" hai="1,5,11,16,18,19,22,27,84,91,92" m="13583" machi="16" ten="30,4000,0" yaku="5,1,52,1,54,1" doraHai="35" who="3" fromWho="3" sc="15,-20,178,-10,528,-10,279,40" owari="-5,-51.0,168,-23.0,518,62.0,319,12.0" /></mjloggm>