<mjloggm ver="2.3"><GO type="169" lobby="0"/><UN n0="%E3%82%A6%E3%83%AB%E3%83%88%E3%83%A9%E7%AB%8B%E7%9B%B4" n1="%E5%87%B1%E7%AB%A0" n2="%E3%82%89%E3%81%81%E3%82%89" n3="%E4%BA%94%E3%81%B2%E3%82%83%E3%81%90%E3%81%88%E3%82%93" dan="18,16,16,16" rate="2275.65,2122.21,2094.39,2071.75" sx="M,M,F,M"/><TAIKYOKU oya="0"/><INIT seed="0,0,0,0,3,11" ten="250,250,250,250" oya="0" hai0="58,46,54,94,49,107,7,110,86,19,6,20,36" hai1="76,34,119,5,26,105,69,102,111,29,10,1,122" hai2="96,75,77,38,16,112,78,99,114,84,74,87,113" hai3="62,121,100,15,101,92,43,48,108,50,8,57,33"/><T109/><D107/><U133/><E122/><V70/><F70/><W27/><G108/><N who="0" m="41579" /><D36/><U88/><E111/><V3/><F38/><W130/><G130/><T2/><D2/><U18/><E119/><V72/><F16/><W83/><G101/><T17/><D17/><U134/><E76/><N who="2" m="29291" /><F3/><W44/><G121/><T21/><D21/><U56/><E56/><V51/><F51/><W64/><G33/><T31/><D31/><U81/><E69/><V60/><F60/><W39/><G27/><T132/><D132/><U41/><E41/><V28/><F28/><W128/><G128/><T14/><D46/><U82/><E18/><V104/><F104/><W32/><G32/><T93/><D93/><U90/><E81/><V115/><N who="2" m="29184" /><DORA hai="66" /><V129/><F129/><W63/><G83/><T127/><D127/><U103/><E82/><V45/><F45/><W25/><G25/><T98/><D86/><AGARI ba="0,0" hai="72,74,75,84,86,87,96,99" m="29184,29291" machi="86" ten="70,8000,1" yaku="28,2,34,2" doraHai="11,66" who="2" fromWho="0" sc="250,-80,250,0,250,80,250,0" /><INIT seed="1,0,0,1,1,24" ten="170,250,330,250" oya="1" hai0="112,44,94,4,37,15,61,39,104,76,10,46,93" hai1="80,50,7,90,75,14,128,111,122,97,6,113,51" hai2="74,65,52,49,22,35,29,38,33,126,11,84,96" hai3="123,18,89,95,48,82,120,108,20,26,92,3,117"/><U28/><E122/><V40/><F74/><W88/><G108/><T19/><D104/><U60/><E113/><V132/><F65/><W16/><G3/><T134/><D112/><U23/><E128/><V0/><F40/><W130/><G130/><T8/><D134/><U119/><E119/><V91/><F96/><W54/><G82/><T107/><D107/><U106/><E111/><V12/><F38/><W83/><G83/><T2/><D39/><U72/><E72/><V102/><F102/><W55/><G117/><T124/><D124/><U105/><E105/><V31/><F0/><W127/><G127/><T86/><D37/><U73/><E73/><V56/><F35/><W9/><G55/><T30/><D76/><U66/><E106/><V109/><F33/><W68/><G68/><T62/><D30/><N who="2" m="11274" /><F132/><W70/><G70/><T27/><D2/><U45/><E75/><V118/><F109/><W101/><G123/><T133/><D133/><U110/><E110/><V43/><F43/><W25/><G101/><T79/><D86/><U131/><E131/><V21/><F118/><W32/><G32/><T121/><D121/><U114/><E114/><V57/><F57/><W116/><G116/><T34/><D34/><U36/><E36/><V103/><F103/><W125/><G125/><T85/><D46/><U5/><E97/><V71/><F71/><W59/><G120/><T13/><D44/><U53/><E45/><V99/><F99/><W98/><G98/><T115/><D115/><U69/><E69/><V63/><F126/><W64/><G64/><T100/><D100/><RYUUKYOKU ba="0,0" sc="170,0,250,0,330,0,250,0" /><INIT seed="2,1,0,5,2,25" ten="170,250,330,250" oya="2" hai0="77,42,15,21,12,120,86,20,49,10,90,22,91" hai1="27,28,58,18,107,98,31,135,133,71,106,124,76" hai2="41,32,5,30,100,85,54,83,95,7,53,38,119" hai3="112,126,92,37,80,127,3,67,66,50,74,4,131"/><V79/><F119/><W114/><G3/><T116/><D120/><U93/><E71/><V134/><F134/><N who="1" m="51209" /><E76/><V97/><F54/><W33/><G4/><T113/><D113/><N who="3" m="43625" /><G33/><T110/><D110/><U125/><E58/><V64/><F64/><N who="3" m="24619" /><G92/><T105/><D105/><N who="1" m="39947" /><E27/><V121/><F121/><W130/><G80/><N who="0" m="47375" /><D116/><U24/><E24/><V63/><F53/><W101/><G74/><T57/><D15/><U132/><E18/><V61/><F63/><W117/><G101/><T103/><D103/><N who="1" m="60879" /><E132/><V129/><F61/><W96/><G96/><T56/><D56/><U72/><E72/><V81/><F97/><W115/><G37/><T45/><D57/><U128/><E128/><N who="3" m="49194" /><G117/><T47/><D47/><U104/><E104/><V26/><F38/><W59/><N who="3" m="43633" /><W89/><DORA hai="111" /><G89/><T40/><D40/><U11/><E11/><V99/><F41/><W17/><G17/><AGARI ba="1,0" hai="10,12,17,20,21,22,42,45,49,90,91" m="47375" machi="17" ten="30,1000,0" yaku="8,1" doraHai="25,111" who="0" fromWho="3" sc="170,13,250,0,330,0,250,-13" /><INIT seed="3,0,0,5,0,131" ten="183,250,330,237" oya="3" hai0="118,65,61,52,59,72,135,42,99,120,57,43,100" hai1="121,14,19,47,128,87,4,66,60,103,113,35,71" hai2="77,30,8,27,84,36,45,119,28,97,112,73,115" hai3="82,105,116,98,58,67,15,95,9,80,3,81,26"/><W1/><G116/><T16/><D72/><U22/><E121/><V44/><F73/><W107/><G105/><T102/><D120/><U55/><E113/><V5/><F97/><W21/><G107/><T13/><D118/><U125/><E128/><V7/><F84/><W56/><G3/><T48/><D135/><U90/><E35/><V92/><F92/><W31/><G1/><T110/><D110/><U2/><E103/><N who="0" m="39465" /><D99/><U49/><E125/><V17/><F119/><W104/><G104/><T132/><D132/><U74/><E74/><V37/><F17/><N who="3" m="8431" /><G67/><T39/><D39/><U41/><E2/><V53/><F53/><W133/><G133/><T134/><D134/><U108/><E108/><V33/><F8/><AGARI ba="0,0" hai="8,13,16,42,43,48,52,57,59,61,65" m="39465" machi="8" ten="30,3900,0" yaku="8,1,54,2" doraHai="131" who="0" fromWho="2" sc="183,39,250,0,330,-39,237,0" /><INIT seed="4,0,0,5,0,129" ten="222,250,291,237" oya="0" hai0="4,47,49,94,31,118,100,87,126,45,18,68,58" hai1="42,96,36,130,54,13,90,35,85,122,25,97,71" hai2="80,72,133,82,128,63,55,112,38,61,98,67,109" hai3="34,23,43,70,132,108,33,119,111,14,65,113,40"/><T106/><D68/><U1/><E122/><V17/><F38/><W19/><G119/><T75/><D118/><U21/><E130/><V8/><F109/><W110/><G113/><T37/><D126/><U73/><E73/><V62/><F67/><W48/><G48/><T124/><D124/><U46/><E1/><V2/><F2/><W88/><G132/><T12/><D75/><U7/><E71/><V78/><F128/><W41/><REACH who="3" step="1"/><G88/><REACH who="3" ten="222,250,291,227" step="2"/><N who="0" m="53535" /><D37/><U131/><E131/><V5/><F133/><W99/><G99/><T135/><D135/><U51/><E97/><V0/><F98/><W16/><G16/><T3/><D100/><U24/><E96/><V95/><F17/><W102/><G102/><T29/><D4/><U26/><E7/><V114/><F5/><W22/><G22/><N who="0" m="11591" /><D3/><U11/><E35/><V92/><F0/><W20/><G20/><T93/><D93/><U134/><E134/><V66/><F95/><W103/><G103/><T74/><D106/><U44/><E21/><V60/><F92/><W56/><G56/><T15/><D74/><U105/><E105/><V30/><F72/><W10/><G10/><T89/><D89/><U121/><E121/><V91/><F8/><W59/><G59/><T27/><D15/><U52/><E13/><V9/><F91/><W117/><G117/><T77/><D77/><U127/><E127/><V76/><F78/><W120/><G120/><T101/><D101/><U39/><E11/><V115/><F76/><W79/><G79/><T116/><D116/><U50/><E36/><V6/><N who="2" m="15872" /><DORA hai="69" /><V125/><F114/><RYUUKYOKU ba="0,1" sc="222,-10,250,-10,291,-10,227,30" hai3="14,19,23,33,34,40,41,43,65,70,108,110,111" /><INIT seed="5,1,1,3,0,97" ten="212,240,281,257" oya="1" hai0="7,3,30,91,126,105,37,23,56,10,61,2,50" hai1="64,89,120,20,55,63,108,32,110,73,124,60,129" hai2="36,38,90,35,80,118,62,99,5,69,104,14,11" hai3="43,114,17,15,94,87,131,66,53,125,44,130,46"/><U76/><E120/><V128/><F118/><W79/><G114/><T115/><D37/><U52/><E32/><V21/><F80/><W135/><G125/><T92/><D105/><U41/><E41/><V117/><F117/><W65/><G135/><T83/><D115/><U127/><E129/><V81/><F81/><W101/><G79/><T25/><D126/><N who="1" m="48171" /><E89/><V34/><F21/><W75/><G75/><T85/><D50/><U111/><E20/><V49/><F49/><W12/><G94/><T22/><D22/><U39/><E39/><V72/><F72/><W93/><G87/><T67/><REACH who="0" step="1"/><D83/><REACH who="0" ten="202,240,281,257" step="2"/><N who="1" m="45455" /><E63/><V45/><F62/><W96/><G131/><T78/><D78/><U42/><E42/><V29/><F128/><W77/><G130/><T54/><D54/><U13/><E13/><AGARI ba="1,2" hai="2,3,7,10,13,23,25,30,56,61,67,85,91,92" machi="13" ten="30,2000,0" yaku="1,1,7,1,53,0" doraHai="97" doraHaiUra="47" who="0" fromWho="1" sc="202,43,240,-23,281,0,257,0" /><INIT seed="6,0,0,0,3,104" ten="245,217,281,257" oya="2" hai0="23,135,54,45,117,30,67,31,14,4,33,9,51" hai1="92,73,99,55,29,10,111,125,86,8,129,122,105" hai2="112,81,62,22,27,116,42,37,75,91,3,64,133" hai3="18,113,60,68,11,36,85,87,49,110,52,59,128"/><V102/><F116/><W56/><G110/><T127/><D33/><U118/><E111/><V107/><F3/><W17/><G68/><T25/><D127/><U0/><E118/><V24/><F42/><W79/><G36/><T96/><D135/><U132/><E132/><V57/><F37/><W12/><G128/><T95/><D117/><U115/><E125/><V7/><F7/><W83/><G113/><T58/><D67/><U28/><E115/><V76/><F112/><W48/><G59/><T101/><REACH who="0" step="1"/><D45/><REACH who="0" ten="235,217,281,257" step="2"/><U126/><E126/><V32/><F32/><W44/><G44/><T34/><D34/><U20/><E122/><V131/><F64/><W124/><G124/><T47/><D47/><U108/><E108/><V103/><F133/><W106/><G106/><T74/><D74/><U66/><E73/><V21/><F75/><W61/><G61/><T109/><D109/><U63/><E105/><V13/><F62/><W121/><G121/><T84/><D84/><U120/><E120/><V16/><F107/><W70/><G70/><T97/><D97/><U77/><E99/><V40/><F131/><W93/><G18/><AGARI ba="0,1" hai="4,9,14,18,23,25,30,31,51,54,58,95,96,101" machi="18" ten="30,3900,0" yaku="1,1,7,1,8,1,53,0" doraHai="104" doraHaiUra="39" who="0" fromWho="3" sc="235,49,217,0,281,0,257,-39" /><INIT seed="7,0,0,3,0,86" ten="284,217,281,218" oya="3" hai0="67,39,72,133,128,11,124,84,82,105,56,106,122" hai1="91,92,126,13,58,103,95,18,134,38,41,66,44" hai2="101,28,23,16,54,107,42,96,33,127,97,0,22" hai3="26,70,1,121,49,62,45,113,5,80,50,100,21"/><W32/><G121/><T118/><D122/><U53/><E126/><V40/><F0/><W125/><G113/><T34/><D34/><U75/><E75/><V109/><F33/><W3/><G32/><T110/><D39/><U27/><E134/><V119/><F109/><W12/><G125/><T76/><D124/><U64/><E103/><V6/><F6/><W59/><G70/><T111/><D11/><U74/><E74/><V8/><F8/><W117/><G117/><T52/><D67/><U132/><E95/><V120/><F28/><W17/><G1/><T89/><D52/><U2/><E2/><V123/><F54/><W87/><G3/><T73/><D56/><U85/><E27/><V69/><F127/><W94/><G5/><T108/><D133/><U51/><E132/><V65/><F65/><N who="3" m="39135" /><G45/><T135/><D135/><U63/><REACH who="1" step="1"/><E38/><REACH who="1" ten="284,207,281,218" step="2"/><V31/><F123/><W115/><G115/><T83/><D73/><U104/><E104/><N who="0" m="40041" /><D118/><U35/><E35/><V98/><F107/><W131/><G26/><T4/><D72/><U14/><E14/><V48/><F119/><W130/><G94/><T43/><D110/><U20/><AGARI ba="0,1" hai="13,18,20,41,44,51,53,58,63,64,66,85,91,92" machi="20" ten="20,8000,1" yaku="1,1,0,1,7,1,8,1,52,1,53,0" doraHai="86" doraHaiUra="30" who="1" fromWho="1" sc="284,-20,207,90,281,-20,218,-40" /><INIT seed="8,0,0,3,0,107" ten="264,297,261,178" oya="0" hai0="132,78,129,90,121,71,21,111,114,52,69,117,46" hai1="19,15,29,74,37,39,26,66,33,125,81,88,35" hai2="0,131,119,104,115,84,2,108,93,43,38,130,113" hai3="18,126,82,86,45,127,80,120,5,112,98,23,89"/><T97/><D114/><N who="2" m="43530" /><F93/><W7/><G112/><T3/><D3/><N who="2" m="1066" /><F84/><W85/><G120/><T24/><D121/><U65/><E35/><V10/><F10/><W16/><G45/><T109/><D78/><U68/><E125/><V67/><F108/><N who="0" m="41546" /><D117/><U63/><E65/><V123/><F123/><W9/><G98/><T48/><D129/><U27/><E27/><V105/><F67/><W72/><G72/><T75/><D75/><U12/><E12/><V106/><F119/><W92/><G9/><T49/><D132/><U83/><E83/><V30/><F30/><W101/><G101/><T59/><D90/><U31/><E31/><V135/><F135/><W14/><G127/><T13/><D13/><U103/><E103/><V60/><F60/><W102/><G126/><T124/><D97/><U28/><E28/><V91/><F91/><W64/><G64/><T50/><D124/><U54/><E54/><V6/><F6/><W95/><G102/><T70/><D46/><AGARI ba="0,0" hai="38,43,46,104,105,106,130,131" m="1066,43530" machi="46" ten="40,1300,0" yaku="23,1" doraHai="107" who="2" fromWho="0" sc="264,-13,297,0,261,13,178,0" /><INIT seed="9,0,0,4,2,38" ten="251,297,274,178" oya="1" hai0="104,134,120,105,68,45,90,39,61,94,44,19,89" hai1="96,40,125,34,86,71,131,59,32,123,79,29,122" hai2="49,66,95,42,74,10,53,82,58,88,15,113,112" hai3="20,84,43,16,65,107,69,87,80,41,129,92,133"/><U116/><E71/><V102/><F102/><W119/><G107/><T98/><D134/><U6/><E6/><V56/><F66/><W11/><G69/><T52/><D120/><U9/><E9/><V48/><F82/><W14/><G133/><T124/><D124/><U17/><E125/><V21/><F74/><W73/><G73/><T85/><D19/><U81/><E17/><V128/><F21/><W99/><G129/><T46/><D39/><U110/><E131/><V7/><F128/><W4/><G119/><T91/><D68/><U0/><E0/><V93/><F93/><W60/><G60/><T12/><D12/><U26/><E34/><V118/><F118/><W54/><G54/><T106/><D85/><N who="3" m="32841" /><G80/><T64/><D64/><U127/><E127/><V114/><F49/><W30/><G30/><T47/><N who="0" m="11264" /><DORA hai="25" /><T97/><REACH who="0" step="1"/><D97/><REACH who="0" ten="241,297,274,178" step="2"/><U5/><E96/><V111/><F15/><N who="3" m="5607" /><G65/><T70/><D70/><U126/><E126/><V2/><F114/><W31/><G31/><T35/><D35/><U109/><E116/><V72/><F113/><W8/><G8/><T103/><D103/><AGARI ba="0,1" hai="14,16,20,41,43,92,99,103" m="5607,32841" machi="103" ten="30,7700,0" yaku="8,1,52,2,54,1" doraHai="38,25" who="3" fromWho="0" sc="241,-77,297,0,274,0,178,87" /><INIT seed="10,0,0,2,1,58" ten="164,297,274,265" oya="2" hai0="69,126,119,24,86,75,108,121,63,89,130,101,31" hai1="102,115,42,6,5,43,85,36,68,106,72,111,53" hai2="9,83,19,66,78,103,12,51,125,110,22,135,60" hai3="30,35,65,129,54,3,16,8,21,33,80,107,4"/><V67/><F135/><W52/><G129/><T91/><D108/><U50/><E111/><V96/><F125/><W109/><G109/><T79/><D121/><U7/><E68/><V2/><F110/><W100/><G65/><T64/><D130/><U118/><E72/><V104/><F2/><W74/><G35/><T59/><D126/><U105/><E115/><V95/><F104/><W32/><G33/><T87/><D119/><U37/><E118/><V10/><F51/><W112/><G112/><T40/><D40/><U46/><E85/><V82/><F67/><W93/><G107/><T128/><D128/><U116/><E116/><V123/><F123/><W25/><G93/><T18/><D18/><U113/><E113/><V132/><F132/><W57/><G100/><T1/><D1/><U0/><E0/><V81/><REACH who="2" step="1"/><F78/><REACH who="2" ten="164,297,264,265" step="2"/><N who="3" m="44119" /><G57/><AGARI ba="0,1" hai="9,10,12,19,22,57,60,66,81,82,83,95,96,103" machi="57" ten="40,12000,1" yaku="1,1,8,1,52,1,53,1" doraHai="58" doraHaiUra="14" who="2" fromWho="3" sc="164,0,297,0,264,130,265,-120" owari="164,-24.0,297,10.0,394,49.0,145,-35.0" /></mjloggm>