<mjloggm ver="2.3"><GO type="169" lobby="0"/><UN n0="%E7%B4%B3%E5%A3%AB%E3%81%AE%E5%97%9C%E3%81%BF%E3%81%9F%E3%81%84%E3%82%80" n1="%E3%83%88%E3%83%88%E3%83%AA%E5%85%88%E7%94%9F%31%39%E6%AD%B3" n2="%63%68%6F%6E%6A%69" n3="%64%65%61%69%75%70%2E%63" dan="16,18,16,16" rate="2166.98,2286.99,2168.01,2118.54" sx="M,F,M,M"/><TAIKYOKU oya="0"/><INIT seed="0,0,0,3,1,67" ten="250,250,250,250" oya="0" hai0="125,16,25,76,53,39,84,112,103,52,60,48,123" hai1="88,127,61,85,46,128,96,22,89,94,105,26,101" hai2="73,28,47,30,56,31,64,100,5,7,86,80,68" hai3="14,70,36,132,104,44,124,81,3,20,2,38,99"/><T102/><D39/><U10/><E128/><V114/><F114/><W117/><G117/><T34/><D112/><U32/><E127/><V58/><F73/><W116/><G116/><T91/><D76/><U110/><E110/><V69/><F47/><W59/><G70/><T55/><D123/><U57/><E32/><V19/><F19/><W29/><G81/><T107/><D107/><U72/><E72/><V134/><F100/><N who="0" m="38442" /><D34/><U23/><E26/><V27/><F27/><W41/><G36/><T78/><D78/><U97/><E10/><V0/><F134/><W54/><G104/><T66/><D125/><U63/><E46/><V131/><F131/><W6/><G3/><T135/><D66/><U12/><E12/><V17/><F17/><W13/><G2/><T121/><D121/><U4/><E4/><V129/><F129/><W71/><G71/><T83/><D135/><U62/><REACH who="1" step="1"/><E57/><REACH who="1" ten="250,240,250,250" step="2"/><V45/><F45/><W122/><G59/><N who="0" m="34919" /><D48/><U8/><E8/><V115/><F115/><W65/><G124/><T35/><D35/><U106/><E106/><V119/><F119/><W75/><G75/><T95/><D83/><AGARI ba="0,1" hai="22,23,61,62,63,83,85,88,89,94,96,97,101,105" machi="83" ten="40,2600,0" yaku="1,1,54,1,53,0" doraHai="67" doraHaiUra="40" who="1" fromWho="0" sc="250,-26,240,36,250,0,250,0" /><INIT seed="1,0,0,1,1,27" ten="224,276,250,250" oya="1" hai0="60,3,105,43,72,77,47,15,95,110,5,81,59" hai1="44,9,16,79,6,13,32,45,130,122,99,114,83" hai2="65,39,118,128,10,46,63,35,120,97,38,22,55" hai3="24,1,129,115,12,70,74,52,68,23,54,53,58"/><U31/><E114/><V2/><F118/><W106/><G1/><T26/><D105/><U87/><E122/><V91/><F120/><W30/><G115/><T124/><D3/><U111/><E130/><V28/><F22/><W127/><G106/><T50/><D124/><U34/><E111/><V121/><F121/><W0/><G0/><T21/><D110/><U76/><E76/><V85/><F128/><W49/><G74/><T36/><D95/><U132/><E132/><V17/><F97/><W125/><G129/><T69/><D69/><N who="3" m="26729" /><G12/><T100/><D100/><U119/><E119/><V98/><F98/><W82/><G82/><T18/><D36/><U102/><E6/><V96/><F96/><W73/><G73/><T92/><D92/><U89/><E89/><V14/><F2/><W80/><G80/><T71/><D71/><U108/><E108/><V109/><F109/><W67/><G67/><T112/><D112/><U104/><REACH who="1" step="1"/><E31/><REACH who="1" ten="224,266,250,250" step="2"/><V8/><F91/><W66/><G127/><T48/><D5/><U113/><E113/><V62/><F28/><W123/><G123/><T57/><D77/><U4/><E4/><V20/><F17/><W84/><G125/><T61/><D18/><U135/><E135/><V40/><F8/><W41/><G84/><T19/><D19/><U64/><E64/><V126/><F85/><W7/><G7/><T42/><D72/><U101/><E101/><V133/><F10/><W78/><G78/><T25/><D15/><U93/><E93/><V88/><F133/><W117/><G117/><T37/><D81/><U11/><E11/><RYUUKYOKU ba="0,1" sc="224,-10,266,30,250,-10,250,-10" hai1="9,13,16,32,34,44,45,79,83,87,99,102,104" /><INIT seed="1,1,1,1,2,39" ten="214,296,240,240" oya="1" hai0="126,52,54,71,69,12,6,90,123,107,28,46,98" hai1="112,125,35,26,27,1,31,93,22,77,7,2,15" hai2="102,82,87,121,74,25,109,45,32,20,68,110,42" hai3="117,37,75,24,55,129,135,72,36,96,50,3,120"/><U100/><E77/><N who="2" m="46543" /><F32/><W94/><G120/><T9/><D123/><U34/><E100/><V128/><F68/><W44/><G129/><T92/><D126/><U113/><E93/><V11/><F74/><W51/><G3/><N who="1" m="1034" /><E125/><V81/><F81/><W30/><G117/><T132/><D132/><U4/><E113/><V10/><F102/><W134/><G37/><T105/><D28/><N who="1" m="19871" /><E112/><V53/><F53/><W41/><G72/><T61/><D71/><U29/><E29/><N who="2" m="17575" /><F121/><W133/><G75/><T33/><D33/><U18/><AGARI ba="1,1" hai="4,7,15,18,22,26,31,34" m="19871,1034" machi="18" ten="30,12000,1" yaku="35,5" doraHai="39" who="1" fromWho="1" sc="214,-41,296,133,240,-41,240,-41" /><INIT seed="1,2,0,1,3,97" ten="173,429,199,199" oya="1" hai0="28,73,56,115,69,67,29,134,55,117,107,84,66" hai1="60,37,110,108,79,26,127,64,90,105,78,59,17" hai2="88,86,135,0,116,89,21,42,38,109,61,15,49" hai3="62,91,44,123,10,8,14,113,106,3,52,129,77"/><U103/><E37/><V23/><F0/><W132/><G123/><T47/><D73/><U124/><E90/><V19/><F116/><W54/><G113/><T41/><D117/><U82/><E17/><V122/><F109/><N who="1" m="42089" /><E26/><V130/><F135/><W102/><G132/><T27/><D29/><U1/><E1/><V87/><F130/><W40/><G129/><T101/><D134/><U75/><E79/><V125/><F125/><N who="1" m="48201" /><E105/><V120/><F120/><W95/><G77/><T36/><D107/><U98/><E98/><V114/><F114/><W93/><G3/><T128/><D128/><U43/><E43/><V104/><F122/><W30/><G30/><T51/><D115/><U71/><E103/><V13/><F104/><W131/><G131/><T6/><D6/><U126/><E126/><V5/><F38/><W16/><G106/><T7/><D7/><U72/><E72/><V99/><F99/><N who="3" m="59775" /><G10/><T100/><D84/><U39/><E39/><V9/><F23/><W111/><G111/><T118/><D118/><U80/><E80/><V34/><F87/><W12/><G12/><T65/><REACH who="0" step="1"/><D69/><AGARI ba="2,0" hai="59,60,64,69,71,75,78,82" m="48201,42089" machi="69" ten="30,5800,0" yaku="14,1,10,1,18,1" doraHai="97" who="1" fromWho="0" sc="173,-64,429,64,199,0,199,0" /><INIT seed="1,3,0,4,4,100" ten="109,493,199,199" oya="1" hai0="129,90,14,120,102,103,3,76,33,64,86,74,128" hai1="108,40,91,72,39,60,79,127,116,56,35,47,41" hai2="38,85,12,93,34,92,73,5,119,52,51,29,135" hai3="4,89,30,28,16,77,75,107,117,17,87,110,26"/><U27/><E116/><V113/><F119/><W32/><G117/><T97/><D3/><U7/><E127/><V104/><F73/><W43/><G110/><T54/><D33/><U31/><E108/><V82/><F38/><W114/><G114/><T131/><D64/><U68/><E40/><V111/><F111/><W121/><G121/><T118/><D118/><U134/><E134/><V70/><F70/><W25/><G107/><T66/><D66/><N who="1" m="41031" /><E91/><V6/><F104/><W11/><G43/><T80/><D120/><U112/><E7/><V0/><F135/><W101/><G101/><T125/><D125/><U98/><E56/><V59/><F113/><W36/><G77/><T9/><D54/><U115/><E98/><V105/><F105/><W20/><G75/><T8/><D8/><U122/><E122/><V15/><F5/><W78/><G78/><T109/><D97/><U18/><E18/><V133/><F133/><W21/><G36/><T61/><D61/><U10/><E10/><V44/><F59/><W81/><REACH who="3" step="1"/><G32/><REACH who="3" ten="109,493,199,189" step="2"/><T55/><D109/><U126/><E126/><V63/><F34/><W49/><G49/><T99/><D103/><U84/><E72/><V123/><F123/><W23/><G23/><T124/><D124/><U50/><E39/><V48/><F48/><W83/><G83/><T88/><D74/><U19/><E115/><V1/><F51/><W45/><G45/><T13/><D102/><U132/><E112/><V62/><F44/><W71/><G71/><T130/><D76/><U46/><E46/><V69/><F69/><W24/><G24/><RYUUKYOKU ba="3,1" sc="109,-10,493,-10,199,-10,189,30" hai3="4,11,16,17,20,21,25,26,28,30,81,87,89" /><INIT seed="2,4,1,3,1,74" ten="99,483,189,219" oya="2" hai0="86,114,63,8,117,131,98,122,125,121,120,54,43" hai1="5,81,72,36,69,29,0,30,34,107,39,10,71" hai2="51,91,78,77,110,103,80,106,134,73,1,116,76" hai3="3,119,24,99,96,60,85,92,109,15,20,83,130"/><V56/><F1/><W23/><G119/><T58/><D117/><U93/><E30/><V79/><F51/><W132/><G3/><T50/><D114/><U27/><E93/><V55/><F116/><W61/><G109/><T59/><D131/><U32/><E32/><V95/><F55/><W11/><G132/><T101/><D125/><U9/><E9/><V28/><F56/><W88/><G130/><T42/><D86/><U37/><E107/><V105/><F28/><N who="3" m="17415" /><G23/><T4/><D98/><N who="3" m="37417" /><G92/><T52/><REACH who="0" step="1"/><D101/><REACH who="0" ten="89,483,189,219" step="2"/><U97/><E97/><N who="2" m="57599" /><F110/><W104/><G104/><N who="2" m="40041" /><F134/><W22/><G22/><T66/><D66/><U64/><E64/><V48/><F48/><W14/><G14/><AGARI ba="4,2" hai="4,8,14,42,43,50,52,54,58,59,63,120,121,122" machi="14" ten="40,2600,0" yaku="1,1,54,1,53,0" doraHai="74" doraHaiUra="100" who="0" fromWho="3" sc="89,58,483,0,189,0,219,-38" /><INIT seed="3,0,0,4,3,35" ten="147,483,189,181" oya="3" hai0="6,0,113,39,31,114,94,56,23,57,67,12,7" hai1="121,125,75,24,123,92,112,109,111,5,131,81,87" hai2="72,44,34,10,69,132,19,16,45,73,115,30,13" hai3="58,65,128,118,97,100,49,126,95,82,74,28,102"/><W11/><G118/><T120/><D39/><U32/><E112/><N who="0" m="43113" /><D120/><U64/><E131/><V52/><F115/><W101/><G128/><T1/><D94/><U116/><E116/><V78/><F132/><W25/><G126/><T71/><D71/><U48/><E125/><V27/><F69/><W133/><G133/><T51/><D51/><U91/><E64/><V61/><F19/><W117/><G117/><T40/><D40/><U53/><E5/><N who="0" m="1545" /><D57/><N who="1" m="32935" /><E24/><V107/><F107/><W29/><G11/><T122/><D122/><U66/><E32/><V108/><F108/><N who="1" m="41545" /><E66/><V96/><F96/><W17/><G65/><T47/><D47/><U130/><E130/><V55/><F55/><N who="3" m="32111" /><G82/><T106/><D106/><U22/><E22/><V42/><F42/><W15/><G74/><T3/><D67/><U85/><E75/><V99/><F99/><W86/><G86/><T124/><D56/><U134/><E134/><V21/><F34/><W129/><G129/><T8/><D124/><U90/><AGARI ba="0,0" hai="81,85,87,90,91,92,121,123" m="41545,32935" machi="90" ten="30,1100,0" yaku="14,1" doraHai="35" who="1" fromWho="1" sc="147,-3,483,11,189,-3,181,-5" /><INIT seed="4,0,0,4,1,72" ten="144,494,186,176" oya="0" hai0="108,42,41,79,2,82,125,81,15,14,24,116,19" hai1="88,52,68,106,31,11,25,71,104,59,84,13,7" hai2="35,32,16,62,49,102,69,130,123,83,101,75,12" hai3="121,8,67,55,90,5,122,26,17,1,27,56,124"/><T65/><D2/><U103/><E106/><V110/><F123/><N who="3" m="47115" /><G124/><T39/><D125/><U22/><E103/><V119/><F110/><W78/><G67/><T120/><D120/><U131/><E104/><V97/><F130/><W6/><G6/><T118/><D65/><U20/><E131/><V64/><F119/><W107/><G107/><T46/><D108/><U63/><E20/><V93/><F102/><W111/><G111/><T135/><D135/><U91/><REACH who="1" step="1"/><E88/><REACH who="1" ten="144,484,186,176" step="2"/><V114/><F114/><W96/><G90/><T58/><D118/><U34/><E34/><V66/><F35/><W87/><G96/><T23/><D116/><U53/><E53/><V0/><F66/><W18/><G55/><T33/><D42/><U89/><E89/><V92/><F32/><W80/><G56/><T38/><D33/><U28/><E28/><V77/><F49/><W54/><G54/><T51/><D82/><AGARI ba="0,1" hai="7,11,13,22,25,31,52,59,63,68,71,82,84,91" machi="82" ten="30,3900,0" yaku="1,1,7,1,54,1,53,0" doraHai="72" doraHaiUra="60" who="1" fromWho="0" sc="144,-39,484,49,186,0,176,0" /><INIT seed="5,0,0,5,3,57" ten="105,533,186,176" oya="1" hai0="122,97,26,52,9,61,35,104,5,120,85,82,71" hai1="14,46,51,87,27,94,121,32,16,18,84,54,115" hai2="126,65,86,29,33,116,43,49,91,106,34,95,53" hai3="11,130,22,127,15,6,132,117,55,118,45,124,111"/><U12/><E121/><N who="0" m="46697" /><D35/><U113/><E32/><V0/><F126/><N who="3" m="48171" /><G111/><T133/><D26/><U60/><E27/><V98/><F116/><N who="3" m="44651" /><G45/><T47/><D133/><U39/><E39/><V68/><F43/><W72/><G72/><T69/><D97/><U2/><E2/><V64/><F0/><N who="3" m="455" /><G55/><T76/><D104/><U41/><E94/><V20/><F65/><W3/><G3/><N who="0" m="191" /><D47/><U103/><E103/><V119/><F119/><W70/><G70/><T25/><D25/><U80/><E41/><V92/><F106/><W37/><G37/><T125/><D125/><U17/><E84/><V128/><F98/><W114/><G132/><T56/><AGARI ba="0,0" hai="52,56,61,69,71,76,82,85" m="191,46697" machi="56" ten="30,4000,0" yaku="13,1,52,1,54,1" doraHai="57" who="0" fromWho="0" sc="105,40,533,-20,186,-10,176,-10" /><INIT seed="6,0,0,2,3,29" ten="145,513,176,166" oya="2" hai0="83,130,16,95,64,23,70,28,51,6,92,42,43" hai1="7,94,120,86,56,15,9,19,105,80,84,22,66" hai2="1,5,72,38,21,123,63,133,106,35,125,24,18" hai3="25,107,108,79,99,124,88,109,91,89,103,58,77"/><V30/><F123/><W112/><G25/><T36/><D36/><U8/><E105/><V85/><F72/><W61/><G124/><T10/><D28/><U60/><E120/><V37/><F106/><W69/><G69/><T132/><D132/><U131/><E131/><V119/><F119/><W115/><G58/><T57/><D70/><U54/><E7/><V48/><F63/><W3/><G3/><T46/><D42/><U33/><E33/><V47/><F125/><W74/><G61/><N who="0" m="37935" /><D130/><U13/><E13/><V110/><F110/><N who="3" m="42603" /><G74/><T98/><D83/><U93/><E66/><V102/><F133/><W0/><G0/><T97/><D10/><N who="1" m="4203" /><E86/><V17/><F102/><W32/><G32/><T4/><D95/><U20/><E20/><V134/><F134/><W41/><G41/><T14/><D98/><U71/><E71/><V2/><F18/><W67/><G67/><T59/><D59/><U26/><E26/><V121/><F121/><W82/><G82/><T128/><D128/><U118/><E118/><V50/><F38/><W81/><G81/><T68/><D68/><U129/><E129/><V101/><F101/><AGARI ba="0,0" hai="4,6,14,16,23,43,46,51,92,97,101" m="37935" machi="101" ten="30,2000,0" yaku="8,1,54,1" doraHai="29" who="0" fromWho="2" sc="145,20,513,0,176,-20,166,0" /><INIT seed="7,0,0,5,0,31" ten="165,513,156,166" oya="3" hai0="125,126,40,77,133,4,38,87,64,69,112,70,100" hai1="41,34,62,65,122,56,109,9,108,76,86,0,93" hai2="101,6,115,81,132,82,68,54,43,73,88,63,18" hai3="127,14,22,45,89,60,3,117,71,51,11,39,42"/><W50/><G117/><T116/><D116/><U26/><E122/><V85/><F115/><W17/><G127/><N who="0" m="48651" /><D112/><U2/><E41/><V78/><F132/><W134/><G134/><T123/><D123/><U106/><E106/><V32/><F32/><W29/><G89/><T135/><D100/><U104/><E104/><V95/><F43/><W111/><G111/><T80/><D4/><U119/><E119/><V49/><F6/><W59/><G71/><N who="0" m="27147" /><D64/><U102/><E9/><V20/><F63/><W36/><G36/><T103/><D103/><U19/><E19/><V96/><F68/><W37/><G37/><T94/><D94/><U79/><E79/><V114/><F114/><W107/><G107/><T55/><D55/><U74/><E74/><V113/><F113/><W120/><G120/><T131/><D131/><U128/><E128/><V23/><REACH who="2" step="1"/><F18/><REACH who="2" ten="165,513,146,166" step="2"/><W92/><G92/><T35/><D35/><U61/><E26/><V57/><AGARI ba="0,1" hai="20,23,49,54,57,73,78,81,82,85,88,95,96,101" machi="57" ten="20,12000,2" yaku="1,1,2,1,0,1,7,1,54,1,53,1" doraHai="31" doraHaiUra="84" who="2" fromWho="2" sc="165,-30,513,-30,146,130,166,-60" owari="135,-26.0,483,57.0,276,8.0,106,-39.0" /></mjloggm>