<mjloggm ver="2.3"><GO type="169" lobby="0"/><UN n0="%E3%81%A8%E3%81%A8" n1="%E8%B6%85%E3%82%A4%E3%83%B3%E3%82%BF%E3%83%BC%E3%83%8D%E3%83%83%E3%83%88" n2="%67%6F%64%61%69" n3="%E3%82%A6%E3%83%AB%E3%83%88%E3%83%A9%E7%AB%8B%E7%9B%B4" dan="16,17,16,17" rate="2098.38,2181.37,2102.08,2199.78" sx="F,M,M,M"/><TAIKYOKU oya="0"/><INIT seed="0,0,0,0,2,53" ten="250,250,250,250" oya="0" hai0="6,88,92,101,91,2,10,29,36,124,100,104,82" hai1="118,57,44,54,51,18,69,96,86,58,120,60,71" hai2="102,133,110,74,49,65,94,93,46,117,122,129,22" hai3="84,15,12,68,20,19,134,115,76,77,26,72,126"/><T79/><D36/><U4/><E4/><V39/><F122/><W33/><G68/><N who="1" m="26186" /><E96/><V42/><F74/><W21/><G84/><T89/><D124/><U50/><E86/><V95/><F65/><W97/><G97/><T123/><D123/><U14/><E18/><V52/><F110/><W127/><G19/><T23/><D104/><U61/><E14/><V128/><F133/><W35/><G26/><T90/><D29/><U106/><E106/><V62/><F62/><N who="1" m="24169" /><E120/><V85/><F117/><W80/><G80/><T43/><D23/><U59/><E118/><V81/><F22/><W63/><G15/><T98/><REACH who="0" step="1"/><D43/><AGARI ba="0,0" hai="43,44,50,51,54,57,58,59" m="24169,26186" machi="43" ten="30,16000,3" yaku="35,5,52,3" doraHai="53" who="1" fromWho="0" sc="250,-160,250,160,250,0,250,0" /><INIT seed="1,0,0,0,4,90" ten="90,410,250,250" oya="1" hai0="33,92,15,41,46,121,76,54,73,100,83,0,3" hai1="105,98,95,26,14,50,103,72,18,82,126,104,16" hai2="71,47,87,116,122,97,38,113,22,23,63,114,29" hai3="133,36,5,53,127,58,64,20,61,6,48,107,94"/><U79/><E126/><V108/><F122/><W44/><G107/><T55/><D33/><U27/><E27/><V34/><F116/><W85/><G133/><T52/><D121/><U9/><E26/><V39/><F34/><W49/><G127/><T67/><D67/><U65/><E65/><V21/><F29/><W109/><G109/><T115/><D115/><U117/><E117/><V1/><F1/><W57/><G36/><T112/><D112/><U69/><E69/><V89/><F97/><W78/><G20/><T125/><D125/><U84/><E50/><V51/><F108/><W123/><G123/><T80/><D80/><U28/><E28/><V75/><F75/><W11/><G11/><T12/><D3/><U68/><E68/><V86/><F23/><W131/><G131/><T42/><D0/><U66/><E66/><V25/><F25/><W8/><G8/><T129/><D129/><U40/><E40/><V2/><F2/><W96/><G85/><T13/><REACH who="0" step="1"/><D46/><REACH who="0" ten="80,410,250,250" step="2"/><U91/><E105/><V10/><F47/><W106/><G106/><T111/><D111/><U93/><E104/><V24/><F113/><W4/><G44/><T74/><D74/><U101/><E95/><V99/><F114/><W110/><G94/><T88/><D88/><U17/><E72/><V60/><F89/><W62/><G110/><T124/><D124/><U120/><E120/><V31/><F71/><W118/><G118/><T130/><D130/><U45/><E45/><V132/><F132/><W135/><G135/><T128/><D128/><U35/><E35/><V81/><F81/><RYUUKYOKU ba="0,1" sc="80,15,410,15,250,-15,250,-15" hai0="12,13,15,41,42,52,54,55,73,76,83,92,100" hai1="9,14,16,17,18,79,82,84,91,93,98,101,103" /><INIT seed="1,1,1,2,4,77" ten="95,425,235,235" oya="1" hai0="119,64,62,85,132,61,27,81,5,54,59,37,53" hai1="97,75,92,93,121,16,30,72,105,56,107,25,88" hai2="14,133,28,33,7,42,44,57,128,49,12,134,22" hai3="3,111,43,8,38,98,0,80,11,125,87,63,36"/><U31/><E121/><V86/><F128/><W116/><G111/><T103/><D37/><U69/><E69/><V122/><F122/><W73/><G73/><T48/><D119/><U91/><E56/><V20/><F33/><W17/><G125/><T24/><D132/><N who="2" m="50794" /><F86/><W110/><G110/><T19/><D103/><U67/><E67/><V109/><F109/><W89/><G116/><T115/><D5/><U100/><E100/><V79/><F79/><W55/><G98/><T34/><D34/><U112/><E97/><V106/><F106/><W96/><G96/><T41/><D41/><U114/><E25/><N who="2" m="16439" /><F7/><W2/><G17/><AGARI ba="1,1" hai="16,17,30,31,72,75,88,91,92,93,105,107,112,114" machi="17" ten="25,9600,0" yaku="22,2,54,2" doraHai="77" who="1" fromWho="3" sc="95,0,425,109,235,0,235,-99" /><INIT seed="1,2,0,2,2,96" ten="95,534,235,136" oya="1" hai0="119,100,90,117,34,0,99,130,98,45,7,43,70" hai1="104,35,122,74,78,107,52,14,66,40,95,133,126" hai2="86,31,39,123,93,16,64,60,2,49,67,25,101" hai3="68,61,89,32,124,23,55,22,38,10,20,1,125"/><U21/><E35/><V41/><F123/><W46/><G32/><T111/><D34/><U127/><E122/><V69/><F2/><W65/><G89/><T4/><D70/><U115/><E115/><V13/><F39/><W108/><G108/><T129/><D90/><U28/><E66/><V105/><F67/><W75/><G75/><T26/><D26/><U135/><E40/><V71/><F41/><W79/><G79/><T15/><D15/><U6/><E6/><V36/><F36/><W19/><G1/><T72/><D72/><U9/><E9/><V85/><F49/><N who="3" m="29111" /><G10/><N who="0" m="2311" /><D98/><U114/><E78/><V3/><F3/><W91/><G91/><T106/><D7/><U17/><E74/><V59/><F105/><W27/><G38/><N who="0" m="21751" /><D111/><U116/><E107/><V53/><F71/><W131/><G131/><AGARI ba="2,0" hai="99,100,106,117,119,129,130,131" m="21751,2311" machi="131" ten="30,3900,0" yaku="19,1,23,1,52,1" doraHai="96" who="0" fromWho="3" sc="95,45,534,0,235,0,136,-45" /><INIT seed="2,0,0,5,4,14" ten="140,534,235,91" oya="2" hai0="19,85,98,107,60,113,91,70,26,45,49,81,120" hai1="31,114,15,55,116,53,57,128,54,124,47,28,83" hai2="7,3,29,4,67,17,46,42,51,32,97,27,8" hai3="72,58,77,16,71,9,5,12,115,102,1,18,92"/><V48/><F67/><W40/><G71/><T65/><D120/><U118/><E114/><V100/><F7/><W66/><G115/><T34/><D113/><U10/><E124/><V20/><F42/><W132/><G132/><T126/><D126/><U59/><E128/><V33/><F33/><W88/><G102/><T117/><D117/><U21/><E47/><V103/><F103/><W69/><G69/><T105/><D98/><U56/><E21/><V133/><F46/><W44/><G77/><T50/><D50/><U73/><E73/><V122/><F133/><W89/><G72/><T78/><D91/><U130/><E83/><V127/><F122/><W106/><G106/><T6/><D6/><U79/><E79/><V129/><F129/><W123/><G123/><T30/><REACH who="0" step="1"/><D19/><REACH who="0" ten="130,534,235,91" step="2"/><U0/><E116/><V63/><F127/><W41/><G89/><T112/><D112/><U111/><E118/><V125/><F125/><W61/><G1/><T25/><D25/><U76/><E0/><V11/><F63/><W131/><G131/><T110/><D110/><U96/><E111/><V68/><F48/><N who="3" m="26631" /><G41/><AGARI ba="0,1" hai="26,30,34,41,45,49,60,65,70,78,81,85,105,107" machi="41" ten="30,3900,0" yaku="1,1,7,1,53,1" doraHai="14" doraHaiUra="22" who="0" fromWho="3" sc="130,49,534,0,235,0,91,-39" /><INIT seed="3,0,0,3,4,6" ten="179,534,235,52" oya="3" hai0="48,50,108,58,10,35,104,21,55,113,23,100,39" hai1="13,63,131,32,38,117,99,129,119,64,88,72,116" hai2="42,31,59,3,61,78,91,71,43,65,75,29,126" hai3="70,74,24,89,97,82,22,68,37,56,123,33,11"/><W1/><G33/><T5/><D35/><U84/><E72/><V132/><F75/><W95/><G37/><T106/><D39/><U81/><E38/><V28/><F78/><W30/><G123/><T62/><D108/><U101/><E32/><V83/><F3/><W14/><G1/><T120/><D120/><U114/><E13/><V96/><F71/><W0/><G0/><T2/><D113/><U109/><E109/><V115/><F115/><W94/><G74/><T76/><D76/><U107/><E114/><V52/><F132/><W47/><G82/><T125/><D125/><U57/><AGARI ba="0,0" hai="57,63,64,81,84,88,99,101,107,116,117,119,129,131" machi="57" ten="40,5200,0" yaku="0,1,12,1,54,1" doraHai="6" who="1" fromWho="1" sc="179,-13,534,52,235,-13,52,-26" /><INIT seed="4,0,0,5,3,127" ten="166,586,222,26" oya="0" hai0="125,2,5,55,132,115,120,116,75,34,48,16,106" hai1="56,129,45,77,13,7,11,47,130,69,35,8,51" hai2="30,46,96,57,63,97,31,91,89,107,9,43,22" hai3="100,83,114,39,98,59,108,76,36,20,54,128,122"/><T14/><RYUUKYOKU type="yao9" ba="0,0" sc="166,0,586,0,222,0,26,0" hai0="2,5,14,16,34,48,55,75,106,115,116,120,125,132" /><INIT seed="4,1,0,4,4,60" ten="166,586,222,26" oya="0" hai0="97,42,91,17,82,71,106,110,92,25,19,78,57" hai1="7,21,16,28,65,128,31,13,46,39,59,118,72" hai2="73,123,24,3,15,112,14,133,18,127,66,76,130" hai3="1,85,117,132,134,96,94,124,9,41,115,86,102"/><T80/><D71/><U88/><E72/><V109/><F73/><W125/><G41/><T74/><D42/><U51/><E39/><V126/><F76/><W11/><G1/><T35/><D110/><U30/><E118/><V20/><F3/><W40/><G40/><T101/><D82/><U67/><E59/><V93/><F109/><W12/><G12/><T2/><D2/><U37/><E37/><V38/><F38/><W122/><G9/><T79/><D79/><U62/><E62/><V129/><F123/><W98/><G11/><T22/><D57/><U8/><E88/><V131/><F93/><N who="3" m="58639" /><G117/><T75/><D75/><U121/><E128/><V44/><F44/><W47/><G47/><T95/><D95/><U68/><E68/><V27/><F66/><N who="1" m="25097" /><E121/><V63/><F63/><W87/><G122/><T64/><D64/><U100/><E100/><V107/><F131/><W4/><G4/><T108/><D108/><U49/><E46/><V36/><F36/><W5/><G5/><T53/><D53/><U119/><E119/><V114/><F130/><W32/><G32/><T33/><REACH who="0" step="1"/><D19/><REACH who="0" ten="156,586,222,26" step="2"/><U55/><E55/><V83/><F18/><W29/><G29/><T70/><D70/><U113/><E16/><V69/><F129/><W0/><G0/><T61/><D61/><U99/><E30/><V90/><F69/><W52/><G52/><T89/><D89/><U54/><E31/><V103/><F90/><N who="3" m="55639" /><G115/><T120/><D120/><U135/><E113/><V26/><F114/><W105/><G105/><T50/><D50/><U10/><E28/><V45/><F112/><RYUUKYOKU ba="1,1" sc="156,15,586,-15,222,-15,26,15" hai0="17,22,25,33,35,74,78,80,91,92,97,101,106" hai3="85,86,87,124,125,132,134" /><INIT seed="4,2,1,1,4,92" ten="171,571,207,41" oya="0" hai0="135,119,68,57,25,17,38,11,12,110,47,123,103" hai1="125,65,16,106,67,111,128,60,20,116,45,87,77" hai2="105,70,79,133,23,49,8,41,61,127,50,117,129" hai3="21,88,15,76,73,40,29,74,26,52,64,112,13"/><T63/><D68/><U122/><E106/><V96/><F79/><W33/><G64/><T85/><D123/><U6/><E122/><V121/><F121/><W66/><G66/><T104/><D119/><U108/><E116/><V91/><F41/><W30/><G40/><T19/><D135/><U130/><E6/><V134/><F117/><W62/><G112/><T18/><D25/><U89/><E45/><V2/><F127/><W86/><G76/><T80/><D47/><U95/><E77/><V94/><F129/><W59/><G30/><T5/><D38/><U1/><E1/><V9/><F105/><W55/><G55/><T75/><D75/><U46/><E46/><V71/><F23/><W32/><G13/><T44/><D44/><U24/><E67/><N who="2" m="41327" /><F71/><W10/><G74/><T78/><D110/><U101/><E101/><V107/><F107/><W114/><G73/><T113/><D113/><U69/><E125/><V3/><F3/><W7/><REACH who="3" step="1"/><G114/><REACH who="3" ten="171,571,207,31" step="2"/><T120/><D120/><U72/><E72/><V118/><F2/><W83/><AGARI ba="2,2" hai="7,10,15,21,26,29,32,33,52,59,62,83,86,88" machi="83" ten="20,12000,2" yaku="1,1,2,1,0,1,7,1,54,2,53,0" doraHai="92" doraHaiUra="102" who="3" fromWho="3" sc="171,-62,571,-32,207,-32,31,146" /><INIT seed="5,0,0,5,2,75" ten="109,539,175,177" oya="1" hai0="73,22,113,8,89,97,29,109,14,68,101,20,0" hai1="86,121,12,42,41,5,127,103,27,108,99,37,18" hai2="98,112,95,74,122,129,55,87,111,30,69,126,114" hai3="131,80,50,2,94,119,47,116,130,40,62,88,90"/><U93/><E121/><V35/><F74/><W25/><G2/><T124/><D68/><U63/><E108/><V45/><F122/><W115/><G115/><N who="2" m="44073" /><F111/><W31/><G62/><T65/><D65/><U96/><E127/><V71/><F126/><W44/><G44/><T84/><D0/><U91/><E37/><V58/><F129/><N who="3" m="49163" /><G80/><T9/><D73/><U53/><E5/><V43/><F87/><N who="3" m="52511" /><G90/><T104/><D109/><U13/><E91/><N who="2" m="55679" /><F35/><AGARI ba="0,0" hai="25,31,35,40,47,50,116,119" m="52511,49163" machi="35" ten="30,2000,0" yaku="19,1,54,1" doraHai="75" who="3" fromWho="2" sc="109,0,539,0,175,-20,177,20" /><INIT seed="6,0,0,5,2,97" ten="109,539,155,197" oya="2" hai0="23,104,20,11,67,75,28,129,8,36,85,100,126" hai1="73,44,63,45,10,22,95,64,9,99,16,13,124" hai2="123,51,94,101,120,39,29,46,122,24,42,57,82" hai3="4,92,47,21,103,2,116,84,76,25,131,72,81"/><V43/><F82/><W112/><G116/><T34/><D75/><U48/><E73/><V19/><F19/><W109/><G109/><T61/><D36/><U130/><E124/><V74/><F74/><W40/><G2/><T18/><D126/><U62/><E130/><V86/><F57/><W135/><G4/><T6/><D85/><U98/><E98/><V111/><F111/><W78/><G112/><T117/><D117/><U35/><E35/><V107/><F107/><W65/><G65/><T71/><D129/><U91/><E45/><V55/><F39/><W68/><G68/><T66/><D66/><U113/><E113/><V7/><F7/><W119/><G135/><T108/><D108/><U69/><E62/><V33/><REACH who="2" step="1"/><F101/><REACH who="2" ten="109,539,145,197" step="2"/><W89/><G103/><T77/><D77/><U27/><E16/><V54/><F54/><W96/><G78/><T133/><D18/><U118/><E69/><V102/><F102/><W59/><G59/><T93/><D133/><U128/><E128/><V127/><F127/><W32/><G131/><T5/><D5/><U58/><E58/><V14/><F14/><W60/><G72/><T3/><D11/><U52/><E13/><V49/><F49/><W114/><G81/><T26/><D93/><U31/><E10/><V87/><F87/><W106/><G84/><T37/><D37/><U83/><E9/><V105/><F105/><W17/><G106/><T132/><D132/><U15/><E15/><V125/><F125/><W88/><G92/><T90/><D90/><AGARI ba="0,1" hai="24,29,33,42,43,46,51,55,86,90,94,120,122,123" machi="90" ten="40,2000,0" yaku="1,1,53,0" doraHai="97" doraHaiUra="134" who="2" fromWho="0" sc="109,-20,539,0,145,30,197,0" /><INIT seed="6,1,0,2,3,56" ten="89,539,175,197" oya="2" hai0="8,13,85,98,109,112,60,54,116,96,15,25,87" hai1="37,43,48,120,93,34,7,79,29,81,135,119,65" hai2="128,107,82,23,101,123,124,18,0,50,84,42,11" hai3="118,91,74,53,58,4,47,134,80,129,100,24,49"/><V35/><F123/><W115/><G118/><T99/><D116/><U45/><E119/><V89/><F35/><W105/><G4/><T78/><D109/><U114/><E120/><V19/><F124/><W104/><G100/><T57/><D112/><U106/><E106/><V108/><F108/><W28/><G129/><T130/><D130/><U121/><E121/><V126/><F128/><W110/><G110/><T5/><D78/><U113/><E135/><V17/><F126/><W117/><G134/><T2/><D25/><U131/><E131/><V39/><F39/><W63/><G115/><T1/><REACH who="0" step="1"/><D15/><REACH who="0" ten="79,539,175,197" step="2"/><U31/><E113/><V76/><F0/><AGARI ba="1,1" hai="0,1,2,5,8,13,54,57,60,85,87,96,98,99" machi="0" ten="40,5200,0" yaku="1,1,2,1,52,1,53,0" doraHai="56" doraHaiUra="88" who="0" fromWho="2" sc="79,65,539,0,175,-55,197,0" /><INIT seed="7,0,0,2,0,44" ten="144,539,120,197" oya="3" hai0="55,104,6,38,48,16,122,29,37,95,94,31,40" hai1="52,111,83,72,133,82,22,120,25,98,126,124,53" hai2="63,7,125,15,127,73,11,24,100,92,81,116,51" hai3="17,119,85,1,47,70,68,80,112,106,50,4,43"/><W87/><G87/><T35/><D104/><U3/><E3/><V13/><F116/><W90/><G112/><T69/><D69/><U60/><E111/><V102/><F73/><W135/><G135/><T123/><D6/><U109/><E109/><V103/><F81/><W27/><G106/><T28/><D35/><U129/><E133/><V21/><F63/><W107/><G107/><T96/><D16/><U30/><E120/><V46/><F15/><W26/><G26/><T78/><D78/><U9/><E129/><V18/><REACH who="2" step="1"/><F92/><REACH who="2" ten="144,539,110,197" step="2"/><W113/><G80/><T105/><D105/><U118/><E118/><V91/><F91/><W114/><G90/><T12/><D12/><U67/><E9/><V76/><F76/><W131/><G119/><T132/><D132/><U5/><E5/><V8/><F8/><W0/><G4/><T88/><D95/><U110/><E98/><V121/><F121/><W2/><G2/><T41/><D123/><U61/><E61/><V99/><F99/><W62/><G62/><T65/><D122/><U33/><E33/><V66/><F66/><W93/><G93/><T79/><D79/><N who="1" m="44391" /><E83/><V89/><F89/><W75/><G0/><T56/><REACH who="0" step="1"/><D65/><REACH who="0" ten="134,539,110,197" step="2"/><U45/><E45/><V54/><AGARI ba="0,2" hai="7,11,13,18,21,24,46,51,54,100,102,103,125,127" machi="54" ten="30,8000,1" yaku="1,1,0,1,52,1,53,2" doraHai="44" doraHaiUra="134" who="2" fromWho="2" sc="134,-20,539,-20,110,100,197,-40" owari="114,-39.0,519,62.0,210,1.0,157,-24.0" /></mjloggm>