<mjloggm ver="2.3"><GO type="169" lobby="0"/><UN n0="%E3%83%88%E3%83%88%E3%83%AA%E5%85%88%E7%94%9F%31%39%E6%AD%B3" n1="%E4%B8%AD%E5%B1%B1%E9%87%8E%E8%8D%89" n2="%E3%82%AF%E3%83%AD%E3%83%8E%E3%82%B9%40" n3="%E7%B4%85%E8%A1%A3" dan="19,17,16,16" rate="2291.82,2153.12,2127.57,2089.90" sx="F,M,M,M"/><TAIKYOKU oya="0"/><INIT seed="0,0,0,3,3,119" ten="250,250,250,250" oya="0" hai0="129,135,7,41,68,57,79,37,8,55,133,16,46" hai1="30,20,83,107,33,32,75,124,77,45,40,82,64" hai2="91,47,118,85,66,102,38,99,134,95,69,5,34" hai3="39,4,61,56,71,28,98,105,87,25,36,115,74"/><T114/><D114/><U108/><E107/><V52/><F118/><W94/><G74/><T63/><D129/><U59/><E124/><V70/><F34/><W49/><G115/><T93/><D79/><U17/><E108/><V130/><F130/><W90/><G71/><T54/><D93/><U60/><E30/><V50/><F134/><W31/><G4/><T73/><D73/><U3/><E3/><V12/><F66/><W104/><G49/><T2/><D55/><U127/><E127/><V88/><F38/><W19/><G19/><T43/><D43/><U109/><E109/><V81/><F5/><W42/><G42/><T116/><D116/><U80/><E33/><V97/><REACH who="2" step="1"/><F12/><REACH who="2" ten="250,250,240,250" step="2"/><W110/><G39/><T84/><D133/><U13/><REACH who="1" step="1"/><E32/><REACH who="1" ten="250,240,240,250" step="2"/><V72/><F72/><W125/><G110/><T1/><D135/><U14/><E14/><V53/><F53/><W0/><G125/><T44/><D1/><U100/><E100/><V58/><F58/><W11/><G56/><T101/><D101/><U29/><E29/><V27/><F27/><W18/><G31/><T51/><D68/><U111/><E111/><V78/><F78/><W89/><G28/><T26/><D26/><U103/><E103/><V48/><F48/><AGARI ba="0,2" hai="13,17,20,40,45,48,59,60,64,75,77,80,82,83" machi="48" ten="30,2000,0" yaku="1,1,7,1,53,0" doraHai="119" doraHaiUra="92" who="1" fromWho="2" sc="250,0,240,40,240,-20,250,0" /><INIT seed="1,0,0,1,0,52" ten="250,280,220,250" oya="1" hai0="36,2,24,31,99,88,19,109,80,8,33,30,10" hai1="106,130,108,51,0,27,23,98,134,14,85,57,94" hai2="12,6,105,111,69,128,118,114,64,73,65,103,97" hai3="67,32,70,59,117,49,84,86,20,22,18,102,133"/><U125/><E0/><V41/><F118/><W39/><G39/><T38/><D109/><U95/><E134/><V17/><F114/><W110/><G32/><T61/><D31/><U7/><E130/><V119/><F111/><W116/><G110/><T132/><D132/><U91/><E108/><V28/><F119/><N who="3" m="45643" /><G133/><T104/><D10/><N who="1" m="4447" /><E106/><V35/><F73/><W93/><G70/><T68/><D19/><N who="1" m="12799" /><E125/><V5/><F128/><W71/><G71/><T89/><D8/><U46/><E57/><V26/><F41/><W37/><G37/><N who="0" m="14443" /><D80/><U29/><E29/><V4/><REACH who="2" step="1"/><F69/><REACH who="2" ten="250,280,210,250" step="2"/><W131/><G131/><T72/><D72/><U13/><E13/><V78/><F78/><W3/><G3/><T101/><D2/><U115/><E115/><V76/><F76/><W126/><G126/><T127/><D127/><U92/><E98/><V79/><F79/><W120/><G120/><T87/><D87/><U55/><AGARI ba="0,1" hai="46,51,55,85,91,92,94,95" m="12799,4447" machi="55" ten="30,1500,0" yaku="8,1" doraHai="52" who="1" fromWho="1" sc="250,-5,280,25,210,-5,250,-5" /><INIT seed="1,1,0,0,2,0" ten="245,305,205,245" oya="1" hai0="1,57,28,100,67,102,74,97,73,50,35,19,43" hai1="121,106,27,77,25,52,12,55,47,36,90,99,17" hai2="71,131,54,3,46,110,37,114,85,95,58,34,76" hai3="94,49,2,103,109,123,126,83,39,6,45,8,61"/><U33/><E121/><V113/><F71/><W75/><G123/><T15/><D1/><U86/><E36/><V87/><F34/><W107/><G109/><T70/><D100/><U128/><E128/><V135/><F110/><W91/><G126/><T125/><D125/><U16/><E33/><V115/><F131/><W24/><G39/><T7/><D70/><U84/><E106/><V5/><F135/><W129/><G129/><T9/><D19/><N who="1" m="7243" /><E12/><V133/><F133/><W14/><G103/><T22/><D35/><U134/><E134/><V111/><F111/><W26/><G107/><T93/><D43/><U79/><E99/><V60/><F95/><W23/><G61/><N who="0" m="38319" /><D50/><N who="1" m="28767" /><E55/><V65/><F76/><N who="1" m="29257" /><E84/><V41/><REACH who="2" step="1"/><F54/><REACH who="2" ten="245,305,195,245" step="2"/><W118/><G118/><T108/><D108/><U117/><E117/><V42/><F42/><W116/><G116/><T40/><D40/><U69/><E69/><V101/><F101/><W124/><G124/><T18/><D74/><U11/><E11/><AGARI ba="1,1" hai="3,5,11,37,41,46,58,60,65,85,87,113,114,115" machi="11" ten="40,5200,0" yaku="1,1,11,1,52,1,53,0" doraHai="0" doraHaiUra="127" who="2" fromWho="1" sc="245,0,305,-55,195,65,245,0" /><INIT seed="2,0,0,3,0,91" ten="245,250,260,245" oya="2" hai0="107,85,114,61,4,101,30,86,20,71,69,120,96" hai1="87,119,34,95,109,70,102,58,52,19,106,130,129" hai2="42,54,14,48,8,97,98,32,90,29,16,50,66" hai3="104,105,116,112,67,36,88,40,2,13,57,44,133"/><V132/><F132/><W111/><G116/><T103/><D114/><U78/><E70/><V108/><F108/><W22/><G112/><T123/><D4/><U0/><E119/><V94/><F66/><W83/><G2/><T79/><D79/><U65/><E109/><V82/><F82/><W3/><G3/><T11/><D11/><U128/><E0/><V74/><F74/><W35/><G35/><T117/><D20/><U15/><E34/><V135/><F135/><W118/><G133/><T63/><D96/><N who="1" m="59679" /><E106/><V28/><F32/><W31/><G111/><T80/><D80/><N who="1" m="47511" /><E65/><V27/><F27/><W75/><G118/><T72/><D117/><U1/><E1/><V126/><F126/><W55/><G67/><T43/><D43/><U45/><E45/><N who="2" m="25655" /><F98/><W49/><G75/><T68/><D68/><U115/><E115/><V5/><F5/><W113/><G113/><T99/><D99/><U56/><E52/><V131/><F131/><N who="1" m="33537" /><U64/><DORA hai="92" /><E64/><V9/><F9/><AGARI ba="0,0" hai="9,15,19,56,58" m="33537,47511,59679" machi="9" ten="40,5200,0" yaku="19,1,52,2" doraHai="91,92" who="1" fromWho="2" sc="245,0,250,52,260,-52,245,0" /><INIT seed="3,0,0,1,4,101" ten="245,302,208,245" oya="3" hai0="40,32,127,63,16,57,58,85,5,8,47,18,37" hai1="65,66,74,26,51,0,52,67,45,118,103,76,3" hai2="135,38,14,131,69,25,88,116,97,113,94,23,56" hai3="133,95,24,1,99,89,111,50,132,55,108,102,128"/><W4/><G24/><T12/><D127/><U6/><E118/><V80/><F116/><W115/><G115/><T75/><D75/><U70/><E70/><V107/><F69/><W59/><G128/><T110/><D110/><N who="3" m="42025" /><G89/><T15/><D32/><U134/><E134/><N who="3" m="51818" /><G4/><T20/><D85/><U30/><E103/><V62/><F131/><W90/><G90/><T72/><D72/><U86/><E86/><V21/><F113/><W48/><G1/><T44/><D63/><AGARI ba="0,0" hai="48,50,55,59,63,95,99,102" m="51818,42025" machi="63" ten="30,5800,0" yaku="14,1,10,1,20,1" doraHai="101" who="3" fromWho="0" sc="245,-58,302,0,208,0,245,58" /><INIT seed="3,1,0,0,3,32" ten="187,302,208,303" oya="3" hai0="103,16,43,28,71,127,4,57,78,133,47,5,126" hai1="12,9,67,85,104,86,19,90,83,102,58,66,124" hai2="36,77,74,113,108,45,17,129,120,128,54,10,98" hai3="34,50,131,51,56,1,68,121,41,31,95,15,63"/><W23/><G121/><T13/><D71/><U101/><E124/><N who="0" m="47657" /><D133/><U26/><E104/><V24/><F113/><W80/><G68/><T117/><D117/><U88/><E26/><V40/><F120/><W37/><G131/><N who="2" m="50249" /><F108/><W89/><G80/><T134/><D134/><U75/><E75/><V59/><F98/><W20/><G34/><T72/><D28/><U60/><REACH who="1" step="1"/><E67/><REACH who="1" ten="187,292,208,303" step="2"/><V135/><F135/><W106/><G106/><T69/><D72/><U7/><E7/><V92/><F24/><W29/><G29/><T18/><D4/><U11/><E11/><V115/><F115/><W53/><G31/><T42/><D5/><U125/><E125/><V91/><F10/><W84/><G23/><T52/><D18/><U0/><E0/><V118/><F17/><W65/><G1/><T97/><D16/><U100/><E100/><V30/><F30/><W82/><G20/><T111/><D103/><U2/><E2/><V96/><F118/><W62/><G15/><T25/><D13/><U79/><E79/><V119/><F119/><W14/><G14/><T8/><D78/><U109/><E109/><V81/><F74/><W3/><G3/><T39/><D111/><U112/><E112/><V44/><F77/><W114/><G114/><T123/><D8/><U21/><E21/><V116/><F116/><W35/><G35/><T61/><D25/><U122/><E122/><V76/><F76/><W70/><G82/><AGARI ba="1,1" hai="9,12,19,58,60,66,82,83,85,86,88,90,101,102" machi="82" ten="30,12000,2" yaku="1,1,7,1,9,1,8,1,54,1,53,1" doraHai="32" doraHaiUra="6" who="1" fromWho="3" sc="187,0,292,133,208,0,303,-123" /><INIT seed="4,0,0,0,1,130" ten="187,425,208,180" oya="0" hai0="26,57,6,111,58,81,25,32,59,127,43,123,103" hai1="101,108,107,13,69,12,33,38,89,131,124,91,125" hai2="72,41,7,104,46,84,24,134,118,66,97,29,121" hai3="70,50,109,80,77,52,14,129,122,42,113,90,1"/><T71/><D123/><U62/><E33/><V85/><F121/><W65/><G1/><T49/><D71/><U21/><E38/><V67/><F72/><W92/><G122/><T37/><D37/><U8/><E108/><V117/><F7/><W99/><G109/><T100/><D111/><U88/><E131/><V34/><F104/><W112/><G129/><T106/><D127/><N who="1" m="48715" /><E21/><V64/><F97/><W74/><G42/><T55/><D43/><U60/><E69/><V15/><F15/><N who="1" m="5705" /><E8/><V79/><F134/><W17/><G65/><T133/><D6/><U40/><E40/><V56/><F56/><N who="0" m="21610" /><D106/><U2/><E2/><V120/><F120/><W98/><G70/><T44/><D32/><U0/><E0/><V23/><F34/><W82/><G112/><T96/><D44/><U110/><E110/><V36/><REACH who="2" step="1"/><F79/><REACH who="2" ten="187,425,198,180" step="2"/><W47/><G113/><T119/><D133/><U76/><E76/><V132/><F132/><W27/><G77/><T68/><D68/><U16/><E16/><V94/><F94/><W83/><G74/><T51/><D59/><U9/><E9/><V30/><F30/><W31/><G31/><T115/><D115/><U114/><E114/><V20/><F20/><N who="3" m="13711" /><G14/><T73/><D73/><U19/><E19/><V5/><F5/><W3/><G3/><T93/><D93/><U22/><E22/><V4/><F4/><W10/><G10/><T28/><D28/><U86/><E86/><AGARI ba="0,1" hai="23,24,29,36,41,46,64,66,67,84,85,86,117,118" machi="86" ten="40,1300,0" yaku="1,1,53,0" doraHai="130" doraHaiUra="78" who="2" fromWho="1" sc="187,0,425,-13,198,23,180,0" /><AGARI ba="0,0" hai="47,50,52,80,82,83,86,90,92,98,99" m="13711" machi="86" ten="30,2000,0" yaku="8,1,54,1" doraHai="130" who="3" fromWho="1" sc="187,0,412,-20,221,0,180,20" /><INIT seed="5,0,0,5,0,64" ten="187,392,221,200" oya="1" hai0="76,116,122,60,105,48,127,39,38,118,98,17,35" hai1="126,54,83,56,59,97,34,58,50,44,2,70,82" hai2="107,12,86,89,110,57,10,9,37,128,129,112,8" hai3="123,33,72,131,90,88,7,78,1,23,71,32,51"/><U111/><E2/><V22/><F107/><W11/><G123/><T46/><D122/><U87/><E34/><V125/><F37/><W63/><G131/><N who="2" m="50249" /><F110/><W47/><G23/><T104/><D35/><U42/><E111/><V31/><F125/><W133/><G133/><T74/><D127/><U124/><E70/><V24/><F57/><W73/><G73/><T61/><D17/><U92/><E126/><V26/><F112/><W65/><G33/><T4/><D4/><U18/><E124/><V85/><F26/><W94/><G32/><T100/><D105/><U77/><E82/><N who="2" m="49335" /><F86/><W5/><G5/><AGARI ba="0,0" hai="5,8,9,10,12,22,24,31" m="49335,50249" machi="5" ten="30,1000,0" yaku="19,1" doraHai="64" who="2" fromWho="3" sc="187,0,392,0,221,10,200,-10" /><INIT seed="6,0,0,2,3,59" ten="187,392,231,190" oya="2" hai0="135,84,99,100,50,52,61,120,134,17,53,130,103" hai1="28,47,87,74,27,89,129,92,31,68,58,105,73" hai2="40,104,131,98,76,66,133,44,72,91,111,45,132" hai3="43,32,94,121,22,78,96,77,36,24,8,109,114"/><V13/><F131/><W15/><G32/><T79/><D120/><U67/><E129/><V16/><F76/><W3/><G3/><T6/><D130/><U37/><E105/><V128/><F72/><W29/><G121/><T56/><D6/><U41/><E31/><V116/><F128/><W107/><G107/><T62/><D17/><U126/><E68/><V25/><F25/><W110/><G114/><T46/><D62/><U18/><E18/><V71/><F116/><W30/><G30/><T12/><D12/><U51/><E126/><V83/><F83/><W4/><G109/><T123/><D123/><U80/><E92/><N who="2" m="56607" /><F104/><W20/><G20/><T93/><REACH who="0" step="1"/><D103/><REACH who="0" ten="177,392,231,190" step="2"/><U69/><E69/><V112/><F13/><W63/><G63/><T64/><D64/><U75/><E67/><V14/><F16/><W65/><G65/><T35/><D35/><U33/><E58/><V9/><F14/><W86/><G110/><T81/><AGARI ba="0,1" hai="46,50,52,53,56,61,79,81,84,93,99,100,134,135" machi="81" ten="30,8000,1" yaku="1,1,0,1,52,1,54,1,53,1" doraHai="59" doraHaiUra="57" who="0" fromWho="0" sc="177,90,392,-20,231,-40,190,-20" /><INIT seed="7,0,0,0,4,114" ten="267,372,191,170" oya="3" hai0="20,61,69,3,53,10,94,25,17,83,123,9,134" hai1="30,91,18,31,115,46,82,84,55,56,73,14,40" hai2="132,71,15,67,32,129,59,111,26,120,105,33,106" hai3="78,43,1,97,74,108,7,36,122,87,92,8,39"/><W52/><G122/><T80/><D123/><U58/><E115/><V12/><F111/><W38/><G74/><T90/><D134/><U118/><E73/><V50/><F120/><W96/><G108/><T130/><D130/><U4/><E118/><V6/><F132/><W100/><G96/><N who="0" m="57431" /><D69/><U128/><E4/><V126/><F126/><W103/><G103/><T70/><D70/><U23/><E128/><V93/><F71/><W34/><G34/><T107/><D107/><U0/><E0/><V89/><F33/><W45/><REACH who="3" step="1"/><G52/><REACH who="3" ten="267,372,191,160" step="2"/><T60/><D53/><U21/><E55/><N who="2" m="32247" /><F32/><W47/><G47/><T5/><D61/><U86/><E46/><V13/><F129/><W113/><G113/><T133/><D60/><U2/><E40/><V51/><F106/><W101/><G101/><T109/><D109/><U41/><E41/><V44/><F105/><W42/><G42/><T72/><D72/><U37/><E86/><N who="2" m="52407" /><F67/><W57/><G57/><T64/><D64/><U79/><E56/><V76/><F76/><W117/><G117/><T28/><D133/><U124/><E58/><V121/><F121/><W54/><G54/><T77/><D77/><U35/><E84/><V81/><F44/><W19/><G19/><T27/><D17/><U88/><E18/><V22/><F51/><W24/><G24/><T75/><D27/><U102/><E102/><V112/><F112/><W99/><G99/><T125/><D75/><U119/><E79/><V98/><F98/><W65/><G65/><T116/><D116/><U29/><E119/><V104/><F104/><W68/><G68/><RYUUKYOKU ba="0,1" sc="267,-10,372,-10,191,-10,160,30" hai3="1,7,8,36,38,39,43,45,78,87,92,97,100" /><INIT seed="7,1,1,4,0,95" ten="257,362,181,190" oya="3" hai0="92,10,26,97,70,102,37,118,129,61,52,88,91" hai1="23,135,128,2,62,87,59,76,77,19,3,120,55" hai2="78,12,63,104,122,57,54,130,46,11,69,7,113" hai3="67,106,48,6,116,84,66,86,107,58,79,32,15"/><W25/><G116/><T131/><D118/><U0/><E120/><V111/><F111/><W35/><G25/><T109/><D109/><U43/><E43/><V82/><F104/><W100/><G6/><T42/><D42/><U68/><E68/><V56/><F122/><W85/><G15/><T30/><D37/><U51/><E128/><N who="0" m="49225" /><D10/><U1/><E1/><V99/><F113/><W34/><G79/><T83/><D83/><U40/><E135/><V36/><F130/><W96/><REACH who="3" step="1"/><G107/><REACH who="3" ten="257,362,181,180" step="2"/><T101/><D26/><N who="1" m="14719" /><E0/><V14/><F14/><W28/><G28/><T22/><D30/><U93/><E2/><V47/><F36/><W8/><G8/><T112/><D22/><U4/><E4/><V90/><F69/><W81/><G81/><T132/><D70/><U125/><E3/><V27/><F27/><W105/><G105/><T115/><D132/><U126/><E126/><V114/><F114/><W41/><G41/><T71/><D71/><U121/><E125/><V16/><F7/><W74/><G74/><T50/><D115/><U123/><E121/><V5/><F5/><W75/><G75/><T110/><D112/><U20/><E123/><V98/><F78/><W21/><G21/><T53/><D110/><U117/><E20/><V80/><F80/><W44/><G44/><N who="2" m="16937" /><F56/><W73/><G73/><T108/><D108/><U60/><E40/><V18/><F18/><W49/><G49/><T65/><D92/><U124/><E117/><V29/><F29/><W39/><G39/><T103/><D50/><U64/><E124/><V94/><F82/><W9/><G9/><RYUUKYOKU ba="1,2" sc="257,-15,362,-15,181,15,180,15" hai2="11,12,16,54,57,63,90,94,98,99" hai3="32,34,35,48,58,66,67,84,85,86,96,100,106" /><INIT seed="7,2,2,0,0,30" ten="242,347,196,195" oya="3" hai0="128,84,125,3,132,111,25,5,63,78,110,89,99" hai1="43,69,33,24,4,115,118,94,126,31,54,34,6" hai2="60,131,52,130,39,36,79,67,73,76,82,70,66" hai3="17,92,85,12,48,50,87,100,98,91,0,16,59"/><W129/><G0/><T35/><D78/><U107/><E107/><V15/><F79/><W18/><G129/><N who="2" m="49161" /><F15/><W133/><G133/><T7/><D99/><U41/><E69/><V88/><F67/><W53/><G87/><T112/><D128/><U19/><E94/><V122/><F122/><W72/><G72/><T2/><D132/><U11/><E54/><V27/><F27/><W93/><REACH who="3" step="1"/><G50/><REACH who="3" ten="242,347,196,185" step="2"/><T124/><D2/><U51/><E51/><V123/><F123/><W44/><G44/><T57/><D3/><U1/><E1/><V104/><F104/><W38/><G38/><T117/><D84/><U13/><E118/><V23/><F23/><AGARI ba="2,3" hai="12,16,17,18,23,48,53,59,85,91,92,93,98,100" machi="23" ten="30,18000,2" yaku="1,1,7,1,25,2,8,1,54,1,53,1" doraHai="30" doraHaiUra="46" who="3" fromWho="2" sc="242,0,347,0,196,-186,185,216" owari="242,-16.0,347,15.0,10,-49.0,401,50.0" /></mjloggm>