<mjloggm ver="2.3"><GO type="169" lobby="0"/><UN n0="%30%30%73%61%69" n1="%E3%82%A6%E3%83%AB%E3%83%88%E3%83%A9%E7%AB%8B%E7%9B%B4" n2="%E3%81%A1%E3%81%BF%E3%81%A1%E3%82%83%E3%82%93" n3="%E6%A9%98%E3%81%82%E3%82%8A%E3%81%99" dan="17,18,16,17" rate="2133.41,2240.12,2028.18,2157.39" sx="M,M,M,F"/><TAIKYOKU oya="0"/><INIT seed="0,0,0,1,5,22" ten="250,250,250,250" oya="0" hai0="129,30,80,36,76,122,67,42,58,125,47,74,79" hai1="78,130,87,48,114,108,25,103,9,91,126,73,132" hai2="100,13,135,96,65,69,117,2,11,94,70,109,120" hai3="61,111,83,97,107,72,27,12,134,1,124,37,14"/><T63/><D122/><U26/><E130/><V6/><F120/><W68/><G1/><T112/><D112/><U41/><E108/><V105/><F109/><W53/><G37/><T24/><D129/><U15/><E126/><V29/><F135/><W121/><G121/><T102/><D125/><U62/><E132/><V23/><F117/><W16/><G111/><T10/><D79/><U55/><E103/><V38/><F38/><W34/><G124/><T85/><D102/><U52/><E78/><V20/><F65/><W98/><G72/><T4/><D85/><U51/><E73/><V86/><F20/><N who="3" m="13703" /><G34/><T77/><D77/><U5/><E114/><V8/><F86/><W90/><G68/><T116/><D116/><U60/><E41/><V115/><F105/><W113/><G107/><T32/><D10/><U3/><E3/><V50/><F69/><W99/><G113/><T0/><D4/><U7/><E7/><V44/><F70/><W56/><G134/><T59/><D0/><U45/><E62/><V128/><F115/><W92/><G83/><T43/><D43/><U81/><REACH who="1" step="1"/><E60/><REACH who="1" ten="250,240,250,250" step="2"/><V95/><F128/><W118/><G118/><T21/><D32/><U89/><E89/><V131/><F131/><W82/><G82/><T106/><D106/><U119/><E119/><V46/><F2/><W31/><G31/><T54/><D54/><U123/><E123/><V40/><F29/><W101/><G101/><T33/><D33/><U93/><E93/><N who="2" m="58383" /><F40/><W18/><G18/><T84/><D74/><U64/><E64/><V49/><F94/><W127/><G127/><RYUUKYOKU ba="0,1" sc="250,10,240,10,250,-30,250,10" hai0="21,24,30,36,42,47,58,59,63,67,76,80,84" hai1="5,9,15,25,26,45,48,51,52,55,81,87,91" hai3="12,14,53,56,61,90,92,97,98,99" /><INIT seed="0,1,1,1,0,18" ten="260,250,220,260" oya="0" hai0="107,36,6,86,23,51,37,9,91,4,53,56,64" hai1="103,14,62,92,17,63,60,44,73,104,38,75,130" hai2="70,49,90,96,79,114,131,40,115,22,119,34,59" hai3="69,72,11,29,61,2,52,113,82,118,20,134,101"/><T123/><D123/><U129/><E104/><V127/><F34/><W99/><G113/><T5/><D107/><U13/><E13/><V65/><F79/><W15/><G118/><T124/><D124/><U68/><E68/><V33/><F33/><W7/><G134/><T0/><D64/><U16/><E17/><V27/><F127/><W120/><G120/><T71/><D71/><U54/><E92/><V30/><F119/><W117/><G117/><T121/><D121/><U41/><E54/><V47/><F131/><N who="1" m="50185" /><E103/><V28/><F28/><W98/><G69/><T112/><D112/><U102/><E102/><V21/><F70/><W25/><G2/><T122/><D122/><U26/><E26/><V3/><F3/><W81/><G72/><T32/><D32/><U77/><E77/><V35/><F65/><W1/><G1/><T125/><D125/><U88/><E88/><V87/><F96/><N who="3" m="36907" /><G101/><T116/><D116/><U19/><E19/><V46/><F114/><W84/><G84/><T133/><D133/><U94/><E94/><V57/><F115/><W85/><G85/><T12/><D0/><U66/><E66/><V76/><F76/><W58/><AGARI ba="1,1" hai="7,11,15,20,25,29,52,58,61,81,82" m="36907" machi="58" ten="30,4000,0" yaku="8,1,52,1,54,1" doraHai="18" who="3" fromWho="3" sc="260,-21,250,-11,220,-11,260,53" /><INIT seed="1,0,0,2,2,57" ten="239,239,209,313" oya="1" hai0="76,11,67,44,114,126,86,71,81,110,119,120,24" hai1="30,93,0,50,90,87,33,85,58,107,23,16,80" hai2="89,20,113,122,52,54,83,6,10,5,125,97,41" hai3="135,66,12,35,74,34,1,101,112,79,39,13,123"/><U108/><E0/><V117/><F117/><W21/><G112/><T7/><D114/><U70/><E70/><V105/><F122/><W46/><G1/><T116/><D110/><U127/><E107/><V88/><F113/><W109/><G109/><T3/><D126/><U134/><E134/><V103/><F125/><W92/><G123/><T18/><D120/><U26/><E127/><V129/><F129/><W4/><G74/><T65/><D44/><U55/><E108/><V36/><F5/><W37/><G79/><T91/><D76/><U68/><E68/><V102/><F102/><W84/><G66/><T43/><D43/><U2/><E2/><V28/><F41/><W22/><G101/><T69/><D69/><U130/><E130/><V63/><F36/><W19/><G19/><T62/><REACH who="0" step="1"/><D67/><REACH who="0" ten="229,239,209,313" step="2"/><U98/><REACH who="1" step="1"/><E80/><REACH who="1" ten="229,229,209,313" step="2"/><V29/><F83/><W14/><G135/><T95/><D95/><U133/><E133/><V128/><F105/><W53/><G92/><T75/><D75/><U99/><E99/><V64/><F97/><W49/><G84/><T51/><D51/><U48/><E48/><V106/><F106/><W42/><G37/><T104/><D104/><U73/><E73/><V56/><F128/><W17/><G39/><T72/><D72/><U94/><E94/><V82/><F82/><W40/><G49/><T131/><D131/><U9/><E9/><V27/><F10/><W100/><G40/><T121/><D121/><U31/><E31/><V111/><F29/><W45/><G42/><T77/><D77/><U15/><AGARI ba="0,2" hai="15,16,23,26,30,33,50,55,58,85,87,90,93,98" machi="15" ten="20,7800,0" yaku="1,1,0,1,7,1,54,1,53,0" doraHai="57" doraHaiUra="78" who="1" fromWho="1" sc="229,-26,229,98,209,-26,313,-26" /><INIT seed="1,1,0,3,3,59" ten="203,327,183,287" oya="1" hai0="46,131,69,44,7,9,65,89,120,12,32,55,85" hai1="56,104,50,101,71,122,73,95,0,21,126,134,94" hai2="18,20,48,93,114,117,125,99,81,133,107,119,72" hai3="84,75,128,77,37,5,22,113,23,33,39,29,74"/><U61/><E122/><V103/><F48/><W83/><G113/><T90/><D32/><U68/><E0/><V31/><F31/><W100/><G5/><T40/><D131/><U16/><E73/><V115/><F18/><W116/><G128/><T80/><D120/><U25/><E126/><V41/><F41/><W92/><G116/><N who="2" m="44617" /><F20/><W129/><G129/><T63/><D55/><U13/><E134/><V64/><F64/><W4/><G4/><T78/><REACH who="0" step="1"/><D46/><REACH who="0" ten="193,327,183,287" step="2"/><U54/><E104/><V45/><F45/><W14/><G33/><T17/><D17/><U70/><E101/><V57/><F107/><W15/><G100/><T10/><D10/><U87/><E87/><V121/><F103/><W127/><G84/><T42/><D42/><U108/><E108/><V52/><F121/><W8/><G8/><T124/><D124/><U118/><E118/><V11/><F11/><W26/><G127/><T88/><D88/><U36/><E54/><V135/><F52/><W82/><G22/><T105/><D105/><U110/><E21/><V96/><F125/><W123/><G123/><T62/><D62/><U98/><E61/><V34/><F34/><W19/><G19/><T30/><D30/><U76/><E16/><V132/><F133/><W97/><G23/><T35/><D35/><U24/><E24/><V27/><F27/><W38/><G26/><T67/><D67/><U79/><E25/><V60/><F132/><W109/><G29/><T28/><D28/><U106/><E106/><V130/><F135/><W47/><G109/><T43/><D43/><U6/><E110/><RYUUKYOKU ba="1,1" sc="193,30,327,-10,183,-10,287,-10" hai0="7,9,12,40,44,63,65,69,78,80,85,89,90" /><INIT seed="2,2,1,5,3,50" ten="223,317,173,277" oya="2" hai0="33,39,1,85,61,116,123,75,107,3,44,131,42" hai1="118,15,126,106,11,117,57,32,104,0,16,54,51" hai2="115,63,45,102,135,64,76,88,67,93,114,46,7" hai3="74,132,25,29,86,89,48,41,101,26,21,38,20"/><V84/><F135/><W97/><G132/><T35/><D123/><U94/><E32/><N who="0" m="12361" /><D85/><U119/><E126/><V83/><F67/><W19/><G74/><T130/><D116/><U129/><E129/><N who="0" m="49161" /><D107/><U121/><E121/><V71/><F102/><W23/><G38/><T56/><D75/><U60/><E0/><V69/><F69/><W5/><G5/><T65/><AGARI ba="2,1" hai="1,3,39,42,44,56,61,65" m="49161,12361" machi="65" ten="30,1100,0" yaku="19,1" doraHai="50" who="0" fromWho="0" sc="223,27,317,-5,173,-7,277,-5" /><INIT seed="3,0,0,4,1,7" ten="250,312,166,272" oya="3" hai0="92,46,79,26,55,110,71,47,74,18,34,35,76" hai1="31,9,73,36,108,10,93,20,104,113,81,80,56" hai2="22,24,103,60,2,114,65,5,109,41,66,33,37" hai3="94,87,68,72,70,134,132,122,100,19,101,29,127"/><W118/><G72/><T88/><D71/><N who="3" m="27177" /><G118/><T52/><D110/><U25/><E108/><V43/><F109/><W62/><G29/><T129/><D129/><U128/><E128/><V112/><F33/><W8/><G122/><T124/><D124/><U51/><E104/><V30/><F103/><W75/><G75/><T115/><D115/><U107/><E107/><V23/><F37/><W116/><G116/><T120/><D120/><U135/><E36/><V83/><F83/><N who="1" m="31817" /><E73/><V45/><F45/><N who="0" m="16906" /><D35/><U77/><E77/><N who="0" m="29769" /><D34/><U32/><E32/><V3/><F30/><W69/><G127/><T133/><D133/><N who="3" m="51305" /><G62/><T40/><D40/><U17/><E135/><V59/><F60/><W96/><G69/><T44/><D74/><U57/><E113/><V54/><F59/><N who="1" m="22601" /><E31/><V11/><F54/><W58/><G58/><T121/><D121/><U49/><E93/><V14/><F112/><W12/><G87/><N who="0" m="52255" /><D44/><U85/><E85/><V4/><F114/><W78/><G78/><T130/><D130/><U84/><E84/><V28/><F65/><W50/><G50/><AGARI ba="0,0" hai="9,10,17,20,25,49,50,51" m="22601,31817" machi="50" ten="30,3900,0" yaku="8,1,52,2" doraHai="7" who="1" fromWho="3" sc="250,0,312,39,166,0,272,-39" /><INIT seed="4,0,0,5,5,13" ten="250,351,166,233" oya="0" hai0="85,53,62,38,42,101,17,104,128,114,78,34,68" hai1="80,65,49,45,84,96,61,123,29,37,9,16,14" hai2="21,52,5,70,1,27,75,32,24,113,54,97,12" hai3="15,51,102,134,47,124,133,7,33,0,90,69,82"/><T71/><D34/><U44/><E123/><V103/><F113/><W107/><G69/><T135/><D38/><U43/><E29/><V59/><F70/><W115/><G33/><T110/><D42/><U11/><E96/><V132/><F132/><N who="3" m="50795" /><G115/><T30/><D30/><U25/><E25/><V40/><F75/><W73/><G0/><T94/><D104/><U22/><E45/><V48/><F40/><W116/><G116/><T126/><D135/><U55/><E43/><V100/><F54/><W121/><G121/><T57/><D114/><U125/><E125/><V105/><F103/><W3/><G3/><T66/><D68/><U109/><E37/><V67/><F67/><W60/><G60/><T39/><D39/><U35/><E35/><V87/><F87/><N who="3" m="50551" /><G73/><T50/><D126/><U129/><E109/><V98/><F98/><W88/><G88/><N who="0" m="53519" /><D101/><U91/><E129/><V10/><REACH who="2" step="1"/><F32/><REACH who="2" ten="250,351,156,233" step="2"/><W86/><G102/><T8/><D71/><AGARI ba="0,1" hai="9,11,14,16,22,44,49,55,61,65,71,80,84,91" machi="71" ten="30,3900,0" yaku="7,1,52,1,54,1" doraHai="13" who="1" fromWho="0" sc="250,-39,351,49,156,0,233,0" /><INIT seed="5,0,0,1,0,70" ten="211,400,156,233" oya="1" hai0="126,18,130,42,15,118,8,112,76,77,37,83,62" hai1="3,32,9,91,102,39,67,86,134,40,29,124,123" hai2="7,13,14,22,44,58,17,120,113,108,104,115,122" hai3="59,116,117,4,85,53,20,48,63,114,90,87,61"/><U12/><E3/><V79/><F104/><W43/><G114/><N who="2" m="43529" /><F79/><W26/><G4/><T99/><D112/><U69/><E102/><V64/><F64/><W133/><G133/><T68/><D118/><N who="3" m="45673" /><G43/><T31/><D68/><U78/><E78/><V27/><F44/><W97/><G97/><T1/><D62/><N who="3" m="23561" /><G90/><T33/><D99/><U80/><E67/><V65/><F65/><W19/><AGARI ba="0,0" hai="19,20,26,48,53,59,85,87" m="23561,45673" machi="19" ten="30,1100,0" yaku="12,1" doraHai="70" who="3" fromWho="3" sc="211,-3,400,-5,156,-3,233,11" /><INIT seed="6,0,0,4,1,65" ten="208,395,153,244" oya="2" hai0="118,98,68,91,2,14,60,52,131,72,45,132,86" hai1="37,24,79,61,5,75,67,87,89,117,62,39,127" hai2="103,100,58,11,27,93,38,64,115,69,106,17,56" hai3="96,35,7,10,47,63,19,105,74,21,114,30,97"/><V81/><F38/><W44/><G74/><T135/><D2/><U57/><E117/><V12/><F115/><W41/><G114/><T90/><D72/><U1/><E127/><V48/><F106/><W80/><G35/><T23/><D131/><U92/><E75/><V113/><F113/><W59/><G30/><T8/><D118/><U110/><E110/><V22/><F81/><W82/><G105/><T84/><D23/><U50/><E79/><V42/><F69/><W55/><G80/><N who="0" m="49415" /><D98/><N who="3" m="37993" /><G41/><T36/><D36/><U33/><E50/><V13/><F93/><W28/><G28/><T66/><D91/><U25/><E33/><V94/><F94/><W102/><G82/><T3/><D3/><U133/><E25/><V112/><F112/><W85/><G85/><T34/><D34/><U73/><E24/><V123/><F123/><W122/><G102/><N who="2" m="38953" /><F64/><W120/><G122/><T134/><D86/><U71/><E73/><V49/><F12/><N who="3" m="5215" /><G120/><T111/><D111/><U4/><E39/><V16/><F42/><W119/><G119/><T32/><D32/><U18/><E37/><V31/><F31/><W107/><G107/><T46/><D14/><AGARI ba="0,0" hai="14,19,21,44,47,55,59,63" m="5215,37993" machi="14" ten="30,1000,0" yaku="8,1" doraHai="65" who="3" fromWho="0" sc="208,-10,395,0,153,0,244,10" /><INIT seed="7,0,0,4,2,123" ten="198,395,153,254" oya="3" hai0="79,131,75,34,106,27,48,112,113,116,54,115,118" hai1="94,60,81,43,17,125,76,133,11,129,14,95,45" hai2="64,134,80,26,32,87,36,4,103,120,1,62,16" hai3="19,7,2,72,41,20,44,22,49,74,132,55,50"/><W105/><G105/><T82/><D106/><U52/><E129/><V91/><F120/><W3/><G132/><T28/><D131/><U83/><E125/><V84/><F134/><W127/><G127/><T6/><D6/><U69/><E133/><V108/><F36/><W121/><G121/><T124/><D124/><U53/><E69/><V47/><F103/><W114/><G114/><T46/><AGARI ba="0,0" hai="27,28,34,46,48,54,75,79,82,112,113,115,116,118" machi="46" ten="30,4000,0" yaku="0,1,15,1,11,1" doraHai="123" who="0" fromWho="0" sc="198,40,395,-10,153,-10,254,-20" owari="238,4.0,385,49.0,143,-36.0,234,-17.0" /></mjloggm>