<mjloggm ver="2.3"><GO type="169" lobby="0"/><UN n0="%E3%82%A6%E3%83%AB%E3%83%88%E3%83%A9%E7%AB%8B%E7%9B%B4" n1="%73%69%6E%6F%6E%6F%6E%75" n2="%67%6F%75%73%69" n3="%54%E3%83%BB%54%E3%83%BB%EF%BC%98" dan="17,16,17,16" rate="2202.45,2066.36,2206.71,2126.05" sx="M,M,M,M"/><TAIKYOKU oya="0"/><INIT seed="0,0,0,2,5,117" ten="250,250,250,250" oya="0" hai0="109,94,88,125,61,54,18,9,115,97,106,79,29" hai1="64,99,43,19,96,89,30,100,71,49,112,121,73" hai2="58,80,5,46,40,72,68,116,91,90,135,38,45" hai3="28,55,27,129,124,128,114,93,44,131,7,50,35"/><T11/><D115/><U17/><E73/><V51/><F116/><W119/><G114/><T24/><D125/><U14/><E112/><V52/><F135/><W21/><G119/><T42/><D109/><U84/><E30/><V134/><F134/><W75/><G75/><T8/><D106/><U123/><E17/><V83/><F68/><W103/><G124/><T101/><D79/><U133/><E133/><V127/><F127/><W104/><G104/><T4/><D42/><U77/><E77/><V113/><F113/><W98/><REACH who="3" step="1"/><G7/><REACH who="3" ten="250,250,250,240" step="2"/><T31/><D4/><U33/><E100/><V62/><F5/><W32/><AGARI ba="0,1" hai="21,27,28,32,35,44,50,55,93,98,103,128,129,131" machi="32" ten="40,8000,1" yaku="1,1,2,1,0,1,19,1,53,0" doraHai="117" doraHaiUra="86" who="3" fromWho="3" sc="250,-40,250,-20,250,-20,240,90" /><INIT seed="1,0,0,1,0,113" ten="210,230,230,330" oya="1" hai0="15,78,43,29,95,132,86,32,77,114,62,20,120" hai1="50,44,112,131,14,85,23,41,61,24,88,56,57" hai2="93,89,66,5,3,10,133,53,92,130,118,73,68" hai3="76,126,117,0,87,129,98,103,97,35,30,48,28"/><U96/><E112/><V105/><F105/><W22/><G0/><T40/><D114/><U122/><E122/><V63/><F73/><W109/><G126/><T34/><D132/><U13/><E131/><V1/><F130/><W7/><G129/><T59/><D34/><U107/><E107/><V121/><F121/><W71/><G71/><T134/><D32/><U135/><E135/><V94/><F133/><W8/><G109/><T33/><D33/><U16/><E96/><V46/><F118/><W49/><G35/><T101/><D120/><U52/><E57/><V70/><F70/><W31/><G22/><T60/><D60/><U17/><E17/><V47/><F1/><W38/><G38/><T2/><D2/><U115/><E115/><V26/><F26/><W67/><G67/><T25/><D15/><U111/><E111/><V54/><F89/><W123/><G117/><T91/><D101/><U69/><E69/><V39/><F39/><W51/><G103/><T99/><D134/><U82/><AGARI ba="0,0" hai="13,14,16,23,24,41,44,50,52,56,61,82,85,88" machi="82" ten="20,18000,2" yaku="0,1,7,1,8,1,54,3" doraHai="113" who="1" fromWho="1" sc="210,-60,230,180,230,-60,330,-60" /><INIT seed="1,1,0,2,4,83" ten="150,410,170,270" oya="1" hai0="107,62,45,94,32,97,110,10,28,12,118,123,76" hai1="20,127,13,59,56,108,8,106,96,109,116,53,27" hai2="14,35,39,84,50,126,40,36,117,0,102,17,22" hai3="42,88,25,38,24,47,43,133,90,4,67,51,5"/><U70/><E70/><V82/><F117/><W103/><G67/><T7/><D118/><U124/><E116/><V23/><F35/><W58/><G103/><T79/><D107/><U52/><E106/><V78/><F0/><W48/><G58/><N who="1" m="22058" /><E96/><V57/><F126/><N who="1" m="48169" /><E20/><V16/><F102/><W9/><G38/><T122/><D32/><U11/><E27/><V93/><F93/><W73/><G73/><T89/><D62/><U3/><E3/><V75/><F75/><W21/><G21/><T130/><D28/><U72/><E72/><V34/><F34/><W31/><G31/><T119/><D119/><U30/><E30/><V98/><F98/><W74/><G74/><T128/><D45/><U121/><E121/><N who="0" m="46089" /><D110/><N who="1" m="42603" /><E11/><V92/><F57/><W80/><G9/><T15/><D15/><U112/><E112/><V54/><F14/><W129/><G5/><AGARI ba="1,0" hai="5,8,13,52,53" m="42603,48169,22058" machi="5" ten="30,11600,0" yaku="18,1,14,1,10,1,54,1" doraHai="83" who="1" fromWho="3" sc="150,0,410,119,170,0,270,-119" /><INIT seed="1,2,0,2,1,104" ten="150,529,170,151" oya="1" hai0="123,86,7,29,60,128,52,24,1,42,71,106,115" hai1="46,13,15,132,93,30,114,37,125,80,122,111,94" hai2="58,66,100,16,96,120,79,85,68,83,33,99,70" hai3="88,116,89,63,110,47,64,25,107,118,84,17,18"/><U27/><E114/><V53/><F120/><W45/><G107/><T23/><D106/><U69/><E122/><V131/><F33/><W40/><G25/><T21/><D115/><U43/><E69/><V59/><F131/><W105/><G105/><T11/><D123/><U113/><E113/><V41/><F41/><W0/><G110/><T101/><D101/><U72/><E111/><V2/><F2/><W19/><G0/><T129/><D42/><U75/><E80/><V49/><F70/><W9/><G9/><T55/><D86/><U103/><E94/><V61/><F100/><W48/><G47/><T127/><D23/><U112/><E112/><V22/><REACH who="2" step="1"/><F68/><REACH who="2" ten="150,529,160,151" step="2"/><W73/><G118/><T26/><D128/><U130/><E130/><V54/><F54/><W6/><G116/><T121/><D129/><U14/><E103/><V134/><F134/><W108/><G108/><T56/><D121/><U50/><E132/><V95/><F95/><W90/><G64/><T82/><D71/><U20/><E93/><V117/><F117/><W87/><G63/><T124/><D55/><U135/><E135/><V44/><F44/><W81/><REACH who="3" step="1"/><G6/><REACH who="3" ten="150,529,160,141" step="2"/><T126/><D7/><U35/><E46/><V5/><F5/><W65/><G65/><T32/><D1/><U78/><E35/><V28/><F28/><W3/><G3/><T98/><D29/><U97/><E30/><V36/><F36/><W57/><G57/><N who="0" m="34855" /><D32/><U39/><E37/><V10/><F10/><W62/><G62/><T92/><D11/><U102/><E39/><V76/><F76/><AGARI ba="2,2" hai="17,18,19,40,45,48,73,76,81,84,87,88,89,90" machi="76" ten="40,5200,0" yaku="1,1,52,1,54,1,53,0" doraHai="104" doraHaiUra="31" who="3" fromWho="2" sc="150,0,529,0,160,-58,141,78" /><INIT seed="2,0,0,3,4,32" ten="150,529,102,219" oya="2" hai0="31,51,20,4,43,125,126,13,109,77,1,44,10" hai1="105,128,127,112,47,50,82,12,48,113,57,39,42" hai2="124,84,30,6,9,19,72,86,101,111,11,81,24" hai3="16,33,15,26,134,107,25,94,5,110,104,23,73"/><V0/><F124/><N who="0" m="47722" /><D77/><U90/><E127/><V85/><F101/><W97/><G73/><T29/><D109/><U67/><E105/><V78/><F111/><W49/><G110/><T14/><D20/><U123/><E12/><AGARI ba="0,0" hai="1,4,10,12,13,14,29,31,43,44,51" m="47722" machi="12" ten="30,2000,0" yaku="18,1,52,1" doraHai="32" who="0" fromWho="1" sc="150,20,529,-20,102,0,219,0" /><INIT seed="3,0,0,0,4,88" ten="170,509,102,219" oya="3" hai0="0,129,21,119,130,5,101,115,68,60,110,76,72" hai1="125,27,134,87,30,65,11,36,80,74,126,86,109" hai2="103,47,81,93,98,59,39,7,90,25,41,40,33" hai3="1,53,91,132,52,43,120,116,38,12,105,69,48"/><W96/><G69/><T6/><D119/><U71/><E36/><V58/><F40/><W133/><G1/><T51/><D101/><U85/><E109/><V79/><F33/><W89/><G120/><T31/><D72/><U42/><E42/><V127/><F127/><N who="1" m="48649" /><E134/><N who="3" m="51818" /><G116/><T108/><D76/><U34/><E74/><V61/><F25/><W35/><G35/><T99/><D99/><U121/><E121/><V97/><F7/><W117/><G117/><T112/><D51/><U24/><E24/><V70/><F70/><W83/><G38/><T17/><D60/><N who="1" m="40359" /><E11/><V28/><F28/><W23/><G43/><T106/><D31/><U16/><E16/><V122/><F61/><W95/><G105/><T26/><D106/><U63/><E63/><V128/><F122/><W22/><G12/><T102/><D68/><U124/><E124/><V15/><F15/><W18/><G18/><T131/><D6/><U94/><E80/><V77/><F81/><W13/><G13/><T32/><D5/><U107/><E107/><V56/><REACH who="2" step="1"/><F128/><REACH who="2" ten="170,509,92,219" step="2"/><W50/><G83/><T75/><D130/><U20/><E34/><V46/><F46/><N who="3" m="27671" /><G22/><T9/><D21/><U73/><E20/><V123/><F123/><W114/><G23/><T118/><D131/><U19/><E19/><V44/><F44/><N who="3" m="27847" /><G114/><T14/><D115/><U54/><E30/><V100/><F100/><AGARI ba="0,1" hai="89,91,95,96,100" m="27847,27671,51818" machi="100" ten="30,5800,0" yaku="20,1,52,1,54,1" doraHai="88" who="3" fromWho="2" sc="170,0,509,0,92,-58,219,68" /><INIT seed="3,1,0,3,3,23" ten="170,509,34,287" oya="3" hai0="33,16,49,121,24,71,29,77,65,11,22,53,87" hai1="128,130,40,89,66,14,85,131,108,51,50,54,9" hai2="39,81,82,63,4,93,1,35,79,61,3,62,57" hai3="129,135,109,76,98,36,43,59,7,18,80,78,47"/><W118/><G118/><T56/><D121/><U119/><E108/><V84/><F39/><W124/><G135/><T74/><D74/><U125/><E119/><V107/><F107/><W122/><G109/><T114/><D114/><U97/><E97/><V45/><F35/><W92/><G122/><T72/><D72/><U25/><E66/><V28/><F28/><W58/><G124/><T120/><D120/><U103/><E103/><V86/><F45/><W123/><G123/><T37/><D37/><U112/><E112/><V69/><F69/><W75/><G78/><T116/><D116/><U48/><E25/><V20/><F20/><W91/><G129/><T19/><D33/><U73/><E40/><V88/><F4/><W46/><G46/><T8/><D65/><U38/><E38/><V101/><REACH who="2" step="1"/><F57/><REACH who="2" ten="170,509,24,287" step="2"/><W102/><G7/><T106/><D106/><U6/><E125/><V52/><F52/><W133/><G133/><T83/><D71/><U64/><E64/><V34/><F34/><W26/><G59/><T70/><D70/><U113/><E113/><V5/><F5/><W12/><G58/><T0/><D0/><U60/><E54/><V94/><F94/><W2/><G2/><T96/><D8/><U10/><E10/><V100/><F100/><W55/><G102/><T111/><D11/><U21/><E21/><V99/><AGARI ba="1,1" hai="1,3,61,62,63,79,81,82,84,86,88,93,99,101" machi="99" ten="30,4000,0" yaku="1,1,0,1,54,1,53,0" doraHai="23" doraHaiUra="31" who="2" fromWho="2" sc="170,-11,509,-11,24,53,287,-21" /><INIT seed="4,0,0,1,1,110" ten="159,498,77,266" oya="0" hai0="11,81,119,60,96,82,85,63,80,123,118,121,30" hai1="115,131,127,42,28,38,87,129,84,76,20,27,71" hai2="111,13,37,64,25,54,83,70,36,93,90,128,55" hai3="114,101,106,34,104,122,135,75,86,125,67,112,103"/><T124/><D30/><U99/><E115/><N who="3" m="44074" /><G34/><T117/><D11/><U35/><E71/><V132/><F83/><W59/><G122/><T49/><D49/><U78/><E127/><V62/><F13/><W23/><G125/><T74/><D124/><U113/><E99/><V6/><F25/><W24/><G135/><T109/><D109/><U21/><E113/><V12/><F93/><W26/><G75/><T22/><D22/><N who="1" m="8811" /><E42/><V47/><F90/><W92/><G59/><T14/><D74/><U89/><E38/><V4/><F6/><W91/><G67/><T0/><D81/><N who="1" m="49391" /><E84/><V94/><F94/><W51/><G51/><T2/><D85/><U69/><E69/><V19/><F132/><W130/><G26/><T41/><D118/><U40/><E40/><V100/><F111/><W65/><G65/><T102/><D41/><U15/><E15/><V88/><F12/><W98/><G130/><AGARI ba="0,0" hai="27,28,35,76,78,129,130,131" m="49391,8811" machi="130" ten="30,1000,0" yaku="19,1" doraHai="110" who="1" fromWho="3" sc="159,0,498,10,77,0,266,-10" /><INIT seed="5,0,0,0,3,98" ten="159,508,77,256" oya="1" hai0="43,88,61,84,42,12,52,44,32,34,93,67,50" hai1="11,66,65,81,16,83,4,7,101,82,8,30,5" hai2="134,118,94,56,59,85,35,29,86,54,71,75,106" hai3="92,120,77,128,132,107,121,40,110,48,69,47,105"/><U116/><E116/><V70/><F75/><W51/><G69/><T46/><D12/><U90/><E30/><V130/><F106/><W27/><G128/><T57/><REACH who="0" step="1"/><D67/><REACH who="0" ten="149,508,77,256" step="2"/><U125/><E66/><V9/><F118/><W19/><G110/><T3/><D3/><U78/><E65/><V10/><F130/><W73/><G121/><T126/><D126/><U58/><E125/><V79/><F134/><W109/><G120/><T119/><D119/><U115/><E7/><V41/><F71/><W96/><G109/><T14/><D14/><U68/><E5/><V113/><F70/><W49/><G132/><T112/><D112/><U104/><E4/><V108/><F113/><W21/><G47/><T100/><D100/><U64/><E101/><V89/><F108/><W99/><G40/><T39/><AGARI ba="0,1" hai="32,34,39,42,43,44,46,50,52,57,61,84,88,93" machi="39" ten="20,8000,1" yaku="1,1,0,1,7,1,54,2,53,0" doraHai="98" doraHaiUra="135" who="0" fromWho="0" sc="149,90,508,-40,77,-20,256,-20" /><INIT seed="6,0,0,5,2,46" ten="239,468,57,236" oya="2" hai0="10,89,105,16,37,133,73,12,74,48,9,96,92" hai1="128,40,51,13,80,57,91,123,4,20,50,94,118" hai2="90,23,79,69,45,64,125,117,122,135,68,28,120" hai3="115,58,132,34,38,86,111,82,60,103,33,98,126"/><V30/><F117/><W104/><G38/><T121/><D37/><U0/><E118/><V107/><F107/><W114/><G111/><T56/><D121/><U119/><E119/><V112/><F112/><N who="3" m="43051" /><G132/><T31/><D133/><U2/><E80/><V67/><F135/><W15/><G15/><T32/><D31/><U134/><E134/><V44/><F90/><N who="3" m="51543" /><G126/><T36/><D32/><U97/><E2/><V59/><F59/><W22/><G22/><T65/><D36/><U106/><E106/><V24/><F23/><W116/><G116/><T1/><D105/><U7/><E0/><V55/><F55/><AGARI ba="0,0" hai="33,34,55,58,60,98,103,104" m="51543,43051" machi="55" ten="30,2000,0" yaku="15,1,11,1" doraHai="46" who="3" fromWho="2" sc="239,0,468,0,57,-20,236,20" /><INIT seed="7,0,0,4,5,31" ten="239,468,37,256" oya="3" hai0="25,86,37,100,93,47,107,74,79,114,48,115,53" hai1="19,64,6,63,23,30,126,29,130,22,44,106,43" hai2="112,34,20,68,121,45,119,24,135,10,60,89,71" hai3="50,111,57,21,15,67,52,18,62,65,1,39,32"/><W120/><G120/><T118/><D118/><U4/><E106/><V17/><F89/><W75/><G75/><T59/><D25/><N who="1" m="14559" /><E126/><V33/><F45/><W61/><G39/><T13/><D13/><U78/><E130/><V113/><F60/><W42/><G1/><T58/><D107/><U117/><E117/><V51/><F51/><W5/><G111/><T26/><D26/><N who="1" m="16607" /><E30/><V41/><F41/><W131/><G131/><T40/><D59/><N who="1" m="36991" /><E78/><V108/><F119/><W55/><G5/><T123/><D123/><U109/><E109/><V94/><F94/><W8/><G32/><T73/><D79/><U105/><E105/><V36/><F24/><W133/><G133/><T76/><D76/><U69/><E69/><V82/><F20/><W72/><G72/><T3/><D3/><U83/><E83/><V70/><F70/><W46/><G21/><T103/><D74/><U102/><E102/><V7/><F82/><W11/><G11/><T9/><D9/><U12/><E12/><V127/><F10/><W95/><G95/><T124/><D73/><U125/><E44/><V16/><F7/><W91/><G91/><N who="0" m="53495" /><D124/><U35/><E125/><V96/><F127/><W134/><G134/><T92/><D92/><U81/><E35/><V56/><F135/><W104/><G104/><T116/><D116/><U38/><E38/><V90/><F56/><AGARI ba="0,0" hai="8,15,18,42,46,50,52,55,56,57,61,62,65,67" machi="56" ten="30,11600,0" yaku="7,1,9,1,8,1,54,1" doraHai="31" who="3" fromWho="2" sc="239,0,468,0,37,-116,256,116" owari="239,-16.0,468,57.0,-79,-58.0,372,17.0" /></mjloggm>