<mjloggm ver="2.3"><GO type="169" lobby="0"/><UN n0="%E3%81%8B%E3%82%89%E3%83%BC%E3%81%9C" n1="%E5%B2%A1%E6%9D%91%E9%9D%96%E5%B9%B8" n2="%E3%82%A6%E3%83%AB%E3%83%88%E3%83%A9%E7%AB%8B%E7%9B%B4" n3="%E3%82%82%E3%82%81%E3%82%93%E3%81%AA%E3%81%A1%E3%82%83%E3%81%84" dan="17,16,18,17" rate="2198.51,2051.42,2279.08,2212.26" sx="F,M,M,F"/><TAIKYOKU oya="0"/><INIT seed="0,0,0,5,2,11" ten="250,250,250,250" oya="0" hai0="135,69,3,103,19,26,92,109,106,34,30,85,126" hai1="112,89,57,134,94,104,130,108,49,78,127,99,39" hai2="52,56,131,51,37,95,23,111,31,16,132,44,91" hai3="120,17,105,98,73,54,65,40,22,2,46,1,68"/><T36/><D92/><U83/><E39/><V117/><F111/><W14/><G73/><T128/><D85/><U25/><E108/><V122/><F122/><W48/><G120/><T10/><D103/><U64/><E112/><V63/><F131/><W4/><G4/><T102/><D102/><U81/><E130/><V59/><F132/><W5/><G5/><T121/><D19/><U79/><E134/><V61/><F31/><W115/><G115/><T77/><D10/><U6/><E25/><V76/><F76/><N who="1" m="29225" /><E49/><V50/><F117/><W21/><G21/><T87/><D87/><N who="1" m="52543" /><E6/><V15/><F37/><W9/><G9/><T88/><D26/><U67/><E57/><N who="2" m="22091" /><F51/><W28/><G28/><T8/><D77/><U32/><E32/><V18/><F18/><W124/><G1/><T12/><D30/><U96/><E104/><V71/><F71/><W80/><G2/><T129/><D8/><U116/><E116/><V123/><F123/><W42/><G105/><T93/><D129/><U35/><E35/><V72/><F72/><W13/><G68/><T133/><D133/><U47/><E47/><V41/><F41/><W55/><G42/><T53/><D135/><U24/><E24/><V75/><F75/><W101/><G40/><T118/><D128/><U90/><E64/><V107/><F107/><W45/><G65/><T20/><D106/><U74/><E74/><V113/><F113/><W43/><G43/><T119/><D119/><U62/><E67/><V82/><F82/><N who="1" m="31241" /><E62/><V38/><F38/><W70/><G70/><T84/><D36/><U33/><E33/><RYUUKYOKU ba="0,0" sc="250,-10,250,-10,250,30,250,-10" hai2="15,16,23,44,50,52,61,63,91,95" /><INIT seed="1,1,0,2,1,16" ten="240,240,280,240" oya="1" hai0="1,85,115,14,35,128,6,91,90,45,44,113,78" hai1="48,10,8,110,62,88,103,123,130,65,46,27,99" hai2="50,32,42,122,39,114,11,124,59,95,29,67,111" hai3="92,51,120,0,18,121,41,21,12,86,96,47,66"/><U82/><E123/><V89/><F122/><W134/><G0/><T87/><D35/><U63/><E130/><V104/><F104/><W97/><G134/><T93/><D1/><U80/><E110/><V109/><F124/><W98/><REACH who="3" step="1"/><G66/><REACH who="3" ten="240,240,280,230" step="2"/><T102/><D128/><U117/><E65/><V55/><F67/><W23/><G23/><T76/><D115/><U60/><E117/><V70/><F111/><W105/><G105/><T125/><D113/><U56/><E8/><V24/><F109/><W119/><G119/><T132/><D132/><U129/><E10/><V116/><F114/><W4/><G4/><T54/><D125/><U58/><E129/><V30/><F11/><W26/><G26/><T61/><D6/><U15/><E27/><V13/><F116/><W79/><G79/><T28/><D78/><U2/><E2/><V64/><F64/><W9/><G9/><T94/><D76/><U71/><E15/><V53/><F13/><W107/><G107/><T31/><D14/><U19/><E19/><V3/><F3/><W37/><G37/><T100/><D61/><U73/><E63/><V49/><F39/><W133/><G133/><T40/><REACH who="0" step="1"/><D54/><REACH who="0" ten="230,240,280,230" step="2"/><U68/><E62/><V5/><F55/><W36/><G36/><T43/><AGARI ba="1,2" hai="28,31,40,43,44,45,85,87,90,91,93,94,100,102" machi="43" ten="25,12000,2" yaku="1,1,2,1,0,1,22,2,8,1,53,0" doraHai="16" doraHaiUra="74" who="0" fromWho="0" sc="230,143,240,-61,280,-31,230,-31" /><INIT seed="2,0,0,0,5,85" ten="373,179,249,199" oya="2" hai0="61,32,81,104,122,10,64,28,50,44,70,69,72" hai1="100,7,55,113,52,57,76,127,56,66,105,96,14" hai2="116,88,20,65,93,97,90,133,120,24,23,21,27" hai3="39,48,0,78,3,31,98,22,108,86,103,51,77"/><V45/><F116/><W2/><G39/><T80/><D122/><U92/><E113/><V83/><F120/><W84/><G108/><T12/><D70/><U107/><E127/><V18/><F133/><W16/><G31/><T95/><D104/><U17/><E76/><V115/><F115/><W94/><G84/><T129/><D129/><U49/><E7/><V109/><F109/><W91/><G78/><T30/><D95/><U111/><E66/><V132/><F132/><W60/><G77/><T124/><D124/><U82/><E82/><V63/><F45/><W102/><G60/><T89/><D32/><U106/><E111/><V29/><F23/><W40/><G40/><T4/><D81/><U41/><E41/><V123/><F123/><W68/><G68/><T9/><D72/><U5/><E5/><V1/><F1/><W112/><G102/><T42/><D9/><U33/><E33/><V43/><F43/><W34/><G34/><T135/><D135/><U19/><REACH who="1" step="1"/><E14/><REACH who="1" ten="373,169,249,199" step="2"/><V37/><F37/><W13/><REACH who="3" step="1"/><G112/><REACH who="3" ten="373,169,249,189" step="2"/><T114/><D114/><U36/><E36/><V130/><F130/><W47/><G47/><T79/><D79/><U118/><E118/><V128/><F128/><W38/><G38/><T67/><D67/><U71/><E71/><V26/><F83/><AGARI ba="0,2" hai="0,2,3,13,16,22,48,51,83,86,91,94,98,103" machi="83" ten="40,5200,0" yaku="1,1,52,1,54,1,53,0" doraHai="85" doraHaiUra="125" who="3" fromWho="2" sc="373,0,169,0,249,-52,189,72" /><INIT seed="3,0,0,2,2,64" ten="373,169,197,261" oya="3" hai0="32,112,83,99,42,134,131,65,5,0,15,35,69" hai1="86,50,118,87,94,71,127,85,115,4,7,109,75" hai2="93,3,2,62,24,74,14,84,70,120,34,81,101" hai3="61,97,110,21,54,40,132,13,95,31,92,124,51"/><W58/><G132/><T108/><D15/><U76/><E109/><V48/><F120/><W80/><G124/><T114/><D108/><U9/><E115/><V45/><F74/><W68/><G110/><T25/><D134/><U59/><E127/><V66/><F14/><W38/><G80/><T56/><D56/><U52/><E118/><V72/><F72/><W60/><G95/><T100/><D42/><U29/><E29/><V6/><F34/><N who="0" m="12842" /><D25/><U82/><E71/><V18/><F6/><W49/><G38/><T130/><D83/><U135/><E135/><V98/><F18/><N who="3" m="10447" /><G68/><T16/><D16/><U12/><REACH who="1" step="1"/><E4/><REACH who="1" ten="373,159,197,261" step="2"/><V77/><REACH who="2" step="1"/><F24/><REACH who="2" ten="373,159,187,261" step="2"/><W123/><G31/><T57/><D5/><U125/><E125/><V103/><F103/><N who="3" m="60839" /><G123/><T63/><D114/><U30/><E30/><V53/><AGARI ba="0,2" hai="2,3,45,48,53,62,66,70,77,81,84,93,98,101" machi="53" ten="20,5200,0" yaku="1,1,0,1,7,1,52,1,53,0" doraHai="64" doraHaiUra="28" who="2" fromWho="2" sc="373,-13,159,-13,187,72,261,-26" /><INIT seed="4,0,0,2,2,10" ten="360,146,259,235" oya="0" hai0="119,98,121,127,27,99,117,72,118,49,16,61,120" hai1="46,123,124,48,53,90,108,79,32,113,44,8,96" hai2="65,60,19,133,42,20,82,78,57,135,125,52,26" hai3="22,13,85,24,39,126,74,86,131,43,15,111,107"/><T100/><D72/><U40/><E123/><V33/><F125/><W66/><G111/><T0/><D0/><U104/><E108/><V23/><F42/><W101/><G74/><T36/><D36/><U83/><E32/><V97/><F33/><W129/><G66/><T56/><D127/><U73/><E124/><V103/><F23/><W68/><G126/><T63/><D49/><U6/><E113/><V81/><F65/><W38/><G68/><T41/><D41/><U59/><E90/><V88/><F78/><W76/><G107/><T102/><D27/><U2/><E96/><N who="0" m="36905" /><D16/><U130/><E104/><V116/><F116/><W80/><G101/><N who="0" m="39019" /><D56/><U93/><E93/><N who="2" m="56487" /><F103/><W17/><G86/><T128/><D128/><N who="3" m="49225" /><G38/><T5/><D121/><U1/><E130/><V91/><F91/><W34/><G34/><T105/><D105/><U31/><E31/><V50/><F50/><W115/><G115/><T58/><D120/><U9/><E40/><V18/><F18/><W84/><G84/><T55/><D119/><U14/><REACH who="1" step="1"/><E1/><REACH who="1" ten="360,136,259,235" step="2"/><V71/><F71/><W4/><G43/><T132/><D118/><U67/><E67/><V95/><F95/><W77/><G39/><T89/><D89/><U106/><E106/><V47/><F82/><W28/><G77/><T114/><D117/><U21/><E21/><V37/><F81/><W51/><G28/><T12/><D114/><U7/><AGARI ba="0,1" hai="2,6,7,8,9,14,44,46,48,53,59,73,79,83" machi="7" ten="20,5200,0" yaku="1,1,0,1,7,1,52,1,53,0" doraHai="10" doraHaiUra="70" who="1" fromWho="1" sc="360,-26,136,62,259,-13,235,-13" /><INIT seed="5,0,0,1,2,99" ten="334,198,246,222" oya="1" hai0="132,50,73,32,131,64,83,108,56,9,10,65,54" hai1="107,28,102,62,22,121,42,94,112,120,122,46,5" hai2="43,13,6,82,44,38,86,67,0,53,124,76,90" hai3="103,77,100,135,37,80,69,55,104,31,8,52,34"/><U39/><E107/><V1/><F124/><W7/><G37/><T41/><D108/><U98/><E112/><V126/><F126/><W92/><G104/><T14/><D32/><U59/><E5/><V51/><F67/><W57/><G69/><T47/><D132/><U63/><REACH who="1" step="1"/><E59/><REACH who="1" ten="334,188,246,222" step="2"/><V91/><F6/><W72/><G135/><T27/><D56/><U40/><E40/><V106/><F106/><W109/><G109/><T81/><D41/><U2/><E2/><V71/><F0/><W11/><G57/><T66/><D131/><U4/><E4/><V84/><F1/><W87/><G7/><T95/><D65/><U129/><E129/><V96/><F43/><W49/><G55/><T15/><D66/><U24/><AGARI ba="0,1" hai="22,24,28,39,42,46,62,63,94,98,102,120,121,122" machi="24" ten="40,18000,2" yaku="1,1,0,1,52,1,53,3" doraHai="99" doraHaiUra="116" who="1" fromWho="1" sc="334,-60,188,190,246,-60,222,-60" /><INIT seed="5,1,0,3,0,27" ten="274,378,186,162" oya="1" hai0="4,57,122,124,56,104,107,70,89,32,28,80,120" hai1="86,87,37,16,131,62,105,12,108,49,103,69,119" hai2="63,75,65,78,113,125,81,9,114,100,95,64,52" hai3="50,1,3,118,39,25,72,123,115,71,111,36,133"/><U68/><E119/><V117/><F117/><W84/><G84/><N who="0" m="50311" /><D70/><U61/><E37/><V102/><F125/><W35/><G25/><N who="0" m="18447" /><D4/><U11/><E131/><V76/><F9/><W47/><G50/><T134/><D124/><U79/><E108/><V45/><F78/><W38/><G47/><T66/><D134/><U48/><E79/><V127/><F127/><W22/><G22/><T98/><D66/><U97/><E62/><V42/><F42/><W44/><G44/><T130/><D130/><U90/><E87/><V55/><F45/><W58/><G58/><N who="0" m="22635" /><D98/><U33/><E33/><V5/><F5/><W77/><G77/><T13/><D13/><U46/><E61/><V0/><F0/><W109/><G38/><T126/><D104/><U112/><E49/><V91/><F65/><W135/><G36/><T60/><D60/><U17/><E17/><V43/><F43/><W101/><G101/><N who="2" m="39017" /><F63/><W82/><G135/><T94/><D107/><U59/><E59/><V8/><F8/><W73/><G111/><T51/><D51/><U41/><REACH who="1" step="1"/><E112/><REACH who="1" ten="274,368,186,162" step="2"/><N who="2" m="43115" /><F64/><W10/><G115/><T23/><D126/><U110/><E110/><V26/><F26/><W54/><G109/><T132/><D132/><U24/><E24/><V93/><F93/><AGARI ba="1,1" hai="11,12,16,41,46,48,68,69,86,90,93,97,103,105" machi="93" ten="30,5800,0" yaku="1,1,7,1,54,1,53,0" doraHai="27" doraHaiUra="31" who="1" fromWho="2" sc="274,0,368,71,186,-61,162,0" /><INIT seed="5,2,0,2,0,4" ten="274,439,125,162" oya="1" hai0="31,69,71,76,51,106,28,8,113,110,56,50,86" hai1="70,26,77,74,95,43,57,9,122,67,83,54,22" hai2="126,80,42,17,112,97,23,115,46,124,15,48,89" hai3="55,36,58,41,133,82,16,11,108,38,96,88,81"/><U99/><E122/><V73/><F97/><W98/><G108/><T18/><D110/><U104/><E104/><V125/><F89/><W101/><G133/><T75/><D106/><U2/><E43/><V24/><F80/><N who="3" m="30827" /><G38/><T0/><D86/><U116/><E116/><V65/><F73/><W3/><G36/><T134/><D113/><N who="2" m="43594" /><F65/><W21/><G3/><T117/><D56/><U68/><E67/><V129/><F129/><W119/><G119/><T19/><D0/><U20/><E70/><V62/><F62/><N who="3" m="36191" /><G41/><T39/><D39/><U14/><E68/><V121/><F121/><W47/><G47/><T103/><D75/><U7/><E2/><V100/><F100/><W135/><G135/><T27/><D103/><U6/><E6/><V128/><F128/><W13/><G101/><T25/><D134/><U84/><E74/><V127/><N who="2" m="31744" /><DORA hai="40" /><V5/><F5/><N who="3" m="3311" /><G88/><T33/><D117/><U114/><E114/><V92/><F92/><W72/><G72/><T53/><D71/><U107/><E107/><V132/><F132/><W102/><G102/><T130/><D69/><U60/><E95/><V29/><F15/><AGARI ba="2,0" hai="15,16,21,96,98" m="3311,36191,30827" machi="15" ten="30,3900,0" yaku="8,1,52,1,54,1" doraHai="4,40" who="3" fromWho="2" sc="274,0,439,0,125,-45,162,45" /><INIT seed="6,0,0,3,4,14" ten="274,439,80,207" oya="2" hai0="37,51,36,76,134,49,83,63,22,123,45,98,15" hai1="74,100,78,56,47,17,39,1,94,128,70,2,110" hai2="109,96,99,86,113,10,84,24,101,97,93,31,48" hai3="124,79,55,104,72,61,122,42,30,106,116,80,35"/><V54/><F113/><W64/><G122/><T5/><D123/><U26/><E70/><V89/><F109/><W43/><G116/><T21/><D134/><U13/><E26/><V119/><F119/><W121/><G121/><T112/><D112/><U9/><E56/><V58/><F10/><W126/><G55/><T62/><D98/><U129/><E110/><V53/><F53/><W18/><G18/><T102/><D102/><U68/><E68/><V131/><F131/><N who="1" m="50249" /><E78/><V69/><F69/><N who="3" m="42127" /><G30/><T130/><D83/><U127/><E74/><V28/><F28/><W41/><G35/><T120/><D15/><U8/><E127/><AGARI ba="0,0" hai="41,42,43,72,79,80,104,106,124,126,127" m="42127" machi="127" ten="30,1000,0" yaku="18,1" doraHai="14" who="3" fromWho="1" sc="274,0,439,-10,80,0,207,10" /><INIT seed="7,0,0,5,4,73" ten="274,429,80,217" oya="3" hai0="98,82,120,61,135,38,65,43,21,3,17,114,125" hai1="51,45,90,115,42,1,34,49,23,48,102,76,44" hai2="40,116,56,80,55,121,95,130,81,91,0,11,24" hai3="28,29,36,124,57,52,26,85,99,39,46,101,93"/><W129/><G129/><T50/><D120/><U128/><E34/><V77/><F130/><W78/><G124/><T134/><D3/><U66/><E1/><V100/><F116/><W88/><G39/><T22/><D125/><U32/><E32/><V107/><F121/><W71/><G71/><T58/><D114/><U31/><E66/><V112/><F112/><W83/><G36/><T97/><D38/><U12/><E102/><V4/><F81/><W59/><G29/><T41/><D82/><U75/><E75/><V104/><F24/><W64/><G64/><T72/><D72/><U89/><E49/><V13/><F0/><W117/><G117/><T35/><D35/><U108/><E12/><V106/><F40/><N who="0" m="15434" /><D50/><U122/><E122/><V5/><F5/><W74/><G46/><T60/><D60/><U133/><E31/><V2/><F2/><W126/><G126/><T96/><D17/><U62/><E133/><AGARI ba="0,0" hai="21,22,58,61,65,96,97,98,133,134,135" m="15434" machi="133" ten="30,1000,0" yaku="20,1" doraHai="73" who="0" fromWho="1" sc="274,10,429,-10,80,0,217,0" owari="284,8.0,419,52.0,80,-42.0,217,-18.0" /></mjloggm>