<mjloggm ver="2.3"><GO type="169" lobby="0"/><UN n0="%E3%82%84%E3%82%93%E3%82%8F%E3%82%8A" n1="%E3%82%A6%E3%83%AB%E3%83%88%E3%83%A9%E7%AB%8B%E7%9B%B4" n2="%E3%83%93%E3%82%B9%E3%82%AF%E3%83%89%E3%83%BC%E3%83%AB" n3="%62%69%67%6B%75%6D%61" dan="16,18,17,16" rate="2036.75,2235.57,2179.02,2119.93" sx="M,M,F,M"/><TAIKYOKU oya="0"/><INIT seed="0,0,0,3,3,50" ten="250,250,250,250" oya="0" hai0="103,45,112,60,16,23,127,64,76,74,65,130,39" hai1="105,27,54,61,85,110,81,75,47,134,106,9,33" hai2="53,72,68,124,117,4,37,6,40,114,3,2,36" hai3="101,129,22,42,96,20,38,84,131,46,0,80,122"/><T100/><D112/><U14/><E75/><V95/><F40/><W8/><G122/><T43/><D130/><U113/><E110/><V24/><F68/><W93/><G0/><T89/><D127/><U35/><E134/><V66/><F66/><W25/><G8/><T13/><D65/><U128/><E128/><N who="3" m="49226" /><G25/><T7/><D89/><AGARI ba="0,0" hai="20,22,38,42,46,80,84,89,93,96,101" m="49226" machi="89" ten="30,1000,0" yaku="19,1" doraHai="50" who="3" fromWho="0" sc="250,-10,250,0,250,0,250,10" /><INIT seed="1,0,0,3,2,106" ten="240,250,250,260" oya="1" hai0="3,64,16,119,42,120,34,13,112,53,105,61,23" hai1="35,12,92,8,46,62,54,0,82,99,113,114,44" hai2="70,47,7,130,75,66,90,19,131,129,32,29,115" hai3="9,116,38,28,81,118,79,33,88,6,111,73,21"/><U125/><E125/><V96/><F7/><W2/><G111/><T65/><D119/><N who="3" m="45609" /><G21/><T83/><D112/><U68/><E35/><V108/><F47/><W11/><G11/><T91/><D105/><U123/><E0/><V78/><F108/><W104/><G104/><T43/><D3/><U74/><E123/><V36/><F36/><W14/><G14/><T132/><D120/><U56/><E68/><V57/><F70/><W84/><G38/><T121/><D34/><U133/><E133/><V26/><F19/><W69/><G69/><T10/><D132/><U122/><E122/><V63/><F115/><W27/><G79/><T100/><D100/><U25/><E25/><V89/><F96/><W85/><G84/><N who="0" m="50591" /><D121/><U51/><E82/><AGARI ba="0,0" hai="26,29,32,57,63,66,75,78,82,89,90,129,130,131" machi="82" ten="40,2600,0" yaku="19,1,52,1" doraHai="106" who="2" fromWho="1" sc="240,0,250,-26,250,26,260,0" /><INIT seed="2,0,0,2,0,49" ten="240,224,276,260" oya="2" hai0="37,43,1,91,128,95,60,121,130,75,82,64,31" hai1="5,65,96,108,28,66,87,134,119,58,68,133,61" hai2="23,135,44,40,109,80,107,114,110,56,105,47,53" hai3="117,27,35,98,122,21,99,39,132,124,20,72,26"/><V46/><F114/><W69/><G122/><T81/><D121/><U112/><E28/><V25/><F40/><W13/><G117/><T9/><D31/><U33/><E33/><V88/><F135/><W127/><G132/><T8/><D8/><U104/><E112/><V57/><F57/><W89/><G13/><T93/><D93/><U94/><E119/><V129/><F129/><W67/><G39/><T45/><D1/><U76/><E108/><N who="2" m="41579" /><F80/><W7/><G7/><T19/><D75/><U50/><E5/><V22/><F88/><W18/><G35/><T70/><D128/><U92/><E58/><V30/><F22/><W106/><G72/><T38/><D38/><U16/><E76/><V74/><F74/><W54/><G54/><T55/><D55/><U34/><E34/><V17/><F30/><W116/><G116/><T131/><D131/><U115/><E134/><V85/><F85/><W120/><G120/><T41/><D41/><U11/><E87/><V77/><F77/><W15/><G89/><T0/><D130/><U32/><E32/><V62/><AGARI ba="0,0" hai="17,23,25,44,46,47,53,56,62,105,107" m="41579" machi="62" ten="30,6000,0" yaku="14,1,10,1,52,1" doraHai="49" who="2" fromWho="2" sc="240,-20,224,-20,276,60,260,-20" /><INIT seed="2,1,0,4,3,39" ten="220,204,336,240" oya="2" hai0="82,54,18,100,28,117,104,3,132,98,5,126,134" hai1="71,15,44,59,25,125,11,63,55,8,17,80,69" hai2="32,52,12,83,56,46,72,1,108,51,86,4,57" hai3="16,130,53,10,21,87,19,101,102,36,9,114,74"/><V64/><F32/><W113/><G74/><T20/><D117/><U62/><E125/><V122/><F122/><W129/><G36/><T23/><D126/><U96/><E25/><V81/><F1/><W90/><G53/><T47/><D82/><U119/><E119/><V43/><F72/><W38/><G38/><T84/><D84/><U85/><E96/><V27/><F27/><W42/><G42/><T29/><D23/><U75/><E75/><V77/><F83/><W37/><G37/><T26/><D3/><U40/><E63/><N who="2" m="37991" /><F108/><W7/><G7/><T91/><D5/><U133/><E133/><N who="0" m="51305" /><D91/><U79/><REACH who="1" step="1"/><E8/><REACH who="1" ten="220,194,336,240" step="2"/><N who="2" m="4103" /><F57/><W41/><G9/><T97/><D97/><U60/><E60/><V61/><F61/><W65/><G10/><T120/><D98/><U94/><E94/><V76/><F76/><W13/><G87/><T107/><D107/><U103/><E103/><V6/><F6/><W73/><G73/><T92/><D92/><U106/><E106/><V116/><F116/><W123/><G102/><T131/><D100/><U105/><E105/><V30/><F30/><W89/><G101/><T2/><D104/><U88/><E88/><V58/><F58/><W95/><G90/><T31/><D29/><U48/><AGARI ba="1,1" hai="11,15,17,40,44,48,55,59,62,69,71,79,80,85" machi="48" ten="20,12000,2" yaku="1,1,0,1,7,1,52,1,53,2" doraHai="39" doraHaiUra="66" who="1" fromWho="1" sc="220,-31,194,133,336,-61,240,-31" /><INIT seed="3,0,0,3,2,26" ten="189,327,275,209" oya="3" hai0="18,91,22,127,69,45,24,23,100,134,95,70,49" hai1="112,125,110,129,120,121,31,62,98,115,59,51,9" hai2="68,54,133,104,81,80,122,126,12,67,11,43,19" hai3="48,71,41,25,2,74,114,46,53,101,106,8,96"/><W38/><G114/><T135/><D127/><U40/><E9/><V75/><F104/><W83/><G25/><T14/><D100/><U93/><E93/><V87/><F126/><W113/><G113/><T77/><D77/><U111/><E98/><V78/><F133/><W1/><G53/><T97/><D134/><U105/><E105/><V99/><F99/><W63/><G48/><T65/><D65/><N who="1" m="39135" /><E31/><V33/><F43/><W39/><G39/><T64/><D64/><U5/><E5/><V88/><F33/><W15/><G15/><T117/><D117/><U10/><E10/><V102/><F102/><W3/><G63/><T85/><D97/><U103/><E103/><V28/><F67/><W20/><G20/><T92/><D92/><U60/><E125/><V58/><F68/><W16/><G71/><T57/><D135/><U94/><E94/><V123/><REACH who="2" step="1"/><F28/><REACH who="2" ten="189,327,265,209" step="2"/><W61/><G16/><N who="0" m="12359" /><D69/><U52/><E115/><V82/><F82/><W56/><G83/><T109/><D70/><U86/><E112/><V73/><F73/><W107/><G74/><T76/><D18/><U55/><E40/><V79/><F79/><W29/><G29/><T84/><D76/><U118/><E55/><V130/><F130/><W6/><G107/><T7/><D95/><U47/><E129/><V30/><F30/><W37/><G37/><T4/><D4/><U72/><E72/><V13/><F13/><W90/><G90/><T27/><D91/><U116/><E52/><V35/><F35/><W21/><G106/><T34/><D34/><U44/><E118/><V36/><F36/><RYUUKYOKU ba="0,1" sc="189,-10,327,-10,265,30,209,-10" hai2="11,12,19,54,58,75,78,80,81,87,88,122,123" /><INIT seed="4,1,1,3,4,118" ten="179,317,295,199" oya="0" hai0="71,110,22,109,5,82,100,74,75,17,9,99,48" hai1="50,86,90,66,73,88,27,133,76,12,60,7,28" hai2="95,79,128,1,117,103,92,16,104,21,55,26,61" hai3="122,69,120,24,112,119,114,77,38,3,106,51,134"/><T80/><D71/><U53/><E73/><V15/><F1/><W132/><G77/><T2/><D48/><U52/><E133/><N who="3" m="51306" /><G24/><T129/><D129/><U54/><E50/><V13/><F128/><W46/><G3/><T30/><D30/><U43/><E43/><V107/><F79/><W97/><G69/><T98/><D74/><U111/><E111/><N who="0" m="42505" /><D75/><U6/><E76/><V59/><F117/><W10/><G10/><T56/><D56/><N who="1" m="37127" /><E12/><V18/><F13/><W72/><G72/><T68/><D68/><U96/><E27/><V130/><F130/><W94/><G106/><N who="0" m="63767" /><D99/><U108/><E28/><V40/><F40/><N who="3" m="25031" /><G38/><T78/><D78/><U49/><E49/><V45/><F45/><W125/><G119/><T33/><D33/><U0/><E108/><V70/><F70/><W65/><G65/><T64/><D64/><U42/><E42/><V34/><F34/><W123/><G125/><T81/><D81/><N who="1" m="49231" /><E0/><V35/><F35/><W25/><G25/><AGARI ba="1,1" hai="2,5,9,17,22,25,80,82" m="63767,42505" machi="25" ten="30,1500,0" yaku="10,1" doraHai="118" who="0" fromWho="3" sc="179,28,317,0,295,0,199,-18" /><INIT seed="4,2,0,2,2,64" ten="207,317,295,181" oya="0" hai0="135,1,100,14,122,77,79,91,43,119,117,109,27" hai1="57,12,98,10,85,5,71,3,121,102,62,42,67" hai2="22,30,120,75,90,60,33,115,124,41,2,73,123" hai3="125,105,51,84,111,99,127,89,130,74,39,36,17"/><T0/><D122/><U83/><E42/><V34/><F2/><W72/><G51/><T56/><D100/><U16/><E121/><V87/><F115/><W101/><G17/><T52/><D43/><U59/><E5/><V65/><F124/><N who="3" m="47691" /><G36/><T7/><D109/><U58/><E3/><V49/><F120/><W80/><G39/><T112/><D112/><U11/><E11/><V21/><F75/><N who="3" m="28715" /><G130/><T86/><D27/><U108/><E108/><AGARI ba="2,0" hai="80,84,89,99,101,105,108,111" m="28715,47691" machi="108" ten="30,3900,0" yaku="18,1,34,2" doraHai="64" who="3" fromWho="1" sc="207,0,317,-45,295,0,181,45" /><INIT seed="5,0,0,0,1,99" ten="207,272,295,226" oya="1" hai0="41,72,48,70,32,60,10,9,11,25,80,54,79" hai1="98,26,2,129,5,7,34,89,134,61,109,132,116" hai2="81,1,0,39,114,58,56,12,119,118,65,59,87" hai3="96,86,94,42,33,126,4,52,92,44,3,14,51"/><U77/><E116/><V78/><F39/><W57/><G33/><T101/><D41/><U27/><E77/><V90/><F65/><W46/><G3/><T28/><D70/><U20/><E61/><V66/><F66/><W36/><G126/><T103/><REACH who="0" step="1"/><D60/><REACH who="0" ten="197,272,295,226" step="2"/><U135/><E135/><V125/><F119/><W82/><G42/><T124/><D124/><U43/><E43/><V105/><F118/><W102/><G36/><T22/><D22/><U67/><E20/><V73/><F125/><W62/><G62/><T123/><D123/><U15/><E134/><V122/><F122/><W37/><G37/><T68/><D68/><U19/><E132/><V95/><F114/><W106/><G4/><T131/><D131/><U50/><E7/><V40/><F40/><W45/><REACH who="3" step="1"/><G14/><REACH who="3" ten="197,272,295,216" step="2"/><T49/><D49/><U29/><E50/><V113/><F12/><W107/><G107/><T93/><D93/><U104/><E5/><V91/><F105/><W31/><G31/><T130/><D130/><U71/><E104/><V121/><F121/><W6/><G6/><T24/><D24/><U53/><E27/><V23/><F0/><W21/><G21/><T111/><D111/><U83/><E109/><V55/><F1/><W76/><AGARI ba="0,2" hai="44,45,46,51,52,57,76,82,86,92,94,96,102,106" machi="76" ten="30,7900,0" yaku="1,1,0,1,52,1,54,1,53,0" doraHai="99" doraHaiUra="128" who="3" fromWho="3" sc="197,-20,272,-39,295,-20,216,99" /><INIT seed="6,0,0,5,0,133" ten="177,233,275,315" oya="2" hai0="58,24,94,96,31,26,84,106,60,112,18,37,90" hai1="88,85,41,130,22,56,131,49,67,68,19,124,9" hai2="47,113,93,28,5,46,129,52,78,17,62,8,76" hai3="39,75,123,64,119,14,36,33,72,120,50,13,23"/><V32/><F113/><W98/><G33/><T59/><D37/><U80/><E9/><V53/><F129/><N who="1" m="49161" /><E68/><V34/><F93/><W2/><G2/><T110/><D110/><U95/><E67/><V11/><F62/><W15/><G64/><T27/><D112/><U128/><E128/><V104/><F104/><W134/><G119/><T38/><D38/><U100/><E100/><V10/><F28/><W105/><G50/><T48/><D48/><U79/><E124/><V63/><F63/><W126/><G134/><T111/><D111/><U82/><E79/><N who="2" m="30251" /><F17/><W107/><G15/><T77/><D18/><U70/><E70/><V91/><F91/><W61/><G61/><T43/><D43/><U42/><E42/><V54/><F5/><W71/><G71/><T65/><D59/><U81/><E41/><V69/><F69/><W116/><G116/><T122/><D122/><U87/><E56/><V135/><F135/><W57/><G57/><T103/><REACH who="0" step="1"/><D77/><REACH who="0" ten="167,233,275,315" step="2"/><N who="1" m="46223" /><E49/><V45/><AGARI ba="0,1" hai="8,10,11,32,34,45,46,47,52,53,54" m="30251" machi="45" ten="40,12000,1" yaku="29,2,28,2,54,1" doraHai="133" who="2" fromWho="2" sc="167,-40,233,-40,275,130,315,-40" /><INIT seed="6,1,0,0,1,45" ten="127,193,405,275" oya="2" hai0="112,108,110,116,82,121,29,129,61,70,135,2,25" hai1="87,54,20,32,85,37,115,120,56,39,24,72,36" hai2="67,66,1,73,44,133,58,7,69,42,99,27,51" hai3="132,78,10,16,12,11,86,84,134,60,117,50,34"/><V75/><F69/><W98/><G117/><T49/><D82/><U4/><E32/><V52/><F133/><N who="3" m="51307" /><G34/><T9/><D9/><U57/><E72/><V94/><F27/><W48/><G60/><T105/><D25/><U101/><E115/><V14/><F1/><W90/><G11/><T59/><D29/><U104/><E4/><V65/><F14/><W125/><G125/><T131/><D2/><U126/><E126/><V15/><F15/><W53/><G53/><N who="0" m="32175" /><D105/><U21/><E120/><V103/><REACH who="2" step="1"/><F7/><REACH who="2" ten="127,193,395,275" step="2"/><W109/><G12/><T28/><D70/><U79/><E24/><V18/><F18/><W107/><G16/><T71/><D71/><U63/><E20/><V118/><F118/><W47/><G10/><T122/><D116/><U80/><E21/><V106/><F106/><W33/><G107/><T74/><D28/><U128/><E104/><V93/><F93/><W8/><G8/><T30/><D30/><U0/><E0/><V96/><F96/><W81/><G98/><T17/><D17/><U111/><E36/><AGARI ba="1,1" hai="36,42,44,51,52,58,65,66,67,73,75,94,99,103" machi="36" ten="40,12000,1" yaku="1,1,52,1,54,1,53,1" doraHai="45" doraHaiUra="89" who="2" fromWho="1" sc="127,0,193,-123,395,133,275,0" /><INIT seed="6,2,0,0,2,39" ten="127,70,528,275" oya="2" hai0="65,61,48,62,125,85,91,94,13,22,86,45,84" hai1="11,7,4,79,47,46,20,127,111,10,76,100,72" hai2="31,67,66,17,70,68,124,107,57,44,83,112,121" hai3="24,28,73,118,12,104,56,75,93,97,101,102,98"/><V35/><F121/><W108/><G108/><T2/><D2/><U49/><E111/><V41/><F107/><W116/><G12/><T96/><D125/><U126/><E100/><V114/><F17/><W59/><G59/><T18/><REACH who="0" step="1"/><D65/><REACH who="0" ten="117,70,528,275" step="2"/><U53/><E20/><V3/><F67/><W43/><G118/><T38/><D38/><U78/><E72/><V26/><F3/><W103/><G116/><T19/><D19/><U23/><E23/><V42/><F124/><N who="1" m="47657" /><E47/><V88/><F44/><W15/><G75/><T36/><D36/><U8/><AGARI ba="2,1" hai="4,7,8,10,11,46,49,53,76,78,79" m="47657" machi="8" ten="40,1500,0" yaku="18,1" doraHai="39" who="1" fromWho="1" sc="117,-6,70,31,528,-9,275,-6" /><INIT seed="7,0,0,0,4,30" ten="111,101,519,269" oya="3" hai0="88,33,43,76,72,115,56,85,91,57,62,116,2" hai1="105,53,58,82,50,90,96,77,39,47,35,11,107" hai2="93,1,125,135,124,123,86,46,18,98,13,75,121" hai3="64,29,129,109,63,130,106,69,34,48,84,103,14"/><W66/><G109/><T31/><D2/><U78/><E35/><V132/><F75/><W25/><G66/><T51/><D116/><U133/><E133/><N who="2" m="51275" /><F86/><W9/><G48/><T52/><D72/><U24/><E39/><V79/><F79/><N who="1" m="30217" /><E105/><V4/><F46/><W0/><G84/><T81/><D115/><U119/><E107/><V134/><F4/><N who="3" m="1159" /><G14/><T100/><D100/><U7/><E119/><V54/><F1/><W3/><G3/><T28/><D33/><U41/><E24/><V59/><F134/><W97/><AGARI ba="0,0" hai="25,29,34,63,64,69,97,103,106,129,130" m="1159" machi="97" ten="30,6000,0" yaku="25,1,23,1,52,1" doraHai="30" who="3" fromWho="3" sc="111,-20,101,-20,519,-20,269,60" /><INIT seed="7,1,0,2,4,93" ten="91,81,499,329" oya="3" hai0="75,33,78,91,17,19,81,18,129,31,26,102,3" hai1="35,20,58,105,25,126,27,127,67,68,7,135,83" hai2="61,115,113,104,10,134,119,112,103,6,89,73,109" hai3="49,32,40,29,122,62,8,12,86,59,128,50,46"/><W64/><G122/><T82/><D3/><U42/><E105/><V48/><F73/><W28/><G128/><T132/><D129/><U52/><E135/><V96/><F119/><W101/><G32/><T23/><D132/><U66/><E42/><V92/><F134/><W79/><G101/><T1/><D1/><U130/><E130/><V2/><F61/><W9/><G9/><T74/><D102/><U123/><E123/><V45/><F109/><W76/><G76/><T118/><D118/><U56/><E7/><V37/><F37/><W55/><G86/><T69/><D69/><U0/><E0/><V131/><F131/><W16/><REACH who="3" step="1"/><G79/><REACH who="3" ten="91,81,499,319" step="2"/><T124/><D33/><U95/><E35/><V13/><F103/><W65/><G65/><T100/><D100/><U97/><E67/><V15/><F104/><W4/><G4/><T116/><D116/><U87/><E66/><V41/><AGARI ba="1,1" hai="2,6,10,13,15,41,45,48,89,92,96,112,113,115" machi="41" ten="30,4000,0" yaku="0,1,15,1,52,1" doraHai="93" who="2" fromWho="2" sc="91,-11,81,-11,499,53,319,-21" owari="80,-32.0,70,-43.0,552,65.0,298,10.0" /></mjloggm>