<mjloggm ver="2.3"><GO type="169" lobby="0"/><UN n0="%E5%A4%A7%E6%A5%A0%E5%85%AC" n1="%E2%98%85%E9%A2%A8%E3%81%AE%E8%B0%B7%E2%98%85" n2="%E3%83%A2%E3%83%A1%E3%83%B3%E3%83%9E%E3%82%B9%E3%83%86%E3%82%A3%E3%83%95" n3="%E3%83%88%E3%83%88%E3%83%AA%E5%85%88%E7%94%9F%31%39%E6%AD%B3" dan="17,17,17,17" rate="2156.68,2123.21,2190.91,2241.21" sx="M,M,F,F"/><TAIKYOKU oya="0"/><INIT seed="0,0,0,3,5,17" ten="250,250,250,250" oya="0" hai0="6,51,22,28,117,24,122,5,126,116,65,94,100" hai1="103,18,87,104,11,69,37,14,58,106,56,135,120" hai2="124,112,64,55,26,23,107,86,15,66,25,42,68" hai3="31,128,132,79,4,21,33,57,48,59,34,99,92"/><T72/><D122/><U123/><E69/><V119/><F112/><W46/><G128/><T54/><D72/><U52/><E37/><V12/><F107/><W81/><G132/><T130/><D130/><U30/><E135/><V53/><F124/><W85/><G4/><T80/><D126/><U78/><E106/><V63/><F119/><W45/><G33/><T44/><D117/><U32/><E104/><V134/><F134/><W133/><G34/><T109/><D116/><U39/><E39/><V125/><F42/><W61/><G133/><T118/><D118/><U40/><E40/><V36/><F36/><W90/><G48/><T74/><D65/><U83/><E103/><V9/><F125/><W71/><G71/><T105/><D105/><U38/><E38/><V2/><F2/><W50/><G50/><T77/><REACH who="0" step="1"/><D109/><REACH who="0" ten="240,250,250,250" step="2"/><U95/><E123/><V0/><F66/><N who="3" m="39215" /><G59/><T43/><D43/><U7/><E58/><V89/><F68/><W3/><G3/><T20/><D20/><U67/><E32/><V110/><F23/><W84/><G45/><T115/><D115/><U102/><E120/><V82/><F0/><W127/><G46/><T75/><D75/><U10/><E67/><V129/><F64/><W29/><G127/><T41/><D41/><U49/><E11/><V62/><F9/><W13/><G84/><T88/><D88/><U8/><E8/><V27/><F129/><W16/><AGARI ba="0,1" hai="13,16,21,29,31,79,81,85,90,92,99" m="39215" machi="16" ten="30,4000,0" yaku="8,1,52,1,54,1" doraHai="17" who="3" fromWho="3" sc="240,-20,250,-10,250,-10,250,50" /><INIT seed="1,0,0,1,0,117" ten="220,240,240,300" oya="1" hai0="33,53,13,71,108,109,120,124,94,48,15,70,127" hai1="116,76,5,89,69,24,11,64,41,8,62,29,50" hai2="115,72,28,58,9,44,47,54,103,123,110,18,105" hai3="131,37,79,90,80,21,22,135,40,34,60,16,83"/><U101/><E116/><V19/><F72/><W32/><G131/><T6/><D33/><U51/><E11/><V119/><F119/><W10/><G135/><T3/><D3/><U95/><E101/><V85/><F110/><N who="0" m="42602" /><D94/><U49/><E76/><V106/><F115/><W66/><G21/><T128/><D128/><U91/><E41/><V130/><F28/><W111/><G111/><T84/><D84/><U93/><E95/><V52/><F130/><W63/><G10/><N who="0" m="4311" /><D15/><U96/><E91/><V25/><F85/><W102/><G102/><T122/><D70/><U7/><REACH who="1" step="1"/><E8/><REACH who="1" ten="220,230,240,300" step="2"/><V23/><F103/><W75/><G40/><T73/><D73/><U100/><E100/><V4/><F9/><W38/><G90/><T39/><D39/><U88/><E88/><V126/><F105/><W2/><G83/><T14/><D71/><U43/><E43/><V55/><F106/><W67/><G37/><T121/><D14/><U17/><E17/><V1/><F19/><W59/><G38/><T134/><D134/><U86/><E86/><V45/><F18/><W98/><G98/><T97/><D97/><U30/><E30/><V87/><F87/><W77/><G77/><T0/><D0/><U27/><E27/><V104/><F25/><N who="3" m="14535" /><G2/><T114/><D114/><U107/><E107/><V35/><F1/><W125/><G75/><T118/><D118/><U46/><E46/><AGARI ba="0,1" hai="46,48,53,120,121,122,124,127" m="4311,42602" machi="46" ten="40,8000,1" yaku="13,1,14,1,52,3" doraHai="117" who="0" fromWho="1" sc="220,90,230,-80,240,0,300,0" /><INIT seed="2,0,0,3,5,104" ten="310,150,240,300" oya="2" hai0="45,27,10,79,44,4,7,33,62,59,101,36,82" hai1="23,58,90,41,42,102,50,22,72,6,24,84,94" hai2="0,108,49,92,39,29,74,78,69,120,125,40,109" hai3="106,111,30,124,115,67,20,129,9,28,128,122,96"/><V118/><F120/><W57/><G122/><T126/><D126/><U37/><E37/><V127/><F118/><W76/><G124/><N who="2" m="47689" /><F69/><W98/><G111/><N who="2" m="42569" /><F39/><W25/><G115/><T132/><D132/><U119/><E119/><V15/><F0/><W3/><G76/><T55/><D101/><U31/><E72/><V68/><F68/><W34/><G106/><T12/><D4/><U43/><E102/><V100/><F29/><W71/><G71/><T13/><D13/><U5/><E23/><V107/><F107/><W11/><G3/><T46/><D36/><U73/><E73/><V110/><N who="2" m="42577" /><V81/><DORA hai="32" /><F15/><W47/><G28/><T130/><D130/><U80/><E80/><V97/><F49/><W52/><G129/><T64/><D27/><U93/><E93/><N who="2" m="58415" /><F40/><W18/><G128/><T91/><D33/><U103/><E103/><V17/><F17/><W19/><G19/><T87/><D64/><U135/><E135/><V114/><F92/><W66/><G34/><T38/><D38/><U2/><E2/><V105/><F105/><W133/><G133/><T89/><AGARI ba="0,0" hai="7,10,12,44,45,46,55,59,62,79,82,87,89,91" machi="89" ten="30,2000,0" yaku="0,1,8,1" doraHai="104,32" who="0" fromWho="0" sc="310,20,150,-5,240,-10,300,-5" /><INIT seed="3,0,0,1,2,26" ten="330,145,230,295" oya="3" hai0="2,102,86,85,53,120,115,107,16,81,121,60,78" hai1="28,15,6,17,52,5,100,44,92,88,110,7,101" hai2="95,123,57,94,131,90,127,58,61,119,1,27,21" hai3="113,63,106,32,111,77,93,0,126,42,13,122,14"/><W33/><G113/><T19/><D2/><U75/><E75/><V125/><F119/><W68/><G106/><T4/><D4/><U84/><E110/><V56/><F1/><W118/><G118/><T39/><D39/><U105/><E105/><V47/><F131/><W48/><G0/><T12/><D115/><U67/><E67/><V98/><F123/><W69/><G122/><T9/><D107/><U65/><E65/><V80/><F80/><W36/><G36/><T34/><D102/><U35/><E35/><V55/><F95/><W51/><G93/><T132/><D34/><U117/><E28/><V82/><F47/><W97/><G63/><T66/><D132/><U70/><E70/><V31/><REACH who="2" step="1"/><F82/><REACH who="2" ten="330,145,220,295" step="2"/><W37/><G77/><T40/><D121/><U49/><REACH who="1" step="1"/><E117/><REACH who="1" ten="330,135,220,295" step="2"/><V24/><F24/><W103/><G111/><T96/><D120/><U8/><AGARI ba="0,2" hai="5,6,7,8,15,17,44,49,52,84,88,92,100,101" machi="8" ten="30,12000,2" yaku="1,1,2,1,0,1,8,1,54,2,53,0" doraHai="26" doraHaiUra="135" who="1" fromWho="1" sc="330,-30,135,140,220,-30,295,-60" /><INIT seed="4,0,0,2,2,38" ten="300,275,190,235" oya="0" hai0="66,123,112,37,58,100,47,87,128,6,132,24,40" hai1="35,114,69,7,80,17,94,59,82,96,105,12,125" hai2="2,121,122,130,25,27,67,0,53,109,19,110,8" hai3="75,71,90,134,28,41,133,1,78,56,60,10,16"/><T5/><D123/><N who="2" m="47114" /><F67/><W88/><G71/><T15/><D112/><U46/><E69/><V72/><F53/><W70/><G70/><T43/><D128/><U93/><E35/><V11/><F72/><W104/><G104/><T61/><D132/><N who="3" m="50793" /><G28/><T84/><D100/><U31/><E31/><V54/><F54/><N who="3" m="33815" /><G1/><N who="2" m="617" /><F130/><W68/><G68/><T127/><D127/><U79/><E7/><V45/><F45/><W107/><G107/><T42/><D37/><U101/><E82/><V106/><F106/><W14/><G41/><T98/><D47/><U116/><E114/><V83/><F83/><AGARI ba="0,0" hai="10,14,16,75,78,83,88,90" m="33815,50793" machi="83" ten="30,3900,0" yaku="20,1,54,2" doraHai="38" who="3" fromWho="2" sc="300,0,275,0,190,-39,235,39" /><INIT seed="5,0,0,4,1,117" ten="300,275,151,274" oya="1" hai0="8,2,30,100,31,19,60,13,92,52,126,110,89" hai1="98,104,58,134,88,93,101,69,36,112,103,28,23" hai2="25,32,107,48,26,113,22,96,16,106,99,21,91" hai3="37,132,27,131,121,57,75,33,84,62,40,102,128"/><U109/><E69/><V90/><F32/><W116/><G75/><T78/><D110/><U56/><E36/><V82/><F113/><W67/><G116/><T43/><D126/><U87/><E109/><V130/><F130/><W34/><G132/><T119/><D119/><U12/><E134/><V3/><F3/><W47/><G121/><T68/><D2/><U74/><E112/><V129/><F129/><N who="3" m="49739" /><G102/><T63/><D43/><U51/><E103/><V70/><F70/><W122/><G122/><T0/><D0/><U127/><E127/><V24/><F24/><W5/><G5/><T118/><D100/><U38/><E38/><V80/><REACH who="2" step="1"/><F48/><REACH who="2" ten="300,275,141,274" step="2"/><W85/><G27/><T73/><D68/><U45/><E74/><V6/><F6/><W64/><G34/><T81/><D118/><U66/><E28/><V35/><F35/><W115/><G33/><T105/><D105/><U49/><E49/><V1/><F1/><W15/><G115/><T108/><D108/><U20/><E66/><N who="3" m="25130" /><G15/><T41/><D31/><U42/><REACH who="1" step="1"/><E12/><REACH who="1" ten="300,265,141,274" step="2"/><V18/><AGARI ba="0,2" hai="16,18,21,22,25,26,80,82,90,91,96,99,106,107" machi="18" ten="25,12000,2" yaku="1,1,0,1,22,2,54,1,53,2" doraHai="117" doraHaiUra="86" who="2" fromWho="2" sc="300,-30,265,-60,141,140,274,-30" /><INIT seed="6,0,0,2,5,31" ten="270,205,281,244" oya="2" hai0="24,104,91,50,18,117,67,109,124,68,9,20,116" hai1="78,43,26,16,100,135,2,73,110,118,4,17,55" hai2="1,88,53,72,5,125,66,123,130,46,128,25,96" hai3="108,105,65,22,10,112,27,62,79,13,21,11,52"/><V56/><F123/><W95/><G108/><T102/><D109/><U77/><E118/><N who="0" m="45673" /><D124/><U0/><E110/><V82/><F72/><W87/><G105/><T39/><D39/><U59/><E100/><V80/><F125/><W97/><G112/><T28/><D67/><U126/><E126/><V19/><F66/><W49/><G87/><T15/><D68/><U86/><E73/><V48/><F5/><W57/><G79/><T14/><D102/><U90/><E135/><V74/><F1/><W83/><G83/><T7/><D104/><U89/><E43/><V71/><F71/><W37/><G37/><T40/><D91/><U127/><E127/><V131/><F74/><W63/><G13/><T45/><D15/><U115/><E115/><V113/><F46/><W75/><G22/><T122/><D122/><U107/><E107/><V94/><F113/><W6/><G75/><T35/><D7/><U134/><E134/><V58/><F58/><N who="3" m="37111" /><G49/><T32/><AGARI ba="0,0" hai="9,14,18,20,24,28,32,35,40,45,50" m="45673" machi="32" ten="30,4000,0" yaku="12,1,52,2" doraHai="31" who="0" fromWho="0" sc="270,40,205,-10,281,-20,244,-10" /><INIT seed="7,0,0,2,4,65" ten="310,195,261,234" oya="3" hai0="50,83,71,46,52,77,118,91,16,93,86,112,32" hai1="21,123,47,80,23,64,41,2,34,29,25,76,82" hai2="11,89,97,111,43,105,128,95,85,70,120,84,87" hai3="28,127,56,42,9,1,10,126,107,60,96,98,22"/><W125/><G42/><T35/><D118/><U13/><E123/><V119/><F119/><W75/><G75/><T90/><D71/><U12/><E2/><V67/><F111/><W133/><G133/><T69/><D69/><U0/><E0/><V108/><F108/><W4/><G107/><T62/><D112/><U14/><E82/><V116/><F116/><W45/><G45/><T117/><D117/><U51/><REACH who="1" step="1"/><E64/><REACH who="1" ten="310,185,261,234" step="2"/><V5/><F67/><N who="3" m="39303" /><G10/><T122/><D122/><U24/><E24/><AGARI ba="0,1" hai="1,4,9,22,24,28,96,98,125,126,127" m="39303" machi="24" ten="30,1500,0" yaku="18,1" doraHai="65" who="3" fromWho="1" sc="310,0,185,-15,261,0,234,25" /><INIT seed="7,1,0,5,0,64" ten="310,170,261,259" oya="3" hai0="94,67,126,14,125,17,8,57,47,61,33,1,13" hai1="114,86,71,28,101,45,98,110,51,102,22,113,46" hai2="32,19,69,103,74,91,49,87,7,66,3,76,55" hai3="89,127,111,128,65,58,41,26,105,16,25,31,112"/><W92/><G105/><T116/><D116/><U62/><E110/><V135/><F32/><W4/><G111/><T129/><D33/><U99/><E86/><V97/><F135/><W109/><G109/><T79/><D129/><U24/><E113/><V68/><F66/><W72/><G72/><T73/><D1/><U96/><E114/><V81/><F19/><W9/><G128/><T78/><D73/><U83/><E83/><V104/><F7/><W134/><G134/><T132/><D132/><U77/><E77/><V106/><F3/><W37/><G127/><N who="0" m="48651" /><D94/><U6/><E6/><V121/><F106/><W48/><G37/><T54/><D13/><U42/><REACH who="1" step="1"/><E46/><REACH who="1" ten="310,160,261,259" step="2"/><N who="2" m="28087" /><F121/><W53/><G112/><T40/><D78/><U100/><E100/><V82/><F82/><W108/><G108/><T35/><D79/><U50/><E50/><V124/><F124/><W95/><G4/><T15/><D47/><U122/><E122/><V85/><F87/><W118/><G118/><T84/><D84/><U23/><E23/><V34/><F34/><N who="3" m="20847" /><G9/><T70/><D35/><U88/><E88/><V75/><F75/><W2/><G89/><T43/><D8/><U63/><E63/><V117/><F117/><W12/><G48/><T10/><D10/><U0/><E0/><V27/><F74/><W56/><G2/><T133/><D133/><U119/><E119/><V130/><F76/><W20/><G20/><T107/><D61/><U120/><E120/><V38/><F130/><W90/><G90/><T115/><D115/><U93/><E93/><V39/><F91/><W18/><G95/><RYUUKYOKU ba="1,1" sc="310,-10,160,30,261,-10,259,-10" hai1="22,24,28,42,45,51,62,71,96,98,99,101,102" owari="310,41.0,190,-31.0,251,5.0,249,-15.0" /></mjloggm>