<mjloggm ver="2.3"><GO type="169" lobby="0"/><UN n0="%E5%B0%B1%E6%B4%BB%E7%94%9F%40%E5%B7%9D%E6%9D%91%E8%BB%8D%E5%9B%A3" n1="%63%72%69%74%74%65%72" n2="%70%63%67%65%6E%6A%69%6E" n3="%57%69%6E%73%74%6F%6E" dan="18,16,16,16" rate="2253.15,2122.21,2125.31,2045.70" sx="M,M,M,F"/><TAIKYOKU oya="0"/><INIT seed="0,0,0,3,1,1" ten="250,250,250,250" oya="0" hai0="23,66,40,118,51,71,116,127,49,94,91,0,37" hai1="42,41,10,45,13,96,87,7,78,69,21,16,60" hai2="126,34,15,131,74,128,65,102,4,124,125,11,120" hai3="106,56,105,121,27,36,18,20,55,133,90,54,111"/><T113/><D0/><U130/><E130/><N who="2" m="49707" /><F74/><W103/><G36/><T44/><D113/><U81/><E96/><V77/><F77/><W33/><G111/><T22/><D127/><U123/><E123/><V107/><F65/><W99/><G133/><T32/><D32/><U2/><REACH who="1" step="1"/><E45/><REACH who="1" ten="250,240,250,250" step="2"/><V3/><F120/><W110/><G121/><T19/><D116/><U89/><E89/><V97/><F34/><W43/><G90/><T132/><D118/><U26/><E26/><V95/><F3/><W108/><G33/><T73/><D132/><U24/><E24/><V59/><F59/><W48/><G56/><T12/><D71/><U61/><E61/><V100/><F100/><W122/><G122/><T5/><D91/><U112/><E112/><V53/><F53/><W109/><G55/><T93/><D66/><AGARI ba="0,1" hai="2,7,10,13,16,21,41,42,60,66,69,78,81,87" machi="66" ten="40,5200,0" yaku="1,1,52,1,54,1,53,0" doraHai="1" doraHaiUra="114" who="1" fromWho="0" sc="250,-52,240,62,250,0,250,0" /><INIT seed="1,0,0,5,1,54" ten="198,302,250,250" oya="1" hai0="58,68,132,92,96,21,77,63,15,44,76,9,81" hai1="98,71,126,70,19,27,85,75,133,105,4,108,18" hai2="8,110,53,118,46,34,17,123,0,91,45,25,90" hai3="14,66,100,116,73,65,60,99,74,62,2,80,59"/><U109/><E75/><V3/><F123/><W1/><G116/><T134/><D68/><U87/><E4/><V95/><F118/><W82/><G14/><T117/><D117/><U84/><E126/><V6/><F0/><W33/><G33/><T72/><D77/><U122/><E122/><V24/><F24/><W7/><G7/><T50/><D21/><U13/><E27/><V35/><F91/><W31/><G31/><T23/><D23/><U120/><E120/><V52/><F34/><W36/><G36/><T38/><D38/><U5/><E5/><V48/><F110/><N who="1" m="42601" /><E133/><V30/><F17/><N who="1" m="6153" /><E13/><V103/><F103/><AGARI ba="0,0" hai="70,71,84,85,87,98,103,105" m="6153,42601" machi="103" ten="40,3900,0" yaku="14,1,10,1" doraHai="54" who="1" fromWho="2" sc="198,0,302,39,250,-39,250,0" /><INIT seed="1,1,0,2,3,90" ten="198,341,211,250" oya="1" hai0="9,122,108,131,57,109,86,2,27,54,4,69,47" hai1="121,5,11,44,63,93,34,21,60,113,78,130,40" hai2="111,125,70,116,26,110,85,51,41,112,67,89,35" hai3="115,99,29,30,48,6,52,126,105,31,42,14,134"/><U128/><E113/><V22/><F116/><W127/><G115/><T96/><D69/><U68/><E121/><V39/><F35/><W3/><G3/><T103/><D122/><U106/><E106/><V82/><F39/><W72/><G72/><T83/><D131/><N who="1" m="50219" /><E34/><V135/><F112/><W37/><G134/><T74/><D74/><U23/><E78/><V32/><F32/><W10/><G42/><T124/><D124/><N who="3" m="47657" /><G37/><T114/><D114/><U49/><E93/><V87/><F125/><W79/><G79/><T56/><D27/><U100/><E100/><V8/><F135/><W16/><G105/><T77/><D47/><U71/><E71/><V55/><F41/><W91/><G6/><T118/><D118/><U24/><E68/><V46/><F87/><W61/><G61/><N who="1" m="23626" /><E24/><V53/><F70/><W38/><G38/><T50/><REACH who="0" step="1"/><D56/><REACH who="0" ten="188,341,211,250" step="2"/><U66/><E66/><V117/><F67/><W132/><G132/><T97/><D97/><U64/><E64/><V129/><F117/><W15/><G99/><T94/><AGARI ba="1,1" hai="2,4,9,50,54,57,77,83,86,94,96,103,108,109" machi="94" ten="30,7900,0" yaku="1,1,0,1,52,1,53,1" doraHai="90" doraHaiUra="1" who="0" fromWho="0" sc="188,92,341,-40,211,-21,250,-21" /><INIT seed="2,0,0,4,2,104" ten="280,301,190,229" oya="2" hai0="132,63,27,94,28,35,25,85,32,126,40,52,7" hai1="127,12,106,13,70,130,100,80,77,116,23,29,129" hai2="111,55,131,58,16,49,92,21,56,14,118,65,53" hai3="57,123,72,42,82,79,93,133,34,114,61,54,109"/><V96/><F118/><W8/><G123/><T90/><D126/><U102/><E116/><V67/><F131/><N who="1" m="50185" /><E127/><V113/><F113/><W46/><G109/><T17/><D132/><U122/><E122/><V86/><F111/><W135/><G34/><T66/><D40/><U36/><E36/><V75/><F75/><W101/><G114/><T44/><D7/><U60/><E70/><V112/><F112/><W84/><G8/><T105/><D105/><U15/><E106/><V38/><F38/><W95/><G101/><N who="1" m="39018" /><E60/><V9/><F9/><W47/><G84/><T124/><D124/><U117/><E117/><V0/><F0/><W43/><G43/><T45/><D17/><N who="1" m="10663" /><E29/><V83/><F83/><W48/><REACH who="3" step="1"/><G46/><REACH who="3" ten="280,301,190,219" step="2"/><T62/><D45/><U88/><E77/><V64/><F86/><AGARI ba="0,1" hai="13,15,80,86,88" m="10663,39018,50185" machi="86" ten="30,2000,0" yaku="19,1,54,1" doraHai="104" who="1" fromWho="2" sc="280,0,301,30,190,-20,219,0" /><INIT seed="3,0,0,4,2,12" ten="280,331,170,219" oya="3" hai0="73,6,34,62,23,125,118,88,116,113,127,8,109" hai1="112,42,128,36,77,61,39,97,0,10,5,133,72" hai2="98,124,68,79,25,110,80,17,9,13,123,22,56" hai3="50,54,16,130,55,103,82,67,28,86,47,53,87"/><W31/><G130/><T65/><D73/><U96/><E112/><V119/><F68/><W49/><G67/><T78/><D34/><U41/><E128/><V101/><F119/><W117/><G117/><T29/><D78/><U74/><E133/><V48/><F124/><N who="0" m="47690" /><D109/><U51/><E61/><V111/><F123/><W63/><G103/><T32/><D113/><U15/><E51/><N who="3" m="19466" /><G63/><T24/><D88/><U94/><E42/><V93/><F48/><W89/><G47/><T33/><D62/><U14/><E97/><V1/><F1/><W70/><G70/><T122/><D65/><U92/><E92/><V21/><F56/><W84/><G89/><T131/><D122/><U46/><E36/><V71/><F71/><W105/><G105/><T30/><D131/><U99/><E99/><V18/><REACH who="2" step="1"/><F9/><REACH who="2" ten="280,331,160,219" step="2"/><W3/><G3/><N who="0" m="95" /><D33/><U102/><E46/><V45/><F45/><W76/><G82/><T7/><D7/><U83/><E41/><V85/><AGARI ba="0,1" hai="13,17,18,21,22,25,79,80,85,93,98,101,110,111" machi="85" ten="30,7900,0" yaku="1,1,0,1,52,2,53,0" doraHai="12" doraHaiUra="27" who="2" fromWho="2" sc="280,-20,331,-20,160,89,219,-39" /><INIT seed="4,0,0,2,4,36" ten="260,311,249,180" oya="0" hai0="135,97,59,74,105,119,15,84,83,133,111,10,99" hai1="48,9,80,70,124,66,114,93,21,86,23,128,90" hai2="35,76,98,2,101,5,71,20,55,50,30,78,117" hai3="85,62,63,16,31,122,51,132,0,43,127,89,8"/><T47/><D74/><U94/><E124/><V3/><F71/><W52/><G127/><T115/><D119/><U41/><E128/><V6/><F35/><W4/><G132/><N who="0" m="50763" /><D105/><U67/><E114/><V25/><F117/><W39/><G31/><T45/><D59/><U102/><E9/><V1/><F78/><W13/><G122/><T27/><D27/><U14/><E70/><V125/><F76/><W58/><G39/><T110/><D47/><N who="1" m="25711" /><E102/><V64/><F64/><N who="1" m="24617" /><E14/><V104/><REACH who="2" step="1"/><F125/><REACH who="2" ten="260,311,239,180" step="2"/><W129/><G129/><T87/><D115/><U7/><E7/><V53/><F53/><W37/><G43/><T123/><D123/><U92/><AGARI ba="0,1" hai="21,23,80,86,90,92,93,94" m="24617,25711" machi="92" ten="30,2000,0" yaku="8,1,52,1" doraHai="36" who="1" fromWho="1" sc="260,-10,311,30,239,-5,180,-5" /><INIT seed="5,0,0,5,1,23" ten="250,341,234,175" oya="1" hai0="87,88,78,94,33,35,31,72,83,54,32,84,114" hai1="14,116,118,73,68,30,17,41,9,107,27,66,99" hai2="6,104,129,58,123,59,36,11,95,112,119,89,71" hai3="61,38,91,134,46,4,55,127,64,48,105,70,29"/><U75/><E41/><V109/><F71/><W16/><G105/><T62/><D114/><U37/><E37/><V20/><F104/><W79/><G134/><T131/><D131/><U44/><E44/><V76/><F123/><W132/><G132/><T24/><REACH who="0" step="1"/><D72/><REACH who="0" ten="240,341,234,175" step="2"/><U39/><E75/><V115/><F129/><W19/><G127/><T15/><D15/><U108/><E73/><V3/><F109/><W12/><G38/><T128/><D128/><U26/><E39/><V28/><F36/><W67/><G12/><T74/><D74/><U56/><E14/><V102/><F119/><W93/><G4/><T40/><D40/><U45/><E108/><V10/><F6/><W111/><G111/><T122/><D122/><U63/><E116/><V90/><F3/><W69/><G69/><T125/><D125/><U113/><E68/><V124/><F124/><W135/><G135/><T97/><D97/><U13/><E99/><N who="2" m="59775" /><F115/><W126/><G126/><T57/><AGARI ba="0,1" hai="24,31,32,33,35,54,57,62,78,83,84,87,88,94" machi="57" ten="30,8000,1" yaku="1,1,0,1,52,1,54,1,53,1" doraHai="23" doraHaiUra="85" who="0" fromWho="0" sc="240,90,341,-40,234,-20,175,-20" /><INIT seed="6,0,0,5,0,56" ten="330,301,214,155" oya="2" hai0="6,68,64,135,84,99,13,115,97,12,118,117,10" hai1="122,26,22,42,111,43,32,34,33,66,126,14,88" hai2="8,121,76,79,112,108,44,98,31,69,58,16,25" hai3="63,51,0,48,87,92,133,85,73,4,54,113,65"/><V70/><F121/><W24/><G73/><T120/><D115/><U60/><E111/><V109/><F112/><W18/><G113/><T2/><D120/><U114/><E114/><V95/><F44/><W53/><G133/><T49/><D135/><U105/><E122/><V52/><F76/><W100/><G0/><T130/><D130/><U106/><E126/><V80/><F31/><W116/><G116/><N who="0" m="44651" /><D84/><U132/><E132/><V75/><F8/><W104/><G4/><T7/><D49/><N who="3" m="19017" /><G104/><T36/><D36/><U50/><E14/><N who="0" m="5737" /><D7/><U3/><E3/><V96/><F96/><N who="3" m="59399" /><G85/><T103/><D103/><U102/><E102/><V86/><F75/><W15/><G87/><T28/><D28/><U11/><E106/><V71/><F109/><W39/><G39/><T82/><D82/><U37/><E105/><V131/><F131/><W57/><G24/><T55/><D55/><U94/><E37/><V89/><F108/><W9/><AGARI ba="0,0" hai="9,15,18,53,54,57,63,65" m="59399,19017" machi="9" ten="30,2000,0" yaku="8,1,52,1" doraHai="56" who="3" fromWho="3" sc="330,-5,301,-5,214,-10,155,20" /><INIT seed="7,0,0,1,4,93" ten="325,296,204,175" oya="3" hai0="102,72,123,53,12,26,69,9,116,88,124,15,86" hai1="91,112,70,126,81,92,84,110,95,103,75,115,49" hai2="14,127,82,74,6,105,41,120,64,80,20,39,90" hai3="134,133,104,108,29,24,60,36,28,25,78,7,55"/><W71/><G108/><T21/><D72/><U76/><E70/><V5/><F105/><W50/><G36/><T57/><D69/><U11/><E11/><V8/><F120/><W114/><G114/><N who="1" m="43562" /><E49/><V97/><F127/><W0/><G78/><T117/><D124/><U125/><E110/><V13/><F64/><N who="3" m="41351" /><G104/><T106/><D123/><U4/><E4/><V99/><F74/><W42/><G42/><T54/><D106/><U37/><E37/><V19/><F6/><W132/><G7/><T98/><D116/><U43/><E43/><V3/><F3/><W59/><G0/><T111/><D111/><U129/><E129/><V44/><F90/><W38/><G38/><T130/><D130/><U51/><E51/><V128/><F128/><W73/><G73/><T1/><D1/><U65/><E65/><V47/><F47/><W131/><G131/><T122/><D122/><U63/><E63/><V94/><F94/><W52/><G55/><N who="0" m="21003" /><D57/><U22/><E22/><V107/><REACH who="2" step="1"/><F107/><REACH who="2" ten="325,296,194,175" step="2"/><W118/><G118/><T66/><D117/><U101/><E95/><V135/><F135/><N who="3" m="34563" /><W113/><DORA hai="109" /><G113/><T67/><D67/><U10/><E103/><V121/><F121/><W83/><G83/><AGARI ba="0,1" hai="5,8,13,14,19,20,39,41,44,80,82,83,97,99" machi="83" ten="40,12000,2" yaku="1,1,52,2,53,3" doraHai="93,109" doraHaiUra="77,33" who="2" fromWho="3" sc="325,0,296,0,194,130,175,-120" owari="325,42.0,296,-10.0,324,12.0,55,-44.0" /></mjloggm>