<mjloggm ver="2.3"><GO type="169" lobby="0"/><UN n0="%4E%49%53%48%49" n1="%79%61%67%69%30%32%32%30" n2="%E7%99%BD%E3%81%99%E3%81%B4%E3%81%A3%E3%81%A4%EF%BC%A0%E5%8D%8A%E8%8D%98" n3="%E3%82%A6%E3%83%AB%E3%83%88%E3%83%A9%E7%AB%8B%E7%9B%B4" dan="16,16,16,17" rate="2117.80,2102.08,2166.54,2183.88" sx="M,M,M,M"/><TAIKYOKU oya="0"/><INIT seed="0,0,0,1,3,30" ten="250,250,250,250" oya="0" hai0="99,56,11,73,119,63,106,126,97,128,2,85,123" hai1="79,82,80,102,134,131,23,133,132,110,70,16,18" hai2="93,116,1,109,88,76,90,83,72,0,29,41,19" hai3="75,59,32,53,87,81,20,35,66,5,55,92,130"/><T52/><D123/><U27/><E70/><V26/><F109/><W74/><G5/><T25/><D73/><U62/><E110/><V108/><F108/><W38/><G38/><T104/><D119/><U50/><E131/><V57/><F116/><W8/><G8/><T24/><D128/><U39/><E39/><V124/><F124/><W22/><G66/><T101/><D126/><U36/><E36/><V69/><F69/><W121/><G92/><T103/><D85/><U122/><E122/><V33/><F41/><W37/><G37/><T118/><D118/><U7/><E62/><V125/><F125/><W78/><G121/><T64/><D64/><U3/><E102/><V107/><F107/><W65/><G65/><T77/><D77/><U28/><E82/><V51/><F19/><W58/><G87/><T113/><D113/><U96/><E96/><V71/><F71/><W94/><G94/><T100/><D103/><U34/><E50/><V14/><F14/><W44/><G44/><T67/><D67/><U31/><E31/><V68/><F68/><W105/><G105/><T84/><D84/><N who="1" m="48159" /><E23/><V10/><F10/><AGARI ba="0,0" hai="3,7,10,16,18,27,28,34,132,133,134" m="48159" machi="10" ten="30,3900,0" yaku="20,1,52,1,54,1" doraHai="30" who="1" fromWho="2" sc="250,0,250,39,250,-39,250,0" /><INIT seed="1,0,0,4,0,95" ten="250,289,211,250" oya="1" hai0="27,77,55,74,35,54,121,65,45,8,2,47,87" hai1="132,102,46,15,21,108,129,105,111,38,82,28,100" hai2="110,73,32,96,107,16,122,19,62,24,44,123,61" hai3="6,128,106,112,104,13,30,116,115,67,26,83,135"/><U88/><E132/><V23/><F73/><W9/><G135/><T92/><D74/><U78/><E129/><V103/><F110/><N who="1" m="42025" /><E105/><V64/><F32/><W63/><G128/><T81/><D121/><U52/><E78/><V75/><F75/><W11/><G83/><T86/><D65/><U90/><E38/><V68/><F61/><W56/><G116/><T113/><D113/><U71/><E71/><V40/><REACH who="2" step="1"/><F19/><REACH who="2" ten="250,289,201,250" step="2"/><W37/><G112/><T66/><D35/><U48/><E28/><V59/><F59/><W101/><G115/><T94/><D47/><U10/><E21/><V114/><F114/><W124/><G56/><T118/><D45/><U69/><E69/><V127/><F127/><W17/><G30/><T80/><D118/><U0/><E0/><V43/><F43/><W70/><G124/><T134/><D2/><U117/><E117/><V25/><F25/><W131/><G26/><T49/><D27/><U99/><E82/><V91/><F91/><N who="1" m="34857" /><E99/><V72/><F72/><W4/><G131/><T98/><D81/><U109/><N who="1" m="42033" /><U42/><DORA hai="120" /><E42/><V22/><F22/><W33/><G70/><T51/><D80/><U57/><E57/><V97/><F97/><W12/><G33/><T39/><D98/><U41/><E41/><V85/><F85/><W5/><G37/><AGARI ba="0,1" hai="16,23,24,37,40,44,62,64,68,96,103,107,122,123" machi="37" ten="30,8000,1" yaku="1,1,7,1,52,1,54,1,53,1" doraHai="95,120" doraHaiUra="14,76" who="2" fromWho="3" sc="250,0,289,0,201,90,250,-80" /><INIT seed="2,0,0,3,3,62" ten="250,289,291,170" oya="2" hai0="19,54,134,94,32,108,131,15,83,46,18,31,64" hai1="5,56,21,57,55,87,25,96,98,97,3,23,118" hai2="10,127,33,104,70,52,14,103,69,72,36,43,29" hai3="12,126,53,93,41,20,116,4,2,82,39,60,65"/><V115/><F115/><W112/><G112/><T81/><D108/><U11/><E118/><V38/><F72/><W107/><G107/><T111/><D111/><U67/><E87/><V119/><F119/><W102/><G116/><T124/><D134/><U27/><E67/><V47/><F38/><W48/><G126/><T109/><D131/><U30/><REACH who="1" step="1"/><E55/><REACH who="1" ten="250,279,291,170" step="2"/><V71/><F52/><W0/><G65/><T77/><D64/><U132/><E132/><V100/><F127/><W44/><G53/><T26/><D124/><U133/><E133/><V63/><F43/><W42/><G42/><T40/><D54/><U8/><E8/><V128/><F10/><W9/><G60/><T58/><D109/><U13/><E13/><V117/><F63/><W95/><G2/><T89/><D15/><U61/><E61/><V74/><F14/><W92/><G0/><T37/><D58/><U17/><AGARI ba="0,1" hai="3,5,11,17,21,23,25,27,30,56,57,96,97,98" machi="17" ten="30,7900,0" yaku="1,1,0,1,53,2" doraHai="62" doraHaiUra="16" who="1" fromWho="1" sc="250,-20,279,89,291,-39,170,-20" /><INIT seed="3,0,0,2,2,109" ten="230,368,252,150" oya="3" hai0="78,99,59,18,110,97,87,133,13,58,70,0,126" hai1="115,15,132,2,49,51,1,98,46,82,118,60,6" hai2="48,37,23,65,131,69,71,50,42,96,102,95,56" hai3="33,17,7,121,4,36,19,31,45,77,30,26,44"/><W119/><G121/><T88/><D110/><U75/><E118/><V53/><F131/><W57/><G119/><T35/><D0/><U74/><E132/><V117/><F117/><W101/><G101/><T123/><D70/><U3/><E115/><V32/><F32/><W9/><G77/><T111/><D35/><U90/><E60/><V81/><F81/><W108/><G108/><T86/><D123/><U27/><E27/><V89/><F23/><W93/><G93/><T135/><D111/><U106/><E49/><V55/><F102/><W76/><G76/><T124/><D78/><U28/><E28/><V73/><F73/><W16/><G31/><T105/><D105/><U64/><E64/><V80/><F80/><W47/><G36/><T38/><D38/><U12/><E106/><V129/><F129/><W61/><REACH who="3" step="1"/><G9/><REACH who="3" ten="230,368,252,140" step="2"/><T130/><D135/><U22/><E82/><V134/><F134/><W66/><AGARI ba="0,1" hai="4,7,16,17,19,26,30,33,44,45,47,57,61,66" machi="66" ten="30,12000,1" yaku="1,1,2,1,0,1,54,1,53,1" doraHai="109" doraHaiUra="25" who="3" fromWho="3" sc="230,-40,368,-40,252,-40,140,130" /><INIT seed="3,1,0,5,0,51" ten="190,328,212,270" oya="3" hai0="52,33,38,129,127,85,128,121,4,97,99,5,89" hai1="58,73,93,135,131,88,78,62,50,12,86,74,70" hai2="37,29,101,14,13,40,44,69,119,22,63,6,132" hai3="57,123,56,43,133,87,94,65,92,83,30,10,17"/><W77/><G123/><T105/><D121/><U82/><E135/><V8/><F119/><W95/><G133/><T102/><D38/><U116/><E116/><V117/><F132/><W18/><G30/><T110/><D33/><U19/><E131/><N who="0" m="50249" /><D110/><U107/><E107/><V23/><F117/><W47/><G65/><T115/><D115/><U34/><E34/><V24/><F101/><W53/><G10/><T28/><D28/><U114/><E114/><V41/><F41/><W55/><G47/><T16/><D99/><U46/><E70/><V60/><F69/><W45/><G45/><T36/><D36/><U130/><E130/><V71/><F71/><W25/><G43/><T125/><D5/><U11/><E46/><V96/><F96/><W32/><G32/><T66/><D66/><U7/><E50/><V113/><F113/><W59/><REACH who="3" step="1"/><G25/><REACH who="3" ten="190,328,212,260" step="2"/><T126/><D127/><U80/><E7/><V79/><F6/><W118/><G118/><T112/><D4/><U72/><E80/><V68/><F8/><W15/><G15/><T1/><D126/><U76/><REACH who="1" step="1"/><E82/><REACH who="1" ten="190,318,212,260" step="2"/><V67/><F68/><W39/><G39/><T120/><D125/><U103/><E103/><V54/><F37/><W106/><G106/><T27/><D112/><U26/><E26/><V61/><F44/><W98/><G98/><T109/><D27/><U35/><E35/><V122/><F24/><W100/><G100/><T0/><D102/><U20/><E20/><V81/><F23/><W2/><G2/><T134/><D0/><U90/><E90/><V91/><F91/><W84/><G84/><RYUUKYOKU ba="1,2" sc="190,-15,318,15,212,-15,260,15" hai1="11,12,19,58,62,72,73,74,76,78,86,88,93" hai3="17,18,53,55,56,57,59,77,83,87,92,94,95" /><INIT seed="3,2,2,5,0,80" ten="175,333,197,275" oya="3" hai0="53,113,38,131,127,0,118,82,55,59,8,32,93" hai1="96,42,128,76,63,43,77,14,90,3,94,79,98" hai2="36,101,5,103,111,78,20,135,117,35,133,2,115" hai3="22,89,56,37,46,92,65,130,39,116,71,86,64"/><W13/><G116/><T4/><D118/><U108/><E3/><V17/><F117/><W57/><G130/><T87/><D131/><U34/><E128/><V124/><F115/><W31/><G71/><T48/><D113/><U60/><E34/><V69/><F69/><W132/><G132/><N who="2" m="50761" /><F111/><W19/><G31/><T74/><D38/><U119/><E119/><V16/><F124/><W26/><G26/><T73/><D32/><U49/><E108/><V28/><F36/><W72/><G72/><T68/><D68/><U105/><E105/><V54/><F78/><W15/><G46/><T129/><D127/><U81/><E98/><V40/><F40/><W106/><G106/><T41/><D41/><U6/><E81/><V109/><F109/><W104/><G104/><T95/><D129/><U121/><E121/><V70/><F70/><W66/><G39/><T123/><D123/><U126/><E126/><V29/><F54/><W33/><G33/><T114/><D114/><U23/><E6/><V99/><F35/><W30/><G37/><T110/><D110/><U52/><E43/><V25/><F28/><W120/><G30/><T12/><D0/><U84/><E42/><V27/><F27/><N who="3" m="14815" /><G120/><T45/><D74/><U134/><E134/><V1/><F101/><W67/><N who="3" m="16384" /><DORA hai="11" /><W47/><G47/><T75/><D73/><U97/><E97/><V102/><F102/><W85/><G85/><T112/><D75/><U21/><E96/><V9/><F1/><W50/><G57/><T58/><D59/><N who="1" m="33167" /><E23/><V44/><F44/><W18/><G18/><AGARI ba="2,2" hai="14,18,21,60,63,76,77,79,84,90,94" m="33167" machi="18" ten="30,8000,1" yaku="25,1,8,1,52,2,54,1" doraHai="80,11" who="1" fromWho="3" sc="175,0,333,106,197,0,275,-86" /><INIT seed="4,0,0,0,4,109" ten="175,439,197,189" oya="0" hai0="18,29,89,52,11,94,84,67,58,51,106,99,83" hai1="8,108,81,54,78,46,26,120,135,48,14,42,125" hai2="15,35,59,55,82,32,118,113,31,40,76,132,128" hai3="116,115,68,62,93,17,73,21,95,101,127,41,92"/><T123/><D123/><U50/><E108/><V91/><F132/><W111/><G73/><T124/><D106/><U47/><E120/><V19/><F128/><W33/><G33/><T69/><D124/><U27/><E135/><V71/><F71/><W85/><G111/><T130/><D130/><U90/><E90/><V110/><F110/><W70/><G116/><T1/><D29/><U98/><E98/><V25/><F118/><W121/><G121/><T119/><D119/><U53/><E42/><V5/><F5/><W105/><G127/><T131/><D131/><U37/><E37/><V112/><F91/><W7/><G7/><T72/><D72/><U57/><E57/><V129/><F40/><W80/><G41/><T4/><D18/><N who="1" m="8519" /><E125/><V77/><F129/><W117/><G117/><T65/><REACH who="0" step="1"/><D69/><REACH who="0" ten="165,439,197,189" step="2"/><U61/><E61/><N who="2" m="36095" /><F32/><W103/><G62/><T86/><D86/><AGARI ba="0,1" hai="26,27,46,47,48,50,53,54,78,81,86" m="8519" machi="86" ten="30,1000,0" yaku="8,1" doraHai="109" who="1" fromWho="0" sc="165,-10,439,20,197,0,189,0" /><INIT seed="5,0,0,4,0,28" ten="155,459,197,189" oya="1" hai0="96,119,15,121,76,30,134,13,71,101,29,102,91" hai1="90,97,27,32,103,70,128,120,81,115,82,75,63" hai2="31,39,16,12,55,43,118,113,37,42,40,26,60" hai3="116,84,126,87,17,24,83,2,77,110,85,64,20"/><U1/><E1/><V73/><F73/><W132/><G110/><T56/><D71/><U123/><E115/><V38/><F118/><W124/><G2/><T105/><D119/><U122/><E128/><V133/><F113/><W135/><G64/><T46/><D121/><U129/><E129/><V11/><F133/><N who="3" m="51275" /><G116/><T47/><D134/><U131/><E131/><V68/><F55/><W93/><G93/><T34/><D76/><U49/><E49/><V65/><REACH who="2" step="1"/><F43/><REACH who="2" ten="155,459,187,189" step="2"/><W5/><G5/><T89/><D105/><N who="1" m="63727" /><E75/><AGARI ba="0,1" hai="17,20,24,75,77,83,84,85,87,124,126" m="51275" machi="75" ten="30,1000,0" yaku="20,1" doraHai="28" who="3" fromWho="1" sc="155,0,459,-10,187,0,189,20" /><INIT seed="6,0,0,0,1,43" ten="155,449,187,209" oya="2" hai0="117,2,31,9,75,68,21,113,52,83,92,64,34" hai1="99,17,48,115,119,93,84,42,128,49,72,120,40" hai2="123,33,29,126,55,102,37,8,129,132,81,6,46" hai3="23,78,25,53,1,5,108,4,22,41,28,38,114"/><V19/><F123/><W105/><G105/><T127/><D113/><U125/><E72/><V106/><F132/><W67/><G108/><T135/><D127/><U86/><E119/><V35/><F126/><W11/><G67/><T121/><D117/><U97/><E125/><V85/><F129/><W50/><G78/><T100/><D135/><U59/><E115/><V7/><F19/><W134/><G134/><T60/><D34/><U61/><E128/><V14/><F7/><W47/><G5/><T27/><D121/><U39/><E39/><V66/><F29/><W0/><G114/><T90/><D100/><U15/><E120/><V32/><F66/><W130/><G130/><T63/><D9/><N who="1" m="6383" /><E42/><V10/><F10/><W107/><G107/><T109/><D2/><U122/><E97/><V56/><F106/><W77/><G77/><T116/><D116/><U24/><E24/><V45/><F37/><W54/><G0/><T101/><D101/><N who="1" m="60655" /><E122/><V73/><F73/><W65/><G38/><T44/><D109/><U13/><E13/><V118/><F102/><W112/><G112/><T3/><D3/><U111/><E111/><V12/><F12/><W104/><G104/><T36/><D36/><U95/><E95/><V57/><F118/><W88/><G1/><T20/><D75/><U69/><E69/><V89/><REACH who="2" step="1"/><F56/><REACH who="2" ten="155,449,177,209" step="2"/><N who="3" m="32823" /><G4/><T30/><D68/><U51/><E40/><V80/><F80/><W96/><G41/><T62/><D83/><U82/><E82/><V87/><F87/><W74/><G74/><T79/><D64/><AGARI ba="0,1" hai="48,49,51,59,61,64,84,86" m="60655,6383" machi="64" ten="30,1000,0" yaku="8,1" doraHai="43" who="1" fromWho="0" sc="155,-10,449,20,177,0,209,0" /><INIT seed="7,0,0,4,0,16" ten="145,469,177,209" oya="3" hai0="65,62,32,2,121,48,67,9,110,126,118,60,115" hai1="70,94,14,135,122,133,100,81,20,15,55,88,125" hai2="28,93,96,35,26,120,40,18,106,74,84,119,3" hai3="4,39,86,6,117,129,0,71,73,104,25,77,63"/><W8/><G86/><T29/><D121/><U124/><E122/><V51/><F120/><W37/><G6/><T41/><D118/><U128/><E70/><V78/><F3/><W82/><G117/><T111/><D126/><N who="1" m="48747" /><E100/><V64/><F119/><W107/><G25/><T5/><D115/><U38/><E38/><V27/><F64/><N who="3" m="41375" /><G129/><T52/><D32/><U83/><E55/><V61/><F61/><W22/><G22/><T30/><D41/><U134/><E128/><V75/><F106/><AGARI ba="0,0" hai="0,4,8,37,39,73,77,82,104,106,107" m="41375" machi="106" ten="30,2900,0" yaku="33,2" doraHai="16" who="3" fromWho="2" sc="145,0,469,0,177,-29,209,29" /><INIT seed="7,1,0,1,0,122" ten="145,469,148,238" oya="3" hai0="119,114,10,107,51,93,48,66,39,7,81,42,125" hai1="85,117,99,58,115,50,78,23,33,28,63,82,130" hai2="41,83,87,71,19,109,30,95,121,8,35,74,1" hai3="55,18,27,102,25,133,84,91,45,108,0,94,120"/><W110/><G0/><T101/><D119/><U11/><E33/><V57/><F109/><N who="3" m="42091" /><G120/><T64/><D107/><U4/><E117/><V69/><F121/><W116/><G116/><T73/><D114/><U14/><E115/><V88/><F41/><W86/><G133/><T60/><D93/><U54/><E130/><V111/><F111/><W70/><G70/><T22/><D101/><U24/><E99/><V126/><F126/><W9/><G102/><T129/><D125/><U124/><E124/><V89/><F57/><W59/><G45/><T103/><D103/><U37/><E37/><V49/><F49/><AGARI ba="1,0" hai="4,11,14,23,24,28,49,50,54,58,63,78,82,85" machi="49" ten="40,1300,0" yaku="8,1" doraHai="122" who="1" fromWho="2" sc="145,0,469,16,148,-16,238,0" owari="145,-25.0,485,58.0,132,-37.0,238,4.0" /></mjloggm>