<mjloggm ver="2.3"><GO type="169" lobby="0"/><UN n0="%E6%B0%91%E8%8A%B8" n1="%E7%A0%B2%E3%81%AE%E4%B8%8A%E3%81%AE%E3%81%82%E3%81%AE%E5%A8%98" n2="%E5%B0%B1%E6%B4%BB%E7%94%9F%40%E5%B7%9D%E6%9D%91%E8%BB%8D%E5%9B%A3" n3="%E9%BB%92%E6%B2%A2%2C%E7%BE%A9%E6%98%8E" dan="19,16,19,16" rate="2244.95,2180.64,2335.72,2057.32" sx="M,F,M,M"/><TAIKYOKU oya="0"/><INIT seed="0,0,0,1,0,134" ten="250,250,250,250" oya="0" hai0="42,129,97,91,117,25,45,120,133,69,21,127,50" hai1="53,22,61,36,32,19,60,98,40,34,100,64,108" hai2="80,16,65,86,38,66,94,74,24,118,63,132,26" hai3="119,68,47,31,41,79,130,76,18,3,110,58,5"/><T29/><D117/><U43/><E108/><V135/><F118/><W28/><G68/><T81/><D120/><U104/><E53/><V44/><F74/><W125/><G119/><T126/><D69/><U101/><E101/><V103/><F103/><W37/><G110/><T83/><D133/><N who="2" m="51274" /><F94/><W84/><G84/><T2/><D2/><U72/><E72/><V78/><F16/><W131/><G58/><T111/><D111/><U123/><E123/><V35/><F35/><W39/><G18/><T62/><D62/><U14/><E60/><V55/><F55/><W75/><G39/><T33/><D33/><U124/><E124/><N who="0" m="47657" /><D129/><N who="3" m="49161" /><G125/><T107/><D107/><U82/><E36/><V4/><F4/><W85/><G75/><T89/><D97/><U77/><E32/><V105/><F105/><W11/><G85/><T1/><D1/><U71/><E34/><V23/><F66/><W0/><G0/><T30/><D30/><AGARI ba="0,0" hai="3,5,11,28,30,31,37,41,47,76,79" m="49161" machi="30" ten="30,1000,0" yaku="19,1" doraHai="134" who="3" fromWho="0" sc="250,-10,250,0,250,0,250,10" /><INIT seed="1,0,0,5,3,92" ten="240,250,250,260" oya="1" hai0="120,28,100,68,53,0,71,95,130,126,12,64,48" hai1="65,55,59,45,90,46,121,75,51,91,43,27,56" hai2="9,116,58,6,26,74,1,19,124,2,8,79,133" hai3="35,37,83,115,106,5,62,96,125,134,18,99,40"/><U13/><E75/><V73/><F116/><W54/><G115/><T117/><D0/><U72/><E121/><V52/><F133/><W86/><G134/><T119/><D28/><U57/><E72/><V21/><F124/><W94/><G125/><T70/><D126/><U38/><E65/><V22/><F79/><W10/><G35/><T104/><D104/><U7/><REACH who="1" step="1"/><E27/><REACH who="1" ten="240,240,250,260" step="2"/><V114/><F114/><W105/><G18/><T128/><D64/><U101/><E101/><V17/><F2/><W85/><G37/><T108/><D120/><U42/><E42/><V107/><F107/><W3/><G40/><T118/><D119/><U127/><E127/><V23/><F26/><W16/><G106/><T87/><D117/><U76/><E76/><V4/><F73/><W113/><G105/><T109/><D118/><U47/><E47/><V78/><F78/><W34/><G113/><T39/><D39/><U89/><E89/><V67/><F67/><W97/><G16/><N who="2" m="6217" /><F74/><W41/><G41/><T110/><D12/><U44/><E44/><V132/><F132/><W66/><G54/><T82/><D53/><U50/><E50/><N who="2" m="30999" /><F1/><W111/><G62/><T81/><D48/><U31/><E31/><V112/><F112/><W98/><G66/><T36/><D36/><U122/><E122/><V103/><F103/><W129/><G3/><T69/><N who="0" m="17408" /><DORA hai="123" /><T49/><D49/><U63/><E63/><V84/><F6/><W80/><G5/><T88/><D100/><U102/><E102/><V135/><F135/><W15/><N who="3" m="24576" /><DORA hai="29" /><W30/><G15/><T25/><D25/><RYUUKYOKU ba="0,1" sc="240,15,240,15,250,-15,260,-15" hai0="81,82,87,88,95,108,109,110,128,130" hai1="7,13,38,43,45,46,51,55,56,57,59,90,91" /><INIT seed="1,1,1,2,1,66" ten="255,255,235,245" oya="1" hai0="32,92,102,85,83,127,55,26,48,72,71,108,63" hai1="97,59,52,121,64,128,2,18,45,125,101,36,123" hai2="33,69,34,111,0,115,126,16,90,22,19,17,50" hai3="5,84,132,3,1,42,82,49,20,11,23,61,104"/><U31/><E2/><V58/><F0/><W41/><G104/><T77/><D108/><U51/><E128/><V53/><F111/><W106/><G106/><T131/><D131/><U38/><E125/><V67/><F126/><W35/><G35/><T60/><D127/><U124/><E124/><V15/><F115/><W40/><G132/><T116/><D116/><U56/><E31/><V135/><F135/><W80/><G3/><T130/><D130/><U9/><E9/><V94/><F34/><W7/><G7/><T70/><D32/><U120/><E18/><V89/><F89/><W93/><G49/><T99/><D26/><U129/><E129/><V122/><F33/><W46/><G46/><T76/><D76/><U30/><E30/><V114/><F122/><W29/><G93/><T6/><D6/><U43/><E97/><V118/><F118/><W98/><G98/><T81/><D81/><U8/><E8/><V21/><F114/><W100/><G100/><T65/><D63/><N who="1" m="38015" /><E101/><V107/><F107/><W24/><G61/><AGARI ba="1,1" hai="36,38,43,45,51,52,56,61,120,121,123" m="38015" machi="61" ten="30,5800,0" yaku="34,2,54,1" doraHai="66" who="1" fromWho="3" sc="255,0,255,71,235,0,245,-61" /><INIT seed="1,2,0,3,2,113" ten="255,326,235,184" oya="1" hai0="33,57,50,72,92,65,73,79,20,6,74,44,88" hai1="43,67,106,46,25,81,4,48,62,58,53,134,121" hai2="77,69,9,16,122,96,39,56,37,84,59,128,70" hai3="126,34,19,30,101,120,0,7,45,26,35,132,3"/><U21/><E134/><V38/><F122/><W100/><G120/><T82/><D33/><U116/><E121/><V47/><F128/><W10/><G132/><T89/><D6/><U135/><E135/><V78/><F47/><W68/><G68/><T118/><D118/><U130/><E130/><V127/><F127/><W40/><G126/><T11/><D11/><U54/><E106/><V125/><F125/><W133/><G133/><T105/><D105/><U87/><E116/><V64/><F96/><W17/><G34/><T41/><D89/><U14/><E25/><V12/><F64/><W71/><G71/><T80/><D80/><U108/><E108/><V99/><F70/><W2/><G100/><T66/><D20/><U86/><E86/><V115/><F69/><W110/><G101/><T42/><D42/><U76/><E21/><V112/><F99/><W28/><G28/><T103/><D103/><U85/><E85/><V18/><F84/><W91/><G91/><T32/><D32/><U13/><E13/><V63/><F63/><W36/><REACH who="3" step="1"/><G110/><REACH who="3" ten="255,326,235,174" step="2"/><T95/><D88/><U93/><E93/><V107/><F107/><W131/><G131/><T60/><D92/><U119/><E119/><V97/><F112/><W104/><G104/><T111/><D95/><U29/><E29/><V109/><F109/><W102/><G102/><T83/><D111/><U5/><E5/><N who="2" m="3119" /><F115/><W27/><G27/><T61/><D82/><U1/><E1/><AGARI ba="2,1" hai="0,1,2,3,7,10,17,19,26,30,35,36,40,45" machi="1" ten="40,1300,0" yaku="1,1,53,0" doraHai="113" doraHaiUra="8" who="3" fromWho="1" sc="255,0,326,-19,235,0,174,29" /><INIT seed="2,0,0,3,4,87" ten="255,307,235,203" oya="2" hai0="125,92,51,86,114,122,29,46,72,123,90,30,98" hai1="25,70,58,118,129,111,113,11,67,26,8,108,119" hai2="79,35,135,100,12,42,78,127,112,89,56,94,96" hai3="1,83,104,13,107,38,50,14,99,45,80,0,65"/><V77/><F112/><W64/><G38/><T91/><D114/><U82/><E113/><V120/><F120/><W74/><G45/><T7/><D72/><U40/><E70/><V115/><F115/><W75/><G99/><T131/><D131/><U27/><E129/><V102/><F35/><W18/><G18/><T9/><D125/><U16/><E40/><V57/><F127/><W21/><G21/><T71/><D71/><U2/><E82/><V109/><F135/><W134/><REACH who="3" step="1"/><G50/><REACH who="3" ten="255,307,235,193" step="2"/><T117/><D123/><U97/><E97/><V59/><F109/><W55/><G55/><T106/><D122/><U63/><E16/><V85/><F42/><W3/><G3/><T43/><D117/><U103/><E2/><V95/><REACH who="2" step="1"/><F12/><REACH who="2" ten="255,307,225,193" step="2"/><W28/><G28/><T124/><D124/><U81/><E108/><V37/><F37/><W61/><G61/><T93/><REACH who="0" step="1"/><D106/><REACH who="0" ten="245,307,225,193" step="2"/><U130/><E111/><V132/><F132/><AGARI ba="0,3" hai="0,1,13,14,64,65,74,75,80,83,104,107,132,134" machi="132" ten="25,3200,0" yaku="1,1,22,2,53,0" doraHai="87" doraHaiUra="133" who="3" fromWho="2" sc="245,0,307,0,225,-32,193,62" /><INIT seed="3,0,0,3,3,49" ten="245,307,193,255" oya="3" hai0="20,82,17,90,41,35,107,106,59,16,31,19,45" hai1="86,30,6,95,57,60,105,18,128,133,110,51,76" hai2="70,81,87,109,26,88,84,93,122,24,92,32,61" hai3="4,63,91,28,115,75,101,119,34,62,132,94,10"/><W2/><G119/><T113/><D35/><U135/><E110/><V69/><F109/><W134/><G115/><T85/><D113/><U22/><E105/><V108/><F108/><W33/><G101/><T47/><D47/><U52/><E128/><V65/><F122/><W71/><G75/><T99/><D99/><U64/><E30/><V11/><F32/><W130/><G130/><T111/><D111/><U98/><E6/><V13/><F70/><W3/><G3/><T118/><D118/><U96/><E76/><V58/><F69/><W77/><G77/><T48/><REACH who="0" step="1"/><D59/><REACH who="0" ten="235,307,193,255" step="2"/><U29/><E96/><V117/><F117/><W46/><G33/><T97/><D97/><U67/><E98/><V9/><F9/><W55/><G71/><T102/><D102/><U56/><E56/><V36/><F36/><W44/><G34/><T43/><D43/><U42/><E42/><V100/><F100/><W83/><G46/><T124/><D124/><U1/><E57/><V53/><F65/><W114/><G114/><T89/><D89/><U66/><E66/><V38/><F38/><W25/><G91/><T27/><AGARI ba="0,1" hai="16,17,19,20,27,31,41,45,48,82,85,90,106,107" machi="27" ten="30,4000,0" yaku="1,1,0,1,54,1,53,0" doraHai="49" doraHaiUra="116" who="0" fromWho="0" sc="235,50,307,-10,193,-10,255,-20" /><INIT seed="4,0,0,0,0,83" ten="285,297,183,235" oya="0" hai0="109,122,15,44,132,70,82,37,54,80,86,72,20" hai1="16,108,65,87,2,17,119,106,110,84,21,62,127" hai2="91,115,103,19,98,116,68,10,133,123,32,58,64" hai3="92,135,100,121,73,69,9,22,53,23,95,13,107"/><T25/><D70/><U39/><E119/><V26/><F123/><W112/><G73/><T111/><D122/><U46/><E2/><V41/><F115/><W99/><G121/><T105/><D105/><U101/><E127/><V96/><F133/><W45/><G135/><T120/><D120/><U59/><E101/><V38/><F116/><W124/><G112/><T8/><D132/><U94/><E106/><V90/><F10/><W6/><G124/><T34/><D34/><U61/><E61/><V134/><F134/><W77/><G77/><T5/><D72/><U81/><E94/><V125/><F58/><W29/><G69/><T4/><D4/><U66/><E66/><V47/><F98/><N who="3" m="59463" /><G29/><T55/><D80/><U14/><E17/><V42/><F42/><W52/><G107/><T51/><D37/><U78/><REACH who="1" step="1"/><E87/><REACH who="1" ten="285,287,183,235" step="2"/><V33/><F125/><W18/><G45/><T56/><D44/><U71/><E71/><V11/><F68/><W63/><G63/><T97/><D97/><U27/><E27/><V126/><F126/><W31/><G31/><T104/><D104/><U74/><E74/><V50/><F103/><N who="3" m="60927" /><G18/><T67/><D5/><U117/><E117/><V75/><F75/><W43/><G43/><AGARI ba="0,1" hai="14,16,21,39,43,46,59,62,65,78,81,84,108,110" machi="43" ten="40,5200,0" yaku="1,1,52,1,54,1,53,0" doraHai="83" doraHaiUra="93" who="1" fromWho="3" sc="285,0,287,62,183,0,235,-52" /><INIT seed="5,0,0,0,3,60" ten="285,349,183,183" oya="1" hai0="78,93,58,83,52,75,22,121,101,31,42,54,40" hai1="127,77,61,105,94,134,11,32,23,37,81,39,16" hai2="135,90,1,76,99,15,7,103,132,133,68,72,111" hai3="65,2,102,87,35,91,43,108,27,124,28,126,62"/><U70/><E105/><N who="2" m="63743" /><F15/><W34/><G108/><T86/><D121/><U66/><E32/><V110/><F68/><W128/><G2/><T20/><D54/><U67/><E134/><V46/><F46/><W92/><G34/><T55/><D55/><U29/><E127/><V0/><F90/><W106/><G43/><T114/><D114/><U84/><E94/><V112/><F112/><W57/><G128/><T3/><D3/><N who="2" m="1098" /><F7/><W17/><G17/><T63/><D75/><U115/><E115/><V100/><F100/><W14/><G14/><T56/><D56/><U119/><E119/><V5/><F5/><W44/><G44/><T41/><D31/><U120/><E120/><V89/><F89/><W13/><G13/><T73/><D73/><U53/><E53/><V47/><F47/><W88/><G91/><T118/><D118/><U9/><E29/><V113/><F113/><W36/><G36/><T50/><D50/><U96/><E9/><V38/><F38/><W6/><REACH who="3" step="1"/><G6/><REACH who="3" ten="285,349,183,173" step="2"/><T130/><D130/><U69/><E37/><V104/><F104/><W64/><G64/><T33/><D33/><U18/><E39/><V30/><F30/><W4/><G4/><T80/><D41/><U95/><E18/><V117/><F117/><W125/><G125/><T12/><D42/><U116/><E16/><V97/><F97/><AGARI ba="0,1" hai="27,28,35,57,62,65,87,88,92,97,102,106,124,126" machi="97" ten="40,5200,0" yaku="1,1,52,1,54,1,53,0" doraHai="60" doraHaiUra="109" who="3" fromWho="2" sc="285,0,349,0,183,-52,173,62" /><INIT seed="6,0,0,0,0,101" ten="285,349,131,235" oya="2" hai0="100,11,21,122,59,96,1,89,116,28,124,126,12" hai1="4,7,131,111,62,44,63,16,71,110,27,32,64" hai2="94,132,5,97,52,81,8,47,55,67,104,31,46" hai3="109,107,85,13,84,80,19,56,10,129,125,36,37"/><V113/><F132/><W20/><G109/><T73/><D73/><U22/><E131/><V34/><F113/><W45/><G129/><T77/><D77/><U30/><E4/><V130/><F130/><W57/><G125/><N who="0" m="48235" /><D1/><U128/><E128/><V88/><F104/><W14/><G84/><T99/><D89/><U103/><E103/><V120/><F120/><W114/><G114/><T42/><D42/><U25/><E44/><N who="2" m="16939" /><F34/><W123/><G123/><T86/><D86/><U72/><E72/><V23/><F67/><W66/><G107/><T127/><D116/><U106/><E106/><V108/><F108/><W70/><G70/><T33/><D33/><U51/><E7/><V50/><F81/><W135/><G135/><T24/><D100/><U78/><E78/><V39/><F39/><W117/><G117/><T43/><D43/><U115/><E115/><V60/><F60/><W15/><G66/><T75/><D75/><U119/><E119/><V98/><F98/><W83/><G83/><T26/><D122/><U41/><E63/><V90/><F90/><W91/><G37/><T102/><D102/><U69/><E69/><V9/><F5/><W133/><G133/><T112/><D112/><U74/><E74/><V118/><F118/><W65/><G65/><T40/><D40/><U53/><E41/><V29/><F55/><W95/><G80/><T68/><D68/><U54/><E54/><V6/><F23/><W93/><G93/><T35/><D127/><U61/><E61/><V2/><F9/><W105/><G36/><T49/><D35/><U58/><AGARI ba="0,0" hai="16,22,25,27,30,32,51,53,58,62,64,71,110,111" machi="58" ten="20,5200,0" yaku="5,1,0,1,7,1,54,1" doraHai="101" who="1" fromWho="1" sc="285,-13,349,52,131,-26,235,-13" /><INIT seed="7,0,0,2,4,98" ten="272,401,105,222" oya="3" hai0="105,45,111,27,52,88,14,20,135,38,117,0,71" hai1="103,84,10,124,101,7,41,26,128,107,9,94,37" hai2="77,35,130,16,21,86,91,4,29,47,6,70,48" hai3="53,100,80,129,122,118,95,62,78,58,125,63,43"/><W54/><G125/><T12/><D111/><U44/><E128/><V102/><F130/><W11/><G122/><T123/><D123/><U60/><E60/><V109/><F109/><W96/><G129/><T108/><D108/><U24/><E107/><V89/><F70/><W32/><G118/><T116/><D0/><U56/><E56/><V13/><F35/><W49/><G32/><T65/><D105/><U106/><E106/><V36/><F36/><W39/><G39/><T110/><D110/><U28/><E24/><V68/><F68/><W17/><G43/><T119/><D135/><U74/><E74/><V127/><F127/><W75/><REACH who="3" step="1"/><G54/><REACH who="3" ten="272,401,105,212" step="2"/><T121/><D121/><U83/><E41/><V25/><F102/><W115/><G115/><T72/><D38/><U126/><E37/><V1/><F1/><W34/><G34/><T79/><D52/><U5/><E101/><V82/><F4/><W93/><G93/><T31/><D117/><U66/><E103/><V55/><REACH who="2" step="1"/><F6/><REACH who="2" ten="272,401,95,212" step="2"/><W15/><AGARI ba="0,2" hai="11,15,17,49,53,58,62,63,75,78,80,95,96,100" machi="15" ten="30,6000,0" yaku="1,1,0,1,52,1,53,0" doraHai="98" doraHaiUra="18" who="3" fromWho="3" sc="272,-20,401,-20,95,-20,212,80" /><INIT seed="7,1,0,3,5,123" ten="252,381,75,292" oya="3" hai0="44,43,82,61,34,53,64,25,60,59,28,71,11" hai1="39,66,113,19,58,127,26,94,91,17,135,80,46" hai2="130,54,18,89,51,126,13,105,57,84,102,55,49" hai3="103,88,62,110,81,67,98,99,124,134,47,97,0"/><W128/><G0/><T6/><D82/><U90/><E113/><V108/><F130/><W77/><G124/><T75/><D75/><U95/><E127/><V12/><F126/><W20/><G134/><T31/><D34/><U72/><E72/><V1/><F1/><W36/><G128/><T30/><D25/><U37/><E80/><V41/><F41/><W69/><G110/><T68/><D68/><U87/><E135/><V121/><F121/><W15/><G36/><T5/><D5/><U109/><E109/><V7/><F7/><W65/><G47/><T83/><D83/><U40/><E37/><V106/><F102/><W93/><G67/><T4/><D4/><U38/><E38/><V73/><F73/><W114/><G114/><T14/><REACH who="0" step="1"/><D31/><REACH who="0" ten="242,381,75,292" step="2"/><U56/><E26/><V104/><F108/><W118/><G118/><T70/><D70/><U48/><E39/><AGARI ba="1,1" hai="6,11,14,28,30,39,43,44,53,59,60,61,64,71" machi="39" ten="30,2000,0" yaku="1,1,7,1,53,0" doraHai="123" doraHaiUra="111" who="0" fromWho="1" sc="242,33,381,-23,75,0,292,0" owari="275,-12.0,358,45.0,75,-42.0,292,9.0" /></mjloggm>