<mjloggm ver="2.3"><GO type="169" lobby="0"/><UN n0="%68%61%79%61%74%6F%E2%98%86" n1="%E3%81%8A%E3%81%98%E3%81%95%E3%82%93" n2="%41%6B%6B%69%79" n3="%E3%83%88%E3%83%88%E3%83%AA%E5%85%88%E7%94%9F%31%39%E6%AD%B3" dan="17,17,16,18" rate="2148.21,2145.60,2069.35,2265.54" sx="M,M,M,F"/><TAIKYOKU oya="0"/><INIT seed="0,0,0,4,2,18" ten="250,250,250,250" oya="0" hai0="129,26,68,82,20,55,60,30,48,7,53,2,16" hai1="114,13,43,54,42,29,108,131,89,107,85,23,100" hai2="32,65,28,41,126,118,61,17,83,58,112,33,24" hai3="46,123,67,1,119,132,45,66,9,72,4,21,22"/><T71/><D129/><U111/><E131/><V94/><F118/><W93/><G119/><T120/><D120/><U37/><E114/><V92/><F33/><W0/><G72/><T81/><D7/><U80/><E37/><V88/><F126/><W130/><G130/><T106/><D2/><U14/><E14/><V35/><F35/><W36/><G123/><T95/><D106/><U103/><E54/><V25/><F41/><N who="1" m="15369" /><E107/><V97/><F112/><W8/><G132/><T105/><D105/><U56/><E56/><V51/><F83/><W115/><G115/><T110/><D68/><U121/><E121/><V63/><F63/><W6/><REACH who="3" step="1"/><G93/><REACH who="3" ten="250,250,250,240" step="2"/><T19/><D95/><U109/><E109/><V101/><F92/><W57/><G57/><N who="0" m="34879" /><D71/><U122/><E122/><V98/><F98/><W87/><G87/><T77/><D110/><U134/><E134/><V5/><F101/><W70/><G70/><T96/><D96/><U49/><E111/><V104/><F104/><W44/><G44/><N who="0" m="27783" /><D82/><U40/><E108/><V135/><F135/><W76/><G76/><T27/><D81/><U50/><E103/><V86/><F97/><W113/><G113/><T52/><D77/><U84/><E100/><V74/><F74/><W117/><G117/><T125/><D125/><U99/><E99/><V78/><F78/><W64/><G64/><T69/><D69/><U11/><E85/><V124/><F124/><W79/><G79/><T75/><D75/><U91/><E80/><V73/><F73/><W59/><G59/><T102/><D102/><U15/><E84/><V127/><F86/><RYUUKYOKU ba="0,1" sc="250,-10,250,-10,250,-10,240,30" hai3="0,1,4,6,8,9,21,22,36,45,46,66,67" /><INIT seed="1,1,1,1,3,0" ten="240,240,240,270" oya="1" hai0="62,55,75,120,59,16,101,81,76,30,52,129,67" hai1="69,125,39,114,122,1,4,17,112,68,73,117,92" hai2="64,14,82,133,15,77,13,90,87,134,84,126,48" hai3="70,119,19,7,71,57,72,38,26,41,94,54,74"/><U40/><E117/><V113/><F126/><W124/><G124/><T47/><D120/><U80/><E122/><V56/><F113/><N who="1" m="43625" /><E92/><V24/><F24/><W36/><G119/><T95/><D30/><U18/><E18/><V109/><F109/><W104/><G104/><T108/><D108/><U116/><E17/><V61/><REACH who="2" step="1"/><F48/><REACH who="2" ten="240,240,230,270" step="2"/><W121/><G26/><T78/><D129/><U11/><E125/><V21/><F21/><W2/><G121/><T51/><D78/><N who="1" m="44111" /><E116/><V118/><F118/><W107/><G36/><T79/><D79/><U20/><E20/><V9/><F9/><W98/><G38/><T91/><D101/><U44/><AGARI ba="1,2" hai="1,4,11,39,40,44,68,69" m="44111,43625" machi="44" ten="30,6000,0" yaku="25,1,23,1,52,1" doraHai="0" who="1" fromWho="1" sc="240,-21,240,83,230,-21,270,-21" /><INIT seed="1,2,0,1,5,135" ten="219,323,209,249" oya="1" hai0="38,2,89,83,124,119,99,31,77,30,56,101,90" hai1="87,105,97,107,16,126,26,110,76,80,61,129,43" hai2="64,70,132,15,98,66,20,82,115,120,19,93,127" hai3="88,45,21,36,73,114,6,84,41,17,42,8,103"/><U104/><E129/><V24/><F120/><W35/><G114/><T49/><D38/><U130/><E130/><V131/><F132/><W121/><G121/><T81/><D2/><U25/><E110/><V109/><F109/><W28/><G73/><T67/><D119/><U39/><E126/><V68/><F115/><W95/><G42/><T102/><D67/><U63/><E97/><V134/><F134/><W91/><G103/><T55/><D124/><U11/><E26/><V111/><F111/><W78/><G78/><T86/><D89/><U92/><E92/><V7/><F131/><W40/><G40/><T12/><D12/><U118/><E118/><V33/><F70/><W117/><G117/><T71/><D71/><U79/><E79/><V106/><F106/><W122/><G122/><T14/><D14/><U13/><REACH who="1" step="1"/><E25/><REACH who="1" ten="219,313,209,249" step="2"/><V108/><F108/><W37/><G95/><T133/><D133/><U128/><E128/><V18/><F127/><W48/><G91/><T5/><D101/><U113/><E113/><V29/><F33/><W85/><G88/><T57/><D99/><U100/><E100/><V65/><F68/><W47/><G35/><T32/><D102/><U94/><E94/><V1/><F82/><W62/><G28/><T34/><D32/><U23/><E23/><V116/><F116/><W9/><G21/><T69/><D34/><U50/><E50/><V54/><F93/><W3/><G37/><T0/><D31/><U52/><E52/><V59/><F98/><W60/><G36/><T44/><D30/><U46/><AGARI ba="2,1" hai="11,13,16,39,43,46,61,63,76,80,87,104,105,107" machi="46" ten="40,7800,0" yaku="1,1,0,1,54,1,53,0" doraHai="135" doraHaiUra="53" who="1" fromWho="1" sc="219,-28,313,94,209,-28,249,-28" /><INIT seed="1,3,0,1,2,93" ten="191,407,181,221" oya="1" hai0="126,103,45,36,40,28,13,133,33,35,132,0,123" hai1="92,67,32,3,6,128,74,125,135,108,77,58,29" hai2="49,88,113,84,5,17,1,79,73,21,116,8,102" hai3="83,56,11,114,12,18,105,46,48,31,127,23,110"/><U72/><E58/><V98/><F116/><W111/><G114/><T106/><D0/><U60/><E92/><V80/><F113/><W10/><G127/><T68/><D123/><U76/><E76/><V66/><F66/><W27/><G105/><T96/><D126/><U89/><E89/><V97/><F102/><W42/><G83/><T109/><D109/><N who="3" m="41481" /><G56/><T65/><D13/><U130/><E125/><V90/><F49/><W100/><G100/><T134/><D28/><U129/><E108/><V26/><F90/><W118/><G118/><T78/><D78/><U85/><E77/><V99/><F97/><W124/><G124/><T112/><D112/><U122/><E85/><V53/><F53/><W120/><G120/><T54/><D54/><U59/><E122/><V55/><F55/><W101/><G101/><T64/><D64/><U87/><E87/><V69/><F69/><W121/><G121/><T117/><D117/><U95/><E95/><AGARI ba="3,0" hai="1,5,8,17,21,26,73,79,80,84,88,95,98,99" machi="95" ten="30,7700,0" yaku="7,1,52,2,54,1" doraHai="93" who="2" fromWho="1" sc="191,0,407,-86,181,86,221,0" /><INIT seed="2,0,0,2,2,29" ten="191,321,267,221" oya="2" hai0="71,105,77,79,88,74,56,114,83,117,30,98,57" hai1="135,133,69,52,119,92,41,128,95,25,62,12,48" hai2="5,110,34,27,54,21,19,127,31,90,28,20,4" hai3="124,66,85,0,45,9,37,70,44,40,93,26,100"/><V116/><F116/><W118/><G118/><T18/><D117/><U72/><E119/><RYUUKYOKU type="kaze4" ba="0,0" sc="191,0,321,0,267,0,221,0" /><INIT seed="2,1,0,1,4,48" ten="191,321,267,221" oya="2" hai0="83,114,124,130,71,8,5,91,27,33,90,29,116" hai1="79,56,24,0,115,103,134,62,37,20,45,107,26" hai2="112,73,109,85,9,118,111,23,128,131,59,120,58" hai3="126,74,121,53,93,102,119,39,6,28,72,98,78"/><V50/><F73/><W1/><G119/><T32/><D114/><U17/><E115/><V86/><F112/><W69/><G121/><T46/><D71/><U110/><E110/><N who="2" m="41995" /><F118/><W77/><G69/><T106/><D106/><U100/><E107/><V12/><F23/><W95/><G39/><T81/><D116/><U97/><E0/><V94/><F120/><W104/><G28/><T44/><D27/><U31/><E79/><N who="3" m="30218" /><G53/><T14/><D29/><U13/><E134/><V133/><F133/><W87/><G6/><T3/><D3/><U117/><E117/><V43/><F43/><W40/><G1/><T127/><D14/><U60/><E13/><V122/><F122/><W61/><G61/><T7/><D8/><U70/><E60/><V76/><F76/><W67/><G67/><T64/><D64/><U16/><E62/><V19/><F94/><N who="3" m="35851" /><G40/><T36/><D36/><U96/><E37/><V4/><F4/><W135/><G135/><T47/><D46/><U51/><E45/><V82/><F82/><W15/><G15/><T66/><D66/><U99/><E70/><V18/><F18/><W10/><G10/><T54/><D5/><U41/><E17/><V11/><F11/><W88/><G126/><T92/><D7/><U49/><E41/><V123/><F123/><W57/><G57/><N who="2" m="21513" /><F50/><N who="1" m="18953" /><E56/><V35/><F35/><W55/><G55/><T21/><D54/><U132/><E132/><V80/><F80/><AGARI ba="1,0" hai="72,74,80,87,88,98,102,104" m="35851,30218" machi="80" ten="30,12000,2" yaku="35,5,54,1" doraHai="48" who="3" fromWho="2" sc="191,0,321,0,267,-123,221,123" /><INIT seed="3,0,0,5,1,10" ten="191,321,144,344" oya="3" hai0="72,26,0,65,119,91,37,4,48,124,85,9,19" hai1="13,80,113,132,20,77,103,55,31,40,120,64,92" hai2="97,3,15,32,114,78,102,5,81,69,23,74,41" hai3="134,17,99,133,129,18,106,73,8,98,6,66,123"/><W24/><G123/><T88/><D37/><U75/><E120/><V59/><F69/><W67/><G73/><T82/><D119/><U117/><E113/><V90/><F32/><W47/><G129/><T14/><D124/><U116/><E132/><N who="3" m="50794" /><G47/><T83/><D65/><N who="3" m="24585" /><G24/><T71/><D71/><U100/><E64/><V36/><F59/><W39/><G39/><T21/><D48/><U38/><E55/><V121/><F121/><W104/><G6/><T45/><D45/><N who="1" m="23703" /><E92/><V107/><F114/><W35/><G35/><T61/><D61/><U11/><E31/><V89/><F23/><W115/><G8/><T79/><REACH who="0" step="1"/><D91/><REACH who="0" ten="181,321,144,344" step="2"/><U127/><E127/><V96/><F89/><W33/><G115/><T2/><AGARI ba="0,1" hai="0,2,4,9,14,19,21,26,72,79,82,83,85,88" machi="2" ten="30,8000,1" yaku="1,1,2,1,0,1,52,1,54,1,53,0" doraHai="10" doraHaiUra="60" who="0" fromWho="0" sc="181,90,321,-20,144,-20,344,-40" /><INIT seed="4,0,0,0,2,105" ten="271,301,124,304" oya="0" hai0="84,69,24,79,50,13,14,36,72,49,109,107,90" hai1="81,27,32,135,88,110,43,6,22,71,38,8,85" hai2="55,52,29,45,73,98,48,28,59,62,54,19,42" hai3="122,21,41,134,119,78,132,128,133,91,68,61,116"/><T76/><D36/><U7/><E71/><V66/><F73/><W89/><G122/><T12/><D107/><U97/><E32/><V100/><REACH who="2" step="1"/><F19/><REACH who="2" ten="271,301,114,304" step="2"/><W34/><G132/><T65/><D72/><U125/><E135/><V80/><F80/><W20/><G133/><T117/><D109/><U112/><E110/><V86/><F86/><W30/><G134/><T127/><D117/><U131/><E85/><V96/><F96/><W121/><G116/><T35/><D84/><U113/><E97/><V108/><F108/><W33/><G119/><T115/><D115/><U4/><E81/><V103/><F103/><W31/><G121/><T120/><D120/><U70/><E112/><V44/><F44/><W39/><G31/><T95/><D127/><U126/><E113/><V64/><F64/><W58/><G30/><T57/><D65/><U2/><E125/><V37/><F37/><W53/><G39/><T111/><D111/><U25/><E126/><V74/><F74/><W123/><G123/><T11/><D76/><U67/><E67/><V93/><AGARI ba="0,1" hai="28,29,42,45,48,52,54,55,59,62,66,93,98,100" machi="93" ten="30,7900,0" yaku="1,1,0,1,8,1,54,1,53,0" doraHai="105" doraHaiUra="87" who="2" fromWho="2" sc="271,-39,301,-20,114,89,304,-20" /><INIT seed="5,0,0,1,1,21" ten="232,281,203,284" oya="1" hai0="20,89,133,132,32,109,55,98,60,16,76,34,49" hai1="116,66,44,42,94,29,80,119,82,50,92,36,75" hai2="107,15,99,120,1,13,33,91,96,123,35,68,48" hai3="28,105,111,58,88,47,30,8,112,78,45,126,73"/><U77/><E66/><V7/><F68/><W24/><G111/><T121/><D76/><U2/><E82/><V124/><F48/><W100/><G112/><T101/><D109/><U71/><E71/><V65/><F65/><W61/><G126/><T83/><D60/><U18/><E29/><V31/><F107/><W41/><G30/><T87/><D121/><U114/><E114/><V72/><F72/><W134/><G134/><N who="0" m="51819" /><D49/><U125/><E125/><V19/><F91/><W53/><G8/><T103/><D55/><U38/><E38/><V26/><F99/><W129/><G129/><T57/><D57/><U54/><E2/><V11/><F96/><W23/><G100/><N who="0" m="38475" /><D98/><U27/><E119/><V131/><F131/><W52/><G105/><T3/><D3/><U10/><E116/><V51/><F51/><W95/><G78/><T128/><D128/><U74/><E74/><V17/><F124/><W113/><G73/><T22/><D22/><N who="1" m="13783" /><E10/><N who="2" m="2415" /><F35/><W37/><G113/><T62/><D62/><U79/><E79/><V6/><F15/><AGARI ba="0,0" hai="15,16,20,32,34,83,87,89" m="38475,51819" machi="15" ten="30,2000,0" yaku="20,1,54,1" doraHai="21" who="0" fromWho="2" sc="232,20,281,0,203,-20,284,0" /><INIT seed="6,0,0,5,5,90" ten="252,281,183,284" oya="2" hai0="29,9,92,88,97,108,91,36,1,112,47,96,18" hai1="93,38,87,74,63,101,69,26,66,110,0,46,11" hai2="126,13,53,55,41,127,132,125,52,23,54,4,56" hai3="37,80,15,2,35,57,105,30,123,135,70,131,103"/><V10/><F132/><W31/><G70/><T75/><D108/><U33/><E110/><V113/><F113/><W5/><G37/><T62/><D75/><U117/><E117/><V27/><F41/><W128/><G2/><T99/><D29/><U104/><E74/><V49/><REACH who="2" step="1"/><F55/><REACH who="2" ten="252,281,173,284" step="2"/><W19/><G135/><T76/><D112/><U59/><E38/><V28/><AGARI ba="0,1" hai="4,10,13,23,27,28,49,52,53,54,56,125,126,127" machi="28" ten="30,12000,1" yaku="1,1,2,1,0,1,18,1,54,1,53,0" doraHai="90" doraHaiUra="84" who="2" fromWho="2" sc="252,-40,281,-40,173,130,284,-40" /><INIT seed="6,1,0,0,2,96" ten="212,241,303,244" oya="2" hai0="1,93,81,95,66,64,45,51,54,39,75,16,112" hai1="34,53,99,69,13,79,14,58,91,9,28,119,35" hai2="61,60,111,133,127,110,33,97,4,15,130,123,7" hai3="36,24,102,126,77,71,89,72,6,83,47,94,44"/><V65/><F123/><W26/><G71/><T135/><D1/><U73/><E69/><V0/><F33/><W134/><G134/><T116/><D116/><U57/><E119/><V38/><F38/><W12/><G126/><T41/><D135/><U50/><E28/><V31/><F31/><W132/><G132/><T10/><D112/><U40/><E40/><V42/><F42/><W106/><G36/><T128/><D128/><U117/><E117/><V49/><F49/><W5/><G44/><T27/><D66/><U84/><E73/><V82/><F133/><W103/><G47/><T59/><D64/><U20/><E79/><V86/><F0/><W78/><G78/><T11/><D81/><U118/><E99/><V17/><F127/><W68/><G68/><T52/><D54/><U32/><E58/><N who="2" m="37015" /><F61/><W87/><G106/><T8/><REACH who="0" step="1"/><D75/><REACH who="0" ten="202,241,303,244" step="2"/><U100/><E118/><V21/><F130/><W101/><REACH who="3" step="1"/><G12/><REACH who="3" ten="202,241,303,234" step="2"/><T62/><D62/><U48/><E14/><V115/><F115/><W113/><G113/><T114/><D114/><U55/><E13/><V67/><F111/><W70/><G70/><T125/><D125/><U108/><E108/><V46/><F110/><W121/><G121/><T131/><D131/><U107/><E107/><V105/><F105/><W98/><G98/><T23/><AGARI ba="1,2" hai="8,10,11,16,23,27,39,41,45,51,52,59,93,95" machi="23" ten="30,7900,0" yaku="1,1,0,1,54,2,53,0" doraHai="96" doraHaiUra="80" who="0" fromWho="0" sc="202,102,241,-21,303,-40,234,-21" /><INIT seed="7,0,0,4,1,36" ten="304,220,263,213" oya="3" hai0="37,102,18,20,130,86,104,9,79,88,68,82,105" hai1="3,106,49,93,29,123,89,0,47,44,84,60,118" hai2="45,92,85,66,132,11,64,69,21,19,62,70,80" hai3="99,35,57,81,5,54,121,100,74,58,83,40,134"/><W131/><G121/><T111/><D68/><U63/><E106/><V67/><F132/><W94/><G35/><T38/><D111/><U97/><E123/><V1/><F92/><W16/><G134/><T56/><D130/><U46/><E118/><V73/><F73/><W48/><G131/><T41/><D38/><U71/><E71/><V61/><F66/><W23/><G5/><T75/><D9/><U13/><E0/><V78/><F11/><W72/><G72/><T51/><D37/><U119/><E3/><V30/><F30/><W43/><G58/><T59/><D104/><U108/><E108/><V6/><F45/><N who="1" m="17513" /><E29/><V135/><F135/><W50/><G50/><T129/><D129/><U17/><E84/><V76/><F1/><W27/><G74/><T96/><D51/><U112/><E112/><V126/><F126/><W32/><G32/><T127/><D127/><U87/><E87/><V124/><F124/><W24/><G24/><T53/><D59/><U33/><E33/><V91/><F6/><W10/><G10/><T4/><D4/><U65/><E65/><V122/><F122/><W98/><G98/><T115/><D115/><U90/><E119/><V15/><AGARI ba="0,0" hai="15,19,21,61,62,64,67,69,70,76,78,80,85,91" machi="15" ten="20,2700,0" yaku="0,1,7,1,9,1" doraHai="36" who="2" fromWho="2" sc="304,-7,220,-7,263,27,213,-13" /><INIT seed="8,0,0,5,4,108" ten="297,213,290,200" oya="0" hai0="31,33,90,36,17,8,61,117,4,126,26,11,85" hai1="39,58,6,119,10,88,40,30,99,114,93,53,134" hai2="104,21,54,35,49,47,80,32,46,106,92,5,109" hai3="2,81,44,89,23,100,128,102,56,132,50,7,37"/><T82/><D36/><U70/><E119/><V19/><F109/><W103/><G37/><T78/><D117/><U87/><E134/><V72/><F5/><W76/><G132/><T20/><D126/><U123/><E123/><V131/><F131/><W124/><G128/><T98/><D61/><U107/><E70/><V28/><F28/><W105/><G124/><T12/><D11/><U111/><E111/><V1/><F1/><W77/><G105/><T66/><D66/><U133/><E133/><V52/><F92/><W79/><G2/><N who="0" m="23" /><D98/><U15/><E30/><V69/><F69/><W112/><G112/><T14/><D14/><U9/><E9/><V22/><F80/><W113/><G113/><T42/><D42/><U122/><E122/><V25/><F72/><W91/><G7/><T34/><D34/><U16/><E114/><V67/><F67/><W74/><G74/><T38/><D38/><U86/><E40/><V95/><F95/><W57/><G23/><T118/><D118/><U59/><E39/><V96/><F96/><W43/><REACH who="3" step="1"/><G81/><REACH who="3" ten="297,213,290,190" step="2"/><T115/><D115/><U71/><E107/><V110/><F110/><W60/><G60/><T135/><D135/><U18/><E71/><V48/><F22/><W27/><G27/><T55/><D20/><U130/><E130/><V94/><F94/><W129/><G129/><T24/><D24/><U127/><E127/><V101/><F106/><W64/><G64/><T65/><D65/><U41/><E41/><V125/><F125/><W73/><G73/><T3/><D3/><U62/><E59/><AGARI ba="0,1" hai="43,44,50,56,57,59,76,77,79,89,91,100,102,103" machi="59" ten="40,2600,0" yaku="1,1,8,1,53,0" doraHai="108" doraHaiUra="63" who="3" fromWho="1" sc="297,0,213,-26,290,0,190,36" /><INIT seed="9,0,0,4,5,110" ten="297,187,290,226" oya="1" hai0="60,83,64,99,34,66,88,115,43,124,3,68,87" hai1="123,21,33,20,97,8,129,85,37,55,15,77,30" hai2="27,10,134,103,96,0,40,58,44,131,75,71,16" hai3="119,89,51,53,14,22,19,38,81,59,94,74,4"/><U46/><E123/><V63/><F75/><W24/><G38/><T47/><D115/><U45/><E129/><V114/><F71/><W105/><G105/><T62/><D3/><U69/><E69/><V108/><F131/><W17/><G119/><T39/><D34/><U76/><E33/><V133/><F108/><W5/><G81/><T130/><D124/><U109/><E109/><V120/><F114/><W36/><G36/><T29/><D29/><U107/><E107/><V93/><F120/><W90/><G74/><T104/><D130/><U57/><E97/><V117/><F117/><W52/><G53/><T100/><D68/><U13/><E37/><V80/><F80/><W102/><G102/><T132/><D132/><N who="2" m="50794" /><F27/><W125/><G90/><T56/><D62/><N who="1" m="36159" /><E15/><N who="2" m="7287" /><F0/><W50/><G50/><T101/><D100/><U116/><E116/><V35/><F35/><W67/><G67/><AGARI ba="0,0" hai="39,43,47,56,60,64,66,67,83,87,88,99,101,104" machi="67" ten="30,2000,0" yaku="7,1,54,1" doraHai="110" who="0" fromWho="3" sc="297,20,187,0,290,0,226,-20" owari="317,41.0,187,-31.0,290,9.0,206,-19.0" /></mjloggm>