<mjloggm ver="2.3"><GO type="169" lobby="0"/><UN n0="%E3%83%8F%E3%83%8D%E3%83%A0%E3%83%BC%E3%83%B3%E2%98%85%E6%B2%B3%E7%AB%A5" n1="%E8%82%89%E2%98%86%E6%A3%92%E5%A4%AA%E9%83%8E" n2="%4B%E3%80%82" n3="%E3%82%A6%E3%83%AB%E3%83%88%E3%83%A9%E7%AB%8B%E7%9B%B4" dan="16,16,18,17" rate="2096.55,2184.93,2215.02,2117.65" sx="M,M,M,M"/><TAIKYOKU oya="0"/><INIT seed="0,0,0,3,2,56" ten="250,250,250,250" oya="0" hai0="87,115,96,57,109,116,119,91,131,98,102,76,63" hai1="31,107,100,46,94,62,125,41,14,71,66,103,80" hai2="72,29,39,81,9,51,0,108,135,17,79,38,104" hai3="23,122,10,127,25,42,106,30,36,83,15,47,5"/><T64/><D115/><U84/><E125/><V27/><F108/><W110/><G106/><T89/><D109/><U129/><E129/><V67/><F135/><W6/><G110/><T105/><D131/><U77/><E107/><V19/><F104/><W97/><G127/><T48/><D48/><U126/><E126/><V90/><F51/><W22/><G122/><T54/><D64/><U132/><E132/><V134/><F90/><W50/><G36/><T16/><D76/><U40/><E31/><V61/><F19/><W49/><G97/><T82/><D98/><U1/><E1/><V65/><F65/><W95/><G95/><T3/><D3/><U44/><E94/><V114/><F17/><W101/><G101/><T45/><D91/><U121/><E121/><V33/><F114/><W70/><G70/><T58/><D45/><U4/><E41/><V86/><F86/><W117/><G117/><T2/><D2/><U34/><E46/><V60/><F60/><W53/><G83/><T18/><REACH who="0" step="1"/><D57/><REACH who="0" ten="240,250,250,250" step="2"/><U133/><E133/><V93/><F134/><W11/><G50/><T111/><D111/><U78/><E78/><V20/><F39/><W75/><G42/><T8/><D8/><U69/><E71/><N who="2" m="42479" /><F38/><W120/><G120/><T21/><D21/><U128/><E128/><V32/><F0/><N who="3" m="295" /><G23/><T52/><D52/><U88/><E77/><V130/><F130/><W99/><G99/><T113/><D113/><U92/><E40/><V43/><F43/><W7/><G75/><T13/><D13/><U24/><E14/><V28/><F72/><W55/><G55/><RYUUKYOKU ba="0,1" sc="240,15,250,-15,250,-15,250,15" hai0="16,18,54,58,63,82,87,89,96,102,105,116,119" hai3="6,7,11,15,22,25,30,47,49,53" /><INIT seed="0,1,1,1,5,80" ten="255,235,235,265" oya="0" hai0="135,67,24,75,21,35,27,93,124,31,38,15,71" hai1="6,126,29,10,130,66,81,4,82,8,30,63,77" hai2="83,119,73,68,28,78,120,33,52,89,64,19,39" hai3="132,102,37,22,2,122,110,0,97,36,46,59,23"/><T106/><D38/><U41/><E41/><V62/><F120/><W133/><G59/><T101/><D75/><U32/><E130/><V121/><F121/><W60/><G60/><T13/><D124/><U113/><E126/><V103/><F119/><W125/><G122/><T25/><D135/><N who="3" m="51785" /><G125/><T114/><D114/><U42/><E42/><V98/><F39/><N who="3" m="14923" /><G46/><T90/><D25/><U70/><E113/><V12/><F89/><W49/><G49/><T14/><D106/><U92/><E92/><V109/><F109/><W61/><G61/><T34/><D101/><U55/><E82/><V18/><F52/><W43/><G43/><T1/><D1/><N who="3" m="617" /><G110/><T118/><D118/><U117/><E117/><V99/><F99/><W96/><G102/><T134/><D134/><U112/><E55/><V116/><F116/><W72/><G72/><T54/><D54/><U115/><E112/><V88/><F88/><W40/><G40/><T45/><D45/><U9/><E115/><V50/><F50/><W65/><G65/><T104/><D67/><U69/><E66/><V86/><F73/><W53/><G53/><T105/><D90/><U123/><E63/><V79/><F78/><W44/><G44/><T127/><D127/><U48/><E48/><V87/><F64/><W47/><G47/><T74/><D74/><U85/><E123/><V51/><F51/><W17/><G17/><T95/><D104/><U16/><E16/><V128/><F18/><W3/><N who="3" m="625" /><W76/><DORA hai="129" /><G76/><T7/><D105/><U84/><E77/><V131/><F79/><W58/><G58/><RYUUKYOKU ba="1,1" sc="255,-10,235,-10,235,-10,265,30" hai3="22,23,96,97" /><INIT seed="1,2,1,3,0,17" ten="245,225,225,295" oya="1" hai0="86,95,116,121,46,47,59,1,68,110,115,50,77" hai1="2,81,100,42,126,60,87,40,44,25,24,61,76" hai2="120,90,124,97,19,0,48,89,102,28,92,118,105" hai3="57,29,131,80,9,14,26,10,3,27,51,37,132"/><U22/><E2/><V129/><F118/><W127/><G37/><T70/><D1/><U18/><E126/><V106/><F120/><W88/><G127/><T64/><D116/><U55/><E100/><V134/><F124/><W66/><G131/><T63/><D115/><U45/><E25/><V62/><F0/><W13/><G132/><T75/><D75/><U15/><E24/><V11/><F129/><W112/><G3/><T31/><D31/><U20/><E55/><V32/><F134/><W71/><G71/><T72/><D72/><U56/><E56/><V5/><F5/><N who="3" m="3247" /><G112/><T7/><D7/><U34/><E34/><V84/><F28/><W117/><G117/><T21/><D47/><N who="1" m="17995" /><E22/><V96/><F32/><W119/><G119/><T73/><D73/><U103/><E103/><V35/><F35/><W133/><G133/><T43/><D121/><U123/><E123/><V101/><F48/><W111/><G51/><T91/><D21/><U104/><E104/><V12/><F62/><AGARI ba="2,1" hai="15,18,20,40,42,60,61,62,76,81,87" m="17995" machi="62" ten="30,2900,0" yaku="8,1,52,1" doraHai="17" who="1" fromWho="2" sc="245,0,225,45,225,-35,295,0" /><INIT seed="1,3,0,2,1,57" ten="245,270,190,295" oya="1" hai0="69,18,110,60,46,5,86,85,77,31,11,123,54" hai1="87,1,99,2,94,63,35,101,95,119,91,55,34" hai2="15,133,44,23,106,40,116,52,134,41,20,47,76" hai3="88,92,12,59,103,67,14,3,68,130,48,38,129"/><U75/><E75/><V135/><F116/><W73/><G38/><T83/><D110/><U104/><E119/><V127/><F106/><W122/><G122/><T97/><D123/><U32/><REACH who="1" step="1"/><E95/><REACH who="1" ten="245,260,190,295" step="2"/><V16/><F127/><W8/><G73/><T43/><D31/><U10/><E10/><V39/><F76/><W131/><G8/><T62/><D11/><U0/><E0/><V81/><F81/><W98/><G3/><T19/><D77/><U100/><E100/><V36/><F23/><W29/><G29/><T71/><D83/><U33/><N who="1" m="8192" /><DORA hai="26" /><U80/><E80/><V53/><AGARI ba="3,1" hai="15,16,20,36,39,40,41,44,47,52,53,133,134,135" machi="53" ten="40,8000,1" yaku="0,1,9,1,20,1,54,2" doraHai="57,26" who="2" fromWho="2" sc="245,-23,260,-43,190,99,295,-23" /><INIT seed="2,0,0,5,0,127" ten="222,217,289,272" oya="2" hai0="111,51,75,71,34,57,59,62,67,37,77,133,33" hai1="24,112,102,120,125,46,118,83,91,49,30,99,15" hai2="106,27,80,10,2,55,82,25,126,97,32,11,88" hai3="101,110,64,56,109,9,85,5,42,116,41,1,81"/><V26/><F126/><W13/><G101/><T44/><D111/><N who="3" m="42505" /><G116/><T108/><D108/><U90/><E125/><V29/><F106/><W40/><G56/><T78/><D133/><U23/><E118/><V76/><F55/><W50/><G64/><T36/><D59/><U52/><E112/><V38/><F38/><W128/><G1/><T28/><D37/><U20/><E120/><V35/><F2/><W122/><G122/><T0/><D0/><U124/><E124/><V74/><F27/><W16/><G5/><T89/><D89/><U70/><E70/><V8/><F80/><W123/><G123/><T115/><D115/><U31/><E83/><V17/><F17/><W72/><G72/><T98/><D98/><U69/><E69/><V100/><F100/><W84/><G84/><T47/><D47/><U48/><E48/><V104/><F104/><W54/><G54/><N who="0" m="31967" /><D28/><U61/><E61/><V129/><F26/><W7/><G7/><T119/><D119/><U121/><E121/><V58/><F58/><W79/><G50/><T53/><D53/><U66/><E66/><V113/><F113/><W60/><G60/><T105/><D105/><N who="1" m="63711" /><E31/><V130/><REACH who="2" step="1"/><F35/><REACH who="2" ten="222,217,279,272" step="2"/><N who="0" m="13322" /><D75/><U93/><E93/><AGARI ba="0,1" hai="8,10,11,25,29,32,74,76,82,88,93,97,129,130" machi="93" ten="40,12000,1" yaku="1,1,52,2,54,1,53,0" doraHai="127" doraHaiUra="39" who="2" fromWho="1" sc="222,0,217,-120,279,130,272,0" /><INIT seed="2,1,0,4,4,27" ten="222,97,409,272" oya="2" hai0="130,18,71,81,92,49,104,109,7,114,89,85,76" hai1="17,77,38,125,50,9,64,73,23,61,66,11,54" hai2="119,12,96,5,132,126,115,107,112,100,134,33,36" hai3="98,135,116,80,117,79,69,19,3,65,128,123,41"/><V24/><F119/><W48/><G3/><T122/><D71/><U25/><E38/><V52/><F36/><W124/><G123/><T74/><D122/><U62/><E125/><V37/><F37/><W15/><G124/><T93/><D114/><U21/><E73/><V60/><F126/><W51/><G128/><T35/><D130/><U14/><E77/><V90/><F90/><W29/><G135/><N who="2" m="51753" /><F12/><W121/><G121/><T87/><D104/><U59/><E62/><V95/><F95/><W84/><G98/><T0/><D109/><U22/><E66/><V108/><F5/><W72/><G65/><T57/><D35/><U45/><REACH who="1" step="1"/><E11/><REACH who="1" ten="222,87,409,272" step="2"/><V53/><F60/><W46/><G72/><T133/><D74/><U88/><E88/><V34/><F112/><W101/><G51/><T26/><D89/><U10/><E10/><V6/><F115/><W16/><G116/><T129/><D76/><U40/><E40/><V105/><F53/><W68/><G117/><T4/><D133/><U56/><E56/><V111/><F52/><W106/><G69/><T120/><D120/><U83/><E83/><V2/><F108/><W32/><G68/><T78/><D81/><U47/><E47/><V103/><F111/><W82/><G82/><T39/><D39/><U127/><E127/><V30/><F103/><W91/><G79/><T110/><D78/><U13/><E13/><V94/><F100/><W8/><G15/><T70/><D110/><U1/><E1/><V55/><F55/><W43/><G101/><T75/><D0/><U67/><E67/><V131/><F2/><RYUUKYOKU ba="1,1" sc="222,-10,87,30,409,-10,272,-10" hai1="9,14,17,21,22,23,25,45,50,54,59,61,64" /><INIT seed="3,2,1,1,4,65" ten="212,117,399,262" oya="3" hai0="27,51,113,85,22,116,63,56,5,95,39,134,126" hai1="71,88,61,36,98,40,73,125,90,72,68,8,80" hai2="127,76,117,30,115,128,122,42,131,100,23,124,0" hai3="55,129,15,70,50,52,59,69,120,97,64,32,57"/><W58/><G32/><T13/><D39/><U29/><E61/><V109/><F115/><W101/><G120/><T45/><D126/><U26/><E125/><V19/><F117/><W20/><G129/><N who="2" m="49737" /><F122/><W114/><G114/><T106/><D106/><U67/><E8/><V82/><F109/><W14/><G64/><T62/><D113/><U110/><E67/><V3/><F30/><W119/><G119/><T54/><D116/><U48/><E36/><V2/><F100/><W78/><G78/><T35/><D35/><U7/><E7/><V135/><F42/><W25/><G14/><T112/><D112/><U79/><E73/><N who="2" m="43279" /><F135/><W46/><G15/><AGARI ba="2,1" hai="0,2,3,15,19,23,124,127" m="43279,49737" machi="15" ten="40,1300,0" yaku="19,1" doraHai="65" who="2" fromWho="3" sc="212,0,117,0,399,29,262,-19" /><INIT seed="4,0,0,1,5,91" ten="212,117,428,243" oya="0" hai0="27,92,99,58,108,98,34,84,105,3,102,71,111" hai1="87,126,82,5,130,6,74,86,80,124,2,119,57" hai2="103,117,100,20,51,101,9,81,123,1,85,37,112" hai3="26,114,25,24,79,50,19,15,53,95,17,132,116"/><T69/><D3/><U41/><E41/><V110/><F37/><W96/><G116/><T120/><D120/><U44/><E57/><V39/><F39/><W61/><G114/><T29/><D84/><N who="1" m="32299" /><E44/><V28/><F110/><N who="0" m="42026" /><D58/><U18/><E119/><V66/><F123/><W131/><G131/><T36/><D36/><U4/><E18/><V135/><F135/><W62/><G132/><T56/><D56/><U93/><E74/><V32/><F32/><W89/><G79/><T113/><D113/><U65/><E65/><V73/><F73/><W23/><G19/><T11/><D11/><U72/><E72/><V106/><F112/><W13/><G15/><T118/><D118/><U40/><E40/><V46/><F1/><W70/><G70/><T49/><D49/><U64/><E64/><V76/><F66/><W94/><G95/><T59/><D59/><AGARI ba="0,0" hai="13,17,23,24,25,26,50,53,59,61,62,89,94,96" machi="59" ten="40,2600,0" yaku="8,1,52,1" doraHai="91" who="3" fromWho="0" sc="212,-26,117,0,428,0,243,26" /><INIT seed="5,0,0,4,5,1" ten="186,117,428,269" oya="1" hai0="116,8,110,96,133,45,28,32,35,29,109,83,21" hai1="71,75,123,86,30,3,56,112,67,87,114,14,80" hai2="57,95,135,11,126,78,5,124,36,102,42,4,34" hai3="50,40,68,84,53,81,39,91,120,24,72,7,118"/><U41/><E71/><V20/><F34/><W55/><G120/><T97/><D21/><U54/><E3/><V107/><F135/><W43/><G118/><T16/><D83/><U79/><E123/><V6/><F95/><W0/><G68/><T105/><D45/><U31/><E67/><V115/><F115/><N who="1" m="44073" /><E41/><V26/><F78/><W125/><G125/><N who="2" m="48233" /><F57/><W88/><G72/><T19/><D8/><U27/><E14/><N who="2" m="5479" /><F102/><W23/><G0/><T62/><D62/><N who="1" m="36119" /><E31/><N who="2" m="17863" /><F107/><W99/><G40/><T89/><D133/><U48/><E48/><V64/><F64/><W111/><G43/><T22/><D105/><U58/><E58/><V25/><F25/><W93/><G50/><T122/><D122/><U132/><E132/><V63/><F63/><W49/><G49/><T119/><D22/><AGARI ba="0,0" hai="22,27,30,75,79,80,86,87" m="36119,44073" machi="22" ten="30,1500,0" yaku="15,1" doraHai="1" who="1" fromWho="0" sc="186,-15,117,15,428,0,269,0" /><INIT seed="5,1,0,3,4,118" ten="171,132,428,269" oya="1" hai0="60,42,5,135,10,126,71,75,133,48,63,70,47" hai1="82,104,99,53,14,109,83,7,97,117,37,113,23" hai2="107,115,44,132,91,38,46,15,74,40,121,61,22" hai3="103,85,25,111,81,134,96,3,45,73,6,9,52"/><U66/><E37/><V122/><F107/><W35/><G134/><N who="0" m="51211" /><D75/><U56/><E104/><V128/><F132/><W51/><G73/><T77/><D77/><U94/><E117/><V119/><F119/><W112/><G112/><T78/><D78/><U39/><E39/><V55/><F115/><W31/><G111/><T62/><D126/><U86/><E113/><V4/><F74/><W0/><G0/><AGARI ba="1,0" hai="0,5,10,42,47,48,60,62,63,70,71" m="51211" machi="0" ten="30,1000,0" yaku="20,1" doraHai="118" who="0" fromWho="3" sc="171,13,132,0,428,0,269,-13" /><INIT seed="6,0,0,4,0,131" ten="184,132,428,256" oya="2" hai0="107,27,16,117,97,74,126,81,51,37,26,25,47" hai1="3,10,109,78,93,41,32,45,95,1,6,85,62" hai2="5,34,73,98,44,99,90,125,30,124,52,9,31" hai3="86,69,71,22,19,129,29,61,42,101,135,48,122"/><V116/><F73/><W84/><G29/><T35/><D126/><U89/><E109/><V91/><F116/><W0/><G0/><T18/><D37/><U55/><E32/><V20/><F20/><W128/><G101/><T82/><D35/><U33/><E33/><V123/><F123/><W120/><G48/><T59/><D117/><U72/><E95/><V118/><F118/><W100/><G42/><T57/><D107/><U12/><E55/><V83/><F34/><W121/><G100/><T114/><D97/><U119/><E119/><V103/><F83/><N who="0" m="31754" /><D74/><U111/><E111/><V104/><F9/><W46/><G46/><T68/><D68/><U64/><E78/><V50/><F5/><W21/><G121/><T105/><D105/><U15/><E72/><V102/><F31/><W88/><G19/><N who="0" m="7211" /><D114/><U76/><E76/><V92/><REACH who="2" step="1"/><F30/><REACH who="2" ten="184,132,418,256" step="2"/><W112/><G122/><T79/><D79/><U66/><E10/><V53/><F53/><AGARI ba="0,1" hai="25,26,27,47,51,53,57,59" m="7211,31754" machi="53" ten="30,2000,0" yaku="8,1,54,1" doraHai="131" who="0" fromWho="2" sc="184,30,132,0,418,-20,256,0" /><INIT seed="7,0,0,3,0,104" ten="214,132,398,256" oya="3" hai0="16,98,28,74,13,29,77,43,76,128,75,110,135" hai1="4,53,60,95,121,69,34,2,131,45,107,44,6" hai2="14,73,57,11,111,32,94,9,97,36,86,31,133" hai3="1,100,7,127,8,126,84,18,17,91,87,129,27"/><W117/><G100/><T122/><D122/><U88/><E34/><V39/><F73/><W123/><G87/><T81/><D110/><U124/><E107/><V89/><F111/><W83/><G123/><T40/><D128/><U30/><E121/><V37/><F133/><W134/><G117/><T101/><D135/><U50/><E131/><V112/><F112/><W79/><G129/><T70/><D70/><U67/><E124/><V99/><F57/><W49/><G134/><T105/><D40/><U63/><E2/><V108/><F108/><W106/><G106/><T26/><D43/><U10/><E30/><V56/><F56/><W25/><G49/><T59/><D26/><N who="3" m="9737" /><G91/><T96/><D96/><U102/><E102/><V35/><F31/><W52/><G52/><T41/><D41/><U51/><E10/><V120/><F120/><W118/><G118/><T90/><D90/><U20/><E20/><V38/><F38/><W61/><G61/><T22/><D59/><U47/><E63/><V65/><F97/><W93/><G93/><T68/><D68/><U42/><REACH who="1" step="1"/><E47/><REACH who="1" ten="214,122,398,256" step="2"/><V115/><F35/><W5/><G127/><T125/><D125/><U24/><E24/><V55/><F32/><W113/><G126/><T62/><D62/><U80/><E80/><AGARI ba="0,1" hai="13,16,22,28,29,74,75,76,77,80,81,98,101,105" machi="80" ten="40,8000,1" yaku="9,1,52,2,54,1" doraHai="104" who="0" fromWho="1" sc="214,90,122,-80,398,0,256,0" owari="304,10.0,42,-46.0,398,50.0,256,-14.0" /></mjloggm>