<mjloggm ver="2.3"><GO type="169" lobby="0"/><UN n0="%E3%82%A6%E3%83%AB%E3%83%88%E3%83%A9%E7%AB%8B%E7%9B%B4" n1="%E3%83%96%E3%83%AB%E3%83%BC%E3%83%97%E3%83%A9%E3%83%8D%E3%83%83%E3%83%88" n2="%E3%81%86%E3%81%91%E3%81%AA%E3%81%8C%E3%81%99%E3%81%9C" n3="%EF%BC%BC%28%EF%BC%BE%6F%EF%BC%BE%29%EF%BC%8F%E2%98%85" dan="18,16,16,17" rate="2270.10,2129.93,2066.22,2134.03" sx="M,M,F,M"/><TAIKYOKU oya="0"/><INIT seed="0,0,0,2,1,83" ten="250,250,250,250" oya="0" hai0="37,70,0,90,74,121,10,130,60,72,23,24,107" hai1="106,100,80,27,123,124,73,87,36,82,68,22,29" hai2="67,98,116,28,114,108,91,19,113,85,95,13,117" hai3="79,78,81,122,34,135,77,119,92,6,71,7,133"/><T97/><D121/><U41/><E123/><V115/><F108/><W111/><G122/><T66/><D37/><U50/><E68/><V120/><F120/><W118/><G71/><T45/><D130/><U16/><E36/><V103/><F28/><W101/><G34/><T104/><D45/><U32/><E124/><V53/><F53/><W112/><G6/><T54/><D54/><U4/><E4/><V21/><REACH who="2" step="1"/><F67/><REACH who="2" ten="250,250,240,250" step="2"/><W109/><G111/><T58/><D66/><U125/><E125/><V33/><F33/><W88/><G109/><T96/><D107/><AGARI ba="0,1" hai="13,19,21,85,91,95,98,103,107,113,114,115,116,117" machi="107" ten="40,2600,0" yaku="1,1,52,1,53,0" doraHai="83" doraHaiUra="5" who="2" fromWho="0" sc="250,-26,250,0,240,36,250,0" /><INIT seed="1,0,0,0,1,123" ten="224,250,276,250" oya="1" hai0="19,17,74,134,70,102,111,100,47,49,132,38,91" hai1="113,60,83,110,50,56,92,81,69,125,41,61,85" hai2="55,109,36,33,117,115,79,44,25,121,97,3,9" hai3="30,94,90,66,101,28,96,120,7,63,14,114,71"/><U124/><E113/><V8/><F121/><W104/><G120/><T15/><D38/><U34/><E34/><V76/><F117/><W87/><G114/><T112/><D112/><U59/><E92/><V119/><F115/><W128/><G128/><T57/><D70/><U78/><E69/><V131/><F119/><W93/><G104/><T43/><D74/><U6/><E6/><V75/><F131/><W73/><G73/><T46/><D57/><U31/><E31/><V11/><F97/><W29/><G7/><T133/><D111/><U84/><E50/><V67/><F67/><W5/><G5/><T82/><D47/><U95/><E95/><V42/><F55/><W53/><G14/><T122/><D122/><U103/><E41/><V99/><F99/><W2/><G2/><T35/><D35/><U58/><E103/><V135/><F135/><W10/><G10/><T54/><D43/><U26/><E26/><V88/><F75/><W51/><G30/><T118/><D118/><U18/><E18/><N who="0" m="6665" /><D15/><U16/><E16/><V77/><F3/><W130/><G130/><T1/><D1/><U4/><E4/><V39/><F39/><W72/><G72/><T24/><D24/><U48/><E48/><V37/><F37/><W116/><G116/><T106/><D106/><U80/><E110/><V12/><F109/><W52/><REACH who="3" step="1"/><G53/><REACH who="3" ten="224,250,276,240" step="2"/><T107/><D107/><U105/><E105/><V68/><F12/><W20/><G20/><T108/><D108/><U62/><REACH who="1" step="1"/><E78/><REACH who="1" ten="224,240,276,240" step="2"/><V32/><F77/><W27/><G27/><T40/><D40/><U86/><AGARI ba="0,2" hai="56,58,59,60,61,62,80,81,83,84,85,86,124,125" machi="86" ten="40,48000,5" yakuman="40" doraHai="123" doraHaiUra="65" who="1" fromWho="1" sc="224,-160,240,500,276,-160,240,-160" /><INIT seed="1,1,0,1,5,82" ten="64,740,116,80" oya="1" hai0="7,122,70,107,116,61,37,39,69,42,62,18,73" hai1="113,83,102,11,34,112,108,110,35,80,23,84,27" hai2="91,97,14,48,65,121,8,59,106,133,78,99,25" hai3="66,16,32,55,63,21,109,31,29,50,68,118,4"/><U12/><E102/><V86/><F121/><W98/><G109/><N who="1" m="42090" /><E83/><V100/><F133/><W77/><G32/><N who="1" m="12330" /><E12/><V58/><F25/><W64/><G118/><T10/><D18/><N who="1" m="12791" /><E11/><V127/><F78/><AGARI ba="1,0" hai="78,80,84,112,113" m="12791,12330,42090" machi="78" ten="30,5800,0" yaku="14,1,10,1,52,1" doraHai="82" who="1" fromWho="2" sc="64,0,740,61,116,-61,80,0" /><INIT seed="1,2,0,4,2,76" ten="64,801,55,80" oya="1" hai0="63,2,15,48,61,47,35,64,111,68,107,43,26" hai1="12,65,129,31,135,126,27,78,88,127,112,79,45" hai2="3,38,92,100,114,46,13,0,36,17,21,130,30" hai3="60,1,5,125,133,113,86,70,8,16,97,109,103"/><U23/><E112/><V83/><F114/><W54/><G109/><T74/><D2/><U101/><E101/><V123/><F123/><W95/><G113/><T52/><D111/><U84/><E65/><V105/><F130/><W72/><G72/><T96/><D74/><U124/><E129/><V115/><F115/><W108/><G108/><T82/><D15/><U25/><E135/><V32/><F105/><W18/><G133/><T49/><D63/><U85/><E12/><V122/><F122/><W7/><G125/><T9/><D9/><U53/><E27/><V6/><F3/><W71/><G7/><T56/><D82/><N who="1" m="49175" /><E85/><V41/><F38/><W55/><G86/><T51/><D96/><U44/><E53/><V20/><F83/><W90/><G103/><T134/><D107/><U73/><E73/><V128/><F128/><W10/><G55/><T77/><D134/><U22/><E22/><V89/><F100/><W93/><G95/><T29/><D77/><AGARI ba="2,0" hai="23,25,31,44,45,77,78,79,124,126,127" m="49175" machi="77" ten="30,5800,0" yaku="18,1,52,1,54,1" doraHai="76" who="1" fromWho="0" sc="64,-64,801,64,55,0,80,0" /><INIT seed="1,3,0,2,0,60" ten="0,865,55,80" oya="1" hai0="127,76,115,104,53,52,41,88,106,51,66,37,108" hai1="20,68,107,74,45,118,9,70,26,135,99,24,50" hai2="71,44,57,33,62,42,11,72,22,31,101,103,17" hai3="28,129,131,30,46,87,86,1,133,15,65,54,59"/><U85/><E74/><V124/><F72/><W10/><G1/><T92/><D115/><U105/><E118/><V112/><F71/><W111/><G111/><T117/><D117/><U132/><E85/><N who="3" m="32266" /><G133/><N who="1" m="51274" /><E9/><V40/><F112/><W134/><G134/><T7/><D37/><U79/><E79/><V34/><F124/><W6/><G46/><N who="0" m="26063" /><D108/><U73/><E73/><V4/><F31/><W19/><G6/><T21/><D127/><U78/><E78/><V32/><F44/><W93/><G93/><T102/><D106/><N who="1" m="40459" /><E99/><V97/><F97/><W121/><G121/><T125/><D104/><U43/><E24/><V96/><F96/><W38/><G38/><T8/><D125/><U49/><E49/><V47/><F103/><W13/><G13/><N who="0" m="5279" /><D102/><U75/><E75/><V14/><F101/><W89/><G89/><T83/><D76/><U130/><E130/><V18/><F47/><W61/><G131/><T90/><D83/><U12/><E12/><V3/><REACH who="2" step="1"/><F18/><AGARI ba="3,0" hai="18,20,26,43,45,50,68,70" m="40459,51274" machi="18" ten="30,1500,0" yaku="20,1" doraHai="60" who="1" fromWho="2" sc="0,0,865,24,55,-24,80,0" /><INIT seed="1,4,0,4,5,22" ten="0,889,31,80" oya="1" hai0="119,30,52,118,112,16,67,11,41,51,99,107,53" hai1="6,24,69,89,25,74,23,8,59,70,68,114,48" hai2="111,5,132,124,103,102,39,135,44,56,108,101,55" hai3="80,105,34,3,92,15,10,43,12,131,127,84,35"/><U50/><E74/><V86/><F5/><W64/><G105/><T85/><D112/><U7/><E114/><V65/><F65/><W57/><G43/><T37/><D37/><U115/><E115/><V77/><F124/><W33/><G92/><T38/><D38/><U87/><E59/><V79/><F39/><W60/><G127/><T42/><D107/><U76/><E76/><N who="2" m="29259" /><F44/><W46/><G46/><N who="0" m="27767" /><D119/><U97/><E97/><V1/><F1/><W96/><G3/><T21/><D118/><U2/><E7/><V116/><F86/><W18/><G34/><T95/><D67/><U71/><N who="1" m="17920" /><DORA hai="14" /><U58/><E58/><V129/><F129/><W61/><G33/><T113/><D113/><U36/><E36/><V0/><F0/><W54/><G35/><T27/><D53/><U123/><E123/><V133/><F116/><W128/><G54/><T72/><D85/><U19/><REACH who="1" step="1"/><E25/><REACH who="1" ten="0,879,31,80" step="2"/><V109/><F109/><W122/><G122/><T88/><D72/><U110/><E110/><V13/><F111/><W106/><G131/><T45/><D45/><U49/><E49/><V47/><F47/><W100/><G128/><T126/><D126/><U82/><AGARI ba="4,1" hai="2,6,8,19,23,24,48,50,82,87,89" m="17920" machi="82" ten="60,12000,1" yaku="1,1,0,1,52,2,53,0" doraHai="22,14" doraHaiUra="91,75" who="1" fromWho="1" sc="0,-44,879,142,31,-44,80,-44" owari="-44,-54.0,1021,111.0,-13,-41.0,36,-16.0" /></mjloggm>