<mjloggm ver="2.3"><GO type="169" lobby="0"/><UN n0="%E5%AF%9D%E6%89%93%E3%81%A1" n1="%E3%83%95%E3%82%A7%E3%83%AB%E3%83%8A%E3%83%B3%E3%83%89" n2="%65%76%65%72%31%37%2A" n3="%E3%82%A6%E3%83%AB%E3%83%88%E3%83%A9%E7%AB%8B%E7%9B%B4" dan="16,17,16,17" rate="2097.49,2198.77,2090.88,2170.49" sx="F,M,M,M"/><TAIKYOKU oya="0"/><INIT seed="0,0,0,3,1,87" ten="250,250,250,250" oya="0" hai0="94,21,22,30,126,37,23,72,31,9,119,29,48" hai1="121,42,1,44,131,97,51,130,36,81,117,58,116" hai2="24,111,62,122,27,89,134,20,95,15,16,18,132" hai3="109,103,106,6,33,68,86,47,82,32,79,93,17"/><T88/><D119/><U123/><E1/><V91/><F122/><N who="1" m="46601" /><E81/><V49/><F111/><W4/><G68/><T73/><D37/><U26/><E26/><N who="2" m="14599" /><F62/><W55/><G109/><T40/><D126/><U34/><E34/><V46/><F95/><W35/><G17/><T39/><D39/><U99/><E99/><V63/><F63/><W77/><G77/><T114/><D114/><U59/><E97/><V112/><F112/><W2/><G2/><T83/><D83/><U57/><E36/><V66/><F66/><W101/><G106/><T127/><D127/><U50/><E50/><V25/><F134/><W100/><G47/><T76/><D76/><U8/><E8/><N who="2" m="6503" /><F132/><W12/><G93/><T80/><D80/><U85/><E85/><V92/><F92/><W61/><G86/><T107/><D107/><U54/><E42/><AGARI ba="0,0" hai="24,25,27,42,46,49,89,91" m="6503,14599" machi="42" ten="30,7700,0" yaku="8,1,52,2,54,1" doraHai="87" who="2" fromWho="1" sc="250,0,250,-77,250,77,250,0" /><INIT seed="1,0,0,0,5,32" ten="250,173,327,250" oya="1" hai0="44,115,21,101,59,106,46,40,111,56,42,66,108" hai1="89,73,15,12,8,119,72,122,17,49,29,79,65" hai2="47,27,90,54,2,118,95,125,16,84,22,114,96" hai3="83,41,74,132,28,37,34,116,127,43,48,62,104"/><U92/><E119/><V112/><F118/><W135/><G116/><T19/><D106/><U10/><E122/><V67/><F125/><W129/><G104/><T9/><D101/><U11/><E29/><V38/><F67/><W76/><G127/><T103/><D103/><U52/><E65/><V97/><F2/><W130/><G48/><T6/><D115/><N who="2" m="44074" /><F54/><W94/><G62/><T30/><D30/><U124/><E124/><V102/><F102/><W109/><G94/><T81/><D81/><U85/><E79/><V117/><F117/><W110/><G28/><T63/><D56/><N who="1" m="32783" /><E15/><V113/><N who="2" m="44082" /><V7/><DORA hai="69" /><F7/><W35/><G83/><T128/><D128/><N who="3" m="49257" /><G76/><T99/><D99/><U39/><E39/><V26/><F26/><W86/><G86/><T75/><D75/><U0/><E0/><V5/><F5/><W82/><G82/><T25/><D44/><U4/><E4/><V13/><F13/><W77/><G77/><T105/><D105/><U1/><E1/><V57/><F57/><W45/><G43/><AGARI ba="0,0" hai="16,22,27,38,43,47,84,90,95,96,97" m="44082" machi="43" ten="40,5200,0" yaku="11,1,52,1,54,1" doraHai="32,69" who="2" fromWho="3" sc="250,0,173,0,327,52,250,-52" /><INIT seed="2,0,0,5,2,73" ten="250,173,379,198" oya="2" hai0="51,44,94,76,96,93,131,103,38,110,123,120,8" hai1="118,128,129,62,107,106,22,97,39,61,78,0,89" hai2="4,84,33,7,13,6,127,95,17,121,52,48,112" hai3="41,134,21,92,32,135,72,75,65,29,1,66,26"/><V77/><F121/><W47/><G1/><T15/><D38/><U102/><E0/><V56/><F112/><W113/><G113/><T71/><D131/><N who="1" m="50251" /><E39/><V133/><F127/><W124/><G124/><T57/><D71/><U25/><E118/><V63/><F133/><N who="3" m="50699" /><G92/><T80/><D57/><U10/><E107/><V19/><F33/><W101/><G101/><T12/><D94/><U40/><E40/><V34/><F34/><W79/><G32/><T64/><D64/><N who="3" m="24681" /><G79/><T81/><D81/><U24/><E78/><V122/><F122/><W59/><G59/><T46/><D110/><U2/><E89/><N who="2" m="53671" /><F77/><W54/><G54/><T20/><D44/><U30/><E25/><V55/><F13/><W58/><G58/><AGARI ba="0,0" hai="4,6,7,17,19,48,52,55,56,58,63" m="53671" machi="58" ten="30,2900,0" yaku="8,1,54,1" doraHai="73" who="2" fromWho="3" sc="250,0,173,0,379,29,198,-29" /><INIT seed="2,1,0,4,5,32" ten="250,173,408,169" oya="2" hai0="63,134,51,92,3,90,52,64,106,73,77,69,55" hai1="16,74,85,131,19,109,79,114,117,125,123,39,127" hai2="40,83,59,5,105,10,58,46,41,86,56,89,45" hai3="88,128,116,130,121,104,78,37,110,53,95,124,66"/><V68/><F105/><W129/><G37/><T94/><D106/><U101/><E114/><V50/><F68/><W70/><G104/><T82/><D134/><U102/><E117/><V49/><REACH who="2" step="1"/><F59/><REACH who="2" ten="250,173,398,169" step="2"/><W126/><G70/><T113/><D113/><U27/><E127/><V75/><F75/><W81/><G126/><T25/><D3/><AGARI ba="1,1" hai="3,5,10,40,41,45,46,49,50,56,58,83,86,89" machi="3" ten="30,11600,0" yaku="1,1,7,1,9,1,52,1,53,0" doraHai="32" doraHaiUra="15" who="2" fromWho="0" sc="250,-119,173,0,398,129,169,0" /><INIT seed="2,2,0,2,3,52" ten="131,173,527,169" oya="2" hai0="25,12,4,61,14,104,130,93,3,92,112,103,8" hai1="21,33,5,125,105,81,27,133,97,48,17,63,65" hai2="29,20,101,119,71,124,107,120,55,79,128,13,82" hai3="50,75,121,11,127,31,24,95,54,0,74,83,53"/><V134/><F71/><W99/><G121/><T45/><D112/><U84/><E33/><V23/><F55/><W131/><G131/><T118/><D118/><U102/><E133/><V60/><F101/><W129/><G129/><T106/><D130/><U56/><E125/><V43/><F60/><W90/><G127/><T113/><D113/><U10/><E48/><V94/><F43/><W64/><G64/><T89/><D45/><U68/><E68/><V22/><F94/><W76/><G0/><T35/><D93/><U28/><E17/><N who="2" m="10287" /><F82/><W58/><G11/><T38/><D38/><U40/><E40/><V122/><F120/><W109/><G109/><T18/><D61/><U115/><E115/><V9/><F119/><W126/><G126/><T91/><D103/><U100/><E102/><V69/><F9/><W47/><G54/><T72/><D72/><U1/><E81/><V30/><F30/><W39/><G39/><T80/><D80/><U108/><E84/><V36/><F36/><W66/><G66/><T87/><D89/><U86/><E86/><V73/><F73/><W19/><G74/><T6/><D6/><U42/><E42/><V132/><F132/><W110/><G47/><T96/><D96/><U67/><E108/><V2/><F134/><W34/><G110/><T135/><D135/><U46/><E46/><V116/><F128/><W41/><G41/><T70/><D70/><U26/><E67/><V123/><F69/><W111/><G111/><T15/><D35/><U7/><E7/><V49/><F124/><W62/><G62/><T77/><D77/><RYUUKYOKU ba="2,0" sc="131,10,173,10,527,-30,169,10" hai0="3,4,8,12,14,15,18,25,87,91,92,104,106" hai1="1,5,10,21,26,27,28,56,63,65,97,100,105" hai3="19,24,31,34,50,53,58,75,76,83,90,95,99" /><INIT seed="3,3,0,3,3,91" ten="141,183,497,179" oya="3" hai0="16,133,108,115,8,107,62,80,132,83,47,60,77" hai1="59,9,36,42,116,118,52,43,4,32,31,29,6" hai2="56,22,93,110,127,100,34,70,2,105,26,12,19" hai3="81,90,89,51,14,112,5,71,58,76,111,18,126"/><W48/><G71/><T61/><D107/><U134/><E134/><N who="0" m="51817" /><D108/><U67/><E67/><V79/><F70/><W117/><G117/><N who="1" m="45162" /><E36/><V95/><F110/><W13/><G111/><T84/><D115/><U87/><E87/><V98/><F2/><W78/><G112/><T131/><D131/><U66/><E66/><V17/><F127/><W99/><G126/><T97/><D97/><U37/><E37/><V38/><F38/><W92/><G5/><N who="1" m="2154" /><E9/><V25/><F79/><N who="3" m="30251" /><G58/><T82/><D47/><U119/><E119/><V28/><F56/><W55/><G55/><T40/><D40/><N who="1" m="15403" /><E32/><V103/><F103/><W64/><G64/><T11/><D11/><AGARI ba="3,0" hai="11,12,17,19,22,25,26,28,34,93,95,98,100,105" machi="11" ten="30,3900,0" yaku="7,1,52,2" doraHai="91" who="2" fromWho="0" sc="141,-48,183,0,497,48,179,0" /><INIT seed="4,0,0,5,5,28" ten="93,183,545,179" oya="0" hai0="57,64,75,74,117,45,29,132,3,88,99,61,86" hai1="134,62,5,109,63,15,125,133,70,79,96,56,127" hai2="90,91,94,81,43,82,112,53,67,89,26,33,76" hai3="44,25,123,16,66,72,126,11,98,50,37,121,101"/><T113/><D117/><U13/><E79/><V71/><F43/><W59/><G72/><T97/><D3/><U42/><E96/><V129/><F129/><W10/><G37/><T92/><D113/><U12/><E109/><V104/><F104/><W95/><G126/><N who="1" m="48138" /><E5/><V119/><F119/><W55/><G123/><T52/><D132/><N who="1" m="50795" /><E70/><V110/><F53/><W122/><G122/><T36/><D29/><U1/><E1/><V78/><F71/><W41/><G66/><T6/><D6/><U48/><E42/><V8/><F76/><W34/><G121/><T100/><D99/><U4/><E4/><V31/><F78/><W73/><G73/><T14/><D14/><U38/><E38/><V84/><F110/><W65/><G65/><T103/><D103/><U120/><E120/><V106/><F106/><W2/><G2/><T115/><D115/><U93/><E93/><V35/><F94/><W135/><G135/><T46/><D45/><U87/><E87/><V116/><F84/><W24/><G44/><T27/><D27/><U49/><E56/><V32/><F112/><W105/><G105/><T128/><D128/><U19/><E19/><V83/><F91/><W51/><G25/><T114/><D114/><U108/><E108/><V23/><F90/><W77/><G16/><T54/><D36/><U60/><AGARI ba="0,0" hai="12,13,15,48,49,60,62,63" m="50795,48138" machi="60" ten="40,8000,1" yaku="28,2,18,1,20,1" doraHai="28" who="1" fromWho="1" sc="93,-40,183,80,545,-20,179,-20" /><INIT seed="5,0,0,3,0,39" ten="53,263,525,159" oya="1" hai0="91,78,32,122,67,131,50,70,111,90,44,85,6" hai1="71,37,47,2,110,8,42,118,4,28,66,128,41" hai2="13,107,52,24,79,108,11,16,73,81,22,123,106" hai3="121,15,31,18,9,23,46,127,93,51,100,1,135"/><U17/><E118/><V105/><F108/><W0/><G121/><T117/><D117/><U133/><E110/><V69/><F123/><W14/><G127/><T92/><D122/><U20/><E133/><V25/><F69/><W27/><G135/><T116/><D111/><U98/><E128/><V40/><F40/><W65/><G65/><T94/><D116/><U55/><E28/><V124/><F124/><W48/><G48/><T54/><D131/><U34/><E34/><V49/><REACH who="2" step="1"/><F11/><REACH who="2" ten="53,263,515,159" step="2"/><W5/><G9/><T97/><D32/><U33/><E42/><V77/><F77/><W43/><G43/><T59/><D70/><U104/><E41/><V115/><F115/><W10/><G10/><T64/><D78/><U26/><E8/><V129/><F129/><W35/><G35/><T95/><D6/><U38/><E4/><V7/><F7/><W119/><G5/><T112/><D112/><U96/><E33/><V134/><F134/><W132/><G132/><T82/><REACH who="0" step="1"/><D67/><REACH who="0" ten="43,263,515,159" step="2"/><U83/><E66/><V114/><F114/><W130/><G119/><T30/><D30/><U88/><E71/><V101/><F101/><W58/><G100/><T103/><D103/><U74/><E38/><V61/><F61/><AGARI ba="0,2" hai="44,50,54,59,61,64,82,85,90,91,92,94,95,97" machi="61" ten="40,8000,1" yaku="1,1,8,1,53,2" doraHai="39" doraHaiUra="86" who="0" fromWho="2" sc="43,100,263,0,515,-80,159,0" /><INIT seed="6,0,0,3,0,46" ten="143,263,435,159" oya="2" hai0="124,2,30,119,3,111,48,0,40,13,90,7,4" hai1="120,86,107,85,62,28,60,98,6,128,95,1,80" hai2="121,97,135,73,24,125,103,29,61,33,79,58,102" hai3="106,22,115,20,63,81,113,31,110,123,132,116,49"/><V47/><F121/><W17/><G106/><T78/><D111/><U23/><E107/><V18/><F125/><W131/><G123/><T14/><D78/><U27/><E120/><V16/><F135/><W5/><G110/><T96/><D124/><U8/><E128/><V72/><F102/><W10/><G116/><T122/><D122/><U9/><E9/><V34/><F34/><W134/><G131/><T129/><D129/><U68/><E68/><V105/><F47/><W37/><G37/><T82/><D119/><U11/><E8/><V53/><REACH who="2" step="1"/><F79/><REACH who="2" ten="143,263,425,159" step="2"/><W83/><G134/><T76/><D76/><U127/><E127/><V35/><F35/><W59/><G132/><T87/><D96/><U99/><E99/><V130/><F130/><W70/><G115/><T133/><D133/><U21/><E98/><V55/><F55/><W26/><G113/><T117/><D117/><U39/><E86/><V118/><F118/><W42/><G42/><T65/><D65/><U126/><E85/><V101/><F101/><W57/><G81/><T45/><REACH who="0" step="1"/><D30/><REACH who="0" ten="133,263,425,159" step="2"/><U56/><E28/><V50/><F50/><W19/><G49/><T108/><D108/><U114/><E126/><V52/><F52/><W74/><G31/><T69/><D69/><U36/><E114/><V75/><AGARI ba="0,2" hai="16,18,24,29,33,53,58,61,72,73,75,97,103,105" machi="75" ten="30,11700,0" yaku="1,1,0,1,54,1,53,1" doraHai="46" doraHaiUra="51" who="2" fromWho="2" sc="133,-39,263,-39,425,137,159,-39" /><INIT seed="6,1,0,5,3,87" ten="94,224,562,120" oya="2" hai0="8,40,25,93,54,82,37,108,111,81,46,28,51" hai1="4,68,107,132,104,1,21,97,128,11,42,13,91" hai2="62,76,30,0,17,66,56,35,103,101,71,5,83" hai3="72,135,7,33,34,39,96,36,130,50,47,44,19"/><V23/><F0/><W45/><G7/><T53/><D8/><U89/><E68/><V123/><F5/><W18/><G50/><T127/><D127/><U84/><E132/><V27/><F123/><W73/><G96/><T29/><D93/><U85/><E128/><V88/><F76/><W80/><G80/><T110/><D29/><U3/><E42/><V116/><F116/><W75/><G135/><T94/><D94/><U124/><E124/><V100/><F71/><W14/><G130/><T99/><D99/><U77/><E77/><V78/><F78/><W120/><G120/><T20/><REACH who="0" step="1"/><D54/><REACH who="0" ten="84,224,562,120" step="2"/><U115/><E97/><V119/><F30/><W24/><G24/><T32/><D32/><N who="3" m="12393" /><G14/><T31/><D31/><U113/><E13/><V74/><F35/><W79/><G79/><T112/><D112/><U60/><E115/><V121/><F103/><W38/><AGARI ba="1,1" hai="18,19,36,38,39,44,45,47,72,73,75" m="12393" machi="38" ten="50,8000,1" yaku="29,2,28,2" doraHai="87" who="3" fromWho="3" sc="84,-21,224,-21,562,-41,120,93" /><INIT seed="7,0,0,3,2,23" ten="63,203,521,213" oya="3" hai0="87,38,4,96,19,101,60,55,25,91,92,128,17" hai1="62,116,78,80,100,59,120,68,46,90,127,115,119" hai2="5,3,10,24,104,111,44,84,45,11,71,125,49" hai3="56,41,110,63,33,1,89,118,66,26,131,42,81"/><W93/><G1/><T112/><D38/><U13/><E120/><V32/><F111/><W18/><G118/><N who="1" m="45098" /><E68/><V52/><F104/><W53/><G131/><T2/><D128/><U37/><E115/><V30/><F71/><W117/><G117/><T98/><D112/><U67/><E127/><V40/><F125/><W72/><G66/><T109/><D109/><U108/><E108/><V61/><F11/><W79/><G110/><T39/><D39/><U82/><E100/><V99/><F84/><W36/><G36/><T126/><D126/><U135/><E135/><V7/><F7/><W76/><G76/><T86/><D4/><U50/><E37/><V64/><F99/><W123/><G33/><T15/><D2/><U132/><E132/><V48/><F61/><W21/><G123/><T121/><D121/><U47/><E90/><V35/><F64/><W94/><G94/><T69/><D69/><U14/><E80/><V65/><F65/><W12/><G12/><N who="1" m="4714" /><E50/><V73/><F73/><AGARI ba="0,0" hai="46,47,59,62,67,73,78,82" m="4714,45098" machi="73" ten="30,1000,0" yaku="12,1" doraHai="23" who="1" fromWho="2" sc="63,0,203,10,521,-10,213,0" owari="63,-44.0,213,1.0,511,62.0,213,-19.0" /></mjloggm>