<mjloggm ver="2.3"><GO type="169" lobby="0"/><UN n0="%E7%82%AD%E9%85%B8%EF%BC%A0%E3%83%A9%E3%82%B9%E5%9B%9E%E9%81%BF" n1="%E5%B0%B1%E6%B4%BB%E7%94%9F%40%E5%B7%9D%E6%9D%91%E8%BB%8D%E5%9B%A3" n2="%E6%9B%99%E4%B9%8B%E5%85%89" n3="%E3%83%92%E3%83%AB%E3%83%99%E3%83%AB%E3%83%88" dan="16,19,16,16" rate="2006.05,2328.80,2102.65,2177.76" sx="M,M,F,M"/><TAIKYOKU oya="0"/><INIT seed="0,0,0,4,3,86" ten="250,250,250,250" oya="0" hai0="74,80,70,114,129,39,60,26,55,18,79,131,12" hai1="76,99,46,105,69,53,9,10,101,28,106,75,30" hai2="45,123,84,119,126,97,33,117,36,124,83,0,130" hai3="16,89,111,29,43,133,68,59,96,102,116,14,15"/><T3/><D39/><U95/><E69/><V134/><F33/><W11/><G68/><T107/><D3/><U32/><E75/><V82/><F0/><W50/><G116/><N who="2" m="44617" /><F123/><W13/><G133/><T6/><D114/><U7/><E76/><N who="2" m="46151" /><F134/><W85/><G111/><T61/><D107/><U52/><E10/><V127/><F45/><W48/><G29/><T71/><D26/><U109/><E109/><V77/><F36/><W19/><G43/><T57/><D6/><U115/><E115/><V49/><F49/><N who="3" m="19051" /><G59/><T25/><D25/><U98/><E46/><V113/><F113/><W67/><G67/><T31/><D31/><U62/><E105/><V112/><F112/><W104/><G104/><T73/><D73/><U92/><E106/><V118/><N who="2" m="44625" /><V24/><DORA hai="42" /><F24/><W121/><G121/><T8/><D71/><U35/><E35/><V58/><F58/><W27/><G27/><T44/><D44/><U51/><E32/><V38/><F38/><W34/><G34/><T56/><REACH who="0" step="1"/><D70/><REACH who="0" ten="240,250,250,250" step="2"/><U78/><E30/><V88/><F130/><W5/><G5/><T1/><D1/><U125/><E28/><V122/><F122/><W63/><G19/><T37/><D37/><U47/><E7/><V66/><F124/><W40/><G14/><T94/><D94/><U20/><E95/><N who="2" m="56551" /><F66/><AGARI ba="0,1" hai="8,12,18,55,56,57,60,61,66,74,79,80,129,131" machi="66" ten="40,2000,0" yaku="1,1,53,0" doraHai="86,42" doraHaiUra="90,135" who="0" fromWho="2" sc="240,30,250,0,250,-20,250,0" /><INIT seed="0,1,0,3,5,120" ten="270,250,230,250" oya="0" hai0="18,78,82,20,36,63,74,87,86,111,131,5,2" hai1="122,58,91,126,8,72,13,12,44,67,47,19,134" hai2="7,115,124,101,50,107,56,108,16,6,117,25,81" hai3="3,46,71,127,85,17,48,43,116,31,66,29,24"/><T79/><D36/><U14/><E122/><V11/><F115/><W114/><G3/><T123/><D123/><U110/><E72/><V54/><F124/><W49/><G114/><T23/><D131/><U96/><E126/><V88/><F117/><W75/><G75/><T125/><D125/><U30/><E134/><V65/><F65/><W60/><G127/><T28/><D78/><U38/><E30/><V64/><F64/><W92/><G116/><T40/><D40/><U4/><E38/><V70/><F70/><W128/><G128/><T77/><D77/><U104/><E110/><V76/><F108/><W68/><G49/><T41/><D111/><U69/><E69/><V9/><F76/><W112/><G112/><T132/><D41/><U83/><E104/><V73/><F73/><W93/><G68/><T135/><D63/><U10/><E14/><V84/><F101/><W1/><G1/><T80/><D74/><U130/><E130/><V26/><F107/><W133/><G133/><T59/><D2/><U61/><REACH who="1" step="1"/><E83/><REACH who="1" ten="270,240,230,250" step="2"/><V89/><F89/><N who="3" m="53295" /><G93/><AGARI ba="1,1" hai="4,8,10,12,13,19,44,47,58,61,67,91,93,96" machi="93" ten="40,5200,0" yaku="1,1,8,1,53,1" doraHai="120" doraHaiUra="52" who="1" fromWho="3" sc="270,0,240,65,230,0,250,-55" /><INIT seed="1,0,0,1,3,80" ten="270,305,230,195" oya="1" hai0="61,125,117,40,74,134,102,56,131,72,8,110,82" hai1="120,79,59,75,3,127,69,37,91,52,38,7,119" hai2="73,47,112,111,115,58,83,103,33,68,9,35,124" hai3="34,66,92,64,27,49,2,128,6,10,11,98,101"/><U21/><E69/><V123/><F68/><W99/><G128/><T5/><D117/><U104/><E104/><V121/><F111/><W71/><G71/><T0/><D110/><U23/><E119/><V93/><F124/><W13/><G49/><T106/><D134/><U126/><E120/><V62/><F47/><W107/><G34/><N who="2" m="12809" /><F9/><W43/><G27/><T94/><D106/><U63/><E75/><V130/><F130/><W114/><G114/><N who="2" m="43561" /><F103/><W48/><G48/><T19/><D102/><U29/><E79/><N who="2" m="44527" /><F93/><W97/><G43/><T45/><D94/><U113/><E113/><V50/><F50/><W39/><G39/><T118/><D72/><U36/><E3/><V28/><F28/><W81/><G81/><T70/><D82/><U84/><E7/><V86/><F86/><W109/><G109/><T44/><D5/><U54/><E54/><AGARI ba="0,0" hai="54,58,62,121,123" m="44527,43561,12809" machi="54" ten="30,1000,0" yaku="11,1" doraHai="80" who="2" fromWho="1" sc="270,0,305,-10,230,10,195,0" /><INIT seed="2,0,0,4,2,69" ten="270,295,240,195" oya="2" hai0="37,62,91,104,12,16,124,122,108,48,121,93,99" hai1="81,127,43,49,22,45,31,21,103,28,64,84,13" hai2="75,50,59,130,35,51,60,80,5,1,33,112,63" hai3="77,74,106,119,67,29,55,132,15,94,42,131,71"/><V11/><F112/><W32/><G15/><T7/><D7/><U26/><E127/><V114/><F114/><W38/><G94/><T117/><D37/><U105/><E64/><V70/><F130/><W73/><G77/><T107/><D108/><U76/><E105/><V66/><F75/><W126/><G55/><T25/><D124/><U83/><E103/><V95/><F80/><W118/><G126/><T61/><D117/><N who="3" m="44553" /><G106/><T39/><D39/><U109/><E109/><V110/><F110/><W53/><G53/><T129/><D129/><U36/><E36/><V10/><F10/><W102/><G102/><T3/><D3/><U86/><E13/><V88/><F50/><W40/><G40/><T0/><D0/><U128/><E128/><V46/><F46/><N who="3" m="23895" /><G131/><T125/><D107/><U100/><E100/><V34/><F51/><W89/><G89/><T47/><D104/><U82/><REACH who="1" step="1"/><E86/><REACH who="1" ten="270,285,240,195" step="2"/><V87/><REACH who="2" step="1"/><F34/><REACH who="2" ten="270,285,230,195" step="2"/><W134/><G74/><T9/><D125/><U4/><E4/><V27/><F27/><AGARI ba="0,2" hai="21,22,26,27,28,31,43,45,49,76,81,82,83,84" machi="27" ten="40,5200,0" yaku="1,1,9,1,8,1,53,0" doraHai="69" doraHaiUra="57" who="1" fromWho="2" sc="270,0,285,72,230,-52,195,0" /><INIT seed="3,0,0,4,0,66" ten="270,357,178,195" oya="3" hai0="133,51,42,16,64,135,47,131,86,74,38,19,72" hai1="69,26,24,95,49,0,110,88,117,94,84,18,63" hai2="76,39,75,65,116,9,44,126,61,23,32,33,59" hai3="53,60,77,112,114,45,93,46,89,123,107,3,109"/><W21/><G107/><T12/><D131/><U20/><E0/><V134/><F116/><W91/><G3/><T85/><D19/><U73/><E73/><V57/><F134/><N who="0" m="51210" /><D64/><U90/><E117/><V30/><F126/><W40/><G77/><T2/><D2/><U129/><E129/><V10/><F23/><W31/><G123/><T71/><D71/><U99/><E110/><V121/><F121/><W41/><G109/><T80/><D38/><U113/><E113/><V96/><F96/><W122/><G122/><T8/><D86/><U35/><E35/><V15/><F10/><W87/><G21/><T25/><D25/><U48/><E69/><V118/><F118/><W125/><G125/><T67/><D67/><U124/><E124/><V81/><F57/><W128/><G128/><T130/><D130/><U78/><E78/><AGARI ba="0,0" hai="8,12,16,42,47,51,72,74,78,80,85" m="51210" machi="78" ten="30,2000,0" yaku="20,1,54,1" doraHai="66" who="0" fromWho="1" sc="270,20,357,-20,178,0,195,0" /><INIT seed="4,0,0,3,2,17" ten="290,337,178,195" oya="0" hai0="38,105,33,67,70,19,60,120,103,95,73,132,90" hai1="71,89,88,43,1,131,21,16,121,107,97,55,23" hai2="72,109,135,128,63,87,93,114,100,35,83,61,47" hai3="115,66,11,77,92,36,20,26,41,69,104,134,4"/><T94/><D120/><U18/><E71/><V24/><F109/><W106/><G115/><T79/><D38/><U74/><E1/><V39/><F114/><W124/><G134/><T68/><D68/><U56/><E74/><V125/><F135/><W58/><G124/><T82/><D132/><U22/><E121/><V54/><F125/><W117/><G69/><T46/><D33/><U51/><E131/><V29/><F128/><W34/><G34/><T52/><D90/><N who="1" m="34923" /><E107/><V123/><F123/><W42/><G117/><T57/><D46/><N who="1" m="26079" /><E97/><V76/><F72/><W75/><G92/><T85/><D85/><U129/><E129/><V80/><F80/><N who="3" m="45119" /><G42/><T5/><D5/><U49/><AGARI ba="0,0" hai="16,18,21,22,23,49,55,56" m="26079,34923" machi="49" ten="30,12000,2" yaku="8,1,52,3,54,2" doraHai="17" who="1" fromWho="1" sc="290,-60,337,120,178,-30,195,-30" /><INIT seed="5,0,0,1,5,74" ten="230,457,148,165" oya="1" hai0="47,41,121,6,69,114,14,53,79,52,122,102,108" hai1="34,111,36,11,135,95,115,20,56,75,29,49,101" hai2="73,23,113,88,8,7,50,10,60,48,33,46,64" hai3="19,78,43,84,57,5,18,42,32,133,12,124,0"/><U92/><E115/><V104/><F33/><W31/><G124/><T59/><D69/><U54/><E36/><V27/><F104/><W99/><G133/><T2/><D2/><U116/><E111/><V130/><F130/><W3/><G99/><T25/><D102/><U67/><E34/><V30/><F113/><W126/><G57/><T71/><D71/><U93/><E135/><V76/><F10/><N who="3" m="4175" /><G78/><T38/><D108/><U26/><E75/><V134/><F134/><W22/><G84/><T117/><D25/><U17/><E116/><V129/><F129/><W1/><G43/><T83/><D117/><U89/><E101/><V100/><F100/><W51/><G51/><T98/><D14/><N who="1" m="7391" /><E67/><V28/><F28/><W125/><G42/><T44/><D6/><U35/><E35/><V112/><F112/><W109/><G109/><T66/><D98/><AGARI ba="0,0" hai="20,26,29,49,54,56,89,92,93,95,98" m="7391" machi="98" ten="30,1500,0" yaku="8,1" doraHai="74" who="1" fromWho="0" sc="230,-15,457,15,148,0,165,0" /><INIT seed="5,1,0,3,4,104" ten="215,472,148,165" oya="1" hai0="56,11,68,111,92,117,77,119,7,46,45,16,73" hai1="103,96,14,128,0,65,85,126,133,108,95,18,4" hai2="36,52,100,51,21,58,129,125,22,28,29,59,121" hai3="98,41,112,69,70,64,94,124,20,120,123,76,27"/><U116/><E108/><V12/><F121/><W135/><G112/><T48/><D68/><U57/><E116/><V88/><F36/><W3/><G3/><T78/><D111/><U26/><E128/><V66/><F129/><W105/><G105/><T81/><D77/><U115/><E115/><V38/><F38/><W110/><G110/><T54/><D46/><U130/><E130/><V8/><F100/><W62/><G124/><T13/><D92/><U89/><E126/><V39/><F39/><W114/><G114/><T131/><D131/><U32/><E133/><V23/><F125/><W24/><G135/><T106/><D106/><U6/><E0/><V2/><F2/><W55/><G41/><T44/><D44/><U87/><E87/><V79/><F79/><W72/><G69/><T31/><D31/><U113/><E113/><V93/><F59/><W33/><G55/><T10/><REACH who="0" step="1"/><D45/><REACH who="0" ten="205,472,148,165" step="2"/><U102/><E95/><V34/><F34/><W30/><G76/><T50/><D50/><U101/><E101/><V9/><F66/><W25/><G123/><T40/><D40/><U97/><E65/><V86/><REACH who="2" step="1"/><F8/><REACH who="2" ten="205,472,138,165" step="2"/><W49/><G33/><T122/><D122/><U91/><E32/><V74/><F74/><W84/><G72/><T82/><D82/><U99/><E102/><V60/><F60/><W134/><G120/><T75/><D75/><U63/><E103/><V19/><AGARI ba="1,2" hai="9,12,19,21,22,23,28,29,51,52,58,86,88,93" machi="19" ten="30,8000,1" yaku="1,1,0,1,8,1,54,2,53,0" doraHai="104" doraHaiUra="1" who="2" fromWho="2" sc="205,-21,472,-41,138,103,165,-21" /><INIT seed="6,0,0,4,2,122" ten="184,431,241,144" oya="2" hai0="8,27,93,45,134,11,49,119,95,75,127,42,9" hai1="55,66,94,124,50,20,38,29,48,82,1,79,88" hai2="10,90,54,34,102,33,105,15,3,56,110,67,31" hai3="83,109,0,85,21,40,104,43,30,41,36,44,2"/><V89/><F3/><W123/><G104/><T7/><D119/><U92/><E38/><V46/><F46/><W113/><G123/><T57/><D75/><U80/><E1/><V4/><F67/><W26/><G2/><T126/><D134/><U78/><E66/><V63/><F110/><W101/><G0/><T76/><D76/><N who="1" m="29227" /><E92/><V47/><F47/><W118/><G118/><T96/><D7/><U39/><E39/><V129/><F129/><W37/><G101/><T53/><D27/><N who="1" m="16615" /><E124/><N who="0" m="47657" /><D96/><N who="1" m="57415" /><E48/><AGARI ba="0,0" hai="8,9,11,42,45,48,49,53,57,93,95" m="47657" machi="48" ten="30,1000,0" yaku="18,1" doraHai="122" who="0" fromWho="1" sc="184,10,431,-10,241,0,144,0" /><INIT seed="7,0,0,0,2,37" ten="194,421,241,144" oya="3" hai0="86,103,104,89,50,38,131,92,133,100,128,14,132" hai1="82,25,5,130,23,46,39,55,71,117,111,35,85" hai2="95,48,106,49,98,9,19,125,121,34,80,12,91" hai3="6,101,54,76,70,81,30,88,87,63,94,0,33"/><W29/><G101/><N who="0" m="38987" /><D38/><U7/><E35/><V127/><F34/><W114/><G114/><T56/><D14/><U42/><E71/><V22/><F106/><W119/><G119/><T40/><D56/><U1/><E1/><V99/><F121/><W32/><G32/><T64/><D64/><U20/><E20/><V28/><F80/><W90/><G33/><T72/><D104/><U45/><E111/><V47/><F99/><W10/><G90/><T67/><D67/><U102/><E102/><V84/><F98/><W16/><G16/><T27/><D27/><U62/><E130/><N who="0" m="49705" /><D50/><U68/><E55/><V120/><F120/><W110/><G110/><T116/><D40/><U134/><E85/><V108/><F108/><W43/><G43/><T97/><D72/><U17/><E82/><V36/><F36/><W112/><G112/><T93/><D116/><U58/><E117/><V105/><F105/><W77/><G77/><T53/><D53/><U31/><E17/><V3/><F19/><W73/><REACH who="3" step="1"/><G54/><REACH who="3" ten="194,421,241,134" step="2"/><T60/><D60/><U124/><E42/><N who="2" m="24695" /><F9/><W51/><G51/><T61/><D61/><U83/><E62/><V66/><F49/><W96/><G96/><T75/><D75/><U15/><E7/><V57/><F22/><W41/><G41/><T79/><D79/><U123/><E5/><V135/><F28/><W69/><G69/><T4/><D4/><U109/><E68/><V8/><F8/><W126/><G126/><T115/><D115/><U11/><E124/><V118/><F125/><W21/><G21/><T52/><D52/><U129/><E23/><RYUUKYOKU ba="0,1" sc="194,15,421,-15,241,-15,134,15" hai0="86,89,92,93,97,132,133" hai3="0,6,10,29,30,63,70,73,76,81,87,88,94" /><INIT seed="7,1,1,1,5,37" ten="209,406,226,149" oya="3" hai0="61,100,115,21,73,60,83,24,9,18,47,33,84" hai1="122,35,56,26,67,22,89,88,111,11,119,0,42" hai2="102,36,95,129,30,123,133,40,12,51,53,23,75" hai3="19,59,130,101,2,80,93,71,120,32,44,118,20"/><W31/><G118/><T76/><D115/><U109/><E35/><V108/><F108/><W124/><G120/><T105/><D73/><U117/><E122/><V135/><F123/><W85/><G71/><T46/><D33/><U14/><E0/><V128/><F75/><W63/><G124/><T92/><D105/><U13/><E42/><V17/><F40/><W39/><G130/><N who="2" m="50281" /><F36/><W62/><G2/><T68/><D68/><U50/><E109/><V10/><F102/><W15/><G39/><T3/><D3/><U43/><E67/><V41/><F41/><W6/><G6/><T77/><D77/><U16/><E14/><N who="2" m="9655" /><F95/><W86/><G44/><N who="0" m="16939" /><D9/><U126/><E43/><V70/><F30/><W29/><G32/><T5/><D5/><N who="1" m="3311" /><E126/><V64/><F70/><W49/><G49/><T28/><D28/><N who="3" m="10825" /><G59/><T99/><AGARI ba="1,1" hai="18,21,24,60,61,76,83,84,92,99,100" m="16939" machi="99" ten="30,1100,0" yaku="8,1" doraHai="37" who="0" fromWho="0" sc="209,24,406,-4,226,-4,149,-6" owari="233,3.0,402,51.0,222,-18.0,143,-36.0" /></mjloggm>