<mjloggm ver="2.3"><GO type="169" lobby="0"/><UN n0="%E3%83%88%E3%83%88%E3%83%AA%E5%85%88%E7%94%9F%31%39%E6%AD%B3" n1="%E3%81%A4%E3%81%A3%E3%81%8D%EF%BD%9E%32%6E%64" n2="%E8%8B%A5%E6%9D%BE%E7%94%BA%E3%81%AE%E6%9A%B4%E3%82%8C%E9%A6%AC" n3="%53%61%6D%6D%61%32" dan="18,17,16,16" rate="2294.24,2193.18,2136.86,2122.54" sx="F,F,M,M"/><TAIKYOKU oya="0"/><INIT seed="0,0,0,5,3,20" ten="250,250,250,250" oya="0" hai0="31,18,73,82,26,0,16,70,129,46,14,3,37" hai1="128,83,4,92,57,105,17,130,8,77,53,108,10" hai2="28,116,86,50,56,104,43,38,40,21,62,123,68" hai3="72,35,29,5,47,122,109,134,131,124,78,93,121"/><T111/><D70/><U30/><E105/><V98/><F123/><W51/><G93/><T119/><D119/><U99/><E108/><V125/><F116/><W67/><G67/><T89/><D129/><N who="1" m="49771" /><E30/><V113/><F113/><W42/><G131/><T117/><D117/><U94/><E17/><V95/><F125/><W19/><G109/><T49/><D37/><U115/><E115/><V63/><F104/><W84/><G19/><T126/><D126/><U120/><E120/><N who="3" m="46186" /><G84/><T87/><D73/><U81/><E92/><V33/><F33/><W11/><G124/><T23/><D111/><U54/><E54/><N who="2" m="31831" /><F86/><W36/><G51/><T91/><D18/><U55/><E55/><V41/><F68/><W74/><G134/><T22/><REACH who="0" step="1"/><D91/><REACH who="0" ten="240,250,250,250" step="2"/><U34/><E4/><V75/><F75/><W61/><G78/><T2/><D2/><U76/><E77/><V39/><F39/><W106/><G74/><T88/><D88/><U103/><E76/><V12/><F38/><W127/><G72/><T64/><D64/><U59/><E81/><V101/><F28/><W24/><G127/><T15/><D15/><U13/><E83/><V44/><F12/><W102/><G5/><T85/><D85/><U135/><E13/><V97/><F97/><W132/><G132/><T27/><D27/><U9/><E135/><V45/><F98/><W65/><G36/><T71/><D71/><U52/><E99/><V90/><F90/><W48/><G24/><T118/><D118/><U1/><E1/><V112/><F112/><W80/><G29/><T6/><D6/><U107/><E107/><RYUUKYOKU ba="0,1" sc="240,30,250,-10,250,-10,250,-10" hai0="0,3,14,16,22,23,26,31,46,49,82,87,89" /><INIT seed="0,1,1,0,0,84" ten="270,240,240,240" oya="0" hai0="92,123,49,37,20,88,91,118,115,93,9,36,124" hai1="35,116,72,6,109,104,75,134,27,33,65,131,18" hai2="47,97,42,101,120,8,108,70,114,54,2,34,69" hai3="38,52,50,77,128,41,126,15,62,103,58,121,63"/><T129/><D115/><U76/><E116/><V78/><F120/><W7/><G103/><T130/><D118/><U46/><E104/><V90/><F34/><W112/><G112/><T45/><D123/><U56/><E6/><V60/><F78/><W23/><G121/><T83/><D83/><U43/><E109/><V71/><F108/><W85/><G128/><N who="0" m="49259" /><D124/><U64/><E131/><V122/><F122/><W5/><G126/><T57/><D20/><U117/><E117/><V127/><F127/><W51/><G38/><N who="0" m="14955" /><D57/><U119/><E119/><V21/><F21/><W1/><G1/><T133/><D133/><U19/><E56/><V100/><F114/><W74/><G74/><T17/><D93/><U55/><E46/><V95/><F42/><W14/><G77/><T87/><D87/><U3/><E43/><V39/><F39/><W125/><G125/><T16/><D92/><U82/><E82/><V105/><F105/><W96/><G85/><T79/><D79/><U132/><E76/><V94/><F94/><W99/><G41/><N who="0" m="24751" /><D9/><U89/><E27/><V24/><F24/><W32/><G58/><T110/><D110/><U28/><E28/><V26/><F26/><W40/><G40/><T107/><D107/><U10/><E10/><V61/><F60/><W86/><G32/><T98/><D98/><U13/><E132/><V80/><F80/><W68/><G86/><T11/><D11/><U73/><E73/><V66/><F61/><W81/><G81/><T135/><D135/><U53/><E134/><V106/><F106/><W22/><G22/><T59/><D59/><RYUUKYOKU ba="1,1" sc="270,30,240,-10,240,-10,240,-10" hai0="16,17,88,91" /><INIT seed="0,2,1,2,1,101" ten="300,230,230,230" oya="0" hai0="83,111,131,96,99,119,68,33,40,123,72,0,120" hai1="20,44,5,16,71,10,118,58,1,56,75,73,6" hai2="105,29,32,13,25,112,24,81,14,117,21,18,63" hai3="60,4,124,106,9,98,11,134,12,102,132,95,107"/><T74/><D40/><U17/><E118/><V116/><F112/><W87/><G124/><T77/><D68/><U70/><E44/><V48/><F81/><W94/><G60/><T36/><D36/><U42/><E42/><V90/><F90/><W67/><G67/><T93/><D33/><U66/><E66/><V2/><F63/><W129/><G129/><T110/><D0/><U52/><E20/><V34/><F48/><W125/><G125/><T62/><D62/><U45/><E45/><V92/><F92/><W113/><G113/><T82/><D131/><U61/><E61/><V78/><F78/><W86/><G11/><T43/><D43/><U85/><E85/><V122/><F105/><N who="3" m="39947" /><G95/><T55/><D55/><U30/><E30/><N who="2" m="19535" /><F122/><W7/><G4/><T35/><D35/><U88/><E10/><V53/><F53/><W109/><G109/><N who="0" m="41483" /><D119/><N who="2" m="45642" /><F13/><W64/><G64/><T41/><D41/><U115/><E52/><V31/><F31/><W126/><G126/><T91/><D96/><U89/><E115/><V80/><F80/><W100/><G100/><T128/><D128/><U47/><E47/><V23/><F2/><AGARI ba="2,1" hai="1,2,5,6,16,17,56,58,70,71,73,75,88,89" machi="2" ten="25,6400,0" yaku="22,2,54,2" doraHai="101" who="1" fromWho="2" sc="300,0,230,80,230,-70,230,0" /><INIT seed="1,0,0,1,5,79" ten="300,310,160,230" oya="1" hai0="121,111,19,15,96,82,24,77,123,50,16,100,22" hai1="130,107,29,45,7,75,13,129,84,4,57,31,36" hai2="80,33,85,135,64,27,71,115,110,88,21,47,2" hai3="10,120,74,105,78,58,9,90,41,34,11,94,6"/><U8/><E75/><V119/><F119/><W109/><G34/><T83/><D111/><U12/><E107/><V89/><F110/><W43/><G120/><N who="0" m="46155" /><D50/><U102/><E102/><V70/><F135/><W112/><G105/><N who="0" m="63623" /><D77/><U131/><E57/><V23/><F2/><W69/><G69/><T81/><D81/><U25/><E25/><V0/><F0/><W76/><G109/><T68/><D68/><U122/><E122/><V87/><F115/><W124/><G112/><T54/><D54/><U18/><E84/><V49/><F33/><W5/><G58/><T97/><D97/><U67/><E67/><V35/><F35/><W99/><G124/><T28/><D19/><N who="1" m="8583" /><E45/><V3/><F3/><W39/><G39/><T60/><D60/><U52/><E52/><V20/><F64/><W126/><G126/><T113/><D113/><U61/><E61/><V134/><F134/><W1/><G1/><T55/><D55/><U32/><E36/><V51/><F51/><W93/><G74/><T101/><D101/><U37/><E37/><V114/><F114/><W59/><G59/><T44/><D44/><U95/><E95/><N who="2" m="54671" /><F70/><W127/><G127/><T17/><D17/><U66/><E66/><V128/><F71/><W86/><G94/><T106/><D106/><U42/><E42/><N who="3" m="15882" /><G99/><T63/><D63/><U118/><E118/><V92/><F92/><W62/><G62/><T103/><D103/><U26/><E31/><V30/><F30/><W116/><G116/><T117/><D117/><U133/><E133/><V40/><F40/><W56/><G56/><T46/><D46/><RYUUKYOKU ba="0,0" sc="300,10,310,10,160,-30,230,10" hai0="15,16,22,24,28,82,83" hai1="4,7,13,18,26,29,32,129,130,131" hai3="5,6,9,10,11,76,78,86,90,93" /><INIT seed="1,1,0,4,4,78" ten="310,320,130,240" oya="1" hai0="132,52,114,135,88,60,5,117,71,125,23,104,22" hai1="54,68,58,46,121,20,2,12,19,29,32,81,15" hai2="92,127,6,124,101,3,1,96,10,128,35,89,25" hai3="39,9,113,126,44,45,43,108,30,72,107,112,115"/><U98/><E121/><V87/><F128/><W55/><G30/><T129/><D114/><U99/><E68/><V69/><F69/><W120/><G107/><T8/><D117/><U93/><E2/><V36/><F36/><W118/><G120/><T86/><D104/><U111/><E111/><V130/><F130/><W28/><G28/><T49/><D129/><U95/><E46/><V94/><F35/><W91/><G91/><T70/><D125/><N who="2" m="48202" /><F25/><W134/><G126/><T0/><D23/><U123/><E123/><V11/><F11/><W83/><G108/><T109/><D22/><U65/><E65/><V59/><F59/><W61/><G9/><T4/><D4/><U40/><E40/><V84/><F87/><W74/><G118/><T66/><D71/><U50/><E12/><AGARI ba="1,0" hai="1,3,6,10,12,84,89,92,94,96,101" m="48202" machi="12" ten="30,1000,0" yaku="18,1" doraHai="78" who="2" fromWho="1" sc="310,0,320,-13,130,13,240,0" /><INIT seed="2,0,0,5,2,73" ten="310,307,143,240" oya="2" hai0="37,34,116,85,134,20,40,135,115,63,109,35,26" hai1="38,7,114,1,91,119,10,42,28,47,3,5,86" hai2="113,45,4,23,108,133,32,122,80,132,11,97,110" hai3="84,76,93,129,102,96,112,27,78,103,130,19,125"/><V52/><F113/><W49/><G49/><T44/><D115/><U71/><E114/><V54/><F122/><W121/><G112/><T82/><D63/><U0/><E119/><V69/><F69/><W95/><G121/><T25/><D116/><U111/><E111/><N who="2" m="42539" /><F32/><W88/><G27/><T46/><D46/><U16/><E71/><V59/><F23/><W90/><G19/><T31/><D109/><U100/><E28/><V87/><F97/><W24/><G24/><T57/><D57/><U51/><E38/><V68/><F68/><W72/><G125/><T66/><D66/><U74/><E74/><V13/><F45/><W9/><G9/><T104/><D104/><U127/><E100/><N who="3" m="38442" /><G72/><T39/><D39/><U106/><E106/><V15/><F15/><W98/><G84/><T22/><D34/><U105/><E105/><V33/><F33/><W101/><N who="3" m="38450" /><W53/><DORA hai="70" /><G53/><N who="2" m="20585" /><F59/><W61/><G61/><T36/><D36/><U124/><E124/><V14/><F14/><W118/><G118/><T120/><D120/><U48/><E127/><V77/><AGARI ba="0,0" hai="4,11,13,77,80,87,132,133" m="20585,42539" machi="77" ten="30,11700,0" yaku="14,1,10,1,52,1,54,1" doraHai="73,70" who="2" fromWho="2" sc="310,-39,307,-39,143,117,240,-39" /><INIT seed="2,1,0,4,2,124" ten="271,268,260,201" oya="2" hai0="7,91,72,84,78,102,15,96,113,98,101,32,63" hai1="77,122,69,89,0,119,5,52,50,27,26,24,106" hai2="74,125,10,34,39,120,16,93,21,43,44,54,51" hai3="107,116,18,13,42,25,110,114,76,19,45,67,109"/><V135/><F120/><W41/><G107/><T55/><D32/><U130/><E119/><V73/><F34/><W20/><G67/><T30/><D30/><U80/><E122/><V8/><F125/><W82/><G116/><T46/><D113/><U131/><E69/><V70/><F135/><W66/><G66/><T127/><D78/><U128/><E106/><V87/><F70/><W129/><G114/><T4/><D72/><N who="1" m="43047" /><E89/><V56/><F74/><W23/><G45/><T3/><D3/><U133/><E133/><V103/><F73/><W132/><G132/><T65/><D127/><U88/><E88/><N who="2" m="53407" /><F103/><N who="0" m="39434" /><D65/><U60/><E60/><V118/><F118/><W83/><G83/><N who="0" m="49567" /><D15/><AGARI ba="1,0" hai="8,10,15,16,21,39,43,44,51,54,56" m="53407" machi="15" ten="30,5800,0" yaku="25,1,54,2" doraHai="124" who="2" fromWho="0" sc="271,-61,268,0,260,61,201,0" /><INIT seed="2,2,0,4,0,64" ten="210,268,321,201" oya="2" hai0="42,54,126,65,84,30,10,44,124,21,3,41,75" hai1="116,86,87,55,100,37,89,119,94,128,51,108,35" hai2="61,74,7,113,13,96,117,71,106,33,27,31,28" hai3="16,122,125,68,67,58,56,83,88,8,36,62,39"/><V45/><F113/><W73/><G122/><T52/><D75/><U70/><E108/><V76/><F117/><W26/><G125/><N who="0" m="48235" /><D42/><U0/><E128/><V98/><F31/><W114/><G114/><T50/><D65/><U34/><E37/><V40/><F106/><W2/><G2/><T93/><D30/><U127/><E127/><V38/><F61/><W95/><G73/><T110/><D21/><U18/><E100/><V112/><F112/><W19/><G83/><T97/><D84/><U63/><E0/><V24/><F24/><W77/><G77/><T81/><D81/><U102/><E102/><V107/><F107/><W118/><G118/><T135/><D135/><U105/><E105/><V49/><F38/><W69/><G26/><T12/><D3/><U123/><E18/><V46/><F46/><W14/><G19/><N who="0" m="8599" /><D110/><U53/><E123/><V92/><F74/><W121/><G121/><T22/><D22/><U57/><E86/><V133/><F133/><W104/><G39/><T17/><D17/><U20/><E20/><V111/><F111/><W82/><G36/><T11/><D11/><U130/><E130/><V5/><F76/><W72/><G104/><T90/><AGARI ba="2,0" hai="41,44,50,52,54,90,93,97" m="8599,48235" machi="90" ten="30,2000,0" yaku="18,1,54,1" doraHai="64" who="0" fromWho="0" sc="210,26,268,-7,321,-12,201,-7" /><INIT seed="3,0,0,1,2,82" ten="236,261,309,194" oya="3" hai0="83,76,124,66,2,11,69,99,37,5,31,110,122" hai1="35,135,29,36,42,87,113,89,26,98,95,59,58" hai2="126,47,61,27,4,9,92,6,119,75,111,106,7" hai3="18,84,14,38,50,120,94,30,77,108,28,55,23"/><W49/><G38/><T109/><D122/><U17/><E135/><V131/><F106/><W48/><G120/><T25/><D124/><U105/><E113/><V20/><F119/><W24/><G108/><N who="0" m="41579" /><D37/><U79/><E36/><V33/><F33/><W40/><G40/><T85/><D99/><U102/><E42/><V19/><F75/><W86/><G77/><T103/><D103/><U104/><E104/><V88/><F126/><W73/><G73/><T44/><D44/><U21/><REACH who="1" step="1"/><E79/><REACH who="1" ten="236,251,309,194" step="2"/><V116/><F116/><W53/><G94/><T46/><D76/><U0/><E0/><V56/><F111/><W52/><REACH who="3" step="1"/><G30/><REACH who="3" ten="236,251,309,184" step="2"/><T22/><D31/><U15/><AGARI ba="0,2" hai="15,17,21,26,29,35,58,59,87,89,95,98,102,105" machi="15" ten="20,5200,0" yaku="1,1,0,1,7,1,52,1,53,0" doraHai="82" doraHaiUra="3" who="1" fromWho="1" sc="236,-13,251,72,309,-13,184,-26" /><INIT seed="4,0,0,4,3,89" ten="223,323,296,158" oya="0" hai0="71,70,101,129,17,22,78,30,110,31,90,15,97" hai1="80,1,69,54,103,4,131,46,26,130,67,37,66" hai2="10,20,135,119,65,9,108,72,84,58,19,125,93" hai3="120,82,111,55,42,35,113,49,16,92,52,122,99"/><T53/><D129/><N who="1" m="49163" /><E69/><V51/><F108/><W109/><G35/><T23/><D110/><U94/><E80/><V25/><F72/><W24/><G82/><T63/><D78/><U116/><E116/><V112/><F119/><W91/><G113/><T123/><D123/><N who="3" m="47145" /><G42/><T0/><D0/><U3/><E26/><V86/><F112/><W2/><G2/><T121/><D121/><U18/><E18/><V59/><F125/><W74/><G74/><T118/><D118/><U117/><E117/><V28/><F135/><W40/><G40/><T57/><D90/><U85/><E37/><V126/><F126/><W13/><G24/><T34/><D34/><U60/><E103/><V68/><F68/><W48/><G48/><T83/><D83/><U81/><E81/><V124/><F124/><W45/><G55/><T43/><D43/><U29/><E54/><N who="2" m="32095" /><F28/><W7/><G7/><T96/><D70/><U5/><E29/><N who="0" m="10761" /><D71/><U12/><E4/><V8/><F93/><W134/><G134/><T50/><D101/><U133/><E133/><V75/><F75/><W128/><G128/><T27/><D50/><U56/><E67/><V77/><F77/><W95/><G95/><T39/><D39/><U14/><E5/><V44/><F44/><W104/><G104/><T6/><D6/><U11/><E46/><V47/><F47/><W102/><G102/><T105/><D105/><U106/><E106/><V88/><F88/><W132/><G132/><T76/><D76/><U33/><E33/><V62/><AGARI ba="0,0" hai="8,9,10,19,20,25,59,62,65,84,86" m="32095" machi="62" ten="30,1100,0" yaku="8,1" doraHai="89" who="2" fromWho="2" sc="223,-5,323,-3,296,11,158,-3" /><INIT seed="5,0,0,4,1,30" ten="218,320,307,155" oya="1" hai0="45,95,6,18,46,107,65,108,12,130,57,47,22" hai1="68,86,38,131,102,1,76,91,92,128,31,115,29" hai2="100,9,61,35,110,117,81,23,51,75,58,34,111" hai3="79,101,40,116,59,82,97,94,48,93,106,129,43"/><U39/><E115/><V99/><F117/><W53/><G116/><T125/><D108/><U42/><E1/><V63/><F23/><W73/><G129/><N who="1" m="49738" /><E68/><V27/><F9/><W17/><G17/><T44/><D107/><U19/><E76/><V113/><F113/><W49/><G49/><T55/><D125/><U134/><E134/><V2/><F2/><W121/><G121/><T28/><D130/><U54/><E19/><V88/><F51/><W67/><G67/><T3/><D65/><U124/><E124/><V114/><F114/><W25/><G25/><T90/><D28/><U52/><E102/><V87/><F75/><W105/><G105/><T15/><D3/><U7/><E7/><V20/><F110/><W84/><REACH who="3" step="1"/><G94/><REACH who="3" ten="218,320,307,145" step="2"/><T11/><D45/><N who="1" m="23767" /><E39/><V36/><F36/><W126/><G126/><T50/><REACH who="0" step="1"/><D46/><REACH who="0" ten="208,320,307,145" step="2"/><U112/><E112/><V104/><F111/><W41/><G41/><T122/><D122/><U83/><E29/><V16/><F63/><W64/><G64/><AGARI ba="0,2" hai="16,20,27,34,35,58,61,64,81,87,88,99,100,104" machi="64" ten="30,8000,1" yaku="7,1,52,2,54,2" doraHai="30" who="2" fromWho="3" sc="208,0,320,0,307,100,145,-80" /><INIT seed="6,0,0,2,2,40" ten="208,320,407,65" oya="2" hai0="24,123,103,25,99,14,48,113,61,0,97,125,93" hai1="121,20,79,135,107,34,19,87,108,6,13,41,47" hai2="67,5,10,3,55,35,112,37,75,65,74,51,95" hai3="7,17,54,111,63,50,60,15,134,39,124,46,129"/><V115/><F37/><W106/><G106/><T78/><D123/><U26/><E108/><V84/><F35/><W104/><G104/><T85/><D0/><U90/><E135/><V9/><F9/><W109/><G134/><T66/><D113/><N who="2" m="43594" /><F84/><W89/><G7/><T22/><D125/><U71/><E121/><V119/><F119/><W82/><G124/><T128/><D128/><U68/><E87/><V1/><F95/><W73/><G129/><T133/><D133/><U118/><E34/><V27/><F27/><W29/><G29/><T100/><D48/><U88/><E26/><V36/><F36/><W80/><G39/><T16/><D85/><U52/><E107/><V70/><F1/><W94/><G73/><N who="2" m="27657" /><F70/><W11/><G111/><T28/><D78/><U56/><E71/><V102/><F102/><W132/><G132/><T2/><D2/><U110/><E68/><V58/><AGARI ba="0,0" hai="3,5,10,51,55,58,65,67" m="27657,43594" machi="58" ten="30,1500,0" yaku="15,1" doraHai="40" who="2" fromWho="2" sc="208,-5,320,-5,407,15,65,-5" /><INIT seed="6,1,0,3,3,16" ten="203,315,422,60" oya="2" hai0="33,57,131,6,34,78,56,69,3,2,18,93,1" hai1="83,0,133,86,72,135,58,45,40,5,54,9,44" hai2="23,10,81,123,110,35,61,130,52,64,15,50,98" hai3="87,7,77,100,37,114,19,108,51,89,28,12,119"/><V63/><F123/><W115/><G37/><T70/><D131/><U104/><E104/><V14/><F35/><N who="0" m="13322" /><D18/><U17/><E17/><N who="2" m="10687" /><F130/><W82/><G119/><T88/><D93/><U30/><E30/><V103/><F110/><W60/><G108/><T32/><D32/><U107/><E107/><V71/><F64/><W11/><G28/><T99/><D78/><N who="1" m="44487" /><E86/><V41/><F41/><W20/><G100/><T26/><D6/><U97/><E97/><V79/><F71/><N who="0" m="27146" /><D99/><U48/><E40/><V121/><F81/><W124/><G124/><T84/><D84/><U112/><E44/><N who="2" m="27719" /><F79/><W13/><G60/><T24/><D88/><U49/><E45/><V8/><F8/><W53/><REACH who="3" step="1"/><G77/><REACH who="3" ten="203,315,422,50" step="2"/><T109/><D109/><U59/><E49/><V21/><F63/><W66/><G66/><T31/><D31/><U128/><E48/><V29/><F61/><W132/><G132/><T101/><D101/><U47/><E133/><V42/><F103/><W134/><G134/><T105/><D105/><U67/><E135/><V116/><F29/><W91/><G91/><T129/><D129/><U55/><E128/><V85/><F121/><W113/><G113/><T102/><D102/><U68/><E112/><V111/><F111/><W25/><G25/><AGARI ba="1,1" hai="1,2,3,24,25,26,56,57" m="27146,13322" machi="25" ten="40,2600,0" yaku="28,2" doraHai="16" who="0" fromWho="3" sc="203,39,315,0,422,0,50,-29" /><INIT seed="7,0,0,2,3,71" ten="242,315,422,21" oya="3" hai0="105,96,85,69,40,124,68,8,17,126,9,78,101" hai1="94,92,72,0,42,28,34,130,54,90,10,91,46" hai2="133,22,109,58,5,1,86,132,61,135,102,114,39" hai3="11,30,108,3,21,56,125,117,84,64,75,31,106"/><W62/><G106/><T67/><D40/><U41/><E72/><V60/><F39/><W127/><G75/><T74/><D67/><U76/><E76/><V49/><F109/><W48/><G108/><T16/><D74/><U63/><E34/><V13/><F114/><W35/><G35/><T57/><D57/><N who="1" m="35255" /><E0/><V83/><F102/><W99/><G99/><T100/><D78/><U18/><E28/><V79/><F1/><W25/><G117/><T15/><D85/><N who="1" m="52303" /><E130/><V7/><F22/><W95/><G48/><T33/><D33/><U52/><E52/><N who="2" m="32015" /><F13/><W113/><G113/><T112/><D112/><U120/><E120/><V36/><F36/><W103/><G31/><T27/><D27/><U87/><E46/><V118/><F118/><W20/><G20/><T32/><D32/><U115/><E115/><V37/><F37/><W59/><G59/><T97/><REACH who="0" step="1"/><D15/><AGARI ba="0,0" hai="10,15,18,41,42,87,91,94" m="52303,35255" machi="15" ten="30,1000,0" yaku="8,1" doraHai="71" who="1" fromWho="0" sc="242,-10,315,10,422,0,21,0" owari="232,-17.0,325,13.0,422,52.0,21,-48.0" /></mjloggm>