<mjloggm ver="2.3"><GO type="169" lobby="0"/><UN n0="%73%69%6E%73%69%73%74" n1="%E3%82%A6%E3%83%AB%E3%83%88%E3%83%A9%E7%AB%8B%E7%9B%B4" n2="%74%65%40%72%73" n3="%64%64%6D%75" dan="18,17,17,16" rate="2266.05,2169.44,2182.62,2118.52" sx="M,M,M,M"/><TAIKYOKU oya="0"/><INIT seed="0,0,0,5,1,94" ten="250,250,250,250" oya="0" hai0="80,24,125,18,82,63,64,67,13,98,95,34,132" hai1="127,84,115,19,121,124,54,38,110,27,56,0,59" hai2="107,50,55,102,120,22,62,48,112,106,25,20,9" hai3="109,96,12,15,57,81,6,126,45,14,117,128,10"/><T91/><D125/><U74/><E74/><V52/><F120/><W8/><G117/><T104/><D132/><U23/><E121/><V39/><F39/><W69/><G69/><T28/><D104/><U36/><E0/><V78/><F112/><W99/><G126/><N who="1" m="48170" /><E115/><V33/><F78/><W1/><G128/><T119/><D119/><U70/><E70/><V51/><F9/><W7/><G109/><T71/><REACH who="0" step="1"/><D67/><REACH who="0" ten="240,250,250,250" step="2"/><U73/><E110/><V35/><F107/><W3/><G81/><T5/><D5/><U31/><E73/><V32/><F55/><W85/><G85/><T44/><D44/><U113/><E113/><V135/><F52/><W75/><G75/><T29/><D29/><U130/><E130/><V49/><F106/><W105/><G45/><T97/><D97/><U65/><E84/><V60/><F135/><W100/><G96/><T88/><D88/><U11/><E65/><V77/><F102/><W2/><REACH who="3" step="1"/><G57/><REACH who="3" ten="240,250,250,240" step="2"/><T108/><D108/><U76/><E59/><V42/><F42/><W37/><G37/><T43/><D43/><U83/><E38/><V89/><F89/><W90/><G90/><T134/><D134/><U58/><E36/><V101/><F101/><W61/><G61/><T40/><D40/><U30/><E56/><V47/><F62/><W16/><G16/><T66/><D66/><U122/><E122/><V79/><F60/><W92/><G92/><T72/><D72/><U118/><E58/><V21/><N who="2" m="12800" /><DORA hai="116" /><V123/><F47/><W53/><G53/><T103/><D103/><U131/><E54/><V86/><F123/><RYUUKYOKU ba="0,2" sc="240,15,250,-15,250,-15,240,15" hai0="13,18,24,28,34,63,64,71,80,82,91,95,98" hai3="1,2,3,6,7,8,10,12,14,15,99,100,105" /><INIT seed="0,1,2,1,0,57" ten="255,235,235,255" oya="0" hai0="82,123,58,12,43,113,18,110,50,26,67,55,116" hai1="93,124,107,134,129,70,91,114,52,111,4,5,56" hai2="81,40,22,72,61,48,20,34,45,28,101,49,17" hai3="7,133,6,97,98,41,0,96,46,27,13,62,24"/><T102/><D113/><U44/><E70/><V23/><F101/><W9/><G133/><T78/><D116/><U104/><E134/><V85/><F72/><W68/><G6/><T126/><D123/><U1/><E114/><V95/><F95/><W117/><G0/><T10/><D126/><U100/><E124/><V60/><F48/><W80/><G80/><T65/><D110/><U106/><E111/><V76/><REACH who="2" step="1"/><F17/><REACH who="2" ten="255,235,225,255" step="2"/><W32/><G117/><T38/><D102/><U99/><E129/><V84/><F84/><W39/><REACH who="3" step="1"/><G32/><REACH who="3" ten="255,235,225,245" step="2"/><T75/><D82/><U128/><E128/><V79/><F79/><W103/><G103/><T8/><D78/><U132/><E132/><V131/><F131/><W105/><G105/><T115/><D115/><U14/><E106/><V29/><F29/><W122/><G122/><T92/><D75/><U109/><E107/><V135/><F135/><W130/><G130/><T66/><D92/><U87/><E109/><V125/><F125/><W59/><G59/><T108/><D108/><U120/><E120/><V83/><F83/><W64/><AGARI ba="1,4" hai="7,9,13,24,27,39,41,46,62,64,68,96,97,98" machi="64" ten="30,4000,0" yaku="1,1,0,1,52,1,53,0" doraHai="57" doraHaiUra="127" who="3" fromWho="3" sc="255,-21,235,-11,225,-11,245,83" /><INIT seed="1,0,0,3,2,64" ten="234,224,214,328" oya="1" hai0="127,4,29,22,135,16,51,59,25,28,120,20,11" hai1="80,90,46,119,6,66,86,48,21,26,109,47,57" hai2="129,40,77,67,99,74,39,95,91,53,42,113,84" hai3="24,34,55,44,31,17,65,1,71,103,128,58,5"/><U76/><E119/><V30/><F129/><W110/><G128/><T116/><D116/><U52/><E109/><V115/><F74/><W114/><G114/><N who="2" m="43529" /><F39/><W87/><G110/><T97/><D127/><U79/><E6/><V82/><F67/><W78/><G103/><T27/><D135/><U100/><E100/><N who="2" m="60543" /><F30/><W96/><G96/><T18/><D97/><U3/><E3/><V56/><F91/><W7/><G44/><N who="1" m="16938" /><E66/><V108/><F108/><W131/><G131/><T112/><D112/><U62/><E48/><AGARI ba="0,0" hai="40,42,48,53,56,77,82,84" m="60543,43529" machi="48" ten="30,1000,0" yaku="11,1" doraHai="64" who="2" fromWho="1" sc="234,0,224,-10,214,10,328,0" /><INIT seed="2,0,0,3,5,106" ten="234,214,224,328" oya="2" hai0="109,45,49,68,124,121,51,29,134,87,27,125,102" hai1="11,40,100,116,118,20,101,103,96,12,97,50,9" hai2="133,59,55,99,46,88,54,75,26,56,107,78,34" hai3="79,95,28,117,104,17,123,6,98,63,128,64,18"/><V3/><F3/><W7/><G123/><T62/><D121/><U25/><E118/><V67/><F133/><W113/><G117/><T15/><D134/><U65/><E65/><V21/><F34/><W80/><G104/><T44/><D102/><U71/><E71/><V122/><F122/><W13/><G28/><T36/><D109/><U53/><E40/><V120/><F46/><N who="0" m="18026" /><D15/><U39/><E39/><V92/><F120/><W83/><G83/><T4/><D4/><U85/><E85/><V131/><F131/><W111/><G111/><T129/><D87/><U76/><E76/><V127/><F127/><N who="0" m="48714" /><D36/><U31/><E116/><V1/><F67/><W126/><G128/><T32/><D129/><U38/><E38/><V105/><F1/><W19/><G126/><T58/><D68/><U74/><E74/><V10/><F10/><N who="1" m="3593" /><E12/><V30/><F78/><W70/><G13/><T5/><D5/><U77/><E77/><V66/><F66/><AGARI ba="0,0" hai="27,29,32,49,51,58,62,66" m="48714,18026" machi="66" ten="30,1000,0" yaku="18,1" doraHai="106" who="0" fromWho="2" sc="234,10,214,0,224,-10,328,0" /><INIT seed="3,0,0,5,5,68" ten="244,214,214,328" oya="3" hai0="124,48,3,18,61,25,92,121,13,65,132,99,71" hai1="114,87,42,17,45,47,53,112,105,16,128,113,130" hai2="74,108,32,35,102,109,22,88,110,76,52,49,40" hai3="58,115,50,133,63,57,62,59,78,34,30,91,80"/><W21/><G115/><T126/><D121/><U111/><E105/><V9/><F40/><W86/><G133/><T11/><D132/><U95/><E53/><V81/><F102/><W123/><G123/><T106/><D106/><U107/><E107/><V60/><F60/><W44/><G34/><T6/><D48/><U100/><E111/><V14/><F22/><W73/><G21/><T101/><D25/><U66/><E66/><V83/><F83/><W75/><G30/><T2/><REACH who="0" step="1"/><D18/><REACH who="0" ten="234,214,214,328" step="2"/><U97/><E17/><V10/><F110/><W19/><G19/><T7/><D7/><U15/><E113/><V0/><F109/><W125/><G125/><AGARI ba="0,1" hai="2,3,6,11,13,61,65,71,92,99,101,124,125,126" machi="125" ten="40,2600,0" yaku="1,1,18,1,53,0" doraHai="68" doraHaiUra="131" who="0" fromWho="3" sc="234,36,214,0,214,0,328,-26" /><INIT seed="4,0,0,2,3,52" ten="270,214,214,302" oya="0" hai0="35,65,127,27,74,7,105,130,118,117,128,17,21" hai1="77,54,124,4,86,87,64,63,44,8,125,111,3" hai2="0,89,96,45,50,131,76,101,66,104,121,71,134" hai3="19,39,43,23,26,9,106,55,107,33,102,34,68"/><T75/><D105/><U69/><E111/><V92/><F121/><W10/><G107/><T16/><D65/><U18/><E18/><V6/><F131/><N who="0" m="50218" /><D74/><U67/><E67/><V51/><F134/><W22/><G68/><T30/><D75/><U120/><E120/><V133/><F133/><W15/><G43/><T123/><D123/><U11/><E11/><V93/><F76/><W14/><G39/><T70/><D70/><U40/><E54/><V108/><F108/><W112/><G112/><T25/><D127/><N who="1" m="48715" /><E77/><V29/><F29/><N who="3" m="17631" /><G55/><T90/><D90/><U99/><E99/><V78/><F78/><W94/><G94/><T72/><D72/><U31/><E31/><V110/><F93/><W61/><G61/><T13/><D7/><U83/><E83/><V1/><F6/><N who="3" m="3383" /><G34/><T73/><D73/><U20/><E63/><V82/><F66/><W62/><G62/><T135/><D135/><U115/><E64/><V126/><F71/><W81/><G81/><T116/><D116/><U41/><E69/><V58/><F126/><W49/><G33/><T88/><D88/><U113/><E113/><V28/><F110/><W80/><G80/><T59/><D59/><U114/><E114/><V5/><F82/><W46/><G106/><T24/><D24/><U122/><E115/><V42/><F104/><W79/><G79/><T2/><D2/><U85/><E122/><V60/><F60/><W56/><G56/><T53/><D53/><U109/><E109/><V37/><F58/><W48/><G102/><T57/><D57/><U100/><E100/><V36/><F101/><RYUUKYOKU ba="0,0" sc="270,30,214,-10,214,-10,302,-10" hai0="13,16,17,21,25,27,30,35,117,118" /><INIT seed="4,1,0,0,0,99" ten="300,204,204,292" oya="0" hai0="36,12,24,20,112,91,84,35,54,102,51,126,1" hai1="37,43,76,75,100,83,28,135,32,129,60,34,120" hai2="6,56,55,50,25,103,116,134,122,78,57,7,66" hai3="117,96,13,89,106,113,114,118,41,2,49,82,5"/><T22/><D36/><U128/><E120/><V0/><F122/><W124/><G2/><T127/><D1/><U46/><E135/><V58/><F134/><W52/><G41/><T23/><D112/><N who="3" m="43113" /><G124/><N who="0" m="47659" /><D102/><U4/><E4/><N who="2" m="1579" /><F0/><W115/><G115/><T107/><D107/><U86/><E75/><V38/><F38/><W11/><G82/><N who="0" m="49559" /><D12/><U39/><E39/><V108/><F108/><W16/><G5/><T26/><D35/><U63/><E34/><V9/><F25/><W19/><G19/><T62/><D62/><U31/><E32/><V68/><F103/><N who="3" m="62823" /><G89/><T67/><D67/><U121/><E121/><V119/><F78/><W17/><G17/><T110/><D110/><U29/><REACH who="1" step="1"/><E100/><REACH who="1" ten="300,194,204,292" step="2"/><V18/><F119/><W79/><G79/><T85/><D85/><U45/><E45/><AGARI ba="1,1" hai="11,13,16,45,49,52,117,118" m="62823,43113" machi="45" ten="30,7700,0" yaku="15,1,52,1,54,2" doraHai="99" who="3" fromWho="1" sc="300,0,194,-80,204,0,292,90" /><AGARI ba="1,0" hai="20,22,23,24,26,45,51,54" m="49559,47659" machi="45" ten="30,1500,0" yaku="18,1" doraHai="99" who="0" fromWho="1" sc="300,15,114,-15,204,0,382,0" /><INIT seed="4,2,0,3,3,17" ten="315,99,204,382" oya="0" hai0="18,133,48,44,39,76,31,80,110,34,33,86,83" hai1="68,53,63,55,5,27,54,0,112,67,87,101,90" hai2="126,105,109,88,52,97,72,19,30,132,11,117,29" hai3="85,77,116,134,107,49,71,78,60,93,123,1,46"/><T111/><D133/><U15/><E112/><V100/><F132/><W25/><G107/><T124/><D124/><U8/><E101/><V89/><F109/><N who="0" m="41482" /><D39/><U41/><E41/><V66/><F66/><W135/><G1/><T130/><D130/><U42/><E42/><V91/><F126/><W14/><G116/><T65/><D65/><U131/><E131/><V9/><F72/><W43/><G14/><T45/><D31/><U113/><E113/><V104/><F104/><W28/><G123/><T99/><D99/><U106/><E106/><V92/><F105/><W129/><G129/><T128/><D128/><U73/><E73/><V32/><F32/><N who="0" m="12394" /><D48/><U59/><E27/><V127/><F127/><W69/><G25/><T40/><D40/><U47/><E0/><V114/><F114/><W74/><G28/><T62/><D62/><U2/><E2/><V35/><F35/><W36/><G60/><T121/><D80/><U118/><E118/><V13/><F117/><W96/><G36/><T102/><D102/><U119/><E119/><V51/><REACH who="2" step="1"/><F9/><REACH who="2" ten="315,99,194,382" step="2"/><W37/><G74/><T56/><D121/><U125/><E125/><V122/><F122/><W64/><G64/><T58/><D44/><AGARI ba="2,1" hai="11,13,19,29,30,44,51,52,88,89,91,92,97,100" machi="44" ten="40,8000,1" yaku="1,1,8,1,54,2,53,0" doraHai="17" doraHaiUra="21" who="2" fromWho="0" sc="315,-86,99,0,194,96,382,0" /><INIT seed="5,0,0,2,4,75" ten="229,99,290,382" oya="1" hai0="131,56,67,25,87,43,135,70,39,19,33,44,126" hai1="127,1,124,95,22,29,104,5,115,41,113,40,21" hai2="114,23,62,20,110,72,16,60,88,111,133,11,36" hai3="109,106,45,17,97,128,96,116,68,0,42,105,119"/><U63/><E104/><V59/><F72/><W31/><G109/><T73/><D73/><U35/><E63/><V99/><F36/><W79/><G68/><T6/><D126/><N who="1" m="48171" /><E95/><N who="2" m="56807" /><F133/><W66/><G66/><T112/><D135/><U108/><E108/><V92/><F92/><W89/><G128/><T4/><D70/><U129/><E129/><V125/><F125/><W64/><G64/><T49/><D112/><N who="1" m="43083" /><E41/><V91/><F114/><W69/><G69/><T2/><D131/><U38/><E40/><V3/><F62/><W101/><G42/><T15/><D39/><U46/><E46/><V18/><F111/><W8/><G45/><T27/><D43/><U10/><E38/><V130/><F130/><W74/><G106/><T90/><D44/><U24/><AGARI ba="0,0" hai="1,5,10,21,22,24,29,35" m="43083,48171" machi="24" ten="40,12000,1" yaku="18,1,15,1,34,2" doraHai="75" who="1" fromWho="1" sc="229,-40,99,120,290,-40,382,-40" /><INIT seed="5,1,0,2,5,40" ten="189,219,250,342" oya="1" hai0="46,100,28,34,82,60,93,53,94,12,120,0,129" hai1="39,122,125,111,19,92,76,108,109,57,80,78,69" hai2="117,44,105,49,52,41,71,3,51,10,67,97,124" hai3="23,61,27,86,32,89,68,2,121,66,104,7,88"/><U37/><E69/><V81/><F117/><W102/><G121/><T84/><D0/><U5/><E122/><V35/><F35/><W131/><G131/><T64/><D129/><U22/><E125/><V58/><F124/><W45/><G86/><T75/><D75/><U63/><E92/><V16/><F81/><W6/><G2/><T73/><D73/><U85/><E5/><N who="3" m="1546" /><G45/><T1/><D1/><U95/><E95/><V30/><F30/><N who="3" m="19551" /><G23/><T33/><D33/><U123/><E78/><V56/><F71/><W47/><G47/><T31/><D120/><U99/><E99/><AGARI ba="1,0" hai="61,66,68,88,89,99,102,104" m="19551,1546" machi="99" ten="30,2000,0" yaku="25,1,54,1" doraHai="40" who="3" fromWho="1" sc="189,0,219,-23,250,0,342,23" /><INIT seed="6,0,0,0,3,45" ten="189,196,250,365" oya="2" hai0="13,93,113,2,29,101,81,53,60,31,128,124,79" hai1="132,59,10,115,0,46,104,125,74,88,90,27,122" hai2="129,112,87,33,20,108,57,83,61,102,118,36,52" hai3="38,30,107,51,121,135,41,91,7,103,100,18,96"/><V89/><F118/><W15/><G121/><T106/><D2/><U134/><E104/><V25/><F112/><W76/><G38/><T70/><D106/><U50/><E74/><V63/><F129/><W85/><G76/><T126/><D113/><U14/><E0/><V48/><F36/><W73/><G103/><T120/><D120/><U43/><E115/><V71/><F108/><W64/><G73/><T28/><D128/><U26/><E59/><V67/><F102/><W110/><G64/><N who="0" m="41223" /><D53/><U117/><E122/><V42/><F42/><W116/><G135/><N who="1" m="51754" /><E117/><V11/><F11/><W131/><G131/><T94/><D13/><U75/><E75/><V24/><F33/><W127/><G127/><N who="0" m="48683" /><D101/><U66/><E66/><V111/><F111/><W47/><G110/><T54/><D54/><U133/><N who="1" m="51762" /><U92/><DORA hai="55" /><E125/><V84/><F20/><W109/><G109/><T32/><D32/><U119/><E119/><V69/><F69/><W3/><G3/><T86/><AGARI ba="0,0" hai="28,29,31,79,81,86,93,94" m="48683,41223" machi="86" ten="30,1100,0" yaku="18,1" doraHai="45,55" who="0" fromWho="0" sc="189,11,196,-3,250,-5,365,-3" /><INIT seed="7,0,0,3,3,11" ten="200,193,245,362" oya="3" hai0="133,7,31,129,16,35,105,1,22,43,131,84,27" hai1="21,18,17,120,99,77,85,26,96,117,52,86,64" hai2="101,25,74,87,91,9,61,110,38,24,47,108,3" hai3="125,102,67,46,28,79,32,15,111,62,68,130,71"/><W114/><G114/><T13/><D105/><U119/><E120/><V2/><F101/><W20/><G79/><T134/><D43/><U51/><E64/><V83/><F74/><W78/><G78/><T48/><D48/><U6/><E6/><V98/><F98/><N who="1" m="37417" /><E77/><V5/><F3/><W121/><G68/><T81/><D84/><N who="1" m="32363" /><E119/><V107/><F107/><W10/><G32/><T19/><D81/><U89/><E117/><V73/><F73/><W42/><G121/><T34/><D34/><U97/><N who="1" m="37425" /><U88/><DORA hai="135" /><E17/><V116/><F91/><W39/><G102/><T109/><D109/><U128/><E128/><N who="0" m="49225" /><D19/><U123/><E123/><V14/><F87/><W8/><G130/><T50/><D50/><U93/><E93/><V45/><F83/><W95/><G95/><T60/><D60/><U118/><E118/><V53/><F61/><W75/><G62/><T30/><D30/><U58/><AGARI ba="0,0" hai="18,21,26,51,52,58,88,89" m="32363,37425" machi="58" ten="40,5200,0" yaku="8,1,54,2" doraHai="11,135" who="1" fromWho="1" sc="200,-13,193,52,245,-13,362,-26" owari="187,-31.0,245,5.0,232,-17.0,336,43.0" /></mjloggm>