<mjloggm ver="2.3"><GO type="169" lobby="0"/><UN n0="%53%42%E9%81%8A%E6%88%B2" n1="%E4%BA%BA%E9%B3%A5%E4%BE%8D%E6%A5%B5" n2="%E3%81%A1%E3%81%AA%E3%81%A4%E7%84%A1%E5%8F%8C%EF%BC%81" n3="%E3%82%A6%E3%83%AB%E3%83%88%E3%83%A9%E7%AB%8B%E7%9B%B4" dan="16,18,16,17" rate="2047.53,2241.01,2124.18,2158.91" sx="M,M,M,M"/><TAIKYOKU oya="0"/><INIT seed="0,0,0,1,4,118" ten="250,250,250,250" oya="0" hai0="24,59,55,123,57,21,110,135,111,134,22,97,39" hai1="2,108,36,14,30,76,92,81,8,106,87,52,25" hai2="44,29,116,122,79,80,73,58,74,130,85,90,47" hai3="70,40,127,3,77,45,33,100,112,62,27,125,48"/><T121/><D97/><U114/><E106/><V28/><F116/><W83/><G3/><T91/><D91/><U95/><E36/><V10/><F130/><W20/><G33/><T0/><D0/><U78/><E2/><V94/><F122/><N who="0" m="46602" /><D39/><U131/><E131/><V99/><F58/><N who="0" m="22026" /><D55/><U89/><E114/><V109/><F99/><W60/><G112/><T6/><D6/><U107/><E78/><V49/><F79/><W96/><G96/><T101/><D101/><U43/><E76/><V42/><F90/><W75/><G100/><T16/><D22/><U98/><E107/><V61/><F74/><W71/><G71/><T84/><D84/><U12/><E98/><V32/><F85/><W124/><REACH who="3" step="1"/><G70/><REACH who="3" ten="250,250,250,240" step="2"/><T115/><D115/><U13/><E8/><V41/><F10/><W51/><G51/><T132/><AGARI ba="0,1" hai="16,21,24,110,111,132,134,135" m="22026,46602" machi="132" ten="40,12000,1" yaku="20,1,52,3,54,1" doraHai="118" who="0" fromWho="0" sc="250,130,250,-40,250,-40,240,-40" /><INIT seed="0,1,0,5,2,113" ten="380,210,210,200" oya="0" hai0="7,64,131,41,20,77,53,31,91,111,87,38,56" hai1="40,26,44,51,106,73,81,92,62,121,117,9,12" hai2="110,95,76,75,80,86,42,54,69,132,67,0,23" hai3="129,27,18,19,97,33,120,68,45,52,79,6,115"/><T39/><D64/><U2/><E106/><V125/><F0/><W124/><G68/><T72/><D7/><U100/><E121/><V59/><F110/><W123/><G115/><T119/><D119/><U49/><E26/><V4/><F132/><W28/><G129/><T65/><D131/><U8/><E8/><V93/><F125/><W30/><G124/><T58/><D65/><U116/><E62/><V14/><F42/><W43/><G79/><T70/><D70/><U25/><E25/><V133/><F133/><W98/><G28/><T63/><D58/><U128/><E51/><V29/><F67/><W103/><G6/><T135/><D135/><U105/><E105/><V60/><F75/><W118/><G98/><T85/><D72/><U84/><E73/><V55/><F55/><W112/><G112/><T34/><D34/><U15/><E2/><V46/><F46/><W35/><G35/><T88/><D77/><N who="1" m="46127" /><E15/><V108/><F108/><W11/><G11/><T17/><D111/><U89/><E100/><V114/><F69/><W109/><G109/><T57/><D31/><U50/><E50/><V134/><F134/><W1/><G1/><T104/><D104/><U83/><E83/><V74/><F74/><W122/><G118/><N who="1" m="45674" /><E128/><V10/><F114/><W94/><REACH who="3" step="1"/><G52/><REACH who="3" ten="380,210,210,190" step="2"/><T127/><D53/><U102/><E102/><V24/><AGARI ba="1,1" hai="4,10,14,23,24,29,54,59,60,76,80,86,93,95" machi="24" ten="30,2000,0" yaku="0,1,8,1" doraHai="113" who="2" fromWho="2" sc="380,-11,210,-6,210,33,190,-6" /><INIT seed="1,0,0,4,3,81" ten="369,204,243,184" oya="1" hai0="36,130,31,113,4,15,77,111,26,29,117,19,42" hai1="84,35,9,20,90,25,91,43,17,63,21,23,12" hai2="131,102,48,27,39,115,125,1,83,10,119,8,61" hai3="129,110,114,59,74,87,103,92,14,45,88,55,67"/><U118/><E118/><V16/><F119/><W127/><G114/><T62/><D117/><U53/><E43/><V22/><F39/><W106/><G110/><T100/><D113/><U79/><E35/><V54/><F115/><W65/><G129/><T98/><D111/><U89/><E25/><V126/><F131/><W38/><G127/><N who="2" m="48649" /><F102/><W124/><G124/><T47/><D130/><U5/><E79/><V37/><F37/><W24/><G74/><T97/><D77/><U135/><E135/><V64/><F1/><W41/><G24/><T0/><D62/><U80/><REACH who="1" step="1"/><E5/><REACH who="1" ten="369,194,243,184" step="2"/><V46/><F27/><W101/><G106/><T51/><D26/><U57/><AGARI ba="0,1" hai="9,12,17,20,21,23,53,57,63,80,84,89,90,91" machi="57" ten="30,18000,2" yaku="1,1,2,1,0,1,8,1,52,1,53,1" doraHai="81" doraHaiUra="11" who="1" fromWho="1" sc="369,-60,194,190,243,-60,184,-60" /><INIT seed="1,1,0,4,1,57" ten="309,384,183,124" oya="1" hai0="5,71,36,31,61,81,26,103,23,77,44,1,69" hai1="130,132,70,120,87,108,66,85,124,47,55,102,133" hai2="9,127,84,99,113,76,37,59,89,60,29,21,48" hai3="18,32,14,94,105,2,121,73,34,111,62,109,83"/><U40/><E120/><V49/><F37/><W25/><G105/><T24/><D24/><U110/><E102/><V42/><F127/><W128/><G73/><T90/><D90/><U10/><E10/><V114/><F76/><W96/><G83/><T6/><D103/><U115/><E115/><V97/><F9/><W17/><G2/><T58/><D71/><U41/><E124/><V63/><F42/><N who="1" m="16489" /><E87/><V45/><F84/><W64/><G121/><T15/><D69/><U122/><E122/><V56/><F45/><W135/><G135/><N who="1" m="51786" /><E85/><V80/><F114/><W98/><G128/><T19/><D36/><U50/><E130/><V79/><F113/><W101/><G98/><T20/><D44/><U35/><E35/><V72/><F99/><W82/><G82/><T16/><D1/><U107/><E107/><V106/><F106/><W126/><G126/><T95/><D95/><U67/><E70/><V86/><F97/><W12/><G32/><T118/><D118/><U13/><E13/><V4/><F72/><W11/><G34/><T28/><D81/><U104/><E104/><V65/><F79/><W33/><G33/><T78/><D77/><U46/><E46/><V75/><F75/><W112/><G112/><T0/><D78/><U125/><E125/><V7/><F80/><W8/><REACH who="3" step="1"/><G25/><REACH who="3" ten="309,384,183,114" step="2"/><T100/><D0/><U39/><E39/><V68/><F68/><AGARI ba="1,1" hai="8,11,12,14,17,18,62,64,68,94,96,101,109,111" machi="68" ten="40,8000,1" yaku="1,1,2,1,9,1,52,1,53,1" doraHai="57" doraHaiUra="91" who="3" fromWho="2" sc="309,0,384,0,183,-83,114,93" /><INIT seed="2,0,0,1,5,54" ten="309,384,100,207" oya="2" hai0="58,36,74,21,103,32,96,57,73,124,105,85,131" hai1="134,82,65,116,5,51,106,16,113,88,79,14,47" hai2="89,102,46,110,115,101,42,11,2,78,44,66,6" hai3="52,37,4,55,26,53,31,123,24,8,133,119,43"/><V39/><F115/><W30/><G123/><T22/><D32/><U132/><E106/><V135/><F135/><N who="1" m="51753" /><E116/><V104/><F110/><W49/><G119/><T130/><D36/><U41/><E113/><V15/><F66/><W90/><G37/><T125/><D85/><N who="1" m="50231" /><E65/><V93/><F104/><W60/><G60/><T69/><D69/><U3/><E79/><V75/><F46/><W56/><G90/><T19/><D74/><U0/><E5/><V35/><F35/><W33/><G43/><T87/><D87/><U25/><E25/><V83/><REACH who="2" step="1"/><F15/><REACH who="2" ten="309,384,90,207" step="2"/><W45/><G45/><T111/><D111/><U13/><E13/><V61/><F61/><W84/><G133/><T10/><D105/><U17/><E17/><V68/><F68/><W27/><G33/><T70/><D19/><U29/><E29/><V67/><F67/><W94/><G31/><T80/><D70/><U118/><E118/><V109/><F109/><W7/><G30/><T71/><D71/><U126/><E126/><V18/><F18/><W1/><G7/><T92/><D125/><U40/><E40/><V97/><AGARI ba="0,1" hai="2,6,11,39,42,44,75,78,83,89,93,97,101,102" machi="97" ten="20,12000,1" yaku="1,1,0,1,7,1,25,2,53,0" doraHai="54" doraHaiUra="23" who="2" fromWho="2" sc="309,-40,384,-40,90,130,207,-40" /><INIT seed="2,1,0,1,0,103" ten="269,344,220,167" oya="2" hai0="116,100,17,59,35,87,86,76,49,63,24,22,102" hai1="82,57,93,107,33,101,19,27,47,58,50,85,41" hai2="0,74,29,123,84,25,62,110,1,10,97,109,131" hai3="94,108,7,130,122,40,124,96,119,2,44,14,81"/><V134/><F74/><W99/><G2/><T118/><D35/><U31/><E93/><V66/><F123/><W73/><G122/><T51/><D118/><U69/><E69/><V112/><F112/><W77/><G119/><T6/><D6/><U53/><E19/><V15/><F131/><W111/><G130/><T46/><D116/><U64/><E64/><V75/><F75/><W16/><G7/><T54/><D51/><U72/><E72/><V68/><F134/><W60/><G60/><T67/><D87/><U21/><E33/><V80/><F97/><W90/><G99/><T71/><D71/><U34/><E34/><V36/><F36/><W18/><G124/><T42/><D67/><U92/><E41/><V23/><F0/><W12/><G12/><T79/><D79/><N who="1" m="46303" /><E107/><V55/><F55/><W98/><G98/><AGARI ba="1,0" hai="21,27,31,47,50,53,57,58,92,98,101" m="46303" machi="98" ten="30,1000,0" yaku="8,1" doraHai="103" who="1" fromWho="3" sc="269,0,344,13,220,0,167,-13" /><INIT seed="3,0,0,3,1,116" ten="269,357,220,154" oya="3" hai0="112,128,46,8,94,97,70,78,17,101,110,134,61" hai1="120,133,125,58,62,99,69,75,74,121,59,114,106" hai2="66,92,1,21,47,89,123,40,37,5,102,24,7" hai3="96,16,130,30,41,72,38,103,108,63,23,42,22"/><W57/><G72/><T64/><D110/><U87/><E114/><V98/><F1/><W126/><G108/><T100/><D100/><U31/><E87/><V104/><F66/><W118/><G118/><T135/><D128/><U33/><E133/><N who="0" m="50697" /><D78/><U81/><E125/><V68/><F68/><W0/><G0/><T28/><D46/><U10/><E10/><V53/><F53/><W76/><G76/><T129/><D129/><U49/><E49/><V51/><F37/><W84/><G130/><T56/><D28/><U26/><E58/><V14/><F102/><W45/><G84/><T15/><D112/><U2/><E2/><V119/><F104/><W91/><G91/><T9/><D9/><U131/><E131/><V34/><F47/><W73/><G73/><N who="1" m="27658" /><E59/><AGARI ba="0,0" hai="8,15,17,56,59,61,64,70,94,97,101" m="50697" machi="59" ten="30,1000,0" yaku="20,1" doraHai="116" who="0" fromWho="1" sc="269,10,357,-10,220,0,154,0" /><INIT seed="4,0,0,1,2,25" ten="279,347,220,154" oya="0" hai0="133,125,88,37,75,104,87,77,20,5,14,86,128" hai1="119,24,45,36,131,27,15,61,117,89,120,6,4" hai2="111,85,42,28,99,29,9,135,122,17,102,91,52" hai3="108,50,116,1,46,123,53,71,110,38,31,26,118"/><T134/><D104/><U112/><E120/><V107/><F122/><W60/><G1/><T10/><D37/><U43/><E131/><V19/><F111/><W81/><G123/><T49/><D128/><U18/><E112/><V22/><F135/><N who="0" m="51722" /><D125/><U69/><E89/><V129/><F129/><W11/><G11/><T93/><D49/><U79/><E79/><V109/><F109/><W96/><G38/><T97/><D20/><U132/><E132/><V124/><F124/><W98/><G110/><T67/><D67/><U32/><E27/><V58/><F42/><W106/><G81/><AGARI ba="0,0" hai="5,10,14,75,77,81,86,87,88,93,97" m="51722" machi="81" ten="30,2900,0" yaku="20,1,54,1" doraHai="25" who="0" fromWho="3" sc="279,29,347,0,220,0,154,-29" /><INIT seed="4,1,0,0,3,98" ten="308,347,220,125" oya="0" hai0="127,92,133,63,27,28,26,105,8,121,20,38,75" hai1="6,66,34,37,19,124,128,114,55,119,51,73,107" hai2="134,36,60,56,43,23,2,118,22,76,104,96,69" hai3="100,25,1,45,129,82,64,14,7,122,41,11,108"/><T10/><D105/><U70/><RYUUKYOKU type="yao9" ba="1,0" sc="308,0,347,0,220,0,125,0" hai1="6,19,34,37,51,55,66,70,73,107,114,119,124,128" /><INIT seed="4,2,0,4,5,61" ten="308,347,220,125" oya="0" hai0="32,110,102,12,82,115,18,85,60,106,134,31,21" hai1="55,41,6,0,105,47,124,104,94,8,98,44,66" hai2="40,7,114,107,128,133,69,39,16,10,19,45,99" hai3="56,90,13,122,86,97,11,130,135,88,75,70,113"/><T93/><D106/><U5/><E124/><V37/><F69/><W127/><G75/><T132/><D115/><U63/><E6/><V83/><F114/><W53/><G70/><T72/><D72/><U22/><E55/><V58/><F128/><W77/><G113/><T84/><D31/><U24/><E47/><V14/><F133/><N who="0" m="51306" /><D32/><U62/><E62/><V89/><F39/><W35/><G35/><T34/><D34/><U91/><E24/><V79/><F58/><W116/><G127/><T51/><D51/><U101/><E22/><V109/><F109/><W25/><G25/><T4/><D4/><U33/><E33/><V117/><F117/><W9/><G130/><T81/><D60/><U65/><E63/><V15/><F15/><W48/><G122/><T54/><D54/><U87/><REACH who="1" step="1"/><E105/><REACH who="1" ten="308,337,220,125" step="2"/><V108/><F107/><W30/><G135/><T23/><D21/><U38/><AGARI ba="2,1" hai="0,5,8,38,41,44,65,66,87,91,94,98,101,104" machi="38" ten="20,12000,2" yaku="1,1,2,1,0,1,7,1,52,2,53,1" doraHai="61" doraHaiUra="80" who="1" fromWho="1" sc="308,-62,337,136,220,-32,125,-32" /><INIT seed="5,0,0,5,1,75" ten="246,473,188,93" oya="1" hai0="89,10,31,9,98,34,3,102,123,4,47,79,116" hai1="68,15,81,51,99,90,45,110,70,124,41,69,22" hai2="132,92,29,120,5,18,13,78,53,97,37,43,82" hai3="7,101,44,28,108,46,50,25,112,21,118,72,26"/><U32/><E32/><V24/><F120/><W48/><G112/><T113/><D116/><U8/><E124/><V57/><F132/><W86/><G72/><T111/><D111/><U103/><E110/><V134/><F134/><W115/><G115/><T11/><D113/><U19/><E90/><V128/><F5/><W27/><G108/><T83/><D89/><U85/><E85/><V127/><F127/><W131/><G131/><T14/><D123/><U20/><REACH who="1" step="1"/><E81/><REACH who="1" ten="246,463,188,93" step="2"/><V56/><F82/><W40/><G101/><T36/><D34/><U80/><E80/><V100/><F100/><W73/><G73/><T39/><D83/><U58/><E58/><V122/><F57/><W60/><G86/><T6/><D102/><U49/><E49/><V52/><F56/><W105/><G50/><T121/><D121/><U119/><E119/><V87/><F87/><W74/><G48/><T64/><D98/><U88/><E88/><V104/><F97/><W66/><G118/><T135/><D135/><U12/><E12/><V117/><F13/><W125/><G74/><T38/><D14/><U106/><AGARI ba="0,1" hai="8,15,19,20,22,41,45,51,68,69,70,99,103,106" machi="106" ten="30,11700,0" yaku="1,1,0,1,53,2" doraHai="75" doraHaiUra="16" who="1" fromWho="1" sc="246,-39,463,127,188,-39,93,-39" /><INIT seed="5,1,0,5,0,96" ten="207,590,149,54" oya="1" hai0="65,1,75,95,91,64,27,85,118,51,126,112,58" hai1="89,97,11,70,100,127,8,44,34,32,0,26,56" hai2="42,37,25,21,30,121,15,52,13,29,3,107,134" hai3="22,38,80,71,124,82,14,72,18,23,17,45,59"/><U16/><E70/><V120/><F107/><W62/><G124/><T99/><D118/><U60/><E127/><V78/><F3/><W103/><G71/><T84/><D126/><U7/><E44/><V109/><F109/><W31/><G72/><T115/><D1/><U130/><E89/><V104/><F104/><W40/><G31/><T128/><D128/><U131/><E130/><V113/><F113/><N who="0" m="43594" /><D27/><U36/><E36/><V119/><F37/><W125/><G125/><T61/><D75/><U67/><E131/><V41/><F119/><W74/><G74/><T88/><D51/><U4/><E26/><V54/><F25/><W20/><G103/><N who="0" m="60927" /><D65/><U98/><E98/><V90/><F121/><W116/><G116/><T63/><D63/><U50/><E50/><V102/><F120/><W86/><G86/><AGARI ba="1,0" hai="58,61,64,84,85,86,88,91" m="60927,43594" machi="86" ten="30,3900,0" yaku="15,1,52,1,54,1" doraHai="96" who="0" fromWho="3" sc="207,42,590,0,149,0,54,-42" /><INIT seed="6,0,0,1,1,96" ten="249,590,149,12" oya="2" hai0="5,79,47,121,12,7,85,29,58,24,57,71,34" hai1="74,113,67,41,99,135,88,35,126,132,86,81,130" hai2="128,89,124,54,107,11,16,49,102,87,117,76,66" hai3="38,61,103,82,111,123,39,13,30,78,80,116,50"/><V90/><F117/><W44/><G116/><T59/><D121/><U119/><E35/><V127/><F128/><W68/><G123/><T9/><D71/><U134/><E119/><V52/><F76/><W19/><G111/><T28/><D28/><U97/><E41/><V51/><F66/><W129/><G129/><T8/><D47/><U53/><E130/><V73/><F73/><W95/><G30/><T65/><D79/><U36/><E36/><V1/><F1/><W105/><G105/><T125/><D125/><N who="2" m="48202" /><F102/><W32/><G32/><T40/><D40/><U26/><E67/><V4/><F4/><W109/><G109/><T64/><REACH who="0" step="1"/><D85/><REACH who="0" ten="239,590,149,12" step="2"/><U84/><E126/><V70/><F70/><W17/><G68/><T63/><D63/><U37/><E86/><V6/><F87/><W45/><G61/><T122/><D122/><U3/><E84/><V27/><F51/><W91/><G78/><T46/><D46/><U108/><E37/><V69/><F49/><W48/><G50/><T2/><AGARI ba="0,1" hai="2,5,7,8,9,12,24,29,34,57,58,59,64,65" machi="2" ten="30,2000,0" yaku="1,1,0,1,53,0" doraHai="96" doraHaiUra="118" who="0" fromWho="0" sc="239,30,590,-5,149,-10,12,-5" /><INIT seed="7,0,0,5,1,55" ten="269,585,139,7" oya="3" hai0="51,40,48,71,132,113,126,91,74,44,106,124,76" hai1="52,13,8,134,20,128,127,34,73,87,50,14,0" hai2="115,27,123,60,39,135,77,110,82,80,36,38,42" hai3="56,94,83,68,107,19,53,57,10,47,98,89,28"/><W120/><G107/><T108/><D91/><U75/><E34/><V96/><F110/><W24/><G68/><T30/><D30/><U121/><E0/><V90/><F115/><W11/><G120/><T4/><D76/><U111/><E121/><V12/><F123/><W23/><G83/><T131/><D4/><U97/><E111/><V64/><F135/><W29/><G47/><T72/><D51/><U118/><E134/><V92/><F80/><W21/><G29/><T45/><D48/><U62/><E118/><V18/><F27/><N who="3" m="14847" /><G53/><T86/><D40/><U95/><E62/><V100/><F42/><W7/><G7/><T2/><D45/><U101/><E87/><V102/><F36/><W114/><G114/><T119/><D86/><U117/><E117/><V63/><F38/><W58/><AGARI ba="0,0" hai="10,11,21,24,28,56,57,58,89,94,98" m="14847" machi="58" ten="30,11700,0" yaku="8,1,52,3" doraHai="55" who="3" fromWho="3" sc="269,-39,585,-39,139,-39,7,117" /><INIT seed="7,1,0,1,4,122" ten="230,546,100,124" oya="3" hai0="104,26,92,74,107,28,109,24,78,15,65,124,121" hai1="128,75,56,69,85,27,51,13,126,87,64,1,77" hai2="58,98,36,20,19,99,130,73,81,45,94,118,44" hai3="54,86,71,110,35,101,115,17,116,57,114,4,96"/><W127/><G71/><T47/><D109/><U117/><E1/><V84/><F73/><W0/><G35/><T79/><D121/><U111/><E111/><V67/><F118/><W97/><G116/><T83/><D79/><U59/><E117/><V42/><F130/><W105/><G110/><T18/><D124/><U10/><E69/><V14/><F45/><W91/><G127/><T135/><D135/><U48/><E126/><V88/><REACH who="2" step="1"/><F81/><REACH who="2" ten="230,546,90,124" step="2"/><W62/><G97/><T68/><D47/><U22/><E128/><V8/><F8/><W100/><G100/><T9/><D9/><U90/><E10/><V3/><F3/><W80/><G0/><T53/><D83/><U106/><E75/><V30/><F30/><W131/><G131/><T93/><D28/><U49/><E49/><V7/><F7/><W72/><G4/><T119/><D119/><U60/><E56/><V2/><F2/><W108/><G108/><T50/><D68/><U43/><E106/><V66/><F66/><W21/><REACH who="3" step="1"/><G72/><REACH who="3" ten="230,546,90,114" step="2"/><T25/><D74/><U38/><E85/><V120/><F120/><W70/><G70/><T12/><D107/><U5/><E87/><V112/><F112/><W11/><G11/><T133/><D104/><U89/><E5/><V23/><F23/><W55/><G55/><T32/><D53/><U6/><E22/><V103/><F103/><W40/><G40/><T63/><D32/><U125/><E6/><V134/><F134/><W102/><G102/><T61/><D133/><U37/><E43/><V95/><F95/><W123/><G123/><T33/><D93/><RYUUKYOKU ba="1,2" sc="230,-15,546,-15,90,15,114,15" hai2="14,19,20,36,42,44,58,67,84,88,94,98,99" hai3="17,21,54,57,62,80,86,91,96,101,105,114,115" /><INIT seed="7,2,2,2,0,11" ten="215,531,105,129" oya="3" hai0="55,95,85,36,134,100,133,38,65,130,22,111,71" hai1="16,5,117,57,123,44,15,112,126,91,46,88,129" hai2="8,53,13,87,56,6,61,114,93,31,7,132,19" hai3="94,78,80,127,125,128,24,70,54,43,26,17,21"/><W59/><G70/><T118/><D111/><U72/><E123/><V35/><F114/><W106/><G106/><T131/><D118/><U51/><E72/><V73/><F73/><W62/><G128/><N who="0" m="49195" /><D55/><U74/><E129/><V113/><F113/><W101/><G43/><T115/><D115/><U135/><E74/><V104/><F104/><W63/><G63/><N who="0" m="40383" /><D22/><U41/><E112/><V81/><F132/><N who="0" m="50794" /><D85/><U108/><E135/><V10/><F93/><W102/><G94/><T60/><D60/><U98/><E108/><V116/><F116/><W124/><G26/><T120/><D120/><U83/><E117/><V119/><F119/><W48/><G62/><T110/><D110/><U76/><E5/><N who="2" m="1547" /><F31/><W97/><G97/><AGARI ba="2,2" hai="36,38,95,97,100" m="50794,40383,49195" machi="97" ten="30,2000,0" yaku="19,1,20,1" doraHai="11" who="0" fromWho="3" sc="215,46,531,0,105,0,129,-26" owari="261,6.0,531,63.0,105,-29.0,103,-40.0" /></mjloggm>