<mjloggm ver="2.3"><GO type="169" lobby="0"/><UN n0="%E3%82%A6%E3%83%AB%E3%83%88%E3%83%A9%E7%AB%8B%E7%9B%B4" n1="%6E%61%6B%61%6A%75%75%6E" n2="%68%69%6E%61%6A%69%6E%6E" n3="%E9%9B%B2%E9%9B%80%E3%81%AE%E5%9B%80%E3%82%8A" dan="18,17,16,17" rate="2216.59,2157.79,2133.88,2149.24" sx="M,M,M,M"/><TAIKYOKU oya="0"/><INIT seed="0,0,0,0,0,121" ten="250,250,250,250" oya="0" hai0="21,82,107,32,52,18,43,63,36,124,71,106,26" hai1="12,77,57,30,75,132,47,102,118,2,50,120,126" hai2="60,13,80,122,65,28,85,86,113,4,38,94,128" hai3="134,73,17,23,5,93,64,40,7,56,103,68,116"/><T1/><D124/><U66/><E2/><V90/><F38/><W19/><G73/><T133/><D133/><U14/><E120/><V95/><F122/><W74/><G74/><T117/><D117/><U34/><E118/><V109/><F28/><W49/><G68/><T97/><D1/><U22/><E34/><V127/><F127/><W100/><G134/><T70/><D32/><U11/><E75/><V29/><F29/><W87/><G116/><T76/><D43/><U98/><E77/><V112/><F128/><W115/><G115/><T48/><D36/><U41/><E126/><V8/><F109/><W58/><G64/><T131/><D131/><U110/><E132/><V129/><F129/><W42/><G49/><T24/><D24/><U108/><E66/><V20/><F20/><W88/><G23/><T53/><D63/><U33/><E57/><V37/><F37/><W92/><REACH who="3" step="1"/><G87/><REACH who="3" ten="250,250,250,240" step="2"/><T135/><D135/><U91/><E33/><V31/><F113/><W9/><G9/><T55/><D48/><U15/><E11/><V44/><F86/><W45/><G45/><T101/><REACH who="0" step="1"/><D106/><REACH who="0" ten="240,250,250,240" step="2"/><U61/><E61/><V83/><F112/><W123/><G123/><T59/><D59/><U99/><E50/><V39/><F60/><W51/><G51/><T0/><D0/><U81/><E41/><V79/><F39/><W111/><G111/><T35/><D35/><U78/><E110/><V69/><F44/><W89/><AGARI ba="0,2" hai="5,7,17,19,40,42,56,58,88,89,92,93,100,103" machi="89" ten="25,12000,2" yaku="1,1,0,1,22,2,8,1,54,1,53,0" doraHai="121" doraHaiUra="10" who="3" fromWho="3" sc="240,-60,250,-30,250,-30,240,140" /><INIT seed="1,0,0,5,2,45" ten="180,220,220,380" oya="1" hai0="1,79,81,69,29,50,52,40,101,59,115,125,91" hai1="62,5,121,93,0,17,113,23,33,83,7,30,34" hai2="28,26,106,14,112,104,97,109,64,85,3,116,114" hai3="99,128,82,12,36,49,122,92,6,103,4,16,9"/><U53/><E121/><V89/><F3/><W46/><G36/><T60/><D115/><U102/><E113/><V68/><F116/><W41/><G122/><T132/><D125/><U54/><E83/><V124/><F124/><W13/><G128/><T65/><D132/><U88/><E102/><V38/><F38/><W108/><G108/><T32/><D1/><U90/><E0/><V66/><F109/><W2/><G2/><T31/><D101/><U110/><E110/><V51/><F51/><W87/><G13/><T48/><D91/><AGARI ba="0,0" hai="4,6,9,12,16,41,46,49,82,87,91,92,99,103" machi="91" ten="30,7700,0" yaku="7,1,8,1,52,1,54,1" doraHai="45" who="3" fromWho="0" sc="180,-77,220,0,220,0,380,77" /><INIT seed="2,0,0,2,3,55" ten="103,220,220,457" oya="2" hai0="102,18,134,135,37,17,12,30,128,131,118,45,119" hai1="100,73,80,13,109,111,14,64,67,44,9,42,98" hai2="69,34,3,8,86,84,83,97,22,75,2,1,85" hai3="106,72,19,4,123,16,52,11,7,114,81,110,63"/><V6/><F69/><W59/><G106/><T95/><D37/><U31/><E31/><V32/><F97/><W38/><G123/><T132/><D102/><U24/><E24/><V27/><F75/><W51/><G38/><T29/><D95/><U60/><E80/><V41/><F41/><W66/><G114/><T10/><D45/><U121/><E73/><V82/><F83/><W62/><G110/><N who="1" m="41994" /><E121/><V117/><F117/><N who="0" m="44554" /><D17/><N who="3" m="6729" /><G11/><T77/><D77/><U94/><E9/><V79/><F32/><W104/><G104/><T33/><D33/><U15/><E60/><N who="3" m="23082" /><G72/><T112/><D112/><U25/><E25/><V40/><F34/><W133/><G133/><T130/><AGARI ba="0,0" hai="10,12,18,29,30,128,130,131,132,134,135" m="44554" machi="130" ten="50,8000,1" yaku="19,1,20,1,12,1,34,2" doraHai="55" who="0" fromWho="0" sc="103,80,220,-20,220,-40,457,-20" /><INIT seed="3,0,0,0,4,92" ten="183,200,180,437" oya="3" hai0="48,119,81,42,30,103,17,106,118,78,45,9,33" hai1="99,3,84,2,132,28,31,83,67,104,34,24,5" hai2="1,25,21,51,46,88,95,121,129,12,14,44,37" hai3="130,65,40,112,75,57,36,107,15,74,97,113,105"/><W22/><G130/><T109/><D109/><U94/><E132/><V29/><F1/><W20/><G40/><T125/><D125/><U82/><E104/><V87/><F129/><W71/><G57/><T128/><D128/><U90/><E31/><V6/><F121/><W76/><G65/><T10/><D30/><U26/><E26/><V134/><F134/><W50/><G50/><T108/><D33/><U117/><E117/><V49/><F6/><W53/><G53/><T89/><D108/><U39/><E39/><V70/><F70/><W7/><G76/><T38/><D89/><U54/><E67/><V23/><F37/><W100/><G36/><T124/><D124/><U35/><E35/><V115/><F115/><W86/><G86/><T56/><D56/><U18/><E18/><V72/><F23/><W102/><G7/><T16/><D38/><U4/><E54/><N who="2" m="29991" /><F72/><W73/><G15/><T68/><D68/><U133/><E133/><V0/><F0/><W80/><G71/><T69/><D69/><U27/><E27/><V32/><F32/><W91/><G22/><T127/><D127/><U63/><E63/><V111/><F111/><W11/><G20/><T79/><D119/><U126/><E126/><V43/><AGARI ba="0,0" hai="12,14,21,25,29,43,46,51,87,88,95" m="29991" machi="43" ten="30,2000,0" yaku="8,1,54,1" doraHai="92" who="2" fromWho="2" sc="183,-5,200,-5,180,20,437,-10" /><INIT seed="4,0,0,2,3,105" ten="178,195,200,427" oya="0" hai0="102,37,122,107,53,84,83,27,64,40,1,98,30" hai1="120,95,115,134,69,89,61,78,135,93,100,128,42" hai2="86,46,57,80,7,130,12,123,43,124,25,73,58" hai3="110,21,26,39,56,129,133,5,3,132,108,101,118"/><T82/><D122/><U62/><E120/><V67/><F123/><W10/><G118/><T85/><D1/><U45/><E115/><V22/><F124/><W131/><G39/><T79/><D64/><U13/><E128/><N who="3" m="49226" /><G101/><T66/><D66/><U68/><E78/><V88/><F67/><W34/><G34/><T50/><D40/><U36/><E13/><V94/><F130/><W92/><G56/><T97/><D37/><U2/><E2/><V11/><F73/><W75/><G92/><N who="1" m="35402" /><E89/><V60/><F60/><N who="1" m="23145" /><E100/><V15/><F15/><W4/><G4/><T103/><D103/><U18/><E18/><V126/><F94/><W33/><G75/><T63/><D63/><U0/><E0/><V55/><F55/><W20/><G33/><T76/><D102/><U23/><E23/><N who="3" m="8778" /><G26/><T113/><D107/><U49/><E36/><V127/><F127/><W72/><G72/><T111/><D113/><U35/><E35/><V59/><F126/><W116/><G116/><T77/><D77/><U51/><E51/><N who="2" m="27103" /><F58/><W87/><G87/><T48/><D111/><AGARI ba="0,0" hai="3,5,10,108,110,111,132,133" m="8778,49226" machi="111" ten="40,5200,0" yaku="19,1,34,2" doraHai="105" who="3" fromWho="0" sc="178,-52,195,0,200,0,427,52" /><INIT seed="5,0,0,2,1,32" ten="126,195,200,479" oya="1" hai0="128,52,91,127,104,119,30,12,97,34,59,99,95" hai1="8,100,58,38,55,105,82,80,120,111,2,15,87" hai2="117,86,107,84,88,85,108,113,110,27,73,94,68" hai3="19,7,96,109,18,83,134,33,48,118,75,40,44"/><U132/><E120/><V71/><F73/><W49/><G109/><T66/><D119/><U20/><E38/><V11/><F117/><W129/><G33/><T53/><D128/><U121/><E121/><V10/><F107/><W23/><G129/><T72/><D72/><U42/><E111/><V1/><F27/><W70/><G118/><T43/><D127/><U14/><E42/><V31/><F31/><W35/><G35/><T64/><D43/><U26/><E132/><V28/><F28/><W41/><G70/><T17/><D30/><U89/><E105/><V98/><F113/><W78/><G7/><T56/><D34/><U6/><E100/><V9/><F110/><W63/><G63/><T13/><D104/><U112/><E82/><V5/><F108/><W114/><G114/><T133/><D133/><U24/><E112/><V36/><F36/><W81/><G81/><T130/><D130/><U122/><E122/><V79/><F79/><W25/><G134/><T29/><D29/><U45/><E45/><V3/><REACH who="2" step="1"/><F5/><REACH who="2" ten="126,195,190,479" step="2"/><W76/><G76/><T106/><D106/><U125/><E26/><V116/><F116/><W65/><G78/><T77/><D77/><U50/><E125/><V61/><F61/><W62/><G75/><T57/><D99/><U135/><E135/><V123/><F123/><W131/><G96/><T39/><D39/><U90/><E24/><V115/><F115/><W37/><G131/><T101/><D101/><U22/><E90/><V4/><F4/><W51/><G37/><T93/><D91/><U46/><E6/><V126/><F126/><RYUUKYOKU ba="0,1" sc="126,-10,195,-10,190,30,479,-10" hai2="1,3,9,10,11,68,71,84,85,86,88,94,98" /><INIT seed="6,1,1,0,5,97" ten="116,185,220,469" oya="2" hai0="38,27,10,94,24,46,122,73,84,64,62,29,125" hai1="105,134,109,56,70,121,16,89,36,32,88,92,20" hai2="69,86,124,111,76,128,19,40,7,115,3,133,45" hai3="39,21,77,123,26,82,132,6,47,14,30,4,18"/><V126/><F69/><W55/><G123/><T68/><D122/><U43/><E121/><V100/><F19/><W78/><G132/><T129/><D73/><U60/><E105/><V17/><F17/><W112/><G112/><T1/><D129/><U104/><E104/><V33/><F33/><W99/><G99/><T66/><D125/><N who="2" m="48234" /><F133/><W63/><G63/><T107/><D107/><U58/><E32/><V83/><F128/><W0/><G0/><T37/><D66/><U53/><E134/><V118/><F118/><W28/><G28/><T48/><D1/><U71/><E109/><V103/><F111/><W13/><G13/><T98/><D84/><U54/><E36/><N who="2" m="21639" /><F115/><W102/><G39/><T95/><D10/><AGARI ba="1,1" hai="3,7,10,76,83,86,100,103" m="21639,48234" machi="10" ten="30,5800,0" yaku="18,1,52,2" doraHai="97" who="2" fromWho="0" sc="116,-61,185,0,220,71,469,0" /><INIT seed="6,2,0,0,5,61" ten="55,185,291,469" oya="2" hai0="0,60,37,113,130,89,27,97,124,120,88,13,55" hai1="105,79,47,62,127,90,43,19,116,1,33,100,7" hai2="78,119,22,38,39,73,40,112,123,131,98,8,99" hai3="104,51,135,6,9,128,70,48,101,42,102,81,30"/><V59/><F123/><W16/><G70/><T53/><D0/><U133/><E116/><V85/><F119/><W103/><G104/><T109/><D37/><U36/><E127/><V28/><F73/><W125/><G30/><T18/><D109/><U86/><E33/><V87/><F8/><W50/><G125/><T31/><D124/><U111/><E111/><V2/><F2/><W108/><G108/><T5/><D5/><U56/><E133/><V83/><F59/><W57/><G135/><T110/><D110/><U74/><E19/><V134/><F134/><W45/><G128/><T84/><D130/><U107/><E100/><V68/><F68/><W72/><G57/><T52/><D113/><U80/><E90/><V94/><F112/><W118/><G118/><T67/><D120/><U49/><E86/><V121/><F121/><W71/><G71/><T92/><D27/><U132/><E49/><N who="3" m="19050" /><G6/><T117/><D31/><U3/><E3/><V66/><F39/><W41/><G72/><T20/><D117/><U11/><E132/><V14/><F28/><W23/><G81/><N who="0" m="49167" /><D60/><U10/><E10/><V4/><F4/><W114/><G9/><T129/><D129/><U29/><E29/><V75/><F131/><W32/><G32/><T46/><D46/><U93/><E93/><V17/><F94/><W21/><G114/><T91/><D91/><U115/><E115/><V54/><F75/><W96/><G23/><T35/><D35/><U65/><AGARI ba="2,0" hai="1,7,11,36,43,47,56,62,65,74,79,80,105,107" machi="65" ten="20,8000,1" yaku="0,1,7,1,25,2,52,1" doraHai="61" who="1" fromWho="1" sc="55,-22,185,86,291,-42,469,-22" /><INIT seed="7,0,0,5,1,125" ten="33,271,249,447" oya="3" hai0="75,112,60,127,109,118,54,6,89,90,71,76,80" hai1="57,64,62,21,130,111,98,8,35,18,79,85,74" hai2="65,59,22,48,105,117,83,67,13,72,29,114,135" hai3="47,88,63,5,121,41,107,133,16,92,44,101,55"/><W33/><G33/><T78/><D6/><U37/><E130/><V11/><F105/><W28/><G28/><T96/><D54/><U120/><E37/><V103/><F117/><W56/><G5/><T116/><D60/><U24/><E74/><V104/><F135/><W39/><G133/><T49/><D49/><U86/><E35/><V66/><F104/><W93/><G121/><T20/><D20/><U4/><E111/><V84/><F103/><W32/><G107/><T15/><D15/><U70/><E70/><V82/><F72/><W31/><G101/><T14/><D14/><N who="1" m="5383" /><E120/><V61/><F114/><W81/><G31/><T77/><D71/><U36/><E36/><V53/><F29/><W2/><G2/><T94/><D109/><U129/><E129/><V34/><F34/><W9/><G32/><T126/><D112/><U91/><E79/><V115/><F22/><W3/><G44/><T27/><D27/><U17/><E17/><V30/><F30/><W51/><G3/><T132/><D132/><U46/><E46/><V119/><F115/><W102/><G102/><T97/><D75/><U87/><E98/><V52/><F119/><W123/><G39/><T50/><D50/><U40/><E40/><V95/><F13/><N who="3" m="7215" /><G123/><T25/><D25/><U12/><E12/><V110/><F110/><W23/><G23/><T124/><REACH who="0" step="1"/><D80/><AGARI ba="0,0" hai="18,21,24,57,62,64,80,85,86,87,91" m="5383" machi="80" ten="30,1000,0" yaku="8,1" doraHai="125" who="1" fromWho="0" sc="33,-10,271,10,249,0,447,0" owari="23,-48.0,281,8.0,249,-15.0,447,55.0" /></mjloggm>