<mjloggm ver="2.3"><GO type="169" lobby="0"/><UN n0="%47%E9%9B%80" n1="%73%69%6E%73%69%73%74" n2="%E5%B0%B1%E6%B4%BB%E7%94%9F%40%E5%B7%9D%E6%9D%91%E8%BB%8D%E5%9B%A3" n3="%E3%81%AD%E3%82%8A%E3%82%B4%E3%83%9E" dan="17,18,19,16" rate="2215.52,2195.33,2343.53,2064.45" sx="M,M,M,M"/><TAIKYOKU oya="0"/><INIT seed="0,0,0,1,1,88" ten="250,250,250,250" oya="0" hai0="39,135,15,10,54,33,47,11,105,77,118,31,3" hai1="59,61,40,52,17,122,124,109,78,70,101,18,112" hai2="110,50,111,103,116,117,83,89,71,115,67,32,55" hai3="95,29,63,43,108,13,24,131,23,37,68,45,123"/><T86/><D105/><U92/><E122/><V21/><F32/><W82/><G123/><T133/><D118/><N who="2" m="45674" /><F21/><W80/><G108/><N who="2" m="41513" /><F103/><W130/><G13/><T19/><D54/><U0/><E0/><V127/><F83/><W132/><G132/><N who="0" m="50763" /><D47/><U62/><E101/><V14/><F14/><W41/><G41/><T1/><D39/><U7/><E40/><V134/><F89/><W113/><G113/><T90/><D77/><U4/><E112/><V96/><F96/><W64/><REACH who="3" step="1"/><G95/><REACH who="3" ten="250,250,250,240" step="2"/><N who="0" m="54743" /><D11/><U9/><E9/><V26/><F134/><W28/><G28/><T8/><D10/><U104/><E92/><V107/><F107/><W99/><G99/><T16/><D19/><U60/><E17/><V97/><F97/><W75/><G75/><T20/><D8/><U46/><E18/><V35/><F115/><W25/><G25/><AGARI ba="0,1" hai="1,3,15,16,20,25,31,33" m="54743,50763" machi="25" ten="30,5800,0" yaku="20,1,52,1,54,1" doraHai="88" who="0" fromWho="3" sc="250,68,250,0,250,0,240,-58" /><INIT seed="0,1,0,0,1,47" ten="318,250,250,182" oya="0" hai0="21,109,22,14,104,119,2,90,7,131,64,78,48" hai1="85,74,49,27,56,111,79,87,95,99,51,15,89" hai2="70,67,10,53,12,19,71,92,72,100,20,134,75" hai3="125,103,84,16,91,59,115,36,124,43,88,4,118"/><T96/><D2/><U130/><E111/><V97/><F134/><W63/><G118/><T62/><D119/><U42/><E130/><V30/><F67/><W60/><G115/><T94/><D131/><U132/><E132/><V35/><F35/><W127/><G4/><T106/><D78/><U123/><E123/><V128/><F128/><W0/><G0/><T82/><D82/><N who="1" m="47327" /><E74/><V24/><REACH who="2" step="1"/><F53/><REACH who="2" ten="318,250,240,182" step="2"/><W44/><G103/><T73/><D109/><U31/><E42/><V80/><F80/><W32/><G32/><T11/><D73/><AGARI ba="1,1" hai="10,12,19,20,24,30,70,71,72,73,75,92,97,100" machi="73" ten="40,1300,0" yaku="1,1,53,0" doraHai="47" doraHaiUra="38" who="2" fromWho="0" sc="318,-16,250,0,240,26,182,0" /><INIT seed="1,0,0,1,0,7" ten="302,250,266,182" oya="1" hai0="42,68,88,99,28,67,95,73,76,31,62,75,21" hai1="54,56,0,96,27,52,69,15,134,131,121,33,103" hai2="47,118,122,37,106,64,135,93,77,65,80,86,22" hai3="10,48,16,126,123,85,90,110,5,97,43,114,98"/><U105/><E121/><V66/><F106/><W127/><G123/><T132/><D42/><U70/><E0/><V83/><F122/><W39/><G39/><T61/><D132/><U91/><E134/><V11/><F135/><W117/><G114/><T130/><D130/><U124/><E124/><N who="3" m="47658" /><G110/><T13/><D76/><U12/><E131/><V71/><F71/><W9/><G117/><T55/><D31/><U125/><E125/><V104/><F104/><W46/><G5/><T2/><D2/><U59/><E91/><V44/><F37/><W53/><G43/><T49/><D62/><U34/><E105/><V45/><F22/><W84/><G84/><T24/><REACH who="0" step="1"/><D13/><REACH who="0" ten="292,250,266,182" step="2"/><U79/><E79/><V102/><F118/><W25/><G25/><T19/><D19/><U17/><E27/><V35/><F35/><W63/><G63/><T129/><D129/><U20/><E12/><V87/><F66/><W82/><G10/><T81/><D81/><U32/><E32/><V29/><F11/><W23/><G23/><T14/><D14/><AGARI ba="0,1" hai="9,14,16,46,48,53,82,85,90,97,98" m="47658" machi="14" ten="30,7700,0" yaku="25,1,18,1,52,1,54,1" doraHai="7" who="3" fromWho="0" sc="292,-77,250,0,266,0,182,87" /><INIT seed="2,0,0,0,5,105" ten="215,250,266,269" oya="2" hai0="103,34,94,134,126,133,125,59,48,56,45,106,122" hai1="22,55,37,20,124,72,92,76,129,95,25,132,53" hai2="102,21,3,23,31,131,2,91,40,5,113,88,96" hai3="36,108,97,114,79,70,71,107,130,90,86,6,16"/><V121/><F113/><W27/><G114/><T81/><D34/><U67/><E37/><V85/><F121/><W128/><G36/><T119/><D106/><U44/><E124/><N who="0" m="47721" /><D81/><U62/><E132/><N who="0" m="50793" /><D103/><U117/><E117/><V61/><F40/><W46/><G6/><T104/><D104/><U10/><E10/><V8/><F3/><W54/><G108/><T18/><D94/><U0/><E0/><V77/><F61/><W42/><G79/><T49/><D18/><U100/><E92/><V35/><F35/><W17/><G107/><T120/><D119/><U1/><E95/><V66/><F66/><W99/><G17/><T64/><D64/><U78/><E100/><V101/><F77/><W51/><G16/><T112/><D112/><U80/><E76/><V26/><F91/><W84/><G27/><T93/><D93/><U75/><E25/><V127/><F127/><W118/><G118/><T82/><D82/><U30/><E80/><V87/><F101/><W24/><G24/><T39/><D39/><U123/><E78/><V74/><F102/><W28/><G90/><T14/><D14/><U63/><E67/><V83/><F83/><W50/><G99/><T12/><D12/><U110/><E1/><V109/><F96/><W15/><G97/><T4/><D4/><U115/><E115/><V38/><F5/><W111/><G86/><T68/><D68/><U116/><E116/><V11/><F87/><W98/><G84/><T52/><D59/><U43/><E22/><V65/><F38/><W7/><G7/><T13/><D13/><U73/><E20/><RYUUKYOKU ba="0,0" sc="215,30,250,-10,266,-10,269,-10" hai0="45,48,49,52,56,120,122" /><INIT seed="3,1,0,2,4,75" ten="245,240,256,259" oya="3" hai0="36,9,54,99,123,100,0,57,72,51,102,68,37" hai1="105,20,85,39,18,133,67,108,78,73,59,110,103" hai2="79,41,55,83,90,66,107,81,53,10,106,116,21" hai3="126,131,28,31,23,70,86,92,65,34,8,109,127"/><W6/><G131/><T104/><D68/><U58/><E73/><V56/><F116/><W96/><G34/><T69/><D69/><U89/><E39/><V44/><F66/><W119/><G119/><T5/><D123/><U115/><E115/><V97/><F21/><W47/><G86/><T45/><D72/><U27/><E133/><V19/><F55/><W24/><G47/><T87/><D102/><U82/><E89/><V130/><F130/><W95/><G28/><T26/><D26/><U17/><E67/><V101/><F19/><W2/><G109/><N who="1" m="42090" /><E17/><V40/><F10/><W94/><G65/><T3/><D0/><U42/><E42/><V62/><F107/><W1/><G70/><T50/><D87/><U113/><E113/><V7/><F7/><W74/><G74/><T80/><D80/><U117/><E117/><V43/><F90/><W4/><REACH who="3" step="1"/><G96/><AGARI ba="1,0" hai="18,20,27,58,59,78,82,85,96,103,105" m="42090" machi="96" ten="30,2000,0" yaku="14,1,52,1" doraHai="75" who="1" fromWho="3" sc="245,0,240,23,256,0,259,-23" /><INIT seed="4,0,0,0,3,56" ten="245,263,256,236" oya="0" hai0="19,97,127,10,22,65,23,116,37,105,18,35,53" hai1="102,68,8,41,9,40,72,128,75,107,27,49,131" hai2="99,20,80,123,34,57,6,26,88,117,130,103,110" hai3="39,77,48,86,21,83,73,111,43,36,106,94,133"/><T51/><D35/><U124/><E68/><V50/><F110/><W3/><G111/><T61/><D37/><U81/><E124/><V16/><F34/><W4/><G133/><T0/><D116/><U93/><E93/><N who="2" m="58863" /><F123/><W12/><G106/><T70/><D127/><U135/><E135/><V91/><F130/><W95/><G3/><T44/><D19/><U67/><E27/><V66/><F6/><W101/><G101/><T100/><REACH who="0" step="1"/><D18/><REACH who="0" ten="235,263,256,236" step="2"/><U134/><E134/><V30/><F117/><W28/><G36/><T74/><D74/><U114/><E72/><V108/><F108/><W32/><G32/><T89/><D89/><U125/><E75/><V64/><F91/><W76/><G39/><T126/><D126/><U54/><E125/><V7/><F7/><AGARI ba="0,1" hai="0,7,10,22,23,44,51,53,61,65,70,97,100,105" machi="7" ten="40,3900,0" yaku="1,1,52,1,53,0" doraHai="56" doraHaiUra="52" who="0" fromWho="2" sc="235,49,263,0,256,-39,236,0" /><INIT seed="4,1,0,3,4,75" ten="284,263,217,236" oya="0" hai0="46,123,109,24,73,67,5,2,16,76,8,120,13" hai1="63,37,86,68,28,113,35,83,12,131,96,111,38" hai2="69,77,119,115,102,33,43,45,98,26,80,30,64" hai3="92,9,116,0,65,19,41,103,117,106,21,129,61"/><T57/><D109/><U52/><E111/><V10/><F115/><W42/><G106/><T51/><D24/><U20/><E131/><V7/><F119/><W59/><G129/><T95/><D95/><U78/><E35/><V14/><F69/><W81/><G116/><T17/><D17/><U135/><E135/><V93/><F64/><W90/><G117/><T32/><D32/><U112/><E96/><V58/><F58/><W101/><G9/><T36/><D57/><N who="1" m="35239" /><E68/><V87/><REACH who="2" step="1"/><F43/><REACH who="2" ten="284,263,207,236" step="2"/><W89/><G41/><N who="0" m="22823" /><D67/><U104/><E112/><V47/><AGARI ba="1,1" hai="7,10,14,26,30,33,45,47,77,80,87,93,98,102" machi="47" ten="30,4000,0" yaku="1,1,0,1,52,1,53,0" doraHai="75" doraHaiUra="60" who="2" fromWho="2" sc="284,-21,263,-11,207,53,236,-11" /><INIT seed="5,0,0,4,3,64" ten="263,252,260,225" oya="1" hai0="41,19,67,120,1,42,89,81,7,135,124,53,69" hai1="65,44,130,46,57,50,45,17,38,73,20,3,51" hai2="62,112,59,99,74,31,36,84,116,107,8,43,13" hai3="118,66,133,123,131,128,90,58,87,37,6,79,48"/><U47/><E3/><V21/><F74/><W93/><G123/><T63/><D120/><U24/><E73/><V88/><F116/><W54/><G37/><T28/><D28/><U33/><E33/><V80/><F112/><W126/><G126/><T132/><D124/><U127/><E130/><N who="3" m="49706" /><G133/><N who="0" m="51275" /><D53/><U115/><E115/><V109/><F36/><W119/><G66/><T0/><D19/><U91/><E127/><V103/><F43/><N who="0" m="16394" /><D7/><U27/><E38/><V15/><F109/><W56/><G6/><T32/><D32/><U22/><N who="1" m="11264" /><DORA hai="10" /><U72/><E91/><V83/><F83/><N who="3" m="47615" /><G58/><T94/><D81/><U39/><E39/><V2/><F2/><W104/><G104/><T71/><D71/><U49/><E72/><V85/><F85/><AGARI ba="0,0" hai="48,54,56,85,90,93,118,119" m="47615,49706" machi="85" ten="30,1000,0" yaku="19,1" doraHai="64,10" who="3" fromWho="2" sc="263,0,252,0,260,-10,225,10" /><AGARI ba="0,0" hai="0,1,63,67,69,85,89,94" m="16394,51275" machi="85" ten="30,2000,0" yaku="20,1,52,1" doraHai="64,10" who="0" fromWho="2" sc="263,20,252,0,250,-20,235,0" /><INIT seed="6,0,0,0,5,79" ten="283,252,230,235" oya="2" hai0="103,53,1,5,77,52,110,104,14,130,101,71,122" hai1="58,59,119,125,68,86,20,126,15,9,127,16,57" hai2="65,81,70,128,21,118,43,114,40,61,73,46,41" hai3="25,47,134,98,133,23,56,123,95,113,112,85,32"/><V84/><F118/><W92/><G123/><T8/><D71/><U27/><E68/><V108/><F73/><W90/><G32/><T37/><D110/><U78/><E119/><V93/><F114/><N who="3" m="44139" /><G56/><T115/><D115/><U100/><E100/><V55/><F108/><W26/><G47/><T80/><D122/><U28/><E78/><V17/><F128/><W102/><G23/><T30/><D30/><U75/><E86/><V10/><F10/><W106/><G26/><T87/><D130/><U96/><E75/><V4/><F4/><W51/><G51/><T124/><D104/><U107/><E107/><V60/><F60/><W63/><G25/><T64/><D64/><U88/><REACH who="1" step="1"/><E96/><REACH who="1" ten="283,242,230,235" step="2"/><V42/><F93/><N who="3" m="54479" /><G63/><T18/><D103/><U117/><E117/><V121/><F121/><W6/><G106/><T66/><D101/><U116/><E116/><V24/><F40/><W82/><G92/><T120/><D120/><U50/><E50/><V0/><F0/><W83/><G6/><T74/><D5/><U22/><E22/><V62/><F62/><W39/><G39/><T129/><D1/><U48/><E48/><V35/><F35/><W54/><G54/><T67/><D37/><U111/><E111/><V31/><F55/><N who="0" m="21066" /><D129/><U72/><E72/><V3/><F3/><W19/><G19/><T76/><D74/><U12/><E12/><V97/><F17/><W38/><G38/><T135/><D18/><U36/><E36/><N who="2" m="21799" /><F97/><W33/><G33/><T105/><D105/><U29/><E29/><V132/><F132/><AGARI ba="0,1" hai="82,83,95,98,102,132,133,134" m="54479,44139" machi="132" ten="30,12000,2" yaku="20,1,15,1,11,1,34,2,52,2" doraHai="79" who="3" fromWho="2" sc="283,0,242,0,230,-120,235,130" /><INIT seed="7,0,0,5,4,119" ten="283,242,110,365" oya="3" hai0="18,6,65,127,38,56,32,61,81,131,104,99,1" hai1="45,29,79,10,98,75,44,50,94,86,48,46,28" hai2="68,102,64,125,121,116,57,107,54,25,93,105,106" hai3="23,43,35,101,17,66,70,77,31,103,26,53,85"/><W20/><G43/><T95/><D104/><U112/><E75/><V8/><F116/><W110/><G110/><T47/><D32/><U88/><E112/><V78/><F125/><W114/><G114/><T13/><D127/><U16/><E79/><V115/><F115/><W15/><G35/><T19/><D1/><U124/><E124/><V130/><F78/><W22/><G66/><T84/><D131/><U5/><E98/><V133/><F130/><W83/><G70/><T117/><D117/><U100/><E100/><V123/><F133/><W122/><G122/><N who="2" m="46601" /><F68/><W71/><G71/><T113/><D113/><U80/><E80/><V4/><F64/><W69/><G69/><T37/><D6/><U97/><E5/><V118/><F118/><W21/><G26/><T62/><D19/><U76/><E76/><V128/><F128/><W90/><G31/><T9/><D62/><U33/><E28/><V52/><F25/><W92/><REACH who="3" step="1"/><G53/><REACH who="3" ten="283,242,110,355" step="2"/><N who="2" m="20585" /><F57/><W24/><G24/><T60/><D56/><U51/><E33/><V34/><F34/><W67/><G67/><T126/><D65/><U36/><E29/><V91/><F102/><W11/><G11/><T89/><D9/><U74/><E10/><V3/><F107/><W132/><G132/><T14/><D126/><U39/><E45/><V63/><F63/><W73/><AGARI ba="0,1" hai="15,17,20,21,22,23,73,77,83,85,90,92,101,103" machi="73" ten="30,3000,0" yaku="1,1,0,1,53,0" doraHai="119" doraHaiUra="129" who="3" fromWho="3" sc="283,-10,242,-10,110,-10,355,40" owari="273,7.0,232,-17.0,100,-40.0,395,50.0" /></mjloggm>