<mjloggm ver="2.3"><GO type="169" lobby="0"/><UN n0="%E3%81%B9%E3%81%AB%E3%81%8F%E3%82%93" n1="%4E%61%62%62%79" n2="%E5%B0%B1%E6%B4%BB%E7%94%9F%40%E5%B7%9D%E6%9D%91%E8%BB%8D%E5%9B%A3" n3="%E7%80%AC%E8%89%AF%E9%A7%BF" dan="16,16,18,16" rate="2111.42,2176.43,2302.44,2052.62" sx="F,M,M,M"/><TAIKYOKU oya="0"/><INIT seed="0,0,0,2,5,51" ten="250,250,250,250" oya="0" hai0="131,130,53,128,121,23,133,59,70,116,28,8,55" hai1="87,66,96,19,80,71,61,40,38,25,78,98,58" hai2="1,112,68,9,64,12,127,83,126,113,35,41,21" hai3="0,134,4,73,17,103,13,14,11,120,33,102,34"/><T37/><D70/><U7/><E7/><N who="2" m="1263" /><F41/><W94/><G73/><T85/><D121/><U129/><E129/><V79/><F64/><W91/><G134/><T47/><D133/><U118/><E118/><V115/><F68/><W63/><G0/><T97/><D116/><U81/><E81/><V104/><F104/><W60/><G120/><T125/><D125/><N who="2" m="47626" /><F83/><W30/><G103/><T3/><D97/><U2/><E2/><V26/><F79/><W6/><G102/><T39/><D85/><U15/><E71/><V108/><F108/><W69/><G69/><T56/><D8/><U16/><E40/><V10/><F35/><W20/><G33/><T75/><D3/><U22/><REACH who="1" step="1"/><E38/><REACH who="1" ten="250,240,250,250" step="2"/><V111/><F111/><W50/><G34/><T122/><D39/><U52/><E52/><V100/><F115/><W29/><G4/><T106/><D122/><U48/><E48/><V45/><F113/><W95/><G50/><T77/><D37/><U67/><E67/><V124/><F124/><W43/><G43/><T123/><D123/><U110/><E110/><V135/><F135/><W89/><G60/><T109/><D109/><U5/><E5/><V31/><F112/><W32/><G63/><T24/><D130/><U107/><E107/><V36/><F36/><W132/><G32/><T101/><D128/><U27/><E27/><V119/><F119/><W57/><G132/><T44/><D131/><U82/><E82/><V65/><F65/><W18/><G95/><T86/><D106/><U74/><E74/><V105/><F105/><W84/><G94/><T92/><D75/><RYUUKYOKU ba="0,1" sc="250,-10,240,30,250,-10,250,-10" hai1="15,16,19,22,25,58,61,66,78,80,87,96,98" /><INIT seed="1,1,1,3,2,0" ten="240,270,240,240" oya="1" hai0="127,26,56,92,85,66,38,98,115,126,105,114,79" hai1="83,122,32,47,34,113,108,53,104,107,121,103,86" hai2="84,18,131,109,110,41,46,81,21,24,10,19,70" hai3="43,14,65,87,125,2,93,82,111,90,49,60,73"/><U123/><E113/><V54/><F70/><W36/><G36/><T57/><D38/><U102/><E47/><V76/><F131/><W37/><G37/><T5/><D5/><U51/><E51/><V124/><F124/><N who="0" m="47658" /><D26/><U75/><E53/><V61/><F41/><W100/><G2/><T1/><D1/><U6/><E6/><V4/><F19/><W91/><G111/><T35/><D35/><U33/><E75/><V13/><REACH who="2" step="1"/><F46/><REACH who="2" ten="240,270,230,240" step="2"/><N who="3" m="25823" /><G125/><T64/><D115/><U30/><E108/><V17/><F17/><W74/><G74/><T101/><D114/><U59/><E30/><V25/><F25/><W62/><G73/><T71/><D71/><U69/><E69/><V96/><F96/><N who="3" m="59407" /><G65/><T11/><D66/><U77/><REACH who="1" step="1"/><E59/><AGARI ba="1,2" hai="4,10,13,18,21,24,54,59,61,76,81,84,109,110" machi="59" ten="40,5200,0" yaku="1,1,52,1,53,1" doraHai="0" doraHaiUra="23" who="2" fromWho="1" sc="240,0,270,-55,230,75,240,0" /><INIT seed="2,0,0,0,0,61" ten="240,215,305,240" oya="2" hai0="84,20,87,39,58,92,24,128,16,63,103,118,53" hai1="21,102,106,70,130,93,42,6,9,124,34,32,134" hai2="29,81,117,98,110,37,77,94,46,52,120,28,74" hai3="73,45,108,122,54,69,67,115,33,132,8,36,83"/><V80/><F117/><W86/><G122/><T111/><D111/><U5/><E106/><V62/><F120/><W89/><G108/><T47/><D128/><U71/><E130/><V109/><F80/><W85/><G73/><T129/><D129/><U22/><E93/><V90/><F109/><W7/><G33/><T43/><REACH who="0" step="1"/><D118/><REACH who="0" ten="230,215,305,240" step="2"/><U66/><E134/><V123/><F110/><W11/><G132/><T17/><D17/><U44/><E6/><V56/><REACH who="2" step="1"/><F123/><REACH who="2" ten="230,215,295,240" step="2"/><W101/><G115/><T131/><D131/><U121/><E121/><V3/><F3/><W19/><G83/><T59/><D59/><U64/><E70/><V41/><AGARI ba="0,2" hai="28,29,37,41,46,52,56,62,74,77,81,90,94,98" machi="41" ten="30,6000,0" yaku="1,1,0,1,54,1,53,0" doraHai="61" doraHaiUra="1" who="2" fromWho="2" sc="230,-20,215,-20,295,80,240,-20" /><INIT seed="2,1,0,2,1,48" ten="210,195,375,220" oya="2" hai0="108,20,9,35,123,50,117,62,135,47,102,3,32" hai1="41,0,103,10,14,8,100,105,85,81,129,22,61" hai2="79,28,53,54,97,120,114,113,59,18,93,94,27" hai3="83,98,110,88,132,80,115,68,65,78,71,12,36"/><V58/><F120/><W13/><G36/><T42/><D123/><U96/><E129/><V60/><F79/><W122/><G122/><T2/><D108/><U37/><E100/><V101/><F94/><W51/><G110/><T82/><D135/><U24/><E0/><V69/><F69/><W43/><G132/><T87/><D117/><U74/><E74/><V6/><F6/><W29/><G29/><T126/><D126/><U134/><E134/><V31/><F18/><W112/><G65/><T34/><D102/><U49/><E37/><V77/><F77/><W119/><G119/><T127/><D127/><U23/><E61/><V131/><F31/><W133/><G133/><T39/><D20/><U1/><E1/><V15/><F15/><W109/><G109/><T45/><D62/><U26/><E26/><V99/><F99/><W57/><G68/><T116/><D9/><U118/><E8/><V52/><F131/><W95/><G71/><T64/><D64/><U84/><E24/><V111/><F111/><W107/><G107/><T72/><D72/><U128/><E84/><V63/><F54/><N who="3" m="31967" /><G43/><T91/><REACH who="0" step="1"/><D116/><REACH who="0" ten="200,195,375,220" step="2"/><U86/><E118/><V90/><F101/><W16/><G115/><T67/><D67/><U21/><E128/><V33/><AGARI ba="1,1" hai="27,28,33,52,53,58,59,60,63,90,93,97,113,114" machi="33" ten="20,18000,2" yaku="0,1,7,1,9,1,52,2,54,1" doraHai="48" who="2" fromWho="2" sc="200,-61,195,-61,375,193,220,-61" /><INIT seed="2,2,0,0,4,69" ten="139,134,568,159" oya="2" hai0="66,73,5,33,10,3,40,116,39,96,133,55,74" hai1="109,105,22,84,34,7,37,100,76,60,50,9,23" hai2="41,88,57,27,77,49,12,45,119,120,91,92,135" hai3="118,104,115,80,71,131,93,130,62,25,47,87,53"/><V132/><F120/><W113/><G104/><T81/><D133/><U15/><E34/><V24/><F119/><W68/><G93/><T46/><D116/><U94/><E109/><V36/><F77/><W2/><G2/><T85/><D66/><U107/><E60/><V58/><F12/><W83/><G25/><T8/><D33/><U112/><E112/><N who="3" m="43082" /><G87/><T90/><D55/><U54/><E37/><V111/><F111/><W124/><G118/><T1/><REACH who="0" step="1"/><D96/><REACH who="0" ten="129,134,568,159" step="2"/><U129/><E54/><V19/><F132/><W51/><G124/><T82/><D82/><U14/><E129/><N who="3" m="49162" /><G83/><T11/><D11/><U65/><E9/><V70/><F135/><W52/><G80/><T126/><D126/><U110/><E65/><V121/><F70/><N who="3" m="26667" /><G62/><T78/><D78/><U13/><E76/><V67/><F91/><W38/><G53/><T31/><D31/><U16/><E110/><V108/><F108/><W98/><G98/><T102/><D102/><U122/><E100/><V44/><F88/><W103/><G103/><T63/><D63/><U29/><E29/><V99/><F99/><W117/><G117/><T95/><D95/><U79/><E94/><V0/><F92/><W32/><G32/><T127/><D127/><U128/><E79/><V28/><F28/><W59/><G59/><T75/><D75/><U86/><E128/><V35/><F58/><W89/><G89/><T106/><D106/><U6/><E105/><V17/><F57/><W4/><G4/><AGARI ba="2,1" hai="1,3,4,5,8,10,39,40,46,73,74,81,85,90" machi="4" ten="40,5200,0" yaku="1,1,9,1,52,1,53,0" doraHai="69" doraHaiUra="134" who="0" fromWho="3" sc="129,68,134,0,568,0,159,-58" /><INIT seed="3,0,0,0,5,4" ten="197,134,568,101" oya="3" hai0="60,65,96,15,73,105,48,88,98,93,67,32,74" hai1="40,49,8,83,133,44,34,124,52,97,108,120,19" hai2="84,72,91,57,89,109,5,29,68,47,31,82,103" hai3="104,11,9,116,46,77,113,100,79,95,110,76,135"/><W59/><G116/><T42/><D32/><U23/><E108/><V134/><F68/><W129/><G110/><T112/><D112/><U35/><E133/><V101/><F72/><W75/><G75/><T71/><D67/><U37/><E124/><V61/><F134/><W20/><G104/><T127/><D127/><U114/><E120/><V27/><F5/><W58/><G129/><T25/><D25/><U26/><E114/><V123/><F123/><W14/><G113/><T70/><D70/><U128/><E128/><V2/><F2/><W85/><G46/><T21/><D42/><U80/><E97/><V86/><F47/><W16/><G135/><T125/><D125/><U118/><E118/><V43/><F43/><W3/><G3/><T10/><D21/><U115/><E115/><V119/><F119/><W13/><G20/><T33/><D48/><U92/><E92/><N who="2" m="54311" /><F109/><W122/><G122/><T102/><REACH who="0" step="1"/><D33/><REACH who="0" ten="187,134,568,101" step="2"/><U99/><E34/><V36/><F27/><W55/><G55/><T45/><D45/><U12/><E35/><V106/><F36/><W64/><G64/><T107/><D107/><U87/><E37/><V121/><F106/><W66/><G66/><T1/><D1/><U50/><E40/><V38/><F38/><W22/><G22/><T90/><D90/><U17/><E49/><V53/><F121/><W56/><G100/><AGARI ba="0,1" hai="29,31,53,57,61,82,86,91,100,101,103" m="54311" machi="100" ten="30,1000,0" yaku="8,1" doraHai="4" who="2" fromWho="3" sc="187,0,134,0,568,20,101,-10" /><INIT seed="4,0,0,0,1,33" ten="187,134,588,91" oya="0" hai0="131,53,22,98,58,27,38,45,79,72,28,14,119" hai1="47,116,78,1,89,107,23,32,50,20,100,76,91" hai2="35,124,64,10,65,42,4,93,59,90,108,106,6" hai3="61,122,57,130,104,48,77,66,103,68,114,74,132"/><T125/><D119/><U133/><E32/><V46/><F106/><W135/><G122/><T85/><D72/><U120/><E107/><V55/><F35/><W49/><G104/><T126/><D131/><U134/><E120/><V110/><F124/><W88/><G103/><T71/><D71/><U70/><E70/><V99/><F108/><W118/><G118/><T13/><D98/><U19/><E116/><V39/><F6/><W2/><G2/><T82/><D45/><U96/><E47/><V3/><F110/><W56/><G77/><T109/><D38/><U16/><E50/><AGARI ba="0,0" hai="3,4,10,39,42,46,50,55,59,64,65,90,93,99" machi="50" ten="30,2000,0" yaku="7,1,52,1" doraHai="33" who="2" fromWho="1" sc="187,0,134,-20,588,20,91,0" /><INIT seed="5,0,0,4,1,69" ten="187,114,608,91" oya="1" hai0="16,82,1,119,13,130,97,115,55,29,131,86,108" hai1="94,26,114,40,47,46,24,79,74,129,30,6,41" hai2="92,59,95,65,80,122,113,133,128,28,85,73,52" hai3="100,60,70,21,17,8,43,76,116,84,99,96,57"/><U61/><E114/><V81/><F113/><W88/><G70/><T58/><D115/><U75/><E129/><N who="0" m="49161" /><D108/><U87/><E6/><V72/><F65/><W37/><G76/><T83/><D1/><U101/><E79/><V44/><F44/><W107/><G116/><T49/><D119/><U93/><E101/><V27/><F85/><W4/><G99/><T127/><D127/><U68/><E68/><V105/><F27/><W64/><G43/><T32/><D97/><U120/><E87/><V123/><F28/><W23/><G37/><T71/><D71/><U104/><E61/><V106/><F128/><W12/><REACH who="3" step="1"/><G4/><REACH who="3" ten="187,114,608,81" step="2"/><T31/><D32/><U126/><E126/><V25/><F72/><W63/><G63/><T110/><D110/><U134/><E104/><V35/><F35/><W10/><G10/><N who="0" m="6199" /><D82/><AGARI ba="0,1" hai="8,12,17,21,23,57,60,64,82,84,88,96,100,107" machi="82" ten="30,3900,0" yaku="1,1,7,1,54,1,53,0" doraHai="69" doraHaiUra="39" who="3" fromWho="0" sc="187,-39,114,0,608,0,81,49" /><INIT seed="6,0,0,0,0,16" ten="148,114,608,130" oya="2" hai0="35,91,103,120,74,52,109,81,53,34,59,105,62" hai1="25,95,113,66,57,61,58,123,3,26,101,37,102" hai2="119,0,82,108,104,124,80,75,131,128,127,56,44" hai3="79,54,22,93,94,111,67,107,70,40,42,125,73"/><V135/><F0/><W86/><G107/><T129/><D109/><U110/><E110/><V114/><F108/><W12/><G73/><T98/><D120/><U5/><E123/><V41/><F104/><W99/><G125/><N who="2" m="48201" /><F114/><W6/><G70/><T39/><D129/><N who="2" m="49738" /><F75/><W18/><G67/><T21/><D74/><U29/><E37/><N who="2" m="21551" /><F119/><W118/><G118/><T49/><D105/><U45/><E113/><V117/><F117/><W121/><G121/><T106/><D106/><U112/><E112/><V47/><F47/><W71/><G71/><T55/><D59/><U92/><E45/><V36/><F36/><W134/><G111/><T19/><D39/><U51/><E57/><V85/><F56/><W122/><G122/><T84/><D35/><U24/><E51/><V90/><F80/><W46/><G46/><T89/><D81/><U126/><E126/><V14/><F14/><W76/><G93/><T78/><D49/><U2/><E2/><V17/><F17/><W69/><G69/><T13/><D19/><U32/><E29/><V115/><F115/><W116/><G116/><T96/><D13/><U97/><E3/><V83/><F83/><W7/><G79/><T72/><D78/><U8/><E5/><V20/><F20/><W88/><G6/><T87/><D72/><U48/><E32/><V1/><F1/><W65/><G7/><T100/><D34/><U63/><E66/><V31/><F31/><W4/><G4/><T77/><D77/><U15/><E15/><V38/><F82/><W64/><G76/><T132/><D21/><U28/><E28/><RYUUKYOKU ba="0,0" sc="148,0,114,0,608,0,130,0" /><INIT seed="7,1,0,4,1,103" ten="148,114,608,130" oya="3" hai0="120,16,43,0,117,101,70,125,73,8,114,40,135" hai1="110,100,41,66,23,33,85,87,112,109,30,119,47" hai2="113,134,27,42,90,34,116,35,1,131,2,77,126" hai3="10,71,108,84,25,123,111,89,36,28,129,39,133"/><W82/><G123/><T14/><D120/><U60/><E112/><V83/><F116/><W122/><G71/><T106/><D117/><U121/><E119/><V48/><F126/><W95/><G129/><T24/><D73/><U86/><E121/><V5/><F134/><W96/><G133/><T54/><D135/><U15/><E33/><V61/><F61/><W45/><G10/><T102/><D0/><U29/><E100/><V97/><F27/><W118/><G122/><T4/><D106/><U88/><E88/><V59/><F97/><W105/><G105/><T75/><D75/><U32/><E32/><V31/><F31/><W107/><G107/><T67/><D67/><U12/><E109/><N who="3" m="42058" /><G45/><T57/><D70/><U68/><E110/><V52/><F5/><W76/><G118/><T130/><D130/><U92/><E92/><V91/><F2/><W80/><G82/><T64/><D114/><U124/><E124/><V7/><F7/><W74/><G74/><T53/><D125/><U65/><E65/><V37/><F1/><W51/><G51/><T98/><D4/><U9/><E9/><V26/><F48/><W18/><G18/><T127/><D127/><U20/><E30/><V72/><F83/><W55/><G55/><T6/><D54/><U132/><E132/><V78/><F52/><W22/><AGARI ba="1,0" hai="22,25,28,36,39,76,80,84,89,95,96" m="42058" machi="22" ten="30,1500,0" yaku="10,1" doraHai="103" who="3" fromWho="3" sc="148,-6,114,-6,608,-6,130,18" /><INIT seed="7,2,0,2,3,78" ten="142,108,602,148" oya="3" hai0="17,0,30,111,3,63,65,54,94,36,18,64,9" hai1="72,4,2,117,131,27,61,68,25,8,5,125,108" hai2="22,107,11,32,135,123,129,16,21,69,56,62,118" hai3="134,106,113,47,75,104,126,89,43,67,85,103,70"/><W60/><G113/><T13/><D111/><U39/><E108/><V20/><F69/><W112/><G112/><T51/><D36/><U15/><E125/><V87/><F107/><W44/><G75/><T71/><D64/><U100/><E131/><V66/><F32/><W82/><G134/><T58/><D30/><U35/><E35/><V97/><F118/><W34/><G34/><T102/><D102/><U81/><E117/><V133/><F123/><W28/><G28/><T38/><D38/><U55/><E100/><V14/><F129/><W59/><G103/><T53/><D94/><U93/><E93/><V79/><F97/><W115/><G115/><T77/><D77/><U130/><E130/><V48/><F48/><W132/><G132/><N who="2" m="50761" /><F79/><W37/><G126/><T74/><D74/><U46/><E4/><N who="2" m="3431" /><F87/><W127/><G127/><T114/><D114/><U41/><E15/><AGARI ba="2,0" hai="15,16,20,21,22,56,62,66" m="3431,50761" machi="15" ten="30,2000,0" yaku="20,1,54,1" doraHai="78" who="2" fromWho="1" sc="142,0,108,-26,602,26,148,0" owari="142,-26.0,82,-42.0,628,73.0,148,-5.0" /></mjloggm>