<mjloggm ver="2.3"><GO type="169" lobby="0"/><UN n0="%E2%91%A3%E3%82%BB%E3%83%B3%E3%83%81" n1="%E3%82%A6%E3%83%AB%E3%83%88%E3%83%A9%E7%AB%8B%E7%9B%B4" n2="%E3%82%82%E3%81%86%E3%82%8A%E3%81%83" n3="%64%6F%6E%63%68%61%6E%33" dan="17,18,16,16" rate="2176.29,2261.78,2127.58,2152.98" sx="M,M,F,M"/><TAIKYOKU oya="0"/><INIT seed="0,0,0,4,1,67" ten="250,250,250,250" oya="0" hai0="107,33,126,18,29,87,124,76,21,121,102,128,84" hai1="60,52,25,131,40,122,0,53,110,111,125,135,10" hai2="46,105,123,81,127,120,61,15,104,30,93,32,106" hai3="23,12,63,133,38,118,97,45,91,31,74,129,96"/><T66/><D121/><U82/><E122/><V116/><F127/><W1/><G74/><T28/><D33/><U2/><E131/><V4/><F116/><W41/><G1/><T99/><D128/><U62/><E125/><N who="0" m="48233" /><D66/><U72/><E40/><V95/><F81/><W68/><G129/><T11/><D11/><U49/><E25/><V75/><F75/><W50/><G118/><T55/><D55/><U3/><E10/><V80/><F80/><W90/><G133/><T88/><D76/><U65/><E135/><V39/><F32/><W42/><G42/><T101/><D102/><U22/><E22/><V78/><F78/><W113/><G113/><T8/><D8/><U19/><E19/><V54/><F123/><W86/><G38/><T48/><D48/><U44/><E53/><V35/><F30/><N who="0" m="11882" /><D88/><U132/><E132/><V130/><F35/><W47/><G90/><T6/><D6/><U112/><E112/><V79/><F4/><W134/><G134/><T100/><D100/><U9/><E9/><V56/><F79/><W24/><G47/><T27/><AGARI ba="0,0" hai="18,21,27,84,87,99,101,107" m="11882,48233" machi="27" ten="30,1500,0" yaku="18,1" doraHai="67" who="0" fromWho="0" sc="250,15,250,-5,250,-5,250,-5" /><INIT seed="0,1,0,3,2,113" ten="265,245,245,245" oya="0" hai0="31,56,126,101,75,70,48,79,7,26,109,22,117" hai1="44,97,103,30,121,23,123,98,128,53,129,45,86" hai2="62,114,15,105,2,71,96,84,91,19,74,35,68" hai3="73,29,77,88,133,106,58,49,116,76,94,87,69"/><T16/><D70/><U78/><E30/><V119/><F114/><W10/><G69/><T132/><D132/><U120/><E23/><V1/><F74/><W40/><G106/><T25/><D126/><U52/><E86/><V112/><F112/><W82/><G133/><T118/><D7/><U125/><E78/><V59/><F35/><W38/><G29/><T90/><D101/><U102/><REACH who="1" step="1"/><E120/><REACH who="1" ten="265,235,245,245" step="2"/><V107/><F84/><W104/><G76/><T100/><D100/><U61/><E61/><V93/><F62/><W24/><G24/><T34/><D90/><U37/><E37/><V54/><F91/><W134/><G134/><T63/><D48/><U28/><E28/><V95/><F2/><W130/><G38/><T124/><D109/><U51/><E51/><V18/><F1/><W5/><G49/><T9/><D9/><U80/><E80/><V99/><F99/><W110/><G77/><T85/><D85/><U60/><E60/><V8/><F96/><W6/><G82/><T17/><D17/><U3/><E3/><V14/><F19/><W122/><G87/><T39/><D39/><U21/><E21/><V89/><F18/><W33/><G122/><T50/><D50/><U55/><E55/><V27/><F54/><W43/><G110/><T32/><D63/><U13/><E13/><V115/><F15/><W65/><G88/><T47/><D79/><U57/><E57/><V83/><F14/><W72/><G58/><T36/><D36/><U41/><E41/><V4/><F59/><W64/><G40/><T0/><D31/><U46/><E46/><RYUUKYOKU ba="1,1" sc="265,-10,235,30,245,-10,245,-10" hai1="44,45,52,53,97,98,102,103,121,123,125,128,129" /><INIT seed="1,2,1,2,3,0" ten="255,265,235,235" oya="1" hai0="103,93,120,20,99,126,18,82,66,98,83,57,110" hai1="104,124,36,21,114,86,61,17,19,42,4,7,24" hai2="84,16,52,8,9,123,26,3,29,135,13,77,12" hai3="117,81,88,39,109,76,51,75,105,71,58,6,2"/><U112/><E104/><V33/><F123/><W101/><G71/><T11/><D120/><U5/><E124/><V43/><F135/><W32/><G39/><T111/><D126/><U70/><E86/><V23/><F43/><W95/><G32/><T129/><D129/><U41/><E19/><N who="2" m="8623" /><F52/><W131/><G131/><T49/><D99/><U118/><E118/><V102/><F102/><W128/><G128/><T87/><D83/><U46/><REACH who="1" step="1"/><E42/><REACH who="1" ten="255,255,235,235" step="2"/><V121/><F84/><W85/><G117/><T53/><D111/><U67/><AGARI ba="2,2" hai="4,5,7,17,21,24,36,41,46,61,67,70,112,114" machi="67" ten="30,18000,2" yaku="1,1,2,1,0,1,52,3,53,0" doraHai="0" doraHaiUra="90" who="1" fromWho="1" sc="255,-62,255,206,235,-62,235,-62" /><INIT seed="1,3,0,3,0,27" ten="193,461,173,173" oya="1" hai0="80,52,72,47,36,44,89,54,40,2,130,134,30" hai1="38,111,131,16,119,113,13,19,102,0,56,109,59" hai2="126,69,49,65,127,85,58,120,61,125,14,86,57" hai3="124,39,105,18,51,107,117,8,22,68,12,10,50"/><U81/><E0/><V55/><F120/><W76/><G39/><T98/><D134/><U26/><E113/><V32/><F32/><W93/><G68/><T11/><D130/><U101/><E119/><V103/><F103/><W132/><G117/><T31/><D98/><U87/><E38/><V20/><F58/><N who="1" m="22057" /><E131/><V128/><F128/><W97/><G124/><T9/><D89/><N who="1" m="51439" /><E26/><V116/><F116/><W99/><G76/><N who="0" m="44039" /><D11/><N who="1" m="6207" /><E19/><AGARI ba="3,0" hai="14,19,20,49,55,57,61,65,69,85,86,125,126,127" machi="19" ten="40,1300,0" yaku="18,1" doraHai="27" who="2" fromWho="1" sc="193,0,461,-22,173,22,173,0" /><INIT seed="2,0,0,4,0,105" ten="193,439,195,173" oya="2" hai0="98,130,16,60,34,73,77,62,109,18,70,43,132" hai1="116,120,69,0,88,8,13,128,87,49,115,23,91" hai2="44,80,129,3,134,9,75,20,21,94,71,2,66" hai3="83,40,92,25,14,124,122,65,96,110,4,67,76"/><V56/><F129/><W58/><G110/><T27/><D70/><U108/><E69/><V82/><F134/><W90/><G124/><T103/><D43/><U61/><E61/><V114/><F114/><W6/><G122/><T24/><D109/><U11/><E116/><V38/><F71/><W104/><G104/><T101/><D34/><U31/><E108/><V7/><F3/><W17/><G40/><T125/><D98/><U36/><E36/><V51/><F94/><W97/><G97/><T42/><D42/><U50/><E120/><V123/><F123/><W47/><G47/><T131/><D77/><U106/><E106/><V89/><F38/><W29/><G65/><T117/><D125/><U113/><E87/><V74/><F82/><W119/><G119/><T52/><D117/><U78/><E13/><V72/><F56/><W46/><G46/><T121/><D121/><U112/><E112/><V81/><F81/><W41/><G41/><T99/><D99/><U135/><E78/><V86/><REACH who="2" step="1"/><F66/><REACH who="2" ten="193,439,185,173" step="2"/><W54/><G67/><T127/><D127/><U1/><E135/><V133/><F133/><W79/><G83/><T102/><D132/><U5/><E128/><V85/><F85/><W57/><G57/><T100/><D131/><U39/><E39/><V10/><F10/><W95/><G95/><T59/><D130/><U63/><E11/><V12/><F12/><W68/><G68/><T30/><D59/><U33/><E8/><V26/><F26/><W53/><G58/><T28/><D27/><U55/><E115/><V15/><F15/><W118/><G118/><RYUUKYOKU ba="0,1" sc="193,-10,439,-10,185,30,173,-10" hai2="2,7,9,20,21,44,51,72,74,75,80,86,89" /><INIT seed="2,1,1,0,3,9" ten="183,429,215,163" oya="2" hai0="3,40,114,73,128,97,55,65,29,63,4,123,52" hai1="126,112,91,45,39,25,20,69,132,56,95,35,93" hai2="84,70,120,28,92,102,21,96,23,13,113,110,61" hai3="2,74,88,101,58,124,77,17,106,125,36,111,57"/><V79/><F113/><W37/><G2/><T0/><D73/><U82/><E69/><V59/><F120/><W107/><G111/><T62/><D123/><U121/><E35/><V83/><F110/><W64/><G74/><T22/><D114/><U80/><E112/><V109/><F109/><W103/><G77/><T130/><D40/><U1/><E1/><V75/><F70/><W11/><G11/><T47/><D97/><U122/><E95/><V72/><F23/><W60/><G17/><T32/><D22/><U5/><E5/><V115/><F115/><W78/><G78/><T117/><D4/><U8/><E8/><V98/><F96/><W6/><G6/><T135/><D47/><U133/><E45/><V30/><F30/><W89/><G60/><T42/><D42/><U41/><E41/><V54/><REACH who="2" step="1"/><F28/><REACH who="2" ten="183,429,205,163" step="2"/><W104/><G104/><T76/><D29/><U44/><E20/><V19/><AGARI ba="1,2" hai="13,19,21,54,59,61,72,75,79,83,84,92,98,102" machi="19" ten="30,11700,0" yaku="1,1,2,1,0,1,52,1,53,0" doraHai="9" doraHaiUra="71" who="2" fromWho="2" sc="183,-40,429,-40,205,140,163,-40" /><INIT seed="2,2,0,5,1,27" ten="143,389,345,123" oya="2" hai0="36,99,71,45,129,101,103,14,106,21,97,134,127" hai1="98,54,85,42,73,116,28,79,13,89,108,41,12" hai2="10,86,76,58,4,88,83,17,65,16,26,37,126" hai3="117,102,8,115,55,66,0,57,70,114,44,53,56"/><V35/><F126/><W132/><G102/><T31/><D71/><U67/><E116/><V120/><F120/><W59/><G0/><T93/><D127/><U24/><E108/><V130/><F130/><W80/><G80/><T90/><D129/><U124/><E124/><V84/><F37/><W100/><G100/><T46/><D134/><U7/><E67/><V96/><F96/><W18/><G18/><T119/><D119/><U121/><E73/><V6/><F35/><W82/><G82/><T109/><D109/><U118/><E79/><V22/><F65/><W135/><G8/><T128/><D128/><U94/><E118/><V113/><F58/><N who="3" m="22635" /><G70/><T95/><D36/><U77/><E13/><N who="2" m="7223" /><F113/><N who="3" m="43019" /><G117/><T75/><D75/><U51/><E98/><V38/><F38/><W87/><G87/><T91/><D14/><U19/><E85/><V78/><F78/><W110/><G110/><T47/><D106/><U43/><E12/><V9/><F9/><W1/><G1/><T92/><D92/><AGARI ba="2,0" hai="4,6,17,22,26,76,83,84,86,88,92" m="7223" machi="92" ten="30,5800,0" yaku="8,1,54,2" doraHai="27" who="2" fromWho="0" sc="143,-64,389,0,345,64,123,0" /><INIT seed="2,3,0,4,0,22" ten="79,389,409,123" oya="2" hai0="8,47,125,93,124,88,131,96,36,39,25,127,23" hai1="46,27,10,108,85,15,103,73,26,21,59,13,82" hai2="57,45,29,94,83,101,50,134,28,71,65,11,130" hai3="123,74,37,12,41,111,33,135,24,72,100,38,62"/><V0/><F71/><W109/><G123/><T119/><D131/><U115/><E73/><N who="3" m="28266" /><G41/><T5/><D119/><U32/><E115/><V53/><F130/><W75/><N who="3" m="28274" /><W120/><DORA hai="31" /><G120/><T18/><REACH who="0" step="1"/><D47/><REACH who="0" ten="69,389,409,123" step="2"/><U56/><E46/><V92/><F45/><W98/><G135/><T97/><D97/><U16/><E108/><N who="3" m="41546" /><G62/><T102/><D102/><U40/><E103/><V80/><F101/><W76/><G76/><T44/><D44/><U105/><E40/><V133/><F134/><W89/><G89/><T81/><D81/><U66/><E82/><V14/><F83/><W87/><G87/><T3/><AGARI ba="3,1" hai="3,5,8,18,23,25,36,39,88,93,96,124,125,127" machi="3" ten="30,12000,2" yaku="1,1,0,1,18,1,52,1,54,1,53,1" doraHai="22,31" doraHaiUra="19,30" who="0" fromWho="0" sc="69,139,389,-33,409,-63,123,-33" /><INIT seed="3,0,0,3,2,59" ten="208,356,346,90" oya="3" hai0="18,32,13,125,19,47,85,70,34,84,72,27,113" hai1="39,57,124,109,4,3,86,89,88,0,130,26,42" hai2="87,44,128,64,7,112,90,46,49,58,106,102,120" hai3="67,83,8,61,22,69,16,74,43,116,94,1,77"/><W81/><G116/><T78/><D70/><U25/><E39/><V30/><F112/><W14/><G43/><T114/><D72/><U107/><E107/><V33/><F128/><W131/><G131/><T60/><D125/><U79/><E42/><V9/><F120/><W28/><G83/><T56/><D47/><U135/><E130/><V41/><F46/><W12/><G94/><T92/><D78/><U65/><E79/><V50/><F33/><W121/><G121/><T97/><D34/><U45/><E45/><V20/><F106/><W75/><G1/><T101/><D32/><U129/><E89/><V76/><F76/><W21/><G21/><N who="0" m="13759" /><D114/><U80/><E0/><V91/><F102/><W108/><G108/><T105/><D113/><U133/><E109/><V5/><F91/><W110/><G110/><T132/><D132/><U66/><E124/><V122/><F122/><W40/><G40/><T98/><D98/><U123/><E123/><V115/><F115/><W99/><G99/><T52/><D105/><U29/><E129/><V126/><F126/><W111/><G111/><T51/><D51/><U38/><E38/><V119/><F119/><W95/><G95/><T24/><D24/><U100/><E26/><N who="2" m="16711" /><F9/><AGARI ba="0,0" hai="9,13,18,52,56,60,84,85,92,97,101" m="13759" machi="9" ten="30,3900,0" yaku="8,1,52,1,54,1" doraHai="59" who="0" fromWho="2" sc="208,39,356,0,346,-39,90,0" /><INIT seed="4,0,0,4,3,128" ten="247,356,307,90" oya="0" hai0="77,106,130,135,5,71,19,34,63,61,13,38,120" hai1="68,94,126,67,48,104,31,118,76,44,91,29,60" hai2="112,72,54,2,117,65,49,123,113,95,107,84,22" hai3="124,98,101,114,88,20,8,56,99,119,26,111,125"/><T70/><D106/><U103/><E118/><V57/><F117/><W45/><G119/><T47/><D34/><U131/><E131/><V62/><F123/><W6/><G111/><T115/><D5/><U74/><E126/><V4/><F107/><W116/><G116/><T64/><D77/><U9/><E9/><N who="2" m="2199" /><F72/><W32/><G114/><N who="2" m="44137" /><F22/><W21/><G32/><T10/><D115/><U93/><E93/><V35/><F35/><W122/><G122/><T132/><D130/><U97/><E48/><V90/><F49/><W87/><G45/><T36/><D120/><U50/><E50/><V30/><F30/><W7/><G56/><T39/><D47/><U51/><E74/><V109/><F109/><W33/><G33/><T12/><D13/><U79/><E29/><V129/><F129/><W121/><G121/><T83/><D83/><U28/><E31/><V18/><F18/><W37/><G37/><T69/><REACH who="0" step="1"/><D63/><REACH who="0" ten="237,356,307,90" step="2"/><U14/><E14/><V3/><F3/><W102/><G6/><T52/><D52/><AGARI ba="0,1" hai="52,54,57,62,65,84,90,95" m="44137,2199" machi="52" ten="30,2000,0" yaku="15,1,54,1" doraHai="128" who="2" fromWho="0" sc="237,-20,356,0,307,30,90,0" /><INIT seed="5,0,0,0,2,19" ten="217,356,337,90" oya="1" hai0="93,53,70,8,86,31,6,81,116,26,71,34,64" hai1="39,135,120,62,57,28,103,87,32,10,7,76,18" hai2="16,94,106,98,17,33,35,2,14,65,66,92,56" hai3="5,29,59,20,21,129,78,73,48,55,109,105,36"/><U110/><E39/><V119/><F119/><W23/><G109/><T134/><D116/><U37/><E37/><V104/><F2/><W43/><G105/><T41/><D134/><U82/><E120/><V83/><F83/><W131/><G5/><T95/><D53/><U112/><E112/><V121/><F14/><W30/><G73/><T123/><D123/><U101/><E135/><V45/><F56/><W0/><G0/><T54/><D54/><U68/><E68/><V130/><F98/><W58/><G78/><T47/><D64/><U97/><E110/><V118/><F118/><W79/><G79/><T46/><D46/><U77/><E77/><V108/><F108/><W75/><G75/><T124/><D124/><U49/><E49/><V96/><F96/><W111/><G111/><T89/><D71/><U1/><E18/><V52/><F52/><W22/><N who="3" m="5120" /><DORA hai="3" /><W40/><G59/><T107/><D107/><U126/><E126/><V91/><F45/><W102/><G102/><T114/><D114/><U63/><E57/><V128/><F91/><W12/><G12/><T113/><D113/><U11/><E11/><V27/><F27/><W60/><G36/><T90/><D90/><U117/><E117/><V50/><F50/><W25/><G60/><T44/><D70/><U122/><E122/><AGARI ba="0,0" hai="16,17,33,35,65,66,92,94,104,106,121,122,128,130" machi="122" ten="25,3200,0" yaku="22,2,54,1" doraHai="19,3" who="2" fromWho="1" sc="217,0,356,-32,337,32,90,0" /><INIT seed="6,0,0,3,0,101" ten="217,324,369,90" oya="2" hai0="26,49,105,96,12,13,3,28,38,35,127,103,77" hai1="99,62,58,1,130,122,108,109,64,91,55,30,90" hai2="120,123,2,68,22,33,59,27,15,80,9,134,44" hai3="61,126,102,47,71,36,131,70,89,93,10,117,39"/><V29/><F68/><W19/><G117/><T67/><D38/><U24/><E1/><V43/><F134/><W73/><G73/><T82/><D3/><U42/><E130/><V6/><F59/><W112/><G131/><T124/><D49/><U87/><E122/><V63/><F63/><W79/><G126/><N who="0" m="48171" /><D67/><U34/><E42/><V116/><F80/><W53/><G79/><T78/><D78/><U17/><E17/><N who="2" m="10559" /><F116/><W94/><G112/><T92/><D92/><U104/><E55/><V56/><F56/><W50/><G39/><AGARI ba="0,0" hai="2,6,9,27,29,33,39,43,44,120,123" m="10559" machi="39" ten="30,1500,0" yaku="24,1" doraHai="101" who="2" fromWho="3" sc="217,0,324,0,369,15,90,-15" /><INIT seed="6,1,0,0,4,28" ten="217,324,384,75" oya="2" hai0="38,101,19,121,33,42,29,5,50,117,111,58,112" hai1="30,26,93,66,81,74,94,122,69,63,52,62,128" hai2="47,4,102,119,16,76,40,15,129,68,105,35,25" hai3="73,110,53,107,132,96,11,104,79,127,123,115,10"/><V108/><F119/><W32/><G110/><T46/><D121/><U130/><E122/><V41/><F108/><W77/><G123/><T118/><D111/><U120/><E120/><V83/><F129/><N who="1" m="49769" /><E81/><V37/><F68/><W64/><G96/><T90/><D112/><U45/><E74/><V48/><F4/><W18/><G53/><T78/><D78/><U7/><E7/><V1/><F1/><W125/><G18/><T91/><D101/><U95/><E95/><V106/><F102/><W27/><G27/><N who="0" m="18623" /><D19/><U98/><E98/><V97/><F97/><W36/><G36/><T70/><D70/><U116/><E116/><N who="0" m="44649" /><D5/><U24/><E24/><V0/><F41/><W31/><G31/><T3/><D3/><U49/><E62/><V23/><F0/><W13/><G13/><T55/><AGARI ba="1,0" hai="38,42,46,50,55,58,90,91" m="44649,18623" machi="55" ten="30,2000,0" yaku="12,1,52,1" doraHai="28" who="0" fromWho="0" sc="217,23,324,-6,384,-11,75,-6" /><INIT seed="7,0,0,2,0,63" ten="240,318,373,69" oya="3" hai0="71,89,33,102,80,88,29,56,15,106,3,36,43" hai1="124,67,92,78,70,72,121,83,103,60,30,84,12" hai2="73,130,108,40,101,118,18,14,27,95,81,86,68" hai3="65,87,1,132,55,44,46,100,127,35,20,76,4"/><W119/><G119/><T51/><D3/><U125/><E121/><V123/><F118/><W41/><G35/><T26/><D36/><U17/><E30/><V49/><F108/><W98/><G132/><T61/><D80/><U111/><E111/><V50/><F130/><W99/><G127/><T128/><D15/><U85/><E103/><V2/><F2/><W57/><G1/><T91/><D128/><U64/><E64/><V42/><F68/><W107/><G4/><T48/><D43/><N who="2" m="16426" /><F73/><W116/><G116/><T75/><D75/><U134/><E134/><V13/><F27/><W105/><G65/><N who="0" m="41391" /><D56/><U133/><E133/><V6/><F123/><W47/><G20/><T97/><AGARI ba="0,0" hai="26,29,33,48,51,88,89,91,97,102,106" m="41391" machi="97" ten="30,4000,0" yaku="25,1,52,1,54,1" doraHai="63" who="0" fromWho="0" sc="240,40,318,-10,373,-10,69,-20" owari="280,-12.0,308,11.0,363,46.0,49,-45.0" /></mjloggm>