<mjloggm ver="2.3"><GO type="169" lobby="0"/><UN n0="%E3%81%8F%E3%82%89%E3%81%BE%E3%82%82%E3%82%93" n1="%E3%82%A6%E3%83%AB%E3%83%88%E3%83%A9%E7%AB%8B%E7%9B%B4" n2="%E4%B8%8A%E6%AE%B5%E9%9D%92%E3%83%86%E3%83%B3" n3="%E3%83%89%E3%83%BC%E3%83%AB%E3%83%9F%E3%83%BC" dan="17,17,18,16" rate="2212.53,2143.52,2186.02,2115.09" sx="M,M,M,M"/><TAIKYOKU oya="0"/><INIT seed="0,0,0,3,3,80" ten="250,250,250,250" oya="0" hai0="38,87,101,68,46,43,33,95,88,109,130,8,69" hai1="20,112,97,26,60,52,135,118,14,31,45,107,110" hai2="129,16,9,40,63,15,98,131,1,61,49,64,58" hai3="35,44,89,86,36,76,84,126,39,114,128,0,83"/><T59/><D33/><U17/><E118/><V10/><F98/><W73/><G114/><T75/><D75/><U85/><E112/><V34/><F34/><W57/><G35/><T3/><D130/><U72/><E72/><V102/><F102/><W28/><G28/><T81/><D109/><U29/><E110/><V51/><F40/><W96/><G128/><N who="2" m="49225" /><F61/><W78/><G126/><T12/><D3/><U94/><E135/><V66/><F64/><W117/><G117/><T99/><REACH who="0" step="1"/><D59/><REACH who="0" ten="240,250,250,250" step="2"/><N who="1" m="34919" /><E107/><V11/><F1/><W56/><G0/><T5/><AGARI ba="0,1" hai="5,8,12,38,43,46,68,69,81,87,88,95,99,101" machi="5" ten="20,18000,2" yaku="1,1,0,1,7,1,52,1,54,1,53,1" doraHai="80" doraHaiUra="82" who="0" fromWho="0" sc="240,190,250,-60,250,-60,250,-60" /><INIT seed="0,1,0,3,0,45" ten="430,190,190,190" oya="0" hai0="82,24,57,118,39,78,31,58,133,87,92,4,97" hai1="123,50,28,124,71,99,135,5,114,53,63,15,81" hai2="68,7,96,60,80,49,83,129,131,62,21,134,22" hai3="10,8,75,30,115,117,67,13,86,107,36,116,93"/><T65/><D39/><U9/><E123/><V48/><F7/><W103/><G115/><T52/><D118/><U105/><E114/><V3/><F3/><W32/><G36/><T128/><D133/><U46/><E135/><V102/><F134/><W112/><G112/><T91/><D128/><N who="2" m="49226" /><F21/><W95/><G75/><T20/><D4/><U56/><E124/><V79/><F22/><W113/><G113/><T29/><D65/><U111/><E111/><V88/><F88/><W14/><G107/><T12/><D58/><U40/><E71/><V64/><F62/><W1/><G67/><T0/><D0/><U19/><E28/><V34/><F34/><W73/><G73/><T51/><D12/><U69/><E69/><V85/><F80/><W120/><G1/><T38/><D38/><U94/><E81/><V110/><F110/><W100/><G30/><AGARI ba="1,0" hai="20,24,29,30,31,51,52,57,78,82,87,91,92,97" machi="30" ten="30,11600,0" yaku="7,1,8,1,52,1,54,1" doraHai="45" who="0" fromWho="3" sc="430,119,190,0,190,0,190,-119" /><INIT seed="0,2,0,0,1,67" ten="549,190,190,71" oya="0" hai0="113,30,107,135,23,103,2,82,53,117,114,86,100" hai1="84,110,25,55,122,43,17,60,70,85,112,128,66" hai2="89,54,41,118,12,16,79,6,9,44,31,24,1" hai3="124,18,21,29,111,71,115,69,126,76,119,5,121"/><T37/><D2/><U36/><E122/><V132/><F132/><W38/><G115/><T129/><D37/><U51/><E110/><V39/><F118/><W108/><G119/><T19/><D30/><U27/><E128/><V91/><F54/><W8/><G121/><T56/><D117/><U47/><E112/><V72/><F79/><W13/><G38/><T87/><D135/><U74/><E74/><V92/><F72/><W7/><G76/><T26/><D129/><U34/><E34/><V93/><F93/><W64/><G64/><T57/><D57/><N who="1" m="33023" /><E17/><V3/><F3/><W46/><G46/><T127/><D127/><N who="3" m="48681" /><G29/><T68/><D87/><AGARI ba="2,0" hai="25,27,36,43,47,60,66,70,84,85,87" m="33023" machi="87" ten="30,2000,0" yaku="24,1,52,1" doraHai="67" who="1" fromWho="0" sc="549,-26,190,26,190,0,71,0" /><INIT seed="1,0,0,0,3,132" ten="523,216,190,71" oya="1" hai0="135,134,24,119,75,77,15,117,124,26,68,22,89" hai1="58,46,8,71,104,41,108,64,70,111,67,53,20" hai2="126,114,113,127,12,21,112,120,35,44,11,79,29" hai3="123,23,19,2,31,13,34,92,99,73,4,115,81"/><U47/><E104/><V51/><F79/><W28/><G73/><T45/><D68/><N who="1" m="26155" /><E20/><V91/><F120/><W0/><G81/><T57/><D89/><U62/><E8/><V42/><F35/><W59/><G123/><T78/><D15/><U106/><E106/><V103/><F103/><W49/><G115/><T40/><D75/><U116/><E116/><V69/><F69/><W43/><G43/><T110/><D22/><U109/><E47/><V93/><F21/><W74/><G74/><T9/><D9/><U82/><E82/><V72/><F29/><W3/><G49/><AGARI ba="0,0" hai="41,46,49,53,58,62,64,67,108,109,111" m="26155" machi="49" ten="40,12000,1" yaku="14,1,10,1,34,2" doraHai="132" who="1" fromWho="3" sc="523,0,216,120,190,0,71,-120" owari="523,62.0,336,14.0,190,-21.0,-49,-55.0" /></mjloggm>