<mjloggm ver="2.3"><GO type="169" lobby="0"/><UN n0="%6B%69%79%6F%64%61%69" n1="%E3%81%B1%E3%81%BF%E3%82%85%E3%81%AE%E6%84%9A%E6%81%AF" n2="%41%6D%69%63%68%61%6E" n3="%E3%82%A6%E3%83%AB%E3%83%88%E3%83%A9%E7%AB%8B%E7%9B%B4" dan="19,16,16,18" rate="2262.37,2032.65,2118.28,2279.99" sx="M,M,F,M"/><TAIKYOKU oya="0"/><INIT seed="0,0,0,3,0,45" ten="250,250,250,250" oya="0" hai0="134,92,72,118,132,69,5,130,99,96,113,24,120" hai1="104,0,1,82,59,7,37,29,80,81,34,40,86" hai2="131,17,28,11,123,119,23,19,39,117,76,51,94" hai3="68,93,48,129,135,9,14,35,71,50,103,75,128"/><T53/><D69/><U64/><E104/><V16/><F123/><W4/><G35/><T62/><D72/><U30/><E86/><V73/><F39/><W108/><G75/><T87/><D113/><U66/><E59/><V124/><F124/><W77/><G77/><T61/><D118/><N who="2" m="45066" /><F131/><N who="3" m="50251" /><G108/><T126/><D130/><U44/><E34/><V79/><F94/><W111/><G111/><T18/><D5/><U41/><E44/><V15/><F51/><N who="3" m="19499" /><G135/><T54/><D126/><U121/><E121/><V58/><F58/><W106/><G106/><T10/><D120/><U22/><E22/><V63/><F63/><W8/><G8/><T114/><D10/><U97/><E37/><V13/><F73/><W33/><G33/><T70/><D114/><U27/><E7/><N who="2" m="3327" /><F79/><W98/><AGARI ba="0,0" hai="4,9,14,68,71,93,98,103" m="19499,50251" machi="98" ten="30,7900,0" yaku="19,1,52,3" doraHai="45" who="3" fromWho="3" sc="250,-39,250,-20,250,-20,250,79" /><INIT seed="1,0,0,4,5,39" ten="211,230,230,329" oya="1" hai0="35,26,83,102,74,97,86,109,55,87,40,119,124" hai1="32,121,72,27,132,13,52,89,12,69,54,22,24" hai2="47,114,43,33,66,105,111,131,7,10,8,88,18" hai3="78,61,4,128,56,103,63,106,16,118,107,77,112"/><U79/><E69/><V53/><F111/><W76/><G112/><T101/><D74/><U81/><E121/><V98/><F131/><W5/><G128/><T84/><D109/><U134/><E32/><V65/><F33/><W129/><G129/><T46/><D55/><N who="1" m="21035" /><E89/><V15/><F114/><W29/><G29/><T130/><D124/><U82/><E82/><V59/><F105/><W67/><G118/><T0/><D0/><U37/><E37/><V135/><F135/><N who="1" m="51753" /><E27/><V123/><F123/><W80/><G80/><T45/><D45/><U100/><E100/><V117/><F117/><W25/><G63/><T73/><D102/><U122/><E122/><V92/><F59/><W51/><G51/><T110/><D110/><U125/><E125/><V64/><F53/><W113/><G103/><T127/><D127/><U21/><E21/><V50/><REACH who="2" step="1"/><F66/><REACH who="2" ten="211,230,220,329" step="2"/><W28/><G113/><T115/><D115/><U96/><E96/><V23/><F23/><W48/><G67/><T58/><D130/><U133/><N who="1" m="51761" /><U3/><DORA hai="34" /><E3/><AGARI ba="0,1" hai="3,7,8,10,15,18,43,47,50,64,65,88,92,98" machi="3" ten="30,12000,2" yaku="1,1,7,1,52,2,54,1,53,1" doraHai="39,34" doraHaiUra="19,91" who="2" fromWho="1" sc="211,0,230,-120,220,130,329,0" /><INIT seed="2,0,0,5,4,25" ten="211,110,350,329" oya="2" hai0="70,76,36,14,55,45,81,135,6,48,120,107,126" hai1="28,3,65,115,97,23,8,124,114,27,72,4,53" hai2="30,92,10,17,90,77,18,87,59,99,118,100,11" hai3="50,105,13,41,82,56,35,134,26,111,96,66,22"/><V78/><F118/><W51/><G111/><T0/><D107/><U68/><E124/><V121/><F121/><W117/><G117/><T64/><D135/><U95/><E72/><V42/><F42/><W132/><G35/><T1/><D36/><U61/><REACH who="1" step="1"/><E53/><REACH who="1" ten="211,100,350,329" step="2"/><V84/><F77/><W40/><G134/><T110/><D126/><U21/><E21/><V80/><F59/><W109/><G22/><T67/><D70/><U73/><E73/><V131/><F131/><W128/><G56/><T122/><D122/><U94/><E94/><V37/><F10/><W79/><G128/><T34/><D34/><U83/><E83/><V102/><F11/><W7/><G82/><T57/><D120/><U46/><E46/><V125/><F92/><W9/><G9/><T69/><D69/><U71/><E71/><V44/><F80/><W24/><G132/><T74/><D110/><U49/><E49/><V31/><F44/><W112/><G51/><T127/><D127/><U103/><AGARI ba="0,1" hai="3,4,8,23,27,28,61,65,68,95,97,103,114,115" machi="103" ten="20,5200,0" yaku="1,1,0,1,7,1,52,1,53,0" doraHai="25" doraHaiUra="129" who="1" fromWho="1" sc="211,-13,100,62,350,-26,329,-13" /><INIT seed="3,0,0,2,5,58" ten="198,162,324,316" oya="3" hai0="127,131,7,42,109,75,89,16,14,82,51,59,0" hai1="96,33,77,99,25,135,32,92,34,115,84,100,95" hai2="102,30,98,56,110,29,60,120,62,17,46,107,97" hai3="111,129,1,11,108,101,119,73,2,80,86,37,54"/><W18/><G73/><T36/><D109/><N who="3" m="42057" /><G119/><T124/><D131/><U9/><E115/><V10/><F120/><W31/><G37/><T45/><D7/><U114/><E114/><V50/><F110/><W87/><G129/><T130/><D0/><U118/><E135/><V116/><F116/><W85/><G31/><T68/><D68/><U71/><E71/><V39/><F39/><W61/><G101/><T23/><D130/><U134/><E134/><V126/><F126/><W3/><G18/><T112/><D112/><U21/><E9/><V113/><F113/><W28/><G28/><T55/><D89/><U38/><E38/><V12/><F98/><W49/><G11/><T15/><REACH who="0" step="1"/><D14/><REACH who="0" ten="188,162,324,316" step="2"/><U133/><E133/><V53/><REACH who="2" step="1"/><F62/><REACH who="2" ten="188,162,314,316" step="2"/><W65/><G61/><T22/><D22/><U103/><E118/><V13/><F13/><W106/><G1/><T76/><AGARI ba="0,2" hai="15,16,23,36,42,45,51,55,59,75,76,82,124,127" machi="76" ten="30,4000,0" yaku="1,1,0,1,54,1,53,0" doraHai="58" doraHaiUra="83" who="0" fromWho="0" sc="188,60,162,-10,314,-10,316,-20" /><INIT seed="4,0,0,4,0,23" ten="248,152,304,296" oya="0" hai0="57,18,69,78,9,56,82,75,0,7,19,100,91" hai1="99,29,132,67,17,81,66,124,38,58,49,135,93" hai2="73,104,51,102,36,128,53,133,92,71,32,80,129" hai3="4,5,84,52,95,77,121,46,94,125,98,87,116"/><T13/><D69/><U79/><E38/><V41/><F71/><W119/><G125/><T33/><D33/><U28/><E124/><V97/><F133/><N who="1" m="51273" /><E17/><V131/><F32/><W113/><G46/><T11/><D100/><N who="1" m="60527" /><E49/><V61/><F36/><W106/><G98/><T64/><D64/><N who="1" m="24619" /><E58/><V114/><F41/><W109/><G4/><T55/><D55/><U103/><E103/><V40/><F61/><W130/><G5/><T48/><D48/><U20/><E20/><V96/><F40/><W12/><G52/><T115/><D115/><U39/><E39/><V90/><F114/><W35/><G35/><T63/><D63/><U107/><E107/><V21/><F21/><W117/><G106/><T54/><D54/><U34/><E34/><V118/><F118/><W2/><G113/><T15/><D91/><U120/><E120/><V27/><F51/><W126/><G121/><T62/><D62/><U42/><E42/><V123/><F53/><W30/><G126/><T16/><D18/><U83/><E83/><V65/><F65/><W101/><G117/><T25/><REACH who="0" step="1"/><D25/><REACH who="0" ten="238,152,304,296" step="2"/><U72/><AGARI ba="0,1" hai="28,29,72,79,81" m="24619,60527,51273" machi="72" ten="30,1100,0" yaku="20,1" doraHai="23" who="1" fromWho="1" sc="238,-5,152,21,304,-3,296,-3" /><INIT seed="5,0,0,0,4,25" ten="233,173,301,293" oya="1" hai0="47,83,17,74,69,14,134,130,116,42,18,65,15" hai1="90,108,62,51,5,53,86,28,101,79,70,114,131" hai2="92,46,33,123,23,4,72,57,110,100,103,64,84" hai3="122,94,7,73,126,58,129,67,80,30,91,45,112"/><U97/><E114/><V99/><F72/><W50/><G122/><T39/><D116/><U85/><E131/><V1/><F123/><W36/><G36/><T77/><D130/><U109/><E28/><V24/><F110/><N who="1" m="42601" /><E5/><V118/><F33/><W76/><G129/><T44/><D134/><U106/><E62/><N who="2" m="37967" /><F1/><W98/><G126/><T88/><D69/><U128/><E70/><V87/><F4/><W60/><G112/><T41/><D65/><U29/><E29/><N who="2" m="17567" /><F118/><W21/><G7/><T49/><D18/><U71/><E71/><V115/><F115/><W66/><G66/><T111/><D111/><U52/><E128/><V37/><F103/><W2/><G2/><T12/><D88/><U22/><E22/><V75/><F75/><W40/><G21/><T9/><AGARI ba="0,0" hai="9,12,14,15,17,39,41,42,44,47,49,74,77,83" machi="9" ten="20,1500,0" yaku="0,1,7,1" doraHai="25" who="0" fromWho="0" sc="233,15,173,-7,301,-4,293,-4" /><INIT seed="6,0,0,3,0,60" ten="248,166,297,289" oya="2" hai0="17,19,7,65,134,88,69,110,129,85,59,107,124" hai1="21,98,113,117,11,20,54,112,29,13,28,115,14" hai2="24,36,74,38,106,125,90,50,39,131,26,89,84" hai3="118,16,68,0,119,93,71,47,44,61,15,62,27"/><V126/><F74/><W48/><G27/><N who="2" m="10281" /><F106/><W101/><G0/><T94/><D107/><U128/><E98/><V49/><F131/><W23/><G93/><T83/><D69/><U2/><E54/><V46/><F84/><W56/><G101/><T132/><D110/><U4/><E128/><V43/><F43/><W114/><G114/><T12/><D129/><U40/><E40/><V5/><F5/><W100/><G100/><T8/><D124/><N who="2" m="47722" /><F46/><W82/><G82/><T108/><D108/><U103/><E117/><V3/><F3/><W51/><G56/><T6/><D83/><U33/><E103/><V116/><F116/><W105/><G105/><T32/><D32/><U10/><E33/><V73/><F73/><W104/><G104/><T41/><D41/><U75/><E75/><V52/><F52/><W64/><G47/><T55/><D55/><U57/><E57/><V58/><F58/><W37/><G37/><T135/><D6/><N who="1" m="3319" /><E2/><V45/><F45/><W76/><G44/><T70/><D70/><U78/><E78/><V133/><F133/><W77/><G119/><T122/><D122/><U97/><E97/><V31/><F31/><AGARI ba="0,0" hai="4,10,14,20,21,28,29,31,112,113,115" m="3319" machi="31" ten="30,3900,0" yaku="15,1,34,2" doraHai="60" who="1" fromWho="2" sc="248,0,166,39,297,-39,289,0" /><INIT seed="7,0,0,2,5,118" ten="248,205,258,289" oya="3" hai0="49,70,108,18,87,80,75,37,104,64,13,129,111" hai1="84,8,79,76,43,91,73,33,55,102,35,121,106" hai2="63,113,103,65,130,109,134,131,82,39,107,83,105" hai3="97,42,66,86,94,114,28,5,99,50,119,51,68"/><W125/><G119/><T6/><D37/><U11/><E43/><V112/><F39/><W126/><G114/><N who="2" m="44137" /><F63/><N who="3" m="40031" /><G28/><T72/><D129/><N who="2" m="49162" /><F65/><W45/><G5/><T123/><D6/><U132/><E132/><V15/><F134/><W4/><G4/><T21/><D123/><U62/><E102/><V96/><F15/><W53/><G86/><T19/><D75/><U3/><E106/><N who="2" m="40459" /><F109/><W124/><G94/><AGARI ba="0,0" hai="82,83,94,96,103" m="40459,49162,44137" machi="94" ten="40,8000,1" yaku="15,1,19,1,34,2" doraHai="118" who="2" fromWho="3" sc="248,0,205,0,258,80,289,-80" owari="248,5.0,205,-29.0,338,43.0,209,-19.0" /></mjloggm>