<mjloggm ver="2.3"><GO type="169" lobby="0"/><UN n0="%E3%83%95%E3%82%A7%E3%83%AB%E3%83%8A%E3%83%B3%E3%83%89" n1="%E3%82%A6%E3%83%AB%E3%83%88%E3%83%A9%E7%AB%8B%E7%9B%B4" n2="%E8%97%8D%E8%91%89" n3="%6C%6F%4A%61%73%6B%69%6E" dan="17,17,16,17" rate="2177.06,2157.93,2157.55,2174.10" sx="M,M,M,M"/><TAIKYOKU oya="0"/><INIT seed="0,0,0,5,5,103" ten="250,250,250,250" oya="0" hai0="111,70,68,91,49,78,115,93,4,39,27,46,85" hai1="55,75,116,123,83,80,69,84,129,94,64,99,1" hai2="113,22,16,100,96,131,89,61,71,31,88,14,38" hai3="108,66,0,73,135,12,28,118,87,30,35,90,18"/><T13/><D115/><U112/><E1/><V60/><F38/><W32/><G118/><T17/><D39/><U57/><E116/><V19/><F113/><W104/><G73/><T77/><D4/><U119/><E119/><V7/><F7/><W95/><G0/><T110/><D27/><U134/><E112/><V128/><F31/><W54/><G66/><T133/><D133/><U63/><E123/><V126/><F126/><W101/><G108/><N who="0" m="41515" /><D70/><U114/><E114/><V29/><F29/><W3/><G3/><T21/><D68/><U15/><E134/><V26/><F71/><W76/><G32/><T79/><D79/><U107/><E129/><N who="2" m="49739" /><F61/><W51/><G76/><T86/><D86/><U11/><E84/><V34/><F60/><W105/><G35/><T40/><AGARI ba="0,0" hai="13,17,21,40,46,49,77,78,85,91,93" m="41515" machi="40" ten="30,3000,0" yaku="14,1,10,1" doraHai="103" who="0" fromWho="0" sc="250,30,250,-10,250,-10,250,-10" /><INIT seed="0,1,0,0,1,96" ten="280,240,240,240" oya="0" hai0="76,49,27,70,119,125,43,128,40,79,114,60,88" hai1="133,98,83,99,32,111,30,25,101,39,14,62,17" hai2="11,95,52,81,23,10,9,89,58,106,91,67,22" hai3="74,1,75,8,73,57,50,59,20,78,4,123,109"/><T97/><D114/><U31/><E39/><V35/><F35/><W2/><G2/><T55/><D119/><U19/><E111/><V44/><F106/><W37/><G109/><T68/><D128/><U85/><E133/><V41/><F67/><W18/><G37/><T90/><D125/><U134/><E134/><V3/><F3/><W38/><G38/><T118/><D118/><U48/><E48/><N who="2" m="26639" /><F81/><W24/><G123/><T116/><D116/><U65/><E98/><N who="2" m="57711" /><F91/><N who="0" m="34858" /><D70/><U94/><E31/><V122/><F122/><W21/><G78/><N who="0" m="29739" /><D68/><U84/><E83/><V100/><F100/><W102/><G102/><T54/><D97/><U104/><E94/><V103/><F103/><W15/><REACH who="3" step="1"/><G50/><AGARI ba="1,0" hai="9,10,11,22,23,50,52,58" m="57711,26639" machi="50" ten="30,2000,0" yaku="8,1,54,1" doraHai="96" who="2" fromWho="3" sc="280,0,240,0,240,23,240,-23" /><INIT seed="1,0,0,3,1,1" ten="280,240,263,217" oya="1" hai0="8,92,61,131,99,121,135,129,62,39,4,98,27" hai1="21,133,89,49,45,23,79,77,51,42,108,118,114" hai2="120,88,103,130,71,134,109,75,10,30,32,41,52" hai3="97,125,67,59,96,85,91,107,13,0,76,81,113"/><U44/><E118/><V69/><F120/><W55/><G0/><T66/><D121/><U73/><E114/><V14/><F75/><W126/><G113/><T56/><D39/><U28/><E73/><V65/><F41/><W46/><G46/><T54/><D135/><U106/><E106/><V50/><F103/><W116/><G67/><T80/><D80/><U12/><E133/><V25/><F134/><W11/><G107/><T100/><D99/><U95/><E108/><V78/><F78/><W58/><G116/><T38/><D27/><N who="1" m="16495" /><E23/><V93/><F130/><W31/><G31/><T17/><D17/><U36/><E12/><V35/><F35/><W104/><G59/><T3/><REACH who="0" step="1"/><D38/><REACH who="0" ten="270,240,263,217" step="2"/><U29/><E36/><V63/><F109/><W102/><G97/><T18/><D18/><U122/><E122/><V19/><F71/><AGARI ba="0,1" hai="3,4,8,54,56,61,62,66,71,92,98,100,129,131" machi="71" ten="40,5200,0" yaku="1,1,52,1,53,1" doraHai="1" doraHaiUra="34" who="0" fromWho="2" sc="270,62,240,0,263,-52,217,0" /><INIT seed="2,0,0,4,0,91" ten="332,240,211,217" oya="2" hai0="99,33,98,9,59,56,40,95,74,38,44,80,43" hai1="49,102,65,46,107,75,61,27,28,31,89,32,7" hai2="23,71,69,84,118,121,106,13,34,3,51,123,126" hai3="8,55,36,131,19,37,87,97,101,66,22,1,129"/><V122/><F118/><W81/><G66/><T120/><D120/><U10/><E89/><V113/><F34/><W47/><G1/><T68/><D68/><U94/><E31/><V82/><F113/><W132/><G132/><T62/><D33/><U92/><E75/><V88/><F106/><W4/><G4/><T78/><D43/><U16/><E16/><V12/><F3/><W64/><G64/><T117/><D117/><U6/><E6/><V105/><F105/><W26/><G8/><T77/><D77/><U96/><E49/><V127/><F51/><W124/><G124/><T42/><D42/><U109/><E46/><V133/><F133/><W67/><G67/><T103/><D62/><U76/><E76/><V85/><F85/><W20/><G20/><T110/><D110/><U111/><E111/><V130/><F130/><N who="3" m="49675" /><G55/><T29/><D29/><U57/><REACH who="1" step="1"/><E109/><REACH who="1" ten="332,230,211,217" step="2"/><V50/><F50/><W15/><G47/><T41/><D44/><U60/><E60/><V100/><F126/><W134/><G134/><T108/><D108/><U79/><E79/><V128/><F127/><W104/><G26/><T119/><D78/><AGARI ba="0,1" hai="15,19,22,36,37,78,81,87,97,101,104" m="49675" machi="78" ten="30,1000,0" yaku="19,1" doraHai="91" who="3" fromWho="0" sc="332,-10,230,0,211,0,217,20" /><INIT seed="3,0,0,5,3,100" ten="322,230,211,237" oya="3" hai0="13,18,52,77,9,10,83,26,60,92,38,34,49" hai1="4,124,82,24,20,3,114,6,36,25,53,93,48" hai2="131,135,132,130,101,11,59,111,70,42,94,28,127" hai3="39,87,98,56,57,46,43,75,44,23,68,54,31"/><W90/><G75/><T91/><D38/><U61/><E36/><V116/><F70/><W73/><G73/><T7/><D60/><U129/><E114/><V123/><F116/><W103/><G68/><T74/><D34/><U85/><E129/><N who="2" m="49163" /><F111/><W99/><G46/><T71/><D71/><U125/><E93/><V12/><F28/><W88/><G90/><T108/><D108/><U32/><E61/><V62/><F42/><W105/><G98/><T95/><D91/><U8/><E6/><N who="2" m="3191" /><F123/><W17/><G31/><T81/><D81/><U21/><E32/><V122/><F122/><W121/><G54/><T30/><D30/><U107/><E25/><V35/><F35/><W109/><G109/><T37/><D37/><U113/><E24/><V115/><F115/><W15/><REACH who="3" step="1"/><G121/><REACH who="3" ten="322,230,211,227" step="2"/><T58/><REACH who="0" step="1"/><D26/><REACH who="0" ten="312,230,211,227" step="2"/><U55/><E53/><N who="2" m="34159" /><F127/><W104/><G104/><T120/><D120/><U14/><E107/><V128/><F128/><W67/><G67/><T63/><D63/><U97/><E113/><V89/><F101/><W84/><G84/><AGARI ba="0,2" hai="84,89,94,132,135" m="34159,3191,49163" machi="84" ten="30,1000,0" yaku="19,1" doraHai="100" who="2" fromWho="3" sc="312,0,230,0,211,30,227,-10" /><INIT seed="4,0,0,1,2,18" ten="312,230,241,217" oya="0" hai0="32,4,70,76,85,15,127,20,12,52,22,0,11" hai1="106,8,61,71,69,130,35,109,79,37,38,42,6" hai2="3,63,99,86,103,102,107,131,50,104,30,81,94" hai3="9,118,24,19,56,7,92,44,114,98,45,121,28"/><T62/><D32/><U133/><E35/><V122/><F3/><W16/><G118/><T110/><D127/><U116/><E106/><V123/><F50/><W10/><G114/><T117/><D117/><U13/><E116/><V83/><F63/><W41/><G56/><N who="0" m="35079" /><D0/><U67/><E109/><V115/><F30/><W100/><G121/><N who="2" m="46089" /><F115/><W66/><G66/><T40/><D70/><U1/><E130/><V75/><F131/><W80/><G80/><N who="2" m="30793" /><F75/><W90/><G100/><N who="2" m="38441" /><F86/><W43/><G44/><T132/><D40/><U27/><E42/><V47/><F47/><W29/><G43/><T112/><D112/><U113/><E113/><V53/><F53/><W60/><G60/><T96/><D85/><U48/><E71/><V78/><F78/><W55/><G55/><T51/><D76/><U46/><E79/><V33/><F33/><W5/><G9/><T72/><D72/><U125/><E69/><V23/><F23/><N who="3" m="15391" /><G29/><T91/><D11/><U111/><E8/><V89/><AGARI ba="0,0" hai="89,94,99,104,107" m="38441,30793,46089" machi="89" ten="30,2000,0" yaku="34,2" doraHai="18" who="2" fromWho="2" sc="312,-10,230,-5,241,20,217,-5" /><INIT seed="5,0,0,2,3,101" ten="302,225,261,212" oya="1" hai0="17,120,37,132,82,130,20,97,117,113,71,1,44" hai1="47,55,76,18,52,84,29,51,115,33,95,60,53" hai2="128,107,48,10,124,41,35,23,90,102,49,26,24" hai3="134,126,57,96,61,73,45,25,43,104,135,116,83"/><U106/><E115/><V39/><F39/><W118/><G126/><T75/><RYUUKYOKU type="yao9" ba="0,0" sc="302,0,225,0,261,0,212,0" hai0="1,17,20,37,44,71,75,82,97,113,117,120,130,132" /><INIT seed="5,1,0,3,0,81" ten="302,225,261,212" oya="1" hai0="70,9,93,117,38,86,27,127,90,130,48,4,19" hai1="49,39,33,101,60,69,98,36,21,57,40,32,123" hai2="92,6,53,0,58,129,20,91,89,78,94,28,99" hai3="125,50,51,85,119,63,3,52,110,67,74,68,134"/><U131/><E123/><V126/><F129/><W122/><G110/><T10/><D38/><U12/><E131/><V72/><F126/><W111/><G111/><T124/><D130/><U2/><E2/><V133/><F133/><W5/><G74/><T26/><D117/><U79/><E69/><V35/><F35/><W61/><G122/><T102/><D70/><U118/><E118/><V75/><F6/><W1/><G119/><T62/><D102/><U16/><E79/><V46/><F46/><W55/><G134/><T22/><D62/><U43/><E49/><V135/><F135/><W71/><G5/><T13/><D48/><U25/><E39/><V17/><F28/><W104/><G104/><T34/><REACH who="0" step="1"/><D10/><REACH who="0" ten="292,225,261,212" step="2"/><U87/><E36/><V80/><F72/><W56/><G125/><T113/><D113/><U65/><E60/><V103/><F103/><W18/><G67/><T7/><D7/><U95/><E65/><V97/><F75/><W105/><G105/><T109/><D109/><U84/><E101/><V106/><F106/><W100/><G100/><T23/><D23/><U30/><E33/><V44/><F20/><W108/><G108/><T116/><D116/><U107/><E107/><V59/><F0/><W42/><G56/><T115/><D115/><U73/><E57/><V88/><F59/><W14/><G42/><N who="1" m="15914" /><E73/><V54/><F58/><W76/><G68/><T96/><D96/><U41/><E41/><V37/><F37/><W132/><G71/><T24/><D24/><U8/><E32/><V11/><F99/><W15/><G132/><T29/><AGARI ba="1,1" hai="4,9,13,19,22,26,27,29,34,86,90,93,124,127" machi="29" ten="30,7900,0" yaku="1,1,5,1,0,1,52,1,53,0" doraHai="81" doraHaiUra="45" who="0" fromWho="0" sc="292,92,225,-40,261,-21,212,-21" /><INIT seed="6,0,0,3,3,43" ten="384,185,240,191" oya="2" hai0="77,94,44,20,132,76,93,32,101,103,96,0,107" hai1="74,99,41,22,11,68,97,30,109,38,57,53,127" hai2="24,60,81,98,114,66,85,72,18,21,58,48,78" hai3="110,79,33,131,84,64,125,1,88,65,39,118,122"/><V82/><F114/><W128/><G118/><T16/><D32/><U34/><E109/><V63/><F98/><W69/><G110/><T86/><D0/><U123/><E34/><V47/><F63/><W29/><G122/><T50/><D107/><U55/><E74/><V12/><F12/><W89/><G39/><T120/><D132/><U106/><E68/><V35/><F35/><W134/><G1/><T25/><D103/><U51/><E106/><V92/><F92/><W59/><G69/><T27/><D27/><N who="1" m="16759" /><E38/><V49/><F47/><W104/><G104/><T28/><D28/><U67/><E127/><V9/><F9/><W105/><G105/><T91/><D120/><U3/><E3/><V14/><F24/><N who="3" m="18599" /><G134/><T54/><AGARI ba="0,0" hai="16,20,25,44,50,54,76,77,86,91,93,94,96,101" machi="54" ten="20,8000,1" yaku="0,1,7,1,8,1,52,1,54,1" doraHai="43" who="0" fromWho="0" sc="384,80,185,-20,240,-40,191,-20" /><INIT seed="7,0,0,5,4,133" ten="464,165,200,171" oya="3" hai0="97,23,119,109,7,67,70,5,46,6,69,123,34" hai1="60,107,4,42,65,131,47,118,12,57,86,73,75" hai2="27,29,48,2,43,88,80,83,68,94,95,59,103" hai3="63,106,53,55,40,0,36,33,78,92,16,28,39"/><W15/><G106/><T114/><D34/><U82/><E107/><V31/><F2/><W125/><G0/><T121/><D109/><U9/><E131/><V96/><F68/><W127/><G78/><T132/><D119/><U117/><E117/><V1/><F1/><W134/><G134/><T10/><D114/><U19/><E118/><V62/><F48/><W30/><G92/><T104/><D10/><U135/><E135/><V79/><F43/><W18/><G40/><T128/><D128/><U64/><E64/><N who="2" m="39007" /><F79/><W108/><G108/><T87/><D123/><U129/><E129/><V99/><F27/><W51/><G63/><T113/><D113/><U74/><E4/><V44/><F44/><W90/><G90/><T11/><D11/><U100/><E100/><V17/><F17/><N who="3" m="6763" /><G15/><T58/><D121/><U41/><REACH who="1" step="1"/><E47/><REACH who="1" ten="464,155,200,171" step="2"/><V14/><F103/><W115/><G115/><T3/><D46/><U76/><AGARI ba="0,1" hai="9,12,19,41,42,57,60,65,73,74,75,76,82,86" machi="76" ten="30,4000,0" yaku="1,1,2,1,0,1,53,0" doraHai="133" doraHaiUra="91" who="1" fromWho="1" sc="464,-10,155,50,200,-10,171,-20" owari="454,55.0,205,1.0,190,-21.0,151,-35.0" /></mjloggm>