<mjloggm ver="2.3"><GO type="169" lobby="0"/><UN n0="%E3%83%91%E3%83%B3%E3%83%81%E3%83%A7%E3%83%AA%E3%83%BC%E3%83%8A%E6%94%B9" n1="%E3%82%A6%E3%83%AB%E3%83%88%E3%83%A9%E7%AB%8B%E7%9B%B4" n2="%6C%79%6F%6E%5F%30%38" n3="%E3%81%9F%E3%81%8C%E3%82%84%E3%81%99" dan="16,18,16,17" rate="2100.76,2226.43,2126.74,2167.53" sx="M,M,M,M"/><TAIKYOKU oya="0"/><INIT seed="0,0,0,0,0,88" ten="250,250,250,250" oya="0" hai0="86,130,16,44,43,118,62,10,103,113,127,98,93" hai1="22,56,26,106,17,24,81,124,105,129,25,100,125" hai2="45,20,54,135,96,11,131,35,120,67,87,85,75" hai3="119,76,97,55,49,72,94,53,39,15,59,104,112"/><T4/><D113/><U91/><E129/><V60/><F75/><W114/><G39/><T3/><D118/><U21/><E56/><V79/><F120/><W0/><G0/><T38/><D130/><U134/><E134/><V37/><F135/><W18/><G104/><T50/><D127/><N who="1" m="48715" /><E100/><V126/><F35/><W123/><G123/><T9/><D62/><U101/><E101/><V29/><F126/><W66/><G66/><T36/><REACH who="0" step="1"/><D86/><REACH who="0" ten="240,250,250,250" step="2"/><N who="1" m="50639" /><E26/><V84/><F84/><W89/><G119/><T61/><D61/><U48/><E48/><V13/><F87/><W19/><G49/><T111/><D111/><U23/><E25/><V70/><F60/><W95/><G114/><T90/><D90/><U122/><E122/><V34/><F131/><W92/><G89/><T132/><D132/><U107/><AGARI ba="0,1" hai="17,21,22,23,24,105,106,107" m="50639,48715" machi="107" ten="40,1500,0" yaku="18,1" doraHai="88" who="1" fromWho="1" sc="240,-7,250,25,250,-4,250,-4" /><INIT seed="1,0,0,4,3,90" ten="233,275,246,246" oya="1" hai0="51,59,32,118,113,112,107,71,87,91,15,11,38" hai1="135,121,60,82,27,43,65,54,23,74,7,48,52" hai2="76,80,2,62,14,1,17,92,114,70,12,6,83" hai3="100,5,0,98,22,77,37,39,99,36,58,79,95"/><U46/><E121/><V132/><F132/><W21/><G0/><T111/><D118/><U108/><E135/><V67/><F114/><W127/><G5/><T89/><D111/><U20/><E108/><V81/><F76/><W30/><G127/><T126/><D126/><U116/><E116/><V93/><F12/><W129/><G129/><T123/><D71/><U85/><E74/><V119/><F119/><W66/><G99/><T25/><D38/><U8/><E65/><V133/><F133/><W84/><G84/><T105/><D123/><U57/><E54/><V88/><F6/><W134/><G21/><T110/><D110/><U61/><E61/><V47/><F47/><W120/><G120/><T53/><D105/><U63/><E63/><V106/><F106/><W104/><G104/><T101/><D101/><U40/><E40/><V44/><F44/><W73/><G73/><T97/><D97/><U117/><E27/><V42/><F42/><W10/><G10/><T125/><D107/><U49/><E60/><V78/><F78/><W13/><G77/><T9/><D125/><U16/><E117/><V109/><F109/><W56/><G79/><T130/><D130/><U35/><E35/><V55/><F55/><W29/><G66/><T72/><D72/><U131/><E131/><V69/><F69/><W33/><G33/><T34/><D34/><U26/><E23/><V102/><F102/><W75/><G75/><T94/><D11/><U124/><E124/><V41/><F41/><W64/><G134/><T68/><D32/><U96/><E8/><V19/><F70/><RYUUKYOKU ba="0,0" sc="233,0,275,0,246,0,246,0" /><INIT seed="2,1,0,1,4,12" ten="233,275,246,246" oya="2" hai0="89,126,43,3,85,67,70,19,58,82,135,14,95" hai1="120,53,42,86,23,62,40,18,27,29,66,37,134" hai2="52,96,65,93,5,35,122,105,124,102,24,17,16" hai3="21,118,106,56,110,90,48,50,72,130,7,6,87"/><V32/><F122/><W59/><G72/><T10/><D135/><U125/><E125/><V91/><F5/><W15/><G106/><T2/><D126/><U92/><E134/><V129/><F124/><W117/><G130/><T109/><D109/><U0/><E0/><V115/><F115/><W99/><G99/><T33/><D70/><U111/><E111/><V100/><F100/><W114/><G110/><T46/><D33/><U63/><E37/><V30/><F35/><W4/><G114/><T113/><D113/><U20/><E120/><V26/><F26/><W98/><G98/><T69/><D69/><U78/><E53/><V38/><F38/><W8/><G21/><T112/><D112/><U103/><E103/><V97/><F129/><W60/><G118/><T36/><REACH who="0" step="1"/><D82/><REACH who="0" ten="223,275,246,246" step="2"/><N who="1" m="47447" /><E92/><V119/><F119/><W128/><G117/><T107/><D107/><U54/><E66/><V77/><F65/><W41/><G128/><T88/><D88/><U44/><E54/><V51/><REACH who="2" step="1"/><F77/><REACH who="2" ten="223,275,236,246" step="2"/><W49/><G90/><T1/><D1/><U47/><E42/><V11/><F11/><W121/><G8/><T64/><D64/><U133/><E40/><V104/><F104/><W31/><G41/><T76/><D76/><U108/><E108/><V68/><F68/><W39/><G121/><T71/><D71/><U45/><E133/><V80/><F80/><W94/><G94/><T74/><D74/><U13/><AGARI ba="1,2" hai="13,18,20,23,27,29,44,45,47,62,63" m="47447" machi="13" ten="30,2000,0" yaku="8,1,52,1" doraHai="12" who="1" fromWho="1" sc="223,-6,275,43,236,-11,246,-6" /><INIT seed="3,0,0,4,3,105" ten="217,318,225,240" oya="3" hai0="6,56,91,121,73,20,134,3,95,0,89,75,30" hai1="12,112,8,62,83,14,58,131,67,32,47,10,39" hai2="124,101,78,94,107,122,100,64,51,77,119,109,128" hai3="90,68,7,57,86,19,130,114,40,80,60,110,42"/><W129/><G68/><T43/><D121/><U88/><E32/><V85/><F64/><W29/><G114/><T69/><D69/><U117/><E112/><V108/><F51/><W120/><G120/><T34/><D34/><U28/><E28/><V132/><F122/><W41/><G29/><T21/><D43/><U66/><E131/><N who="3" m="50186" /><G7/><T45/><D45/><U11/><E117/><V24/><F24/><W18/><G110/><N who="2" m="42601" /><F128/><W87/><G86/><T27/><D134/><U22/><E39/><V4/><F4/><W102/><G102/><N who="2" m="39529" /><F119/><W125/><G125/><T36/><D36/><U49/><E22/><V23/><F23/><W71/><G71/><T103/><D103/><U5/><E5/><V15/><F15/><W116/><G116/><T50/><D21/><U61/><E14/><V97/><F132/><W84/><G84/><T135/><D135/><U79/><E12/><V31/><F31/><W9/><G9/><T44/><D6/><U16/><E10/><V92/><F107/><W82/><G82/><T33/><D33/><U115/><E11/><V37/><F37/><W111/><G111/><T123/><D123/><U99/><E83/><V98/><F124/><W38/><G38/><T52/><D3/><U54/><E8/><V13/><F13/><W113/><G113/><T74/><D0/><U72/><E115/><V1/><F1/><W133/><G133/><T63/><REACH who="0" step="1"/><D95/><REACH who="0" ten="207,318,225,240" step="2"/><N who="2" m="36394" /><F85/><W70/><G70/><T106/><D106/><U118/><E118/><V25/><F25/><W55/><AGARI ba="0,1" hai="18,19,40,41,42,55,57,60,80,87,90" m="50186" machi="55" ten="30,1500,0" yaku="19,1" doraHai="105" who="3" fromWho="3" sc="207,-5,318,-5,225,-5,240,25" /><INIT seed="3,1,0,0,0,40" ten="202,313,220,265" oya="3" hai0="35,122,135,24,9,134,109,29,125,57,99,112,98" hai1="54,81,80,132,84,19,32,77,51,17,60,102,3" hai2="20,85,1,16,25,71,79,108,42,15,131,94,128" hai3="12,26,46,63,10,23,48,66,115,82,70,53,114"/><W44/><G82/><T18/><D122/><U75/><E132/><N who="0" m="50729" /><D109/><U31/><E3/><V13/><F71/><W121/><G121/><T111/><D111/><U129/><E129/><N who="2" m="49739" /><F108/><W64/><G64/><T67/><D125/><U104/><E60/><V95/><F1/><W22/><G44/><T37/><D37/><U7/><E7/><V68/><F68/><W30/><REACH who="3" step="1"/><G23/><REACH who="3" ten="202,313,220,255" step="2"/><T69/><D112/><U123/><E81/><N who="2" m="47295" /><F42/><W27/><G27/><T56/><D24/><U28/><E80/><V5/><F25/><W8/><G8/><AGARI ba="1,1" hai="5,8,13,15,16,20,94,95" m="47295,49739" machi="8" ten="30,2000,0" yaku="19,1,54,1" doraHai="40" who="2" fromWho="3" sc="202,0,313,0,220,33,255,-23" /><INIT seed="4,0,0,4,0,57" ten="202,313,253,232" oya="0" hai0="89,92,30,83,69,48,120,87,25,133,84,109,6" hai1="19,41,118,15,132,106,125,70,96,127,129,32,90" hai2="121,86,76,51,77,72,54,64,95,12,135,46,82" hai3="65,71,100,68,14,29,20,73,126,91,102,27,11"/><T37/><D120/><U60/><E118/><V45/><F121/><W66/><G73/><T111/><D37/><U31/><E41/><V33/><F33/><W16/><G126/><T58/><D69/><U22/><E129/><V75/><F135/><W93/><G71/><T28/><D133/><U17/><E17/><V44/><F64/><N who="3" m="24683" /><G68/><T88/><D6/><U119/><E119/><V79/><F95/><W80/><G80/><T124/><D124/><U26/><E132/><V122/><F122/><W0/><G0/><T116/><D116/><U99/><E99/><AGARI ba="0,0" hai="11,14,16,20,27,29,91,93,99,100,102" m="24683" machi="99" ten="30,2000,0" yaku="8,1,54,1" doraHai="57" who="3" fromWho="1" sc="202,0,313,-20,253,0,232,20" /><INIT seed="5,0,0,2,5,31" ten="202,293,253,252" oya="1" hai0="24,12,54,29,109,69,103,119,10,97,3,107,67" hai1="49,80,105,81,111,14,33,89,101,79,117,74,123" hai2="100,121,21,82,84,13,68,93,39,51,112,92,110" hai3="20,9,26,127,32,7,64,128,116,96,133,134,44"/><U34/><E117/><V106/><F39/><W87/><G64/><T125/><D125/><U90/><E123/><V70/><F110/><W108/><G108/><T27/><D109/><U91/><E111/><V114/><F121/><W122/><G122/><T36/><D119/><U66/><E66/><V17/><F106/><W129/><G116/><T113/><D113/><N who="2" m="43626" /><F51/><W130/><G127/><T28/><D3/><U42/><E81/><V95/><F100/><W37/><G96/><T75/><D75/><U85/><E85/><V30/><F30/><N who="3" m="19543" /><G87/><T23/><D36/><U77/><E77/><AGARI ba="0,0" hai="13,17,21,68,70,77,82,84,92,93,95" m="43626" machi="77" ten="30,2000,0" yaku="15,1,11,1" doraHai="31" who="2" fromWho="1" sc="202,0,293,-20,253,20,252,0" /><INIT seed="6,0,0,3,0,32" ten="202,273,273,252" oya="2" hai0="8,47,112,68,19,12,40,126,48,127,104,11,84" hai1="58,89,43,29,34,49,7,38,94,9,82,63,55" hai2="57,102,4,20,24,18,13,113,120,134,75,67,6" hai3="100,98,128,70,22,2,114,87,28,30,45,83,92"/><V110/><F75/><W106/><G2/><T42/><D104/><U73/><E29/><V50/><F120/><W109/><G109/><T72/><D72/><U133/><E34/><V35/><F113/><W53/><G70/><T61/><D112/><U39/><E133/><V118/><F118/><W132/><G128/><T116/><D116/><U129/><E129/><V54/><F134/><W16/><G106/><T10/><D42/><U71/><E82/><V14/><F35/><W125/><G125/><N who="0" m="47627" /><D84/><U33/><E33/><V97/><F67/><AGARI ba="0,0" hai="8,10,11,12,19,40,47,48,61,67,68" m="47627" machi="67" ten="30,1000,0" yaku="18,1" doraHai="32" who="0" fromWho="2" sc="202,10,273,0,273,-10,252,0" /><INIT seed="7,0,0,0,2,92" ten="212,273,263,252" oya="3" hai0="61,68,9,117,100,50,53,124,110,22,127,49,79" hai1="118,75,123,27,26,121,54,83,122,15,16,57,66" hai2="23,65,29,38,78,8,103,64,86,59,0,76,125" hai3="56,33,25,37,82,129,73,30,28,20,99,7,71"/><W72/><G37/><T111/><D79/><U104/><E104/><V106/><F38/><W96/><G71/><T128/><D100/><U46/><E118/><V62/><F65/><W36/><G36/><T17/><D117/><U11/><E66/><V10/><F125/><N who="0" m="48202" /><D9/><U13/><E46/><V98/><F86/><W70/><G72/><T4/><D4/><U89/><E75/><V74/><F74/><W51/><G70/><T39/><D39/><U60/><E83/><V24/><F8/><W132/><G7/><T31/><D31/><U108/><E108/><N who="0" m="41513" /><D128/><U35/><E11/><V97/><F10/><W69/><G30/><T48/><D68/><U109/><E109/><V43/><F43/><W134/><G69/><T114/><D114/><U93/><E121/><V85/><F85/><W130/><G33/><T47/><D61/><U84/><E35/><V45/><F45/><W87/><G73/><T1/><D1/><U120/><E120/><V107/><F0/><W116/><G116/><T81/><D81/><U34/><E123/><V112/><F112/><W133/><G129/><T12/><AGARI ba="0,0" hai="12,17,22,47,48,49,50,53" m="41513,48202" machi="12" ten="30,1100,0" yaku="18,1" doraHai="92" who="0" fromWho="0" sc="212,11,273,-3,263,-3,252,-5" /><INIT seed="8,0,0,0,2,57" ten="223,270,260,247" oya="0" hai0="31,49,94,123,114,41,10,56,112,33,66,47,101" hai1="68,120,71,111,79,64,17,116,28,24,44,122,8" hai2="16,129,21,37,27,102,119,75,81,45,42,128,74" hai3="95,118,2,61,100,86,127,130,25,36,35,9,14"/><T72/><D123/><U13/><E111/><V126/><F102/><W104/><G36/><T63/><D72/><U23/><E116/><V70/><F70/><W96/><G118/><T29/><D10/><U60/><E79/><V109/><F109/><W46/><G2/><T69/><D69/><U5/><E71/><V22/><F119/><W65/><G46/><T82/><D82/><U55/><E55/><V7/><F7/><W115/><G115/><T34/><D34/><U85/><E85/><V76/><F126/><W78/><G130/><N who="2" m="50281" /><F22/><W110/><G127/><T12/><D12/><U134/><E134/><V99/><F99/><W11/><G14/><T125/><D125/><U133/><E133/><V117/><F117/><W15/><G15/><T3/><D3/><U40/><E5/><V6/><F6/><W52/><G65/><T88/><D101/><U131/><E131/><V39/><F39/><AGARI ba="0,0" hai="8,13,17,23,24,28,39,40,44,60,64,68,120,122" machi="39" ten="30,2000,0" yaku="7,1,52,1" doraHai="57" who="1" fromWho="2" sc="223,0,270,20,260,-20,247,0" /><INIT seed="9,0,0,1,2,114" ten="223,290,240,247" oya="1" hai0="35,80,67,110,66,51,109,82,10,48,32,3,126" hai1="129,104,127,106,33,4,60,24,73,5,68,95,107" hai2="25,17,46,135,37,13,49,40,56,1,85,52,11" hai3="20,71,83,79,59,74,27,47,12,133,111,90,64"/><U7/><E73/><V21/><F1/><W87/><G71/><T63/><D10/><U14/><E14/><V45/><F85/><W91/><G133/><T31/><D3/><U65/><E95/><V16/><REACH who="2" step="1"/><F46/><REACH who="2" ten="223,290,230,247" step="2"/><W98/><G47/><T120/><D120/><U112/><E112/><V115/><F115/><W108/><G87/><T30/><REACH who="0" step="1"/><D63/><REACH who="0" ten="213,290,230,247" step="2"/><U8/><E60/><V18/><F18/><W119/><G108/><T19/><D19/><U15/><E4/><V122/><F122/><W78/><G111/><T121/><D121/><U84/><E5/><V61/><F61/><W53/><G74/><T28/><D28/><U23/><E7/><V113/><F113/><W130/><G130/><T123/><D123/><U34/><E129/><V6/><F6/><W72/><G72/><T131/><D131/><U100/><E8/><V2/><F2/><W43/><G78/><T44/><D44/><U29/><E29/><V0/><F0/><W75/><G79/><T41/><D41/><U102/><E127/><AGARI ba="0,2" hai="30,31,32,35,48,51,66,67,80,82,109,110,126,127" machi="127" ten="25,3200,0" yaku="1,1,22,2,53,0" doraHai="114" doraHaiUra="42" who="0" fromWho="1" sc="213,52,290,-32,230,0,247,0" /><INIT seed="10,0,0,1,2,56" ten="265,258,230,247" oya="2" hai0="95,89,84,134,98,37,122,14,88,109,113,128,53" hai1="49,103,22,73,3,43,19,16,97,30,1,72,82" hai2="92,112,130,79,69,104,99,26,15,23,67,131,24" hai3="18,2,96,132,51,48,78,9,93,106,119,133,57"/><V121/><F112/><W63/><G106/><T20/><D109/><U31/><E1/><V40/><F104/><W135/><G78/><T70/><D113/><U127/><E3/><V114/><F114/><W54/><G119/><T91/><D122/><U5/><E5/><V116/><F116/><W105/><G105/><T4/><D128/><N who="2" m="49194" /><F40/><W108/><G108/><T61/><D37/><U0/><E0/><V55/><F79/><W126/><G126/><T102/><D134/><U123/><E43/><V25/><F55/><W71/><G71/><T117/><D117/><U8/><E127/><V120/><F15/><N who="3" m="7535" /><G2/><T52/><D70/><U62/><E73/><V118/><F23/><W42/><G42/><T59/><D53/><U66/><E22/><V107/><F107/><W94/><G94/><N who="0" m="54535" /><D20/><U85/><E72/><V81/><F81/><W111/><G111/><T10/><AGARI ba="0,0" hai="4,10,14,52,59,61,89,91,95,98,102" m="54535" machi="10" ten="30,7900,0" yaku="8,1,52,1,54,2" doraHai="56" who="0" fromWho="0" sc="265,79,258,-20,230,-39,247,-20" owari="344,44.0,238,4.0,191,-31.0,227,-17.0" /></mjloggm>