<mjloggm ver="2.3"><GO type="169" lobby="0"/><UN n0="%E4%BA%91%E5%92%8C%E5%B1%B1%E7%9A%84%E5%BD%BC%E7%AB%AF" n1="%E9%9B%80%E5%A3%AB%E3%81%AC%E3%82%8B%E3%82%8A%E3%82%93" n2="%E3%82%A6%E3%83%AB%E3%83%88%E3%83%A9%E7%AB%8B%E7%9B%B4" n3="%68%69%6E%61%6A%69%6E%6E" dan="16,16,18,16" rate="2070.09,2080.23,2210.80,2141.78" sx="F,M,M,M"/><TAIKYOKU oya="0"/><INIT seed="0,0,0,3,5,1" ten="250,250,250,250" oya="0" hai0="77,83,71,127,131,33,69,79,112,132,104,43,66" hai1="39,60,116,126,40,11,63,67,30,42,61,118,135" hai2="17,120,134,44,128,14,117,20,89,8,130,28,85" hai3="124,21,24,96,47,64,2,19,34,57,23,29,45"/><T94/><D112/><U88/><E30/><V49/><F120/><W54/><G64/><T9/><D104/><U86/><E67/><V10/><F134/><W122/><G122/><T18/><D33/><U37/><E135/><V78/><F78/><W87/><G124/><T13/><D132/><U129/><E126/><V62/><F62/><W12/><G2/><T106/><D127/><U35/><E35/><V111/><F111/><W110/><G110/><T16/><D106/><U90/><E11/><V81/><F117/><N who="1" m="45161" /><E86/><V48/><F48/><W95/><G34/><T55/><D131/><U73/><E73/><V92/><F92/><W26/><G87/><T53/><D43/><N who="1" m="16427" /><E129/><N who="2" m="49771" /><F28/><W103/><REACH who="3" step="1"/><G26/><REACH who="3" ten="250,250,250,240" step="2"/><T107/><D66/><U52/><E52/><AGARI ba="0,1" hai="8,10,14,17,20,44,49,52,81,85,89" m="49771" machi="52" ten="30,2000,0" yaku="19,1,54,1" doraHai="1" who="2" fromWho="1" sc="250,0,250,-20,250,30,240,0" /><INIT seed="1,0,0,2,3,8" ten="250,230,280,240" oya="1" hai0="99,4,85,84,114,74,103,130,33,120,5,95,69" hai1="90,89,129,44,101,58,105,67,22,65,112,70,6" hai2="132,21,53,61,68,116,72,16,91,40,102,26,48" hai3="121,127,24,126,125,76,87,43,113,123,31,62,1"/><U45/><E112/><V56/><F116/><W134/><G1/><T82/><D114/><U111/><E70/><V20/><F132/><W110/><G113/><T10/><D10/><U28/><BYE who="0" /><E105/><V92/><F72/><W63/><G134/><T23/><D23/><U38/><E101/><V79/><F79/><W35/><G110/><T46/><D46/><U106/><E106/><V94/><F68/><UN n0="%E4%BA%91%E5%92%8C%E5%B1%B1%E7%9A%84%E5%BD%BC%E7%AB%AF" /><W37/><G37/><T80/><D130/><U93/><E129/><V49/><F40/><W12/><G43/><T118/><D118/><U15/><E38/><V25/><F102/><W109/><G109/><T52/><D69/><U18/><E6/><V122/><F122/><W50/><G50/><T19/><D33/><U41/><E111/><V97/><F94/><W60/><G87/><N who="0" m="33355" /><D74/><U100/><E28/><AGARI ba="0,0" hai="16,20,21,25,26,28,48,49,53,56,61,91,92,97" machi="28" ten="30,8000,1" yaku="7,1,25,2,8,1,54,1" doraHai="8" who="2" fromWho="1" sc="250,0,230,-80,280,80,240,0" /><INIT seed="2,0,0,3,2,85" ten="250,150,360,240" oya="2" hai0="130,97,4,118,93,74,129,83,7,12,92,60,68" hai1="100,88,69,103,81,8,75,117,105,110,1,86,29" hai2="131,15,106,107,98,37,56,28,76,13,94,132,30" hai3="11,53,71,79,121,59,104,70,65,89,99,20,116"/><V90/><F37/><W58/><G121/><T25/><D118/><U66/><E117/><V45/><F131/><N who="0" m="50186" /><D25/><U125/><E29/><V26/><F132/><W41/><G41/><T50/><D50/><U114/><E114/><V0/><F0/><W95/><G104/><T54/><D12/><U49/><E75/><V23/><F76/><W61/><G79/><N who="0" m="44535" /><D92/><U78/><E105/><V96/><F107/><W27/><G11/><T36/><D36/><U84/><E110/><V18/><F45/><W111/><G111/><T82/><D82/><U126/><E49/><V64/><F106/><W112/><G112/><T35/><D35/><U135/><E135/><V115/><F115/><W38/><G38/><T91/><D54/><U24/><E24/><V80/><F80/><W42/><G42/><T120/><D120/><U127/><E1/><V43/><F43/><W77/><G77/><T73/><D73/><U22/><E22/><V119/><F119/><W67/><G67/><AGARI ba="0,0" hai="4,7,60,67,68,91,93,97" m="44535,50186" machi="67" ten="30,2000,0" yaku="19,1,52,1" doraHai="85" who="0" fromWho="3" sc="250,20,150,0,360,0,240,-20" /><INIT seed="3,0,0,0,1,110" ten="270,150,360,220" oya="3" hai0="42,56,131,67,135,102,63,16,25,119,7,111,94" hai1="8,9,11,6,5,54,81,22,55,133,100,64,99" hai2="34,39,124,107,51,68,1,23,120,57,105,76,103" hai3="95,30,87,41,65,48,10,29,92,36,49,104,122"/><W13/><G104/><T96/><D119/><U59/><E133/><V62/><F34/><W108/><G65/><T112/><D111/><U32/><E32/><V27/><F1/><W38/><G108/><T15/><D135/><U46/><E81/><V130/><F76/><W24/><G122/><T77/><D131/><U83/><E83/><V71/><F103/><W73/><G73/><T28/><D7/><U79/><E79/><V109/><F109/><W115/><G87/><T88/><D77/><U19/><E64/><V125/><F51/><W114/><G24/><T80/><D112/><U14/><E46/><V43/><F130/><W85/><G85/><T128/><D128/><U89/><E100/><V126/><F120/><W74/><G74/><T50/><D42/><U78/><E78/><V58/><F43/><W72/><G72/><T21/><D50/><U69/><E69/><N who="2" m="26699" /><F39/><W3/><G3/><T33/><REACH who="0" step="1"/><D80/><REACH who="0" ten="260,150,360,220" step="2"/><U17/><E6/><V90/><F125/><W53/><G41/><T47/><D47/><U20/><E5/><V134/><F134/><W117/><G117/><T52/><D52/><U106/><E106/><V98/><F126/><W60/><G53/><T37/><D37/><U70/><E54/><V97/><F124/><W31/><G60/><T86/><D86/><U2/><E2/><V84/><F107/><W129/><G129/><T40/><D40/><U0/><E0/><V45/><F105/><W101/><G38/><T116/><D116/><U75/><E55/><V4/><F62/><W118/><G36/><T35/><D35/><U91/><E75/><RYUUKYOKU ba="0,1" sc="260,30,150,-10,360,-10,220,-10" hai0="15,16,21,25,28,33,56,63,67,88,94,96,102" /><INIT seed="4,1,1,0,4,55" ten="290,140,350,210" oya="0" hai0="71,56,29,68,43,67,124,79,91,42,9,15,12" hai1="128,122,64,126,97,16,13,127,104,14,3,80,25" hai2="70,22,2,94,125,46,45,120,6,83,38,113,135" hai3="62,58,85,116,27,10,32,78,89,111,95,17,100"/><T114/><D114/><U131/><E3/><V34/><F34/><W106/><G116/><T102/><D124/><N who="1" m="47659" /><E122/><V77/><F46/><W19/><G10/><T28/><D102/><N who="1" m="62543" /><E80/><V82/><F22/><W76/><G111/><T63/><D79/><U54/><E64/><V1/><F94/><W7/><G7/><T53/><D91/><U101/><E101/><V98/><F83/><W51/><G51/><T66/><D9/><U105/><E105/><V18/><F82/><W133/><G133/><T36/><D53/><U69/><E69/><V8/><F70/><W112/><G112/><T37/><D63/><U84/><E84/><V107/><F98/><W96/><G76/><T26/><D26/><U123/><E123/><V99/><F77/><W44/><G44/><T109/><D109/><U39/><E39/><V75/><F45/><W134/><G78/><T30/><REACH who="0" step="1"/><D29/><REACH who="0" ten="280,140,350,210" step="2"/><U52/><E25/><V119/><F113/><W73/><G134/><T86/><D86/><U0/><E0/><V88/><F1/><W121/><G121/><T93/><D93/><U72/><E72/><V118/><F75/><W49/><G73/><T87/><D87/><U59/><E14/><V108/><F108/><W132/><G132/><T103/><D103/><U11/><E54/><V40/><F135/><W35/><G27/><T81/><D81/><U20/><E11/><V50/><F8/><W31/><G31/><T21/><D21/><U4/><E4/><V61/><F6/><W47/><G35/><T24/><D24/><U33/><E33/><V60/><F125/><W5/><G32/><RYUUKYOKU ba="1,2" sc="280,15,140,15,350,-15,210,-15" hai0="12,15,28,30,36,37,42,43,56,66,67,68,71" hai1="13,16,20,52,59,128,131" /><INIT seed="4,2,2,1,0,15" ten="295,155,335,195" oya="0" hai0="97,133,55,131,120,42,110,57,104,73,71,26,0" hai1="66,59,108,22,92,44,56,33,48,99,6,64,74" hai2="41,46,134,16,106,24,39,88,83,115,78,45,7" hai3="107,119,90,111,98,30,116,67,27,75,103,125,93"/><T121/><D73/><U105/><E33/><V38/><F106/><W29/><G30/><T54/><D0/><U12/><E105/><V5/><F115/><W18/><G111/><T37/><D71/><U52/><E74/><V34/><F134/><W94/><G107/><T8/><D133/><U118/><E118/><V40/><F88/><W69/><G75/><T114/><D114/><U80/><E80/><V21/><F34/><W112/><G112/><T95/><D104/><U68/><E108/><V20/><F20/><W100/><G100/><T2/><D110/><U82/><E82/><V11/><F11/><W127/><G29/><T17/><D131/><U13/><E13/><V4/><F83/><W23/><G67/><N who="1" m="25642" /><E68/><V124/><REACH who="2" step="1"/><F124/><REACH who="2" ten="295,155,325,195" step="2"/><N who="3" m="47691" /><G69/><T117/><D8/><N who="1" m="4119" /><E22/><V109/><F109/><W65/><G119/><T129/><D117/><U76/><E76/><AGARI ba="2,3" hai="4,5,7,16,21,24,38,39,40,41,45,46,76,78" machi="76" ten="40,8000,1" yaku="1,1,9,1,52,1,54,1,53,0" doraHai="15" doraHaiUra="50" who="2" fromWho="1" sc="295,0,155,-86,325,116,195,0" /><INIT seed="5,0,0,2,1,75" ten="295,69,441,195" oya="1" hai0="94,131,26,84,135,93,39,9,101,74,61,25,90" hai1="71,88,50,12,55,53,78,132,86,125,105,82,41" hai2="40,117,91,32,16,116,13,4,122,92,2,79,121" hai3="31,23,129,115,62,95,60,14,87,51,63,33,68"/><U58/><E132/><V97/><F40/><W3/><G3/><T119/><D119/><U52/><E125/><V80/><F32/><W10/><G33/><T124/><D39/><U65/><E105/><V106/><F4/><W123/><G68/><T66/><D124/><U59/><E71/><V17/><F2/><W126/><G123/><T7/><D135/><U128/><E128/><V109/><F17/><W111/><G129/><T45/><D131/><U57/><E12/><V46/><F46/><W130/><G130/><T64/><D74/><U27/><E27/><V96/><F16/><W83/><G95/><T89/><D45/><N who="1" m="25903" /><E65/><V37/><F13/><W44/><G126/><T85/><D101/><U6/><E6/><V127/><F37/><W73/><G73/><T20/><D20/><U18/><E18/><V24/><F24/><W35/><G23/><T8/><D7/><U21/><E21/><V98/><F127/><W5/><G31/><T118/><D118/><U70/><E70/><V110/><F117/><W120/><G35/><T81/><D61/><U107/><E107/><V47/><F116/><W15/><G120/><N who="2" m="46185" /><F47/><W76/><G15/><T134/><D134/><U28/><E28/><V99/><F106/><W48/><G44/><T112/><D81/><U72/><E72/><AGARI ba="0,0" hai="72,79,80,91,92,96,97,98,99,109,110" m="46185" machi="72" ten="30,3900,0" yaku="34,2,52,1" doraHai="75" who="2" fromWho="1" sc="295,0,69,-39,441,39,195,0" /><INIT seed="6,0,0,5,3,108" ten="295,30,480,195" oya="2" hai0="54,52,109,38,58,71,115,48,50,121,2,73,78" hai1="135,114,45,130,79,30,83,62,12,19,34,43,84" hai2="101,40,87,7,4,88,24,134,74,118,102,131,32" hai3="80,60,64,22,82,37,112,17,92,85,23,70,39"/><V69/><F74/><W77/><G92/><T9/><D121/><U33/><E135/><V132/><F69/><W76/><G22/><T59/><D109/><U25/><E130/><V127/><F118/><W10/><G10/><T3/><D38/><U41/><E34/><V98/><F40/><W120/><G120/><T105/><D105/><U99/><E62/><V8/><F127/><W68/><G68/><T27/><D71/><U106/><E45/><V90/><F131/><W26/><G112/><T53/><D27/><U93/><E106/><V21/><F32/><W15/><G26/><T1/><D115/><U123/><E123/><V91/><F87/><AGARI ba="0,0" hai="15,17,23,37,39,60,64,70,76,77,80,82,85,87" machi="87" ten="30,2000,0" yaku="7,1,9,1" doraHai="108" who="3" fromWho="2" sc="295,0,30,0,480,-20,195,20" /><INIT seed="7,0,0,5,2,13" ten="295,30,460,215" oya="3" hai0="105,48,86,29,78,14,126,82,89,30,43,99,100" hai1="49,64,1,90,103,120,93,76,39,18,107,91,33" hai2="116,37,69,110,85,101,51,73,16,53,118,104,47" hai3="45,124,3,87,25,114,22,117,133,66,36,23,98"/><W11/><G117/><T75/><D126/><U88/><E39/><V109/><F73/><W131/><G124/><T119/><D119/><U65/><E120/><V60/><F85/><W44/><G66/><T54/><D43/><U31/><E1/><V24/><F101/><W108/><G98/><T5/><D5/><U19/><E107/><V59/><F104/><W20/><G133/><T21/><D21/><U32/><E76/><V130/><F130/><W74/><G74/><T6/><D6/><U57/><E103/><V125/><F125/><W26/><G131/><T28/><D14/><U4/><E4/><V42/><F110/><W52/><G36/><T50/><REACH who="0" step="1"/><D54/><REACH who="0" ten="285,30,460,215" step="2"/><U106/><E106/><V129/><F129/><W132/><G132/><T92/><AGARI ba="0,1" hai="28,29,30,48,50,75,78,82,86,89,92,99,100,105" machi="92" ten="30,8000,1" yaku="1,1,2,1,0,1,24,2,53,0" doraHai="13" doraHaiUra="113" who="0" fromWho="0" sc="285,90,30,-20,460,-20,215,-40" owari="375,18.0,10,-49.0,440,53.0,175,-22.0" /></mjloggm>