<mjloggm ver="2.3"><GO type="169" lobby="0"/><UN n0="%E2%80%90%E3%81%AF%E3%81%9A%E3%81%8D%E3%82%93%E3%81%90%E2%80%90" n1="%E3%82%A6%E3%83%AB%E3%83%88%E3%83%A9%E7%AB%8B%E7%9B%B4" n2="%E7%83%8F%E8%B3%8A%E5%A4%A9" n3="%E2%91%A3%E3%82%BB%E3%83%B3%E3%83%81" dan="16,18,16,18" rate="2100.61,2257.33,2092.65,2163.02" sx="F,M,M,M"/><TAIKYOKU oya="0"/><INIT seed="0,0,0,3,1,29" ten="250,250,250,250" oya="0" hai0="66,81,98,27,92,48,122,8,69,97,67,128,87" hai1="135,64,57,9,100,123,83,59,24,17,52,40,39" hai2="116,30,82,80,45,20,41,70,22,47,103,14,89" hai3="31,62,13,133,86,125,102,49,107,134,15,127,90"/><T112/><D122/><U12/><E123/><V106/><F70/><W109/><G31/><T58/><D112/><U44/><E135/><N who="3" m="51722" /><G62/><T74/><D69/><U32/><E100/><V119/><F103/><W2/><G2/><T88/><D128/><U5/><E64/><V19/><F106/><W4/><G49/><T117/><D117/><N who="2" m="45130" /><F89/><W110/><G4/><T56/><D74/><U114/><E114/><V99/><F99/><N who="0" m="37898" /><D27/><U111/><E111/><N who="3" m="42506" /><G102/><T95/><D8/><U77/><E52/><V37/><F45/><W35/><G35/><T61/><D67/><U42/><E42/><V78/><F30/><W11/><G11/><T129/><D129/><U6/><E6/><V1/><F1/><W124/><G107/><T55/><AGARI ba="0,0" hai="48,55,56,58,61,66,81,87,88,92,95" m="37898" machi="55" ten="30,3000,0" yaku="8,1,54,1" doraHai="29" who="0" fromWho="0" sc="250,30,250,-10,250,-10,250,-10" /><INIT seed="0,1,0,2,4,86" ten="280,240,240,240" oya="0" hai0="38,112,57,31,111,71,90,11,101,61,126,67,78" hai1="49,95,41,39,113,66,88,13,119,121,133,80,70" hai2="135,124,48,37,128,107,40,34,94,47,12,105,69" hai3="120,53,64,56,51,98,123,74,83,106,50,22,108"/><T46/><D112/><U2/><E2/><V52/><F34/><W9/><G108/><T8/><D126/><U129/><E119/><V60/><F124/><W55/><G64/><T79/><D101/><U132/><E121/><N who="3" m="46666" /><G22/><T35/><D111/><U19/><E39/><V131/><F135/><N who="1" m="51785" /><E80/><V23/><F12/><W118/><G9/><T81/><D71/><U24/><E24/><V5/><F5/><W1/><G1/><T28/><D38/><U97/><E129/><N who="2" m="49739" /><F23/><W92/><G106/><T7/><D46/><N who="1" m="25807" /><E113/><V96/><F60/><N who="3" m="35855" /><G118/><T32/><D32/><U20/><E66/><V65/><F65/><W62/><G62/><T127/><D127/><U89/><E70/><V43/><F69/><W109/><G109/><T25/><D31/><U63/><E63/><V130/><F130/><W75/><G83/><T134/><D134/><U29/><E29/><V10/><F10/><W27/><G27/><T45/><D11/><U0/><E0/><V85/><F37/><W3/><G3/><T36/><D36/><U100/><AGARI ba="1,0" hai="13,19,20,88,89,95,97,100" m="25807,51785" machi="100" ten="30,7900,0" yaku="20,1,52,2,54,1" doraHai="86" who="1" fromWho="1" sc="280,-40,240,82,240,-21,240,-21" /><INIT seed="1,0,0,2,3,64" ten="240,322,219,219" oya="1" hai0="95,27,32,28,112,127,18,14,1,71,84,79,35" hai1="55,63,7,49,130,88,128,68,100,60,126,80,62" hai2="122,51,0,4,22,94,30,125,103,42,108,13,75" hai3="109,59,21,85,17,37,90,72,78,121,44,43,133"/><U123/><E100/><V114/><F75/><W73/><G121/><T97/><D112/><U48/><E7/><V134/><F0/><W135/><G109/><T65/><D127/><U25/><E25/><V77/><F122/><W70/><G59/><T57/><D1/><U131/><E123/><V129/><F77/><W119/><G119/><T31/><D57/><N who="1" m="32999" /><E126/><V93/><F108/><W11/><G11/><T69/><D65/><N who="1" m="41023" /><E49/><V96/><F51/><W102/><G102/><T10/><D31/><U53/><E53/><V6/><F6/><W34/><G34/><T39/><D39/><U86/><AGARI ba="0,0" hai="60,62,80,86,88,128,130,131" m="41023,32999" machi="86" ten="40,7800,0" yaku="19,1,52,1,54,1" doraHai="64" who="1" fromWho="1" sc="240,-26,322,78,219,-26,219,-26" /><INIT seed="1,1,0,0,1,72" ten="214,400,193,193" oya="1" hai0="62,90,46,16,123,85,128,134,1,27,26,100,22" hai1="94,112,8,82,96,78,30,71,121,110,7,36,37" hai2="135,44,67,84,51,102,115,2,53,14,4,126,125" hai3="65,63,87,98,120,45,17,73,25,91,54,39,42"/><U70/><E112/><V0/><F135/><W10/><G73/><T108/><D108/><U113/><E113/><V33/><F115/><W23/><G120/><T49/><D1/><U3/><E121/><V52/><F33/><W12/><G98/><T19/><D134/><U11/><E110/><V57/><F67/><W105/><G105/><T35/><D128/><U95/><E30/><V43/><F102/><W41/><G54/><T74/><D74/><U29/><E29/><V122/><F122/><W92/><G39/><T50/><D100/><U38/><E11/><N who="2" m="4455" /><F84/><W129/><G45/><T60/><D50/><U111/><E111/><V101/><F101/><W104/><G104/><T109/><D109/><U20/><E20/><V79/><F79/><W47/><G47/><T13/><D35/><U58/><E58/><V89/><F89/><W97/><G87/><T114/><D114/><U6/><E6/><V32/><F32/><W5/><REACH who="3" step="1"/><G129/><REACH who="3" ten="214,400,193,183" step="2"/><T93/><D123/><U64/><E37/><N who="2" m="21615" /><F53/><W76/><G76/><T15/><D60/><U106/><E38/><V132/><F132/><W18/><G18/><T31/><D62/><U77/><E36/><V56/><F57/><AGARI ba="1,1" hai="5,10,12,17,23,25,41,42,57,63,65,91,92,97" machi="57" ten="30,3900,0" yaku="1,1,7,1,8,1,53,0" doraHai="72" doraHaiUra="83" who="3" fromWho="2" sc="214,0,400,0,193,-42,183,52" /><INIT seed="2,0,0,2,2,22" ten="214,400,151,235" oya="2" hai0="52,82,18,113,93,44,77,106,116,85,15,28,74" hai1="1,48,49,47,19,84,83,95,103,90,32,51,45" hai2="134,102,114,16,70,94,91,119,99,5,98,100,13" hai3="54,20,88,117,6,115,65,40,125,59,41,26,33"/><V11/><F114/><W126/><G117/><T121/><D113/><U76/><E1/><V8/><F119/><W128/><G115/><T81/><D116/><U0/><E0/><V62/><F134/><W30/><G128/><T23/><D106/><U122/><E122/><V112/><F112/><W127/><G65/><T50/><D121/><U124/><E124/><V87/><F70/><W34/><G6/><T130/><D130/><U36/><E36/><V78/><F62/><W69/><G69/><T120/><D120/><U118/><E118/><V46/><F46/><W56/><G56/><T75/><D93/><U60/><E32/><N who="3" m="12394" /><G88/><T129/><D129/><U105/><E19/><V14/><REACH who="2" step="1"/><F78/><REACH who="2" ten="214,400,141,235" step="2"/><W123/><G123/><T4/><D75/><N who="1" m="43423" /><E60/><AGARI ba="0,1" hai="20,26,30,40,41,54,59,60,125,126,127" m="12394" machi="60" ten="40,2600,0" yaku="18,1,52,1" doraHai="22" who="3" fromWho="1" sc="214,0,400,-26,141,0,235,36" /><INIT seed="3,0,0,3,0,115" ten="214,374,141,271" oya="3" hai0="96,134,121,120,79,128,110,117,60,105,69,32,31" hai1="132,76,92,58,99,100,15,85,116,64,89,86,18" hai2="102,48,10,35,81,37,38,106,88,84,3,45,70" hai3="127,65,29,11,43,90,109,55,129,68,61,5,36"/><W126/><G129/><T12/><D12/><U1/><E1/><V22/><F35/><W98/><G55/><T23/><D23/><U42/><E42/><V74/><F70/><W87/><G98/><T44/><D44/><U9/><E132/><V78/><F22/><W0/><G109/><T2/><D2/><U114/><E114/><V123/><F123/><W49/><G49/><T80/><D110/><U16/><E116/><V135/><F135/><W66/><G66/><T113/><D113/><U112/><E112/><V8/><F8/><W56/><G56/><T107/><D134/><U57/><E64/><V72/><F72/><W130/><G29/><T131/><D60/><U27/><E76/><V28/><F28/><W50/><G50/><T124/><D69/><U94/><E85/><V93/><F10/><W103/><G103/><N who="0" m="62695" /><D107/><U21/><AGARI ba="0,0" hai="9,15,16,18,21,27,57,58,86,89,92,94,99,100" machi="21" ten="30,4000,0" yaku="0,1,8,1,54,1" doraHai="115" who="1" fromWho="1" sc="214,-10,374,40,141,-10,271,-20" /><INIT seed="4,0,0,3,4,49" ten="204,414,131,251" oya="0" hai0="43,37,47,6,40,11,86,99,45,34,36,97,18" hai1="107,81,63,17,16,94,10,41,105,125,104,22,56" hai2="9,128,114,31,33,75,113,70,78,55,90,77,91" hai3="111,117,110,126,26,116,88,2,24,134,84,82,127"/><T8/><D34/><U132/><E41/><V80/><F70/><W5/><G5/><T13/><REACH who="0" step="1"/><D86/><REACH who="0" ten="194,414,131,251" step="2"/><U3/><E125/><V60/><F128/><W71/><G127/><T123/><D123/><U112/><E107/><V100/><F75/><W44/><G126/><T135/><D135/><U64/><E105/><V30/><F33/><W103/><G134/><T12/><AGARI ba="0,1" hai="6,8,11,12,13,18,36,37,40,43,45,47,97,99" machi="12" ten="20,7800,0" yaku="1,1,0,1,7,1,9,1,53,0" doraHai="49" doraHaiUra="19" who="0" fromWho="0" sc="194,88,414,-26,131,-26,251,-26" /><INIT seed="4,1,0,0,0,21" ten="282,388,105,225" oya="0" hai0="75,70,130,11,59,0,14,16,31,101,134,22,51" hai1="40,44,43,120,68,78,109,135,132,63,126,39,89" hai2="62,5,74,91,112,53,20,83,123,66,41,81,33" hai3="13,1,121,118,122,48,32,97,50,64,23,72,25"/><T90/><D70/><U99/><E78/><V38/><F33/><W76/><G1/><T133/><D75/><U24/><E43/><V60/><F123/><N who="3" m="47115" /><G118/><T49/><D101/><U3/><E3/><V71/><F5/><W114/><G114/><T95/><D130/><U6/><E6/><V9/><F9/><W35/><G64/><T86/><D0/><U117/><E109/><V82/><F112/><W84/><G72/><T113/><D113/><U88/><E117/><V131/><F131/><W65/><G65/><T128/><D128/><U87/><E126/><V36/><F74/><W127/><G97/><T54/><REACH who="0" step="1"/><D51/><REACH who="0" ten="272,388,105,225" step="2"/><U100/><E68/><V73/><F73/><W79/><G50/><T17/><D17/><U28/><E120/><V111/><F111/><W80/><G48/><T67/><D67/><U125/><E125/><V47/><F38/><W30/><G127/><T15/><D15/><U61/><E100/><V77/><F71/><W52/><G13/><T85/><D85/><U129/><E129/><V103/><F66/><W105/><G84/><T93/><D93/><U106/><E87/><N who="2" m="50687" /><F103/><W94/><G94/><T19/><D19/><U69/><E69/><V115/><F115/><W98/><G105/><T26/><AGARI ba="1,1" hai="11,14,16,22,26,31,49,54,59,86,90,95,133,134" machi="26" ten="30,11700,0" yaku="1,1,0,1,52,1,54,1,53,0" doraHai="21" doraHaiUra="107" who="0" fromWho="0" sc="272,130,388,-40,105,-40,225,-40" /><INIT seed="4,2,0,3,0,97" ten="402,348,65,185" oya="0" hai0="10,102,44,72,135,35,88,14,94,81,78,96,126" hai1="105,95,64,32,20,48,109,106,17,11,84,51,49" hai2="0,121,93,83,66,132,21,22,99,46,123,39,24" hai3="27,56,86,74,60,101,55,73,119,7,47,104,68"/><T33/><D135/><U130/><E32/><V75/><F132/><W87/><G119/><T13/><D126/><U43/><E109/><V2/><F66/><W37/><G7/><T26/><D26/><U57/><E130/><V98/><F75/><W110/><G110/><T45/><D13/><U8/><E43/><V34/><F83/><W100/><G104/><T52/><D33/><U58/><E106/><V9/><F34/><W29/><G73/><T36/><D36/><U113/><E105/><V50/><F39/><W6/><G74/><T122/><D35/><U19/><E113/><V80/><F80/><W23/><G68/><T116/><D122/><U82/><E95/><V25/><F50/><N who="3" m="29151" /><G6/><T103/><D116/><U77/><E19/><V118/><F46/><W125/><G125/><T79/><D79/><U16/><E17/><V90/><F118/><W120/><G120/><T133/><D133/><U89/><E77/><V3/><F9/><N who="1" m="3657" /><E64/><V30/><REACH who="2" step="1"/><F99/><REACH who="2" ten="402,348,55,185" step="2"/><W117/><G37/><T62/><D45/><U129/><E129/><V70/><F70/><W1/><G117/><T12/><D44/><U92/><E82/><V61/><F61/><W71/><G71/><T128/><D128/><U124/><E124/><V38/><F38/><W15/><G60/><T40/><D40/><U4/><E49/><V69/><F69/><W111/><G111/><T108/><D108/><U131/><E51/><V28/><AGARI ba="2,1" hai="0,2,3,21,22,24,25,28,30,90,93,98,121,123" machi="28" ten="30,4000,0" yaku="1,1,0,1,9,1,53,0" doraHai="97" doraHaiUra="112" who="2" fromWho="2" sc="402,-22,348,-12,55,56,185,-12" /><INIT seed="5,0,0,0,4,114" ten="380,336,111,173" oya="1" hai0="17,129,21,26,32,2,52,123,23,87,6,13,111" hai1="14,38,58,65,86,68,37,42,100,49,11,59,0" hai2="74,117,75,88,73,20,18,22,9,97,92,104,36" hai3="43,132,61,46,66,116,103,67,135,10,40,44,130"/><U90/><E0/><V122/><F122/><W71/><G103/><T30/><D111/><U33/><E33/><V93/><F104/><W45/><G10/><N who="0" m="2391" /><D129/><U134/><E134/><N who="3" m="51242" /><G130/><T109/><D109/><U29/><E29/><V81/><F36/><W7/><G7/><T94/><D52/><U83/><E100/><V89/><F81/><W108/><G108/><T55/><D55/><U115/><E115/><V51/><F51/><W63/><G116/><T125/><D123/><U101/><E101/><V76/><F76/><W110/><G110/><T78/><D125/><U98/><E98/><V84/><REACH who="2" step="1"/><F117/><REACH who="2" ten="380,336,101,173" step="2"/><W16/><G16/><T12/><D78/><U133/><E133/><V106/><F106/><W112/><G112/><T128/><D128/><U82/><E82/><V131/><F131/><W48/><G48/><T54/><D94/><U118/><E118/><V124/><F124/><W96/><G96/><T56/><D17/><N who="1" m="8415" /><E49/><V62/><F62/><W127/><G127/><T3/><D30/><U27/><E37/><V50/><F50/><W105/><G105/><T69/><D3/><U119/><E119/><V99/><F99/><W8/><G8/><T57/><D87/><U34/><E38/><V79/><F79/><W35/><G35/><T24/><D32/><U15/><E34/><V77/><F77/><W25/><G63/><T113/><D113/><U28/><E86/><V80/><F80/><W4/><G61/><T91/><D21/><U120/><E83/><V41/><F41/><W85/><G43/><T39/><D23/><N who="1" m="15487" /><E42/><V31/><F31/><W53/><G40/><RYUUKYOKU ba="0,1" sc="380,-10,336,-10,101,30,173,-10" hai2="9,18,20,22,73,74,75,84,88,89,92,93,97" /><INIT seed="6,1,1,3,4,53" ten="370,326,131,163" oya="2" hai0="39,27,122,86,120,130,84,93,34,6,87,69,103" hai1="55,81,133,28,4,92,108,72,134,115,123,124,62" hai2="17,43,128,125,42,135,25,67,106,101,76,26,110" hai3="30,33,52,0,12,66,100,85,117,80,79,7,31"/><V23/><F106/><W94/><G117/><T21/><D39/><U57/><E108/><V20/><F101/><W32/><G0/><T96/><D34/><U56/><E115/><V74/><F110/><W50/><G66/><T121/><D69/><U11/><E28/><N who="3" m="10794" /><G33/><T38/><D38/><U99/><E124/><V44/><F125/><W41/><G32/><T49/><D6/><U88/><E123/><V8/><F8/><N who="3" m="4127" /><G41/><T37/><D37/><U58/><E81/><V104/><F104/><W5/><G5/><T40/><D130/><U109/><E72/><V36/><F128/><W63/><G63/><T64/><D64/><U82/><E82/><V45/><F135/><N who="1" m="51721" /><E109/><V13/><F67/><W113/><G113/><T68/><D68/><U47/><E47/><V102/><F102/><W83/><G100/><T15/><D15/><AGARI ba="1,1" hai="4,11,15,55,56,57,58,62,88,92,99" m="51721" machi="15" ten="30,8000,1" yaku="20,1,52,3,54,1" doraHai="53" who="1" fromWho="0" sc="370,-83,326,93,131,0,163,0" /><INIT seed="7,0,0,4,3,66" ten="287,419,131,163" oya="3" hai0="90,11,24,53,96,129,42,126,9,98,110,16,57" hai1="35,128,113,79,10,82,94,122,45,46,6,117,106" hai2="39,120,38,74,3,102,4,41,26,1,49,133,100" hai3="81,68,48,111,32,116,67,108,27,28,15,20,92"/><W43/><G116/><T47/><D110/><N who="3" m="42025" /><G81/><T62/><D129/><U19/><E35/><V97/><F133/><W125/><G125/><T99/><D126/><U121/><E106/><V114/><F114/><W40/><G92/><N who="0" m="56343" /><D47/><U34/><E19/><V7/><F74/><W44/><G43/><T33/><D33/><U54/><E34/><V56/><F26/><W124/><G124/><T55/><D42/><U72/><E46/><V25/><F41/><W29/><G15/><T52/><D9/><U115/><E45/><V76/><F25/><N who="3" m="18479" /><G67/><N who="0" m="39375" /><D11/><U65/><E82/><V64/><F76/><W95/><G95/><T87/><D87/><U75/><E65/><V93/><F64/><W109/><G109/><T8/><D24/><U21/><E94/><V70/><F93/><W63/><G63/><T119/><D119/><U13/><E117/><V130/><F49/><W134/><G134/><T85/><D85/><U0/><E13/><AGARI ba="0,0" hai="8,13,16,52,53,55,98,99" m="39375,56343" machi="13" ten="30,3900,0" yaku="8,1,54,2" doraHai="66" who="0" fromWho="1" sc="287,39,419,-39,131,0,163,0" owari="326,13.0,380,48.0,131,-37.0,163,-24.0" /></mjloggm>