<mjloggm ver="2.3"><GO type="225" lobby="0"/><UN n0="%E7%AB%B6%E9%A6%AC%E7%A0%94%E7%A9%B6%E6%89%80" n1="%E3%82%B7%E3%83%9F%E3%83%AA%E3%82%B9%EF%BC%94" n2="%E3%82%A6%E3%83%AB%E3%83%88%E3%83%A9%E7%AB%8B%E7%9B%B4" n3="%68%61%6E%65%31%35%30%30" dan="19,16,17,17" rate="2285.17,2053.21,2110.25,2161.96" sx="M,F,M,M"/><TAIKYOKU oya="0"/><INIT seed="0,0,0,1,1,65" ten="250,250,250,250" oya="0" hai0="38,27,3,18,66,43,7,4,29,118,78,85,90" hai1="114,49,99,54,13,124,88,20,62,1,48,53,57" hai2="111,41,5,33,70,6,113,87,125,60,96,106,9" hai3="121,55,42,123,59,107,130,14,51,129,31,83,24"/><T11/><D118/><U93/><E114/><V94/><F6/><W127/><G107/><T71/><D78/><U19/><E1/><N who="2" m="175" /><F94/><W16/><G42/><T52/><D7/><U32/><E32/><V76/><F87/><W34/><G83/><T122/><D122/><N who="3" m="46601" /><G127/><T92/><D18/><U109/><E109/><V120/><F120/><W58/><G58/><T84/><D84/><U112/><E112/><V35/><F113/><W91/><G91/><T2/><D2/><U117/><E117/><V135/><F125/><W25/><G25/><T116/><D116/><U36/><E36/><V75/><F41/><W56/><G56/><T95/><D95/><U89/><E124/><V115/><F135/><W131/><G131/><T22/><D43/><U10/><E89/><V73/><F111/><W28/><G28/><T46/><D38/><U63/><REACH who="1" step="1"/><E10/><AGARI ba="0,0" hai="10,14,16,24,31,34,51,55,59,129,130" m="46601" machi="10" ten="30,2000,0" yaku="13,1,54,1" doraHai="65" who="3" fromWho="1" sc="250,0,250,-20,250,0,250,20" /><INIT seed="1,0,0,5,3,97" ten="250,230,250,270" oya="1" hai0="40,20,130,30,28,71,13,8,48,93,88,63,100" hai1="86,45,127,121,95,0,36,41,53,32,55,108,46" hai2="5,10,49,124,129,7,103,96,3,37,83,115,1" hai3="58,89,19,59,82,105,73,25,39,110,107,56,66"/><U112/><E121/><V84/><F37/><W92/><G39/><T98/><D130/><U42/><E32/><V50/><F129/><W126/><G66/><T90/><D71/><U131/><E131/><V4/><F124/><W75/><G126/><T54/><D63/><U16/><E0/><V125/><F125/><W123/><G123/><T65/><D65/><U57/><E127/><V109/><F109/><W27/><G110/><T101/><D40/><U24/><E108/><V21/><F21/><W120/><G120/><T47/><D90/><N who="1" m="53719" /><E112/><V133/><F133/><W85/><G19/><N who="0" m="8615" /><D30/><U22/><E36/><V43/><F115/><W106/><REACH who="3" step="1"/><G82/><REACH who="3" ten="250,230,250,260" step="2"/><T33/><D33/><U2/><E2/><V34/><F34/><W68/><G68/><T62/><D62/><N who="1" m="36143" /><E55/><V79/><F1/><W61/><G61/><T122/><D122/><U52/><E46/><V44/><REACH who="2" step="1"/><F50/><AGARI ba="0,1" hai="16,22,24,41,42,45,50,52" m="36143,53719" machi="50" ten="30,5800,0" yaku="8,1,54,2" doraHai="97" who="1" fromWho="2" sc="250,0,230,68,250,-58,260,0" /><INIT seed="1,1,0,1,1,114" ten="250,298,192,260" oya="1" hai0="12,101,33,50,32,106,94,111,4,131,34,6,48" hai1="0,93,46,38,21,86,103,18,67,40,54,45,135" hai2="30,123,91,105,2,133,130,1,68,39,128,61,51" hai3="65,71,77,9,107,23,83,99,37,126,24,87,14"/><U96/><E135/><V81/><F39/><W35/><G37/><T125/><D106/><U60/><E0/><V95/><F105/><W25/><G126/><T122/><D125/><U3/><E3/><V49/><F81/><W97/><G35/><T98/><D111/><U42/><E54/><V73/><F73/><W22/><G71/><T90/><D122/><U100/><E86/><V57/><F68/><W41/><G65/><T70/><D70/><U10/><E10/><V62/><F30/><N who="3" m="17687" /><G41/><T113/><D113/><U85/><E85/><V129/><F123/><W84/><G84/><T8/><D131/><N who="2" m="33538" /><V17/><DORA hai="82" /><F133/><W112/><G107/><T27/><D4/><U7/><E7/><V116/><F17/><N who="3" m="8399" /><G112/><T55/><D27/><U5/><E5/><V74/><F74/><W76/><G76/><T102/><REACH who="0" step="1"/><D50/><REACH who="0" ten="240,298,192,260" step="2"/><N who="2" m="18954" /><F116/><W108/><G108/><T117/><D117/><U127/><E127/><V115/><F115/><W26/><G26/><T134/><D134/><U44/><E38/><V29/><F29/><AGARI ba="1,1" hai="23,25,29,77,83,87,97,99" m="8399,17687" machi="29" ten="30,2000,0" yaku="8,1,52,1" doraHai="114,82" who="3" fromWho="2" sc="240,0,298,0,192,-23,260,33" /><INIT seed="2,0,0,5,2,60" ten="240,298,169,293" oya="2" hai0="55,15,40,36,127,107,102,86,43,116,126,37,76" hai1="64,7,83,42,6,94,129,52,20,131,51,28,61" hai2="128,82,97,29,104,3,31,123,4,90,111,47,72" hai3="91,21,78,59,121,41,46,70,93,49,69,100,13"/><V88/><F123/><W117/><G121/><T92/><D107/><U30/><E42/><V25/><F128/><N who="1" m="49225" /><E94/><V84/><F111/><W53/><G78/><T65/><D116/><U8/><E83/><V114/><F114/><W54/><G100/><T110/><D110/><U115/><E115/><V39/><F72/><W58/><G117/><T38/><D15/><N who="1" m="5527" /><E7/><V22/><F31/><W101/><G101/><T66/><D55/><U81/><E81/><V26/><F26/><W124/><G124/><N who="0" m="47659" /><D76/><U119/><E20/><V45/><F39/><W118/><G118/><T67/><D86/><U106/><E106/><V24/><F24/><W130/><G130/><T62/><D62/><U1/><E1/><V68/><F68/><W33/><G33/><T77/><D77/><U98/><E98/><AGARI ba="0,0" hai="36,37,38,40,43,65,66,67,92,98,102" m="47659" machi="98" ten="40,8000,1" yaku="18,1,52,3" doraHai="60" who="0" fromWho="1" sc="240,80,298,-80,169,0,293,0" /><INIT seed="3,0,0,3,1,91" ten="320,218,169,293" oya="3" hai0="108,3,119,49,7,81,18,85,30,4,76,11,34" hai1="98,42,82,104,0,74,23,70,5,88,31,120,20" hai2="40,97,53,118,64,17,43,106,100,87,51,77,1" hai3="25,93,89,86,78,113,68,21,48,37,107,75,65"/><W8/><G37/><T123/><D123/><U124/><E70/><V71/><F118/><W115/><G107/><T105/><D105/><U110/><E120/><V27/><F1/><W62/><G8/><T6/><D119/><U46/><E31/><V19/><F77/><W41/><G75/><T9/><D108/><U80/><E110/><V45/><F87/><W96/><G41/><T67/><D67/><U14/><E124/><V79/><F79/><W127/><G127/><T134/><D134/><U2/><E14/><V28/><F43/><W39/><G39/><T133/><D133/><U22/><E104/><V73/><F73/><W38/><G38/><T56/><D34/><U131/><E131/><V102/><F102/><W58/><G48/><T92/><D30/><U47/><E74/><V61/><REACH who="2" step="1"/><F40/><REACH who="2" ten="320,218,159,293" step="2"/><W33/><G78/><T109/><D109/><U128/><E42/><V44/><F44/><W122/><G122/><T35/><D3/><U55/><E47/><V32/><AGARI ba="0,1" hai="17,19,27,28,32,45,51,53,61,64,71,97,100,106" machi="32" ten="20,8000,1" yaku="1,1,0,1,7,1,25,2,53,0" doraHai="91" doraHaiUra="117" who="2" fromWho="2" sc="320,-20,218,-20,159,90,293,-40" owari="300,40.0,198,-30.0,249,-15.0,253,5.0" /></mjloggm>