<mjloggm ver="2.3"><GO type="169" lobby="0"/><UN n0="%3D%4A%61%6D" n1="%E5%AE%9F%E5%A6%B9" n2="%E3%82%A6%E3%83%AB%E3%83%88%E3%83%A9%E7%AB%8B%E7%9B%B4" n3="%E3%81%8D%E3%81%BF%E3%81%9F%E3%81%BE%E3%81%94" dan="16,16,18,17" rate="2062.61,2056.65,2245.23,2155.20" sx="M,F,M,M"/><TAIKYOKU oya="0"/><INIT seed="0,0,0,2,1,14" ten="250,250,250,250" oya="0" hai0="119,116,6,106,67,38,111,36,84,94,23,5,81" hai1="66,57,80,99,4,120,29,108,105,104,61,97,56" hai2="88,121,96,11,10,15,8,65,100,71,130,85,13" hai3="77,103,37,132,46,93,40,0,22,31,50,58,55"/><T28/><D106/><U79/><E79/><V60/><F121/><W59/><G0/><T83/><D23/><U89/><E120/><V3/><F3/><W47/><G132/><T82/><D28/><U18/><E108/><V39/><F39/><W9/><G77/><T19/><D67/><U125/><E125/><V87/><F87/><W63/><G9/><T95/><D82/><U128/><E128/><V33/><F33/><W48/><G103/><T17/><D84/><U107/><E4/><V26/><F26/><W75/><G75/><T53/><D53/><U109/><E109/><AGARI ba="0,0" hai="5,6,17,19,36,38,81,83,94,95,109,111,116,119" machi="109" ten="25,9600,0" yaku="22,2,52,2" doraHai="14" who="0" fromWho="1" sc="250,96,250,-96,250,0,250,0" /><INIT seed="0,1,0,2,0,70" ten="346,154,250,250" oya="0" hai0="108,21,51,20,18,74,32,100,31,8,65,38,30" hai1="61,73,89,41,71,23,119,7,133,26,80,11,28" hai2="24,27,40,76,10,13,22,93,104,96,67,6,37" hai3="9,39,5,98,0,101,49,69,33,60,107,102,124"/><T15/><D74/><U113/><E113/><V82/><F104/><W91/><G124/><T34/><D100/><U66/><E119/><V120/><F120/><W81/><G49/><T105/><D105/><U110/><E110/><V19/><F67/><W57/><G101/><T118/><D51/><U79/><E133/><V94/><F27/><W44/><G57/><T135/><D65/><U53/><E53/><V130/><F130/><W16/><G81/><T43/><D43/><U47/><E89/><V121/><F121/><W126/><G91/><T115/><D115/><U106/><E106/><V84/><REACH who="2" step="1"/><F96/><REACH who="2" ten="346,154,240,250" step="2"/><W1/><G98/><T103/><D118/><U112/><E112/><V128/><F128/><W87/><G107/><T29/><D135/><U132/><E132/><V122/><F122/><W58/><G69/><T85/><D108/><U127/><E127/><V75/><F75/><W46/><G126/><T45/><D85/><U35/><E35/><V114/><F114/><W14/><G33/><T83/><D34/><U99/><E99/><V86/><F86/><W88/><G87/><T3/><D32/><U48/><E26/><V4/><F4/><W56/><G5/><T12/><D31/><U90/><E28/><V72/><F72/><W63/><G63/><T123/><D30/><U117/><E117/><V97/><F97/><W78/><G60/><T25/><D29/><U55/><E61/><V129/><F129/><W68/><G68/><T50/><D25/><U92/><E66/><V59/><F59/><W42/><G58/><T77/><D123/><U131/><E71/><RYUUKYOKU ba="1,1" sc="346,-10,154,-10,240,30,250,-10" hai2="6,10,13,19,22,24,37,40,76,82,84,93,94" /><INIT seed="1,2,1,2,3,110" ten="336,144,270,240" oya="1" hai0="127,16,107,104,39,64,40,25,58,80,91,8,20" hai1="129,102,57,67,3,83,35,84,60,42,10,36,95" hai2="87,62,12,115,74,9,72,73,101,21,17,135,19" hai3="6,14,86,4,51,43,90,133,2,13,82,24,121"/><U108/><E108/><V0/><F135/><W7/><G121/><T38/><D127/><U77/><E129/><V105/><F105/><W124/><G2/><T11/><D107/><U27/><E42/><V53/><F101/><W54/><G124/><T112/><D104/><U119/><E119/><V71/><F0/><W34/><G43/><T93/><D80/><U103/><E36/><V114/><F87/><W100/><G100/><T132/><D38/><U46/><E46/><V41/><F41/><W98/><G98/><T116/><D116/><U94/><E35/><V52/><F71/><W63/><G63/><T32/><D32/><U123/><E123/><V97/><F97/><W33/><G133/><T22/><D20/><U79/><E79/><V61/><F61/><W26/><G33/><T126/><D58/><U96/><E27/><N who="3" m="10282" /><G34/><T15/><D8/><U30/><E30/><V65/><F65/><W69/><G69/><T88/><D64/><U89/><REACH who="1" step="1"/><E95/><REACH who="1" ten="336,134,270,240" step="2"/><V59/><REACH who="2" step="1"/><F53/><REACH who="2" ten="336,134,260,240" step="2"/><W55/><G55/><T109/><D132/><U81/><E81/><V44/><F44/><AGARI ba="2,3" hai="4,6,7,13,14,44,51,54,82,86,90" m="10282" machi="44" ten="30,1000,0" yaku="8,1" doraHai="110" who="3" fromWho="2" sc="336,0,134,0,260,-16,240,46" /><INIT seed="2,0,0,3,2,75" ten="336,134,244,286" oya="2" hai0="88,84,63,119,133,113,61,32,41,34,116,3,48" hai1="87,128,123,56,74,98,33,103,135,78,69,21,17" hai2="93,2,26,51,24,96,8,122,79,22,44,72,14" hai3="95,70,115,107,118,31,121,86,66,64,40,43,81"/><V52/><F122/><W62/><G107/><T77/><D3/><U106/><E69/><V23/><F2/><W9/><G118/><N who="0" m="45099" /><D113/><U102/><E33/><N who="0" m="12905" /><D133/><U91/><E123/><V25/><F79/><W53/><G31/><T13/><D13/><U49/><E128/><V57/><F72/><W126/><G126/><T11/><D11/><U85/><E135/><V5/><REACH who="2" step="1"/><F44/><REACH who="2" ten="336,134,234,286" step="2"/><W94/><G121/><T36/><D77/><U82/><E102/><AGARI ba="0,1" hai="5,8,14,22,23,24,25,26,51,52,57,93,96,102" machi="102" ten="40,12000,1" yaku="1,1,2,1,8,1,54,1,53,0" doraHai="75" doraHaiUra="35" who="2" fromWho="1" sc="336,0,134,-120,234,130,286,0" /><INIT seed="2,1,0,5,3,129" ten="336,14,364,286" oya="2" hai0="67,53,115,135,45,110,3,113,89,117,94,60,0" hai1="58,127,123,68,126,15,118,70,40,31,74,32,102" hai2="88,128,50,35,66,63,46,2,116,26,97,54,34" hai3="95,107,77,1,19,65,7,61,25,109,84,80,76"/><V51/><F116/><W114/><G107/><T73/><D73/><U101/><E74/><V4/><F128/><W105/><G105/><T33/><D33/><U28/><E40/><V119/><F119/><W43/><G109/><T72/><D72/><U87/><E87/><V47/><F26/><W17/><G1/><T103/><D103/><N who="1" m="39435" /><E118/><V62/><F4/><W10/><G43/><T96/><D110/><U86/><E86/><V5/><F5/><W27/><G114/><T18/><D117/><U16/><E58/><V82/><F2/><W39/><G95/><T9/><D0/><U52/><E123/><V41/><F63/><W75/><G39/><T106/><D106/><U79/><E79/><V122/><F122/><W22/><G76/><T36/><D36/><U100/><N who="1" m="39443" /><U111/><DORA hai="12" /><E111/><V90/><F90/><W30/><G75/><T91/><D3/><U64/><E32/><V69/><REACH who="2" step="1"/><F82/><REACH who="2" ten="336,14,354,286" step="2"/><W59/><G25/><T49/><D91/><U108/><E108/><V21/><F21/><W13/><AGARI ba="1,1" hai="7,10,13,17,19,22,27,30,59,61,65,77,80,84" machi="13" ten="20,8000,1" yaku="0,1,7,1,8,1,52,2" doraHai="129,12" who="3" fromWho="3" sc="336,-21,14,-21,354,-41,286,93" owari="315,12.0,-7,-51.0,313,-9.0,379,48.0" /></mjloggm>