<mjloggm ver="2.3"><GO type="169" lobby="0"/><UN n0="%E3%82%82%E3%81%BF%E3%81%82%E3%81%92" n1="%E3%82%A6%E3%83%AB%E3%83%88%E3%83%A9%E7%AB%8B%E7%9B%B4" n2="%E3%81%A1%E3%81%B3%E3%81%A6%E3%81%A4" n3="%E9%9B%B7%E7%A5%9E%E9%AD%94%E7%90%86%E6%B2%99" dan="16,18,17,16" rate="2091.94,2259.53,2220.55,2089.01" sx="M,M,M,F"/><TAIKYOKU oya="0"/><INIT seed="0,0,0,0,1,66" ten="250,250,250,250" oya="0" hai0="53,42,3,5,131,39,21,38,102,61,18,69,108" hai1="101,93,11,56,54,121,125,89,44,52,76,41,26" hai2="119,28,47,65,85,127,117,31,46,59,43,78,112" hai3="75,8,49,107,134,97,120,100,115,94,19,34,40"/><T77/><D102/><U15/><E125/><V111/><F112/><W116/><G115/><T92/><D77/><U96/><E121/><V114/><F127/><W24/><G116/><N who="2" m="44617" /><F111/><W30/><G134/><T80/><D80/><U27/><E76/><V126/><F114/><W68/><G75/><T74/><D74/><U129/><E129/><V12/><F12/><W64/><G120/><T22/><D131/><U32/><E101/><V9/><F9/><W6/><G19/><T104/><D104/><U88/><E89/><V71/><F59/><W1/><G94/><T4/><D3/><U81/><E81/><N who="2" m="47287" /><F47/><W105/><G105/><T83/><D83/><U62/><E32/><V123/><F123/><W82/><G82/><T109/><D92/><U91/><E91/><V133/><F133/><W72/><G72/><T130/><D130/><U113/><E113/><V87/><F87/><W90/><G90/><T63/><D42/><U106/><E54/><V45/><F45/><W10/><G10/><T67/><D53/><U51/><E106/><V7/><F7/><AGARI ba="0,0" hai="7,11,15,26,27,41,44,51,52,56,62,88,93,96" machi="7" ten="30,7700,0" yaku="7,1,8,1,54,2" doraHai="66" who="1" fromWho="2" sc="250,0,250,77,250,-77,250,0" /><INIT seed="1,0,0,4,5,22" ten="250,327,173,250" oya="1" hai0="133,84,41,53,116,73,88,50,100,107,26,72,30" hai1="135,2,126,20,19,76,120,134,105,113,45,39,132" hai2="117,36,31,90,4,42,77,114,67,71,119,58,118" hai3="79,0,55,5,33,131,57,124,98,63,25,3,85"/><U129/><E105/><V128/><F77/><W127/><G131/><T103/><D116/><U106/><E106/><V46/><F90/><W83/><G98/><T74/><D133/><U9/><E76/><V56/><F31/><N who="3" m="19695" /><G5/><T69/><D69/><U99/><E99/><V66/><F4/><W11/><G11/><T52/><D41/><U23/><E113/><V44/><F128/><W91/><G91/><T59/><D53/><U54/><E129/><V102/><F102/><W86/><G86/><T21/><REACH who="0" step="1"/><D107/><REACH who="0" ten="240,327,173,250" step="2"/><U7/><E54/><V110/><F114/><W70/><G70/><T92/><AGARI ba="0,1" hai="21,26,30,50,52,59,72,73,74,84,88,92,100,103" machi="92" ten="30,12000,2" yaku="1,1,2,1,0,1,52,1,54,2,53,0" doraHai="22" doraHaiUra="8" who="0" fromWho="0" sc="240,130,327,-60,173,-30,250,-30" /><INIT seed="2,0,0,5,5,107" ten="370,267,143,220" oya="2" hai0="7,82,122,75,0,69,71,34,109,20,12,101,80" hai1="54,90,76,66,91,87,119,104,105,62,130,13,133" hai2="89,98,110,18,114,72,68,93,32,115,22,111,4" hai3="61,25,45,33,85,46,14,58,94,126,134,135,30"/><V50/><F32/><W100/><G126/><T53/><D34/><U21/><E119/><V8/><F68/><W60/><G14/><T124/><D109/><N who="2" m="41482" /><F50/><W132/><G61/><T26/><D124/><U102/><E130/><V84/><F98/><N who="3" m="59479" /><G85/><T29/><D0/><U121/><E133/><V31/><F31/><W83/><G83/><T28/><D122/><U42/><E87/><V39/><F39/><W6/><G6/><T24/><D101/><U78/><E62/><V74/><F115/><W55/><AGARI ba="0,0" hai="25,30,33,45,46,55,58,60,132,134,135" m="59479" machi="55" ten="30,1100,0" yaku="20,1" doraHai="107" who="3" fromWho="3" sc="370,-3,267,-3,143,-5,220,11" /><INIT seed="3,0,0,4,3,135" ten="367,264,138,231" oya="3" hai0="2,34,12,27,87,49,125,14,30,127,8,52,32" hai1="42,74,62,58,105,88,80,122,107,67,75,109,53" hai2="57,93,3,41,114,33,128,134,121,54,77,102,50" hai3="63,133,97,31,78,0,104,76,5,36,19,81,35"/><W118/><G118/><T84/><D34/><U131/><E122/><V37/><F114/><W71/><G36/><T29/><D29/><U7/><E109/><V123/><F33/><W45/><G133/><T132/><D132/><U13/><E131/><V98/><F3/><W11/><G45/><T86/><D2/><U68/><E42/><V117/><F117/><W112/><G112/><T115/><D115/><U130/><E130/><V129/><F134/><W126/><G19/><T43/><D43/><U59/><E68/><V92/><F77/><W124/><G31/><T91/><D91/><U82/><E7/><V20/><F20/><W6/><G6/><T60/><D60/><U89/><E13/><V26/><F26/><W16/><G16/><T47/><REACH who="0" step="1"/><D14/><REACH who="0" ten="357,264,138,231" step="2"/><U46/><E62/><V18/><F18/><AGARI ba="0,1" hai="8,12,18,27,30,32,47,49,52,84,86,87,125,127" machi="18" ten="40,8000,1" yaku="1,1,2,1,52,2,54,1,53,0" doraHai="135" doraHaiUra="69" who="0" fromWho="2" sc="357,90,264,0,138,-80,231,0" /><INIT seed="4,0,0,4,5,121" ten="447,264,58,231" oya="0" hai0="54,124,34,38,92,44,31,105,78,104,53,89,119" hai1="73,122,35,45,94,1,70,83,37,67,7,60,72" hai2="91,130,39,43,51,107,125,135,55,106,102,17,66" hai3="58,2,23,134,9,65,48,42,12,114,127,24,110"/><T112/><D119/><U18/><E122/><V85/><F66/><W95/><G2/><T76/><D112/><U20/><E94/><V64/><F64/><W62/><G114/><T50/><D124/><U133/><E133/><V30/><F30/><W59/><G134/><T25/><D38/><U33/><E20/><V10/><F125/><W97/><G127/><T126/><D126/><U32/><E18/><V56/><F135/><W80/><G80/><T96/><REACH who="0" step="1"/><D54/><REACH who="0" ten="437,264,58,231" step="2"/><U117/><E117/><V0/><F43/><W71/><G42/><T21/><D21/><U116/><E37/><V3/><F39/><W132/><G132/><T123/><D123/><U128/><E116/><V75/><F130/><W28/><G23/><T22/><D22/><U26/><E128/><V90/><F75/><W84/><G24/><T98/><D98/><U16/><E26/><V101/><F85/><W29/><G84/><T113/><D113/><U69/><E73/><V13/><F107/><AGARI ba="0,1" hai="25,31,34,44,50,53,76,78,89,92,96,104,105,107" machi="107" ten="40,2000,0" yaku="1,1,53,0" doraHai="121" doraHaiUra="36" who="0" fromWho="2" sc="437,30,264,0,58,-20,231,0" /><INIT seed="4,1,0,2,3,43" ten="467,264,38,231" oya="0" hai0="99,131,119,78,6,135,106,70,118,22,88,18,59" hai1="21,89,63,112,64,8,134,84,125,37,14,87,16" hai2="56,12,44,73,102,35,51,4,53,82,39,46,38" hai3="122,94,65,114,3,77,5,109,117,83,124,110,111"/><T15/><D70/><U81/><E37/><V33/><F102/><W54/><G117/><T75/><D135/><U69/><E125/><V90/><F39/><W107/><G107/><T31/><D131/><U132/><E112/><V98/><F38/><W45/><G65/><T68/><D68/><U30/><E30/><V58/><F35/><W61/><G114/><T67/><D31/><U74/><E74/><V108/><F33/><W126/><G94/><T36/><D36/><U100/><E100/><V62/><F108/><W123/><G5/><T13/><D106/><U66/><E66/><V48/><F73/><W79/><G3/><T60/><D75/><U128/><E128/><V103/><F103/><W115/><G115/><T55/><D78/><N who="3" m="29705" /><G83/><T113/><D113/><U72/><E72/><V11/><F62/><W85/><G85/><T80/><D67/><U96/><E96/><V25/><F25/><W19/><G19/><T52/><D55/><U27/><E87/><N who="2" m="50551" /><F98/><W50/><G61/><T34/><D34/><U101/><E101/><V2/><F2/><W40/><G40/><AGARI ba="1,0" hai="4,11,12,40,44,46,48,51,53,56,58" m="50551" machi="40" ten="30,3900,0" yaku="8,1,52,2" doraHai="43" who="2" fromWho="3" sc="467,0,264,0,38,42,231,-42" /><INIT seed="5,0,0,3,4,49" ten="467,264,80,189" oya="1" hai0="94,108,114,38,37,45,66,62,4,28,36,23,79" hai1="89,58,99,3,54,109,14,77,43,53,47,74,81" hai2="7,121,96,130,132,115,118,75,56,12,122,10,9" hai3="98,131,88,80,42,18,52,71,104,111,134,26,101"/><U41/><E3/><V129/><F75/><W67/><G111/><T27/><D108/><U92/><E109/><V102/><F118/><W124/><G124/><T72/><D114/><U123/><E123/><V31/><F31/><W119/><G119/><T40/><D4/><U93/><E14/><V135/><F96/><W95/><G134/><N who="2" m="51241" /><F56/><W126/><G126/><T127/><D127/><U57/><E47/><V84/><F84/><W5/><G131/><N who="2" m="50185" /><F115/><W87/><G42/><T116/><D116/><U32/><E32/><V48/><F48/><W90/><G5/><T106/><D106/><U100/><E58/><V2/><F102/><W34/><G34/><T55/><D72/><U76/><E76/><V113/><F113/><W11/><G71/><T35/><D79/><U8/><E57/><V51/><F51/><W82/><G67/><T21/><D94/><U29/><E29/><V46/><F46/><W61/><G90/><T86/><D86/><U63/><E93/><V13/><F13/><W20/><G61/><T60/><D60/><U69/><E89/><V83/><F83/><W128/><G128/><T17/><D62/><U15/><E69/><V117/><F117/><W64/><G64/><T25/><D66/><U33/><E63/><V19/><AGARI ba="0,0" hai="2,7,9,10,12,19,121,122" m="50185,51241" machi="19" ten="30,7900,0" yaku="20,1,19,1,34,2" doraHai="49" who="2" fromWho="2" sc="467,-20,264,-39,80,79,189,-20" /><INIT seed="6,0,0,1,4,26" ten="447,225,159,169" oya="2" hai0="52,101,129,29,134,30,99,81,8,128,75,39,35" hai1="36,73,107,12,70,121,112,19,9,40,7,62,1" hai2="48,92,84,111,109,21,135,61,106,42,123,49,120" hai3="88,14,89,119,118,117,131,31,4,102,96,74,93"/><V50/><F106/><W98/><G74/><T15/><D134/><U2/><E107/><V3/><F3/><W105/><G131/><N who="0" m="50251" /><D35/><U132/><E73/><V65/><F84/><W87/><G31/><T25/><D25/><U18/><E18/><V110/><F21/><W24/><G24/><T122/><D122/><N who="2" m="46634" /><F92/><N who="3" m="56335" /><G14/><T13/><D39/><U124/><E19/><V103/><F103/><W95/><G4/><N who="0" m="3207" /><D15/><U67/><E12/><V115/><F135/><W23/><G23/><T90/><D52/><U6/><E132/><V47/><F115/><W34/><G34/><T43/><D43/><U125/><E121/><V38/><F38/><W63/><G63/><T5/><D5/><U37/><E112/><V56/><AGARI ba="0,0" hai="42,47,48,49,50,56,61,65,109,110,111" m="46634" machi="56" ten="40,7800,0" yaku="10,1,34,2" doraHai="26" who="2" fromWho="2" sc="447,-26,225,-26,159,78,169,-26" /><INIT seed="6,1,0,0,5,9" ten="421,199,237,143" oya="2" hai0="111,30,24,27,97,42,33,2,31,84,34,130,10" hai1="104,62,38,107,128,116,25,82,50,39,19,69,106" hai2="59,53,64,3,46,123,71,14,125,48,5,72,102" hai3="83,7,121,88,37,65,29,91,11,78,45,21,117"/><V126/><F72/><W26/><G117/><T135/><D42/><U93/><E116/><V12/><F123/><W47/><G121/><T87/><D111/><U74/><E128/><V98/><F3/><W99/><G65/><T79/><D130/><U95/><E50/><N who="2" m="31159" /><F5/><W129/><G129/><T73/><D135/><U57/><E69/><V103/><F64/><W76/><G76/><T134/><D134/><U118/><E118/><V113/><F113/><W122/><G122/><T23/><D23/><U1/><E1/><V28/><F28/><W96/><G96/><T68/><D68/><U6/><E6/><V0/><F0/><W108/><G108/><T22/><D22/><U15/><E39/><V120/><F102/><W132/><G132/><T58/><D58/><U51/><E38/><V86/><F86/><N who="3" m="48503" /><G37/><T77/><D97/><U75/><E107/><V13/><F71/><W133/><G133/><T85/><D73/><U110/><E106/><V131/><F131/><W49/><G99/><T61/><D61/><U55/><E104/><V101/><F98/><W89/><G49/><T105/><D105/><U70/><E110/><V80/><F80/><W36/><G36/><T8/><D2/><U32/><E82/><V16/><F120/><W56/><G56/><T66/><D87/><U35/><E75/><V60/><F60/><W43/><G43/><T41/><D41/><U119/><E74/><V54/><F16/><W94/><G94/><N who="1" m="35850" /><E119/><V90/><F90/><N who="3" m="23043" /><W44/><DORA hai="127" /><G44/><T115/><D66/><N who="1" m="41303" /><E35/><V4/><F4/><W100/><G100/><N who="2" m="38473" /><F126/><W40/><G40/><RYUUKYOKU ba="1,0" sc="421,10,199,-30,237,10,143,10" hai0="8,10,24,27,30,31,33,34,77,79,84,85,115" hai2="12,13,14,46,48,54,125" hai3="7,11,21,26,29,45,47" /><INIT seed="6,2,0,3,4,21" ten="431,169,247,153" oya="2" hai0="34,76,17,96,44,106,46,94,118,78,73,15,87" hai1="65,55,57,111,53,75,102,8,90,74,52,50,0" hai2="124,56,45,1,130,108,23,95,119,54,132,127,114" hai3="71,37,97,82,20,88,47,5,7,3,117,67,61"/><V18/><F1/><W86/><G117/><T126/><D118/><U69/><E111/><V49/><F119/><W100/><G3/><T104/><D34/><U38/><E102/><V30/><F30/><W40/><REACH who="3" step="1"/><G20/><REACH who="3" ten="431,169,247,143" step="2"/><T31/><D126/><U41/><E0/><V105/><F23/><W92/><AGARI ba="2,1" hai="5,7,37,40,47,61,67,71,82,86,88,92,97,100" machi="92" ten="20,8000,1" yaku="1,1,2,1,0,1,7,1,54,1,53,0" doraHai="21" doraHaiUra="13" who="3" fromWho="3" sc="431,-22,169,-22,247,-42,143,96" /><INIT seed="7,0,0,0,2,78" ten="409,147,205,239" oya="3" hai0="10,43,66,48,126,53,33,39,84,94,40,65,108" hai1="98,38,112,19,25,124,46,89,88,69,81,37,24" hai2="50,90,123,91,100,87,113,13,115,45,71,61,107" hai3="20,117,32,83,82,62,49,132,18,57,34,8,29"/><W114/><G117/><T133/><D33/><U35/><E112/><N who="2" m="43083" /><F123/><W101/><G132/><T51/><D108/><U36/><E124/><V95/><F107/><W54/><G101/><T97/><D126/><U15/><E69/><V68/><F100/><W74/><G74/><T6/><D133/><U5/><E5/><V121/><F121/><W122/><G122/><T76/><D76/><U16/><E35/><V17/><F61/><W4/><G114/><T41/><D84/><U72/><E46/><V103/><F91/><W131/><G131/><T9/><D39/><U56/><E56/><V104/><F103/><W134/><G134/><T70/><D70/><U14/><E98/><V1/><F1/><W31/><G34/><T99/><D48/><U110/><E37/><V130/><F104/><W129/><G49/><T52/><D99/><U26/><E26/><V64/><F64/><N who="0" m="24682" /><D6/><U27/><E27/><V85/><F85/><W42/><G129/><T111/><D111/><U75/><E81/><N who="3" m="30730" /><G42/><T44/><D53/><U55/><E55/><N who="2" m="30159" /><F130/><W63/><G63/><T96/><D96/><U47/><E47/><V0/><F0/><W128/><G128/><T2/><D2/><U120/><E120/><V105/><F105/><W11/><G32/><T118/><D118/><U59/><E59/><V79/><F79/><W119/><G119/><T109/><D109/><AGARI ba="0,0" hai="14,15,16,19,24,25,36,38,72,75,88,89,109,110" machi="109" ten="25,6400,0" yaku="22,2,54,2" doraHai="78" who="1" fromWho="0" sc="409,-64,147,64,205,0,239,0" owari="345,44.0,211,-19.0,205,-29.0,239,4.0" /></mjloggm>