<mjloggm ver="2.3"><GO type="169" lobby="0"/><UN n0="%63%69%73%63%69%73" n1="%6E%65%77%E3%81%9F%E3%81%91%E3%81%93%E3%81%9E%E3%81%86" n2="%E5%B0%B1%E6%B4%BB%E7%94%9F%40%E5%B7%9D%E6%9D%91%E8%BB%8D%E5%9B%A3" n3="%28%EF%BC%BE%CF%89%EF%BC%BE%29%E5%9B%9B%E9%BA%BB%E5%B0%82" dan="16,16,18,17" rate="2148.86,2082.00,2277.57,2219.37" sx="M,M,M,F"/><TAIKYOKU oya="0"/><INIT seed="0,0,0,5,4,132" ten="250,250,250,250" oya="0" hai0="66,0,106,129,135,77,81,134,39,75,32,119,42" hai1="113,64,14,4,128,52,111,17,12,24,16,131,21" hai2="114,123,31,124,49,82,112,127,20,73,80,101,46" hai3="54,88,68,60,48,108,70,118,8,121,59,67,37"/><T18/><D119/><U15/><E111/><V27/><F123/><W47/><G118/><T55/><D106/><U103/><E103/><V96/><F112/><W58/><G108/><T38/><D129/><N who="1" m="49739" /><E64/><V44/><F44/><W115/><G115/><T51/><D32/><U63/><E113/><V74/><F74/><W84/><G121/><T57/><D0/><U69/><E69/><V30/><F30/><W10/><G68/><T19/><D66/><U85/><E85/><V125/><F73/><W105/><G105/><T91/><D91/><U65/><E65/><V110/><F110/><W76/><G76/><T53/><D53/><U89/><E89/><V56/><F56/><W126/><G59/><T33/><D33/><U90/><E90/><V92/><REACH who="2" step="1"/><F114/><REACH who="2" ten="250,250,240,250" step="2"/><W29/><G29/><T13/><D42/><AGARI ba="0,1" hai="20,27,31,42,46,49,80,82,92,96,101,124,125,127" machi="42" ten="40,12000,2" yaku="1,1,2,1,18,1,52,3,53,0" doraHai="132" doraHaiUra="28" who="2" fromWho="0" sc="250,-120,250,0,240,130,250,0" /><INIT seed="1,0,0,3,1,104" ten="130,250,370,250" oya="1" hai0="121,129,119,30,57,15,64,105,60,118,128,130,34" hai1="83,87,124,78,73,76,106,41,89,58,59,71,102" hai2="31,65,51,0,75,85,101,20,1,134,62,74,47" hai3="70,133,22,81,115,117,9,37,116,99,111,79,4"/><U94/><E71/><V77/><F101/><W7/><G115/><T84/><D105/><U6/><E6/><V40/><F134/><W21/><G70/><T53/><D121/><U56/><E78/><V19/><F31/><W49/><G37/><T3/><D3/><U52/><E41/><V110/><F110/><W18/><G133/><T67/><D15/><U95/><E95/><V126/><F126/><W33/><G33/><T29/><D84/><U132/><E132/><V5/><F5/><W82/><G99/><T91/><D91/><U48/><E124/><V86/><F0/><W123/><G79/><T28/><REACH who="0" step="1"/><D34/><REACH who="0" ten="120,250,370,250" step="2"/><U23/><E23/><V120/><F1/><W11/><G123/><T72/><D72/><U90/><E90/><V93/><F86/><W45/><G111/><T69/><D69/><U122/><E122/><V55/><F120/><W114/><G114/><T97/><D97/><AGARI ba="0,1" hai="48,52,56,58,59,73,76,83,87,89,94,97,102,106" machi="97" ten="40,12000,1" yaku="24,2,52,1,54,1" doraHai="104" who="1" fromWho="0" sc="120,-120,250,130,370,0,250,0" /><INIT seed="1,1,0,4,2,5" ten="0,380,370,250" oya="1" hai0="91,27,101,1,18,32,58,115,128,134,31,65,52" hai1="96,55,60,41,74,77,103,114,93,36,133,49,75" hai2="132,110,123,117,45,118,12,78,44,47,10,46,25" hai3="108,14,98,42,29,122,72,26,111,71,86,50,130"/><U37/><E114/><V80/><F123/><W119/><G72/><T68/><D115/><U38/><E133/><V84/><F132/><W85/><G122/><T35/><D134/><U56/><E77/><V22/><F110/><N who="3" m="42027" /><G71/><T21/><D128/><U131/><E131/><V124/><N who="2" m="11776" /><DORA hai="99" /><V95/><F95/><W127/><G130/><T0/><D65/><U19/><E41/><V48/><F48/><W88/><G50/><T106/><D68/><U102/><E102/><V83/><F83/><W16/><G42/><T28/><D35/><U6/><E6/><V40/><F40/><W104/><G127/><T9/><D91/><U39/><N who="1" m="9216" /><DORA hai="20" /><U76/><E76/><V15/><F124/><W121/><G119/><T51/><D31/><U126/><E126/><V92/><F92/><N who="3" m="56583" /><G104/><T116/><D116/><U57/><REACH who="1" step="1"/><E19/><REACH who="1" ten="0,370,370,250" step="2"/><V24/><F118/><W3/><G121/><T79/><D79/><U33/><E33/><V120/><F117/><W53/><G16/><T107/><D101/><U66/><AGARI ba="1,1" hai="49,55,56,57,60,66,74,75,93,96,103" m="9216" machi="66" ten="60,12000,1" yaku="1,1,0,1,52,1,53,2" doraHai="5,99,20" doraHaiUra="43,34,105" who="1" fromWho="1" sc="0,-41,370,133,370,-41,250,-41" owari="-41,-54.0,503,60.0,329,13.0,209,-19.0" /></mjloggm>