<mjloggm ver="2.3"><GO type="169" lobby="0"/><UN n0="%E3%83%8C%E3%82%A2%E3%82%AF%E3%82%B7%E3%83%A7%E3%83%83%E3%83%88" n1="%6C%6F%76%65%79%6F%75" n2="%E3%82%A6%E3%83%AB%E3%83%88%E3%83%A9%E7%AB%8B%E7%9B%B4" n3="%E7%99%BD%E3%81%99%E3%81%B4%E3%81%A3%E3%81%A4%EF%BC%A0%E5%8D%8A%E8%8D%98" dan="16,18,17,16" rate="2132.20,2261.72,2166.72,2158.39" sx="M,M,M,M"/><TAIKYOKU oya="0"/><INIT seed="0,0,0,4,1,99" ten="250,250,250,250" oya="0" hai0="111,127,117,120,70,103,22,113,17,4,1,35,58" hai1="98,24,75,94,28,118,34,18,3,47,73,92,131" hai2="5,112,54,82,125,20,2,108,105,30,56,81,23" hai3="66,39,102,55,6,106,46,7,101,12,26,114,91"/><T126/><D35/><U85/><E118/><V43/><F112/><W49/><G114/><T29/><D70/><U40/><E3/><V96/><F43/><W93/><G106/><T119/><D113/><U122/><E122/><V0/><F108/><W9/><G39/><T87/><D120/><U21/><E85/><V76/><F125/><W62/><G26/><T121/><D121/><U109/><E109/><V77/><F30/><W31/><G31/><T42/><D1/><U41/><E41/><V107/><F96/><W37/><G37/><T79/><D111/><U124/><E124/><V80/><F56/><N who="3" m="37191" /><G7/><T36/><D36/><U8/><E8/><V128/><F81/><W16/><G6/><T78/><D119/><U84/><E84/><AGARI ba="0,0" hai="9,12,16,46,49,55,84,91,93,101,102" m="37191" machi="84" ten="30,7700,0" yaku="8,1,52,2,54,1" doraHai="99" who="3" fromWho="1" sc="250,0,250,-77,250,0,250,77" /><INIT seed="1,0,0,1,2,2" ten="250,173,250,327" oya="1" hai0="47,41,45,81,20,29,114,64,119,95,4,49,56" hai1="1,48,36,59,44,98,123,87,6,40,122,113,21" hai2="121,7,86,52,116,107,89,27,103,127,106,58,88" hai3="23,42,73,84,92,43,22,102,100,14,76,67,50"/><U85/><E113/><V5/><F121/><W125/><G73/><T128/><D119/><U35/><E35/><V110/><F116/><W131/><G131/><T91/><D114/><U112/><E112/><V39/><F39/><W65/><G125/><T130/><D81/><U129/><E129/><V63/><F127/><W12/><G50/><T51/><D64/><U93/><E87/><V3/><F3/><W124/><G124/><T74/><D56/><U83/><E21/><V118/><F118/><W70/><G84/><T55/><D74/><U30/><E30/><V15/><F110/><W10/><G70/><T68/><D68/><U133/><E133/><V126/><F126/><W120/><G92/><T61/><D61/><U9/><E59/><V111/><F111/><W80/><G10/><T97/><D29/><U57/><E57/><N who="2" m="35239" /><F106/><W75/><G75/><T18/><D130/><U32/><E32/><V62/><F107/><W8/><G8/><T101/><D128/><U37/><E122/><V31/><F103/><W26/><G120/><T134/><D134/><U132/><E132/><V94/><F89/><W53/><G76/><T34/><D34/><U11/><E11/><V90/><F15/><W46/><G14/><N who="0" m="9303" /><D101/><U105/><E105/><V69/><F69/><W25/><G100/><T33/><D33/><U99/><E123/><V66/><F90/><W28/><G102/><T38/><D38/><U60/><E36/><V115/><F115/><W108/><G108/><T135/><D135/><U19/><E37/><V104/><F104/><W13/><G13/><T117/><D117/><RYUUKYOKU ba="0,0" sc="250,15,173,-15,250,15,327,-15" hai0="4,41,45,47,49,51,55,91,95,97" hai2="5,7,27,31,58,62,66,86,88,94" /><INIT seed="2,1,0,0,4,2" ten="265,158,265,312" oya="2" hai0="89,29,62,52,94,124,132,49,81,135,100,36,48" hai1="34,83,67,9,60,102,22,5,98,134,129,111,130" hai2="37,65,75,45,115,92,1,39,101,114,63,74,85" hai3="59,86,99,31,44,12,27,77,40,55,108,90,76"/><V56/><F1/><W84/><G108/><T33/><D36/><U103/><E34/><V69/><F101/><W127/><G127/><T58/><D124/><U82/><E111/><V14/><F92/><W72/><G72/><T8/><D29/><U71/><E22/><V24/><F85/><W28/><G12/><T125/><D33/><U123/><E134/><N who="0" m="51241" /><D125/><U117/><E117/><V73/><F24/><W119/><G119/><T107/><D81/><U64/><E64/><V91/><F91/><W87/><G40/><T4/><D107/><U0/><E103/><V26/><F26/><W88/><G44/><T96/><D89/><N who="3" m="34409" /><G99/><T95/><D95/><U11/><E11/><V54/><F14/><AGARI ba="1,0" hai="4,8,14,48,49,52,58,62,94,96,100" m="51241" machi="14" ten="30,3900,0" yaku="20,1,52,1,54,1" doraHai="2" who="0" fromWho="2" sc="265,42,158,0,265,-42,312,0" /><INIT seed="3,0,0,1,5,63" ten="307,158,223,312" oya="3" hai0="39,104,64,99,40,14,77,18,79,47,43,135,23" hai1="123,91,17,0,45,122,93,28,27,120,95,116,127" hai2="2,73,49,100,133,97,1,106,15,70,33,41,50" hai3="78,21,38,124,74,67,72,16,7,83,111,132,51"/><W5/><G38/><T129/><D43/><U55/><E0/><V60/><F133/><W52/><G132/><T102/><D135/><U66/><E66/><N who="2" m="41287" /><F15/><W71/><G124/><T89/><D129/><U48/><E127/><V90/><F90/><W11/><G111/><T81/><D89/><U113/><E116/><V68/><F50/><W103/><G103/><T130/><D130/><U57/><E113/><V117/><F117/><W134/><G134/><T96/><D96/><U92/><E17/><V76/><F49/><W107/><G107/><T36/><D36/><U82/><E82/><N who="2" m="45327" /><F41/><W8/><G74/><T109/><D109/><U108/><E108/><V31/><F68/><W128/><G128/><T9/><D64/><U121/><N who="1" m="30720" /><DORA hai="61" /><U69/><E69/><V65/><F65/><W131/><G67/><T53/><D81/><U118/><E118/><V42/><F42/><W3/><G71/><T32/><D32/><U54/><E57/><V20/><F20/><W46/><G131/><T6/><REACH who="0" step="1"/><D53/><REACH who="0" ten="297,158,223,312" step="2"/><U101/><E54/><V62/><F62/><W87/><G72/><T114/><D114/><U75/><E75/><V88/><F88/><W119/><G119/><T125/><D125/><U35/><REACH who="1" step="1"/><E91/><REACH who="1" ten="297,148,223,312" step="2"/><V105/><F105/><W126/><G126/><T56/><D56/><U10/><E10/><N who="3" m="3626" /><G3/><AGARI ba="0,2" hai="3,6,9,14,18,23,39,40,47,77,79,99,102,104" machi="3" ten="30,3900,0" yaku="1,1,7,1,53,1" doraHai="63,61" doraHaiUra="44,19" who="0" fromWho="3" sc="297,59,148,0,223,0,312,-39" /><INIT seed="4,0,0,2,3,40" ten="356,148,223,273" oya="0" hai0="86,89,79,92,44,6,113,135,120,62,116,83,16" hai1="68,123,15,67,12,32,125,14,114,98,132,7,90" hai2="84,36,81,102,105,20,8,91,100,72,11,64,117" hai3="51,124,48,70,99,56,88,103,78,58,25,95,21"/><T121/><D116/><U35/><E123/><V80/><F36/><W133/><G70/><T39/><D113/><U77/><E77/><V82/><F117/><W33/><G33/><T24/><D6/><U66/><E114/><V63/><F72/><W2/><G2/><T17/><D135/><U111/><E111/><V73/><F73/><W93/><G133/><T54/><D62/><U13/><E132/><V118/><F118/><W94/><G124/><T126/><D126/><U46/><E125/><V18/><F105/><W5/><G78/><T31/><D121/><U55/><E68/><V1/><F1/><W87/><G94/><T104/><D104/><U34/><E98/><V38/><F38/><W112/><G5/><T30/><D30/><U45/><E90/><V119/><F119/><W106/><G106/><T0/><D0/><U76/><E76/><V3/><F3/><W26/><G112/><T19/><D19/><U9/><REACH who="1" step="1"/><E55/><REACH who="1" ten="356,138,223,273" step="2"/><V27/><F102/><W71/><G71/><T61/><D54/><U47/><AGARI ba="0,1" hai="7,9,12,13,14,15,32,34,35,45,46,47,66,67" machi="47" ten="40,24000,4" yaku="1,1,2,1,0,1,29,2,52,3,53,3" doraHai="40" doraHaiUra="42" who="1" fromWho="1" sc="356,-120,138,250,223,-60,273,-60" /><INIT seed="5,0,0,0,1,53" ten="236,388,163,213" oya="1" hai0="72,116,1,133,37,49,90,8,57,60,76,71,45" hai1="79,22,83,34,85,135,58,73,98,77,12,102,104" hai2="39,31,122,66,6,23,9,132,129,118,127,50,69" hai3="56,82,55,54,10,68,42,65,70,59,120,96,128"/><U30/><E34/><V86/><F39/><W36/><G96/><T95/><D116/><U27/><E135/><V111/><F111/><W119/><G82/><N who="0" m="45319" /><D90/><U125/><E125/><V14/><F118/><W16/><G119/><T134/><D95/><U62/><E12/><V81/><F122/><W38/><G10/><T87/><D87/><U13/><E13/><V123/><F123/><W115/><G120/><T108/><D108/><U18/><E79/><V89/><F127/><W20/><G128/><T15/><D15/><U124/><E124/><V3/><F132/><W46/><G115/><T4/><D49/><U21/><E73/><V67/><F129/><W101/><G101/><T63/><D63/><U92/><E104/><V61/><F67/><W0/><G0/><T43/><D71/><N who="3" m="27177" /><G20/><T107/><D107/><U41/><E41/><V112/><F112/><W19/><G16/><T88/><D88/><U5/><E5/><V91/><F91/><W47/><G19/><T99/><D99/><U26/><E62/><V126/><F126/><W40/><G65/><AGARI ba="0,0" hai="1,4,8,37,43,45,57,60,65,133,134" m="45319" machi="65" ten="30,2000,0" yaku="25,1,52,1" doraHai="53" who="0" fromWho="3" sc="236,20,388,0,163,0,213,-20" /><INIT seed="6,0,0,1,3,116" ten="256,388,163,193" oya="2" hai0="65,67,126,46,104,53,81,80,91,128,78,89,44" hai1="62,19,6,135,112,77,59,109,13,28,29,113,5" hai2="63,12,48,73,101,43,92,40,51,49,79,98,35" hai3="96,41,69,82,68,95,134,36,105,11,60,84,20"/><V123/><F35/><W88/><G105/><T38/><D104/><U54/><E77/><V107/><F123/><W119/><G119/><T30/><D78/><U45/><E109/><V7/><F107/><W132/><G20/><T24/><D53/><U94/><E135/><N who="3" m="51754" /><G60/><T106/><D106/><U39/><E94/><V129/><F129/><W93/><G93/><T0/><D81/><U83/><E83/><V50/><N who="2" m="12288" /><DORA hai="2" /><V42/><F79/><N who="3" m="46175" /><G11/><T108/><D80/><U4/><E29/><V127/><F73/><W8/><G8/><T71/><D65/><U1/><E28/><V58/><F127/><W14/><G14/><T87/><D67/><U70/><E70/><V21/><F21/><W99/><G99/><T90/><D30/><U74/><E74/><V76/><F76/><W33/><G33/><T133/><D71/><U22/><E1/><V18/><F18/><W64/><G64/><T15/><D133/><U47/><E39/><V16/><F16/><W56/><G56/><T61/><D38/><U57/><E57/><V102/><F102/><W9/><G9/><T131/><D128/><U115/><AGARI ba="0,0" hai="4,5,6,13,19,22,45,47,54,59,62,112,113,115" machi="115" ten="40,8000,1" yaku="0,1,15,1,52,3" doraHai="116,2" who="1" fromWho="1" sc="256,-20,388,80,163,-40,193,-20" /><INIT seed="7,0,0,3,5,58" ten="236,468,123,173" oya="3" hai0="6,53,70,128,91,126,65,0,43,81,19,21,112" hai1="135,127,34,77,76,130,73,47,85,97,104,25,99" hai2="119,90,88,18,108,100,45,123,40,36,79,54,56" hai3="48,92,131,106,37,42,125,52,41,67,64,23,59"/><W55/><G106/><T102/><D43/><N who="3" m="16393" /><G131/><T7/><D102/><U116/><E34/><V46/><F108/><W115/><G115/><T96/><D112/><U3/><E3/><V111/><F111/><W133/><G133/><T12/><D65/><U61/><E135/><V27/><F119/><W74/><G74/><T17/><D70/><U38/><E38/><V9/><F123/><W68/><G68/><T134/><D126/><U50/><E47/><V82/><F46/><N who="3" m="27671" /><G125/><T109/><D0/><U28/><E104/><V24/><F100/><W10/><G10/><T71/><D71/><U87/><E73/><V72/><F24/><W31/><G92/><T89/><D128/><U80/><E127/><V49/><F18/><W124/><G124/><T94/><D109/><U62/><E116/><V29/><REACH who="2" step="1"/><F9/><REACH who="2" ten="236,468,113,173" step="2"/><W105/><G105/><T8/><D19/><U107/><E130/><V103/><F103/><W121/><G121/><T118/><D8/><U132/><E107/><V60/><F60/><N who="1" m="23145" /><E132/><V93/><F93/><W95/><G95/><T16/><D94/><U39/><E39/><V114/><F114/><W57/><G37/><T30/><D118/><U22/><E50/><V78/><F78/><N who="1" m="30313" /><E80/><V66/><F66/><W20/><G67/><T44/><D17/><U113/><E113/><V75/><F75/><W122/><G64/><T110/><D134/><U84/><AGARI ba="0,1" hai="22,25,28,84,85,87,97,99" m="30313,23145" machi="84" ten="30,7900,0" yaku="8,1,52,3" doraHai="58" who="1" fromWho="1" sc="236,-20,468,89,113,-20,173,-39" owari="216,2.0,557,66.0,93,-41.0,134,-27.0" /></mjloggm>