<mjloggm ver="2.3"><GO type="169" lobby="0"/><UN n0="%E2%80%90%E3%81%AF%E3%81%9A%E3%81%8D%E3%82%93%E3%81%90%E2%80%90" n1="%E3%82%A6%E3%83%AB%E3%83%88%E3%83%A9%E7%AB%8B%E7%9B%B4" n2="%E3%81%82%E3%81%9A%E3%82%8C%EF%BC%A0%E7%BE%BD%E7%94%9F%E3%82%AA%E3%82%BF" n3="%4A%55%4E%4B%45%52%53" dan="16,17,16,17" rate="2142.03,2168.82,2117.41,2159.74" sx="F,M,M,M"/><TAIKYOKU oya="0"/><INIT seed="0,0,0,2,5,36" ten="250,250,250,250" oya="0" hai0="124,5,38,10,11,122,72,116,82,52,74,91,57" hai1="89,127,67,15,97,95,84,33,104,85,16,73,26" hai2="60,54,29,119,118,113,94,71,65,0,98,76,93" hai3="6,12,42,68,77,96,111,102,48,14,61,22,121"/><T53/><D122/><U132/><E73/><V55/><F0/><W9/><G121/><T13/><D116/><N who="2" m="44586" /><F113/><W70/><G111/><T107/><D107/><U125/><E67/><V103/><F76/><W28/><G77/><T133/><D38/><U56/><E56/><V108/><F108/><W106/><G61/><T31/><D31/><N who="1" m="19703" /><E104/><N who="2" m="63607" /><F29/><W66/><G66/><T23/><D133/><U81/><E81/><V46/><F55/><W30/><G30/><T88/><D124/><N who="1" m="47691" /><E132/><V131/><F131/><W51/><G70/><T79/><D74/><U90/><E90/><V126/><F126/><W35/><G68/><T115/><D115/><U8/><AGARI ba="0,0" hai="8,15,16,84,85,89,95,97" m="47691,19703" machi="8" ten="30,2000,0" yaku="18,1,54,1" doraHai="36" who="1" fromWho="1" sc="250,-10,250,20,250,-5,250,-5" /><INIT seed="1,0,0,0,5,48" ten="240,270,245,245" oya="1" hai0="89,132,46,125,79,93,105,12,107,55,76,5,90" hai1="45,117,50,127,100,30,123,57,28,62,118,72,25" hai2="22,109,13,38,128,130,71,31,58,14,36,23,85" hai3="2,63,1,67,133,9,75,96,60,51,108,86,81"/><U120/><E72/><V99/><F71/><W18/><G75/><T131/><D131/><N who="2" m="50218" /><F109/><W124/><G108/><T92/><D132/><U77/><E77/><V29/><F99/><W112/><G112/><T33/><D33/><U94/><E94/><V113/><F85/><W15/><G133/><T34/><D34/><U59/><E100/><V82/><F82/><W3/><G124/><T134/><D134/><U39/><E25/><V8/><F58/><W65/><G96/><T119/><D119/><N who="1" m="45579" /><E28/><N who="2" m="10827" /><F113/><W42/><G67/><T53/><D5/><U7/><E30/><V114/><F114/><W97/><G65/><T69/><D12/><N who="2" m="4714" /><F8/><W73/><G97/><T21/><D46/><U27/><E7/><V40/><F40/><W83/><G73/><T103/><D69/><U95/><E95/><V24/><F24/><W52/><G42/><T110/><D110/><U88/><E27/><V19/><F19/><W6/><G6/><T56/><D125/><U74/><E88/><V54/><F54/><W43/><G43/><T121/><D56/><N who="1" m="21579" /><E74/><V41/><F41/><W116/><G83/><T126/><D126/><U64/><E127/><V61/><F61/><W104/><G104/><T135/><D135/><U115/><E115/><V101/><F101/><W80/><G80/><T44/><D103/><U98/><E98/><V111/><F111/><W91/><G116/><T122/><D44/><AGARI ba="0,0" hai="1,2,3,9,15,18,44,51,52,60,63,81,86,91" machi="44" ten="40,8000,1" yaku="25,2,52,1,54,1" doraHai="48" who="3" fromWho="0" sc="240,-80,270,0,245,0,245,80" /><INIT seed="2,0,0,1,2,92" ten="160,270,245,325" oya="2" hai0="76,120,85,17,79,29,47,116,50,96,100,102,37" hai1="80,88,117,36,118,83,107,132,134,84,128,62,109" hai2="1,18,78,26,16,82,135,99,10,87,111,6,56" hai3="15,122,130,49,97,129,21,119,94,24,95,68,2"/><V57/><F135/><N who="1" m="51753" /><E36/><V58/><F111/><W110/><G2/><T131/><D120/><U8/><E8/><V51/><F26/><W54/><G122/><T73/><D73/><U4/><E4/><V43/><REACH who="2" step="1"/><F99/><REACH who="2" ten="160,270,235,325" step="2"/><W60/><G110/><T61/><D96/><U33/><E109/><V115/><F115/><W71/><G97/><T48/><D116/><U106/><E33/><V112/><F112/><W19/><G24/><T20/><D102/><U30/><E128/><V114/><F114/><W121/><G119/><N who="1" m="45578" /><E30/><V22/><F22/><W108/><G121/><T103/><D100/><U86/><E62/><V126/><F126/><W133/><G133/><T59/><D103/><U12/><E12/><V35/><F35/><W90/><G108/><T42/><D131/><U31/><E31/><V39/><F39/><W63/><G130/><T25/><D29/><U69/><E69/><V45/><AGARI ba="0,1" hai="1,6,10,16,18,43,45,51,56,57,58,78,82,87" machi="45" ten="30,11700,0" yaku="1,1,0,1,54,1,53,1" doraHai="92" doraHaiUra="44" who="2" fromWho="2" sc="160,-39,270,-39,235,127,325,-39" /><INIT seed="2,1,0,2,0,14" ten="121,231,362,286" oya="2" hai0="2,76,67,3,35,80,116,97,95,33,66,50,92" hai1="107,69,12,28,105,91,103,22,38,65,124,88,8" hai2="13,114,52,102,5,24,93,26,122,109,37,129,75" hai3="115,27,68,131,57,40,23,134,10,34,25,4,59"/><V133/><F37/><W81/><G68/><T126/><D126/><U78/><E38/><V42/><F75/><W41/><G115/><T46/><D116/><U111/><E78/><V48/><F114/><W7/><G81/><T16/><D95/><U135/><E69/><V19/><F133/><W73/><G73/><T94/><D94/><U30/><E65/><V18/><F129/><W36/><G131/><T87/><D35/><U49/><E135/><V108/><F42/><W110/><G134/><T98/><D33/><U15/><E49/><V128/><F5/><W58/><G110/><N who="2" m="42601" /><F122/><W100/><G36/><T0/><D97/><U20/><E111/><V1/><F1/><W55/><G41/><T101/><D50/><U79/><E79/><V89/><F102/><W39/><G100/><T132/><D46/><U32/><E103/><V121/><F121/><W82/><G4/><T117/><D117/><U77/><E77/><V74/><F74/><W60/><G7/><T62/><D132/><U123/><E32/><V70/><F70/><W54/><G34/><T96/><D96/><U104/><E104/><V112/><F112/><W63/><G39/><T119/><D119/><U21/><E123/><V61/><F61/><W120/><G63/><T9/><REACH who="0" step="1"/><D62/><REACH who="0" ten="111,231,362,286" step="2"/><U31/><E124/><V86/><F128/><W64/><G60/><T130/><D130/><U44/><E107/><V127/><F127/><W85/><G120/><T113/><D113/><U11/><E105/><V17/><F13/><AGARI ba="1,1" hai="0,2,3,9,13,16,66,67,76,80,87,92,98,101" machi="13" ten="40,5200,0" yaku="1,1,52,1,54,1,53,0" doraHai="14" doraHaiUra="43" who="0" fromWho="2" sc="111,65,231,0,362,-55,286,0" /><INIT seed="3,0,0,0,4,5" ten="176,231,307,286" oya="3" hai0="58,24,26,114,61,75,105,101,52,67,118,86,111" hai1="115,123,37,126,87,120,20,116,38,99,103,125,28" hai2="3,95,98,50,14,25,2,13,121,69,78,11,36" hai3="51,92,29,74,107,45,109,135,94,70,48,43,128"/><W9/><G107/><T72/><D118/><U112/><E28/><V100/><F36/><W6/><G70/><T97/><D111/><U27/><E27/><V84/><F69/><W108/><G74/><T106/><D106/><N who="1" m="63871" /><E20/><V68/><F68/><W104/><G104/><T23/><D114/><N who="1" m="43563" /><E37/><V44/><F121/><N who="1" m="46665" /><E38/><V63/><F63/><W35/><G51/><T16/><D86/><U57/><E57/><V21/><F14/><W130/><G135/><T30/><REACH who="0" step="1"/><D67/><REACH who="0" ten="166,231,307,286" step="2"/><U122/><E122/><V89/><F84/><W49/><G109/><T7/><D7/><U91/><E116/><V40/><F98/><W77/><G108/><T113/><D113/><U64/><E64/><V124/><F124/><W15/><G6/><T22/><AGARI ba="0,1" hai="16,22,23,24,26,30,52,58,61,72,75,97,101,105" machi="22" ten="20,8000,1" yaku="1,1,0,1,7,1,54,2,53,0" doraHai="5" doraHaiUra="10" who="0" fromWho="0" sc="166,90,231,-20,307,-20,286,-40" /><INIT seed="4,0,0,3,2,100" ten="256,211,287,246" oya="0" hai0="135,106,62,110,68,49,124,50,61,126,101,21,10" hai1="6,71,59,36,90,125,116,24,108,1,77,5,133" hai2="104,128,98,27,28,39,103,30,0,43,55,63,105" hai3="97,64,38,81,20,42,130,51,54,86,16,12,18"/><T127/><D110/><U117/><E71/><V45/><F0/><W123/><G130/><T76/><D76/><U15/><E90/><V44/><F128/><W80/><G123/><T119/><D119/><U8/><E59/><V35/><F30/><W75/><G64/><N who="0" m="40975" /><D135/><U57/><E57/><V93/><REACH who="2" step="1"/><F63/><REACH who="2" ten="256,211,277,246" step="2"/><W9/><G38/><T72/><D62/><U122/><E1/><V79/><F79/><W11/><G75/><T112/><D112/><U91/><E77/><V120/><F120/><W84/><G97/><N who="0" m="61743" /><D72/><U53/><E122/><V69/><F69/><W95/><G84/><T131/><D131/><U92/><E36/><V129/><F129/><W73/><G86/><T31/><D10/><U83/><E8/><V114/><F114/><W113/><G113/><T34/><D21/><U132/><E117/><V82/><F82/><W41/><G73/><T52/><D31/><U32/><E83/><V48/><AGARI ba="0,1" hai="27,28,35,39,43,44,45,48,55,93,98,103,104,105" machi="48" ten="30,12000,2" yaku="1,1,0,1,52,2,53,2" doraHai="100" doraHaiUra="40" who="2" fromWho="2" sc="256,-60,211,-30,277,130,246,-30" /><INIT seed="5,0,0,0,4,57" ten="196,181,407,216" oya="1" hai0="27,77,101,110,106,132,26,118,79,63,130,34,1" hai1="42,4,97,62,6,99,70,116,123,105,103,12,98" hai2="15,66,9,84,11,19,50,127,113,14,129,65,134" hai3="51,56,86,13,85,104,29,119,115,37,133,120,8"/><U80/><E123/><V76/><F113/><W75/><G120/><T28/><D110/><U45/><E116/><V33/><F33/><W38/><G75/><T128/><D118/><U78/><E98/><V47/><F134/><W67/><G104/><T44/><D1/><U30/><E99/><V71/><F129/><N who="0" m="49770" /><D132/><U117/><E117/><V94/><F71/><W121/><G115/><T0/><D0/><U88/><E30/><V18/><F127/><W112/><G37/><T109/><D109/><U87/><E12/><V92/><F92/><W73/><G38/><T64/><D44/><U74/><E70/><V126/><F126/><W35/><G112/><T96/><D27/><U82/><REACH who="1" step="1"/><E62/><REACH who="1" ten="196,171,407,216" step="2"/><V46/><F15/><W36/><G29/><T131/><D131/><U10/><E10/><V21/><F14/><W48/><G13/><T91/><D91/><U24/><E24/><V125/><F11/><W83/><G8/><T124/><D124/><U114/><E114/><V39/><F9/><W69/><G119/><T23/><D23/><U60/><E60/><V122/><F21/><W61/><G61/><T17/><D17/><U58/><E58/><AGARI ba="0,1" hai="26,28,34,58,63,64,77,79,96,101,106" m="49770" machi="58" ten="30,2000,0" yaku="19,1,52,1" doraHai="57" who="0" fromWho="1" sc="196,30,171,-20,407,0,216,0" /><INIT seed="6,0,0,5,5,91" ten="226,151,407,216" oya="2" hai0="23,110,112,125,103,12,78,109,17,113,79,121,27" hai1="38,102,56,66,35,13,75,77,90,11,52,22,114" hai2="82,37,26,60,116,67,119,64,81,70,80,20,101" hai3="135,74,21,51,6,65,59,14,24,47,16,41,129"/><V117/><F37/><W58/><G74/><T46/><D103/><U100/><E35/><V104/><F67/><W0/><G129/><T31/><D46/><U89/><E38/><V48/><F48/><W8/><G135/><T127/><D79/><U61/><E114/><N who="0" m="44137" /><D78/><U30/><E77/><V95/><F104/><W83/><G65/><T92/><D92/><U131/><E75/><V4/><F4/><W122/><G83/><T57/><D57/><U96/><E131/><V44/><F44/><W111/><G111/><N who="0" m="42507" /><D121/><U29/><E66/><V43/><F43/><W130/><G130/><T28/><D28/><N who="1" m="10859" /><E22/><AGARI ba="0,0" hai="12,17,22,23,27,31,125,127" m="42507,44137" machi="22" ten="30,3900,0" yaku="15,1,34,2" doraHai="91" who="0" fromWho="1" sc="226,39,151,-39,407,0,216,0" /><INIT seed="7,0,0,1,1,66" ten="265,112,407,216" oya="3" hai0="8,122,97,60,106,10,59,135,6,20,9,110,2" hai1="101,116,125,16,129,119,75,25,132,130,131,73,108" hai2="87,65,94,49,68,12,100,126,90,52,45,84,51" hai3="105,134,64,54,69,76,115,80,11,92,22,127,57"/><W67/><G105/><T117/><D110/><U35/><E108/><V28/><F126/><W79/><G115/><T43/><D135/><U4/><E101/><V40/><F28/><W44/><G44/><T91/><D43/><U32/><E75/><V58/><F100/><W82/><G92/><T47/><D47/><U41/><E73/><V27/><F27/><W88/><G88/><T26/><D117/><N who="1" m="45131" /><E41/><V89/><F12/><W53/><G22/><T85/><D122/><U29/><E125/><V102/><F102/><W74/><G11/><T15/><D2/><U86/><E86/><V96/><F90/><W18/><G76/><T61/><D97/><U93/><E93/><V19/><F19/><W21/><G18/><N who="0" m="12567" /><D106/><U121/><E121/><V104/><F104/><W13/><G79/><T70/><D70/><U5/><E132/><V14/><F14/><W37/><G134/><T112/><D112/><U62/><E62/><N who="0" m="24169" /><D59/><U128/><N who="1" m="32768" /><DORA hai="95" /><U24/><E16/><V46/><F68/><W124/><G69/><T98/><D98/><U114/><E114/><V36/><F65/><W77/><G64/><T31/><D31/><AGARI ba="0,0" hai="4,5,24,25,29,31,32,35" m="32768,45131" machi="31" ten="60,8000,1" yaku="12,1,19,1,34,2" doraHai="66,95" who="1" fromWho="0" sc="265,-80,112,80,407,0,216,0" owari="185,-31.0,192,-21.0,407,50.0,216,2.0" /></mjloggm>