<mjloggm ver="2.3"><GO type="169" lobby="0"/><UN n0="%E3%82%A6%E3%83%AB%E3%83%88%E3%83%A9%E7%AB%8B%E7%9B%B4" n1="%63%6F%61" n2="%E3%83%92%E3%83%A8%E3%82%B3%E3%81%AE%E6%A5%B5%E3%81%BF" n3="%E3%83%95%E3%83%AA%E3%83%86%E3%83%B3" dan="18,17,16,19" rate="2220.19,2164.71,2113.36,2227.77" sx="M,M,M,M"/><TAIKYOKU oya="0"/><INIT seed="0,0,0,5,1,58" ten="250,250,250,250" oya="0" hai0="4,63,125,31,46,59,108,40,18,24,122,104,123" hai1="41,25,28,3,95,76,132,84,130,101,44,45,1" hai2="131,128,68,21,16,14,49,110,100,64,35,29,27" hai3="102,109,0,53,50,30,26,20,82,94,106,81,126"/><T89/><D125/><U39/><E130/><N who="2" m="49707" /><F100/><W55/><G109/><T121/><D108/><U77/><E132/><V69/><F110/><W56/><G0/><T22/><D104/><U5/><E45/><V107/><F107/><W93/><G106/><T133/><D133/><U96/><E84/><V23/><F49/><W103/><G126/><T98/><D4/><U37/><E37/><V70/><F35/><W120/><G103/><T54/><D31/><U9/><REACH who="1" step="1"/><E3/><REACH who="1" ten="250,240,250,250" step="2"/><V66/><AGARI ba="0,1" hai="14,16,21,23,27,29,64,66,68,69,70" m="49707" machi="66" ten="40,2700,0" yaku="19,1,54,1" doraHai="58" who="2" fromWho="2" sc="250,-13,240,-7,250,37,250,-7" /><INIT seed="1,0,0,1,1,35" ten="237,233,287,243" oya="1" hai0="32,66,90,30,93,81,87,68,60,38,96,113,86" hai1="100,29,114,20,27,12,124,13,110,133,120,11,51" hai2="73,5,116,0,8,21,92,50,34,121,101,111,57" hai3="72,126,39,64,1,99,26,122,91,84,128,75,104"/><U6/><E114/><V95/><F73/><W22/><G122/><T71/><D113/><U2/><E100/><V70/><F70/><W48/><G39/><T65/><D38/><U94/><E120/><V102/><F34/><W132/><G64/><T67/><D32/><U106/><E106/><V59/><F121/><W85/><G132/><T80/><D30/><U55/><E133/><V54/><F116/><W43/><G85/><T25/><D25/><U45/><E124/><V14/><F59/><W135/><G128/><T40/><D40/><U52/><E110/><V115/><F111/><W49/><G126/><T130/><D130/><U127/><E127/><V17/><REACH who="2" step="1"/><F115/><REACH who="2" ten="237,233,277,243" step="2"/><W125/><G75/><T78/><REACH who="0" step="1"/><D71/><REACH who="0" ten="227,233,277,243" step="2"/><U56/><REACH who="1" step="1"/><E94/><AGARI ba="0,2" hai="0,5,8,14,17,21,50,54,57,92,94,95,101,102" machi="94" ten="40,8000,1" yaku="1,1,2,1,52,1,53,1" doraHai="35" doraHaiUra="7" who="2" fromWho="1" sc="227,0,233,-80,277,100,243,0" /><INIT seed="2,0,0,4,0,82" ten="227,153,377,243" oya="2" hai0="130,134,122,75,10,76,99,132,5,131,48,19,74" hai1="64,36,73,126,51,44,119,71,47,24,70,110,9" hai2="106,109,84,123,69,63,66,25,6,120,87,20,124" hai3="21,13,60,112,49,107,104,28,77,94,98,17,86"/><V125/><F106/><W85/><G112/><T135/><D122/><U42/><E73/><V58/><F6/><W129/><G129/><N who="0" m="49163" /><D19/><U22/><E119/><V133/><F69/><W111/><G111/><T52/><D99/><U12/><E110/><V55/><F55/><W33/><G77/><T115/><D76/><U0/><E0/><V81/><F81/><W59/><G107/><T29/><D29/><U113/><E113/><V68/><F68/><W35/><G104/><T62/><D62/><U93/><E126/><N who="2" m="48747" /><F109/><W37/><G60/><T53/><D115/><U100/><E64/><V108/><F133/><W3/><G3/><N who="0" m="319" /><D53/><U16/><E100/><V67/><F67/><W121/><G121/><N who="2" m="46665" /><F108/><W41/><G41/><T34/><D34/><U57/><E57/><AGARI ba="0,0" hai="48,52,57,74,75,132,134,135" m="319,49163" machi="57" ten="40,5200,0" yaku="20,1,19,1,54,1" doraHai="82" who="0" fromWho="1" sc="227,52,153,-52,377,0,243,0" /><INIT seed="3,0,0,1,2,130" ten="279,101,377,243" oya="3" hai0="134,0,8,133,77,84,23,73,32,62,4,125,54" hai1="78,55,60,91,116,38,85,5,34,14,98,29,111" hai2="122,45,113,124,47,22,128,99,101,26,27,18,1" hai3="50,39,117,118,7,89,58,115,106,70,35,61,46"/><W80/><G35/><T96/><D32/><U57/><E116/><V108/><F113/><W110/><G106/><T126/><D73/><U31/><E111/><V71/><F71/><W44/><G7/><T68/><D96/><U16/><E38/><V9/><F108/><W28/><G28/><T95/><D23/><U86/><E34/><V82/><F82/><W65/><G110/><T11/><D11/><U104/><E104/><V105/><F128/><W63/><G89/><N who="0" m="53671" /><D77/><U24/><E5/><V129/><F129/><W97/><G97/><T48/><D62/><U93/><E78/><V42/><F124/><N who="0" m="47722" /><D68/><U13/><E13/><V51/><F122/><W52/><G115/><T3/><D3/><U36/><E36/><V37/><F9/><W30/><G30/><T40/><D40/><U21/><REACH who="1" step="1"/><E31/><REACH who="1" ten="279,91,377,243" step="2"/><V43/><F1/><W15/><G15/><AGARI ba="0,1" hai="15,18,22,26,27,37,42,43,45,47,51,99,101,105" machi="15" ten="30,1000,0" yaku="7,1" doraHai="130" who="2" fromWho="3" sc="279,0,91,0,377,20,243,-10" /><INIT seed="4,0,0,4,4,67" ten="279,91,397,233" oya="0" hai0="74,9,30,6,66,59,37,7,98,11,125,105,97" hai1="57,73,2,33,60,28,51,41,54,69,135,36,12" hai2="133,38,123,35,120,71,75,117,45,82,83,108,129" hai3="16,113,100,0,43,81,4,103,122,13,119,29,23"/><T76/><D37/><U121/><E2/><V89/><RYUUKYOKU type="yao9" ba="0,0" sc="279,0,91,0,397,0,233,0" hai2="35,38,45,71,75,82,83,89,108,117,120,123,129,133" /><INIT seed="4,1,0,4,0,135" ten="279,91,397,233" oya="0" hai0="82,5,115,109,89,23,31,88,81,35,110,0,15" hai1="20,52,68,21,6,125,60,56,80,58,32,27,26" hai2="65,120,51,75,102,134,79,28,30,73,49,132,112" hai3="8,63,62,17,22,90,128,39,99,43,105,38,117"/><T61/><D115/><U76/><E68/><V129/><F120/><W126/><G117/><T4/><D35/><U2/><E32/><V9/><F9/><W85/><G8/><T131/><D131/><U13/><E2/><V130/><F112/><W24/><G128/><T55/><D0/><U97/><E97/><V104/><F102/><W72/><G72/><T74/><D61/><U1/><E1/><V98/><F98/><W10/><G10/><T114/><D55/><U12/><E6/><V103/><F103/><W67/><G99/><T108/><D114/><U59/><E125/><V124/><F65/><W36/><G105/><T101/><D101/><U37/><E37/><V14/><F14/><W127/><G43/><T78/><D82/><U44/><E44/><V11/><F11/><W46/><G46/><T95/><D95/><U71/><E71/><V119/><F79/><W47/><G47/><T33/><D33/><U57/><E26/><V16/><F16/><W29/><G29/><T121/><D121/><U111/><E111/><V106/><F119/><W123/><G123/><T133/><D133/><U87/><REACH who="1" step="1"/><E21/><REACH who="1" ten="279,81,397,233" step="2"/><V77/><F124/><N who="3" m="47659" /><G67/><T64/><D64/><U19/><AGARI ba="1,1" hai="12,13,19,20,27,52,56,57,58,59,60,76,80,87" machi="19" ten="30,16000,3" yaku="1,1,0,1,8,1,54,1,53,4" doraHai="135" doraHaiUra="53" who="1" fromWho="1" sc="279,-81,81,173,397,-41,233,-41" /><INIT seed="5,0,0,0,2,94" ten="198,254,356,192" oya="1" hai0="92,84,45,35,134,12,132,33,51,68,67,86,62" hai1="89,129,19,99,47,49,64,59,104,75,5,50,44" hai2="65,6,82,2,91,46,112,101,39,24,57,123,103" hai3="18,16,70,40,133,11,56,53,32,10,81,54,125"/><U96/><E75/><V110/><F110/><W116/><G70/><T124/><D12/><U14/><E129/><V3/><F123/><W83/><G32/><N who="0" m="12363" /><D92/><U95/><E5/><V55/><F24/><W90/><G116/><T74/><D74/><U115/><E115/><V13/><F13/><W26/><G40/><N who="0" m="24999" /><D124/><U106/><E106/><V127/><F127/><W21/><G125/><T22/><D22/><U7/><E7/><V119/><F119/><W30/><G30/><T27/><D27/><U20/><E64/><V60/><F112/><W102/><G102/><T77/><D77/><U72/><E72/><V121/><F6/><W117/><G117/><T69/><D69/><U52/><REACH who="1" step="1"/><E50/><REACH who="1" ten="198,244,356,192" step="2"/><N who="2" m="29143" /><F65/><W80/><G18/><T63/><D63/><U71/><E71/><V76/><F121/><W43/><G16/><T17/><D17/><U1/><E1/><V105/><F3/><W126/><G126/><T113/><D113/><U109/><E109/><V61/><F2/><W34/><G26/><T135/><AGARI ba="0,1" hai="62,67,68,84,86,132,134,135" m="24999,12363" machi="135" ten="40,1500,0" yaku="20,1" doraHai="94" who="0" fromWho="0" sc="198,25,244,-7,356,-4,192,-4" /><INIT seed="6,0,0,5,1,35" ten="223,237,352,188" oya="2" hai0="75,22,57,15,21,93,11,80,84,73,91,87,130" hai1="82,2,111,90,48,123,76,135,86,53,41,58,71" hai2="23,69,37,34,115,97,125,42,114,78,121,56,131" hai3="13,83,96,81,46,79,30,40,50,127,28,103,64"/><V124/><F34/><W39/><G127/><N who="2" m="48713" /><F69/><W18/><G39/><T108/><D108/><U89/><E71/><V19/><F121/><W14/><G64/><T0/><D130/><U66/><E2/><V17/><F131/><W5/><G14/><T9/><D57/><U44/><E111/><V51/><F78/><W33/><G33/><T113/><D113/><N who="2" m="43018" /><F97/><W101/><G5/><T59/><D59/><U134/><E66/><V104/><F104/><W88/><G103/><T43/><D43/><U85/><E123/><V120/><F120/><W132/><G132/><N who="1" m="50730" /><E85/><V92/><F92/><W20/><G83/><T112/><D112/><U7/><E7/><V24/><F37/><AGARI ba="0,0" hai="37,41,44,48,53,58,76,82,86,89,90" m="50730" machi="37" ten="30,1000,0" yaku="20,1" doraHai="35" who="1" fromWho="2" sc="223,0,237,10,352,-10,188,0" /><INIT seed="7,0,0,3,2,96" ten="223,247,342,188" oya="3" hai0="132,20,130,100,135,43,74,115,62,85,32,12,65" hai1="78,6,75,114,55,63,26,39,111,30,73,60,82" hai2="11,10,44,5,23,37,35,2,105,50,103,104,8" hai3="101,87,97,117,94,49,14,83,84,17,61,34,98"/><W122/><G117/><T59/><D32/><U51/><E111/><V106/><F37/><W52/><G122/><T125/><D74/><U27/><E39/><V18/><F35/><W91/><G34/><T112/><D130/><U0/><E114/><N who="0" m="43561" /><D125/><U92/><E75/><V24/><REACH who="2" step="1"/><F103/><REACH who="2" ten="223,247,332,188" step="2"/><W109/><G109/><T134/><D100/><U95/><E30/><V93/><F93/><N who="3" m="56511" /><G83/><T36/><D135/><U25/><E82/><V116/><F116/><W31/><G31/><T81/><D134/><U77/><E92/><V66/><F66/><W16/><G61/><T76/><D132/><U71/><E95/><V53/><AGARI ba="0,1" hai="2,5,8,10,11,18,23,24,44,50,53,104,105,106" machi="53" ten="30,4000,0" yaku="1,1,0,1,53,1" doraHai="96" doraHaiUra="33" who="2" fromWho="2" sc="223,-10,247,-10,332,50,188,-20" owari="213,-19.0,237,4.0,382,48.0,168,-33.0" /></mjloggm>