<mjloggm ver="2.3"><GO type="169" lobby="0"/><UN n0="%E3%83%84%E3%83%AC%E3%82%AA" n1="%E3%81%8A%E3%81%98%E3%81%95%E3%82%93" n2="%6B%61%67%65%73%68%69%6E" n3="%E3%83%88%E3%83%88%E3%83%AA%E5%85%88%E7%94%9F%31%39%E6%AD%B3" dan="17,17,16,19" rate="2207.53,2192.11,2047.27,2329.49" sx="M,M,M,F"/><TAIKYOKU oya="0"/><INIT seed="0,0,0,3,4,108" ten="250,250,250,250" oya="0" hai0="63,86,48,134,127,72,54,89,5,67,37,102,30" hai1="109,56,3,43,8,21,84,59,0,68,118,12,114" hai2="33,4,73,113,46,69,53,52,27,11,123,16,60" hai3="88,24,9,81,124,76,20,26,57,116,115,79,41"/><T70/><D134/><U66/><E118/><V91/><F123/><W14/><G116/><T18/><D127/><U106/><E106/><V44/><F73/><W98/><G124/><T87/><D72/><U111/><E68/><V77/><F77/><W85/><G115/><T94/><D37/><U129/><E129/><V50/><F113/><W126/><G126/><T122/><D122/><U125/><E125/><V80/><F69/><W35/><G35/><T100/><D5/><U97/><E97/><V83/><F91/><W120/><G120/><T51/><D30/><U92/><E21/><N who="2" m="13735" /><F33/><W13/><G41/><T36/><D36/><U64/><E43/><V99/><F99/><W119/><G119/><T74/><D74/><U49/><E0/><V65/><F65/><W2/><G2/><T28/><D28/><U39/><E39/><V133/><F133/><W90/><G57/><T121/><D121/><U17/><E59/><N who="2" m="34919" /><F46/><W105/><G105/><T128/><D128/><U38/><E3/><V130/><F130/><W25/><G90/><T42/><D42/><U132/><E38/><V71/><F71/><W40/><G40/><T103/><D87/><U75/><E75/><V96/><F96/><W23/><G98/><T110/><D70/><U29/><E132/><V107/><F107/><W112/><G112/><T22/><D67/><N who="1" m="25643" /><E114/><V95/><F95/><W31/><G31/><T15/><D110/><N who="1" m="41995" /><E29/><V10/><F4/><N who="3" m="3239" /><G23/><T55/><D55/><N who="1" m="31855" /><E92/><V6/><F6/><W34/><G34/><T45/><D45/><U32/><E32/><V19/><F10/><W104/><G104/><RYUUKYOKU ba="0,0" sc="250,0,250,0,250,0,250,0" hai0="15,18,22,48,51,54,63,86,89,94,100,102,103" hai1="8,12,17,84" hai2="11,19,44,50,53,80,83" hai3="14,20,24,25,26,76,79,81,85,88" /><INIT seed="0,1,0,2,1,44" ten="250,250,250,250" oya="0" hai0="80,94,16,56,67,0,8,11,81,130,20,10,54" hai1="115,74,23,87,86,9,15,102,38,60,52,103,57" hai2="79,97,96,33,111,26,72,85,40,63,93,98,27" hai3="123,132,42,125,12,69,77,110,75,19,55,47,135"/><T131/><D0/><U6/><E74/><V109/><F40/><W37/><G69/><T61/><D94/><U100/><E38/><V32/><F72/><W116/><G116/><T126/><D126/><U5/><E115/><V51/><F63/><W68/><G68/><T95/><D95/><U66/><E5/><V36/><F36/><W104/><G104/><T114/><D114/><U13/><E66/><V107/><F107/><W88/><G110/><N who="2" m="41993" /><F51/><N who="3" m="29183" /><G77/><T59/><D130/><U133/><REACH who="1" step="1"/><E133/><REACH who="1" ten="250,240,250,250" step="2"/><N who="3" m="51274" /><G75/><T17/><D131/><U101/><N who="1" m="25600" /><DORA hai="84" /><U82/><E82/><N who="2" m="47327" /><F93/><W108/><G108/><T25/><REACH who="0" step="1"/><D17/><AGARI ba="1,1" hai="6,9,13,15,17,23,52,57,60,86,87" m="25600" machi="17" ten="50,8000,1" yaku="1,1,8,1,54,1,53,1" doraHai="44,84" doraHaiUra="71,49" who="1" fromWho="0" sc="250,-83,240,93,250,0,250,0" /><INIT seed="1,0,0,4,0,7" ten="167,333,250,250" oya="1" hai0="35,68,111,36,75,32,100,8,135,1,124,94,95" hai1="116,88,24,45,109,66,114,57,48,42,18,134,90" hai2="33,80,47,3,92,61,52,44,106,91,82,71,113" hai3="62,6,86,84,38,37,31,19,46,20,99,67,129"/><U29/><E114/><V49/><F106/><W127/><G129/><T133/><D111/><U72/><E116/><V97/><F113/><W58/><G127/><T17/><D124/><U12/><E72/><V56/><F33/><W41/><G37/><T108/><D108/><U27/><E109/><V78/><F3/><W104/><G31/><T64/><D75/><U85/><E134/><N who="0" m="51209" /><D36/><U103/><E103/><V77/><F71/><W110/><G110/><T26/><D100/><U112/><E112/><V16/><F16/><W59/><G104/><T14/><D1/><U4/><E4/><V102/><F102/><W107/><G99/><T23/><D64/><U126/><E126/><V53/><REACH who="2" step="1"/><F44/><REACH who="2" ten="167,333,240,250" step="2"/><W96/><G107/><T28/><D68/><U76/><E29/><V5/><F5/><W63/><G6/><N who="0" m="3351" /><D35/><U40/><E27/><AGARI ba="0,1" hai="17,23,26,27,28,32,94,95" m="3351,51209" machi="27" ten="30,2000,0" yaku="20,1,52,1" doraHai="7" who="0" fromWho="1" sc="167,30,333,-20,240,0,250,0" /><INIT seed="2,0,0,0,2,17" ten="197,313,240,250" oya="2" hai0="71,49,125,64,73,129,119,90,16,79,81,56,31" hai1="97,32,69,132,82,57,62,30,94,6,34,101,67" hai2="113,80,130,127,36,128,21,50,115,52,103,24,27" hai3="60,86,37,126,110,65,133,54,108,93,13,22,117"/><V70/><F70/><W124/><G117/><T11/><D119/><U15/><E132/><V78/><F36/><W84/><G37/><T107/><D107/><U2/><E2/><V68/><F68/><W121/><G121/><T23/><D129/><N who="2" m="49770" /><F103/><W0/><G133/><T8/><D125/><N who="3" m="48233" /><G0/><T112/><D31/><U95/><E30/><N who="2" m="17679" /><F27/><W45/><G54/><T29/><D29/><U48/><E34/><V123/><F123/><W77/><G45/><T122/><D112/><U109/><E32/><V116/><F116/><W18/><G77/><T41/><D122/><U111/><E69/><V58/><F127/><W10/><G93/><T53/><D41/><U131/><E95/><V102/><F102/><W91/><G91/><T118/><D118/><U89/><E131/><V39/><F39/><W83/><G22/><T99/><D99/><U35/><E35/><V5/><F5/><W14/><G14/><T104/><D104/><U43/><E15/><V40/><F40/><W19/><G19/><T4/><D4/><U20/><E6/><V3/><F3/><W9/><G9/><T46/><D90/><U76/><E20/><V87/><AGARI ba="0,0" hai="50,52,58,78,80,87,113,115" m="17679,49770" machi="87" ten="30,6000,0" yaku="19,1,52,1,54,1" doraHai="17" who="2" fromWho="2" sc="197,-20,313,-20,240,60,250,-20" /><INIT seed="2,1,0,2,2,86" ten="177,293,300,230" oya="2" hai0="45,89,63,101,129,61,34,130,65,85,35,96,102" hai1="117,40,56,22,114,52,84,118,77,122,7,123,17" hai2="26,135,51,54,78,20,74,106,49,9,100,24,31" hai3="38,30,16,113,29,90,67,27,18,8,59,39,132"/><V88/><F135/><W95/><G132/><T21/><D61/><U75/><E75/><V37/><F37/><W81/><G113/><T105/><D101/><U32/><E32/><V87/><F9/><W2/><G81/><T107/><D107/><U46/><E114/><V112/><F112/><W134/><G134/><T119/><D119/><U104/><E104/><V126/><F126/><W13/><G2/><T10/><D10/><U97/><E7/><V64/><F64/><W109/><G109/><T33/><D21/><U42/><E97/><N who="2" m="61711" /><F26/><W98/><G38/><T28/><D45/><U68/><E68/><V79/><F79/><W124/><G39/><T103/><D103/><U70/><E70/><V76/><F76/><W15/><G124/><T83/><REACH who="0" step="1"/><D28/><REACH who="0" ten="167,293,300,230" step="2"/><U80/><E117/><V25/><F20/><N who="3" m="13703" /><G15/><T66/><D66/><U116/><E116/><V82/><F31/><W133/><G133/><T60/><D60/><AGARI ba="1,1" hai="8,13,18,29,30,59,60,67,90,95,98" m="13703" machi="60" ten="30,3900,0" yaku="8,1,52,1,54,1" doraHai="86" who="3" fromWho="0" sc="167,-42,293,0,300,0,230,52" /><INIT seed="3,0,0,1,3,52" ten="125,293,300,282" oya="3" hai0="54,48,61,69,127,8,125,22,78,123,46,92,68" hai1="88,110,7,59,133,129,107,97,17,116,40,49,28" hai2="30,63,108,4,21,77,51,101,95,12,33,76,41" hai3="91,2,104,90,42,84,35,134,82,11,45,130,15"/><W128/><G35/><T115/><D123/><U124/><E110/><V81/><F108/><W87/><G2/><T121/><D121/><U89/><E28/><V118/><F118/><W58/><G104/><T50/><D78/><U65/><E7/><V18/><F4/><W23/><G23/><T20/><D115/><U29/><E29/><V111/><F111/><W39/><G134/><T67/><D69/><U27/><E124/><N who="0" m="47689" /><D8/><U114/><E129/><V14/><F14/><W73/><G73/><T85/><D50/><U94/><E107/><V132/><F132/><W99/><G99/><T53/><D53/><N who="1" m="32175" /><E114/><V72/><F76/><W109/><G109/><T131/><D131/><U31/><E133/><V62/><F101/><W66/><G66/><T44/><D46/><U112/><E112/><V103/><F41/><W13/><G13/><T79/><D79/><U38/><E65/><V1/><F1/><W120/><G58/><T96/><D85/><U83/><E116/><V36/><F36/><W93/><REACH who="3" step="1"/><G120/><REACH who="3" ten="125,293,300,272" step="2"/><T75/><D75/><U80/><E97/><V6/><F33/><W106/><G106/><T57/><D68/><U10/><E10/><V86/><F72/><W102/><G102/><AGARI ba="0,1" hai="20,22,44,48,54,57,61,67,92,96,102" m="47689" machi="102" ten="30,2000,0" yaku="18,1,52,1" doraHai="52" who="0" fromWho="3" sc="125,30,293,0,300,0,272,-20" /><INIT seed="4,0,0,3,1,115" ten="155,293,300,252" oya="0" hai0="2,129,90,40,109,20,112,94,107,49,15,48,45" hai1="128,101,63,34,131,74,33,62,130,89,81,8,78" hai2="51,52,22,32,53,18,17,28,7,46,0,43,59" hai3="55,64,30,5,93,88,56,76,57,50,85,82,111"/><T119/><D2/><U29/><E101/><V126/><F126/><W103/><G111/><T77/><D112/><U9/><E89/><V97/><F32/><N who="1" m="12393" /><E29/><V4/><F28/><W37/><G37/><T123/><D123/><U92/><E92/><V27/><F17/><W35/><G103/><T75/><D107/><U38/><E38/><V113/><F113/><W47/><G64/><T21/><D109/><U105/><E105/><V70/><F70/><W65/><G65/><T24/><D129/><U134/><E134/><V91/><F0/><W60/><G60/><AGARI ba="0,0" hai="8,9,60,62,63,74,78,81,128,130,131" m="12393" machi="60" ten="40,1300,0" yaku="19,1" doraHai="115" who="1" fromWho="3" sc="155,0,293,13,300,0,252,-13" /><INIT seed="5,0,0,4,3,117" ten="155,306,300,239" oya="1" hai0="98,0,75,81,71,100,58,112,36,17,25,44,16" hai1="41,113,57,130,55,95,89,69,31,127,92,29,59" hai2="15,83,23,46,121,6,4,99,39,2,96,38,49" hai3="119,52,70,129,133,62,111,106,116,120,131,94,128"/><U26/><E69/><V124/><F121/><W48/><G106/><T12/><D71/><U135/><E113/><V11/><F124/><W1/><G1/><T72/><D0/><U78/><E127/><V126/><F126/><W115/><G94/><T60/><D112/><U54/><E78/><V45/><F83/><W132/><G115/><T102/><D102/><U61/><E130/><V68/><F68/><W9/><G9/><T122/><D81/><U93/><E41/><V82/><F82/><W20/><G20/><T50/><D36/><U110/><E110/><V14/><F2/><W74/><G74/><T86/><D86/><U34/><E31/><V123/><F123/><W66/><G120/><T27/><D122/><U134/><REACH who="1" step="1"/><E89/><REACH who="1" ten="155,296,300,239" step="2"/><V101/><F101/><W65/><G111/><T125/><D125/><U90/><E90/><V67/><F38/><W7/><G116/><T53/><D72/><U22/><E22/><V32/><F32/><W76/><G119/><T103/><D75/><U30/><E30/><V35/><F35/><W118/><G76/><T5/><D103/><U73/><E73/><V21/><F39/><W10/><G118/><T97/><D100/><U63/><AGARI ba="0,1" hai="26,29,34,54,55,57,59,61,63,92,93,95,134,135" machi="63" ten="30,6000,0" yaku="1,1,0,1,9,1,53,0" doraHai="117" doraHaiUra="84" who="1" fromWho="1" sc="155,-20,296,70,300,-20,239,-20" /><INIT seed="5,1,0,1,1,58" ten="135,366,280,219" oya="1" hai0="12,47,78,108,96,82,18,97,52,75,101,74,25" hai1="59,113,8,117,29,37,104,84,57,93,119,107,129" hai2="34,46,51,135,90,103,70,2,1,33,63,94,43" hai3="38,114,100,125,124,111,6,10,132,28,7,71,19"/><U62/><E59/><V91/><F103/><W69/><G111/><T44/><D108/><U36/><E36/><V112/><F135/><W56/><G38/><T14/><D75/><U79/><E37/><V41/><F112/><W24/><G114/><T66/><D66/><U76/><E113/><V102/><F102/><W55/><G132/><T3/><D3/><U88/><E107/><V105/><F105/><W39/><G39/><T22/><D96/><U32/><E104/><V131/><F131/><W26/><G100/><T42/><D42/><U95/><E95/><V68/><F94/><W89/><G89/><T87/><D74/><U13/><E129/><V92/><F92/><W49/><G19/><T27/><D44/><U110/><E110/><V128/><F46/><W127/><G7/><T80/><D80/><U21/><E32/><V98/><F51/><W40/><G40/><T86/><D86/><U99/><E84/><V118/><F128/><W73/><G73/><T72/><D72/><U60/><E119/><V65/><F65/><W109/><G109/><T106/><REACH who="0" step="1"/><D12/><REACH who="0" ten="125,366,280,219" step="2"/><U15/><E15/><V45/><F45/><W54/><G124/><T5/><D5/><U61/><E117/><V23/><F118/><W81/><G81/><T116/><D116/><U121/><E13/><V126/><F98/><W85/><G85/><T17/><D17/><U115/><E99/><V31/><F126/><W16/><G127/><T83/><D83/><U120/><E115/><V11/><F1/><W53/><G125/><T77/><D77/><U130/><E79/><V134/><F2/><RYUUKYOKU ba="1,1" sc="125,30,366,-10,280,-10,219,-10" hai0="14,18,22,25,27,47,52,78,82,87,97,101,106" /><INIT seed="6,2,1,3,2,43" ten="155,356,270,209" oya="2" hai0="95,101,36,92,124,9,46,25,123,97,5,44,88" hai1="133,19,84,106,33,59,99,16,89,126,94,42,39" hai2="131,102,107,120,125,82,108,76,121,60,110,62,49" hai3="118,20,75,70,86,115,109,91,29,54,72,45,31"/><V15/><F15/><W68/><G109/><N who="2" m="42089" /><F49/><N who="3" m="28975" /><G72/><T105/><D123/><N who="2" m="47178" /><F60/><W22/><G75/><T64/><D124/><U128/><E126/><V98/><F62/><W65/><G118/><T111/><D111/><U104/><E33/><V11/><F11/><W40/><G115/><T134/><D36/><U81/><E42/><V117/><F125/><W37/><G68/><T78/><D78/><U35/><E39/><V12/><F12/><W79/><G79/><T90/><D64/><U112/><E35/><V74/><F131/><W96/><G96/><T73/><D73/><U57/><E128/><V13/><F13/><W34/><G34/><T38/><D38/><U87/><E112/><V63/><F63/><W14/><G70/><T119/><D119/><AGARI ba="2,1" hai="74,76,82,98,102,107,117,119" m="47178,42089" machi="119" ten="30,11600,0" yaku="10,1,23,1,34,2" doraHai="43" who="2" fromWho="0" sc="155,-122,356,0,270,132,209,0" /><INIT seed="6,3,0,5,2,64" ten="33,356,402,209" oya="2" hai0="25,63,103,92,119,35,57,40,22,0,51,76,110" hai1="1,116,28,11,85,59,86,19,14,81,112,113,98" hai2="89,117,4,18,10,8,12,68,37,128,36,52,122" hai3="72,60,2,129,53,71,67,62,135,6,23,102,126"/><V27/><F122/><W77/><G129/><T131/><D110/><U75/><E116/><V78/><F117/><W70/><G135/><T88/><D119/><U91/><E28/><V101/><F128/><W41/><G126/><T29/><D131/><U30/><E30/><V24/><F78/><W55/><G41/><T104/><D0/><U127/><E127/><V58/><F101/><W39/><G39/><T132/><D132/><U13/><E1/><V105/><F105/><W95/><G23/><T121/><D121/><U106/><E59/><V125/><F125/><W114/><G114/><N who="1" m="44138" /><E75/><V3/><F68/><W109/><G109/><T80/><D35/><U61/><E61/><V34/><F34/><W17/><G17/><T42/><D51/><U38/><E38/><V15/><F36/><W50/><G50/><T54/><D104/><U69/><E69/><V83/><F37/><W47/><G47/><T44/><D44/><U134/><E134/><V43/><F43/><W82/><G6/><T31/><D103/><N who="1" m="62839" /><E86/><N who="2" m="50399" /><F3/><W120/><G2/><T94/><D31/><U56/><E56/><V84/><F84/><W93/><G120/><T32/><D32/><U111/><E111/><V123/><F123/><W118/><G118/><T97/><REACH who="0" step="1"/><D94/><REACH who="0" ten="23,356,402,209" step="2"/><U96/><E81/><V73/><F73/><AGARI ba="3,1" hai="22,25,29,40,42,54,57,63,73,76,80,88,92,97" machi="73" ten="30,7700,0" yaku="1,1,2,1,7,1,54,1,53,0" doraHai="64" doraHaiUra="65" who="0" fromWho="2" sc="23,96,356,0,402,-86,209,0" /><INIT seed="7,0,0,5,1,28" ten="119,356,316,209" oya="3" hai0="69,101,1,36,117,133,6,37,90,5,18,51,65" hai1="44,77,30,60,83,79,126,128,129,35,16,103,39" hai2="20,17,66,68,3,93,118,31,99,53,54,125,22" hai3="95,94,59,55,57,4,33,13,41,109,111,85,131"/><W42/><G131/><N who="1" m="50250" /><E126/><V70/><F118/><W10/><G33/><T110/><D117/><U26/><E103/><V63/><F3/><W9/><G9/><T7/><D110/><N who="3" m="41993" /><G59/><T56/><D1/><U75/><E79/><V91/><F125/><W62/><G85/><T88/><D133/><U8/><E60/><V130/><F130/><W29/><G29/><T38/><D101/><U132/><E132/><V73/><F73/><W67/><G55/><T61/><REACH who="0" step="1"/><D18/><REACH who="0" ten="109,356,316,209" step="2"/><U50/><E16/><V45/><F70/><W0/><G0/><T82/><D82/><U124/><E124/><V98/><F45/><W121/><G121/><T76/><D76/><U81/><E81/><V14/><REACH who="2" step="1"/><F99/><REACH who="2" ten="109,356,306,209" step="2"/><W19/><G19/><T96/><D96/><U34/><E44/><V120/><F120/><W134/><G134/><T102/><D102/><U74/><E74/><V46/><F46/><W80/><G80/><T23/><D23/><U89/><E83/><V78/><F78/><W48/><G94/><T92/><D92/><U114/><E77/><V72/><F72/><W104/><G95/><T40/><D40/><U115/><E75/><V2/><F2/><W49/><G104/><T43/><D43/><AGARI ba="0,2" hai="4,10,13,41,42,43,48,49,57,62,67" m="41993" machi="43" ten="30,1500,0" yaku="10,1" doraHai="28" who="3" fromWho="0" sc="109,-15,356,0,306,0,209,35" /><INIT seed="7,1,0,0,0,38" ten="94,356,306,244" oya="3" hai0="120,12,42,85,16,40,127,52,37,131,53,135,106" hai1="110,76,46,65,0,31,118,111,45,61,72,43,33" hai2="10,81,11,115,8,124,57,55,101,19,80,82,121" hai3="96,32,14,44,99,36,98,74,26,27,49,35,113"/><W126/><G36/><T132/><D120/><U88/><E88/><V97/><F121/><W29/><G74/><T75/><D75/><U108/><E0/><V39/><F115/><W95/><G113/><T93/><D37/><N who="1" m="21743" /><E46/><V18/><F124/><W114/><G126/><T116/><D127/><U90/><E90/><V2/><F39/><W100/><G114/><T50/><D106/><U77/><E77/><V6/><F6/><W129/><G129/><T58/><D131/><U30/><E30/><V123/><F2/><W112/><G112/><T103/><D116/><U104/><E104/><V105/><REACH who="2" step="1"/><F123/><REACH who="2" ten="94,356,296,244" step="2"/><W83/><G83/><T117/><D117/><U28/><E118/><V87/><F87/><W59/><G59/><T64/><D64/><U73/><E65/><V3/><F3/><W130/><G130/><T68/><D68/><U13/><E111/><V5/><F5/><W78/><G78/><T23/><D85/><U60/><E76/><V9/><N who="2" m="2560" /><DORA hai="24" /><V47/><F47/><W89/><G14/><T1/><D1/><U22/><E110/><V102/><F102/><W92/><G98/><T41/><REACH who="0" step="1"/><D53/><REACH who="0" ten="84,356,296,244" step="2"/><U17/><E108/><V51/><AGARI ba="1,2" hai="18,19,51,55,57,80,81,82,97,101,105" m="2560" machi="51" ten="50,8000,1" yaku="1,1,0,1,53,3" doraHai="38,24" doraHaiUra="134,79" who="2" fromWho="2" sc="84,-21,356,-21,296,103,244,-41" owari="63,-44.0,335,14.0,399,50.0,203,-20.0" /></mjloggm>