<mjloggm ver="2.3"><GO type="169" lobby="0"/><UN n0="%74%75%67%61%6D%69" n1="%E3%82%A6%E3%83%AB%E3%83%88%E3%83%A9%E7%AB%8B%E7%9B%B4" n2="%E5%85%83%E6%B0%97%E4%B8%80%E7%99%BA" n3="%E3%81%97%E3%82%81%E3%81%98%E3%82%93" dan="16,18,16,17" rate="2097.95,2214.61,2125.25,2100.54" sx="M,M,F,M"/><TAIKYOKU oya="0"/><INIT seed="0,0,0,5,0,54" ten="250,250,250,250" oya="0" hai0="91,83,97,4,43,130,114,25,79,96,76,39,40" hai1="62,31,111,106,42,89,24,1,100,15,70,66,13" hai2="86,22,104,59,82,109,20,84,74,78,81,92,14" hai3="87,127,0,63,51,11,27,35,123,55,9,18,85"/><T49/><D114/><U28/><E111/><V125/><F104/><W122/><G63/><T30/><D130/><U93/><E1/><V134/><F109/><W2/><G127/><T108/><D108/><U53/><E42/><V8/><F125/><W90/><G35/><T57/><D4/><U10/><E53/><V99/><F134/><W3/><G27/><T23/><D39/><U75/><E75/><V69/><F69/><W17/><G55/><N who="0" m="31983" /><D83/><U112/><E112/><V110/><F110/><W6/><G51/><T72/><D72/><U29/><E106/><V73/><F73/><W88/><G3/><T46/><D91/><U33/><E100/><N who="2" m="60519" /><F74/><W44/><REACH who="3" step="1"/><G6/><REACH who="3" ten="250,250,250,240" step="2"/><T80/><D43/><U119/><E33/><V19/><F59/><W117/><G117/><T126/><D126/><U37/><E119/><V47/><F47/><AGARI ba="0,1" hai="0,2,9,11,17,18,44,47,85,87,88,90,122,123" machi="47" ten="25,6400,0" yaku="1,1,22,2,54,1,53,0" doraHai="54" doraHaiUra="113" who="3" fromWho="2" sc="250,0,250,0,250,-64,240,74" /><INIT seed="1,0,0,1,3,52" ten="250,250,186,314" oya="1" hai0="101,118,87,123,47,96,133,33,23,50,0,129,74" hai1="77,113,99,26,135,3,18,95,29,36,30,131,91" hai2="126,97,86,92,8,121,35,56,59,16,42,2,134" hai3="108,120,72,48,80,51,44,61,119,102,28,125,110"/><U128/><E113/><V13/><F121/><W38/><G120/><T94/><D123/><U43/><E3/><V104/><F35/><W22/><G102/><T60/><D118/><U114/><E114/><V17/><F2/><W64/><G125/><T20/><D0/><U41/><E77/><V9/><F126/><W89/><G28/><N who="1" m="10858" /><E36/><V1/><F134/><W25/><G38/><T32/><D74/><U14/><E26/><V88/><F42/><W67/><G25/><T63/><D133/><U116/><E116/><V117/><F117/><W49/><G72/><T100/><D129/><N who="1" m="49739" /><E135/><V107/><F107/><W71/><G119/><T31/><D32/><U130/><E130/><V122/><F122/><W73/><G73/><T69/><D33/><U24/><E24/><V54/><F54/><W83/><G67/><T93/><D31/><U127/><E127/><V12/><F1/><W103/><G64/><T57/><D69/><U40/><E40/><V21/><F21/><AGARI ba="0,0" hai="14,18,21,41,43,91,95,99" m="49739,10858" machi="21" ten="30,1500,0" yaku="19,1" doraHai="52" who="1" fromWho="2" sc="250,0,250,15,186,-15,314,0" /><INIT seed="1,1,0,1,3,131" ten="250,265,171,314" oya="1" hai0="19,52,59,130,58,92,66,125,12,1,51,75,17" hai1="57,43,89,67,114,124,78,110,98,14,5,63,128" hai2="116,72,86,38,30,134,49,80,121,42,117,22,47" hai3="26,55,25,32,88,37,61,46,15,122,28,113,35"/><U33/><E114/><V9/><F121/><W126/><G126/><T13/><D125/><U76/><E124/><V24/><F72/><W10/><G122/><T135/><D75/><U115/><E115/><V16/><F38/><W96/><G113/><T6/><D130/><U81/><E128/><V65/><F65/><W68/><G37/><T77/><D1/><U7/><E33/><V71/><F71/><W40/><G68/><T20/><D77/><N who="1" m="29803" /><E110/><V106/><F106/><W54/><G61/><T129/><D6/><U103/><E43/><V8/><F134/><W27/><G40/><T123/><D135/><U109/><E109/><V99/><F99/><W112/><G112/><T104/><D104/><U70/><E70/><V93/><F93/><W95/><G46/><T97/><D66/><U62/><E62/><V45/><F45/><W118/><G118/><T91/><D129/><U39/><E39/><V44/><F44/><W50/><G50/><T85/><D123/><U34/><E34/><V90/><REACH who="2" step="1"/><F30/><REACH who="2" ten="250,265,161,314" step="2"/><W79/><G28/><T133/><D133/><U3/><E98/><V119/><AGARI ba="1,1" hai="8,9,16,22,24,42,47,49,80,86,90,116,117,119" machi="119" ten="30,8000,1" yaku="1,1,2,1,0,1,54,1,53,1" doraHai="131" doraHaiUra="21" who="2" fromWho="2" sc="250,-21,265,-41,161,93,314,-21" /><INIT seed="2,0,0,4,2,11" ten="229,224,254,293" oya="2" hai0="16,29,69,128,39,8,86,35,6,126,95,43,135" hai1="106,133,66,131,82,120,79,105,93,98,127,73,0" hai2="81,56,63,24,48,116,55,59,97,3,78,109,36" hai3="31,104,118,87,15,49,119,32,114,113,10,74,28"/><V125/><F116/><N who="3" m="44587" /><G74/><T54/><D69/><U21/><E0/><V33/><F3/><W101/><G87/><T68/><D68/><U94/><E66/><V67/><F36/><W90/><G90/><T123/><D123/><U40/><E40/><V102/><F125/><W26/><G101/><T83/><D126/><U84/><E127/><V17/><F109/><W27/><G104/><N who="1" m="40042" /><E21/><V50/><F33/><N who="3" m="20631" /><G49/><T75/><D75/><U19/><E19/><AGARI ba="0,0" hai="10,15,19,27,31,32,113,114" m="20631,44587" machi="19" ten="30,3900,0" yaku="34,2,52,1" doraHai="11" who="3" fromWho="1" sc="229,0,224,-39,254,0,293,39" /><INIT seed="3,0,0,4,3,117" ten="229,185,254,332" oya="3" hai0="106,104,134,76,83,109,115,6,135,13,41,79,63" hai1="92,42,0,113,95,43,124,40,125,99,94,74,27" hai2="54,70,88,71,96,84,86,81,5,46,28,10,110" hai3="57,23,32,82,62,49,36,60,72,131,19,11,17"/><W121/><G32/><T108/><D41/><U67/><E113/><V120/><F110/><N who="0" m="42602" /><D63/><U35/><E0/><V119/><F119/><W38/><G49/><T68/><D68/><U56/><E74/><V130/><F28/><W65/><G57/><T105/><D13/><U21/><E35/><V15/><F96/><W45/><G11/><T3/><D6/><U29/><E67/><V103/><F103/><W77/><G23/><T22/><D3/><U102/><REACH who="1" step="1"/><E56/><REACH who="1" ten="229,175,254,332" step="2"/><V73/><F73/><W33/><G72/><N who="0" m="43399" /><D115/><U52/><E52/><V48/><F70/><W127/><G65/><T47/><D47/><U2/><E2/><V80/><F71/><W98/><G45/><T111/><D111/><U89/><E89/><V44/><F44/><W114/><G33/><T87/><D22/><U12/><E12/><V18/><F130/><W100/><G131/><T30/><D30/><U112/><E112/><V126/><F126/><AGARI ba="0,1" hai="21,27,29,40,42,43,92,94,95,99,102,124,125,126" machi="126" ten="40,2600,0" yaku="1,1,18,1,53,0" doraHai="117" doraHaiUra="31" who="1" fromWho="2" sc="229,0,175,36,254,-26,332,0" /><INIT seed="4,0,0,3,0,7" ten="229,211,228,332" oya="0" hai0="48,126,20,6,50,124,16,58,102,37,98,17,29" hai1="84,70,38,72,86,120,121,41,65,88,117,55,8" hai2="67,14,71,64,129,54,5,62,61,59,104,85,108" hai3="32,9,110,23,100,25,134,35,69,103,12,106,90"/><T19/><D37/><U10/><E72/><V96/><F108/><W80/><G69/><T87/><D87/><U43/><E55/><V109/><F109/><W107/><G110/><T52/><D6/><U105/><E70/><V15/><F129/><W33/><G134/><T131/><D131/><U125/><E105/><V45/><F85/><W127/><G127/><N who="0" m="48683" /><D29/><U3/><E125/><V118/><F118/><W119/><G119/><T4/><D4/><U112/><E117/><V30/><F30/><W46/><G80/><T74/><D74/><U115/><E38/><V66/><F45/><W92/><G107/><N who="0" m="63959" /><D50/><U49/><E49/><V89/><F15/><AGARI ba="0,0" hai="15,16,17,19,20,48,52,58" m="63959,48683" machi="15" ten="30,5800,0" yaku="18,1,54,2" doraHai="7" who="0" fromWho="2" sc="229,58,211,0,228,-58,332,0" /><INIT seed="4,1,0,3,3,8" ten="287,211,170,332" oya="0" hai0="57,23,131,42,64,126,51,54,130,26,7,50,58" hai1="37,118,83,36,76,116,15,14,73,105,5,75,132" hai2="79,133,60,10,22,48,123,31,81,109,44,135,89" hai3="47,100,134,35,30,19,70,98,92,21,88,104,12"/><T108/><D7/><U20/><E105/><V113/><F109/><W121/><G134/><N who="2" m="51209" /><F123/><W56/><G121/><T122/><D122/><U2/><E132/><V4/><F113/><W117/><G70/><T33/><D33/><U85/><E85/><V13/><F60/><W127/><G127/><T46/><D126/><U45/><E20/><V128/><F128/><N who="0" m="49194" /><D26/><U107/><E107/><V112/><F112/><W102/><G117/><T95/><D95/><U38/><E73/><N who="2" m="43247" /><F89/><W129/><G35/><T99/><D99/><U32/><E32/><V55/><F22/><W66/><G104/><T77/><D77/><U65/><E65/><V114/><F114/><W52/><G66/><T67/><D23/><U53/><E118/><V43/><F31/><W29/><G129/><T61/><D108/><U72/><E116/><V68/><F68/><W82/><G47/><T1/><D1/><U69/><E69/><V94/><F94/><W91/><G30/><T115/><D115/><U28/><E28/><V78/><F78/><W9/><G29/><T18/><D18/><U27/><E72/><V96/><F96/><W11/><G21/><T39/><D67/><U110/><E110/><V119/><F119/><W106/><G106/><T120/><D120/><U90/><E90/><V3/><F3/><W6/><G91/><T0/><D0/><U62/><E27/><V59/><F43/><W125/><G125/><T93/><D93/><U84/><E75/><V40/><F40/><W103/><G82/><T34/><D34/><U101/><E2/><V86/><F86/><W25/><G98/><RYUUKYOKU ba="1,0" sc="287,15,211,-15,170,15,332,-15" hai0="39,42,46,50,51,54,57,58,61,64" hai2="4,10,13,44,48,55,59" /><INIT seed="4,2,0,3,3,50" ten="302,196,185,317" oya="0" hai0="6,102,82,65,86,121,75,115,38,7,33,17,10" hai1="41,47,21,126,46,114,55,110,107,81,1,112,54" hai2="113,117,13,42,92,120,18,58,99,128,69,109,63" hai3="124,85,5,27,56,93,91,101,31,89,59,49,8"/><T116/><D121/><U9/><E107/><V35/><F120/><W34/><G124/><T62/><D116/><U19/><E110/><V15/><F109/><W132/><G132/><T78/><D38/><U68/><E68/><V97/><F35/><W123/><G123/><T74/><D115/><N who="1" m="44075" /><E126/><V45/><F113/><W72/><G72/><T52/><D33/><U73/><E9/><V4/><F69/><W36/><G36/><T103/><D74/><U129/><E1/><V84/><F117/><W95/><G101/><N who="0" m="38411" /><D65/><U67/><E67/><V60/><F128/><W30/><G30/><T127/><D75/><U90/><E129/><V96/><F4/><W80/><G49/><T130/><D130/><U40/><E47/><V98/><F84/><W48/><G48/><T51/><D62/><U133/><E133/><V2/><F2/><W71/><G71/><T125/><D127/><U44/><E46/><V70/><F70/><W122/><G122/><T88/><D125/><U16/><E19/><V37/><F18/><W104/><G104/><T64/><D64/><U24/><E41/><V26/><F60/><W23/><G34/><T43/><D43/><U100/><E100/><V94/><N who="2" m="24576" /><DORA hai="87" /><V79/><F63/><W131/><G131/><T77/><D17/><U32/><E32/><V22/><F58/><W25/><G5/><N who="0" m="1547" /><D10/><U108/><E108/><V134/><F134/><W53/><G8/><T118/><D118/><U105/><E105/><V14/><F37/><W57/><G31/><T29/><D29/><U11/><E73/><V66/><F42/><W76/><G27/><RYUUKYOKU ba="2,0" sc="302,30,196,-10,185,-10,317,-10" hai0="51,52,77,78,82,86,88" /><INIT seed="4,3,0,5,3,4" ten="332,186,175,307" oya="0" hai0="86,123,87,130,60,129,36,135,121,21,44,100,39" hai1="110,0,104,72,127,42,101,95,115,70,116,55,35" hai2="108,134,2,71,40,96,75,84,15,81,17,94,37" hai3="65,93,82,45,63,1,6,52,103,125,111,120,33"/><T119/><D119/><U32/><RYUUKYOKU type="yao9" ba="3,0" sc="332,0,186,0,175,0,307,0" hai1="0,32,35,42,55,70,72,95,101,104,110,115,116,127" /><INIT seed="4,4,0,0,1,123" ten="332,186,175,307" oya="0" hai0="42,84,70,125,30,135,101,71,102,60,67,105,12" hai1="43,91,6,106,61,92,58,104,103,3,5,55,46" hai2="69,47,0,109,1,94,23,110,111,66,113,19,114" hai3="53,120,17,28,121,85,90,14,37,127,7,122,44"/><T16/><D135/><U63/><E63/><N who="2" m="40159" /><F94/><N who="3" m="54607" /><G127/><T130/><D130/><U13/><E3/><V116/><F116/><W72/><G72/><T87/><D125/><U39/><E103/><V41/><F19/><W108/><G108/><T21/><D71/><U22/><E22/><V54/><F23/><N who="3" m="11703" /><G28/><T32/><D42/><U64/><E55/><V2/><F54/><W36/><G7/><T99/><D102/><U51/><E51/><AGARI ba="4,0" hai="36,37,44,51,53,120,121,122" m="11703,54607" machi="51" ten="30,1000,0" yaku="13,1" doraHai="123" who="3" fromWho="1" sc="332,0,186,-22,175,0,307,22" /><INIT seed="5,0,0,4,3,58" ten="332,164,175,329" oya="1" hai0="38,6,106,85,74,103,131,99,64,20,97,127,62" hai1="18,123,90,25,19,120,21,102,47,79,101,3,63" hai2="83,82,33,89,13,11,96,66,4,15,48,32,17" hai3="41,117,116,39,98,54,134,0,28,93,125,114,45"/><U2/><E79/><V23/><F66/><W86/><G0/><T115/><D74/><U36/><E90/><V29/><F29/><W108/><G108/><T35/><D38/><U52/><E36/><V71/><F71/><W109/><G109/><T10/><D35/><U105/><E47/><V113/><F113/><W16/><G114/><T121/><D115/><U34/><E34/><V40/><F33/><W76/><G28/><T7/><D85/><U55/><E21/><V91/><F32/><W30/><G30/><T60/><D127/><U107/><REACH who="1" step="1"/><E63/><REACH who="1" ten="332,154,175,329" step="2"/><V78/><F96/><W135/><G76/><T92/><D20/><U14/><E14/><V88/><F78/><W8/><G45/><AGARI ba="0,1" hai="4,11,13,15,17,23,40,45,48,82,83,88,89,91" machi="45" ten="40,2600,0" yaku="8,1,54,1" doraHai="58" who="2" fromWho="3" sc="332,0,154,0,175,36,329,-26" /><INIT seed="6,0,0,4,3,56" ten="332,154,211,303" oya="2" hai0="117,40,115,80,21,39,59,0,7,57,64,131,65" hai1="67,132,77,125,26,63,118,128,62,53,92,30,34" hai2="84,19,68,91,75,60,122,71,76,48,98,116,38" hai3="28,129,86,133,81,24,105,135,5,70,112,89,66"/><V108/><F122/><W52/><G105/><T14/><D115/><U102/><E118/><V79/><F38/><W95/><G112/><T99/><D117/><U25/><E128/><V94/><F116/><W82/><G129/><T61/><D131/><U29/><E125/><V114/><F114/><W23/><G5/><T31/><D80/><U47/><E132/><V50/><F75/><W58/><G66/><T78/><D78/><U121/><E121/><V119/><F71/><W87/><G70/><T101/><D0/><U54/><E77/><V2/><F2/><W111/><G111/><T8/><D40/><U9/><E9/><V11/><F108/><W15/><G15/><T134/><D39/><U83/><E83/><V93/><F76/><W113/><G113/><T51/><D51/><U3/><E3/><V104/><F104/><W43/><G43/><T124/><D57/><U16/><E16/><V22/><F11/><W10/><G10/><T107/><D134/><N who="3" m="51209" /><G86/><T18/><D31/><N who="1" m="11787" /><E34/><V130/><F130/><W6/><G6/><T33/><D33/><U103/><E67/><V110/><F110/><W36/><G36/><T73/><D73/><U45/><E53/><V4/><F4/><W97/><G87/><T44/><D124/><U120/><E120/><V32/><F32/><W96/><G96/><T90/><D65/><U126/><E126/><V72/><F72/><W17/><G28/><T20/><D7/><U88/><E54/><V13/><F119/><W106/><G106/><T109/><D109/><U41/><E41/><V27/><F68/><W46/><G58/><RYUUKYOKU ba="0,0" sc="332,-10,154,-10,211,-10,303,30" hai3="17,23,24,46,52,81,82,89,95,97" /><INIT seed="7,1,0,5,5,62" ten="322,144,201,333" oya="3" hai0="50,97,52,13,121,70,61,55,131,75,128,118,0" hai1="82,132,38,12,44,98,115,14,29,101,69,68,60" hai2="24,54,63,92,95,21,76,20,110,66,86,26,123" hai3="106,93,120,99,6,133,51,57,111,25,17,15,64"/><W9/><G106/><T125/><D121/><U94/><E115/><V45/><F110/><W67/><G120/><T126/><D118/><U103/><E132/><V134/><F134/><W72/><G72/><T83/><D0/><U8/><E29/><V22/><F123/><W112/><G112/><T100/><D13/><U104/><E14/><V39/><F39/><W34/><G111/><T5/><D5/><U73/><E60/><V85/><F54/><N who="3" m="31967" /><G34/><T37/><D37/><U53/><E104/><V107/><F45/><W30/><G30/><T18/><D18/><U71/><E103/><V33/><F107/><W79/><G79/><N who="0" m="44543" /><D61/><U27/><E27/><N who="2" m="10283" /><F33/><W19/><G133/><T108/><D70/><U113/><E113/><V87/><F76/><W129/><G129/><N who="0" m="49739" /><D108/><U1/><E1/><V3/><F3/><W130/><G130/><T124/><D50/><U41/><E53/><V43/><F43/><W31/><G31/><T47/><D47/><U56/><E56/><AGARI ba="1,0" hai="20,21,22,56,63,66,85,86,87,92,95" m="10283" machi="56" ten="30,2000,0" yaku="8,1,52,1" doraHai="62" who="2" fromWho="1" sc="322,0,144,-23,201,23,333,0" owari="322,12.0,121,-38.0,224,-18.0,333,44.0" /></mjloggm>