<mjloggm ver="2.3"><GO type="169" lobby="0"/><UN n0="%72%79%75%31%31%35" n1="%E3%81%8B%E3%82%81%E3%81%98%E3%82%8D%E3%81%86" n2="%E3%83%A9%E3%83%83%E3%82%AD%E3%83%BC%E3%83%89%E3%83%83%E3%82%B0" n3="%E3%82%A6%E3%83%AB%E3%83%88%E3%83%A9%E7%AB%8B%E7%9B%B4" dan="16,17,17,17" rate="2066.06,2184.05,2145.25,2201.14" sx="M,M,M,M"/><TAIKYOKU oya="0"/><INIT seed="0,0,0,2,1,98" ten="250,250,250,250" oya="0" hai0="110,67,49,130,116,88,0,48,14,64,56,37,81" hai1="117,115,108,57,74,128,10,77,4,50,58,123,91" hai2="24,111,106,133,114,95,13,15,85,55,75,51,9" hai3="127,135,118,131,84,101,125,32,17,129,70,6,11"/><T120/><D0/><U83/><E117/><V62/><F114/><W99/><G70/><T34/><D116/><U1/><E123/><V61/><F111/><W80/><G17/><T38/><D120/><U3/><E108/><V121/><F106/><W47/><G47/><T54/><D110/><U16/><E128/><N who="3" m="49226" /><G32/><T28/><D130/><U23/><E115/><V52/><F75/><W44/><G44/><T100/><D34/><U30/><E1/><V5/><F121/><W96/><G118/><T29/><D37/><U41/><E30/><N who="0" m="11881" /><D38/><U102/><E91/><N who="2" m="53743" /><F133/><W87/><G135/><T8/><D100/><U25/><E102/><V21/><F15/><N who="3" m="5623" /><G99/><T72/><D72/><U59/><REACH who="1" step="1"/><E41/><REACH who="1" ten="250,240,250,250" step="2"/><V93/><F93/><N who="3" m="58511" /><G80/><T89/><D81/><U7/><E7/><V39/><F39/><W66/><G66/><N who="0" m="25131" /><D49/><AGARI ba="0,1" hai="3,4,10,16,23,25,49,50,57,58,59,74,77,83" machi="49" ten="40,2600,0" yaku="1,1,54,1,53,0" doraHai="98" doraHaiUra="71" who="1" fromWho="0" sc="250,-26,240,36,250,0,250,0" /><INIT seed="1,0,0,3,0,72" ten="224,276,250,250" oya="1" hai0="99,90,123,61,21,107,75,74,127,41,46,33,117" hai1="89,125,120,78,25,38,70,32,6,124,95,101,128" hai2="106,18,44,130,63,129,91,122,82,102,97,1,29" hai3="12,13,76,30,5,22,119,105,55,28,51,35,14"/><U50/><E38/><V65/><F1/><W121/><G105/><T56/><D117/><U87/><E70/><V110/><F110/><W69/><G69/><T68/><D68/><U88/><E6/><V3/><F3/><W2/><G121/><T100/><D33/><U115/><E120/><V54/><F122/><W16/><G119/><T108/><D123/><U53/><E115/><V20/><F29/><W57/><G76/><T96/><D108/><U7/><E7/><V45/><F91/><W37/><G37/><T67/><D127/><N who="1" m="48715" /><E128/><N who="2" m="49259" /><F82/><W77/><G77/><T85/><D96/><N who="1" m="59551" /><E25/><N who="2" m="14487" /><F54/><W84/><G30/><T52/><D67/><U15/><E15/><V93/><F106/><W116/><G116/><T8/><D8/><U10/><E10/><V135/><F135/><W112/><G112/><T104/><D104/><U36/><E32/><V126/><F126/><W49/><G13/><T73/><D21/><U64/><E64/><V40/><F40/><W118/><G14/><T113/><D113/><U17/><E17/><V47/><F47/><W79/><G118/><T39/><REACH who="0" step="1"/><D74/><REACH who="0" ten="214,276,250,250" step="2"/><U66/><E66/><V83/><F65/><W98/><G35/><T19/><D19/><U62/><E36/><V27/><F97/><W59/><G98/><T131/><D131/><U23/><E23/><V4/><F4/><W11/><G28/><T81/><AGARI ba="0,1" hai="39,41,46,52,56,61,73,75,81,85,90,99,100,107" machi="81" ten="20,8000,1" yaku="1,1,0,1,7,1,54,1,53,1" doraHai="72" doraHaiUra="86" who="0" fromWho="0" sc="214,90,276,-40,250,-20,250,-20" /><INIT seed="2,0,0,2,3,47" ten="304,236,230,230" oya="2" hai0="100,117,28,32,12,65,55,79,125,37,27,39,113" hai1="10,5,92,96,45,80,132,51,99,134,57,59,56" hai2="67,62,124,4,89,69,130,30,11,21,123,35,97" hai3="26,64,112,40,25,13,76,127,128,36,129,114,33"/><V108/><F123/><W34/><G64/><T110/><D113/><N who="3" m="43625" /><G36/><T31/><D31/><U88/><E80/><V133/><F133/><W43/><G76/><T98/><D110/><U73/><E73/><V87/><F124/><W95/><G95/><T1/><D1/><U18/><E18/><V93/><F130/><N who="3" m="50283" /><G127/><T48/><D125/><U49/><E99/><V29/><F108/><W77/><G77/><T7/><D65/><U83/><E83/><V0/><F35/><N who="3" m="13323" /><G13/><T116/><D79/><U106/><E106/><V122/><F122/><W82/><G82/><T17/><D116/><U90/><E90/><V86/><F86/><W14/><G14/><T75/><D117/><U54/><REACH who="1" step="1"/><E51/><REACH who="1" ten="304,226,230,230" step="2"/><V115/><F115/><W22/><G22/><T104/><D75/><U126/><E126/><V42/><F21/><W109/><G109/><T23/><D39/><U41/><E41/><AGARI ba="0,1" hai="25,26,40,41,43" m="13323,50283,43625" machi="41" ten="40,8000,1" yaku="28,2,11,1,19,1" doraHai="47" who="3" fromWho="1" sc="304,0,226,-80,230,0,230,90" /><INIT seed="3,0,0,0,4,9" ten="304,146,230,320" oya="3" hai0="18,76,58,94,56,50,114,86,22,95,72,77,14" hai1="108,32,25,67,6,53,2,110,85,61,55,73,48" hai2="37,119,104,87,99,92,75,49,36,113,66,128,19" hai3="34,65,44,4,111,117,101,90,103,126,129,47,11"/><W69/><G117/><T102/><D114/><U96/><E73/><V0/><F0/><W97/><G129/><T70/><D70/><U120/><E120/><V133/><F119/><W82/><G34/><T91/><D72/><U21/><E32/><V51/><F113/><W46/><G126/><T20/><D20/><U106/><E85/><V45/><F75/><W132/><G132/><T15/><D15/><U30/><E6/><V38/><F133/><W26/><G111/><T134/><D134/><U68/><E2/><V89/><F66/><W135/><G135/><T35/><D35/><U131/><E131/><V63/><F128/><W109/><G109/><N who="1" m="42090" /><E48/><V28/><F28/><W130/><G130/><T84/><D58/><U52/><E96/><V59/><F19/><W80/><G26/><T124/><D124/><U10/><E10/><V64/><F104/><AGARI ba="0,0" hai="21,25,30,52,53,55,61,67,68,104,106" m="42090" machi="104" ten="30,2000,0" yaku="14,1,54,1" doraHai="9" who="1" fromWho="2" sc="304,0,146,20,230,-20,320,0" /><INIT seed="4,0,0,2,0,102" ten="304,166,210,320" oya="0" hai0="88,103,10,63,111,120,119,43,44,117,40,29,98" hai1="58,91,114,90,92,72,70,42,16,49,121,50,73" hai2="53,21,81,93,69,133,0,128,18,48,19,86,25" hai3="84,87,107,12,95,131,33,67,110,1,56,66,105"/><T118/><D120/><U77/><E121/><V28/><F69/><W127/><G1/><T4/><D111/><U106/><E70/><V34/><F133/><W94/><G56/><T22/><D63/><U7/><E7/><V74/><F128/><W130/><G12/><T39/><D43/><U125/><E125/><V57/><F0/><W65/><G33/><T62/><D62/><U126/><E126/><V20/><F74/><W47/><G47/><T96/><D96/><U113/><E106/><N who="3" m="40458" /><G110/><T46/><D46/><N who="1" m="25815" /><E77/><V54/><F93/><N who="3" m="35339" /><G127/><T85/><D98/><N who="1" m="57623" /><E91/><V11/><F11/><W68/><G68/><T38/><D103/><U79/><E79/><V60/><F34/><W112/><G112/><N who="1" m="43114" /><E16/><V52/><F21/><W64/><N who="3" m="16384" /><DORA hai="97" /><W76/><G76/><T115/><D115/><U83/><E83/><V30/><F18/><W24/><G24/><T75/><D39/><U9/><E9/><V80/><F80/><W15/><G15/><T2/><D75/><U13/><E13/><V101/><F81/><W82/><G82/><T26/><REACH who="0" step="1"/><D88/><REACH who="0" ten="294,166,210,320" step="2"/><U100/><E100/><V37/><F37/><W51/><G51/><T5/><D5/><U124/><E124/><V59/><F101/><W27/><G27/><T129/><D129/><AGARI ba="0,1" hai="84,87,129,130,131" m="16384,35339,40458" machi="129" ten="50,12000,2" yaku="28,2,19,1,52,3" doraHai="102,97" who="3" fromWho="0" sc="294,-120,166,0,210,0,320,130" /><INIT seed="5,0,0,1,0,9" ten="174,166,210,450" oya="1" hai0="109,37,67,31,8,81,129,99,94,2,77,17,105" hai1="3,20,49,6,53,123,25,70,73,95,19,42,21" hai2="96,74,24,103,89,85,79,44,88,78,16,132,100" hai3="124,66,121,97,45,1,72,86,84,102,64,51,32"/><U65/><E123/><V110/><F110/><W48/><G72/><T125/><D109/><U60/><E73/><V30/><F132/><W117/><G32/><T55/><D105/><U28/><E42/><V134/><F134/><W135/><G1/><T36/><D67/><U57/><E3/><V58/><F44/><W106/><G135/><T40/><D125/><U27/><E6/><V33/><F74/><W93/><G121/><T120/><D120/><U11/><E11/><V122/><F122/><W113/><G113/><T80/><D129/><U23/><E95/><V82/><F58/><W12/><G51/><T47/><D31/><U61/><E61/><V29/><F29/><W35/><G35/><AGARI ba="0,0" hai="19,20,21,23,25,27,28,35,49,53,57,60,65,70" machi="35" ten="30,1500,0" yaku="7,1" doraHai="9" who="1" fromWho="3" sc="174,0,166,15,210,0,450,-15" /><INIT seed="5,1,0,2,1,131" ten="174,181,210,435" oya="1" hai0="82,37,113,71,50,16,43,124,69,89,8,129,27" hai1="56,6,17,46,54,12,121,24,103,60,62,15,96" hai2="67,20,108,77,2,1,59,55,63,115,45,125,92" hai3="100,61,22,23,73,7,128,107,85,93,126,49,11"/><U112/><E121/><V52/><F108/><W39/><G39/><T4/><D129/><U127/><E112/><V91/><F125/><W110/><G73/><T111/><D113/><U70/><E127/><V38/><F115/><W83/><G107/><T119/><D124/><U134/><E134/><V106/><F106/><W133/><G110/><T97/><D37/><U75/><E75/><V19/><F77/><W86/><G133/><T18/><D119/><U116/><E116/><V57/><F67/><W14/><G128/><T48/><D111/><U102/><E46/><V35/><F35/><W101/><G61/><T98/><D71/><U30/><E6/><V26/><F45/><W94/><G49/><N who="0" m="19051" /><D69/><U32/><E102/><V130/><F38/><W44/><G44/><T47/><D43/><U13/><E70/><V99/><F130/><W87/><G83/><T120/><D120/><U132/><E62/><AGARI ba="1,0" hai="1,2,19,20,26,52,55,57,59,62,63,91,92,99" machi="62" ten="30,8000,1" yaku="7,1,9,1,25,2,54,1" doraHai="131" who="2" fromWho="1" sc="174,0,181,-83,210,83,435,0" /><INIT seed="6,0,0,3,5,5" ten="174,98,293,435" oya="2" hai0="133,120,48,131,106,119,92,104,80,87,76,112,42" hai1="95,39,124,14,102,125,134,114,129,6,91,82,46" hai2="115,45,126,12,44,113,52,55,84,73,37,128,108" hai3="3,18,74,78,57,11,7,59,17,10,98,50,62"/><V69/><F69/><W81/><G11/><T75/><D42/><U96/><E39/><V1/><F1/><W72/><G72/><T15/><D15/><U66/><E46/><V89/><F73/><W13/><G13/><T109/><D48/><U110/><E66/><V28/><F128/><W38/><G38/><T35/><D35/><U53/><E53/><N who="2" m="20555" /><F37/><W132/><G132/><T64/><D64/><U123/><E110/><V65/><F126/><N who="1" m="48745" /><E114/><N who="2" m="43531" /><F108/><W121/><G121/><T70/><D112/><U36/><E36/><V26/><F65/><W103/><G50/><T22/><D109/><U90/><E129/><V20/><F12/><W127/><G127/><T107/><D131/><U21/><E21/><V30/><F30/><W97/><G74/><T99/><D22/><U2/><E14/><V4/><F4/><W41/><G7/><T94/><D70/><U118/><E118/><V111/><F111/><W24/><G3/><T117/><D133/><U32/><E32/><V100/><F100/><W130/><G103/><T67/><D67/><U34/><E134/><V58/><F58/><W16/><G59/><T85/><D120/><U105/><E34/><V8/><F8/><W40/><G10/><T61/><D75/><U60/><E123/><V19/><F28/><W71/><G71/><T88/><D117/><U122/><E122/><V33/><F33/><W9/><G9/><T77/><D119/><U27/><E2/><V29/><F29/><W43/><G130/><T101/><D61/><U135/><E60/><V86/><F86/><N who="3" m="48439" /><G57/><T49/><D49/><U25/><E6/><RYUUKYOKU ba="0,0" sc="174,15,98,-15,293,15,435,-15" hai0="76,77,80,85,87,88,92,94,99,101,104,106,107" hai2="19,20,26,44,45,84,89" /><INIT seed="6,1,0,1,4,105" ten="189,83,308,420" oya="2" hai0="58,63,66,49,57,93,72,40,39,22,60,90,86" hai1="12,0,97,48,104,27,20,4,25,119,9,125,81" hai2="132,19,61,41,131,94,65,47,43,69,31,113,124" hai3="55,108,42,33,126,106,83,21,68,77,118,133,36"/><V6/><F113/><W98/><G55/><T53/><D39/><U103/><E119/><V51/><F31/><W17/><G21/><T122/><D122/><U80/><E125/><V10/><F124/><W89/><G17/><T79/><D22/><U110/><E110/><V34/><F34/><W15/><G15/><T135/><D135/><U120/><E120/><V5/><F132/><W96/><G89/><T11/><D11/><U32/><E27/><V2/><F131/><W107/><G96/><T29/><D29/><U112/><E112/><V35/><F35/><W111/><G106/><T18/><D18/><U129/><E129/><V114/><F114/><W87/><G87/><T37/><D37/><U115/><E115/><V45/><F94/><W73/><G118/><T100/><D100/><U75/><E48/><V109/><F109/><W62/><G33/><T30/><D30/><U46/><E46/><V102/><F102/><N who="3" m="62935" /><G126/><T70/><D40/><U134/><E134/><V127/><F127/><W95/><G95/><T13/><D13/><U128/><E128/><V76/><F76/><W117/><G117/><T99/><D99/><U101/><E101/><V130/><F130/><W24/><G24/><T56/><REACH who="0" step="1"/><D63/><REACH who="0" ten="179,83,308,420" step="2"/><U8/><E8/><V26/><F6/><W64/><G133/><T44/><D44/><AGARI ba="1,1" hai="36,42,44,62,64,68,73,77,83,108,111" m="62935" machi="44" ten="30,2000,0" yaku="23,1,52,1" doraHai="105" who="3" fromWho="0" sc="179,-23,83,0,308,0,420,33" /><INIT seed="7,0,0,4,4,11" ten="156,83,308,453" oya="3" hai0="105,27,106,47,63,135,46,14,123,128,120,121,55" hai1="113,2,5,39,101,94,77,20,132,68,71,1,7" hai2="107,8,10,70,25,119,69,41,73,125,96,76,22" hai3="6,92,124,110,114,93,54,129,17,21,16,42,40"/><W29/><G6/><T87/><D128/><U78/><E94/><V95/><F41/><W32/><G16/><T36/><D135/><U0/><E101/><V58/><F125/><W97/><G92/><T19/><D27/><U53/><E20/><V51/><F119/><W9/><G54/><T115/><D115/><U52/><E39/><V134/><F107/><W3/><G129/><T98/><D87/><U127/><E1/><V44/><F134/><W33/><G33/><T66/><D46/><U50/><E50/><V118/><F69/><W80/><G21/><T102/><D105/><U15/><E132/><V65/><F70/><W23/><G9/><T57/><D36/><U131/><E131/><V103/><F76/><W100/><G100/><T62/><D47/><U89/><E89/><V37/><F37/><W34/><G42/><T26/><D26/><U130/><E130/><V59/><F59/><W109/><G114/><T88/><D88/><U81/><E81/><V91/><F73/><W84/><G3/><T60/><REACH who="0" step="1"/><D66/><REACH who="0" ten="146,83,308,453" step="2"/><U86/><E86/><V45/><F91/><W74/><G84/><T49/><D49/><U111/><E113/><V43/><F45/><W4/><G74/><T72/><D72/><U116/><E111/><V18/><F118/><W30/><G110/><T133/><D133/><U83/><E116/><V104/><F104/><W24/><G109/><T85/><D85/><U126/><E83/><V48/><F65/><W13/><G40/><T122/><N who="0" m="30720" /><DORA hai="90" /><T79/><D79/><U38/><E38/><V75/><F43/><W28/><G24/><RYUUKYOKU ba="0,1" sc="146,15,83,15,308,-15,453,-15" hai0="14,19,55,57,60,62,63,98,102,106" hai1="0,2,5,7,15,52,53,68,71,77,78,126,127" owari="161,-24.0,98,-40.0,293,9.0,448,55.0" /></mjloggm>