<mjloggm ver="2.3"><GO type="169" lobby="0"/><UN n0="%E3%82%B3%E3%83%B3%E3%83%81%E2%85%A2" n1="%E9%88%B4%E5%B1%8B%E5%86%85%E4%BA%94%E6%9B%B2" n2="%E3%82%AC%E3%83%8F%E3%83%A9%E3%81%95%E3%82%93%E3%81%AE%E5%A6%B9" n3="%E3%82%A6%E3%83%AB%E3%83%88%E3%83%A9%E7%AB%8B%E7%9B%B4" dan="16,16,16,17" rate="2107.99,2086.09,2085.35,2196.68" sx="M,M,F,M"/><TAIKYOKU oya="0"/><INIT seed="0,0,0,4,5,18" ten="250,250,250,250" oya="0" hai0="89,111,11,113,77,4,82,43,8,33,28,6,62" hai1="121,75,112,30,65,124,48,64,52,51,101,53,7" hai2="87,74,36,23,135,67,79,13,56,123,0,26,100" hai3="93,61,126,122,73,55,76,106,42,9,78,117,40"/><T84/><D113/><U120/><E75/><V110/><F74/><W49/><G106/><T22/><D33/><U91/><E101/><V81/><F123/><W2/><G126/><T109/><D43/><U132/><E7/><N who="0" m="2601" /><D62/><U108/><E30/><V12/><F0/><W60/><G61/><T27/><D89/><U118/><E91/><V131/><F36/><W59/><G60/><T35/><D35/><U50/><E124/><V58/><F110/><AGARI ba="0,0" hai="8,11,22,27,28,77,82,84,109,110,111" m="2601" machi="110" ten="30,5800,0" yaku="14,1,10,1,52,1" doraHai="18" who="0" fromWho="2" sc="250,58,250,0,250,-58,250,0" /><INIT seed="0,1,0,1,0,107" ten="308,250,192,250" oya="0" hai0="87,23,54,69,103,75,67,116,111,9,3,117,81" hai1="24,124,82,51,97,125,74,13,83,115,50,118,1" hai2="53,120,66,43,15,68,47,30,93,38,31,105,72" hai3="56,11,91,122,41,104,76,130,84,98,100,20,106"/><T19/><D103/><U131/><E1/><V95/><F105/><W10/><G106/><T85/><D67/><U135/><E118/><V35/><F120/><W132/><G130/><T109/><D69/><U121/><E121/><V70/><F53/><W36/><G132/><T90/><D54/><U64/><E64/><V52/><F72/><W108/><G56/><T127/><D127/><U63/><E63/><V101/><F15/><W78/><G20/><T88/><D9/><U12/><E24/><V2/><F2/><W21/><G21/><T113/><D3/><U40/><E97/><V59/><F70/><W110/><G122/><T34/><D34/><U89/><E89/><V49/><F35/><W16/><G36/><T119/><D113/><U26/><E26/><V48/><F48/><W29/><G41/><T60/><D60/><U65/><E65/><V112/><F112/><W42/><G42/><T62/><D62/><U33/><E40/><V17/><F17/><W80/><G29/><N who="2" m="10761" /><F101/><W37/><G37/><T133/><D133/><U134/><E33/><V0/><F0/><W4/><G4/><T114/><D114/><U79/><E115/><V32/><F32/><W27/><G27/><N who="0" m="14847" /><D75/><U44/><E74/><V57/><F57/><W126/><G126/><T6/><D6/><U61/><E61/><AGARI ba="1,0" hai="38,43,47,49,52,59,61,66,68,93,95" m="10761" machi="61" ten="30,2000,0" yaku="24,1,54,1" doraHai="107" who="2" fromWho="1" sc="308,0,250,-23,192,23,250,0" /><INIT seed="1,0,0,1,4,77" ten="308,227,215,250" oya="1" hai0="59,83,42,46,48,106,101,104,85,72,74,121,93" hai1="120,29,43,118,94,31,54,91,111,38,116,62,81" hai2="129,127,68,18,100,128,28,0,40,1,8,60,84" hai3="14,70,73,130,16,90,57,39,22,65,24,78,25"/><U82/><E120/><V23/><F40/><W79/><G70/><T44/><D121/><U92/><E38/><V5/><F100/><W55/><G65/><T89/><D59/><U112/><E43/><V103/><F103/><W3/><G39/><T80/><D46/><U96/><E112/><V105/><F105/><N who="0" m="40554" /><D48/><U37/><E37/><V49/><F49/><W122/><G3/><T47/><D47/><U17/><E111/><V12/><F60/><W58/><G58/><T19/><D44/><U71/><E71/><V67/><F67/><W36/><G130/><N who="2" m="50281" /><F68/><W115/><G115/><T102/><D19/><U30/><E116/><V88/><F127/><W26/><G73/><N who="0" m="28267" /><D42/><U109/><E109/><V99/><F99/><W63/><G36/><T87/><D93/><U126/><E126/><V53/><F53/><W10/><G122/><T66/><D66/><U64/><E118/><V56/><F56/><W69/><G69/><T124/><D124/><U86/><E64/><V4/><F28/><W98/><G10/><T113/><D113/><U7/><E62/><V20/><F23/><W117/><G117/><T41/><D41/><U119/><E119/><V133/><F133/><W132/><G132/><T131/><D131/><U107/><E107/><V108/><F108/><W51/><G51/><T52/><D52/><U6/><E54/><V95/><F5/><N who="1" m="1545" /><E17/><V33/><F33/><W75/><G16/><T125/><D125/><U135/><E135/><V32/><F32/><W2/><G55/><T110/><D110/><U9/><E9/><V134/><F134/><W35/><G63/><RYUUKYOKU ba="0,0" sc="308,10,227,10,215,10,250,-30" hai0="80,83,85,87,89,101,102" hai1="29,30,31,81,82,86,91,92,94,96" hai2="0,1,4,8,12,18,20,84,88,95" /><INIT seed="1,1,0,1,2,94" ten="318,237,225,220" oya="1" hai0="38,88,43,49,44,26,78,2,9,51,41,25,16" hai1="71,32,106,110,101,27,89,8,122,104,114,60,30" hai2="63,118,24,126,52,92,121,91,61,132,20,87,108" hai3="48,54,129,117,4,123,58,112,131,113,93,23,67"/><U14/><E122/><V80/><F118/><W57/><G4/><T53/><D78/><U50/><E114/><N who="3" m="44138" /><G93/><T75/><D75/><U68/><E106/><V134/><F121/><W39/><G23/><T11/><D2/><U15/><E15/><V1/><F1/><W135/><G123/><T109/><D109/><U33/><E33/><V128/><F108/><W21/><G21/><N who="0" m="13479" /><D38/><U98/><E110/><V13/><F13/><W22/><G22/><T79/><D79/><U64/><E50/><V133/><F128/><N who="3" m="49227" /><G39/><T47/><D53/><U73/><E73/><V31/><F126/><W77/><G77/><T56/><D56/><U83/><E71/><V85/><F52/><N who="3" m="31879" /><G117/><T81/><D26/><U29/><E30/><V125/><F125/><W17/><G17/><T5/><D5/><U72/><E72/><V7/><F7/><W42/><G42/><T70/><D70/><U6/><E83/><V74/><F74/><W40/><G40/><T0/><D0/><U3/><E14/><V95/><F95/><W119/><G119/><T103/><D103/><U69/><E69/><V37/><F37/><W96/><G67/><T34/><D34/><U55/><E89/><AGARI ba="1,0" hai="20,24,31,61,63,80,85,87,89,91,92,132,133,134" machi="89" ten="40,1300,0" yaku="20,1" doraHai="94" who="2" fromWho="1" sc="318,0,237,-16,225,16,220,0" /><INIT seed="2,0,0,5,4,16" ten="318,221,241,220" oya="2" hai0="90,9,48,120,42,78,10,66,124,1,98,7,65" hai1="12,34,72,41,85,17,94,47,86,68,56,102,39" hai2="133,111,26,126,104,59,15,122,125,106,49,77,36" hai3="115,52,113,29,53,64,6,81,92,116,117,82,50"/><V99/><F122/><W119/><G6/><T28/><D78/><U118/><E34/><V40/><F36/><W114/><G64/><T33/><D10/><U32/><E32/><V97/><F77/><W3/><G3/><T2/><D2/><U132/><E68/><V19/><F133/><W44/><G29/><T73/><D73/><U24/><E24/><V20/><F111/><W89/><REACH who="3" step="1"/><G53/><REACH who="3" ten="318,221,241,210" step="2"/><T71/><D7/><U74/><E132/><V45/><F106/><W60/><G60/><T95/><D1/><U18/><E118/><V37/><F104/><W51/><G51/><T93/><D48/><U121/><E39/><V88/><F37/><W96/><AGARI ba="0,1" hai="44,50,52,81,82,89,92,96,113,114,115,116,117,119" machi="96" ten="40,8000,1" yaku="1,1,0,1,11,1,54,1,53,0" doraHai="16" doraHaiUra="105" who="3" fromWho="3" sc="318,-20,221,-20,241,-40,210,90" /><INIT seed="3,0,0,3,0,22" ten="298,201,201,300" oya="3" hai0="5,30,88,129,27,115,24,40,2,101,32,23,75" hai1="135,13,134,61,52,16,39,116,29,63,96,7,85" hai2="33,84,64,97,0,53,124,100,50,34,73,41,67" hai3="58,102,117,104,9,56,11,12,59,91,36,8,83"/><W31/><G36/><T90/><D75/><U42/><E7/><V76/><F73/><W132/><G117/><T54/><D40/><U69/><E29/><V78/><F0/><W60/><G132/><T98/><D129/><U66/><E85/><V106/><F41/><W18/><G31/><T86/><D115/><U114/><E114/><V38/><F38/><W17/><G104/><T103/><D5/><U1/><E1/><V81/><F124/><W120/><G102/><T35/><D2/><U26/><E13/><V4/><F4/><W51/><G120/><T87/><D54/><U93/><E42/><V45/><REACH who="2" step="1"/><F76/><REACH who="2" ten="298,201,191,300" step="2"/><W128/><G128/><T15/><D35/><AGARI ba="0,1" hai="33,34,35,45,50,53,64,67,78,81,84,97,100,106" machi="35" ten="40,2600,0" yaku="1,1,2,1,53,0" doraHai="22" doraHaiUra="107" who="2" fromWho="0" sc="298,-26,201,0,191,36,300,0" /><INIT seed="4,0,0,2,1,95" ten="272,201,227,300" oya="0" hai0="67,127,115,87,125,22,128,11,74,85,101,73,63" hai1="76,131,93,26,126,23,102,47,104,103,20,83,59" hai2="34,75,81,57,118,16,52,98,106,133,44,51,18" hai3="122,21,41,7,3,84,64,0,56,68,50,130,99"/><T111/><D11/><U80/><E104/><V2/><F118/><W72/><G72/><N who="0" m="27755" /><D22/><U14/><E76/><V91/><F2/><W88/><G56/><T38/><D38/><U110/><E59/><V105/><F133/><W1/><G50/><T60/><D67/><U53/><E14/><V112/><F106/><W120/><G21/><T39/><D39/><U135/><E135/><V36/><F34/><W15/><G41/><T42/><D42/><U25/><E47/><V58/><F112/><W37/><G37/><T97/><D115/><U35/><E35/><V89/><F105/><W116/><G3/><T33/><D33/><U19/><E53/><V48/><F75/><W123/><G64/><T121/><D121/><U30/><E131/><V70/><F70/><W109/><G130/><T100/><D128/><U10/><E10/><V78/><F78/><W40/><G1/><T54/><D54/><U134/><E134/><V117/><F36/><W5/><G0/><T90/><D63/><U6/><E6/><V62/><F117/><W71/><G116/><T46/><D60/><U55/><E55/><N who="2" m="30087" /><F58/><W27/><G40/><T31/><D31/><U66/><E66/><V8/><F8/><N who="3" m="4495" /><G123/><T69/><D46/><U96/><E103/><N who="0" m="39497" /><D69/><U94/><E30/><V32/><F32/><W49/><G71/><T77/><D77/><U45/><E45/><V82/><F62/><W86/><G68/><T79/><D79/><U61/><E61/><V17/><F89/><W107/><G122/><T65/><D65/><U4/><E4/><V12/><F12/><W119/><G120/><RYUUKYOKU ba="0,0" sc="272,-10,201,-10,227,30,300,-10" hai2="16,17,18,51,52,57,81,82,91,98" /><INIT seed="5,1,0,5,4,126" ten="262,191,257,290" oya="1" hai0="51,90,17,75,38,11,30,76,40,105,132,60,104" hai1="92,81,69,135,109,8,63,3,50,49,72,25,10" hai2="87,94,24,108,62,78,74,55,22,123,15,67,133" hai3="42,73,5,64,44,85,65,91,12,129,53,115,47"/><U100/><E25/><V48/><F74/><W128/><G73/><T66/><D38/><U77/><E10/><V97/><F123/><W101/><G101/><T32/><D132/><U89/><E100/><V35/><F133/><W26/><G26/><T114/><D90/><U96/><E135/><V61/><F35/><W79/><G53/><T107/><D30/><U28/><E28/><V106/><F106/><W70/><G47/><T71/><D32/><U130/><E109/><V54/><F15/><W110/><G79/><T34/><D34/><U57/><E69/><V0/><F0/><W16/><G5/><T120/><D51/><U84/><E72/><V4/><F4/><W93/><G115/><T86/><D75/><U20/><E20/><V119/><F108/><W68/><G68/><T134/><D40/><U83/><E83/><N who="2" m="47607" /><F67/><W124/><G124/><T117/><D117/><U127/><E127/><V23/><F119/><W7/><G7/><T1/><D1/><U2/><E2/><V43/><F22/><N who="3" m="11527" /><G110/><T95/><D120/><U41/><E41/><V111/><F43/><W102/><G102/><T13/><D114/><U118/><E118/><V27/><F111/><W103/><G103/><T98/><D134/><U82/><E82/><V52/><F48/><N who="1" m="18537" /><E3/><V80/><F80/><W21/><G21/><T31/><D31/><U39/><E39/><V19/><F27/><W46/><G46/><T56/><D71/><U88/><E8/><V116/><F116/><W14/><G70/><T131/><D11/><U29/><E77/><V113/><F113/><W58/><G42/><RYUUKYOKU ba="1,0" sc="262,-10,191,-10,257,30,290,-10" hai2="19,23,24,52,54,55,61,62,94,97" /><INIT seed="6,2,0,2,2,6" ten="252,181,287,280" oya="2" hai0="113,31,20,46,95,44,38,118,3,114,82,132,112" hai1="51,130,102,47,42,80,23,128,86,50,5,92,123" hai2="37,85,109,4,27,111,131,55,70,12,30,127,45" hai3="41,62,84,64,61,126,101,91,83,26,54,53,36"/><V77/><F70/><W99/><G36/><T17/><D31/><U93/><E123/><V34/><F131/><W120/><G41/><T60/><D3/><U94/><E102/><V56/><F127/><W125/><G26/><T103/><D82/><U67/><E67/><V52/><F77/><W72/><G72/><T96/><D38/><U35/><E35/><V74/><F74/><W135/><G135/><T90/><D118/><U32/><E32/><V22/><F85/><W49/><G120/><T48/><D132/><U98/><E98/><V2/><F2/><W69/><G61/><T39/><D39/><U21/><E51/><N who="2" m="28783" /><F37/><W18/><G18/><T65/><D48/><U8/><E130/><V76/><F76/><W19/><G19/><T43/><D103/><U68/><E68/><V129/><F129/><W134/><G134/><T133/><D43/><U117/><E117/><V0/><F0/><W89/><G89/><T10/><D133/><U78/><E128/><V105/><F105/><N who="3" m="63679" /><G49/><T97/><D97/><U59/><E59/><V119/><F119/><W121/><G121/><T75/><D75/><U107/><E107/><V124/><F124/><AGARI ba="2,0" hai="53,54,62,64,69,83,84,91,124,125,126" m="63679" machi="124" ten="30,1000,0" yaku="18,1" doraHai="6" who="3" fromWho="2" sc="252,0,181,0,287,-16,280,16" /><INIT seed="7,0,0,2,5,51" ten="252,181,271,296" oya="3" hai0="118,103,0,73,99,37,30,45,16,88,129,98,57" hai1="58,111,108,91,71,20,63,5,102,133,60,18,110" hai2="124,11,94,69,101,74,76,34,12,36,90,79,43" hai3="106,62,49,87,100,39,55,1,29,68,22,75,113"/><W112/><G1/><T95/><D0/><U83/><E5/><V135/><F69/><W25/><G75/><T35/><D73/><U123/><E123/><V24/><F101/><W3/><G39/><T82/><D129/><U61/><E102/><V96/><F135/><W92/><G106/><T131/><D131/><U10/><E10/><V9/><F124/><W26/><G26/><T7/><D7/><U52/><E71/><V42/><F74/><W41/><G41/><N who="2" m="15369" /><F36/><W134/><G3/><T6/><D6/><U56/><E133/><V19/><F34/><W4/><G4/><T33/><D45/><U72/><E91/><V89/><F24/><W40/><G40/><T38/><D30/><U104/><E104/><V64/><F64/><W32/><G32/><T130/><D82/><U117/><E117/><V27/><F27/><W120/><G120/><T121/><D121/><U13/><REACH who="1" step="1"/><E58/><REACH who="1" ten="252,171,271,296" step="2"/><V67/><F89/><N who="3" m="53311" /><G100/><T127/><D118/><U50/><E50/><V109/><F109/><W125/><G134/><T114/><D38/><U66/><E66/><V44/><F67/><W93/><G68/><T78/><D37/><U2/><E2/><V47/><F9/><W46/><G125/><T48/><D127/><U105/><E105/><V132/><F132/><W86/><G62/><T85/><D130/><U8/><E8/><V70/><F70/><W54/><G112/><T84/><D114/><U80/><E80/><V122/><F122/><W59/><G113/><T116/><D103/><U31/><E31/><V53/><F44/><W65/><G46/><T21/><D116/><RYUUKYOKU ba="0,1" sc="252,-15,171,15,271,15,296,-15" hai1="13,18,20,52,56,60,61,63,72,83,108,110,111" hai2="11,12,19,47,53,76,79,90,94,96" /><INIT seed="8,1,1,2,1,1" ten="237,186,286,281" oya="0" hai0="109,134,0,3,98,20,8,92,57,121,13,5,103" hai1="21,47,106,111,41,96,101,85,105,30,39,46,90" hai2="48,86,31,45,113,77,120,2,22,94,11,104,19" hai3="127,135,76,108,25,100,81,107,112,117,119,75,68"/><T133/><D121/><U82/><E111/><V54/><F120/><W55/><G68/><T26/><D109/><U56/><E106/><V12/><F104/><W79/><G108/><T74/><D74/><U53/><E46/><V95/><F113/><W62/><G112/><T4/><D57/><U35/><E35/><V124/><F124/><W131/><G79/><T10/><D13/><U6/><E30/><AGARI ba="1,1" hai="0,3,4,5,8,10,20,26,30,92,98,103,133,134" machi="30" ten="40,7700,0" yaku="9,1,52,2" doraHai="1" who="0" fromWho="1" sc="237,90,186,-80,286,0,281,0" owari="327,42.0,106,-39.0,286,9.0,281,-12.0" /></mjloggm>