<mjloggm ver="2.3"><GO type="169" lobby="0"/><UN n0="%E3%81%AB%E3%82%89%E3%82%8C%E3%81%B0" n1="%E3%82%A8%E3%83%AB%E3%82%AD%E3%83%81" n2="%E3%82%A6%E3%83%AB%E3%83%88%E3%83%A9%E7%AB%8B%E7%9B%B4" n3="%E2%96%BD%E4%B8%8E%E4%BD%9C%28%E3%81%8A%E3%81%AB%E3%81%8E%E3%82%8A" dan="16,18,18,16" rate="2018.11,2263.00,2273.40,2072.35" sx="M,M,M,M"/><TAIKYOKU oya="0"/><INIT seed="0,0,0,3,5,64" ten="250,250,250,250" oya="0" hai0="65,50,8,26,101,88,44,53,10,73,60,80,75" hai1="93,99,110,118,14,95,119,112,2,97,4,127,117" hai2="19,108,51,63,41,91,46,116,113,7,68,94,85" hai3="86,56,71,6,74,92,72,79,55,58,17,103,96"/><T40/><D101/><U13/><E2/><V12/><F113/><W33/><G33/><T122/><D122/><U48/><E48/><V23/><F108/><W34/><G34/><T42/><D42/><U38/><E38/><V69/><F116/><W32/><G32/><T37/><D26/><U77/><E4/><V109/><F109/><W130/><G6/><T27/><D27/><U67/><E67/><V15/><REACH who="2" step="1"/><F63/><REACH who="2" ten="250,250,240,250" step="2"/><W9/><G130/><T100/><D73/><U121/><E110/><V106/><F106/><W49/><G72/><T61/><D61/><U54/><E112/><V76/><F76/><W35/><G74/><T25/><D75/><U22/><E77/><V28/><F28/><W98/><G79/><T31/><D60/><U78/><E78/><V52/><F52/><W39/><G55/><T124/><D53/><U90/><E54/><V128/><F128/><W102/><G56/><T83/><D124/><U132/><E127/><V107/><F107/><W47/><G58/><T123/><D123/><U87/><E121/><V129/><F129/><W21/><G47/><T11/><D44/><U5/><E119/><V57/><F57/><W120/><G120/><T111/><D111/><U62/><E62/><V135/><F135/><W89/><G39/><T30/><D37/><U105/><E132/><V134/><F134/><W45/><G45/><T125/><D31/><U0/><E105/><V115/><F115/><W1/><G49/><T24/><D50/><U66/><E118/><V133/><F133/><W16/><G35/><T70/><D125/><U29/><E117/><RYUUKYOKU ba="0,1" sc="250,-10,250,-10,240,30,250,-10" hai2="7,12,15,19,23,41,46,51,68,69,85,91,94" /><INIT seed="1,1,1,4,5,2" ten="240,240,270,240" oya="1" hai0="91,96,41,45,20,127,52,76,38,43,24,70,47" hai1="26,56,118,11,28,81,13,12,50,58,92,125,66" hai2="124,103,121,94,116,22,1,102,80,39,9,74,17" hai3="111,131,60,30,126,89,117,129,120,78,7,104,10"/><U95/><E118/><V132/><F116/><W93/><G120/><T84/><D127/><U68/><E125/><V82/><F121/><W65/><G126/><T16/><D70/><U55/><E68/><V15/><F124/><W97/><G117/><T105/><D76/><U63/><E81/><V73/><F39/><W119/><G119/><T130/><D130/><N who="3" m="49673" /><G111/><T61/><D96/><U107/><E107/><V32/><F32/><W29/><G78/><T44/><D105/><U115/><E115/><V108/><F108/><W46/><G46/><T18/><D18/><U75/><E75/><V83/><F132/><W87/><G87/><T6/><D6/><U114/><E114/><V31/><F94/><W25/><G25/><T123/><D123/><U71/><E71/><V90/><F90/><W36/><G36/><T48/><D61/><U106/><E106/><V23/><F74/><W67/><G104/><T134/><D134/><U101/><E101/><V5/><F73/><W62/><G60/><T0/><D0/><U34/><REACH who="1" step="1"/><E13/><REACH who="1" ten="240,230,270,240" step="2"/><V77/><F77/><W109/><G109/><T57/><D38/><U42/><E42/><V98/><F103/><W112/><G112/><T133/><D133/><U72/><E72/><V110/><F110/><W51/><G67/><T8/><D8/><U88/><E88/><V85/><F102/><W99/><G89/><T54/><D54/><U33/><E33/><V27/><F9/><W64/><G64/><T86/><D91/><U40/><E40/><AGARI ba="1,2" hai="16,20,24,40,41,43,44,45,47,48,52,57,84,86" machi="40" ten="40,5200,0" yaku="8,1,54,2" doraHai="2" who="0" fromWho="1" sc="240,75,230,-55,270,0,240,0" /><INIT seed="2,0,0,4,2,5" ten="315,175,270,240" oya="2" hai0="18,39,54,125,71,31,38,45,131,23,26,44,87" hai1="60,86,77,118,84,14,103,89,57,63,53,37,69" hai2="135,9,134,95,29,32,3,36,115,64,66,132,94" hai3="116,41,56,67,2,27,1,91,85,35,82,25,12"/><V47/><F115/><W48/><G116/><T109/><D109/><U121/><E118/><V70/><F29/><W129/><G129/><T113/><D113/><U99/><E37/><V73/><F73/><W11/><G1/><T117/><D117/><U130/><E130/><V110/><F32/><W13/><G13/><T92/><D71/><U108/><E108/><V76/><F76/><W62/><G2/><T79/><D125/><U6/><E121/><V17/><F110/><W81/><G82/><N who="0" m="47583" /><D39/><U7/><E77/><V8/><F3/><W114/><G35/><T40/><D38/><U93/><E86/><V122/><F122/><W98/><G98/><T78/><D78/><U83/><E69/><V90/><F17/><W105/><G105/><T120/><D120/><U119/><E119/><V80/><F80/><W96/><G96/><T61/><D40/><U28/><E28/><V55/><F70/><W58/><G114/><T59/><D131/><U100/><E100/><V43/><F55/><N who="3" m="31847" /><G41/><T51/><D51/><N who="1" m="30911" /><E6/><AGARI ba="0,0" hai="6,11,12,25,27,58,62,67,81,85,91" m="31847" machi="6" ten="30,2000,0" yaku="8,1,52,1" doraHai="5" who="3" fromWho="1" sc="315,0,175,-20,270,0,240,20" /><INIT seed="3,0,0,3,5,77" ten="315,155,270,260" oya="3" hai0="7,129,24,97,107,131,3,108,34,14,31,41,130" hai1="120,8,70,40,65,127,124,80,114,60,98,92,42" hai2="19,66,36,88,23,21,17,105,55,79,81,62,121" hai3="52,53,45,35,90,9,37,74,71,85,64,119,110"/><W28/><G119/><T133/><D133/><U2/><E114/><V38/><F105/><W11/><G74/><T4/><D108/><U100/><E120/><V56/><F121/><W69/><G35/><T106/><D14/><U22/><E22/><V82/><F88/><W132/><G132/><T125/><D125/><N who="1" m="48203" /><E80/><N who="2" m="30827" /><F38/><W61/><G71/><T122/><D122/><U75/><E75/><V128/><F36/><W111/><G28/><T50/><D3/><U27/><E27/><N who="2" m="14767" /><F128/><W117/><G90/><T0/><D0/><U49/><E49/><V103/><F103/><W89/><G89/><T18/><D106/><U112/><E112/><V29/><F79/><W118/><G85/><T57/><D107/><U63/><E63/><V72/><F72/><W116/><G37/><T16/><D129/><U87/><E87/><V76/><F76/><W95/><G95/><T135/><D135/><U126/><E126/><V99/><F99/><W6/><G110/><T15/><D131/><U10/><E2/><V68/><F68/><W86/><G111/><T73/><D73/><U46/><E70/><V13/><F29/><W26/><G86/><T113/><D130/><U96/><E96/><V47/><F47/><W33/><G45/><T78/><D97/><U1/><E46/><V30/><F30/><N who="3" m="19671" /><G116/><T20/><D31/><U12/><E1/><V123/><F123/><W51/><G117/><T67/><D113/><U59/><E98/><V25/><F25/><W101/><G101/><T91/><D24/><U5/><E100/><V115/><F115/><W93/><G118/><T134/><D134/><RYUUKYOKU ba="0,0" sc="315,-10,155,-10,270,30,260,-10" hai2="13,19,23,55,56,62,66" /><INIT seed="4,1,0,5,2,114" ten="305,145,300,250" oya="0" hai0="9,42,71,15,90,18,46,8,115,34,30,20,26" hai1="74,60,56,72,99,104,54,50,27,113,92,73,77" hai2="14,65,12,95,106,84,135,25,111,93,62,1,103" hai3="59,117,101,94,55,119,126,96,125,100,102,64,98"/><T61/><D115/><U7/><E113/><V36/><F1/><W41/><G41/><T88/><D8/><U35/><E104/><V97/><F36/><W68/><G68/><T44/><D44/><U66/><E7/><V39/><F39/><W123/><G64/><T58/><D34/><U19/><E19/><V57/><F111/><W48/><G123/><T51/><REACH who="0" step="1"/><D71/><REACH who="0" ten="295,145,300,250" step="2"/><U109/><E109/><V91/><F135/><W87/><G87/><T133/><D133/><U130/><E35/><V63/><F106/><W75/><G75/><T10/><D10/><U127/><E73/><V121/><F121/><W81/><G81/><T79/><D79/><U67/><E74/><V43/><F43/><W78/><G78/><T85/><D85/><U107/><E107/><V131/><F84/><W69/><G69/><T105/><D105/><U112/><E112/><V33/><F33/><W5/><G5/><T22/><D22/><U40/><E40/><V23/><F23/><W2/><G2/><T21/><D21/><U116/><E77/><V49/><F93/><W3/><G3/><T118/><D118/><N who="3" m="45065" /><G94/><T4/><D4/><U0/><E116/><V31/><F95/><W108/><G108/><T47/><D47/><U53/><E0/><V32/><F32/><W6/><G6/><T45/><D45/><U129/><E72/><V52/><F97/><W83/><G83/><T76/><D76/><U38/><E92/><V110/><F110/><W13/><G98/><T122/><D122/><U24/><E99/><V132/><F132/><W70/><G96/><T17/><D17/><RYUUKYOKU ba="1,1" sc="295,30,145,-10,300,-10,250,-10" hai0="9,15,18,20,26,30,42,46,51,58,61,88,90" /><INIT seed="4,2,1,1,5,122" ten="325,135,290,240" oya="0" hai0="56,16,60,109,43,36,127,45,37,118,42,72,21" hai1="44,92,20,12,49,94,129,15,9,86,73,130,82" hai2="111,131,40,33,34,63,76,124,28,4,102,101,91" hai3="66,107,133,62,55,6,135,10,103,75,19,104,89"/><T98/><D118/><U80/><E73/><V18/><F4/><W83/><G55/><T105/><D127/><U65/><E65/><V11/><F76/><N who="3" m="44447" /><G19/><T113/><D72/><U58/><E58/><V38/><F40/><W100/><G89/><T0/><D0/><U59/><E59/><V106/><F38/><W71/><G100/><T87/><D113/><U68/><E68/><V96/><F101/><W7/><G7/><T69/><D69/><U88/><E20/><V51/><F51/><W115/><G115/><T116/><D116/><U79/><E82/><V1/><F91/><W84/><G84/><T26/><D109/><U53/><E15/><V93/><F1/><N who="3" m="335" /><G103/><T90/><D98/><U35/><E35/><V52/><F96/><W64/><G66/><T132/><D105/><AGARI ba="2,1" hai="62,64,71,104,105,107,133,135" m="335,44447" machi="105" ten="30,1000,0" yaku="23,1" doraHai="122" who="3" fromWho="0" sc="325,-16,135,0,290,0,240,26" /><INIT seed="5,0,0,0,0,50" ten="309,135,290,266" oya="1" hai0="129,12,62,40,38,4,74,68,57,17,122,29,66" hai1="102,100,13,71,75,134,31,72,64,48,99,26,11" hai2="132,41,89,112,56,47,94,126,81,121,55,77,114" hai3="82,24,120,5,49,80,70,111,53,39,128,124,63"/><U104/><E134/><V133/><F121/><W76/><G111/><T106/><D106/><U119/><E119/><V54/><F126/><W34/><G39/><T6/><D74/><U23/><E102/><V9/><F9/><W58/><G124/><T32/><D122/><U130/><E130/><V7/><F7/><W108/><G108/><T115/><D129/><U1/><E1/><V105/><F105/><W16/><G120/><T33/><D33/><U107/><E107/><V67/><F67/><N who="3" m="39415" /><G70/><T91/><D68/><U30/><E30/><V3/><F3/><W15/><G34/><T83/><D38/><U117/><E117/><V131/><F131/><W125/><G76/><T28/><D32/><U0/><E0/><V93/><F56/><N who="3" m="32815" /><G125/><T92/><D115/><N who="2" m="44074" /><F132/><W20/><G128/><T88/><D6/><U18/><REACH who="1" step="1"/><E48/><REACH who="1" ten="309,125,290,266" step="2"/><N who="2" m="26735" /><F133/><W95/><G95/><N who="2" m="36361" /><F89/><W36/><G36/><T8/><D91/><U85/><E85/><AGARI ba="0,1" hai="54,55,77,81,85" m="36361,26735,44074" machi="85" ten="30,7700,0" yaku="15,1,11,1,52,2" doraHai="50" who="2" fromWho="1" sc="309,0,125,-77,290,87,266,0" /><INIT seed="6,0,0,1,0,1" ten="309,48,377,266" oya="2" hai0="38,31,44,83,111,32,90,53,95,69,121,19,20" hai1="104,106,11,7,117,2,33,94,120,103,5,24,36" hai2="54,68,97,35,122,127,56,14,80,99,113,86,9" hai3="108,6,59,98,46,28,45,81,79,102,3,23,100"/><V87/><F122/><W119/><G108/><T126/><D111/><U34/><E94/><V124/><F68/><W12/><G119/><T75/><D121/><U101/><E120/><V37/><F35/><N who="1" m="13321" /><E11/><V70/><F70/><W22/><G3/><T84/><D69/><U134/><E2/><V116/><F37/><W64/><G28/><T55/><D126/><U57/><E57/><V50/><F116/><W78/><G78/><T61/><D61/><U66/><E117/><V13/><F113/><W15/><G79/><T92/><D92/><U125/><E36/><V129/><F129/><W47/><G81/><T107/><D107/><N who="1" m="41003" /><E24/><V62/><F62/><N who="3" m="37983" /><G15/><T42/><D75/><U18/><E18/><V21/><F124/><W8/><G98/><T52/><D31/><U0/><E0/><V60/><F60/><W51/><G51/><T71/><D32/><U123/><E123/><V30/><F127/><W65/><G65/><T17/><D17/><U48/><E66/><V73/><F73/><W4/><G22/><T77/><D20/><U25/><E25/><N who="2" m="16687" /><F14/><N who="3" m="5383" /><G23/><T63/><D19/><U40/><E125/><V110/><F110/><W105/><G105/><T72/><D71/><U74/><E74/><V114/><F13/><W132/><G12/><T43/><D63/><U29/><E29/><V76/><F9/><W128/><G128/><T109/><D109/><U112/><E112/><V85/><F114/><W27/><G27/><T67/><D67/><U82/><E82/><V39/><F39/><W41/><G41/><N who="0" m="22583" /><D72/><U16/><E134/><V26/><F26/><W49/><G132/><RYUUKYOKU ba="0,0" sc="309,15,48,-15,377,15,266,-15" hai0="42,43,52,53,55,77,83,84,90,95" hai2="50,54,56,76,80,85,86,87,97,99" /><INIT seed="6,1,0,5,2,132" ten="324,33,392,251" oya="2" hai0="110,104,13,93,50,43,21,45,88,123,2,98,108" hai1="87,102,99,67,11,35,86,30,23,17,18,89,125" hai2="131,112,16,69,129,83,9,62,70,111,32,15,121" hai3="36,128,4,56,106,71,10,6,39,68,101,60,42"/><V94/><F121/><W65/><G128/><N who="2" m="49225" /><F112/><W114/><G114/><T49/><D123/><U107/><E11/><V24/><F111/><W96/><G4/><T29/><D2/><U53/><E53/><V64/><F94/><W134/><G134/><T57/><D104/><U8/><E8/><V41/><F41/><W80/><G80/><T33/><D33/><U61/><E23/><N who="2" m="13415" /><F83/><W1/><G42/><T34/><D110/><U122/><E122/><V100/><F100/><W82/><G82/><T59/><D108/><U52/><E52/><V103/><F103/><W25/><G25/><N who="0" m="16559" /><D34/><U116/><E116/><V5/><F32/><W75/><G75/><T109/><D109/><U54/><E54/><V44/><F44/><W66/><REACH who="3" step="1"/><G56/><AGARI ba="1,0" hai="5,9,15,56,62,64,69,70" m="13415,49225" machi="56" ten="30,2900,0" yaku="19,1,54,1" doraHai="132" who="2" fromWho="3" sc="324,0,33,0,392,32,251,-32" /><INIT seed="6,2,0,3,0,52" ten="324,33,424,219" oya="2" hai0="131,93,117,69,22,132,15,30,33,84,106,25,96" hai1="3,116,16,20,124,110,79,86,98,120,10,70,113" hai2="76,62,90,12,119,19,61,135,47,38,40,75,60" hai3="109,91,118,71,121,8,133,57,74,13,11,92,87"/><V88/><F119/><W108/><G118/><T82/><D131/><U18/><E116/><V102/><F135/><W95/><G121/><T94/><D132/><U34/><E70/><V56/><F102/><W112/><G133/><T44/><D117/><U43/><E43/><V80/><REACH who="2" step="1"/><F56/><REACH who="2" ten="324,33,414,219" step="2"/><W53/><G71/><T123/><D123/><U68/><E120/><V1/><F1/><W9/><G108/><T6/><D69/><U49/><E68/><V39/><F39/><W42/><G109/><T103/><D44/><U29/><E110/><V111/><F111/><W115/><G57/><T55/><D103/><U107/><E3/><V77/><F77/><W129/><G129/><T35/><D106/><U125/><E79/><V46/><F46/><W23/><G112/><T50/><D50/><U105/><E107/><V58/><F58/><W114/><G115/><T126/><D126/><U31/><E105/><V89/><F89/><W14/><G91/><T97/><D35/><U100/><E49/><V67/><F67/><W17/><G114/><T130/><D33/><U45/><E113/><V0/><F0/><W63/><G63/><T81/><D130/><U85/><E45/><V4/><F4/><W65/><G65/><T59/><D6/><U7/><E34/><V101/><F101/><W66/><G66/><T41/><D59/><U78/><E100/><V127/><F127/><W99/><G42/><T64/><D41/><U36/><E36/><V37/><F37/><W32/><G32/><T5/><D64/><U83/><E7/><V24/><F24/><W73/><G53/><RYUUKYOKU ba="2,1" sc="324,-10,33,-10,414,30,219,-10" hai2="12,19,38,40,47,60,61,62,75,76,80,88,90" /><INIT seed="6,3,1,5,4,63" ten="314,23,444,209" oya="2" hai0="64,7,90,51,1,128,119,62,110,74,41,124,68" hai1="24,86,91,85,79,132,118,126,121,88,36,28,133" hai2="16,49,70,87,65,3,117,42,43,113,13,99,34" hai3="135,92,101,67,130,129,84,98,50,5,109,47,40"/><V14/><F3/><W108/><G5/><T31/><D110/><U8/><E36/><V116/><F34/><W4/><G4/><T120/><D120/><U26/><E8/><V2/><F2/><W111/><G135/><N who="1" m="51786" /><E28/><V105/><F87/><N who="1" m="33289" /><E79/><V80/><F80/><W69/><G84/><T59/><D119/><U45/><E45/><V18/><F49/><W15/><G15/><T61/><D124/><U44/><E44/><V57/><F57/><W96/><G98/><T33/><D74/><U103/><E103/><V37/><F99/><W11/><G11/><T54/><D90/><N who="1" m="34347" /><E126/><V19/><F19/><W20/><G20/><T9/><D9/><U81/><E81/><V89/><F37/><W35/><G35/><T46/><D31/><U60/><E60/><V78/><F13/><W55/><G40/><T25/><D33/><U22/><E22/><V83/><F14/><W17/><G17/><T122/><D7/><U82/><E82/><V66/><F16/><W30/><G30/><T104/><D62/><U21/><E21/><V106/><F18/><W32/><G32/><T77/><D61/><U125/><E125/><V23/><F83/><W38/><G38/><T12/><D12/><U95/><E95/><V107/><F23/><W10/><G10/><T131/><D104/><U39/><E39/><V134/><F107/><W75/><G75/><T115/><D46/><U97/><E97/><V72/><F134/><W93/><G93/><T102/><D102/><U6/><E6/><V52/><F106/><W100/><G100/><T58/><D41/><U29/><E29/><RYUUKYOKU ba="3,1" sc="314,-10,23,-10,444,-10,209,30" hai3="47,50,55,67,69,92,96,101,108,109,111,129,130" /><INIT seed="7,4,1,1,0,18" ten="304,13,434,239" oya="3" hai0="40,106,85,135,75,93,17,105,76,24,35,82,13" hai1="86,101,33,45,61,22,51,38,68,73,50,109,47" hai2="96,3,114,74,25,32,104,31,120,94,30,111,36" hai3="59,41,34,19,16,128,15,49,122,26,28,69,7"/><W12/><G69/><T131/><D131/><U53/><E33/><V5/><F94/><W55/><G122/><T110/><D110/><U100/><E73/><V83/><F31/><W119/><G119/><T20/><D135/><U133/><E109/><V129/><F114/><W78/><G128/><T58/><D40/><U62/><E133/><V81/><F81/><W11/><G78/><T84/><D84/><U54/><E86/><V87/><F87/><W123/><G123/><T116/><D116/><U125/><E125/><V9/><F120/><W43/><REACH who="3" step="1"/><G7/><REACH who="3" ten="304,13,434,229" step="2"/><T88/><REACH who="0" step="1"/><D58/><REACH who="0" ten="294,13,434,229" step="2"/><U66/><E38/><V1/><F36/><W48/><G48/><T79/><D79/><U27/><REACH who="1" step="1"/><E62/><REACH who="1" ten="294,3,434,229" step="2"/><V134/><F129/><W80/><G80/><T70/><D70/><U115/><E115/><V56/><F83/><W130/><G130/><T65/><D65/><U107/><E107/><V52/><F104/><W64/><G64/><T117/><D117/><U97/><E97/><V44/><F96/><W99/><G99/><T91/><D91/><U57/><E57/><V108/><F56/><W21/><AGARI ba="4,4" hai="11,12,15,16,19,21,26,28,34,41,43,49,55,59" machi="21" ten="20,12000,1" yaku="1,1,0,1,7,1,52,1,54,1,53,0" doraHai="18" doraHaiUra="0" who="3" fromWho="3" sc="294,-44,3,-44,434,-44,229,172" owari="250,-15.0,-41,-54.0,390,19.0,401,50.0" /></mjloggm>