<mjloggm ver="2.3"><GO type="169" lobby="0"/><UN n0="%28%EF%BC%BE%CF%89%EF%BC%BE%29%E5%9B%9B%E9%BA%BB%E5%B0%82" n1="%E3%82%A6%E3%83%AB%E3%83%88%E3%83%A9%E7%AB%8B%E7%9B%B4" n2="%E3%82%B4%E3%83%BC%E3%83%AB%E3%83%87%E3%83%B3%E3%81%B2%E3%82%88%E3%81%93" n3="%72%65%6F%5F%42%42" dan="16,18,16,17" rate="2098.06,2259.67,2165.74,2153.08" sx="F,M,M,M"/><TAIKYOKU oya="0"/><INIT seed="0,0,0,4,5,132" ten="250,250,250,250" oya="0" hai0="18,26,119,62,13,93,31,123,88,39,63,5,27" hai1="72,92,91,56,131,33,38,22,135,75,89,104,105" hai2="84,41,78,68,130,46,37,21,69,100,116,24,47" hai3="12,82,17,51,87,71,58,15,54,60,124,112,61"/><T30/><D119/><U28/><E33/><V113/><F116/><W59/><G112/><T1/><D39/><U49/><E38/><V106/><F113/><W109/><G109/><T50/><D123/><U126/><E49/><V101/><F130/><W70/><G124/><T83/><D1/><U0/><E56/><V43/><F78/><W81/><G51/><T120/><D120/><U102/><E22/><V19/><F84/><W114/><G114/><T55/><D83/><U80/><E28/><N who="0" m="10793" /><D5/><U66/><E66/><V73/><F73/><N who="1" m="28233" /><E0/><V95/><F95/><W122/><G81/><T117/><D117/><U23/><E23/><V16/><F106/><N who="1" m="41065" /><E131/><V32/><F32/><W25/><G25/><N who="0" m="9227" /><D18/><U67/><E67/><V86/><F86/><W64/><G12/><T129/><D13/><U76/><E135/><V98/><F19/><W42/><G122/><T85/><D129/><U2/><E126/><V103/><REACH who="2" step="1"/><F98/><REACH who="2" ten="250,250,240,250" step="2"/><W77/><G42/><T36/><D36/><AGARI ba="0,1" hai="16,21,24,36,37,41,43,46,47,68,69,100,101,103" machi="36" ten="40,8000,1" yaku="1,1,2,1,9,1,54,1,53,0" doraHai="132" doraHaiUra="8" who="2" fromWho="0" sc="250,-80,250,0,240,90,250,0" /><INIT seed="1,0,0,0,4,87" ten="170,250,330,250" oya="1" hai0="71,118,67,109,90,25,123,3,56,70,94,36,61" hai1="2,34,113,1,115,51,125,47,134,31,41,91,101" hai2="127,11,110,63,40,7,19,99,55,21,75,64,60" hai3="52,83,106,124,0,50,122,114,92,68,42,9,65"/><U43/><E101/><V93/><F75/><W102/><G106/><T72/><D118/><U46/><E31/><V96/><F110/><W103/><G42/><T119/><D119/><U108/><E34/><V82/><F127/><W24/><G114/><T86/><D72/><U73/><E73/><V89/><F40/><W120/><G103/><T18/><D36/><U81/><E134/><V105/><F82/><W12/><G0/><T29/><D109/><U28/><E28/><V133/><F133/><W80/><G24/><T78/><D123/><U131/><E108/><V100/><F55/><W66/><G68/><T49/><D3/><U97/><E81/><V85/><F99/><W17/><G66/><T129/><D129/><U53/><E97/><V44/><F44/><W33/><G65/><T58/><D78/><U22/><E22/><V69/><F63/><W13/><G33/><T84/><D18/><U8/><E53/><V37/><F37/><W10/><G124/><T116/><D116/><U54/><E54/><V59/><F64/><W104/><G104/><T38/><D38/><U6/><E125/><V126/><F126/><W76/><G76/><T98/><D49/><N who="1" m="26831" /><E1/><V14/><F69/><W132/><G132/><T112/><D112/><N who="1" m="43083" /><E131/><V5/><F21/><W26/><G26/><T32/><REACH who="0" step="1"/><D71/><REACH who="0" ten="160,250,330,250" step="2"/><U121/><E121/><V30/><F30/><W62/><G50/><T35/><D35/><U20/><E20/><V15/><F19/><N who="3" m="8591" /><G122/><T27/><D27/><U74/><E74/><V128/><F128/><W4/><G120/><T111/><D111/><U16/><E16/><RYUUKYOKU ba="0,1" sc="160,15,250,15,330,-15,250,-15" hai0="25,29,32,56,58,61,67,70,84,86,90,94,98" hai1="2,6,8,43,47,51,91" /><INIT seed="1,1,1,4,2,78" ten="175,265,315,235" oya="1" hai0="121,90,94,108,71,49,100,87,17,104,34,19,111" hai1="5,131,47,89,13,8,0,99,134,42,101,46,58" hai2="72,37,93,83,16,123,57,43,77,127,26,60,125" hai3="109,21,116,50,130,96,135,41,10,14,110,69,114"/><U33/><E33/><V129/><F123/><W84/><G114/><T67/><D34/><U55/><E131/><V106/><F106/><W98/><G69/><T15/><D121/><U120/><E120/><V85/><F129/><W20/><G135/><T70/><D49/><U117/><E117/><V86/><F37/><W2/><G2/><T4/><D4/><U132/><E89/><N who="2" m="53431" /><F43/><W107/><G107/><T27/><D27/><U59/><E0/><V45/><F45/><W102/><G102/><T73/><D73/><U113/><E113/><V62/><F72/><W6/><G41/><T68/><D67/><U74/><E74/><V28/><F16/><W126/><G6/><T128/><D128/><U31/><E31/><V124/><F57/><W22/><G22/><AGARI ba="1,1" hai="22,26,28,60,62,77,83,85,124,125,127" m="53431" machi="22" ten="30,2000,0" yaku="18,1,52,1" doraHai="78" who="2" fromWho="3" sc="175,0,265,0,315,33,235,-23" /><INIT seed="2,0,0,5,4,22" ten="175,265,348,212" oya="2" hai0="103,40,122,48,74,42,19,100,83,11,39,5,25" hai1="98,96,66,93,26,116,32,120,79,34,67,89,55" hai2="102,0,37,94,133,7,36,108,64,82,14,59,121" hai3="115,109,81,23,112,78,65,71,45,60,4,73,130"/><V92/><F121/><W113/><G109/><T101/><D122/><U80/><E116/><V90/><F108/><W54/><G130/><T20/><D39/><U106/><E120/><V52/><F0/><W119/><G119/><T47/><D74/><U50/><E106/><V88/><F64/><W131/><G131/><T68/><D68/><U117/><E98/><N who="2" m="59735" /><F37/><W51/><G4/><T135/><D135/><U128/><E128/><V49/><F36/><W57/><REACH who="3" step="1"/><G23/><REACH who="3" ten="175,265,348,202" step="2"/><T18/><D83/><U30/><E117/><V13/><F7/><W46/><AGARI ba="0,1" hai="45,46,51,54,57,60,65,71,73,78,81,112,113,115" machi="46" ten="40,8000,1" yaku="1,1,2,1,0,1,11,1,53,1" doraHai="22" doraHaiUra="56" who="3" fromWho="3" sc="175,-20,265,-20,348,-40,202,90" /><INIT seed="3,0,0,3,2,132" ten="155,245,308,292" oya="3" hai0="135,28,114,76,126,79,77,40,96,46,134,41,26" hai1="75,43,91,129,35,3,23,107,34,115,67,63,102" hai2="68,93,106,38,118,30,69,97,17,66,33,8,60" hai3="29,18,7,47,101,20,92,52,59,1,78,104,105"/><W49/><G29/><T94/><D114/><U16/><E75/><V87/><F118/><W51/><G78/><T9/><D9/><U131/><E3/><V36/><F69/><W109/><G109/><T89/><D126/><U84/><E43/><V130/><F130/><N who="1" m="49673" /><E102/><N who="2" m="62799" /><F87/><W128/><G128/><T21/><REACH who="0" step="1"/><D40/><REACH who="0" ten="145,245,308,292" step="2"/><U125/><E125/><V6/><F8/><W61/><G1/><T100/><D100/><U58/><E115/><V10/><F10/><W123/><G101/><T86/><D86/><U70/><E107/><V62/><F6/><W116/><G7/><T95/><D95/><N who="1" m="54759" /><E70/><V32/><F93/><W37/><G92/><T98/><D98/><U27/><AGARI ba="0,1" hai="16,23,27,34,35,58,63,67" m="54759,49673" machi="27" ten="30,2000,0" yaku="19,1,54,1" doraHai="132" who="1" fromWho="1" sc="145,-5,245,30,308,-5,292,-10" /><INIT seed="4,0,0,5,1,134" ten="140,275,303,282" oya="0" hai0="32,5,25,133,129,26,55,97,12,48,87,60,49" hai1="73,128,19,4,76,36,72,34,84,52,9,57,106" hai2="39,53,64,54,14,103,8,105,22,96,124,130,46" hai3="13,114,113,101,47,99,66,23,122,119,92,17,71"/><T2/><D133/><U68/><E68/><V0/><F130/><W38/><G119/><T40/><D2/><U35/><E106/><V15/><F64/><W123/><G47/><N who="0" m="25703" /><D32/><U82/><E128/><V20/><F0/><W90/><G38/><T102/><D129/><U83/><E19/><V43/><F22/><W44/><G44/><N who="0" m="28071" /><D60/><U110/><E36/><V30/><F15/><W126/><G66/><T135/><D135/><U77/><E84/><V127/><F20/><W37/><G71/><T108/><D108/><U109/><E109/><V75/><F30/><W94/><G37/><T70/><D70/><U10/><E110/><V33/><F33/><W74/><G74/><T51/><D51/><U115/><E115/><N who="3" m="44042" /><G126/><N who="2" m="48169" /><F75/><W132/><G132/><T31/><D31/><U111/><E111/><V24/><F24/><N who="0" m="9322" /><D87/><AGARI ba="0,0" hai="13,17,23,87,90,92,94,99,101,122,123" m="44042" machi="87" ten="30,1000,0" yaku="15,1" doraHai="134" who="3" fromWho="0" sc="140,-10,275,0,303,0,282,10" /><INIT seed="5,0,0,0,0,78" ten="130,275,303,292" oya="1" hai0="17,88,114,105,53,18,95,81,50,128,130,71,9" hai1="52,23,29,30,25,47,64,16,96,24,51,122,127" hai2="68,111,32,2,74,57,82,104,115,93,116,38,6" hai3="83,101,80,70,133,108,21,94,69,62,99,119,26"/><U60/><E127/><V10/><RYUUKYOKU type="yao9" ba="0,0" sc="130,0,275,0,303,0,292,0" hai2="2,6,10,32,38,57,68,74,82,93,104,111,115,116" /><INIT seed="5,1,0,0,5,61" ten="130,275,303,292" oya="1" hai0="122,31,126,99,117,118,70,107,60,45,14,51,106" hai1="103,24,57,89,113,120,62,80,91,123,71,121,72" hai2="104,87,73,0,93,6,43,52,90,133,55,16,41" hai3="33,75,44,46,36,97,25,112,77,23,102,125,130"/><U22/><E113/><V78/><F104/><W2/><G33/><T20/><D122/><U86/><E103/><V88/><F0/><W30/><G130/><T50/><D126/><U100/><E100/><V11/><F6/><W28/><G125/><T101/><D106/><U83/><E71/><V66/><F133/><W13/><G112/><T68/><D51/><U4/><E4/><V109/><F109/><W27/><G13/><T47/><D47/><U12/><E12/><N who="2" m="7199" /><F73/><W127/><G127/><T131/><D131/><U53/><E72/><V67/><F78/><W135/><G135/><T8/><D20/><U49/><E49/><V56/><F90/><W18/><G30/><T63/><D31/><U110/><E110/><V21/><F21/><W94/><G36/><T82/><D82/><U85/><REACH who="1" step="1"/><E123/><REACH who="1" ten="130,265,303,292" step="2"/><V95/><F95/><W65/><G94/><T37/><D37/><U124/><E124/><V5/><F5/><W15/><G75/><T74/><D74/><U132/><E132/><V134/><F134/><W59/><G102/><T111/><D111/><U38/><E38/><V115/><F115/><W54/><G15/><T69/><D60/><U42/><E42/><N who="2" m="15883" /><F55/><W7/><G54/><T114/><D114/><U58/><E58/><V19/><F19/><AGARI ba="1,1" hai="19,22,24,53,57,62,80,83,85,86,89,91,120,121" machi="19" ten="30,5800,0" yaku="1,1,7,1,9,1,53,0" doraHai="61" doraHaiUra="108" who="1" fromWho="2" sc="130,0,265,71,303,-61,292,0" /><INIT seed="5,2,0,0,2,22" ten="130,336,242,292" oya="1" hai0="63,121,92,28,48,44,17,34,74,131,46,83,124" hai1="62,82,132,49,35,11,118,72,129,73,107,26,123" hai2="122,33,110,88,126,89,57,97,27,56,135,59,24" hai3="128,78,50,61,95,14,87,12,100,105,67,98,47"/><U66/><E107/><V37/><F122/><W130/><G78/><T119/><D119/><U120/><E118/><V55/><F110/><W86/><G86/><T13/><D121/><U42/><E49/><V43/><F126/><W71/><G87/><T29/><D124/><U77/><E42/><V111/><F111/><W80/><G80/><T3/><D3/><U96/><E96/><V58/><F135/><W39/><G39/><T101/><D131/><N who="3" m="50217" /><G95/><T109/><D109/><U79/><E11/><V53/><F37/><W31/><G31/><T4/><D4/><U112/><E112/><V6/><F43/><AGARI ba="2,0" hai="12,14,43,47,50,61,67,71,98,100,105" m="50217" machi="43" ten="30,1000,0" yaku="19,1" doraHai="22" who="3" fromWho="2" sc="130,0,336,0,242,-16,292,16" /><INIT seed="6,0,0,5,5,123" ten="130,336,226,308" oya="2" hai0="67,133,92,7,27,91,29,118,68,37,102,53,130" hai1="49,16,117,101,17,100,106,35,94,32,90,21,75" hai2="22,108,89,10,12,115,40,70,44,0,41,124,3" hai3="105,63,84,131,87,66,111,121,51,78,31,128,47"/><V93/><F70/><W52/><G111/><T60/><D130/><N who="3" m="49705" /><G105/><T64/><D133/><U38/><E38/><V2/><F108/><W134/><G121/><T132/><D132/><U6/><E6/><V62/><F124/><W30/><G134/><T15/><D118/><U81/><E17/><V18/><F115/><W71/><G78/><T97/><D37/><U119/><E49/><V34/><F34/><W48/><G48/><T8/><D67/><U88/><E90/><V28/><F62/><W14/><G14/><T110/><D110/><U122/><E101/><V65/><F65/><W103/><G103/><T61/><D61/><U36/><E36/><V46/><F28/><AGARI ba="0,0" hai="28,30,31,47,51,52,63,66,71,84,87" m="49705" machi="28" ten="30,2000,0" yaku="19,1,54,1" doraHai="123" who="3" fromWho="2" sc="130,0,336,0,226,-20,308,20" /><INIT seed="7,0,0,5,1,94" ten="130,336,206,328" oya="3" hai0="130,29,113,93,112,110,40,47,69,59,86,127,80" hai1="22,100,0,101,1,109,81,119,11,134,19,44,21" hai2="67,25,99,63,14,123,38,36,82,45,102,65,124" hai3="13,126,20,103,133,108,128,75,76,15,60,90,57"/><W52/><G103/><T43/><D69/><U6/><E109/><V27/><F124/><W71/><G108/><T132/><D110/><U10/><E134/><V105/><F123/><W54/><G126/><T118/><D127/><U48/><E119/><V79/><F14/><W61/><G133/><T104/><D104/><U131/><E131/><V53/><F67/><W30/><G128/><T97/><D118/><U5/><E81/><V42/><F38/><W73/><G71/><T7/><D130/><U125/><E125/><V39/><F39/><W74/><G90/><T56/><D132/><U98/><E19/><V46/><F46/><W107/><G107/><T18/><D29/><U85/><E85/><V12/><F12/><W106/><G106/><T121/><D121/><U31/><E31/><V78/><F53/><W62/><G76/><N who="0" m="46343" /><D7/><U114/><E114/><N who="0" m="44137" /><D18/><U115/><E115/><V92/><F105/><W17/><G30/><T37/><D40/><U51/><E44/><V91/><F42/><W24/><G62/><T26/><D26/><U32/><E32/><V8/><F45/><W89/><G89/><T87/><D87/><U120/><E120/><V16/><F27/><W116/><G116/><T66/><D66/><U3/><E3/><V84/><F25/><W9/><G9/><T4/><D4/><U28/><E28/><V117/><F8/><W70/><G70/><T58/><D93/><U2/><E2/><V88/><F117/><W33/><G33/><T50/><D37/><U23/><E101/><V41/><F102/><W34/><G34/><T122/><D122/><RYUUKYOKU ba="0,0" sc="130,10,336,10,206,-30,328,10" hai0="43,47,50,56,58,59,97" hai1="0,1,5,6,10,11,21,22,23,48,51,98,100" hai3="13,15,17,20,24,52,54,57,60,61,73,74,75" /><INIT seed="7,1,0,4,0,71" ten="140,346,176,338" oya="3" hai0="132,58,5,78,19,37,102,126,114,105,111,95,107" hai1="96,25,90,11,42,14,135,84,21,29,65,76,89" hai2="85,22,34,81,18,70,38,24,98,57,122,91,106" hai3="93,39,115,15,127,64,66,6,117,56,13,110,99"/><W94/><G117/><T2/><D111/><U88/><E135/><V32/><F70/><W131/><G110/><T77/><D19/><U87/><E65/><V82/><F38/><W119/><G119/><T63/><D5/><N who="1" m="3439" /><E42/><V133/><F122/><W92/><G39/><T3/><D37/><U72/><E72/><V83/><F133/><W86/><G115/><T54/><D132/><U49/><E49/><V23/><F34/><W8/><G131/><T125/><D114/><U68/><E68/><V16/><F32/><W100/><G127/><T62/><D95/><N who="3" m="36425" /><G15/><T52/><D58/><U33/><E33/><V108/><F108/><W112/><G112/><T116/><D116/><U80/><E87/><V109/><F109/><W75/><G75/><T51/><REACH who="0" step="1"/><D51/><REACH who="0" ten="130,346,176,338" step="2"/><U41/><E41/><V50/><F50/><W104/><G104/><T97/><D97/><AGARI ba="1,1" hai="21,25,29,76,80,84,88,89,90,96,97" m="3439" machi="97" ten="30,2000,0" yaku="8,1,54,1" doraHai="71" who="1" fromWho="0" sc="130,-23,346,33,176,0,338,0" owari="107,-39.0,379,47.0,176,-22.0,338,14.0" /></mjloggm>