<mjloggm ver="2.3"><GO type="169" lobby="0"/><UN n0="%E3%82%82%E3%82%84%E3%81%97%E3%82%82%E3%82%93" n1="%E6%B8%85%E7%AB%9C%E9%97%98%E5%A3%AB" n2="%E5%B0%B1%E6%B4%BB%E7%94%9F%40%E5%B7%9D%E6%9D%91%E8%BB%8D%E5%9B%A3" n3="%E8%B6%85%E3%82%A4%E3%83%B3%E3%82%BF%E3%83%BC%E3%83%8D%E3%83%83%E3%83%88" dan="16,16,19,17" rate="2137.35,2086.30,2327.79,2181.76" sx="F,M,M,M"/><TAIKYOKU oya="0"/><INIT seed="0,0,0,2,4,3" ten="250,250,250,250" oya="0" hai0="56,39,87,114,116,23,128,98,49,30,11,97,51" hai1="62,90,119,64,36,123,7,53,129,44,46,72,45" hai2="1,79,18,124,35,67,70,5,26,37,125,28,47" hai3="83,110,24,69,115,60,75,135,109,58,10,84,6"/><T19/><D114/><U134/><E72/><V81/><F67/><W68/><G115/><T74/><D116/><U34/><E34/><V32/><F70/><W118/><G75/><T52/><D74/><U17/><E119/><V96/><F96/><N who="0" m="36970" /><D39/><U31/><E31/><V78/><F32/><W43/><G118/><T130/><D30/><U105/><E105/><V20/><F79/><W86/><G135/><T127/><D11/><U65/><E123/><V33/><F33/><W108/><G43/><T107/><D107/><U93/><E36/><V59/><F59/><W112/><G112/><T111/><D127/><N who="2" m="48714" /><F81/><W117/><G117/><T88/><D111/><U73/><E73/><V8/><F78/><W94/><G69/><T66/><D66/><U121/><E121/><V41/><F35/><W71/><G68/><T25/><D128/><U100/><E129/><V4/><F1/><W40/><G71/><T92/><D130/><U16/><E100/><V132/><F132/><W133/><G133/><T15/><D25/><U131/><E131/><V63/><F63/><AGARI ba="0,0" hai="15,19,23,49,51,52,56,63,87,88,92" m="36970" machi="63" ten="30,5800,0" yaku="8,1,54,2" doraHai="3" who="0" fromWho="2" sc="250,58,250,0,250,-58,250,0" /><INIT seed="0,1,0,5,5,112" ten="308,250,192,250" oya="0" hai0="72,19,131,64,121,83,119,29,93,45,108,33,39" hai1="8,73,44,32,0,99,106,126,101,40,60,3,7" hai2="25,92,31,57,117,129,105,47,81,58,27,115,67" hai3="15,116,2,114,48,76,30,38,102,74,35,55,36"/><T130/><D121/><U111/><E111/><V85/><F105/><W82/><G2/><T52/><D108/><U127/><E60/><V63/><F115/><W122/><G114/><T24/><D64/><U68/><E32/><V86/><F129/><N who="0" m="49162" /><D93/><U62/><E3/><V70/><F117/><W95/><G116/><T1/><D1/><U123/><E123/><V18/><F47/><W61/><G122/><T71/><D71/><U43/><E43/><V109/><F109/><W104/><G104/><T100/><D100/><U34/><E34/><V14/><F92/><W22/><G95/><T84/><D72/><U50/><E73/><V135/><F135/><W66/><G102/><T78/><D19/><U17/><E17/><V11/><F85/><W46/><G35/><T125/><D125/><N who="1" m="47627" /><E62/><V107/><F107/><W51/><G30/><T9/><D9/><U97/><E99/><V53/><F31/><W88/><G61/><T65/><D65/><U6/><E7/><V103/><F103/><W91/><G66/><T49/><D39/><U26/><E26/><V80/><F80/><W16/><REACH who="3" step="1"/><G51/><REACH who="3" ten="308,250,192,240" step="2"/><T13/><D119/><U94/><E94/><V110/><F110/><W41/><G41/><T28/><D29/><U59/><E68/><V87/><F70/><W42/><G42/><T10/><D28/><U20/><E106/><V4/><F67/><W12/><G12/><T120/><D120/><U128/><E128/><V132/><F14/><W90/><AGARI ba="1,1" hai="15,16,22,36,38,46,48,55,74,76,82,88,90,91" machi="90" ten="30,8000,1" yaku="1,1,0,1,54,2,53,1" doraHai="112" doraHaiUra="77" who="3" fromWho="3" sc="308,-41,250,-21,192,-21,240,93" /><INIT seed="1,0,0,2,3,31" ten="267,229,171,333" oya="1" hai0="113,14,103,45,67,75,28,50,41,47,65,95,16" hai1="130,29,58,37,93,79,121,100,90,26,89,122,51" hai2="71,97,3,74,101,128,133,124,43,21,22,27,6" hai3="125,17,61,2,115,129,68,7,85,80,39,15,49"/><U40/><E37/><V111/><F74/><W102/><G39/><T117/><D113/><U106/><E79/><V69/><F111/><W32/><G115/><T92/><D117/><U48/><E106/><V62/><F128/><W38/><G38/><T12/><D75/><U108/><E100/><V123/><F123/><W98/><G32/><T86/><D28/><U20/><E130/><V120/><F120/><W34/><G34/><T30/><D30/><U77/><E77/><V11/><F124/><W110/><G110/><T96/><D14/><U9/><E90/><V104/><F133/><W0/><G125/><T36/><D92/><U87/><E108/><V91/><F43/><W84/><G129/><T88/><D103/><U64/><E9/><V99/><F62/><W127/><G127/><T94/><D95/><U72/><E72/><V66/><F66/><N who="3" m="41039" /><G49/><N who="0" m="26799" /><D96/><U60/><REACH who="1" step="1"/><E51/><REACH who="1" ten="267,219,171,333" step="2"/><V112/><F112/><W44/><G102/><T13/><D36/><U119/><E119/><V63/><F91/><W5/><G2/><T78/><D78/><U116/><E116/><V73/><F73/><W54/><G0/><T109/><D109/><U107/><E107/><V126/><F126/><W53/><G7/><T52/><D12/><U118/><E118/><V33/><F101/><W46/><G5/><T76/><D76/><U83/><E83/><V134/><F104/><W131/><G80/><T132/><D132/><U25/><E25/><V24/><F134/><W18/><G15/><T35/><D35/><U42/><E42/><V57/><F33/><W70/><G131/><T19/><D13/><RYUUKYOKU ba="0,1" sc="267,15,219,15,171,-15,333,-15" hai0="16,19,47,50,52,65,67,86,88,94" hai1="20,26,29,40,48,58,60,64,87,89,93,121,122" /><INIT seed="1,1,1,2,5,26" ten="282,234,156,318" oya="1" hai0="122,46,2,24,55,114,77,72,80,56,90,1,84" hai1="34,53,88,60,133,27,85,42,119,105,130,17,86" hai2="39,49,35,18,75,117,36,10,29,70,30,48,128" hai3="73,41,135,91,104,43,126,100,64,6,112,21,9"/><U82/><E105/><V89/><F70/><W111/><G73/><T50/><D114/><U16/><E119/><V109/><F75/><W115/><G111/><T65/><D122/><U99/><E133/><V11/><F117/><W120/><G120/><T33/><D65/><U37/><E130/><V116/><F116/><W12/><G135/><T97/><D97/><U67/><E53/><V93/><F35/><W124/><G64/><T118/><D118/><U62/><E86/><V57/><F109/><W66/><G66/><T113/><D113/><U68/><E62/><V71/><F71/><W47/><G91/><T25/><D46/><U22/><E34/><V52/><F128/><W58/><G58/><T20/><D33/><U83/><E99/><N who="2" m="57775" /><F39/><W79/><G79/><T102/><D102/><U106/><E106/><V121/><F36/><W38/><G41/><T61/><D50/><N who="2" m="19562" /><F121/><W69/><G69/><T54/><D54/><U92/><REACH who="1" step="1"/><E17/><REACH who="1" ten="282,224,156,318" step="2"/><V107/><F107/><W40/><G112/><T14/><D72/><U0/><E0/><V19/><F19/><N who="3" m="10471" /><G115/><T132/><D132/><U110/><E110/><V81/><F18/><W101/><G104/><T45/><D61/><U44/><AGARI ba="1,2" hai="16,22,27,37,42,44,60,67,68,82,83,85,88,92" machi="44" ten="30,11700,0" yaku="1,1,0,1,54,2,53,0" doraHai="26" doraHaiUra="3" who="1" fromWho="1" sc="282,-40,224,140,156,-40,318,-40" /><INIT seed="1,2,0,4,4,100" ten="242,364,116,278" oya="1" hai0="134,133,130,135,17,107,41,119,120,72,8,66,49" hai1="56,114,21,39,1,109,44,82,113,77,60,112,15" hai2="20,67,25,73,115,92,124,26,125,116,50,13,68" hai3="122,22,89,94,12,32,132,86,24,48,121,76,106"/><U47/><E1/><V78/><F116/><W87/><G132/><T11/><D119/><U16/><E39/><V34/><F115/><W88/><G76/><T23/><D72/><U2/><E2/><V64/><F34/><W31/><G106/><T65/><D130/><U108/><E60/><V51/><F73/><W74/><G74/><T55/><D41/><U70/><E56/><V105/><F78/><W7/><G48/><N who="2" m="18473" /><F105/><W43/><G43/><T30/><D107/><U91/><E70/><V80/><F80/><W5/><G32/><T37/><D37/><U45/><E91/><V10/><F68/><W93/><REACH who="3" step="1"/><G12/><REACH who="3" ten="242,364,116,268" step="2"/><N who="0" m="9639" /><D120/><AGARI ba="2,1" hai="5,7,22,24,31,86,87,88,89,93,94,120,121,122" machi="120" ten="40,5200,0" yaku="1,1,9,1,54,1,53,0" doraHai="100" doraHaiUra="4" who="3" fromWho="0" sc="242,-58,364,0,116,0,268,68" /><INIT seed="2,0,0,1,5,5" ten="184,364,116,336" oya="2" hai0="122,97,91,104,128,132,96,39,85,115,9,110,35" hai1="24,73,37,70,83,27,133,12,17,21,0,22,75" hai2="135,58,25,54,72,30,41,8,112,125,74,129,7" hai3="43,90,68,117,11,2,15,34,14,124,62,101,55"/><V123/><F123/><W100/><G34/><T59/><D122/><U80/><E70/><V111/><F112/><W31/><G31/><T65/><D115/><U6/><E37/><V20/><F129/><W77/><G117/><T127/><D128/><U134/><E12/><V29/><F135/><N who="1" m="51721" /><E6/><V99/><F125/><W108/><G77/><T10/><D35/><U52/><E0/><V51/><F30/><W49/><G43/><T98/><D104/><U44/><E75/><V1/><F111/><W102/><G2/><T130/><D39/><U78/><E83/><V23/><F41/><W121/><G121/><T66/><D127/><U126/><E126/><V3/><F23/><N who="1" m="8713" /><E17/><V60/><F1/><W67/><G108/><T18/><D110/><U13/><E13/><V26/><F26/><W61/><G124/><T114/><D114/><U106/><E106/><V94/><REACH who="2" step="1"/><F51/><AGARI ba="0,0" hai="24,27,44,51,52,73,78,80" m="8713,51721" machi="51" ten="30,2000,0" yaku="20,1,54,1" doraHai="5" who="1" fromWho="2" sc="184,0,364,20,116,-20,336,0" /><INIT seed="3,0,0,0,4,129" ten="184,384,96,336" oya="3" hai0="40,99,87,120,31,58,68,123,3,39,106,113,78" hai1="115,118,47,90,116,56,114,28,135,29,109,66,46" hai2="130,111,107,12,131,20,45,4,89,122,18,2,36" hai3="95,119,97,23,26,79,128,60,83,96,69,51,67"/><W110/><G119/><N who="1" m="45610" /><E90/><V50/><F107/><W101/><G128/><N who="2" m="49193" /><F36/><W133/><G110/><T108/><D31/><N who="1" m="11851" /><E109/><V54/><F111/><W85/><G51/><T14/><D14/><U64/><E135/><V21/><F122/><W57/><G133/><T33/><D87/><U43/><E56/><V127/><F127/><W9/><G9/><T77/><D106/><U30/><N who="1" m="11859" /><U13/><DORA hai="124" /><E13/><V134/><F89/><W7/><G7/><T93/><D40/><U34/><E34/><V19/><F134/><W41/><G41/><T73/><D39/><N who="1" m="21887" /><E47/><V55/><F2/><W117/><G117/><T81/><D58/><U59/><E59/><V65/><F65/><AGARI ba="0,0" hai="64,65,66,114,115" m="21887,11859,45610" machi="65" ten="40,1300,0" yaku="12,1" doraHai="129,124" who="1" fromWho="2" sc="184,0,384,13,96,-13,336,0" /><INIT seed="4,0,0,1,1,7" ten="184,397,83,336" oya="0" hai0="83,40,131,16,129,114,105,96,98,70,10,33,99" hai1="124,65,117,108,20,126,9,49,32,106,6,42,85" hai2="38,0,48,116,88,89,5,87,53,52,54,8,12" hai3="75,62,73,25,15,128,112,81,118,102,95,71,123"/><T60/><D114/><U111/><E32/><V37/><F116/><W55/><G118/><T82/><D105/><U50/><E106/><V127/><F127/><N who="1" m="48681" /><E20/><V11/><F48/><N who="1" m="18537" /><E42/><V122/><F122/><W19/><G112/><T67/><D33/><U66/><E85/><V22/><F22/><W134/><G123/><T115/><D40/><U119/><E9/><V97/><F97/><W21/><G75/><T47/><D47/><U45/><E45/><V125/><F125/><W51/><G73/><T35/><D35/><U23/><E23/><V69/><F69/><W29/><G71/><T13/><REACH who="0" step="1"/><D115/><REACH who="0" ten="174,397,83,336" step="2"/><U27/><E119/><V80/><REACH who="2" step="1"/><F89/><REACH who="2" ten="174,397,73,336" step="2"/><W93/><G29/><T43/><D43/><U18/><E117/><V110/><F110/><W104/><G25/><T92/><D92/><U64/><E111/><V14/><F14/><W90/><G15/><T57/><D57/><U36/><E108/><V41/><F41/><W24/><G93/><T59/><D59/><U113/><E113/><V130/><F130/><AGARI ba="0,2" hai="10,13,16,60,67,70,82,83,96,98,99,129,130,131" machi="130" ten="40,12000,1" yaku="1,1,19,1,52,1,54,1,53,0" doraHai="7" doraHaiUra="46" who="0" fromWho="2" sc="174,140,397,0,73,-120,336,0" owari="314,-9.0,397,50.0,-47,-55.0,336,14.0" /></mjloggm>