<mjloggm ver="2.3"><GO type="169" lobby="0"/><UN n0="%41%79%6F%75%46" n1="%E3%83%88%E3%83%88%E3%83%AA%E5%85%88%E7%94%9F%31%39%E6%AD%B3" n2="%E9%9D%92%E7%8C%AB" n3="%73%61%69%72%61%73%75" dan="18,19,17,17" rate="2230.27,2314.47,2093.55,2197.03" sx="M,F,M,M"/><TAIKYOKU oya="0"/><INIT seed="0,0,0,2,2,123" ten="250,250,250,250" oya="0" hai0="119,37,10,51,13,81,46,105,80,0,106,43,87" hai1="89,84,94,71,134,42,135,117,122,73,23,96,111" hai2="28,19,47,66,56,49,35,48,14,91,92,63,62" hai3="75,11,120,102,3,5,20,115,60,65,133,107,18"/><T29/><D119/><U30/><E71/><V130/><F130/><W116/><G115/><T25/><D0/><U125/><E117/><V12/><F35/><W50/><G116/><T67/><D37/><U7/><E122/><V24/><F62/><W95/><G120/><T55/><D67/><U69/><E69/><V4/><F4/><W70/><G75/><T78/><D81/><U52/><E73/><V8/><F12/><W68/><G133/><T26/><D55/><U112/><E42/><V121/><F121/><W103/><G107/><T17/><REACH who="0" step="1"/><D26/><REACH who="0" ten="240,250,250,250" step="2"/><N who="1" m="16735" /><E52/><V124/><F24/><W93/><G65/><T118/><D118/><U27/><E27/><V97/><F66/><W38/><G38/><T6/><D6/><U101/><E7/><V16/><F49/><W45/><G5/><T34/><AGARI ba="0,1" hai="10,13,17,25,29,34,43,46,51,78,80,87,105,106" machi="34" ten="20,3900,0" yaku="1,1,0,1,7,1,53,0" doraHai="123" doraHaiUra="108" who="0" fromWho="0" sc="240,49,250,-13,250,-13,250,-13" /><INIT seed="0,1,0,1,0,70" ten="289,237,237,237" oya="0" hai0="44,84,56,130,68,25,101,103,128,133,5,100,94" hai1="10,107,0,90,14,114,75,79,41,37,57,39,33" hai2="61,125,123,102,22,105,31,4,60,86,55,132,42" hai3="124,129,63,134,96,76,35,15,131,17,111,30,45"/><T117/><D68/><U83/><E33/><V9/><F123/><W46/><G111/><T87/><D5/><U51/><E107/><V29/><F132/><W104/><G134/><T122/><D133/><U6/><E114/><V12/><F125/><W40/><G76/><T98/><D122/><U69/><E69/><V20/><F102/><N who="0" m="39530" /><D56/><U8/><E90/><V71/><F105/><W11/><G96/><T34/><D44/><U95/><E95/><V118/><F118/><W73/><G73/><T82/><D25/><U121/><E121/><V28/><F71/><W59/><G124/><T135/><D34/><U1/><E1/><V116/><F116/><W110/><G110/><T126/><D135/><U13/><E0/><V93/><F42/><W58/><G46/><T53/><D53/><U50/><E41/><V16/><F55/><W108/><G108/><T66/><D66/><U115/><E115/><V65/><F65/><W120/><G104/><T85/><D126/><U80/><E57/><V54/><F54/><W112/><G112/><T113/><D113/><U72/><E79/><V2/><REACH who="2" step="1"/><F22/><REACH who="2" ten="289,237,227,237" step="2"/><W43/><G43/><T127/><D127/><U19/><E6/><V27/><F27/><N who="3" m="18911" /><G120/><T18/><D117/><U64/><E64/><V99/><F99/><W23/><G23/><T36/><D98/><U88/><E88/><AGARI ba="1,1" hai="2,4,9,12,16,20,28,29,31,60,61,86,88,93" machi="88" ten="40,5200,0" yaku="1,1,54,2,53,0" doraHai="70" doraHaiUra="78" who="2" fromWho="1" sc="289,0,237,-55,227,65,237,0" /><INIT seed="1,0,0,5,4,114" ten="289,182,292,237" oya="1" hai0="38,4,104,133,85,19,62,11,13,92,18,40,103" hai1="89,97,46,87,48,43,113,47,91,16,128,66,121" hai2="79,1,59,15,86,8,129,0,124,29,57,123,73" hai3="84,26,83,75,99,58,44,36,102,130,80,32,63"/><U55/><E113/><V10/><F123/><W122/><G122/><T52/><D104/><U42/><E121/><V90/><F124/><W96/><G130/><T110/><D110/><U3/><E3/><V30/><F129/><W2/><G2/><T107/><D107/><U127/><E128/><V37/><F37/><W64/><G75/><T105/><D105/><U70/><E127/><V111/><F111/><W135/><G135/><T69/><D133/><U68/><E66/><V28/><F1/><W5/><G5/><T108/><D108/><U7/><E7/><V72/><F0/><W24/><G83/><T118/><D40/><U76/><E76/><V100/><F100/><W22/><G32/><T61/><D38/><U20/><E97/><V41/><F41/><W12/><G36/><T34/><D34/><U50/><E55/><V101/><F101/><W6/><G44/><T115/><D115/><U120/><E120/><V25/><F25/><N who="3" m="9835" /><G102/><T49/><D69/><U106/><E106/><V78/><F73/><W14/><G22/><T51/><D19/><U17/><REACH who="1" step="1"/><E20/><REACH who="1" ten="289,172,292,237" step="2"/><V65/><F65/><W9/><G12/><T71/><D4/><U93/><E93/><V39/><F15/><W60/><G14/><T45/><D92/><U112/><E112/><V56/><F79/><N who="3" m="46111" /><G6/><T98/><D13/><U131/><E131/><V94/><F78/><W21/><G21/><T119/><D98/><N who="3" m="37417" /><G9/><T126/><D11/><U54/><E54/><V77/><F77/><W67/><G67/><T82/><D126/><U53/><E53/><V35/><F72/><W74/><G74/><RYUUKYOKU ba="0,1" sc="289,-15,172,15,292,-15,237,15" hai1="16,17,42,43,46,47,48,50,68,70,87,89,91" hai3="58,60,63,64" /><INIT seed="1,1,1,5,2,126" ten="274,187,277,252" oya="1" hai0="89,105,26,113,36,44,85,11,133,76,125,31,49" hai1="54,92,0,6,108,101,14,127,111,47,120,65,132" hai2="87,124,8,121,21,107,100,23,70,50,94,68,37" hai3="64,16,13,58,102,43,48,134,46,114,78,20,41"/><U53/><E120/><V22/><F37/><W3/><G114/><T116/><D113/><U4/><E127/><V103/><F121/><W25/><G134/><T82/><D125/><U40/><E132/><V119/><F119/><W81/><G3/><T77/><D133/><U24/><E0/><V97/><F124/><W55/><G102/><T71/><D71/><U69/><E24/><V18/><F50/><W28/><G64/><T109/><D105/><U88/><E101/><V57/><F57/><W122/><G122/><T117/><D36/><N who="1" m="21895" /><E65/><V33/><F33/><W130/><G130/><T5/><D77/><U96/><E69/><V51/><F51/><W38/><G43/><T91/><D117/><U84/><E96/><V99/><F87/><W27/><REACH who="3" step="1"/><G28/><REACH who="3" ten="274,187,277,242" step="2"/><T135/><D135/><U45/><E54/><V72/><F103/><W2/><G2/><T74/><D116/><U34/><E53/><V118/><F100/><W98/><G98/><T93/><D31/><U115/><E115/><V67/><F99/><W39/><G39/><T75/><D109/><N who="1" m="42059" /><E45/><V66/><F97/><W15/><G15/><T104/><D44/><U80/><E14/><V110/><F110/><W131/><G131/><T10/><D104/><U129/><E129/><V106/><F106/><W19/><G19/><T83/><D26/><U73/><E6/><V112/><F107/><W63/><G63/><T123/><D123/><U60/><E4/><V90/><F118/><W35/><G35/><T32/><D32/><U9/><E34/><V42/><F42/><W86/><AGARI ba="1,2" hai="13,16,20,25,27,38,41,46,48,55,58,78,81,86" machi="86" ten="20,8000,1" yaku="1,1,0,1,7,1,54,1,53,1" doraHai="126" doraHaiUra="79" who="3" fromWho="3" sc="274,-21,187,-41,277,-21,242,103" /><INIT seed="2,0,0,4,0,130" ten="253,146,256,345" oya="2" hai0="40,82,128,131,54,87,28,14,6,129,60,73,34" hai1="81,89,63,94,123,7,39,8,15,23,79,104,95" hai2="1,75,126,103,127,56,112,3,2,124,26,36,117" hai3="17,41,29,45,85,5,125,69,50,77,101,31,134"/><V80/><F117/><W18/><G69/><T135/><D73/><U13/><E104/><V21/><F112/><W97/><G125/><T58/><D40/><U27/><E39/><V57/><F36/><W120/><G120/><T24/><D6/><U86/><E123/><V51/><F103/><W30/><G134/><T33/><D14/><U96/><E94/><V118/><F118/><W76/><G5/><T133/><D34/><U88/><E63/><V49/><F80/><N who="3" m="47239" /><G77/><AGARI ba="0,0" hai="24,28,33,54,58,60,77,82,87,128,129,131,133,135" machi="77" ten="40,5200,0" yaku="19,1,52,2" doraHai="130" who="0" fromWho="3" sc="253,52,146,0,256,0,345,-52" /><INIT seed="3,0,0,5,3,46" ten="305,146,256,293" oya="3" hai0="81,18,120,10,121,31,97,109,71,111,86,91,103" hai1="38,22,127,125,68,92,77,42,89,78,66,29,128" hai2="132,133,115,134,82,80,116,35,73,36,44,13,104" hai3="45,105,60,130,26,113,23,108,88,93,0,98,61"/><W14/><G113/><T67/><D31/><U84/><E128/><V50/><F116/><W107/><G0/><T1/><D67/><U57/><E68/><V110/><F115/><W90/><G130/><T2/><D71/><U63/><E38/><V75/><F104/><W11/><G107/><T99/><D18/><U118/><E42/><V96/><F36/><W64/><G105/><N who="0" m="63727" /><D2/><U19/><E29/><V62/><F35/><W65/><G108/><N who="0" m="41547" /><D10/><U70/><E70/><V55/><F110/><W12/><G45/><T124/><D1/><U8/><E8/><V20/><F96/><W9/><G26/><T17/><D17/><U33/><E118/><V94/><F94/><W129/><G23/><T34/><D34/><U48/><E33/><V69/><F69/><W43/><G43/><T122/><D99/><U40/><E127/><AGARI ba="0,0" hai="81,86,91,120,121,122,124,127" m="41547,63727" machi="127" ten="40,5200,0" yaku="14,1,34,2" doraHai="46" who="0" fromWho="1" sc="305,52,146,-52,256,0,293,0" /><INIT seed="4,0,0,2,4,66" ten="357,94,256,293" oya="0" hai0="15,119,85,37,100,51,111,83,127,108,118,126,94" hai1="77,33,54,19,109,128,91,36,64,121,110,122,112" hai2="90,73,2,35,82,43,74,101,115,117,105,40,46" hai3="47,12,0,1,96,58,88,68,25,130,67,81,5"/><T3/><D37/><U56/><E33/><V29/><F43/><W7/><G25/><T78/><D3/><U20/><E77/><V116/><F2/><W102/><G47/><T76/><D15/><U132/><E91/><V79/><F115/><W10/><G58/><T124/><D51/><N who="1" m="30815" /><E20/><V104/><F90/><W52/><G52/><T48/><D48/><U44/><E19/><V103/><F74/><W41/><G41/><T53/><D53/><U22/><E22/><V95/><F29/><W6/><G0/><T34/><D34/><U63/><E128/><V114/><F114/><W50/><G50/><T4/><D4/><U55/><E132/><V32/><F32/><W13/><G130/><T57/><D57/><U80/><E80/><V131/><F35/><W97/><G12/><T30/><D30/><U28/><E55/><V42/><F131/><W120/><G120/><N who="1" m="46186" /><E28/><V14/><F14/><W45/><G102/><T26/><D26/><U16/><E16/><V61/><F103/><W23/><G23/><T17/><D17/><U123/><N who="1" m="46194" /><U27/><DORA hai="11" /><E27/><V18/><F101/><W8/><G6/><T69/><D78/><U38/><E112/><V113/><F79/><W71/><G97/><N who="0" m="59447" /><D119/><U9/><E9/><V134/><F117/><W87/><G1/><T92/><D118/><U65/><E65/><V133/><F116/><W59/><G13/><T93/><D76/><U86/><E36/><V31/><F134/><W70/><G5/><T98/><D127/><U62/><E62/><V129/><F61/><W21/><G7/><T75/><D126/><RYUUKYOKU ba="0,0" sc="357,0,94,0,256,0,293,0" /><INIT seed="5,1,0,0,0,72" ten="357,94,256,293" oya="1" hai0="107,4,74,51,6,88,105,63,34,73,117,10,69" hai1="119,35,60,0,24,46,31,131,41,77,56,15,19" hai2="112,9,97,85,129,78,13,102,70,100,40,39,134" hai3="114,57,92,21,53,36,22,55,86,132,126,66,18"/><U14/><E119/><V20/><F70/><W108/><G36/><T42/><D117/><U130/><E0/><V65/><F65/><W26/><G108/><T118/><D118/><U93/><E93/><V61/><F61/><N who="3" m="38191" /><G114/><T68/><D51/><U50/><E77/><V52/><F112/><W106/><G106/><T27/><D42/><U82/><E82/><V37/><F134/><W120/><G120/><T5/><D10/><U94/><E94/><V1/><F129/><N who="1" m="49161" /><E19/><V111/><F111/><W135/><G126/><T75/><D63/><U116/><E116/><V64/><F1/><W17/><G135/><T98/><D88/><U90/><E90/><V128/><F102/><W16/><G132/><T80/><D80/><U2/><E2/><V110/><F128/><W47/><G47/><T95/><D95/><U7/><E7/><V67/><F110/><W99/><G86/><T29/><D98/><U48/><E48/><V89/><F97/><W104/><G104/><T8/><D107/><U84/><E84/><V133/><F100/><N who="3" m="60519" /><G18/><T115/><D105/><U54/><AGARI ba="1,0" hai="14,15,24,31,35,41,46,50,54,56,60" m="49161" machi="54" ten="30,1500,0" yaku="19,1" doraHai="72" who="1" fromWho="1" sc="357,-6,94,18,256,-6,293,-6" /><INIT seed="5,2,0,0,0,134" ten="351,112,250,287" oya="1" hai0="122,67,110,117,42,25,40,77,56,45,46,106,116" hai1="102,43,97,48,93,127,120,123,130,31,118,26,13" hai2="0,103,108,109,65,99,135,111,60,5,129,132,50" hai3="4,20,35,10,82,21,18,71,74,14,64,22,105"/><U57/><E118/><V11/><F50/><W133/><G105/><T38/><D106/><U32/><E130/><V3/><F3/><W34/><G71/><T2/><D2/><U6/><E127/><V87/><F87/><W17/><G64/><T58/><D77/><U85/><E85/><V37/><F37/><W92/><G92/><T63/><D25/><U94/><E94/><V100/><F129/><W59/><G59/><T90/><D90/><U86/><E86/><V113/><F113/><W68/><G68/><T124/><D110/><U91/><E102/><V44/><F44/><W114/><G82/><T125/><D122/><U41/><E41/><V54/><F54/><W61/><G61/><T62/><D67/><U30/><E30/><V27/><F27/><N who="3" m="14735" /><G74/><T7/><D7/><U8/><REACH who="1" step="1"/><E57/><REACH who="1" ten="351,102,250,287" step="2"/><N who="2" m="37007" /><F99/><W72/><G72/><T24/><D24/><U98/><E98/><V69/><F69/><W28/><G133/><AGARI ba="2,1" hai="0,5,11,100,103,108,109,111,132,133,135" m="37007" machi="133" ten="40,1300,0" yaku="20,1" doraHai="134" who="2" fromWho="3" sc="351,0,102,0,250,29,287,-19" /><INIT seed="6,0,0,0,3,59" ten="351,102,279,268" oya="2" hai0="75,37,0,97,115,43,77,113,24,64,18,98,2" hai1="20,122,130,42,35,116,127,55,70,111,16,119,102" hai2="4,10,46,71,60,3,17,12,63,112,66,94,83" hai3="52,56,61,15,110,114,62,82,48,44,53,25,33"/><V128/><F112/><W41/><G114/><N who="0" m="43531" /><D64/><U101/><E111/><V123/><F123/><W13/><G110/><T1/><D77/><U109/><E109/><V39/><F128/><W117/><G117/><T54/><D75/><U92/><E122/><V81/><F94/><W87/><G33/><T67/><D67/><U40/><E130/><V49/><F39/><W73/><G73/><T80/><D80/><U30/><E127/><V95/><F63/><N who="3" m="24075" /><G25/><T76/><D76/><U126/><E126/><V106/><F106/><W8/><G56/><T88/><D54/><N who="3" m="21097" /><G8/><T72/><D72/><U22/><E70/><V93/><F93/><W135/><G135/><T26/><D26/><U11/><E55/><V69/><F95/><W32/><G32/><T65/><D65/><U9/><E92/><V134/><F71/><W7/><G7/><T124/><D124/><U84/><E35/><V107/><F134/><W29/><G29/><T91/><D24/><U99/><E30/><V47/><F107/><W78/><AGARI ba="0,0" hai="13,15,41,44,48,78,82,87" m="21097,24075" machi="78" ten="30,8000,1" yaku="8,1,52,3,54,1" doraHai="59" who="3" fromWho="3" sc="351,-20,102,-20,279,-40,268,80" /><INIT seed="7,0,0,0,3,32" ten="331,82,239,348" oya="3" hai0="131,40,3,30,7,113,8,107,125,82,13,135,110" hai1="59,5,101,96,26,86,48,134,120,49,104,44,93" hai2="43,70,115,61,109,27,121,31,100,51,64,75,130" hai3="22,54,56,37,118,62,24,10,106,97,52,68,126"/><W16/><G118/><T6/><D107/><U17/><E134/><V36/><F109/><W81/><G126/><T71/><D71/><U84/><E120/><V132/><F121/><W55/><G37/><T63/><D110/><U0/><E86/><V87/><F132/><W111/><G111/><T12/><D135/><U102/><E59/><V95/><F130/><W80/><G68/><T29/><D131/><U39/><E101/><V99/><F75/><W79/><G106/><T94/><D63/><U69/><E69/><V50/><F115/><W25/><G97/><T88/><D125/><U18/><E39/><V76/><F36/><W14/><G24/><T65/><D65/><U45/><E84/><V4/><F43/><W42/><G42/><T2/><D40/><U47/><E104/><V89/><F76/><W119/><G119/><T123/><D123/><U23/><E5/><V41/><F41/><W91/><G91/><T57/><D57/><U133/><E133/><V90/><F4/><N who="3" m="3399" /><G79/><T83/><D113/><U33/><E33/><V60/><F60/><W11/><G11/><N who="0" m="4351" /><D3/><U122/><E122/><V85/><F85/><W38/><G38/><T129/><D2/><U20/><E0/><V127/><F127/><W72/><G72/><T35/><D129/><U58/><E58/><V117/><F117/><W9/><G9/><T46/><D46/><U28/><E28/><N who="0" m="10857" /><D35/><U105/><E105/><V74/><F74/><W124/><G124/><T116/><D116/><U1/><REACH who="1" step="1"/><E1/><REACH who="1" ten="331,72,239,348" step="2"/><V92/><F87/><AGARI ba="0,1" hai="6,8,12,82,83,87,88,94" m="10857,4351" machi="87" ten="30,2000,0" yaku="8,1,54,1" doraHai="32" who="0" fromWho="2" sc="331,30,72,0,239,-20,348,0" owari="361,46.0,72,-43.0,219,-18.0,348,15.0" /></mjloggm>