<mjloggm ver="2.3"><GO type="169" lobby="0"/><UN n0="%E3%82%A6%E3%83%AB%E3%83%88%E3%83%A9%E7%AB%8B%E7%9B%B4" n1="%74%6F%6E%6E%75%72%61" n2="%E3%81%97%E3%81%A1%E3%81%8B%E3%81%97%E3%82%85%E3%81%8F" n3="%E3%81%97%E3%81%A8%E3%83%AD%E3%83%B3%30%32%32%32" dan="17,17,16,16" rate="2221.69,2163.18,2137.47,2000.47" sx="M,M,M,M"/><TAIKYOKU oya="0"/><INIT seed="0,0,0,0,5,104" ten="250,250,250,250" oya="0" hai0="5,0,125,17,63,134,58,86,96,37,9,79,52" hai1="77,93,29,100,102,90,73,6,66,34,10,24,67" hai2="14,19,39,32,57,108,97,8,126,91,110,41,50" hai3="76,64,118,55,28,83,92,16,132,99,71,45,69"/><T74/><D125/><U59/><E67/><V31/><F126/><W2/><G28/><T46/><D134/><U98/><E66/><V30/><F39/><W56/><G2/><T117/><D117/><U48/><E59/><V62/><F32/><W135/><G45/><T22/><D96/><U70/><E70/><V127/><F127/><W107/><G107/><T130/><D130/><U4/><E48/><V89/><F31/><W123/><G64/><T36/><D86/><U23/><E34/><V72/><F30/><W133/><G118/><T60/><D60/><U116/><E116/><V119/><F119/><W15/><G123/><T112/><D112/><U11/><E11/><V18/><F18/><W128/><G128/><T122/><D122/><U124/><E124/><V111/><F72/><N who="3" m="43399" /><G92/><T109/><D109/><U33/><E33/><V78/><F78/><W47/><G99/><T115/><D115/><U121/><E121/><V81/><F81/><W103/><G103/><T51/><D79/><U120/><E120/><V40/><F97/><W42/><G47/><T26/><REACH who="0" step="1"/><D74/><REACH who="0" ten="240,250,250,250" step="2"/><U80/><E73/><V105/><F62/><N who="3" m="36127" /><G42/><AGARI ba="0,1" hai="0,5,9,17,22,26,36,37,42,46,51,52,58,63" machi="42" ten="30,11600,0" yaku="1,1,7,1,54,1,53,1" doraHai="104" doraHaiUra="38" who="0" fromWho="3" sc="240,126,250,0,250,0,250,-116" /><INIT seed="0,1,0,4,4,78" ten="366,250,250,134" oya="0" hai0="79,27,80,21,14,92,53,52,124,109,67,129,40" hai1="94,111,38,45,39,13,125,128,5,84,93,83,61" hai2="25,85,103,81,26,131,86,24,91,34,43,55,73" hai3="33,32,51,126,57,31,110,64,71,76,10,35,101"/><T56/><D129/><U49/><E111/><V68/><F73/><W58/><G76/><T6/><D124/><U8/><E128/><V97/><F131/><W42/><G101/><T122/><D122/><U105/><E105/><V133/><F68/><W3/><G31/><T130/><D40/><U2/><E125/><V90/><F133/><W66/><G71/><T70/><D70/><U48/><E48/><V120/><F120/><W63/><G110/><T12/><D130/><U4/><E61/><V60/><F43/><W29/><G29/><T9/><D92/><U19/><E39/><V95/><F34/><W74/><G74/><T0/><D67/><U82/><E38/><V135/><F135/><W116/><G116/><T30/><D109/><U132/><E132/><V108/><F108/><W37/><G37/><T104/><D104/><U65/><E65/><V127/><F127/><W36/><G36/><T41/><D41/><U44/><E44/><V17/><F17/><W121/><G121/><T46/><D46/><U20/><E5/><V107/><F60/><W89/><G89/><T15/><REACH who="0" step="1"/><D56/><REACH who="0" ten="356,250,250,134" step="2"/><U50/><E45/><V96/><F55/><W77/><G126/><T118/><D118/><U28/><E94/><V88/><REACH who="2" step="1"/><F91/><REACH who="2" ten="356,250,240,134" step="2"/><W123/><G123/><T113/><D113/><U106/><E50/><V23/><F23/><W59/><G51/><T22/><D22/><U117/><E49/><V112/><F112/><W18/><G42/><T69/><D69/><U98/><E117/><V47/><F47/><W72/><G35/><T7/><D7/><U54/><E4/><RYUUKYOKU ba="1,2" sc="356,15,250,-15,240,15,134,-15" hai0="0,6,9,12,14,15,21,27,30,52,53,79,80" hai2="24,25,26,81,85,86,88,90,95,96,97,103,107" /><INIT seed="0,2,2,1,1,3" ten="371,235,255,119" oya="0" hai0="103,38,43,110,70,99,89,34,62,96,122,126,129" hai1="124,81,111,84,109,64,125,42,20,15,26,56,14" hai2="55,2,37,31,86,44,118,25,54,57,9,90,128" hai3="107,35,78,65,76,60,87,105,47,27,114,29,113"/><T33/><D122/><U74/><E74/><V0/><F128/><W135/><G135/><T30/><D96/><U73/><E73/><V16/><F118/><W1/><G1/><T19/><D89/><N who="1" m="51343" /><E42/><V10/><F10/><W119/><G119/><T106/><D19/><N who="1" m="12575" /><E64/><V52/><F57/><W63/><G47/><N who="0" m="24055" /><D129/><U6/><E56/><V72/><F72/><W58/><G58/><T100/><D100/><U13/><E6/><V93/><F37/><W36/><G36/><T104/><D104/><U21/><E21/><V79/><F79/><W39/><G39/><T98/><D98/><U117/><E117/><V121/><F44/><W131/><G131/><T83/><D83/><U11/><E11/><V67/><F67/><W32/><G65/><N who="0" m="41271" /><D34/><U134/><E134/><V95/><F95/><W61/><G35/><T12/><D12/><U82/><E82/><V40/><F40/><W18/><G107/><T51/><D33/><U59/><E59/><V120/><F2/><W97/><G105/><T91/><D30/><U123/><E123/><V75/><F75/><W23/><G29/><T46/><D91/><U28/><E28/><V49/><F121/><W66/><G32/><T53/><D110/><AGARI ba="2,2" hai="13,14,15,109,110,111,124,125" m="12575,51343" machi="110" ten="30,1000,0" yaku="14,1" doraHai="3" who="1" fromWho="0" sc="371,-16,235,36,255,0,119,0" /><INIT seed="1,0,0,4,3,15" ten="355,271,255,119" oya="1" hai0="134,13,91,123,88,109,89,110,115,108,84,67,102" hai1="23,54,92,18,9,90,7,106,17,41,16,76,100" hai2="77,29,81,10,56,38,30,127,86,11,24,68,44" hai3="57,65,32,62,43,50,111,53,8,112,96,94,132"/><U51/><E41/><V37/><F68/><W82/><G32/><T64/><D115/><U42/><E42/><V47/><F127/><W121/><G112/><T70/><D134/><U113/><E113/><V83/><F56/><W99/><G121/><T125/><D125/><U4/><E76/><V14/><F37/><W26/><G26/><T79/><D123/><U78/><E78/><V124/><F124/><W130/><G43/><T71/><D102/><U120/><E120/><V55/><F38/><W22/><G22/><T116/><D116/><U95/><E106/><V135/><F135/><W12/><G130/><T107/><D107/><U73/><E73/><V52/><F83/><W28/><G28/><N who="2" m="10857" /><F24/><W25/><G25/><T27/><D27/><U31/><E31/><V48/><F14/><W3/><G3/><T119/><D13/><U60/><E60/><V21/><F21/><W93/><G82/><N who="0" m="47199" /><D119/><U66/><E66/><AGARI ba="0,0" hai="64,66,67,70,71,88,89,91,108,109,110" m="47199" machi="66" ten="40,2600,0" yaku="14,1,54,1" doraHai="15" who="0" fromWho="1" sc="355,26,271,-26,255,0,119,0" /><INIT seed="2,0,0,3,5,37" ten="381,245,255,119" oya="2" hai0="11,134,60,42,121,25,26,32,123,4,23,110,90" hai1="107,43,36,125,100,122,87,7,53,12,24,86,72" hai2="48,130,47,35,85,79,6,106,135,94,75,82,9" hai3="109,91,46,76,13,14,21,69,112,80,115,113,3"/><V88/><F130/><W74/><G69/><T58/><D110/><U104/><E72/><V52/><F35/><W119/><G119/><T81/><D134/><U77/><E125/><V70/><F70/><W93/><G3/><T44/><D32/><U124/><E124/><V65/><F65/><W38/><G109/><T133/><D133/><U96/><E104/><V39/><F135/><W29/><G29/><T5/><D90/><U10/><E122/><V92/><F39/><W15/><G38/><T8/><D81/><U61/><E77/><V129/><F129/><W57/><G57/><T50/><D121/><U1/><E1/><V59/><F106/><W89/><G21/><T40/><D40/><U33/><E24/><V131/><F131/><W49/><REACH who="3" step="1"/><G93/><REACH who="3" ten="381,245,255,109" step="2"/><T78/><D23/><U120/><E33/><V63/><F94/><W2/><G2/><T132/><D58/><U71/><E120/><V84/><F9/><W67/><G67/><T56/><D11/><U30/><E30/><V108/><F108/><W66/><G66/><T18/><D123/><U68/><E68/><V17/><F6/><W103/><G103/><T127/><D4/><U126/><E126/><V99/><F17/><W116/><G116/><T105/><D127/><U19/><E7/><V73/><F73/><W41/><AGARI ba="0,1" hai="13,14,15,41,46,49,74,76,80,89,91,112,113,115" machi="41" ten="40,8000,1" yaku="1,1,0,1,11,1,52,1,53,0" doraHai="37" doraHaiUra="102" who="3" fromWho="3" sc="381,-20,245,-20,255,-40,109,90" /><INIT seed="3,0,0,3,5,47" ten="361,225,215,199" oya="3" hai0="129,36,51,72,90,29,34,56,32,123,77,128,91" hai1="107,48,86,105,109,64,103,80,120,39,31,68,55" hai2="70,99,92,60,118,54,133,35,115,78,84,38,42" hai3="12,62,81,88,59,27,13,89,40,131,96,2,85"/><W67/><G2/><T46/><D36/><U44/><E120/><V10/><F115/><W58/><G131/><T37/><D37/><U101/><E109/><V94/><F118/><W50/><G27/><N who="0" m="18495" /><D56/><U124/><E124/><V82/><F133/><W15/><G96/><T52/><D34/><U116/><E116/><V7/><F35/><W113/><G113/><T23/><D23/><U61/><E31/><V30/><F30/><W25/><G25/><T83/><D123/><U45/><E103/><V111/><F111/><W1/><G1/><T73/><D73/><U43/><REACH who="1" step="1"/><E101/><REACH who="1" ten="361,215,215,199" step="2"/><V21/><F70/><W26/><G67/><T93/><D128/><U41/><E41/><V87/><F42/><W11/><G40/><T17/><D129/><U9/><E9/><V57/><F21/><W75/><G11/><T65/><D91/><AGARI ba="0,1" hai="39,43,44,45,48,55,61,64,68,80,86,91,105,107" machi="91" ten="30,7700,0" yaku="1,1,7,1,52,1,53,1" doraHai="47" doraHaiUra="71" who="1" fromWho="0" sc="361,-77,215,87,215,0,199,0" /><INIT seed="4,0,0,1,3,73" ten="284,302,215,199" oya="0" hai0="126,27,17,90,57,133,21,80,2,51,66,32,7" hai1="131,104,81,29,70,65,72,61,59,53,79,88,113" hai2="56,118,41,109,34,31,9,45,98,95,15,97,110" hai3="108,63,33,86,0,83,43,116,107,37,111,1,12"/><T121/><D121/><U127/><E131/><V122/><F122/><W48/><G116/><T123/><D123/><U14/><E127/><V96/><F118/><W19/><G33/><T105/><D105/><U64/><E104/><V103/><F56/><W114/><G107/><T71/><D71/><U125/><E125/><V134/><F134/><W24/><G24/><T46/><D32/><U5/><E29/><V62/><F62/><W26/><G26/><T47/><D2/><U58/><E113/><V44/><F44/><W132/><G132/><T67/><D7/><U52/><E88/><V55/><F55/><W49/><G114/><T82/><D47/><U69/><E69/><V120/><F120/><W10/><G37/><T87/><D133/><U75/><E72/><V40/><F40/><W94/><G94/><T54/><D126/><U28/><E28/><V77/><F77/><W4/><G43/><T16/><D17/><U30/><E30/><V20/><F34/><W129/><G129/><T25/><D25/><U102/><E102/><V3/><F3/><W18/><G63/><N who="0" m="38255" /><D67/><U130/><E130/><V124/><F124/><W39/><G39/><T23/><D23/><U42/><E42/><V99/><F20/><W13/><G0/><T93/><AGARI ba="0,0" hai="16,21,27,46,51,54,80,82,87,90,93" m="38255" machi="93" ten="30,3000,0" yaku="8,1,54,1" doraHai="73" who="0" fromWho="0" sc="284,30,302,-10,215,-10,199,-10" /><INIT seed="4,1,0,5,1,132" ten="314,292,205,189" oya="0" hai0="115,58,100,69,107,52,74,24,65,47,49,93,122" hai1="71,55,126,124,131,76,78,21,37,114,86,134,113" hai2="17,7,110,125,129,0,102,82,48,133,68,34,106" hai3="16,101,46,109,73,12,3,127,31,30,62,105,23"/><T80/><D122/><U84/><E37/><V88/><F110/><W96/><G73/><T22/><D107/><U92/><E71/><V120/><F120/><W61/><G109/><T60/><D115/><N who="1" m="44043" /><E134/><V9/><F133/><W39/><G3/><T1/><D1/><U18/><E55/><V54/><F34/><W11/><G31/><T14/><D14/><N who="1" m="9431" /><E131/><V53/><F129/><W28/><G28/><T51/><D51/><U83/><E92/><V38/><F38/><W63/><G39/><T104/><D104/><U79/><E84/><N who="2" m="50199" /><F53/><W44/><G46/><T94/><D69/><U121/><E121/><V118/><F54/><W40/><G44/><T64/><D64/><U130/><E130/><V95/><F95/><W57/><G40/><T97/><D93/><U77/><AGARI ba="1,0" hai="76,77,78,79,83,86,124,126" m="9431,44043" machi="77" ten="40,8000,1" yaku="15,1,11,1,52,2" doraHai="132" who="1" fromWho="1" sc="314,-41,292,83,205,-21,189,-21" /><INIT seed="5,0,0,1,4,57" ten="273,375,184,168" oya="1" hai0="18,102,70,23,40,101,46,50,81,98,22,90,108" hai1="127,5,26,8,62,92,87,80,9,100,82,1,10" hai2="103,11,39,37,99,122,27,24,42,75,54,107,111" hai3="132,43,41,134,85,128,0,68,94,77,4,49,88"/><U29/><E127/><V117/><F117/><W32/><G68/><T33/><D33/><U133/><E133/><N who="3" m="51306" /><G32/><T36/><D70/><U109/><E109/><V45/><F111/><W56/><G128/><T126/><D126/><U105/><E105/><V53/><F122/><W110/><G110/><T2/><D2/><U31/><E82/><V34/><F39/><W55/><G77/><T119/><D119/><U79/><E62/><V113/><F75/><W59/><G59/><T116/><D36/><U58/><E58/><V21/><F113/><W6/><G0/><T76/><D76/><U78/><E78/><V48/><F11/><W106/><G106/><T60/><D23/><U125/><E125/><V19/><REACH who="2" step="1"/><F37/><REACH who="2" ten="273,375,174,168" step="2"/><W86/><G86/><T72/><D72/><U65/><E1/><V7/><F7/><AGARI ba="0,1" hai="4,6,7,41,43,49,55,56,85,88,94" m="51306" machi="7" ten="30,2000,0" yaku="20,1,54,1" doraHai="57" who="3" fromWho="2" sc="273,0,375,0,174,-20,168,30" /><INIT seed="6,0,0,5,3,84" ten="273,375,154,198" oya="2" hai0="89,131,50,56,71,100,132,11,134,15,90,98,124" hai1="47,4,112,74,44,99,133,125,69,94,60,123,48" hai2="70,34,52,63,55,101,135,16,86,61,118,66,104" hai3="26,130,80,28,103,7,126,75,0,53,114,29,58"/><V82/><F118/><W107/><G114/><T79/><D71/><U110/><E110/><V113/><F34/><W35/><G130/><T36/><D36/><U59/><E74/><V62/><F113/><W108/><G108/><T117/><D79/><U115/><E123/><V27/><F135/><W2/><G126/><T122/><D122/><U41/><E133/><V22/><F104/><W95/><G107/><T54/><D134/><U67/><E125/><V20/><F101/><W78/><G7/><T120/><D120/><U45/><E4/><V37/><F37/><W76/><G76/><T97/><D124/><U10/><E10/><V83/><F66/><W39/><G28/><T43/><D132/><U128/><E128/><V88/><F70/><W87/><G39/><T12/><D131/><U23/><E69/><V6/><F6/><W9/><G9/><T109/><D109/><U31/><E115/><V127/><F127/><W92/><G92/><T1/><D1/><U65/><E65/><V5/><F5/><W73/><G73/><T3/><D3/><U33/><E33/><V91/><F22/><W111/><G111/><T13/><D117/><U18/><E31/><V96/><F83/><W49/><G75/><T77/><D100/><N who="1" m="60535" /><E112/><V51/><F51/><W38/><G38/><T106/><D106/><U129/><E129/><V121/><F121/><W21/><G35/><T93/><D11/><U40/><E48/><V105/><F105/><W64/><G64/><T46/><D50/><U14/><AGARI ba="0,0" hai="14,18,23,40,41,44,45,47,59,60,67" m="60535" machi="14" ten="30,1100,0" yaku="8,1" doraHai="84" who="1" fromWho="1" sc="273,-3,375,11,154,-5,198,-3" /><INIT seed="7,0,0,1,2,91" ten="270,386,149,195" oya="3" hai0="98,48,120,121,35,89,101,26,78,125,22,13,10" hai1="134,36,19,30,67,111,135,107,57,3,18,115,74" hai2="31,15,75,70,59,131,37,28,27,60,21,23,126" hai3="33,8,71,119,106,68,87,62,93,90,117,132,7"/><W118/><G33/><T44/><D78/><U85/><E74/><V17/><F126/><W103/><G132/><T43/><D89/><U20/><E111/><V110/><F131/><W53/><G106/><T130/><D35/><U109/><E109/><V88/><F110/><W14/><G103/><T24/><D24/><U105/><E85/><V73/><F37/><W116/><N who="3" m="29696" /><DORA hai="1" /><W77/><G77/><T124/><D130/><U99/><E3/><V69/><F31/><W2/><G53/><T94/><D124/><U84/><E84/><V108/><F108/><W12/><REACH who="3" step="1"/><G62/><REACH who="3" ten="270,386,149,185" step="2"/><T47/><D125/><U4/><E107/><V55/><REACH who="2" step="1"/><F88/><REACH who="2" ten="270,386,139,185" step="2"/><W66/><G66/><T123/><D123/><U128/><E67/><V76/><F76/><W104/><G104/><T100/><D121/><U82/><E105/><V97/><F97/><W65/><G65/><T38/><D120/><U52/><E99/><V40/><F40/><W96/><G96/><T114/><D98/><U32/><E128/><V64/><F64/><W95/><G95/><T54/><D94/><U61/><E135/><V29/><F29/><W72/><G72/><AGARI ba="0,2" hai="15,17,21,23,27,28,55,59,60,69,70,72,73,75" machi="72" ten="40,1300,0" yaku="1,1,53,0" doraHai="91,1" doraHaiUra="81,5" who="2" fromWho="3" sc="270,0,386,0,139,33,185,-13" owari="270,7.0,386,49.0,172,-23.0,172,-33.0" /></mjloggm>