<mjloggm ver="2.3"><GO type="169" lobby="0"/><UN n0="%79%75%6D%69%63%63%68%69" n1="%E3%82%A6%E3%83%AB%E3%83%88%E3%83%A9%E7%AB%8B%E7%9B%B4" n2="%E7%B6%B4%E3%82%8B%EF%BC%81" n3="%E3%81%BE%E3%81%AA%E3%81%B6%E3%82%84%E3%81%A7" dan="17,18,17,16" rate="2184.89,2209.39,2129.76,2176.59" sx="M,M,M,M"/><TAIKYOKU oya="0"/><INIT seed="0,0,0,3,0,94" ten="250,250,250,250" oya="0" hai0="65,2,96,78,48,37,10,115,35,85,23,68,0" hai1="21,30,98,124,9,86,44,71,89,36,95,76,22" hai2="97,55,19,73,133,105,40,18,67,63,123,28,69" hai3="103,75,132,113,106,127,104,111,16,33,118,91,120"/><T74/><D35/><U82/><E124/><V60/><F123/><W13/><RYUUKYOKU type="yao9" ba="0,0" sc="250,0,250,0,250,0,250,0" hai3="13,16,33,75,91,103,104,106,111,113,118,120,127,132" /><INIT seed="0,1,0,3,3,131" ten="250,250,250,250" oya="0" hai0="112,1,41,120,26,45,60,102,54,47,90,29,128" hai1="78,73,132,34,123,81,37,4,93,129,69,84,124" hai2="3,66,30,75,14,48,97,53,92,80,28,35,8" hai3="19,36,52,108,96,106,107,58,22,2,46,63,114"/><T57/><D112/><U50/><E123/><V99/><F3/><W115/><G2/><T71/><D120/><U94/><E37/><V133/><F66/><W82/><G108/><T62/><D1/><U13/><E34/><V85/><F75/><W105/><G96/><T51/><D102/><U72/><E69/><V61/><F61/><W110/><G110/><T109/><D109/><U16/><E129/><V88/><F35/><W77/><G46/><T68/><D90/><U89/><E124/><V74/><F74/><W126/><G36/><N who="0" m="21671" /><D26/><U86/><E4/><V11/><F99/><W44/><G44/><T55/><D29/><U40/><E94/><V111/><F111/><W100/><G100/><T65/><D128/><U7/><E7/><V103/><F11/><W9/><G9/><T21/><D21/><U15/><E15/><V83/><F83/><W76/><G126/><T117/><D117/><U104/><E104/><V39/><F39/><W43/><G43/><T20/><D20/><N who="1" m="11279" /><E40/><V118/><F118/><W5/><G5/><T32/><D32/><U91/><E91/><V87/><F87/><W113/><REACH who="3" step="1"/><G82/><REACH who="3" ten="250,250,250,240" step="2"/><T70/><AGARI ba="1,1" hai="47,51,54,55,57,60,62,65,68,70,71" m="21671" machi="70" ten="30,12000,1" yaku="35,5" doraHai="131" who="0" fromWho="0" sc="250,133,250,-41,250,-41,240,-41" /><INIT seed="0,2,0,1,3,117" ten="383,209,209,199" oya="0" hai0="23,22,19,101,0,100,103,31,92,125,77,106,35" hai1="82,43,56,87,70,124,26,94,32,14,85,12,112" hai2="91,59,29,38,129,48,20,81,42,75,133,40,62" hai3="9,4,49,64,61,131,130,3,10,126,107,71,25"/><T36/><D36/><U119/><E70/><V83/><F38/><W30/><G107/><T55/><D0/><U115/><E119/><V99/><F129/><N who="3" m="49163" /><G9/><T11/><D106/><U7/><E43/><V57/><F133/><W90/><G90/><T41/><D41/><N who="2" m="15978" /><F48/><W24/><G49/><T65/><D65/><U121/><E124/><V28/><F59/><W21/><G25/><T111/><D77/><U50/><E94/><N who="2" m="56799" /><F75/><W66/><G66/><T88/><D125/><AGARI ba="2,0" hai="3,4,10,21,24,30,61,64,71,125,126" m="49163" machi="125" ten="30,1000,0" yaku="19,1" doraHai="117" who="3" fromWho="0" sc="383,-16,209,0,209,0,199,16" /><INIT seed="1,0,0,3,2,62" ten="367,209,209,215" oya="1" hai0="50,66,33,122,19,109,6,39,8,73,67,43,60" hai1="0,49,22,134,74,93,110,121,123,89,57,128,124" hai2="26,129,47,55,53,130,112,84,78,90,119,35,29" hai3="41,3,106,133,118,127,83,14,96,107,38,92,113"/><U2/><E74/><V13/><F119/><W25/><G3/><T70/><D33/><U116/><E116/><V99/><F112/><W71/><G113/><T46/><D109/><U104/><E104/><V18/><F78/><W61/><G118/><T69/><D73/><U135/><E110/><V48/><F99/><W65/><G133/><N who="1" m="50698" /><E128/><V21/><REACH who="2" step="1"/><F53/><REACH who="2" ten="367,209,199,215" step="2"/><W77/><G77/><T64/><D122/><U44/><E123/><V125/><F125/><W9/><G127/><T1/><D70/><U56/><E121/><V101/><F101/><W45/><G83/><AGARI ba="0,1" hai="13,18,21,26,29,35,47,48,55,83,84,90,129,130" machi="83" ten="40,2600,0" yaku="1,1,53,1" doraHai="62" doraHaiUra="20" who="2" fromWho="3" sc="367,0,209,0,199,36,215,-26" /><INIT seed="2,0,0,4,2,46" ten="367,209,235,189" oya="2" hai0="56,123,67,51,49,85,105,133,21,23,134,42,90" hai1="80,32,58,12,99,43,18,73,95,76,129,93,91" hai2="69,78,120,57,28,130,110,104,106,48,52,4,116" hai3="25,94,81,1,72,100,114,33,118,20,65,135,22"/><V24/><F116/><W68/><G118/><T86/><D105/><U117/><E117/><V36/><F120/><W96/><G1/><T54/><D67/><U121/><E129/><V10/><F130/><W39/><G135/><N who="0" m="51723" /><D123/><U87/><E32/><V27/><F69/><W107/><G39/><T84/><D90/><U11/><E121/><V102/><F36/><W47/><G114/><T83/><D83/><U38/><E38/><V88/><F78/><W37/><G94/><T13/><D13/><U8/><E43/><V101/><F110/><W115/><G115/><T66/><D66/><U31/><E31/><V59/><F59/><W17/><G37/><T6/><D6/><U7/><E58/><V131/><F131/><W16/><G47/><AGARI ba="0,0" hai="21,23,42,47,49,51,54,56,84,85,86" m="51723" machi="47" ten="30,3900,0" yaku="20,1,52,2" doraHai="46" who="0" fromWho="3" sc="367,39,209,0,235,0,189,-39" /><INIT seed="3,0,0,2,1,120" ten="406,209,235,150" oya="3" hai0="19,8,135,0,126,132,26,39,91,131,78,28,50" hai1="72,48,98,114,32,122,64,9,104,97,14,44,112" hai2="90,49,29,116,75,51,59,83,41,52,115,20,15" hai3="123,87,25,117,81,34,84,33,61,65,63,118,88"/><W101/><G123/><T124/><D39/><U74/><E32/><V45/><F116/><W73/><G73/><T92/><D78/><U27/><E122/><V71/><F115/><W13/><G101/><T62/><D62/><U103/><E74/><V82/><F71/><W100/><G100/><T68/><D68/><U70/><E72/><V86/><F75/><W4/><G25/><T113/><D50/><U130/><E130/><V46/><F59/><W93/><G63/><T80/><D80/><U12/><E98/><V133/><F133/><N who="0" m="51274" /><D113/><U57/><E70/><V110/><F110/><W76/><G117/><T107/><D107/><U67/><E57/><V96/><F96/><W17/><G4/><N who="0" m="1031" /><D19/><U16/><E67/><V102/><F102/><W89/><G118/><T7/><D7/><U31/><E64/><V69/><F69/><W18/><G76/><T66/><D66/><U129/><E48/><V127/><F83/><W3/><G3/><T134/><D134/><U95/><E104/><V24/><F127/><W125/><G125/><T36/><D36/><U53/><E114/><V40/><F40/><W121/><G121/><T21/><D131/><U37/><E129/><V54/><F41/><W85/><G85/><AGARI ba="0,0" hai="21,26,28,85,91,92,124,126" m="1031,51274" machi="85" ten="30,1000,0" yaku="20,1" doraHai="120" who="0" fromWho="3" sc="406,10,209,0,235,0,150,-10" /><INIT seed="4,0,0,1,2,124" ten="416,209,235,140" oya="0" hai0="111,70,98,12,109,113,118,37,46,71,62,72,94" hai1="80,38,33,2,134,99,121,31,105,54,3,8,125" hai2="27,0,114,123,78,41,104,63,127,60,18,14,10" hai3="42,97,58,36,91,122,73,7,119,87,64,74,90"/><T50/><D37/><U126/><E54/><V5/><F123/><W20/><G119/><T93/><D118/><U53/><E53/><V30/><F127/><W96/><G122/><T83/><D113/><U47/><E121/><V103/><F114/><W85/><G7/><T69/><D62/><U129/><E134/><V117/><F117/><W84/><G36/><T81/><D12/><U4/><E3/><V95/><F78/><W67/><G42/><T51/><D51/><U92/><E92/><V16/><F41/><W11/><G11/><T23/><D23/><U115/><E80/><V26/><F104/><W39/><G39/><T131/><D131/><U101/><E129/><V76/><F76/><W68/><G58/><T102/><D94/><U6/><E6/><V19/><F0/><W75/><G20/><T88/><D102/><U135/><E135/><V44/><F44/><W17/><G17/><T35/><D35/><U77/><E77/><V1/><F1/><W40/><G40/><N who="0" m="24903" /><D72/><U45/><E45/><V55/><F63/><W15/><G15/><T29/><D29/><U106/><E106/><V82/><F30/><W128/><G128/><T49/><D49/><U100/><E100/><V65/><F103/><W9/><G9/><T32/><D32/><U79/><E115/><V89/><F14/><W22/><G22/><T24/><D24/><N who="1" m="18663" /><E79/><V13/><F27/><W59/><G68/><T130/><D130/><U61/><E61/><V108/><F26/><W34/><G34/><T132/><D132/><U86/><E86/><V120/><F120/><W116/><G116/><RYUUKYOKU ba="0,0" sc="416,15,209,15,235,-15,140,-15" hai0="69,70,71,81,83,88,93,98,109,111" hai1="2,4,8,38,47,99,101,105,125,126" /><INIT seed="4,1,0,1,0,36" ten="431,224,220,125" oya="0" hai0="112,16,104,98,108,89,38,45,50,102,19,62,100" hai1="127,130,40,59,9,37,99,31,117,118,115,71,128" hai2="120,72,111,39,46,94,96,103,93,10,86,0,83" hai3="32,64,131,54,77,14,2,110,52,79,44,15,116"/><T134/><D112/><U129/><E31/><V24/><F120/><W61/><G110/><T18/><D108/><U58/><E9/><V56/><F111/><W121/><G116/><N who="1" m="44650" /><E99/><V88/><F72/><W85/><G121/><T106/><D38/><U69/><E115/><V91/><F24/><W74/><G2/><T28/><D134/><U101/><E101/><V78/><F0/><W33/><G131/><T53/><D28/><U122/><E122/><V41/><F10/><W20/><G85/><T7/><D7/><U107/><E107/><V5/><F5/><W8/><G20/><T95/><REACH who="0" step="1"/><D62/><REACH who="0" ten="421,224,220,125" step="2"/><U42/><E37/><V13/><F39/><W23/><G61/><T97/><D97/><U22/><E127/><V123/><F96/><W114/><G114/><T76/><D76/><U11/><E129/><V109/><F78/><W90/><G79/><T70/><D70/><U17/><E71/><V26/><F109/><W12/><G77/><T84/><D84/><U29/><E69/><V6/><F86/><W35/><G74/><T47/><D47/><U30/><E30/><V63/><F6/><W1/><G44/><T87/><D87/><U125/><E125/><V81/><F46/><W135/><G135/><T80/><D80/><U60/><E60/><V105/><F63/><W55/><G1/><T27/><D27/><N who="1" m="16631" /><E130/><V57/><F26/><W133/><G133/><T65/><D65/><U34/><E128/><V43/><F123/><W92/><G64/><T68/><D68/><U4/><E4/><V67/><F67/><W48/><G14/><T3/><D3/><RYUUKYOKU ba="1,1" sc="421,30,224,-10,220,-10,125,-10" hai0="16,18,19,45,50,53,89,95,98,100,102,104,106" /><INIT seed="4,2,1,5,0,25" ten="451,214,210,115" oya="0" hai0="24,100,122,114,80,83,94,22,125,2,73,68,53" hai1="126,3,36,69,10,71,118,123,66,104,61,4,8" hai2="47,9,39,128,113,81,0,86,96,129,124,1,105" hai3="79,135,41,33,119,54,15,85,67,106,121,84,17"/><T35/><D122/><U5/><E118/><V42/><F113/><W92/><G119/><T64/><D2/><U74/><E123/><V51/><F124/><W127/><G106/><T77/><D35/><U88/><E126/><V110/><F110/><W16/><G127/><T27/><D125/><U63/><E104/><V21/><F39/><W20/><G33/><T32/><D80/><U60/><E36/><V62/><F62/><W109/><G109/><T49/><D32/><U48/><E74/><V130/><F9/><W90/><G121/><T65/><D68/><U38/><E38/><V133/><F133/><W91/><G135/><T18/><D27/><U101/><E101/><N who="2" m="62631" /><F21/><N who="3" m="11423" /><G41/><T134/><D114/><U70/><E48/><V75/><F75/><W76/><G67/><T13/><D134/><U115/><E115/><V29/><F29/><W45/><G45/><T131/><D64/><U95/><E66/><V50/><F50/><W19/><G54/><T72/><D65/><U116/><E116/><V111/><F111/><W14/><G19/><T52/><D53/><U82/><E70/><V40/><F40/><W57/><G57/><T56/><D72/><U7/><E69/><V107/><F107/><W112/><G112/><T46/><D46/><U28/><E71/><V87/><F87/><W132/><G132/><T120/><D120/><U93/><E28/><V37/><F37/><W23/><G23/><T12/><D73/><U117/><E117/><V31/><F31/><W78/><G78/><AGARI ba="2,1" hai="0,1,42,47,51,78,81,86,128,129,130" m="62631" machi="78" ten="30,1000,0" yaku="19,1" doraHai="25" who="2" fromWho="3" sc="451,0,214,0,210,26,115,-16" /><INIT seed="5,0,0,0,1,66" ten="451,214,236,99" oya="1" hai0="30,87,93,6,18,58,46,132,14,117,75,97,5" hai1="55,24,100,95,116,134,104,105,81,2,90,110,71" hai2="78,107,94,15,91,26,86,125,37,85,43,20,121" hai3="130,98,4,123,120,109,62,28,13,84,101,73,0"/><U115/><E2/><V41/><F121/><W29/><G109/><T63/><D75/><U16/><E116/><V106/><F125/><W48/><G73/><T23/><D117/><U128/><E71/><V56/><F15/><W65/><G0/><T135/><D87/><U113/><E128/><V99/><F37/><W45/><G130/><T35/><D46/><U3/><E3/><V53/><F107/><W57/><G84/><N who="2" m="32361" /><F78/><W61/><G120/><T40/><D40/><U10/><E100/><V129/><F106/><W80/><G80/><T32/><D30/><U69/><E81/><V33/><F33/><W21/><G123/><T79/><D79/><U52/><E69/><V131/><F131/><W7/><G62/><T108/><D108/><U22/><E134/><V92/><F92/><W11/><G21/><T127/><D127/><U111/><E105/><V39/><F39/><W12/><G98/><T126/><D32/><U70/><E104/><V49/><F129/><W68/><G101/><N who="0" m="60591" /><D35/><U60/><E10/><V1/><F1/><W133/><G133/><N who="0" m="51275" /><D126/><U112/><E111/><V47/><F47/><W9/><REACH who="3" step="1"/><G68/><REACH who="3" ten="451,214,236,89" step="2"/><T122/><D122/><U64/><E110/><V59/><F59/><W50/><G50/><T67/><AGARI ba="0,1" hai="5,6,14,18,23,58,63,67" m="51275,60591" machi="67" ten="30,1100,0" yaku="20,1" doraHai="66" who="0" fromWho="0" sc="451,21,214,-5,236,-3,89,-3" /><INIT seed="6,0,0,1,3,36" ten="472,209,233,86" oya="2" hai0="77,5,69,109,114,101,96,79,88,62,122,123,46" hai1="6,70,32,2,80,94,99,63,132,28,112,84,37" hai2="55,38,22,60,0,128,73,71,87,43,4,48,130" hai3="120,57,12,119,113,85,127,102,17,100,1,115,53"/><V29/><F73/><W35/><G119/><T66/><D109/><U126/><E37/><V111/><F111/><W23/><G120/><T82/><D114/><U49/><E126/><V95/><F0/><W11/><G35/><T117/><D5/><U52/><E132/><V50/><F4/><W9/><G127/><T24/><D24/><U92/><E112/><N who="3" m="43082" /><G85/><T3/><D3/><U89/><E28/><V129/><F29/><W47/><G47/><T72/><D79/><U44/><E32/><V20/><F95/><W121/><G121/><T118/><D88/><U58/><E70/><V81/><F71/><W86/><G86/><T61/><D61/><U31/><E31/><V25/><F60/><N who="3" m="35887" /><G1/><T21/><D46/><U97/><E2/><V7/><F7/><W19/><G11/><T10/><D10/><U116/><E6/><V67/><F67/><W14/><AGARI ba="0,0" hai="9,12,14,17,19,23,100,102" m="35887,43082" machi="14" ten="30,2000,0" yaku="15,1,11,1" doraHai="36" who="3" fromWho="3" sc="472,-5,209,-5,233,-10,86,20" /><INIT seed="7,0,0,0,2,90" ten="467,204,223,106" oya="3" hai0="88,72,99,79,64,122,32,89,129,128,110,78,28" hai1="82,42,106,83,65,127,75,70,9,120,61,123,0" hai2="104,43,131,34,6,45,135,121,114,133,130,108,50" hai3="107,14,44,54,7,91,52,35,98,80,63,41,21"/><W36/><G35/><T109/><D122/><U132/><E83/><V58/><F121/><W125/><G125/><T16/><D64/><U93/><E93/><V25/><F104/><W33/><G33/><T85/><D16/><U27/><E27/><V87/><F6/><W5/><G63/><T92/><D28/><U112/><E112/><V24/><F114/><W67/><G67/><T40/><D40/><U55/><E55/><V12/><F12/><W60/><G60/><T84/><D32/><U31/><E31/><N who="2" m="19815" /><F25/><W29/><G107/><T37/><D37/><U101/><E42/><V48/><F87/><N who="0" m="33354" /><D89/><U103/><E103/><V49/><F108/><N who="0" m="41578" /><D72/><U46/><E46/><V117/><F117/><W56/><G56/><T11/><D11/><U15/><E15/><V124/><F124/><W20/><G20/><T81/><D81/><U94/><E106/><V22/><F22/><W39/><G39/><T18/><D18/><U53/><E132/><N who="2" m="50763" /><F58/><W134/><G134/><T8/><D8/><U47/><E127/><V19/><F19/><N who="3" m="10487" /><G29/><T3/><D3/><U73/><E0/><V111/><F111/><W113/><G113/><T119/><D119/><U76/><E73/><V1/><F1/><W102/><G80/><T26/><D26/><U126/><E126/><V95/><F45/><W86/><G86/><T57/><D57/><U97/><E9/><V51/><F43/><W59/><G91/><T116/><D116/><U4/><E4/><N who="3" m="1610" /><G59/><T105/><D105/><U96/><E96/><V38/><F38/><W68/><G68/><T66/><D66/><U23/><E23/><RYUUKYOKU ba="0,0" sc="467,10,204,10,223,-30,106,10" hai0="78,79,88,92,99,128,129" hai1="47,53,61,65,70,75,76,82,94,97,101,120,123" hai3="36,41,44,52,54,98,102" /><INIT seed="7,1,0,0,4,72" ten="477,214,193,116" oya="3" hai0="91,111,85,67,82,135,66,44,83,120,81,28,96" hai1="7,133,42,55,5,62,54,69,58,48,15,3,124" hai2="132,18,119,35,105,65,0,36,92,114,118,23,99" hai3="46,2,64,10,40,106,27,60,50,112,129,34,21"/><W11/><G106/><T93/><D111/><U123/><E3/><V13/><F35/><W30/><G112/><T108/><D108/><U37/><E123/><V134/><F105/><W113/><G113/><T20/><D120/><U127/><E133/><N who="2" m="51307" /><F114/><W32/><G129/><T86/><D135/><U4/><E15/><V126/><F0/><W117/><G117/><T45/><D28/><U75/><E55/><V121/><F121/><W71/><REACH who="3" step="1"/><G2/><REACH who="3" ten="477,214,193,106" step="2"/><T80/><D67/><N who="1" m="41207" /><E75/><V122/><F122/><W41/><G41/><T14/><D66/><U63/><E63/><V38/><F65/><W79/><G79/><T26/><D80/><U77/><E77/><V19/><F119/><W90/><G90/><T12/><D81/><U107/><E107/><V16/><F118/><W57/><G57/><T73/><D82/><U116/><E116/><V100/><F126/><W70/><G70/><T88/><D88/><U9/><E127/><V53/><F53/><W33/><AGARI ba="1,1" hai="10,11,21,27,30,32,33,34,40,46,50,60,64,71" machi="33" ten="30,6000,0" yaku="1,1,0,1,53,1" doraHai="72" doraHaiUra="22" who="3" fromWho="3" sc="477,-21,214,-21,193,-21,106,73" /><INIT seed="7,2,0,5,0,87" ten="456,193,172,179" oya="3" hai0="124,42,130,72,90,71,119,77,100,99,51,115,10" hai1="91,54,63,26,1,128,74,96,43,81,111,82,107" hai2="126,117,56,9,83,78,55,36,6,7,108,16,58" hai3="60,70,45,57,52,94,24,125,39,93,84,65,2"/><W85/><G2/><T38/><D51/><U40/><E1/><V20/><F108/><W64/><G125/><T95/><D10/><U135/><E111/><V76/><F126/><W11/><G11/><T132/><D119/><U18/><E107/><V89/><F117/><W109/><G109/><T31/><D71/><U35/><E35/><V69/><F69/><W112/><G112/><T131/><D124/><U21/><E128/><N who="0" m="49193" /><D115/><U14/><E14/><N who="2" m="5439" /><F6/><W79/><G24/><T23/><D90/><U110/><E91/><V122/><F122/><W75/><G65/><T12/><D77/><N who="2" m="29802" /><F55/><W37/><G37/><T47/><D72/><U33/><E74/><V13/><F36/><W133/><G133/><T98/><D99/><U113/><E96/><V88/><F89/><W120/><G120/><T123/><D12/><U106/><E113/><V66/><F66/><W121/><G121/><T50/><D123/><U22/><E135/><V105/><F105/><W44/><G75/><T134/><D50/><U68/><E68/><V114/><F114/><W48/><G45/><T129/><D129/><U118/><E118/><V30/><F30/><W41/><G79/><T32/><D32/><U62/><E33/><V28/><F28/><W25/><G25/><AGARI ba="2,0" hai="23,25,31,38,42,47,95,98,100,132,134" m="49193" machi="25" ten="30,1000,0" yaku="19,1" doraHai="87" who="0" fromWho="3" sc="456,16,193,0,172,0,179,-16" owari="472,58.0,193,-1.0,172,-23.0,163,-34.0" /></mjloggm>