<mjloggm ver="2.3"><GO type="169" lobby="0"/><UN n0="%E3%81%98%E3%82%83%E3%81%B3%E3%81%A3%E3%81%A8" n1="%E3%82%A6%E3%83%AB%E3%83%88%E3%83%A9%E7%AB%8B%E7%9B%B4" n2="%E3%80%93%E5%AE%AE%E6%A3%AE%E3%81%82%E3%81%8A%E3%81%84%E3%80%93" n3="%E7%A0%B2%E3%81%AE%E4%B8%8A%E3%81%AE%E3%81%82%E3%81%AE%E5%A8%98" dan="16,18,17,16" rate="2071.48,2187.38,2157.44,2127.49" sx="M,M,F,F"/><TAIKYOKU oya="0"/><INIT seed="0,0,0,4,5,135" ten="250,250,250,250" oya="0" hai0="110,32,49,68,114,88,74,134,102,41,103,27,118" hai1="129,85,93,73,37,33,105,44,10,72,101,19,123" hai2="81,127,48,112,79,46,26,18,132,89,75,15,56" hai3="9,94,113,78,6,84,13,99,128,96,16,67,71"/><T17/><D114/><U25/><E123/><V80/><F112/><W23/><G113/><T43/><D118/><U39/><E105/><V109/><F132/><W35/><G128/><T61/><D134/><U2/><E129/><V70/><F70/><W57/><G35/><T108/><D74/><U59/><E59/><V115/><F115/><W65/><G71/><T60/><D32/><U77/><E101/><N who="0" m="38409" /><D68/><U104/><E104/><V97/><F109/><N who="0" m="42090" /><D88/><U64/><E77/><V131/><F81/><N who="3" m="47159" /><G57/><T100/><N who="0" m="38417" /><T42/><DORA hai="0" /><D49/><U8/><E85/><V58/><F48/><W121/><G121/><T69/><D69/><U92/><E73/><V52/><F89/><N who="3" m="55375" /><G99/><T30/><D30/><U91/><E72/><V82/><F97/><W126/><G126/><T45/><D45/><U98/><E44/><V1/><F46/><W95/><G95/><T11/><D27/><AGARI ba="0,0" hai="6,9,13,16,23,27,65,67" m="55375,47159" machi="27" ten="30,3900,0" yaku="8,1,52,1,54,1" doraHai="135,0" who="3" fromWho="0" sc="250,-39,250,0,250,0,250,39" /><INIT seed="1,0,0,4,0,90" ten="211,250,250,289" oya="1" hai0="55,53,106,14,67,80,39,30,63,113,10,87,62" hai1="88,73,128,99,130,24,101,9,121,1,18,108,71" hai2="75,115,42,61,92,78,112,52,49,89,29,17,7" hai3="79,69,104,57,81,59,64,65,102,84,12,3,4"/><U34/><E121/><V28/><F7/><W135/><G3/><T110/><D113/><N who="2" m="43594" /><F42/><W15/><G135/><T21/><D106/><U11/><E73/><V123/><F123/><W56/><G69/><T114/><D114/><U23/><E71/><V19/><F61/><W70/><G70/><T83/><D39/><U48/><E108/><V36/><F36/><W116/><G116/><T5/><D110/><U13/><E48/><V50/><F50/><W22/><G104/><T60/><D67/><N who="3" m="25673" /><G102/><T44/><D44/><U43/><E43/><V94/><F78/><W107/><G107/><T25/><REACH who="0" step="1"/><D83/><REACH who="0" ten="201,250,250,289" step="2"/><U93/><E130/><V105/><F105/><W51/><G81/><T131/><D131/><U40/><E128/><V129/><F129/><W111/><G111/><T6/><D6/><U26/><E40/><V68/><F68/><W85/><G4/><T8/><D8/><U122/><E122/><V127/><F127/><W95/><G51/><T126/><D126/><U96/><E11/><V54/><F49/><W45/><G45/><T103/><D103/><U125/><E125/><V16/><F75/><W41/><G41/><T118/><D118/><U82/><E82/><V32/><F32/><W74/><G74/><T91/><AGARI ba="0,1" hai="5,10,14,21,25,30,53,55,60,62,63,80,87,91" machi="91" ten="30,4000,0" yaku="1,1,0,1,8,1,53,0" doraHai="90" doraHaiUra="35" who="0" fromWho="0" sc="201,50,250,-20,250,-10,289,-10" /><INIT seed="2,0,0,0,5,30" ten="251,230,240,279" oya="2" hai0="50,94,111,65,64,31,35,83,14,108,8,120,32" hai1="63,76,4,56,134,117,24,123,34,47,27,23,45" hai2="9,92,75,68,17,104,90,33,16,13,115,5,128" hai3="81,2,72,118,18,112,110,20,107,70,129,0,87"/><V124/><F115/><W130/><G118/><T121/><D31/><U69/><E117/><V95/><F104/><W102/><G110/><N who="0" m="42027" /><D94/><U113/><E69/><V99/><F75/><W53/><G70/><T79/><D50/><U1/><E113/><V74/><F74/><W93/><G72/><N who="0" m="43495" /><D65/><U91/><E76/><V62/><F128/><N who="3" m="49259" /><G107/><T29/><D29/><U89/><E91/><V80/><F80/><W135/><G135/><T86/><D86/><U22/><E89/><V3/><F124/><W26/><G53/><T126/><D64/><U103/><E103/><V15/><F95/><W71/><G71/><T46/><D46/><U82/><E47/><V132/><F132/><W58/><G58/><T100/><D100/><U131/><E56/><V40/><F40/><W116/><G116/><T39/><D39/><U44/><E45/><V96/><F96/><N who="3" m="59663" /><G112/><T12/><D12/><U133/><E44/><V41/><F41/><W85/><G85/><T54/><D54/><U51/><E134/><V42/><F42/><W77/><AGARI ba="0,0" hai="0,2,18,20,26,77,81,87" m="59663,49259" machi="77" ten="30,1100,0" yaku="19,1" doraHai="30" who="3" fromWho="3" sc="251,-3,230,-3,240,-5,279,11" /><INIT seed="3,0,0,4,3,98" ten="248,227,235,290" oya="3" hai0="38,89,61,93,102,29,95,76,54,49,56,100,94" hai1="13,129,43,0,21,105,63,8,82,14,28,87,18" hai2="3,68,55,16,46,67,106,135,6,36,112,86,133" hai3="50,72,120,9,44,92,75,90,99,59,125,19,42"/><W91/><G120/><T70/><D38/><U2/><E105/><V130/><F112/><W117/><G117/><T108/><D108/><U66/><E43/><V47/><F106/><W115/><G115/><T121/><D121/><U116/><E129/><V35/><F35/><W12/><G125/><T53/><D76/><U22/><E116/><V127/><F6/><W113/><G113/><T131/><D131/><U5/><E22/><V78/><F3/><W85/><REACH who="3" step="1"/><G59/><REACH who="3" ten="248,227,235,280" step="2"/><T65/><D29/><U39/><E28/><V109/><F127/><W37/><G37/><T81/><D81/><AGARI ba="0,1" hai="9,12,19,42,44,50,72,75,81,85,90,91,92,99" machi="81" ten="30,2900,0" yaku="1,1,7,1,53,0" doraHai="98" doraHaiUra="132" who="3" fromWho="0" sc="248,-29,227,0,235,0,280,39" /><INIT seed="3,1,0,2,0,102" ten="219,227,235,319" oya="3" hai0="77,99,69,67,134,73,2,132,101,28,107,20,78" hai1="33,108,127,18,48,84,62,12,59,17,39,8,112" hai2="118,110,27,117,9,31,1,98,119,135,106,95,93" hai3="129,83,11,120,44,125,47,61,35,131,3,10,56"/><W30/><G120/><T104/><D2/><U116/><E39/><V89/><F110/><W82/><G125/><T42/><D42/><U5/><E112/><V96/><F135/><N who="0" m="51754" /><D73/><U15/><E108/><V0/><F9/><N who="3" m="3083" /><G30/><T57/><D69/><U16/><E33/><V94/><F106/><N who="0" m="40490" /><D28/><U19/><E127/><V46/><F46/><N who="3" m="17451" /><G35/><T75/><D75/><U40/><E116/><V113/><F113/><W66/><G3/><T21/><D67/><U124/><E124/><V13/><F0/><W114/><G114/><T64/><D64/><U63/><E40/><V81/><F1/><W49/><G49/><T38/><D57/><U86/><E48/><V50/><F50/><W130/><AGARI ba="1,0" hai="56,61,66,82,83,129,130,131" m="17451,3083" machi="130" ten="40,2100,0" yaku="19,1" doraHai="102" who="3" fromWho="3" sc="219,-8,227,-8,235,-8,319,24" /><INIT seed="3,2,0,5,2,35" ten="211,219,227,343" oya="3" hai0="84,129,36,123,112,122,0,68,48,130,12,73,133" hai1="71,59,90,39,41,78,44,105,94,65,106,70,22" hai2="82,18,120,26,87,97,24,6,125,43,27,134,116" hai3="117,57,19,23,50,98,15,16,86,96,58,1,81"/><W60/><G117/><T132/><D73/><U69/><E78/><V135/><F116/><W80/><G1/><T13/><D36/><U62/><REACH who="1" step="1"/><E22/><REACH who="1" ten="211,209,227,343" step="2"/><V118/><F118/><W46/><G23/><T34/><D34/><U119/><E119/><V83/><F134/><W101/><G101/><T66/><D133/><U49/><E49/><V51/><F51/><W54/><G60/><T100/><D48/><U72/><E72/><V10/><F135/><W7/><G50/><T99/><D132/><U37/><E37/><V77/><F77/><W102/><G102/><T33/><D33/><U107/><E107/><V40/><F120/><W2/><G96/><AGARI ba="2,1" hai="39,41,44,59,62,65,69,70,71,90,94,96,105,106" machi="96" ten="40,1300,0" yaku="1,1,53,0" doraHai="35" doraHaiUra="45" who="1" fromWho="3" sc="211,0,209,29,227,0,343,-19" /><INIT seed="4,0,0,1,2,32" ten="211,238,227,324" oya="0" hai0="118,26,102,61,121,29,44,53,8,109,0,12,34" hai1="91,94,38,10,22,19,17,72,49,1,35,20,27" hai2="124,24,85,117,11,16,86,58,97,36,65,54,40" hai3="60,21,45,105,107,133,31,108,14,52,23,80,68"/><T106/><D118/><U122/><E38/><V135/><F117/><W79/><G108/><T41/><D121/><U83/><E122/><V78/><F135/><W57/><G133/><T95/><D109/><U70/><E70/><V42/><F124/><W18/><G68/><T93/><D0/><U90/><E35/><V71/><F71/><W48/><G31/><T126/><D126/><U84/><E49/><N who="2" m="31055" /><F36/><W130/><G130/><T119/><D119/><U74/><E10/><V46/><F65/><W111/><G111/><T113/><D113/><U9/><E9/><V73/><F73/><W110/><G110/><T128/><D128/><U59/><E59/><V67/><F67/><W56/><G23/><T76/><D76/><U127/><E1/><V98/><F78/><W131/><G131/><T63/><D106/><U2/><E2/><V43/><F46/><W77/><G57/><T37/><D53/><U55/><E55/><V114/><F114/><W87/><REACH who="3" step="1"/><G77/><REACH who="3" ten="211,238,227,314" step="2"/><T25/><D29/><U30/><E30/><V89/><F11/><W64/><AGARI ba="0,1" hai="14,18,21,45,48,52,56,60,64,79,80,87,105,107" machi="64" ten="20,12000,2" yaku="1,1,2,1,0,1,7,1,54,1,53,1" doraHai="32" doraHaiUra="75" who="3" fromWho="3" sc="211,-60,238,-30,227,-30,314,130" /><INIT seed="5,0,0,1,4,12" ten="151,208,197,444" oya="1" hai0="46,131,92,23,68,127,65,49,31,118,10,114,30" hai1="8,51,125,58,133,101,105,1,90,134,110,126,132" hai2="107,4,14,34,109,47,61,96,20,124,81,93,130" hai3="113,66,117,123,85,74,11,45,83,36,24,17,7"/><U43/><E105/><V89/><F109/><W106/><G106/><T28/><D118/><U70/><E101/><V73/><F34/><W99/><G99/><T19/><D114/><U102/><E102/><V2/><F107/><W97/><G97/><T119/><D119/><U22/><E70/><V71/><F2/><W84/><G113/><T135/><D135/><U29/><E90/><V3/><F3/><W108/><G66/><T5/><D131/><U26/><E110/><V77/><F130/><W122/><G117/><T60/><D127/><N who="1" m="48651" /><E58/><V48/><F124/><W75/><G75/><T112/><D112/><U78/><E78/><V72/><F72/><W64/><G74/><T63/><D92/><U16/><E1/><V57/><F71/><W52/><G108/><T21/><D63/><U121/><E121/><V35/><F61/><W88/><G88/><T100/><D100/><U37/><E37/><V98/><F57/><W27/><G36/><T42/><REACH who="0" step="1"/><D5/><REACH who="0" ten="141,208,197,444" step="2"/><U69/><E134/><V18/><F4/><W6/><G7/><T50/><D50/><U103/><E103/><V13/><F48/><W33/><G6/><T55/><D55/><U32/><E133/><V59/><F93/><W82/><G52/><T111/><D111/><U80/><E132/><V116/><F116/><W104/><G122/><T0/><D0/><U67/><E51/><V128/><F128/><W76/><G123/><T38/><D38/><U94/><E94/><V62/><F62/><W9/><G104/><T115/><D115/><U41/><E67/><V25/><F96/><W39/><G64/><RYUUKYOKU ba="0,1" sc="141,30,208,-10,197,-10,444,-10" hai0="10,19,21,23,28,30,31,42,46,49,60,65,68" /><INIT seed="6,1,1,5,5,39" ten="171,198,187,434" oya="2" hai0="9,80,66,128,112,25,53,8,68,54,81,79,60" hai1="69,101,10,71,47,16,37,115,64,5,52,98,28" hai2="41,20,127,97,4,72,36,74,103,104,129,48,23" hai3="19,84,14,130,3,121,11,78,75,99,6,42,15"/><V83/><F36/><W59/><G75/><T124/><D112/><U108/><E108/><V96/><F127/><W120/><G42/><T63/><D124/><U109/><E109/><V49/><F129/><W126/><G126/><T62/><D128/><U92/><E28/><V58/><F4/><W133/><G133/><T12/><D25/><U21/><E64/><V73/><F83/><N who="0" m="31818" /><D68/><U27/><E115/><V40/><F96/><W50/><G50/><T93/><D66/><U70/><E37/><V76/><F76/><W0/><G59/><T30/><D30/><U43/><E43/><V100/><F100/><W33/><G14/><T22/><D79/><U29/><E29/><V56/><F56/><W111/><G11/><N who="0" m="4171" /><D93/><U106/><E92/><V32/><F32/><W34/><G99/><T107/><D107/><U123/><E123/><V113/><F113/><W38/><G84/><T87/><D87/><U134/><E134/><V135/><F135/><W26/><G19/><AGARI ba="1,1" hai="12,19,22,53,54,60,62,63" m="4171,31818" machi="19" ten="30,1000,0" yaku="8,1" doraHai="39" who="0" fromWho="3" sc="171,23,198,0,187,0,434,-13" /><INIT seed="7,0,0,3,0,96" ten="194,198,187,421" oya="3" hai0="107,45,79,61,132,25,129,29,116,28,24,52,134" hai1="125,81,8,37,102,95,39,5,46,35,1,82,115" hai2="109,65,18,44,48,113,47,122,23,84,17,85,38" hai3="101,11,49,10,103,123,63,31,92,66,73,20,111"/><W119/><G73/><T43/><D129/><U2/><E35/><V9/><F109/><W100/><G92/><T13/><D116/><U118/><E115/><V77/><F113/><W41/><G41/><T12/><D107/><U83/><E125/><V64/><F38/><W53/><G31/><N who="0" m="11851" /><D79/><U55/><E2/><V3/><F122/><W114/><G49/><N who="0" m="26815" /><D134/><U74/><E74/><V133/><F133/><W15/><G63/><T135/><D135/><U108/><E108/><V128/><F128/><W33/><G53/><T27/><D132/><U7/><E118/><V75/><F75/><W112/><G20/><T57/><AGARI ba="0,0" hai="12,13,24,25,27,52,57,61" m="26815,11851" machi="57" ten="30,2000,0" yaku="8,1,54,1" doraHai="96" who="0" fromWho="0" sc="194,20,198,-5,187,-5,421,-10" owari="214,1.0,193,-21.0,182,-32.0,411,52.0" /></mjloggm>