<mjloggm ver="2.3"><GO type="169" lobby="0"/><UN n0="%4B%61%74%5F%48" n1="%E3%83%8F%E3%83%8D%E3%83%A0%E3%83%BC%E3%83%B3%E2%98%85%E6%B2%B3%E7%AB%A5" n2="%E5%B0%B1%E6%B4%BB%E7%94%9F%40%E5%B7%9D%E6%9D%91%E8%BB%8D%E5%9B%A3" n3="%E3%81%A9%E3%82%84%E3%81%A9%E3%82%84%31%35%39" dan="16,16,18,16" rate="2155.62,2103.74,2301.86,2044.60" sx="M,M,M,M"/><TAIKYOKU oya="0"/><INIT seed="0,0,0,0,0,95" ten="250,250,250,250" oya="0" hai0="60,80,76,93,24,66,46,15,130,122,48,121,117" hai1="18,43,115,19,23,73,64,118,131,6,110,72,3" hai2="103,44,8,126,45,129,47,56,17,125,97,70,112" hai3="74,128,27,104,21,127,37,91,89,96,90,12,26"/><T102/><D117/><U135/><E118/><V63/><F112/><W94/><G37/><T82/><D130/><U71/><E43/><V25/><F70/><W61/><G128/><T33/><D15/><U35/><E35/><V85/><F129/><W78/><G127/><T34/><D82/><U4/><E131/><V123/><F85/><W40/><G40/><T22/><D33/><U120/><E120/><V2/><F123/><W29/><G61/><T68/><D34/><U109/><E115/><V133/><F133/><W65/><G65/><T51/><D51/><U7/><E3/><V5/><F17/><N who="1" m="6153" /><E23/><V84/><F84/><W28/><G12/><T0/><D0/><U31/><E31/><V53/><REACH who="2" step="1"/><F25/><REACH who="2" ten="250,250,240,250" step="2"/><W39/><G27/><T106/><D24/><U49/><E135/><V50/><F50/><W1/><G26/><T62/><D48/><U116/><E49/><V32/><F32/><W10/><G29/><T98/><D122/><U83/><E116/><V20/><F20/><W111/><G21/><T67/><D22/><U92/><E71/><V79/><F79/><W69/><G78/><T14/><D121/><U38/><E38/><V55/><F55/><W59/><G39/><T88/><D68/><U11/><E64/><V13/><F13/><W77/><G69/><T113/><D14/><U105/><E7/><V87/><F87/><W58/><G77/><T36/><D113/><U108/><E6/><V9/><F9/><W124/><G10/><T119/><D119/><U107/><E11/><V132/><F132/><W86/><G28/><T57/><D66/><RYUUKYOKU ba="0,1" sc="250,-10,250,-10,240,30,250,-10" hai2="2,5,8,44,45,47,53,56,63,97,103,125,126" /><INIT seed="1,1,1,3,3,68" ten="240,240,270,240" oya="1" hai0="131,97,64,93,17,103,130,119,121,38,41,25,110" hai1="76,79,82,4,15,10,113,33,32,11,126,129,29" hai2="49,95,56,42,94,87,91,55,100,96,98,114,70" hai3="67,36,86,88,47,6,44,71,65,13,102,20,5"/><U53/><E113/><V31/><F114/><W124/><G124/><T84/><D119/><U54/><E126/><V99/><F70/><W43/><G102/><T116/><D116/><U2/><E129/><N who="0" m="49161" /><D64/><U105/><E105/><V69/><F69/><W83/><G47/><N who="0" m="23991" /><D110/><U109/><E109/><V134/><F134/><W92/><G71/><T14/><D121/><U60/><E29/><V28/><F42/><W9/><G5/><T106/><D25/><U0/><E60/><V26/><REACH who="2" step="1"/><F31/><REACH who="2" ten="240,240,260,240" step="2"/><W35/><G35/><AGARI ba="1,2" hai="26,28,35,49,55,56,87,91,94,95,96,98,99,100" machi="35" ten="30,3900,0" yaku="1,1,2,1,7,1,53,0" doraHai="68" doraHaiUra="127" who="2" fromWho="3" sc="240,0,240,0,260,62,240,-42" /><INIT seed="2,0,0,4,4,102" ten="240,240,322,198" oya="2" hai0="13,12,34,11,99,96,132,17,28,3,31,92,40" hai1="111,120,65,29,52,76,25,135,6,54,82,117,62" hai2="16,50,101,43,48,97,58,49,80,91,75,108,66" hai3="116,64,127,121,106,53,71,9,1,126,37,81,104"/><V21/><F108/><W33/><G116/><T8/><D3/><U46/><E117/><V122/><F122/><W73/><G121/><T93/><D132/><U105/><E120/><V90/><F43/><W10/><G33/><T18/><D34/><U85/><E111/><V5/><F5/><N who="3" m="1199" /><G37/><T84/><REACH who="0" step="1"/><D40/><REACH who="0" ten="230,240,322,198" step="2"/><U68/><E135/><V38/><F38/><W98/><G127/><T109/><D109/><U42/><E6/><V45/><F45/><W70/><G126/><T39/><D39/><U4/><E4/><V2/><F2/><W86/><G71/><T131/><D131/><U94/><E42/><V89/><F66/><W134/><G70/><T110/><D110/><U95/><E46/><V26/><F58/><W125/><G64/><T60/><D60/><U61/><E61/><V118/><F118/><W100/><G125/><T22/><D22/><U56/><E68/><V41/><F41/><W77/><G134/><T72/><D72/><U55/><REACH who="1" step="1"/><E105/><REACH who="1" ten="230,230,322,198" step="2"/><V19/><F50/><W115/><G106/><T15/><D15/><U79/><E79/><V24/><F49/><W51/><G51/><T67/><D67/><U88/><E88/><V35/><F48/><W87/><G104/><T103/><D103/><U130/><E130/><V59/><F59/><W74/><G100/><T44/><D44/><U57/><E57/><V7/><F7/><W63/><G63/><T78/><D78/><U27/><E27/><V69/><F69/><W119/><G77/><T0/><D0/><U32/><AGARI ba="0,2" hai="25,29,32,52,54,55,56,62,65,76,82,85,94,95" machi="32" ten="30,4000,0" yaku="1,1,0,1,54,1,53,0" doraHai="102" doraHaiUra="128" who="1" fromWho="1" sc="230,-10,230,60,322,-20,198,-10" /><INIT seed="3,0,0,3,1,74" ten="220,290,302,188" oya="3" hai0="57,19,20,52,130,41,99,82,92,95,85,87,46" hai1="132,80,69,47,11,103,71,111,73,18,39,28,24" hai2="88,72,5,56,48,134,98,81,108,50,131,40,102" hai3="75,3,45,51,84,101,105,37,17,55,94,65,70"/><W2/><G75/><T91/><D130/><U8/><E103/><V135/><F108/><W93/><G17/><T26/><D95/><U117/><E39/><V90/><F5/><W115/><G115/><T25/><D25/><U127/><E47/><V21/><F21/><W7/><G105/><T30/><D30/><U77/><E111/><V100/><F131/><W110/><G110/><T86/><D41/><U112/><E112/><V89/><F40/><W31/><G31/><T10/><D10/><U54/><E54/><V15/><F15/><W78/><G37/><T35/><D35/><U121/><E121/><V109/><F109/><W119/><G119/><T68/><D68/><U4/><E117/><V23/><F23/><W63/><G7/><T114/><D114/><U128/><E128/><V97/><F56/><W53/><G53/><T125/><D125/><U113/><E113/><V32/><F72/><W43/><G43/><T38/><D38/><U34/><E127/><V106/><F81/><W16/><G16/><T107/><D107/><U29/><E29/><V0/><F0/><W1/><REACH who="3" step="1"/><G101/><REACH who="3" ten="220,290,302,178" step="2"/><N who="0" m="60647" /><D46/><U9/><E4/><V79/><F32/><W36/><G36/><T6/><D6/><U120/><E18/><V27/><F27/><W104/><G104/><T83/><D91/><U12/><E12/><V133/><F79/><W49/><G49/><AGARI ba="0,1" hai="19,20,26,49,52,57,82,83,85,86,87" m="60647" machi="49" ten="30,2000,0" yaku="8,1,54,1" doraHai="74" who="0" fromWho="3" sc="220,30,290,0,302,0,178,-20" /><INIT seed="4,0,0,1,1,42" ten="250,290,302,158" oya="0" hai0="135,101,24,54,4,121,34,30,39,51,92,100,77" hai1="127,96,130,15,0,78,124,80,26,76,67,97,133" hai2="3,63,47,87,32,122,12,105,102,37,25,65,117" hai3="75,69,41,88,86,118,94,109,18,126,36,46,9"/><T116/><D39/><U112/><E0/><V99/><F122/><W128/><G109/><T35/><D121/><U2/><E2/><V22/><F3/><W40/><G118/><T85/><D116/><U27/><E67/><V93/><F117/><W83/><G69/><T21/><D135/><U68/><E68/><N who="2" m="42047" /><F12/><W13/><G128/><T132/><D132/><U52/><E133/><V129/><F22/><W33/><G33/><T107/><D107/><U123/><E123/><V48/><F48/><W6/><G126/><N who="1" m="48170" /><E15/><V62/><F62/><W73/><G41/><T5/><D35/><U114/><E130/><V7/><F7/><N who="0" m="2634" /><D34/><U50/><E96/><V119/><F119/><W66/><G66/><T64/><D64/><U19/><E97/><V110/><F110/><W44/><G44/><N who="0" m="28007" /><D77/><N who="1" m="29803" /><E80/><V115/><F47/><W38/><G36/><T89/><AGARI ba="0,0" hai="21,24,30,85,89,92,100,101" m="28007,2634" machi="89" ten="30,3000,0" yaku="8,1,52,1" doraHai="42" who="0" fromWho="0" sc="250,30,290,-10,302,-10,158,-10" /><INIT seed="4,1,0,1,4,27" ten="280,280,292,148" oya="0" hai0="73,5,51,25,118,99,86,7,94,52,50,57,10" hai1="60,63,110,21,126,35,129,125,43,71,18,122,1" hai2="114,38,8,33,115,58,131,132,13,23,48,53,77" hai3="41,44,14,97,75,9,121,2,133,20,81,130,46"/><T17/><D73/><U61/><E110/><V74/><F33/><W120/><G130/><T11/><D118/><U6/><E122/><V34/><F34/><W85/><G75/><T67/><D86/><U119/><E119/><V39/><F132/><W36/><G133/><T47/><D25/><U109/><E109/><V88/><F131/><W42/><G97/><T64/><D17/><U15/><E129/><V93/><F23/><W104/><G104/><T40/><D11/><N who="1" m="2511" /><E43/><V56/><F56/><W113/><G113/><N who="2" m="43017" /><F77/><W117/><G20/><T29/><D29/><U24/><E71/><V45/><F58/><W95/><G2/><T111/><D111/><U101/><E101/><V92/><F92/><W62/><G95/><T72/><D72/><U69/><E69/><V127/><F127/><W16/><G117/><T4/><REACH who="0" step="1"/><D10/><REACH who="0" ten="270,280,292,148" step="2"/><U128/><E128/><V135/><F74/><W105/><G121/><T31/><D31/><AGARI ba="1,1" hai="15,18,21,24,31,35,60,61,63,125,126" m="2511" machi="31" ten="30,2000,0" yaku="24,1,52,1" doraHai="27" who="1" fromWho="0" sc="270,-23,280,33,292,0,148,0" /><INIT seed="5,0,0,3,4,110" ten="247,313,292,148" oya="1" hai0="53,64,134,62,81,46,47,24,92,118,79,100,38" hai1="48,6,13,17,63,132,129,102,87,34,76,131,107" hai2="80,33,60,122,69,51,15,14,55,2,124,30,20" hai3="4,52,57,83,130,120,44,95,72,128,22,125,115"/><U1/><E34/><V7/><F33/><W85/><G120/><T35/><D118/><U9/><E132/><V32/><F32/><W8/><G125/><T65/><D134/><U19/><E63/><V56/><F2/><W114/><G22/><T90/><D100/><U45/><E102/><V116/><F116/><W12/><G72/><T28/><D53/><U59/><E59/><V94/><F80/><W82/><G95/><T93/><D93/><U98/><E98/><V104/><F104/><W58/><G44/><T39/><D47/><U108/><E107/><V109/><F109/><W113/><G58/><T77/><D65/><U61/><E61/><V111/><F111/><W49/><G83/><T31/><D31/><U103/><E103/><V40/><F7/><W50/><G50/><T121/><D121/><U88/><E76/><AGARI ba="0,0" hai="4,8,12,49,52,57,76,82,85,113,114,115,128,130" machi="76" ten="40,8000,1" yaku="15,1,52,3,54,1" doraHai="110" who="3" fromWho="1" sc="247,0,313,-80,292,0,148,80" /><INIT seed="6,0,0,0,3,124" ten="247,233,292,228" oya="2" hai0="7,52,120,50,54,129,36,72,122,70,38,58,21" hai1="123,10,35,40,117,94,109,82,12,24,121,59,6" hai2="14,102,46,98,51,5,2,103,78,27,112,87,0" hai3="32,13,111,44,49,88,60,43,83,73,104,119,57"/><V95/><F112/><W33/><G119/><T30/><D72/><U100/><E40/><V62/><F27/><W106/><G111/><T34/><D34/><U47/><E47/><V91/><F62/><W39/><G39/><T93/><D70/><U53/><E109/><V71/><F71/><W108/><G108/><T29/><D7/><U61/><E117/><V20/><F102/><W65/><G13/><T18/><D93/><U107/><E107/><V66/><F66/><W133/><G133/><T31/><D129/><U74/><E74/><V96/><F96/><W134/><G134/><T89/><D89/><U79/><E100/><V3/><F78/><W4/><G4/><T68/><D68/><U128/><E94/><V90/><F87/><W77/><REACH who="3" step="1"/><G88/><REACH who="3" ten="247,233,292,218" step="2"/><T17/><D38/><U75/><E12/><V85/><F90/><W69/><G69/><T55/><D36/><U80/><E6/><V114/><F5/><W84/><G84/><T67/><D122/><U126/><E123/><V118/><F118/><W26/><G26/><T16/><D120/><U135/><E121/><V41/><F14/><W28/><G28/><N who="0" m="10859" /><D67/><U81/><E135/><V131/><F85/><W125/><G125/><T11/><D11/><U86/><E126/><V127/><F91/><W8/><G8/><T99/><D99/><U92/><E10/><V45/><F98/><W113/><G113/><T105/><D105/><AGARI ba="0,1" hai="32,33,43,44,49,57,60,65,73,77,83,104,105,106" machi="105" ten="40,1300,0" yaku="1,1,53,0" doraHai="124" doraHaiUra="23" who="3" fromWho="0" sc="247,-13,233,0,292,0,218,23" /><INIT seed="7,0,0,5,0,58" ten="234,233,292,241" oya="3" hai0="110,95,65,38,21,20,111,133,126,86,11,44,88" hai1="135,91,89,18,5,17,26,71,124,99,13,113,36" hai2="112,69,123,48,72,76,85,94,8,31,130,47,129" hai3="103,3,84,50,114,118,4,90,75,109,46,81,35"/><W33/><G114/><T32/><D32/><U66/><E36/><V2/><F69/><W7/><G118/><T1/><D126/><U82/><E113/><V30/><F112/><W53/><G109/><T98/><D133/><U105/><E124/><V121/><F72/><W78/><G103/><T100/><D65/><U80/><E135/><V42/><F2/><W117/><G117/><T0/><D111/><U22/><E5/><V45/><F8/><W29/><G29/><N who="2" m="10761" /><F45/><W64/><G64/><T61/><D110/><U77/><E105/><V34/><F34/><W16/><G16/><T49/><D38/><U106/><E106/><V122/><F94/><W120/><G120/><T28/><D61/><U27/><E71/><V54/><F42/><W115/><G115/><T60/><D60/><U10/><E10/><V92/><F92/><W73/><G73/><T15/><D0/><U39/><E39/><V134/><F134/><W40/><G40/><N who="0" m="24711" /><D1/><U93/><E93/><V14/><F14/><W68/><G68/><T107/><D28/><U108/><E13/><V19/><F19/><W79/><G79/><T83/><D107/><U51/><E108/><V96/><F96/><W128/><G128/><T132/><D132/><U59/><E99/><V63/><F63/><W23/><G23/><T127/><D127/><U24/><E22/><V101/><F101/><W43/><G43/><T37/><D37/><U70/><E70/><V87/><F76/><W116/><G116/><T102/><D102/><U67/><E77/><V55/><F55/><W25/><G3/><T119/><D119/><RYUUKYOKU ba="0,0" sc="234,15,233,-15,292,15,241,-15" hai0="11,15,20,21,83,86,88,95,98,100" hai2="47,48,54,85,87,121,122,123,129,130" owari="249,5.0,218,-28.0,307,40.0,226,-17.0" /></mjloggm>