<mjloggm ver="2.3"><GO type="169" lobby="0"/><UN n0="%E3%81%AD%E3%81%8D%E3%81%9B%40" n1="%79%6B%66%35%35%33%38%39" n2="%E7%9F%A2%E6%BE%A4%E3%81%AB%E3%81%93" n3="%E3%82%A6%E3%83%AB%E3%83%88%E3%83%A9%E7%AB%8B%E7%9B%B4" dan="16,17,17,18" rate="2069.32,2182.81,2195.44,2274.44" sx="F,M,F,M"/><TAIKYOKU oya="0"/><INIT seed="0,0,0,2,2,34" ten="250,250,250,250" oya="0" hai0="21,27,40,89,56,14,17,45,100,130,83,1,49" hai1="113,92,47,119,84,20,108,57,96,126,103,44,125" hai2="18,28,67,114,87,79,102,33,43,101,94,115,99" hai3="46,105,52,74,12,97,16,120,36,53,133,131,118"/><T13/><D130/><U2/><E119/><V3/><F101/><W41/><G118/><T30/><D100/><U54/><E108/><V5/><F43/><W73/><G133/><T22/><D1/><U75/><E75/><V26/><F67/><W51/><G131/><T19/><D56/><U82/><E113/><V55/><F18/><W81/><G120/><T8/><D89/><U80/><E20/><V112/><F55/><W76/><G105/><T69/><REACH who="0" step="1"/><D83/><REACH who="0" ten="240,250,250,250" step="2"/><U11/><E82/><V4/><F3/><W65/><G65/><T15/><D15/><U32/><E80/><V72/><F102/><W6/><G97/><T61/><D61/><U122/><E96/><V35/><F99/><W24/><G24/><T23/><D23/><U50/><E103/><V90/><F33/><W88/><G88/><T98/><D98/><U29/><E32/><V93/><F114/><W39/><G74/><T7/><D7/><U123/><E123/><V111/><F115/><W128/><G6/><T42/><D42/><U106/><E122/><V63/><F112/><W116/><G128/><T66/><D66/><U134/><E2/><V31/><F4/><W71/><G116/><T37/><D37/><U60/><E60/><V107/><F5/><W117/><G117/><T129/><D129/><U38/><E38/><N who="3" m="14378" /><G71/><AGARI ba="0,1" hai="8,13,14,17,19,21,22,27,30,40,45,49,69,71" machi="71" ten="40,7700,0" yaku="1,1,53,2" doraHai="34" doraHaiUra="9" who="0" fromWho="3" sc="240,87,250,0,250,0,250,-77" /><INIT seed="0,1,0,3,1,39" ten="327,250,250,173" oya="0" hai0="120,64,53,24,98,119,43,102,97,75,11,85,61" hai1="84,131,74,63,45,19,116,27,25,80,109,33,38" hai2="44,92,69,6,31,20,129,134,115,8,118,54,9" hai3="49,14,51,52,82,96,28,135,130,47,71,79,90"/><T65/><D119/><U10/><E116/><V112/><F118/><W70/><G130/><T36/><D75/><U127/><E131/><V37/><F129/><W26/><G135/><T108/><D120/><U16/><E109/><V125/><F69/><W42/><G14/><T78/><D108/><U99/><E127/><V30/><F134/><W57/><G90/><T0/><D53/><U111/><E111/><V81/><F125/><W4/><G96/><T59/><D65/><U91/><E74/><V123/><F123/><W66/><G4/><T68/><D68/><U21/><E33/><V77/><F92/><W107/><G107/><T76/><D85/><U103/><E63/><V50/><F37/><W56/><G56/><T101/><D24/><U86/><E86/><V29/><F20/><W89/><G89/><T60/><D60/><U126/><E126/><V55/><F55/><W133/><G66/><T58/><D58/><U35/><E35/><V113/><REACH who="2" step="1"/><F6/><REACH who="2" ten="327,250,240,173" step="2"/><W117/><G117/><T15/><D36/><U40/><E10/><V121/><F121/><W72/><REACH who="3" step="1"/><G133/><REACH who="3" ten="327,250,240,163" step="2"/><T106/><D106/><U105/><REACH who="1" step="1"/><E27/><REACH who="1" ten="327,240,240,163" step="2"/><V122/><F122/><W114/><G114/><T100/><D64/><U5/><E5/><V110/><F110/><W7/><G7/><T3/><D11/><U94/><E94/><V67/><F67/><W13/><G13/><T62/><D15/><U104/><E104/><V41/><F41/><W73/><G73/><AGARI ba="1,3" hai="8,9,29,30,31,44,50,54,73,77,81,112,113,115" machi="73" ten="50,1600,0" yaku="1,1,53,0" doraHai="39" doraHaiUra="12" who="2" fromWho="3" sc="327,0,240,0,240,49,163,-19" /><INIT seed="1,0,0,3,0,35" ten="327,240,289,144" oya="1" hai0="25,48,71,28,130,18,41,76,10,100,22,134,27" hai1="116,6,58,111,24,1,135,45,132,12,80,87,53" hai2="11,19,23,57,122,38,118,70,32,117,120,97,95" hai3="92,8,131,79,91,56,115,3,81,69,105,98,21"/><U72/><E116/><V121/><F70/><W9/><G69/><T26/><D71/><U64/><E111/><V65/><F38/><W133/><G115/><T31/><D130/><U104/><E72/><V59/><F32/><W110/><G110/><T37/><D37/><U61/><E104/><V89/><F11/><W106/><G133/><N who="1" m="51274" /><E24/><V49/><F65/><W33/><G33/><T63/><D134/><U20/><E20/><V74/><F74/><W47/><G131/><T101/><D76/><U62/><E12/><V96/><F96/><W52/><G47/><N who="0" m="25711" /><D63/><U7/><E1/><V88/><F89/><W39/><G39/><T119/><D119/><U17/><E17/><V86/><F97/><W50/><G21/><T103/><D10/><U16/><E16/><V94/><F94/><W112/><G112/><T85/><D85/><U129/><E129/><V123/><N who="2" m="30720" /><DORA hai="29" /><V90/><F90/><W77/><G9/><T99/><D99/><U42/><E62/><V46/><F117/><W113/><G113/><T114/><D114/><U78/><E64/><V84/><F84/><W60/><G60/><T66/><D66/><U2/><E2/><V68/><F118/><W14/><G3/><T43/><D28/><U54/><E54/><V44/><F68/><W83/><G105/><T4/><D31/><U30/><E30/><V55/><REACH who="2" step="1"/><F46/><REACH who="2" ten="327,240,279,144" step="2"/><W108/><G106/><T107/><D107/><U102/><E102/><V93/><F93/><W40/><G108/><T82/><D101/><U125/><E125/><V109/><F109/><W13/><G92/><T124/><D124/><RYUUKYOKU ba="0,1" sc="327,-15,240,15,279,15,144,-15" hai1="6,7,42,45,53,58,61,78,80,87" hai2="19,23,44,49,55,57,59,86,88,95" /><INIT seed="1,1,1,4,5,111" ten="312,255,294,129" oya="1" hai0="68,127,69,110,17,119,3,66,32,116,125,65,100" hai1="48,74,7,95,123,79,113,49,76,2,71,96,108" hai2="63,36,121,67,18,6,101,22,10,85,45,83,102" hai3="130,97,99,8,5,27,39,52,81,93,117,87,107"/><U13/><E123/><V0/><F121/><W115/><G39/><T28/><D3/><U72/><E113/><V126/><F126/><N who="0" m="48138" /><D100/><U57/><E108/><V37/><F37/><W92/><G130/><T60/><D17/><U9/><E71/><N who="0" m="27209" /><D110/><U129/><E129/><V86/><F36/><W53/><G115/><T61/><D28/><U23/><E2/><V135/><F135/><W29/><G107/><T14/><D14/><U26/><E74/><V131/><F131/><W118/><G87/><T20/><D20/><U78/><E72/><V84/><F83/><W77/><G81/><T12/><D12/><U16/><REACH who="1" step="1"/><E57/><REACH who="1" ten="312,245,294,129" step="2"/><V34/><F45/><W4/><G117/><N who="0" m="45131" /><D32/><U50/><E50/><V89/><F34/><W47/><G118/><T35/><D35/><U109/><E109/><V19/><F0/><W80/><G77/><T54/><D54/><U38/><E38/><V46/><F67/><AGARI ba="1,2" hai="60,61,65,66,67" m="45131,27209,48138" machi="67" ten="40,8000,1" yaku="28,2,18,1,34,2" doraHai="111" who="0" fromWho="2" sc="312,103,245,0,294,-83,129,0" /><INIT seed="2,0,0,5,5,91" ten="415,245,211,129" oya="2" hai0="113,74,4,52,32,36,71,12,33,88,39,30,25" hai1="1,76,47,63,128,54,22,41,110,117,121,73,35" hai2="107,60,28,5,72,2,24,127,106,66,37,19,105" hai3="18,7,62,14,53,9,8,3,112,0,103,130,85"/><V133/><F133/><W126/><G130/><T114/><D71/><U49/><E35/><V13/><F127/><W122/><G122/><T51/><D74/><U135/><E117/><V58/><F72/><W111/><G111/><T131/><D33/><U78/><E110/><V27/><F37/><W56/><G126/><T90/><D131/><U84/><E128/><V50/><F28/><W97/><G112/><T67/><D67/><U6/><E121/><V42/><F2/><W26/><G85/><T16/><D4/><U96/><E135/><V46/><REACH who="2" step="1"/><F5/><REACH who="2" ten="415,245,201,129" step="2"/><W40/><G3/><T89/><D39/><U23/><E73/><V70/><F70/><W68/><G68/><T21/><REACH who="0" step="1"/><D36/><REACH who="0" ten="405,245,201,129" step="2"/><U102/><E6/><V120/><F120/><W94/><G7/><T109/><D109/><U95/><E1/><V116/><F116/><W123/><G0/><T45/><AGARI ba="0,2" hai="12,16,21,25,30,32,45,51,52,88,89,90,113,114" machi="45" ten="30,8000,1" yaku="1,1,0,1,54,3,53,0" doraHai="91" doraHaiUra="38" who="0" fromWho="0" sc="405,100,245,-20,201,-40,129,-20" /><INIT seed="3,0,0,4,1,109" ten="505,225,161,109" oya="3" hai0="76,12,57,62,111,94,43,8,79,64,128,127,5" hai1="98,116,102,28,131,34,58,26,95,3,114,67,31" hai2="61,68,91,49,97,4,52,51,42,56,126,88,46" hai3="32,47,135,40,115,70,84,54,20,120,121,132,6"/><W80/><G32/><T123/><D111/><U86/><E114/><V122/><F4/><W78/><G70/><T130/><D127/><U110/><E110/><V41/><F126/><W92/><G6/><T96/><D43/><U33/><E131/><N who="0" m="50217" /><D123/><N who="3" m="47177" /><G54/><T93/><D93/><U2/><E116/><V73/><F122/><W63/><G63/><T81/><D81/><U60/><E86/><V19/><F73/><W38/><G20/><T44/><D44/><U30/><E30/><V134/><F134/><N who="3" m="51243" /><G92/><T36/><D36/><U77/><E33/><V113/><F41/><W13/><G13/><T25/><D25/><U11/><E26/><V106/><F19/><W66/><G66/><T107/><D107/><U53/><E34/><V18/><F18/><W85/><G85/><T55/><D64/><U74/><E67/><V104/><F68/><W87/><G87/><T15/><D12/><U129/><E129/><V24/><F24/><W21/><G21/><T83/><D83/><N who="1" m="45495" /><E2/><V59/><F106/><W100/><G100/><AGARI ba="0,0" hai="5,8,15,55,57,62,76,79,94,96,100" m="50217" machi="100" ten="30,1000,0" yaku="19,1" doraHai="109" who="0" fromWho="3" sc="505,10,225,0,161,0,109,-10" /><INIT seed="4,0,0,3,1,0" ten="515,225,161,99" oya="0" hai0="17,78,133,1,41,21,103,65,118,25,123,20,59" hai1="92,128,114,110,44,2,84,74,4,117,85,101,34" hai2="88,49,95,120,23,83,54,125,80,82,12,98,76" hai3="113,11,13,124,62,19,79,48,134,3,135,66,47"/><T100/><D118/><U14/><E117/><V38/><F38/><W53/><G113/><T29/><D123/><U5/><E74/><V72/><F120/><W6/><G79/><T97/><D133/><U61/><E110/><V107/><F125/><W112/><G112/><T36/><D1/><U51/><E114/><V40/><F40/><W35/><G35/><T122/><D122/><U26/><E2/><V28/><F107/><W55/><G55/><T69/><D69/><U18/><E128/><V130/><F130/><W127/><G19/><T119/><D78/><U108/><E108/><V7/><F28/><W109/><G3/><T131/><D41/><N who="1" m="24975" /><E34/><V94/><F94/><W22/><G22/><T91/><D21/><N who="1" m="13623" /><E61/><V46/><REACH who="2" step="1"/><F23/><REACH who="2" ten="515,225,151,99" step="2"/><W43/><G43/><T121/><D20/><U81/><E92/><V63/><F63/><W126/><REACH who="3" step="1"/><G109/><REACH who="3" ten="515,225,151,89" step="2"/><T27/><D131/><U73/><E73/><V129/><F129/><W10/><G10/><AGARI ba="0,2" hai="7,10,12,46,49,54,72,76,80,82,83,88,95,98" machi="10" ten="40,8000,1" yaku="1,1,52,1,54,1,53,1" doraHai="0" doraHaiUra="42" who="2" fromWho="3" sc="515,0,225,0,151,100,89,-80" /><INIT seed="5,0,0,0,3,111" ten="515,225,251,9" oya="1" hai0="129,79,110,52,62,17,37,124,35,69,127,67,29" hai1="122,102,20,23,72,49,107,59,98,6,115,126,0" hai2="85,46,114,119,14,3,4,32,13,34,75,82,51" hai3="53,66,81,42,133,65,68,113,135,70,50,63,31"/><U18/><E122/><V101/><F75/><W95/><G95/><T47/><D110/><U123/><E123/><V128/><F119/><W86/><G31/><T90/><D129/><U108/><E108/><V71/><F71/><W7/><G7/><T43/><D79/><U132/><E72/><V15/><F128/><W25/><G25/><T28/><D35/><U40/><E132/><N who="3" m="50762" /><G42/><T2/><D2/><U30/><E126/><N who="0" m="48169" /><D90/><U105/><E105/><V77/><F101/><W8/><G8/><T38/><D38/><U10/><E30/><V45/><F45/><N who="3" m="27855" /><G113/><T96/><D96/><U91/><E115/><V130/><F130/><W120/><G120/><T22/><D52/><U109/><E109/><V41/><F114/><W118/><G118/><T54/><D54/><U112/><E112/><V83/><F3/><W64/><G63/><T106/><D106/><U88/><E40/><V125/><F125/><W76/><AGARI ba="0,0" hai="64,65,66,68,70,76,81,86" m="27855,50762" machi="76" ten="30,1100,0" yaku="20,1" doraHai="111" who="3" fromWho="3" sc="515,-3,225,-5,251,-3,9,11" /><INIT seed="6,0,0,5,5,1" ten="512,220,248,20" oya="2" hai0="132,89,15,0,133,49,42,90,60,127,66,75,70" hai1="100,126,124,114,48,11,109,37,29,85,36,131,91" hai2="110,71,54,103,63,68,53,79,28,80,118,56,102" hai3="24,50,12,82,123,115,17,14,10,78,76,94,27"/><V8/><F118/><W23/><G123/><T81/><D0/><U98/><E109/><V31/><F110/><W72/><G115/><T41/><D127/><N who="1" m="48683" /><E114/><V116/><F116/><W96/><G78/><N who="0" m="44255" /><D133/><U119/><E119/><V39/><F39/><W35/><G50/><T43/><D15/><U107/><E131/><V9/><F80/><W6/><REACH who="3" step="1"/><G35/><REACH who="3" ten="512,220,248,10" step="2"/><T25/><D49/><U4/><E48/><V99/><F79/><W19/><G19/><T2/><D132/><U7/><E29/><V46/><F31/><W129/><G129/><T38/><D41/><U55/><E37/><V111/><F28/><W67/><G67/><T51/><D43/><U122/><E36/><V128/><F111/><W44/><G44/><T95/><D51/><U30/><E30/><V65/><F128/><W125/><G125/><T34/><D42/><U47/><E122/><V93/><F46/><W5/><G5/><T33/><D38/><U21/><E7/><V18/><F18/><W135/><G135/><T22/><D66/><U87/><E4/><V45/><F45/><W73/><G73/><T58/><D33/><U40/><E40/><V101/><F65/><W61/><G61/><T120/><D34/><U134/><E134/><V112/><F112/><W20/><G20/><T57/><D60/><U3/><E21/><V92/><F54/><W86/><G86/><T121/><D22/><U97/><E55/><V77/><F77/><W106/><G106/><T64/><D120/><U104/><E47/><V83/><F53/><W105/><G105/><T13/><D121/><U52/><E104/><RYUUKYOKU ba="0,1" sc="512,-10,220,-10,248,-10,10,30" hai3="6,10,12,14,17,23,24,27,72,76,82,94,96" /><INIT seed="7,1,1,5,4,124" ten="502,210,238,40" oya="3" hai0="56,119,92,41,66,106,123,125,50,72,83,55,80" hai1="61,58,68,88,70,14,6,62,69,115,110,26,81" hai2="130,87,97,47,127,86,33,42,59,122,12,29,11" hai3="8,93,112,79,104,76,13,102,74,75,111,40,135"/><W10/><G112/><T103/><D106/><U45/><E110/><V49/><F127/><W2/><G135/><T121/><D119/><U134/><E115/><V43/><F130/><W24/><G111/><T60/><D72/><U18/><E134/><V39/><F122/><W17/><G104/><T53/><D125/><U9/><E45/><V98/><F33/><W57/><G40/><T67/><D41/><U107/><E107/><V95/><F29/><W94/><G24/><T16/><D16/><U132/><E132/><V0/><F0/><W35/><G35/><T63/><D92/><U25/><E18/><V90/><F43/><W34/><G34/><T84/><D103/><U113/><E113/><V32/><F32/><W77/><G57/><T36/><D36/><U85/><REACH who="1" step="1"/><E62/><REACH who="1" ten="502,200,238,40" step="2"/><V73/><F39/><W101/><G75/><T5/><D84/><U23/><E23/><V64/><F73/><W116/><G74/><T44/><D50/><U15/><E15/><V48/><F87/><W1/><G116/><T100/><D56/><U133/><E133/><V7/><F48/><W99/><REACH who="3" step="1"/><G10/><REACH who="3" ten="502,200,238,30" step="2"/><T38/><D121/><U120/><E120/><V108/><F108/><W20/><G20/><T37/><D123/><U52/><AGARI ba="1,3" hai="6,9,14,25,26,52,58,61,68,69,70,81,85,88" machi="52" ten="30,7900,0" yaku="1,1,0,1,54,2,53,0" doraHai="124" doraHaiUra="114" who="1" fromWho="1" sc="502,-21,200,112,238,-21,30,-40" owari="481,58.0,312,11.0,217,-18.0,-10,-51.0" /></mjloggm>