<mjloggm ver="2.3"><GO type="169" lobby="0"/><UN n0="%69%6E%66%6F%31%32%33" n1="%72%79%6F%EF%BC%A0%4D%4A" n2="%E3%82%A6%E3%83%AB%E3%83%88%E3%83%A9%E7%AB%8B%E7%9B%B4" n3="%4A%6F%75%72%6E%65%79" dan="16,16,18,16" rate="2150.73,2086.99,2271.02,2097.55" sx="M,M,M,M"/><TAIKYOKU oya="0"/><INIT seed="0,0,0,1,5,42" ten="250,250,250,250" oya="0" hai0="14,32,2,51,103,31,13,36,86,129,64,73,49" hai1="69,28,127,15,56,97,7,81,63,94,118,60,91" hai2="95,111,115,55,114,112,117,121,40,18,90,126,3" hai3="26,27,106,1,46,54,30,77,10,8,19,39,125"/><T99/><D73/><U38/><E118/><V80/><F3/><W23/><G106/><T58/><D2/><U133/><E38/><V44/><F121/><W70/><G70/><T45/><D129/><U83/><E28/><V11/><F111/><W131/><G131/><T134/><D36/><U85/><E127/><V68/><F68/><W132/><G125/><T120/><D120/><U65/><E133/><V116/><F55/><W29/><G132/><T105/><D134/><U50/><E50/><V35/><F80/><W96/><G96/><T135/><D135/><U47/><E47/><V6/><F18/><W76/><G1/><T72/><D72/><U119/><E119/><N who="2" m="45643" /><F35/><W101/><G101/><T53/><D86/><U92/><E92/><V79/><F79/><W122/><G122/><T25/><REACH who="0" step="1"/><D64/><REACH who="0" ten="240,250,250,250" step="2"/><U66/><E85/><N who="2" m="52687" /><F126/><W12/><G39/><T87/><D87/><U109/><E109/><V24/><F115/><W20/><G10/><T113/><D113/><U22/><E66/><V5/><F11/><W37/><G37/><T123/><D123/><U88/><E65/><V41/><F114/><W108/><G108/><T4/><D4/><U52/><E7/><V124/><F112/><W34/><G34/><T61/><D61/><U130/><E63/><V82/><F5/><W74/><G74/><T100/><D100/><U0/><E130/><V102/><F6/><W93/><G8/><T84/><D84/><N who="1" m="52583" /><E0/><V75/><F124/><W128/><G128/><T67/><D67/><U33/><E33/><V59/><F75/><W57/><G77/><T71/><D71/><RYUUKYOKU ba="0,1" sc="240,30,250,-10,250,-10,250,-10" hai0="13,14,25,31,32,45,49,51,53,58,99,103,105" /><INIT seed="0,1,1,2,2,59" ten="270,240,240,240" oya="0" hai0="68,4,36,51,81,119,113,44,108,86,5,35,25" hai1="98,85,45,77,103,24,115,27,93,11,111,125,87" hai2="10,117,62,31,29,3,120,33,39,116,69,48,13" hai3="124,109,19,95,72,90,96,50,49,57,61,127,118"/><T100/><D113/><U52/><E111/><V63/><F39/><W18/><G118/><N who="2" m="45673" /><F3/><W76/><G109/><T74/><D119/><U104/><E125/><N who="3" m="48202" /><G76/><T66/><D74/><U82/><E115/><V7/><F120/><W55/><G72/><T67/><D36/><U12/><E87/><V75/><F75/><W97/><G97/><T123/><D123/><U64/><E64/><V71/><F48/><AGARI ba="1,1" hai="18,19,48,49,50,55,57,61,90,95,96" m="48202" machi="48" ten="30,2000,0" yaku="18,1,52,1" doraHai="59" who="3" fromWho="2" sc="270,0,240,0,240,-23,240,33" /><INIT seed="1,0,0,2,5,6" ten="270,240,217,273" oya="1" hai0="29,119,115,130,52,3,27,132,51,49,104,63,47" hai1="15,18,28,86,13,114,42,113,35,77,14,91,121" hai2="69,89,74,46,58,67,20,33,70,57,12,87,50" hai3="80,68,22,99,124,120,34,0,21,90,110,106,62"/><U56/><E121/><V26/><F74/><W54/><G120/><T11/><D115/><U78/><E113/><V2/><F2/><W105/><G34/><T75/><D119/><U41/><E114/><V45/><F33/><W117/><G117/><T55/><D104/><U123/><E123/><V53/><F70/><W9/><G110/><T93/><D75/><U122/><E122/><V135/><F69/><W36/><G36/><T108/><D108/><U19/><E28/><V81/><F135/><W127/><G106/><T85/><D130/><U95/><E56/><V112/><F112/><W8/><G0/><T96/><D85/><U129/><E35/><V71/><F71/><W65/><G54/><T38/><D63/><U17/><REACH who="1" step="1"/><E129/><REACH who="1" ten="270,230,217,273" step="2"/><V126/><F58/><W125/><G68/><T133/><D133/><U116/><E116/><V43/><F57/><W82/><G127/><T16/><D132/><U128/><E128/><V88/><F126/><W61/><G125/><T100/><D38/><U25/><E25/><V92/><F26/><W48/><G124/><T39/><D39/><U76/><AGARI ba="0,1" hai="13,14,15,17,18,19,41,42,76,77,78,86,91,95" machi="76" ten="40,12000,1" yaku="1,1,0,1,29,2,8,1,53,0" doraHai="6" doraHaiUra="40" who="1" fromWho="1" sc="270,-40,230,130,217,-40,273,-40" /><INIT seed="1,1,0,4,0,14" ten="230,360,177,233" oya="1" hai0="55,128,123,133,68,74,114,134,80,23,77,67,28" hai1="118,46,59,120,83,11,91,121,93,111,37,64,1" hai2="122,105,70,16,86,18,25,47,90,6,84,132,38" hai3="76,53,87,124,34,27,50,81,15,97,26,54,63"/><U52/><E118/><V13/><F122/><W48/><G124/><T100/><D55/><U3/><E64/><V108/><F70/><W61/><G97/><T125/><D114/><U30/><E30/><V33/><F105/><W19/><G34/><T21/><D125/><U115/><E115/><V113/><F113/><W127/><G127/><T24/><D128/><U94/><E83/><V2/><F2/><W39/><G39/><T62/><D123/><U109/><E120/><V60/><F108/><N who="1" m="41545" /><E121/><V73/><F73/><W0/><G0/><N who="1" m="74" /><E11/><N who="2" m="4343" /><F33/><W45/><G27/><T82/><D82/><U78/><E78/><V130/><F130/><W57/><G26/><T32/><REACH who="0" step="1"/><D100/><REACH who="0" ten="220,360,177,233" step="2"/><U31/><E52/><V12/><F132/><AGARI ba="1,1" hai="21,23,24,28,32,62,67,68,74,77,80,132,133,134" machi="132" ten="40,8000,1" yaku="1,1,2,1,20,1,53,1" doraHai="14" doraHaiUra="20" who="0" fromWho="2" sc="220,93,360,0,177,-83,233,0" /><INIT seed="2,0,0,0,2,27" ten="313,360,94,233" oya="2" hai0="23,129,9,77,19,47,118,56,41,72,2,28,44" hai1="14,76,103,30,0,34,126,61,113,15,92,24,109" hai2="80,8,89,63,91,31,38,51,66,53,49,99,135" hai3="45,70,117,114,54,130,100,90,59,71,20,25,84"/><V32/><F38/><W58/><G117/><T62/><D129/><U102/><E0/><V10/><F135/><W4/><G130/><T35/><D118/><U82/><E113/><V74/><F32/><W85/><G114/><T73/><D35/><U83/><E126/><V131/><F131/><W67/><G100/><T104/><D104/><U37/><E37/><V93/><F31/><W52/><G4/><T134/><D134/><U18/><E61/><V22/><F22/><W124/><G124/><T105/><D105/><U98/><E103/><V65/><F65/><W119/><G119/><T43/><D28/><U69/><E69/><V108/><F108/><W116/><G116/><T50/><D77/><U55/><E109/><V11/><F53/><W17/><G67/><T96/><D96/><U13/><E55/><V1/><F1/><W46/><G71/><T75/><D9/><U122/><E122/><V101/><F74/><W16/><G70/><T112/><D2/><U115/><E115/><V86/><REACH who="2" step="1"/><F101/><REACH who="2" ten="313,360,84,233" step="2"/><W3/><G3/><T97/><D75/><U127/><E127/><V110/><F110/><W48/><G45/><T39/><D112/><U121/><E121/><V33/><F33/><W42/><G54/><T87/><D47/><U133/><E133/><V79/><F79/><W88/><G52/><T21/><D44/><U26/><E76/><V36/><F36/><W81/><REACH who="3" step="1"/><G17/><REACH who="3" ten="313,360,84,223" step="2"/><T94/><D19/><U78/><E18/><V106/><F106/><W5/><G5/><T68/><D39/><U29/><E34/><V7/><F7/><W6/><G6/><RYUUKYOKU ba="0,2" sc="313,-15,360,-15,84,15,223,15" hai2="8,10,11,49,51,63,66,80,86,89,91,93,99" hai3="16,20,25,42,46,48,58,59,81,84,85,88,90" /><INIT seed="2,1,2,2,1,87" ten="298,345,99,238" oya="2" hai0="7,13,116,47,0,109,52,18,36,10,4,93,53" hai1="48,84,56,27,57,17,82,73,45,105,44,67,26" hai2="63,1,133,98,66,111,126,71,112,115,76,124,64" hai3="117,61,12,49,50,125,70,121,118,129,95,104,6"/><V37/><F1/><W135/><G121/><T20/><D109/><U89/><E73/><V2/><F2/><W19/><G104/><T119/><D7/><U113/><E105/><V23/><F76/><W107/><G107/><T54/><D93/><U96/><E96/><V77/><F77/><W110/><G110/><T131/><D131/><U8/><E113/><V35/><F35/><W68/><G129/><T40/><AGARI ba="1,2" hai="0,4,10,13,18,20,36,40,47,52,53,54,116,119" machi="40" ten="30,2000,0" yaku="0,1,54,1" doraHai="87" who="0" fromWho="0" sc="298,43,345,-6,99,-11,238,-6" /><INIT seed="3,0,0,5,5,100" ten="341,339,88,232" oya="3" hai0="24,127,132,34,76,3,79,61,58,95,97,20,106" hai1="23,22,92,53,104,135,67,10,112,121,21,1,6" hai2="50,134,59,96,109,54,65,110,99,4,129,14,26" hai3="82,86,17,130,49,77,71,33,105,51,122,101,124"/><W68/><G122/><T2/><D132/><U126/><E112/><V57/><F129/><W40/><G130/><T119/><D34/><U46/><E121/><V73/><F73/><W60/><G33/><T81/><D127/><U75/><E75/><V64/><F26/><W37/><G124/><T15/><D15/><U108/><E126/><V28/><F28/><W74/><G37/><T7/><D106/><U36/><E67/><V118/><F134/><W56/><G74/><T19/><D119/><U31/><E135/><V43/><F43/><W133/><G133/><T30/><D7/><U29/><E104/><V52/><F14/><W115/><G115/><T12/><D81/><U91/><E108/><V98/><F4/><W116/><G116/><T103/><D3/><U80/><E80/><V90/><F90/><W8/><G8/><N who="0" m="6535" /><D2/><U128/><E128/><V38/><F38/><W85/><G17/><T88/><D103/><U125/><E125/><V83/><F83/><W66/><G86/><T131/><D131/><U117/><E117/><V94/><F118/><W39/><G39/><T45/><D45/><U0/><E1/><V123/><F123/><W32/><G32/><T78/><D78/><U47/><E47/><V102/><F98/><N who="3" m="61623" /><G40/><T93/><D93/><U42/><E53/><AGARI ba="0,0" hai="20,24,30,53,58,61,76,79,88,95,97" m="6535" machi="53" ten="30,2000,0" yaku="8,1,54,1" doraHai="100" who="0" fromWho="1" sc="341,20,339,-20,88,0,232,0" /><INIT seed="4,0,0,4,5,23" ten="361,319,88,232" oya="0" hai0="109,122,46,68,20,99,134,100,1,5,13,87,39" hai1="50,98,85,26,77,2,47,75,30,97,132,113,114" hai2="35,34,19,4,32,24,84,7,36,93,76,72,71" hai3="9,110,88,65,57,21,45,102,70,3,58,25,116"/><T63/><D122/><U22/><E75/><V43/><F71/><W121/><G110/><T51/><D109/><U64/><E2/><V95/><F72/><W111/><G111/><T14/><D134/><U60/><E77/><V12/><F36/><W112/><G116/><T83/><D39/><U101/><E85/><V115/><F43/><W129/><G121/><T91/><D1/><U128/><E128/><V11/><F93/><W28/><G129/><T52/><D5/><N who="2" m="2122" /><F95/><W135/><G3/><T44/><D44/><U78/><E78/><V61/><F61/><W42/><G135/><T55/><D20/><U66/><E66/><V131/><F84/><W69/><G9/><T79/><D79/><U82/><E82/><V49/><F49/><W59/><G102/><T94/><D68/><N who="1" m="41991" /><E101/><V62/><F62/><W123/><G123/><T27/><D27/><U90/><E90/><V41/><F41/><W105/><G105/><T92/><D92/><U117/><E117/><V80/><F131/><W10/><G70/><T18/><D18/><U120/><E120/><V40/><F40/><W15/><G69/><T0/><D0/><U126/><E132/><V119/><F119/><W133/><G133/><T74/><D74/><U8/><E8/><V31/><F76/><W96/><G42/><T38/><D38/><U33/><E98/><V124/><F80/><W48/><G10/><T130/><D130/><U104/><E97/><V86/><F86/><W54/><G96/><T103/><D103/><U56/><E104/><V106/><F106/><W118/><G118/><T89/><D100/><RYUUKYOKU ba="0,0" sc="361,30,319,-10,88,-10,232,-10" hai0="13,14,46,51,52,55,63,83,87,89,91,94,99" /><INIT seed="4,1,0,3,4,28" ten="391,309,78,222" oya="0" hai0="67,47,10,36,88,30,83,98,119,127,73,124,102" hai1="121,86,80,29,8,6,103,101,43,85,45,129,62" hai2="22,126,77,26,82,1,18,71,11,81,114,20,92" hai3="113,3,109,14,51,19,49,65,16,70,89,116,90"/><T0/><D119/><U106/><E121/><V96/><F114/><W94/><G116/><T2/><D67/><U133/><E133/><V55/><F126/><N who="0" m="48170" /><D30/><U84/><E129/><V40/><F71/><W39/><G109/><T68/><D68/><U52/><E29/><V134/><F134/><W91/><G3/><T79/><D10/><U93/><E106/><V111/><F111/><W108/><G108/><T100/><D88/><N who="1" m="53399" /><E43/><V17/><F40/><W74/><G74/><T123/><D123/><U87/><E80/><V130/><F130/><W32/><G70/><T135/><D135/><U13/><E45/><V48/><F11/><W112/><G65/><T4/><D4/><U60/><E60/><V69/><F69/><W76/><G76/><T107/><D100/><U24/><E24/><V64/><F77/><W125/><G125/><T57/><D57/><AGARI ba="1,0" hai="6,8,13,52,57,62,84,85,87,101,103" m="53399" machi="57" ten="30,3900,0" yaku="8,1,54,2" doraHai="28" who="1" fromWho="0" sc="391,-42,309,42,78,0,222,0" /><INIT seed="5,0,0,1,0,8" ten="349,351,78,222" oya="1" hai0="33,128,53,114,31,131,26,47,55,37,25,90,21" hai1="51,43,45,64,60,127,38,118,72,35,88,39,115" hai2="111,42,46,4,112,129,125,96,103,134,14,32,41" hai3="50,105,16,48,27,52,97,81,61,36,67,95,109"/><U70/><E35/><V91/><F111/><W34/><G109/><T40/><D114/><U66/><E72/><V1/><F32/><W11/><G36/><T5/><D5/><U77/><E77/><V123/><F123/><W124/><G105/><T126/><D90/><U89/><E118/><V87/><F129/><N who="0" m="49738" /><D126/><U0/><E0/><V85/><F134/><W62/><G124/><T100/><D100/><U101/><E127/><V49/><F112/><W84/><G34/><T10/><D10/><U130/><E130/><V22/><F125/><W102/><G67/><T9/><D9/><U57/><E115/><V15/><F1/><W71/><G71/><T106/><D106/><U108/><E108/><V79/><F4/><W59/><G61/><T92/><D92/><U2/><E2/><V17/><F79/><N who="3" m="46143" /><G27/><T133/><D133/><U6/><E6/><V44/><F91/><W13/><AGARI ba="0,0" hai="11,13,16,48,50,52,59,62,95,97,102" m="46143" machi="13" ten="30,7900,0" yaku="8,1,52,1,54,2" doraHai="8" who="3" fromWho="3" sc="349,-20,351,-39,78,-20,222,79" /><INIT seed="6,0,0,4,2,29" ten="329,312,58,301" oya="2" hai0="39,26,22,30,101,124,132,21,114,57,118,95,100" hai1="60,111,110,135,86,58,75,83,54,41,1,49,133" hai2="123,77,76,130,38,68,42,62,128,65,131,24,96" hai3="15,47,74,94,115,10,127,37,82,6,27,88,43"/><V80/><F123/><W53/><G127/><T120/><D120/><U7/><E75/><V112/><F112/><W126/><G126/><T56/><D39/><U44/><E7/><V87/><F38/><W108/><G108/><T17/><D124/><U125/><E1/><V92/><F42/><W84/><G115/><T50/><D114/><U103/><E103/><V116/><F116/><W9/><G27/><T12/><D132/><N who="1" m="50763" /><E125/><V106/><F106/><W78/><G53/><N who="0" m="31799" /><D118/><U91/><AGARI ba="0,0" hai="41,44,49,54,58,60,83,86,91,110,111" m="50763" machi="91" ten="30,1100,0" yaku="20,1" doraHai="29" who="1" fromWho="1" sc="329,-3,312,11,58,-5,301,-3" /><INIT seed="7,0,0,2,4,120" ten="326,323,53,298" oya="3" hai0="100,40,23,114,2,66,3,37,11,61,94,123,112" hai1="58,73,101,127,0,12,62,20,86,76,63,25,72" hai2="68,67,30,44,52,19,51,85,48,38,88,14,135" hai3="15,77,102,18,29,121,21,83,74,134,50,116,87"/><W34/><G121/><T89/><D123/><U104/><E0/><V109/><F135/><W80/><G116/><T124/><D100/><U91/><E104/><V4/><F4/><W84/><G134/><T125/><D40/><U75/><E101/><V27/><F38/><W99/><G50/><T122/><D37/><U115/><E12/><V130/><F130/><W10/><G34/><T60/><D23/><U59/><E59/><V1/><F1/><N who="0" m="10" /><D11/><U117/><E117/><V46/><F109/><W113/><G113/><N who="0" m="43627" /><D122/><U132/><E115/><V57/><F68/><W31/><G10/><T70/><D60/><U32/><E63/><V69/><F69/><W111/><G111/><T45/><D45/><U118/><E32/><V98/><F98/><AGARI ba="0,0" hai="61,66,70,89,94,98,124,125" m="43627,10" machi="98" ten="30,2000,0" yaku="15,1,11,1" doraHai="120" who="0" fromWho="2" sc="326,20,323,0,53,-20,298,0" owari="346,45.0,323,12.0,33,-47.0,298,-10.0" /></mjloggm>