<mjloggm ver="2.3"><GO type="169" lobby="0"/><UN n0="%E5%B0%B1%E6%B4%BB%E7%94%9F%40%E5%B7%9D%E6%9D%91%E8%BB%8D%E5%9B%A3" n1="%E3%83%AA%E3%83%81%E3%83%A3%21%21" n2="%E3%83%8B%E3%83%A3%E3%83%83%E3%83%94%E3%83%BC%E5%A4%8F%E7%9B%AE" n3="%E3%81%99%E3%81%BF%E3%82%84%E3%81%AB" dan="19,16,16,19" rate="2352.30,2111.57,2110.18,2165.59" sx="M,M,M,M"/><TAIKYOKU oya="0"/><INIT seed="0,0,0,5,1,107" ten="250,250,250,250" oya="0" hai0="69,32,77,16,21,118,65,22,37,39,110,23,93" hai1="58,101,47,120,85,56,31,50,57,102,70,2,46" hai2="98,0,81,68,71,132,53,99,59,54,117,1,36" hai3="105,11,51,60,34,18,80,123,125,79,89,122,111"/><T72/><D32/><U129/><E120/><V26/><F36/><W92/><G105/><T135/><D118/><U17/><E2/><V6/><F132/><W130/><G34/><T48/><D135/><U3/><E3/><V41/><F41/><W103/><G103/><N who="1" m="39434" /><E70/><V15/><F26/><W116/><G116/><T95/><D110/><U45/><E31/><V88/><F15/><W40/><G130/><T29/><D29/><U90/><E129/><V35/><F35/><W8/><G125/><T134/><D134/><U78/><E78/><V28/><F28/><W30/><G60/><T100/><D48/><U113/><E17/><V82/><F59/><W42/><G111/><T55/><D55/><N who="1" m="30175" /><E113/><V128/><F128/><W74/><G30/><T9/><D65/><U124/><E124/><V119/><F6/><W38/><G38/><T97/><D69/><U24/><E24/><V108/><F108/><W126/><G126/><T109/><D109/><U33/><E33/><V13/><F13/><W14/><G11/><T75/><D95/><AGARI ba="0,0" hai="45,46,56,57,58,85,90,95" m="30175,39434" machi="95" ten="30,1000,0" yaku="8,1" doraHai="107" who="1" fromWho="0" sc="250,-10,250,10,250,0,250,0" /><INIT seed="1,0,0,2,5,40" ten="240,260,250,250" oya="1" hai0="25,81,16,103,93,0,39,107,38,67,30,117,127" hai1="110,101,43,17,18,15,76,32,49,118,75,5,133" hai2="9,88,116,44,123,60,84,53,14,66,86,109,91" hai3="27,125,33,78,19,121,92,94,100,71,37,51,63"/><U22/><E118/><V95/><F123/><W115/><G37/><T47/><D0/><U4/><E32/><V82/><F109/><W61/><G121/><T1/><D1/><U20/><E110/><V35/><F35/><W124/><G115/><T28/><D107/><U73/><E133/><V112/><F112/><W97/><G78/><T108/><D108/><U102/><E76/><V34/><F34/><W65/><G63/><T69/><D39/><U77/><E77/><V120/><F120/><W111/><G111/><T52/><D127/><N who="3" m="48713" /><G51/><T98/><D117/><U105/><E105/><V8/><F116/><W135/><G135/><T85/><D67/><U119/><E119/><V59/><F14/><W62/><G62/><T134/><D69/><U104/><E104/><V48/><AGARI ba="0,0" hai="8,9,44,48,53,59,60,66,82,84,86,88,91,95" machi="48" ten="30,7900,0" yaku="0,1,8,1,52,1,54,1" doraHai="40" who="2" fromWho="2" sc="240,-20,260,-39,250,79,250,-20" /><INIT seed="2,0,0,4,2,116" ten="220,221,329,230" oya="2" hai0="1,14,107,21,8,98,86,47,78,28,79,113,39" hai1="34,10,68,115,104,70,45,112,111,0,127,117,37" hai2="76,27,82,73,41,81,20,87,50,102,2,38,121" hai3="134,9,71,83,5,88,124,80,132,18,91,54,62"/><V85/><F38/><W92/><G18/><T3/><D113/><N who="1" m="43595" /><E117/><V49/><F2/><W44/><G124/><T64/><D64/><U66/><E104/><V93/><F41/><W33/><G33/><T12/><D107/><U94/><E94/><V130/><F130/><W119/><G119/><T105/><D105/><U95/><E95/><V43/><F43/><W109/><G109/><T61/><D98/><U4/><E34/><V26/><F73/><W67/><G44/><T48/><D39/><U126/><E111/><V31/><F26/><W51/><G51/><T125/><D125/><N who="1" m="47627" /><E66/><V53/><F93/><W13/><G54/><T101/><D101/><U118/><E118/><V135/><F102/><W75/><G91/><T7/><D61/><U58/><E58/><V89/><F82/><W90/><G90/><T56/><D56/><U103/><E103/><V77/><F89/><W36/><G36/><T108/><D108/><U120/><E120/><V23/><F121/><W35/><G35/><T114/><D114/><U65/><E65/><V110/><F110/><W100/><G100/><T11/><D86/><U122/><E122/><V57/><F87/><N who="3" m="52255" /><G75/><T74/><D74/><U63/><E63/><V32/><F77/><N who="0" m="29194" /><D48/><U24/><E24/><N who="2" m="16775" /><F49/><W16/><G5/><N who="0" m="3087" /><D47/><U19/><E19/><N who="2" m="12799" /><F32/><W15/><G83/><T131/><D131/><U123/><E123/><V59/><F59/><W30/><G80/><T69/><D69/><U60/><E60/><V25/><F25/><W96/><G96/><T17/><D28/><U40/><E40/><V29/><F29/><W106/><G30/><RYUUKYOKU ba="0,0" sc="220,10,221,10,329,10,230,-30" hai0="1,3,7,11,14,17,21" hai1="0,4,10,37,45,68,70" hai2="50,53,57,76,81,85,135" /><INIT seed="2,1,0,3,3,22" ten="230,231,339,200" oya="2" hai0="5,47,6,126,89,80,132,52,76,118,82,15,7" hai1="128,99,53,35,129,42,97,13,30,37,91,54,46" hai2="134,66,74,62,108,123,43,64,107,72,57,21,75" hai3="124,109,31,127,59,86,11,4,71,100,115,121,65"/><V87/><F123/><W112/><G121/><T1/><D1/><U95/><E13/><V14/><F134/><W70/><G100/><T33/><D33/><U84/><E84/><V58/><F107/><W93/><G109/><T111/><D111/><U16/><E99/><V2/><F2/><W41/><G41/><T19/><D126/><N who="3" m="48169" /><G31/><T83/><D132/><U68/><E16/><V120/><F120/><W96/><G59/><T81/><D118/><U77/><E77/><V106/><F106/><W17/><G17/><T114/><D114/><N who="3" m="43561" /><G65/><T73/><D89/><U133/><E133/><V10/><F108/><W34/><G34/><T18/><D15/><U105/><E105/><V135/><F135/><W45/><G45/><T61/><REACH who="0" step="1"/><D47/><REACH who="0" ten="220,231,339,200" step="2"/><U117/><E117/><V102/><F14/><N who="3" m="5479" /><G96/><T0/><D0/><U8/><E97/><V85/><F10/><W103/><G103/><T44/><D44/><U119/><E8/><V113/><F102/><W24/><G24/><T101/><D101/><U50/><E46/><V48/><F113/><W63/><G63/><T27/><D27/><U56/><E35/><V9/><F9/><W36/><G36/><T20/><D20/><U40/><E37/><V92/><F21/><W29/><G29/><T69/><D69/><U25/><E68/><V51/><F62/><W125/><N who="3" m="48177" /><W26/><DORA hai="98" /><G26/><T3/><D3/><U110/><E25/><V38/><F38/><W67/><G71/><T94/><D94/><U78/><E95/><V55/><F92/><W88/><G70/><T79/><D79/><U12/><E78/><RYUUKYOKU ba="1,1" sc="220,15,231,-15,339,-15,200,15" hai0="5,6,7,18,19,52,61,73,76,80,81,82,83" hai3="67,86,88,93" /><INIT seed="3,2,1,2,3,74" ten="235,216,324,215" oya="3" hai0="65,13,68,16,101,71,50,59,111,44,106,128,10" hai1="102,134,17,12,82,79,29,46,43,47,62,11,23" hai2="8,97,129,66,58,2,85,115,121,86,1,107,5" hai3="14,33,83,132,38,131,63,36,19,31,110,52,77"/><W30/><G131/><T45/><D111/><U20/><E134/><V18/><F115/><W7/><G132/><T98/><D128/><U108/><E108/><V35/><F35/><W120/><G120/><T122/><D122/><U99/><E62/><V118/><F118/><W25/><G31/><T42/><REACH who="0" step="1"/><D44/><REACH who="0" ten="225,216,324,215" step="2"/><U80/><E47/><V123/><F129/><W94/><G110/><T4/><D4/><U41/><E46/><V96/><F123/><W130/><G7/><T84/><D84/><U26/><E11/><V48/><F86/><W9/><G130/><T89/><D89/><U57/><E57/><V109/><F85/><W112/><G112/><T114/><D114/><U117/><E117/><V119/><F119/><W51/><G63/><AGARI ba="2,2" hai="10,13,16,42,45,50,59,63,65,68,71,98,101,106" machi="63" ten="40,5200,0" yaku="1,1,54,1,53,1" doraHai="74" doraHaiUra="53" who="0" fromWho="3" sc="225,78,216,0,324,0,215,-58" /><INIT seed="4,0,0,3,0,74" ten="303,216,324,157" oya="0" hai0="53,113,33,45,105,58,124,0,49,3,101,94,132" hai1="69,106,29,98,17,62,127,131,34,61,126,67,25" hai2="125,28,32,26,47,14,19,21,55,114,13,118,9" hai3="40,2,89,48,129,85,117,112,81,6,30,110,31"/><T66/><D105/><U4/><E131/><V84/><F114/><W135/><G117/><T52/><D33/><U23/><E4/><V133/><F118/><W43/><G110/><T10/><D113/><U16/><E62/><V5/><F133/><W65/><G112/><T102/><D132/><U97/><E97/><V63/><F125/><W8/><G135/><T92/><D124/><N who="1" m="47659" /><E23/><V123/><F123/><W76/><G129/><T104/><D104/><U15/><E15/><V46/><F84/><W88/><G65/><T83/><D66/><U122/><E122/><V20/><F32/><W86/><G89/><T78/><D10/><U39/><E39/><V54/><F63/><W44/><REACH who="3" step="1"/><G43/><REACH who="3" ten="303,216,324,147" step="2"/><T128/><D128/><U103/><AGARI ba="0,1" hai="16,17,25,29,34,61,67,69,98,103,106" m="47659" machi="103" ten="30,4000,0" yaku="25,1,18,1,54,1" doraHai="74" who="1" fromWho="1" sc="303,-20,216,50,324,-10,147,-10" /><INIT seed="5,0,0,1,2,52" ten="283,266,314,137" oya="1" hai0="61,32,35,39,1,29,55,59,47,87,17,40,129" hai1="128,46,111,22,36,15,49,58,120,119,44,66,12" hai2="86,43,41,80,38,99,98,130,33,102,30,96,90" hai3="106,131,9,118,103,74,101,50,133,121,79,78,42"/><U18/><E120/><V88/><F130/><W134/><G9/><T62/><D129/><U75/><E119/><V95/><F33/><W124/><G131/><T25/><D1/><U105/><E128/><V108/><F108/><W19/><G19/><T117/><D117/><U97/><E111/><V92/><F30/><W73/><G50/><T4/><D4/><U132/><E75/><N who="3" m="28682" /><G42/><N who="2" m="15881" /><F38/><W56/><G118/><T67/><D87/><AGARI ba="0,0" hai="80,86,87,88,90,92,95,96,98,99,102" m="15881" machi="87" ten="30,2000,0" yaku="8,1,54,1" doraHai="52" who="2" fromWho="0" sc="283,-20,266,0,314,20,137,0" /><INIT seed="6,0,0,5,1,130" ten="263,266,334,137" oya="2" hai0="90,13,5,76,9,36,124,63,129,42,19,135,52" hai1="12,87,27,41,120,118,85,93,110,15,49,121,106" hai2="33,24,75,88,2,91,60,59,64,109,92,122,34" hai3="22,123,102,69,70,26,71,46,3,127,83,21,35"/><V126/><F2/><W6/><G123/><N who="1" m="47178" /><E106/><V103/><F75/><W43/><G127/><T28/><D135/><U116/><E110/><V57/><F122/><W86/><G102/><T16/><D36/><U132/><E132/><V100/><F126/><W58/><G35/><T105/><D105/><U48/><E27/><V111/><F24/><W25/><G58/><N who="0" m="35271" /><D129/><U53/><E41/><V37/><F37/><W108/><G108/><T7/><D76/><U114/><E114/><V23/><F23/><W73/><G26/><T104/><D104/><U29/><E29/><V107/><F107/><W20/><G73/><T55/><D42/><U81/><E93/><V112/><F112/><W18/><G3/><T51/><D28/><U66/><E66/><V45/><F64/><W47/><G6/><T8/><D124/><U39/><E87/><V79/><F92/><W4/><G4/><N who="0" m="1611" /><D90/><N who="1" m="51503" /><E48/><V82/><F79/><W74/><G74/><T99/><D99/><U98/><E98/><V14/><F14/><N who="1" m="5161" /><E39/><V17/><F82/><W84/><G84/><T56/><D13/><U62/><E62/><V72/><F60/><W65/><G65/><T131/><D131/><U94/><E94/><V89/><F72/><W117/><G43/><T113/><D113/><U95/><E95/><V40/><F89/><W38/><G38/><T119/><D119/><U133/><E133/><V32/><F40/><W115/><G117/><T61/><D61/><U77/><E77/><V10/><F34/><W97/><G115/><T125/><D125/><U67/><E67/><V54/><F109/><W0/><G97/><RYUUKYOKU ba="0,0" sc="263,15,266,15,334,-15,137,-15" hai0="8,9,16,19,51,55,56" hai1="49,53,116,118" /><INIT seed="7,1,0,4,1,51" ten="278,281,319,122" oya="3" hai0="83,121,37,62,24,102,31,13,35,75,38,18,99" hai1="81,48,20,104,111,63,69,11,41,23,82,133,40" hai2="85,125,12,28,53,116,58,32,115,92,60,73,72" hai3="90,6,122,86,107,26,14,94,132,135,43,30,95"/><W21/><G122/><T1/><D1/><U127/><E111/><V59/><F116/><W109/><G107/><T52/><D121/><U79/><E104/><V134/><F115/><W120/><G120/><T110/><D110/><U61/><E133/><V25/><F134/><N who="3" m="51243" /><G43/><N who="1" m="16458" /><E69/><V112/><F112/><W45/><G109/><T129/><D129/><U130/><E127/><V98/><F125/><W22/><G45/><T36/><D75/><U71/><E71/><V55/><F12/><W68/><G68/><T3/><D3/><U29/><E130/><V117/><F117/><W46/><G46/><T16/><D83/><N who="1" m="31755" /><E79/><V93/><F85/><W64/><G64/><T91/><D91/><U124/><E124/><V84/><F84/><W108/><G108/><T10/><D18/><U80/><E48/><V4/><F4/><W50/><G50/><T76/><D76/><U15/><E80/><V123/><F123/><W27/><G95/><T56/><D38/><U74/><E74/><V113/><F113/><W106/><G106/><AGARI ba="1,0" hai="10,13,16,24,31,35,36,37,52,56,62,99,102,106" machi="106" ten="30,7700,0" yaku="7,1,52,1,54,2" doraHai="51" who="0" fromWho="3" sc="278,80,281,0,319,0,122,-80" owari="358,46.0,281,-12.0,319,12.0,42,-46.0" /></mjloggm>