<mjloggm ver="2.3"><GO type="169" lobby="0"/><UN n0="%6C%61%6D%62" n1="%E3%83%88%E3%83%88%E3%83%AA%E5%85%88%E7%94%9F%31%39%E6%AD%B3" n2="%E3%81%8A%E3%81%98%E3%81%95%E3%82%93" n3="%E8%B7%AF%E5%9C%B0%E8%A3%8F%E3%81%AE%E3%81%B2%E3%81%BE%E3%82%8F%E3%82%8A" dan="16,18,17,16" rate="2030.18,2299.73,2181.12,2112.17" sx="M,F,M,M"/><TAIKYOKU oya="0"/><INIT seed="0,0,0,5,0,28" ten="250,250,250,250" oya="0" hai0="1,94,108,18,64,125,120,107,126,14,42,74,77" hai1="33,75,71,128,83,19,35,122,34,11,61,121,63" hai2="48,65,72,6,46,99,10,111,45,23,123,40,95" hai3="116,98,119,52,103,39,68,67,8,57,89,90,82"/><T26/><D120/><N who="1" m="46187" /><E19/><V110/><F123/><W43/><G8/><T109/><D107/><U30/><E30/><V25/><F72/><W44/><G67/><T79/><D1/><U4/><E63/><V7/><F46/><W31/><G68/><T104/><D104/><U32/><N who="1" m="8192" /><DORA hai="129" /><U62/><E62/><V51/><F51/><W66/><G66/><T49/><D64/><N who="1" m="41359" /><E128/><V118/><F65/><W13/><G13/><T101/><D18/><U69/><E83/><V117/><F25/><W12/><G12/><T80/><D26/><U3/><E75/><V21/><F21/><W135/><G31/><T73/><D80/><U76/><E76/><V102/><F23/><W124/><G90/><T78/><D14/><U86/><E86/><V84/><F84/><W27/><G89/><T106/><D74/><U20/><E20/><V36/><F48/><W100/><G82/><T127/><D73/><U29/><E29/><V131/><F131/><W55/><G55/><T85/><D85/><U91/><E91/><V114/><F95/><W93/><G93/><T9/><D94/><U87/><E87/><V59/><F59/><W113/><G57/><T130/><D130/><U133/><E69/><V50/><F50/><W24/><G24/><T38/><D49/><U22/><E22/><V56/><F56/><W5/><G27/><T53/><D79/><U37/><E37/><V97/><F36/><W17/><G39/><T132/><D78/><U47/><E47/><V112/><F45/><W70/><G44/><T54/><D77/><U81/><E81/><V96/><F40/><RYUUKYOKU ba="0,0" sc="250,-10,250,30,250,-10,250,-10" hai1="3,4,11,133" /><INIT seed="1,1,0,4,2,19" ten="240,280,240,240" oya="1" hai0="92,90,89,134,23,98,82,128,8,30,17,71,13" hai1="126,86,57,18,106,43,129,32,6,112,48,69,115" hai2="34,96,121,78,67,122,24,31,73,119,66,99,29" hai3="11,120,9,80,0,72,65,28,62,36,14,107,21"/><U25/><E69/><V105/><F119/><W53/><G120/><T58/><D71/><U46/><E106/><V44/><F73/><W84/><G72/><T133/><D128/><U3/><E129/><V94/><F78/><W103/><G36/><T125/><D125/><U35/><E126/><V33/><F44/><W87/><G53/><T27/><REACH who="0" step="1"/><D58/><REACH who="0" ten="230,280,240,240" step="2"/><U68/><E68/><V10/><F122/><W26/><G0/><T16/><D16/><U102/><E57/><V40/><F121/><W55/><G28/><T37/><D37/><U124/><E124/><V1/><F31/><W113/><G113/><T95/><D95/><U109/><E3/><V20/><F94/><W42/><G107/><T12/><D12/><U100/><E112/><V59/><F105/><W64/><G14/><T118/><D118/><U135/><E115/><V38/><F59/><W130/><G130/><T74/><D74/><U77/><E18/><V63/><F1/><W49/><G80/><T7/><D7/><U75/><E6/><V39/><F29/><W81/><G81/><T54/><D54/><U127/><E75/><V4/><F4/><W50/><G55/><T131/><D131/><U132/><E127/><V114/><F114/><W117/><G117/><T116/><D116/><U5/><E5/><V104/><F104/><W79/><G42/><T47/><D47/><U108/><E46/><V101/><F40/><W56/><G56/><T110/><D110/><U91/><E43/><V111/><F111/><W93/><G93/><T52/><D52/><U2/><E109/><V22/><F39/><RYUUKYOKU ba="1,1" sc="230,30,280,-10,240,-10,240,-10" hai0="8,13,17,23,27,30,82,89,90,92,98,133,134" /><INIT seed="2,2,1,0,2,60" ten="260,270,230,230" oya="2" hai0="30,112,47,74,114,83,87,37,48,38,103,41,61" hai1="104,72,111,133,24,46,62,10,94,77,93,78,80" hai2="89,125,63,102,44,36,69,88,126,27,17,76,56" hai3="123,5,26,1,71,118,16,8,135,119,106,120,54"/><V108/><F69/><W85/><G71/><T0/><D74/><U91/><E104/><V64/><F76/><W67/><G106/><T2/><D30/><U28/><E111/><V35/><F102/><W22/><G67/><T134/><D103/><U43/><E133/><V19/><F108/><W52/><G135/><T70/><D134/><U51/><E77/><V66/><F66/><W58/><G85/><T29/><D29/><U90/><E93/><V122/><F122/><W12/><G54/><T18/><D18/><N who="2" m="6666" /><F27/><W4/><G4/><T9/><D9/><U129/><E129/><V116/><F35/><W33/><G123/><T32/><D32/><U53/><E10/><V34/><F34/><W31/><G120/><T124/><D0/><U6/><E6/><V20/><F20/><W15/><G15/><T23/><D2/><U7/><E7/><V92/><F92/><W49/><AGARI ba="2,1" hai="1,5,8,12,16,22,26,31,33,49,52,58,118,119" machi="49" ten="20,12000,2" yaku="0,1,7,1,24,2,54,2" doraHai="60" who="3" fromWho="3" sc="260,-32,270,-32,230,-62,230,136" /><INIT seed="3,0,0,5,3,31" ten="228,238,168,366" oya="3" hai0="115,102,57,117,100,3,12,50,130,85,61,118,13" hai1="97,25,52,9,103,72,67,65,28,20,74,99,111" hai2="44,89,35,131,113,128,124,24,16,56,0,73,71" hai3="83,107,2,105,21,104,68,119,106,51,133,38,93"/><W58/><G38/><T101/><D3/><U88/><E111/><V109/><F113/><W40/><G68/><T76/><D115/><U127/><E127/><V91/><F71/><W80/><G119/><T29/><D130/><N who="2" m="49706" /><F0/><W4/><G107/><T18/><D29/><U23/><E9/><V69/><F69/><W82/><G133/><T53/><D76/><U95/><E23/><N who="2" m="13415" /><F73/><W15/><G2/><T66/><D85/><U49/><E74/><V126/><F126/><W96/><G21/><T59/><REACH who="0" step="1"/><D12/><REACH who="0" ten="218,238,168,366" step="2"/><U48/><E72/><V39/><F39/><W26/><G15/><T60/><D60/><U45/><REACH who="1" step="1"/><E49/><REACH who="1" ten="218,228,168,366" step="2"/><V110/><F124/><W47/><G51/><T7/><D7/><U75/><E75/><V63/><F35/><W27/><G4/><T37/><D37/><U121/><E121/><V32/><F32/><W8/><G27/><T86/><D86/><U14/><E14/><V11/><F110/><W116/><G26/><T77/><D77/><U125/><E125/><V42/><F109/><W54/><G116/><T6/><D6/><U120/><E120/><V84/><F84/><W46/><G96/><T132/><D132/><U87/><E87/><V19/><F11/><AGARI ba="0,2" hai="11,13,18,50,53,57,59,61,66,100,101,102,117,118" machi="11" ten="40,5200,0" yaku="1,1,53,2" doraHai="31" doraHaiUra="112" who="0" fromWho="2" sc="218,72,228,0,168,-52,366,0" /><INIT seed="4,0,0,5,5,70" ten="290,228,116,366" oya="0" hai0="111,83,92,89,46,18,107,19,7,62,135,58,69" hai1="57,103,99,90,27,15,24,61,74,4,3,128,129" hai2="9,43,106,96,47,133,121,102,67,81,16,48,88" hai3="21,101,66,124,118,20,0,87,120,53,91,97,134"/><T23/><D107/><U31/><E3/><V68/><F121/><W125/><G118/><T59/><D135/><U10/><E74/><V112/><F133/><W122/><G0/><T100/><D111/><U28/><E90/><V105/><F105/><N who="3" m="63663" /><G66/><T6/><D69/><U80/><E80/><V38/><F112/><W44/><G53/><T71/><D71/><U51/><E51/><V55/><F67/><W95/><G44/><T127/><D127/><N who="3" m="48713" /><G134/><T86/><D46/><U85/><E85/><V131/><F68/><W126/><G126/><T45/><D45/><U114/><E114/><V50/><F131/><N who="1" m="50249" /><E28/><V113/><F113/><W56/><G56/><N who="0" m="21547" /><D62/><U78/><E78/><V17/><F55/><W98/><G98/><N who="0" m="59463" /><D19/><U76/><E76/><V64/><F64/><W109/><G109/><T117/><D117/><U75/><E31/><V42/><F42/><W77/><G77/><T1/><D1/><U49/><E49/><V29/><F29/><W110/><G110/><T8/><D8/><U39/><E75/><V73/><F73/><W63/><G63/><T52/><D52/><N who="1" m="33959" /><E39/><V93/><F17/><W82/><G82/><T32/><D32/><U35/><E35/><V104/><F81/><W41/><G41/><T34/><D34/><U2/><E2/><V116/><F116/><W5/><G5/><T60/><D60/><U33/><E33/><V119/><F119/><W94/><G94/><AGARI ba="0,0" hai="4,10,15,24,27,94,99,103" m="33959,50249" machi="94" ten="30,2000,0" yaku="19,1,54,1" doraHai="70" who="1" fromWho="3" sc="290,0,228,20,116,0,366,-20" /><INIT seed="5,0,0,3,4,65" ten="290,248,116,346" oya="1" hai0="43,124,53,24,103,84,26,47,111,29,125,37,62" hai1="22,28,100,57,104,41,35,27,44,109,55,80,117" hai2="72,51,89,108,105,50,88,16,121,73,134,46,115" hai3="12,56,116,42,58,130,86,82,34,6,81,15,40"/><U70/><E117/><V30/><F121/><W77/><G34/><T68/><D111/><U110/><E70/><V21/><F108/><N who="1" m="41577" /><E80/><V120/><F120/><W118/><G130/><T135/><D135/><U99/><E35/><V96/><F134/><W18/><G6/><T114/><D114/><U87/><E87/><V1/><F1/><W83/><G83/><T54/><D103/><U3/><E3/><V112/><F30/><W91/><G118/><T63/><D84/><U49/><E57/><N who="3" m="22122" /><G116/><T92/><D92/><U48/><E55/><N who="0" m="21001" /><D68/><U74/><E74/><N who="2" m="28779" /><F105/><W0/><G0/><T11/><D11/><U76/><E76/><V122/><F122/><W75/><G75/><T102/><D102/><U31/><E31/><V32/><F32/><W106/><G106/><T129/><D129/><U107/><E107/><V4/><F4/><W38/><G81/><T119/><D119/><U94/><E104/><V2/><F2/><W131/><G131/><T17/><D17/><U78/><E78/><V127/><F96/><W36/><G77/><T132/><D132/><U10/><E10/><V61/><F112/><W5/><G5/><T97/><D97/><U66/><E66/><V71/><F115/><W69/><G69/><T45/><D29/><U20/><E20/><V9/><F21/><W52/><G18/><T128/><D128/><U85/><E85/><V19/><F19/><W7/><G7/><T133/><D133/><U13/><E13/><V93/><F16/><W59/><G12/><T79/><D79/><U90/><E100/><V67/><F9/><W95/><G15/><RYUUKYOKU ba="0,0" sc="290,-10,248,30,116,-10,346,-10" hai1="22,27,28,41,44,48,49,90,94,99" /><INIT seed="5,1,0,1,4,75" ten="280,278,106,336" oya="1" hai0="50,113,40,5,30,102,42,49,53,33,18,65,35" hai1="8,127,88,116,34,103,91,28,3,130,109,125,54" hai2="56,95,86,135,46,118,93,134,14,26,52,72,99" hai3="87,98,133,24,60,123,22,84,15,59,104,115,107"/><U112/><E116/><V126/><F72/><W129/><G123/><T47/><D5/><N who="1" m="1087" /><E112/><V67/><F126/><N who="1" m="48137" /><E130/><V80/><F118/><W128/><G115/><T45/><D113/><U1/><E1/><V38/><F26/><W110/><G15/><T4/><D4/><U0/><E0/><V37/><F67/><N who="3" m="39327" /><G110/><T77/><D65/><U31/><E109/><V120/><F120/><W13/><G13/><T7/><D7/><U61/><E103/><N who="2" m="60911" /><F95/><W32/><G32/><T100/><D18/><U66/><E54/><V131/><F46/><W69/><G69/><T64/><D64/><U82/><E82/><V51/><F14/><W124/><G124/><T74/><D53/><U11/><E11/><V44/><F44/><W23/><G23/><T96/><D30/><N who="1" m="11307" /><E34/><V111/><F111/><W55/><G55/><T101/><D96/><U117/><E117/><V9/><F9/><W27/><G22/><T97/><D97/><U78/><E78/><N who="2" m="46359" /><F131/><W122/><G128/><T70/><D70/><AGARI ba="1,0" hai="61,66,70,88,91" m="11307,48137,1087" machi="70" ten="30,2900,0" yaku="18,1,54,1" doraHai="75" who="1" fromWho="0" sc="280,-32,278,32,106,0,336,0" /><INIT seed="5,2,0,3,5,104" ten="248,310,106,336" oya="1" hai0="7,39,80,102,18,91,35,67,127,95,56,48,101" hai1="128,96,55,117,30,116,13,11,109,82,38,100,72" hai2="45,60,118,98,58,105,71,19,103,33,126,84,53" hai3="16,68,17,31,94,113,52,93,85,21,88,107,81"/><U120/><E120/><V34/><F118/><W106/><G68/><T89/><D39/><U54/><E38/><V77/><F126/><W124/><G124/><T14/><D127/><U22/><E128/><V9/><F71/><W92/><G113/><T122/><D35/><U28/><E109/><V133/><F133/><W1/><G1/><T69/><D69/><U134/><E134/><V4/><F19/><W0/><G0/><T2/><D122/><U12/><E117/><V40/><F77/><W119/><G119/><T23/><D2/><U135/><E135/><V112/><F84/><W73/><G73/><T125/><D7/><U78/><E116/><V114/><F9/><W115/><G115/><N who="2" m="44073" /><F4/><W111/><G111/><T130/><D130/><U83/><E83/><V123/><F123/><W121/><G121/><T49/><D125/><U131/><E131/><V10/><F10/><W5/><G5/><T42/><D67/><U20/><E11/><V3/><F3/><W129/><G129/><T132/><D132/><U65/><E65/><V27/><F27/><N who="3" m="16879" /><G107/><T70/><D70/><U6/><E6/><V29/><F29/><N who="1" m="11369" /><E12/><V44/><F44/><W108/><G106/><T62/><D80/><U8/><E8/><V50/><AGARI ba="2,0" hai="33,34,40,45,50,53,58,60,98,103,105" m="44073" machi="50" ten="30,2000,0" yaku="15,1,11,1" doraHai="104" who="2" fromWho="2" sc="248,-7,310,-12,106,26,336,-7" /><INIT seed="6,0,0,5,0,62" ten="241,298,132,329" oya="2" hai0="32,31,30,79,28,75,9,19,23,89,38,0,121" hai1="135,120,85,86,64,90,128,50,130,3,20,27,25" hai2="48,108,4,91,116,119,52,110,46,18,66,99,1" hai3="104,29,72,13,10,17,65,83,105,71,114,92,84"/><V87/><F99/><W8/><G114/><T5/><D38/><U97/><E3/><V112/><F112/><W47/><G29/><N who="0" m="11371" /><D75/><U59/><E135/><V55/><F18/><W42/><G92/><T96/><D79/><U16/><E120/><V37/><F37/><W122/><G10/><T63/><D63/><N who="1" m="38015" /><E27/><V7/><F66/><W73/><G73/><T109/><D89/><U40/><E40/><V45/><F1/><W15/><G15/><N who="0" m="9727" /><D96/><U44/><E128/><V129/><F129/><W22/><G8/><T82/><D82/><U80/><E130/><V118/><F91/><W124/><G72/><T111/><D121/><U93/><E85/><V67/><F67/><W106/><G122/><T74/><D74/><U132/><E132/><V49/><REACH who="2" step="1"/><F87/><REACH who="2" ten="241,298,122,329" step="2"/><W134/><G65/><T81/><D0/><U77/><E97/><V76/><F76/><W39/><G84/><T11/><D31/><U26/><E77/><V107/><F107/><W61/><G39/><T21/><D32/><U43/><E26/><V98/><F98/><W36/><G36/><T51/><D5/><AGARI ba="0,1" hai="4,5,7,45,46,48,49,52,55,108,110,116,118,119" machi="5" ten="50,9600,0" yaku="1,1,9,1,54,1,53,0" doraHai="62" doraHaiUra="68" who="2" fromWho="0" sc="241,-96,298,0,122,106,329,0" /><INIT seed="6,1,0,1,2,30" ten="145,298,228,329" oya="2" hai0="54,6,42,93,63,35,62,40,98,52,118,34,124" hai1="84,135,29,75,36,51,74,102,12,130,131,3,105" hai2="11,113,28,19,18,116,58,91,13,10,61,125,70" hai3="46,71,77,100,83,107,109,57,127,45,64,32,44"/><V115/><F116/><W80/><G71/><T31/><D118/><U9/><E36/><V110/><F70/><W85/><G109/><T111/><D111/><U128/><E3/><V122/><F122/><W72/><G127/><T114/><D124/><U117/><E117/><V119/><F119/><W68/><G68/><T50/><D114/><N who="2" m="43530" /><F125/><W101/><G32/><T81/><D6/><U59/><E135/><V41/><F110/><W129/><G129/><T86/><D42/><U38/><E38/><V67/><F41/><W14/><G14/><T15/><D40/><U47/><E59/><V69/><F28/><W27/><G27/><T25/><D35/><U103/><E29/><V97/><F69/><W104/><G104/><T87/><D15/><U92/><E105/><V2/><F19/><W94/><G94/><T24/><D24/><U89/><E51/><V53/><F53/><W1/><G107/><T17/><D17/><N who="1" m="8335" /><E47/><V22/><F2/><W20/><G1/><T49/><D49/><U88/><E89/><V78/><F78/><W39/><G39/><T79/><D86/><U76/><E76/><V21/><F10/><W95/><G72/><AGARI ba="1,0" hai="72,74,75,84,88,92,102,103,128,130,131" m="8335" machi="72" ten="40,2600,0" yaku="19,1,54,1" doraHai="30" who="1" fromWho="3" sc="145,0,298,29,228,0,329,-29" /><INIT seed="7,0,0,3,3,52" ten="145,327,228,300" oya="3" hai0="62,10,99,55,58,84,131,108,25,110,100,63,134" hai1="14,95,19,119,40,11,24,18,34,105,47,83,27" hai2="37,6,36,5,72,104,91,21,78,125,90,85,122" hai3="7,49,59,89,107,38,26,60,51,115,4,76,73"/><W88/><G38/><T48/><D134/><U53/><E105/><V117/><F104/><W15/><G107/><T50/><D131/><U3/><E34/><V133/><F117/><W8/><G115/><T94/><D10/><U124/><E119/><V92/><F125/><W42/><G4/><T86/><D108/><U128/><E128/><V68/><F68/><W43/><G73/><T75/><D75/><U66/><E124/><V65/><F65/><N who="3" m="39071" /><G76/><T44/><D110/><U71/><E3/><V93/><F21/><W109/><G109/><T39/><D39/><U0/><E0/><V31/><F31/><W129/><G129/><T102/><D102/><U103/><E53/><V130/><F91/><N who="3" m="34891" /><G26/><N who="1" m="9770" /><E66/><V35/><F37/><W67/><G67/><T106/><D106/><U20/><E71/><V54/><F36/><W22/><G22/><T112/><D112/><U17/><E20/><V118/><F72/><W2/><G2/><T12/><D12/><U126/><E83/><V121/><F118/><W1/><G1/><T96/><D96/><N who="1" m="59807" /><E126/><V23/><F130/><W56/><G56/><T13/><D13/><U30/><E30/><V61/><F35/><W45/><G45/><T116/><D116/><U16/><E47/><V28/><F28/><W79/><G79/><T70/><D70/><U41/><AGARI ba="0,0" hai="11,14,16,17,18,19,40,41" m="59807,9770" machi="41" ten="30,2000,0" yaku="8,1,54,1" doraHai="52" who="1" fromWho="1" sc="145,-5,327,20,228,-5,300,-10" owari="140,-36.0,347,45.0,223,-18.0,290,9.0" /></mjloggm>