<mjloggm ver="2.3"><GO type="169" lobby="0"/><UN n0="%E5%A4%A9%E9%81%8B%E3%81%AE%E3%81%97%E3%82%83%E3%81%91" n1="%E5%B0%B1%E6%B4%BB%E7%94%9F%40%E5%B7%9D%E6%9D%91%E8%BB%8D%E5%9B%A3" n2="%68%61%72%75%72%75%39%31" n3="%E4%BF%BA%54%55%45%45%45%45%45" dan="16,18,16,16" rate="2026.89,2297.75,2124.15,2062.32" sx="M,M,M,F"/><TAIKYOKU oya="0"/><INIT seed="0,0,0,4,2,81" ten="250,250,250,250" oya="0" hai0="42,62,58,77,112,107,120,83,82,61,12,74,109" hai1="85,68,118,76,67,45,15,49,135,59,21,51,133" hai2="94,34,64,9,56,129,66,25,72,20,17,127,3" hai3="14,39,128,130,116,1,98,92,132,104,87,43,47"/><T27/><D120/><U97/><E68/><V35/><F127/><W114/><G116/><T108/><D112/><U31/><E118/><V103/><F129/><N who="3" m="49771" /><G132/><N who="1" m="50762" /><E97/><V37/><F72/><W90/><G1/><T29/><D107/><U117/><E117/><V123/><F37/><W99/><G114/><T102/><D102/><U110/><E110/><N who="0" m="42601" /><D42/><U32/><E32/><V26/><F123/><W24/><G14/><T54/><D12/><U30/><E67/><V113/><F113/><W6/><G6/><T7/><D7/><U106/><E59/><V75/><F75/><W78/><G104/><T71/><D83/><N who="1" m="47335" /><E51/><V28/><F35/><W63/><G78/><T84/><D74/><U19/><E106/><V70/><F70/><W33/><G63/><N who="0" m="36311" /><D71/><U126/><E126/><V11/><F3/><W18/><G43/><AGARI ba="0,0" hai="15,19,21,30,31,43,45,49" m="47335,50762" machi="43" ten="30,2000,0" yaku="20,1,52,1" doraHai="81" who="1" fromWho="3" sc="250,0,250,20,250,0,250,-20" /><INIT seed="1,0,0,3,5,41" ten="250,270,250,230" oya="1" hai0="71,8,34,112,75,83,110,70,15,86,96,6,62" hai1="47,93,35,38,54,72,24,109,61,18,127,87,131" hai2="91,128,36,103,101,12,10,55,29,123,82,58,17" hai3="2,20,11,104,27,114,51,120,105,14,95,129,76"/><U46/><E72/><V84/><F123/><W118/><G118/><T79/><D112/><U44/><E38/><V65/><F128/><W39/><G120/><T22/><D34/><U66/><E131/><V88/><F36/><W5/><G114/><T106/><D110/><U16/><E127/><V108/><F108/><W81/><G129/><T30/><D62/><U37/><E37/><V1/><F1/><W31/><G39/><T92/><D30/><U40/><E40/><V99/><F29/><W43/><G95/><T64/><D64/><U3/><E3/><V28/><F28/><W68/><G68/><T26/><D26/><U90/><E109/><V42/><F42/><W78/><G78/><T121/><D22/><N who="1" m="13383" /><E35/><V69/><F69/><W67/><G67/><T60/><D60/><U9/><E66/><V73/><F73/><W0/><G0/><T23/><D23/><U33/><E33/><V4/><F4/><W111/><G2/><T59/><D59/><N who="1" m="35063" /><E18/><V117/><F117/><W126/><G126/><T102/><REACH who="0" step="1"/><D121/><REACH who="0" ten="240,270,250,230" step="2"/><U74/><E74/><V134/><F65/><W77/><G111/><T53/><D53/><U132/><E132/><V56/><F134/><W32/><G32/><T52/><D52/><U25/><E25/><V45/><F58/><W48/><G27/><T7/><D7/><U125/><E125/><V116/><F116/><W97/><G5/><T21/><D21/><U107/><E9/><V19/><F56/><W124/><G11/><T130/><D130/><U133/><E133/><V50/><F19/><N who="3" m="10359" /><G124/><T89/><AGARI ba="0,1" hai="6,8,15,70,71,75,79,83,86,89,92,96,102,106" machi="89" ten="30,8000,1" yaku="1,1,0,1,24,2,53,1" doraHai="41" doraHaiUra="98" who="0" fromWho="0" sc="240,90,270,-40,250,-20,230,-20" /><INIT seed="2,0,0,2,0,56" ten="330,230,230,210" oya="2" hai0="85,87,102,26,121,44,67,80,49,129,35,34,109" hai1="127,83,134,91,96,57,16,41,72,6,23,64,46" hai2="18,97,116,38,14,132,125,98,69,110,61,59,36" hai3="89,24,60,114,22,120,33,58,30,21,81,119,133"/><V39/><F116/><W73/><G133/><T75/><D121/><U79/><E127/><V118/><F118/><W93/><G120/><T68/><D109/><U124/><E124/><V63/><F125/><W100/><G119/><T25/><D102/><U50/><E6/><V7/><F7/><W86/><G114/><T65/><D75/><U107/><E134/><V99/><F132/><W77/><REACH who="3" step="1"/><G100/><REACH who="3" ten="330,230,230,200" step="2"/><T122/><D122/><U90/><E107/><V17/><F110/><W74/><G74/><T82/><D129/><U54/><E96/><V2/><F2/><W78/><G78/><T1/><D85/><U95/><E95/><V19/><F69/><W128/><G128/><T84/><D1/><U62/><REACH who="1" step="1"/><E41/><REACH who="1" ten="330,220,230,200" step="2"/><V113/><F113/><W42/><G42/><T31/><D82/><U135/><E135/><V45/><F97/><W27/><G27/><AGARI ba="0,2" hai="16,23,27,46,50,54,57,62,64,72,79,83,90,91" machi="27" ten="30,7700,0" yaku="1,1,7,1,52,1,54,1,53,0" doraHai="56" doraHaiUra="130" who="1" fromWho="3" sc="330,0,220,97,230,0,200,-77" /><INIT seed="3,0,0,4,2,93" ten="330,317,230,123" oya="3" hai0="115,64,76,3,81,94,121,45,56,110,57,39,120" hai1="22,53,101,0,72,8,123,4,90,11,134,51,122" hai2="16,132,28,73,31,30,74,40,125,33,85,18,7" hai3="68,24,80,91,114,124,95,113,117,62,111,52,46"/><W32/><G117/><T105/><D3/><U29/><E72/><V63/><F125/><W79/><G124/><T34/><D105/><U60/><E134/><V69/><F132/><W5/><G5/><T119/><D34/><U10/><E60/><V15/><F33/><W14/><G14/><T133/><D119/><U49/><E49/><V75/><F40/><W100/><G100/><T20/><D133/><U37/><E37/><V43/><F43/><W9/><G9/><T50/><D39/><U26/><E101/><V17/><F85/><W61/><G111/><T78/><D110/><U41/><E41/><V47/><F47/><W109/><G109/><T104/><D104/><U6/><E90/><V21/><REACH who="2" step="1"/><F7/><REACH who="2" ten="330,317,220,123" step="2"/><W112/><G32/><T77/><D45/><U89/><E6/><V87/><F87/><W54/><G46/><T58/><D120/><U130/><E4/><V135/><F135/><W55/><G24/><T82/><D121/><U96/><E123/><V70/><F70/><W35/><G35/><T83/><D58/><U66/><E122/><V128/><F128/><W92/><G68/><T36/><D57/><U65/><E130/><V25/><F25/><W118/><G118/><T99/><D56/><N who="1" m="32831" /><E0/><V42/><F42/><W108/><G108/><T116/><D36/><U38/><E38/><V131/><F131/><W23/><G23/><T48/><D116/><U126/><E126/><V102/><F102/><W129/><G129/><T1/><D1/><U97/><E89/><V86/><F86/><N who="3" m="48415" /><G91/><T84/><D20/><U127/><E127/><V19/><F19/><RYUUKYOKU ba="0,1" sc="330,-30,317,10,220,10,123,10" hai1="8,10,11,22,26,29,65,66,96,97" hai2="15,16,17,18,21,28,30,31,63,69,73,74,75" hai3="52,54,55,61,62,92,95,112,113,114" /><INIT seed="3,1,1,2,3,84" ten="300,327,230,133" oya="3" hai0="94,106,71,12,130,115,126,37,100,103,24,26,15" hai1="3,69,29,111,98,51,63,91,112,33,117,9,93" hai2="0,114,8,48,81,19,128,1,86,41,127,118,131" hai3="40,113,59,49,27,10,88,80,90,68,52,70,108"/><W21/><G113/><T107/><D37/><U50/><E112/><V20/><F114/><W44/><G108/><T43/><D115/><U45/><E117/><V7/><F118/><W85/><G10/><T28/><D71/><U87/><E111/><V92/><F92/><W55/><G55/><T6/><D43/><U17/><E29/><V96/><F96/><W14/><G14/><T22/><D126/><U124/><E33/><V61/><F61/><N who="3" m="36071" /><G68/><T82/><D82/><U99/><E124/><V76/><F127/><W23/><G70/><T46/><D94/><U4/><E50/><V18/><F0/><W74/><G74/><T122/><D122/><U105/><E105/><V119/><F119/><W39/><G39/><T2/><D2/><U89/><E17/><V79/><F79/><N who="3" m="46239" /><G21/><T42/><D22/><U123/><E123/><V97/><F97/><W47/><G47/><T135/><D42/><U58/><E69/><V75/><F75/><W62/><G62/><T32/><D46/><U101/><E99/><V56/><F20/><W120/><G120/><T102/><D32/><U132/><E63/><V31/><F41/><W133/><G133/><T53/><D53/><U110/><E132/><V78/><F48/><W30/><AGARI ba="1,1" hai="23,27,30,40,44,49,88,90" m="46239,36071" machi="30" ten="30,12000,1" yaku="8,1,52,2,54,2" doraHai="84" who="3" fromWho="3" sc="300,-41,327,-41,230,-41,133,133" /><INIT seed="3,2,0,3,5,74" ten="259,286,189,266" oya="3" hai0="105,25,12,40,42,100,57,103,50,24,112,7,102" hai1="18,79,101,132,32,118,134,120,28,70,38,88,22" hai2="48,93,14,114,41,21,71,59,52,130,20,3,55" hai3="51,67,5,66,108,87,64,65,81,6,45,2,43"/><W113/><G113/><T13/><D105/><U33/><E70/><V126/><F114/><W104/><G104/><T124/><D112/><U116/><E38/><V9/><F126/><W44/><G108/><T35/><D124/><U125/><E101/><V96/><F130/><W131/><G131/><T86/><D86/><U115/><E115/><V4/><F71/><W10/><G5/><T133/><D133/><N who="1" m="51307" /><E120/><V73/><F73/><W84/><N who="3" m="16384" /><DORA hai="98" /><W19/><G81/><T82/><D35/><N who="1" m="13387" /><E79/><V80/><F80/><W106/><G106/><T0/><D0/><U23/><E88/><N who="2" m="55335" /><F3/><W69/><G69/><T75/><D75/><U61/><E61/><N who="2" m="36071" /><F41/><N who="0" m="15978" /><D82/><U110/><E110/><V37/><F37/><W31/><G45/><AGARI ba="2,0" hai="4,9,14,20,21,45,48,55" m="36071,55335" machi="45" ten="30,3900,0" yaku="8,1,54,2" doraHai="74,98" who="2" fromWho="3" sc="259,0,286,0,189,45,266,-45" /><INIT seed="4,0,0,3,3,37" ten="259,286,234,221" oya="0" hai0="115,91,58,104,4,24,125,18,25,134,33,71,100" hai1="11,98,119,0,6,21,96,26,120,99,43,30,39" hai2="79,68,23,113,90,105,19,117,54,61,44,132,34" hai3="22,29,31,73,123,88,102,20,135,60,83,87,48"/><T133/><D71/><U42/><E120/><V130/><F113/><W56/><G135/><N who="0" m="51723" /><D115/><U62/><E119/><V14/><F132/><W80/><G123/><T114/><D114/><U7/><E39/><V108/><F108/><W109/><G109/><T35/><D125/><U1/><REACH who="1" step="1"/><E62/><REACH who="1" ten="259,276,234,221" step="2"/><V77/><F117/><W82/><G60/><T38/><D38/><U93/><E93/><V95/><F105/><W49/><G80/><T85/><D104/><U41/><E41/><V131/><F61/><W127/><G82/><T57/><D100/><U128/><E128/><V78/><F130/><W124/><G102/><T2/><D2/><U12/><E12/><V66/><F131/><W111/><G111/><T112/><D112/><U92/><E92/><V8/><F95/><W94/><G127/><T13/><D4/><U103/><E103/><V81/><F81/><W51/><G124/><T122/><D122/><U10/><AGARI ba="0,1" hai="0,1,6,7,10,11,21,26,30,42,43,96,98,99" machi="10" ten="30,8000,1" yaku="1,1,0,1,9,1,52,2,53,0" doraHai="37" doraHaiUra="53" who="1" fromWho="1" sc="259,-40,276,90,234,-20,221,-20" /><INIT seed="5,0,0,3,3,47" ten="219,366,214,201" oya="1" hai0="92,115,125,53,116,120,128,0,45,75,111,40,83" hai1="133,29,76,6,43,28,71,18,31,30,89,124,118" hai2="104,98,80,135,54,37,67,108,39,10,23,117,52" hai3="58,88,91,132,17,44,11,110,56,77,25,41,74"/><U48/><E118/><V2/><F117/><W34/><G110/><T114/><D116/><U96/><E71/><V66/><F108/><W68/><G68/><T64/><D111/><U90/><E124/><V49/><F135/><W42/><G132/><T35/><D35/><U119/><E119/><V57/><F23/><W81/><G41/><T97/><D125/><U50/><E43/><V61/><F80/><W127/><G127/><T38/><D0/><U20/><E6/><V101/><F54/><W32/><G32/><T26/><D64/><U73/><E31/><V134/><F134/><W93/><G34/><T65/><D65/><U19/><E19/><V7/><REACH who="2" step="1"/><F67/><REACH who="2" ten="219,366,204,201" step="2"/><W5/><G25/><T131/><D53/><U103/><E133/><V9/><F9/><W13/><G17/><T16/><D120/><U55/><E55/><V95/><F95/><W84/><REACH who="3" step="1"/><G91/><REACH who="3" ten="219,366,204,191" step="2"/><T100/><D16/><U106/><E90/><V12/><F12/><W70/><G70/><AGARI ba="0,2" hai="2,7,10,37,39,49,52,57,61,66,70,98,101,104" machi="70" ten="30,8000,1" yaku="1,1,7,1,52,1,54,1,53,1" doraHai="47" doraHaiUra="33" who="2" fromWho="3" sc="219,0,366,0,204,100,191,-80" /><INIT seed="6,0,0,1,2,69" ten="219,366,304,111" oya="2" hai0="128,41,19,84,13,78,10,70,60,20,49,79,94" hai1="104,12,91,46,48,115,27,108,28,16,32,107,132" hai2="1,90,126,5,74,77,86,120,97,73,61,122,52" hai3="81,31,87,18,102,111,9,85,15,63,103,88,0"/><V45/><F97/><W33/><G111/><T23/><D128/><U39/><E108/><V11/><F126/><W8/><G33/><T134/><D134/><U89/><E132/><V72/><F77/><W110/><G110/><T92/><D70/><U124/><E115/><V47/><F47/><W44/><G31/><T133/><D133/><U98/><E39/><V43/><F61/><W130/><G130/><T38/><D38/><U25/><E25/><V50/><REACH who="2" step="1"/><F43/><REACH who="2" ten="219,366,294,111" step="2"/><W113/><G113/><T80/><D60/><U125/><E125/><V22/><F22/><N who="0" m="8234" /><D79/><U7/><E124/><V53/><F53/><W21/><G63/><T101/><D101/><U83/><E98/><V129/><F129/><W3/><G103/><T114/><D114/><U75/><E91/><V26/><F26/><W118/><G102/><T135/><D135/><U127/><E127/><V99/><F99/><W14/><G118/><T105/><D105/><U58/><E104/><V71/><F71/><W42/><G85/><T76/><D78/><U35/><E107/><V4/><F4/><W109/><G109/><T64/><D64/><U51/><E7/><V17/><F17/><W30/><G30/><T57/><D41/><U112/><E112/><V37/><F37/><W29/><G29/><T62/><D62/><U56/><E89/><V65/><F65/><W66/><G66/><T59/><D57/><U95/><E58/><V6/><F6/><N who="3" m="3383" /><G21/><T119/><D119/><U117/><E117/><V40/><F40/><W131/><G131/><T68/><D68/><U34/><E56/><V2/><F2/><RYUUKYOKU ba="0,1" sc="219,10,366,-30,294,10,111,10" hai0="10,13,19,49,59,76,80,84,92,94" hai2="1,5,11,45,50,52,72,73,74,86,90,120,122" hai3="0,3,8,15,18,42,44,81,87,88" /><INIT seed="6,1,1,4,0,54" ten="229,336,304,121" oya="2" hai0="32,16,74,125,53,31,29,60,126,56,128,40,88" hai1="109,21,95,65,51,45,82,24,77,49,123,38,50" hai2="121,4,61,48,84,43,22,28,75,89,39,80,59" hai3="102,90,33,58,67,8,124,25,122,15,13,103,70"/><V41/><F121/><W106/><G122/><T133/><D74/><U46/><E109/><V72/><F39/><W63/><G124/><N who="0" m="47723" /><D133/><U19/><E123/><V64/><F4/><W114/><G114/><T81/><D40/><U135/><E135/><V119/><F119/><W73/><G73/><T18/><D128/><U10/><E38/><V132/><F132/><W113/><G113/><T91/><D91/><U110/><E110/><V117/><F117/><W20/><G33/><T14/><D32/><U55/><E65/><V26/><REACH who="2" step="1"/><F43/><REACH who="2" ten="229,336,294,121" step="2"/><W12/><G106/><T94/><D81/><U111/><E111/><V42/><F42/><W76/><G76/><T27/><D27/><U1/><E82/><V79/><F79/><W35/><G8/><N who="0" m="6215" /><D18/><U34/><E77/><V11/><F11/><W105/><G105/><T93/><D93/><U86/><E95/><V44/><AGARI ba="1,2" hai="22,26,28,41,44,48,59,61,64,72,75,80,84,89" machi="44" ten="30,11700,0" yaku="1,1,0,1,52,1,53,1" doraHai="54" doraHaiUra="52" who="2" fromWho="2" sc="229,-40,336,-40,294,140,121,-40" /><INIT seed="6,2,0,5,1,74" ten="189,296,434,81" oya="2" hai0="102,14,67,85,5,131,17,124,88,21,3,113,47" hai1="25,55,34,90,120,22,95,97,114,52,11,32,132" hai2="23,37,10,69,109,130,118,2,29,99,80,6,39" hai3="94,83,41,133,103,49,127,7,30,86,100,27,119"/><V122/><F118/><W82/><G133/><T84/><D113/><U50/><E132/><V70/><F122/><W107/><G127/><T91/><D124/><U40/><E114/><V12/><F130/><W20/><G119/><T76/><D102/><U92/><E120/><V117/><F117/><W53/><G107/><T56/><D131/><U111/><E111/><V129/><F129/><W98/><G41/><T93/><D47/><N who="1" m="25959" /><E34/><V72/><F99/><W96/><G7/><T58/><D67/><U44/><E32/><V9/><F23/><W125/><G125/><T87/><D3/><U36/><E36/><V4/><F29/><W115/><G115/><T134/><D5/><U19/><E44/><V60/><F109/><W18/><G30/><T0/><D0/><U64/><E64/><V89/><F89/><W46/><REACH who="3" step="1"/><G86/><REACH who="3" ten="189,296,434,71" step="2"/><T16/><D134/><U135/><E135/><V8/><F6/><W54/><G54/><T63/><D17/><U62/><E55/><V1/><F4/><W51/><G51/><T71/><D63/><U73/><E52/><V43/><F60/><W31/><G31/><T65/><D65/><U105/><E62/><V38/><F43/><W26/><G26/><T35/><D35/><U106/><E105/><V28/><F28/><W121/><G121/><T45/><D85/><U68/><E106/><V59/><F39/><W110/><G110/><T77/><D87/><U128/><E25/><V104/><F38/><W126/><G126/><T13/><D84/><U42/><E42/><V101/><F37/><W75/><G75/><T15/><D16/><RYUUKYOKU ba="2,1" sc="189,-10,296,-10,434,-10,71,30" hai3="18,20,27,46,49,53,82,83,94,96,98,100,103" /><INIT seed="7,3,1,3,2,127" ten="179,286,424,101" oya="3" hai0="13,74,102,86,109,119,28,50,38,33,81,1,131" hai1="73,98,65,49,122,134,56,36,91,114,43,6,105" hai2="29,92,70,23,10,123,126,82,76,11,20,72,25" hai3="101,99,44,41,57,110,130,63,46,85,97,14,96"/><W17/><G110/><T79/><D38/><U59/><E36/><V87/><F126/><W83/><G101/><T16/><D1/><U133/><E73/><V116/><F116/><W64/><G130/><T112/><D119/><U58/><E6/><V129/><F129/><W62/><G62/><T115/><D131/><U53/><E43/><V106/><F70/><W135/><G135/><N who="1" m="51722" /><E114/><N who="0" m="43561" /><D109/><U89/><E65/><V54/><F54/><W52/><G64/><T68/><D68/><U100/><E122/><V4/><F4/><W66/><G66/><T113/><D50/><U30/><E30/><V31/><F106/><W95/><G95/><T8/><D102/><U9/><E9/><V121/><F23/><N who="3" m="11703" /><G41/><T48/><D48/><U104/><E104/><V42/><F42/><W103/><G103/><T0/><D0/><U77/><E77/><AGARI ba="3,1" hai="44,46,52,57,63,77,83,85,96,97,99" m="11703" machi="77" ten="30,2900,0" yaku="8,1,54,1" doraHai="127" who="3" fromWho="1" sc="179,0,286,-38,424,0,101,48" /><INIT seed="7,4,0,4,3,103" ten="179,248,424,149" oya="3" hai0="65,77,54,97,44,4,45,92,105,6,67,80,61" hai1="23,53,49,30,3,109,85,132,94,41,55,15,122" hai2="121,91,75,107,22,88,60,13,21,38,79,47,29" hai3="68,51,5,84,117,32,114,120,31,118,17,95,27"/><W98/><G120/><T8/><D105/><U96/><E3/><V52/><F121/><W40/><G68/><T48/><D45/><N who="1" m="25775" /><E109/><V11/><F107/><W37/><G37/><T57/><D8/><U101/><E132/><V130/><F130/><W46/><G114/><T59/><D67/><U76/><E122/><V124/><F124/><W36/><G5/><T133/><D59/><U74/><E74/><V112/><F112/><W134/><G134/><T58/><D58/><U81/><E15/><V102/><F102/><W42/><G84/><N who="0" m="48143" /><D133/><U115/><E115/><V125/><F125/><W26/><G36/><T135/><D135/><U93/><E93/><V119/><F119/><W1/><G1/><T50/><D48/><U90/><E101/><AGARI ba="4,0" hai="4,6,44,50,54,57,61,65,92,97,101" m="48143" machi="101" ten="30,1000,0" yaku="8,1" doraHai="103" who="0" fromWho="1" sc="179,22,248,-22,424,0,149,0" owari="201,-20.0,226,3.0,424,52.0,149,-35.0" /></mjloggm>