<mjloggm ver="2.3"><GO type="169" lobby="0"/><UN n0="%E2%80%90%E3%81%AF%E3%81%9A%E3%81%8D%E3%82%93%E3%81%90%E2%80%90" n1="%E3%82%A6%E3%83%AB%E3%83%88%E3%83%A9%E7%AB%8B%E7%9B%B4" n2="%64%65%61%69%75%70%2E%63" n3="%E8%B1%9A%E6%9C%AC%E8%B1%9A%E7%A8%8B" dan="17,17,16,17" rate="2143.86,2186.37,2140.93,2198.75" sx="F,M,M,M"/><TAIKYOKU oya="0"/><INIT seed="0,0,0,3,2,120" ten="250,250,250,250" oya="0" hai0="32,94,37,79,80,2,123,117,111,131,3,85,1" hai1="109,51,82,57,95,12,52,14,67,25,121,84,66" hai2="49,19,98,113,130,40,41,46,70,55,33,20,29" hai3="134,101,8,13,0,60,15,44,11,128,74,30,53"/><T71/><D123/><U73/><E121/><V10/><F113/><W17/><G74/><T89/><D117/><U83/><E73/><V106/><F70/><W112/><G112/><T16/><D131/><U9/><E109/><V48/><F130/><W118/><G118/><T100/><D37/><U105/><E105/><V62/><F62/><W119/><G119/><T38/><D38/><U90/><E25/><V97/><F10/><W43/><G0/><T129/><D129/><U23/><E14/><V26/><F106/><W92/><G30/><T126/><D126/><U21/><E21/><V64/><F64/><N who="1" m="24617" /><E23/><V35/><F41/><W116/><G128/><T42/><D42/><U96/><E96/><V69/><F69/><W107/><G107/><T122/><D122/><U103/><E103/><V45/><REACH who="2" step="1"/><F35/><REACH who="2" ten="250,250,240,250" step="2"/><W58/><G116/><T127/><D127/><U18/><AGARI ba="0,1" hai="9,12,18,51,52,57,82,83,84,90,95" m="24617" machi="18" ten="30,2000,0" yaku="8,1,54,1" doraHai="120" who="1" fromWho="1" sc="250,-10,250,30,240,-5,250,-5" /><INIT seed="1,0,0,0,2,123" ten="240,280,235,245" oya="1" hai0="8,118,18,36,101,68,39,70,98,10,103,51,69" hai1="56,84,74,115,47,126,58,80,105,65,83,131,9" hai2="81,73,91,100,22,107,17,87,94,125,27,128,113" hai3="20,124,6,30,88,26,122,97,54,4,76,71,85"/><U45/><E105/><V40/><F128/><W61/><G124/><T2/><D118/><U11/><E126/><V32/><F125/><W41/><G122/><T62/><D51/><U28/><E28/><V112/><F32/><W79/><G41/><T25/><D2/><U129/><E84/><V82/><F40/><W38/><G38/><T106/><D62/><U134/><E65/><V31/><F17/><W78/><G97/><T48/><D48/><U59/><E74/><V72/><F73/><W93/><G71/><T19/><D25/><U1/><E1/><V133/><F133/><W67/><G67/><T89/><D89/><U29/><E29/><V60/><F60/><W21/><G21/><T95/><D95/><U116/><E116/><V14/><F14/><W75/><G75/><T0/><D0/><U104/><E104/><V12/><F12/><W64/><G64/><T50/><D50/><U16/><E16/><V90/><F90/><W96/><G85/><T5/><D69/><U53/><E53/><V35/><F35/><W3/><G3/><T99/><D106/><U34/><E34/><V52/><F52/><W120/><G120/><T77/><D77/><U66/><E66/><V121/><F121/><W135/><G135/><T24/><D24/><U130/><E134/><V57/><F57/><AGARI ba="0,0" hai="4,6,20,26,30,54,57,61,76,78,79,88,93,96" machi="57" ten="40,2600,0" yaku="8,1,54,1" doraHai="123" who="3" fromWho="2" sc="240,0,280,0,235,-26,245,26" /><INIT seed="2,0,0,2,4,10" ten="240,280,209,271" oya="2" hai0="123,111,12,127,51,17,2,43,101,97,46,72,32" hai1="82,52,25,75,124,86,15,107,99,41,96,54,7" hai2="63,131,132,39,73,103,50,61,8,79,34,76,5" hai3="29,110,122,100,120,91,58,0,57,3,22,121,126"/><V88/><F39/><W49/><G100/><T78/><D123/><U67/><E75/><V11/><F34/><W18/><G58/><T104/><D2/><U65/><E107/><V74/><F103/><W93/><G29/><T19/><D111/><U14/><E41/><V89/><F50/><W68/><G68/><T84/><D127/><U87/><E25/><V133/><REACH who="2" step="1"/><F5/><REACH who="2" ten="240,280,199,271" step="2"/><W30/><G110/><T42/><D32/><U21/><E7/><V77/><F77/><W85/><G126/><T35/><D35/><U81/><E124/><V95/><F95/><W98/><G120/><T1/><D101/><U37/><E21/><V109/><F109/><W92/><G121/><T24/><D51/><U59/><E59/><V90/><F90/><W134/><G122/><T106/><D78/><U45/><E45/><V112/><F112/><W130/><G49/><T83/><D106/><U129/><E129/><AGARI ba="0,1" hai="8,11,61,63,73,74,76,79,88,89,129,131,132,133" machi="129" ten="25,9600,0" yaku="1,1,22,2,54,1,53,0" doraHai="10" doraHaiUra="40" who="2" fromWho="1" sc="240,0,280,-96,199,106,271,0" /><INIT seed="2,1,0,2,0,33" ten="240,184,305,271" oya="2" hai0="58,85,131,118,95,55,73,45,90,39,123,20,36" hai1="79,38,77,102,27,98,62,64,56,16,130,31,108" hai2="11,94,53,125,19,22,69,97,4,70,111,32,80" hai3="9,120,18,3,128,59,1,115,8,76,61,15,21"/><V117/><F117/><W122/><G76/><T66/><D123/><N who="3" m="47145" /><G59/><T124/><D124/><U129/><E38/><V24/><F125/><W40/><G40/><T114/><D73/><U113/><E113/><V25/><F111/><W42/><G42/><T133/><D114/><U91/><E91/><V71/><F80/><W101/><G61/><T51/><D118/><U49/><E49/><V135/><F135/><W81/><G81/><T23/><D131/><N who="1" m="50187" /><E16/><V12/><F53/><W127/><G101/><T78/><D133/><U75/><E75/><V87/><F87/><W52/><G52/><T110/><D110/><U2/><E2/><N who="3" m="522" /><G128/><T7/><D78/><U96/><E108/><V107/><F107/><W14/><G127/><T100/><D100/><U99/><E102/><V112/><F112/><W103/><G103/><T88/><D36/><U35/><AGARI ba="1,0" hai="27,31,35,56,62,64,77,79,96,98,99" m="50187" machi="35" ten="30,1100,0" yaku="19,1" doraHai="33" who="1" fromWho="1" sc="240,-4,184,14,305,-6,271,-4" /><INIT seed="3,0,0,0,0,84" ten="236,198,299,267" oya="3" hai0="85,39,48,71,72,130,55,79,119,41,125,36,52" hai1="4,80,133,22,66,20,134,109,116,50,74,44,108" hai2="92,32,43,51,120,6,38,78,95,8,126,106,30" hai3="132,129,88,69,135,94,86,24,60,97,123,62,90"/><W21/><G129/><T16/><D119/><U101/><E66/><V89/><F106/><W98/><G123/><T76/><D72/><U13/><E101/><V104/><F104/><W31/><G98/><T65/><D130/><U1/><E80/><V53/><F78/><W82/><REACH who="3" step="1"/><G69/><REACH who="3" ten="236,198,299,257" step="2"/><T110/><D71/><U73/><E116/><V19/><F120/><W33/><G33/><T59/><D125/><U47/><E134/><AGARI ba="0,1" hai="21,24,31,60,62,82,86,88,90,94,97,132,134,135" machi="134" ten="40,12000,1" yaku="1,1,20,1,52,2,54,1,53,0" doraHai="84" doraHaiUra="102" who="3" fromWho="1" sc="236,0,198,-120,299,0,257,130" /><INIT seed="3,1,0,1,0,13" ten="236,78,299,387" oya="3" hai0="80,34,123,54,55,106,38,85,82,69,41,73,40" hai1="111,104,31,51,86,108,98,46,19,68,57,76,36" hai2="125,35,84,32,10,122,47,83,103,9,95,127,81" hai3="23,100,126,28,117,52,42,62,67,128,48,70,97"/><W21/><G117/><T44/><D123/><U2/><E2/><V115/><F115/><W110/><G128/><T16/><D106/><U63/><E31/><V7/><F122/><W59/><G126/><T77/><D69/><U15/><E68/><V105/><F105/><W66/><G66/><T133/><D34/><U107/><E36/><V72/><F47/><W96/><G110/><N who="1" m="42026" /><E86/><V64/><F64/><W17/><G28/><T24/><D41/><N who="1" m="25039" /><E76/><V92/><F84/><W134/><G23/><T74/><D133/><U118/><E98/><V0/><F7/><W87/><G134/><T93/><D93/><U49/><E49/><V135/><F135/><W5/><G5/><T22/><REACH who="0" step="1"/><D73/><REACH who="0" ten="226,78,299,387" step="2"/><U33/><E33/><V124/><F72/><W109/><G109/><T30/><D30/><U29/><E29/><V58/><F32/><W14/><G42/><T88/><AGARI ba="1,1" hai="16,22,24,38,40,44,54,55,74,77,80,82,85,88" machi="88" ten="20,12000,2" yaku="1,1,0,1,7,1,52,1,54,2,53,0" doraHai="13" doraHaiUra="60" who="0" fromWho="0" sc="226,133,78,-31,299,-31,387,-61" /><INIT seed="4,0,0,1,0,76" ten="359,47,268,326" oya="0" hai0="35,40,39,88,33,53,69,113,72,133,103,102,125" hai1="27,73,130,48,52,38,43,115,31,55,62,14,92" hai2="9,24,68,82,15,67,105,117,109,4,91,104,61" hai3="3,1,94,126,20,29,70,107,51,66,2,95,106"/><T121/><D121/><U99/><E73/><V90/><F109/><W122/><G126/><T25/><D72/><U101/><E130/><V84/><F117/><W112/><G112/><T135/><D69/><U108/><E108/><V118/><F118/><W36/><G36/><T78/><D78/><U74/><E74/><V26/><REACH who="2" step="1"/><F90/><REACH who="2" ten="359,47,258,326" step="2"/><W127/><G127/><T42/><D125/><U80/><E115/><V6/><F6/><W17/><G122/><T32/><D113/><U8/><E38/><V57/><F57/><W132/><G70/><T93/><D39/><U54/><E62/><V45/><F45/><W50/><G1/><T129/><D129/><U96/><E48/><V60/><F60/><W128/><G3/><T13/><D135/><U120/><E120/><V30/><F30/><W58/><G2/><T44/><D133/><U87/><E99/><V21/><F21/><W56/><G29/><T64/><D33/><U77/><E43/><V81/><F81/><W5/><G132/><T119/><D35/><U98/><E98/><V23/><F23/><W110/><G128/><T65/><D42/><U116/><E116/><V97/><F97/><W34/><G34/><T89/><D40/><U49/><E49/><V28/><F28/><W85/><G20/><T79/><D32/><U22/><REACH who="1" step="1"/><E55/><REACH who="1" ten="359,37,258,326" step="2"/><V71/><F71/><W86/><G110/><T63/><D63/><U111/><E111/><V0/><F0/><W114/><G114/><T100/><D53/><U46/><E46/><V134/><F134/><W19/><G66/><T59/><D64/><U41/><E41/><RYUUKYOKU ba="0,2" sc="359,-30,37,10,258,10,326,10" hai1="8,14,22,27,31,52,54,77,80,87,92,96,101" hai2="4,9,15,24,26,61,67,68,82,84,91,104,105" hai3="5,17,19,50,51,56,58,85,86,94,95,106,107" /><INIT seed="5,1,2,5,3,63" ten="329,47,268,336" oya="1" hai0="57,74,98,5,109,70,51,28,67,73,131,26,50" hai1="78,112,53,33,12,34,101,72,120,29,60,108,96" hai2="132,23,47,18,133,8,16,89,87,58,91,69,103" hai3="128,106,85,113,39,76,41,0,125,1,64,48,62"/><U9/><E120/><V110/><F110/><W15/><G106/><T100/><D109/><U88/><E108/><V52/><F69/><W10/><G39/><T135/><D5/><U31/><E112/><V105/><F47/><W59/><G128/><T65/><D131/><U81/><E88/><V119/><F119/><W56/><G125/><T107/><D135/><N who="2" m="51786" /><F8/><W118/><G118/><T68/><D50/><U54/><E34/><V79/><F105/><W46/><G59/><T123/><D123/><U66/><E33/><V6/><F6/><N who="3" m="3543" /><G113/><T71/><D74/><U127/><E127/><V75/><F75/><W124/><G124/><T11/><D11/><U42/><E42/><V121/><F103/><W115/><G115/><T86/><D86/><U21/><E21/><V49/><F121/><W40/><G40/><T55/><REACH who="0" step="1"/><D73/><REACH who="0" ten="319,47,268,336" step="2"/><U20/><E20/><AGARI ba="1,3" hai="20,26,28,51,55,57,65,67,68,70,71,98,100,107" machi="20" ten="40,8000,1" yaku="1,1,2,1,52,2,53,1" doraHai="63" doraHaiUra="94" who="0" fromWho="1" sc="319,113,47,-83,268,0,336,0" owari="432,53.0,-36,-54.0,268,-13.0,336,14.0" /></mjloggm>