<mjloggm ver="2.3"><GO type="169" lobby="0"/><UN n0="%E3%82%A6%E3%83%AB%E3%83%88%E3%83%A9%E7%AB%8B%E7%9B%B4" n1="%E3%82%B9%E3%82%B1%E3%83%BC%E3%82%BF%E3%83%BC" n2="%E5%A4%A7%E5%92%8C%E7%94%B0%E5%B0%82%E5%8B%99" n3="%E3%81%A6%E3%81%A1%E3%82%88" dan="18,17,16,16" rate="2296.72,2206.37,2098.76,2084.47" sx="M,M,M,M"/><TAIKYOKU oya="0"/><INIT seed="0,0,0,1,3,86" ten="250,250,250,250" oya="0" hai0="34,16,96,72,118,58,28,113,90,0,74,123,77" hai1="49,125,48,13,25,62,4,84,54,56,109,60,18" hai2="98,52,104,88,73,24,91,134,3,37,53,65,47" hai3="111,115,85,95,23,89,93,43,119,121,106,41,15"/><T112/><D0/><U1/><E109/><V70/><F73/><N who="0" m="28266" /><D16/><U30/><E125/><V55/><F3/><W5/><G111/><T32/><D58/><U101/><E101/><V127/><F127/><W8/><G106/><T38/><D38/><U126/><E126/><V21/><F134/><W51/><G115/><N who="0" m="44107" /><D28/><U46/><E84/><V36/><F104/><W99/><G119/><T100/><D32/><U19/><E4/><V17/><F98/><W63/><G121/><T110/><D34/><U108/><E108/><V82/><F82/><W102/><G63/><T79/><D110/><U6/><E6/><V20/><F70/><W14/><G51/><T45/><D45/><U35/><E19/><AGARI ba="0,0" hai="5,8,14,15,19,23,41,43,85,89,93,95,99,102" machi="19" ten="40,2600,0" yaku="8,1,52,1" doraHai="86" who="3" fromWho="1" sc="250,0,250,-26,250,0,250,26" /><INIT seed="1,0,0,2,3,60" ten="250,224,250,276" oya="1" hai0="4,132,59,121,42,84,135,15,51,103,131,8,6" hai1="14,120,112,34,98,108,61,82,53,100,12,76,118" hai2="62,93,26,99,27,32,116,110,21,2,134,54,79" hai3="69,88,20,97,80,31,114,46,33,85,40,109,55"/><U78/><E112/><V81/><F116/><W91/><G33/><T64/><D131/><U30/><E120/><V111/><F2/><W133/><G114/><T128/><D128/><U126/><E118/><V50/><F134/><W94/><G133/><N who="0" m="51275" /><D103/><U1/><E1/><V96/><F62/><W43/><G69/><T90/><D121/><U72/><E126/><V127/><F32/><W105/><G109/><N who="2" m="41481" /><F127/><W11/><G105/><T0/><D42/><U13/><E108/><V101/><F96/><W106/><G106/><T83/><D51/><U10/><E78/><V77/><F21/><W24/><REACH who="3" step="1"/><G11/><REACH who="3" ten="250,224,250,266" step="2"/><T49/><D8/><U125/><E125/><V25/><F81/><W47/><G47/><AGARI ba="0,1" hai="25,26,27,47,50,54,77,79,93,99,101" m="41481" machi="47" ten="30,1000,0" yaku="14,1" doraHai="60" who="2" fromWho="3" sc="250,0,224,0,250,20,266,-10" /><INIT seed="2,0,0,5,3,94" ten="250,224,270,256" oya="2" hai0="101,111,65,104,71,67,98,27,28,124,19,116,21" hai1="131,110,115,122,118,31,133,18,123,24,135,100,109" hai2="38,39,85,6,120,32,96,80,76,56,43,95,55" hai3="5,66,121,102,40,22,99,83,89,35,4,132,46"/><V92/><F92/><W87/><G35/><T62/><D111/><N who="1" m="42507" /><E100/><V44/><F120/><N who="1" m="46121" /><E115/><V90/><F32/><W60/><G121/><T105/><D124/><U119/><E18/><V127/><F127/><W84/><G132/><N who="1" m="50762" /><E131/><V129/><F129/><W125/><G125/><T52/><D116/><U47/><E47/><V97/><F6/><W59/><G5/><T1/><D1/><U86/><E86/><V26/><F26/><W72/><G4/><T0/><D0/><U48/><E48/><V74/><F38/><W13/><G87/><T64/><D105/><U17/><E17/><V107/><F107/><W108/><G108/><T69/><D19/><U34/><AGARI ba="0,0" hai="24,31,34,118,119" m="50762,46121,42507" machi="34" ten="40,12000,2" yaku="14,1,13,1,20,1,23,1,34,2" doraHai="94" who="1" fromWho="1" sc="250,-30,224,120,270,-60,256,-30" /><INIT seed="3,0,0,1,5,133" ten="220,344,210,226" oya="3" hai0="68,24,11,0,67,36,9,70,103,37,92,93,25" hai1="106,43,81,34,88,12,63,89,125,30,98,116,10" hai2="2,22,100,102,7,101,8,122,3,5,97,94,35" hai3="79,75,113,119,60,114,105,45,126,64,124,14,66"/><W32/><G14/><T82/><D82/><U84/><E116/><V109/><F109/><W17/><G17/><T117/><D67/><U118/><E118/><V107/><F122/><W50/><G119/><T91/><D117/><U96/><E43/><V85/><F35/><W33/><G105/><T47/><D91/><U72/><E72/><V15/><F22/><W31/><G79/><T120/><D47/><U19/><E125/><N who="3" m="48234" /><G75/><T77/><D77/><U78/><E19/><V51/><F15/><W71/><G66/><T59/><D0/><U1/><E1/><V108/><F107/><W132/><G132/><T54/><D120/><U53/><E12/><V21/><F2/><W95/><G95/><T58/><D11/><U52/><E10/><V56/><F8/><W74/><G74/><T42/><D9/><U104/><E78/><V20/><F3/><W38/><G38/><T40/><D92/><U27/><E106/><V6/><F94/><W86/><G86/><T46/><D93/><U129/><E104/><V99/><F85/><W69/><G69/><T76/><D76/><U134/><E134/><V4/><F6/><W23/><G23/><T28/><D70/><U90/><E90/><V13/><F13/><W111/><G111/><T29/><D68/><U61/><E89/><V87/><F108/><W112/><G31/><T55/><D103/><U128/><E88/><V49/><F87/><W127/><N who="3" m="48242" /><W135/><DORA hai="26" /><G135/><T18/><D18/><U57/><E84/><V121/><F4/><W73/><G73/><T62/><D29/><U16/><E30/><RYUUKYOKU ba="0,0" sc="220,-10,344,-10,210,-10,226,30" hai3="32,33,45,50,60,64,71,112,113,114" /><INIT seed="3,1,0,0,4,20" ten="210,334,200,256" oya="3" hai0="25,41,112,30,100,75,123,62,134,17,61,78,76" hai1="48,9,94,88,117,64,66,124,81,47,74,57,120" hai2="110,98,130,37,129,6,22,5,49,23,19,63,132" hai3="13,21,67,18,29,106,8,101,83,135,36,51,32"/><W10/><G36/><T31/><D123/><U114/><E114/><V16/><F37/><W45/><G67/><T7/><D134/><U92/><E120/><V99/><F49/><W91/><G135/><T24/><D112/><U72/><E124/><V128/><F132/><W107/><G101/><T79/><D75/><U59/><E117/><V96/><F63/><N who="0" m="24074" /><D7/><N who="2" m="2570" /><F110/><W27/><G107/><T102/><D17/><AGARI ba="1,0" hai="16,17,19,22,23,96,98,99,128,129,130" m="2570" machi="17" ten="40,8000,1" yaku="28,2,19,1,54,1" doraHai="20" who="2" fromWho="0" sc="210,-83,334,0,200,83,256,0" /><INIT seed="4,0,0,5,4,115" ten="127,334,283,256" oya="0" hai0="76,135,13,31,20,77,52,29,22,16,40,42,126" hai1="85,107,124,70,61,66,56,5,58,96,95,37,15" hai2="88,104,120,133,46,80,57,100,82,44,7,81,34" hai3="60,47,92,48,84,71,91,36,89,38,79,105,134"/><T59/><D126/><U6/><E37/><V90/><F120/><W10/><G105/><T119/><D135/><U68/><E124/><V43/><F34/><W97/><G79/><N who="0" m="30283" /><D119/><U21/><E107/><V45/><F133/><W50/><G134/><T86/><D86/><U109/><E109/><V123/><F43/><N who="0" m="16426" /><D22/><U55/><E85/><V26/><F123/><W2/><G71/><T93/><D93/><U0/><E0/><V39/><F39/><W41/><G60/><AGARI ba="0,0" hai="13,16,20,29,31,52,59,60" m="16426,30283" machi="60" ten="30,5800,0" yaku="8,1,54,2" doraHai="115" who="0" fromWho="3" sc="127,58,334,0,283,0,256,-58" /><INIT seed="4,1,0,5,4,5" ten="185,334,283,198" oya="0" hai0="10,116,97,115,107,81,48,87,3,111,51,72,23" hai1="99,126,114,65,53,74,69,68,77,61,19,113,64" hai2="104,85,6,20,125,54,93,37,86,71,108,43,35" hai3="13,94,70,16,117,79,96,38,84,76,57,59,0"/><T28/><D116/><U133/><E133/><V101/><F35/><W45/><G70/><T82/><D115/><N who="1" m="44043" /><E126/><V47/><F71/><W67/><G0/><T102/><D111/><U78/><E74/><V11/><F104/><W30/><G117/><T17/><D28/><U15/><E53/><V100/><F125/><W88/><G30/><T32/><D32/><U50/><E50/><V8/><F20/><W4/><G4/><T132/><D132/><U73/><E73/><V46/><F108/><W130/><G130/><T120/><D120/><U118/><E118/><V95/><F54/><W66/><G38/><T36/><D36/><U123/><E123/><V44/><F37/><W31/><G31/><T27/><D72/><U7/><E7/><V12/><F43/><W56/><G45/><T22/><D22/><N who="1" m="11647" /><E99/><V24/><F24/><W106/><G106/><T62/><D62/><AGARI ba="1,0" hai="61,62,64,65,68,69,77,78" m="11647,44043" machi="62" ten="30,2000,0" yaku="15,1,11,1" doraHai="5" who="1" fromWho="0" sc="185,-23,334,23,283,0,198,0" /><INIT seed="5,0,0,3,2,123" ten="162,357,283,198" oya="1" hai0="30,56,127,90,97,49,62,75,9,0,12,33,88" hai1="1,16,68,37,130,47,58,122,44,114,28,7,80" hai2="31,101,83,32,91,4,41,52,102,6,105,128,24" hai3="71,10,134,92,129,124,133,135,21,17,121,18,63"/><U34/><E68/><V131/><F41/><W39/><G39/><T112/><D112/><U99/><E114/><V81/><F105/><W64/><G121/><T109/><D127/><U82/><E130/><N who="2" m="49707" /><F52/><W20/><G129/><T115/><D115/><U104/><E104/><V89/><F89/><W57/><G124/><T85/><D75/><U14/><E47/><V40/><F40/><W117/><G117/><T108/><D0/><U103/><E44/><V60/><F60/><W45/><G10/><T132/><D49/><U79/><E79/><V5/><F91/><W2/><G2/><T126/><D126/><U96/><E96/><V65/><F65/><W113/><G113/><T111/><D132/><U66/><E66/><V54/><F54/><W84/><G45/><T74/><D74/><U46/><E46/><V23/><F32/><W55/><G92/><T26/><D97/><U72/><E72/><V69/><F69/><W27/><G84/><T119/><D119/><U29/><E58/><V13/><F13/><N who="3" m="9263" /><G71/><T43/><D43/><U42/><E42/><V51/><F51/><W120/><G120/><T38/><D38/><U19/><E37/><V125/><F125/><W86/><G86/><T50/><D50/><U59/><E59/><V36/><F36/><W95/><G95/><T22/><D33/><U61/><E34/><V35/><F35/><W76/><G76/><T3/><D85/><U98/><E122/><V100/><AGARI ba="0,0" hai="4,5,6,23,24,31,81,83,100,101,102" m="49707" machi="100" ten="40,1500,0" yaku="19,1" doraHai="123" who="2" fromWho="2" sc="162,-4,357,-7,283,15,198,-4" /><INIT seed="6,0,0,4,0,26" ten="158,350,298,194" oya="2" hai0="72,13,77,10,135,127,51,65,87,124,60,98,25" hai1="52,100,70,91,47,97,114,120,92,115,74,2,80" hai2="21,4,57,22,9,108,24,102,111,132,45,109,61" hai3="95,34,121,23,32,46,48,96,12,110,75,58,17"/><V30/><F102/><W106/><G106/><T56/><D72/><U82/><E70/><V94/><F94/><W43/><G75/><T54/><D135/><U38/><E2/><N who="2" m="151" /><F57/><W8/><G121/><T112/><D112/><N who="1" m="43051" /><E120/><V6/><F61/><W29/><G110/><T55/><D98/><N who="1" m="57631" /><E74/><V84/><F45/><W16/><G58/><T107/><D107/><N who="1" m="63887" /><E38/><V89/><F84/><W27/><REACH who="3" step="1"/><G17/><REACH who="3" ten="158,350,298,184" step="2"/><T42/><D56/><U76/><E76/><V85/><F132/><W126/><G126/><T5/><D127/><U105/><E105/><V131/><F108/><W101/><AGARI ba="0,1" hai="8,12,16,23,27,29,32,34,43,46,48,95,96,101" machi="101" ten="20,8000,1" yaku="1,1,0,1,7,1,52,1,54,1,53,0" doraHai="26" doraHaiUra="81" who="3" fromWho="3" sc="158,-20,350,-20,298,-40,184,90" /><INIT seed="7,0,0,4,3,51" ten="138,330,258,274" oya="3" hai0="29,111,47,1,81,65,20,74,30,124,70,109,128" hai1="64,0,132,15,35,44,6,26,87,49,73,126,40" hai2="79,120,78,14,17,134,58,11,92,50,48,77,88" hai3="42,7,32,121,27,100,117,123,94,13,114,102,96"/><W67/><G117/><T22/><D74/><U38/><E73/><V59/><F134/><W133/><G42/><T135/><D70/><U130/><E0/><V68/><F68/><W37/><G37/><T9/><D65/><U116/><E64/><V46/><F120/><W115/><G67/><T34/><D81/><U119/><E126/><V23/><F11/><N who="3" m="4351" /><G133/><T106/><D47/><N who="1" m="23959" /><E130/><V28/><F28/><N who="3" m="19487" /><G102/><T62/><D62/><U91/><E132/><V110/><F110/><W66/><G66/><T101/><D135/><U98/><E98/><N who="2" m="57607" /><F50/><W90/><G100/><T16/><D101/><U85/><E26/><V72/><F72/><W103/><G103/><T33/><D106/><U63/><E35/><V24/><F24/><W122/><G122/><T3/><D128/><U21/><E63/><V45/><F45/><W95/><G95/><T71/><D71/><U75/><E75/><V8/><F8/><W25/><G25/><T5/><D9/><N who="1" m="4535" /><E21/><V55/><AGARI ba="0,0" hai="14,17,23,46,48,55,58,59,77,78,79" m="57607" machi="55" ten="30,4000,0" yaku="8,1,52,1,54,1" doraHai="51" who="2" fromWho="2" sc="138,-10,330,-10,258,40,274,-20" owari="128,-37.0,320,42.0,298,10.0,254,-15.0" /></mjloggm>