<mjloggm ver="2.3"><GO type="169" lobby="0"/><UN n0="%6D%6F%6E%6F%2D%31%34" n1="%E3%81%92%E3%81%A3%E3%81%A1" n2="%E3%82%A6%E3%83%AB%E3%83%88%E3%83%A9%E7%AB%8B%E7%9B%B4" n3="%30%30%73%61%69" dan="16,16,17,17" rate="2126.50,2093.03,2151.25,2170.70" sx="M,M,M,M"/><TAIKYOKU oya="0"/><INIT seed="0,0,0,0,0,20" ten="250,250,250,250" oya="0" hai0="99,85,95,117,35,11,67,108,94,98,102,106,107" hai1="53,65,0,32,17,30,130,78,86,87,33,31,69" hai2="56,135,14,63,39,124,79,125,70,40,4,89,43" hai3="9,80,73,26,134,61,51,92,81,82,91,129,123"/><T16/><D35/><U115/><E65/><V72/><F79/><W12/><G129/><T103/><D117/><U25/><E69/><V2/><F72/><W131/><G131/><T111/><D67/><U122/><E130/><V21/><F2/><W105/><G105/><N who="0" m="39947" /><D11/><U119/><E119/><V110/><F70/><W59/><G123/><T83/><D16/><U8/><E122/><V66/><F39/><W109/><G134/><T7/><D7/><U88/><E78/><AGARI ba="0,0" hai="78,83,85,94,95,98,99,102,103,108,111" m="39947" machi="78" ten="30,2900,0" yaku="34,2" doraHai="20" who="0" fromWho="1" sc="250,29,250,-29,250,0,250,0" /><INIT seed="0,1,0,3,3,91" ten="279,221,250,250" oya="0" hai0="0,33,123,6,63,100,77,54,72,1,12,135,49" hai1="5,58,10,127,92,90,52,106,93,113,29,23,48" hai2="70,47,105,45,59,95,89,22,66,60,115,111,38" hai3="55,74,51,132,32,130,67,35,64,128,124,109,56"/><T3/><D33/><U107/><E127/><V76/><F115/><W39/><G74/><T104/><D123/><U7/><E113/><V69/><F105/><W15/><G124/><T2/><D63/><U43/><E43/><V73/><F111/><W28/><G109/><T96/><D135/><U80/><E106/><V97/><F73/><W37/><G132/><T122/><D122/><U13/><E107/><V62/><F76/><W61/><G15/><T36/><D36/><N who="3" m="13897" /><G28/><T42/><D42/><U101/><E5/><V11/><F38/><W9/><G9/><T68/><D68/><U126/><E126/><V65/><F59/><N who="3" m="33279" /><G32/><T18/><D6/><U85/><E101/><V57/><F11/><W8/><G8/><T40/><D40/><U119/><E119/><V87/><F57/><N who="3" m="36911" /><G35/><T19/><N who="0" m="0" /><DORA hai="75" /><T46/><REACH who="0" step="1"/><D12/><REACH who="0" ten="269,221,250,250" step="2"/><U21/><REACH who="1" step="1"/><E29/><REACH who="1" ten="269,211,250,250" step="2"/><V34/><F34/><W31/><G31/><T131/><D131/><U53/><E53/><V117/><F117/><W102/><G102/><T114/><D114/><U17/><E17/><V121/><F121/><W120/><G120/><T83/><AGARI ba="1,2" hai="18,19,46,49,54,72,77,83,96,100,104" m="0" machi="83" ten="60,11700,0" yaku="1,1,0,1,52,1,53,0" doraHai="91,75" doraHaiUra="30,110" who="0" fromWho="0" sc="269,140,211,-40,250,-40,250,-40" /><INIT seed="0,2,0,5,2,47" ten="409,171,210,210" oya="0" hai0="8,98,37,110,103,100,19,15,22,4,65,95,132" hai1="35,123,58,62,115,1,45,96,21,69,18,112,131" hai2="31,93,16,118,85,50,109,59,27,53,76,83,80" hai3="6,55,74,86,104,33,97,90,84,5,87,75,113"/><T51/><D37/><U91/><E69/><V106/><F106/><W7/><G33/><T70/><D132/><U48/><E35/><V28/><F109/><W82/><G113/><T135/><D135/><U49/><E1/><V126/><F126/><W2/><G2/><T29/><D29/><U40/><E123/><V111/><F111/><W89/><G55/><T127/><D127/><U23/><E131/><V77/><F93/><W41/><G41/><T3/><D70/><U32/><E32/><V102/><F102/><W14/><G14/><T0/><D65/><U56/><E23/><N who="2" m="13799" /><F118/><W61/><G61/><T46/><D110/><U122/><E122/><V105/><F105/><W12/><G12/><T30/><D30/><N who="2" m="11306" /><F83/><N who="3" m="49311" /><G5/><T130/><D130/><U121/><E121/><V99/><F99/><W25/><G6/><T81/><D81/><U79/><E79/><AGARI ba="2,0" hai="50,53,59,76,77,79,80,85" m="11306,13799" machi="79" ten="30,3900,0" yaku="8,1,52,1,54,1" doraHai="47" who="2" fromWho="1" sc="409,0,171,-45,210,45,210,0" /><INIT seed="1,0,0,1,3,76" ten="409,126,255,210" oya="1" hai0="118,55,127,0,86,104,116,95,46,111,11,10,53" hai1="122,80,29,25,7,91,131,42,102,27,119,9,88" hai2="14,100,67,41,112,85,30,24,50,77,15,51,135" hai3="124,58,37,4,129,128,96,114,60,90,16,54,134"/><U12/><E131/><N who="3" m="50250" /><G114/><T18/><D104/><U99/><E119/><V106/><F135/><W19/><G134/><T34/><D34/><U28/><E122/><V59/><F106/><W82/><G124/><T1/><D86/><N who="1" m="50247" /><E102/><V39/><F51/><W75/><G4/><T126/><D46/><U123/><E42/><V132/><F14/><W120/><G120/><T6/><D95/><N who="1" m="56831" /><E123/><V2/><F85/><N who="3" m="50487" /><G75/><T57/><D118/><U72/><E72/><V108/><F41/><W92/><G37/><T47/><D116/><U117/><E117/><V49/><F100/><AGARI ba="0,0" hai="16,19,54,58,60,92,96,100" m="50487,50250" machi="100" ten="30,3900,0" yaku="19,1,52,1,54,1" doraHai="76" who="3" fromWho="2" sc="409,0,126,0,255,-39,210,39" /><INIT seed="2,0,0,2,5,38" ten="409,126,216,249" oya="2" hai0="3,66,107,1,131,64,102,23,52,110,60,113,106" hai1="8,31,124,119,26,29,12,83,34,69,10,6,33" hai2="5,71,27,47,92,24,85,100,103,94,80,109,135" hai3="21,39,91,133,114,18,70,42,22,15,125,89,134"/><V51/><F71/><W117/><G117/><T105/><D102/><N who="2" m="38954" /><F5/><W112/><G70/><T11/><D113/><N who="3" m="43625" /><G125/><T95/><D95/><N who="2" m="36394" /><F109/><W32/><G32/><T130/><D110/><U65/><E65/><V68/><F68/><W72/><G72/><T90/><D90/><N who="3" m="34313" /><G21/><T45/><D23/><U54/><E69/><V55/><F135/><N who="3" m="51723" /><G42/><T49/><D107/><U73/><E54/><V56/><F56/><W132/><G132/><T86/><D52/><U96/><E96/><V0/><F0/><W98/><G39/><T63/><D1/><U50/><E50/><V84/><F84/><W93/><G93/><T74/><D49/><U61/><E61/><V4/><F4/><W35/><G35/><T118/><D3/><U115/><E115/><V28/><F28/><W14/><G98/><T104/><D104/><U122/><E34/><V67/><F67/><W53/><G53/><T37/><D66/><U30/><E33/><V57/><F57/><W48/><G48/><T120/><D64/><U2/><E2/><V62/><F62/><W127/><G127/><T20/><D106/><U101/><E124/><V58/><F58/><W81/><G81/><T76/><D37/><U97/><E83/><V126/><F126/><W41/><G41/><T19/><D105/><U82/><E82/><V46/><F46/><W16/><G18/><T17/><D19/><U108/><E30/><V9/><F9/><W116/><G116/><T121/><D118/><U123/><E119/><V7/><F7/><W77/><G16/><T13/><D17/><U44/><E44/><V111/><F111/><RYUUKYOKU ba="0,0" sc="409,-10,126,-10,216,30,249,-10" hai2="24,27,47,51,55,80,85" /><INIT seed="2,1,0,3,0,80" ten="399,116,246,239" oya="2" hai0="43,31,69,109,126,17,57,104,19,25,130,81,2" hai1="4,102,35,39,108,134,27,7,20,60,71,117,14" hai2="64,34,101,107,132,44,105,96,119,3,0,135,106" hai3="45,113,73,70,123,82,133,111,121,67,13,58,38"/><V98/><F34/><W97/><G111/><T76/><D69/><U62/><E108/><V128/><F64/><W127/><G70/><T115/><D115/><U124/><E35/><V50/><F119/><W68/><G68/><T53/><D104/><U93/><E117/><V24/><F24/><W116/><G116/><T51/><D2/><U32/><E32/><V36/><F128/><W18/><G97/><N who="2" m="37481" /><F36/><W99/><G99/><T90/><D43/><U118/><E118/><V129/><F101/><W54/><G113/><T29/><D29/><U87/><E102/><V22/><F22/><W114/><G114/><T112/><D130/><U46/><E134/><N who="2" m="51243" /><F129/><W61/><G133/><T40/><D25/><U83/><E93/><V65/><F65/><W85/><G127/><T66/><D66/><U33/><E33/><V125/><F125/><W8/><G73/><T9/><D126/><U110/><E110/><V77/><F77/><W89/><G38/><T91/><D76/><U21/><E124/><V131/><F131/><W88/><G89/><T75/><D91/><U12/><E71/><V11/><F11/><W48/><AGARI ba="1,0" hai="8,13,18,45,48,54,58,61,67,82,85,88,121,123" machi="48" ten="30,8000,1" yaku="0,1,25,2,52,1,54,1" doraHai="80" who="3" fromWho="3" sc="399,-21,116,-21,246,-41,239,83" /><INIT seed="3,0,0,1,2,93" ten="378,95,205,322" oya="3" hai0="102,105,108,109,64,112,65,120,1,47,55,42,123" hai1="84,135,34,39,67,49,115,88,98,63,45,131,97" hai2="3,36,38,121,28,87,89,2,21,80,114,54,122" hai3="10,14,118,40,129,15,0,6,19,101,68,94,5"/><W51/><G68/><T104/><D1/><U31/><E115/><V72/><F114/><W20/><G118/><T133/><D112/><U127/><E39/><V46/><F28/><W18/><G129/><T43/><D102/><U53/><E131/><V17/><F72/><W16/><G40/><T99/><D55/><U52/><E127/><V56/><F3/><W61/><G51/><T73/><D73/><U130/><E130/><V32/><F32/><W71/><G71/><T60/><D60/><U77/><E77/><V30/><F30/><W75/><G75/><T79/><D79/><U125/><E125/><V96/><F2/><W90/><G101/><T111/><D99/><N who="1" m="37899" /><E34/><V117/><F96/><N who="3" m="57431" /><G0/><T58/><D111/><U69/><E69/><V91/><F117/><W29/><G61/><T70/><D70/><U33/><E33/><V113/><F113/><W128/><G128/><T85/><D47/><N who="1" m="27711" /><E135/><V103/><F103/><W4/><G10/><T106/><D106/><U59/><E31/><V86/><F38/><W119/><G119/><T35/><D35/><U76/><E76/><V81/><F121/><W25/><AGARI ba="0,0" hai="4,5,6,14,15,16,18,19,20,25,29" m="57431" machi="25" ten="40,7800,0" yaku="8,1,52,1,54,1" doraHai="93" who="3" fromWho="3" sc="378,-26,95,-26,205,-26,322,78" /><INIT seed="3,1,0,4,2,58" ten="352,69,179,400" oya="3" hai0="113,129,16,116,7,78,110,65,123,85,1,19,3" hai1="44,37,22,8,31,83,75,122,89,15,50,115,119" hai2="63,59,60,124,66,39,125,77,81,57,38,26,86" hai3="71,12,99,46,74,61,120,101,93,92,45,10,106"/><W28/><G120/><T130/><D123/><U111/><E122/><V53/><REACH who="2" step="1"/><F26/><REACH who="2" ten="352,69,169,400" step="2"/><W104/><G74/><T69/><D116/><U88/><E119/><V29/><F29/><W103/><G28/><T117/><D117/><U4/><E115/><V6/><F6/><W108/><G108/><T84/><D7/><U102/><E111/><V0/><F0/><W135/><G135/><T62/><D110/><U105/><E37/><AGARI ba="1,1" hai="37,38,39,53,57,59,60,63,66,77,81,86,124,125" machi="37" ten="40,8000,1" yaku="21,2,52,2,53,0" doraHai="58" doraHaiUra="43" who="2" fromWho="1" sc="352,0,69,-83,169,93,400,0" owari="352,15.0,-14,-51.0,262,-14.0,400,50.0" /></mjloggm>