<mjloggm ver="2.3"><GO type="169" lobby="0"/><UN n0="%E5%A5%88%E8%90%BD%E3%81%AE%E7%8E%8B" n1="%E2%80%90%E3%81%AF%E3%81%9A%E3%81%8D%E3%82%93%E3%81%90%E2%80%90" n2="%E3%82%A6%E3%83%AB%E3%83%88%E3%83%A9%E7%AB%8B%E7%9B%B4" n3="%E6%A4%B0%E5%AD%90%37%35%33" dan="17,16,18,17" rate="2158.30,2127.37,2283.38,2149.88" sx="M,F,M,M"/><TAIKYOKU oya="0"/><INIT seed="0,0,0,5,2,100" ten="250,250,250,250" oya="0" hai0="41,92,107,76,19,74,62,56,12,51,84,123,53" hai1="27,46,96,85,115,4,114,29,6,118,54,3,71" hai2="130,72,78,59,73,103,7,79,129,94,101,40,124" hai3="22,16,58,14,48,33,133,134,81,0,13,63,83"/><T127/><D123/><U126/><E118/><V36/><F7/><W34/><G0/><T70/><D127/><U20/><E71/><V102/><F59/><W38/><G38/><T26/><D26/><U60/><E126/><V5/><F5/><W23/><G48/><T125/><D125/><U128/><E128/><N who="2" m="49259" /><F40/><W110/><G110/><T97/><D74/><N who="2" m="28778" /><F36/><W98/><G98/><T69/><D41/><U119/><E119/><V108/><F124/><W95/><G95/><T68/><D76/><N who="2" m="29226" /><F108/><W116/><G116/><T39/><D39/><U35/><E35/><V99/><AGARI ba="0,0" hai="94,99,101,102,103" m="29226,28778,49259" machi="99" ten="40,5200,0" yaku="19,1,34,2" doraHai="100" who="2" fromWho="2" sc="250,-26,250,-13,250,52,250,-13" /><INIT seed="1,0,0,3,0,63" ten="224,237,302,237" oya="1" hai0="17,80,34,110,76,29,87,43,40,37,54,53,19" hai1="49,127,126,135,36,104,0,75,13,96,65,3,91" hai2="130,106,48,94,103,69,70,58,18,78,8,124,41" hai3="59,132,99,26,25,115,122,93,107,100,101,2,30"/><U118/><E13/><V92/><F106/><W44/><G2/><T117/><D110/><U33/><E36/><V7/><F18/><W68/><G26/><T38/><D117/><U14/><E33/><V39/><F130/><W90/><G44/><T5/><D5/><U120/><E75/><V82/><F124/><N who="1" m="47657" /><E118/><V102/><F58/><W129/><G129/><T1/><D1/><N who="1" m="587" /><E120/><V27/><F27/><W72/><G25/><T12/><D34/><U131/><E49/><V15/><F39/><W66/><G72/><T81/><D12/><U47/><E47/><N who="2" m="25711" /><F70/><W105/><G68/><T57/><D38/><U60/><E131/><V86/><F69/><W79/><G107/><T116/><D37/><U35/><E35/><V84/><F84/><W28/><G105/><T31/><D116/><U121/><E14/><V95/><AGARI ba="0,0" hai="7,8,15,78,82,86,92,94,95,102,103" m="25711" machi="95" ten="30,2000,0" yaku="25,1,8,1" doraHai="63" who="2" fromWho="2" sc="224,-5,237,-10,302,20,237,-5" /><INIT seed="2,0,0,5,0,1" ten="219,227,322,232" oya="2" hai0="90,10,107,44,63,54,83,6,18,21,132,65,9" hai1="135,74,15,14,103,108,102,84,126,95,16,119,58" hai2="115,92,42,51,0,80,111,128,12,60,112,19,89" hai3="7,22,17,59,130,28,129,31,114,100,116,4,73"/><V123/><F0/><W125/><G73/><T25/><D107/><U62/><E119/><V52/><F123/><W133/><G100/><T8/><D132/><U46/><E74/><V68/><F128/><N who="3" m="49259" /><G116/><T110/><D110/><U124/><E108/><V120/><F120/><W40/><G40/><T77/><D90/><N who="1" m="53703" /><E14/><V101/><F80/><W3/><G3/><T98/><D98/><U94/><E46/><V97/><F111/><W35/><G35/><T122/><D122/><U113/><E135/><V91/><F112/><W67/><G114/><T66/><D44/><U71/><E71/><V78/><F78/><W87/><G87/><T96/><D96/><U106/><E106/><V117/><F117/><W41/><G41/><T34/><D34/><U109/><E109/><V81/><F81/><W23/><G23/><T69/><D83/><U131/><E94/><V45/><F115/><W39/><G39/><T99/><D99/><U30/><E30/><N who="3" m="11306" /><G125/><N who="1" m="48234" /><E113/><V37/><F37/><W79/><G79/><T134/><D77/><U5/><E5/><N who="3" m="2122" /><G133/><T49/><D134/><U26/><E26/><V104/><F104/><W56/><G67/><T27/><D66/><N who="1" m="39255" /><E131/><V121/><F42/><W55/><G55/><T57/><D27/><AGARI ba="0,0" hai="17,22,27,56,59" m="2122,11306,49259" machi="27" ten="30,7700,0" yaku="19,1,52,3" doraHai="1" who="3" fromWho="0" sc="219,-77,227,0,322,0,232,77" /><INIT seed="3,0,0,3,4,116" ten="142,227,322,309" oya="3" hai0="55,8,11,83,47,101,20,44,90,23,40,124,54" hai1="19,27,65,57,119,89,30,84,64,12,106,88,113" hai2="39,87,105,22,110,81,52,72,66,130,107,92,62" hai3="109,32,68,38,108,21,131,69,4,71,15,133,10"/><W132/><G32/><T63/><D101/><U48/><E106/><V100/><F39/><W18/><G38/><T86/><D124/><U0/><E0/><V121/><F110/><W77/><G131/><T99/><D99/><U37/><E37/><V91/><F130/><W60/><G60/><T43/><D63/><U111/><E111/><N who="3" m="42570" /><G77/><T16/><D83/><U42/><E113/><V36/><F36/><W70/><N who="3" m="17408" /><DORA hai="1" /><W76/><G76/><T26/><D86/><U117/><E89/><V78/><F66/><W127/><G127/><T28/><D90/><U58/><E27/><AGARI ba="0,0" hai="4,10,15,18,21,27,132,133" m="17408,42570" machi="27" ten="60,11600,0" yaku="14,1,10,1,52,1" doraHai="116,1" who="3" fromWho="1" sc="142,0,227,-116,322,0,309,116" /><INIT seed="3,1,0,0,0,64" ten="142,111,322,425" oya="3" hai0="56,126,118,113,107,8,55,89,24,91,67,32,27" hai1="51,21,66,105,83,102,95,94,106,20,119,5,2" hai2="37,26,90,80,120,54,100,41,72,4,108,52,57" hai3="59,132,35,61,46,97,44,28,78,22,122,79,11"/><W135/><G35/><T71/><D107/><U9/><E119/><V127/><F100/><W101/><G122/><T15/><D118/><U60/><E51/><V92/><F108/><W110/><G110/><T53/><D126/><U68/><E83/><V99/><F127/><W129/><G129/><T23/><D32/><U48/><E48/><V39/><F120/><W13/><G135/><T75/><D75/><U82/><E82/><V96/><F96/><W70/><G70/><T36/><D36/><U112/><E112/><V0/><F26/><W42/><G46/><T16/><D27/><U50/><E50/><V76/><F57/><W88/><G88/><N who="0" m="33867" /><D71/><U121/><E121/><V1/><F39/><W86/><G132/><T43/><D43/><U84/><E84/><V98/><F98/><W19/><G86/><T34/><D34/><U58/><E68/><V123/><F0/><W12/><G44/><T40/><D40/><U10/><E105/><V18/><F123/><W133/><G42/><T130/><D130/><U6/><E106/><V124/><F124/><W104/><G133/><T115/><D115/><U47/><E47/><N who="2" m="23983" /><F18/><W33/><G33/><T3/><D3/><U62/><E102/><V65/><F65/><W128/><G128/><T125/><D125/><U45/><E45/><V63/><F63/><W131/><G131/><T93/><D113/><U117/><E117/><V111/><F111/><W109/><G109/><T31/><D93/><U73/><E73/><V14/><F1/><W87/><G87/><T30/><D30/><U81/><E2/><V85/><F72/><RYUUKYOKU ba="1,0" sc="142,15,111,-15,322,15,425,-15" hai0="8,15,16,23,24,31,53,55,56,67" hai2="4,14,52,54,76,80,85,90,92,99" /><INIT seed="4,2,0,0,0,25" ten="157,96,337,410" oya="0" hai0="119,91,39,5,82,89,62,37,127,31,48,85,77" hai1="66,72,24,53,105,15,68,67,3,23,76,111,126" hai2="87,97,120,44,102,27,74,59,11,29,35,64,46" hai3="134,12,57,133,49,38,28,118,13,50,123,90,112"/><T135/><D119/><U17/><E111/><V51/><F74/><W20/><G38/><T8/><D135/><U86/><E105/><V22/><F120/><W30/><G112/><T32/><D127/><U7/><E72/><V9/><F35/><W63/><G123/><T129/><D129/><U79/><E126/><V21/><F21/><W19/><G118/><T131/><D131/><U55/><E3/><V98/><F87/><W33/><G33/><T4/><D62/><U81/><E76/><V88/><F102/><W41/><G13/><T99/><D48/><N who="3" m="18537" /><G41/><T110/><D110/><U101/><E101/><V61/><F46/><W128/><G128/><T65/><D65/><N who="1" m="24587" /><E68/><V14/><F88/><W0/><G0/><T45/><D45/><U16/><E7/><N who="2" m="3391" /><F11/><AGARI ba="2,0" hai="11,15,16,17,23,24,53,55,79,81,86" m="24587" machi="11" ten="30,2000,0" yaku="8,1,54,1" doraHai="25" who="1" fromWho="2" sc="157,0,96,26,337,-26,410,0" /><INIT seed="5,0,0,0,0,105" ten="157,122,311,410" oya="1" hai0="78,126,56,48,84,89,6,82,131,81,87,57,62" hai1="33,36,128,90,97,63,40,117,112,116,23,61,83" hai2="58,74,67,93,11,88,26,118,51,103,45,25,125" hai3="127,132,122,19,55,41,43,13,92,114,69,32,100"/><U29/><E33/><V73/><F118/><W134/><G32/><T76/><D131/><U27/><E112/><V47/><F103/><W80/><G122/><T72/><D126/><U20/><E128/><V135/><F11/><W44/><G127/><T24/><D6/><U120/><E120/><V17/><F125/><W95/><G69/><T79/><D24/><U28/><E36/><V119/><F119/><W37/><G114/><T86/><D48/><U30/><E40/><V21/><F26/><W102/><G43/><T7/><D7/><U115/><E115/><V113/><F113/><W71/><G71/><T52/><REACH who="0" step="1"/><D57/><REACH who="0" ten="147,122,311,410" step="2"/><U70/><E117/><V96/><F135/><W123/><G134/><T91/><D91/><U98/><E116/><V35/><F35/><W39/><G123/><T121/><D121/><U1/><E1/><V66/><F58/><W34/><G34/><T4/><D4/><U104/><E70/><V49/><F49/><W111/><G39/><T109/><D109/><U68/><E68/><V64/><REACH who="2" step="1"/><F47/><REACH who="2" ten="147,122,301,410" step="2"/><W77/><G44/><T59/><D59/><U8/><E27/><V130/><F130/><W106/><G37/><T108/><D108/><U0/><E29/><V42/><AGARI ba="0,2" hai="17,21,25,42,45,51,64,66,67,73,74,88,93,96" machi="42" ten="30,8000,1" yaku="1,1,0,1,52,2,54,1,53,0" doraHai="105" doraHaiUra="129" who="2" fromWho="2" sc="147,-20,122,-40,301,100,410,-20" /><INIT seed="6,0,0,3,2,39" ten="127,82,401,390" oya="2" hai0="95,103,12,130,115,44,48,30,112,134,74,62,80" hai1="31,59,124,28,1,133,101,92,17,100,126,84,83" hai2="49,104,121,24,58,88,41,65,79,71,16,27,26" hai3="73,87,72,43,54,63,114,93,51,76,129,61,5"/><V29/><F104/><W98/><G129/><T96/><D134/><U77/><E1/><V13/><F71/><W99/><G99/><T53/><D130/><U107/><E107/><V2/><F2/><W22/><G114/><T64/><D30/><U75/><E133/><V19/><F79/><W21/><G73/><T117/><D117/><U32/><E32/><V128/><F128/><W82/><G72/><T10/><D80/><U135/><E135/><V109/><F121/><W25/><G5/><T15/><D74/><U7/><E7/><V8/><F109/><W11/><G11/><T6/><REACH who="0" step="1"/><D15/><REACH who="0" ten="117,82,401,390" step="2"/><U23/><E75/><V127/><F29/><W94/><G82/><T97/><D97/><U120/><E120/><V111/><F13/><W0/><G98/><T33/><D33/><U42/><E28/><V60/><F111/><W45/><G0/><T125/><D125/><N who="1" m="48235" /><E31/><V90/><F127/><W85/><G85/><T119/><D119/><U3/><E3/><V14/><F19/><W116/><G87/><T86/><D86/><U38/><E92/><V37/><F16/><W66/><G94/><T113/><D113/><U36/><E100/><V34/><F34/><W4/><G93/><T131/><D131/><U40/><E101/><V118/><F118/><W110/><G116/><T70/><AGARI ba="0,1" hai="6,10,12,44,48,53,62,64,70,95,96,103,112,115" machi="70" ten="30,4000,0" yaku="1,1,0,1,53,1" doraHai="39" doraHaiUra="46" who="0" fromWho="0" sc="117,50,82,-10,401,-20,390,-10" /><INIT seed="7,0,0,1,3,134" ten="167,72,381,380" oya="3" hai0="124,102,62,43,60,132,59,19,16,87,129,40,68" hai1="58,22,2,11,56,78,35,1,119,125,80,100,113" hai2="36,67,123,96,101,29,88,49,110,10,83,38,23" hai3="42,93,85,77,12,6,79,37,76,90,44,75,82"/><W4/><G12/><T70/><D102/><U21/><E35/><V9/><F110/><W89/><REACH who="3" step="1"/><G75/><REACH who="3" ten="167,72,381,370" step="2"/><T18/><D132/><U52/><E119/><V117/><F117/><W99/><AGARI ba="0,1" hai="4,6,37,42,44,76,77,79,82,85,89,90,93,99" machi="99" ten="30,6000,0" yaku="1,1,2,1,0,1,53,0" doraHai="134" doraHaiUra="105" who="3" fromWho="3" sc="167,-20,72,-20,381,-20,370,70" owari="147,-25.0,52,-45.0,361,16.0,440,54.0" /></mjloggm>