<mjloggm ver="2.3"><GO type="169" lobby="0"/><UN n0="%E5%A8%98%E3%80%82" n1="%E5%B0%B1%E6%B4%BB%E7%94%9F%40%E5%B7%9D%E6%9D%91%E8%BB%8D%E5%9B%A3" n2="%E3%81%92%E3%81%A1%E3%81%87%E3%81%AA%30%34" n3="%E7%BE%8E%E3%81%97%E3%81%99%E3%81%8E%E3%82%8B%E7%88%86%E5%BC%BE%E5%B2%A9" dan="17,18,16,16" rate="2098.79,2264.15,2105.82,2120.51" sx="M,M,M,F"/><TAIKYOKU oya="0"/><INIT seed="0,0,0,4,2,27" ten="250,250,250,250" oya="0" hai0="65,119,3,12,41,62,38,39,112,97,98,25,124" hai1="107,63,94,35,8,102,127,1,43,20,22,90,81" hai2="45,70,134,117,101,71,2,96,72,13,100,9,115" hai3="66,0,11,86,132,42,88,10,36,49,47,104,69"/><T58/><D119/><U34/><E127/><V53/><F115/><W59/><G104/><T4/><D112/><U31/><E43/><V61/><F72/><W76/><G132/><T7/><D3/><U82/><E107/><V19/><F2/><W89/><G76/><T6/><D124/><U15/><E1/><V64/><F134/><W32/><G32/><T122/><D122/><U108/><E102/><V99/><F117/><W30/><G30/><T73/><D73/><U48/><E63/><V83/><F83/><W110/><G110/><T37/><D41/><U126/><E48/><V123/><F123/><W46/><G69/><T55/><D12/><U135/><E35/><V74/><F74/><W91/><G0/><T118/><D118/><U133/><E126/><V128/><F128/><W93/><G47/><T56/><REACH who="0" step="1"/><D25/><REACH who="0" ten="240,250,250,250" step="2"/><U130/><E133/><V21/><F13/><W23/><G42/><T77/><D77/><U18/><E135/><V95/><F71/><W125/><G125/><T121/><D121/><U113/><E113/><V105/><F70/><W85/><G36/><T79/><D79/><U120/><E120/><V60/><F105/><W106/><G106/><T87/><D87/><U14/><E130/><V75/><F75/><W84/><G84/><T28/><D28/><U44/><E31/><V24/><F24/><W16/><G86/><T111/><D111/><U5/><E108/><V92/><F99/><W68/><G68/><T50/><AGARI ba="0,1" hai="4,6,7,37,38,39,50,55,56,58,62,65,97,98" machi="50" ten="40,3900,0" yaku="1,1,0,1,53,0" doraHai="27" doraHaiUra="116" who="0" fromWho="0" sc="240,49,250,-13,250,-13,250,-13" /><INIT seed="0,1,0,4,4,110" ten="289,237,237,237" oya="0" hai0="133,118,66,48,100,93,63,10,34,43,96,6,84" hai1="104,29,20,57,62,128,127,91,61,95,24,25,90" hai2="81,32,102,69,36,113,89,8,112,74,33,39,119" hai3="38,30,1,40,115,17,58,56,82,65,35,123,101"/><T107/><D118/><U72/><E104/><V64/><F119/><W78/><G1/><T67/><D34/><N who="2" m="13418" /><F89/><W114/><G101/><T27/><D27/><U97/><E72/><V124/><F8/><W53/><G17/><T42/><D133/><U92/><E128/><V11/><F11/><W77/><G123/><T49/><D67/><U21/><E127/><V86/><F86/><W120/><G120/><T26/><D26/><U7/><E7/><V47/><F102/><W70/><G30/><T37/><D37/><N who="2" m="14410" /><F47/><N who="3" m="23959" /><G35/><T31/><D31/><U79/><E79/><N who="3" m="30218" /><G58/><N who="0" m="37239" /><D107/><U18/><REACH who="1" step="1"/><E57/><REACH who="1" ten="289,227,237,237" step="2"/><V117/><F124/><W51/><G82/><T134/><D6/><U50/><E50/><V3/><F117/><W121/><G121/><T87/><D49/><U54/><E54/><V108/><F108/><W85/><G85/><AGARI ba="1,1" hai="18,20,21,24,25,29,61,62,85,90,91,92,95,97" machi="85" ten="30,3900,0" yaku="1,1,7,1,8,1,53,0" doraHai="110" doraHaiUra="9" who="1" fromWho="3" sc="289,0,227,52,237,0,237,-42" /><INIT seed="1,0,0,5,5,93" ten="289,279,237,195" oya="1" hai0="81,28,126,26,5,10,45,47,55,9,25,98,92" hai1="16,85,131,111,119,48,133,116,88,56,27,60,76" hai2="129,120,2,18,78,107,31,79,101,7,34,24,46" hai3="22,106,51,117,42,4,53,83,19,62,14,49,108"/><U33/><E76/><V132/><F120/><W1/><G108/><T97/><D126/><U36/><E36/><V135/><F129/><W23/><G117/><T59/><D81/><U65/><E131/><V43/><F18/><W113/><G113/><T0/><D5/><U118/><E133/><N who="2" m="51275" /><F7/><W134/><G134/><T44/><D0/><U94/><E111/><V52/><F2/><W57/><G106/><T58/><D92/><U77/><E77/><V12/><F12/><W82/><G1/><T112/><D112/><U37/><E37/><N who="2" m="21871" /><F52/><W123/><G123/><T61/><D59/><U68/><E33/><V105/><F105/><W17/><G4/><T84/><D84/><U39/><E39/><V75/><F75/><W32/><G32/><T114/><D114/><U110/><E110/><V102/><F102/><W127/><G127/><T96/><REACH who="0" step="1"/><D26/><REACH who="0" ten="279,279,237,195" step="2"/><U124/><E124/><V121/><F121/><W99/><G99/><AGARI ba="0,1" hai="24,31,34,78,79,99,101,107" m="21871,51275" machi="99" ten="30,2000,0" yaku="20,1,52,1" doraHai="93" who="2" fromWho="3" sc="279,0,279,0,237,30,195,-20" /><INIT seed="2,0,0,5,3,54" ten="279,279,267,175" oya="2" hai0="17,78,39,101,117,32,67,87,83,82,124,80,132" hai1="24,98,5,91,42,16,45,57,69,40,134,26,63" hai2="35,93,34,79,19,104,55,114,38,46,89,84,65" hai3="3,106,73,20,41,77,60,22,128,4,23,56,58"/><V61/><F104/><W68/><G106/><T96/><D39/><U71/><E134/><V76/><F114/><W109/><G109/><T95/><D132/><U122/><E5/><V129/><F129/><W11/><G128/><T37/><D37/><U66/><E122/><V25/><F35/><W112/><G112/><T90/><D32/><U21/><E26/><V120/><F120/><W70/><G41/><T72/><D67/><U1/><E1/><V30/><F19/><W59/><REACH who="3" step="1"/><G60/><REACH who="3" ten="279,279,267,165" step="2"/><T14/><D117/><U27/><E42/><V52/><F38/><W116/><G116/><T33/><D124/><U64/><E64/><V118/><F118/><W48/><G48/><T10/><REACH who="0" step="1"/><D33/><REACH who="0" ten="269,279,267,165" step="2"/><U99/><E66/><V100/><F65/><W131/><G131/><T44/><D44/><U94/><E45/><V36/><F36/><W86/><G86/><T123/><D123/><U74/><E74/><V50/><F34/><W6/><G6/><T0/><D0/><U105/><E71/><V127/><F127/><W111/><G111/><T119/><D119/><U8/><E69/><V12/><F46/><W113/><G113/><T75/><D75/><U29/><E99/><V47/><F84/><W31/><G31/><T15/><D15/><U126/><E126/><V88/><F12/><W130/><G130/><T135/><D135/><U107/><E98/><N who="2" m="59471" /><F30/><W125/><G125/><T51/><D51/><U43/><E29/><V133/><F133/><W13/><G13/><T7/><D7/><U2/><E2/><V81/><F50/><W49/><G49/><T102/><D102/><RYUUKYOKU ba="0,2" sc="269,15,279,-15,267,-15,165,15" hai0="10,14,17,72,78,80,82,83,87,90,95,96,101" hai3="3,4,11,20,22,23,56,58,59,68,70,73,77" /><INIT seed="3,1,2,4,1,72" ten="284,264,252,180" oya="3" hai0="95,46,11,99,49,28,114,24,106,54,126,94,30" hai1="83,43,102,41,131,75,12,39,33,116,50,56,26" hai2="77,5,109,105,20,8,31,47,74,15,79,123,85" hai3="130,80,92,78,35,101,36,27,14,0,132,104,86"/><W21/><G0/><T81/><D126/><U112/><E39/><V40/><F105/><W29/><G36/><T25/><D106/><U48/><E112/><V128/><F74/><W88/><G132/><T122/><D122/><U89/><E131/><V16/><F128/><W7/><G130/><T70/><D70/><U45/><E102/><V59/><F109/><W69/><G69/><T60/><D114/><U57/><E12/><V110/><F110/><W67/><G67/><T127/><D127/><U97/><E97/><V133/><F133/><W73/><G7/><T107/><D107/><U76/><E89/><V118/><F118/><W82/><G82/><T135/><D135/><U103/><E103/><V64/><F31/><N who="0" m="11818" /><D60/><U1/><E1/><V115/><F115/><W117/><G117/><T17/><D81/><U129/><E129/><V9/><F85/><W4/><G4/><T23/><D11/><N who="2" m="4170" /><F5/><W125/><G125/><T84/><D84/><U6/><E6/><V58/><F123/><W55/><G55/><T22/><D99/><U3/><E3/><V10/><F10/><W62/><G62/><T124/><D124/><U61/><E116/><V119/><F119/><W90/><G90/><T68/><D68/><U2/><E2/><V34/><F34/><W108/><G108/><T42/><D42/><U100/><E100/><V121/><F121/><W19/><G104/><T91/><D91/><U71/><E71/><V63/><F59/><N who="1" m="22601" /><E61/><V38/><F38/><W96/><REACH who="3" step="1"/><G101/><REACH who="3" ten="284,264,252,170" step="2"/><T13/><D54/><N who="1" m="29967" /><E50/><N who="2" m="26983" /><F63/><W53/><G53/><T120/><D120/><U93/><E93/><RYUUKYOKU ba="1,3" sc="284,-30,264,10,252,10,170,10" hai1="26,33,41,43,75,76,83" hai2="15,16,20,58,64,77,79" hai3="14,19,21,27,29,35,73,78,80,86,88,92,96" /><INIT seed="3,2,3,5,5,107" ten="254,274,262,180" oya="3" hai0="73,17,116,15,119,103,109,68,113,50,18,105,12" hai1="80,82,95,47,54,40,134,10,78,27,81,8,132" hai2="44,6,133,46,11,58,130,22,53,1,112,65,74" hai3="41,131,98,94,67,48,101,70,89,52,64,66,5"/><W63/><G131/><T45/><D68/><U108/><E108/><V77/><F112/><W71/><G5/><T76/><D109/><U59/><E27/><V3/><F3/><W35/><G35/><T84/><D113/><U79/><E95/><V100/><F100/><W75/><G41/><T51/><D84/><U28/><E28/><V33/><F33/><W57/><G75/><T117/><D103/><U30/><E30/><V102/><F102/><W115/><G115/><T92/><D92/><U88/><E88/><V61/><F130/><W118/><G118/><T7/><D7/><U128/><E128/><V129/><F129/><W90/><REACH who="3" step="1"/><G67/><REACH who="3" ten="254,274,262,170" step="2"/><T24/><D119/><U127/><E79/><V93/><F65/><W106/><G106/><T91/><D76/><U37/><E78/><V20/><F74/><W122/><G122/><T86/><D73/><U49/><E127/><V114/><F77/><W23/><G23/><T62/><D105/><U121/><E121/><V125/><F114/><W60/><AGARI ba="2,4" hai="48,52,57,60,63,64,66,70,71,89,90,94,98,101" machi="60" ten="30,11700,0" yaku="1,1,0,1,9,1,54,1,53,0" doraHai="107" doraHaiUra="111" who="3" fromWho="3" sc="254,-41,274,-41,262,-41,170,163" /><INIT seed="3,3,0,1,2,108" ten="213,233,221,333" oya="3" hai0="6,103,121,110,68,50,55,25,36,9,118,51,72" hai1="37,52,64,29,38,116,54,78,102,47,111,19,49" hai2="114,95,89,18,4,100,65,42,34,128,91,60,132" hai3="0,39,1,41,77,115,35,99,119,10,71,90,123"/><W32/><G119/><T106/><D36/><U45/><E29/><V31/><F4/><W67/><G123/><T7/><D118/><U30/><E30/><V44/><F128/><W66/><G77/><T101/><D121/><U48/><E116/><V58/><F132/><W134/><G90/><T117/><D117/><U96/><E78/><V74/><F74/><W84/><G84/><T125/><D72/><U57/><E19/><V112/><F31/><W24/><G134/><T20/><D68/><U126/><E111/><V113/><F34/><W11/><G99/><T26/><D110/><U122/><E122/><V28/><F28/><W16/><G41/><T62/><D125/><U88/><E126/><V93/><F18/><W61/><G39/><T98/><D20/><U63/><REACH who="1" step="1"/><E88/><REACH who="1" ten="213,223,221,333" step="2"/><V92/><REACH who="2" step="1"/><F100/><REACH who="2" ten="213,223,211,333" step="2"/><W33/><G16/><T22/><D103/><U23/><E23/><V76/><F76/><W21/><G21/><T15/><D22/><U105/><AGARI ba="3,2" hai="37,38,45,47,48,49,52,54,57,63,64,96,102,105" machi="105" ten="20,8000,1" yaku="1,1,0,1,7,1,9,1,54,1,53,0" doraHai="108" doraHaiUra="124" who="1" fromWho="1" sc="213,-23,223,109,211,-23,333,-43" /><INIT seed="4,0,0,1,0,122" ten="190,332,188,290" oya="0" hai0="29,118,3,43,97,22,60,107,116,78,49,64,90" hai1="130,25,94,28,114,102,52,9,6,95,125,67,85" hai2="77,51,120,55,106,1,8,30,92,13,23,127,74" hai3="105,16,81,2,68,14,108,86,50,54,19,134,112"/><T133/><D3/><U53/><E125/><V117/><F106/><W21/><G2/><T73/><D133/><U27/><E67/><V18/><F120/><W82/><G134/><T87/><D29/><U35/><E130/><V65/><F127/><W47/><G68/><T45/><D22/><U39/><E39/><V75/><F65/><W10/><G105/><T40/><D40/><U93/><E114/><V103/><F117/><W124/><G124/><T101/><D78/><U48/><E27/><V126/><F126/><W123/><G112/><T135/><D73/><U41/><E102/><V110/><F77/><W34/><G123/><T44/><D44/><U98/><E98/><V36/><F36/><W121/><G121/><T128/><D128/><U46/><REACH who="1" step="1"/><E85/><REACH who="1" ten="190,322,188,290" step="2"/><V131/><F131/><W7/><G86/><T62/><D135/><U12/><AGARI ba="0,1" hai="6,9,12,25,28,35,41,46,48,52,53,93,94,95" machi="12" ten="30,7900,0" yaku="1,1,2,1,0,1,54,1,53,0" doraHai="122" doraHaiUra="15" who="1" fromWho="1" sc="190,-39,322,89,188,-20,290,-20" /><INIT seed="5,0,0,2,2,19" ten="151,411,168,270" oya="1" hai0="14,101,12,124,91,45,67,54,102,85,128,35,96" hai1="36,3,88,126,115,26,49,133,53,105,50,106,77" hai2="28,22,131,2,42,73,109,119,103,21,6,24,84" hai3="111,89,17,90,92,97,15,123,51,64,99,4,11"/><U114/><E36/><V117/><F73/><W63/><G123/><T79/><D35/><U135/><E3/><V82/><F103/><W70/><G111/><T58/><D124/><U78/><E26/><V75/><F75/><W18/><G51/><N who="1" m="19466" /><E53/><V32/><F109/><W46/><G46/><T68/><D128/><U8/><E8/><V1/><F42/><W33/><G33/><T31/><D31/><U20/><E20/><V125/><F125/><W130/><G130/><T52/><D45/><U34/><E88/><V30/><F131/><W107/><G107/><N who="1" m="40970" /><E34/><V39/><F39/><W129/><G129/><T127/><D127/><U83/><E83/><V121/><F121/><W29/><G29/><T10/><D79/><N who="1" m="30219" /><E126/><V65/><F65/><W71/><G71/><T94/><D68/><U66/><E66/><V118/><F32/><W112/><G90/><T93/><D102/><U113/><AGARI ba="0,0" hai="113,114,115,133,135" m="30219,40970,19466" machi="113" ten="40,7800,0" yaku="28,2,15,1" doraHai="19" who="1" fromWho="1" sc="151,-26,411,78,168,-26,270,-26" /><INIT seed="5,1,0,1,5,83" ten="125,489,142,244" oya="1" hai0="100,74,19,7,17,112,114,37,64,6,119,71,26" hai1="109,69,43,54,14,75,95,108,96,52,116,36,12" hai2="111,101,92,91,44,32,82,79,68,94,97,61,45" hai3="28,57,50,55,4,42,13,21,48,90,25,67,63"/><U103/><E75/><V16/><F32/><W22/><G42/><T29/><D74/><U127/><E69/><V89/><F111/><N who="1" m="42569" /><E116/><V9/><F68/><W123/><G123/><T31/><D37/><U133/><E133/><V128/><F61/><W110/><G110/><T39/><D39/><U86/><E127/><V0/><F128/><W11/><G67/><T33/><D100/><U126/><E43/><V118/><F118/><W24/><REACH who="3" step="1"/><G90/><REACH who="3" ten="125,489,142,234" step="2"/><T38/><D38/><U62/><E36/><V59/><F91/><W120/><G120/><T27/><D64/><U84/><E126/><V115/><F89/><W87/><G87/><N who="1" m="33322" /><E54/><V72/><F79/><W121/><G121/><T15/><D119/><U93/><E93/><V70/><F94/><W122/><G122/><T53/><D53/><U56/><AGARI ba="1,1" hai="12,14,52,56,62,95,96,103" m="33322,42569" machi="56" ten="30,12000,1" yaku="10,1,52,3,54,1" doraHai="83" who="1" fromWho="1" sc="125,-41,489,133,142,-41,234,-41" /><INIT seed="5,2,0,3,2,54" ten="84,622,101,193" oya="1" hai0="84,113,1,24,121,48,57,86,53,17,29,71,19" hai1="83,115,119,18,130,3,89,79,63,76,38,131,37" hai2="52,25,45,6,133,72,15,2,30,43,109,55,61" hai3="92,87,97,23,70,103,35,64,111,28,90,5,108"/><U81/><E119/><V67/><F72/><W69/><G5/><T7/><D71/><U22/><E3/><V105/><F109/><W49/><G23/><T50/><D113/><U36/><E115/><V101/><F2/><W132/><G132/><T0/><D121/><U126/><E126/><V104/><F133/><W96/><G96/><T60/><D7/><U93/><E63/><V118/><F118/><W44/><G69/><T80/><D0/><U88/><E93/><V74/><F74/><W107/><G49/><N who="0" m="19051" /><D1/><U9/><E9/><V33/><F43/><W34/><G44/><T56/><D86/><U27/><E83/><V12/><F45/><W41/><G34/><T134/><D134/><U66/><E66/><V117/><F117/><W124/><G41/><T94/><D94/><U102/><E102/><V10/><F12/><W91/><G91/><T129/><D129/><N who="1" m="49163" /><E76/><V58/><REACH who="2" step="1"/><F105/><REACH who="2" ten="84,622,91,193" step="2"/><W20/><G107/><T16/><D24/><U31/><E31/><V120/><F120/><W47/><G28/><T116/><D116/><U77/><E77/><V26/><F26/><W73/><G47/><T127/><D29/><U99/><E79/><V75/><F75/><W68/><G73/><T82/><D127/><U39/><E39/><V110/><F110/><W42/><G124/><T59/><D80/><U135/><E81/><V85/><F85/><W123/><G111/><T78/><AGARI ba="2,1" hai="16,17,19,53,56,57,59,60,78,82,84" m="19051" machi="78" ten="30,8000,1" yaku="8,1,52,3,54,1" doraHai="54" who="0" fromWho="0" sc="84,96,622,-42,91,-22,193,-22" /><INIT seed="6,0,0,4,5,68" ten="180,580,69,171" oya="2" hai0="2,121,109,31,49,41,59,106,80,117,123,16,119" hai1="29,101,18,21,26,122,67,24,55,62,50,133,9" hai2="58,132,7,66,69,100,79,5,47,71,73,51,53" hai3="64,76,102,86,43,120,72,131,38,113,107,20,75"/><V108/><F100/><W14/><G120/><T115/><D106/><U83/><E122/><V134/><F79/><W61/><G131/><T15/><D2/><U60/><E133/><N who="2" m="51307" /><F73/><W46/><G113/><T126/><D126/><U13/><E101/><V128/><F128/><W3/><G3/><T42/><D109/><U17/><E83/><V48/><F108/><W135/><G135/><T56/><D115/><U127/><E127/><V10/><F7/><W92/><G107/><T90/><D31/><U91/><E91/><V52/><F66/><W94/><G94/><T70/><D70/><U130/><E130/><V34/><F34/><W111/><G111/><T98/><D123/><U27/><E67/><V95/><F95/><W88/><G102/><T6/><D6/><U124/><E124/><V82/><F82/><W81/><G20/><N who="0" m="11295" /><D121/><U129/><E129/><V39/><F39/><W99/><G14/><AGARI ba="0,0" hai="5,10,14,47,48,51,52,53,58,69,71" m="51307" machi="14" ten="30,2900,0" yaku="20,1,54,1" doraHai="68" who="2" fromWho="3" sc="180,0,580,0,69,29,171,-29" /><INIT seed="6,1,0,3,4,99" ten="180,580,98,142" oya="2" hai0="82,56,127,101,33,80,102,31,26,107,92,58,28" hai1="88,119,95,24,18,20,70,89,68,77,113,38,55" hai2="120,51,97,16,45,130,41,103,84,21,60,8,19" hai3="30,71,63,78,49,69,134,47,2,9,14,53,25"/><V135/><F120/><W35/><G134/><T48/><D127/><U4/><E119/><V124/><F135/><W66/><G2/><T116/><D116/><U121/><E38/><V40/><F124/><W54/><G78/><T12/><D107/><U106/><E106/><V10/><F130/><W81/><G81/><T86/><D12/><U96/><E121/><V90/><F41/><W7/><G71/><T15/><D15/><U94/><E113/><V34/><F34/><W93/><G93/><T122/><D122/><U61/><E4/><V87/><F60/><W50/><G50/><T115/><D115/><U109/><E77/><V126/><F126/><W132/><G132/><T22/><D33/><U123/><E123/><V83/><F87/><W104/><G104/><T5/><D5/><U29/><E109/><V11/><REACH who="2" step="1"/><F21/><REACH who="2" ten="180,580,88,142" step="2"/><W62/><G62/><T67/><D86/><N who="1" m="52503" /><E70/><V0/><F0/><W52/><AGARI ba="1,1" hai="7,9,14,25,30,35,47,49,52,53,54,63,66,69" machi="52" ten="20,2700,0" yaku="0,1,7,1,54,1" doraHai="99" who="3" fromWho="3" sc="180,-8,580,-8,88,-14,142,40" /><INIT seed="7,0,0,2,3,1" ten="172,572,74,182" oya="3" hai0="29,21,16,30,34,121,82,61,0,131,71,25,127" hai1="23,60,55,80,2,130,109,78,38,120,48,19,56" hai2="42,40,106,67,49,7,116,68,13,95,75,122,129" hai3="73,32,101,100,37,134,24,118,123,27,54,47,50"/><W41/><G118/><T18/><D121/><U98/><E38/><V77/><F106/><W45/><G123/><T52/><D0/><U51/><E2/><V132/><F122/><W91/><G73/><T31/><D127/><U63/><E109/><V74/><F116/><W125/><G125/><T96/><D131/><U12/><E130/><V72/><F129/><W90/><G134/><T99/><D82/><U53/><E98/><N who="0" m="37417" /><D71/><U62/><E120/><V89/><F132/><W26/><REACH who="3" step="1"/><G32/><REACH who="3" ten="172,572,74,172" step="2"/><T64/><D34/><U114/><E114/><V65/><F75/><W46/><G46/><T97/><D97/><U76/><E80/><V15/><F74/><W17/><G17/><T94/><D18/><U113/><E113/><V59/><F72/><W36/><G36/><T9/><D16/><U39/><E39/><V66/><F68/><W107/><G107/><T92/><D31/><U128/><E128/><V8/><F66/><W84/><G84/><T112/><D30/><U102/><E102/><AGARI ba="0,1" hai="24,26,27,37,41,45,47,50,54,90,91,100,101,102" machi="102" ten="40,7700,0" yaku="1,1,53,2" doraHai="1" doraHaiUra="43" who="3" fromWho="1" sc="172,0,572,-77,74,0,172,87" /><INIT seed="7,1,0,2,2,11" ten="172,495,74,259" oya="3" hai0="6,80,1,12,62,112,10,66,113,7,102,41,81" hai1="92,125,84,68,97,58,108,43,53,49,77,85,31" hai2="27,52,46,93,74,82,37,124,64,114,134,20,75" hai3="45,40,127,30,47,13,118,61,88,94,115,5,131"/><W133/><G118/><T111/><D111/><U8/><E68/><V104/><F104/><W19/><G115/><N who="0" m="44107" /><D41/><U107/><E107/><V65/><F114/><W121/><G121/><T32/><D32/><U119/><E108/><V29/><F134/><W33/><G133/><T86/><D102/><U25/><E125/><V109/><F124/><W91/><G127/><T90/><D1/><U34/><E119/><V128/><F109/><W67/><G131/><T16/><D81/><U71/><E71/><V38/><F128/><W69/><G5/><T129/><D129/><U24/><E24/><V70/><F37/><W73/><G73/><T56/><AGARI ba="1,0" hai="6,7,10,12,16,56,62,66,80,86,90" m="44107" machi="56" ten="30,7900,0" yaku="15,1,11,1,52,1,54,1" doraHai="11" who="0" fromWho="0" sc="172,82,495,-21,74,-21,259,-40" owari="254,5.0,474,58.0,53,-45.0,219,-18.0" /></mjloggm>