<mjloggm ver="2.3"><GO type="169" lobby="0"/><UN n0="%E4%B8%80%E8%93%AE%E5%B3%BB%E6%BD%A4" n1="%75%6C%61%73%75" n2="%E3%82%A6%E3%83%AB%E3%83%88%E3%83%A9%E7%AB%8B%E7%9B%B4" n3="%E3%81%99%E3%81%BF%E3%82%84%E3%81%AB" dan="19,16,18,18" rate="2231.40,2122.02,2244.03,2211.34" sx="M,M,M,M"/><TAIKYOKU oya="0"/><INIT seed="0,0,0,5,1,102" ten="250,250,250,250" oya="0" hai0="71,26,32,117,59,74,129,9,3,83,65,88,54" hai1="45,29,77,103,20,36,48,33,85,40,114,21,108" hai2="56,46,73,104,30,14,68,22,91,118,18,67,41" hai3="80,119,95,92,120,28,113,90,122,64,112,60,84"/><T75/><D117/><U63/><E108/><V42/><F68/><W37/><G37/><T6/><D129/><U4/><E114/><V76/><F118/><W52/><G28/><T55/><D71/><U5/><E33/><V17/><F30/><W38/><G38/><T11/><D32/><U62/><E103/><V99/><F76/><W34/><G34/><T86/><D26/><N who="1" m="16583" /><E36/><V116/><F73/><W105/><G119/><T94/><D11/><U1/><E1/><V89/><F116/><W44/><G64/><T111/><D111/><U57/><E62/><V124/><F124/><W19/><G19/><T130/><D130/><U126/><E126/><V134/><F134/><W50/><G60/><T53/><D65/><N who="1" m="39151" /><E21/><V115/><F115/><W128/><G128/><T81/><REACH who="0" step="1"/><D59/><REACH who="0" ten="240,250,250,250" step="2"/><U47/><E45/><V133/><F46/><W43/><G113/><T132/><D132/><U96/><E47/><V82/><F56/><W39/><G112/><T24/><D24/><U35/><E35/><V123/><F67/><W27/><G27/><T70/><D70/><U23/><E23/><V87/><F133/><W135/><G135/><T31/><D31/><U51/><E4/><V69/><F69/><W101/><G39/><T109/><D109/><U12/><E5/><V93/><F18/><W127/><G127/><T58/><D58/><U100/><E12/><V79/><F14/><W61/><G61/><T121/><D121/><U98/><E48/><V110/><F17/><W125/><G125/><T2/><D2/><U16/><E51/><V0/><F110/><W13/><G44/><RYUUKYOKU ba="0,1" sc="240,30,250,-10,250,-10,250,-10" hai0="3,6,9,53,54,55,74,75,81,83,86,88,94" /><INIT seed="0,1,1,5,5,17" ten="270,240,240,240" oya="0" hai0="124,38,95,78,39,28,77,126,132,90,72,116,41" hai1="87,123,81,2,114,1,14,112,10,100,16,19,67" hai2="88,68,26,85,66,96,57,37,31,101,8,107,55" hai3="47,93,60,11,18,48,74,121,97,106,52,84,62"/><T9/><D116/><U34/><E123/><V86/><F37/><W65/><G74/><T98/><D132/><U44/><E67/><V15/><F88/><N who="3" m="53383" /><G106/><T76/><D72/><U127/><E100/><V79/><F79/><W4/><G121/><T32/><D9/><U21/><E34/><V20/><F66/><W91/><G4/><T61/><D61/><U0/><E44/><V108/><F68/><W27/><G65/><T117/><D117/><U35/><E35/><V134/><F108/><W111/><G111/><T30/><D32/><U102/><E102/><V109/><F109/><W63/><G11/><T130/><D130/><U46/><E46/><V133/><F133/><W33/><G33/><T89/><D41/><U3/><E127/><N who="0" m="48681" /><D90/><N who="1" m="51567" /><E3/><V70/><F70/><W103/><G103/><T113/><D113/><N who="1" m="43627" /><E0/><V64/><F64/><W115/><G115/><T105/><D105/><U75/><E75/><V45/><F134/><W40/><G40/><T135/><D135/><U50/><E50/><V5/><REACH who="2" step="1"/><F45/><REACH who="2" ten="270,240,230,240" step="2"/><W92/><G63/><AGARI ba="1,2" hai="5,8,15,20,26,31,55,57,63,85,86,96,101,107" machi="63" ten="30,12000,2" yaku="1,1,2,1,7,1,52,1,53,2" doraHai="17" doraHaiUra="80" who="2" fromWho="3" sc="270,0,240,0,230,143,240,-123" /><INIT seed="1,0,0,1,3,134" ten="270,240,373,117" oya="1" hai0="36,118,76,77,100,18,58,74,44,32,65,50,13" hai1="68,52,83,131,2,119,99,22,12,23,53,85,59" hai2="87,16,20,91,132,9,61,38,104,66,128,127,120" hai3="6,81,80,46,121,24,47,73,94,49,109,15,64"/><U7/><E68/><V70/><F120/><W43/><G121/><T48/><D118/><U110/><E119/><V54/><F104/><W63/><G109/><T67/><D32/><U108/><E2/><V88/><F38/><W69/><G73/><T129/><D129/><U86/><E131/><V135/><F128/><W117/><G117/><T93/><D36/><U8/><E99/><V96/><F9/><W11/><G24/><T41/><D74/><U25/><E86/><V4/><F4/><W29/><G29/><T105/><D105/><U40/><E40/><V115/><F115/><W82/><G94/><T19/><D19/><U17/><E23/><V56/><F96/><W124/><REACH who="3" step="1"/><G47/><REACH who="3" ten="270,240,373,107" step="2"/><T21/><D93/><U3/><E25/><V123/><F123/><W92/><G92/><T42/><D44/><U72/><E72/><V14/><F135/><W62/><G62/><T34/><D100/><U98/><E110/><V27/><F27/><W37/><G37/><T33/><D33/><U5/><E108/><V106/><F106/><W0/><G0/><T90/><D34/><U30/><E30/><V78/><F132/><W95/><G95/><T113/><D113/><U103/><E98/><V102/><F102/><W122/><G122/><T130/><D130/><U89/><E103/><V10/><F61/><W107/><G107/><T57/><D13/><U116/><E116/><V39/><F14/><W125/><AGARI ba="0,1" hai="6,11,15,43,46,49,63,64,69,80,81,82,124,125" machi="125" ten="30,7900,0" yaku="1,1,0,1,52,2,53,0" doraHai="134" doraHaiUra="31" who="3" fromWho="3" sc="270,-20,240,-39,373,-20,107,89" /><INIT seed="2,0,0,1,2,113" ten="250,201,353,196" oya="2" hai0="48,115,77,74,32,132,46,91,7,106,25,55,78" hai1="22,10,6,128,118,52,122,84,61,90,93,87,63" hai2="5,30,124,62,131,66,94,95,102,127,17,29,71" hai3="15,98,79,12,37,31,92,67,73,9,114,8,126"/><V1/><F1/><W45/><G114/><T105/><D115/><U96/><E122/><V4/><F17/><W65/><G126/><N who="2" m="48169" /><F131/><W26/><G79/><T129/><D132/><U117/><E128/><V60/><F60/><W134/><G73/><T100/><D74/><U0/><E22/><V59/><F71/><W51/><G37/><T83/><D7/><N who="2" m="2634" /><F102/><W20/><G134/><T24/><D100/><U56/><REACH who="1" step="1"/><E61/><REACH who="1" ten="250,191,353,196" step="2"/><V108/><F108/><W99/><G9/><T43/><D129/><U125/><E125/><V72/><F72/><W41/><G8/><T39/><D32/><U16/><E16/><V49/><F49/><W101/><G99/><T19/><D19/><U47/><E47/><V112/><F112/><W57/><G57/><T70/><D48/><U107/><E107/><V28/><AGARI ba="0,1" hai="28,29,30,59,62,66,94,95" m="2634,48169" machi="28" ten="40,2100,0" yaku="18,1" doraHai="113" who="2" fromWho="2" sc="250,-7,191,-7,353,31,196,-7" /><INIT seed="2,1,0,5,5,1" ten="243,184,384,189" oya="2" hai0="44,8,106,78,118,98,57,70,61,33,109,89,47" hai1="117,14,74,108,64,45,102,21,67,63,24,41,120" hai2="77,105,86,112,23,121,39,17,95,18,107,122,81" hai3="38,59,65,46,97,51,54,91,76,43,71,28,35"/><V135/><F112/><W31/><G35/><T104/><D33/><U83/><E108/><V15/><F39/><W58/><G58/><T5/><D70/><U126/><E126/><V87/><F135/><W127/><G127/><T134/><D78/><U113/><E113/><V7/><F7/><W101/><G76/><T11/><D109/><U4/><E102/><V16/><F18/><W125/><G91/><T115/><D118/><U20/><E83/><V103/><F17/><W66/><G66/><T129/><D129/><U6/><E74/><V82/><F95/><W32/><G32/><T34/><D34/><U62/><E14/><V72/><F72/><W130/><G130/><T90/><D134/><U68/><E117/><V114/><F114/><W94/><REACH who="3" step="1"/><G125/><REACH who="3" ten="243,184,384,179" step="2"/><T69/><D90/><U36/><E120/><V27/><F122/><W131/><G131/><T84/><D89/><U93/><E93/><V37/><F121/><W22/><G22/><T10/><D115/><U40/><E21/><V85/><F77/><W88/><G88/><T13/><D57/><U133/><E133/><V92/><F81/><W124/><G124/><T26/><D106/><U9/><E67/><V73/><F107/><W75/><G75/><T30/><D104/><U128/><E20/><N who="2" m="11295" /><F105/><W19/><G19/><T56/><D69/><U25/><E68/><V12/><F73/><W48/><G48/><T55/><D56/><U96/><E128/><V2/><F82/><W42/><G42/><T100/><D100/><U132/><E132/><V119/><F103/><W49/><G49/><T52/><D26/><RYUUKYOKU ba="1,1" sc="243,-10,184,-10,384,-10,179,30" hai3="28,31,38,43,46,51,54,59,65,71,94,97,101" /><INIT seed="3,2,1,3,5,93" ten="233,174,374,209" oya="3" hai0="13,90,117,8,33,3,64,83,121,51,70,35,84" hai1="82,25,78,10,27,22,123,74,104,91,32,4,48" hai2="11,30,28,62,43,80,86,113,19,12,59,57,16" hai3="79,54,107,21,92,112,14,55,38,115,42,129,36"/><W94/><G107/><T39/><D117/><U134/><E134/><V131/><F113/><W103/><G79/><T122/><D39/><U99/><E123/><V71/><F71/><W45/><G129/><T66/><D3/><U44/><E32/><V61/><F43/><W100/><G14/><T102/><D35/><U50/><E44/><V85/><F131/><W58/><G21/><T127/><D33/><U120/><E120/><V1/><F1/><W69/><G69/><T60/><D66/><U53/><E53/><N who="2" m="33967" /><F19/><W18/><G18/><T72/><D127/><U132/><E132/><V118/><F118/><W23/><G23/><T0/><D0/><U41/><E41/><V110/><F110/><W106/><G106/><T76/><D51/><U108/><E108/><V98/><F98/><W40/><G58/><T52/><D52/><U105/><E105/><V101/><F101/><W124/><REACH who="3" step="1"/><G45/><REACH who="3" ten="233,174,374,199" step="2"/><T116/><D116/><U63/><E104/><V77/><F16/><W31/><G31/><T15/><D122/><U68/><E68/><V34/><F34/><W6/><G6/><T20/><D121/><U7/><E4/><V97/><F12/><W37/><G37/><T125/><D15/><U135/><E7/><V56/><F30/><W75/><G75/><T17/><D20/><U111/><E74/><V133/><F28/><W95/><G95/><N who="0" m="54727" /><D125/><AGARI ba="2,2" hai="36,38,40,42,54,55,92,94,100,103,112,115,124,125" machi="125" ten="25,4800,0" yaku="1,1,22,2,53,0" doraHai="93" doraHaiUra="2" who="3" fromWho="0" sc="233,-54,174,0,374,0,199,74" /><INIT seed="3,3,0,0,2,57" ten="179,174,374,273" oya="3" hai0="2,16,0,24,111,89,101,6,9,74,118,72,122" hai1="66,108,46,41,18,98,36,54,25,123,48,102,87" hai2="53,4,124,132,81,117,22,104,44,115,50,127,3" hai3="38,51,30,79,126,49,95,106,63,91,60,121,26"/><W47/><G106/><T83/><D118/><U64/><E108/><V113/><F104/><W109/><G121/><T135/><D122/><U129/><E129/><V93/><F117/><W43/><G126/><N who="2" m="48169" /><F132/><W27/><G79/><T134/><D111/><U33/><E87/><V20/><F81/><W75/><G75/><T10/><D101/><U61/><E123/><V14/><F93/><W99/><G109/><T120/><D120/><U133/><E133/><N who="0" m="50697" /><D2/><U45/><E33/><V90/><F90/><W97/><G38/><T103/><D103/><U28/><E28/><V39/><F39/><W94/><G51/><T80/><D80/><U11/><E61/><N who="3" m="23626" /><G30/><T77/><D89/><AGARI ba="3,0" hai="26,27,43,47,49,89,91,94,95,97,99" m="23626" machi="89" ten="30,11600,0" yaku="8,1,52,3" doraHai="57" who="3" fromWho="0" sc="179,-125,174,0,374,0,273,125" /><INIT seed="3,4,0,3,1,76" ten="54,174,374,398" oya="3" hai0="114,18,121,54,123,48,88,81,104,45,77,31,79" hai1="1,110,127,74,82,93,22,52,126,17,38,62,107" hai2="90,130,43,117,96,71,120,99,37,113,95,108,61" hai3="63,4,59,15,89,87,135,51,50,85,24,105,8"/><W7/><G105/><T78/><D104/><U3/><E107/><V128/><F117/><W6/><G135/><T119/><D119/><U83/><E38/><V94/><F113/><W91/><G24/><T44/><D114/><U70/><E110/><V72/><F72/><W29/><G29/><T5/><D31/><U41/><E41/><V97/><F108/><W64/><G85/><N who="0" m="50223" /><D121/><U21/><E74/><V57/><F71/><W133/><G91/><T30/><D123/><U106/><E106/><V9/><F9/><W35/><G35/><T39/><D39/><U11/><E93/><V116/><F116/><W28/><G28/><T19/><D30/><U68/><E11/><V109/><F109/><W129/><G133/><T32/><D32/><U125/><E21/><V16/><F120/><W46/><G129/><T13/><D45/><U66/><E52/><V58/><F37/><W67/><G64/><T118/><D118/><U0/><REACH who="1" step="1"/><E68/><REACH who="1" ten="54,164,374,398" step="2"/><V36/><F36/><W131/><G131/><T84/><D84/><U132/><E132/><V23/><F130/><W26/><G87/><T134/><D134/><U112/><E112/><V86/><F128/><W80/><G46/><T33/><D33/><U42/><E42/><V102/><F43/><W60/><G59/><T40/><D40/><U49/><E49/><V75/><F75/><W98/><G51/><T73/><D73/><U34/><E34/><V12/><F57/><W111/><G50/><T56/><D44/><U2/><N who="1" m="0" /><DORA hai="55" /><U27/><AGARI ba="4,1" hai="17,22,27,62,66,70,82,83,125,126,127" m="0" machi="27" ten="70,16000,3" yaku="1,1,4,1,0,1,18,1,52,2,53,2" doraHai="76,55" doraHaiUra="20,14" who="1" fromWho="1" sc="54,-44,164,182,374,-44,398,-84" /><INIT seed="4,0,0,2,2,128" ten="10,346,330,314" oya="0" hai0="4,117,132,86,21,76,133,109,12,42,89,95,75" hai1="47,31,126,97,11,85,53,90,87,52,57,25,15" hai2="50,1,59,130,100,72,17,29,62,69,10,24,37" hai3="116,96,111,66,84,127,70,22,102,113,73,16,46"/><T119/><D42/><U121/><E126/><V20/><F37/><W80/><G111/><T61/><D109/><U91/><E121/><V77/><F130/><W114/><G116/><T28/><D61/><N who="1" m="36007" /><E25/><V131/><F131/><W101/><G73/><T2/><D2/><U92/><E31/><V110/><F110/><W3/><G3/><T64/><D64/><U125/><E125/><V45/><F69/><W40/><G70/><T48/><D48/><N who="1" m="28831" /><E91/><V123/><F123/><W19/><G66/><T9/><D28/><U39/><E39/><V60/><F100/><W33/><G33/><T36/><D36/><U118/><E118/><V51/><F59/><W34/><G34/><T93/><D21/><U82/><E82/><V63/><F45/><W56/><G56/><T54/><D54/><U35/><E35/><V68/><F68/><W49/><G127/><T98/><D75/><U107/><E107/><V44/><F44/><W26/><G102/><N who="0" m="60751" /><D76/><U105/><E105/><V112/><F77/><W106/><G22/><T74/><D74/><U67/><E67/><V94/><F72/><W124/><G124/><T8/><D8/><U81/><E81/><V32/><F32/><W30/><G30/><T99/><D86/><U27/><E27/><V43/><F43/><W135/><G26/><T58/><D58/><U18/><AGARI ba="0,0" hai="11,15,18,85,87,90,92,97" m="28831,36007" machi="18" ten="30,2000,0" yaku="8,1,54,1" doraHai="128" who="1" fromWho="1" sc="10,-10,346,20,330,-5,314,-5" /><INIT seed="5,0,0,5,5,1" ten="0,366,325,309" oya="1" hai0="64,58,17,56,5,114,123,10,107,131,109,41,112" hai1="22,33,35,108,15,26,128,91,46,85,92,14,83" hai2="88,69,77,125,37,66,106,27,52,16,89,90,4" hai3="116,63,122,13,43,70,71,99,111,93,95,21,117"/><U113/><E128/><V74/><F37/><W39/><G111/><T0/><D109/><U133/><E108/><V42/><F106/><W80/><G122/><T119/><D119/><U81/><E133/><V127/><F42/><W40/><G80/><N who="1" m="30794" /><E33/><V38/><F38/><W45/><G43/><T103/><D123/><U79/><E35/><V28/><F77/><W19/><G95/><T59/><D131/><U24/><E113/><N who="0" m="43625" /><D41/><U11/><E79/><V29/><F74/><W51/><G39/><T18/><D64/><U30/><E46/><V86/><F86/><W34/><G34/><T94/><D107/><U121/><E121/><V130/><F130/><W57/><G116/><T135/><D135/><U60/><E60/><N who="2" m="40135" /><F4/><W50/><G117/><T82/><D82/><U104/><E104/><V23/><F52/><W55/><REACH who="3" step="1"/><G63/><REACH who="3" ten="0,366,325,299" step="2"/><T96/><AGARI ba="0,1" hai="0,5,10,17,18,56,58,59,94,96,103" m="43625" machi="96" ten="40,2700,0" yaku="15,1,52,1" doraHai="1" who="0" fromWho="0" sc="0,37,366,-13,325,-7,299,-7" /><INIT seed="6,0,0,4,4,127" ten="37,353,318,292" oya="2" hai0="130,108,116,41,114,26,70,131,69,88,50,111,95" hai1="40,36,16,12,29,60,103,82,47,54,117,38,15" hai2="134,4,39,1,102,13,23,49,72,135,107,28,8" hai3="56,30,0,20,74,86,34,35,2,51,101,81,94"/><V85/><F72/><W62/><G74/><T106/><D106/><U7/><E38/><V22/><F39/><W109/><G109/><T115/><D26/><U3/><E103/><V31/><F107/><W11/><G35/><T124/><D41/><U67/><E29/><N who="2" m="11339" /><F102/><W112/><G34/><T55/><D95/><U122/><E54/><V71/><F71/><N who="0" m="27146" /><D88/><U91/><E117/><V99/><F99/><W133/><G94/><T76/><D76/><U63/><E67/><V42/><F85/><W24/><G101/><T57/><D116/><U77/><E91/><V129/><F49/><W6/><G86/><T59/><D124/><U105/><E105/><V14/><F42/><W33/><G33/><T128/><D57/><U73/><E15/><N who="2" m="5643" /><F129/><N who="0" m="33026" /><T10/><DORA hai="53" /><D10/><N who="1" m="2431" /><E122/><V123/><F123/><W93/><G11/><AGARI ba="0,0" hai="11,12,16,36,40,47,60,63,73,77,82" m="2431" machi="11" ten="30,2000,0" yaku="25,1,54,1" doraHai="127,53" who="1" fromWho="3" sc="37,0,353,20,318,0,292,-20" /><INIT seed="7,0,0,5,1,57" ten="37,373,318,272" oya="3" hai0="112,58,13,79,27,29,60,100,91,74,45,97,54" hai1="81,0,61,10,23,113,34,123,117,124,44,31,129" hai2="131,93,94,55,26,90,78,114,122,115,111,104,88" hai3="19,87,22,40,52,24,102,135,21,72,62,125,132"/><W42/><G72/><T82/><D112/><N who="2" m="43050" /><F111/><W99/><G87/><T28/><D13/><U53/><E31/><V126/><F104/><W6/><G6/><T108/><D108/><U76/><E34/><V14/><F131/><W33/><G33/><T20/><D45/><U67/><E0/><V51/><F126/><W70/><G22/><T16/><REACH who="0" step="1"/><D100/><REACH who="0" ten="27,373,318,272" step="2"/><U73/><E44/><N who="2" m="28135" /><F122/><W1/><G102/><T92/><AGARI ba="0,1" hai="16,20,27,28,29,54,58,60,74,79,82,91,92,97" machi="92" ten="30,12000,2" yaku="1,1,0,1,25,2,52,1,54,1,53,0" doraHai="57" doraHaiUra="83" who="0" fromWho="0" sc="27,130,373,-30,318,-30,272,-60" owari="157,-34.0,343,44.0,288,9.0,212,-19.0" /></mjloggm>