<mjloggm ver="2.3"><GO type="169" lobby="0"/><UN n0="%E3%81%86%E3%81%91%E3%81%AA%E3%81%8C%E3%81%99%E3%81%9C" n1="%E8%83%A1%E6%A4%92%E7%B2%89" n2="%E3%81%8B%E3%82%8A%E6%A2%85" n3="%E3%82%A6%E3%83%AB%E3%83%88%E3%83%A9%E7%AB%8B%E7%9B%B4" dan="16,16,16,18" rate="2117.22,2093.03,2086.89,2227.07" sx="F,M,M,M"/><TAIKYOKU oya="0"/><INIT seed="0,0,0,3,0,73" ten="250,250,250,250" oya="0" hai0="7,125,37,0,103,84,115,42,52,13,133,120,122" hai1="58,64,111,123,121,60,75,16,78,71,118,38,87" hai2="63,22,59,49,90,45,102,79,5,65,55,69,83" hai3="108,88,70,57,98,76,17,47,131,50,46,4,101"/><T104/><D115/><U110/><E118/><V36/><F102/><W8/><G70/><T128/><D0/><U132/><E38/><V56/><F5/><W89/><G108/><N who="1" m="41514" /><E132/><V30/><F90/><W10/><G131/><T81/><D37/><U14/><E75/><V105/><F105/><W21/><G76/><N who="0" m="46119" /><D42/><U129/><E129/><V1/><F1/><W54/><G47/><T130/><D52/><N who="1" m="33863" /><E71/><V35/><F35/><W99/><G46/><T74/><D74/><U119/><E64/><V43/><F56/><W116/><G116/><T40/><D40/><U135/><E135/><V62/><F62/><W77/><G77/><T61/><D133/><U28/><E28/><V107/><F107/><W82/><G82/><T112/><D61/><U94/><E119/><V20/><F30/><W100/><G54/><T53/><D112/><U29/><E29/><V66/><F65/><W106/><G50/><T124/><D53/><U134/><E134/><V27/><F27/><W15/><G57/><T39/><D39/><U34/><E34/><V3/><F3/><W86/><G86/><AGARI ba="0,0" hai="20,22,36,43,45,49,55,59,63,66,69,79,83,86" machi="86" ten="30,7700,0" yaku="7,1,24,2,52,1" doraHai="73" who="2" fromWho="3" sc="250,0,250,0,250,77,250,-77" /><INIT seed="1,0,0,5,2,129" ten="250,250,327,173" oya="1" hai0="55,128,88,64,79,130,18,17,7,68,42,52,47" hai1="134,48,10,99,53,111,45,22,26,121,104,90,39" hai2="120,74,87,23,59,81,84,93,113,77,92,32,14" hai3="9,31,0,101,119,49,8,105,127,28,40,126,65"/><U96/><E121/><V57/><F120/><W56/><G105/><T114/><D79/><U86/><E39/><V6/><F32/><W107/><G107/><T62/><D7/><U11/><E111/><V1/><F1/><W15/><G101/><T2/><D2/><U97/><E134/><V5/><F113/><W73/><G73/><T135/><D114/><U76/><E76/><V24/><F74/><W133/><G65/><T16/><D135/><U69/><E69/><V89/><F14/><W29/><G133/><T3/><D3/><U98/><N who="1" m="24576" /><DORA hai="116" /><U95/><REACH who="1" step="1"/><E104/><REACH who="1" ten="250,240,327,173" step="2"/><V37/><F37/><W125/><G119/><T51/><D130/><U60/><E60/><V122/><F122/><W71/><G71/><T78/><D78/><U30/><AGARI ba="0,1" hai="10,11,22,26,30,45,48,53,86,90,95" m="24576" machi="30" ten="40,12000,1" yaku="1,1,0,1,8,1,53,1" doraHai="129,116" doraHaiUra="110,27" who="1" fromWho="1" sc="250,-40,240,130,327,-40,173,-40" /><INIT seed="1,1,0,1,5,76" ten="210,370,287,133" oya="1" hai0="25,105,86,117,104,44,17,131,0,45,75,133,115" hai1="122,58,74,95,1,16,12,26,99,65,126,101,77" hai2="96,5,11,24,6,62,121,78,66,2,134,48,114" hai3="31,132,91,9,20,47,4,52,70,37,68,79,39"/><U102/><E122/><V135/><F121/><W73/><G132/><N who="2" m="50729" /><F114/><W54/><G91/><T82/><D133/><U80/><E1/><V98/><F6/><W85/><G85/><T72/><D115/><U33/><E126/><V43/><F24/><W18/><G31/><T116/><D17/><U10/><E101/><V64/><F78/><W97/><G97/><N who="2" m="37481" /><F62/><W61/><G20/><T123/><D86/><U109/><E109/><V30/><F30/><W60/><G18/><T42/><D25/><U120/><E120/><V36/><F36/><N who="3" m="13899" /><G9/><T83/><D123/><U49/><E26/><V81/><F81/><W55/><G79/><T128/><D42/><U107/><E33/><V15/><F2/><AGARI ba="1,0" hai="0,2,44,45,72,75,82,83,104,105,116,117,128,131" machi="2" ten="25,6400,0" yaku="22,2,52,2" doraHai="76" who="0" fromWho="2" sc="210,67,370,0,287,-67,133,0" /><INIT seed="2,0,0,2,5,21" ten="277,370,220,133" oya="2" hai0="16,115,64,36,20,121,106,101,70,79,91,57,61" hai1="49,24,85,95,56,111,40,120,8,89,2,73,0" hai2="109,11,43,78,94,74,102,107,103,22,32,99,76" hai3="100,113,62,25,33,18,81,45,124,28,17,44,50"/><V63/><F32/><W126/><G113/><T110/><D115/><U92/><E73/><V4/><F109/><W104/><G104/><T9/><D121/><U98/><E111/><V58/><F43/><W114/><G100/><T68/><D36/><U26/><E120/><V19/><F74/><W39/><G114/><T127/><D79/><U132/><E132/><V66/><F107/><W105/><G105/><T82/><D127/><N who="3" m="48681" /><G39/><T112/><D112/><U13/><E2/><V29/><F103/><W30/><G62/><T1/><D101/><N who="1" m="60615" /><E0/><V37/><F37/><W93/><G93/><T116/><D106/><U125/><E125/><V15/><REACH who="2" step="1"/><F29/><REACH who="2" ten="277,370,210,133" step="2"/><W86/><G30/><T27/><D110/><U51/><E40/><V53/><F53/><N who="3" m="29895" /><G45/><T96/><D116/><U72/><E72/><V108/><F108/><W97/><G97/><T42/><D42/><U133/><E133/><V7/><F7/><W90/><AGARI ba="0,1" hai="17,18,25,28,33,81,86,90" m="29895,48681" machi="90" ten="30,2000,0" yaku="18,1,52,1" doraHai="21" who="3" fromWho="3" sc="277,-5,370,-5,210,-10,133,30" /><INIT seed="3,0,0,3,0,5" ten="272,365,200,163" oya="3" hai0="95,25,10,47,101,130,50,105,7,20,87,70,48" hai1="59,133,58,62,34,11,30,79,76,41,124,123,31" hai2="54,112,3,80,38,129,24,33,12,45,88,109,9" hai3="104,17,108,100,99,115,44,53,19,60,36,119,77"/><W49/><G119/><T92/><D70/><U43/><E62/><V51/><F112/><W15/><G115/><T131/><D105/><U86/><E86/><N who="2" m="50247" /><F109/><W46/><G108/><T68/><D68/><U120/><E34/><V1/><F38/><W96/><G77/><T22/><D50/><U21/><E21/><V27/><F129/><W73/><G73/><T81/><D22/><U18/><E18/><N who="2" m="8463" /><F33/><W134/><G134/><T116/><D116/><U26/><E26/><AGARI ba="0,0" hai="1,3,24,26,27,45,51,54" m="8463,50247" machi="26" ten="30,3900,0" yaku="25,1,52,1,54,1" doraHai="5" who="2" fromWho="1" sc="272,0,365,-39,200,39,163,0" /><INIT seed="4,0,0,5,4,119" ten="272,326,239,163" oya="0" hai0="38,63,107,44,6,103,42,35,15,39,100,5,134" hai1="84,118,7,108,111,64,79,51,112,65,57,20,62" hai2="49,13,89,28,94,127,40,18,98,81,12,27,123" hai3="114,67,129,66,0,30,90,115,71,24,128,120,61"/><T85/><D35/><U95/><E118/><V91/><F127/><W9/><G90/><T76/><D39/><U48/><E7/><V47/><F123/><W97/><G67/><T130/><D130/><N who="3" m="50281" /><G97/><T131/><D131/><U56/><E20/><V68/><F68/><W69/><G69/><T21/><D107/><U10/><E10/><V86/><REACH who="2" step="1"/><F18/><REACH who="2" ten="272,326,229,163" step="2"/><W125/><G125/><T22/><D5/><U122/><E122/><V45/><F45/><W17/><G120/><T2/><D134/><U73/><E111/><V59/><F59/><W102/><G102/><T133/><D133/><U105/><E57/><V74/><F74/><W110/><G110/><T82/><D2/><U126/><E73/><V75/><F75/><W1/><G1/><T80/><D103/><U70/><E56/><V36/><F36/><W88/><G0/><T93/><D100/><U92/><E70/><V4/><F4/><W109/><G109/><T101/><D6/><U83/><E108/><V55/><F55/><W52/><G52/><T32/><D44/><U50/><E126/><V23/><AGARI ba="0,1" hai="12,13,23,27,28,40,47,49,81,86,89,91,94,98" machi="23" ten="20,5200,0" yaku="1,1,0,1,7,1,8,1,53,0" doraHai="119" doraHaiUra="53" who="2" fromWho="2" sc="272,-26,326,-13,229,62,163,-13" /><INIT seed="5,0,0,5,3,71" ten="246,313,291,150" oya="1" hai0="27,128,4,16,122,124,116,13,89,92,134,49,125" hai1="69,7,44,52,15,58,83,97,67,135,96,5,95" hai2="35,43,131,90,6,41,94,42,2,88,79,64,22" hai3="9,123,34,25,78,0,81,102,77,80,126,18,23"/><U93/><E135/><V113/><F35/><W60/><G123/><T32/><D122/><U103/><E69/><V37/><F131/><W28/><G126/><T101/><D116/><U21/><E67/><V36/><F79/><W75/><G102/><T51/><D134/><U114/><E114/><V26/><F113/><W100/><G100/><T82/><D128/><U117/><E117/><V98/><F64/><W50/><G60/><T33/><D4/><U70/><E70/><V40/><N who="2" m="10240" /><DORA hai="109" /><V30/><REACH who="2" step="1"/><F90/><REACH who="2" ten="246,313,281,150" step="2"/><W73/><G50/><T62/><D51/><N who="1" m="28775" /><E83/><V19/><F19/><W104/><G104/><T46/><D82/><U121/><E121/><V63/><F63/><W118/><G118/><T127/><D62/><U74/><E5/><V107/><F107/><W54/><G54/><T115/><D115/><U29/><E7/><V111/><F111/><W1/><REACH who="3" step="1"/><G9/><AGARI ba="0,1" hai="2,6,9,22,26,30,36,37,88,94,98" m="10240" machi="9" ten="50,8000,1" yaku="1,1,52,2,54,1,53,0" doraHai="71,109" doraHaiUra="11,45" who="2" fromWho="3" sc="246,0,313,0,281,90,150,-80" /><INIT seed="6,0,0,3,5,120" ten="246,313,371,70" oya="2" hai0="7,80,93,108,48,134,52,91,87,65,130,38,41" hai1="131,51,59,95,79,31,133,60,76,71,27,90,35" hai2="46,49,58,16,99,132,18,55,66,96,62,53,2" hai3="75,116,88,13,81,68,67,17,82,30,106,110,26"/><V69/><F132/><W115/><G116/><T117/><D134/><U36/><E133/><V44/><F2/><W135/><G135/><T29/><D117/><U45/><E131/><V112/><F112/><W103/><G115/><T34/><D130/><U1/><E1/><V54/><F46/><W28/><G28/><T57/><D108/><U5/><E5/><V86/><F86/><W124/><G124/><T109/><D109/><U23/><E35/><V42/><F69/><W39/><G39/><T78/><D7/><U24/><E24/><V32/><F32/><W56/><G110/><T14/><D14/><U25/><E25/><V118/><F118/><W100/><G68/><T98/><D65/><U6/><E6/><V122/><F122/><W85/><G106/><T104/><D29/><U74/><E74/><V127/><F127/><W10/><G81/><T126/><D34/><U94/><E36/><V72/><F72/><W70/><G70/><T73/><D126/><U43/><E94/><V64/><F64/><W83/><G83/><T4/><D4/><U128/><E128/><V47/><F44/><W63/><REACH who="3" step="1"/><G75/><REACH who="3" ten="246,313,371,60" step="2"/><T22/><D104/><U37/><E71/><V84/><F62/><W40/><G40/><T129/><D129/><U114/><E37/><V119/><F42/><W123/><G123/><T33/><D38/><U101/><E114/><V111/><F119/><W19/><G19/><T8/><D41/><U102/><E43/><N who="2" m="24831" /><F18/><W50/><G50/><T61/><D48/><U11/><E51/><V107/><F16/><W9/><G9/><T89/><D8/><RYUUKYOKU ba="0,1" sc="246,-10,313,-10,371,-10,60,30" hai3="10,13,17,26,30,56,63,67,82,85,88,100,103" /><INIT seed="7,1,1,0,3,23" ten="236,303,361,90" oya="3" hai0="64,101,31,49,25,51,81,111,122,89,2,83,93" hai1="46,72,108,18,91,127,69,48,98,29,24,60,16" hai2="57,66,40,5,38,37,133,3,4,7,118,36,102" hai3="88,42,110,99,52,65,50,70,34,9,129,39,134"/><W95/><G129/><T94/><D122/><U1/><E72/><V107/><F118/><W126/><G126/><T44/><D2/><U119/><E108/><V82/><F40/><W130/><G130/><T135/><D111/><U113/><E1/><V13/><F3/><W14/><G134/><T62/><D135/><U47/><E119/><V76/><F13/><W77/><G110/><T117/><D117/><U71/><E127/><V15/><F15/><W28/><G77/><T30/><D44/><U61/><E113/><V17/><F17/><W10/><G39/><T73/><D73/><U80/><E69/><V56/><F66/><W8/><G42/><T84/><D51/><U87/><E98/><V59/><F133/><W27/><G65/><T116/><D31/><U68/><E47/><V79/><F82/><W121/><G70/><T45/><D49/><U120/><E68/><V55/><F55/><W124/><G124/><T131/><D45/><U12/><E18/><V100/><F107/><W74/><G74/><T33/><D116/><U19/><E19/><V75/><F75/><W0/><G0/><T63/><D131/><U132/><E132/><V54/><F54/><W104/><G104/><T22/><D33/><U85/><E85/><V35/><F35/><W115/><G115/><T128/><D128/><U109/><E71/><V21/><F38/><W103/><G121/><T106/><D106/><U53/><E120/><V11/><F37/><W114/><G114/><T92/><D64/><U105/><E105/><V20/><F36/><W32/><G32/><N who="0" m="20559" /><D101/><U78/><E109/><RYUUKYOKU ba="1,1" sc="236,0,303,0,361,0,90,0" owari="236,-16.0,303,10.0,371,47.0,90,-41.0" /></mjloggm>