<mjloggm ver="2.3"><GO type="169" lobby="0"/><UN n0="%E6%B2%99%E8%80%B6%E5%8A%A0%E4%BD%90%E5%80%89" n1="%E3%82%82%E3%81%9A%E3%81%8F%E3%80%82" n2="%E3%82%A6%E3%83%AB%E3%83%88%E3%83%A9%E7%AB%8B%E7%9B%B4" n3="%E4%B9%9D%E4%B8%88%E3%83%A4%E3%82%B9" dan="16,16,18,16" rate="2007.48,2107.65,2259.80,2040.41" sx="F,M,M,M"/><TAIKYOKU oya="0"/><INIT seed="0,0,0,4,1,128" ten="250,250,250,250" oya="0" hai0="46,49,134,34,4,53,36,8,6,45,122,54,43" hai1="52,84,17,16,28,81,101,125,51,100,47,69,98" hai2="87,102,133,65,20,103,76,72,132,115,2,105,73" hai3="62,0,70,85,3,55,118,78,57,119,38,129,26"/><T93/><D122/><U90/><E69/><V58/><F2/><W86/><G38/><T31/><D134/><N who="2" m="51818" /><F115/><W83/><G129/><T74/><D74/><N who="2" m="28778" /><F105/><W107/><G107/><T35/><D6/><U97/><E125/><V29/><F29/><W109/><G0/><T18/><D18/><U106/><REACH who="1" step="1"/><E28/><REACH who="1" ten="250,240,250,250" step="2"/><V37/><F37/><W123/><G123/><T124/><D124/><U22/><E22/><V104/><F20/><W127/><G127/><T135/><D135/><U91/><E91/><V42/><F42/><W75/><G118/><T48/><D31/><U30/><E30/><V13/><F13/><W50/><G119/><T11/><D93/><AGARI ba="0,1" hai="16,17,47,51,52,81,84,90,93,97,98,100,101,106" machi="93" ten="30,7700,0" yaku="1,1,7,1,54,2,53,0" doraHai="128" doraHaiUra="121" who="1" fromWho="0" sc="250,-77,240,87,250,0,250,0" /><INIT seed="1,0,0,5,2,85" ten="173,327,250,250" oya="1" hai0="6,83,124,11,2,72,56,3,133,96,119,74,79" hai1="47,29,113,58,44,129,68,126,17,103,97,135,7" hai2="46,99,37,121,125,49,27,115,61,53,19,94,130" hai3="65,41,25,104,78,18,1,43,114,118,75,15,89"/><U100/><E113/><V93/><F121/><W14/><G114/><T127/><D119/><U60/><E68/><V45/><F115/><W59/><G1/><T0/><D133/><U13/><E135/><V132/><F132/><W128/><G104/><T24/><D56/><U131/><E126/><N who="0" m="48169" /><D72/><U23/><E7/><V22/><F125/><W123/><G123/><T105/><D24/><U36/><E29/><V108/><F108/><W122/><G25/><T73/><D73/><U70/><E70/><V120/><F120/><W26/><G75/><T51/><D51/><U50/><E36/><V64/><F130/><N who="1" m="49673" /><E50/><V55/><F55/><W10/><G65/><T110/><D110/><U67/><E103/><AGARI ba="0,0" hai="0,2,3,6,11,74,79,83,96,103,105" m="48169" machi="103" ten="30,2000,0" yaku="18,1,23,1" doraHai="85" who="0" fromWho="1" sc="173,20,327,-20,250,0,250,0" /><INIT seed="2,0,0,1,1,129" ten="193,307,250,250" oya="2" hai0="4,17,109,5,86,16,15,61,59,54,87,1,47" hai1="75,55,10,104,43,11,85,99,102,127,20,8,39" hai2="40,32,130,13,12,111,41,29,9,90,53,22,76" hai3="113,60,98,135,134,73,49,45,96,56,72,120,105"/><V68/><F32/><W94/><G120/><T34/><D34/><U108/><E75/><V89/><F68/><W69/><G69/><T112/><D1/><U114/><E114/><V80/><F130/><W50/><G113/><T117/><D112/><U3/><E108/><V124/><F124/><W101/><G73/><T133/><D109/><U23/><E127/><V18/><F111/><W115/><G72/><T37/><D117/><U44/><E3/><V67/><F67/><W21/><G21/><T63/><D37/><U48/><REACH who="1" step="1"/><E85/><REACH who="1" ten="193,297,250,250" step="2"/><N who="2" m="48263" /><F53/><N who="3" m="33807" /><G115/><T88/><D86/><U2/><E2/><V19/><F29/><W128/><G128/><T106/><D87/><U27/><E27/><V81/><F81/><W103/><G45/><AGARI ba="0,1" hai="8,10,11,20,23,39,43,44,45,48,55,99,102,104" machi="45" ten="40,1300,0" yaku="1,1,53,0" doraHai="129" doraHaiUra="121" who="1" fromWho="3" sc="193,0,297,23,250,0,250,-13" /><INIT seed="3,0,0,1,3,124" ten="193,320,250,237" oya="3" hai0="80,36,79,107,62,133,96,119,76,113,131,100,91" hai1="19,99,110,46,94,105,66,86,103,30,16,75,29" hai2="39,34,114,102,77,18,132,82,70,85,10,92,60" hai3="12,49,31,112,61,111,126,50,44,38,2,22,127"/><W57/><G112/><T128/><D36/><U1/><E75/><V106/><F114/><W130/><G2/><T78/><D62/><U117/><E1/><V28/><F39/><W69/><G31/><T97/><D113/><U13/><E110/><V26/><F132/><W0/><G0/><T125/><D125/><N who="3" m="47625" /><G12/><T64/><D64/><U52/><E117/><V88/><F18/><W53/><G22/><T37/><D37/><U65/><E19/><V71/><F60/><W45/><G111/><T8/><D8/><N who="1" m="6183" /><E105/><V47/><F10/><W68/><G38/><T40/><D40/><U121/><E86/><V89/><F47/><N who="3" m="17995" /><G130/><N who="0" m="49707" /><D133/><U101/><E101/><V120/><F120/><W33/><G33/><T5/><D5/><U95/><BYE who="0" /><E95/><UN n0="%E6%B2%99%E8%80%B6%E5%8A%A0%E4%BD%90%E5%80%89" /><V7/><F7/><W48/><AGARI ba="0,0" hai="48,49,50,53,57,61,68,69" m="17995,47625" machi="48" ten="40,7800,0" yaku="18,1,34,2" doraHai="124" who="3" fromWho="3" sc="193,-26,320,-26,250,-26,237,78" /><INIT seed="3,1,0,2,1,77" ten="167,294,224,315" oya="3" hai0="62,3,105,52,57,30,64,21,106,108,14,135,9" hai1="73,39,41,117,112,46,12,120,133,20,91,82,128" hai2="116,19,50,86,48,22,15,54,101,111,129,97,29" hai3="72,42,51,60,126,66,74,24,49,127,118,55,124"/><W92/><G118/><T6/><D108/><U125/><E20/><V134/><F116/><W119/><G119/><T98/><D135/><U61/><E12/><V32/><F111/><W43/><G24/><T44/><D3/><U67/><E91/><V113/><F113/><W53/><G92/><T36/><D36/><U90/><E90/><V18/><F134/><W100/><G100/><T88/><D44/><U26/><E26/><V75/><F75/><W94/><G94/><T103/><D64/><U56/><E56/><V109/><F109/><W114/><G72/><T17/><D30/><U121/><E46/><V131/><F29/><W2/><G2/><T83/><D98/><U84/><E84/><V87/><F19/><W27/><G27/><T122/><D103/><U23/><E23/><V31/><F31/><W99/><G99/><T45/><D45/><U38/><E38/><V65/><F65/><W58/><G74/><T4/><D122/><U63/><E63/><V1/><F1/><W34/><G34/><T85/><REACH who="0" step="1"/><D4/><REACH who="0" ten="157,294,224,315" step="2"/><U37/><E37/><V110/><F110/><W68/><G114/><T16/><D16/><U40/><E39/><V69/><F32/><W95/><G95/><T81/><D81/><U123/><E82/><V93/><F69/><W0/><G0/><T96/><D96/><U130/><E123/><V78/><F54/><W107/><G107/><T71/><D71/><N who="1" m="42479" /><E112/><V70/><F70/><W80/><G80/><T33/><D33/><U25/><E121/><V132/><F132/><W115/><G115/><T102/><D102/><U8/><E133/><RYUUKYOKU ba="1,1" sc="157,15,294,-15,224,-15,315,15" hai0="6,9,14,17,21,52,57,62,83,85,88,105,106" hai3="42,43,49,51,53,55,58,60,66,68,124,126,127" /><INIT seed="3,2,1,4,2,113" ten="172,279,209,330" oya="3" hai0="16,10,39,42,92,3,130,44,23,91,33,93,99" hai1="58,133,85,36,9,74,83,96,50,7,101,59,98" hai2="119,22,82,45,117,28,86,53,87,102,76,30,52" hai3="37,72,107,65,48,62,55,19,84,13,71,18,103"/><W106/><G72/><T14/><D130/><U17/><E36/><V25/><F102/><W8/><G103/><T123/><D123/><U104/><E74/><V12/><F30/><W120/><G120/><T51/><D33/><U94/><E133/><V67/><F67/><W126/><G126/><T125/><D125/><U15/><E50/><V129/><F129/><W116/><G116/><T49/><D49/><U124/><BYE who="0" /><E124/><V95/><F12/><UN n0="%E6%B2%99%E8%80%B6%E5%8A%A0%E4%BD%90%E5%80%89" /><W66/><G66/><T38/><REACH who="0" step="1"/><D93/><REACH who="0" ten="162,279,209,330" step="2"/><U121/><E121/><V88/><REACH who="2" step="1"/><F45/><REACH who="2" ten="162,279,199,330" step="2"/><W90/><G106/><T134/><D134/><U63/><E104/><V128/><F128/><W127/><G107/><T40/><D40/><U132/><E132/><V61/><F61/><W32/><G127/><T68/><D68/><U111/><E63/><V46/><F46/><W89/><G71/><T75/><D75/><U5/><E59/><V4/><F4/><AGARI ba="2,3" hai="3,4,10,14,16,23,38,39,42,44,51,91,92,99" machi="4" ten="40,8000,1" yaku="1,1,54,1,53,2" doraHai="113" doraHaiUra="70" who="0" fromWho="2" sc="162,116,279,0,199,-86,330,0" /><INIT seed="4,0,0,2,4,33" ten="278,279,113,330" oya="0" hai0="55,75,8,104,44,16,1,95,64,72,24,52,133" hai1="108,94,51,112,131,35,110,76,4,6,18,107,132" hai2="128,61,129,21,71,81,47,79,113,15,36,17,68" hai3="134,53,13,82,67,92,115,69,50,127,59,89,48"/><T19/><D104/><U74/><E107/><V120/><F120/><W65/><G115/><T119/><D119/><U9/><E35/><V37/><F113/><W98/><G127/><T90/><D133/><U0/><E112/><V23/><F23/><W100/><G134/><T28/><D64/><U78/><E132/><V41/><F37/><W125/><G125/><T86/><D1/><U34/><E34/><V106/><F106/><W58/><G69/><T5/><D55/><U103/><E131/><V130/><REACH who="2" step="1"/><F61/><REACH who="2" ten="278,279,103,330" step="2"/><W122/><G122/><T42/><D8/><U22/><E9/><V84/><AGARI ba="0,1" hai="15,17,21,36,41,47,68,71,79,81,84,128,129,130" machi="84" ten="30,7900,0" yaku="1,1,2,1,0,1,19,1,53,0" doraHai="33" doraHaiUra="85" who="2" fromWho="2" sc="278,-39,279,-20,103,89,330,-20" /><INIT seed="5,0,0,1,4,3" ten="239,259,192,310" oya="1" hai0="61,25,71,38,35,13,41,27,74,5,135,66,88" hai1="100,97,77,76,87,115,116,39,109,122,130,11,63" hai2="69,85,40,28,112,59,44,64,6,29,4,126,68" hai3="58,86,8,111,48,103,133,119,22,31,15,16,32"/><U123/><E39/><V118/><F118/><W67/><G111/><T80/><D135/><U106/><E116/><V19/><F69/><W1/><G119/><T50/><D50/><U9/><BYE who="0" /><E115/><UN n0="%E6%B2%99%E8%80%B6%E5%8A%A0%E4%BD%90%E5%80%89" /><V65/><F68/><W110/><G110/><T91/><D35/><U121/><E109/><V2/><F2/><W108/><G108/><T18/><D5/><N who="2" m="2154" /><F126/><W70/><G70/><T12/><D12/><U75/><E75/><V132/><F132/><W43/><G133/><T14/><D14/><U56/><E130/><V82/><F19/><W0/><G16/><T24/><D74/><U45/><E45/><V17/><F112/><W21/><G32/><T125/><D80/><U102/><E102/><V95/><F95/><W93/><G93/><T101/><D125/><U26/><E26/><V134/><F134/><W47/><G103/><T53/><D101/><U73/><E73/><V20/><F44/><W99/><G47/><T96/><D38/><U129/><E129/><V49/><F40/><W113/><G43/><T98/><D41/><U83/><REACH who="1" step="1"/><E77/><REACH who="1" ten="239,249,192,310" step="2"/><N who="2" m="46287" /><F29/><W62/><G31/><T51/><D98/><U105/><E105/><V30/><F28/><W78/><G99/><T114/><D96/><U55/><AGARI ba="0,1" hai="9,11,55,56,63,76,83,87,97,100,106,121,122,123" machi="55" ten="30,3000,0" yaku="1,1,0,1,53,0" doraHai="3" doraHaiUra="127" who="1" fromWho="1" sc="239,-10,249,40,192,-10,310,-10" /><INIT seed="5,1,0,4,1,41" ten="229,289,182,300" oya="1" hai0="133,1,63,57,40,21,122,43,108,71,67,22,68" hai1="29,45,60,111,127,85,82,61,16,28,54,121,48" hai2="3,92,49,83,109,14,75,52,95,50,66,91,42" hai3="69,103,129,4,30,55,31,56,102,117,20,98,7"/><U131/><E121/><V77/><F3/><W38/><G69/><T100/><D1/><U134/><E127/><V70/><F109/><W73/><G73/><T10/><D108/><U2/><E131/><V9/><F66/><W105/><G38/><T113/><D122/><U23/><E134/><V53/><F70/><W135/><G135/><T112/><D133/><U128/><E2/><V6/><F42/><W107/><G129/><T35/><D35/><U132/><E132/><V119/><F119/><W13/><G117/><T8/><D100/><U78/><E128/><V12/><F12/><W125/><G125/><T15/><D15/><BYE who="0" /><N who="1" m="9631" /><E111/><UN n0="%E6%B2%99%E8%80%B6%E5%8A%A0%E4%BD%90%E5%80%89" /><V33/><F33/><W72/><G72/><T80/><D67/><U97/><E97/><V123/><F123/><W76/><G76/><T19/><D57/><U59/><E61/><V84/><F75/><W116/><G116/><T74/><D63/><U96/><E96/><V104/><F104/><W24/><G31/><T93/><D74/><U46/><E46/><N who="2" m="27735" /><F77/><W110/><G110/><T36/><D36/><U26/><E26/><V0/><F0/><W34/><G34/><T47/><D47/><AGARI ba="1,0" hai="6,9,14,47,49,53,83,84,91,92,95" m="27735" machi="47" ten="30,7700,0" yaku="8,1,52,2,54,1" doraHai="41" who="2" fromWho="0" sc="229,-80,289,0,182,80,300,0" /><INIT seed="6,0,0,4,2,132" ten="149,289,262,300" oya="2" hai0="69,111,78,18,34,36,16,135,108,94,39,25,100" hai1="131,51,116,113,27,47,85,102,103,120,5,61,82" hai2="88,12,118,117,89,75,123,45,124,33,49,110,68" hai3="80,11,40,8,106,54,109,37,4,38,6,19,59"/><V50/><F33/><W91/><G109/><T133/><D25/><U83/><E116/><V73/><F68/><W1/><G106/><T87/><D34/><U23/><E113/><V71/><F71/><W35/><G35/><T84/><D69/><U79/><E131/><V92/><F110/><W28/><G28/><T30/><D94/><U13/><E120/><V114/><F92/><W105/><G105/><T3/><D78/><U42/><E61/><V96/><F45/><W9/><G40/><T20/><D20/><U128/><E83/><V90/><F90/><W72/><G19/><T65/><D30/><N who="1" m="17791" /><E128/><V46/><F46/><W125/><G11/><AGARI ba="0,0" hai="5,11,13,42,47,51,79,82,85,102,103" m="17791" machi="11" ten="30,2000,0" yaku="25,1,8,1" doraHai="132" who="1" fromWho="3" sc="149,0,289,20,262,0,300,-20" /><INIT seed="7,0,0,4,3,95" ten="149,309,262,280" oya="3" hai0="20,127,91,38,62,25,120,6,93,27,101,57,86" hai1="64,45,47,12,17,11,67,97,74,30,22,114,117" hai2="121,55,110,44,129,14,128,18,90,69,130,19,9" hai3="68,89,134,94,56,118,39,36,46,80,7,34,15"/><W42/><G118/><T28/><D38/><U54/><E74/><V78/><F110/><W59/><G68/><T1/><D120/><U126/><E114/><V63/><F121/><W40/><G34/><T49/><D127/><U50/><E126/><V71/><F78/><W102/><G134/><T132/><D132/><U3/><E117/><V98/><F19/><W103/><G80/><T4/><D1/><U8/><E3/><V24/><F24/><W125/><G125/><T104/><D27/><N who="1" m="16759" /><E97/><V111/><F111/><W75/><G75/><T48/><D104/><U10/><E47/><V119/><F119/><W88/><G7/><T0/><D0/><U13/><E13/><V53/><F44/><W107/><G15/><T32/><D32/><U65/><AGARI ba="0,0" hai="8,10,11,12,17,45,50,54,64,65,67" m="16759" machi="65" ten="30,1100,0" yaku="8,1" doraHai="95" who="1" fromWho="1" sc="149,-3,309,11,262,-3,280,-5" owari="146,-35.0,320,41.0,259,-14.0,275,8.0" /></mjloggm>