<mjloggm ver="2.3"><GO type="169" lobby="0"/><UN n0="%E3%81%BE%E3%81%82%E3%81%BC%E3%81%86%E5%A4%A7%E4%BD%90" n1="%E6%9D%BE%E6%9C%AC%E5%81%A5%E7%94%B7" n2="%E3%81%BF%E3%83%BC%E3%82%8B" n3="%E3%83%88%E3%83%88%E3%83%AA%E5%85%88%E7%94%9F%31%39%E6%AD%B3" dan="16,16,16,18" rate="2128.12,2088.66,2043.71,2287.99" sx="F,M,F,F"/><TAIKYOKU oya="0"/><INIT seed="0,0,0,4,5,117" ten="250,250,250,250" oya="0" hai0="13,130,54,107,30,69,31,1,103,21,50,57,111" hai1="119,48,36,33,87,59,93,27,105,68,5,78,49" hai2="101,135,77,98,39,80,64,131,115,6,127,55,44" hai3="32,90,84,63,71,132,133,53,2,106,113,25,23"/><T118/><D118/><U42/><E105/><V97/><F115/><W17/><G113/><T82/><D1/><U14/><E68/><V67/><F131/><W92/><G2/><T22/><D69/><U15/><E36/><V40/><F127/><W104/><G32/><T41/><D130/><U52/><E33/><V75/><F97/><W102/><G102/><T12/><D107/><U86/><E27/><V38/><F38/><W110/><G110/><T114/><D114/><U51/><E119/><V24/><F6/><W128/><G128/><T99/><D111/><U134/><E134/><N who="3" m="51818" /><G53/><T56/><D41/><U95/><E87/><V62/><F24/><W45/><G45/><T83/><D103/><U89/><E78/><V70/><F55/><W61/><G61/><T28/><D99/><U37/><E5/><V76/><F64/><AGARI ba="0,0" hai="17,23,25,63,64,71,84,90,92,104,106" m="51818" machi="64" ten="30,1000,0" yaku="20,1" doraHai="117" who="3" fromWho="2" sc="250,0,250,0,250,-10,250,10" /><INIT seed="1,0,0,3,5,42" ten="250,250,240,260" oya="1" hai0="108,56,23,106,19,45,123,70,74,87,107,128,101" hai1="64,47,7,82,24,86,112,78,12,88,91,116,93" hai2="95,133,26,122,53,126,52,71,58,17,2,84,109" hai3="39,6,130,60,31,44,66,40,75,32,3,35,63"/><U72/><E112/><V5/><F71/><N who="3" m="42439" /><G31/><T119/><D70/><U4/><E116/><V83/><F122/><W49/><G63/><T131/><D74/><U90/><E64/><V124/><F5/><W89/><G89/><T118/><D108/><U48/><E24/><V73/><F73/><W27/><G27/><N who="0" m="14847" /><D123/><U98/><E12/><V25/><F109/><W0/><G49/><T1/><D1/><U10/><E10/><V14/><F2/><W30/><G30/><T54/><D87/><U41/><REACH who="1" step="1"/><E91/><REACH who="1" ten="250,240,240,260" step="2"/><V57/><F57/><W117/><G117/><T20/><D56/><U94/><AGARI ba="0,1" hai="4,7,41,47,48,72,78,82,86,88,90,93,94,98" machi="94" ten="20,18000,2" yaku="1,1,2,1,0,1,7,1,52,1,54,1,53,1" doraHai="42" doraHaiUra="81" who="1" fromWho="1" sc="250,-60,240,190,240,-60,260,-60" /><INIT seed="1,1,0,5,0,90" ten="190,430,180,200" oya="1" hai0="62,46,44,66,22,29,112,37,52,47,121,65,124" hai1="84,134,117,81,113,7,76,28,100,24,49,105,119" hai2="86,129,57,88,25,72,1,131,59,98,77,38,63" hai3="85,9,106,26,32,54,71,125,115,13,128,94,60"/><U132/><E7/><V36/><F1/><W108/><G115/><T43/><D112/><U35/><E113/><V40/><F72/><W10/><G106/><T87/><D124/><U15/><E15/><V6/><F6/><W79/><G125/><T11/><D121/><U39/><E39/><V17/><F77/><W107/><G107/><T69/><D11/><U75/><E49/><V27/><F40/><W83/><G108/><T45/><D87/><U56/><E56/><V0/><F0/><W16/><G128/><N who="2" m="49225" /><F59/><W53/><G10/><T109/><D109/><U20/><E75/><V74/><F74/><W8/><G8/><T130/><D130/><U96/><REACH who="1" step="1"/><E35/><REACH who="1" ten="190,420,180,200" step="2"/><V5/><F5/><W30/><G60/><T3/><D3/><U101/><E101/><V12/><F38/><W4/><G4/><T68/><D37/><U61/><E61/><V50/><F50/><W118/><G118/><AGARI ba="1,1" hai="20,24,28,76,81,84,96,100,105,117,118,119,132,134" machi="118" ten="40,3900,0" yaku="1,1,53,1" doraHai="90" doraHaiUra="19" who="1" fromWho="3" sc="190,0,420,52,180,0,200,-42" /><INIT seed="1,2,0,5,5,81" ten="190,472,180,158" oya="1" hai0="86,30,40,105,54,58,74,27,68,35,65,116,13" hai1="57,52,49,32,89,70,8,72,109,91,51,34,63" hai2="123,45,29,73,2,16,25,5,119,112,14,62,23" hai3="43,24,15,75,122,78,87,82,50,79,107,124,92"/><U93/><E72/><V12/><F73/><W6/><G122/><T20/><D74/><U114/><E114/><V130/><F123/><W7/><G107/><T31/><D40/><U44/><E109/><V98/><F112/><W125/><G24/><T101/><D116/><U96/><E70/><V1/><F119/><W19/><G43/><T22/><D30/><U127/><E127/><N who="3" m="48714" /><G50/><T66/><D66/><U118/><E118/><V135/><F62/><W88/><G79/><T94/><D13/><U111/><E111/><V132/><F45/><W128/><G128/><T10/><D10/><AGARI ba="2,0" hai="6,7,10,15,19,75,78,82,87,88,92" m="48714" machi="10" ten="30,3900,0" yaku="18,1,52,1,54,1" doraHai="81" who="3" fromWho="0" sc="190,-45,472,0,180,0,158,45" /><INIT seed="2,0,0,3,4,89" ten="145,472,180,203" oya="2" hai0="46,130,131,105,41,60,127,73,93,28,7,96,30" hai1="80,103,22,8,87,9,134,59,84,1,58,114,83" hai2="31,10,64,13,122,115,70,111,91,79,57,27,24" hai3="29,68,51,35,42,17,118,52,25,56,2,34,110"/><V0/><F122/><W21/><G118/><T4/><D60/><U125/><E125/><V54/><F115/><W33/><G68/><T75/><D105/><U49/><E134/><V121/><F121/><W92/><G110/><T67/><D67/><U129/><E129/><N who="0" m="49161" /><D127/><U126/><E114/><V61/><F0/><W14/><G2/><T72/><D30/><U55/><E126/><V32/><F79/><W69/><G69/><T94/><D28/><U124/><E103/><V16/><F27/><W48/><G42/><T128/><N who="0" m="49169" /><T108/><DORA hai="53" /><D108/><U88/><E22/><V38/><F38/><W5/><G5/><N who="0" m="2123" /><D96/><U39/><E39/><AGARI ba="0,0" hai="39,41,46,72,73,75,93,94" m="2123,49169" machi="39" ten="50,6400,0" yaku="19,1,52,2" doraHai="89,53" who="0" fromWho="1" sc="145,64,472,-64,180,0,203,0" /><INIT seed="3,0,0,0,1,111" ten="209,408,180,203" oya="3" hai0="124,103,135,131,88,4,108,123,129,91,127,13,87" hai1="76,14,126,71,5,25,28,7,47,27,121,119,35" hai2="50,109,33,96,81,69,95,80,78,9,93,3,120" hai3="128,132,43,101,48,112,31,75,60,20,56,16,32"/><W34/><G112/><T39/><D39/><U17/><E71/><V15/><F69/><W21/><G75/><T122/><D4/><U102/><E121/><N who="0" m="46089" /><D108/><U58/><E126/><N who="0" m="48169" /><D103/><U113/><E113/><V98/><F109/><W46/><G128/><N who="0" m="49227" /><D13/><U57/><E14/><V74/><F3/><W11/><G132/><T63/><D63/><U99/><E7/><V65/><F120/><W22/><G101/><T130/><D130/><U72/><E5/><V125/><F33/><W41/><G32/><T40/><D40/><U26/><E35/><V73/><F125/><W97/><G34/><T44/><D44/><U18/><E47/><V8/><F15/><N who="3" m="7295" /><G43/><T86/><D135/><U85/><E102/><N who="2" m="60687" /><F65/><N who="3" m="39047" /><G97/><T24/><D24/><AGARI ba="0,0" hai="20,21,22,24,31,41,46,48" m="39047,7295" machi="24" ten="30,2900,0" yaku="8,1,54,1" doraHai="111" who="3" fromWho="0" sc="209,-29,408,0,180,0,203,29" /><INIT seed="3,1,0,0,4,49" ten="180,408,180,232" oya="3" hai0="52,131,20,24,130,25,0,120,82,117,92,44,80" hai1="46,31,22,56,105,26,21,73,23,90,45,28,60" hai2="96,108,89,121,124,83,13,64,32,135,110,29,11" hai3="86,125,6,14,5,75,9,27,30,76,67,39,35"/><W3/><G39/><T116/><D92/><U63/><E73/><V111/><F121/><W133/><G75/><T37/><D0/><U99/><E63/><V58/><F29/><W12/><G67/><T77/><D120/><U36/><E36/><V47/><F32/><W122/><G122/><T38/><D20/><N who="1" m="7787" /><E105/><V114/><F114/><W94/><G133/><T78/><D44/><U1/><E1/><V134/><F47/><W65/><G125/><T16/><D16/><U59/><E59/><V126/><F64/><W84/><G76/><T40/><D40/><U7/><E7/><V87/><F58/><W88/><G65/><T95/><D95/><N who="1" m="56823" /><E31/><V128/><F13/><W71/><G71/><T69/><D69/><U91/><E91/><V119/><F11/><W62/><G62/><T10/><D10/><U101/><E101/><V113/><F113/><W93/><G3/><T109/><D109/><U118/><E118/><V107/><F119/><W123/><G123/><T53/><AGARI ba="1,0" hai="24,25,37,38,52,53,77,78,80,82,116,117,130,131" machi="53" ten="25,12000,2" yaku="0,1,22,2,52,2,54,1" doraHai="49" who="0" fromWho="0" sc="180,123,408,-31,180,-31,232,-61" /><INIT seed="4,0,0,2,3,92" ten="303,377,149,171" oya="0" hai0="102,66,55,89,95,100,68,91,31,27,111,36,40" hai1="94,4,60,35,119,37,125,72,130,15,132,79,39" hai2="86,99,57,84,108,128,90,131,75,38,135,53,123" hai3="62,41,10,9,121,117,120,105,32,76,115,20,17"/><T118/><D118/><U65/><E119/><V43/><F75/><W1/><G117/><T71/><D111/><U74/><E35/><V98/><F108/><W133/><G105/><T45/><D91/><U104/><E104/><V85/><F43/><W34/><G41/><T61/><D55/><U83/><E74/><V58/><F38/><W16/><G62/><T103/><D68/><U70/><E125/><V116/><F116/><W46/><G46/><T63/><D63/><U69/><E69/><V6/><F6/><N who="3" m="1231" /><G76/><T122/><D122/><N who="3" m="47209" /><G115/><T11/><D11/><U134/><E39/><V42/><F42/><W8/><G133/><N who="1" m="51306" /><E94/><V77/><F135/><W12/><G8/><T28/><REACH who="0" step="1"/><D27/><AGARI ba="0,0" hai="10,12,16,17,20,27,32,34" m="47209,1231" machi="27" ten="30,7700,0" yaku="13,1,34,2,54,1" doraHai="92" who="3" fromWho="0" sc="303,-77,377,0,149,0,171,77" /><INIT seed="5,0,0,2,2,125" ten="226,377,149,248" oya="1" hai0="50,22,117,110,29,36,61,60,134,23,77,21,14" hai1="19,81,63,69,84,28,27,135,57,104,24,39,55" hai2="115,49,65,62,92,58,54,5,96,52,100,0,15" hai3="114,41,119,95,76,46,105,9,30,88,42,75,6"/><U73/><E135/><V93/><F0/><W90/><G105/><T37/><D110/><U71/><E39/><V78/><F78/><W127/><G127/><T79/><D134/><U64/><E73/><V82/><F82/><W3/><G114/><T116/><D14/><U1/><E1/><V85/><F115/><W109/><G109/><T66/><D50/><U87/><E104/><V59/><F5/><W89/><G119/><N who="0" m="45643" /><D66/><U11/><E87/><V97/><F85/><W132/><G132/><T123/><D29/><U44/><E44/><V120/><F120/><W106/><G106/><T20/><D20/><U35/><E64/><V108/><F108/><W16/><G30/><T94/><D94/><U7/><E7/><V25/><F15/><W118/><G118/><T68/><D68/><U124/><E124/><V91/><F25/><W34/><G34/><T83/><D83/><U38/><E38/><N who="0" m="14953" /><D123/><U12/><E24/><V128/><REACH who="2" step="1"/><F65/><REACH who="2" ten="226,377,139,248" step="2"/><W40/><G76/><AGARI ba="0,1" hai="21,22,23,60,61,76,77,79" m="14953,45643" machi="76" ten="40,2600,0" yaku="28,2" doraHai="125" who="0" fromWho="3" sc="226,36,377,0,139,0,248,-26" /><AGARI ba="0,0" hai="11,12,19,27,28,35,55,57,63,69,71,76,81,84" machi="76" ten="30,1500,0" yaku="7,1" doraHai="125" who="1" fromWho="3" sc="262,0,377,15,139,0,222,-15" /><INIT seed="5,1,0,0,1,31" ten="262,392,139,207" oya="1" hai0="107,57,49,63,125,68,81,64,103,135,134,122,40" hai1="98,74,24,28,95,59,129,52,73,108,23,83,45" hai2="99,124,79,69,10,42,77,67,132,58,48,0,101" hai3="76,54,78,17,85,29,55,88,130,6,112,80,94"/><U44/><E129/><V118/><F118/><W18/><G130/><T22/><D103/><U93/><E108/><V75/><F124/><W133/><G112/><T96/><D125/><U92/><E98/><V61/><F132/><N who="0" m="50730" /><D96/><U39/><E39/><V62/><F75/><W119/><G133/><T65/><D107/><U84/><E74/><V35/><F35/><W116/><G6/><T9/><D9/><U126/><E73/><V53/><F10/><W8/><G29/><T15/><D81/><U102/><E102/><V46/><REACH who="2" step="1"/><F0/><REACH who="2" ten="262,392,129,207" step="2"/><W109/><G8/><T121/><D22/><U36/><E126/><V41/><F41/><W25/><G109/><T60/><D122/><U26/><E36/><V115/><F115/><W12/><G116/><T90/><D121/><U11/><E11/><V128/><F128/><W30/><G119/><T20/><D20/><U71/><E24/><V105/><AGARI ba="1,1" hai="42,46,48,53,58,61,62,67,69,77,79,99,101,105" machi="105" ten="20,2700,0" yaku="1,1,0,1,7,1,53,0" doraHai="31" doraHaiUra="111" who="2" fromWho="2" sc="262,-8,392,-14,129,40,207,-8" /><INIT seed="6,0,0,3,4,96" ten="254,378,169,199" oya="2" hai0="32,8,34,55,108,57,120,63,64,69,78,4,84" hai1="56,2,117,133,52,81,119,21,3,73,118,111,76" hai2="68,27,122,104,82,71,35,107,75,11,0,95,86" hai3="23,92,61,124,36,48,1,53,97,9,109,13,29"/><V131/><F122/><W105/><G109/><T126/><D126/><U91/><E111/><V22/><F22/><W58/><G124/><T62/><D120/><U24/><E133/><V28/><F95/><W5/><G36/><T121/><D121/><U45/><E45/><V47/><F131/><W12/><G105/><N who="2" m="40521" /><F86/><W115/><G115/><T43/><D108/><U83/><E83/><V116/><F47/><W134/><G134/><T46/><D84/><U60/><REACH who="1" step="1"/><E91/><REACH who="1" ten="254,368,169,199" step="2"/><V51/><F116/><W72/><G72/><T93/><D78/><U50/><E50/><V89/><F51/><W77/><G77/><T101/><D46/><U94/><E94/><V10/><F89/><W44/><G44/><T100/><D93/><U20/><E20/><V132/><F11/><W128/><G48/><T17/><D34/><U87/><E87/><V113/><F132/><W39/><G128/><T41/><D32/><U6/><E6/><N who="2" m="1351" /><F113/><W59/><G39/><T127/><D127/><U37/><E37/><V99/><F99/><W123/><G123/><T14/><REACH who="0" step="1"/><D4/><REACH who="0" ten="244,368,169,199" step="2"/><U88/><E88/><V19/><F19/><AGARI ba="0,2" hai="2,3,19,21,24,52,56,60,73,76,81,117,118,119" machi="19" ten="40,2600,0" yaku="1,1,54,1,53,0" doraHai="96" doraHaiUra="66" who="1" fromWho="2" sc="244,0,368,46,169,-26,199,0" /><INIT seed="7,0,0,4,2,17" ten="244,414,143,199" oya="3" hai0="132,66,118,102,88,110,92,5,51,122,62,59,104" hai1="56,103,33,21,60,114,120,45,69,9,86,72,97" hai2="49,134,85,26,105,108,34,42,14,52,93,87,58" hai3="130,82,80,32,123,74,39,65,121,18,54,128,112"/><W77/><G32/><T81/><D110/><U67/><E72/><V25/><F105/><W109/><G39/><T106/><D132/><U96/><E120/><N who="3" m="46154" /><G65/><T1/><D118/><U115/><E33/><V63/><F108/><W40/><G40/><T89/><D1/><U15/><E45/><V90/><F134/><W47/><G18/><T61/><D5/><U78/><E69/><V22/><F34/><W57/><G57/><T71/><D51/><U119/><E119/><V38/><F38/><W91/><G54/><T11/><D11/><U37/><E37/><V107/><F107/><W101/><G47/><T28/><D28/><U10/><E97/><V75/><F75/><W23/><G23/><T36/><D102/><U20/><E10/><V79/><F42/><W129/><G109/><T27/><D27/><U29/><E29/><V99/><F63/><W30/><G30/><T12/><D12/><U2/><E15/><V135/><F135/><W133/><G133/><T94/><D36/><U8/><E8/><V35/><F35/><W124/><G101/><T131/><D61/><U19/><E19/><N who="2" m="10615" /><F99/><W76/><G74/><T43/><D71/><U125/><E9/><V95/><F79/><W100/><G77/><T4/><D43/><U126/><E2/><V0/><F0/><W13/><G76/><T55/><D66/><U117/><E117/><V70/><F70/><W16/><G128/><T46/><D131/><U53/><E60/><V68/><F68/><W24/><G130/><T41/><D41/><U7/><E96/><V6/><F6/><W127/><G129/><RYUUKYOKU ba="0,0" sc="244,-10,414,-10,143,30,199,-10" hai2="25,26,49,52,58,85,87,90,93,95" owari="234,3.0,404,51.0,173,-33.0,189,-21.0" /></mjloggm>