<mjloggm ver="2.3"><GO type="169" lobby="0"/><UN n0="%E3%83%88%E3%83%88%E3%83%AA%E5%85%88%E7%94%9F%31%39%E6%AD%B3" n1="%E3%81%A9%E3%82%93%E3%82%88%E3%81%8F" n2="%74%72%79%6C%6F%6F%74" n3="%4C%53%E9%99%BD" dan="19,17,16,16" rate="2289.04,2177.81,2105.71,2090.50" sx="F,M,M,M"/><TAIKYOKU oya="0"/><INIT seed="0,0,0,0,4,129" ten="250,250,250,250" oya="0" hai0="1,85,89,100,71,124,51,112,115,21,99,18,92" hai1="106,66,12,27,97,81,46,131,45,134,111,29,70" hai2="25,80,0,43,39,77,128,75,9,135,23,93,116" hai3="78,64,67,47,15,49,121,31,83,55,56,62,123"/><T13/><D71/><U38/><E131/><V102/><F128/><W44/><G31/><T16/><D1/><U113/><E113/><V87/><F116/><W107/><G107/><T50/><D124/><U48/><E111/><V6/><F102/><W28/><G28/><T130/><D130/><U60/><E12/><V65/><F65/><N who="3" m="25163" /><G15/><T8/><D112/><U122/><E122/><N who="3" m="46602" /><G62/><T68/><D68/><U108/><E108/><V54/><F54/><W32/><G32/><T103/><D115/><U94/><E81/><V7/><F7/><W42/><G42/><T119/><D119/><U19/><E19/><V11/><F11/><W74/><AGARI ba="0,0" hai="44,47,49,55,56,74,78,83" m="46602,25163" machi="74" ten="30,1100,0" yaku="13,1" doraHai="129" who="3" fromWho="3" sc="250,-5,250,-3,250,-3,250,11" /><INIT seed="1,0,0,2,5,36" ten="245,247,247,261" oya="1" hai0="90,92,39,103,101,15,127,82,111,67,89,79,126" hai1="135,25,106,123,73,81,88,11,52,83,72,21,26" hai2="78,130,98,66,58,31,99,91,125,64,41,55,10" hai3="47,128,30,60,102,71,35,100,68,2,105,17,23"/><U14/><E123/><V129/><F125/><N who="0" m="47626" /><D67/><N who="2" m="25642" /><F78/><W12/><G128/><N who="2" m="49257" /><F31/><W65/><G2/><T16/><D39/><U107/><E135/><V74/><F74/><W95/><G95/><T22/><D111/><U44/><E73/><V28/><F28/><W7/><G7/><T48/><D48/><N who="1" m="28679" /><E72/><V97/><F10/><W20/><G20/><T117/><D117/><U116/><E116/><V61/><F91/><N who="0" m="34826" /><D92/><U62/><E62/><V38/><F38/><W6/><G6/><T27/><D27/><N who="1" m="10251" /><E21/><V109/><F109/><W33/><G23/><T59/><D59/><U32/><E32/><V45/><F45/><W121/><G35/><T29/><D29/><U51/><E51/><V8/><F8/><W57/><G30/><T76/><D82/><U108/><E108/><V119/><F119/><W0/><G33/><T4/><D4/><U104/><E104/><V56/><F56/><W120/><G105/><T5/><D5/><U63/><E63/><V43/><AGARI ba="0,0" hai="41,43,55,58,61,97,98,99" m="49257,25642" machi="43" ten="40,5200,0" yaku="19,1,52,2" doraHai="36" who="2" fromWho="2" sc="245,-13,247,-26,247,52,261,-13" /><INIT seed="2,0,0,5,4,116" ten="232,221,299,248" oya="2" hai0="19,91,28,83,34,77,65,22,109,56,74,115,76" hai1="87,26,119,110,48,9,64,50,44,35,123,120,135" hai2="17,29,25,46,54,12,84,121,108,73,98,61,128" hai3="2,94,38,14,6,23,58,122,62,126,7,47,101"/><V59/><F73/><W131/><G2/><T129/><D115/><U92/><E119/><V124/><F128/><W33/><G33/><T13/><D129/><U30/><E110/><V90/><F108/><W72/><G72/><T103/><D109/><U10/><E135/><V106/><F124/><W8/><G131/><T96/><D34/><U55/><E64/><V0/><F0/><W95/><G126/><T16/><D28/><U134/><E134/><V105/><F121/><N who="1" m="46665" /><E50/><V114/><F46/><W49/><G38/><T57/><D65/><U125/><E125/><V69/><F98/><W127/><G127/><T31/><D31/><U75/><E75/><V81/><F69/><W42/><G122/><T67/><D67/><U99/><E87/><V133/><F114/><W32/><G32/><T130/><D130/><U37/><E37/><V88/><F90/><AGARI ba="0,0" hai="9,10,26,30,35,44,48,55,90,92,99" m="46665" machi="90" ten="30,7700,0" yaku="13,1,52,3" doraHai="116" who="1" fromWho="2" sc="232,0,221,77,299,-77,248,0" /><INIT seed="3,0,0,0,1,53" ten="232,298,222,248" oya="3" hai0="9,71,132,126,97,67,123,46,102,118,42,91,29" hai1="111,36,18,103,5,119,54,31,0,109,16,98,85" hai2="26,131,84,88,106,117,57,23,115,81,37,59,27" hai3="7,87,34,56,10,77,60,127,100,20,3,133,113"/><W19/><G113/><T116/><D123/><U69/><E69/><V79/><F115/><W2/><G2/><T135/><D29/><U105/><E36/><V70/><F70/><W25/><G127/><T93/><D126/><U13/><E31/><N who="2" m="17887" /><F117/><W94/><G133/><N who="0" m="51275" /><D9/><N who="1" m="2215" /><E119/><N who="0" m="45609" /><D67/><U50/><E85/><N who="2" m="48319" /><F131/><W80/><G34/><T92/><D71/><U73/><E73/><V86/><F106/><W65/><REACH who="3" step="1"/><G94/><REACH who="3" ten="232,298,222,238" step="2"/><N who="0" m="56543" /><D102/><AGARI ba="0,1" hai="3,7,10,19,20,25,56,60,65,77,80,87,100,102" machi="102" ten="40,7700,0" yaku="1,1,52,1,53,1" doraHai="53" doraHaiUra="14" who="3" fromWho="0" sc="232,-77,298,0,222,0,238,87" /><INIT seed="3,1,0,0,2,76" ten="155,298,222,325" oya="3" hai0="86,121,31,133,80,124,40,35,6,108,68,26,10" hai1="37,111,134,30,43,126,87,96,89,131,122,78,38" hai2="29,100,101,99,2,21,7,39,18,24,123,41,65" hai3="95,53,50,125,118,91,128,114,115,93,110,33,11"/><W72/><G118/><T129/><D108/><U92/><E122/><V117/><F117/><W60/><G33/><T15/><D129/><U54/><E111/><V3/><F123/><W94/><G110/><T55/><D133/><U74/><E134/><V105/><F100/><W75/><G128/><T22/><D124/><U59/><E131/><V20/><F7/><W135/><G135/><T102/><D121/><U81/><E126/><V73/><F73/><W71/><G125/><T106/><D68/><U57/><E57/><V109/><F109/><W25/><G91/><T98/><D40/><U67/><E67/><V51/><F39/><W127/><G127/><T9/><D55/><U104/><E43/><V77/><F77/><W1/><G25/><T16/><REACH who="0" step="1"/><D6/><REACH who="0" ten="145,298,222,325" step="2"/><U12/><E30/><V23/><F65/><W27/><G114/><T34/><D34/><U5/><E5/><V58/><F41/><W14/><G115/><T82/><D82/><U64/><E64/><V28/><F2/><W88/><G71/><T61/><D61/><U13/><E38/><V45/><F3/><W132/><G60/><T130/><D130/><U46/><E37/><V119/><F119/><W116/><G116/><T49/><D49/><U42/><E42/><V36/><F36/><W112/><G132/><T66/><D66/><U107/><E46/><V84/><F45/><W48/><G112/><T70/><D70/><U90/><E54/><V97/><F51/><W103/><G50/><T0/><D0/><U113/><E113/><V83/><F58/><W79/><G48/><T56/><D56/><RYUUKYOKU ba="1,1" sc="145,30,298,-10,222,-10,325,-10" hai0="9,10,15,16,22,26,31,35,80,86,98,102,106" /><INIT seed="4,2,1,1,5,112" ten="175,288,212,315" oya="0" hai0="67,79,98,124,102,100,87,132,24,51,32,66,19" hai1="82,38,64,59,125,86,107,3,12,135,129,62,21" hai2="103,54,119,53,90,34,1,65,116,33,72,89,133" hai3="22,71,5,92,42,77,113,15,78,104,52,6,73"/><T130/><D130/><U25/><E3/><V0/><F103/><W39/><G104/><T48/><D132/><U31/><E107/><V47/><F47/><W4/><G113/><T41/><D124/><U106/><E106/><V108/><F65/><N who="0" m="24586" /><D32/><U88/><E129/><V93/><F93/><W80/><G71/><T11/><D98/><U128/><E128/><V101/><F101/><N who="0" m="39018" /><D41/><U56/><E38/><V105/><F105/><W30/><G78/><T123/><D123/><U55/><E125/><V13/><F13/><W18/><G39/><T91/><D79/><U94/><E135/><V16/><F133/><W27/><G42/><T126/><D126/><U97/><E12/><V29/><F72/><W10/><G73/><T68/><D68/><U120/><E120/><V46/><F46/><W40/><G40/><T2/><D2/><U57/><E64/><V85/><F85/><W83/><G77/><AGARI ba="2,1" hai="21,25,31,55,56,57,59,62,77,82,86,88,94,97" machi="77" ten="30,3900,0" yaku="7,1,8,1,54,1" doraHai="112" who="1" fromWho="3" sc="175,0,288,55,212,0,315,-45" /><INIT seed="5,0,0,1,4,57" ten="175,343,212,270" oya="1" hai0="54,126,69,15,109,60,3,99,127,107,32,10,104" hai1="5,125,6,22,43,56,121,100,123,83,102,110,12" hai2="52,116,77,134,66,94,39,108,88,14,74,75,7" hai3="67,122,46,111,101,115,98,65,40,119,89,130,91"/><U50/><E110/><V120/><F120/><W97/><G111/><T68/><D109/><U48/><E125/><N who="0" m="47625" /><D3/><U84/><E121/><V90/><F108/><W92/><G122/><T79/><D32/><U59/><E123/><V105/><F116/><W23/><G115/><T24/><D24/><U29/><E29/><V78/><F105/><N who="0" m="40522" /><D79/><N who="2" m="30218" /><F66/><W71/><G65/><N who="0" m="40999" /><D99/><U20/><E84/><V58/><F39/><W82/><G98/><T80/><D80/><U114/><E114/><V106/><F106/><W49/><G82/><T53/><D69/><U2/><E2/><V38/><F38/><W33/><G71/><T55/><D55/><U17/><E83/><V19/><F75/><W47/><G33/><T117/><D117/><U4/><E43/><V93/><F74/><W51/><G119/><T103/><D103/><U135/><E12/><V44/><F44/><W41/><G101/><T8/><D8/><U129/><E17/><AGARI ba="0,0" hai="10,15,17,53,54" m="40999,40522,47625" machi="17" ten="30,2000,0" yaku="18,1,52,1" doraHai="57" who="0" fromWho="1" sc="175,20,343,-20,212,0,270,0" /><INIT seed="6,0,0,1,0,126" ten="195,323,212,270" oya="2" hai0="127,83,112,20,124,64,95,119,1,40,62,104,57" hai1="114,111,70,80,38,108,117,2,66,72,12,107,96" hai2="71,45,50,33,115,42,39,47,25,113,134,9,11" hai3="34,3,135,106,13,4,21,0,79,56,10,32,110"/><V19/><F71/><W59/><G106/><T17/><D104/><U101/><E117/><V68/><F68/><W46/><G79/><T87/><D1/><N who="3" m="585" /><G46/><T94/><D119/><U122/><E2/><V120/><F120/><W89/><G89/><T35/><D35/><N who="3" m="13353" /><G56/><T24/><D112/><N who="2" m="43082" /><F134/><W128/><G59/><T60/><D40/><U8/><E122/><V81/><F81/><W43/><G43/><T88/><REACH who="0" step="1"/><D60/><REACH who="0" ten="185,323,212,270" step="2"/><U109/><E114/><V103/><F33/><W75/><G135/><T73/><D73/><U22/><E72/><V23/><F103/><W48/><G75/><T7/><D7/><U102/><E101/><V123/><F123/><W125/><G125/><AGARI ba="0,1" hai="17,20,24,57,62,64,83,87,88,94,95,124,125,127" machi="125" ten="40,8000,1" yaku="1,1,18,1,54,1,53,1" doraHai="126" doraHaiUra="53" who="0" fromWho="3" sc="185,90,323,0,212,0,270,-80" /><INIT seed="7,0,0,4,1,10" ten="275,323,212,190" oya="3" hai0="4,63,27,68,29,50,14,5,45,122,85,1,35" hai1="90,79,130,128,106,17,97,36,52,86,42,88,123" hai2="107,78,114,28,83,46,84,9,94,129,13,26,60" hai3="105,117,62,54,98,59,38,113,18,101,25,41,61"/><W112/><G117/><T11/><D122/><U47/><E123/><V80/><F114/><N who="3" m="44139" /><G38/><T24/><D24/><U103/><E17/><N who="2" m="8367" /><F129/><N who="1" m="49769" /><E52/><V119/><F107/><W71/><G41/><T82/><D68/><U19/><E19/><V7/><F7/><W56/><G71/><T3/><D63/><N who="3" m="24073" /><G54/><T76/><D4/><U100/><E100/><V20/><F119/><W109/><G109/><T99/><D99/><U115/><E115/><V65/><F46/><W40/><G40/><AGARI ba="0,0" hai="1,3,5,11,14,27,29,35,40,45,50,76,82,85" machi="40" ten="30,7700,0" yaku="7,1,25,2,52,1" doraHai="10" who="0" fromWho="3" sc="275,77,323,0,212,0,190,-77" owari="352,46.0,323,12.0,212,-19.0,113,-39.0" /></mjloggm>