<mjloggm ver="2.3"><GO type="169" lobby="0"/><UN n0="%67%6F%73%68%69%6B%6B%75" n1="%64%6F%6E%6E%69" n2="%E3%83%9E%E3%82%AD%E3%83%A3%E3%83%A2%E3%83%B3" n3="%E3%83%88%E3%83%88%E3%83%AA%E5%85%88%E7%94%9F%31%39%E6%AD%B3" dan="17,16,16,19" rate="2161.92,2088.45,2085.53,2299.94" sx="F,M,M,F"/><TAIKYOKU oya="0"/><INIT seed="0,0,0,5,2,79" ten="250,250,250,250" oya="0" hai0="81,24,70,119,47,12,93,131,107,45,75,20,97" hai1="26,133,61,11,134,55,104,73,31,96,27,2,76" hai2="95,58,86,37,57,106,110,98,9,128,90,129,32" hai3="121,100,125,64,13,6,50,29,43,101,62,60,49"/><T118/><D107/><U85/><E73/><V7/><F32/><W74/><G125/><T114/><D114/><U21/><E2/><V122/><F37/><W115/><G115/><T34/><D70/><U102/><E11/><V51/><F110/><W103/><G74/><T99/><D131/><N who="2" m="50250" /><F122/><W0/><G0/><T91/><D34/><U22/><E61/><V4/><F51/><N who="3" m="19467" /><G43/><T5/><D97/><U84/><E55/><V56/><F9/><N who="3" m="4279" /><G121/><T83/><D75/><U39/><E39/><V30/><F30/><W3/><G3/><T88/><D91/><U52/><E52/><V126/><F126/><W23/><G64/><T28/><D119/><U111/><E111/><V130/><N who="2" m="50258" /><V1/><DORA hai="17" /><F1/><W112/><G112/><T78/><D78/><U82/><REACH who="1" step="1"/><E84/><REACH who="1" ten="250,240,250,250" step="2"/><V18/><F7/><W38/><G38/><T71/><D118/><U116/><E116/><V127/><F4/><W59/><G59/><T10/><D71/><U120/><E120/><V14/><F127/><W89/><G62/><T123/><D123/><U42/><E42/><V68/><F68/><W16/><G60/><T25/><D24/><U33/><E33/><V63/><F63/><W69/><G69/><T66/><D66/><U46/><E46/><AGARI ba="0,1" hai="5,10,12,20,25,28,45,46,47,81,83,88,93,99" machi="46" ten="40,12000,1" yaku="8,1,52,3,54,1" doraHai="79,17" who="0" fromWho="1" sc="250,130,240,-120,250,0,250,0" /><INIT seed="0,1,0,1,3,76" ten="380,120,250,250" oya="0" hai0="13,16,101,112,82,32,20,67,12,50,100,34,135" hai1="5,17,51,42,91,48,25,108,28,7,116,103,106" hai2="105,126,37,81,44,120,122,74,56,79,92,63,75" hai3="6,121,3,26,86,90,97,66,84,131,109,19,89"/><T128/><D112/><U134/><E116/><V124/><F105/><W9/><G109/><T4/><D128/><U8/><E108/><V22/><F22/><W55/><G131/><T40/><D135/><U87/><E134/><V132/><F132/><W41/><G121/><T111/><D111/><U45/><E103/><V24/><F24/><W93/><G41/><T33/><D67/><U58/><E106/><V113/><F113/><W73/><G73/><T117/><D117/><U119/><E119/><V21/><F21/><W125/><G125/><N who="2" m="48233" /><F75/><W47/><G66/><T107/><D107/><U11/><E58/><V80/><F92/><W96/><G19/><T53/><D40/><U2/><E17/><V57/><F56/><W133/><G133/><T10/><REACH who="0" step="1"/><D82/><REACH who="0" ten="370,120,250,250" step="2"/><N who="2" m="31850" /><F74/><W69/><G93/><T18/><D18/><U60/><E42/><N who="2" m="22607" /><F79/><W68/><G55/><AGARI ba="1,1" hai="55,57,63,120,122" m="22607,31850,48233" machi="55" ten="30,7700,0" yaku="18,1,52,3" doraHai="76" who="2" fromWho="3" sc="370,0,120,0,250,90,250,-80" /><INIT seed="1,0,0,1,3,52" ten="370,120,340,170" oya="1" hai0="24,100,4,64,18,105,19,66,55,86,101,75,127" hai1="131,71,120,122,124,94,119,117,68,27,29,11,7" hai2="77,39,62,116,84,17,104,23,96,15,54,99,78" hai3="102,28,93,134,37,135,5,110,32,121,87,65,76"/><U58/><E124/><V91/><F39/><W125/><G121/><T90/><D75/><U85/><E131/><V44/><F116/><W53/><G37/><T133/><D133/><N who="3" m="50697" /><G125/><T118/><D4/><U33/><E119/><V10/><F104/><W34/><G110/><T130/><D130/><U67/><E117/><V12/><F96/><N who="3" m="59663" /><G28/><T59/><D105/><U106/><E106/><V21/><F99/><W46/><G5/><T47/><D47/><U13/><E71/><V9/><F44/><W129/><G65/><N who="0" m="25195" /><D118/><U92/><E68/><V48/><F78/><W115/><G129/><T111/><D111/><U72/><E72/><V128/><F77/><W123/><G115/><T107/><D107/><U25/><E25/><V6/><F128/><W0/><G0/><T109/><D109/><U40/><E40/><V36/><F36/><W112/><G112/><T20/><D18/><U61/><REACH who="1" step="1"/><E94/><REACH who="1" ten="370,110,340,170" step="2"/><N who="2" m="54631" /><F48/><N who="3" m="28823" /><G123/><T82/><D127/><U45/><E45/><V63/><F63/><AGARI ba="0,1" hai="19,20,24,55,59,63,82,86,90,100,101" m="25195" machi="63" ten="30,2000,0" yaku="8,1,52,1" doraHai="52" who="0" fromWho="2" sc="370,30,110,0,340,-20,170,0" /><INIT seed="2,0,0,1,4,134" ten="400,110,320,170" oya="2" hai0="30,42,131,1,127,47,101,66,98,85,16,32,48" hai1="15,124,37,123,53,87,116,107,102,26,90,56,14" hai2="29,129,5,72,59,93,82,62,44,3,40,77,9" hai3="122,61,113,119,28,94,70,60,11,63,86,71,13"/><V25/><F129/><W92/><G119/><T99/><D1/><U45/><E116/><V64/><F93/><W19/><G122/><T2/><D2/><U21/><E123/><V31/><REACH who="2" step="1"/><F25/><REACH who="2" ten="400,110,310,170" step="2"/><W125/><G92/><T120/><D131/><U105/><E26/><V95/><F95/><W81/><G94/><T74/><D120/><U68/><E105/><V79/><F79/><W135/><G135/><T34/><D99/><U55/><E107/><V88/><F88/><W10/><G113/><T50/><D98/><U67/><E90/><V84/><F84/><W118/><G118/><T27/><D85/><U22/><E87/><V80/><F80/><W24/><G86/><T75/><D27/><U128/><E102/><V108/><F108/><W133/><G81/><T51/><D101/><U111/><E111/><V57/><F57/><W91/><G91/><T76/><D76/><U121/><E56/><V132/><F132/><W58/><G58/><T8/><D75/><U4/><E128/><V109/><F109/><W54/><G133/><T110/><D74/><U6/><E121/><V18/><F18/><W97/><G97/><T78/><D16/><U43/><E68/><V112/><F112/><W17/><G70/><T7/><D78/><U83/><E83/><V0/><F0/><W12/><G71/><T65/><D110/><U36/><E4/><V49/><AGARI ba="0,1" hai="3,5,9,29,31,40,44,49,59,62,64,72,77,82" machi="49" ten="20,3900,0" yaku="1,1,0,1,7,1,53,0" doraHai="134" doraHaiUra="100" who="2" fromWho="2" sc="400,-13,110,-13,310,49,170,-13" /><INIT seed="2,1,0,4,5,8" ten="387,97,359,157" oya="2" hai0="122,52,4,47,3,11,79,45,97,49,16,74,22" hai1="63,78,58,119,51,114,36,129,15,87,115,44,107" hai2="7,6,76,40,113,14,13,131,1,86,55,120,121" hai3="62,128,104,99,60,32,69,65,42,12,93,5,70"/><V41/><F113/><W31/><G128/><T28/><D122/><U91/><E107/><V133/><F131/><W64/><G42/><N who="2" m="16489" /><F1/><W101/><G93/><T0/><D0/><U109/><E36/><V2/><F2/><W96/><G96/><T81/><D28/><U98/><E129/><V66/><F66/><W83/><G83/><T20/><D97/><U35/><E35/><V25/><F133/><W89/><G89/><T39/><D39/><U34/><E34/><V30/><F55/><W111/><G12/><N who="2" m="4713" /><F120/><W80/><G80/><T124/><D124/><U130/><E119/><V53/><F121/><W72/><G111/><T54/><D16/><U26/><E109/><V9/><F9/><W105/><G5/><N who="2" m="1545" /><F53/><W67/><G67/><T108/><D108/><U50/><E130/><V18/><F30/><W118/><G105/><T90/><D54/><U103/><E115/><V88/><F76/><W57/><G118/><T23/><D74/><U84/><E78/><V73/><F73/><W77/><G77/><T126/><D126/><U48/><E114/><V135/><F135/><W106/><G106/><T110/><D110/><U33/><E33/><V27/><F18/><W68/><G72/><T95/><D79/><U10/><E10/><V92/><AGARI ba="1,0" hai="25,27,86,88,92" m="1545,4713,16489" machi="92" ten="30,12000,1" yaku="8,1,52,3,54,1" doraHai="8" who="2" fromWho="2" sc="387,-41,97,-41,359,123,157,-41" /><INIT seed="2,2,0,5,2,46" ten="346,56,482,116" oya="2" hai0="4,29,22,112,68,21,26,34,107,74,41,42,66" hai1="1,9,93,80,31,103,133,10,62,75,115,125,119" hai2="28,54,24,110,27,92,99,100,14,53,89,3,108" hai3="102,122,40,0,81,25,5,78,123,61,85,50,56"/><V32/><F3/><W47/><G102/><T7/><D112/><U98/><E115/><V35/><F14/><W33/><G0/><T17/><D74/><U16/><E119/><V73/><F73/><W131/><G131/><T111/><D111/><U79/><E125/><V94/><F27/><W18/><G5/><T52/><D107/><U13/><E133/><V59/><F32/><W128/><G128/><T132/><D132/><U83/><E83/><V101/><F54/><W90/><G78/><T30/><D66/><U60/><REACH who="1" step="1"/><E31/><REACH who="1" ten="346,46,482,116" step="2"/><V58/><F28/><W49/><G122/><T71/><D29/><U82/><E82/><V37/><F110/><W126/><G123/><T87/><D30/><U63/><E63/><V96/><F108/><W8/><G126/><T39/><D34/><U19/><E19/><V86/><F35/><W97/><G33/><T118/><D17/><U57/><E57/><V113/><F58/><W48/><G97/><T20/><D118/><U6/><AGARI ba="2,1" hai="1,6,9,10,13,16,60,62,75,79,80,93,98,103" machi="6" ten="30,7900,0" yaku="1,1,0,1,54,1,53,1" doraHai="46" doraHaiUra="15" who="1" fromWho="1" sc="346,-22,46,95,482,-41,116,-22" /><INIT seed="3,0,0,5,0,119" ten="324,141,441,94" oya="3" hai0="131,98,91,30,2,128,19,59,42,80,125,99,105" hai1="24,18,115,53,52,8,132,21,34,83,0,3,127" hai2="78,109,9,6,79,67,93,120,40,13,39,96,44" hai3="95,7,133,72,64,31,82,84,55,46,22,48,114"/><W70/><G114/><T43/><D2/><U89/><E115/><V71/><F109/><W56/><G72/><T49/><D30/><U38/><E38/><V86/><F120/><W23/><G133/><T61/><D125/><U16/><E127/><V45/><F71/><W51/><G70/><T123/><D123/><U73/><E132/><V130/><F67/><W66/><G7/><T11/><D11/><U112/><E112/><V103/><F130/><W124/><G124/><T36/><D19/><U69/><E69/><V97/><F86/><W41/><G95/><T5/><D5/><U12/><E34/><V33/><F33/><W28/><G28/><T129/><D49/><U110/><E110/><V102/><REACH who="2" step="1"/><F44/><REACH who="2" ten="324,141,431,94" step="2"/><W81/><G64/><T107/><D131/><U32/><E32/><V35/><F35/><W62/><G84/><T25/><D129/><U121/><E121/><V14/><F14/><W29/><G66/><T20/><D128/><U108/><E108/><V111/><F111/><W54/><G46/><T117/><D117/><U74/><E3/><V50/><F50/><W58/><G41/><T126/><D126/><U76/><E0/><V134/><F134/><W4/><G4/><T104/><D36/><U68/><E68/><V88/><F88/><W116/><G116/><T26/><D91/><U90/><E74/><V27/><F27/><W92/><G62/><T87/><D26/><U85/><E73/><V75/><F75/><W17/><G17/><T65/><D87/><U57/><E53/><V15/><F15/><W118/><G118/><T63/><D65/><RYUUKYOKU ba="0,1" sc="324,-30,141,10,431,10,94,10" hai1="8,12,16,18,21,24,52,57,76,83,85,89,90" hai2="6,9,13,39,40,45,78,79,93,96,97,102,103" hai3="22,23,29,31,48,51,54,55,56,58,81,82,92" /><INIT seed="3,1,1,4,5,93" ten="294,151,441,104" oya="3" hai0="59,114,87,64,123,27,38,86,118,24,122,66,21" hai1="95,104,16,74,110,15,75,35,10,60,120,84,49" hai2="9,45,14,6,83,71,55,50,36,131,90,68,58" hai3="39,134,70,54,129,22,111,127,101,81,8,102,53"/><W79/><G39/><T52/><D38/><U32/><E120/><V0/><F131/><W13/><G70/><T119/><D21/><U4/><E104/><V43/><F90/><W124/><G129/><T37/><D37/><U69/><E110/><V103/><F103/><N who="3" m="39435" /><G22/><T109/><D59/><U132/><E74/><V88/><F0/><W94/><G94/><T51/><D51/><U80/><E132/><V133/><F133/><W3/><G3/><T31/><D52/><N who="3" m="20073" /><G134/><T5/><D109/><U44/><E60/><V85/><AGARI ba="1,1" hai="6,9,14,36,43,45,50,55,58,68,71,83,85,88" machi="85" ten="30,2000,0" yaku="0,1,54,1" doraHai="93" who="2" fromWho="2" sc="294,-6,151,-6,441,33,104,-11" /><INIT seed="4,0,0,5,2,43" ten="288,145,474,93" oya="0" hai0="107,16,4,104,77,90,130,71,17,7,60,122,10" hai1="118,127,114,98,110,72,109,59,25,31,123,29,106" hai2="34,87,32,49,121,86,113,63,128,69,115,0,48" hai3="61,45,116,81,117,24,12,132,33,88,95,56,21"/><T112/><D122/><U129/><E123/><V2/><F69/><W83/><G132/><T23/><D112/><U26/><E72/><V13/><F121/><W46/><G33/><T68/><D77/><U89/><E114/><V79/><F63/><W47/><G12/><T38/><D38/><U20/><E118/><V40/><F13/><W44/><G117/><T135/><D130/><U105/><E129/><V11/><F40/><W22/><N who="3" m="11264" /><DORA hai="119" /><W101/><G101/><T93/><D17/><U58/><E98/><V35/><F32/><W97/><G116/><T124/><D7/><U108/><E89/><V28/><F11/><W80/><G24/><T70/><D60/><U41/><E41/><V62/><F62/><W102/><G102/><T3/><D124/><U82/><E127/><V54/><F79/><W126/><G126/><T91/><D91/><U14/><E14/><V39/><F39/><W18/><G18/><T76/><D76/><U94/><E109/><V8/><F8/><W131/><G131/><T37/><D37/><U51/><E20/><V64/><F128/><W19/><G19/><T66/><D66/><AGARI ba="0,0" hai="21,22,56,61,66,80,81,83,88,95,97" m="11264" machi="66" ten="50,12000,2" yaku="8,1,52,4,54,1" doraHai="43,119" who="3" fromWho="0" sc="288,-120,145,0,474,0,93,120" /><INIT seed="5,0,0,3,2,134" ten="168,145,474,213" oya="1" hai0="106,120,103,12,60,53,8,93,79,122,77,108,11" hai1="130,3,42,91,49,28,114,25,46,44,88,118,14" hai2="0,64,63,19,61,56,30,22,90,97,101,29,27" hai3="32,110,113,33,31,74,100,119,54,133,15,65,99"/><U52/><E118/><V115/><F0/><W80/><G110/><T21/><D106/><U135/><E3/><V111/><F111/><W16/><G133/><T116/><D116/><U92/><E135/><V86/><F63/><W84/><G74/><T39/><D39/><U38/><E114/><V123/><F123/><W78/><G119/><T105/><D105/><U76/><E76/><V45/><F45/><W23/><G113/><T107/><D107/><U94/><E130/><V55/><F64/><W37/><G37/><T1/><D108/><U70/><E70/><V85/><F115/><W129/><G129/><T58/><D1/><U89/><REACH who="1" step="1"/><E14/><REACH who="1" ten="168,135,474,213" step="2"/><V95/><F86/><W75/><G84/><T66/><D79/><U40/><E40/><V96/><F97/><W10/><G99/><N who="0" m="59887" /><D77/><U104/><E104/><AGARI ba="0,1" hai="19,22,27,29,30,55,56,61,85,90,95,96,101,104" machi="104" ten="30,1000,0" yaku="7,1" doraHai="134" who="2" fromWho="1" sc="168,0,135,-10,474,20,213,0" /><INIT seed="6,0,0,0,1,38" ten="168,125,494,213" oya="2" hai0="133,19,37,126,41,95,43,70,94,89,10,82,64" hai1="40,87,7,104,16,124,62,57,134,75,35,44,74" hai2="105,58,110,18,25,54,77,63,117,111,80,106,119" hai3="127,9,118,83,112,125,23,96,28,32,66,120,61"/><V129/><F18/><W76/><G118/><T21/><D37/><U132/><E104/><N who="2" m="40043" /><F25/><N who="3" m="16447" /><G32/><T131/><D133/><U121/><E35/><V8/><F8/><W69/><G120/><T128/><D126/><N who="3" m="48137" /><G96/><T59/><D70/><U47/><E7/><V65/><F65/><W60/><G112/><T92/><D10/><U31/><E31/><V102/><F102/><W68/><G9/><T45/><D45/><U101/><E47/><V5/><F5/><W116/><G116/><T55/><D64/><U114/><E114/><V36/><F36/><W93/><G93/><T81/><D82/><U4/><E101/><V11/><F11/><W14/><G14/><N who="0" m="9463" /><D81/><U27/><E4/><V109/><F129/><N who="0" m="49738" /><D89/><U53/><E124/><V78/><F78/><W56/><G60/><AGARI ba="0,0" hai="41,43,55,59,60,92,94,95" m="49738,9463" machi="60" ten="30,3900,0" yaku="19,1,52,2" doraHai="38" who="0" fromWho="3" sc="168,39,125,0,494,0,213,-39" /><INIT seed="7,0,0,2,4,54" ten="207,125,494,174" oya="3" hai0="13,107,63,4,34,0,5,30,35,68,58,37,56" hai1="8,101,16,114,7,78,124,75,40,104,79,127,76" hai2="55,44,32,46,84,36,42,18,15,65,14,11,133" hai3="89,6,93,125,73,96,38,24,33,130,99,26,126"/><W80/><G38/><T87/><D68/><U21/><E40/><V135/><F32/><W64/><G130/><T109/><D107/><U41/><E41/><V115/><F65/><W108/><G108/><T27/><D37/><U98/><E75/><V94/><F115/><W22/><G6/><T49/><D49/><U23/><E114/><V10/><F94/><W39/><G39/><T71/><D35/><U66/><E66/><V53/><F84/><W1/><G1/><T9/><D109/><U132/><E132/><N who="2" m="50763" /><F44/><W29/><G64/><T77/><D63/><U95/><E104/><V97/><F97/><W110/><G110/><T118/><D118/><U50/><E50/><V72/><F72/><W131/><G131/><T102/><D102/><U62/><E62/><V51/><F51/><W103/><G73/><T81/><D71/><U43/><E43/><V17/><AGARI ba="0,0" hai="10,11,14,15,17,18,36,42,46,53,55" m="50763" machi="17" ten="30,1100,0" yaku="20,1" doraHai="54" who="2" fromWho="2" sc="207,-3,125,-3,494,11,174,-5" owari="204,0.0,122,-38.0,505,61.0,169,-23.0" /></mjloggm>