<mjloggm ver="2.3"><GO type="169" lobby="0"/><UN n0="%34%31%36%30" n1="%E9%BA%BB%E9%9B%80%E3%82%84%E3%82%81%E3%81%9F%E3%81%84" n2="%E6%A4%B0%E5%AD%90%37%35%33" n3="%E3%82%A6%E3%83%AB%E3%83%88%E3%83%A9%E7%AB%8B%E7%9B%B4" dan="17,16,17,18" rate="2206.40,2104.70,2149.54,2272.31" sx="F,F,M,M"/><TAIKYOKU oya="0"/><INIT seed="0,0,0,3,0,91" ten="250,250,250,250" oya="0" hai0="14,128,120,45,75,54,25,11,43,59,53,99,126" hai1="51,71,112,134,107,13,93,89,133,66,24,70,108" hai2="6,5,57,135,40,87,119,103,58,121,42,83,44" hai3="17,41,106,125,7,23,27,130,114,92,36,117,26"/><T79/><D120/><U69/><E107/><V22/><F135/><N who="1" m="51721" /><E24/><V104/><F121/><W35/><G106/><T98/><D128/><U3/><E3/><V48/><F42/><W15/><G114/><T127/><D25/><U90/><E90/><V73/><F73/><W31/><G117/><T19/><D75/><U113/><E51/><V65/><F119/><W60/><G125/><N who="0" m="47627" /><D79/><U50/><E50/><V55/><F103/><W105/><G105/><T101/><D59/><N who="2" m="22538" /><F104/><W16/><G130/><T96/><D101/><U85/><E108/><V10/><F40/><W81/><G27/><T39/><AGARI ba="0,0" hai="11,14,19,39,43,45,53,54,96,98,99" m="47627" machi="39" ten="30,1500,0" yaku="18,1" doraHai="91" who="0" fromWho="0" sc="250,15,250,-5,250,-5,250,-5" /><INIT seed="0,1,0,1,1,27" ten="265,245,245,245" oya="0" hai0="127,58,73,128,94,5,126,132,21,93,119,23,80" hai1="18,83,43,77,68,29,135,11,12,50,3,42,28" hai2="48,124,72,59,99,134,25,113,97,1,108,111,121" hai3="33,63,115,39,120,107,84,14,78,22,9,125,105"/><T103/><D119/><U116/><E116/><V123/><F1/><W52/><G33/><T101/><D5/><U104/><E135/><V87/><F48/><W31/><G39/><T122/><D122/><U109/><E109/><V6/><F6/><W110/><G115/><T17/><D132/><U79/><E104/><V15/><F15/><W85/><G125/><N who="0" m="47627" /><D128/><U112/><E112/><V95/><F25/><W88/><G110/><T56/><D73/><U71/><E3/><V26/><F26/><N who="3" m="16855" /><G107/><T13/><D80/><U62/><E71/><V4/><F72/><W100/><G105/><T98/><D23/><U133/><E133/><V118/><F134/><W47/><G120/><T69/><D69/><U53/><E62/><V89/><F118/><W86/><G100/><N who="0" m="60503" /><D93/><U40/><E68/><V54/><F124/><W10/><G78/><N who="1" m="29706" /><E83/><V7/><F113/><W131/><G131/><T117/><D117/><U49/><E49/><N who="2" m="31183" /><F121/><W81/><G9/><T35/><D35/><U38/><E38/><V114/><F114/><W44/><G85/><T55/><D58/><AGARI ba="1,0" hai="11,12,18,28,29,40,42,43,50,53,58" m="29706" machi="58" ten="30,3900,0" yaku="8,1,52,2" doraHai="27" who="1" fromWho="0" sc="265,-42,245,42,245,0,245,0" /><INIT seed="1,0,0,5,0,114" ten="223,287,245,245" oya="1" hai0="107,25,58,57,120,119,68,16,13,33,93,55,135" hai1="83,30,98,73,108,126,72,0,94,90,116,86,101" hai2="22,26,9,39,81,71,56,54,59,53,14,122,123" hai3="36,82,52,111,104,35,69,23,127,63,51,28,3"/><U61/><E0/><V65/><F39/><W49/><G35/><T128/><D107/><N who="1" m="63927" /><E61/><V42/><F42/><W38/><G3/><T89/><D68/><U32/><E30/><V66/><F81/><W48/><G104/><T109/><D120/><U97/><E32/><V29/><F71/><W7/><G7/><T44/><D33/><U131/><E131/><V87/><F87/><W64/><G28/><T11/><D25/><U78/><E126/><V10/><F29/><W75/><G23/><T106/><D106/><U95/><E108/><V84/><F84/><W17/><G17/><T85/><D109/><U133/><E133/><V79/><F22/><W100/><G100/><T46/><D128/><U20/><E20/><V130/><F130/><W8/><G8/><T134/><D58/><U80/><E116/><V34/><F34/><W15/><G15/><T96/><D96/><N who="1" m="57431" /><E83/><V88/><F14/><W91/><G111/><T41/><D119/><U24/><E24/><V102/><F26/><W5/><G5/><T124/><D124/><U1/><E1/><V118/><F118/><W110/><G110/><T74/><D74/><U31/><E31/><V125/><F125/><W103/><G75/><T18/><D18/><U67/><E67/><V43/><F66/><W4/><G64/><T37/><REACH who="0" step="1"/><D44/><REACH who="0" ten="213,287,245,245" step="2"/><U62/><E62/><AGARI ba="0,1" hai="11,13,16,37,41,46,55,57,62,85,89,93,134,135" machi="62" ten="40,5200,0" yaku="1,1,2,1,54,1,53,0" doraHai="114" doraHaiUra="2" who="0" fromWho="1" sc="213,62,287,-52,245,0,245,0" /><INIT seed="2,0,0,4,5,12" ten="275,235,245,245" oya="2" hai0="134,1,111,59,106,86,57,40,135,85,2,4,62" hai1="87,129,96,41,119,28,56,126,8,32,38,98,20" hai2="42,84,76,133,9,15,51,104,70,6,44,65,122" hai3="97,17,102,47,118,11,37,91,45,95,80,5,63"/><V94/><F104/><W23/><G118/><T93/><D106/><U43/><E32/><V0/><F133/><N who="0" m="50698" /><D40/><U83/><E119/><V108/><F108/><W81/><G63/><T69/><D111/><U60/><E129/><V53/><F122/><W73/><G37/><T68/><D93/><U109/><E126/><V33/><F33/><W128/><G128/><T64/><D59/><U36/><E36/><V123/><F123/><W31/><G31/><T90/><D4/><U116/><E38/><V121/><F121/><W117/><G117/><T34/><D34/><U30/><E8/><V46/><F70/><N who="0" m="27242" /><D90/><U27/><E30/><V101/><F65/><W112/><G112/><T25/><D25/><U78/><E116/><V115/><F115/><W75/><G47/><T67/><D64/><N who="1" m="38919" /><E109/><V22/><F46/><W92/><G45/><T89/><D89/><U103/><E103/><V114/><F114/><W113/><G113/><T61/><D61/><U82/><E82/><V72/><F101/><W54/><G81/><T58/><D58/><U100/><E100/><V13/><F42/><AGARI ba="0,0" hai="20,27,28,41,42,43,78,83,87,96,98" m="38919" machi="42" ten="30,1000,0" yaku="8,1" doraHai="12" who="1" fromWho="2" sc="275,0,235,10,245,-10,245,0" /><INIT seed="3,0,0,4,3,14" ten="275,245,235,245" oya="3" hai0="18,109,49,13,134,122,63,66,34,97,1,2,71" hai1="51,32,9,89,21,4,19,25,115,59,90,24,87" hai2="84,8,40,38,0,48,112,11,55,133,127,6,135" hai3="50,129,23,45,64,118,88,3,80,20,93,41,36"/><W108/><G118/><T114/><D122/><U28/><E115/><V98/><F112/><W58/><G3/><T37/><D37/><U61/><E51/><V39/><F127/><W26/><G108/><T120/><D34/><U103/><E103/><V47/><F98/><W42/><G129/><T7/><D114/><U106/><E106/><V117/><F117/><W43/><G80/><T131/><D131/><U70/><E70/><V124/><F124/><W85/><G23/><T60/><D7/><U123/><E123/><V10/><F39/><W44/><G36/><T92/><D134/><N who="2" m="51210" /><F84/><W65/><G65/><T16/><D18/><U54/><REACH who="1" step="1"/><E87/><REACH who="1" ten="275,235,235,245" step="2"/><V62/><F62/><N who="3" m="37975" /><G50/><T22/><D60/><U69/><E69/><V33/><F33/><W119/><G119/><T75/><D120/><U86/><E86/><V102/><F102/><W104/><G104/><T126/><D126/><U52/><E52/><V77/><F77/><W100/><G100/><T30/><D49/><U83/><E83/><V130/><F130/><W111/><G111/><T76/><D109/><U27/><E27/><V110/><F110/><W94/><G94/><T113/><D113/><U81/><E81/><V101/><F101/><W5/><G5/><T121/><D121/><U57/><E57/><AGARI ba="0,1" hai="0,6,8,10,11,38,40,47,48,55,57" m="51210" machi="57" ten="30,1000,0" yaku="20,1" doraHai="14" who="2" fromWho="1" sc="275,0,235,-10,235,20,245,0" /><INIT seed="4,0,0,1,4,34" ten="275,225,255,245" oya="0" hai0="119,102,103,120,63,35,110,115,43,31,73,57,85" hai1="95,82,33,113,118,76,21,56,91,117,90,68,92" hai2="97,69,93,10,3,23,130,18,32,79,30,75,26" hai3="27,36,49,135,55,105,48,98,5,59,133,87,60"/><T13/><D119/><U64/><E33/><V125/><F69/><W28/><G36/><T47/><D73/><U58/><E68/><V112/><F79/><W100/><G87/><T51/><D120/><U37/><E37/><V14/><F75/><W45/><G5/><T131/><D115/><U86/><E113/><V70/><F70/><W44/><G49/><T101/><D131/><U107/><E107/><V15/><F112/><W19/><G19/><T78/><D13/><U114/><E114/><V2/><F125/><W108/><G108/><T17/><D17/><U121/><E121/><V116/><F130/><W53/><REACH who="3" step="1"/><G45/><REACH who="3" ten="275,225,255,235" step="2"/><T11/><D85/><N who="1" m="48327" /><E118/><V6/><REACH who="2" step="1"/><F116/><REACH who="2" ten="275,225,245,235" step="2"/><W126/><G126/><T77/><D77/><U66/><E117/><V22/><F22/><AGARI ba="0,2" hai="22,27,28,44,48,53,55,59,60,98,100,105,133,135" machi="22" ten="40,2600,0" yaku="1,1,53,1" doraHai="34" doraHaiUra="54" who="3" fromWho="2" sc="275,0,225,0,245,-26,235,46" /><INIT seed="5,0,0,5,3,29" ten="275,225,219,281" oya="1" hai0="91,53,115,28,90,116,10,71,11,0,88,106,42" hai1="39,122,124,118,72,132,64,94,16,35,50,123,63" hai2="127,81,107,134,76,14,47,84,131,102,85,67,113" hai3="70,117,9,8,24,65,119,59,27,38,95,37,109"/><U2/><E118/><N who="3" m="45066" /><G70/><T55/><D116/><U54/><E72/><V13/><F47/><W100/><G109/><T112/><D106/><U80/><E39/><N who="3" m="14858" /><G95/><T46/><D71/><U30/><E2/><V56/><F56/><W120/><G100/><T77/><D28/><U73/><E132/><V121/><F134/><W105/><G105/><T110/><D110/><U133/><E133/><V26/><F107/><W33/><G120/><T129/><D77/><U12/><E124/><V15/><F121/><W92/><G92/><T5/><D11/><N who="3" m="4169" /><G33/><T86/><D86/><U97/><E35/><V7/><F85/><W57/><G65/><T61/><D61/><U51/><E30/><V79/><F67/><W108/><G108/><T104/><D104/><U103/><E63/><V45/><F102/><W19/><G19/><T111/><D111/><U98/><E64/><V114/><F79/><W75/><G75/><T78/><D78/><U34/><E34/><V20/><F84/><W58/><AGARI ba="0,0" hai="24,27,57,58,59" m="4169,14858,45066" machi="58" ten="40,5200,0" yaku="28,2,12,1" doraHai="29" who="3" fromWho="3" sc="275,-13,225,-26,219,-13,281,52" /><INIT seed="6,0,0,5,1,72" ten="262,199,206,333" oya="2" hai0="89,63,121,129,32,84,52,105,15,23,62,41,40" hai1="30,128,78,132,48,18,2,50,82,64,102,92,114" hai2="8,99,74,68,93,122,110,81,95,0,124,69,130" hai3="12,101,75,73,6,57,61,85,46,21,117,80,10"/><V26/><F122/><W37/><G117/><T36/><D32/><U39/><E39/><V86/><F74/><W3/><G101/><T51/><D121/><U54/><E2/><V58/><F95/><W108/><G108/><T35/><D35/><U31/><E132/><V107/><F107/><W60/><G60/><N who="0" m="23083" /><D105/><U76/><E128/><V83/><F83/><W126/><G126/><T7/><D36/><U5/><E5/><V113/><F124/><W66/><G46/><N who="0" m="27767" /><D129/><U119/><E114/><V27/><F113/><W14/><G37/><T112/><D112/><U43/><E64/><V111/><F58/><W70/><G57/><T79/><D79/><N who="1" m="30251" /><E82/><V106/><F106/><W97/><G80/><N who="0" m="49287" /><D7/><U115/><E119/><V59/><F59/><W91/><G6/><T104/><D104/><U19/><E43/><V100/><F130/><W103/><G3/><T65/><D65/><U98/><E50/><V127/><F127/><W125/><G66/><T33/><D33/><U71/><E71/><V47/><F47/><W22/><G70/><T131/><D131/><U4/><E4/><N who="2" m="1031" /><F69/><W94/><G125/><T120/><D120/><U134/><E115/><V9/><F9/><W56/><G10/><T87/><D41/><U11/><E134/><V133/><F68/><W34/><G75/><T135/><D40/><U38/><E38/><V13/><F133/><W116/><G73/><T29/><D135/><U96/><E11/><V42/><F42/><W25/><G116/><T1/><D1/><U109/><E109/><N who="2" m="41483" /><F13/><W16/><G12/><T28/><D15/><U17/><E98/><RYUUKYOKU ba="0,0" sc="262,-15,199,15,206,15,333,-15" hai1="17,18,19,30,31,48,54,92,96,102" hai2="26,27,81,86,93,99,100" /><INIT seed="6,1,0,1,4,114" ten="247,214,221,318" oya="2" hai0="81,30,88,38,32,1,91,69,43,6,103,118,110" hai1="29,64,2,44,18,63,77,54,65,74,46,56,14" hai2="106,129,135,72,15,60,108,124,47,105,39,93,134" hai3="85,42,12,23,111,62,3,5,31,92,98,25,9"/><V33/><F15/><W55/><G111/><T101/><D110/><U7/><E2/><V107/><F108/><W17/><G42/><T41/><D69/><U120/><E74/><V52/><F33/><N who="3" m="20719" /><G85/><T0/><D32/><U102/><E7/><V70/><F72/><W19/><G19/><T11/><D30/><U78/><E120/><V119/><F119/><W132/><G132/><N who="2" m="50729" /><F93/><W128/><G128/><T87/><D38/><U22/><E29/><V4/><F4/><W27/><G27/><T68/><D68/><U95/><E102/><V66/><F129/><W53/><G62/><T40/><D1/><U45/><E95/><V109/><F109/><W121/><G121/><T125/><D125/><U75/><E75/><V89/><F89/><AGARI ba="1,0" hai="3,5,9,12,17,23,53,55,89,92,98" m="20719" machi="89" ten="30,1000,0" yaku="24,1" doraHai="114" who="3" fromWho="2" sc="247,0,214,0,221,-13,318,13" /><INIT seed="7,0,0,4,4,27" ten="247,214,208,331" oya="3" hai0="116,7,85,1,26,100,9,80,84,15,101,74,12" hai1="102,96,61,64,65,110,103,35,82,69,72,90,48" hai2="76,47,78,8,44,121,46,104,34,129,54,135,111" hai3="114,79,55,117,133,41,107,29,73,33,60,99,115"/><W13/><G41/><T87/><D116/><U91/><E35/><V31/><F111/><W22/><G22/><T18/><D74/><U11/><E110/><V71/><F71/><W42/><G13/><N who="0" m="5311" /><D80/><U28/><E28/><V94/><F104/><W51/><G51/><T119/><D1/><U36/><E36/><V86/><F121/><W132/><G99/><T127/><D127/><U58/><E69/><V43/><F54/><W39/><G55/><T59/><D59/><U2/><E2/><V62/><F62/><W118/><G79/><T108/><D108/><U25/><E25/><V128/><F8/><W70/><G60/><T131/><D131/><N who="2" m="50250" /><F43/><W120/><G42/><T5/><D119/><U97/><E11/><V95/><F135/><W67/><G133/><T45/><D45/><N who="2" m="11522" /><V88/><DORA hai="4" /><F95/><W126/><G132/><T30/><D5/><U17/><E72/><V109/><F109/><W57/><G73/><T68/><D68/><U124/><E124/><V32/><F32/><W134/><G33/><T130/><D130/><U81/><E48/><V66/><F66/><W52/><G67/><T50/><D50/><U23/><E65/><V20/><F34/><W122/><G134/><T38/><D38/><U105/><E82/><V123/><F123/><W0/><G122/><T21/><D18/><U113/><E81/><V98/><F98/><W19/><G120/><T40/><D40/><U125/><E125/><V56/><F56/><W14/><G57/><T6/><D6/><U89/><E105/><V112/><F112/><W24/><G115/><T92/><D92/><RYUUKYOKU ba="0,0" sc="247,15,214,-15,208,15,331,-15" hai0="12,15,21,26,30,84,85,87,100,101" hai2="20,31,76,78,86,88,94" owari="262,6.0,199,-30.0,223,-18.0,316,42.0" /></mjloggm>