<mjloggm ver="2.3"><GO type="169" lobby="0"/><UN n0="%54%E3%83%BB%54%E3%83%BB%EF%BC%98" n1="%E9%A7%84%E5%A6%B9" n2="%E5%B0%B1%E6%B4%BB%E7%94%9F%40%E5%B7%9D%E6%9D%91%E8%BB%8D%E5%9B%A3" n3="%E3%82%A2%E3%82%B9%E3%82%BF%E3%83%8A" dan="16,17,19,18" rate="2113.04,2177.62,2371.61,2212.42" sx="M,F,M,M"/><TAIKYOKU oya="0"/><INIT seed="0,0,0,1,4,47" ten="250,250,250,250" oya="0" hai0="9,121,95,16,13,126,52,48,81,45,67,1,79" hai1="37,85,40,133,20,86,99,17,68,107,39,19,97" hai2="102,36,109,135,6,119,78,89,100,8,131,58,106" hai3="127,63,62,130,118,108,53,31,113,75,59,71,46"/><T49/><D121/><U88/><E68/><V64/><F36/><W12/><G118/><T10/><D126/><U44/><E133/><V28/><F78/><W15/><G113/><T70/><D70/><U54/><E37/><V0/><F135/><W5/><G75/><T112/><D67/><U18/><E85/><V41/><F41/><W51/><G127/><T110/><D112/><U103/><E97/><V115/><F109/><W38/><G31/><T80/><D110/><U91/><E54/><V124/><F131/><W11/><G108/><T125/><D125/><U66/><E66/><V43/><F43/><W7/><G130/><T24/><D24/><U120/><E120/><V123/><F106/><W83/><G83/><T65/><D65/><U21/><REACH who="1" step="1"/><E91/><REACH who="1" ten="250,240,250,250" step="2"/><V122/><F64/><W4/><G71/><T50/><D95/><AGARI ba="0,1" hai="17,18,19,20,21,39,40,44,86,88,95,99,103,107" machi="95" ten="40,5200,0" yaku="1,1,2,1,54,1,53,0" doraHai="47" doraHaiUra="132" who="1" fromWho="0" sc="250,-52,240,62,250,0,250,0" /><INIT seed="1,0,0,5,4,41" ten="198,302,250,250" oya="1" hai0="44,88,77,129,87,16,91,6,31,10,128,98,17" hai1="116,15,83,120,14,30,99,61,101,45,34,133,96" hai2="105,107,21,5,92,102,74,23,118,78,89,100,47" hai3="63,55,20,46,131,58,134,53,2,40,124,0,65"/><U29/><E116/><V130/><F118/><W110/><G110/><T33/><D33/><U86/><E120/><V135/><F135/><W18/><G134/><T56/><D31/><N who="1" m="11787" /><E34/><V7/><F130/><N who="0" m="50282" /><D98/><N who="1" m="37419" /><E101/><V66/><F66/><W59/><G131/><T52/><D77/><N who="1" m="46447" /><E133/><V75/><F78/><W37/><G124/><T109/><D109/><U64/><E45/><V22/><F92/><W38/><G38/><T25/><D44/><U4/><E4/><V51/><F89/><N who="0" m="34378" /><D87/><U13/><E13/><V62/><F75/><W35/><G35/><T113/><D25/><U68/><E68/><V49/><F74/><W67/><G67/><T97/><D97/><U127/><E127/><V79/><F79/><W54/><REACH who="3" step="1"/><G59/><REACH who="3" ten="198,302,250,240" step="2"/><T48/><D113/><U3/><E64/><V112/><F112/><W85/><G85/><T42/><D42/><U126/><E126/><V9/><F105/><W111/><G111/><T28/><D28/><U95/><E61/><V36/><F62/><W108/><G108/><T70/><D70/><U26/><E95/><V57/><F107/><W82/><G82/><T71/><D71/><U119/><E119/><V121/><F121/><W60/><G60/><T122/><D122/><U80/><E80/><V81/><F81/><W84/><G84/><T132/><D132/><U72/><E72/><V12/><F36/><W104/><G104/><T117/><D117/><U43/><E43/><N who="2" m="24831" /><F5/><W125/><G125/><T106/><D106/><U123/><E123/><V50/><F57/><W103/><G103/><AGARI ba="0,1" hai="7,9,12,21,22,23,50,51,100,102,103" m="24831" machi="103" ten="30,2000,0" yaku="8,1,52,1" doraHai="41" who="2" fromWho="3" sc="198,0,302,0,250,30,240,-20" /><INIT seed="2,0,0,0,2,134" ten="198,302,280,220" oya="2" hai0="52,100,53,25,85,0,14,115,18,36,10,30,47" hai1="37,48,110,46,106,51,81,111,88,118,44,59,90" hai2="65,93,133,114,112,78,105,11,96,129,109,117,72" hai3="102,104,29,122,127,131,17,8,132,119,92,84,103"/><V19/><F133/><W16/><G132/><T12/><D115/><U91/><E118/><V21/><F105/><W22/><G119/><T101/><D0/><U79/><E106/><V123/><F117/><W13/><G122/><T86/><D30/><U120/><E120/><V87/><F123/><W113/><G104/><T5/><D25/><U107/><E107/><V35/><F35/><W76/><G113/><T60/><D36/><U70/><E70/><V42/><F72/><W130/><G29/><T98/><D47/><N who="1" m="17963" /><E59/><V125/><F42/><W1/><G127/><T54/><D60/><U20/><E20/><V97/><F11/><W31/><G31/><T41/><D41/><U80/><E37/><V68/><F125/><W38/><G38/><T67/><D67/><U4/><E4/><V126/><F126/><W40/><G40/><T62/><D62/><U135/><E79/><V94/><F65/><W39/><G39/><T95/><REACH who="0" step="1"/><D101/><REACH who="0" ten="188,302,280,220" step="2"/><U74/><E135/><V28/><F112/><W71/><G1/><T15/><D15/><U6/><E48/><V56/><F28/><W23/><G13/><T32/><D32/><U2/><E51/><V26/><F26/><W124/><G124/><T83/><D83/><U63/><E63/><V3/><F3/><W128/><G102/><T34/><D34/><U27/><E27/><V73/><F114/><W24/><G103/><T89/><D89/><U7/><E2/><V121/><F121/><W82/><G24/><T75/><D75/><U33/><E33/><V49/><F73/><W99/><G82/><N who="1" m="31850" /><E74/><V69/><F69/><RYUUKYOKU ba="0,1" sc="188,15,302,15,280,-15,220,-15" hai0="5,10,12,14,18,52,53,54,85,86,95,98,100" hai1="6,7,88,90,91,110,111" /><INIT seed="3,1,1,4,1,108" ten="203,317,265,205" oya="3" hai0="132,117,54,47,82,134,128,130,41,67,78,17,69" hai1="125,84,20,91,18,8,0,48,50,115,95,19,10" hai2="56,46,28,74,105,6,85,40,1,97,34,106,37" hai3="31,65,29,77,33,129,81,21,2,112,9,110,59"/><W99/><G33/><T55/><D17/><U23/><E125/><V15/><F74/><W61/><G129/><N who="0" m="49771" /><D78/><U113/><E0/><V104/><F1/><W4/><G110/><T7/><D82/><U68/><E68/><V27/><F97/><W3/><G3/><T102/><D7/><U58/><E58/><V124/><F124/><W121/><G121/><T66/><D102/><U101/><E101/><V72/><F72/><W94/><G21/><T12/><D12/><U32/><E32/><V45/><F45/><W127/><G127/><T111/><D117/><U90/><E95/><V64/><F85/><AGARI ba="1,1" hai="8,10,18,19,20,23,48,50,84,85,90,91,113,115" machi="85" ten="25,6400,0" yaku="22,2,52,2" doraHai="108" who="1" fromWho="2" sc="203,0,317,77,265,-67,205,0" /><INIT seed="4,0,0,3,0,70" ten="203,394,198,205" oya="0" hai0="122,2,13,37,84,72,58,46,33,3,21,112,14" hai1="78,7,81,63,45,60,96,57,9,92,65,31,83" hai2="116,23,48,61,95,129,16,90,74,85,123,80,32" hai3="51,11,100,107,118,28,121,22,27,19,105,124,44"/><T15/><D72/><U134/><E134/><V69/><F123/><W52/><G118/><T38/><D122/><U89/><E31/><V130/><F32/><W17/><G121/><T73/><D33/><U8/><E45/><V110/><F110/><W135/><G135/><T35/><D35/><U1/><E78/><V77/><F116/><W131/><G131/><T12/><D73/><U62/><E9/><V87/><F74/><W75/><G75/><T20/><D112/><U30/><E30/><V117/><F117/><W39/><G124/><T5/><D58/><U102/><E102/><V98/><F48/><W50/><G50/><T29/><D84/><U0/><E0/><V114/><F114/><W115/><G115/><T42/><N who="0" m="3072" /><DORA hai="97" /><T76/><D76/><U128/><E128/><N who="2" m="49259" /><F61/><W120/><G120/><T111/><D111/><U99/><E99/><V94/><F69/><W82/><G82/><T36/><D29/><U119/><E119/><V132/><F132/><W47/><G11/><T56/><D56/><U6/><E6/><V24/><F98/><W67/><G107/><T126/><D126/><U108/><E108/><V55/><F55/><W34/><G67/><T54/><D54/><U109/><E109/><V10/><F10/><W113/><G113/><T133/><D133/><U4/><E4/><V125/><F125/><W49/><G34/><T18/><D5/><U66/><E62/><V91/><F77/><W127/><G127/><T41/><D41/><U59/><AGARI ba="0,0" hai="1,7,8,57,59,60,63,65,66,81,83,89,92,96" machi="59" ten="20,2700,0" yaku="0,1,7,1,9,1" doraHai="70,97" who="1" fromWho="1" sc="203,-13,394,27,198,-7,205,-7" /><INIT seed="5,0,0,1,0,23" ten="190,421,191,198" oya="1" hai0="56,95,112,20,120,32,42,62,78,51,13,109,31" hai1="106,80,72,128,27,117,9,100,29,35,105,125,19" hai2="0,108,123,111,14,44,10,83,119,113,65,92,67" hai3="99,86,22,24,74,73,26,122,39,90,15,131,12"/><U116/><E125/><V133/><F0/><W97/><G122/><T7/><D109/><U76/><E128/><V57/><F123/><W36/><G22/><T30/><D120/><U126/><E126/><V28/><F119/><W114/><G86/><T11/><D32/><U58/><E58/><V96/><F133/><W70/><G90/><T98/><D78/><U93/><E93/><V102/><F113/><W54/><G54/><T43/><D112/><U55/><E55/><V34/><F44/><W38/><G38/><T130/><D130/><U103/><E100/><V2/><F2/><W6/><G6/><T41/><D51/><U21/><E9/><V25/><F83/><W53/><G53/><T52/><REACH who="0" step="1"/><D20/><REACH who="0" ten="180,421,191,198" step="2"/><U37/><E37/><V4/><REACH who="2" step="1"/><F57/><REACH who="2" ten="180,421,181,198" step="2"/><W48/><G114/><T68/><D68/><U45/><E116/><V121/><F121/><W104/><G70/><T1/><D1/><U77/><E117/><V91/><F91/><AGARI ba="0,2" hai="7,11,13,30,31,41,42,43,52,56,62,91,95,98" machi="91" ten="40,5200,0" yaku="1,1,8,1,54,1,53,0" doraHai="23" doraHaiUra="107" who="0" fromWho="2" sc="180,72,421,0,181,-52,198,0" /><INIT seed="6,0,0,4,1,27" ten="252,421,129,198" oya="2" hai0="89,49,57,125,93,81,130,92,119,111,13,25,94" hai1="46,102,50,91,56,104,28,30,51,26,77,14,123" hai2="55,9,76,109,82,98,63,122,86,112,15,12,106" hai3="59,120,64,121,115,48,22,128,116,6,11,103,124"/><V129/><F122/><W40/><G116/><T73/><D119/><U37/><E37/><V47/><F109/><W10/><G128/><T54/><D111/><U84/><E77/><V42/><F129/><W36/><G36/><T43/><D130/><U3/><E3/><V85/><F112/><W65/><G124/><T134/><D125/><U79/><E79/><V114/><F114/><W32/><G32/><T107/><D107/><U24/><E104/><V8/><F86/><W71/><G71/><T99/><D134/><U101/><E14/><V131/><F131/><W31/><G115/><T33/><D43/><U5/><E5/><V132/><F132/><W61/><G65/><T1/><D1/><U110/><E123/><V18/><F106/><W16/><G103/><N who="1" m="39434" /><E56/><N who="2" m="35231" /><F98/><W117/><G117/><T38/><D38/><U70/><E70/><V108/><F108/><W135/><G135/><T0/><D0/><U23/><E110/><V78/><F78/><W69/><G120/><T100/><D54/><U53/><E50/><N who="2" m="26999" /><F12/><W66/><G121/><T52/><D13/><U113/><E113/><V34/><F34/><W17/><G69/><T80/><D73/><U44/><E44/><V7/><F9/><W88/><G11/><T4/><D100/><U74/><E74/><V118/><F118/><W95/><G10/><T127/><D127/><U60/><E84/><V68/><F68/><W58/><G22/><T75/><D75/><U72/><E72/><V83/><F83/><N who="0" m="31818" /><D33/><N who="1" m="20615" /><E91/><V126/><F126/><W45/><G88/><T29/><D89/><U41/><E41/><V133/><F133/><RYUUKYOKU ba="0,0" sc="252,-15,421,15,129,15,198,-15" hai1="23,26,30,46,51,53,60" hai2="7,8,15,18,76,82,85" /><INIT seed="6,1,0,0,4,31" ten="237,436,144,183" oya="2" hai0="37,14,69,79,25,127,128,53,131,112,59,77,12" hai1="133,119,96,1,5,44,16,122,80,78,20,47,52" hai2="42,4,125,126,10,23,116,15,105,108,50,62,132" hai3="64,32,30,63,43,94,46,8,28,89,26,48,82"/><V97/><F116/><W21/><G82/><T103/><D69/><U61/><E119/><V109/><F132/><W29/><G8/><T35/><D37/><U33/><E33/><V55/><F42/><W66/><G21/><T7/><D103/><U83/><E133/><V134/><F134/><W67/><REACH who="3" step="1"/><G63/><REACH who="3" ten="237,436,144,173" step="2"/><T68/><D128/><U104/><E83/><V110/><F62/><W90/><G90/><T98/><D131/><U56/><E80/><V99/><F23/><W93/><G93/><T65/><D79/><U60/><E60/><V74/><F74/><W58/><G58/><T130/><D77/><U45/><E78/><V107/><F107/><W27/><G27/><T102/><D25/><U57/><E57/><N who="2" m="33015" /><F105/><W11/><G11/><T19/><D59/><U70/><E104/><V13/><F13/><W84/><AGARI ba="1,1" hai="26,28,29,30,32,43,46,48,64,66,67,84,89,94" machi="84" ten="30,4000,0" yaku="1,1,0,1,52,1,53,0" doraHai="31" doraHaiUra="121" who="3" fromWho="3" sc="237,-11,436,-11,144,-21,173,53" /><INIT seed="7,0,0,3,3,104" ten="226,425,123,226" oya="3" hai0="36,53,87,41,132,35,45,1,66,109,28,97,101" hai1="20,8,95,107,129,114,69,32,72,124,59,84,91" hai2="48,90,81,38,70,52,98,121,65,93,88,14,116" hai3="7,106,117,21,73,57,43,6,112,23,83,39,102"/><W71/><G71/><T58/><D109/><U123/><E69/><V80/><F116/><W54/><G117/><T50/><D132/><U120/><E32/><V17/><F38/><W122/><G122/><T94/><D1/><U96/><E20/><V126/><F121/><W37/><G106/><T30/><D35/><U11/><E59/><V130/><F126/><W47/><G102/><T78/><D66/><U40/><E40/><V133/><F133/><W85/><G39/><T108/><D108/><U26/><E26/><V15/><F130/><W61/><G112/><T27/><D27/><U111/><E111/><V18/><F65/><W56/><G56/><T24/><D24/><U82/><E114/><V131/><F70/><W12/><G73/><T128/><D128/><U22/><E129/><V64/><F64/><W19/><REACH who="3" step="1"/><G23/><REACH who="3" ten="226,425,123,216" step="2"/><T4/><D36/><U2/><E22/><V125/><F125/><W113/><G113/><T16/><D58/><U118/><E124/><V62/><F131/><W60/><G60/><T63/><D63/><U92/><E118/><V3/><F62/><W127/><G127/><T49/><D101/><N who="1" m="62887" /><E72/><V110/><F110/><W44/><G44/><T42/><D50/><U77/><E123/><V76/><F3/><W5/><G5/><T34/><D4/><U13/><E120/><V89/><F15/><W31/><G31/><T55/><D30/><U29/><E29/><V75/><F81/><W86/><G86/><T67/><D87/><U74/><E84/><V33/><F33/><W46/><G46/><T9/><D34/><U68/><E68/><RYUUKYOKU ba="0,1" sc="226,-10,425,-10,123,-10,216,30" hai3="6,7,12,19,21,37,43,47,54,57,61,83,85" /><INIT seed="7,1,1,1,4,45" ten="216,415,113,246" oya="3" hai0="50,39,32,126,87,65,109,119,20,66,60,51,48" hai1="116,77,52,69,2,83,55,28,111,88,49,122,72" hai2="82,64,131,93,108,33,104,67,118,95,130,91,12" hai3="53,80,121,85,63,18,29,40,117,96,89,34,44"/><W25/><G121/><T46/><D32/><U113/><E111/><V24/><F104/><W3/><G3/><T70/><D119/><U73/><E122/><V56/><F108/><W103/><G117/><T127/><D109/><U43/><E116/><V47/><F118/><W98/><G18/><T134/><D134/><U6/><E72/><V15/><F82/><W125/><G125/><N who="0" m="47627" /><D66/><U59/><E69/><V61/><F33/><W102/><G53/><N who="0" m="29847" /><D39/><U30/><E113/><V13/><F24/><W31/><G63/><T54/><D54/><U7/><E43/><V129/><F47/><W106/><G25/><T115/><D115/><U90/><E55/><V17/><F67/><W74/><G74/><T10/><D10/><U135/><E135/><V101/><F101/><W92/><REACH who="3" step="1"/><G34/><REACH who="3" ten="216,415,113,236" step="2"/><T100/><D60/><U75/><E75/><V132/><F132/><W8/><G8/><T35/><D35/><U27/><E2/><V11/><REACH who="2" step="1"/><F95/><REACH who="2" ten="216,415,103,236" step="2"/><W22/><G22/><T110/><D20/><U38/><E27/><V128/><N who="2" m="33280" /><DORA hai="41" /><V4/><F4/><W9/><G9/><T1/><D1/><U86/><E6/><V105/><F105/><W81/><G81/><T94/><D94/><U0/><E7/><V112/><F112/><W79/><G79/><T99/><D110/><U16/><E77/><V21/><F21/><W123/><G123/><T107/><D107/><U62/><E83/><V23/><F23/><W36/><AGARI ba="1,3" hai="29,31,36,40,44,80,85,89,92,96,98,102,103,106" machi="36" ten="20,12000,1" yaku="1,1,0,1,7,1,52,1,53,1" doraHai="45,41" doraHaiUra="124,42" who="3" fromWho="3" sc="216,-41,415,-41,103,-41,236,153" owari="175,-22.0,374,17.0,62,-44.0,389,49.0" /></mjloggm>