<mjloggm ver="2.3"><GO type="169" lobby="0"/><UN n0="%E3%83%95%E3%82%A7%E3%83%AB%E3%83%8A%E3%83%B3%E3%83%89" n1="%E3%81%84%E3%81%AA%E3%81%97%E3%82%93%E3%80%82" n2="%E6%9C%89%E6%98%8E%E3%81%82%E3%82%8A%E3%81%82" n3="%E5%B0%B1%E6%B4%BB%E7%94%9F%40%E5%B7%9D%E6%9D%91%E8%BB%8D%E5%9B%A3" dan="17,16,16,19" rate="2147.11,2103.59,2081.53,2345.60" sx="M,M,F,M"/><TAIKYOKU oya="0"/><INIT seed="0,0,0,1,2,116" ten="250,250,250,250" oya="0" hai0="110,16,100,54,45,57,56,97,129,2,52,69,85" hai1="42,0,81,130,122,27,88,105,47,23,62,117,43" hai2="55,46,17,124,109,126,20,79,33,108,118,111,83" hai3="34,127,106,107,44,48,12,94,41,89,10,73,19"/><T91/><D69/><U120/><E117/><V61/><F118/><W64/><G127/><N who="2" m="48681" /><F33/><W14/><G73/><T59/><D2/><U71/><E0/><V37/><F61/><W18/><G34/><T29/><D129/><U102/><E130/><V77/><F83/><W40/><G64/><T30/><D110/><U114/><E114/><V82/><F82/><W68/><G68/><T101/><D45/><U96/><E62/><V98/><F98/><W134/><G134/><T95/><D16/><U133/><E71/><V26/><F55/><N who="0" m="21034" /><D101/><U92/><E81/><AGARI ba="0,0" hai="29,30,56,57,59,81,85,91,95,97,100" m="21034" machi="81" ten="30,2900,0" yaku="8,1,54,1" doraHai="116" who="0" fromWho="1" sc="250,29,250,-29,250,0,250,0" /><INIT seed="0,1,0,1,2,41" ten="279,221,250,250" oya="0" hai0="65,58,101,116,29,15,112,89,44,59,14,51,108" hai1="55,104,53,91,13,133,18,16,45,22,17,10,71" hai2="56,77,49,62,126,12,85,127,93,120,131,26,27" hai3="43,70,35,36,7,25,102,4,72,34,73,111,109"/><T76/><D112/><U21/><E133/><V3/><F3/><W80/><G70/><T28/><D116/><U87/><E104/><V113/><F120/><W67/><G67/><T83/><D101/><U99/><E71/><V117/><F113/><W118/><G102/><T33/><D108/><U68/><E68/><V1/><F1/><W86/><G43/><T106/><D106/><U92/><E99/><V32/><F131/><W8/><G36/><T125/><D125/><U2/><E2/><V119/><F49/><W90/><G118/><N who="2" m="45065" /><F12/><N who="0" m="4650" /><D33/><U97/><E97/><V135/><F135/><W5/><G8/><T134/><D76/><U122/><E122/><V96/><F77/><W66/><G66/><T19/><D19/><N who="1" m="7243" /><E55/><N who="2" m="34079" /><F85/><W124/><G124/><N who="2" m="47657" /><F32/><W52/><G35/><T75/><D134/><U48/><AGARI ba="1,0" hai="10,13,18,21,22,45,48,53,87,91,92" m="7243" machi="48" ten="30,4000,0" yaku="8,1,52,1,54,1" doraHai="41" who="1" fromWho="1" sc="279,-21,221,43,250,-11,250,-11" /><INIT seed="1,0,0,0,5,71" ten="258,264,239,239" oya="1" hai0="22,50,95,115,23,113,26,81,30,25,130,24,78" hai1="108,121,72,53,75,111,74,76,98,37,96,110,34" hai2="51,124,6,107,5,17,0,99,104,41,101,4,65" hai3="68,19,129,132,40,88,126,56,122,44,38,18,119"/><U15/><E121/><V79/><F124/><W55/><G122/><T21/><D130/><U106/><E34/><V46/><F0/><W60/><G129/><T112/><D95/><U123/><E123/><V36/><F79/><W28/><G126/><T57/><D30/><U13/><E76/><V63/><F17/><W131/><G131/><T97/><D97/><N who="1" m="37483" /><E106/><V128/><F128/><W94/><G132/><T33/><D33/><U2/><E2/><V85/><F85/><W89/><G119/><T67/><D50/><U83/><E83/><V117/><F117/><W45/><G28/><T73/><D57/><U35/><E35/><V102/><F102/><W58/><G68/><T59/><D59/><U116/><E116/><V27/><F27/><W77/><G77/><T8/><D8/><U66/><E66/><AGARI ba="0,0" hai="21,22,23,24,25,26,66,67,73,78,81,112,113,115" machi="66" ten="50,3200,0" yaku="29,2" doraHai="71" who="0" fromWho="1" sc="258,32,264,-32,239,0,239,0" /><INIT seed="2,0,0,4,1,129" ten="290,232,239,239" oya="2" hai0="13,123,91,127,21,20,60,103,69,54,80,134,29" hai1="107,42,1,79,31,53,116,90,40,33,92,65,121" hai2="101,62,5,89,36,117,18,61,84,133,41,135,38" hai3="67,15,48,19,12,110,39,50,28,70,81,118,57"/><V76/><F117/><W97/><G39/><T78/><D123/><U88/><E116/><V98/><F5/><W43/><G70/><T131/><D131/><U106/><E65/><V37/><F41/><W120/><G28/><T104/><D127/><U112/><E79/><V23/><F76/><W8/><G110/><T56/><D69/><U77/><E77/><V87/><F62/><W52/><G120/><T93/><D104/><U74/><E74/><V126/><F61/><W32/><G32/><T25/><D103/><U73/><E73/><V24/><F126/><W26/><G26/><T45/><D45/><U113/><E1/><V122/><F122/><W6/><G118/><T115/><D115/><U58/><E121/><V3/><F3/><W0/><G81/><T102/><D102/><U46/><E112/><V72/><F72/><W10/><G97/><T2/><D2/><U130/><E113/><V35/><F35/><W96/><G96/><N who="0" m="57407" /><D134/><N who="2" m="51210" /><F89/><W14/><G67/><T47/><D78/><U132/><E130/><V4/><F4/><W16/><G0/><T82/><D60/><N who="1" m="35919" /><E90/><V114/><F114/><W55/><G43/><T108/><D108/><U109/><E132/><V86/><F86/><W68/><G68/><T22/><D54/><U124/><E124/><V59/><F59/><N who="3" m="33159" /><G6/><T9/><D56/><U49/><E40/><V119/><F119/><W99/><G99/><T111/><D111/><U34/><E109/><V44/><F44/><W64/><G64/><T66/><D47/><U30/><E33/><V51/><F51/><W75/><G75/><T71/><D66/><RYUUKYOKU ba="0,0" sc="290,-15,232,-15,239,15,239,15" hai2="18,23,24,36,37,38,84,87,98,101" hai3="8,10,12,14,15,16,19,50,55,57" /><INIT seed="2,1,0,3,4,83" ten="275,217,254,254" oya="2" hai0="67,53,21,24,0,38,65,68,19,56,122,103,66" hai1="4,117,44,13,39,1,22,104,78,47,9,27,95" hai2="25,98,135,36,51,16,11,99,88,74,7,133,6" hai3="50,97,29,82,126,30,124,119,93,80,60,86,115"/><V32/><F36/><W69/><G119/><T59/><D122/><U94/><E104/><V91/><F74/><W81/><G115/><T37/><D68/><U102/><E117/><V23/><F32/><W42/><G69/><T52/><D0/><U90/><E78/><V49/><F51/><W128/><G128/><T105/><D56/><U109/><E109/><V77/><F77/><W70/><G70/><T129/><D129/><U17/><E39/><V112/><F112/><W26/><G60/><T134/><D53/><U8/><E102/><V92/><F49/><W114/><G114/><T54/><D54/><U41/><E41/><V108/><F108/><W63/><G63/><T18/><D134/><N who="2" m="51210" /><F11/><W72/><G72/><T116/><D116/><U125/><E125/><N who="3" m="48234" /><G50/><T46/><D46/><U79/><E79/><V101/><F91/><N who="3" m="55487" /><G42/><T5/><D38/><U33/><E94/><AGARI ba="1,0" hai="6,7,16,23,25,88,92,94,98,99,101" m="51210" machi="94" ten="30,5800,0" yaku="20,1,54,2" doraHai="83" who="2" fromWho="1" sc="275,0,217,-61,254,61,254,0" /><INIT seed="2,2,0,1,1,3" ten="275,156,315,254" oya="2" hai0="99,86,96,15,13,107,46,53,120,64,129,109,123" hai1="97,50,68,75,34,17,61,95,124,12,98,80,42" hai2="102,89,135,44,36,21,40,112,78,121,41,72,115" hai3="27,77,39,73,67,26,57,0,108,71,114,47,111"/><V55/><F121/><W43/><G114/><T110/><D129/><U18/><E34/><V58/><F135/><W100/><G100/><T31/><D64/><U113/><E113/><V52/><F102/><W23/><G0/><T60/><D31/><U1/><E1/><V105/><F105/><W132/><G132/><T133/><D133/><U128/><E128/><V117/><F117/><W84/><G73/><T66/><D107/><U125/><E18/><V119/><F119/><W8/><G8/><T24/><D24/><U94/><E75/><V122/><F122/><N who="0" m="46634" /><D86/><U131/><E131/><V16/><F41/><W48/><G84/><T4/><D46/><N who="1" m="25943" /><E80/><V10/><F10/><W76/><G71/><T106/><D53/><U81/><E81/><V91/><F55/><W63/><G39/><T127/><D127/><N who="1" m="48715" /><E98/><N who="0" m="37417" /><D106/><U29/><E29/><V54/><F54/><W103/><G103/><T74/><D74/><U2/><E2/><V28/><F28/><W101/><G101/><T92/><D92/><U90/><E95/><V5/><F72/><W88/><G27/><T38/><D38/><U85/><E97/><V65/><F36/><W33/><G33/><T126/><D126/><U104/><E104/><V130/><F130/><W51/><G51/><T83/><D83/><U134/><E134/><V93/><F93/><W79/><G88/><N who="2" m="33865" /><F115/><W56/><G56/><T45/><D45/><U82/><E82/><V7/><F112/><W30/><AGARI ba="2,0" hai="23,26,30,43,47,48,57,63,67,76,77,79,108,111" machi="30" ten="30,1100,0" yaku="0,1" doraHai="3" who="3" fromWho="3" sc="275,-5,156,-5,315,-7,254,17" /><INIT seed="3,0,0,1,2,76" ten="270,151,308,271" oya="3" hai0="102,100,77,57,123,55,80,65,75,129,31,130,120" hai1="71,86,27,22,18,16,41,40,69,68,61,26,84" hai2="4,53,107,43,49,48,101,64,24,8,117,17,98" hai3="110,25,131,111,9,0,121,36,128,118,126,113,122"/><W51/><G36/><T94/><D65/><U67/><E71/><V38/><F117/><W78/><G118/><T59/><D31/><U29/><E69/><V30/><F64/><W106/><G106/><T114/><D59/><U46/><E40/><V88/><F17/><W91/><G78/><T12/><D114/><U70/><E70/><V103/><F103/><N who="0" m="39466" /><D12/><U54/><E54/><V60/><F38/><W2/><G113/><T10/><D10/><U74/><E74/><V11/><F43/><W135/><G135/><T45/><D94/><U105/><E105/><V119/><F119/><W133/><G133/><T134/><D45/><U6/><E6/><V104/><F104/><W87/><G126/><T37/><D37/><U7/><E7/><V66/><F11/><W63/><G25/><T28/><D28/><U124/><E124/><V73/><F73/><W35/><G35/><T5/><D5/><U116/><E116/><V21/><F53/><W72/><G72/><T132/><D132/><U81/><E27/><V92/><F66/><W127/><G127/><T109/><D109/><N who="3" m="41481" /><G63/><N who="0" m="36287" /><D134/><U32/><E32/><V33/><F60/><W83/><G51/><T1/><D1/><N who="3" m="617" /><G9/><T13/><D13/><U50/><REACH who="1" step="1"/><E86/><REACH who="1" ten="270,141,308,271" step="2"/><N who="2" m="52247" /><F33/><W115/><G115/><T20/><D123/><AGARI ba="0,1" hai="83,87,91,121,122,123,128,131" m="617,41481" machi="123" ten="40,7700,0" yaku="14,1,10,1,52,1" doraHai="76" who="3" fromWho="0" sc="270,-77,141,0,308,0,271,87" /><INIT seed="3,1,0,0,3,113" ten="193,141,308,358" oya="3" hai0="119,0,70,74,122,46,128,132,72,90,108,18,102" hai1="103,100,64,116,94,123,62,95,35,80,51,85,124" hai2="126,49,66,3,32,27,36,61,107,57,11,48,86" hai3="28,60,111,83,5,17,114,105,97,77,31,65,115"/><W1/><G17/><T68/><D122/><U121/><E35/><V56/><F36/><W84/><G1/><T41/><D0/><U91/><E51/><V104/><F126/><W29/><G5/><T52/><D108/><U117/><E124/><V110/><F110/><W37/><G37/><T69/><D128/><U87/><E62/><V129/><F129/><W12/><G12/><T82/><D132/><U125/><E64/><V55/><F49/><W96/><G111/><T4/><D4/><U22/><E22/><V88/><F3/><W89/><G105/><T39/><D102/><N who="1" m="38955" /><E125/><V53/><F11/><W26/><G26/><T54/><D119/><N who="1" m="45643" /><E95/><V19/><F66/><W25/><G114/><T30/><D39/><U92/><E94/><V23/><F32/><W47/><G60/><T81/><D70/><U127/><E127/><V93/><AGARI ba="1,0" hai="19,23,27,48,53,55,56,57,61,86,88,93,104,107" machi="93" ten="20,2700,0" yaku="0,1,7,1,54,1" doraHai="113" who="2" fromWho="2" sc="193,-8,141,-8,308,30,358,-14" /><INIT seed="4,0,0,0,1,13" ten="185,133,338,344" oya="0" hai0="104,0,35,7,67,84,26,5,15,36,38,58,121" hai1="37,60,107,20,134,27,49,68,42,95,112,78,46" hai2="85,69,66,14,129,110,74,117,39,28,79,76,105" hai3="97,102,130,114,8,4,116,128,29,70,96,90,98"/><T48/><D121/><U124/><E107/><V83/><F110/><W45/><G116/><T24/><D0/><U99/><E112/><V40/><F117/><W22/><G70/><T120/><D120/><U93/><E134/><V54/><F105/><W51/><G114/><T16/><D104/><U19/><E124/><V11/><F28/><W87/><G29/><T131/><D131/><N who="3" m="50217" /><G22/><T18/><D35/><U6/><E78/><V59/><F129/><W23/><G23/><N who="0" m="13431" /><D38/><U25/><E6/><V31/><F31/><W57/><G57/><T17/><D36/><U89/><E37/><V123/><F123/><W34/><G34/><T30/><D30/><U43/><E93/><V126/><F126/><W63/><G63/><N who="0" m="38391" /><D26/><U100/><E27/><V88/><F74/><W10/><G4/><N who="0" m="1611" /><D15/><U82/><E42/><V61/><F40/><N who="3" m="24999" /><G102/><T132/><D132/><U111/><E111/><V81/><F39/><W86/><G86/><T127/><D127/><U122/><E122/><V119/><F119/><W72/><G72/><T118/><D118/><U94/><E82/><AGARI ba="0,0" hai="8,10,82,87,90,96,97,98" m="24999,50217" machi="82" ten="30,1000,0" yaku="19,1" doraHai="13" who="3" fromWho="1" sc="185,0,133,-10,338,0,344,10" /><INIT seed="5,0,0,1,3,112" ten="185,123,338,354" oya="1" hai0="100,49,11,82,1,106,94,104,109,26,59,61,2" hai1="13,117,103,44,46,108,72,88,76,54,40,30,101" hai2="98,116,27,113,18,51,102,9,89,0,41,78,68" hai3="75,60,90,55,65,63,22,14,25,96,69,7,38"/><U73/><E117/><V3/><F68/><W16/><G38/><T74/><D109/><U118/><E118/><V35/><F116/><W37/><G37/><T114/><D114/><U48/><E108/><V57/><F78/><W123/><G75/><T128/><D128/><U53/><E30/><V135/><F135/><W36/><G36/><T34/><D106/><U121/><E121/><V99/><F89/><W23/><G123/><T21/><D104/><U86/><E72/><V67/><F67/><W120/><G120/><T87/><D34/><U64/><E64/><V52/><F41/><W39/><G39/><T10/><D74/><U111/><E111/><V19/><F99/><W6/><G23/><T83/><D2/><U12/><E73/><V93/><F113/><W17/><G17/><T58/><D1/><U133/><E76/><V77/><F77/><W124/><G14/><N who="1" m="5738" /><E133/><V28/><REACH who="2" step="1"/><F0/><REACH who="2" ten="185,123,328,354" step="2"/><W32/><G90/><T62/><D49/><N who="1" m="28983" /><E40/><V125/><F125/><W56/><G124/><T119/><D119/><U79/><E79/><V81/><F81/><AGARI ba="0,1" hai="44,48,53,81,86,88,101,103" m="28983,5738" machi="81" ten="30,2900,0" yaku="8,1,54,1" doraHai="112" who="1" fromWho="2" sc="185,0,123,39,328,-29,354,0" /><INIT seed="5,1,0,4,0,119" ten="185,162,299,354" oya="1" hai0="52,85,108,105,44,87,47,31,128,71,83,43,64" hai1="74,32,134,21,2,5,84,18,114,63,75,100,16" hai2="35,28,126,94,38,109,81,27,17,41,67,117,79" hai3="127,24,104,39,23,132,124,48,11,112,111,46,102"/><U130/><E32/><V7/><F117/><W54/><G112/><T97/><D108/><U107/><E114/><V62/><F109/><W20/><G111/><T53/><D128/><U98/><E130/><V115/><F115/><W125/><G132/><T58/><D31/><U50/><E134/><V95/><F126/><W92/><G104/><T8/><D87/><U76/><E18/><V10/><F17/><W49/><G11/><T116/><D116/><U19/><E19/><V29/><F29/><W1/><G1/><T56/><D8/><U34/><E34/><V89/><F89/><W77/><G77/><T61/><D105/><U106/><E106/><V129/><F129/><W60/><G39/><T6/><D97/><U45/><E63/><V110/><F110/><W57/><G24/><T0/><D0/><U33/><E33/><V59/><F41/><N who="3" m="24655" /><G60/><N who="0" m="40327" /><D6/><U69/><E69/><V80/><F38/><W123/><G20/><T26/><D26/><U42/><E5/><V55/><F67/><W4/><G4/><T118/><D118/><U73/><E2/><V22/><F35/><W135/><G23/><T9/><D9/><U66/><E66/><V13/><REACH who="2" step="1"/><F80/><REACH who="2" ten="185,162,289,354" step="2"/><W12/><G135/><T70/><D83/><U99/><E99/><V82/><F82/><W122/><G12/><T40/><D40/><U91/><E76/><V133/><F133/><W15/><G15/><T68/><D43/><U51/><E51/><V103/><F103/><W30/><G30/><T88/><D70/><U14/><E91/><V101/><F101/><W90/><G102/><T37/><D37/><RYUUKYOKU ba="1,1" sc="185,-30,162,10,289,10,354,10" hai1="14,16,21,42,45,50,73,74,75,84,98,100,107" hai2="7,10,13,22,27,28,55,59,62,79,81,94,95" hai3="49,54,57,90,92,122,123,124,125,127" /><INIT seed="5,2,1,0,0,57" ten="155,172,299,364" oya="1" hai0="90,87,16,75,46,99,74,81,17,43,48,126,135" hai1="107,1,125,127,6,35,29,134,19,3,62,40,28" hai2="130,55,18,49,23,2,73,37,86,54,47,123,104" hai3="114,132,26,10,100,70,110,131,32,60,25,109,61"/><U108/><E107/><V14/><F123/><W52/><G70/><T59/><D126/><N who="1" m="48139" /><E40/><V102/><F73/><W96/><G32/><T41/><D135/><U22/><E134/><V45/><F130/><W112/><G131/><T113/><D113/><N who="3" m="43625" /><G10/><T105/><D43/><U20/><E108/><N who="3" m="41578" /><G132/><T106/><D106/><U82/><E82/><V56/><F2/><N who="1" m="521" /><E6/><V63/><F86/><W122/><G122/><T80/><D59/><U116/><E116/><V92/><F104/><N who="3" m="63495" /><G52/><T88/><D105/><U21/><E62/><AGARI ba="2,1" hai="25,26,60,61,62" m="63495,41578,43625" machi="62" ten="30,7700,0" yaku="15,1,52,3" doraHai="57" who="3" fromWho="1" sc="155,0,172,-83,299,0,364,93" /><INIT seed="6,0,0,4,1,20" ten="155,89,299,457" oya="2" hai0="67,10,113,99,24,81,36,3,37,43,32,133,56" hai1="71,26,110,40,35,124,104,70,9,46,33,54,112" hai2="129,23,111,39,122,2,94,72,123,0,64,100,73" hai3="117,62,47,98,101,103,87,77,14,6,115,102,106"/><V126/><F39/><W134/><G117/><T45/><D37/><N who="1" m="21775" /><E54/><V69/><F64/><W51/><G115/><T131/><D113/><U19/><E19/><V55/><F69/><N who="1" m="26121" /><E112/><V8/><F55/><W60/><G134/><T75/><D133/><U30/><E110/><V1/><F111/><W128/><G128/><T15/><D131/><U34/><E124/><V58/><F126/><W74/><G74/><T105/><D67/><U63/><E63/><V135/><F129/><W83/><G98/><T78/><D56/><U91/><E91/><V13/><F135/><W29/><G29/><N who="0" m="19495" /><D99/><U61/><E61/><V53/><F23/><W5/><G106/><T130/><D130/><U21/><E21/><V127/><F127/><W85/><G85/><T116/><D15/><U11/><E11/><V44/><F44/><W12/><G60/><T41/><D41/><U125/><E125/><V28/><F28/><W118/><G62/><T17/><D17/><U25/><E9/><V22/><F22/><W86/><G86/><T4/><D116/><U108/><E108/><V68/><F68/><W59/><G59/><T66/><D66/><U82/><E82/><V57/><F57/><W109/><G109/><T121/><D105/><U76/><E76/><V93/><F8/><W114/><G118/><T42/><D43/><U38/><E38/><V90/><F13/><N who="3" m="5227" /><G114/><T16/><D16/><U107/><E35/><V80/><F80/><W84/><G84/><T27/><D27/><U92/><E92/><V95/><F90/><W97/><G97/><T65/><D65/><U96/><E96/><RYUUKYOKU ba="0,0" sc="155,10,89,10,299,-30,457,10" hai0="3,4,10,36,42,45,75,78,81,121" hai1="25,26,30,33,34,104,107" hai3="5,6,47,51,77,83,87,101,102,103" /><INIT seed="7,1,0,4,3,63" ten="165,99,269,467" oya="3" hai0="22,135,26,91,103,10,111,40,85,58,105,66,97" hai1="60,100,14,109,71,112,6,69,27,77,73,102,106" hai2="39,101,2,41,83,52,99,96,89,50,57,13,121" hai3="47,36,123,130,51,12,54,122,78,34,49,133,37"/><W72/><G34/><T76/><D111/><U116/><E109/><V95/><F2/><W67/><G12/><T93/><D135/><U114/><E14/><V53/><F121/><N who="3" m="46091" /><G78/><T56/><D40/><U129/><E129/><V16/><F39/><W21/><G21/><T87/><D10/><U20/><E116/><V115/><F115/><W42/><G72/><T11/><D11/><U30/><E6/><V126/><F126/><W61/><G133/><T35/><D35/><U32/><E20/><V46/><F83/><W79/><G79/><T127/><D127/><U131/><E100/><V28/><F28/><W24/><G24/><T118/><D76/><U70/><E131/><V90/><F53/><W92/><G92/><T94/><D118/><U132/><E132/><V110/><F110/><W48/><G130/><T9/><D9/><U80/><REACH who="1" step="1"/><E60/><REACH who="1" ten="165,89,269,467" step="2"/><V15/><F13/><W43/><G43/><T128/><D128/><U108/><E108/><V4/><F15/><W75/><G75/><T18/><D103/><U98/><AGARI ba="1,1" hai="27,30,32,69,70,71,73,77,80,98,102,106,112,114" machi="98" ten="40,8000,1" yaku="1,1,0,1,23,2,53,0" doraHai="63" doraHaiUra="117" who="1" fromWho="1" sc="165,-21,89,93,269,-21,467,-41" owari="144,-36.0,182,-22.0,248,5.0,426,53.0" /></mjloggm>