<mjloggm ver="2.3"><GO type="169" lobby="0"/><UN n0="%E3%83%88%E3%83%88%E3%83%AA%E5%85%88%E7%94%9F%31%39%E6%AD%B3" n1="%E3%81%9F%E3%81%BE%E3%81%94%E3%81%AE%E3%81%8A%E3%81%98%E3%81%95%E3%82%93" n2="%E3%83%97%E3%83%AD%E3%83%86%E3%82%A4%E3%83%B3%E5%BE%97%E7%9B%9B" n3="%4A%6F%75%72%6E%65%79" dan="18,16,16,17" rate="2282.87,2183.68,2154.07,2139.40" sx="F,M,M,M"/><TAIKYOKU oya="0"/><INIT seed="0,0,0,3,5,13" ten="250,250,250,250" oya="0" hai0="85,95,66,130,16,3,88,92,87,25,58,91,111" hai1="109,19,107,52,71,72,70,15,51,47,68,123,43" hai2="41,7,132,65,89,133,116,17,67,54,46,80,32" hai3="75,69,23,34,124,20,50,97,49,77,114,125,8"/><T5/><D130/><U4/><E123/><V11/><F32/><W42/><G114/><T38/><D38/><U96/><E109/><V134/><F116/><W90/><G69/><T83/><D111/><U100/><E72/><V79/><F54/><W22/><G34/><T24/><D3/><U121/><E121/><V44/><F89/><W135/><G135/><T12/><D5/><U104/><E104/><V93/><F93/><N who="3" m="56503" /><G42/><T35/><D35/><U62/><E4/><V94/><F94/><W31/><G31/><T39/><D39/><U10/><REACH who="1" step="1"/><E43/><REACH who="1" ten="250,240,250,250" step="2"/><V98/><F41/><W64/><G75/><T78/><D66/><AGARI ba="0,1" hai="10,15,19,47,51,52,62,66,68,70,71,96,100,107" machi="66" ten="40,8000,1" yaku="1,1,2,1,52,1,54,1,53,0" doraHai="13" doraHaiUra="28" who="1" fromWho="0" sc="250,-80,240,90,250,0,250,0" /><INIT seed="1,0,0,5,4,42" ten="170,330,250,250" oya="1" hai0="61,7,75,26,131,123,6,52,120,35,71,125,132" hai1="106,13,31,85,81,47,119,118,96,88,68,8,39" hai2="79,43,51,17,91,89,99,130,28,115,37,18,77" hai3="33,29,70,15,128,135,117,74,23,90,12,19,86"/><U56/><E68/><V27/><F37/><W87/><G74/><T46/><D75/><U62/><E31/><V83/><F115/><W82/><G70/><T66/><D131/><U20/><E20/><N who="2" m="15463" /><F130/><W107/><G128/><T94/><D132/><U73/><E73/><V30/><F30/><W41/><G135/><T121/><D26/><U54/><E106/><V45/><F99/><W84/><G107/><T59/><D35/><U14/><E96/><V133/><F133/><W100/><G100/><T50/><D125/><U24/><E24/><V64/><F64/><W113/><G113/><T40/><REACH who="0" step="1"/><D94/><REACH who="0" ten="160,330,250,250" step="2"/><U25/><E25/><V9/><F83/><W110/><G82/><T53/><D53/><U10/><E119/><V80/><F80/><W129/><G129/><T38/><AGARI ba="0,1" hai="6,7,38,40,46,50,52,59,61,66,71,120,121,123" machi="38" ten="30,12000,2" yaku="1,1,0,1,24,2,13,1,52,1,54,1,53,0" doraHai="42" doraHaiUra="21" who="0" fromWho="0" sc="160,130,330,-60,250,-30,250,-30" /><INIT seed="2,0,0,4,2,29" ten="290,270,220,220" oya="2" hai0="82,47,131,78,83,79,121,67,11,126,115,57,111" hai1="35,12,119,4,132,0,40,112,117,34,6,49,73" hai2="44,45,28,16,135,102,10,71,51,22,3,19,31" hai3="123,7,17,106,1,116,37,62,129,59,15,110,108"/><V81/><F71/><W65/><G116/><N who="1" m="44618" /><E73/><V18/><F135/><W52/><G123/><T32/><D115/><U63/><E63/><V134/><F134/><W66/><G106/><T105/><D105/><U58/><E58/><V61/><F61/><W122/><G122/><T101/><D101/><U91/><E91/><V41/><F102/><W9/><G37/><T68/><D68/><U27/><E49/><N who="2" m="26767" /><F3/><W90/><G90/><T98/><D98/><U85/><E85/><V46/><F81/><W24/><G24/><T36/><D121/><U107/><E40/><N who="2" m="24999" /><F46/><W56/><G129/><T55/><D131/><U133/><E107/><V89/><F89/><W53/><G66/><T103/><D103/><U109/><E112/><V113/><F113/><W14/><G1/><T124/><D67/><U70/><E70/><V42/><F42/><W86/><G86/><T74/><D47/><U99/><E0/><V77/><F77/><W64/><G64/><T54/><D57/><U75/><E75/><V13/><F22/><N who="3" m="11575" /><G59/><T88/><D88/><U128/><E128/><V26/><F26/><W69/><G69/><T84/><D84/><U114/><E114/><V118/><F118/><W33/><G33/><N who="1" m="12298" /><E27/><V30/><AGARI ba="0,0" hai="10,13,16,18,19,28,30,31" m="24999,26767" machi="30" ten="30,3000,0" yaku="8,1,54,1" doraHai="29" who="2" fromWho="2" sc="290,-10,270,-10,220,30,220,-10" /><INIT seed="2,1,0,1,1,131" ten="280,260,250,210" oya="2" hai0="54,63,61,82,35,57,73,17,128,24,91,40,102" hai1="28,32,12,60,41,4,39,114,105,13,123,30,134" hai2="107,78,99,127,113,22,16,52,10,38,89,87,18" hai3="26,124,75,58,20,36,45,56,88,5,101,69,86"/><V42/><F113/><W19/><G75/><T46/><D128/><U53/><E105/><V133/><F78/><W51/><G69/><T65/><D102/><U50/><E114/><V135/><F127/><W23/><G124/><T104/><D104/><U43/><E39/><V109/><F109/><W95/><G36/><T117/><D117/><U55/><E32/><V71/><F71/><W72/><G72/><T115/><D115/><U25/><E123/><V74/><F74/><W76/><G76/><T67/><D61/><U85/><E85/><V62/><F10/><W116/><G116/><T15/><D24/><U44/><E25/><V132/><F42/><W3/><G101/><T1/><D1/><U111/><E111/><V9/><F38/><W7/><G20/><T92/><D35/><U108/><E108/><V100/><F9/><W79/><G79/><T98/><D82/><U68/><E68/><V83/><F22/><W125/><G125/><T59/><D59/><AGARI ba="1,0" hai="16,18,52,59,62,83,87,89,99,100,107,132,133,135" machi="59" ten="40,18000,2" yaku="20,1,52,3,54,2" doraHai="131" who="2" fromWho="0" sc="280,-183,260,0,250,183,210,0" /><INIT seed="2,2,0,5,1,124" ten="97,260,433,210" oya="2" hai0="107,109,11,101,66,49,105,111,82,58,69,42,64" hai1="29,54,72,108,125,22,71,130,43,115,98,67,24" hai2="26,39,27,91,93,86,38,78,132,68,83,32,134" hai3="7,77,106,74,87,118,5,62,94,34,63,6,15"/><V52/><F68/><W129/><G118/><T55/><D82/><U19/><E72/><V23/><F32/><W31/><G106/><T102/><D11/><U116/><E115/><V56/><F39/><W37/><G37/><T16/><D42/><U35/><E116/><V9/><F38/><W48/><G74/><T3/><D3/><U53/><E125/><V76/><F9/><W36/><G36/><T97/><D16/><U41/><E108/><N who="0" m="41545" /><D69/><U117/><E117/><V0/><F0/><W79/><G15/><T40/><D40/><U99/><E43/><V45/><F45/><W95/><G6/><T44/><D44/><U51/><E41/><V25/><F23/><W47/><G47/><T104/><D101/><U123/><E123/><V20/><F20/><W46/><G46/><T4/><D4/><U81/><E81/><V122/><F122/><W119/><G119/><T14/><D14/><U126/><E126/><V89/><F78/><W88/><G34/><T127/><D127/><U131/><E71/><V65/><F65/><AGARI ba="2,0" hai="49,55,58,64,65,66,97,102,104,105,107" m="41545" machi="65" ten="30,1000,0" yaku="14,1" doraHai="124" who="0" fromWho="2" sc="97,16,260,0,433,-16,210,0" /><INIT seed="3,0,0,3,2,12" ten="113,260,417,210" oya="3" hai0="2,13,58,35,18,117,34,100,33,16,23,131,133" hai1="120,135,112,72,127,26,21,0,4,80,11,45,43" hai2="114,77,55,24,126,130,91,132,118,88,134,122,62" hai3="82,49,102,95,89,7,107,108,75,94,51,50,121"/><W31/><G121/><T46/><D117/><U57/><E120/><V106/><F106/><W92/><G108/><T52/><D131/><U83/><E112/><V22/><F77/><W25/><G7/><T111/><D111/><U19/><E127/><V109/><F109/><W42/><G42/><T8/><D133/><U96/><E135/><N who="2" m="51755" /><F114/><W27/><G27/><T84/><D100/><U99/><E57/><N who="2" m="35135" /><F122/><W124/><G124/><T73/><D73/><U1/><E1/><V93/><F118/><W6/><G6/><T60/><D2/><U74/><E74/><V41/><F41/><W65/><G65/><T69/><D46/><U15/><E72/><V129/><F126/><W90/><G89/><N who="2" m="34377" /><F93/><W3/><G3/><T63/><D84/><U61/><E61/><V30/><AGARI ba="0,0" hai="22,24,30,129,130" m="34377,35135,51755" machi="30" ten="30,2000,0" yaku="20,1,54,1" doraHai="12" who="2" fromWho="2" sc="113,-5,260,-5,417,20,210,-10" /><INIT seed="4,0,0,3,5,7" ten="108,255,437,200" oya="0" hai0="11,44,129,77,31,60,117,12,41,99,20,19,88" hai1="28,69,25,0,95,121,87,102,114,78,5,71,110" hai2="82,50,105,115,126,8,79,18,94,38,17,93,123" hai3="132,118,86,54,57,124,92,98,111,84,51,42,109"/><T131/><D117/><U34/><E110/><V68/><F38/><W100/><G118/><T128/><D77/><U59/><E121/><V47/><F105/><W16/><G132/><T6/><D31/><U73/><E114/><V81/><F68/><W119/><G119/><T106/><D60/><U3/><E73/><V104/><F104/><W48/><G124/><T125/><D125/><U74/><E74/><V27/><F115/><W29/><G29/><T67/><D67/><U14/><E78/><V135/><F135/><W64/><G64/><T70/><D70/><U53/><E14/><N who="2" m="7367" /><F123/><W39/><G39/><T55/><D55/><U101/><E101/><V85/><F81/><W89/><G111/><T9/><D6/><U1/><E5/><V49/><F126/><W58/><G109/><T72/><D72/><U22/><E34/><V10/><F50/><W65/><G65/><T127/><D127/><U32/><E32/><V24/><F24/><W45/><G58/><T66/><D66/><U108/><E108/><V43/><F27/><W91/><G91/><T21/><D21/><U13/><E13/><AGARI ba="0,0" hai="10,13,18,43,47,49,79,82,85,93,94" m="7367" machi="13" ten="30,3900,0" yaku="8,1,52,2" doraHai="7" who="2" fromWho="1" sc="108,0,255,-39,437,39,200,0" /><INIT seed="5,0,0,4,2,46" ten="108,216,476,200" oya="1" hai0="120,29,64,18,90,11,48,47,44,87,98,16,52" hai1="67,24,56,25,1,115,8,105,88,84,118,121,45" hai2="125,109,126,111,96,124,57,74,130,69,100,31,89" hai3="27,5,7,17,15,128,53,116,54,79,55,50,13"/><U93/><E121/><V65/><F69/><W76/><G128/><T110/><D110/><U20/><E118/><V4/><F74/><W114/><G114/><T33/><D120/><U101/><E115/><V113/><F113/><W43/><G116/><T32/><D64/><U97/><E45/><V42/><F130/><W70/><G70/><T123/><D123/><U134/><E134/><V83/><F42/><W131/><G131/><T75/><D75/><U19/><E25/><V103/><F4/><N who="3" m="1611" /><G27/><T39/><D98/><U117/><E117/><V77/><F31/><W38/><G38/><T3/><D3/><U104/><E8/><V82/><F65/><W135/><G135/><T51/><D39/><U132/><E132/><V91/><F57/><W119/><G119/><T78/><D29/><U61/><REACH who="1" step="1"/><E1/><REACH who="1" ten="108,206,476,200" step="2"/><V58/><F111/><W28/><G15/><N who="0" m="7295" /><D18/><U71/><E71/><V85/><F109/><W66/><G17/><T112/><D112/><U40/><E40/><V68/><F68/><W10/><G13/><T49/><D47/><U34/><E34/><N who="0" m="13417" /><D78/><U21/><E21/><V41/><F77/><W106/><G79/><T72/><D72/><U2/><E2/><V95/><F126/><W12/><G76/><T35/><N who="0" m="13425" /><T26/><DORA hai="86" /><D26/><U73/><E73/><V0/><F0/><W6/><G28/><T63/><D63/><U122/><E122/><V59/><F125/><W9/><G9/><T60/><D60/><U129/><E129/><V81/><F124/><W22/><G10/><T23/><D23/><U30/><E30/><V133/><F133/><RYUUKYOKU ba="0,1" sc="108,15,206,15,476,-15,200,-15" hai0="44,48,49,51,52,87,90" hai1="19,20,24,56,61,67,84,88,93,97,101,104,105" /><INIT seed="5,1,1,4,0,117" ten="123,221,461,185" oya="1" hai0="118,108,25,130,122,89,21,63,69,132,23,129,4" hai1="34,84,50,77,0,38,2,105,5,114,120,57,56" hai2="81,44,12,35,72,103,78,87,60,126,121,7,11" hai3="71,55,1,80,16,10,128,76,75,113,27,68,135"/><U109/><E38/><V14/><F35/><W134/><G113/><T124/><D118/><U86/><E105/><V33/><F33/><W116/><G116/><T20/><D89/><U82/><E34/><V36/><F126/><W40/><G128/><N who="0" m="49259" /><D69/><U106/><E106/><V45/><F103/><W3/><G3/><T66/><D63/><U110/><E114/><V94/><F121/><W49/><G40/><T31/><D66/><U61/><E120/><V48/><F60/><W95/><G95/><T88/><D122/><U119/><E119/><V29/><F29/><W100/><G100/><T18/><D88/><U97/><E97/><V59/><F59/><N who="3" m="33263" /><G1/><T67/><D67/><N who="1" m="39335" /><E5/><V15/><F36/><W98/><G98/><T133/><D108/><N who="1" m="41579" /><E86/><V22/><F22/><N who="0" m="8810" /><D124/><U17/><E17/><V85/><F72/><W102/><G102/><T93/><D93/><U28/><E28/><V65/><F65/><W96/><G96/><T62/><D62/><U73/><E73/><V112/><F112/><W92/><G92/><T111/><D111/><U43/><E57/><V19/><F19/><W125/><G125/><T74/><D74/><U42/><E42/><N who="2" m="24599" /><F45/><AGARI ba="1,1" hai="0,2,43,45,50,77,82,84" m="41579,39335" machi="45" ten="30,1500,0" yaku="10,1" doraHai="117" who="1" fromWho="2" sc="123,0,221,28,461,-18,185,0" /><INIT seed="5,2,0,5,2,111" ten="123,249,443,185" oya="1" hai0="82,119,80,135,3,37,96,125,115,109,40,21,124" hai1="64,81,59,55,24,58,76,33,35,91,107,53,110" hai2="70,130,84,97,100,30,46,85,121,132,41,117,105" hai3="114,25,17,6,68,18,54,90,116,98,13,89,122"/><U56/><E107/><V62/><F121/><W26/><G122/><T73/><D3/><U11/><E110/><V78/><F117/><W45/><G116/><T5/><D119/><U99/><E64/><V28/><F130/><W120/><G120/><T66/><D5/><U32/><E24/><N who="3" m="9322" /><G68/><T57/><D109/><U50/><E11/><V14/><F132/><W106/><G106/><T65/><D135/><U95/><REACH who="1" step="1"/><E50/><REACH who="1" ten="123,239,443,185" step="2"/><V49/><F105/><W101/><G6/><T94/><D66/><U92/><E92/><V1/><F49/><W133/><G133/><T29/><D65/><U118/><E118/><V60/><F60/><W63/><G63/><T16/><D94/><U86/><AGARI ba="2,1" hai="32,33,35,53,55,56,58,59,76,81,86,91,95,99" machi="86" ten="40,7800,0" yaku="1,1,0,1,53,1" doraHai="111" doraHaiUra="72" who="1" fromWho="1" sc="123,-28,239,94,443,-28,185,-28" /><INIT seed="5,3,0,1,4,22" ten="95,333,415,157" oya="1" hai0="29,46,112,23,26,87,103,135,101,51,93,130,66" hai1="18,97,61,131,62,134,73,5,71,9,109,49,72" hai2="16,107,65,38,19,34,10,126,14,64,81,124,88" hai3="41,8,111,20,116,120,21,91,70,43,68,110,42"/><U104/><E134/><V98/><F38/><W55/><G120/><T67/><D135/><U89/><E131/><V94/><F34/><W113/><G113/><T24/><D130/><U115/><E115/><V60/><F107/><W33/><G33/><T25/><D112/><U117/><E117/><V36/><F36/><W90/><G116/><T35/><D35/><U50/><E18/><V108/><F108/><W44/><G8/><T127/><D127/><N who="2" m="48682" /><F81/><W75/><G42/><N who="0" m="25047" /><D29/><U84/><E72/><V119/><F119/><W39/><G39/><T1/><D1/><U17/><E17/><N who="2" m="8407" /><F65/><N who="0" m="24586" /><D23/><U83/><E73/><V45/><F45/><W74/><G44/><T133/><D133/><U105/><E109/><V28/><F28/><W69/><G69/><AGARI ba="3,0" hai="16,19,60,64,69,88,94,98" m="8407,48682" machi="69" ten="30,3900,0" yaku="18,1,54,2" doraHai="22" who="2" fromWho="3" sc="95,0,333,0,415,48,157,-48" /><INIT seed="6,0,0,0,5,108" ten="95,333,463,109" oya="2" hai0="25,135,52,75,8,6,17,120,109,101,91,31,40" hai1="29,11,66,30,95,122,117,2,105,49,39,55,33" hai2="20,43,90,89,14,106,128,21,57,44,123,118,23" hai3="129,16,115,50,34,111,5,36,125,70,98,94,82"/><V97/><F123/><W28/><G111/><T133/><D120/><U10/><E105/><V19/><F118/><W83/><G36/><T76/><D109/><U100/><E39/><V56/><F128/><W13/><G129/><T53/><D40/><U73/><E73/><V132/><F132/><N who="0" m="50762" /><D101/><U127/><E66/><V77/><F77/><W85/><G125/><T15/><D91/><U26/><E30/><V88/><F106/><W112/><G70/><T63/><D63/><U99/><E127/><V113/><F113/><N who="3" m="43595" /><G5/><T60/><D60/><U42/><E42/><V65/><F97/><W69/><G69/><T71/><D71/><U107/><E107/><V74/><F74/><W58/><G58/><T124/><D124/><U41/><E122/><V96/><F96/><W38/><G38/><T62/><D62/><U54/><E99/><V131/><F131/><W48/><G48/><T18/><D76/><U121/><E49/><N who="2" m="26783" /><F65/><W116/><G116/><T7/><D75/><U47/><E117/><V126/><F126/><W81/><G50/><T72/><D72/><U1/><E121/><V86/><F86/><W45/><G45/><T84/><D84/><U87/><E47/><V104/><F104/><W9/><G85/><T22/><D6/><U37/><E87/><V32/><F32/><W27/><G81/><T61/><D53/><U110/><E54/><V79/><F79/><W103/><AGARI ba="0,0" hai="9,13,16,27,28,34,82,83,94,98,103" m="43595" machi="103" ten="30,12000,2" yaku="15,1,11,1,52,3,54,1" doraHai="108" who="3" fromWho="3" sc="95,-30,333,-30,463,-60,109,120" /><INIT seed="7,0,0,5,4,83" ten="65,303,403,229" oya="3" hai0="100,84,127,76,48,81,38,91,69,54,67,122,3" hai1="132,113,95,22,86,32,99,90,94,39,37,74,17" hai2="59,61,24,103,89,134,133,98,65,114,115,130,104" hai3="88,50,121,109,28,62,120,2,111,42,5,63,16"/><W15/><G28/><T31/><D127/><U47/><E32/><V29/><F89/><W79/><G79/><T77/><D122/><U124/><E74/><V96/><F96/><W72/><G72/><T129/><D129/><U20/><E124/><V71/><F59/><W131/><G131/><T68/><D3/><U112/><E132/><N who="2" m="50795" /><F130/><W33/><G33/><AGARI ba="0,0" hai="24,29,33,61,65,71,98,103,104,114,115" m="50795" machi="33" ten="30,3900,0" yaku="25,1,20,1,23,1" doraHai="83" who="2" fromWho="3" sc="65,0,303,0,403,39,229,-39" owari="65,-43.0,303,10.0,442,54.0,190,-21.0" /></mjloggm>