<mjloggm ver="2.3"><GO type="169" lobby="0"/><UN n0="%E6%8C%AF%E8%BE%BC%E5%A4%AA%E9%99%BD" n1="%E3%82%A6%E3%83%AB%E3%83%88%E3%83%A9%E7%AB%8B%E7%9B%B4" n2="%E3%83%84%E3%83%AC%E3%82%AA" n3="%6D%61%73%61%73%69%6F" dan="16,18,17,16" rate="2156.25,2290.48,2231.09,2128.59" sx="M,M,M,F"/><TAIKYOKU oya="0"/><INIT seed="0,0,0,1,2,18" ten="250,250,250,250" oya="0" hai0="96,68,43,92,134,97,86,76,95,125,7,69,80" hai1="10,88,15,108,94,110,9,109,33,1,104,56,37" hai2="132,101,124,39,133,78,102,8,90,22,30,62,116" hai3="14,11,122,16,50,113,114,74,54,71,67,41,47"/><T42/><D125/><U127/><E104/><V131/><F39/><W49/><G74/><T3/><D134/><U112/><E33/><V91/><F78/><W19/><G122/><T111/><D111/><U17/><E37/><V36/><F36/><W82/><G82/><T24/><D68/><U59/><E127/><V87/><F124/><W5/><G67/><T20/><D69/><U72/><E72/><V64/><F116/><W73/><G73/><T135/><D7/><N who="1" m="1263" /><E112/><V119/><F119/><W32/><G32/><T38/><D3/><U46/><E46/><V117/><F117/><W75/><G75/><T85/><D85/><AGARI ba="0,0" hai="10,15,17,56,59,85,88,94,108,109,110" m="1263" machi="85" ten="30,2000,0" yaku="14,1,54,1" doraHai="18" who="1" fromWho="0" sc="250,-20,250,20,250,0,250,0" /><INIT seed="1,0,0,2,0,42" ten="230,270,250,250" oya="1" hai0="74,36,65,71,98,51,130,116,87,69,105,88,90" hai1="24,28,11,67,124,54,40,103,9,6,38,0,61" hai2="17,70,83,66,27,26,46,13,48,12,45,118,30" hai3="128,15,35,114,79,33,96,129,1,99,115,127,57"/><U72/><E124/><V21/><F118/><W49/><G15/><T82/><D36/><U47/><E11/><V41/><F66/><W25/><G79/><T53/><D130/><N who="3" m="50281" /><G1/><T100/><D116/><U77/><E103/><V117/><F70/><W109/><G25/><T119/><D119/><U68/><E54/><V78/><F117/><W86/><G86/><T104/><D104/><U76/><REACH who="1" step="1"/><E72/><REACH who="1" ten="230,260,250,250" step="2"/><V55/><F55/><N who="3" m="31983" /><G127/><T102/><D102/><U60/><E60/><V84/><REACH who="2" step="1"/><F46/><REACH who="2" ten="230,260,240,250" step="2"/><W106/><G115/><T93/><D65/><U91/><E91/><V110/><F110/><W14/><G109/><T80/><D90/><U121/><E121/><V20/><AGARI ba="0,2" hai="12,13,17,20,21,26,27,30,41,45,48,78,83,84" machi="20" ten="20,8000,1" yaku="1,1,0,1,7,1,8,1,52,1,53,0" doraHai="42" doraHaiUra="126" who="2" fromWho="2" sc="230,-20,260,-40,240,100,250,-20" /><INIT seed="2,0,0,0,0,22" ten="210,220,340,230" oya="2" hai0="24,28,61,99,18,48,80,96,53,132,134,92,36" hai1="60,105,8,85,74,84,34,23,64,70,100,65,5" hai2="122,119,21,111,95,54,121,20,86,126,25,83,120" hai3="114,1,76,33,66,97,32,79,51,78,44,7,104"/><V52/><F119/><W98/><G114/><T77/><D36/><U63/><E74/><V26/><F95/><W124/><G124/><T135/><D61/><U118/><E34/><V56/><F126/><W62/><G7/><T91/><D18/><U71/><E118/><V73/><F73/><W113/><G1/><T128/><D128/><U41/><E41/><V40/><F40/><W123/><G123/><T43/><D43/><U55/><E55/><V0/><F0/><W108/><G108/><T46/><D96/><U31/><E100/><V90/><F111/><W127/><G127/><T117/><D117/><U81/><E105/><V103/><F103/><W106/><G113/><T58/><D46/><U69/><E69/><V39/><F39/><W6/><G6/><T57/><D57/><U13/><REACH who="1" step="1"/><E81/><REACH who="1" ten="210,210,340,230" step="2"/><V72/><F72/><W11/><G106/><T68/><D68/><U14/><E14/><V2/><F2/><W109/><G104/><T101/><D101/><U19/><E19/><V133/><F133/><W9/><G109/><T67/><D80/><U50/><E50/><V102/><F102/><W17/><G17/><T131/><D132/><U88/><E88/><V27/><REACH who="2" step="1"/><F52/><REACH who="2" ten="210,210,330,230" step="2"/><W82/><G82/><T87/><D134/><U94/><E94/><V42/><F42/><W15/><G51/><AGARI ba="0,2" hai="20,21,25,26,27,51,54,56,83,86,90,120,121,122" machi="51" ten="50,12000,1" yaku="1,1,52,3,53,0" doraHai="22" doraHaiUra="130" who="2" fromWho="3" sc="210,0,210,0,330,140,230,-120" /><INIT seed="2,1,0,0,3,128" ten="210,210,470,110" oya="2" hai0="59,131,120,10,55,123,66,97,76,82,13,25,92" hai1="119,126,104,71,117,17,79,112,9,22,98,44,135" hai2="31,115,67,74,43,40,20,130,0,56,7,46,111" hai3="88,68,91,1,95,15,18,80,19,78,87,26,75"/><V73/><F115/><W93/><G1/><T49/><D131/><U42/><E71/><V4/><F130/><W38/><G68/><T99/><D25/><U6/><E112/><V77/><F43/><W85/><G38/><T133/><D66/><U83/><E126/><V134/><F111/><W63/><G63/><T30/><D30/><U69/><E69/><V108/><F108/><W129/><G129/><T37/><D37/><U12/><E98/><V3/><F3/><W48/><G15/><T132/><D120/><U84/><E104/><V27/><F0/><W89/><G89/><T58/><D58/><U106/><E106/><V96/><F96/><W23/><REACH who="3" step="1"/><G48/><REACH who="3" ten="210,210,470,100" step="2"/><T94/><D123/><U65/><E65/><V90/><F90/><W86/><G86/><T61/><D49/><N who="1" m="26775" /><E135/><N who="0" m="51785" /><D99/><U45/><E119/><V29/><F134/><W53/><G53/><T50/><D97/><U57/><E117/><V127/><F67/><W2/><G2/><T16/><D50/><U113/><E113/><V107/><F107/><W47/><G47/><T100/><D100/><U122/><E45/><V118/><F46/><W116/><G116/><T35/><D35/><U114/><E114/><V36/><F118/><W41/><G41/><T102/><D102/><U70/><E122/><V109/><F40/><W8/><G8/><T11/><D10/><U34/><E34/><V51/><F36/><W39/><G39/><T72/><AGARI ba="1,1" hai="11,13,16,55,59,61,72,76,82,92,94" m="51785" machi="72" ten="30,8000,1" yaku="20,1,52,3,54,1" doraHai="128" who="0" fromWho="0" sc="210,93,210,-21,470,-41,100,-21" /><INIT seed="3,0,0,3,3,19" ten="303,189,429,79" oya="3" hai0="25,128,99,103,6,57,42,74,100,113,35,122,85" hai1="109,94,129,41,80,51,112,87,44,133,38,1,31" hai2="22,106,115,43,82,54,30,121,127,0,114,39,97" hai3="53,64,12,46,108,34,90,49,15,3,110,102,75"/><W92/><G3/><T96/><D74/><U130/><E1/><V17/><F121/><W126/><G126/><T120/><D6/><U24/><E112/><V135/><F0/><W119/><G119/><T23/><D35/><U26/><E109/><N who="3" m="42090" /><G75/><T73/><D73/><U29/><E94/><V45/><F127/><W60/><G102/><T86/><D42/><U2/><E2/><V88/><F135/><W33/><G33/><T18/><D128/><N who="1" m="49259" /><E133/><V21/><F30/><N who="1" m="11273" /><E38/><V111/><F111/><W71/><G34/><T7/><D7/><U50/><E50/><V124/><F124/><W134/><G134/><T93/><D113/><U20/><E20/><V69/><F106/><W95/><G95/><T123/><REACH who="0" step="1"/><D57/><REACH who="0" ten="293,189,429,79" step="2"/><U68/><E68/><V59/><F69/><W9/><G9/><T58/><D58/><U76/><AGARI ba="0,1" hai="24,26,41,44,51,76,80,87" m="11273,49259" machi="76" ten="30,1100,0" yaku="19,1" doraHai="19" who="1" fromWho="1" sc="293,-3,189,21,429,-3,79,-5" /><INIT seed="4,0,0,5,0,90" ten="290,210,426,74" oya="0" hai0="69,58,131,123,86,115,65,80,11,40,97,30,135" hai1="121,5,4,34,116,109,106,87,120,81,57,114,64" hai2="95,45,15,49,13,51,32,31,85,110,91,82,44" hai3="99,43,59,66,41,94,48,42,105,1,16,18,134"/><T73/><D73/><U101/><E34/><V39/><F110/><W14/><G134/><T117/><D117/><U19/><E109/><V102/><F39/><W92/><G1/><T130/><D69/><U29/><E29/><V2/><F2/><W9/><G105/><T89/><D123/><U98/><E116/><V50/><F31/><W78/><G78/><T60/><D115/><U83/><E114/><V128/><F128/><W132/><G132/><T126/><D126/><U129/><E129/><V113/><F32/><W67/><G18/><T125/><D125/><U54/><E64/><N who="3" m="24618" /><G99/><T127/><D127/><U112/><E112/><V52/><F113/><W36/><G36/><T27/><D135/><U47/><E19/><V20/><F20/><W23/><G23/><T12/><D97/><U74/><E98/><N who="2" m="59743" /><F50/><W33/><G33/><T119/><D119/><U8/><E121/><V7/><F7/><W133/><G133/><T6/><D130/><U104/><E4/><V88/><F91/><W55/><AGARI ba="0,0" hai="9,14,16,41,42,43,48,55,59,92,94" m="24618" machi="55" ten="30,7900,0" yaku="8,1,52,2,54,1" doraHai="90" who="3" fromWho="3" sc="290,-39,210,-20,426,-20,74,79" /><INIT seed="5,0,0,5,2,58" ten="251,190,406,153" oya="1" hai0="83,124,49,62,30,31,22,21,57,84,79,87,109" hai1="66,46,4,94,125,9,116,59,75,55,29,74,10" hai2="123,37,19,11,131,2,54,43,67,132,82,98,99" hai3="61,128,24,121,56,16,18,28,63,33,35,78,6"/><U120/><E116/><V25/><F123/><W50/><G121/><T117/><D109/><U113/><E120/><V47/><F131/><W53/><G128/><T51/><D124/><U40/><E113/><V110/><F110/><W48/><G35/><T20/><D117/><U107/><E107/><V130/><F130/><W36/><G36/><T135/><D135/><U104/><E104/><V17/><F132/><W134/><G134/><T92/><D92/><U102/><E66/><V129/><F129/><W0/><G50/><N who="0" m="18955" /><D87/><U23/><E125/><V81/><F54/><AGARI ba="0,0" hai="20,21,22,30,31,54,57,62,79,83,84" m="18955" machi="54" ten="30,2000,0" yaku="8,1,52,1" doraHai="58" who="0" fromWho="2" sc="251,20,190,0,406,-20,153,0" /><INIT seed="6,0,0,2,5,107" ten="271,190,386,153" oya="2" hai0="133,41,120,101,60,52,21,78,26,2,54,53,99" hai1="63,97,128,12,49,124,3,95,14,81,131,106,110" hai2="100,92,29,64,17,88,11,72,73,43,91,125,113" hai3="4,0,80,56,114,75,115,59,9,39,132,127,86"/><V119/><F119/><W36/><G132/><T45/><D133/><U42/><E106/><V118/><F118/><W105/><G105/><T15/><D2/><U28/><E3/><V104/><F104/><W117/><G117/><T32/><D32/><U112/><E110/><V68/><F43/><W79/><G86/><T31/><D120/><U94/><E112/><N who="3" m="43050" /><G127/><T5/><D78/><U35/><E63/><V103/><F29/><W18/><G18/><T1/><D1/><U47/><E81/><V87/><F64/><W70/><G70/><T10/><D60/><U102/><E95/><V82/><F68/><W116/><G116/><T40/><D45/><U65/><E65/><V58/><F58/><AGARI ba="0,0" hai="0,4,9,36,39,56,58,59,75,79,80" m="43050" machi="58" ten="30,3900,0" yaku="15,1,11,1,52,1" doraHai="107" who="3" fromWho="2" sc="271,0,190,0,386,-39,153,39" /><INIT seed="7,0,0,1,1,32" ten="271,190,347,192" oya="3" hai0="56,83,55,81,33,11,62,128,88,122,93,16,60" hai1="113,38,65,135,79,34,109,46,115,41,63,108,22" hai2="3,30,76,25,119,71,116,12,14,101,80,106,70" hai3="53,112,95,54,121,42,85,111,69,15,17,74,130"/><W82/><G121/><T18/><D128/><U21/><E34/><V78/><F3/><W28/><G69/><T120/><D33/><U7/><E7/><V92/><F106/><W96/><G112/><N who="1" m="43082" /><E79/><V61/><F76/><W45/><G111/><N who="1" m="42570" /><E135/><V131/><F131/><W133/><G133/><T52/><D120/><U91/><E91/><V68/><F61/><W43/><G130/><T0/><D122/><U49/><E49/><V104/><F104/><W86/><G74/><T94/><D0/><U129/><E129/><V37/><F37/><W48/><G28/><T26/><D11/><U107/><E107/><V126/><F92/><W105/><G105/><T2/><D2/><U50/><E50/><V27/><F101/><N who="3" m="60575" /><G54/><T66/><D66/><U8/><E8/><V90/><F90/><N who="3" m="51511" /><G86/><T44/><D88/><U24/><E24/><V47/><F80/><W31/><G31/><T124/><D83/><U102/><E102/><V4/><F30/><W117/><G117/><T59/><D81/><U67/><E67/><V5/><F116/><W89/><G89/><T77/><D77/><U57/><AGARI ba="0,0" hai="21,22,38,41,46,57,63,65" m="42570,43082" machi="57" ten="30,1100,0" yaku="15,1" doraHai="32" who="1" fromWho="1" sc="271,-3,190,11,347,-3,192,-5" owari="268,7.0,201,-20.0,344,44.0,187,-31.0" /></mjloggm>