<mjloggm ver="2.3"><GO type="225" lobby="0"/><UN n0="%4D%40%53%4F" n1="%E3%81%A8%E3%81%86%E3%81%8D%E3%82%82%E3%82%93" n2="%E3%81%AF%E3%82%8B%E3%81%A3%E3%81%B4%E2%99%AA" n3="%E3%82%A6%E3%83%AB%E3%83%88%E3%83%A9%E7%AB%8B%E7%9B%B4" dan="17,16,16,17" rate="2178.79,2126.27,2092.23,2100.40" sx="M,M,F,M"/><TAIKYOKU oya="0"/><INIT seed="0,0,0,0,2,109" ten="250,250,250,250" oya="0" hai0="41,78,34,27,71,18,60,2,66,125,58,113,62" hai1="92,40,129,50,6,122,106,74,89,16,77,52,100" hai2="17,9,24,67,43,105,54,116,104,53,64,7,85" hai3="65,13,15,123,55,11,59,21,57,118,35,133,33"/><T56/><D2/><U94/><E122/><V112/><F43/><W110/><G123/><T130/><D130/><U22/><E129/><V111/><F111/><W88/><G118/><T80/><D125/><U90/><E6/><V99/><F116/><W20/><G110/><T10/><D113/><U72/><E40/><V115/><F7/><W49/><G133/><T25/><D41/><U69/><E69/><V1/><F85/><W119/><G119/><T124/><D124/><U127/><E106/><V131/><F131/><W37/><G37/><T117/><D117/><U5/><E5/><V61/><F61/><W93/><G65/><T120/><D120/><U135/><E135/><V36/><F99/><N who="3" m="57767" /><G33/><T3/><D34/><U87/><E100/><V28/><F36/><W84/><G35/><T132/><D3/><U114/><E77/><V0/><F28/><W102/><G102/><T44/><D44/><U38/><E38/><V95/><F95/><W121/><G121/><T32/><D32/><U63/><E63/><V70/><F70/><W19/><G84/><N who="0" m="48151" /><D71/><U68/><E68/><V126/><F126/><W31/><G31/><T82/><D82/><U96/><E114/><V73/><F73/><W23/><G59/><T29/><D29/><U97/><E127/><V128/><F128/><W101/><G101/><T98/><D98/><U47/><E87/><V91/><F91/><W108/><G108/><T8/><D132/><U83/><E83/><V103/><F103/><W14/><AGARI ba="0,0" hai="11,13,14,15,19,20,21,23,49,55,57" m="57767" machi="14" ten="30,2000,0" yaku="8,1,54,1" doraHai="109" who="3" fromWho="3" sc="250,-10,250,-5,250,-5,250,20" /><INIT seed="1,0,0,1,0,21" ten="240,245,245,270" oya="1" hai0="67,100,73,69,116,131,123,115,87,85,53,103,56" hai1="7,28,64,37,96,41,77,130,80,135,111,30,42" hai2="117,17,18,24,93,82,2,129,20,112,4,5,35" hai3="86,97,55,59,58,54,27,57,62,46,23,61,92"/><U16/><E135/><V104/><F104/><W106/><G106/><T89/><D73/><U25/><E130/><V71/><F71/><W134/><G134/><T120/><D115/><U99/><E7/><N who="2" m="2635" /><F117/><W78/><G46/><T133/><D116/><U72/><E64/><V90/><F35/><W50/><G78/><T91/><D133/><U34/><E111/><V88/><F2/><W81/><G81/><N who="0" m="49327" /><D67/><U11/><E30/><N who="2" m="17671" /><F112/><W83/><G83/><N who="0" m="49663" /><D69/><U13/><REACH who="1" step="1"/><E37/><REACH who="1" ten="240,235,245,270" step="2"/><V114/><F129/><W102/><G86/><T63/><D131/><U14/><E14/><V9/><F114/><W19/><G50/><T36/><D36/><U22/><E22/><V79/><F9/><W132/><G132/><T12/><D12/><U105/><E105/><V10/><F10/><W125/><G125/><T38/><D38/><U128/><E128/><V51/><F51/><W107/><G107/><T49/><D49/><U75/><E75/><V0/><F0/><W48/><G48/><T66/><D66/><U94/><E94/><V113/><F113/><W31/><G31/><T1/><D1/><U122/><E122/><AGARI ba="0,1" hai="53,56,63,100,103,120,122,123" m="49663,49327" machi="122" ten="30,1000,0" yaku="13,1" doraHai="21" who="0" fromWho="1" sc="240,20,235,-10,245,0,270,0" /><INIT seed="2,0,0,4,3,72" ten="260,225,245,270" oya="2" hai0="106,68,64,89,49,129,34,24,74,130,65,39,32" hai1="13,14,85,56,36,59,80,41,60,53,16,124,87" hai2="3,134,47,63,40,114,58,0,38,12,79,84,11" hai3="48,101,117,20,115,22,43,51,99,111,54,46,95"/><V45/><F114/><W120/><G117/><T102/><D39/><U83/><E124/><V118/><F118/><W71/><G71/><T66/><D74/><U81/><E56/><V30/><F30/><W93/><G120/><T112/><D112/><U2/><E2/><V109/><F134/><W61/><G115/><T52/><D89/><U55/><E55/><V25/><F25/><W98/><G61/><T108/><D108/><U105/><E105/><V27/><F27/><W67/><G67/><T119/><D119/><U90/><E87/><V78/><F3/><W21/><G111/><T128/><D68/><U96/><E96/><V100/><F100/><W91/><REACH who="3" step="1"/><G22/><REACH who="3" ten="260,225,245,260" step="2"/><T107/><D64/><U42/><E13/><V123/><F123/><W6/><G6/><T29/><D129/><U131/><E131/><V62/><F109/><W31/><G31/><T116/><D29/><U17/><E14/><V82/><F63/><W70/><G70/><T7/><D7/><U28/><E28/><V19/><F0/><W8/><G8/><T110/><D116/><U35/><E35/><V121/><F121/><W23/><G23/><T33/><D110/><U77/><E17/><V37/><F62/><W125/><G125/><T18/><D34/><U132/><E16/><V44/><F38/><W1/><G1/><T76/><D18/><U135/><E36/><V127/><F127/><W88/><G88/><T113/><D113/><U92/><E77/><N who="2" m="46159" /><F37/><W4/><G4/><T122/><D128/><U94/><E135/><V126/><F126/><W50/><G50/><T104/><D49/><RYUUKYOKU ba="0,1" sc="260,-10,225,-10,245,-10,260,30" hai3="20,21,43,46,48,51,54,91,93,95,98,99,101" /><INIT seed="3,1,1,1,5,83" ten="250,215,235,290" oya="3" hai0="93,67,30,22,9,127,104,60,24,33,126,54,92" hai1="116,50,26,74,113,68,36,40,48,123,90,31,81" hai2="66,94,101,41,130,77,21,70,4,112,35,46,65" hai3="85,82,52,62,78,95,15,63,129,6,2,108,103"/><W124/><G2/><T42/><D104/><U17/><E113/><V128/><F35/><W125/><G108/><T28/><D42/><U131/><E123/><V120/><F70/><W102/><G129/><N who="2" m="49769" /><F4/><W8/><G52/><T61/><D54/><U119/><E68/><V27/><F77/><W44/><G44/><T105/><D105/><U109/><E131/><V19/><F112/><W117/><G117/><N who="1" m="45130" /><E109/><V57/><F57/><W79/><G79/><T58/><D9/><U43/><E17/><V23/><F23/><W97/><REACH who="3" step="1"/><G103/><REACH who="3" ten="250,215,235,280" step="2"/><T38/><D61/><AGARI ba="1,2" hai="6,8,15,61,62,63,78,82,85,95,97,102,124,125" machi="61" ten="40,12000,1" yaku="1,1,2,1,52,1,53,1" doraHai="83" doraHaiUra="76" who="3" fromWho="0" sc="250,-123,215,0,235,0,280,143" owari="127,-37.0,215,-18.0,235,4.0,423,51.0" /></mjloggm>