<mjloggm ver="2.3"><GO type="169" lobby="0"/><UN n0="%E3%81%82%E3%81%9A%E3%82%8C%EF%BC%A0%E7%BE%BD%E7%94%9F%E3%82%AA%E3%82%BF" n1="%60%E3%83%BB%CF%89%E3%83%BB%29%79%2D%7E" n2="%E5%88%87%E3%82%8A%E6%9C%AD" n3="%E3%83%88%E3%83%88%E3%83%AA%E5%85%88%E7%94%9F%31%39%E6%AD%B3" dan="17,16,17,18" rate="2211.10,2041.56,2193.30,2263.28" sx="M,M,M,F"/><TAIKYOKU oya="0"/><INIT seed="0,0,0,4,0,28" ten="250,250,250,250" oya="0" hai0="133,114,34,39,17,92,56,102,132,52,67,49,129" hai1="94,69,26,4,125,101,83,107,127,95,3,22,57" hai2="135,1,58,121,10,29,65,128,112,78,130,40,75" hai3="100,31,73,30,19,90,126,84,25,118,45,87,35"/><T96/><D114/><U93/><E69/><V111/><F112/><W36/><G118/><T12/><D39/><U59/><E83/><V23/><F121/><W44/><G73/><T18/><D129/><U24/><E3/><V110/><F40/><W33/><G100/><T77/><D77/><U68/><E68/><V117/><F78/><W2/><G2/><T6/><D67/><U0/><E0/><V53/><F75/><W103/><G103/><T116/><D116/><U43/><E4/><N who="2" m="1295" /><F65/><W48/><G126/><N who="1" m="48138" /><E43/><V82/><F82/><W27/><G36/><T98/><D98/><N who="1" m="61879" /><E24/><N who="2" m="16543" /><F117/><W32/><G32/><T70/><D70/><U9/><E9/><V123/><F123/><W62/><G62/><T16/><REACH who="0" step="1"/><D34/><REACH who="0" ten="240,250,250,250" step="2"/><U37/><E37/><V51/><F135/><W88/><G48/><T104/><D104/><U105/><E105/><V61/><F51/><W72/><G72/><T14/><D14/><U50/><E50/><V109/><AGARI ba="0,1" hai="53,58,61,109,110,111,128,130" m="16543,1295" machi="109" ten="40,1500,0" yaku="14,1" doraHai="28" who="2" fromWho="2" sc="240,-7,250,-4,250,25,250,-4" /><INIT seed="1,0,0,1,5,81" ten="233,246,275,246" oya="1" hai0="47,131,97,116,63,115,46,121,40,39,29,8,75" hai1="18,126,132,62,11,23,49,53,133,68,37,2,117" hai2="85,135,24,74,95,105,76,69,67,110,58,10,109" hai3="127,100,25,99,30,56,42,13,102,32,5,45,31"/><U118/><E126/><V55/><F105/><W34/><G127/><T128/><D75/><U88/><E37/><V41/><F135/><N who="1" m="51785" /><E88/><V101/><F41/><W120/><G120/><T124/><D124/><U44/><E68/><V21/><F74/><W78/><G78/><T91/><D116/><U50/><E62/><V0/><F67/><W17/><G5/><T60/><D29/><U48/><E2/><V111/><F69/><W107/><G56/><T86/><D121/><U28/><E28/><V38/><F38/><W4/><G4/><T89/><D89/><U94/><E94/><V83/><F10/><W14/><G100/><T7/><D97/><U61/><E11/><V87/><F0/><W129/><G17/><T66/><D47/><U15/><E61/><V130/><F101/><W73/><G31/><T64/><D115/><U122/><E122/><V96/><F96/><W27/><G30/><T3/><D63/><U134/><E134/><V106/><F95/><W26/><G99/><T72/><D72/><U1/><E1/><V125/><F125/><W43/><G73/><T59/><REACH who="0" step="1"/><D64/><REACH who="0" ten="223,246,275,246" step="2"/><U70/><E117/><V98/><F98/><N who="3" m="61911" /><G45/><T123/><D123/><U19/><E118/><V77/><F106/><W84/><G34/><T112/><D112/><U52/><E44/><V71/><F76/><W20/><G32/><T12/><D12/><N who="1" m="9671" /><E70/><V108/><F71/><W93/><G13/><T104/><D104/><U6/><E6/><V113/><F110/><W103/><G14/><T80/><AGARI ba="0,1" hai="3,7,8,39,40,46,59,60,66,80,86,91,128,131" machi="80" ten="30,7900,0" yaku="1,1,0,1,52,1,53,1" doraHai="81" doraHaiUra="79" who="0" fromWho="0" sc="223,89,246,-39,275,-20,246,-20" /><INIT seed="2,0,0,1,3,106" ten="312,207,255,226" oya="2" hai0="45,132,111,69,80,8,3,79,90,120,47,30,130" hai1="10,94,74,26,116,78,21,41,48,108,34,31,2" hai2="66,87,49,91,12,56,125,110,84,32,65,95,131" hai3="124,62,20,114,24,89,117,7,15,96,126,76,16"/><V59/><F32/><W121/><G117/><T82/><D69/><U9/><E116/><V129/><F125/><N who="3" m="48235" /><G121/><T36/><D111/><U122/><E122/><V71/><F71/><W133/><G133/><T100/><D100/><U28/><E108/><V99/><F110/><W11/><G62/><T77/><D132/><U86/><E74/><V25/><F25/><W83/><G114/><T22/><D130/><N who="2" m="49674" /><F12/><W14/><G89/><T97/><D120/><U85/><E34/><V60/><F66/><W104/><G96/><T51/><D36/><U101/><E31/><V33/><F33/><W112/><G104/><T127/><D127/><U57/><E2/><V50/><F59/><W61/><G61/><T53/><D3/><U27/><E27/><V39/><F39/><W42/><G42/><T134/><D134/><U123/><E123/><V70/><F70/><W92/><G92/><N who="0" m="56471" /><D8/><N who="1" m="3179" /><E78/><N who="0" m="29705" /><D47/><N who="1" m="25711" /><E57/><V17/><F17/><W118/><G118/><T18/><D30/><U29/><E29/><V52/><F65/><W38/><G38/><T105/><D105/><U81/><E101/><N who="2" m="60671" /><F87/><N who="3" m="48615" /><G112/><T67/><D67/><U113/><E113/><V35/><F35/><W40/><G40/><T68/><D68/><U135/><E135/><V44/><F44/><W102/><G102/><T107/><D107/><U73/><E28/><V13/><F84/><W64/><G64/><T0/><D0/><AGARI ba="0,0" hai="0,7,11,14,15,16,20,24" m="48615,48235" machi="0" ten="30,2000,0" yaku="18,1,54,1" doraHai="106" who="3" fromWho="0" sc="312,-20,207,0,255,0,226,20" /><INIT seed="3,0,0,1,4,37" ten="292,207,255,246" oya="3" hai0="53,19,33,114,77,24,39,103,84,95,5,78,98" hai1="45,6,15,112,105,94,11,14,101,42,117,61,0" hai2="75,67,8,66,28,65,123,87,73,118,97,27,70" hai3="110,51,20,22,16,44,49,71,74,82,50,106,46"/><W12/><G71/><T36/><D114/><U2/><E112/><V31/><F70/><W86/><G106/><T93/><D5/><U52/><E105/><V126/><F118/><W4/><G74/><T89/><D33/><U38/><E117/><V9/><F126/><W76/><G110/><T92/><D39/><U104/><E104/><V88/><F97/><W72/><G72/><T59/><D36/><U81/><E0/><V122/><F75/><W121/><G121/><N who="2" m="46089" /><F73/><W120/><G120/><T18/><D95/><U133/><E81/><N who="2" m="49263" /><F28/><W41/><G4/><T79/><REACH who="0" step="1"/><D24/><REACH who="0" ten="282,207,255,246" step="2"/><U25/><E25/><V57/><F57/><W30/><G46/><T113/><D113/><U99/><E133/><V85/><F85/><W17/><G30/><T96/><D96/><U107/><E107/><V56/><F56/><W119/><G119/><T129/><D129/><U35/><E45/><V102/><F102/><W68/><G68/><T111/><D111/><U54/><E101/><V3/><F3/><W7/><G7/><T64/><D64/><U62/><E6/><V90/><F90/><W23/><REACH who="3" step="1"/><G17/><REACH who="3" ten="282,207,255,236" step="2"/><T55/><D55/><U109/><E54/><V130/><F130/><W21/><AGARI ba="0,2" hai="12,16,20,21,22,23,41,44,49,50,51,76,82,86" machi="21" ten="30,18000,2" yaku="1,1,2,1,0,1,8,1,52,1,54,1,53,0" doraHai="37" doraHaiUra="34" who="3" fromWho="3" sc="282,-60,207,-60,255,-60,236,200" /><INIT seed="3,1,0,5,2,63" ten="222,147,195,436" oya="3" hai0="49,21,12,8,125,54,11,101,103,48,38,104,109" hai1="132,14,33,134,113,4,92,20,5,55,126,86,133" hai2="40,88,84,7,28,22,27,10,127,61,53,72,117" hai3="29,108,106,36,56,111,130,129,112,110,42,39,52"/><W3/><G106/><T82/><D38/><N who="3" m="14377" /><G3/><T23/><D104/><U124/><E113/><V107/><F127/><N who="1" m="48681" /><E33/><V83/><F107/><W74/><G74/><T118/><D109/><U69/><E69/><V105/><F105/><W9/><G9/><N who="0" m="3659" /><D118/><U47/><E47/><V90/><F72/><W89/><G89/><T98/><D125/><U50/><E86/><V62/><F40/><W75/><G29/><T116/><D116/><U95/><E20/><N who="0" m="7753" /><D82/><U99/><E92/><V26/><F26/><W85/><G85/><T43/><D12/><U122/><E14/><N who="2" m="5471" /><F117/><W115/><G42/><T41/><D98/><U78/><E78/><N who="2" m="46199" /><F62/><N who="3" m="36103" /><G75/><T31/><D31/><U120/><E120/><V135/><F90/><W24/><G24/><T68/><D68/><U77/><E122/><V87/><F88/><W100/><G100/><N who="0" m="38475" /><D49/><U70/><E133/><V25/><F135/><W81/><G81/><T114/><D114/><AGARI ba="1,0" hai="108,110,111,112,114,115,129,130" m="36103,14377" machi="114" ten="40,12000,1" yaku="14,1,10,1,34,2,54,1" doraHai="63" who="3" fromWho="0" sc="222,-123,147,0,195,0,436,123" /><INIT seed="3,2,0,0,1,69" ten="99,147,195,559" oya="3" hai0="22,78,95,63,85,42,26,84,129,68,44,25,4" hai1="117,131,75,124,126,3,114,108,19,128,65,7,30" hai2="115,87,70,119,51,71,39,43,52,100,92,120,133" hai3="56,107,72,106,82,98,41,5,112,81,24,36,118"/><W17/><G112/><T6/><D129/><N who="1" m="49739" /><E114/><V110/><F115/><W14/><G118/><T77/><D68/><N who="2" m="26154" /><F133/><W134/><G134/><T0/><D63/><U48/><E65/><V9/><F9/><W49/><G5/><N who="0" m="2155" /><D0/><U125/><E117/><V32/><F87/><N who="0" m="33354" /><D95/><U18/><E75/><V16/><F92/><W1/><G1/><T62/><D62/><U29/><E108/><V104/><F110/><W76/><G82/><T67/><D67/><U2/><E48/><V99/><F51/><W105/><G24/><N who="0" m="9323" /><D22/><U93/><E93/><V28/><F119/><W83/><G83/><T21/><D21/><U97/><E2/><V121/><F121/><W13/><G98/><T90/><D90/><U132/><E97/><V103/><F99/><W27/><G27/><T15/><D15/><U31/><E132/><V55/><F120/><W73/><G73/><T135/><D135/><U45/><E45/><V35/><F103/><W89/><G14/><T34/><D34/><U11/><AGARI ba="2,0" hai="3,7,11,18,19,29,30,31,124,125,126" m="49739" machi="11" ten="40,8000,1" yaku="18,1,19,1,34,2" doraHai="69" who="1" fromWho="1" sc="99,-22,147,86,195,-22,559,-42" /><INIT seed="4,0,0,3,5,118" ten="77,233,173,517" oya="0" hai0="121,52,105,50,100,119,93,57,63,135,117,99,24" hai1="41,28,67,87,62,107,66,2,15,25,54,48,125" hai2="78,86,17,31,58,8,106,26,1,75,47,19,38" hai3="89,0,71,65,42,32,70,4,12,9,91,55,53"/><T116/><D135/><U74/><E2/><V122/><F106/><W35/><G42/><T29/><D121/><U96/><E74/><V112/><F86/><W79/><G79/><T5/><D5/><U73/><E73/><V18/><F112/><W113/><G113/><T36/><D36/><U59/><E125/><V133/><F133/><W76/><G76/><T115/><D115/><U60/><E87/><V110/><F110/><W49/><G0/><T123/><D123/><U97/><E15/><V23/><F58/><W51/><G12/><T22/><REACH who="0" step="1"/><D63/><REACH who="0" ten="67,233,173,517" step="2"/><U83/><E62/><V131/><F38/><W80/><G4/><T33/><D33/><U114/><E60/><V64/><F122/><W30/><G32/><T20/><D20/><U56/><E114/><V127/><F23/><W77/><G35/><T69/><D69/><U102/><E48/><V72/><F127/><W109/><G70/><T40/><D40/><U108/><E41/><V7/><F7/><W84/><G71/><T130/><D130/><U34/><E34/><V11/><F131/><W103/><G49/><T101/><D101/><U27/><E102/><V104/><F11/><W14/><G103/><T37/><D37/><U126/><E126/><V46/><F8/><W94/><G51/><T3/><D3/><U128/><E128/><V45/><F1/><W39/><G39/><T13/><D13/><U120/><E120/><V85/><F75/><W61/><G14/><T95/><AGARI ba="0,1" hai="22,24,29,50,52,57,93,95,99,100,105,116,117,119" machi="95" ten="40,12000,1" yaku="1,1,0,1,54,1,53,1" doraHai="118" doraHaiUra="92" who="0" fromWho="0" sc="67,130,233,-40,173,-40,517,-40" /><INIT seed="4,1,0,4,1,106" ten="197,193,133,477" oya="0" hai0="133,91,127,93,101,88,75,65,105,81,64,109,62" hai1="113,128,2,37,123,19,102,79,59,56,121,39,134" hai2="24,80,98,58,97,35,112,43,14,90,25,129,111" hai3="32,42,21,15,53,48,44,45,11,26,0,28,73"/><T71/><D127/><U61/><E2/><V20/><F111/><W50/><G73/><T7/><D109/><U114/><E102/><V87/><F112/><N who="1" m="43113" /><E79/><V83/><F129/><W33/><G0/><T30/><D133/><U100/><E100/><V63/><F43/><W125/><G125/><T85/><D7/><AGARI ba="1,0" hai="7,11,15,21,26,28,32,33,42,44,45,48,50,53" machi="7" ten="30,1000,0" yaku="7,1" doraHai="106" who="3" fromWho="0" sc="197,-13,193,0,133,0,477,13" /><INIT seed="5,0,0,1,4,5" ten="184,193,133,490" oya="1" hai0="37,88,10,66,26,60,0,122,16,1,134,97,35" hai1="42,38,126,123,21,6,7,113,65,93,104,17,78" hai2="55,53,102,95,119,130,56,112,99,13,48,82,128" hai3="18,94,15,33,81,23,29,70,32,44,135,2,34"/><U11/><E104/><V91/><F119/><W89/><G70/><T101/><D37/><U12/><E123/><V127/><F127/><W100/><G2/><T72/><D72/><U73/><E126/><V47/><F112/><W3/><G3/><T107/><D122/><U74/><E113/><V24/><F24/><W114/><G100/><T61/><D61/><U51/><E38/><V8/><F82/><W116/><G29/><N who="0" m="19895" /><D88/><U131/><E131/><V45/><F102/><W36/><G15/><N who="0" m="7287" /><D134/><U58/><E93/><V22/><F22/><W9/><G23/><T69/><AGARI ba="0,0" hai="0,1,60,66,69,97,101,107" m="7287,19895" machi="69" ten="30,4000,0" yaku="25,1,52,1,54,1" doraHai="5" who="0" fromWho="0" sc="184,40,193,-20,133,-10,490,-10" /><INIT seed="6,0,0,5,4,128" ten="224,173,123,480" oya="2" hai0="36,16,122,88,9,43,29,22,55,90,127,30,104" hai1="123,68,54,83,67,82,133,42,57,100,25,124,98" hai2="125,40,49,117,89,109,61,53,26,10,116,78,50" hai3="79,99,27,119,114,8,14,72,86,5,74,13,131"/><V112/><F112/><W34/><G131/><T39/><D104/><U3/><E124/><V58/><F125/><W118/><G86/><T135/><D122/><U17/><E123/><V1/><F109/><W129/><G129/><T28/><D127/><U92/><E3/><V101/><F101/><W4/><G99/><T59/><D9/><U110/><E110/><V45/><F78/><W20/><G79/><T91/><D43/><U37/><E133/><V107/><F107/><W71/><G71/><T85/><D85/><U94/><E94/><V6/><F89/><W46/><G46/><T31/><N who="0" m="7680" /><DORA hai="65" /><T41/><D41/><U111/><E111/><V96/><F96/><W62/><G62/><T84/><D84/><U24/><E68/><V97/><F97/><W113/><G27/><T121/><D121/><U126/><E67/><V66/><REACH who="2" step="1"/><F26/><REACH who="2" ten="224,173,113,480" step="2"/><W93/><G113/><T108/><D108/><U21/><E25/><V102/><F102/><W115/><G114/><T87/><D87/><U44/><E126/><V32/><F32/><W12/><G34/><T7/><D91/><U51/><AGARI ba="0,1" hai="17,21,24,37,42,44,51,54,57,82,83,92,98,100" machi="51" ten="20,1500,0" yaku="0,1,7,1" doraHai="128,65" who="1" fromWho="1" sc="224,-4,173,25,113,-7,480,-4" /><INIT seed="7,0,0,4,4,66" ten="220,198,106,476" oya="3" hai0="112,7,132,14,110,43,129,68,37,30,115,32,53" hai1="101,29,90,96,61,120,72,31,40,100,102,27,47" hai2="111,63,109,86,42,84,39,41,116,106,73,11,88" hai3="78,49,62,25,134,3,44,122,16,93,13,103,117"/><W108/><G117/><T54/><D110/><U17/><E72/><V126/><F116/><W69/><G122/><T2/><D2/><U28/><E120/><V26/><F73/><W125/><G3/><T127/><D127/><U118/><E118/><V75/><F75/><W131/><G125/><T130/><D68/><U46/><E61/><V50/><F126/><W113/><G113/><N who="0" m="43595" /><D132/><U79/><E79/><V57/><F106/><W85/><G85/><T107/><D107/><U20/><E40/><V56/><F39/><W24/><G49/><T48/><D30/><U74/><E74/><V19/><F50/><W55/><G55/><N who="0" m="21003" /><D32/><U128/><E128/><N who="0" m="49257" /><D48/><U135/><E135/><V18/><F26/><W21/><G44/><T12/><D7/><U77/><E77/><V133/><F133/><W45/><G45/><AGARI ba="0,0" hai="12,14,37,43,45" m="49257,21003,43595" machi="45" ten="40,5200,0" yaku="15,1,11,1,19,1" doraHai="66" who="0" fromWho="3" sc="220,52,198,0,106,0,476,-52" owari="272,7.0,198,-20.0,106,-39.0,424,52.0" /></mjloggm>