<mjloggm ver="2.3"><GO type="169" lobby="0"/><UN n0="%6D%61%73%61%73%69%6F" n1="%E3%82%AF%E3%83%AD%E3%82%B9%E3%83%AD%E3%83%BC%E3%83%AB" n2="%40%7A%61%6B%75%72%6F%40" n3="%E3%82%A6%E3%83%AB%E3%83%88%E3%83%A9%E7%AB%8B%E7%9B%B4" dan="16,16,17,18" rate="2122.96,2095.33,2122.03,2288.04" sx="F,M,M,M"/><TAIKYOKU oya="0"/><INIT seed="0,0,0,4,2,5" ten="250,250,250,250" oya="0" hai0="26,49,62,7,112,29,2,94,76,84,38,121,28" hai1="69,108,37,113,135,40,89,95,8,134,10,81,31" hai2="65,80,87,111,19,77,132,75,93,44,47,55,85" hai3="99,88,36,14,102,123,129,34,110,86,82,61,122"/><T128/><D121/><N who="3" m="46089" /><G34/><T58/><D112/><U66/><E113/><V57/><F111/><W3/><G3/><T71/><D38/><U45/><E108/><V17/><F132/><N who="1" m="50729" /><E81/><V4/><F65/><W83/><G36/><T107/><D107/><U1/><E1/><V52/><F4/><W50/><G110/><T79/><D71/><U131/><E131/><V60/><F75/><W42/><G61/><T125/><D49/><U115/><E115/><V127/><F127/><W72/><G14/><T56/><D56/><U51/><E31/><V97/><F87/><W0/><G0/><T64/><D29/><U68/><E37/><V15/><F55/><W73/><G129/><T116/><D116/><U70/><E66/><V39/><F39/><W92/><G83/><T6/><D125/><U103/><E103/><N who="2" m="60847" /><F19/><W30/><G30/><T98/><D128/><U120/><E120/><V32/><F32/><W109/><G109/><T119/><D119/><U9/><E70/><V21/><AGARI ba="0,0" hai="15,17,21,44,47,52,57,60,77,80,85" m="60847" machi="21" ten="30,2000,0" yaku="8,1,54,1" doraHai="5" who="2" fromWho="2" sc="250,-10,250,-5,250,20,250,-5" /><INIT seed="1,0,0,1,4,121" ten="240,245,270,245" oya="1" hai0="42,93,31,47,49,124,3,110,56,67,29,91,94" hai1="65,24,73,79,5,9,109,48,102,69,64,66,8" hai2="103,112,6,18,123,97,41,11,4,120,30,108,105" hai3="71,80,35,126,21,122,23,62,12,61,52,98,14"/><U76/><E69/><V46/><F112/><W133/><G35/><T74/><D74/><U0/><E102/><V32/><F18/><W131/><G122/><T58/><D3/><U38/><E38/><N who="2" m="21815" /><F4/><W45/><G131/><T34/><D124/><U33/><E48/><V36/><F36/><W134/><G98/><T77/><D77/><U28/><E9/><V125/><F125/><W40/><G80/><T39/><D34/><U7/><E7/><V83/><F83/><W63/><G71/><T81/><D81/><U26/><E26/><N who="2" m="18519" /><F108/><W59/><G126/><T129/><D129/><U127/><E127/><V68/><F68/><W82/><G82/><T88/><D110/><U111/><REACH who="1" step="1"/><E73/><REACH who="1" ten="240,235,270,245" step="2"/><V115/><F115/><W90/><G62/><N who="0" m="38359" /><D39/><U119/><E119/><V72/><F72/><W118/><G63/><T1/><D1/><AGARI ba="0,1" hai="1,6,11,97,103,105,120,123" m="18519,21815" machi="1" ten="30,1000,0" yaku="23,1" doraHai="121" who="2" fromWho="0" sc="240,-10,235,0,270,20,245,0" /><INIT seed="2,0,0,0,0,38" ten="230,235,290,245" oya="2" hai0="107,68,127,118,39,125,28,45,33,116,131,14,93" hai1="98,36,20,4,134,112,21,115,72,91,73,31,78" hai2="86,97,55,104,48,99,77,8,121,109,16,46,52" hai3="135,133,3,126,11,44,7,58,75,61,123,18,132"/><V67/><F121/><W66/><G75/><T59/><D59/><U94/><E134/><V110/><F67/><W106/><G106/><T25/><D93/><U74/><E78/><V120/><F120/><W62/><G123/><T19/><D68/><U90/><E36/><V6/><F55/><W37/><G126/><N who="0" m="48139" /><D107/><U96/><E4/><V119/><F119/><N who="0" m="45610" /><D45/><U71/><E71/><V2/><F16/><W1/><G18/><T80/><D80/><U10/><E10/><V95/><F104/><W84/><G84/><T35/><D39/><U101/><E101/><V24/><F24/><W130/><G62/><T76/><D76/><U81/><E81/><V23/><F23/><N who="1" m="8777" /><E31/><V88/><REACH who="2" step="1"/><F77/><REACH who="2" ten="230,235,280,245" step="2"/><W113/><G135/><T50/><D50/><U54/><E54/><V60/><F60/><W42/><G133/><T111/><D111/><AGARI ba="0,1" hai="2,6,8,46,48,52,86,88,95,97,99,109,110,111" machi="111" ten="40,12000,1" yaku="1,1,14,1,10,1,54,2,53,0" doraHai="38" doraHaiUra="22" who="2" fromWho="0" sc="230,-120,235,0,280,130,245,0" /><INIT seed="2,1,0,0,0,93" ten="110,235,410,245" oya="2" hai0="40,130,86,84,63,3,19,92,82,89,1,44,36" hai1="57,132,125,65,69,72,101,64,81,53,109,126,117" hai2="55,8,2,31,56,114,90,103,127,27,49,46,24" hai3="110,22,6,88,111,83,54,118,39,37,107,4,52"/><V74/><F114/><W66/><G66/><T121/><D121/><U123/><E117/><V43/><F127/><N who="1" m="48649" /><E123/><V29/><F74/><W79/><G22/><T100/><D130/><U41/><E41/><V78/><F78/><W122/><G122/><T115/><D115/><U113/><E113/><V12/><F2/><W128/><G128/><T5/><D5/><U91/><E109/><V33/><F103/><W34/><G34/><T105/><D19/><U45/><E45/><V30/><F90/><W106/><G79/><T16/><D105/><U48/><E132/><V77/><F77/><W59/><G59/><T67/><D86/><N who="1" m="50639" /><E72/><V119/><F119/><W94/><G118/><T102/><D102/><U98/><E69/><V116/><F116/><W50/><G94/><AGARI ba="1,0" hai="48,53,57,64,65,94,98,101" m="50639,48649" machi="94" ten="30,2000,0" yaku="18,1,52,1" doraHai="93" who="1" fromWho="3" sc="110,0,235,23,410,0,245,-23" /><INIT seed="3,0,0,1,0,36" ten="110,258,410,222" oya="3" hai0="130,11,89,37,116,48,3,91,41,59,92,45,108" hai1="20,74,132,23,97,78,35,77,95,75,21,64,105" hai2="101,90,111,122,53,127,94,98,30,129,117,38,65" hai3="47,16,114,39,9,10,60,12,51,85,26,29,87"/><W81/><G39/><T96/><D116/><U67/><E105/><V118/><F65/><N who="1" m="25161" /><E95/><V107/><F53/><W119/><G119/><T103/><D130/><U100/><E100/><V25/><F38/><W63/><G9/><T31/><D108/><U110/><E97/><N who="2" m="61871" /><F25/><W13/><G13/><T50/><D31/><U121/><E110/><V5/><F5/><W57/><G57/><T2/><D11/><U83/><E83/><V109/><F30/><W1/><G1/><T14/><D14/><U133/><E35/><V43/><F122/><W68/><G68/><T93/><D103/><U28/><E28/><V69/><F98/><W79/><G87/><T19/><D19/><U123/><E123/><V62/><F117/><W115/><G115/><T131/><D131/><U80/><E80/><V120/><F129/><W56/><G56/><T66/><D37/><U99/><E99/><V61/><F69/><W106/><G106/><T76/><D76/><N who="1" m="29291" /><E121/><V88/><F120/><W134/><G134/><AGARI ba="0,0" hai="20,21,23,74,75,132,133,134" m="29291,25161" machi="134" ten="40,5200,0" yaku="28,2,20,1" doraHai="36" who="1" fromWho="3" sc="110,0,258,52,410,0,222,-52" /><INIT seed="4,0,0,1,0,126" ten="110,310,410,170" oya="0" hai0="75,84,21,32,129,127,73,114,62,110,4,48,38" hai1="58,57,117,120,119,40,46,54,65,92,19,77,76" hai2="24,25,60,132,47,1,34,13,53,113,93,72,0" hai3="67,94,133,109,102,134,81,118,98,15,88,51,71"/><T22/><D32/><U11/><E120/><V36/><F72/><W45/><G109/><T10/><D114/><U55/><E65/><V59/><F34/><W115/><G118/><T50/><D38/><U85/><E11/><V26/><F13/><W17/><G115/><T101/><D127/><U107/><E107/><V105/><F105/><W121/><G121/><T68/><D110/><U7/><E7/><V91/><F113/><W74/><G67/><N who="0" m="41079" /><D84/><U14/><E92/><V100/><F100/><W122/><G71/><T128/><D101/><U112/><E112/><V39/><F47/><W37/><G37/><T2/><D22/><U31/><E46/><V18/><F18/><W23/><G122/><T80/><D21/><U52/><E40/><V83/><F0/><W61/><G61/><T89/><D89/><U70/><E70/><V87/><F1/><W97/><G74/><N who="0" m="28171" /><D80/><U66/><E85/><V56/><F56/><W9/><G23/><T79/><D79/><U82/><E82/><V41/><F41/><W123/><G123/><T6/><D6/><U90/><E58/><V3/><F83/><W27/><G27/><T135/><D135/><U99/><E57/><V33/><F132/><N who="3" m="50795" /><G81/><T28/><D28/><U111/><E111/><V49/><F33/><W96/><G102/><T69/><D69/><U64/><E117/><V29/><F29/><W8/><G8/><T35/><D35/><U131/><E119/><V42/><F3/><W130/><G98/><T5/><D5/><U106/><E99/><V44/><AGARI ba="0,0" hai="24,25,26,36,39,42,44,49,53,59,60,87,91,93" machi="44" ten="30,1100,0" yaku="0,1" doraHai="126" who="2" fromWho="2" sc="110,-5,310,-3,410,11,170,-3" /><INIT seed="5,0,0,2,5,54" ten="105,307,421,167" oya="1" hai0="17,26,52,78,61,4,20,94,39,64,76,104,126" hai1="117,112,134,69,70,114,83,121,53,103,131,9,29" hai2="44,128,45,100,72,120,118,13,60,74,21,93,41" hai3="124,59,50,107,79,30,102,23,48,57,63,11,8"/><U113/><E117/><V55/><F118/><W92/><G107/><T7/><D126/><U86/><E121/><V22/><F128/><W110/><G79/><T38/><D104/><U88/><E131/><V105/><F105/><W62/><G124/><T16/><D38/><U85/><E103/><V36/><F21/><W6/><G110/><T19/><D39/><U129/><E129/><V89/><F100/><W133/><G133/><T2/><D76/><U106/><E106/><V5/><F45/><W3/><G3/><T47/><D78/><U77/><E134/><V27/><F13/><N who="3" m="5271" /><G11/><T127/><D127/><U98/><E98/><V25/><F25/><N who="3" m="16703" /><G92/><T109/><D109/><U0/><E29/><V12/><F12/><W32/><G32/><T49/><D94/><N who="1" m="54543" /><E53/><V46/><F55/><N who="3" m="34175" /><G102/><T43/><D43/><U33/><E33/><V101/><F101/><W28/><G28/><T84/><D84/><U135/><E135/><V24/><F74/><W56/><G63/><T82/><D82/><U42/><E42/><V15/><F41/><W67/><G67/><T73/><D73/><U31/><E31/><V18/><F72/><W95/><G95/><T65/><D65/><U10/><E0/><V90/><F93/><W130/><G130/><T122/><D122/><U97/><E97/><V66/><F120/><W81/><G81/><T34/><D34/><U96/><E96/><V116/><F116/><W132/><G132/><T51/><D51/><AGARI ba="0,0" hai="48,50,51,56,57" m="34175,16703,5271" machi="51" ten="30,7700,0" yaku="8,1,52,3" doraHai="54" who="3" fromWho="0" sc="105,-77,307,0,421,0,167,77" /><INIT seed="6,0,0,0,0,51" ten="28,307,421,244" oya="2" hai0="41,128,115,93,6,11,89,22,91,5,20,24,83" hai1="4,112,0,28,19,84,13,47,123,88,97,9,111" hai2="101,1,94,43,63,119,21,46,36,62,121,39,68" hai3="70,130,25,75,109,76,78,105,27,30,110,134,12"/><V87/><F119/><W10/><G105/><T125/><D125/><U44/><E111/><V74/><F74/><W79/><G75/><T135/><D135/><U61/><E112/><V69/><F39/><W16/><G70/><T86/><D115/><U85/><E123/><V117/><F1/><W122/><G122/><T106/><D106/><U98/><E84/><V95/><F95/><W131/><G134/><T80/><D128/><N who="3" m="49193" /><G27/><T23/><D41/><U132/><E132/><V58/><F87/><W133/><G133/><T126/><D126/><U57/><E28/><V92/><F21/><AGARI ba="0,0" hai="10,12,16,21,25,30,76,78,79,109,110" m="49193" machi="21" ten="30,2000,0" yaku="19,1,54,1" doraHai="51" who="3" fromWho="2" sc="28,0,307,0,421,-20,244,20" /><INIT seed="7,0,0,1,3,113" ten="28,307,401,264" oya="3" hai0="13,135,111,70,12,73,18,99,109,133,51,82,40" hai1="68,60,102,75,128,52,35,83,108,67,95,69,123" hai2="126,63,43,65,39,37,2,130,79,96,46,28,66" hai3="45,106,4,9,72,3,122,11,74,125,117,86,98"/><W22/><G122/><T27/><D51/><U47/><E123/><V44/><F2/><W54/><G125/><T100/><D40/><U89/><E108/><V110/><F110/><W80/><G117/><T134/><D70/><U56/><E35/><V84/><F28/><W50/><G11/><T1/><D82/><U17/><E128/><V19/><F96/><W49/><G22/><T29/><D73/><U30/><E30/><V132/><F84/><W71/><G71/><T101/><D99/><U121/><E121/><V93/><F79/><W10/><G10/><T78/><D78/><U81/><E102/><V112/><F37/><W48/><G48/><T33/><D101/><U24/><E47/><V8/><F46/><W23/><G106/><T62/><D100/><U6/><E6/><V91/><F44/><W129/><G98/><T77/><D77/><N who="1" m="44223" /><E83/><V76/><F76/><W53/><G23/><T114/><D62/><U0/><E67/><V92/><F63/><W90/><REACH who="3" step="1"/><G129/><REACH who="3" ten="28,307,401,254" step="2"/><T105/><D105/><U41/><E0/><V124/><F130/><W20/><G20/><T116/><D114/><U107/><E107/><V25/><F112/><W36/><G36/><T64/><D64/><U55/><E68/><V94/><F66/><W32/><G32/><T57/><D57/><U97/><E69/><V87/><F65/><W5/><G5/><T88/><D88/><U34/><E34/><V119/><F91/><W85/><G85/><T104/><D104/><U58/><E58/><V59/><F59/><W120/><G120/><T14/><D116/><U115/><E56/><RYUUKYOKU ba="0,1" sc="28,-10,307,-10,401,-10,254,30" hai3="3,4,9,45,49,50,53,54,72,74,80,86,90" /><INIT seed="7,1,1,3,2,42" ten="18,297,391,284" oya="3" hai0="111,112,35,55,25,84,1,10,119,103,18,50,110" hai1="102,122,99,100,47,79,118,88,59,87,105,93,61" hai2="68,96,80,49,31,75,3,52,127,30,90,131,73" hai3="60,81,104,66,12,21,125,94,65,51,40,76,121"/><W91/><G104/><T70/><D70/><U135/><E122/><V92/><F68/><W0/><G0/><T124/><D119/><U32/><E32/><V44/><F3/><W98/><G121/><T39/><D39/><U14/><E118/><V16/><F131/><W130/><G130/><T117/><D117/><U86/><E135/><V23/><F127/><W45/><G125/><T22/><D35/><U107/><E14/><N who="2" m="9623" /><F75/><W85/><G60/><T134/><D1/><U34/><E34/><V5/><F73/><W13/><REACH who="3" step="1"/><G21/><REACH who="3" ten="18,297,391,274" step="2"/><T38/><D124/><U89/><E79/><V43/><F5/><W17/><G17/><T82/><D111/><U24/><E24/><V115/><F115/><W6/><G6/><T64/><D110/><U132/><E132/><V72/><F72/><W26/><G26/><T77/><D112/><U62/><E62/><V48/><F80/><W11/><G11/><T78/><D134/><U8/><E8/><V101/><F30/><W4/><G4/><T33/><D33/><U7/><E7/><V54/><F31/><W120/><G120/><T83/><D38/><U97/><E61/><V57/><F54/><W2/><G2/><T9/><D64/><AGARI ba="1,2" hai="12,13,40,45,51,64,65,66,76,81,85,91,94,98" machi="64" ten="40,7700,0" yaku="1,1,8,1,52,1,53,0" doraHai="42" doraHaiUra="126" who="3" fromWho="0" sc="18,-80,297,0,391,0,274,100" owari="-62,-56.0,297,-10.0,391,49.0,374,17.0" /></mjloggm>