<mjloggm ver="2.3"><GO type="169" lobby="0"/><UN n0="%E3%82%A6%E3%83%AB%E3%83%88%E3%83%A9%E7%AB%8B%E7%9B%B4" n1="%E4%BA%94%E3%81%B2%E3%82%83%E3%81%90%E3%81%88%E3%82%93" n2="%30%E3%81%8F%E3%83%BC%E3%81%AB%E3%82%83%E3%82%93%30" n3="%E3%83%AA%E3%83%81%E3%83%A3%21%21" dan="18,16,17,16" rate="2243.30,2101.01,2212.74,2136.65" sx="M,M,F,M"/><TAIKYOKU oya="0"/><INIT seed="0,0,0,4,2,66" ten="250,250,250,250" oya="0" hai0="49,87,128,60,81,135,115,79,7,58,116,121,70" hai1="91,33,39,53,114,110,106,59,5,134,88,76,125" hai2="29,43,63,111,17,47,94,44,73,86,126,120,123" hai3="35,20,26,37,117,36,69,122,19,55,99,131,108"/><T51/><D115/><U2/><E106/><V62/><F73/><W14/><G117/><T82/><D116/><U15/><E39/><V118/><F29/><W101/><G108/><T102/><D121/><U21/><E110/><V84/><F118/><W83/><G122/><T127/><D128/><U9/><E33/><V50/><F111/><W67/><G131/><T132/><D127/><U16/><E125/><V42/><F126/><W129/><G55/><T130/><D130/><U22/><E134/><N who="0" m="51241" /><D102/><U4/><E114/><V113/><F113/><W97/><G97/><T92/><D92/><U1/><E76/><V95/><F17/><W27/><G83/><T78/><D7/><U68/><E68/><V31/><F31/><N who="3" m="19967" /><G26/><T13/><D13/><U80/><E22/><V89/><F89/><W38/><G38/><T100/><D100/><U46/><E46/><V103/><F103/><W12/><G12/><T119/><D119/><U75/><E75/><V54/><F54/><W71/><G129/><T85/><D70/><U34/><E34/><V40/><F40/><W98/><G98/><T8/><D8/><U30/><E30/><V96/><F96/><W65/><G65/><AGARI ba="0,0" hai="49,51,58,60,65,78,79,81,82,85,87" m="51241" machi="65" ten="30,1500,0" yaku="20,1" doraHai="66" who="0" fromWho="3" sc="250,15,250,0,250,0,250,-15" /><INIT seed="0,1,0,3,3,108" ten="265,250,250,235" oya="0" hai0="47,39,48,95,90,92,116,112,41,72,58,125,28" hai1="10,53,29,61,80,14,21,24,132,44,87,75,106" hai2="71,122,54,11,120,36,31,16,103,1,20,42,117" hai3="7,62,97,12,68,32,128,38,13,57,17,104,86"/><T84/><D116/><U93/><E132/><V67/><F103/><W59/><G32/><T82/><D125/><U89/><E106/><V121/><F117/><W126/><G38/><T96/><D72/><U83/><E75/><V115/><F36/><W127/><G128/><T60/><D28/><U123/><E123/><V78/><F78/><W52/><G68/><T15/><D39/><U65/><E44/><V98/><F98/><W88/><G7/><T94/><D15/><U110/><E53/><V37/><F42/><W40/><G40/><T114/><REACH who="0" step="1"/><D96/><REACH who="0" ten="255,250,250,235" step="2"/><U49/><E14/><N who="2" m="7263" /><F37/><W43/><G126/><T124/><D124/><U119/><E119/><V77/><F120/><W64/><G127/><T102/><D102/><U85/><E29/><V27/><F121/><W45/><G12/><T6/><D6/><U129/><E87/><V25/><F122/><W63/><G97/><T66/><AGARI ba="1,1" hai="41,47,48,58,60,66,82,84,90,92,94,95,112,114" machi="66" ten="30,11700,0" yaku="1,1,0,1,52,2,53,0" doraHai="108" doraHaiUra="107" who="0" fromWho="0" sc="255,130,250,-40,250,-40,235,-40" /><INIT seed="0,2,0,2,5,119" ten="385,210,210,195" oya="0" hai0="91,9,24,97,133,39,30,46,40,55,114,56,88" hai1="134,44,109,16,70,54,7,8,79,3,83,20,11" hai2="6,104,48,118,45,15,66,28,132,72,64,112,115" hai3="82,80,29,34,35,52,78,95,73,94,50,84,102"/><T14/><D114/><U107/><E109/><V86/><F72/><W18/><G102/><T108/><D108/><U121/><E134/><V103/><F132/><W47/><G18/><T106/><D133/><U49/><E107/><V22/><F118/><W135/><G135/><T105/><D106/><U81/><E70/><V93/><F104/><W12/><G12/><T51/><D97/><U32/><E32/><V120/><F120/><W43/><G35/><T31/><D105/><U19/><E11/><V127/><F127/><W92/><G34/><T38/><D38/><U100/><E100/><V122/><F122/><W128/><G128/><T27/><D24/><U63/><E121/><V62/><F64/><W71/><G71/><T61/><D39/><U13/><E63/><V123/><F123/><W69/><G69/><T17/><D27/><U74/><E19/><V10/><F22/><W131/><G131/><T96/><D96/><U117/><REACH who="1" step="1"/><E81/><REACH who="1" ten="385,200,210,195" step="2"/><V4/><F4/><W130/><G130/><T99/><REACH who="0" step="1"/><D99/><REACH who="0" ten="375,200,210,195" step="2"/><U89/><E89/><AGARI ba="2,2" hai="9,14,17,30,31,40,46,51,55,56,61,88,89,91" machi="89" ten="40,12000,1" yaku="1,1,2,1,8,1,54,1,53,0" doraHai="119" doraHaiUra="124" who="0" fromWho="1" sc="375,146,200,-126,210,0,195,0" /><INIT seed="0,3,0,3,5,130" ten="521,74,210,195" oya="0" hai0="84,73,59,78,51,39,119,100,19,69,56,81,3" hai1="41,103,44,50,132,111,102,122,34,105,48,131,29" hai2="8,124,89,74,92,91,99,12,134,60,115,6,35" hai3="53,127,93,68,33,120,18,21,52,107,62,85,116"/><T129/><D119/><U15/><E122/><V46/><F115/><W80/><G116/><T79/><D39/><U17/><E131/><V54/><F35/><W65/><G107/><T98/><D69/><U2/><E111/><V26/><F74/><W114/><G120/><T70/><D70/><U28/><E2/><V16/><F124/><W37/><G114/><T110/><D3/><U77/><E77/><V125/><F125/><W31/><G37/><T22/><D110/><U66/><E66/><V126/><F126/><W14/><G127/><T58/><D129/><U118/><E118/><V72/><F72/><W4/><G4/><T43/><D73/><U27/><E29/><V38/><F38/><W42/><G42/><T11/><D11/><U83/><E83/><V133/><F91/><W71/><G93/><T20/><D79/><U86/><E86/><V0/><F26/><W13/><G13/><T106/><REACH who="0" step="1"/><D19/><REACH who="0" ten="511,74,210,195" step="2"/><U45/><E17/><V88/><F0/><W97/><G71/><T123/><D123/><U36/><E36/><V109/><F109/><W64/><G68/><T40/><D40/><U32/><E41/><V10/><F10/><W87/><G18/><T95/><D95/><U90/><E105/><V55/><F6/><W25/><G80/><T5/><D5/><U135/><E28/><V94/><F16/><W9/><G9/><T108/><D108/><U75/><E75/><V57/><F8/><W117/><G117/><T30/><D30/><U121/><E121/><V113/><F113/><W104/><G31/><T63/><D63/><U76/><E76/><RYUUKYOKU ba="3,1" sc="511,30,74,-10,210,-10,195,-10" hai0="20,22,43,51,56,58,59,78,81,84,98,100,106" /><INIT seed="0,4,1,0,3,71" ten="541,64,200,185" oya="0" hai0="100,64,120,43,67,69,113,40,114,26,85,52,5" hai1="68,15,12,65,44,107,59,37,20,28,60,97,88" hai2="53,33,46,47,50,82,99,111,126,125,39,130,3" hai3="22,30,106,21,49,31,27,36,103,13,1,2,17"/><T134/><D100/><U25/><E107/><V41/><F33/><W10/><G36/><T77/><D26/><U128/><E128/><V133/><F3/><N who="3" m="1035" /><G49/><T90/><D5/><U7/><E7/><V9/><F9/><W84/><G84/><T45/><D90/><U118/><E118/><V131/><F82/><W96/><G96/><T89/><D89/><U91/><E68/><V14/><F99/><W38/><G38/><T73/><D85/><U101/><E101/><V23/><F14/><N who="3" m="9399" /><G103/><T86/><D86/><U34/><E97/><V8/><F23/><W51/><G51/><T95/><D95/><U80/><E34/><V87/><F8/><W94/><G94/><T54/><D77/><U92/><E80/><V11/><F11/><W74/><G74/><T63/><D73/><U119/><E119/><V81/><F111/><W70/><G70/><T76/><D76/><U72/><E72/><V62/><F133/><W124/><G106/><T55/><D134/><U123/><E123/><V122/><F122/><W61/><G124/><N who="2" m="47721" /><F62/><W109/><G61/><T108/><D120/><U19/><E92/><V35/><F35/><W57/><G109/><T56/><D108/><U105/><E105/><V48/><F48/><W135/><G135/><T102/><D102/><U129/><E129/><V79/><AGARI ba="4,1" hai="39,41,46,47,50,53,79,81,87,130,131" m="47721" machi="79" ten="30,2000,0" yaku="18,1,52,1" doraHai="71" who="2" fromWho="2" sc="541,-14,64,-9,200,42,185,-9" /><INIT seed="1,0,0,1,5,92" ten="527,55,242,176" oya="1" hai0="102,65,71,88,105,74,97,50,117,41,79,94,17" hai1="24,51,116,20,73,61,59,60,107,26,76,72,89" hai2="104,115,119,125,87,21,6,45,133,67,5,129,108" hai3="122,96,11,9,10,95,109,62,25,29,19,38,12"/><U121/><E116/><V7/><F67/><W16/><G38/><T130/><D117/><U110/><E121/><V39/><F119/><W47/><G122/><T70/><D65/><U82/><E107/><V135/><F87/><W101/><G109/><T68/><D17/><U66/><E73/><V86/><F86/><W99/><G47/><T28/><D28/><U112/><E112/><V111/><F104/><W56/><G96/><T90/><D130/><U118/><E118/><V1/><F45/><W54/><REACH who="3" step="1"/><G19/><REACH who="3" ten="527,55,242,166" step="2"/><T37/><D97/><U55/><E110/><N who="2" m="42027" /><F39/><W93/><G93/><T44/><D94/><U113/><E113/><V42/><F115/><W3/><G3/><T36/><D37/><U0/><E0/><V31/><F42/><W134/><G134/><N who="2" m="51209" /><F1/><W84/><G84/><T30/><D41/><U81/><E66/><V48/><F129/><W77/><G77/><T57/><D79/><U14/><E82/><V8/><F48/><W132/><G132/><T2/><D50/><U75/><E75/><V131/><F131/><W120/><G120/><T98/><D36/><U106/><E106/><V4/><F4/><W69/><G69/><T27/><D70/><U34/><E72/><V15/><F125/><W64/><G64/><T35/><D71/><U100/><E76/><V85/><F85/><W53/><G53/><T103/><D68/><U80/><E81/><V91/><F91/><W128/><G128/><T114/><D2/><U13/><E80/><V127/><F127/><W58/><G58/><T123/><D123/><U49/><E89/><V124/><F124/><RYUUKYOKU ba="0,1" sc="527,-15,55,-15,242,15,166,15" hai2="5,6,7,8,15,21,31" hai3="9,10,11,12,16,25,29,54,56,62,95,99,101" /><INIT seed="2,1,1,5,0,50" ten="512,40,257,181" oya="2" hai0="22,90,101,45,130,48,17,37,78,88,44,51,96" hai1="99,4,114,19,104,89,40,8,52,102,117,26,43" hai2="61,18,84,70,28,108,76,105,36,49,128,129,6" hai3="81,111,93,115,91,103,20,30,67,83,46,112,121"/><V73/><F36/><W133/><G67/><T120/><D37/><U110/><E114/><N who="3" m="43562" /><G121/><T7/><D7/><U75/><E117/><V27/><F105/><W100/><G46/><T97/><D78/><U85/><E110/><V86/><F6/><W92/><G20/><T64/><D64/><U123/><E123/><V24/><F70/><W54/><G54/><N who="0" m="29959" /><D130/><N who="2" m="50282" /><F61/><W134/><G30/><T42/><D120/><U25/><E75/><V41/><F108/><W57/><G57/><T107/><D107/><U82/><E26/><N who="2" m="9771" /><F18/><W47/><G47/><T2/><D2/><U131/><E131/><V3/><F3/><W35/><G93/><N who="0" m="58543" /><D96/><U127/><E127/><V21/><F21/><W1/><G35/><T66/><D66/><U106/><E106/><V14/><F14/><AGARI ba="1,1" hai="14,17,22,42,45,51,88,90" m="58543,29959" machi="14" ten="30,3900,0" yaku="8,1,52,1,54,1" doraHai="50" who="0" fromWho="2" sc="512,52,40,0,257,-42,181,0" /><INIT seed="3,0,0,5,5,41" ten="564,40,215,181" oya="3" hai0="84,4,8,18,48,13,47,7,132,135,119,111,66" hai1="91,34,21,2,99,124,68,50,1,49,81,57,27" hai2="60,23,64,14,83,85,103,87,10,102,118,134,28" hai3="0,78,74,88,40,29,33,115,55,112,32,129,114"/><W3/><G74/><T15/><D119/><U52/><E68/><V86/><F134/><N who="0" m="51242" /><D111/><U73/><E34/><N who="3" m="13418" /><G78/><T45/><D66/><U82/><E124/><V80/><F118/><W101/><G101/><N who="2" m="38409" /><F64/><W93/><G40/><T96/><D96/><U76/><E50/><V131/><F131/><W113/><G55/><T5/><D84/><U69/><E69/><V109/><F109/><W20/><N who="3" m="28672" /><DORA hai="110" /><W24/><G93/><T104/><D104/><U58/><E58/><V53/><F60/><W35/><G88/><T9/><D47/><U51/><E51/><V12/><F53/><AGARI ba="0,0" hai="4,5,7,8,9,13,15,18,45,48,53" m="51242" machi="53" ten="30,2000,0" yaku="20,1,52,1" doraHai="41,110" who="0" fromWho="2" sc="564,20,40,0,215,-20,181,0" /><INIT seed="4,0,0,2,3,87" ten="584,40,195,181" oya="0" hai0="104,86,1,18,80,82,96,53,74,73,5,16,0" hai1="114,115,37,56,99,55,29,54,120,31,51,90,77" hai2="33,109,84,48,42,41,70,34,94,44,2,75,95" hai3="72,106,52,69,130,15,50,125,68,111,110,3,132"/><T102/><D53/><U61/><E120/><V14/><F2/><W65/><G72/><T92/><D5/><U105/><E37/><V131/><F75/><W118/><G106/><T9/><D9/><U38/><E38/><V47/><F109/><N who="3" m="41483" /><G3/><T43/><D43/><U88/><E77/><V58/><F70/><N who="3" m="27243" /><G15/><T89/><D0/><U10/><E105/><V64/><F131/><W98/><G98/><T101/><D1/><U113/><E10/><V123/><F123/><W135/><G65/><T28/><D28/><N who="1" m="10827" /><E99/><V103/><F14/><W26/><G26/><T25/><D102/><U32/><E32/><V12/><F12/><W11/><G11/><T63/><D25/><U46/><AGARI ba="0,0" hai="46,51,54,55,56,61,88,90,113,114,115" m="10827" machi="46" ten="40,8000,1" yaku="15,1,11,1,52,2,54,1" doraHai="87" who="1" fromWho="1" sc="584,-40,40,80,195,-20,181,-20" /><INIT seed="5,0,0,2,0,11" ten="544,120,175,161" oya="1" hai0="124,69,35,134,59,118,29,1,54,39,80,38,130" hai1="34,6,65,123,4,125,12,93,14,97,88,102,109" hai2="91,40,24,85,2,120,31,133,22,107,128,78,66" hai3="9,53,76,74,79,21,108,95,115,77,15,18,116"/><U44/><E123/><V126/><F120/><W113/><G108/><T99/><D80/><U26/><E34/><V106/><F2/><W132/><G132/><T25/><D1/><U56/><E109/><V13/><F133/><W75/><G116/><T20/><D118/><U117/><E117/><V32/><F78/><W83/><G95/><T52/><D69/><U82/><E125/><V63/><F126/><W67/><G67/><T7/><D7/><N who="1" m="2603" /><E26/><V104/><F128/><W122/><G122/><T60/><D124/><U17/><E17/><V48/><F40/><W45/><G9/><T46/><D134/><U121/><E121/><V61/><F48/><N who="3" m="28815" /><G83/><T0/><D0/><U100/><E44/><V37/><F37/><W57/><G57/><T68/><D68/><U64/><E56/><V58/><F63/><W73/><G76/><T42/><D130/><U135/><E135/><V33/><REACH who="2" step="1"/><F13/><REACH who="2" ten="544,120,165,161" step="2"/><N who="1" m="5225" /><E82/><AGARI ba="0,1" hai="22,24,31,32,33,58,61,66,82,85,91,104,106,107" machi="82" ten="40,1300,0" yaku="1,1,53,0" doraHai="11" doraHaiUra="43" who="2" fromWho="1" sc="544,0,120,-13,165,23,161,0" /><INIT seed="6,0,0,0,4,62" ten="544,107,188,161" oya="2" hai0="110,86,97,102,10,9,94,32,51,88,129,125,84" hai1="104,105,8,26,58,122,56,90,40,119,78,47,131" hai2="46,24,57,16,96,61,36,108,79,6,53,91,52" hai3="7,23,130,33,60,43,5,103,14,126,65,89,93"/><V112/><F112/><W4/><G33/><T81/><D110/><U73/><E119/><V19/><F108/><W127/><G130/><T92/><D32/><U35/><E131/><V75/><F75/><W121/><G121/><T107/><D129/><U0/><E122/><V68/><F68/><W114/><G114/><T72/><D125/><N who="3" m="47625" /><G103/><T116/><D116/><U106/><E90/><V21/><F79/><W95/><G43/><T18/><D72/><U39/><E58/><N who="2" m="35015" /><F36/><W63/><G63/><T44/><D18/><U100/><E56/><V99/><F6/><W113/><G113/><T77/><REACH who="0" step="1"/><D107/><REACH who="0" ten="534,107,188,161" step="2"/><U98/><E35/><V123/><F123/><W30/><G4/><T31/><D31/><U134/><E134/><V120/><F19/><N who="3" m="10743" /><G30/><T67/><D67/><U74/><E74/><V59/><F120/><W17/><G17/><T34/><D34/><U15/><E15/><V25/><F16/><W37/><G5/><T80/><D80/><N who="1" m="45135" /><E26/><V41/><F24/><W66/><G7/><AGARI ba="0,1" hai="0,7,8,39,40,47,98,100,104,105,106" m="45135" machi="7" ten="30,3900,0" yaku="25,1,33,2" doraHai="62" who="1" fromWho="3" sc="534,0,107,49,188,0,161,-39" /><INIT seed="7,0,0,3,2,80" ten="534,156,188,122" oya="3" hai0="100,33,105,97,11,129,123,3,62,74,22,46,125" hai1="131,6,28,15,126,115,44,57,83,48,122,132,128" hai2="43,29,55,111,86,110,64,1,61,19,9,71,49" hai3="10,76,81,21,77,75,65,34,14,88,90,127,32"/><W101/><G127/><T67/><D22/><U119/><E122/><V52/><F29/><W117/><G117/><T92/><D92/><U51/><E115/><V103/><F103/><W78/><G75/><T24/><D46/><U56/><E132/><V8/><F55/><W69/><G101/><T79/><D129/><N who="1" m="49739" /><E28/><V45/><F86/><N who="3" m="50255" /><G32/><T39/><D62/><U112/><E112/><V96/><F96/><W87/><G34/><T120/><D67/><U0/><E0/><V68/><F68/><W5/><G69/><T13/><D100/><U124/><E119/><V73/><F73/><W84/><G65/><T89/><D39/><U20/><E83/><V114/><F114/><W58/><G58/><N who="1" m="22634" /><E51/><V38/><F9/><W36/><G36/><T60/><D11/><N who="1" m="4599" /><E20/><V37/><F37/><W95/><G21/><T102/><D74/><U133/><E133/><V23/><F8/><W12/><G12/><T2/><D97/><AGARI ba="0,0" hai="5,10,14,76,77,78,84,87,90,95,97" m="50255" machi="97" ten="30,12000,1" yaku="8,1,52,3,54,1" doraHai="80" who="3" fromWho="0" sc="534,-120,156,0,188,0,122,120" /><INIT seed="7,1,0,3,2,97" ten="414,156,188,242" oya="3" hai0="51,62,114,98,0,50,73,125,3,24,90,61,131" hai1="53,77,34,132,133,1,108,79,123,40,130,70,118" hai2="83,15,119,27,52,116,32,38,30,29,17,9,84" hai3="100,64,19,44,86,135,82,47,39,127,67,36,128"/><W58/><G128/><T41/><D73/><U121/><E1/><V21/><F38/><W87/><G100/><T43/><D98/><U20/><E34/><V66/><F66/><W122/><G19/><T57/><D90/><U33/><E70/><V45/><F30/><W117/><G82/><T75/><D57/><U109/><E33/><V93/><F93/><W81/><G81/><T46/><D46/><U68/><E68/><V69/><F69/><W10/><G10/><T23/><D23/><U96/><E40/><V124/><F124/><W28/><G28/><T16/><D16/><U8/><E8/><V6/><F52/><W37/><G58/><T42/><D42/><U54/><E20/><V120/><F45/><W4/><G4/><T11/><D11/><U14/><E96/><V5/><F120/><W103/><G47/><T95/><D95/><U78/><E14/><V115/><F115/><W56/><G44/><T101/><D101/><U49/><E49/><V110/><F110/><W25/><G37/><T113/><D24/><U92/><E92/><V89/><F6/><W72/><G64/><T106/><D75/><U126/><E78/><V59/><F59/><W13/><G56/><T7/><D131/><U91/><E91/><V35/><F35/><W99/><G39/><T111/><D111/><U102/><E130/><V94/><F94/><W88/><G36/><T71/><D7/><U48/><E48/><V85/><F85/><W107/><G86/><T76/><D71/><U26/><E26/><AGARI ba="1,0" hai="5,9,15,17,21,26,27,29,32,83,84,89,116,119" machi="26" ten="30,1000,0" yaku="7,1" doraHai="97" who="2" fromWho="1" sc="414,0,156,-13,188,13,242,0" owari="414,52.0,143,-36.0,201,-20.0,242,4.0" /></mjloggm>