<mjloggm ver="2.3"><GO type="169" lobby="0"/><UN n0="%4A%6F%75%72%6E%65%79" n1="%E3%83%89%E3%83%A9%EF%BC%91%EF%BC%92%EF%BC%90%EF%BC%85" n2="%E3%82%A6%E3%83%AB%E3%83%88%E3%83%A9%E7%AB%8B%E7%9B%B4" n3="%E5%87%B6%E4%BB%8B%40%E6%9D%8F%E6%9D%8F%E8%BB%8D%E5%9B%A3" dan="17,17,17,16" rate="2142.35,2168.46,2206.88,2072.69" sx="M,M,M,M"/><TAIKYOKU oya="0"/><INIT seed="0,0,0,2,1,129" ten="250,250,250,250" oya="0" hai0="111,68,20,15,58,101,0,8,38,125,76,31,56" hai1="65,84,5,94,83,114,74,2,88,55,13,27,77" hai2="117,67,104,44,135,50,4,118,48,103,49,95,39" hai3="127,54,10,37,109,23,116,1,112,3,61,32,9"/><T96/><D38/><U99/><E114/><V131/><F104/><W63/><G112/><T18/><D68/><U97/><E2/><V69/><F4/><W124/><G32/><T12/><D125/><N who="3" m="48201" /><G116/><N who="2" m="44649" /><F95/><W7/><G109/><T73/><D111/><U121/><E121/><V29/><F103/><W102/><G37/><T122/><D122/><U107/><E65/><V60/><F29/><W53/><G102/><T43/><D43/><U120/><E120/><V71/><F131/><W75/><G75/><T78/><D0/><U35/><E55/><N who="3" m="21002" /><G23/><T89/><D89/><U130/><E130/><V87/><F87/><W51/><G51/><T79/><D73/><U93/><E35/><V80/><F80/><W128/><G128/><T26/><REACH who="0" step="1"/><D15/><REACH who="0" ten="240,250,250,250" step="2"/><U123/><E13/><V30/><F71/><W98/><G3/><T25/><D25/><U46/><E27/><V81/><F39/><W72/><G72/><T115/><D115/><U64/><E123/><V42/><F42/><W17/><G98/><T52/><D52/><U100/><E99/><V85/><F50/><W16/><G10/><T108/><D108/><U28/><E97/><V133/><F49/><W90/><G90/><T66/><D66/><U47/><E64/><V45/><F48/><W105/><G105/><AGARI ba="0,1" hai="8,12,18,20,26,31,56,58,76,78,79,96,101,105" machi="105" ten="40,3900,0" yaku="1,1,53,1" doraHai="129" doraHaiUra="24" who="0" fromWho="3" sc="240,49,250,0,250,0,250,-39" /><INIT seed="0,1,0,5,2,13" ten="289,250,250,211" oya="0" hai0="20,6,68,126,113,121,117,101,93,118,62,58,37" hai1="97,4,25,132,123,40,84,7,100,107,91,15,85" hai2="41,61,131,56,133,81,32,70,83,104,124,1,9" hai3="46,90,92,54,39,95,98,53,42,44,64,0,66"/><T51/><D113/><U122/><E132/><V106/><F70/><W16/><G0/><T52/><D121/><U22/><E85/><V43/><F32/><W115/><G115/><T8/><D37/><U47/><E15/><V48/><F131/><W30/><G30/><T71/><D126/><U55/><E55/><V28/><F28/><W120/><G120/><T102/><D68/><U116/><E4/><V94/><F94/><W127/><G127/><T2/><D20/><U18/><E7/><V128/><F48/><N who="3" m="26647" /><G46/><T59/><D71/><U38/><REACH who="1" step="1"/><E116/><REACH who="1" ten="289,240,250,211" step="2"/><V72/><F133/><W49/><G53/><T14/><D2/><U87/><E87/><V3/><F1/><W77/><G77/><T57/><D118/><U110/><E110/><V74/><F3/><W29/><G54/><T45/><D117/><U35/><E35/><V114/><F124/><W78/><G78/><T24/><D62/><U125/><E125/><V111/><F61/><W80/><G66/><T135/><D135/><U69/><E69/><V73/><F111/><W63/><G63/><T5/><D6/><U130/><E130/><V19/><F128/><W27/><G64/><T26/><D24/><U10/><E10/><V103/><F9/><W99/><G27/><T86/><D26/><U65/><E65/><V89/><F73/><W36/><G29/><T108/><D108/><U12/><E12/><V33/><F74/><W119/><G119/><T96/><D86/><U60/><E60/><V31/><F72/><W21/><G99/><T88/><AGARI ba="1,1" hai="5,8,14,45,51,52,57,58,59,88,93,96,101,102" machi="88" ten="30,11700,0" yaku="0,1,8,1,54,2" doraHai="13" who="0" fromWho="0" sc="289,130,240,-40,250,-40,211,-40" /><INIT seed="0,2,0,2,5,2" ten="419,200,210,171" oya="0" hai0="60,84,17,28,62,58,42,6,22,103,21,9,38" hai1="83,81,55,56,39,101,70,48,115,16,18,51,133" hai2="35,75,134,73,63,109,129,110,47,98,0,68,95" hai3="20,32,88,4,107,76,125,37,40,119,85,118,30"/><T91/><D103/><U45/><E39/><V52/><F35/><W59/><G107/><T121/><D121/><U10/><E70/><V44/><F0/><W26/><G125/><T114/><D114/><U117/><E115/><V130/><F68/><W79/><G32/><T3/><D28/><U41/><E117/><V78/><F134/><W135/><G135/><T86/><D22/><U1/><E133/><V54/><F78/><W97/><G97/><T122/><D122/><U104/><E1/><V61/><F95/><W92/><G59/><T5/><D5/><U23/><E104/><V87/><F87/><W57/><G57/><T90/><D84/><U94/><E10/><V127/><REACH who="2" step="1"/><F98/><REACH who="2" ten="419,200,200,171" step="2"/><W24/><G79/><T69/><D69/><U80/><E23/><V29/><F29/><W12/><G76/><T120/><D86/><U71/><E71/><V15/><F15/><W49/><G26/><T67/><D120/><U14/><E14/><V13/><F13/><W53/><G12/><T96/><D96/><AGARI ba="2,1" hai="16,18,41,45,48,51,55,56,80,81,83,94,96,101" machi="96" ten="40,2600,0" yaku="8,1,54,1" doraHai="2" who="1" fromWho="0" sc="419,-32,200,42,200,0,171,0" /><INIT seed="1,0,0,5,1,93" ten="387,242,200,171" oya="1" hai0="11,128,42,98,66,67,22,74,115,45,106,8,26" hai1="81,53,82,69,120,65,47,118,56,117,99,113,27" hai2="31,84,101,38,32,73,132,46,91,129,107,75,28" hai3="35,24,54,58,80,7,13,111,89,102,16,72,133"/><U20/><E120/><V50/><F38/><W78/><G133/><T114/><D74/><U94/><E113/><V44/><F129/><W116/><G116/><T1/><D128/><U52/><E69/><V3/><F3/><W0/><G111/><T39/><D67/><U48/><E65/><V60/><F60/><W59/><G102/><T90/><D66/><U12/><E12/><V4/><F4/><W124/><G124/><T41/><D41/><U9/><E9/><V125/><F125/><W123/><G123/><T96/><D106/><U63/><E118/><V68/><F68/><W135/><G135/><T130/><D130/><U131/><E131/><V77/><F77/><W109/><G109/><T134/><D134/><U15/><E15/><V61/><F61/><W95/><G54/><T97/><D90/><N who="1" m="55767" /><E117/><V37/><F32/><W76/><G76/><T108/><D108/><U17/><AGARI ba="0,0" hai="17,20,27,47,48,52,53,56,63,81,82" m="55767" machi="17" ten="30,11700,0" yaku="25,1,8,1,52,1,54,1" doraHai="93" who="1" fromWho="1" sc="387,-39,242,117,200,-39,171,-39" /><INIT seed="1,1,0,4,3,0" ten="348,359,161,132" oya="1" hai0="24,15,106,70,118,20,47,100,14,75,125,39,21" hai1="95,65,132,1,33,91,123,60,84,88,10,133,80" hai2="129,3,13,113,117,37,12,19,107,120,74,44,68" hai3="4,98,41,18,87,36,82,119,85,40,124,35,72"/><U99/><E33/><V28/><F44/><W26/><G124/><T110/><D118/><U56/><REACH who="1" step="1"/><E123/><REACH who="1" ten="348,349,161,132" step="2"/><V59/><F120/><W108/><G119/><T128/><D125/><U89/><E89/><V9/><F117/><W109/><G35/><T34/><D34/><U131/><E131/><V90/><F129/><W126/><G126/><T53/><D128/><U50/><E50/><V122/><F90/><W83/><G36/><T112/><D39/><U78/><E78/><V130/><F122/><W77/><G77/><T114/><D114/><U81/><E81/><V73/><F113/><W23/><G82/><T105/><D112/><U97/><E97/><V67/><F130/><W30/><G98/><T111/><D111/><U116/><E116/><V64/><F37/><W115/><G115/><T38/><D110/><U17/><E17/><V66/><F19/><W11/><G18/><T6/><D38/><U127/><E127/><V94/><F28/><W32/><G32/><T55/><D106/><U46/><E46/><V27/><F107/><W48/><G48/><T62/><D105/><U16/><E16/><V76/><F76/><W134/><G83/><T121/><D121/><U5/><AGARI ba="1,1" hai="1,5,10,56,60,65,80,84,88,91,95,99,132,133" machi="5" ten="30,12000,1" yaku="1,1,0,1,52,1,54,1,53,1" doraHai="0" doraHaiUra="54" who="1" fromWho="1" sc="348,-41,349,133,161,-41,132,-41" /><INIT seed="1,2,0,4,4,116" ten="307,482,120,91" oya="1" hai0="51,28,127,134,55,47,60,14,88,44,75,33,85" hai1="132,126,5,6,29,67,81,48,16,49,117,57,82" hai2="24,22,94,53,114,103,128,107,21,35,123,95,110" hai3="92,80,1,23,52,54,125,98,100,84,69,65,12"/><U131/><E117/><V133/><F35/><W87/><G1/><T71/><D75/><U111/><E29/><V74/><F74/><W32/><G32/><T135/><D127/><U77/><E126/><V4/><F4/><W118/><G118/><T58/><D33/><U15/><E132/><N who="0" m="50729" /><D28/><U91/><E131/><V50/><F22/><W86/><G125/><T79/><D79/><U83/><E77/><V36/><F36/><W61/><REACH who="3" step="1"/><G80/><REACH who="3" ten="307,482,120,81" step="2"/><N who="0" m="49191" /><D14/><U108/><E108/><V115/><F110/><W46/><G46/><N who="0" m="28151" /><D71/><U40/><E111/><V38/><F133/><W72/><G72/><T39/><D39/><U9/><E82/><V93/><F38/><W78/><G78/><T113/><D113/><U3/><E83/><V105/><F115/><W31/><G31/><T10/><D10/><U34/><E34/><V62/><F114/><W64/><G64/><AGARI ba="2,1" hai="44,47,58,60,64" m="28151,49191,50729" machi="64" ten="30,2000,0" yaku="20,1,54,1" doraHai="116" who="0" fromWho="3" sc="307,36,482,0,120,0,81,-26" /><INIT seed="2,0,0,1,2,37" ten="343,482,120,55" oya="2" hai0="98,102,116,103,8,119,5,19,96,125,44,16,110" hai1="92,67,87,12,89,60,31,113,132,35,131,90,69" hai2="28,52,27,99,134,15,7,109,107,121,72,9,68" hai3="91,95,49,83,97,10,41,71,24,128,78,38,133"/><V127/><F121/><W3/><G133/><T94/><D110/><U88/><E113/><V82/><F68/><W13/><G128/><T42/><D125/><U2/><E2/><V62/><F134/><W23/><G71/><T64/><D64/><U105/><E132/><V129/><F129/><W36/><G3/><T56/><D56/><U1/><E1/><V14/><F127/><W55/><G23/><T57/><D57/><U65/><E65/><V34/><F109/><W93/><G24/><T101/><D5/><U123/><E123/><V79/><F62/><W53/><G93/><T46/><D8/><U74/><E74/><V47/><F15/><W115/><G115/><T20/><D20/><U33/><E33/><V22/><F34/><W66/><G66/><T84/><D84/><U48/><E48/><V21/><F21/><W51/><G51/><N who="0" m="27031" /><D46/><U111/><E111/><V73/><F47/><N who="3" m="25839" /><G38/><T43/><D43/><U40/><E40/><V30/><F52/><N who="3" m="20043" /><G36/><T25/><D25/><N who="1" m="18927" /><E131/><V124/><F124/><W63/><G63/><T32/><D32/><U126/><E126/><V17/><F72/><W108/><G108/><T100/><D98/><U26/><E26/><V18/><F30/><W4/><G78/><T77/><D77/><U80/><E105/><V118/><F118/><AGARI ba="0,0" hai="16,19,94,96,100,101,102,103,116,118,119" m="27031" machi="118" ten="30,3900,0" yaku="12,1,52,1,54,1" doraHai="37" who="0" fromWho="2" sc="343,39,482,0,120,-39,55,0" /><INIT seed="3,0,0,3,4,34" ten="382,482,81,55" oya="3" hai0="127,25,78,132,87,84,61,129,26,128,126,53,8" hai1="14,54,96,73,29,72,41,110,24,30,113,114,12" hai2="18,70,76,46,109,36,101,104,0,120,39,80,35" hai3="122,17,107,42,90,52,83,86,102,125,66,43,10"/><W64/><G122/><T4/><D61/><U111/><E41/><N who="3" m="15370" /><G107/><T115/><D53/><U1/><E96/><V106/><F46/><W56/><G102/><T19/><D115/><N who="1" m="44043" /><E54/><V75/><F101/><W82/><G125/><N who="0" m="47627" /><D78/><U97/><E97/><V44/><F44/><W15/><G82/><T37/><D37/><U33/><E73/><V71/><F120/><W135/><G135/><T74/><D74/><U13/><E72/><V123/><F123/><W23/><G10/><T67/><D67/><U11/><E30/><V58/><F106/><W40/><N who="3" m="15378" /><W6/><DORA hai="94" /><G6/><AGARI ba="0,0" hai="1,6,11,12,13,14,24,29,33,110,111" m="44043" machi="6" ten="40,5200,0" yaku="34,2,52,1" doraHai="34,94" who="1" fromWho="3" sc="382,0,482,52,81,0,55,-52" /><INIT seed="4,0,0,4,4,10" ten="382,534,81,3" oya="0" hai0="74,22,7,30,123,14,70,6,133,46,110,31,134" hai1="113,59,39,33,85,37,47,122,95,125,129,72,135" hai2="89,27,53,80,58,86,99,64,94,116,55,119,115" hai3="92,1,51,11,35,29,5,25,61,4,83,66,50"/><T114/><D70/><U24/><E72/><V128/><F115/><W132/><G5/><N who="0" m="1547" /><D46/><U49/><E122/><V63/><F27/><W121/><G121/><T102/><D74/><U48/><E113/><V20/><F20/><W12/><G132/><N who="0" m="50795" /><D102/><U90/><E135/><V44/><F44/><W41/><G41/><T77/><D77/><U34/><E34/><V131/><F55/><W2/><G83/><T109/><D114/><U23/><E33/><V0/><F53/><W68/><G92/><T127/><D123/><U60/><E49/><V111/><F0/><W130/><G130/><N who="2" m="49705" /><F111/><N who="0" m="42506" /><D127/><U84/><E125/><V105/><F94/><W8/><G8/><T57/><D57/><U71/><E85/><V67/><F58/><W107/><G107/><T13/><D22/><U73/><E90/><V120/><F89/><W36/><G36/><T40/><D40/><U87/><E73/><V101/><F120/><W81/><G81/><T28/><AGARI ba="0,0" hai="13,14,28,30,31" m="42506,50795,1547" machi="28" ten="40,24000,3" yaku="28,2,20,1,10,1,34,2,52,2" doraHai="10" who="0" fromWho="0" sc="382,240,534,-80,81,-80,3,-80" owari="622,73.0,454,25.0,1,-40.0,-77,-58.0" /></mjloggm>