<mjloggm ver="2.3"><GO type="169" lobby="0"/><UN n0="%E5%B0%8F%E7%89%A7%E6%84%9B%E4%BD%B3" n1="%E3%81%98%E3%81%BF%E3%81%84%E3%81%A3%5A" n2="%74%6F%6E%6E%75%72%61" n3="%E3%82%A6%E3%83%AB%E3%83%88%E3%83%A9%E7%AB%8B%E7%9B%B4" dan="16,16,16,17" rate="2114.59,2105.71,2144.37,2208.07" sx="M,M,M,M"/><TAIKYOKU oya="0"/><INIT seed="0,0,0,3,3,2" ten="250,250,250,250" oya="0" hai0="78,127,14,105,83,22,115,91,11,117,104,1,16" hai1="85,84,122,107,79,116,32,28,130,65,45,101,119" hai2="109,50,92,17,123,64,52,0,48,88,99,77,106" hai3="60,57,114,58,82,56,70,3,34,21,67,4,132"/><T23/><D115/><U62/><E122/><V8/><F123/><W47/><G34/><T51/><D117/><U6/><E130/><V100/><F109/><W5/><G3/><T112/><D112/><U133/><E133/><V68/><F77/><W124/><G114/><T10/><D127/><U19/><E19/><V71/><F50/><W94/><G132/><T25/><D91/><U95/><E45/><V86/><F64/><W27/><G124/><T36/><D36/><U72/><E85/><V18/><F18/><W53/><G82/><T31/><D51/><U75/><E84/><V74/><F74/><W76/><G76/><T89/><D89/><U102/><E95/><V98/><F98/><W129/><G129/><T13/><D1/><U29/><E79/><V7/><F17/><W125/><G125/><T97/><D97/><U135/><E135/><V80/><F80/><W108/><G108/><T9/><REACH who="0" step="1"/><D14/><REACH who="0" ten="240,250,250,250" step="2"/><U66/><E119/><V24/><F24/><W134/><G134/><T113/><D113/><U42/><E116/><V69/><F71/><W43/><G70/><T96/><D96/><U49/><E49/><V37/><F37/><W61/><G27/><T121/><D121/><U12/><E12/><V63/><F63/><W55/><G61/><T35/><D35/><U59/><E32/><V90/><F90/><W33/><G60/><T118/><D118/><U44/><E62/><V41/><F41/><W131/><G43/><T15/><D15/><U20/><E42/><V26/><F26/><W30/><G33/><T87/><AGARI ba="0,1" hai="9,10,11,13,16,22,23,25,31,78,83,87,104,105" machi="87" ten="30,6000,0" yaku="1,1,0,1,54,1,53,0" doraHai="2" doraHaiUra="39" who="0" fromWho="0" sc="240,70,250,-20,250,-20,250,-20" /><INIT seed="0,1,0,3,2,125" ten="310,230,230,230" oya="0" hai0="95,85,12,120,60,99,78,6,33,25,1,22,79" hai1="72,59,111,106,117,86,81,112,131,104,135,23,64" hai2="71,36,121,41,134,103,37,80,70,0,91,122,82" hai3="3,7,126,108,100,54,87,110,56,51,5,102,69"/><T105/><D120/><U47/><E117/><V58/><F0/><W92/><G69/><T119/><D119/><U68/><E72/><V40/><F103/><N who="3" m="39467" /><G3/><T18/><D105/><U115/><E68/><V24/><F24/><W84/><G126/><T15/><D60/><U48/><E135/><V21/><F21/><W28/><G28/><T127/><D127/><U14/><E64/><V76/><F58/><W29/><G29/><T35/><D33/><U107/><E59/><V10/><F10/><W130/><G130/><T96/><D85/><N who="3" m="32841" /><G92/><T26/><D95/><U31/><E131/><V38/><F91/><W16/><G16/><T52/><D1/><U61/><E31/><V17/><F38/><W4/><G110/><T39/><D39/><U113/><E111/><V74/><F17/><W50/><G108/><T13/><D6/><U89/><E61/><AGARI ba="1,0" hai="4,5,7,50,51,54,56,61" m="32841,39467" machi="61" ten="30,1000,0" yaku="8,1" doraHai="125" who="3" fromWho="1" sc="310,0,230,-13,230,0,230,13" /><INIT seed="1,0,0,5,0,23" ten="310,217,230,243" oya="1" hai0="10,135,83,122,19,126,120,112,68,84,26,121,125" hai1="30,27,80,42,81,55,24,37,12,94,31,86,89" hai2="118,13,109,107,91,67,61,76,63,56,133,116,7" hai3="96,48,53,46,38,59,8,127,105,111,100,14,103"/><U99/><E37/><V54/><F109/><W20/><G127/><N who="0" m="48651" /><D112/><U5/><E42/><V88/><F107/><W65/><G111/><T119/><D119/><U51/><E12/><V114/><F114/><W43/><G103/><T132/><D68/><U41/><E5/><V4/><F133/><N who="0" m="51274" /><D10/><U2/><E2/><V57/><F76/><W74/><G74/><T90/><D19/><U60/><E60/><V35/><F35/><W16/><G65/><T49/><D49/><U25/><E41/><V32/><F32/><W104/><G8/><T78/><D26/><U36/><E36/><V64/><F54/><W40/><G40/><T11/><D11/><U21/><E81/><V73/><F73/><W106/><AGARI ba="0,0" hai="14,16,20,38,43,46,48,53,59,96,100,104,105,106" machi="106" ten="20,2700,0" yaku="0,1,7,1,54,1" doraHai="23" who="3" fromWho="3" sc="310,-7,217,-13,230,-7,243,27" /><INIT seed="2,0,0,2,5,127" ten="303,204,223,270" oya="2" hai0="60,70,106,67,133,80,107,1,128,10,87,51,109" hai1="98,85,15,49,8,50,75,2,117,47,91,126,54" hai2="86,53,114,52,7,116,4,78,89,102,125,45,43" hai3="112,111,129,12,110,24,132,73,38,84,68,74,61"/><V41/><F116/><W14/><G38/><T42/><D109/><U32/><E117/><V40/><F114/><W121/><G121/><T26/><D133/><U94/><E126/><V29/><F125/><W101/><G132/><T90/><D26/><U79/><E32/><V35/><F78/><W131/><G101/><T33/><D33/><U11/><E2/><V5/><F102/><W30/><G84/><T66/><D67/><U103/><E50/><V0/><F0/><W23/><G112/><T77/><D90/><U105/><REACH who="1" step="1"/><E15/><REACH who="1" ten="303,194,223,270" step="2"/><V18/><F35/><W120/><G12/><T134/><D134/><U62/><E62/><V56/><F29/><W17/><G120/><T71/><D51/><U72/><E72/><V88/><F45/><W95/><G74/><T55/><D1/><U100/><E100/><V58/><F18/><W76/><G73/><T124/><D60/><U48/><E48/><N who="2" m="30727" /><F86/><W16/><G17/><T19/><D87/><U31/><E31/><V44/><F44/><W21/><G110/><T99/><D124/><U123/><E123/><V81/><F81/><AGARI ba="0,1" hai="8,11,47,49,54,75,79,81,85,91,94,98,103,105" machi="81" ten="40,5200,0" yaku="1,1,24,2,53,0" doraHai="127" doraHaiUra="118" who="1" fromWho="2" sc="303,0,194,62,223,-52,270,0" /><INIT seed="3,0,0,5,5,25" ten="303,256,171,270" oya="3" hai0="94,121,98,59,11,130,63,92,108,33,61,109,123" hai1="114,75,24,74,42,106,12,83,107,60,16,18,76" hai2="87,6,32,37,13,35,110,131,30,86,89,99,79" hai3="34,57,100,90,84,43,1,112,21,14,58,64,95"/><W8/><G112/><T15/><D33/><U77/><E114/><V116/><F116/><W48/><G34/><T81/><D81/><U17/><E42/><V3/><F110/><N who="0" m="42602" /><D130/><U111/><E111/><V70/><F3/><W27/><G1/><T117/><D117/><U40/><E40/><V91/><F131/><W88/><G100/><N who="0" m="60487" /><D94/><U128/><E128/><V103/><F37/><W19/><G64/><N who="0" m="38975" /><D63/><U26/><E60/><V9/><F70/><W129/><G129/><T51/><D51/><U85/><E85/><V47/><F47/><N who="3" m="25727" /><G90/><T5/><AGARI ba="0,0" hai="5,11,15,121,123" m="38975,60487,42602" machi="5" ten="30,1100,0" yaku="14,1" doraHai="25" who="0" fromWho="0" sc="303,11,256,-3,171,-3,270,-5" /><INIT seed="4,0,0,4,2,7" ten="314,253,168,265" oya="0" hai0="29,9,119,105,134,20,113,64,11,114,58,98,72" hai1="40,94,122,89,3,32,108,67,116,4,15,93,101" hai2="68,83,53,2,51,47,30,76,104,63,87,49,1" hai3="56,10,5,107,127,129,115,65,102,6,120,28,25"/><T121/><D119/><U52/><E116/><V125/><F104/><W37/><G37/><T55/><D121/><U85/><E122/><V71/><F125/><W133/><G107/><T96/><D72/><U22/><E108/><V128/><F128/><W123/><G102/><N who="0" m="62663" /><D134/><U0/><E32/><V73/><F30/><W132/><G127/><T42/><D64/><U130/><E130/><V77/><F77/><W60/><G5/><T24/><D98/><U57/><E67/><V21/><F63/><W35/><G129/><T111/><D42/><U91/><E101/><V118/><F73/><W90/><G90/><T109/><D111/><U8/><E40/><V88/><F76/><W26/><G26/><T27/><D24/><U74/><E22/><V48/><F21/><W99/><G99/><T78/><D78/><U45/><E74/><V66/><F66/><W70/><G56/><T124/><D109/><U39/><E39/><V18/><F18/><W86/><G86/><T106/><D106/><U59/><E3/><V112/><F118/><W44/><G44/><T61/><D124/><U36/><E0/><V12/><F2/><N who="3" m="343" /><G115/><AGARI ba="0,0" hai="9,11,20,27,29,55,58,61,113,114,115" m="62663" machi="115" ten="30,5800,0" yaku="15,1,52,2" doraHai="7" who="0" fromWho="3" sc="314,58,253,0,168,0,265,-58" /><INIT seed="4,1,0,5,1,51" ten="372,253,168,207" oya="0" hai0="90,65,96,107,128,99,58,61,1,66,42,53,17" hai1="27,113,86,52,40,77,135,106,38,11,95,69,24" hai2="72,129,93,116,98,120,102,126,84,14,32,88,48" hai3="118,20,82,64,59,94,43,36,110,49,37,12,44"/><T132/><D132/><U5/><E106/><V123/><F32/><W87/><G110/><T76/><D76/><U121/><E121/><V119/><F48/><W111/><G111/><T22/><D22/><U31/><E69/><V73/><F14/><W33/><G33/><T117/><D117/><N who="2" m="45130" /><F129/><W105/><G105/><T35/><D35/><U78/><E40/><V23/><F23/><W62/><G94/><T39/><D39/><U19/><E38/><V3/><F3/><W34/><G34/><T25/><D25/><U100/><E31/><V104/><F126/><W47/><G118/><T21/><D21/><U108/><E19/><V13/><F13/><W50/><G12/><T127/><D127/><U134/><E5/><V97/><F97/><W85/><G20/><T10/><D10/><U8/><E108/><V80/><F80/><W15/><G15/><T79/><D79/><U28/><E28/><V57/><F57/><W46/><G87/><T63/><D63/><U26/><E26/><V91/><F91/><W101/><G101/><T29/><D29/><U124/><E124/><V115/><F115/><W54/><REACH who="3" step="1"/><G47/><REACH who="3" ten="372,253,168,197" step="2"/><T89/><D89/><AGARI ba="1,1" hai="36,37,43,44,46,49,50,54,59,62,64,82,85,89" machi="89" ten="30,7700,0" yaku="1,1,2,1,7,1,52,1,53,0" doraHai="51" doraHaiUra="131" who="3" fromWho="0" sc="372,-80,253,0,168,0,197,90" /><INIT seed="5,0,0,5,2,61" ten="292,253,168,287" oya="1" hai0="126,64,124,97,40,117,31,76,104,5,75,105,68" hai1="77,93,122,63,127,110,111,52,17,89,58,96,87" hai2="25,85,109,47,10,80,34,130,54,24,26,36,3" hai3="15,132,29,114,12,2,101,91,8,121,49,32,125"/><U35/><E122/><V4/><F109/><N who="1" m="41481" /><E35/><V73/><F130/><W134/><G101/><T65/><D65/><U113/><E113/><V18/><F73/><W131/><G121/><T95/><D95/><U108/><N who="1" m="41489" /><U83/><DORA hai="22" /><E17/><V98/><F98/><W60/><G60/><T21/><D21/><U116/><E127/><V82/><F82/><W27/><G131/><T70/><D70/><U30/><E30/><V43/><F54/><W86/><G49/><T84/><D84/><U79/><E116/><V106/><F106/><W88/><G114/><T107/><D107/><U11/><E11/><V42/><F43/><W57/><G125/><T69/><D69/><U59/><E59/><V133/><F133/><N who="3" m="51307" /><G57/><T38/><D38/><U67/><E67/><V45/><F45/><W33/><G33/><T51/><D51/><U112/><E112/><V129/><F129/><W118/><G118/><T48/><D48/><U78/><AGARI ba="0,0" hai="52,58,63,77,78,79,83,87,89,93,96" m="41489" machi="78" ten="40,3900,0" yaku="10,1,54,1" doraHai="61,22" who="1" fromWho="1" sc="292,-13,253,39,168,-13,287,-13" /><INIT seed="5,1,0,3,5,134" ten="279,292,155,274" oya="1" hai0="91,79,78,4,107,77,93,83,16,65,43,23,81" hai1="59,106,22,57,69,121,118,119,19,54,18,99,53" hai2="40,82,133,104,75,64,87,131,98,13,28,130,7" hai3="129,11,108,126,44,9,2,47,63,85,113,72,3"/><U102/><E121/><V120/><F75/><W26/><G72/><T109/><D109/><U62/><E69/><V74/><F74/><W14/><G85/><T48/><D48/><U92/><E106/><V34/><F120/><W30/><G63/><T1/><D1/><U103/><E103/><V115/><F133/><W8/><G47/><T0/><D0/><U20/><E20/><V35/><F40/><W88/><G88/><T5/><D5/><U36/><E36/><V33/><F28/><W50/><G50/><T70/><D70/><U27/><E19/><V60/><F115/><W24/><G44/><T15/><D15/><U31/><E18/><V55/><F55/><W73/><G73/><T123/><D123/><U52/><REACH who="1" step="1"/><E57/><REACH who="1" ten="279,282,155,274" step="2"/><V41/><F104/><W42/><G113/><T21/><D21/><U122/><E122/><V61/><F35/><W17/><G17/><T96/><D96/><U49/><E49/><V51/><F51/><W45/><G108/><T37/><D37/><U86/><E86/><V132/><F87/><W116/><G11/><T111/><D111/><U112/><E112/><V101/><F101/><W68/><G9/><T6/><D6/><U110/><E110/><V67/><F98/><W71/><G8/><T46/><D46/><U117/><AGARI ba="1,1" hai="22,27,31,52,53,54,59,62,92,99,102,117,118,119" machi="117" ten="30,6000,0" yaku="1,1,0,1,54,1,53,0" doraHai="134" doraHaiUra="128" who="1" fromWho="1" sc="279,-21,282,73,155,-21,274,-21" /><INIT seed="5,2,0,1,0,127" ten="258,355,134,253" oya="1" hai0="25,52,90,38,112,17,59,85,101,4,122,60,1" hai1="99,116,98,42,115,39,76,32,94,54,22,132,102" hai2="62,131,9,29,13,48,134,37,74,33,64,49,69" hai3="65,15,8,53,47,10,109,16,45,36,20,19,97"/><U105/><E32/><V119/><F119/><W123/><G123/><T28/><D28/><U124/><E116/><V14/><F134/><W24/><G109/><T58/><D58/><U130/><E42/><V126/><F126/><W106/><G65/><T3/><D3/><U133/><E39/><V50/><F37/><W107/><G36/><T77/><D77/><U92/><E54/><V128/><F74/><W89/><G107/><T117/><D117/><U57/><E57/><V135/><F135/><W73/><G73/><T72/><D72/><U81/><E22/><V96/><F96/><W63/><G106/><T43/><D43/><U35/><E35/><V84/><F84/><W87/><G97/><T86/><D86/><U100/><E124/><V68/><F68/><W129/><G129/><N who="2" m="49737" /><F9/><W93/><G8/><T70/><D70/><U103/><E130/><V0/><F0/><W88/><G89/><T18/><D18/><U91/><E133/><V27/><AGARI ba="2,0" hai="13,14,27,29,33,48,49,50,62,64,69" m="49737" machi="27" ten="40,8000,1" yaku="19,1,52,3" doraHai="127" who="2" fromWho="2" sc="258,-22,355,-42,134,86,253,-22" /><INIT seed="6,0,0,5,1,17" ten="236,313,220,231" oya="2" hai0="8,87,98,33,16,40,123,57,47,110,105,71,82" hai1="35,113,1,41,73,93,106,42,64,130,68,112,129" hai2="22,51,26,58,103,131,94,66,122,44,2,72,117" hai3="84,90,43,134,61,96,14,13,54,124,28,3,125"/><V111/><F122/><W107/><G3/><T119/><D119/><U81/><E35/><V135/><F117/><W120/><G43/><N who="1" m="16394" /><E1/><V132/><F2/><W63/><G28/><T49/><D49/><U67/><E106/><V78/><F111/><W118/><G134/><N who="2" m="51241" /><F131/><N who="1" m="50185" /><E93/><V99/><F78/><W56/><G63/><T4/><D4/><U39/><E39/><V30/><F72/><W127/><G120/><T5/><D5/><U70/><E81/><V91/><F44/><W23/><G118/><T128/><D128/><U85/><E85/><V6/><F6/><W101/><REACH who="3" step="1"/><G23/><REACH who="3" ten="236,313,220,221" step="2"/><T104/><D104/><U10/><E10/><V36/><F36/><W80/><AGARI ba="0,1" hai="13,14,54,56,61,80,84,90,96,101,107,124,125,127" machi="80" ten="30,8000,1" yaku="1,1,2,1,0,1,18,1,53,1" doraHai="17" doraHaiUra="95" who="3" fromWho="3" sc="236,-20,313,-20,220,-40,221,90" /><INIT seed="7,0,0,4,1,50" ten="216,293,180,311" oya="3" hai0="113,73,124,126,110,72,111,84,131,11,57,12,42" hai1="121,116,98,107,78,74,135,105,123,5,36,40,67" hai2="62,14,24,45,7,119,31,60,34,15,16,66,55" hai3="51,106,112,77,46,71,69,4,68,38,64,89,39"/><W26/><G106/><T127/><D127/><U17/><E17/><V93/><F119/><W80/><G4/><T96/><D96/><U125/><E67/><V99/><F7/><W58/><G89/><T117/><D117/><U20/><E20/><N who="2" m="15751" /><F66/><W56/><G80/><T100/><D100/><N who="1" m="62615" /><E107/><V101/><F34/><W70/><G77/><T28/><D28/><U65/><E65/><V6/><F6/><W8/><G8/><T97/><D97/><U88/><E5/><V2/><F2/><W87/><G87/><T47/><D47/><N who="1" m="23943" /><E125/><V91/><F91/><W103/><G26/><T1/><D1/><U10/><E10/><N who="2" m="6231" /><F15/><W35/><G103/><T63/><D63/><U102/><E102/><V109/><F109/><W0/><G0/><T53/><D53/><U104/><E104/><V122/><F122/><W37/><G35/><T94/><D94/><U13/><E13/><V59/><F45/><W49/><G46/><T3/><D3/><U19/><E116/><V44/><F44/><W114/><G70/><T54/><D54/><U23/><E88/><V33/><F33/><W118/><G118/><T79/><D79/><U25/><E123/><V41/><F41/><W130/><G68/><T52/><D52/><U108/><E121/><V75/><F75/><W27/><G71/><T90/><D90/><U29/><E108/><V85/><F85/><W92/><G69/><T48/><D48/><AGARI ba="0,0" hai="48,55,59,60,62,93,99,101" m="6231,15751" machi="48" ten="30,3900,0" yaku="8,1,52,1,54,1" doraHai="50" who="2" fromWho="0" sc="216,-39,293,0,180,39,311,0" owari="177,-32.0,293,9.0,219,-18.0,311,41.0" /></mjloggm>