<mjloggm ver="2.3"><GO type="169" lobby="0"/><UN n0="%33%31%6A%69%6E" n1="%E5%B0%B1%E6%B4%BB%E7%94%9F%40%E5%B7%9D%E6%9D%91%E8%BB%8D%E5%9B%A3" n2="%E3%82%B7%E3%83%B3%E3%83%87%E3%83%AB%E3%83%A9" n3="%E3%83%92%E3%83%AB%E3%83%99%E3%83%AB%E3%83%88" dan="16,18,16,17" rate="2106.01,2309.32,2148.82,2138.44" sx="F,M,F,M"/><TAIKYOKU oya="0"/><INIT seed="0,0,0,4,2,27" ten="250,250,250,250" oya="0" hai0="119,125,111,40,58,91,45,122,48,129,103,20,10" hai1="92,44,133,49,77,100,43,25,72,56,69,61,96" hai2="113,120,0,2,117,11,50,94,12,26,6,102,124" hai3="95,17,57,85,31,105,28,13,34,82,132,42,70"/><T104/><D122/><U9/><E133/><V32/><F50/><W109/><G70/><T37/><D119/><U38/><E72/><V41/><F94/><W3/><G3/><N who="2" m="1065" /><F41/><W33/><G105/><T90/><D10/><U52/><E77/><V7/><F102/><W29/><G132/><T39/><D125/><U47/><E9/><N who="2" m="4151" /><F120/><W53/><G109/><T116/><D129/><U54/><E25/><V46/><F46/><W65/><G42/><T135/><D111/><U5/><E5/><V115/><F124/><W51/><G65/><T83/><D116/><U22/><E22/><V108/><F108/><W87/><G95/><T1/><D135/><U84/><E84/><V110/><F110/><W68/><G68/><T21/><D39/><U118/><E118/><V18/><F117/><W127/><G127/><T30/><D37/><U4/><E4/><V75/><F75/><W131/><G131/><T134/><D134/><U15/><E15/><N who="2" m="7551" /><F7/><W89/><REACH who="3" step="1"/><G87/><REACH who="3" ten="250,250,250,240" step="2"/><T14/><D104/><U79/><E69/><V76/><F76/><W128/><G128/><T19/><D1/><U24/><E79/><V63/><F63/><W93/><G93/><T66/><D66/><U123/><E123/><V59/><F59/><W80/><G80/><T8/><D58/><U81/><E81/><V60/><F60/><W74/><G74/><T67/><D83/><U88/><E100/><V64/><F64/><W98/><G98/><T101/><D67/><U126/><E126/><V73/><F73/><W35/><G35/><T36/><D101/><U106/><E106/><V16/><F32/><RYUUKYOKU ba="0,1" sc="250,-30,250,10,250,10,240,10" hai1="24,38,43,44,47,49,52,54,56,61,88,92,96" hai2="16,26,113,115" hai3="13,17,28,29,31,33,34,51,53,57,82,85,89" /><INIT seed="1,1,1,4,0,32" ten="220,260,260,250" oya="1" hai0="5,95,72,106,18,118,111,39,77,45,70,20,11" hai1="94,117,90,27,15,50,86,47,30,81,34,113,58" hai2="53,13,57,68,54,61,65,128,43,21,40,44,64" hai3="38,109,83,123,120,99,31,67,132,127,59,115,129"/><U125/><E125/><V110/><F13/><W73/><G38/><T10/><D111/><U121/><E113/><V105/><F21/><W87/><G73/><T52/><D118/><U66/><E121/><V12/><F12/><W135/><G31/><T42/><D106/><U114/><E114/><V37/><F105/><W76/><G115/><T96/><D70/><U60/><E117/><V80/><F80/><W1/><G127/><T89/><D72/><U130/><E130/><V85/><F85/><W74/><G67/><T46/><D77/><U62/><E15/><V100/><F100/><W51/><G59/><T88/><D89/><U98/><E60/><N who="2" m="39975" /><F110/><W8/><G51/><N who="0" m="28783" /><D5/><U124/><E124/><V4/><F4/><N who="3" m="1039" /><G87/><T28/><D28/><U3/><E3/><V49/><F128/><W101/><G109/><T2/><D2/><U102/><E81/><V17/><F17/><W119/><G119/><T71/><D71/><U122/><E122/><N who="3" m="46634" /><G129/><T131/><D39/><U6/><E6/><V0/><F0/><W93/><G93/><T26/><D131/><U84/><REACH who="1" step="1"/><E102/><REACH who="1" ten="220,250,260,250" step="2"/><V9/><F9/><W133/><G101/><T103/><D103/><U22/><E22/><V7/><F7/><W55/><G99/><T78/><D10/><U126/><E126/><V16/><F16/><W79/><G76/><T92/><D11/><U33/><E33/><V134/><F134/><W97/><G97/><T41/><D78/><U112/><E112/><V24/><F24/><W25/><G25/><T35/><D35/><U36/><E36/><V82/><F82/><W56/><G135/><RYUUKYOKU ba="1,2" sc="220,-30,250,10,260,10,250,10" hai1="27,30,34,47,50,58,62,66,84,86,90,94,98" hai2="37,40,43,44,49,53,54,57,61,64" hai3="55,56,74,79,83,132,133" /><INIT seed="1,2,2,1,1,11" ten="190,260,270,260" oya="1" hai0="126,97,16,44,71,53,86,117,91,45,105,114,20" hai1="51,41,119,60,124,76,128,23,0,62,26,59,3" hai2="122,88,75,5,67,118,92,6,1,35,12,123,110" hai3="79,80,21,32,104,115,40,64,68,132,95,36,65"/><U47/><E119/><V130/><F118/><W24/><G32/><T9/><D117/><U37/><E128/><V106/><F75/><W78/><G104/><T109/><D109/><U48/><E124/><V120/><F106/><W43/><G68/><T99/><D126/><U74/><E74/><V133/><F67/><W54/><G115/><T10/><D114/><U27/><E76/><V116/><F116/><W85/><G79/><T50/><D71/><U25/><E23/><V93/><F110/><W66/><G36/><T103/><D45/><U84/><E84/><V77/><F77/><W52/><G132/><T22/><D99/><U131/><E131/><V38/><F133/><W13/><G13/><N who="0" m="7215" /><D10/><U61/><REACH who="1" step="1"/><E59/><REACH who="1" ten="190,250,270,260" step="2"/><V100/><F130/><W125/><G125/><T127/><D127/><U87/><E87/><N who="2" m="52255" /><F123/><W63/><G63/><T135/><D135/><U129/><E129/><V33/><F122/><W8/><G8/><T4/><D4/><U89/><E89/><V121/><F120/><W81/><G81/><AGARI ba="2,3" hai="20,22,44,50,53,81,86,91,97,103,105" m="7215" machi="81" ten="30,3900,0" yaku="25,1,52,1,54,1" doraHai="11" who="0" fromWho="3" sc="190,75,250,0,270,0,260,-45" /><INIT seed="2,0,0,1,5,76" ten="265,250,270,215" oya="2" hai0="109,60,75,74,63,28,41,36,34,38,11,113,19" hai1="101,117,35,16,126,103,30,53,114,26,15,99,120" hai2="7,72,61,27,84,37,134,59,56,110,29,96,82" hai3="10,133,2,81,23,68,124,100,135,122,97,6,58"/><V69/><F134/><N who="3" m="51211" /><G68/><T130/><D109/><U92/><E114/><V46/><F110/><W8/><G122/><T111/><D111/><U57/><E120/><V52/><F72/><W90/><G58/><T3/><D130/><U48/><E126/><V9/><F96/><W107/><G23/><T128/><D128/><U14/><E117/><V88/><F69/><W32/><G124/><T129/><D129/><U42/><E42/><V125/><F125/><W17/><G32/><T47/><D38/><U4/><E4/><V64/><F37/><W71/><G71/><T104/><D104/><U25/><E25/><V77/><F46/><W127/><G127/><T118/><D118/><U22/><REACH who="1" step="1"/><E15/><REACH who="1" ten="265,240,270,215" step="2"/><N who="2" m="5567" /><F27/><W12/><G90/><AGARI ba="0,1" hai="14,16,22,26,30,35,48,53,57,90,92,99,101,103" machi="90" ten="30,7700,0" yaku="1,1,7,1,54,1,53,1" doraHai="76" doraHaiUra="13" who="1" fromWho="3" sc="265,0,240,87,270,0,215,-77" /><INIT seed="3,0,0,5,1,32" ten="265,327,270,138" oya="3" hai0="115,21,25,80,92,47,9,14,6,56,65,43,64" hai1="36,31,20,41,132,54,24,58,86,82,112,126,8" hai2="72,87,113,62,33,30,68,51,55,108,52,57,121" hai3="122,69,50,29,22,7,61,91,85,40,11,110,75"/><W45/><G122/><T111/><D115/><U74/><E112/><V63/><F113/><W119/><G75/><T10/><D111/><U104/><E104/><V27/><F72/><W39/><G119/><T123/><D123/><U0/><E74/><V134/><F121/><W97/><G110/><T114/><D114/><U19/><E126/><V99/><F108/><W2/><G97/><T37/><D9/><U17/><E132/><V89/><F134/><W18/><G29/><T35/><D35/><U46/><E0/><V105/><F68/><W133/><G133/><T49/><D92/><U76/><REACH who="1" step="1"/><E8/><REACH who="1" ten="265,317,270,138" step="2"/><V23/><F105/><W79/><G79/><T101/><D10/><U94/><E94/><V120/><F120/><W90/><G39/><T95/><D95/><U98/><E98/><V53/><F99/><W42/><G42/><T34/><D43/><U96/><E96/><V131/><F131/><W67/><REACH who="3" step="1"/><G85/><REACH who="3" ten="265,317,270,128" step="2"/><T60/><D37/><U73/><E73/><V117/><F87/><W124/><G124/><T106/><D106/><U129/><E129/><V1/><F117/><W78/><G78/><T3/><D101/><U103/><E103/><V100/><F100/><W48/><G48/><AGARI ba="0,2" hai="17,19,20,24,31,36,41,46,48,54,58,76,82,86" machi="48" ten="30,3900,0" yaku="1,1,7,1,53,1" doraHai="32" doraHaiUra="81" who="1" fromWho="3" sc="265,0,317,59,270,0,128,-39" /><INIT seed="4,0,0,2,4,103" ten="265,376,270,89" oya="0" hai0="118,80,31,8,17,10,111,108,73,43,2,20,96" hai1="71,106,50,113,94,123,6,49,12,134,58,99,18" hai2="124,54,121,23,13,35,29,114,72,117,119,109,89" hai3="33,135,82,26,59,41,3,127,14,64,7,100,78"/><T86/><D118/><N who="2" m="45066" /><F54/><W112/><G112/><T68/><D68/><U0/><E106/><V95/><F72/><W129/><G127/><T81/><D73/><U102/><E71/><V39/><F39/><W92/><G135/><T65/><D43/><U56/><E134/><V75/><F75/><W104/><G129/><T46/><D46/><U128/><E113/><V85/><F114/><W97/><G41/><T91/><D65/><U110/><E110/><N who="0" m="42025" /><D31/><U101/><E0/><V16/><F109/><W122/><G3/><T25/><D2/><U66/><E6/><V37/><F37/><W24/><G122/><T57/><D81/><U15/><E66/><V27/><F124/><W21/><G33/><T5/><D5/><U30/><E30/><V107/><F121/><W34/><G34/><T4/><D4/><U126/><E18/><V45/><F45/><W130/><G130/><T88/><D57/><U28/><E28/><V63/><F63/><W120/><G120/><T44/><D44/><U61/><E61/><V133/><F133/><W70/><G70/><T52/><D52/><U98/><E128/><V79/><F79/><W22/><G64/><T67/><D67/><U38/><E123/><V77/><F77/><W48/><G59/><T42/><D42/><U11/><E38/><V1/><F1/><W19/><G48/><T60/><D60/><U116/><E126/><V84/><F84/><N who="3" m="48215" /><G7/><T55/><D55/><U40/><E116/><V47/><F47/><W69/><G69/><T53/><D53/><U105/><E40/><V51/><F51/><N who="1" m="19465" /><E11/><V36/><F36/><RYUUKYOKU ba="0,0" sc="265,10,376,10,270,10,89,-30" hai0="8,10,17,20,25,80,86,88,91,96" hai1="12,15,56,58,94,98,99,101,102,105" hai2="13,16,23,27,29,35,85,89,95,107" /><INIT seed="4,1,0,2,1,123" ten="275,386,280,59" oya="0" hai0="9,99,0,86,19,89,114,98,92,83,128,25,84" hai1="50,120,131,87,38,13,59,77,81,132,121,70,1" hai2="7,44,21,103,54,40,68,94,91,58,2,65,43" hai3="69,107,36,48,119,46,29,106,11,115,85,105,100"/><T79/><D114/><U97/><E1/><V124/><F124/><W108/><G119/><T130/><D25/><U53/><E131/><N who="0" m="50217" /><D19/><U23/><E132/><V76/><F103/><W93/><G115/><T60/><D60/><U27/><E70/><V63/><F76/><W125/><G69/><T32/><D32/><U112/><E38/><V37/><F40/><W126/><G36/><T67/><D67/><U111/><E111/><V33/><F33/><W41/><G29/><T96/><D9/><U28/><E112/><V135/><F135/><W51/><G51/><T88/><D0/><U30/><E30/><V80/><F80/><AGARI ba="1,0" hai="79,80,83,84,86,88,89,92,96,98,99" m="50217" machi="80" ten="30,11600,0" yaku="19,1,34,2,54,1" doraHai="123" who="0" fromWho="2" sc="275,119,386,0,280,-119,59,0" /><INIT seed="4,2,0,0,3,95" ten="394,386,161,59" oya="0" hai0="53,57,39,52,94,110,84,104,70,0,28,112,91" hai1="4,87,5,69,43,61,72,122,31,11,6,107,88" hai2="131,54,129,68,34,82,124,113,133,60,83,105,78" hai3="108,120,106,132,79,89,32,46,135,93,103,7,30"/><T74/><D112/><U119/><E72/><V73/><F113/><W63/><G120/><T3/><D70/><U123/><E119/><V29/><F124/><W2/><G108/><T118/><D118/><U98/><E11/><V48/><F133/><N who="3" m="51275" /><G79/><T19/><D74/><U42/><E31/><V33/><F105/><W58/><G7/><T40/><D104/><U121/><E69/><V49/><F83/><W80/><G2/><T18/><D28/><U102/><REACH who="1" step="1"/><E61/><REACH who="1" ten="394,376,161,59" step="2"/><V100/><F68/><W59/><G30/><T109/><D110/><U50/><E50/><V116/><F29/><W8/><G32/><T44/><D109/><U128/><E128/><V1/><F33/><W126/><G63/><T67/><D3/><U81/><AGARI ba="2,1" hai="4,5,6,42,43,81,87,88,98,102,107,121,122,123" machi="81" ten="40,8000,1" yaku="1,1,0,1,52,1,54,1,53,0" doraHai="95" doraHaiUra="9" who="1" fromWho="1" sc="394,-42,376,96,161,-22,59,-22" /><INIT seed="5,0,0,1,2,55" ten="352,472,139,37" oya="1" hai0="87,76,38,135,128,122,48,17,60,5,35,68,107" hai1="25,61,111,15,13,1,24,117,26,119,37,129,64" hai2="40,121,18,106,52,72,126,50,112,39,114,53,69" hai3="56,3,70,4,74,11,94,16,115,130,31,9,86"/><U21/><E37/><V110/><F106/><W101/><G70/><T103/><D122/><U45/><E111/><V51/><F72/><W59/><G74/><T93/><D38/><U12/><E1/><V92/><F92/><W84/><G115/><N who="2" m="44073" /><F18/><W62/><G130/><T85/><D35/><U102/><E129/><V91/><F91/><W83/><G31/><T133/><D107/><U67/><E102/><V7/><F7/><W82/><G62/><T19/><D5/><U89/><E89/><V58/><F110/><W49/><G49/><T20/><D128/><U79/><E79/><V131/><F131/><W22/><G9/><T132/><D48/><U63/><E21/><V109/><F109/><W29/><G29/><T113/><D113/><U100/><E100/><V98/><F98/><W77/><G94/><T8/><D76/><U127/><E127/><V118/><F126/><W57/><G101/><T96/><D8/><U105/><E105/><V43/><F121/><W78/><G56/><T44/><D19/><U27/><E45/><N who="2" m="27759" /><F118/><N who="1" m="45065" /><E27/><AGARI ba="0,0" hai="3,4,11,16,22,27,57,59,77,78,82,83,84,86" machi="27" ten="30,8000,1" yaku="7,1,9,1,52,2,54,1" doraHai="55" who="3" fromWho="1" sc="352,0,472,-80,139,0,37,80" /><INIT seed="6,0,0,3,3,32" ten="352,392,139,117" oya="2" hai0="121,109,115,60,28,20,116,85,91,104,3,34,26" hai1="43,130,15,123,45,29,7,103,58,83,110,129,89" hai2="120,86,95,64,79,81,67,59,102,65,106,53,51" hai3="122,12,99,87,108,92,13,96,117,47,55,61,27"/><V74/><F120/><W77/><G108/><T132/><D109/><U82/><E110/><V133/><F133/><W134/><G122/><T49/><D116/><U41/><E103/><V9/><F9/><W119/><G134/><T101/><D121/><U126/><E126/><V113/><F113/><W76/><G27/><T75/><D132/><U72/><E29/><V131/><F131/><N who="1" m="50185" /><E72/><V14/><F14/><W70/><G70/><T6/><D75/><U35/><E35/><V39/><F39/><W36/><G36/><T69/><D20/><U118/><E118/><V22/><F22/><W48/><G99/><N who="0" m="61503" /><D49/><U37/><E41/><V40/><F40/><W62/><G117/><T68/><D68/><U2/><E2/><V84/><REACH who="2" step="1"/><F95/><REACH who="2" ten="352,392,129,117" step="2"/><W98/><G119/><T57/><D115/><U11/><E123/><V107/><F107/><W73/><G12/><T112/><D112/><U114/><E114/><V128/><F128/><W16/><G92/><T5/><D5/><U127/><E127/><V80/><F80/><N who="3" m="47495" /><G73/><T124/><D6/><U63/><E89/><V25/><F25/><W50/><G77/><T56/><D124/><U19/><E7/><V105/><F105/><W18/><G13/><T0/><D91/><U21/><E11/><V24/><F24/><W125/><G125/><T30/><D26/><U38/><E38/><V90/><F90/><W31/><G31/><T23/><D23/><U17/><E17/><V1/><F1/><N who="0" m="586" /><D30/><U4/><E4/><V71/><F71/><W44/><G18/><T78/><D69/><U94/><E94/><V100/><F100/><RYUUKYOKU ba="0,1" sc="352,-15,392,15,129,15,117,-15" hai1="15,19,21,37,43,45,58,63,82,83" hai2="51,53,59,64,65,67,74,79,81,84,86,102,106" /><INIT seed="6,1,1,2,0,117" ten="337,407,144,102" oya="2" hai0="80,72,118,79,47,98,116,28,55,119,16,49,60" hai1="75,34,43,37,108,82,92,85,56,89,21,126,96" hai2="86,20,65,78,91,61,67,23,14,93,100,74,133" hai3="110,114,50,13,106,103,134,69,71,53,99,94,31"/><V123/><F123/><W115/><G110/><T125/><D125/><U104/><E34/><V48/><F133/><W62/><G134/><T132/><D132/><U58/><E108/><V2/><F2/><W36/><G36/><T128/><D128/><U109/><E109/><V70/><F67/><W10/><G31/><T40/><D28/><U27/><E126/><V15/><F100/><W35/><G35/><T102/><D16/><N who="1" m="12711" /><E37/><V8/><F48/><W76/><G76/><T64/><D55/><U105/><E105/><V4/><REACH who="2" step="1"/><F15/><REACH who="2" ten="337,407,134,102" step="2"/><W3/><G3/><T63/><D64/><U11/><E104/><AGARI ba="1,2" hai="40,47,49,60,63,72,79,80,98,102,104,116,118,119" machi="104" ten="40,1300,0" yaku="12,1" doraHai="117" who="0" fromWho="1" sc="337,36,407,-16,134,0,102,0" /><INIT seed="7,0,0,5,4,47" ten="373,391,134,102" oya="3" hai0="19,83,85,2,102,8,126,123,96,91,57,17,119" hai1="132,121,109,129,73,11,1,70,10,16,56,120,39" hai2="115,134,122,113,79,4,34,53,118,88,49,37,29" hai3="7,105,65,33,63,28,62,3,108,116,13,127,52"/><W32/><G116/><T98/><D123/><U77/><E70/><V48/><F118/><W133/><G105/><T64/><D119/><U45/><E109/><V26/><F122/><W68/><G108/><T111/><D111/><U84/><E84/><V14/><F37/><W117/><G117/><T42/><D126/><U125/><E56/><V0/><F0/><W114/><G127/><T78/><D42/><N who="1" m="22751" /><E132/><V36/><F36/><W58/><G133/><T31/><D31/><U76/><E76/><V24/><F134/><W20/><G114/><N who="2" m="43529" /><F79/><W131/><G131/><T90/><D98/><U94/><E94/><V128/><F128/><W67/><G3/><T81/><D2/><U107/><E107/><V5/><F26/><W135/><G135/><T40/><D40/><U104/><E104/><V15/><F88/><N who="0" m="33834" /><D81/><N who="1" m="45231" /><E129/><V95/><F95/><W18/><G7/><N who="2" m="2633" /><F49/><W30/><REACH who="3" step="1"/><G65/><REACH who="3" ten="373,391,134,92" step="2"/><T93/><D64/><U82/><E125/><V69/><F69/><W103/><G103/><T43/><D102/><U35/><E1/><V12/><F12/><W25/><G25/><T106/><D106/><U89/><E120/><V100/><F100/><W55/><G55/><T54/><D43/><U97/><E121/><V75/><F75/><W44/><G44/><AGARI ba="0,1" hai="14,15,24,29,34,44,48,53" m="2633,43529" machi="44" ten="30,2000,0" yaku="15,1,52,1" doraHai="47" who="2" fromWho="3" sc="373,0,391,0,134,30,92,-20" owari="373,17.0,391,50.0,164,-24.0,72,-43.0" /></mjloggm>