<mjloggm ver="2.3"><GO type="169" lobby="0"/><UN n0="%60%E3%83%BB%CF%89%E3%83%BB%29%79%2D%7E" n1="%E3%81%8B%E3%81%AB%E3%81%8B%E3%81%BE%E3%83%8F%E3%82%B5%E3%83%9F" n2="%E5%B0%B1%E6%B4%BB%E7%94%9F%40%E5%B7%9D%E6%9D%91%E8%BB%8D%E5%9B%A3" n3="%64%6F%6E%6E%69" dan="16,16,19,16" rate="2099.09,2099.68,2365.41,2115.95" sx="M,M,M,M"/><TAIKYOKU oya="0"/><INIT seed="0,0,0,5,1,8" ten="250,250,250,250" oya="0" hai0="62,66,117,55,19,64,133,20,63,105,15,85,1" hai1="130,11,103,76,129,32,23,24,119,13,81,91,86" hai2="68,75,79,6,45,57,61,7,98,33,34,46,58" hai3="118,71,2,39,28,40,16,96,22,18,134,29,25"/><T17/><D1/><U107/><E32/><V44/><F68/><W121/><G71/><T94/><D117/><U78/><E107/><V49/><F75/><W93/><G2/><T102/><D105/><U31/><E103/><V30/><F79/><W109/><G118/><T54/><D133/><U83/><E119/><V56/><F30/><W104/><G104/><T60/><D19/><U110/><E110/><V50/><F98/><W95/><G109/><T132/><D132/><U53/><E53/><N who="0" m="19977" /><D102/><U125/><E125/><V42/><F61/><N who="0" m="15618" /><T74/><DORA hai="101" /><D74/><U38/><E38/><V131/><F131/><N who="1" m="50185" /><E83/><V112/><F112/><W108/><G134/><T3/><D3/><U47/><E47/><V111/><F111/><W65/><G18/><AGARI ba="0,0" hai="11,13,18,23,24,31,76,78,81,86,91" m="50185" machi="18" ten="30,2000,0" yaku="19,1,52,1" doraHai="8,101" who="1" fromWho="3" sc="250,0,250,20,250,0,250,-20" /><INIT seed="1,0,0,3,1,27" ten="250,270,250,230" oya="1" hai0="38,93,117,90,127,19,15,0,25,101,113,133,64" hai1="55,79,12,116,35,22,20,34,100,32,45,73,106" hai2="9,77,62,14,112,118,40,92,65,58,125,33,120" hai3="49,52,104,74,119,80,72,95,110,122,130,24,21"/><U134/><E116/><V7/><F120/><W11/><G104/><T13/><D117/><U29/><E134/><V105/><F105/><W28/><G122/><T81/><D113/><U114/><E114/><V8/><F118/><W56/><G119/><T68/><D0/><U31/><E73/><V99/><F33/><W86/><G110/><T30/><D133/><U78/><E100/><V96/><F112/><W129/><G95/><T69/><D38/><U97/><E97/><V83/><F125/><W4/><G129/><T94/><D127/><U43/><E55/><V59/><F40/><W23/><G23/><T17/><D64/><U85/><E106/><V1/><F59/><W63/><G63/><T132/><D132/><U115/><E115/><V6/><REACH who="2" step="1"/><F92/><REACH who="2" ten="250,270,240,230" step="2"/><W70/><G130/><T107/><D107/><U2/><E35/><V131/><F131/><W108/><G108/><T66/><D94/><U103/><E34/><V82/><F82/><W76/><REACH who="3" step="1"/><G70/><REACH who="3" ten="250,270,240,220" step="2"/><T44/><D69/><U121/><E32/><V124/><F124/><W89/><G89/><T37/><D90/><U102/><E121/><V135/><F135/><W128/><G128/><T75/><D93/><U41/><E79/><V18/><F18/><W98/><G98/><T126/><D19/><U51/><E78/><V91/><F91/><W16/><G16/><T87/><D17/><U39/><E103/><V57/><F57/><W50/><G50/><T123/><D68/><U60/><E102/><V47/><F47/><W48/><G48/><T84/><D126/><U36/><E51/><V111/><F111/><RYUUKYOKU ba="0,2" sc="250,-15,270,-15,240,15,220,15" hai2="1,6,7,8,9,14,58,62,65,77,83,96,99" hai3="4,11,21,24,28,49,52,56,72,74,76,80,86" /><INIT seed="2,1,2,1,2,102" ten="235,255,255,235" oya="2" hai0="52,124,132,119,88,9,53,28,37,107,110,123,64" hai1="29,121,59,97,66,98,115,125,118,120,113,72,100" hai2="71,114,19,83,134,92,104,44,78,20,69,90,54" hai3="79,82,18,61,36,0,56,112,41,95,85,76,99"/><V80/><F114/><W101/><G112/><T15/><D123/><N who="1" m="47179" /><E118/><V49/><F104/><W108/><G0/><T16/><D119/><U87/><E72/><V47/><F134/><W22/><G108/><T131/><D37/><U63/><E97/><V39/><F39/><W93/><G41/><T1/><D110/><U50/><E125/><V75/><F80/><W127/><G36/><T96/><D132/><U24/><E87/><V14/><REACH who="2" step="1"/><F44/><REACH who="2" ten="235,255,245,235" step="2"/><W2/><G127/><T38/><D107/><N who="1" m="63895" /><E50/><V6/><F6/><W129/><G129/><T130/><D124/><U13/><E13/><V34/><F34/><AGARI ba="1,3" hai="24,29,34,59,63,66,113,115" m="63895,47179" machi="34" ten="30,2000,0" yaku="13,1,52,1" doraHai="102" who="1" fromWho="2" sc="235,0,255,53,245,-23,235,0" /><INIT seed="3,0,0,1,0,104" ten="235,308,222,235" oya="3" hai0="8,64,44,81,101,99,17,91,53,25,20,94,66" hai1="109,95,38,112,76,116,124,121,111,35,28,131,4" hai2="117,70,19,37,57,96,30,106,6,115,47,126,123" hai3="74,60,133,9,23,86,54,31,110,21,79,32,52"/><W49/><G133/><T72/><D8/><U26/><E95/><V58/><F19/><W39/><G39/><T85/><REACH who="0" step="1"/><D72/><REACH who="0" ten="225,308,222,235" step="2"/><U75/><E75/><V65/><F117/><W11/><G74/><T34/><D34/><U51/><E35/><V83/><F123/><W27/><G32/><T7/><D7/><U134/><E4/><V62/><F6/><W80/><G23/><T3/><D3/><U100/><E116/><V73/><F115/><W41/><G110/><T5/><D5/><U93/><E112/><V67/><F126/><W97/><G11/><T87/><D87/><U125/><E121/><V40/><F30/><W113/><G113/><T42/><D42/><U16/><E28/><V71/><F96/><W102/><G9/><T120/><D120/><U24/><E111/><V130/><F130/><W46/><REACH who="3" step="1"/><G60/><REACH who="3" ten="225,308,222,225" step="2"/><T132/><D132/><U45/><E134/><V128/><F128/><W89/><G89/><T55/><D55/><U108/><E131/><V103/><F73/><W22/><G22/><T12/><D12/><U0/><E109/><V15/><F62/><W77/><G77/><T82/><D82/><U84/><E76/><V61/><F83/><W105/><AGARI ba="0,2" hai="21,27,31,41,46,49,52,54,79,80,86,97,102,105" machi="105" ten="20,7800,0" yaku="1,1,0,1,7,1,54,1,53,0" doraHai="104" doraHaiUra="69" who="3" fromWho="3" sc="225,-26,308,-26,222,-26,225,98" /><INIT seed="3,1,0,0,3,131" ten="199,282,196,323" oya="3" hai0="134,25,31,22,13,102,12,110,133,57,39,20,42" hai1="93,111,79,56,64,1,69,73,38,135,109,129,112" hai2="123,75,104,54,89,77,27,98,130,33,40,100,117" hai3="87,23,60,52,16,62,32,68,83,122,24,113,50"/><W124/><G122/><T36/><D110/><U125/><RYUUKYOKU type="yao9" ba="1,0" sc="199,0,282,0,196,0,323,0" hai1="1,38,56,64,69,73,79,93,109,111,112,125,129,135" /><INIT seed="3,2,0,4,0,26" ten="199,282,196,323" oya="3" hai0="74,39,58,116,52,106,23,54,20,51,72,91,45" hai1="40,21,66,115,112,48,104,88,12,64,43,77,118" hai2="126,128,34,8,1,108,93,61,134,132,96,35,31" hai3="73,105,10,78,124,38,60,17,122,0,65,55,102"/><W30/><G122/><T2/><D116/><U18/><E104/><V117/><F117/><W7/><G38/><T5/><D106/><U24/><E118/><V68/><F108/><W69/><G124/><T123/><D123/><U32/><E77/><V4/><F126/><W103/><G73/><T42/><D91/><U94/><E115/><V53/><F128/><W63/><G78/><T56/><D23/><N who="1" m="11719" /><E32/><V85/><F85/><W127/><G127/><T87/><D87/><N who="1" m="52511" /><E112/><V95/><F95/><W59/><G105/><T37/><D37/><U16/><E48/><V82/><F82/><W6/><G17/><T19/><D5/><U97/><E97/><V125/><F125/><W100/><REACH who="3" step="1"/><G6/><REACH who="3" ten="199,282,196,313" step="2"/><T111/><D111/><U76/><E76/><V130/><F4/><W79/><G79/><T67/><D74/><U33/><E33/><V81/><F35/><W3/><G3/><T98/><D2/><U27/><E27/><V14/><F1/><W120/><G120/><T80/><D72/><U49/><E49/><V135/><F34/><W9/><G9/><T110/><D39/><U29/><E16/><V57/><F132/><W107/><G107/><T133/><D110/><U44/><E24/><V86/><F134/><W62/><G62/><T13/><D133/><U28/><E21/><V83/><F135/><W46/><G46/><T121/><D121/><U113/><E44/><V109/><F61/><W22/><G22/><T119/><D20/><U99/><E113/><V75/><F75/><W71/><G71/><T129/><D119/><U92/><E28/><AGARI ba="2,1" hai="0,7,10,28,30,55,59,60,63,65,69,100,102,103" machi="28" ten="40,7700,0" yaku="1,1,52,2,53,0" doraHai="26" doraHaiUra="84" who="3" fromWho="1" sc="199,0,282,-83,196,0,313,93" /><INIT seed="3,3,0,2,5,30" ten="199,199,196,406" oya="3" hai0="72,109,103,105,2,85,118,48,77,11,49,82,31" hai1="42,29,81,79,94,96,120,128,39,43,73,20,119" hai2="110,47,8,83,62,15,107,106,14,51,10,87,113" hai3="35,13,17,50,116,21,104,131,56,78,76,32,67"/><W74/><G104/><T80/><D109/><U59/><E120/><V4/><F110/><W95/><G116/><T126/><D118/><U63/><E119/><V89/><F62/><W54/><G67/><T64/><D126/><U7/><E128/><V61/><F61/><W124/><G124/><T112/><D64/><U133/><E133/><V91/><F113/><W55/><G131/><T16/><D112/><U60/><E60/><V9/><F91/><W99/><G55/><T93/><D31/><U5/><E43/><V33/><F9/><W6/><G6/><T44/><D105/><U38/><E38/><V123/><F33/><W3/><G3/><T134/><D134/><U130/><E130/><V88/><F89/><W121/><G121/><T125/><D125/><U45/><E20/><V71/><F71/><W19/><G19/><T24/><D2/><U46/><E46/><V135/><F135/><W28/><G28/><T86/><D49/><U58/><E58/><V18/><REACH who="2" step="1"/><F123/><REACH who="2" ten="199,199,186,406" step="2"/><W100/><G78/><T57/><D11/><U111/><E111/><V34/><F34/><W84/><G32/><T27/><D77/><U129/><E129/><V90/><F90/><W53/><G35/><T117/><D117/><U92/><E63/><V1/><F1/><W115/><G76/><T114/><D114/><U12/><E79/><V127/><F127/><W70/><G115/><T0/><D0/><U52/><E96/><V122/><F122/><W65/><G99/><T25/><D86/><U66/><E73/><V23/><F23/><W36/><G84/><T75/><D72/><RYUUKYOKU ba="3,1" sc="199,-10,199,-10,186,30,406,-10" hai2="4,8,10,14,15,18,47,51,83,87,88,106,107" /><INIT seed="4,4,1,0,4,104" ten="189,189,216,396" oya="0" hai0="81,0,63,31,126,72,67,66,108,46,116,2,44" hai1="36,26,53,110,128,84,91,14,48,97,73,9,69" hai2="25,82,35,121,12,120,10,15,45,20,122,64,109" hai3="105,135,3,65,57,86,112,134,80,55,129,96,68"/><T125/><D116/><U107/><E110/><V99/><F64/><N who="0" m="24618" /><D108/><U32/><E36/><V11/><F99/><W24/><G3/><N who="0" m="1067" /><D31/><U77/><E26/><V56/><F56/><W101/><G65/><T42/><D63/><U1/><E1/><V102/><F45/><N who="0" m="17514" /><D81/><N who="1" m="45231" /><E32/><V23/><F82/><W43/><G80/><T131/><D42/><U74/><E69/><V89/><F102/><W21/><G68/><T58/><D58/><U90/><E90/><V87/><F109/><W123/><G101/><T40/><D40/><U50/><E53/><V111/><F89/><W118/><G55/><T113/><D72/><U52/><E74/><V17/><F87/><W18/><G86/><T98/><D98/><U30/><E30/><N who="2" m="19919" /><F111/><W92/><G43/><T4/><D4/><AGARI ba="4,1" hai="4,10,11,12,15,17,20,23,120,121,122" m="19919" machi="4" ten="30,2000,0" yaku="34,2" doraHai="104" who="2" fromWho="0" sc="189,-32,189,0,216,42,396,0" /><INIT seed="5,0,0,2,3,74" ten="157,189,258,396" oya="1" hai0="28,16,124,35,48,58,32,128,91,109,39,116,38" hai1="27,30,131,108,112,102,127,68,125,72,92,118,69" hai2="88,50,56,24,87,53,115,89,73,3,119,19,64" hai3="126,110,0,6,22,93,101,99,134,67,43,10,31"/><U100/><E118/><V59/><F73/><W130/><G110/><T85/><D109/><U37/><E108/><V33/><F119/><W51/><G126/><N who="1" m="48138" /><E37/><V55/><F3/><W23/><G130/><T70/><D124/><U104/><E131/><V1/><F1/><W25/><G134/><T133/><D128/><U20/><E104/><V34/><F115/><W2/><G2/><T9/><D116/><U123/><E123/><V107/><F64/><W96/><G67/><T97/><D70/><N who="1" m="27243" /><E112/><V40/><F40/><W14/><G96/><T8/><D133/><U42/><E42/><V83/><F107/><W60/><G60/><T78/><D97/><N who="1" m="59431" /><E72/><V129/><F129/><W49/><G43/><T61/><D39/><U26/><E26/><V106/><F106/><W45/><G45/><T15/><D38/><U29/><E29/><V62/><F89/><W86/><G86/><T21/><D91/><U47/><E47/><V66/><F66/><W63/><G31/><T103/><D28/><U105/><E105/><V11/><F24/><W121/><G25/><T4/><D103/><AGARI ba="0,0" hai="20,27,30,102,103" m="59431,27243,48138" machi="103" ten="30,1500,0" yaku="18,1" doraHai="74" who="1" fromWho="0" sc="157,-15,189,15,258,0,396,0" /><INIT seed="5,1,0,1,4,124" ten="142,204,258,396" oya="1" hai0="70,64,22,25,81,114,113,45,2,90,79,121,107" hai1="111,80,105,72,109,120,88,20,38,44,60,54,126" hai2="71,102,69,116,77,117,5,61,87,33,127,32,4" hai3="0,128,19,94,91,63,50,47,132,13,11,49,65"/><U51/><E126/><V7/><F127/><W129/><G132/><T1/><D107/><U133/><E133/><V74/><F61/><W101/><G101/><T34/><D121/><U17/><E105/><V58/><F58/><W99/><G0/><T42/><D34/><N who="2" m="13418" /><F102/><W134/><G134/><T93/><D64/><U62/><E120/><V106/><F106/><W78/><G78/><T108/><D70/><N who="2" m="26634" /><F77/><W112/><G112/><T95/><D108/><N who="1" m="41547" /><E38/><V68/><F68/><N who="3" m="42047" /><G47/><T40/><D45/><U29/><E29/><V119/><F87/><W26/><G26/><T27/><D79/><N who="1" m="44135" /><E88/><V15/><F15/><AGARI ba="1,0" hai="15,17,20,44,51,54,60,62" m="44135,41547" machi="15" ten="30,1500,0" yaku="10,1" doraHai="124" who="1" fromWho="2" sc="142,0,204,18,258,-18,396,0" /><INIT seed="5,2,0,3,0,33" ten="142,222,240,396" oya="1" hai0="28,29,133,128,69,41,104,80,94,12,124,88,110" hai1="11,25,18,90,3,15,24,64,109,47,75,5,72" hai2="56,66,63,51,135,127,27,81,39,93,115,92,30" hai3="52,99,45,26,129,32,22,82,67,74,134,8,57"/><U107/><E109/><V84/><F39/><W123/><G123/><T48/><D110/><U20/><E107/><V31/><F127/><W13/><G32/><T9/><D104/><U62/><E47/><V97/><F135/><W34/><G34/><T114/><D124/><U89/><E25/><V70/><F115/><W68/><G129/><T59/><D133/><U85/><E3/><V108/><F108/><W35/><G35/><T122/><D122/><U105/><E105/><V120/><F120/><W65/><G45/><T106/><D106/><U83/><REACH who="1" step="1"/><E90/><REACH who="1" ten="142,212,240,396" step="2"/><V36/><F27/><W103/><G134/><T60/><D128/><U40/><E40/><V117/><F117/><W125/><G26/><T6/><D114/><U54/><E54/><V1/><F1/><W44/><G44/><T78/><D41/><U61/><E61/><V121/><F36/><W76/><G52/><T118/><D118/><U116/><E116/><V79/><F121/><W0/><G125/><T95/><D48/><U49/><E49/><V46/><F31/><W21/><G0/><T2/><D2/><U38/><E38/><V119/><F30/><W73/><G67/><N who="0" m="41191" /><D88/><U113/><E113/><V53/><F119/><W58/><G65/><T111/><D29/><U10/><E10/><V43/><F43/><W102/><G8/><T98/><D111/><U55/><E55/><V14/><F14/><W42/><G13/><T71/><D28/><U126/><E126/><V132/><F132/><W86/><G42/><T96/><D12/><U101/><E101/><N who="2" m="60583" /><F46/><W50/><G50/><T131/><D9/><RYUUKYOKU ba="2,1" sc="142,-15,212,15,240,15,396,-15" hai1="5,11,15,18,20,24,62,64,72,75,83,85,89" hai2="51,53,56,63,66,70,79,81,84,93" /><INIT seed="5,3,1,1,3,16" ten="127,227,255,381" oya="1" hai0="24,5,127,128,26,123,61,25,83,28,94,118,69" hai1="105,101,126,49,112,133,59,50,6,134,11,103,125" hai2="62,40,85,63,74,117,48,111,71,12,76,66,58" hai3="7,22,120,115,100,32,30,110,80,96,116,70,64"/><U44/><E112/><V2/><F2/><W51/><G110/><T114/><D118/><U113/><E113/><V79/><F74/><W87/><G115/><T75/><D114/><U119/><E119/><V1/><F1/><W4/><G120/><T109/><D109/><U106/><E59/><V46/><F111/><W42/><G32/><T129/><D123/><U15/><E103/><V73/><F73/><W86/><G86/><T92/><D127/><N who="1" m="48651" /><E50/><V9/><F117/><W0/><G0/><T31/><D5/><U21/><E21/><V18/><F85/><W98/><G98/><T65/><D75/><U78/><E78/><V38/><F38/><W104/><G64/><AGARI ba="3,1" hai="9,12,18,40,46,48,58,62,63,64,66,71,76,79" machi="64" ten="30,1000,0" yaku="7,1" doraHai="16" who="2" fromWho="3" sc="127,0,227,0,255,29,381,-19" /><INIT seed="6,0,0,4,5,50" ten="127,227,284,362" oya="2" hai0="51,130,125,65,48,21,110,135,36,39,119,85,90" hai1="72,68,53,121,19,81,45,2,106,60,20,98,109" hai2="4,133,25,114,1,108,77,7,111,40,38,93,18" hai3="117,95,33,79,127,35,43,34,47,116,54,11,13"/><V92/><F77/><W22/><G127/><T59/><D110/><N who="2" m="42026" /><F38/><W113/><G79/><T24/><D125/><U9/><E121/><V61/><F40/><W128/><G128/><T30/><D130/><U101/><E109/><V58/><F114/><W15/><G113/><T10/><D135/><U63/><E68/><V97/><F1/><W64/><G64/><T131/><D131/><U124/><E124/><V112/><F133/><W6/><G54/><T96/><D119/><U94/><E106/><V100/><F93/><W84/><G22/><T118/><D118/><U56/><E72/><V66/><F112/><W44/><G15/><T70/><D70/><U8/><E81/><V89/><F100/><W28/><G44/><T126/><D126/><U104/><E104/><V17/><F17/><W46/><G46/><T103/><D39/><U76/><E76/><V80/><F80/><W134/><G134/><T102/><D36/><U115/><E2/><V57/><F57/><W52/><G43/><T88/><D103/><U16/><E19/><V37/><F37/><W62/><G116/><T71/><D71/><U31/><E45/><V55/><F66/><W5/><G117/><T32/><D65/><N who="1" m="39047" /><E115/><V87/><F87/><W14/><G47/><T69/><D69/><U123/><E123/><V122/><F122/><W23/><G84/><T67/><D85/><U129/><E129/><V120/><F120/><W83/><G83/><T78/><D78/><U107/><E107/><V73/><F73/><W75/><G75/><T26/><D67/><U105/><E105/><V3/><F3/><RYUUKYOKU ba="0,0" sc="127,-10,227,-10,284,30,362,-10" hai2="4,7,18,25,55,58,61,89,92,97" /><INIT seed="6,1,0,4,3,78" ten="117,217,314,352" oya="2" hai0="105,97,122,80,34,66,7,125,102,100,30,45,108" hai1="26,43,86,126,91,24,46,59,110,38,124,13,131" hai2="95,54,60,15,81,93,62,35,127,17,40,10,85" hai3="107,25,52,121,57,101,47,115,109,104,116,63,23"/><V83/><F35/><W56/><G121/><T92/><D122/><U64/><E110/><V12/><F127/><W99/><G109/><T65/><D108/><U130/><E13/><V42/><F15/><W118/><G107/><T36/><D125/><N who="1" m="48235" /><E64/><V133/><F133/><W4/><G4/><T82/><D7/><U2/><E2/><V1/><F1/><W84/><G47/><T8/><D8/><U29/><E59/><N who="2" m="34935" /><F62/><W112/><G57/><T39/><D34/><N who="1" m="20775" /><E26/><V128/><F128/><W33/><G84/><T19/><D30/><U51/><E38/><V87/><F93/><AGARI ba="1,0" hai="43,46,51,86,91,93,130,131" m="20775,48235" machi="93" ten="30,1000,0" yaku="18,1" doraHai="78" who="1" fromWho="2" sc="117,0,217,13,314,-13,352,0" /><INIT seed="7,0,0,1,0,115" ten="117,230,301,352" oya="3" hai0="133,88,127,40,128,32,103,44,131,30,31,83,73" hai1="117,71,108,10,74,119,6,12,43,121,13,42,114" hai2="45,14,53,66,112,60,100,111,81,98,4,1,11" hai3="8,134,94,50,106,102,34,99,125,82,20,96,55"/><W27/><G34/><T52/><D103/><U85/><E74/><V15/><F112/><W25/><G82/><T33/><D73/><U68/><E114/><V90/><F111/><W37/><G37/><T84/><D133/><U36/><E121/><V5/><F81/><W126/><G8/><T63/><D127/><N who="3" m="48649" /><G20/><T16/><D33/><U93/><E108/><V110/><F90/><N who="3" m="55383" /><G134/><T7/><D32/><U77/><E13/><V0/><F110/><W9/><G9/><T130/><D7/><U21/><E21/><V46/><F1/><W122/><G122/><T75/><D75/><U57/><E57/><AGARI ba="0,0" hai="25,27,50,55,57,99,102,106" m="55383,48649" machi="57" ten="30,1500,0" yaku="18,1" doraHai="115" who="3" fromWho="1" sc="117,0,230,-15,301,0,352,15" owari="117,-38.0,215,-18.0,301,10.0,367,46.0" /></mjloggm>