<mjloggm ver="2.3"><GO type="169" lobby="0"/><UN n0="%E3%83%88%E3%83%88%E3%83%AA%E5%85%88%E7%94%9F%31%39%E6%AD%B3" n1="%E2%98%85%E9%A2%A8%E3%81%AE%E8%B0%B7%E2%98%85" n2="%E3%81%8F%E3%82%8D%E3%81%AF%E3%81%A1" n3="%E3%81%97%E3%81%A1%E3%81%8B%E3%81%97%E3%82%85%E3%81%8F" dan="18,16,17,17" rate="2294.59,2090.27,2155.23,2157.55" sx="F,M,M,M"/><TAIKYOKU oya="0"/><INIT seed="0,0,0,5,4,6" ten="250,250,250,250" oya="0" hai0="58,112,73,14,92,80,15,107,120,102,111,3,21" hai1="57,60,78,104,25,13,41,129,126,83,114,10,134" hai2="40,53,113,90,28,77,122,11,110,19,89,56,105" hai3="125,24,69,131,23,37,18,98,39,94,42,135,22"/><T27/><D112/><U33/><E104/><V59/><F122/><W132/><G69/><T115/><D115/><U47/><E114/><V34/><F113/><W66/><G66/><T0/><D107/><U46/><E129/><V121/><F121/><W36/><G131/><T133/><D120/><U31/><E134/><N who="3" m="51242" /><G23/><T52/><D133/><U82/><E126/><V97/><F40/><W93/><G125/><T95/><D111/><U109/><E109/><V81/><F110/><W61/><G61/><T51/><D3/><U8/><E13/><V9/><F56/><W99/><G42/><T7/><D0/><U101/><E101/><V64/><F64/><W128/><G128/><T123/><D123/><U26/><E26/><V75/><F19/><W127/><G127/><T45/><D73/><U44/><E41/><V86/><F90/><N who="3" m="55607" /><G37/><T63/><D80/><U119/><E119/><V91/><F91/><AGARI ba="0,0" hai="18,22,24,36,39,91,94,99" m="55607,51242" machi="91" ten="30,1000,0" yaku="20,1" doraHai="6" who="3" fromWho="2" sc="250,0,250,0,250,-10,250,10" /><INIT seed="1,0,0,0,3,58" ten="250,250,240,260" oya="1" hai0="86,36,85,82,98,64,68,28,1,43,10,13,37" hai1="93,45,118,11,130,16,108,49,134,26,40,131,101" hai2="91,83,100,19,80,63,84,34,113,128,48,52,114" hai3="102,119,129,27,56,78,105,42,39,44,5,79,95"/><U111/><E118/><V53/><F34/><W20/><G129/><N who="1" m="49162" /><E134/><V135/><F128/><W47/><G119/><T67/><D1/><U2/><E101/><V31/><F31/><W120/><G120/><T61/><D28/><U66/><E93/><V33/><F33/><W50/><G5/><T22/><D22/><N who="1" m="13639" /><E66/><V57/><F135/><W65/><G105/><T15/><D98/><U96/><E96/><V109/><F109/><N who="1" m="42057" /><E11/><V51/><F100/><W103/><G103/><T99/><D99/><U97/><E97/><V17/><F114/><W55/><G95/><T112/><D112/><U125/><E2/><V3/><F3/><W121/><G102/><T18/><D67/><U30/><E30/><V77/><F113/><W69/><G65/><T72/><D15/><U71/><E125/><V9/><F9/><W110/><G110/><T92/><D92/><U59/><E59/><V81/><F48/><W60/><G50/><T75/><D37/><U12/><E12/><V8/><F8/><W107/><G39/><T35/><D35/><U116/><E116/><V0/><F0/><W6/><G56/><T54/><D36/><U115/><E115/><V32/><F32/><W106/><G106/><T133/><D133/><U4/><E4/><V29/><F29/><W88/><G107/><T21/><D10/><U14/><E14/><V94/><F77/><W123/><G79/><T73/><D13/><U76/><E76/><V62/><F51/><W46/><G78/><T127/><D127/><U124/><E124/><V70/><F53/><W104/><G6/><T90/><D54/><RYUUKYOKU ba="0,0" sc="250,-15,250,15,240,15,260,-15" hai1="40,45,49,71" hai2="17,19,52,57,62,63,70,80,81,83,84,91,94" /><INIT seed="1,1,0,3,1,48" ten="235,265,255,245" oya="1" hai0="97,129,105,49,37,132,108,128,64,116,20,29,85" hai1="7,86,55,96,2,36,74,133,92,22,4,107,25" hai2="42,50,38,110,90,111,121,45,11,23,68,102,41" hai3="91,123,122,1,83,54,63,118,24,3,5,44,100"/><U114/><E36/><V79/><F121/><W70/><G100/><T88/><D116/><U76/><E114/><V73/><F68/><W119/><G70/><T13/><D37/><U126/><E2/><N who="3" m="522" /><G5/><T32/><D108/><N who="2" m="41514" /><F102/><W26/><G26/><T124/><D132/><U35/><E35/><V62/><F11/><W113/><G113/><T69/><D124/><U120/><E120/><V66/><F90/><W0/><G0/><T80/><D32/><U53/><E126/><V59/><F23/><W109/><G24/><T89/><D64/><U57/><E57/><V117/><F117/><N who="3" m="44555" /><G109/><T127/><D69/><U28/><E133/><V77/><F73/><W60/><G60/><T65/><D127/><U67/><E67/><V14/><F14/><W99/><G83/><T15/><D65/><U81/><E107/><V18/><F18/><W58/><G44/><AGARI ba="1,0" hai="38,41,42,44,45,50,59,62,66,77,79" m="41514" machi="44" ten="30,1000,0" yaku="14,1" doraHai="48" who="2" fromWho="3" sc="235,0,265,0,255,13,245,-13" /><INIT seed="2,0,0,4,1,118" ten="235,265,268,232" oya="2" hai0="70,54,47,6,133,51,113,56,127,27,106,14,120" hai1="123,95,29,43,87,131,86,66,109,21,116,104,73" hai2="93,63,74,107,121,59,135,83,134,60,53,34,79" hai3="98,103,97,130,78,91,16,101,7,58,122,22,82"/><V8/><F107/><W19/><G130/><T65/><D106/><U4/><E104/><V126/><F34/><W33/><G33/><T31/><D113/><U129/><E73/><V105/><F105/><W40/><G7/><T90/><D133/><N who="2" m="50698" /><F126/><W57/><G91/><T10/><D127/><U46/><E116/><V69/><F8/><W68/><G68/><T61/><D90/><U100/><E4/><V55/><F93/><W84/><G40/><T11/><D11/><U15/><E109/><V96/><F96/><N who="3" m="36971" /><G122/><T1/><D120/><U77/><E100/><N who="3" m="38474" /><G19/><T64/><D1/><U23/><E95/><V28/><F28/><W124/><G124/><T89/><D89/><U67/><E77/><V117/><F117/><W39/><G39/><T71/><REACH who="0" step="1"/><D65/><REACH who="0" ten="225,265,268,232" step="2"/><U94/><E123/><V132/><F121/><W85/><G85/><T114/><D114/><U44/><E87/><V50/><F132/><W36/><G36/><T112/><D112/><U32/><E86/><V110/><F110/><W42/><G42/><T9/><D9/><U38/><E43/><V72/><F72/><W0/><G0/><T115/><D115/><U99/><E131/><V17/><F74/><W30/><G30/><T13/><D13/><AGARI ba="0,1" hai="13,16,22,57,58,78,82,84" m="38474,36971" machi="13" ten="30,2000,0" yaku="8,1,54,1" doraHai="118" who="3" fromWho="0" sc="225,-20,265,0,268,0,232,30" /><INIT seed="3,0,0,3,0,83" ten="205,265,268,262" oya="3" hai0="42,122,29,59,8,24,14,22,20,2,89,16,40" hai1="127,44,108,75,18,64,0,25,111,120,66,78,30" hai2="84,19,112,49,6,12,35,38,116,118,94,102,3" hai3="80,107,47,62,129,121,4,32,54,101,74,48,134"/><W70/><G121/><T56/><D122/><U21/><E120/><V63/><F112/><W97/><G32/><T9/><D59/><U50/><E0/><V96/><F38/><W115/><G115/><T43/><D2/><U103/><E127/><V1/><F35/><W34/><G34/><T5/><D5/><U81/><E103/><V72/><F72/><W90/><G134/><T13/><D13/><U46/><E44/><V95/><F63/><W52/><G129/><T91/><REACH who="0" step="1"/><D56/><REACH who="0" ten="195,265,268,262" step="2"/><U128/><E128/><V100/><F6/><W55/><G4/><T86/><D86/><U113/><E113/><V23/><F1/><W123/><G123/><T65/><D65/><U36/><E66/><V51/><F3/><W28/><G70/><T117/><D117/><U87/><E64/><V99/><F84/><W26/><G74/><T45/><D45/><U110/><E75/><V119/><AGARI ba="0,1" hai="12,19,23,49,51,94,95,96,99,100,102,116,118,119" machi="119" ten="30,2000,0" yaku="0,1,9,1" doraHai="83" who="2" fromWho="2" sc="195,-5,265,-5,268,30,262,-10" /><INIT seed="4,0,0,3,5,25" ten="190,260,298,252" oya="0" hai0="6,88,58,45,78,30,5,19,71,110,97,34,86" hai1="54,115,13,62,124,61,132,93,76,108,135,53,29" hai2="123,128,82,63,131,14,90,107,68,39,52,101,95" hai3="106,48,47,3,129,114,33,11,38,74,40,104,49"/><T22/><D71/><U24/><E108/><V122/><F39/><W41/><G33/><T7/><D110/><U125/><E76/><V16/><F82/><W65/><G114/><T92/><D34/><N who="1" m="20775" /><E13/><V20/><F101/><W35/><G35/><T134/><D134/><N who="1" m="51243" /><E115/><V66/><F107/><W121/><G129/><N who="2" m="49737" /><F52/><N who="1" m="20073" /><E93/><V98/><AGARI ba="0,0" hai="14,16,20,63,66,68,90,95,98,122,123" m="49737" machi="98" ten="30,2000,0" yaku="19,1,54,1" doraHai="25" who="2" fromWho="2" sc="190,-10,260,-5,298,20,252,-5" /><INIT seed="5,0,0,1,0,41" ten="180,255,318,247" oya="1" hai0="129,107,63,82,131,80,1,100,0,73,56,130,81" hai1="111,20,14,32,114,70,40,62,45,66,122,23,64" hai2="34,71,75,43,57,55,58,37,2,116,33,26,85" hai3="11,59,104,16,15,128,115,94,42,7,101,47,61"/><U29/><E122/><V68/><F75/><W121/><G121/><T103/><D73/><U49/><E114/><V12/><F2/><W117/><G115/><T127/><D127/><U60/><E111/><V106/><F106/><W72/><G72/><T87/><D87/><U30/><E14/><V126/><F116/><W96/><G128/><T36/><D36/><U79/><E79/><V51/><F126/><W120/><G120/><T5/><D107/><U3/><E3/><N who="0" m="1097" /><D56/><U134/><E134/><V50/><F37/><W105/><G7/><T102/><D63/><U24/><REACH who="1" step="1"/><E30/><REACH who="1" ten="180,245,318,247" step="2"/><V109/><F12/><W78/><G78/><T84/><D84/><U18/><E18/><V86/><F109/><W91/><G117/><T98/><D98/><U31/><E31/><V112/><F112/><W21/><G16/><T95/><D95/><U135/><E135/><V65/><F86/><W28/><G28/><T99/><D99/><U88/><E88/><V54/><F85/><W22/><G91/><T46/><D5/><U90/><E90/><V123/><F123/><W38/><G105/><T67/><D67/><U119/><E119/><V133/><F65/><N who="3" m="39103" /><G104/><T93/><D93/><U9/><E9/><V13/><F13/><W52/><G11/><T39/><D80/><U110/><E110/><V6/><F6/><W76/><G76/><T74/><D74/><U108/><E108/><V25/><F133/><W35/><G94/><T69/><D69/><AGARI ba="0,1" hai="20,23,24,29,32,40,45,49,60,62,64,66,69,70" machi="69" ten="30,11600,0" yaku="1,1,7,1,9,1,52,1,53,0" doraHai="41" doraHaiUra="113" who="1" fromWho="0" sc="180,-116,245,126,318,0,247,0" /><INIT seed="5,1,0,1,0,79" ten="64,371,318,247" oya="1" hai0="19,97,112,99,17,59,56,40,111,107,58,134,25" hai1="76,94,103,46,30,18,49,29,6,123,135,16,98" hai2="72,102,11,22,130,41,77,8,113,74,108,34,27" hai3="2,92,129,5,54,116,127,0,117,71,3,48,63"/><U114/><E123/><V26/><F108/><W128/><G127/><T43/><D111/><U119/><E119/><N who="3" m="45642" /><G92/><T9/><D9/><U47/><E114/><V126/><F126/><W53/><G5/><T51/><D112/><U33/><E135/><V65/><F102/><W61/><G71/><T66/><D134/><U86/><E6/><V109/><F34/><W42/><G42/><T96/><D51/><U80/><E47/><V38/><F41/><W32/><G32/><T52/><D43/><N who="1" m="24799" /><E33/><V62/><F38/><W101/><G101/><T21/><D40/><U28/><AGARI ba="1,0" hai="16,18,28,29,30,76,80,86,94,98,103" m="24799" machi="28" ten="30,6000,0" yaku="8,1,52,1,54,1" doraHai="79" who="1" fromWho="1" sc="64,-21,371,63,318,-21,247,-21" /><INIT seed="5,2,0,2,4,6" ten="43,434,297,226" oya="1" hai0="23,127,18,71,65,92,8,126,17,47,29,43,103" hai1="119,70,5,91,14,64,16,62,106,102,69,68,3" hai2="121,125,41,37,7,122,51,104,84,78,75,105,110" hai3="101,129,132,48,100,111,27,49,80,74,135,117,11"/><U50/><E119/><V38/><F51/><N who="3" m="19531" /><G111/><T53/><D53/><U1/><E5/><V4/><F84/><W57/><G129/><T85/><D65/><U83/><E50/><V24/><F110/><W95/><G117/><T9/><D71/><U131/><E131/><V86/><F86/><W128/><G128/><T32/><D47/><U118/><E118/><V90/><F41/><W97/><G57/><T54/><D54/><U93/><E83/><V73/><F78/><N who="3" m="44119" /><G27/><N who="0" m="18495" /><D103/><U52/><E52/><V89/><F24/><W81/><G81/><T72/><D92/><U10/><E106/><V112/><F73/><W77/><G77/><T25/><D85/><U63/><E102/><V56/><F75/><W45/><G95/><T55/><D55/><U98/><REACH who="1" step="1"/><E70/><REACH who="1" ten="43,424,297,226" step="2"/><V134/><F105/><W114/><G101/><T115/><D43/><U76/><E76/><V113/><F104/><W79/><G100/><T31/><D72/><U15/><E15/><V58/><F4/><W96/><G79/><T82/><D82/><U13/><E13/><V22/><F7/><W107/><G107/><T20/><D115/><U2/><E2/><V12/><F113/><W39/><G114/><T42/><D42/><U130/><E130/><V109/><F112/><W87/><G45/><T133/><D133/><U28/><E28/><V116/><F134/><W99/><G135/><T123/><D31/><U60/><E60/><V94/><F116/><W59/><G132/><T124/><D123/><U26/><E26/><AGARI ba="2,1" hai="8,9,17,18,20,23,25,26,124,126,127" m="18495" machi="26" ten="30,8000,1" yaku="18,1,34,2,52,2" doraHai="6" who="0" fromWho="1" sc="43,96,424,-86,297,0,226,0" /><INIT seed="6,0,0,0,2,45" ten="139,338,297,226" oya="2" hai0="95,9,8,34,125,111,132,121,112,19,48,100,102" hai1="40,1,27,5,29,97,104,37,106,57,65,77,135" hai2="25,54,44,18,134,92,33,21,88,51,12,52,85" hai3="58,80,82,43,108,14,86,109,50,64,55,35,59"/><V3/><F134/><W4/><G35/><T53/><D121/><U75/><E135/><V113/><F113/><W26/><G26/><T91/><D132/><U46/><E97/><V17/><F3/><W20/><G43/><T56/><D111/><U31/><E31/><V107/><F107/><W13/><G13/><T2/><D34/><N who="1" m="20799" /><E57/><V67/><F67/><W66/><G82/><T11/><D112/><U133/><E65/><V126/><F126/><W129/><G129/><T71/><D71/><U47/><E47/><V70/><F70/><W42/><G42/><T68/><D68/><U79/><E79/><V114/><F114/><W28/><G28/><T96/><D125/><U74/><E133/><V72/><F72/><N who="1" m="27689" /><E77/><V63/><F33/><W15/><G66/><T105/><D2/><U84/><E84/><V36/><F36/><W116/><G116/><T130/><D130/><U22/><E22/><N who="2" m="13527" /><F63/><W16/><G64/><T83/><D105/><U38/><E38/><V69/><F69/><W119/><G59/><T94/><D83/><U117/><E117/><V60/><F60/><W32/><G32/><T73/><D73/><U39/><E39/><V24/><F24/><W89/><REACH who="3" step="1"/><G119/><REACH who="3" ten="139,338,297,216" step="2"/><T122/><D122/><U93/><E93/><V103/><F54/><W128/><G128/><T41/><D41/><U81/><E81/><V98/><F92/><W6/><G6/><T49/><D19/><U7/><E7/><V118/><F118/><W110/><G110/><T101/><REACH who="0" step="1"/><D94/><REACH who="0" ten="129,338,297,216" step="2"/><U23/><E1/><V76/><F17/><W115/><G115/><T90/><D90/><RYUUKYOKU ba="0,2" sc="129,15,338,-15,297,-15,216,15" hai0="8,9,11,48,49,53,56,91,95,96,100,101,102" hai3="4,14,15,16,20,50,55,58,80,86,89,108,109" /><INIT seed="7,1,2,4,2,1" ten="144,323,282,231" oya="3" hai0="11,31,87,102,93,124,23,59,112,77,15,3,86" hai1="119,52,84,104,33,128,114,94,99,12,126,60,132" hai2="62,64,34,48,0,123,122,10,96,36,129,27,41" hai3="39,42,125,16,100,69,50,18,56,80,105,81,63"/><W6/><G39/><T57/><D124/><U65/><E33/><V108/><F108/><W71/><G71/><T51/><D3/><U76/><E104/><V110/><F110/><W89/><G69/><T53/><D112/><U4/><E126/><V121/><F129/><W58/><G100/><T88/><D102/><U116/><E114/><V74/><F74/><W72/><G105/><T22/><D31/><U32/><E32/><V79/><F79/><W117/><G117/><N who="1" m="45130" /><E128/><V55/><F96/><W14/><G72/><T40/><D40/><U21/><E76/><V7/><F41/><W45/><G58/><T67/><D77/><U134/><E52/><V97/><F97/><W47/><G47/><T43/><D43/><U131/><E84/><V61/><F36/><W70/><G70/><T92/><D86/><U82/><E82/><N who="3" m="31850" /><G89/><T120/><D92/><U8/><E21/><V113/><F64/><N who="3" m="39015" /><G125/><T107/><D107/><U73/><E73/><V17/><F113/><W19/><G6/><T2/><D2/><U20/><E131/><V83/><F34/><W44/><G44/><T118/><D118/><U106/><E106/><V66/><F66/><W38/><G38/><T13/><D120/><U78/><E78/><V103/><F103/><W127/><G127/><T46/><D15/><AGARI ba="1,2" hai="14,15,16,18,19,42,45,50" m="39015,31850" machi="15" ten="30,2900,0" yaku="8,1,54,1" doraHai="1" who="3" fromWho="0" sc="144,-32,323,0,282,0,231,52" /><INIT seed="7,2,0,4,0,60" ten="112,323,282,283" oya="3" hai0="134,67,100,94,22,38,41,46,93,51,78,123,48" hai1="49,95,26,47,114,7,115,31,89,39,63,65,116" hai2="64,14,129,13,0,8,85,29,59,50,125,80,81" hai3="110,111,58,40,71,90,107,87,21,15,101,62,76"/><W124/><G124/><T104/><D104/><U132/><E39/><V83/><F125/><W2/><G2/><T119/><D119/><U126/><E126/><V88/><F129/><W130/><G130/><T122/><D38/><U6/><E116/><V5/><F29/><W131/><G131/><T118/><D118/><U25/><E132/><V1/><F1/><W45/><G71/><T109/><D78/><U69/><E26/><V86/><F80/><W20/><G76/><T92/><D134/><U37/><E37/><V102/><F102/><W91/><G101/><T97/><D100/><U135/><E135/><V28/><F28/><W3/><G3/><T19/><D19/><U84/><E115/><V66/><F0/><W128/><G107/><T99/><D93/><U53/><E114/><V68/><F68/><W79/><G79/><T36/><D36/><U112/><E112/><V30/><F30/><W103/><G103/><T72/><D46/><U44/><E44/><V24/><F24/><W27/><G15/><T127/><D127/><U10/><E10/><V32/><F32/><AGARI ba="2,0" hai="6,7,25,31,32,47,49,53,63,65,69,84,89,95" machi="32" ten="30,2000,0" yaku="7,1,52,1" doraHai="60" who="1" fromWho="2" sc="112,0,323,26,282,-26,283,0" owari="112,-39.0,349,45.0,256,-14.0,283,8.0" /></mjloggm>