<mjloggm ver="2.3"><GO type="169" lobby="0"/><UN n0="%E3%80%90%E7%BD%AA%E6%AD%8C%E3%80%91" n1="%69%73%69%79%61%6B%69" n2="%74%6F%6E%6E%75%72%61" n3="%E3%83%88%E3%83%88%E3%83%AA%E5%85%88%E7%94%9F%31%39%E6%AD%B3" dan="18,16,16,19" rate="2248.18,2061.12,2085.19,2321.55" sx="F,M,M,F"/><TAIKYOKU oya="0"/><INIT seed="0,0,0,1,3,19" ten="250,250,250,250" oya="0" hai0="93,44,9,37,32,129,39,10,17,62,133,76,20" hai1="43,35,108,67,22,13,56,51,111,87,58,59,36" hai2="126,124,55,118,14,70,92,127,71,6,65,73,50" hai3="86,125,79,21,130,53,61,100,8,52,28,72,25"/><T4/><D32/><U112/><E35/><V11/><F73/><W122/><G72/><T27/><D133/><U69/><E112/><V84/><F118/><W134/><G134/><T107/><D107/><U77/><E77/><V12/><F12/><W15/><G130/><T18/><D129/><U3/><E87/><V85/><F65/><W95/><G125/><T104/><D104/><U45/><E3/><V90/><REACH who="2" step="1"/><F84/><REACH who="2" ten="250,250,240,250" step="2"/><W30/><G86/><T81/><D39/><U24/><E13/><V82/><F82/><W89/><G15/><T1/><D37/><U106/><E36/><V132/><F132/><W117/><G117/><T102/><D81/><U128/><E128/><V103/><F103/><W60/><G100/><T97/><D1/><U34/><E67/><V40/><F40/><W113/><G113/><T109/><D102/><U7/><E43/><V114/><F114/><W49/><G53/><T66/><D66/><U54/><E54/><V0/><F0/><W116/><G52/><T131/><D131/><U96/><E106/><V121/><F121/><W63/><G122/><T23/><D109/><U83/><E108/><V16/><F16/><W115/><G115/><T57/><D18/><U123/><E83/><V31/><F31/><W98/><G30/><T119/><D17/><U74/><E111/><V47/><AGARI ba="0,1" hai="6,11,14,47,50,55,70,71,85,90,92,124,126,127" machi="47" ten="30,7900,0" yaku="1,1,0,1,18,1,53,1" doraHai="19" doraHaiUra="80" who="2" fromWho="2" sc="250,-39,250,-20,240,89,250,-20" /><INIT seed="1,0,0,2,4,22" ten="211,230,329,230" oya="1" hai0="41,3,24,111,13,25,84,6,2,62,55,16,122" hai1="95,72,80,75,97,101,73,53,36,110,12,31,88" hai2="121,116,132,133,90,113,23,112,100,14,120,106,10" hai3="99,30,134,119,123,21,9,69,27,70,103,33,29"/><U127/><E36/><V87/><F23/><W107/><G123/><N who="2" m="47177" /><F116/><W35/><G119/><T68/><D122/><U91/><E31/><V115/><F14/><W18/><G134/><N who="2" m="51817" /><F10/><W47/><G47/><T131/><D41/><U96/><E12/><V0/><F0/><W11/><G11/><T78/><D6/><U4/><E4/><V125/><F125/><W109/><G109/><T8/><D111/><U104/><E53/><V85/><F90/><N who="1" m="34345" /><E127/><V117/><F117/><W15/><G21/><T58/><D68/><U66/><E66/><V89/><F89/><W81/><G81/><N who="0" m="47159" /><D2/><U86/><E110/><V61/><F61/><W128/><G128/><T105/><D3/><U54/><E54/><V20/><F20/><W51/><G51/><T28/><D131/><U19/><E19/><V52/><F52/><W42/><G42/><T63/><D63/><U56/><E56/><V79/><F79/><W64/><G64/><T102/><D28/><U34/><E34/><V92/><F92/><W67/><G67/><T48/><D62/><U17/><E17/><V39/><F39/><W59/><G59/><T126/><D126/><U5/><E5/><V82/><F82/><W44/><G33/><T74/><D58/><U93/><E97/><AGARI ba="0,0" hai="85,87,97,100,106,112,113,115" m="51817,47177" machi="97" ten="40,8000,1" yaku="11,1,20,1,34,2" doraHai="22" who="2" fromWho="1" sc="211,0,230,-80,329,80,230,0" /><INIT seed="2,0,0,5,2,69" ten="211,150,409,230" oya="2" hai0="121,105,19,97,25,11,68,99,117,85,109,87,13" hai1="98,103,23,16,104,59,80,3,107,94,29,72,130" hai2="93,108,35,73,79,27,45,90,102,115,96,101,34" hai3="50,129,134,55,128,119,81,127,65,118,126,40,41"/><V10/><F115/><W70/><G65/><T64/><D121/><U20/><E3/><V133/><F133/><W66/><G81/><T52/><D109/><U77/><E130/><N who="3" m="50282" /><G66/><T84/><D117/><N who="3" m="44553" /><G70/><T30/><D105/><U14/><REACH who="1" step="1"/><E59/><REACH who="1" ten="211,140,409,230" step="2"/><V54/><F108/><W33/><G134/><T1/><D68/><U51/><E51/><V89/><F35/><W100/><G33/><T56/><D1/><U4/><E4/><V91/><F34/><W82/><G50/><N who="0" m="30743" /><D64/><U120/><E120/><V114/><F114/><W48/><G48/><T43/><D43/><U74/><E74/><V67/><F67/><W21/><G41/><T9/><D9/><U47/><E47/><V31/><F45/><W46/><G46/><T0/><D0/><U83/><E83/><V106/><F10/><W44/><G82/><T125/><D125/><U5/><E5/><V60/><F73/><W123/><G123/><T62/><D62/><U28/><E28/><V24/><F60/><W37/><G127/><T18/><D30/><U131/><E131/><V111/><F31/><W7/><G7/><T61/><D61/><U116/><E116/><V71/><F71/><W63/><G126/><T12/><D11/><U32/><E32/><V124/><F124/><W95/><G63/><T15/><D19/><U57/><E57/><V8/><F8/><W92/><G55/><T76/><D76/><U53/><E53/><V110/><F54/><W88/><G40/><T38/><D38/><U6/><E6/><V78/><F111/><W39/><G37/><T58/><D58/><U86/><E86/><RYUUKYOKU ba="0,1" sc="211,15,140,15,409,-15,230,-15" hai0="12,13,15,18,25,84,85,87,97,99" hai1="14,16,20,23,29,72,77,80,94,98,103,104,107" /><INIT seed="3,1,1,2,0,38" ten="226,155,394,215" oya="3" hai0="24,69,109,53,20,48,42,40,111,6,87,67,12" hai1="105,11,103,88,13,95,117,107,32,82,26,35,3" hai2="34,44,133,71,50,94,58,129,91,134,47,51,65" hai3="0,116,130,7,121,25,15,10,29,18,85,102,36"/><W114/><G114/><T31/><D87/><U46/><E3/><V106/><F106/><W96/><G116/><T135/><D135/><N who="2" m="51722" /><F34/><W14/><G121/><T92/><D92/><U90/><E117/><V61/><F129/><W68/><G130/><T89/><D89/><U64/><E107/><V120/><F120/><W33/><G36/><T108/><D67/><U79/><E105/><V86/><F51/><W66/><G85/><T2/><D69/><U123/><E123/><V9/><F9/><W112/><G112/><T97/><D97/><U60/><E103/><V72/><F72/><W100/><G96/><T55/><D2/><U81/><E46/><V125/><F125/><W84/><G14/><T45/><D55/><AGARI ba="1,1" hai="44,47,50,55,58,61,65,71,86,91,94" m="51722" machi="55" ten="30,1000,0" yaku="20,1" doraHai="38" who="2" fromWho="0" sc="226,-13,155,0,394,23,215,0" /><INIT seed="4,0,0,4,3,52" ten="213,155,417,215" oya="0" hai0="42,114,49,3,84,18,2,118,15,122,67,68,104" hai1="57,55,19,45,73,48,46,80,125,116,13,102,39" hai2="113,112,90,88,1,6,47,123,132,71,99,0,22" hai3="37,60,65,51,43,56,21,10,115,41,124,53,30"/><T94/><D104/><U35/><E116/><V31/><F71/><W93/><G115/><T82/><D118/><U23/><E125/><V128/><F123/><W92/><G124/><T98/><D122/><U76/><E35/><V130/><F47/><W34/><G34/><T87/><D114/><N who="2" m="44138" /><F132/><W121/><G121/><T103/><D84/><U29/><E29/><V127/><F127/><W38/><G38/><T28/><D28/><U8/><E39/><V16/><F31/><W119/><G119/><T134/><D134/><U96/><REACH who="1" step="1"/><E8/><REACH who="1" ten="213,145,417,215" step="2"/><N who="2" m="2119" /><F1/><W129/><G10/><T17/><D2/><U59/><E59/><V33/><F33/><W89/><G56/><T83/><D3/><U91/><E91/><N who="2" m="34859" /><F99/><W74/><G37/><T9/><D98/><U63/><E63/><V70/><F70/><W61/><G60/><T11/><D68/><U40/><E40/><V78/><F78/><W26/><G43/><T77/><D77/><U106/><AGARI ba="0,1" hai="13,19,23,45,46,48,55,57,73,76,80,96,102,106" machi="106" ten="20,8000,1" yaku="1,1,0,1,7,1,52,1,53,1" doraHai="52" doraHaiUra="44" who="1" fromWho="1" sc="213,-40,145,90,417,-20,215,-20" /><INIT seed="5,0,0,2,5,77" ten="173,235,397,195" oya="1" hai0="80,67,36,46,83,134,76,52,44,32,111,130,58" hai1="101,110,53,133,66,12,78,88,71,23,113,62,47" hai2="118,98,119,117,112,45,56,72,129,115,97,51,124" hai3="87,30,26,63,86,61,42,94,79,135,125,123,5"/><U82/><E113/><N who="2" m="43595" /><F72/><W107/><G123/><T91/><D111/><U60/><E110/><V95/><F129/><W3/><G107/><T31/><D36/><U127/><E127/><V8/><F124/><W84/><G125/><T49/><D130/><U22/><E133/><V19/><F56/><W28/><G135/><T29/><D134/><U37/><E101/><V131/><F131/><W102/><G42/><T43/><D32/><U73/><E37/><V9/><F19/><W25/><G3/><T104/><D104/><U14/><E88/><N who="2" m="55527" /><F98/><N who="3" m="59735" /><G5/><T120/><D120/><U100/><E100/><V7/><F7/><W48/><G79/><T109/><D109/><U24/><E22/><V64/><F64/><W57/><G28/><N who="0" m="10827" /><D67/><U21/><E23/><V10/><F10/><W114/><G30/><T33/><D33/><U2/><E2/><V92/><F92/><W70/><G114/><T99/><D76/><U106/><E106/><V34/><F34/><W39/><G57/><T103/><D103/><U59/><REACH who="1" step="1"/><E47/><REACH who="1" ten="173,225,397,195" step="2"/><V35/><F35/><W74/><G39/><T17/><D46/><U54/><E54/><AGARI ba="0,1" hai="8,9,45,51,54,117,118,119" m="55527,43595" machi="54" ten="40,5200,0" yaku="15,1,11,1,54,1" doraHai="77" who="2" fromWho="1" sc="173,0,225,-52,397,62,195,0" /><INIT seed="6,0,0,0,0,45" ten="173,173,459,195" oya="2" hai0="85,118,5,70,32,95,50,13,84,106,26,128,97" hai1="104,67,122,127,117,78,29,27,41,131,37,16,130" hai2="71,100,102,87,21,63,3,76,93,83,111,69,91" hai3="89,17,113,11,133,124,101,18,14,8,36,123,98"/><V30/><F3/><W22/><G123/><T56/><D70/><U34/><E104/><V132/><F132/><W129/><G36/><T24/><D106/><U48/><E122/><V94/><F111/><W55/><G133/><T12/><D32/><U82/><E117/><V19/><F30/><W6/><G129/><N who="1" m="49162" /><E67/><V31/><F31/><W62/><G124/><T110/><D110/><U54/><E127/><V35/><F35/><W0/><G113/><T42/><D128/><U49/><E16/><V125/><F94/><W61/><G89/><N who="0" m="55535" /><D118/><U47/><E54/><V103/><F63/><W9/><G55/><N who="0" m="31863" /><D42/><U68/><E68/><V121/><F121/><W74/><G61/><T80/><D5/><U64/><E64/><V96/><REACH who="2" step="1"/><F125/><REACH who="2" ten="173,173,449,195" step="2"/><W99/><G62/><T86/><D80/><U53/><E53/><V81/><F81/><W52/><G52/><T46/><D46/><U51/><E37/><V39/><F39/><W109/><G109/><T66/><D66/><U108/><E108/><V65/><F65/><W72/><G0/><T43/><D43/><U90/><E90/><V116/><F116/><W126/><G126/><T92/><D92/><U4/><E4/><V79/><F79/><W77/><G77/><T73/><D73/><AGARI ba="0,1" hai="27,29,34,41,47,48,49,51,73,78,82" m="49162" machi="73" ten="30,7700,0" yaku="19,1,52,3" doraHai="45" who="1" fromWho="0" sc="173,-77,173,87,449,0,195,0" /><INIT seed="7,0,0,1,5,100" ten="96,260,449,195" oya="3" hai0="17,67,25,71,15,102,75,122,130,50,60,48,26" hai1="39,129,30,73,43,47,86,51,3,9,38,24,8" hai2="10,87,36,41,95,92,112,32,69,103,0,120,42" hai3="74,97,84,126,105,7,108,79,49,91,37,76,11"/><W22/><G37/><T70/><D130/><U61/><E73/><V88/><F120/><W90/><G74/><T110/><D110/><U118/><E129/><V116/><F116/><W28/><G108/><T53/><D122/><U16/><E118/><V77/><F69/><W68/><G68/><T57/><D75/><U132/><E132/><V80/><F32/><W62/><G126/><T18/><D71/><U128/><E128/><V12/><F0/><W1/><G62/><T5/><D5/><U4/><E61/><V55/><F112/><W98/><G28/><T20/><D48/><U21/><REACH who="1" step="1"/><E86/><REACH who="1" ten="96,250,449,195" step="2"/><V65/><F87/><W35/><G35/><T127/><D127/><U27/><E27/><V63/><F63/><W54/><G22/><T121/><D121/><U104/><E104/><V34/><F34/><W2/><G2/><T89/><D102/><U119/><E119/><V40/><F103/><W107/><G91/><T115/><D115/><U85/><E85/><V94/><F88/><W93/><G97/><T66/><D66/><U72/><E72/><V113/><F65/><W134/><G134/><T64/><D64/><U13/><AGARI ba="0,1" hai="3,4,8,9,13,16,21,24,30,38,39,43,47,51" machi="13" ten="30,4000,0" yaku="1,1,0,1,54,1,53,0" doraHai="100" doraHaiUra="59" who="1" fromWho="1" sc="96,-10,250,50,449,-10,195,-20" owari="86,-41.0,300,10.0,439,53.0,175,-22.0" /></mjloggm>