<mjloggm ver="2.3"><GO type="169" lobby="0"/><UN n0="%E3%83%AA%E3%82%B5%E3%81%95%E3%81%BE" n1="%38%37%73%65%66" n2="%43%2E%43%2E%E3%82%B5%E3%83%90%E3%82%B7%E3%82%A2" n3="%E5%B0%B1%E6%B4%BB%E7%94%9F%40%E5%B7%9D%E6%9D%91%E8%BB%8D%E5%9B%A3" dan="16,16,16,18" rate="2074.92,2144.85,2055.67,2280.27" sx="F,M,F,M"/><TAIKYOKU oya="0"/><INIT seed="0,0,0,0,5,101" ten="250,250,250,250" oya="0" hai0="134,4,99,74,58,133,90,135,46,8,76,95,64" hai1="32,128,13,1,126,5,75,14,21,57,41,87,56" hai2="71,33,59,63,109,115,117,24,0,122,65,96,11" hai3="51,48,129,124,113,55,26,7,72,107,67,104,120"/><T89/><D74/><U62/><E75/><V9/><F122/><W69/><G72/><T30/><D76/><U86/><E32/><V52/><F115/><W25/><G113/><T66/><D30/><U110/><E1/><V94/><F109/><W44/><G7/><T83/><D58/><U3/><E41/><V98/><F117/><W119/><G119/><T102/><D46/><U15/><E126/><V31/><F0/><W36/><G124/><T92/><D83/><U38/><E38/><V77/><F77/><W23/><G129/><T6/><D6/><U37/><E37/><V47/><F47/><W132/><G132/><T10/><D10/><U116/><E116/><V85/><F85/><W29/><G120/><T12/><REACH who="0" step="1"/><D102/><REACH who="0" ten="240,250,250,250" step="2"/><U82/><E57/><V79/><F79/><W93/><G29/><T42/><D42/><U18/><E82/><V123/><F123/><W78/><G78/><T50/><D50/><U127/><E5/><V22/><F33/><W111/><G36/><T88/><D88/><U125/><E125/><V84/><F11/><W80/><G80/><T103/><D103/><U28/><E28/><V121/><F9/><W97/><G51/><T40/><D40/><U70/><E127/><V105/><F121/><W130/><G48/><T54/><D54/><U81/><E81/><V91/><F52/><W106/><G55/><T60/><D60/><U108/><E56/><V19/><F59/><W34/><G44/><T45/><D45/><U53/><E53/><V17/><F31/><W27/><G34/><T43/><D43/><U20/><E110/><RYUUKYOKU ba="0,1" sc="240,30,250,-10,250,-10,250,-10" hai0="4,8,12,64,66,89,90,92,95,99,133,134,135" /><INIT seed="0,1,1,4,0,80" ten="270,240,240,240" oya="0" hai0="23,50,20,2,55,48,79,84,60,90,3,10,31" hai1="43,117,116,127,68,59,32,133,92,74,115,102,126" hai2="17,4,7,57,22,1,99,36,67,9,34,103,114" hai3="94,0,71,81,53,47,62,29,13,125,119,83,129"/><T14/><D79/><U108/><E32/><V41/><F34/><W52/><G0/><T6/><D60/><U16/><E68/><V37/><F7/><W113/><G125/><N who="1" m="47626" /><E74/><V132/><F132/><W40/><G129/><T91/><D90/><U27/><E133/><V70/><F70/><W77/><G29/><T95/><D50/><U56/><E43/><V28/><F41/><W110/><G110/><T107/><D107/><U128/><E108/><V12/><F114/><W135/><G119/><T21/><REACH who="0" step="1"/><D31/><REACH who="0" ten="260,240,240,240" step="2"/><U18/><E117/><V82/><F28/><W105/><G105/><T73/><D73/><U33/><E116/><V89/><F89/><W58/><G135/><T118/><D118/><U87/><E115/><V24/><F36/><W25/><G113/><T96/><D96/><U51/><E51/><V8/><F37/><W64/><G77/><T124/><D124/><U75/><E75/><V123/><F99/><W131/><G62/><T46/><AGARI ba="1,2" hai="2,3,6,10,14,20,21,23,46,48,55,84,91,95" machi="46" ten="30,6000,0" yaku="1,1,0,1,52,1,53,0" doraHai="80" doraHaiUra="69" who="0" fromWho="0" sc="260,83,240,-21,240,-21,240,-21" /><INIT seed="0,2,0,4,4,51" ten="343,219,219,219" oya="0" hai0="32,48,122,98,62,116,77,90,132,93,44,87,86" hai1="33,74,42,30,95,7,113,68,16,57,4,130,78" hai2="82,119,34,85,60,38,43,123,126,65,63,102,22" hai3="128,67,36,41,61,13,88,29,134,118,103,6,39"/><T55/><D122/><U84/><E68/><V47/><F34/><W75/><G75/><T91/><D116/><U40/><E74/><V131/><F123/><W26/><G103/><T54/><D132/><U19/><E33/><V72/><F119/><W107/><G107/><T27/><D77/><U3/><E30/><V23/><F131/><W73/><G128/><T31/><D62/><U127/><E130/><V71/><F126/><W25/><G73/><T11/><D11/><U109/><E3/><V135/><F135/><W35/><G26/><T89/><D89/><U106/><E106/><V117/><F117/><W120/><G41/><T53/><D98/><U94/><E109/><V1/><F1/><W17/><G6/><T66/><D66/><U79/><E57/><V110/><F110/><W115/><G115/><T59/><D44/><U52/><E84/><V24/><F72/><W100/><G100/><T121/><D121/><U10/><E10/><V111/><F111/><W97/><G134/><T83/><AGARI ba="2,0" hai="27,31,32,48,53,54,55,59,83,86,87,90,91,93" machi="83" ten="20,12000,1" yaku="0,1,7,1,52,3" doraHai="51" who="0" fromWho="0" sc="343,126,219,-42,219,-42,219,-42" /><INIT seed="0,3,0,3,0,75" ten="469,177,177,177" oya="0" hai0="130,52,131,49,4,113,16,133,55,15,123,53,107" hai1="20,104,67,25,105,13,11,43,115,22,78,102,97" hai2="9,41,29,80,59,72,135,63,116,39,101,74,37" hai3="0,18,119,5,95,70,79,12,36,45,126,93,73"/><T47/><D123/><U122/><E122/><V82/><F135/><W127/><G70/><T108/><D113/><U128/><E128/><N who="0" m="49193" /><D133/><U114/><E43/><V132/><F132/><W81/><G119/><T24/><D107/><N who="1" m="63951" /><E67/><V56/><F101/><W99/><G5/><T98/><D98/><U86/><E22/><V90/><F29/><W10/><G0/><T106/><D106/><U125/><E125/><N who="3" m="47626" /><G99/><T118/><D118/><U60/><E60/><V110/><F116/><W87/><G73/><T38/><D108/><U129/><E129/><V54/><F110/><W31/><G31/><T66/><D66/><U71/><E71/><V46/><F72/><W88/><G88/><T68/><D68/><U91/><E105/><V120/><F120/><W65/><G65/><T33/><D4/><U77/><E104/><V17/><F90/><W58/><G58/><T50/><D24/><U69/><E69/><V121/><F121/><W40/><AGARI ba="3,0" hai="10,12,18,36,40,45,79,81,87,93,95" m="47626" machi="40" ten="30,2000,0" yaku="18,1,52,1" doraHai="75" who="3" fromWho="3" sc="469,-13,177,-8,177,-8,177,29" /><INIT seed="1,0,0,4,2,74" ten="456,169,169,206" oya="1" hai0="128,55,62,111,17,75,114,58,29,51,8,12,31" hai1="115,97,9,52,84,3,22,73,47,124,15,116,35" hai2="87,133,64,120,50,70,60,10,0,16,129,68,118" hai3="23,101,65,96,81,18,110,25,5,72,38,34,14"/><U100/><E73/><V37/><F120/><W77/><G110/><T19/><D111/><U105/><E35/><V49/><F118/><W95/><G38/><T98/><D114/><U78/><E115/><V30/><F37/><W89/><G65/><T85/><D128/><U79/><E116/><V99/><F129/><W112/><G112/><T66/><D75/><U28/><E124/><V125/><F125/><W63/><G63/><T113/><D113/><U54/><E3/><V132/><F70/><W94/><G5/><T11/><D98/><U67/><E67/><V46/><F30/><W127/><G127/><T32/><D32/><U42/><E84/><V61/><F61/><W43/><G43/><T39/><D39/><U6/><E22/><V91/><F99/><W121/><G121/><T109/><D109/><U7/><E28/><V92/><F0/><W76/><G34/><T21/><D85/><U48/><REACH who="1" step="1"/><E6/><REACH who="1" ten="456,159,169,206" step="2"/><V13/><REACH who="2" step="1"/><F50/><REACH who="2" ten="456,159,159,206" step="2"/><W106/><G96/><T53/><D31/><U83/><E83/><V131/><F131/><W4/><G81/><T134/><D29/><U126/><E126/><V27/><F27/><W2/><G25/><T82/><D82/><U26/><E26/><V122/><F122/><W44/><G2/><T80/><D80/><U20/><E20/><V103/><F103/><W56/><G101/><T117/><D117/><U135/><E135/><V119/><F119/><W130/><G23/><N who="0" m="11687" /><D134/><U108/><E108/><V69/><F69/><W59/><G72/><T45/><D66/><U71/><E71/><V36/><F36/><W102/><G130/><RYUUKYOKU ba="0,2" sc="456,10,159,10,159,10,206,-30" hai0="8,11,19,21,45,51,53,55,58,62" hai1="7,9,15,42,47,48,52,54,78,79,97,100,105" hai2="10,13,16,46,49,60,64,68,87,91,92,132,133" /><INIT seed="1,1,2,2,3,117" ten="466,169,169,176" oya="1" hai0="95,62,13,122,111,81,11,97,22,118,53,68,55" hai1="27,75,88,15,31,94,17,103,34,28,134,128,43" hai2="18,90,124,77,96,30,102,32,93,108,132,115,8" hai3="57,14,116,61,83,98,87,12,105,91,107,1,112"/><U127/><E75/><V38/><F38/><W135/><G1/><T25/><D111/><U56/><E127/><V29/><F108/><W39/><G112/><T47/><D118/><U113/><E113/><V40/><F115/><W0/><G0/><T26/><D26/><U54/><E128/><V126/><F132/><W52/><G116/><T41/><D81/><U109/><E134/><V72/><F40/><W65/><G135/><T10/><D10/><U120/><E120/><V71/><F71/><W9/><G39/><T78/><D78/><U4/><E43/><V63/><F63/><W37/><G37/><T19/><D122/><U48/><E31/><V36/><F36/><W33/><G33/><T46/><D68/><U67/><E109/><V66/><F66/><W59/><G98/><T5/><D62/><U73/><E73/><V44/><F44/><N who="0" m="16938" /><D41/><U110/><E110/><V51/><F51/><W121/><G121/><T85/><D85/><U3/><E67/><V131/><F32/><W45/><G14/><T114/><D114/><U104/><E3/><V125/><F131/><W60/><REACH who="3" step="1"/><G45/><REACH who="3" ten="466,169,169,166" step="2"/><T101/><AGARI ba="1,3" hai="5,11,13,19,22,25,53,55,95,97,101" m="16938" machi="101" ten="30,1100,0" yaku="8,1" doraHai="117" who="0" fromWho="0" sc="466,44,169,-6,169,-4,166,-4" /><INIT seed="2,0,0,2,4,97" ten="510,163,165,162" oya="2" hai0="12,45,10,44,131,57,43,0,99,53,105,93,87" hai1="89,38,18,19,50,46,98,59,13,28,66,58,104" hai2="134,33,107,52,122,102,132,65,116,71,115,54,103" hai3="121,109,86,85,49,114,40,9,81,29,135,92,74"/><V111/><F115/><W80/><G121/><T82/><D131/><U96/><E38/><V16/><F122/><W62/><G74/><T112/><D105/><U42/><E28/><V124/><F116/><W48/><G109/><T55/><D0/><U8/><E66/><V15/><F107/><W47/><G135/><N who="2" m="51753" /><F33/><W75/><G75/><T24/><D24/><U72/><E72/><V64/><F124/><W76/><G29/><T23/><D23/><U26/><E98/><V128/><F128/><W95/><G114/><T130/><D53/><N who="2" m="20586" /><F111/><W63/><G49/><T68/><D43/><U84/><E104/><V78/><F78/><W67/><G9/><T56/><D56/><N who="1" m="21547" /><E96/><V36/><F36/><W5/><G5/><N who="0" m="3151" /><D68/><U34/><E34/><V127/><F127/><W41/><G41/><T6/><D6/><N who="1" m="3223" /><E26/><V120/><F120/><W108/><G108/><T119/><D119/><U4/><E4/><V35/><F35/><W126/><G126/><T129/><D112/><U30/><E30/><V77/><F77/><N who="3" m="46223" /><G67/><N who="2" m="25673" /><F71/><W17/><G17/><T25/><D25/><U22/><E22/><AGARI ba="0,0" hai="15,16,22,102,103" m="25673,20586,51753" machi="22" ten="30,12000,1" yaku="20,1,52,2,54,2" doraHai="97" who="2" fromWho="1" sc="510,0,163,-120,165,120,162,0" /><INIT seed="2,1,0,4,0,30" ten="510,43,285,162" oya="2" hai0="8,11,10,106,92,122,75,101,84,118,129,99,38" hai1="9,76,64,25,14,73,59,36,55,5,115,20,4" hai2="108,98,57,127,83,71,48,114,125,45,90,28,123" hai3="67,96,1,97,103,87,95,110,47,80,23,128,124"/><V113/><F123/><W82/><G1/><T3/><D122/><U49/><E36/><V41/><F71/><W27/><G110/><T24/><D38/><U126/><E115/><V32/><F108/><W117/><G124/><N who="2" m="47689" /><F57/><W13/><G128/><T60/><D129/><U102/><E126/><V85/><F98/><W88/><G117/><T44/><D44/><U6/><E102/><V130/><F130/><W62/><G13/><T135/><D135/><U35/><E35/><V77/><F77/><W39/><G96/><T63/><D3/><U37/><E37/><V56/><F56/><W91/><G47/><T7/><D99/><U33/><E33/><V105/><F105/><W61/><G39/><T100/><D100/><U34/><E34/><V81/><F81/><W112/><G112/><T18/><D101/><U17/><E76/><V133/><F133/><W111/><G111/><T29/><D106/><U40/><E73/><V134/><F134/><W22/><G22/><T69/><D75/><U104/><E104/><V54/><F41/><W89/><G82/><T50/><D69/><U51/><REACH who="1" step="1"/><E64/><REACH who="1" ten="510,33,285,162" step="2"/><V52/><F113/><W93/><G67/><T0/><D118/><U65/><E65/><V43/><F114/><W12/><G91/><T132/><D132/><U16/><E16/><V72/><F72/><W94/><G89/><T42/><D18/><U68/><E68/><V86/><F86/><W26/><G103/><T53/><D84/><U70/><E70/><V109/><F109/><W21/><G87/><T2/><D7/><U107/><E107/><V66/><F66/><RYUUKYOKU ba="1,1" sc="510,-15,33,15,285,15,162,-15" hai1="4,5,6,9,14,17,20,25,40,49,51,55,59" hai2="28,32,43,45,48,52,54,83,85,90" /><INIT seed="2,2,1,5,0,0" ten="495,48,300,147" oya="2" hai0="48,102,11,10,122,88,32,92,84,80,98,126,113" hai1="82,4,20,101,87,129,109,65,69,5,47,127,12" hai2="38,123,74,30,62,41,112,15,110,67,75,35,131" hai3="23,100,83,86,6,44,34,51,64,42,14,79,134"/><V78/><F112/><W60/><G34/><T89/><D113/><U27/><E101/><V46/><F123/><W3/><G134/><T94/><D122/><U17/><E109/><V59/><F110/><W55/><G100/><T115/><D115/><U21/><E69/><V40/><F78/><W26/><G3/><T28/><D126/><U72/><E72/><V107/><F131/><W135/><G135/><T53/><D28/><N who="1" m="17511" /><E65/><V8/><F41/><W103/><G103/><T91/><D32/><U13/><E129/><V90/><F107/><W93/><G93/><T116/><D116/><U95/><E95/><V16/><REACH who="2" step="1"/><F90/><REACH who="2" ten="495,48,290,147" step="2"/><N who="0" m="34922" /><D92/><U39/><E127/><V22/><F22/><W18/><G42/><T25/><D25/><AGARI ba="2,2" hai="8,15,16,25,30,35,38,40,46,59,62,67,74,75" machi="25" ten="40,3900,0" yaku="1,1,54,1,53,0" doraHai="0" doraHaiUra="114" who="2" fromWho="0" sc="495,-45,48,0,290,65,147,0" /><INIT seed="2,3,0,0,0,36" ten="450,48,355,147" oya="2" hai0="79,25,126,83,71,64,1,95,16,132,96,21,74" hai1="91,117,116,29,109,32,113,135,107,124,58,92,53" hai2="125,30,86,24,60,33,104,97,133,41,110,88,106" hai3="118,63,31,34,61,20,56,67,89,19,78,23,50"/><V119/><F119/><W9/><G118/><T4/><D132/><U111/><E107/><V70/><F133/><W17/><G78/><T85/><D126/><U5/><E135/><V43/><F125/><W68/><G34/><T108/><D108/><N who="1" m="41547" /><E124/><V120/><F110/><W99/><G9/><T59/><D71/><U26/><E5/><V101/><F104/><W3/><G3/><T40/><D40/><U48/><E113/><V100/><F100/><W66/><G31/><T55/><D64/><U98/><AGARI ba="3,0" hai="26,29,32,48,53,58,91,92,98,116,117" m="41547" machi="98" ten="30,1100,0" yaku="14,1" doraHai="36" who="1" fromWho="1" sc="450,-6,48,20,355,-8,147,-6" /><INIT seed="3,0,0,4,2,12" ten="444,68,347,141" oya="3" hai0="112,87,134,53,92,68,115,95,29,41,132,34,124" hai1="64,1,135,75,82,40,58,10,14,113,4,94,16" hai2="52,20,79,5,70,105,43,97,54,104,72,23,88" hai3="55,45,65,90,125,83,126,61,0,63,120,21,119"/><W44/><G0/><T18/><D68/><U96/><E113/><N who="0" m="43593" /><D124/><N who="3" m="47721" /><G119/><T91/><D41/><U17/><E135/><V81/><F70/><W38/><G83/><T13/><D53/><U74/><E40/><V108/><F108/><W35/><G35/><T22/><D34/><U2/><E2/><V9/><F104/><W42/><G90/><N who="0" m="53343" /><D29/><U89/><E82/><V116/><F43/><N who="3" m="22647" /><G21/><T103/><D103/><U80/><E80/><V66/><F116/><W24/><G24/><T59/><D59/><U98/><E98/><AGARI ba="0,0" hai="13,18,22,91,95,98,132,134" m="53343,43593" machi="98" ten="30,2000,0" yaku="11,1,52,1" doraHai="12" who="0" fromWho="1" sc="444,20,68,-20,347,0,141,0" /><INIT seed="4,0,0,1,1,24" ten="464,48,347,141" oya="0" hai0="117,55,18,48,12,82,76,70,38,63,73,78,26" hai1="98,6,135,123,27,110,89,35,112,83,33,114,85" hai2="80,39,40,133,50,81,53,7,49,45,96,20,92" hai3="15,102,4,91,108,61,90,74,87,116,132,65,62"/><T121/><D38/><U94/><E123/><V46/><F133/><W1/><G74/><T127/><D121/><U0/><E110/><V14/><F39/><W99/><G1/><T111/><D111/><U115/><E135/><V97/><F97/><W134/><G108/><T5/><D117/><U19/><E0/><V104/><F104/><W25/><G62/><T22/><D127/><U125/><E6/><V10/><REACH who="2" step="1"/><F20/><REACH who="2" ten="464,48,337,141" step="2"/><W126/><G99/><T119/><D119/><U109/><E109/><V103/><AGARI ba="0,1" hai="7,10,14,40,45,46,49,50,53,80,81,92,96,103" machi="103" ten="20,8000,1" yaku="1,1,2,1,0,1,7,1,8,1,53,0" doraHai="24" doraHaiUra="67" who="2" fromWho="2" sc="464,-40,48,-20,337,90,141,-20" /><INIT seed="5,0,0,1,3,9" ten="424,28,427,121" oya="1" hai0="67,92,45,1,60,48,135,123,70,24,102,31,104" hai1="54,62,106,100,84,50,76,42,6,91,78,133,87" hai2="118,94,2,61,30,40,98,88,124,122,74,129,134" hai3="71,44,49,114,28,27,0,117,110,131,38,120,52"/><U125/><E133/><V97/><F122/><W33/><G110/><T116/><D116/><U39/><E125/><V20/><F118/><W77/><G120/><T107/><D1/><U36/><E42/><V96/><F134/><W7/><G71/><T109/><D109/><U63/><E106/><V12/><F2/><W95/><G117/><T101/><D101/><U83/><E100/><V57/><F124/><W23/><G114/><T85/><D135/><U119/><E119/><V14/><F74/><W43/><G77/><T68/><D68/><U75/><E75/><V112/><F129/><W115/><G115/><T35/><D123/><U128/><E128/><V56/><F40/><W10/><G131/><T108/><D108/><U18/><E6/><V81/><F81/><W59/><REACH who="3" step="1"/><G95/><REACH who="3" ten="424,28,427,111" step="2"/><T32/><D32/><AGARI ba="0,1" hai="0,7,10,23,27,28,32,33,38,43,44,49,52,59" machi="32" ten="40,5200,0" yaku="1,1,2,1,54,1,53,0" doraHai="9" doraHaiUra="113" who="3" fromWho="0" sc="424,-52,28,0,427,0,111,62" /><INIT seed="6,0,0,1,0,36" ten="372,28,427,173" oya="2" hai0="69,9,47,94,34,57,43,105,4,56,87,0,67" hai1="12,7,31,99,35,133,13,21,26,96,68,29,27" hai2="45,135,126,83,5,11,49,30,129,46,75,40,41" hai3="131,71,10,130,14,120,59,3,60,114,28,134,51"/><V52/><F129/><W102/><G3/><T38/><D105/><U37/><E68/><V74/><F135/><W81/><G120/><T39/><D34/><N who="1" m="20791" /><E96/><V124/><F30/><W48/><G28/><T112/><D112/><U19/><E99/><V85/><F74/><W78/><G114/><T1/><D1/><U115/><E37/><V58/><F75/><W104/><G71/><T53/><D69/><U88/><E88/><N who="2" m="51263" /><F46/><W95/><G134/><T125/><D125/><N who="2" m="48234" /><F45/><W92/><G104/><T25/><D39/><U91/><E91/><V113/><F113/><W128/><G102/><T98/><D87/><U6/><E115/><V17/><F17/><N who="3" m="8407" /><G92/><T24/><D67/><U2/><E133/><V127/><F127/><W22/><G95/><T16/><D16/><N who="1" m="10383" /><E2/><AGARI ba="0,0" hai="2,5,11,40,41,49,52,58" m="48234,51263" machi="2" ten="30,12000,1" yaku="18,1,52,2,54,2" doraHai="36" who="2" fromWho="1" sc="372,0,28,-120,427,120,173,0" owari="372,17.0,-92,-59.0,547,65.0,173,-23.0" /></mjloggm>