<mjloggm ver="2.3"><GO type="169" lobby="0"/><UN n0="%E5%B2%A1%E6%9D%91%E9%9D%96%E5%B9%B8" n1="%E2%91%A3%E3%82%BB%E3%83%B3%E3%83%81" n2="%E3%82%A6%E3%83%AB%E3%83%88%E3%83%A9%E7%AB%8B%E7%9B%B4" n3="%E3%82%88%E3%81%97%E3%81%8E" dan="16,17,18,16" rate="2088.62,2180.02,2256.75,2093.01" sx="M,M,M,M"/><TAIKYOKU oya="0"/><INIT seed="0,0,0,0,1,6" ten="250,250,250,250" oya="0" hai0="1,7,121,76,16,107,67,114,27,73,14,13,98" hai1="38,120,44,122,77,75,97,31,105,126,51,125,88" hai2="48,22,37,2,55,42,43,10,118,26,32,33,50" hai3="36,61,9,70,18,20,119,124,83,25,11,104,52"/><T21/><D121/><U79/><E38/><V41/><F37/><W115/><G119/><T110/><D114/><U24/><E51/><V91/><F118/><W4/><G115/><T133/><D67/><U46/><E46/><V28/><F91/><W92/><G104/><T109/><D133/><U135/><E44/><V128/><F128/><W96/><G36/><T95/><D107/><U94/><E24/><V106/><F106/><W108/><G108/><N who="0" m="41579" /><D76/><N who="1" m="29259" /><E31/><V129/><F129/><W87/><G124/><N who="1" m="47722" /><E75/><V90/><F50/><W71/><G71/><T134/><D134/><U64/><E64/><V117/><F117/><W39/><G39/><T63/><D63/><U3/><E3/><V8/><F2/><W102/><G4/><T111/><N who="0" m="41587" /><T132/><DORA hai="0" /><D73/><U56/><E56/><N who="2" m="32871" /><F33/><W30/><G70/><T80/><D132/><U112/><E135/><V101/><F32/><W35/><G35/><T113/><D113/><U123/><E112/><V58/><F58/><N who="3" m="35015" /><G30/><T116/><D116/><U72/><E72/><V85/><F101/><W62/><G62/><T53/><D53/><U78/><E78/><AGARI ba="0,0" hai="9,11,18,20,25,78,83,87,92,96,102" m="35015" machi="78" ten="30,7700,0" yaku="8,1,52,2,54,1" doraHai="6,0" who="3" fromWho="1" sc="250,0,250,-77,250,0,250,77" /><INIT seed="1,0,0,0,0,30" ten="250,173,250,327" oya="1" hai0="32,43,7,114,112,29,101,59,91,126,84,104,18" hai1="53,76,77,12,111,20,61,115,47,102,28,69,51" hai2="24,65,39,34,87,21,130,113,74,2,127,46,108" hai3="133,129,11,92,71,125,135,88,16,8,49,134,48"/><U70/><E115/><V25/><F65/><W66/><G125/><T122/><D126/><U128/><E128/><V100/><F100/><W109/><G109/><T105/><D7/><U5/><E102/><V13/><F87/><W85/><G129/><T63/><D43/><U35/><E111/><V67/><F67/><W90/><G90/><T41/><D41/><U82/><E77/><V60/><F60/><N who="3" m="40391" /><G8/><T75/><D75/><U123/><E123/><V26/><F46/><W42/><G42/><T81/><D18/><U6/><E61/><V116/><F21/><W64/><G64/><T120/><D114/><U80/><E80/><V124/><F13/><AGARI ba="0,0" hai="11,13,16,48,49,85,88,92,133,134,135" m="40391" machi="13" ten="30,3900,0" yaku="20,1,54,2" doraHai="30" who="3" fromWho="2" sc="250,0,173,0,250,-39,327,39" /><INIT seed="2,0,0,0,4,15" ten="250,173,211,366" oya="2" hai0="21,118,69,17,38,88,8,47,74,122,84,40,20" hai1="58,42,126,39,95,102,106,31,121,129,75,27,35" hai2="92,7,11,71,13,25,124,90,28,70,18,94,119" hai3="123,29,26,96,112,135,37,10,22,87,116,128,52"/><V12/><F124/><W78/><G116/><T62/><D122/><U80/><E126/><V82/><F119/><W65/><G123/><T16/><D74/><U85/><E121/><V45/><F82/><W59/><G37/><T43/><D118/><U117/><E117/><V83/><F83/><N who="3" m="47607" /><G135/><T30/><D30/><U111/><E111/><V127/><F127/><W109/><G109/><T36/><D8/><U63/><E129/><V76/><F76/><W86/><G128/><T130/><D130/><U110/><E110/><V24/><F45/><W115/><G96/><T9/><D9/><U66/><E106/><V23/><F92/><W105/><G105/><T114/><D114/><U108/><E108/><V98/><REACH who="2" step="1"/><F25/><REACH who="2" ten="250,173,201,366" step="2"/><W125/><G125/><T89/><D47/><U134/><E95/><V77/><F77/><W68/><G115/><T44/><D44/><U46/><E80/><V73/><F73/><W5/><G112/><T3/><D84/><U49/><E75/><V2/><F2/><W32/><G86/><T91/><D3/><U100/><E85/><V54/><F54/><W14/><G52/><T113/><D113/><U41/><E134/><V34/><AGARI ba="0,1" hai="7,11,12,13,18,23,24,28,34,70,71,90,94,98" machi="34" ten="20,12000,1" yaku="1,1,0,1,7,1,52,1,53,1" doraHai="15" doraHaiUra="6" who="2" fromWho="2" sc="250,-40,173,-40,201,130,366,-40" /><INIT seed="2,1,0,3,5,80" ten="210,133,331,326" oya="2" hai0="74,70,132,92,108,54,103,21,56,61,23,102,38" hai1="33,72,135,16,100,3,43,73,55,25,18,84,13" hai2="42,26,88,37,4,69,49,52,114,1,29,40,2" hai3="134,32,91,89,60,83,110,50,118,76,57,45,47"/><V125/><F114/><W71/><G118/><T28/><D74/><U17/><E3/><V64/><F125/><W81/><G32/><T22/><D38/><U27/><E135/><V51/><F51/><W112/><G71/><T105/><D132/><U20/><E43/><V82/><F4/><W68/><G68/><T107/><D108/><U131/><E131/><V104/><F104/><W129/><G110/><T98/><D70/><U62/><E100/><V96/><F42/><W39/><G39/><T106/><REACH who="0" step="1"/><D28/><REACH who="0" ten="200,133,331,326" step="2"/><U126/><E126/><V133/><F133/><W97/><G134/><T128/><D128/><U121/><E73/><V34/><F37/><W10/><G129/><T85/><D85/><U14/><E72/><V12/><F69/><W65/><G112/><T94/><D94/><U123/><E84/><V8/><F29/><W5/><G83/><T24/><D24/><U6/><E27/><V19/><F82/><W119/><G81/><T63/><D63/><U95/><E95/><V75/><F75/><W15/><G60/><T90/><AGARI ba="1,1" hai="21,22,23,54,56,61,90,92,98,102,103,105,106,107" machi="90" ten="40,2700,0" yaku="1,1,0,1,53,0" doraHai="80" doraHaiUra="31" who="0" fromWho="0" sc="200,40,133,-8,331,-14,326,-8" /><INIT seed="3,0,0,5,3,53" ten="240,125,317,318" oya="3" hai0="41,84,15,45,105,22,77,104,98,33,34,130,101" hai1="122,71,56,50,96,117,73,2,12,107,134,51,57" hai2="102,36,131,83,74,3,94,82,70,79,120,92,113" hai3="72,116,95,26,88,44,43,11,80,18,60,110,61"/><W126/><G116/><T46/><D130/><U99/><E2/><V69/><F36/><W66/><G126/><T103/><D77/><U127/><E122/><V129/><F3/><W118/><G118/><T4/><D84/><U28/><E117/><V14/><F113/><W132/><G132/><T17/><D4/><U135/><E71/><N who="2" m="27147" /><F120/><W6/><G110/><T25/><D25/><U112/><E112/><V62/><F62/><W65/><G61/><T1/><D1/><U24/><E73/><V119/><F119/><W78/><G18/><T54/><D54/><U109/><E109/><V81/><F14/><W89/><G26/><T23/><D23/><U85/><E127/><V37/><F37/><W16/><G16/><T20/><D20/><U91/><E12/><V29/><F29/><W100/><G100/><T32/><REACH who="0" step="1"/><D41/><REACH who="0" ten="230,125,317,318" step="2"/><U9/><E24/><V10/><F131/><W63/><G66/><T49/><D49/><U111/><E85/><V115/><F129/><W106/><G65/><T76/><D76/><U38/><E51/><V8/><F79/><W7/><G7/><T13/><D13/><U39/><E50/><V86/><F86/><N who="3" m="52631" /><G6/><T30/><D30/><U87/><E28/><V48/><F48/><W55/><G55/><T93/><D93/><U64/><E64/><V97/><F94/><W67/><G67/><T5/><D5/><U68/><E68/><V40/><F40/><W121/><G43/><T58/><D58/><U42/><E42/><V128/><F128/><W90/><G78/><T123/><D123/><U75/><E39/><V59/><F59/><RYUUKYOKU ba="0,1" sc="230,30,125,-10,317,-10,318,-10" hai0="15,17,22,32,33,34,45,46,98,101,103,104,105" /><INIT seed="4,1,1,1,5,40" ten="260,115,307,308" oya="0" hai0="118,120,56,104,48,87,115,9,70,49,32,122,129" hai1="99,124,96,50,36,29,73,1,111,61,130,135,119" hai2="95,55,46,127,86,66,112,18,39,35,43,83,126" hai3="53,52,12,94,6,17,14,103,114,84,108,85,45"/><T2/><D118/><U72/><E36/><V59/><F35/><W63/><G108/><T134/><D70/><U0/><E29/><V82/><F66/><W79/><G114/><T37/><D37/><U44/><E61/><V100/><F112/><W22/><G79/><T92/><D115/><U64/><E64/><V65/><F65/><W131/><G131/><T7/><D104/><U77/><E111/><V20/><F100/><W30/><G30/><T132/><D32/><U102/><E119/><V58/><F95/><W107/><G107/><T26/><D26/><U113/><E113/><V33/><F33/><W8/><G63/><T62/><D129/><U97/><E102/><V68/><F68/><W25/><G25/><T91/><D48/><U88/><E130/><V51/><F59/><W78/><G78/><T54/><REACH who="0" step="1"/><D62/><REACH who="0" ten="250,115,307,308" step="2"/><U116/><E116/><V23/><F39/><W101/><G101/><T133/><AGARI ba="1,2" hai="2,7,9,49,54,56,87,91,92,120,122,132,133,134" machi="133" ten="30,11700,0" yaku="1,1,2,1,0,1,20,1,53,0" doraHai="40" doraHaiUra="106" who="0" fromWho="0" sc="250,140,115,-40,307,-40,308,-40" /><INIT seed="4,2,0,1,2,22" ten="390,75,267,268" oya="0" hai0="99,40,31,57,86,72,28,11,78,115,76,73,81" hai1="6,90,111,34,4,14,101,83,121,42,48,33,63" hai2="29,32,19,80,18,56,91,108,132,94,95,66,135" hai3="16,97,41,134,45,44,12,2,133,5,27,114,102"/><T52/><D115/><U51/><E111/><V38/><F38/><W70/><G70/><T7/><D40/><U74/><E121/><V75/><F108/><W37/><G114/><T26/><D99/><U106/><E106/><V120/><F120/><W105/><G44/><T77/><D72/><U62/><E101/><V98/><F95/><W124/><G124/><T117/><D73/><U79/><E90/><V89/><F29/><W116/><G116/><T122/><D122/><U9/><E6/><V103/><F32/><W0/><G5/><T15/><D117/><U54/><E42/><V68/><F68/><W46/><G45/><T21/><REACH who="0" step="1"/><D31/><REACH who="0" ten="380,75,267,268" step="2"/><U112/><E112/><V1/><F98/><W17/><G134/><T60/><AGARI ba="2,1" hai="7,11,15,21,26,28,52,57,60,76,77,78,81,86" machi="60" ten="20,18000,2" yaku="1,1,2,1,0,1,7,1,8,1,52,1,54,1,53,0" doraHai="22" doraHaiUra="47" who="0" fromWho="0" sc="380,196,75,-62,267,-62,268,-62" /><INIT seed="4,3,0,1,1,66" ten="576,13,205,206" oya="0" hai0="34,100,70,29,51,131,98,102,26,50,94,103,135" hai1="130,23,104,38,11,126,15,62,17,87,93,115,7" hai2="25,22,118,19,41,128,35,122,108,32,20,79,81" hai3="89,27,75,59,109,45,31,14,58,30,46,54,107"/><T114/><D114/><U49/><E38/><V77/><F108/><W106/><G109/><T88/><D135/><U13/><E104/><V86/><F122/><W111/><G111/><T60/><REACH who="0" step="1"/><D131/><REACH who="0" ten="566,13,205,206" step="2"/><U8/><E130/><V44/><F128/><W63/><G107/><T112/><D112/><U80/><E115/><V133/><F133/><W73/><G106/><T47/><D47/><U129/><E129/><V2/><F118/><W24/><G46/><T56/><D56/><U121/><E121/><V18/><F2/><W72/><G58/><T99/><D99/><U3/><E126/><V120/><F120/><W57/><G59/><T28/><D28/><U116/><E116/><V82/><F44/><W43/><G45/><T84/><D84/><U96/><E49/><V33/><F41/><W42/><G31/><T52/><D52/><U71/><E62/><V9/><F9/><W21/><G42/><T74/><D74/><U12/><E11/><V117/><F117/><W76/><G43/><T6/><D6/><U95/><E71/><V48/><F48/><W16/><G30/><T123/><D123/><U85/><E85/><V127/><F127/><W119/><G119/><T0/><D0/><U61/><E61/><V5/><F5/><W78/><G73/><T1/><D1/><U83/><E87/><N who="2" m="48559" /><F18/><W64/><G75/><T110/><D110/><U67/><E96/><V69/><F69/><W90/><G54/><T53/><D53/><U113/><E113/><V92/><F92/><N who="1" m="35401" /><E67/><AGARI ba="3,1" hai="26,29,34,50,51,60,67,70,88,94,98,100,102,103" machi="67" ten="40,7700,0" yaku="1,1,52,1,54,1,53,0" doraHai="66" doraHaiUra="4" who="0" fromWho="1" sc="566,96,13,-86,205,0,206,0" owari="662,75.0,-73,-57.0,205,-19.0,206,1.0" /></mjloggm>