<mjloggm ver="2.3"><GO type="169" lobby="0"/><UN n0="%66%75%6A%69%32%32%39" n1="%E3%83%88%E3%83%88%E3%83%AA%E5%85%88%E7%94%9F%31%39%E6%AD%B3" n2="%E3%81%BD%E3%82%93%E3%81%93%E3%81%A4%E9%98%BF%E8%B3%80%E9%87%8E%E5%A7%89" n3="%E6%8C%AF%E8%BE%BC%E5%A4%AA%E9%99%BD" dan="16,18,17,16" rate="2086.50,2282.00,2145.92,2081.75" sx="M,F,F,M"/><TAIKYOKU oya="0"/><INIT seed="0,0,0,5,1,53" ten="250,250,250,250" oya="0" hai0="58,119,47,71,108,82,94,11,89,45,43,86,123" hai1="75,28,106,96,84,117,107,125,38,17,30,99,130" hai2="128,129,114,25,22,72,48,46,36,62,1,18,105" hai3="19,88,21,66,127,65,42,104,26,134,37,64,49"/><T121/><D71/><U110/><E38/><V69/><F114/><W33/><G104/><T12/><D119/><U8/><E75/><V83/><F105/><W44/><G134/><T14/><D108/><U70/><E70/><V102/><F102/><W23/><G127/><T124/><D124/><U56/><E125/><V118/><F118/><W59/><G33/><T3/><D47/><U31/><E117/><V0/><F36/><W54/><G23/><T4/><D121/><U7/><E130/><N who="2" m="50283" /><F83/><W90/><AGARI ba="0,0" hai="19,21,26,37,42,44,49,54,59,64,65,66,88,90" machi="90" ten="30,4000,0" yaku="0,1,52,1,54,1" doraHai="53" who="3" fromWho="3" sc="250,-20,250,-10,250,-10,250,40" /><INIT seed="1,0,0,3,4,21" ten="230,240,240,290" oya="1" hai0="46,75,7,121,39,89,17,60,80,52,19,64,125" hai1="74,73,98,11,14,111,69,133,59,67,130,65,37" hai2="122,78,76,50,107,15,2,94,99,92,103,57,102" hai3="43,32,6,115,118,54,41,83,114,124,34,117,24"/><U77/><E37/><V30/><F2/><W132/><G6/><T13/><D125/><U27/><E69/><V84/><F15/><W40/><G124/><T106/><D106/><U47/><E130/><V58/><F50/><W113/><G132/><T112/><D112/><U56/><E133/><V28/><F107/><W42/><N who="3" m="10240" /><DORA hai="100" /><W101/><G101/><T36/><D7/><U131/><E47/><V23/><F84/><W35/><G83/><T134/><D121/><U116/><E116/><N who="3" m="44650" /><G54/><T48/><D134/><U128/><E77/><V25/><F122/><W26/><AGARI ba="0,0" hai="24,26,32,34,35,113,114,115" m="44650,10240" machi="26" ten="60,12000,2" yaku="29,2,28,2,12,1,52,2" doraHai="21,100" who="3" fromWho="3" sc="230,-30,240,-60,240,-30,290,120" /><INIT seed="2,0,0,1,4,8" ten="200,180,210,410" oya="2" hai0="75,135,68,119,61,18,82,55,62,74,10,52,86" hai1="28,134,124,104,11,49,46,92,66,15,71,31,48" hai2="60,99,32,85,103,91,9,125,36,83,110,40,90" hai3="1,59,27,113,109,63,41,20,130,12,29,24,47"/><V30/><F125/><W128/><G1/><T114/><D114/><U116/><E104/><V6/><F91/><W117/><G117/><T112/><D112/><U100/><E116/><V108/><F30/><W34/><G109/><T3/><D119/><U2/><E2/><V95/><F32/><W121/><G121/><T19/><D135/><U4/><E124/><V73/><F60/><W70/><G70/><T33/><D33/><U133/><E66/><V101/><F101/><W98/><G98/><T35/><D35/><U57/><E71/><V51/><F36/><W69/><G69/><T129/><D129/><N who="3" m="49769" /><G27/><T76/><D3/><U67/><E100/><V115/><F115/><W42/><G47/><T7/><D7/><U84/><E92/><V26/><F26/><W77/><G77/><T0/><D0/><U94/><E94/><V93/><F73/><W127/><G127/><T22/><D74/><U88/><E133/><V16/><F6/><W58/><G58/><T131/><D131/><U87/><E87/><V105/><F93/><W45/><G45/><T39/><D75/><U17/><E4/><V56/><F56/><W65/><G113/><T25/><D39/><U118/><E118/><V21/><F95/><W50/><G50/><N who="1" m="19562" /><E46/><N who="2" m="26055" /><F110/><W126/><G126/><T122/><D122/><U54/><E134/><V106/><F108/><W53/><G65/><N who="0" m="41007" /><D62/><N who="1" m="36151" /><E67/><V80/><F106/><W44/><G44/><T38/><D38/><U97/><E97/><V107/><F105/><W111/><G111/><T81/><D81/><U78/><E78/><V37/><F107/><W64/><G64/><RYUUKYOKU ba="0,0" sc="200,10,180,10,210,-30,410,10" hai0="10,18,19,22,25,52,55,76,82,86" hai1="11,15,17,28,31,84,88" hai3="12,20,24,29,34,41,42,53,59,63" /><INIT seed="3,1,0,1,1,113" ten="210,190,180,420" oya="3" hai0="13,82,98,72,116,37,6,15,21,52,110,85,35" hai1="10,62,7,61,47,59,22,117,77,67,112,95,76" hai2="120,49,33,81,118,57,92,45,111,17,46,51,135" hai3="39,43,56,84,89,42,55,128,54,44,2,71,3"/><W27/><G128/><T41/><D35/><U24/><E112/><V1/><F33/><W79/><G79/><T26/><D72/><U132/><E132/><V126/><F1/><W121/><G121/><T64/><D116/><U78/><E117/><V34/><F135/><W38/><G71/><T80/><D64/><U20/><E47/><V63/><F34/><W107/><G107/><T31/><D110/><U65/><E95/><V11/><F120/><W94/><G43/><T25/><D80/><U102/><E102/><V130/><F111/><W93/><G39/><T96/><D26/><U86/><E86/><V66/><F130/><W105/><G105/><T114/><D114/><U88/><E88/><V127/><F118/><W69/><G69/><T68/><D68/><U91/><E91/><V123/><F123/><W14/><G94/><T0/><D0/><U48/><E48/><V50/><F92/><W133/><G27/><T29/><D29/><U53/><E24/><V16/><F81/><W5/><G133/><T73/><D73/><U32/><E32/><V19/><REACH who="2" step="1"/><F11/><REACH who="2" ten="210,190,170,420" step="2"/><W9/><G3/><T100/><D82/><U70/><E10/><V97/><F97/><W129/><G2/><T40/><D96/><U90/><E20/><V36/><F36/><W134/><G134/><T74/><D37/><U122/><E22/><V30/><F30/><W18/><G129/><T4/><D98/><U115/><E122/><V28/><F28/><W104/><G104/><T131/><D31/><U106/><E106/><V75/><F75/><W8/><G38/><T99/><D131/><RYUUKYOKU ba="1,1" sc="210,-10,190,-10,170,30,420,-10" hai2="16,17,19,45,46,49,50,51,57,63,66,126,127" /><INIT seed="4,2,1,4,1,40" ten="200,180,200,410" oya="0" hai0="91,46,85,52,29,11,37,104,2,59,32,102,71" hai1="121,47,42,127,95,82,124,0,83,128,123,17,106" hai2="7,117,57,131,16,50,22,135,70,41,6,34,130" hai3="51,23,60,13,79,25,30,67,112,119,48,39,31"/><T5/><D71/><U72/><E106/><V86/><F70/><W55/><G119/><T27/><D104/><U62/><E0/><V78/><F34/><W49/><G39/><T92/><D102/><U99/><E128/><N who="2" m="49195" /><F135/><W65/><G112/><T103/><D103/><N who="1" m="60927" /><E17/><V89/><F78/><W26/><G79/><T69/><D69/><U14/><E14/><N who="2" m="9495" /><F117/><W93/><G13/><T113/><D113/><U132/><E62/><V21/><F21/><N who="3" m="15663" /><G93/><T97/><D37/><N who="1" m="21967" /><E132/><V90/><F90/><W61/><G61/><T36/><D36/><U68/><E68/><V66/><F66/><N who="3" m="25099" /><G60/><T19/><D19/><U77/><E82/><N who="2" m="49367" /><F41/><W3/><G3/><T105/><D105/><U75/><E75/><V134/><F134/><W74/><G74/><T111/><D111/><U108/><E108/><V84/><F84/><W94/><G94/><T96/><D96/><U98/><E98/><V125/><F7/><W20/><G20/><T28/><D28/><U24/><E24/><V80/><F6/><W87/><G87/><T9/><D9/><U18/><E18/><V101/><F80/><W116/><G116/><T126/><D85/><U73/><E73/><V110/><F110/><W35/><G35/><T15/><D2/><U122/><E122/><V114/><F114/><W118/><G118/><T81/><D81/><U54/><E54/><AGARI ba="2,1" hai="23,26,31,48,49,51,54,55" m="25099,15663" machi="54" ten="30,1000,0" yaku="8,1" doraHai="40" who="3" fromWho="1" sc="200,0,180,-16,200,0,410,26" /><INIT seed="5,0,0,1,1,35" ten="200,164,200,436" oya="1" hai0="64,120,98,113,54,130,40,68,15,10,25,29,20" hai1="129,18,59,49,77,89,127,38,71,67,84,21,30" hai2="73,65,117,60,82,90,102,53,107,50,61,106,80" hai3="75,62,83,103,58,32,119,132,109,52,86,45,81"/><U112/><E38/><V128/><F117/><W36/><G109/><T37/><D113/><U3/><E3/><V134/><F73/><W100/><G32/><T105/><D130/><U104/><E104/><V28/><F128/><W91/><G119/><T27/><D120/><U101/><E101/><N who="3" m="38986" /><G132/><T13/><D105/><U31/><E129/><V48/><F134/><W78/><G75/><T92/><D54/><N who="1" m="32207" /><E71/><V7/><F102/><W94/><G36/><T114/><D114/><U33/><E33/><V69/><F28/><N who="1" m="10793" /><E127/><V85/><F7/><W97/><G81/><T44/><D27/><N who="1" m="14775" /><E112/><V41/><F107/><W51/><G62/><T26/><D26/><U9/><E9/><V14/><F106/><W4/><G4/><T23/><D23/><U115/><E115/><V16/><F61/><W66/><G66/><T110/><D110/><U135/><E135/><V111/><F111/><W43/><G58/><T42/><D42/><AGARI ba="0,0" hai="42,43,45,51,52,78,83,86,91,94,97" m="38986" machi="42" ten="30,2000,0" yaku="8,1,54,1" doraHai="35" who="3" fromWho="0" sc="200,-20,164,0,200,0,436,20" /><INIT seed="6,0,0,0,1,124" ten="180,164,200,456" oya="2" hai0="31,69,32,17,26,37,73,68,53,58,24,1,11" hai1="93,99,57,28,84,132,7,46,72,92,133,101,89" hai2="82,35,55,43,91,85,3,33,121,50,128,77,23" hai3="30,117,64,9,42,96,109,94,123,4,22,97,47"/><V88/><F3/><W10/><G109/><T111/><D111/><U5/><E72/><V106/><F106/><W130/><G117/><T8/><D37/><U113/><E113/><V6/><F128/><W52/><G123/><T127/><D73/><U48/><E28/><V83/><F6/><W126/><G126/><T19/><D127/><U76/><E76/><V56/><F121/><W63/><G96/><T36/><D36/><U51/><E133/><V49/><F23/><W135/><G135/><T79/><D79/><U86/><E132/><V66/><F66/><W116/><G130/><T98/><D98/><U44/><E57/><V71/><F71/><W12/><G10/><T90/><D90/><U15/><E15/><V25/><F25/><N who="3" m="16695" /><G116/><T131/><D131/><U104/><E104/><V18/><F18/><W108/><G108/><T105/><D105/><U39/><E39/><V65/><F65/><W13/><G13/><T62/><D11/><U2/><E2/><V120/><F120/><W45/><G64/><T87/><D1/><U122/><E122/><V16/><F16/><W100/><G42/><T60/><D68/><U115/><E115/><V27/><F27/><W95/><G95/><T20/><D69/><U119/><E119/><V78/><F43/><W29/><G29/><T134/><D134/><U34/><E34/><V110/><F110/><W114/><G114/><T74/><D74/><U80/><E80/><V41/><F41/><W107/><G107/><T102/><D8/><U59/><E5/><V38/><F35/><W125/><G125/><T21/><D32/><RYUUKYOKU ba="0,0" sc="180,-10,164,-10,200,-10,456,30" hai3="4,9,12,45,47,52,63,94,97,100" /><INIT seed="7,1,0,4,3,112" ten="170,154,190,486" oya="3" hai0="53,65,128,39,42,21,28,107,105,120,84,135,16" hai1="108,27,43,81,92,18,110,111,3,30,132,134,97" hai2="102,95,78,20,130,99,49,7,124,6,22,73,126" hai3="40,121,87,100,55,24,93,29,32,56,8,129,45"/><W116/><G129/><T52/><D120/><U76/><E3/><V67/><F130/><W117/><G121/><T122/><D128/><U41/><E18/><V77/><F67/><W74/><G74/><T71/><D122/><U133/><E92/><V125/><F49/><W63/><G8/><T13/><D135/><U34/><E97/><V31/><F73/><AGARI ba="1,0" hai="27,30,34,41,43,73,76,81,108,110,111,132,133,134" machi="73" ten="50,1600,0" yaku="20,1" doraHai="112" who="1" fromWho="2" sc="170,0,154,19,190,-19,486,0" owari="170,-33.0,173,-3.0,171,-23.0,486,59.0" /></mjloggm>