<mjloggm ver="2.3"><GO type="169" lobby="0"/><UN n0="%E3%82%A6%E3%83%AB%E3%83%88%E3%83%A9%E7%AB%8B%E7%9B%B4" n1="%4E%49%53%48%49" n2="%E3%81%BF%E3%81%A3%E3%81%A4%E3%81%9A%E3%81%A4" n3="%E2%91%A3%E3%82%BB%E3%83%B3%E3%83%81" dan="17,16,16,17" rate="2178.01,2115.62,2125.36,2181.73" sx="M,M,M,M"/><TAIKYOKU oya="0"/><INIT seed="0,0,0,4,5,13" ten="250,250,250,250" oya="0" hai0="17,97,38,99,100,43,73,102,25,62,32,41,86" hai1="23,130,101,116,21,29,57,78,95,36,69,19,30" hai2="87,72,51,92,35,117,83,127,50,67,121,46,66" hai3="105,15,3,52,88,20,22,82,56,128,111,8,70"/><T96/><D73/><U123/><E116/><V133/><F121/><W90/><G70/><T24/><D38/><U108/><E123/><V122/><F122/><W6/><G105/><T12/><D86/><U53/><E69/><V107/><F107/><W131/><G111/><T118/><D118/><U81/><E108/><V104/><F104/><W16/><G22/><T124/><D62/><U4/><E4/><V129/><F35/><W89/><REACH who="3" step="1"/><G82/><REACH who="3" ten="250,250,250,240" step="2"/><T76/><D32/><U103/><E23/><V28/><F83/><W18/><G18/><T77/><D124/><U68/><E68/><V120/><F127/><W126/><G126/><T94/><D94/><U113/><E95/><V134/><F92/><W60/><AGARI ba="0,1" hai="3,6,8,15,16,20,52,56,60,88,89,90,128,131" machi="60" ten="30,12000,2" yaku="1,1,0,1,52,1,54,3,53,0" doraHai="13" doraHaiUra="98" who="3" fromWho="3" sc="250,-60,250,-30,250,-30,240,130" /><INIT seed="1,0,0,5,0,103" ten="190,220,220,370" oya="1" hai0="23,97,128,39,5,120,107,56,10,19,59,64,60" hai1="117,111,94,82,109,40,106,7,26,80,48,51,72" hai2="29,18,135,61,91,110,32,68,115,27,44,17,13" hai3="131,14,130,104,98,133,54,85,34,105,102,11,67"/><U108/><E117/><V6/><F68/><W58/><G133/><T73/><D39/><U33/><E7/><V47/><F61/><W36/><G36/><T99/><D73/><U70/><E70/><V30/><F91/><W77/><G34/><T89/><D128/><N who="3" m="49193" /><G67/><T50/><D120/><U79/><E82/><V63/><F63/><N who="3" m="36311" /><G85/><T12/><D107/><N who="3" m="41033" /><G77/><T84/><D50/><U87/><E106/><V15/><F32/><W116/><G116/><T22/><D99/><U55/><E40/><V88/><F135/><W38/><G38/><T49/><D97/><U53/><E48/><V62/><F62/><W4/><G98/><T127/><D127/><U9/><E111/><V46/><F110/><W86/><G86/><T100/><D100/><AGARI ba="0,0" hai="4,11,14,100,102" m="41033,36311,49193" machi="100" ten="30,7700,0" yaku="19,1,52,3" doraHai="103" who="3" fromWho="0" sc="190,-77,220,0,220,0,370,77" /><INIT seed="2,0,0,3,5,26" ten="113,220,220,447" oya="2" hai0="66,88,103,35,23,101,58,65,14,49,93,32,77" hai1="80,63,99,51,132,109,127,60,19,122,1,94,130" hai2="47,98,30,27,121,83,104,116,126,15,73,59,118" hai3="89,128,131,100,64,86,124,20,29,78,114,76,12"/><V56/><F121/><W113/><G64/><T28/><D77/><N who="3" m="29801" /><G12/><T41/><D35/><U43/><E80/><V50/><F73/><W87/><G20/><T135/><D32/><U81/><E81/><V17/><F83/><N who="3" m="49375" /><G29/><T44/><D135/><U105/><E1/><V57/><F126/><W13/><G13/><T31/><D14/><U3/><E132/><V125/><F125/><W18/><G18/><T115/><D115/><N who="3" m="44041" /><G124/><T16/><D16/><U33/><E19/><V46/><F17/><W24/><G24/><T53/><D23/><U75/><E3/><V62/><F15/><W40/><G40/><T34/><D34/><U22/><E43/><V90/><F62/><W74/><G74/><T97/><D65/><U61/><E60/><V45/><F50/><W102/><G87/><T55/><D66/><U129/><E51/><V2/><F2/><W7/><G7/><T10/><D10/><U42/><E61/><V25/><F25/><W91/><G91/><T119/><D119/><U52/><E63/><V120/><F90/><W37/><G37/><T134/><D134/><U117/><E33/><V6/><F6/><W108/><G108/><T36/><REACH who="0" step="1"/><D53/><REACH who="0" ten="103,220,220,447" step="2"/><U71/><E52/><V79/><F116/><W0/><G0/><T123/><D123/><U82/><E122/><V38/><F120/><W70/><G70/><T8/><D8/><U68/><E117/><V21/><F118/><W112/><G112/><T106/><D106/><U111/><E105/><V69/><F69/><W85/><G85/><T9/><D9/><U72/><E68/><V92/><F21/><RYUUKYOKU ba="0,1" sc="103,15,220,-15,220,-15,447,15" hai0="28,31,36,41,44,49,55,58,88,93,97,101,103" hai3="100,102,128,131" /><INIT seed="3,1,1,0,1,21" ten="118,205,205,462" oya="3" hai0="35,42,52,94,130,38,47,48,27,58,117,113,76" hai1="41,75,92,62,81,8,105,59,67,126,45,49,54" hai2="1,30,106,33,85,133,19,64,12,119,57,36,124" hai3="127,4,134,26,24,34,87,90,95,73,5,66,123"/><W118/><G123/><T43/><D117/><U11/><E105/><V129/><F36/><W50/><G118/><T122/><D122/><U131/><E126/><V32/><F106/><W44/><G73/><T89/><D113/><U60/><E131/><V74/><F74/><W55/><G127/><T37/><D130/><U6/><E92/><V79/><F119/><W111/><G34/><T108/><D76/><U78/><E6/><N who="3" m="2666" /><G134/><T68/><D68/><AGARI ba="1,1" hai="8,11,41,45,49,54,59,60,62,67,68,75,78,81" machi="68" ten="30,1000,0" yaku="7,1" doraHai="21" who="1" fromWho="0" sc="118,-13,205,23,205,0,462,0" /><INIT seed="4,0,0,0,0,49" ten="105,228,205,462" oya="0" hai0="6,52,135,20,27,55,97,11,77,105,76,126,79" hai1="134,39,43,78,82,32,64,30,106,127,13,63,58" hai2="68,5,96,54,23,131,3,129,124,132,92,99,45" hai3="62,74,26,66,19,103,86,35,116,117,110,109,56"/><T44/><D126/><U102/><E127/><V100/><F124/><W133/><G74/><T12/><D135/><U108/><E108/><V42/><F132/><W113/><G133/><T67/><D67/><U10/><E134/><V83/><F68/><W115/><G103/><T128/><D128/><N who="2" m="49226" /><F5/><W121/><G86/><T51/><D105/><U94/><E106/><V75/><F3/><W53/><G19/><N who="0" m="12703" /><D97/><U47/><E30/><V46/><F23/><W93/><G93/><T0/><D0/><U130/><E32/><V16/><F16/><W73/><G73/><T41/><AGARI ba="0,0" hai="6,11,12,41,44,51,52,55,76,77,79" m="12703" machi="41" ten="30,11700,0" yaku="8,1,52,2,54,1" doraHai="49" who="0" fromWho="0" sc="105,117,228,-39,205,-39,462,-39" /><INIT seed="4,1,0,3,4,4" ten="222,189,166,423" oya="0" hai0="126,67,79,51,84,41,87,94,97,63,100,1,72" hai1="39,35,95,8,45,65,115,129,44,128,42,90,75" hai2="7,78,57,23,117,46,61,49,96,58,11,88,107" hai3="62,68,55,19,71,82,52,31,112,18,81,47,76"/><T27/><D1/><U99/><E35/><V43/><F117/><W103/><G112/><T102/><D126/><U26/><E115/><V91/><F78/><W50/><G31/><T118/><D118/><U14/><E26/><V24/><F107/><W83/><G76/><T127/><D127/><U132/><E75/><V66/><F57/><N who="3" m="35111" /><G71/><T108/><D108/><U3/><E3/><V133/><F133/><W6/><G68/><T93/><D72/><U29/><E29/><V111/><F96/><W64/><G64/><T92/><D27/><U60/><E132/><V33/><F33/><W109/><G109/><T113/><D113/><U114/><E114/><V16/><F111/><W59/><G6/><T40/><D51/><U48/><E44/><V110/><F110/><W0/><G0/><AGARI ba="1,0" hai="0,7,11,16,23,24,43,46,49,58,61,66,88,91" machi="0" ten="30,7700,0" yaku="7,1,52,1,54,2" doraHai="4" who="2" fromWho="3" sc="222,0,189,0,166,80,423,-80" /><INIT seed="5,0,0,2,0,92" ten="222,189,246,343" oya="1" hai0="54,6,67,32,33,121,20,24,105,122,131,16,48" hai1="69,133,134,25,15,95,87,22,64,114,68,61,10" hai2="53,44,106,128,91,98,29,9,11,19,74,88,56" hai3="43,27,63,34,72,41,90,100,102,23,109,107,83"/><U21/><E114/><V111/><F111/><W3/><G109/><T46/><D105/><U78/><E69/><V104/><F74/><W110/><G110/><T125/><D131/><U62/><E62/><V99/><F44/><W47/><G3/><T5/><D67/><U115/><E115/><V45/><F45/><W116/><G34/><N who="0" m="13419" /><D125/><U0/><E0/><V40/><F40/><W82/><G116/><T85/><D85/><U118/><E118/><V60/><F29/><W59/><G72/><T84/><D84/><U13/><E22/><V66/><F128/><W103/><G107/><T117/><D117/><U1/><E1/><V4/><F4/><W39/><G43/><T97/><D97/><N who="2" m="36874" /><F106/><W75/><G90/><N who="2" m="34345" /><F104/><W36/><G75/><T42/><D42/><U18/><E95/><V76/><F76/><W37/><G37/><T120/><AGARI ba="0,0" hai="5,6,16,20,24,46,48,54,120,121,122" m="13419" machi="120" ten="40,2700,0" yaku="13,1,54,1" doraHai="92" who="0" fromWho="0" sc="222,27,189,-13,246,-7,343,-7" /><INIT seed="6,0,0,4,0,69" ten="249,176,239,336" oya="2" hai0="109,116,45,25,19,114,107,64,7,50,87,58,102" hai1="16,56,106,35,72,29,83,76,9,26,62,2,93" hai2="118,59,40,81,41,23,79,89,100,47,84,38,82" hai3="52,37,51,0,70,77,31,14,99,12,129,78,66"/><V21/><F118/><W92/><G0/><T63/><D109/><U121/><E121/><V131/><F131/><W88/><G37/><T44/><D114/><U98/><E106/><V60/><F100/><W43/><G129/><T5/><D116/><U10/><E2/><V124/><F41/><W20/><G43/><T120/><D120/><U54/><E35/><V80/><F124/><W111/><G111/><T8/><D102/><U27/><E29/><V112/><F112/><W33/><G33/><T22/><D107/><U127/><E127/><V104/><F104/><W48/><G48/><T73/><D73/><U95/><E95/><V6/><F6/><W24/><G66/><T103/><D103/><U68/><E68/><V126/><F126/><W110/><G70/><T3/><D7/><U130/><E130/><V4/><F4/><W113/><G113/><T1/><D1/><U91/><REACH who="1" step="1"/><E27/><REACH who="1" ten="249,166,239,336" step="2"/><V30/><F30/><W53/><G110/><T97/><D25/><U123/><E123/><V61/><F81/><W90/><G24/><T108/><D3/><U57/><E57/><V65/><F61/><W74/><G92/><T18/><D63/><U122/><E122/><V128/><F128/><W133/><G31/><T13/><D108/><U17/><E17/><V39/><F80/><W85/><G133/><T71/><D19/><U134/><E134/><V49/><F82/><W101/><G101/><T96/><D18/><U135/><E135/><V46/><F60/><W15/><G99/><T125/><D97/><U28/><E28/><V94/><F94/><W36/><G20/><AGARI ba="0,1" hai="9,10,16,20,26,54,56,62,72,76,83,91,93,98" machi="20" ten="40,8000,1" yaku="1,1,6,1,25,2,54,1,53,0" doraHai="69" doraHaiUra="34" who="1" fromWho="3" sc="249,0,166,90,239,0,336,-80" /><INIT seed="7,0,0,5,5,47" ten="249,256,239,256" oya="3" hai0="121,72,129,33,64,51,69,40,55,87,11,63,60" hai1="34,50,74,56,25,42,96,53,21,24,31,73,115" hai2="32,2,99,93,35,68,57,112,13,102,14,43,77" hai3="108,89,114,71,38,103,15,29,62,16,101,8,18"/><W111/><G38/><T127/><D33/><U85/><E115/><V39/><F68/><W28/><G114/><T86/><D72/><U44/><E96/><V52/><F112/><W126/><G126/><T30/><D121/><U120/><E120/><V119/><F2/><W10/><G89/><T124/><D30/><N who="3" m="11881" /><G62/><T4/><D40/><U94/><E25/><V92/><F119/><W116/><G71/><T54/><D63/><U17/><E85/><V65/><F65/><W128/><G116/><T125/><D129/><U105/><E94/><V46/><F77/><W61/><G61/><T110/><D110/><N who="3" m="42025" /><G128/><T36/><D36/><U81/><E105/><V7/><F93/><W76/><G76/><T59/><REACH who="0" step="1"/><D55/><REACH who="0" ten="239,256,239,256" step="2"/><U66/><E53/><V134/><F134/><W97/><G97/><T83/><D83/><U45/><E81/><V133/><F133/><W118/><G118/><T123/><D123/><U75/><E34/><V79/><F35/><W106/><G106/><T9/><D9/><N who="3" m="3689" /><G15/><AGARI ba="0,1" hai="4,11,15,51,54,59,60,64,69,86,87,124,125,127" machi="15" ten="40,5200,0" yaku="1,1,18,1,52,1,53,0" doraHai="47" doraHaiUra="20" who="0" fromWho="3" sc="239,62,256,0,239,0,256,-52" owari="301,40.0,256,6.0,239,-16.0,204,-30.0" /></mjloggm>