<mjloggm ver="2.3"><GO type="169" lobby="0"/><UN n0="%E7%A0%B2%E3%81%AE%E4%B8%8A%E3%81%AE%E3%81%82%E3%81%AE%E5%A8%98" n1="%61%71%75%61%72%69%75%73" n2="%73%65%74%73%75%2E%31%35" n3="%E3%83%88%E3%83%88%E3%83%AA%E5%85%88%E7%94%9F%31%39%E6%AD%B3" dan="16,16,16,19" rate="2175.19,2086.68,2115.72,2316.13" sx="F,M,M,F"/><TAIKYOKU oya="0"/><INIT seed="0,0,0,0,1,89" ten="250,250,250,250" oya="0" hai0="1,119,112,124,6,44,111,131,98,46,103,115,88" hai1="117,121,96,82,76,9,128,12,17,56,120,2,104" hai2="39,75,33,21,48,113,86,130,59,31,14,8,77" hai3="118,23,69,100,18,93,85,29,125,94,43,37,27"/><T109/><D119/><U41/><E128/><V107/><F39/><W11/><G118/><T63/><D131/><U105/><E117/><V0/><F107/><W40/><G69/><T60/><D124/><U13/><E2/><V62/><F113/><N who="0" m="43594" /><D6/><U135/><E41/><N who="3" m="15946" /><G37/><T25/><D25/><U58/><E9/><V7/><F130/><W126/><G100/><T15/><D15/><U81/><E76/><V114/><F114/><W35/><G85/><T49/><D1/><U42/><E96/><V123/><F123/><W45/><G45/><N who="0" m="17515" /><D49/><U65/><E42/><V83/><F48/><W122/><G11/><T80/><D80/><U3/><E3/><V95/><F33/><W4/><G4/><T52/><D52/><U30/><E81/><V5/><F7/><W127/><G122/><T26/><D26/><AGARI ba="0,0" hai="18,23,26,27,29,35,93,94,125,126,127" m="15946" machi="26" ten="40,5200,0" yaku="18,1,52,2" doraHai="89" who="3" fromWho="0" sc="250,-52,250,0,250,0,250,52" /><INIT seed="1,0,0,4,5,116" ten="198,250,250,302" oya="1" hai0="130,21,58,78,69,46,64,35,103,16,99,26,87" hai1="30,39,9,107,111,129,66,97,0,88,50,95,117" hai2="110,115,6,38,3,8,67,113,123,106,49,84,93" hai3="71,48,82,90,98,135,41,122,7,89,36,61,70"/><U20/><E39/><V28/><F106/><W1/><G36/><T128/><D69/><U14/><E117/><V133/><F38/><W42/><G135/><T33/><D46/><U15/><E129/><N who="0" m="49769" /><D87/><U112/><E112/><V52/><F123/><W4/><G122/><T131/><N who="0" m="49777" /><T72/><DORA hai="13" /><D78/><U32/><E107/><V104/><F104/><W109/><G109/><T24/><D72/><U34/><E66/><V55/><F110/><W102/><G1/><T118/><D118/><U96/><E0/><V83/><F133/><W53/><G82/><T80/><D80/><U43/><E96/><V45/><F67/><W134/><G134/><T74/><D74/><U40/><E111/><V77/><F28/><W44/><G70/><T5/><D5/><U37/><E37/><V81/><F93/><W10/><G4/><T76/><D76/><U121/><E121/><V108/><F108/><W23/><G42/><T124/><D124/><U12/><E40/><V18/><F55/><W63/><G53/><T65/><D26/><N who="1" m="16711" /><E34/><N who="0" m="12809" /><D58/><U31/><E32/><V101/><F113/><W92/><G71/><T91/><D91/><U73/><E73/><V120/><F115/><W56/><G90/><T126/><D126/><U54/><E43/><V25/><F120/><W86/><G89/><T132/><D132/><U127/><E127/><V125/><F125/><W85/><G41/><T60/><D60/><U11/><E31/><V119/><F119/><W19/><G63/><T94/><AGARI ba="0,0" hai="16,21,24,64,65,94,99,103" m="12809,49777" machi="94" ten="50,6400,0" yaku="19,1,52,1,54,1" doraHai="116,13" who="0" fromWho="0" sc="198,64,250,-32,250,-16,302,-16" /><INIT seed="2,0,0,1,1,8" ten="262,218,234,286" oya="2" hai0="71,135,23,13,124,79,20,98,34,116,66,117,47" hai1="56,90,89,21,112,123,108,104,51,103,75,93,19" hai2="7,41,80,83,118,78,16,87,11,130,30,2,113" hai3="9,3,5,24,127,32,120,134,42,65,110,107,38"/><V31/><F118/><N who="0" m="45674" /><D34/><U67/><E75/><V109/><F113/><W61/><G120/><T28/><D124/><U27/><E112/><V44/><F130/><W73/><G127/><T12/><D79/><U15/><E108/><V36/><F109/><W14/><G110/><T91/><D135/><U82/><E104/><V18/><REACH who="2" step="1"/><F83/><REACH who="2" ten="262,218,224,286" step="2"/><W132/><G134/><T94/><D47/><U129/><E129/><V10/><F10/><W29/><G9/><T37/><D37/><U81/><E123/><V48/><F48/><W76/><G38/><T115/><D115/><U95/><E81/><V69/><F69/><W133/><G132/><T33/><D71/><U77/><E82/><V105/><F105/><W4/><G107/><T111/><D111/><U6/><E51/><V96/><F96/><W35/><G133/><T55/><D98/><U70/><E70/><V53/><F53/><W62/><G65/><T86/><D55/><U1/><E93/><V22/><F22/><N who="0" m="8234" /><D66/><U64/><E64/><V85/><F85/><W92/><G32/><T106/><D106/><U0/><E95/><V58/><F58/><W54/><G92/><T26/><AGARI ba="0,1" hai="12,13,26,28,33,86,91,94" m="8234,45674" machi="26" ten="30,4000,0" yaku="12,1,52,2" doraHai="8" who="0" fromWho="0" sc="262,50,218,-10,224,-20,286,-10" /><INIT seed="3,0,0,3,1,7" ten="312,208,204,276" oya="3" hai0="52,83,40,127,71,12,78,128,29,76,135,59,39" hai1="65,131,37,61,72,14,85,102,106,11,93,27,98" hai2="89,45,20,66,87,91,90,35,53,92,74,73,77" hai3="125,5,118,126,100,9,69,75,96,109,42,16,34"/><W130/><G118/><T8/><D71/><U97/><E131/><V84/><F35/><W81/><G34/><T129/><D135/><U134/><E134/><V32/><F32/><W104/><G69/><T13/><D127/><N who="3" m="48649" /><G130/><N who="0" m="50283" /><D29/><U120/><E120/><V70/><F70/><W119/><G119/><T62/><D13/><U82/><E37/><V80/><F66/><W50/><G109/><T1/><D1/><U103/><E27/><V55/><F20/><W105/><G105/><T112/><D112/><U49/><E49/><V26/><F26/><W86/><G75/><N who="2" m="28681" /><F45/><N who="3" m="25911" /><G86/><N who="2" m="32809" /><F55/><W60/><G81/><T95/><D83/><U58/><E72/><N who="2" m="43047" /><F53/><W99/><G99/><AGARI ba="0,0" hai="89,90,91,92,99" m="43047,32809,28681" machi="99" ten="30,8000,1" yaku="35,5" doraHai="7" who="2" fromWho="3" sc="312,0,208,0,204,80,276,-80" /><INIT seed="4,0,0,5,1,99" ten="312,208,284,196" oya="0" hai0="78,38,72,135,115,98,49,104,2,82,19,46,121" hai1="34,40,108,91,56,14,106,36,84,130,8,113,16" hai2="93,17,117,73,44,27,18,85,15,43,25,100,41" hai3="45,126,95,54,120,96,55,77,53,90,62,28,3"/><T47/><D121/><U57/><E34/><V119/><F73/><W39/><G3/><T13/><D2/><U50/><E108/><V125/><F125/><W6/><G6/><T22/><D115/><U122/><E122/><V32/><F32/><W88/><G126/><T114/><D114/><U80/><E130/><V128/><F128/><W116/><G116/><N who="2" m="44617" /><F41/><W127/><G127/><T118/><D118/><U109/><E109/><V23/><F17/><W60/><G120/><T87/><D135/><U83/><E113/><V64/><F64/><W12/><G77/><T74/><D38/><U129/><E129/><V4/><F4/><W48/><G39/><T61/><D61/><N who="3" m="23657" /><G28/><T76/><D46/><U1/><E106/><V21/><F21/><W86/><G12/><T33/><D33/><U105/><E105/><V124/><F124/><W26/><G26/><T94/><D104/><U101/><E1/><V0/><F0/><W70/><G70/><T123/><D76/><U10/><E36/><V134/><F134/><W102/><G86/><T81/><D81/><U30/><E80/><V35/><F35/><W75/><G75/><T71/><D71/><U112/><E112/><V68/><F68/><W9/><G9/><T29/><D29/><U79/><E10/><V42/><F85/><W52/><AGARI ba="0,0" hai="45,48,52,53,54,55,88,90,95,96,102" m="23657" machi="52" ten="30,7900,0" yaku="8,1,52,1,54,2" doraHai="99" who="3" fromWho="3" sc="312,-39,208,-20,284,-20,196,79" /><INIT seed="5,0,0,4,4,4" ten="273,188,264,275" oya="1" hai0="44,76,122,1,50,71,48,60,125,105,6,20,40" hai1="47,107,84,9,75,97,106,94,31,127,38,12,100" hai2="130,59,29,70,23,90,37,115,43,93,102,18,112" hai3="68,91,32,88,128,118,74,56,17,30,92,89,80"/><U81/><E127/><V82/><F70/><W49/><G68/><T117/><D117/><U132/><E132/><V83/><F130/><W61/><G128/><T135/><D135/><U131/><E131/><V77/><F102/><W10/><G118/><T5/><D105/><U63/><E31/><V124/><F29/><W73/><G49/><T25/><D125/><U98/><E63/><V11/><F124/><W72/><G80/><T129/><D129/><U113/><E113/><V110/><F11/><W52/><G30/><T99/><D122/><U13/><E13/><V55/><F43/><W87/><G32/><T0/><D76/><U33/><E33/><V42/><F42/><W34/><G34/><T45/><D99/><U85/><E38/><V46/><F46/><W67/><G67/><T119/><D119/><U8/><E47/><V111/><F37/><W65/><G65/><T116/><D116/><U96/><E75/><V108/><F77/><W21/><REACH who="3" step="1"/><G10/><REACH who="3" ten="273,188,264,265" step="2"/><T58/><D71/><U62/><E62/><N who="2" m="36223" /><F82/><W28/><G28/><N who="0" m="17447" /><D0/><U22/><E106/><V126/><F83/><W64/><G64/><N who="0" m="38935" /><D1/><U133/><E133/><V27/><F126/><W109/><G109/><T51/><D51/><U16/><E107/><V134/><F134/><W3/><G3/><T53/><AGARI ba="0,1" hai="5,6,40,44,45,48,50,53" m="38935,17447" machi="53" ten="30,1100,0" yaku="8,1" doraHai="4" who="0" fromWho="0" sc="273,21,188,-5,264,-3,265,-3" /><INIT seed="6,0,0,1,1,20" ten="294,183,261,262" oya="2" hai0="83,121,50,96,77,0,106,91,115,95,51,130,15" hai1="21,120,114,94,89,61,125,64,36,93,29,65,31" hai2="26,92,17,34,85,135,112,6,113,127,28,98,63" hai3="55,43,128,40,7,109,103,90,42,134,88,78,122"/><V24/><F135/><W72/><G109/><T119/><D0/><U19/><E36/><V38/><F127/><W8/><G122/><T66/><D66/><U60/><E125/><V124/><F124/><W84/><G134/><T49/><D121/><U100/><E114/><N who="2" m="44139" /><F38/><W70/><G70/><T62/><D62/><U56/><E120/><V18/><F6/><W4/><G128/><T37/><D37/><U82/><E100/><N who="2" m="60487" /><F85/><W131/><G131/><T45/><D115/><U108/><E82/><V97/><F97/><W132/><G132/><T1/><D1/><U67/><E108/><V133/><F133/><W5/><G72/><T79/><D130/><U87/><E94/><V9/><F9/><W69/><G69/><T44/><D119/><U80/><E93/><V81/><F81/><N who="3" m="47159" /><G103/><T30/><D106/><U105/><E105/><V10/><F10/><W76/><G76/><N who="0" m="29259" /><D83/><U107/><E107/><V117/><F117/><W12/><G55/><T111/><D111/><U104/><E104/><V47/><F47/><N who="0" m="17994" /><D15/><U46/><E46/><V53/><F53/><W41/><G41/><T27/><D30/><U39/><E39/><V68/><F68/><W58/><G58/><T14/><D14/><U54/><REACH who="1" step="1"/><E61/><REACH who="1" ten="294,173,261,262" step="2"/><V110/><F63/><W52/><G52/><T99/><D99/><U23/><E23/><V71/><F110/><W102/><G102/><T116/><D116/><U59/><E59/><V11/><F71/><W3/><G3/><T86/><D96/><U33/><E33/><V2/><F2/><W25/><G40/><T101/><D101/><U126/><E126/><RYUUKYOKU ba="0,1" sc="294,15,173,15,261,-15,262,-15" hai0="27,49,50,51,86,91,95" hai1="19,21,29,31,54,56,60,64,65,67,80,87,89" /><INIT seed="7,1,1,4,5,102" ten="309,188,246,247" oya="3" hai0="110,106,89,1,81,28,2,70,121,6,0,113,4" hai1="48,80,12,42,129,21,100,112,120,23,117,123,60" hai2="54,127,11,5,39,84,108,96,51,109,34,40,43" hai3="85,111,9,3,118,82,69,103,74,71,97,7,122"/><W116/><G122/><T38/><D110/><U37/><E37/><V41/><F39/><W68/><G111/><T56/><D121/><U58/><E117/><V67/><F34/><W78/><G85/><N who="0" m="50351" /><D70/><U76/><E129/><V133/><F67/><W73/><G73/><T44/><D106/><AGARI ba="1,1" hai="3,7,9,68,69,71,74,78,82,97,103,106,116,118" machi="106" ten="40,7700,0" yaku="23,2,52,1" doraHai="102" who="3" fromWho="0" sc="309,-80,188,0,246,0,247,90" owari="229,-17.0,188,-31.0,246,5.0,337,43.0" /></mjloggm>