<mjloggm ver="2.3"><GO type="169" lobby="0"/><UN n0="%E3%81%BE%E3%81%82%E3%81%BC%E3%81%86%E5%A4%A7%E4%BD%90" n1="%E3%82%A6%E3%83%AB%E3%83%88%E3%83%A9%E7%AB%8B%E7%9B%B4" n2="%64%64%6D%75" n3="%33%31%6A%69%6E" dan="16,18,17,16" rate="2048.92,2276.49,2135.11,2114.67" sx="F,M,M,F"/><TAIKYOKU oya="0"/><INIT seed="0,0,0,1,1,134" ten="250,250,250,250" oya="0" hai0="7,36,24,91,25,51,22,54,94,108,76,16,81" hai1="83,114,105,107,50,56,127,98,12,57,42,29,120" hai2="48,26,125,59,118,6,27,61,31,30,116,67,13" hai3="52,93,1,20,130,84,131,128,23,123,85,133,100"/><T8/><D36/><U135/><E120/><V104/><F104/><W33/><G33/><T62/><D108/><U75/><E135/><V65/><F48/><W113/><G113/><T78/><D25/><U63/><E29/><N who="2" m="10763" /><F125/><W77/><G133/><T9/><D81/><U68/><E68/><V102/><F102/><W58/><G1/><T34/><D34/><U126/><E114/><V66/><F13/><W60/><G123/><T39/><D39/><U15/><E50/><V71/><F6/><W112/><G112/><T99/><D8/><U2/><E42/><V106/><F106/><N who="1" m="40457" /><E98/><V49/><F49/><W96/><REACH who="3" step="1"/><G77/><REACH who="3" ten="250,250,250,240" step="2"/><T122/><D122/><U10/><E2/><V43/><F116/><W28/><G28/><T11/><D78/><N who="1" m="44511" /><E10/><V88/><F118/><W41/><G41/><T45/><D76/><U80/><E80/><V55/><F43/><W40/><G40/><N who="0" m="24999" /><D7/><U37/><E37/><V79/><F79/><W89/><G89/><T70/><D70/><U3/><E3/><V115/><F71/><W19/><G19/><T97/><D9/><U111/><E111/><V74/><F115/><W0/><G0/><T38/><D11/><U90/><E90/><V32/><F32/><W64/><G64/><T72/><D38/><U117/><E117/><V73/><F73/><W17/><G17/><T103/><D72/><U121/><E121/><V129/><F74/><W4/><G4/><T132/><D132/><U124/><E57/><V14/><F59/><W86/><AGARI ba="0,1" hai="20,23,52,58,60,84,85,86,93,96,100,128,130,131" machi="86" ten="40,12000,2" yaku="1,1,0,1,19,1,54,1,53,3" doraHai="134" doraHaiUra="82" who="3" fromWho="3" sc="250,-60,250,-30,250,-30,240,130" /><INIT seed="1,0,0,1,5,24" ten="190,220,220,370" oya="1" hai0="122,119,54,33,61,48,68,103,15,89,107,91,79" hai1="43,8,131,50,45,112,35,130,129,34,18,83,65" hai2="51,77,105,64,113,57,36,85,22,62,84,90,37" hai3="111,49,98,53,78,59,28,108,128,52,38,80,17"/><U100/><E112/><V117/><F105/><W118/><G128/><T110/><D119/><U70/><E100/><V20/><F113/><W126/><G38/><T88/><D110/><N who="3" m="42025" /><G126/><T134/><D134/><U132/><E132/><V71/><F117/><W46/><G118/><T82/><D122/><U21/><E8/><V55/><F77/><W25/><G98/><T14/><D33/><U133/><E133/><V81/><F36/><W4/><G17/><T10/><D103/><U102/><E102/><V76/><REACH who="2" step="1"/><F37/><REACH who="2" ten="190,220,210,370" step="2"/><W2/><G2/><T9/><D107/><U47/><E47/><V3/><F3/><W40/><G4/><T23/><D79/><U116/><E116/><V42/><F42/><W104/><G104/><T12/><D82/><AGARI ba="0,1" hai="20,22,51,55,57,62,64,71,76,81,82,84,85,90" machi="82" ten="30,2000,0" yaku="1,1,7,1,53,0" doraHai="24" doraHaiUra="115" who="2" fromWho="0" sc="190,-20,220,0,210,30,370,0" /><INIT seed="2,0,0,3,1,132" ten="170,220,240,370" oya="2" hai0="129,92,110,4,122,93,6,7,123,53,19,83,31" hai1="82,106,96,111,41,59,47,10,99,86,12,27,49" hai2="113,18,61,45,23,91,80,77,95,94,9,52,72" hai3="65,104,38,20,120,40,64,131,0,13,112,48,14"/><V22/><F113/><W42/><G120/><T8/><D31/><U79/><E111/><V43/><F9/><W62/><G0/><T85/><D110/><U29/><E59/><N who="2" m="35047" /><F43/><W34/><G34/><T46/><D129/><U125/><E125/><V56/><F45/><W127/><G127/><T118/><D118/><U84/><E84/><N who="2" m="48143" /><F56/><W17/><G104/><T51/><D123/><U2/><E2/><V101/><F72/><W73/><G73/><T70/><D70/><U97/><E106/><V116/><F116/><W55/><G38/><T115/><D115/><U16/><REACH who="1" step="1"/><E99/><REACH who="1" ten="170,210,240,370" step="2"/><N who="2" m="59647" /><F18/><W100/><G17/><T21/><D122/><U67/><E67/><V108/><F108/><W28/><G65/><T119/><D119/><U68/><E68/><V50/><F50/><W33/><G64/><T75/><D75/><U74/><E74/><V36/><F36/><W81/><G48/><T58/><D46/><U117/><E117/><V24/><F24/><W32/><G112/><T107/><D107/><U78/><E78/><V98/><AGARI ba="0,1" hai="22,23,91,94,98" m="59647,48143,35047" machi="98" ten="30,3000,0" yaku="8,1,54,1" doraHai="132" who="2" fromWho="2" sc="170,-10,210,-10,240,40,370,-10" /><INIT seed="2,1,0,0,1,0" ten="160,200,280,360" oya="2" hai0="63,23,55,16,126,97,8,87,133,95,79,21,82" hai1="25,40,5,84,101,73,13,61,36,7,49,45,20" hai2="48,76,28,18,66,118,88,100,71,17,41,68,22" hai3="107,35,50,9,31,2,69,125,12,80,127,134,98"/><V1/><F100/><N who="3" m="62871" /><G69/><T92/><D126/><N who="3" m="48137" /><G2/><T132/><D8/><U57/><E73/><V114/><F76/><W89/><G134/><N who="0" m="51819" /><D23/><U104/><E36/><V51/><F1/><W56/><G35/><T44/><D97/><U124/><E124/><V47/><F118/><W19/><G31/><T37/><D63/><U10/><E84/><V85/><F51/><W52/><G89/><T32/><D32/><U60/><E104/><V81/><F114/><W15/><G15/><N who="0" m="9375" /><D55/><N who="1" m="33855" /><E101/><V30/><F17/><W43/><G80/><T115/><D115/><U128/><E128/><V83/><F83/><W110/><G110/><T70/><D70/><U123/><E61/><V3/><F3/><W93/><G93/><T78/><D78/><U112/><E112/><V120/><F71/><W117/><G43/><AGARI ba="1,0" hai="37,43,44,79,82,87,92,95" m="9375,51819" machi="43" ten="30,2000,0" yaku="20,1,54,1" doraHai="0" who="0" fromWho="3" sc="160,23,200,0,280,0,360,-23" /><INIT seed="3,0,0,5,2,123" ten="183,200,280,337" oya="3" hai0="17,114,100,91,66,118,130,38,97,54,58,106,126" hai1="98,87,34,115,110,70,120,125,68,28,36,132,71" hai2="31,20,4,25,116,13,48,107,1,55,109,127,96" hai3="50,134,19,104,24,73,63,32,35,133,42,103,45"/><W122/><G73/><T94/><D118/><U113/><E87/><V121/><F116/><W0/><G0/><T112/><D38/><U92/><E92/><V16/><F121/><W11/><G122/><T9/><D130/><U22/><E22/><V44/><F127/><W90/><G90/><T3/><D126/><U117/><E98/><V60/><F60/><W83/><G83/><T131/><D131/><U59/><E59/><V86/><F86/><W84/><G84/><T101/><D66/><U85/><E85/><V7/><F109/><W41/><G63/><T88/><D106/><U77/><E28/><V119/><F119/><W2/><G42/><T49/><D91/><U57/><E57/><V72/><F72/><W15/><G2/><T39/><D39/><U69/><E71/><V21/><F7/><W46/><G46/><T40/><D40/><U26/><E26/><V89/><F4/><W135/><REACH who="3" step="1"/><G24/><REACH who="3" ten="183,200,280,327" step="2"/><T10/><D114/><U74/><E115/><V75/><F44/><W124/><G124/><T102/><D3/><U56/><E113/><V52/><F1/><W67/><G67/><T23/><D112/><U27/><E120/><V99/><F75/><W80/><G80/><T129/><D129/><U43/><E74/><V105/><F25/><AGARI ba="0,1" hai="9,10,17,23,25,49,54,58,88,94,97,100,101,102" machi="25" ten="40,2600,0" yaku="8,1,54,1" doraHai="123" who="0" fromWho="2" sc="183,36,200,0,280,-26,327,0" /><INIT seed="4,0,0,1,5,28" ten="219,200,254,327" oya="0" hai0="74,53,56,113,104,30,65,14,121,4,107,93,8" hai1="0,91,60,76,62,127,69,103,66,58,2,83,39" hai2="6,92,115,90,87,129,71,24,81,132,19,36,68" hai3="86,125,18,82,119,49,135,63,57,22,100,13,96"/><T64/><D121/><U110/><E110/><V1/><F36/><W75/><G119/><T25/><D74/><U89/><E39/><V85/><F1/><W27/><G75/><T47/><D113/><U102/><E127/><V95/><F6/><W128/><G128/><T59/><D107/><U108/><E108/><V42/><F42/><W131/><G131/><T112/><D104/><U38/><E38/><V35/><F95/><N who="3" m="58399" /><G125/><T20/><D112/><U72/><E91/><V97/><F85/><W37/><G37/><T117/><D117/><U40/><E40/><V16/><F132/><W73/><G73/><T29/><D29/><U17/><E89/><V34/><F129/><W43/><G43/><T54/><D93/><U52/><REACH who="1" step="1"/><E17/><REACH who="1" ten="219,190,254,327" step="2"/><V105/><F19/><W32/><G18/><T122/><D122/><U31/><E31/><V15/><F115/><W50/><G135/><T124/><D124/><U79/><E79/><V101/><F16/><W120/><G120/><T77/><D77/><U116/><E116/><V12/><F90/><W88/><G88/><T33/><D4/><U109/><E109/><V44/><F81/><W26/><G82/><T99/><D99/><U130/><E130/><V10/><F97/><W7/><G7/><T126/><D126/><U5/><E5/><V23/><F101/><AGARI ba="0,1" hai="0,2,52,58,60,62,66,69,72,76,83,101,102,103" machi="101" ten="40,2600,0" yaku="1,1,54,1,53,0" doraHai="28" doraHaiUra="111" who="1" fromWho="2" sc="219,0,190,36,254,-26,327,0" /><INIT seed="5,0,0,1,0,111" ten="219,226,228,327" oya="1" hai0="117,102,99,133,30,131,115,38,80,72,22,24,50" hai1="116,98,114,70,101,124,121,126,35,88,73,7,28" hai2="29,21,92,2,59,8,54,51,90,128,107,45,132" hai3="11,104,19,89,53,96,113,118,0,49,127,47,123"/><U103/><E116/><V55/><F107/><W40/><G123/><T27/><D117/><U36/><E121/><V120/><F120/><W95/><G118/><T60/><D38/><U9/><E70/><V75/><F75/><W66/><G113/><T39/><D39/><U32/><E114/><V119/><F119/><W112/><G112/><T86/><D115/><U85/><E73/><V77/><F77/><W79/><G127/><N who="1" m="48682" /><E36/><V42/><F132/><W46/><G104/><T63/><D72/><U74/><E74/><V58/><F128/><W67/><G79/><T71/><D133/><U84/><E84/><V64/><F64/><W109/><G109/><T56/><D71/><U3/><E28/><V135/><F135/><W6/><G19/><T125/><D131/><U81/><E101/><V87/><F8/><W52/><G53/><N who="2" m="19977" /><F2/><W44/><G47/><T43/><D125/><U16/><E16/><V26/><AGARI ba="0,0" hai="21,26,29,42,45,51,58,59,87,90,92" m="19977" machi="26" ten="30,1100,0" yaku="8,1" doraHai="111" who="2" fromWho="2" sc="219,-3,226,-5,228,11,327,-3" /><INIT seed="6,0,0,2,2,13" ten="216,221,239,324" oya="2" hai0="20,44,69,75,24,53,43,15,123,81,3,25,105" hai1="132,7,118,32,35,97,17,125,135,61,83,42,79" hai2="73,107,85,92,2,28,111,112,116,19,101,134,5" hai3="58,40,37,55,76,110,39,70,29,31,21,78,57"/><V64/><F116/><W104/><G110/><T51/><D3/><U100/><E7/><V89/><F28/><W67/><G104/><T46/><D69/><U113/><E118/><V34/><F34/><W94/><G70/><T41/><D105/><U11/><E42/><V30/><F30/><W82/><G40/><T47/><D123/><U45/><E45/><N who="0" m="17513" /><D15/><N who="1" m="7423" /><E61/><V84/><F64/><W119/><G119/><T48/><D75/><N who="1" m="43519" /><E113/><V1/><F73/><W127/><G127/><T128/><D128/><U4/><E4/><V52/><F5/><W9/><G67/><T87/><D24/><U66/><E66/><V0/><F111/><W126/><G55/><T131/><D48/><U80/><E80/><V38/><F112/><W91/><G82/><T27/><D27/><U62/><E62/><V10/><F38/><W77/><G126/><T108/><D108/><U14/><E14/><N who="2" m="7639" /><F107/><W54/><G39/><T68/><D68/><U117/><E125/><V121/><F101/><W59/><G37/><T93/><D131/><U106/><E117/><V133/><F121/><W98/><G54/><T18/><D93/><U90/><E32/><V124/><F52/><W33/><G33/><T129/><D129/><U99/><E35/><V6/><F124/><W103/><G31/><T23/><D23/><U56/><E56/><V36/><F36/><W72/><G21/><T96/><D96/><U130/><E130/><V122/><F122/><W50/><G29/><T26/><D26/><U12/><E12/><V49/><F1/><W65/><G98/><T71/><D71/><U109/><E109/><RYUUKYOKU ba="0,0" sc="216,15,221,15,239,-15,324,-15" hai0="18,20,25,41,43,47,51,53,81,87" hai1="90,97,99,100,106,132,135" /><INIT seed="7,1,0,2,4,59" ten="231,236,224,309" oya="3" hai0="36,85,19,71,51,72,103,7,110,56,13,98,116" hai1="128,16,8,45,123,118,92,107,132,67,25,66,40" hai2="126,53,18,61,39,37,26,35,47,114,38,108,65" hai3="86,96,32,84,115,52,12,63,50,79,9,2,127"/><W101/><G32/><T54/><D110/><U5/><E107/><V74/><F108/><W48/><G2/><T113/><D72/><U89/><E123/><V30/><F74/><W111/><G115/><T121/><D116/><U93/><E132/><V44/><F114/><W24/><G111/><T94/><D113/><U41/><E93/><V43/><F126/><W125/><G63/><T17/><D36/><U135/><E135/><V60/><F18/><N who="3" m="8463" /><G24/><T46/><D71/><U124/><E41/><V112/><F112/><W31/><G31/><T73/><D73/><U64/><E128/><V119/><F119/><W102/><G50/><T28/><D28/><U4/><E124/><N who="3" m="47690" /><G79/><T88/><D121/><U1/><E1/><V117/><F117/><W81/><G81/><N who="0" m="49199" /><D46/><U99/><E118/><V129/><F129/><W77/><G77/><T75/><D75/><U78/><E78/><V49/><REACH who="2" step="1"/><F61/><REACH who="2" ten="231,236,214,309" step="2"/><W100/><G100/><T95/><D95/><U131/><E131/><V90/><F90/><W20/><G102/><T106/><D106/><U57/><E89/><V58/><AGARI ba="1,1" hai="26,30,35,37,38,39,43,44,47,49,53,58,60,65" machi="58" ten="20,5200,0" yaku="1,1,0,1,7,1,52,1,53,0" doraHai="59" doraHaiUra="11" who="2" fromWho="2" sc="231,-14,236,-14,214,65,309,-27" /><INIT seed="8,0,0,1,5,54" ten="217,222,279,282" oya="0" hai0="7,90,52,131,77,1,35,122,59,85,60,25,3" hai1="63,107,37,97,84,58,132,62,109,81,116,96,23" hai2="104,114,111,21,115,12,74,108,16,51,24,105,45" hai3="95,121,44,135,113,129,87,91,28,101,22,119,48"/><T80/><D131/><U106/><E109/><V4/><F74/><W76/><G113/><T68/><D122/><U26/><E37/><V75/><F75/><W56/><G121/><T82/><D68/><U53/><E132/><V124/><F124/><W133/><G119/><T17/><D7/><U128/><E128/><V10/><F105/><W110/><G110/><T88/><D17/><U130/><E130/><V39/><F104/><W70/><G70/><T11/><D11/><U18/><E116/><V66/><F66/><W5/><G129/><T20/><D20/><U33/><E33/><V94/><F39/><W2/><G76/><T99/><D99/><U102/><E97/><V67/><F67/><W118/><G118/><T89/><REACH who="0" step="1"/><D80/><REACH who="0" ten="207,222,279,282" step="2"/><U32/><E32/><V69/><F69/><W9/><G5/><T29/><AGARI ba="0,1" hai="1,3,25,29,35,52,59,60,77,82,85,88,89,90" machi="29" ten="30,18000,2" yaku="1,1,2,1,0,1,52,1,54,2,53,0" doraHai="54" doraHaiUra="112" who="0" fromWho="0" sc="207,190,222,-60,279,-60,282,-60" owari="397,50.0,162,-34.0,219,-18.0,222,2.0" /></mjloggm>