<mjloggm ver="2.3"><GO type="169" lobby="0"/><UN n0="%E3%82%A6%E3%83%AB%E3%83%88%E3%83%A9%E7%AB%8B%E7%9B%B4" n1="%E3%81%82%E3%82%89%E3%81%8C%E3%81%8D%E3%81%82%E3%82%84%E3%81%9B" n2="%6D%69%72%69%72%69" n3="%E8%99%8E%E7%9A%AE%E7%8C%AB" dan="18,16,17,16" rate="2215.60,2140.96,2199.88,2120.56" sx="M,F,M,M"/><TAIKYOKU oya="0"/><INIT seed="0,0,0,1,4,96" ten="250,250,250,250" oya="0" hai0="59,89,71,101,50,113,20,33,36,87,78,128,121" hai1="123,61,26,15,105,3,99,111,132,45,119,97,30" hai2="135,48,88,118,8,39,37,52,23,104,55,68,5" hai3="129,62,42,54,103,76,38,134,51,110,91,82,80"/><T21/><D113/><U65/><E3/><V13/><F68/><W106/><G110/><T109/><D121/><U32/><E119/><V108/><F108/><W85/><G134/><T58/><D36/><U1/><E1/><V83/><F135/><W27/><G129/><T124/><D71/><U56/><E111/><V63/><F104/><W44/><G62/><T4/><D33/><U93/><E132/><V72/><F118/><W34/><G34/><T43/><D109/><U60/><E45/><V117/><F117/><W98/><G27/><T66/><D78/><U73/><E73/><V53/><F63/><W19/><G19/><T69/><D69/><U122/><E61/><V114/><F114/><W49/><REACH who="3" step="1"/><G54/><REACH who="3" ten="250,250,250,240" step="2"/><T131/><D131/><U115/><E115/><V112/><F53/><W29/><G29/><T79/><D128/><U40/><E123/><V11/><F55/><W18/><G18/><T12/><D66/><U84/><E122/><V81/><F112/><W100/><G100/><T17/><D101/><U46/><E32/><V31/><F31/><W90/><G90/><T77/><D4/><U74/><E30/><V6/><F88/><W64/><G64/><T7/><D7/><U102/><E65/><V127/><F6/><W28/><G28/><T41/><D89/><N who="1" m="53415" /><E60/><V35/><F5/><W2/><G2/><T125/><D17/><U116/><E102/><V107/><F35/><W0/><G0/><T70/><D70/><U133/><E133/><V75/><F52/><W14/><G14/><T47/><D12/><U10/><E15/><V86/><F13/><RYUUKYOKU ba="0,1" sc="250,-10,250,-10,250,-10,240,30" hai3="38,42,44,49,51,76,80,82,85,91,98,103,106" /><INIT seed="1,1,1,0,5,108" ten="240,240,240,270" oya="1" hai0="134,89,67,69,53,44,92,35,24,115,112,94,131" hai1="72,55,31,15,86,51,84,114,11,80,59,127,82" hai2="19,110,16,126,107,14,0,6,78,76,132,37,90" hai3="85,116,120,135,39,122,8,125,66,111,79,101,70"/><U133/><E133/><V93/><F110/><W121/><G111/><T49/><D131/><U30/><E127/><V71/><F107/><W20/><G135/><T99/><D134/><U17/><E72/><V42/><F132/><W4/><G125/><T113/><D67/><U60/><E114/><V48/><F37/><W5/><G39/><T33/><D69/><U100/><E100/><V12/><F71/><W9/><G116/><T63/><D63/><U2/><E2/><V109/><F0/><W91/><G79/><T97/><REACH who="0" step="1"/><D24/><REACH who="0" ten="230,240,240,270" step="2"/><U21/><E60/><V102/><F109/><W83/><G66/><T34/><D34/><U32/><E32/><V117/><F126/><W40/><G70/><T56/><D56/><U96/><E96/><V23/><F117/><W52/><G120/><T81/><D81/><U98/><E98/><V123/><F123/><W65/><G83/><T88/><AGARI ba="1,2" hai="33,35,44,49,53,88,89,92,94,97,99,112,113,115" machi="88" ten="30,12000,2" yaku="1,1,0,1,9,1,52,3,54,1,53,0" doraHai="108" doraHaiUra="7" who="0" fromWho="0" sc="230,143,240,-61,240,-31,270,-31" /><INIT seed="2,0,0,2,1,62" ten="373,179,209,239" oya="2" hai0="134,41,119,23,13,49,36,20,113,46,86,99,19" hai1="56,37,24,95,84,48,42,83,5,115,122,92,97" hai2="26,85,21,110,70,14,124,102,68,129,38,112,11" hai3="118,81,106,89,120,69,27,10,22,60,66,116,96"/><V135/><F112/><W82/><G120/><T25/><D134/><U121/><E115/><V39/><F135/><W125/><G125/><T16/><D119/><U90/><E37/><V47/><F124/><W18/><G10/><T6/><D113/><U114/><E114/><V93/><F129/><W7/><G7/><T107/><D6/><U128/><E5/><V61/><F110/><W52/><G89/><T44/><D86/><U76/><E128/><V29/><F47/><W43/><G43/><T54/><D99/><U32/><E95/><V53/><F70/><W30/><G18/><T77/><D77/><U71/><E71/><V132/><F132/><W17/><G17/><T1/><REACH who="0" step="1"/><D107/><REACH who="0" ten="363,179,209,239" step="2"/><U45/><E121/><V101/><F85/><W33/><G116/><T34/><D34/><U126/><E122/><V103/><F93/><W2/><G118/><T94/><D94/><U100/><E126/><V58/><REACH who="2" step="1"/><F68/><REACH who="2" ten="363,179,199,239" step="2"/><W8/><G69/><T123/><D123/><U59/><E32/><V65/><F65/><W127/><G66/><T72/><D72/><U15/><E100/><V12/><F12/><W80/><G33/><T40/><D40/><U98/><E98/><V111/><F111/><W78/><G127/><T55/><D55/><U31/><E15/><V91/><F91/><W74/><G96/><T0/><AGARI ba="0,2" hai="0,1,13,16,19,20,23,25,36,41,44,46,49,54" machi="0" ten="30,4000,0" yaku="1,1,0,1,54,1,53,0" doraHai="62" doraHaiUra="117" who="0" fromWho="0" sc="363,60,179,-10,199,-20,239,-10" /><INIT seed="3,0,0,2,0,10" ten="423,169,179,229" oya="3" hai0="7,84,133,50,62,123,90,61,126,113,105,25,86" hai1="65,64,121,130,24,92,66,9,29,47,79,58,26" hai2="93,41,38,46,134,80,127,49,119,111,108,94,81" hai3="135,1,99,0,14,88,40,131,101,57,11,48,4"/><W43/><G135/><T28/><D123/><U117/><E117/><V39/><F119/><W33/><G33/><T44/><D126/><U60/><E121/><V77/><F127/><W109/><G131/><T22/><D133/><U120/><E120/><V74/><F134/><W103/><G109/><N who="2" m="42057" /><F80/><W100/><G0/><T5/><D105/><U96/><E130/><V114/><F114/><W102/><G1/><T69/><D113/><U112/><E112/><V122/><F122/><W13/><G13/><T6/><D69/><U53/><E79/><V98/><F93/><N who="3" m="56743" /><G103/><AGARI ba="0,0" hai="38,39,41,46,49,74,77,81,94,98,103" m="42057" machi="103" ten="30,1000,0" yaku="14,1" doraHai="10" who="2" fromWho="3" sc="423,0,169,0,179,10,229,-10" /><INIT seed="4,0,0,4,4,24" ten="423,169,189,219" oya="0" hai0="118,15,28,34,107,95,17,23,105,19,5,49,10" hai1="109,47,9,128,56,110,36,76,135,45,134,108,87" hai2="113,84,0,2,79,61,31,88,30,7,114,38,117" hai3="27,37,80,44,68,73,72,106,112,63,32,75,4"/><T103/><D118/><U116/><E9/><N who="2" m="2279" /><F2/><W51/><G112/><N who="2" m="43113" /><F117/><W20/><G106/><T78/><D78/><U11/><E11/><V101/><F38/><W81/><G4/><T42/><D34/><U96/><E116/><V39/><F39/><W14/><G14/><T131/><D131/><U67/><E96/><V22/><F79/><W119/><G32/><T133/><D133/><N who="1" m="50699" /><E128/><V18/><F61/><W62/><G37/><T33/><D33/><U41/><E76/><V53/><F53/><W127/><G127/><T124/><D124/><U130/><E87/><V21/><F101/><W126/><G126/><T69/><D103/><U86/><E86/><V99/><F99/><W90/><G119/><T66/><D10/><U83/><E83/><N who="2" m="49183" /><F22/><W74/><G72/><T58/><D23/><U70/><E130/><V46/><F46/><W29/><G90/><T125/><D105/><U77/><E77/><V122/><F122/><W104/><G104/><T8/><D107/><U123/><E123/><V35/><F35/><W64/><REACH who="3" step="1"/><G62/><REACH who="3" ten="423,169,189,209" step="2"/><T25/><D125/><U12/><E12/><AGARI ba="0,1" hai="12,18,21,30,31" m="49183,43113,2279" machi="12" ten="30,7700,0" yaku="15,1,52,2,54,1" doraHai="24" who="2" fromWho="1" sc="423,0,169,-77,189,87,209,0" /><INIT seed="5,0,0,1,0,82" ten="423,92,276,209" oya="1" hai0="23,106,104,105,117,21,90,1,14,10,49,43,77" hai1="129,55,111,134,37,121,38,107,83,79,76,20,51" hai2="24,61,0,57,11,89,122,108,124,60,132,63,85" hai3="70,130,15,126,18,65,32,62,72,120,127,88,113"/><U135/><E121/><V16/><F108/><W27/><G120/><T58/><D117/><U95/><E111/><V67/><F122/><W33/><G113/><T35/><D35/><U12/><E107/><V54/><F132/><N who="1" m="50729" /><E129/><V93/><F124/><N who="3" m="47659" /><G130/><T39/><D1/><U99/><E20/><N who="2" m="13319" /><F0/><W22/><G72/><T75/><D23/><U125/><E12/><V103/><F11/><N who="3" m="6527" /><G88/><T53/><D21/><U66/><E66/><V40/><F40/><W34/><G22/><T131/><D14/><U25/><E25/><AGARI ba="0,0" hai="25,27,32,33,34,62,65,70" m="6527,47659" machi="25" ten="40,1300,0" yaku="18,1" doraHai="82" who="3" fromWho="1" sc="423,0,92,-13,276,0,209,13" /><INIT seed="6,0,0,4,4,113" ten="423,79,276,222" oya="2" hai0="117,42,46,95,124,104,23,7,58,41,40,86,0" hai1="29,16,110,61,75,76,69,32,112,129,66,28,101" hai2="100,122,70,73,94,116,27,30,132,99,121,11,64" hai3="38,14,78,128,89,31,37,56,57,77,119,48,120"/><V34/><F132/><W8/><G120/><T115/><D104/><U106/><E110/><V88/><F73/><W39/><G31/><T45/><D0/><U79/><E112/><V10/><F116/><W17/><G128/><T103/><D115/><U65/><E129/><V62/><F11/><W5/><G119/><T50/><D117/><U6/><E6/><V24/><F24/><W54/><G5/><T68/><D68/><U20/><E66/><V67/><F67/><W133/><G133/><T59/><D124/><U82/><E76/><V84/><REACH who="2" step="1"/><F10/><REACH who="2" ten="423,79,266,222" step="2"/><W72/><G72/><T19/><D7/><U91/><E32/><V131/><F131/><W18/><G8/><T96/><D23/><U26/><REACH who="1" step="1"/><E91/><REACH who="1" ten="423,69,266,222" step="2"/><V83/><AGARI ba="0,2" hai="27,30,34,62,64,70,83,84,88,94,99,100,121,122" machi="83" ten="20,7800,0" yaku="1,1,0,1,7,1,54,1,53,0" doraHai="113" doraHaiUra="74" who="2" fromWho="2" sc="423,-26,69,-26,266,98,222,-26" /><INIT seed="6,1,0,5,0,112" ten="397,43,364,196" oya="2" hai0="54,56,108,135,15,126,16,55,128,57,96,72,90" hai1="13,69,109,113,99,133,74,25,63,26,40,53,82" hai2="0,89,23,76,102,35,30,94,124,110,81,11,8" hai3="17,64,42,43,84,68,14,31,39,91,116,34,45"/><V37/><F37/><W100/><G42/><T95/><D108/><U120/><E109/><V62/><F35/><W41/><G41/><T101/><D72/><U98/><E120/><V83/><F102/><W75/><G75/><T20/><D128/><U125/><E125/><V32/><F32/><W21/><G100/><T107/><D135/><U119/><E133/><V2/><F124/><W127/><G127/><T10/><D126/><U28/><E113/><V123/><F123/><W6/><G6/><T65/><D65/><U103/><E40/><V93/><F62/><W61/><G31/><T131/><D131/><U27/><E53/><N who="0" m="19977" /><D107/><U77/><E13/><V115/><F115/><W48/><G34/><T105/><D105/><U3/><E3/><V114/><F114/><W58/><G39/><T24/><D101/><U4/><E4/><AGARI ba="1,0" hai="4,10,15,16,20,24,56,57,90,95,96" m="19977" machi="4" ten="30,2000,0" yaku="8,1,54,1" doraHai="112" who="0" fromWho="1" sc="397,23,43,-23,364,0,196,0" /><INIT seed="7,0,0,2,0,35" ten="420,20,364,196" oya="3" hai0="86,70,117,16,37,32,102,4,106,82,41,22,91" hai1="21,5,28,96,92,127,107,13,103,54,69,100,14" hai2="18,119,58,39,98,84,30,80,95,85,126,24,47" hai3="0,94,111,2,15,63,64,65,101,73,122,112,67"/><W125/><G122/><T42/><D32/><U10/><E69/><V31/><F119/><W62/><G73/><T123/><D70/><U130/><E130/><V6/><F126/><W120/><G125/><T88/><D117/><U12/><E127/><V131/><F131/><W55/><G120/><T57/><D4/><U52/><E107/><V87/><F39/><W8/><G112/><T78/><D102/><U99/><E14/><V56/><F6/><W124/><G124/><T34/><D34/><U33/><E33/><V74/><F47/><W26/><G26/><T93/><D106/><U43/><E43/><V109/><F109/><W114/><G114/><T36/><D36/><U44/><E44/><V105/><F105/><W59/><G63/><T45/><D42/><U115/><E115/><V49/><F80/><W72/><G72/><T90/><D57/><U38/><E38/><V20/><F74/><W108/><G94/><T29/><D29/><U60/><E60/><V9/><F9/><W135/><G101/><T132/><D123/><U116/><E116/><V89/><F58/><W53/><G135/><T104/><D104/><U3/><E3/><N who="3" m="1066" /><G55/><AGARI ba="0,0" hai="18,20,24,30,31,49,55,56,84,85,87,89,95,98" machi="55" ten="40,1300,0" yaku="8,1" doraHai="35" who="2" fromWho="3" sc="420,0,20,0,364,13,196,-13" owari="420,52.0,20,-48.0,377,18.0,183,-22.0" /></mjloggm>