<mjloggm ver="2.3"><GO type="169" lobby="0"/><UN n0="%E3%82%A6%E3%83%AB%E3%83%88%E3%83%A9%E7%AB%8B%E7%9B%B4" n1="%E6%A4%B0%E5%AD%90%37%35%33" n2="%E3%81%99%E3%81%BF%E3%82%84%E3%81%AB" n3="%E4%BA%94%E3%81%B2%E3%82%83%E3%81%90%E3%81%88%E3%82%93" dan="18,17,18,16" rate="2237.88,2150.25,2206.53,2103.54" sx="M,M,M,M"/><TAIKYOKU oya="0"/><INIT seed="0,0,0,0,5,5" ten="250,250,250,250" oya="0" hai0="18,119,47,13,114,33,69,100,72,36,113,44,30" hai1="70,125,78,10,102,109,1,118,53,7,56,133,17" hai2="43,124,86,99,84,132,101,105,128,129,106,8,87" hai3="35,83,112,126,2,9,81,27,90,34,79,38,48"/><T24/><D119/><U104/><E109/><V45/><F132/><W117/><G112/><T122/><D122/><U39/><E70/><V22/><F22/><W16/><G126/><T4/><D72/><U15/><E125/><V89/><F124/><W97/><G38/><T73/><D73/><U71/><E71/><V91/><F8/><W59/><G117/><T25/><D69/><U61/><E39/><V20/><F20/><W107/><G107/><N who="2" m="40969" /><F45/><W42/><G35/><T28/><D100/><U40/><E40/><V11/><F11/><W29/><G79/><T65/><D65/><U52/><E133/><V54/><F54/><W19/><G83/><T3/><D47/><U108/><E53/><V76/><F43/><W94/><G81/><T62/><D62/><U37/><E37/><V92/><F76/><W111/><G111/><T85/><D44/><U95/><E108/><V75/><F75/><W6/><REACH who="3" step="1"/><G42/><REACH who="3" ten="250,250,250,240" step="2"/><T50/><D36/><U110/><E78/><V14/><F14/><W121/><G121/><T123/><D123/><U116/><E110/><V93/><F93/><W80/><G80/><T41/><D41/><U66/><E95/><V67/><F67/><W98/><G98/><T64/><D64/><U135/><E66/><V127/><F127/><W12/><G12/><T26/><D13/><U21/><E135/><V134/><F134/><W32/><G32/><T115/><D33/><U23/><E23/><V103/><F99/><W57/><G57/><T82/><D114/><U74/><E74/><V131/><F92/><W51/><G51/><T130/><D50/><RYUUKYOKU ba="0,1" sc="250,-30,250,10,250,10,240,10" hai1="1,7,10,15,17,21,52,56,61,102,104,116,118" hai2="84,86,87,89,91,101,103,128,129,131" hai3="2,6,9,16,19,27,29,34,48,59,90,94,97" /><INIT seed="1,1,1,4,2,64" ten="220,260,260,250" oya="1" hai0="98,37,39,61,116,92,125,85,5,70,9,3,42" hai1="19,127,105,29,75,28,102,97,114,52,69,134,32" hai2="77,59,95,1,88,122,18,22,111,48,44,40,15" hai3="63,78,4,26,128,107,109,20,6,60,80,108,132"/><U53/><E114/><V112/><F122/><W99/><G107/><T93/><D116/><U90/><E75/><V83/><F1/><W118/><G99/><T120/><D125/><U104/><E127/><V74/><F112/><W115/><G118/><T14/><D120/><U55/><E105/><V23/><F111/><W101/><G101/><T54/><D42/><U79/><E79/><V31/><F59/><W43/><G43/><T33/><D33/><U12/><E90/><V133/><F133/><W13/><G128/><T30/><D30/><U72/><E72/><V35/><F35/><W110/><G132/><T67/><D85/><U106/><E106/><V21/><REACH who="2" step="1"/><F31/><REACH who="2" ten="220,260,250,250" step="2"/><N who="3" m="17863" /><G115/><T41/><D3/><U46/><E134/><V57/><F57/><W131/><G131/><T91/><D41/><U36/><E32/><V56/><F56/><W124/><G124/><T45/><REACH who="0" step="1"/><D92/><REACH who="0" ten="210,260,250,250" step="2"/><U113/><E113/><V130/><F130/><W68/><G110/><T66/><D66/><U121/><E121/><V87/><AGARI ba="1,3" hai="15,18,21,22,23,40,44,48,74,77,83,87,88,95" machi="87" ten="20,5200,0" yaku="1,1,0,1,7,1,54,1,53,0" doraHai="64" doraHaiUra="135" who="2" fromWho="2" sc="210,-14,260,-27,250,85,250,-14" /><INIT seed="2,0,0,0,3,128" ten="196,233,335,236" oya="2" hai0="93,8,83,11,134,24,1,21,14,80,42,77,115" hai1="17,110,13,109,69,107,23,35,6,91,15,95,37" hai2="40,33,53,81,46,131,94,111,116,84,36,133,20" hai3="75,90,125,120,126,48,76,121,47,19,26,67,63"/><V89/><F33/><W106/><G106/><T66/><D115/><U43/><E69/><V73/><F116/><W27/><G76/><T55/><D66/><U103/><E35/><V119/><F119/><W112/><G75/><T79/><D42/><U58/><E107/><V22/><F131/><W124/><G90/><T102/><D1/><U70/><E103/><V18/><F111/><W104/><G104/><T52/><D93/><U9/><E70/><V98/><F73/><W30/><G19/><T34/><D102/><U54/><E43/><V61/><F133/><W129/><G129/><T85/><D34/><U105/><E37/><V135/><F135/><W74/><G74/><T127/><D134/><U51/><REACH who="1" step="1"/><E105/><REACH who="1" ten="196,223,335,236" step="2"/><V132/><F132/><W78/><G112/><T130/><D130/><U59/><E59/><V41/><F40/><W99/><G121/><T96/><D127/><U38/><E38/><V114/><F114/><W88/><G120/><T97/><D85/><AGARI ba="0,1" hai="6,9,13,15,17,23,51,54,58,85,91,95,109,110" machi="85" ten="40,5200,0" yaku="1,1,25,2,53,0" doraHai="128" doraHaiUra="72" who="1" fromWho="0" sc="196,-52,223,62,335,0,236,0" /><INIT seed="3,0,0,4,2,94" ten="144,285,335,236" oya="3" hai0="17,46,85,101,47,7,89,79,53,54,55,134,38" hai1="102,115,27,22,3,128,96,76,83,113,61,119,63" hai2="73,44,12,24,86,114,26,91,75,117,131,6,72" hai3="34,4,15,49,107,52,42,57,97,112,10,8,0"/><W104/><G112/><T50/><D134/><U11/><E128/><V1/><F1/><W67/><G34/><T35/><D35/><U65/><E119/><V48/><F117/><W13/><G0/><T32/><D32/><U66/><E11/><V64/><F114/><W45/><G67/><T122/><D122/><U9/><E9/><V78/><F131/><W59/><G97/><T2/><D79/><U103/><E3/><V121/><F78/><W129/><G129/><T95/><D2/><U43/><E43/><V106/><F106/><W132/><G132/><T116/><D7/><U84/><E103/><V135/><F64/><W68/><G68/><T37/><D116/><U40/><E40/><V25/><F121/><W74/><G74/><T90/><D101/><U118/><E118/><V111/><F111/><W133/><G59/><T56/><D17/><U30/><E63/><V100/><F100/><W93/><G93/><T16/><D16/><U62/><E62/><V127/><F127/><W70/><G70/><T105/><D105/><U92/><E66/><V51/><F135/><W125/><G125/><T18/><D18/><U120/><E120/><V123/><F123/><W130/><G130/><T19/><D19/><U33/><E33/><V14/><F6/><W71/><G71/><AGARI ba="0,0" hai="22,27,30,61,65,71,76,83,84,92,96,102,113,115" machi="71" ten="30,2000,0" yaku="7,1,52,1" doraHai="94" who="1" fromWho="3" sc="144,0,285,20,335,0,236,-20" /><INIT seed="4,0,0,2,5,38" ten="144,305,335,216" oya="0" hai0="82,34,51,113,2,56,93,71,8,86,49,90,135" hai1="75,111,62,124,103,134,126,97,72,37,50,98,33" hai2="3,120,100,133,24,107,15,67,64,114,74,44,117" hai3="89,132,95,68,23,85,41,63,104,20,30,11,42"/><T13/><D71/><U122/><E37/><V84/><F3/><W0/><G104/><T40/><D34/><U29/><E111/><V88/><F120/><W87/><G132/><T55/><D113/><U91/><E134/><V19/><F74/><W76/><G0/><T61/><D135/><U32/><E50/><V26/><F117/><W18/><G11/><T14/><D2/><U69/><E91/><V83/><F100/><W57/><G68/><T43/><D93/><U48/><E48/><N who="0" m="18505" /><D14/><U54/><E122/><V131/><F107/><W116/><G116/><T96/><D96/><U1/><E1/><V121/><F121/><W39/><G39/><T70/><D70/><U77/><E98/><V109/><F114/><W79/><G30/><T106/><D106/><N who="1" m="63855" /><E33/><V115/><F115/><W47/><G47/><T108/><D108/><U101/><E101/><V35/><F44/><W58/><G58/><T7/><AGARI ba="0,0" hai="7,8,13,40,43,55,56,61,82,86,90" m="18505" machi="7" ten="30,6000,0" yaku="8,1,52,2" doraHai="38" who="0" fromWho="0" sc="144,60,305,-20,335,-20,216,-20" /><INIT seed="4,1,0,0,0,45" ten="204,285,315,196" oya="0" hai0="126,42,73,99,48,107,15,128,120,55,132,9,70" hai1="106,117,6,133,77,5,90,108,94,7,37,33,23" hai2="81,80,31,62,2,113,95,112,83,118,63,20,74" hai3="89,61,53,24,4,26,84,91,21,8,121,40,25"/><T58/><D120/><U0/><E108/><V135/><F2/><W56/><G121/><T114/><D114/><N who="2" m="44138" /><F74/><W32/><G32/><T28/><D128/><U115/><E106/><V75/><F75/><W1/><G40/><T68/><D126/><U127/><E33/><V54/><F135/><W79/><G79/><T3/><D132/><U50/><E37/><V88/><F118/><W59/><G59/><T87/><D73/><U82/><E77/><V34/><F34/><W19/><REACH who="3" step="1"/><G91/><REACH who="3" ten="204,285,315,186" step="2"/><T101/><D42/><U51/><E115/><V65/><F88/><W35/><G35/><T18/><D28/><U10/><E133/><V43/><F43/><W57/><G57/><T66/><D66/><U76/><E117/><V22/><F65/><W60/><G60/><T134/><D134/><U39/><E39/><V46/><F63/><W72/><G72/><T96/><D87/><N who="1" m="48583" /><E0/><V71/><F31/><W64/><G64/><T16/><D3/><U93/><E127/><V49/><F62/><W36/><G36/><T104/><REACH who="0" step="1"/><D18/><REACH who="0" ten="194,285,315,186" step="2"/><U44/><E7/><V105/><F54/><W69/><G69/><T122/><D122/><U85/><E6/><V102/><F71/><W111/><G111/><T98/><D98/><U52/><E85/><V86/><F86/><W47/><G47/><T78/><D78/><U123/><E44/><V125/><F125/><W12/><G12/><T109/><D109/><U103/><E5/><V129/><F46/><W11/><G11/><T124/><D124/><U67/><E10/><V92/><F129/><W27/><G27/><T41/><D41/><RYUUKYOKU ba="1,2" sc="194,15,285,-15,315,-15,186,15" hai0="9,15,16,48,55,58,68,70,96,99,101,104,107" hai3="1,4,8,19,21,24,25,26,53,56,61,84,89" /><INIT seed="4,2,2,3,4,95" ten="209,270,300,201" oya="0" hai0="46,101,89,125,66,123,127,29,81,17,40,42,45" hai1="51,134,94,16,64,109,76,0,111,58,27,110,10" hai2="31,13,87,122,11,52,118,56,49,18,5,73,43" hai3="85,36,34,35,23,84,62,54,50,121,99,80,69"/><T103/><D123/><U55/><E134/><V135/><F73/><W124/><G36/><T53/><D66/><U78/><E0/><V105/><F122/><W74/><G74/><T2/><D2/><U60/><E94/><V102/><F135/><W90/><G121/><T20/><D29/><U75/><E75/><V114/><F114/><W7/><G124/><N who="0" m="47691" /><D89/><U88/><E88/><V92/><F105/><W63/><G69/><T25/><D81/><U8/><E8/><V1/><F118/><W44/><G35/><T129/><D53/><U67/><E67/><V39/><F31/><W117/><G34/><T37/><D129/><U9/><E9/><V115/><F1/><W38/><G117/><T77/><D77/><U112/><E112/><V22/><F115/><W98/><G38/><AGARI ba="2,2" hai="17,20,25,37,38,40,42,45,46,101,103" m="47691" machi="38" ten="30,1500,0" yaku="18,1" doraHai="95" who="0" fromWho="3" sc="209,41,270,0,300,0,201,-21" /><INIT seed="4,3,0,1,1,11" ten="250,270,300,180" oya="0" hai0="103,86,34,135,60,16,117,106,1,72,79,29,17" hai1="129,71,132,51,77,99,26,3,64,10,30,13,67" hai2="115,101,58,128,89,122,114,123,90,38,37,0,116" hai3="35,85,104,14,12,120,62,127,119,109,63,53,93"/><T23/><D117/><U74/><E3/><V121/><F0/><W19/><G104/><T113/><D72/><U33/><E74/><V83/><F116/><W52/><G35/><T125/><D1/><U7/><E77/><V81/><F58/><W31/><G119/><T82/><D113/><U76/><E76/><V43/><F128/><W9/><G109/><T78/><D78/><U32/><E129/><V45/><F101/><W88/><G120/><T27/><D125/><U42/><E33/><V15/><F15/><N who="3" m="7663" /><G127/><T111/><D135/><U75/><E75/><V2/><F2/><W65/><G31/><T21/><D111/><U20/><E32/><V59/><F59/><N who="3" m="37119" /><G62/><T6/><D6/><U84/><E71/><V107/><F107/><W48/><G53/><T25/><D60/><U98/><E84/><V55/><F55/><W50/><G50/><T100/><D106/><U134/><E132/><V49/><F38/><W18/><G18/><T22/><D34/><U110/><E110/><V124/><F37/><W54/><G52/><T95/><D95/><U47/><E134/><V97/><F124/><W46/><AGARI ba="3,0" hai="12,14,46,48,54,85,88,93" m="37119,7663" machi="46" ten="30,8000,1" yaku="8,1,52,3,54,1" doraHai="11" who="3" fromWho="3" sc="250,-43,270,-23,300,-23,180,89" /><INIT seed="5,0,0,3,1,103" ten="207,247,277,269" oya="1" hai0="56,41,82,26,117,57,10,126,14,11,74,6,5" hai1="69,96,125,118,135,104,32,80,83,19,87,30,113" hai2="18,24,45,72,81,25,50,68,111,77,47,89,40" hai3="15,23,110,79,129,53,131,43,34,105,58,78,2"/><U16/><E118/><V123/><F111/><W99/><G2/><T42/><D117/><U35/><E69/><V27/><F123/><W28/><G34/><N who="1" m="12842" /><E30/><V71/><F18/><N who="1" m="6697" /><E87/><V115/><F115/><W107/><G110/><T98/><D26/><U109/><E109/><V37/><REACH who="2" step="1"/><F89/><REACH who="2" ten="207,247,267,269" step="2"/><W66/><G131/><T91/><D91/><U39/><E113/><V61/><F61/><W112/><G129/><T100/><D126/><U75/><E125/><V36/><F36/><W60/><G112/><T1/><D6/><U97/><E39/><V67/><F67/><W90/><G66/><T73/><D5/><U84/><E84/><V12/><F12/><W9/><G15/><T62/><D14/><U114/><E114/><V20/><F20/><W59/><G23/><T122/><D122/><U22/><E22/><V8/><F8/><W106/><G9/><T29/><D11/><U33/><E33/><V38/><F38/><W21/><G90/><T134/><D10/><U85/><E85/><V52/><AGARI ba="0,1" hai="24,25,27,37,40,45,47,50,52,68,71,72,77,81" machi="52" ten="30,4000,0" yaku="1,1,0,1,54,1,53,0" doraHai="103" doraHaiUra="132" who="2" fromWho="2" sc="207,-10,247,-20,267,50,269,-10" /><INIT seed="6,0,0,4,1,65" ten="197,227,317,259" oya="2" hai0="105,82,34,59,119,32,124,15,109,87,90,78,72" hai1="25,68,115,86,2,107,0,21,125,70,67,8,102" hai2="104,58,132,12,122,17,129,133,89,40,55,112,29" hai3="31,83,110,45,11,14,66,30,13,52,88,56,135"/><V79/><F122/><W113/><G110/><T118/><D109/><U7/><E67/><V98/><F112/><W111/><G111/><T4/><D105/><U60/><E60/><V48/><F129/><W19/><G135/><T26/><D124/><U5/><E125/><V99/><F79/><W24/><G66/><T18/><D4/><U41/><E41/><V130/><F29/><W9/><G45/><T134/><D134/><U93/><E107/><V6/><F6/><W10/><G113/><T53/><D26/><U46/><E46/><V97/><F130/><W37/><G37/><T43/><D43/><U75/><E75/><V121/><F121/><W114/><G24/><T73/><D34/><U47/><E47/><V126/><F104/><W51/><G114/><T50/><D32/><U27/><E27/><V116/><F116/><W91/><G83/><T128/><D128/><U77/><E115/><V44/><F126/><W108/><G108/><T84/><D119/><U63/><E63/><V23/><F89/><N who="3" m="34379" /><G14/><T69/><D69/><U61/><E61/><V74/><F74/><W54/><G54/><T62/><D62/><U127/><E127/><V80/><F80/><W1/><G1/><T36/><D36/><U120/><E120/><V101/><F133/><W95/><G95/><N who="0" m="54727" /><D118/><U81/><E93/><N who="2" m="58543" /><F132/><W117/><G117/><T131/><D131/><U106/><E102/><V94/><F94/><W3/><G3/><T38/><D38/><U123/><E106/><V96/><F40/><W103/><G103/><T71/><D71/><U39/><E39/><V49/><F55/><RYUUKYOKU ba="0,0" sc="197,15,227,-15,317,-15,259,15" hai0="15,18,50,53,59,72,73,78,82,87" hai3="9,10,11,13,19,30,31,51,52,56" /><INIT seed="7,1,0,3,3,36" ten="212,212,302,274" oya="3" hai0="80,126,90,120,57,31,130,86,92,101,107,60,7" hai1="132,53,68,34,6,65,64,48,83,100,44,71,25" hai2="94,135,119,16,1,18,8,13,109,79,28,91,61" hai3="66,51,46,110,115,67,116,15,56,14,52,21,81"/><W11/><G116/><T3/><D120/><U75/><E6/><V93/><F119/><W27/><G115/><T33/><D130/><U102/><E75/><V70/><F109/><W17/><G110/><T117/><D117/><U87/><E132/><V19/><F1/><W114/><G114/><T30/><D33/><U74/><E74/><V59/><F70/><W54/><G81/><T55/><D107/><U121/><E121/><V122/><F122/><W108/><G108/><T38/><D38/><U134/><E134/><V99/><F28/><N who="0" m="10794" /><D3/><U76/><E25/><V29/><F29/><N who="3" m="17647" /><G15/><T42/><D126/><U96/><E34/><V41/><F79/><W77/><G77/><T37/><D37/><U22/><E22/><V118/><F118/><W129/><G129/><T112/><D112/><U104/><REACH who="1" step="1"/><E102/><REACH who="1" ten="212,202,302,274" step="2"/><V133/><F135/><W62/><AGARI ba="1,1" hai="11,14,17,46,51,52,54,56,62,66,67" m="17647" machi="62" ten="30,3000,0" yaku="8,1,54,1" doraHai="36" who="3" fromWho="3" sc="212,-11,202,-11,302,-11,274,43" owari="201,-20.0,191,-31.0,291,9.0,317,42.0" /></mjloggm>