<mjloggm ver="2.3"><GO type="169" lobby="0"/><UN n0="%E3%82%A6%E3%83%AB%E3%83%88%E3%83%A9%E7%AB%8B%E7%9B%B4" n1="%E3%83%84%E3%83%AC%E3%82%AA" n2="%E7%99%BD%E9%B9%BF%E6%84%9B%E8%8E%89" n3="%6D%69%72%69%72%69" dan="17,17,18,17" rate="2209.45,2195.62,2207.52,2174.11" sx="M,M,F,M"/><TAIKYOKU oya="0"/><INIT seed="0,0,0,3,4,10" ten="250,250,250,250" oya="0" hai0="76,112,129,91,22,130,109,23,26,73,27,97,126" hai1="77,94,90,107,117,37,63,11,96,135,7,108,45" hai2="102,18,16,92,124,134,114,118,47,25,104,32,95" hai3="131,121,42,41,88,116,75,61,56,113,48,65,51"/><T132/><D76/><U111/><E117/><V80/><F114/><W59/><G75/><T34/><D73/><U9/><E135/><V122/><F122/><W38/><G113/><T87/><D97/><U0/><E77/><V17/><F124/><W98/><G116/><T39/><D39/><U101/><E63/><V2/><F2/><W8/><G121/><T74/><D74/><U64/><E64/><V58/><F134/><W21/><G131/><T54/><D132/><U133/><E133/><V85/><F47/><W50/><G21/><T128/><D112/><U127/><E127/><V15/><F118/><W20/><G20/><N who="0" m="7723" /><D126/><U123/><E11/><V72/><F72/><W79/><G79/><T40/><D40/><U12/><E0/><V33/><F104/><W46/><G8/><T57/><D109/><U70/><E70/><V68/><F68/><N who="3" m="42031" /><G98/><T100/><D100/><U1/><E1/><V99/><F58/><N who="3" m="22059" /><G88/><T55/><D34/><U30/><E123/><V120/><F95/><W78/><G78/><T14/><D14/><U29/><E37/><V106/><F15/><W89/><G89/><T66/><D66/><U5/><E5/><V125/><F125/><W28/><G28/><T69/><D69/><U93/><E107/><V82/><F120/><W83/><G83/><N who="2" m="31785" /><F25/><N who="0" m="9226" /><D57/><U19/><E45/><AGARI ba="0,0" hai="38,41,42,45,46,48,50,51" m="22059,42031" machi="45" ten="30,8000,1" yaku="35,5" doraHai="10" who="3" fromWho="1" sc="250,0,250,-80,250,0,250,80" /><INIT seed="1,0,0,4,3,100" ten="250,170,250,330" oya="1" hai0="108,51,38,83,61,25,14,87,35,58,37,112,4" hai1="41,9,84,33,85,79,95,24,117,0,10,81,18" hai2="53,13,93,123,1,62,5,111,40,26,82,3,78" hai3="132,30,64,106,99,128,120,103,54,44,77,89,86"/><U126/><E126/><V91/><F123/><W90/><G120/><T20/><D112/><U134/><E134/><V23/><F111/><W71/><G132/><T116/><D116/><U63/><E117/><V60/><F40/><W118/><G118/><T55/><D108/><U66/><E41/><V57/><F13/><W27/><G128/><T28/><D4/><U76/><E0/><V59/><F5/><W105/><G105/><T56/><D14/><U17/><E33/><V125/><F125/><W50/><G77/><T92/><D92/><U135/><E135/><V124/><F124/><W88/><G64/><T65/><REACH who="0" step="1"/><D35/><REACH who="0" ten="240,170,250,330" step="2"/><U70/><E95/><V98/><F1/><W73/><G73/><T101/><D101/><U104/><E104/><V127/><F3/><W15/><G15/><T75/><D75/><U80/><REACH who="1" step="1"/><E24/><REACH who="1" ten="240,160,250,330" step="2"/><V107/><F107/><W52/><G106/><T42/><D42/><U133/><E133/><V115/><F127/><W11/><G27/><T31/><D31/><U68/><E68/><V21/><F26/><W22/><G30/><T131/><D131/><U45/><E45/><V94/><F115/><W67/><G44/><T110/><D110/><U7/><E7/><V2/><F94/><W34/><G71/><T32/><D32/><U74/><E74/><N who="2" m="43351" /><F2/><W129/><G129/><T43/><D43/><U69/><E69/><V29/><F29/><W130/><G130/><T47/><D47/><U119/><E119/><V122/><F122/><W49/><G34/><T6/><D6/><U8/><AGARI ba="0,2" hai="8,9,10,17,18,63,66,70,76,79,80,81,84,85" machi="8" ten="30,12000,1" yaku="1,1,0,1,9,1,53,2" doraHai="100" doraHaiUra="12" who="1" fromWho="1" sc="240,-40,160,140,250,-40,330,-40" /><INIT seed="1,1,0,0,5,63" ten="200,300,210,290" oya="1" hai0="101,20,86,41,103,102,39,57,40,77,69,133,35" hai1="56,50,82,38,111,0,123,52,17,22,114,15,47" hai2="11,14,18,80,43,95,126,104,53,112,51,75,19" hai3="73,49,125,98,107,135,4,30,71,132,93,46,33"/><U64/><E114/><V65/><F104/><W13/><G73/><T116/><D69/><U122/><E0/><V24/><F126/><W128/><G125/><T129/><D35/><U12/><E111/><V26/><F112/><W44/><G107/><T27/><D116/><U113/><E113/><V29/><F43/><W85/><G71/><T70/><D70/><U72/><E12/><V68/><F95/><W5/><G128/><T62/><D39/><U45/><E38/><V124/><F124/><W16/><G85/><T108/><D133/><N who="3" m="51273" /><G30/><T100/><N who="0" m="25600" /><DORA hai="8" /><T79/><D129/><U32/><E32/><V106/><F106/><W2/><G2/><T7/><D7/><N who="3" m="2633" /><G33/><T34/><D34/><U105/><E105/><V76/><F29/><W66/><G66/><N who="0" m="39247" /><D108/><U78/><REACH who="1" step="1"/><E64/><REACH who="1" ten="200,290,210,290" step="2"/><V42/><F65/><W87/><G49/><T90/><D79/><U37/><E37/><V21/><F76/><W31/><G31/><N who="0" m="17895" /><D77/><U48/><E48/><V99/><F51/><W84/><G46/><AGARI ba="1,1" hai="15,17,22,45,46,47,50,52,56,72,78,82,122,123" machi="46" ten="40,7700,0" yaku="1,1,52,1,54,1,53,0" doraHai="63,8" doraHaiUra="110,94" who="1" fromWho="3" sc="200,0,290,90,210,0,290,-80" /><INIT seed="1,2,0,4,1,75" ten="200,380,210,210" oya="1" hai0="4,76,20,103,101,56,54,6,46,74,58,77,88" hai1="21,5,116,43,50,24,29,130,126,122,11,91,28" hai2="16,62,23,7,123,95,51,27,133,32,12,36,17" hai3="85,87,45,97,108,42,52,104,48,31,92,127,115"/><U102/><E116/><V89/><F36/><W118/><G115/><T15/><D74/><U2/><E122/><V35/><F123/><W134/><G118/><T112/><D112/><U132/><E130/><V69/><F7/><N who="0" m="2602" /><D46/><U129/><E129/><V125/><F125/><W110/><G127/><T99/><D15/><U124/><E132/><V47/><F133/><W94/><G104/><T120/><D20/><U84/><E102/><N who="0" m="38921" /><D120/><U98/><E98/><V57/><F69/><W13/><G134/><T135/><D135/><U82/><REACH who="1" step="1"/><E29/><REACH who="1" ten="200,370,210,210" step="2"/><V14/><F17/><W25/><G97/><T60/><D58/><U10/><E10/><V30/><F30/><W19/><G108/><T49/><D60/><U73/><E73/><V44/><F62/><W40/><G110/><T72/><D72/><U107/><E107/><V41/><F57/><W70/><G70/><T34/><D34/><U80/><E80/><V78/><F32/><W106/><G106/><T59/><D59/><U64/><E64/><V114/><F35/><W8/><G92/><AGARI ba="2,1" hai="49,54,56,76,77,88,92,99" m="38921,2602" machi="92" ten="30,7700,0" yaku="8,1,52,2,54,1" doraHai="75" who="0" fromWho="3" sc="200,93,370,0,210,0,210,-83" /><INIT seed="2,0,0,3,3,78" ten="293,370,210,127" oya="2" hai0="37,16,21,27,79,86,96,6,95,112,74,34,98" hai1="19,111,107,53,125,24,54,28,56,133,65,68,85" hai2="127,63,93,22,97,10,110,67,113,108,90,12,50" hai3="83,73,131,117,105,71,106,88,29,30,5,36,126"/><V45/><F113/><W0/><G117/><T103/><D37/><U115/><E115/><V118/><F118/><W59/><G71/><T33/><D112/><U99/><E111/><N who="2" m="42539" /><F22/><W44/><G131/><T69/><D69/><U70/><E133/><V14/><F10/><N who="3" m="2343" /><G59/><T77/><D6/><U81/><E125/><V60/><F127/><W26/><G126/><T4/><D4/><U84/><E19/><V23/><F23/><W87/><G30/><T101/><D74/><U104/><E65/><V39/><F39/><W31/><G31/><T121/><D121/><U42/><E42/><N who="2" m="24887" /><F63/><W13/><G13/><T100/><D34/><U2/><E2/><V40/><F40/><N who="3" m="22535" /><G26/><T61/><D61/><U32/><E24/><V92/><F93/><N who="3" m="54431" /><G29/><T46/><D33/><U3/><E28/><V116/><F116/><W7/><G7/><T51/><D95/><U135/><E3/><V114/><F114/><W102/><G102/><T25/><D103/><U120/><E32/><V130/><F130/><W82/><G82/><T52/><D101/><U76/><E107/><V15/><F15/><W8/><G8/><T128/><D100/><U75/><E104/><V35/><F35/><W18/><G18/><T20/><D128/><U122/><E122/><V124/><F124/><W57/><G106/><T89/><D21/><U17/><E17/><V49/><F49/><W72/><G105/><T55/><D27/><U38/><E38/><V43/><F43/><W66/><G83/><N who="0" m="49375" /><D55/><U119/><E119/><V123/><F123/><W58/><G66/><T129/><D129/><U11/><E120/><RYUUKYOKU ba="0,0" sc="293,10,370,-30,210,10,127,10" hai0="16,20,25,46,51,52,77,79,96,98" hai2="12,14,60,67,90,92,97" hai3="57,58,72,73" /><INIT seed="2,1,0,3,3,15" ten="303,340,220,137" oya="2" hai0="30,3,76,19,6,117,73,45,40,89,7,48,74" hai1="44,77,79,57,87,26,67,13,91,88,28,14,69" hai2="125,90,58,97,25,43,68,93,94,49,81,133,9" hai3="130,84,99,50,4,107,51,122,54,11,111,129,95"/><V112/><F112/><W106/><G122/><T24/><D117/><U109/><E69/><V38/><F68/><W108/><G84/><T116/><D116/><U8/><E109/><N who="3" m="42058" /><G95/><T53/><D3/><U47/><E14/><V134/><F38/><W33/><G33/><T17/><D74/><U22/><E47/><N who="2" m="25855" /><F125/><W0/><G51/><T131/><D131/><N who="3" m="50185" /><G99/><T59/><D76/><U115/><E44/><AGARI ba="1,0" hai="0,4,11,44,50,54,106,107" m="50185,42058" machi="44" ten="30,2000,0" yaku="14,1,19,1" doraHai="15" who="3" fromWho="1" sc="303,0,340,-23,220,0,137,23" /><INIT seed="3,0,0,0,1,6" ten="303,317,220,160" oya="3" hai0="62,23,32,17,124,16,18,58,0,133,15,9,33" hai1="121,46,92,118,87,49,80,108,3,53,129,65,85" hai2="77,35,119,116,57,60,21,66,64,67,70,83,4" hai3="59,20,104,36,29,51,107,102,130,28,31,81,61"/><W2/><G36/><T44/><D124/><U38/><E121/><V78/><F35/><W47/><G130/><T94/><D133/><U132/><E132/><V115/><F115/><W86/><G2/><T37/><D0/><U50/><E38/><V90/><F4/><W99/><G104/><T12/><D94/><U55/><E129/><V26/><F90/><W91/><G20/><T34/><D18/><U113/><E113/><V72/><F78/><W41/><REACH who="3" step="1"/><G29/><REACH who="3" ten="303,317,220,150" step="2"/><T8/><D23/><U13/><E3/><V71/><F119/><W5/><G5/><T117/><D117/><U27/><E118/><V1/><F116/><W52/><AGARI ba="0,1" hai="28,31,41,47,51,52,59,61,81,86,91,99,102,107" machi="52" ten="20,7800,0" yaku="1,1,0,1,7,1,54,1,53,0" doraHai="6" doraHaiUra="123" who="3" fromWho="3" sc="303,-26,317,-26,220,-26,150,88" /><INIT seed="3,1,0,0,0,13" ten="277,291,194,238" oya="3" hai0="132,26,4,103,21,81,38,97,61,135,53,52,67" hai1="134,86,95,120,55,122,105,9,107,58,32,87,91" hai2="88,27,99,50,113,10,112,62,40,28,80,108,36" hai3="75,30,123,70,76,2,69,77,49,17,119,100,126"/><W24/><G119/><T118/><D38/><U1/><E134/><N who="0" m="51241" /><D81/><U121/><E32/><V65/><F36/><W74/><G123/><T84/><D84/><U71/><E71/><V63/><F108/><W39/><G39/><T43/><D43/><U16/><E1/><V128/><F128/><W5/><G100/><T11/><D118/><U48/><REACH who="1" step="1"/><E87/><REACH who="1" ten="277,281,194,238" step="2"/><V12/><F113/><W59/><G69/><N who="0" m="42223" /><D97/><U114/><E114/><V57/><F112/><W7/><G70/><T133/><D133/><U96/><E96/><V8/><F99/><W6/><G2/><N who="0" m="407" /><D103/><U15/><AGARI ba="1,1" hai="9,15,16,48,55,58,86,91,95,105,107,120,121,122" machi="15" ten="40,8000,1" yaku="1,1,0,1,52,1,54,1,53,0" doraHai="13" doraHaiUra="115" who="1" fromWho="1" sc="277,-21,281,93,194,-21,238,-41" /><INIT seed="4,0,0,0,0,85" ten="256,374,173,197" oya="0" hai0="72,17,18,123,16,130,39,28,61,67,1,84,53" hai1="78,13,20,9,41,106,26,81,74,6,25,115,32" hai2="132,8,64,111,44,35,50,73,102,109,116,60,75" hai3="30,52,76,4,19,131,110,15,42,24,71,80,127"/><T95/><D72/><U114/><E106/><V34/><F102/><W119/><G110/><T48/><D39/><U12/><E41/><V57/><F75/><W108/><G108/><T121/><D1/><U97/><E97/><V83/><F111/><W88/><G119/><T87/><D28/><U79/><E79/><V2/><F109/><W124/><G71/><T11/><D130/><U101/><E101/><V65/><F65/><W118/><G118/><T126/><D126/><N who="3" m="48169" /><G131/><T92/><D87/><U77/><E77/><V7/><F132/><W99/><G76/><T27/><D27/><U14/><E32/><V133/><F133/><W134/><G134/><T128/><D128/><U36/><E26/><V98/><F116/><W91/><G42/><T104/><D104/><U56/><E36/><V31/><F31/><W40/><G40/><T33/><D33/><U23/><E23/><V5/><F83/><W21/><G4/><T120/><D11/><U54/><E115/><V135/><F5/><W3/><G3/><T62/><D67/><U69/><E69/><V89/><F73/><W68/><G68/><T51/><D121/><U66/><E66/><V46/><F135/><W45/><G99/><T125/><D125/><U117/><E114/><V37/><F37/><W113/><G113/><T43/><D123/><U29/><E117/><V47/><REACH who="2" step="1"/><F50/><AGARI ba="0,0" hai="6,9,12,13,14,20,25,29,50,54,56,74,78,81" machi="50" ten="30,1000,0" yaku="7,1" doraHai="85" who="1" fromWho="2" sc="256,0,374,10,173,-10,197,0" /><INIT seed="5,0,0,1,5,17" ten="256,384,163,197" oya="1" hai0="93,32,50,41,35,31,77,119,85,95,82,134,1" hai1="39,111,102,107,131,33,3,70,83,78,98,23,67" hai2="4,109,123,79,106,81,117,51,2,48,69,118,105" hai3="74,65,121,8,47,135,130,62,10,6,18,63,114"/><U113/><E33/><V88/><F109/><W38/><G121/><T11/><D119/><U86/><E111/><V97/><F69/><W5/><G74/><T91/><D134/><U99/><E113/><V21/><F2/><W87/><G114/><T84/><D31/><U100/><E131/><V24/><F4/><W9/><G135/><T58/><D1/><U94/><E3/><V96/><F123/><W66/><G130/><T116/><D116/><U61/><REACH who="1" step="1"/><E39/><REACH who="1" ten="256,374,163,197" step="2"/><V49/><F118/><W80/><G38/><T43/><D32/><U53/><E53/><V60/><F117/><W28/><G65/><T19/><D35/><U124/><E124/><V52/><F106/><W15/><G66/><T104/><D104/><U0/><E0/><V90/><F105/><W108/><G108/><T16/><D43/><U75/><E75/><V125/><F125/><W36/><G36/><T64/><D41/><U72/><E72/><V103/><F103/><W42/><G42/><T110/><D64/><U127/><E127/><V7/><F7/><W45/><G6/><T68/><D110/><U120/><E120/><V37/><F37/><W27/><G5/><T12/><D68/><U89/><E89/><N who="2" m="34411" /><F79/><W71/><G71/><T54/><D95/><U122/><E122/><V76/><F76/><W101/><G101/><T112/><D112/><U55/><E55/><V133/><F133/><W129/><G129/><T14/><D93/><U40/><E40/><V73/><F73/><W92/><G92/><T34/><D34/><U59/><E59/><N who="2" m="34919" /><F81/><W20/><G80/><T46/><D82/><RYUUKYOKU ba="0,1" sc="256,-15,374,15,163,15,197,-15" hai1="23,61,67,70,78,83,86,94,98,99,100,102,107" hai2="21,24,48,49,51,96,97" /><INIT seed="5,1,1,2,5,107" ten="241,389,178,182" oya="1" hai0="18,49,57,11,124,109,82,8,15,3,133,105,17" hai1="22,135,113,100,62,131,6,40,98,48,32,61,41" hai2="25,106,104,97,93,75,130,112,36,94,79,10,4" hai3="89,101,111,12,99,23,50,0,71,123,9,29,121"/><U39/><E32/><V95/><F36/><W66/><G111/><T85/><D105/><N who="2" m="40554" /><F25/><W54/><G0/><T30/><D124/><U59/><E39/><V28/><F28/><W21/><G71/><T118/><D133/><U90/><E135/><V92/><F10/><W44/><G66/><T103/><D103/><U96/><E6/><V53/><F53/><W86/><G99/><T122/><D118/><U84/><E100/><N who="2" m="60455" /><F4/><W76/><G76/><N who="0" m="46279" /><D122/><U102/><E102/><V51/><F51/><W81/><G101/><T45/><D109/><U43/><E48/><V132/><F130/><W26/><REACH who="3" step="1"/><G23/><REACH who="3" ten="241,389,178,172" step="2"/><T20/><D3/><U34/><E22/><V78/><F132/><W7/><AGARI ba="1,2" hai="7,9,12,21,26,29,44,50,54,81,86,89,121,123" machi="7" ten="20,5200,0" yaku="1,1,2,1,0,1,7,1,53,0" doraHai="107" doraHaiUra="134" who="3" fromWho="3" sc="241,-14,389,-27,178,-14,172,75" /><INIT seed="6,0,0,5,0,97" ten="227,362,164,247" oya="2" hai0="58,89,1,10,110,74,112,2,100,44,63,79,21" hai1="36,113,99,56,31,30,90,45,48,59,67,104,40" hai2="14,18,115,32,87,72,132,84,125,108,61,15,126" hai3="49,121,101,7,129,5,82,85,88,66,62,34,70"/><V95/><F32/><W50/><G121/><T29/><D79/><U46/><E113/><V116/><F72/><W134/><G34/><T135/><D74/><U65/><E90/><N who="2" m="53703" /><F116/><W13/><G129/><T73/><D44/><U105/><E99/><V118/><F118/><W130/><G130/><T94/><D10/><U51/><E40/><V124/><F115/><W111/><G111/><T86/><D73/><U20/><E20/><V16/><F132/><W33/><G33/><T19/><D110/><U83/><E83/><V6/><F108/><W68/><G68/><T27/><D135/><U12/><E12/><N who="2" m="4651" /><F6/><W120/><G120/><T3/><D112/><U98/><E98/><V17/><F61/><W22/><G134/><T0/><N who="0" m="0" /><DORA hai="78" /><T55/><REACH who="0" step="1"/><D100/><REACH who="0" ten="217,362,164,247" step="2"/><U102/><E36/><V114/><F114/><W37/><G101/><AGARI ba="0,1" hai="30,31,45,46,48,51,56,59,65,67,101,102,104,105" machi="101" ten="25,6400,0" yaku="22,2,52,2" doraHai="97,78" who="1" fromWho="3" sc="217,0,362,74,164,0,247,-64" /><INIT seed="7,0,0,0,2,12" ten="217,436,164,183" oya="3" hai0="100,118,65,57,58,14,30,7,79,42,59,82,48" hai1="40,69,24,128,34,37,6,44,81,35,114,29,43" hai2="66,73,49,61,11,56,99,71,115,135,60,20,104" hai3="54,74,5,23,113,51,132,68,93,105,32,110,80"/><W10/><G105/><T25/><D100/><U107/><E107/><V91/><F73/><W127/><G32/><T76/><D65/><U13/><E69/><V62/><F135/><W27/><G68/><T126/><D126/><U134/><E134/><V22/><F115/><W95/><G132/><T16/><D7/><U131/><E114/><V108/><F108/><W133/><G133/><T97/><D97/><U88/><E43/><V28/><F11/><W19/><G113/><T33/><D82/><U117/><E117/><V106/><F104/><W31/><G127/><T63/><D63/><N who="2" m="24138" /><F106/><W47/><G110/><T17/><D30/><U53/><E53/><V67/><F71/><W116/><G116/><T124/><D33/><U125/><E125/><V83/><F49/><W36/><G31/><T9/><D124/><U55/><E55/><N who="2" m="34079" /><F28/><W89/><G36/><T90/><D48/><U102/><E102/><V3/><F3/><W77/><G89/><T120/><D90/><U78/><E88/><V112/><F112/><W46/><G47/><T96/><D118/><U103/><E103/><V1/><F1/><AGARI ba="0,0" hai="1,5,10,19,23,27,46,51,54,74,77,80,93,95" machi="1" ten="30,2900,0" yaku="7,1,52,1" doraHai="12" who="3" fromWho="2" sc="217,0,436,0,164,-29,183,29" /><INIT seed="7,1,0,4,4,80" ten="217,436,135,212" oya="3" hai0="123,110,127,89,77,133,92,14,75,63,61,100,25" hai1="78,52,103,122,41,15,111,70,119,51,56,83,28" hai2="97,129,4,125,8,47,33,90,17,23,7,99,62" hai3="105,20,24,0,39,31,98,60,10,48,87,118,57"/><W64/><G118/><T104/><D14/><U117/><E111/><V68/><F33/><W79/><G39/><T82/><D127/><U112/><E122/><V128/><F125/><W27/><G105/><T35/><D133/><U36/><E70/><V19/><F47/><W49/><G98/><N who="0" m="61463" /><D123/><U91/><E103/><V67/><F90/><W73/><G73/><T34/><D110/><U120/><E91/><V22/><F62/><N who="0" m="23562" /><D25/><U88/><E88/><V21/><F67/><W54/><G0/><T40/><D40/><U95/><E112/><V3/><F68/><W132/><G132/><T101/><D101/><U126/><E95/><V116/><F116/><W16/><G10/><T29/><D29/><U18/><E126/><V6/><F8/><W12/><G64/><T106/><D106/><U65/><E65/><V93/><F3/><W69/><G69/><T115/><D115/><U26/><E120/><V11/><F11/><N who="3" m="6175" /><G27/><T53/><D53/><U71/><E71/><V76/><F76/><W131/><G131/><N who="2" m="50249" /><F93/><W38/><G38/><T96/><D35/><U84/><E15/><V107/><F107/><W86/><G79/><T85/><D34/><U81/><E36/><V121/><F121/><W94/><G94/><T55/><D96/><AGARI ba="1,0" hai="4,6,7,17,19,21,22,23,96,97,99" m="50249" machi="96" ten="40,5200,0" yaku="28,2,19,1" doraHai="80" who="2" fromWho="0" sc="217,-55,436,0,135,55,212,0" owari="162,-34.0,436,54.0,190,-21.0,212,1.0" /></mjloggm>