<mjloggm ver="2.3"><GO type="169" lobby="0"/><UN n0="%E2%98%86%E5%AE%AE%E3%81%84%E3%81%A1%E3%81%94" n1="%E5%B0%B1%E6%B4%BB%E7%94%9F%40%E5%B7%9D%E6%9D%91%E8%BB%8D%E5%9B%A3" n2="%6D%61%65%2D%30%31%32%37" n3="%48%6F%6F%6F%6F%6F%6F%69" dan="16,19,16,17" rate="2096.77,2336.84,2129.98,2149.93" sx="M,M,M,M"/><TAIKYOKU oya="0"/><INIT seed="0,0,0,1,0,43" ten="250,250,250,250" oya="0" hai0="32,44,5,127,105,64,13,16,112,65,114,104,57" hai1="71,85,10,80,126,29,133,69,61,63,106,42,25" hai2="90,2,59,89,22,45,135,123,98,78,23,56,130" hai3="28,15,116,38,19,50,53,83,55,26,122,1,48"/><T134/><D32/><U4/><E106/><V58/><F135/><W97/><G1/><T72/><D72/><U60/><E133/><V35/><F35/><W73/><G38/><T94/><D134/><U128/><E128/><V34/><F34/><W11/><G116/><T107/><D5/><U8/><E126/><V111/><F130/><W124/><G124/><T103/><D127/><U115/><E115/><V3/><F78/><W17/><G97/><T66/><D57/><U27/><E42/><V30/><F30/><W87/><G73/><T49/><D94/><U95/><E95/><V86/><F98/><W0/><G0/><T37/><D103/><U110/><E110/><V51/><F111/><W62/><G19/><T93/><D93/><U119/><E119/><V52/><F123/><W70/><G70/><T7/><D7/><U40/><E40/><V101/><F101/><W108/><G122/><T46/><D37/><U92/><E92/><N who="2" m="54327" /><F3/><W88/><G108/><T76/><D76/><U100/><E100/><V129/><F2/><W102/><G102/><T31/><D31/><U117/><E117/><V54/><F90/><W77/><G77/><T113/><REACH who="0" step="1"/><D49/><REACH who="0" ten="240,250,250,250" step="2"/><U9/><E4/><V84/><F84/><W118/><G118/><T82/><D82/><U20/><E85/><V12/><F129/><W6/><G6/><T91/><D91/><U67/><E80/><V14/><F54/><N who="3" m="20491" /><G62/><N who="1" m="24170" /><E71/><V24/><F59/><W132/><G132/><T41/><D41/><U120/><E120/><V39/><F39/><W21/><AGARI ba="0,1" hai="11,15,17,21,26,28,48,50,83,87,88" m="20491" machi="21" ten="30,2000,0" yaku="8,1,54,1" doraHai="43" who="3" fromWho="3" sc="240,-10,250,-5,250,-5,250,30" /><INIT seed="1,0,0,2,2,13" ten="230,245,245,280" oya="1" hai0="33,42,88,60,117,65,102,97,85,53,28,18,41" hai1="68,23,66,3,115,11,118,91,109,61,14,27,81" hai2="119,95,80,87,46,59,22,124,49,79,74,0,4" hai3="72,70,24,130,67,113,106,34,45,9,6,96,135"/><U40/><E118/><V29/><F124/><W83/><G113/><T92/><D117/><U120/><E120/><V132/><F132/><W55/><G130/><T82/><D53/><U36/><E115/><V47/><F119/><W69/><G55/><T57/><D28/><U114/><E3/><V77/><F0/><N who="3" m="199" /><G45/><T26/><REACH who="0" step="1"/><D33/><REACH who="0" ten="220,245,245,280" step="2"/><U123/><E123/><V64/><F29/><W31/><G135/><T62/><D62/><U44/><E114/><V56/><F64/><W17/><G67/><T126/><D126/><U101/><E109/><V21/><F47/><W121/><G34/><T111/><D111/><U86/><E101/><V99/><F46/><W104/><G31/><T94/><D94/><U43/><E43/><V98/><F95/><W71/><G106/><T35/><D35/><U75/><E75/><V48/><F80/><W78/><G104/><T12/><D12/><U58/><E68/><V107/><F74/><W30/><G121/><T125/><D125/><U134/><E134/><V100/><F107/><W8/><G30/><T54/><D54/><U128/><E128/><V50/><F100/><W32/><G32/><T112/><D112/><U127/><E127/><V131/><F131/><W39/><G70/><T51/><D51/><U20/><REACH who="1" step="1"/><E27/><REACH who="1" ten="220,235,245,280" step="2"/><V1/><F1/><W15/><G24/><T25/><D25/><U108/><E108/><V116/><F116/><W110/><G110/><T76/><D76/><U129/><E129/><V7/><F50/><W38/><G71/><T84/><D84/><AGARI ba="0,2" hai="4,7,21,22,48,49,56,59,77,79,84,87,98,99" machi="84" ten="25,3200,0" yaku="22,2,8,1" doraHai="13" who="2" fromWho="0" sc="220,-32,235,0,245,52,280,0" /><INIT seed="2,0,0,3,4,67" ten="188,235,297,280" oya="2" hai0="19,88,133,31,27,119,22,0,91,94,55,102,64" hai1="21,40,98,103,32,72,51,18,83,26,38,122,57" hai2="123,81,112,49,61,7,97,121,73,82,85,127,1" hai3="92,12,89,47,86,25,44,113,128,105,108,29,53"/><V76/><F1/><W118/><G118/><T93/><D0/><U60/><E122/><V4/><F112/><W134/><G108/><T3/><D3/><U54/><E32/><V101/><F61/><W80/><G105/><T120/><D120/><N who="2" m="46154" /><F49/><W46/><G128/><T8/><D102/><U135/><E135/><V37/><F37/><W63/><G134/><T117/><D133/><U17/><E38/><V42/><F42/><W14/><G113/><T15/><D64/><U23/><E72/><V74/><F4/><W100/><G63/><T59/><D93/><U87/><E40/><V115/><F7/><W35/><G53/><T96/><REACH who="0" step="1"/><D91/><REACH who="0" ten="178,235,297,280" step="2"/><U109/><E109/><V131/><F115/><W43/><G100/><T84/><D84/><U130/><E130/><V111/><F111/><W30/><G92/><T62/><AGARI ba="0,1" hai="8,15,19,22,27,31,55,59,62,88,94,96,117,119" machi="62" ten="30,7900,0" yaku="1,1,0,1,54,1,53,1" doraHai="67" doraHaiUra="48" who="0" fromWho="0" sc="178,89,235,-20,297,-39,280,-20" /><INIT seed="3,0,0,3,3,35" ten="267,215,258,260" oya="3" hai0="38,99,53,86,8,75,43,126,107,109,87,56,90" hai1="15,28,102,76,80,101,59,79,112,5,20,89,93" hai2="47,26,127,41,51,134,81,95,61,1,14,84,57" hai3="6,2,36,111,98,97,83,123,7,21,27,106,44"/><W132/><G123/><T0/><D75/><U10/><E112/><V122/><F127/><W13/><G132/><T30/><D126/><U108/><E108/><V91/><F134/><W62/><G106/><T120/><D120/><U85/><E76/><V110/><F110/><W50/><G36/><T64/><D64/><U55/><E28/><V113/><F113/><W114/><G114/><T25/><D43/><U72/><REACH who="1" step="1"/><E20/><REACH who="1" ten="267,205,258,260" step="2"/><V135/><F135/><W104/><G111/><T133/><D133/><U105/><E105/><V103/><F122/><W12/><G104/><T37/><D107/><U82/><E82/><V117/><F117/><W129/><G83/><T74/><D74/><U42/><E42/><V88/><F81/><W45/><G21/><T128/><D109/><U65/><E65/><V17/><F41/><W119/><G119/><T31/><D31/><U11/><E11/><V9/><F9/><W100/><G129/><T130/><D130/><U115/><E115/><V66/><F66/><W68/><G68/><T77/><D77/><U124/><E124/><V22/><F22/><W96/><G100/><T3/><D8/><U63/><AGARI ba="0,1" hai="5,10,15,55,59,63,72,79,80,85,89,93,101,102" machi="63" ten="20,2700,0" yaku="1,1,0,1,7,1,53,0" doraHai="35" doraHaiUra="71" who="1" fromWho="1" sc="267,-7,205,37,258,-7,260,-13" /><INIT seed="4,0,0,0,3,128" ten="260,242,251,247" oya="0" hai0="4,104,32,6,3,134,94,105,29,7,28,103,23" hai1="115,37,125,59,44,79,16,35,121,10,123,92,101" hai2="55,97,66,135,122,130,80,5,85,117,50,68,87" hai3="74,27,100,95,34,107,119,47,13,90,96,109,89"/><T124/><D3/><U91/><E35/><V111/><F130/><W133/><G109/><T60/><D32/><U46/><E37/><V114/><F114/><W106/><G119/><T127/><D94/><U21/><E125/><N who="0" m="48201" /><D103/><U24/><E115/><V54/><F122/><W18/><G74/><T72/><D72/><U78/><E101/><V53/><F117/><W42/><G90/><T19/><D134/><U9/><E59/><V64/><F135/><W70/><G70/><T108/><D60/><U61/><E61/><V56/><F5/><W43/><G133/><T73/><D73/><U25/><E25/><V17/><F68/><W22/><G100/><T67/><D67/><N who="2" m="25642" /><F97/><W31/><REACH who="3" step="1"/><G42/><REACH who="3" ten="260,242,251,237" step="2"/><T75/><D75/><U102/><E102/><V132/><F132/><W1/><G1/><T116/><D116/><U98/><E121/><V71/><F71/><W49/><AGARI ba="0,1" hai="13,18,22,27,31,34,43,47,49,89,95,96,106,107" machi="49" ten="20,2700,0" yaku="1,1,0,1,7,1,53,0" doraHai="128" doraHaiUra="58" who="3" fromWho="3" sc="260,-13,242,-7,251,-7,237,37" /><INIT seed="5,0,0,3,0,74" ten="247,235,244,274" oya="1" hai0="35,98,119,42,11,87,81,99,116,82,90,3,130" hai1="133,49,115,61,44,131,7,70,26,97,68,34,62" hai2="4,45,43,73,27,38,103,55,75,76,128,132,58" hai3="110,32,0,91,109,37,15,111,50,123,125,126,57"/><U28/><E115/><V107/><F132/><W56/><G0/><T72/><D35/><U31/><E133/><V94/><F128/><W63/><G32/><T52/><D42/><U85/><E131/><V88/><F4/><W59/><G37/><T78/><D130/><U1/><E31/><V101/><F107/><W54/><G15/><T41/><D41/><U21/><E97/><V80/><F73/><W12/><G12/><T134/><D134/><U83/><E1/><V9/><F9/><W117/><G91/><T124/><D124/><N who="3" m="47721" /><G123/><T8/><D8/><U93/><E7/><V129/><F27/><W24/><G24/><T6/><REACH who="0" step="1"/><D52/><REACH who="0" ten="237,235,244,274" step="2"/><N who="1" m="29735" /><E34/><V29/><F129/><W14/><G117/><AGARI ba="0,1" hai="3,6,11,72,78,81,82,87,90,98,99,116,117,119" machi="117" ten="40,2600,0" yaku="1,1,52,1,53,0" doraHai="74" doraHaiUra="100" who="0" fromWho="3" sc="237,36,235,0,244,0,274,-26" /><INIT seed="6,0,0,2,0,129" ten="273,235,244,248" oya="2" hai0="66,95,38,47,113,64,55,96,2,125,92,112,26" hai1="114,10,58,60,30,63,78,0,104,75,135,110,62" hai2="59,133,97,86,103,99,27,3,19,35,42,81,116" hai3="40,118,131,90,20,4,28,14,34,84,115,50,39"/><V121/><F3/><W102/><G118/><T46/><D2/><U18/><E104/><V91/><F121/><W24/><G131/><T85/><D125/><U100/><E100/><V15/><F116/><W72/><G72/><T68/><D68/><U21/><E110/><V77/><F42/><W134/><G39/><T69/><D69/><U67/><E114/><V41/><F41/><W13/><G102/><T106/><D85/><U6/><E30/><V71/><F71/><W120/><G120/><T56/><D26/><U80/><REACH who="1" step="1"/><E135/><REACH who="1" ten="273,225,244,248" step="2"/><V37/><F133/><W22/><G134/><T132/><D132/><U109/><E109/><V31/><F103/><W89/><G115/><T93/><D106/><U130/><E130/><V127/><F127/><W83/><G28/><T74/><D112/><U82/><E82/><V52/><F37/><W53/><G83/><T8/><D38/><U25/><AGARI ba="0,1" hai="0,6,10,18,21,25,58,60,62,63,67,75,78,80" machi="25" ten="20,5200,0" yaku="1,1,0,1,7,1,53,1" doraHai="129" doraHaiUra="76" who="1" fromWho="1" sc="273,-13,225,62,244,-26,248,-13" /><INIT seed="7,0,0,3,0,128" ten="260,287,218,235" oya="3" hai0="9,127,81,120,130,50,58,17,125,18,63,119,135" hai1="56,98,123,118,83,51,64,90,88,55,25,101,100" hai2="49,82,48,35,38,11,28,62,106,16,75,12,68" hai3="41,6,10,131,86,40,59,105,87,108,33,26,31"/><W77/><G105/><T117/><D120/><U71/><E123/><V95/><F106/><W112/><G112/><T96/><D130/><U47/><E71/><V14/><F38/><W5/><G108/><T1/><D50/><U132/><E132/><V61/><F35/><W73/><G131/><T124/><D135/><U92/><E118/><N who="0" m="45065" /><D96/><U4/><E4/><N who="2" m="3175" /><F68/><W30/><G30/><T110/><D110/><U126/><E126/><V114/><F114/><W19/><G19/><N who="0" m="7179" /><D81/><U2/><E2/><V44/><F28/><W122/><G122/><T53/><D9/><U116/><E25/><V72/><F75/><W36/><G59/><T60/><D60/><N who="2" m="23146" /><F72/><W78/><G6/><T65/><D1/><U111/><E111/><V0/><F0/><W21/><G33/><T8/><D8/><U115/><E115/><V91/><F82/><N who="3" m="47447" /><G73/><T121/><D121/><U20/><E116/><V22/><F44/><W76/><G36/><T43/><D43/><N who="3" m="16457" /><G87/><AGARI ba="0,0" hai="14,16,22,48,49,87,91,95" m="23146,3175" machi="87" ten="30,2000,0" yaku="8,1,54,1" doraHai="128" who="2" fromWho="3" sc="260,0,287,0,218,20,235,-20" /><INIT seed="8,0,0,1,0,113" ten="260,287,238,215" oya="0" hai0="38,15,19,84,35,17,27,60,107,115,24,128,120" hai1="99,81,1,133,110,124,70,3,80,53,14,5,41" hai2="86,25,9,7,118,64,29,93,77,114,4,68,130" hai3="22,52,78,108,87,63,61,125,111,83,89,39,75"/><T102/><D115/><U12/><E110/><V71/><F114/><W0/><G125/><T101/><D38/><U47/><E70/><V54/><F130/><W43/><G0/><T36/><D36/><U34/><E34/><V76/><F7/><W42/><G22/><T33/><D84/><U98/><E133/><V13/><F118/><W126/><G126/><T122/><D60/><U85/><E53/><V88/><F54/><W109/><G39/><T79/><D79/><U51/><E124/><V112/><F112/><W105/><G105/><T65/><D15/><U55/><E55/><V20/><REACH who="2" step="1"/><F71/><REACH who="2" ten="260,287,228,215" step="2"/><W48/><G42/><T66/><D128/><U23/><E5/><V132/><F132/><W134/><G43/><T121/><D120/><U31/><E1/><V129/><F129/><W135/><G135/><T90/><D90/><U44/><E3/><V26/><F26/><W104/><G134/><T56/><D56/><U127/><E127/><V103/><F103/><W16/><G63/><AGARI ba="0,1" hai="4,9,13,20,25,29,63,64,68,76,77,86,88,93" machi="63" ten="40,2600,0" yaku="1,1,54,1,53,0" doraHai="113" doraHaiUra="123" who="2" fromWho="3" sc="260,0,287,0,228,36,215,-26" /><INIT seed="9,0,0,5,4,8" ten="260,287,264,189" oya="1" hai0="6,56,39,106,2,97,26,14,85,13,3,74,113" hai1="41,35,124,75,134,80,47,50,30,79,130,99,107" hai2="27,69,118,29,42,111,73,10,119,123,96,86,62" hai3="40,100,31,25,54,22,60,46,105,133,33,43,89"/><U4/><E124/><V32/><F73/><W109/><G109/><T37/><D74/><U112/><E112/><V94/><F111/><W110/><G110/><T66/><D113/><U64/><E130/><V121/><F42/><W38/><G133/><T68/><D68/><U57/><E134/><V59/><F69/><W82/><G43/><T18/><D26/><U98/><E107/><V71/><F71/><W45/><G33/><T19/><D6/><U72/><E72/><V76/><F76/><W117/><G117/><N who="2" m="44553" /><F86/><N who="3" m="50391" /><G105/><T128/><D85/><N who="1" m="48287" /><E35/><V65/><F10/><W12/><G38/><T70/><D70/><U34/><E34/><V116/><N who="2" m="44561" /><V95/><DORA hai="36" /><F95/><W44/><G100/><AGARI ba="0,0" hai="27,29,32,59,62,65,94,96,100,121,123" m="44561" machi="100" ten="40,1300,0" yaku="16,1" doraHai="8,36" who="2" fromWho="3" sc="260,0,287,0,264,13,189,-13" /><INIT seed="10,0,0,5,4,105" ten="260,287,277,176" oya="2" hai0="104,20,122,121,47,94,92,76,35,70,112,24,85" hai1="91,130,127,44,22,65,28,95,66,58,103,46,84" hai2="123,40,29,49,90,34,11,25,67,68,54,131,18" hai3="73,59,14,12,5,118,100,89,134,8,16,120,111"/><V97/><F131/><W99/><G120/><T133/><D112/><U125/><E130/><V36/><F123/><W115/><G111/><T19/><D104/><U38/><E38/><V78/><F78/><W81/><G115/><T102/><D133/><U3/><E3/><V87/><F97/><W107/><G118/><T60/><D35/><U9/><E9/><V110/><F110/><W43/><G134/><T48/><D102/><U52/><E103/><V98/><F98/><W33/><G33/><T116/><D116/><U26/><E125/><V37/><F40/><W53/><G43/><T30/><D30/><U69/><E69/><V15/><F67/><N who="1" m="25609" /><E127/><V4/><F4/><W113/><G113/><T71/><D60/><AGARI ba="0,0" hai="22,26,28,44,46,52,58,60,84,91,95" m="25609" machi="60" ten="30,2000,0" yaku="8,1,54,1" doraHai="105" who="1" fromWho="0" sc="260,-20,287,20,277,0,176,0" owari="240,-16.0,307,40.0,277,8.0,176,-32.0" /></mjloggm>