<mjloggm ver="2.3"><GO type="169" lobby="0"/><UN n0="%44%2D%4C%65%61%72%6E" n1="%E5%AF%8C%E7%94%B7%E3%81%A7%E3%81%99" n2="%E2%80%A0%E3%81%BE%E3%83%BC%E5%9D%8A%E2%80%A0" n3="%E3%82%A6%E3%83%AB%E3%83%88%E3%83%A9%E7%AB%8B%E7%9B%B4" dan="16,16,17,18" rate="2077.29,2044.77,2191.51,2206.32" sx="M,M,M,M"/><TAIKYOKU oya="0"/><INIT seed="0,0,0,2,0,0" ten="250,250,250,250" oya="0" hai0="104,94,128,92,1,74,129,28,132,86,56,135,68" hai1="81,121,54,107,42,117,62,109,49,66,120,90,71" hai2="133,60,17,101,95,113,58,31,57,96,13,72,63" hai3="83,108,36,51,7,67,134,78,16,126,19,11,99"/><T87/><D68/><U47/><E107/><V29/><F113/><W14/><G36/><T24/><D104/><U118/><E81/><V35/><F72/><W103/><G108/><T59/><D1/><U111/><E90/><V79/><F79/><W114/><G114/><T75/><D24/><U50/><E118/><V73/><F73/><N who="0" m="27658" /><D28/><U4/><E4/><V45/><F133/><N who="0" m="51274" /><D59/><N who="1" m="33239" /><E117/><V122/><F122/><AGARI ba="0,0" hai="42,47,49,62,66,71,109,111,120,121,122" m="33239" machi="122" ten="30,2000,0" yaku="34,2" doraHai="0" who="1" fromWho="2" sc="250,0,250,20,250,-20,250,0" /><INIT seed="1,0,0,4,2,32" ten="250,270,230,250" oya="1" hai0="85,119,134,84,56,124,87,13,16,4,76,94,49" hai1="52,0,102,72,42,70,128,15,95,3,65,106,55" hai2="75,61,50,11,98,99,77,25,109,12,113,24,5" hai3="100,83,69,63,133,59,22,31,18,127,10,71,51"/><U27/><E106/><V129/><F109/><W41/><G127/><T39/><D39/><U88/><E102/><V45/><F129/><W38/><G133/><T78/><D134/><U93/><E72/><V67/><F113/><W101/><G31/><T114/><D119/><U48/><E95/><V111/><F111/><W91/><G10/><T64/><D4/><U23/><E15/><V80/><F99/><W126/><G126/><T81/><D114/><U105/><E105/><V36/><F98/><W44/><G71/><T74/><D124/><U21/><E128/><V108/><F108/><W2/><G2/><T112/><D112/><U9/><E42/><V115/><F115/><W86/><G69/><T8/><D78/><U130/><E130/><V57/><REACH who="2" step="1"/><F36/><REACH who="2" ten="250,270,220,250" step="2"/><W123/><G38/><T107/><D107/><U135/><E135/><V120/><F120/><W125/><G125/><T46/><D94/><U34/><E93/><V68/><F68/><W33/><G123/><T14/><D74/><U58/><E70/><V30/><F30/><W62/><G101/><T47/><D81/><U82/><E82/><V104/><F104/><W92/><G100/><T132/><D132/><U54/><E34/><V103/><F103/><W43/><G33/><T97/><D97/><U89/><E48/><V1/><F1/><W26/><G83/><T35/><D35/><U7/><E0/><V37/><F37/><W121/><G121/><T53/><D49/><U116/><E116/><V20/><F20/><W60/><G43/><AGARI ba="0,1" hai="5,11,12,24,25,43,45,50,57,61,67,75,77,80" machi="43" ten="30,2000,0" yaku="1,1,7,1,53,0" doraHai="32" doraHaiUra="110" who="2" fromWho="3" sc="250,0,270,0,220,30,250,-20" /><INIT seed="2,0,0,2,5,56" ten="250,270,250,230" oya="2" hai0="74,32,89,97,106,22,78,88,68,132,37,80,135" hai1="66,17,94,10,27,70,63,38,58,117,61,98,31" hai2="109,105,45,60,26,15,131,79,59,19,104,124,130" hai3="133,5,53,122,1,36,35,126,134,84,18,50,99"/><V114/><F114/><W55/><G36/><T49/><D32/><U113/><E113/><V33/><F124/><W116/><G116/><T62/><D37/><U51/><E38/><V103/><F79/><W86/><G122/><T0/><D0/><U72/><E72/><V3/><F3/><W4/><G35/><T46/><D22/><U77/><E77/><V52/><F109/><W82/><G126/><T75/><D75/><U9/><E51/><V110/><F110/><W67/><G67/><N who="0" m="41079" /><D97/><U41/><E41/><V6/><F45/><W29/><G29/><T12/><D12/><U127/><E117/><V30/><F6/><W69/><G69/><T54/><D106/><U95/><E127/><V11/><REACH who="2" step="1"/><F103/><REACH who="2" ten="250,270,240,230" step="2"/><W92/><G1/><T125/><D125/><U14/><E98/><V76/><F76/><W73/><G4/><T129/><D129/><AGARI ba="0,1" hai="11,15,19,26,30,33,52,59,60,104,105,129,130,131" machi="129" ten="40,12000,1" yaku="1,1,19,1,52,1,54,1,53,0" doraHai="56" doraHaiUra="107" who="2" fromWho="0" sc="250,-120,270,0,240,130,230,0" /><INIT seed="2,1,0,2,0,59" ten="130,270,370,230" oya="2" hai0="83,125,71,135,9,24,93,113,85,10,48,38,2" hai1="44,126,22,91,129,23,117,61,0,32,29,42,130" hai2="86,63,27,114,118,87,35,6,7,132,131,26,52" hai3="30,77,69,60,98,58,89,19,20,34,5,90,99"/><V14/><F114/><W55/><G5/><N who="2" m="1545" /><F35/><W79/><G69/><T109/><D38/><U65/><E117/><V25/><F118/><W66/><G30/><T111/><D2/><U43/><E0/><V11/><F131/><W82/><G34/><T4/><D113/><U31/><E126/><V112/><F132/><W47/><G47/><T53/><D135/><U128/><E91/><N who="3" m="34826" /><G66/><T37/><D37/><N who="1" m="21583" /><E43/><V102/><F102/><W62/><G62/><T119/><D125/><U96/><E96/><N who="3" m="36906" /><G82/><T33/><D119/><U15/><E32/><V84/><F112/><W94/><G94/><T67/><D93/><U13/><E31/><V68/><F68/><W97/><N who="3" m="36914" /><W76/><DORA hai="72" /><G76/><T115/><D115/><U75/><E29/><V70/><F70/><W101/><G101/><T123/><D33/><U12/><E75/><V74/><F74/><W127/><G127/><T3/><D71/><AGARI ba="1,0" hai="12,13,15,22,23,61,65,71,128,129,130" m="21583" machi="71" ten="40,2600,0" yaku="19,1,52,1" doraHai="59,72" who="1" fromWho="0" sc="130,-29,270,29,370,0,230,0" /><INIT seed="3,0,0,5,2,130" ten="101,299,370,230" oya="3" hai0="49,133,0,129,63,33,15,134,28,21,45,73,18" hai1="98,121,91,36,56,70,72,32,120,79,4,87,16" hai2="75,20,12,124,114,93,108,125,41,58,59,37,34" hai3="127,135,7,53,118,88,40,97,2,35,22,117,90"/><W68/><G35/><T48/><D73/><U55/><E36/><V116/><F34/><W44/><G68/><T19/><D129/><U83/><E70/><V115/><F75/><W132/><G53/><T26/><D63/><U69/><E69/><V85/><F93/><W6/><G22/><T106/><D106/><U1/><E32/><V38/><F85/><W103/><G127/><N who="2" m="48713" /><F12/><W111/><G111/><T46/><D0/><U13/><E98/><V122/><F20/><W14/><G14/><T78/><D78/><U10/><E1/><V96/><F96/><W99/><G2/><T31/><D19/><U11/><E11/><V100/><F100/><W101/><G44/><N who="0" m="17003" /><D31/><U92/><E4/><V42/><F108/><W76/><REACH who="3" step="1"/><G76/><REACH who="3" ten="101,299,370,220" step="2"/><T57/><D57/><U47/><E47/><V81/><F59/><W51/><G51/><AGARI ba="0,1" hai="10,13,16,51,55,56,72,79,83,87,91,92,120,121" machi="51" ten="30,2000,0" yaku="7,1,54,1" doraHai="130" who="1" fromWho="3" sc="101,0,299,30,370,0,220,-20" /><INIT seed="4,0,0,5,4,133" ten="101,329,370,200" oya="0" hai0="5,50,131,30,94,41,14,114,3,80,119,90,85" hai1="115,76,22,120,125,26,123,103,46,51,24,124,45" hai2="92,9,87,83,7,79,98,106,116,110,23,93,15" hai3="53,49,105,4,121,0,108,78,52,6,84,69,1"/><T21/><D119/><U29/><E76/><V91/><F116/><W99/><G69/><T132/><D132/><U82/><E115/><V74/><F110/><W71/><G71/><T95/><D3/><U33/><E103/><V17/><F106/><W126/><G49/><T96/><D114/><U65/><E65/><V12/><REACH who="2" step="1"/><F93/><REACH who="2" ten="101,329,360,200" step="2"/><W54/><G105/><T118/><D118/><U57/><E120/><V89/><F89/><W18/><G108/><T66/><D95/><U63/><E123/><V48/><F48/><W101/><G121/><T67/><D131/><U10/><E51/><V86/><AGARI ba="0,1" hai="7,9,12,15,17,23,74,79,83,86,87,91,92,98" machi="86" ten="30,2000,0" yaku="1,1,0,1,53,0" doraHai="133" doraHaiUra="127" who="2" fromWho="2" sc="101,-10,329,-5,360,30,200,-5" /><INIT seed="5,0,0,0,3,105" ten="91,324,390,195" oya="1" hai0="108,57,130,29,31,91,39,20,18,85,55,114,4" hai1="36,98,54,1,124,96,34,11,123,103,0,47,90" hai2="110,132,107,100,78,6,12,97,22,43,8,106,51" hai3="16,87,81,77,75,127,72,126,121,67,26,2,23"/><U49/><E123/><V71/><F110/><W48/><G121/><T28/><D39/><U7/><E34/><V27/><F71/><W118/><G2/><T68/><D68/><U15/><E124/><N who="3" m="47658" /><G118/><T19/><D114/><U104/><REACH who="1" step="1"/><E36/><REACH who="1" ten="91,314,390,195" step="2"/><V135/><F132/><W92/><G67/><T53/><D108/><U41/><E41/><V131/><F135/><W13/><G48/><T14/><D55/><U69/><E69/><V65/><F43/><W99/><G26/><T56/><D53/><U70/><E70/><V88/><F51/><W40/><G40/><T59/><D130/><U35/><E35/><V83/><F131/><W50/><G50/><T120/><D120/><U64/><E64/><V33/><F65/><W89/><AGARI ba="0,1" hai="13,16,23,72,75,77,81,87,89,92,99" m="47658" machi="89" ten="30,7900,0" yaku="18,1,52,2,54,1" doraHai="105" who="3" fromWho="3" sc="91,-20,314,-39,390,-20,195,89" /><INIT seed="6,0,0,4,5,122" ten="71,275,370,284" oya="2" hai0="45,48,102,78,106,46,15,115,22,123,111,13,26" hai1="4,20,121,107,70,94,57,1,54,63,62,120,21" hai2="100,76,74,118,134,43,41,8,69,32,119,86,27" hai3="59,12,2,92,131,30,44,132,77,14,104,108,114"/><V67/><F86/><W90/><G104/><T73/><D123/><N who="1" m="47179" /><E107/><V110/><F43/><W84/><G2/><T113/><D106/><U126/><E126/><V88/><F88/><W40/><G131/><T16/><D102/><U39/><E39/><V33/><F100/><W91/><G132/><T130/><D130/><U103/><E4/><V34/><F27/><W82/><G114/><T99/><D99/><N who="1" m="59895" /><E1/><V89/><F89/><W51/><G108/><T37/><D37/><U112/><E112/><V47/><F8/><W116/><G116/><T17/><D26/><U19/><E19/><V52/><F110/><W36/><G30/><T128/><D128/><U11/><E11/><V38/><F134/><W58/><G91/><T28/><D28/><U7/><E7/><V87/><F87/><W135/><G135/><T75/><D22/><N who="1" m="8811" /><E63/><N who="2" m="40191" /><F52/><W72/><REACH who="3" step="1"/><G36/><REACH who="3" ten="71,275,370,274" step="2"/><T85/><D85/><U64/><E70/><V35/><N who="2" m="8192" /><DORA hai="98" /><V124/><F124/><W25/><G25/><T50/><REACH who="0" step="1"/><D78/><REACH who="0" ten="61,275,370,274" step="2"/><U5/><E5/><V117/><F119/><W3/><G3/><T9/><D9/><U101/><E101/><V66/><F117/><W23/><G23/><T93/><D93/><U18/><E18/><V55/><F118/><W29/><G29/><T127/><D127/><U79/><E79/><V83/><F38/><W61/><G61/><T31/><D31/><U10/><E10/><V95/><F76/><W53/><G53/><AGARI ba="0,2" hai="53,54,57,62,64" m="8811,59895,47179" machi="53" ten="30,2000,0" yaku="13,1,52,1" doraHai="122,98" who="1" fromWho="3" sc="61,0,275,40,370,0,274,-20" /><INIT seed="7,0,0,3,5,39" ten="61,315,370,254" oya="3" hai0="15,7,14,4,19,96,40,113,38,65,118,50,93" hai1="133,54,125,36,44,129,124,75,46,74,101,2,64" hai2="32,102,107,30,72,53,1,20,134,88,104,126,51" hai3="106,59,68,76,103,92,82,90,86,87,28,132,34"/><W8/><G68/><T52/><D118/><U22/><E2/><V112/><F32/><W89/><G34/><T100/><D65/><U116/><E101/><V128/><F1/><W23/><G8/><T73/><D73/><N who="1" m="27659" /><E116/><V83/><F112/><W119/><G119/><T77/><D77/><U47/><E64/><V58/><F102/><W114/><G59/><T85/><D85/><U27/><E129/><V24/><F128/><W135/><G23/><T91/><D113/><U78/><E78/><V62/><F134/><N who="3" m="51243" /><G28/><T13/><D100/><U110/><E133/><V37/><F126/><N who="1" m="48745" /><E110/><V12/><F107/><W84/><G114/><T26/><D7/><U66/><E66/><V115/><F104/><W79/><G87/><T31/><D4/><U123/><E123/><V108/><F108/><W49/><G49/><T109/><D109/><U48/><E36/><V11/><F37/><W63/><G63/><T55/><D38/><U71/><E71/><V18/><F115/><W122/><G122/><T5/><D5/><U130/><E130/><V57/><F72/><W25/><G25/><T0/><D0/><U3/><E3/><V9/><F9/><W42/><G42/><T56/><D31/><AGARI ba="0,0" hai="22,27,31,44,46,47,48,54" m="48745,27659" machi="31" ten="30,1000,0" yaku="18,1" doraHai="39" who="1" fromWho="0" sc="61,-10,315,10,370,0,254,0" owari="51,-45.0,325,13.0,370,47.0,254,-15.0" /></mjloggm>