<mjloggm ver="2.3"><GO type="225" lobby="0"/><UN n0="%E3%82%B7%E3%83%9F%E3%83%AA%E3%82%B9%EF%BC%94" n1="%E3%82%A6%E3%83%AB%E3%83%88%E3%83%A9%E7%AB%8B%E7%9B%B4" n2="%68%61%6E%65%31%35%30%30" n3="%68%61%79%61%74%74%69%40" dan="16,17,17,16" rate="2050.93,2105.94,2154.18,2112.86" sx="F,M,M,M"/><TAIKYOKU oya="0"/><INIT seed="0,0,0,2,0,84" ten="250,250,250,250" oya="0" hai0="41,30,133,10,60,49,13,57,11,45,63,4,109" hai1="127,100,76,58,3,105,116,108,110,48,59,85,37" hai2="39,80,42,125,71,78,106,124,131,121,15,70,89" hai3="24,97,32,83,99,88,29,118,14,0,73,102,107"/><T1/><D133/><U23/><E37/><V135/><F121/><W101/><G0/><T77/><D30/><U72/><E72/><V43/><F106/><W40/><G40/><T27/><D27/><U22/><E3/><V62/><F135/><W98/><G118/><T53/><D109/><N who="1" m="42091" /><E116/><V122/><F122/><W128/><G128/><T34/><D34/><U64/><E127/><N who="2" m="48715" /><F131/><W55/><G55/><T67/><D77/><U96/><E48/><V51/><F39/><W114/><G114/><T119/><D119/><U44/><E44/><N who="2" m="26007" /><F43/><W81/><G73/><T33/><D33/><U21/><E64/><V38/><F38/><W28/><G28/><T2/><REACH who="0" step="1"/><D11/><REACH who="0" ten="240,250,250,250" step="2"/><U6/><E76/><V69/><F78/><W68/><G32/><T17/><D17/><U7/><E7/><V123/><F123/><W112/><G29/><T87/><D87/><U126/><E126/><V65/><F15/><W117/><G14/><T20/><D20/><U56/><E6/><V52/><F71/><AGARI ba="0,1" hai="1,2,4,10,13,41,45,49,53,57,60,63,67,71" machi="71" ten="30,5800,0" yaku="1,1,7,1,53,1" doraHai="84" doraHaiUra="50" who="0" fromWho="2" sc="240,68,250,0,250,-58,250,0" /><INIT seed="0,1,0,5,0,37" ten="308,250,192,250" oya="0" hai0="32,22,113,34,53,133,92,61,49,51,54,57,100" hai1="10,89,48,56,14,126,12,75,55,27,102,104,74" hai2="83,69,64,36,19,15,120,44,72,20,68,70,79" hai3="6,98,115,0,11,125,88,131,59,30,60,97,67"/><T24/><D113/><U95/><E126/><V13/><F120/><W85/><G131/><T63/><D133/><U1/><E1/><V23/><F64/><W5/><G115/><T66/><D32/><U65/><E104/><V87/><F72/><W50/><G30/><T123/><D34/><U25/><E102/><V134/><F134/><W29/><G29/><T33/><D33/><U103/><E103/><V73/><F73/><W52/><G6/><T111/><D111/><U31/><E65/><V110/><F110/><W121/><G125/><T109/><D109/><U112/><E112/><V46/><REACH who="2" step="1"/><F36/><REACH who="2" ten="308,250,182,250" step="2"/><W21/><G121/><T41/><D123/><U2/><E75/><V127/><F127/><W7/><G0/><T130/><D66/><U116/><E74/><V18/><AGARI ba="1,1" hai="13,15,18,19,20,23,44,46,68,69,70,79,83,87" machi="18" ten="40,5200,0" yaku="1,1,0,1,9,1,53,0" doraHai="37" doraHaiUra="119" who="2" fromWho="2" sc="308,-27,250,-14,182,65,250,-14" /><INIT seed="1,0,0,3,1,88" ten="281,236,247,236" oya="1" hai0="100,27,2,80,103,39,133,86,56,79,60,109,51" hai1="128,112,43,15,108,111,113,42,48,16,117,124,121" hai2="13,28,3,114,97,73,58,77,19,20,119,135,6" hai3="30,93,24,26,126,9,38,23,67,72,74,125,55"/><U130/><E121/><V4/><F119/><W14/><G67/><T36/><D133/><U120/><E120/><V46/><F135/><W59/><G38/><T76/><D2/><U62/><E62/><V31/><F114/><N who="1" m="44137" /><E117/><V63/><F73/><W99/><G26/><T68/><D68/><U47/><E43/><V37/><F77/><W115/><G115/><T89/><D51/><U84/><E84/><V21/><F37/><W12/><G59/><T40/><D39/><U127/><E130/><V70/><F70/><W106/><G106/><T57/><D40/><U54/><E54/><V5/><F46/><W45/><G45/><T32/><D36/><U34/><E34/><V8/><F97/><W17/><G55/><T75/><D57/><U52/><E42/><V61/><F61/><W10/><G74/><T65/><D32/><U104/><E104/><V134/><F134/><W29/><G72/><T90/><D75/><U122/><E122/><V129/><F129/><W69/><G69/><T7/><D60/><U35/><E35/><V71/><F71/><W123/><G123/><T102/><D65/><U101/><E101/><V49/><F49/><W11/><G29/><N who="2" m="11337" /><F3/><W83/><G83/><T0/><D80/><U105/><E105/><V96/><F96/><W132/><G132/><T50/><D103/><U81/><E81/><V95/><F95/><W116/><G116/><T87/><D100/><U78/><E78/><V25/><F25/><N who="3" m="14575" /><G93/><T66/><D76/><U91/><E91/><V107/><F107/><W94/><G94/><T118/><D79/><U98/><E128/><RYUUKYOKU ba="0,0" sc="281,-10,236,-10,247,30,236,-10" hai2="4,5,6,8,13,19,20,21,58,63" /><INIT seed="2,1,0,2,3,33" ten="271,226,277,226" oya="2" hai0="32,36,86,100,22,69,116,126,117,71,119,83,62" hai1="50,123,7,90,46,106,54,14,26,3,4,130,81" hai2="77,24,108,47,110,107,12,11,37,59,134,61,93" hai3="5,132,103,78,6,72,27,60,127,31,133,84,109"/><V89/><F107/><W124/><G109/><N who="2" m="42089" /><F77/><W20/><G103/><T8/><D32/><U92/><E106/><V96/><F134/><N who="3" m="51819" /><G60/><T113/><D36/><U18/><E130/><V114/><F114/><W70/><G70/><T79/><D113/><U82/><E123/><V85/><F47/><W43/><G43/><T112/><D112/><U48/><E3/><V122/><F37/><W128/><G84/><T57/><D126/><N who="3" m="48169" /><G78/><T39/><D39/><U13/><E26/><V125/><F122/><W129/><G72/><T94/><D8/><N who="1" m="6471" /><E50/><V49/><F49/><W30/><G30/><T91/><D100/><U16/><E82/><V63/><F85/><W98/><G98/><N who="0" m="57695" /><D22/><N who="1" m="11535" /><E81/><V21/><F59/><W56/><G56/><T23/><D23/><U29/><E29/><N who="2" m="17551" /><F125/><W15/><G15/><T64/><AGARI ba="1,0" hai="57,62,64,69,71,79,83,86,116,117,119" m="57695" machi="64" ten="30,1100,0" yaku="12,1" doraHai="33" who="0" fromWho="0" sc="271,14,226,-4,277,-6,226,-4" /><INIT seed="3,0,0,0,1,134" ten="285,222,271,222" oya="3" hai0="93,109,3,129,104,57,81,97,47,120,25,46,54" hai1="102,6,38,40,95,32,84,68,41,70,76,22,30" hai2="83,33,110,13,103,72,59,7,64,99,100,132,77" hai3="31,91,53,12,56,63,124,116,27,66,36,37,73"/><W52/><G116/><T85/><D120/><U101/><E32/><V16/><F33/><W96/><G73/><T92/><D109/><U29/><E6/><V122/><F110/><W69/><G124/><T75/><D75/><U111/><E22/><V94/><F132/><W8/><G91/><N who="0" m="55487" /><D104/><U62/><E95/><V128/><F122/><W79/><G79/><T131/><D3/><U125/><E62/><V108/><F108/><W43/><G96/><T89/><D81/><U0/><E111/><V9/><F128/><N who="0" m="49226" /><D25/><U88/><E84/><V60/><REACH who="2" step="1"/><F7/><REACH who="2" ten="285,222,261,222" step="2"/><W123/><G123/><T127/><D127/><U49/><E125/><V112/><F112/><W121/><G121/><T80/><D80/><U5/><E5/><V82/><F82/><W24/><G31/><T21/><D21/><U71/><E30/><V113/><F113/><W78/><G78/><T126/><D126/><U119/><E29/><V10/><F10/><W1/><G8/><T106/><D106/><U35/><E76/><V34/><F34/><W28/><G28/><T130/><D130/><U2/><E35/><V39/><F39/><W14/><G36/><T20/><D20/><U44/><E38/><V15/><F15/><N who="3" m="5675" /><G37/><T90/><D90/><AGARI ba="0,1" hai="9,13,16,59,60,64,72,77,83,90,94,99,100,103" machi="90" ten="30,3900,0" yaku="1,1,7,1,54,1,53,0" doraHai="134" doraHaiUra="117" who="2" fromWho="0" sc="285,-39,222,0,261,49,222,0" owari="246,5.0,222,-18.0,310,41.0,222,-28.0" /></mjloggm>