<mjloggm ver="2.3"><GO type="169" lobby="0"/><UN n0="%E3%81%AA%E3%81%8F%E3%81%AB%E3%82%83%E3%82%93" n1="%E3%82%82%E3%82%81%E3%82%93%E3%81%AA%E3%81%A1%E3%82%83%E3%81%84" n2="%E3%82%A6%E3%83%AB%E3%83%88%E3%83%A9%E7%AB%8B%E7%9B%B4" n3="%E9%85%8D%E7%89%8C%E3%83%89%E3%83%A9%E3%83%81%E3%82%A7%E3%83%83%E3%82%AF" dan="16,18,17,16" rate="2060.77,2241.86,2161.74,2118.52" sx="M,F,M,M"/><TAIKYOKU oya="0"/><INIT seed="0,0,0,3,5,8" ten="250,250,250,250" oya="0" hai0="19,95,61,111,41,114,50,120,51,57,116,107,131" hai1="66,49,103,71,125,22,44,59,83,109,135,60,27" hai2="33,31,134,91,72,4,129,80,88,123,118,35,64" hai3="82,96,97,79,77,3,101,7,14,87,36,23,110"/><T128/><D120/><U90/><E109/><V63/><F123/><W119/><G119/><T84/><D107/><U16/><E135/><V13/><F134/><W76/><G36/><T24/><D24/><U89/><E125/><V126/><F126/><W11/><G110/><T130/><D111/><U52/><E103/><V105/><F105/><W65/><G65/><T43/><D19/><U17/><E17/><V86/><F72/><W42/><G42/><N who="0" m="15883" /><D116/><U10/><E10/><V12/><F4/><W74/><G74/><T45/><D114/><U1/><E1/><V0/><F0/><W102/><G23/><T29/><D29/><U47/><REACH who="1" step="1"/><E83/><REACH who="1" ten="250,240,250,250" step="2"/><V132/><F132/><W67/><G3/><T37/><D95/><U62/><E62/><V92/><F118/><W112/><G112/><T20/><D20/><U2/><E2/><V68/><F129/><W78/><G102/><T127/><D127/><U113/><E113/><V53/><F31/><W69/><G101/><T73/><D73/><U26/><E26/><V133/><F133/><W94/><G82/><T39/><D84/><U124/><E124/><V104/><F104/><W15/><G87/><T28/><D28/><U98/><E98/><V54/><F35/><W38/><G97/><T100/><D100/><U122/><E122/><V30/><F30/><W9/><G96/><T40/><D51/><U6/><E6/><V108/><F33/><W75/><G94/><T32/><D32/><U55/><E55/><AGARI ba="0,1" hai="37,39,40,45,50,55,57,61,128,130,131" m="15883" machi="55" ten="30,5800,0" yaku="19,1,34,2" doraHai="8" who="0" fromWho="1" sc="250,68,240,-58,250,0,250,0" /><INIT seed="0,1,0,0,0,116" ten="318,182,250,250" oya="0" hai0="72,92,18,93,29,67,115,65,80,21,101,89,108" hai1="8,3,45,68,123,96,129,5,11,112,30,71,20" hai2="70,1,84,126,40,61,27,12,49,7,46,106,124" hai3="17,34,41,78,117,76,47,98,51,73,83,14,87"/><T125/><D115/><U90/><E112/><V28/><F106/><W95/><G34/><T25/><D125/><N who="2" m="48234" /><F1/><W132/><G132/><T19/><D108/><U88/><E129/><V121/><F84/><W32/><G32/><T56/><D101/><U6/><E123/><V103/><F103/><W4/><G4/><T58/><D72/><U37/><E30/><V133/><F133/><W38/><G117/><T59/><D80/><U134/><E134/><V54/><F12/><W53/><G73/><T97/><REACH who="0" step="1"/><D93/><REACH who="0" ten="308,182,250,250" step="2"/><U2/><E20/><V102/><F102/><W82/><G95/><T10/><D10/><U55/><E96/><V118/><F118/><W135/><G98/><T33/><D33/><U64/><E64/><AGARI ba="1,1" hai="18,19,21,25,29,56,58,59,64,65,67,89,92,97" machi="64" ten="40,12000,1" yaku="1,1,8,1,53,3" doraHai="116" doraHaiUra="62" who="0" fromWho="1" sc="308,133,182,-123,250,0,250,0" /><INIT seed="0,2,0,5,4,115" ten="441,59,250,250" oya="0" hai0="34,20,18,132,48,82,127,92,33,52,36,53,73" hai1="55,70,26,17,21,101,5,128,77,2,74,78,135" hai2="94,120,12,43,41,106,28,9,122,23,54,110,111" hai3="80,66,129,121,13,90,39,107,58,71,118,22,57"/><T100/><D36/><U89/><E70/><V75/><F106/><W15/><G107/><T98/><D127/><U62/><E135/><V35/><F75/><W7/><G39/><T51/><D132/><U114/><E114/><V130/><F35/><W49/><G71/><T97/><D73/><U44/><E128/><V108/><F130/><W38/><G38/><T10/><D10/><U119/><E101/><V112/><F112/><W124/><G7/><T31/><D82/><U14/><E119/><V19/><F54/><W113/><G118/><T45/><D31/><U1/><E2/><V103/><F94/><W0/><G0/><T125/><D125/><U3/><E1/><V126/><F103/><W67/><G22/><T88/><D98/><U133/><E3/><V61/><F61/><W93/><G80/><T104/><D104/><U30/><E5/><V99/><F99/><W134/><G124/><T24/><D100/><U64/><E74/><V37/><F126/><W95/><G113/><T85/><D97/><U131/><E131/><V60/><F60/><N who="3" m="38159" /><G95/><T63/><D63/><U83/><E64/><V29/><F37/><W87/><G129/><T50/><D50/><N who="1" m="29127" /><E62/><V32/><F32/><W84/><G121/><N who="2" m="46697" /><F43/><W25/><G134/><T56/><AGARI ba="2,0" hai="18,20,24,33,34,45,48,51,52,53,56,85,88,92" machi="56" ten="20,7800,0" yaku="0,1,7,1,54,2" doraHai="115" who="0" fromWho="0" sc="441,84,59,-28,250,-28,250,-28" /><INIT seed="0,3,0,2,0,68" ten="525,31,222,222" oya="0" hai0="21,82,8,109,7,44,97,67,104,24,63,69,90" hai1="92,53,13,84,91,46,126,115,108,1,81,64,11" hai2="133,121,128,20,54,77,6,40,22,30,87,26,103" hai3="113,47,17,37,19,12,39,111,105,57,132,112,49"/><T96/><D109/><U110/><E1/><V73/><F73/><W134/><G105/><T89/><D104/><U34/><E34/><V32/><F121/><W124/><G124/><T52/><D90/><U95/><E126/><V78/><F103/><W125/><G125/><T38/><D96/><U3/><E3/><V94/><F40/><N who="3" m="24807" /><G57/><T76/><D89/><U114/><E64/><V45/><F6/><W10/><G19/><T122/><D97/><U120/><E53/><V43/><F128/><W5/><G17/><T61/><D61/><U117/><E46/><V56/><F133/><N who="3" m="51307" /><G111/><N who="1" m="42538" /><E117/><V36/><F78/><W14/><G12/><T123/><D21/><U62/><E62/><V85/><F87/><W35/><G35/><T58/><D24/><U99/><E120/><V129/><F129/><W135/><N who="3" m="51315" /><W93/><DORA hai="118" /><G93/><N who="1" m="35914" /><E99/><V25/><F25/><W106/><G106/><T88/><D67/><U15/><E15/><V2/><F2/><W101/><G101/><T29/><D69/><U107/><E107/><V55/><F55/><W75/><G14/><T27/><D52/><U98/><E98/><V16/><F94/><W51/><G10/><T23/><D63/><U66/><E66/><V116/><F116/><W41/><G41/><N who="0" m="22583" /><D58/><U71/><E71/><V60/><F32/><W28/><G5/><AGARI ba="3,0" hai="5,11,13,81,84,91,114,115" m="35914,42538" machi="5" ten="30,1000,0" yaku="14,1" doraHai="68,118" who="1" fromWho="3" sc="525,0,31,19,222,0,222,-19" /><INIT seed="1,0,0,4,3,37" ten="525,50,222,203" oya="1" hai0="75,1,127,117,124,118,61,110,20,85,116,11,63" hai1="103,39,131,96,6,108,59,40,113,60,99,67,68" hai2="47,24,35,95,2,31,119,41,106,135,129,36,70" hai3="53,16,26,58,104,9,21,94,57,23,76,71,109"/><U123/><E113/><V22/><F119/><W111/><G104/><T93/><D75/><U8/><E123/><V84/><F106/><W44/><G71/><T18/><D110/><N who="3" m="41993" /><G76/><T62/><D85/><U133/><E108/><V7/><F70/><W100/><G9/><T89/><D11/><U105/><E133/><V98/><F129/><W77/><G77/><T78/><D78/><U29/><E131/><V54/><F135/><W43/><G53/><T34/><D34/><U121/><E121/><V27/><F7/><W74/><G74/><T91/><D93/><U33/><E99/><V120/><F2/><W64/><G64/><T52/><D52/><U73/><E73/><V88/><F54/><W56/><G23/><T0/><D20/><U32/><E59/><V87/><REACH who="2" step="1"/><F120/><REACH who="2" ten="525,50,212,203" step="2"/><W46/><G43/><T19/><D0/><N who="1" m="71" /><E29/><AGARI ba="0,1" hai="22,24,27,29,31,35,36,41,47,84,87,88,95,98" machi="29" ten="30,7700,0" yaku="1,1,7,1,52,1,54,1,53,0" doraHai="37" doraHaiUra="102" who="2" fromWho="1" sc="525,0,50,-77,212,87,203,0" owari="525,63.0,-27,-53.0,299,10.0,203,-20.0" /></mjloggm>