<mjloggm ver="2.3"><GO type="169" lobby="0"/><UN n0="%E3%80%90%6E%65%73%74%61%E3%80%91" n1="%E3%81%86%E3%81%AA%E3%81%8E" n2="%E3%81%9C%E3%82%8D%E3%82%81%E3%81%90" n3="%E3%82%A6%E3%83%AB%E3%83%88%E3%83%A9%E7%AB%8B%E7%9B%B4" dan="16,17,16,17" rate="2099.11,2138.15,2055.87,2176.23" sx="F,M,F,M"/><TAIKYOKU oya="0"/><INIT seed="0,0,0,4,4,108" ten="250,250,250,250" oya="0" hai0="26,56,2,18,24,53,28,135,84,82,131,17,41" hai1="14,134,98,9,48,77,67,20,83,123,132,118,87" hai2="31,117,116,125,69,75,122,121,34,49,10,102,80" hai3="21,100,27,112,103,38,96,13,110,71,15,43,81"/><T51/><D2/><U11/><E118/><N who="2" m="45675" /><F49/><W6/><G71/><T52/><D135/><N who="1" m="51755" /><E123/><V30/><F102/><W99/><G110/><T37/><D131/><U32/><E32/><V58/><F58/><W19/><G43/><T114/><D114/><U7/><E67/><V40/><F40/><W25/><G81/><T45/><D53/><U36/><E36/><V42/><F42/><W68/><G68/><T61/><D37/><U59/><E98/><V76/><F125/><W92/><G112/><T115/><D115/><U35/><E35/><V57/><F57/><W16/><G6/><T120/><D120/><N who="2" m="46186" /><F69/><W85/><G85/><T33/><REACH who="0" step="1"/><D26/><REACH who="0" ten="240,250,250,250" step="2"/><U86/><E14/><V47/><F47/><W127/><G38/><T105/><D105/><U23/><E59/><V95/><F34/><W109/><G109/><T124/><D124/><U64/><E64/><V94/><F10/><W89/><G127/><T62/><D62/><U111/><E11/><V63/><F63/><W5/><G27/><T72/><D72/><U8/><E9/><V88/><F95/><W129/><G25/><T22/><D22/><U90/><E111/><V54/><F54/><W107/><G21/><T119/><D119/><U104/><E104/><V66/><F66/><W29/><G107/><T39/><D39/><U126/><E126/><V106/><F106/><W65/><G92/><T12/><D12/><N who="1" m="5151" /><E48/><V46/><F46/><W128/><G65/><T93/><D93/><AGARI ba="0,1" hai="20,23,77,83,86,87,90,93" m="5151,51755" machi="93" ten="30,1000,0" yaku="20,1" doraHai="108" who="1" fromWho="0" sc="240,-10,250,20,250,0,250,0" /><INIT seed="1,0,0,3,2,32" ten="230,270,250,250" oya="1" hai0="123,0,48,4,120,117,96,11,17,31,112,124,103" hai1="38,105,44,84,109,10,125,113,92,51,74,55,94" hai2="131,58,118,81,60,133,110,72,83,37,14,29,87" hai3="93,90,5,126,122,132,2,73,8,101,111,19,50"/><U127/><E113/><V9/><F118/><W35/><G122/><T114/><D31/><U26/><E74/><V46/><F110/><W77/><G111/><T41/><D124/><N who="1" m="47691" /><E109/><V121/><F121/><N who="0" m="46666" /><D17/><U107/><E38/><V1/><F29/><W88/><G126/><T57/><D117/><U22/><E10/><V89/><F133/><W116/><G116/><T49/><D57/><U42/><E42/><V36/><F46/><W43/><G35/><T20/><D20/><U63/><E63/><V18/><F131/><W33/><G33/><T25/><D25/><U99/><E84/><V104/><F104/><N who="1" m="40009" /><E99/><V7/><F72/><W119/><G119/><T28/><D28/><AGARI ba="0,0" hai="22,26,28,44,51,55,92,94" m="40009,47691" machi="28" ten="30,1500,0" yaku="18,1" doraHai="32" who="1" fromWho="0" sc="230,-15,270,15,250,0,250,0" /><INIT seed="1,1,0,3,0,60" ten="215,285,250,250" oya="1" hai0="56,76,23,28,86,43,61,88,72,123,34,80,9" hai1="29,124,92,120,70,81,46,40,44,12,97,6,116" hai2="32,99,101,102,54,35,31,78,108,126,20,135,93" hai3="130,47,110,17,18,50,19,49,14,115,109,27,119"/><U0/><E116/><V129/><F108/><N who="3" m="41579" /><G115/><T25/><D123/><U98/><E0/><V82/><F126/><W118/><G130/><T55/><D43/><U79/><E120/><V73/><F129/><W67/><G27/><T104/><D104/><U107/><E29/><V26/><F135/><W100/><G100/><T63/><D9/><U68/><E107/><V71/><F71/><W1/><G1/><T66/><D34/><U127/><E6/><V15/><F102/><W53/><G14/><T85/><REACH who="0" step="1"/><D88/><REACH who="0" ten="205,285,250,250" step="2"/><U121/><E121/><V8/><REACH who="2" step="1"/><F54/><REACH who="2" ten="205,285,240,250" step="2"/><N who="3" m="30015" /><G67/><T13/><D13/><U64/><E12/><V96/><F96/><W51/><G53/><T41/><D41/><U105/><E40/><V30/><F30/><W5/><G5/><AGARI ba="1,2" hai="5,8,15,20,26,31,32,35,73,78,82,93,99,101" machi="5" ten="30,3900,0" yaku="1,1,7,1,53,1" doraHai="60" doraHaiUra="4" who="2" fromWho="3" sc="205,0,285,0,240,62,250,-42" /><INIT seed="2,0,0,2,4,132" ten="205,285,302,208" oya="2" hai0="87,129,64,3,100,13,124,45,111,128,59,119,48" hai1="30,74,12,121,122,130,53,131,17,10,34,18,5" hai2="73,81,97,78,46,67,54,41,117,63,42,15,105" hai3="23,49,4,91,7,61,113,47,135,127,62,50,52"/><V32/><F117/><W109/><G109/><T56/><D3/><U70/><E74/><V103/><F32/><W37/><G37/><T98/><D111/><U36/><E70/><V24/><F24/><W0/><G135/><T76/><D119/><U104/><E104/><V60/><F15/><W123/><G123/><N who="1" m="47114" /><E53/><V22/><F22/><W69/><G113/><T92/><D13/><U114/><E36/><V108/><F108/><W107/><G107/><T86/><D124/><U94/><E94/><V120/><F120/><W118/><G118/><T80/><D87/><U79/><E79/><V14/><F14/><W93/><G127/><T44/><D44/><U133/><E133/><V57/><REACH who="2" step="1"/><F46/><REACH who="2" ten="205,285,292,208" step="2"/><W134/><G47/><T28/><D28/><U75/><E114/><V9/><F9/><W39/><G134/><T20/><D20/><U51/><E30/><V126/><F126/><W99/><G23/><T116/><D116/><U95/><E34/><V25/><F25/><W125/><G125/><T72/><D45/><U43/><E12/><V77/><F77/><W33/><G33/><T90/><D76/><U71/><E10/><V68/><AGARI ba="0,1" hai="41,42,54,57,60,63,67,68,73,78,81,97,103,105" machi="68" ten="20,7800,0" yaku="1,1,0,1,7,1,53,1" doraHai="132" doraHaiUra="101" who="2" fromWho="2" sc="205,-26,285,-26,292,88,208,-26" /><INIT seed="2,1,0,1,4,113" ten="179,259,380,182" oya="2" hai0="50,127,116,13,102,87,44,134,59,97,63,32,71" hai1="3,125,76,93,2,11,121,115,94,5,46,34,124" hai2="110,119,106,80,90,104,26,24,27,20,0,112,123" hai3="91,111,74,8,84,21,39,117,85,88,12,114,86"/><V108/><F112/><W23/><G114/><T15/><D32/><U95/><E115/><V79/><F123/><W48/><G39/><T19/><D71/><U45/><E121/><V52/><F0/><W89/><G74/><T131/><D127/><N who="1" m="48715" /><E34/><V53/><F90/><W118/><G48/><T100/><D134/><U81/><E2/><V35/><F35/><W14/><G111/><N who="2" m="42537" /><F20/><N who="3" m="7755" /><G8/><T65/><D131/><U68/><E68/><V7/><F7/><W37/><G37/><T22/><D116/><AGARI ba="1,0" hai="12,14,84,85,86,88,89,91,116,117,118" m="7755" machi="116" ten="40,12000,2" yaku="28,2,52,3,54,1" doraHai="113" who="3" fromWho="0" sc="179,-123,259,0,380,0,182,123" /><INIT seed="3,0,0,2,0,61" ten="56,259,380,305" oya="3" hai0="88,51,108,53,116,57,95,135,122,2,41,117,119" hai1="79,64,68,42,65,134,5,128,59,104,99,20,96" hai2="131,114,4,49,113,16,23,31,14,91,19,92,22" hai3="129,132,39,3,8,82,34,58,103,86,70,46,72"/><W6/><G70/><T11/><D122/><U107/><E68/><V115/><F131/><W69/><G69/><T32/><D32/><U89/><E128/><V126/><F126/><W18/><G129/><T33/><D33/><U112/><E112/><V125/><F125/><W21/><G34/><T67/><D108/><U38/><E79/><V124/><F124/><W75/><G103/><T27/><D135/><U85/><E5/><V56/><F31/><W30/><G30/><T118/><N who="0" m="29696" /><DORA hai="97" /><T35/><D35/><U29/><E134/><V66/><F4/><W17/><G132/><T98/><D27/><U100/><E59/><V48/><F66/><W94/><G94/><T54/><D41/><U80/><E38/><V101/><F56/><W24/><G58/><T0/><D67/><U52/><E52/><V90/><F101/><W43/><REACH who="3" step="1"/><G18/><REACH who="3" ten="56,259,380,295" step="2"/><T73/><D73/><U28/><E29/><V83/><F92/><W7/><G7/><T50/><REACH who="0" step="1"/><D11/><REACH who="0" ten="46,259,380,295" step="2"/><U120/><E120/><V130/><F130/><W110/><G110/><T45/><AGARI ba="0,2" hai="0,2,45,50,51,53,54,57,88,95,98" m="29696" machi="45" ten="60,8000,1" yaku="1,1,2,1,0,1,54,1,53,0" doraHai="61,97" doraHaiUra="77,123" who="0" fromWho="0" sc="46,100,259,-20,380,-20,295,-40" /><INIT seed="4,0,0,1,4,116" ten="146,239,360,255" oya="0" hai0="111,7,122,6,133,125,57,19,78,101,93,83,26" hai1="124,1,44,18,95,70,9,113,42,64,89,117,35" hai2="12,85,79,10,100,71,67,59,51,61,129,94,92" hai3="107,96,46,25,90,82,49,76,54,3,77,58,43"/><T39/><D122/><U112/><E117/><V32/><F32/><W98/><G3/><T131/><D39/><U81/><E35/><V134/><F134/><W11/><G11/><T50/><D125/><U62/><E81/><V15/><F129/><W80/><G25/><T45/><D133/><U127/><E1/><V17/><F100/><W103/><G82/><T4/><D131/><U128/><E128/><V34/><F34/><W66/><G66/><T16/><D57/><U8/><E18/><V97/><F97/><W38/><G96/><N who="0" m="59535" /><D111/><U0/><E0/><V21/><F71/><W130/><G130/><T110/><D110/><U109/><E109/><V52/><F79/><W14/><G14/><T119/><D119/><U41/><E8/><V68/><REACH who="2" step="1"/><F85/><REACH who="2" ten="146,239,350,255" step="2"/><W47/><G77/><T108/><D108/><U99/><E124/><V132/><F132/><W23/><G76/><T48/><D26/><U86/><E127/><V91/><F91/><W65/><G90/><T20/><D20/><U102/><E9/><V120/><F120/><W60/><G23/><T72/><D72/><U30/><E102/><V37/><F37/><W2/><G103/><T28/><D28/><U114/><E30/><V105/><F105/><W24/><G107/><T40/><D48/><N who="1" m="26639" /><E99/><V55/><F55/><W73/><G98/><T22/><D22/><U123/><E123/><V121/><F121/><W135/><G135/><T56/><D56/><U88/><E89/><V69/><F69/><N who="3" m="42151" /><G38/><T118/><D118/><U36/><E36/><V74/><F74/><W29/><G73/><T53/><D53/><RYUUKYOKU ba="0,1" sc="146,10,239,10,350,10,255,-30" hai0="4,6,7,16,19,40,45,50,78,83" hai1="42,62,64,70,86,88,95,112,113,114" hai2="10,12,15,17,21,51,52,59,61,67,68,92,94" /><INIT seed="4,1,1,0,0,94" ten="156,249,360,225" oya="0" hai0="105,9,102,122,118,84,51,82,74,26,36,126,103" hai1="64,19,2,87,38,112,25,125,88,83,113,108,33" hai2="21,104,117,133,73,52,4,59,96,15,27,53,116" hai3="77,28,66,46,97,56,106,17,30,5,71,32,0"/><T86/><D36/><U79/><E108/><V120/><F120/><W76/><G17/><T95/><D122/><U65/><E125/><V45/><F73/><W18/><G18/><T20/><D118/><N who="2" m="45674" /><F133/><W132/><G56/><T42/><D74/><U29/><E2/><V92/><F104/><W98/><G46/><N who="0" m="26071" /><D105/><U134/><E38/><V44/><F15/><W130/><G106/><T90/><D9/><U43/><E43/><V68/><F4/><W1/><G32/><T13/><D13/><U109/><E109/><V50/><F53/><W114/><G5/><T22/><D126/><U72/><E19/><N who="2" m="12735" /><F68/><W8/><G71/><T55/><D55/><U39/><E39/><V129/><F129/><W48/><G130/><T37/><D37/><U6/><E6/><V115/><F115/><N who="1" m="44105" /><E134/><V3/><F3/><W124/><G0/><T67/><D67/><U107/><E107/><V75/><F75/><W31/><G66/><T131/><D131/><U69/><E69/><V60/><F50/><W123/><G1/><T41/><D41/><U47/><E47/><V99/><F99/><W85/><G132/><T89/><D20/><U54/><E54/><V7/><F7/><W128/><G124/><T121/><D121/><U10/><E10/><V40/><F40/><W80/><G8/><T16/><AGARI ba="1,1" hai="16,22,26,82,84,86,89,90,95,102,103" m="26071" machi="16" ten="30,3000,0" yaku="8,1,54,1" doraHai="94" who="0" fromWho="0" sc="156,43,249,-11,360,-11,225,-11" /><INIT seed="4,2,0,3,5,111" ten="199,238,349,214" oya="0" hai0="84,48,122,109,1,27,31,7,47,38,34,14,77" hai1="13,113,24,79,119,28,124,118,18,54,33,123,98" hai2="42,45,76,91,132,51,17,26,128,22,69,82,99" hai3="101,59,102,8,66,35,94,105,81,73,71,126,2"/><T63/><D122/><U103/><E123/><V36/><F69/><W5/><G105/><T46/><D38/><U83/><E124/><V125/><F125/><W40/><G71/><T10/><D109/><U131/><E131/><V72/><F128/><W87/><G35/><T53/><D63/><U127/><E54/><V12/><F132/><W44/><G126/><T88/><D77/><U97/><E127/><V134/><F134/><W80/><G59/><T67/><D67/><U75/><E98/><V55/><F99/><W20/><G20/><T107/><D107/><U43/><E43/><V39/><F91/><N who="3" m="51695" /><G94/><T78/><D78/><U74/><E74/><V64/><F64/><W19/><G19/><T129/><D129/><U41/><E41/><V96/><F96/><W85/><G85/><T133/><D133/><U90/><E90/><V58/><F12/><W70/><G70/><T116/><D116/><U29/><E29/><V86/><F72/><W21/><G21/><T108/><D108/><U4/><E4/><V106/><F106/><W121/><G121/><T30/><D30/><U3/><E3/><V37/><AGARI ba="2,0" hai="17,22,26,36,37,39,42,45,51,55,58,76,82,86" machi="37" ten="20,1500,0" yaku="0,1,7,1" doraHai="111" who="2" fromWho="2" sc="199,-9,238,-6,349,21,214,-6" /><INIT seed="5,0,0,5,3,49" ten="190,232,370,208" oya="1" hai0="9,122,72,77,71,115,99,89,2,69,15,19,7" hai1="134,25,14,121,73,112,30,106,0,64,131,33,103" hai2="123,124,13,87,29,135,82,104,107,100,18,57,129" hai3="68,3,28,118,78,101,59,35,12,94,58,11,17"/><U62/><E121/><V114/><F123/><W105/><G68/><T36/><D122/><U6/><E112/><V8/><F114/><W61/><G105/><T56/><D115/><U48/><E134/><V47/><F135/><W55/><G118/><T32/><D36/><U93/><E73/><V40/><F124/><W132/><G132/><T51/><D77/><U31/><E31/><V125/><F125/><W63/><G3/><T5/><D72/><U46/><E0/><V34/><F129/><W95/><G101/><T120/><D120/><U109/><E131/><V45/><F100/><W128/><G128/><T23/><D32/><U16/><E6/><V127/><F127/><W133/><G78/><T113/><D7/><U80/><E80/><V108/><F108/><W90/><G133/><T52/><REACH who="0" step="1"/><D113/><REACH who="0" ten="180,232,370,208" step="2"/><U65/><E109/><V24/><F34/><W126/><G126/><T39/><D39/><U88/><E106/><V97/><F107/><W98/><G35/><T66/><D66/><U83/><E65/><V21/><F104/><W84/><G28/><T96/><D96/><U76/><E64/><V67/><F97/><W119/><G119/><T20/><D20/><U74/><E74/><V92/><F67/><N who="3" m="39351" /><G98/><T43/><D43/><U79/><E33/><V91/><F40/><W110/><G110/><T130/><D130/><U42/><E42/><V4/><F29/><W53/><G53/><T81/><D81/><AGARI ba="0,1" hai="11,12,17,55,59,63,81,84,90,94,95" m="39351" machi="81" ten="30,2000,0" yaku="8,1,52,1" doraHai="49" who="3" fromWho="0" sc="180,-20,232,0,370,0,208,30" /><INIT seed="6,0,0,4,0,17" ten="160,232,370,238" oya="2" hai0="105,116,128,4,133,0,90,19,10,117,71,50,51" hai1="68,108,134,114,92,18,33,23,41,6,21,70,72" hai2="34,15,94,48,135,1,93,30,97,107,31,37,38" hai3="110,82,79,101,46,131,125,55,49,83,58,20,7"/><V91/><F107/><W62/><G110/><T84/><D71/><U27/><E108/><V85/><F1/><W129/><G7/><T47/><D105/><U40/><E72/><V59/><F135/><W124/><G101/><T123/><D123/><U29/><E114/><V77/><F34/><W76/><G83/><T12/><D133/><U73/><E73/><V78/><F38/><W113/><G113/><T16/><D128/><N who="3" m="49225" /><G20/><T44/><D51/><U95/><E6/><V14/><F37/><W8/><G8/><T126/><D126/><N who="3" m="48745" /><G82/><T45/><D50/><U64/><E134/><V119/><F48/><W88/><G88/><T13/><D0/><U39/><E39/><V57/><F91/><W130/><G130/><T36/><D36/><U132/><E132/><V86/><F97/><W104/><G104/><T81/><REACH who="0" step="1"/><D4/><REACH who="0" ten="150,232,370,238" step="2"/><U100/><E70/><V67/><F119/><W3/><G3/><T87/><D87/><U35/><E68/><V111/><F111/><W118/><G118/><T9/><AGARI ba="0,1" hai="9,10,12,13,16,19,44,45,47,81,84,90,116,117" machi="9" ten="30,7900,0" yaku="1,1,0,1,9,1,54,1,53,0" doraHai="17" doraHaiUra="25" who="0" fromWho="0" sc="150,89,232,-20,370,-39,238,-20" /><INIT seed="7,0,0,1,0,99" ten="239,212,331,218" oya="3" hai0="41,102,115,122,130,7,86,8,71,66,18,40,15" hai1="65,57,0,30,38,96,124,129,111,37,3,75,32" hai2="85,61,89,72,62,106,44,42,67,90,108,21,77" hai3="6,33,59,116,120,109,83,52,87,55,2,94,135"/><W50/><G120/><T103/><D122/><U69/><E111/><V81/><F108/><W118/><G109/><T78/><D130/><U112/><E129/><V34/><F34/><W63/><G33/><T22/><D115/><U20/><E112/><V27/><F106/><W110/><G110/><T64/><D71/><U19/><E75/><V123/><F123/><W80/><G135/><T16/><D66/><U100/><E124/><V82/><F90/><N who="3" m="53599" /><G2/><T134/><D64/><U10/><E57/><V58/><F58/><N who="3" m="33047" /><G118/><T1/><D134/><U70/><E69/><V43/><F67/><N who="3" m="39423" /><G116/><T45/><D18/><U14/><E0/><V74/><F72/><W97/><G6/><T117/><D40/><U73/><E73/><V128/><F43/><W36/><G36/><T79/><D117/><U5/><E65/><V26/><F128/><W68/><G68/><T95/><D78/><U104/><E70/><V28/><F42/><W4/><G4/><T98/><D79/><U35/><E35/><V29/><F44/><W101/><G55/><T51/><D86/><U125/><E125/><V76/><F76/><W126/><G126/><T105/><D105/><U121/><E121/><V133/><F133/><W9/><G9/><T31/><D31/><U54/><E54/><V25/><F29/><W56/><G56/><T17/><D17/><U107/><E104/><V24/><AGARI ba="0,0" hai="21,24,25,26,27,28,61,62,74,77,81,82,85,89" machi="24" ten="30,1100,0" yaku="0,1" doraHai="99" who="2" fromWho="2" sc="239,-3,212,-3,331,11,218,-5" owari="236,4.0,209,-29.0,342,44.0,213,-19.0" /></mjloggm>