<mjloggm ver="2.3"><GO type="169" lobby="0"/><UN n0="%E3%82%88%E3%81%97%E3%81%8E" n1="%E3%80%90%E4%B8%8A%E5%9F%9C%E4%B9%85%E3%80%91" n2="%E3%82%AE%E3%82%AC%E3%83%9E%E3%82%A4%E3%83%B3" n3="%E3%82%A6%E3%83%AB%E3%83%88%E3%83%A9%E7%AB%8B%E7%9B%B4" dan="16,16,17,17" rate="2069.39,2057.52,2194.04,2197.50" sx="M,F,M,M"/><TAIKYOKU oya="0"/><INIT seed="0,0,0,5,4,124" ten="250,250,250,250" oya="0" hai0="119,23,129,22,11,21,14,90,39,87,116,104,101" hai1="114,105,25,26,79,117,98,57,103,135,56,110,123" hai2="120,118,96,9,131,59,99,13,75,10,92,88,28" hai3="52,62,100,53,49,6,50,24,37,3,29,86,133"/><T83/><D39/><U31/><E117/><V0/><F120/><W80/><G37/><T40/><D40/><U122/><E110/><V67/><F75/><W78/><G133/><T130/><D101/><U55/><E135/><V91/><F118/><W108/><G108/><T134/><D104/><U35/><E114/><V61/><F131/><N who="0" m="50186" /><D134/><U8/><E79/><V93/><F0/><W95/><G3/><T17/><AGARI ba="0,0" hai="11,14,17,21,22,23,83,87,90,116,119" m="50186" machi="17" ten="30,11700,0" yaku="19,1,52,3" doraHai="124" who="0" fromWho="0" sc="250,117,250,-39,250,-39,250,-39" /><INIT seed="0,1,0,5,5,112" ten="367,211,211,211" oya="0" hai0="23,88,5,43,12,11,59,135,45,53,28,98,82" hai1="111,68,15,47,128,77,67,61,134,99,91,49,124" hai2="55,126,48,9,54,80,62,4,119,106,33,25,83" hai3="37,34,79,30,31,36,87,29,133,120,115,64,110"/><T42/><D135/><U95/><E134/><V0/><F106/><W71/><G34/><T35/><D35/><U92/><E111/><V76/><F126/><W16/><G115/><T1/><D45/><U17/><E124/><V50/><F119/><W27/><G133/><T103/><D1/><U57/><E128/><V2/><F2/><W14/><G27/><N who="0" m="16511" /><D103/><U41/><E77/><V118/><F62/><W72/><G72/><T26/><D26/><U102/><E68/><V81/><F118/><W63/><G110/><T40/><D98/><U19/><REACH who="1" step="1"/><E15/><REACH who="1" ten="367,201,211,211" step="2"/><V97/><F76/><W130/><G130/><T123/><D123/><U74/><E74/><V39/><F0/><W125/><G125/><T22/><D22/><U122/><E122/><V51/><F33/><W7/><G120/><T129/><D129/><U20/><E20/><V65/><F25/><W131/><G131/><T108/><D108/><U93/><E93/><V104/><F104/><W21/><G79/><T73/><D73/><U8/><E8/><V52/><F9/><W132/><G132/><T46/><D12/><U109/><E109/><V69/><F69/><W13/><G13/><T89/><D11/><U101/><E101/><V117/><F117/><W6/><G7/><T38/><D5/><U86/><AGARI ba="1,1" hai="17,19,41,47,49,57,61,67,86,91,92,95,99,102" machi="86" ten="20,5200,0" yaku="1,1,0,1,7,1,8,1,53,0" doraHai="112" doraHaiUra="32" who="1" fromWho="1" sc="367,-27,201,65,211,-14,211,-14" /><INIT seed="1,0,0,5,1,46" ten="340,266,197,197" oya="1" hai0="103,78,114,75,11,63,71,65,58,107,43,111,88" hai1="125,62,15,34,83,32,130,35,87,129,134,57,54" hai2="105,6,110,100,94,37,69,97,70,30,131,25,14" hai3="44,93,106,42,22,9,99,108,112,27,89,124,80"/><U55/><E125/><V38/><F110/><W0/><G108/><T10/><D114/><U52/><E15/><V117/><F117/><W39/><G124/><T16/><D111/><U18/><E18/><V4/><F131/><N who="1" m="50185" /><E134/><V120/><F120/><W26/><G106/><T17/><D103/><U67/><E67/><V84/><F14/><W109/><G109/><T40/><D107/><U60/><E57/><V128/><F128/><W36/><G112/><T47/><D71/><U68/><E68/><V98/><F84/><W28/><G0/><T135/><D135/><U1/><E1/><V64/><F4/><W102/><G9/><N who="0" m="3083" /><D75/><U51/><E51/><V53/><F6/><W116/><G116/><T33/><D33/><U24/><E24/><V82/><F69/><W8/><G8/><T56/><D78/><AGARI ba="0,0" hai="32,34,35,52,54,55,60,62,78,83,87" m="50185" machi="78" ten="40,3900,0" yaku="19,1,54,1" doraHai="46" who="1" fromWho="0" sc="340,-39,266,39,197,0,197,0" /><INIT seed="1,1,0,1,5,35" ten="301,305,197,197" oya="1" hai0="42,74,85,73,15,99,46,32,82,38,34,47,22" hai1="83,88,110,87,113,19,132,24,71,20,13,75,84" hai2="49,11,48,4,14,40,17,114,53,90,39,9,104" hai3="23,78,133,119,86,31,30,96,106,33,107,69,76"/><U63/><E113/><V1/><F104/><W102/><G23/><T26/><D99/><U131/><E75/><V37/><F114/><W62/><G133/><T66/><D66/><U130/><E132/><V134/><F134/><W135/><G135/><T68/><D68/><U58/><E71/><V77/><F77/><W64/><G119/><T95/><D95/><U56/><E110/><V52/><F40/><W65/><G65/><T111/><D111/><U94/><E13/><V126/><F126/><W129/><G30/><T18/><D74/><U120/><E120/><V61/><F61/><W100/><G129/><N who="1" m="49162" /><E63/><V45/><REACH who="2" step="1"/><F90/><AGARI ba="1,0" hai="19,20,24,56,58,83,84,87,88,90,94" m="49162" machi="90" ten="30,2900,0" yaku="19,1,54,1" doraHai="35" who="1" fromWho="2" sc="301,0,305,32,197,-32,197,0" /><INIT seed="1,2,0,3,1,23" ten="301,337,165,197" oya="1" hai0="124,71,57,115,108,7,125,55,44,131,52,6,30" hai1="29,102,122,69,133,4,105,47,98,67,119,24,129" hai2="22,117,62,49,19,78,48,13,43,134,132,94,15" hai3="68,120,26,61,60,114,109,70,135,85,96,74,100"/><U92/><E122/><V17/><F117/><W79/><G74/><T93/><D115/><U37/><E119/><V50/><F78/><W80/><G114/><T40/><D71/><U110/><E4/><V95/><F43/><W38/><G38/><T111/><D93/><U12/><E12/><V118/><F118/><W1/><G1/><T33/><D131/><U87/><E129/><V51/><N who="2" m="12288" /><DORA hai="27" /><V107/><F107/><W14/><G109/><N who="0" m="42059" /><D44/><U41/><E110/><V5/><F62/><W34/><G135/><N who="2" m="51753" /><F5/><N who="0" m="1546" /><D40/><U63/><E133/><V9/><AGARI ba="2,0" hai="9,13,15,17,19,22,94,95" m="51753,12288" machi="9" ten="50,1600,0" yaku="20,1" doraHai="23,27" who="2" fromWho="2" sc="301,-6,337,-10,165,22,197,-6" /><INIT seed="2,0,0,0,4,83" ten="295,327,187,191" oya="2" hai0="16,107,50,14,121,112,2,118,130,41,58,39,90" hai1="122,110,82,56,115,76,23,31,69,8,24,10,64" hai2="114,75,36,123,105,18,80,99,86,120,5,33,54" hai3="96,27,1,15,3,104,13,57,127,126,78,131,48"/><V119/><F114/><W65/><G78/><T67/><D112/><U51/><E115/><V68/><F119/><W79/><G79/><T72/><D121/><U117/><E117/><V63/><F36/><W116/><G116/><T124/><D118/><U109/><E69/><V42/><F42/><W135/><G27/><T88/><D2/><U21/><E122/><V34/><F75/><W61/><G48/><T125/><D107/><U52/><E64/><V97/><F105/><W25/><G25/><T71/><D72/><N who="1" m="43271" /><E21/><V0/><F34/><W47/><G47/><N who="0" m="23999" /><D71/><U40/><E40/><V30/><F68/><W106/><G131/><T11/><D130/><U45/><E45/><V95/><F123/><W53/><G135/><T77/><D77/><U89/><E89/><V44/><F44/><W49/><G1/><T60/><D50/><U28/><E31/><V133/><F30/><W55/><G3/><T35/><D35/><U101/><E101/><V113/><F33/><W38/><G38/><T128/><D128/><U129/><E129/><V26/><F0/><W134/><G134/><T9/><D9/><U103/><E103/><V102/><F133/><W87/><G13/><T66/><D66/><U12/><E12/><V32/><F32/><W91/><G15/><T6/><D6/><U59/><E59/><V73/><F26/><W29/><G29/><T93/><D93/><U19/><E28/><V17/><F95/><N who="3" m="54783" /><G106/><T46/><D46/><U108/><AGARI ba="0,0" hai="8,10,19,23,24,51,52,56,108,109,110" m="43271" machi="108" ten="30,2000,0" yaku="14,1,54,1" doraHai="83" who="1" fromWho="1" sc="295,-5,327,20,187,-10,191,-5" /><INIT seed="3,0,0,5,4,71" ten="290,347,177,186" oya="3" hai0="53,109,116,115,47,24,132,125,80,114,58,43,119" hai1="34,31,52,4,21,128,36,82,79,126,63,27,120" hai2="81,77,67,101,57,85,88,75,96,14,7,98,0" hai3="3,32,105,117,102,72,84,60,66,92,29,124,17"/><W45/><G3/><T23/><D80/><U55/><E120/><V69/><F0/><W100/><G72/><T2/><D2/><U113/><E113/><N who="0" m="43017" /><D23/><U131/><E126/><V78/><F69/><W86/><G117/><T40/><D24/><U48/><E4/><V107/><F98/><W121/><G121/><T50/><D125/><U19/><E63/><V104/><F104/><W13/><G105/><T37/><D109/><U44/><E36/><V12/><F7/><W106/><G106/><T93/><D93/><U38/><E38/><V103/><F103/><W97/><G102/><T94/><D94/><U54/><E128/><V33/><F33/><W64/><G29/><T10/><D10/><U108/><E108/><V30/><F30/><W122/><G32/><T9/><D9/><U89/><E89/><V129/><F129/><W130/><G130/><T16/><D16/><U61/><E61/><N who="2" m="38319" /><F78/><W127/><G60/><N who="0" m="35919" /><D132/><U112/><E112/><V20/><F20/><W83/><G127/><T39/><D50/><U90/><E90/><V99/><F99/><W87/><G124/><T25/><D25/><N who="1" m="14527" /><E131/><V5/><F5/><W111/><G111/><T6/><D6/><U65/><E79/><V74/><F74/><W18/><G83/><T135/><D135/><U59/><E82/><V56/><F75/><W28/><G28/><T51/><D51/><U62/><E34/><V91/><F91/><W70/><G18/><T46/><AGARI ba="0,0" hai="37,39,40,43,46,47,116,119" m="35919,43017" machi="46" ten="30,8000,1" yaku="11,1,34,2,52,2" doraHai="71" who="0" fromWho="0" sc="290,80,347,-20,177,-20,186,-40" /><INIT seed="4,0,0,4,5,127" ten="370,327,157,146" oya="0" hai0="106,119,77,11,87,102,14,92,52,15,100,20,83" hai1="26,84,30,132,16,17,97,89,57,68,135,46,91" hai2="32,115,6,118,108,23,74,104,37,72,35,47,55" hai3="110,103,64,107,66,111,29,25,95,42,21,34,99"/><T70/><D119/><U3/><E68/><V5/><F108/><W134/><G134/><N who="1" m="51242" /><E3/><V41/><F104/><W59/><G42/><T86/><D106/><U81/><E57/><V18/><F115/><W4/><G4/><T131/><D131/><U75/><E75/><V45/><F118/><W122/><G122/><T120/><D120/><U65/><E65/><V36/><F23/><W28/><G66/><T13/><D70/><U1/><E1/><V44/><F18/><W53/><G107/><T51/><D11/><U96/><E46/><V85/><F47/><W8/><G8/><T101/><D87/><N who="1" m="50415" /><E97/><V22/><F85/><W129/><G129/><T71/><D71/><U27/><E96/><V63/><F22/><W38/><G38/><T50/><D50/><U67/><E67/><V123/><F123/><W130/><G64/><T98/><D20/><N who="1" m="15719" /><E26/><V105/><F105/><W19/><G130/><T39/><D39/><U121/><E121/><V79/><F41/><W12/><REACH who="3" step="1"/><G29/><REACH who="3" ten="370,327,157,136" step="2"/><T48/><REACH who="0" step="1"/><D51/><AGARI ba="0,1" hai="12,19,21,25,28,34,51,53,59,95,99,103,110,111" machi="51" ten="30,3900,0" yaku="1,1,2,1,7,1,53,0" doraHai="127" doraHaiUra="109" who="3" fromWho="0" sc="370,-39,327,0,157,0,136,49" /><INIT seed="5,0,0,1,0,45" ten="331,327,157,185" oya="1" hai0="104,77,71,114,118,12,1,68,80,36,81,70,38" hai1="85,62,50,21,24,57,95,122,106,20,120,92,101" hai2="26,105,47,96,124,32,5,37,17,132,116,69,8" hai3="87,117,59,13,44,74,22,14,125,63,128,56,111"/><U94/><E85/><V40/><F116/><W0/><G0/><T123/><D118/><U6/><E6/><V130/><F132/><W93/><G74/><T91/><D1/><U35/><E35/><V60/><F130/><W51/><G111/><T39/><D104/><U119/><E119/><V27/><F124/><W30/><G128/><T107/><D107/><U121/><E50/><V64/><F17/><W83/><G93/><T84/><D114/><U113/><E113/><V127/><F127/><W99/><G99/><T33/><D33/><U97/><REACH who="1" step="1"/><E24/><REACH who="1" ten="331,317,157,185" step="2"/><V79/><F32/><W82/><G87/><T29/><D84/><U52/><AGARI ba="0,1" hai="20,21,52,57,62,92,94,95,97,101,106,120,121,122" machi="52" ten="40,18000,2" yaku="1,1,2,1,0,1,54,1,53,2" doraHai="45" doraHaiUra="19" who="1" fromWho="1" sc="331,-60,317,190,157,-60,185,-60" /><INIT seed="5,1,0,2,1,66" ten="271,507,97,125" oya="1" hai0="98,94,80,74,0,85,75,72,102,95,3,73,135" hai1="128,54,42,52,114,10,61,91,56,78,131,118,108" hai2="37,64,34,31,106,123,79,133,4,93,1,23,9" hai3="116,29,25,113,7,36,105,134,19,28,46,77,16"/><U48/><E118/><V124/><F123/><W18/><G105/><N who="0" m="63703" /><D0/><U60/><E78/><V51/><F106/><W126/><G77/><N who="0" m="44095" /><D3/><U20/><E20/><V81/><F37/><W21/><G46/><T32/><D32/><U11/><E108/><V129/><F133/><W44/><G44/><T65/><D65/><U69/><E91/><V76/><F129/><N who="1" m="49737" /><E114/><V115/><F115/><W43/><G43/><T92/><D135/><U57/><E10/><V101/><F9/><W33/><G36/><T59/><D59/><U68/><E11/><V22/><F23/><W26/><G134/><T17/><D17/><U89/><E89/><AGARI ba="1,0" hai="72,73,74,85,89,92,94,95" m="44095,63703" machi="89" ten="30,12000,2" yaku="24,1,35,5" doraHai="66" who="0" fromWho="1" sc="271,123,507,-123,97,0,125,0" /><INIT seed="6,0,0,3,5,75" ten="394,384,97,125" oya="2" hai0="6,19,131,23,89,81,98,26,90,118,56,50,62" hai1="11,94,92,12,63,42,107,3,76,72,32,97,127" hai2="96,58,69,37,2,108,35,79,93,53,101,47,20" hai3="130,28,85,123,132,87,36,66,64,41,43,40,14"/><V103/><F35/><W116/><G36/><T112/><D112/><U115/><E32/><V126/><F2/><W34/><G123/><T109/><D109/><U82/><E3/><V30/><F69/><W31/><G34/><T135/><D131/><U55/><E115/><V18/><F126/><W88/><G116/><T114/><D114/><U54/><E127/><V133/><F30/><N who="3" m="11307" /><G132/><T77/><D135/><U83/><E42/><V117/><F117/><W49/><G130/><T52/><D118/><U86/><E107/><V125/><F125/><W57/><G14/><T124/><D124/><U80/><E72/><V100/><F133/><W78/><G78/><T16/><D6/><N who="1" m="3191" /><E92/><V113/><F113/><W39/><G39/><T128/><D128/><U61/><E61/><V65/><F108/><W51/><G85/><N who="0" m="48303" /><D19/><U15/><E15/><N who="2" m="9311" /><F37/><W21/><G21/><T38/><D38/><U71/><E71/><V0/><F0/><W7/><G7/><T104/><D104/><U48/><E63/><N who="2" m="38135" /><F79/><W111/><G111/><T73/><D73/><U122/><E122/><V105/><F105/><W67/><G57/><N who="0" m="32919" /><D98/><U84/><E84/><V129/><F129/><W60/><G60/><T134/><D134/><U8/><E8/><V74/><F74/><W25/><G25/><T68/><D68/><U106/><E106/><V4/><F4/><W33/><G33/><T121/><D121/><U10/><E10/><V45/><F96/><W24/><G24/><T29/><D29/><U110/><E110/><V1/><F1/><W120/><G120/><T99/><D99/><U91/><E48/><RYUUKYOKU ba="0,0" sc="394,10,384,10,97,-30,125,10" hai0="16,23,26,56,62,89,90" hai1="54,55,76,80,82,83,86,91,94,97" hai3="40,41,43,49,51,64,66,67,87,88" /><INIT seed="7,1,0,4,0,41" ten="404,394,67,135" oya="3" hai0="116,0,68,82,60,102,99,15,6,118,77,103,39" hai1="126,17,70,83,58,29,23,57,86,64,127,31,10" hai2="33,4,121,66,7,54,2,34,21,12,75,87,53" hai3="36,52,110,91,27,47,18,105,71,132,93,62,85"/><W111/><G105/><N who="0" m="63711" /><D103/><U22/><E70/><V14/><F75/><W50/><G36/><T92/><D92/><U32/><E32/><V98/><F121/><W120/><G132/><T3/><D15/><N who="1" m="7415" /><E127/><V37/><F37/><W107/><G107/><T106/><D106/><U48/><E126/><V135/><F135/><W35/><G120/><T84/><D84/><U49/><E22/><V79/><F66/><W46/><G62/><T28/><D28/><N who="1" m="10827" /><E23/><V67/><F67/><W108/><G71/><T20/><D20/><U59/><E64/><V100/><F2/><N who="0" m="554" /><D6/><U13/><E13/><V123/><F123/><W97/><G18/><T124/><D124/><U115/><E115/><V78/><F21/><W112/><G112/><T109/><D109/><U113/><E113/><V55/><F55/><W94/><G27/><T76/><D39/><U30/><E30/><V134/><F134/><W133/><G35/><T74/><D77/><AGARI ba="1,0" hai="48,49,57,58,59,77,83,86" m="10827,7415" machi="77" ten="30,1000,0" yaku="8,1" doraHai="41" who="1" fromWho="0" sc="404,-13,394,13,67,0,135,0" owari="391,19.0,407,50.0,67,-43.0,135,-26.0" /></mjloggm>