<mjloggm ver="2.3"><GO type="169" lobby="0"/><UN n0="%E6%A1%9C%E4%BA%95%E3%81%95%E3%82%93" n1="%E3%83%9F%E3%83%89%E3%82%AC%E3%83%AD%E3%83%B3" n2="%E7%A7%81%E3%81%AF%E3%81%8C%E3%81%A1%E3%81%BB%E3%82%82" n3="%E3%82%A6%E3%83%AB%E3%83%88%E3%83%A9%E7%AB%8B%E7%9B%B4" dan="18,16,17,18" rate="2274.71,2032.88,2234.37,2251.10" sx="M,M,M,M"/><TAIKYOKU oya="0"/><INIT seed="0,0,0,1,2,7" ten="250,250,250,250" oya="0" hai0="134,70,58,30,84,79,105,57,116,114,55,27,119" hai1="42,133,118,96,108,53,76,38,22,123,98,12,0" hai2="8,2,101,81,47,48,19,68,106,3,59,111,23" hai3="61,66,71,52,95,15,37,20,130,85,83,121,110"/><T41/><D70/><U35/><E123/><V107/><F68/><W89/><G110/><T90/><D114/><U100/><E118/><V40/><F111/><W25/><G130/><T80/><D105/><U72/><E0/><V74/><F101/><W11/><G37/><T64/><D134/><U10/><E35/><V44/><F59/><W50/><G121/><T77/><D41/><U124/><E108/><V49/><F81/><W103/><G103/><T65/><D116/><U43/><E133/><V24/><F74/><W126/><G126/><T32/><D119/><U131/><E131/><V102/><F102/><W51/><G95/><T69/><D69/><U128/><E128/><V62/><F62/><W117/><G117/><T88/><D90/><U92/><E124/><V56/><F56/><W45/><G50/><T87/><D58/><U33/><E33/><V21/><F21/><W17/><REACH who="3" step="1"/><G25/><REACH who="3" ten="250,250,250,240" step="2"/><T104/><D104/><U99/><E38/><V1/><F107/><W67/><G67/><T129/><D129/><U9/><E92/><V26/><F26/><W91/><G91/><T97/><D65/><U127/><E100/><V39/><F106/><W34/><G34/><T28/><D64/><U75/><E127/><V31/><F44/><W5/><G5/><T113/><D88/><U13/><E76/><V46/><F47/><W86/><G86/><T78/><D87/><U115/><E72/><V109/><F109/><W36/><G36/><T16/><D32/><U135/><E75/><V60/><F60/><W29/><G29/><N who="0" m="11371" /><D84/><U94/><E135/><V120/><F120/><RYUUKYOKU ba="0,1" sc="250,-15,250,-15,250,15,240,15" hai2="1,2,3,8,19,23,24,31,39,40,46,48,49" hai3="11,15,17,20,45,51,52,61,66,71,83,85,89" /><INIT seed="1,1,1,1,2,21" ten="235,235,265,255" oya="1" hai0="66,46,8,11,91,102,117,24,0,50,77,39,88" hai1="118,40,123,89,129,4,14,86,112,27,90,49,106" hai2="122,44,53,33,83,2,78,114,18,37,101,52,38" hai3="95,135,10,41,5,93,109,65,108,29,12,45,94"/><U68/><E118/><V15/><F2/><W57/><G135/><T80/><D117/><U115/><E123/><V84/><F122/><W116/><G116/><T119/><D119/><U71/><E106/><V100/><F33/><W22/><G65/><T43/><D102/><U54/><E40/><V6/><F6/><W98/><G57/><T62/><D50/><U19/><E129/><V7/><F7/><W59/><G59/><T99/><D0/><U60/><E4/><V28/><F28/><W82/><G82/><T67/><D67/><U79/><E79/><V105/><F105/><W63/><G63/><T128/><D128/><U121/><E121/><V17/><F17/><W81/><G81/><T75/><D24/><U1/><E1/><V107/><F107/><W130/><G130/><T132/><D132/><U103/><E103/><V127/><F127/><W92/><G22/><T87/><D99/><U125/><E125/><V20/><F114/><W124/><G29/><T72/><D91/><U120/><E120/><V133/><F133/><W30/><G30/><T36/><D36/><U31/><E90/><V111/><F37/><W26/><G26/><T3/><D3/><U55/><E55/><N who="2" m="21067" /><F100/><N who="3" m="60487" /><G124/><T69/><REACH who="0" step="1"/><D75/><REACH who="0" ten="225,235,265,255" step="2"/><U64/><E112/><V104/><F101/><W110/><G110/><T42/><D42/><U97/><E115/><V58/><F111/><W9/><G109/><T113/><D113/><U23/><E97/><V34/><F104/><W74/><G108/><T32/><D32/><U51/><E51/><V16/><F34/><W131/><G131/><T76/><D76/><RYUUKYOKU ba="1,2" sc="225,30,235,-10,265,-10,255,-10" hai0="8,11,39,43,46,62,66,69,72,77,80,87,88" /><INIT seed="2,2,2,0,2,5" ten="255,225,255,245" oya="2" hai0="9,35,79,87,69,99,71,8,105,27,74,70,63" hai1="20,116,109,62,84,44,50,1,76,47,24,130,13" hai2="126,96,7,100,131,93,108,133,52,28,86,26,17" hai3="41,112,95,49,120,58,88,81,72,30,115,46,40"/><V123/><F123/><W132/><G120/><T15/><D74/><U42/><E116/><V32/><F133/><W48/><G30/><N who="0" m="19935" /><D15/><U103/><E1/><V113/><F113/><N who="3" m="43595" /><G132/><T127/><D70/><U89/><E109/><V16/><F108/><W85/><G58/><T122/><D71/><U104/><E76/><V121/><F121/><W23/><G23/><T110/><D127/><U10/><E62/><V64/><F64/><W57/><G57/><T134/><D134/><U60/><E60/><V75/><F75/><W129/><G129/><T90/><D79/><U12/><E130/><V51/><F131/><W25/><G25/><T43/><D43/><N who="3" m="16457" /><G46/><T124/><D124/><U78/><E47/><V118/><F118/><W83/><G72/><T117/><D117/><U125/><E125/><V6/><F126/><W53/><G53/><T65/><D110/><U119/><E119/><V39/><F39/><W0/><G0/><T4/><D122/><U128/><E128/><V21/><F86/><W92/><G92/><N who="0" m="54367" /><D4/><N who="2" m="1578" /><F32/><W3/><G3/><T29/><D29/><U97/><E78/><V31/><F28/><W73/><G73/><T14/><D14/><U106/><E13/><V98/><F98/><W22/><G22/><T111/><D111/><U66/><E66/><V102/><F102/><AGARI ba="2,2" hai="8,9,63,65,69,99,102,105" m="54367,19935" machi="102" ten="30,3900,0" yaku="25,1,52,2" doraHai="5" who="0" fromWho="2" sc="255,65,225,0,255,-45,245,0" /><INIT seed="3,0,0,0,2,46" ten="320,225,210,245" oya="3" hai0="122,60,124,58,1,39,92,81,22,20,28,67,36" hai1="13,113,85,78,130,93,32,66,107,116,118,99,105" hai2="91,0,88,95,47,5,94,61,127,49,106,57,53" hai3="7,37,15,41,77,114,120,133,123,19,2,126,54"/><W72/><G114/><T135/><D122/><U129/><E32/><V76/><F106/><N who="1" m="40457" /><E13/><V4/><F127/><W17/><G126/><T10/><D135/><U18/><E18/><V79/><F0/><W132/><G77/><N who="2" m="29769" /><F95/><W117/><G72/><T55/><D81/><N who="1" m="47287" /><E66/><N who="2" m="39215" /><F91/><W29/><G117/><T128/><D128/><N who="1" m="49259" /><E113/><V45/><F45/><N who="3" m="23727" /><G29/><T35/><D28/><U8/><E8/><V48/><F48/><W96/><G7/><T119/><D39/><U73/><E73/><V23/><F23/><W75/><G75/><T101/><D36/><U125/><E125/><V27/><F27/><W14/><G2/><T104/><D1/><U108/><E108/><V89/><F89/><AGARI ba="0,0" hai="89,93,99,116,118" m="49259,47287,40457" machi="89" ten="30,3900,0" yaku="19,1,34,2" doraHai="46" who="1" fromWho="2" sc="320,0,225,39,210,-39,245,0" /><INIT seed="4,0,0,2,5,55" ten="320,264,171,245" oya="0" hai0="104,86,72,135,28,112,74,131,115,24,26,27,42" hai1="75,120,12,116,49,71,41,29,8,47,91,33,61" hai2="73,31,132,22,119,70,69,45,0,129,7,109,76" hai3="37,84,4,89,52,5,3,113,93,92,82,88,95"/><T39/><D104/><U60/><E116/><V11/><F109/><W10/><G113/><N who="0" m="43595" /><D135/><U56/><E120/><V46/><F132/><W118/><G118/><T126/><D126/><U34/><E75/><N who="0" m="28713" /><D131/><U64/><E91/><V107/><F107/><W51/><G37/><T102/><D102/><U63/><E63/><V19/><F31/><W98/><REACH who="3" step="1"/><G5/><REACH who="3" ten="320,264,171,235" step="2"/><T128/><D128/><U62/><E62/><V44/><F119/><W15/><G15/><T32/><D86/><U85/><E85/><V1/><F129/><W59/><AGARI ba="0,1" hai="3,4,10,51,52,59,82,84,88,89,92,93,95,98" machi="59" ten="20,12000,2" yaku="1,1,0,1,7,1,52,1,54,2,53,1" doraHai="55" doraHaiUra="48" who="3" fromWho="3" sc="320,-60,264,-30,171,-30,235,130" /><INIT seed="5,0,0,4,3,22" ten="260,234,141,365" oya="1" hai0="56,27,103,11,83,78,33,25,98,94,2,130,123" hai1="38,35,79,3,29,12,110,70,69,34,119,84,21" hai2="90,17,95,74,10,101,128,51,36,53,23,96,109" hai3="18,102,87,42,61,28,16,13,19,77,66,105,114"/><U86/><E119/><V135/><F109/><W32/><G42/><T132/><D33/><U52/><E3/><V111/><F111/><W50/><G50/><T71/><D71/><U67/><E110/><V48/><F36/><W81/><G114/><T121/><D132/><U107/><E107/><V44/><F135/><W124/><G124/><T30/><D30/><U131/><E38/><V45/><F128/><W54/><G54/><T75/><D130/><U0/><E0/><V4/><F74/><W6/><G6/><N who="0" m="1495" /><D56/><U41/><E41/><V5/><F101/><W134/><G105/><T118/><D118/><U100/><E100/><V43/><REACH who="2" step="1"/><F10/><REACH who="2" ten="260,234,131,365" step="2"/><W72/><G102/><T7/><D75/><U122/><E131/><V55/><F55/><W127/><G72/><T80/><D103/><U99/><E52/><V39/><F39/><W24/><G134/><T113/><D113/><U49/><E122/><V85/><F85/><W26/><G87/><T73/><D73/><U8/><E86/><V116/><F116/><W63/><G127/><T76/><D98/><U108/><E99/><V117/><F117/><W59/><G66/><T88/><D121/><U1/><E108/><V62/><F62/><W120/><G63/><T58/><D123/><U89/><E67/><V68/><F68/><W82/><G61/><T133/><D133/><U20/><E70/><V46/><F46/><W106/><G120/><T125/><D125/><U97/><E69/><V115/><F115/><W40/><G106/><T64/><D64/><U65/><E65/><V9/><F9/><W112/><G112/><RYUUKYOKU ba="0,1" sc="260,-10,234,-10,131,30,365,-10" hai2="4,5,17,23,43,44,45,48,51,53,90,95,96" /><INIT seed="6,1,1,1,2,132" ten="250,224,161,355" oya="2" hai0="59,64,60,39,63,127,93,30,4,26,100,92,20" hai1="104,34,85,126,50,122,71,35,112,133,36,125,99" hai2="97,113,77,69,17,129,21,68,42,14,62,123,51" hai3="135,106,102,83,61,96,134,90,58,117,31,105,118"/><V109/><F123/><W33/><G106/><T7/><D39/><U43/><E133/><N who="3" m="50698" /><G31/><T9/><D127/><N who="1" m="48651" /><E122/><V24/><F113/><W67/><G33/><T70/><D100/><N who="1" m="62495" /><E112/><V15/><F129/><W124/><G124/><T45/><D45/><N who="1" m="23783" /><E71/><V87/><F109/><W76/><G90/><T6/><REACH who="0" step="1"/><D9/><REACH who="0" ten="240,224,161,355" step="2"/><U128/><E128/><V65/><F69/><W53/><G102/><T130/><D130/><U1/><E1/><V55/><F42/><W72/><G117/><T47/><D47/><U74/><E74/><V28/><F28/><W73/><G73/><T57/><D57/><U29/><E29/><V52/><F55/><AGARI ba="1,2" hai="4,6,7,20,26,30,55,59,60,63,64,70,92,93" machi="55" ten="40,1300,0" yaku="1,1,53,0" doraHai="132" doraHaiUra="120" who="0" fromWho="2" sc="240,36,224,0,161,-16,355,0" /><INIT seed="7,0,0,5,1,20" ten="276,224,145,355" oya="3" hai0="38,58,57,21,105,2,80,17,40,86,90,99,63" hai1="79,128,29,1,102,97,71,119,132,69,16,127,113" hai2="25,84,92,123,64,55,114,78,112,121,107,27,49" hai3="118,104,60,110,109,73,94,85,44,81,103,48,115"/><W120/><G60/><T96/><D2/><U52/><E1/><V33/><F33/><W98/><G115/><N who="2" m="44073" /><F107/><W95/><G120/><N who="2" m="46153" /><F64/><W72/><G118/><T50/><D38/><U7/><E7/><V35/><F35/><W129/><G129/><T14/><D105/><U18/><E113/><V24/><F92/><W6/><G6/><T61/><D61/><U43/><E119/><V4/><F4/><W8/><G95/><T87/><D87/><U70/><E128/><V9/><F9/><W77/><G8/><T131/><D131/><U116/><E116/><V51/><F55/><N who="3" m="30087" /><G73/><T133/><D133/><U82/><E132/><V76/><F76/><W54/><G54/><N who="0" m="31959" /><D40/><U88/><E43/><V23/><F23/><W47/><G104/><T75/><D75/><U28/><E52/><AGARI ba="0,0" hai="14,17,21,52,58,63,80,86,90,96,99" m="31959" machi="52" ten="30,2000,0" yaku="8,1,54,1" doraHai="20" who="0" fromWho="1" sc="276,20,224,-20,145,0,355,0" owari="296,10.0,204,-20.0,145,-35.0,355,45.0" /></mjloggm>