<mjloggm ver="2.3"><GO type="169" lobby="0"/><UN n0="%E5%B9%B3%E4%BA%95%E9%8A%80%E4%BA%8C" n1="%E5%B0%B1%E6%B4%BB%E7%94%9F%40%E5%B7%9D%E6%9D%91%E8%BB%8D%E5%9B%A3" n2="%E4%BA%91%E5%92%8C%E5%B1%B1%E7%9A%84%E5%BD%BC%E7%AB%AF" n3="%7A%65%52%6F" dan="17,18,16,17" rate="2120.51,2269.50,2076.05,2229.51" sx="M,M,F,M"/><TAIKYOKU oya="0"/><INIT seed="0,0,0,5,3,124" ten="250,250,250,250" oya="0" hai0="85,133,39,89,38,97,72,131,58,74,61,53,0" hai1="95,101,93,115,109,7,20,92,6,57,12,69,47" hai2="28,18,70,8,27,126,49,84,17,13,128,90,75" hai3="88,65,2,5,120,125,127,130,98,46,36,64,19"/><T77/><D0/><U96/><E69/><V112/><F112/><W104/><G120/><T118/><D118/><U48/><E115/><V21/><F75/><W82/><G5/><T102/><D133/><U34/><E34/><V67/><F126/><W79/><G2/><T91/><D74/><U56/><E109/><V22/><F128/><W14/><G127/><T25/><D72/><U73/><E73/><V11/><F49/><W107/><G79/><T105/><D131/><U66/><E7/><V31/><F70/><W83/><G130/><T45/><D77/><U42/><E66/><V32/><F67/><W3/><G3/><T114/><D114/><U37/><E37/><V16/><F90/><W121/><G121/><T30/><D45/><U43/><E42/><V106/><F84/><W33/><G33/><T81/><REACH who="0" step="1"/><D89/><REACH who="0" ten="240,250,250,250" step="2"/><U63/><E101/><V119/><F119/><W55/><G46/><T50/><D50/><U78/><E78/><V24/><F106/><W76/><G104/><T44/><D44/><U29/><E48/><V86/><F86/><W35/><G88/><T87/><D87/><U100/><E47/><V4/><F11/><W134/><G107/><T122/><D122/><U54/><E43/><V26/><AGARI ba="0,1" hai="4,8,13,16,17,18,21,22,24,26,27,28,31,32" machi="26" ten="20,16000,3" yaku="0,1,7,1,35,6,54,1" doraHai="124" who="2" fromWho="2" sc="240,-80,250,-40,250,170,250,-40" /><INIT seed="1,0,0,4,0,48" ten="160,210,420,210" oya="1" hai0="90,34,67,73,27,134,122,12,14,135,104,105,45" hai1="115,124,120,127,59,16,4,101,62,109,78,87,89" hai2="61,33,133,44,103,6,82,20,77,29,25,130,125" hai3="32,98,123,64,8,38,52,2,46,1,74,55,50"/><U81/><E120/><V39/><F125/><N who="1" m="48201" /><E115/><V106/><F133/><N who="0" m="50698" /><D122/><U63/><E4/><V110/><F110/><W40/><G123/><T69/><D73/><U30/><E30/><V118/><F118/><W93/><G74/><T129/><D129/><U126/><E101/><V22/><F130/><W96/><G32/><T7/><D7/><U108/><N who="1" m="48209" /><U95/><DORA hai="54" /><E16/><V68/><F6/><W92/><G64/><T79/><D79/><U119/><E119/><V53/><F103/><N who="3" m="60807" /><G38/><T80/><D34/><U70/><E70/><V83/><F106/><W35/><G35/><T72/><D69/><U24/><E24/><V86/><F68/><W21/><G2/><T0/><D27/><U49/><E49/><V36/><F36/><W5/><G1/><T76/><D0/><U23/><E23/><V94/><F22/><W99/><G99/><T112/><D112/><U85/><E62/><V97/><F61/><W117/><G117/><T102/><D104/><U71/><E71/><V18/><F33/><W41/><G41/><T116/><D116/><U57/><E63/><V10/><F29/><W26/><G5/><T3/><D3/><U113/><E113/><V75/><F39/><W17/><G8/><T13/><D105/><U42/><E42/><V15/><F10/><W47/><G47/><T111/><D45/><U128/><E128/><V65/><F44/><W11/><G11/><T107/><D107/><U43/><E43/><V121/><F20/><W9/><G9/><T31/><D31/><U19/><E19/><V60/><F18/><W131/><G131/><RYUUKYOKU ba="0,0" sc="160,-15,210,15,420,-15,210,15" hai1="57,59,78,81,85,87,89,95,108,109" hai3="17,21,26,40,46,50,52,55,93,98" /><INIT seed="1,1,0,0,0,58" ten="145,225,405,225" oya="1" hai0="18,100,78,108,79,103,111,41,97,39,29,121,32" hai1="16,68,11,9,117,4,0,10,7,43,133,131,119" hai2="125,126,87,45,57,36,89,74,3,25,95,84,101" hai3="70,92,62,54,128,115,49,64,56,35,88,1,75"/><U129/><E68/><V17/><F74/><W23/><G35/><T51/><D39/><U104/><E104/><V33/><F3/><W15/><G1/><T48/><D121/><U116/><E43/><V112/><F112/><W69/><G75/><T91/><D91/><U65/><E65/><V93/><F101/><W135/><G115/><T76/><D18/><U52/><E133/><V80/><F84/><W12/><G135/><T122/><D122/><U55/><E16/><V59/><F36/><W134/><G134/><T30/><D41/><U66/><E66/><V60/><F45/><W6/><G128/><N who="1" m="49226" /><E0/><V99/><F99/><W47/><G12/><T72/><D72/><U63/><E63/><V96/><F96/><W85/><REACH who="3" step="1"/><G23/><REACH who="3" ten="145,225,405,215" step="2"/><T5/><D32/><U105/><E105/><V86/><F33/><W132/><G132/><T118/><D5/><AGARI ba="1,1" hai="4,5,7,9,10,11,52,55,116,117,119" m="49226" machi="5" ten="40,12000,1" yaku="28,2,19,1,54,1" doraHai="58" who="1" fromWho="0" sc="145,-123,225,133,405,0,215,0" /><INIT seed="1,2,0,2,2,83" ten="22,358,405,215" oya="1" hai0="37,70,118,9,80,129,35,86,24,51,44,101,95" hai1="75,124,104,41,12,36,29,43,19,63,135,25,99" hai2="61,53,134,116,49,64,66,81,22,31,30,62,108" hai3="77,60,117,133,65,97,8,79,103,72,131,74,50"/><U13/><E75/><V28/><F116/><W47/><G117/><T127/><D118/><U89/><E124/><V109/><F134/><W40/><G133/><T98/><D127/><U46/><E135/><V2/><F2/><W59/><G131/><T84/><D129/><U39/><E63/><V115/><F115/><W18/><G74/><T87/><D70/><U38/><E43/><V119/><F119/><W56/><G72/><T121/><D37/><U68/><E68/><V132/><F132/><W15/><REACH who="3" step="1"/><G59/><REACH who="3" ten="22,358,405,205" step="2"/><T123/><D80/><U3/><E3/><V91/><F81/><W105/><AGARI ba="2,1" hai="8,15,18,40,47,50,56,60,65,77,79,97,103,105" machi="105" ten="20,5200,0" yaku="1,1,2,1,0,1,7,1,53,0" doraHai="83" doraHaiUra="126" who="3" fromWho="3" sc="22,-15,358,-28,405,-15,205,68" /><INIT seed="2,0,0,1,1,99" ten="7,330,390,273" oya="2" hai0="35,96,64,90,119,94,56,40,47,33,114,106,86" hai1="102,93,34,12,36,48,124,43,118,44,97,17,132" hai2="28,89,84,67,68,51,117,6,22,87,54,92,11" hai3="60,74,123,79,2,55,113,63,135,130,27,39,126"/><V70/><F117/><W21/><G113/><T115/><D119/><U110/><E118/><V50/><F67/><W129/><G123/><T107/><D107/><U9/><E110/><V111/><F111/><W77/><G39/><T38/><D114/><U30/><E132/><V7/><F84/><W52/><G2/><T83/><D115/><U80/><E124/><V104/><F104/><W15/><G126/><T78/><D56/><U49/><E34/><V14/><F6/><W82/><G79/><T125/><D64/><U72/><E30/><V88/><F89/><W121/><G15/><T73/><D125/><U98/><REACH who="1" step="1"/><E97/><REACH who="1" ten="7,320,390,273" step="2"/><V29/><F29/><W13/><G135/><T59/><D59/><U62/><E62/><N who="3" m="23594" /><G121/><T19/><D19/><U58/><E58/><V26/><REACH who="2" step="1"/><F51/><REACH who="2" ten="7,320,380,273" step="2"/><W42/><G130/><T0/><D0/><U57/><E57/><AGARI ba="0,2" hai="7,11,14,22,26,28,50,54,57,68,70,87,88,92" machi="57" ten="30,12000,1" yaku="1,1,2,1,7,1,54,1,53,1" doraHai="99" doraHaiUra="46" who="2" fromWho="1" sc="7,0,320,-120,380,140,273,0" /><INIT seed="2,1,0,1,3,29" ten="7,200,520,273" oya="2" hai0="134,2,85,108,83,128,3,114,77,74,94,22,96" hai1="40,0,129,76,33,31,82,55,10,21,49,44,103" hai2="73,65,107,18,43,17,115,64,119,133,98,20,56" hai3="126,4,71,110,113,8,81,135,92,26,51,89,52"/><V69/><F115/><W125/><G71/><T47/><D114/><U50/><E129/><V48/><F119/><W118/><G118/><T127/><D128/><U32/><E103/><V62/><F73/><W100/><G113/><T80/><D108/><U54/><E0/><V60/><F133/><W88/><G135/><T35/><D134/><U130/><E130/><V53/><F43/><W36/><G36/><T72/><D127/><U5/><E31/><V123/><F123/><W97/><G26/><T19/><D35/><U93/><E21/><V13/><F18/><W120/><G110/><T42/><D72/><U58/><E93/><V39/><F39/><W7/><G120/><T46/><D46/><U132/><E132/><V67/><REACH who="2" step="1"/><F69/><REACH who="2" ten="7,200,510,273" step="2"/><W111/><G111/><T6/><D6/><U15/><REACH who="1" step="1"/><E40/><REACH who="1" ten="7,190,510,273" step="2"/><V14/><F14/><W66/><G126/><T41/><D41/><U61/><E61/><V86/><F86/><AGARI ba="1,2" hai="5,10,15,32,33,44,49,50,54,55,58,76,82,86" machi="86" ten="30,7700,0" yaku="1,1,7,1,52,2,53,0" doraHai="29" doraHaiUra="24" who="1" fromWho="2" sc="7,0,190,100,510,-80,273,0" /><INIT seed="3,0,0,4,4,15" ten="7,290,430,273" oya="3" hai0="14,85,3,64,54,56,40,50,35,75,108,134,124" hai1="34,78,32,100,51,61,129,46,20,38,65,66,59" hai2="12,9,84,60,130,92,79,133,80,86,31,5,105" hai3="53,6,2,109,19,37,25,24,103,114,125,77,127"/><W72/><G114/><T111/><D3/><U18/><E38/><V28/><F105/><W102/><G37/><T8/><D75/><U132/><E132/><V110/><F133/><W107/><G109/><N who="0" m="42059" /><D134/><U106/><E129/><V115/><F115/><W116/><G116/><T47/><D35/><U52/><E78/><V43/><F110/><W117/><G117/><T27/><D124/><N who="3" m="47689" /><G107/><T112/><D112/><U81/><E81/><V94/><F130/><W113/><G113/><T48/><D27/><U118/><E118/><V62/><F43/><W69/><G69/><T57/><D85/><U95/><E106/><V39/><F39/><W42/><G42/><T22/><D22/><U33/><E95/><N who="2" m="36395" /><F86/><W135/><G24/><T128/><D128/><U17/><E100/><V4/><F4/><W63/><G135/><T23/><D23/><U49/><E20/><V71/><F71/><W82/><G6/><N who="0" m="3351" /><D64/><U98/><E98/><V104/><F104/><W10/><G2/><T68/><D68/><U123/><E66/><V83/><F80/><W126/><G126/><T73/><D73/><U26/><E26/><V55/><F55/><W87/><G72/><T58/><AGARI ba="0,0" hai="40,47,48,50,54,56,57,58" m="3351,42059" machi="58" ten="30,1100,0" yaku="14,1" doraHai="15" who="0" fromWho="0" sc="7,11,290,-3,430,-3,273,-5" /><INIT seed="4,0,0,1,2,61" ten="18,287,427,268" oya="0" hai0="7,18,84,70,108,62,33,55,134,26,47,102,11" hai1="135,23,69,19,127,15,56,111,37,86,44,30,98" hai2="99,105,8,130,120,64,91,71,50,74,5,22,132" hai3="35,78,12,10,94,89,9,97,52,24,117,14,4"/><T133/><D108/><U112/><E69/><V100/><F120/><W28/><G117/><T3/><D102/><U17/><E111/><V72/><F130/><W38/><G38/><T43/><D84/><U49/><E127/><V40/><F132/><N who="0" m="50794" /><D55/><U96/><E112/><V36/><F36/><W82/><G52/><T0/><D0/><U68/><E68/><V95/><F22/><W51/><G51/><N who="0" m="27135" /><D18/><U63/><E37/><V20/><F20/><W80/><REACH who="3" step="1"/><G78/><REACH who="3" ten="18,287,427,258" step="2"/><T59/><D59/><U93/><E135/><V45/><F71/><W83/><G83/><T107/><D107/><U46/><E56/><V131/><F105/><W29/><G29/><N who="0" m="19639" /><D70/><U81/><E49/><V106/><F50/><W125/><G125/><T53/><D53/><U1/><E46/><V76/><F45/><W48/><G48/><T115/><D62/><U114/><E63/><V128/><F76/><W73/><G73/><T66/><D115/><U60/><E60/><V113/><F113/><W116/><G116/><T77/><D77/><U118/><E44/><V32/><F74/><W75/><G75/><T34/><D34/><U58/><E114/><V21/><F32/><W13/><G13/><T31/><D31/><U126/><E30/><V103/><F72/><W41/><G41/><T104/><D104/><U16/><E126/><V57/><F106/><W88/><G88/><T121/><D121/><U124/><E124/><V6/><F91/><W27/><G27/><T39/><D39/><U122/><E122/><V129/><F131/><W92/><G92/><T42/><D42/><U87/><E93/><RYUUKYOKU ba="0,1" sc="18,15,287,-15,427,-15,258,15" hai0="3,7,11,66" hai3="4,9,10,12,14,24,28,35,80,82,89,94,97" /><INIT seed="4,1,1,5,4,39" ten="33,272,412,273" oya="0" hai0="131,118,132,102,121,29,60,90,67,116,87,53,43" hai1="123,50,65,22,68,42,107,88,84,93,30,56,2" hai2="127,45,129,109,20,6,31,19,61,18,74,110,96" hai3="75,1,99,23,119,33,108,73,9,24,32,76,49"/><T63/><D121/><U34/><E2/><V54/><F74/><W37/><G37/><T52/><D131/><U86/><E107/><V47/><F129/><W55/><G108/><T125/><D102/><U64/><E34/><V100/><F127/><W103/><G119/><T124/><D29/><U36/><E68/><V104/><F6/><W111/><G111/><T115/><D115/><U70/><E70/><V27/><F45/><W40/><G9/><T13/><D13/><U25/><E123/><V128/><F128/><W0/><G32/><T133/><D87/><U92/><E36/><V62/><F109/><W66/><G66/><N who="1" m="25706" /><E56/><V71/><F110/><W48/><G33/><T17/><D67/><U134/><E134/><V101/><F101/><W46/><G75/><T28/><D28/><U94/><E86/><V98/><F98/><W106/><G73/><T95/><D95/><U117/><E117/><V57/><F47/><AGARI ba="1,1" hai="22,25,30,42,47,50,84,88,92,93,94" m="25706" machi="47" ten="30,3900,0" yaku="8,1,52,1,54,1" doraHai="39" who="1" fromWho="2" sc="33,0,272,52,412,-42,273,0" /><INIT seed="5,0,0,2,5,21" ten="33,324,370,273" oya="1" hai0="42,72,66,84,56,133,71,88,58,50,127,10,80" hai1="47,86,81,90,41,39,116,13,85,37,128,34,40" hai2="59,67,14,6,63,126,95,92,7,73,52,32,109" hai3="100,129,54,18,103,124,78,57,51,8,125,45,0"/><U104/><E116/><V49/><F73/><W68/><G68/><T106/><D133/><U112/><E104/><V35/><F109/><W48/><G78/><T111/><D111/><U97/><E34/><V75/><F75/><W26/><G129/><T24/><D127/><N who="3" m="48713" /><G0/><T135/><D135/><U22/><E128/><V123/><F126/><W15/><G26/><T38/><D106/><U91/><E112/><V94/><F123/><W23/><G8/><T119/><D119/><U46/><E97/><V118/><F118/><W62/><G51/><T74/><D10/><U83/><E22/><V43/><F43/><AGARI ba="0,0" hai="15,18,23,43,45,48,54,57,62,100,103" m="48713" machi="43" ten="30,1000,0" yaku="18,1" doraHai="21" who="3" fromWho="2" sc="33,0,324,0,370,-10,273,10" /><INIT seed="6,0,0,3,3,50" ten="33,324,360,283" oya="2" hai0="16,119,103,125,114,85,71,131,10,29,108,133,84" hai1="96,66,110,67,45,47,32,111,0,21,55,56,99" hai2="107,14,113,26,98,97,46,25,72,42,44,24,27" hai3="36,2,124,109,23,8,120,92,127,4,61,86,135"/><V64/><F72/><W58/><G36/><T100/><D29/><U80/><E32/><V68/><F113/><W102/><G109/><T83/><D10/><U48/><E0/><V69/><F27/><W115/><G120/><T77/><D71/><U79/><E110/><V132/><F132/><W40/><G40/><T65/><D65/><N who="1" m="24587" /><E111/><V90/><F14/><W76/><G135/><T17/><D108/><U78/><E21/><V129/><F129/><W104/><G104/><T101/><D131/><U33/><E33/><V34/><F34/><W89/><G102/><T53/><D133/><U5/><E5/><V31/><F31/><W60/><G115/><T43/><D114/><U123/><E123/><V93/><F64/><W106/><G106/><T35/><D35/><U28/><E28/><V13/><F13/><W116/><G116/><T63/><D119/><U94/><E96/><V12/><F12/><W1/><G2/><T9/><D125/><U122/><E122/><V41/><F41/><W117/><G117/><T74/><D43/><U112/><E112/><V81/><F81/><W15/><G23/><T82/><D9/><U128/><E80/><V88/><F107/><W59/><G1/><T118/><D118/><U3/><E3/><V62/><F42/><W19/><G4/><T95/><D95/><U22/><E22/><V87/><F93/><W75/><G127/><T57/><REACH who="0" step="1"/><D74/><REACH who="0" ten="23,324,360,283" step="2"/><U30/><E30/><V18/><F69/><W91/><G124/><T134/><D134/><U121/><E128/><V126/><F68/><W20/><G75/><T49/><D49/><RYUUKYOKU ba="0,1" sc="23,30,324,-10,360,-10,283,-10" hai0="16,17,53,57,63,77,82,83,84,85,100,101,103" /><INIT seed="7,1,1,0,0,45" ten="53,314,350,273" oya="3" hai0="48,117,20,26,27,112,1,106,119,84,104,44,12" hai1="69,67,25,70,85,73,24,121,19,97,52,13,43" hai2="127,28,105,87,42,93,134,103,17,8,7,40,51" hai3="6,59,11,34,107,32,75,71,122,78,126,9,123"/><W68/><G59/><T0/><D44/><U128/><E73/><V110/><F110/><W94/><G94/><T21/><D12/><U62/><E121/><V133/><F127/><W61/><G126/><T99/><D84/><U31/><E128/><V2/><F28/><W86/><G86/><T74/><D99/><U53/><E70/><N who="3" m="26666" /><G61/><T18/><D18/><U38/><E97/><N who="2" m="61679" /><F17/><W23/><G23/><T3/><D112/><U88/><E43/><V114/><F114/><W47/><G47/><T22/><D74/><U109/><E38/><V96/><F87/><W83/><G11/><T113/><D113/><U90/><E109/><V10/><F51/><W72/><G107/><T80/><D80/><U116/><E116/><V30/><F30/><W118/><G118/><T91/><D91/><U64/><E64/><V130/><F10/><W60/><G60/><T79/><D79/><U58/><E69/><V37/><F37/><W89/><G89/><N who="1" m="34410" /><E85/><V15/><F2/><N who="3" m="215" /><G75/><T125/><D125/><U100/><E100/><N who="2" m="60431" /><F130/><W36/><G36/><T135/><D1/><U108/><E108/><V56/><F56/><W102/><G102/><T101/><D101/><U4/><E4/><V50/><F50/><W41/><G41/><T49/><REACH who="0" step="1"/><D21/><REACH who="0" ten="43,314,350,273" step="2"/><N who="1" m="15759" /><E25/><V111/><F111/><W124/><G124/><T65/><D65/><U39/><E39/><V115/><F115/><W81/><G81/><T35/><D35/><AGARI ba="1,2" hai="32,34,35,72,78,83,122,123" m="215,26666" machi="35" ten="30,1500,0" yaku="23,1" doraHai="45" who="3" fromWho="0" sc="43,-18,314,0,350,0,273,38" /><INIT seed="7,2,0,2,1,77" ten="25,314,350,311" oya="3" hai0="40,31,105,9,67,44,62,99,5,54,49,4,61" hai1="69,30,128,108,13,109,113,14,24,71,127,25,104" hai2="11,111,18,97,50,17,48,134,16,46,103,45,63" hai3="98,53,22,101,8,66,124,83,28,15,10,36,21"/><W32/><G36/><T95/><D105/><U120/><E104/><V65/><F111/><N who="1" m="42569" /><E120/><V7/><F134/><W68/><G124/><T89/><D31/><U27/><E127/><V121/><F121/><W96/><G10/><T91/><D9/><U85/><E85/><V87/><F87/><W43/><G43/><T119/><D119/><U73/><E30/><V106/><F50/><W80/><G53/><T51/><D91/><U23/><E23/><V39/><F39/><W102/><G32/><T112/><D112/><U107/><E107/><V81/><F81/><N who="3" m="31307" /><G68/><N who="1" m="26186" /><E113/><V2/><REACH who="2" step="1"/><F48/><REACH who="2" ten="25,314,340,311" step="2"/><W19/><G66/><T116/><D116/><U115/><E115/><V117/><F117/><W82/><N who="3" m="31315" /><W29/><DORA hai="37" /><G29/><T47/><REACH who="0" step="1"/><D62/><REACH who="0" ten="15,314,340,311" step="2"/><U126/><E126/><V133/><F133/><W26/><G8/><T58/><AGARI ba="2,2" hai="4,5,40,44,47,49,51,54,58,61,67,89,95,99" machi="58" ten="20,16000,3" yaku="1,1,2,1,0,1,7,1,8,1,52,1,53,2" doraHai="77,37" doraHaiUra="0,20" who="0" fromWho="0" sc="15,186,314,-42,340,-42,311,-82" /><INIT seed="8,0,0,5,0,33" ten="201,272,298,229" oya="0" hai0="60,53,58,31,81,75,109,102,95,105,124,34,29" hai1="80,55,23,39,32,100,1,123,129,79,84,37,28" hai2="20,10,38,76,110,17,3,47,106,22,71,97,119" hai3="21,134,89,127,66,48,70,135,46,118,132,88,57"/><T128/><D105/><U59/><E123/><V36/><F110/><W120/><G120/><T50/><D109/><U104/><E32/><V107/><F71/><W131/><G70/><T12/><D128/><U18/><E129/><V94/><F119/><W101/><G131/><T73/><D124/><U5/><E28/><V65/><F76/><W91/><G127/><T35/><D35/><U8/><E100/><V85/><F65/><W122/><G122/><T82/><D73/><U7/><E7/><V40/><F38/><W63/><G101/><T16/><D75/><U0/><E104/><V69/><F69/><W78/><G78/><T62/><D34/><U52/><E1/><V67/><F67/><W27/><G118/><T111/><D111/><U108/><E108/><V126/><F126/><W121/><G121/><T26/><D26/><U117/><E55/><V103/><F85/><W9/><G9/><N who="0" m="6159" /><D31/><U49/><E117/><V115/><F115/><W14/><G14/><AGARI ba="0,0" hai="0,5,8,14,18,23,37,39,49,52,59,79,80,84" machi="14" ten="30,3900,0" yaku="7,1,52,1,54,1" doraHai="33" who="1" fromWho="3" sc="201,0,272,39,298,0,229,-39" owari="201,-20.0,311,41.0,298,10.0,190,-31.0" /></mjloggm>