<mjloggm ver="2.3"><GO type="169" lobby="0"/><UN n0="%E7%AF%A0%E5%8E%9F%E8%81%96%E8%89%AF%40" n1="%E2%80%A0%E3%81%BE%E3%83%BC%E5%9D%8A%E2%80%A0" n2="%E3%81%B5%E3%81%8B%E3%81%BF" n3="%E3%83%88%E3%83%88%E3%83%AA%E5%85%88%E7%94%9F%31%39%E6%AD%B3" dan="16,19,18,18" rate="2076.58,2290.92,2208.06,2270.75" sx="F,M,F,F"/><TAIKYOKU oya="0"/><INIT seed="0,0,0,0,4,55" ten="250,250,250,250" oya="0" hai0="112,129,72,122,104,62,101,19,5,22,4,68,52" hai1="30,85,26,70,54,45,105,18,39,89,51,41,91" hai2="123,56,97,84,6,99,20,76,111,58,98,23,25" hai3="44,50,32,110,87,1,13,75,86,31,121,74,96"/><T2/><D112/><U63/><E105/><V114/><F114/><W117/><G117/><T78/><D122/><U61/><E18/><V135/><F123/><W108/><G1/><T130/><D101/><U94/><E70/><V35/><F35/><W107/><G121/><T79/><D104/><U49/><E89/><V3/><F111/><W15/><G31/><T12/><D68/><U43/><E39/><V60/><F135/><W27/><G27/><T24/><D2/><U8/><E8/><V125/><F125/><W16/><G32/><T126/><D126/><U109/><E109/><N who="3" m="42090" /><G13/><T57/><D72/><N who="3" m="27689" /><G96/><T0/><D0/><U82/><E82/><N who="2" m="47175" /><F3/><W88/><G107/><T103/><D103/><U37/><E37/><V80/><F6/><N who="0" m="2666" /><D12/><U81/><E81/><V29/><F60/><W21/><G88/><T92/><D92/><U93/><E93/><V133/><F133/><W106/><G106/><T116/><D116/><U67/><E63/><V124/><F124/><W118/><G118/><T95/><D95/><U38/><E38/><V113/><F113/><W131/><G87/><T48/><D62/><U64/><E61/><V90/><F20/><W115/><G86/><AGARI ba="0,0" hai="23,25,29,56,58,80,86,90,97,98,99" m="47175" machi="86" ten="30,3900,0" yaku="8,1,52,2" doraHai="55" who="2" fromWho="3" sc="250,0,250,0,250,39,250,-39" /><INIT seed="1,0,0,1,4,37" ten="250,250,289,211" oya="1" hai0="13,38,88,72,25,125,98,68,0,27,56,70,97" hai1="86,32,2,42,78,18,106,66,123,8,127,45,80" hai2="117,61,11,4,9,85,44,95,100,89,90,82,83" hai3="71,62,93,54,76,35,64,126,114,41,73,49,122"/><U110/><E123/><V59/><F117/><W58/><G122/><T14/><D0/><U47/><E127/><V81/><F100/><W55/><G126/><T43/><D72/><U40/><E106/><V46/><F90/><W36/><G35/><T124/><D56/><U118/><E118/><V75/><F75/><W48/><G93/><T69/><D69/><U103/><E103/><V112/><F112/><W28/><G28/><T101/><D38/><U91/><E32/><V33/><F33/><W121/><G76/><T133/><D101/><U99/><E66/><V51/><F4/><W132/><G73/><T105/><D88/><N who="1" m="51271" /><E2/><V119/><F119/><W60/><G121/><T87/><D87/><U15/><E78/><V63/><F46/><N who="1" m="17417" /><E110/><V135/><F135/><W79/><G79/><T96/><D96/><U20/><E20/><V120/><F120/><W31/><G132/><T19/><D133/><U5/><E5/><V10/><REACH who="2" step="1"/><F59/><REACH who="2" ten="250,250,279,211" step="2"/><N who="3" m="33231" /><G114/><T116/><D116/><U108/><E108/><V1/><F1/><W22/><G71/><T107/><REACH who="0" step="1"/><D19/><REACH who="0" ten="240,250,279,211" step="2"/><U102/><E102/><V115/><F115/><W21/><G58/><T12/><D12/><U7/><E18/><V65/><F65/><W50/><G64/><T34/><D34/><U129/><E129/><V26/><F26/><W30/><G30/><T104/><D104/><U74/><E74/><V94/><F94/><AGARI ba="0,2" hai="7,8,15,40,42,91,94,99" m="17417,51271" machi="94" ten="30,11600,0" yaku="8,1,52,2,54,1" doraHai="37" who="1" fromWho="2" sc="240,0,250,136,279,-116,211,0" /><INIT seed="1,1,0,5,1,58" ten="240,386,163,211" oya="1" hai0="100,53,66,41,5,128,89,87,36,54,27,82,97" hai1="131,7,127,79,33,130,37,134,15,98,62,48,43" hai2="124,25,64,19,94,83,44,45,108,32,65,17,56" hai3="9,102,115,51,13,28,50,24,77,135,60,57,68"/><U59/><E33/><V11/><F108/><W52/><G115/><T114/><D114/><U95/><E79/><V107/><F107/><W73/><G135/><T46/><D128/><N who="1" m="49195" /><E37/><V125/><F83/><W29/><G68/><T91/><D5/><U123/><E123/><V70/><F70/><W81/><G102/><T12/><D12/><U133/><E127/><V72/><F72/><W21/><REACH who="3" step="1"/><G28/><REACH who="3" ten="240,386,163,201" step="2"/><T20/><D100/><U76/><E134/><V74/><F125/><W47/><G47/><T126/><D46/><U22/><E133/><V117/><F124/><W69/><G69/><T31/><D126/><U112/><E112/><V93/><F44/><W113/><G113/><T18/><D31/><U96/><E43/><V67/><F45/><W71/><G71/><T119/><D41/><U104/><E104/><V3/><F117/><W49/><G49/><T118/><D119/><U1/><E48/><V103/><F103/><W35/><G35/><T109/><D118/><U34/><E34/><V116/><F32/><W2/><G2/><T110/><D109/><U111/><E1/><V121/><F3/><W14/><G14/><T90/><D110/><U0/><E111/><V30/><F30/><W122/><G122/><T106/><D106/><U6/><E0/><V4/><F121/><W132/><G132/><T42/><D42/><U16/><E15/><V101/><F116/><W105/><G105/><T63/><D36/><U38/><E38/><V99/><F101/><W26/><G26/><T39/><D39/><U78/><E6/><AGARI ba="1,1" hai="6,9,13,21,24,29,50,51,52,57,60,73,77,81" machi="6" ten="30,7700,0" yaku="1,1,7,1,52,1,54,1,53,0" doraHai="58" doraHaiUra="86" who="3" fromWho="1" sc="240,0,386,-80,163,0,201,90" /><INIT seed="2,0,0,2,2,107" ten="240,306,163,291" oya="2" hai0="37,121,46,63,132,57,73,126,34,74,96,116,11" hai1="95,43,52,66,15,3,94,71,130,20,100,55,0" hai2="76,104,118,8,129,93,29,84,119,106,51,27,31" hai3="89,99,16,39,28,114,122,24,134,124,112,12,128"/><V135/><F135/><W42/><G122/><T64/><D121/><U33/><E33/><V48/><F129/><W60/><G128/><T109/><D34/><U56/><E130/><V50/><F8/><W21/><G134/><T59/><D132/><U88/><E3/><V61/><F61/><W97/><G124/><T54/><D126/><U110/><E0/><V47/><F47/><N who="3" m="24031" /><G89/><T14/><D109/><U45/><E71/><V131/><F131/><W5/><G5/><T23/><D23/><U62/><E110/><V125/><F125/><W120/><G60/><T26/><D26/><U40/><E95/><V9/><F9/><N who="3" m="6159" /><G120/><T67/><D116/><U105/><E100/><V103/><F103/><W36/><G36/><T75/><D96/><U79/><E79/><V86/><F93/><W117/><G117/><T7/><REACH who="0" step="1"/><D59/><REACH who="0" ten="230,306,163,291" step="2"/><U87/><E105/><V108/><F108/><W90/><G99/><T44/><D44/><U1/><E45/><V133/><F133/><W65/><G97/><T25/><D25/><U6/><E20/><V72/><F27/><W32/><G21/><T38/><D38/><U98/><E98/><V82/><F106/><W2/><G24/><T13/><D13/><U53/><E1/><V69/><F104/><W17/><G2/><T111/><D111/><U92/><E92/><V41/><F69/><W83/><G32/><T115/><D115/><U123/><E123/><V113/><F113/><W91/><G114/><T49/><D49/><U22/><E22/><V58/><F58/><W78/><G112/><T35/><D35/><U30/><E30/><RYUUKYOKU ba="0,1" sc="230,15,306,15,163,-15,291,-15" hai0="7,11,14,37,46,54,57,63,64,67,73,74,75" hai1="6,15,40,43,52,53,55,56,62,66,87,88,94" /><INIT seed="3,1,1,4,2,71" ten="245,321,148,276" oya="3" hai0="38,2,76,77,104,41,4,55,29,20,9,98,13" hai1="96,79,11,40,73,124,90,58,8,57,75,91,61" hai2="18,135,108,112,0,93,17,23,113,10,30,62,88" hai3="83,63,106,52,70,114,72,6,35,85,28,111,25"/><W51/><G114/><T121/><D121/><U27/><E40/><V15/><F108/><W120/><G120/><T21/><D55/><U110/><E110/><V89/><F135/><W37/><G111/><T48/><D48/><U24/><E96/><V132/><F132/><W47/><G106/><T102/><D29/><U122/><E122/><V32/><F32/><W101/><G101/><T118/><D118/><U92/><E92/><V80/><F30/><W16/><G72/><T87/><D13/><U22/><E79/><V67/><F80/><W74/><G74/><T95/><D87/><U117/><E61/><V133/><F133/><W107/><G107/><T12/><D12/><U5/><E22/><V1/><F1/><W7/><G37/><T105/><D104/><U99/><E99/><V44/><F44/><W56/><G70/><T3/><D3/><U116/><REACH who="1" step="1"/><E5/><REACH who="1" ten="245,311,148,276" step="2"/><V94/><F94/><W123/><G123/><T64/><D105/><U39/><E39/><V59/><F93/><W54/><REACH who="3" step="1"/><G16/><REACH who="3" ten="245,311,148,266" step="2"/><T65/><D38/><U33/><E33/><V119/><F18/><W66/><G66/><T53/><D65/><U43/><E43/><V134/><F134/><W109/><G109/><T115/><D64/><U50/><E50/><V36/><F36/><W60/><G60/><T31/><D41/><U86/><E86/><V69/><F62/><W97/><G97/><T130/><D98/><U100/><E100/><V78/><F67/><W126/><G126/><AGARI ba="1,3" hai="8,11,24,27,57,58,73,75,90,91,116,117,124,126" machi="126" ten="25,3200,0" yaku="1,1,22,2,53,0" doraHai="71" doraHaiUra="49" who="1" fromWho="3" sc="245,0,311,65,148,0,266,-35" /><INIT seed="4,0,0,3,5,109" ten="245,376,148,231" oya="0" hai0="57,89,73,100,64,44,112,36,124,80,32,22,14" hai1="93,125,43,29,39,11,17,90,7,98,37,60,51" hai2="41,62,102,63,129,68,121,48,35,0,79,10,70" hai3="78,82,103,87,42,85,49,23,12,30,4,118,83"/><T66/><D32/><U97/><E29/><V135/><F35/><W128/><G118/><T96/><D124/><U33/><E33/><V6/><F121/><W16/><G128/><T67/><D112/><U75/><E75/><V47/><F129/><W127/><G127/><T106/><D36/><U131/><E131/><V94/><F135/><W117/><G117/><T114/><D44/><U69/><E17/><V95/><F79/><W132/><G132/><T120/><D114/><U134/><E98/><V123/><F123/><W71/><G71/><T18/><D120/><U74/><E74/><V5/><F5/><W72/><G72/><T3/><D3/><U126/><E134/><V26/><F26/><W13/><G103/><T61/><REACH who="0" step="1"/><D89/><REACH who="0" ten="235,376,148,231" step="2"/><U99/><E39/><V25/><F0/><W58/><G42/><T88/><D88/><U122/><E37/><V20/><F47/><W115/><G115/><T28/><D28/><U53/><E122/><V50/><F41/><W2/><G2/><T84/><D84/><N who="1" m="52423" /><E125/><V104/><F70/><W54/><G30/><T105/><D105/><U133/><E126/><V45/><F68/><W119/><G119/><T107/><D107/><U40/><E133/><V27/><F45/><W55/><G85/><T111/><D111/><U56/><E40/><V15/><F104/><W92/><G87/><T91/><D91/><U21/><E43/><V110/><F110/><W81/><G92/><T76/><AGARI ba="0,1" hai="14,18,22,57,61,64,66,67,73,76,80,96,100,106" machi="76" ten="30,3000,0" yaku="1,1,0,1,53,0" doraHai="109" doraHaiUra="108" who="0" fromWho="0" sc="235,40,376,-10,148,-10,231,-10" /><INIT seed="4,1,0,3,2,129" ten="275,366,138,221" oya="0" hai0="108,68,85,21,75,9,13,16,70,45,88,35,113" hai1="117,94,36,55,84,81,6,130,31,49,98,34,39" hai2="89,12,116,93,73,11,78,17,18,5,82,29,110" hai3="134,127,126,44,23,46,37,86,74,96,69,4,24"/><T118/><D118/><U106/><E106/><V133/><F110/><W22/><G74/><T41/><D75/><U87/><E87/><V38/><F116/><W26/><G69/><T33/><D113/><U100/><E130/><V59/><F38/><W90/><G96/><T119/><D119/><U83/><E83/><V109/><F109/><W97/><G97/><T122/><D122/><U62/><E62/><V131/><F131/><W112/><G4/><T71/><D21/><U54/><E54/><V124/><F124/><N who="3" m="47659" /><G37/><T64/><D64/><U107/><E107/><V103/><F103/><W66/><G66/><T114/><D114/><U43/><E43/><V20/><F59/><W72/><G72/><T76/><D76/><U92/><E6/><V91/><F91/><W67/><G67/><T28/><D28/><U7/><E7/><V42/><F42/><W40/><G40/><T10/><D10/><U80/><E39/><V15/><F29/><N who="3" m="17559" /><G46/><T3/><D3/><U77/><E36/><V135/><REACH who="2" step="1"/><F5/><REACH who="2" ten="275,366,128,221" step="2"/><W123/><G112/><T105/><D108/><U99/><E100/><V104/><F104/><W2/><G44/><T56/><D105/><U0/><E117/><V1/><F1/><W102/><G2/><T101/><D56/><U79/><E0/><V111/><F111/><W48/><G102/><T19/><D101/><U25/><E31/><V14/><F14/><W128/><G128/><T61/><D45/><U52/><E77/><V132/><F132/><W51/><G134/><T27/><D41/><U8/><E79/><V58/><F58/><W53/><G90/><RYUUKYOKU ba="1,1" sc="275,-10,366,-10,128,30,221,-10" hai2="11,12,15,17,18,20,73,78,82,89,93,133,135" /><INIT seed="5,2,1,3,4,104" ten="265,356,158,211" oya="1" hai0="114,41,18,55,13,58,48,10,37,31,126,106,120" hai1="6,93,133,127,132,117,64,49,36,88,20,109,87" hai2="72,90,52,130,65,2,91,38,51,113,111,69,85" hai3="74,102,67,101,61,34,97,71,16,54,75,76,68"/><U3/><E117/><V128/><F111/><W35/><G76/><T125/><D106/><U19/><E36/><V129/><F2/><W123/><G54/><T53/><D114/><U56/><E109/><V5/><F113/><W0/><G123/><T11/><D120/><U33/><E33/><V12/><F38/><W43/><G43/><T8/><D31/><U118/><E118/><V39/><F39/><W23/><G0/><T81/><D55/><N who="1" m="31855" /><E64/><V100/><F100/><W108/><G108/><T121/><D121/><U63/><E63/><N who="2" m="40127" /><F72/><W59/><G59/><T22/><REACH who="0" step="1"/><D81/><REACH who="0" ten="255,356,158,211" step="2"/><U80/><E80/><V60/><F60/><W131/><G61/><T112/><D112/><U50/><E127/><V66/><F66/><W84/><G67/><T79/><D79/><U17/><E132/><V82/><F82/><W115/><G115/><T105/><D105/><U83/><E83/><V99/><F85/><W134/><G84/><T94/><D94/><U30/><E133/><V14/><F99/><W24/><G134/><T62/><D62/><U28/><E87/><V26/><F52/><W4/><G97/><T78/><D78/><U77/><E77/><V95/><F95/><W40/><G71/><T116/><D116/><U9/><E93/><V25/><F129/><W98/><G68/><T73/><D73/><N who="3" m="27657" /><G131/><T110/><D110/><U92/><E30/><V7/><F130/><W103/><G98/><T124/><D124/><U29/><E29/><V57/><F128/><W122/><G122/><T32/><D32/><N who="3" m="12329" /><G40/><T15/><D15/><U135/><E135/><V107/><F14/><RYUUKYOKU ba="2,2" sc="255,15,356,-15,158,-15,211,15" hai0="8,10,11,13,18,22,37,41,48,53,58,125,126" hai3="4,16,23,24,101,102,103" /><INIT seed="6,3,2,3,1,4" ten="270,341,143,226" oya="2" hai0="83,32,0,47,59,87,80,69,79,96,85,74,27" hai1="9,3,113,58,118,130,65,106,71,22,92,107,57" hai2="2,48,61,64,62,105,6,60,56,75,43,134,89" hai3="76,94,133,33,120,50,102,36,84,127,91,124,21"/><V10/><F134/><W52/><G120/><T110/><D74/><U40/><E71/><V53/><F105/><W24/><G36/><T44/><D69/><U90/><E118/><V34/><F75/><W31/><G133/><T16/><D110/><U95/><E40/><V15/><F34/><W128/><G128/><T97/><D0/><U51/><E22/><V28/><F28/><W119/><G119/><T66/><D32/><U11/><E3/><V46/><F2/><W103/><G76/><N who="0" m="46215" /><D59/><U13/><E13/><V131/><F131/><W7/><G7/><T100/><D66/><U135/><E135/><V86/><REACH who="2" step="1"/><F64/><REACH who="2" ten="270,341,133,226" step="2"/><W117/><G117/><T8/><D100/><U111/><E65/><V5/><F5/><W98/><G33/><T67/><D67/><U121/><E107/><V17/><F17/><W72/><G72/><T77/><D77/><U99/><E106/><V20/><F20/><W1/><G1/><T122/><D122/><U19/><E130/><V29/><F29/><W35/><G35/><T108/><D108/><U73/><E121/><V132/><F132/><W68/><G68/><T129/><D129/><U115/><E111/><V126/><F126/><W88/><G124/><T42/><D79/><U93/><E73/><V12/><F12/><W30/><G127/><T116/><D16/><U55/><E19/><V41/><F41/><W81/><G31/><T37/><D42/><U104/><E104/><V38/><F38/><W78/><G78/><T26/><D37/><U82/><E115/><V70/><F70/><W23/><G23/><T114/><D114/><RYUUKYOKU ba="3,3" sc="270,-15,341,-15,133,15,226,15" hai2="6,10,15,43,46,48,53,56,60,61,62,86,89" hai3="21,24,30,50,52,81,84,88,91,94,98,102,103" /><INIT seed="6,4,3,3,1,45" ten="255,326,148,241" oya="2" hai0="32,15,38,80,76,135,44,125,70,27,81,131,88" hai1="67,121,122,39,69,100,99,63,106,9,8,18,79" hai2="104,62,48,123,57,14,64,78,133,19,108,36,77" hai3="11,59,55,26,126,111,21,22,46,101,89,103,130"/><V20/><F123/><W60/><G111/><T117/><D70/><U128/><E39/><V37/><F104/><W25/><G130/><T3/><D3/><U84/><E128/><V97/><F108/><W7/><G126/><T12/><D131/><U82/><E18/><V53/><F133/><W0/><G89/><T16/><D135/><U5/><REACH who="1" step="1"/><E9/><REACH who="1" ten="255,316,148,241" step="2"/><V119/><F119/><W86/><G11/><T24/><D16/><U29/><E29/><V51/><F37/><W4/><G7/><T68/><D117/><U91/><E91/><V72/><F36/><W13/><G4/><T96/><D88/><U34/><E34/><V114/><F114/><W112/><G112/><T90/><D32/><U56/><E56/><N who="2" m="36935" /><F72/><W118/><G59/><T115/><D90/><U120/><E120/><V129/><F129/><W75/><G75/><T93/><D115/><U85/><E85/><V42/><F97/><W52/><G86/><T109/><D96/><U49/><E49/><N who="2" m="19019" /><F42/><W74/><G74/><T40/><D40/><U2/><AGARI ba="4,4" hai="2,5,8,63,67,69,79,82,84,99,100,106,121,122" machi="2" ten="30,4000,0" yaku="1,1,0,1,53,1" doraHai="45" doraHaiUra="61" who="1" fromWho="1" sc="255,-14,316,92,148,-24,241,-14" /><INIT seed="7,0,0,5,0,128" ten="241,408,124,227" oya="3" hai0="28,107,55,31,6,111,83,2,81,99,82,123,4" hai1="105,132,27,126,61,5,79,10,92,42,48,116,34" hai2="125,80,90,21,56,110,35,103,39,129,93,50,43" hai3="122,95,16,130,51,57,59,67,63,54,73,69,9"/><W62/><G122/><T0/><D111/><U91/><E105/><V7/><F35/><W85/><G73/><T8/><D123/><U71/><E79/><V38/><F110/><W58/><G130/><T133/><D55/><U20/><E34/><V14/><F129/><W30/><G69/><T65/><D65/><U40/><E126/><V101/><F125/><W76/><G30/><T98/><D107/><U70/><E70/><V1/><F1/><W112/><G112/><T77/><D77/><U25/><E25/><V119/><F119/><W86/><G76/><T46/><D46/><U104/><E104/><V36/><F80/><W114/><G95/><T134/><D82/><U115/><E115/><V100/><F7/><W64/><G114/><T94/><D8/><U97/><E116/><V17/><F43/><W41/><G41/><T19/><D19/><U102/><E71/><V3/><F3/><W13/><AGARI ba="0,0" hai="9,13,16,51,54,57,58,59,62,63,64,67,85,86" machi="13" ten="30,11700,0" yaku="0,1,9,1,8,1,54,1" doraHai="128" who="3" fromWho="3" sc="241,-39,408,-39,124,-39,227,117" /><INIT seed="7,1,0,4,4,33" ten="202,369,85,344" oya="3" hai0="9,37,4,115,50,101,43,92,95,135,105,77,87" hai1="27,41,44,63,0,116,45,100,134,6,38,76,89" hai2="75,82,5,78,7,69,97,14,107,39,111,57,113" hai3="46,60,123,36,64,108,96,117,84,132,71,62,47"/><W126/><G117/><T114/><D37/><U29/><E116/><V1/><F14/><W21/><G123/><T56/><D135/><U67/><E134/><V53/><F5/><W26/><G132/><T8/><D105/><U102/><E45/><V22/><F22/><W34/><G34/><T32/><D32/><U129/><E89/><V2/><F111/><W52/><G108/><T3/><D9/><U16/><E16/><V13/><F113/><N who="0" m="43018" /><D101/><U125/><E76/><V12/><F69/><W106/><G126/><T25/><D25/><U30/><E30/><V70/><F70/><W90/><G36/><T127/><D127/><U86/><E86/><V121/><F39/><W124/><G124/><T128/><D128/><U83/><E129/><V112/><F112/><W122/><G122/><T15/><D15/><U85/><E29/><V54/><F121/><W17/><G106/><T72/><D72/><U73/><E27/><V93/><F107/><W23/><G23/><T131/><D131/><U109/><E73/><V118/><F118/><W119/><G119/><T98/><D98/><U24/><E24/><V19/><F7/><W110/><G110/><T66/><D66/><U40/><E109/><V51/><F53/><W104/><G104/><T91/><D77/><N who="1" m="46319" /><E125/><V49/><F49/><W10/><G10/><T28/><D28/><U58/><E40/><V68/><F68/><W61/><G96/><T18/><D18/><U55/><E67/><V65/><F65/><W120/><G120/><T35/><D35/><U81/><E38/><V20/><F13/><W99/><G64/><RYUUKYOKU ba="1,0" sc="202,-10,369,-10,85,30,344,-10" hai2="1,2,12,19,20,51,54,57,75,78,82,93,97" owari="192,-21.0,359,46.0,115,-38.0,334,13.0" /></mjloggm>