<mjloggm ver="2.3"><GO type="169" lobby="0"/><UN n0="%E3%83%88%E3%83%88%E3%83%AA%E5%85%88%E7%94%9F%31%39%E6%AD%B3" n1="%73%69%6E%31%31%32%35" n2="%E3%81%BB%E3%81%98" n3="%62%61%6E%67%61%72%64" dan="18,16,16,16" rate="2281.65,2057.00,2152.63,2043.71" sx="F,M,M,F"/><TAIKYOKU oya="0"/><INIT seed="0,0,0,0,2,132" ten="250,250,250,250" oya="0" hai0="85,95,7,31,89,65,46,23,56,115,45,49,73" hai1="86,47,5,97,134,111,120,75,38,79,112,83,67" hai2="121,109,29,119,72,52,14,108,43,94,87,117,30" hai3="28,92,98,133,77,101,48,68,66,130,91,20,32"/><T3/><D115/><U135/><E112/><V82/><F43/><W26/><G133/><N who="1" m="50698" /><E120/><V99/><F72/><W103/><G130/><T104/><D73/><U93/><E111/><N who="2" m="42571" /><F14/><W27/><G77/><T70/><D104/><U74/><E67/><V4/><F4/><W22/><G48/><T15/><D70/><U71/><E71/><V81/><F121/><W10/><G10/><N who="0" m="4575" /><D3/><U9/><E47/><N who="0" m="17929" /><D49/><U113/><E38/><V44/><F82/><W59/><G32/><T35/><D35/><U21/><E21/><V13/><F13/><W69/><G69/><T57/><D65/><U125/><E113/><V80/><F80/><W37/><G37/><T40/><D40/><U61/><E61/><V25/><F25/><AGARI ba="0,0" hai="23,25,31,56,57,85,89,95" m="17929,4575" machi="25" ten="30,1500,0" yaku="8,1" doraHai="132" who="0" fromWho="2" sc="250,15,250,0,250,-15,250,0" /><INIT seed="0,1,0,2,3,55" ten="265,250,235,250" oya="0" hai0="132,74,42,84,30,61,128,91,39,89,62,56,10" hai1="105,66,52,46,102,134,112,113,96,108,16,103,50" hai2="58,22,90,21,109,92,54,47,28,45,117,34,126" hai3="81,19,35,20,118,76,80,85,48,26,87,83,78"/><T94/><D74/><U14/><E108/><V71/><F71/><W0/><G118/><T100/><D128/><U106/><E134/><V67/><F67/><W125/><G0/><T129/><D129/><U8/><E66/><V65/><F65/><W29/><G125/><T101/><D132/><U3/><E3/><V121/><F121/><W49/><REACH who="3" step="1"/><G83/><REACH who="3" ten="265,250,235,240" step="2"/><N who="0" m="49311" /><D39/><U120/><E120/><V43/><F117/><W9/><G9/><T11/><D11/><U51/><E103/><V27/><F126/><W33/><G33/><T64/><D10/><U4/><E106/><V15/><F109/><W111/><G111/><T5/><D100/><U72/><E4/><V36/><F34/><W68/><G68/><T37/><D101/><U40/><REACH who="1" step="1"/><E72/><REACH who="1" ten="265,240,235,240" step="2"/><V69/><F69/><W131/><G131/><T95/><D5/><U2/><E2/><V122/><F122/><W32/><G32/><T63/><D37/><U88/><E88/><V6/><F90/><W17/><G17/><T13/><D91/><U116/><E116/><V24/><F36/><W38/><G38/><T60/><D95/><U107/><E107/><V124/><F92/><W41/><G41/><T79/><D42/><U114/><E114/><V25/><F6/><W23/><G23/><T130/><D130/><U133/><E133/><V44/><F43/><W77/><G77/><T53/><D79/><U135/><E135/><V99/><F124/><W75/><G75/><T115/><D94/><U119/><E119/><V97/><F22/><W57/><G57/><AGARI ba="1,2" hai="8,14,16,40,46,50,51,52,57,96,102,105,112,113" machi="57" ten="40,8000,1" yaku="1,1,52,1,54,2,53,0" doraHai="55" doraHaiUra="123" who="1" fromWho="3" sc="265,0,240,103,235,0,240,-83" /><INIT seed="1,0,0,3,2,83" ten="265,343,235,157" oya="1" hai0="131,132,4,53,81,88,44,32,80,107,104,37,124" hai1="8,1,110,21,97,129,33,122,70,109,22,30,95" hai2="127,55,27,85,75,78,84,6,17,91,24,67,28" hai3="56,79,108,113,14,38,115,125,117,116,18,20,16"/><U66/><E122/><V105/><F105/><N who="0" m="40522" /><D53/><U68/><E129/><V25/><F75/><W102/><G38/><T39/><D44/><U46/><E46/><V29/><F6/><W128/><G128/><T60/><D60/><N who="1" m="40007" /><E70/><V12/><F67/><W45/><G45/><T61/><D61/><U5/><E33/><V0/><F0/><W65/><G102/><T77/><D4/><U86/><E30/><N who="2" m="11883" /><F127/><W130/><G130/><T42/><D42/><U40/><E40/><V59/><F78/><W123/><G79/><T99/><D32/><U89/><E97/><V96/><F91/><W120/><G125/><T15/><D15/><U71/><E71/><V49/><F96/><W93/><G93/><N who="0" m="56743" /><D131/><U126/><E126/><V119/><F119/><N who="3" m="45643" /><G56/><T13/><D13/><U31/><E31/><V92/><F92/><W87/><G87/><N who="2" m="33353" /><F27/><N who="3" m="14727" /><G65/><T26/><D39/><U43/><E43/><V34/><F34/><W3/><G3/><T118/><D37/><U50/><E50/><V57/><F57/><W9/><G108/><AGARI ba="0,0" hai="1,5,8,21,22,86,89,95,108,109,110" m="40007" machi="108" ten="30,5800,0" yaku="14,1,10,1,52,1" doraHai="83" who="1" fromWho="3" sc="265,0,343,58,235,0,157,-58" /><INIT seed="1,1,0,2,4,79" ten="265,401,235,99" oya="1" hai0="37,120,131,111,47,17,64,53,113,2,14,104,42" hai1="135,81,85,96,128,11,65,6,13,20,22,32,99" hai2="106,89,118,48,34,127,110,4,91,72,23,55,74" hai3="29,52,54,8,0,116,62,7,107,30,101,60,45"/><U28/><E135/><V134/><F34/><W18/><G116/><T109/><D113/><U70/><E128/><V73/><F106/><W129/><G129/><T66/><D131/><U124/><E32/><V130/><F118/><W51/><G18/><T78/><D104/><U43/><E43/><V112/><F130/><W115/><G115/><T56/><D2/><U102/><E124/><V63/><F127/><W58/><REACH who="3" step="1"/><G62/><REACH who="3" ten="265,401,235,89" step="2"/><N who="0" m="36111" /><D17/><U31/><E31/><V88/><F112/><W68/><G68/><T40/><D111/><U100/><E28/><V117/><F117/><W77/><G77/><T35/><D78/><U1/><E70/><V126/><F126/><W105/><G105/><T36/><D109/><U49/><E6/><V119/><F119/><W76/><G76/><T12/><D120/><U24/><E1/><V41/><F110/><W44/><G44/><N who="0" m="23559" /><D12/><U82/><E13/><V87/><F4/><W46/><G46/><N who="0" m="23887" /><D14/><U86/><E24/><V69/><F74/><W39/><G39/><T97/><D35/><U80/><E49/><V84/><F73/><W75/><G75/><T38/><D38/><U114/><E114/><V92/><F72/><W83/><G83/><T103/><D47/><U93/><E11/><V90/><F84/><W26/><G26/><T50/><D50/><U108/><E108/><V98/><F87/><W59/><G59/><T5/><D5/><U94/><E82/><V122/><F69/><W10/><G10/><T67/><D97/><AGARI ba="1,1" hai="0,7,8,29,30,45,51,52,54,58,60,97,101,107" machi="97" ten="40,2600,0" yaku="1,1,54,1,53,0" doraHai="79" doraHaiUra="21" who="3" fromWho="0" sc="265,-29,401,0,235,0,89,39" /><INIT seed="2,0,0,5,1,46" ten="236,401,235,128" oya="2" hai0="49,14,120,19,74,9,65,18,90,53,76,96,113" hai1="64,35,95,118,3,11,61,30,116,2,42,127,40" hai2="4,110,106,92,60,31,70,10,115,62,88,102,41" hai3="47,126,119,15,87,129,100,8,33,117,45,59,58"/><V17/><F115/><W133/><G33/><T124/><D113/><U5/><E127/><V63/><F31/><W101/><G126/><T111/><D120/><U123/><E123/><V13/><F41/><W80/><G129/><T109/><D124/><U50/><E95/><V132/><F132/><W108/><G133/><T114/><D114/><U16/><E3/><V28/><F28/><W12/><G108/><N who="0" m="41547" /><D65/><U79/><E79/><V54/><F110/><W135/><G135/><T23/><D76/><U91/><E91/><V51/><F106/><W103/><G87/><T48/><D74/><U69/><E40/><V22/><F102/><W37/><G80/><T26/><D53/><U55/><E42/><V73/><F73/><W6/><G37/><T36/><D36/><U38/><E38/><V25/><F70/><W121/><G121/><T43/><D43/><U131/><E131/><V7/><F7/><W78/><G78/><T27/><D27/><U1/><E1/><V21/><F21/><W82/><G82/><T29/><D29/><U39/><E30/><V107/><F107/><W32/><G32/><T71/><D71/><U0/><E35/><V83/><F83/><W84/><G84/><T57/><D57/><N who="3" m="21513" /><G15/><T98/><D98/><U134/><E0/><V122/><F122/><W24/><G24/><T97/><D96/><U86/><E39/><V125/><F125/><W75/><G75/><T94/><AGARI ba="0,0" hai="9,14,18,19,23,26,48,49,90,94,97" m="41547" machi="94" ten="30,4000,0" yaku="14,1,52,2" doraHai="46" who="0" fromWho="0" sc="236,40,401,-10,235,-20,128,-10" /><INIT seed="3,0,0,1,3,104" ten="276,391,215,118" oya="3" hai0="109,43,46,57,121,55,95,124,13,70,19,10,2" hai1="129,59,33,21,67,66,12,42,51,3,38,134,4" hai2="35,90,85,49,105,62,56,117,23,97,18,31,37" hai3="73,87,108,53,120,86,1,89,102,14,91,25,5"/><W71/><G120/><T68/><D121/><U64/><E129/><V15/><F37/><W74/><G71/><T130/><D130/><U82/><E134/><V52/><F117/><W132/><G132/><T32/><D32/><U24/><E38/><V80/><F35/><W101/><G1/><T50/><D109/><U103/><E103/><V58/><F31/><W78/><G25/><T30/><D30/><N who="1" m="17679" /><E3/><V84/><F105/><W94/><G14/><T96/><D2/><U6/><E33/><V20/><F97/><N who="3" m="57567" /><G53/><T39/><REACH who="0" step="1"/><D124/><REACH who="0" ten="266,391,215,118" step="2"/><U112/><E112/><V128/><F128/><W88/><G108/><T118/><D118/><U106/><E4/><V100/><F100/><AGARI ba="0,1" hai="10,13,19,39,43,46,50,55,57,68,70,95,96,100" machi="100" ten="30,3900,0" yaku="1,1,7,1,53,1" doraHai="104" doraHaiUra="36" who="0" fromWho="2" sc="266,49,391,0,215,-39,118,0" /><INIT seed="4,0,0,2,0,7" ten="315,391,176,118" oya="0" hai0="65,134,56,83,18,37,111,53,115,3,39,54,92" hai1="94,62,21,20,0,77,113,117,85,89,50,60,5" hai2="64,19,78,122,132,35,14,46,87,27,44,4,99" hai3="55,126,120,69,123,24,22,71,43,45,84,95,9"/><T133/><D3/><U93/><E117/><V109/><F109/><W16/><G126/><T104/><D104/><U124/><E124/><V8/><F122/><N who="3" m="46635" /><G55/><N who="0" m="21003" /><D92/><U127/><E127/><V12/><F132/><N who="0" m="50794" /><D83/><U42/><E77/><V52/><F64/><W70/><G84/><T96/><D96/><U90/><E0/><V66/><F66/><W101/><G101/><T59/><D18/><U121/><E5/><V41/><F99/><W108/><G108/><T29/><D29/><U61/><E121/><V79/><F35/><W2/><G95/><T10/><D10/><U57/><E113/><V67/><F67/><W98/><G98/><T33/><D33/><U105/><E105/><V1/><F1/><W91/><G91/><T129/><D111/><U34/><E34/><V135/><F27/><W118/><G118/><T131/><D115/><U82/><E82/><N who="2" m="47575" /><F41/><W38/><G2/><T63/><D59/><U75/><E57/><V6/><F79/><W103/><G103/><T30/><D30/><U76/><E75/><V72/><F72/><W36/><G36/><AGARI ba="0,0" hai="36,37,39,56,63,65,129,131" m="50794,21003" machi="36" ten="40,7700,0" yaku="20,1,34,2" doraHai="7" who="0" fromWho="3" sc="315,77,391,0,176,0,118,-77" /><INIT seed="4,1,0,0,2,93" ten="392,391,176,41" oya="0" hai0="104,80,112,134,106,73,40,82,54,16,121,10,19" hai1="131,126,17,8,123,1,83,62,39,114,76,48,81" hai2="56,21,78,105,133,63,96,91,135,5,42,65,61" hai3="115,108,90,22,74,66,68,110,55,24,120,26,58"/><T45/><D121/><U97/><E123/><V101/><F78/><W38/><G120/><T75/><D54/><U127/><E39/><V92/><F5/><W70/><G74/><N who="0" m="28171" /><D10/><U47/><E131/><V130/><F130/><W6/><G115/><T85/><D45/><U107/><E114/><V33/><F33/><W2/><G38/><T29/><D112/><U122/><E122/><V34/><F34/><W15/><G2/><T49/><D49/><U111/><E111/><V88/><F42/><W37/><G37/><T128/><D40/><N who="1" m="24679" /><E62/><V18/><F61/><W71/><G66/><T69/><D128/><U4/><E17/><N who="0" m="6729" /><D85/><N who="1" m="48295" /><E83/><N who="0" m="31785" /><D29/><U125/><E107/><N who="0" m="41001" /><D134/><N who="2" m="51210" /><F105/><W36/><G108/><T11/><D11/><U31/><E97/><V44/><F44/><W52/><G36/><T84/><D84/><U12/><E31/><V41/><F41/><W87/><G110/><T59/><D59/><U25/><E25/><AGARI ba="1,0" hai="18,21,25,56,63,65,88,91,92,96,101" m="51210" machi="25" ten="30,3900,0" yaku="20,1,52,1,54,1" doraHai="93" who="2" fromWho="1" sc="392,0,391,-42,176,42,41,0" /><INIT seed="5,0,0,2,4,100" ten="392,349,218,41" oya="1" hai0="125,51,105,21,71,35,6,67,120,8,45,42,69" hai1="22,72,27,19,76,119,91,60,34,44,3,29,126" hai2="86,46,31,82,47,28,79,11,49,99,93,85,107" hai3="128,7,33,59,106,116,37,133,15,89,103,52,134"/><U98/><E119/><V17/><F47/><W38/><G116/><T123/><D35/><U68/><E126/><V41/><F107/><W109/><G109/><T2/><D125/><U124/><E124/><V83/><F11/><W88/><G33/><T101/><D21/><U132/><E132/><V24/><F17/><W26/><G26/><T48/><D48/><U13/><E3/><V92/><F99/><N who="3" m="61823" /><G128/><T43/><D43/><U4/><E44/><V102/><F102/><W14/><G7/><T78/><D78/><U87/><E4/><V94/><REACH who="2" step="1"/><F24/><REACH who="2" ten="392,349,208,41" step="2"/><W73/><G14/><T97/><D97/><U1/><E98/><V81/><F81/><W57/><G15/><T32/><D101/><U30/><E30/><V54/><F54/><W121/><G121/><T56/><D105/><U23/><E23/><V61/><F61/><N who="3" m="36007" /><G59/><T129/><D32/><U18/><E60/><V74/><F74/><W108/><G73/><T75/><D75/><U122/><E122/><N who="0" m="46633" /><D129/><U62/><E72/><V77/><AGARI ba="0,1" hai="28,31,41,46,49,77,79,82,83,85,86,92,93,94" machi="77" ten="30,7900,0" yaku="1,1,0,1,9,1,8,1,53,0" doraHai="100" doraHaiUra="115" who="2" fromWho="2" sc="392,-20,349,-39,208,89,41,-20" /><INIT seed="6,0,0,3,2,129" ten="372,310,297,21" oya="2" hai0="57,3,64,115,95,49,5,18,84,72,40,103,67" hai1="94,122,65,59,108,28,60,112,100,9,107,58,35" hai2="2,128,32,39,117,105,69,97,62,83,14,21,119" hai3="118,1,96,15,27,109,116,66,56,79,19,17,46"/><V0/><F32/><W131/><G131/><T23/><D72/><U25/><E108/><V63/><F128/><W12/><G109/><T52/><D115/><U130/><E112/><V6/><F21/><W20/><G1/><T43/><D3/><U126/><E130/><V125/><F14/><W73/><G27/><N who="0" m="14839" /><D5/><U89/><E126/><V33/><F62/><W134/><G46/><T38/><D38/><U41/><E41/><N who="0" m="15945" /><D84/><U11/><E122/><V26/><F39/><W48/><G96/><AGARI ba="0,0" hai="49,52,57,64,67,95,96,103" m="15945,14839" machi="96" ten="30,2000,0" yaku="8,1,54,1" doraHai="129" who="0" fromWho="3" sc="372,20,310,0,297,0,21,-20" /><INIT seed="7,0,0,5,3,102" ten="392,310,297,1" oya="3" hai0="117,92,67,122,125,13,80,112,37,135,114,22,69" hai1="120,106,42,103,14,90,66,25,75,26,95,70,64" hai2="33,85,62,110,11,71,119,46,88,47,100,81,27" hai3="8,5,101,18,1,124,93,54,76,20,21,91,60"/><W78/><G124/><T134/><D125/><U2/><E2/><V65/><F110/><W109/><G101/><T116/><D122/><U34/><E75/><V99/><F119/><N who="0" m="45642" /><D37/><U132/><E120/><V133/><F11/><W57/><G109/><T98/><D80/><U44/><E132/><N who="0" m="50729" /><D67/><U74/><E74/><V77/><F133/><W115/><G21/><T83/><D69/><U61/><E14/><V63/><F63/><W59/><G59/><T15/><D83/><U36/><E66/><V94/><F77/><W96/><G115/><N who="0" m="44075" /><D22/><U10/><E10/><V48/><F48/><W113/><G113/><T38/><D38/><U32/><E32/><V55/><F55/><W56/><G56/><T58/><D58/><U52/><E34/><V9/><F9/><W79/><G79/><T45/><D45/><U108/><E108/><V23/><REACH who="2" step="1"/><F33/><REACH who="2" ten="392,310,287,1" step="2"/><W40/><G40/><T4/><D4/><U104/><E52/><V129/><F129/><W86/><G86/><T6/><D6/><U111/><E111/><V126/><F126/><W72/><G72/><T97/><D97/><U87/><E26/><AGARI ba="0,1" hai="1,5,8,18,20,26,54,57,60,76,78,91,93,96" machi="26" ten="30,5800,0" yaku="7,1,25,2" doraHai="102" who="3" fromWho="1" sc="392,0,310,-58,287,0,1,68" /><INIT seed="7,1,0,4,2,16" ten="392,252,287,69" oya="3" hai0="62,94,101,37,87,96,95,8,63,128,86,113,70" hai1="32,48,83,52,22,49,97,57,89,53,106,35,92" hai2="125,11,30,19,41,4,68,91,72,129,12,67,2" hai3="36,15,50,1,103,112,90,56,17,65,127,84,44"/><W14/><G1/><T79/><D37/><U59/><E106/><V88/><F72/><W108/><G36/><T25/><D70/><U119/><E119/><V31/><F41/><W29/><G103/><T100/><D128/><U26/><REACH who="1" step="1"/><E83/><REACH who="1" ten="392,242,287,69" step="2"/><V102/><F129/><W107/><G107/><T124/><D113/><U77/><E77/><V85/><F125/><W120/><G127/><T117/><D79/><U42/><E42/><V64/><F102/><W118/><G120/><T82/><D82/><U10/><E10/><V13/><F2/><W33/><G118/><T135/><D124/><U104/><E104/><V98/><F68/><W122/><G112/><T54/><D8/><U43/><E43/><V121/><F121/><W105/><G122/><T93/><D117/><U76/><E76/><V27/><F98/><W60/><G105/><T3/><D3/><U74/><E74/><V69/><F69/><W78/><G78/><T39/><D96/><U80/><E80/><N who="2" m="49191" /><F91/><W131/><G131/><T115/><D115/><U134/><E134/><V46/><F46/><W75/><G75/><T111/><D135/><U34/><E34/><V114/><F114/><W9/><G108/><T71/><D111/><U45/><E45/><V47/><F47/><W23/><G33/><T130/><D130/><U109/><E109/><V40/><F40/><N who="3" m="24839" /><G29/><AGARI ba="1,1" hai="22,26,29,32,35,48,49,52,53,57,59,89,92,97" machi="29" ten="30,8000,1" yaku="1,1,7,1,9,1,52,1,54,1,53,0" doraHai="16" doraHaiUra="5" who="1" fromWho="3" sc="392,0,242,93,287,0,69,-83" owari="392,48.0,335,14.0,287,-11.0,-14,-51.0" /></mjloggm>