<mjloggm ver="2.3"><GO type="169" lobby="0"/><UN n0="%E3%82%A6%E3%83%AB%E3%83%88%E3%83%A9%E7%AB%8B%E7%9B%B4" n1="%E3%82%AB%E3%83%9C%E3%83%81%E3%83%A3%E3%82%BF%E3%83%8D" n2="%E3%82%A8%E3%83%83%E3%83%95%E3%82%A7%E3%83%AB%E5%A1%94" n3="%E8%AA%B2%E9%95%B7%E8%A6%96%E9%87%8E%E7%8B%AD%E7%AA%84" dan="16,16,16,17" rate="2155.06,2093.47,2096.91,2211.14" sx="M,M,M,M"/><TAIKYOKU oya="0"/><INIT seed="0,0,0,1,0,94" ten="250,250,250,250" oya="0" hai0="124,28,87,86,58,129,23,99,37,60,57,127,100" hai1="18,62,42,83,9,71,41,79,109,43,36,82,30" hai2="14,85,72,113,21,45,19,39,3,76,13,12,59" hai3="4,95,104,135,88,24,48,81,114,121,131,133,103"/><T2/><D37/><U92/><E109/><V125/><F72/><W11/><G114/><T98/><D2/><U55/><E30/><V52/><F3/><W31/><G104/><T134/><D134/><U130/><E130/><V123/><F113/><W66/><G103/><T0/><D0/><U102/><E36/><V1/><F1/><W105/><G105/><T101/><D28/><U116/><E116/><V108/><F123/><W33/><G81/><T119/><D23/><U51/><E62/><V77/><F108/><W64/><G48/><T107/><D129/><U61/><E61/><V90/><F125/><N who="0" m="48202" /><D119/><U16/><E71/><V10/><F39/><W118/><G118/><T40/><D40/><U17/><E9/><V80/><F45/><W49/><G131/><T44/><D44/><N who="1" m="28135" /><E79/><V29/><F29/><W97/><G121/><T106/><D58/><U25/><E25/><V93/><F80/><W112/><G112/><T75/><D75/><U46/><E46/><V132/><F132/><N who="3" m="50763" /><G49/><T68/><D68/><U47/><E47/><V111/><F111/><W63/><G63/><T69/><D69/><U35/><E35/><V22/><F22/><W73/><G73/><T89/><D89/><U84/><E84/><V115/><F115/><W110/><G110/><T26/><D26/><U78/><E78/><N who="2" m="30315" /><F10/><W96/><G96/><AGARI ba="0,0" hai="16,17,18,41,42,43,82,83,92,96,102" m="28135" machi="96" ten="30,3900,0" yaku="8,1,52,1,54,1" doraHai="94" who="1" fromWho="3" sc="250,0,250,39,250,0,250,-39" /><INIT seed="1,0,0,5,1,80" ten="250,289,250,211" oya="1" hai0="85,9,26,112,73,33,59,128,69,55,63,117,10" hai1="101,93,5,21,96,68,103,72,39,105,75,2,61" hai2="0,24,8,35,76,17,83,124,27,58,130,79,78" hai3="19,126,42,127,57,47,51,123,4,1,106,7,74"/><U132/><E39/><V40/><F124/><N who="3" m="47659" /><G123/><T16/><D73/><U31/><E132/><V97/><F40/><W60/><G74/><T64/><D112/><U43/><E43/><V92/><F130/><W118/><G106/><T14/><D117/><U113/><E113/><V22/><F0/><W81/><G1/><T25/><D128/><U20/><E103/><V125/><F125/><W6/><G118/><T116/><D116/><U29/><E93/><V84/><F8/><W46/><G19/><T108/><D108/><U107/><E2/><V135/><F135/><W109/><G109/><T98/><D98/><U71/><E96/><V13/><F58/><W49/><G81/><T62/><D33/><U82/><E101/><V129/><F129/><W131/><G131/><T91/><D9/><U90/><E5/><N who="3" m="1282" /><W30/><DORA hai="77" /><G30/><T56/><D69/><U120/><E120/><V52/><F52/><N who="3" m="33831" /><G47/><T34/><D34/><U11/><E75/><V89/><REACH who="2" step="1"/><F35/><REACH who="2" ten="250,289,240,211" step="2"/><W45/><G45/><T122/><REACH who="0" step="1"/><D122/><REACH who="0" ten="240,289,240,211" step="2"/><U134/><E134/><V23/><F23/><W36/><AGARI ba="0,2" hai="36,42,46,49,51" m="33831,1282,47659" machi="36" ten="40,2700,0" yaku="18,1,54,1" doraHai="80,77" who="3" fromWho="3" sc="240,-7,289,-13,240,-7,211,47" /><INIT seed="2,0,0,3,1,127" ten="233,276,233,258" oya="2" hai0="47,115,126,113,21,84,31,30,12,50,117,87,120" hai1="32,55,95,116,71,68,103,86,75,17,9,19,100" hai2="20,69,44,102,65,53,98,74,114,38,46,58,110" hai3="72,106,25,66,122,67,64,60,135,101,15,24,83"/><V97/><F74/><W123/><G60/><T45/><D12/><U22/><E75/><V6/><F6/><W121/><G135/><T118/><D21/><U62/><E32/><V28/><F114/><W85/><G72/><T7/><D7/><U132/><E132/><V130/><F98/><W13/><G101/><T4/><D4/><U59/><E116/><N who="0" m="44649" /><D126/><U96/><E103/><V93/><F110/><W56/><G56/><T81/><D120/><U2/><E86/><N who="0" m="32809" /><D81/><U14/><E2/><V125/><F125/><W11/><G85/><T70/><D70/><U61/><E62/><V37/><F69/><W35/><G83/><T89/><D89/><U109/><E109/><V23/><F23/><W54/><G35/><T42/><D47/><U92/><E92/><V88/><F102/><W33/><G33/><T111/><D111/><U41/><E41/><V39/><F46/><W73/><G73/><T94/><D94/><U40/><E40/><V34/><F44/><W76/><G11/><T49/><D49/><U78/><E78/><V129/><F34/><W104/><G76/><T91/><D91/><U0/><E0/><V57/><F65/><W80/><G80/><T105/><D105/><N who="3" m="40553" /><G54/><T108/><D108/><U112/><E112/><AGARI ba="0,0" hai="30,31,42,45,50,112,113,115" m="32809,44649" machi="112" ten="30,1000,0" yaku="12,1" doraHai="127" who="0" fromWho="1" sc="233,10,276,-10,233,0,258,0" /><INIT seed="3,0,0,2,5,51" ten="243,266,233,258" oya="3" hai0="103,85,132,110,18,78,63,42,37,56,11,133,0" hai1="104,114,111,13,61,109,125,82,92,115,50,20,48" hai2="6,96,38,14,3,84,39,35,57,47,64,40,52" hai3="80,117,95,43,70,8,107,45,123,74,59,28,116"/><W75/><G107/><T1/><D103/><U73/><E104/><V121/><F3/><W58/><G70/><T94/><D110/><N who="1" m="41995" /><E125/><V65/><F35/><W25/><G95/><T101/><D42/><U98/><E61/><V106/><F39/><W134/><G8/><T66/><D37/><U16/><E82/><V83/><F121/><W21/><G123/><T53/><D66/><U22/><E22/><V91/><F6/><W90/><G116/><T93/><D93/><U120/><E73/><V62/><REACH who="2" step="1"/><F14/><REACH who="2" ten="243,266,223,258" step="2"/><W79/><G117/><T41/><D1/><U124/><E120/><V15/><F15/><W102/><G134/><T97/><D0/><U32/><E32/><V60/><F60/><W81/><G75/><T19/><D133/><U118/><E118/><V68/><F68/><W23/><G74/><T31/><D63/><U119/><E119/><V33/><F33/><W17/><G79/><T128/><D78/><U76/><E76/><V108/><F108/><W71/><G71/><T27/><D132/><U89/><E124/><V12/><F12/><W105/><G105/><T122/><D122/><U126/><E126/><V135/><F135/><W127/><G127/><T49/><D128/><U10/><E10/><V44/><F44/><W77/><G45/><T130/><D130/><U88/><E50/><V7/><F7/><W26/><G77/><T54/><D11/><U55/><E114/><V9/><F9/><W112/><G112/><T29/><D49/><U131/><E115/><V129/><F129/><W30/><G23/><T36/><D36/><U100/><E131/><RYUUKYOKU ba="0,1" sc="243,-15,266,15,223,15,258,-15" hai1="13,16,20,48,55,88,89,92,98,100" hai2="38,40,47,52,57,62,64,65,83,84,91,96,106" /><INIT seed="4,1,1,4,4,130" ten="228,281,238,243" oya="0" hai0="107,44,81,41,22,10,88,57,36,3,50,104,93" hai1="8,46,118,37,47,79,103,77,51,98,39,68,29" hai2="134,86,124,85,31,112,65,114,121,34,115,56,25" hai3="73,26,15,70,16,97,113,122,1,99,91,75,90"/><T6/><D81/><U78/><E118/><V20/><F121/><W38/><G70/><T66/><D22/><U105/><E68/><V63/><F124/><W17/><G38/><T94/><D94/><U33/><E47/><V106/><F106/><W64/><G1/><T128/><D128/><U14/><E29/><V54/><F34/><W35/><G122/><T74/><D74/><U24/><E24/><V49/><REACH who="2" step="1"/><F134/><REACH who="2" ten="228,281,228,243" step="2"/><W120/><G35/><T135/><D135/><U45/><E33/><V92/><F92/><W27/><G120/><T72/><D72/><U67/><E105/><V43/><F43/><W28/><G75/><T84/><REACH who="0" step="1"/><D66/><REACH who="0" ten="218,281,228,243" step="2"/><U129/><E67/><V30/><F30/><W48/><G73/><T80/><D80/><U123/><E129/><V12/><F12/><W83/><G64/><T60/><D60/><U116/><E123/><V100/><F100/><W53/><G28/><T58/><D58/><AGARI ba="1,3" hai="20,25,31,49,54,56,58,63,65,85,86,112,114,115" machi="58" ten="40,2600,0" yaku="1,1,15,1,53,0" doraHai="130" doraHaiUra="131" who="2" fromWho="0" sc="218,-29,281,0,228,59,243,0" /><INIT seed="5,0,0,0,0,62" ten="189,281,287,243" oya="1" hai0="71,93,79,32,72,7,4,121,104,115,108,122,85" hai1="54,84,20,44,2,128,80,135,109,70,98,95,103" hai2="55,107,69,75,119,48,16,36,87,38,39,131,129" hai3="106,28,3,91,110,74,116,35,45,49,37,12,5"/><U76/><E135/><V126/><F75/><W25/><G106/><T33/><D72/><U51/><E128/><V113/><F107/><W123/><G110/><T88/><D104/><U118/><E109/><V29/><F69/><W111/><G111/><T120/><D108/><U56/><E70/><V24/><F119/><W82/><G116/><T77/><D71/><U114/><E118/><V42/><F39/><W101/><G101/><T13/><D115/><U26/><E114/><V67/><F38/><W78/><G91/><T31/><D31/><U14/><E2/><V130/><F36/><W1/><G123/><T105/><D105/><U15/><REACH who="1" step="1"/><E44/><REACH who="1" ten="189,271,287,243" step="2"/><V59/><F113/><W133/><G133/><T27/><D27/><U41/><E41/><V34/><F131/><W10/><G3/><T134/><D134/><U125/><E125/><V102/><F126/><W66/><G1/><T0/><D0/><U40/><E40/><V30/><F130/><W99/><G45/><T46/><D46/><U68/><E68/><V6/><F129/><W57/><G25/><T47/><D47/><U89/><E89/><V8/><F42/><W117/><G117/><T43/><D43/><U132/><E132/><V11/><F34/><N who="0" m="13418" /><D13/><U9/><E9/><V64/><F11/><W96/><G10/><T90/><D90/><U53/><E53/><V83/><F55/><W124/><G12/><T58/><D58/><U86/><E86/><V100/><F59/><W112/><G57/><T22/><D22/><U94/><E94/><V63/><F8/><W65/><G112/><T97/><D85/><RYUUKYOKU ba="0,1" sc="189,15,271,15,287,-15,243,-15" hai0="4,7,77,79,88,93,97,120,121,122" hai1="14,15,20,26,51,54,56,76,80,84,95,98,103" /><INIT seed="5,1,1,0,3,108" ten="204,286,272,228" oya="1" hai0="21,93,131,2,118,102,92,83,121,126,66,34,80" hai1="109,46,64,119,130,129,17,13,103,63,18,106,28" hai2="85,125,57,9,60,51,53,74,70,123,26,0,59" hai3="115,47,97,8,42,73,49,86,32,14,82,100,65"/><U77/><E119/><V6/><F125/><W54/><G32/><T29/><D34/><U38/><E28/><V52/><F74/><W25/><G73/><T30/><D2/><U116/><E116/><V10/><F123/><W72/><G72/><T94/><D118/><U120/><E120/><V107/><F107/><W117/><G117/><T5/><D121/><U122/><E122/><V56/><F70/><W78/><G65/><T132/><D126/><U96/><E77/><V31/><F85/><W22/><G54/><T91/><D131/><N who="1" m="50187" /><E109/><V12/><F10/><W111/><G111/><T68/><D68/><N who="1" m="42015" /><E13/><V69/><F69/><W61/><G61/><T27/><D66/><U7/><E7/><V55/><F0/><W45/><G25/><T95/><D5/><U101/><E101/><V112/><F60/><W90/><G22/><T48/><D102/><U4/><E4/><V99/><F99/><W98/><G100/><T15/><D15/><U23/><E23/><V88/><F31/><W134/><G78/><T81/><D30/><U76/><E76/><V58/><F6/><W105/><G8/><T75/><D75/><U40/><AGARI ba="1,1" hai="17,18,38,40,46,96,103,106" m="42015,50187" machi="40" ten="30,1500,0" yaku="19,1" doraHai="108" who="1" fromWho="1" sc="204,-6,286,28,272,-6,228,-6" /><INIT seed="5,2,0,3,0,113" ten="198,314,266,222" oya="1" hai0="108,8,1,6,28,37,26,61,7,87,131,58,107" hai1="63,22,120,118,70,14,43,39,10,49,21,92,79" hai2="102,46,33,128,29,77,64,23,97,121,116,4,94" hai3="85,82,84,127,67,124,35,31,17,101,16,3,72"/><U18/><E120/><V40/><F128/><W11/><G101/><T48/><D37/><U132/><E132/><V95/><F33/><W96/><G96/><T9/><D107/><U27/><E39/><V105/><F121/><W80/><G67/><T135/><D131/><U59/><E70/><V25/><F77/><W90/><G72/><T36/><D36/><U12/><E79/><V60/><F4/><N who="3" m="1439" /><G31/><T50/><D135/><U68/><E68/><V103/><F103/><W106/><G35/><T41/><D41/><U83/><E83/><V122/><F122/><W2/><G2/><T5/><D87/><U56/><E92/><V45/><F95/><W88/><G106/><T115/><D108/><U73/><E73/><V100/><F100/><W55/><G55/><T98/><D98/><U51/><E43/><V129/><F105/><W34/><G34/><T109/><D109/><U134/><E134/><V66/><F66/><W71/><G71/><T20/><D115/><U30/><E56/><N who="2" m="36871" /><F129/><W91/><G91/><T52/><D5/><U42/><E42/><V54/><F54/><W112/><G112/><T99/><D99/><U19/><E51/><N who="2" m="27047" /><F46/><W81/><G82/><T15/><AGARI ba="2,0" hai="1,6,7,8,9,15,20,26,28,48,50,52,58,61" machi="15" ten="20,2700,0" yaku="0,1,7,1,54,1" doraHai="113" who="0" fromWho="0" sc="198,33,314,-15,266,-9,222,-9" /><INIT seed="6,0,0,2,4,71" ten="231,299,257,213" oya="2" hai0="85,81,42,84,7,110,122,50,121,67,116,103,93" hai1="4,123,37,90,87,41,49,111,82,10,44,126,128" hai2="45,99,135,30,58,132,112,117,21,36,133,57,98" hai3="77,68,52,18,74,94,106,35,5,69,22,104,97"/><V31/><F117/><W96/><G35/><T72/><D67/><U63/><E128/><V8/><F8/><W101/><G5/><T124/><D42/><U53/><E126/><V14/><F14/><W15/><G106/><T108/><D50/><U130/><E130/><V40/><F112/><W60/><G77/><N who="0" m="44199" /><D7/><U76/><E123/><N who="0" m="47113" /><D124/><U107/><E107/><V13/><F13/><W55/><G74/><T28/><D28/><N who="2" m="10794" /><F21/><W86/><G86/><N who="0" m="33387" /><D116/><U89/><E111/><V70/><F70/><W12/><G12/><T91/><D103/><U78/><E63/><V64/><F58/><W0/><G0/><T6/><D6/><U56/><E76/><V38/><F38/><W48/><G60/><AGARI ba="0,0" hai="36,40,45,57,60,64,98,99,132,133,135" m="10794" machi="60" ten="40,3900,0" yaku="20,1,52,1" doraHai="71" who="2" fromWho="3" sc="231,0,299,0,257,39,213,-39" /><INIT seed="6,1,0,5,2,73" ten="231,299,296,174" oya="2" hai0="63,54,66,91,12,22,2,97,46,56,37,95,115" hai1="123,40,126,81,88,129,38,133,79,119,89,135,71" hai2="42,27,49,28,106,59,68,85,98,61,116,84,18" hai3="134,69,15,7,82,99,64,102,105,92,124,112,87"/><V70/><F18/><W78/><G124/><T17/><D2/><U13/><E126/><V86/><F116/><W62/><G134/><N who="1" m="51210" /><E71/><V65/><F49/><W8/><REACH who="3" step="1"/><G112/><REACH who="3" ten="231,299,296,164" step="2"/><T113/><D115/><U57/><E119/><V26/><F42/><W100/><G100/><T41/><REACH who="0" step="1"/><D113/><REACH who="0" ten="221,299,296,164" step="2"/><U1/><E123/><V109/><F109/><W76/><G76/><T120/><D120/><U6/><E79/><V121/><F121/><W127/><G127/><T111/><D111/><U19/><E129/><V47/><F28/><W101/><G101/><T52/><AGARI ba="1,2" hai="12,17,22,37,41,46,52,54,56,63,66,91,95,97" machi="52" ten="30,8000,1" yaku="1,1,0,1,54,1,53,2" doraHai="73" doraHaiUra="48" who="0" fromWho="0" sc="221,103,299,-21,296,-41,164,-21" /><INIT seed="7,0,0,2,3,117" ten="324,278,255,143" oya="3" hai0="120,128,40,109,21,124,82,115,99,20,45,51,94" hai1="112,68,4,19,123,97,36,93,59,34,46,31,24" hai2="65,25,125,27,15,121,63,43,131,69,102,116,135" hai3="84,90,3,76,56,2,12,28,48,0,50,62,92"/><W98/><G28/><T64/><D120/><U30/><E68/><V10/><F116/><W106/><G12/><T61/><D109/><U13/><E112/><V111/><F111/><W127/><G127/><T11/><D115/><U81/><E31/><V126/><F121/><W44/><G44/><T22/><D124/><N who="2" m="47722" /><F131/><W83/><REACH who="3" step="1"/><G106/><REACH who="3" ten="324,278,255,133" step="2"/><T74/><D45/><U118/><E46/><V8/><F135/><W7/><G7/><T29/><D128/><U122/><E4/><N who="2" m="3463" /><F43/><W49/><G49/><T70/><D51/><U78/><E118/><V134/><F134/><W33/><G33/><T132/><D40/><U77/><E36/><V89/><F102/><W101/><G101/><T71/><D29/><U60/><E122/><V47/><F47/><W5/><G5/><T73/><D132/><U88/><E123/><V104/><F104/><W16/><G16/><T39/><D39/><U32/><E32/><V18/><F89/><W54/><AGARI ba="0,1" hai="0,2,3,48,50,54,56,62,76,83,84,90,92,98" machi="54" ten="30,3000,0" yaku="1,1,0,1,53,0" doraHai="117" doraHaiUra="129" who="3" fromWho="3" sc="324,-10,278,-10,255,-10,133,40" /><INIT seed="7,1,0,4,3,61" ten="314,268,245,173" oya="3" hai0="125,96,99,90,74,6,89,37,14,98,100,103,2" hai1="15,116,62,101,113,122,48,19,81,119,88,79,30" hai2="75,112,47,59,76,102,132,27,106,123,66,131,83" hai3="26,25,31,84,35,42,11,72,44,127,115,55,34"/><W68/><G72/><T53/><D37/><U110/><E110/><V85/><F47/><W82/><G115/><T63/><D2/><U20/><E122/><V60/><F112/><W8/><G127/><T0/><D0/><U128/><E113/><V93/><F123/><W91/><G68/><T5/><D74/><U46/><E128/><V67/><F131/><W86/><G55/><T71/><D71/><U50/><E101/><N who="0" m="38985" /><D125/><U124/><E124/><V129/><F129/><W114/><G114/><T29/><D29/><U104/><E104/><V65/><F132/><W51/><REACH who="3" step="1"/><G84/><REACH who="3" ten="314,268,245,163" step="2"/><T57/><D53/><U41/><E119/><V130/><F130/><W43/><G43/><T109/><D109/><U80/><E116/><V52/><F75/><W133/><G133/><T18/><D98/><U54/><E54/><V7/><F106/><W78/><G78/><T9/><D99/><U121/><E79/><V70/><F70/><W36/><G36/><T87/><D96/><U21/><E121/><V3/><F76/><W58/><G58/><T33/><D87/><U16/><E41/><V10/><F85/><W39/><G39/><T64/><D33/><U56/><E56/><V45/><F52/><W4/><G4/><AGARI ba="1,1" hai="4,5,6,9,14,18,57,63,64,89,90" m="38985" machi="4" ten="30,2000,0" yaku="8,1,52,1" doraHai="61" who="0" fromWho="3" sc="314,33,268,0,245,0,163,-23" owari="347,44.0,268,7.0,245,-15.0,140,-36.0" /></mjloggm>