<mjloggm ver="2.3"><GO type="169" lobby="0"/><UN n0="%E3%82%B3%E3%83%B3%E3%83%81%E2%85%A2" n1="%E3%81%B7%E3%82%93%E3%81%B7%E3%82%93%EF%BC%81" n2="%6D%6E%77%32%30%30%30%30" n3="%E3%82%A6%E3%83%AB%E3%83%88%E3%83%A9%E7%AB%8B%E7%9B%B4" dan="17,16,17,17" rate="2165.11,2005.51,2141.20,2170.23" sx="M,M,M,M"/><TAIKYOKU oya="0"/><INIT seed="0,0,0,4,3,35" ten="250,250,250,250" oya="0" hai0="117,131,43,44,26,34,90,119,10,64,79,30,110" hai1="46,107,59,108,77,123,27,112,48,15,89,5,124" hai2="134,63,21,99,22,84,52,80,25,57,115,47,93" hai3="101,11,8,96,54,87,82,132,58,88,29,114,18"/><T75/><D131/><U7/><E107/><V9/><F134/><W1/><G132/><T12/><D64/><U102/><E123/><V36/><F115/><W23/><G114/><T127/><D127/><U56/><E112/><V41/><F9/><W69/><G29/><T95/><D110/><U120/><E120/><V51/><F36/><W70/><G11/><T73/><D79/><U68/><E68/><V53/><F41/><W83/><G83/><T13/><D13/><U126/><E108/><V104/><F104/><W78/><G78/><T74/><D95/><U28/><E102/><V103/><REACH who="2" step="1"/><F25/><REACH who="2" ten="250,250,240,250" step="2"/><W116/><G8/><T94/><D10/><U67/><E27/><V109/><F109/><W121/><G121/><T76/><D12/><U128/><E15/><V60/><F60/><W33/><G116/><T6/><D6/><U61/><E5/><V50/><F50/><W106/><G1/><T14/><D14/><U32/><E7/><V98/><F98/><W91/><G96/><T0/><D119/><U100/><E61/><V72/><F72/><W62/><G106/><T3/><D117/><U4/><E48/><V19/><F19/><W31/><G18/><T40/><D40/><U111/><E4/><V38/><F38/><W24/><G62/><T85/><REACH who="0" step="1"/><D76/><AGARI ba="0,1" hai="21,22,47,51,52,53,57,63,76,80,84,93,99,103" machi="76" ten="30,8000,1" yaku="1,1,7,1,8,1,54,1,53,1" doraHai="35" doraHaiUra="45" who="2" fromWho="0" sc="250,-80,250,0,240,90,250,0" /><INIT seed="1,0,0,4,0,108" ten="170,250,330,250" oya="1" hai0="134,28,78,6,45,61,83,73,54,63,44,90,104" hai1="57,16,102,135,122,92,91,47,11,87,36,94,114" hai2="126,52,30,116,82,21,133,128,66,86,8,9,53" hai3="3,109,18,67,103,106,117,59,62,55,46,22,49"/><U34/><E122/><V107/><F107/><W17/><G3/><T95/><D104/><U58/><E135/><V0/><F116/><W131/><G117/><T40/><D134/><U85/><E34/><V121/><F121/><W125/><G109/><T100/><D100/><U119/><E119/><V65/><F133/><W13/><G131/><T43/><D28/><U37/><E37/><V20/><F126/><W64/><G125/><T130/><D130/><U98/><E114/><V79/><F0/><W132/><G132/><T75/><D75/><U101/><E101/><V71/><F71/><W81/><G106/><T7/><D61/><U120/><E120/><V111/><F111/><W110/><G103/><T80/><D80/><U69/><E69/><V96/><F96/><W5/><G110/><T123/><D123/><U10/><E85/><V23/><F30/><W112/><G112/><T68/><D45/><U24/><E10/><N who="2" m="4203" /><F128/><W29/><G5/><T2/><D2/><U25/><E25/><V12/><F12/><W127/><G127/><T89/><D89/><U105/><E105/><V99/><F99/><W19/><G29/><T115/><D115/><U1/><E1/><V50/><F53/><W84/><REACH who="3" step="1"/><G64/><REACH who="3" ten="170,250,330,240" step="2"/><N who="0" m="40991" /><D7/><U39/><E102/><V60/><F65/><W42/><G42/><T74/><D6/><U15/><E36/><V77/><F66/><W88/><AGARI ba="0,1" hai="13,17,18,19,22,46,49,55,59,62,67,81,84,88" machi="88" ten="20,12000,2" yaku="1,1,0,1,7,1,8,1,54,1,53,1" doraHai="108" doraHaiUra="56" who="3" fromWho="3" sc="170,-30,250,-60,330,-30,240,130" /><INIT seed="2,0,0,2,2,5" ten="140,190,300,370" oya="2" hai0="102,1,78,27,135,41,38,50,4,49,121,72,118" hai1="96,100,101,86,46,32,52,59,34,29,58,129,45" hai2="80,69,40,17,20,134,77,19,131,82,119,113,28" hai3="56,75,51,14,13,112,106,11,91,26,22,76,6"/><V90/><F119/><W85/><G106/><T16/><D121/><U105/><E129/><V9/><F131/><W132/><G132/><T130/><D102/><U43/><E101/><V31/><F134/><W53/><G112/><T21/><D130/><U133/><E133/><V10/><F69/><W25/><G75/><T95/><D95/><U61/><E29/><V71/><F71/><W24/><G76/><T73/><D135/><U12/><E12/><V109/><F40/><W48/><G48/><T74/><D78/><U63/><E86/><V68/><F68/><W93/><REACH who="3" step="1"/><G14/><REACH who="3" ten="140,190,300,360" step="2"/><T39/><D118/><U89/><E46/><V122/><F77/><W8/><G8/><T37/><REACH who="0" step="1"/><D41/><REACH who="0" ten="130,190,300,360" step="2"/><U123/><E123/><V99/><F122/><W47/><G47/><T108/><D108/><U104/><E104/><V44/><F44/><W120/><G120/><T116/><D116/><U57/><E105/><V81/><F109/><W127/><G127/><T15/><D15/><U111/><E111/><V18/><F113/><W55/><G55/><T54/><D54/><U60/><E43/><V103/><F103/><W7/><G7/><T125/><D125/><U87/><E100/><V36/><F36/><W94/><G94/><T23/><D23/><AGARI ba="0,2" hai="6,11,13,22,23,24,25,26,51,53,56,85,91,93" machi="23" ten="40,5200,0" yaku="1,1,8,1,52,1,53,0" doraHai="5" doraHaiUra="126" who="3" fromWho="0" sc="130,-52,190,0,300,0,360,72" /><INIT seed="3,0,0,3,3,131" ten="78,190,300,432" oya="3" hai0="88,57,47,49,114,9,103,74,1,118,41,31,81" hai1="43,94,66,125,101,44,75,37,52,113,87,42,0" hai2="51,61,89,16,3,53,68,45,7,97,30,18,76" hai3="117,112,127,50,60,107,58,96,12,77,133,86,129"/><W134/><G117/><T69/><D103/><U120/><E75/><V23/><F76/><W124/><G112/><T65/><D118/><U98/><E120/><V56/><F68/><W91/><G129/><T35/><D114/><U19/><E113/><V111/><F111/><W36/><G36/><T14/><D1/><U17/><E0/><V109/><F109/><W115/><G50/><T55/><D74/><U29/><E125/><N who="3" m="48202" /><G12/><T67/><D69/><U85/><E66/><V39/><F39/><W64/><G115/><T33/><D31/><U40/><E29/><V38/><F38/><W20/><G20/><T84/><D35/><U99/><E37/><V132/><F7/><W27/><G27/><T70/><D70/><U62/><E98/><V46/><F30/><W54/><G54/><T10/><D10/><U128/><E128/><V106/><F23/><W108/><G108/><T24/><D24/><U122/><E122/><V102/><F18/><N who="1" m="6665" /><E62/><V90/><F61/><W104/><G77/><T83/><D83/><U130/><E130/><V93/><F16/><W59/><G59/><T26/><D26/><U11/><E11/><V21/><F21/><W25/><G25/><T121/><D33/><U13/><E13/><V72/><F56/><W105/><G96/><T92/><D121/><U6/><E6/><V4/><F4/><W100/><G100/><T135/><D135/><U2/><E2/><V78/><F132/><W28/><G28/><T48/><D81/><AGARI ba="0,0" hai="58,60,64,81,86,91,104,105,107,133,134" m="48202" machi="81" ten="40,7700,0" yaku="18,1,52,2" doraHai="131" who="3" fromWho="0" sc="78,-77,190,0,300,0,432,77" /><INIT seed="3,1,0,5,3,54" ten="1,190,300,509" oya="3" hai0="72,103,107,80,49,88,46,112,95,52,67,79,66" hai1="97,42,92,98,70,128,90,111,39,57,113,14,32" hai2="108,132,26,64,110,36,85,63,41,29,123,133,10" hai3="23,5,117,75,45,68,121,21,125,77,126,17,22"/><W130/><G121/><T7/><D112/><U100/><E70/><N who="2" m="42271" /><F10/><W4/><G68/><T15/><D7/><U62/><E32/><N who="2" m="20535" /><F85/><W30/><G75/><T34/><D15/><U65/><E113/><V27/><F27/><W94/><G77/><T87/><D34/><U16/><E111/><N who="2" m="42539" /><F123/><W0/><G30/><T120/><D120/><U59/><E128/><V96/><F96/><AGARI ba="1,0" hai="46,49,52,66,67,72,79,80,87,88,95,96,103,107" machi="96" ten="40,8000,1" yaku="24,2,54,2" doraHai="54" who="0" fromWho="2" sc="1,83,190,0,300,-83,509,0" /><INIT seed="4,0,0,3,4,91" ten="84,190,217,509" oya="0" hai0="48,57,55,16,82,120,2,33,31,24,98,29,75" hai1="9,88,105,12,102,81,134,119,62,54,123,92,7" hai2="30,37,27,41,117,124,133,122,36,14,68,11,111" hai3="34,114,64,121,65,66,86,116,42,107,115,79,4"/><T22/><D2/><U5/><E119/><V84/><F122/><W97/><G34/><T10/><D120/><U118/><E118/><V131/><F117/><W15/><G116/><T130/><D130/><U50/><E123/><V44/><F68/><W78/><G42/><T99/><D10/><U49/><E134/><V94/><F133/><W0/><G0/><T95/><D33/><U17/><E105/><V20/><F111/><W43/><G43/><T23/><D23/><U72/><E102/><V67/><F67/><W8/><G86/><T83/><D75/><U56/><E81/><N who="0" m="30729" /><D99/><N who="1" m="57735" /><E72/><V110/><F124/><W113/><G121/><T112/><D112/><U39/><E39/><V71/><F110/><W18/><G4/><AGARI ba="0,0" hai="4,5,7,9,12,17,49,50,54,56,62" m="57735" machi="4" ten="30,3900,0" yaku="8,1,52,1,54,1" doraHai="91" who="1" fromWho="3" sc="84,0,190,39,217,0,509,-39" /><INIT seed="5,0,0,3,4,45" ten="84,229,217,470" oya="1" hai0="89,131,30,28,72,13,73,25,98,67,97,113,105" hai1="112,102,44,60,69,7,20,12,103,35,53,123,5" hai2="38,63,33,26,17,76,71,117,74,78,100,93,1" hai3="16,32,0,135,68,94,99,83,10,133,88,108,18"/><U11/><E112/><V6/><F38/><W8/><G32/><T114/><D13/><U124/><E35/><V80/><F78/><W104/><G68/><T126/><D67/><U87/><E123/><V118/><F93/><W81/><G104/><T86/><D25/><U106/><E124/><V55/><F100/><W54/><G108/><T75/><D30/><U3/><E106/><V96/><F96/><N who="0" m="36970" /><D28/><U59/><E69/><V21/><F33/><W42/><G83/><N who="0" m="49375" /><D105/><U101/><E3/><V2/><F71/><W91/><G42/><T14/><D14/><U23/><E5/><V34/><F34/><W31/><G54/><T4/><D4/><U50/><REACH who="1" step="1"/><E87/><REACH who="1" ten="84,219,217,470" step="2"/><V41/><F2/><W92/><G0/><T58/><D58/><U115/><E115/><N who="0" m="44041" /><D131/><U49/><E49/><V43/><F6/><W129/><G129/><T134/><D126/><U116/><E116/><V95/><F117/><W130/><G130/><T121/><D134/><U52/><AGARI ba="0,1" hai="7,11,12,20,23,44,50,52,53,59,60,101,102,103" machi="52" ten="30,12000,1" yaku="1,1,0,1,8,1,52,1,54,1,53,0" doraHai="45" doraHaiUra="82" who="1" fromWho="1" sc="84,-40,219,130,217,-40,470,-40" /><INIT seed="5,1,0,1,0,115" ten="44,349,177,430" oya="1" hai0="97,48,9,86,83,82,43,12,88,5,54,117,10" hai1="65,134,6,122,108,46,42,34,8,67,76,127,0" hai2="94,41,93,116,100,4,96,104,95,20,56,28,126" hai3="19,101,124,106,98,18,107,131,132,120,58,24,29"/><U70/><E122/><V44/><F126/><W49/><G120/><T47/><D117/><U31/><E127/><V27/><F4/><W38/><G38/><T3/><D97/><U130/><E130/><V72/><F72/><W62/><G124/><T129/><D129/><U92/><E134/><V133/><F133/><W40/><G107/><T109/><D109/><U102/><E108/><V1/><F1/><W30/><G132/><T15/><D3/><U113/><E113/><V17/><F116/><W87/><G87/><T25/><D25/><U105/><E92/><V123/><F123/><W23/><G131/><T80/><D43/><U90/><E90/><V36/><F104/><W111/><G111/><T121/><D121/><U110/><E110/><V69/><F69/><W51/><G30/><T45/><D45/><U33/><E76/><V89/><F100/><W81/><G81/><T39/><D39/><N who="1" m="21855" /><E67/><V2/><F2/><W57/><G40/><T91/><D91/><U22/><E22/><V63/><REACH who="2" step="1"/><F28/><REACH who="2" ten="44,349,167,430" step="2"/><W32/><G29/><T78/><REACH who="0" step="1"/><D78/><REACH who="0" ten="34,349,167,430" step="2"/><U52/><E31/><V50/><F50/><W73/><G101/><T99/><D99/><U7/><E102/><V125/><F125/><W16/><G98/><T85/><D85/><U135/><E105/><V68/><F68/><W77/><G106/><T112/><D112/><U74/><E70/><V61/><F61/><W66/><G77/><T13/><D13/><U64/><E135/><V79/><F79/><W119/><G62/><T60/><D60/><U55/><E0/><V84/><F84/><W26/><G119/><RYUUKYOKU ba="1,2" sc="34,15,349,-15,167,15,430,-15" hai0="5,9,10,12,15,47,48,54,80,82,83,86,88" hai2="17,20,27,36,41,44,56,63,89,93,94,95,96" /><INIT seed="6,2,2,1,5,51" ten="49,334,182,415" oya="2" hai0="7,16,122,17,115,112,49,26,108,86,5,10,47" hai1="50,54,97,121,37,117,14,132,2,103,15,98,88" hai2="104,9,130,110,78,75,116,79,62,70,119,41,29" hai3="113,23,1,94,134,127,25,38,73,40,87,27,36"/><V109/><F104/><W60/><G27/><T85/><D108/><N who="2" m="41578" /><F41/><W92/><G94/><T72/><D72/><U56/><E2/><V120/><F29/><W18/><G60/><T114/><D122/><U64/><E37/><V57/><F70/><W102/><G18/><T42/><D7/><U0/><E0/><V11/><F120/><W89/><G1/><T76/><D26/><U13/><E132/><V101/><F101/><W77/><G25/><T63/><D63/><N who="1" m="37991" /><E117/><N who="2" m="45131" /><F130/><W95/><G40/><T100/><D100/><U12/><E121/><V81/><F79/><W128/><G77/><T131/><D131/><U45/><E103/><V8/><F8/><W19/><G128/><T99/><D99/><U107/><E107/><V68/><F68/><W44/><G102/><T58/><D58/><U126/><E126/><V33/><F33/><W30/><G127/><T24/><D24/><U105/><E105/><V53/><AGARI ba="2,2" hai="9,11,53,57,62,75,78,81" m="45131,41578" machi="53" ten="30,3000,0" yaku="10,1,52,1" doraHai="51" who="2" fromWho="2" sc="49,-12,334,-12,182,56,415,-12" /><INIT seed="6,3,0,2,2,20" ten="37,322,238,403" oya="2" hai0="83,59,47,112,104,16,62,81,70,53,115,19,93" hai1="114,75,84,8,0,43,91,107,33,50,113,67,49" hai2="48,40,11,118,6,94,109,131,63,129,86,56,22" hai3="45,9,26,66,125,32,72,120,88,130,99,36,79"/><V92/><F118/><W69/><G88/><T39/><D104/><U134/><E75/><V42/><F109/><W119/><G99/><T23/><D19/><U90/><E107/><V98/><F22/><W105/><G105/><T124/><D124/><U15/><E0/><V128/><F86/><W95/><G95/><T100/><D70/><U41/><E33/><V74/><F74/><W38/><G45/><T133/><D133/><U71/><E134/><V126/><F126/><W25/><G26/><T17/><D17/><N who="1" m="8423" /><E67/><V21/><F21/><W68/><G68/><T87/><D47/><U18/><E71/><V76/><F76/><W122/><G9/><T61/><D61/><U52/><E18/><V82/><F82/><W123/><G119/><T85/><D39/><U30/><E30/><V96/><F92/><W14/><G14/><T3/><D3/><U80/><E91/><N who="2" m="55391" /><F48/><W117/><G117/><T60/><D60/><U31/><E31/><V102/><F98/><W54/><G125/><T37/><D37/><U65/><E50/><V111/><F102/><W77/><G38/><T28/><D28/><U64/><E43/><V103/><F103/><W27/><G36/><T34/><D34/><U108/><E41/><V78/><F40/><W132/><G32/><T101/><D93/><U5/><E5/><V35/><F42/><W110/><G132/><T127/><D127/><U13/><E108/><V46/><F111/><W24/><G110/><T135/><D135/><U121/><E121/><V106/><F46/><W73/><G120/><T97/><D101/><U58/><E13/><RYUUKYOKU ba="3,0" sc="37,-10,322,30,238,-10,403,-10" hai1="49,52,58,64,65,80,84,90,113,114" /><INIT seed="7,4,0,3,2,57" ten="27,352,228,393" oya="3" hai0="11,58,88,31,80,67,37,2,10,126,64,32,66" hai1="61,23,38,89,90,133,84,19,24,93,0,94,63" hai2="56,6,34,87,83,30,116,14,104,131,46,91,76" hai3="135,21,44,4,117,71,22,65,77,68,95,3,29"/><W130/><BYE who="0" /><G117/><T42/><D42/><U114/><E38/><V27/><F116/><W127/><G77/><T79/><D79/><U122/><E122/><V97/><F131/><W121/><G121/><T39/><D39/><U100/><E114/><V96/><F104/><W50/><G4/><T129/><D129/><U81/><E133/><V48/><F56/><W33/><G3/><T47/><D47/><U82/><E0/><V35/><F35/><W53/><G130/><T12/><D12/><U40/><E40/><V18/><F76/><W120/><G120/><T115/><D115/><U15/><E15/><V20/><F6/><W41/><G41/><AGARI ba="4,0" hai="14,18,20,27,30,34,41,46,48,83,87,91,96,97" machi="41" ten="30,1000,0" yaku="7,1" doraHai="57" who="2" fromWho="3" sc="27,0,352,0,228,22,393,-22" owari="27,-47.0,352,15.0,250,-15.0,371,47.0" /></mjloggm>