<mjloggm ver="2.3"><GO type="169" lobby="0"/><UN n0="%E7%AB%8B%E8%8F%AF%E5%A5%8F" n1="%E3%82%B3%E3%83%BC%E3%83%A9%E4%B8%8B%E3%81%95%E3%81%84" n2="%E5%B0%B1%E6%B4%BB%E7%94%9F%40%E5%B7%9D%E6%9D%91%E8%BB%8D%E5%9B%A3" n3="%E3%83%89%E3%83%A9%EF%BC%91%EF%BC%92%EF%BC%90%EF%BC%85" dan="16,19,18,17" rate="2135.47,2339.65,2266.03,2186.10" sx="F,M,M,M"/><TAIKYOKU oya="0"/><INIT seed="0,0,0,3,2,19" ten="250,250,250,250" oya="0" hai0="37,5,80,60,83,72,28,39,21,8,64,86,31" hai1="35,59,98,93,108,58,36,117,45,100,84,46,110" hai2="57,111,62,126,129,68,70,13,18,65,112,132,122" hai3="95,81,89,106,61,82,131,85,51,17,134,130,48"/><T30/><D72/><U133/><E117/><V42/><F122/><W67/><G106/><T71/><D80/><U135/><E35/><V55/><F112/><W121/><G121/><T44/><D44/><N who="1" m="17003" /><E84/><V78/><F78/><W101/><G134/><N who="1" m="51210" /><E36/><V109/><F132/><W1/><G1/><T7/><D7/><U38/><E38/><V3/><F3/><W2/><G2/><T49/><D49/><N who="3" m="19017" /><G17/><T99/><D99/><U120/><E120/><V73/><F73/><W10/><G10/><T123/><D123/><U96/><E96/><V6/><F6/><W27/><G27/><T97/><D97/><U76/><E76/><V16/><F42/><W75/><G101/><T113/><D113/><U115/><E115/><V90/><F18/><W26/><G26/><T107/><D107/><U50/><E50/><V43/><F43/><W53/><G75/><T14/><D39/><U47/><N who="1" m="17011" /><U54/><DORA hai="23" /><E54/><V91/><F55/><W125/><G53/><T4/><D4/><U74/><E74/><V128/><F16/><W77/><G77/><T79/><REACH who="0" step="1"/><D37/><REACH who="0" ten="240,250,250,250" step="2"/><U11/><E98/><V24/><F128/><N who="3" m="49195" /><G125/><T22/><AGARI ba="0,1" hai="5,8,14,21,22,28,30,31,60,64,71,79,83,86" machi="22" ten="30,11700,0" yaku="1,1,0,1,52,2,53,0" doraHai="19,23" doraHaiUra="29,116" who="0" fromWho="0" sc="240,127,250,-39,250,-39,250,-39" /><INIT seed="0,1,0,0,3,119" ten="367,211,211,211" oya="0" hai0="33,133,56,103,45,134,104,97,123,55,61,60,128" hai1="106,41,76,71,108,88,18,89,38,83,57,35,99" hai2="92,135,66,132,59,36,95,54,5,130,20,105,63" hai3="86,48,58,102,78,16,39,14,23,53,31,6,124"/><T1/><D1/><U100/><E71/><V29/><F105/><W90/><G39/><T34/><D128/><U52/><E108/><V7/><F36/><W118/><G118/><T129/><D129/><U17/><E35/><V98/><F130/><W37/><G37/><T26/><D123/><U32/><E32/><V22/><F54/><W112/><G112/><T46/><D33/><U13/><E41/><V72/><F72/><W15/><G124/><T24/><D60/><U75/><E38/><V12/><F95/><W47/><G78/><T113/><D113/><U125/><E125/><V3/><F3/><W4/><G102/><T0/><D0/><U50/><REACH who="1" step="1"/><E18/><REACH who="1" ten="367,201,211,211" step="2"/><V116/><F116/><W65/><G31/><T109/><D109/><U84/><E84/><V82/><F29/><W51/><G15/><T10/><D34/><U117/><E117/><V68/><F68/><W42/><REACH who="3" step="1"/><G65/><REACH who="3" ten="367,201,211,201" step="2"/><T40/><D24/><U110/><E110/><V96/><F12/><W94/><AGARI ba="1,2" hai="4,6,14,16,23,42,47,48,51,53,58,86,90,94" machi="94" ten="20,16000,3" yaku="1,1,2,1,0,1,7,1,25,2,8,1,54,1,53,2" doraHai="119" doraHaiUra="2" who="3" fromWho="3" sc="367,-81,201,-41,211,-41,201,183" /><INIT seed="1,0,0,0,4,45" ten="286,160,170,384" oya="1" hai0="44,105,61,107,42,73,43,62,36,47,134,124,88" hai1="13,128,39,79,63,121,112,72,96,83,123,5,60" hai2="28,130,81,10,57,103,98,9,91,37,41,94,87" hai3="59,77,11,111,74,30,82,54,6,109,129,55,67"/><U51/><E112/><V8/><F130/><W22/><G129/><T104/><D73/><U117/><E128/><V21/><F37/><W106/><G106/><T122/><D124/><U120/><E39/><V15/><F41/><W48/><G30/><T133/><D122/><U2/><E117/><V12/><REACH who="2" step="1"/><F57/><REACH who="2" ten="286,160,160,384" step="2"/><W17/><G111/><T27/><D36/><U66/><E120/><V26/><AGARI ba="0,1" hai="8,9,10,12,15,21,26,28,81,87,91,94,98,103" machi="26" ten="30,8000,1" yaku="1,1,2,1,0,1,8,1,53,1" doraHai="45" doraHaiUra="92" who="2" fromWho="2" sc="286,-20,160,-40,160,90,384,-20" /><INIT seed="2,0,0,1,4,111" ten="266,120,250,364" oya="2" hai0="112,119,29,49,7,45,8,86,123,28,90,83,52" hai1="95,70,96,46,89,43,9,3,37,13,58,20,5" hai2="106,15,127,14,0,135,61,31,116,39,75,41,68" hai3="110,74,66,91,22,103,4,59,97,42,53,107,44"/><V63/><F0/><W27/><G74/><T125/><D123/><U101/><E70/><V120/><F120/><W78/><G78/><T128/><D128/><U115/><E115/><V92/><F106/><W55/><G4/><T69/><D69/><U109/><E109/><V122/><F75/><W94/><G110/><T12/><D125/><U16/><REACH who="1" step="1"/><E58/><REACH who="1" ten="266,110,250,364" step="2"/><V133/><F68/><W81/><G59/><T54/><D112/><U60/><E60/><V25/><F63/><W105/><G66/><T36/><D119/><U51/><E51/><V134/><F61/><W11/><G107/><T77/><D36/><U80/><E80/><V23/><F116/><W32/><G81/><T57/><D77/><U113/><E113/><V114/><F114/><W1/><G105/><T124/><D124/><U108/><E108/><V84/><F122/><W126/><G126/><T76/><D76/><U64/><E64/><V88/><F127/><W130/><G130/><T100/><D100/><AGARI ba="0,1" hai="3,5,9,13,16,20,37,43,46,89,95,96,100,101" machi="100" ten="40,5200,0" yaku="1,1,54,1,53,1" doraHai="111" doraHaiUra="40" who="1" fromWho="0" sc="266,-52,110,62,250,0,364,0" /><INIT seed="3,0,0,3,4,7" ten="214,172,250,364" oya="3" hai0="36,124,31,23,87,18,105,111,34,93,12,52,0" hai1="95,66,67,3,130,33,26,97,128,28,51,127,65" hai2="25,110,79,38,132,122,44,135,56,113,8,101,90" hai3="42,106,121,73,80,17,5,54,32,92,48,75,22"/><W74/><G106/><T41/><D111/><U64/><E127/><V126/><F113/><W108/><G32/><T2/><D105/><U50/><N who="1" m="16384" /><DORA hai="11" /><U19/><E3/><V30/><F101/><W16/><G42/><T129/><D129/><U24/><E24/><V114/><F79/><W131/><G121/><T21/><D34/><U53/><E19/><V40/><F114/><W116/><G5/><T43/><D124/><U9/><E9/><V37/><F37/><W119/><G131/><T103/><D36/><U107/><E107/><V49/><F110/><W6/><G6/><T115/><D115/><U20/><E33/><V109/><F8/><W94/><G108/><T35/><D35/><U81/><E81/><V86/><F109/><W60/><G60/><T72/><D72/><U57/><REACH who="1" step="1"/><E51/><REACH who="1" ten="214,162,250,364" step="2"/><V61/><F49/><W4/><G80/><T120/><D0/><U83/><E83/><V89/><F126/><W62/><G17/><N who="0" m="10407" /><D2/><U88/><AGARI ba="0,1" hai="20,26,28,50,53,57,88,95,97,128,130" m="16384" machi="88" ten="40,5200,0" yaku="1,1,0,1,54,1,53,0" doraHai="7,11" doraHaiUra="13,10" who="1" fromWho="1" sc="214,-13,162,62,250,-13,364,-26" /><INIT seed="4,0,0,1,3,28" ten="201,224,237,338" oya="0" hai0="22,81,107,25,47,52,111,75,66,83,67,131,135" hai1="129,33,82,85,119,26,18,23,79,77,69,100,50" hai2="5,88,115,101,102,86,127,10,96,21,15,38,99" hai3="36,42,58,55,118,117,46,126,60,49,30,97,8"/><T6/><D111/><U98/><E119/><V109/><F38/><W53/><G30/><T7/><D107/><U31/><E69/><V94/><F109/><W59/><G126/><T45/><D131/><U34/><E129/><V3/><F127/><W39/><G97/><N who="2" m="37449" /><F3/><W62/><G8/><T104/><D104/><U87/><E50/><V128/><F115/><W37/><AGARI ba="0,0" hai="36,37,39,42,46,49,53,55,58,59,60,62,117,118" machi="37" ten="30,8000,1" yaku="0,1,9,1,34,3" doraHai="28" who="3" fromWho="3" sc="201,-40,224,-20,237,-20,338,80" /><INIT seed="5,0,0,3,1,14" ten="161,204,217,418" oya="1" hai0="67,127,81,111,68,15,57,48,130,93,37,95,5" hai1="131,88,12,65,87,122,79,27,129,74,110,9,40" hai2="121,83,36,100,42,41,126,114,18,106,66,58,119" hai3="26,98,71,56,113,86,63,120,28,53,104,30,22"/><U103/><E122/><V13/><F119/><W16/><G120/><T46/><D111/><U10/><E110/><V54/><F36/><W29/><G113/><T32/><D32/><U11/><E103/><V21/><F121/><W23/><G71/><T92/><D127/><U84/><E84/><V135/><F135/><W75/><G75/><T60/><D130/><N who="1" m="49675" /><E27/><V133/><F133/><W50/><G104/><T85/><D37/><U134/><E134/><V0/><F0/><W102/><G102/><T49/><D68/><U115/><E115/><V39/><F39/><W4/><G4/><T99/><D99/><U43/><E65/><V89/><F66/><N who="3" m="39271" /><G98/><T132/><D132/><U73/><E79/><V52/><F126/><W44/><G86/><T109/><D109/><U125/><E125/><V76/><F114/><W118/><G118/><T31/><D31/><U117/><E117/><V108/><F108/><W96/><G96/><T124/><D124/><U55/><E55/><V77/><F54/><W25/><AGARI ba="0,0" hai="16,22,23,25,26,28,29,30,44,50,53" m="39271" machi="25" ten="30,4000,0" yaku="8,1,52,1,54,1" doraHai="14" who="3" fromWho="3" sc="161,-10,204,-20,217,-10,418,40" /><INIT seed="6,0,0,2,3,9" ten="151,184,207,458" oya="2" hai0="132,37,50,43,11,32,17,121,49,72,125,40,35" hai1="105,111,117,53,66,38,84,110,118,78,60,27,113" hai2="82,23,104,7,102,97,19,90,44,135,67,124,54" hai3="88,100,36,109,75,13,106,55,52,101,119,86,89"/><V80/><F124/><W71/><G71/><T28/><D121/><U81/><E105/><V130/><F135/><W73/><G36/><T2/><D72/><U64/><E38/><V95/><F7/><W77/><G109/><T18/><D37/><U120/><E113/><V22/><F22/><W85/><G106/><T21/><D125/><U16/><E120/><V4/><F4/><W20/><G20/><T56/><D132/><U63/><E117/><V108/><F67/><W112/><G77/><T3/><D21/><N who="1" m="13735" /><E118/><V58/><F44/><W68/><G68/><T133/><D133/><U74/><E74/><V59/><F59/><W93/><G119/><T92/><D56/><N who="1" m="34831" /><E110/><V26/><F108/><W98/><G98/><T122/><D122/><U99/><E111/><V30/><F30/><W14/><G93/><T12/><D92/><U94/><E63/><N who="2" m="36311" /><F130/><W65/><G65/><T51/><D28/><U91/><AGARI ba="0,0" hai="64,66,78,81,84,91,94,99" m="34831,13735" machi="91" ten="30,4000,0" yaku="25,1,8,1,54,1" doraHai="9" who="1" fromWho="1" sc="151,-10,184,40,207,-20,458,-10" /><INIT seed="7,0,0,4,4,72" ten="141,224,187,448" oya="3" hai0="133,134,3,86,111,89,36,84,30,95,57,108,9" hai1="64,78,53,116,81,49,99,4,16,21,25,56,45" hai2="62,35,29,114,128,74,59,83,58,104,39,94,46" hai3="24,26,13,40,48,107,66,47,80,119,85,110,15"/><W120/><G66/><T52/><D36/><U132/><E132/><V6/><F104/><W17/><G107/><T22/><D134/><U19/><E4/><V73/><F114/><W20/><G119/><T12/><D133/><U102/><E116/><V135/><F58/><W61/><G61/><T131/><D131/><U96/><E19/><V69/><F94/><W10/><G110/><T2/><D2/><U82/><E82/><V14/><F69/><W70/><G70/><T124/><D124/><U90/><E90/><V54/><F83/><W55/><G120/><T103/><D103/><U7/><E7/><V28/><F35/><W0/><G0/><T123/><D123/><U115/><E115/><V44/><F73/><W77/><G55/><T50/><D86/><N who="1" m="48439" /><E102/><V101/><F101/><W65/><G65/><T93/><D93/><U60/><AGARI ba="0,0" hai="16,21,25,45,49,53,56,60,64,96,99" m="48439" machi="60" ten="30,4000,0" yaku="8,1,52,1,54,1" doraHai="72" who="1" fromWho="1" sc="141,-10,224,40,187,-10,448,-20" owari="131,-37.0,264,6.0,177,-22.0,428,53.0" /></mjloggm>