<mjloggm ver="2.3"><GO type="169" lobby="0"/><UN n0="%E3%81%BF%E3%81%A3%E3%81%8D%E3%83%BC" n1="%E3%82%A6%E3%83%AB%E3%83%88%E3%83%A9%E7%AB%8B%E7%9B%B4" n2="%E3%83%AB%E3%83%8D%E3%82%B9%E3%82%BF" n3="%74%61%6B%65%2D%79%6F%75" dan="16,18,17,18" rate="2038.93,2259.80,2117.81,2217.61" sx="M,M,M,F"/><TAIKYOKU oya="0"/><INIT seed="0,0,0,5,2,16" ten="250,250,250,250" oya="0" hai0="11,5,72,44,90,89,78,122,59,45,80,1,14" hai1="123,63,91,129,74,32,51,37,64,119,132,108,34" hai2="54,116,21,66,111,50,3,94,10,67,26,95,112" hai3="47,75,97,81,18,60,113,96,46,87,2,99,109"/><T93/><D122/><U19/><E19/><V83/><F112/><W82/><G113/><T58/><D89/><U7/><E51/><V30/><F111/><W115/><G115/><T128/><D128/><U43/><E91/><V86/><F116/><W100/><G2/><T9/><D45/><N who="3" m="16905" /><G75/><T39/><D11/><U38/><E7/><V103/><F3/><W8/><G60/><T79/><D14/><U135/><E43/><V92/><F10/><W102/><G109/><T31/><D78/><U41/><E41/><V125/><F125/><W68/><G68/><T22/><D22/><U65/><E63/><V133/><F133/><W24/><G82/><T104/><D104/><U134/><E74/><V49/><F103/><W28/><G28/><T107/><D107/><U69/><E69/><V85/><F85/><W131/><G131/><T27/><D27/><U55/><E129/><V17/><F30/><W13/><G24/><T127/><D31/><U121/><E134/><V118/><F118/><W101/><G101/><T70/><D70/><U4/><E119/><V114/><F114/><W105/><G105/><T52/><D127/><U56/><E132/><V29/><F29/><W73/><G73/><T20/><D20/><U120/><E135/><V15/><F15/><W42/><G42/><N who="0" m="22623" /><D52/><U0/><E55/><V33/><F33/><N who="1" m="12905" /><E108/><V126/><F126/><W6/><G6/><T62/><D62/><N who="1" m="37959" /><E65/><N who="2" m="24587" /><F54/><W88/><AGARI ba="0,0" hai="8,13,18,81,87,88,96,97,99,100,102" m="16905" machi="88" ten="30,2000,0" yaku="8,1,54,1" doraHai="16" who="3" fromWho="3" sc="250,-10,250,-5,250,-5,250,20" /><INIT seed="1,0,0,4,4,66" ten="240,245,245,270" oya="1" hai0="76,126,51,113,50,135,127,116,77,90,5,120,132" hai1="39,68,11,80,97,128,78,36,10,62,30,134,114" hai2="123,33,111,53,47,44,83,3,103,91,63,84,23" hai3="40,92,130,48,59,115,104,20,49,102,110,57,107"/><U69/><E114/><V56/><F33/><W94/><G115/><T31/><D113/><U37/><E128/><V41/><F123/><W108/><G20/><T28/><D5/><U109/><E134/><N who="0" m="51241" /><D116/><U12/><E109/><N who="3" m="42090" /><G130/><T86/><D50/><N who="3" m="19561" /><G40/><T21/><D51/><U22/><E62/><V65/><F111/><W60/><G102/><T25/><D31/><U71/><E97/><V82/><F3/><W133/><G133/><T79/><D120/><U26/><REACH who="1" step="1"/><E12/><REACH who="1" ten="240,235,245,270" step="2"/><V15/><F63/><W117/><G117/><T16/><D28/><U58/><E58/><N who="3" m="22026" /><G60/><T24/><D24/><U73/><AGARI ba="0,1" hai="10,11,22,26,30,36,37,39,68,69,71,73,78,80" machi="73" ten="40,18000,2" yaku="1,1,0,1,52,3,53,1" doraHai="66" doraHaiUra="19" who="1" fromWho="1" sc="240,-60,235,190,245,-60,270,-60" /><INIT seed="1,1,0,2,4,83" ten="180,425,185,210" oya="1" hai0="50,119,42,8,11,77,24,93,114,70,56,67,105" hai1="53,32,25,82,75,135,79,29,90,95,52,14,37" hai2="35,84,16,94,123,17,46,40,23,101,57,41,104" hai3="36,19,99,131,92,12,134,2,6,31,39,68,97"/><U120/><E120/><V7/><F35/><W26/><G68/><T65/><D70/><U85/><E37/><V132/><F104/><W10/><G131/><T125/><D105/><U59/><E135/><V100/><F123/><W107/><G107/><T86/><D114/><U3/><E3/><V43/><F7/><W33/><G134/><T22/><D125/><U106/><E106/><V73/><F73/><W13/><G13/><T51/><D119/><U60/><REACH who="1" step="1"/><E14/><REACH who="1" ten="180,415,185,210" step="2"/><V0/><F0/><W5/><G5/><T121/><D121/><U61/><E61/><V127/><F132/><W88/><REACH who="3" step="1"/><G99/><REACH who="3" ten="180,415,185,200" step="2"/><T124/><D124/><U98/><E98/><V69/><F127/><W129/><G129/><T103/><D24/><U66/><AGARI ba="1,2" hai="25,29,32,52,53,59,60,66,75,79,82,85,90,95" machi="66" ten="20,18000,2" yaku="1,1,0,1,7,1,52,1,54,1,53,1" doraHai="83" doraHaiUra="21" who="1" fromWho="1" sc="180,-61,415,203,185,-61,200,-61" /><INIT seed="1,2,0,2,0,14" ten="119,618,124,139" oya="1" hai0="106,47,99,21,86,125,35,44,8,30,96,91,67" hai1="27,4,16,101,43,76,26,42,17,90,57,63,111" hai2="85,15,109,126,131,98,38,68,128,78,25,84,70" hai3="65,37,127,40,58,56,116,108,50,110,134,31,75"/><U95/><E111/><N who="3" m="42538" /><G75/><T7/><D35/><U133/><E101/><V132/><F38/><W122/><G31/><T32/><D32/><U94/><E76/><V71/><F109/><W54/><G122/><T60/><D125/><U19/><E4/><V46/><F126/><W74/><G74/><T22/><D106/><U24/><E133/><V135/><F46/><N who="3" m="23823" /><G127/><T39/><D39/><U88/><E95/><V6/><F98/><W5/><G5/><T53/><D96/><N who="1" m="57415" /><E90/><V28/><F78/><W33/><G33/><T59/><D99/><U119/><E119/><V107/><F132/><W3/><G3/><T83/><D30/><U23/><E23/><N who="0" m="8713" /><D67/><AGARI ba="2,0" hai="16,17,19,24,26,27,42,43,57,63,67" m="57415" machi="67" ten="30,18000,2" yaku="8,1,52,3,54,2" doraHai="14" who="1" fromWho="0" sc="119,-186,618,186,124,0,139,0" owari="-67,-57.0,804,91.0,124,-28.0,139,-6.0" /></mjloggm>