<mjloggm ver="2.3"><GO type="169" lobby="0"/><UN n0="%E9%A7%84%E5%A6%B9" n1="%30%30%73%61%69" n2="%E3%83%88%E3%83%88%E3%83%AA%E5%85%88%E7%94%9F%31%39%E6%AD%B3" n3="%E8%B1%86%E7%89%B9%EF%BC%A0%E6%B2%B3%E6%9D%91%E8%BB%8D%E5%9B%A3" dan="17,17,17,16" rate="2170.33,2154.54,2228.70,2087.74" sx="F,M,F,M"/><TAIKYOKU oya="0"/><INIT seed="0,0,0,0,0,108" ten="250,250,250,250" oya="0" hai0="52,19,63,1,70,13,9,32,82,105,27,39,21" hai1="36,97,53,12,109,117,23,106,57,124,60,4,100" hai2="98,76,16,14,62,33,77,67,89,10,88,45,120" hai3="44,5,83,113,133,58,101,131,15,68,132,35,26"/><T127/><D105/><U66/><E117/><V84/><F120/><W110/><G68/><T54/><D39/><U3/><E109/><V95/><F45/><W22/><G110/><T31/><D127/><U81/><E124/><V91/><F33/><W59/><G35/><T17/><D82/><U37/><E3/><V38/><F38/><W51/><G101/><T50/><D50/><U24/><E81/><V115/><F115/><W7/><G113/><T55/><D1/><U107/><E107/><V49/><F49/><W56/><G83/><T41/><D41/><U28/><E4/><V121/><F121/><W111/><G111/><T34/><REACH who="0" step="1"/><D31/><REACH who="0" ten="240,250,250,250" step="2"/><U6/><E36/><V71/><REACH who="2" step="1"/><F84/><REACH who="2" ten="240,250,240,250" step="2"/><W48/><G48/><T11/><D11/><U47/><E37/><V2/><F2/><W116/><G51/><T61/><D61/><U119/><E60/><V122/><F122/><W0/><G0/><T96/><D96/><U130/><E97/><V134/><F134/><W64/><G133/><T92/><D92/><U20/><E106/><V118/><F118/><W93/><G93/><T30/><D30/><U18/><E119/><V40/><F40/><W103/><G132/><T85/><D85/><U8/><E28/><V72/><F72/><W94/><G116/><T42/><D42/><U69/><E8/><V25/><F25/><W129/><G26/><T99/><D99/><U43/><E24/><V90/><AGARI ba="0,2" hai="10,14,16,62,67,71,76,77,88,89,90,91,95,98" machi="90" ten="30,7900,0" yaku="1,1,0,1,54,2,53,0" doraHai="108" doraHaiUra="78" who="2" fromWho="2" sc="240,-39,250,-20,240,99,250,-20" /><INIT seed="1,0,0,0,4,21" ten="201,230,339,230" oya="1" hai0="130,106,105,123,115,17,41,109,117,114,48,86,11" hai1="81,28,15,39,31,5,66,67,22,42,97,75,101" hai2="88,84,111,83,45,74,80,113,29,116,2,79,96" hai3="6,8,107,69,104,78,34,112,47,125,58,70,93"/><U94/><E39/><V120/><F116/><W12/><G112/><T102/><D117/><U129/><E129/><V14/><F2/><W59/><G125/><T40/><D130/><U99/><E42/><V77/><F120/><W124/><G124/><T37/><D37/><U131/><E131/><V90/><F45/><W16/><G34/><T100/><D86/><U110/><E110/><V64/><F64/><W103/><G78/><T61/><D48/><U19/><E5/><V51/><F51/><W53/><G47/><T68/><D11/><U55/><E55/><V9/><F111/><W4/><G59/><T32/><D109/><U72/><E99/><V30/><F113/><W25/><G6/><T128/><D128/><U119/><E119/><V13/><F13/><W76/><G76/><T18/><D32/><U36/><E36/><V134/><F134/><W60/><G93/><T3/><D3/><U23/><E81/><V7/><F96/><W91/><G91/><T126/><D126/><U24/><REACH who="1" step="1"/><E31/><REACH who="1" ten="201,220,339,230" step="2"/><V33/><F30/><W92/><G4/><T108/><D108/><U63/><E63/><V49/><F49/><W46/><G60/><T62/><D68/><U0/><E0/><V52/><F52/><W56/><G70/><T38/><D38/><U87/><E87/><V10/><F84/><W43/><G53/><T127/><D127/><U89/><E89/><N who="2" m="34411" /><F79/><W27/><G69/><T95/><D123/><U50/><E50/><V26/><F80/><W20/><G43/><T57/><D57/><U54/><E54/><V98/><F98/><N who="3" m="59847" /><G58/><T35/><D115/><RYUUKYOKU ba="0,1" sc="201,-15,220,15,339,15,230,-15" hai1="15,19,22,23,24,28,66,67,72,75,94,97,101" hai2="7,9,10,14,26,29,33,74,77,83" /><INIT seed="1,1,1,2,5,91" ten="186,235,354,215" oya="1" hai0="12,100,64,115,110,2,58,82,48,24,53,13,66" hai1="60,41,39,32,113,51,62,107,93,85,96,45,4" hai2="33,80,88,35,109,38,65,15,44,120,86,99,49" hai3="7,22,57,23,74,9,34,134,106,121,37,30,52"/><U75/><E113/><V67/><F120/><W25/><G121/><T135/><D2/><U78/><E32/><V56/><F38/><W87/><G74/><T50/><D115/><U18/><E107/><V133/><F109/><W122/><G122/><T81/><D110/><U55/><E75/><V63/><F133/><W127/><G134/><T131/><D135/><U69/><E4/><V98/><F65/><N who="0" m="25194" /><D131/><U125/><E125/><V95/><F98/><W79/><G106/><T104/><D104/><U0/><E0/><V47/><F15/><N who="0" m="5706" /><D100/><U114/><E69/><V97/><F97/><W46/><G127/><T70/><D70/><U40/><E114/><V83/><F83/><N who="0" m="31754" /><D24/><U27/><E78/><V31/><F47/><W16/><G46/><T42/><D42/><N who="1" m="16491" /><E39/><V5/><F5/><W94/><G79/><T129/><D129/><U112/><E112/><V14/><F14/><N who="3" m="9495" /><G34/><T77/><D77/><U21/><E85/><V126/><F126/><W118/><G37/><T17/><D17/><U124/><E124/><V54/><F33/><W123/><G87/><T8/><D8/><U10/><E10/><V111/><F111/><W130/><G9/><T117/><D117/><U84/><E84/><V119/><F119/><W103/><G7/><T102/><D102/><AGARI ba="1,1" hai="18,21,27,45,51,55,60,62,93,96,102" m="16491" machi="102" ten="30,2900,0" yaku="8,1,52,1" doraHai="91" who="1" fromWho="0" sc="186,-32,235,42,354,0,215,0" /><INIT seed="1,2,0,3,4,86" ten="154,277,354,215" oya="1" hai0="23,129,39,31,45,115,77,85,81,94,106,78,110" hai1="55,89,18,65,71,90,15,92,28,26,88,21,75" hai2="57,38,66,35,6,113,108,83,112,12,5,50,13" hai3="14,0,62,51,63,2,100,95,133,102,118,93,20"/><U91/><E75/><V42/><F35/><W70/><G133/><T74/><D115/><N who="2" m="44106" /><F38/><W58/><G70/><T121/><D106/><U56/><E71/><V130/><F83/><W79/><G79/><T123/><D110/><U127/><E127/><V116/><F42/><W34/><G34/><T3/><D3/><U117/><E117/><V105/><F105/><W97/><G118/><T22/><D129/><U36/><E36/><V128/><F116/><W11/><G20/><T27/><D22/><N who="1" m="11615" /><E65/><V111/><F50/><W120/><G2/><T24/><D24/><U52/><E56/><V72/><F57/><W69/><G0/><T59/><D59/><U32/><E32/><V49/><F49/><W99/><G69/><T109/><D109/><N who="2" m="42058" /><F72/><W122/><G51/><T84/><D74/><U48/><E48/><V29/><F29/><W37/><G37/><T124/><D124/><U87/><AGARI ba="2,0" hai="21,26,28,52,55,87,88,89,90,91,92" m="11615" machi="87" ten="30,18000,2" yaku="8,1,52,4,54,2" doraHai="86" who="1" fromWho="1" sc="154,-62,277,186,354,-62,215,-62" /><INIT seed="1,3,0,3,3,36" ten="92,463,292,153" oya="1" hai0="110,54,21,124,53,10,67,64,132,89,135,51,115" hai1="65,33,38,61,102,52,43,95,133,15,27,81,91" hai2="94,82,30,98,109,40,87,66,108,92,6,103,77" hai3="26,100,18,75,76,134,59,7,123,85,3,1,37"/><U22/><E133/><N who="0" m="51273" /><D115/><U13/><E33/><V57/><F30/><W119/><G123/><T112/><D112/><U16/><E81/><V88/><F6/><W23/><G134/><T69/><D110/><N who="2" m="42602" /><F57/><W125/><G75/><T73/><D73/><U11/><E102/><V55/><F55/><W60/><G119/><T93/><D69/><U117/><E117/><V2/><F66/><W79/><G3/><T114/><D124/><U31/><E13/><V8/><F8/><W107/><G125/><T32/><D32/><U118/><E118/><V127/><F2/><W4/><G1/><T9/><D21/><U68/><E52/><N who="0" m="20073" /><D51/><U5/><E38/><V130/><F40/><W121/><G23/><T129/><D129/><U70/><E43/><V45/><F45/><W72/><G37/><T47/><D47/><U46/><E46/><V58/><F58/><W49/><G59/><T105/><D105/><U90/><E70/><V29/><F29/><W104/><G107/><T106/><D106/><U86/><E31/><V113/><F113/><W80/><G104/><T120/><D120/><U56/><E68/><V50/><F50/><W131/><G49/><T84/><D114/><U12/><E27/><V28/><F28/><W19/><G26/><T17/><D9/><U0/><E0/><V99/><F130/><W71/><G131/><T34/><D34/><U111/><E111/><V97/><F127/><W48/><G71/><T24/><D24/><U25/><E25/><V20/><F20/><W63/><G121/><T83/><D83/><U122/><E122/><V62/><F62/><RYUUKYOKU ba="3,0" sc="92,10,463,10,292,10,153,-30" hai0="10,17,64,67,84,89,93" hai1="5,11,12,15,16,22,56,61,65,86,90,91,95" hai2="77,82,87,88,92,94,97,98,99,103" /><INIT seed="1,4,0,1,2,1" ten="102,473,302,123" oya="1" hai0="86,60,103,28,121,81,43,10,44,61,87,24,96" hai1="98,46,33,68,35,116,59,49,7,106,107,30,32" hai2="71,109,82,20,120,104,8,118,125,102,74,94,41" hai3="17,63,115,45,53,42,131,85,123,64,75,126,51"/><U112/><E112/><V84/><F118/><W29/><G75/><T130/><D130/><U31/><E116/><V38/><F120/><W48/><G123/><T117/><D117/><U22/><E68/><V2/><F71/><W54/><G115/><T89/><D86/><U25/><E59/><V83/><F20/><W80/><G131/><T36/><D121/><U27/><E7/><N who="2" m="1143" /><F94/><W52/><G29/><T132/><D132/><U93/><E107/><V58/><F58/><N who="3" m="36983" /><G126/><T23/><REACH who="0" step="1"/><D10/><REACH who="0" ten="92,473,302,123" step="2"/><U39/><E39/><V128/><F84/><W69/><G85/><T66/><D66/><U111/><E111/><V3/><F109/><W110/><G110/><T13/><D13/><U11/><E11/><V101/><F3/><W40/><G80/><T133/><D133/><U76/><E76/><V6/><F83/><W9/><G69/><T100/><D100/><U67/><E67/><V18/><F102/><W135/><G135/><T119/><D119/><U127/><E127/><V78/><F125/><W77/><G77/><T79/><D79/><U14/><E14/><V34/><F128/><W19/><G9/><T73/><D73/><U134/><E134/><V56/><F101/><W62/><G62/><T92/><AGARI ba="4,1" hai="23,24,28,36,43,44,60,61,81,87,89,92,96,103" machi="92" ten="20,5200,0" yaku="1,1,0,1,7,1,53,1" doraHai="1" doraHaiUra="21" who="0" fromWho="0" sc="92,74,473,-30,302,-17,123,-17" /><INIT seed="2,0,0,3,1,75" ten="166,443,285,106" oya="2" hai0="101,104,127,132,111,81,20,7,56,22,21,55,44" hai1="83,87,52,33,23,15,11,17,70,117,105,106,120" hai2="74,115,36,77,62,123,35,68,27,50,135,46,34" hai3="39,112,58,98,133,84,38,9,129,49,54,45,0"/><V82/><F115/><W90/><G112/><T59/><D111/><U41/><E117/><V89/><F123/><W5/><G129/><T67/><D127/><U88/><E33/><V51/><F135/><W125/><G133/><T92/><D104/><U103/><E70/><V122/><F122/><W119/><G125/><T28/><D7/><U26/><E120/><V93/><F36/><W100/><G119/><T42/><D132/><U24/><E24/><V60/><F50/><W130/><G130/><T31/><D67/><U18/><E103/><V78/><F78/><W94/><REACH who="3" step="1"/><G45/><REACH who="3" ten="166,443,285,96" step="2"/><T99/><D81/><AGARI ba="0,1" hai="0,5,9,38,39,49,54,58,81,84,90,94,98,100" machi="81" ten="30,8000,1" yaku="1,1,2,1,7,1,53,2" doraHai="75" doraHaiUra="71" who="3" fromWho="0" sc="166,-80,443,0,285,0,96,90" /><INIT seed="3,0,0,3,3,56" ten="86,443,285,186" oya="3" hai0="94,69,53,1,78,57,102,103,81,47,83,46,130" hai1="39,52,97,35,79,104,6,13,54,107,12,67,119" hai2="117,93,106,42,61,21,98,125,128,51,43,36,60" hai3="58,10,22,68,18,92,9,131,100,96,2,72,20"/><W31/><G68/><T38/><D1/><U26/><E39/><V8/><F117/><W65/><G72/><T3/><D3/><U30/><E79/><V133/><F36/><W108/><G2/><T118/><D118/><U24/><E119/><V87/><F106/><W59/><G131/><T66/><D130/><U77/><E77/><V25/><F128/><W48/><G59/><T4/><D4/><U116/><E116/><V23/><F133/><W89/><G108/><T86/><D66/><U76/><E76/><V110/><F110/><W111/><G111/><T41/><D47/><U14/><E6/><V16/><F8/><W50/><G50/><T55/><D83/><U37/><E37/><V121/><F87/><W88/><G22/><T64/><D53/><U73/><E73/><V33/><F33/><W132/><G132/><T114/><D94/><U5/><E5/><V105/><F105/><W134/><G134/><T28/><D28/><U71/><E104/><V99/><F125/><W91/><G31/><T126/><D126/><U62/><E24/><N who="2" m="14375" /><F99/><W15/><REACH who="3" step="1"/><G48/><REACH who="3" ten="86,443,285,176" step="2"/><N who="0" m="30951" /><D114/><U40/><E40/><N who="2" m="15403" /><F51/><W85/><G85/><T27/><D27/><U74/><E74/><V32/><F32/><W120/><G120/><T113/><D113/><U95/><E71/><V63/><F121/><W82/><G82/><T7/><D7/><U90/><E35/><V122/><F122/><W70/><G70/><T123/><D123/><U0/><E0/><V84/><F84/><W44/><G44/><T112/><D112/><U124/><E124/><V109/><F109/><W45/><G45/><RYUUKYOKU ba="0,1" sc="86,15,443,-15,285,-15,176,15" hai0="38,41,46,64,69,78,81,86,102,103" hai3="9,10,15,18,20,58,65,88,89,91,92,96,100" /><INIT seed="3,1,1,4,5,23" ten="101,428,270,191" oya="3" hai0="80,120,53,112,49,14,102,21,25,18,129,19,85" hai1="87,40,5,52,73,43,54,82,30,131,26,125,61" hai2="100,38,45,78,110,0,2,122,9,93,42,33,84" hai3="135,116,15,67,126,16,34,119,117,92,71,104,39"/><W11/><G104/><T31/><D129/><U103/><E73/><V28/><F110/><W51/><G39/><T13/><D112/><U86/><E131/><V37/><F122/><W41/><G135/><T81/><D120/><U55/><E125/><V130/><F38/><W109/><G126/><T79/><D102/><U121/><E121/><V24/><F130/><W64/><G109/><T74/><D14/><U134/><E134/><V77/><F84/><W118/><G118/><T70/><D70/><U107/><E107/><V65/><F65/><W114/><G114/><T29/><D80/><U124/><E124/><V133/><F133/><W46/><G71/><T90/><D74/><U32/><E5/><V69/><F69/><W88/><REACH who="3" step="1"/><G34/><REACH who="3" ten="101,428,270,181" step="2"/><T60/><D79/><U48/><E32/><V115/><F115/><W76/><G76/><T56/><REACH who="0" step="1"/><D49/><REACH who="0" ten="91,428,270,181" step="2"/><U94/><E48/><V20/><F77/><W105/><G105/><T12/><D12/><U89/><E103/><V97/><F78/><W36/><G36/><T99/><D99/><AGARI ba="1,3" hai="11,15,16,41,46,51,64,67,88,92,99,116,117,119" machi="99" ten="40,12000,1" yaku="1,1,54,2,53,1" doraHai="23" doraHaiUra="4" who="3" fromWho="0" sc="91,-123,428,0,270,0,181,153" owari="-32,-53.0,428,53.0,270,-13.0,334,13.0" /></mjloggm>