<mjloggm ver="2.3"><GO type="169" lobby="0"/><UN n0="%E3%83%88%E3%83%88%E3%83%AA%E5%85%88%E7%94%9F%31%39%E6%AD%B3" n1="%79%75%2D%2D%2D%2D%2D%75" n2="%E3%82%AB%E3%83%9D%E3%83%8D%E5%9B%A3%E3%81%AE%E5%85%84%E8%B2%B4" n3="%67%6F%69%73%75%62%61%69" dan="19,16,17,16" rate="2298.47,2178.65,2212.15,2162.62" sx="F,M,M,M"/><TAIKYOKU oya="0"/><INIT seed="0,0,0,4,4,46" ten="250,250,250,250" oya="0" hai0="93,73,8,9,37,47,66,6,17,103,32,26,113" hai1="111,20,88,41,115,29,64,107,83,34,114,35,77" hai2="96,43,31,82,22,61,85,128,63,1,0,39,92" hai3="15,76,121,108,59,14,90,67,134,75,16,24,25"/><T72/><D113/><N who="1" m="43019" /><E107/><V57/><F128/><W10/><G108/><T89/><D103/><U86/><E111/><V27/><F43/><W28/><G134/><T106/><D106/><U33/><E64/><V132/><F39/><W95/><G121/><T54/><D66/><U122/><E122/><V56/><F132/><W98/><G76/><T78/><D78/><U18/><E41/><V71/><F71/><W4/><G75/><T30/><D17/><U84/><E29/><V101/><F57/><W129/><G129/><T65/><D65/><U36/><E36/><V38/><F38/><W12/><G28/><T133/><D133/><U131/><E131/><V52/><REACH who="2" step="1"/><F63/><REACH who="2" ten="250,250,240,250" step="2"/><N who="3" m="38399" /><G14/><T80/><D37/><U48/><E48/><V53/><F53/><W104/><G104/><T112/><D54/><U23/><E18/><V117/><F117/><W40/><G40/><T2/><D112/><U124/><E124/><V3/><F3/><W74/><G74/><T44/><D72/><U109/><E109/><V68/><F68/><W120/><G120/><T105/><D73/><U127/><E127/><V123/><F123/><W91/><G16/><T45/><D2/><U79/><E79/><AGARI ba="0,1" hai="0,1,22,27,31,52,56,61,79,82,85,92,96,101" machi="79" ten="30,3900,0" yaku="1,1,7,1,54,1,53,0" doraHai="46" doraHaiUra="135" who="2" fromWho="1" sc="250,0,250,-39,240,49,250,0" /><INIT seed="1,0,0,3,2,48" ten="250,211,289,250" oya="1" hai0="34,115,98,6,105,91,36,109,13,56,124,122,103" hai1="26,99,54,107,61,25,11,125,32,22,97,74,21" hai2="23,80,127,37,43,49,104,40,62,76,90,71,30" hai3="130,117,75,108,41,44,1,121,67,9,93,55,65"/><U114/><E74/><V57/><F127/><W126/><G121/><T100/><D115/><U87/><E114/><V96/><F37/><W68/><G108/><T106/><D34/><U63/><E125/><V7/><F71/><W24/><G126/><T77/><D36/><U19/><E32/><V118/><F118/><W59/><G75/><T64/><D124/><U39/><E39/><V50/><F7/><W88/><G130/><T123/><D77/><U102/><E11/><V60/><F60/><W8/><G68/><T135/><D109/><U15/><E87/><V85/><F43/><W133/><G133/><T128/><D135/><U0/><E0/><V78/><F40/><W3/><G117/><T42/><D42/><U94/><E15/><V16/><F30/><W27/><G1/><T84/><D128/><U89/><REACH who="1" step="1"/><E54/><REACH who="1" ten="250,201,289,250" step="2"/><N who="2" m="34103" /><F76/><W86/><G3/><T95/><D122/><U83/><E83/><V51/><F78/><W28/><G41/><T2/><D2/><U45/><E45/><V17/><F23/><N who="3" m="15391" /><G44/><T70/><D123/><U33/><E33/><V112/><F112/><W12/><G8/><T18/><D13/><U4/><E4/><V38/><F38/><W92/><G9/><T134/><D6/><U82/><E82/><V53/><F53/><W58/><G12/><T73/><D73/><U72/><E72/><V66/><F80/><W5/><G5/><T110/><D134/><U131/><E131/><V81/><F81/><W10/><G10/><T47/><D110/><U101/><E101/><V116/><F116/><W14/><G14/><T119/><D119/><RYUUKYOKU ba="0,1" sc="250,-10,201,30,289,-10,250,-10" hai1="19,21,22,25,26,61,63,89,94,97,99,102,107" /><INIT seed="1,1,1,3,5,70" ten="240,231,279,240" oya="1" hai0="110,26,68,29,121,125,56,96,64,1,87,124,113" hai1="17,101,100,57,65,5,62,83,69,6,74,22,109" hai2="103,47,58,30,54,73,19,32,135,117,82,78,119" hai3="28,67,7,77,16,31,122,60,2,38,9,72,108"/><U13/><E109/><V116/><F135/><W92/><G122/><T15/><D113/><U4/><REACH who="1" step="1"/><E69/><REACH who="1" ten="240,221,279,240" step="2"/><V59/><F117/><W43/><G108/><T133/><D68/><U33/><E33/><V36/><F116/><W37/><G28/><T120/><D110/><U20/><E20/><V27/><F119/><W61/><G31/><T75/><D29/><U10/><E10/><V105/><F30/><W111/><G111/><T86/><D120/><U76/><AGARI ba="1,2" hai="4,5,6,13,17,22,57,62,65,74,76,83,100,101" machi="76" ten="30,3000,0" yaku="1,1,0,1,53,0" doraHai="70" doraHaiUra="24" who="1" fromWho="1" sc="240,-11,221,53,279,-11,240,-11" /><INIT seed="1,2,0,1,2,71" ten="229,274,268,229" oya="1" hai0="10,19,93,135,13,32,59,87,85,100,73,35,75" hai1="53,23,121,16,92,86,70,11,40,95,66,134,25" hai2="109,26,89,49,133,103,29,62,12,42,129,83,126" hai3="61,21,22,4,78,47,14,130,52,106,17,132,105"/><U51/><E121/><V128/><F109/><W119/><G130/><N who="2" m="50281" /><F133/><W6/><G132/><T114/><D114/><U54/><E134/><V67/><F126/><W65/><G119/><T3/><D135/><U30/><E70/><V24/><F103/><W7/><G78/><T64/><D3/><U36/><E66/><V108/><F108/><W27/><G65/><T84/><D100/><U37/><E40/><V57/><F12/><W41/><G61/><T104/><D93/><U74/><E74/><V127/><F127/><W9/><G22/><T122/><D104/><U79/><E53/><V55/><F42/><W117/><G117/><T99/><D99/><U28/><E95/><V60/><F29/><W5/><REACH who="3" step="1"/><G52/><REACH who="3" ten="229,274,268,219" step="2"/><T113/><D64/><U81/><E11/><V115/><F60/><W94/><G94/><T118/><D118/><U101/><E92/><V58/><F115/><W102/><G102/><T38/><D113/><U33/><E101/><V0/><F83/><W34/><G34/><T90/><D35/><U131/><E131/><V80/><F80/><W43/><G43/><T50/><D32/><U111/><E111/><V110/><F110/><W125/><G125/><T18/><D10/><U45/><E28/><V96/><F89/><W44/><G44/><T72/><D90/><U77/><E79/><V98/><F96/><W123/><G123/><T15/><D122/><U68/><E68/><V76/><F98/><W31/><G31/><T97/><D97/><U120/><E120/><V124/><F124/><W1/><G1/><T69/><D69/><U46/><E46/><RYUUKYOKU ba="2,1" sc="229,-15,274,15,268,-15,219,15" hai1="16,23,25,30,33,36,37,45,51,54,77,81,86" hai3="4,5,6,7,9,14,17,21,27,41,47,105,106" /><INIT seed="1,3,1,0,1,17" ten="214,289,253,234" oya="1" hai0="131,123,33,115,4,43,55,88,32,93,73,91,122" hai1="80,113,79,125,124,102,109,13,81,21,114,8,62" hai2="63,37,9,128,130,99,26,116,14,117,0,135,121" hai3="89,45,11,75,61,118,95,97,39,86,46,78,36"/><U22/><E102/><V53/><F121/><N who="0" m="46090" /><D115/><N who="1" m="44043" /><E62/><V16/><F37/><W76/><G118/><N who="2" m="45673" /><F99/><W50/><G75/><T101/><D131/><N who="2" m="50218" /><F135/><W133/><G133/><T5/><D43/><U3/><E109/><V110/><F110/><W57/><G11/><T106/><D73/><N who="1" m="43119" /><E81/><V52/><F63/><W92/><G39/><T134/><D134/><U94/><E94/><V41/><F41/><N who="3" m="24911" /><G36/><T87/><D91/><U58/><E58/><V49/><F0/><W42/><G42/><T85/><D85/><U90/><E90/><V103/><F103/><N who="3" m="60839" /><G45/><T119/><D119/><U51/><E3/><V66/><F66/><AGARI ba="3,1" hai="57,61,66,76,78,86,89,95" m="60839,24911" machi="66" ten="30,1000,0" yaku="8,1" doraHai="17" who="3" fromWho="2" sc="214,0,289,0,253,-19,234,29" /><INIT seed="2,0,0,1,1,25" ten="214,289,234,263" oya="2" hai0="47,35,132,105,80,75,26,106,15,102,85,104,135" hai1="54,125,7,45,65,89,8,4,46,79,66,56,123" hai2="24,113,1,73,36,53,52,13,92,108,96,58,97" hai3="32,16,133,100,114,14,98,20,129,93,27,74,77"/><V83/><F1/><W117/><G117/><T72/><D15/><N who="1" m="5511" /><E125/><V95/><F113/><W37/><G129/><T134/><D47/><N who="1" m="17931" /><E7/><V62/><F36/><W81/><G133/><T0/><D0/><U30/><E79/><V110/><F13/><W121/><G121/><T116/><D116/><U111/><E111/><N who="2" m="42539" /><F24/><W61/><G114/><T94/><D26/><U34/><E34/><V49/><F83/><W17/><G32/><T48/><D48/><U40/><E40/><V59/><F73/><N who="0" m="28234" /><D35/><U119/><E119/><V38/><F38/><W33/><G33/><T21/><D21/><U86/><E30/><V55/><F55/><W112/><G112/><T57/><D80/><N who="1" m="49351" /><E123/><V124/><F124/><W127/><G127/><T76/><D76/><U12/><E12/><V82/><F82/><W126/><G126/><T6/><D6/><U10/><E10/><V28/><F28/><W122/><G122/><T43/><D43/><U23/><E23/><V19/><F19/><W51/><G37/><T5/><D5/><U131/><E131/><V128/><F128/><W67/><G14/><T11/><D11/><U70/><E70/><V41/><F41/><W84/><G74/><T109/><D109/><U18/><E18/><V63/><F49/><AGARI ba="0,0" hai="49,54,56,65,66" m="49351,17931,5511" machi="49" ten="30,1000,0" yaku="8,1" doraHai="25" who="1" fromWho="2" sc="214,0,289,10,234,-10,263,0" /><INIT seed="3,0,0,3,1,35" ten="214,299,224,263" oya="3" hai0="112,131,2,64,62,115,31,103,29,14,125,8,118" hai1="59,88,38,75,45,132,96,119,93,42,39,11,127" hai2="101,58,94,80,0,7,128,81,60,12,33,72,126" hai3="135,66,76,86,50,68,24,48,16,113,71,70,104"/><W43/><G113/><N who="0" m="43595" /><D118/><U100/><E119/><V34/><F128/><W1/><G104/><T97/><D125/><U92/><E127/><V9/><F126/><W91/><G135/><T124/><D131/><U121/><E121/><V114/><F114/><W83/><G66/><T122/><D122/><U133/><E75/><V79/><F80/><W28/><G43/><T57/><D124/><U98/><E39/><V117/><F117/><W105/><G105/><N who="0" m="63727" /><D2/><U22/><E11/><V55/><REACH who="2" step="1"/><F12/><REACH who="2" ten="214,299,214,263" step="2"/><W13/><G13/><T90/><D90/><U95/><E88/><V23/><F23/><W10/><G91/><T120/><D120/><U108/><E22/><V4/><F4/><AGARI ba="0,1" hai="4,8,14,29,31,57,62,64" m="63727,43595" machi="4" ten="30,1000,0" yaku="11,1" doraHai="35" who="0" fromWho="2" sc="214,20,299,0,214,-10,263,0" /><INIT seed="4,0,0,2,3,48" ten="234,299,204,263" oya="0" hai0="70,109,9,135,28,127,84,108,4,85,125,93,112" hai1="87,110,133,114,92,21,36,7,64,18,86,15,95" hai2="47,3,27,32,65,99,126,78,94,56,107,38,51" hai3="96,115,90,14,113,46,59,58,33,111,62,68,98"/><T26/><D70/><U20/><E110/><N who="0" m="42601" /><D93/><N who="1" m="35915" /><E36/><V23/><F3/><W1/><G1/><N who="0" m="143" /><D85/><N who="1" m="32267" /><E133/><V53/><F126/><N who="0" m="48138" /><D84/><U17/><E7/><V60/><F78/><W57/><G111/><T52/><D135/><U44/><E114/><V22/><F107/><W130/><G68/><T72/><D72/><U106/><E106/><V116/><F116/><W66/><G98/><T71/><D71/><U119/><E119/><V6/><F6/><W77/><G96/><T103/><D103/><U76/><E76/><V104/><F104/><W81/><G77/><T69/><D69/><U35/><E64/><V43/><F99/><W73/><G73/><T63/><D112/><U50/><E35/><V131/><F32/><W5/><G113/><T8/><D8/><N who="1" m="6375" /><E18/><V30/><F94/><W89/><G115/><T75/><D75/><U102/><E102/><V13/><F38/><W82/><G66/><T129/><D129/><U0/><E0/><V101/><F131/><W41/><G130/><T37/><D37/><U80/><E80/><V88/><F101/><W124/><G124/><T2/><D2/><U31/><E31/><V120/><F65/><W42/><G81/><T29/><D26/><U117/><E117/><V134/><F134/><W45/><G82/><T105/><D105/><U91/><E91/><V79/><F88/><W55/><G90/><T34/><D34/><U61/><E61/><V54/><F79/><W74/><G89/><T16/><D16/><U24/><E24/><V11/><F27/><W10/><G74/><T121/><D121/><U25/><E25/><V39/><F120/><RYUUKYOKU ba="0,0" sc="234,15,299,15,204,-15,263,-15" hai0="28,29,52,63" hai1="20,21,44,50" /><INIT seed="4,1,0,2,2,66" ten="249,314,189,248" oya="0" hai0="118,70,84,30,94,114,6,59,58,47,80,105,120" hai1="10,27,37,8,25,95,45,76,129,36,109,32,61" hai2="119,83,115,38,43,53,103,7,26,3,92,29,86" hai3="96,9,19,135,15,57,122,42,4,39,112,68,21"/><T14/><D118/><U44/><E109/><V20/><F115/><W18/><G112/><T60/><D114/><U90/><E76/><V91/><F119/><W106/><G135/><T75/><D105/><U23/><E129/><V64/><F38/><W99/><G122/><T62/><D75/><U1/><E1/><V13/><F43/><W11/><G68/><T74/><D74/><U111/><E111/><V125/><F125/><W65/><G106/><T50/><D30/><U97/><E36/><V108/><F108/><W17/><G11/><N who="0" m="4471" /><D94/><U104/><E104/><V88/><F64/><W89/><G39/><T85/><D70/><U52/><E37/><V110/><F3/><W133/><G133/><T24/><D24/><U127/><E32/><V79/><F110/><W40/><G21/><T73/><D73/><U56/><E27/><V128/><F128/><W123/><G123/><T130/><D130/><U78/><E127/><V77/><F103/><W2/><G2/><T33/><D33/><U46/><E78/><V63/><F13/><W69/><G69/><T54/><D80/><U41/><E41/><N who="3" m="15978" /><G89/><T102/><D102/><U28/><AGARI ba="1,0" hai="8,10,23,25,28,44,45,46,52,56,61,90,95,97" machi="28" ten="30,4000,0" yaku="0,1,8,1,54,1" doraHai="66" who="1" fromWho="1" sc="249,-21,314,43,189,-11,248,-11" /><INIT seed="5,0,0,2,5,68" ten="228,357,178,237" oya="1" hai0="44,94,20,9,2,23,96,14,19,131,1,10,120" hai1="53,107,65,29,97,41,73,54,123,92,128,47,57" hai2="132,15,0,135,109,78,129,45,79,111,70,105,66" hai3="91,58,108,37,82,106,100,117,118,6,75,36,7"/><U72/><E123/><V133/><F0/><W52/><G108/><N who="2" m="41545" /><F105/><W113/><G113/><T119/><D131/><U46/><E107/><V63/><F129/><W21/><G21/><T42/><D119/><N who="3" m="45577" /><G106/><T102/><D120/><U31/><E128/><V50/><F15/><W124/><G100/><T126/><D126/><U62/><E72/><V64/><F79/><N who="3" m="44415" /><G91/><T116/><D116/><U127/><E73/><V81/><F81/><W80/><G80/><T25/><D20/><U30/><E127/><V84/><F84/><W67/><G67/><T3/><REACH who="0" step="1"/><D25/><REACH who="0" ten="218,357,178,237" step="2"/><U104/><E104/><V26/><F26/><W99/><G124/><T39/><AGARI ba="0,1" hai="1,2,3,9,10,14,19,23,39,42,44,94,96,102" machi="39" ten="30,7900,0" yaku="1,1,2,1,0,1,52,1,53,0" doraHai="68" doraHaiUra="134" who="0" fromWho="0" sc="218,89,357,-39,178,-20,237,-20" /><INIT seed="6,0,0,5,2,116" ten="307,318,158,217" oya="2" hai0="120,86,59,26,35,48,95,45,11,121,114,71,124" hai1="132,125,118,94,13,111,20,15,64,117,62,41,103" hai2="44,32,75,108,12,113,43,119,110,82,134,122,87" hai3="130,76,56,109,133,135,73,78,40,25,5,9,14"/><V58/><F119/><W107/><G109/><N who="2" m="42089" /><F113/><W66/><G107/><T98/><D71/><U46/><E111/><V38/><F134/><N who="3" m="51211" /><G73/><T112/><D124/><U16/><E125/><V85/><F32/><W123/><G130/><T29/><D59/><U33/><E33/><V104/><F104/><W96/><G40/><N who="0" m="24615" /><D86/><N who="2" m="32778" /><F12/><W65/><G96/><T60/><D60/><U129/><E129/><V28/><F28/><W90/><G90/><N who="0" m="55671" /><D11/><U106/><E106/><V72/><F58/><W27/><G123/><T84/><D84/><U24/><E132/><V102/><F102/><W88/><G88/><T81/><D81/><U19/><E118/><V115/><F115/><AGARI ba="0,0" hai="26,29,35,112,114,115,120,121" m="55671,24615" machi="115" ten="30,3900,0" yaku="15,1,52,2" doraHai="116" who="0" fromWho="2" sc="307,39,318,0,158,-39,217,0" /><INIT seed="7,0,0,0,2,5" ten="346,318,119,217" oya="3" hai0="3,114,72,86,96,75,98,73,82,25,62,57,95" hai1="124,87,67,35,23,66,69,91,90,126,115,77,64" hai2="65,120,1,76,19,43,10,30,80,97,55,45,14" hai3="111,29,44,135,28,116,93,17,89,109,56,71,60"/><W11/><G71/><T63/><D3/><U26/><E35/><V128/><F128/><W104/><G104/><T127/><D114/><U37/><E37/><V132/><F132/><W54/><G116/><T38/><D38/><U92/><E115/><V42/><F120/><W41/><G135/><T99/><D127/><U12/><E77/><V83/><F1/><W101/><G101/><T88/><D63/><U81/><E69/><V118/><F118/><W36/><G111/><T59/><D57/><U15/><E124/><V40/><F65/><W7/><G17/><T122/><D25/><U61/><E61/><V123/><F123/><W53/><G53/><T18/><D18/><U102/><E102/><V106/><F106/><W130/><G130/><T16/><D16/><N who="1" m="12647" /><E126/><V84/><F30/><W125/><G109/><T68/><D68/><U22/><E22/><V105/><F105/><W46/><G46/><T0/><D0/><U110/><E110/><V78/><F97/><AGARI ba="0,0" hai="12,15,64,66,67,81,87,90,91,92,97" m="12647" machi="97" ten="30,2000,0" yaku="8,1,54,1" doraHai="5" who="1" fromWho="2" sc="346,0,318,20,119,-20,217,0" owari="346,44.0,338,14.0,99,-40.0,217,-18.0" /></mjloggm>