<mjloggm ver="2.3"><GO type="169" lobby="0"/><UN n0="%68%65%61%6C%74%68%79%37" n1="%E3%81%B9%E3%81%AB%E3%81%8F%E3%82%93" n2="%E5%B0%B1%E6%B4%BB%E7%94%9F%40%E5%B7%9D%E6%9D%91%E8%BB%8D%E5%9B%A3" n3="%6B%61%6D%6F%73%68%69%6E" dan="17,16,18,17" rate="2098.77,2103.75,2312.02,2151.60" sx="M,F,M,M"/><TAIKYOKU oya="0"/><INIT seed="0,0,0,5,2,50" ten="250,250,250,250" oya="0" hai0="30,89,31,67,23,6,38,110,75,115,82,63,29" hai1="51,79,77,10,109,130,2,104,80,32,36,46,18" hai2="60,42,94,62,87,66,74,58,114,119,129,59,57" hai3="123,0,33,107,14,128,69,103,76,41,53,121,106"/><T71/><D115/><U48/><E104/><V28/><F74/><W92/><G0/><T133/><D38/><U11/><E32/><V131/><F28/><W22/><G33/><T9/><D133/><U21/><E109/><V88/><F114/><W26/><G69/><T5/><D110/><U35/><E35/><V78/><F119/><W124/><G41/><T24/><D5/><U20/><E20/><V4/><F78/><W52/><G76/><T65/><D65/><U54/><E79/><V25/><F25/><W12/><G92/><T44/><D75/><U132/><E130/><V8/><F42/><W40/><G40/><T96/><D44/><U61/><E61/><V37/><F37/><W95/><G95/><T126/><D126/><U56/><E36/><V55/><REACH who="2" step="1"/><F57/><REACH who="2" ten="250,250,240,250" step="2"/><W117/><G124/><T105/><D31/><U97/><E56/><V83/><F83/><W93/><G117/><T98/><D30/><U86/><E80/><V70/><F70/><W120/><G128/><T102/><D82/><U134/><E134/><V135/><F135/><W100/><G26/><T112/><D112/><U85/><E77/><V1/><AGARI ba="0,1" hai="1,4,8,55,58,59,60,62,66,87,88,94,129,131" machi="1" ten="30,8000,1" yaku="1,1,0,1,52,1,54,1,53,1" doraHai="50" doraHaiUra="7" who="2" fromWho="2" sc="250,-40,250,-20,240,90,250,-20" /><INIT seed="1,0,0,2,5,93" ten="210,230,330,230" oya="1" hai0="9,121,71,22,58,47,0,97,88,126,84,108,61" hai1="76,48,62,28,117,57,132,32,98,107,54,66,46" hai2="25,134,7,77,80,70,81,128,56,13,101,69,33" hai3="67,36,104,60,120,65,5,2,83,130,135,1,17"/><U11/><E117/><V4/><F128/><W29/><G17/><T74/><D108/><U102/><E132/><V55/><F134/><W127/><G135/><T96/><D71/><U59/><E76/><V27/><F101/><W73/><G67/><T94/><D74/><U44/><REACH who="1" step="1"/><E11/><REACH who="1" ten="210,220,330,230" step="2"/><V75/><F77/><W85/><G130/><T38/><D9/><U39/><E39/><V123/><F75/><W89/><G36/><T131/><D38/><U24/><AGARI ba="0,1" hai="24,28,32,44,46,48,54,57,59,62,66,98,102,107" machi="24" ten="30,11700,0" yaku="1,1,0,1,52,1,53,1" doraHai="93" doraHaiUra="50" who="1" fromWho="1" sc="210,-39,220,127,330,-39,230,-39" /><INIT seed="1,1,0,1,3,95" ten="171,347,291,191" oya="1" hai0="30,3,109,70,105,63,131,104,46,97,37,111,42" hai1="23,124,11,26,25,16,49,4,92,24,87,57,27" hai2="69,22,39,96,8,68,98,100,101,106,36,132,129" hai3="9,61,32,72,130,110,117,112,118,19,7,17,33"/><U93/><E124/><V45/><F129/><W53/><G72/><T107/><D131/><U48/><E87/><V31/><F132/><W44/><G130/><T1/><D30/><U88/><E57/><V43/><F36/><W77/><G77/><T73/><D73/><U75/><E75/><V10/><F31/><W99/><G112/><T94/><D94/><U29/><E29/><V90/><F90/><W113/><G113/><T121/><D121/><U56/><E56/><V134/><F22/><W80/><G80/><T54/><D54/><U81/><E81/><V79/><F79/><W126/><G126/><T5/><D5/><U91/><E92/><V51/><F39/><W67/><G53/><T125/><D125/><U21/><E21/><V55/><F43/><W71/><G44/><T35/><D35/><U20/><E20/><V133/><F134/><W64/><G7/><T120/><D120/><U52/><E93/><V89/><F89/><N who="1" m="34377" /><E52/><V108/><F133/><W6/><G71/><T102/><D107/><U50/><E25/><V74/><F74/><W116/><G116/><T0/><REACH who="0" step="1"/><D104/><REACH who="0" ten="161,347,291,191" step="2"/><U85/><E85/><V60/><F106/><W14/><G118/><T2/><N who="0" m="0" /><DORA hai="28" /><T40/><D40/><U59/><E59/><V58/><F55/><W84/><G84/><T119/><D119/><U12/><AGARI ba="1,1" hai="4,11,12,16,23,24,26,27,48,49,50" m="34377" machi="12" ten="30,6000,0" yaku="8,1,54,2" doraHai="95,28" who="1" fromWho="1" sc="161,-21,347,73,291,-21,191,-21" /><INIT seed="1,2,0,1,3,105" ten="140,420,270,170" oya="1" hai0="51,119,21,113,44,88,101,25,94,81,35,58,39" hai1="62,63,28,7,18,86,74,49,5,3,68,82,122" hai2="114,57,95,93,117,15,102,107,12,123,10,22,53" hai3="77,124,131,16,46,126,20,0,61,118,2,120,127"/><U80/><E122/><V1/><F117/><W89/><G120/><T40/><D113/><U59/><E28/><V11/><F123/><W6/><G131/><T129/><D35/><U34/><E34/><V32/><F32/><W134/><G134/><T27/><D129/><U67/><E3/><V106/><F1/><W73/><G6/><T69/><D69/><U71/><E18/><V100/><F22/><W108/><G108/><T14/><D119/><U121/><E121/><V52/><REACH who="2" step="1"/><F57/><REACH who="2" ten="140,420,260,170" step="2"/><W64/><G118/><T8/><D58/><U76/><E71/><V66/><F66/><W42/><G2/><T75/><D21/><U65/><REACH who="1" step="1"/><E49/><REACH who="1" ten="140,410,260,170" step="2"/><V85/><F85/><W33/><G0/><T84/><D51/><U87/><E87/><V104/><F104/><W48/><G33/><T13/><D84/><U98/><E98/><V60/><F60/><W30/><G61/><T96/><D75/><U17/><E17/><V79/><F79/><AGARI ba="2,2" hai="5,7,59,62,63,65,67,68,74,76,79,80,82,86" machi="79" ten="30,5800,0" yaku="1,1,7,1,52,1,53,0" doraHai="105" doraHaiUra="36" who="1" fromWho="2" sc="140,0,410,84,260,-64,170,0" /><INIT seed="1,3,0,0,5,87" ten="140,494,196,170" oya="1" hai0="108,24,45,125,72,121,25,29,122,100,93,134,104" hai1="124,26,41,56,52,27,114,62,13,35,54,48,96" hai2="11,91,131,59,14,8,60,20,36,89,135,95,57" hai3="77,18,23,80,4,130,34,7,85,5,71,84,90"/><U40/><E114/><V75/><F36/><W99/><G130/><T94/><D108/><U102/><E124/><V22/><F75/><W15/><G34/><T115/><D115/><U12/><E12/><V51/><F131/><W79/><G71/><T21/><D72/><U88/><E13/><V116/><F116/><W61/><G61/><T33/><D134/><U64/><E54/><N who="2" m="31967" /><F135/><W118/><G118/><T101/><D45/><U119/><E119/><V97/><F89/><N who="3" m="51335" /><G99/><T120/><D125/><U44/><E102/><N who="0" m="39529" /><D104/><U112/><E112/><V126/><F126/><W55/><G55/><T78/><D78/><U66/><E35/><V132/><F132/><W86/><G86/><T103/><D103/><U109/><E109/><V73/><F73/><W10/><G10/><N who="2" m="3625" /><F14/><W68/><G68/><T42/><D42/><N who="1" m="16491" /><E64/><AGARI ba="3,0" hai="20,22,59,60,64,91,95,97" m="3625,31967" machi="64" ten="30,2000,0" yaku="8,1,52,1" doraHai="87" who="2" fromWho="1" sc="140,0,494,-29,196,29,170,0" /><INIT seed="2,0,0,0,0,124" ten="140,465,225,170" oya="2" hai0="88,21,64,58,17,114,78,19,67,89,131,133,84" hai1="125,81,50,29,98,75,111,127,39,66,49,110,119" hai2="87,42,129,3,55,16,99,106,24,20,95,1,115" hai3="48,101,83,105,94,30,112,15,104,18,126,120,10"/><V107/><F115/><W118/><G112/><T103/><D133/><U35/><E119/><V79/><F42/><W132/><G132/><T80/><D114/><U134/><E134/><V135/><F135/><W0/><G126/><N who="1" m="48138" /><E39/><V117/><F117/><W33/><G118/><T70/><D70/><U121/><E121/><V25/><F25/><W71/><G71/><T108/><D108/><U72/><E66/><V23/><F23/><W5/><G120/><T128/><D103/><U62/><E62/><V45/><F106/><W44/><G83/><T102/><D102/><U76/><E75/><V47/><F107/><W14/><G14/><N who="0" m="9399" /><D19/><U57/><E98/><V43/><F55/><W2/><G2/><T65/><D58/><U22/><E35/><V86/><F47/><W28/><G94/><T4/><D4/><U41/><E57/><V31/><F31/><W82/><G82/><T116/><D116/><U90/><E90/><V91/><F79/><W113/><G113/><T61/><D61/><U100/><E100/><V123/><F123/><W130/><G30/><T11/><D11/><U97/><E41/><V9/><F3/><W60/><G60/><T32/><D32/><U96/><E111/><V63/><F63/><W122/><G122/><T52/><D52/><U6/><E110/><V7/><REACH who="2" step="1"/><F129/><AGARI ba="0,0" hai="64,65,67,78,80,84,88,89,128,129,131" m="9399" machi="129" ten="30,8000,1" yaku="19,1,52,3,54,1" doraHai="124" who="0" fromWho="2" sc="140,80,465,0,225,-80,170,0" /><INIT seed="3,0,0,2,4,40" ten="220,465,145,170" oya="3" hai0="18,8,117,63,56,0,4,16,108,109,86,47,38" hai1="88,125,82,5,7,116,102,128,99,68,132,84,104" hai2="39,67,92,13,10,78,49,42,111,130,113,83,96" hai3="3,100,124,43,53,73,85,30,76,15,21,101,119"/><W44/><G3/><T26/><D117/><U122/><E116/><V114/><F39/><W2/><G119/><T95/><D95/><U33/><E122/><V27/><F130/><W58/><G2/><T41/><D86/><U57/><E128/><V129/><F129/><W24/><G73/><T51/><D38/><U121/><E121/><V133/><F133/><W93/><G15/><T61/><D61/><U35/><E125/><V98/><F111/><N who="0" m="42570" /><D26/><U52/><E68/><V60/><F27/><W55/><G124/><T107/><D107/><U22/><E22/><V135/><F135/><W9/><G9/><T37/><D37/><U118/><E118/><V94/><F94/><W103/><G58/><T64/><AGARI ba="0,0" hai="0,4,8,16,18,41,47,51,56,63,64" m="42570" machi="64" ten="30,4000,0" yaku="14,1,52,1,54,1" doraHai="40" who="0" fromWho="0" sc="220,40,465,-10,145,-10,170,-20" /><INIT seed="4,0,0,0,4,99" ten="260,455,135,150" oya="0" hai0="116,60,88,62,83,86,84,57,51,111,129,41,127" hai1="118,82,11,81,15,113,128,96,79,12,108,26,54" hai2="124,131,48,65,100,109,58,104,133,74,52,10,13" hai3="16,36,33,3,102,77,7,24,44,89,61,94,87"/><T105/><D116/><U67/><E108/><V115/><F74/><W122/><G122/><T106/><D111/><U0/><E118/><V59/><F109/><W101/><G77/><T93/><D127/><U25/><E0/><V6/><F124/><W72/><G72/><T19/><D129/><U90/><E67/><V2/><F133/><W69/><G7/><T68/><D68/><U38/><E38/><V55/><F131/><W112/><G3/><T91/><D19/><U29/><E15/><V132/><F132/><W47/><G112/><T20/><D20/><U46/><E113/><V107/><F115/><W17/><G33/><T98/><D98/><U42/><E54/><V14/><F65/><W70/><G70/><T50/><D62/><U119/><E119/><V34/><F34/><W53/><G69/><T31/><D31/><U135/><E135/><V5/><F2/><W126/><G126/><T114/><D114/><U23/><E26/><V92/><F92/><W27/><G36/><T71/><D71/><U8/><E8/><V18/><F100/><N who="3" m="38507" /><G61/><T78/><D78/><U80/><E79/><V76/><F76/><W123/><G123/><T32/><D32/><U134/><E134/><V22/><REACH who="2" step="1"/><F5/><REACH who="2" ten="260,455,125,150" step="2"/><W125/><G125/><T1/><D1/><U117/><E117/><V130/><F130/><W40/><G40/><T9/><D41/><U110/><E42/><V75/><F75/><W43/><G43/><T63/><D106/><U49/><E110/><V95/><F95/><W103/><N who="3" m="38515" /><W28/><DORA hai="35" /><G94/><T4/><D105/><U85/><E128/><RYUUKYOKU ba="0,1" sc="260,-10,455,-10,125,30,150,-10" hai2="6,10,13,14,18,22,48,52,55,58,59,104,107" /><INIT seed="5,1,1,0,1,125" ten="250,445,155,140" oya="1" hai0="36,46,42,92,90,17,9,12,80,40,13,25,95" hai1="11,51,54,61,34,56,62,2,44,3,112,105,83" hai2="60,31,85,39,108,122,113,86,109,131,32,91,94" hai3="68,103,93,0,97,45,129,123,121,50,76,100,89"/><U38/><E34/><V107/><F107/><W124/><G68/><T118/><D118/><U58/><E105/><V77/><F39/><W37/><G37/><T41/><D36/><U10/><E112/><V74/><F32/><W19/><G0/><T26/><D46/><U132/><E132/><V111/><F31/><W33/><G33/><T69/><D69/><U23/><E38/><V78/><F60/><W127/><G19/><N who="0" m="8591" /><D80/><U98/><E23/><V134/><F134/><W49/><G76/><N who="2" m="29289" /><F74/><W66/><G66/><T24/><D90/><U102/><E83/><V104/><F104/><W73/><G73/><T82/><D82/><U106/><E2/><V70/><F70/><W35/><G35/><T116/><D116/><U87/><E87/><N who="2" m="52607" /><F122/><W7/><G123/><T81/><D81/><U14/><E3/><V15/><F15/><W126/><G121/><T21/><AGARI ba="1,1" hai="13,17,21,24,25,26,40,41,42,92,95" m="8591" machi="21" ten="30,1100,0" yaku="8,1" doraHai="125" who="0" fromWho="0" sc="250,24,445,-6,155,-4,140,-4" /><INIT seed="6,0,0,5,1,53" ten="274,439,151,136" oya="2" hai0="129,13,27,131,132,112,54,58,24,11,18,51,83" hai1="93,49,130,20,101,32,79,86,84,105,69,98,121" hai2="22,14,117,17,108,0,36,111,3,106,31,68,41" hai3="70,123,89,30,4,67,109,25,10,90,39,43,99"/><V59/><F68/><W85/><G109/><N who="2" m="42057" /><F106/><W78/><G123/><T127/><D112/><U116/><E32/><V92/><F117/><W63/><G78/><T21/><D132/><U44/><E69/><V62/><F31/><W66/><G66/><T33/><D127/><U115/><E115/><V57/><F62/><W122/><G122/><T15/><D83/><U81/><E116/><V103/><F41/><W96/><G39/><T97/><D97/><U23/><E121/><V80/><F80/><W65/><G43/><T60/><D60/><U120/><E120/><V6/><F36/><W88/><G85/><T102/><D102/><U55/><E130/><N who="0" m="49673" /><D33/><U9/><E9/><N who="2" m="2247" /><F3/><W124/><G67/><T77/><D77/><U7/><E7/><AGARI ba="0,0" hai="7,11,13,15,18,21,24,27,51,54,58" m="49673" machi="7" ten="30,2000,0" yaku="19,1,52,1" doraHai="53" who="0" fromWho="1" sc="274,20,439,-20,151,0,136,0" /><INIT seed="7,0,0,0,3,46" ten="294,419,151,136" oya="3" hai0="108,104,6,30,85,38,27,103,33,59,49,28,124" hai1="17,131,120,93,94,86,133,62,11,32,37,21,35" hai2="31,14,20,9,66,101,81,4,118,132,68,134,53" hai3="121,60,70,113,72,97,130,3,18,71,127,10,98"/><W45/><G121/><T65/><D38/><U39/><E120/><V78/><F118/><W63/><G72/><T29/><D104/><U116/><E131/><V106/><F68/><W100/><G130/><T7/><D103/><U51/><E133/><N who="2" m="51307" /><F66/><W16/><G127/><T40/><D40/><U23/><E62/><V5/><F53/><W123/><G123/><T64/><D85/><U87/><E23/><V26/><F101/><W115/><G45/><T24/><D33/><U58/><E87/><N who="2" m="48567" /><F106/><W107/><G107/><T15/><D15/><U90/><E39/><V34/><F34/><W43/><G100/><T74/><D74/><U61/><E61/><V88/><F88/><W0/><REACH who="3" step="1"/><G10/><REACH who="3" ten="294,419,151,126" step="2"/><T99/><D124/><U79/><E11/><V42/><F42/><AGARI ba="0,1" hai="0,3,16,18,42,43,60,63,70,71,97,98,113,115" machi="42" ten="25,18000,2" yaku="1,1,2,1,22,2,54,1,53,2" doraHai="46" doraHaiUra="36" who="3" fromWho="2" sc="294,0,419,0,151,-180,126,190" owari="294,-11.0,419,52.0,-29,-53.0,316,12.0" /></mjloggm>