<mjloggm ver="2.3"><GO type="169" lobby="0"/><UN n0="%E3%81%97%E3%81%A1%E3%81%8B%E3%81%97%E3%82%85%E3%81%8F" n1="%E3%82%AB%E3%83%9D%E3%83%8D%E5%9B%A3%E3%81%AE%E5%85%84%E8%B2%B4" n2="%E3%82%A6%E3%83%AB%E3%83%88%E3%83%A9%E7%AB%8B%E7%9B%B4" n3="%E3%81%8A%E3%81%98%E3%81%95%E3%82%93" dan="16,18,16,16" rate="2126.05,2277.78,2158.73,2147.26" sx="M,M,M,M"/><TAIKYOKU oya="0"/><INIT seed="0,0,0,3,5,82" ten="250,250,250,250" oya="0" hai0="49,98,28,75,15,5,1,56,24,16,14,127,8" hai1="99,19,22,30,36,113,74,50,115,87,110,35,23" hai2="9,112,101,61,58,131,29,118,52,102,94,57,104" hai3="116,78,37,63,129,26,40,51,122,109,95,20,120"/><T72/><D127/><U133/><E74/><V18/><F112/><W83/><G116/><T7/><D7/><U123/><E36/><V2/><F104/><W77/><G37/><T39/><D39/><U13/><E123/><N who="3" m="47146" /><G109/><T11/><D1/><U100/><E110/><V81/><F118/><W117/><G117/><T47/><D56/><U4/><E4/><V46/><F131/><W59/><G129/><T62/><D98/><U130/><E133/><V42/><F29/><N who="3" m="17607" /><G95/><T108/><D62/><U38/><E38/><V106/><F106/><W41/><G51/><T3/><D3/><U80/><E35/><V128/><F128/><W66/><G78/><T92/><D92/><N who="1" m="58471" /><E130/><V0/><F94/><W119/><G119/><T97/><D97/><U132/><E132/><V43/><F102/><W54/><G66/><T60/><D60/><U53/><E30/><V27/><F101/><W86/><AGARI ba="0,0" hai="40,41,54,59,63,77,83,86" m="17607,47146" machi="86" ten="30,2000,0" yaku="13,1,52,1" doraHai="82" who="3" fromWho="3" sc="250,-10,250,-5,250,-5,250,20" /><INIT seed="1,0,0,2,0,74" ten="240,245,245,270" oya="1" hai0="2,49,117,69,53,94,95,103,109,50,52,116,56" hai1="6,122,102,46,98,108,134,5,10,45,33,48,26" hai2="93,130,15,17,54,8,34,125,82,72,25,77,29" hai3="4,101,126,24,113,44,133,104,63,76,1,43,135"/><U32/><E122/><V132/><F130/><W31/><G113/><T38/><D38/><U22/><E134/><N who="3" m="51210" /><G126/><T7/><D69/><U19/><E108/><V47/><F132/><W86/><G63/><T12/><D2/><U42/><E45/><V91/><F125/><W55/><G55/><T23/><D109/><U115/><E115/><V131/><F131/><W119/><G119/><T89/><D103/><U40/><E40/><V0/><F0/><W20/><G4/><T13/><D7/><U79/><E79/><V129/><F129/><W61/><G61/><T68/><D68/><U120/><E6/><V114/><F114/><W62/><G62/><T58/><D23/><U57/><E57/><V60/><F60/><W83/><G1/><T28/><D89/><U128/><E120/><V11/><F54/><W124/><G124/><T100/><D100/><U110/><E110/><V21/><REACH who="2" step="1"/><F47/><REACH who="2" ten="240,245,235,270" step="2"/><W66/><G66/><T36/><D117/><U92/><REACH who="1" step="1"/><E128/><REACH who="1" ten="240,235,235,270" step="2"/><V27/><F27/><W84/><G44/><T70/><D116/><U75/><E75/><V39/><F39/><W30/><G43/><T71/><D36/><U88/><E88/><V99/><AGARI ba="0,2" hai="8,11,15,17,21,25,29,34,72,77,82,91,93,99" machi="99" ten="20,5200,0" yaku="1,1,0,1,7,1,52,1,53,0" doraHai="74" doraHaiUra="97" who="2" fromWho="2" sc="240,-13,235,-26,235,72,270,-13" /><INIT seed="2,0,0,1,4,14" ten="227,209,307,257" oya="2" hai0="20,62,32,75,11,71,43,96,59,92,108,83,27" hai1="135,116,122,111,0,85,54,48,33,90,29,133,91" hai2="42,101,30,86,80,134,2,77,132,35,126,52,73" hai3="31,94,128,107,55,78,63,19,103,109,24,105,117"/><V129/><F2/><W65/><G117/><T57/><D108/><U13/><E0/><V3/><F3/><W39/><G39/><T95/><D11/><U45/><E111/><V38/><F129/><W1/><G1/><T100/><D32/><U23/><E116/><V9/><F126/><W50/><G109/><T26/><D43/><U16/><E122/><V125/><F125/><W7/><G7/><T98/><D71/><U47/><E33/><V21/><F35/><W6/><G6/><T123/><D123/><U104/><E104/><V66/><F66/><W82/><G94/><T60/><D75/><U40/><E29/><V121/><F101/><W49/><G31/><T22/><D100/><U124/><E124/><V8/><F73/><W88/><G50/><T36/><D36/><U41/><E41/><V74/><F74/><W102/><G107/><T37/><REACH who="0" step="1"/><D37/><REACH who="0" ten="217,209,307,257" step="2"/><U115/><E115/><V67/><F42/><W34/><G34/><T79/><D79/><U69/><E69/><V58/><F38/><W97/><G103/><T99/><D99/><U110/><E110/><V10/><F121/><W68/><G128/><T72/><D72/><U28/><E40/><V127/><F127/><W84/><G78/><T76/><D76/><U61/><E90/><V12/><F8/><W46/><REACH who="3" step="1"/><G24/><REACH who="3" ten="217,209,307,247" step="2"/><T131/><D131/><U70/><E91/><V56/><F77/><W113/><G113/><T112/><D112/><U15/><E13/><V17/><F12/><W106/><G106/><T87/><D87/><U118/><E15/><V64/><F86/><W89/><G89/><RYUUKYOKU ba="0,2" sc="217,15,209,-15,307,-15,247,15" hai0="20,22,26,27,57,59,60,62,83,92,95,96,98" hai3="19,46,49,55,63,65,68,82,84,88,97,102,105" /><INIT seed="3,1,2,5,4,119" ten="232,194,292,262" oya="3" hai0="18,8,115,71,24,26,16,5,39,74,53,41,81" hai1="57,29,127,73,132,124,52,93,131,77,46,33,37" hai2="87,103,76,70,101,118,79,100,98,14,88,83,133" hai3="11,75,97,78,80,64,110,69,17,111,68,43,34"/><W108/><G34/><T122/><D71/><U72/><E77/><N who="2" m="29771" /><F70/><W66/><G43/><T106/><D106/><U134/><E93/><N who="2" m="56615" /><F118/><W54/><G54/><T114/><D81/><U9/><E9/><V104/><F14/><N who="3" m="7391" /><G97/><T59/><D74/><N who="1" m="28779" /><E29/><V116/><F116/><W94/><G94/><T13/><D122/><U58/><E33/><V6/><F6/><W23/><G23/><T129/><D129/><U35/><E35/><V92/><F133/><N who="1" m="51305" /><E131/><V90/><F104/><W47/><G47/><N who="0" m="23999" /><D18/><U12/><E12/><V31/><F31/><W45/><G45/><T85/><D85/><U130/><E130/><V49/><F49/><W21/><G21/><T38/><D38/><U56/><E37/><V120/><F120/><W36/><G36/><T117/><D5/><U107/><E107/><V112/><F112/><N who="0" m="43050" /><D117/><U63/><E46/><V25/><F25/><W28/><G28/><T7/><D7/><U113/><E113/><V10/><F10/><W48/><G48/><AGARI ba="1,2" hai="8,13,16,24,26,48,53,59" m="43050,23999" machi="48" ten="30,2000,0" yaku="11,1,54,1" doraHai="119" who="0" fromWho="3" sc="232,43,194,0,292,0,262,-23" /><INIT seed="4,0,0,1,5,70" ten="275,194,292,239" oya="0" hai0="76,125,82,119,4,50,43,93,19,64,95,9,22" hai1="132,53,3,49,103,80,89,2,127,41,74,92,83" hai2="33,17,121,28,39,52,38,100,69,71,24,34,14" hai3="75,131,25,11,113,60,129,42,30,88,45,31,47"/><T6/><D119/><U51/><E127/><V135/><F121/><W72/><G113/><T58/><D125/><U7/><E132/><V61/><F135/><W107/><G107/><T130/><D130/><N who="3" m="49673" /><G31/><T99/><D64/><U1/><E7/><V63/><F34/><N who="3" m="20815" /><G60/><T32/><D32/><U23/><E103/><V112/><F112/><W54/><G54/><N who="0" m="32087" /><D43/><U36/><E23/><V46/><F100/><W56/><G56/><T111/><D9/><U115/><E115/><V102/><F102/><W96/><G11/><T73/><D73/><N who="3" m="28233" /><G42/><T10/><D10/><U90/><E74/><V114/><F114/><W44/><G44/><T16/><D6/><U62/><E62/><V94/><F63/><W79/><G79/><T15/><D76/><U29/><E29/><V13/><F71/><W27/><G27/><T106/><D4/><U134/><E41/><V101/><F69/><W124/><G124/><T84/><D106/><U85/><E134/><V8/><F61/><W98/><G98/><T5/><D99/><U118/><E2/><V108/><F24/><W77/><G77/><N who="0" m="46159" /><D5/><U0/><E0/><V26/><F28/><W20/><G20/><N who="0" m="11295" /><D111/><U12/><E1/><V87/><F108/><W67/><G67/><T65/><D65/><U128/><E3/><V109/><F109/><W48/><G48/><T66/><D66/><U55/><E128/><V18/><F33/><W104/><G104/><T117/><D117/><U68/><E118/><V78/><F78/><W81/><G96/><T105/><D105/><U21/><E68/><V59/><F8/><W57/><G57/><RYUUKYOKU ba="0,0" sc="275,15,194,-15,292,-15,239,15" hai0="19,22,93,95" hai3="45,47,81,88" /><INIT seed="4,1,0,4,3,90" ten="290,179,277,254" oya="0" hai0="121,5,91,74,103,23,81,27,40,21,14,122,61" hai1="52,111,79,56,49,70,55,106,4,33,37,126,2" hai2="133,88,114,109,31,113,129,3,9,98,58,24,132" hai3="59,107,54,53,83,72,92,68,45,110,131,99,6"/><T66/><D103/><U73/><E111/><V10/><F109/><W71/><G110/><T7/><D40/><U105/><E33/><N who="2" m="20711" /><F58/><W50/><G107/><T115/><D115/><N who="2" m="44042" /><F129/><W118/><G118/><T57/><D7/><U1/><E126/><V135/><F3/><W44/><G131/><T125/><D125/><U18/><E70/><V128/><F128/><W32/><G32/><T63/><D63/><U104/><E37/><V16/><F16/><W42/><G6/><T119/><D119/><U127/><E127/><V85/><F98/><W26/><G26/><T41/><D41/><U94/><E18/><V29/><F29/><W95/><G45/><T97/><D5/><U100/><E55/><V30/><F30/><W75/><G54/><T124/><D14/><U35/><E35/><V130/><F130/><W0/><G0/><T87/><D124/><U11/><E1/><V38/><F38/><W123/><G123/><T48/><D97/><U13/><E2/><V17/><F17/><W134/><G134/><T112/><D112/><U22/><E22/><V82/><AGARI ba="1,0" hai="9,10,82,85,88,132,133,135" m="44042,20711" machi="82" ten="40,5200,0" yaku="20,1,15,1,54,1" doraHai="90" who="2" fromWho="2" sc="290,-27,179,-14,277,55,254,-14" /><INIT seed="5,0,0,2,4,55" ten="263,165,332,240" oya="1" hai0="45,24,105,16,107,102,29,10,53,26,49,60,47" hai1="130,126,129,32,42,64,104,118,56,2,92,73,74" hai2="75,65,11,19,69,128,78,80,79,61,81,57,82" hai3="44,122,112,3,116,27,114,50,123,31,119,62,36"/><U103/><E118/><N who="3" m="45098" /><G3/><T41/><D102/><U15/><E2/><V46/><F128/><N who="1" m="49257" /><E126/><V84/><F46/><W37/><G62/><T95/><D95/><U7/><E32/><V8/><F19/><W100/><G27/><T90/><D90/><U63/><E42/><V13/><F13/><W133/><G31/><T86/><D86/><U72/><E104/><V113/><F113/><N who="3" m="43627" /><G133/><T120/><D120/><N who="3" m="46121" /><G100/><T38/><D60/><U43/><E43/><AGARI ba="0,0" hai="36,37,43,44,50" m="46121,43627,45098" machi="43" ten="40,8000,1" yaku="12,1,15,1,34,2" doraHai="55" who="3" fromWho="1" sc="263,0,165,-80,332,0,240,80" /><INIT seed="6,0,0,5,5,120" ten="263,85,332,320" oya="2" hai0="133,11,6,83,49,122,130,81,85,82,14,100,75" hai1="115,18,118,99,3,41,40,101,26,20,97,39,54" hai2="0,36,84,34,89,76,48,44,65,102,7,127,114" hai3="131,135,74,43,105,93,56,111,94,67,60,79,66"/><V96/><F36/><W90/><G105/><T29/><D122/><U72/><E118/><V98/><F34/><W107/><G107/><T126/><D75/><U132/><E115/><V21/><F114/><W117/><G117/><T119/><D119/><U8/><E72/><V113/><F113/><W73/><G94/><T71/><D71/><U69/><E132/><V42/><F127/><W47/><G67/><T68/><D68/><U78/><E69/><V5/><F76/><W103/><G103/><T10/><D130/><U27/><E78/><V9/><F65/><W57/><G57/><T30/><D126/><U77/><E77/><V80/><F7/><W110/><G131/><T109/><D85/><U31/><E39/><V64/><F64/><W15/><G15/><T125/><D125/><U112/><E112/><V25/><REACH who="2" step="1"/><F102/><REACH who="2" ten="263,85,322,320" step="2"/><W24/><G79/><T61/><D100/><U19/><E101/><V32/><F32/><W58/><G73/><T12/><D6/><U123/><E123/><V37/><F37/><W46/><G74/><T92/><D133/><U108/><E3/><V22/><F22/><W35/><G135/><T116/><D116/><U106/><E20/><V121/><F121/><W124/><G124/><T70/><D10/><U4/><E8/><V33/><F33/><W88/><G35/><T45/><D11/><U128/><E4/><V86/><F86/><W87/><G87/><T63/><D70/><U53/><E128/><V104/><F104/><W2/><G2/><T55/><D92/><U38/><E106/><V62/><F62/><W1/><G60/><RYUUKYOKU ba="0,1" sc="263,-10,85,-10,322,30,320,-10" hai2="0,5,9,21,25,42,44,48,80,84,89,96,98" /><INIT seed="6,1,1,3,0,94" ten="253,75,352,310" oya="2" hai0="6,109,116,62,105,21,100,26,51,49,36,77,37" hai1="53,134,88,61,5,124,45,81,22,29,91,130,63" hai2="56,74,23,121,110,128,52,7,19,66,75,111,50" hai3="34,13,90,4,125,43,127,115,11,123,79,35,55"/><V119/><F119/><W54/><G123/><T83/><D109/><N who="2" m="41482" /><F128/><W25/><G115/><T48/><D116/><U46/><E130/><V70/><F121/><W95/><G79/><T60/><D6/><U9/><E134/><V38/><F38/><W129/><G43/><T126/><D126/><N who="3" m="48137" /><G129/><T32/><D32/><N who="3" m="12329" /><G25/><T59/><D100/><U84/><E124/><V14/><F7/><W30/><G30/><T68/><D105/><U99/><E29/><V120/><F120/><W103/><G103/><T33/><D68/><U71/><E22/><V72/><F70/><W133/><G133/><T86/><D33/><U135/><E135/><V28/><F28/><W1/><G1/><T16/><REACH who="0" step="1"/><D62/><REACH who="0" ten="243,75,352,310" step="2"/><U8/><E71/><V102/><F102/><W47/><G47/><N who="1" m="17930" /><E5/><V107/><F107/><W104/><G104/><T39/><D39/><U24/><E61/><N who="2" m="38183" /><F74/><W31/><G31/><T117/><D117/><U131/><E131/><V85/><F75/><W113/><G113/><T2/><D2/><U114/><E114/><V65/><F72/><W42/><G42/><T69/><D69/><U73/><E73/><V132/><F132/><W57/><G57/><T58/><D58/><N who="1" m="35279" /><E24/><V92/><F50/><W27/><G27/><T3/><D3/><U93/><AGARI ba="1,2" hai="8,9,81,84,88,91,93,99" m="35279,17930" machi="93" ten="30,4000,0" yaku="8,1,52,1,54,1" doraHai="94" who="1" fromWho="1" sc="243,-11,75,63,352,-21,310,-11" /><INIT seed="7,0,0,3,5,133" ten="232,138,331,299" oya="3" hai0="84,130,53,72,98,79,117,71,45,63,131,1,24" hai1="83,128,51,75,12,3,57,41,91,127,54,68,106" hai2="30,62,104,39,82,36,97,40,129,123,110,100,80" hai3="96,21,50,29,86,94,52,19,44,25,6,18,85"/><W64/><G6/><T16/><D117/><U73/><E3/><V2/><F110/><W101/><G64/><T4/><D72/><U59/><E68/><V5/><F40/><W114/><G114/><T77/><D98/><U56/><E106/><V122/><F30/><W26/><REACH who="3" step="1"/><G18/><REACH who="3" ten="232,138,331,289" step="2"/><T121/><D4/><U69/><E69/><V90/><F5/><W112/><G112/><T116/><D16/><U58/><E128/><V111/><F129/><W135/><G135/><T37/><D130/><U92/><E12/><V65/><F2/><W103/><G103/><T31/><D131/><U109/><E109/><V134/><F111/><W11/><G11/><T28/><D1/><U93/><E41/><V15/><F15/><W61/><G61/><T42/><D63/><U0/><E0/><V22/><F134/><W66/><G66/><T70/><D70/><U7/><E7/><V78/><F62/><W113/><G113/><T43/><D71/><U89/><E83/><V34/><F65/><W74/><G74/><T49/><D43/><U38/><E38/><V99/><F39/><W120/><G120/><T9/><D121/><U108/><E108/><V76/><F36/><W88/><G88/><T20/><D9/><U126/><E75/><V81/><F123/><W23/><AGARI ba="0,1" hai="19,21,23,25,26,29,44,50,52,85,86,94,96,101" machi="23" ten="20,12000,1" yaku="1,1,0,1,7,1,8,1,54,1,53,0" doraHai="133" doraHaiUra="67" who="3" fromWho="3" sc="232,-40,138,-40,331,-40,289,130" owari="192,-21.0,98,-40.0,291,9.0,419,52.0" /></mjloggm>