<mjloggm ver="2.3"><GO type="225" lobby="0"/><UN n0="%E3%81%A9%E3%82%93%E3%82%88%E3%81%8F%4D%6B%2E%32" n1="%E3%82%AD%E3%83%A9%E3%83%BC%E3%83%9E%E3%82%B8%E3%83%B3%E3%82%AC%E6%A7%98" n2="%E3%81%BD%E3%83%BC%E3%82%93%64%65%E3%83%AA%E3%83%B3%E3%82%B0" n3="%E3%82%A6%E3%83%AB%E3%83%88%E3%83%A9%E7%AB%8B%E7%9B%B4" dan="17,16,17,17" rate="2161.61,2189.81,2108.97,2120.36" sx="M,F,F,M"/><TAIKYOKU oya="0"/><INIT seed="0,0,0,3,0,38" ten="250,250,250,250" oya="0" hai0="125,91,107,84,103,64,6,74,106,0,128,28,2" hai1="61,126,75,72,117,110,39,112,27,29,37,87,69" hai2="78,46,58,114,17,131,32,95,77,81,3,73,118" hai3="116,71,10,51,127,7,83,9,4,121,80,34,93"/><T96/><D74/><N who="1" m="28203" /><E87/><V113/><F32/><W108/><G71/><T42/><D107/><U13/><E13/><V122/><F122/><W25/><G34/><T21/><D125/><U23/><E117/><V26/><F3/><W85/><G108/><T66/><D128/><U90/><E90/><V16/><F131/><W55/><G25/><T67/><D6/><U14/><E14/><V40/><F78/><W24/><G24/><T134/><D134/><U53/><E53/><V100/><F58/><W76/><G127/><T115/><D115/><U109/><E112/><V86/><F118/><W11/><G121/><T62/><D62/><U49/><E49/><V123/><F123/><W70/><G70/><T5/><D5/><U22/><E22/><V63/><F63/><W47/><G116/><T45/><D21/><U31/><E31/><V48/><F17/><W54/><G83/><T129/><D28/><U44/><E44/><V57/><F57/><W65/><G65/><T124/><D124/><U130/><E130/><V89/><REACH who="2" step="1"/><F100/><REACH who="2" ten="250,250,240,250" step="2"/><W8/><G7/><T43/><D129/><U60/><E60/><V105/><F105/><W102/><G102/><T50/><REACH who="0" step="1"/><D43/><REACH who="0" ten="240,250,240,250" step="2"/><U135/><E126/><V111/><F111/><N who="1" m="42505" /><E135/><V119/><F119/><W79/><G4/><T19/><D19/><U99/><E61/><V98/><F98/><W97/><G97/><T82/><AGARI ba="0,2" hai="0,2,42,45,50,64,66,67,82,84,91,96,103,106" machi="82" ten="30,6000,0" yaku="1,1,0,1,52,1,53,0" doraHai="38" doraHaiUra="133" who="0" fromWho="0" sc="240,80,250,-20,240,-20,250,-20" /><INIT seed="0,1,0,5,3,39" ten="320,230,220,230" oya="0" hai0="37,36,7,87,78,105,89,94,110,126,57,65,125" hai1="18,55,117,3,62,19,69,60,99,82,115,74,1" hai2="112,43,71,22,131,83,80,58,121,16,15,70,50" hai3="102,68,32,98,73,75,25,108,107,114,38,77,119"/><T130/><D105/><U134/><E117/><V48/><F112/><W81/><G119/><T133/><D7/><U20/><E115/><V90/><F121/><W76/><G114/><T129/><D78/><U17/><E134/><V63/><F131/><N who="0" m="50186" /><D110/><U92/><E20/><V109/><F109/><W91/><G108/><T79/><D79/><N who="3" m="30281" /><G38/><T47/><D47/><U34/><E34/><V86/><F83/><W88/><G25/><T12/><D12/><U123/><E82/><V21/><F21/><W27/><G27/><T132/><D57/><U46/><E74/><N who="3" m="28170" /><G68/><T28/><D65/><U35/><E35/><V84/><F84/><N who="3" m="50191" /><G32/><T11/><D11/><U31/><E69/><V135/><F63/><W66/><G66/><T72/><D72/><U111/><E111/><V93/><F58/><W53/><G53/><T118/><D118/><U128/><E128/><V67/><F67/><W49/><G49/><T10/><D10/><U116/><E116/><V96/><F50/><W120/><G120/><T59/><D59/><U26/><E123/><V124/><F70/><W100/><G100/><T97/><D28/><U113/><E113/><V45/><F71/><W42/><G42/><T54/><D54/><U103/><E46/><V44/><F44/><W29/><G29/><T9/><D9/><U61/><E55/><V2/><F45/><W101/><G101/><N who="0" m="60599" /><D36/><U23/><AGARI ba="1,0" hai="1,3,17,18,19,23,26,31,60,61,62,92,99,103" machi="23" ten="30,1100,0" yaku="0,1" doraHai="39" who="1" fromWho="1" sc="320,-6,230,14,220,-4,230,-4" /><INIT seed="1,0,0,1,2,115" ten="314,244,216,226" oya="1" hai0="36,107,11,109,52,21,33,113,68,0,117,51,4" hai1="98,61,125,3,6,70,127,55,67,78,81,118,49" hai2="94,42,16,48,104,28,87,15,95,25,89,126,77" hai3="134,129,93,64,71,38,44,34,65,116,111,90,69"/><U110/><E110/><V74/><F104/><W133/><G34/><T79/><D113/><U102/><E6/><V32/><F126/><N who="1" m="48137" /><E3/><V99/><F74/><W100/><G100/><T85/><D107/><U57/><E118/><V108/><F108/><W31/><G31/><T60/><D36/><U41/><E41/><V19/><F15/><W1/><G1/><T13/><D33/><U122/><E122/><V119/><F119/><W97/><G116/><T17/><D109/><U27/><E27/><V103/><REACH who="2" step="1"/><F77/><REACH who="2" ten="314,244,206,226" step="2"/><W50/><G111/><T75/><D75/><U135/><E135/><V35/><F35/><W84/><G134/><T18/><D117/><U5/><E5/><V39/><F39/><W14/><G38/><T91/><D79/><U20/><E20/><V43/><F43/><W62/><G133/><T24/><D0/><U37/><E37/><V128/><F128/><W26/><G14/><T10/><D4/><U7/><E7/><V46/><AGARI ba="0,1" hai="16,19,25,28,32,42,46,48,87,89,94,95,99,103" machi="46" ten="30,4000,0" yaku="1,1,0,1,54,1,53,0" doraHai="115" doraHaiUra="101" who="2" fromWho="2" sc="314,-10,244,-20,206,50,226,-10" /><INIT seed="2,0,0,0,2,63" ten="304,224,256,216" oya="2" hai0="33,74,87,22,21,2,132,73,110,12,17,93,15" hai1="57,46,101,117,52,126,1,66,76,114,29,30,25" hai2="94,109,92,122,55,83,49,95,106,99,8,59,134" hai3="112,72,0,13,28,124,24,5,20,105,18,102,115"/><V121/><F134/><W23/><G72/><T45/><D2/><U125/><E114/><N who="3" m="43562" /><G102/><T130/><D132/><U47/><E117/><V100/><F109/><W111/><G105/><T61/><D110/><U71/><E1/><V88/><REACH who="2" step="1"/><F8/><REACH who="2" ten="304,224,246,216" step="2"/><N who="3" m="2087" /><G111/><T14/><D130/><U36/><E126/><AGARI ba="0,1" hai="13,18,20,23,24,28,124,126" m="2087,43562" machi="126" ten="30,3900,0" yaku="11,1,34,2" doraHai="63" who="3" fromWho="1" sc="304,0,224,-39,246,0,216,49" /><INIT seed="3,0,0,0,5,70" ten="304,185,246,265" oya="3" hai0="90,77,127,40,51,113,19,103,35,6,105,108,49" hai1="111,65,96,63,134,54,13,62,79,82,84,88,41" hai2="125,61,2,22,81,131,99,25,18,17,34,83,74" hai3="9,28,133,91,48,53,76,130,15,52,14,0,47"/><W115/><G115/><T59/><D113/><U104/><E111/><V110/><F2/><W117/><G117/><T112/><D112/><U67/><E134/><V11/><F34/><W64/><G133/><T29/><D77/><U43/><E54/><V26/><F125/><W66/><G130/><T10/><D108/><U129/><E129/><V50/><F74/><W24/><G76/><T132/><D132/><U128/><E128/><V118/><F131/><W56/><G91/><T30/><D127/><U71/><E13/><V87/><F99/><W95/><G95/><T85/><D19/><U123/><E123/><V124/><F124/><W119/><G0/><T75/><D75/><U135/><E135/><V23/><F118/><W107/><G107/><T101/><D105/><U44/><E44/><V68/><F11/><W4/><G15/><N who="0" m="5591" /><D35/><U106/><E106/><V42/><F110/><W72/><G72/><T12/><D12/><U1/><E1/><V93/><F68/><W109/><G109/><T122/><D59/><U120/><E120/><V80/><F61/><W86/><G86/><T20/><D20/><U16/><E16/><V102/><F102/><N who="0" m="38922" /><D122/><U7/><E7/><V3/><F3/><W98/><G98/><T38/><D38/><U78/><E104/><V32/><F32/><N who="3" m="20487" /><G119/><T114/><D114/><U94/><REACH who="1" step="1"/><E79/><REACH who="1" ten="304,175,246,265" step="2"/><V37/><F18/><W60/><G53/><T97/><D29/><U89/><E89/><N who="2" m="53439" /><F17/><N who="3" m="8399" /><G66/><T33/><D30/><U46/><E46/><V58/><F25/><W5/><G4/><T55/><D90/><U27/><E27/><V100/><F26/><RYUUKYOKU ba="0,1" sc="304,-15,175,15,246,-15,265,15" hai1="41,43,62,63,65,67,71,78,82,84,88,94,96" hai3="5,47,48,52,56,60,64" /><INIT seed="3,1,1,1,5,9" ten="289,190,231,280" oya="3" hai0="89,72,59,74,53,102,26,54,110,50,90,133,49" hai1="97,22,104,130,27,39,63,77,10,83,117,92,84" hai2="36,62,1,7,76,35,23,56,20,43,103,86,29" hai3="3,80,125,18,25,5,107,106,67,129,28,64,70"/><W127/><G18/><T121/><D121/><U38/><E130/><V114/><F114/><W58/><G129/><T94/><D110/><U52/><E104/><N who="3" m="39978" /><G58/><T78/><D133/><U11/><E117/><V21/><F103/><W44/><G44/><T71/><D71/><U123/><E123/><V120/><F43/><W87/><G5/><T4/><D4/><U132/><E132/><V73/><F73/><W101/><G101/><T135/><D135/><U17/><E39/><V81/><F120/><W98/><G98/><N who="0" m="59735" /><D74/><U105/><E105/><V115/><F115/><W119/><G3/><T24/><D72/><U100/><REACH who="1" step="1"/><E38/><REACH who="1" ten="289,180,231,280" step="2"/><V32/><F36/><W19/><G119/><T124/><D124/><U65/><E65/><V122/><F122/><W0/><G64/><T13/><D78/><U57/><AGARI ba="1,2" hai="10,11,17,22,27,52,57,63,77,83,84,92,97,100" machi="57" ten="30,7900,0" yaku="1,1,0,1,8,1,54,1,53,0" doraHai="9" doraHaiUra="40" who="1" fromWho="1" sc="289,-21,180,102,231,-21,280,-40" /><INIT seed="4,0,0,0,2,0" ten="268,282,210,240" oya="0" hai0="117,126,77,65,120,67,6,60,26,8,48,122,27" hai1="11,28,94,115,75,93,57,105,47,17,79,100,108" hai2="40,76,90,53,34,124,82,119,44,134,89,10,19" hai3="133,83,98,113,33,95,41,87,121,63,54,69,106"/><T61/><D117/><U74/><E28/><V18/><F34/><W112/><G33/><T2/><D126/><U96/><E108/><V84/><F124/><W49/><G106/><T3/><D77/><U85/><E115/><V125/><F125/><W39/><G133/><T104/><D104/><U72/><E47/><V62/><F134/><W25/><G25/><T32/><D48/><U64/><E64/><V58/><F119/><W99/><G121/><T71/><D2/><U1/><E57/><V101/><F101/><W46/><G87/><T9/><D9/><U30/><E30/><V16/><REACH who="2" step="1"/><F10/><REACH who="2" ten="268,282,200,240" step="2"/><W12/><G113/><T31/><D27/><U92/><E11/><V111/><F111/><W37/><G112/><T45/><D45/><U132/><E100/><V110/><F110/><W109/><G109/><T131/><D131/><U80/><E132/><V7/><F7/><W22/><G46/><T102/><D102/><U127/><E127/><V5/><F5/><W103/><G103/><T73/><D73/><U50/><E74/><V43/><F43/><W20/><G41/><T56/><AGARI ba="0,1" hai="3,6,8,26,31,32,56,60,61,65,67,71,120,122" machi="56" ten="20,3900,0" yaku="0,1,7,1,52,1" doraHai="0" who="0" fromWho="0" sc="268,49,282,-13,200,-13,240,-13" owari="317,41.0,269,7.0,187,-31.0,227,-17.0" /></mjloggm>