<mjloggm ver="2.3"><GO type="169" lobby="0"/><UN n0="%E3%82%A8%E3%83%83%E3%83%95%E3%82%A7%E3%83%AB%E5%A1%94" n1="%E3%83%88%E3%83%8B%E3%83%BC%E2%98%85%E5%BD%A1" n2="%E5%B0%B1%E6%B4%BB%E7%94%9F%40%E5%B7%9D%E6%9D%91%E8%BB%8D%E5%9B%A3" n3="%73%69%6E%73%69%73%74" dan="16,16,19,18" rate="2124.77,2124.21,2354.33,2211.19" sx="M,M,M,M"/><TAIKYOKU oya="0"/><INIT seed="0,0,0,3,3,87" ten="250,250,250,250" oya="0" hai0="122,53,67,92,57,91,123,12,114,11,22,98,8" hai1="18,110,26,19,133,94,129,77,30,13,107,73,42" hai2="66,116,55,62,58,38,93,39,6,34,84,4,95" hai3="105,120,128,125,131,14,51,27,40,29,21,2,0"/><T31/><D114/><U17/><E110/><V80/><F34/><W83/><G105/><T76/><D67/><U134/><E107/><V106/><F106/><W37/><G37/><T96/><D76/><U43/><E73/><V113/><F113/><W3/><G83/><T63/><D98/><U68/><E77/><V71/><F116/><W127/><G51/><T90/><D11/><U61/><E13/><V70/><F39/><W82/><G82/><T103/><D123/><U135/><E94/><V124/><F38/><W97/><G40/><T25/><REACH who="0" step="1"/><D122/><REACH who="0" ten="240,250,250,250" step="2"/><U85/><E129/><N who="3" m="49738" /><G97/><T130/><D130/><U56/><E68/><V104/><F71/><W78/><G78/><T101/><D101/><U109/><E109/><V35/><F70/><W15/><G120/><T65/><D65/><N who="1" m="39079" /><E85/><V72/><F72/><W126/><AGARI ba="0,1" hai="0,2,3,14,15,21,27,29,125,126,127" m="49738" machi="126" ten="50,8000,1" yaku="18,1,19,1,34,2" doraHai="87" who="3" fromWho="3" sc="240,-40,250,-20,250,-20,250,90" /><INIT seed="1,0,0,0,5,102" ten="200,230,230,340" oya="1" hai0="10,91,95,88,84,123,12,131,92,6,86,50,65" hai1="71,124,44,33,54,17,41,69,133,94,21,47,100" hai2="60,63,18,20,9,46,7,116,39,78,122,28,25" hai3="16,59,134,42,108,49,56,27,57,23,89,126,75"/><U13/><E33/><V51/><F122/><W109/><G75/><T3/><D123/><U107/><E133/><V5/><F116/><W114/><G114/><T66/><D131/><U34/><E34/><V113/><F39/><W36/><G134/><T67/><REACH who="0" step="1"/><D50/><REACH who="0" ten="190,230,230,340" step="2"/><U19/><E124/><V2/><F113/><W32/><G49/><T26/><D26/><U87/><E71/><V118/><F118/><W135/><G126/><T79/><D79/><U82/><E69/><V120/><F120/><W35/><G135/><T129/><D129/><U22/><E44/><V30/><F78/><W98/><G36/><T110/><D110/><U24/><E47/><V72/><F72/><W73/><G73/><T111/><D111/><U77/><E41/><V85/><F51/><W112/><G42/><T117/><D117/><U106/><REACH who="1" step="1"/><E54/><REACH who="1" ten="190,220,230,340" step="2"/><V104/><F46/><W52/><G108/><T43/><D43/><U1/><E1/><AGARI ba="0,2" hai="1,3,6,10,12,65,66,67,84,86,88,91,92,95" machi="1" ten="40,5200,0" yaku="1,1,9,1,54,1,53,0" doraHai="102" doraHaiUra="115" who="0" fromWho="1" sc="190,72,220,-52,230,0,340,0" /><INIT seed="2,0,0,1,3,79" ten="262,168,230,340" oya="2" hai0="24,60,2,31,75,30,40,70,1,63,59,68,119" hai1="12,81,106,45,109,36,128,41,74,129,65,22,93" hai2="98,66,82,29,131,64,56,35,132,53,124,108,121" hai3="116,51,94,86,126,58,90,33,37,103,14,118,83"/><V73/><F121/><W46/><G33/><T13/><D75/><U17/><E106/><V38/><F38/><W102/><G37/><T10/><D40/><U25/><E65/><V39/><F39/><W55/><G126/><T0/><D119/><U71/><E71/><V34/><F124/><W20/><G118/><T19/><D63/><U88/><E109/><V15/><F131/><N who="1" m="50249" /><E25/><V57/><F132/><W125/><G125/><T95/><D95/><U32/><E32/><V117/><F117/><W67/><G116/><T48/><D48/><U6/><E6/><V43/><F43/><W127/><G94/><T91/><D91/><U16/><E17/><V21/><F98/><W101/><G67/><T123/><D123/><U5/><E5/><V111/><F57/><W23/><G127/><T49/><D49/><U100/><E100/><V84/><F73/><W11/><G58/><T130/><D130/><U77/><E93/><V122/><F122/><W42/><G42/><T134/><D134/><U115/><E115/><V72/><F66/><W113/><G113/><T8/><D31/><U52/><E52/><V96/><F64/><W92/><G92/><T89/><D70/><U3/><E3/><V120/><F120/><W26/><G26/><T9/><D68/><U44/><E44/><V80/><F35/><W4/><AGARI ba="0,0" hai="4,11,14,20,23,46,51,55,83,86,90,101,102,103" machi="4" ten="30,4000,0" yaku="0,1,8,1,52,1" doraHai="79" who="3" fromWho="3" sc="262,-10,168,-10,230,-20,340,40" /><INIT seed="3,0,0,3,0,28" ten="252,158,210,380" oya="3" hai0="94,108,73,82,88,67,133,134,5,93,6,98,61" hai1="53,84,95,119,29,77,54,116,58,45,117,31,52" hai2="26,62,68,70,66,123,86,99,79,36,15,71,97" hai3="118,3,83,90,131,47,102,43,49,21,120,30,40"/><W91/><G118/><T105/><D105/><U33/><E45/><V128/><F36/><W16/><G120/><T113/><D108/><U20/><E20/><V85/><F128/><W14/><G131/><T124/><D124/><U38/><E38/><V106/><F123/><W42/><G3/><T129/><D129/><U103/><E29/><V13/><F26/><N who="3" m="16719" /><G102/><T0/><D113/><U57/><E77/><V115/><F115/><W39/><G39/><T112/><D112/><U1/><E1/><V11/><F106/><W87/><G90/><T107/><D107/><U92/><E84/><V130/><F130/><W63/><G63/><T72/><D93/><N who="1" m="35915" /><E103/><V55/><F79/><W50/><G47/><T110/><D110/><U51/><E51/><V34/><F34/><W126/><G126/><T32/><D32/><U89/><E89/><V9/><F66/><W101/><G101/><T44/><D44/><U4/><E4/><N who="0" m="1641" /><D0/><U25/><AGARI ba="0,0" hai="25,31,33,52,53,54,57,58,116,117,119" m="35915" machi="25" ten="40,5200,0" yaku="12,1,52,1,54,1" doraHai="28" who="1" fromWho="1" sc="252,-13,158,52,210,-13,380,-26" /><INIT seed="4,0,0,3,2,75" ten="239,210,197,354" oya="0" hai0="122,47,28,71,36,10,39,111,35,114,125,92,80" hai1="32,118,51,16,95,81,94,56,124,107,42,104,99" hai2="129,15,68,110,41,54,13,52,11,57,123,44,59" hai3="85,133,119,131,27,72,63,101,45,29,62,31,26"/><T128/><D92/><U21/><E32/><V98/><F110/><W0/><G72/><T132/><D80/><U67/><E118/><V96/><F123/><W103/><G0/><T127/><D10/><U102/><E124/><V108/><F68/><W17/><G85/><T74/><D47/><U93/><E107/><V87/><F108/><W19/><G45/><T66/><D66/><U40/><E81/><V76/><F41/><W9/><G9/><T14/><D14/><N who="2" m="5130" /><F44/><W50/><G50/><T112/><D28/><U48/><E48/><N who="2" m="30855" /><F129/><W84/><G131/><T23/><D23/><U20/><E20/><V126/><F126/><W38/><G38/><T55/><D39/><U18/><E18/><V6/><F6/><W91/><G119/><T61/><D127/><U113/><E113/><V89/><F11/><W8/><G8/><T25/><D114/><U86/><E51/><N who="2" m="31199" /><F76/><W79/><G79/><T4/><D128/><U46/><E46/><V116/><F116/><W5/><G5/><T73/><D4/><U53/><E42/><V121/><F121/><W109/><G62/><T3/><D122/><U100/><E40/><V134/><F134/><W70/><G133/><T33/><D132/><U69/><E69/><V130/><F130/><W88/><G70/><T2/><D71/><U117/><E117/><V60/><F60/><W22/><G63/><T64/><D125/><U24/><E104/><V106/><F106/><W37/><G37/><T12/><D112/><U77/><E77/><V30/><F30/><W83/><G109/><T105/><D111/><U120/><E120/><RYUUKYOKU ba="0,0" sc="239,-10,210,-10,197,30,354,-10" hai2="87,89,96,98" /><INIT seed="5,1,0,2,3,118" ten="229,200,227,344" oya="1" hai0="21,126,16,80,116,25,40,88,4,112,48,97,35" hai1="103,119,74,31,128,109,43,27,79,28,15,87,99" hai2="95,5,59,38,133,37,67,32,84,41,61,42,129" hai3="81,92,127,52,117,94,8,62,131,10,26,45,132"/><U53/><E119/><V114/><F32/><W36/><G117/><T89/><D116/><U78/><E74/><V66/><F5/><W130/><G127/><T12/><D126/><U50/><E31/><V39/><F95/><N who="3" m="36395" /><G132/><T34/><D112/><U13/><E43/><N who="2" m="16395" /><F84/><W3/><G36/><T120/><D97/><U75/><E75/><V63/><F129/><N who="3" m="49163" /><G3/><T33/><D120/><U56/><E128/><V18/><F18/><W111/><G111/><T22/><D80/><U55/><E79/><V1/><F1/><W46/><G81/><T110/><D110/><U105/><E109/><V57/><F114/><W107/><G26/><T58/><D4/><U9/><E9/><N who="3" m="3690" /><G107/><T73/><D73/><U101/><E101/><V91/><F91/><W123/><G123/><T77/><D77/><U121/><E121/><V60/><F133/><W104/><G104/><T54/><REACH who="0" step="1"/><D40/><REACH who="0" ten="219,200,227,344" step="2"/><U29/><E78/><V47/><F47/><W106/><G106/><T68/><D68/><U122/><E122/><V85/><F85/><W96/><G96/><T83/><D83/><U30/><E87/><V124/><F124/><W125/><G125/><T82/><D82/><U6/><E6/><V90/><F90/><W0/><G0/><T86/><D86/><U134/><E134/><V65/><AGARI ba="1,1" hai="37,38,39,57,59,60,61,63,65,66,67" m="16395" machi="65" ten="40,16000,3" yaku="29,2,28,2,35,5" doraHai="118" who="2" fromWho="2" sc="219,-41,200,-81,227,173,344,-41" /><INIT seed="6,0,0,2,0,19" ten="178,119,400,303" oya="2" hai0="116,79,108,36,95,10,63,118,103,101,37,35,25" hai1="68,30,73,15,120,96,46,20,70,4,77,7,54" hai2="84,43,125,86,88,58,135,71,51,134,129,128,13" hai3="75,127,100,67,45,61,111,81,83,74,28,110,82"/><V69/><F86/><W60/><G45/><T12/><D108/><U49/><E120/><V109/><F109/><N who="3" m="41483" /><G67/><T1/><D1/><U38/><E38/><N who="0" m="14953" /><D79/><U31/><E73/><N who="3" m="27658" /><G28/><N who="0" m="19855" /><D95/><U94/><E77/><V3/><F3/><W121/><G121/><T132/><D63/><N who="3" m="24137" /><G100/><T104/><D104/><U53/><E70/><N who="2" m="26635" /><F13/><W2/><G2/><T72/><D72/><U29/><E68/><V131/><F43/><W41/><G41/><T87/><D87/><U85/><E85/><V65/><F65/><W26/><G26/><T23/><D10/><U44/><E44/><V6/><F6/><W55/><G55/><T56/><D103/><U76/><E54/><N who="2" m="32095" /><F125/><AGARI ba="0,0" hai="81,82,83,125,127" m="24137,27658,41483" machi="125" ten="40,2600,0" yaku="28,2" doraHai="19" who="3" fromWho="2" sc="178,0,119,0,400,-26,303,26" /><INIT seed="7,0,0,5,5,127" ten="178,119,374,329" oya="3" hai0="85,65,56,29,23,57,37,26,19,80,103,133,66" hai1="27,132,93,12,92,117,119,73,98,102,100,125,120" hai2="71,1,45,62,8,35,7,64,95,47,131,135,41" hai3="17,114,32,33,55,15,39,43,48,129,116,74,4"/><W49/><G116/><N who="1" m="44618" /><E27/><V94/><F131/><W115/><G74/><T97/><D37/><U28/><E28/><V13/><F35/><N who="3" m="13387" /><G4/><T82/><D133/><U90/><E12/><V123/><F135/><W112/><G39/><T63/><D29/><U36/><E36/><V52/><F123/><W58/><G43/><T128/><D128/><U68/><E68/><V11/><F47/><W106/><G106/><T121/><D121/><U75/><E132/><V122/><F122/><W108/><G108/><T99/><D66/><U70/><E70/><V22/><F22/><N who="3" m="11583" /><G48/><T38/><D38/><U53/><E53/><V25/><F25/><W111/><G111/><T9/><D65/><U101/><E120/><V18/><F52/><W61/><G61/><T86/><D63/><U20/><E20/><V46/><F46/><W109/><G109/><T69/><D69/><U113/><E125/><V24/><F24/><W34/><N who="3" m="13395" /><W89/><DORA hai="40" /><G89/><N who="0" m="51367" /><D9/><U51/><E51/><AGARI ba="0,0" hai="1,7,8,11,13,18,41,45,51,62,64,71,94,95" machi="51" ten="30,2000,0" yaku="7,1,52,1" doraHai="127,40" who="2" fromWho="1" sc="178,0,119,-20,374,20,329,0" owari="178,-22.0,99,-40.0,394,49.0,329,13.0" /></mjloggm>