<mjloggm ver="2.3"><GO type="169" lobby="0"/><UN n0="%6B%69%79%6F%64%61%69" n1="%6B%69%6E%6F%30%31" n2="%68%69%6D%69%79%6F" n3="%E3%83%88%E3%83%88%E3%83%AA%E5%85%88%E7%94%9F%31%39%E6%AD%B3" dan="18,16,16,19" rate="2244.22,2060.67,2051.40,2310.99" sx="M,M,M,F"/><TAIKYOKU oya="0"/><INIT seed="0,0,0,4,3,10" ten="250,250,250,250" oya="0" hai0="105,94,46,123,82,32,101,51,100,30,85,107,59" hai1="81,92,91,121,69,120,11,64,77,49,87,126,62" hai2="61,23,63,15,1,13,131,95,33,16,102,116,19" hai3="112,45,54,28,7,4,40,52,38,50,26,129,66"/><T119/><D119/><U124/><E49/><V58/><F33/><W71/><G112/><T22/><D32/><U74/><REACH who="1" step="1"/><E11/><REACH who="1" ten="250,240,250,250" step="2"/><N who="2" m="6207" /><F116/><W27/><G50/><T53/><D51/><U108/><E108/><V114/><F114/><W44/><G38/><T125/><D107/><U12/><E12/><V0/><F0/><W106/><G106/><T130/><D105/><U18/><E18/><V76/><F1/><W55/><G7/><T34/><D30/><U43/><E43/><V93/><F131/><W36/><G4/><T56/><D130/><U115/><E115/><V73/><F73/><W96/><G28/><T60/><D60/><U6/><E6/><V20/><F63/><W21/><G129/><T3/><D3/><U75/><E75/><V72/><F72/><W128/><G128/><T109/><D109/><U111/><E111/><V113/><F113/><W127/><G40/><T84/><D101/><U98/><E98/><V65/><F102/><W97/><G97/><T90/><D100/><U68/><E68/><V67/><F67/><W134/><G96/><T5/><D5/><U86/><E86/><V42/><F42/><W48/><G36/><T24/><D85/><U89/><E89/><V9/><F76/><W17/><G66/><T122/><D90/><U35/><E35/><V31/><F31/><W83/><G71/><T88/><D34/><U79/><E79/><V80/><F80/><W117/><G83/><T110/><D82/><U70/><E70/><V41/><F41/><W47/><G48/><T103/><D110/><U25/><E25/><N who="3" m="9226" /><G117/><T132/><D24/><RYUUKYOKU ba="0,1" sc="250,-15,240,15,250,15,250,-15" hai1="62,64,69,74,77,81,87,91,92,120,121,124,126" hai2="9,15,19,20,23,58,61,65,93,95" /><INIT seed="1,1,1,0,4,13" ten="235,255,265,235" oya="1" hai0="111,87,85,73,91,52,38,5,77,31,21,83,98" hai1="34,114,43,60,1,24,135,132,63,92,15,66,20" hai2="133,134,9,113,76,95,12,110,14,48,54,41,70" hai3="11,71,39,35,106,33,82,103,117,127,96,59,120"/><U97/><E1/><V55/><F70/><W75/><G120/><T61/><D38/><U100/><E114/><V65/><F113/><W79/><G71/><T86/><D111/><U46/><E15/><V94/><F65/><W8/><G39/><T49/><D5/><U78/><E78/><V68/><F68/><W3/><G127/><T2/><D2/><U90/><E90/><V107/><F107/><W126/><G126/><T57/><D98/><U116/><E34/><V10/><F110/><W25/><G117/><T115/><D115/><U28/><E116/><V74/><F41/><W67/><G11/><T69/><D31/><U124/><E124/><V29/><F29/><W88/><G25/><T6/><D6/><U50/><REACH who="1" step="1"/><E60/><REACH who="1" ten="235,245,265,235" step="2"/><V42/><F76/><W122/><G3/><T84/><D61/><U27/><E27/><V125/><F125/><W62/><G122/><T101/><D101/><U4/><E4/><V36/><F14/><W0/><G0/><T56/><D21/><U53/><E53/><V99/><F12/><W16/><G8/><T128/><D91/><U131/><E131/><V30/><F55/><W47/><G35/><T118/><D128/><U45/><E45/><V102/><F10/><W123/><G33/><T7/><D7/><U109/><E109/><V119/><F9/><W89/><G47/><T104/><D118/><U22/><E22/><V23/><F119/><W19/><G123/><T129/><D129/><U81/><E81/><V121/><F121/><W51/><G82/><T44/><D83/><U80/><E80/><V37/><F54/><RYUUKYOKU ba="1,2" sc="235,-10,245,30,265,-10,235,-10" hai1="20,24,28,43,46,50,63,66,92,97,100,132,135" /><INIT seed="1,2,2,3,1,126" ten="225,275,255,225" oya="1" hai0="88,62,118,57,72,65,121,12,16,115,8,68,49" hai1="95,33,78,37,17,14,106,50,31,90,105,120,44" hai2="56,71,116,75,53,28,102,127,81,42,29,59,1" hai3="97,41,3,10,109,26,55,48,119,98,87,9,63"/><U125/><E120/><V21/><F71/><W45/><G109/><T15/><D72/><U113/><E113/><V7/><F116/><W94/><G119/><T40/><D115/><U96/><E125/><V69/><F69/><W89/><G3/><T117/><D121/><U135/><E135/><V35/><F35/><W133/><G133/><T80/><D68/><U4/><E37/><V24/><F127/><W123/><G123/><T47/><D80/><U86/><E4/><V131/><F42/><W58/><G97/><T100/><D100/><U66/><E66/><V6/><F102/><W61/><G61/><T19/><REACH who="0" step="1"/><D88/><REACH who="0" ten="215,275,255,225" step="2"/><U93/><E78/><V64/><F81/><W83/><REACH who="3" step="1"/><G26/><REACH who="3" ten="215,275,255,215" step="2"/><T128/><D128/><U110/><E96/><V101/><F24/><W13/><G13/><T108/><D108/><U32/><E14/><V43/><F131/><W76/><AGARI ba="2,4" hai="9,10,41,45,48,55,58,63,76,83,87,89,94,98" machi="76" ten="20,12000,2" yaku="1,1,0,1,7,1,8,1,53,2" doraHai="126" doraHaiUra="5" who="3" fromWho="3" sc="215,-32,275,-62,255,-32,215,166" /><INIT seed="2,0,0,4,3,20" ten="183,213,223,381" oya="2" hai0="30,104,41,50,57,59,87,69,127,15,9,22,24" hai1="133,122,21,81,102,89,91,0,80,6,86,32,97" hai2="76,75,114,54,108,113,60,112,64,48,119,73,11" hai3="117,44,51,40,58,101,93,34,49,10,47,88,121"/><V65/><F119/><W43/><G117/><T92/><D104/><U125/><E32/><V39/><F39/><W132/><G121/><T14/><D69/><U103/><E6/><V123/><F123/><W38/><G132/><T94/><D127/><U129/><E0/><V19/><F108/><W110/><G110/><T106/><D106/><U72/><E21/><V120/><F120/><W130/><G130/><T79/><D15/><U131/><E122/><V55/><F65/><W99/><G34/><T84/><D59/><U66/><E66/><V90/><F90/><W36/><G58/><T7/><D57/><U68/><E68/><V53/><F48/><W37/><G10/><T27/><D27/><U4/><E4/><V98/><F98/><W52/><REACH who="3" step="1"/><G40/><REACH who="3" ten="183,213,223,371" step="2"/><T5/><D5/><U105/><E133/><V128/><F128/><W25/><G25/><T96/><D79/><N who="1" m="44135" /><E131/><V95/><F76/><W3/><G3/><T28/><D28/><U71/><E71/><V109/><F109/><W77/><G77/><T78/><D78/><N who="1" m="46391" /><E129/><V18/><F11/><W115/><G115/><T134/><D134/><U67/><E125/><V107/><F114/><W63/><G63/><T23/><D23/><U2/><E2/><V124/><F113/><W12/><G12/><T17/><D7/><U70/><E70/><N who="2" m="42247" /><F112/><W31/><G31/><T35/><D35/><U74/><E67/><V56/><F124/><W29/><G29/><T82/><D30/><U111/><E111/><V83/><F56/><W85/><G85/><T135/><D135/><U100/><E74/><V42/><F75/><RYUUKYOKU ba="0,1" sc="183,-15,213,15,223,-15,371,15" hai1="89,91,97,100,102,103,105" hai3="36,37,38,43,44,47,49,51,52,88,93,99,101" /><INIT seed="3,1,1,3,4,76" ten="168,228,208,386" oya="3" hai0="38,93,58,13,82,114,40,29,62,124,131,126,36" hai1="115,85,30,4,96,116,50,46,92,41,44,80,118" hai2="128,59,69,26,112,91,125,37,101,45,35,83,99" hai3="127,60,84,17,98,121,56,119,73,28,0,14,64"/><W78/><G119/><N who="1" m="45610" /><E115/><V8/><F112/><W113/><G113/><T48/><D114/><U5/><E44/><V102/><F69/><W110/><G121/><T130/><D29/><U134/><E30/><V43/><F128/><N who="0" m="49194" /><D93/><U34/><E34/><V95/><F125/><N who="0" m="48234" /><D13/><U51/><E51/><V74/><F8/><W52/><G110/><T79/><D48/><U67/><E134/><V106/><F59/><W11/><G73/><N who="0" m="43375" /><D40/><U104/><E104/><V12/><F12/><W94/><G127/><T9/><D9/><U135/><E135/><V90/><F35/><W100/><G28/><T89/><D89/><N who="1" m="51367" /><E67/><AGARI ba="1,1" hai="36,38,58,62,67" m="43375,48234,49194" machi="67" ten="30,3900,0" yaku="19,1,18,1,52,1" doraHai="76" who="0" fromWho="1" sc="168,52,228,-42,208,0,386,0" /><INIT seed="4,0,0,0,3,95" ten="220,186,208,386" oya="0" hai0="100,69,88,58,73,114,21,20,93,11,52,79,104" hai1="68,23,99,40,78,89,0,61,91,94,75,113,33" hai2="51,111,42,44,54,1,116,8,17,87,28,77,108" hai3="126,128,129,127,81,46,101,56,55,26,105,18,30"/><T43/><D69/><U16/><E0/><V27/><F116/><W22/><G46/><T19/><D104/><U64/><E33/><V45/><F77/><W34/><G81/><T59/><D100/><U122/><E122/><V109/><F87/><W13/><G101/><T84/><D114/><U49/><E113/><V50/><F1/><W37/><G37/><T121/><D121/><U119/><E119/><V76/><F76/><W41/><G41/><T80/><D58/><U85/><E78/><V6/><F6/><W74/><G105/><T62/><REACH who="0" step="1"/><D43/><REACH who="0" ten="210,186,208,386" step="2"/><U38/><E40/><V72/><F42/><W92/><G56/><T130/><D130/><U25/><E49/><V12/><F51/><W67/><G128/><T39/><D39/><U48/><E48/><V66/><F44/><W102/><G102/><T9/><D9/><U83/><E38/><V117/><F117/><W57/><G57/><T134/><D134/><U5/><REACH who="1" step="1"/><E5/><REACH who="1" ten="210,176,208,386" step="2"/><N who="2" m="3087" /><F50/><W36/><G36/><T86/><D86/><U124/><E124/><V63/><F45/><W7/><G129/><T14/><AGARI ba="0,2" hai="11,14,19,20,21,52,59,62,73,79,80,84,88,93" machi="14" ten="30,11700,0" yaku="1,1,0,1,54,2,53,0" doraHai="95" doraHaiUra="125" who="0" fromWho="0" sc="210,137,176,-39,208,-39,386,-39" /><INIT seed="4,1,0,0,5,61" ten="347,137,169,347" oya="0" hai0="135,128,14,130,82,7,6,29,67,103,90,125,104" hai1="64,47,109,1,124,107,69,30,70,44,26,21,60" hai2="87,84,49,27,106,126,39,122,56,81,121,54,37" hai3="93,113,38,43,111,123,48,46,42,25,127,19,15"/><T89/><D29/><U86/><E109/><V31/><F106/><W132/><G111/><T91/><D125/><U40/><E1/><V51/><F126/><W2/><G2/><T35/><D35/><U101/><E124/><V92/><F92/><W78/><G127/><T65/><D82/><U13/><E86/><V0/><F0/><W88/><G113/><T32/><D32/><U16/><E70/><V10/><F10/><W62/><G132/><T105/><D135/><U129/><E129/><N who="0" m="49769" /><D14/><U80/><E80/><V8/><F8/><N who="3" m="6631" /><G38/><T76/><D76/><U74/><E74/><V110/><F110/><W133/><G133/><T118/><D118/><U134/><E134/><V22/><F49/><W41/><G123/><T23/><D23/><U97/><REACH who="1" step="1"/><E40/><REACH who="1" ten="347,127,169,347" step="2"/><V34/><F121/><W5/><G41/><T12/><D6/><U68/><E68/><V11/><F122/><W114/><G5/><T99/><D105/><U75/><E75/><V58/><F87/><W63/><G42/><T117/><D117/><U94/><E94/><V3/><F84/><N who="3" m="52359" /><G78/><T119/><D119/><U53/><E53/><V100/><F54/><W57/><G114/><T108/><D108/><U71/><E71/><V20/><F3/><W79/><G79/><T83/><D83/><U4/><E4/><V73/><F73/><W66/><G25/><T131/><D131/><U55/><E55/><V59/><F27/><W72/><G72/><T77/><D77/><U112/><E112/><V45/><F81/><W36/><G36/><T102/><D7/><U52/><E52/><V50/><F39/><RYUUKYOKU ba="1,1" sc="347,-15,127,15,169,-15,347,15" hai1="13,16,21,26,30,44,47,60,64,69,97,101,107" hai3="43,46,48,57,62,63,66" /><INIT seed="5,2,1,1,2,12" ten="332,142,154,362" oya="1" hai0="81,44,27,114,102,17,82,5,48,58,78,51,16" hai1="47,100,39,33,86,67,66,26,89,83,68,18,133" hai2="96,31,37,117,135,43,20,4,99,34,127,85,121" hai3="9,23,101,76,103,132,21,70,63,84,46,30,32"/><U15/><E68/><V74/><F117/><W65/><G132/><T91/><D114/><U129/><E129/><V29/><F121/><W106/><G46/><T52/><D102/><U7/><E133/><V72/><F34/><W128/><G103/><T19/><D5/><U79/><E100/><V28/><F135/><W119/><G128/><T36/><D36/><U71/><E71/><V90/><F127/><W123/><G123/><T38/><D38/><U50/><E39/><V134/><F134/><W3/><G76/><T62/><D51/><U92/><E7/><V111/><F111/><W53/><G84/><N who="0" m="50583" /><D81/><U49/><E26/><V64/><F64/><N who="1" m="24617" /><E33/><V110/><F110/><W120/><G120/><T77/><D27/><U6/><E6/><V105/><F4/><N who="3" m="1183" /><G119/><T10/><D10/><N who="1" m="6519" /><E47/><V57/><F37/><W126/><G126/><T93/><D93/><U97/><AGARI ba="2,1" hai="49,50,79,83,86,89,92,97" m="6519,24617" machi="97" ten="30,3000,0" yaku="8,1,52,1" doraHai="12" who="1" fromWho="1" sc="332,-12,142,46,154,-12,362,-12" /><INIT seed="5,3,0,0,2,74" ten="320,188,142,350" oya="1" hai0="134,133,64,48,99,117,22,65,32,94,35,39,78" hai1="36,40,113,128,75,19,127,121,28,59,82,68,7" hai2="104,96,80,26,132,49,89,11,85,57,95,0,9" hai3="126,98,60,135,90,50,106,100,102,31,55,70,2"/><U73/><E121/><V53/><F132/><N who="0" m="50794" /><D39/><U41/><E68/><V3/><F104/><W101/><G135/><T91/><D117/><U76/><E28/><V29/><F0/><W34/><G2/><T18/><D48/><U44/><E41/><V42/><F42/><W25/><G126/><T72/><D72/><N who="1" m="43271" /><E19/><V79/><REACH who="2" step="1"/><F3/><REACH who="2" ten="320,188,132,350" step="2"/><W92/><G106/><T97/><D35/><AGARI ba="3,1" hai="9,11,26,29,35,49,53,57,79,80,85,89,95,96" machi="35" ten="30,7700,0" yaku="1,1,2,1,7,1,52,1,53,0" doraHai="74" doraHaiUra="103" who="2" fromWho="0" sc="320,-86,188,0,132,96,350,0" /><INIT seed="6,0,0,2,5,53" ten="234,188,228,350" oya="2" hai0="12,61,94,105,92,83,14,112,56,17,27,13,72" hai1="3,37,9,88,10,79,25,129,85,96,70,47,6" hai2="51,89,42,49,0,131,39,74,26,117,90,5,20" hai3="67,95,69,100,65,103,93,86,28,38,113,60,59"/><V123/><F117/><W35/><G38/><T81/><D105/><U44/><E70/><V30/><F123/><W2/><G2/><T116/><D112/><U106/><E129/><V119/><F119/><W127/><G113/><T135/><D135/><U125/><E125/><V115/><F115/><W71/><G127/><T68/><D68/><U4/><E37/><V75/><F39/><W62/><G59/><T82/><D72/><U64/><E64/><V132/><F132/><W43/><G43/><T98/><D116/><U73/><E73/><V7/><F131/><W33/><G86/><T31/><D17/><U110/><E25/><V133/><F133/><W57/><G57/><T29/><D94/><U24/><E24/><V15/><F0/><W32/><G32/><T58/><D58/><U19/><E19/><V1/><F1/><W40/><G40/><T45/><D45/><U84/><E106/><V23/><F42/><W107/><G107/><T36/><D27/><U16/><E16/><N who="2" m="10271" /><F74/><W21/><G28/><T55/><REACH who="0" step="1"/><D36/><REACH who="0" ten="224,188,228,350" step="2"/><U128/><E128/><V111/><F75/><W102/><G95/><T48/><D48/><N who="2" m="18506" /><F111/><W80/><G71/><T130/><D130/><U126/><E110/><V99/><F99/><W124/><G69/><T8/><D8/><N who="1" m="3179" /><E126/><V120/><F120/><W97/><G124/><T78/><D78/><U11/><N who="1" m="3187" /><U101/><DORA hai="114" /><E3/><V50/><F50/><W104/><G104/><T91/><AGARI ba="0,1" hai="12,13,14,29,31,55,56,61,81,82,83,91,92,98" machi="91" ten="30,12000,2" yaku="1,1,0,1,8,1,52,1,53,3" doraHai="53,114" doraHaiUra="76,109" who="0" fromWho="0" sc="224,130,188,-30,228,-60,350,-30" /><INIT seed="7,0,0,4,4,103" ten="354,158,168,320" oya="3" hai0="119,121,110,108,29,7,117,30,115,4,54,9,59" hai1="98,99,56,34,95,22,105,1,133,63,127,44,11" hai2="120,81,112,131,70,26,67,36,128,65,5,113,116" hai3="94,93,55,17,129,71,102,77,97,42,33,130,106"/><W8/><G33/><T52/><D59/><U126/><E34/><V35/><F116/><W13/><G71/><T73/><D9/><U47/><E133/><V86/><F120/><W78/><G42/><T60/><D60/><U37/><E105/><V25/><F36/><W125/><G125/><N who="1" m="47626" /><E22/><V40/><F40/><W135/><G135/><T85/><D85/><U32/><E32/><V38/><F38/><W69/><G69/><T68/><D68/><U111/><E111/><V118/><F118/><W6/><G55/><T20/><D20/><U132/><E132/><V31/><F5/><W87/><G6/><T74/><D115/><N who="2" m="44106" /><F25/><W46/><G46/><N who="1" m="17450" /><E37/><V53/><F53/><W62/><G62/><T3/><D3/><U50/><E50/><V104/><F104/><W84/><G84/><T57/><D57/><U96/><E11/><V51/><F51/><W39/><G39/><T16/><D16/><U12/><E12/><V43/><F43/><W72/><G72/><T41/><D41/><U92/><E1/><V49/><F49/><W101/><G87/><T2/><D2/><U45/><N who="1" m="17458" /><U134/><DORA hai="88" /><E134/><V21/><F35/><W91/><G106/><T90/><D121/><U80/><E80/><V15/><F15/><W14/><G14/><T89/><AGARI ba="0,0" hai="4,7,29,30,52,54,73,74,89,90,108,110,117,119" machi="89" ten="25,6400,0" yaku="0,1,22,2,54,1" doraHai="103,88" who="0" fromWho="0" sc="354,64,158,-16,168,-16,320,-32" owari="418,52.0,142,-36.0,152,-25.0,288,9.0" /></mjloggm>