<mjloggm ver="2.3"><GO type="169" lobby="0"/><UN n0="%E3%82%A6%E3%83%AB%E3%83%88%E3%83%A9%E7%AB%8B%E7%9B%B4" n1="%E7%92%B0%E5%88%B9%E9%82%A3" n2="%E3%81%BD%E3%81%BF%E3%82%85" n3="%43" dan="16,16,16,16" rate="2167.96,2092.44,2100.54,2001.65" sx="M,M,F,M"/><TAIKYOKU oya="0"/><INIT seed="0,0,0,2,5,66" ten="250,250,250,250" oya="0" hai0="112,78,77,91,82,92,34,52,70,125,119,133,87" hai1="7,100,31,126,8,2,85,110,0,75,28,67,15" hai2="53,73,42,39,36,117,3,45,30,72,10,62,21" hai3="48,29,128,32,104,19,41,6,113,71,14,95,132"/><T127/><D34/><U124/><E75/><V63/><F117/><W89/><G104/><T50/><D119/><U88/><E100/><V11/><F21/><W38/><G38/><T18/><D112/><U24/><E67/><V106/><F53/><W16/><G113/><T107/><D107/><U129/><E110/><V99/><F106/><W20/><G132/><T47/><D133/><U26/><E88/><V58/><F58/><W84/><G128/><T96/><D18/><U33/><E85/><V5/><F5/><W102/><G6/><T101/><REACH who="0" step="1"/><D70/><REACH who="0" ten="240,250,250,250" step="2"/><U22/><E129/><V1/><F30/><W54/><G71/><T123/><D123/><U116/><E116/><V98/><F45/><W94/><G32/><T105/><D105/><U93/><E93/><V109/><REACH who="2" step="1"/><F42/><REACH who="2" ten="240,250,240,250" step="2"/><W103/><G41/><T27/><D27/><U43/><E43/><V120/><F120/><W9/><G29/><T86/><D86/><U46/><E46/><V12/><F12/><N who="3" m="9319" /><G94/><T44/><D44/><AGARI ba="0,2" hai="9,14,16,44,48,54,84,89,95,102,103" m="9319" machi="44" ten="30,2000,0" yaku="8,1,54,1" doraHai="66" who="3" fromWho="0" sc="240,-20,250,0,240,0,250,40" /><INIT seed="1,0,0,0,3,114" ten="220,250,240,290" oya="1" hai0="131,127,88,28,102,52,109,134,26,118,7,90,70" hai1="76,125,31,116,75,59,66,42,39,79,58,53,77" hai2="34,87,24,20,98,69,23,8,48,47,97,18,1" hai3="51,22,95,93,29,115,126,62,17,124,119,108,36"/><U19/><E75/><V85/><F69/><W117/><G36/><T56/><D70/><U106/><E106/><V135/><F34/><W89/><G108/><T55/><D109/><U10/><E31/><V100/><F135/><W113/><G29/><T30/><D134/><U120/><E120/><V3/><F23/><W61/><G51/><T21/><D131/><U45/><E125/><N who="3" m="48234" /><G62/><N who="0" m="36103" /><D118/><N who="3" m="45065" /><G61/><T33/><D33/><U37/><E116/><V107/><F98/><N who="3" m="57647" /><G95/><T5/><D30/><U0/><E39/><V6/><F1/><W74/><G74/><T129/><D129/><U86/><E37/><V67/><F67/><W46/><G46/><T92/><D127/><U54/><E45/><V128/><REACH who="2" step="1"/><F128/><REACH who="2" ten="220,250,230,290" step="2"/><W130/><G130/><T16/><D28/><U84/><E66/><V80/><F80/><W13/><AGARI ba="0,1" hai="13,17,22,113,115" m="57647,45065,48234" machi="13" ten="30,8000,1" yaku="18,1,12,1,52,3" doraHai="114" who="3" fromWho="3" sc="220,-20,250,-40,230,-20,290,90" /><INIT seed="2,0,0,4,3,100" ten="200,210,210,380" oya="2" hai0="99,54,128,30,17,48,73,9,7,127,18,31,75" hai1="1,130,97,41,26,4,27,132,129,67,8,11,135" hai2="94,106,46,93,98,71,64,83,5,133,25,50,90" hai3="2,35,22,68,109,33,24,118,105,12,20,29,44"/><V62/><F133/><N who="1" m="51273" /><E67/><V81/><F5/><W52/><G118/><T102/><D128/><N who="1" m="49259" /><E97/><V80/><F25/><N who="1" m="9225" /><E41/><V110/><F110/><W43/><G109/><T34/><D54/><U38/><E38/><V6/><F6/><W87/><G52/><T72/><D7/><U40/><E40/><V47/><F94/><W125/><G43/><T101/><D48/><U78/><E78/><V111/><F111/><W65/><G65/><T89/><D89/><U91/><E11/><V79/><F79/><W21/><G68/><T16/><D9/><U95/><E95/><V37/><F37/><W115/><G44/><T113/><D99/><U123/><E91/><V74/><F74/><W42/><G42/><T14/><D75/><U39/><E39/><V103/><REACH who="2" step="1"/><F50/><REACH who="2" ten="200,210,200,380" step="2"/><W85/><G2/><T86/><D73/><U59/><E123/><V28/><F28/><W108/><G29/><T10/><D72/><U53/><E4/><V116/><F116/><W61/><G108/><T124/><D31/><U126/><E1/><V131/><F131/><W13/><G87/><AGARI ba="0,1" hai="46,47,62,64,71,80,81,83,87,90,93,98,103,106" machi="87" ten="40,3900,0" yaku="1,1,52,1,53,0" doraHai="100" doraHaiUra="122" who="2" fromWho="3" sc="200,0,210,0,200,49,380,-39" /><INIT seed="2,1,0,3,3,81" ten="200,210,249,341" oya="2" hai0="124,46,19,25,121,65,1,90,126,41,100,30,66" hai1="92,95,119,54,4,131,120,128,67,107,127,135,114" hai2="103,18,43,64,99,129,77,28,105,32,29,20,85" hai3="11,96,0,80,87,26,97,47,68,27,109,112,10"/><V117/><F117/><W61/><G109/><T82/><D1/><U16/><E107/><V42/><F129/><N who="1" m="49737" /><E119/><V104/><F104/><W37/><G112/><T45/><D19/><U57/><E114/><V38/><F64/><W110/><G110/><T72/><D100/><U88/><E67/><V35/><F29/><W22/><G61/><T8/><D8/><U98/><E4/><V123/><F123/><W101/><G68/><T78/><D90/><U33/><E33/><V111/><F111/><W7/><G10/><T52/><D121/><U75/><E75/><V13/><F38/><W40/><G22/><T91/><D91/><U73/><E73/><V94/><F35/><W44/><G44/><T62/><D66/><U56/><E95/><V113/><F113/><W34/><G34/><T39/><D46/><U71/><E71/><V12/><F12/><W55/><G101/><T133/><D133/><U84/><E135/><V108/><F108/><W76/><REACH who="3" step="1"/><G55/><REACH who="3" ten="200,210,249,331" step="2"/><T86/><D52/><U14/><E120/><V31/><F105/><W93/><G93/><T48/><D62/><N who="1" m="36119" /><E57/><V3/><F3/><W50/><G50/><T106/><D48/><U118/><E118/><V116/><F116/><W59/><G59/><T70/><D106/><U21/><E127/><N who="0" m="48681" /><D70/><U130/><E130/><V74/><F43/><W6/><G6/><T134/><D134/><U79/><E79/><V132/><F42/><W23/><G23/><N who="0" m="15679" /><D65/><U49/><E49/><V5/><F132/><W9/><G9/><T83/><D83/><U89/><E21/><N who="2" m="11471" /><F32/><W36/><G36/><T69/><D69/><RYUUKYOKU ba="1,1" sc="200,15,210,-15,249,-15,331,15" hai0="39,41,45,72,78,82,86" hai3="0,7,11,26,27,37,40,47,76,80,87,96,97" /><INIT seed="3,2,1,1,1,32" ten="215,195,234,346" oya="3" hai0="64,135,9,21,134,55,57,73,22,48,40,69,115" hai1="87,65,14,89,37,35,62,50,10,78,103,71,11" hai2="107,129,84,126,66,61,86,93,111,122,36,132,29" hai3="30,19,53,75,110,46,2,25,8,92,16,6,125"/><W56/><G75/><T1/><D73/><U120/><E120/><V58/><F107/><W131/><G131/><T13/><D40/><U0/><E35/><V85/><F36/><W127/><G110/><T60/><D115/><U124/><E37/><V106/><F106/><W5/><G46/><T98/><D98/><U101/><E78/><V117/><F117/><W94/><G6/><N who="0" m="1231" /><D13/><U20/><E20/><V39/><F39/><W18/><G94/><T76/><D76/><U24/><E50/><V100/><F111/><W51/><REACH who="3" step="1"/><G92/><REACH who="3" ten="215,195,234,336" step="2"/><T79/><D79/><U72/><E72/><V12/><F129/><W104/><G104/><T17/><D17/><U63/><E124/><V54/><F126/><W68/><G68/><T99/><D99/><U121/><E71/><V102/><F122/><W70/><G70/><T26/><D26/><U133/><E24/><V41/><F29/><W113/><G113/><T15/><D15/><U116/><E14/><V112/><F112/><W59/><G59/><T95/><D95/><U109/><E121/><V3/><F12/><W28/><G28/><T83/><D69/><U82/><E109/><V80/><F93/><W96/><G96/><T123/><D123/><U128/><E116/><V118/><F118/><W67/><G67/><T7/><D7/><U33/><E128/><V81/><F66/><W45/><G45/><T44/><D44/><U38/><E65/><V90/><F85/><W27/><G27/><T91/><D64/><U34/><E87/><V43/><F86/><W47/><G47/><T42/><D57/><U114/><E114/><RYUUKYOKU ba="2,2" sc="215,-10,195,-10,234,-10,336,30" hai3="2,5,8,16,18,19,25,30,51,53,56,125,127" /><INIT seed="3,3,2,1,5,74" ten="205,185,224,366" oya="3" hai0="75,26,59,130,18,64,89,4,117,104,105,133,15" hai1="23,67,82,53,33,107,41,118,134,21,28,115,6" hai2="106,19,50,30,81,127,27,83,35,68,70,101,1" hai3="39,103,25,63,0,99,56,12,44,60,125,91,47"/><W92/><G0/><T7/><D75/><U90/><E107/><V22/><F1/><W71/><G125/><T31/><D117/><U51/><E115/><V124/><F101/><W16/><G25/><T48/><D130/><U36/><E6/><V110/><F106/><W126/><G126/><N who="2" m="48169" /><F110/><W62/><G71/><N who="2" m="27177" /><F50/><W132/><G132/><T29/><D48/><U113/><E113/><V72/><F72/><W32/><G32/><T102/><D105/><U2/><E118/><V84/><F84/><W37/><G103/><T52/><D102/><U57/><E2/><V20/><F20/><N who="3" m="11271" /><G37/><T73/><D104/><U86/><E134/><V128/><F128/><W3/><G39/><T93/><D73/><U129/><E129/><V111/><F111/><W85/><G85/><T76/><D133/><U100/><E100/><V55/><F55/><N who="3" m="33823" /><G3/><T88/><D64/><U112/><E67/><V98/><F98/><W45/><AGARI ba="3,2" hai="44,45,47,62,63,91,92,99" m="33823,11271" machi="45" ten="30,3000,0" yaku="8,1,54,1" doraHai="74" who="3" fromWho="3" sc="205,-13,185,-13,224,-13,366,59" /><INIT seed="3,4,0,5,1,88" ten="192,172,211,425" oya="3" hai0="17,93,76,95,73,14,49,87,18,126,129,101,131" hai1="84,31,82,58,122,111,86,13,72,33,41,55,20" hai2="78,53,69,99,36,28,8,37,96,44,117,25,112" hai3="75,133,34,108,116,30,48,51,127,21,120,79,45"/><W7/><G116/><T46/><D73/><U105/><E105/><V124/><F117/><W130/><G120/><T6/><D126/><U0/><E0/><V97/><F112/><W26/><G127/><T16/><D101/><U77/><E122/><V113/><F113/><W32/><G133/><T24/><D24/><U52/><E111/><V90/><F124/><W38/><G130/><N who="0" m="49675" /><D76/><U102/><E41/><V107/><F69/><W70/><G7/><T12/><D87/><U119/><E119/><V1/><F78/><W11/><G11/><N who="0" m="4215" /><D14/><U2/><E2/><V5/><F107/><W68/><G79/><T74/><D74/><U60/><E102/><V15/><F1/><W19/><G75/><T64/><D64/><U125/><E125/><V29/><F29/><W128/><G30/><T118/><D118/><U35/><E72/><V59/><F44/><W121/><G45/><T65/><D65/><N who="1" m="39063" /><E33/><V85/><F25/><W89/><G34/><T92/><D18/><N who="1" m="10319" /><E31/><V83/><REACH who="2" step="1"/><F28/><REACH who="2" ten="192,172,201,425" step="2"/><W103/><G128/><T40/><AGARI ba="4,1" hai="16,17,40,46,49,92,93,95" m="4215,49675" machi="40" ten="30,8000,1" yaku="19,1,52,3,54,1" doraHai="88" who="0" fromWho="0" sc="192,102,172,-24,201,-24,425,-44" /><INIT seed="4,0,0,1,5,64" ten="294,148,177,381" oya="0" hai0="78,6,131,47,55,33,18,122,93,98,119,125,126" hai1="127,36,95,35,9,71,11,3,2,54,10,87,4" hai2="37,91,20,17,13,24,69,22,113,97,50,38,132" hai3="82,100,8,90,45,135,85,7,121,94,21,83,133"/><T61/><D33/><U59/><E36/><V30/><F113/><W77/><G121/><T0/><D122/><U81/><E35/><V25/><F132/><N who="3" m="50763" /><G21/><T5/><D119/><U57/><E71/><V29/><F69/><W109/><G109/><T88/><D78/><U43/><E43/><V27/><F50/><W65/><G65/><T123/><D123/><U89/><E127/><N who="0" m="48649" /><D131/><U23/><E23/><V68/><F68/><W129/><G100/><T41/><D18/><U74/><E54/><V51/><F51/><W15/><G129/><T115/><D115/><U12/><E10/><V106/><F25/><W105/><G105/><T26/><D26/><U110/><E110/><V16/><F17/><W63/><G77/><T92/><D0/><U28/><E28/><V53/><F53/><W32/><G32/><T111/><D111/><U108/><E108/><V42/><F42/><W31/><G31/><T48/><D93/><U124/><E124/><V62/><F62/><W104/><G104/><T107/><D107/><U102/><E12/><V66/><F66/><W40/><G63/><T96/><D96/><U118/><E118/><V80/><F106/><W44/><G44/><T52/><D41/><U130/><E130/><V76/><F91/><W34/><G34/><T79/><D79/><N who="1" m="44279" /><E102/><V58/><F97/><W67/><G67/><T70/><D70/><U116/><E116/><V84/><F58/><AGARI ba="0,0" hai="5,6,47,48,52,55,58,61,88,92,98" m="48649" machi="58" ten="30,5800,0" yaku="18,1,54,2" doraHai="64" who="0" fromWho="2" sc="294,58,148,0,177,-58,381,0" /><INIT seed="4,1,0,0,2,23" ten="352,148,119,381" oya="0" hai0="76,98,57,28,69,51,88,44,33,20,73,60,67" hai1="18,79,94,43,114,3,46,97,95,93,102,68,32" hai2="87,10,8,4,103,21,39,45,26,127,66,77,134" hai3="124,78,122,130,31,108,119,83,9,40,126,75,74"/><T91/><D33/><U132/><E68/><V5/><F127/><W13/><G108/><T42/><D73/><U50/><E3/><V16/><F134/><W47/><G119/><T61/><D76/><U36/><E132/><V37/><F103/><W99/><G130/><T100/><D61/><U112/><E79/><V48/><F66/><W22/><G99/><T110/><D69/><U53/><E32/><V92/><F39/><W96/><G96/><T106/><REACH who="0" step="1"/><D110/><REACH who="0" ten="342,148,119,381" step="2"/><U81/><E112/><V105/><F77/><W6/><G74/><T90/><D90/><U89/><E114/><V125/><F125/><W84/><G75/><T24/><AGARI ba="1,1" hai="20,24,28,42,44,51,57,60,67,88,91,98,100,106" machi="24" ten="30,11700,0" yaku="1,1,0,1,52,1,54,1,53,0" doraHai="23" doraHaiUra="34" who="0" fromWho="0" sc="342,130,148,-40,119,-40,381,-40" /><INIT seed="4,2,0,3,1,109" ten="472,108,79,341" oya="0" hai0="90,77,66,32,120,99,18,62,5,36,53,104,70" hai1="132,93,95,113,97,103,19,63,24,128,2,52,14" hai2="96,133,55,115,76,125,0,79,106,58,84,6,82" hai3="49,11,21,13,57,101,74,111,92,22,37,29,88"/><T86/><D5/><U100/><E2/><V78/><F125/><W12/><G37/><T47/><D120/><U42/><E128/><V98/><F133/><W34/><G111/><T56/><D32/><U69/><E132/><V60/><F6/><W39/><G39/><T124/><D124/><U123/><E69/><V54/><F0/><W10/><G74/><T91/><D18/><U121/><E42/><V105/><F115/><W20/><G101/><T108/><D108/><U1/><E24/><V112/><F112/><W87/><G29/><T83/><D99/><N who="2" m="37930" /><F106/><W68/><G68/><T4/><D4/><U8/><E100/><V71/><F71/><W131/><G131/><T75/><D75/><U65/><E95/><V127/><F105/><W61/><G49/><T3/><D3/><U107/><E107/><V135/><F135/><W31/><G31/><T35/><D35/><U126/><E1/><V30/><F30/><W48/><G48/><N who="0" m="30759" /><D104/><U9/><E113/><V41/><F41/><AGARI ba="2,0" hai="36,41,47,62,66,70,77,83,86,90,91" m="30759" machi="41" ten="30,1500,0" yaku="24,1" doraHai="109" who="0" fromWho="2" sc="472,21,108,0,79,-21,341,0" /><INIT seed="4,3,0,2,2,57" ten="493,108,58,341" oya="0" hai0="98,65,87,84,38,132,43,4,131,6,101,108,111" hai1="53,41,91,3,29,93,2,54,55,126,88,95,100" hai2="103,123,75,82,31,85,11,130,74,63,47,125,99" hai3="52,114,89,77,64,35,14,96,18,70,104,97,72"/><T60/><D131/><U44/><E100/><V37/><F130/><W22/><G35/><T33/><D33/><U45/><E29/><V109/><F125/><W116/><G116/><T36/><D132/><U76/><E76/><V26/><F123/><W5/><G114/><T56/><D87/><U17/><E17/><V102/><F109/><N who="0" m="42058" /><D84/><U92/><E126/><V1/><F47/><N who="1" m="17993" /><E41/><V83/><F37/><N who="0" m="14442" /><D43/><U113/><E113/><V71/><F83/><W80/><G104/><AGARI ba="3,0" hai="4,6,56,60,65,98,101,104" m="14442,42058" machi="104" ten="30,2900,0" yaku="10,1,52,1" doraHai="57" who="0" fromWho="3" sc="493,38,108,0,58,0,341,-38" /><INIT seed="4,4,0,2,2,38" ten="531,108,58,303" oya="0" hai0="76,108,31,127,53,18,15,94,30,58,71,121,99" hai1="29,12,24,44,118,47,109,134,25,78,48,115,0" hai2="26,117,129,55,114,21,92,10,3,100,96,50,63" hai3="54,83,16,19,104,73,34,64,120,32,52,98,87"/><T79/><D71/><U40/><E109/><V22/><F114/><W130/><G73/><T86/><D127/><U49/><E118/><V60/><F129/><W88/><G130/><T14/><D121/><U66/><E0/><V126/><F126/><W93/><G120/><T111/><D15/><U27/><E115/><V91/><F117/><W133/><G133/><T8/><D108/><U77/><E134/><V51/><F3/><W7/><G104/><T74/><D74/><U132/><E132/><V67/><F10/><W59/><G7/><T89/><D111/><U103/><E66/><V75/><F75/><W97/><G64/><T116/><D116/><U119/><E119/><V45/><F67/><W6/><G6/><T5/><D5/><U33/><E12/><V124/><F124/><W123/><G123/><T11/><D11/><U95/><E29/><N who="0" m="10761" /><D99/><N who="3" m="37897" /><G34/><T41/><D41/><N who="1" m="24591" /><E33/><V90/><F26/><W81/><G32/><T20/><D8/><U2/><E2/><V106/><F106/><W68/><G68/><T36/><D36/><U80/><E103/><V85/><F100/><W13/><G54/><T84/><D84/><U28/><E28/><V102/><F102/><W35/><G35/><T61/><AGARI ba="4,0" hai="14,18,20,53,58,61,76,79,86,89,94" m="10761" machi="61" ten="30,1500,0" yaku="8,1" doraHai="38" who="0" fromWho="0" sc="531,27,108,-9,58,-9,303,-9" /><INIT seed="4,5,0,4,0,82" ten="558,99,49,294" oya="0" hai0="66,6,42,31,125,103,52,39,30,0,126,128,67" hai1="130,77,117,11,43,108,124,119,122,62,35,19,55" hai2="101,56,76,113,80,100,116,9,89,73,111,20,71" hai3="45,4,123,127,33,18,93,36,54,114,95,94,63"/><T72/><D72/><U49/><E122/><V85/><F113/><W83/><G114/><T27/><D103/><U12/><E108/><V75/><F116/><W120/><G127/><N who="0" m="48651" /><D128/><U17/><E130/><V69/><F111/><W48/><G33/><T13/><D0/><U15/><E35/><V68/><F75/><W29/><G29/><T21/><D31/><U99/><E124/><V58/><F20/><W109/><G4/><T38/><D52/><U65/><E77/><V110/><F110/><W112/><G109/><T90/><D90/><U60/><E99/><V23/><F23/><W74/><G112/><T57/><D57/><U129/><E43/><V32/><F32/><W64/><G74/><T135/><D135/><U44/><E129/><V86/><F73/><W121/><G36/><N who="0" m="13867" /><D42/><U51/><E49/><V131/><F131/><W59/><G18/><T118/><D118/><U25/><E117/><V24/><F58/><W41/><G41/><T102/><D102/><U79/><E119/><V2/><F56/><W107/><G107/><T28/><D28/><U96/><E55/><V87/><F24/><W53/><G54/><T88/><D88/><U34/><E25/><V106/><F106/><W10/><G123/><T8/><AGARI ba="5,0" hai="6,8,13,21,27,30,66,67" m="13867,48651" machi="8" ten="40,2100,0" yaku="18,1" doraHai="82" who="0" fromWho="0" sc="558,36,99,-12,49,-12,294,-12" /><INIT seed="4,6,0,2,0,135" ten="594,87,37,282" oya="0" hai0="66,65,90,82,128,74,33,129,124,120,94,86,118" hai1="2,36,96,123,30,68,23,81,1,62,9,15,35" hai2="52,78,117,127,8,49,104,133,109,99,16,55,71" hai3="57,18,4,91,126,51,61,11,115,70,60,79,25"/><T116/><D33/><U13/><E123/><V102/><F109/><W134/><G134/><T41/><D41/><U21/><E36/><V125/><F133/><W31/><G115/><T7/><D7/><N who="1" m="3263" /><E81/><V5/><F71/><W89/><G126/><N who="2" m="48137" /><F117/><W28/><G79/><N who="0" m="44407" /><D124/><U45/><E68/><V95/><F78/><W122/><G18/><T63/><D66/><U101/><E2/><N who="2" m="55" /><F16/><W87/><G70/><N who="0" m="42303" /><D120/><U73/><E1/><V42/><F95/><W12/><G122/><T19/><D19/><U67/><E15/><V85/><F85/><W14/><G14/><T44/><D118/><U121/><E73/><V130/><F130/><W110/><G87/><T69/><D69/><N who="1" m="42231" /><E121/><V10/><F10/><W40/><G11/><T0/><D116/><U111/><E111/><V20/><F20/><W100/><G110/><T84/><D0/><U26/><E45/><AGARI ba="6,0" hai="42,45,49,52,55,99,102,104" m="55,48137" machi="45" ten="30,8000,1" yaku="18,1,52,3,54,1" doraHai="135" who="2" fromWho="1" sc="594,0,87,-98,37,98,282,0" owari="594,69.0,-11,-51.0,135,-26.0,282,8.0" /></mjloggm>