<mjloggm ver="2.3"><GO type="169" lobby="0"/><UN n0="%E3%82%A6%E3%83%AB%E3%83%88%E3%83%A9%E7%AB%8B%E7%9B%B4" n1="%47%65%6E%2F%67%65%6E" n2="%E2%96%BD%E4%B8%8E%E4%BD%9C%28%E3%81%8A%E3%81%AB%E3%81%8E%E3%82%8A" n3="%E6%89%8B%E6%89%93%E3%81%A1%E3%81%8D%E3%81%97%E3%82%81%E3%82%93" dan="18,16,16,16" rate="2270.98,2067.38,2057.20,2150.80" sx="M,M,M,M"/><TAIKYOKU oya="0"/><INIT seed="0,0,0,3,4,120" ten="250,250,250,250" oya="0" hai0="78,110,129,135,97,119,43,90,13,74,52,124,131" hai1="58,127,72,25,4,36,11,9,95,5,102,60,62" hai2="61,117,84,106,121,64,40,29,88,59,71,63,51" hai3="67,34,14,23,66,107,89,19,2,27,87,6,104"/><T77/><D43/><U3/><E72/><V134/><F121/><W17/><G17/><T75/><D13/><U81/><E36/><V37/><F106/><W31/><G107/><T53/><D119/><U96/><E127/><V54/><F117/><W130/><G104/><T111/><D135/><U133/><E133/><V16/><F29/><W33/><G33/><T41/><D41/><U69/><E69/><V22/><F134/><W68/><G68/><T56/><D90/><U45/><E45/><N who="2" m="23695" /><F61/><W80/><REACH who="3" step="1"/><G130/><REACH who="3" ten="250,250,250,240" step="2"/><T94/><D124/><U10/><E5/><V55/><F16/><W24/><G24/><T1/><D94/><U7/><E25/><V65/><F22/><W108/><G108/><T18/><D18/><U57/><E7/><V20/><F20/><W123/><G123/><T86/><D56/><U112/><E112/><V76/><F71/><W91/><G91/><T100/><D100/><U70/><E70/><V82/><F88/><W35/><G35/><T0/><REACH who="0" step="1"/><D86/><REACH who="0" ten="240,250,250,240" step="2"/><U39/><E4/><V98/><F84/><W38/><G38/><T15/><D15/><U118/><E39/><V116/><F116/><W92/><G92/><T50/><D50/><U42/><E95/><V46/><F51/><W26/><G26/><T83/><D83/><U99/><E118/><V47/><F59/><W103/><G103/><T73/><D73/><U93/><E102/><V109/><F82/><W12/><G12/><T122/><D122/><U21/><E81/><V32/><F76/><W28/><G28/><T79/><D79/><U105/><E93/><V114/><F114/><RYUUKYOKU ba="0,2" sc="240,15,250,-15,250,-15,240,15" hai0="0,1,52,53,74,75,77,78,97,110,111,129,131" hai3="2,6,14,19,23,27,31,34,66,67,80,87,89" /><INIT seed="0,1,2,5,0,135" ten="255,235,235,255" oya="0" hai0="43,128,21,121,22,116,15,11,28,67,23,97,108" hai1="3,111,29,93,109,78,99,16,46,17,65,19,76" hai2="96,83,85,13,0,131,41,49,5,100,10,70,7" hai3="80,60,82,63,106,53,8,1,44,107,113,112,37"/><T38/><D116/><U18/><E3/><V74/><F74/><W92/><G92/><T27/><D121/><U47/><E29/><V64/><F131/><W35/><G35/><T59/><D128/><U42/><N who="1" m="4096" /><DORA hai="75" /><U66/><E47/><V61/><F7/><W54/><G44/><T94/><D108/><N who="1" m="41547" /><E65/><V20/><F20/><W95/><G95/><T119/><D119/><U72/><E72/><V102/><F102/><W30/><G30/><T90/><D43/><U26/><E26/><V56/><F41/><W14/><G1/><T73/><D73/><U34/><E34/><V103/><F0/><W117/><G117/><T126/><D38/><N who="1" m="21847" /><E66/><V122/><F122/><W2/><G2/><T25/><D11/><U9/><E9/><V71/><F49/><W58/><G8/><T79/><D15/><U104/><E104/><V123/><F123/><W12/><REACH who="3" step="1"/><G58/><REACH who="3" ten="255,235,235,245" step="2"/><T51/><D28/><U86/><E86/><V68/><REACH who="2" step="1"/><F96/><REACH who="2" ten="255,235,225,245" step="2"/><W88/><G88/><AGARI ba="1,4" hai="76,78,88,93,99" m="21847,41547,4096" machi="88" ten="40,8000,1" yaku="14,1,52,2,54,2" doraHai="135,75" who="1" fromWho="3" sc="255,0,235,123,225,0,245,-83" /><AGARI ba="1,0" hai="5,10,13,56,61,64,68,70,71,83,85,88,100,103" machi="88" ten="40,8000,1" yaku="1,1,2,1,54,1,53,1" doraHai="135,75" doraHaiUra="77,45" who="2" fromWho="3" sc="255,0,358,0,225,80,162,-80" /><INIT seed="1,0,0,5,5,95" ten="255,358,305,82" oya="1" hai0="84,30,28,7,27,18,64,91,118,88,120,22,74" hai1="111,43,73,129,77,29,135,26,113,37,116,99,21" hai2="94,61,8,126,31,68,24,39,16,62,117,4,60" hai3="63,132,102,107,78,128,47,98,65,44,72,114,69"/><U12/><E73/><V46/><F117/><W45/><G114/><T110/><D74/><U93/><E113/><V9/><F126/><W40/><G132/><T80/><D118/><U32/><E116/><V70/><F94/><W134/><G134/><T97/><D110/><U66/><E77/><V109/><F109/><W33/><G33/><T59/><D120/><U86/><E86/><V83/><F83/><W85/><G72/><T92/><D7/><U104/><E104/><V127/><F127/><W25/><G25/><T76/><D91/><U6/><E135/><V2/><F31/><W10/><G10/><T17/><D30/><U130/><E111/><V48/><F39/><W100/><G100/><T52/><D64/><U38/><E66/><V67/><F70/><W36/><REACH who="3" step="1"/><G128/><REACH who="3" ten="255,358,305,72" step="2"/><N who="1" m="49258" /><E43/><V115/><F115/><W34/><G34/><T35/><D35/><U56/><E32/><V3/><F3/><W103/><G103/><T105/><D105/><U53/><E6/><V125/><F125/><W5/><G5/><T90/><D76/><U13/><E13/><V108/><F108/><W14/><G14/><T122/><D122/><U87/><E12/><V112/><F112/><W96/><G96/><T89/><REACH who="0" step="1"/><D90/><REACH who="0" ten="245,358,305,72" step="2"/><N who="1" m="55735" /><E87/><V41/><REACH who="2" step="1"/><F9/><REACH who="2" ten="245,358,295,72" step="2"/><W71/><G71/><T42/><D42/><U15/><E15/><V54/><F54/><W79/><G79/><T75/><D75/><U81/><E53/><V1/><F1/><W55/><G55/><T11/><D11/><U82/><E56/><V106/><F106/><W51/><G51/><AGARI ba="0,3" hai="17,18,22,27,28,51,52,59,80,84,88,89,92,97" machi="51" ten="30,12000,2" yaku="1,1,7,1,8,1,52,1,54,2,53,1" doraHai="95" doraHaiUra="23" who="0" fromWho="3" sc="245,150,358,0,295,0,72,-120" owari="395,49.0,358,16.0,295,-10.0,-48,-55.0" /></mjloggm>