<mjloggm ver="2.3"><GO type="169" lobby="0"/><UN n0="%E3%82%A6%E3%83%AB%E3%83%88%E3%83%A9%E7%AB%8B%E7%9B%B4" n1="%E5%90%89%E5%B2%A1%E8%81%96%E6%81%B5" n2="%E3%81%BE%E3%81%8D%E3%81%AE%E3%81%AB%E3%82%87%E3%82%81" n3="%E7%A7%81%E3%81%AF%E3%81%8C%E3%81%A1%E3%81%BB%E3%82%82" dan="18,17,16,17" rate="2272.53,2136.27,2082.93,2238.16" sx="M,F,M,M"/><TAIKYOKU oya="0"/><INIT seed="0,0,0,0,2,38" ten="250,250,250,250" oya="0" hai0="11,39,81,125,105,45,119,117,21,112,66,121,98" hai1="118,13,25,6,57,12,95,104,17,54,99,110,103" hai2="82,94,108,44,55,93,73,60,4,61,3,124,92" hai3="69,106,101,75,1,10,91,76,2,100,116,27,115"/><T14/><D112/><U133/><E118/><V23/><F124/><W37/><G27/><T22/><D121/><U29/><E110/><V18/><F108/><W36/><G91/><T41/><D125/><U130/><E130/><V15/><F3/><W34/><G10/><T71/><D66/><U32/><E133/><V84/><F73/><W83/><G101/><T86/><D71/><U88/><E17/><V46/><F4/><W8/><G115/><T87/><D105/><U89/><E6/><V56/><REACH who="2" step="1"/><F61/><REACH who="2" ten="250,250,240,250" step="2"/><W128/><G1/><T109/><D109/><U58/><E58/><V113/><F113/><W123/><G2/><T72/><D72/><U107/><E107/><V26/><F26/><W52/><G75/><T19/><D119/><U62/><REACH who="1" step="1"/><E89/><AGARI ba="0,1" hai="15,18,23,44,46,55,56,60,82,84,89,92,93,94" machi="89" ten="40,2600,0" yaku="1,1,8,1,53,0" doraHai="38" doraHaiUra="68" who="2" fromWho="1" sc="250,0,250,-26,240,36,250,0" /><INIT seed="1,0,0,1,1,123" ten="250,224,276,250" oya="1" hai0="84,62,100,45,53,42,85,115,119,63,15,76,39" hai1="107,17,19,24,114,70,92,72,60,57,133,89,93" hai2="5,46,32,105,20,82,40,83,128,135,67,97,56" hai3="81,87,2,77,22,110,0,8,111,36,37,12,58"/><U96/><E114/><V31/><F135/><W48/><G22/><T9/><D119/><U101/><E133/><V94/><F128/><W109/><G58/><T28/><D115/><U71/><E72/><V108/><F108/><W38/><G48/><T79/><D100/><U1/><E1/><V132/><F105/><W129/><G129/><T91/><D28/><U102/><E107/><V99/><F99/><W13/><G13/><T51/><D39/><U11/><E102/><V30/><F5/><AGARI ba="0,0" hai="0,2,5,8,12,36,37,38,77,81,87,109,110,111" machi="5" ten="50,8000,1" yaku="14,1,52,3" doraHai="123" who="3" fromWho="2" sc="250,0,224,0,276,-80,250,80" /><INIT seed="2,0,0,5,2,88" ten="250,224,196,330" oya="2" hai0="60,38,32,61,100,128,11,53,31,110,66,4,3" hai1="120,90,46,65,37,130,7,73,36,118,102,79,28" hai2="103,76,2,15,20,5,69,47,83,112,109,126,80" hai3="35,93,131,71,96,58,49,122,78,51,40,104,59"/><V133/><F112/><W101/><G71/><T42/><D110/><U111/><E118/><V124/><F133/><W16/><G35/><T91/><D128/><U114/><E114/><V27/><F69/><W115/><G115/><T34/><D31/><U1/><E111/><V14/><F109/><W13/><G104/><T75/><D100/><U134/><E28/><V41/><F103/><W21/><G122/><T24/><D24/><U86/><E102/><V81/><F2/><W43/><G78/><T26/><D26/><U56/><E130/><V33/><F33/><W19/><G131/><T22/><D22/><U9/><E134/><V18/><F76/><W119/><G119/><T29/><D29/><U50/><E73/><V70/><F70/><W25/><G49/><T94/><D75/><U52/><E79/><V107/><F107/><W108/><G108/><T39/><D53/><U129/><E120/><V97/><F97/><W98/><G96/><N who="0" m="57439" /><D61/><U63/><REACH who="1" step="1"/><E129/><REACH who="1" ten="250,214,196,330" step="2"/><V62/><F5/><W6/><G6/><T45/><D4/><U77/><E77/><V72/><F72/><W105/><G105/><T0/><D34/><U123/><E123/><V85/><F85/><W67/><G67/><T8/><D32/><U89/><E89/><V64/><F64/><W106/><G106/><T17/><D66/><U23/><E23/><V55/><F20/><N who="3" m="11279" /><G40/><T92/><D42/><U87/><E87/><V30/><F30/><W74/><G74/><T12/><D8/><U132/><E132/><V95/><F41/><W82/><G82/><AGARI ba="0,1" hai="1,7,9,36,37,46,50,52,56,63,65,82,86,90" machi="82" ten="30,7700,0" yaku="1,1,7,1,54,1,53,1" doraHai="88" doraHaiUra="48" who="1" fromWho="3" sc="250,0,214,87,196,0,330,-77" /><INIT seed="3,0,0,4,3,96" ten="250,301,196,253" oya="3" hai0="37,23,33,72,112,19,61,27,67,0,65,75,29" hai1="79,54,52,9,100,62,73,119,126,104,66,71,111" hai2="133,132,20,115,117,84,122,11,128,18,105,83,107" hai3="77,25,16,114,34,81,92,57,21,14,87,74,134"/><W125/><G114/><T88/><D112/><U40/><E111/><V127/><F115/><W22/><G134/><N who="2" m="51817" /><F117/><W4/><G125/><T131/><D37/><U91/><E126/><V108/><F127/><W46/><G34/><T8/><D131/><U70/><E70/><V113/><F113/><W63/><G46/><T124/><D124/><U3/><E40/><V116/><F116/><W49/><G49/><T26/><D67/><U103/><E104/><V60/><F128/><W24/><G4/><T93/><D8/><U55/><E119/><V120/><F108/><W2/><G2/><T13/><D27/><U64/><E64/><V123/><F11/><W41/><G41/><T101/><D0/><U7/><REACH who="1" step="1"/><E91/><REACH who="1" ten="250,291,196,253" step="2"/><N who="2" m="51615" /><F60/><W56/><G63/><T102/><D75/><U98/><E98/><V69/><F69/><W89/><REACH who="3" step="1"/><G14/><AGARI ba="0,1" hai="14,18,20,105,107,120,122,123" m="51615,51817" machi="14" ten="40,2600,0" yaku="13,1,20,1" doraHai="96" who="2" fromWho="3" sc="250,0,291,0,196,36,253,-26" /><INIT seed="4,0,0,5,5,45" ten="250,291,232,227" oya="0" hai0="56,60,46,84,35,74,68,16,54,92,86,39,1" hai1="36,23,80,2,12,102,63,124,99,83,20,109,89" hai2="85,115,4,117,30,82,118,129,64,42,113,96,128" hai3="9,78,120,48,10,61,41,121,50,126,26,116,122"/><T127/><D74/><U91/><E109/><V28/><F64/><W112/><G116/><N who="2" m="44649" /><F4/><W75/><G41/><T66/><D127/><U73/><E2/><V55/><F42/><W17/><G126/><T62/><D35/><U97/><E36/><V11/><F11/><N who="3" m="4107" /><G112/><N who="2" m="43081" /><F55/><W52/><G78/><T51/><D1/><U65/><E73/><V19/><F19/><W44/><G75/><T94/><D16/><U29/><E29/><N who="2" m="11371" /><F96/><W18/><G26/><T67/><REACH who="0" step="1"/><D39/><REACH who="0" ten="240,291,232,227" step="2"/><U70/><E124/><V27/><F27/><W132/><G132/><T69/><D69/><U104/><E70/><V108/><F108/><W32/><G32/><T90/><D90/><AGARI ba="0,1" hai="82,85,90,128,129" m="11371,43081,44649" machi="90" ten="40,2600,0" yaku="12,1,15,1" doraHai="45" who="2" fromWho="0" sc="240,-26,291,0,232,36,227,0" /><INIT seed="5,0,0,1,1,28" ten="214,291,268,227" oya="1" hai0="34,38,71,21,45,108,11,104,37,62,95,40,88" hai1="107,132,65,93,4,17,85,81,121,31,129,118,114" hai2="27,57,33,18,126,127,9,30,110,2,74,68,54" hai3="8,117,82,42,98,46,23,58,32,83,56,119,109"/><U128/><E118/><V84/><F74/><W72/><G109/><T116/><D104/><U78/><E121/><V90/><F110/><W60/><G8/><T61/><D116/><U97/><E4/><V5/><F68/><W36/><G23/><T92/><D108/><U122/><E122/><V19/><F127/><W106/><G106/><T24/><D38/><U55/><E65/><V112/><F112/><W16/><G98/><T94/><D34/><U10/><E107/><V0/><F0/><W25/><G72/><T89/><D11/><U44/><E114/><V47/><F47/><W105/><G105/><T123/><D123/><U63/><E31/><V6/><F6/><W76/><G25/><T70/><D71/><U15/><E132/><V91/><F91/><W48/><G46/><T80/><D80/><U96/><E44/><V120/><F126/><W22/><G76/><T64/><REACH who="0" step="1"/><D62/><REACH who="0" ten="204,291,268,227" step="2"/><U113/><E113/><V131/><F120/><W133/><G60/><T102/><D102/><U49/><E63/><V50/><F131/><W100/><G100/><T7/><D7/><U39/><E39/><V111/><F111/><W75/><G36/><T59/><D59/><N who="1" m="33263" /><E93/><AGARI ba="0,1" hai="2,5,9,18,19,27,30,33,50,54,57,84,90,93" machi="93" ten="30,2000,0" yaku="7,1,52,1" doraHai="28" who="2" fromWho="1" sc="204,0,291,-20,268,30,227,0" /><INIT seed="6,0,0,2,2,42" ten="204,271,298,227" oya="2" hai0="20,6,118,115,55,18,128,33,90,124,44,84,74" hai1="58,119,67,9,104,14,110,68,41,51,114,50,54" hai2="23,10,32,102,28,60,19,121,77,2,98,105,3" hai3="79,17,65,45,78,22,53,8,49,62,103,95,92"/><V88/><F121/><W59/><G8/><T107/><D33/><U97/><E104/><V29/><F77/><N who="3" m="29195" /><G103/><T73/><D107/><U87/><E97/><V72/><F72/><W61/><G61/><T132/><D6/><U129/><E110/><V112/><F112/><W27/><AGARI ba="0,0" hai="17,22,27,45,49,53,59,62,65,92,95" m="29195" machi="27" ten="30,2000,0" yaku="8,1,52,1" doraHai="42" who="3" fromWho="3" sc="204,-5,271,-5,298,-10,227,20" /><INIT seed="7,0,0,2,0,63" ten="199,266,288,247" oya="3" hai0="86,119,16,103,39,110,132,27,130,100,2,52,30" hai1="77,106,33,88,101,99,134,58,118,60,80,10,9" hai2="7,29,15,73,35,70,104,5,98,76,109,24,57" hai3="81,89,82,65,111,50,68,28,43,66,115,105,126"/><W112/><G68/><T74/><D74/><U117/><E134/><V133/><F133/><W121/><G105/><T116/><D132/><U85/><E33/><V17/><F109/><W61/><G61/><T108/><D39/><U31/><E31/><V84/><F70/><W90/><G28/><T25/><D86/><U72/><E10/><V75/><F75/><W102/><G102/><T22/><D52/><N who="1" m="33863" /><E9/><V122/><F122/><W78/><G121/><T48/><D48/><U4/><E4/><V114/><F73/><N who="3" m="43215" /><G126/><T125/><D103/><U11/><E11/><V79/><F104/><W69/><G69/><T62/><D100/><U96/><E96/><V8/><F98/><W34/><G34/><N who="0" m="20815" /><D62/><U20/><E20/><N who="2" m="11327" /><F57/><W123/><G123/><T128/><D2/><U38/><E38/><V26/><F26/><W120/><G120/><T23/><D23/><U37/><E37/><V19/><F79/><W3/><G3/><T129/><D125/><U40/><E40/><V47/><F76/><W0/><G0/><T42/><D42/><U45/><E45/><V91/><F47/><N who="3" m="25983" /><G111/><AGARI ba="0,0" hai="16,22,27,108,110,111,116,119,128,129,130" m="20815" machi="111" ten="40,8000,1" yaku="19,1,34,2,54,1" doraHai="63" who="0" fromWho="3" sc="199,80,266,0,288,0,247,-80" /><INIT seed="8,0,0,4,1,5" ten="279,266,288,167" oya="0" hai0="129,78,117,4,15,45,86,6,11,57,122,98,46" hai1="53,34,89,28,20,104,2,40,44,29,114,58,14" hai2="87,23,71,68,7,132,91,63,103,35,47,19,66" hai3="97,36,106,118,22,127,0,48,124,121,92,77,69"/><T93/><D122/><U110/><E110/><V51/><F71/><W119/><G36/><T102/><D129/><U9/><E104/><V95/><F35/><W52/><G69/><T130/><D130/><U96/><E34/><V115/><F115/><W61/><G61/><T50/><D117/><N who="3" m="44553" /><G77/><T120/><D120/><U21/><E2/><V59/><F132/><W31/><G106/><T13/><D13/><U80/><E44/><N who="0" m="17001" /><D6/><U76/><E40/><N who="2" m="25063" /><F7/><W62/><G48/><T85/><D78/><U83/><E29/><V41/><F68/><W79/><G79/><T27/><D27/><N who="1" m="16495" /><E20/><V81/><F41/><W101/><G121/><T56/><D56/><U25/><E25/><N who="2" m="14591" /><F103/><W74/><G74/><T73/><D73/><U111/><E76/><V16/><F95/><W42/><G42/><T105/><D105/><U72/><E72/><V82/><F82/><W109/><G0/><T131/><D131/><U3/><E3/><V12/><F12/><W134/><G134/><T125/><D125/><U17/><E111/><V33/><F33/><W37/><G37/><T107/><D107/><U60/><E114/><V90/><F90/><W88/><G101/><T26/><D26/><U135/><E135/><V18/><AGARI ba="0,0" hai="16,18,59,63,66,81,87,91" m="14591,25063" machi="18" ten="30,2000,0" yaku="8,1,54,1" doraHai="5" who="2" fromWho="2" sc="279,-10,266,-5,288,20,167,-5" owari="269,7.0,261,-14.0,308,41.0,162,-34.0" /></mjloggm>