<mjloggm ver="2.3"><GO type="169" lobby="0"/><UN n0="%E3%82%82%E3%83%BC%E3%82%8A%E3%83%BC" n1="%47%E9%9B%80" n2="%EF%BC%92%E5%B9%B4%E7%9B%AE%E3%81%AE%EF%BD%83" n3="%E3%82%A6%E3%83%AB%E3%83%88%E3%83%A9%E7%AB%8B%E7%9B%B4" dan="16,16,16,17" rate="2129.47,2192.66,2030.39,2178.00" sx="M,M,M,M"/><TAIKYOKU oya="0"/><INIT seed="0,0,0,2,2,100" ten="250,250,250,250" oya="0" hai0="7,83,57,133,116,117,47,43,67,37,94,54,79" hai1="101,96,24,74,68,44,72,33,125,90,46,75,63" hai2="71,32,65,64,41,13,85,15,129,42,23,18,17" hai3="123,131,25,3,58,108,109,9,73,91,2,106,107"/><T128/><D128/><U102/><E125/><V27/><F129/><W19/><G73/><T20/><D133/><U111/><E90/><V31/><F85/><W126/><G131/><T84/><D67/><U49/><E111/><N who="3" m="42570" /><G126/><T38/><D38/><U98/><E49/><V11/><F71/><W61/><G91/><T80/><D94/><U50/><E50/><V99/><F99/><W134/><G134/><T113/><D113/><U70/><E24/><V30/><REACH who="2" step="1"/><F31/><REACH who="2" ten="250,250,240,250" step="2"/><W130/><G130/><T122/><D84/><U124/><E124/><V95/><F95/><W76/><G123/><T12/><D122/><U26/><E74/><V119/><F119/><W48/><G76/><T4/><D116/><U56/><E72/><V36/><F36/><W110/><G110/><T0/><D117/><U28/><E75/><V22/><F22/><N who="3" m="13535" /><G9/><T135/><D135/><U53/><E70/><V21/><F21/><W127/><G127/><T93/><D79/><U66/><E96/><V132/><F132/><W62/><G2/><T5/><D0/><U78/><E78/><V52/><F52/><N who="3" m="32007" /><G3/><T35/><D93/><U51/><E102/><V120/><F120/><W29/><G29/><T10/><D20/><U92/><AGARI ba="0,1" hai="26,28,33,44,46,51,53,56,63,66,68,92,98,101" machi="92" ten="20,1500,0" yaku="0,1,7,1" doraHai="100" who="1" fromWho="1" sc="250,-7,250,25,240,-4,250,-4" /><INIT seed="1,0,0,2,1,14" ten="243,275,236,246" oya="1" hai0="113,54,0,91,132,32,83,94,121,50,90,124,65" hai1="97,129,78,96,61,30,74,43,51,93,81,122,10" hai2="119,13,103,68,29,104,44,42,71,37,19,109,64" hai3="16,38,87,101,17,106,53,59,69,73,23,46,56"/><U8/><E122/><V84/><F119/><W36/><G73/><T27/><D113/><U98/><E129/><V120/><F120/><W116/><G69/><T41/><D121/><U2/><E30/><V45/><F109/><W60/><G116/><T34/><D0/><U5/><E61/><V127/><F127/><W52/><G46/><T3/><D3/><U67/><E67/><V117/><F29/><W40/><G40/><T86/><D41/><U114/><E10/><V92/><F117/><W9/><G87/><T85/><D132/><U21/><E114/><V126/><F126/><W49/><G9/><T39/><D39/><U107/><E107/><V1/><F1/><W66/><G66/><T7/><D7/><U12/><E21/><V18/><F104/><W72/><G72/><T102/><D65/><U123/><E2/><V62/><F71/><W70/><G70/><T24/><D124/><U33/><E33/><V47/><F19/><W20/><G20/><T55/><D34/><U57/><E123/><V88/><REACH who="2" step="1"/><F103/><REACH who="2" ten="243,275,226,246" step="2"/><W28/><G28/><T79/><D102/><U15/><E5/><V22/><AGARI ba="0,1" hai="13,18,22,37,42,44,45,47,62,64,68,84,88,92" machi="22" ten="20,12000,2" yaku="1,1,2,1,0,1,7,1,52,1,54,1,53,1" doraHai="14" doraHaiUra="80" who="2" fromWho="2" sc="243,-30,275,-60,226,130,246,-30" /><INIT seed="2,0,0,5,4,73" ten="213,215,356,216" oya="2" hai0="106,31,92,100,2,81,42,28,17,119,37,122,129" hai1="53,0,46,39,57,110,69,96,115,38,30,50,118" hai2="128,70,66,94,67,126,108,79,5,107,12,1,68" hai3="133,87,62,116,15,121,103,20,89,18,23,80,11"/><V117/><F117/><W111/><G121/><T22/><D122/><U76/><E0/><V41/><F1/><W27/><G116/><T59/><D2/><U10/><E69/><V33/><F107/><W90/><G111/><T34/><D34/><U83/><E118/><V135/><F33/><W47/><G133/><T48/><D129/><U40/><E30/><V113/><F113/><W95/><G103/><T58/><D106/><U93/><E110/><V104/><F104/><W124/><G124/><T8/><D8/><U99/><E99/><V98/><F128/><W63/><G47/><T102/><D37/><U6/><E115/><V74/><F74/><W131/><G131/><T132/><D132/><U51/><E10/><V105/><F79/><W56/><G56/><T36/><D36/><U134/><E6/><V13/><F126/><W91/><G23/><T65/><D81/><U16/><E16/><V9/><F105/><W84/><REACH who="3" step="1"/><G90/><REACH who="3" ten="213,215,356,206" step="2"/><T78/><D102/><U75/><E134/><V97/><F135/><W123/><G123/><T54/><D100/><AGARI ba="0,1" hai="38,39,40,46,50,51,53,57,75,76,83,93,96,100" machi="100" ten="30,2000,0" yaku="7,1,52,1" doraHai="73" who="1" fromWho="0" sc="213,-20,215,30,356,0,206,0" /><INIT seed="3,0,0,0,5,72" ten="193,245,356,206" oya="3" hai0="31,114,128,22,124,19,134,98,110,17,6,32,88" hai1="95,118,14,66,73,126,0,13,54,102,121,53,132" hai2="112,86,65,115,119,2,29,35,44,33,106,46,123" hai3="83,12,50,41,111,133,84,45,75,107,15,105,62"/><W96/><G75/><T16/><D110/><U78/><E0/><V97/><F123/><W130/><G111/><T99/><D124/><U4/><E121/><V70/><F2/><W100/><G130/><T51/><D128/><U60/><E126/><V127/><F119/><W3/><G3/><T120/><D120/><U116/><E132/><V26/><F33/><W68/><G133/><T69/><D69/><U40/><E40/><V38/><F86/><W90/><REACH who="3" step="1"/><G107/><REACH who="3" ten="193,245,356,196" step="2"/><T56/><D134/><U28/><E116/><V63/><F127/><W125/><G125/><T10/><D114/><U1/><E118/><V93/><F115/><W25/><G25/><T85/><D32/><U21/><E1/><V81/><F106/><W135/><G135/><T64/><D22/><U94/><E14/><V91/><F112/><W27/><G27/><T8/><D8/><U92/><E21/><V71/><F26/><W48/><G48/><T101/><D51/><U36/><E36/><V103/><F38/><W113/><G113/><T89/><D10/><U24/><E24/><V58/><F63/><W55/><G55/><T117/><D117/><U39/><E39/><V20/><F35/><W30/><G30/><T59/><D31/><U122/><E28/><V42/><F29/><W37/><G37/><T52/><D52/><U108/><E122/><V23/><F23/><W61/><G61/><T11/><D11/><N who="1" m="4327" /><E108/><V80/><F20/><W49/><G49/><T34/><D34/><U82/><E102/><V43/><F103/><W7/><G7/><T104/><D6/><U5/><E5/><RYUUKYOKU ba="0,1" sc="193,-15,245,15,356,-15,196,15" hai1="53,54,60,66,73,78,82,92,94,95" hai3="12,15,41,45,50,62,68,83,84,90,96,100,105" /><INIT seed="3,1,1,1,0,120" ten="178,260,341,211" oya="3" hai0="94,7,112,8,76,96,52,28,118,126,71,117,41" hai1="134,88,49,17,24,77,107,4,29,27,15,92,23" hai2="44,14,20,73,87,86,65,54,68,19,103,6,62" hai3="95,53,26,61,121,75,104,97,100,32,30,119,48"/><W83/><G121/><T25/><D71/><U66/><E107/><V5/><F73/><W78/><G61/><T2/><D126/><U1/><E77/><V33/><F33/><W42/><G119/><T63/><D112/><U125/><E66/><V106/><F106/><W93/><REACH who="3" step="1"/><G42/><REACH who="3" ten="178,260,341,201" step="2"/><T60/><D41/><U91/><E125/><V85/><F103/><W129/><G129/><T36/><D63/><U89/><E134/><V46/><F54/><W123/><G123/><T79/><D117/><U22/><E49/><V31/><F31/><W10/><G10/><T99/><D118/><U72/><E72/><V38/><F38/><W109/><G109/><T0/><D36/><U35/><E27/><V59/><F68/><W34/><G34/><T127/><D127/><U114/><E114/><V55/><F55/><W74/><G74/><T111/><D52/><U50/><E50/><V11/><REACH who="2" step="1"/><F5/><REACH who="2" ten="178,260,331,201" step="2"/><W56/><AGARI ba="1,3" hai="26,30,32,48,53,56,75,78,83,93,95,97,100,104" machi="56" ten="20,3900,0" yaku="1,1,0,1,7,1,53,0" doraHai="120" doraHaiUra="12" who="3" fromWho="3" sc="178,-14,260,-14,331,-14,201,72" /><INIT seed="3,2,0,0,3,108" ten="164,246,317,273" oya="3" hai0="133,52,101,5,24,67,27,124,3,33,109,91,78" hai1="121,93,13,88,37,20,45,15,50,76,69,71,60" hai2="43,83,51,10,95,77,98,132,26,44,8,46,7" hai3="56,90,66,11,49,85,84,25,79,70,59,127,107"/><W104/><G127/><T113/><D124/><U9/><E37/><V96/><F132/><W100/><G70/><T134/><D109/><U58/><E76/><V75/><F26/><W65/><G107/><T19/><D67/><U34/><E34/><V68/><F68/><W115/><G115/><T131/><D131/><U63/><E20/><V92/><F44/><W117/><G100/><T103/><D78/><U32/><E32/><V35/><F35/><W31/><G104/><T12/><D91/><U110/><E121/><V61/><F61/><W29/><G11/><T48/><D5/><U57/><E110/><V73/><F73/><W130/><G130/><T17/><D3/><U111/><E111/><V47/><F96/><W94/><G117/><T74/><D74/><U40/><E69/><V89/><F95/><W16/><G16/><N who="0" m="6219" /><D12/><U64/><E9/><V41/><REACH who="2" step="1"/><F7/><REACH who="2" ten="164,246,307,273" step="2"/><W120/><G25/><N who="0" m="9803" /><D33/><U106/><E71/><V87/><F87/><W118/><G85/><T28/><D28/><U123/><E106/><V112/><F112/><W99/><G29/><T119/><D119/><U39/><E123/><V122/><F122/><W114/><G31/><T38/><D113/><U129/><E129/><V135/><F135/><N who="0" m="51722" /><D38/><AGARI ba="2,1" hai="8,10,38,41,43,46,47,51,75,77,83,89,92,98" machi="38" ten="30,2000,0" yaku="1,1,7,1,53,0" doraHai="108" doraHaiUra="18" who="2" fromWho="0" sc="164,-26,246,0,307,36,273,0" /><INIT seed="4,0,0,2,3,10" ten="138,246,343,273" oya="0" hai0="44,98,49,16,94,90,58,47,118,97,75,108,60" hai1="99,76,34,122,86,53,6,14,35,67,11,54,78" hai2="132,125,1,72,62,23,19,82,134,9,129,59,121" hai3="57,18,63,79,4,69,81,93,32,40,13,29,41"/><T43/><D118/><U22/><E122/><V8/><F121/><W38/><G69/><T120/><D120/><U3/><E67/><V36/><F36/><W20/><G38/><T92/><D108/><U130/><E130/><V88/><F125/><W102/><G4/><T17/><D44/><U33/><E99/><V133/><F129/><W65/><G32/><T124/><D75/><U55/><E86/><N who="2" m="50263" /><F72/><W117/><G29/><T24/><D24/><U30/><E30/><V113/><F1/><W114/><G114/><T119/><D119/><U5/><REACH who="1" step="1"/><E6/><REACH who="1" ten="138,236,343,273" step="2"/><V12/><F113/><W48/><G117/><T84/><D124/><U106/><E106/><V56/><F56/><W77/><G57/><T51/><D84/><U71/><E71/><V74/><F74/><W126/><G126/><T50/><D17/><AGARI ba="0,1" hai="3,5,11,14,17,22,33,34,35,53,54,55,76,78" machi="17" ten="50,3200,0" yaku="1,1,52,1,53,0" doraHai="10" doraHaiUra="115" who="1" fromWho="0" sc="138,-32,236,42,343,0,273,0" /><INIT seed="5,0,0,3,2,95" ten="106,278,343,273" oya="1" hai0="105,74,16,8,11,97,68,94,13,87,77,81,15" hai1="47,106,61,125,30,88,52,27,111,123,114,42,131" hai2="110,37,80,116,45,109,38,41,93,85,50,57,48" hai3="66,32,79,83,26,54,103,127,46,113,44,10,51"/><U4/><E123/><V64/><F93/><W34/><G113/><T92/><D68/><U33/><E106/><V117/><F85/><W20/><G127/><T82/><D105/><U120/><E120/><V133/><F80/><W22/><G66/><T122/><D122/><U2/><E114/><V86/><F86/><W36/><G103/><T19/><REACH who="0" step="1"/><D97/><REACH who="0" ten="96,278,343,273" step="2"/><U129/><E125/><V78/><F133/><W18/><G36/><T9/><D9/><N who="1" m="2199" /><E111/><V67/><F37/><W25/><G10/><T28/><D28/><U72/><E72/><V24/><F38/><W12/><G34/><T84/><D84/><U17/><E17/><V124/><F124/><W71/><G32/><T58/><D58/><N who="1" m="35015" /><E47/><V49/><F45/><W40/><G71/><T108/><D108/><U134/><E134/><V119/><F109/><W70/><G70/><T118/><D118/><U23/><E33/><V59/><F110/><W3/><G46/><T39/><D39/><U130/><E42/><V65/><F41/><W56/><G40/><T14/><D14/><U75/><E75/><V112/><F112/><W6/><G44/><T104/><D104/><U126/><E126/><V115/><F115/><W60/><G12/><T53/><D53/><U101/><E101/><V21/><REACH who="2" step="1"/><F78/><AGARI ba="0,1" hai="8,11,13,15,16,19,74,77,78,81,82,87,92,94" machi="78" ten="30,7700,0" yaku="1,1,7,1,9,1,54,1,53,0" doraHai="95" doraHaiUra="98" who="0" fromWho="2" sc="96,87,278,0,343,-77,273,0" /><INIT seed="6,0,0,1,3,37" ten="183,278,266,273" oya="2" hai0="90,27,132,7,41,118,28,51,100,99,10,69,111" hai1="130,65,128,66,52,63,79,2,124,20,23,15,112" hai2="92,4,45,43,105,24,131,72,53,120,88,5,18" hai3="106,97,44,116,95,109,94,39,17,121,46,21,30"/><V82/><F105/><W0/><G109/><T110/><D132/><U89/><E2/><V86/><F120/><W47/><G116/><T115/><D115/><U49/><E79/><V8/><F131/><N who="1" m="50217" /><E112/><V62/><F72/><W87/><G121/><T119/><D69/><U84/><E124/><V3/><F4/><W101/><G0/><T58/><D90/><U117/><E117/><N who="0" m="44553" /><D58/><N who="1" m="33039" /><E63/><V6/><F6/><W11/><G87/><T85/><D85/><U35/><E35/><V81/><F62/><W48/><G39/><T134/><D134/><U31/><E31/><V125/><F53/><W42/><G106/><N who="0" m="63775" /><D51/><U40/><E40/><V38/><REACH who="2" step="1"/><F125/><REACH who="2" ten="183,278,256,273" step="2"/><W57/><G42/><T102/><D41/><U78/><E66/><V91/><F91/><W76/><G101/><T83/><D102/><U75/><E65/><V103/><F103/><W14/><G76/><T122/><D122/><U19/><E78/><V36/><F36/><W55/><G55/><T29/><D111/><U77/><E77/><V64/><F64/><W113/><G113/><T33/><D110/><U127/><E75/><V60/><F60/><W74/><G74/><T61/><D61/><U54/><E54/><V126/><F126/><W108/><G108/><T13/><D29/><U71/><E127/><V73/><F73/><W135/><G30/><T98/><D98/><U70/><E89/><V96/><F96/><W67/><G97/><T104/><D104/><U34/><E84/><V107/><F107/><W25/><G135/><T114/><D114/><U26/><E34/><V9/><F9/><W56/><G11/><RYUUKYOKU ba="0,1" sc="183,10,278,10,256,10,273,-30" hai0="7,10,13,27,28,33,83" hai1="15,19,20,23,26,70,71" hai2="3,5,8,18,24,38,43,45,81,82,86,88,92" /><INIT seed="6,1,1,5,5,52" ten="193,288,266,243" oya="2" hai0="37,7,32,40,106,5,42,79,123,66,33,15,50" hai1="48,127,73,111,61,4,10,70,39,128,14,115,69" hai2="29,24,100,23,68,27,58,62,109,51,26,135,85" hai3="132,34,129,113,56,89,35,87,57,18,91,110,99"/><V122/><F122/><W0/><G0/><T31/><D123/><U97/><E39/><V120/><F120/><W22/><G110/><T133/><D106/><U112/><E73/><V36/><F36/><W102/><G35/><T75/><D37/><U9/><E111/><V30/><F109/><W72/><G34/><T55/><D133/><U76/><E76/><V41/><F135/><W121/><G72/><T47/><D33/><U101/><E127/><V17/><F100/><W86/><G121/><T82/><D66/><U131/><E48/><V16/><F68/><W43/><G43/><T130/><D130/><N who="1" m="49707" /><E10/><V67/><F85/><W92/><G129/><T59/><D40/><U8/><E9/><V95/><F95/><N who="3" m="58751" /><G113/><N who="1" m="43594" /><E61/><V20/><F27/><N who="3" m="14807" /><G132/><T116/><D116/><U11/><E8/><V90/><F90/><W107/><G107/><AGARI ba="1,1" hai="4,11,14,69,70,97,101,107" m="43594,49707" machi="107" ten="30,2000,0" yaku="19,1,15,1" doraHai="52" who="1" fromWho="3" sc="193,0,288,33,266,0,243,-23" /><INIT seed="7,0,0,0,5,12" ten="193,321,266,220" oya="3" hai0="45,92,31,77,60,28,71,43,62,13,86,18,37" hai1="52,8,103,44,38,123,17,1,90,135,56,6,115" hai2="88,25,10,68,32,39,105,63,48,130,95,16,96" hai3="0,5,14,94,127,98,83,50,129,101,47,34,76"/><W2/><G34/><T112/><D112/><U61/><E123/><V85/><F39/><W36/><G36/><T23/><D92/><U49/><E103/><V122/><F122/><W15/><G129/><T116/><D116/><U134/><E38/><V128/><F48/><W64/><G64/><T109/><D109/><U21/><E115/><V53/><F32/><W72/><G127/><T107/><D107/><U118/><E90/><V110/><F110/><W69/><G69/><T65/><REACH who="0" step="1"/><D60/><REACH who="0" ten="183,321,266,220" step="2"/><U30/><E118/><V97/><F105/><W42/><REACH who="3" step="1"/><G5/><REACH who="3" ten="183,321,266,210" step="2"/><T117/><D117/><U19/><E135/><V40/><F130/><W75/><G75/><T133/><D133/><U100/><E134/><V20/><F128/><W132/><G132/><T131/><D131/><U51/><E6/><V102/><F68/><W3/><AGARI ba="0,2" hai="0,2,3,14,15,42,47,50,72,76,83,94,98,101" machi="3" ten="30,3000,0" yaku="1,1,0,1,53,0" doraHai="12" doraHaiUra="67" who="3" fromWho="3" sc="183,-10,321,-10,266,-10,210,50" /><INIT seed="7,1,0,2,5,62" ten="173,311,256,260" oya="3" hai0="97,75,110,116,22,112,49,74,14,103,41,9,118" hai1="115,20,65,121,19,124,66,125,135,68,38,11,80" hai2="133,12,114,37,28,15,119,43,73,107,87,2,81" hai3="34,30,44,45,52,79,21,69,57,85,71,36,55"/><W130/><G34/><T89/><D110/><U42/><E121/><V39/><F119/><W96/><G71/><T86/><D116/><U8/><E115/><V99/><F2/><W128/><G69/><T56/><D118/><U106/><E106/><V102/><F114/><W3/><G3/><T90/><D112/><U132/><E80/><V94/><F28/><W46/><G36/><N who="2" m="13897" /><F43/><W72/><G72/><T120/><D120/><U88/><E88/><N who="2" m="53535" /><F133/><N who="1" m="51273" /><E42/><V117/><F117/><W18/><G30/><T91/><D86/><U25/><E38/><V108/><F108/><W51/><G85/><T109/><D109/><U16/><E68/><V59/><F59/><W92/><G79/><AGARI ba="1,0" hai="12,15,73,79,81,99,102,107" m="53535,13897" machi="79" ten="30,2000,0" yaku="24,1,54,1" doraHai="62" who="2" fromWho="3" sc="173,0,311,0,256,23,260,-23" owari="173,-33.0,311,41.0,279,8.0,237,-16.0" /></mjloggm>