<mjloggm ver="2.3"><GO type="169" lobby="0"/><UN n0="%53%61%67%69%6D%75" n1="%E3%81%B5%E3%81%86%E3%81%A4" n2="%46%4C%41%4D%45" n3="%E3%82%A6%E3%83%AB%E3%83%88%E3%83%A9%E7%AB%8B%E7%9B%B4" dan="16,16,16,17" rate="2066.19,2030.66,2144.19,2177.52" sx="M,M,M,M"/><TAIKYOKU oya="0"/><INIT seed="0,0,0,5,4,116" ten="250,250,250,250" oya="0" hai0="128,12,25,105,87,10,99,43,81,117,135,132,69" hai1="55,1,28,5,63,78,22,127,52,112,114,0,70" hai2="36,40,26,67,13,109,47,60,74,134,130,39,38" hai3="97,89,93,103,121,30,34,104,84,16,72,133,108"/><T83/><D69/><U111/><E111/><V107/><F107/><W53/><G108/><T9/><D43/><U122/><E127/><V126/><F109/><W2/><G2/><T45/><D117/><U56/><E70/><V92/><F74/><W66/><G133/><N who="0" m="51275" /><D25/><U23/><E78/><V46/><F134/><W88/><G66/><T33/><D33/><U95/><E95/><V98/><F126/><W58/><G30/><T48/><D128/><U85/><E85/><V49/><F130/><W11/><G34/><T75/><D75/><U51/><E28/><V62/><F26/><W57/><G72/><T8/><D12/><U44/><E1/><V94/><F13/><N who="3" m="7231" /><G104/><T101/><D87/><U110/><E110/><V115/><F115/><N who="1" m="44073" /><E23/><V80/><F80/><N who="0" m="30794" /><D48/><U82/><E22/><V129/><F129/><W3/><G84/><T31/><D31/><U4/><E82/><V65/><F49/><W77/><G77/><T119/><D119/><U106/><E106/><V59/><F40/><W21/><G21/><T14/><D14/><U68/><E68/><V50/><F50/><W113/><G113/><T86/><D86/><U123/><E0/><V17/><F36/><W131/><G3/><T15/><D15/><U54/><E54/><V20/><F20/><W118/><G53/><T100/><D100/><U76/><E76/><V27/><F27/><W125/><G118/><T79/><D79/><U64/><E55/><V37/><F37/><W41/><G131/><T18/><D45/><U6/><AGARI ba="0,0" hai="4,5,6,44,51,52,56,63,64,122,123" m="44073" machi="6" ten="30,7900,0" yaku="11,1,52,2,54,1" doraHai="116" who="1" fromWho="1" sc="250,-39,250,79,250,-20,250,-20" /><INIT seed="1,0,0,1,2,131" ten="211,329,230,230" oya="1" hai0="104,135,106,9,91,55,22,96,26,31,13,87,132" hai1="101,23,90,53,4,27,65,54,97,30,92,39,67" hai2="19,74,70,76,112,126,129,5,125,110,20,73,16" hai3="37,34,18,117,113,17,123,38,79,99,119,46,2"/><U36/><E4/><V88/><F70/><W84/><G46/><T11/><D11/><U1/><E1/><V63/><F129/><W12/><G99/><T85/><D55/><U32/><E39/><V28/><F28/><W25/><G84/><T60/><D60/><U103/><E36/><V29/><F29/><N who="3" m="19759" /><G79/><T68/><D68/><U72/><E72/><V93/><F5/><W40/><G40/><T83/><D87/><U108/><E108/><V50/><F110/><W59/><G59/><T81/><D83/><U14/><E14/><V124/><F112/><W35/><G2/><T69/><D69/><U118/><E54/><V105/><F105/><W3/><G3/><T134/><D96/><U42/><E53/><V77/><F63/><W52/><G52/><T127/><D127/><U86/><E42/><V41/><F41/><W71/><G71/><T115/><D115/><U10/><E101/><V114/><F50/><W56/><G56/><T6/><AGARI ba="0,0" hai="6,9,13,22,26,31,81,85,91,104,106,132,134,135" machi="6" ten="30,8000,1" yaku="0,1,20,1,52,3" doraHai="131" who="0" fromWho="0" sc="211,80,329,-40,230,-20,230,-20" /><INIT seed="2,0,0,4,5,13" ten="291,289,210,210" oya="2" hai0="50,33,78,71,130,14,81,29,27,8,61,76,111" hai1="48,134,120,122,90,67,60,63,30,129,23,25,113" hai2="109,87,127,44,6,58,86,38,68,110,98,39,74" hai3="4,104,20,115,47,2,72,96,26,107,37,77,69"/><V0/><F68/><W53/><G69/><T22/><D111/><N who="2" m="42506" /><F74/><W5/><G115/><T114/><D114/><U19/><E113/><V52/><F127/><W43/><G53/><T94/><D130/><U93/><E134/><V85/><F44/><W103/><G2/><T133/><D133/><U118/><E118/><V125/><F125/><W59/><G59/><T9/><D33/><U51/><E129/><V18/><F98/><W116/><G116/><T16/><D71/><U28/><E51/><N who="2" m="31007" /><F18/><W92/><G72/><T1/><D61/><U117/><E48/><V132/><F132/><W131/><G131/><T75/><D76/><U95/><E117/><V21/><F21/><W82/><G47/><T70/><D70/><U24/><E23/><V99/><F99/><W45/><G45/><T3/><D9/><AGARI ba="0,0" hai="0,6,9,38,39,85,86,87" m="31007,42506" machi="9" ten="30,5800,0" yaku="14,1,10,1,54,1" doraHai="13" who="2" fromWho="0" sc="291,-58,289,0,210,58,210,0" /><INIT seed="2,1,0,3,5,132" ten="233,289,268,210" oya="2" hai0="97,131,44,75,1,78,12,45,135,41,91,106,36" hai1="43,52,114,7,81,11,49,108,38,70,37,42,34" hai2="79,25,124,109,123,60,83,51,113,22,14,24,23" hai3="59,130,96,111,92,122,26,33,95,2,40,89,99"/><V129/><F123/><W19/><G2/><T88/><D1/><U63/><E34/><V74/><F113/><W102/><G122/><T46/><D131/><U58/><E108/><V48/><F129/><W61/><G40/><T35/><D35/><U101/><E101/><V10/><F109/><W57/><G130/><T103/><D135/><U69/><E114/><V125/><F60/><W85/><G111/><T133/><D133/><U62/><E81/><V84/><F74/><W77/><G77/><T112/><D112/><U72/><E72/><V73/><F73/><W29/><G19/><T118/><D118/><U117/><E11/><V17/><F23/><W128/><G128/><T65/><D65/><N who="1" m="41279" /><E7/><V107/><F107/><W47/><G47/><T15/><D75/><U64/><E117/><V121/><F121/><W82/><G61/><T50/><D78/><U105/><E105/><V104/><F104/><W87/><G87/><T93/><D44/><U27/><E27/><V90/><F79/><W119/><G119/><T18/><D106/><U80/><E80/><V3/><F3/><W126/><G33/><T76/><D76/><U28/><E28/><V53/><F25/><W4/><G26/><T6/><D6/><U120/><E120/><V30/><REACH who="2" step="1"/><F48/><REACH who="2" ten="233,289,258,210" step="2"/><W116/><G116/><T20/><D12/><U115/><E115/><V134/><F134/><W21/><G21/><T110/><D110/><U9/><E9/><V98/><F98/><W127/><G96/><T94/><D97/><U67/><E67/><V66/><F66/><W55/><G99/><T56/><D50/><RYUUKYOKU ba="1,1" sc="233,-15,289,15,258,15,210,-15" hai1="37,38,42,43,49,52,58,62,64,69" hai2="10,14,17,22,24,30,51,53,83,84,90,124,125" /><INIT seed="2,2,1,0,0,12" ten="218,304,273,195" oya="2" hai0="70,88,1,98,35,99,111,66,76,29,30,130,128" hai1="20,25,64,52,55,50,95,116,96,114,13,86,24" hai2="18,121,58,41,135,78,39,47,2,77,109,79,6" hai3="53,4,26,48,31,49,110,91,107,10,17,69,133"/><V94/><F121/><W123/><G123/><T15/><D1/><U84/><E114/><V44/><F135/><W68/><G107/><T119/><D119/><U19/><E64/><V59/><F109/><W82/><G110/><T46/><D76/><U62/><E62/><V40/><F94/><W126/><G133/><T72/><D72/><U65/><E65/><V131/><F131/><W11/><G126/><T101/><D111/><U103/><E116/><V27/><F6/><W87/><G49/><T22/><D70/><U37/><E37/><V80/><F2/><W105/><G105/><T32/><D66/><U8/><E25/><V104/><F80/><W9/><G4/><T112/><D112/><U74/><E74/><V16/><F104/><W106/><G106/><T127/><D127/><U57/><REACH who="1" step="1"/><E55/><REACH who="1" ten="218,294,273,195" step="2"/><V129/><F129/><W23/><REACH who="3" step="1"/><G31/><AGARI ba="2,2" hai="8,13,19,20,24,31,50,52,57,84,86,95,96,103" machi="31" ten="30,12000,2" yaku="1,1,2,1,7,1,8,1,52,1,54,1,53,0" doraHai="12" doraHaiUra="34" who="1" fromWho="3" sc="218,0,294,146,273,0,195,-126" /><INIT seed="3,0,0,1,1,98" ten="218,440,273,69" oya="3" hai0="52,103,8,23,33,42,62,27,124,110,99,26,61" hai1="60,92,57,0,85,39,9,104,80,13,129,111,45" hai2="51,35,77,15,53,37,2,119,14,54,12,114,122" hai3="71,66,70,113,11,87,131,102,4,43,106,74,93"/><W36/><G113/><T86/><D124/><U1/><E92/><V16/><F114/><W41/><G74/><T118/><D118/><U18/><E104/><V73/><F119/><W22/><G131/><T56/><D110/><U28/><E28/><V67/><F2/><W44/><G43/><T5/><D42/><U88/><E111/><V107/><F35/><W128/><G128/><T58/><D33/><U6/><E129/><V64/><F37/><W50/><G36/><T25/><D86/><U96/><E96/><V75/><F122/><W10/><G106/><T24/><D23/><U116/><E116/><V69/><F107/><W101/><G70/><T47/><D47/><U115/><E115/><V89/><F69/><W32/><G32/><T130/><D130/><U121/><E121/><V112/><F112/><W78/><G71/><T97/><D103/><N who="3" m="39433" /><G66/><T49/><D49/><U123/><E123/><V117/><F67/><W105/><G105/><T95/><D95/><U133/><E0/><V7/><F64/><W127/><G127/><T17/><D17/><U120/><E18/><V72/><F75/><W29/><G4/><T46/><D46/><U81/><E1/><V65/><F7/><W21/><G93/><T68/><D68/><U38/><E120/><V34/><F73/><W30/><G22/><T100/><D5/><U135/><E39/><V59/><F34/><W90/><G78/><T55/><D100/><U79/><E38/><V108/><F65/><W126/><G126/><T84/><N who="0" m="6144" /><DORA hai="19" /><T132/><D8/><N who="3" m="3113" /><G21/><T3/><D3/><U109/><E6/><RYUUKYOKU ba="0,0" sc="218,-10,440,-10,273,-10,69,30" hai3="29,30,41,44,50,87,90" /><INIT seed="3,1,0,3,3,125" ten="208,430,263,99" oya="3" hai0="66,96,105,115,44,22,106,128,117,0,84,69,62" hai1="5,110,131,16,20,41,61,58,25,78,32,81,37" hai2="53,31,59,42,92,34,95,33,90,132,112,88,119" hai3="15,14,73,1,109,70,65,35,121,28,102,83,108"/><W6/><G102/><T36/><D117/><U23/><E32/><V122/><F119/><W43/><G43/><T98/><D0/><U57/><E5/><V97/><F112/><W50/><G50/><T124/><D115/><U12/><E41/><V10/><F132/><W99/><G99/><T39/><D124/><U48/><E48/><V60/><F122/><W75/><G121/><T26/><D84/><U123/><E37/><V49/><F31/><W91/><G91/><T55/><D98/><U67/><E110/><N who="3" m="42602" /><G15/><T8/><D96/><U82/><E123/><V51/><F51/><W86/><G14/><T3/><D105/><U134/><E134/><V89/><F42/><W45/><G45/><T74/><D106/><U52/><E58/><V101/><F49/><W63/><G86/><T120/><D74/><N who="3" m="28169" /><G83/><T47/><D120/><U46/><E46/><V7/><REACH who="2" step="1"/><F95/><REACH who="2" ten="208,430,253,99" step="2"/><W68/><G28/><T116/><D116/><U64/><E81/><V38/><F38/><W24/><G35/><T79/><D39/><U21/><E82/><V111/><F111/><W94/><G94/><T80/><D36/><U9/><E78/><V71/><F71/><N who="3" m="42431" /><G24/><T4/><D47/><U104/><E104/><V18/><F18/><W135/><G135/><T126/><D44/><U19/><E19/><V54/><F54/><W56/><G56/><T13/><D55/><U77/><E77/><V2/><AGARI ba="1,1" hai="2,7,10,33,34,53,59,60,88,89,90,92,97,101" machi="2" ten="30,8000,1" yaku="1,1,0,1,54,1,53,2" doraHai="125" doraHaiUra="29" who="2" fromWho="2" sc="208,-21,430,-21,253,93,99,-41" /><INIT seed="4,0,0,5,3,73" ten="187,409,346,58" oya="0" hai0="128,97,18,113,99,27,41,87,125,67,129,37,126" hai1="92,61,69,12,45,22,132,58,94,23,21,120,80" hai2="63,112,77,52,118,43,56,70,65,66,31,111,1" hai3="82,3,131,2,108,46,25,55,54,130,102,79,68"/><T127/><D67/><U20/><E69/><V85/><F112/><W103/><G68/><T30/><D37/><U110/><E110/><V44/><F1/><N who="3" m="11" /><G25/><T57/><D41/><U83/><E132/><V29/><F111/><W106/><G46/><T89/><D57/><U50/><E120/><V36/><F66/><W35/><G35/><T47/><D47/><U9/><E23/><V84/><F118/><W116/><G108/><T6/><D6/><U86/><E58/><V39/><F39/><W98/><G116/><T64/><D64/><U124/><E61/><V4/><F4/><W8/><G8/><T107/><D18/><U38/><E124/><V62/><REACH who="2" step="1"/><F85/><REACH who="2" ten="187,409,336,58" step="2"/><W133/><G133/><T93/><D113/><U90/><E38/><V88/><F88/><W0/><G0/><T96/><REACH who="0" step="1"/><D107/><REACH who="0" ten="177,409,336,58" step="2"/><U32/><E12/><V105/><F105/><W16/><G106/><T33/><AGARI ba="0,2" hai="27,30,33,87,89,93,96,97,99,125,126,127,128,129" machi="33" ten="40,12000,1" yaku="1,1,2,1,0,1,18,1,53,0" doraHai="73" doraHaiUra="5" who="0" fromWho="0" sc="177,140,409,-40,336,-40,58,-40" /><INIT seed="4,1,0,5,3,59" ten="317,369,296,18" oya="0" hai0="104,135,53,30,101,134,80,77,76,1,103,131,100" hai1="64,109,40,116,130,98,13,71,44,57,31,35,108" hai2="84,4,88,60,83,69,17,41,6,97,90,132,66" hai3="38,7,14,102,61,70,118,8,73,10,112,129,39"/><T86/><D1/><U47/><E35/><V33/><F132/><N who="0" m="50730" /><D30/><U45/><E31/><V56/><F33/><W93/><G118/><T20/><D20/><U15/><E98/><V126/><F126/><W2/><G73/><T16/><D16/><U32/><E32/><V107/><F41/><W54/><G129/><T120/><D53/><U117/><E15/><V95/><F107/><W68/><G112/><T94/><D120/><U23/><E13/><V46/><F46/><N who="1" m="18025" /><E23/><V89/><F69/><W123/><G123/><T24/><D24/><U11/><E11/><V28/><F28/><W74/><G74/><N who="0" m="43031" /><D131/><U91/><E91/><N who="2" m="51615" /><F17/><W3/><G3/><T121/><D121/><U125/><E125/><V27/><F27/><W37/><G10/><T62/><D62/><N who="1" m="37967" /><E71/><V55/><F66/><W50/><G2/><T25/><D25/><U21/><E21/><V110/><F110/><N who="1" m="42601" /><E130/><V127/><F127/><W48/><G70/><T43/><D104/><U36/><AGARI ba="1,0" hai="36,40,47,116,117" m="42601,37967,18025" machi="36" ten="30,4000,0" yaku="34,2,52,1" doraHai="59" who="1" fromWho="1" sc="317,-21,369,43,296,-11,18,-11" /><INIT seed="5,0,0,2,0,127" ten="296,412,285,7" oya="1" hai0="33,43,119,104,82,90,75,116,55,105,129,25,88" hai1="126,121,91,84,40,97,14,53,56,134,94,6,100" hai2="1,131,101,79,103,80,29,17,4,38,74,60,73" hai3="54,93,99,72,113,18,24,26,61,117,63,95,89"/><U44/><E134/><V67/><F74/><W37/><G72/><T81/><D43/><U98/><E126/><V16/><F29/><W87/><G37/><T7/><D7/><U48/><E121/><V106/><F38/><W112/><G117/><N who="0" m="45131" /><D55/><U130/><E98/><V35/><F35/><W41/><G41/><T42/><D42/><U77/><E77/><V50/><F50/><W12/><G113/><T59/><D59/><U96/><E96/><V133/><F133/><W58/><G63/><T64/><D64/><U36/><E6/><V21/><F106/><N who="0" m="41066" /><D25/><U107/><REACH who="1" step="1"/><E14/><REACH who="1" ten="296,402,285,7" step="2"/><V11/><F131/><AGARI ba="0,1" hai="36,40,44,48,53,56,84,91,94,97,100,107,130,131" machi="131" ten="40,12000,1" yaku="1,1,2,1,52,2,53,0" doraHai="127" doraHaiUra="28" who="1" fromWho="2" sc="296,0,402,130,285,-120,7,0" /><INIT seed="5,1,0,5,2,97" ten="296,532,165,7" oya="1" hai0="44,130,131,2,64,118,134,76,33,135,21,49,41" hai1="4,16,122,0,38,35,89,54,12,88,101,108,32" hai2="127,53,29,119,112,40,7,73,104,106,60,10,71" hai3="82,58,114,13,121,90,65,3,117,100,67,37,74"/><U36/><E122/><V26/><F119/><W91/><G121/><T27/><D33/><U18/><E0/><V80/><F127/><W86/><G3/><T15/><D2/><U83/><E4/><V8/><F112/><W98/><G37/><T93/><D118/><U92/><E83/><V85/><F73/><W28/><G117/><T126/><D76/><U115/><E92/><V23/><F40/><W129/><G74/><T125/><D64/><U48/><E48/><V59/><F71/><W68/><G68/><T99/><D15/><U6/><E6/><V34/><F34/><W52/><G114/><T84/><D84/><U133/><E12/><V63/><F63/><N who="3" m="36295" /><G129/><N who="0" m="49163" /><D21/><U30/><E54/><V128/><F128/><W94/><G28/><T9/><D9/><U120/><E30/><V51/><F10/><W116/><G116/><T56/><D56/><U42/><E120/><V25/><F8/><W103/><G13/><T113/><D27/><U87/><E115/><V66/><F26/><W22/><G22/><T47/><D47/><U81/><E35/><V77/><F7/><W102/><AGARI ba="1,0" hai="65,67,82,86,90,91,94,98,100,102,103" m="36295" machi="102" ten="30,8000,1" yaku="8,1,52,3,54,1" doraHai="97" who="3" fromWho="3" sc="296,-21,532,-41,165,-21,7,83" /><INIT seed="6,0,0,4,0,40" ten="275,491,144,90" oya="2" hai0="49,77,121,26,131,66,117,44,88,53,52,65,32" hai1="85,48,99,125,2,81,95,74,75,38,134,122,92" hai2="89,22,80,56,11,10,100,5,86,9,67,116,101" hai3="23,115,36,128,37,62,42,33,28,51,72,78,58"/><V24/><F116/><W47/><G33/><T46/><D121/><U17/><E38/><N who="3" m="14954" /><G23/><T87/><D117/><U14/><E2/><V29/><REACH who="2" step="1"/><F5/><REACH who="2" ten="275,491,134,90" step="2"/><W8/><G128/><T96/><D131/><U69/><E122/><V84/><F84/><W4/><G4/><T45/><D32/><U112/><E85/><V113/><F113/><W3/><G115/><T71/><D71/><U39/><E69/><V7/><F7/><W21/><G72/><T123/><D123/><U31/><E75/><V64/><F64/><W79/><G79/><T68/><D68/><U103/><E74/><V25/><F25/><W59/><G78/><T54/><D77/><U107/><E112/><V114/><F114/><W130/><G130/><T91/><D26/><U126/><E126/><V83/><F83/><W61/><G3/><T41/><D66/><U50/><E81/><V27/><F27/><W133/><G133/><T30/><D65/><U6/><E6/><V16/><F16/><W19/><G19/><T102/><D30/><U0/><E0/><V127/><F127/><W106/><G28/><T60/><D87/><U109/><E17/><V111/><F111/><W43/><G21/><T90/><REACH who="0" step="1"/><D60/><AGARI ba="0,1" hai="9,10,11,22,24,29,56,60,67,80,86,89,100,101" machi="60" ten="40,3900,0" yaku="1,1,8,1,53,0" doraHai="40" doraHaiUra="13" who="2" fromWho="0" sc="275,-39,491,0,134,49,90,0" /><INIT seed="6,1,0,3,3,70" ten="236,491,183,90" oya="2" hai0="81,67,112,13,74,50,15,113,46,14,0,3,9" hai1="36,128,2,84,110,7,27,63,8,91,115,56,24" hai2="29,89,124,79,64,131,107,108,86,22,106,100,40" hai3="123,72,39,66,45,30,51,73,21,116,58,101,34"/><V117/><F117/><W47/><G34/><T92/><D67/><U42/><E110/><V109/><F64/><W94/><G116/><T65/><D65/><U87/><E115/><N who="0" m="44105" /><D92/><U19/><E128/><V76/><F40/><W44/><G123/><T54/><D9/><U60/><E19/><V28/><F22/><W68/><G68/><T96/><D96/><U1/><E42/><V121/><F121/><W95/><G95/><T127/><D127/><U41/><E41/><V82/><F28/><W18/><G30/><T10/><D10/><U25/><E56/><V103/><F29/><W11/><G11/><T93/><D93/><U129/><E129/><V26/><F26/><W102/><G94/><T59/><D59/><U48/><E27/><V12/><F12/><W23/><G102/><N who="2" m="38953" /><F124/><W114/><G101/><T69/><D69/><U49/><E7/><V99/><F99/><W105/><G114/><T6/><D6/><U85/><E8/><V71/><F71/><W43/><G23/><T38/><D38/><U122/><E122/><V90/><F131/><W111/><G21/><T20/><D20/><U104/><E36/><V55/><F55/><W5/><G5/><T4/><D4/><U134/><E25/><V120/><F120/><W32/><G66/><T57/><D57/><U130/><E24/><V135/><F135/><W75/><G58/><T88/><D74/><U98/><E134/><V132/><F132/><W97/><G39/><T133/><D133/><U78/><E130/><V125/><F125/><W52/><G73/><T35/><D35/><U37/><E37/><RYUUKYOKU ba="1,0" sc="236,30,491,-10,183,-10,90,-10" hai0="0,3,13,14,15,46,50,54,81,88" /><INIT seed="7,2,0,4,1,126" ten="266,481,173,80" oya="3" hai0="130,115,33,8,99,45,56,1,26,94,70,35,100" hai1="59,37,113,71,122,123,5,84,24,49,89,62,72" hai2="127,78,124,12,80,97,79,116,120,21,34,15,58" hai3="128,16,6,22,104,92,53,102,121,74,133,108,119"/><W32/><G121/><T2/><D70/><U27/><E37/><V117/><F34/><W91/><G119/><N who="2" m="45641" /><F120/><W134/><G32/><T28/><D115/><U0/><E72/><N who="2" m="43079" /><F79/><W83/><G6/><T60/><D45/><U106/><E106/><V18/><F97/><N who="3" m="61519" /><G53/><T14/><D33/><U52/><E27/><N who="2" m="14775" /><F58/><W110/><G128/><T112/><D130/><U103/><E62/><V38/><F38/><W3/><G3/><T10/><D112/><U76/><E5/><V47/><F47/><W40/><G40/><T23/><D35/><U107/><E52/><V9/><F9/><W132/><G22/><T61/><D61/><U131/><E84/><V46/><F46/><W7/><G7/><N who="0" m="3359" /><D10/><U66/><E103/><V44/><F44/><W19/><G19/><T101/><D101/><U57/><E71/><V41/><F41/><W86/><G16/><T63/><D63/><U68/><E24/><V13/><F13/><W36/><G36/><T55/><D1/><U42/><E49/><V125/><AGARI ba="2,0" hai="12,15,124,125,127" m="14775,43079,45641" machi="125" ten="40,1500,0" yaku="18,1" doraHai="126" who="2" fromWho="2" sc="266,-6,481,-6,173,21,80,-9" owari="260,6.0,475,58.0,194,-21.0,71,-43.0" /></mjloggm>