<mjloggm ver="2.3"><GO type="169" lobby="0"/><UN n0="%63%72%69%74%74%65%72" n1="%E7%B7%92%E6%96%B9%E6%99%BA%E7%B5%B5%E9%87%8C%2B" n2="%E7%A0%B2%E3%81%AE%E4%B8%8A%E3%81%AE%E3%81%82%E3%81%AE%E5%A8%98" n3="%E3%82%A6%E3%83%AB%E3%83%88%E3%83%A9%E7%AB%8B%E7%9B%B4" dan="16,16,16,18" rate="2081.15,2113.34,2129.64,2211.26" sx="M,M,F,M"/><TAIKYOKU oya="0"/><INIT seed="0,0,0,0,5,23" ten="250,250,250,250" oya="0" hai0="73,47,95,130,98,85,135,43,21,35,30,53,36" hai1="83,133,99,106,82,40,14,72,62,101,117,19,103" hai2="69,38,15,51,110,11,29,118,84,44,56,64,70" hai3="93,108,112,49,20,74,10,94,96,97,87,28,31"/><T127/><D73/><U55/><E117/><V5/><F110/><W77/><G112/><T22/><D127/><U6/><E133/><V8/><F118/><W63/><G108/><T125/><D125/><U123/><E123/><V116/><F116/><W75/><G10/><T88/><D135/><U46/><E6/><V61/><F29/><W50/><G20/><T13/><D130/><U80/><E103/><V0/><F84/><W122/><G87/><T7/><D53/><U121/><E121/><V57/><F57/><W86/><G86/><T81/><D7/><U16/><E72/><V129/><F38/><W100/><G63/><T48/><D13/><U120/><E120/><V26/><F26/><W2/><G122/><T59/><D59/><U128/><E128/><V3/><F129/><W134/><G134/><T27/><REACH who="0" step="1"/><D36/><REACH who="0" ten="240,250,250,250" step="2"/><U109/><E109/><V24/><F0/><W41/><G2/><T54/><D54/><U114/><E14/><V107/><F3/><W33/><G74/><T34/><D34/><U105/><E55/><V78/><F15/><W18/><G33/><T90/><AGARI ba="0,1" hai="21,22,27,30,35,43,47,48,81,85,88,90,95,98" machi="90" ten="20,18000,2" yaku="1,1,0,1,7,1,52,1,54,1,53,1" doraHai="23" doraHaiUra="79" who="0" fromWho="0" sc="240,190,250,-60,250,-60,250,-60" /><INIT seed="0,1,0,0,0,96" ten="430,190,190,190" oya="0" hai0="45,111,130,29,43,132,76,68,78,3,133,14,109" hai1="27,46,48,32,53,75,81,97,115,4,126,124,90" hai2="89,120,58,125,117,100,105,74,23,134,102,19,93" hai3="107,8,12,16,118,61,112,127,82,18,116,6,64"/><T72/><D3/><U131/><E131/><V99/><F120/><W135/><G112/><T69/><D29/><U80/><E115/><V13/><F134/><N who="0" m="51818" /><D14/><U1/><E75/><V17/><F125/><N who="1" m="48233" /><E90/><V70/><F70/><N who="0" m="27242" /><D130/><U91/><E91/><V39/><F39/><W60/><G107/><T95/><D95/><U104/><E32/><V56/><F74/><W21/><G127/><T73/><D73/><U38/><E38/><V79/><F79/><N who="0" m="30250" /><D72/><U66/><E27/><N who="2" m="14831" /><F117/><W20/><G135/><T24/><D24/><U110/><E66/><V114/><F114/><W28/><G82/><T47/><D43/><U86/><E86/><V49/><F105/><W33/><G64/><T25/><D25/><U36/><E36/><V123/><F123/><W92/><G92/><T106/><D106/><U122/><E122/><V26/><F26/><N who="3" m="18583" /><G61/><T40/><D40/><U51/><E51/><V113/><F113/><W67/><G60/><T0/><D0/><U31/><E31/><V128/><F128/><W52/><G67/><T34/><D34/><U35/><E35/><V50/><F50/><W62/><G62/><T84/><D84/><U44/><E81/><V54/><F56/><W22/><G52/><T103/><D103/><N who="1" m="62575" /><E80/><V83/><F83/><W121/><G121/><T5/><D5/><U15/><E1/><V77/><F77/><W85/><G85/><T87/><D87/><U71/><E71/><V59/><F59/><W2/><G2/><T63/><D63/><U55/><E55/><V65/><F65/><W11/><G6/><T101/><D101/><U98/><E4/><RYUUKYOKU ba="1,0" sc="430,10,190,-30,190,10,190,10" hai0="45,47,109,111" hai2="13,19,49,54,58,89,93,99,100,102" hai3="8,11,12,16,18,20,21,22,116,118" /><INIT seed="0,2,0,5,5,7" ten="440,160,200,200" oya="0" hai0="21,58,88,33,48,11,117,30,12,90,45,128,4" hai1="108,75,135,19,92,13,104,76,17,127,62,107,49" hai2="8,111,51,83,109,131,53,56,112,20,16,81,126" hai3="122,113,66,87,132,55,29,85,123,41,124,64,54"/><T50/><D117/><U73/><E135/><V5/><F112/><W37/><G29/><T84/><D33/><U79/><E127/><V120/><F120/><W96/><G96/><T35/><D35/><U69/><E108/><N who="2" m="41547" /><F131/><W130/><G41/><T59/><D128/><U9/><E69/><V110/><N who="2" m="41555" /><V100/><DORA hai="15" /><F100/><W47/><G47/><T42/><D50/><U6/><E104/><V78/><F126/><W119/><G130/><T44/><D44/><U129/><E107/><V101/><F101/><W40/><G40/><T2/><D90/><U77/><E129/><V32/><F32/><W70/><G124/><T103/><D103/><U91/><E49/><V115/><F115/><W1/><G113/><T36/><D36/><U74/><REACH who="1" step="1"/><E62/><REACH who="1" ten="440,150,200,200" step="2"/><V106/><F106/><W133/><G70/><T34/><D34/><U65/><E65/><V95/><F78/><W10/><G66/><T52/><D42/><U118/><E118/><V72/><F72/><W28/><G119/><T68/><D68/><U39/><E39/><V121/><F121/><W63/><G37/><T102/><D102/><U125/><E125/><V93/><F81/><W116/><G116/><T82/><D2/><U31/><E31/><V25/><F83/><W26/><G123/><T86/><D86/><AGARI ba="2,1" hai="6,9,13,17,19,73,74,75,76,77,79,86,91,92" machi="86" ten="50,8000,1" yaku="1,1,52,3,53,0" doraHai="7,15" doraHaiUra="27,57" who="1" fromWho="0" sc="440,-86,150,96,200,0,200,0" /><INIT seed="1,0,0,4,0,49" ten="354,246,200,200" oya="1" hai0="16,130,97,114,35,58,55,28,4,27,70,50,111" hai1="117,101,8,21,133,22,131,44,82,73,134,18,122" hai2="84,68,123,15,78,135,47,7,52,110,80,81,17" hai3="37,19,109,25,43,83,23,0,30,67,90,88,33"/><U64/><E122/><V76/><F123/><W89/><G109/><T69/><D114/><U54/><E117/><V112/><F110/><W75/><G0/><T102/><D111/><U61/><E131/><V118/><F118/><W98/><G67/><T91/><D130/><U32/><E32/><V48/><F112/><W96/><G43/><T124/><D124/><U125/><E125/><V93/><F135/><N who="1" m="51721" /><E101/><V66/><F93/><W74/><G37/><T40/><D4/><U56/><E8/><V95/><F95/><W31/><G83/><T1/><D1/><U12/><E22/><V53/><F7/><W120/><G120/><T57/><D91/><U119/><E119/><V72/><F66/><W87/><G87/><T14/><D40/><U29/><E29/><V42/><F68/><W132/><G132/><T51/><D51/><N who="1" m="29031" /><E82/><V86/><F72/><AGARI ba="0,0" hai="12,18,21,56,61,64,72,73" m="29031,51721" machi="72" ten="30,2900,0" yaku="20,1,52,1" doraHai="49" who="1" fromWho="2" sc="354,0,246,29,200,-29,200,0" /><INIT seed="1,1,0,4,4,89" ten="354,275,171,200" oya="1" hai0="131,7,79,17,86,3,2,8,130,33,32,104,117" hai1="66,123,34,99,20,80,134,28,58,129,70,72,74" hai2="81,43,16,37,47,113,127,112,105,93,91,61,88" hai3="23,111,42,101,116,29,119,55,71,41,124,106,85"/><U133/><E34/><V121/><F105/><W38/><G71/><T40/><D104/><U24/><E123/><V9/><F121/><W98/><G111/><T53/><D117/><N who="3" m="45129" /><G124/><T13/><D40/><U75/><E70/><V5/><F127/><W44/><G85/><T120/><D120/><U82/><E129/><N who="0" m="49161" /><D53/><U92/><E58/><V83/><F61/><W27/><G42/><T64/><D64/><U107/><E107/><V63/><F63/><W103/><G55/><T128/><D86/><U102/><REACH who="1" step="1"/><E66/><REACH who="1" ten="354,265,171,200" step="2"/><V1/><F113/><W96/><G106/><T11/><D128/><U45/><E45/><V39/><F112/><W69/><G69/><T115/><D115/><U132/><AGARI ba="1,1" hai="20,24,28,72,74,75,80,82,92,99,102,132,133,134" machi="132" ten="40,12000,1" yaku="1,1,0,1,20,1,52,1,53,1" doraHai="89" doraHaiUra="18" who="1" fromWho="1" sc="354,-41,265,133,171,-41,200,-41" /><INIT seed="1,2,0,3,0,67" ten="313,398,130,159" oya="1" hai0="12,129,110,124,134,1,128,59,56,83,70,30,49" hai1="123,21,81,76,96,20,2,103,80,107,16,43,42" hai2="105,25,99,78,26,18,31,89,36,127,65,38,24" hai3="41,46,27,54,3,5,14,91,66,126,84,0,62"/><U50/><E123/><V132/><F78/><W61/><G126/><T125/><D1/><U98/><E2/><V79/><F79/><W135/><G135/><T52/><D30/><U51/><E76/><V131/><F127/><N who="0" m="48714" /><D12/><U17/><E107/><V11/><F132/><W117/><G117/><T118/><D134/><U23/><E21/><V73/><F73/><W97/><G97/><T94/><D94/><U75/><REACH who="1" step="1"/><E103/><REACH who="1" ten="313,388,130,159" step="2"/><V34/><F105/><W86/><G0/><T58/><D118/><U10/><E10/><V57/><F11/><W6/><G3/><T7/><D128/><U37/><E37/><V29/><F131/><W71/><G14/><T87/><D129/><U92/><E92/><V33/><F36/><W101/><G101/><T35/><D35/><U15/><E15/><V32/><F38/><W100/><G100/><T120/><D120/><U69/><E69/><V19/><F89/><W104/><G71/><T115/><D70/><U133/><E133/><V130/><F130/><W114/><G91/><T68/><D68/><U72/><AGARI ba="2,1" hai="16,17,20,23,42,43,50,51,72,75,80,81,96,98" machi="72" ten="25,12000,1" yaku="1,1,0,1,22,2,54,1,53,0" doraHai="67" doraHaiUra="48" who="1" fromWho="1" sc="313,-42,388,136,130,-42,159,-42" /><INIT seed="1,3,0,0,4,6" ten="271,524,88,117" oya="1" hai0="31,114,36,3,68,0,90,33,107,80,79,14,23" hai1="125,17,22,93,46,10,1,25,2,34,121,119,131" hai2="62,86,66,108,40,130,63,97,132,98,87,15,102" hai3="120,57,59,78,37,105,92,8,112,41,89,29,9"/><U5/><E121/><V94/><F108/><W73/><G105/><T7/><D114/><U115/><E115/><V19/><F132/><W53/><G112/><T18/><D36/><U70/><E70/><V54/><F130/><W72/><G120/><T124/><D68/><U122/><E122/><V91/><F40/><W74/><G78/><T30/><D107/><U123/><E123/><V42/><F42/><W24/><G41/><T21/><D90/><U65/><E65/><V118/><F118/><W76/><G76/><T20/><D124/><U69/><E46/><V32/><F32/><W129/><G37/><T88/><D88/><U81/><E81/><V55/><F86/><W16/><G129/><T95/><D95/><U99/><E69/><V116/><F116/><W71/><G71/><T50/><D50/><U82/><E82/><V28/><F28/><N who="0" m="10794" /><D80/><U75/><E75/><V49/><F49/><W52/><G59/><T128/><D79/><U44/><E44/><V12/><F12/><W13/><G57/><T60/><D60/><N who="2" m="23082" /><F66/><W113/><G113/><T47/><D47/><U106/><E106/><V104/><F104/><W61/><G61/><T67/><D67/><U85/><E85/><V43/><F43/><W101/><G101/><T127/><D127/><U48/><E48/><V111/><F111/><W103/><G103/><T84/><D84/><U100/><E119/><V56/><F56/><W4/><G89/><T39/><D39/><U35/><E35/><V77/><F77/><W51/><G51/><T133/><D128/><U45/><E45/><V117/><F117/><RYUUKYOKU ba="3,0" sc="271,0,524,0,88,0,117,0" /><INIT seed="2,4,0,2,2,81" ten="271,524,88,117" oya="2" hai0="117,0,13,57,128,63,83,72,89,90,53,8,25" hai1="39,14,41,127,132,31,99,2,80,19,3,6,120" hai2="51,61,68,50,37,106,108,75,134,4,85,66,95" hai3="69,30,43,102,74,45,104,86,78,38,87,113,18"/><V46/><F75/><W23/><G69/><T29/><D0/><U82/><E6/><V94/><F106/><W49/><G113/><T125/><D125/><U47/><E31/><V76/><F4/><W5/><G30/><T79/><D128/><U116/><E116/><V21/><F134/><W126/><G126/><T84/><D117/><U58/><E127/><V93/><F108/><W91/><G5/><T100/><D100/><U67/><E99/><V10/><F10/><W112/><G112/><T135/><D135/><U101/><E101/><V27/><F37/><W71/><G71/><T1/><D1/><U22/><E132/><V34/><F34/><W119/><G119/><T11/><D72/><U15/><E15/><V17/><REACH who="2" step="1"/><F46/><REACH who="2" ten="271,524,78,117" step="2"/><W64/><G74/><T62/><D8/><N who="1" m="6599" /><E47/><V105/><F105/><W56/><G38/><T20/><D63/><N who="1" m="38391" /><E39/><V88/><F88/><W65/><G104/><T24/><D90/><U33/><E33/><V92/><N who="2" m="23552" /><DORA hai="103" /><V36/><F36/><W70/><G102/><T55/><D89/><U32/><E32/><V130/><F130/><W118/><G118/><T7/><D7/><U40/><E2/><V48/><F48/><W133/><G133/><T9/><D9/><U12/><E3/><V124/><F124/><W109/><G109/><T44/><D44/><U110/><E110/><V16/><F16/><W131/><G131/><T122/><D62/><U114/><E114/><V59/><F59/><W97/><G56/><T107/><D57/><U35/><E35/><V26/><F26/><W123/><G18/><T77/><D25/><RYUUKYOKU ba="4,1" sc="271,-10,524,-10,78,30,117,-10" hai2="17,21,27,50,51,61,66,68,76,85" /><INIT seed="2,5,1,0,2,125" ten="261,514,108,107" oya="2" hai0="2,115,86,110,6,33,76,92,61,42,87,65,71" hai1="40,29,104,93,96,11,114,100,124,94,122,109,95" hai2="32,1,60,63,30,99,35,88,80,129,118,64,128" hai3="8,98,4,55,27,13,14,120,74,67,0,83,52"/><V43/><F118/><W68/><G120/><T41/><D115/><U130/><E29/><V89/><F1/><W113/><G113/><T121/><D121/><U66/><E114/><V73/><F43/><W107/><G27/><T58/><D33/><U134/><E66/><V123/><F123/><W49/><G67/><T37/><D110/><U91/><E11/><V47/><F47/><W10/><G68/><T50/><D2/><U85/><E40/><V57/><F73/><W131/><G0/><T132/><D132/><U102/><E122/><V21/><F21/><W20/><G20/><T105/><D105/><U28/><E28/><V135/><F135/><W133/><G133/><T22/><D6/><U117/><E134/><V24/><F35/><W127/><G127/><T31/><D37/><U62/><E62/><V34/><F34/><W44/><G55/><T51/><D71/><U77/><E109/><V5/><F5/><W19/><G131/><N who="2" m="50249" /><F80/><W48/><G74/><T36/><D36/><U79/><E124/><V18/><F18/><W82/><G49/><T7/><D7/><U101/><E117/><V3/><F3/><W59/><G44/><T39/><D39/><U97/><E130/><V23/><F32/><W45/><G45/><T103/><D41/><U70/><E70/><N who="2" m="42247" /><F99/><AGARI ba="5,1" hai="77,79,85,91,93,94,95,96,97,99,100,101,102,104" machi="99" ten="40,12000,2" yaku="9,1,35,6" doraHai="125" who="1" fromWho="2" sc="261,0,514,145,108,-135,107,0" owari="261,6.0,659,76.0,-27,-53.0,107,-29.0" /></mjloggm>