<mjloggm ver="2.3"><GO type="169" lobby="0"/><UN n0="%E3%81%8A%E3%81%8B%E3%81%B0" n1="%68%69%6E%61%6A%69%6E%6E" n2="%6D%6E%77%32%30%30%30%30" n3="%E3%82%A6%E3%83%AB%E3%83%88%E3%83%A9%E7%AB%8B%E7%9B%B4" dan="16,16,17,18" rate="2136.53,2136.07,2172.68,2198.21" sx="M,M,M,M"/><TAIKYOKU oya="0"/><INIT seed="0,0,0,3,1,77" ten="250,250,250,250" oya="0" hai0="4,135,86,76,92,66,103,28,44,95,19,105,62" hai1="93,52,40,0,31,15,131,37,6,42,68,98,7" hai2="113,122,35,65,48,127,49,50,74,60,115,78,134" hai3="45,14,36,3,111,80,12,116,121,18,71,51,56"/><T112/><D112/><U117/><E68/><V97/><F122/><W2/><G116/><T67/><D4/><U101/><E131/><V120/><F120/><W69/><G121/><T129/><D28/><U90/><E31/><V119/><F119/><W34/><G34/><T9/><D129/><U25/><E25/><V53/><F35/><W87/><G36/><T73/><D44/><U16/><E37/><V21/><F134/><W55/><G111/><T24/><D92/><N who="1" m="58567" /><E0/><V70/><F127/><W8/><G71/><T130/><D130/><U124/><E124/><V88/><F21/><W89/><G69/><T33/><D66/><U58/><E40/><V106/><F53/><W123/><G123/><T5/><D19/><U46/><E46/><V91/><F106/><W30/><G30/><N who="0" m="19655" /><D135/><U64/><E42/><V1/><F1/><W47/><G47/><T128/><D128/><U99/><E64/><V96/><F113/><W39/><G39/><T109/><D109/><U11/><E117/><V29/><F29/><W107/><G107/><T118/><D118/><U83/><E83/><V110/><F110/><W79/><G56/><T59/><D59/><U81/><E81/><N who="2" m="45271" /><F115/><W84/><G14/><N who="0" m="5423" /><D105/><U17/><E6/><V63/><F63/><AGARI ba="0,0" hai="7,11,15,16,17,52,58,63,90,93,99" m="58567" machi="63" ten="30,3900,0" yaku="8,1,54,2" doraHai="77" who="1" fromWho="2" sc="250,0,250,39,250,-39,250,0" /><INIT seed="1,0,0,0,0,24" ten="250,289,211,250" oya="1" hai0="79,116,65,108,56,126,3,26,6,17,120,68,64" hai1="52,59,28,130,61,90,107,38,50,75,29,85,115" hai2="97,112,5,83,103,30,131,110,57,60,76,106,14" hai3="73,67,95,77,80,46,89,124,111,135,113,44,15"/><U87/><E38/><V18/><F131/><W54/><G113/><T129/><D116/><U31/><E130/><V84/><F112/><W125/><G67/><T74/><D129/><U122/><E122/><V92/><F110/><W16/><G135/><T7/><D68/><U35/><E107/><V36/><F36/><W23/><G111/><T109/><D108/><U9/><E75/><V114/><F114/><W8/><G8/><T48/><D109/><U102/><E102/><V4/><F106/><W34/><G34/><T96/><D120/><U101/><E101/><V91/><F76/><W104/><G104/><T37/><D37/><U43/><E9/><V11/><REACH who="2" step="1"/><F30/><REACH who="2" ten="250,289,201,250" step="2"/><W33/><G33/><T13/><D79/><U63/><E115/><V105/><F105/><W117/><G117/><T0/><D126/><N who="3" m="48745" /><G54/><AGARI ba="0,1" hai="4,5,11,14,18,54,57,60,83,84,91,92,97,103" machi="54" ten="30,3900,0" yaku="1,1,7,1,8,1,53,0" doraHai="24" doraHaiUra="21" who="2" fromWho="3" sc="250,0,289,0,201,49,250,-39" /><INIT seed="2,0,0,3,1,110" ten="250,289,250,211" oya="2" hai0="78,30,70,112,100,44,131,21,84,20,12,113,97" hai1="15,67,48,56,105,91,63,41,6,101,72,42,1" hai2="98,134,122,19,120,124,82,69,39,54,81,3,89" hai3="115,38,79,126,59,24,28,73,93,34,80,2,121"/><V132/><F69/><W86/><G121/><N who="2" m="46697" /><F39/><W75/><G126/><T11/><D70/><U5/><E1/><V117/><F54/><W95/><G38/><T103/><D103/><U57/><E72/><V133/><F3/><W125/><G125/><T45/><D44/><U14/><E101/><V40/><F40/><W9/><G59/><T27/><D21/><U16/><E105/><V129/><F19/><W13/><G2/><T106/><D131/><U111/><E91/><V88/><F124/><W64/><G64/><T62/><D62/><N who="1" m="38343" /><E15/><V102/><F129/><W37/><G37/><T8/><D45/><N who="1" m="25647" /><E111/><V17/><F17/><W109/><G109/><T74/><D74/><U123/><E42/><V61/><F117/><W32/><G32/><T43/><D43/><U50/><E50/><V31/><F61/><W55/><G34/><T10/><REACH who="0" step="1"/><D12/><REACH who="0" ten="240,289,250,211" step="2"/><U94/><E123/><V22/><F22/><W71/><G13/><T76/><D76/><U46/><E46/><V83/><F31/><W104/><G28/><T92/><D92/><AGARI ba="0,1" hai="81,82,83,88,89,92,98,102,132,133,134" m="46697" machi="92" ten="40,12000,1" yaku="20,1,34,2,54,1" doraHai="110" who="2" fromWho="0" sc="240,-120,289,0,250,130,211,0" /><INIT seed="2,1,0,5,3,25" ten="120,289,380,211" oya="2" hai0="48,125,47,92,118,20,32,10,58,101,19,13,90" hai1="122,31,109,130,117,44,11,59,15,52,63,51,66" hai2="131,68,83,73,42,94,23,134,5,112,55,33,4" hai3="24,12,16,126,26,123,81,62,18,89,2,70,124"/><V133/><F33/><W60/><G2/><T64/><D32/><U7/><E117/><V28/><F112/><W87/><G123/><T77/><D118/><U100/><E109/><V49/><F68/><W69/><G12/><T80/><D125/><U106/><E130/><V114/><F42/><W21/><G87/><T54/><D101/><U88/><E122/><V110/><F110/><W67/><G81/><T115/><D115/><U3/><E3/><V129/><F94/><W29/><G89/><T37/><D37/><U132/><E132/><N who="2" m="50795" /><F114/><W46/><G46/><T113/><D113/><U78/><E78/><N who="2" m="44495" /><F28/><W108/><G108/><T38/><D38/><U14/><E31/><V30/><F30/><W6/><G6/><N who="2" m="2665" /><F23/><W86/><G86/><T1/><D1/><U0/><E106/><V98/><F98/><W39/><G39/><T79/><D80/><U120/><E100/><V71/><F71/><W72/><G72/><T97/><REACH who="0" step="1"/><D20/><REACH who="0" ten="110,289,380,211" step="2"/><U104/><E120/><V9/><F9/><W107/><G126/><T40/><D40/><U22/><E22/><V103/><F103/><W57/><G124/><T43/><D43/><U135/><E104/><V116/><F116/><W34/><G21/><T56/><D56/><AGARI ba="1,1" hai="49,55,56,129,131" m="2665,44495,50795" machi="56" ten="30,1500,0" yaku="20,1" doraHai="25" who="2" fromWho="0" sc="110,-18,289,0,380,28,211,0" /><INIT seed="2,2,0,4,0,70" ten="92,289,408,211" oya="2" hai0="44,26,102,118,127,50,52,101,1,33,71,95,34" hai1="42,93,60,59,76,47,13,3,112,133,15,6,40" hai2="124,125,107,109,67,64,4,36,2,97,39,120,73" hai3="43,30,29,94,58,132,28,83,66,45,20,100,49"/><V99/><F73/><W11/><G132/><T12/><D1/><U86/><E133/><V82/><F82/><W130/><G130/><T0/><D0/><U65/><E42/><V84/><F84/><W37/><G83/><T41/><D71/><U92/><E3/><V114/><F114/><W81/><G81/><T89/><D127/><N who="2" m="48714" /><F120/><W126/><G11/><T121/><D121/><U74/><E74/><V61/><F109/><W22/><G126/><T85/><D118/><U16/><E76/><V108/><F108/><W35/><G35/><T72/><D72/><U38/><E86/><V24/><F24/><W116/><G116/><T119/><D119/><U32/><E32/><V129/><F129/><W48/><G37/><N who="2" m="14409" /><F107/><W62/><G49/><T123/><D123/><U79/><E79/><V7/><F67/><W106/><G106/><T110/><D110/><U9/><E112/><V88/><F2/><W55/><G66/><T46/><D12/><U25/><E25/><V56/><F88/><W8/><G94/><T31/><REACH who="0" step="1"/><D34/><REACH who="0" ten="82,289,408,211" step="2"/><U135/><E135/><V27/><F27/><W51/><G100/><T111/><D111/><U103/><E103/><V69/><F69/><W19/><G30/><T68/><D68/><U78/><E78/><V57/><F57/><N who="3" m="35135" /><G29/><T87/><D87/><U122/><E122/><V75/><F75/><W117/><G28/><T80/><D80/><U10/><AGARI ba="2,1" hai="6,9,10,13,15,16,38,40,47,59,60,65,92,93" machi="10" ten="20,5200,0" yaku="0,1,7,1,52,1,54,1" doraHai="70" who="1" fromWho="1" sc="82,-15,289,68,408,-28,211,-15" /><INIT seed="3,0,0,4,5,64" ten="67,357,380,196" oya="3" hai0="52,35,79,23,51,125,104,101,42,3,114,83,87" hai1="66,100,31,111,54,119,19,113,91,47,118,68,92" hai2="40,29,96,55,37,81,122,28,134,90,21,9,48" hai3="34,130,103,99,46,65,36,5,95,69,25,2,12"/><W32/><G130/><T57/><D35/><U128/><E128/><V18/><F122/><W123/><G123/><T33/><D33/><U105/><E113/><V27/><F134/><W60/><G2/><T93/><D104/><U135/><E135/><V106/><F37/><W109/><G109/><T89/><D114/><U15/><E111/><V107/><F40/><W58/><G25/><T63/><D125/><U49/><E31/><V76/><F29/><W45/><G58/><T6/><D101/><U44/><E44/><V82/><F82/><W16/><G5/><T115/><D115/><U98/><E66/><V14/><F96/><W110/><G46/><T126/><D126/><U70/><E100/><V0/><F0/><W78/><G110/><T59/><D3/><U84/><E105/><V75/><REACH who="2" step="1"/><F90/><REACH who="2" ten="67,357,370,196" step="2"/><W121/><G121/><T43/><D6/><U108/><E98/><V72/><F72/><W120/><G120/><T112/><D112/><U131/><E108/><V129/><F129/><W20/><REACH who="3" step="1"/><G78/><REACH who="3" ten="67,357,370,186" step="2"/><T77/><D79/><U61/><E131/><V117/><F117/><W11/><G11/><T8/><D8/><U17/><E119/><V116/><F116/><W67/><G67/><T133/><D133/><U26/><E118/><V7/><F7/><W132/><G132/><T41/><D23/><U30/><E26/><V127/><F127/><W94/><G94/><T85/><REACH who="0" step="1"/><D41/><AGARI ba="0,2" hai="12,16,20,32,34,36,41,45,60,65,69,95,99,103" machi="41" ten="40,7700,0" yaku="1,1,52,1,54,1,53,0" doraHai="64" doraHaiUra="1" who="3" fromWho="0" sc="67,-77,357,0,370,0,186,97" owari="-10,-51.0,357,16.0,370,47.0,283,-12.0" /></mjloggm>