<mjloggm ver="2.3"><GO type="169" lobby="0"/><UN n0="%E5%B0%B1%E6%B4%BB%E7%94%9F%40%E5%B7%9D%E6%9D%91%E8%BB%8D%E5%9B%A3" n1="%E3%82%B5%E3%82%AD%E3%82%B6" n2="%53%74%65%61%6C%74%68%47" n3="%6B%61%6D%6F%73%68%69%6E" dan="18,16,16,17" rate="2310.87,2039.13,2056.46,2143.48" sx="M,M,M,M"/><TAIKYOKU oya="0"/><INIT seed="0,0,0,1,4,30" ten="250,250,250,250" oya="0" hai0="106,81,105,90,14,2,133,87,68,29,58,83,59" hai1="8,34,48,99,11,121,5,13,21,54,35,64,41" hai2="52,110,66,53,12,36,108,124,19,40,117,120,28" hai3="89,15,55,95,27,46,126,74,51,134,23,20,50"/><T96/><D2/><U31/><E121/><V45/><F120/><W135/><G74/><T113/><D68/><U62/><E41/><V107/><F124/><W131/><G126/><T112/><D133/><N who="3" m="50697" /><G131/><T103/><D105/><U79/><E79/><V80/><F117/><W4/><G51/><T57/><D29/><U75/><E75/><V49/><F107/><W25/><G4/><T63/><D63/><U18/><E99/><V119/><F119/><W104/><G104/><T78/><REACH who="0" step="1"/><D14/><REACH who="0" ten="240,250,250,250" step="2"/><U39/><E31/><V69/><F12/><W85/><G15/><T56/><N who="0" m="14848" /><DORA hai="86" /><T114/><D114/><U122/><E62/><V92/><F69/><W111/><G111/><T0/><D0/><U42/><E122/><V47/><F28/><W125/><G125/><T132/><D132/><U118/><E11/><V9/><F9/><W44/><G25/><T6/><D6/><U65/><E118/><V109/><F109/><W24/><G24/><T3/><D3/><N who="1" m="63" /><E65/><V16/><F66/><W38/><G27/><T33/><D33/><U71/><E64/><V101/><F110/><W130/><G130/><T127/><D127/><U61/><E61/><V60/><F60/><W43/><AGARI ba="0,1" hai="20,23,38,43,44,46,50,55,85,89,95" m="50697" machi="43" ten="30,2000,0" yaku="20,1,52,1" doraHai="30,86" who="3" fromWho="3" sc="240,-10,250,-5,250,-5,250,30" /><INIT seed="1,0,0,2,5,130" ten="230,245,245,280" oya="1" hai0="43,48,55,117,94,122,61,56,19,95,96,67,34" hai1="59,80,125,21,116,103,81,111,89,118,126,134,29" hai2="42,105,101,74,73,129,35,91,2,109,83,123,131" hai3="120,71,22,5,64,75,108,66,121,33,133,77,114"/><U46/><E111/><V60/><F35/><W104/><G22/><T128/><D128/><N who="2" m="49226" /><F2/><W119/><G66/><T58/><D117/><N who="1" m="45163" /><E46/><V132/><F123/><W30/><G30/><T76/><D122/><U51/><E103/><V3/><F3/><W90/><G5/><T16/><D34/><U87/><E29/><V53/><F109/><W39/><G64/><T31/><D31/><U102/><E21/><V107/><F42/><W127/><G77/><T15/><D76/><U4/><E4/><V0/><F0/><W14/><G121/><T54/><D43/><U13/><E13/><V69/><F69/><W38/><G14/><T6/><D67/><U20/><E20/><V115/><F60/><W17/><G71/><T36/><D36/><U62/><E51/><V41/><F53/><W97/><G39/><T23/><D95/><N who="1" m="54719" /><E102/><V63/><F101/><W82/><G38/><T7/><REACH who="0" step="1"/><D19/><REACH who="0" ten="220,245,245,280" step="2"/><U49/><E81/><V32/><F83/><W78/><G17/><T124/><D124/><U44/><E80/><V99/><F41/><W12/><G127/><T72/><D72/><U135/><E126/><V50/><F74/><W26/><G120/><T24/><D24/><U37/><E37/><V92/><F73/><W45/><G26/><T70/><D70/><U27/><E27/><V112/><F32/><W98/><G75/><T68/><D68/><U10/><E125/><V65/><F65/><W28/><G78/><T25/><D25/><U18/><E18/><V106/><F92/><W9/><G82/><T11/><D11/><U113/><E10/><V52/><F106/><RYUUKYOKU ba="0,1" sc="220,30,245,-10,245,-10,280,-10" hai0="6,7,15,16,23,48,54,55,56,58,61,94,96" /><INIT seed="2,1,1,2,0,9" ten="250,235,235,270" oya="2" hai0="79,88,6,28,69,24,4,37,71,100,12,118,18" hai1="89,8,86,45,50,91,132,87,65,14,49,46,82" hai2="102,106,90,63,92,11,31,67,0,25,105,117,129" hai3="57,22,44,115,103,34,53,47,61,126,48,116,55"/><V3/><F117/><W10/><G34/><T80/><D37/><U60/><E132/><V75/><F75/><W113/><G116/><T111/><D118/><U93/><E46/><V1/><F129/><W131/><G103/><T130/><D100/><U15/><E8/><V120/><F120/><W40/><G22/><T62/><D111/><U7/><E7/><V2/><F102/><W76/><G76/><T125/><D125/><U5/><E5/><V112/><F112/><N who="3" m="43083" /><G10/><T108/><D108/><U68/><REACH who="1" step="1"/><E50/><REACH who="1" ten="250,225,235,270" step="2"/><V54/><F11/><W127/><G131/><T78/><D4/><U29/><E29/><V133/><F133/><W20/><G20/><T41/><D28/><U66/><E66/><V74/><F2/><W119/><G119/><T110/><D6/><U121/><E121/><V26/><F31/><W70/><G70/><T43/><D71/><U134/><E134/><V135/><F135/><W123/><G123/><T35/><D69/><U51/><E51/><AGARI ba="1,2" hai="40,44,47,48,51,53,55,57,61,126,127" m="43083" machi="51" ten="30,3900,0" yaku="11,1,34,2" doraHai="9" who="3" fromWho="1" sc="250,0,225,-42,235,0,270,62" /><INIT seed="3,0,0,5,2,20" ten="250,183,235,332" oya="3" hai0="99,44,14,76,114,117,113,133,51,46,123,109,103" hai1="86,38,128,120,50,55,104,60,84,71,92,5,33" hai2="70,4,59,30,82,102,83,42,1,134,119,129,22" hai3="63,121,73,19,62,101,75,25,6,61,10,12,21"/><W37/><G121/><T130/><D123/><U69/><E104/><V96/><F119/><W49/><G37/><T80/><D117/><U115/><E38/><V27/><F70/><W9/><G101/><T3/><D3/><U17/><E120/><V97/><F129/><W112/><G112/><T26/><D14/><U0/><E115/><V93/><F134/><W18/><REACH who="3" step="1"/><G49/><REACH who="3" ten="250,183,235,322" step="2"/><T90/><D51/><U124/><E50/><V13/><F42/><W135/><G135/><T48/><D48/><U122/><E122/><V52/><F1/><AGARI ba="0,1" hai="1,6,9,10,12,18,19,21,25,61,62,63,73,75" machi="1" ten="40,3900,0" yaku="1,1,52,1,53,0" doraHai="20" doraHaiUra="39" who="3" fromWho="2" sc="250,0,183,0,235,-39,322,49" /><INIT seed="3,1,0,4,1,19" ten="250,183,196,371" oya="3" hai0="53,36,39,89,114,94,129,119,58,63,95,130,135" hai1="46,86,2,116,18,104,88,128,21,75,6,49,105" hai2="9,92,51,52,22,7,42,127,101,80,30,122,83" hai3="111,93,85,14,81,68,106,87,102,57,79,98,100"/><W60/><G68/><T131/><D119/><U133/><E75/><V61/><F122/><W3/><G3/><T11/><D135/><U8/><E133/><V35/><F35/><W55/><G111/><T134/><D134/><U126/><E126/><V124/><F42/><W96/><G14/><T54/><D114/><U112/><E128/><V48/><F61/><W10/><G10/><T121/><D121/><U37/><E37/><V82/><F101/><W4/><G4/><T17/><D54/><U26/><E112/><V5/><F92/><W90/><REACH who="3" step="1"/><G87/><REACH who="3" ten="250,183,196,361" step="2"/><T56/><D11/><U77/><E116/><V97/><F9/><W132/><G132/><T41/><D130/><U69/><E69/><V91/><F5/><W50/><G50/><T23/><D39/><U70/><E70/><V120/><F48/><W108/><G108/><T64/><D36/><U65/><E2/><V109/><F7/><W74/><G74/><T125/><D125/><U110/><E110/><V99/><F109/><W44/><G44/><T40/><D129/><U107/><E8/><V62/><F120/><W67/><G67/><T24/><D131/><U117/><E117/><V27/><F124/><W43/><G43/><N who="0" m="16459" /><D89/><AGARI ba="1,1" hai="55,57,60,79,81,85,89,90,93,96,98,100,102,106" machi="89" ten="40,7700,0" yaku="1,1,53,2" doraHai="19" doraHaiUra="84" who="3" fromWho="0" sc="250,-80,183,0,196,0,361,90" /><INIT seed="3,2,0,0,3,26" ten="170,183,196,451" oya="3" hai0="109,85,7,132,6,69,56,25,78,75,32,84,23" hai1="124,29,94,44,80,14,70,122,57,47,116,37,41" hai2="90,135,18,24,133,5,121,52,101,113,28,10,1" hai3="108,36,30,68,72,87,9,40,125,107,39,105,131"/><W33/><G87/><T134/><D69/><U42/><E122/><V16/><F113/><W71/><G131/><T120/><D32/><U130/><E70/><N who="3" m="26666" /><G125/><T114/><D120/><U50/><E124/><V27/><F101/><W62/><G62/><T60/><D109/><U86/><E130/><V2/><F121/><W119/><G119/><T89/><D75/><U54/><E116/><V61/><F90/><W77/><G9/><T106/><D106/><N who="3" m="40457" /><G40/><T127/><D127/><U104/><E104/><V93/><F93/><W34/><G108/><T51/><D51/><U19/><E94/><V35/><F2/><W102/><G102/><T88/><D78/><U4/><E4/><N who="0" m="1577" /><D114/><U12/><E19/><V22/><REACH who="2" step="1"/><F18/><REACH who="2" ten="170,183,186,451" step="2"/><W126/><G126/><T55/><D132/><U96/><E96/><V103/><F103/><W117/><G117/><T112/><D112/><U100/><E100/><V111/><F111/><W118/><G118/><T31/><D134/><U73/><E29/><V115/><F115/><W91/><G30/><T123/><D123/><U8/><E8/><V48/><F48/><W110/><G91/><AGARI ba="2,1" hai="23,25,31,55,56,60,84,85,88,89,91" m="1577" machi="91" ten="30,3900,0" yaku="8,1,52,1,54,1" doraHai="26" who="0" fromWho="3" sc="170,55,183,0,186,0,451,-45" /><INIT seed="4,0,0,0,3,0" ten="225,183,186,406" oya="0" hai0="120,81,43,109,5,121,60,55,73,62,52,107,31" hai1="99,23,26,9,70,96,7,68,1,106,98,11,71" hai2="94,110,24,74,85,65,39,53,127,42,64,69,61" hai3="100,38,124,8,129,33,13,17,56,134,93,46,90"/><T133/><D107/><U41/><E41/><V84/><F74/><W113/><G33/><T135/><D31/><U97/><E11/><V130/><F110/><W77/><G113/><T44/><D5/><U122/><E122/><N who="0" m="47209" /><D81/><U58/><E58/><V47/><F130/><W32/><G100/><T128/><D73/><U126/><E126/><V116/><F116/><W67/><G124/><T115/><D115/><U87/><E87/><V14/><F127/><W15/><G129/><T75/><D75/><U22/><REACH who="1" step="1"/><E26/><REACH who="1" ten="225,173,186,406" step="2"/><V88/><F24/><W10/><G8/><T78/><D128/><U112/><E112/><V29/><F85/><W49/><G10/><T104/><D78/><U59/><E59/><V80/><F84/><W19/><G77/><T63/><D109/><U82/><E82/><V6/><F80/><W4/><G56/><T132/><D104/><U35/><E35/><V86/><F42/><W102/><G32/><T111/><D111/><U57/><E57/><V34/><F86/><W2/><G38/><AGARI ba="0,1" hai="38,43,44,52,55,60,62,63,132,133,135" m="47209" machi="38" ten="40,12000,1" yaku="20,1,34,2,54,1" doraHai="0" who="0" fromWho="3" sc="225,130,173,0,186,0,406,-120" /><INIT seed="4,1,0,2,0,42" ten="355,173,186,286" oya="0" hai0="99,26,77,62,103,118,22,131,65,112,94,110,49" hai1="54,4,61,37,25,24,82,75,106,102,20,104,134" hai2="132,14,55,18,59,81,50,71,72,130,114,70,122" hai3="85,127,108,64,123,111,109,86,91,83,23,80,33"/><T9/><D118/><U40/><E134/><V115/><F122/><W45/><G33/><T53/><D112/><N who="2" m="43050" /><F132/><W57/><G127/><T133/><D131/><U128/><E128/><V60/><F130/><W68/><G68/><T84/><D9/><U63/><E4/><V12/><F60/><W117/><G117/><T66/><D110/><U13/><E13/><N who="2" m="5227" /><F18/><W98/><G123/><T36/><D36/><U79/><E25/><V44/><F59/><W28/><G98/><T17/><D133/><U21/><E21/><V89/><F72/><W10/><G10/><T43/><D43/><U92/><E63/><V90/><F81/><W125/><G57/><T97/><D62/><U48/><E61/><V101/><F101/><W113/><G64/><T32/><D32/><U126/><E126/><V31/><F31/><W95/><G125/><T30/><D30/><U52/><E37/><V78/><F78/><W93/><G28/><T34/><D34/><U1/><E1/><V46/><F71/><W41/><G23/><T6/><D6/><U8/><E8/><V100/><F100/><W0/><G0/><T16/><D17/><N who="1" m="12303" /><E48/><N who="2" m="29063" /><F70/><W107/><G107/><N who="1" m="41002" /><E40/><AGARI ba="1,0" hai="40,46,50,89,90" m="29063,5227,43050" machi="40" ten="30,3900,0" yaku="15,1,52,2" doraHai="42" who="2" fromWho="1" sc="355,0,173,-42,186,42,286,0" /><INIT seed="5,0,0,4,5,72" ten="355,131,228,286" oya="1" hai0="20,115,0,18,7,80,13,79,5,93,130,41,38" hai1="127,112,123,57,100,40,55,21,107,37,78,33,73" hai2="106,8,102,134,94,129,45,133,49,111,16,50,91" hai3="83,25,24,104,131,87,117,124,68,70,126,65,17"/><U53/><E33/><V63/><F111/><W67/><G104/><T76/><D0/><U84/><E123/><V113/><F129/><W98/><G131/><T71/><D71/><U120/><E120/><V110/><F110/><W116/><G98/><T43/><D38/><U11/><E73/><V59/><F113/><W48/><G48/><T103/><D80/><N who="1" m="47127" /><E112/><V64/><F102/><W66/><G17/><T90/><D103/><U122/><E122/><V121/><F106/><W42/><G42/><N who="0" m="15883" /><D130/><U69/><E69/><N who="3" m="26730" /><G83/><T51/><D51/><N who="2" m="19466" /><F45/><W2/><G87/><N who="0" m="52447" /><D115/><U81/><E127/><N who="3" m="48682" /><G2/><T3/><D3/><U128/><E128/><V108/><F121/><W77/><G77/><AGARI ba="0,0" hai="5,7,13,18,20,76,77,79" m="52447,15883" machi="77" ten="30,7700,0" yaku="8,1,52,3" doraHai="72" who="0" fromWho="3" sc="355,77,131,0,228,0,286,-77" /><INIT seed="6,0,0,2,4,26" ten="432,131,228,209" oya="2" hai0="119,83,86,32,117,108,44,80,21,62,98,99,131" hai1="29,28,9,84,134,22,74,132,10,85,49,77,12" hai2="130,55,23,90,16,104,122,129,118,14,63,35,15" hai3="3,25,64,11,125,68,67,114,76,123,36,102,46"/><V0/><F122/><W101/><G123/><T72/><D32/><U95/><E74/><V89/><F0/><W135/><G135/><N who="1" m="51754" /><E22/><V127/><F118/><W51/><G125/><T61/><D131/><N who="2" m="50186" /><F127/><W4/><G36/><T27/><D44/><U73/><E73/><V124/><F124/><W1/><G1/><T111/><D72/><U92/><E49/><V18/><F104/><W97/><G76/><T38/><D38/><U48/><E48/><V103/><F103/><W7/><G114/><T100/><D62/><U17/><E10/><N who="2" m="6231" /><F35/><W43/><G102/><T40/><D40/><U94/><E77/><V75/><F75/><W115/><G115/><T52/><D100/><U6/><E6/><V56/><AGARI ba="0,0" hai="15,18,23,55,56,63,89,90" m="6231,50186" machi="56" ten="30,3000,0" yaku="19,1,54,1" doraHai="26" who="2" fromWho="2" sc="432,-10,131,-10,228,30,209,-10" /><INIT seed="6,1,0,4,0,72" ten="422,121,258,199" oya="2" hai0="31,58,88,26,93,101,133,20,42,52,108,79,103" hai1="116,19,96,113,55,76,98,131,10,123,87,39,38" hai2="37,122,21,118,63,112,135,35,15,27,11,85,22" hai3="89,134,128,109,132,67,62,70,13,43,41,86,54"/><V51/><F122/><W104/><G104/><T81/><D108/><U120/><E116/><V68/><F37/><W94/><G109/><T95/><D42/><U105/><E113/><V129/><F118/><W102/><G128/><T49/><D95/><U5/><E131/><V124/><F129/><W64/><G64/><T30/><D30/><U16/><E55/><V60/><F112/><W106/><G13/><T90/><D90/><U125/><E125/><V32/><F124/><W80/><G106/><T36/><D36/><N who="1" m="13867" /><E105/><V33/><F51/><W83/><G54/><T3/><D3/><N who="1" m="319" /><E98/><V65/><F85/><W53/><G53/><T50/><D50/><U44/><E96/><V6/><F135/><N who="3" m="51755" /><G102/><T117/><D117/><U24/><E24/><V56/><F27/><W73/><G73/><T92/><D92/><U97/><E97/><V99/><F99/><N who="3" m="57807" /><G83/><T46/><D133/><U29/><E44/><V28/><F56/><W111/><G111/><T69/><D69/><U4/><E4/><V84/><F6/><W59/><G59/><T107/><D107/><U82/><E29/><V91/><F22/><W12/><G12/><T17/><D31/><U77/><E19/><V48/><F84/><W114/><G114/><T71/><D71/><U78/><E16/><V61/><F48/><W130/><G130/><T121/><D58/><U57/><E57/><V119/><F91/><AGARI ba="1,0" hai="41,43,62,67,70,80,86,91" m="57807,51755" machi="91" ten="30,1000,0" yaku="20,1" doraHai="72" who="3" fromWho="2" sc="422,0,121,0,258,-13,199,13" /><INIT seed="7,0,0,1,5,79" ten="422,121,245,212" oya="3" hai0="133,81,19,113,32,16,17,10,131,18,67,21,107" hai1="89,44,65,52,74,98,45,5,34,49,15,111,103" hai2="58,9,82,43,97,39,134,11,46,117,22,129,31" hai3="127,112,23,13,57,69,132,71,25,63,130,56,55"/><W95/><G112/><T100/><D32/><U66/><E111/><V135/><F117/><W101/><G130/><T0/><D133/><N who="2" m="50698" /><F129/><W109/><G132/><T123/><D123/><U48/><E34/><V90/><F58/><W120/><G120/><T50/><D67/><U72/><E74/><V28/><F82/><W114/><G114/><T96/><D81/><U87/><E72/><V47/><F47/><W40/><G127/><T51/><D113/><U62/><E62/><V27/><F31/><W126/><G126/><T118/><D118/><U12/><E103/><V78/><F78/><W80/><G109/><T84/><D84/><U106/><E98/><V108/><F108/><W37/><G13/><T3/><D131/><U102/><E102/><V92/><AGARI ba="0,0" hai="9,11,22,27,28,39,43,46,90,92,97" m="50698" machi="92" ten="30,1100,0" yaku="20,1" doraHai="79" who="2" fromWho="2" sc="422,-3,121,-3,245,11,212,-5" owari="419,51.0,118,-38.0,256,6.0,207,-19.0" /></mjloggm>