<mjloggm ver="2.3"><GO type="169" lobby="0"/><UN n0="%E6%A0%97%E7%94%B0%E6%81%AD%E5%AE%8F" n1="%E3%82%A8%E3%83%83%E3%83%95%E3%82%A7%E3%83%AB%E5%A1%94" n2="%E3%82%A6%E3%83%AB%E3%83%88%E3%83%A9%E7%AB%8B%E7%9B%B4" n3="%E3%83%93%E3%82%B9%E3%82%AF%E3%83%89%E3%83%BC%E3%83%AB" dan="16,16,18,16" rate="2096.71,2104.56,2293.12,2134.58" sx="M,M,M,F"/><TAIKYOKU oya="0"/><INIT seed="0,0,0,2,2,123" ten="250,250,250,250" oya="0" hai0="118,0,65,33,69,107,106,116,12,32,129,40,66" hai1="29,133,128,36,91,112,127,80,102,52,119,23,5" hai2="99,96,63,110,51,70,104,121,62,77,76,50,90" hai3="27,17,35,18,37,13,122,75,58,43,72,28,135"/><T67/><D69/><U86/><E119/><N who="0" m="45609" /><D12/><U8/><E36/><V134/><F90/><W124/><G122/><T49/><D49/><U4/><E102/><V78/><F104/><N who="0" m="39978" /><D40/><U88/><E112/><V97/><F121/><W31/><G58/><T82/><D0/><U7/><E127/><V14/><F14/><W93/><G124/><T87/><D82/><U55/><E128/><V126/><F126/><W21/><G43/><T3/><D3/><U132/><E8/><V34/><F34/><N who="0" m="13418" /><D87/><U20/><E91/><V15/><F15/><W19/><G13/><T57/><D57/><U125/><E125/><V74/><F70/><W39/><G35/><T105/><N who="0" m="39986" /><T46/><DORA hai="81" /><D46/><U25/><E23/><V94/><F97/><W54/><G19/><T1/><D1/><U115/><E115/><V103/><F96/><W117/><G21/><T120/><D120/><U26/><E25/><V11/><F99/><W41/><G27/><T113/><D113/><U101/><E101/><V100/><F103/><W64/><G41/><T2/><D2/><U45/><E45/><V114/><F100/><W85/><G17/><T16/><D16/><U79/><REACH who="1" step="1"/><E79/><REACH who="1" ten="250,240,250,250" step="2"/><V84/><F78/><W131/><G117/><T22/><D22/><U89/><E89/><V71/><F77/><W108/><G39/><T10/><D129/><U48/><E48/><V56/><F50/><W9/><G131/><T59/><D10/><U98/><E98/><V73/><F11/><W47/><G9/><T109/><D59/><U60/><E60/><V68/><F63/><W53/><G47/><RYUUKYOKU ba="0,1" sc="250,15,240,15,250,-15,250,-15" hai0="65,66,67,109" hai1="4,5,7,20,26,29,52,55,80,86,88,132,133" /><INIT seed="0,1,1,3,0,58" ten="265,255,235,235" oya="0" hai0="30,55,48,56,135,119,64,101,106,57,112,61,71" hai1="7,104,76,16,52,40,32,26,14,75,0,82,25" hai2="134,77,5,127,67,102,50,53,37,68,79,85,87" hai3="62,12,63,120,95,35,4,129,93,65,81,90,28"/><T23/><D119/><U38/><E104/><V15/><F37/><W115/><G115/><T59/><D112/><U113/><E113/><V125/><F102/><W126/><G35/><T91/><D135/><U20/><E32/><V24/><F134/><W29/><G65/><T97/><REACH who="0" step="1"/><D91/><REACH who="0" ten="255,255,235,235" step="2"/><U6/><E6/><V116/><F5/><W10/><G120/><T27/><AGARI ba="1,2" hai="23,27,30,48,55,56,57,59,61,64,71,97,101,106" machi="27" ten="30,11700,0" yaku="1,1,2,1,0,1,52,1,53,0" doraHai="58" doraHaiUra="108" who="0" fromWho="0" sc="255,140,255,-40,235,-40,235,-40" /><INIT seed="0,2,0,4,3,95" ten="395,215,195,195" oya="0" hai0="31,27,46,7,75,35,47,106,37,36,61,57,129" hai1="20,91,8,120,52,11,22,87,96,65,78,131,86" hai2="135,103,51,55,101,42,70,127,130,77,66,5,123" hai3="97,74,72,19,16,94,104,2,119,58,59,34,89"/><T79/><D129/><U117/><E120/><V49/><F123/><W14/><G2/><T3/><D106/><U111/><E117/><V113/><F113/><W122/><G34/><T108/><D108/><U68/><E131/><V24/><F135/><W48/><G119/><T76/><D7/><U62/><E111/><V107/><F127/><W83/><G19/><T18/><D3/><U50/><E78/><V25/><F5/><W90/><G104/><T85/><D75/><U30/><E87/><V64/><F107/><W21/><G122/><T134/><D134/><U81/><E96/><V17/><F77/><W45/><G74/><T118/><D118/><U4/><E30/><V26/><F70/><W53/><G72/><T100/><D100/><N who="2" m="38474" /><F17/><W6/><G6/><T44/><D18/><U125/><E125/><V1/><F1/><W98/><G83/><T93/><D76/><U0/><REACH who="1" step="1"/><E11/><REACH who="1" ten="395,205,195,195" step="2"/><V67/><F130/><W126/><G126/><T112/><D112/><U124/><E124/><V56/><F42/><W43/><G43/><T110/><D110/><U39/><E39/><V9/><F9/><W38/><G38/><T33/><D79/><U40/><E40/><V28/><F28/><W80/><G98/><T84/><D84/><AGARI ba="2,1" hai="14,16,21,45,48,53,58,59,80,84,89,90,94,97" machi="84" ten="40,5200,0" yaku="8,1,52,1,54,1" doraHai="95" who="3" fromWho="0" sc="395,-58,205,0,195,0,195,68" /><INIT seed="1,0,0,5,2,45" ten="337,205,195,263" oya="1" hai0="69,41,133,39,58,82,7,128,88,62,54,32,112" hai1="109,22,29,11,70,6,75,1,118,117,130,72,97" hai2="40,106,71,44,10,50,28,9,123,16,57,107,63" hai3="5,19,17,115,119,56,24,73,122,113,25,83,100"/><U4/><E70/><V93/><F123/><W78/><G122/><T8/><D32/><U52/><E6/><V135/><F135/><W129/><G119/><T94/><D112/><U64/><E64/><V47/><F71/><W110/><G100/><T61/><D128/><U48/><E130/><V0/><F0/><W35/><G129/><T103/><D133/><U108/><E97/><V27/><F93/><W84/><G5/><T51/><D103/><U127/><E127/><V23/><F47/><W114/><G35/><T126/><D126/><U116/><E22/><V20/><F107/><W49/><G73/><T15/><D82/><U99/><E99/><V134/><F106/><W105/><G105/><T132/><D132/><U85/><E85/><V31/><F134/><W21/><G110/><N who="1" m="42602" /><E29/><N who="2" m="11339" /><F23/><W79/><G21/><T68/><D39/><U46/><AGARI ba="0,0" hai="1,4,11,46,48,52,72,75,116,117,118" m="42602" machi="46" ten="40,12000,1" yaku="14,1,10,1,52,1,54,1" doraHai="45" who="1" fromWho="1" sc="337,-40,205,120,195,-40,263,-40" /><INIT seed="1,1,0,4,2,99" ten="297,325,155,223" oya="1" hai0="93,91,119,96,74,56,108,121,125,84,97,129,118" hai1="26,11,15,28,3,24,73,127,131,10,60,53,18" hai2="102,41,29,44,112,107,42,43,134,27,114,49,110" hai3="9,20,54,39,80,101,87,66,16,67,40,25,21"/><U47/><E73/><V132/><F110/><W120/><G120/><T100/><D56/><U35/><E47/><V63/><F107/><W95/><G40/><N who="2" m="15465" /><F102/><W71/><G71/><T1/><D1/><U105/><E105/><V123/><F123/><W111/><G39/><T68/><D68/><U90/><E90/><V51/><F27/><W0/><G54/><T104/><D125/><U85/><E85/><V69/><F51/><W6/><G111/><T126/><D126/><U76/><E76/><V52/><F29/><W36/><G36/><T17/><D108/><U115/><E127/><V79/><F79/><W62/><G62/><T50/><D121/><U13/><E60/><V57/><F69/><W48/><G48/><T32/><D32/><U34/><E53/><V130/><F130/><W94/><G94/><T64/><D64/><U61/><E61/><V2/><F2/><W83/><G21/><T72/><D50/><U70/><E70/><V116/><F116/><N who="0" m="44586" /><D17/><N who="1" m="8375" /><E131/><V75/><F75/><N who="0" m="28714" /><D129/><U77/><E77/><V82/><F82/><W30/><G83/><N who="0" m="49567" /><D97/><U65/><E65/><V106/><F106/><AGARI ba="1,0" hai="93,96,100,104,106" m="49567,28714,44586" machi="106" ten="30,3900,0" yaku="34,2,52,1" doraHai="99" who="0" fromWho="2" sc="297,42,325,0,155,-42,223,0" /><INIT seed="2,0,0,4,4,55" ten="339,325,113,223" oya="2" hai0="6,112,31,83,107,103,133,4,21,17,24,123,111" hai1="118,19,0,87,70,88,84,11,125,64,104,127,116" hai2="9,26,42,74,120,25,48,10,46,2,73,117,16" hai3="66,135,28,53,61,3,93,49,110,68,20,39,45"/><V56/><F117/><W52/><G3/><T44/><D123/><U32/><E104/><V122/><F120/><W23/><G135/><T98/><D112/><U126/><E32/><V75/><F122/><W119/><G119/><T82/><D111/><U109/><E109/><V57/><F2/><W14/><G110/><T100/><D133/><U50/><E87/><V113/><F113/><W33/><G53/><T62/><D100/><U105/><E105/><V86/><F86/><W77/><G77/><T1/><D44/><U95/><E70/><V99/><F99/><W115/><G115/><T22/><D62/><U114/><E114/><V79/><F79/><W47/><G93/><T51/><D51/><U134/><E64/><V67/><F67/><W15/><G33/><T96/><D96/><U43/><E134/><V128/><F128/><W78/><G78/><T58/><D58/><U7/><E19/><V35/><F35/><W102/><G102/><T132/><D132/><U30/><E30/><V85/><F85/><W90/><G90/><T59/><D59/><U131/><E131/><V89/><F89/><W5/><G28/><T80/><REACH who="0" step="1"/><D1/><REACH who="0" ten="329,325,113,223" step="2"/><U29/><E29/><V76/><F76/><W101/><G101/><T121/><D121/><U129/><E129/><V71/><F71/><W41/><G68/><T63/><D63/><U34/><E34/><V38/><F56/><W60/><G61/><T27/><AGARI ba="0,1" hai="4,6,17,21,22,24,27,31,80,82,83,98,103,107" machi="27" ten="30,4000,0" yaku="1,1,0,1,53,1" doraHai="55" doraHaiUra="97" who="0" fromWho="0" sc="329,50,325,-10,113,-20,223,-10" /><INIT seed="3,0,0,1,0,19" ten="379,315,93,213" oya="3" hai0="46,30,119,134,28,54,52,64,135,16,107,29,51" hai1="89,85,131,62,118,82,68,74,42,0,57,33,109" hai2="15,84,66,1,25,102,113,21,94,92,10,117,34" hai3="13,130,112,97,75,126,79,123,111,27,6,96,73"/><W125/><G123/><T47/><D107/><U14/><E0/><V50/><F113/><W23/><G112/><T90/><D119/><U17/><E33/><V43/><F117/><W129/><G6/><T86/><D64/><U60/><E118/><V132/><F132/><N who="0" m="50730" /><D16/><U31/><E31/><V103/><F34/><W3/><G13/><T77/><D77/><U110/><E74/><N who="3" m="28170" /><G79/><T124/><D124/><N who="3" m="47721" /><G3/><T40/><D47/><U7/><E7/><N who="2" m="3551" /><F66/><W2/><G2/><T61/><D61/><U5/><E5/><V53/><F43/><W38/><G38/><T105/><D105/><U37/><E62/><V12/><F12/><W101/><G101/><N who="2" m="38409" /><F1/><W108/><G97/><T78/><D78/><U26/><E37/><V80/><F80/><AGARI ba="0,0" hai="28,29,30,40,46,51,52,54,80,86,90" m="50730" machi="80" ten="30,2000,0" yaku="20,1,54,1" doraHai="19" who="0" fromWho="2" sc="379,20,315,0,93,-20,213,0" /><INIT seed="4,0,0,2,5,37" ten="399,315,73,213" oya="0" hai0="124,77,63,61,89,86,71,35,6,133,81,126,82" hai1="31,95,23,100,109,65,32,120,93,58,91,54,68" hai2="52,25,30,103,75,33,17,0,108,69,4,2,40" hai3="66,7,47,21,14,11,56,70,28,132,72,50,39"/><T48/><D35/><U101/><E32/><V83/><F108/><W92/><G72/><T129/><D133/><U15/><E109/><V36/><F69/><W114/><G114/><T38/><D38/><U43/><E120/><V105/><F17/><W8/><G132/><T111/><D111/><U19/><E31/><V53/><F52/><W84/><G70/><T104/><D104/><U113/><E113/><V12/><F53/><W135/><G39/><T49/><D129/><U67/><E95/><V119/><F12/><W131/><G135/><T62/><D71/><U102/><E43/><V107/><F119/><W88/><G11/><T22/><D6/><U24/><E68/><V44/><F103/><W41/><G131/><T13/><D13/><U122/><E122/><V128/><F128/><W9/><G9/><T26/><D126/><U73/><E73/><V116/><F116/><W90/><G90/><T134/><D124/><U51/><REACH who="1" step="1"/><E24/><REACH who="1" ten="399,305,73,213" step="2"/><V60/><F60/><N who="3" m="38151" /><G28/><N who="0" m="17495" /><D134/><U64/><E64/><V27/><F27/><W98/><G21/><T97/><D82/><U46/><E46/><V115/><F115/><W85/><AGARI ba="0,1" hai="7,8,14,41,47,50,84,85,88,92,98" m="38151" machi="85" ten="30,4000,0" yaku="8,1,52,1,54,1" doraHai="37" who="3" fromWho="3" sc="399,-20,305,-10,73,-10,213,50" /><INIT seed="5,0,0,0,4,10" ten="379,295,63,263" oya="1" hai0="54,63,2,57,42,78,102,107,47,13,88,39,120" hai1="133,70,34,43,58,118,37,64,82,85,124,17,53" hai2="8,129,30,83,117,50,11,14,100,52,18,7,44" hai3="95,125,65,66,59,38,25,23,51,113,86,67,48"/><U36/><E34/><V35/><F129/><W131/><G38/><T4/><D2/><U89/><E118/><V0/><F117/><W123/><G123/><T26/><D120/><U6/><E6/><V62/><F100/><W77/><G131/><T128/><D128/><U97/><E124/><V114/><F114/><W94/><G125/><T45/><D78/><U81/><E133/><V3/><F3/><W126/><G113/><T76/><D76/><U121/><E43/><V56/><F83/><N who="3" m="47471" /><G126/><T74/><D74/><U98/><E64/><V132/><F132/><W103/><G103/><T75/><D75/><U24/><E70/><V72/><F72/><W40/><G59/><T20/><D107/><U130/><E121/><V119/><F119/><W68/><G68/><T134/><D102/><U21/><E130/><V90/><F90/><W5/><G5/><T109/><D109/><U31/><E31/><V33/><REACH who="2" step="1"/><F30/><REACH who="2" ten="379,295,53,263" step="2"/><N who="3" m="17727" /><G40/><AGARI ba="0,1" hai="0,7,8,11,14,18,33,35,40,44,50,52,56,62" machi="40" ten="30,7700,0" yaku="1,1,7,1,52,1,54,1,53,0" doraHai="10" doraHaiUra="112" who="2" fromWho="3" sc="379,0,295,0,53,87,263,-77" /><INIT seed="6,0,0,5,4,73" ten="379,295,140,186" oya="2" hai0="78,52,90,3,68,133,44,33,131,88,114,76,31" hai1="18,69,109,32,50,9,130,135,10,132,62,91,115" hai2="41,103,35,111,46,27,53,38,98,54,72,42,39" hai3="63,40,21,112,105,2,93,17,81,84,0,14,100"/><V20/><F111/><W30/><G105/><T95/><D3/><U67/><E109/><V75/><F35/><W49/><G112/><T59/><D68/><U92/><E115/><V104/><F54/><W15/><G30/><T126/><D126/><U83/><E32/><V5/><F53/><W70/><G15/><T80/><D133/><N who="1" m="51275" /><E50/><V79/><F5/><W23/><G21/><T134/><D131/><U101/><E101/><V26/><F79/><W119/><G119/><T87/><D114/><U107/><E107/><V108/><F108/><W94/><G100/><T60/><D134/><U122/><E83/><V1/><F1/><W47/><G0/><T64/><D33/><U65/><E65/><V13/><F13/><W36/><G36/><T127/><D31/><U121/><E130/><V4/><F4/><W16/><G17/><T97/><D127/><U110/><E110/><V37/><F27/><W129/><G2/><T86/><D97/><N who="1" m="57503" /><E18/><V61/><F61/><W125/><G129/><T57/><D44/><U29/><E29/><V34/><F34/><W71/><G125/><T25/><D25/><U96/><E96/><V128/><F128/><W74/><G63/><AGARI ba="0,0" hai="52,57,59,60,63,64,76,78,80,86,87,88,90,95" machi="63" ten="30,12000,2" yaku="7,1,8,1,52,2,54,2" doraHai="73" who="0" fromWho="3" sc="379,120,295,0,140,0,186,-120" /><INIT seed="7,0,0,0,5,60" ten="499,295,140,66" oya="3" hai0="72,5,32,117,74,110,19,127,26,90,1,0,105" hai1="10,51,100,98,124,104,131,122,71,22,103,96,130" hai2="80,91,108,112,79,119,123,23,29,15,33,6,78" hai3="76,125,107,94,86,36,17,106,34,49,63,52,84"/><W8/><G36/><T82/><D105/><U99/><E71/><V97/><F108/><W111/><G34/><T48/><D1/><U35/><E35/><V7/><F33/><W132/><G63/><T27/><D5/><N who="2" m="1546" /><F119/><W67/><G67/><T70/><D0/><U65/><E65/><V14/><F112/><W42/><G42/><T24/><D70/><U102/><E22/><V133/><F133/><W41/><G41/><T40/><D110/><U57/><E10/><V121/><F121/><W66/><G66/><T38/><D38/><U53/><E122/><V30/><F123/><W85/><G111/><T129/><D117/><U16/><E16/><N who="2" m="10647" /><F15/><W11/><G132/><T87/><D32/><U39/><E124/><V113/><F113/><W13/><G125/><T93/><D127/><U120/><E39/><V47/><F47/><W92/><G76/><N who="2" m="29225" /><F97/><N who="1" m="37481" /><E120/><V3/><F3/><W95/><REACH who="3" step="1"/><G8/><REACH who="3" ten="499,295,140,56" step="2"/><T58/><D40/><U115/><E115/><V44/><F44/><AGARI ba="0,1" hai="11,13,17,44,49,52,84,85,86,92,94,95,106,107" machi="44" ten="40,7700,0" yaku="1,1,2,1,54,1,53,0" doraHai="60" doraHaiUra="25" who="3" fromWho="2" sc="499,0,295,0,140,-77,56,87" /><INIT seed="7,1,0,1,3,49" ten="499,295,63,143" oya="3" hai0="130,47,87,67,7,59,122,116,125,82,36,4,60" hai1="21,55,90,114,135,8,81,50,18,131,69,28,133" hai2="17,123,43,25,12,115,86,83,31,32,124,39,16" hai3="95,112,84,24,68,128,42,66,106,19,35,40,38"/><W45/><G106/><T0/><D116/><U134/><E114/><V96/><F124/><W105/><G42/><T97/><D122/><U57/><E131/><V70/><F115/><W93/><G105/><T29/><D29/><U33/><E69/><V44/><F123/><W63/><G112/><T101/><D125/><U64/><E64/><V78/><F70/><W27/><G128/><T79/><D130/><U54/><E33/><V98/><REACH who="2" step="1"/><F17/><REACH who="2" ten="499,295,53,143" step="2"/><W102/><G19/><T73/><D73/><U2/><E28/><V75/><F75/><W46/><G35/><T6/><D0/><U113/><E113/><V10/><AGARI ba="1,1" hai="10,12,16,25,31,32,39,43,44,78,83,86,96,98" machi="10" ten="20,5200,0" yaku="1,1,0,1,7,1,54,1,53,0" doraHai="49" doraHaiUra="58" who="2" fromWho="2" sc="499,-14,295,-14,53,65,143,-27" owari="485,58.0,281,8.0,118,-28.0,116,-38.0" /></mjloggm>