<mjloggm ver="2.3"><GO type="233" lobby="0"/><UN n0="%79%75%6D%69%63%63%68%69" n1="%E3%82%A6%E3%83%AB%E3%83%88%E3%83%A9%E7%AB%8B%E7%9B%B4" n2="%54%E3%83%BB%54%E3%83%BB%EF%BC%98" n3="%E3%82%AF%E3%83%AD%E3%83%8E%E3%82%B9%40" dan="16,17,16,16" rate="2149.07,2194.96,2157.47,2105.35" sx="M,M,M,M"/><TAIKYOKU oya="0"/><INIT seed="0,0,0,2,2,128" ten="250,250,250,250" oya="0" hai0="50,30,51,56,53,52,125,35,41,1,27,63,117" hai1="45,10,40,111,3,9,21,37,98,0,109,77,106" hai2="79,23,126,65,33,26,97,133,89,5,127,12,34" hai3="124,82,118,113,87,31,54,78,46,114,132,99,14"/><T92/><D117/><U16/><E77/><V75/><F79/><W81/><G118/><T57/><D1/><U88/><E10/><N who="2" m="4175" /><F75/><W25/><G124/><N who="2" m="47657" /><F65/><W58/><G46/><T85/><D125/><U73/><E73/><V62/><F62/><W90/><G14/><T44/><D92/><N who="1" m="56583" /><E9/><V20/><F20/><W102/><G132/><T91/><D91/><U43/><E43/><V22/><F22/><W100/><G113/><T61/><REACH who="0" step="1"/><D85/><REACH who="0" ten="240,250,250,250" step="2"/><U108/><E106/><V19/><F133/><W64/><G114/><T66/><D66/><U69/><E69/><V13/><F97/><W28/><G64/><T107/><D107/><U123/><E123/><V15/><F89/><W120/><G99/><T68/><D68/><U110/><E110/><V105/><F105/><W116/><G120/><T38/><AGARI ba="0,1" hai="27,30,35,38,41,44,50,51,52,53,56,57,61,63" machi="38" ten="20,12000,1" yaku="1,1,0,1,7,1,9,1,54,1,53,0" doraHai="128" doraHaiUra="135" who="0" fromWho="0" sc="240,130,250,-40,250,-40,250,-40" /><INIT seed="0,1,0,3,0,17" ten="370,210,210,210" oya="0" hai0="84,46,74,44,48,51,19,92,2,41,115,43,76" hai1="40,69,15,42,70,112,30,22,123,56,53,16,104" hai2="126,117,109,25,110,106,80,9,120,13,96,31,68" hai3="23,59,128,65,71,101,3,38,135,131,132,103,129"/><T108/><D115/><U121/><E104/><V95/><F68/><W67/><G3/><T87/><D2/><U124/><E70/><V39/><F106/><W77/><G38/><T10/><D108/><N who="2" m="41578" /><F39/><W5/><G5/><T4/><D92/><U72/><E69/><V50/><F120/><W29/><G71/><T1/><REACH who="0" step="1"/><D19/><REACH who="0" ten="360,210,210,210" step="2"/><U91/><E16/><V89/><F117/><W8/><G131/><T18/><D18/><U34/><E112/><V36/><F80/><AGARI ba="1,1" hai="1,4,10,41,43,44,46,48,51,74,76,80,84,87" machi="80" ten="40,12000,1" yaku="1,1,9,1,53,2" doraHai="17" doraHaiUra="81" who="0" fromWho="2" sc="360,133,210,0,210,-123,210,0" /><INIT seed="0,2,0,3,3,11" ten="493,210,87,210" oya="0" hai0="37,63,114,1,7,83,108,117,135,82,134,88,101" hai1="0,8,20,98,39,24,30,14,50,29,99,68,10" hai2="106,94,36,110,96,97,128,118,56,74,42,35,18" hai3="100,131,121,127,76,15,58,87,21,5,44,32,46"/><T77/><D114/><U53/><E39/><V43/><F35/><W133/><G32/><T109/><D117/><U85/><E68/><V12/><F74/><W40/><G131/><T92/><D37/><U54/><E0/><V73/><F36/><W72/><G133/><N who="0" m="50699" /><D101/><U34/><E34/><V19/><F73/><W33/><G33/><T62/><D7/><U45/><E30/><V28/><F28/><W31/><G127/><T93/><D1/><U125/><E125/><V132/><F118/><W102/><G72/><N who="0" m="43303" /><D83/><U65/><E8/><V84/><F128/><W129/><G129/><T119/><D119/><U91/><E65/><V64/><F106/><W90/><G102/><T47/><D47/><U3/><E54/><V71/><F71/><W124/><G100/><T6/><D6/><N who="1" m="3415" /><E3/><V61/><F132/><W4/><G44/><T95/><D88/><U123/><E123/><V57/><F94/><AGARI ba="2,0" hai="20,24,29,45,50,53,85,91,94,98,99" m="3415" machi="94" ten="30,2000,0" yaku="8,1,52,1" doraHai="11" who="1" fromWho="2" sc="493,0,210,26,87,-26,210,0" /><INIT seed="1,0,0,4,5,133" ten="493,236,61,210" oya="1" hai0="8,121,84,118,2,24,129,43,37,19,14,30,122" hai1="49,64,17,6,65,75,127,93,80,111,97,42,131" hai2="117,39,9,61,115,96,0,38,134,119,21,71,81" hai3="25,99,15,94,113,91,58,26,18,76,46,103,124"/><U54/><E42/><V108/><F134/><W32/><G113/><T78/><D118/><U57/><E6/><V88/><F115/><W7/><G32/><T28/><D2/><U98/><E98/><V22/><F108/><W90/><G76/><T31/><D129/><U16/><E75/><V35/><F35/><W74/><G74/><T77/><D43/><U44/><E131/><V55/><F117/><W112/><G112/><T85/><D37/><U110/><E80/><V36/><F119/><W107/><G124/><T86/><REACH who="0" step="1"/><D24/><REACH who="0" ten="483,236,61,210" step="2"/><U27/><E27/><V11/><F38/><W130/><G26/><T5/><D5/><U53/><E111/><V66/><F0/><W95/><G7/><T100/><D100/><N who="1" m="60463" /><E110/><V48/><F36/><W101/><G25/><T73/><D73/><U56/><E127/><V132/><F39/><W10/><G130/><T109/><D109/><U70/><E70/><V4/><F132/><W23/><G103/><T89/><D89/><U34/><E34/><V128/><F128/><W59/><G101/><T104/><D104/><U114/><E114/><V126/><F126/><W52/><G107/><T120/><AGARI ba="0,1" hai="8,14,19,28,30,31,77,78,84,85,86,120,121,122" machi="120" ten="40,8000,1" yaku="1,1,0,1,29,2,13,1,53,0" doraHai="133" doraHaiUra="63" who="0" fromWho="0" sc="483,90,236,-40,61,-20,210,-20" /><INIT seed="2,0,0,2,3,125" ten="573,196,41,190" oya="2" hai0="74,86,11,121,103,106,96,17,91,60,124,10,46" hai1="45,35,95,133,49,63,70,110,85,115,33,72,34" hai2="31,114,30,15,23,88,8,50,117,132,101,135,19" hai3="99,78,36,68,129,39,83,76,73,116,12,105,123"/><V65/><F117/><W80/><G116/><T112/><D121/><U24/><E72/><V37/><F37/><W84/><G123/><T131/><D112/><U7/><E115/><V67/><F114/><W79/><G68/><T14/><D74/><U42/><E7/><V97/><F50/><W9/><G39/><T126/><D131/><U104/><E104/><V48/><F48/><W108/><G36/><T61/><D46/><U93/><E110/><V58/><F31/><W59/><G108/><T51/><D51/><U87/><E24/><V3/><F3/><W102/><G59/><T134/><D134/><N who="2" m="51242" /><F58/><W100/><G12/><T25/><D25/><U69/><E133/><V130/><F130/><W122/><G9/><T26/><D26/><U5/><E49/><V64/><F30/><W41/><G41/><T4/><D10/><U111/><E42/><V75/><F75/><N who="3" m="43039" /><G122/><T22/><D4/><U44/><E111/><V1/><F1/><W16/><G16/><T98/><D11/><U54/><E70/><V66/><N who="2" m="16384" /><DORA hai="77" /><V127/><F127/><N who="0" m="48682" /><D98/><U32/><E69/><V18/><F18/><W92/><G129/><T29/><D29/><U94/><E5/><V113/><F113/><W52/><G73/><T55/><D55/><U82/><E54/><V6/><F6/><W81/><G52/><T40/><D40/><U13/><E44/><V120/><F120/><W56/><G56/><T71/><D71/><U119/><E45/><V38/><F38/><W118/><G118/><T57/><D57/><U2/><E119/><V90/><F8/><W109/><G109/><RYUUKYOKU ba="0,0" sc="573,15,196,-15,41,15,190,-15" hai0="14,17,22,60,61,86,91,96,103,106" hai2="15,19,23,88,90,97,101" /><INIT seed="2,1,0,5,1,120" ten="588,181,56,175" oya="2" hai0="104,135,123,30,16,46,4,34,56,79,86,18,68" hai1="100,3,50,43,75,14,132,24,81,53,84,21,28" hai2="44,1,57,38,29,116,23,61,87,19,96,90,115" hai3="47,112,121,12,65,73,9,39,127,85,40,54,113"/><V111/><F1/><W134/><G121/><T107/><D123/><U125/><E75/><V17/><F116/><W55/><G73/><T52/><D68/><U64/><E64/><V128/><F115/><W11/><G134/><T32/><D4/><U89/><E3/><V26/><F128/><W93/><G127/><T63/><D135/><U99/><E125/><V27/><F96/><W130/><G65/><T13/><D46/><U95/><E132/><V117/><F117/><W10/><G130/><T42/><D42/><U119/><E119/><V49/><F38/><W97/><G85/><T131/><D131/><U80/><E14/><V71/><F71/><W5/><G5/><T37/><D18/><U101/><E43/><V109/><F27/><W114/><REACH who="3" step="1"/><G12/><REACH who="3" ten="588,181,56,165" step="2"/><T58/><D86/><U82/><REACH who="1" step="1"/><E84/><REACH who="1" ten="588,171,56,165" step="2"/><V78/><F87/><W126/><G126/><T59/><D13/><U105/><E105/><V60/><F78/><W33/><G33/><T122/><D79/><U20/><E20/><V77/><F77/><W92/><G92/><T6/><D32/><U2/><E2/><V7/><F23/><W70/><G70/><T72/><D34/><U76/><E76/><V8/><F8/><W36/><G36/><T41/><D37/><U91/><E91/><AGARI ba="1,2" hai="9,10,11,39,40,47,54,55,91,93,97,112,113,114" machi="91" ten="50,3200,0" yaku="1,1,11,1,53,0" doraHai="120" doraHaiUra="133" who="3" fromWho="1" sc="588,0,171,-35,56,0,165,55" /><INIT seed="3,0,0,2,4,114" ten="588,136,56,220" oya="3" hai0="58,118,83,52,121,9,62,25,116,28,63,1,56" hai1="38,85,105,39,86,50,135,132,74,53,101,97,44" hai2="82,124,111,128,10,95,61,73,69,72,79,88,120" hai3="24,47,2,87,107,122,81,117,104,75,60,134,70"/><W41/><G122/><T133/><D121/><U4/><E74/><V43/><F120/><W15/><G2/><T6/><D133/><N who="1" m="51275" /><E4/><V34/><F34/><W96/><G134/><T125/><D83/><U113/><E113/><V17/><F128/><W18/><G24/><T80/><D80/><U22/><E22/><V12/><F124/><W102/><G75/><T26/><D125/><U131/><E131/><V115/><F115/><W5/><G5/><T16/><D16/><U21/><E21/><V99/><F111/><W106/><G117/><T13/><D1/><U42/><E38/><V37/><F73/><W46/><G60/><T11/><D11/><U33/><E33/><V123/><F123/><W66/><G66/><T64/><D26/><U109/><E109/><V98/><F43/><W84/><G70/><T76/><D76/><U94/><E94/><V27/><F37/><W32/><G32/><AGARI ba="0,0" hai="6,9,13,25,28,32,52,56,58,62,63,64,116,118" machi="32" ten="30,7700,0" yaku="7,1,52,2,54,1" doraHai="114" who="0" fromWho="3" sc="588,77,136,0,56,0,220,-77" /><INIT seed="4,0,0,0,3,74" ten="665,136,56,143" oya="0" hai0="13,35,50,30,41,27,101,51,67,120,1,100,79" hai1="24,65,25,129,33,68,54,20,87,83,8,111,130" hai2="75,61,42,121,89,2,98,39,80,5,64,78,93" hai3="86,29,99,128,124,123,57,45,55,88,52,131,15"/><T72/><D1/><U11/><E111/><V106/><F121/><W90/><G123/><T133/><D120/><U18/><E54/><V109/><F109/><W84/><G29/><T113/><D67/><U126/><E126/><V37/><F106/><W107/><G124/><T132/><D113/><U0/><E0/><V96/><F96/><W125/><G125/><T103/><D13/><U31/><E65/><V17/><F17/><W118/><G118/><T47/><REACH who="0" step="1"/><D51/><REACH who="0" ten="655,136,56,143" step="2"/><U114/><E114/><V44/><F2/><W85/><G15/><T134/><D134/><U91/><E68/><V82/><F5/><W34/><G131/><AGARI ba="0,1" hai="8,11,18,20,24,25,31,33,83,87,91,129,130,131" machi="131" ten="40,1300,0" yaku="19,1" doraHai="74" who="1" fromWho="3" sc="655,0,136,23,56,0,143,-13" /><INIT seed="5,0,0,2,0,52" ten="655,159,56,130" oya="1" hai0="41,47,55,130,21,35,63,3,90,75,12,61,46" hai1="96,24,45,81,91,65,89,60,38,126,2,86,69" hai2="134,58,23,51,70,42,105,34,104,13,26,94,87" hai3="1,29,135,17,95,74,122,113,4,57,132,112,92"/><U22/><E2/><V78/><F70/><W33/><G74/><T56/><D35/><U0/><E0/><V84/><F134/><N who="3" m="51243" /><G122/><T50/><D75/><U27/><E126/><V83/><F34/><W120/><G120/><T103/><D103/><U72/><E72/><V100/><F13/><W118/><G118/><T107/><D107/><U71/><E71/><V117/><F117/><W106/><G106/><T93/><D3/><U36/><E27/><V85/><F104/><W32/><G17/><N who="0" m="10407" /><D130/><U25/><E24/><V10/><F10/><N who="3" m="2319" /><G32/><T133/><D133/><U19/><E45/><N who="0" m="16905" /><D41/><U124/><E124/><V88/><F42/><W101/><G29/><T66/><D66/><U59/><E69/><V11/><F11/><W114/><G33/><T28/><D28/><U128/><E128/><V30/><F105/><W39/><G39/><T67/><D67/><U7/><E7/><V40/><F100/><W73/><G73/><T76/><D76/><U53/><E65/><V123/><F123/><W77/><G77/><T99/><AGARI ba="0,0" hai="50,55,56,61,63,90,93,99" m="16905,10407" machi="99" ten="30,2000,0" yaku="8,1,52,1" doraHai="52" who="0" fromWho="0" sc="655,20,159,-10,56,-5,130,-5" /><INIT seed="6,0,0,5,5,100" ten="675,149,51,125" oya="2" hai0="24,34,22,101,43,49,124,82,62,46,0,13,65" hai1="1,8,50,54,3,78,117,17,130,69,74,2,52" hai2="38,18,4,12,5,53,20,129,76,94,96,81,25" hai3="79,9,121,14,93,115,7,45,110,85,89,40,77"/><V70/><F70/><W39/><G110/><T108/><D0/><U67/><E67/><V30/><F38/><W42/><G121/><T91/><D108/><U105/><E105/><V126/><F126/><W63/><G115/><T36/><D34/><U55/><E69/><V28/><F129/><W120/><G120/><T90/><D124/><U15/><E117/><V64/><F64/><W80/><G63/><T118/><D118/><U68/><E68/><V32/><F30/><W48/><G39/><T113/><D13/><U47/><E130/><V66/><F66/><W33/><G33/><T11/><D11/><U107/><E107/><V116/><F53/><W23/><G23/><T57/><D101/><U51/><E51/><V109/><F116/><W75/><G79/><T16/><D113/><U134/><E134/><V37/><F37/><W71/><G71/><N who="0" m="42423" /><D82/><U73/><REACH who="1" step="1"/><E78/><REACH who="1" ten="675,139,51,125" step="2"/><V72/><REACH who="2" step="1"/><F109/><REACH who="2" ten="675,139,41,125" step="2"/><W135/><G135/><T95/><D36/><U98/><E98/><V104/><F104/><W19/><G42/><AGARI ba="0,2" hai="1,2,3,8,15,17,42,47,50,52,54,55,73,74" machi="42" ten="50,3200,0" yaku="1,1,54,1,53,0" doraHai="100" doraHaiUra="123" who="1" fromWho="3" sc="675,0,139,52,41,0,125,-32" /><INIT seed="7,0,0,4,3,116" ten="675,191,41,93" oya="3" hai0="64,16,74,119,24,23,90,101,129,71,93,118,21" hai1="108,113,44,37,68,4,18,30,76,41,1,15,115" hai2="69,40,88,11,81,0,130,103,98,59,97,56,14" hai3="87,73,51,84,124,53,131,121,48,62,135,80,86"/><W79/><G131/><T31/><D74/><U61/><E30/><V111/><F69/><W105/><G105/><T33/><D129/><U27/><E27/><V110/><F130/><W123/><G135/><T19/><D101/><U52/><E76/><V25/><F0/><W72/><G72/><T28/><D64/><N who="1" m="40975" /><E52/><V125/><F125/><W29/><G124/><T10/><D10/><N who="1" m="2319" /><E18/><V12/><F25/><W42/><G29/><T127/><D71/><U114/><E15/><V77/><F40/><W96/><G96/><T9/><D9/><U104/><E108/><V2/><F2/><W85/><G73/><T60/><D60/><U95/><E95/><V32/><F32/><W134/><G134/><T89/><D127/><U46/><E46/><V7/><F111/><W66/><G42/><T39/><D39/><U45/><E45/><V49/><F110/><W117/><G117/><T36/><D36/><U94/><E94/><V133/><F133/><W67/><G48/><T102/><D102/><U82/><E82/><V126/><F126/><W107/><G107/><AGARI ba="0,0" hai="37,41,44,104,107,113,114,115" m="2319,40975" machi="107" ten="30,2000,0" yaku="15,1,23,1" doraHai="116" who="1" fromWho="3" sc="675,0,191,20,41,0,93,-20" owari="675,78.0,211,1.0,41,-46.0,73,-33.0" /></mjloggm>