<mjloggm ver="2.3"><GO type="169" lobby="0"/><UN n0="%5A%75%74%74%61%6B%61" n1="%63%72%69%74%74%65%72" n2="%6D%6F%6E%6F%2D%31%34" n3="%E5%B0%B1%E6%B4%BB%E7%94%9F%40%E5%B7%9D%E6%9D%91%E8%BB%8D%E5%9B%A3" dan="17,16,16,18" rate="2181.86,2115.35,2119.43,2275.34" sx="M,M,M,M"/><TAIKYOKU oya="0"/><INIT seed="0,0,0,3,2,7" ten="250,250,250,250" oya="0" hai0="125,118,120,91,135,43,121,28,122,106,66,69,32" hai1="73,75,25,13,70,58,18,131,89,15,109,26,17" hai2="113,30,27,2,88,9,77,116,94,60,59,49,81" hai3="128,38,35,56,78,123,108,79,64,99,45,22,47"/><T68/><D118/><U96/><E70/><V72/><F113/><W20/><G35/><T102/><D91/><U16/><E109/><V33/><F116/><W44/><G38/><T83/><D83/><U67/><E131/><V14/><F2/><W6/><G123/><T119/><D119/><U29/><E29/><V115/><F49/><W34/><G34/><T104/><D43/><U82/><E67/><V8/><F14/><W51/><G108/><T126/><D135/><U76/><E58/><V124/><F124/><N who="0" m="47722" /><D102/><U10/><E73/><V110/><F110/><W24/><G128/><T80/><D80/><U37/><E37/><V3/><F3/><W86/><G86/><T5/><D5/><U42/><E42/><V19/><F19/><W54/><G6/><T61/><D69/><U21/><REACH who="1" step="1"/><E18/><REACH who="1" ten="250,240,250,250" step="2"/><V95/><F115/><W130/><G130/><T103/><D103/><U39/><E39/><V74/><F74/><W97/><G64/><T41/><D41/><U57/><E57/><V112/><F112/><W46/><G56/><T11/><D28/><U62/><E62/><V129/><F129/><W53/><G53/><T93/><D32/><U100/><E100/><V40/><F40/><W92/><G54/><T65/><D65/><U85/><E85/><N who="2" m="52495" /><F60/><W4/><G51/><T1/><D106/><U84/><E84/><V50/><F50/><W87/><G87/><T52/><D104/><U0/><E0/><V105/><F105/><W134/><G4/><N who="0" m="1423" /><D93/><AGARI ba="0,1" hai="10,13,15,16,17,21,25,26,75,76,82,89,93,96" machi="93" ten="40,5200,0" yaku="1,1,52,1,54,1,53,0" doraHai="7" doraHaiUra="132" who="1" fromWho="0" sc="250,-52,240,62,250,0,250,0" /><INIT seed="1,0,0,0,1,12" ten="198,302,250,250" oya="1" hai0="74,23,88,56,47,70,27,0,82,124,109,80,54" hai1="96,9,134,58,29,66,73,6,22,135,62,59,11" hai2="69,71,126,49,33,127,104,60,84,34,78,37,122" hai3="31,13,123,81,53,106,1,121,16,103,25,101,112"/><U93/><E73/><V98/><F122/><W125/><G1/><T3/><D70/><U92/><E58/><V85/><F49/><W7/><G112/><T102/><D109/><U15/><E11/><V100/><F37/><W44/><G125/><N who="2" m="47625" /><F60/><W2/><G2/><T4/><D124/><U68/><E68/><N who="2" m="26187" /><F78/><W17/><G106/><T28/><D102/><N who="3" m="38921" /><G123/><T48/><D4/><U115/><E115/><V72/><F72/><W41/><G41/><T63/><D80/><U32/><E32/><AGARI ba="0,0" hai="32,33,34,84,85,98,100,104" m="26187,47625" machi="32" ten="40,1300,0" yaku="18,1" doraHai="12" who="2" fromWho="1" sc="198,0,302,-13,250,13,250,0" /><INIT seed="2,0,0,3,5,16" ten="198,289,263,250" oya="2" hai0="63,57,69,86,73,1,131,6,39,45,11,13,43" hai1="9,129,70,35,99,26,8,112,37,54,49,20,2" hai2="48,96,17,84,81,22,98,58,75,100,0,10,59" hai3="41,128,104,101,106,109,50,116,33,107,71,94,66"/><V5/><F75/><W27/><G116/><T38/><D131/><U3/><E70/><V64/><F64/><W65/><G128/><T46/><D73/><U83/><E37/><V133/><F98/><W12/><G109/><T113/><D113/><U135/><E112/><V124/><F124/><W15/><G33/><T126/><D126/><U44/><E129/><V25/><F133/><W32/><G32/><T121/><D121/><U88/><E135/><V4/><F5/><W7/><G27/><T61/><D69/><U111/><E111/><V72/><F72/><W120/><G120/><T55/><D1/><U119/><E119/><V91/><REACH who="2" step="1"/><F48/><REACH who="2" ten="198,289,253,250" step="2"/><W78/><G50/><T60/><REACH who="0" step="1"/><D86/><REACH who="0" ten="188,289,253,250" step="2"/><U40/><E99/><V56/><F56/><W24/><G71/><T125/><D125/><U34/><E44/><V103/><F103/><W92/><G101/><T14/><D14/><U28/><E3/><V102/><F102/><W18/><G15/><T134/><D134/><U36/><E2/><V52/><F52/><W89/><G12/><T19/><D19/><U30/><E54/><V123/><F123/><W117/><G18/><T108/><D108/><U74/><E74/><V114/><F114/><W90/><G66/><T31/><D31/><U95/><E30/><V21/><F21/><W23/><G65/><T118/><D118/><U85/><E20/><V62/><F62/><W67/><G67/><T87/><D87/><U80/><E85/><V97/><F97/><W53/><G117/><T51/><D51/><U76/><E49/><V77/><F77/><W130/><G78/><RYUUKYOKU ba="0,2" sc="188,15,289,-15,253,15,250,-15" hai0="6,11,13,38,39,43,45,46,55,57,60,61,63" hai2="0,4,10,17,22,25,58,59,81,84,91,96,100" /><INIT seed="2,1,2,4,1,59" ten="203,274,268,235" oya="2" hai0="120,130,13,72,111,11,23,67,33,118,73,28,8" hai1="51,42,37,20,25,127,10,121,94,55,63,5,70" hai2="16,89,108,86,34,135,76,100,41,107,6,83,81" hai3="46,77,105,84,106,114,12,110,66,47,91,104,124"/><V78/><F34/><W49/><G110/><T26/><D120/><U7/><E121/><V122/><F122/><W109/><G109/><T132/><D111/><U87/><E127/><V112/><F112/><W38/><G124/><T101/><D132/><U92/><E37/><V71/><F71/><W58/><G114/><T19/><D130/><U64/><E42/><V116/><F116/><W117/><G77/><T39/><D39/><U21/><E21/><V125/><F6/><W68/><G68/><T88/><D101/><U69/><E69/><V103/><F41/><W27/><G38/><T18/><D67/><U48/><E48/><V52/><F135/><W40/><G47/><T36/><D36/><U134/><E134/><V43/><F43/><W131/><G27/><T95/><D118/><U80/><E80/><V50/><F107/><W61/><G117/><T96/><REACH who="0" step="1"/><D8/><REACH who="0" ten="193,274,268,235" step="2"/><U45/><E10/><V123/><F123/><W113/><G131/><T14/><AGARI ba="1,3" hai="11,13,14,18,19,23,26,28,33,72,73,88,95,96" machi="14" ten="20,8000,1" yaku="1,1,2,1,0,1,7,1,54,1,53,0" doraHai="59" doraHaiUra="65" who="0" fromWho="0" sc="193,113,274,-21,268,-41,235,-21" /><INIT seed="3,0,0,2,4,39" ten="306,253,227,214" oya="3" hai0="83,55,97,120,66,10,130,36,113,128,122,52,89" hai1="119,116,41,22,117,13,84,92,45,56,107,42,88" hai2="80,114,24,62,104,67,25,73,124,49,58,29,44" hai3="4,68,99,70,7,82,72,20,77,95,74,129,54"/><W1/><G129/><N who="0" m="49771" /><D36/><U38/><E107/><V126/><F104/><W69/><G74/><T48/><D113/><U131/><E131/><V75/><F114/><W5/><G54/><T32/><D32/><U33/><E33/><V90/><F90/><W133/><G133/><T106/><D66/><U2/><E2/><V12/><F12/><W34/><G34/><T53/><D48/><U96/><E56/><V81/><F29/><W60/><G20/><T30/><D30/><U94/><E45/><V57/><F44/><W79/><G79/><T118/><D118/><U65/><E38/><V21/><F21/><W121/><G121/><T15/><D83/><U63/><E63/><V18/><F49/><W98/><G1/><T100/><D89/><N who="1" m="55375" /><E65/><V105/><F67/><W123/><G123/><T31/><D31/><U111/><E111/><V115/><F115/><W23/><G60/><T0/><D0/><U40/><E40/><V87/><F62/><W109/><G109/><T61/><D61/><U3/><E3/><V103/><F75/><W43/><G43/><T28/><D28/><U110/><E110/><V112/><F73/><W11/><G11/><T108/><D108/><U14/><E14/><V26/><F25/><W46/><G46/><T85/><D85/><U78/><E78/><V127/><F112/><W17/><REACH who="3" step="1"/><G95/><REACH who="3" ten="306,253,227,204" step="2"/><T27/><D122/><U91/><E22/><N who="2" m="13399" /><F26/><AGARI ba="0,1" hai="4,5,7,17,23,26,68,69,70,72,77,82,98,99" machi="26" ten="50,2400,0" yaku="1,1,53,0" doraHai="39" doraHaiUra="6" who="3" fromWho="2" sc="306,0,253,0,227,-24,204,34" /><INIT seed="3,1,0,1,2,83" ten="306,253,203,238" oya="3" hai0="90,42,74,125,4,22,67,30,72,108,43,133,52" hai1="32,47,6,15,71,106,53,120,16,97,49,101,128" hai2="130,103,37,110,111,117,40,105,21,50,78,39,76" hai3="102,24,119,69,95,86,134,68,27,55,80,87,104"/><W122/><G104/><T63/><D108/><U60/><E120/><V34/><F34/><W99/><G122/><T35/><D35/><U45/><E128/><V75/><F117/><W77/><G119/><T65/><D125/><U96/><E32/><V116/><F116/><W23/><G134/><T88/><D133/><U82/><E6/><V10/><F130/><W33/><G33/><T73/><D4/><U31/><E31/><V132/><F132/><W94/><G55/><T3/><D3/><U14/><E96/><V18/><F105/><W89/><REACH who="3" step="1"/><G27/><REACH who="3" ten="306,253,203,228" step="2"/><T56/><D43/><U92/><E106/><V57/><F40/><W38/><G38/><T93/><D42/><U121/><E121/><V54/><F39/><W17/><AGARI ba="1,1" hai="17,23,24,68,69,77,80,86,87,89,94,95,99,102" machi="17" ten="20,18000,2" yaku="1,1,0,1,7,1,52,2,53,1" doraHai="83" doraHaiUra="12" who="3" fromWho="3" sc="306,-61,253,-61,203,-61,228,193" /><INIT seed="3,2,0,0,3,77" ten="245,192,142,421" oya="3" hai0="34,64,105,128,68,82,103,109,60,46,62,16,45" hai1="56,27,95,67,57,28,116,121,25,76,125,124,130" hai2="24,122,113,97,129,7,80,83,22,91,18,134,33" hai3="126,29,12,106,127,19,118,23,17,43,2,65,70"/><W58/><G106/><T39/><D34/><U111/><E121/><V59/><F113/><W112/><G70/><T5/><D5/><U40/><E111/><V86/><F33/><W107/><G107/><T44/><D109/><U74/><E130/><V114/><F114/><W15/><G112/><T55/><D128/><U75/><E116/><V6/><F129/><W1/><G43/><T37/><D103/><U115/><E115/><V135/><F122/><W72/><G72/><T21/><D105/><U32/><E40/><V81/><F97/><W41/><G41/><T120/><D120/><U49/><E25/><V102/><F102/><W90/><G90/><T85/><D62/><U42/><E95/><N who="2" m="54775" /><F59/><N who="1" m="22601" /><E67/><V94/><F94/><W69/><G69/><T13/><REACH who="0" step="1"/><D55/><REACH who="0" ten="235,192,142,421" step="2"/><U104/><E104/><V79/><F79/><AGARI ba="2,1" hai="13,16,21,37,39,44,45,46,60,64,68,79,82,85" machi="79" ten="40,8000,1" yaku="1,1,2,1,52,1,54,1,53,0" doraHai="77" doraHaiUra="54" who="0" fromWho="2" sc="235,96,192,0,142,-86,421,0" /><INIT seed="4,0,0,0,2,10" ten="331,192,56,421" oya="0" hai0="77,80,19,53,110,94,106,15,23,51,31,38,26" hai1="85,49,36,66,50,87,90,57,60,16,42,62,111" hai2="29,97,25,61,105,93,108,67,134,43,107,21,4" hai3="135,35,79,104,55,129,88,5,72,91,133,124,122"/><T118/><D106/><U76/><E111/><V84/><F108/><W98/><G35/><T63/><D110/><U114/><E114/><V70/><F134/><N who="3" m="51211" /><G5/><T13/><D38/><U0/><E36/><V46/><F4/><W112/><G112/><T131/><D131/><U12/><E0/><V48/><REACH who="2" step="1"/><F84/><REACH who="2" ten="331,192,46,421" step="2"/><W86/><G86/><N who="0" m="48399" /><D118/><U24/><E85/><V73/><F73/><W9/><G72/><T128/><D128/><U69/><E87/><V3/><F3/><W32/><G129/><T65/><D94/><U75/><E75/><V34/><F34/><W126/><G104/><T40/><D40/><U102/><E42/><V103/><AGARI ba="0,1" hai="21,25,29,43,46,48,61,67,70,93,97,103,105,107" machi="103" ten="20,2700,0" yaku="1,1,0,1,7,1,53,0" doraHai="10" doraHaiUra="109" who="2" fromWho="2" sc="331,-13,192,-7,46,37,421,-7" /><INIT seed="5,0,0,3,1,56" ten="318,185,83,414" oya="1" hai0="122,81,92,67,34,109,20,112,51,68,36,60,19" hai1="10,6,104,11,101,44,78,8,1,126,75,77,105" hai2="41,82,3,98,62,130,70,131,15,106,63,45,125" hai3="25,113,71,43,111,99,17,58,100,29,96,87,55"/><U33/><E126/><V79/><F3/><W123/><G71/><T13/><D109/><U132/><E33/><V128/><F70/><W40/><G111/><T103/><D36/><U54/><E132/><V94/><F106/><W42/><G123/><T76/><D34/><U102/><E54/><V114/><F125/><W108/><G108/><T14/><D122/><U22/><E22/><V49/><F15/><W80/><G17/><T16/><D112/><U30/><E30/><V121/><F114/><W12/><G12/><T0/><D0/><U48/><E75/><N who="2" m="43391" /><F121/><W95/><G113/><T120/><D120/><U28/><E28/><V69/><F69/><W39/><G99/><T97/><D51/><U90/><E1/><V5/><F5/><W86/><G80/><T127/><D127/><U9/><E6/><V118/><F118/><W26/><G39/><T83/><REACH who="0" step="1"/><D76/><REACH who="0" ten="308,185,83,414" step="2"/><U46/><E77/><V59/><F59/><W53/><G58/><T129/><D129/><N who="2" m="33026" /><V50/><DORA hai="32" /><F50/><W119/><G119/><T37/><D37/><U38/><E48/><V31/><F31/><W57/><G57/><T134/><D134/><U7/><E38/><V91/><AGARI ba="0,1" hai="41,45,49,62,63,91,94,98" m="33026,43391" machi="91" ten="40,5200,0" yaku="19,1,52,2" doraHai="56,32" who="2" fromWho="2" sc="308,-13,185,-26,83,62,414,-13" /><INIT seed="6,0,0,2,3,96" ten="295,159,145,401" oya="2" hai0="25,120,13,20,47,36,101,39,126,2,100,37,34" hai1="14,81,69,104,7,12,133,22,61,93,107,108,87" hai2="94,10,35,49,68,4,85,91,6,23,5,115,60" hai3="83,44,17,128,50,86,132,74,56,117,43,99,78"/><V90/><F35/><W102/><G117/><T9/><D120/><U38/><E108/><V57/><F68/><W92/><G128/><T114/><D114/><U103/><E38/><V129/><F129/><W3/><G3/><T131/><D131/><U119/><E119/><V109/><F115/><W112/><G112/><T40/><D126/><U52/><E133/><V123/><F123/><W46/><G132/><T124/><D124/><U97/><E69/><V8/><F109/><W53/><G74/><T31/><D39/><U110/><E110/><V55/><F91/><W125/><G125/><T122/><D37/><U95/><E107/><V106/><F106/><W21/><G43/><T24/><D122/><U88/><E93/><V134/><F134/><W15/><AGARI ba="0,0" hai="15,17,21,44,46,50,53,56,78,83,86,92,99,102" machi="15" ten="20,5200,0" yaku="0,1,7,1,8,1,52,1" doraHai="96" who="3" fromWho="3" sc="295,-13,159,-13,145,-26,401,52" /><INIT seed="7,0,0,3,4,48" ten="282,146,119,453" oya="3" hai0="126,13,27,70,114,7,102,64,85,66,34,40,92" hai1="111,117,107,128,96,89,98,14,26,54,1,67,103" hai2="36,130,44,112,78,81,35,80,86,56,6,99,115" hai3="105,9,83,97,49,8,84,73,76,46,82,75,121"/><W10/><G121/><T21/><D70/><U87/><E111/><V52/><F35/><W110/><G110/><T116/><D34/><U43/><E1/><V23/><F6/><W65/><G65/><T127/><D40/><U53/><E128/><V113/><F130/><W15/><G105/><T71/><D71/><U125/><E125/><V50/><F99/><N who="1" m="37929" /><E107/><V11/><F11/><W57/><G57/><T104/><D7/><U22/><E117/><V18/><F81/><W101/><G83/><T88/><D13/><U108/><E108/><V4/><F4/><W90/><G76/><T134/><D102/><U51/><E103/><V59/><F36/><W16/><G97/><T31/><D116/><U17/><E67/><V106/><F106/><W100/><G100/><T30/><D66/><U12/><E43/><V28/><F28/><W77/><G101/><T60/><D31/><U2/><E2/><V74/><F74/><N who="3" m="28171" /><G77/><T91/><D91/><U120/><E120/><V94/><F94/><W124/><G124/><T95/><D104/><U118/><E118/><V33/><F33/><W93/><G93/><T24/><D95/><N who="1" m="54719" /><E54/><AGARI ba="0,0" hai="8,9,10,15,16,46,49,54,82,84,90" m="28171" machi="54" ten="30,5800,0" yaku="25,1,52,1,54,1" doraHai="48" who="3" fromWho="1" sc="282,0,146,-58,119,0,453,58" owari="282,8.0,88,-41.0,119,-28.0,511,61.0" /></mjloggm>