<mjloggm ver="2.3"><GO type="169" lobby="0"/><UN n0="%EF%BC%92%E5%B9%B4%E7%9B%AE%E3%81%AE%EF%BD%83" n1="%3D%E5%9C%92%E5%9F%8E%E5%AF%BA%E6%80%9C%3D" n2="%E3%83%88%E3%83%88%E3%83%AA%E5%85%88%E7%94%9F%31%39%E6%AD%B3" n3="%E3%82%88%E3%81%97%E3%81%8E" dan="16,18,19,16" rate="2020.89,2170.91,2276.49,2097.18" sx="M,F,F,M"/><TAIKYOKU oya="0"/><INIT seed="0,0,0,4,5,126" ten="250,250,250,250" oya="0" hai0="39,81,10,2,54,99,35,94,27,49,86,103,63" hai1="36,68,25,123,71,118,78,28,74,57,62,134,88" hai2="77,45,108,83,6,5,55,46,132,42,8,69,41" hai3="66,91,95,79,127,26,125,105,119,17,48,24,97"/><T121/><D121/><U32/><E36/><V1/><F69/><W58/><G119/><T98/><D39/><U107/><E107/><V124/><F124/><N who="3" m="47691" /><G105/><T3/><D10/><U110/><E74/><V100/><F108/><W31/><G79/><T106/><D63/><U130/><E78/><V9/><F132/><W16/><G26/><T64/><D64/><U129/><E110/><V60/><F100/><W18/><G18/><T40/><D40/><U56/><E56/><V114/><F114/><W122/><G122/><T30/><D98/><U131/><E134/><V75/><F46/><W34/><G48/><T135/><D106/><U44/><E44/><V115/><F115/><W47/><G47/><T120/><D135/><U37/><E37/><V80/><F80/><W20/><G34/><T72/><D72/><U21/><E118/><V7/><F7/><W111/><G111/><T113/><D113/><U61/><E123/><V15/><REACH who="2" step="1"/><F60/><AGARI ba="0,0" hai="16,17,20,24,31,58,60,66,91,95,97" m="47691" machi="60" ten="30,2000,0" yaku="18,1,54,1" doraHai="126" who="3" fromWho="2" sc="250,0,250,0,250,-20,250,20" /><INIT seed="1,0,0,3,3,92" ten="250,250,230,270" oya="1" hai0="84,121,44,35,60,135,19,12,101,68,20,117,18" hai1="33,54,62,41,113,91,99,28,45,51,118,17,87" hai2="88,52,29,70,47,1,89,32,21,132,106,46,49" hai3="39,5,80,30,98,58,50,31,97,75,2,42,114"/><U111/><E113/><V125/><F32/><W110/><G114/><T129/><D121/><U10/><E118/><V119/><F119/><W34/><G110/><T22/><D35/><U40/><E28/><V83/><F1/><W85/><G34/><T57/><D129/><U126/><E126/><V116/><F116/><W63/><G39/><T4/><D68/><U100/><E62/><V8/><F70/><W96/><G75/><T7/><D135/><U112/><E112/><V3/><F106/><W104/><G104/><T115/><D117/><U67/><E67/><V128/><F132/><W95/><G95/><T38/><D115/><U0/><E111/><V120/><F120/><W43/><G5/><T105/><D84/><U59/><E59/><V26/><F128/><W69/><G2/><T78/><D78/><U90/><E0/><V23/><F125/><W48/><G69/><T93/><D105/><U73/><E73/><V55/><F83/><W123/><G123/><T15/><D44/><U71/><E71/><V130/><F21/><W79/><G30/><T124/><D38/><U77/><E77/><V56/><F46/><W103/><G31/><T11/><D124/><U65/><E65/><V37/><F37/><W109/><G103/><T102/><D93/><N who="1" m="56767" /><E100/><V61/><REACH who="2" step="1"/><F130/><REACH who="2" ten="250,250,220,270" step="2"/><W108/><G108/><T122/><D122/><U82/><E33/><V25/><F25/><W14/><G109/><T127/><D127/><U131/><E131/><V94/><F94/><W86/><G80/><T133/><D133/><U66/><E66/><V72/><F72/><W24/><G24/><RYUUKYOKU ba="0,1" sc="250,-15,250,15,220,15,270,-15" hai1="10,17,40,41,45,51,54,82,87,90" hai2="3,8,23,26,29,47,49,52,55,56,61,88,89" /><INIT seed="1,1,1,1,5,128" ten="235,265,235,255" oya="1" hai0="103,109,99,132,36,134,131,68,56,10,44,88,104" hai1="124,5,18,2,61,37,0,100,105,117,111,70,54" hai2="135,77,63,76,6,92,114,120,112,58,102,122,91" hai3="94,47,129,48,89,116,107,41,50,33,22,79,110"/><U29/><E54/><V43/><F6/><W118/><G33/><T34/><D131/><U78/><E18/><V87/><F43/><W13/><G107/><T95/><D68/><U27/><E5/><V19/><F19/><W38/><G129/><T51/><D34/><U26/><E26/><V115/><F135/><N who="0" m="51754" /><D109/><U90/><E37/><V15/><F15/><W28/><G110/><T130/><D130/><U69/><E78/><N who="2" m="30315" /><F102/><W21/><G79/><T1/><D1/><U31/><E31/><V32/><F32/><W52/><G38/><T83/><D36/><U84/><E70/><V108/><F108/><W60/><G28/><T121/><D121/><U73/><E111/><V85/><F85/><W62/><G13/><T14/><D56/><U55/><E69/><V3/><F3/><W71/><G71/><T12/><D83/><U64/><E0/><V67/><AGARI ba="1,1" hai="58,63,67,87,91,92,112,114,115,120,122" m="30315" machi="67" ten="40,1500,0" yaku="11,1" doraHai="128" who="2" fromWho="2" sc="235,-5,265,-8,235,28,255,-5" /><INIT seed="2,0,0,5,1,10" ten="230,257,263,250" oya="2" hai0="131,63,129,18,109,107,97,65,60,132,68,33,55" hai1="17,130,52,134,106,45,74,81,37,64,41,100,34" hai2="101,99,14,113,38,125,117,110,36,133,103,53,95" hai3="124,44,135,23,48,39,112,96,88,89,80,0,79"/><V25/><F113/><W47/><G0/><T82/><D33/><U26/><E130/><V105/><F117/><W43/><G112/><T121/><D121/><U67/><E100/><V12/><F133/><W90/><G135/><T119/><D119/><U78/><E106/><V58/><F125/><W104/><G124/><T30/><D30/><U71/><E71/><V61/><F110/><W87/><G23/><T32/><D132/><U128/><E128/><V70/><F70/><W7/><G7/><T2/><D32/><U4/><E134/><V83/><F83/><W66/><G66/><T3/><D109/><U51/><E4/><V15/><REACH who="2" step="1"/><F25/><REACH who="2" ten="230,257,253,250" step="2"/><W91/><G104/><T20/><D82/><U69/><E69/><V73/><F73/><W118/><G118/><T111/><D111/><U86/><E74/><V6/><F6/><W57/><G80/><T120/><D120/><U13/><E26/><V31/><F31/><W77/><G96/><AGARI ba="0,1" hai="12,14,15,36,38,53,58,61,95,96,99,101,103,105" machi="96" ten="40,12000,1" yaku="1,1,52,3,53,0" doraHai="10" doraHaiUra="16" who="2" fromWho="3" sc="230,0,257,0,253,130,250,-120" /><INIT seed="2,1,0,5,2,115" ten="230,257,383,130" oya="2" hai0="64,32,41,92,100,8,18,114,45,7,104,26,14" hai1="88,17,59,118,113,83,120,29,71,30,67,0,127" hai2="72,103,128,24,66,125,11,12,19,101,4,121,57" hai3="15,135,54,52,50,28,55,122,87,85,131,112,35"/><V130/><F121/><W84/><G122/><T81/><D114/><U51/><E0/><V22/><F72/><W105/><G112/><T5/><D104/><U70/><E70/><V1/><F125/><W13/><G105/><T33/><D64/><U46/><E71/><V76/><F76/><W117/><G135/><T34/><D81/><U129/><E129/><N who="2" m="49771" /><F1/><W77/><G131/><T132/><D132/><U63/><E127/><V2/><F2/><W111/><G111/><T48/><D100/><U49/><E49/><V116/><F116/><W106/><G106/><T43/><D92/><U133/><E118/><V47/><F47/><W38/><G38/><T10/><D43/><U109/><E109/><V61/><AGARI ba="1,0" hai="4,11,12,19,22,24,57,61,66,101,103" m="49771" machi="61" ten="30,1500,0" yaku="19,1" doraHai="115" who="2" fromWho="2" sc="230,-6,257,-6,383,18,130,-6" /><INIT seed="2,2,0,3,4,132" ten="224,251,401,124" oya="2" hai0="37,41,102,87,99,83,60,101,14,124,126,121,112" hai1="131,52,45,10,89,80,29,68,19,44,56,88,74" hai2="103,0,73,9,47,25,78,123,4,65,61,53,33" hai3="6,57,118,49,122,106,22,7,3,48,13,42,26"/><V96/><F123/><W109/><G122/><T134/><D112/><U58/><E68/><V11/><F11/><W84/><G118/><T119/><D121/><U15/><E131/><V5/><F5/><W55/><G106/><T2/><D2/><U38/><E38/><V95/><F53/><W50/><G109/><T115/><D115/><U35/><E35/><V107/><F47/><W64/><G3/><T110/><D134/><U28/><E58/><V62/><F62/><W32/><G32/><T17/><D110/><U133/><E74/><V71/><F95/><W66/><G42/><T24/><D24/><U130/><E130/><V92/><F92/><W40/><G40/><T51/><D119/><U98/><E98/><V108/><F78/><W105/><G105/><T54/><D60/><N who="1" m="35847" /><E89/><V63/><F63/><W93/><G7/><T39/><D41/><U120/><E133/><V31/><REACH who="2" step="1"/><F73/><REACH who="2" ten="224,251,391,124" step="2"/><W79/><G79/><N who="0" m="46591" /><D37/><U59/><E120/><V127/><F127/><N who="0" m="48682" /><D39/><U97/><E44/><V86/><F86/><W46/><G84/><T91/><D99/><U125/><E125/><V30/><F30/><W8/><G50/><T128/><D128/><U23/><E28/><V76/><F76/><W85/><G49/><T21/><D91/><U75/><E88/><V90/><F90/><N who="3" m="53455" /><G46/><AGARI ba="2,1" hai="14,17,21,46,51,54,101,102" m="48682,46591" machi="46" ten="30,7700,0" yaku="18,1,52,3" doraHai="132" who="0" fromWho="3" sc="224,93,251,0,391,0,124,-83" /><INIT seed="3,0,0,2,4,77" ten="317,251,391,41" oya="3" hai0="112,49,20,45,87,114,29,56,124,52,89,81,55" hai1="21,94,120,117,122,92,14,111,57,67,128,24,47" hai2="91,116,95,17,68,51,69,6,100,75,27,54,61" hai3="19,123,31,22,46,35,30,42,9,83,11,86,106"/><W39/><G123/><T63/><REACH who="0" step="1"/><D124/><REACH who="0" ten="307,251,391,41" step="2"/><U113/><E120/><V105/><F116/><W79/><G106/><T1/><D1/><U71/><E117/><V101/><F105/><W119/><G119/><T135/><D135/><U127/><E127/><V58/><F69/><W0/><G35/><T121/><D121/><U12/><E71/><V10/><F68/><W34/><G34/><T134/><D134/><U41/><E122/><V80/><F101/><W33/><G33/><T90/><D90/><U133/><E133/><V82/><F100/><W48/><G39/><T2/><D2/><U96/><E128/><V50/><F75/><W36/><G36/><T74/><D74/><U76/><E111/><V107/><F107/><W8/><REACH who="3" step="1"/><G0/><REACH who="3" ten="307,251,391,31" step="2"/><T104/><D104/><U18/><E113/><V32/><F32/><W115/><G115/><T93/><D93/><U118/><E118/><V88/><F95/><W62/><G62/><T15/><D15/><AGARI ba="0,2" hai="8,9,11,15,19,22,30,31,42,46,48,79,83,86" machi="15" ten="40,12000,1" yaku="1,1,8,1,52,1,53,1" doraHai="77" doraHaiUra="37" who="3" fromWho="0" sc="307,-120,251,0,391,0,31,140" /><INIT seed="3,1,0,1,2,103" ten="187,251,391,171" oya="3" hai0="94,38,115,135,9,99,64,72,36,54,90,13,57" hai1="86,124,87,133,127,93,56,89,102,39,116,61,134" hai2="68,43,76,106,104,83,49,22,75,20,107,123,65" hai3="19,23,24,53,129,119,82,14,60,5,42,46,27"/><W77/><G119/><T113/><D135/><N who="1" m="51723" /><E39/><V45/><REACH who="2" step="1"/><F123/><REACH who="2" ten="187,251,381,171" step="2"/><W88/><G129/><T78/><D113/><U114/><E114/><V59/><F59/><N who="3" m="34927" /><G77/><T108/><D115/><U1/><E56/><V110/><F110/><W30/><G5/><T97/><D108/><U62/><E116/><V105/><N who="2" m="26624" /><DORA hai="112" /><V121/><F121/><W16/><G46/><T37/><D78/><U70/><E127/><V52/><F52/><W118/><G118/><T29/><D64/><U91/><E124/><V15/><F15/><N who="3" m="9631" /><G42/><T11/><D57/><U10/><E70/><V31/><F31/><W41/><G41/><T44/><D29/><U2/><E2/><V40/><F40/><W117/><G117/><T98/><D54/><U4/><E1/><V26/><F26/><W111/><G111/><T7/><D44/><U74/><E4/><V131/><F131/><W47/><G47/><T85/><D72/><U51/><E74/><V100/><F100/><W58/><G30/><T71/><D71/><U130/><E102/><V50/><F50/><W18/><G58/><T34/><D34/><U25/><E51/><V63/><AGARI ba="1,1" hai="20,22,43,45,49,63,65,68,75,76,83" m="26624" machi="63" ten="60,12000,2" yaku="1,1,0,1,52,4,53,0" doraHai="103,112" doraHaiUra="69,120" who="2" fromWho="2" sc="187,-31,251,-31,381,133,171,-61" /><INIT seed="4,0,0,4,0,110" ten="156,220,514,110" oya="0" hai0="134,116,73,74,86,64,108,41,80,31,70,85,24" hai1="102,39,83,13,95,96,28,26,94,79,12,68,48" hai2="117,132,52,40,100,130,67,124,22,42,97,20,75" hai3="0,7,43,112,56,35,87,8,62,88,92,127,107"/><T6/><D116/><U69/><E39/><V55/><F75/><W23/><G127/><T105/><D108/><U9/><E94/><N who="2" m="58423" /><F130/><W65/><G35/><T101/><D134/><U14/><E48/><V82/><F124/><W98/><G43/><N who="2" m="16425" /><F67/><W59/><G112/><T123/><D41/><U25/><E25/><V53/><F132/><W29/><G107/><T21/><D6/><U113/><E113/><V49/><F117/><W51/><G29/><T133/><D133/><U19/><E69/><V131/><F131/><W5/><G5/><T63/><D86/><U66/><E66/><V135/><F135/><W121/><G121/><T16/><D123/><U18/><E18/><V47/><F82/><W89/><G23/><AGARI ba="0,0" hai="20,22,23,47,49,52,53,55" m="16425,58423" machi="23" ten="30,2000,0" yaku="8,1,54,1" doraHai="110" who="2" fromWho="3" sc="156,0,220,0,514,20,110,-20" /><INIT seed="5,0,0,3,3,26" ten="156,220,534,90" oya="1" hai0="8,36,81,46,72,19,74,64,20,65,116,57,15" hai1="119,38,4,69,77,9,121,91,76,80,12,6,55" hai2="33,32,17,61,85,115,90,51,54,120,31,94,25" hai3="41,7,108,106,2,122,89,113,129,98,43,23,92"/><U53/><E69/><V126/><F120/><W103/><G108/><T111/><D111/><U11/><E38/><V27/><F126/><W14/><G122/><T134/><D116/><U58/><E119/><V63/><F115/><W62/><G113/><T99/><D134/><U35/><E35/><V71/><F71/><W5/><G129/><T56/><D99/><U133/><E53/><V82/><F94/><W52/><G2/><T112/><D36/><U49/><E133/><V16/><F17/><W68/><G68/><T123/><D46/><U110/><E110/><V109/><F109/><W73/><G73/><T22/><D112/><U87/><REACH who="1" step="1"/><E121/><REACH who="1" ten="156,210,534,90" step="2"/><V40/><F33/><W95/><G43/><T100/><D123/><U96/><E96/><V29/><F40/><W84/><G41/><T28/><D65/><U127/><E127/><V117/><F117/><W135/><G135/><T105/><D64/><U34/><E34/><V124/><F124/><W1/><G106/><T18/><D105/><U101/><E101/><V93/><F32/><W118/><G118/><T88/><D100/><U86/><E86/><V10/><F54/><W13/><G103/><T70/><D70/><U0/><AGARI ba="0,1" hai="0,4,6,9,11,12,49,55,58,76,77,80,87,91" machi="0" ten="20,3900,0" yaku="1,1,0,1,7,1,53,0" doraHai="26" doraHaiUra="30" who="1" fromWho="1" sc="156,-13,210,49,534,-13,90,-13" /><INIT seed="5,1,0,3,1,9" ten="143,259,521,77" oya="1" hai0="71,128,129,11,115,70,56,83,101,72,102,79,114" hai1="38,16,113,122,82,64,13,76,118,125,96,135,106" hai2="47,29,89,103,110,24,99,121,60,66,0,98,130" hai3="85,109,42,43,93,86,48,123,23,10,132,6,75"/><U51/><E38/><V39/><F110/><W41/><G75/><T68/><D56/><U63/><E122/><V57/><F121/><W4/><G109/><T14/><D101/><U94/><E106/><V2/><F130/><W45/><G123/><T58/><D58/><U5/><E113/><V3/><F89/><W65/><G132/><T67/><D67/><U112/><E112/><N who="0" m="43049" /><D102/><U78/><E125/><V108/><F108/><W19/><G65/><T62/><D62/><U92/><E5/><AGARI ba="1,0" hai="5,11,14,68,70,71,72,79,83,128,129" m="43049" machi="5" ten="40,2600,0" yaku="15,1,52,1" doraHai="9" who="0" fromWho="1" sc="143,29,259,-29,521,0,77,0" /><INIT seed="6,0,0,1,0,104" ten="172,230,521,77" oya="2" hai0="95,5,53,0,57,112,110,46,116,42,76,101,97" hai1="129,64,69,2,128,91,120,11,92,20,127,81,130" hai2="34,122,31,8,94,48,103,56,50,100,39,78,66" hai3="43,44,77,70,93,84,126,17,12,73,55,61,123"/><V28/><F39/><W71/><G123/><T3/><D116/><U7/><E127/><V109/><F122/><W54/><G126/><T37/><D110/><U6/><E6/><V108/><F78/><W117/><G117/><T18/><D112/><U32/><E32/><V52/><F66/><W16/><G93/><T85/><D5/><U40/><E40/><V22/><F34/><W14/><G84/><T131/><D131/><U25/><E81/><V30/><F22/><W23/><G61/><T74/><D85/><N who="1" m="52335" /><E120/><V113/><F113/><W27/><G27/><T13/><D76/><U88/><E88/><V132/><F132/><W124/><G124/><T107/><D74/><U111/><E111/><N who="2" m="42571" /><F8/><W106/><G106/><T96/><D96/><U86/><E86/><V133/><F133/><W45/><G77/><T51/><D107/><U114/><E114/><V80/><F80/><W119/><G119/><T9/><AGARI ba="0,0" hai="0,3,9,13,18,37,42,46,51,53,57,95,97,101" machi="9" ten="20,1500,0" yaku="0,1,7,1" doraHai="104" who="0" fromWho="0" sc="172,15,230,-4,521,-7,77,-4" /><INIT seed="7,0,0,5,5,58" ten="187,226,514,73" oya="3" hai0="83,47,59,12,5,33,24,98,104,112,78,122,100" hai1="43,91,16,129,111,70,49,4,128,133,74,107,95" hai2="93,57,29,44,92,19,55,71,77,51,48,134,26" hai3="73,110,79,94,103,101,109,90,125,7,2,116,53"/><W17/><G116/><T36/><D122/><U66/><E111/><N who="3" m="42506" /><G125/><T87/><D112/><U10/><E107/><V106/><F106/><W99/><G17/><T46/><D36/><U20/><E66/><V32/><F71/><W40/><G40/><T60/><D33/><U34/><E34/><V3/><F134/><W123/><G53/><T68/><D68/><U108/><E74/><V82/><F3/><W69/><G69/><T81/><D24/><U120/><E133/><V42/><F19/><W35/><G35/><T96/><D96/><N who="1" m="57471" /><E120/><V118/><F118/><W102/><G123/><T85/><D12/><N who="1" m="5191" /><E70/><V89/><F89/><W121/><G121/><T27/><D27/><U114/><E114/><V25/><F25/><W86/><G7/><T28/><D28/><U30/><E30/><V113/><F113/><W22/><G22/><T127/><D127/><U63/><E20/><V8/><F8/><W14/><G14/><T31/><D31/><U38/><E16/><V126/><F126/><W97/><G2/><T117/><D5/><U75/><E38/><V130/><F26/><W135/><G135/><T72/><D117/><U15/><E15/><V0/><F55/><W23/><G23/><T56/><D56/><U1/><E1/><V9/><F48/><W76/><G73/><T65/><D72/><U61/><E75/><V45/><F42/><W18/><G18/><T84/><D84/><U119/><E119/><V131/><F29/><W67/><G67/><T11/><D11/><U124/><E124/><V105/><F44/><W62/><G62/><N who="1" m="23562" /><E108/><V41/><F45/><AGARI ba="0,0" hai="43,45,49,128,129" m="23562,5191,57471" machi="45" ten="30,7700,0" yaku="6,1,52,3" doraHai="58" who="1" fromWho="2" sc="187,0,226,77,514,-77,73,0" owari="187,-21.0,303,10.0,437,54.0,73,-43.0" /></mjloggm>