<mjloggm ver="2.3"><GO type="169" lobby="0"/><UN n0="%E3%82%A6%E3%83%AB%E3%83%88%E3%83%A9%E7%AB%8B%E7%9B%B4" n1="%74%61%74%73%75%37%30%32" n2="%E6%99%82%E3%82%92%E5%88%BB%E3%82%80%E5%94%84" n3="%E3%83%88%E3%82%B7%E3%83%95%E3%83%BC%E3%83%8B" dan="17,16,18,16" rate="2141.37,2155.61,2132.67,2077.31" sx="M,M,F,M"/><TAIKYOKU oya="0"/><INIT seed="0,0,0,1,0,57" ten="250,250,250,250" oya="0" hai0="111,135,82,29,38,70,22,95,4,9,130,59,118" hai1="129,115,99,14,54,74,76,27,92,66,83,96,88" hai2="20,77,30,133,125,26,53,98,112,94,11,126,48" hai3="101,67,65,86,19,89,103,33,109,100,2,39,23"/><T131/><D70/><U108/><E108/><V120/><F120/><W105/><G105/><T69/><D69/><U124/><E129/><N who="0" m="49161" /><D118/><U106/><E124/><V3/><F112/><W64/><G109/><T41/><D111/><U121/><E115/><V73/><F133/><W52/><G39/><T110/><D110/><U123/><E66/><V60/><F77/><W102/><N who="3" m="26112" /><DORA hai="12" /><W42/><G42/><T104/><D104/><U45/><E99/><V31/><F73/><W50/><G33/><T81/><D135/><U85/><E74/><V114/><F114/><W47/><G2/><N who="0" m="151" /><D95/><U116/><E116/><V80/><F94/><N who="3" m="54583" /><G67/><T62/><D41/><U18/><E27/><AGARI ba="0,0" hai="19,23,27,47,50,52,64,65" m="54583,26112" machi="27" ten="40,5200,0" yaku="8,1,52,1,54,1" doraHai="57,12" who="3" fromWho="1" sc="250,0,250,-52,250,0,250,52" /><INIT seed="1,0,0,4,3,57" ten="250,198,250,302" oya="1" hai0="127,63,130,133,42,91,32,41,90,96,6,8,82" hai1="81,51,2,27,21,87,14,56,71,36,95,101,15" hai2="30,62,128,69,99,38,11,12,60,5,19,50,93" hai3="46,72,65,97,4,70,29,3,59,20,18,52,132"/><U131/><E71/><V35/><F38/><W67/><G72/><T114/><D114/><U17/><E36/><V92/><F69/><W54/><G29/><T104/><D32/><U121/><E2/><V53/><F128/><W75/><G75/><T1/><D130/><U22/><E131/><V110/><F110/><W88/><G132/><T55/><D133/><U37/><E37/><V106/><F106/><W58/><G46/><T31/><D31/><U0/><E121/><V112/><F112/><W86/><G97/><T33/><D33/><U84/><E0/><V45/><F92/><N who="3" m="54295" /><G4/><T74/><D127/><U80/><E15/><N who="2" m="5615" /><F30/><W68/><G68/><T73/><D73/><U126/><E126/><V25/><F25/><N who="3" m="14487" /><G3/><T43/><D104/><U66/><E87/><V79/><F79/><W115/><G70/><T117/><D96/><N who="1" m="59551" /><E84/><V44/><F44/><W83/><G83/><T23/><D82/><U7/><E7/><V103/><F35/><W40/><G40/><T16/><D74/><U98/><E98/><V34/><F34/><W105/><G105/><T124/><D124/><U135/><E135/><V109/><F109/><W49/><G115/><T118/><D91/><U111/><E111/><V89/><F89/><W61/><AGARI ba="0,0" hai="49,52,54,58,59,61,65,67" m="14487,54295" machi="61" ten="30,7900,0" yaku="8,1,52,1,54,2" doraHai="57" who="3" fromWho="3" sc="250,-20,198,-39,250,-20,302,79" /><INIT seed="2,0,0,3,5,130" ten="230,159,230,381" oya="2" hai0="29,128,96,135,66,123,89,104,126,92,20,91,62" hai1="2,110,36,98,0,39,47,65,105,27,25,134,108" hai2="132,10,107,72,55,8,84,37,40,32,100,46,76" hai3="54,33,53,87,86,42,50,34,117,11,85,115,78"/><V24/><F72/><W28/><G117/><T75/><D123/><U69/><E47/><V82/><F55/><W112/><G78/><T133/><D75/><U73/><E73/><V81/><F81/><W57/><G42/><T49/><D104/><U15/><E15/><V45/><F45/><N who="3" m="27855" /><G11/><T63/><D128/><U94/><E105/><V127/><F127/><W18/><G18/><T97/><D49/><U5/><E5/><V61/><F61/><N who="3" m="36023" /><G28/><T88/><D126/><U31/><E31/><N who="2" m="19559" /><F100/><W129/><G129/><T93/><D91/><U106/><E106/><V116/><F116/><W60/><G60/><T48/><D48/><U3/><E94/><V118/><F107/><W64/><G64/><T74/><D74/><U122/><E98/><V68/><F68/><W131/><G131/><T17/><D29/><U103/><E103/><V44/><F44/><W43/><G43/><T77/><D77/><U56/><E56/><V99/><F99/><W21/><G21/><T58/><REACH who="0" step="1"/><D62/><REACH who="0" ten="220,159,230,381" step="2"/><N who="1" m="40119" /><E122/><V1/><F118/><W23/><G115/><T102/><D102/><U4/><E39/><V111/><F37/><W41/><G112/><T119/><D119/><U90/><E36/><V19/><F76/><W124/><G124/><T30/><D30/><U6/><E90/><V22/><F84/><W12/><G33/><T35/><D35/><U9/><E134/><V71/><F132/><W121/><G34/><T113/><D113/><U125/><E125/><V70/><F70/><W16/><G121/><T14/><AGARI ba="0,1" hai="14,17,20,58,63,66,88,89,92,93,96,97,133,135" machi="14" ten="30,12000,2" yaku="1,1,0,1,9,1,52,2,54,1,53,0" doraHai="130" doraHaiUra="114" who="0" fromWho="0" sc="220,130,159,-30,230,-60,381,-30" /><INIT seed="3,0,0,3,5,9" ten="350,129,170,351" oya="3" hai0="114,134,132,81,95,44,30,126,32,55,122,119,117" hai1="41,51,6,111,83,72,3,82,46,63,74,77,85" hai2="110,86,39,10,1,15,64,89,68,54,123,18,14" hai3="101,124,128,13,45,109,58,66,113,23,118,79,99"/><W29/><G118/><T115/><D30/><U34/><E111/><V97/><F39/><W26/><G113/><N who="0" m="43019" /><D32/><U43/><E34/><V47/><F1/><W133/><G109/><T50/><D81/><U71/><E43/><V103/><F110/><W33/><G133/><N who="0" m="51307" /><D95/><U105/><E105/><V16/><F68/><W8/><G128/><T20/><D20/><U40/><E40/><V78/><F64/><W42/><G124/><T102/><D102/><U106/><E106/><V2/><F2/><W35/><G79/><T116/><D122/><U60/><E71/><V121/><F78/><W22/><G22/><T31/><D31/><U90/><E72/><V76/><F76/><W84/><G84/><T25/><D25/><U73/><E73/><V70/><F70/><W129/><G129/><T96/><D96/><U112/><E112/><V93/><F47/><W127/><G127/><AGARI ba="0,0" hai="44,50,55,116,117,119,126,127" m="51307,43019" machi="127" ten="40,8000,1" yaku="11,1,20,1,34,2" doraHai="9" who="0" fromWho="3" sc="350,80,129,0,170,0,351,-80" /><INIT seed="4,0,0,0,1,55" ten="430,129,170,271" oya="0" hai0="116,66,25,53,7,119,103,59,52,34,92,112,127" hai1="23,54,90,129,114,3,56,78,123,57,128,43,131" hai2="32,10,61,5,68,13,69,75,4,94,30,89,100" hai3="45,82,88,135,110,2,113,72,14,96,31,84,1"/><T87/><D112/><U95/><E123/><V83/><F100/><W107/><G110/><T85/><D127/><U15/><E3/><V41/><F4/><W49/><G113/><T67/><D7/><U70/><E114/><V8/><F8/><W24/><G135/><T21/><D34/><U47/><E70/><V27/><F41/><W50/><G72/><T38/><D38/><U121/><E121/><V37/><F37/><W44/><G14/><T125/><D125/><U65/><E78/><V18/><F5/><W98/><G2/><T109/><D109/><U134/><E134/><V111/><F111/><W46/><G1/><T133/><D133/><U58/><E65/><N who="0" m="24585" /><D53/><U48/><E15/><V29/><F29/><W60/><G60/><N who="0" m="35943" /><D119/><U62/><REACH who="1" step="1"/><E23/><REACH who="1" ten="430,119,170,271" step="2"/><V0/><F0/><W115/><G115/><T71/><D116/><U39/><E39/><V126/><F126/><W6/><G107/><T108/><D71/><U12/><E12/><V11/><F68/><W77/><G6/><T86/><D108/><U93/><E93/><V64/><F11/><W102/><G24/><T28/><D87/><AGARI ba="0,1" hai="43,47,48,54,56,57,58,62,87,90,95,128,129,131" machi="87" ten="40,12000,2" yaku="1,1,19,1,52,3,53,1" doraHai="55" doraHaiUra="42" who="1" fromWho="0" sc="430,-120,119,130,170,0,271,0" /><INIT seed="5,0,0,4,2,53" ten="310,249,170,271" oya="1" hai0="90,105,18,94,93,4,122,106,99,33,92,9,89" hai1="64,21,135,117,83,2,70,85,77,0,52,54,8" hai2="50,100,110,87,29,19,121,119,104,75,45,79,74" hai3="34,120,11,49,27,48,126,25,76,116,78,3,127"/><U132/><E117/><V41/><F119/><W31/><G120/><T63/><D122/><U130/><E130/><V35/><F121/><W15/><G3/><T7/><D33/><U43/><E43/><V67/><F110/><W84/><G27/><T39/><D39/><U72/><E72/><V98/><F19/><W17/><G116/><T86/><D93/><U69/><E21/><V111/><F111/><W42/><G42/><T16/><D63/><N who="1" m="40095" /><E70/><V80/><F29/><W81/><REACH who="3" step="1"/><G76/><REACH who="3" ten="310,249,170,261" step="2"/><T96/><D86/><U109/><E109/><V115/><F115/><W13/><G13/><T82/><D82/><U58/><E0/><V118/><F118/><W44/><G44/><T62/><D96/><U134/><E2/><V91/><F35/><W14/><G14/><T128/><D99/><U40/><E40/><V32/><F32/><W66/><G66/><T37/><D128/><U20/><E54/><V73/><REACH who="2" step="1"/><F67/><REACH who="2" ten="310,249,160,261" step="2"/><W55/><G55/><T28/><D28/><U26/><E8/><V30/><F30/><W97/><G97/><T51/><D9/><U65/><E65/><V123/><F123/><W56/><G56/><T102/><D37/><U23/><E26/><V103/><F103/><W88/><G88/><AGARI ba="0,2" hai="41,45,50,73,74,75,79,80,87,88,91,98,100,104" machi="88" ten="40,2600,0" yaku="1,1,54,1,53,0" doraHai="53" doraHaiUra="60" who="2" fromWho="3" sc="310,0,249,0,160,46,261,-26" /><INIT seed="6,0,0,2,1,129" ten="310,249,206,235" oya="2" hai0="116,107,19,120,23,114,38,61,110,125,80,100,2" hai1="58,92,43,8,75,26,73,54,95,93,81,132,91" hai2="74,82,13,124,46,1,121,131,44,128,119,115,96" hai3="123,35,127,90,89,68,9,12,39,106,21,17,112"/><V10/><F121/><W72/><G123/><T122/><D61/><U37/><E132/><V50/><F119/><W134/><G35/><T86/><D23/><U47/><E26/><V14/><F115/><W25/><G39/><T48/><D80/><U30/><E30/><V88/><F124/><W109/><G109/><T77/><D86/><U67/><E67/><V60/><F60/><W103/><G72/><T22/><D19/><U94/><E8/><V84/><F74/><W99/><G68/><T133/><D48/><U32/><E32/><V31/><F31/><W52/><G127/><T40/><D22/><U118/><E118/><V49/><F1/><W16/><G112/><T66/><D77/><U55/><E55/><V63/><F63/><W59/><G134/><T69/><D100/><U135/><E135/><V29/><F29/><W0/><G0/><T104/><D40/><U27/><E27/><V36/><F36/><W65/><G65/><T87/><D87/><U53/><E53/><V102/><F50/><AGARI ba="0,0" hai="9,12,16,17,21,25,50,52,59,89,90,99,103,106" machi="50" ten="30,3900,0" yaku="7,1,54,2" doraHai="129" who="3" fromWho="2" sc="310,0,249,0,206,-39,235,39" /><INIT seed="7,0,0,2,1,9" ten="310,249,167,274" oya="3" hai0="31,43,51,23,67,68,5,80,28,19,54,47,83" hai1="32,62,3,129,81,37,78,20,36,39,133,42,119" hai2="17,61,100,64,101,4,121,134,111,128,130,14,102" hai3="109,110,124,30,2,12,123,72,104,45,96,21,74"/><W35/><G123/><T106/><D106/><U99/><E32/><V18/><F111/><N who="3" m="42507" /><G124/><T120/><D120/><U7/><E129/><V126/><F121/><W34/><G2/><T108/><D108/><U16/><E133/><V94/><F134/><W70/><G70/><T112/><D68/><U57/><E119/><V25/><F126/><W11/><G21/><T75/><D75/><N who="3" m="28713" /><G45/><T33/><D33/><U46/><E99/><V65/><F94/><W10/><G10/><T135/><D135/><U0/><E7/><V82/><F82/><N who="0" m="31274" /><D112/><U115/><E115/><V95/><F95/><W6/><G30/><T107/><D107/><U122/><E122/><V87/><F87/><W79/><G79/><T60/><D5/><U85/><E3/><V55/><F55/><W49/><G49/><N who="0" m="26879" /><D60/><U48/><E0/><V77/><F77/><W56/><G56/><N who="0" m="32863" /><D67/><U69/><E69/><V92/><F65/><W58/><G58/><T63/><D63/><U90/><E78/><V52/><F64/><W105/><G105/><T44/><D44/><U103/><E103/><AGARI ba="0,0" hai="6,11,12,34,35,96,103,104" m="28713,42507" machi="103" ten="30,2900,0" yaku="10,1,52,1" doraHai="9" who="3" fromWho="1" sc="310,0,249,-29,167,0,274,29" /><INIT seed="7,1,0,2,5,107" ten="310,220,167,303" oya="3" hai0="93,54,64,29,56,42,82,77,15,23,109,61,45" hai1="53,128,0,81,74,115,73,102,1,130,129,46,39" hai2="51,12,113,17,48,118,49,80,95,38,22,98,41" hai3="105,43,21,55,119,59,32,25,94,34,70,27,52"/><W103/><G70/><T91/><D109/><U68/><E68/><V47/><F113/><W117/><G105/><T88/><D64/><U75/><E115/><V14/><F118/><W44/><G119/><T30/><D15/><U134/><E134/><V2/><F2/><N who="1" m="1129" /><E102/><V11/><F80/><W8/><G8/><T116/><D116/><U4/><E4/><V124/><F124/><W10/><G10/><T125/><D125/><U101/><E101/><V72/><F72/><N who="1" m="18433" /><U96/><DORA hai="37" /><E96/><V89/><REACH who="2" step="1"/><F38/><REACH who="2" ten="310,220,157,303" step="2"/><W40/><G117/><T13/><D82/><U132/><E81/><V104/><F104/><W90/><G94/><T66/><D93/><U83/><E83/><V63/><F63/><W135/><G135/><T121/><D61/><U85/><E85/><V5/><AGARI ba="1,1" hai="5,11,12,14,17,22,41,47,48,49,51,89,95,98" machi="5" ten="20,8000,1" yaku="1,1,0,1,7,1,8,1,52,1,53,0" doraHai="107,37" doraHaiUra="122,28" who="2" fromWho="2" sc="310,-21,220,-21,157,93,303,-41" /><INIT seed="8,0,0,5,0,25" ten="289,199,250,262" oya="0" hai0="101,20,75,46,14,89,24,111,54,61,59,119,131" hai1="62,122,4,0,107,73,64,110,29,52,91,134,44" hai2="74,77,127,95,96,18,68,97,81,39,121,67,7" hai3="98,83,33,55,28,22,135,124,94,66,31,17,1"/><T3/><D3/><U35/><E122/><V45/><F18/><W58/><G1/><T100/><D75/><U115/><E110/><V85/><F67/><W125/><G33/><T105/><D105/><U11/><E107/><V50/><F68/><W49/><G83/><T113/><D113/><U126/><E73/><V13/><F39/><W63/><G135/><T123/><D123/><U6/><E4/><V43/><F121/><W93/><G93/><T2/><D2/><U70/><E134/><V82/><F127/><N who="3" m="48715" /><G17/><N who="0" m="12303" /><D131/><U112/><E126/><V34/><F34/><W88/><G22/><T72/><D72/><U117/><E91/><V92/><F81/><W12/><G12/><T108/><D119/><U129/><E117/><V102/><F74/><W42/><G42/><T130/><D130/><U103/><E103/><V106/><REACH who="2" step="1"/><F97/><REACH who="2" ten="289,199,240,262" step="2"/><W47/><AGARI ba="0,1" hai="28,31,47,49,55,58,63,66,88,94,98" m="48715" machi="47" ten="30,7900,0" yaku="18,1,52,2,54,1" doraHai="25" who="3" fromWho="3" sc="289,-39,199,-20,240,-20,262,89" owari="250,5.0,179,-32.0,220,-18.0,351,45.0" /></mjloggm>