<mjloggm ver="2.3"><GO type="169" lobby="0"/><UN n0="%E3%82%A6%E3%83%AB%E3%83%88%E3%83%A9%E7%AB%8B%E7%9B%B4" n1="%E9%9B%80%E8%8D%98%E4%B8%AD%E5%B7%9D" n2="%48%6F%6F%6F%6F%6F%6F%69" n3="%E3%83%84%E3%83%A2%E6%96%AC%E3%82%8A%E5%90%9B" dan="18,16,16,16" rate="2279.64,2075.88,2051.15,2095.04" sx="M,M,M,F"/><TAIKYOKU oya="0"/><INIT seed="0,0,0,4,3,16" ten="250,250,250,250" oya="0" hai0="80,11,112,12,97,100,52,61,83,70,90,39,40" hai1="19,81,2,102,129,77,124,18,135,71,37,23,17" hai2="24,75,67,125,113,0,94,58,33,105,43,85,44" hai3="6,47,95,134,107,46,5,116,8,53,32,119,41"/><T20/><D112/><U130/><E71/><V9/><F105/><W62/><G107/><T1/><D1/><U4/><E37/><V110/><F113/><W27/><G134/><T76/><D90/><U91/><E102/><V108/><F75/><W93/><G32/><T29/><D40/><U126/><E91/><N who="2" m="53615" /><F67/><W48/><G27/><N who="0" m="16615" /><D39/><U78/><E81/><N who="0" m="31305" /><D70/><U84/><E84/><V79/><F79/><W92/><G119/><T51/><D76/><U82/><E82/><V114/><F114/><W57/><G116/><T35/><D35/><U103/><E103/><V106/><F106/><W87/><G87/><T63/><D100/><U7/><E135/><V22/><F33/><W104/><G104/><T36/><D36/><U21/><E19/><V122/><F0/><AGARI ba="0,0" hai="0,2,4,7,17,18,21,23,77,78,124,126,129,130" machi="0" ten="25,6400,0" yaku="22,2,52,2" doraHai="16" who="1" fromWho="2" sc="250,0,250,64,250,-64,250,0" /><INIT seed="1,0,0,2,2,25" ten="250,314,186,250" oya="1" hai0="80,65,60,2,130,90,50,96,98,106,122,100,133" hai1="79,21,108,16,5,83,23,54,33,109,61,47,129" hai2="4,85,66,127,93,26,110,74,97,22,10,35,111" hai3="82,48,46,3,14,105,30,52,120,1,24,20,8"/><U94/><E129/><V78/><F35/><W17/><G120/><T0/><D130/><U42/><E33/><V84/><F66/><W37/><G105/><T57/><D133/><U39/><E5/><V7/><F127/><W27/><G37/><T18/><D122/><U119/><E119/><V58/><F58/><W131/><G131/><T45/><D18/><U118/><E118/><V64/><F64/><W112/><G112/><T40/><D90/><U9/><E94/><V32/><F32/><W38/><G38/><T71/><D80/><U36/><E36/><V95/><F74/><W43/><G43/><T101/><REACH who="0" step="1"/><D71/><REACH who="0" ten="240,314,186,250" step="2"/><U88/><E88/><V70/><F70/><W116/><G116/><T134/><D134/><U104/><E16/><V121/><F121/><W77/><REACH who="3" step="1"/><G24/><REACH who="3" ten="240,314,186,240" step="2"/><T81/><D81/><U107/><E83/><V49/><F26/><W62/><G62/><T63/><D63/><U114/><E61/><V12/><F110/><W86/><AGARI ba="0,2" hai="1,3,8,14,17,20,27,30,46,48,52,77,82,86" machi="86" ten="20,8000,1" yaku="1,1,0,1,7,1,52,1,54,1,53,0" doraHai="25" doraHaiUra="28" who="3" fromWho="3" sc="240,-20,314,-40,186,-20,240,100" /><INIT seed="2,0,0,5,4,110" ten="220,274,166,340" oya="2" hai0="76,47,26,113,114,22,65,121,67,60,29,115,88" hai1="99,12,37,80,86,63,42,45,119,24,72,103,56" hai2="39,106,3,48,2,82,123,50,32,10,61,118,77" hai3="23,59,44,55,79,9,122,69,91,134,71,83,125"/><V112/><F123/><W11/><G122/><T70/><D76/><U93/><E119/><V8/><F118/><W90/><G134/><T16/><D121/><U40/><E72/><V129/><F39/><W28/><G44/><T14/><D67/><U104/><E104/><V36/><F36/><W46/><G46/><T62/><D62/><U68/><E68/><V41/><F129/><W49/><G71/><T27/><D47/><U18/><E24/><V75/><F112/><W21/><G69/><T95/><REACH who="0" step="1"/><D29/><REACH who="0" ten="210,274,166,340" step="2"/><U96/><E45/><V135/><F135/><W105/><G28/><T54/><D54/><U84/><E63/><V51/><F41/><W31/><G55/><T101/><D101/><U100/><E40/><V0/><F61/><W92/><G79/><T120/><D120/><U111/><E42/><V132/><F132/><W89/><G31/><T34/><D34/><U133/><E133/><V85/><F32/><W127/><G127/><T43/><D43/><U107/><E37/><V57/><F57/><W109/><G125/><T117/><D117/><U25/><E56/><V81/><REACH who="2" step="1"/><F106/><REACH who="2" ten="210,274,156,340" step="2"/><W53/><G105/><T94/><D94/><U38/><E93/><V87/><F87/><AGARI ba="0,2" hai="14,16,22,26,27,60,65,70,87,88,95,113,114,115" machi="87" ten="40,12000,2" yaku="1,1,52,3,54,2,53,1" doraHai="110" doraHaiUra="13" who="0" fromWho="2" sc="210,140,274,0,156,-120,340,0" /><INIT seed="3,0,0,5,0,93" ten="350,274,36,340" oya="3" hai0="118,57,100,6,127,81,54,116,79,1,94,119,102" hai1="75,29,133,28,128,30,41,52,32,35,97,125,96" hai2="51,20,132,120,48,50,111,7,17,63,103,84,105" hai3="25,9,110,99,53,0,36,8,109,45,21,117,113"/><W76/><G117/><T71/><D71/><U33/><E75/><V40/><F111/><N who="3" m="42507" /><G113/><T89/><D6/><U67/><E67/><V115/><F115/><W64/><G64/><T91/><D1/><U4/><E41/><V65/><F132/><W11/><G76/><T61/><D127/><U90/><E133/><V104/><F120/><W85/><G85/><T3/><D3/><U108/><E108/><V101/><F7/><N who="3" m="1127" /><G99/><T72/><REACH who="0" step="1"/><D89/><REACH who="0" ten="340,274,36,340" step="2"/><U69/><E90/><V31/><F101/><W129/><G129/><T66/><D66/><U112/><E125/><V38/><F103/><W43/><G53/><T22/><D22/><U107/><E128/><V78/><F20/><W123/><G123/><T12/><D12/><U68/><E52/><V27/><F65/><W131/><G131/><T2/><D2/><U135/><E112/><V122/><F122/><W16/><AGARI ba="0,1" hai="9,11,16,21,25,36,43,45" m="1127,42507" machi="16" ten="30,6000,0" yaku="14,1,10,1,54,1" doraHai="93" who="3" fromWho="3" sc="340,-20,274,-20,36,-20,340,70" /><INIT seed="3,1,0,2,3,18" ten="320,254,16,410" oya="3" hai0="61,111,54,5,85,76,68,82,80,51,43,65,125" hai1="15,127,38,11,60,102,126,34,29,35,40,58,73" hai2="39,30,107,132,2,115,88,6,36,26,77,120,84" hai3="87,50,66,7,128,105,117,86,70,131,109,79,69"/><W53/><G117/><T135/><D111/><U45/><E73/><V101/><F115/><W46/><G109/><T129/><D129/><U130/><E130/><V92/><F132/><W103/><G7/><T28/><D125/><N who="1" m="47627" /><E29/><V96/><F120/><W55/><G105/><T3/><D135/><U42/><E42/><V24/><F24/><W67/><G50/><T27/><D43/><U100/><E100/><V110/><F110/><W8/><G103/><T1/><D80/><U90/><E90/><V52/><F6/><W123/><G79/><T41/><D41/><U9/><E102/><V97/><F2/><W134/><G134/><T20/><REACH who="0" step="1"/><D5/><REACH who="0" ten="310,254,16,410" step="2"/><N who="1" m="3503" /><E11/><V47/><F77/><W114/><G8/><T113/><D113/><U4/><E4/><V10/><F10/><W91/><G114/><T31/><D31/><U33/><E34/><V104/><F30/><W57/><G131/><T121/><D121/><U71/><E33/><V64/><F39/><W83/><G128/><T94/><D94/><U93/><E93/><V124/><F124/><W106/><G83/><T63/><D63/><U108/><E35/><V78/><F36/><W12/><G123/><T17/><D17/><U59/><E108/><V49/><F78/><W48/><G106/><T74/><D74/><U19/><E19/><V44/><F104/><W22/><G22/><T119/><D119/><U122/><E122/><V13/><F107/><W37/><G37/><T21/><D21/><U133/><E133/><V72/><F72/><W62/><G62/><T56/><AGARI ba="1,1" hai="1,3,20,27,28,51,54,56,61,65,68,76,82,85" machi="56" ten="20,5200,0" yaku="1,1,0,1,7,1,52,1,53,0" doraHai="18" doraHaiUra="0" who="0" fromWho="0" sc="310,65,254,-14,16,-14,410,-27" /><INIT seed="4,0,0,1,2,103" ten="375,240,2,383" oya="0" hai0="76,118,14,134,51,4,85,87,50,132,125,104,97" hai1="79,93,89,58,6,57,26,95,120,2,116,45,55" hai2="30,13,112,135,12,69,46,61,109,39,96,28,25" hai3="108,101,83,124,44,49,94,88,111,23,114,77,123"/><T16/><D4/><U133/><E116/><V8/><F109/><W0/><G114/><T121/><D118/><U62/><E79/><V113/><F30/><W15/><G0/><T32/><D32/><U90/><E133/><N who="0" m="51305" /><D125/><U20/><E6/><V31/><F31/><W24/><G101/><N who="0" m="62511" /><D121/><U43/><E2/><V53/><F135/><W56/><G124/><T98/><D98/><U119/><E119/><V129/><F129/><W22/><G123/><T130/><D130/><U71/><E71/><V59/><F69/><W115/><G115/><N who="2" m="44105" /><F8/><W127/><G127/><T34/><D34/><U73/><E73/><V5/><F5/><W17/><G22/><N who="0" m="11543" /><D76/><U54/><E120/><V128/><F128/><W36/><G77/><T52/><D51/><U126/><E126/><V35/><F96/><W65/><G49/><T91/><D91/><U105/><E89/><V68/><F68/><W67/><G88/><T18/><D18/><U100/><E90/><V102/><F102/><W33/><G17/><T131/><D131/><U86/><E100/><V84/><F84/><W106/><G33/><T117/><D117/><U82/><E86/><V9/><F9/><W74/><G111/><T42/><D42/><AGARI ba="0,0" hai="12,13,25,28,35,39,42,46,53,59,61" m="44105" machi="42" ten="30,1000,0" yaku="15,1" doraHai="103" who="2" fromWho="0" sc="375,-10,240,0,2,10,383,0" /><INIT seed="5,0,0,5,5,78" ten="365,240,12,383" oya="1" hai0="15,58,36,0,132,48,117,28,3,79,115,83,100" hai1="49,16,10,133,59,114,18,118,131,112,45,34,68" hai2="72,47,21,7,127,19,91,87,77,90,65,37,134" hai3="9,50,41,98,107,110,94,6,1,8,23,76,121"/><U33/><E118/><V75/><F7/><W80/><G110/><T125/><D36/><U25/><E68/><V129/><F134/><W67/><G107/><T12/><D117/><U57/><E133/><V92/><F129/><W54/><G67/><T2/><D115/><U81/><E131/><V13/><F127/><W71/><G71/><T93/><D28/><U84/><E59/><V29/><F65/><W55/><G9/><T119/><D119/><U69/><E57/><V4/><F29/><W24/><G41/><T14/><D125/><U86/><E86/><V39/><F77/><W64/><G64/><T30/><D30/><U122/><E69/><V40/><F4/><W63/><G63/><T38/><D38/><U103/><E103/><V46/><F90/><W126/><G121/><T95/><D100/><U22/><E122/><V26/><F26/><W105/><G105/><T130/><D130/><U73/><E73/><V70/><F70/><W124/><G124/><T42/><D132/><U52/><E10/><V11/><F11/><W109/><G109/><T32/><D32/><U111/><E18/><V120/><F120/><W99/><G6/><T123/><D123/><U43/><E43/><AGARI ba="0,0" hai="13,19,21,37,39,40,43,46,47,72,75,87,91,92" machi="43" ten="40,1300,0" yaku="9,1" doraHai="78" who="2" fromWho="1" sc="365,0,240,-13,12,13,383,0" /><INIT seed="6,0,0,1,4,45" ten="365,227,25,383" oya="2" hai0="38,25,9,134,64,1,24,4,129,56,41,42,101" hai1="22,96,70,76,57,53,122,6,105,35,107,75,68" hai2="49,108,104,58,51,2,72,126,61,36,80,127,60" hai3="118,125,115,102,30,117,62,78,120,14,90,44,103"/><V31/><F36/><W84/><G120/><T7/><D129/><U29/><E35/><V98/><F2/><W130/><G130/><T116/><D134/><U66/><E6/><V109/><F31/><W99/><G125/><N who="2" m="47625" /><F104/><W33/><G78/><T100/><D116/><U0/><E0/><V32/><F32/><W12/><G115/><T92/><D7/><U123/><E66/><N who="2" m="39191" /><F98/><W27/><G99/><T26/><D38/><U94/><E105/><V79/><F61/><W23/><G62/><N who="0" m="37959" /><D1/><U128/><E96/><V85/><F85/><W74/><G33/><T40/><D92/><U67/><E107/><V86/><F86/><W113/><G113/><T54/><D100/><U73/><E128/><V83/><F83/><W50/><G103/><T97/><D97/><U110/><E29/><V114/><F114/><W112/><G102/><T17/><D101/><U39/><E39/><V34/><F34/><W131/><G84/><T124/><D124/><U46/><E123/><V87/><F87/><W77/><G112/><T88/><D88/><U89/><E122/><V43/><F43/><W10/><G90/><T52/><D4/><U48/><E89/><V20/><F20/><W16/><G131/><T3/><D3/><U81/><E22/><V132/><F132/><W37/><G37/><T133/><D133/><U5/><E81/><V11/><F11/><W47/><G10/><T121/><D121/><U59/><E5/><V111/><AGARI ba="0,0" hai="49,51,72,79,80,108,109,111" m="39191,47625" machi="111" ten="40,12000,1" yaku="10,1,18,1,52,2" doraHai="45" who="2" fromWho="2" sc="365,-40,227,-40,25,120,383,-40" /><INIT seed="6,1,0,0,2,37" ten="325,187,145,343" oya="2" hai0="42,76,19,28,78,59,26,57,98,91,47,89,112" hai1="90,66,128,13,34,86,67,74,116,126,71,1,55" hai2="16,63,3,29,6,39,83,92,124,88,103,10,94" hai3="135,97,132,35,30,36,111,72,133,129,4,102,108"/><V107/><F124/><W31/><G129/><T100/><D19/><U120/><E116/><V79/><F39/><W51/><G36/><T114/><D91/><U22/><E1/><V8/><F29/><N who="3" m="10763" /><G35/><T115/><D89/><U70/><E34/><V119/><F119/><W99/><G72/><T81/><D26/><U43/><E71/><V14/><F88/><W73/><G73/><N who="0" m="43151" /><D78/><U23/><E70/><V21/><F63/><W9/><G51/><N who="0" m="27127" /><D28/><U44/><E126/><V38/><F38/><W11/><G11/><T52/><D52/><U60/><E74/><V33/><F33/><W24/><G24/><T5/><D5/><U45/><E128/><V2/><F2/><N who="3" m="151" /><G97/><T41/><D41/><U123/><E43/><V95/><F107/><AGARI ba="1,0" hai="99,102,107,108,111,132,133,135" m="151,10763" machi="107" ten="30,1000,0" yaku="20,1" doraHai="37" who="3" fromWho="2" sc="325,0,187,0,145,-13,343,13" /><AGARI ba="1,0" hai="57,59,98,100,107,112,114,115" m="27127,43151" machi="107" ten="30,2000,0" yaku="15,1,52,1" doraHai="37" who="0" fromWho="2" sc="325,20,187,0,132,-20,356,0" /><INIT seed="7,0,0,3,2,41" ten="345,187,112,356" oya="3" hai0="36,34,20,52,4,11,10,18,28,89,22,68,40" hai1="19,78,134,56,24,131,121,80,82,51,43,58,94" hai2="91,44,64,100,12,85,60,27,3,33,48,129,57" hai3="29,31,1,54,117,113,118,75,120,45,23,107,42"/><W102/><G120/><T30/><D68/><U2/><E121/><V72/><F129/><W123/><G123/><T15/><D36/><U65/><E2/><V92/><F3/><W127/><G75/><T98/><D40/><U5/><E5/><V90/><F72/><W128/><G1/><T26/><D52/><U88/><E131/><V62/><F62/><W55/><G128/><T7/><D89/><U6/><E6/><N who="0" m="2089" /><D98/><U105/><E134/><V8/><F33/><W37/><G113/><T111/><D111/><U87/><E105/><V116/><F116/><W14/><G127/><T84/><D84/><N who="1" m="48151" /><E65/><V130/><F130/><W53/><G107/><T25/><AGARI ba="0,0" hai="10,11,15,18,20,22,25,26,28,30,34" m="2089" machi="25" ten="30,8000,1" yaku="35,5" doraHai="41" who="0" fromWho="0" sc="345,80,187,-20,112,-20,356,-40" owari="425,52.0,167,-23.0,92,-41.0,316,12.0" /></mjloggm>