<mjloggm ver="2.3"><GO type="169" lobby="0"/><UN n0="%E6%BC%A3%E5%A4%8F" n1="%E3%82%A6%E3%83%AB%E3%83%88%E3%83%A9%E7%AB%8B%E7%9B%B4" n2="%3A%44%75%63%61%3A" n3="%6F%6E%65%73%74%61%72" dan="16,17,16,17" rate="2077.61,2158.94,2066.32,2173.51" sx="M,M,M,M"/><TAIKYOKU oya="0"/><INIT seed="0,0,0,0,0,57" ten="250,250,250,250" oya="0" hai0="105,19,109,126,129,78,65,106,30,50,97,13,90" hai1="95,128,38,89,55,121,3,46,21,110,85,116,134" hai2="20,5,64,52,74,124,7,66,101,94,86,72,22" hai3="132,112,76,84,122,68,77,1,69,87,42,8,119"/><T56/><D129/><U35/><E35/><V10/><F124/><W108/><G119/><T93/><D126/><U43/><E116/><V98/><F72/><W107/><G112/><T45/><D78/><U92/><E121/><V88/><F74/><W131/><G42/><T130/><D30/><U117/><E117/><V51/><F20/><W31/><G31/><T71/><D71/><U39/><E3/><V4/><F22/><W12/><G1/><T99/><D99/><U28/><E110/><V24/><F24/><W16/><G122/><T135/><D130/><U81/><E134/><V27/><F27/><W40/><G40/><T6/><D6/><U32/><E32/><V34/><F34/><W114/><G107/><T63/><D135/><U83/><E39/><V29/><F29/><W58/><G108/><T25/><D25/><U26/><E128/><V33/><F10/><W17/><G132/><T123/><D123/><U73/><E73/><V53/><F33/><W62/><G68/><T59/><D59/><U80/><E55/><V103/><F103/><W18/><G69/><T61/><D109/><U47/><E47/><N who="2" m="27775" /><F53/><N who="3" m="34127" /><G114/><T120/><D120/><U37/><E37/><V104/><F104/><W127/><G127/><T113/><D113/><U91/><REACH who="1" step="1"/><E81/><REACH who="1" ten="250,240,250,250" step="2"/><V23/><F66/><W111/><G111/><T49/><D65/><U118/><E118/><V48/><F64/><W79/><G131/><T44/><D49/><U2/><E2/><V11/><F48/><W54/><G54/><T102/><D50/><U100/><E100/><V133/><F101/><W41/><G41/><RYUUKYOKU ba="0,1" sc="250,-15,240,15,250,-15,250,15" hai1="21,26,28,38,43,46,80,83,85,89,91,92,95" hai3="8,12,16,17,18,76,77,79,84,87" /><INIT seed="1,1,1,0,0,75" ten="235,255,235,265" oya="1" hai0="135,70,42,80,19,45,0,46,41,18,68,104,10" hai1="85,55,109,134,66,114,112,97,76,21,79,62,7" hai2="1,90,43,67,30,133,59,9,24,65,57,107,34" hai3="15,130,73,93,11,20,96,51,60,31,44,101,115"/><U94/><E114/><V99/><F133/><W84/><G130/><T28/><D104/><U23/><E112/><V12/><F1/><W13/><G115/><T26/><D135/><U3/><E134/><V5/><F43/><W2/><G73/><T48/><D80/><U25/><E3/><V72/><F72/><W113/><G113/><T116/><D116/><U64/><E7/><V6/><F6/><W88/><G60/><T122/><D122/><U111/><E85/><V54/><F57/><W37/><G37/><T71/><D10/><U52/><E62/><V4/><F4/><W127/><G127/><T125/><D0/><U121/><E121/><V98/><F98/><W8/><G2/><T110/><D110/><N who="1" m="41995" /><E52/><V58/><F58/><W17/><G31/><T81/><D125/><U119/><E55/><V47/><F47/><W33/><G13/><T69/><N who="0" m="17408" /><DORA hai="38" /><T82/><D82/><U61/><E61/><V78/><F54/><W63/><G33/><T103/><D81/><U128/><E128/><V91/><F59/><W22/><G63/><T132/><D103/><N who="1" m="60855" /><E119/><V36/><F65/><N who="1" m="25193" /><E21/><V89/><F67/><W124/><G20/><T123/><D123/><U49/><E49/><V40/><F5/><W56/><G56/><T27/><D132/><U39/><E39/><V53/><F36/><W87/><G124/><T102/><D102/><U126/><E126/><V131/><F131/><W29/><G87/><T108/><D108/><U118/><E118/><V16/><F53/><N who="3" m="29927" /><G84/><T77/><D48/><U105/><E105/><V117/><F117/><W95/><G22/><RYUUKYOKU ba="1,1" sc="235,-10,255,30,235,-10,265,-10" hai1="23,25,76,79" /><INIT seed="1,2,1,0,0,1" ten="225,285,225,255" oya="1" hai0="89,105,6,98,116,29,88,94,41,64,3,102,22" hai1="18,5,40,82,13,56,111,128,33,0,120,129,53" hai2="42,19,104,119,86,87,131,7,115,11,47,101,114" hai3="62,59,57,123,34,99,67,132,68,23,106,43,122"/><U24/><E40/><V39/><F131/><N who="1" m="50249" /><E120/><V93/><F119/><W10/><G132/><T48/><D116/><U80/><E111/><V26/><F104/><W4/><G59/><T103/><D64/><U73/><E73/><V12/><F101/><W126/><G126/><T134/><D134/><U15/><E0/><V127/><F127/><W107/><G23/><T110/><D110/><U78/><E78/><V69/><F69/><W71/><G57/><T58/><D103/><U112/><E112/><N who="2" m="43051" /><F93/><W38/><G68/><T37/><D37/><U45/><E45/><V36/><F39/><W97/><G97/><T113/><D113/><U32/><E24/><V55/><F55/><W91/><G34/><N who="1" m="13418" /><E5/><V28/><F19/><W20/><G43/><T117/><D6/><U130/><N who="1" m="50257" /><U118/><DORA hai="79" /><E118/><V85/><F26/><W25/><G38/><T135/><D135/><U65/><E65/><V44/><F44/><W30/><G123/><T60/><D117/><U76/><E76/><V52/><F52/><W46/><G46/><N who="0" m="25679" /><D105/><U81/><E18/><V70/><F70/><W95/><REACH who="3" step="1"/><G122/><REACH who="3" ten="225,285,225,245" step="2"/><T83/><D22/><U63/><AGARI ba="2,2" hai="13,15,53,56,63,80,81,82" m="13418,50257" machi="63" ten="50,12000,1" yaku="19,1,52,3" doraHai="1,79" who="1" fromWho="1" sc="225,-42,285,146,225,-42,245,-42" /><INIT seed="1,3,0,0,3,77" ten="183,431,183,203" oya="1" hai0="48,71,64,105,109,47,45,89,116,126,98,121,3" hai1="69,53,51,132,73,34,57,129,17,40,28,30,25" hai2="37,108,0,131,88,99,106,11,56,43,128,134,22" hai3="125,120,15,5,58,130,29,90,49,14,42,102,55"/><U36/><E129/><N who="2" m="49739" /><F108/><W63/><G120/><T31/><D116/><U6/><E132/><V46/><F134/><W74/><G130/><T1/><D109/><U127/><E127/><V107/><F22/><W52/><G74/><T103/><D126/><U81/><E6/><N who="2" m="1479" /><F56/><W75/><G75/><T8/><D121/><U93/><E69/><V100/><F88/><W60/><G125/><T135/><D135/><U7/><E7/><V86/><F86/><W19/><G102/><T80/><D8/><U97/><E17/><V101/><F101/><W123/><G123/><T35/><D31/><U70/><E70/><V85/><F85/><W91/><G29/><T13/><D35/><U96/><E30/><V2/><F2/><W41/><G58/><T87/><D47/><U76/><REACH who="1" step="1"/><E93/><AGARI ba="3,0" hai="37,43,46,93,99,100,106,107" m="1479,49739" machi="93" ten="30,1000,0" yaku="19,1" doraHai="77" who="2" fromWho="1" sc="183,0,431,-19,183,19,203,0" /><INIT seed="2,0,0,4,3,33" ten="183,412,202,203" oya="2" hai0="40,72,65,15,31,123,134,78,41,35,75,73,42" hai1="103,126,130,34,93,1,16,6,36,37,121,95,97" hai2="66,101,127,82,20,56,84,89,23,124,116,125,98" hai3="132,77,19,110,45,94,2,53,106,52,67,63,12"/><V48/><F116/><W14/><G106/><T55/><D123/><U109/><E34/><V21/><F48/><W107/><G107/><T104/><D104/><U108/><E121/><V85/><F85/><W46/><G110/><N who="1" m="42602" /><E130/><V50/><F50/><W69/><G132/><T59/><D134/><U43/><E126/><V27/><F56/><W92/><G77/><T11/><D65/><U28/><E28/><V114/><F114/><W58/><G2/><T83/><D31/><U60/><E43/><V29/><REACH who="2" step="1"/><F66/><REACH who="2" ten="183,412,192,203" step="2"/><W90/><G58/><T49/><REACH who="0" step="1"/><D35/><REACH who="0" ten="173,412,192,203" step="2"/><U87/><E37/><V74/><F74/><W22/><G67/><T71/><D71/><U86/><E36/><V10/><F10/><W62/><G69/><T44/><D44/><U115/><E115/><V100/><F100/><W32/><G32/><T119/><D119/><U135/><E103/><V96/><F96/><W17/><G22/><T38/><D38/><U64/><E97/><V7/><F7/><AGARI ba="0,2" hai="7,11,15,40,41,42,49,55,59,72,73,75,78,83" machi="7" ten="40,1300,0" yaku="1,1,53,0" doraHai="33" doraHaiUra="91" who="0" fromWho="2" sc="173,33,412,0,192,-13,203,0" /><INIT seed="3,0,0,5,0,103" ten="206,412,179,203" oya="3" hai0="109,104,12,84,83,91,18,81,110,31,123,97,112" hai1="48,53,9,62,21,107,17,29,133,122,23,130,125" hai2="19,128,120,73,114,135,26,8,0,46,124,86,74" hai3="77,38,43,94,65,30,132,76,113,79,116,71,111"/><W60/><G116/><T66/><D123/><U41/><E107/><V5/><F114/><W88/><G113/><T129/><D112/><U117/><E122/><V24/><F120/><W70/><G132/><T10/><D129/><U75/><E75/><V106/><F128/><W22/><G111/><N who="0" m="42507" /><D66/><U118/><E130/><V69/><F135/><W25/><G43/><T99/><D31/><U131/><E131/><V90/><F69/><W45/><G45/><T93/><D99/><U16/><E133/><V44/><F106/><W42/><G42/><T119/><D119/><U108/><E29/><V121/><F121/><W11/><G11/><T98/><D97/><U27/><E9/><V63/><F63/><W55/><G55/><T96/><D98/><U37/><E62/><V51/><F124/><W2/><G2/><T80/><D80/><U1/><E1/><V32/><F46/><W6/><G6/><T78/><D78/><U15/><E125/><V67/><F67/><W82/><G70/><T72/><D72/><U36/><E108/><V4/><F4/><W127/><G127/><T52/><D52/><U89/><E41/><V115/><F115/><W33/><G38/><T35/><D35/><U100/><E37/><V68/><F68/><W7/><G7/><T20/><D10/><U59/><E36/><V61/><F32/><W13/><G82/><T3/><D3/><U87/><E100/><AGARI ba="0,0" hai="12,18,20,81,83,84,91,93,96,100,104" m="42507" machi="100" ten="30,2000,0" yaku="14,1,52,1" doraHai="103" who="0" fromWho="1" sc="206,20,412,-20,179,0,203,0" /><INIT seed="4,0,0,4,4,59" ten="226,392,179,203" oya="0" hai0="119,75,134,69,104,64,28,52,16,116,131,78,86" hai1="20,17,6,61,100,112,41,105,37,95,115,30,110" hai2="34,121,48,76,56,97,113,68,102,101,7,107,79" hai3="5,42,63,81,3,35,123,70,103,108,22,93,66"/><T9/><D75/><U13/><E105/><V25/><F113/><N who="1" m="43593" /><E110/><V4/><F121/><W87/><G35/><T39/><D39/><U127/><E127/><V77/><F102/><W50/><G108/><T132/><D104/><U47/><E30/><V10/><F68/><W118/><G118/><T1/><D28/><U54/><E6/><V82/><F4/><W57/><G123/><T130/><D78/><U94/><E100/><V117/><F117/><N who="0" m="45130" /><D86/><U72/><E72/><V62/><F48/><W84/><G22/><T38/><D38/><U8/><E20/><V128/><F128/><N who="0" m="49194" /><D52/><U11/><E11/><V2/><F34/><W133/><G5/><N who="0" m="1199" /><D16/><U60/><E54/><V58/><F25/><W49/><G84/><T96/><D96/><U88/><E94/><V26/><F26/><W106/><G93/><T31/><D31/><U12/><E13/><V51/><F51/><W80/><G87/><AGARI ba="0,0" hai="8,12,17,37,41,47,60,61,87,88,95" m="43593" machi="87" ten="30,8000,1" yaku="15,1,11,1,52,2,54,1" doraHai="59" who="1" fromWho="3" sc="226,0,392,80,179,0,203,-80" /><INIT seed="5,0,0,0,2,118" ten="226,472,179,123" oya="1" hai0="64,43,22,134,58,98,89,23,104,80,102,32,72" hai1="131,114,19,7,57,85,25,52,126,33,38,93,90" hai2="16,91,68,130,73,77,135,50,4,100,86,133,36" hai3="59,53,37,78,40,110,97,28,107,62,63,20,48"/><U44/><E114/><V117/><F36/><W132/><G110/><T56/><D32/><U109/><E131/><V79/><F117/><W70/><G132/><N who="2" m="50761" /><F68/><W45/><G78/><T108/><D134/><U17/><E126/><V119/><F119/><W76/><G76/><T94/><D43/><U39/><E7/><V112/><F4/><W75/><G75/><T15/><D108/><U10/><E109/><V1/><F1/><W83/><G83/><T127/><D127/><U41/><E10/><V30/><F30/><W74/><G74/><T82/><D72/><U71/><E71/><V88/><F130/><W18/><G28/><T54/><D104/><U29/><REACH who="1" step="1"/><E38/><REACH who="1" ten="226,462,179,123" step="2"/><V2/><F112/><W49/><G70/><T87/><D15/><U42/><E42/><V103/><F2/><W46/><G107/><T66/><D64/><U95/><E95/><V13/><F73/><W115/><G115/><T35/><D66/><U65/><E65/><V113/><F113/><W55/><REACH who="3" step="1"/><G97/><REACH who="3" ten="226,462,179,113" step="2"/><T101/><D98/><U81/><E81/><V122/><F86/><W14/><AGARI ba="0,2" hai="14,18,20,37,40,45,46,48,49,53,55,59,62,63" machi="14" ten="20,5200,0" yaku="1,1,2,1,0,1,7,1,53,0" doraHai="118" doraHaiUra="0" who="3" fromWho="3" sc="226,-13,462,-26,179,-13,113,72" /><INIT seed="6,0,0,0,4,14" ten="213,436,166,185" oya="2" hai0="27,115,120,129,41,107,133,122,1,128,71,100,40" hai1="48,92,57,77,39,84,135,123,5,95,126,103,34" hai2="16,106,58,74,118,98,102,124,19,116,76,8,132" hai3="119,25,38,31,91,114,47,99,29,59,108,24,111"/><V28/><F132/><W73/><G73/><T101/><D1/><U43/><E34/><V26/><F124/><W72/><G72/><T52/><D133/><U104/><E39/><V12/><F58/><W96/><G59/><T117/><D71/><U109/><E5/><V54/><F54/><W35/><G119/><T21/><D117/><U112/><E43/><N who="0" m="16457" /><D52/><U87/><E48/><V51/><F51/><W36/><G91/><T82/><D82/><U83/><E57/><V121/><F121/><N who="0" m="46698" /><D115/><U4/><E4/><V134/><F134/><W18/><G114/><T49/><D107/><U61/><E104/><V130/><F130/><N who="0" m="50282" /><D49/><U105/><E105/><V64/><F64/><W46/><G35/><T89/><D89/><U85/><E135/><V37/><F37/><W9/><G9/><T10/><D10/><U88/><E112/><V45/><F45/><W20/><G20/><T110/><D110/><U7/><E7/><V22/><REACH who="2" step="1"/><F28/><AGARI ba="0,0" hai="21,27,28,100,101" m="50282,46698,16457" machi="28" ten="30,1000,0" yaku="19,1" doraHai="14" who="0" fromWho="2" sc="213,10,436,0,166,-10,185,0" /><INIT seed="7,0,0,5,1,20" ten="223,436,156,185" oya="3" hai0="103,122,126,6,82,36,84,41,48,58,117,110,60" hai1="53,77,14,3,118,11,44,81,133,91,120,29,132" hai2="7,62,87,0,33,5,85,128,57,78,127,42,123" hai3="115,113,99,30,64,28,66,88,98,16,37,108,101"/><W124/><G124/><T92/><D110/><U18/><E120/><V51/><F123/><W17/><G37/><T131/><D117/><U119/><E29/><V39/><F39/><W80/><G80/><T32/><D32/><U4/><E91/><V69/><F127/><W56/><G56/><T65/><D36/><U47/><E53/><V129/><F33/><W61/><G61/><T102/><D131/><U116/><E47/><V15/><F0/><W49/><G101/><T97/><D6/><U21/><E44/><N who="2" m="26007" /><F69/><W1/><G1/><T9/><D9/><U100/><E100/><V89/><F78/><W46/><G46/><N who="0" m="25679" /><D122/><U130/><E130/><N who="2" m="50283" /><F15/><W25/><G49/><T107/><D126/><U12/><E12/><V134/><F134/><W40/><G40/><T8/><D8/><U59/><E59/><V63/><F63/><W68/><G68/><T125/><D107/><U2/><E2/><V105/><F105/><W71/><G71/><T45/><D45/><U94/><E94/><N who="2" m="54575" /><F87/><AGARI ba="0,0" hai="3,4,11,14,18,21,77,81,87,116,118,119,132,133" machi="87" ten="40,1300,0" yaku="12,1" doraHai="20" who="1" fromWho="2" sc="223,0,436,13,156,-13,185,0" owari="223,2.0,449,55.0,143,-36.0,185,-21.0" /></mjloggm>