<mjloggm ver="2.3"><GO type="169" lobby="0"/><UN n0="%E3%82%A6%E3%83%AB%E3%83%88%E3%83%A9%E7%AB%8B%E7%9B%B4" n1="%74%72%79%6C%6F%6F%74" n2="%E9%BB%92%E7%8C%AB%73%69%6E" n3="%67%61%69%61%78%78%78" dan="18,16,16,16" rate="2202.25,2083.45,2151.93,2111.54" sx="M,M,M,M"/><TAIKYOKU oya="0"/><INIT seed="0,0,0,4,5,91" ten="250,250,250,250" oya="0" hai0="19,51,7,30,113,18,120,119,33,10,52,42,115" hai1="95,71,49,80,6,31,15,17,83,76,126,48,4" hai2="118,21,130,114,58,40,108,88,105,39,110,84,75" hai3="64,129,16,54,11,122,135,117,29,53,66,12,109"/><T81/><D42/><U128/><E128/><V8/><F114/><W38/><G117/><T111/><D119/><U87/><E126/><V101/><F118/><W60/><G38/><T78/><D120/><U26/><E71/><V123/><F123/><W79/><G129/><T106/><D106/><U34/><E80/><V98/><F130/><W13/><G135/><T73/><D111/><U41/><E95/><N who="2" m="54663" /><F21/><W125/><G109/><T25/><D115/><U56/><E48/><V96/><F96/><W89/><G79/><T74/><D74/><U104/><E104/><V134/><F8/><W100/><G100/><T27/><D27/><U70/><E70/><V55/><F40/><W43/><G43/><T14/><REACH who="0" step="1"/><D113/><REACH who="0" ten="240,250,250,250" step="2"/><U61/><E41/><V3/><F105/><W86/><G122/><T121/><D121/><U131/><E131/><V99/><F110/><W1/><G125/><T47/><AGARI ba="0,1" hai="7,10,14,18,19,25,30,33,47,51,52,73,78,81" machi="47" ten="20,12000,1" yaku="1,1,0,1,7,1,54,1,53,1" doraHai="91" doraHaiUra="44" who="0" fromWho="0" sc="240,130,250,-40,250,-40,250,-40" /><INIT seed="0,1,0,5,2,1" ten="370,210,210,210" oya="0" hai0="109,43,56,30,36,69,63,113,18,14,103,57,98" hai1="74,102,35,58,27,97,2,70,54,71,129,39,93" hai2="75,80,37,89,31,108,22,20,121,125,83,23,135" hai3="40,100,65,131,51,5,15,115,99,13,45,107,64"/><T66/><D113/><U87/><E129/><V19/><F121/><W60/><G115/><T42/><D109/><U34/><E74/><V49/><F37/><W33/><G131/><T116/><D116/><U132/><E132/><V32/><F108/><W81/><G81/><T29/><D57/><U61/><E39/><V123/><F123/><W53/><G33/><T4/><D69/><U92/><E2/><V9/><F125/><W112/><G112/><T106/><D4/><U76/><E35/><V0/><F49/><W86/><G86/><T73/><D73/><U117/><E117/><V104/><F104/><W122/><G122/><T95/><D106/><U59/><E59/><V7/><F135/><W28/><G28/><N who="0" m="10859" /><D36/><U91/><E76/><V124/><F124/><W110/><G110/><T133/><D133/><U101/><E34/><V38/><F38/><W78/><G78/><T114/><D114/><U126/><E126/><V90/><F75/><W118/><G118/><T72/><D72/><U119/><E119/><V16/><F32/><W120/><G120/><T12/><D12/><U44/><E27/><V6/><F31/><W48/><G5/><N who="2" m="1545" /><F9/><AGARI ba="1,0" hai="9,14,18,42,43,56,63,66,95,98,103" m="10859" machi="9" ten="30,1500,0" yaku="8,1" doraHai="1" who="0" fromWho="2" sc="370,18,210,0,210,-18,210,0" /><INIT seed="0,2,0,4,1,63" ten="388,210,192,210" oya="0" hai0="59,122,67,65,20,117,31,116,71,18,105,126,102" hai1="11,32,28,79,9,83,84,2,56,37,34,62,19" hai2="88,15,50,131,98,120,22,129,106,24,1,90,97" hai3="41,45,74,94,53,61,113,96,100,108,134,17,103"/><T44/><D122/><U130/><E130/><N who="2" m="49675" /><F1/><W87/><G74/><T66/><D71/><U35/><E37/><V12/><F120/><W111/><G113/><T3/><D3/><U104/><E104/><V51/><F106/><W30/><G30/><T42/><D31/><U121/><E121/><V33/><F33/><W39/><G134/><T125/><D59/><U54/><E2/><V58/><F58/><W85/><G53/><T86/><D86/><U127/><E127/><N who="0" m="48649" /><D102/><U46/><E28/><N who="2" m="17431" /><F12/><W133/><G100/><T60/><D60/><U29/><E29/><V112/><F15/><W81/><G61/><T119/><D105/><U107/><E107/><V43/><F112/><W82/><G17/><T73/><D73/><U6/><E19/><V8/><F8/><W110/><G133/><T72/><D72/><U55/><E6/><V49/><F43/><W27/><G27/><N who="0" m="14743" /><D119/><U57/><REACH who="1" step="1"/><E46/><REACH who="1" ten="388,200,192,210" step="2"/><V7/><F7/><W101/><G103/><T93/><D93/><U115/><E115/><V25/><F25/><W21/><G21/><T40/><D40/><U123/><E123/><V68/><F68/><W69/><G69/><T47/><D47/><U52/><E52/><V92/><F92/><W132/><G132/><T89/><D89/><AGARI ba="2,1" hai="49,50,51,88,89,90,97,98" m="17431,49675" machi="89" ten="30,2000,0" yaku="19,1,54,1" doraHai="63" who="2" fromWho="0" sc="388,-26,200,0,192,36,210,0" /><INIT seed="1,0,0,0,1,104" ten="362,200,228,210" oya="1" hai0="110,18,113,15,9,126,122,105,64,115,108,1,12" hai1="42,125,29,117,77,25,62,49,119,107,54,69,65" hai2="48,83,92,46,4,116,41,58,2,87,76,45,31" hai3="32,67,37,47,0,75,33,19,100,43,97,131,22"/><U72/><E107/><V30/><F116/><W40/><G0/><T86/><D64/><U90/><E125/><V101/><F2/><W93/><G131/><T61/><D61/><U6/><E6/><V34/><F4/><W13/><G67/><T56/><D56/><U60/><E60/><V129/><F129/><W39/><REACH who="3" step="1"/><G75/><REACH who="3" ten="362,200,228,200" step="2"/><T59/><D1/><U24/><E117/><V99/><F46/><AGARI ba="0,1" hai="13,19,22,32,33,37,39,40,43,46,47,93,97,100" machi="46" ten="40,5200,0" yaku="1,1,2,1,9,1,53,0" doraHai="104" doraHaiUra="124" who="3" fromWho="2" sc="362,0,200,0,228,-52,200,62" /><INIT seed="2,0,0,5,4,107" ten="362,200,176,262" oya="2" hai0="48,24,93,97,67,10,114,4,17,49,94,43,95" hai1="125,122,0,126,74,70,135,34,98,77,1,103,36" hai2="12,30,119,88,120,91,112,96,130,69,127,108,121" hai3="101,58,11,104,26,6,18,64,61,66,133,5,7"/><V54/><F112/><W110/><G110/><T20/><D114/><U134/><E122/><V31/><F119/><W105/><G133/><N who="1" m="50698" /><E70/><V39/><F69/><W52/><G105/><T55/><D67/><N who="3" m="25641" /><G104/><T71/><D71/><U79/><E36/><V118/><F118/><W33/><G33/><T19/><D43/><U53/><E53/><V123/><F39/><W63/><G101/><T59/><D49/><U22/><E22/><V44/><F108/><W113/><G113/><T29/><REACH who="0" step="1"/><D97/><REACH who="0" ten="352,200,176,262" step="2"/><U46/><E98/><V102/><F96/><W117/><G117/><T87/><D87/><U106/><E74/><V92/><F120/><W32/><G32/><T45/><D45/><U15/><E34/><V115/><F44/><W73/><G73/><T111/><D111/><U116/><E46/><V57/><F115/><W65/><G65/><T109/><D109/><U60/><E116/><V37/><F37/><W25/><G63/><T41/><D41/><U40/><E40/><V51/><F121/><W42/><G42/><T75/><D75/><U62/><E60/><V72/><F72/><W14/><AGARI ba="0,1" hai="5,6,7,11,14,18,25,26,52,58,61" m="25641" machi="14" ten="30,2000,0" yaku="8,1,54,1" doraHai="107" who="3" fromWho="3" sc="352,-5,200,-5,176,-10,262,30" /><INIT seed="3,0,0,4,3,63" ten="347,195,166,292" oya="3" hai0="26,27,126,42,130,81,3,57,119,41,30,17,6" hai1="122,2,4,79,62,86,52,50,82,73,128,22,87" hai2="135,84,127,77,106,8,113,96,45,102,124,53,49" hai3="65,118,133,132,131,85,103,32,25,110,0,90,93"/><W21/><G118/><T10/><D119/><U71/><E122/><V100/><F113/><W117/><G117/><T54/><D130/><U64/><E128/><V109/><F109/><W115/><G131/><T92/><D126/><N who="2" m="48170" /><F135/><N who="3" m="51787" /><G0/><T70/><D70/><U36/><E36/><V23/><F23/><W5/><G5/><T11/><D81/><U12/><E2/><V37/><F37/><W19/><G32/><T108/><D108/><U34/><E34/><V91/><F77/><W107/><G115/><T67/><D92/><U9/><REACH who="1" step="1"/><E22/><REACH who="1" ten="347,185,166,292" step="2"/><V99/><F8/><W89/><G110/><T125/><D11/><U134/><E134/><V43/><F43/><W28/><G21/><T7/><D42/><U104/><E104/><V20/><F20/><W16/><G107/><T112/><D41/><U33/><E33/><V120/><F120/><W47/><G28/><T58/><D30/><U35/><E35/><V83/><F106/><W69/><G25/><T121/><D26/><U94/><E94/><V80/><F83/><W24/><G93/><T116/><D121/><U76/><E76/><V78/><F78/><W123/><G24/><T101/><D27/><U48/><E48/><V95/><F95/><W13/><G123/><T31/><D31/><U60/><E60/><V114/><F114/><W14/><G14/><N who="0" m="7383" /><D3/><U105/><E105/><V61/><F61/><W39/><G13/><T75/><D125/><U29/><E29/><V51/><F49/><W98/><G39/><T59/><D112/><U129/><E129/><V111/><F111/><W97/><G97/><AGARI ba="0,1" hai="45,51,53,80,84,91,96,97,99,100,102" m="48170" machi="97" ten="30,1000,0" yaku="18,1" doraHai="63" who="2" fromWho="3" sc="347,0,185,0,166,20,292,-10" /><INIT seed="4,0,0,3,3,26" ten="347,185,186,282" oya="0" hai0="132,73,80,35,116,129,113,77,130,64,95,109,63" hai1="29,1,87,10,49,104,55,6,107,69,90,20,103" hai2="111,33,34,96,60,125,128,8,126,57,4,14,127" hai3="59,31,21,44,22,24,75,15,38,115,112,39,105"/><T92/><D35/><U0/><E0/><V2/><F111/><W106/><G75/><T121/><D116/><U58/><E69/><V85/><F85/><W91/><G91/><T17/><D121/><U81/><REACH who="1" step="1"/><E103/><REACH who="1" ten="347,175,186,282" step="2"/><V36/><F2/><W66/><G112/><T3/><D3/><U102/><E102/><V119/><F119/><W32/><G115/><T70/><D113/><U122/><E122/><V7/><F125/><W94/><G105/><T9/><D109/><U97/><E97/><V42/><F96/><W56/><G106/><T100/><D100/><U65/><E65/><V41/><F126/><W99/><G66/><T23/><D64/><U89/><E89/><V133/><F127/><W43/><G99/><T120/><D70/><U27/><AGARI ba="0,1" hai="1,6,10,20,27,29,49,55,58,81,87,90,104,107" machi="27" ten="30,7900,0" yaku="1,1,0,1,52,1,53,1" doraHai="26" doraHaiUra="25" who="1" fromWho="1" sc="347,-39,175,89,186,-20,282,-20" /><INIT seed="5,0,0,5,1,120" ten="308,264,166,262" oya="1" hai0="107,20,101,70,22,118,80,2,130,56,9,25,92" hai1="24,45,27,82,77,52,98,5,64,133,43,13,62" hai2="97,72,128,89,34,23,42,60,49,109,112,31,113" hai3="37,99,129,19,79,134,58,76,1,85,90,26,124"/><U14/><E133/><V125/><F72/><W36/><G1/><T93/><D70/><U104/><E104/><V119/><F119/><W16/><G134/><T126/><D118/><U41/><E98/><V11/><F34/><W44/><G129/><T95/><D126/><U3/><E3/><V94/><F128/><W66/><G124/><T81/><D130/><U131/><E131/><V53/><F125/><W100/><G44/><T28/><D107/><U116/><E116/><V135/><F135/><W21/><G37/><T122/><D122/><U105/><E105/><V59/><F11/><W103/><G36/><T84/><D2/><U39/><E43/><V88/><F89/><W83/><G19/><T71/><D71/><U35/><E5/><V96/><F96/><W51/><G99/><T69/><D9/><U4/><E4/><V40/><F109/><W7/><G7/><T117/><D69/><U33/><E33/><V15/><F49/><W114/><G114/><N who="2" m="44137" /><F15/><W87/><G79/><T0/><D0/><U8/><E13/><V110/><F110/><W48/><G48/><T121/><D117/><U102/><E35/><V86/><F97/><W65/><G51/><T46/><D121/><U67/><E14/><V68/><F68/><W57/><G103/><T18/><D101/><U47/><E102/><V6/><F6/><W55/><G100/><T12/><D12/><U61/><E8/><V78/><F78/><W123/><G123/><T32/><D32/><U74/><E24/><AGARI ba="0,0" hai="23,24,31,40,42,53,59,60,86,88,94" m="44137" machi="24" ten="30,3900,0" yaku="15,1,11,1,54,1" doraHai="120" who="2" fromWho="1" sc="308,0,264,-39,166,39,262,0" /><INIT seed="6,0,0,0,5,15" ten="308,225,205,262" oya="2" hai0="103,67,30,100,17,58,54,112,109,33,66,73,37" hai1="98,80,75,48,113,13,47,11,14,42,101,90,82" hai2="32,24,97,7,71,21,18,6,1,22,92,79,65" hai3="118,9,111,114,41,62,45,55,64,85,77,135,53"/><V93/><F79/><W99/><G118/><T46/><D73/><U31/><E113/><V57/><F71/><W122/><G122/><T125/><D109/><U2/><E75/><V74/><F74/><W96/><G111/><T4/><D4/><U133/><E2/><V16/><F32/><W108/><G108/><T128/><D30/><U126/><E31/><V134/><F134/><W36/><G135/><T88/><D33/><U61/><E133/><V26/><F1/><W56/><G114/><T102/><D112/><U87/><E126/><V8/><F8/><W3/><G85/><T20/><D128/><U107/><E61/><N who="2" m="38063" /><F93/><W5/><G77/><T132/><D132/><U94/><E13/><V28/><F28/><W72/><G72/><T68/><D68/><U116/><REACH who="1" step="1"/><E116/><REACH who="1" ten="308,215,205,262" step="2"/><V60/><F60/><W12/><G12/><T95/><D125/><U115/><E115/><V127/><F127/><W123/><G123/><T119/><D119/><U19/><AGARI ba="0,1" hai="11,14,19,42,47,48,80,82,87,90,94,98,101,107" machi="19" ten="20,5200,0" yaku="1,1,0,1,7,1,52,1,53,0" doraHai="15" doraHaiUra="63" who="1" fromWho="1" sc="308,-13,215,62,205,-26,262,-13" /><INIT seed="7,0,0,5,5,73" ten="295,277,179,249" oya="3" hai0="75,41,117,123,109,105,28,83,19,67,114,127,107" hai1="33,66,30,49,69,104,89,87,71,125,21,22,20" hai2="65,59,85,40,51,0,12,57,129,90,84,61,7" hai3="82,128,42,35,76,1,8,80,88,54,39,46,122"/><W86/><G122/><T10/><D123/><U34/><E104/><V100/><F129/><W37/><G128/><T52/><D117/><U56/><E125/><V112/><F112/><W72/><G54/><T64/><D109/><U26/><E34/><V50/><F0/><W47/><G35/><T36/><D28/><U53/><REACH who="1" step="1"/><E66/><REACH who="1" ten="295,267,179,249" step="2"/><V18/><F7/><N who="3" m="1135" /><G47/><T78/><D107/><U93/><AGARI ba="0,1" hai="20,21,22,26,30,33,49,53,56,69,71,87,89,93" machi="93" ten="30,4000,0" yaku="1,1,0,1,53,1" doraHai="73" doraHaiUra="23" who="1" fromWho="1" sc="295,-10,267,50,179,-10,249,-20" owari="285,9.0,317,41.0,169,-33.0,229,-17.0" /></mjloggm>