<mjloggm ver="2.3"><GO type="169" lobby="0"/><UN n0="%E5%B0%B1%E6%B4%BB%E7%94%9F%40%E5%B7%9D%E6%9D%91%E8%BB%8D%E5%9B%A3" n1="%E8%A5%BF%E5%9C%92%E5%AF%BA%E9%9D%96%E5%AD%90" n2="%E2%98%85%E9%A2%A8%E3%81%AE%E8%B0%B7%E2%98%85" n3="%E3%82%B7%E3%83%A7%E3%83%BC%E3%82%BF%E3%83%BC" dan="19,17,16,16" rate="2327.66,2169.64,2057.32,2062.28" sx="M,F,M,F"/><TAIKYOKU oya="0"/><INIT seed="0,0,0,2,4,129" ten="250,250,250,250" oya="0" hai0="31,36,102,98,55,34,53,75,118,61,21,83,30" hai1="115,33,96,121,72,26,28,14,125,67,73,66,126" hai2="8,23,19,44,78,87,106,89,27,49,85,108,81" hai3="104,43,51,88,24,99,120,109,80,1,63,95,92"/><T59/><D118/><U119/><E119/><V117/><F108/><W22/><G1/><T9/><D36/><U56/><E121/><V7/><F117/><W127/><G109/><T15/><D34/><U35/><E115/><V12/><F106/><W111/><G111/><T76/><D21/><U18/><E35/><V60/><F60/><W65/><G120/><T74/><D74/><U110/><E110/><V29/><F87/><W122/><G122/><T46/><D46/><U103/><E72/><V3/><F89/><W25/><G127/><N who="1" m="48650" /><E56/><V37/><F37/><W68/><G104/><T11/><D55/><U107/><E73/><V77/><F77/><W132/><G80/><T131/><D131/><U54/><E54/><V38/><F38/><W91/><G132/><T13/><D13/><U94/><E107/><V2/><REACH who="2" step="1"/><F29/><REACH who="2" ten="250,250,240,250" step="2"/><W48/><G91/><T20/><D31/><U57/><E57/><V114/><F114/><W128/><G88/><T86/><D75/><U40/><E40/><AGARI ba="0,1" hai="2,3,7,8,12,19,23,27,40,44,49,78,81,85" machi="40" ten="30,8000,1" yaku="1,1,7,1,25,2,53,1" doraHai="129" doraHaiUra="79" who="2" fromWho="1" sc="250,0,250,-80,240,90,250,0" /><INIT seed="1,0,0,0,5,43" ten="250,170,330,250" oya="1" hai0="27,92,34,64,103,130,48,97,120,131,25,20,76" hai1="8,107,52,62,19,6,124,72,73,35,21,127,50" hai2="67,17,55,56,58,128,108,114,3,90,122,60,66" hai3="105,54,135,118,91,81,59,38,31,85,63,30,16"/><U102/><E35/><V1/><F122/><W94/><G105/><T111/><D111/><U11/><E62/><V110/><F114/><W7/><G135/><T84/><D120/><U14/><E102/><V18/><F128/><W9/><G118/><T82/><D64/><N who="2" m="24618" /><F58/><W68/><G68/><T101/><D101/><U126/><E107/><V116/><F116/><W95/><G38/><T98/><D98/><U10/><REACH who="1" step="1"/><E6/><REACH who="1" ten="250,160,330,250" step="2"/><V133/><F110/><W86/><G7/><T23/><D34/><U39/><E39/><V121/><F108/><W46/><G63/><T87/><D48/><U42/><E42/><V70/><F121/><W40/><G40/><T93/><D130/><U0/><E0/><V79/><F3/><W106/><G106/><T28/><D131/><U41/><E41/><V113/><F1/><W80/><G95/><T53/><D93/><U2/><E2/><V104/><F104/><W77/><G94/><T26/><D92/><U115/><E115/><V4/><F113/><W129/><G129/><T100/><D103/><U22/><E22/><V12/><F4/><W71/><G80/><T89/><D100/><U112/><E112/><V96/><F60/><W13/><G81/><N who="0" m="49295" /><D97/><U44/><AGARI ba="0,1" hai="8,10,11,14,19,21,44,50,52,72,73,124,126,127" machi="44" ten="40,12000,1" yaku="1,1,0,1,18,1,52,1,54,1,53,0" doraHai="43" doraHaiUra="57" who="1" fromWho="1" sc="250,-40,160,130,330,-40,250,-40" /><INIT seed="1,1,0,3,0,24" ten="210,290,290,210" oya="1" hai0="59,20,99,23,5,125,3,48,49,15,123,75,29" hai1="81,111,28,78,91,104,109,1,25,79,105,12,42" hai2="96,56,108,43,44,100,94,119,93,110,120,92,0" hai3="89,11,10,83,51,114,64,129,6,18,40,86,116"/><U22/><E1/><V8/><F119/><W26/><G114/><T9/><D75/><U55/><E42/><V84/><F120/><W13/><G116/><T67/><D123/><U62/><E91/><N who="2" m="53351" /><F56/><W63/><G129/><T103/><D125/><U52/><E12/><V115/><F115/><W117/><G117/><T2/><D2/><U72/><E79/><V74/><F74/><W4/><G26/><N who="0" m="16583" /><D3/><U47/><E62/><V97/><F8/><W69/><REACH who="3" step="1"/><G11/><REACH who="3" ten="210,290,290,200" step="2"/><T131/><D131/><U87/><E72/><V34/><F110/><N who="1" m="41993" /><E47/><AGARI ba="1,1" hai="4,6,10,13,18,40,47,51,63,64,69,83,86,89" machi="47" ten="40,2600,0" yaku="1,1,53,1" doraHai="24" doraHaiUra="57" who="3" fromWho="1" sc="210,0,290,-29,290,0,200,39" /><INIT seed="2,0,0,5,1,26" ten="210,261,290,239" oya="2" hai0="123,64,38,86,6,43,94,15,69,119,113,118,76" hai1="92,109,24,53,46,16,74,71,125,29,3,105,85" hai2="84,87,128,61,28,78,17,133,14,31,116,98,79" hai3="39,19,95,75,62,35,41,60,120,0,127,72,33"/><V89/><F116/><W106/><G120/><T7/><D123/><U55/><E74/><V50/><F133/><W102/><G106/><T5/><D113/><U18/><E105/><V70/><F128/><W107/><G107/><T134/><D134/><U40/><E3/><V23/><F98/><W91/><G102/><T8/><D69/><U2/><E2/><V117/><F117/><N who="0" m="44554" /><D64/><U103/><E71/><V30/><F87/><W10/><G72/><T54/><D54/><U67/><E67/><V4/><F4/><W108/><G75/><T42/><D38/><U82/><E109/><V56/><F70/><W20/><G108/><T73/><D73/><U12/><E125/><V115/><F50/><W52/><G39/><T37/><D37/><U121/><E121/><V25/><F25/><W77/><G60/><T1/><D1/><U83/><E40/><N who="0" m="15401" /><D94/><U9/><E53/><N who="2" m="33935" /><F115/><W32/><G0/><T81/><AGARI ba="0,0" hai="5,6,7,8,15,76,81,86" m="15401,44554" machi="81" ten="30,1100,0" yaku="12,1" doraHai="26" who="0" fromWho="0" sc="210,11,261,-3,290,-5,239,-3" /><INIT seed="3,0,0,1,5,21" ten="221,258,285,236" oya="3" hai0="119,128,60,42,19,70,48,135,2,120,20,99,90" hai1="77,116,111,47,40,41,15,106,55,23,65,114,12" hai2="29,100,24,0,131,129,75,34,46,127,3,53,17" hai3="81,8,105,122,123,93,37,85,73,25,104,83,6"/><W52/><G37/><T45/><D119/><U132/><E114/><V14/><F75/><W67/><G105/><T87/><D120/><U86/><E106/><V28/><F100/><W92/><G104/><T56/><D2/><N who="2" m="554" /><F46/><W62/><G123/><T27/><D135/><U121/><E121/><V125/><F53/><W115/><G115/><T44/><D128/><N who="2" m="49226" /><F29/><W80/><G122/><T35/><D35/><U68/><E132/><V5/><F5/><W91/><G52/><N who="0" m="33799" /><D70/><U97/><E68/><V82/><F82/><W118/><G118/><T9/><D9/><AGARI ba="0,0" hai="9,14,17,24,28,34,125,127" m="49226,554" machi="9" ten="30,7700,0" yaku="19,1,34,2,52,1" doraHai="21" who="2" fromWho="0" sc="221,-77,258,0,285,77,236,0" /><INIT seed="4,0,0,4,3,41" ten="144,258,362,236" oya="0" hai0="19,124,77,89,60,1,72,102,35,126,116,48,110" hai1="42,3,29,25,84,16,38,8,97,10,68,129,75" hai2="120,56,50,71,107,7,70,98,79,100,21,22,63" hai3="95,26,6,82,64,88,94,123,115,18,112,61,66"/><T133/><D35/><U5/><E75/><V31/><F120/><W128/><G123/><T122/><D1/><U91/><E68/><V53/><F79/><W67/><G128/><T30/><D30/><U109/><E109/><V11/><F31/><W40/><G6/><T113/><D122/><U47/><E129/><V9/><F9/><W27/><G40/><T114/><D116/><U34/><E97/><V81/><F81/><W28/><G61/><T135/><D102/><U58/><E58/><V103/><F103/><W105/><G105/><T92/><D110/><U37/><E10/><V130/><F130/><W52/><G52/><T69/><D19/><U111/><E111/><V12/><F71/><W76/><G18/><T2/><D2/><U121/><E121/><V17/><F7/><W83/><G95/><T117/><D117/><U43/><E16/><V55/><F70/><W93/><G93/><T127/><D48/><U33/><E33/><V44/><AGARI ba="0,0" hai="11,12,17,21,22,44,50,53,55,56,63,98,100,107" machi="44" ten="20,2700,0" yaku="0,1,7,1,52,1" doraHai="41" who="2" fromWho="2" sc="144,-13,258,-7,362,27,236,-7" /><INIT seed="5,0,0,0,3,133" ten="131,251,389,229" oya="1" hai0="106,67,113,30,102,13,81,7,20,19,101,23,99" hai1="74,47,22,57,124,123,84,34,95,45,87,78,2" hai2="93,49,80,85,112,97,27,36,63,42,6,122,70" hai3="32,40,115,66,61,107,14,90,68,126,5,119,26"/><U11/><E34/><V16/><F122/><W53/><G107/><T69/><D113/><U135/><E123/><V94/><F36/><W76/><G115/><T88/><D102/><U98/><E135/><V44/><F112/><W12/><G119/><T31/><D7/><U54/><E74/><V103/><F6/><W35/><G40/><T129/><D129/><U64/><E64/><V51/><F51/><W62/><G76/><T111/><D111/><U75/><E75/><V134/><F134/><W17/><G90/><T3/><D3/><U60/><E2/><V114/><F114/><W118/><G118/><T125/><D125/><U121/><E124/><V28/><F16/><W21/><G126/><T92/><D81/><U131/><E131/><V83/><F94/><W9/><G53/><T59/><D69/><U50/><E11/><V43/><F43/><W24/><G61/><T39/><D39/><U15/><E78/><V79/><F83/><W18/><REACH who="3" step="1"/><G26/><REACH who="3" ten="131,251,389,219" step="2"/><T109/><D109/><U96/><E121/><V108/><F108/><W132/><G132/><T100/><D106/><U120/><E120/><V117/><F117/><W104/><G104/><T127/><D127/><U77/><E77/><V91/><F79/><W71/><G71/><T116/><D116/><U55/><E60/><V128/><F128/><W86/><G86/><T52/><D67/><U89/><E87/><V130/><F130/><W37/><G37/><T25/><D31/><U105/><E55/><V10/><F63/><AGARI ba="0,1" hai="13,19,20,23,25,30,52,59,63,88,92,99,100,101" machi="63" ten="30,7700,0" yaku="7,1,8,1,54,2" doraHai="133" who="0" fromWho="2" sc="131,87,251,0,389,-77,219,0" /><INIT seed="6,0,0,0,4,38" ten="218,251,312,219" oya="2" hai0="79,42,118,98,60,27,124,35,54,77,93,117,22" hai1="57,80,44,72,67,66,48,110,94,56,126,70,53" hai2="64,105,63,34,75,78,112,21,74,134,13,81,73" hai3="31,26,132,24,122,17,128,45,131,111,90,120,46"/><V104/><F34/><W87/><G111/><T68/><D35/><U86/><E110/><V123/><F123/><N who="3" m="47147" /><G17/><N who="0" m="12751" /><D42/><N who="1" m="24599" /><E70/><V36/><F36/><W49/><G132/><T4/><D4/><U121/><E72/><V18/><F134/><W20/><G49/><T11/><D11/><U106/><E106/><V101/><F112/><W2/><G24/><T33/><D33/><U30/><E121/><V41/><F41/><W91/><G91/><N who="0" m="55615" /><D124/><U58/><E126/><V119/><F119/><N who="0" m="45578" /><D68/><U96/><E30/><V130/><F130/><N who="3" m="49707" /><G2/><T12/><D12/><U92/><E53/><V65/><F65/><N who="1" m="24585" /><E96/><V15/><F15/><W115/><G115/><T62/><D62/><U19/><E19/><V82/><F105/><W40/><G40/><T43/><D43/><U39/><E39/><V3/><F3/><W125/><G125/><T59/><AGARI ba="0,0" hai="54,59,60,77,79" m="45578,55615,12751" machi="59" ten="30,2000,0" yaku="25,1,12,1" doraHai="38" who="0" fromWho="0" sc="218,20,251,-5,312,-10,219,-5" /><INIT seed="7,0,0,1,3,94" ten="238,246,302,214" oya="3" hai0="18,131,34,124,112,118,123,119,7,92,14,126,106" hai1="85,71,108,105,58,104,24,21,128,78,93,87,30" hai2="5,135,76,63,82,115,68,36,26,81,13,83,42" hai3="111,66,133,55,101,4,116,46,10,90,102,52,74"/><W99/><G116/><N who="0" m="44587" /><D106/><U43/><E71/><V29/><F36/><W47/><G74/><T107/><D107/><U8/><E108/><V1/><F1/><W122/><G122/><T44/><D44/><N who="3" m="16937" /><G111/><T22/><D92/><U86/><E104/><V129/><F42/><W130/><G130/><T72/><D72/><U67/><E105/><V38/><F38/><W69/><G69/><T109/><D109/><U97/><E128/><V0/><F0/><W37/><G37/><T132/><D123/><U79/><E43/><V41/><F41/><W57/><G133/><T100/><D100/><N who="3" m="38505" /><G4/><T65/><D65/><U2/><E2/><V6/><F6/><W88/><G10/><N who="0" m="4447" /><D112/><U117/><E117/><V53/><F115/><W125/><G125/><N who="0" m="48235" /><D131/><U39/><E39/><V84/><F129/><W20/><G20/><T75/><D75/><U134/><E134/><V91/><F135/><W103/><N who="3" m="38513" /><W113/><DORA hai="45" /><G113/><T62/><D132/><U89/><E8/><N who="2" m="4239" /><F68/><W77/><G77/><T80/><D34/><U110/><E110/><V64/><F76/><W33/><G33/><T12/><D80/><U50/><E67/><V23/><F64/><W31/><G31/><T11/><D11/><U60/><E79/><V19/><F29/><W49/><G66/><T121/><D121/><U15/><E78/><V98/><F98/><W56/><G99/><T61/><AGARI ba="0,0" hai="12,18,22,61,62" m="48235,4447,44587" machi="61" ten="40,1500,0" yaku="18,1" doraHai="94,45" who="0" fromWho="0" sc="238,15,246,-4,302,-4,214,-7" /><INIT seed="8,0,0,0,5,125" ten="253,242,298,207" oya="0" hai0="12,30,45,34,102,123,112,64,24,65,36,83,22" hai1="20,62,11,135,91,106,78,15,108,89,28,50,1" hai2="77,9,119,87,56,88,86,92,60,105,71,19,38" hai3="132,124,131,41,90,55,134,93,5,0,126,82,10"/><T72/><D112/><U63/><E108/><V68/><F105/><W39/><G82/><T103/><D123/><U109/><E109/><V4/><F38/><W122/><G55/><T69/><D69/><U128/><E106/><V18/><F71/><W81/><G81/><T21/><D34/><U97/><E78/><V61/><F68/><W114/><G114/><T13/><D83/><U58/><E1/><V40/><F40/><W115/><G115/><T33/><D72/><U113/><E113/><V53/><F119/><W37/><G122/><T127/><D33/><U23/><E135/><N who="3" m="51754" /><G41/><T3/><D3/><U43/><E128/><V99/><F77/><W95/><G95/><T46/><D36/><N who="3" m="13897" /><G90/><T54/><D127/><N who="3" m="48681" /><G93/><T74/><D74/><U120/><E120/><V42/><F42/><W76/><G76/><T17/><D54/><N who="1" m="32087" /><E43/><V51/><F61/><W104/><G104/><T111/><D111/><U6/><E89/><V8/><F60/><W35/><G35/><T101/><D13/><U118/><E63/><V133/><F133/><W25/><G25/><T96/><D96/><U29/><E62/><V100/><F100/><W110/><G110/><T47/><AGARI ba="0,0" hai="12,17,21,22,24,30,45,46,47,64,65,101,102,103" machi="47" ten="30,3000,0" yaku="0,1,8,1" doraHai="125" who="0" fromWho="0" sc="253,30,242,-10,298,-10,207,-10" /><INIT seed="8,1,0,5,3,123" ten="283,232,288,197" oya="0" hai0="56,112,21,104,47,76,73,118,42,26,11,64,63" hai1="111,130,108,20,103,25,41,33,105,79,43,38,107" hai2="53,99,52,17,40,9,98,81,46,16,96,0,101" hai3="10,36,95,31,32,12,92,27,19,121,87,18,88"/><T39/><D112/><U5/><E33/><V6/><F101/><W78/><G36/><T117/><D104/><U35/><E35/><V102/><F102/><W85/><G121/><T34/><D34/><U115/><E115/><V97/><F97/><W13/><G78/><T129/><D129/><U86/><E130/><V2/><F2/><W37/><G37/><T48/><D11/><U72/><E72/><V122/><F122/><W23/><REACH who="3" step="1"/><G85/><REACH who="3" ten="283,232,288,187" step="2"/><T106/><D76/><U135/><E38/><V15/><F81/><AGARI ba="1,1" hai="10,12,13,18,19,23,27,31,32,81,87,88,92,95" machi="81" ten="30,8000,1" yaku="1,1,2,1,7,1,54,1,53,1" doraHai="123" doraHaiUra="24" who="3" fromWho="2" sc="283,0,232,0,288,-83,187,93" /><INIT seed="9,0,0,3,2,42" ten="283,232,205,280" oya="1" hai0="15,135,29,50,121,24,34,70,127,94,6,108,27" hai1="21,46,52,91,132,62,98,25,86,117,77,95,51" hai2="61,40,66,120,20,38,60,134,65,37,107,122,47" hai3="129,0,104,88,90,85,10,58,71,105,118,96,44"/><U41/><E117/><V124/><F107/><W74/><G74/><T83/><D70/><U19/><E132/><V32/><F32/><W93/><G71/><T68/><D68/><U49/><E62/><N who="2" m="24171" /><F20/><W79/><G79/><T26/><D108/><U57/><E77/><V22/><F22/><W131/><G118/><T14/><D83/><U33/><E33/><V1/><F1/><W59/><G44/><T75/><D75/><U12/><E86/><V123/><F134/><W106/><G10/><T111/><D111/><U28/><E12/><V30/><F30/><AGARI ba="0,0" hai="19,21,25,28,30,41,46,49,51,52,57,91,95,98" machi="30" ten="40,7700,0" yaku="8,1,52,1,54,1" doraHai="42" who="1" fromWho="2" sc="283,0,232,77,205,-77,280,0" owari="283,8.0,309,41.0,128,-37.0,280,-12.0" /></mjloggm>