<mjloggm ver="2.3"><GO type="169" lobby="0"/><UN n0="%E5%B0%B1%E6%B4%BB%E7%94%9F%40%E5%B7%9D%E6%9D%91%E8%BB%8D%E5%9B%A3" n1="%68%61%72%75%72%75%39%31" n2="%E2%98%85%E9%A2%A8%E3%81%AE%E8%B0%B7%E2%98%85" n3="%E6%B8%85%E7%AB%9C%E9%97%98%E5%A3%AB" dan="18,16,17,16" rate="2259.68,2098.27,2145.65,2110.19" sx="M,M,M,M"/><TAIKYOKU oya="0"/><INIT seed="0,0,0,3,5,97" ten="250,250,250,250" oya="0" hai0="104,51,75,85,36,123,87,59,101,76,42,122,27" hai1="33,40,113,73,13,98,111,29,68,121,32,58,38" hai2="12,114,52,28,14,99,89,4,63,118,3,74,119" hai3="124,56,115,11,9,95,7,66,134,31,62,100,47"/><T53/><D75/><U71/><E58/><N who="2" m="35271" /><F74/><W34/><G115/><T57/><D57/><U86/><E86/><V105/><F114/><W35/><G134/><T39/><D87/><U8/><E13/><V81/><F28/><W112/><G124/><T60/><D51/><U106/><E8/><V80/><F81/><W78/><G11/><T16/><D85/><U23/><E23/><V64/><F80/><W30/><G78/><T103/><D76/><U41/><E41/><V125/><F125/><W92/><G112/><T10/><D104/><U69/><E29/><V91/><F64/><W72/><G72/><T110/><D110/><U1/><E1/><V70/><F70/><W5/><G95/><T24/><D39/><U133/><E113/><V84/><F84/><W79/><G79/><T109/><D109/><U131/><E73/><V128/><F3/><W37/><G37/><T88/><D36/><U126/><E126/><V18/><F4/><W44/><G5/><T48/><D123/><U22/><E121/><V50/><F50/><W107/><G107/><T132/><D132/><U130/><E133/><V65/><F65/><W2/><G35/><N who="1" m="13386" /><E22/><N who="2" m="11591" /><F14/><W96/><G34/><T83/><D122/><U127/><E111/><V90/><F119/><W93/><G92/><T67/><D10/><U120/><E120/><V26/><F26/><N who="0" m="9770" /><D16/><U20/><E127/><V129/><F118/><W46/><AGARI ba="0,0" hai="2,7,9,30,31,44,46,47,56,62,66,93,96,100" machi="46" ten="30,2000,0" yaku="0,1,52,1" doraHai="97" who="3" fromWho="3" sc="250,-10,250,-5,250,-5,250,20" /><INIT seed="1,0,0,4,0,67" ten="240,245,245,270" oya="1" hai0="34,35,70,2,95,21,117,99,52,54,127,43,121" hai1="105,129,73,20,36,112,55,107,15,109,84,118,81" hai2="106,46,77,8,14,97,28,13,18,115,32,10,57" hai3="4,100,103,132,42,0,76,89,96,38,123,98,124"/><U65/><E73/><V126/><F126/><W30/><G123/><T93/><D2/><U47/><E112/><V128/><F128/><W26/><G124/><T80/><D117/><U83/><E118/><V27/><F115/><W135/><G89/><T6/><D6/><U11/><E83/><V66/><F77/><W85/><G85/><T114/><D127/><U12/><E65/><V88/><F46/><W86/><G86/><T60/><D114/><U102/><E102/><V44/><F44/><W94/><G76/><T119/><D43/><U62/><E62/><V50/><F106/><W72/><G72/><T7/><D7/><U82/><E82/><V3/><F3/><W71/><G42/><T58/><D121/><U23/><E15/><V29/><F29/><W56/><G38/><T87/><D70/><U131/><E105/><V37/><F37/><W63/><G4/><T17/><D119/><U130/><E107/><V9/><F14/><W74/><G74/><T51/><D35/><U108/><E55/><V122/><F50/><W78/><G78/><N who="0" m="46487" /><D34/><U40/><E84/><V64/><F122/><W45/><G0/><T91/><D95/><U90/><E90/><V48/><F48/><W68/><G45/><T1/><D1/><U16/><E81/><V92/><F66/><N who="3" m="39271" /><G100/><T25/><D54/><U22/><AGARI ba="0,0" hai="11,12,16,20,22,23,36,40,47,108,109,129,130,131" machi="22" ten="40,7800,0" yaku="0,1,19,1,54,1" doraHai="67" who="1" fromWho="1" sc="240,-26,245,78,245,-26,270,-26" /><INIT seed="1,1,0,4,1,106" ten="214,323,219,244" oya="1" hai0="10,0,34,100,110,28,47,27,60,32,90,3,78" hai1="121,5,94,13,68,131,38,130,64,35,133,69,23" hai2="15,103,51,2,65,76,31,39,114,40,59,96,91" hai3="12,57,19,70,89,109,21,88,43,1,30,61,132"/><U25/><E121/><V115/><F2/><W62/><G1/><T36/><D110/><U118/><E118/><V42/><F39/><W74/><G109/><T58/><D34/><U125/><E38/><V7/><F31/><W104/><G43/><T48/><D36/><U72/><E35/><V107/><F91/><W129/><G104/><T81/><D100/><U16/><E64/><V71/><F71/><W87/><G132/><T45/><D90/><U54/><E133/><V17/><F7/><W79/><G129/><T122/><D10/><N who="1" m="4303" /><E72/><V134/><F76/><W67/><G30/><T22/><D32/><U98/><E54/><N who="2" m="32223" /><F65/><W102/><G102/><T92/><D122/><U52/><E52/><V55/><F55/><W116/><G116/><T124/><D124/><U41/><E41/><V37/><F37/><W111/><G111/><T93/><D3/><U75/><E75/><V6/><F6/><W29/><G29/><T4/><D4/><U127/><E68/><V113/><F134/><W80/><G87/><N who="0" m="48567" /><D0/><U86/><E86/><V95/><F107/><W123/><G123/><T24/><D48/><U33/><E69/><V135/><F135/><W105/><G105/><T46/><D27/><U66/><E66/><AGARI ba="1,0" hai="12,19,21,57,61,62,66,67,70,74,79,80,88,89" machi="66" ten="30,3900,0" yaku="7,1,52,1,54,1" doraHai="106" who="3" fromWho="1" sc="214,0,323,-42,219,0,244,42" /><AGARI ba="1,0" hai="22,24,28,45,46,47,58,60,66,92,93" m="48567" machi="66" ten="30,1000,0" yaku="8,1" doraHai="106" who="0" fromWho="1" sc="214,10,281,-10,219,0,286,0" /><INIT seed="2,0,0,4,5,71" ten="224,271,219,286" oya="2" hai0="42,130,5,100,65,34,36,76,74,108,73,99,92" hai1="95,35,98,30,109,25,1,85,59,11,88,126,23" hai2="0,123,6,107,132,117,62,102,129,84,60,55,33" hai3="31,57,79,26,135,38,67,27,20,127,53,90,82"/><V87/><F33/><W128/><G127/><T131/><D34/><U32/><E126/><V110/><F123/><W80/><G135/><T66/><D5/><U114/><E114/><V54/><F117/><W68/><G128/><N who="0" m="49195" /><D108/><U83/><E109/><V52/><F129/><W63/><G90/><T49/><D49/><U112/><E112/><V37/><F37/><W14/><G38/><T104/><D92/><U94/><E94/><V120/><F120/><W12/><G82/><N who="0" m="45327" /><D74/><U106/><E106/><V89/><F110/><W125/><G125/><T21/><D21/><U29/><E29/><V48/><F48/><W22/><G80/><T45/><AGARI ba="0,0" hai="36,42,45,65,66,99,100,104" m="45327,49195" machi="45" ten="30,2000,0" yaku="19,1,52,1" doraHai="71" who="0" fromWho="0" sc="224,20,271,-5,219,-10,286,-5" /><INIT seed="3,0,0,5,4,99" ten="244,266,209,281" oya="3" hai0="90,113,134,8,13,117,88,64,7,39,19,96,55" hai1="91,77,135,125,22,78,110,24,23,1,38,53,10" hai2="114,131,71,115,112,80,67,36,58,102,59,89,14" hai3="18,105,57,109,103,72,83,74,119,116,5,31,40"/><W51/><G31/><T48/><D117/><U61/><E38/><V56/><F36/><W15/><G5/><T11/><D39/><U133/><E110/><V84/><F131/><W79/><G74/><T62/><D134/><U30/><E125/><V12/><F71/><W101/><G109/><T128/><D128/><U50/><E61/><V65/><REACH who="2" step="1"/><F102/><REACH who="2" ten="244,266,199,281" step="2"/><W124/><G124/><T69/><D113/><U9/><E133/><V26/><F26/><W126/><G126/><T127/><D127/><U45/><E24/><V66/><AGARI ba="0,1" hai="12,14,56,58,59,65,66,67,80,84,89,112,114,115" machi="66" ten="40,8000,1" yaku="1,1,0,1,29,2,53,0" doraHai="99" doraHaiUra="121" who="2" fromWho="2" sc="244,-20,266,-20,199,90,281,-40" /><INIT seed="4,0,0,5,3,59" ten="224,246,289,241" oya="0" hai0="49,100,106,24,41,125,39,104,51,103,123,42,36" hai1="79,116,111,34,87,30,23,43,72,16,40,44,83" hai2="89,132,14,28,98,85,99,55,18,52,115,109,10" hai3="121,62,54,3,20,102,75,11,35,47,129,38,88"/><T19/><D24/><U74/><E111/><V1/><F109/><W82/><G35/><T120/><REACH who="0" step="1"/><D19/><REACH who="0" ten="214,246,289,241" step="2"/><U128/><E116/><V80/><F115/><W0/><G121/><T12/><D12/><U107/><E128/><V56/><F1/><W70/><G3/><T21/><D21/><U118/><E118/><V110/><F110/><W126/><G20/><T117/><D117/><U131/><E131/><V63/><F132/><W90/><G0/><T122/><D122/><U108/><E108/><V15/><F28/><W9/><G129/><T81/><D81/><U86/><E30/><V127/><F127/><AGARI ba="0,1" hai="36,39,41,42,49,51,100,103,104,106,120,123,125,127" machi="127" ten="25,4800,0" yaku="1,1,22,2,53,0" doraHai="59" doraHaiUra="124" who="0" fromWho="2" sc="214,58,246,0,289,-48,241,0" /><INIT seed="4,1,0,5,2,80" ten="272,246,241,241" oya="0" hai0="67,20,74,1,6,94,78,8,68,114,45,47,73" hai1="85,132,59,36,75,0,7,70,52,48,122,95,130" hai2="34,40,76,9,89,28,135,50,97,115,61,12,113" hai3="69,53,25,65,44,103,108,55,118,119,77,4,41"/><T31/><D114/><N who="2" m="43530" /><F34/><W106/><G108/><T19/><D31/><U101/><E75/><V58/><F28/><W100/><G25/><T120/><D120/><U46/><E122/><V15/><F135/><W10/><G103/><T35/><D35/><U117/><E117/><V110/><F110/><W64/><G64/><T49/><D47/><U128/><E70/><V18/><F76/><W105/><G55/><T83/><D94/><U82/><E132/><V109/><F109/><W5/><G53/><T91/><D91/><U90/><E7/><V38/><F38/><W124/><G5/><T99/><D99/><N who="1" m="59647" /><E0/><V26/><F26/><W11/><G11/><T87/><D67/><U125/><E125/><V16/><F40/><W81/><G124/><T131/><D68/><U79/><E36/><V37/><F37/><N who="3" m="21551" /><G100/><T32/><D32/><U71/><E71/><V66/><F50/><W43/><G43/><T116/><D116/><N who="3" m="44585" /><G65/><T121/><D121/><U86/><E46/><V112/><F112/><W3/><G69/><T123/><D123/><U104/><E104/><V62/><F62/><W96/><G96/><T42/><REACH who="0" step="1"/><D131/><REACH who="0" ten="262,246,241,241" step="2"/><U93/><E128/><V33/><F33/><W126/><G126/><T17/><D17/><U22/><E130/><V27/><F97/><W127/><G127/><T21/><D21/><AGARI ba="1,1" hai="21,22,48,52,59,79,82,85,86,90,93" m="59647" machi="21" ten="30,7700,0" yaku="8,1,52,2,54,1" doraHai="80" who="1" fromWho="0" sc="262,-80,246,90,241,0,241,0" /><INIT seed="5,0,0,2,4,0" ten="182,336,241,241" oya="1" hai0="3,63,104,131,45,124,15,1,5,105,4,114,97" hai1="118,80,20,72,125,76,13,56,58,23,39,54,19" hai2="35,90,81,38,98,121,26,101,78,61,117,130,107" hai3="52,16,34,70,89,77,24,42,21,28,6,12,53"/><U133/><E118/><V69/><F121/><W111/><G70/><T2/><D114/><U84/><E39/><V36/><F117/><W33/><G111/><T120/><D120/><U50/><E125/><V86/><F130/><W60/><G42/><T11/><D131/><U96/><E133/><V79/><F79/><W17/><G77/><T18/><D124/><U115/><E115/><V66/><REACH who="2" step="1"/><F78/><REACH who="2" ten="182,336,231,241" step="2"/><W109/><G109/><T30/><D30/><AGARI ba="0,1" hai="26,30,35,36,38,61,66,69,81,86,90,98,101,107" machi="30" ten="40,8000,1" yaku="1,1,2,1,25,2,53,1" doraHai="0" doraHaiUra="93" who="2" fromWho="0" sc="182,-80,336,0,231,90,241,0" /><INIT seed="6,0,0,4,1,91" ten="102,336,321,241" oya="2" hai0="105,129,132,111,117,70,2,96,16,32,36,119,22" hai1="73,8,0,71,5,125,99,76,23,10,72,18,41" hai2="101,13,82,127,61,51,104,93,9,44,87,57,21" hai3="122,14,134,103,24,1,121,85,29,94,60,54,109"/><V75/><F75/><W58/><G1/><T89/><D89/><U68/><E41/><V123/><F104/><W106/><G109/><T20/><D20/><U55/><E10/><V118/><F118/><W79/><G134/><T48/><D48/><U19/><E19/><V31/><F123/><W52/><G54/><T84/><D84/><U64/><E64/><V12/><F127/><W59/><G58/><T50/><D50/><U86/><E86/><V62/><F62/><W34/><G106/><T25/><D96/><U65/><E65/><V100/><F31/><W15/><G15/><T47/><D47/><U46/><E99/><N who="2" m="59503" /><F101/><W74/><G14/><T6/><D70/><U95/><E71/><V128/><F128/><W113/><G113/><T116/><D105/><U97/><E68/><V39/><F39/><W88/><REACH who="3" step="1"/><G103/><REACH who="3" ten="102,336,321,231" step="2"/><T80/><D111/><U66/><E0/><V135/><F135/><W33/><G33/><T133/><D129/><U38/><E55/><N who="2" m="33983" /><F21/><W108/><G108/><T45/><D32/><U107/><E107/><V92/><F9/><W102/><G102/><T63/><D63/><U98/><E8/><V78/><F13/><W30/><G30/><T28/><D28/><U37/><E23/><V90/><F12/><W67/><G67/><T77/><D2/><U81/><E66/><V11/><F11/><W115/><G115/><T53/><D6/><U35/><E35/><V42/><F78/><W120/><G120/><T27/><D27/><U130/><E76/><V56/><F56/><W4/><G4/><T69/><D116/><U83/><E5/><RYUUKYOKU ba="0,1" sc="102,-15,336,-15,321,15,231,15" hai2="42,44,51,82,87,90,92" hai3="24,29,34,52,59,60,74,79,85,88,94,121,122" /><INIT seed="6,1,1,1,0,77" ten="87,321,336,246" oya="2" hai0="123,95,5,1,129,10,22,112,101,58,15,109,57" hai1="62,3,53,4,90,39,8,29,12,55,121,133,25" hai2="59,73,92,56,87,83,119,99,134,68,122,31,35" hai3="96,20,98,23,67,28,48,113,105,24,117,72,64"/><V37/><F37/><W33/><G117/><T97/><D109/><U54/><E39/><V100/><F68/><W94/><G72/><T14/><D123/><U104/><E104/><V71/><F71/><W27/><G113/><T32/><D32/><U66/><E121/><V38/><F38/><W50/><G33/><T63/><D112/><U114/><E114/><V6/><F119/><W124/><G105/><T7/><D129/><U102/><E102/><V75/><F75/><W82/><G94/><T61/><D5/><U93/><E3/><V126/><F73/><W16/><G124/><T60/><REACH who="0" step="1"/><D1/><REACH who="0" ten="77,321,336,246" step="2"/><U44/><E133/><V81/><F122/><W115/><G115/><T79/><D79/><U41/><E4/><V43/><F134/><W118/><G118/><T17/><AGARI ba="1,2" hai="7,10,14,15,17,22,57,58,60,61,63,95,97,101" machi="17" ten="30,4000,0" yaku="1,1,0,1,8,1,53,0" doraHai="77" doraHaiUra="51" who="0" fromWho="0" sc="77,63,321,-11,336,-21,246,-11" /><INIT seed="7,0,0,5,1,58" ten="140,310,315,235" oya="3" hai0="124,12,99,70,102,103,78,22,100,3,105,95,134" hai1="10,41,59,132,121,25,79,20,26,57,29,56,115" hai2="0,51,28,61,64,117,91,86,122,21,50,73,37" hai3="107,35,27,42,63,6,125,34,16,15,114,17,76"/><W129/><G107/><T98/><D3/><U4/><E121/><V36/><F73/><W38/><G114/><T131/><D70/><U85/><E115/><V118/><F0/><W7/><G76/><T89/><D131/><U71/><E71/><V23/><F122/><W126/><G42/><T46/><D124/><N who="3" m="47721" /><G38/><T111/><D111/><U44/><E132/><V88/><F86/><W74/><G74/><T33/><D33/><N who="3" m="12297" /><G129/><T60/><D134/><U8/><E25/><V55/><F64/><W110/><G63/><T2/><D2/><U120/><E120/><V39/><F39/><W54/><G54/><T18/><D78/><U30/><E30/><V69/><F55/><W45/><G110/><T77/><D77/><U11/><E4/><N who="3" m="1578" /><G45/><T5/><D5/><U65/><E65/><V127/><F127/><W92/><G92/><T106/><D46/><U112/><E112/><V119/><F119/><W94/><G94/><T47/><D47/><U67/><E67/><V81/><F69/><W84/><G84/><T97/><REACH who="0" step="1"/><D103/><REACH who="0" ten="130,310,315,235" step="2"/><U135/><E135/><V66/><F118/><W53/><G53/><T72/><D72/><U128/><E128/><V24/><F117/><W90/><G90/><T13/><D13/><U104/><E44/><V9/><F91/><W80/><G15/><T52/><D52/><U48/><E79/><V1/><F88/><W109/><G109/><T40/><D40/><U123/><E41/><V31/><F37/><W75/><G27/><T93/><D93/><U113/><E123/><V32/><F36/><W14/><G14/><T108/><D108/><RYUUKYOKU ba="0,1" sc="130,15,310,-15,315,-15,235,15" hai0="12,18,22,60,89,95,97,98,99,100,102,105,106" hai3="16,17,75,80" /><INIT seed="7,1,1,4,5,71" ten="145,295,300,250" oya="3" hai0="36,106,47,74,105,40,122,52,5,1,64,117,99" hai1="73,126,17,34,111,29,23,97,9,119,39,54,116" hai2="31,46,3,86,127,123,55,56,120,101,32,48,8" hai3="14,6,21,0,132,133,41,24,102,128,33,98,107"/><W131/><G41/><T45/><D117/><N who="1" m="45131" /><E111/><V28/><F101/><W96/><G98/><T113/><D122/><N who="2" m="46634" /><F127/><W59/><G59/><T63/><D74/><U66/><E126/><V114/><F114/><W13/><G33/><T118/><D118/><U61/><E73/><V112/><F112/><W68/><G68/><T110/><D110/><U130/><E130/><N who="3" m="49706" /><G0/><T38/><D113/><U103/><E39/><V11/><F86/><W81/><G81/><T7/><D99/><U22/><E54/><N who="2" m="29975" /><F32/><W108/><G108/><T20/><D20/><U44/><E44/><V87/><F87/><W100/><G102/><T49/><D38/><U53/><E53/><V60/><F3/><W82/><G82/><T75/><D75/><U129/><E129/><V134/><F134/><N who="3" m="51819" /><G6/><T77/><D77/><U109/><E109/><V84/><F84/><W90/><G90/><T95/><D95/><N who="1" m="58815" /><E34/><V89/><F89/><W85/><G85/><T26/><D26/><U35/><E35/><V19/><F19/><AGARI ba="1,1" hai="13,14,19,21,24,96,100,107" m="51819,49706" machi="19" ten="30,2900,0" yaku="19,1,20,1" doraHai="71" who="3" fromWho="2" sc="145,0,295,0,300,-32,250,42" /><INIT seed="7,2,0,2,0,87" ten="145,295,268,292" oya="3" hai0="126,38,54,111,45,114,23,116,133,107,56,26,70" hai1="29,75,27,104,19,118,32,74,33,83,92,14,100" hai2="10,2,89,37,59,110,106,103,73,102,130,15,39" hai3="52,17,60,1,120,49,31,30,69,119,86,81,101"/><W48/><G120/><T76/><D70/><U125/><E33/><V67/><F73/><W16/><G119/><T97/><D111/><U12/><E12/><V24/><F2/><W62/><G1/><T79/><D116/><U127/><E104/><V41/><F110/><W55/><G69/><T46/><D133/><U47/><E47/><N who="0" m="17929" /><D38/><U21/><E118/><V65/><F41/><W6/><G6/><T135/><D107/><U34/><E34/><V44/><F44/><N who="3" m="27655" /><G101/><T95/><D126/><N who="1" m="48139" /><E83/><V123/><F123/><W84/><G17/><N who="0" m="12655" /><D135/><U112/><E112/><V4/><F39/><W93/><G16/><T7/><D7/><U8/><E32/><V85/><F37/><W36/><G93/><T91/><D114/><U115/><E115/><V25/><F106/><W129/><G86/><T57/><D57/><U5/><E5/><V40/><F59/><N who="3" m="33263" /><G129/><T68/><D68/><U20/><E20/><V132/><F130/><W53/><G36/><T13/><D13/><U108/><E108/><V63/><F132/><W124/><G124/><T105/><D105/><U122/><E122/><V88/><F25/><W121/><G121/><T134/><D134/><U82/><E82/><V22/><F24/><W66/><G66/><T18/><D18/><U90/><E100/><V11/><F67/><W77/><G53/><T9/><D9/><U61/><E61/><AGARI ba="2,0" hai="30,31,60,61,62,77,81,84" m="33263,27655" machi="61" ten="30,2900,0" yaku="8,1,54,1" doraHai="87" who="3" fromWho="1" sc="145,0,295,-35,268,0,292,35" /><AGARI ba="2,0" hai="54,56,61,76,79,91,95,97" m="12655,17929" machi="61" ten="30,3900,0" yaku="25,1,8,1,52,1" doraHai="87" who="0" fromWho="1" sc="145,39,260,-39,268,0,327,0" owari="184,-32.0,221,-18.0,268,7.0,327,43.0" /></mjloggm>