<mjloggm ver="2.3"><GO type="169" lobby="0"/><UN n0="%41%72%63%61%64%65" n1="%E5%B0%B1%E6%B4%BB%E7%94%9F%40%E5%B7%9D%E6%9D%91%E8%BB%8D%E5%9B%A3" n2="%44%26%46" n3="%E9%95%B7%E9%96%80%2A%E6%9C%AA%E6%B2%99" dan="16,18,16,16" rate="2098.12,2284.54,2150.60,2128.04" sx="M,M,M,M"/><TAIKYOKU oya="0"/><INIT seed="0,0,0,3,5,8" ten="250,250,250,250" oya="0" hai0="22,73,62,121,117,75,99,56,92,76,58,1,88" hai1="34,69,45,44,71,24,55,96,40,20,38,41,84" hai2="47,13,33,32,14,9,94,18,124,37,65,134,26" hai3="105,135,98,67,106,39,91,51,127,72,12,93,36"/><T30/><D117/><U19/><E34/><V90/><F124/><W11/><G72/><T78/><D121/><U3/><E3/><V116/><F116/><W61/><G127/><T35/><D1/><U5/><E5/><V74/><F74/><W101/><G135/><T0/><D0/><U50/><E96/><V87/><F134/><W128/><G128/><T46/><D35/><U104/><E104/><V7/><F65/><W126/><G126/><T27/><D46/><U31/><E31/><V122/><F122/><W79/><G79/><T119/><D119/><U4/><E4/><V129/><F129/><W2/><G2/><T120/><D120/><U15/><E24/><V95/><F95/><W110/><G110/><T6/><D6/><U107/><E107/><V130/><F130/><W80/><G80/><T86/><D75/><U108/><E108/><V54/><F26/><W85/><G51/><T82/><D73/><U102/><E102/><V115/><F115/><W118/><G118/><T53/><REACH who="0" step="1"/><D56/><REACH who="0" ten="240,250,250,250" step="2"/><U43/><E71/><V109/><F109/><W10/><G106/><T28/><D28/><U48/><E69/><V81/><F33/><W97/><G105/><T83/><D83/><U133/><E133/><V113/><F32/><W29/><G29/><T125/><D125/><U77/><E38/><V123/><F123/><W112/><G36/><T21/><D21/><U17/><E17/><V68/><F37/><W100/><G39/><T16/><D16/><U60/><E19/><V131/><F68/><N who="3" m="42095" /><G112/><T42/><D42/><U23/><E43/><V114/><F131/><RYUUKYOKU ba="0,1" sc="240,30,250,-10,250,-10,250,-10" hai0="22,27,30,53,58,62,76,78,82,86,88,92,99" /><INIT seed="0,1,1,5,5,74" ten="270,240,240,240" oya="0" hai0="48,119,79,66,114,25,122,91,69,82,43,134,26" hai1="118,28,125,27,106,24,18,89,117,53,8,120,87" hai2="132,34,126,73,99,92,113,95,19,96,115,7,67" hai3="10,46,50,83,15,107,128,22,60,6,58,13,56"/><T121/><D119/><U72/><E72/><V97/><F7/><W5/><G107/><T68/><D114/><N who="2" m="43530" /><F67/><W30/><G128/><T3/><D3/><U131/><E106/><V111/><F19/><N who="3" m="10623" /><G30/><T65/><D91/><U41/><E120/><V0/><F34/><W4/><G83/><T100/><D100/><U11/><E41/><V133/><F0/><W35/><G35/><T105/><D105/><U47/><E131/><V129/><F129/><W71/><G71/><T54/><D43/><U70/><E70/><V75/><F111/><W110/><G110/><T80/><D54/><U37/><E125/><V16/><F16/><N who="3" m="8247" /><G60/><T130/><D130/><U81/><E37/><V78/><F126/><W116/><G116/><T55/><D68/><U123/><E123/><V57/><F75/><W1/><G1/><T45/><D69/><U102/><E117/><V59/><F95/><W21/><G21/><T64/><D25/><U14/><E8/><V103/><F92/><W112/><G112/><T101/><D26/><U49/><E27/><V51/><F103/><W109/><G109/><T17/><D101/><U44/><E118/><V62/><F62/><W32/><G32/><T104/><D104/><U90/><E102/><V33/><F33/><W88/><G88/><T23/><D121/><U38/><E90/><V12/><F12/><W40/><AGARI ba="1,1" hai="4,5,6,40,46,50,56,58" m="8247,10623" machi="40" ten="30,2000,0" yaku="8,1,54,1" doraHai="74" who="3" fromWho="3" sc="270,-11,240,-6,240,-6,240,33" /><INIT seed="1,0,0,5,3,60" ten="259,234,234,273" oya="1" hai0="106,32,100,88,83,30,76,81,133,130,94,33,117" hai1="134,15,110,122,14,2,13,24,52,42,16,116,124" hai2="123,70,99,86,74,49,54,135,46,118,11,61,1" hai3="23,12,108,50,120,53,19,8,103,66,126,90,55"/><U0/><E42/><V18/><F74/><W9/><G108/><T75/><D117/><U113/><E116/><V10/><F118/><W101/><G126/><T96/><D133/><U35/><E122/><V128/><F123/><W20/><G120/><T48/><D130/><U85/><E113/><V105/><F128/><W7/><G90/><T38/><D38/><U40/><E40/><V72/><F72/><W29/><G66/><T6/><D6/><U115/><E115/><V93/><F1/><W28/><G7/><T131/><D131/><U17/><E124/><V65/><F135/><W59/><G23/><T21/><D83/><U77/><E134/><V102/><REACH who="2" step="1"/><F18/><REACH who="2" ten="259,234,224,273" step="2"/><W34/><G28/><T44/><D30/><U69/><E2/><V125/><F125/><W63/><G29/><T121/><D121/><U80/><E0/><V97/><F97/><W109/><G109/><T132/><D132/><U73/><E73/><V64/><F64/><W79/><G34/><T41/><REACH who="0" step="1"/><D21/><REACH who="0" ten="249,234,224,273" step="2"/><U58/><E35/><V89/><AGARI ba="0,2" hai="10,11,46,49,54,61,65,70,86,89,93,99,102,105" machi="89" ten="30,7900,0" yaku="1,1,0,1,52,1,53,1" doraHai="60" doraHaiUra="82" who="2" fromWho="2" sc="249,-20,234,-39,224,99,273,-20" /><INIT seed="2,0,0,1,5,46" ten="229,195,323,253" oya="2" hai0="78,130,62,114,28,132,51,79,4,10,11,63,129" hai1="13,102,44,40,72,105,121,93,7,76,118,108,42" hai2="134,34,47,0,117,88,32,19,64,97,131,86,58" hai3="9,43,35,95,12,106,87,110,94,109,98,77,55"/><V81/><F117/><W84/><G35/><T56/><D28/><U75/><E105/><V37/><F0/><W71/><G71/><T30/><D30/><U16/><E118/><V124/><F131/><N who="0" m="50186" /><D114/><U59/><E7/><V24/><F124/><W65/><G106/><T113/><D113/><U3/><E3/><V1/><F1/><W15/><G65/><T5/><D132/><U128/><E128/><V45/><F134/><W133/><G133/><T115/><D115/><U89/><E102/><V14/><F97/><W70/><G70/><T103/><D103/><U22/><E121/><V100/><F100/><W90/><G43/><T48/><D4/><U38/><E42/><V92/><F37/><W83/><G55/><N who="0" m="34079" /><D63/><U104/><E104/><V119/><F119/><W8/><G8/><N who="0" m="3115" /><D5/><U73/><E108/><N who="3" m="41578" /><G9/><T52/><D51/><U36/><E36/><V123/><F123/><W54/><G54/><T116/><D116/><U122/><E122/><V50/><F34/><W80/><G80/><T6/><D6/><U61/><E61/><V120/><F81/><W57/><G57/><AGARI ba="0,0" hai="48,52,57,78,79" m="3115,34079,50186" machi="57" ten="30,3900,0" yaku="19,1,52,1,54,1" doraHai="46" who="0" fromWho="3" sc="229,39,195,0,323,0,253,-39" /><INIT seed="3,0,0,5,3,34" ten="268,195,323,214" oya="3" hai0="68,90,61,113,10,79,65,45,91,127,86,83,99" hai1="106,125,26,114,128,109,56,80,133,89,100,25,107" hai2="18,69,135,108,53,37,118,130,129,16,85,32,42" hai3="29,36,97,84,70,96,20,17,7,55,75,41,123"/><W111/><G75/><T87/><D127/><U24/><E114/><V77/><F32/><W104/><G123/><T62/><D113/><U0/><E125/><V50/><F118/><W39/><G70/><T88/><D99/><U66/><E109/><V31/><F31/><W60/><G29/><T51/><D62/><U105/><E128/><N who="2" m="49259" /><F69/><W47/><G111/><T52/><REACH who="0" step="1"/><D10/><REACH who="0" ten="258,195,323,214" step="2"/><U43/><E100/><V28/><F108/><W54/><G60/><T8/><D8/><U78/><E106/><V132/><F132/><W38/><G104/><T46/><D46/><U95/><E107/><V71/><F135/><W2/><G97/><T22/><D22/><U5/><E105/><V27/><F71/><W103/><G96/><T121/><D121/><U98/><E133/><V19/><F27/><W21/><G20/><T57/><D57/><U48/><E56/><V13/><F37/><W92/><G36/><T119/><D119/><U126/><E126/><V44/><F44/><W58/><G39/><T23/><D23/><U72/><E26/><V102/><F102/><W30/><G47/><T122/><D122/><U12/><E25/><V49/><F42/><W33/><G38/><T59/><D59/><U116/><E24/><V63/><F28/><W67/><G41/><T15/><D15/><U40/><E43/><V131/><F13/><N who="3" m="9391" /><G58/><T101/><D101/><U64/><E12/><V3/><F131/><W115/><G103/><T120/><D120/><U82/><E116/><V134/><F134/><W112/><G115/><T1/><D1/><U4/><E40/><V93/><F3/><RYUUKYOKU ba="0,1" sc="258,30,195,-10,323,-10,214,-10" hai0="45,51,52,61,65,68,79,83,86,87,88,90,91" /><INIT seed="4,1,1,5,1,14" ten="288,185,313,204" oya="0" hai0="67,99,19,68,26,131,9,17,52,25,100,116,57" hai1="97,108,105,82,128,16,55,65,6,51,2,50,135" hai2="35,132,122,133,92,73,36,76,124,33,83,31,78" hai3="101,104,12,53,61,48,71,119,74,60,112,69,58"/><T59/><D116/><U118/><E108/><V117/><F122/><W0/><G119/><T22/><D131/><U90/><E118/><V121/><F117/><W93/><G0/><T30/><D68/><U88/><E2/><V24/><F121/><W103/><G74/><T44/><D44/><U7/><E128/><V21/><F124/><W109/><G109/><T63/><D9/><U123/><E123/><V113/><F36/><W79/><G79/><T129/><D129/><U102/><E65/><V84/><F113/><W15/><G112/><T115/><D115/><U75/><E135/><N who="2" m="51787" /><F76/><W125/><G125/><T110/><D26/><U91/><E51/><V114/><F114/><W95/><G104/><T5/><D5/><U94/><E105/><V39/><F39/><W62/><G71/><T126/><D126/><U86/><E75/><V54/><F54/><W23/><G69/><T85/><D85/><U56/><REACH who="1" step="1"/><E16/><REACH who="1" ten="288,175,313,204" step="2"/><V96/><F73/><W106/><G106/><T111/><D111/><U28/><E28/><V127/><F127/><W11/><G12/><T134/><D134/><U41/><E41/><V81/><F81/><W10/><G10/><T1/><D1/><U107/><E107/><V18/><F31/><W42/><G42/><T87/><D110/><U20/><E20/><V72/><F72/><W43/><G23/><T80/><D80/><U13/><E13/><V47/><F47/><W4/><REACH who="3" step="1"/><G43/><REACH who="3" ten="288,175,313,194" step="2"/><T77/><D22/><U29/><E29/><V130/><F130/><W49/><G49/><T98/><D30/><U40/><E40/><V37/><F37/><RYUUKYOKU ba="1,3" sc="288,-30,175,10,313,10,194,10" hai1="6,7,50,55,56,82,86,88,90,91,94,97,102" hai2="18,21,24,33,35,78,83,84,92,96" hai3="4,11,15,48,53,58,60,61,62,93,95,101,103" /><INIT seed="5,2,3,2,0,67" ten="258,185,323,204" oya="1" hai0="106,120,54,93,45,125,100,105,64,86,70,133,101" hai1="68,60,99,42,121,32,50,21,81,73,132,1,75" hai2="9,24,56,23,28,118,39,116,8,108,130,12,128" hai3="51,69,82,19,102,40,53,94,72,48,78,110,109"/><U104/><E1/><V88/><F56/><W41/><G69/><T5/><D5/><U10/><E121/><V34/><F39/><W71/><G71/><T27/><D27/><U61/><E132/><V6/><F88/><W129/><G129/><N who="2" m="49769" /><F108/><W84/><G48/><T2/><D2/><U35/><E10/><V7/><F23/><W115/><G115/><T36/><D36/><U31/><E21/><V29/><F29/><W13/><G41/><T134/><D45/><N who="1" m="25911" /><E60/><V26/><F26/><W122/><G40/><T113/><D113/><U55/><E55/><V59/><F59/><W76/><G122/><T77/><D54/><U74/><E81/><V103/><F103/><W47/><G76/><T124/><D120/><U22/><E22/><V63/><F63/><W126/><G109/><T57/><D70/><U38/><E38/><V91/><F91/><W20/><G110/><T46/><D64/><N who="1" m="40975" /><E31/><V14/><AGARI ba="2,3" hai="6,7,8,9,12,14,24,28,34,116,118" m="49769" machi="14" ten="30,4000,0" yaku="19,1,34,2" doraHai="67" who="2" fromWho="2" sc="258,-12,185,-22,323,76,204,-12" /><INIT seed="6,0,0,1,3,2" ten="246,163,399,192" oya="2" hai0="93,88,91,40,96,11,100,41,108,99,73,8,6" hai1="38,84,109,42,103,43,44,122,7,129,95,63,66" hai2="35,101,10,27,67,48,46,22,1,102,3,54,18" hai3="123,53,16,32,107,85,9,55,68,127,70,45,134"/><V113/><F113/><W117/><G123/><T114/><D108/><U118/><E109/><V20/><F35/><W79/><G117/><T15/><D73/><U131/><E118/><V39/><F39/><W26/><G107/><T72/><D72/><U130/><E43/><V81/><F81/><W75/><G75/><T92/><D114/><U5/><E122/><V13/><F67/><W80/><G134/><T23/><D23/><U69/><REACH who="1" step="1"/><E84/><REACH who="1" ten="246,153,399,192" step="2"/><V17/><F3/><W76/><G127/><T121/><D121/><U56/><E56/><V90/><F1/><W124/><G124/><T30/><D41/><U83/><E83/><V74/><F74/><W51/><G70/><T111/><D40/><U119/><E119/><V59/><F59/><W120/><G68/><T24/><D111/><U105/><E105/><V126/><F126/><W94/><G120/><T25/><D93/><U37/><E37/><V52/><F54/><W57/><G94/><T125/><D92/><U82/><E82/><V31/><REACH who="2" step="1"/><F90/><REACH who="2" ten="246,153,389,192" step="2"/><W132/><G132/><T87/><D88/><U14/><E14/><AGARI ba="0,2" hai="10,13,14,17,18,20,22,27,31,46,48,52,101,102" machi="14" ten="30,12000,1" yaku="1,1,2,1,7,1,8,1,54,1,53,0" doraHai="2" doraHaiUra="77" who="2" fromWho="1" sc="246,0,153,-120,389,140,192,0" /><INIT seed="6,1,0,0,3,15" ten="246,33,529,192" oya="2" hai0="79,58,82,40,33,106,13,20,24,72,112,67,133" hai1="75,68,54,45,41,130,61,36,102,29,92,7,94" hai2="63,65,4,120,11,100,25,90,50,51,91,124,44" hai3="8,53,2,104,12,3,77,38,109,83,128,59,135"/><V122/><F100/><W105/><G109/><T60/><D112/><U89/><E75/><V62/><F25/><W111/><G111/><T86/><D133/><U119/><E119/><V129/><F129/><W28/><G38/><T42/><D106/><U95/><E130/><V0/><F124/><W87/><G128/><T74/><D33/><U14/><E29/><V22/><F22/><W71/><G71/><T131/><D131/><U81/><E102/><V18/><F18/><W96/><G135/><T70/><D70/><U114/><E114/><V118/><F118/><W37/><G37/><T99/><D13/><U5/><E14/><V6/><F44/><W101/><G104/><T32/><D32/><U103/><E103/><V126/><F126/><W80/><G80/><T19/><REACH who="0" step="1"/><D99/><REACH who="0" ten="236,33,529,192" step="2"/><U23/><E68/><V21/><F0/><W46/><G3/><T52/><D52/><U117/><E117/><V9/><F120/><W43/><G2/><T64/><D64/><U39/><E39/><V76/><F65/><W49/><G96/><T93/><D93/><U115/><E115/><V47/><F122/><W123/><G123/><T69/><D69/><U55/><E55/><V56/><F4/><N who="3" m="3079" /><G105/><T125/><D125/><U1/><E1/><V57/><F6/><W48/><G101/><T110/><D110/><U27/><E54/><V31/><F31/><AGARI ba="1,1" hai="28,31,43,46,48,49,53,59,77,83,87" m="3079" machi="31" ten="30,2000,0" yaku="25,1,8,1" doraHai="15" who="3" fromWho="2" sc="236,0,33,0,529,-23,192,33" /><INIT seed="7,0,0,2,5,125" ten="236,33,506,225" oya="3" hai0="32,67,77,34,118,6,83,9,53,95,39,114,66" hai1="81,133,103,30,31,90,23,41,52,47,20,10,73" hai2="93,72,64,19,108,99,97,2,135,48,98,29,129" hai3="58,85,33,8,105,78,107,92,116,94,14,119,124"/><W76/><G33/><T132/><D118/><N who="3" m="45097" /><G58/><T104/><D104/><N who="3" m="40009" /><G14/><T79/><D39/><U7/><E133/><V127/><F48/><W126/><G8/><T88/><D132/><U25/><E73/><V12/><F19/><W36/><G36/><T74/><D114/><U40/><E103/><V37/><F12/><W24/><G24/><T0/><D79/><N who="3" m="30249" /><G85/><T101/><D101/><U1/><E1/><V27/><F37/><W13/><G13/><T18/><D18/><U100/><E100/><V109/><F2/><W3/><G3/><T56/><D32/><U61/><E61/><V15/><F15/><W65/><G65/><T55/><D34/><U111/><E111/><V86/><F64/><W131/><G131/><T87/><D55/><U57/><E10/><V38/><F129/><W106/><N who="3" m="40017" /><W122/><DORA hai="35" /><G122/><T134/><D134/><U42/><E7/><V84/><F135/><W91/><G91/><T21/><D21/><U82/><E47/><V45/><F86/><W69/><G69/><T128/><D128/><U123/><E90/><V117/><F84/><W89/><G89/><T110/><D110/><U17/><E123/><V120/><F120/><W26/><G26/><T54/><D54/><U63/><E17/><V112/><F117/><W16/><G16/><T43/><D43/><U5/><E5/><V60/><F27/><W115/><G115/><T44/><D44/><U80/><REACH who="1" step="1"/><E25/><REACH who="1" ten="236,23,506,225" step="2"/><V49/><F38/><W4/><G4/><T121/><D121/><U51/><E51/><AGARI ba="0,1" hai="0,6,9,51,53,56,66,67,74,77,83,87,88,95" machi="51" ten="30,3900,0" yaku="7,1,52,1,54,1" doraHai="125,35" who="0" fromWho="1" sc="236,49,23,-39,506,0,225,0" owari="285,9.0,-16,-52.0,506,60.0,225,-17.0" /></mjloggm>