<mjloggm ver="2.3"><GO type="169" lobby="0"/><UN n0="%E3%82%A6%E3%83%AB%E3%83%88%E3%83%A9%E7%AB%8B%E7%9B%B4" n1="%54%42%41%43%4E" n2="%54%4F%52" n3="%E3%81%AD%E3%81%8D%E3%81%9B%40" dan="18,16,16,16" rate="2267.20,2083.27,2078.47,2099.94" sx="M,M,M,F"/><TAIKYOKU oya="0"/><INIT seed="0,0,0,3,0,0" ten="250,250,250,250" oya="0" hai0="76,31,17,93,79,10,2,6,91,101,99,16,13" hai1="55,111,20,29,124,70,33,59,42,96,4,82,75" hai2="72,133,56,7,45,34,83,88,127,69,50,68,97" hai3="54,123,35,44,77,49,106,129,43,105,89,14,81"/><T118/><D118/><U5/><E70/><V8/><F34/><W113/><G129/><T119/><D119/><U73/><E33/><V18/><F127/><W39/><G113/><T22/><D31/><U52/><E124/><V108/><F108/><W51/><G123/><T85/><REACH who="0" step="1"/><D17/><REACH who="0" ten="240,250,250,250" step="2"/><U122/><E122/><V121/><F18/><W131/><G131/><T95/><AGARI ba="0,1" hai="2,6,10,13,16,22,76,79,85,91,93,95,99,101" machi="95" ten="20,18000,2" yaku="1,1,2,1,0,1,7,1,52,1,54,1,53,0" doraHai="0" doraHaiUra="63" who="0" fromWho="0" sc="240,190,250,-60,250,-60,250,-60" /><INIT seed="0,1,0,0,1,104" ten="430,190,190,190" oya="0" hai0="122,7,1,130,21,36,0,58,96,72,31,40,99" hai1="85,59,128,100,61,77,87,14,133,48,67,56,108" hai2="102,101,83,126,91,105,90,79,22,71,76,27,75" hai3="52,32,109,28,41,8,53,132,92,11,43,15,5"/><T12/><D122/><U57/><E128/><V25/><F71/><W78/><G109/><T120/><D120/><U112/><E108/><V13/><F13/><W55/><G132/><T63/><D130/><U39/><E39/><V107/><F22/><W131/><G131/><T45/><D72/><U82/><E133/><V4/><F4/><W81/><G92/><T54/><D7/><U129/><E129/><V51/><F51/><W19/><G28/><T74/><D74/><U116/><E116/><V62/><F62/><W111/><G32/><T134/><D134/><U6/><E112/><V98/><F126/><W89/><G89/><N who="2" m="33801" /><F25/><W3/><REACH who="3" step="1"/><G111/><REACH who="3" ten="430,190,190,180" step="2"/><T65/><D31/><U44/><E100/><N who="2" m="62615" /><F107/><W50/><G50/><T33/><D33/><U30/><E30/><V46/><F27/><W26/><G26/><T103/><D36/><U47/><E48/><V93/><F46/><W17/><G17/><T60/><D45/><U110/><E110/><V125/><F125/><W118/><G118/><T86/><D60/><U121/><E121/><V94/><F76/><W2/><G2/><T117/><D0/><U18/><E47/><V106/><F102/><W9/><G9/><T34/><D1/><U113/><E44/><V88/><F88/><W80/><G80/><T24/><D103/><U20/><E61/><V124/><F124/><W49/><G49/><T37/><D34/><U115/><E82/><V23/><F23/><W73/><AGARI ba="1,1" hai="3,5,8,11,15,19,41,43,52,53,55,73,78,81" machi="73" ten="30,7900,0" yaku="1,1,0,1,52,1,54,1,53,0" doraHai="104" doraHaiUra="29" who="3" fromWho="3" sc="430,-40,190,-21,190,-21,180,92" /><INIT seed="1,0,0,2,2,85" ten="390,169,169,272" oya="1" hai0="52,4,32,42,7,89,0,40,58,84,59,31,56" hai1="2,69,130,78,98,20,116,44,41,100,94,12,114" hai2="122,101,118,68,91,43,24,88,125,9,106,120,76" hai3="75,111,71,70,53,119,6,38,21,87,67,128,17"/><U117/><E114/><V124/><F118/><W73/><G38/><T15/><D0/><U133/><E2/><V102/><F68/><W45/><G6/><N who="0" m="2091" /><D32/><U86/><E133/><V35/><F9/><W39/><G67/><T48/><D15/><U22/><E69/><V123/><F43/><N who="0" m="16426" /><D31/><U50/><E130/><V121/><F121/><W13/><G87/><T64/><D64/><U83/><REACH who="1" step="1"/><E12/><REACH who="1" ten="390,159,169,272" step="2"/><V11/><F122/><W92/><G13/><T99/><D99/><U97/><E97/><V1/><F120/><W46/><G70/><T3/><D3/><U103/><E103/><V34/><F123/><W82/><G71/><T10/><D10/><U115/><E115/><V62/><F1/><W104/><G119/><AGARI ba="0,1" hai="20,22,41,44,50,78,83,86,94,98,100,116,117,119" machi="119" ten="40,2000,0" yaku="1,1,53,0" doraHai="85" doraHaiUra="49" who="1" fromWho="3" sc="390,0,159,30,169,0,272,-20" /><INIT seed="1,1,0,3,1,103" ten="390,189,169,252" oya="1" hai0="94,126,73,58,28,23,61,57,119,48,118,106,7" hai1="21,15,125,26,100,51,35,128,46,41,102,30,121" hai2="114,54,122,34,42,24,83,32,113,12,111,86,8" hai3="44,53,66,105,97,43,39,10,55,116,59,50,67"/><U60/><E121/><V69/><F122/><W22/><G116/><T25/><D73/><U74/><E128/><V110/><F69/><W84/><G10/><T75/><D75/><U16/><E125/><V107/><F42/><W37/><G84/><T72/><D72/><U76/><REACH who="1" step="1"/><E60/><REACH who="1" ten="390,179,169,252" step="2"/><V101/><F113/><W82/><G39/><T89/><D61/><U109/><E109/><V80/><F114/><W120/><G37/><T63/><D63/><U96/><E96/><V95/><F111/><W70/><G97/><T92/><D126/><U27/><E27/><V132/><F24/><W14/><G120/><T134/><D25/><U3/><E3/><V90/><F110/><W5/><G14/><T130/><D130/><U104/><E104/><V17/><F107/><W40/><G105/><T133/><D106/><U108/><E108/><V124/><F124/><W117/><G117/><T98/><D98/><U62/><E62/><V38/><F12/><W127/><G127/><T65/><D119/><U47/><E47/><V93/><F101/><W99/><G44/><T1/><D118/><U112/><E112/><V29/><F34/><W2/><G99/><T20/><D1/><U0/><E0/><V68/><F32/><W6/><G2/><T11/><D134/><U85/><E85/><V64/><F86/><W131/><G131/><T49/><D133/><U78/><E78/><V88/><F132/><W135/><G135/><T77/><D77/><U45/><E45/><V13/><F13/><W36/><G36/><T115/><D115/><U56/><E56/><V79/><F38/><RYUUKYOKU ba="1,1" sc="390,-10,179,30,169,-10,252,-10" hai1="15,16,21,26,30,35,41,46,51,74,76,100,102" /><INIT seed="1,2,1,1,1,76" ten="380,209,159,242" oya="1" hai0="88,106,71,130,39,56,38,46,26,134,108,6,91" hai1="15,132,42,126,135,51,32,70,57,100,89,43,90" hai2="77,68,124,19,114,94,87,131,2,102,11,79,30" hai3="80,12,116,63,122,58,113,1,69,72,25,29,60"/><U53/><E32/><V129/><F68/><W64/><G113/><T112/><D106/><U73/><E126/><V128/><F124/><W13/><G1/><T85/><D71/><U22/><E70/><V48/><F114/><W17/><G122/><T97/><D112/><U16/><E73/><V105/><F30/><W54/><G116/><T86/><D97/><U36/><E100/><V31/><F31/><W4/><G4/><T95/><D6/><U82/><E36/><V34/><F34/><W118/><G118/><T123/><D26/><U81/><E132/><V10/><F105/><W33/><REACH who="3" step="1"/><G17/><REACH who="3" ten="380,209,159,232" step="2"/><T103/><D123/><U127/><E127/><V83/><F2/><W55/><G55/><T47/><D134/><U99/><E135/><V98/><F19/><W65/><G65/><T133/><D133/><U125/><E125/><V49/><REACH who="2" step="1"/><F77/><AGARI ba="2,2" hai="12,13,25,29,33,54,58,60,63,64,69,72,77,80" machi="77" ten="40,2600,0" yaku="1,1,52,1,53,0" doraHai="76" doraHaiUra="35" who="3" fromWho="2" sc="380,0,209,0,159,-32,232,52" /><INIT seed="2,0,0,0,2,11" ten="380,209,127,284" oya="2" hai0="115,106,126,10,9,113,51,13,41,30,46,60,48" hai1="6,56,7,28,134,5,83,39,129,85,4,84,53" hai2="92,3,31,59,107,67,93,75,1,63,71,120,131" hai3="81,15,33,47,54,98,104,118,105,112,24,21,109"/><V88/><F120/><W42/><G118/><T12/><D106/><U96/><E134/><V127/><F107/><W77/><G109/><T43/><D30/><U57/><E129/><V49/><F75/><W121/><G121/><T80/><D60/><U19/><E39/><V108/><F131/><W25/><G54/><T123/><D123/><U79/><E28/><V74/><F74/><W50/><G112/><T95/><D95/><U17/><N who="1" m="1536" /><DORA hai="102" /><U16/><E96/><V35/><F127/><W132/><G15/><T26/><D26/><U27/><E27/><V70/><F93/><W111/><G25/><T122/><D122/><U18/><N who="1" m="4608" /><DORA hai="89" /><U130/><E130/><V119/><F119/><W135/><G21/><T100/><D100/><U38/><E38/><V2/><F108/><W44/><G111/><T97/><D97/><U125/><E125/><V78/><F78/><W22/><G98/><T87/><D126/><U55/><E85/><V116/><F116/><W103/><G22/><T94/><D87/><U66/><E57/><V32/><F31/><N who="3" m="19687" /><G103/><T133/><D133/><N who="3" m="51273" /><G47/><T117/><D46/><U72/><E72/><AGARI ba="0,0" hai="42,44,50,72,77,81,104,105" m="51273,19687" machi="72" ten="30,3900,0" yaku="20,1,52,2" doraHai="11,102,89" who="3" fromWho="1" sc="380,0,209,-39,127,0,284,39" /><INIT seed="3,0,0,4,3,122" ten="380,170,127,323" oya="3" hai0="109,123,93,69,76,125,74,45,81,113,117,110,23" hai1="116,7,121,1,52,35,25,15,104,83,65,90,132" hai2="37,120,112,108,9,107,30,124,77,75,105,58,99" hai3="43,33,11,53,51,19,97,46,42,63,61,94,131"/><W39/><G131/><T119/><D69/><U92/><E121/><V32/><F120/><W21/><G33/><T129/><D123/><U89/><E116/><V12/><F112/><W87/><G11/><T80/><D125/><U54/><E104/><V0/><F124/><W48/><G87/><T126/><D126/><U60/><E132/><V16/><F37/><W73/><G73/><T56/><D129/><U100/><E1/><V36/><F36/><W55/><G39/><T127/><D127/><U130/><E130/><V67/><F0/><W135/><G135/><T64/><D45/><U88/><E83/><V22/><F32/><W72/><G72/><T85/><D93/><U59/><E35/><V50/><F77/><W4/><G4/><T101/><D101/><U102/><E25/><V38/><F38/><W98/><G94/><T17/><D113/><U31/><E31/><V128/><F75/><W5/><G5/><T62/><D119/><U47/><E47/><V78/><F78/><W3/><G3/><T71/><D71/><U18/><E7/><V26/><F128/><W13/><G43/><T49/><D49/><U29/><E29/><V66/><F105/><W27/><G27/><N who="0" m="14831" /><D117/><U82/><E82/><V24/><F24/><W103/><G42/><T118/><D118/><U40/><E40/><V86/><F50/><W115/><G115/><T41/><D41/><U28/><E28/><V111/><F86/><W68/><G68/><T134/><D134/><U114/><E114/><V84/><F84/><W95/><G98/><T34/><D34/><U44/><E92/><RYUUKYOKU ba="0,0" sc="380,15,170,-15,127,-15,323,15" hai0="56,62,64,74,76,80,81,85,109,110" hai3="13,19,21,46,48,51,53,55,61,63,95,97,103" /><INIT seed="3,1,0,4,0,106" ten="395,155,112,338" oya="3" hai0="90,70,129,135,120,91,127,55,118,5,105,113,52" hai1="131,95,117,86,56,62,74,92,84,27,43,133,109" hai2="0,77,65,61,53,80,81,19,25,29,63,67,51" hai3="107,103,110,3,114,76,13,119,96,15,45,10,20"/><W82/><G119/><T4/><D105/><U48/><E117/><V73/><F0/><W11/><G114/><T87/><D70/><U35/><E131/><V59/><F19/><W69/><G69/><T40/><D118/><U28/><E133/><V122/><F122/><W18/><G110/><T97/><D120/><U72/><E109/><V37/><F37/><W78/><G3/><T123/><D123/><U68/><E68/><V93/><F93/><W83/><G45/><T121/><D121/><U7/><E7/><V47/><F80/><W41/><G41/><T14/><D127/><U26/><E48/><V88/><F88/><W54/><G54/><T39/><D129/><U126/><E43/><V57/><F25/><W116/><G116/><T16/><D135/><U2/><E2/><V99/><REACH who="2" step="1"/><F29/><REACH who="2" ten="395,155,102,338" step="2"/><W125/><G125/><T44/><D91/><U6/><E126/><V98/><AGARI ba="1,1" hai="47,51,53,57,59,61,63,65,67,73,77,81,98,99" machi="98" ten="30,8000,1" yaku="1,1,2,1,0,1,9,1,52,1,53,0" doraHai="106" doraHaiUra="23" who="2" fromWho="2" sc="395,-21,155,-21,102,93,338,-41" /><INIT seed="4,0,0,5,2,64" ten="374,134,195,297" oya="0" hai0="73,113,27,42,72,4,90,130,36,105,77,33,20" hai1="132,47,104,124,91,69,44,15,120,37,133,129,60" hai2="18,10,123,43,97,96,62,63,22,108,100,3,55" hai3="61,82,48,99,29,11,109,66,102,87,106,6,21"/><T38/><D33/><U126/><E104/><V68/><F108/><W95/><G109/><T119/><D105/><U89/><E120/><V71/><F123/><W118/><G118/><T0/><D119/><U135/><E15/><V107/><F43/><W65/><G106/><T121/><D121/><U122/><E122/><V76/><F96/><W5/><G48/><T131/><D90/><N who="1" m="34315" /><E37/><V117/><F117/><W112/><G112/><T35/><D35/><U74/><E74/><V134/><F134/><W17/><G29/><T92/><D92/><U25/><E25/><V88/><F76/><W14/><G61/><T93/><D93/><U84/><E84/><V78/><F78/><N who="3" m="46551" /><G5/><T81/><D73/><U52/><E129/><V59/><F63/><W54/><G54/><T2/><D113/><U57/><E69/><V110/><F110/><W114/><G114/><T30/><D38/><U32/><E32/><V8/><F88/><W19/><G6/><T26/><D26/><AGARI ba="0,0" hai="11,14,17,19,21,26,65,66,95,99,102" m="46551" machi="26" ten="30,1000,0" yaku="8,1" doraHai="64" who="3" fromWho="0" sc="374,-10,134,0,195,0,297,10" /><INIT seed="5,0,0,1,2,16" ten="364,134,195,307" oya="1" hai0="30,100,133,74,42,7,102,13,130,104,23,121,39" hai1="43,135,33,57,37,83,132,134,70,0,49,2,21" hai2="68,119,11,99,4,66,12,90,8,131,9,24,29" hai3="81,20,92,25,94,10,89,117,127,72,123,44,31"/><U87/><E70/><V5/><F119/><W110/><G117/><T17/><D74/><U112/><E33/><V64/><F131/><W105/><G105/><T58/><D130/><U88/><E112/><V34/><F9/><W86/><G110/><T6/><D133/><U71/><E71/><V91/><F68/><W18/><G123/><T28/><D39/><U52/><REACH who="1" step="1"/><E21/><REACH who="1" ten="364,124,195,307" step="2"/><V128/><F128/><W107/><G20/><T109/><D23/><U116/><E116/><V98/><F34/><W120/><G120/><T15/><D121/><U97/><E97/><V46/><F99/><W32/><G32/><T108/><D108/><U54/><E54/><V126/><F98/><W48/><G10/><T111/><D111/><U35/><E35/><V75/><F11/><W38/><G107/><T61/><D104/><U85/><E85/><V22/><F75/><W41/><G72/><T113/><D109/><U79/><E79/><V1/><F8/><W59/><G86/><T27/><D113/><U62/><E62/><V40/><F22/><W26/><G41/><T45/><D42/><U84/><E84/><V14/><F40/><W60/><G60/><T73/><D61/><U106/><E106/><V56/><F5/><W118/><G118/><T53/><D6/><U76/><E76/><V47/><F4/><W3/><G26/><T101/><D7/><U50/><E50/><V93/><F24/><W96/><G25/><T82/><D27/><U51/><E51/><V103/><F66/><W115/><G115/><T124/><D73/><U114/><E114/><V19/><F64/><RYUUKYOKU ba="0,1" sc="364,-10,124,30,195,-10,307,-10" hai1="0,2,37,43,49,52,57,83,87,88,132,134,135" /><INIT seed="5,1,1,1,4,97" ten="354,154,185,297" oya="1" hai0="4,129,107,135,56,128,96,19,46,69,78,100,33" hai1="17,64,35,58,53,36,91,21,123,48,133,115,95" hai2="125,121,55,5,12,92,23,73,25,116,126,9,79" hai3="59,15,80,75,99,102,134,83,20,71,82,122,61"/><U22/><E115/><V44/><F116/><W94/><G122/><T16/><D69/><U101/><E133/><V114/><F121/><W40/><G134/><T27/><D135/><U110/><E110/><V81/><F114/><W86/><G71/><T130/><D4/><U45/><E35/><V111/><F111/><W77/><G40/><T88/><D78/><U41/><E123/><V0/><F92/><W57/><G75/><T104/><D104/><U52/><E101/><V119/><F119/><W70/><G70/><T51/><D56/><N who="3" m="21577" /><G61/><T118/><D118/><U1/><E1/><V31/><F55/><W84/><G84/><T113/><D113/><U67/><E53/><V103/><F103/><W28/><G15/><T47/><D88/><U6/><E6/><V54/><F54/><W7/><G7/><T72/><D72/><U13/><REACH who="1" step="1"/><E21/><REACH who="1" ten="354,144,185,297" step="2"/><V74/><F0/><W30/><G20/><N who="0" m="13703" /><D33/><U89/><E89/><V127/><F74/><W50/><G77/><T68/><D100/><U11/><E11/><N who="2" m="4207" /><F44/><W76/><G76/><T43/><D47/><U106/><E106/><V105/><F105/><W108/><G108/><T49/><D107/><U32/><E32/><V62/><F9/><W131/><G102/><T18/><D46/><U37/><E37/><V120/><F120/><W34/><G34/><T14/><D130/><U24/><E24/><V117/><F117/><W39/><G131/><T63/><D129/><U8/><E8/><V132/><F132/><W42/><G39/><T2/><D128/><U65/><E65/><V10/><F10/><W60/><G42/><RYUUKYOKU ba="1,2" sc="354,-15,144,15,185,15,297,-15" hai1="13,17,22,36,41,45,48,52,58,64,67,91,95" hai2="23,25,31,62,73,79,81,125,126,127" /><INIT seed="5,2,2,3,0,62" ten="339,159,200,282" oya="1" hai0="65,68,9,72,45,90,95,100,48,91,4,13,17" hai1="70,41,107,54,31,22,133,98,86,0,14,19,7" hai2="25,63,76,5,111,125,122,88,119,43,103,12,61" hai3="30,50,34,28,92,84,110,105,51,57,64,135,87"/><U73/><E73/><V35/><F119/><W15/><G110/><T39/><D39/><U26/><E133/><V128/><F111/><W89/><G135/><T78/><D78/><U113/><E113/><V108/><F108/><W101/><G105/><T109/><D72/><U118/><E118/><V77/><F122/><W99/><G34/><T49/><D68/><U93/><E41/><V42/><F103/><W120/><G120/><T60/><D109/><U85/><E107/><V1/><F1/><W10/><G64/><T16/><D65/><U40/><E40/><N who="2" m="15403" /><F35/><W116/><G116/><T112/><D60/><N who="2" m="23114" /><F125/><W79/><G79/><T46/><D100/><U18/><E70/><V67/><F67/><W104/><G87/><T131/><D49/><U126/><E126/><V33/><F33/><W37/><G37/><T127/><D48/><U3/><E54/><V29/><F128/><W71/><G71/><T106/><D106/><U44/><E0/><V80/><F25/><W94/><G104/><T81/><D131/><U102/><E44/><V83/><F29/><N who="3" m="11371" /><G57/><T97/><D127/><U82/><E3/><V8/><F88/><W117/><G117/><T36/><D36/><U115/><E115/><V2/><F2/><W52/><G52/><T132/><D112/><U129/><E129/><V134/><F134/><W121/><G121/><T32/><D32/><U124/><E124/><V47/><F47/><N who="0" m="17930" /><D132/><U59/><E59/><V96/><F96/><W24/><G24/><T20/><D20/><U23/><E23/><V69/><F69/><W27/><G27/><T75/><D75/><RYUUKYOKU ba="2,2" sc="339,10,159,-30,200,10,282,10" hai0="4,9,13,16,17,81,90,91,95,97" hai2="5,8,12,76,77,80,83" hai3="10,15,50,51,84,89,92,94,99,101" /><INIT seed="6,3,2,4,5,62" ten="349,129,210,292" oya="2" hai0="109,2,51,15,7,88,21,127,119,67,1,83,89" hai1="112,77,30,31,99,60,38,40,14,68,108,5,71" hai2="52,37,57,79,107,105,120,94,3,35,115,34,50" hai3="113,129,33,118,86,110,59,9,66,106,87,6,44"/><V101/><F120/><W75/><G110/><T22/><D109/><U72/><E108/><V133/><F3/><W125/><G118/><T43/><D127/><U42/><E99/><N who="2" m="59639" /><F37/><W56/><G75/><T130/><D15/><U121/><E121/><V25/><F105/><W20/><G33/><T93/><D51/><U19/><E38/><V104/><F107/><W80/><G106/><T58/><D22/><U32/><E32/><V10/><F104/><W0/><G86/><T48/><D21/><U123/><E123/><V70/><F70/><W116/><G116/><T27/><D1/><U76/><E72/><V128/><F25/><W82/><G82/><T78/><D27/><U45/><E14/><V126/><F79/><W91/><G125/><T17/><D78/><U28/><E30/><V11/><F126/><W117/><G117/><T46/><D2/><U8/><E5/><V100/><F100/><W81/><G81/><T39/><D83/><U135/><E19/><V13/><F115/><W103/><G103/><T124/><D17/><U97/><E112/><V95/><F95/><W4/><G4/><T98/><D7/><U65/><E71/><V74/><F74/><W16/><G113/><T90/><D124/><U114/><E114/><V18/><F128/><W73/><G129/><T64/><D130/><U111/><E111/><V55/><F133/><W53/><G73/><T26/><D119/><U92/><E135/><V12/><F55/><W84/><G0/><T131/><D131/><U134/><E134/><V29/><F29/><W132/><G132/><T63/><D93/><RYUUKYOKU ba="3,2" sc="349,-10,129,-10,210,30,292,-10" hai2="10,11,12,13,18,34,35,50,52,57" /><INIT seed="6,4,2,5,5,107" ten="339,119,240,282" oya="2" hai0="72,52,132,68,35,78,13,79,113,33,24,106,10" hai1="92,50,109,101,133,73,122,16,134,82,127,124,76" hai2="110,59,65,4,6,45,83,9,28,36,29,70,53" hai3="23,80,26,39,58,44,69,15,32,89,30,108,21"/><V71/><F110/><W102/><G69/><T56/><D68/><U97/><E109/><V111/><F111/><W62/><G108/><T11/><D106/><U75/><E50/><N who="2" m="28879" /><F36/><W51/><G102/><T66/><D66/><U49/><E49/><V135/><F70/><W116/><G39/><T112/><D132/><N who="1" m="50795" /><E122/><V95/><F71/><W47/><G116/><T42/><D42/><U46/><E46/><V115/><F115/><N who="0" m="44106" /><D24/><U123/><E123/><V54/><F65/><N who="3" m="39127" /><G32/><N who="0" m="12363" /><D72/><N who="1" m="43271" /><E16/><V25/><F135/><W120/><G120/><T130/><D130/><U88/><E101/><V67/><F25/><W64/><G64/><T40/><D40/><U2/><E2/><V31/><F67/><W93/><G26/><T81/><D13/><U121/><E121/><V103/><F9/><W41/><G15/><T126/><D10/><U125/><AGARI ba="4,2" hai="73,75,88,92,97,124,125,127" m="43271,50795" machi="125" ten="40,16000,3" yaku="18,1,20,1,34,2,52,3,54,1" doraHai="107" who="1" fromWho="1" sc="339,-44,119,192,240,-84,282,-44" /><INIT seed="7,0,0,1,1,104" ten="295,311,156,238" oya="3" hai0="32,75,25,117,67,123,105,115,7,101,14,12,135" hai1="43,134,82,128,27,23,71,54,122,41,99,35,125" hai2="29,57,51,21,81,56,34,33,84,131,55,89,68" hai3="129,3,64,120,42,83,49,13,76,70,116,93,2"/><W37/><G116/><T50/><D117/><U9/><E122/><V45/><F131/><W109/><G120/><T114/><D75/><U66/><E128/><V118/><F118/><W112/><G37/><T98/><D123/><U26/><E35/><V40/><F68/><W5/><G129/><T100/><D100/><U124/><E82/><V65/><F34/><W72/><G93/><T15/><D135/><U17/><E54/><V47/><F33/><W121/><G121/><T108/><D50/><U16/><E99/><V132/><F132/><W53/><G42/><N who="1" m="15882" /><E134/><V61/><F40/><W4/><G109/><T74/><D74/><U107/><E9/><V111/><F111/><W94/><G112/><N who="0" m="43051" /><D67/><U102/><E102/><V85/><REACH who="2" step="1"/><F84/><REACH who="2" ten="295,311,146,238" step="2"/><W91/><G70/><T22/><D32/><U11/><E71/><V63/><F63/><W20/><G3/><T31/><D108/><U103/><E124/><V36/><F36/><W6/><G2/><T62/><D62/><U73/><E125/><V79/><F79/><W119/><G119/><T18/><D7/><U127/><E127/><V38/><F38/><W10/><G5/><T30/><AGARI ba="0,1" hai="12,14,15,18,22,25,30,31,98,101,105" m="43051" machi="30" ten="40,2700,0" yaku="15,1,11,1" doraHai="104" who="0" fromWho="0" sc="295,37,311,-7,146,-7,238,-13" owari="332,43.0,304,10.0,139,-36.0,225,-17.0" /></mjloggm>