<mjloggm ver="2.3"><GO type="169" lobby="0"/><UN n0="%E3%81%A9%E3%81%84%E3%83%BC%E3%82%93" n1="%E3%83%95%E3%82%A3%E3%82%A2%2E" n2="%E3%83%88%E3%83%88%E3%83%AA%E5%85%88%E7%94%9F%31%39%E6%AD%B3" n3="%E3%81%A9%E3%81%90%E3%81%95%E3%82%8C%E3%81%86%E3%81%AA%E3%81%8E" dan="16,16,19,16" rate="2082.38,2161.58,2290.42,2103.11" sx="M,M,F,M"/><TAIKYOKU oya="0"/><INIT seed="0,0,0,1,2,25" ten="250,250,250,250" oya="0" hai0="19,91,33,9,59,129,39,28,131,87,84,101,50" hai1="85,42,41,107,99,10,12,44,70,134,60,68,3" hai2="37,116,35,36,15,125,6,7,103,5,31,122,130" hai3="80,64,48,76,121,120,74,8,55,26,17,62,40"/><T34/><D39/><U96/><E3/><V38/><F122/><N who="3" m="47211" /><G40/><T82/><D101/><U97/><E107/><V23/><F130/><N who="0" m="49674" /><D87/><U111/><E111/><V114/><F114/><W127/><G127/><T73/><D73/><U57/><E134/><V78/><F125/><W27/><G8/><T108/><D108/><U69/><E85/><V115/><F115/><W132/><G132/><T118/><D118/><U106/><E44/><V52/><F116/><W58/><G17/><T32/><D59/><AGARI ba="0,0" hai="26,27,48,55,58,59,62,64,74,76,80" m="47211" machi="59" ten="30,1000,0" yaku="13,1" doraHai="25" who="3" fromWho="0" sc="250,-10,250,0,250,0,250,10" /><INIT seed="1,0,0,1,2,62" ten="240,250,250,260" oya="1" hai0="58,8,102,4,68,78,22,29,129,110,37,19,86" hai1="71,50,35,2,117,24,3,96,120,81,69,135,85" hai2="46,94,112,13,89,0,100,104,61,15,40,55,6" hai3="1,126,10,53,59,98,48,118,45,5,79,23,26"/><U66/><E117/><V49/><F112/><W20/><G118/><T128/><D68/><U36/><E36/><V25/><F104/><W16/><G126/><T119/><D37/><U95/><E120/><V132/><F100/><W39/><G79/><T27/><D119/><U116/><E116/><V76/><F132/><W11/><G98/><T83/><D102/><U130/><E135/><V38/><F25/><W42/><G23/><T75/><D110/><U115/><E115/><V123/><F123/><W31/><REACH who="3" step="1"/><G10/><REACH who="3" ten="240,250,250,250" step="2"/><T74/><D129/><U47/><E130/><V131/><F76/><W34/><G34/><T97/><D128/><U21/><E35/><V51/><F131/><W103/><G103/><T65/><D97/><U92/><E96/><V54/><F89/><W113/><G113/><T105/><D105/><U63/><E21/><V88/><F88/><W93/><G93/><T64/><D75/><U87/><E95/><V134/><F94/><W41/><G41/><T101/><D74/><U133/><E92/><V114/><F40/><W52/><G52/><T44/><D101/><U77/><E133/><V12/><F134/><W111/><G111/><T9/><D78/><U108/><E108/><V14/><F114/><W73/><G73/><T17/><D83/><U125/><E125/><V99/><F99/><W67/><G67/><T122/><D9/><U82/><E77/><V28/><F54/><W121/><G121/><T124/><D122/><U70/><E66/><V60/><F55/><W91/><G91/><T30/><D124/><U43/><E43/><V109/><F109/><RYUUKYOKU ba="0,1" sc="240,-10,250,-10,250,-10,250,30" hai3="1,5,11,16,20,26,31,39,42,45,48,53,59" /><INIT seed="2,1,1,3,3,84" ten="230,240,240,280" oya="2" hai0="87,107,25,120,115,85,2,21,99,80,109,68,51" hai1="86,76,71,82,3,8,39,113,73,41,62,128,132" hai2="104,65,105,98,40,23,19,22,55,50,103,67,108" hai3="101,57,81,127,5,95,12,10,123,126,18,129,112"/><V49/><F108/><W75/><G123/><T70/><D120/><U20/><E113/><V72/><F72/><W54/><G112/><T53/><D2/><U66/><E132/><V35/><F35/><W117/><G117/><T33/><D115/><U27/><E128/><V118/><F118/><W13/><G129/><T134/><D33/><U14/><E3/><V11/><F104/><W58/><G75/><T77/><D134/><U1/><E1/><V60/><F11/><W34/><G81/><T100/><D85/><U59/><E39/><V88/><F40/><W7/><G34/><T44/><D109/><U15/><E41/><V17/><F23/><W63/><G58/><T16/><AGARI ba="1,1" hai="16,21,25,44,51,53,68,70,77,80,87,99,100,107" machi="16" ten="20,2700,0" yaku="0,1,7,1,54,1" doraHai="84" who="0" fromWho="0" sc="230,40,240,-8,240,-14,280,-8" /><INIT seed="3,0,0,5,3,23" ten="270,232,226,272" oya="3" hai0="107,62,66,106,132,4,115,85,6,134,96,1,116" hai1="82,55,13,103,31,128,70,74,75,117,33,57,64" hai2="129,77,63,127,30,125,69,34,68,83,0,48,28" hai3="81,39,91,73,109,76,35,44,20,94,15,126,97"/><W84/><G35/><T112/><D85/><U17/><E128/><V87/><F0/><W38/><G126/><N who="2" m="48137" /><F129/><W110/><G73/><T120/><D116/><U95/><E117/><V86/><F63/><W24/><G15/><T16/><D120/><U133/><E133/><N who="0" m="51305" /><D16/><U71/><E64/><V88/><F48/><W65/><G65/><T54/><D54/><U101/><E70/><N who="2" m="27243" /><F34/><W90/><G44/><T58/><D96/><U40/><E71/><V56/><F56/><W119/><G119/><T72/><D72/><U113/><E57/><V45/><F45/><W22/><G22/><T130/><D130/><U118/><E75/><V47/><F47/><W79/><G39/><T32/><D32/><U27/><E74/><V102/><F102/><W61/><G61/><T43/><D43/><U50/><E101/><V19/><F19/><N who="3" m="12319" /><G38/><T7/><D1/><U5/><E33/><V131/><F131/><W2/><G2/><T105/><AGARI ba="0,0" hai="4,6,7,58,62,66,105,106,107,112,115" m="51305" machi="105" ten="40,1500,0" yaku="20,1" doraHai="23" who="0" fromWho="0" sc="270,15,232,-4,226,-4,272,-7" /><INIT seed="4,0,0,2,3,116" ten="285,228,222,265" oya="0" hai0="12,75,108,66,40,109,100,44,99,96,62,113,68" hai1="31,73,89,33,88,2,46,47,77,20,130,76,19" hai2="27,38,61,86,16,81,125,69,94,110,57,105,79" hai3="56,115,10,49,13,118,45,106,52,83,84,103,58"/><T72/><D113/><U129/><E2/><V78/><F110/><N who="0" m="42602" /><D12/><U111/><E31/><V91/><F105/><W127/><G118/><T122/><D122/><U126/><E33/><V30/><F38/><W4/><G127/><T85/><D85/><U25/><E126/><V43/><F125/><W102/><G115/><T124/><D124/><U135/><E135/><V39/><F69/><W114/><G114/><T3/><D3/><U65/><E65/><V41/><F39/><W132/><G132/><T121/><D121/><U71/><E71/><V64/><F16/><W1/><G1/><T67/><D67/><U133/><E133/><V29/><F29/><W37/><G37/><N who="0" m="21519" /><D99/><U24/><E24/><V104/><F78/><N who="1" m="30313" /><E73/><V59/><F59/><W22/><G58/><T95/><AGARI ba="0,0" hai="62,66,68,72,75,95,96,100" m="21519,42602" machi="95" ten="30,1500,0" yaku="10,1" doraHai="116" who="0" fromWho="0" sc="285,15,228,-5,222,-5,265,-5" /><INIT seed="4,1,0,0,4,88" ten="300,223,217,260" oya="0" hai0="98,81,123,43,74,6,108,19,15,44,125,17,46" hai1="109,52,114,126,63,49,101,58,104,102,77,22,132" hai2="62,65,105,107,89,51,122,72,13,75,73,2,54" hai3="80,50,21,106,31,61,4,68,7,0,41,26,59"/><T78/><D123/><U135/><E109/><V66/><F122/><W64/><G106/><T84/><D108/><U120/><E120/><V24/><F2/><W95/><G80/><T40/><D125/><U69/><E126/><V76/><F76/><W110/><G110/><T115/><D74/><U14/><E77/><V48/><F24/><W18/><G0/><T79/><D115/><U99/><E102/><V94/><F13/><W35/><G95/><T32/><D32/><U118/><E118/><V1/><F1/><W37/><G37/><T25/><D98/><U116/><E116/><V131/><F131/><W55/><G41/><T53/><D79/><U113/><E22/><V16/><F16/><N who="0" m="6218" /><D25/><AGARI ba="1,0" hai="4,7,18,21,25,26,31,35,50,55,59,61,64,68" machi="25" ten="30,1000,0" yaku="7,1" doraHai="88" who="3" fromWho="0" sc="300,-13,223,0,217,0,260,13" /><INIT seed="5,0,0,4,4,3" ten="287,223,217,273" oya="1" hai0="135,129,127,84,30,98,85,13,124,27,60,109,108" hai1="10,77,29,55,15,122,37,33,48,95,131,52,105" hai2="42,93,35,120,25,26,128,72,28,4,23,81,2" hai3="86,64,76,92,39,54,94,9,36,61,83,20,17"/><U46/><E122/><V102/><F120/><W132/><G132/><T53/><D135/><U40/><E105/><V18/><F128/><W41/><G54/><T114/><D129/><U66/><E131/><V7/><F2/><W100/><G9/><T34/><D114/><U43/><E66/><V70/><F70/><W88/><G100/><T49/><D60/><U12/><E77/><V24/><F42/><W123/><G94/><T21/><D98/><U110/><E110/><V74/><F24/><W78/><G78/><T44/><D109/><U112/><E112/><V75/><REACH who="2" step="1"/><F81/><REACH who="2" ten="287,223,207,273" step="2"/><W89/><G41/><T99/><D108/><U8/><E43/><V115/><F115/><W73/><G123/><T38/><D124/><U5/><E37/><V67/><F67/><W130/><G39/><T119/><D127/><U97/><E33/><V14/><F14/><W87/><G36/><T22/><D38/><U11/><E29/><V31/><F31/><W117/><G130/><T19/><D119/><U90/><REACH who="1" step="1"/><E11/><REACH who="1" ten="287,213,207,273" step="2"/><V65/><F65/><W106/><G64/><T133/><D34/><U45/><E45/><V6/><F6/><AGARI ba="0,2" hai="5,6,8,10,12,15,40,46,48,52,55,90,95,97" machi="6" ten="30,18000,2" yaku="1,1,7,1,9,1,8,1,52,2,54,1,53,0" doraHai="3" doraHaiUra="80" who="1" fromWho="2" sc="287,0,213,200,207,-180,273,0" /><INIT seed="5,1,0,1,4,28" ten="287,413,27,273" oya="1" hai0="65,105,1,124,131,130,43,64,36,107,73,86,134" hai1="71,33,51,53,76,3,117,8,12,40,52,103,41" hai2="25,133,126,37,15,54,22,31,20,94,17,113,77" hai3="128,16,98,2,10,34,96,35,106,57,70,92,11"/><U115/><E117/><V109/><F37/><W58/><G70/><T122/><D1/><U18/><E71/><V46/><F77/><W118/><G118/><T120/><D73/><U116/><E116/><V68/><F68/><W132/><G132/><T39/><D86/><U114/><E33/><V93/><F109/><W84/><G84/><T83/><D83/><U80/><E103/><V112/><F133/><W50/><G106/><N who="0" m="40459" /><D43/><U119/><E3/><V97/><F126/><W5/><G98/><T125/><D134/><U38/><E38/><N who="0" m="14377" /><D65/><U66/><E66/><V23/><F23/><W24/><G58/><T13/><D13/><U72/><E119/><V63/><F97/><W56/><G57/><T91/><D91/><U123/><E41/><V44/><F63/><W100/><G10/><T42/><D42/><U69/><E69/><V0/><F0/><W81/><G81/><T6/><D6/><U79/><E80/><V82/><F82/><W67/><G67/><T87/><D87/><U45/><E72/><V27/><F15/><W62/><G62/><T4/><D4/><U89/><E89/><V49/><REACH who="2" step="1"/><F46/><REACH who="2" ten="287,413,17,273" step="2"/><W99/><G99/><T29/><D64/><U30/><E79/><V78/><F78/><W90/><G100/><T48/><D29/><U135/><E76/><V111/><F111/><W61/><G61/><T95/><D95/><AGARI ba="1,1" hai="17,20,22,25,27,31,44,49,54,93,94,95,112,113" machi="95" ten="40,5200,0" yaku="1,1,53,2" doraHai="28" doraHaiUra="19" who="2" fromWho="0" sc="287,-55,413,0,17,65,273,0" /><INIT seed="6,0,0,1,2,45" ten="232,413,82,273" oya="2" hai0="121,129,52,120,22,127,79,2,80,69,15,115,135" hai1="86,46,18,29,31,47,30,41,100,13,101,58,28" hai2="90,40,7,73,84,21,5,125,88,103,106,16,4" hai3="12,43,49,133,130,111,44,97,70,9,99,108,63"/><V25/><F125/><W0/><G0/><T42/><D69/><U19/><E31/><V126/><F126/><W68/><G133/><T105/><D127/><U6/><E6/><V56/><F73/><W113/><G130/><T35/><D105/><U78/><E58/><V110/><F110/><W71/><G63/><T1/><D35/><U11/><E19/><V94/><F106/><W89/><G113/><T57/><D42/><U23/><E11/><V61/><F40/><W118/><G118/><T53/><D115/><U65/><E65/><V38/><F38/><W93/><REACH who="3" step="1"/><G99/><REACH who="3" ten="232,413,82,263" step="2"/><T96/><D135/><U75/><E75/><V33/><F33/><W14/><G14/><T107/><D129/><U117/><E117/><V67/><F90/><W51/><G51/><T20/><D96/><U36/><E36/><V26/><F103/><W109/><G109/><T27/><D15/><AGARI ba="0,1" hai="4,5,7,15,16,21,25,26,56,61,67,84,88,94" machi="15" ten="40,7700,0" yaku="8,1,54,2" doraHai="45" who="2" fromWho="0" sc="232,-77,413,0,82,87,263,0" /><INIT seed="6,1,0,3,2,38" ten="155,413,169,263" oya="2" hai0="130,1,95,37,28,49,65,54,75,22,40,10,78" hai1="43,80,85,66,79,73,99,9,74,93,77,3,36" hai2="7,82,57,26,4,19,23,24,5,76,110,112,33" hai3="104,16,90,98,63,115,34,56,121,135,61,44,48"/><V133/><F112/><W30/><G121/><T21/><D65/><U125/><E125/><V120/><F120/><W81/><G115/><T101/><D130/><U67/><E43/><V118/><F118/><W117/><G117/><T109/><D28/><U131/><E36/><V83/><F133/><W84/><G30/><T31/><D31/><U17/><E131/><V72/><F33/><W107/><G34/><T13/><D109/><U58/><E58/><V129/><F129/><W39/><G39/><T132/><D132/><U41/><E41/><V32/><F32/><W12/><G98/><T0/><D0/><U68/><E68/><V102/><F110/><W18/><G18/><T106/><D106/><U27/><E3/><V62/><F83/><W14/><G14/><T119/><D119/><U127/><E127/><V50/><F102/><W35/><G35/><T46/><D95/><U111/><E111/><V15/><REACH who="2" step="1"/><F50/><REACH who="2" ten="155,413,159,263" step="2"/><W25/><G135/><T53/><D101/><U64/><E80/><V113/><F113/><W51/><G51/><T105/><D49/><U124/><E124/><V70/><F70/><W89/><G89/><T20/><D37/><U97/><E79/><V96/><F96/><W91/><G91/><T47/><D78/><U45/><E77/><V94/><F94/><W100/><G100/><T42/><D105/><U55/><E93/><V123/><F123/><W88/><G90/><T92/><D92/><U69/><E69/><V71/><F71/><W59/><G104/><T126/><D126/><U86/><E99/><V52/><AGARI ba="1,1" hai="4,5,7,15,19,23,24,26,52,57,62,72,76,82" machi="52" ten="30,6000,0" yaku="1,1,0,1,54,1,53,0" doraHai="38" doraHaiUra="114" who="2" fromWho="2" sc="155,-21,413,-21,159,73,263,-21" /><INIT seed="6,2,0,4,0,41" ten="134,392,232,242" oya="2" hai0="128,65,61,132,126,60,64,39,53,20,116,77,79" hai1="114,66,10,107,86,1,46,89,3,69,113,15,93" hai2="88,44,7,14,63,35,103,62,102,97,23,22,73" hai3="45,11,98,121,84,58,37,48,18,6,29,36,95"/><V59/><F35/><W40/><G29/><T43/><D20/><N who="2" m="7722" /><F73/><W27/><G18/><T99/><D99/><U85/><E107/><V127/><F127/><W111/><G27/><T125/><D79/><U12/><E66/><N who="0" m="25705" /><D77/><U134/><E69/><V4/><F44/><W31/><G31/><T74/><D74/><U33/><E33/><V110/><F110/><W2/><G111/><T52/><D132/><U87/><E46/><V104/><F104/><W117/><G117/><T118/><D128/><U90/><E134/><V25/><F25/><W105/><G121/><T67/><D43/><U101/><E3/><V16/><F7/><W68/><G68/><N who="0" m="42087" /><D39/><U124/><E1/><V78/><F4/><W91/><G105/><T19/><D19/><U54/><E124/><N who="0" m="47721" /><D61/><U0/><E0/><V71/><F78/><W26/><G26/><T32/><D32/><U47/><E15/><V109/><F71/><W75/><G75/><T51/><D53/><U115/><E12/><V83/><F109/><W56/><G36/><T55/><D55/><U119/><E115/><V112/><F112/><W28/><G28/><T106/><D106/><U72/><E114/><V21/><F63/><W131/><G131/><T38/><D38/><U8/><E113/><V129/><F129/><W42/><G98/><T76/><D76/><U70/><E72/><V17/><F17/><W123/><G123/><T50/><D50/><U34/><E34/><V92/><F83/><W80/><G80/><T13/><D13/><U100/><E70/><V9/><F21/><W5/><G5/><T30/><D30/><RYUUKYOKU ba="2,0" sc="134,10,392,-30,232,10,242,10" hai0="51,52,116,118" hai2="9,14,16,59,62,88,92,97,102,103" hai3="2,6,11,37,40,42,45,48,56,58,84,91,95" /><INIT seed="6,3,0,1,5,64" ten="144,362,242,252" oya="2" hai0="114,31,44,16,113,25,95,83,1,128,30,80,91" hai1="130,121,117,50,61,84,10,70,132,120,86,53,29" hai2="104,123,62,51,100,2,103,3,73,105,58,22,85" hai3="65,124,96,46,107,57,34,109,89,41,47,134,78"/><V40/><F123/><N who="1" m="47177" /><E132/><V74/><F22/><W122/><G109/><T27/><D128/><U75/><E75/><N who="2" m="28683" /><F58/><W42/><G34/><T36/><D1/><N who="2" m="10" /><F51/><W60/><G134/><T115/><D36/><U90/><E117/><V20/><F20/><W54/><G78/><T56/><D44/><N who="1" m="27847" /><E130/><V4/><F85/><W63/><G42/><T97/><D56/><U88/><E29/><V126/><F40/><W76/><G41/><T94/><D94/><U14/><E86/><V125/><F62/><W18/><G63/><T49/><D49/><U43/><E43/><V111/><F4/><W133/><G60/><T39/><D39/><U23/><E23/><V116/><F116/><W67/><G47/><T108/><D108/><U112/><E84/><V101/><F111/><W131/><G131/><T72/><D72/><U66/><E112/><V45/><F45/><W135/><G46/><T32/><REACH who="0" step="1"/><D16/><AGARI ba="3,0" hai="10,14,16,61,66,70,88,90" m="27847,47177" machi="16" ten="30,7700,0" yaku="13,1,52,1,54,2" doraHai="64" who="1" fromWho="0" sc="144,-86,362,86,242,0,252,0" /><INIT seed="7,0,0,5,0,3" ten="58,448,242,252" oya="3" hai0="112,87,72,47,90,133,55,50,46,40,130,128,135" hai1="126,19,76,28,58,96,21,108,71,54,37,68,70" hai2="34,122,15,26,124,62,89,121,99,59,134,57,60" hai3="97,115,8,61,5,79,117,132,100,30,56,66,35"/><W0/><G117/><T22/><D72/><U17/><E108/><V14/><F134/><W52/><G132/><T77/><D22/><U119/><E37/><V33/><F124/><W118/><G118/><T31/><D31/><U98/><E76/><V4/><F89/><W20/><G115/><T91/><D90/><U129/><E129/><V65/><F99/><W10/><G35/><N who="2" m="13321" /><F4/><W86/><G10/><T107/><D91/><U32/><E21/><V94/><F94/><W11/><G11/><T104/><D107/><U131/><E19/><V44/><F26/><W39/><G39/><T102/><D104/><U127/><E58/><V95/><F95/><W93/><G79/><T42/><D102/><U120/><E120/><N who="2" m="46187" /><F44/><W105/><G86/><T16/><D87/><U81/><E54/><AGARI ba="0,0" hai="14,15,54,57,59,60,62,65" m="46187,13321" machi="54" ten="30,1000,0" yaku="13,1" doraHai="3" who="2" fromWho="1" sc="58,0,448,-10,242,10,252,0" owari="58,-44.0,438,54.0,252,5.0,252,-15.0" /></mjloggm>