<mjloggm ver="2.3"><GO type="169" lobby="0"/><UN n0="%6B%75%72%6F%30%32%34%34" n1="%E3%82%89%E3%81%84%E3%81%B5%E3%81%8C%E3%83%BC%E3%81%A9%E3%81%99%E3%81%8D" n2="%E3%81%A8%E3%81%B3%E3%81%BE%E3%82%8B" n3="%E5%B0%B1%E6%B4%BB%E7%94%9F%40%E5%B7%9D%E6%9D%91%E8%BB%8D%E5%9B%A3" dan="16,17,16,18" rate="2042.98,2144.30,2061.68,2290.48" sx="M,F,M,M"/><TAIKYOKU oya="0"/><INIT seed="0,0,0,5,1,124" ten="250,250,250,250" oya="0" hai0="2,82,130,13,8,99,89,84,102,116,52,90,39" hai1="48,1,70,118,113,79,9,68,134,110,25,43,37" hai2="77,105,31,119,101,109,86,20,53,111,40,57,114" hai3="133,75,93,32,10,58,80,49,112,27,59,91,131"/><T76/><D116/><U73/><E25/><V62/><F114/><W71/><G71/><T35/><D2/><U60/><E9/><V11/><F119/><W54/><G112/><T15/><D35/><U121/><E79/><V38/><F11/><W29/><G133/><T44/><D130/><U50/><E60/><V23/><F101/><W34/><G10/><T132/><D132/><U42/><E73/><V128/><F105/><W5/><G5/><T66/><D66/><U115/><E1/><V7/><F7/><W64/><G131/><T129/><D129/><U103/><E103/><V47/><F128/><W3/><G3/><T36/><D36/><U65/><E134/><V87/><F31/><W55/><G64/><T51/><D39/><U41/><E37/><V94/><F86/><W61/><G80/><T18/><REACH who="0" step="1"/><D15/><REACH who="0" ten="240,250,250,250" step="2"/><U67/><E118/><V78/><F109/><W123/><G123/><T14/><D14/><U107/><E121/><V0/><F0/><W12/><G12/><T100/><D100/><U28/><E110/><V4/><F111/><W22/><G75/><T104/><AGARI ba="0,1" hai="8,13,18,44,51,52,76,82,84,89,90,99,102,104" machi="104" ten="20,7800,0" yaku="1,1,0,1,7,1,54,1,53,0" doraHai="124" doraHaiUra="120" who="0" fromWho="0" sc="240,88,250,-26,250,-26,250,-26" /><INIT seed="0,1,0,5,1,8" ten="328,224,224,224" oya="0" hai0="75,30,122,55,48,13,93,73,49,89,47,33,57" hai1="17,91,119,102,53,94,22,121,7,10,54,125,64" hai2="4,96,103,87,128,120,36,104,107,23,71,35,106" hai3="133,109,37,45,134,15,132,117,51,40,129,78,5"/><T18/><D122/><U97/><E119/><V62/><F120/><W38/><G117/><T31/><D33/><U81/><E125/><V41/><F35/><W124/><G124/><T130/><D130/><U77/><E64/><V68/><F4/><W66/><G129/><T29/><D73/><U112/><E112/><V110/><F128/><W60/><G78/><T2/><D2/><U26/><E102/><V101/><F101/><W111/><G15/><T25/><D75/><U69/><E69/><V88/><F41/><W84/><G84/><N who="0" m="52391" /><D25/><U0/><E121/><V21/><F36/><N who="3" m="13931" /><G5/><T115/><D115/><U114/><E114/><V9/><F9/><W90/><G90/><T1/><D1/><U32/><E32/><V82/><F110/><W80/><G80/><T11/><D31/><U24/><E24/><V46/><F46/><W126/><G126/><T65/><D65/><U86/><AGARI ba="1,0" hai="0,7,10,17,22,26,53,54,77,81,86,91,94,97" machi="86" ten="20,1500,0" yaku="0,1,7,1" doraHai="8" who="1" fromWho="1" sc="328,-8,224,18,224,-5,224,-5" /><INIT seed="1,0,0,2,3,1" ten="320,242,219,219" oya="1" hai0="23,13,81,114,54,126,76,135,29,134,38,47,133" hai1="58,57,91,32,40,108,118,44,84,51,83,106,115" hai2="52,129,124,122,89,35,123,9,59,36,46,33,101" hai3="12,104,62,113,110,132,94,102,25,70,14,16,82"/><U74/><E118/><V61/><F129/><W19/><G104/><T22/><D114/><U5/><E115/><V116/><F116/><W75/><G25/><T34/><D126/><U109/><E32/><V67/><F124/><W20/><G132/><T65/><D65/><U53/><E106/><V4/><F101/><W98/><G110/><N who="1" m="42602" /><E74/><V119/><F119/><W117/><G117/><T131/><D131/><U86/><E86/><V18/><F18/><W88/><G113/><T95/><D95/><U68/><E68/><V90/><F35/><W72/><G82/><T73/><D13/><U11/><E40/><V97/><F33/><W128/><G102/><T7/><D34/><U48/><E48/><V26/><F26/><W31/><G31/><T8/><D29/><U99/><E99/><V71/><F97/><W2/><G2/><AGARI ba="0,0" hai="2,5,11,44,51,53,57,58,83,84,91" m="42602" machi="2" ten="30,5800,0" yaku="14,1,10,1,52,1" doraHai="1" who="1" fromWho="3" sc="320,0,242,58,219,0,219,-58" /><INIT seed="1,1,0,5,4,28" ten="320,300,219,161" oya="1" hai0="45,24,116,27,60,22,134,35,14,86,36,57,6" hai1="109,7,63,85,99,5,12,47,10,96,1,76,71" hai2="106,100,30,31,25,15,44,126,54,37,65,32,87" hai3="50,79,20,34,43,41,121,48,11,122,128,117,130"/><U40/><E109/><V88/><F65/><W115/><G20/><T101/><D116/><U59/><E71/><V105/><F30/><W92/><G11/><T9/><D134/><U21/><E5/><V26/><F26/><W51/><G79/><T73/><D73/><U84/><E1/><V83/><F100/><W61/><G92/><T66/><D101/><U131/><E131/><N who="3" m="50218" /><G34/><T127/><D127/><U114/><E114/><V64/><F64/><W69/><G115/><T110/><D110/><U38/><E21/><V46/><F126/><W16/><G16/><T133/><D133/><U118/><E118/><V75/><F75/><W8/><G8/><T53/><D35/><U2/><E2/><V120/><F120/><N who="3" m="46187" /><G117/><T108/><D108/><U58/><E58/><V77/><F77/><W103/><G103/><T124/><D124/><U68/><E68/><V94/><F94/><W33/><G33/><T67/><D86/><U3/><E3/><V89/><F89/><W95/><G95/><T19/><D27/><U70/><E70/><V119/><F15/><W52/><G69/><T90/><D90/><U39/><E85/><V107/><F119/><W49/><G61/><T23/><D23/><U129/><E129/><V104/><F105/><W91/><G91/><T72/><D72/><U18/><E76/><V125/><F125/><W55/><N who="3" m="12800" /><DORA hai="97" /><W113/><G113/><T80/><D80/><U82/><E82/><V93/><F93/><W111/><G111/><T42/><AGARI ba="1,0" hai="6,9,14,19,22,24,36,42,45,53,57,60,66,67" machi="42" ten="30,1100,0" yaku="0,1" doraHai="28,97" who="0" fromWho="0" sc="320,14,300,-6,219,-4,161,-4" /><INIT seed="2,0,0,1,0,72" ten="334,294,215,157" oya="2" hai0="26,71,15,30,133,90,101,36,48,47,62,80,135" hai1="88,87,3,68,122,92,6,131,69,105,95,51,111" hai2="129,108,10,13,99,65,27,100,18,97,49,115,55" hai3="67,23,93,66,104,57,70,52,113,75,128,98,79"/><V63/><F115/><W38/><G38/><T103/><D36/><U19/><E105/><V107/><F129/><W42/><G104/><T74/><D15/><U83/><E131/><V77/><F108/><W134/><G128/><T110/><D110/><U35/><E111/><V102/><F27/><W78/><G75/><T22/><D62/><U64/><E35/><V25/><F25/><W11/><G70/><T4/><D4/><U125/><E64/><N who="3" m="24618" /><G134/><N who="0" m="51211" /><D71/><U112/><E112/><V130/><F130/><W94/><G42/><N who="0" m="24695" /><D90/><U59/><E6/><V8/><F8/><W61/><G11/><T84/><D84/><U14/><E3/><V28/><F28/><W86/><G23/><T46/><D46/><U50/><E69/><V37/><F37/><W116/><G116/><T53/><D53/><U120/><E68/><V31/><F31/><W5/><G5/><T81/><D74/><U29/><E29/><V12/><F12/><W56/><G56/><T0/><D0/><U41/><E59/><N who="2" m="37119" /><F107/><W58/><G58/><T17/><D30/><U76/><E120/><V32/><F32/><W85/><G113/><T20/><D20/><U45/><E122/><V16/><F10/><W118/><G118/><T126/><D126/><U127/><E127/><V2/><F2/><W121/><G121/><T106/><D106/><U21/><E125/><V1/><F1/><W132/><G132/><T89/><D22/><U96/><E51/><V109/><F49/><W34/><G34/><T117/><D117/><U33/><E33/><V114/><F114/><W73/><G73/><T24/><D24/><RYUUKYOKU ba="0,0" sc="334,-10,294,30,215,-10,157,-10" hai1="14,19,21,41,45,50,76,83,87,88,92,95,96" /><INIT seed="3,1,0,1,5,39" ten="324,324,205,147" oya="3" hai0="92,106,50,84,93,51,32,49,120,3,4,20,34" hai1="7,24,82,130,52,132,42,83,68,21,124,109,64" hai2="78,99,57,56,60,105,10,37,101,6,81,40,123" hai3="43,30,125,75,115,76,116,16,98,38,11,104,90"/><W129/><G116/><T80/><D106/><U2/><E109/><V46/><F123/><W89/><G115/><T77/><D120/><U66/><E130/><V13/><REACH who="2" step="1"/><F60/><REACH who="2" ten="324,324,195,147" step="2"/><W47/><G129/><T23/><D34/><U121/><E121/><V0/><F0/><W88/><G125/><T114/><D32/><U31/><E2/><V95/><F95/><W48/><G38/><T26/><D93/><U134/><E124/><V45/><F45/><W53/><G30/><T113/><D92/><U103/><E31/><V62/><F62/><W133/><G133/><T122/><D3/><U117/><E134/><V110/><F110/><W33/><G33/><T22/><D122/><U44/><E44/><V112/><F112/><W58/><G104/><T15/><D114/><U94/><E94/><V59/><F59/><W128/><G128/><T119/><D113/><U97/><E132/><V65/><F65/><W14/><G98/><T35/><D35/><U55/><E66/><V100/><F100/><W19/><G19/><T9/><D119/><U111/><E64/><V17/><F17/><AGARI ba="1,1" hai="4,9,15,17,20,22,23,26,49,50,51,77,80,84" machi="17" ten="40,1300,0" yaku="8,1" doraHai="39" who="0" fromWho="2" sc="324,26,324,0,195,-16,147,0" /><INIT seed="4,0,0,3,5,26" ten="350,324,179,147" oya="0" hai0="9,25,45,134,31,106,4,7,117,103,104,83,79" hai1="24,113,20,81,8,70,5,6,15,128,132,86,123" hai2="124,95,43,39,57,54,60,133,30,119,94,37,34" hai3="91,116,3,33,1,21,108,40,102,32,122,49,76"/><T14/><D117/><U12/><E123/><V100/><F119/><W129/><G116/><T101/><D134/><U72/><E72/><V29/><F133/><W59/><G102/><T22/><D7/><U118/><E70/><V69/><F124/><W111/><G76/><T90/><D90/><U84/><E118/><V56/><F34/><W130/><G91/><T0/><D14/><U64/><E132/><V68/><F43/><W125/><G59/><T66/><D66/><U96/><E96/><V114/><F114/><W71/><G49/><T73/><REACH who="0" step="1"/><D45/><REACH who="0" ten="340,324,179,147" step="2"/><U110/><E64/><V13/><F13/><W36/><G122/><T35/><D35/><U11/><E15/><V44/><F44/><W38/><G125/><T16/><D16/><U105/><E12/><V85/><F100/><AGARI ba="0,1" hai="0,4,9,22,25,31,73,79,83,100,101,103,104,106" machi="100" ten="40,3900,0" yaku="1,1,52,1,53,0" doraHai="26" doraHaiUra="50" who="0" fromWho="2" sc="340,49,324,0,179,-39,147,0" /><INIT seed="4,1,0,1,0,82" ten="389,324,140,147" oya="0" hai0="32,35,109,78,34,48,106,93,57,36,90,80,91" hai1="95,74,103,123,14,17,18,37,0,135,111,45,77" hai2="49,125,63,117,79,73,46,16,3,102,53,83,1" hai3="121,131,124,54,9,92,24,75,52,42,25,113,58"/><T107/><D36/><U31/><E0/><V133/><F117/><W20/><G75/><T30/><D30/><U7/><E111/><V81/><F133/><W70/><G70/><T114/><D114/><U66/><E123/><V71/><F125/><W6/><G113/><T118/><D118/><U101/><E66/><V94/><F81/><W10/><G131/><T110/><D48/><U104/><E31/><V26/><F71/><W132/><G132/><T127/><D57/><U13/><E104/><V8/><F63/><W97/><G42/><T76/><D127/><U61/><E61/><V89/><F102/><W72/><G72/><T130/><D130/><U98/><E7/><V96/><REACH who="2" step="1"/><F8/><REACH who="2" ten="389,324,130,147" step="2"/><W43/><G10/><T40/><D80/><U87/><E103/><V22/><AGARI ba="1,1" hai="1,3,16,22,26,46,49,53,73,79,83,89,94,96" machi="22" ten="30,8000,1" yaku="1,1,2,1,0,1,54,1,53,1" doraHai="82" doraHaiUra="50" who="2" fromWho="2" sc="389,-41,324,-21,130,93,147,-21" /><INIT seed="5,0,0,4,1,66" ten="348,303,223,126" oya="1" hai0="78,32,14,44,47,124,36,98,23,130,105,81,76" hai1="73,94,20,52,51,104,9,43,100,42,108,89,127" hai2="55,131,38,113,80,25,59,35,31,128,34,22,79" hai3="46,41,117,50,132,119,96,15,61,110,101,49,29"/><U10/><E73/><V18/><F38/><W111/><G29/><T13/><D32/><U71/><E71/><V21/><F113/><W72/><G72/><T12/><D23/><U134/><E104/><V16/><F18/><W125/><G15/><T4/><D4/><U109/><E100/><V102/><F102/><W5/><G5/><T114/><D114/><U19/><E134/><V135/><F135/><W116/><G132/><T95/><D105/><U57/><E127/><V68/><F68/><W87/><G125/><T33/><D33/><U30/><E30/><V67/><F67/><W85/><G61/><T58/><D36/><U120/><E120/><V123/><F22/><W1/><G50/><T69/><D69/><U126/><E126/><V62/><F31/><W65/><G65/><T122/><D130/><N who="2" m="49706" /><F123/><W39/><G1/><T8/><D8/><U6/><E9/><V93/><F93/><W3/><G3/><T17/><D17/><U90/><E90/><V88/><F88/><W118/><N who="3" m="30208" /><DORA hai="82" /><W99/><G39/><T40/><D124/><U54/><E54/><V48/><F62/><W27/><G27/><T2/><D2/><U26/><E10/><V7/><F7/><W77/><G77/><T121/><D78/><U106/><E106/><V84/><AGARI ba="0,0" hai="16,21,25,34,35,48,55,59,79,80,84" m="49706" machi="84" ten="30,4000,0" yaku="19,1,52,1,54,1" doraHai="66,82" who="2" fromWho="2" sc="348,-10,303,-20,223,40,126,-10" /><INIT seed="6,0,0,0,0,49" ten="338,283,263,116" oya="2" hai0="19,115,57,124,15,129,2,12,65,59,6,36,100" hai1="27,93,39,132,23,97,13,79,119,68,78,104,103" hai2="94,38,113,114,47,87,8,85,89,116,71,69,88" hai3="17,53,92,122,51,34,84,64,4,56,91,31,134"/><V118/><F8/><W133/><G122/><T86/><D36/><U58/><E68/><V40/><F71/><W54/><G4/><T77/><D2/><U33/><E39/><V110/><F69/><W25/><G64/><T125/><D115/><N who="2" m="44042" /><F110/><W108/><G108/><T52/><D100/><U50/><E119/><V22/><F22/><W76/><G76/><T107/><D107/><U130/><E33/><V32/><F32/><W7/><G7/><T131/><D6/><U121/><E13/><N who="0" m="5193" /><D19/><U101/><E27/><V43/><F40/><W37/><G37/><T30/><D30/><U75/><E23/><V16/><F16/><W48/><REACH who="3" step="1"/><G17/><REACH who="3" ten="338,283,263,106" step="2"/><T80/><D65/><U62/><E79/><V63/><F63/><W18/><G18/><T102/><D77/><U24/><E78/><V106/><F106/><W127/><G127/><T42/><D125/><U60/><E104/><V112/><F112/><W9/><G9/><T120/><D124/><U5/><E62/><V73/><F73/><W41/><G41/><T45/><D42/><U123/><E75/><V44/><F116/><W99/><G99/><T90/><D120/><U74/><E60/><V35/><F118/><W109/><G109/><T55/><D131/><U95/><E74/><V10/><F10/><W1/><G1/><T72/><D129/><U14/><E130/><V96/><F96/><W126/><G126/><T0/><D0/><U70/><E123/><V111/><F111/><W82/><G82/><T46/><D80/><U26/><E121/><V117/><F117/><W20/><G20/><T3/><D72/><RYUUKYOKU ba="0,1" sc="338,-10,283,-10,263,-10,106,30" hai3="25,31,34,48,51,53,54,56,84,91,92,133,134" /><INIT seed="7,1,1,4,2,6" ten="328,273,253,136" oya="3" hai0="48,51,94,30,47,90,88,127,80,0,68,123,73" hai1="39,103,42,107,10,71,23,46,70,9,85,81,74" hai2="104,72,128,29,135,110,101,118,36,16,115,105,129" hai3="3,75,65,2,54,32,92,11,69,8,7,50,31"/><W4/><G75/><T96/><D123/><U19/><E74/><V82/><F110/><W102/><G69/><T64/><D0/><U125/><E71/><V97/><F118/><W40/><G65/><T116/><D116/><U134/><E70/><V1/><F1/><W113/><G113/><T5/><D5/><U18/><E18/><V14/><F135/><W84/><G40/><T55/><D127/><U83/><E125/><V112/><F36/><W67/><G67/><T95/><D30/><U76/><E134/><V132/><F29/><W109/><G109/><T38/><D38/><U15/><E83/><V63/><F63/><W35/><G31/><T108/><D108/><U93/><E107/><V13/><F13/><W121/><G121/><T57/><D68/><U52/><E52/><V106/><F132/><W91/><G102/><T44/><D80/><U120/><E120/><V78/><F16/><W100/><G100/><T60/><D73/><U117/><E117/><V99/><F14/><W126/><G126/><T25/><D25/><U33/><E33/><V53/><F53/><W24/><G24/><T43/><D95/><U62/><E62/><V79/><F79/><W28/><G28/><T66/><D90/><U114/><E114/><N who="2" m="43563" /><F101/><W124/><G124/><T61/><D61/><U56/><E56/><AGARI ba="1,1" hai="2,3,4,7,8,11,32,35,50,54,56,84,91,92" machi="56" ten="30,11600,0" yaku="7,1,9,1,52,2" doraHai="6" who="3" fromWho="1" sc="328,0,273,-119,253,0,136,129" /><INIT seed="7,2,0,3,2,22" ten="328,154,253,265" oya="3" hai0="28,55,129,123,40,118,45,122,73,94,44,66,32" hai1="33,99,17,77,83,57,16,29,104,18,131,127,82" hai2="132,34,106,97,42,95,41,63,50,1,58,4,101" hai3="81,126,31,134,116,76,19,24,70,88,79,62,6"/><W61/><G116/><T85/><D118/><U109/><E109/><V21/><F34/><W74/><G70/><T10/><D73/><U72/><E131/><V130/><F132/><W59/><G6/><T11/><D66/><U27/><E127/><V53/><F4/><W47/><G47/><T36/><D129/><U14/><E82/><V65/><F1/><W35/><G134/><T51/><D28/><U98/><E104/><V7/><F7/><W5/><G5/><T113/><D32/><U86/><E72/><V125/><F125/><W52/><G126/><T112/><D11/><U75/><E75/><V38/><F38/><W84/><G19/><T56/><D10/><U25/><E14/><V93/><F130/><W39/><G39/><T9/><D9/><U117/><E117/><V2/><F2/><W90/><G62/><T120/><D45/><U105/><E105/><V96/><F21/><W87/><G74/><T100/><D85/><U133/><E133/><V110/><F110/><W71/><G71/><T12/><D12/><U48/><REACH who="1" step="1"/><E27/><REACH who="1" ten="328,144,253,265" step="2"/><V0/><F0/><W67/><G67/><T119/><D119/><U46/><E46/><N who="2" m="27863" /><F106/><W128/><G128/><T64/><D120/><U107/><E107/><V135/><F135/><W91/><G79/><T108/><D123/><U124/><E124/><V115/><F93/><W68/><G76/><T8/><D94/><U30/><E30/><V103/><F95/><W102/><G81/><T92/><D92/><U23/><E23/><V20/><F20/><W26/><G31/><T78/><D122/><U111/><E111/><RYUUKYOKU ba="2,1" sc="328,-10,144,30,253,-10,265,-10" hai1="16,17,18,25,29,33,48,57,77,83,86,98,99" owari="328,43.0,174,-33.0,243,-16.0,255,6.0" /></mjloggm>