<mjloggm ver="2.3"><GO type="169" lobby="0"/><UN n0="%E3%82%88%E3%81%A4%E3%81%B0" n1="%E3%82%A6%E3%83%AB%E3%83%88%E3%83%A9%E7%AB%8B%E7%9B%B4" n2="%E7%8E%96%E7%91%9B" n3="%E3%81%B1%E3%81%BF%E3%82%85%E3%81%AE%E6%84%9A%E6%81%AF" dan="16,18,17,16" rate="2078.77,2198.92,2134.44,2038.57" sx="F,M,M,M"/><TAIKYOKU oya="0"/><INIT seed="0,0,0,5,1,45" ten="250,250,250,250" oya="0" hai0="111,69,8,27,50,63,57,33,68,82,46,106,7" hai1="105,55,114,29,19,95,54,122,51,49,129,67,65" hai2="71,28,13,41,6,48,47,131,119,127,86,35,102" hai3="24,30,113,12,39,87,85,0,60,61,103,40,107"/><T16/><D106/><U112/><E105/><V11/><F131/><W42/><G0/><T56/><D111/><U115/><E122/><V83/><F127/><W15/><G107/><T52/><D82/><U79/><E129/><V62/><F119/><W74/><G74/><T94/><D94/><U34/><E79/><V3/><F3/><W132/><G132/><T128/><D128/><U58/><E19/><V126/><F126/><W32/><G103/><T89/><D89/><U72/><E72/><V37/><F102/><W76/><G113/><T18/><D57/><N who="1" m="32975" /><E95/><V116/><F116/><W91/><G39/><T10/><D33/><U23/><E23/><V77/><F37/><W104/><G104/><T92/><D92/><U75/><E75/><V1/><F1/><W101/><G101/><T44/><D46/><U98/><E98/><V97/><F97/><W73/><G73/><T100/><D100/><U133/><E133/><V66/><F35/><W123/><G123/><T20/><D18/><U9/><E9/><V135/><F135/><W118/><G118/><T96/><D96/><U99/><E99/><V130/><F130/><W84/><G76/><T134/><D134/><U124/><E124/><V81/><F81/><W31/><G91/><T90/><D90/><U108/><E108/><V64/><F64/><W43/><G31/><AGARI ba="0,0" hai="6,11,13,28,31,41,47,48,62,66,71,77,83,86" machi="31" ten="40,5200,0" yaku="25,2,52,1" doraHai="45" who="2" fromWho="3" sc="250,0,250,0,250,52,250,-52" /><INIT seed="1,0,0,2,0,56" ten="250,250,302,198" oya="1" hai0="113,76,59,60,50,6,64,30,32,43,53,63,21" hai1="8,34,51,23,3,1,79,122,124,134,9,99,47" hai2="90,94,27,69,106,87,82,37,125,41,22,105,36" hai3="29,33,25,100,61,75,16,101,54,109,13,17,58"/><U115/><E115/><V10/><F125/><W91/><G75/><T24/><D113/><U133/><E34/><V44/><F37/><W74/><G109/><T48/><D76/><U118/><E118/><V62/><F10/><N who="1" m="4201" /><E122/><V11/><F11/><W93/><G74/><T112/><D112/><U83/><E99/><V5/><F5/><W0/><G0/><T114/><D114/><U120/><E120/><V78/><F69/><W128/><G128/><T20/><D6/><U68/><E68/><V35/><F35/><W89/><G89/><T57/><REACH who="0" step="1"/><D48/><REACH who="0" ten="240,250,302,198" step="2"/><U96/><E3/><V45/><F78/><W111/><G111/><T71/><D71/><U31/><E1/><V102/><F36/><W73/><G73/><T80/><D80/><U119/><E119/><V88/><F82/><W108/><G108/><T15/><D15/><U70/><E70/><V52/><F27/><W28/><G13/><T26/><D26/><N who="1" m="16863" /><E124/><V131/><F131/><W81/><G81/><T132/><D132/><U55/><E83/><V38/><F38/><W12/><G12/><T92/><D92/><U107/><E79/><V4/><F94/><W18/><REACH who="3" step="1"/><G29/><REACH who="3" ten="240,250,302,188" step="2"/><T129/><D129/><U104/><E134/><V117/><F117/><W97/><AGARI ba="0,2" hai="16,17,18,25,28,33,54,58,61,91,93,97,100,101" machi="97" ten="30,8000,1" yaku="1,1,2,1,0,1,52,1,54,1,53,0" doraHai="56" doraHaiUra="103" who="3" fromWho="3" sc="240,-20,250,-40,302,-20,188,100" /><INIT seed="2,0,0,0,3,30" ten="220,210,282,288" oya="2" hai0="74,31,126,99,16,76,109,44,65,33,123,12,69" hai1="53,119,82,103,112,92,75,91,7,127,83,80,54" hai2="56,101,50,2,23,45,62,79,132,128,95,28,66" hai3="77,5,104,47,122,124,9,46,51,115,117,96,84"/><V107/><F107/><W11/><G117/><T68/><D123/><U25/><E112/><V22/><F132/><W130/><G122/><T73/><D109/><U36/><E36/><V89/><F128/><W116/><G116/><T43/><D126/><U21/><E119/><V106/><F2/><W57/><G124/><T81/><D74/><U134/><E127/><V38/><F38/><W29/><G130/><T125/><D125/><U20/><E134/><V98/><F79/><W135/><G135/><T34/><D99/><U70/><E70/><V64/><F64/><W55/><G29/><T85/><D73/><U87/><E75/><V17/><F28/><W14/><G115/><T129/><D129/><U118/><E118/><V42/><F17/><W41/><G41/><T49/><D31/><N who="1" m="17831" /><E7/><V27/><F27/><W52/><G55/><N who="1" m="21002" /><E21/><V0/><F0/><W8/><G104/><T71/><REACH who="0" step="1"/><D65/><REACH who="0" ten="210,210,282,288" step="2"/><U3/><E3/><V15/><F66/><W37/><G96/><AGARI ba="0,1" hai="80,82,83,87,91,92,96,103" m="21002,17831" machi="96" ten="30,1000,0" yaku="8,1" doraHai="30" who="1" fromWho="3" sc="210,0,210,20,282,0,288,-10" /><INIT seed="3,0,0,3,2,78" ten="210,230,282,278" oya="3" hai0="69,98,25,132,71,97,13,102,77,72,8,47,93" hai1="76,34,5,4,33,3,53,82,56,86,23,41,22" hai2="92,38,2,74,63,114,68,26,55,62,125,91,105" hai3="14,35,39,65,61,18,122,112,42,128,70,11,64"/><W133/><G112/><T0/><D0/><U20/><E41/><V83/><F114/><W101/><G122/><T96/><D132/><U40/><E40/><V107/><F2/><W79/><G133/><T84/><D72/><U19/><E19/><V44/><F38/><W106/><G128/><T81/><D47/><U103/><E103/><V115/><F115/><W129/><G129/><T95/><D25/><U46/><E46/><V135/><F125/><W29/><G65/><T48/><D48/><U57/><E3/><V85/><F63/><W12/><G12/><T126/><D126/><U113/><E113/><V87/><F74/><W104/><G79/><T90/><REACH who="0" step="1"/><D96/><REACH who="0" ten="200,230,282,278" step="2"/><U66/><E34/><V10/><F26/><N who="3" m="18871" /><G39/><T6/><AGARI ba="0,1" hai="6,8,13,69,71,77,81,84,90,93,95,97,98,102" machi="6" ten="20,8000,1" yaku="1,1,0,1,7,1,52,1,53,1" doraHai="78" doraHaiUra="73" who="0" fromWho="0" sc="200,90,230,-20,282,-20,278,-40" /><INIT seed="4,0,0,0,4,37" ten="290,210,262,238" oya="0" hai0="29,57,68,96,98,22,122,103,34,0,39,61,107" hai1="9,86,74,64,110,104,10,7,114,133,121,5,56" hai2="132,94,130,54,79,4,134,124,13,25,12,63,90" hai3="82,115,72,77,36,95,97,73,118,119,69,23,31"/><T1/><D122/><U76/><E121/><V128/><F25/><W91/><G69/><T93/><D39/><U127/><E110/><V108/><F63/><W35/><G35/><T59/><D57/><U89/><E104/><V84/><F54/><W48/><G48/><T60/><D60/><U112/><E74/><V126/><F4/><W14/><G36/><T24/><D22/><U88/><E127/><N who="2" m="48683" /><F79/><W15/><G115/><N who="1" m="44074" /><E133/><N who="2" m="51307" /><F108/><W131/><G31/><T27/><D27/><U87/><E56/><V28/><F28/><W70/><G72/><T6/><D6/><N who="1" m="2059" /><E76/><V32/><F32/><W51/><G77/><T81/><D68/><U67/><E67/><V135/><F135/><W102/><G73/><T3/><D81/><N who="1" m="49231" /><E64/><V53/><F53/><W92/><G70/><T83/><D83/><AGARI ba="0,0" hai="9,10,83,87,89" m="49231,2059,44074" machi="83" ten="30,3900,0" yaku="15,1,11,1,54,1" doraHai="37" who="1" fromWho="0" sc="290,-39,210,39,262,0,238,0" /><INIT seed="5,0,0,2,4,33" ten="251,249,262,238" oya="1" hai0="18,57,17,46,42,108,32,30,133,80,61,92,15" hai1="11,122,91,39,37,26,117,53,1,19,58,44,49" hai2="98,31,66,21,12,102,6,14,40,16,96,89,87" hai3="41,134,120,50,85,125,56,127,25,95,115,71,130"/><U27/><E117/><V70/><F40/><W52/><G120/><T45/><D108/><U20/><E122/><V105/><F31/><W118/><G118/><T9/><D133/><U83/><E27/><V43/><F43/><W29/><G134/><T72/><D92/><U86/><REACH who="1" step="1"/><E44/><REACH who="1" ten="251,239,262,238" step="2"/><V34/><F34/><W75/><G25/><T4/><D45/><U100/><E100/><V51/><F102/><W116/><G116/><T101/><D101/><U135/><E135/><V59/><F105/><W107/><G107/><T13/><D32/><U0/><E0/><V36/><F14/><W74/><G125/><T63/><D15/><U10/><E10/><V97/><F12/><W60/><G127/><T35/><D35/><U54/><E54/><V93/><F66/><W132/><G52/><T55/><D46/><U7/><AGARI ba="0,1" hai="1,7,11,19,20,26,37,39,49,53,58,83,86,91" machi="7" ten="30,12000,1" yaku="1,1,0,1,52,1,53,2" doraHai="33" doraHaiUra="68" who="1" fromWho="1" sc="251,-40,239,130,262,-40,238,-40" /><INIT seed="5,1,0,2,5,135" ten="211,369,222,198" oya="1" hai0="11,84,17,62,44,0,67,107,101,24,76,128,103" hai1="49,64,133,48,130,56,27,33,104,43,13,19,9" hai2="30,54,16,83,115,1,68,91,58,10,123,55,51" hai3="98,26,29,93,119,75,112,94,2,57,108,40,32"/><U66/><E104/><V59/><F123/><W25/><G108/><T92/><D128/><U22/><E133/><V124/><F68/><W46/><G112/><T60/><D107/><U85/><E33/><V125/><F115/><W114/><G114/><T18/><D44/><U35/><E35/><V28/><F83/><W37/><G75/><T111/><D111/><U70/><E70/><V4/><F91/><W97/><G2/><T52/><D0/><U109/><E130/><V129/><F16/><N who="0" m="6250" /><D24/><U5/><E109/><V63/><REACH who="2" step="1"/><F129/><REACH who="2" ten="211,369,212,198" step="2"/><W87/><G29/><AGARI ba="1,1" hai="1,4,10,28,29,30,51,54,55,58,59,63,124,125" machi="29" ten="40,8000,1" yaku="1,1,2,1,52,2,53,0" doraHai="135" doraHaiUra="126" who="2" fromWho="3" sc="211,0,369,0,212,93,198,-83" /><INIT seed="6,0,0,3,0,103" ten="211,369,305,115" oya="2" hai0="98,68,25,90,128,26,7,32,5,108,52,88,48" hai1="93,3,33,132,96,105,62,113,99,66,75,47,58" hai2="77,22,111,46,120,0,92,11,59,20,61,79,2" hai3="65,117,73,130,97,41,91,44,27,134,84,106,122"/><V34/><F34/><W56/><G117/><T118/><D108/><U17/><E75/><V31/><F120/><W8/><G122/><T83/><D68/><U1/><E33/><V80/><F111/><W43/><G73/><T133/><D118/><U9/><E113/><V55/><F79/><W38/><G134/><T28/><D133/><U107/><E132/><V24/><F11/><W115/><G130/><T12/><D128/><U16/><E47/><V50/><F92/><W85/><G43/><T21/><D12/><U119/><E119/><V10/><F22/><W126/><G126/><T36/><D36/><U45/><E45/><V127/><F10/><W39/><G39/><T6/><D98/><U78/><E78/><V69/><F69/><W63/><G115/><T19/><REACH who="0" step="1"/><D83/><REACH who="0" ten="201,369,305,115" step="2"/><U18/><E99/><V109/><F109/><W89/><G97/><T121/><D121/><U114/><E114/><V30/><F127/><W14/><G27/><T13/><D13/><U70/><E70/><V71/><F71/><W87/><REACH who="3" step="1"/><G106/><REACH who="3" ten="201,369,305,105" step="2"/><T81/><D81/><U74/><E105/><V94/><F94/><W102/><G102/><T64/><D64/><U37/><E93/><V42/><F80/><W51/><G51/><T123/><D123/><U54/><E66/><V100/><F100/><W124/><G124/><T60/><D60/><U76/><E107/><V29/><F77/><W135/><G135/><T72/><D72/><U49/><E74/><V15/><F15/><W125/><G125/><T101/><D101/><U4/><E76/><V40/><F40/><W86/><G86/><RYUUKYOKU ba="0,2" sc="201,10,369,-30,305,10,105,10" hai0="5,6,7,19,21,25,26,28,32,48,52,88,90" hai2="0,2,20,24,29,30,31,42,46,50,55,59,61" hai3="8,14,38,41,44,56,63,65,84,85,87,89,91" /><INIT seed="6,1,2,2,4,108" ten="211,339,315,115" oya="2" hai0="66,126,22,123,40,94,56,122,57,49,70,69,53" hai1="89,107,10,86,67,120,3,72,97,106,59,24,110" hai2="76,58,68,16,118,32,36,98,134,62,79,112,33" hai3="21,28,91,124,46,27,85,114,75,125,93,115,117"/><V18/><F68/><N who="0" m="26218" /><D22/><U45/><E72/><V14/><F118/><W19/><G117/><T102/><D102/><U38/><E59/><V130/><F36/><W100/><G75/><T41/><D94/><U82/><E45/><V48/><F48/><W104/><G46/><T0/><D0/><U7/><E67/><V60/><F60/><W39/><G39/><T119/><D119/><U131/><E38/><V34/><F134/><W35/><G100/><T42/><D126/><N who="3" m="48745" /><G104/><T109/><D109/><U83/><E3/><V17/><F98/><W90/><G90/><T55/><D66/><U5/><E89/><V64/><F14/><AGARI ba="1,2" hai="14,19,21,27,28,35,85,91,93,114,115" m="48745" machi="14" ten="30,3900,0" yaku="18,1,52,2" doraHai="108" who="3" fromWho="2" sc="211,0,339,0,315,-42,115,62" /><INIT seed="7,0,0,1,5,15" ten="211,339,273,177" oya="3" hai0="48,126,80,63,43,46,18,112,3,115,54,127,104" hai1="20,53,9,16,65,131,62,85,19,17,59,34,107" hai2="117,82,110,123,98,4,14,55,68,40,28,79,45" hai3="27,7,67,39,31,11,41,73,24,77,128,64,125"/><W95/><G128/><T133/><D104/><U135/><E34/><V102/><F110/><W58/><G125/><N who="0" m="47627" /><D3/><U49/><E107/><V44/><F117/><W74/><G95/><T121/><D121/><U88/><E135/><V76/><F123/><W122/><G122/><T118/><D118/><U57/><E9/><V75/><F76/><W113/><G113/><N who="0" m="43595" /><D80/><N who="1" m="49191" /><E131/><V100/><F82/><W30/><G41/><T35/><D35/><U103/><E103/><V109/><F40/><W132/><G132/><T134/><D18/><U87/><E87/><V0/><F0/><W90/><G90/><T38/><D63/><U60/><E60/><V32/><F32/><W23/><G77/><T61/><D61/><U56/><E56/><AGARI ba="0,0" hai="38,43,46,48,54,56,133,134" m="43595,47627" machi="56" ten="30,8000,1" yaku="18,1,15,1,11,1,34,2" doraHai="15" who="0" fromWho="1" sc="211,80,339,-80,273,0,177,0" /><INIT seed="8,0,0,5,5,34" ten="291,259,273,177" oya="0" hai0="46,83,96,2,123,61,0,132,25,115,8,28,118" hai1="128,109,52,22,85,67,38,35,124,50,3,23,75" hai2="10,20,125,66,86,58,130,94,91,51,74,69,64" hai3="44,105,87,116,114,117,129,72,49,60,135,40,39"/><T92/><D115/><U133/><E75/><V103/><F69/><W104/><G72/><T98/><D123/><U119/><E38/><V120/><F120/><W65/><G114/><T101/><D118/><U41/><E109/><V6/><F74/><W13/><G135/><T80/><D132/><U17/><E35/><V19/><F130/><W47/><G129/><T102/><D46/><U55/><E3/><V43/><F125/><W29/><G29/><T89/><D61/><U53/><E133/><V90/><F103/><W76/><G13/><T15/><D89/><U107/><E107/><V12/><F90/><W54/><G76/><T59/><D59/><U57/><E128/><V7/><F43/><W31/><G31/><T78/><D78/><U48/><E124/><V81/><F81/><W79/><G79/><T24/><D24/><U110/><E110/><V36/><F7/><W32/><G32/><T88/><D101/><U77/><E119/><V73/><F36/><W9/><G9/><T111/><D111/><U5/><E5/><V70/><F70/><W97/><G87/><T82/><D28/><U112/><E112/><V37/><F37/><W99/><G105/><T100/><D100/><U27/><E23/><V56/><F56/><N who="3" m="36999" /><G104/><N who="0" m="63559" /><D25/><U62/><REACH who="1" step="1"/><E41/><REACH who="1" ten="291,249,273,177" step="2"/><V33/><F33/><W84/><G117/><T42/><D42/><U4/><E4/><V45/><F73/><W26/><G116/><T127/><D127/><U106/><E106/><V30/><F6/><W18/><G40/><T121/><D121/><U108/><E108/><V122/><F122/><W11/><G39/><RYUUKYOKU ba="0,1" sc="291,15,249,15,273,-15,177,-15" hai0="0,2,8,15,80,82,83,88,92,98" hai1="17,22,27,48,50,52,53,55,57,62,67,77,85" owari="316,42.0,264,6.0,258,-14.0,162,-34.0" /></mjloggm>