<mjloggm ver="2.3"><GO type="169" lobby="0"/><UN n0="%57%61%72%61%5E%2F%5E" n1="%E5%B0%B1%E6%B4%BB%E7%94%9F%40%E5%B7%9D%E6%9D%91%E8%BB%8D%E5%9B%A3" n2="%41%55%47%55%52%49" n3="%E3%82%BF%E3%82%AD%E3%82%AA%E3%83%B3" dan="16,19,16,16" rate="2068.09,2353.25,2029.14,2084.77" sx="F,M,M,M"/><TAIKYOKU oya="0"/><INIT seed="0,0,0,1,0,14" ten="250,250,250,250" oya="0" hai0="116,84,135,33,77,58,48,37,121,87,59,122,32" hai1="128,66,50,24,99,52,3,129,68,17,25,29,126" hai2="115,127,34,125,39,110,90,106,67,16,108,80,94" hai3="4,112,111,51,79,96,98,95,103,97,133,113,130"/><T131/><D37/><U31/><E3/><V75/><F34/><N who="0" m="13418" /><D48/><U88/><E68/><V102/><F115/><N who="3" m="44107" /><G51/><T81/><D81/><U101/><E66/><V45/><F67/><W124/><G4/><T41/><D41/><U55/><E126/><N who="2" m="48139" /><F106/><N who="3" m="63847" /><G124/><T114/><D114/><U5/><E5/><V30/><F102/><N who="3" m="60735" /><G111/><T61/><D61/><U9/><E101/><V69/><F30/><N who="1" m="11273" /><E129/><V72/><F69/><W123/><G130/><T82/><D131/><U2/><E2/><V26/><F39/><W83/><G133/><T22/><D135/><U13/><E128/><V70/><F70/><W118/><G98/><T54/><D54/><N who="1" m="20523" /><E50/><V19/><F26/><W64/><G64/><T109/><D109/><N who="2" m="42090" /><F45/><W28/><G28/><T117/><D59/><U93/><AGARI ba="0,0" hai="9,13,17,24,25,88,93,99" m="20523,11273" machi="93" ten="30,7900,0" yaku="8,1,52,1,54,2" doraHai="14" who="1" fromWho="1" sc="250,-39,250,79,250,-20,250,-20" /><INIT seed="1,0,0,0,5,70" ten="211,329,230,230" oya="1" hai0="99,83,18,114,117,12,45,67,9,6,124,60,89" hai1="97,7,111,81,40,126,113,52,29,62,87,77,96" hai2="36,26,68,43,10,56,122,27,106,22,73,55,78" hai3="49,41,11,5,128,34,88,79,116,21,44,130,50"/><U104/><E113/><V107/><F122/><W71/><G34/><T63/><D114/><U65/><E126/><V48/><F68/><W92/><G71/><T125/><D117/><U95/><E104/><V93/><F27/><W47/><G21/><T2/><D45/><U76/><E76/><V20/><F20/><W118/><G79/><T91/><D99/><U30/><E40/><V135/><F135/><W133/><G133/><T46/><D46/><U121/><E121/><V32/><F32/><W132/><G132/><T86/><D91/><U85/><E7/><V134/><F134/><W109/><G109/><T37/><D37/><U61/><E111/><V16/><F93/><W54/><G11/><T101/><D101/><U123/><E123/><V69/><F69/><W3/><G5/><T0/><D0/><U28/><E65/><V112/><F112/><W23/><G23/><N who="0" m="11719" /><D67/><U105/><E105/><V131/><F131/><N who="3" m="50219" /><G3/><T59/><D59/><N who="1" m="35047" /><E62/><V66/><F10/><W25/><G25/><T108/><D108/><U51/><E51/><V100/><F66/><W90/><G90/><AGARI ba="0,0" hai="28,29,30,77,81,85,87,90,95,96,97" m="35047" machi="90" ten="30,2900,0" yaku="8,1,54,1" doraHai="70" who="1" fromWho="3" sc="211,0,329,29,230,0,230,-29" /><INIT seed="1,1,0,4,4,125" ten="211,358,230,201" oya="1" hai0="10,85,7,134,88,103,104,76,6,40,129,111,26" hai1="27,46,59,54,61,64,120,30,107,132,67,131,34" hai2="41,21,35,124,56,13,115,4,100,2,92,133,37" hai3="135,77,95,29,3,128,89,39,48,112,66,72,110"/><U106/><E120/><V14/><F2/><W75/><G39/><T96/><D111/><U74/><E74/><V68/><F68/><W73/><G112/><T87/><D129/><U15/><E132/><V71/><F71/><W94/><G3/><T55/><D134/><U81/><E131/><V105/><F105/><W50/><G135/><T1/><D40/><U12/><E12/><V17/><F124/><W5/><G128/><T114/><D114/><U62/><E81/><V79/><F35/><W49/><G5/><T65/><D65/><U91/><E91/><V63/><F79/><W122/><G122/><T38/><D38/><U9/><E64/><V0/><F0/><W31/><G110/><T32/><D6/><U99/><E99/><N who="2" m="59495" /><F37/><W84/><G77/><T118/><D76/><U57/><REACH who="1" step="1"/><E46/><REACH who="1" ten="211,348,230,201" step="2"/><V93/><F14/><W98/><REACH who="3" step="1"/><G66/><REACH who="3" ten="211,348,230,191" step="2"/><T51/><D1/><U25/><E25/><V47/><F115/><W82/><G82/><T101/><D26/><U43/><E43/><V127/><F41/><W117/><G117/><T18/><D118/><U28/><E28/><V19/><F133/><W20/><G20/><T130/><D130/><U90/><E90/><AGARI ba="1,2" hai="29,31,48,49,50,72,73,75,84,89,90,94,95,98" machi="90" ten="50,1600,0" yaku="1,1,53,0" doraHai="125" doraHaiUra="42" who="3" fromWho="1" sc="211,0,348,-19,230,0,191,39" /><INIT seed="2,0,0,3,3,127" ten="211,329,230,230" oya="2" hai0="0,123,128,69,116,119,91,64,131,100,103,10,112" hai1="34,60,67,52,44,124,101,63,97,90,80,110,22" hai2="118,36,125,49,86,41,56,93,7,32,79,50,99" hai3="39,72,25,40,12,3,117,77,61,85,133,14,19"/><V120/><F120/><W122/><G122/><T102/><D112/><U58/><E34/><V9/><F118/><N who="0" m="45098" /><D123/><U18/><E124/><V45/><F125/><W26/><G117/><T70/><D91/><U55/><E110/><V115/><F115/><W47/><G3/><T108/><D108/><U30/><E30/><V84/><F32/><W23/><G72/><T92/><D92/><N who="1" m="58535" /><E44/><V129/><F129/><N who="0" m="49738" /><D64/><U28/><E28/><V109/><F109/><W107/><G107/><T57/><D57/><N who="1" m="37263" /><E90/><V38/><F79/><W35/><G77/><T16/><D0/><U106/><E106/><V98/><F98/><W105/><G105/><T48/><D48/><U4/><E80/><V62/><F50/><W29/><G133/><T114/><D114/><U78/><E78/><V65/><F84/><W71/><G85/><T5/><D5/><U15/><E4/><V111/><F86/><W51/><G51/><T68/><D68/><U113/><E113/><V88/><REACH who="2" step="1"/><F111/><REACH who="2" ten="211,329,220,230" step="2"/><W134/><G134/><T126/><D126/><U54/><AGARI ba="0,1" hai="15,18,22,52,54,55,58,63" m="37263,58535" machi="54" ten="30,2000,0" yaku="8,1,54,1" doraHai="127" who="1" fromWho="1" sc="211,-5,329,30,220,-10,230,-5" /><INIT seed="3,0,0,4,5,67" ten="206,359,210,225" oya="3" hai0="53,20,66,89,15,1,50,80,46,21,43,118,79" hai1="99,104,101,29,6,61,90,3,94,125,124,23,126" hai2="109,10,116,68,16,34,82,37,25,9,14,129,112" hai3="100,85,26,130,4,98,52,13,30,92,11,7,57"/><W122/><G122/><T110/><D1/><U38/><E38/><V55/><F37/><W41/><G130/><T72/><D118/><U56/><E3/><V2/><F116/><W24/><G41/><T78/><D110/><U33/><E6/><N who="3" m="2090" /><G85/><T42/><D78/><U134/><E134/><V65/><F112/><W115/><G30/><T17/><D66/><N who="1" m="39207" /><E33/><V40/><F40/><W105/><G105/><T35/><D35/><U5/><E5/><V123/><F2/><W97/><G97/><T54/><D89/><U51/><E51/><V12/><F109/><W102/><G102/><T47/><REACH who="0" step="1"/><D21/><REACH who="0" ten="196,359,210,225" step="2"/><U48/><E90/><V0/><F0/><W132/><G115/><T22/><D22/><U128/><E23/><V133/><F34/><W77/><G77/><T121/><D121/><U87/><E125/><V131/><F123/><W107/><G132/><T32/><D32/><U96/><E126/><V49/><F133/><W36/><G100/><T103/><D103/><U75/><E101/><V117/><F117/><W113/><G113/><T127/><D127/><U114/><E104/><V64/><F131/><W45/><G107/><T135/><D135/><U91/><E124/><V81/><F129/><W73/><G73/><T27/><D27/><U71/><E128/><V60/><F25/><W119/><G26/><T28/><D28/><U44/><E29/><V120/><F65/><W70/><G24/><T86/><D86/><U59/><E75/><V18/><F120/><W31/><G31/><T84/><D84/><U111/><E111/><V58/><AGARI ba="0,1" hai="9,10,12,14,16,18,49,55,58,60,64,68,81,82" machi="58" ten="20,8000,1" yaku="0,1,7,1,9,1,52,1,54,1" doraHai="67" who="2" fromWho="2" sc="196,-20,359,-20,210,90,225,-40" /><INIT seed="4,0,0,3,3,103" ten="176,339,300,185" oya="0" hai0="62,84,105,104,37,59,135,74,65,82,67,83,33" hai1="130,126,70,123,78,4,46,31,134,121,94,107,6" hai2="10,19,50,108,52,18,16,71,55,77,26,100,44" hai3="58,56,8,119,72,13,85,15,93,11,23,35,24"/><T110/><D37/><U0/><E70/><V73/><F108/><W3/><G72/><T17/><D33/><U131/><E107/><V75/><F71/><W129/><G3/><T28/><D28/><U125/><E78/><V68/><F68/><W113/><G35/><T29/><D29/><U27/><E94/><V25/><F75/><W97/><G119/><T95/><D74/><U98/><E98/><V39/><F39/><W81/><G113/><T79/><D110/><U40/><E46/><V96/><F10/><N who="3" m="3627" /><G129/><N who="1" m="49162" /><E40/><V60/><F77/><N who="3" m="46255" /><G58/><T90/><D135/><U132/><E0/><V118/><F73/><W22/><G56/><T66/><D17/><U48/><E48/><V54/><F118/><W111/><G111/><T92/><D82/><U38/><E38/><V45/><F45/><W133/><G133/><N who="1" m="51306" /><E6/><V7/><F7/><W127/><G93/><T21/><D95/><U43/><E43/><N who="2" m="24863" /><F60/><W89/><G97/><T128/><D128/><U1/><E1/><V122/><F96/><W80/><G80/><T5/><D5/><U9/><E9/><V102/><F102/><W63/><G63/><T88/><D79/><U49/><E49/><V57/><F100/><W120/><G89/><T101/><D101/><U115/><E4/><V12/><F57/><W32/><G120/><N who="1" m="46154" /><E115/><V14/><F122/><W112/><G112/><T124/><D105/><U114/><E114/><V109/><F109/><W91/><G91/><T87/><D104/><U106/><E106/><V61/><F61/><W30/><G127/><T51/><D124/><U69/><E69/><V41/><F41/><RYUUKYOKU ba="0,0" sc="176,-30,339,10,300,10,185,10" hai1="27,31,125,126" hai2="12,14,16,18,19,25,26,52,54,55" hai3="13,15,22,23,24,30,32" /><INIT seed="5,1,0,2,5,31" ten="146,349,310,195" oya="1" hai0="19,6,44,104,106,118,92,13,83,64,55,123,117" hai1="112,80,26,99,87,66,134,88,46,98,50,20,77" hai2="48,73,124,119,120,76,127,41,102,60,105,22,39" hai3="11,81,97,72,25,125,115,132,24,85,74,33,126"/><U59/><E112/><V133/><F119/><W113/><G132/><T54/><D92/><U21/><E134/><V12/><F133/><W95/><G11/><N who="0" m="6591" /><D54/><U30/><E77/><V47/><F120/><W57/><G57/><T7/><D64/><U10/><E10/><V89/><F89/><N who="3" m="51375" /><G24/><T114/><D114/><N who="3" m="43529" /><G25/><T116/><D123/><U35/><E21/><V56/><F48/><W70/><G70/><T37/><D37/><U14/><E14/><V51/><F51/><W75/><G33/><T86/><D106/><U27/><E59/><V40/><F40/><W18/><G18/><T131/><D104/><U79/><E66/><V38/><F38/><W96/><G96/><T62/><D62/><U101/><E101/><AGARI ba="1,0" hai="72,74,75,95,97,101,125,126" m="43529,51375" machi="101" ten="40,5200,0" yaku="15,1,34,2" doraHai="31" who="3" fromWho="1" sc="146,0,349,-55,310,0,195,55" /><INIT seed="6,0,0,2,1,109" ten="146,294,310,250" oya="2" hai0="69,23,102,126,8,78,21,98,39,110,49,77,37" hai1="64,84,70,122,130,19,90,88,48,68,52,133,47" hai2="61,60,96,54,105,135,107,128,12,16,67,73,79" hai3="15,55,44,1,51,116,42,4,103,104,36,81,101"/><V71/><F128/><W106/><G116/><T91/><D110/><U62/><E130/><V3/><F3/><W94/><G1/><T34/><D126/><U75/><E75/><V63/><F135/><W76/><G4/><T20/><D34/><U134/><E122/><V115/><F115/><W43/><G15/><T9/><D69/><U97/><E70/><V117/><F117/><W30/><G30/><T114/><D37/><U10/><E97/><V24/><F79/><W131/><G131/><T58/><D39/><U83/><E90/><V38/><F38/><W57/><G43/><T132/><D132/><U89/><E89/><V82/><F82/><W118/><G118/><T95/><D114/><U80/><E80/><V14/><F73/><W120/><G120/><T46/><D58/><U35/><E35/><V5/><F5/><W65/><G65/><T87/><D77/><U45/><E45/><V123/><F123/><W41/><G41/><T17/><D78/><U92/><E92/><V129/><F129/><W53/><G53/><T40/><REACH who="0" step="1"/><D17/><REACH who="0" ten="136,294,310,250" step="2"/><U31/><E31/><V124/><F124/><W7/><G76/><T32/><D32/><U86/><E133/><V28/><F28/><W112/><G112/><T108/><D108/><U22/><E134/><V111/><F111/><W59/><G57/><T2/><D2/><U66/><E68/><V26/><F71/><W93/><G59/><T99/><D99/><U121/><E121/><V11/><F96/><W18/><G18/><T72/><D72/><U125/><E125/><V27/><F16/><W6/><G36/><RYUUKYOKU ba="0,1" sc="136,30,294,-10,310,-10,250,-10" hai0="8,9,20,21,23,40,46,49,87,91,95,98,102" /><INIT seed="7,1,1,1,1,68" ten="166,284,300,240" oya="3" hai0="107,75,19,73,41,101,29,131,58,26,66,4,105" hai1="79,84,16,38,13,59,114,85,128,22,11,27,2" hai2="92,61,37,106,43,6,119,33,129,123,65,88,14" hai3="109,113,44,56,51,36,78,80,23,50,112,122,8"/><W82/><G122/><T71/><D131/><U108/><E38/><V15/><F119/><W28/><G109/><T0/><D58/><U54/><E108/><V97/><F129/><W31/><G8/><T110/><D110/><U86/><E2/><V34/><F106/><W111/><G111/><T134/><D134/><U10/><E114/><V99/><F123/><W64/><G23/><T102/><D19/><N who="1" m="12767" /><E128/><V63/><F6/><W91/><G56/><T76/><D76/><U7/><E79/><V55/><F55/><W103/><G78/><T17/><D17/><U1/><E1/><V69/><F37/><W94/><G103/><T3/><D41/><U127/><E127/><V52/><F43/><W87/><G64/><T126/><D4/><U96/><E96/><V132/><F132/><W135/><G135/><T117/><D66/><U18/><E11/><V115/><F115/><N who="3" m="44107" /><G36/><T30/><D126/><U120/><E120/><V48/><F99/><W35/><G51/><AGARI ba="1,1" hai="7,10,13,16,18,51,54,59,84,85,86" m="12767" machi="51" ten="30,2000,0" yaku="8,1,54,1" doraHai="68" who="1" fromWho="3" sc="166,0,284,33,300,0,240,-23" owari="166,-33.0,317,41.0,300,10.0,217,-18.0" /></mjloggm>