<mjloggm ver="2.3"><GO type="169" lobby="0"/><UN n0="%E6%84%9B%E5%86%85%E9%87%8C%E8%8F%9C" n1="%30%E3%81%8F%E3%83%BC%E3%81%AB%E3%82%83%E3%82%93%30" n2="%E2%80%A0%58%54%45%4E%44%E2%80%A0" n3="%E5%B0%B1%E6%B4%BB%E7%94%9F%40%E5%B7%9D%E6%9D%91%E8%BB%8D%E5%9B%A3" dan="16,16,17,19" rate="2096.71,2087.51,2203.13,2334.15" sx="M,F,F,M"/><TAIKYOKU oya="0"/><INIT seed="0,0,0,5,5,94" ten="250,250,250,250" oya="0" hai0="86,33,96,10,117,14,53,61,34,45,121,81,102" hai1="4,123,18,71,5,31,36,118,32,29,27,2,13" hai2="8,59,17,49,135,111,38,105,46,103,101,134,104" hai3="129,84,20,1,107,56,132,115,112,21,89,131,51"/><T114/><D114/><U9/><E71/><V77/><F38/><W75/><G1/><T60/><D117/><U73/><E73/><V91/><F111/><W133/><G75/><T7/><D121/><U42/><E42/><V110/><F110/><W63/><G107/><T11/><D11/><N who="1" m="2455" /><E36/><V85/><F77/><W37/><G37/><T88/><D61/><U26/><E123/><V87/><F59/><W93/><G51/><T69/><D45/><U124/><E124/><V12/><F105/><W65/><G115/><T35/><D53/><U79/><E79/><V108/><F108/><W126/><G112/><T47/><D47/><U24/><E118/><V0/><F0/><W16/><G126/><T98/><REACH who="0" step="1"/><D102/><REACH who="0" ten="240,250,250,250" step="2"/><U28/><E32/><V50/><F101/><W23/><REACH who="3" step="1"/><G16/><AGARI ba="0,1" hai="5,9,13,16,18,24,26,27,28,29,31" m="2455" machi="16" ten="30,12000,2" yaku="35,5,54,1" doraHai="94" who="1" fromWho="3" sc="240,0,250,130,250,0,250,-120" /><INIT seed="1,0,0,2,2,94" ten="240,380,250,130" oya="1" hai0="68,128,35,20,39,88,17,15,83,118,25,71,74" hai1="19,96,125,103,61,48,120,60,64,50,9,58,54" hai2="113,106,107,46,37,76,18,32,98,12,133,129,36" hai3="117,122,87,24,90,31,72,0,123,132,95,100,135"/><U92/><E125/><V110/><F32/><W26/><G0/><T45/><D118/><U93/><E120/><N who="3" m="46122" /><G31/><T114/><D114/><U57/><E9/><V13/><F113/><W14/><G14/><T84/><D74/><U42/><E19/><V102/><F12/><W40/><G40/><T101/><D128/><U5/><E5/><V127/><F129/><W97/><G26/><T10/><D35/><U44/><E92/><V79/><F127/><W86/><G24/><T134/><D134/><N who="3" m="51241" /><G117/><T4/><D101/><U53/><REACH who="1" step="1"/><E64/><REACH who="1" ten="240,370,250,130" step="2"/><V11/><F133/><W1/><G1/><T119/><D119/><U130/><E130/><V131/><F131/><W80/><G87/><T121/><D121/><U81/><E81/><V49/><F18/><W29/><G29/><T69/><D4/><U108/><E108/><V56/><F110/><W34/><G34/><T7/><D7/><U33/><E33/><V75/><F11/><W91/><G72/><T27/><D10/><U126/><E126/><V124/><F75/><W73/><G73/><T104/><D17/><U47/><E47/><V8/><F46/><W112/><G112/><T109/><D109/><U65/><E65/><V63/><F124/><W41/><G41/><T78/><D45/><U116/><E116/><V23/><F8/><W89/><AGARI ba="0,1" hai="80,86,89,90,91,95,97,100" m="51241,46122" machi="89" ten="40,8000,1" yaku="20,1,34,2,52,1" doraHai="94" who="3" fromWho="3" sc="240,-20,370,-40,250,-20,130,90" /><INIT seed="2,0,0,0,5,81" ten="220,330,230,220" oya="2" hai0="6,109,1,102,116,16,15,93,117,40,78,110,28" hai1="121,12,127,135,50,9,98,41,101,10,115,89,73" hai2="113,72,4,90,118,33,30,2,130,27,42,119,88" hai3="71,31,85,80,107,35,29,120,52,82,24,112,17"/><V100/><F113/><W124/><G71/><T79/><D28/><U0/><E115/><V60/><F72/><W134/><G120/><T97/><D40/><U21/><E73/><V34/><F130/><W67/><G107/><T74/><D6/><U13/><E135/><V49/><F34/><W75/><G67/><T122/><D1/><U76/><E76/><N who="0" m="29225" /><D74/><U87/><E127/><V46/><F100/><W53/><G75/><T69/><D69/><U131/><E0/><V99/><F60/><W56/><G112/><T96/><D96/><U128/><E41/><V125/><F125/><W20/><G134/><T44/><D44/><U61/><E50/><V114/><F114/><W103/><G103/><T32/><D32/><U92/><E61/><V133/><F133/><W7/><G7/><T45/><D45/><U38/><E38/><V108/><F108/><N who="0" m="41578" /><D122/><U63/><E63/><V104/><F4/><W59/><G124/><T66/><D66/><U105/><E121/><V51/><F2/><W54/><G31/><T91/><D102/><U25/><E12/><V22/><F33/><W126/><G126/><T18/><D18/><N who="1" m="12471" /><E13/><V19/><F30/><W26/><G56/><T23/><AGARI ba="0,0" hai="15,16,23,91,93,97,116,117" m="41578,29225" machi="23" ten="30,2000,0" yaku="14,1,54,1" doraHai="81" who="0" fromWho="0" sc="220,20,330,-5,230,-10,220,-5" /><INIT seed="3,0,0,0,5,18" ten="240,325,220,215" oya="3" hai0="84,6,87,44,47,43,54,118,63,77,52,82,91" hai1="41,30,55,89,130,25,11,16,5,56,46,53,126" hai2="4,102,57,98,13,29,124,113,80,110,35,2,131" hai3="27,133,3,51,59,68,86,95,117,69,0,67,106"/><W20/><G106/><T108/><D118/><U24/><E130/><V75/><F113/><W70/><G117/><T94/><D108/><U34/><E126/><V22/><F110/><W15/><G133/><T45/><D6/><U23/><E89/><V42/><F131/><W71/><G15/><T50/><D43/><U99/><E99/><V97/><F124/><W12/><G12/><T39/><D39/><U32/><E32/><V125/><F125/><W96/><G86/><T114/><D114/><U10/><E56/><AGARI ba="0,0" hai="44,45,47,50,52,54,56,63,77,82,84,87,91,94" machi="56" ten="40,2600,0" yaku="8,1,54,1" doraHai="18" who="0" fromWho="1" sc="240,26,325,-26,220,0,215,0" /><INIT seed="4,0,0,3,0,104" ten="266,299,220,215" oya="0" hai0="25,100,55,21,122,84,4,18,134,48,13,16,127" hai1="126,11,99,115,70,129,65,116,64,74,73,132,135" hai2="103,35,97,123,121,40,45,3,2,105,41,133,117" hai3="86,34,106,83,90,62,28,82,81,7,22,32,67"/><T43/><D122/><U33/><E116/><V47/><F35/><W124/><G124/><T114/><D127/><U89/><E126/><V56/><F117/><W92/><G106/><T54/><D114/><U119/><E119/><V61/><F133/><N who="1" m="51273" /><E33/><V53/><F2/><W113/><G113/><T58/><D134/><U39/><E39/><V20/><F3/><W112/><G112/><T14/><D100/><U91/><E115/><V44/><REACH who="2" step="1"/><F20/><REACH who="2" ten="266,299,210,215" step="2"/><W78/><G34/><T85/><D21/><U5/><E129/><V26/><F26/><N who="3" m="16471" /><G32/><T50/><D25/><U15/><E70/><V42/><AGARI ba="0,1" hai="40,41,42,44,45,47,53,56,61,97,103,105,121,123" machi="42" ten="30,2000,0" yaku="1,1,0,1,53,0" doraHai="104" doraHaiUra="110" who="2" fromWho="2" sc="266,-10,299,-5,210,30,215,-5" /><INIT seed="5,0,0,4,0,37" ten="256,294,240,210" oya="1" hai0="57,81,25,118,63,117,1,19,90,47,43,127,74" hai1="34,71,72,115,101,98,53,30,28,62,5,110,49" hai2="38,55,91,112,109,39,123,83,3,14,122,22,108" hai3="29,42,85,27,50,52,4,56,79,20,104,111,77"/><U105/><E72/><V31/><F3/><W76/><G104/><T36/><D127/><U41/><E115/><V88/><F112/><W54/><G111/><N who="2" m="42569" /><F14/><W75/><G75/><T120/><D120/><N who="2" m="46122" /><F22/><W65/><G4/><T129/><D129/><U45/><E5/><V80/><F31/><W40/><G65/><T32/><D1/><U114/><E30/><V100/><F100/><W113/><G113/><T133/><D133/><U67/><E114/><V70/><F70/><W96/><G96/><T26/><D32/><U23/><E23/><V46/><F46/><N who="3" m="27735" /><G85/><T124/><D124/><U61/><E61/><AGARI ba="0,0" hai="20,27,29,40,42,54,56,61,76,77,79" m="27735" machi="61" ten="30,7700,0" yaku="8,1,52,2,54,1" doraHai="37" who="3" fromWho="1" sc="256,0,294,-77,240,0,210,77" /><INIT seed="6,0,0,0,3,73" ten="256,217,240,287" oya="2" hai0="120,77,56,34,55,80,82,130,50,81,94,86,135" hai1="21,124,123,70,48,97,100,112,15,54,41,65,109" hai2="119,88,108,36,101,128,89,17,59,35,14,131,4" hai3="32,26,29,47,110,13,104,67,103,121,46,75,91"/><V49/><F119/><W2/><G2/><T83/><D120/><U126/><E109/><V125/><F36/><W127/><G75/><T115/><D34/><U78/><E41/><V76/><F35/><W63/><G127/><N who="1" m="48682" /><E65/><V25/><F125/><W12/><G91/><T11/><D115/><U9/><E70/><V118/><F118/><W87/><G87/><T102/><D135/><U93/><E21/><V85/><F108/><W31/><G121/><T40/><D130/><N who="2" m="49706" /><F4/><W7/><G31/><T134/><D134/><U0/><E0/><V24/><F101/><W99/><G110/><T66/><D66/><U79/><E112/><V132/><F132/><W19/><G7/><T117/><D117/><U71/><E71/><V64/><F49/><W16/><G13/><T38/><D38/><U58/><E123/><V10/><F25/><W3/><G3/><T6/><D40/><U39/><E39/><V28/><F24/><W1/><G1/><T43/><D43/><U129/><E129/><V116/><F28/><W95/><G19/><AGARI ba="0,0" hai="9,15,19,48,54,58,78,79,93,97,100" m="48682" machi="19" ten="30,3900,0" yaku="18,1,52,2" doraHai="73" who="1" fromWho="3" sc="256,0,217,39,240,0,287,-39" /><INIT seed="7,0,0,1,3,82" ten="256,256,240,248" oya="3" hai0="30,75,133,95,101,9,4,71,51,57,104,78,12" hai1="126,10,40,115,86,116,5,79,27,105,94,67,103" hai2="19,25,31,113,134,15,0,122,44,59,45,43,1" hai3="93,28,48,13,21,88,18,131,50,35,49,87,22"/><W125/><G125/><T7/><D71/><U6/><E40/><V37/><F113/><W46/><G131/><T69/><D69/><U110/><E110/><V83/><F134/><W76/><G76/><T77/><D104/><U81/><E67/><V80/><F122/><W24/><G35/><T38/><D38/><U29/><E115/><V53/><F45/><AGARI ba="0,0" hai="13,18,21,22,24,28,45,46,48,49,50,87,88,93" machi="45" ten="40,7700,0" yaku="8,1,52,1,54,1" doraHai="82" who="3" fromWho="2" sc="256,0,256,0,240,-77,248,77" owari="256,6.0,256,-14.0,163,-34.0,325,42.0" /></mjloggm>