<mjloggm ver="2.3"><GO type="169" lobby="0"/><UN n0="%6B%75%72%6F%30%32%34%34" n1="%4B%E3%80%82" n2="%E3%82%A6%E3%83%AB%E3%83%88%E3%83%A9%E7%AB%8B%E7%9B%B4" n3="%E3%81%AF%E3%81%92%E3%81%A1%E3%82%87%E3%81%8F" dan="16,18,17,18" rate="2084.88,2234.30,2151.38,2260.47" sx="M,M,M,M"/><TAIKYOKU oya="0"/><INIT seed="0,0,0,0,1,117" ten="250,250,250,250" oya="0" hai0="24,134,132,54,116,34,38,88,33,120,65,133,27" hai1="41,56,0,19,129,1,42,47,124,115,11,79,100" hai2="122,10,8,70,25,103,48,13,57,135,12,109,50" hai3="62,30,110,80,7,75,44,59,4,78,96,72,121"/><T98/><D116/><U67/><E100/><V74/><F70/><W26/><G110/><T66/><D38/><U73/><E42/><V18/><F74/><W92/><G44/><T52/><D98/><U63/><E129/><V86/><F109/><W81/><G121/><T119/><D119/><U51/><E124/><V5/><F135/><W101/><G80/><T20/><D88/><U36/><E115/><V105/><F122/><W94/><G92/><T3/><D3/><U89/><E89/><V2/><F2/><W113/><G75/><T131/><D131/><U55/><E19/><V60/><F25/><N who="0" m="9802" /><D20/><U77/><E11/><V31/><F31/><W32/><REACH who="3" step="1"/><G113/><REACH who="3" ten="250,250,250,240" step="2"/><T87/><D120/><U68/><REACH who="1" step="1"/><E79/><REACH who="1" ten="250,240,250,240" step="2"/><V93/><F105/><W16/><G16/><T49/><D134/><U95/><E95/><V108/><F108/><W118/><G118/><T71/><D133/><U85/><E85/><V91/><REACH who="2" step="1"/><F103/><REACH who="2" ten="250,240,240,240" step="2"/><W22/><G22/><T58/><D132/><U84/><E84/><V130/><F130/><W15/><G15/><T29/><D87/><U106/><E106/><V37/><F37/><W17/><G17/><T53/><D34/><U112/><E112/><V28/><F28/><W69/><G69/><T46/><D71/><U104/><E104/><V6/><F6/><W126/><G126/><T61/><D33/><U23/><E23/><V83/><F83/><AGARI ba="0,3" hai="0,1,36,41,47,51,55,56,63,67,68,73,77,83" machi="83" ten="40,5200,0" yaku="1,1,24,2,53,0" doraHai="117" doraHaiUra="82" who="1" fromWho="2" sc="250,0,240,82,240,-52,240,0" /><INIT seed="1,0,0,3,5,3" ten="250,322,188,240" oya="1" hai0="5,36,22,90,99,94,97,78,133,95,10,88,34" hai1="38,42,44,101,125,45,52,83,91,107,68,108,69" hai2="126,121,73,64,77,120,86,6,11,51,43,109,33" hai3="18,81,60,128,127,63,2,72,112,50,132,134,8"/><U92/><E125/><V32/><F73/><W37/><G37/><T79/><D34/><U102/><E108/><V131/><F64/><W39/><G39/><T67/><D36/><U85/><E107/><V17/><F86/><W89/><G112/><T9/><D133/><U20/><E20/><V41/><F77/><W13/><G127/><T66/><D22/><U135/><E135/><V31/><F51/><W21/><G128/><T49/><D49/><U124/><E124/><V35/><F43/><W19/><G132/><T114/><D114/><U0/><E0/><N who="2" m="455" /><F41/><W53/><G134/><T118/><REACH who="0" step="1"/><D5/><REACH who="0" ten="240,322,188,240" step="2"/><U24/><E38/><V130/><F126/><W54/><G21/><T7/><D7/><U106/><E42/><V116/><F116/><AGARI ba="0,1" hai="9,10,66,67,78,79,88,90,94,95,97,99,116,118" machi="116" ten="25,12000,2" yaku="1,1,22,2,54,1,53,2" doraHai="3" doraHaiUra="4" who="0" fromWho="2" sc="240,130,322,0,188,-120,240,0" /><INIT seed="2,0,0,5,1,57" ten="370,322,68,240" oya="2" hai0="47,96,24,56,117,82,94,4,84,76,50,91,128" hai1="100,89,110,28,7,134,13,113,31,64,80,67,27" hai2="129,30,10,55,99,68,43,66,53,25,85,114,23" hai3="103,14,16,127,5,71,108,70,59,75,109,116,120"/><V60/><F129/><W101/><G116/><T92/><D128/><U3/><E3/><V6/><F114/><W93/><G75/><T32/><D117/><U63/><E113/><V17/><F43/><W34/><G34/><T54/><D4/><U106/><E134/><V33/><F85/><W42/><G5/><T115/><D115/><U104/><E67/><V0/><REACH who="2" step="1"/><F99/><REACH who="2" ten="370,322,58,240" step="2"/><N who="3" m="59631" /><G42/><T133/><D96/><U69/><E80/><V74/><F74/><W58/><G120/><T52/><D82/><U88/><E110/><V35/><F35/><W38/><G109/><T81/><D32/><N who="1" m="20511" /><E106/><V130/><F130/><W49/><G108/><T15/><D81/><U19/><E7/><V9/><F9/><W45/><G38/><T12/><D84/><U90/><E31/><V79/><F79/><W39/><G39/><T77/><D76/><U124/><E124/><V98/><F98/><W102/><G127/><T26/><D77/><U126/><E126/><V125/><F125/><W72/><G72/><T135/><D133/><U61/><E104/><V2/><F2/><W22/><G102/><T29/><D135/><U122/><E100/><V112/><F112/><W8/><G103/><T36/><D36/><U65/><E122/><V37/><F37/><W11/><G11/><T107/><D107/><U41/><E41/><V62/><F62/><W131/><G8/><T1/><D1/><U83/><E83/><V48/><F48/><W20/><G131/><T132/><D132/><U111/><E111/><V86/><F86/><W119/><G49/><T18/><D50/><U40/><E40/><RYUUKYOKU ba="0,1" sc="370,-10,322,-10,58,30,240,-10" hai2="0,6,10,17,23,25,30,33,53,55,60,66,68" /><INIT seed="2,1,1,4,1,81" ten="360,312,88,230" oya="2" hai0="15,9,1,122,44,92,5,3,83,103,35,60,63" hai1="33,32,114,102,116,71,75,119,96,41,110,91,95" hai2="25,107,17,87,52,61,51,16,18,86,58,70,123" hai3="54,69,8,6,39,2,49,43,111,57,56,74,66"/><V21/><F107/><W27/><G111/><T76/><D122/><U109/><E114/><V48/><F123/><W26/><G57/><T132/><D35/><N who="1" m="13387" /><E71/><V34/><F34/><W59/><G59/><T67/><D132/><U55/><E75/><V37/><F37/><W93/><G93/><T105/><D105/><U46/><E55/><V128/><F128/><W120/><G74/><T94/><D44/><U72/><E102/><V12/><F70/><W85/><G85/><N who="2" m="32265" /><F12/><W84/><G84/><T126/><D126/><U11/><E72/><V113/><F113/><W38/><G38/><T89/><D15/><U31/><E116/><V112/><F112/><W53/><G53/><T24/><D24/><U30/><E119/><V42/><F42/><W65/><G120/><T99/><D3/><U98/><E41/><V108/><F108/><W20/><G27/><T101/><D67/><U90/><E110/><V133/><F133/><W135/><G135/><T79/><D79/><U10/><E109/><V68/><F68/><W28/><G69/><T130/><D76/><U40/><E40/><V14/><F14/><W73/><G73/><T104/><D104/><U45/><E95/><V13/><F13/><W134/><G134/><T100/><D94/><U121/><E121/><V118/><F118/><W50/><G39/><T29/><D92/><U97/><E10/><V62/><F62/><W4/><G65/><T88/><D63/><U36/><E11/><V0/><F0/><W23/><G66/><T22/><D60/><U127/><E36/><V125/><F125/><W115/><G115/><RYUUKYOKU ba="1,1" sc="360,-10,312,-10,88,30,230,-10" hai2="16,17,18,21,25,48,51,52,58,61" /><INIT seed="2,2,1,5,0,33" ten="350,302,118,220" oya="2" hai0="79,84,124,34,1,105,62,93,117,19,30,56,109" hai1="89,97,31,80,47,91,108,121,18,101,11,23,129" hai2="16,107,73,74,83,104,41,57,9,115,12,52,26" hai3="131,2,118,120,42,36,0,54,116,92,76,77,125"/><V100/><F115/><W45/><G120/><T66/><D105/><U90/><E121/><V38/><F100/><W22/><G54/><T7/><D109/><U95/><E129/><V28/><F41/><W69/><G69/><T87/><D124/><U48/><E108/><V96/><F38/><W61/><G61/><T68/><D68/><U123/><E31/><V102/><F83/><W72/><G131/><T46/><D46/><U134/><E134/><V130/><F107/><W55/><G55/><T110/><D110/><U17/><E123/><V106/><F104/><W126/><G22/><T112/><D19/><N who="1" m="7179" /><E23/><V13/><F13/><W59/><G59/><T32/><D30/><U60/><E11/><V5/><F5/><W37/><G92/><T85/><D93/><U82/><E60/><V29/><F130/><W128/><G128/><T64/><D79/><N who="3" m="30281" /><G72/><T51/><D51/><U8/><E8/><V71/><F71/><W10/><G10/><N who="0" m="2415" /><D66/><U119/><E119/><N who="3" m="45610" /><G37/><T132/><D117/><U4/><E4/><V111/><F111/><W103/><G103/><T25/><D34/><U43/><AGARI ba="2,1" hai="43,47,48,80,82,89,90,91,95,97,101" m="7179" machi="43" ten="30,1100,0" yaku="8,1" doraHai="33" who="1" fromWho="1" sc="350,-5,302,27,118,-7,220,-5" /><INIT seed="3,0,0,0,2,29" ten="345,329,111,215" oya="3" hai0="83,71,124,98,118,13,25,26,69,30,128,133,104" hai1="109,7,78,51,116,100,126,55,99,113,130,10,105" hai2="90,122,16,19,56,123,40,87,72,68,76,34,134" hai3="70,111,48,49,88,80,0,6,89,28,54,129,66"/><W131/><G111/><T97/><D118/><U24/><E113/><V38/><F68/><W115/><G115/><T11/><D133/><U84/><E109/><V21/><F134/><W33/><G0/><T43/><D43/><U15/><E130/><N who="3" m="49674" /><G6/><T64/><D128/><U95/><E126/><V59/><F76/><W117/><G117/><T2/><D2/><U58/><E116/><V114/><F72/><W94/><G80/><T132/><D26/><U63/><E24/><V3/><F3/><W8/><G8/><T46/><D98/><U121/><E121/><N who="2" m="46091" /><F114/><W135/><G135/><T85/><D71/><U4/><E4/><V73/><F73/><W36/><G36/><T57/><D83/><N who="1" m="47223" /><E105/><V47/><F34/><W1/><G1/><T108/><D104/><U9/><E9/><V60/><F21/><W14/><G14/><T103/><D13/><U119/><E119/><V12/><F12/><W50/><G54/><T107/><D11/><U61/><AGARI ba="0,0" hai="7,10,15,51,55,58,61,63,95,99,100" m="47223" machi="61" ten="30,1100,0" yaku="8,1" doraHai="29" who="1" fromWho="1" sc="345,-3,329,11,111,-3,215,-5" /><INIT seed="4,0,0,3,4,132" ten="342,340,108,210" oya="0" hai0="70,113,69,111,14,128,109,15,55,11,5,53,67" hai1="133,135,127,96,75,22,108,2,17,90,33,59,92" hai2="102,60,48,104,129,123,125,97,71,76,19,35,93" hai3="29,68,50,84,126,51,12,110,64,100,65,20,94"/><T73/><D73/><U4/><E33/><V3/><F123/><W122/><G110/><N who="0" m="41995" /><D113/><U66/><E75/><V44/><F129/><W103/><G68/><N who="0" m="26219" /><D67/><U36/><E36/><V72/><F3/><W77/><G122/><T27/><D128/><U45/><E108/><V106/><F35/><W28/><G12/><N who="0" m="4651" /><D27/><U91/><E45/><V7/><F71/><W101/><G64/><T120/><D120/><U47/><E47/><V79/><F72/><W8/><G8/><T74/><D74/><U24/><E66/><V9/><F9/><W31/><G65/><T119/><D119/><U62/><E24/><V86/><F44/><W30/><G30/><T78/><D78/><U21/><E135/><V117/><F79/><W10/><G10/><T6/><D11/><U23/><E133/><V88/><F76/><W32/><G32/><T115/><D115/><U34/><E34/><V85/><F117/><W18/><G77/><T56/><D56/><U63/><E59/><V118/><F118/><W1/><G31/><T41/><D41/><U82/><E23/><V134/><F134/><W13/><G29/><T114/><D114/><U58/><E22/><V57/><F57/><W121/><G28/><T87/><D87/><U52/><E21/><V81/><F86/><W54/><G121/><T83/><D83/><U105/><E82/><V124/><F85/><W0/><G84/><T112/><D112/><U38/><E58/><V61/><F81/><W46/><G20/><T37/><D37/><U89/><E38/><V43/><F43/><W39/><G39/><T25/><D25/><RYUUKYOKU ba="0,0" sc="342,30,340,-10,108,-10,210,-10" hai0="5,6,53,55" /><INIT seed="4,1,0,5,5,106" ten="372,330,98,200" oya="0" hai0="123,44,101,90,17,125,63,25,1,110,73,129,18" hai1="62,100,128,14,51,59,21,53,105,111,4,48,115" hai2="131,119,45,102,13,11,109,34,77,28,97,32,75" hai3="103,5,8,29,88,26,43,6,133,12,3,120,78"/><T30/><D123/><U76/><E111/><V93/><F109/><W118/><G118/><T108/><D1/><U82/><E128/><V33/><F119/><W117/><G117/><T89/><D129/><U121/><E121/><V67/><F131/><W95/><G133/><T39/><D125/><U10/><E115/><V0/><F0/><W54/><G103/><T22/><D101/><U65/><E105/><V86/><F67/><W61/><G43/><T132/><D132/><U27/><E100/><V91/><F45/><W55/><G120/><T35/><D73/><U122/><E122/><V114/><F114/><W23/><G78/><T116/><D116/><U71/><E71/><V96/><F28/><W85/><G61/><T68/><D18/><U79/><E65/><V58/><F58/><W57/><G57/><T46/><D63/><U134/><E134/><V9/><F97/><W64/><G64/><T2/><D2/><U47/><E47/><V112/><F112/><W104/><G104/><T60/><D60/><U31/><REACH who="1" step="1"/><E79/><REACH who="1" ten="372,320,98,200" step="2"/><V49/><F77/><W16/><REACH who="3" step="1"/><G6/><REACH who="3" ten="372,320,98,190" step="2"/><T80/><D110/><U83/><E83/><V124/><F102/><W94/><G94/><T38/><D108/><U74/><AGARI ba="1,2" hai="4,10,14,21,27,31,48,51,53,59,62,74,76,82" machi="74" ten="20,8000,1" yaku="1,1,0,1,7,1,52,1,53,1" doraHai="106" doraHaiUra="107" who="1" fromWho="1" sc="372,-41,320,103,98,-21,190,-21" /><INIT seed="5,0,0,5,2,7" ten="331,423,77,169" oya="1" hai0="58,126,31,116,57,13,2,109,71,52,29,80,104" hai1="92,17,134,100,117,77,122,73,56,23,21,14,47" hai2="130,33,107,11,115,72,132,0,26,69,62,74,112" hai3="135,75,10,82,97,44,81,85,88,27,22,125,9"/><U65/><E122/><V30/><F107/><W38/><G125/><T99/><D109/><U79/><E117/><V120/><F120/><W101/><G135/><T89/><D2/><U3/><E3/><V5/><F132/><W111/><G111/><T64/><D71/><U45/><E73/><V36/><F36/><W95/><G38/><T60/><D116/><U59/><E134/><V61/><F130/><W105/><G44/><T118/><D118/><U37/><E21/><V123/><F123/><W93/><G105/><T34/><D34/><U50/><E45/><V129/><F62/><W46/><G46/><T39/><D39/><U48/><E48/><V68/><F129/><W51/><G51/><T78/><D126/><U83/><E83/><N who="3" m="31754" /><G75/><N who="2" m="28713" /><F61/><W49/><G49/><N who="0" m="30863" /><D104/><U86/><E86/><V19/><F19/><AGARI ba="0,0" hai="9,10,19,22,27,85,88,93,95,97,101" m="31754" machi="19" ten="30,7700,0" yaku="8,1,52,2,54,1" doraHai="7" who="3" fromWho="2" sc="331,0,423,0,77,-77,169,77" /><INIT seed="6,0,0,5,4,79" ten="331,423,0,246" oya="2" hai0="65,106,7,113,5,75,117,102,29,125,89,86,4" hai1="67,33,114,12,16,9,84,124,107,101,31,71,28" hai2="43,98,127,50,132,92,18,134,6,8,27,14,63" hai3="0,103,85,88,53,82,15,21,61,69,87,118,30"/><V94/><F127/><W90/><G0/><T1/><D1/><U60/><E124/><V45/><F63/><W66/><G118/><T95/><D125/><U74/><E74/><V57/><F57/><W128/><G128/><T120/><D120/><U17/><E114/><V112/><F112/><W37/><G37/><T34/><D113/><U129/><E129/><V111/><F111/><W119/><G119/><T64/><D117/><U39/><E39/><V110/><F110/><W130/><G130/><T116/><D116/><U91/><E17/><V25/><F94/><W58/><G103/><T32/><D75/><U62/><E62/><V76/><F76/><W22/><G30/><T49/><D49/><U44/><E44/><V68/><F68/><W77/><G77/><T99/><REACH who="0" step="1"/><D29/><REACH who="0" ten="321,423,0,246" step="2"/><U133/><E133/><N who="2" m="51307" /><F6/><W56/><G69/><T100/><D100/><AGARI ba="0,1" hai="8,14,18,25,27,43,45,50,92,98,100" m="51307" machi="100" ten="30,1500,0" yaku="20,1" doraHai="79" who="2" fromWho="0" sc="321,-15,423,0,0,25,246,0" /><INIT seed="6,1,0,2,5,72" ten="306,423,25,246" oya="2" hai0="90,113,42,53,62,76,103,99,96,94,34,7,91" hai1="11,81,109,108,39,10,120,5,31,78,126,89,98" hai2="17,73,131,64,18,130,122,12,48,93,118,41,107" hai3="13,26,79,4,95,69,22,132,9,110,33,47,43"/><V50/><F122/><W133/><G110/><T28/><D113/><U32/><E11/><V21/><F107/><W84/><G69/><T2/><D42/><U23/><E32/><V116/><F64/><W111/><G33/><T124/><D124/><U82/><E82/><V100/><F73/><W19/><G111/><T52/><D62/><U85/><E120/><V14/><F41/><W15/><G26/><T66/><D66/><U80/><E98/><V129/><F93/><W37/><G95/><T128/><D128/><U56/><E56/><V117/><REACH who="2" step="1"/><F100/><REACH who="2" ten="306,423,15,246" step="2"/><W74/><G74/><T61/><D103/><U119/><E108/><V86/><F86/><W67/><G67/><T44/><D94/><U75/><E85/><V49/><F49/><W92/><G92/><T1/><D53/><U63/><E75/><V68/><F68/><W35/><G84/><T46/><D52/><U45/><E109/><V71/><F71/><W30/><G43/><T3/><D99/><U20/><E63/><V134/><F134/><W97/><G97/><T106/><D61/><U115/><E126/><V29/><F29/><W83/><G30/><T27/><D106/><U102/><E31/><V57/><F57/><W60/><G60/><T101/><D101/><U0/><E102/><V8/><AGARI ba="1,1" hai="8,12,14,17,18,21,48,50,116,117,118,129,130,131" machi="8" ten="40,7800,0" yaku="1,1,0,1,19,1,53,0" doraHai="72" doraHaiUra="121" who="2" fromWho="2" sc="306,-27,423,-27,15,91,246,-27" /><INIT seed="6,2,0,1,3,122" ten="279,396,106,219" oya="2" hai0="55,29,15,37,78,128,44,97,71,131,9,69,22" hai1="79,133,7,60,48,36,27,23,103,100,31,24,64" hai2="105,125,50,25,102,66,89,12,118,47,108,38,77" hai3="45,110,57,68,32,6,117,67,54,63,127,62,109"/><V61/><F118/><W92/><G32/><T1/><D78/><U59/><E36/><V93/><F38/><W51/><G6/><T96/><D1/><U73/><E73/><V112/><F112/><W56/><G117/><T5/><D22/><U135/><E79/><V34/><F77/><W19/><G127/><T72/><D29/><N who="1" m="17567" /><E7/><V120/><F120/><W99/><G19/><T16/><D72/><U82/><E82/><V0/><F0/><W81/><G81/><T90/><D5/><U43/><E48/><V80/><F80/><W58/><REACH who="3" step="1"/><G63/><REACH who="3" ten="279,396,106,209" step="2"/><T104/><D128/><U14/><E14/><V107/><F125/><W116/><G116/><T101/><D131/><U39/><E43/><N who="2" m="24959" /><F12/><W40/><G40/><T8/><D16/><U130/><E39/><V95/><F95/><W35/><G35/><T84/><D15/><U98/><E130/><V11/><F11/><W94/><G94/><T88/><D37/><U30/><E100/><AGARI ba="2,1" hai="45,51,54,56,57,58,62,67,68,92,99,100,109,110" machi="100" ten="40,5200,0" yaku="1,1,52,2,53,0" doraHai="122" doraHaiUra="13" who="3" fromWho="1" sc="279,0,396,-58,106,0,209,68" /><INIT seed="7,0,0,5,4,1" ten="279,338,106,277" oya="3" hai0="10,108,110,50,135,14,107,11,130,40,24,61,83" hai1="111,77,80,114,126,86,4,121,42,33,63,117,71" hai2="35,12,105,26,72,120,79,21,38,100,124,84,54" hai3="58,113,29,34,28,20,36,41,87,106,91,6,60"/><W56/><G106/><T15/><D107/><U16/><E111/><V122/><F38/><W37/><G34/><T109/><D61/><U27/><E121/><V116/><F116/><W30/><G113/><T73/><D83/><U102/><E114/><V44/><F35/><W69/><G69/><T52/><D40/><U81/><E117/><V31/><F124/><W123/><G123/><T127/><D73/><U3/><E126/><V43/><F72/><W93/><G41/><T129/><D127/><U97/><E42/><V104/><F104/><W68/><G68/><T18/><D24/><U66/><E16/><V65/><F105/><W75/><G75/><T17/><REACH who="0" step="1"/><D135/><REACH who="0" ten="269,338,106,277" step="2"/><U78/><E27/><V101/><F122/><W51/><G37/><T64/><D64/><U8/><E80/><V95/><F65/><N who="3" m="39047" /><G36/><T48/><D48/><U119/><E119/><V39/><F120/><W55/><G6/><T9/><D9/><U2/><E77/><V67/><F67/><W112/><G112/><T49/><D49/><U46/><E71/><V85/><F54/><W13/><G13/><T57/><AGARI ba="0,1" hai="10,11,14,15,17,18,50,52,57,108,109,110,129,130" machi="57" ten="40,8000,1" yaku="1,1,0,1,9,1,54,1,53,0" doraHai="1" doraHaiUra="128" who="0" fromWho="0" sc="269,90,338,-20,106,-20,277,-40" owari="359,45.0,318,12.0,86,-41.0,237,-16.0" /></mjloggm>