<mjloggm ver="2.3"><GO type="169" lobby="0"/><UN n0="%E5%A5%B3%E5%AD%90%E5%8A%9B%E2%98%86%E3%81%94%E3%82%8A%E3%82%89" n1="%40%7A%61%6B%75%72%6F%40" n2="%E9%BA%BB%E9%9B%80%E4%BC%9D%E9%81%93%E5%B8%AB" n3="%E3%82%A6%E3%83%AB%E3%83%88%E3%83%A9%E7%AB%8B%E7%9B%B4" dan="16,17,16,18" rate="2080.33,2128.21,2067.98,2289.39" sx="F,M,M,M"/><TAIKYOKU oya="0"/><INIT seed="0,0,0,2,5,62" ten="250,250,250,250" oya="0" hai0="32,17,110,4,73,8,77,40,117,108,53,51,42" hai1="130,21,16,52,100,78,33,97,88,12,14,26,98" hai2="129,91,131,49,27,107,35,109,19,115,125,89,65" hai3="119,50,20,68,13,46,34,95,72,67,31,24,9"/><T30/><D117/><U64/><E130/><N who="2" m="49675" /><F115/><W124/><G72/><T0/><D32/><U134/><E134/><V38/><F38/><W86/><G124/><T120/><D120/><U54/><E78/><V5/><F107/><W94/><G119/><T82/><D17/><U103/><E33/><V57/><F5/><W126/><G126/><T22/><D22/><U102/><E64/><V25/><F109/><N who="0" m="42090" /><D30/><U6/><E97/><V92/><F35/><W122/><G122/><T112/><D112/><U56/><E6/><V15/><F91/><W128/><G128/><T55/><D55/><N who="1" m="21035" /><E56/><AGARI ba="0,0" hai="0,4,8,40,42,51,53,56,73,77,82" m="42090" machi="56" ten="30,2900,0" yaku="14,1,10,1" doraHai="62" who="0" fromWho="1" sc="250,29,250,-29,250,0,250,0" /><INIT seed="0,1,0,4,0,66" ten="279,221,250,250" oya="0" hai0="68,86,99,64,75,7,28,123,114,88,118,109,119" hai1="37,80,84,128,69,51,15,101,54,34,124,8,81" hai2="27,57,49,127,5,59,10,102,133,60,63,70,130" hai3="117,121,65,58,98,40,17,33,35,107,83,9,55"/><T90/><D114/><U103/><E34/><V74/><F133/><W41/><G117/><N who="0" m="44555" /><D28/><U113/><E128/><V95/><F127/><W110/><G17/><T53/><D7/><U21/><E124/><V52/><F130/><W93/><G9/><T132/><D53/><U106/><E37/><V126/><F126/><W31/><G55/><T122/><D64/><U12/><E106/><V116/><F74/><W62/><G65/><T50/><D50/><U72/><E72/><V71/><F116/><W104/><G58/><T22/><D22/><U14/><E21/><V42/><F27/><W25/><G25/><T3/><D68/><U76/><E69/><V73/><F73/><W18/><G31/><T120/><D3/><U16/><E81/><V89/><F102/><N who="1" m="38921" /><E113/><V125/><F125/><W30/><G30/><T131/><D131/><U97/><E97/><V24/><F24/><W29/><G29/><T6/><D6/><U134/><E134/><V94/><F63/><W48/><G62/><T11/><D132/><U4/><E4/><V87/><F95/><W44/><G35/><T20/><D11/><U92/><E92/><V45/><F59/><AGARI ba="1,0" hai="8,12,14,15,16,51,54,59,76,80,84" m="38921" machi="59" ten="30,2000,0" yaku="8,1,54,1" doraHai="66" who="1" fromWho="2" sc="279,0,221,23,250,-23,250,0" /><INIT seed="1,0,0,3,0,53" ten="279,244,227,250" oya="1" hai0="36,62,55,122,0,76,9,78,133,48,91,3,1" hai1="45,103,72,20,65,17,110,85,54,24,88,51,94" hai2="34,83,29,118,123,97,57,135,75,37,79,50,11" hai3="16,106,23,64,109,28,108,102,8,59,43,74,52"/><U70/><E72/><V120/><F37/><W63/><G74/><T82/><D36/><U128/><E128/><V84/><F118/><W105/><G43/><T15/><D133/><U101/><E70/><V39/><F135/><W86/><G28/><T42/><D122/><U68/><E68/><V22/><F39/><W41/><G41/><T56/><D91/><U87/><E65/><V21/><F34/><W96/><G8/><T132/><D132/><U124/><E124/><V46/><F75/><W111/><G86/><T33/><D33/><U121/><E121/><V134/><F134/><W38/><G38/><T93/><D93/><U92/><E110/><V104/><F57/><W115/><G115/><T81/><D42/><U67/><E67/><V117/><F117/><W113/><G113/><T116/><D116/><U125/><E125/><V13/><F29/><W5/><G5/><T40/><D40/><U90/><AGARI ba="0,0" hai="17,20,24,45,51,54,85,87,88,90,92,94,101,103" machi="90" ten="30,11700,0" yaku="0,1,9,1,8,1,54,1" doraHai="53" who="1" fromWho="1" sc="279,-39,244,117,227,-39,250,-39" /><INIT seed="1,1,0,2,2,121" ten="240,361,188,211" oya="1" hai0="123,14,19,127,6,50,117,94,107,61,68,46,34" hai1="84,95,119,24,15,57,64,39,134,40,105,9,115" hai2="76,62,60,80,75,122,26,120,63,45,78,73,135" hai3="20,11,86,106,124,111,58,56,54,89,21,93,47"/><U66/><E115/><V72/><F135/><W85/><G106/><T37/><D117/><U12/><E105/><V49/><F26/><W92/><G124/><T32/><D107/><U0/><E0/><V71/><F71/><W48/><G111/><T101/><D37/><U74/><E74/><V118/><F118/><W59/><G11/><T87/><D6/><U31/><E40/><V90/><F90/><AGARI ba="1,0" hai="20,21,47,48,54,56,58,59,85,86,89,90,92,93" machi="90" ten="40,2600,0" yaku="9,1,8,1" doraHai="121" who="3" fromWho="2" sc="240,0,361,0,188,-29,211,29" /><INIT seed="2,0,0,1,0,56" ten="240,361,159,240" oya="2" hai0="47,31,71,106,42,18,94,75,131,89,59,43,7" hai1="127,92,54,57,66,29,52,33,110,32,101,84,36" hai2="78,98,85,97,16,129,117,95,126,61,121,64,53" hai3="70,24,27,8,124,134,0,105,9,12,65,22,41"/><V80/><F117/><W46/><G105/><T50/><D71/><U76/><E36/><V60/><F121/><W4/><G124/><T118/><D106/><U62/><E110/><V45/><F126/><W17/><G134/><T30/><D75/><U15/><E33/><V96/><F129/><W3/><G65/><T79/><D79/><U93/><E32/><V123/><F123/><W5/><REACH who="3" step="1"/><G70/><REACH who="3" ten="240,361,159,230" step="2"/><T132/><D132/><U90/><E66/><V74/><F64/><W34/><G34/><T100/><D131/><U116/><E127/><V102/><F74/><W86/><G86/><T14/><D118/><U83/><E84/><V1/><F1/><W39/><AGARI ba="0,1" hai="0,3,4,5,8,9,12,17,22,24,27,39,41,46" machi="39" ten="20,5200,0" yaku="1,1,0,1,7,1,9,1,53,0" doraHai="56" doraHaiUra="111" who="3" fromWho="3" sc="240,-13,361,-13,159,-26,230,62" /><INIT seed="3,0,0,1,1,45" ten="227,348,133,292" oya="3" hai0="12,61,49,4,121,98,87,72,21,134,93,14,25" hai1="119,108,18,84,50,127,5,92,26,67,43,13,85" hai2="34,52,6,41,102,106,89,15,88,123,69,112,33" hai3="27,100,44,63,122,125,83,38,74,17,132,126,37"/><W20/><G122/><T124/><D72/><U54/><E108/><V48/><F112/><W29/><G132/><T94/><D121/><U82/><E127/><N who="3" m="48650" /><G100/><T62/><D134/><U0/><E0/><V70/><F123/><W130/><G130/><T58/><D87/><U128/><E128/><V117/><F117/><W64/><G44/><T103/><D93/><U76/><E5/><V111/><F41/><W68/><G17/><N who="0" m="12463" /><D124/><U135/><E67/><V95/><F111/><W53/><G53/><N who="0" m="32047" /><D4/><U32/><E32/><V42/><F42/><W109/><G109/><T110/><D110/><U51/><E119/><V19/><F6/><W39/><G83/><T90/><D103/><U71/><E71/><N who="2" m="27147" /><F89/><W129/><G129/><T80/><D80/><U56/><E43/><V31/><F31/><W115/><G74/><T16/><D12/><U11/><E26/><V114/><F102/><W75/><G75/><T65/><D65/><U97/><E84/><N who="2" m="52615" /><F106/><W47/><G115/><T107/><D107/><U133/><E133/><V10/><F114/><W99/><G99/><T113/><D113/><U24/><E24/><V131/><F10/><AGARI ba="0,0" hai="10,14,16,61,62,90,94,98" m="32047,12463" machi="10" ten="30,3900,0" yaku="8,1,52,1,54,1" doraHai="45" who="0" fromWho="2" sc="227,39,348,0,133,-39,292,0" /><INIT seed="4,0,0,0,0,115" ten="266,348,94,292" oya="0" hai0="55,105,130,50,68,69,47,74,119,31,86,44,132" hai1="133,113,24,106,89,23,82,54,8,99,91,22,53" hai2="94,70,20,123,48,39,46,103,60,42,29,110,96" hai3="36,0,92,18,2,88,127,111,101,35,58,84,122"/><T134/><D74/><U45/><E113/><V16/><F110/><W65/><G111/><T25/><D105/><U13/><E106/><V87/><F123/><W104/><G36/><T37/><D130/><U78/><E23/><V27/><F39/><W131/><G35/><T34/><D86/><N who="1" m="48471" /><E133/><N who="0" m="51305" /><D119/><U4/><E45/><V56/><F70/><N who="0" m="27242" /><D37/><U107/><E107/><V26/><F87/><W93/><G84/><T38/><D38/><U118/><E118/><V59/><REACH who="2" step="1"/><F60/><REACH who="2" ten="266,348,84,292" step="2"/><W6/><G122/><T9/><D9/><U12/><E8/><V11/><F11/><W81/><G131/><T10/><D10/><U64/><E99/><V17/><F17/><W77/><G18/><T67/><D67/><U61/><E64/><V95/><F95/><W63/><G93/><T15/><D31/><U3/><E4/><V85/><F85/><W51/><G6/><T52/><D50/><U32/><E3/><V72/><F72/><W33/><G51/><T40/><D40/><U7/><E7/><V41/><F41/><W83/><G0/><T135/><D135/><U19/><E19/><V102/><F102/><W21/><G101/><T30/><D55/><U76/><E54/><V126/><F126/><W5/><G127/><T109/><D52/><U75/><E53/><V117/><F117/><W79/><G5/><T112/><D109/><U43/><E43/><V129/><F129/><W108/><G108/><T28/><D28/><U57/><E75/><V125/><F125/><W49/><G49/><T66/><D30/><U97/><E61/><V71/><F71/><W128/><G65/><RYUUKYOKU ba="0,1" sc="266,-10,348,-10,84,30,292,-10" hai2="16,20,26,27,29,42,46,48,56,59,94,96,103" /><INIT seed="5,1,1,1,5,26" ten="256,338,114,282" oya="1" hai0="91,42,57,68,54,29,45,117,79,16,15,60,77" hai1="69,7,65,53,21,127,95,80,75,62,4,37,83" hai2="30,115,92,73,87,12,90,23,28,129,135,48,103" hai3="9,5,98,24,82,102,20,50,6,2,36,49,18"/><U64/><E37/><V55/><F135/><W14/><G36/><T19/><D117/><U134/><E134/><V52/><F73/><W112/><G112/><T10/><D68/><U38/><E38/><V11/><F115/><W107/><G6/><T94/><D19/><U59/><E75/><V99/><F129/><W93/><G107/><T8/><D8/><U41/><E41/><V120/><F120/><W128/><G128/><T100/><D100/><U76/><E69/><V111/><F111/><W131/><G131/><T25/><D45/><U22/><E95/><N who="2" m="58879" /><F23/><W46/><G82/><T67/><D54/><N who="2" m="20522" /><F48/><W39/><G39/><T109/><D42/><U70/><E22/><V124/><F124/><W84/><G2/><T126/><D126/><U122/><E21/><V118/><F118/><W88/><G46/><T17/><D109/><U132/><E70/><V86/><F87/><W13/><G24/><T43/><D43/><U33/><E132/><V114/><F114/><W121/><G121/><T74/><D74/><U71/><E71/><V56/><F56/><W35/><G35/><T106/><D106/><U108/><E33/><V130/><F130/><W125/><G125/><T58/><D58/><U101/><E59/><V27/><F27/><W44/><G44/><T34/><REACH who="0" step="1"/><D17/><AGARI ba="1,1" hai="11,12,17,28,30,86,90,92" m="20522,58879" machi="17" ten="30,7700,0" yaku="8,1,52,2,54,1" doraHai="26" who="2" fromWho="0" sc="256,-80,338,0,114,90,282,0" /><INIT seed="6,0,0,1,2,118" ten="176,338,204,282" oya="2" hai0="82,42,77,74,46,69,87,25,92,41,11,34,79" hai1="75,117,78,123,10,134,129,48,55,40,106,108,14" hai2="8,131,85,54,9,132,80,88,63,81,73,97,24" hai3="33,49,67,121,62,127,5,52,100,44,19,4,104"/><V20/><F132/><W59/><G121/><T31/><D69/><U99/><E106/><V64/><F131/><W112/><G33/><T98/><D11/><U32/><E99/><V94/><F73/><W65/><G127/><T29/><D29/><U107/><E48/><V38/><F38/><W83/><G112/><T105/><D105/><U115/><E55/><V120/><F120/><W96/><G67/><T101/><D42/><U16/><E40/><V91/><F81/><W119/><G119/><T122/><D122/><U61/><E61/><V68/><REACH who="2" step="1"/><F54/><REACH who="2" ten="176,338,194,282" step="2"/><W86/><G19/><AGARI ba="0,1" hai="8,9,19,20,24,63,64,68,80,85,88,91,94,97" machi="19" ten="30,18000,2" yaku="1,1,2,1,7,1,54,1,53,2" doraHai="118" doraHaiUra="7" who="2" fromWho="3" sc="176,0,338,0,194,190,282,-180" /><INIT seed="6,1,0,5,1,62" ten="176,338,384,102" oya="2" hai0="61,2,70,104,123,78,83,64,67,87,25,71,72" hai1="46,34,106,24,111,41,120,32,63,51,55,80,114" hai2="4,14,108,132,131,1,23,103,48,117,42,11,58" hai3="75,126,12,28,96,26,52,115,40,9,69,89,97"/><V129/><F117/><W66/><G75/><T98/><D25/><U30/><E111/><V68/><F68/><W125/><G40/><T84/><D123/><U93/><E106/><V134/><F103/><W18/><G115/><T10/><D98/><U112/><E80/><V82/><F108/><W119/><G119/><T105/><D87/><U8/><E8/><V118/><F118/><W77/><G77/><T122/><D84/><U39/><E93/><V101/><F101/><W59/><G89/><T35/><D35/><U53/><E53/><N who="2" m="32039" /><F42/><W21/><G69/><T17/><D122/><U56/><E120/><V31/><F82/><W54/><G54/><T109/><D109/><U3/><E3/><V95/><F95/><W33/><G33/><T65/><D65/><U38/><E34/><V47/><F47/><W7/><G66/><T37/><D37/><U0/><E0/><V29/><F1/><W91/><G28/><N who="2" m="10825" /><F23/><W20/><G20/><T92/><D92/><U44/><E44/><V19/><F4/><W81/><G81/><T79/><D79/><U50/><E39/><V128/><AGARI ba="1,0" hai="11,14,19,128,129,131,132,134" m="10825,32039" machi="128" ten="40,2100,0" yaku="19,1" doraHai="62" who="2" fromWho="2" sc="176,-8,338,-8,384,24,102,-8" /><INIT seed="6,2,0,1,1,108" ten="168,330,408,94" oya="2" hai0="65,42,84,54,62,83,105,8,86,44,119,109,26" hai1="17,120,37,106,89,14,19,99,130,31,29,124,110" hai2="117,50,91,51,66,79,47,3,103,35,69,118,111" hai3="73,126,101,18,98,41,100,45,72,48,128,52,30"/><V34/><F3/><W78/><G128/><T121/><D109/><U0/><E0/><V107/><F111/><W68/><G68/><T93/><D105/><U27/><E110/><V2/><F2/><W57/><G126/><T80/><D121/><U74/><E74/><V75/><F51/><W58/><G30/><T94/><D54/><U28/><E37/><V116/><F91/><W67/><G78/><T127/><D127/><U125/><E106/><V49/><F49/><W43/><G43/><T88/><D8/><U21/><E99/><N who="2" m="61951" /><F50/><W64/><G73/><T122/><D26/><U71/><E89/><V60/><F47/><W13/><G72/><T7/><D119/><U76/><E76/><V123/><F123/><W77/><G77/><T133/><D7/><U114/><E120/><V59/><F59/><W82/><G82/><AGARI ba="2,0" hai="34,35,60,66,69,75,79,82,116,117,118" m="61951" machi="82" ten="30,1500,0" yaku="23,1" doraHai="108" who="2" fromWho="3" sc="168,0,330,0,408,21,94,-21" /><INIT seed="6,3,0,0,2,60" ten="168,330,429,73" oya="2" hai0="128,115,37,92,110,16,77,95,123,122,33,52,101" hai1="24,102,113,25,22,82,109,90,106,120,53,27,10" hai2="45,134,1,119,14,71,59,20,96,46,108,84,5" hai3="43,91,21,99,126,83,100,103,7,48,114,38,129"/><V15/><F71/><W133/><G38/><T12/><D110/><U135/><E109/><V130/><F119/><W131/><G7/><T55/><D33/><U49/><E113/><V34/><F34/><W58/><G126/><T117/><D37/><U78/><E102/><V41/><F1/><W81/><G133/><T57/><D115/><U87/><E106/><V6/><F134/><W50/><G114/><T64/><D117/><U104/><E104/><V30/><F96/><W89/><G99/><N who="0" m="59647" /><D123/><U97/><E120/><V31/><F130/><W42/><G21/><T61/><D122/><U39/><E39/><V13/><F59/><W63/><G58/><T2/><D2/><U23/><E10/><V54/><F84/><W19/><REACH who="3" step="1"/><G63/><REACH who="3" ten="168,330,429,63" step="2"/><T72/><D128/><U65/><E22/><V69/><F20/><W85/><G85/><T47/><D72/><U36/><E23/><V51/><F69/><W11/><G11/><N who="0" m="6175" /><D47/><U111/><E36/><V98/><F98/><W125/><G125/><T66/><D57/><U105/><E97/><V121/><F46/><W107/><G107/><T80/><D61/><U75/><E105/><V132/><F45/><W127/><G127/><T56/><D56/><U0/><E75/><V29/><F108/><W3/><G3/><T124/><D124/><U28/><E111/><V118/><F121/><W88/><G88/><T4/><D4/><U68/><E90/><V35/><F6/><W112/><G112/><T67/><D77/><U9/><E78/><V116/><F5/><W62/><G62/><T26/><D26/><U8/><E27/><RYUUKYOKU ba="3,1" sc="168,-10,330,-10,429,-10,63,30" hai3="19,42,43,48,50,81,83,89,91,100,103,129,131" /><INIT seed="7,4,1,0,0,61" ten="158,320,419,93" oya="3" hai0="74,115,73,103,24,59,75,114,45,130,11,108,113" hai1="60,27,29,32,93,23,83,121,77,80,101,118,96" hai2="18,46,78,81,58,90,105,44,79,41,67,87,119" hai3="99,76,92,84,15,22,91,104,25,4,72,125,111"/><W65/><G125/><T36/><D108/><U95/><E121/><V100/><F119/><W42/><G111/><T94/><D130/><U13/><E118/><V122/><F122/><W38/><G65/><T3/><D59/><U132/><E32/><V40/><F100/><W16/><G38/><T39/><D24/><U34/><E34/><V20/><F105/><W14/><G42/><N who="2" m="16489" /><F58/><W8/><G72/><T69/><D69/><U129/><E95/><V49/><F67/><W56/><G56/><T19/><D45/><N who="2" m="17514" /><F49/><W89/><G76/><T110/><D110/><U30/><E13/><AGARI ba="4,1" hai="13,18,20,78,79,81,87,90" m="17514,16489" machi="13" ten="30,1000,0" yaku="8,1" doraHai="61" who="2" fromWho="1" sc="158,0,320,-22,419,32,93,0" owari="158,-24.0,298,10.0,451,55.0,93,-41.0" /></mjloggm>