<mjloggm ver="2.3"><GO type="169" lobby="0"/><UN n0="%E3%81%BD%E3%81%BF%E3%82%85" n1="%E2%80%A0%58%54%45%4E%44%E2%80%A0" n2="%E3%81%A1%E3%82%87%E3%82%8A%E3%81%8A" n3="%E3%82%A6%E3%83%AB%E3%83%88%E3%83%A9%E7%AB%8B%E7%9B%B4" dan="17,17,17,17" rate="2292.93,2084.14,2153.31,2221.12" sx="F,F,M,M"/><TAIKYOKU oya="0"/><INIT seed="0,0,0,3,4,34" ten="250,250,250,250" oya="0" hai0="106,66,77,115,78,82,7,127,9,38,26,130,10" hai1="113,35,129,46,41,27,104,55,112,71,122,94,121" hai2="80,135,91,60,99,75,102,11,103,74,72,118,37" hai3="114,36,128,87,22,51,12,109,53,133,42,23,29"/><T2/><D115/><N who="1" m="44107" /><E104/><V64/><F37/><W3/><G36/><T119/><D119/><U21/><E35/><V92/><F118/><W8/><G42/><T45/><D106/><U13/><E71/><V86/><F135/><W65/><G65/><T49/><D38/><N who="1" m="21815" /><E129/><V17/><F17/><W123/><G23/><T5/><D130/><U125/><E125/><V120/><F120/><W30/><G109/><T67/><D26/><U70/><E70/><V117/><F117/><W33/><G33/><T124/><D78/><U31/><E55/><V134/><F134/><W63/><G133/><T16/><D16/><U132/><E132/><V85/><F11/><W95/><G128/><T100/><D100/><U131/><E131/><V69/><F86/><W19/><G63/><T32/><D32/><U18/><E94/><V24/><F24/><W105/><G105/><T20/><D20/><U110/><E110/><V25/><F25/><W116/><G123/><T48/><D67/><U96/><E96/><V57/><F69/><W79/><G116/><T39/><D66/><U28/><E27/><V90/><AGARI ba="0,0" hai="57,60,64,72,74,75,80,85,90,91,92,99,102,103" machi="90" ten="30,1100,0" yaku="0,1" doraHai="34" who="2" fromWho="2" sc="250,-5,250,-3,250,11,250,-3" /><INIT seed="1,0,0,4,3,44" ten="245,247,261,247" oya="1" hai0="26,135,130,123,34,5,82,90,133,87,128,105,13" hai1="112,35,59,48,58,85,102,106,53,116,6,131,124" hai2="32,65,0,100,49,111,18,1,24,75,4,15,27" hai3="96,78,108,54,31,99,47,55,20,122,39,52,109"/><U120/><E112/><V132/><F75/><W114/><G78/><T42/><D105/><U76/><E116/><V38/><F38/><W11/><G122/><T3/><D123/><U68/><E120/><V113/><F65/><W12/><G114/><T73/><D42/><U10/><E68/><V16/><F113/><W107/><G107/><T25/><D73/><U7/><E35/><V17/><F100/><W28/><G39/><T70/><D70/><U117/><E117/><V118/><F118/><W103/><G47/><T33/><D90/><U9/><E131/><N who="0" m="50217" /><D87/><U89/><E124/><V66/><F66/><W74/><G74/><T40/><D13/><U8/><E76/><V93/><F93/><W69/><G103/><T104/><D82/><U88/><E89/><V50/><F32/><N who="0" m="12394" /><D40/><U97/><REACH who="1" step="1"/><E59/><REACH who="1" ten="245,237,261,247" step="2"/><V101/><F101/><W79/><G79/><T41/><D104/><U36/><E36/><V64/><F27/><N who="0" m="10250" /><D41/><U81/><AGARI ba="0,1" hai="6,7,8,9,10,48,53,58,81,85,88,97,102,106" machi="81" ten="30,11700,0" yaku="1,1,0,1,52,1,54,1,53,0" doraHai="44" doraHaiUra="22" who="1" fromWho="1" sc="245,-39,237,127,261,-39,247,-39" /><INIT seed="1,1,0,2,3,129" ten="206,364,222,208" oya="1" hai0="86,15,80,45,49,119,89,29,38,35,135,94,122" hai1="74,108,99,128,60,66,12,63,58,125,112,32,96" hai2="0,106,117,1,116,19,91,132,10,126,46,40,31" hai3="79,43,113,2,92,98,130,123,51,42,24,47,17"/><U95/><E112/><V36/><F106/><W16/><G2/><T76/><D119/><U37/><E37/><V52/><F31/><W78/><G123/><T84/><D38/><U54/><E74/><V102/><F102/><W110/><G110/><T73/><D122/><U50/><E32/><V39/><F39/><W111/><G111/><T27/><D15/><U67/><E108/><V68/><F68/><W107/><G107/><T34/><D34/><U90/><E128/><V115/><F0/><W83/><G130/><T30/><D30/><U97/><E125/><V88/><F116/><W104/><G104/><T127/><D127/><U7/><E7/><V21/><F126/><W48/><G113/><T131/><D131/><U18/><E63/><V4/><F117/><W44/><G24/><T133/><REACH who="0" step="1"/><D73/><REACH who="0" ten="196,364,222,208" step="2"/><U33/><E33/><V57/><F115/><W87/><REACH who="3" step="1"/><G78/><REACH who="3" ten="196,364,222,198" step="2"/><T101/><D101/><AGARI ba="1,2" hai="16,17,42,43,44,47,48,51,79,83,87,92,98,101" machi="101" ten="30,12000,2" yaku="1,1,2,1,7,1,9,1,8,1,54,1,53,0" doraHai="129" doraHaiUra="105" who="3" fromWho="0" sc="196,-123,364,0,222,0,198,143" /><INIT seed="2,0,0,4,5,65" ten="73,364,222,341" oya="2" hai0="34,92,58,30,88,112,57,84,82,47,12,7,4" hai1="106,1,85,32,19,77,23,52,94,10,2,76,114" hai2="99,117,86,70,17,63,119,31,95,122,128,42,105" hai3="68,98,5,22,90,9,62,96,73,36,129,61,66"/><V123/><F105/><W14/><G36/><T33/><D112/><U130/><E114/><V35/><F42/><W110/><G73/><T116/><D116/><U15/><E106/><V3/><F3/><W26/><G110/><T54/><D30/><U11/><E32/><V102/><F86/><W69/><G129/><T93/><D33/><U134/><E130/><V79/><F79/><W121/><G90/><T21/><D34/><U108/><E108/><V59/><F17/><W97/><G121/><T132/><D132/><U120/><E134/><V55/><F128/><W40/><G40/><T0/><D0/><U67/><E120/><V56/><F56/><N who="0" m="21610" /><D21/><U78/><E67/><V107/><F95/><N who="0" m="36426" /><D12/><U74/><E74/><V72/><F72/><W103/><G103/><T60/><D60/><U104/><E104/><V101/><F101/><W89/><G89/><T41/><D41/><U20/><E20/><V49/><F119/><W125/><G62/><T50/><AGARI ba="0,0" hai="4,7,47,50,54,82,84,88" m="36426,21610" machi="50" ten="30,2000,0" yaku="8,1,54,1" doraHai="65" who="0" fromWho="0" sc="73,20,364,-5,222,-10,341,-5" /><INIT seed="3,0,0,1,1,20" ten="93,359,212,336" oya="3" hai0="36,49,127,117,5,33,54,3,34,57,53,26,22" hai1="4,97,21,82,8,63,69,65,110,42,29,121,107" hai2="131,116,23,98,9,2,48,27,81,67,101,124,24" hai3="112,114,47,30,130,135,92,38,32,74,79,102,120"/><W109/><G47/><T99/><D36/><U83/><E121/><V15/><F2/><W11/><G11/><T128/><D117/><U90/><E110/><V45/><F116/><W104/><G30/><T12/><D3/><U93/><E107/><V43/><F131/><W35/><G92/><T61/><D128/><U88/><E42/><V50/><F124/><W95/><G95/><T132/><D127/><U19/><E29/><V80/><F67/><W77/><G102/><T113/><D132/><U46/><E90/><V59/><F23/><W40/><G40/><T55/><D113/><U125/><E46/><V68/><F68/><W56/><G56/><T58/><D99/><U44/><E44/><V133/><F133/><W18/><G18/><T37/><D37/><U62/><E125/><V106/><F81/><W108/><G74/><T123/><D123/><U84/><E62/><V1/><F1/><W96/><G96/><T111/><D111/><U87/><E83/><V126/><F126/><W119/><G104/><T78/><D78/><U0/><REACH who="1" step="1"/><E82/><REACH who="1" ten="93,349,212,336" step="2"/><V72/><F80/><W89/><G89/><T6/><D54/><U10/><E10/><V134/><F72/><W52/><G52/><T64/><D55/><U60/><E60/><V122/><F122/><W13/><G120/><T28/><D33/><U75/><E75/><V51/><F134/><W129/><G135/><T115/><D115/><U91/><E91/><V41/><F41/><W31/><G119/><T70/><D70/><U105/><E105/><V25/><F59/><W66/><G109/><T118/><D118/><RYUUKYOKU ba="0,1" sc="93,10,349,10,212,10,336,-30" hai0="5,6,12,22,26,28,34,49,53,57,58,61,64" hai1="0,4,8,19,21,63,65,69,84,87,88,93,97" hai2="9,15,24,25,27,43,45,48,50,51,98,101,106" /><INIT seed="4,1,1,2,0,93" ten="103,359,222,306" oya="0" hai0="50,51,129,12,83,48,61,60,76,37,24,7,90" hai1="30,21,97,35,113,73,32,38,68,117,67,99,104" hai2="125,132,62,28,105,13,82,0,11,6,42,65,130" hai3="118,5,39,114,20,94,45,80,16,131,120,19,85"/><T134/><D37/><U95/><E117/><V25/><F130/><W126/><G118/><T53/><D129/><U43/><E73/><V72/><F132/><W54/><G5/><T135/><D90/><U64/><E113/><V3/><F125/><W33/><G33/><T111/><D111/><U27/><E43/><V92/><F105/><W96/><G126/><T8/><D24/><U133/><E38/><V1/><F42/><W88/><G114/><T77/><D77/><U79/><E79/><V81/><F72/><W49/><G131/><T26/><D26/><U41/><E41/><V122/><F122/><W100/><G39/><T63/><REACH who="0" step="1"/><D53/><REACH who="0" ten="93,359,222,306" step="2"/><U123/><E27/><V102/><F25/><N who="3" m="14471" /><G120/><T91/><D91/><U107/><E123/><V110/><F110/><W128/><G128/><T86/><AGARI ba="1,2" hai="7,8,12,48,50,51,60,61,63,76,83,86,134,135" machi="86" ten="40,3900,0" yaku="1,1,0,1,53,0" doraHai="93" doraHaiUra="101" who="0" fromWho="0" sc="93,62,359,-14,222,-14,306,-14" /><INIT seed="4,2,0,0,2,123" ten="155,345,208,292" oya="0" hai0="106,32,5,4,35,112,96,20,78,50,92,34,97" hai1="84,61,29,19,89,100,59,118,36,26,76,53,86" hai2="56,40,46,3,1,51,54,103,105,74,70,63,62" hai3="80,11,44,129,33,21,126,72,42,6,60,15,28"/><T68/><D68/><U104/><E118/><V25/><F74/><W82/><G72/><T133/><D106/><U71/><E36/><V93/><F105/><W83/><G129/><T113/><D133/><U102/><E71/><V79/><F79/><W121/><G126/><T85/><D20/><N who="1" m="15559" /><E104/><V131/><F131/><W23/><G33/><T12/><D50/><U119/><E119/><V66/><F25/><W0/><G28/><T16/><D16/><U27/><E76/><V77/><F77/><W90/><G0/><T116/><D116/><U124/><E124/><V132/><F132/><W117/><G117/><T52/><D52/><N who="1" m="34023" /><E84/><V111/><F3/><W47/><G60/><T134/><D134/><U108/><E108/><V69/><F1/><W81/><G121/><T64/><D64/><U8/><E53/><V57/><F93/><W41/><G47/><T37/><D37/><U87/><E87/><V109/><F103/><W88/><G42/><T95/><D85/><U18/><E18/><V99/><F99/><N who="0" m="37962" /><D12/><N who="1" m="7559" /><E27/><V98/><F98/><W30/><G30/><T120/><D120/><U7/><E7/><N who="0" m="2633" /><D78/><U122/><E122/><V130/><F130/><W39/><N who="3" m="20480" /><DORA hai="67" /><W9/><REACH who="3" step="1"/><G9/><REACH who="3" ten="155,345,208,282" step="2"/><T128/><D128/><U75/><E75/><V55/><F70/><W127/><G127/><T38/><D38/><AGARI ba="2,1" hai="38,40,46,51,54,55,56,57,62,63,66,69,109,111" machi="38" ten="30,16000,3" yaku="7,1,24,2,34,3,52,3" doraHai="123,67" who="2" fromWho="0" sc="155,-166,345,0,208,176,282,0" owari="-11,-51.0,345,15.0,384,48.0,282,-12.0" /></mjloggm>