<mjloggm ver="2.3"><GO type="169" lobby="0"/><UN n0="%E3%82%A6%E3%83%AB%E3%83%88%E3%83%A9%E7%AB%8B%E7%9B%B4" n1="%E3%83%84%E3%82%A4%E3%82%B9%E3%83%88" n2="%6D%6F%6D%6F%39%31%36" n3="%4B%2D%63" dan="18,16,16,16" rate="2267.27,2024.51,2139.96,2135.33" sx="M,M,F,M"/><TAIKYOKU oya="0"/><INIT seed="0,0,0,0,0,99" ten="250,250,250,250" oya="0" hai0="23,39,68,96,27,24,7,42,75,57,116,86,32" hai1="65,31,12,127,67,35,85,133,126,54,74,114,107" hai2="66,9,70,29,50,90,111,103,128,134,97,40,102" hai3="117,118,92,20,1,28,25,109,98,61,78,33,64"/><T58/><D75/><U26/><E74/><V49/><F111/><W77/><G109/><T38/><D68/><U36/><E114/><V73/><F73/><W15/><G1/><T106/><D7/><U3/><E3/><V100/><F134/><W21/><G21/><T88/><D32/><U121/><E133/><V131/><F29/><W60/><G60/><T8/><D8/><U81/><E121/><V59/><F70/><W83/><G15/><T6/><D6/><U37/><E107/><V52/><F66/><W115/><G115/><T41/><D106/><U2/><E2/><V84/><F97/><W63/><G63/><T113/><D96/><U16/><E54/><V108/><F9/><W80/><G118/><T53/><D113/><U122/><E122/><V76/><F76/><W51/><G51/><T94/><D116/><U105/><E105/><V46/><REACH who="2" step="1"/><F108/><REACH who="2" ten="250,250,240,250" step="2"/><W48/><G78/><T120/><D120/><U0/><E67/><V119/><F119/><W101/><G117/><T47/><D23/><N who="1" m="11655" /><E65/><V19/><F19/><W129/><G33/><T125/><D125/><N who="1" m="47627" /><E0/><V5/><F5/><W56/><G77/><AGARI ba="0,1" hai="26,31,35,36,37,77,81,85" m="47627,11655" machi="77" ten="30,2000,0" yaku="18,1,54,1" doraHai="99" who="1" fromWho="3" sc="250,0,250,30,240,0,250,-20" /><INIT seed="1,0,0,0,3,8" ten="250,280,240,230" oya="1" hai0="86,61,14,68,4,135,52,94,47,93,80,110,74" hai1="2,87,20,48,59,117,76,5,41,99,32,83,128" hai2="25,35,44,45,38,77,60,95,125,39,88,36,107" hai3="37,72,1,24,129,100,103,18,49,11,66,42,124"/><U85/><E117/><V6/><F107/><W130/><G72/><T92/><D74/><U3/><E32/><V119/><F119/><W112/><G112/><T91/><D110/><U57/><E128/><V69/><F77/><W104/><G37/><T67/><D135/><U46/><E3/><V15/><F125/><W111/><G111/><T122/><D122/><U33/><E33/><V90/><F35/><W29/><G66/><T134/><D134/><U53/><E99/><V101/><F25/><W0/><G49/><T81/><D81/><U89/><E20/><V56/><F69/><W65/><G65/><T63/><D4/><U64/><E64/><V19/><F6/><W127/><G42/><T132/><D132/><U113/><E113/><V126/><F126/><N who="3" m="48171" /><G104/><T79/><D79/><U10/><REACH who="1" step="1"/><E41/><REACH who="1" ten="250,270,240,230" step="2"/><V131/><F131/><N who="3" m="50187" /><G103/><T54/><D67/><U34/><E34/><V40/><F40/><W114/><G100/><T96/><D68/><U9/><E9/><V12/><F101/><W55/><G114/><T123/><D96/><U13/><E13/><V78/><F15/><N who="3" m="7551" /><G55/><T82/><D52/><U75/><E75/><V118/><F118/><W28/><G24/><T7/><D54/><U31/><E31/><AGARI ba="0,1" hai="0,1,28,29,31" m="7551,50187,48171" machi="31" ten="30,8000,1" yaku="18,1,19,1,34,2,52,1" doraHai="8" who="3" fromWho="1" sc="250,0,270,-80,240,0,230,90" /><INIT seed="2,0,0,1,3,19" ten="250,190,240,320" oya="2" hai0="63,18,32,70,82,92,125,34,30,25,129,112,33" hai1="35,10,103,130,98,40,109,134,47,111,79,90,67" hai2="60,96,1,7,44,45,36,29,120,61,93,73,21" hai3="50,95,114,22,124,128,54,39,131,13,9,53,132"/><V71/><F120/><W42/><G114/><T81/><D112/><U28/><E130/><V38/><F73/><W91/><G124/><T84/><D129/><N who="3" m="49737" /><G39/><T64/><D125/><U108/><E134/><V99/><F1/><W87/><G132/><T24/><D92/><N who="1" m="58823" /><E67/><V56/><F7/><N who="3" m="3263" /><G22/><T117/><D117/><U104/><E10/><V62/><F61/><W135/><G135/><T2/><D2/><U17/><E35/><V121/><F121/><W107/><G107/><T76/><D18/><U68/><E17/><V94/><F56/><W37/><G37/><T116/><D116/><U77/><E68/><V31/><REACH who="2" step="1"/><F21/><REACH who="2" ten="250,190,230,320" step="2"/><W100/><G100/><T106/><D70/><AGARI ba="0,1" hai="29,31,36,38,44,45,60,62,70,71,93,94,96,99" machi="70" ten="25,9600,0" yaku="1,1,2,1,22,2,53,0" doraHai="19" doraHaiUra="133" who="2" fromWho="0" sc="250,-96,190,0,230,106,320,0" /><INIT seed="2,1,0,0,4,73" ten="154,190,336,320" oya="2" hai0="6,63,126,109,70,93,72,76,113,9,88,110,86" hai1="50,30,47,15,78,45,10,79,122,3,43,40,94" hai2="134,2,67,61,38,59,103,4,20,114,32,77,127" hai3="27,68,106,16,71,5,111,21,57,60,18,124,65"/><V29/><F114/><W11/><G106/><T83/><D113/><U23/><E3/><V66/><F32/><W132/><G111/><T0/><REACH who="0" step="1"/><D126/><REACH who="0" ten="144,190,336,320" step="2"/><U53/><E122/><V81/><F127/><W31/><G124/><T7/><D7/><U105/><E105/><V39/><F4/><W55/><G132/><T35/><D35/><U120/><E120/><V112/><F134/><W75/><G75/><T119/><D119/><U44/><E40/><V116/><F112/><W19/><REACH who="3" step="1"/><G55/><REACH who="3" ten="144,190,336,310" step="2"/><T80/><D80/><U52/><E53/><V130/><F116/><W62/><G62/><T26/><D26/><N who="1" m="16735" /><E52/><V36/><F36/><W99/><G99/><T100/><D100/><U17/><E43/><V22/><F39/><W33/><G33/><T97/><D97/><U58/><E50/><V117/><F38/><W129/><G129/><T104/><D104/><U1/><E94/><V87/><F117/><W90/><G90/><T51/><D51/><U123/><E123/><V24/><F103/><W56/><G56/><T54/><D54/><U92/><E58/><V41/><F41/><W102/><G102/><T82/><D82/><U8/><E92/><V101/><F101/><W131/><G131/><T42/><D42/><U133/><E133/><V89/><F130/><W98/><G98/><T108/><D108/><U46/><E46/><V48/><F48/><W69/><G69/><T95/><D95/><U64/><E64/><AGARI ba="1,2" hai="0,6,9,63,64,70,72,76,83,86,88,93,109,110" machi="64" ten="40,8000,1" yaku="1,1,52,1,54,1,53,1" doraHai="73" doraHaiUra="91" who="0" fromWho="1" sc="144,103,190,-83,336,0,310,0" /><INIT seed="3,0,0,5,4,116" ten="247,107,336,310" oya="3" hai0="99,84,13,100,48,47,65,37,112,110,106,59,101" hai1="56,18,34,42,92,32,7,4,31,49,20,122,109" hai2="132,33,115,39,15,90,91,8,40,63,64,78,81" hai3="83,128,53,96,30,104,108,26,12,25,21,124,113"/><W29/><G113/><T38/><D110/><U94/><E109/><V6/><F115/><W89/><G108/><T131/><D112/><U22/><E31/><V121/><F33/><W10/><G124/><T55/><D131/><U103/><E103/><V80/><F132/><W123/><G128/><T16/><D101/><U79/><E79/><V1/><F121/><W85/><G123/><T73/><D73/><U44/><E122/><V35/><F35/><W67/><G67/><T3/><D3/><U71/><E71/><V118/><F118/><W52/><G96/><T69/><D69/><U5/><E34/><V105/><F105/><W87/><G104/><T43/><D84/><U72/><E32/><V107/><F107/><W28/><G85/><T23/><REACH who="0" step="1"/><D65/><REACH who="0" ten="237,107,336,310" step="2"/><U88/><E72/><V27/><F1/><W102/><G102/><T0/><D0/><U76/><E76/><V93/><F64/><W70/><G70/><T82/><D82/><U129/><E129/><V126/><F81/><W54/><REACH who="3" step="1"/><G21/><REACH who="3" ten="237,107,336,300" step="2"/><T95/><D95/><U46/><E94/><V117/><F93/><W125/><G125/><T11/><D11/><U14/><E22/><V2/><F8/><W24/><G24/><T62/><AGARI ba="0,2" hai="13,16,23,37,38,43,47,48,55,59,62,99,100,106" machi="62" ten="20,5200,0" yaku="1,1,0,1,7,1,54,1,53,0" doraHai="116" doraHaiUra="130" who="0" fromWho="0" sc="237,72,107,-13,336,-13,300,-26" /><INIT seed="4,0,0,2,2,83" ten="309,94,323,274" oya="0" hai0="66,9,27,41,86,34,21,72,128,107,131,48,44" hai1="132,102,121,76,94,59,43,78,120,42,127,6,0" hai2="129,100,106,58,70,22,12,67,36,40,112,99,46" hai3="4,18,81,49,60,124,8,45,17,122,73,19,62"/><T13/><D72/><U32/><E127/><V93/><F112/><W50/><G124/><T39/><D107/><U31/><E132/><V53/><F129/><N who="0" m="49738" /><D66/><U33/><E59/><V55/><F106/><W88/><G122/><T125/><D34/><U89/><E102/><V14/><F22/><W123/><G123/><T54/><D125/><U82/><E121/><V80/><F55/><W24/><G24/><T23/><D27/><U61/><E120/><V56/><F58/><W47/><G73/><T116/><D116/><U71/><E33/><V63/><REACH who="2" step="1"/><F80/><REACH who="2" ten="309,94,313,274" step="2"/><W65/><G65/><T25/><D23/><U130/><E130/><V113/><F113/><W103/><G47/><T75/><D21/><U20/><E32/><V69/><F69/><W10/><G45/><T16/><D54/><U28/><E20/><V117/><F117/><W51/><G103/><T118/><D118/><U105/><E105/><V52/><F52/><W5/><G81/><T35/><D35/><U90/><E82/><V92/><F92/><W79/><G79/><T126/><D126/><U97/><E71/><V7/><F7/><W3/><G88/><T98/><D75/><U108/><E94/><V134/><F134/><W101/><G101/><T29/><D25/><U68/><E68/><V26/><F26/><W64/><G64/><T95/><D95/><U38/><E90/><V87/><F87/><W109/><G109/><T119/><D86/><U77/><E89/><V111/><F111/><W11/><G3/><T114/><D114/><U2/><E2/><V57/><F57/><W115/><G115/><RYUUKYOKU ba="0,1" sc="309,-15,94,-15,313,15,274,15" hai2="12,14,36,40,46,53,56,63,67,70,93,99,100" hai3="4,5,8,10,11,17,18,19,49,50,51,60,62" /><INIT seed="5,1,1,5,0,57" ten="294,79,328,289" oya="1" hai0="101,131,109,117,20,5,113,78,40,2,129,80,74" hai1="123,12,122,13,82,100,26,16,62,56,54,68,63" hai2="134,1,77,64,0,34,89,51,96,10,46,114,79" hai3="73,90,32,130,49,7,110,36,9,132,128,135,42"/><U91/><E100/><V88/><F134/><N who="3" m="51243" /><G73/><T67/><D117/><U55/><E26/><V11/><F34/><W45/><G110/><T61/><D109/><U86/><E13/><V38/><F38/><W39/><G90/><T115/><D40/><U71/><E71/><V105/><F114/><N who="0" m="43530" /><D101/><U106/><E106/><V103/><F64/><W111/><G111/><T85/><D5/><U97/><E97/><V47/><F103/><W87/><G87/><T14/><D2/><U60/><E68/><V126/><F51/><W70/><G70/><N who="0" m="42351" /><D74/><U69/><E69/><V3/><F3/><N who="3" m="255" /><G32/><T22/><D14/><U37/><E37/><AGARI ba="1,1" hai="36,37,39,42,45,49,128,130" m="255,51243" machi="37" ten="30,1000,0" yaku="20,1" doraHai="57" who="3" fromWho="1" sc="294,0,79,-13,328,0,289,23" /><INIT seed="6,0,0,4,2,32" ten="294,66,328,312" oya="2" hai0="79,50,90,38,45,43,41,76,16,66,71,25,40" hai1="52,48,51,95,133,10,9,102,24,123,97,91,124" hai2="19,8,22,80,37,121,63,114,33,108,100,92,118" hai3="34,12,130,2,85,82,42,7,88,89,29,36,109"/><V39/><F118/><W86/><G109/><T98/><D71/><U68/><E123/><V57/><F33/><W20/><G130/><T103/><D66/><U17/><E124/><V53/><F121/><W23/><G42/><N who="0" m="24887" /><D103/><U35/><E133/><V59/><F108/><W46/><G46/><T11/><D38/><U69/><E51/><V116/><F116/><W18/><G36/><T44/><D44/><U27/><E10/><V67/><F114/><W0/><G34/><T96/><D90/><U120/><E120/><V128/><F128/><W106/><G106/><T119/><D119/><U55/><E55/><V104/><F104/><W84/><G7/><T127/><D127/><U87/><E27/><V83/><F8/><W49/><G49/><T1/><D1/><U6/><E35/><V56/><F39/><W111/><G111/><T64/><D64/><U4/><E4/><V28/><F28/><W105/><G105/><T110/><D110/><U65/><E65/><V115/><F115/><W126/><G126/><T101/><D101/><U13/><E6/><V62/><F57/><W75/><G75/><T129/><D129/><U47/><REACH who="1" step="1"/><E24/><REACH who="1" ten="294,56,328,312" step="2"/><N who="2" m="14431" /><F37/><W58/><G58/><T70/><D70/><U135/><E135/><V107/><F107/><AGARI ba="0,1" hai="9,13,17,47,48,52,68,69,87,91,95,97,102,107" machi="107" ten="30,3900,0" yaku="1,1,7,1,54,1,53,0" doraHai="32" doraHaiUra="30" who="1" fromWho="2" sc="294,0,56,49,328,-39,312,0" /><INIT seed="7,0,0,2,2,66" ten="294,105,289,312" oya="3" hai0="44,71,17,70,89,93,48,40,92,55,4,29,11" hai1="105,34,117,126,120,103,38,72,82,81,100,107,30" hai2="35,118,127,75,131,87,39,25,7,5,2,15,104" hai3="0,133,112,132,28,57,64,97,115,69,111,43,18"/><W21/><G111/><T54/><D29/><U45/><E120/><V83/><F75/><W122/><G122/><T94/><D17/><U121/><E121/><V110/><F118/><W13/><G69/><T84/><D55/><U42/><E117/><V116/><F116/><W49/><G0/><T125/><D125/><U130/><E126/><V27/><F110/><W62/><G97/><T14/><REACH who="0" step="1"/><D40/><REACH who="0" ten="284,105,289,312" step="2"/><U59/><E130/><V99/><F127/><W128/><G128/><T56/><D56/><U16/><E107/><V77/><F131/><W114/><G28/><T53/><D53/><U12/><E105/><V67/><F35/><W61/><G61/><T79/><D79/><U1/><E1/><V86/><F67/><W33/><G33/><T41/><D41/><U96/><E59/><V68/><F68/><AGARI ba="0,1" hai="4,11,14,44,48,54,68,70,71,84,89,92,93,94" machi="68" ten="40,8000,1" yaku="1,1,52,3,53,0" doraHai="66" doraHaiUra="95" who="0" fromWho="2" sc="284,90,105,0,289,-80,312,0" owari="374,47.0,105,-39.0,209,-19.0,312,11.0" /></mjloggm>