<mjloggm ver="2.3"><GO type="169" lobby="0"/><UN n0="%E5%B0%B1%E6%B4%BB%E7%94%9F%40%E5%B7%9D%E6%9D%91%E8%BB%8D%E5%9B%A3" n1="%E3%82%AB%E3%83%9D%E3%83%8D%E5%9B%A3%E3%81%AE%E5%85%84%E8%B2%B4" n2="%63%72%69%74%74%65%72" n3="%E3%83%89%E3%83%90%E3%82%AF%E3%83%81%E5%A4%A7%E9%87%8E" dan="19,18,16,17" rate="2344.46,2286.65,2101.35,2131.27" sx="M,M,M,M"/><TAIKYOKU oya="0"/><INIT seed="0,0,0,0,5,48" ten="250,250,250,250" oya="0" hai0="28,135,42,44,78,81,27,9,56,7,60,10,30" hai1="128,90,121,76,37,25,66,6,83,36,100,89,119" hai2="130,51,0,43,122,105,34,12,124,95,58,54,131" hai3="22,132,19,5,35,14,23,114,104,17,31,86,109"/><T87/><D135/><U49/><E119/><V63/><F122/><W21/><G104/><T112/><D112/><U45/><E121/><V101/><F105/><W62/><G114/><T134/><D134/><U125/><E128/><N who="2" m="49195" /><F0/><W15/><G132/><T91/><D91/><U77/><E100/><V20/><F34/><W106/><G106/><T111/><D111/><U8/><E125/><V41/><F124/><W96/><G96/><T116/><D116/><U53/><E66/><V127/><F127/><W26/><G86/><T65/><D27/><U55/><E25/><V4/><F63/><W133/><G133/><T39/><REACH who="0" step="1"/><D10/><REACH who="0" ten="240,250,250,250" step="2"/><U72/><E89/><V59/><F101/><W99/><G109/><T40/><D40/><U75/><E90/><V57/><F43/><W108/><G108/><T38/><D38/><U71/><E37/><V11/><F41/><W117/><G117/><T74/><D74/><U129/><E36/><V33/><F11/><N who="3" m="4463" /><G99/><T2/><AGARI ba="0,1" hai="2,7,9,28,30,39,42,44,56,60,65,78,81,87" machi="2" ten="20,3900,0" yaku="1,1,0,1,7,1,53,0" doraHai="48" doraHaiUra="118" who="0" fromWho="0" sc="240,49,250,-13,250,-13,250,-13" /><INIT seed="0,1,0,3,3,78" ten="289,237,237,237" oya="0" hai0="131,104,65,45,56,44,89,91,31,6,9,59,22" hai1="16,80,92,4,60,109,32,5,51,74,43,96,19" hai2="75,33,23,87,2,115,81,112,12,107,63,127,53" hai3="100,132,25,47,123,40,28,42,76,122,46,55,106"/><T61/><D104/><U110/><E32/><V134/><F75/><W97/><G132/><T113/><D113/><U39/><E39/><V3/><F33/><W88/><G76/><T79/><D131/><U58/><E51/><V49/><F134/><W8/><G8/><T13/><D79/><N who="1" m="44151" /><E43/><N who="3" m="16426" /><G55/><T130/><D130/><U119/><E5/><V27/><F107/><W1/><G1/><T50/><D59/><U35/><E4/><V68/><F12/><W21/><G88/><N who="0" m="33867" /><D50/><U71/><E71/><V116/><F112/><W69/><G69/><T84/><D84/><U36/><E35/><V83/><F115/><W102/><G102/><T24/><AGARI ba="1,0" hai="6,9,13,22,24,31,44,45,56,61,65" m="33867" machi="24" ten="30,3000,0" yaku="8,1,54,1" doraHai="78" who="0" fromWho="0" sc="289,33,237,-11,237,-11,237,-11" /><INIT seed="0,2,0,4,1,5" ten="322,226,226,226" oya="0" hai0="87,21,77,112,0,43,29,61,118,32,126,8,10" hai1="39,54,89,93,37,17,99,55,94,66,78,132,31" hai2="33,40,47,63,18,91,9,106,58,84,52,20,3" hai3="28,56,100,4,45,130,102,6,80,19,42,11,128"/><T48/><D32/><U27/><E132/><V15/><F106/><W72/><G28/><T103/><D0/><U108/><E108/><V105/><F105/><W86/><G72/><T75/><D75/><U117/><E117/><V96/><F33/><W113/><G19/><T14/><D118/><U65/><E17/><V85/><F3/><W36/><G113/><T104/><D104/><U35/><E78/><V50/><F20/><W111/><G6/><T109/><D112/><U25/><E35/><V7/><REACH who="2" step="1"/><F7/><REACH who="2" ten="322,226,216,226" step="2"/><W90/><G111/><T121/><D109/><U116/><E116/><V30/><F30/><W60/><G128/><T12/><D21/><U95/><E31/><V69/><F69/><W125/><G130/><T92/><D29/><U34/><E34/><V98/><F98/><W81/><G125/><T73/><D126/><U123/><E99/><V119/><F119/><W110/><G110/><T101/><D121/><U79/><E123/><V129/><F129/><W120/><G120/><T74/><D14/><U44/><E25/><V38/><F38/><W41/><G41/><T16/><D12/><U51/><E39/><V1/><F1/><W76/><G4/><T13/><D13/><U59/><E37/><V67/><F67/><W107/><G107/><T62/><D16/><U64/><E27/><V115/><F115/><W97/><G97/><T57/><D103/><U135/><E65/><V24/><F24/><W133/><G102/><T49/><D101/><U71/><E64/><V46/><F46/><W53/><G100/><T22/><D22/><U124/><E71/><RYUUKYOKU ba="2,1" sc="322,-10,226,-10,216,30,226,-10" hai2="9,15,18,40,47,50,52,58,63,84,85,91,96" /><INIT seed="1,3,1,3,0,41" ten="312,216,246,216" oya="1" hai0="69,131,96,104,60,6,7,112,24,44,115,89,107" hai1="51,5,70,75,2,98,1,9,103,34,132,125,87" hai2="97,73,62,48,12,77,53,117,25,66,102,18,37" hai3="100,50,8,11,88,71,52,85,128,93,101,82,45"/><U92/><E75/><V49/><F117/><W114/><G71/><T0/><D0/><U81/><E125/><V78/><F37/><W83/><G114/><T43/><D24/><U122/><E132/><V121/><F121/><W15/><G128/><T116/><D131/><U13/><E34/><V64/><F25/><W61/><G61/><T33/><D33/><U28/><E28/><V16/><F73/><W76/><G11/><T32/><D32/><U42/><E70/><V134/><F134/><W40/><G40/><T14/><D14/><U111/><E111/><V80/><F80/><N who="3" m="30763" /><G76/><N who="2" m="29289" /><F62/><W119/><G119/><T74/><D60/><U59/><E122/><V126/><F126/><W36/><G36/><T129/><D74/><U39/><E39/><V133/><F133/><W110/><G110/><T22/><D69/><U63/><E1/><V29/><F29/><W90/><G90/><T57/><D107/><U86/><E2/><V109/><F109/><W4/><AGARI ba="3,1" hai="4,8,15,45,50,52,85,88,93,100,101" m="30763" machi="4" ten="30,7900,0" yaku="8,1,52,1,54,2" doraHai="41" who="3" fromWho="3" sc="312,-23,216,-42,246,-23,216,98" /><INIT seed="2,0,0,5,0,50" ten="289,174,223,314" oya="2" hai0="107,88,39,56,120,133,20,32,103,81,45,6,78" hai1="54,79,21,17,8,115,109,23,113,14,98,125,111" hai2="77,99,96,11,135,60,130,9,105,15,95,41,100" hai3="124,80,0,16,61,73,129,119,35,126,63,106,74"/><V49/><F135/><W22/><G35/><T68/><D68/><U131/><E79/><V82/><F130/><W71/><G0/><T52/><D32/><U75/><E75/><V62/><F41/><W55/><G106/><T3/><D120/><U48/><E125/><N who="3" m="48234" /><G119/><T13/><D3/><U36/><E36/><V31/><F31/><W118/><G118/><T66/><D107/><U28/><E98/><V58/><F49/><W26/><G129/><T57/><D103/><U65/><E65/><V104/><F9/><W127/><G127/><T18/><D6/><U114/><E131/><V38/><F38/><W19/><G19/><T7/><D7/><U46/><REACH who="1" step="1"/><E28/><REACH who="1" ten="289,164,223,314" step="2"/><V59/><F99/><W132/><G132/><T72/><D66/><U5/><E5/><N who="2" m="3567" /><F104/><W67/><G73/><T84/><D133/><U42/><E42/><V51/><F105/><W128/><G128/><T86/><D39/><U92/><E92/><V108/><F95/><W30/><G74/><T4/><D4/><U102/><E102/><V101/><F96/><W85/><G30/><T10/><D72/><U33/><E33/><V91/><F100/><W93/><G93/><N who="0" m="54407" /><D10/><U69/><E69/><V94/><F101/><W37/><G37/><T2/><D2/><U47/><E47/><V24/><F94/><W110/><G80/><T44/><D57/><U134/><E134/><V116/><F59/><N who="3" m="35071" /><G85/><T27/><D45/><U117/><E117/><V89/><F116/><W25/><G110/><AGARI ba="0,1" hai="8,14,17,21,23,46,48,54,109,110,111,113,114,115" machi="110" ten="50,8000,1" yaku="1,1,14,1,52,1,53,1" doraHai="50" doraHaiUra="12" who="1" fromWho="3" sc="289,0,164,90,223,0,314,-80" /><INIT seed="3,0,0,1,1,124" ten="289,254,223,234" oya="3" hai0="23,53,131,30,55,14,44,95,71,92,115,118,82" hai1="125,39,107,40,50,75,99,120,90,7,116,101,89" hai2="129,132,1,86,59,100,77,37,32,8,41,94,109" hai3="65,15,98,81,70,91,74,45,105,88,31,97,2"/><W17/><G2/><T9/><D71/><U36/><E120/><V72/><F72/><W135/><G135/><T67/><D67/><U22/><E125/><V111/><F132/><W52/><G31/><T108/><D108/><N who="2" m="41546" /><F32/><W102/><G70/><T113/><D131/><U114/><E75/><V93/><F129/><W35/><G65/><T66/><D66/><U130/><E130/><V11/><F37/><W134/><G35/><T73/><D82/><U84/><E89/><V123/><F123/><W119/><G134/><T68/><D73/><U60/><E60/><V43/><F59/><W6/><G6/><T34/><D34/><U96/><E7/><V4/><F11/><W13/><G119/><T47/><D68/><U80/><E114/><V42/><F100/><W112/><G112/><T19/><D118/><U24/><E99/><V12/><F1/><W27/><G27/><N who="0" m="16767" /><D115/><U38/><E50/><V51/><F51/><N who="3" m="28783" /><G15/><T5/><D5/><U78/><E116/><V83/><AGARI ba="0,0" hai="4,8,12,41,42,43,77,83,86,93,94" m="41546" machi="83" ten="40,1500,0" yaku="14,1" doraHai="124" who="2" fromWho="2" sc="289,-4,254,-4,223,15,234,-7" /><INIT seed="4,0,0,2,5,115" ten="285,250,238,227" oya="0" hai0="33,134,57,16,122,107,53,25,69,37,73,113,34" hai1="44,38,48,127,130,59,109,3,129,84,90,94,126" hai2="15,100,27,68,80,8,123,87,11,110,7,61,91" hai3="0,82,20,71,17,133,42,36,97,78,111,105,26"/><T83/><D69/><U54/><E3/><V52/><F110/><W65/><G0/><T75/><D107/><U128/><E109/><V30/><F123/><W39/><G111/><T22/><D37/><U77/><E77/><V63/><F100/><W43/><G133/><T116/><D116/><U66/><E66/><V32/><F68/><W1/><G1/><T24/><D122/><U117/><E117/><V125/><F125/><N who="1" m="47625" /><E38/><V74/><F74/><W121/><G121/><T70/><D70/><U67/><E67/><V85/><F52/><W50/><G39/><T103/><D103/><U31/><E31/><V132/><F132/><W119/><G119/><T56/><D113/><U118/><E118/><V95/><REACH who="2" step="1"/><F11/><REACH who="2" ten="285,250,228,227" step="2"/><W99/><G71/><T79/><D73/><U58/><AGARI ba="0,1" hai="44,48,54,58,59,84,90,94,128,129,130" m="47625" machi="58" ten="40,2700,0" yaku="19,1,18,1" doraHai="115" who="1" fromWho="1" sc="285,-13,250,37,228,-7,227,-7" /><INIT seed="5,0,0,0,0,94" ten="272,287,221,220" oya="1" hai0="116,103,36,81,19,55,22,87,133,68,127,4,95" hai1="51,54,129,27,15,11,60,24,7,120,107,84,34" hai2="50,61,58,73,77,112,98,13,117,124,91,17,134" hai3="53,5,96,40,12,126,39,111,90,83,9,93,38"/><U3/><E120/><V63/><F117/><W115/><G111/><T69/><D36/><U109/><E129/><V18/><F124/><W131/><G126/><T99/><D127/><U92/><E107/><V105/><F134/><W66/><G131/><T14/><D116/><U31/><E24/><V123/><F123/><W132/><G132/><T28/><D133/><U65/><E109/><V30/><F30/><W86/><G115/><T33/><D4/><U49/><E3/><V88/><F112/><W74/><G74/><T6/><D6/><U108/><E54/><N who="2" m="32087" /><F73/><W67/><G53/><T16/><D19/><U32/><E32/><V76/><F105/><W122/><G122/><T100/><D100/><U64/><E64/><V85/><F98/><W46/><REACH who="3" step="1"/><G39/><REACH who="3" ten="272,287,221,210" step="2"/><T135/><D135/><U21/><E108/><V43/><F43/><W26/><G26/><T97/><D55/><U128/><E128/><V1/><F1/><W52/><G52/><T35/><D35/><U104/><E34/><V101/><F63/><W78/><AGARI ba="0,1" hai="5,9,12,38,40,46,66,67,78,83,86,90,93,96" machi="78" ten="20,8000,1" yaku="1,1,0,1,7,1,52,1,53,1" doraHai="94" doraHaiUra="41" who="3" fromWho="3" sc="272,-20,287,-40,221,-20,210,90" /><INIT seed="6,0,0,5,1,90" ten="252,247,201,300" oya="2" hai0="17,39,134,105,27,74,75,116,132,122,65,3,83" hai1="60,95,46,15,53,6,2,114,50,41,0,1,57" hai2="135,26,32,68,76,10,24,130,59,88,109,4,79" hai3="94,43,127,16,85,7,52,123,40,104,19,51,11"/><V128/><F68/><W20/><G104/><T98/><D3/><U62/><E114/><V111/><F135/><W119/><G127/><T33/><D39/><U71/><E15/><V120/><F120/><W84/><G119/><T18/><D65/><U86/><E6/><V118/><F118/><W97/><G123/><T9/><D122/><U125/><E125/><V67/><F67/><W22/><G22/><T63/><D63/><U37/><E71/><V82/><F59/><W103/><G19/><T45/><D45/><U92/><E86/><N who="3" m="33386" /><G11/><T101/><D17/><U29/><E29/><V35/><F88/><W108/><G7/><T102/><D33/><U80/><E80/><V115/><F115/><W81/><G81/><T73/><D83/><U58/><E37/><V25/><F82/><W14/><G108/><N who="2" m="41545" /><F4/><W30/><G30/><T5/><D116/><U121/><REACH who="1" step="1"/><E121/><REACH who="1" ten="252,237,201,300" step="2"/><V129/><F10/><W55/><G55/><AGARI ba="0,1" hai="0,1,2,41,46,50,53,55,57,58,60,62,92,95" machi="55" ten="40,8000,1" yaku="1,1,2,1,9,1,52,2,53,0" doraHai="90" doraHaiUra="100" who="1" fromWho="3" sc="252,0,237,90,201,0,300,-80" /><INIT seed="7,0,0,2,2,31" ten="252,327,201,220" oya="3" hai0="58,122,76,12,101,81,71,68,118,119,115,66,54" hai1="36,51,59,17,77,3,102,103,97,55,82,37,32" hai2="89,4,63,6,74,107,23,105,109,8,100,116,78" hai3="120,33,90,83,79,34,48,112,57,52,130,99,114"/><W91/><G120/><T10/><D122/><U49/><E32/><N who="3" m="12394" /><G99/><T72/><D101/><U96/><E3/><V64/><F109/><W27/><G27/><T1/><D1/><U133/><E17/><V129/><F116/><W0/><G0/><T123/><D66/><U131/><E82/><V85/><F129/><W24/><G24/><T39/><D58/><U26/><E131/><V84/><F23/><W70/><G70/><T44/><D54/><U110/><E77/><V45/><F45/><W40/><G40/><T38/><D44/><U88/><E26/><V18/><F18/><W25/><G25/><T104/><D81/><U111/><E59/><V13/><F4/><W53/><G53/><T86/><D76/><U117/><E55/><V65/><F74/><N who="3" m="43511" /><G130/><T108/><D71/><U121/><E121/><V56/><F65/><W28/><G28/><T73/><D68/><U80/><E80/><N who="2" m="47127" /><F100/><W5/><G5/><T106/><D123/><U21/><E117/><V47/><F47/><W46/><G46/><T135/><D118/><U50/><E50/><V92/><F85/><W7/><G7/><T75/><D86/><U42/><E42/><V126/><F126/><W125/><G125/><T93/><D119/><U14/><E49/><V11/><F11/><W62/><G48/><T94/><D10/><U127/><E51/><V67/><F67/><W20/><G20/><T9/><D9/><U22/><E127/><V15/><F15/><W69/><G69/><T35/><D12/><U41/><E14/><V124/><F124/><W98/><G98/><T61/><D75/><RYUUKYOKU ba="0,0" sc="252,-15,327,-15,201,15,220,15" hai2="6,8,13,56,63,64,89,92,105,107" hai3="52,57,62,90,91,112,114" /><INIT seed="7,1,0,3,5,69" ten="237,312,216,235" oya="3" hai0="65,31,6,26,18,1,60,88,10,37,71,134,132" hai1="111,61,75,80,33,40,66,128,127,42,63,131,112" hai2="102,52,126,117,20,77,73,68,27,53,47,12,67" hai3="8,30,120,2,93,94,95,23,92,4,133,70,72"/><W123/><G70/><T39/><D18/><U0/><E111/><V99/><F117/><W103/><G72/><T84/><D26/><U91/><E0/><V19/><F126/><W25/><REACH who="3" step="1"/><G133/><REACH who="3" ten="237,312,216,225" step="2"/><N who="0" m="51307" /><D31/><U5/><E75/><V58/><F68/><W74/><G74/><T15/><D1/><U118/><E118/><V45/><F67/><W78/><G78/><T101/><D101/><U41/><E66/><V35/><F73/><W32/><G32/><T34/><D34/><U21/><E33/><V82/><F77/><W129/><G129/><T113/><D113/><U81/><E112/><V46/><F82/><AGARI ba="1,1" hai="6,10,15,37,39,60,65,71,82,84,88" m="51307" machi="82" ten="30,7700,0" yaku="20,1,52,2,54,1" doraHai="69" who="0" fromWho="2" sc="237,90,312,0,216,-80,225,0" owari="327,42.0,312,11.0,136,-36.0,225,-17.0" /></mjloggm>