<mjloggm ver="2.3"><GO type="169" lobby="0"/><UN n0="%E3%83%88%E3%83%88%E3%83%AA%E5%85%88%E7%94%9F%31%39%E6%AD%B3" n1="%E6%9D%8E%E7%A9%8E%E8%97%8D" n2="%E3%81%BB%E3%81%98" n3="%E2%98%85%E9%A2%A8%E3%81%AE%E8%B0%B7%E2%98%85" dan="18,19,16,16" rate="2290.01,2216.01,2160.66,2146.66" sx="F,M,M,M"/><TAIKYOKU oya="0"/><INIT seed="0,0,0,4,4,28" ten="250,250,250,250" oya="0" hai0="72,32,103,104,35,116,34,39,6,93,101,45,52" hai1="96,122,84,49,1,112,40,131,38,44,81,133,97" hai2="127,21,62,0,16,54,75,30,117,99,29,95,80" hai3="43,31,56,106,83,113,67,70,48,51,61,111,58"/><T105/><D116/><U65/><E122/><V66/><F0/><W47/><G106/><T9/><D72/><U50/><E1/><V125/><F117/><W119/><G83/><T74/><D74/><U15/><E133/><V90/><F80/><W76/><G76/><T109/><D109/><U71/><E131/><V89/><F75/><W88/><G88/><N who="2" m="33897" /><F54/><N who="3" m="31839" /><G31/><T53/><D93/><U64/><E112/><V13/><F95/><W91/><G91/><T130/><D130/><U102/><E71/><V114/><F99/><W23/><G23/><T69/><D69/><U129/><E38/><V25/><F114/><W19/><G19/><T41/><D104/><U87/><E129/><V110/><F110/><W60/><G119/><T94/><D105/><U33/><E81/><V123/><F123/><W14/><G14/><T92/><D92/><U126/><E15/><V59/><F25/><W55/><G113/><T63/><D94/><U7/><E97/><V27/><F27/><W82/><G82/><T26/><D26/><U118/><E96/><V24/><F24/><W10/><G10/><T124/><D63/><U17/><E118/><V120/><F120/><W135/><G111/><T86/><D86/><U79/><E87/><V57/><F57/><W11/><G11/><T85/><D85/><U78/><E84/><V37/><F37/><N who="3" m="21999" /><G135/><T134/><D134/><U98/><E98/><V18/><F18/><W115/><G115/><T4/><D4/><U100/><E17/><V2/><F2/><W68/><G68/><T107/><D107/><U77/><E7/><V36/><F30/><RYUUKYOKU ba="0,0" sc="250,-10,250,-10,250,-10,250,30" hai3="48,55,58,60,61,67,70" /><INIT seed="1,1,0,5,4,36" ten="240,240,240,280" oya="1" hai0="43,41,7,116,46,25,113,30,132,110,117,112,11" hai1="107,8,4,91,88,95,66,52,130,129,108,101,38" hai2="16,54,98,109,89,28,70,71,60,100,103,135,134" hai3="122,85,47,83,57,120,45,17,72,133,87,19,5"/><U80/><E66/><V90/><F28/><W128/><G133/><N who="2" m="50697" /><F109/><W124/><G128/><N who="1" m="49258" /><E108/><V53/><F16/><W48/><G124/><T96/><D132/><U102/><E107/><N who="2" m="63895" /><F103/><N who="1" m="39433" /><E38/><V119/><F119/><W63/><G72/><T50/><D96/><U6/><E80/><V15/><F15/><W121/><G5/><N who="1" m="2154" /><E8/><V84/><F89/><N who="1" m="34377" /><E52/><N who="2" m="20075" /><F60/><W94/><G122/><T14/><D110/><U27/><E27/><V111/><F111/><W97/><G121/><T73/><D73/><U56/><E56/><V99/><F99/><W78/><G120/><T75/><D75/><U104/><E104/><V69/><F69/><W115/><G19/><T51/><D116/><U65/><E65/><V13/><F13/><W81/><G17/><T39/><D117/><U118/><E118/><V67/><F67/><W105/><G105/><T86/><D86/><U21/><E21/><V82/><AGARI ba="1,0" hai="70,71,82,84,90" m="20075,63895,50697" machi="82" ten="30,2000,0" yaku="20,1,54,1" doraHai="36" who="2" fromWho="2" sc="240,-6,240,-11,240,23,280,-6" /><INIT seed="2,0,0,5,5,127" ten="234,229,263,274" oya="2" hai0="101,92,13,10,52,33,2,48,16,29,15,37,84" hai1="73,72,43,41,131,118,109,53,31,11,129,81,85" hai2="34,20,113,12,110,56,124,120,74,88,14,93,130" hai3="97,55,39,50,22,68,42,24,91,77,17,49,26"/><V63/><F113/><W86/><G68/><T8/><D37/><U35/><E118/><V45/><F34/><W51/><G77/><T58/><D2/><U108/><E11/><V30/><F120/><W61/><G97/><T105/><D105/><U1/><E1/><V28/><F74/><N who="1" m="28777" /><E53/><V36/><F124/><W104/><G104/><T46/><D33/><U76/><E31/><V47/><F110/><N who="1" m="42601" /><E35/><V79/><F79/><W78/><G78/><T123/><D123/><U95/><E95/><V106/><F106/><W18/><G39/><T96/><D29/><N who="2" m="11370" /><F36/><W119/><G42/><AGARI ba="0,0" hai="41,42,43,76,81,85,129,131" m="42601,28777" machi="42" ten="40,5200,0" yaku="14,1,52,2" doraHai="127" who="1" fromWho="3" sc="234,0,229,52,263,0,274,-52" /><INIT seed="3,0,0,0,3,88" ten="234,281,263,222" oya="3" hai0="57,96,39,121,134,43,47,13,114,97,130,74,71" hai1="69,87,106,16,108,36,17,9,104,35,66,72,37" hai2="102,73,90,31,110,26,4,60,123,40,61,95,1" hai3="98,105,117,6,80,79,111,103,135,107,32,3,25"/><W70/><G70/><T42/><D121/><U94/><E72/><V14/><F1/><W5/><G117/><T82/><D71/><U30/><E108/><V55/><F73/><W22/><G32/><T133/><D130/><U77/><E77/><V75/><F75/><W84/><G107/><T91/><D114/><U83/><E83/><V24/><F40/><W59/><G111/><T120/><D120/><U113/><E113/><V7/><F102/><W46/><G135/><N who="0" m="51723" /><D43/><U34/><E87/><V126/><F110/><W92/><G105/><T112/><D112/><U51/><E51/><V67/><F126/><W58/><G3/><T20/><D57/><N who="3" m="21513" /><G46/><T127/><D127/><U131/><E69/><V21/><F67/><W68/><G68/><T124/><D124/><U81/><E66/><V128/><F128/><W44/><G44/><T63/><D63/><N who="2" m="24138" /><F55/><W29/><AGARI ba="0,0" hai="5,6,22,25,29,79,80,84,92,98,103" m="21513" machi="29" ten="30,3000,0" yaku="8,1,52,1" doraHai="88" who="3" fromWho="3" sc="234,-10,281,-10,263,-10,222,30" /><INIT seed="3,1,0,0,4,65" ten="224,271,253,252" oya="3" hai0="36,62,121,32,85,10,133,22,61,59,90,7,124" hai1="114,34,45,128,81,31,66,20,0,11,55,126,89" hai2="76,130,88,82,96,86,98,74,101,51,77,70,29" hai3="135,109,13,113,69,116,129,46,4,47,40,106,94"/><W87/><G116/><T60/><D121/><U23/><E114/><V50/><F29/><W122/><G113/><T57/><D32/><U48/><E128/><V131/><F51/><W54/><G122/><T125/><D36/><U103/><E103/><V107/><F50/><W119/><G106/><T27/><D133/><U118/><E118/><V68/><F77/><W100/><G119/><T18/><D124/><U71/><E126/><V72/><F98/><W73/><G73/><T78/><D78/><U92/><E81/><V53/><F53/><W80/><G135/><T25/><D25/><U39/><E39/><V49/><F49/><W112/><G112/><T37/><D37/><U24/><E11/><V3/><F3/><W91/><G69/><N who="2" m="26729" /><F74/><W64/><G64/><T16/><D18/><U6/><E6/><V38/><F38/><W127/><G54/><T110/><D125/><U44/><E0/><V8/><F8/><W41/><G127/><T120/><D120/><U75/><E75/><V79/><F79/><W28/><G28/><T63/><D10/><U56/><E71/><V2/><F2/><W17/><G41/><T26/><D7/><U52/><E66/><V104/><F104/><W93/><G40/><T1/><D1/><U99/><E45/><V83/><F83/><W21/><G47/><T105/><D105/><U67/><E67/><V115/><F115/><W30/><G46/><T15/><D59/><U97/><E99/><V84/><F84/><W58/><G30/><T108/><N who="0" m="15360" /><DORA hai="132" /><T117/><D117/><U35/><E34/><V43/><F43/><RYUUKYOKU ba="1,0" sc="224,-15,271,15,253,15,252,-15" hai1="20,23,24,31,35,44,48,52,55,56,89,92,97" hai2="72,76,82,86,88,96,101,107,130,131" /><INIT seed="4,2,0,2,0,29" ten="209,286,268,237" oya="0" hai0="16,79,26,126,96,105,49,5,70,28,45,22,55" hai1="134,68,82,14,40,115,65,133,121,52,53,97,99" hai2="111,4,1,60,112,81,98,59,132,67,66,123,38" hai3="77,41,131,80,124,10,64,21,129,30,57,116,93"/><T42/><D70/><U103/><E121/><V130/><F123/><W47/><G116/><T39/><D126/><U19/><E40/><V23/><F111/><W72/><G124/><T8/><D79/><U104/><E99/><V101/><F38/><W12/><G93/><T128/><D128/><N who="3" m="49225" /><G64/><T78/><D78/><U2/><E2/><V122/><F130/><W71/><G71/><T102/><D28/><U90/><E115/><V63/><F122/><W86/><G57/><T11/><REACH who="0" step="1"/><D5/><REACH who="0" ten="199,286,268,237" step="2"/><U15/><E68/><V54/><F4/><W109/><G109/><T13/><D13/><U118/><E15/><V88/><F1/><W58/><G72/><T17/><D17/><U27/><E19/><V120/><F120/><W33/><G30/><T84/><D84/><U3/><E14/><V36/><F112/><W46/><G10/><T100/><D100/><U75/><E103/><V34/><F101/><W76/><G77/><T0/><D0/><U7/><E3/><V83/><F98/><W25/><G12/><T73/><D73/><U20/><E75/><V108/><F108/><W18/><G86/><T91/><D91/><U31/><E90/><V35/><F88/><W24/><G76/><T74/><D74/><U6/><E6/><V114/><F114/><W85/><G85/><T95/><D95/><U9/><E7/><V69/><F69/><W48/><G18/><T62/><D62/><U127/><E127/><V32/><F60/><W61/><G61/><T125/><D125/><U87/><E9/><V37/><F63/><W117/><G80/><N who="2" m="30793" /><F66/><W50/><G117/><RYUUKYOKU ba="2,1" sc="199,30,286,-10,268,-10,237,-10" hai0="8,11,16,22,26,39,42,45,49,55,96,102,105" /><INIT seed="4,3,1,2,5,126" ten="229,276,258,227" oya="0" hai0="86,111,109,20,83,115,25,53,116,1,37,125,107" hai1="88,113,43,10,120,95,39,110,128,46,99,12,15" hai2="93,50,118,54,18,91,68,103,84,85,13,9,56" hai3="41,14,102,42,28,74,87,51,48,58,40,55,36"/><T123/><D116/><U108/><E120/><V32/><F68/><W30/><G74/><T38/><D123/><U77/><E77/><V127/><F32/><W81/><G36/><T130/><D1/><U134/><E134/><V121/><F121/><W61/><G102/><T34/><D107/><U69/><E69/><V104/><F127/><W17/><G30/><T100/><D100/><U21/><E113/><V92/><F118/><W6/><G6/><T3/><D3/><U22/><E128/><V52/><F104/><W23/><REACH who="3" step="1"/><G28/><REACH who="3" ten="229,276,258,217" step="2"/><N who="0" m="17447" /><D125/><U33/><E39/><V45/><F103/><W119/><G119/><T73/><D73/><U105/><E108/><N who="0" m="41545" /><D115/><U78/><E110/><V27/><F27/><W24/><G24/><T8/><D37/><U82/><E105/><V29/><F29/><W90/><AGARI ba="3,2" hai="14,17,23,40,41,42,48,51,55,58,61,81,87,90" machi="90" ten="30,4000,0" yaku="1,1,0,1,8,1,53,0" doraHai="126" doraHaiUra="133" who="3" fromWho="3" sc="229,-23,276,-13,258,-13,217,69" /><INIT seed="5,0,0,3,1,28" ten="206,263,245,286" oya="1" hai0="103,44,131,73,115,77,119,22,98,14,5,117,16" hai1="4,50,134,72,6,102,38,57,78,48,33,99,110" hai2="118,83,34,127,59,37,30,1,95,2,65,23,9" hai3="63,39,76,0,116,41,47,27,97,21,36,90,130"/><U123/><E123/><V89/><F37/><W3/><G130/><T19/><D131/><U75/><E38/><V69/><F118/><W121/><G121/><T11/><D115/><U112/><E112/><V92/><F69/><W10/><G39/><T104/><D44/><U35/><E57/><V24/><F127/><W129/><G10/><T56/><D19/><U45/><E45/><V18/><F83/><W86/><G76/><T60/><D77/><U51/><E78/><V120/><F120/><W135/><G97/><T40/><D40/><U101/><E99/><V81/><F81/><W61/><G129/><T49/><D49/><U88/><E88/><V68/><F68/><W71/><G116/><T87/><D87/><U26/><E26/><V114/><F114/><W20/><G20/><T55/><REACH who="0" step="1"/><D73/><REACH who="0" ten="196,263,245,286" step="2"/><U108/><E51/><V80/><F18/><W54/><G47/><T67/><D67/><U32/><E50/><V74/><F65/><W132/><G41/><T111/><D111/><U94/><E48/><V105/><F74/><W70/><G86/><T106/><D106/><U122/><E122/><V43/><F105/><W53/><G36/><T126/><D126/><U128/><E128/><V31/><F43/><W29/><G54/><T13/><AGARI ba="0,1" hai="5,11,13,14,16,22,55,56,60,98,103,104,117,119" machi="13" ten="20,8000,1" yaku="1,1,0,1,7,1,54,1,53,1" doraHai="28" doraHaiUra="52" who="0" fromWho="0" sc="196,90,263,-40,245,-20,286,-20" /><INIT seed="6,0,0,2,0,96" ten="286,223,225,266" oya="2" hai0="94,30,14,20,78,4,11,92,60,66,47,22,79" hai1="18,91,84,89,12,70,119,21,13,51,59,125,35" hai2="33,55,114,87,121,53,100,25,52,133,99,120,49" hai3="6,37,105,36,117,41,97,57,80,43,58,82,44"/><V62/><F133/><W122/><G117/><T64/><D47/><U10/><E119/><V132/><F132/><W116/><G116/><T1/><D1/><U28/><E70/><V109/><F114/><W17/><G122/><T39/><D39/><U7/><E125/><V128/><F62/><W77/><G17/><T81/><D64/><U63/><E51/><V127/><F127/><W67/><G67/><T40/><D40/><U90/><E35/><V42/><F109/><W93/><G105/><T124/><D124/><U48/><E48/><V9/><F128/><W16/><G6/><T26/><D22/><U2/><E28/><V101/><F87/><W69/><G69/><T135/><D79/><U71/><E71/><V85/><F85/><W134/><G82/><T27/><D27/><U104/><E104/><V38/><F38/><W32/><G32/><T34/><D34/><U61/><E2/><V31/><F9/><W24/><G43/><T75/><D135/><U68/><E68/><AGARI ba="0,0" hai="4,11,14,20,26,30,60,66,68,75,78,81,92,94" machi="68" ten="30,1000,0" yaku="7,1" doraHai="96" who="0" fromWho="1" sc="286,10,223,-10,225,0,266,0" /><INIT seed="7,0,0,0,3,105" ten="296,213,225,266" oya="3" hai0="103,58,59,17,42,40,41,84,121,39,70,95,71" hai1="78,1,82,16,133,116,60,3,81,73,47,128,125" hai2="94,45,124,91,68,53,49,74,115,110,48,117,52" hai3="79,33,114,26,30,18,69,130,109,87,102,66,46"/><W50/><G114/><T44/><D121/><U8/><E133/><V89/><F110/><W55/><G130/><T34/><D34/><U6/><E128/><V25/><F117/><W61/><G109/><T9/><D70/><U108/><E108/><V100/><F68/><W20/><G102/><T127/><D71/><U27/><E116/><V120/><F115/><W111/><G111/><T97/><D127/><U36/><E125/><V76/><F124/><W77/><REACH who="3" step="1"/><G87/><REACH who="3" ten="296,213,225,256" step="2"/><T10/><D84/><U11/><E82/><V13/><F120/><W5/><G5/><T88/><D103/><U4/><E60/><V22/><F100/><W90/><G90/><T15/><D88/><U63/><E63/><V28/><F91/><W38/><G38/><T7/><D39/><U101/><E101/><V107/><F89/><W29/><G29/><T134/><D134/><U135/><E135/><V57/><F107/><W0/><G0/><T131/><D131/><U12/><E27/><AGARI ba="0,1" hai="18,20,26,27,30,33,46,50,55,61,66,69,77,79" machi="27" ten="30,5800,0" yaku="1,1,7,1,53,1" doraHai="105" doraHaiUra="24" who="3" fromWho="1" sc="296,0,213,-58,225,0,256,68" owari="296,10.0,155,-34.0,225,-17.0,324,41.0" /></mjloggm>