<mjloggm ver="2.3"><GO type="169" lobby="0"/><UN n0="%E3%82%A6%E3%83%AB%E3%83%88%E3%83%A9%E7%AB%8B%E7%9B%B4" n1="%E6%98%A7%E5%85%89" n2="%E3%82%B7%E3%83%A3%E3%83%BC%E3%83%AA%E3%83%97%E3%83%88%E3%83%A9" n3="%E5%87%B6%E4%BB%8B%40%E6%9D%8F%E6%9D%8F%E8%BB%8D%E5%9B%A3" dan="17,16,16,16" rate="2218.26,2051.37,2134.00,2067.66" sx="M,F,M,M"/><TAIKYOKU oya="0"/><INIT seed="0,0,0,1,2,55" ten="250,250,250,250" oya="0" hai0="38,29,39,96,57,51,90,35,25,87,130,17,59" hai1="16,47,3,123,60,92,98,69,78,43,80,115,44" hai2="131,74,97,91,42,40,72,50,27,77,61,99,9" hai3="15,28,73,7,129,118,108,56,49,63,109,34,32"/><T0/><D0/><U53/><E115/><V20/><F131/><W45/><G118/><T134/><D130/><U117/><E117/><V132/><F132/><W76/><G129/><T104/><D134/><U135/><E123/><V24/><F9/><N who="3" m="4543" /><G28/><T46/><D17/><U120/><E120/><V100/><F20/><W19/><G19/><T71/><D71/><U102/><E3/><V12/><F12/><W41/><G76/><T18/><D18/><U21/><E135/><V58/><F77/><W37/><G73/><T124/><D124/><U64/><E53/><V23/><F23/><W122/><G122/><T70/><D70/><U31/><E31/><V66/><F24/><W65/><G37/><T111/><D111/><AGARI ba="0,0" hai="32,34,41,45,49,56,63,65,108,109,111" m="4543" machi="111" ten="30,2000,0" yaku="14,1,52,1" doraHai="55" who="3" fromWho="0" sc="250,-20,250,0,250,0,250,20" /><INIT seed="1,0,0,5,1,66" ten="230,250,250,270" oya="1" hai0="40,113,79,18,104,88,102,97,55,26,130,5,19" hai1="107,117,116,42,93,16,35,11,15,100,84,45,125" hai2="27,32,31,118,53,33,122,111,101,96,129,51,71" hai3="75,126,28,108,95,67,127,112,94,6,38,103,25"/><U110/><E125/><N who="3" m="47626" /><G112/><T34/><D130/><U46/><E35/><V134/><F118/><W114/><G114/><T43/><D79/><U78/><E110/><V36/><F36/><W133/><G108/><T41/><D5/><U1/><E1/><V81/><F111/><W30/><G75/><T2/><D2/><U48/><E45/><V131/><F122/><W44/><G67/><T39/><D39/><U86/><E107/><V12/><F33/><W59/><G6/><T124/><D124/><U91/><REACH who="1" step="1"/><E100/><REACH who="1" ten="230,240,250,270" step="2"/><V37/><F32/><W120/><G44/><T22/><D34/><U62/><E62/><V10/><F101/><W119/><G103/><T98/><D113/><U8/><E8/><V132/><F10/><W56/><G119/><T61/><D61/><U82/><AGARI ba="0,1" hai="11,15,16,42,46,48,78,82,84,86,91,93,116,117" machi="82" ten="30,6000,0" yaku="1,1,0,1,54,1,53,0" doraHai="66" doraHaiUra="128" who="1" fromWho="1" sc="230,-20,240,70,250,-20,270,-20" /><INIT seed="1,1,0,5,0,78" ten="210,310,230,250" oya="1" hai0="99,72,52,81,10,36,73,58,14,49,68,57,7" hai1="20,124,129,105,25,71,35,48,16,108,23,115,77" hai2="66,118,24,117,74,123,114,97,62,26,83,103,6" hai3="63,65,87,33,116,70,82,55,34,60,4,102,0"/><U126/><E105/><V54/><F123/><W133/><G133/><T98/><D68/><U121/><E71/><V43/><F114/><W12/><G0/><T61/><D36/><U42/><E115/><V109/><F109/><W88/><G116/><T84/><D73/><U45/><E121/><V130/><F130/><W69/><G102/><T21/><D21/><U104/><E104/><V135/><F135/><W40/><G40/><T125/><D72/><U67/><E67/><V111/><F54/><W9/><REACH who="3" step="1"/><G55/><REACH who="3" ten="210,310,230,240" step="2"/><N who="0" m="31983" /><D125/><N who="1" m="48235" /><E129/><V93/><F43/><W112/><G112/><T17/><D7/><U131/><E131/><V51/><F118/><W56/><G56/><T119/><D119/><U90/><E108/><V11/><F111/><W5/><G5/><T13/><D13/><U89/><E35/><V22/><F117/><W38/><G38/><T94/><D94/><U85/><E23/><V92/><F22/><W15/><G15/><T64/><D64/><AGARI ba="1,1" hai="4,9,12,33,34,60,63,64,65,69,70,82,87,88" machi="64" ten="40,8000,1" yaku="1,1,9,1,52,1,54,1,53,0" doraHai="78" doraHaiUra="107" who="3" fromWho="0" sc="210,-83,310,0,230,0,240,93" /><INIT seed="2,0,0,5,2,122" ten="127,310,230,333" oya="2" hai0="28,113,22,25,132,37,105,78,68,57,120,24,17" hai1="97,63,35,30,71,55,124,123,83,15,73,36,76" hai2="125,86,27,121,112,20,18,32,67,96,60,100,72" hai3="38,101,64,50,110,117,10,93,102,111,33,70,21"/><V84/><F121/><W119/><G33/><T103/><D37/><U89/><E124/><V126/><F112/><W99/><G38/><T77/><D113/><U0/><E36/><V3/><F72/><W26/><G10/><T115/><D115/><U52/><E0/><V81/><F3/><W75/><G75/><T74/><D120/><U14/><E123/><V8/><F32/><W2/><G2/><T34/><D132/><U118/><E118/><V108/><F8/><W94/><G50/><T6/><D6/><U19/><E71/><V88/><F86/><W114/><G114/><T47/><D74/><U109/><E35/><V42/><F42/><W79/><G79/><T7/><D47/><U91/><E73/><V12/><F27/><W23/><G26/><T82/><D57/><U59/><E76/><V58/><REACH who="2" step="1"/><F108/><REACH who="2" ten="127,310,220,333" step="2"/><N who="3" m="41515" /><G117/><T98/><D24/><U85/><E109/><V46/><F46/><W107/><G119/><T11/><D25/><U13/><E85/><V40/><F40/><W41/><G41/><T133/><D11/><U16/><E97/><V127/><F127/><W134/><G134/><T45/><D98/><U49/><E30/><V90/><F90/><N who="1" m="34313" /><E83/><V1/><F1/><W62/><G107/><AGARI ba="0,1" hai="12,18,20,58,60,67,81,84,88,96,100,107,125,126" machi="107" ten="40,3900,0" yaku="1,1,54,1,53,0" doraHai="122" doraHaiUra="51" who="2" fromWho="3" sc="127,0,310,0,220,49,333,-39" /><INIT seed="2,1,0,3,2,27" ten="127,310,269,294" oya="2" hai0="105,109,75,114,4,45,120,51,43,31,50,72,26" hai1="24,87,6,81,111,34,41,113,125,131,133,101,23" hai2="117,49,67,102,91,56,90,89,60,96,103,122,69" hai3="40,118,119,82,99,78,1,130,37,100,86,25,98"/><V10/><F117/><W28/><G1/><T9/><D114/><U48/><E113/><V30/><F122/><W53/><G130/><T108/><D105/><U22/><E111/><N who="0" m="42569" /><D51/><U112/><E112/><V33/><F10/><W68/><G68/><T38/><D50/><U128/><E101/><V11/><F11/><W5/><G5/><T76/><D76/><U116/><E6/><V18/><F18/><W121/><G121/><T3/><D120/><U42/><E116/><V135/><F135/><W47/><G53/><T15/><D15/><U55/><E125/><V79/><F103/><W126/><G126/><T13/><D13/><U127/><E127/><V106/><F79/><W71/><G71/><T19/><D19/><U88/><E133/><V54/><REACH who="2" step="1"/><F91/><REACH who="2" ten="127,310,259,294" step="2"/><W63/><G119/><T57/><D57/><N who="1" m="32999" /><E131/><V132/><F132/><W66/><G118/><T7/><D7/><U94/><E128/><V85/><F85/><W35/><G100/><T134/><D134/><U124/><E124/><V32/><F32/><AGARI ba="1,1" hai="3,4,9,26,31,32,38,43,45,72,75" m="42569" machi="32" ten="30,3900,0" yaku="14,1,23,1,52,1" doraHai="27" who="0" fromWho="2" sc="127,52,310,0,259,-42,294,0" /><INIT seed="3,0,0,0,0,97" ten="179,310,217,294" oya="3" hai0="121,85,50,12,10,129,4,66,76,51,78,43,6" hai1="18,28,92,86,77,11,54,37,64,53,3,46,33" hai2="69,132,1,122,60,65,79,45,81,83,42,27,109" hai3="125,120,39,115,15,41,7,80,111,105,110,21,114"/><W17/><G105/><T35/><D35/><U90/><E64/><V34/><F83/><W26/><G80/><T0/><D129/><U133/><E133/><V95/><F95/><W128/><G41/><T130/><D130/><U56/><E33/><V107/><F107/><W49/><G49/><T106/><D106/><U94/><E28/><N who="2" m="19743" /><F1/><W124/><G39/><T68/><D4/><U72/><E37/><N who="2" m="21711" /><F132/><W20/><G128/><T5/><D5/><U40/><E40/><V112/><F112/><N who="3" m="43051" /><G120/><T101/><D51/><U70/><E46/><V135/><F135/><W119/><G119/><T126/><D50/><U116/><E116/><V74/><F109/><N who="3" m="41483" /><G7/><T82/><D6/><U16/><E92/><V123/><AGARI ba="0,0" hai="60,65,69,74,79,81,122,123" m="21711,19743" machi="123" ten="30,1100,0" yaku="23,1" doraHai="97" who="2" fromWho="2" sc="179,-3,310,-3,217,11,294,-5" /><INIT seed="4,0,0,5,1,84" ten="176,307,228,289" oya="0" hai0="48,26,79,43,72,92,25,16,112,125,49,59,47" hai1="65,45,66,52,82,5,62,54,22,107,23,60,35" hai2="28,111,10,3,102,63,101,19,9,75,108,91,18" hai3="97,53,73,21,78,6,7,24,42,12,1,110,96"/><T30/><D125/><U131/><E131/><V88/><F63/><N who="1" m="24105" /><E107/><V95/><F95/><W2/><G110/><T81/><D112/><U93/><E35/><V20/><F20/><N who="1" m="7721" /><E93/><V51/><F51/><W121/><G121/><T132/><D132/><U87/><E5/><V70/><F75/><W68/><G68/><T90/><D16/><U133/><E133/><V100/><F70/><W44/><G7/><T89/><D30/><U126/><E126/><V0/><F102/><W11/><G53/><N who="1" m="20586" /><E45/><V129/><F28/><W40/><G40/><T103/><D59/><U15/><E15/><V74/><F74/><W46/><G46/><T134/><D134/><U13/><E13/><V123/><F123/><W122/><G122/><T115/><D115/><U31/><E31/><V41/><F41/><W50/><G2/><T8/><D49/><U116/><E116/><V37/><F129/><W130/><G1/><T38/><D48/><U98/><E98/><V14/><REACH who="2" step="1"/><F14/><REACH who="2" ten="176,307,218,289" step="2"/><W113/><G130/><T76/><D103/><U32/><E32/><V135/><F135/><W118/><G113/><T114/><D114/><U124/><E124/><V117/><F117/><W33/><G118/><T119/><D119/><U104/><E104/><V17/><F17/><N who="3" m="12335" /><G33/><T128/><D128/><U29/><E29/><V27/><F27/><N who="0" m="10250" /><D92/><U57/><E57/><V94/><F94/><W86/><G73/><N who="0" m="43151" /><D8/><U36/><E36/><AGARI ba="0,1" hai="0,3,9,10,18,19,36,37,88,91,100,101,108,111" machi="36" ten="25,12000,2" yaku="1,1,22,2,52,2,54,1,53,0" doraHai="84" doraHaiUra="105" who="2" fromWho="1" sc="176,0,307,-120,218,130,289,0" /><INIT seed="5,0,0,0,2,94" ten="176,187,348,289" oya="1" hai0="11,74,56,26,58,84,91,87,108,120,8,107,104" hai1="43,24,59,10,41,134,34,12,130,99,51,18,79" hai2="39,25,131,9,101,61,48,23,36,105,47,27,92" hai3="4,116,52,28,114,110,100,75,45,132,42,19,124"/><U63/><E130/><V49/><F131/><W50/><G110/><T125/><D26/><U7/><E134/><V37/><F105/><W118/><G114/><T86/><D91/><U44/><E79/><V76/><F76/><W96/><G132/><T67/><D67/><U89/><E41/><V57/><F9/><W68/><G68/><T32/><D86/><U117/><E117/><N who="3" m="45162" /><G75/><T14/><D14/><U0/><E0/><V2/><F27/><W20/><G28/><T13/><D13/><U54/><E34/><V3/><F3/><W128/><G128/><T126/><D32/><U95/><E24/><V119/><F2/><W1/><G124/><T106/><D106/><U83/><REACH who="1" step="1"/><E83/><REACH who="1" ten="176,177,348,289" step="2"/><V77/><F119/><W111/><G1/><T103/><D108/><U122/><E122/><V64/><F77/><W35/><G111/><T82/><D82/><U30/><E30/><V88/><F36/><W115/><G35/><T135/><D135/><U133/><E133/><V85/><F37/><W72/><G42/><T29/><D29/><U123/><E123/><V81/><F39/><W80/><G80/><T129/><D129/><U62/><E62/><V98/><F47/><W102/><G45/><T71/><D120/><U60/><E60/><V6/><F6/><AGARI ba="0,1" hai="6,7,10,12,18,43,44,51,54,59,63,89,95,99" machi="6" ten="40,7700,0" yaku="1,1,8,1,52,1,53,0" doraHai="94" doraHaiUra="33" who="1" fromWho="2" sc="176,0,177,87,348,-77,289,0" /><INIT seed="5,1,0,1,4,129" ten="176,264,271,289" oya="1" hai0="105,7,94,51,91,30,20,95,117,48,124,37,75" hai1="110,99,131,74,122,86,23,127,67,112,125,109,87" hai2="14,115,16,64,47,27,56,35,89,38,36,1,29" hai3="126,62,70,98,60,85,96,46,15,32,22,93,52"/><U90/><E67/><V31/><F1/><W58/><G32/><T44/><D105/><U134/><E23/><V18/><F115/><W78/><G126/><N who="1" m="48138" /><E74/><V45/><F56/><N who="3" m="34823" /><G70/><T92/><D75/><U100/><E122/><V25/><F89/><N who="3" m="53423" /><G78/><T34/><D34/><U5/><E5/><V97/><F35/><W133/><G46/><T114/><D37/><U88/><E112/><V79/><F14/><W6/><G133/><T103/><D114/><U49/><E49/><V111/><F79/><W101/><G101/><T3/><D103/><U42/><E42/><V43/><F64/><N who="3" m="38999" /><G6/><T116/><D92/><N who="1" m="58471" /><E131/><V53/><F53/><W80/><G80/><T107/><D94/><N who="1" m="54551" /><E134/><V113/><F113/><W108/><G108/><T65/><D124/><U66/><E66/><V84/><F111/><W21/><G21/><T41/><D20/><U106/><E106/><V77/><F43/><W0/><G0/><T63/><D107/><U54/><E54/><V59/><F36/><W128/><G128/><T55/><D55/><U4/><E4/><V2/><F38/><W26/><G15/><T57/><D51/><U19/><E19/><AGARI ba="1,0" hai="19,22,26,96,98" m="38999,53423,34823" machi="19" ten="30,2000,0" yaku="8,1,54,1" doraHai="129" who="3" fromWho="1" sc="176,0,264,-23,271,0,289,23" /><INIT seed="6,0,0,3,1,87" ten="176,241,271,312" oya="2" hai0="92,77,81,70,27,38,90,21,45,133,23,86,30" hai1="19,124,8,17,13,61,52,116,97,47,74,24,41" hai2="114,67,112,62,6,34,115,64,50,26,122,83,119" hai3="99,80,7,25,113,35,135,110,57,60,111,123,72"/><V101/><F119/><W15/><G123/><T121/><D70/><U91/><E74/><V39/><F122/><W31/><G135/><T10/><D121/><U79/><E116/><V16/><F39/><W85/><G72/><T5/><D133/><U84/><E124/><V36/><F36/><W76/><G113/><T53/><D53/><U69/><E69/><V9/><F101/><W55/><G99/><T93/><D45/><U129/><E129/><V103/><F50/><W96/><G96/><T105/><D105/><U4/><E79/><V46/><F103/><W43/><G43/><T118/><D38/><U22/><E97/><V117/><F83/><W109/><G7/><T89/><D118/><U120/><E120/><V44/><F117/><W130/><G15/><N who="0" m="5583" /><D21/><U102/><E102/><V37/><F37/><W104/><G130/><T54/><D54/><U106/><E106/><V107/><F67/><W29/><G29/><T75/><D75/><U11/><E41/><V134/><F107/><W78/><REACH who="3" step="1"/><G104/><REACH who="3" ten="176,241,271,302" step="2"/><T33/><D33/><U51/><E4/><V82/><F134/><W20/><G20/><T65/><D65/><U73/><E73/><V127/><F34/><W18/><G18/><T2/><D2/><U14/><E61/><V98/><F114/><W42/><G42/><T3/><D3/><U59/><E22/><N who="2" m="13639" /><F112/><W126/><G126/><T108/><D108/><U56/><E24/><V68/><F127/><W128/><G128/><T49/><D49/><U32/><E32/><V132/><F115/><W1/><G1/><T131/><D131/><U100/><E100/><RYUUKYOKU ba="0,1" sc="176,10,241,10,271,-30,302,10" hai0="23,27,30,77,81,86,89,90,92,93" hai1="8,11,13,14,17,19,47,51,52,56,59,84,91" hai3="25,31,35,55,57,60,76,78,80,85,109,110,111" /><INIT seed="7,1,1,3,2,53" ten="186,251,241,312" oya="3" hai0="66,95,59,3,75,5,113,92,44,1,68,9,111" hai1="116,36,60,101,72,74,54,85,135,69,0,12,39" hai2="31,122,98,49,29,33,79,108,25,17,48,11,104" hai3="94,129,24,121,114,105,23,8,109,130,125,106,83"/><W87/><G121/><T103/><D111/><U14/><E0/><V82/><F108/><W81/><G109/><T78/><D68/><U118/><E101/><V88/><F122/><W45/><G125/><T119/><D119/><N who="1" m="45611" /><E135/><V123/><F123/><W61/><G61/><BYE who="3" /><UN n3="%E5%87%B6%E4%BB%8B%40%E6%9D%8F%E6%9D%8F%E8%BB%8D%E5%9B%A3" /><T64/><D1/><U80/><E69/><V52/><F48/><W28/><G114/><T63/><D113/><U57/><E12/><V35/><F104/><W6/><G45/><T91/><D103/><U46/><E14/><V2/><F2/><W21/><G21/><T62/><D44/><U90/><E46/><N who="2" m="27703" /><F33/><W97/><G105/><T41/><D41/><U76/><E76/><V132/><F35/><W13/><G106/><T27/><D27/><U112/><E112/><V47/><F47/><W4/><G4/><T32/><D32/><U124/><E124/><V18/><F132/><W89/><REACH who="3" step="1"/><G81/><REACH who="3" ten="186,251,241,302" step="2"/><T71/><REACH who="0" step="1"/><D91/><AGARI ba="1,2" hai="6,8,13,23,24,28,83,87,89,91,94,97,129,130" machi="91" ten="40,3900,0" yaku="1,1,2,1,53,0" doraHai="53" doraHaiUra="134" who="3" fromWho="0" sc="186,-42,251,0,241,0,302,62" owari="144,-36.0,251,5.0,241,-16.0,364,47.0" /></mjloggm>