<mjloggm ver="2.3"><GO type="169" lobby="0"/><UN n0="%E7%82%8E%E3%81%AE%E3%82%B7%E3%83%A5%E3%83%AC%E3%83%B3" n1="%E3%82%A6%E3%83%AB%E3%83%88%E3%83%A9%E7%AB%8B%E7%9B%B4" n2="%E5%A4%A9%E6%B1%9F%E8%A1%A3%EF%BC%A0" n3="%50%45%41%43%45%31%30" dan="16,18,16,16" rate="2111.34,2252.90,2110.10,2104.58" sx="M,M,F,M"/><TAIKYOKU oya="0"/><INIT seed="0,0,0,3,2,44" ten="250,250,250,250" oya="0" hai0="58,92,0,70,14,48,29,1,99,86,66,18,117" hai1="94,3,35,40,52,111,80,13,135,122,87,34,102" hai2="109,82,114,83,49,115,105,4,6,7,9,38,89" hai3="19,31,60,12,77,78,98,43,22,17,32,74,91"/><T73/><D73/><U42/><E3/><V85/><F38/><W100/><G32/><T130/><D117/><U101/><E122/><V72/><F105/><W96/><G31/><T79/><D29/><U23/><E35/><V131/><F109/><W11/><G74/><T5/><D70/><U123/><E34/><V76/><F131/><W54/><G43/><T51/><D130/><U53/><E135/><V27/><F27/><W20/><G11/><T84/><D1/><U106/><E106/><V28/><F28/><W126/><G126/><T121/><D5/><U75/><E75/><V116/><F116/><W61/><G91/><N who="0" m="55711" /><D0/><U46/><E111/><V2/><F2/><W16/><G54/><N who="1" m="21098" /><E123/><V113/><REACH who="2" step="1"/><F9/><REACH who="2" ten="250,250,240,250" step="2"/><W97/><G100/><T37/><D37/><U129/><E102/><V118/><F118/><W68/><G68/><T108/><D108/><U8/><E101/><V81/><F81/><W24/><REACH who="3" step="1"/><G19/><REACH who="3" ten="250,250,240,240" step="2"/><T120/><D18/><U36/><E8/><V50/><AGARI ba="0,2" hai="4,6,7,49,50,72,76,82,83,85,89,113,114,115" machi="50" ten="40,8000,1" yaku="1,1,0,1,52,2,53,0" doraHai="44" doraHaiUra="57" who="2" fromWho="2" sc="250,-40,250,-20,240,100,240,-20" /><INIT seed="1,0,0,4,5,0" ten="210,230,340,220" oya="1" hai0="125,20,124,42,35,106,55,11,101,122,85,23,29" hai1="43,75,93,114,21,110,59,73,115,108,56,81,27" hai2="99,123,12,76,48,120,64,16,84,100,90,7,19" hai3="4,70,104,63,62,83,109,31,72,112,128,28,67"/><U89/><E43/><V54/><F64/><W107/><G112/><T61/><D35/><U129/><E129/><V9/><F76/><W36/><G128/><T91/><D122/><U52/><E114/><V44/><F123/><W130/><G130/><T30/><D42/><U119/><E119/><V33/><F33/><W1/><G36/><T133/><D133/><U46/><E46/><V131/><F131/><W24/><G63/><T94/><D11/><U13/><E13/><V49/><F120/><W25/><G25/><T88/><D91/><U96/><E59/><V103/><F49/><W77/><G109/><N who="1" m="42090" /><E81/><V105/><REACH who="2" step="1"/><F100/><REACH who="2" ten="210,230,330,220" step="2"/><W37/><G37/><T41/><D101/><U126/><E115/><V69/><F69/><W98/><G104/><T92/><D106/><U71/><E71/><V117/><F117/><W45/><G107/><T87/><D125/><U111/><E126/><V121/><F121/><W3/><G67/><T38/><D124/><U74/><E111/><V127/><F127/><W6/><G77/><T78/><D78/><U132/><E132/><V60/><F60/><W26/><G62/><T53/><D61/><N who="1" m="35975" /><E75/><V80/><AGARI ba="0,1" hai="7,9,12,16,19,44,48,54,80,84,90,99,103,105" machi="80" ten="20,8000,1" yaku="1,1,0,1,7,1,52,1,54,1,53,0" doraHai="0" doraHaiUra="57" who="2" fromWho="2" sc="210,-20,230,-40,330,90,220,-20" /><INIT seed="2,0,0,3,0,27" ten="190,190,420,200" oya="2" hai0="55,124,86,103,126,100,42,70,114,2,82,80,12" hai1="9,0,96,106,125,118,28,105,123,7,34,65,108" hai2="19,97,92,44,30,90,4,128,15,8,41,117,69" hai3="110,112,133,83,73,43,107,85,50,66,81,10,53"/><V93/><F69/><W18/><G107/><T33/><D2/><U29/><E118/><V84/><F117/><W6/><G110/><T111/><D114/><U113/><E113/><V56/><F128/><W17/><G112/><T77/><D111/><U75/><E108/><V51/><F56/><W71/><G133/><T132/><D132/><U121/><E75/><V49/><F30/><N who="1" m="11881" /><E34/><V60/><F60/><W11/><G43/><T54/><D33/><U5/><E5/><V129/><F129/><W79/><G66/><T59/><D42/><U68/><E125/><V47/><F4/><W102/><G71/><T3/><D3/><U122/><E96/><V134/><F134/><W38/><G102/><T40/><D40/><U104/><E68/><V72/><F72/><W21/><G38/><T36/><D36/><U57/><E57/><V52/><REACH who="2" step="1"/><F97/><REACH who="2" ten="190,190,410,200" step="2"/><W46/><G6/><T62/><D70/><U20/><E65/><V91/><F91/><W130/><G130/><T32/><D59/><U61/><E61/><V48/><F48/><W131/><G131/><T95/><D62/><U63/><E63/><V76/><F76/><W16/><G73/><T1/><D77/><U109/><E109/><V74/><F74/><W115/><G115/><T127/><D126/><U135/><E135/><V31/><F31/><W120/><G79/><T37/><D127/><U35/><E35/><V39/><F39/><W13/><G50/><T25/><D32/><U22/><AGARI ba="0,1" hai="0,7,9,20,22,104,105,106,121,122,123" m="11881" machi="22" ten="50,8000,1" yaku="13,1,52,3" doraHai="27" who="1" fromWho="1" sc="190,-20,190,90,410,-40,200,-20" /><INIT seed="3,0,0,3,1,76" ten="170,280,370,180" oya="3" hai0="127,129,95,38,0,92,91,75,94,2,39,101,93" hai1="85,99,58,42,130,9,63,41,125,45,56,90,50" hai2="32,68,26,87,107,114,106,121,37,123,64,51,44" hai3="14,115,4,40,66,78,117,97,81,46,89,70,52"/><W47/><G117/><T134/><D129/><U54/><E125/><V103/><F114/><W120/><G115/><T17/><D127/><U82/><E130/><V72/><F72/><W24/><G120/><N who="2" m="46153" /><F37/><W25/><G70/><T116/><D116/><U83/><E99/><V113/><F103/><W59/><G66/><T28/><D101/><U88/><E9/><V6/><F6/><W36/><G47/><T132/><D28/><U122/><E122/><V109/><F109/><W104/><G104/><T77/><D17/><U128/><E128/><V74/><F74/><W1/><G1/><N who="0" m="619" /><D77/><U71/><E71/><V55/><F113/><W21/><G97/><T29/><D29/><U96/><E96/><V30/><F87/><W110/><G89/><T84/><D75/><U33/><E33/><V27/><F27/><W16/><G4/><T49/><D49/><U48/><E48/><V57/><F68/><W111/><G24/><T79/><D79/><U60/><E58/><V53/><F64/><W73/><REACH who="3" step="1"/><G25/><REACH who="3" ten="170,280,370,170" step="2"/><T22/><D91/><U112/><E112/><V18/><F18/><W61/><AGARI ba="0,1" hai="14,16,21,36,40,46,52,59,61,73,78,81,110,111" machi="61" ten="30,18000,2" yaku="1,1,2,1,0,1,52,1,54,2,53,0" doraHai="76" doraHaiUra="124" who="3" fromWho="3" sc="170,-60,280,-60,370,-60,170,190" /><INIT seed="3,1,0,2,2,42" ten="110,220,310,360" oya="3" hai0="88,35,9,105,51,43,38,92,133,29,110,129,63" hai1="24,5,135,10,127,26,58,128,50,15,116,16,61" hai2="80,65,31,100,60,118,6,78,107,21,98,13,55" hai3="18,71,25,79,23,7,20,70,69,4,73,28,123"/><W96/><G123/><T2/><D105/><U81/><E128/><V122/><F118/><W54/><G96/><T57/><D38/><U33/><E127/><V87/><F122/><W72/><G54/><T97/><D129/><U12/><E135/><V120/><F120/><W134/><G134/><T111/><D133/><U126/><E126/><V66/><F6/><W34/><G34/><T103/><D35/><U53/><E33/><V64/><F55/><W86/><G86/><T30/><D2/><U41/><E116/><V67/><F13/><W112/><G112/><T121/><D9/><U3/><E3/><V85/><F85/><W62/><G62/><T115/><D121/><U59/><E81/><V22/><REACH who="2" step="1"/><F31/><REACH who="2" ten="110,220,300,360" step="2"/><W52/><G52/><N who="0" m="34215" /><D115/><U11/><E41/><V68/><AGARI ba="1,1" hai="21,22,60,64,65,66,67,68,78,80,87,98,100,107" machi="68" ten="30,2000,0" yaku="1,1,0,1,53,0" doraHai="42" doraHaiUra="91" who="2" fromWho="2" sc="110,-6,220,-6,300,33,360,-11" /><INIT seed="4,0,0,4,0,112" ten="104,214,333,349" oya="0" hai0="104,134,115,18,24,108,97,16,17,21,61,80,131" hai1="58,0,56,77,9,25,114,71,60,52,37,102,66" hai2="84,98,49,5,2,72,15,39,74,29,26,53,35" hai3="126,123,13,44,45,82,118,33,93,130,41,86,34"/><T90/><D115/><U10/><E114/><V27/><F39/><W1/><G1/><T101/><D131/><U107/><E77/><V95/><F2/><W96/><G130/><T109/><D134/><U62/><E37/><V94/><F84/><W38/><G126/><T12/><D61/><U125/><E125/><V99/><F27/><W32/><G123/><T3/><D3/><U129/><E129/><V111/><F111/><N who="0" m="42570" /><D12/><U103/><E0/><V55/><F55/><W36/><G13/><T43/><D43/><U73/><E73/><V30/><F30/><W50/><G44/><T89/><D80/><U57/><E71/><V65/><F65/><W79/><REACH who="3" step="1"/><G118/><REACH who="3" ten="104,214,333,339" step="2"/><T22/><D22/><U42/><E10/><V128/><F128/><W23/><G23/><T19/><AGARI ba="0,1" hai="16,17,18,19,21,24,89,90,97,101,104" m="42570" machi="19" ten="30,3000,0" yaku="10,1,54,1" doraHai="112" who="0" fromWho="0" sc="104,40,214,-10,333,-10,339,-10" /><INIT seed="4,1,0,4,4,55" ten="144,204,323,329" oya="0" hai0="117,108,26,21,119,102,110,46,34,1,92,135,54" hai1="94,18,129,115,112,31,45,113,5,47,49,50,25" hai2="44,77,42,75,36,69,98,86,0,81,132,130,53" hai3="16,85,22,79,125,72,78,48,41,90,97,121,106"/><T134/><D1/><U43/><E5/><V13/><F0/><W123/><G125/><T20/><D102/><U58/><E129/><V118/><F69/><W15/><G106/><T70/><D70/><U88/><E18/><V35/><F35/><W66/><G97/><T84/><D92/><U8/><E8/><V24/><F24/><W73/><G66/><T51/><D84/><U87/><E58/><V10/><F130/><W120/><G41/><T100/><D100/><U109/><E109/><N who="0" m="42089" /><D34/><N who="1" m="20847" /><E47/><V111/><F111/><W11/><G48/><AGARI ba="1,0" hai="43,45,48,49,50,87,88,94,112,113,115" m="20847" machi="48" ten="30,3900,0" yaku="15,1,11,1,54,1" doraHai="55" who="1" fromWho="3" sc="144,0,204,42,323,0,329,-42" /><INIT seed="5,0,0,0,1,130" ten="144,246,323,287" oya="1" hai0="55,25,100,18,64,89,124,87,82,4,135,67,32" hai1="113,132,9,58,7,115,99,80,112,41,91,23,110" hai2="42,14,20,48,44,70,21,2,83,35,95,37,125" hai3="27,36,114,22,81,79,57,8,33,52,50,96,102"/><U63/><E41/><V54/><F2/><W73/><G36/><T86/><D124/><U61/><E110/><V119/><F35/><W123/><G33/><T133/><D4/><U39/><E39/><V30/><F119/><W106/><G8/><T71/><D100/><U29/><E132/><N who="0" m="50761" /><D71/><U47/><E47/><V129/><F70/><W31/><REACH who="3" step="1"/><G114/><REACH who="3" ten="144,246,323,277" step="2"/><T60/><D87/><N who="1" m="50663" /><E99/><V75/><F37/><W122/><AGARI ba="0,1" hai="22,27,31,50,52,57,73,79,81,96,102,106,122,123" machi="122" ten="30,4000,0" yaku="1,1,0,1,54,1,53,0" doraHai="130" doraHaiUra="69" who="3" fromWho="3" sc="144,-10,246,-20,323,-10,277,50" /><INIT seed="6,0,0,2,1,67" ten="134,226,313,327" oya="2" hai0="80,113,14,31,76,85,131,45,115,104,61,99,22" hai1="7,24,28,70,73,103,129,11,3,63,121,123,107" hai2="90,40,39,84,37,79,29,48,30,109,36,97,53" hai3="59,102,64,112,33,44,25,130,86,110,43,12,124"/><V133/><F133/><W55/><G110/><T81/><D131/><U50/><E50/><V74/><F109/><W114/><G130/><T117/><D117/><U17/><E17/><V38/><F40/><W72/><G72/><T62/><D45/><U41/><E41/><V101/><N who="2" m="9728" /><DORA hai="54" /><V75/><F79/><W4/><G64/><T108/><D108/><U87/><E87/><V100/><F75/><W16/><G124/><T51/><D51/><U93/><E93/><V19/><F19/><W52/><G102/><T27/><D14/><U0/><E0/><V13/><F13/><W10/><G43/><T116/><D116/><U23/><E73/><V94/><F74/><W91/><G44/><T56/><D81/><U1/><E1/><V47/><REACH who="2" step="1"/><F101/><REACH who="2" ten="134,226,303,327" step="2"/><W122/><G112/><T35/><D115/><U26/><E103/><V132/><F132/><W125/><G114/><T135/><D135/><U57/><E129/><V105/><AGARI ba="0,1" hai="29,30,47,48,53,84,90,94,97,100,105" m="9728" machi="105" ten="60,18000,2" yaku="1,1,0,1,53,5" doraHai="67,54" doraHaiUra="46,71" who="2" fromWho="2" sc="134,-60,226,-60,303,190,327,-60" /><INIT seed="6,1,0,4,0,103" ten="74,166,493,267" oya="2" hai0="72,107,117,101,118,112,36,6,125,124,28,1,20" hai1="78,96,74,88,5,43,52,57,16,85,53,71,18" hai2="102,27,61,7,66,122,80,94,91,40,123,75,63" hai3="133,82,81,21,34,89,10,13,67,110,83,106,95"/><V45/><F102/><W119/><G110/><T77/><D36/><U76/><E71/><V114/><F114/><W84/><G34/><T99/><D6/><U108/><E74/><V69/><F61/><W131/><G119/><N who="0" m="45579" /><D1/><U62/><E108/><V109/><F109/><W8/><G133/><T90/><D20/><U128/><E128/><V48/><F27/><W12/><G131/><T70/><D70/><U98/><E43/><V59/><F7/><W14/><G106/><T42/><D42/><U105/><E105/><V4/><F4/><W35/><G35/><T86/><D28/><U129/><E53/><V68/><F68/><W56/><G21/><T46/><D46/><U116/><E5/><V47/><F47/><W44/><G44/><T130/><D130/><U25/><E129/><V54/><F80/><W97/><G84/><T0/><D0/><U26/><E116/><V60/><F75/><W73/><G73/><T11/><D11/><U49/><E62/><AGARI ba="1,0" hai="8,10,12,13,14,56,62,67,81,82,83,89,95,97" machi="62" ten="40,1300,0" yaku="8,1" doraHai="103" who="3" fromWho="1" sc="74,0,166,-16,493,0,267,16" /><INIT seed="7,0,0,1,3,92" ten="74,150,493,283" oya="3" hai0="120,18,69,52,85,26,101,14,50,95,110,108,57" hai1="32,72,123,21,91,97,75,82,56,54,107,117,70" hai2="42,61,135,15,79,62,0,129,66,55,100,39,4" hai3="90,35,83,125,102,43,40,31,9,27,87,5,47"/><W53/><G125/><T81/><D120/><U7/><E32/><V25/><F0/><W116/><G116/><T3/><D3/><U99/><E70/><V105/><F79/><W121/><G121/><T126/><D69/><U41/><E41/><V51/><F25/><W12/><G102/><T98/><D126/><U17/><E7/><V68/><F62/><W93/><G53/><T58/><D26/><U80/><E80/><V113/><F113/><W44/><G44/><T84/><D58/><U76/><E107/><V34/><F34/><W106/><G106/><T1/><D1/><U29/><E56/><V64/><F64/><W132/><G132/><T111/><REACH who="0" step="1"/><D81/><REACH who="0" ten="64,150,493,283" step="2"/><U30/><E82/><V122/><F105/><W115/><G115/><T74/><D74/><U33/><E75/><V89/><F100/><W23/><G47/><T67/><D67/><U20/><E72/><V130/><F89/><W10/><G83/><T86/><D86/><U104/><E91/><V2/><F51/><W71/><G71/><T103/><D103/><U88/><E88/><V48/><F4/><N who="3" m="3111" /><G35/><T13/><D13/><AGARI ba="0,1" hai="5,10,13,23,27,31,40,43,87,90,93" m="3111" machi="13" ten="30,1500,0" yaku="8,1" doraHai="92" who="3" fromWho="0" sc="64,-15,150,0,493,0,283,25" /><INIT seed="7,1,0,3,4,119" ten="49,150,493,308" oya="3" hai0="103,113,1,108,16,114,66,82,68,29,125,95,24" hai1="105,73,26,112,45,116,57,6,13,14,122,85,62" hai2="74,38,28,133,21,19,121,54,127,37,12,106,107" hai3="91,56,132,100,72,61,8,55,102,2,52,89,123"/><W35/><G72/><T70/><D108/><U117/><E122/><V60/><F74/><W49/><G35/><T110/><D110/><U44/><E105/><V96/><F28/><W20/><G123/><T7/><D66/><U88/><E73/><V120/><F60/><W47/><G132/><T134/><D134/><U53/><E26/><V58/><F133/><W97/><G102/><T92/><D125/><U9/><E14/><V30/><F30/><W93/><REACH who="3" step="1"/><G20/><REACH who="3" ten="49,150,493,298" step="2"/><T27/><D103/><U131/><E131/><V48/><F127/><W78/><G78/><T76/><D68/><U64/><E117/><V75/><F75/><W15/><G15/><T34/><D70/><U10/><E13/><V129/><F129/><W18/><G18/><T22/><D1/><U128/><E128/><V86/><F121/><W80/><G80/><T77/><D7/><AGARI ba="1,1" hai="2,7,8,47,49,52,55,56,61,89,91,93,97,100" machi="7" ten="40,3900,0" yaku="1,1,54,1,53,0" doraHai="119" doraHaiUra="111" who="3" fromWho="0" sc="49,-42,150,0,493,0,298,52" /><INIT seed="7,2,0,4,5,78" ten="7,150,493,350" oya="3" hai0="49,62,122,24,74,109,47,88,77,1,124,37,76" hai1="59,34,32,128,115,6,75,98,99,33,43,41,27" hai2="29,120,96,28,40,53,9,21,125,7,57,87,11" hai3="82,107,110,36,126,18,39,50,8,134,13,12,19"/><W91/><G107/><T22/><D109/><U132/><E59/><V84/><F125/><W71/><G110/><T64/><D122/><U42/><E27/><N who="2" m="16495" /><F120/><W52/><G126/><T25/><D1/><U46/><E46/><V102/><F40/><W23/><G71/><T80/><D124/><U112/><E6/><V4/><F29/><W116/><G134/><T83/><D37/><U61/><E61/><N who="2" m="36015" /><F96/><W20/><G116/><T108/><D108/><U31/><E31/><V117/><F102/><W95/><G8/><N who="2" m="3145" /><F117/><W16/><G19/><T97/><D22/><U90/><E90/><V0/><F0/><W65/><G65/><T67/><D67/><U86/><E86/><AGARI ba="2,0" hai="4,7,84,86,87" m="3145,36015,16495" machi="86" ten="30,1000,0" yaku="8,1" doraHai="78" who="2" fromWho="1" sc="7,0,150,-16,493,16,350,0" owari="7,-49.0,134,-27.0,509,61.0,350,15.0" /></mjloggm>