<mjloggm ver="2.3"><GO type="169" lobby="0"/><UN n0="%61%6D%65%64%69%6F" n1="%E3%82%82%E3%82%81%E3%82%93%E3%81%AA%E3%81%A1%E3%82%83%E3%81%84" n2="%64%64%6D%75" n3="%E3%82%A6%E3%83%AB%E3%83%88%E3%83%A9%E7%AB%8B%E7%9B%B4" dan="17,18,17,18" rate="2172.47,2166.65,2122.62,2215.17" sx="M,F,M,M"/><TAIKYOKU oya="0"/><INIT seed="0,0,0,3,2,118" ten="250,250,250,250" oya="0" hai0="79,80,60,10,116,42,91,68,2,124,70,96,48" hai1="5,128,125,28,113,11,134,83,55,131,100,104,98" hai2="75,97,122,126,18,61,8,101,21,56,127,30,77" hai3="44,51,114,89,36,16,27,69,84,129,0,26,94"/><T50/><D116/><U87/><E125/><N who="2" m="47627" /><F8/><W112/><G36/><T106/><D124/><U59/><E28/><V31/><F75/><W64/><G0/><T34/><D34/><U132/><E113/><V24/><F77/><W115/><G129/><N who="1" m="49738" /><E55/><N who="2" m="33951" /><F122/><W12/><G69/><T109/><D70/><U47/><E59/><V29/><F18/><W1/><G1/><T117/><D117/><U15/><E47/><V86/><F86/><W19/><G64/><T107/><D10/><U58/><E58/><V54/><F54/><W38/><G38/><T3/><D2/><U20/><E20/><V32/><F21/><W46/><G46/><T111/><D3/><U63/><E63/><V57/><F57/><W103/><G103/><T43/><D60/><U121/><E121/><V123/><F123/><W88/><G89/><AGARI ba="0,0" hai="5,11,15,83,87,89,98,100,104,132,134" m="49738" machi="89" ten="30,1000,0" yaku="19,1" doraHai="118" who="1" fromWho="3" sc="250,0,250,10,250,0,250,-10" /><INIT seed="1,0,0,2,2,74" ten="250,260,250,240" oya="1" hai0="95,37,26,30,17,105,2,108,106,3,22,47,102" hai1="94,129,7,21,29,55,84,88,79,44,19,25,28" hai2="122,0,89,90,13,134,61,51,53,101,36,48,119" hai3="91,38,5,75,18,65,98,123,62,116,133,54,40"/><U31/><E129/><V63/><F0/><W34/><G123/><T130/><D108/><U52/><E7/><V80/><F122/><W97/><G34/><T92/><D130/><U82/><REACH who="1" step="1"/><E44/><REACH who="1" ten="250,250,250,240" step="2"/><V57/><F119/><W72/><G5/><T85/><D47/><U103/><E103/><V96/><F101/><W14/><G116/><T125/><D102/><U117/><E117/><V127/><F127/><W12/><G133/><T124/><D125/><U114/><E114/><V109/><F134/><W76/><G75/><AGARI ba="0,1" hai="19,21,25,28,29,31,52,55,75,79,82,84,88,94" machi="75" ten="40,12000,1" yaku="1,1,52,1,54,2,53,0" doraHai="74" doraHaiUra="1" who="1" fromWho="3" sc="250,0,250,130,250,0,240,-120" /><INIT seed="1,1,0,0,4,103" ten="250,380,250,120" oya="1" hai0="45,21,47,106,0,97,105,102,98,69,121,84,26" hai1="23,115,86,104,85,89,67,40,11,19,3,30,12" hai2="32,130,95,87,41,38,72,55,27,118,112,59,49" hai3="128,96,120,117,71,99,24,131,1,134,9,52,126"/><U93/><E115/><V116/><F72/><W20/><G71/><T129/><D0/><U88/><E104/><V81/><F112/><W56/><G120/><T5/><D5/><U39/><E67/><V2/><F2/><W113/><G113/><T70/><D84/><U10/><E3/><V50/><F38/><W90/><G126/><T35/><D35/><U123/><E123/><V25/><F130/><N who="3" m="49707" /><G134/><T119/><D119/><U63/><E63/><V122/><F122/><W79/><G79/><T114/><D114/><U68/><E68/><V15/><F15/><W53/><G117/><T135/><D129/><U46/><REACH who="1" step="1"/><E30/><REACH who="1" ten="250,370,250,120" step="2"/><V74/><F118/><W108/><G1/><T73/><D70/><U75/><E75/><V110/><F116/><W57/><G108/><T8/><D73/><U14/><E14/><V48/><F110/><W76/><G57/><T66/><D69/><U31/><E31/><V4/><F74/><W101/><G56/><T22/><D121/><U80/><AGARI ba="1,1" hai="10,11,12,19,23,39,40,46,80,85,86,88,89,93" machi="80" ten="20,7800,0" yaku="1,1,0,1,7,1,54,1,53,0" doraHai="103" doraHaiUra="127" who="1" fromWho="1" sc="250,-27,370,91,250,-27,120,-27" /><INIT seed="1,2,0,2,3,127" ten="223,461,223,93" oya="1" hai0="13,2,76,54,21,65,78,5,40,33,79,43,50" hai1="103,133,75,97,67,112,83,42,118,29,104,80,70" hai2="101,135,98,0,89,131,28,58,73,116,16,69,134" hai3="111,26,123,10,32,113,46,56,38,120,24,17,34"/><U60/><E118/><V126/><F69/><W30/><G46/><T45/><D33/><U114/><E133/><V100/><F73/><W102/><G56/><T31/><D65/><U77/><E42/><N who="0" m="15913" /><D2/><U96/><E80/><V108/><F0/><W4/><G102/><T6/><D31/><U53/><E53/><V27/><F108/><W130/><G38/><T92/><D92/><U124/><E124/><V63/><F126/><W121/><G113/><T82/><D82/><U117/><E117/><V106/><F116/><W109/><G130/><T85/><D85/><U9/><E9/><V20/><F131/><W81/><G81/><T66/><D66/><U3/><E3/><V49/><F101/><W88/><G88/><T7/><D21/><U99/><E99/><V91/><F49/><W74/><G74/><T105/><D105/><U122/><E97/><V128/><F128/><W132/><G132/><N who="2" m="50729" /><F28/><N who="3" m="19463" /><G17/><T86/><D86/><U44/><E29/><V18/><F18/><W37/><G37/><T22/><D22/><U48/><E48/><V129/><F129/><W8/><G8/><AGARI ba="2,0" hai="5,6,7,8,13,45,50,54,76,78,79" m="15913" machi="8" ten="30,1000,0" yaku="8,1" doraHai="127" who="0" fromWho="3" sc="223,16,461,0,223,0,93,-16" /><INIT seed="2,0,0,0,3,67" ten="239,461,223,77" oya="2" hai0="77,88,131,5,127,80,96,98,118,43,28,133,4" hai1="46,45,34,19,1,62,111,69,101,33,27,15,35" hai2="50,83,119,37,121,22,24,105,42,129,104,23,115" hai3="9,32,25,72,125,49,90,116,41,76,84,128,97"/><V17/><F121/><W103/><G116/><T65/><D118/><U92/><E1/><V48/><F119/><W89/><G128/><T0/><D131/><U85/><E27/><V11/><F129/><W91/><G125/><T81/><D127/><U93/><E93/><V36/><F115/><W8/><G72/><T70/><D133/><U122/><E111/><V40/><F11/><W123/><G123/><T135/><D43/><U94/><E94/><V7/><F7/><W52/><G41/><T107/><D28/><U106/><E106/><V102/><F102/><W3/><G3/><T39/><D135/><U55/><E55/><V132/><F24/><W108/><G108/><T12/><D39/><U87/><E34/><V51/><F51/><W26/><G26/><T54/><D54/><U38/><E38/><V31/><F83/><W53/><G53/><T95/><D0/><U57/><E35/><V18/><REACH who="2" step="1"/><F31/><REACH who="2" ten="239,461,213,77" step="2"/><W30/><G8/><T61/><D81/><U100/><E101/><V71/><F71/><W14/><G9/><T2/><D2/><U78/><E69/><V47/><F47/><W112/><G112/><T56/><D70/><U113/><E122/><V130/><F130/><W64/><G14/><T44/><D44/><U58/><E46/><V59/><F59/><N who="3" m="33167" /><G103/><T13/><D12/><U74/><E45/><V82/><F82/><W60/><G25/><T110/><D13/><U21/><E113/><V114/><F114/><W10/><G30/><T109/><D110/><U29/><E29/><V79/><F79/><W99/><G76/><T124/><D77/><RYUUKYOKU ba="0,1" sc="239,-10,461,-10,213,30,77,-10" hai2="17,18,22,23,36,37,40,42,48,50,104,105,132" /><INIT seed="2,1,1,4,2,109" ten="229,451,243,67" oya="2" hai0="120,123,1,122,62,50,12,0,86,100,26,90,97" hai1="9,87,36,67,107,23,4,54,22,113,126,89,72" hai2="121,58,108,116,93,82,91,114,96,29,71,46,117" hai3="6,83,52,17,95,24,124,55,125,2,35,119,39"/><V135/><F71/><W14/><G39/><T44/><D62/><U66/><E72/><V112/><F121/><W63/><G119/><T76/><D26/><U16/><E36/><V110/><F135/><W20/><G83/><T64/><D64/><U34/><E34/><V60/><F29/><N who="3" m="19879" /><G95/><T33/><D33/><U128/><E128/><V80/><F46/><W70/><G70/><T3/><D12/><U84/><E126/><N who="3" m="48746" /><G63/><T47/><D76/><U134/><E87/><V37/><F37/><W11/><AGARI ba="1,1" hai="2,6,11,14,17,20,52,55" m="48746,19879" machi="11" ten="30,4000,0" yaku="24,1,18,1,54,1" doraHai="109" who="3" fromWho="3" sc="229,-11,451,-11,243,-21,67,53" /><INIT seed="3,0,0,3,2,101" ten="218,440,222,120" oya="3" hai0="52,67,40,76,109,6,81,95,32,106,69,39,8" hai1="64,135,23,74,9,10,37,5,12,128,120,112,71" hai2="42,50,121,129,90,24,75,114,116,60,41,21,72" hai3="133,131,107,36,124,59,1,62,0,48,125,11,15"/><W84/><G36/><T2/><D32/><U17/><E120/><V35/><F116/><W87/><G48/><T58/><D95/><U82/><E112/><V70/><F35/><W38/><G38/><T78/><D109/><U122/><E37/><V103/><F114/><W73/><G73/><T88/><D67/><U34/><E122/><V45/><F103/><W127/><G131/><T20/><D69/><U91/><E34/><V102/><F102/><W108/><G108/><T54/><D20/><U117/><E135/><V33/><F33/><W31/><G31/><T132/><D132/><U105/><E10/><V97/><F121/><W28/><G28/><T118/><D106/><U77/><E105/><V99/><F129/><W115/><G107/><T61/><D54/><U65/><E71/><V89/><F42/><W22/><G22/><T55/><D55/><U104/><E104/><V25/><F25/><W66/><G115/><T94/><D118/><U68/><E68/><V100/><F100/><W56/><G56/><T80/><D78/><U46/><E128/><V18/><F75/><W13/><G133/><T96/><REACH who="0" step="1"/><D76/><REACH who="0" ten="208,440,222,120" step="2"/><U4/><E117/><V134/><F134/><W53/><G53/><T123/><D123/><U30/><E64/><V83/><F70/><W16/><REACH who="3" step="1"/><G13/><REACH who="3" ten="208,440,222,110" step="2"/><T85/><D85/><AGARI ba="0,2" hai="0,1,11,15,16,59,62,66,84,85,87,124,125,127" machi="85" ten="40,12000,1" yaku="1,1,2,1,18,1,54,1,53,0" doraHai="101" doraHaiUra="44" who="3" fromWho="0" sc="208,-120,440,0,222,0,110,140" /><INIT seed="3,1,0,4,3,77" ten="88,440,222,250" oya="3" hai0="43,98,7,50,31,74,82,44,126,55,68,102,81" hai1="72,104,64,15,100,83,133,91,26,110,5,61,128" hai2="116,21,86,2,79,8,103,66,30,1,131,27,10" hai3="123,12,24,67,121,78,11,96,120,115,22,25,35"/><W13/><G67/><T29/><D68/><U119/><E110/><V57/><F116/><W94/><G115/><T28/><D74/><U19/><E133/><V112/><F112/><W42/><G42/><T9/><D43/><U39/><E39/><V107/><F107/><W106/><G106/><T111/><D126/><U59/><E128/><V76/><F103/><W71/><G71/><T49/><D49/><U70/><E119/><V135/><F135/><W118/><G118/><T129/><D129/><U108/><E108/><V34/><F131/><W95/><G78/><T17/><D17/><U125/><E125/><V89/><F34/><W40/><G40/><T105/><REACH who="0" step="1"/><D111/><REACH who="0" ten="78,440,222,250" step="2"/><U47/><E72/><V51/><F51/><W48/><G48/><T114/><D114/><U124/><E70/><V122/><F122/><W14/><G121/><T46/><D46/><U45/><E124/><V16/><F16/><W53/><G123/><T92/><D92/><U60/><E47/><V36/><F36/><W134/><G95/><T85/><D85/><U75/><E75/><V58/><F86/><W80/><G94/><T87/><D87/><U41/><E45/><V69/><F69/><W0/><G120/><T20/><D20/><U38/><E41/><V99/><F21/><W73/><G73/><T117/><D117/><U37/><E38/><V3/><F58/><W62/><G22/><T63/><D63/><U90/><E61/><V97/><F57/><N who="3" m="35119" /><G134/><T101/><D101/><U23/><E37/><V54/><F97/><W4/><G96/><T88/><D88/><N who="1" m="33835" /><E104/><V65/><F99/><RYUUKYOKU ba="1,1" sc="78,30,440,-10,222,-10,250,-10" hai0="7,9,28,29,31,44,50,55,81,82,98,102,105" /><INIT seed="4,2,1,3,5,71" ten="108,430,212,240" oya="0" hai0="125,128,5,129,23,94,39,21,34,77,100,124,96" hai1="38,48,24,20,93,58,17,68,14,52,29,8,51" hai2="56,109,118,2,92,116,60,0,101,19,62,50,120" hai3="86,15,115,97,123,75,4,6,133,28,37,59,43"/><T132/><D34/><U74/><E74/><V9/><F120/><W32/><G75/><T88/><D5/><U95/><E38/><V119/><F109/><W30/><G123/><T63/><D77/><U46/><E68/><V81/><F50/><W104/><G59/><T102/><D63/><N who="2" m="24106" /><F56/><W117/><G86/><T126/><D39/><U87/><E87/><V36/><F36/><W83/><G15/><T130/><REACH who="0" step="1"/><D132/><REACH who="0" ten="98,430,212,240" step="2"/><U108/><E108/><V16/><F119/><W11/><G4/><T55/><D55/><AGARI ba="2,2" hai="8,14,17,20,24,29,46,48,51,52,55,58,93,95" machi="55" ten="30,3900,0" yaku="7,1,8,1,54,1" doraHai="71" who="1" fromWho="0" sc="98,-45,430,65,212,0,240,0" /><INIT seed="5,0,0,3,3,18" ten="53,495,212,240" oya="1" hai0="0,120,28,15,94,95,25,68,74,49,14,103,79" hai1="38,111,118,84,101,64,31,46,82,76,8,29,41" hai2="109,83,117,22,99,132,26,2,96,4,66,91,39" hai3="72,33,47,73,35,65,40,121,17,135,19,78,90"/><U12/><E118/><V54/><F117/><W71/><G121/><T104/><D0/><U23/><E111/><V56/><F39/><W122/><G122/><T32/><D120/><U130/><E130/><V34/><F34/><W113/><G71/><T43/><D94/><U102/><E64/><V87/><F109/><W131/><G65/><T105/><D105/><U7/><E31/><V110/><F110/><W5/><G5/><T57/><D95/><U133/><E133/><V53/><F66/><W52/><G90/><T6/><D6/><U45/><E45/><V100/><F132/><W114/><G52/><T126/><D126/><U16/><E29/><V21/><F54/><W60/><G60/><T124/><D57/><U3/><AGARI ba="0,0" hai="3,7,8,12,16,23,38,41,46,76,82,84,101,102" machi="3" ten="20,7800,0" yaku="0,1,7,1,52,1,54,1" doraHai="18" who="1" fromWho="1" sc="53,-26,495,78,212,-26,240,-26" /><INIT seed="5,1,0,4,4,104" ten="27,573,186,214" oya="1" hai0="135,42,91,0,88,63,25,81,50,115,59,86,80" hai1="68,132,130,49,57,37,19,97,54,32,33,105,6" hai2="108,83,79,121,99,76,102,47,21,17,70,112,123" hai3="13,16,27,92,120,84,52,96,5,55,113,35,122"/><U119/><E37/><V29/><F70/><W100/><G113/><T94/><D115/><U36/><E36/><V134/><F112/><W116/><G116/><T129/><D0/><U69/><E69/><V95/><F134/><W111/><G111/><T39/><D135/><U77/><E77/><V78/><F108/><W11/><G84/><T110/><D110/><U24/><E24/><V72/><F29/><W114/><G114/><T56/><D129/><U22/><E22/><V124/><F47/><W3/><G120/><N who="2" m="46153" /><F17/><W43/><G43/><T125/><D39/><U93/><E93/><V133/><F21/><N who="3" m="11407" /><G122/><T89/><D25/><U117/><E117/><V26/><F26/><W48/><G48/><T101/><D81/><U74/><E74/><N who="2" m="43415" /><F133/><W107/><G107/><T61/><D42/><U18/><E18/><V8/><F8/><W41/><G41/><T31/><D31/><AGARI ba="1,0" hai="3,5,11,27,31,35,52,55,92,96,100" m="11407" machi="31" ten="30,3900,0" yaku="24,1,54,2" doraHai="104" who="3" fromWho="0" sc="27,-42,573,0,186,0,214,42" owari="-15,-52.0,573,67.0,186,-21.0,256,6.0" /></mjloggm>