<mjloggm ver="2.3"><GO type="169" lobby="0"/><UN n0="%E3%83%91%E3%83%BC%E3%83%A9%E3%83%BC%E3%82%AD%E3%83%B3%E3%82%B0" n1="%72%65%6E%72%65%6E" n2="%E7%A7%81%E3%81%AF%E3%81%8C%E3%81%A1%E3%81%BB%E3%82%82" n3="%E5%B0%B1%E6%B4%BB%E7%94%9F%40%E5%B7%9D%E6%9D%91%E8%BB%8D%E5%9B%A3" dan="16,16,17,19" rate="2038.51,2038.41,2199.68,2334.65" sx="M,M,M,M"/><TAIKYOKU oya="0"/><INIT seed="0,0,0,4,2,39" ten="250,250,250,250" oya="0" hai0="30,38,53,50,120,72,86,69,79,121,57,92,22" hai1="66,112,64,95,126,68,19,84,0,71,9,61,2" hai2="37,122,99,119,40,31,87,101,14,89,17,48,96" hai3="133,55,76,47,114,21,77,88,124,20,117,108,134"/><T58/><D38/><U129/><E129/><V74/><F74/><W36/><G117/><T7/><D69/><U116/><E116/><V59/><F37/><W65/><G114/><T81/><D7/><U63/><E126/><V6/><F6/><W115/><G115/><T102/><D57/><U123/><E123/><V80/><F122/><W104/><G104/><T109/><D109/><U103/><E112/><V51/><F31/><W106/><G106/><T110/><D110/><U132/><E132/><V35/><F35/><W105/><G105/><T98/><REACH who="0" step="1"/><D72/><REACH who="0" ten="240,250,250,250" step="2"/><U5/><E5/><V111/><F111/><W56/><G108/><T94/><D94/><U46/><E95/><V29/><F119/><W1/><G133/><T135/><D135/><U8/><E71/><V128/><F59/><W125/><G134/><T54/><D54/><U16/><E68/><V90/><F128/><W23/><G65/><T73/><D73/><U62/><E66/><V78/><F101/><W113/><G113/><T43/><D43/><U52/><E64/><V28/><F40/><N who="3" m="22919" /><G1/><T49/><D49/><U67/><E67/><V131/><F48/><W24/><G56/><T82/><D82/><U130/><E130/><V45/><F131/><W3/><G3/><T33/><D33/><U75/><E75/><V91/><F51/><W18/><G55/><T118/><D118/><U42/><E52/><V41/><F41/><W107/><G107/><T27/><AGARI ba="0,1" hai="22,27,30,50,53,58,79,81,86,92,98,102,120,121" machi="27" ten="30,3000,0" yaku="1,1,0,1,53,0" doraHai="39" doraHaiUra="11" who="0" fromWho="0" sc="240,40,250,-10,250,-10,250,-10" /><INIT seed="0,1,0,4,1,130" ten="280,240,240,240" oya="0" hai0="67,97,116,54,101,63,123,75,80,77,106,1,4" hai1="21,13,41,100,12,14,133,50,46,103,108,51,110" hai2="90,93,99,40,8,7,20,17,117,105,31,22,24" hai3="26,55,111,33,118,16,91,64,52,109,11,29,43"/><T71/><D123/><U86/><E21/><V134/><F117/><W131/><G118/><T114/><D116/><U70/><E70/><V32/><F40/><W18/><G131/><T102/><D54/><N who="3" m="20521" /><G43/><T65/><D65/><U9/><E9/><V119/><F119/><W35/><G64/><T129/><D102/><N who="1" m="38955" /><E86/><V132/><F105/><W60/><G60/><T62/><D62/><U58/><E58/><V68/><F68/><W15/><G91/><T78/><D78/><U124/><E51/><V57/><F57/><W112/><G112/><T66/><D66/><U39/><E39/><V3/><REACH who="2" step="1"/><F22/><REACH who="2" ten="280,240,230,240" step="2"/><N who="3" m="15575" /><G111/><N who="1" m="42538" /><E124/><V69/><F69/><W122/><G109/><T96/><D129/><U83/><E41/><V6/><F6/><N who="3" m="3575" /><G33/><T45/><D114/><U30/><E46/><V126/><F126/><W59/><G35/><T72/><D4/><U74/><E50/><V61/><F61/><W98/><G122/><T38/><D45/><U81/><E74/><V53/><F53/><W82/><G59/><T49/><D72/><U135/><E30/><V125/><F125/><W0/><G0/><T92/><D38/><U121/><E121/><V10/><F10/><W2/><G2/><T48/><D1/><U128/><E128/><V5/><F5/><W88/><G82/><AGARI ba="1,1" hai="12,13,14,81,82,83,133,135" m="42538,38955" machi="82" ten="40,8000,1" yaku="28,2,14,1,52,2" doraHai="130" who="1" fromWho="3" sc="280,0,240,93,230,0,240,-83" /><INIT seed="1,0,0,4,3,107" ten="280,333,230,157" oya="1" hai0="113,18,5,132,3,99,135,76,59,66,131,39,127" hai1="52,56,1,8,10,100,28,65,94,125,124,14,84" hai2="4,119,20,87,112,54,70,78,51,17,31,89,2" hai3="36,13,122,64,120,57,83,92,71,16,97,12,60"/><U26/><E65/><V117/><F70/><W77/><G36/><T111/><D39/><U90/><E100/><V73/><F31/><W108/><G108/><T11/><D111/><U50/><E1/><V29/><F29/><W109/><G109/><T102/><D113/><U82/><E82/><V118/><F112/><W47/><G47/><T25/><D76/><U68/><E68/><V63/><F63/><W72/><G13/><T130/><D59/><U114/><E114/><V98/><F98/><W58/><G120/><T24/><D66/><U41/><E41/><V133/><F133/><N who="0" m="51274" /><D102/><U62/><E62/><V43/><F43/><W126/><G126/><N who="1" m="48746" /><E14/><V53/><F53/><W115/><G115/><T49/><D49/><U128/><E128/><N who="0" m="49193" /><D99/><U91/><E91/><V86/><F89/><W88/><REACH who="3" step="1"/><G122/><REACH who="3" ten="280,333,230,147" step="2"/><T15/><D127/><U48/><E10/><AGARI ba="0,1" hai="10,12,16,57,58,60,64,71,72,77,83,88,92,97" machi="10" ten="30,12000,2" yaku="1,1,2,1,7,1,52,1,54,2,53,0" doraHai="107" doraHaiUra="27" who="3" fromWho="1" sc="280,0,333,-120,230,0,147,130" /><AGARI ba="0,0" hai="3,5,10,11,15,18,24,25" m="49193,51274" machi="10" ten="30,7700,0" yaku="20,1,19,1,34,2" doraHai="107" who="0" fromWho="1" sc="280,77,213,-77,230,0,277,0" /><INIT seed="2,0,0,4,5,76" ten="357,136,230,277" oya="2" hai0="39,33,25,131,126,94,84,50,113,63,40,101,35" hai1="0,69,46,59,133,103,61,80,130,86,7,75,106" hai2="27,19,9,90,98,30,127,104,1,109,29,13,54" hai3="21,37,123,85,65,77,108,72,135,71,78,111,17"/><V79/><F127/><W44/><G72/><T45/><D113/><U36/><E133/><V116/><F116/><W93/><G123/><T62/><D126/><U8/><E130/><V132/><F132/><W16/><G135/><T12/><D131/><U22/><E22/><V64/><F64/><W49/><G37/><T34/><D25/><U6/><E6/><V81/><F1/><W105/><G105/><T53/><D12/><U3/><E3/><V28/><F54/><W67/><G71/><T117/><D117/><U66/><E59/><V26/><F109/><N who="3" m="42059" /><G78/><T20/><D20/><U73/><E103/><V31/><N who="2" m="7168" /><DORA hai="95" /><V125/><F125/><W102/><G17/><T87/><D87/><U56/><E106/><V92/><REACH who="2" step="1"/><F104/><REACH who="2" ten="357,136,220,277" step="2"/><W70/><G70/><T43/><D53/><U4/><E69/><V82/><F82/><N who="3" m="47311" /><G93/><T112/><D94/><U5/><E0/><V42/><F42/><N who="3" m="24727" /><G102/><T2/><D101/><U100/><E100/><V68/><F68/><W91/><G91/><T119/><D119/><U18/><E66/><V41/><F41/><W99/><G99/><T122/><D40/><U115/><E36/><V124/><F124/><W47/><G47/><T11/><D43/><U38/><E46/><V52/><F52/><W134/><G134/><T129/><D45/><U24/><E38/><V110/><F110/><W55/><G55/><T121/><D39/><U74/><E115/><V118/><F118/><W51/><G51/><T10/><D112/><U14/><E74/><AGARI ba="0,1" hai="9,13,19,26,27,74,79,81,90,92,98" m="7168" machi="74" ten="50,12000,1" yaku="1,1,52,2,53,1" doraHai="76,95" doraHaiUra="88,58" who="2" fromWho="1" sc="357,0,136,-120,220,130,277,0" /><INIT seed="2,1,0,2,1,28" ten="357,16,350,277" oya="2" hai0="102,67,83,90,40,15,131,100,30,106,35,38,59" hai1="14,124,27,135,80,6,44,13,60,9,89,87,104" hai2="21,116,58,23,132,103,43,66,11,130,3,101,134" hai3="26,36,81,126,50,111,45,32,86,118,46,96,65"/><V109/><F116/><W85/><G118/><T95/><D106/><U16/><E104/><V122/><F122/><W105/><G111/><T73/><D73/><U49/><E135/><N who="2" m="51755" /><F43/><W120/><G120/><T133/><D133/><U119/><E124/><V70/><F70/><W72/><G126/><T22/><D38/><U88/><E119/><V98/><F130/><W78/><G65/><T25/><D40/><U129/><E129/><V123/><F123/><W10/><G36/><T77/><D131/><U39/><E60/><N who="2" m="38167" /><F109/><W75/><G75/><T5/><D59/><U51/><E27/><V18/><F103/><W20/><G45/><T7/><D67/><U24/><E24/><V91/><F91/><W114/><G10/><T97/><D5/><U41/><REACH who="1" step="1"/><E89/><REACH who="1" ten="357,6,350,277" step="2"/><V31/><F31/><W56/><G105/><T2/><D90/><U57/><E57/><V61/><F61/><W47/><G56/><T17/><D102/><U54/><E54/><V71/><F71/><W48/><G47/><T8/><D77/><U93/><E93/><N who="2" m="58575" /><F3/><W29/><G46/><T107/><D83/><U94/><E94/><V62/><F62/><W84/><G114/><T108/><D107/><U115/><E115/><V99/><F99/><W92/><G92/><T4/><D108/><U33/><E33/><V53/><F53/><W63/><G96/><T0/><D4/><U64/><E64/><V68/><F68/><W127/><G127/><T52/><D52/><U128/><E128/><V79/><F79/><W113/><G113/><T125/><D125/><U74/><E74/><V121/><F121/><RYUUKYOKU ba="1,1" sc="357,10,6,10,350,10,277,-30" hai0="0,2,7,8,15,17,22,25,30,35,95,97,100" hai1="6,9,13,14,16,39,41,44,49,51,80,87,88" hai2="11,18,21,23" /><INIT seed="2,2,1,5,3,16" ten="367,16,360,247" oya="2" hai0="57,33,37,70,117,6,123,53,81,94,115,114,26" hai1="90,12,34,120,122,52,48,28,126,119,40,55,132" hai2="96,17,77,30,133,111,76,7,89,127,134,25,118" hai3="82,23,47,80,93,69,43,72,135,60,32,44,113"/><V0/><F118/><W74/><G32/><T41/><D123/><N who="1" m="47147" /><E119/><V10/><F17/><W67/><G135/><N who="2" m="51721" /><F127/><W24/><G113/><T39/><D70/><U50/><E132/><V79/><F111/><W91/><G74/><T98/><D117/><U18/><E126/><V116/><F116/><W9/><G9/><T87/><D115/><U99/><E28/><V8/><F8/><W65/><G65/><T3/><D41/><U5/><E34/><N who="2" m="20815" /><F89/><W54/><G54/><N who="1" m="20522" /><E40/><V101/><F77/><W64/><G64/><T109/><D114/><U68/><E68/><V1/><F1/><W102/><G102/><T100/><D109/><U21/><E5/><V22/><F22/><W14/><G72/><T38/><D6/><U105/><E90/><V107/><AGARI ba="2,1" hai="0,7,10,76,79,96,101,107" m="20815,51721" machi="107" ten="30,1500,0" yaku="20,1" doraHai="16" who="2" fromWho="2" sc="367,-7,16,-7,360,31,247,-7" /><INIT seed="2,3,0,1,5,4" ten="360,9,391,240" oya="2" hai0="24,120,59,38,37,122,89,45,76,82,74,39,79" hai1="15,25,118,94,117,126,9,101,132,104,10,13,0" hai2="129,90,12,43,53,119,66,72,88,36,99,97,85" hai3="123,48,83,103,121,111,105,22,23,55,73,128,112"/><V32/><F32/><W127/><G111/><T130/><D130/><U64/><E104/><V78/><F72/><W75/><G128/><T7/><D76/><U133/><E64/><V2/><F2/><W68/><G105/><T56/><D24/><U46/><E46/><V29/><F36/><W91/><G103/><T95/><D7/><U49/><E49/><V124/><F43/><W52/><G48/><T19/><D45/><U110/><E94/><V1/><F1/><W102/><G102/><T35/><D35/><U16/><E101/><V47/><F29/><W116/><G83/><T20/><D122/><U27/><E110/><V71/><F71/><W134/><G134/><N who="1" m="51818" /><E126/><V44/><F66/><W41/><G41/><T34/><D34/><U109/><E109/><V80/><F119/><N who="1" m="45577" /><E0/><V84/><F124/><W54/><G116/><T93/><D120/><U33/><E33/><V30/><F129/><W96/><G127/><T65/><D65/><U18/><AGARI ba="3,0" hai="9,10,13,15,16,18,25,27" m="45577,51818" machi="18" ten="30,12000,2" yaku="20,1,34,2,52,2,54,1" doraHai="4" who="1" fromWho="1" sc="360,-33,9,129,391,-63,240,-33" /><INIT seed="3,0,0,5,1,17" ten="327,138,328,207" oya="3" hai0="135,18,13,87,20,111,7,107,64,118,86,117,81" hai1="72,62,11,108,98,65,133,102,35,8,31,84,125" hai2="73,16,77,128,69,121,61,83,68,52,131,5,114" hai3="45,75,60,14,3,63,2,32,51,82,53,9,54"/><W115/><G115/><T39/><D107/><U109/><E72/><V24/><F5/><W59/><G32/><T88/><D39/><U122/><E122/><V78/><F78/><W67/><G75/><T41/><D111/><N who="1" m="42571" /><E133/><V74/><F74/><W95/><G82/><T0/><D41/><U94/><E125/><V106/><F106/><W85/><G85/><T25/><D135/><U28/><E84/><V43/><F43/><W79/><G79/><T44/><D64/><U130/><E130/><N who="2" m="49707" /><F114/><W110/><G95/><T46/><D0/><U97/><E97/><V42/><F42/><W101/><G101/><T6/><D86/><U55/><E55/><V104/><F104/><W37/><G110/><T36/><D118/><U90/><E102/><V96/><F96/><W134/><G37/><T19/><D36/><U71/><E35/><V103/><F103/><W58/><REACH who="3" step="1"/><G134/><REACH who="3" ten="327,138,328,197" step="2"/><T57/><D117/><U124/><E124/><V126/><F126/><W48/><G48/><T50/><D57/><U29/><AGARI ba="0,1" hai="8,11,28,29,31,62,65,71,90,94,98" m="42571" machi="29" ten="30,1100,0" yaku="14,1" doraHai="17" who="1" fromWho="1" sc="327,-3,138,21,328,-3,197,-5" /><INIT seed="4,0,0,3,0,20" ten="324,159,325,192" oya="0" hai0="77,56,95,101,122,31,17,110,80,124,12,5,39" hai1="114,67,49,13,35,112,126,120,70,46,10,32,127" hai2="131,24,68,121,28,66,132,72,133,69,109,3,60" hai3="86,65,78,30,130,94,71,6,14,75,58,22,107"/><T79/><D122/><U23/><E120/><V38/><F3/><W81/><G71/><T53/><D39/><U88/><E70/><V7/><F7/><W113/><G107/><T18/><D124/><N who="1" m="47659" /><E67/><V104/><F69/><W1/><G1/><T90/><D110/><U36/><E36/><V19/><F72/><W34/><G34/><T55/><D31/><U84/><E23/><V16/><F104/><W82/><G113/><N who="1" m="43626" /><E49/><V37/><F121/><W118/><G130/><T59/><D101/><U135/><E46/><V9/><F131/><W57/><G118/><T111/><D111/><U83/><E135/><N who="2" m="51787" /><F109/><W134/><G134/><T27/><D5/><AGARI ba="0,0" hai="5,10,13,32,35,83,84,88" m="43626,47659" machi="5" ten="30,7700,0" yaku="18,1,15,1,11,1,54,1" doraHai="20" who="1" fromWho="0" sc="324,-77,159,77,325,0,192,0" /><INIT seed="5,0,0,4,4,64" ten="247,236,325,192" oya="1" hai0="124,108,115,65,121,135,104,29,119,61,32,12,125" hai1="59,37,78,54,51,80,10,56,111,133,103,129,60" hai2="25,76,52,11,85,130,62,117,105,118,63,86,5" hai3="93,19,71,34,92,110,48,91,114,43,23,15,4"/><U112/><E112/><V127/><F105/><W131/><G110/><T89/><D104/><U8/><E111/><V7/><F25/><W75/><G75/><T122/><D119/><U14/><E37/><V18/><F18/><W113/><G34/><T68/><D108/><U30/><E133/><V55/><F11/><W26/><G131/><T66/><D115/><N who="3" m="44041" /><G4/><T36/><D135/><U88/><E103/><V22/><F22/><W13/><G92/><T24/><D36/><U87/><E129/><V44/><F44/><N who="3" m="25631" /><G71/><T35/><D89/><U126/><E126/><N who="0" m="48745" /><D12/><U77/><E30/><V49/><F49/><W109/><G109/><T53/><D53/><N who="1" m="33903" /><E10/><V46/><F46/><W95/><G95/><T1/><D1/><U81/><E81/><V70/><F127/><W17/><G19/><AGARI ba="0,0" hai="8,14,19,51,54,56,77,78,80,87,88" m="33903" machi="19" ten="30,2900,0" yaku="8,1,54,1" doraHai="64" who="1" fromWho="3" sc="247,0,236,29,325,0,192,-29" /><INIT seed="5,1,0,5,2,67" ten="247,265,325,163" oya="1" hai0="89,15,99,47,86,41,131,42,13,88,1,59,57" hai1="133,29,90,84,91,43,109,129,92,39,97,51,36" hai2="22,115,62,26,119,111,53,56,70,78,83,14,68" hai3="23,106,93,28,33,44,126,122,124,35,100,40,80"/><U6/><E133/><V87/><F111/><W81/><G106/><T127/><D1/><U38/><E109/><V135/><F119/><W74/><G122/><T25/><D127/><U113/><E113/><V77/><F135/><W5/><G5/><T45/><D131/><U8/><E129/><V27/><F115/><W17/><G28/><T46/><D25/><U112/><E112/><V24/><REACH who="2" step="1"/><F78/><REACH who="2" ten="247,265,315,163" step="2"/><W95/><G124/><T94/><D42/><U85/><E43/><V64/><F64/><W71/><G126/><T7/><D41/><U0/><E39/><V125/><F125/><W65/><G35/><T121/><D121/><U128/><E38/><V20/><F20/><W31/><G33/><T75/><D75/><U82/><E36/><V117/><F117/><W69/><G74/><T4/><D4/><U118/><E6/><V79/><F79/><W50/><G31/><T120/><D120/><U18/><E29/><V66/><F66/><W10/><G65/><T110/><D110/><U73/><E118/><V30/><F30/><W105/><G10/><T60/><D7/><U101/><E8/><V16/><AGARI ba="1,1" hai="14,16,22,24,26,27,53,56,62,68,70,77,83,87" machi="16" ten="30,8000,1" yaku="1,1,0,1,52,2,54,1,53,0" doraHai="67" doraHaiUra="3" who="2" fromWho="2" sc="247,-21,265,-41,315,93,163,-21" /><INIT seed="6,0,0,5,3,107" ten="226,224,408,142" oya="2" hai0="35,94,2,80,124,90,50,27,11,34,76,103,19" hai1="59,132,46,81,116,87,6,128,36,38,20,47,114" hai2="125,45,4,29,106,113,3,30,79,86,104,32,43" hai3="49,117,67,110,40,129,73,102,89,21,61,18,14"/><V108/><F86/><W7/><G110/><T28/><D124/><U55/><E114/><V68/><F30/><W71/><G117/><T57/><D103/><U9/><E116/><V70/><F113/><W97/><G129/><T26/><D57/><U53/><E128/><V96/><F96/><W83/><G7/><T119/><D119/><U131/><E131/><V115/><F115/><W10/><G40/><T88/><D50/><U17/><E132/><V127/><F79/><W126/><G126/><T121/><D121/><U15/><E38/><N who="2" m="21751" /><F108/><W54/><G21/><T112/><D112/><U0/><E36/><V135/><F135/><W16/><G18/><T123/><D123/><U93/><E93/><V60/><F68/><W1/><G1/><T22/><D94/><U77/><E55/><V64/><F127/><W69/><G69/><T48/><D48/><AGARI ba="0,0" hai="0,6,9,15,17,20,46,47,48,53,59,77,81,87" machi="48" ten="30,1000,0" yaku="7,1" doraHai="107" who="1" fromWho="0" sc="226,-10,224,10,408,0,142,0" /><INIT seed="7,0,0,3,5,45" ten="216,234,408,142" oya="3" hai0="84,20,0,39,51,92,53,123,16,104,96,37,13" hai1="23,26,113,95,91,131,121,34,82,33,19,72,69" hai2="107,67,32,66,58,3,118,22,99,25,49,70,109" hai3="127,86,114,44,42,17,85,65,129,31,60,117,57"/><W14/><G117/><T4/><D123/><U119/><E119/><V97/><F32/><W93/><G129/><T43/><D104/><U24/><E113/><V122/><F3/><W12/><G114/><T102/><D43/><U132/><E131/><V27/><F109/><W64/><G127/><T78/><D4/><U94/><E69/><V6/><F6/><W61/><G31/><T111/><D0/><U36/><E36/><V54/><F118/><W68/><G93/><T105/><D111/><U115/><E132/><V83/><F70/><W46/><G46/><T133/><D133/><U116/><E121/><V77/><F27/><W15/><REACH who="3" step="1"/><G17/><REACH who="3" ten="216,234,408,132" step="2"/><T52/><D105/><U29/><E19/><V128/><F128/><W35/><G35/><T5/><D5/><U110/><E29/><V101/><F122/><W100/><G100/><T48/><D39/><AGARI ba="0,1" hai="12,14,15,39,42,44,57,60,61,64,65,68,85,86" machi="39" ten="40,7700,0" yaku="1,1,53,2" doraHai="45" doraHaiUra="81" who="3" fromWho="0" sc="216,-77,234,0,408,0,132,87" /><INIT seed="7,1,0,1,0,8" ten="139,234,408,219" oya="3" hai0="126,60,84,12,91,114,96,101,67,69,35,64,52" hai1="7,3,17,77,38,57,128,106,34,113,1,41,130" hai2="15,131,46,72,110,45,80,61,50,59,75,95,133" hai3="108,90,89,125,104,11,63,27,42,85,43,83,18"/><W56/><G104/><T24/><D126/><U94/><E106/><V71/><F71/><W105/><G105/><T49/><D114/><U134/><E113/><V0/><F0/><W37/><G37/><T54/><D67/><U118/><E34/><V120/><F110/><W14/><G108/><T81/><D49/><U115/><E115/><V19/><F95/><W51/><G125/><T32/><D32/><U25/><E134/><V117/><F117/><W121/><G121/><T100/><D100/><U29/><E94/><V58/><F58/><W30/><G90/><T98/><D98/><U4/><E57/><V132/><F46/><W116/><G116/><T123/><D123/><U55/><E77/><V93/><F93/><W107/><G107/><T21/><D35/><U102/><E102/><V76/><F131/><W16/><G51/><T39/><D39/><U124/><E38/><V31/><F31/><W2/><G2/><T119/><D119/><U22/><E3/><V73/><F120/><W62/><G18/><T111/><D111/><U78/><E17/><V112/><F112/><W129/><G129/><T6/><D96/><U28/><E1/><V99/><F99/><W20/><G62/><T97/><D97/><U23/><E118/><V40/><F133/><W135/><G135/><T47/><D101/><U88/><E78/><V74/><F132/><W48/><G48/><T9/><REACH who="0" step="1"/><D47/><REACH who="0" ten="129,234,408,219" step="2"/><U122/><E124/><V68/><F45/><W13/><G63/><T92/><D92/><U65/><E130/><V86/><F50/><W127/><G127/><T66/><D66/><RYUUKYOKU ba="1,1" sc="129,30,234,-10,408,-10,219,-10" hai0="6,9,12,21,24,52,54,60,64,69,81,84,91" owari="159,-34.0,224,2.0,408,51.0,209,-19.0" /></mjloggm>