<mjloggm ver="2.3"><GO type="169" lobby="0"/><UN n0="%47%E9%9B%80" n1="%E5%B0%B1%E6%B4%BB%E7%94%9F%40%E5%B7%9D%E6%9D%91%E8%BB%8D%E5%9B%A3" n2="%E9%BB%92%E7%8C%AB%40%E3%81%BA%E3%82%8D%E3%81%BA%E3%82%8D%E2%98%86" n3="%E8%B2%BF%E6%98%93" dan="16,19,18,17" rate="2183.42,2319.99,2133.40,2210.69" sx="M,M,F,M"/><TAIKYOKU oya="0"/><INIT seed="0,0,0,3,2,88" ten="250,250,250,250" oya="0" hai0="71,44,105,115,81,98,28,96,63,48,13,69,134" hai1="114,108,24,82,123,2,126,51,40,20,116,17,62" hai2="80,103,133,50,129,29,127,76,107,8,57,121,3" hai3="84,39,42,91,74,109,1,38,27,77,120,86,12"/><T4/><D115/><U47/><E2/><V132/><F121/><W111/><G1/><T92/><D28/><U89/><E123/><V15/><F3/><W64/><G120/><T97/><D105/><U130/><E114/><V87/><F129/><W67/><G74/><T93/><D134/><N who="2" m="51818" /><F29/><W52/><G12/><T110/><D81/><U125/><E130/><V6/><F127/><N who="1" m="48649" /><E108/><N who="3" m="41546" /><G27/><T70/><D110/><U37/><E62/><V56/><F50/><W19/><G19/><T68/><D63/><U43/><E116/><V113/><F113/><W49/><G77/><T72/><D72/><U22/><E22/><V95/><F107/><W53/><G53/><T135/><D135/><U46/><E89/><N who="2" m="53695" /><F103/><W61/><G42/><T34/><D34/><U9/><E82/><V101/><F101/><W75/><G75/><AGARI ba="0,0" hai="6,8,15,56,57,75,76,80" m="53695,51818" machi="75" ten="30,2000,0" yaku="20,1,52,1" doraHai="88" who="2" fromWho="3" sc="250,0,250,0,250,20,250,-20" /><INIT seed="1,0,0,4,0,62" ten="250,250,270,230" oya="1" hai0="85,103,84,81,107,79,117,121,106,109,10,80,26" hai1="16,53,127,20,38,112,134,98,0,48,33,36,76" hai2="88,95,35,114,7,44,119,3,133,63,124,30,132" hai3="125,70,29,129,18,73,49,2,78,115,41,22,51"/><U69/><E33/><V72/><F119/><W57/><G115/><T89/><D26/><U47/><E112/><V122/><F122/><W19/><G70/><T128/><D10/><U96/><E134/><N who="2" m="51819" /><F72/><W60/><G2/><T59/><D59/><U17/><E127/><V126/><F114/><W9/><G125/><N who="2" m="48233" /><F44/><W46/><G129/><T28/><D128/><U1/><E69/><V23/><F35/><W8/><G78/><T58/><D28/><U111/><E111/><V11/><F63/><W113/><G73/><T24/><D58/><U45/><E76/><V56/><F56/><W13/><G113/><T55/><D55/><U4/><E48/><V91/><F95/><W34/><G34/><T65/><D79/><U120/><E53/><V87/><F87/><W37/><G37/><T66/><D24/><AGARI ba="0,0" hai="3,7,11,23,24,30,88,91" m="48233,51819" machi="24" ten="30,3900,0" yaku="20,1,18,1,54,1" doraHai="62" who="2" fromWho="0" sc="250,-39,250,0,270,39,230,0" /><INIT seed="2,0,0,4,4,54" ten="211,250,309,230" oya="2" hai0="64,45,102,46,15,123,76,104,32,18,1,85,117" hai1="21,12,47,71,95,35,34,77,116,7,13,43,69" hai2="107,129,90,55,99,101,112,128,120,94,113,57,131" hai3="2,66,133,41,89,114,97,127,132,24,74,134,14"/><V130/><N who="2" m="32768" /><DORA hai="48" /><V36/><F36/><W79/><G2/><T33/><D1/><U20/><E77/><V51/><F120/><W25/><G127/><T27/><D123/><U109/><E109/><V121/><F121/><W84/><G114/><T16/><D64/><U91/><E35/><V86/><AGARI ba="0,0" hai="51,55,57,86,90,94,99,101,107,112,113" m="32768" machi="86" ten="60,12000,1" yaku="0,1,19,1,52,2" doraHai="54,48" who="2" fromWho="2" sc="211,-40,250,-40,309,120,230,-40" /><INIT seed="2,1,0,3,0,74" ten="171,210,429,190" oya="2" hai0="10,112,125,96,100,0,6,49,46,33,135,7,104" hai1="106,105,115,77,130,97,31,32,128,89,35,121,27" hai2="120,116,45,50,90,48,43,110,131,85,134,36,102" hai3="5,109,53,17,28,108,23,107,57,20,25,114,122"/><V124/><F120/><W60/><G122/><T68/><D112/><U18/><E115/><V39/><F116/><W76/><G114/><T30/><D6/><U21/><E121/><V103/><F134/><W8/><G107/><T113/><D113/><U26/><E35/><V1/><F1/><W37/><G37/><T73/><D125/><U92/><REACH who="1" step="1"/><E77/><REACH who="1" ten="171,200,429,190" step="2"/><V83/><F124/><W44/><G76/><T81/><D135/><U51/><E51/><V47/><F131/><AGARI ba="1,1" hai="18,21,26,27,31,32,89,92,97,105,106,128,130,131" machi="131" ten="40,5200,0" yaku="1,1,19,1,53,1" doraHai="74" doraHaiUra="15" who="1" fromWho="2" sc="171,0,200,65,429,-55,190,0" /><INIT seed="3,0,0,4,4,83" ten="171,265,374,190" oya="3" hai0="72,2,38,35,114,11,67,36,56,92,15,14,121" hai1="129,77,21,100,73,62,5,61,101,130,69,71,55" hai2="81,106,134,23,0,127,7,88,104,28,29,46,74" hai3="98,128,18,26,86,43,34,95,33,117,78,32,111"/><W58/><G117/><T97/><D72/><U115/><E115/><V123/><F0/><W25/><G128/><N who="1" m="49258" /><E73/><V102/><F7/><W103/><G111/><T4/><D35/><U3/><E77/><V82/><F82/><W120/><G120/><T126/><D121/><U44/><E21/><V66/><F66/><W118/><G118/><T107/><D107/><U133/><E133/><V132/><F127/><W64/><G43/><T75/><D75/><U47/><E5/><V96/><F106/><W52/><G64/><T37/><D126/><U93/><E93/><V8/><F8/><W9/><G9/><T63/><REACH who="0" step="1"/><D114/><REACH who="0" ten="161,265,374,190" step="2"/><U40/><E3/><V125/><F123/><W49/><REACH who="3" step="1"/><G18/><REACH who="3" ten="161,265,374,180" step="2"/><T119/><D119/><U116/><E116/><V41/><F125/><W45/><G45/><T124/><D124/><U54/><E47/><V65/><F46/><W68/><G68/><T99/><D99/><U57/><E71/><V79/><F134/><W91/><G91/><AGARI ba="0,2" hai="2,4,11,14,15,36,37,38,56,63,67,91,92,97" machi="91" ten="40,2600,0" yaku="1,1,53,1" doraHai="83" doraHaiUra="53" who="0" fromWho="3" sc="161,46,265,0,374,0,180,-26" /><INIT seed="4,0,0,2,0,19" ten="207,265,374,154" oya="0" hai0="40,49,133,47,80,9,128,16,102,124,44,72,119" hai1="59,24,46,7,20,73,41,107,50,91,8,1,92" hai2="85,111,14,135,37,35,18,6,120,30,77,87,55" hai3="122,23,89,104,109,69,116,0,100,132,2,4,54"/><T96/><D119/><U29/><E107/><V43/><F120/><W83/><G116/><T68/><D68/><U12/><E73/><V48/><F37/><W42/><G109/><T51/><D124/><U110/><E110/><V97/><F43/><W33/><G33/><T78/><D133/><U67/><E67/><V79/><F35/><W106/><G132/><T45/><D128/><U5/><E59/><V58/><F30/><W56/><G69/><T21/><D9/><U15/><REACH who="1" step="1"/><E5/><REACH who="1" ten="207,255,374,154" step="2"/><V105/><F6/><W82/><G106/><T94/><REACH who="0" step="1"/><D51/><REACH who="0" ten="197,255,374,154" step="2"/><U81/><E81/><V32/><F48/><W17/><G83/><T84/><D84/><AGARI ba="0,2" hai="1,7,8,12,15,20,24,29,41,46,50,84,91,92" machi="84" ten="30,3900,0" yaku="1,1,7,1,52,1,53,0" doraHai="19" doraHaiUra="99" who="1" fromWho="0" sc="197,-39,255,59,374,0,154,0" /><INIT seed="5,0,0,3,2,83" ten="158,314,374,154" oya="1" hai0="36,38,128,57,70,42,33,115,79,123,39,89,80" hai1="5,120,24,41,110,1,19,107,76,112,59,129,65" hai2="16,96,116,10,43,105,134,133,20,101,53,61,82" hai3="48,28,77,46,32,84,106,31,69,127,52,75,15"/><U21/><E120/><V55/><F116/><W67/><G106/><T100/><D100/><U104/><E112/><V66/><F10/><W98/><G75/><T124/><D33/><U7/><E110/><V9/><F9/><W0/><G0/><T8/><D70/><U73/><E129/><V56/><F43/><W47/><G127/><T130/><D89/><U22/><E41/><V121/><F82/><N who="3" m="47183" /><G32/><T13/><D57/><U99/><E1/><V54/><REACH who="2" step="1"/><F121/><REACH who="2" ten="158,314,364,154" step="2"/><W2/><G2/><T45/><D123/><U3/><E3/><V51/><F51/><W18/><G48/><T44/><D42/><U49/><E49/><V58/><F58/><W40/><G40/><T117/><D117/><U60/><E73/><V62/><F62/><W78/><G69/><T126/><D115/><U34/><E60/><V81/><F81/><W12/><G46/><T113/><D113/><U6/><E59/><V131/><F131/><N who="0" m="50218" /><D45/><U17/><E6/><V26/><AGARI ba="0,1" hai="16,20,26,53,54,55,56,61,66,96,101,105,133,134" machi="26" ten="30,4000,0" yaku="1,1,0,1,54,1,53,0" doraHai="83" doraHaiUra="90" who="2" fromWho="2" sc="158,-10,314,-20,364,50,154,-10" /><INIT seed="6,0,0,5,4,133" ten="148,294,414,144" oya="2" hai0="112,114,135,64,27,9,93,81,34,97,86,111,42" hai1="132,123,110,92,126,118,57,32,77,122,68,94,24" hai2="101,20,16,106,25,89,52,119,72,14,2,30,56" hai3="43,128,67,53,104,15,85,10,134,39,121,65,62"/><V38/><F119/><W54/><G121/><T84/><D111/><U80/><E68/><V58/><F38/><W71/><G104/><T83/><D42/><U109/><E32/><V124/><F72/><W13/><G134/><T6/><D64/><U91/><E24/><V75/><F75/><W130/><G85/><T108/><D108/><N who="1" m="41579" /><E57/><V120/><F101/><W129/><G15/><T95/><D135/><U60/><E60/><N who="2" m="35847" /><F106/><W45/><REACH who="3" step="1"/><G67/><REACH who="3" ten="148,294,414,134" step="2"/><T41/><D86/><U96/><E132/><V98/><F120/><W0/><G0/><T63/><D84/><U59/><E122/><V22/><F2/><W70/><G70/><T102/><D95/><U33/><E94/><V116/><F116/><W90/><G90/><T26/><D81/><U78/><E80/><V107/><F89/><W48/><G48/><T100/><D83/><U74/><E92/><V23/><F107/><W127/><G127/><T36/><D63/><U12/><E126/><V8/><F124/><W73/><G73/><T87/><D87/><U115/><E91/><V4/><F98/><W76/><G76/><T21/><D102/><U103/><E78/><V44/><F14/><W1/><G1/><N who="0" m="207" /><D27/><U79/><E77/><V3/><F25/><W7/><AGARI ba="0,1" hai="7,10,13,39,43,45,53,54,62,65,71,128,129,130" machi="7" ten="30,12000,2" yaku="1,1,0,1,19,1,53,3" doraHai="133" doraHaiUra="125" who="3" fromWho="3" sc="148,-30,294,-30,414,-60,134,130" /><INIT seed="7,0,0,1,4,32" ten="118,264,354,264" oya="3" hai0="74,95,41,128,13,90,66,116,61,52,111,101,120" hai1="37,49,103,54,122,22,11,71,110,96,107,131,31" hai2="94,21,17,56,106,30,58,81,109,70,93,0,48" hai3="124,2,53,20,129,16,24,12,57,130,84,97,135"/><W99/><G124/><T23/><D101/><U34/><E110/><V3/><F70/><W117/><G117/><T36/><D74/><U127/><E122/><V118/><F106/><W98/><G135/><T50/><D111/><U133/><E37/><V73/><F30/><W72/><G72/><T134/><D134/><U79/><E34/><V77/><F58/><W44/><G44/><T78/><D78/><U76/><E71/><V119/><F109/><W46/><G46/><T113/><D128/><N who="3" m="49257" /><G84/><T68/><D120/><U89/><E131/><V104/><F104/><W39/><G39/><T112/><D116/><U15/><E89/><V47/><F56/><W43/><G43/><T28/><D28/><U126/><E133/><V121/><F121/><W35/><G35/><T86/><D41/><U4/><E22/><V9/><F21/><W125/><G125/><N who="1" m="47626" /><E31/><V108/><F108/><W60/><G12/><T10/><D36/><U14/><E15/><N who="2" m="7407" /><F47/><AGARI ba="0,0" hai="4,11,14,47,49,54,76,79,96,103,107" m="47626" machi="47" ten="30,1000,0" yaku="18,1" doraHai="32" who="1" fromWho="2" sc="118,0,264,10,354,-10,264,0" owari="118,-38.0,274,7.0,344,45.0,264,-14.0" /></mjloggm>