<mjloggm ver="2.3"><GO type="169" lobby="0"/><UN n0="%E3%81%A1%E3%81%AA%E3%81%A4%E7%84%A1%E5%8F%8C%EF%BC%81" n1="%E3%81%BE%E3%81%8A%E3%81%BD%E3%82%93" n2="%3D%4A%61%6D" n3="%E3%83%88%E3%83%88%E3%83%AA%E5%85%88%E7%94%9F%31%39%E6%AD%B3" dan="16,16,17,18" rate="2082.48,2045.98,2109.02,2271.61" sx="M,F,M,F"/><TAIKYOKU oya="0"/><INIT seed="0,0,0,4,2,56" ten="250,250,250,250" oya="0" hai0="115,97,92,25,42,69,63,15,130,75,94,71,122" hai1="51,59,93,98,32,12,65,74,16,106,114,67,107" hai2="111,73,95,53,112,26,23,2,125,31,102,127,36" hai3="52,43,58,129,119,99,108,85,110,1,13,101,83"/><T57/><D115/><U30/><E74/><V105/><F36/><W84/><G119/><T60/><D122/><U91/><E114/><V28/><F112/><W20/><G1/><T76/><D130/><U66/><E32/><V116/><F73/><W70/><G70/><T27/><D42/><U37/><E30/><V10/><F105/><W38/><G129/><T68/><D15/><U77/><E77/><V6/><F116/><W128/><G128/><T8/><D8/><U78/><E78/><V5/><F53/><W88/><G84/><T104/><D104/><U24/><E24/><N who="2" m="16415" /><F95/><N who="3" m="58623" /><G38/><T50/><D92/><U35/><E35/><N who="2" m="20983" /><F102/><W17/><G110/><T14/><D76/><U3/><E37/><V18/><F111/><W34/><G34/><T86/><D75/><U120/><E120/><V135/><F135/><W62/><G108/><T22/><D86/><U117/><E117/><V113/><F113/><W49/><G43/><T4/><D69/><U54/><REACH who="1" step="1"/><E3/><REACH who="1" ten="250,240,250,250" step="2"/><V9/><F18/><W103/><G103/><T41/><D25/><U96/><E96/><V80/><F80/><W44/><G44/><T55/><D97/><U33/><E33/><V132/><F132/><W118/><G118/><T61/><D27/><U134/><E134/><V90/><F90/><W46/><G46/><T109/><D109/><U89/><E89/><V21/><F2/><W0/><G0/><T87/><D87/><U19/><E19/><V79/><F79/><W48/><AGARI ba="0,1" hai="13,17,20,48,49,52,58,62,83,85,88" m="58623" machi="48" ten="30,7900,0" yaku="8,1,52,1,54,2" doraHai="56" who="3" fromWho="3" sc="250,-39,240,-20,250,-20,250,89" /><INIT seed="1,0,0,1,0,35" ten="211,220,230,339" oya="1" hai0="110,52,108,109,91,61,17,53,72,49,24,97,16" hai1="36,120,0,23,54,131,9,29,101,74,124,71,79" hai2="25,86,3,47,18,68,59,76,20,1,103,119,129" hai3="116,39,37,127,26,122,12,21,4,130,31,132,114"/><U105/><E120/><V27/><F68/><W84/><G122/><T133/><D72/><U44/><E124/><V75/><F75/><W96/><G114/><T43/><D133/><U38/><E38/><V34/><F119/><W126/><G132/><T64/><D43/><N who="1" m="22631" /><E131/><V89/><F76/><W112/><G112/><T121/><D121/><U32/><E23/><V28/><F129/><W6/><G130/><T48/><D48/><U111/><E54/><N who="0" m="21097" /><D49/><U128/><E128/><V15/><F47/><W81/><G116/><T63/><D63/><U11/><E11/><V113/><F113/><W2/><G96/><T22/><D91/><U82/><E111/><V33/><F59/><W95/><G95/><T107/><D97/><N who="1" m="61615" /><E71/><V51/><F51/><W30/><G37/><T45/><D45/><U10/><E10/><V57/><F57/><W62/><G62/><T134/><D107/><U77/><E77/><V14/><F103/><W50/><G39/><T92/><D92/><U58/><E58/><V90/><F86/><W87/><G50/><T102/><D102/><U8/><E8/><V60/><F60/><W99/><G99/><T40/><D40/><U83/><E83/><V117/><F117/><W78/><G84/><T100/><D100/><U5/><E29/><N who="2" m="19647" /><F90/><W66/><G30/><N who="0" m="17687" /><D134/><U125/><E125/><N who="3" m="47626" /><G66/><T115/><D115/><U42/><E42/><V65/><F65/><W19/><G31/><T135/><D135/><U118/><E118/><V56/><F56/><AGARI ba="0,0" hai="16,17,56,61,64,108,109,110" m="17687,21097" machi="56" ten="30,3900,0" yaku="14,1,54,2" doraHai="35" who="0" fromWho="2" sc="211,39,220,0,230,-39,339,0" /><INIT seed="2,0,0,5,4,89" ten="250,220,191,339" oya="2" hai0="126,92,3,71,1,2,80,14,77,101,23,97,43" hai1="16,21,83,47,95,55,13,88,18,48,25,94,69" hai2="50,116,118,51,53,4,58,70,79,9,44,110,112" hai3="49,45,72,78,65,0,30,57,111,68,40,60,5"/><V38/><F112/><W100/><G111/><T24/><D71/><U115/><E69/><V64/><F79/><W63/><G30/><T15/><D43/><U128/><E128/><V132/><F132/><W107/><G107/><T20/><D126/><U8/><E115/><V123/><F123/><W36/><G100/><T106/><D20/><U46/><E46/><V31/><F31/><W27/><G27/><T37/><D37/><U91/><E91/><V19/><F19/><W122/><G122/><T39/><D39/><U103/><E103/><V117/><F9/><N who="3" m="2215" /><G60/><T32/><D32/><U6/><E6/><V73/><F73/><W135/><G135/><T17/><REACH who="0" step="1"/><D106/><REACH who="0" ten="240,220,191,339" step="2"/><U35/><REACH who="1" step="1"/><E35/><REACH who="1" ten="240,210,191,339" step="2"/><V66/><F110/><W52/><G68/><T130/><D130/><U54/><E54/><V86/><F70/><W124/><G52/><T28/><D28/><U12/><E12/><V82/><F117/><W90/><G40/><T127/><D127/><U109/><E109/><V56/><F118/><W81/><G124/><T102/><D102/><U34/><E34/><V108/><F108/><W10/><G36/><T75/><AGARI ba="0,2" hai="1,2,3,14,15,17,23,24,75,77,80,92,97,101" machi="75" ten="30,4000,0" yaku="1,1,0,1,52,1,53,0" doraHai="89" doraHaiUra="113" who="0" fromWho="0" sc="240,60,210,-10,191,-20,339,-10" /><INIT seed="3,0,0,0,4,52" ten="300,200,171,329" oya="3" hai0="132,72,55,0,67,123,87,111,130,33,38,10,20" hai1="84,122,34,103,47,81,4,131,101,3,41,134,2" hai2="99,26,22,53,96,18,78,43,28,75,104,19,102" hai3="100,74,98,40,126,5,112,25,42,105,7,61,44"/><W135/><G112/><T113/><RYUUKYOKU type="yao9" ba="0,0" sc="300,0,200,0,171,0,329,0" hai0="0,10,20,33,38,55,67,72,87,111,113,123,130,132" /><INIT seed="3,1,0,4,0,64" ten="300,200,171,329" oya="3" hai0="13,61,41,127,35,122,92,113,5,96,75,97,57" hai1="120,39,80,58,50,44,119,114,2,34,115,28,27" hai2="30,18,20,62,49,78,42,22,91,118,15,93,128" hai3="4,85,81,32,130,21,38,31,107,24,29,99,123"/><W76/><G123/><T26/><D122/><U95/><E120/><V19/><F118/><W63/><G38/><T134/><D75/><U51/><E119/><V10/><F128/><W37/><G37/><T126/><D134/><U67/><E2/><V129/><F129/><W110/><G130/><T90/><D113/><U6/><E6/><V133/><F133/><W14/><G110/><T48/><D41/><U68/><E80/><V45/><F78/><W55/><G31/><T9/><D48/><U94/><E94/><V43/><F30/><W66/><G55/><N who="0" m="33983" /><D26/><U46/><E95/><V82/><F82/><W70/><G4/><T108/><D35/><U125/><E125/><N who="0" m="47625" /><D108/><U100/><E100/><V74/><F74/><W52/><G52/><T56/><D56/><U54/><E50/><V105/><F105/><W73/><G73/><T16/><D5/><U17/><E44/><V84/><F43/><W53/><G53/><T36/><D36/><U7/><E7/><V33/><F33/><W0/><G14/><T131/><D131/><U47/><E47/><V69/><REACH who="2" step="1"/><F19/><REACH who="2" ten="300,200,161,329" step="2"/><W60/><G32/><T109/><D109/><U83/><E17/><V89/><F89/><W59/><G107/><T1/><D1/><U106/><E106/><V124/><F124/><W117/><G0/><T11/><D11/><U40/><E83/><V98/><F98/><AGARI ba="1,1" hai="9,13,16,90,92,96,97,98" m="47625,33983" machi="98" ten="30,2000,0" yaku="18,1,54,1" doraHai="64" who="0" fromWho="2" sc="300,33,200,0,161,-23,329,0" /><INIT seed="4,0,0,5,0,31" ten="333,200,138,329" oya="0" hai0="75,19,0,44,69,125,34,121,77,118,54,10,43" hai1="63,88,47,134,130,133,114,90,12,42,64,20,83" hai2="74,36,30,71,26,51,48,58,132,1,32,111,85" hai3="3,115,57,99,108,50,61,80,116,102,107,119,24"/><T86/><D118/><U49/><E130/><V2/><F74/><W101/><G108/><T4/><D69/><U14/><E114/><V27/><F71/><W73/><G3/><T11/><D121/><U45/><E45/><V9/><F36/><W103/><G115/><T89/><D125/><U78/><E20/><V84/><F111/><W106/><G50/><T97/><D54/><U87/><E12/><V23/><F132/><N who="1" m="50793" /><E14/><V128/><F128/><W131/><G131/><T8/><D44/><U113/><E113/><V18/><F48/><W70/><G70/><AGARI ba="0,0" hai="42,47,49,63,64,70,78,83,87,88,90" m="50793" machi="70" ten="30,2000,0" yaku="20,1,54,1" doraHai="31" who="1" fromWho="3" sc="333,0,200,20,138,0,329,-20" /><INIT seed="5,0,0,5,5,96" ten="333,220,138,309" oya="1" hai0="87,41,69,112,114,0,49,6,8,100,128,63,54" hai1="68,2,28,56,37,104,120,74,121,129,102,67,47" hai2="94,61,93,130,59,113,73,33,80,115,30,32,78" hai3="99,64,111,15,40,60,88,9,82,24,25,85,101"/><U125/><E125/><V135/><F135/><W98/><G98/><T29/><D128/><U36/><E2/><V38/><F38/><W26/><G111/><T95/><D41/><U66/><E74/><V97/><F130/><W3/><G3/><T62/><D29/><U48/><E28/><V106/><F106/><W84/><G84/><T13/><D0/><U1/><E1/><V58/><F94/><W55/><G40/><T86/><D69/><U119/><E102/><V124/><F124/><W20/><G55/><T116/><D116/><U90/><E90/><V27/><F33/><W17/><G60/><T110/><D110/><U91/><E91/><V45/><F45/><W53/><G53/><T22/><D87/><U14/><E14/><V43/><F43/><W18/><REACH who="3" step="1"/><G64/><REACH who="3" ten="333,220,138,299" step="2"/><T70/><D86/><U127/><E66/><V109/><F109/><W50/><G50/><T57/><D63/><N who="1" m="40063" /><E127/><V76/><F76/><W132/><G132/><T107/><D62/><U65/><E119/><V21/><F32/><W83/><G83/><T34/><D34/><U103/><E129/><V44/><F44/><W19/><G19/><T89/><D49/><U117/><E117/><V31/><F30/><W79/><G79/><T77/><D77/><U35/><E65/><N who="2" m="39095" /><F59/><W126/><G126/><T105/><D57/><U134/><E56/><V16/><F16/><W11/><G11/><T5/><D8/><U10/><E134/><V108/><F108/><W122/><G122/><T72/><D72/><U52/><E121/><V42/><F42/><W75/><G75/><T81/><D81/><RYUUKYOKU ba="0,1" sc="333,-15,220,-15,138,15,299,15" hai2="21,27,31,73,78,80,93,97,113,115" hai3="9,15,17,18,20,24,25,26,82,85,88,99,101" /><INIT seed="6,1,1,4,5,101" ten="318,205,153,314" oya="2" hai0="0,16,47,93,79,29,67,83,116,73,119,49,94" hai1="57,17,85,2,32,25,42,81,52,1,114,21,59" hai2="40,28,12,50,89,8,76,104,54,118,131,91,127" hai3="36,39,37,132,110,30,70,124,90,129,135,65,71"/><V95/><F118/><N who="0" m="45098" /><D0/><U77/><E59/><N who="2" m="33239" /><F104/><W34/><G110/><T4/><D4/><U62/><E114/><V87/><F131/><W109/><G109/><T120/><D120/><U33/><REACH who="1" step="1"/><E42/><REACH who="1" ten="318,195,153,314" step="2"/><V22/><F127/><W80/><G124/><T75/><D47/><U96/><E96/><V41/><F76/><W100/><G129/><T78/><D78/><U58/><E58/><V63/><F63/><W6/><G70/><T134/><D79/><U115/><E115/><V27/><F91/><W133/><G71/><T56/><D56/><U97/><E97/><V31/><F31/><W35/><G30/><T18/><D29/><U23/><E23/><V14/><F14/><W5/><G90/><T74/><D74/><U3/><AGARI ba="1,2" hai="1,2,3,17,21,25,32,33,52,57,62,77,81,85" machi="3" ten="30,4000,0" yaku="1,1,0,1,54,1,53,0" doraHai="101" doraHaiUra="86" who="1" fromWho="1" sc="318,-11,195,63,153,-21,314,-11" /><INIT seed="7,0,0,2,5,33" ten="307,258,132,303" oya="3" hai0="95,14,54,31,115,44,0,64,79,99,22,74,91" hai1="62,20,106,84,121,118,11,93,61,43,29,82,69" hai2="52,110,28,13,108,5,96,75,7,53,51,30,134" hai3="35,86,26,40,6,45,73,1,47,101,94,133,4"/><W63/><G73/><T34/><D0/><U12/><E121/><V68/><F75/><W46/><G1/><T125/><D34/><U65/><E106/><V36/><F96/><N who="3" m="59543" /><G35/><T2/><D2/><U18/><E118/><V123/><F68/><W72/><G72/><T48/><D125/><U102/><E62/><V67/><F36/><W98/><G133/><T85/><D115/><U105/><E43/><V24/><F134/><W50/><G98/><T59/><D74/><U104/><E102/><V114/><F114/><W83/><G26/><N who="0" m="16855" /><D14/><U120/><E93/><V81/><F13/><W124/><G124/><T66/><D44/><N who="3" m="17001" /><G63/><T41/><D41/><U88/><E120/><V129/><F123/><W130/><G130/><T131/><D131/><U21/><REACH who="1" step="1"/><E29/><REACH who="1" ten="307,248,132,303" step="2"/><V56/><F129/><W8/><G8/><T90/><D79/><AGARI ba="0,1" hai="4,6,40,47,50,79,83,86" m="17001,59543" machi="79" ten="30,1500,0" yaku="8,1" doraHai="33" who="3" fromWho="0" sc="307,-15,248,0,132,0,303,25" owari="292,9.0,248,-15.0,132,-37.0,328,43.0" /></mjloggm>