<mjloggm ver="2.3"><GO type="169" lobby="0"/><UN n0="%49%53%53%4F%4E%34" n1="%E3%82%A6%E3%83%AB%E3%83%88%E3%83%A9%E7%AB%8B%E7%9B%B4" n2="%E3%81%BB%E3%81%97%E3%81%8D%E3%82%85%E3%83%BC%2B%2B" n3="%6E%65%77%E3%81%9F%E3%81%91%E3%81%93%E3%81%9E%E3%81%86" dan="16,17,16,16" rate="2120.44,2151.53,2033.78,2120.66" sx="M,M,M,M"/><TAIKYOKU oya="0"/><INIT seed="0,0,0,3,0,64" ten="250,250,250,250" oya="0" hai0="54,99,32,132,43,78,135,125,58,116,70,63,15" hai1="130,95,117,40,59,46,36,24,67,60,20,7,79" hai2="80,3,87,2,101,10,66,69,14,112,110,73,53" hai3="0,26,82,91,27,109,72,68,62,21,84,115,57"/><T134/><D32/><U75/><E130/><V9/><F112/><W123/><G115/><T34/><D34/><U17/><E117/><V55/><F73/><W127/><G109/><T50/><D78/><U48/><E7/><V51/><F101/><W61/><G0/><T124/><D99/><U92/><E79/><V128/><F128/><W33/><G72/><T103/><D103/><U111/><E75/><V113/><F113/><W102/><G127/><N who="0" m="48715" /><D15/><U126/><E126/><V106/><F110/><W122/><G102/><T30/><D30/><U89/><E111/><V13/><F106/><W118/><G118/><T45/><D116/><U12/><E36/><V133/><F13/><W47/><G47/><T114/><D114/><U90/><E12/><V108/><F14/><W74/><G74/><T104/><D104/><U4/><E4/><V97/><F97/><W35/><G27/><T39/><D70/><U31/><E17/><V105/><F2/><W65/><G122/><T86/><D86/><U28/><E28/><V1/><F3/><W44/><G44/><T100/><D100/><U93/><AGARI ba="0,0" hai="20,24,31,40,46,48,59,60,67,89,90,92,93,95" machi="93" ten="30,2000,0" yaku="0,1,8,1" doraHai="64" who="1" fromWho="1" sc="250,-10,250,20,250,-5,250,-5" /><INIT seed="1,0,0,4,0,88" ten="240,270,245,245" oya="1" hai0="95,28,123,33,70,64,103,129,44,50,66,8,36" hai1="100,24,125,51,3,111,1,41,20,126,75,39,45" hai2="4,78,97,58,94,90,34,113,109,5,15,7,105" hai3="128,38,13,131,18,27,19,69,91,106,104,72,121"/><U67/><E75/><V31/><F109/><W59/><G69/><T117/><D117/><U53/><E67/><V118/><F118/><W80/><G38/><T65/><D36/><U79/><E79/><V85/><F113/><W62/><G121/><T2/><D70/><U43/><E100/><V99/><F34/><W82/><G27/><T73/><D73/><U56/><E43/><V81/><F31/><W42/><G42/><T10/><D33/><U14/><E14/><V86/><F105/><W21/><G19/><T124/><D28/><U108/><E1/><V101/><F101/><W46/><G46/><T98/><D2/><U26/><E3/><V29/><F29/><W35/><G35/><T11/><D124/><N who="1" m="47723" /><E20/><V16/><REACH who="2" step="1"/><F58/><REACH who="2" ten="240,270,235,245" step="2"/><W23/><G106/><T55/><REACH who="0" step="1"/><D123/><REACH who="0" ten="230,270,235,245" step="2"/><U89/><E111/><V40/><F40/><W130/><G130/><AGARI ba="0,2" hai="8,10,11,44,50,55,64,65,66,95,98,103,129,130" machi="130" ten="50,6400,0" yaku="1,1,2,1,52,1,53,0" doraHai="88" doraHaiUra="68" who="0" fromWho="3" sc="230,84,270,0,235,0,245,-64" /><INIT seed="2,0,0,1,5,52" ten="314,270,235,181" oya="2" hai0="119,31,69,58,73,60,99,25,47,27,3,91,28" hai1="53,41,16,8,65,127,44,90,20,125,78,61,15" hai2="23,68,10,14,70,100,7,46,134,96,59,11,112" hai3="109,79,92,85,105,4,124,18,51,56,116,128,110"/><V131/><F134/><W117/><G4/><T76/><D3/><U50/><E78/><V37/><F131/><W49/><G128/><T34/><D119/><N who="3" m="45641" /><G105/><T43/><D69/><U103/><E103/><V5/><F112/><W67/><G18/><T123/><D123/><U133/><E133/><V19/><F23/><W126/><G92/><T39/><D76/><U81/><E20/><V17/><F17/><W42/><G85/><T93/><D73/><U89/><E41/><V82/><F82/><W66/><G79/><T72/><D72/><U32/><E32/><V0/><F5/><W113/><G113/><T30/><REACH who="0" step="1"/><D25/><REACH who="0" ten="304,270,235,181" step="2"/><U45/><E45/><V57/><F68/><W114/><G114/><T12/><D12/><U2/><E2/><V36/><F70/><W88/><G124/><N who="1" m="47690" /><E81/><V121/><F121/><W62/><G126/><T102/><D102/><U135/><E135/><V111/><F46/><N who="3" m="25815" /><G88/><T9/><D9/><U55/><E90/><V13/><F0/><W132/><G132/><T63/><D63/><U107/><E89/><V84/><F14/><W122/><G122/><T1/><D1/><U101/><E15/><V48/><F13/><W35/><G35/><T87/><D87/><U21/><E8/><V106/><F84/><W86/><G86/><T94/><D94/><U115/><E115/><V120/><F120/><W22/><G22/><T74/><D74/><U83/><E101/><V80/><F100/><W118/><G118/><T95/><D95/><U54/><E83/><V40/><F80/><W130/><G62/><T77/><D77/><U98/><E61/><RYUUKYOKU ba="0,1" sc="304,30,270,-10,235,-10,181,-10" hai0="27,28,30,31,34,39,43,47,58,60,91,93,99" /><INIT seed="3,1,1,1,4,102" ten="334,260,225,171" oya="3" hai0="94,21,134,113,66,105,11,63,42,108,45,86,37" hai1="55,125,47,60,118,132,10,104,56,127,107,110,80" hai2="123,115,20,76,72,22,40,36,68,67,51,78,106" hai3="31,3,32,39,50,93,58,99,91,49,62,95,89"/><W96/><G39/><T81/><D108/><U5/><E110/><V29/><F115/><W128/><G128/><T124/><D113/><U112/><E112/><V2/><F123/><W26/><REACH who="3" step="1"/><G3/><REACH who="3" ten="334,260,225,161" step="2"/><T109/><D109/><U83/><E118/><V74/><F36/><W57/><G57/><T70/><D124/><N who="1" m="47691" /><E132/><V43/><F2/><W27/><G27/><T120/><D134/><U17/><E47/><V44/><F44/><W46/><G46/><T14/><D120/><U38/><E38/><V77/><F68/><W41/><G41/><T73/><D45/><U28/><E28/><V82/><F40/><W100/><G100/><T116/><D42/><U75/><E17/><V90/><F43/><W33/><G33/><T0/><D37/><U97/><E56/><V92/><F29/><W65/><AGARI ba="1,2" hai="26,31,32,49,50,58,62,65,89,91,93,95,96,99" machi="65" ten="20,7800,0" yaku="1,1,0,1,7,1,9,1,53,0" doraHai="102" doraHaiUra="48" who="3" fromWho="3" sc="334,-27,260,-27,225,-27,161,101" /><INIT seed="3,2,0,2,0,95" ten="307,233,198,262" oya="3" hai0="115,132,118,110,81,70,78,44,22,20,71,117,120" hai1="135,66,16,63,99,126,27,37,67,4,39,50,28" hai2="23,8,52,35,72,119,7,46,5,31,96,68,25" hai3="29,103,33,79,3,104,58,21,34,9,89,86,109"/><W107/><G79/><T15/><D120/><U65/><E4/><V6/><F119/><W54/><G109/><T112/><D110/><U60/><E126/><V62/><F72/><W49/><G21/><N who="0" m="8299" /><D15/><U42/><E135/><V87/><F87/><W74/><G74/><T14/><D14/><U40/><E28/><V43/><F68/><N who="0" m="26154" /><D44/><N who="1" m="25879" /><E99/><V32/><F8/><W57/><G9/><T64/><D64/><N who="1" m="24683" /><E16/><V36/><REACH who="2" step="1"/><F96/><REACH who="2" ten="307,233,188,262" step="2"/><W41/><G3/><T48/><D132/><U127/><E127/><V83/><F83/><W125/><G125/><T12/><D118/><U91/><E27/><V80/><F80/><W102/><G34/><T69/><D69/><N who="1" m="42215" /><E91/><V24/><F24/><W38/><G33/><T90/><D81/><U75/><E75/><V84/><F84/><W123/><G86/><T94/><D90/><U88/><E88/><V131/><F131/><W77/><G89/><T51/><D78/><U97/><E97/><V111/><F111/><W76/><G77/><T133/><D133/><U114/><E114/><V18/><F18/><W55/><G76/><T92/><D115/><U101/><E101/><V47/><F47/><W13/><G102/><T11/><D112/><U93/><E93/><V105/><F105/><W17/><G103/><T19/><D117/><U128/><E128/><V53/><F53/><W129/><G54/><T124/><D124/><U100/><E100/><V73/><F73/><W134/><G55/><T121/><D92/><U106/><E106/><V130/><F130/><W61/><G129/><T108/><D94/><U30/><E40/><V113/><F113/><RYUUKYOKU ba="2,1" sc="307,-10,233,-10,188,30,262,-10" hai2="5,6,7,23,25,31,32,35,36,43,46,52,62" /><INIT seed="4,3,1,1,4,99" ten="297,223,218,252" oya="0" hai0="16,15,87,100,13,103,122,17,134,129,1,101,75" hai1="39,60,41,69,135,65,45,96,131,71,76,111,110" hai2="21,85,133,73,62,52,80,29,125,81,34,57,132" hai3="124,97,108,54,38,123,11,64,105,93,25,117,51"/><T91/><D122/><U104/><E131/><V5/><F125/><W66/><G124/><T9/><D1/><U35/><E135/><N who="2" m="51787" /><F34/><W98/><G123/><T120/><D120/><U24/><E76/><N who="2" m="44047" /><F5/><W58/><G117/><T68/><D134/><U37/><E37/><V94/><F94/><W119/><G119/><T112/><D75/><U20/><E71/><V10/><F10/><W4/><G38/><T50/><D68/><U114/><E114/><V63/><F21/><W47/><G108/><T49/><D129/><U72/><E72/><V67/><F29/><W36/><G25/><T128/><D128/><U30/><E20/><V40/><F40/><W77/><G77/><T102/><N who="0" m="25600" /><DORA hai="82" /><T53/><D112/><U56/><E96/><V86/><F81/><W8/><G98/><T78/><D78/><U42/><E42/><V7/><F7/><W6/><G6/><T95/><D53/><U89/><E104/><V0/><F0/><W19/><G105/><T83/><D83/><U33/><E33/><V115/><F115/><W18/><G54/><T46/><D46/><U14/><E89/><V121/><F121/><W28/><G47/><T126/><D126/><U2/><E2/><V43/><F43/><W23/><G36/><T84/><D87/><U130/><E130/><V74/><F74/><W106/><G106/><T3/><D3/><U48/><E14/><V90/><F90/><W12/><G97/><T70/><D70/><AGARI ba="3,1" hai="52,57,62,63,67,70,85,86" m="44047,51787" machi="70" ten="30,7700,0" yaku="20,1,52,2,54,1" doraHai="99,82" who="2" fromWho="0" sc="297,-86,223,0,218,96,252,0" /><INIT seed="5,0,0,4,5,20" ten="211,223,314,252" oya="1" hai0="75,3,24,32,82,12,65,81,62,97,104,49,23" hai1="8,73,87,129,103,27,71,69,86,119,131,54,37" hai2="130,92,93,83,109,121,36,127,123,40,117,85,57" hai3="99,45,96,133,90,11,38,56,110,7,76,0,21"/><U122/><E122/><N who="2" m="46603" /><F57/><W42/><G133/><T107/><D3/><U94/><E119/><V6/><F6/><W120/><G120/><T115/><D115/><U67/><E73/><V14/><F14/><W10/><G110/><T125/><D125/><U135/><E37/><V80/><F40/><W19/><G10/><T43/><D12/><U106/><E106/><V26/><F36/><W98/><G56/><T64/><D64/><U88/><E103/><V108/><F26/><W63/><G63/><T124/><D124/><U9/><E135/><V111/><F127/><W46/><G76/><T128/><D128/><N who="1" m="49227" /><E54/><V77/><F130/><W112/><G112/><T101/><D104/><U79/><E67/><V72/><F117/><W50/><G90/><AGARI ba="0,0" hai="72,77,80,83,85,90,92,93,108,109,111" m="46603" machi="90" ten="40,2600,0" yaku="34,2" doraHai="20" who="2" fromWho="3" sc="211,0,223,0,314,26,252,-26" /><INIT seed="6,0,0,0,0,78" ten="211,223,340,226" oya="2" hai0="105,116,22,30,39,83,135,121,81,66,90,41,16" hai1="110,88,77,19,64,133,21,15,92,37,13,107,11" hai2="74,73,31,0,52,56,126,114,118,80,71,2,129" hai3="54,3,28,134,96,23,50,10,128,24,70,117,75"/><V100/><F118/><W106/><G117/><T98/><D121/><U26/><E107/><V14/><F71/><W85/><G75/><T125/><D116/><U42/><E110/><V94/><F114/><W29/><G70/><T95/><D105/><U9/><E133/><V122/><F122/><W103/><G134/><T27/><D135/><U67/><E77/><V18/><F126/><W12/><G128/><T40/><D125/><U6/><E42/><N who="0" m="16489" /><D39/><U36/><E37/><V89/><F100/><W60/><G60/><T20/><D66/><U112/><E36/><V113/><F31/><W68/><G68/><T32/><D32/><U25/><E25/><AGARI ba="0,0" hai="16,20,22,25,27,30,81,83,90,95,98" m="16489" machi="25" ten="30,7700,0" yaku="8,1,52,2,54,1" doraHai="78" who="0" fromWho="1" sc="211,77,223,-77,340,0,226,0" /><INIT seed="7,0,0,2,5,127" ten="288,146,340,226" oya="3" hai0="65,101,84,118,66,68,0,55,60,21,12,92,100" hai1="114,51,124,122,129,17,126,108,40,48,74,30,16" hai2="7,1,53,27,81,67,41,50,2,62,4,52,29" hai3="56,89,85,106,3,26,105,34,37,15,109,72,103"/><W93/><G3/><T77/><D0/><U94/><E74/><V133/><F1/><W11/><G37/><T86/><D118/><U87/><E122/><V46/><F2/><W61/><G109/><T123/><D123/><U95/><E108/><V63/><F81/><W38/><G38/><T10/><D68/><U135/><E30/><V69/><F133/><W107/><G72/><T19/><D77/><U32/><E32/><V35/><REACH who="2" step="1"/><F62/><REACH who="2" ten="288,146,330,226" step="2"/><W42/><G61/><T73/><D60/><U39/><E135/><V75/><F75/><W128/><G105/><T88/><D73/><U117/><E117/><V20/><F20/><W90/><G106/><T99/><D21/><U8/><E39/><V6/><AGARI ba="0,1" hai="4,6,7,27,29,35,41,46,50,52,53,63,67,69" machi="6" ten="30,7900,0" yaku="1,1,0,1,54,1,53,1" doraHai="127" doraHaiUra="36" who="2" fromWho="2" sc="288,-20,146,-20,330,89,226,-39" owari="268,7.0,126,-37.0,419,51.0,187,-21.0" /></mjloggm>