<mjloggm ver="2.3"><GO type="169" lobby="0"/><UN n0="%E3%81%BD%E3%82%93%E5%A4%A7%E7%94%9F" n1="%E5%B0%B1%E6%B4%BB%E7%94%9F%40%E5%B7%9D%E6%9D%91%E8%BB%8D%E5%9B%A3" n2="%62%69%67%6B%75%6D%61" n3="%76%72%6D%6C%37%37%37" dan="16,19,16,16" rate="2062.57,2350.15,2122.89,2143.09" sx="M,M,M,M"/><TAIKYOKU oya="0"/><INIT seed="0,0,0,4,2,42" ten="250,250,250,250" oya="0" hai0="81,129,85,12,38,48,120,32,126,114,3,54,29" hai1="8,7,82,110,118,98,52,122,84,66,107,112,103" hai2="104,17,92,115,16,21,125,28,50,71,83,94,35" hai3="67,4,132,18,80,5,97,76,53,13,89,37,135"/><T72/><D120/><U20/><E110/><V36/><F36/><W105/><G67/><T102/><D3/><U24/><E122/><V19/><F104/><W131/><G37/><T93/><D38/><U31/><E112/><V11/><F71/><W34/><G34/><T96/><D114/><U101/><E66/><V119/><F115/><W111/><G111/><T10/><D126/><U51/><E118/><V91/><F119/><W55/><G131/><T87/><D129/><U26/><E26/><N who="2" m="16463" /><F35/><W30/><G30/><T40/><D40/><U73/><E73/><V116/><F125/><W106/><G89/><T27/><D72/><U43/><E43/><V99/><F116/><W109/><G109/><T14/><D10/><U25/><E25/><V75/><F75/><W62/><G97/><T61/><D61/><U78/><E98/><N who="2" m="57631" /><F83/><W124/><G124/><T56/><REACH who="0" step="1"/><D87/><REACH who="0" ten="240,250,250,250" step="2"/><U41/><E41/><V57/><F11/><N who="3" m="6463" /><G62/><T46/><D46/><U123/><E123/><V49/><F57/><W58/><G58/><T6/><D6/><U128/><E128/><V22/><F22/><W86/><G4/><T127/><D127/><U74/><E74/><V0/><F0/><W44/><G5/><T9/><D9/><U64/><E64/><V113/><F113/><W65/><G65/><T79/><AGARI ba="0,1" hai="12,14,27,29,32,48,54,56,79,81,85,93,96,102" machi="79" ten="20,3900,0" yaku="1,1,0,1,7,1,53,0" doraHai="42" doraHaiUra="108" who="0" fromWho="0" sc="240,49,250,-13,250,-13,250,-13" /><INIT seed="0,1,0,0,2,31" ten="289,237,237,237" oya="0" hai0="113,122,4,42,97,107,17,34,78,110,46,35,79" hai1="54,51,90,70,53,93,16,8,11,39,115,76,71" hai2="117,68,63,32,60,50,64,22,72,84,100,14,91" hai3="108,13,62,10,36,56,102,38,66,94,69,45,40"/><T105/><D122/><U9/><E39/><V134/><F72/><W123/><G108/><T49/><D113/><U24/><E115/><V21/><F100/><W2/><G2/><T135/><D4/><U87/><E76/><V133/><F117/><W37/><G123/><T73/><D110/><U85/><E54/><V92/><F63/><W67/><G94/><T101/><D135/><U118/><E118/><V114/><F114/><W132/><G102/><T127/><D107/><U119/><E119/><V59/><F14/><W48/><G132/><N who="2" m="50793" /><F32/><W28/><G28/><T26/><D127/><U80/><E24/><V43/><F43/><W55/><REACH who="3" step="1"/><G67/><REACH who="3" ten="289,237,237,227" step="2"/><T95/><D95/><U47/><E93/><V6/><F92/><W41/><G41/><T19/><D42/><U89/><E87/><V86/><F84/><W0/><G0/><T12/><D73/><U83/><E83/><V30/><F86/><W98/><G98/><T120/><D120/><U1/><E1/><V25/><F30/><W129/><G129/><T74/><D74/><U125/><E125/><V109/><F64/><W124/><G124/><T27/><D97/><U112/><E112/><V116/><F109/><W130/><G130/><T15/><D101/><U18/><REACH who="1" step="1"/><E89/><REACH who="1" ten="289,227,237,227" step="2"/><V65/><F91/><W77/><G77/><T23/><D79/><U20/><E20/><V104/><F21/><W52/><G52/><N who="0" m="29751" /><D78/><U106/><E106/><V99/><F116/><W81/><G81/><T58/><D105/><U44/><E44/><V57/><F104/><W29/><G29/><T61/><D23/><U96/><E96/><RYUUKYOKU ba="1,2" sc="289,-15,227,15,237,-15,227,15" hai1="8,9,11,16,18,47,51,53,70,71,80,85,90" hai3="10,13,36,37,38,40,45,48,55,56,62,66,69" /><INIT seed="1,2,2,5,1,0" ten="274,242,222,242" oya="1" hai0="69,93,21,134,49,2,77,75,94,107,120,37,9" hai1="82,128,90,1,29,126,129,112,48,110,80,76,132" hai2="36,115,117,78,18,60,87,7,104,124,13,17,46" hai3="72,106,22,92,103,26,114,53,79,89,100,113,23"/><U32/><E112/><V122/><F117/><W11/><G23/><T135/><D107/><U14/><E1/><V65/><F122/><W105/><G53/><T59/><D69/><U70/><E70/><V66/><F104/><W83/><G11/><T116/><D37/><U63/><E126/><V68/><F65/><W8/><G8/><T34/><D34/><U57/><E132/><N who="0" m="50729" /><D116/><U44/><E110/><V41/><F124/><W86/><G103/><T33/><D33/><U123/><E123/><V58/><F115/><W27/><G106/><T97/><D120/><U101/><E101/><V71/><F18/><W96/><REACH who="3" step="1"/><G26/><REACH who="3" ten="274,242,222,232" step="2"/><T127/><D127/><U108/><E108/><V25/><F25/><W35/><G35/><T28/><D9/><U118/><E32/><V50/><F17/><AGARI ba="2,3" hai="17,22,27,72,79,83,86,89,92,96,100,105,113,114" machi="17" ten="30,7700,0" yaku="1,1,7,1,24,2,53,0" doraHai="0" doraHaiUra="131" who="3" fromWho="2" sc="274,0,242,0,222,-83,232,113" /><INIT seed="2,0,0,5,2,122" ten="274,242,139,345" oya="2" hai0="10,126,77,66,67,60,135,68,24,116,9,87,61" hai1="99,8,134,128,78,114,49,43,25,109,19,72,59" hai2="30,23,57,100,119,55,102,15,94,58,106,112,110" hai3="0,64,28,53,127,84,93,39,35,90,13,79,70"/><V125/><F119/><W33/><G0/><T36/><D116/><U48/><E114/><V54/><F112/><W82/><G39/><T63/><D126/><U75/><E78/><V31/><F125/><W123/><G127/><T52/><D135/><U107/><E59/><N who="2" m="22539" /><F106/><W44/><G28/><N who="2" m="10793" /><F110/><W83/><G83/><N who="0" m="47599" /><D36/><U85/><E109/><V120/><F120/><W11/><G123/><T117/><D68/><U62/><E107/><V101/><F94/><W92/><G92/><T71/><D71/><U80/><E80/><V88/><F88/><W26/><G26/><T130/><D130/><U16/><E99/><V46/><F46/><W97/><G70/><T27/><D117/><U103/><E103/><N who="2" m="26371" /><V6/><DORA hai="50" /><F23/><W121/><G121/><T47/><D66/><U86/><E128/><V41/><F41/><W89/><G79/><T73/><D67/><U98/><E43/><V14/><F6/><W65/><G35/><T129/><D129/><U118/><E98/><V69/><F69/><W108/><G33/><T32/><D32/><U76/><E134/><V21/><F21/><W37/><G108/><T91/><D91/><U56/><E118/><V95/><F95/><W81/><G37/><T96/><D96/><U20/><E76/><V1/><F1/><W113/><G113/><T34/><D34/><U40/><E75/><V42/><F42/><W38/><G81/><T22/><D73/><U29/><E40/><V7/><F7/><N who="3" m="3327" /><G38/><T115/><D115/><U18/><E72/><V111/><F111/><W17/><G65/><T105/><D105/><U5/><E5/><RYUUKYOKU ba="0,0" sc="274,-10,242,-10,139,30,345,-10" hai2="14,15,54,55" /><INIT seed="2,1,0,4,5,70" ten="264,232,169,335" oya="2" hai0="47,67,30,92,44,120,36,89,95,126,25,125,132" hai1="59,85,90,133,72,116,78,93,119,100,118,115,127" hai2="33,87,3,111,7,14,76,117,12,83,19,135,43" hai3="50,123,8,5,24,66,40,57,73,88,64,15,105"/><V62/><F117/><W9/><G105/><T27/><D120/><U56/><E115/><V34/><F135/><W32/><G73/><T106/><D106/><U131/><E133/><V68/><F3/><W54/><G123/><T49/><D132/><U22/><E131/><V63/><F68/><W20/><G40/><T37/><D67/><U124/><E22/><V6/><F33/><W108/><G32/><T80/><D80/><N who="1" m="45127" /><E59/><V74/><F34/><W48/><G48/><T97/><D30/><U46/><E56/><V1/><F1/><W130/><G9/><T2/><D2/><U23/><E23/><V26/><F74/><W42/><G130/><T122/><D122/><U71/><E46/><V129/><F129/><W82/><G42/><T58/><D58/><U112/><E71/><V10/><F111/><W21/><G108/><T114/><D114/><U51/><E51/><V77/><F77/><W11/><G11/><T17/><D17/><U45/><E45/><V101/><F101/><W29/><G21/><T31/><D31/><U86/><E112/><V84/><F84/><AGARI ba="1,0" hai="5,8,15,20,24,29,50,54,57,64,66,82,84,88" machi="84" ten="40,2600,0" yaku="8,1,54,1" doraHai="70" who="3" fromWho="2" sc="264,0,232,0,169,-29,335,29" /><INIT seed="3,0,0,4,2,33" ten="264,232,140,364" oya="3" hai0="77,109,130,48,57,25,32,65,62,10,54,52,24" hai1="125,82,43,129,113,99,103,23,79,29,132,98,70" hai2="97,2,115,112,30,108,91,35,69,16,72,49,76" hai3="67,92,1,84,134,47,126,34,22,71,124,18,21"/><W40/><G34/><T89/><D109/><U83/><E70/><V68/><F108/><W104/><G104/><T93/><D130/><U53/><E43/><V128/><F128/><W86/><G134/><T94/><D32/><U111/><E111/><V73/><F76/><W44/><G67/><T8/><D77/><U37/><E37/><V42/><F42/><W75/><G71/><N who="2" m="27209" /><F49/><W6/><G75/><N who="2" m="28745" /><F30/><W31/><G31/><T59/><D65/><U88/><E29/><V121/><F35/><W80/><G92/><T14/><D94/><U27/><E27/><V56/><F56/><W39/><G44/><T117/><D117/><U107/><E53/><V46/><F46/><W9/><G84/><T118/><D118/><U122/><E23/><V106/><F91/><W63/><G63/><T81/><D81/><U51/><E51/><V4/><F121/><W50/><G39/><T131/><D131/><U119/><E122/><V90/><F90/><W55/><G40/><T58/><D58/><U28/><E28/><V11/><F16/><W38/><G38/><T19/><REACH who="0" step="1"/><D8/><REACH who="0" ten="254,232,140,364" step="2"/><U101/><E119/><V5/><F5/><W127/><G18/><T15/><D15/><U95/><E129/><V3/><F3/><W13/><G13/><T0/><D0/><U133/><E79/><AGARI ba="0,1" hai="1,6,9,21,22,47,50,55,79,80,86,124,126,127" machi="79" ten="40,3900,0" yaku="18,1,52,1" doraHai="33" who="3" fromWho="1" sc="254,0,232,-39,140,0,364,49" /><INIT seed="3,1,0,2,5,25" ten="254,193,140,413" oya="3" hai0="112,61,76,79,20,81,99,60,100,90,128,87,118" hai1="92,102,62,21,84,55,68,19,109,97,133,123,59" hai2="115,65,41,74,104,14,58,49,27,13,64,26,66" hai3="113,82,53,72,94,116,44,130,22,2,85,77,96"/><W129/><G2/><T88/><D118/><U78/><E109/><V51/><F104/><W106/><G116/><T8/><D128/><N who="3" m="49257" /><G22/><T33/><D33/><U91/><E133/><V0/><F0/><W111/><G111/><T30/><D112/><U126/><E126/><V89/><F74/><W29/><G113/><T134/><D134/><U23/><E123/><V7/><F115/><W54/><G44/><T18/><D79/><U9/><E68/><V17/><F89/><N who="3" m="53551" /><G29/><T98/><D8/><U39/><E39/><V15/><F7/><W24/><G24/><N who="0" m="16647" /><D18/><U47/><E47/><N who="2" m="25839" /><F17/><W28/><G28/><T117/><D117/><U43/><E43/><V119/><F119/><W80/><G80/><T131/><D131/><U6/><E78/><V110/><F110/><W3/><G3/><T124/><D124/><U83/><REACH who="1" step="1"/><E19/><REACH who="1" ten="254,183,140,413" step="2"/><V46/><F58/><W73/><G73/><T52/><D76/><U114/><E114/><V36/><F36/><W37/><G37/><T121/><D121/><U34/><E34/><V75/><F75/><W101/><AGARI ba="1,1" hai="53,54,72,77,82,96,101,106" m="53551,49257" machi="101" ten="30,3000,0" yaku="24,1,19,1" doraHai="25" who="3" fromWho="3" sc="254,-11,183,-11,140,-11,413,43" /><INIT seed="3,2,0,3,5,130" ten="243,172,129,456" oya="3" hai0="106,79,120,1,57,20,28,5,84,99,19,6,132" hai1="85,96,82,42,127,11,39,3,38,48,61,68,108" hai2="98,89,116,21,7,77,14,65,9,115,90,13,88" hai3="105,94,70,24,52,83,86,100,55,27,8,36,53"/><W91/><G70/><T110/><D120/><U95/><E108/><V109/><F109/><W18/><G36/><T60/><D110/><U23/><E127/><V71/><F116/><W44/><G105/><T33/><D33/><U31/><E3/><V72/><F115/><W128/><G128/><T64/><D28/><U34/><E34/><V0/><F65/><W123/><G123/><T69/><D69/><U67/><E11/><V129/><F71/><W12/><G44/><T30/><D30/><U73/><E73/><V118/><F118/><W40/><G40/><T92/><D106/><U117/><E117/><V29/><F129/><W63/><G63/><T121/><D121/><U76/><E31/><V17/><F98/><AGARI ba="2,0" hai="8,12,18,24,27,52,53,55,83,86,91,94,98,100" machi="98" ten="40,3900,0" yaku="8,1,54,1" doraHai="130" who="3" fromWho="2" sc="243,0,172,0,129,-45,456,45" /><INIT seed="3,3,0,3,1,120" ten="243,172,84,501" oya="3" hai0="133,0,90,60,108,61,22,16,1,26,71,93,100" hai1="52,69,51,83,115,64,50,55,24,125,79,111,119" hai2="128,75,19,102,104,41,44,118,23,113,78,32,131" hai3="107,96,38,103,17,53,72,80,54,33,86,70,6"/><W31/><G38/><T116/><D116/><U130/><E115/><V99/><F118/><W106/><G6/><T68/><D133/><U81/><E119/><V109/><F32/><W85/><G107/><T36/><D36/><U62/><E130/><N who="2" m="49707" /><F113/><W27/><G85/><T29/><D100/><U112/><E112/><V13/><F78/><W2/><G2/><T89/><D0/><U129/><E129/><V18/><F75/><W48/><G17/><T98/><D1/><U28/><E125/><V39/><F18/><W105/><G105/><T77/><D77/><U74/><E111/><AGARI ba="3,0" hai="13,19,23,39,41,44,99,102,104,109,111" m="49707" machi="111" ten="30,3900,0" yaku="19,1,52,2" doraHai="120" who="2" fromWho="1" sc="243,0,172,-48,84,48,501,0" /><INIT seed="4,0,0,0,2,71" ten="243,124,132,501" oya="0" hai0="32,108,74,77,4,54,107,64,65,49,6,119,35" hai1="129,56,59,7,27,110,127,61,122,3,86,50,112" hai2="93,132,33,38,20,28,78,118,40,8,1,58,95" hai3="97,55,66,5,105,11,39,15,126,115,29,134,62"/><T106/><D119/><U99/><E122/><V111/><F111/><W83/><G115/><T30/><D108/><U75/><E75/><V116/><F132/><W47/><G134/><T34/><D30/><U124/><E3/><V9/><F33/><W60/><G29/><T88/><D77/><U72/><E7/><V16/><F78/><W104/><G97/><T43/><D74/><U109/><E72/><V22/><F58/><W101/><G101/><T89/><D43/><U17/><E99/><V41/><F41/><W84/><G60/><T131/><D131/><U2/><E2/><V120/><F120/><W114/><G114/><T12/><D12/><U10/><E86/><V92/><F28/><W79/><G126/><N who="1" m="48170" /><E10/><N who="2" m="4203" /><F16/><W42/><REACH who="3" step="1"/><G55/><REACH who="3" ten="243,124,132,491" step="2"/><T130/><D130/><U113/><E129/><V18/><F118/><W37/><G37/><T70/><D54/><N who="1" m="31831" /><E110/><V46/><F116/><W25/><G25/><T23/><D35/><U91/><E109/><V82/><F38/><W69/><AGARI ba="0,1" hai="5,11,15,39,42,47,62,66,69,79,83,84,104,105" machi="69" ten="20,12000,2" yaku="1,1,0,1,7,1,52,1,53,2" doraHai="71" doraHaiUra="103" who="3" fromWho="3" sc="243,-60,124,-30,132,-30,491,130" /><INIT seed="5,0,0,0,1,127" ten="183,94,102,621" oya="1" hai0="36,95,99,45,131,121,91,0,14,123,34,130,23" hai1="109,22,84,51,100,111,46,129,125,60,49,113,31" hai2="82,92,3,35,112,40,97,73,133,58,114,21,117" hai3="128,132,56,101,28,90,105,13,32,88,63,116,33"/><U52/><E125/><V115/><F35/><W6/><G101/><T118/><D118/><U48/><E100/><N who="2" m="60455" /><F3/><W8/><G105/><T107/><D34/><U89/><E113/><V102/><F40/><W104/><G104/><T77/><D0/><U76/><E76/><N who="2" m="44303" /><F21/><W16/><G116/><T11/><D77/><U72/><E72/><V135/><F58/><W55/><G33/><T43/><D23/><U86/><E86/><V39/><F39/><W26/><G132/><N who="2" m="50761" /><F102/><W110/><G110/><N who="1" m="41994" /><E31/><V20/><F20/><W83/><G6/><T69/><D69/><U54/><E22/><V81/><F81/><W124/><G124/><T96/><D14/><U67/><E67/><V42/><F42/><W78/><G78/><T27/><D27/><U68/><E68/><V47/><F47/><W10/><G10/><T12/><D12/><U79/><E60/><V29/><F29/><W126/><G126/><T9/><D11/><U85/><E79/><V119/><AGARI ba="0,0" hai="112,114,115,117,119" m="50761,44303,60455" machi="119" ten="40,8000,1" yaku="15,1,11,1,20,1,34,2" doraHai="127" who="2" fromWho="2" sc="183,-20,94,-40,102,80,621,-20" /><INIT seed="6,0,0,4,0,17" ten="163,54,182,601" oya="2" hai0="40,70,4,132,36,58,24,88,25,15,133,34,9" hai1="106,95,41,113,89,92,43,44,102,80,127,114,42" hai2="116,82,124,65,121,56,69,10,63,27,108,87,2" hai3="130,96,122,123,22,90,75,0,46,20,16,49,91"/><V120/><F116/><W97/><G75/><T54/><D70/><U26/><E127/><V72/><F72/><W7/><G130/><T131/><D131/><U67/><E67/><V64/><F124/><W115/><G7/><T13/><D13/><U57/><E57/><V86/><F108/><W107/><G0/><T3/><D3/><U117/><E117/><V8/><F87/><W85/><G107/><T61/><D34/><U129/><E129/><V110/><F110/><W52/><G123/><T1/><D1/><U84/><E44/><V111/><F111/><W128/><G128/><T47/><REACH who="0" step="1"/><D88/><REACH who="0" ten="153,54,182,601" step="2"/><U100/><E106/><V28/><F2/><W74/><G91/><T126/><D126/><U105/><E105/><V38/><F121/><W101/><G74/><T29/><D29/><U119/><E119/><V103/><F120/><W93/><G115/><T18/><D18/><U48/><E26/><AGARI ba="0,1" hai="4,9,15,24,25,26,36,40,47,54,58,61,132,133" machi="26" ten="40,1300,0" yaku="1,1,53,0" doraHai="17" doraHaiUra="32" who="0" fromWho="1" sc="153,23,54,-13,182,0,601,0" /><INIT seed="7,0,0,4,4,97" ten="176,41,182,601" oya="3" hai0="91,30,49,73,133,115,80,7,119,33,26,11,98" hai1="32,65,69,123,64,113,132,2,38,124,82,56,5" hai2="0,129,107,127,78,24,109,83,48,67,99,104,92" hai3="12,21,62,35,34,4,57,43,126,122,90,18,51"/><W110/><G110/><T46/><D119/><U128/><RYUUKYOKU type="yao9" ba="0,0" sc="176,0,41,0,182,0,601,0" hai1="2,5,32,38,56,64,65,69,82,113,123,124,128,132" /><INIT seed="7,1,0,0,5,131" ten="176,41,182,601" oya="3" hai0="111,96,130,132,79,22,83,18,61,6,13,85,29" hai1="21,3,35,70,87,125,128,82,74,52,39,17,104" hai2="25,117,37,59,5,115,9,133,11,113,121,76,69" hai3="101,78,65,34,33,42,80,118,66,122,107,84,91"/><W2/><G2/><T20/><D111/><U95/><E35/><V28/><F69/><W15/><G122/><T126/><D132/><U124/><E70/><V77/><F37/><W108/><G108/><T56/><D130/><U55/><E39/><V88/><F117/><W8/><G42/><T31/><D126/><U27/><E3/><V30/><F121/><W62/><G65/><N who="0" m="39079" /><D6/><U81/><E128/><V64/><F133/><W114/><G114/><N who="2" m="43529" /><F88/><W46/><G46/><T93/><D20/><U40/><E104/><V48/><F11/><W127/><G101/><AGARI ba="1,0" hai="13,18,22,29,31,79,83,85,93,96,101" m="39079" machi="101" ten="30,1000,0" yaku="8,1" doraHai="131" who="0" fromWho="3" sc="176,13,41,0,182,0,601,-13" owari="189,-1.0,41,-46.0,182,-22.0,588,69.0" /></mjloggm>