<mjloggm ver="2.3"><GO type="169" lobby="0"/><UN n0="%E3%81%AF%E3%82%80" n1="%E5%B0%B1%E6%B4%BB%E7%94%9F%40%E5%B7%9D%E6%9D%91%E8%BB%8D%E5%9B%A3" n2="%E8%99%8E%E7%9A%AE%E7%8C%AB" n3="%E3%81%AE%E3%81%B3%E3%81%97%E3%82%8D%E2%99%82" dan="17,18,17,16" rate="2148.01,2284.89,2253.49,2120.01" sx="M,M,F,M"/><TAIKYOKU oya="0"/><INIT seed="0,0,0,5,5,25" ten="250,250,250,250" oya="0" hai0="24,117,43,133,103,44,83,5,82,19,52,91,1" hai1="58,67,33,79,8,36,48,101,22,111,70,75,10" hai2="125,29,64,66,35,57,38,32,104,97,119,46,106" hai3="110,107,132,128,135,116,65,49,114,93,37,51,20"/><T72/><D117/><U2/><E33/><V54/><F119/><W28/><G107/><T129/><D133/><U80/><E36/><V9/><F9/><W71/><G37/><T21/><D129/><U53/><E2/><V56/><F38/><W62/><G116/><T12/><D1/><U45/><E111/><V105/><F105/><W59/><G114/><T40/><D103/><U88/><E101/><V85/><F85/><W94/><G128/><T99/><D72/><U17/><E70/><V63/><F46/><W87/><G110/><T16/><D5/><U68/><E68/><V4/><F4/><W98/><G87/><N who="0" m="50679" /><D99/><U3/><E3/><V127/><F54/><W100/><G94/><T34/><D34/><U86/><E67/><V84/><F84/><W123/><G123/><T92/><D92/><U26/><REACH who="1" step="1"/><E45/><REACH who="1" ten="250,240,250,250" step="2"/><V90/><F35/><W11/><G71/><T120/><D120/><U95/><AGARI ba="0,1" hai="8,10,17,22,26,48,53,58,75,79,80,86,88,95" machi="95" ten="20,12000,2" yaku="1,1,2,1,0,1,7,1,54,1,53,1" doraHai="25" doraHaiUra="14" who="1" fromWho="1" sc="250,-60,240,130,250,-30,250,-30" /><INIT seed="1,0,0,0,5,133" ten="190,370,220,220" oya="1" hai0="120,118,4,81,44,100,15,49,11,93,125,69,32" hai1="37,72,104,126,48,41,131,36,74,107,52,6,67" hai2="64,115,114,95,60,130,1,77,98,20,63,8,86" hai3="99,46,3,129,17,111,83,124,134,55,16,73,91"/><U97/><E6/><V42/><F130/><W30/><G124/><T45/><D125/><U25/><E131/><V132/><F132/><W24/><G111/><T127/><D127/><U2/><E2/><V66/><F42/><W27/><G134/><T113/><D113/><U116/><E67/><V135/><F135/><W54/><G129/><T85/><D69/><U43/><E25/><V59/><F20/><W35/><G3/><T117/><D32/><U78/><E78/><V71/><F1/><W90/><G99/><T57/><D120/><U29/><E97/><V96/><F8/><W47/><G30/><T112/><D112/><N who="2" m="43050" /><F95/><W106/><G83/><AGARI ba="0,0" hai="59,60,63,64,66,71,77,83,86,96,98" m="43050" machi="83" ten="30,1000,0" yaku="11,1" doraHai="133" who="2" fromWho="3" sc="190,0,370,0,220,10,220,-10" /><INIT seed="2,0,0,2,0,25" ten="190,370,230,210" oya="2" hai0="129,27,65,73,124,30,104,115,0,1,32,105,16" hai1="84,123,52,64,57,122,43,49,113,47,117,74,2" hai2="23,54,14,92,15,75,118,134,125,133,95,28,70" hai3="35,62,24,40,107,78,18,33,22,96,55,41,101"/><V76/><F118/><W102/><G102/><T10/><D115/><U36/><E74/><V114/><F114/><W100/><G100/><T37/><D73/><U112/><E2/><V85/><F70/><W20/><G78/><T61/><D124/><U110/><E117/><V72/><F125/><W46/><G40/><T66/><D129/><U17/><E17/><V120/><F120/><N who="1" m="46121" /><E110/><V119/><F119/><W21/><G55/><T99/><D65/><U56/><E84/><V89/><F54/><W121/><G62/><AGARI ba="0,0" hai="36,43,47,49,52,56,57,62,64,112,113" m="46121" machi="62" ten="30,7700,0" yaku="13,1,34,2,54,1" doraHai="25" who="1" fromWho="3" sc="190,0,370,77,230,0,210,-77" /><INIT seed="3,0,0,4,5,106" ten="190,447,230,133" oya="3" hai0="39,98,43,85,28,53,16,66,128,31,19,32,70" hai1="36,123,25,62,74,2,54,58,118,104,79,61,42" hai2="48,59,88,87,3,107,122,14,78,75,4,64,126" hai3="117,77,23,105,113,21,37,95,120,0,7,63,11"/><W129/><G129/><T15/><D128/><U83/><E104/><V52/><F107/><W20/><G117/><T81/><D19/><U26/><E123/><V34/><F3/><W135/><G135/><T90/><D98/><U38/><E118/><V89/><F122/><W84/><G105/><T100/><D100/><U41/><E2/><V94/><F34/><W72/><G113/><T60/><D32/><U93/><E93/><V76/><F126/><W92/><G120/><T124/><D124/><U99/><E99/><V91/><F64/><W96/><G84/><T67/><D67/><U51/><E41/><V73/><F89/><W69/><G37/><T8/><REACH who="0" step="1"/><D53/><REACH who="0" ten="180,447,230,133" step="2"/><U111/><E42/><V12/><F4/><W97/><G97/><T24/><D24/><U131/><E25/><V110/><F110/><W65/><REACH who="3" step="1"/><G96/><REACH who="3" ten="180,447,230,123" step="2"/><T30/><D30/><U130/><E131/><V103/><F103/><W112/><G112/><T82/><D82/><AGARI ba="0,2" hai="0,7,11,20,21,23,63,65,69,72,77,82,92,95" machi="82" ten="40,3900,0" yaku="1,1,52,1,53,0" doraHai="106" doraHaiUra="55" who="3" fromWho="0" sc="180,-39,447,0,230,0,123,59" /><INIT seed="3,1,0,3,0,131" ten="141,447,230,182" oya="3" hai0="122,58,4,112,36,92,127,80,95,106,42,93,3" hai1="91,97,1,37,119,2,30,121,25,5,67,133,89" hai2="81,128,120,96,73,28,24,13,60,115,124,18,23" hai3="8,61,86,69,75,83,65,125,0,107,116,68,6"/><W16/><G125/><T29/><D127/><U104/><E37/><V48/><F124/><W66/><G116/><T103/><D122/><U82/><E67/><V79/><F120/><W71/><G107/><T27/><D112/><U9/><E1/><V33/><F115/><W12/><G75/><T40/><D80/><U77/><E121/><V118/><F118/><W51/><G51/><T44/><D42/><U41/><E41/><V20/><F128/><W53/><G53/><T7/><D58/><U111/><E111/><V126/><F126/><W62/><G71/><T132/><D132/><U35/><E133/><V134/><F134/><W130/><G130/><T43/><D43/><U108/><E108/><V21/><F60/><W64/><G64/><T19/><D19/><U114/><E114/><V31/><F31/><W26/><G26/><T59/><D59/><U32/><E32/><V46/><F96/><W109/><G109/><T101/><D106/><U87/><E119/><V63/><F63/><W34/><G34/><T70/><D70/><U39/><E39/><V57/><F57/><W17/><REACH who="3" step="1"/><G0/><REACH who="3" ten="141,447,230,172" step="2"/><T84/><D3/><U76/><E104/><V78/><F33/><W38/><G38/><T129/><D129/><U113/><E113/><V11/><F73/><W50/><G50/><T15/><D15/><U72/><E72/><V49/><F48/><W88/><AGARI ba="1,1" hai="6,8,12,16,17,61,62,65,66,68,69,83,86,88" machi="88" ten="20,18000,2" yaku="1,1,0,1,7,1,9,1,54,2,53,0" doraHai="131" doraHaiUra="123" who="3" fromWho="3" sc="141,-61,447,-61,230,-61,172,193" /><INIT seed="3,2,0,4,0,30" ten="80,386,169,365" oya="3" hai0="123,5,112,28,67,9,80,33,35,21,75,117,39" hai1="32,77,51,45,50,55,86,61,91,106,121,90,49" hai2="44,105,60,27,87,131,62,119,11,20,22,113,95" hai3="25,93,130,8,68,82,29,63,66,14,24,69,126"/><W41/><G130/><T102/><D39/><U42/><E106/><V58/><F119/><W108/><G126/><T13/><D117/><U96/><E32/><V81/><F105/><W31/><G108/><T74/><D123/><U115/><E115/><V97/><F113/><W71/><G41/><T46/><D112/><U110/><E110/><V12/><F131/><W133/><G133/><T10/><D102/><U65/><E96/><V54/><F44/><W7/><G82/><T83/><D46/><U16/><E77/><V73/><F73/><W134/><G134/><T124/><D124/><U103/><E103/><V114/><F114/><W2/><G14/><T79/><D67/><U109/><E109/><V57/><F27/><W6/><G6/><T0/><D75/><U127/><E127/><V52/><F95/><W36/><G93/><T118/><D118/><U132/><E132/><V100/><F97/><W116/><G36/><T47/><D47/><U84/><E121/><V128/><F100/><W23/><REACH who="3" step="1"/><G116/><REACH who="3" ten="80,386,169,355" step="2"/><T89/><D80/><U88/><E42/><V18/><F128/><W122/><G122/><T37/><D37/><U125/><E125/><V17/><F17/><W98/><G98/><T129/><D129/><U101/><E16/><V99/><F99/><W85/><G85/><N who="1" m="32874" /><E101/><V1/><F1/><W78/><G78/><AGARI ba="2,1" hai="11,12,18,20,22,52,54,57,58,60,62,78,81,87" machi="78" ten="30,7700,0" yaku="7,1,9,1,8,1,54,1" doraHai="30" who="2" fromWho="3" sc="80,0,386,0,169,93,355,-83" /><INIT seed="4,0,0,4,3,112" ten="80,386,262,272" oya="0" hai0="95,113,51,99,130,17,109,31,80,9,53,52,28" hai1="76,86,89,118,3,116,83,103,117,58,74,133,93" hai2="50,22,126,16,38,33,14,85,32,102,125,94,105" hai3="34,71,44,37,66,96,72,2,129,41,60,29,134"/><T131/><D113/><U108/><E3/><V35/><F38/><W19/><G134/><T65/><D109/><U123/><E133/><V127/><F105/><W54/><G129/><N who="0" m="49163" /><D65/><U92/><E58/><V42/><F42/><W57/><G72/><T75/><D75/><U77/><E123/><V79/><F50/><N who="3" m="30935" /><G2/><T61/><D80/><N who="1" m="45079" /><E108/><V45/><F45/><W122/><G96/><T63/><D17/><U10/><E10/><V56/><F56/><W120/><G19/><T119/><D9/><U107/><E77/><V30/><F79/><W73/><G73/><T82/><D82/><U47/><E47/><V90/><REACH who="2" step="1"/><F102/><REACH who="2" ten="80,386,252,272" step="2"/><W135/><G135/><T15/><D51/><U5/><E107/><V1/><F1/><W13/><G122/><T24/><D61/><U40/><E103/><V104/><F104/><W39/><G120/><T111/><D63/><U25/><E40/><V110/><F110/><W64/><G39/><T98/><D111/><U0/><E0/><V91/><F91/><W12/><G64/><T128/><D128/><U88/><E89/><V78/><F78/><W115/><G115/><T8/><D53/><U27/><E88/><V81/><F81/><W18/><G37/><T87/><D52/><U100/><E83/><V70/><F70/><W43/><G43/><T7/><D95/><U6/><E100/><V124/><N who="2" m="31744" /><DORA hai="68" /><V20/><F20/><N who="3" m="11335" /><G41/><T101/><D101/><U106/><E106/><V21/><F21/><W23/><G44/><T46/><D46/><U55/><E55/><V26/><AGARI ba="0,1" hai="14,16,22,26,30,32,33,35,85,90,94" m="31744" machi="26" ten="60,8000,1" yaku="1,1,0,1,18,1,54,1,53,0" doraHai="112,68" doraHaiUra="49,121" who="2" fromWho="2" sc="80,-40,386,-20,252,90,272,-20" /><INIT seed="5,0,0,1,3,54" ten="40,366,342,252" oya="1" hai0="98,63,18,108,109,70,131,66,126,81,14,30,4" hai1="23,9,124,20,130,103,53,46,105,22,8,58,127" hai2="85,78,122,50,123,77,65,59,7,67,34,91,64" hai3="73,16,27,26,1,94,62,35,61,28,74,56,21"/><U79/><E79/><V99/><F34/><W51/><G1/><T129/><D81/><U60/><E130/><V45/><F7/><W101/><G51/><T97/><D30/><U102/><E46/><V37/><F37/><W75/><G62/><T13/><D4/><U11/><REACH who="1" step="1"/><E105/><REACH who="1" ten="40,356,342,252" step="2"/><V72/><F77/><W25/><G35/><T12/><D126/><AGARI ba="0,1" hai="8,9,11,20,22,23,53,58,60,102,103,124,126,127" machi="126" ten="50,12000,1" yaku="1,1,2,1,18,1,52,1,53,0" doraHai="54" doraHaiUra="2" who="1" fromWho="0" sc="40,-120,356,130,342,0,252,0" owari="-80,-58.0,486,59.0,342,14.0,252,-15.0" /></mjloggm>