<mjloggm ver="2.3"><GO type="169" lobby="0"/><UN n0="%74%61%6B%61%2D%31%31%36" n1="%79%6F%79%75%75%37%37" n2="%E5%B0%B1%E6%B4%BB%E7%94%9F%40%E5%B7%9D%E6%9D%91%E8%BB%8D%E5%9B%A3" n3="%E6%8C%AF%E8%BE%BC%E5%A4%AA%E9%99%BD" dan="16,17,18,16" rate="2029.92,2128.50,2300.86,2107.38" sx="M,M,M,M"/><TAIKYOKU oya="0"/><INIT seed="0,0,0,2,2,35" ten="250,250,250,250" oya="0" hai0="51,72,27,65,90,124,5,89,93,3,10,14,56" hai1="32,109,55,88,75,74,21,122,11,96,68,41,37" hai2="135,101,45,131,31,66,80,104,95,71,132,19,12" hai3="22,60,6,76,108,47,99,87,50,86,128,77,62"/><T133/><D124/><U57/><E32/><V73/><F104/><W91/><G108/><T119/><D119/><U34/><E34/><V125/><F125/><W107/><G128/><T59/><D133/><U16/><E122/><V44/><F131/><W26/><G6/><T78/><D27/><U130/><E130/><V38/><F31/><N who="3" m="17879" /><G107/><T58/><D89/><U67/><E11/><V70/><F73/><W0/><G0/><T17/><D72/><U30/><E30/><V43/><F45/><W69/><G69/><T113/><D78/><N who="3" m="30313" /><G99/><T49/><D65/><U9/><E68/><V2/><F2/><W116/><G116/><T25/><D25/><U54/><E37/><V115/><F115/><W1/><G1/><T46/><D113/><U33/><E33/><V53/><F70/><W64/><G64/><T118/><D118/><U28/><E67/><V40/><F40/><N who="3" m="24935" /><G87/><T105/><D105/><U83/><E41/><V127/><F127/><W110/><G110/><T18/><D3/><U120/><E109/><V98/><F53/><W81/><AGARI ba="0,0" hai="60,62,81,86,91" m="24935,30313,17879" machi="81" ten="30,1100,0" yaku="8,1" doraHai="35" who="3" fromWho="3" sc="250,-5,250,-3,250,-3,250,11" /><INIT seed="1,0,0,2,2,115" ten="245,247,247,261" oya="1" hai0="106,82,67,132,12,32,28,107,46,68,124,36,87" hai1="84,91,0,99,54,127,123,125,111,92,14,53,20" hai2="23,31,73,86,98,45,62,80,56,114,33,43,6" hai3="103,47,81,95,108,27,58,61,22,25,101,60,24"/><U19/><E123/><V44/><F33/><W38/><G108/><T117/><D117/><U131/><E0/><V21/><F73/><W88/><G81/><T50/><D36/><U41/><E41/><V16/><F114/><W29/><G60/><T112/><D112/><U18/><E131/><V11/><F98/><W118/><G118/><T78/><D124/><N who="1" m="47691" /><E111/><V55/><F31/><W76/><G76/><T7/><D132/><U17/><E17/><V93/><F93/><W52/><G38/><T59/><D68/><U77/><E18/><V83/><F83/><AGARI ba="0,0" hai="14,19,20,53,54,77,83,84,91,92,99" m="47691" machi="83" ten="30,1500,0" yaku="18,1" doraHai="115" who="1" fromWho="2" sc="245,0,247,15,247,-15,261,0" /><INIT seed="1,1,0,0,5,18" ten="245,262,232,261" oya="1" hai0="57,48,44,55,118,85,37,80,45,76,82,134,36" hai1="122,131,9,114,125,41,111,11,24,52,13,26,71" hai2="87,56,124,81,60,47,132,84,49,46,73,128,0" hai3="6,21,127,34,115,42,39,10,126,133,28,108,7"/><U86/><E122/><V23/><F0/><N who="3" m="359" /><G42/><T74/><D118/><U99/><E114/><V1/><F1/><W27/><G39/><T67/><D134/><U33/><E131/><V79/><F132/><W103/><G103/><T97/><D97/><U120/><E120/><V5/><F5/><W94/><G94/><T4/><D4/><U109/><E71/><V119/><F119/><W93/><G93/><T20/><D20/><U32/><E41/><V17/><F128/><W100/><G100/><T78/><REACH who="0" step="1"/><D67/><REACH who="0" ten="235,262,232,261" step="2"/><U50/><E99/><V105/><F105/><W65/><G65/><T64/><D64/><U101/><E101/><V38/><F124/><N who="3" m="47659" /><G133/><T30/><D30/><U83/><E125/><V123/><F123/><W110/><G115/><T88/><D88/><N who="1" m="51295" /><E33/><V77/><F77/><W40/><G6/><T68/><D68/><U116/><E116/><V102/><F102/><W59/><G59/><T8/><D8/><U62/><E11/><V95/><F56/><W3/><G3/><T70/><D70/><U98/><E98/><V72/><F79/><W106/><G106/><T43/><D43/><U66/><E66/><V31/><F31/><N who="3" m="17903" /><G40/><T121/><D121/><U22/><E32/><V117/><F117/><W15/><G28/><T130/><D130/><U92/><E52/><V61/><F17/><W89/><G34/><T90/><D90/><U25/><E9/><V104/><F104/><W63/><G89/><T96/><D96/><U91/><E91/><V19/><F19/><W135/><G135/><T58/><D58/><U75/><E92/><V16/><F95/><RYUUKYOKU ba="1,1" sc="235,30,262,-10,232,-10,261,-10" hai0="36,37,44,45,48,55,57,74,76,78,80,82,85" /><INIT seed="2,2,1,2,3,72" ten="265,252,222,251" oya="2" hai0="34,14,77,11,9,89,54,37,30,35,0,79,127" hai1="81,84,43,46,10,67,128,53,93,122,80,25,32" hai2="114,57,119,3,92,48,94,71,134,22,101,120,116" hai3="90,95,27,56,121,113,4,126,83,70,109,76,133"/><V49/><F71/><W107/><G107/><T131/><D37/><U64/><E128/><V16/><F114/><W38/><G38/><T8/><D131/><U85/><E122/><V100/><F3/><W33/><G70/><T28/><D127/><U5/><E53/><V52/><F120/><W60/><G126/><T42/><D42/><U68/><E93/><N who="2" m="35947" /><F134/><W12/><G133/><T78/><D89/><U6/><E6/><V19/><F119/><W40/><G40/><T23/><D0/><U31/><E68/><V108/><F108/><W63/><G109/><T36/><D36/><U24/><E24/><N who="2" m="14407" /><F116/><W29/><G113/><T111/><D111/><U124/><E124/><V7/><F7/><W15/><G4/><T135/><D135/><U17/><E17/><V98/><F98/><W21/><G33/><T91/><D91/><U1/><E25/><V66/><F66/><W39/><G39/><T132/><D132/><U55/><E32/><V2/><F2/><W59/><G121/><T129/><D129/><U123/><E64/><V82/><F82/><W58/><G15/><T103/><D35/><U117/><E67/><V87/><F87/><N who="3" m="48615" /><G12/><T20/><D34/><U112/><E117/><V45/><F19/><W61/><G61/><T26/><D103/><U96/><E123/><V75/><F75/><W86/><AGARI ba="2,1" hai="21,27,29,56,58,59,60,63,86,90,95" m="48615" machi="86" ten="30,2000,0" yaku="8,1,52,1" doraHai="72" who="3" fromWho="3" sc="265,-7,252,-7,222,-12,251,36" /><INIT seed="3,0,0,2,5,30" ten="258,245,210,287" oya="3" hai0="105,92,70,110,60,125,3,0,55,59,102,90,40" hai1="23,45,83,111,15,65,35,29,48,47,7,81,68" hai2="124,42,11,120,73,74,87,93,66,37,17,119,13" hai3="6,109,10,127,50,72,91,44,26,103,36,43,28"/><W131/><G131/><T118/><D118/><U98/><E111/><V58/><F119/><W88/><G109/><T32/><D110/><U122/><E122/><V104/><F104/><W114/><G114/><T18/><D125/><U94/><E47/><V82/><F124/><W5/><G72/><T86/><D40/><U16/><E7/><V101/><F120/><W121/><G121/><T14/><D70/><U41/><E65/><V21/><F37/><W54/><G103/><T78/><D32/><U27/><REACH who="1" step="1"/><E68/><REACH who="1" ten="258,235,210,287" step="2"/><V22/><F66/><W107/><G127/><T4/><D4/><U34/><E34/><V95/><F42/><W57/><G6/><T8/><D3/><U113/><E113/><V12/><F58/><W49/><G36/><T116/><D0/><U84/><E84/><V69/><F69/><W108/><G108/><T115/><D115/><U85/><E85/><V89/><F74/><W112/><G112/><T53/><D116/><U130/><E130/><V96/><F73/><W61/><G61/><T52/><REACH who="0" step="1"/><D78/><REACH who="0" ten="248,235,210,287" step="2"/><U97/><E97/><AGARI ba="0,2" hai="8,14,18,52,53,55,59,60,86,90,92,97,102,105" machi="97" ten="40,5200,0" yaku="1,1,2,1,54,1,53,0" doraHai="30" doraHaiUra="46" who="0" fromWho="1" sc="248,72,235,-52,210,0,287,0" /><INIT seed="4,0,0,4,4,135" ten="320,183,210,287" oya="0" hai0="84,87,38,15,13,123,46,54,21,33,52,6,37" hai1="80,97,78,18,3,23,120,121,113,1,62,127,56" hai2="40,7,2,22,49,4,36,44,42,119,47,100,60" hai3="69,16,93,9,124,63,20,117,24,103,75,76,108"/><T133/><D123/><U85/><E120/><V126/><F119/><W12/><G108/><T112/><D33/><U82/><E121/><V98/><F2/><W77/><G117/><T32/><D32/><U106/><E113/><V19/><F60/><W11/><G75/><T72/><D133/><U67/><E127/><V122/><F122/><W130/><G124/><T65/><D65/><U74/><E97/><V94/><REACH who="2" step="1"/><F126/><REACH who="2" ten="320,183,200,287" step="2"/><W45/><G63/><T59/><D112/><U64/><E64/><V110/><F110/><W14/><G69/><T28/><D38/><U92/><E106/><V41/><F41/><W134/><G134/><T86/><D37/><U8/><E1/><V88/><F88/><W51/><G77/><T107/><D107/><U61/><E3/><V55/><F55/><W71/><G76/><T68/><D68/><U105/><E105/><V131/><F131/><W29/><G71/><T116/><D116/><U66/><E78/><V83/><F83/><W10/><G103/><T101/><D72/><U43/><E74/><V102/><F102/><W125/><G125/><T114/><D114/><U50/><E82/><V118/><F118/><W91/><G130/><T81/><D101/><U96/><E80/><V26/><AGARI ba="0,1" hai="4,7,19,22,26,36,40,42,44,47,49,94,98,100" machi="26" ten="20,8000,1" yaku="1,1,0,1,7,1,53,2" doraHai="135" doraHaiUra="0" who="2" fromWho="2" sc="320,-40,183,-20,200,90,287,-20" /><INIT seed="5,0,0,0,0,111" ten="280,163,290,267" oya="1" hai0="85,110,120,65,64,39,81,115,31,108,84,29,105" hai1="24,68,72,114,123,3,109,9,92,91,60,50,27" hai2="97,80,75,107,40,88,2,63,113,7,16,119,133" hai3="98,14,6,41,99,17,74,96,93,79,124,19,83"/><U59/><E123/><V116/><F40/><W125/><G41/><T76/><D105/><U69/><E72/><V56/><F2/><W121/><G121/><T55/><D120/><U33/><E109/><V12/><F7/><W118/><G118/><T95/><D39/><U132/><E132/><V134/><F107/><W21/><G6/><T11/><D11/><U102/><E102/><V58/><F75/><W36/><G36/><T67/><D110/><U128/><E128/><V18/><F113/><W54/><G54/><T129/><D115/><U82/><E82/><V4/><F4/><W13/><REACH who="3" step="1"/><G93/><REACH who="3" ten="280,163,290,257" step="2"/><T49/><D108/><U87/><E114/><V73/><F116/><W22/><AGARI ba="0,1" hai="13,14,17,19,21,22,74,79,83,96,98,99,124,125" machi="22" ten="30,7900,0" yaku="1,1,2,1,0,1,9,1,53,0" doraHai="111" doraHaiUra="61" who="3" fromWho="3" sc="280,-20,163,-39,290,-20,257,89" /><INIT seed="6,0,0,5,0,61" ten="260,124,270,346" oya="2" hai0="50,122,116,111,45,17,44,60,30,69,10,130,32" hai1="53,82,93,14,64,129,86,0,27,66,124,26,6" hai2="81,62,12,54,71,43,35,34,13,98,135,4,49" hai3="115,104,68,99,65,41,78,100,59,121,3,25,52"/><V95/><F135/><W118/><G118/><T63/><D111/><U5/><E129/><V125/><F125/><W101/><G121/><T91/><D122/><U97/><E0/><V102/><F43/><W114/><G3/><T128/><D116/><U21/><E124/><V106/><F95/><W92/><G78/><T31/><D91/><U83/><E53/><V37/><F37/><W89/><G41/><T38/><D38/><U42/><E42/><V36/><F36/><W16/><G65/><N who="1" m="25194" /><E27/><V75/><F62/><N who="3" m="36199" /><G68/><T39/><D39/><U1/><E1/><V46/><F12/><W76/><G76/><T47/><D69/><U90/><E14/><V22/><F71/><W85/><G85/><T33/><D33/><U112/><E112/><N who="3" m="43050" /><G104/><T120/><D120/><U105/><E105/><V110/><F110/><W29/><G16/><T109/><D109/><U56/><E56/><V58/><F58/><W70/><G70/><T119/><D119/><U123/><E123/><V8/><F75/><W88/><G89/><T79/><D128/><U9/><E9/><V103/><F103/><W67/><G67/><T18/><D10/><U72/><E72/><V108/><F108/><W134/><G134/><T131/><D131/><U7/><E86/><V23/><F54/><W11/><G11/><T96/><D130/><U127/><E127/><V2/><F2/><W107/><G107/><T48/><D18/><AGARI ba="0,0" hai="5,6,7,18,21,26,82,83,90,93,97" m="25194" machi="18" ten="30,7700,0" yaku="8,1,52,3" doraHai="61" who="1" fromWho="0" sc="260,-77,124,77,270,0,346,0" /><INIT seed="7,0,0,4,0,94" ten="183,201,270,346" oya="3" hai0="38,9,97,10,12,60,0,104,39,108,61,56,63" hai1="43,111,37,106,70,101,48,134,64,69,72,33,13" hai2="113,55,62,124,130,18,59,23,128,29,85,66,14" hai3="71,116,77,110,135,87,102,125,75,79,119,8,28"/><W19/><G71/><T17/><D108/><U86/><E111/><V51/><F113/><W32/><G102/><T27/><D104/><U46/><E72/><V95/><F124/><W89/><G89/><T81/><D39/><U132/><E33/><V2/><F2/><W80/><G87/><T20/><D38/><U100/><E13/><V96/><F29/><W54/><G54/><T93/><D81/><U122/><E122/><V53/><F85/><W103/><G103/><N who="1" m="39498" /><E106/><V65/><F128/><W68/><G19/><N who="0" m="8599" /><D0/><U91/><E64/><V90/><REACH who="2" step="1"/><F130/><REACH who="2" ten="183,201,260,346" step="2"/><W114/><G28/><T117/><D117/><U118/><E118/><V58/><AGARI ba="0,1" hai="14,18,23,51,53,55,58,59,62,65,66,90,95,96" machi="58" ten="20,12000,2" yaku="1,1,2,1,0,1,7,1,8,1,52,1,53,0" doraHai="94" doraHaiUra="22" who="2" fromWho="2" sc="183,-30,201,-30,260,130,346,-60" owari="153,-35.0,171,-23.0,390,49.0,286,9.0" /></mjloggm>