<mjloggm ver="2.3"><GO type="169" lobby="0"/><UN n0="%73%75%7A%75%6D%65%E3%81%AE%E6%B6%99" n1="%E3%82%A6%E3%83%AB%E3%83%88%E3%83%A9%E7%AB%8B%E7%9B%B4" n2="%7A%6B%75%72%74" n3="%24%74%65%74%73%75%24" dan="16,17,17,16" rate="2079.42,2144.17,2173.33,2051.11" sx="M,M,M,M"/><TAIKYOKU oya="0"/><INIT seed="0,0,0,4,5,132" ten="250,250,250,250" oya="0" hai0="84,91,59,122,26,76,55,90,21,14,62,120,68" hai1="42,99,47,10,81,13,65,2,35,51,126,4,61" hai2="88,60,45,63,9,52,7,135,127,48,94,77,17" hai3="67,128,27,95,87,46,83,24,82,71,125,73,20"/><T106/><D106/><U134/><E35/><V86/><F135/><W123/><G128/><T121/><D14/><U1/><E134/><V79/><F17/><W110/><G123/><T36/><D36/><U18/><E99/><V43/><F127/><W66/><G125/><T102/><D102/><U133/><E133/><V28/><F28/><W50/><G73/><T22/><D68/><U38/><E126/><V101/><F101/><W93/><G110/><T108/><D108/><U89/><E38/><V114/><F114/><W74/><G82/><T112/><D112/><U96/><E18/><V64/><F43/><W111/><G74/><T19/><D21/><U92/><REACH who="1" step="1"/><E81/><REACH who="1" ten="250,240,250,250" step="2"/><V130/><F130/><W40/><G111/><T85/><D120/><U129/><E129/><V12/><REACH who="2" step="1"/><F63/><REACH who="2" ten="250,240,240,250" step="2"/><W39/><G39/><T57/><D121/><U56/><AGARI ba="0,2" hai="1,2,4,10,13,42,47,51,56,61,65,89,92,96" machi="56" ten="20,2700,0" yaku="1,1,0,1,7,1,53,0" doraHai="132" doraHaiUra="49" who="1" fromWho="1" sc="250,-13,240,47,240,-7,250,-7" /><INIT seed="1,0,0,1,4,90" ten="237,287,233,243" oya="1" hai0="81,74,73,54,118,31,58,56,35,3,113,98,14" hai1="6,110,2,132,34,32,88,121,61,24,130,40,106" hai2="129,102,25,60,66,21,100,27,86,48,134,59,16" hai3="68,77,115,46,45,83,57,51,69,99,65,79,12"/><U128/><E106/><V17/><F129/><N who="1" m="49769" /><E121/><V26/><F134/><W135/><G115/><T0/><D113/><U97/><E40/><V89/><F48/><W55/><G135/><T29/><D118/><U64/><E132/><V92/><REACH who="2" step="1"/><F17/><REACH who="2" ten="237,287,223,243" step="2"/><W15/><G51/><T36/><D36/><U13/><E110/><V49/><F49/><W7/><G69/><T94/><D56/><N who="1" m="36903" /><E2/><V10/><F10/><W125/><G57/><T103/><D0/><U4/><E24/><AGARI ba="0,1" hai="16,21,24,25,26,27,59,60,66,86,89,92,100,102" machi="24" ten="40,8000,1" yaku="1,1,8,1,52,1,54,1,53,0" doraHai="90" doraHaiUra="50" who="2" fromWho="1" sc="237,0,287,-80,223,90,243,0" /><INIT seed="2,0,0,2,3,99" ten="237,207,313,243" oya="2" hai0="124,130,65,49,129,0,104,94,117,17,7,105,32" hai1="45,83,67,97,125,122,12,80,95,81,113,62,132" hai2="88,98,57,44,19,3,55,2,106,8,111,9,58" hai3="72,31,71,15,87,127,135,82,51,79,16,22,70"/><V47/><F111/><W54/><G127/><T63/><D124/><U91/><E113/><V13/><F58/><W93/><G135/><T123/><D123/><U103/><E125/><V66/><F66/><W4/><G4/><T100/><D32/><U48/><E132/><V84/><F106/><W26/><G72/><T39/><D39/><U36/><E36/><V50/><F98/><W52/><G93/><T6/><D49/><U18/><E122/><V25/><F25/><W10/><REACH who="3" step="1"/><G54/><REACH who="3" ten="237,207,313,233" step="2"/><T42/><D94/><U90/><E67/><V76/><F3/><W75/><G75/><T53/><D53/><N who="1" m="29839" /><E62/><V21/><F2/><W85/><G85/><T126/><D0/><U131/><E131/><V20/><F76/><W61/><G61/><T78/><D78/><U46/><E46/><AGARI ba="0,1" hai="10,15,16,22,26,31,46,51,52,70,71,79,82,87" machi="46" ten="30,8000,1" yaku="1,1,7,1,54,2,53,1" doraHai="99" doraHaiUra="11" who="3" fromWho="1" sc="237,0,207,-80,313,0,233,90" /><INIT seed="3,0,0,5,0,105" ten="237,127,313,323" oya="3" hai0="57,106,63,72,18,94,130,116,15,111,59,68,34" hai1="13,75,90,23,127,1,129,87,99,97,31,102,108" hai2="85,64,74,134,109,28,112,77,0,35,5,58,47" hai3="128,30,12,119,89,95,125,54,19,69,93,81,7"/><W92/><G69/><T20/><D116/><U6/><E1/><V70/><F112/><W55/><G119/><T110/><D106/><U53/><E108/><N who="0" m="41513" /><D34/><U3/><E3/><V86/><F70/><W14/><G30/><T4/><D130/><U100/><E129/><V39/><F109/><W66/><G66/><T107/><D107/><U79/><E127/><V104/><F104/><W133/><G125/><T88/><D4/><U101/><E75/><V80/><F134/><W42/><G42/><T22/><D20/><U96/><E79/><V8/><F28/><W29/><G29/><T50/><D50/><U118/><E118/><V46/><F46/><W40/><G40/><T51/><D51/><U135/><E135/><V26/><F26/><W43/><G43/><T44/><D44/><U48/><E6/><V115/><F35/><W73/><G133/><T49/><D49/><U38/><E38/><V16/><F115/><W103/><G7/><T61/><D72/><U76/><E76/><V36/><F36/><W65/><G73/><T120/><D120/><U33/><E33/><V67/><F67/><W131/><G65/><N who="0" m="41023" /><D61/><U17/><E31/><V62/><F16/><W52/><G128/><T117/><D117/><U32/><E32/><V124/><F124/><W71/><G71/><T56/><D57/><N who="1" m="32935" /><E102/><V113/><F113/><W132/><G131/><T45/><D45/><U27/><E27/><V2/><F2/><W126/><G132/><T91/><D91/><U11/><E11/><V60/><F60/><W24/><G126/><T83/><D83/><AGARI ba="0,0" hai="13,17,23,83,87,90,96,97,99,100,101" m="32935" machi="83" ten="30,1000,0" yaku="8,1" doraHai="105" who="1" fromWho="0" sc="237,-10,127,10,313,0,323,0" /><INIT seed="4,0,0,2,2,63" ten="227,137,313,323" oya="0" hai0="54,129,127,21,98,86,109,79,135,93,3,7,73" hai1="64,87,114,116,83,60,48,111,53,23,70,34,1" hai2="120,94,52,45,69,75,38,50,17,130,95,5,78" hai3="97,122,115,4,11,16,47,125,112,32,43,25,51"/><T36/><D36/><U132/><E34/><V84/><F120/><W2/><G122/><T107/><D3/><U104/><E116/><V29/><F75/><W44/><G125/><T77/><D7/><U30/><E111/><V71/><F130/><W108/><G108/><T76/><D109/><U14/><E1/><V66/><F29/><W110/><G110/><T82/><D21/><U9/><E104/><V61/><F69/><W0/><G0/><T96/><D54/><U13/><E114/><V68/><F68/><W41/><G97/><T10/><D10/><U85/><E132/><V65/><F5/><W72/><G72/><T105/><D135/><U99/><E99/><N who="0" m="37929" /><D127/><U55/><E55/><V56/><F17/><W100/><G100/><T62/><D62/><U22/><E30/><V113/><F113/><N who="3" m="43595" /><G32/><T80/><D129/><U133/><E133/><V19/><F19/><W28/><G28/><T27/><D27/><U119/><E119/><V121/><F121/><W12/><G25/><T24/><D24/><U134/><E134/><V88/><F78/><N who="0" m="30314" /><D93/><U106/><E14/><V124/><F124/><W59/><G59/><T26/><D26/><U42/><E13/><V49/><F38/><N who="3" m="21559" /><G2/><T128/><D128/><U18/><E70/><V89/><F71/><W118/><G4/><T67/><D67/><N who="2" m="25610" /><F45/><W58/><G58/><T20/><D20/><U81/><E23/><V102/><F102/><W57/><G57/><T8/><D8/><U74/><E22/><V39/><F39/><W15/><G12/><T117/><D117/><AGARI ba="0,0" hai="11,15,16,43,47,51,117,118" m="21559,43595" machi="117" ten="30,2000,0" yaku="15,1,54,1" doraHai="63" who="3" fromWho="0" sc="227,-20,137,0,313,0,323,20" /><INIT seed="5,0,0,2,4,67" ten="207,137,313,343" oya="1" hai0="57,6,47,87,64,95,62,103,135,31,113,26,38" hai1="55,1,110,21,35,124,107,126,48,76,7,116,10" hai2="51,65,2,36,11,111,28,71,63,66,134,83,22" hai3="114,112,17,18,130,86,94,34,82,27,53,106,40"/><U90/><E107/><V0/><F36/><W80/><G106/><T101/><D113/><N who="3" m="43625" /><G40/><T14/><D135/><U9/><E35/><V44/><F111/><W84/><G94/><T125/><D125/><U52/><E116/><V105/><F105/><W33/><G53/><T58/><D57/><U79/><E110/><V129/><F66/><W88/><G130/><T70/><D38/><U69/><E21/><V78/><F129/><W118/><G118/><T54/><D47/><U97/><E10/><V25/><F11/><W4/><G4/><T32/><D6/><U89/><E69/><V29/><F29/><N who="3" m="19647" /><G34/><T46/><D46/><N who="1" m="27671" /><E55/><V77/><F134/><W45/><G45/><T49/><D14/><U24/><E24/><V20/><F20/><W92/><G92/><T120/><D120/><U60/><E60/><V102/><F102/><W91/><AGARI ba="0,0" hai="17,18,80,82,84,86,88,91" m="19647,43625" machi="91" ten="30,2000,0" yaku="15,1,54,1" doraHai="67" who="3" fromWho="3" sc="207,-5,137,-10,313,-5,343,20" /><INIT seed="6,0,0,1,3,19" ten="202,127,308,363" oya="2" hai0="36,14,124,92,32,132,87,130,135,37,58,76,109" hai1="86,55,65,131,66,116,69,81,90,38,115,60,16" hai2="11,59,20,88,102,9,51,18,122,35,57,64,129" hai3="117,41,5,84,52,8,26,114,22,133,50,128,98"/><V112/><F122/><W70/><G70/><T24/><D109/><U61/><E116/><V100/><F35/><W4/><G117/><T56/><D124/><U94/><E115/><V43/><F112/><W27/><G27/><T6/><D130/><U101/><E131/><V72/><F72/><W45/><G114/><T123/><D123/><U119/><E119/><V120/><F120/><W97/><G133/><T125/><D125/><U12/><E38/><V25/><F129/><W108/><G108/><T80/><D92/><U53/><E101/><V28/><F28/><W63/><G84/><T85/><D87/><U40/><E40/><V39/><F39/><W1/><G4/><T78/><D78/><U77/><E94/><V21/><F100/><W17/><G128/><T23/><D32/><U89/><E90/><V71/><F71/><W7/><G7/><T118/><D118/><U62/><E89/><V49/><F102/><W107/><G107/><T48/><D48/><U73/><E73/><V34/><F34/><W95/><G95/><T99/><D99/><U47/><E47/><V33/><F33/><W46/><G63/><T74/><D74/><U29/><E29/><V30/><F88/><W91/><G91/><T44/><D44/><U42/><E42/><V113/><F113/><W67/><G67/><N who="1" m="25610" /><E69/><V111/><F111/><W2/><G2/><T121/><D121/><U82/><E82/><V103/><F103/><W93/><G93/><T105/><D105/><U75/><E75/><V83/><F83/><W79/><G79/><T96/><D76/><U10/><AGARI ba="0,0" hai="10,12,16,53,55,60,61,62,77,81,86" m="25610" machi="10" ten="30,4000,0" yaku="5,1,8,1,54,1" doraHai="19" who="1" fromWho="1" sc="202,-10,127,40,308,-20,363,-10" /><INIT seed="7,0,0,1,4,101" ten="192,167,288,353" oya="3" hai0="105,71,60,21,76,12,81,19,31,37,27,13,7" hai1="15,55,38,10,63,104,74,86,89,59,28,17,122" hai2="20,29,93,36,70,98,90,65,94,73,103,114,11" hai3="75,96,44,67,87,79,23,95,51,2,126,132,84"/><W118/><G2/><T49/><D37/><U61/><E122/><V112/><F73/><W99/><G67/><T57/><D105/><U62/><E74/><V46/><F11/><W128/><G118/><T0/><D71/><U102/><E38/><V100/><F65/><W34/><G34/><T45/><D0/><U35/><E35/><V30/><F70/><W1/><G99/><T40/><D7/><U116/><E116/><V48/><F36/><W8/><G23/><T109/><D109/><U111/><E111/><V124/><F124/><W32/><G32/><T26/><D26/><U125/><E125/><V54/><F100/><W5/><G128/><T22/><D21/><U14/><E28/><V72/><F72/><W91/><G132/><T117/><D117/><U135/><E135/><V64/><F64/><W133/><G126/><T77/><D31/><U78/><E78/><N who="0" m="30313" /><D81/><U6/><E102/><V42/><F42/><W129/><G133/><T41/><D41/><U16/><E104/><V119/><F119/><W107/><G129/><T88/><D88/><U18/><E15/><V80/><F80/><AGARI ba="0,0" hai="6,10,14,16,17,18,55,59,61,62,63,80,86,89" machi="80" ten="40,2600,0" yaku="8,1,54,1" doraHai="101" who="1" fromWho="2" sc="192,0,167,26,288,-26,353,0" owari="192,-31.0,193,-21.0,262,6.0,353,46.0" /></mjloggm>