<mjloggm ver="2.3"><GO type="225" lobby="0"/><UN n0="%E6%B3%95%E6%94%BF%E5%A4%A7%E5%AD%A6%EF%BC%93%E5%B9%B4" n1="%E3%82%A6%E3%83%AB%E3%83%88%E3%83%A9%E7%AB%8B%E7%9B%B4" n2="%E3%82%A6%E3%82%A3%E3%83%B3%44" n3="%E5%A4%A7%E6%AD%A3%E7%BE%A9%E9%87%8E%E7%90%83%E5%A8%98" dan="16,17,17,17" rate="2130.77,2116.50,2150.97,2121.46" sx="M,M,M,M"/><TAIKYOKU oya="0"/><INIT seed="0,0,0,4,4,99" ten="250,250,250,250" oya="0" hai0="54,46,47,64,131,114,83,24,111,49,50,69,26" hai1="43,36,78,62,117,98,105,21,103,106,87,100,23" hai2="128,7,59,93,27,0,91,51,63,48,109,113,130" hai3="82,8,15,32,84,66,104,12,35,119,95,74,6"/><T56/><D114/><U115/><E117/><V120/><F120/><W134/><G104/><T96/><D131/><N who="2" m="50218" /><F113/><W124/><G119/><T121/><D121/><U28/><E115/><V22/><F109/><W112/><G112/><T125/><D125/><U11/><E43/><V92/><F7/><W37/><G37/><T133/><D133/><U75/><E36/><V88/><F0/><W127/><G134/><T42/><D111/><U25/><E75/><V68/><F68/><W13/><G74/><T9/><D69/><U53/><E11/><V18/><F93/><W80/><G66/><T29/><D9/><U60/><E53/><N who="2" m="34287" /><F91/><N who="3" m="53735" /><G82/><T108/><D108/><U107/><E23/><V30/><F30/><W41/><G80/><T71/><D71/><U20/><E20/><V135/><F135/><W67/><G67/><T55/><D83/><U31/><E31/><V122/><F122/><W79/><G41/><T4/><D64/><U40/><E40/><V1/><F1/><N who="3" m="79" /><G79/><T132/><D132/><U3/><E3/><V33/><F33/><W86/><G86/><AGARI ba="0,0" hai="18,22,27,48,51,86,88,92" m="34287,50218" machi="86" ten="30,2000,0" yaku="19,1,54,1" doraHai="99" who="2" fromWho="3" sc="250,0,250,0,250,20,250,-20" /><INIT seed="1,0,0,3,2,16" ten="250,250,270,230" oya="1" hai0="102,118,12,66,56,60,55,65,63,109,75,4,24" hai1="100,2,113,39,43,128,20,64,15,127,25,53,106" hai2="135,110,48,59,87,98,125,14,6,52,9,29,30" hai3="38,10,108,31,119,107,70,1,91,5,62,51,57"/><U94/><E113/><V90/><F110/><W76/><G38/><T115/><D115/><U89/><E2/><V81/><F125/><W96/><G108/><T68/><D118/><U78/><E78/><V32/><F32/><W101/><G119/><T122/><D75/><U71/><E71/><V46/><F135/><W104/><G76/><T11/><D109/><U88/><E106/><V132/><F132/><W111/><G111/><T131/><D131/><U67/><E43/><V82/><F82/><W80/><G70/><T7/><D122/><U112/><E39/><V13/><F13/><W84/><G51/><T8/><D102/><U133/><E112/><V120/><F120/><W54/><REACH who="3" step="1"/><G31/><REACH who="3" ten="250,250,270,220" step="2"/><T47/><D68/><U117/><E117/><V105/><F105/><AGARI ba="0,1" hai="1,5,10,54,57,62,80,84,91,96,101,104,105,107" machi="105" ten="30,3900,0" yaku="1,1,2,1,7,1,53,0" doraHai="16" doraHaiUra="19" who="3" fromWho="2" sc="250,0,250,0,270,-39,220,49" /><INIT seed="2,0,0,3,4,118" ten="250,250,231,269" oya="2" hai0="14,73,121,63,48,79,5,77,127,91,72,134,8" hai1="10,124,119,54,120,126,68,40,17,132,114,57,80" hai2="135,45,88,34,75,44,38,42,62,65,37,33,69" hai3="115,78,108,55,35,133,21,46,36,89,84,30,12"/><V20/><F75/><W93/><G108/><T56/><D121/><U113/><E68/><V52/><F135/><W82/><G133/><T7/><D134/><U92/><E132/><V47/><F20/><W95/><G115/><T22/><D127/><N who="1" m="48683" /><E119/><V24/><F24/><W49/><G36/><T9/><D22/><U58/><E40/><V116/><F116/><W4/><G35/><T1/><D48/><U6/><E17/><V13/><F13/><W64/><G64/><T41/><D41/><U117/><E117/><V70/><F70/><W51/><G30/><T97/><D73/><U125/><N who="1" m="48691" /><U86/><DORA hai="29" /><E92/><V16/><F16/><N who="3" m="10375" /><G4/><T60/><D72/><U107/><E107/><V94/><F45/><N who="3" m="28079" /><G78/><T26/><D77/><N who="1" m="46351" /><E120/><V129/><F129/><W53/><AGARI ba="0,0" hai="46,51,53,82,84,89,93,95" m="28079,10375" machi="53" ten="30,2000,0" yaku="8,1,54,1" doraHai="118,29" who="3" fromWho="3" sc="250,-5,250,-5,231,-10,269,20" /><INIT seed="3,0,0,3,4,104" ten="245,245,221,289" oya="3" hai0="43,124,1,79,0,18,22,27,11,72,105,117,83" hai1="57,107,88,90,51,103,111,54,77,24,31,41,33" hai2="26,64,87,118,34,58,110,93,21,89,120,112,108" hai3="6,38,76,100,35,73,19,8,132,125,115,3,62"/><W25/><G115/><T134/><D117/><U101/><E111/><N who="2" m="42539" /><F112/><W17/><G100/><T95/><D105/><U91/><E107/><V135/><F118/><W55/><G38/><T44/><D124/><U99/><E99/><V69/><F135/><W36/><G36/><T15/><D95/><U94/><E94/><V92/><F120/><W67/><G55/><T102/><D102/><U10/><E41/><V4/><F4/><W128/><G132/><T23/><D134/><U66/><E66/><V121/><F121/><W98/><G98/><T119/><D119/><U130/><E130/><V129/><F129/><W7/><G7/><T50/><REACH who="0" step="1"/><D23/><REACH who="0" ten="235,245,221,289" step="2"/><U59/><E103/><V82/><F34/><W45/><G125/><T84/><D84/><U113/><E101/><V97/><F69/><W40/><G128/><T86/><D86/><U75/><E113/><V52/><F97/><W32/><G32/><T106/><D106/><U9/><E33/><V70/><F70/><W123/><G123/><T29/><AGARI ba="0,1" hai="0,1,11,15,18,22,27,29,43,44,50,72,79,83" machi="29" ten="20,5200,0" yaku="1,1,0,1,7,1,52,1,53,0" doraHai="104" doraHaiUra="122" who="0" fromWho="0" sc="235,62,245,-13,221,-13,289,-26" /><INIT seed="4,0,0,5,0,118" ten="297,232,208,263" oya="0" hai0="42,125,133,50,23,9,53,11,94,15,74,7,32" hai1="135,106,122,112,54,48,103,10,33,77,37,43,59" hai2="131,90,27,2,39,71,87,93,13,45,72,83,132" hai3="26,69,105,55,40,63,110,68,36,57,60,100,38"/><T114/><D32/><U5/><E33/><V29/><F2/><W6/><G6/><T46/><D74/><U81/><E103/><V8/><F71/><N who="3" m="27211" /><G26/><T89/><D114/><U78/><E78/><V102/><F131/><W76/><G105/><T123/><D123/><U73/><E106/><V119/><F132/><W79/><G79/><T1/><D133/><U35/><E35/><V47/><F119/><W0/><G0/><T22/><D125/><U101/><E101/><V85/><F72/><W34/><G100/><T115/><D115/><U117/><E112/><V129/><F129/><W51/><G76/><T113/><D113/><U56/><E56/><V127/><F127/><W88/><G88/><T92/><D92/><U12/><E117/><V58/><F39/><N who="3" m="14891" /><G34/><T24/><D24/><U124/><E135/><V64/><F102/><W91/><G91/><T75/><D75/><U66/><E77/><N who="2" m="46319" /><F27/><W111/><G40/><T19/><D42/><U20/><E43/><V104/><F29/><W17/><G17/><T61/><D1/><U109/><E5/><N who="2" m="3215" /><F104/><W14/><G14/><T25/><D25/><U86/><E12/><V44/><F64/><W108/><AGARI ba="0,0" hai="51,55,57,60,63,108,110,111" m="14891,27211" machi="108" ten="40,2700,0" yaku="34,2" doraHai="118" who="3" fromWho="3" sc="297,-13,232,-7,208,-7,263,27" /><INIT seed="5,0,0,4,3,117" ten="284,225,201,290" oya="1" hai0="29,8,120,129,52,19,96,135,90,42,112,28,1" hai1="65,102,88,73,118,37,6,57,76,18,84,3,14" hai2="34,81,134,111,106,98,47,95,77,22,53,61,45" hai3="66,68,104,123,71,80,107,87,25,2,20,44,46"/><U26/><E37/><V60/><F111/><W43/><G123/><T119/><D119/><U32/><E102/><V110/><F110/><W132/><G2/><T41/><D120/><U7/><E73/><V62/><F34/><W63/><G68/><T50/><D112/><U75/><E75/><V49/><F106/><W54/><G54/><T101/><D129/><U9/><E76/><V30/><F134/><W78/><G46/><N who="0" m="27735" /><D101/><U108/><E118/><V114/><F114/><W115/><G132/><T94/><D1/><U23/><E108/><V72/><F30/><N who="0" m="11882" /><D135/><U13/><E32/><V24/><F22/><W74/><G74/><T59/><D59/><U40/><E40/><V27/><REACH who="2" step="1"/><F47/><REACH who="2" ten="284,225,191,290" step="2"/><W105/><G115/><T99/><D99/><U36/><E23/><V48/><F48/><W70/><G105/><T16/><D8/><U4/><E9/><V133/><F133/><W89/><G104/><T128/><D128/><U39/><E39/><V10/><F10/><W51/><G107/><T69/><D69/><U97/><E36/><V67/><F67/><W33/><G33/><T15/><D19/><U17/><E17/><V0/><F0/><W127/><G71/><T56/><D56/><U116/><E3/><V103/><AGARI ba="0,1" hai="24,27,45,49,53,60,61,62,72,77,81,95,98,103" machi="103" ten="30,2000,0" yaku="1,1,0,1,53,0" doraHai="117" doraHaiUra="82" who="2" fromWho="2" sc="284,-5,225,-10,191,30,290,-5" /><INIT seed="6,0,0,0,4,115" ten="279,215,221,285" oya="2" hai0="125,64,13,134,32,18,10,98,8,120,56,105,28" hai1="55,7,12,23,24,90,59,82,57,52,133,33,48" hai2="15,42,129,51,78,47,2,97,94,132,6,60,128" hai3="70,91,81,87,114,17,39,49,85,135,66,111,4"/><V41/><F2/><W75/><G39/><T5/><D120/><U67/><E33/><V20/><F78/><W110/><G75/><T88/><D125/><U86/><E133/><V130/><F132/><W11/><G135/><T29/><D32/><U37/><E37/><V72/><F72/><W40/><G17/><T58/><D134/><U68/><E68/><V62/><F42/><W0/><G114/><T118/><D118/><U30/><E67/><V123/><F123/><W34/><G34/><T74/><D74/><U100/><E100/><N who="2" m="60471" /><F20/><W84/><G70/><T54/><D64/><U124/><E124/><V9/><AGARI ba="0,0" hai="6,9,15,41,47,51,60,62,128,129,130" m="60471" machi="9" ten="40,2100,0" yaku="19,1" doraHai="115" who="2" fromWho="2" sc="279,-7,215,-7,221,21,285,-7" /><INIT seed="6,1,0,1,3,20" ten="272,208,242,278" oya="2" hai0="67,57,63,91,65,128,96,133,76,99,118,82,78" hai1="52,19,71,66,41,18,68,30,69,5,94,72,12" hai2="26,73,24,47,37,81,112,86,100,110,131,16,124" hai3="60,35,108,88,90,61,98,89,80,33,7,84,11"/><V85/><F73/><W15/><G108/><T115/><D115/><U116/><E116/><V13/><F112/><W32/><REACH who="3" step="1"/><G98/><REACH who="3" ten="272,208,242,268" step="2"/><T135/><D99/><U0/><E72/><V113/><F110/><W59/><G59/><T10/><D96/><U134/><E69/><V125/><F113/><W46/><G46/><T77/><D57/><U29/><E71/><V107/><F131/><W23/><G23/><T38/><D128/><U53/><E68/><V114/><F114/><W62/><AGARI ba="1,1" hai="7,11,15,32,33,35,60,61,62,80,84,88,89,90" machi="62" ten="40,8000,1" yaku="1,1,0,1,54,1,53,1" doraHai="20" doraHaiUra="79" who="3" fromWho="3" sc="272,-21,208,-21,242,-41,268,93" owari="251,5.0,187,-31.0,201,-20.0,361,46.0" /></mjloggm>