<mjloggm ver="2.3"><GO type="169" lobby="0"/><UN n0="%E3%83%A4%E3%82%AD%E3%83%B3" n1="%E3%82%82%E3%81%9A%E3%81%8F%E3%80%82" n2="%60%E3%83%BB%CF%89%E3%83%BB%29%79%2D%7E" n3="%E3%83%88%E3%83%88%E3%83%AA%E5%85%88%E7%94%9F%31%39%E6%AD%B3" dan="17,16,16,19" rate="2156.57,2126.69,2056.06,2299.45" sx="M,M,M,F"/><TAIKYOKU oya="0"/><INIT seed="0,0,0,3,2,1" ten="250,250,250,250" oya="0" hai0="2,83,35,6,117,15,134,109,88,39,119,37,30" hai1="102,75,74,21,121,12,113,87,42,89,44,68,65" hai2="105,4,62,56,66,129,57,36,52,67,73,98,111" hai3="18,103,28,5,126,78,112,77,7,38,100,43,17"/><T3/><D39/><U19/><E121/><V53/><F73/><W122/><G112/><T32/><D37/><U48/><E113/><V125/><F111/><W20/><G38/><T76/><D109/><U104/><E104/><V34/><F36/><W58/><G126/><T63/><D63/><U101/><E68/><V80/><F125/><W54/><G28/><T128/><D76/><N who="3" m="29289" /><G43/><T60/><D60/><U132/><E65/><V55/><F129/><W33/><G33/><T41/><D41/><U72/><REACH who="1" step="1"/><E132/><REACH who="1" ten="250,240,250,250" step="2"/><V64/><F105/><W124/><G122/><T82/><D134/><U130/><E130/><V127/><F67/><W61/><G124/><T91/><D128/><U123/><E123/><V49/><F66/><W47/><G47/><T93/><D119/><U79/><E79/><V25/><F64/><W107/><G107/><T85/><D117/><U90/><E90/><V24/><F127/><W31/><G100/><T118/><D118/><U84/><E84/><V99/><F98/><W26/><G103/><T16/><D91/><U92/><AGARI ba="0,1" hai="12,19,21,42,44,48,72,74,75,87,89,92,101,102" machi="92" ten="30,2000,0" yaku="1,1,0,1,53,0" doraHai="1" doraHaiUra="95" who="1" fromWho="1" sc="250,-10,240,30,250,-5,250,-5" /><INIT seed="1,0,0,1,5,76" ten="240,270,245,245" oya="1" hai0="113,63,80,53,108,103,100,126,68,42,12,135,64" hai1="112,96,104,18,7,95,28,74,91,32,0,40,130" hai2="102,85,82,50,81,30,45,109,111,51,88,124,58" hai3="3,19,123,10,41,5,71,60,77,9,66,4,44"/><U120/><E112/><V39/><F124/><W72/><G19/><T15/><D113/><U59/><E120/><V114/><F114/><W132/><G132/><T16/><D126/><U106/><E74/><V118/><F118/><W93/><G93/><T35/><D35/><U89/><E130/><V26/><F102/><W127/><G127/><T110/><D42/><U6/><E40/><N who="2" m="22687" /><F58/><W75/><G77/><T54/><D135/><U62/><E91/><V87/><F26/><W56/><G56/><T43/><D43/><U46/><E46/><V94/><F30/><W25/><G25/><T84/><D15/><U125/><E125/><V49/><F85/><W22/><G22/><N who="0" m="11527" /><D100/><U47/><E47/><V14/><F14/><W38/><G123/><T116/><D103/><U17/><E104/><V24/><F24/><W83/><G83/><T69/><D69/><U101/><E28/><V86/><F86/><W20/><G20/><T57/><D68/><U121/><E32/><V67/><F67/><W48/><G48/><T29/><D116/><U105/><E105/><V37/><F37/><W65/><G65/><T119/><D119/><U133/><E133/><V31/><F31/><W61/><G60/><T134/><D134/><U34/><E34/><V27/><F27/><W97/><G97/><T36/><D36/><U78/><E121/><V90/><F90/><W33/><G33/><T8/><D29/><U21/><E21/><V23/><F23/><W98/><G98/><T128/><D128/><U52/><E89/><V73/><F73/><W107/><G107/><T70/><D70/><RYUUKYOKU ba="0,0" sc="240,-15,270,-15,245,15,245,15" hai2="49,50,51,81,82,87,88,94,109,111" hai3="3,4,5,9,10,38,41,44,61,66,71,72,75" /><INIT seed="2,1,0,3,2,54" ten="225,255,260,260" oya="2" hai0="127,103,28,31,105,57,66,13,51,112,61,114,3" hai1="131,41,63,65,8,62,94,109,93,35,78,10,20" hai2="98,122,118,50,110,73,135,68,45,133,80,72,99" hai3="90,95,108,9,11,17,25,7,87,47,29,5,129"/><V107/><F118/><W40/><G108/><T43/><D3/><U75/><E35/><V88/><F122/><W55/><G129/><T23/><D105/><U85/><E131/><V38/><F68/><W101/><G101/><T115/><D103/><U76/><E75/><N who="2" m="28747" /><F38/><W48/><G17/><T49/><D127/><U1/><E109/><V130/><F107/><W19/><G19/><T16/><REACH who="0" step="1"/><D43/><REACH who="0" ten="215,255,260,260" step="2"/><U44/><E1/><V84/><F110/><W102/><G102/><T111/><D111/><U125/><E125/><V81/><F130/><W74/><G40/><T120/><D120/><U117/><E41/><V24/><F135/><W39/><G39/><T126/><D126/><U12/><E117/><V83/><F133/><W106/><G106/><T4/><D4/><U96/><E96/><V18/><F99/><W2/><G2/><T82/><D82/><U15/><E93/><V60/><F98/><W59/><G5/><T134/><D134/><U132/><E94/><V121/><F83/><W58/><G7/><T92/><D92/><U71/><E132/><V52/><F81/><W86/><G74/><T36/><D36/><U21/><E85/><V67/><F121/><W128/><G86/><T116/><D116/><U22/><E76/><V0/><F0/><W79/><G79/><T104/><D104/><U77/><E77/><V34/><F80/><W33/><G128/><T30/><AGARI ba="1,1" hai="13,16,23,28,30,31,49,51,57,61,66,112,114,115" machi="30" ten="40,12000,2" yaku="1,1,0,1,52,1,54,1,53,3" doraHai="54" doraHaiUra="27" who="0" fromWho="0" sc="215,133,255,-31,260,-61,260,-31" /><INIT seed="3,0,0,1,0,89" ten="348,224,199,229" oya="3" hai0="100,4,68,29,47,125,5,74,84,119,135,96,88" hai1="34,102,33,60,24,39,17,3,22,86,14,130,62" hai2="117,133,40,58,16,101,18,46,66,25,98,104,81" hai3="82,72,132,49,9,52,118,27,110,11,56,83,120"/><W0/><G118/><T111/><D74/><U10/><E39/><V73/><F117/><W97/><G120/><T64/><D119/><U48/><E130/><V26/><F133/><W35/><G132/><T21/><D135/><U128/><E128/><V12/><F73/><W115/><G115/><T116/><D116/><U90/><E102/><V105/><F81/><W8/><G0/><T113/><D68/><U87/><E87/><V78/><F78/><W63/><G110/><T93/><D111/><U80/><E48/><V127/><F105/><W69/><G35/><T13/><D125/><U28/><E34/><V43/><F127/><W44/><G69/><T124/><D124/><U103/><E103/><V31/><F43/><W79/><G27/><N who="0" m="16623" /><D113/><U19/><E19/><V91/><F91/><W6/><G82/><N who="0" m="49175" /><D64/><U61/><E61/><V50/><F12/><W59/><G6/><AGARI ba="0,0" hai="3,6,10,14,17,22,24,28,33,60,62,80,86,90" machi="6" ten="40,2600,0" yaku="24,2" doraHai="89" who="1" fromWho="3" sc="348,0,224,26,199,0,229,-26" /><INIT seed="4,0,0,5,3,11" ten="348,250,199,203" oya="0" hai0="111,97,54,85,57,26,67,110,63,42,116,115,123" hai1="68,12,65,6,121,105,100,76,40,122,78,33,72" hai2="114,71,119,18,25,44,134,108,48,47,74,127,24" hai3="45,9,109,98,51,101,31,73,92,131,28,94,88"/><T49/><D116/><U14/><E40/><V120/><F18/><W130/><G109/><N who="0" m="41483" /><D123/><U22/><E122/><V80/><F48/><W30/><G73/><T132/><D85/><U56/><E33/><V23/><F23/><W32/><G32/><T93/><D115/><U99/><E68/><V20/><F20/><W7/><G94/><T129/><D129/><U27/><E6/><V113/><F80/><W106/><G106/><T29/><D132/><U87/><E72/><V83/><F83/><W2/><REACH who="3" step="1"/><G101/><REACH who="3" ten="348,250,199,193" step="2"/><T81/><D93/><U77/><E121/><V46/><F74/><W128/><G128/><T36/><D81/><U117/><E117/><V86/><F108/><W34/><G34/><T84/><D97/><U112/><E112/><V82/><F120/><W133/><G133/><T75/><D75/><U64/><E105/><V124/><F134/><W102/><G102/><T103/><D103/><U38/><E99/><V8/><F119/><W107/><G107/><T59/><D84/><U16/><E100/><V118/><F118/><W79/><G79/><T0/><D0/><U50/><E87/><V70/><F86/><W66/><G66/><T62/><D67/><U39/><E64/><V37/><F82/><W53/><AGARI ba="0,1" hai="2,7,9,28,30,31,45,51,53,88,92,98,130,131" machi="53" ten="30,7900,0" yaku="1,1,0,1,54,1,53,1" doraHai="11" doraHaiUra="95" who="3" fromWho="3" sc="348,-39,250,-20,199,-20,193,89" /><INIT seed="5,0,0,1,4,119" ten="309,230,179,282" oya="1" hai0="100,80,19,93,87,111,9,6,97,70,47,102,46" hai1="62,129,21,91,50,63,36,48,3,72,98,78,35" hai2="41,101,7,44,95,34,126,94,117,45,60,85,84" hai3="104,66,86,107,2,99,90,74,28,127,55,83,118"/><U96/><E35/><V22/><F117/><W64/><G2/><T53/><D70/><U122/><E36/><V38/><F34/><W5/><G118/><T73/><D73/><U135/><E3/><V13/><F126/><W18/><G5/><T120/><D111/><U65/><E129/><V37/><F60/><W116/><G116/><T76/><D120/><U0/><E0/><V29/><F7/><W79/><G127/><T15/><D6/><U110/><E110/><V56/><F56/><W54/><G28/><T81/><D81/><U124/><E124/><V59/><F59/><W17/><G104/><T49/><REACH who="0" step="1"/><D47/><REACH who="0" ten="299,230,179,282" step="2"/><U75/><E122/><V88/><F45/><W30/><G83/><T115/><D115/><U33/><E72/><V67/><F44/><W77/><G74/><T40/><D40/><U51/><E75/><V1/><F41/><W134/><G134/><T112/><D112/><U57/><E135/><V43/><F43/><W24/><G79/><T125/><D125/><U14/><E78/><V82/><F82/><W52/><G77/><T69/><D69/><U12/><E57/><V27/><F38/><W8/><G66/><T92/><D92/><U16/><E65/><V11/><F67/><W113/><G64/><T131/><D131/><U105/><E105/><V31/><F37/><W132/><G132/><T109/><D109/><U68/><E68/><V10/><F95/><W130/><G107/><T114/><D114/><U71/><E71/><V26/><F94/><W108/><G113/><T106/><D106/><U123/><E123/><V20/><F1/><RYUUKYOKU ba="0,1" sc="299,30,230,-10,179,-10,282,-10" hai0="9,15,19,46,49,53,76,80,87,93,97,100,102" /><INIT seed="6,1,1,2,2,72" ten="329,220,169,272" oya="2" hai0="50,25,112,107,21,111,43,34,9,10,65,95,52" hai1="86,105,30,114,62,103,134,121,90,73,46,20,17" hai2="122,132,85,133,24,8,3,0,55,76,60,126,5" hai3="131,49,42,83,74,27,100,67,38,79,92,89,13"/><V32/><F122/><W58/><G38/><T123/><D107/><U116/><E116/><V118/><F118/><W40/><G131/><T102/><D111/><U22/><E114/><V11/><F126/><W63/><G100/><T31/><D123/><U45/><E121/><V129/><F129/><W28/><G13/><T78/><D34/><U35/><E35/><V19/><F60/><W6/><G6/><T4/><D65/><U64/><E73/><V37/><F37/><W29/><G49/><T68/><D68/><U113/><E113/><V117/><F117/><W81/><G81/><T119/><D119/><U54/><E134/><N who="2" m="51819" /><F55/><W135/><G135/><T128/><D128/><U44/><E105/><V120/><F120/><W51/><G51/><T70/><D70/><U130/><E130/><V124/><F124/><W2/><G2/><N who="2" m="553" /><F5/><W39/><G39/><T98/><D43/><U71/><E54/><V59/><F59/><W41/><REACH who="3" step="1"/><G27/><REACH who="3" ten="329,220,169,262" step="2"/><T12/><D112/><U53/><E103/><V1/><F1/><W110/><G110/><T88/><D102/><U91/><E62/><V115/><F115/><W15/><G15/><T47/><D10/><U87/><E64/><V56/><F11/><W127/><G127/><T23/><D4/><U16/><E53/><V94/><F8/><W99/><AGARI ba="1,2" hai="28,29,40,41,42,58,63,67,74,79,83,89,92,99" machi="99" ten="30,4000,0" yaku="1,1,0,1,52,1,53,0" doraHai="72" doraHaiUra="18" who="3" fromWho="3" sc="329,-11,220,-11,169,-21,262,63" /><INIT seed="7,0,0,4,1,30" ten="318,209,148,325" oya="3" hai0="132,11,34,72,70,135,67,53,99,93,39,87,125" hai1="49,130,5,29,21,122,75,6,94,43,109,98,44" hai2="2,9,1,115,119,114,10,65,116,56,26,23,33" hai3="12,37,60,126,13,113,74,14,59,102,17,42,90"/><W57/><G74/><T86/><D72/><U105/><E122/><V62/><F62/><W121/><G121/><T3/><D34/><U4/><E130/><V106/><F56/><W46/><G113/><N who="2" m="43017" /><F65/><W110/><G126/><T7/><D125/><U48/><E109/><V95/><F95/><W24/><G110/><T66/><D53/><U107/><E75/><V117/><F106/><W69/><G102/><N who="0" m="60783" /><D39/><U40/><E49/><V80/><F80/><W111/><G111/><T129/><D129/><U36/><E36/><V131/><F131/><W15/><G69/><T55/><D55/><U103/><E43/><V78/><F78/><W41/><G41/><T81/><D70/><U123/><E123/><V134/><F134/><N who="0" m="51242" /><D87/><U20/><E107/><V76/><F76/><AGARI ba="0,0" hai="3,7,11,66,67,76,81,86" m="51242,60783" machi="76" ten="30,1000,0" yaku="20,1" doraHai="30" who="0" fromWho="2" sc="318,10,209,0,148,-10,325,0" owari="328,42.0,209,-19.0,138,-36.0,325,13.0" /></mjloggm>