<mjloggm ver="2.3"><GO type="169" lobby="0"/><UN n0="%E3%82%A6%E3%83%AB%E3%83%88%E3%83%A9%E7%AB%8B%E7%9B%B4" n1="%E3%81%8C%E3%82%8A%E3%81%8C%E3%82%8A%E2%98%86%E3%82%AC%E3%83%AA%E3%83%BC" n2="%E3%81%8A%E7%9F%A5%E3%82%89%E3%81%9B" n3="%53%74%65%61%6C%74%68%47" dan="17,16,16,16" rate="2145.31,2066.63,2113.63,2097.49" sx="M,M,M,M"/><TAIKYOKU oya="0"/><INIT seed="0,0,0,2,1,84" ten="250,250,250,250" oya="0" hai0="128,115,15,19,26,9,102,116,103,49,7,99,83" hai1="63,95,60,112,66,74,20,53,32,54,125,98,55" hai2="48,34,129,94,3,2,97,45,109,90,35,85,6" hai3="67,1,62,69,22,38,14,50,51,8,78,81,28"/><T57/><D116/><U124/><E32/><V100/><F109/><W134/><G38/><T61/><D115/><U89/><E112/><V123/><F123/><W80/><G134/><T86/><D128/><U16/><E16/><V11/><BYE who="1" /><F2/><W93/><G1/><T68/><D68/><U43/><E43/><V71/><F71/><UN n1="%E3%81%8C%E3%82%8A%E3%81%8C%E3%82%8A%E2%98%86%E3%82%AC%E3%83%AA%E3%83%BC" /><W18/><G81/><T127/><D49/><U59/><E74/><V52/><REACH who="2" step="1"/><F129/><REACH who="2" ten="250,250,240,250" step="2"/><W44/><G69/><T31/><D127/><N who="1" m="48715" /><E20/><V133/><F133/><W29/><G22/><N who="0" m="15831" /><D7/><U36/><E36/><V108/><F108/><W106/><G29/><T121/><D121/><U17/><E17/><V58/><F58/><AGARI ba="0,1" hai="53,54,55,58,59,60,63,66,89,95,98" m="48715" machi="58" ten="30,2000,0" yaku="18,1,52,1" doraHai="84" who="1" fromWho="2" sc="250,0,250,30,240,-20,250,0" /><INIT seed="1,0,0,2,5,65" ten="250,280,220,250" oya="1" hai0="34,53,59,6,125,7,0,76,13,81,135,37,129" hai1="71,82,15,41,68,123,29,5,11,1,12,77,70" hai2="50,10,120,48,133,58,24,132,74,131,106,46,87" hai3="40,35,83,21,55,33,23,75,93,42,117,79,73"/><U66/><E123/><V9/><F74/><W3/><G3/><T127/><D37/><U101/><E66/><V126/><F120/><W89/><G117/><T107/><D34/><U91/><E101/><V85/><F106/><W27/><G55/><T122/><D0/><U102/><E102/><V30/><F58/><W25/><G35/><T69/><D107/><U38/><E91/><V94/><F131/><W86/><G33/><T124/><D122/><U72/><E29/><V56/><F56/><W116/><G116/><T45/><D129/><U44/><AGARI ba="0,0" hai="1,5,11,12,15,38,41,44,68,70,71,72,77,82" machi="44" ten="40,18000,2" yaku="0,1,25,2,52,3" doraHai="65" who="1" fromWho="1" sc="250,-60,280,180,220,-60,250,-60" /><INIT seed="1,1,0,3,1,70" ten="190,460,160,190" oya="1" hai0="104,50,99,30,93,41,111,28,114,12,115,129,130" hai1="62,48,102,52,29,108,11,72,9,39,65,91,95" hai2="122,43,31,97,78,47,3,4,63,134,92,128,109" hai3="24,1,34,54,131,121,103,107,126,56,6,55,51"/><U37/><E72/><V73/><F122/><W17/><G121/><T127/><D104/><U67/><E102/><V20/><F109/><W10/><G126/><T13/><D127/><U118/><E118/><V81/><BYE who="1" /><F134/><UN n1="%E3%81%8C%E3%82%8A%E3%81%8C%E3%82%8A%E2%98%86%E3%82%AC%E3%83%AA%E3%83%BC" /><W85/><G131/><N who="0" m="50187" /><D50/><U15/><E15/><BYE who="1" /><N who="0" m="5705" /><D41/><U96/><E96/><V22/><F63/><W120/><G120/><T86/><D86/><U57/><E57/><V71/><F71/><W77/><G107/><T110/><D93/><U36/><E36/><N who="2" m="21991" /><F31/><N who="0" m="11818" /><D99/><U64/><E64/><V19/><F128/><W112/><G51/><UN n1="%E3%81%8C%E3%82%8A%E3%81%8C%E3%82%8A%E2%98%86%E3%82%AC%E3%83%AA%E3%83%BC" /><T46/><D46/><U26/><E48/><V124/><F124/><W101/><G85/><T132/><D132/><U74/><E62/><V116/><F92/><W60/><G60/><T49/><D49/><U61/><E39/><V76/><F97/><W27/><G77/><T105/><D105/><U7/><E37/><V66/><F78/><W117/><G101/><T123/><D123/><U45/><E95/><V94/><F94/><W40/><G40/><T125/><D125/><U90/><E61/><V100/><F100/><W84/><G103/><T75/><D75/><U2/><E74/><V59/><F73/><W79/><G84/><T38/><D38/><U69/><E91/><V83/><F76/><W133/><G79/><T106/><D106/><U23/><E90/><V14/><F83/><W119/><G133/><T18/><D18/><U113/><E45/><V82/><F82/><W135/><G17/><T21/><D21/><U16/><E23/><N who="2" m="11767" /><F81/><W35/><G135/><T53/><D53/><U98/><E52/><V42/><F42/><RYUUKYOKU ba="1,0" sc="190,30,460,-10,160,-10,190,-10" hai0="110,111,114,115" /><INIT seed="2,2,0,2,1,54" ten="220,450,150,180" oya="2" hai0="102,119,122,4,37,115,79,58,47,28,12,124,96" hai1="24,125,42,9,65,52,16,27,5,134,76,53,94" hai2="86,116,81,51,132,78,13,20,22,77,85,117,18" hai3="98,45,30,11,75,63,38,106,26,114,46,43,104"/><V64/><F132/><W107/><G114/><T88/><D115/><U69/><E134/><V56/><F22/><W111/><G111/><T135/><D122/><U15/><E125/><V62/><REACH who="2" step="1"/><F51/><REACH who="2" ten="220,450,140,180" step="2"/><W84/><G38/><T90/><D135/><U17/><E9/><V80/><AGARI ba="2,1" hai="13,18,20,56,62,64,77,78,80,81,85,86,116,117" machi="80" ten="30,12000,1" yaku="1,1,2,1,0,1,9,1,52,1,53,0" doraHai="54" doraHaiUra="87" who="2" fromWho="2" sc="220,-42,450,-42,140,136,180,-42" /><INIT seed="2,3,0,3,0,89" ten="178,408,276,138" oya="2" hai0="86,111,17,108,28,35,130,76,84,26,79,125,33" hai1="123,21,32,67,102,42,63,92,18,53,109,80,54" hai2="112,131,58,4,15,51,87,34,126,19,1,113,0" hai3="97,98,117,44,3,47,105,46,134,119,10,132,64"/><V70/><F70/><W20/><G64/><T71/><D71/><U2/><E32/><N who="0" m="12361" /><D28/><U74/><E2/><V25/><F87/><N who="0" m="33322" /><D26/><U114/><E109/><N who="0" m="42057" /><D17/><U68/><E42/><V56/><F34/><W24/><G3/><T118/><D130/><U40/><E40/><V65/><F25/><W7/><G7/><T16/><D16/><U101/><E101/><V9/><F131/><W8/><G24/><T124/><D118/><N who="3" m="45065" /><G20/><T39/><D39/><U78/><E123/><V107/><F19/><W106/><G98/><T99/><D99/><U59/><E68/><V110/><F110/><W66/><G97/><T36/><D36/><U13/><E67/><V41/><F65/><W75/><G66/><T96/><D96/><U127/><E54/><V116/><F116/><W72/><G8/><T27/><D27/><U5/><E5/><V128/><F128/><W81/><G10/><T91/><D91/><U6/><E6/><V115/><F1/><W133/><G81/><T22/><D22/><U43/><E80/><V55/><F0/><W88/><G88/><T49/><D49/><U52/><E21/><V57/><F41/><W121/><G121/><T95/><D95/><U90/><E92/><V104/><F57/><W62/><G62/><T11/><D11/><U37/><E63/><V83/><F83/><W30/><G30/><T60/><D60/><U94/><E59/><V135/><F56/><W100/><G100/><T93/><D93/><U77/><E94/><V129/><F129/><W38/><G38/><T31/><D31/><U12/><E102/><V120/><F120/><RYUUKYOKU ba="3,0" sc="178,15,408,-15,276,-15,138,15" hai0="76,79,124,125" hai3="44,46,47,72,75,105,106,132,133,134" /><INIT seed="3,4,0,2,0,37" ten="193,393,261,153" oya="3" hai0="62,30,31,1,29,113,0,116,74,78,3,57,107" hai1="59,46,38,134,127,50,55,16,21,72,23,20,123" hai2="8,2,61,35,86,129,117,41,109,28,66,67,118" hai3="112,114,39,104,6,122,5,99,95,90,70,17,131"/><W54/><G122/><T12/><D116/><U56/><E123/><V128/><F109/><W126/><G126/><T125/><D107/><U80/><E127/><V115/><F115/><W22/><G131/><N who="2" m="50249" /><F86/><W13/><G70/><T49/><D125/><U58/><E134/><V42/><F28/><W60/><G104/><T120/><D120/><U111/><E111/><V130/><F35/><W9/><G6/><T96/><D113/><U47/><E72/><V71/><F67/><W121/><G39/><T110/><D110/><U32/><E32/><V11/><F130/><W84/><G121/><T76/><D78/><U44/><E80/><V85/><F85/><W91/><G60/><T103/><D49/><U77/><E77/><V15/><F2/><W34/><G34/><T33/><D76/><U92/><E92/><V27/><F27/><W89/><G54/><T36/><D36/><U105/><E105/><V7/><F8/><W81/><REACH who="3" step="1"/><G89/><REACH who="3" ten="193,393,261,143" step="2"/><T108/><D33/><U10/><E38/><V24/><F118/><W40/><G40/><T65/><D108/><U82/><E55/><V106/><F106/><W45/><G45/><T18/><D0/><AGARI ba="4,1" hai="0,5,9,13,17,22,81,84,90,91,95,99,112,114" machi="0" ten="30,2900,0" yaku="1,1,7,1,53,0" doraHai="37" doraHaiUra="53" who="3" fromWho="0" sc="193,-41,393,0,261,0,143,51" /><INIT seed="3,5,0,4,3,113" ten="152,393,261,194" oya="3" hai0="99,28,56,121,100,58,26,108,81,101,106,7,9" hai1="29,77,15,104,24,40,67,132,122,66,69,20,91" hai2="86,134,124,8,33,31,38,30,60,79,55,94,57" hai3="65,25,32,103,87,83,42,73,47,129,92,107,70"/><W89/><G129/><T116/><D121/><U0/><E104/><V112/><F112/><W131/><G131/><T18/><D108/><U133/><E0/><V95/><F38/><W117/><G70/><T44/><D18/><U75/><E122/><V53/><F134/><W50/><G65/><T14/><D101/><U98/><E69/><V21/><F33/><W5/><G5/><T97/><D97/><U78/><E40/><V19/><F8/><W43/><G32/><T2/><D2/><U16/><E91/><N who="2" m="53623" /><F79/><N who="1" m="30217" /><E75/><V46/><F95/><W80/><G73/><T35/><D81/><U110/><E98/><V85/><F85/><W61/><G103/><T34/><D34/><N who="1" m="20775" /><E110/><V51/><F124/><W123/><G107/><T126/><D126/><U4/><E4/><V37/><F37/><W120/><G87/><T135/><D135/><AGARI ba="5,0" hai="15,16,20,66,67,132,133,135" m="20775,30217" machi="135" ten="30,2000,0" yaku="20,1,54,1" doraHai="113" who="1" fromWho="0" sc="152,-35,393,35,261,0,194,0" /><INIT seed="4,0,0,1,5,8" ten="117,428,261,194" oya="0" hai0="9,93,47,120,37,107,121,15,59,40,51,23,76" hai1="26,53,25,16,56,63,119,110,62,113,94,58,102" hai2="111,80,103,27,28,132,31,130,89,123,117,49,84" hai3="35,18,69,5,90,10,4,85,70,19,11,45,42"/><T100/><D107/><U101/><E119/><V134/><F111/><W91/><G35/><T64/><D76/><U46/><E110/><V36/><F123/><W29/><G29/><T75/><D75/><U0/><E0/><V127/><F36/><W7/><G11/><T81/><D81/><U95/><E46/><V126/><F117/><W115/><G115/><T108/><D108/><U78/><E78/><V129/><F49/><W30/><G30/><N who="2" m="11305" /><F27/><W73/><G73/><T44/><D23/><U66/><E113/><V57/><F57/><W116/><G116/><T131/><D131/><N who="2" m="50186" /><F103/><N who="1" m="39433" /><E26/><V72/><F72/><W38/><G91/><T39/><D39/><U82/><E82/><V43/><F43/><W114/><G114/><T71/><D71/><U34/><E34/><V135/><AGARI ba="0,0" hai="80,84,89,126,127,132,134,135" m="50186,11305" machi="135" ten="40,8000,1" yaku="30,2,20,1,19,1" doraHai="8" who="2" fromWho="2" sc="117,-40,428,-20,261,80,194,-20" /><INIT seed="5,0,0,5,5,129" ten="77,408,341,174" oya="1" hai0="107,27,128,52,66,64,104,72,119,31,36,114,83" hai1="85,58,115,33,88,17,67,41,29,3,38,84,32" hai2="99,130,30,15,59,39,37,57,46,12,105,40,50" hai3="44,20,106,26,100,0,75,123,82,5,77,97,90"/><U23/><E3/><V18/><F130/><W13/><G123/><T8/><D119/><U34/><E115/><V19/><F30/><W51/><G0/><T10/><D36/><U28/><E85/><V96/><F105/><W55/><G5/><T68/><D114/><U79/><E79/><V45/><REACH who="2" step="1"/><F50/><REACH who="2" ten="77,408,331,174" step="2"/><W60/><G51/><T93/><D128/><U63/><E38/><V54/><F54/><W11/><G55/><T47/><D104/><U4/><E41/><AGARI ba="0,1" hai="12,15,18,19,37,39,40,41,45,46,57,59,96,99" machi="41" ten="25,8000,1" yaku="1,1,22,2,53,2" doraHai="129" doraHaiUra="43" who="2" fromWho="1" sc="77,0,408,-80,331,90,174,0" /><INIT seed="6,0,0,5,0,63" ten="77,328,421,174" oya="2" hai0="70,79,103,34,130,127,59,132,111,33,20,81,122" hai1="15,37,55,93,14,85,112,21,113,120,47,25,10" hai2="24,17,49,2,73,117,119,100,9,32,88,105,107" hai3="84,13,78,92,121,42,72,39,108,128,118,19,123"/><V109/><F109/><W64/><G118/><T96/><D122/><U46/><E120/><V124/><F73/><W45/><G108/><T114/><D111/><U97/><E85/><V74/><F74/><W89/><G128/><T26/><D70/><U56/><E37/><V28/><F124/><W54/><G72/><T68/><D68/><U98/><E47/><V90/><F49/><W5/><G78/><T40/><D130/><U8/><E46/><V1/><F1/><W6/><G5/><T61/><D40/><U104/><E104/><V18/><F18/><W115/><G6/><T0/><D0/><U16/><E15/><V50/><F50/><W110/><G110/><T53/><D114/><N who="1" m="44139" /><E14/><V102/><F105/><W65/><G115/><T57/><D132/><U76/><E76/><V86/><F90/><W94/><G54/><T35/><D127/><U29/><E29/><V75/><F75/><W30/><G30/><T133/><D133/><U69/><E69/><V7/><F17/><W134/><G134/><T23/><D79/><U3/><E97/><V22/><F32/><W11/><G123/><T101/><D81/><U126/><E3/><V82/><REACH who="2" step="1"/><F107/><REACH who="2" ten="77,328,411,174" step="2"/><W51/><G121/><T44/><D44/><U43/><E126/><V129/><F129/><W66/><G39/><T67/><D26/><U58/><E25/><V27/><F27/><W99/><G99/><T87/><D87/><U38/><E98/><V131/><F131/><W31/><G31/><T116/><D116/><AGARI ba="0,1" hai="2,7,9,22,24,28,82,86,88,100,102,116,117,119" machi="116" ten="40,3900,0" yaku="1,1,54,1,53,0" doraHai="63" doraHaiUra="36" who="2" fromWho="0" sc="77,-39,328,0,411,49,174,0" /><INIT seed="6,1,0,0,4,35" ten="38,328,460,174" oya="2" hai0="20,99,89,32,68,54,28,70,15,41,18,101,24" hai1="62,5,53,16,103,125,118,47,51,37,77,13,119" hai2="43,72,2,14,92,65,133,71,63,83,67,29,85" hai3="98,26,88,79,3,34,130,78,58,135,110,114,107"/><V132/><F2/><W73/><G110/><T86/><D41/><U64/><E125/><V45/><F67/><W7/><G130/><T87/><D87/><U12/><E103/><V48/><F29/><W126/><G73/><T100/><D100/><U56/><E5/><V55/><F72/><W105/><G7/><T50/><D99/><U93/><E93/><V66/><F66/><W96/><G3/><T42/><D42/><U23/><E77/><V116/><F116/><W39/><G39/><T31/><D31/><U120/><E120/><V11/><F92/><W57/><G26/><T30/><D30/><U38/><E38/><V91/><REACH who="2" step="1"/><F43/><REACH who="2" ten="38,328,450,174" step="2"/><W21/><G126/><T17/><D101/><U81/><E119/><V74/><F74/><W61/><G107/><T80/><REACH who="0" step="1"/><D18/><AGARI ba="1,1" hai="11,14,18,45,48,55,63,65,71,83,85,91,132,133" machi="18" ten="40,7700,0" yaku="1,1,25,2,53,0" doraHai="35" doraHaiUra="122" who="2" fromWho="0" sc="38,-80,328,0,450,90,174,0" owari="-42,-54.0,328,13.0,540,64.0,174,-23.0" /></mjloggm>