<mjloggm ver="2.3"><GO type="169" lobby="0"/><UN n0="%74%72%79%6C%6F%6F%74" n1="%E3%82%88%E3%81%97%E3%81%8E" n2="%E3%81%AC%E3%83%BC%E3%81%AC%E3%83%BC" n3="%E3%82%A6%E3%83%AB%E3%83%88%E3%83%A9%E7%AB%8B%E7%9B%B4" dan="16,18,16,18" rate="2141.52,2254.06,2033.31,2251.27" sx="M,M,F,M"/><TAIKYOKU oya="0"/><INIT seed="0,0,0,0,1,78" ten="250,250,250,250" oya="0" hai0="47,31,110,133,45,89,134,103,106,69,119,79,33" hai1="30,104,2,0,67,128,91,41,83,135,72,100,74" hai2="9,132,88,22,85,122,130,55,121,15,87,20,92" hai3="23,61,116,13,37,42,127,28,129,14,81,4,75"/><T97/><D119/><U58/><E135/><N who="0" m="51721" /><D69/><U38/><E128/><V90/><F132/><W29/><G116/><T76/><D110/><U26/><E41/><V86/><F130/><W50/><G37/><T115/><D115/><U35/><E38/><V94/><F86/><W3/><G3/><T66/><D66/><U64/><E72/><V109/><F109/><W65/><G75/><T10/><D10/><U7/><E7/><V123/><REACH who="2" step="1"/><F55/><REACH who="2" ten="250,250,240,250" step="2"/><W112/><G129/><T114/><D114/><U25/><E74/><V93/><F93/><W99/><G112/><T43/><D106/><U51/><E104/><V6/><AGARI ba="0,1" hai="6,9,15,20,22,85,87,88,90,92,94,121,122,123" machi="6" ten="30,12000,2" yaku="1,1,0,1,9,1,54,1,53,2" doraHai="78" doraHaiUra="17" who="2" fromWho="2" sc="250,-60,250,-30,240,130,250,-30" /><INIT seed="1,0,0,4,4,113" ten="190,220,370,220" oya="1" hai0="64,4,96,88,129,92,114,75,117,95,94,127,68" hai1="41,87,34,30,71,1,21,51,54,128,135,103,83" hai2="56,52,45,90,47,89,69,79,91,80,43,67,60" hai3="25,55,125,73,106,119,13,109,44,27,126,3,85"/><U0/><E135/><V19/><F19/><W110/><G73/><T98/><D114/><U101/><E71/><V130/><F130/><W18/><G106/><T74/><D4/><U104/><E128/><V32/><F32/><W16/><G3/><T5/><D5/><U66/><E66/><V123/><F123/><W12/><G85/><N who="0" m="52239" /><D68/><U49/><E34/><V63/><REACH who="2" step="1"/><F43/><REACH who="2" ten="190,220,360,220" step="2"/><W121/><G121/><T22/><D129/><U29/><E41/><V112/><F112/><W7/><G7/><T100/><D127/><U62/><E30/><V93/><F93/><W15/><G18/><T134/><D134/><U36/><E104/><V59/><F59/><W115/><G16/><T120/><D120/><U131/><E131/><V9/><F9/><W11/><G11/><T76/><D22/><U105/><E21/><V124/><F124/><W82/><G115/><T33/><D33/><U86/><E29/><V132/><F132/><W97/><G126/><T99/><D64/><U23/><E105/><V8/><F8/><W77/><G125/><T78/><D100/><U118/><E23/><V24/><F24/><W31/><G27/><T107/><D107/><U116/><E103/><V17/><F17/><W10/><G25/><T70/><D70/><U26/><E101/><V46/><F46/><W122/><G10/><T2/><D2/><U58/><E26/><V81/><F81/><W40/><G82/><N who="0" m="45335" /><D117/><N who="1" m="45163" /><E83/><AGARI ba="0,1" hai="75,78,83,94,95,96,98,99" m="45335,52239" machi="83" ten="30,12000,2" yaku="35,5,54,1" doraHai="113" who="0" fromWho="1" sc="190,130,220,-120,360,0,220,0" /><INIT seed="2,0,0,1,3,19" ten="320,100,360,220" oya="2" hai0="21,4,50,83,51,77,53,55,124,70,127,98,125" hai1="129,76,79,33,2,1,59,68,28,14,93,49,37" hai2="35,72,20,90,116,111,114,133,81,119,60,5,106" hai3="62,131,108,0,104,88,130,13,75,94,18,8,87"/><V22/><F106/><W43/><G75/><T46/><D70/><U12/><E37/><V24/><F114/><W126/><G104/><T67/><D67/><U9/><E68/><V66/><F133/><W65/><G108/><T78/><D4/><U17/><E129/><V89/><F111/><W96/><G126/><T134/><D134/><U58/><E93/><V54/><F54/><W123/><G123/><T85/><D98/><U113/><E113/><V63/><F5/><W57/><G0/><T29/><D29/><U25/><E59/><V69/><F119/><W23/><G43/><T41/><D21/><U47/><E58/><V115/><F115/><W91/><REACH who="3" step="1"/><G8/><REACH who="3" ten="320,100,360,210" step="2"/><T80/><REACH who="0" step="1"/><D50/><REACH who="0" ten="310,100,360,210" step="2"/><U105/><E1/><V32/><F116/><W31/><G31/><T128/><D128/><U3/><E2/><V73/><F35/><W95/><AGARI ba="0,2" hai="13,18,23,57,62,65,87,88,91,94,95,96,130,131" machi="95" ten="30,8000,1" yaku="1,1,0,1,52,1,54,1,53,1" doraHai="19" doraHaiUra="15" who="3" fromWho="3" sc="310,-20,100,-20,360,-40,210,100" /><INIT seed="3,0,0,4,5,0" ten="290,80,320,310" oya="3" hai0="38,57,92,60,25,61,29,66,22,81,49,51,113" hai1="123,133,117,52,13,64,130,94,58,101,39,42,102" hai2="20,62,7,80,1,4,79,111,11,19,70,89,37" hai3="17,5,108,107,88,56,2,21,33,8,132,14,95"/><W36/><G107/><T23/><D38/><U120/><E123/><V31/><F111/><W98/><G108/><T68/><D113/><U65/><E120/><V18/><F37/><W3/><G132/><T135/><D135/><U71/><E133/><V106/><F106/><W34/><G36/><T24/><D81/><U74/><E130/><V16/><F70/><W35/><REACH who="3" step="1"/><G56/><REACH who="3" ten="290,80,320,300" step="2"/><T83/><D68/><U54/><E58/><V128/><F128/><W78/><G78/><T116/><D57/><U75/><E39/><V28/><F79/><W6/><G6/><N who="2" m="2089" /><F1/><AGARI ba="0,1" hai="1,2,3,5,8,14,17,21,33,34,35,88,95,98" machi="1" ten="40,7700,0" yaku="1,1,52,1,54,1,53,0" doraHai="0" doraHaiUra="109" who="3" fromWho="2" sc="290,0,80,0,320,-77,300,87" /><INIT seed="3,1,0,1,5,38" ten="290,80,243,387" oya="3" hai0="76,26,128,18,12,44,11,125,14,102,24,89,77" hai1="17,134,28,84,5,62,21,6,8,83,35,54,4" hai2="74,117,29,135,130,110,96,95,49,121,30,51,22" hai3="87,106,132,90,52,63,129,50,36,69,114,81,107"/><W122/><G114/><T79/><D125/><U104/><E104/><V75/><F117/><W99/><G36/><T108/><D108/><U20/><E134/><V98/><F135/><W68/><G122/><T105/><D128/><U126/><E126/><V66/><F121/><W67/><G132/><T45/><D105/><U3/><E62/><V43/><F110/><W127/><G129/><T40/><D102/><U25/><E54/><V118/><F130/><W13/><G127/><T112/><D89/><U64/><E64/><V131/><F131/><W111/><G111/><T47/><D112/><U39/><E39/><V34/><F34/><W116/><G116/><T10/><REACH who="0" step="1"/><D40/><REACH who="0" ten="280,80,243,387" step="2"/><U103/><E103/><V91/><F43/><W65/><G106/><T33/><D33/><U94/><E94/><V113/><F118/><W2/><G107/><T120/><D120/><U119/><E119/><V56/><F113/><W73/><G90/><T124/><D124/><U1/><E1/><V97/><F91/><W93/><G2/><T32/><D32/><U48/><E35/><V46/><F95/><W7/><G93/><T133/><D133/><U123/><E123/><V42/><F42/><W85/><G81/><T101/><D101/><U80/><E80/><V72/><F22/><W60/><G69/><T58/><D58/><U78/><REACH who="1" step="1"/><E48/><REACH who="1" ten="280,70,243,387" step="2"/><V115/><F51/><W41/><G50/><T109/><D109/><U100/><E100/><V37/><F37/><W16/><G41/><T70/><D70/><U31/><E31/><V15/><F30/><W92/><G68/><T82/><D82/><RYUUKYOKU ba="1,2" sc="280,15,70,15,243,-15,387,-15" hai0="10,11,12,14,18,24,26,44,45,47,76,77,79" hai1="3,4,5,6,8,17,20,21,25,28,78,83,84" /><INIT seed="4,2,2,4,1,57" ten="295,85,228,372" oya="0" hai0="88,112,23,95,60,62,129,96,87,110,115,72,89" hai1="7,91,66,117,59,3,84,76,130,90,121,86,9" hai2="102,39,127,65,83,48,120,33,50,32,134,63,22" hai3="111,82,6,24,0,26,135,34,43,58,54,16,41"/><T38/><D72/><U13/><E121/><V18/><F39/><W14/><G111/><T31/><D110/><U40/><E117/><V133/><F120/><W126/><G126/><T27/><D38/><U114/><E130/><V128/><F102/><W101/><G135/><N who="2" m="51721" /><F83/><W118/><G118/><T78/><D78/><U61/><E114/><N who="0" m="43561" /><D129/><U123/><E123/><V69/><F128/><W100/><G0/><T2/><D2/><U11/><E40/><N who="3" m="15434" /><G34/><N who="2" m="13417" /><F127/><W70/><G70/><T19/><D31/><U92/><E76/><V73/><F73/><W15/><G82/><AGARI ba="2,2" hai="19,23,27,60,62,82,87,88,89,95,96" m="43561" machi="82" ten="30,11600,0" yaku="15,1,52,2,54,1" doraHai="57" who="0" fromWho="3" sc="295,142,85,0,228,0,372,-122" /><INIT seed="4,3,0,3,2,112" ten="437,85,228,250" oya="0" hai0="13,126,48,67,27,28,97,125,101,57,63,16,124" hai1="59,114,58,31,111,47,102,36,44,61,54,130,106" hai2="50,53,104,34,45,76,96,84,14,4,70,80,123" hai3="30,49,35,41,21,71,128,86,39,100,1,99,89"/><T113/><D113/><U38/><E114/><V11/><F70/><W118/><G1/><T95/><D48/><N who="1" m="31047" /><E31/><V29/><F123/><W127/><G39/><N who="1" m="14890" /><E102/><V20/><F34/><W135/><G71/><T10/><REACH who="0" step="1"/><D126/><REACH who="0" ten="427,85,228,250" step="2"/><U133/><E111/><V122/><F122/><W65/><G127/><T18/><D18/><U33/><E133/><V43/><F29/><W132/><G49/><T23/><AGARI ba="3,1" hai="10,13,16,23,27,28,57,63,67,95,97,101,124,125" machi="23" ten="30,12000,1" yaku="1,1,0,1,25,2,54,1,53,0" doraHai="112" doraHaiUra="72" who="0" fromWho="0" sc="427,139,85,-43,228,-43,250,-43" /><INIT seed="4,4,0,4,0,73" ten="566,42,185,207" oya="0" hai0="124,15,78,61,110,32,1,30,109,120,58,38,102" hai1="36,51,81,92,11,118,60,108,7,127,96,21,48" hai2="83,100,26,55,46,62,107,104,65,76,52,79,119" hai3="31,37,72,39,77,106,3,134,93,9,103,66,86"/><T5/><D120/><U69/><E108/><V130/><F104/><W25/><G66/><T64/><D1/><U0/><E118/><V115/><F119/><W2/><G86/><T82/><D124/><U97/><E127/><V12/><F115/><W135/><G93/><T14/><D38/><U17/><E36/><N who="3" m="13898" /><G9/><T94/><D94/><U33/><E33/><V70/><F130/><W111/><G111/><N who="0" m="42507" /><D102/><U8/><E8/><V87/><F107/><W59/><G59/><T99/><D99/><U49/><E92/><V57/><F100/><W91/><G91/><T71/><D71/><U98/><E81/><V114/><F114/><W75/><G2/><T122/><D122/><U117/><E117/><V89/><F70/><W132/><G3/><T112/><D5/><U131/><E131/><V19/><F26/><W23/><G103/><T105/><D105/><U90/><E90/><V88/><F89/><W10/><G106/><T35/><D112/><U29/><E29/><V22/><F46/><W53/><G132/><T68/><D68/><U47/><E69/><V4/><F4/><W24/><G31/><T34/><D30/><U42/><REACH who="1" step="1"/><E60/><REACH who="1" ten="566,32,185,207" step="2"/><V95/><F83/><N who="3" m="45479" /><G135/><T67/><D67/><U54/><E54/><AGARI ba="4,1" hai="12,19,22,52,54,55,57,62,65,76,79,87,88,95" machi="54" ten="40,8000,1" yaku="8,1,52,2,54,2" doraHai="73" who="2" fromWho="1" sc="566,0,32,-92,185,102,207,0" owari="566,66.0,-60,-56.0,287,9.0,207,-19.0" /></mjloggm>