<mjloggm ver="2.3"><GO type="169" lobby="0"/><UN n0="%E3%82%A6%E3%83%AB%E3%83%88%E3%83%A9%E7%AB%8B%E7%9B%B4" n1="%6E%6F%6E%6F%5F%30%30%33" n2="%67%6F%64%77%6F%6C%66" n3="%E5%85%AC%E5%8B%99%E5%93%A1%E3%81%8F%E3%82%93" dan="18,16,17,16" rate="2257.59,2074.26,2132.74,2107.29" sx="M,F,F,F"/><TAIKYOKU oya="0"/><INIT seed="0,0,0,2,4,4" ten="250,250,250,250" oya="0" hai0="97,121,35,36,104,87,113,90,110,103,98,130,73" hai1="76,47,44,28,131,74,61,56,135,99,51,20,14" hai2="72,18,129,106,112,0,124,125,38,12,65,50,1" hai3="25,39,68,48,133,26,2,9,32,13,93,5,52"/><T17/><D35/><U117/><E117/><V134/><F72/><W83/><G39/><T67/><D36/><U132/><E131/><V89/><F106/><W11/><G68/><T63/><D113/><U88/><E76/><V41/><F65/><W45/><G32/><T116/><D116/><U84/><E74/><V101/><F101/><W79/><G93/><T77/><D121/><U71/><E99/><V31/><F31/><W40/><G133/><N who="1" m="51274" /><E71/><V29/><F29/><W58/><G40/><T42/><D42/><U127/><E127/><N who="2" m="48715" /><F129/><W102/><G58/><T60/><D97/><U115/><E51/><V59/><F112/><W23/><G102/><T62/><D130/><U43/><E43/><V78/><F78/><W24/><G2/><T22/><D110/><U21/><E14/><V123/><F123/><W66/><G66/><T54/><D54/><N who="1" m="33943" /><E115/><V30/><F30/><W15/><G23/><N who="1" m="8778" /><E28/><V94/><F38/><W95/><G95/><AGARI ba="0,0" hai="44,47,84,88,95" m="8778,33943,51274" machi="95" ten="30,2000,0" yaku="20,1,54,1" doraHai="4" who="1" fromWho="3" sc="250,0,250,20,250,0,250,-20" /><INIT seed="1,0,0,3,0,9" ten="250,270,250,230" oya="1" hai0="93,21,31,30,1,104,124,52,70,62,135,84,54" hai1="17,10,26,43,6,116,82,130,58,76,37,102,36" hai2="23,5,32,98,101,119,48,100,106,35,38,8,64" hai3="111,105,66,96,131,15,128,46,34,83,59,117,110"/><U73/><E116/><V63/><F38/><W33/><G46/><T74/><D104/><U108/><E130/><N who="3" m="49706" /><G59/><T72/><D1/><U80/><E102/><V3/><F119/><W103/><G66/><T69/><D124/><U90/><E108/><N who="3" m="41514" /><G117/><T60/><D21/><U77/><E90/><V22/><F100/><W11/><G83/><T7/><D7/><AGARI ba="0,0" hai="7,11,15,33,34,96,103,105" m="41514,49706" machi="7" ten="30,3900,0" yaku="19,1,14,1,52,1" doraHai="9" who="3" fromWho="0" sc="250,-39,270,0,250,0,230,39" /><INIT seed="2,0,0,2,2,74" ten="211,270,250,269" oya="2" hai0="61,16,90,88,104,10,135,42,57,76,71,51,1" hai1="41,115,79,73,127,14,37,75,21,12,35,11,67" hai2="5,48,45,9,95,15,123,20,32,59,100,120,54" hai3="131,17,128,56,65,81,53,52,97,119,23,129,108"/><V60/><F32/><W47/><G119/><T72/><D104/><U133/><E35/><V3/><F3/><W83/><G108/><T122/><D122/><U134/><E115/><V77/><F20/><W93/><G65/><T7/><D135/><U96/><E127/><V114/><F114/><W13/><G47/><T85/><D72/><U4/><E67/><V124/><F124/><W8/><G8/><T25/><D71/><U31/><E96/><V117/><F117/><W29/><G29/><T18/><D51/><U80/><E73/><V82/><F95/><W63/><REACH who="3" step="1"/><G53/><REACH who="3" ten="211,270,250,259" step="2"/><T28/><D28/><U87/><E31/><V92/><F120/><W105/><G105/><T125/><D125/><U49/><E37/><V39/><F39/><W118/><G118/><T110/><D110/><U106/><E106/><V43/><F123/><W50/><G50/><T102/><D10/><U58/><E41/><V34/><F34/><W112/><G112/><T116/><D42/><U22/><E49/><V2/><F92/><W91/><AGARI ba="0,1" hai="13,17,23,52,56,63,81,83,91,93,97,128,129,131" machi="91" ten="30,7900,0" yaku="1,1,0,1,19,1,54,1,53,0" doraHai="74" doraHaiUra="107" who="3" fromWho="3" sc="211,-20,270,-20,250,-39,259,89" /><INIT seed="3,0,0,3,1,8" ten="191,250,211,348" oya="3" hai0="17,24,26,86,43,122,75,91,87,46,9,102,115" hai1="58,51,2,66,97,98,31,13,108,104,81,3,54" hai2="123,41,12,16,19,113,85,38,105,121,15,68,0" hai3="1,92,71,28,29,89,76,93,117,49,40,112,33"/><W14/><G1/><T90/><D75/><U125/><E108/><V103/><F68/><W61/><G33/><T52/><D102/><U35/><E125/><V56/><F0/><W5/><G76/><T74/><D74/><U70/><E81/><V60/><F113/><W101/><G112/><T67/><D67/><U34/><E34/><V106/><F85/><W4/><G61/><T45/><D115/><U10/><E35/><V82/><F82/><W78/><G71/><T116/><D116/><U27/><E70/><V88/><F88/><N who="0" m="33834" /><D122/><N who="2" m="46602" /><F41/><W44/><G78/><T118/><D118/><U128/><E128/><V32/><F32/><W25/><G117/><T37/><D37/><U30/><E66/><N who="2" m="39175" /><F38/><W39/><G39/><T100/><D43/><U62/><E62/><V69/><F69/><W129/><G129/><T7/><D100/><U6/><E104/><N who="2" m="40043" /><F103/><W57/><G101/><T134/><D87/><U107/><E107/><V73/><F73/><W18/><G93/><T99/><D86/><U135/><E2/><V94/><F94/><W127/><G127/><T96/><D99/><U84/><E3/><V109/><F109/><W21/><G92/><T119/><D96/><U47/><E84/><V59/><F59/><W95/><G57/><T114/><D114/><U126/><E126/><V133/><F133/><W72/><G72/><T83/><D134/><U22/><E135/><V131/><F131/><W20/><REACH who="3" step="1"/><G29/><REACH who="3" ten="191,250,211,338" step="2"/><N who="1" m="10762" /><E58/><V124/><F124/><W11/><G11/><T132/><D9/><U120/><E120/><V36/><F36/><W64/><G64/><T130/><D130/><RYUUKYOKU ba="0,1" sc="191,-30,250,10,211,10,338,10" hai1="6,10,13,22,27,47,51,54,97,98" hai2="12,15,16,19" hai3="4,5,14,18,20,21,25,28,40,44,49,89,95" /><INIT seed="3,1,1,0,0,85" ten="161,260,221,348" oya="3" hai0="86,21,106,10,104,56,125,102,90,8,28,1,34" hai1="114,84,3,119,91,9,135,123,99,88,77,36,24" hai2="57,60,67,75,94,79,126,124,69,0,110,31,19" hai3="98,97,78,15,16,52,41,18,133,50,63,61,105"/><W82/><G133/><T13/><D34/><U30/><E36/><V65/><F0/><W59/><G105/><T71/><D71/><U48/><E114/><V4/><F4/><W95/><G41/><T58/><D125/><U83/><E123/><V109/><F31/><W42/><G42/><T127/><D127/><N who="2" m="48682" /><F19/><W107/><G107/><T87/><D1/><U112/><E112/><V132/><F79/><W53/><G53/><T26/><D104/><U33/><E135/><V122/><F75/><W103/><G98/><T66/><D66/><U73/><E119/><V121/><F94/><W93/><G93/><T70/><D70/><U128/><E128/><V2/><F2/><W54/><G54/><T64/><D64/><U29/><E29/><V5/><F5/><W134/><G134/><T118/><D118/><U27/><E27/><V129/><F129/><W17/><REACH who="3" step="1"/><G15/><REACH who="3" ten="161,260,221,338" step="2"/><T96/><D13/><U108/><E99/><V92/><F92/><W7/><G7/><T68/><D96/><U11/><E3/><V46/><F132/><W55/><G55/><T80/><D106/><U23/><E48/><V37/><F122/><W32/><G32/><T113/><D113/><U14/><E33/><V35/><F35/><W130/><G130/><T111/><D80/><U89/><E14/><V44/><F121/><W81/><G81/><T45/><D111/><N who="2" m="42506" /><F37/><W38/><G38/><T62/><D26/><U120/><E108/><V51/><F51/><W20/><G20/><T39/><D21/><U12/><E120/><V47/><F69/><W22/><G22/><T72/><D39/><RYUUKYOKU ba="1,2" sc="161,-15,260,-15,221,15,338,15" hai2="44,46,47,57,60,65,67" hai3="16,17,18,50,52,59,61,63,78,82,95,97,103" /><INIT seed="3,2,2,2,5,107" ten="146,245,236,353" oya="3" hai0="65,2,67,50,91,89,21,73,114,82,9,37,103" hai1="108,46,116,13,43,48,94,101,27,105,19,64,97" hai2="110,17,12,52,56,133,123,109,83,28,115,76,96" hai3="16,14,62,32,23,57,119,7,86,68,26,20,51"/><W15/><G119/><T98/><D37/><U84/><E116/><V113/><F123/><W106/><G106/><T124/><D124/><U45/><E108/><N who="2" m="41579" /><F96/><W42/><G68/><T5/><D114/><U34/><E64/><V71/><F28/><W25/><G32/><T29/><D50/><U11/><E46/><V77/><F71/><W118/><G118/><T111/><D111/><U63/><E63/><N who="2" m="36231" /><F133/><W81/><G51/><T47/><D47/><U131/><E131/><V31/><F31/><N who="3" m="17831" /><G7/><T24/><D91/><U36/><E36/><V80/><F77/><N who="3" m="46383" /><G42/><T39/><D39/><U70/><E70/><V41/><F41/><W30/><G30/><T40/><D40/><U66/><E66/><AGARI ba="2,2" hai="14,15,16,23,26,57,62,66" m="46383,17831" machi="66" ten="30,2900,0" yaku="8,1,54,1" doraHai="107" who="3" fromWho="1" sc="146,0,245,-35,236,0,353,55" /><INIT seed="3,3,0,5,2,132" ten="146,210,236,408" oya="3" hai0="51,59,45,112,52,117,50,58,83,98,110,101,19" hai1="43,57,44,21,96,111,37,128,74,95,100,56,121" hai2="53,107,15,34,48,127,41,11,28,126,65,35,102" hai3="33,6,13,120,99,8,79,32,108,86,54,3,20"/><W80/><G120/><T62/><D117/><U90/><E74/><V66/><F102/><W123/><G123/><T87/><D110/><U71/><E121/><V4/><F107/><W77/><G108/><T26/><D112/><U129/><E71/><V47/><F28/><W84/><G99/><T40/><D26/><U70/><E70/><V82/><F82/><W22/><G54/><T81/><D19/><U118/><E118/><V16/><F4/><W36/><G36/><T31/><D31/><U114/><E114/><V10/><F10/><W12/><G3/><T72/><D72/><U88/><E111/><V42/><F65/><W135/><G135/><T106/><REACH who="0" step="1"/><D87/><REACH who="0" ten="136,210,236,408" step="2"/><U30/><E30/><V134/><F134/><W67/><G86/><T92/><D92/><U103/><E128/><V49/><F66/><AGARI ba="3,1" hai="40,45,50,51,52,58,59,62,66,81,83,98,101,106" machi="66" ten="30,3900,0" yaku="1,1,7,1,54,1,53,0" doraHai="132" doraHaiUra="64" who="0" fromWho="2" sc="136,58,210,0,236,-48,408,0" /><INIT seed="4,0,0,0,5,28" ten="194,210,188,408" oya="0" hai0="112,48,70,26,6,65,40,29,37,16,56,74,82" hai1="63,91,13,127,61,73,21,58,27,69,108,59,90" hai2="79,75,64,131,8,130,17,67,83,111,50,135,114" hai3="47,76,115,94,60,113,25,15,106,11,124,1,80"/><T9/><D112/><U66/><E108/><V7/><F114/><N who="3" m="43531" /><G106/><T78/><D70/><U31/><E73/><V5/><F5/><W62/><G124/><T35/><D48/><U44/><E127/><V53/><F17/><N who="3" m="8447" /><G94/><T126/><D126/><U92/><E44/><V38/><F38/><W2/><G25/><T54/><D54/><U134/><E134/><V102/><F102/><W86/><G47/><N who="0" m="23951" /><D56/><U97/><E69/><V107/><F107/><W46/><G46/><T88/><D65/><U57/><E66/><V71/><F71/><W22/><G22/><T125/><D125/><U96/><E13/><V24/><F24/><W103/><G103/><T95/><D16/><U109/><E109/><V0/><F111/><W72/><G86/><T128/><D128/><N who="2" m="49194" /><F135/><W32/><G62/><T77/><D95/><AGARI ba="0,0" hai="21,27,31,57,58,59,61,63,90,91,92,95,96,97" machi="95" ten="40,2600,0" yaku="9,1,8,1" doraHai="28" who="1" fromWho="0" sc="194,-26,210,26,188,0,408,0" /><INIT seed="5,0,0,5,3,81" ten="168,236,188,408" oya="1" hai0="17,68,76,29,134,49,104,87,110,13,102,130,116" hai1="21,95,58,22,37,35,55,27,105,84,127,89,112" hai2="30,47,43,18,6,121,44,86,1,26,63,62,33" hai3="120,34,80,73,111,56,106,103,124,119,83,40,82"/><U39/><E105/><V133/><F121/><W88/><G34/><T53/><D68/><U131/><E112/><V109/><F133/><W77/><G40/><T9/><D110/><U4/><E127/><V126/><F126/><W46/><G46/><T57/><D116/><U71/><E71/><V125/><F47/><W11/><G124/><T41/><D130/><U31/><E131/><V99/><F109/><W7/><G120/><T38/><D134/><U75/><E75/><V16/><F99/><N who="3" m="61823" /><G56/><T0/><D0/><U45/><E4/><V65/><F63/><W107/><G111/><T113/><D113/><U36/><REACH who="1" step="1"/><E45/><REACH who="1" ten="168,226,188,408" step="2"/><V32/><F6/><W90/><G107/><T42/><D104/><U19/><E19/><V122/><F16/><W115/><G115/><T98/><D17/><U101/><E101/><V74/><F18/><W15/><G119/><T117/><D102/><U91/><E91/><V48/><F44/><W2/><G90/><T108/><D117/><U5/><E5/><V54/><F74/><W94/><G2/><T10/><D108/><U61/><AGARI ba="0,1" hai="21,22,27,31,35,36,37,39,55,58,61,84,89,95" machi="61" ten="30,6000,0" yaku="1,1,0,1,52,1,53,0" doraHai="81" doraHaiUra="92" who="1" fromWho="1" sc="168,-20,226,70,188,-20,408,-20" /><INIT seed="5,1,0,3,2,27" ten="148,296,168,388" oya="1" hai0="114,31,0,25,26,95,89,12,92,104,112,118,100" hai1="64,56,14,110,55,40,76,13,93,99,8,124,11" hai2="108,42,125,117,34,49,113,28,83,103,53,91,102" hai3="10,134,68,127,46,66,82,72,62,109,73,2,133"/><U1/><E124/><V41/><F117/><W67/><G127/><T131/><D0/><U75/><E1/><V6/><F6/><N who="3" m="1367" /><G109/><T120/><D118/><U116/><E116/><V16/><F108/><W29/><G46/><T63/><D120/><U107/><E107/><V57/><F113/><N who="0" m="43626" /><D131/><U50/><E110/><V22/><F125/><W84/><G29/><T70/><D12/><U96/><E75/><V98/><F34/><W20/><G20/><N who="0" m="15783" /><D89/><U35/><E76/><V106/><F102/><W39/><G39/><T60/><D26/><U21/><E35/><V88/><F91/><N who="3" m="51607" /><G67/><N who="0" m="41319" /><D63/><U61/><E13/><V121/><F121/><W128/><G128/><T38/><D38/><U78/><E78/><V43/><F88/><W54/><G54/><T18/><D18/><N who="1" m="10455" /><E99/><AGARI ba="1,0" hai="92,95,99,100,104" m="41319,15783,43626" machi="99" ten="30,2000,0" yaku="15,1,52,1" doraHai="27" who="0" fromWho="1" sc="148,23,296,-23,168,0,388,0" /><INIT seed="6,0,0,2,4,108" ten="171,273,168,388" oya="2" hai0="9,64,122,102,113,60,58,31,94,42,73,74,84" hai1="43,16,128,44,125,59,38,121,86,95,28,46,50" hai2="89,37,2,40,35,61,32,77,49,109,19,33,27" hai3="54,36,48,127,120,3,65,10,34,115,18,100,117"/><V66/><F2/><W114/><G34/><T22/><D122/><U30/><E125/><V132/><F109/><W20/><G120/><T6/><D42/><U67/><E128/><V81/><F132/><W130/><G36/><T80/><D113/><N who="3" m="43017" /><G130/><T79/><D9/><U12/><E67/><V88/><F37/><W123/><G123/><T106/><D6/><U41/><E59/><V24/><F40/><W26/><G100/><T53/><D53/><U4/><E4/><V87/><F49/><W7/><G65/><T57/><D106/><U118/><E118/><V112/><F112/><W70/><G127/><T63/><D102/><U51/><E38/><V103/><F103/><W68/><G117/><T116/><D64/><U107/><E107/><V71/><REACH who="2" step="1"/><F19/><REACH who="2" ten="171,273,158,388" step="2"/><W14/><G3/><T45/><D116/><U82/><E121/><V13/><F13/><W98/><G98/><T62/><D62/><U90/><E12/><V0/><F0/><W97/><G97/><T111/><D63/><U52/><E16/><V11/><F11/><W75/><G75/><T126/><D60/><U119/><E119/><V129/><F129/><W83/><G48/><T99/><D74/><U124/><E124/><V133/><F133/><W78/><G14/><T72/><D73/><U110/><E110/><V96/><F96/><W47/><G10/><T5/><D72/><U92/><E41/><V131/><F131/><W85/><G7/><T134/><D5/><U55/><E43/><V1/><F1/><W101/><G101/><N who="0" m="60663" /><D111/><U135/><E135/><V39/><F39/><W105/><G105/><RYUUKYOKU ba="0,1" sc="171,-30,273,10,158,10,388,10" hai1="28,30,44,46,50,51,52,55,82,86,90,92,95" hai2="24,27,32,33,35,61,66,71,77,81,87,88,89" hai3="18,20,26,47,54,68,70,78,83,85" /><INIT seed="6,1,1,5,0,126" ten="141,283,168,398" oya="2" hai0="71,127,18,30,90,101,19,36,103,76,48,68,88" hai1="21,112,72,10,3,51,0,25,109,41,35,79,31" hai2="74,93,118,8,63,11,102,43,39,133,125,50,2" hai3="73,57,87,123,96,32,94,115,61,91,23,129,92"/><V107/><F118/><W113/><G32/><T59/><D36/><U128/><E109/><V42/><F133/><W89/><G73/><T106/><D106/><U98/><E112/><N who="3" m="43082" /><G23/><T100/><D127/><U69/><E69/><N who="0" m="26697" /><D48/><U83/><E128/><V14/><F107/><W117/><G129/><T49/><D49/><U55/><E41/><V33/><F33/><W121/><G117/><T131/><D76/><U135/><E135/><V26/><F74/><W52/><AGARI ba="1,1" hai="52,57,61,87,89,91,92,94,96,121,123" m="43082" machi="52" ten="30,4000,0" yaku="15,1,11,1,54,1" doraHai="126" who="3" fromWho="3" sc="141,-11,283,-11,168,-21,398,53" /><INIT seed="7,0,0,3,0,69" ten="130,272,147,451" oya="3" hai0="67,60,23,56,93,49,80,24,16,15,59,17,72" hai1="29,111,12,25,106,54,58,55,135,85,10,20,122" hai2="44,37,125,98,38,88,105,26,90,118,9,45,82" hai3="65,120,36,14,70,83,73,41,47,61,84,21,52"/><W0/><G0/><T75/><D80/><U86/><E135/><V89/><F118/><W81/><G73/><T35/><D93/><U13/><E106/><V6/><F82/><W3/><G3/><T50/><D35/><U97/><E122/><V2/><F125/><W110/><G110/><T43/><D50/><U71/><E71/><V22/><F98/><W123/><G81/><T33/><D33/><U46/><E13/><V4/><F4/><W34/><G34/><T87/><D87/><U5/><E46/><V62/><F105/><W131/><G131/><T116/><D116/><U19/><E111/><V121/><F121/><W30/><G52/><T115/><D115/><U63/><E97/><V92/><F92/><W66/><G66/><T99/><D99/><U114/><E114/><V77/><F77/><W8/><G21/><T134/><D134/><U129/><E129/><V27/><F62/><W127/><G30/><T40/><D40/><U64/><E29/><V95/><F95/><W132/><G132/><T53/><D43/><U68/><E54/><V94/><F94/><W112/><G127/><T117/><D117/><U126/><E126/><V108/><F108/><W48/><G48/><AGARI ba="0,0" hai="5,10,12,19,20,25,48,55,58,63,64,68,85,86" machi="48" ten="30,1000,0" yaku="7,1" doraHai="69" who="1" fromWho="3" sc="130,0,272,10,147,0,451,-10" owari="130,-37.0,282,8.0,147,-25.0,441,54.0" /></mjloggm>