<mjloggm ver="2.3"><GO type="169" lobby="0"/><UN n0="%E5%8C%97%E7%99%BD%E5%B7%9D%E3%81%82%E3%82%93%E3%81%93" n1="%E3%83%88%E3%83%88%E3%83%AA%E5%85%88%E7%94%9F%31%39%E6%AD%B3" n2="%6C%67%32%31" n3="%E3%81%BF%E3%83%BC%E3%82%8B" dan="17,18,16,16" rate="2127.49,2293.48,2119.96,2066.75" sx="F,F,M,F"/><TAIKYOKU oya="0"/><INIT seed="0,0,0,2,5,42" ten="250,250,250,250" oya="0" hai0="24,103,109,91,115,89,129,74,83,66,133,96,52" hai1="60,132,12,51,110,16,85,32,19,43,63,8,54" hai2="71,97,23,104,20,1,92,14,87,45,75,34,41" hai3="84,39,79,46,53,57,119,76,111,127,17,28,86"/><T33/><D115/><U6/><E32/><V82/><F1/><W77/><G119/><T3/><D3/><U67/><E110/><V7/><F34/><W50/><G111/><T100/><D109/><U37/><E132/><V70/><F104/><W118/><G118/><T98/><D66/><U78/><E37/><V5/><F75/><W31/><G127/><T131/><D133/><U130/><E130/><N who="0" m="49673" /><D24/><U15/><E43/><V62/><F62/><N who="3" m="36143" /><G39/><T95/><D33/><U106/><E106/><V55/><F55/><N who="3" m="30167" /><G17/><T123/><D52/><U93/><E67/><V58/><F71/><W26/><G26/><T56/><D56/><U128/><E128/><V36/><F58/><W21/><G21/><T38/><D38/><U120/><E120/><V59/><F59/><W2/><G2/><T4/><D4/><U22/><E6/><V13/><F70/><W117/><G117/><T61/><D61/><U80/><REACH who="1" step="1"/><E93/><REACH who="1" ten="250,240,250,250" step="2"/><V68/><F5/><W35/><G35/><T81/><D123/><U44/><AGARI ba="0,1" hai="8,12,15,16,19,22,44,51,54,60,63,78,80,85" machi="44" ten="20,16000,3" yaku="1,1,2,1,0,1,7,1,8,1,52,1,54,1,53,1" doraHai="42" doraHaiUra="47" who="1" fromWho="1" sc="250,-80,240,170,250,-40,250,-40" /><INIT seed="1,0,0,4,3,61" ten="170,410,210,210" oya="1" hai0="32,113,121,57,0,1,3,90,42,120,102,10,54" hai1="115,14,95,108,118,100,36,8,110,99,74,13,107" hai2="55,33,122,65,15,126,101,116,22,19,18,76,82" hai3="135,64,51,28,94,53,89,45,35,16,96,106,23"/><U71/><E115/><V97/><F116/><W77/><G135/><T66/><D113/><U31/><E118/><V27/><F122/><N who="0" m="47210" /><D102/><U4/><E36/><V72/><F126/><W93/><G106/><T114/><D114/><U7/><E74/><V63/><F55/><W39/><G39/><T70/><D42/><U111/><E71/><V9/><F33/><W119/><G119/><T30/><D10/><N who="1" m="4295" /><E31/><V73/><F73/><W12/><G77/><T103/><D103/><U91/><E91/><V37/><F37/><W78/><G78/><T129/><D90/><U48/><E48/><V41/><F41/><W83/><G83/><T87/><D87/><U92/><AGARI ba="0,0" hai="7,8,14,92,95,99,100,107,108,110,111" m="4295" machi="92" ten="40,3900,0" yaku="14,1,10,1" doraHai="61" who="1" fromWho="1" sc="170,-13,410,39,210,-13,210,-13" /><INIT seed="1,1,0,3,2,111" ten="157,449,197,197" oya="1" hai0="53,88,33,8,63,134,42,11,83,57,127,126,69" hai1="81,29,27,9,84,47,101,135,71,121,112,64,45" hai2="35,95,98,16,3,20,66,124,44,79,59,52,131" hai3="2,41,17,114,48,0,80,68,21,61,31,90,125"/><U19/><E121/><V24/><F3/><W1/><G31/><T23/><D33/><U128/><E128/><V4/><F131/><W39/><G39/><T26/><D134/><U75/><E75/><V99/><F124/><N who="0" m="47658" /><D42/><U117/><E117/><V109/><F109/><W91/><G125/><T100/><D100/><U30/><E112/><V12/><F66/><W85/><G114/><T25/><D69/><U46/><E135/><V130/><F130/><W65/><G41/><T103/><D103/><U43/><E43/><V110/><F110/><W102/><G102/><T18/><D26/><U118/><E118/><V132/><F132/><W87/><G48/><T62/><D62/><U10/><E101/><V56/><F79/><W122/><G122/><T115/><D115/><U129/><E129/><V93/><F44/><W105/><G105/><T49/><D49/><U6/><E64/><V106/><F106/><W22/><REACH who="3" step="1"/><G17/><REACH who="3" ten="157,449,197,187" step="2"/><T60/><D60/><U92/><E19/><V82/><F16/><W14/><G14/><T40/><D40/><U119/><E119/><V54/><F12/><W120/><G120/><T94/><D83/><AGARI ba="1,1" hai="0,1,2,21,22,61,65,68,80,83,85,87,90,91" machi="83" ten="40,8000,1" yaku="1,1,9,1,53,3" doraHai="111" doraHaiUra="34" who="3" fromWho="0" sc="157,-83,449,0,197,0,187,93" /><INIT seed="2,0,0,4,2,19" ten="74,449,197,280" oya="2" hai0="99,134,61,53,65,56,116,106,32,39,6,96,62" hai1="68,72,81,104,83,66,127,40,95,43,122,126,54" hai2="41,101,93,123,86,38,14,92,107,3,16,27,103" hai3="52,63,121,36,110,100,119,11,28,75,73,105,44"/><V76/><F123/><W7/><G121/><T91/><D134/><U51/><E104/><V49/><F38/><W78/><G119/><T29/><D116/><U1/><E1/><V22/><F3/><W135/><G135/><T0/><D39/><U67/><E122/><V30/><F107/><W9/><G110/><T24/><D6/><U77/><E95/><N who="2" m="36427" /><F76/><W5/><G36/><T59/><D0/><U115/><E115/><V82/><F41/><N who="1" m="15945" /><E68/><V117/><F49/><W109/><G109/><T34/><D34/><U10/><E10/><N who="2" m="6231" /><F117/><W60/><G28/><T111/><D111/><U98/><E83/><V87/><F82/><W113/><G113/><T120/><D120/><U31/><E31/><V47/><F47/><W37/><G37/><T58/><D106/><U118/><E98/><V45/><F45/><W12/><G78/><T57/><D57/><N who="1" m="32991" /><E118/><V25/><F25/><W15/><G44/><T84/><D58/><U108/><E108/><V48/><F48/><W33/><G33/><T13/><D96/><U17/><E17/><V42/><F42/><W35/><G35/><T80/><D99/><U97/><E97/><V132/><F132/><W26/><G105/><T50/><D50/><U4/><E4/><V131/><F131/><W128/><G128/><T18/><D18/><U20/><E81/><V70/><F70/><W23/><G100/><AGARI ba="0,0" hai="22,27,30,86,87,100,101,103" m="6231,36427" machi="100" ten="30,5800,0" yaku="8,1,52,1,54,1" doraHai="19" who="2" fromWho="3" sc="74,0,449,0,197,58,280,-58" /><INIT seed="2,1,0,1,3,28" ten="74,449,255,222" oya="2" hai0="20,9,82,123,124,78,68,0,66,12,39,73,111" hai1="1,50,54,102,99,134,4,19,117,89,75,38,113" hai2="48,129,128,104,55,98,69,67,103,120,76,23,14" hai3="74,60,42,43,8,24,133,36,59,53,81,110,106"/><V131/><F120/><W121/><G121/><T25/><D123/><U127/><E117/><V72/><F72/><W21/><G106/><T33/><D111/><U83/><E113/><V86/><F67/><W135/><G110/><T95/><D124/><U32/><E38/><V90/><F69/><W100/><G100/><T84/><D39/><U62/><E32/><V125/><F125/><W108/><G108/><T71/><D66/><U15/><E127/><V93/><F76/><N who="3" m="44183" /><G8/><T79/><D79/><U6/><E1/><V112/><F112/><W34/><G36/><T58/><D58/><U2/><E134/><N who="3" m="51210" /><G34/><T17/><D73/><U57/><E2/><V3/><F3/><W26/><G26/><T45/><D45/><N who="1" m="27983" /><E102/><V65/><F65/><W122/><G122/><T70/><D95/><N who="1" m="56815" /><E83/><V85/><F85/><W46/><G46/><T96/><D96/><U22/><E75/><V97/><F97/><W30/><AGARI ba="1,0" hai="21,24,30,42,43,53,59,60" m="51210,44183" machi="30" ten="30,1100,0" yaku="20,1" doraHai="28" who="3" fromWho="3" sc="74,-4,449,-4,255,-6,222,14" /><INIT seed="3,0,0,0,0,48" ten="70,445,249,236" oya="3" hai0="129,107,67,47,118,89,7,121,55,35,16,9,105" hai1="95,114,84,38,98,20,3,87,86,113,112,66,44" hai2="46,51,124,40,106,82,43,22,94,18,59,85,41" hai3="92,39,126,123,19,103,11,52,117,5,64,57,17"/><W29/><G123/><T61/><D118/><U80/><E3/><V130/><F106/><W31/><G117/><T37/><D121/><U104/><E66/><V30/><F30/><N who="3" m="11275" /><G39/><T60/><D35/><U53/><E20/><V116/><F116/><W1/><G1/><T70/><D129/><U78/><E53/><N who="2" m="32191" /><F130/><W27/><G126/><T21/><D89/><N who="1" m="55663" /><E44/><V97/><F124/><W25/><G64/><T135/><D135/><U68/><E68/><V0/><F0/><W96/><G5/><T75/><D75/><N who="1" m="43103" /><E38/><V109/><F109/><W36/><G36/><T63/><D63/><U24/><E24/><N who="3" m="9290" /><G11/><T50/><D61/><AGARI ba="0,0" hai="17,19,52,57,61,92,96,103" m="9290,11275" machi="61" ten="30,5800,0" yaku="8,1,52,1,54,1" doraHai="48" who="3" fromWho="0" sc="70,-58,445,0,249,0,236,58" /><INIT seed="3,1,0,3,3,128" ten="12,445,249,294" oya="3" hai0="23,80,39,134,132,79,83,51,104,47,89,98,25" hai1="58,32,59,31,10,18,57,15,126,133,76,20,60" hai2="62,22,65,7,127,90,33,71,6,5,54,75,69" hai3="119,46,28,102,14,108,67,77,1,40,92,78,87"/><W52/><G119/><T45/><D39/><U106/><E106/><V115/><F75/><W124/><G1/><T93/><D104/><U123/><E123/><V116/><F116/><W48/><G124/><T97/><D97/><U66/><E126/><V81/><F127/><W38/><G108/><T64/><D64/><U94/><E32/><V105/><F105/><W2/><G2/><T11/><D11/><U122/><E122/><V114/><F33/><W16/><G28/><T100/><D100/><U109/><E109/><V85/><F71/><W82/><G67/><T73/><D80/><U36/><E36/><V91/><F22/><W117/><G117/><T26/><D47/><U56/><E76/><V55/><REACH who="2" step="1"/><F90/><REACH who="2" ten="12,445,239,294" step="2"/><N who="3" m="51575" /><G38/><T84/><D73/><U9/><E20/><V43/><F43/><W129/><G129/><T101/><D89/><U53/><E66/><V30/><F30/><W61/><G102/><T42/><REACH who="0" step="1"/><D23/><REACH who="0" ten="2,445,239,294" step="2"/><U19/><E10/><V86/><F86/><W29/><G92/><T12/><D12/><U35/><E15/><V131/><F131/><W121/><G121/><T125/><D125/><U24/><E94/><V103/><F103/><W4/><G14/><T8/><D8/><U3/><E9/><V37/><F37/><W120/><G120/><T95/><D95/><U70/><E3/><V68/><F68/><W44/><G44/><T111/><D111/><U96/><E70/><V0/><F0/><W110/><G46/><T17/><D17/><N who="1" m="6155" /><E96/><V63/><F63/><W112/><G110/><T107/><D107/><U118/><E118/><V72/><F72/><RYUUKYOKU ba="1,2" sc="2,10,445,10,239,10,294,-30" hai0="25,26,42,45,51,79,83,84,93,98,101,132,134" hai1="24,31,35,53,56,57,58,59,60,133" hai2="5,6,7,54,55,62,65,69,81,85,91,114,115" /><INIT seed="4,2,2,1,1,74" ten="12,455,249,264" oya="0" hai0="65,24,42,101,116,63,27,66,10,29,23,34,124" hai1="109,3,93,132,127,84,96,55,64,19,53,40,47" hai2="91,92,82,22,31,102,2,77,41,100,13,33,51" hai3="11,57,115,126,45,14,75,133,71,58,80,117,0"/><T15/><D116/><U112/><E109/><V103/><F2/><W60/><G0/><T30/><D124/><U113/><E3/><V32/><F32/><W118/><G126/><T76/><D42/><U43/><E127/><V128/><F128/><W52/><G71/><T50/><D50/><N who="1" m="28895" /><E132/><V25/><F33/><W16/><G133/><T89/><D101/><N who="1" m="60559" /><E64/><V56/><F13/><W120/><G120/><T48/><D48/><U7/><E7/><V20/><F20/><W99/><G115/><N who="1" m="44106" /><E55/><N who="2" m="31871" /><F41/><W83/><G117/><T26/><D63/><U95/><E19/><V134/><F134/><W4/><G118/><T17/><D89/><AGARI ba="2,2" hai="40,43,84,89,95" m="44106,60559,28895" machi="89" ten="30,2000,0" yaku="15,1,11,1" doraHai="74" who="1" fromWho="0" sc="12,-26,455,46,249,0,264,0" owari="-14,-51.0,501,60.0,249,-15.0,264,6.0" /></mjloggm>