<mjloggm ver="2.3"><GO type="169" lobby="0"/><UN n0="%E3%81%94%E3%82%93%E3%81%96%E3%81%B6%E3%82%8D%E3%83%BC" n1="%E3%82%A6%E3%83%AB%E3%83%88%E3%83%A9%E7%AB%8B%E7%9B%B4" n2="%E3%83%AC%E3%83%90%E3%83%8B%E3%83%A9%E3%83%AC%E3%83%90" n3="%7A%6F%6F%31%39%36%34" dan="16,17,16,16" rate="2145.61,2135.95,2047.28,2103.61" sx="F,M,M,M"/><TAIKYOKU oya="0"/><INIT seed="0,0,0,0,1,107" ten="250,250,250,250" oya="0" hai0="9,65,56,16,91,38,67,44,5,73,95,82,106" hai1="64,24,6,121,66,59,70,123,21,72,0,20,74" hai2="51,69,80,79,113,13,133,42,93,129,1,132,23" hai3="103,39,118,14,84,45,54,11,81,127,7,116,29"/><T27/><D106/><U22/><E59/><V101/><F69/><W120/><G120/><N who="1" m="46154" /><E70/><V99/><F1/><W126/><G103/><T83/><D38/><U125/><E0/><V36/><F36/><W75/><G29/><T128/><D128/><U57/><E57/><V92/><F113/><W35/><G35/><T85/><D44/><U46/><E46/><V97/><F51/><W78/><G84/><T30/><D73/><N who="1" m="28267" /><E6/><V10/><F42/><N who="3" m="22751" /><G54/><T131/><D131/><U90/><E90/><N who="2" m="55447" /><F23/><W41/><G41/><T58/><D58/><U4/><E4/><V77/><F13/><W32/><G32/><T71/><D71/><U119/><E119/><V49/><F49/><W98/><G118/><T37/><D37/><U130/><E130/><V55/><F10/><W117/><G116/><T135/><D135/><N who="2" m="51786" /><F55/><W31/><G117/><T18/><D56/><U96/><E96/><V53/><F53/><W47/><G98/><T52/><D52/><U63/><E63/><V15/><F15/><W100/><G47/><T25/><D67/><N who="1" m="25643" /><E24/><V94/><F129/><W102/><G7/><T108/><D65/><U12/><E12/><V3/><F3/><W2/><G2/><T40/><D40/><U87/><E87/><N who="2" m="48527" /><F79/><W122/><G78/><T110/><D5/><U62/><E62/><V114/><F94/><W17/><G122/><T43/><D43/><U19/><E19/><N who="0" m="7209" /><D9/><U105/><E105/><V48/><F48/><W26/><G11/><T89/><D25/><U68/><E68/><V34/><F34/><W28/><G26/><T112/><D112/><U33/><E33/><RYUUKYOKU ba="0,0" sc="250,-15,250,15,250,15,250,-15" hai1="20,21,22,125" hai2="93,99,101,114" /><INIT seed="1,1,0,4,5,43" ten="235,265,265,235" oya="1" hai0="102,129,110,70,86,96,31,116,40,35,108,125,41" hai1="123,64,68,49,109,94,65,80,47,25,92,99,95" hai2="84,38,75,127,135,30,26,51,55,134,63,111,74" hai3="16,117,18,8,100,115,103,83,1,7,60,69,107"/><U104/><E123/><V120/><F38/><W98/><G115/><T34/><D70/><U79/><E109/><N who="0" m="42089" /><D116/><U82/><E68/><V112/><F111/><W62/><G117/><T54/><D129/><U91/><E25/><V20/><F112/><W131/><G131/><T67/><D125/><U21/><E21/><V132/><F127/><W23/><G103/><T122/><D67/><U77/><E91/><V106/><F106/><W5/><G5/><T114/><D114/><U61/><E99/><V124/><F63/><W89/><G69/><T71/><D71/><U28/><E28/><V50/><F124/><W4/><G4/><T113/><D122/><U88/><E104/><V85/><F120/><W10/><G10/><T3/><D3/><U97/><E94/><V27/><F27/><W9/><G9/><T17/><D17/><U42/><E95/><V29/><F29/><W56/><G18/><T101/><D101/><U126/><E126/><V14/><F14/><W33/><G33/><T118/><D118/><U53/><E65/><V73/><F55/><W0/><G0/><T19/><D19/><U78/><E64/><V37/><F37/><W128/><G128/><T76/><D54/><U130/><E130/><V32/><F32/><N who="0" m="12330" /><D31/><U87/><E97/><V133/><N who="2" m="34304" /><DORA hai="105" /><V12/><F12/><W90/><G1/><T59/><D113/><U81/><E53/><V45/><F45/><W36/><G23/><T39/><D39/><U72/><E61/><V15/><F15/><W93/><G62/><T121/><D121/><U22/><E22/><V2/><F2/><RYUUKYOKU ba="1,0" sc="235,-15,265,15,265,15,235,-15" hai1="42,47,49,72,77,78,79,80,81,82,87,88,92" hai2="20,26,30,50,51,73,74,75,84,85" /><INIT seed="1,2,0,2,4,1" ten="220,280,280,220" oya="1" hai0="91,25,14,67,20,22,77,75,64,99,38,61,66" hai1="33,112,40,107,128,65,68,102,124,56,23,133,113" hai2="19,43,21,121,59,15,122,125,108,52,30,81,63" hai3="83,117,72,17,7,93,48,92,62,123,89,5,53"/><U6/><E23/><V103/><F108/><W84/><G123/><T104/><D38/><U135/><E33/><V58/><F125/><W55/><G117/><T132/><D132/><N who="1" m="50763" /><E107/><V28/><F43/><W86/><G72/><T98/><D104/><U8/><E102/><V87/><F103/><W45/><G17/><N who="0" m="10295" /><D75/><U54/><E40/><V127/><F127/><W51/><G62/><T118/><D118/><U57/><E124/><V39/><F39/><W96/><G86/><T0/><D0/><N who="1" m="71" /><E128/><V76/><REACH who="2" step="1"/><F59/><REACH who="2" ten="220,280,270,220" step="2"/><N who="3" m="33191" /><G93/><N who="0" m="56639" /><D99/><U71/><E57/><V37/><F37/><W90/><AGARI ba="2,1" hai="5,7,45,51,55,83,84,89,90,92,96" m="33191" machi="90" ten="30,4000,0" yaku="8,1,52,2" doraHai="1" who="3" fromWho="3" sc="220,-12,280,-22,270,-12,220,56" /><INIT seed="2,0,0,2,0,23" ten="208,258,258,276" oya="2" hai0="71,70,60,26,40,91,5,132,62,46,76,64,92" hai1="6,114,36,27,7,28,83,129,59,58,84,116,47" hai2="17,20,73,56,124,29,120,63,53,104,65,96,127" hai3="30,25,119,135,38,89,50,37,100,79,102,19,115"/><V80/><F120/><W48/><G119/><T99/><D132/><U13/><E114/><V69/><F73/><W44/><G79/><T11/><D76/><U52/><E116/><V57/><F69/><W98/><G135/><T85/><D62/><U3/><E3/><V21/><F21/><W109/><G109/><T61/><D61/><U87/><E129/><V43/><F43/><W90/><G19/><T75/><D75/><U133/><E133/><V105/><F80/><W81/><G115/><T95/><D60/><U67/><E67/><V101/><F29/><W31/><G98/><T74/><D74/><U72/><E72/><V66/><F104/><W1/><G44/><T51/><D64/><U112/><E112/><V33/><F33/><W35/><G81/><T78/><D26/><U34/><E87/><V42/><F42/><W118/><G1/><T39/><D39/><U14/><E47/><V131/><F131/><W103/><G103/><T18/><D18/><U122/><E36/><V12/><REACH who="2" step="1"/><F66/><REACH who="2" ten="208,258,248,276" step="2"/><W54/><G118/><T134/><D134/><U16/><E34/><V117/><F117/><W97/><G35/><T125/><D71/><U0/><E28/><V2/><F2/><W88/><G31/><T41/><D70/><U77/><E0/><V113/><F113/><W126/><G30/><T93/><D93/><U107/><E107/><V8/><F8/><W24/><G38/><T55/><D95/><U82/><E122/><V32/><F32/><W110/><G37/><T10/><D10/><U45/><E82/><V128/><F128/><W15/><G110/><RYUUKYOKU ba="0,1" sc="208,-10,258,-10,248,30,276,-10" hai2="12,17,20,53,56,57,63,65,96,101,105,124,127" /><INIT seed="2,1,1,5,0,40" ten="198,248,278,266" oya="2" hai0="110,41,23,27,59,45,108,58,75,30,52,131,77" hai1="65,114,90,83,25,119,109,102,19,89,120,129,66" hai2="80,12,64,82,36,29,31,61,98,21,4,94,57" hai3="34,51,56,115,7,113,50,11,46,55,103,33,67"/><V10/><F36/><W26/><G103/><T15/><D131/><U5/><E114/><N who="3" m="43530" /><G26/><T8/><D77/><U72/><E72/><V84/><F21/><W126/><G126/><T122/><D75/><U127/><E119/><V78/><REACH who="2" step="1"/><F82/><REACH who="2" ten="198,248,268,266" step="2"/><W49/><G33/><T9/><D122/><U71/><E83/><V116/><F116/><W134/><G34/><T99/><D110/><U17/><E109/><V3/><F3/><N who="3" m="511" /><G134/><T16/><D108/><U128/><E120/><V54/><F54/><W88/><G67/><T100/><D52/><U135/><E65/><V111/><F111/><W124/><G124/><T73/><D73/><U121/><E66/><V97/><F97/><W37/><G37/><T39/><REACH who="0" step="1"/><D9/><REACH who="0" ten="188,248,268,266" step="2"/><U48/><E127/><V6/><F6/><W14/><G55/><T92/><AGARI ba="1,3" hai="8,15,16,23,27,30,39,41,45,58,59,92,99,100" machi="92" ten="20,12000,2" yaku="1,1,2,1,0,1,7,1,52,1,54,1,53,0" doraHai="40" doraHaiUra="123" who="0" fromWho="0" sc="188,153,248,-31,268,-61,266,-31" /><INIT seed="3,0,0,0,3,55" ten="341,217,207,235" oya="3" hai0="76,19,110,3,85,16,67,135,65,2,15,44,37" hai1="8,78,40,63,116,89,94,58,108,10,39,31,75" hai2="115,53,70,25,64,87,106,43,134,13,95,129,56" hai3="121,71,74,82,93,79,119,123,105,20,81,107,1"/><W26/><G71/><T14/><D110/><U47/><E108/><V18/><F106/><N who="3" m="40459" /><G1/><T23/><D135/><U96/><E116/><V57/><F115/><W99/><G26/><T125/><D125/><U52/><REACH who="1" step="1"/><E31/><REACH who="1" ten="341,207,207,235" step="2"/><V46/><F134/><W133/><G119/><T101/><D2/><U5/><E5/><V54/><F129/><W17/><G133/><T113/><D3/><U60/><E60/><V132/><F132/><W61/><G61/><T21/><D113/><U127/><E127/><V97/><F70/><W92/><G17/><T24/><D24/><U126/><E126/><V112/><F112/><W102/><G20/><T80/><D101/><U11/><E11/><V22/><F25/><W50/><G50/><T49/><D37/><U68/><E68/><V100/><F22/><W51/><G51/><T29/><D29/><U130/><E130/><V88/><F18/><W124/><G124/><T28/><D28/><U27/><E27/><V90/><F13/><W6/><G6/><T128/><D128/><U9/><E9/><V72/><F64/><W131/><G131/><T48/><D48/><U66/><E66/><V32/><F32/><W109/><G109/><T103/><D103/><U0/><E0/><V117/><F117/><W83/><G93/><T30/><D30/><U59/><E59/><N who="2" m="22603" /><F100/><W41/><G123/><T35/><D35/><U33/><E33/><V111/><F111/><W42/><G121/><T120/><D120/><U118/><E118/><V34/><F34/><W62/><G62/><T84/><D23/><U45/><E45/><V86/><F46/><RYUUKYOKU ba="0,1" sc="341,-15,207,15,207,-15,235,15" hai1="8,10,39,40,47,52,58,63,75,78,89,94,96" hai3="41,42,74,79,81,82,83,92,99,102" /><INIT seed="3,1,1,2,0,85" ten="326,222,192,250" oya="3" hai0="98,82,65,50,116,132,94,61,123,71,68,63,26" hai1="27,113,38,40,128,84,119,51,42,64,75,3,124" hai2="19,109,99,108,9,77,103,67,22,58,20,1,2" hai3="107,12,73,80,21,44,18,6,102,118,32,81,74"/><W110/><G32/><T36/><D36/><U127/><E75/><V120/><F120/><W106/><G118/><T17/><D116/><U45/><E3/><V78/><F22/><W62/><G110/><N who="2" m="42601" /><F9/><W29/><G29/><T46/><D123/><U41/><E119/><V15/><F67/><W83/><G44/><T97/><D132/><U122/><E122/><V52/><F1/><W56/><G6/><T30/><D17/><U79/><E113/><V87/><F2/><W111/><G111/><T69/><D82/><N who="1" m="47199" /><E38/><V125/><F87/><W101/><G74/><T48/><D98/><U117/><E117/><V7/><F7/><W57/><G73/><T134/><D134/><U114/><E114/><V11/><F11/><W100/><REACH who="3" step="1"/><G57/><REACH who="3" ten="326,222,192,240" step="2"/><T53/><D68/><U5/><E5/><V121/><F121/><W104/><G104/><T88/><D71/><U25/><E45/><V28/><F28/><W76/><G76/><T93/><D69/><U43/><E42/><V10/><F125/><W135/><G135/><T70/><D70/><U96/><E41/><V66/><F78/><W4/><G4/><T49/><D46/><U39/><E43/><V33/><F77/><W129/><G129/><T115/><D115/><U34/><E128/><V60/><F33/><W105/><G105/><T23/><D30/><U86/><E34/><V95/><F20/><W92/><G92/><T47/><D94/><U24/><E127/><V14/><F14/><W112/><G112/><T8/><D23/><U35/><E124/><V16/><F19/><W13/><G13/><T55/><D47/><RYUUKYOKU ba="1,2" sc="326,-15,222,-15,192,15,240,15" hai2="10,15,16,52,58,60,66,95,99,103" hai3="12,18,21,56,62,80,81,83,100,101,102,106,107" /><INIT seed="3,2,2,4,0,61" ten="311,207,207,255" oya="3" hai0="124,20,46,25,131,107,14,18,103,111,53,121,100" hai1="99,84,101,54,10,12,39,90,125,95,48,31,118" hai2="45,69,120,104,27,13,93,42,30,83,116,24,114" hai3="52,75,63,50,82,35,92,60,41,43,38,57,78"/><W87/><G35/><T59/><D121/><U102/><E39/><V1/><F104/><W36/><G36/><T62/><D111/><U135/><E125/><V85/><F1/><W8/><G38/><T115/><D124/><U91/><E135/><V51/><F120/><W66/><G63/><T129/><D115/><U58/><E31/><V70/><F114/><W98/><G8/><T21/><D46/><U5/><REACH who="1" step="1"/><E118/><REACH who="1" ten="311,197,207,255" step="2"/><V96/><F116/><W68/><REACH who="3" step="1"/><G75/><REACH who="3" ten="311,197,207,245" step="2"/><T112/><D112/><U109/><E109/><V105/><F30/><W26/><G26/><T108/><D108/><U40/><E40/><V133/><F24/><W4/><G4/><T17/><D25/><U94/><AGARI ba="2,4" hai="5,10,12,48,54,58,84,90,91,94,95,99,101,102" machi="94" ten="20,5200,0" yaku="1,1,0,1,7,1,8,1,53,0" doraHai="61" doraHaiUra="119" who="1" fromWho="1" sc="311,-15,197,98,207,-15,245,-28" /><INIT seed="4,0,0,5,3,39" ten="296,295,192,217" oya="0" hai0="67,48,87,52,84,132,20,58,22,46,106,75,31" hai1="112,47,119,15,115,123,32,11,110,105,29,121,111" hai2="133,24,16,134,113,120,114,5,62,60,64,9,38" hai3="53,13,19,25,94,108,50,92,128,72,27,49,131"/><T79/><D106/><U76/><E76/><V102/><F38/><W54/><G72/><T65/><D132/><N who="2" m="50794" /><F120/><N who="1" m="46153" /><E47/><V103/><F24/><N who="3" m="9291" /><G13/><T26/><D75/><U59/><E59/><N who="2" m="36895" /><F62/><W1/><G19/><T56/><D79/><U18/><E105/><V118/><F118/><W73/><G73/><T40/><D22/><U99/><E99/><V107/><F107/><W104/><G104/><T82/><D58/><U85/><E85/><N who="0" m="32841" /><D82/><U42/><E29/><V89/><F89/><W124/><G1/><T135/><D135/><U83/><E83/><V122/><F122/><W129/><G108/><N who="1" m="41514" /><E32/><V12/><F5/><W74/><G74/><T70/><D70/><U23/><E23/><V63/><F63/><AGARI ba="0,0" hai="20,26,31,40,46,48,52,56,63,65,67" m="32841" machi="63" ten="30,5800,0" yaku="8,1,52,1,54,1" doraHai="39" who="0" fromWho="2" sc="296,58,295,0,192,-58,217,0" /><INIT seed="4,1,0,0,5,13" ten="354,295,134,217" oya="0" hai0="44,26,83,53,116,19,35,11,103,128,115,25,118" hai1="113,3,47,73,4,114,24,105,20,21,22,101,71" hai2="29,120,15,75,2,69,133,70,112,135,42,64,60" hai3="92,134,32,68,96,45,27,61,111,86,18,80,129"/><T14/><D103/><U77/><E71/><V39/><F120/><W126/><G111/><T59/><D128/><U67/><E67/><V90/><F112/><N who="1" m="43113" /><E47/><V38/><F2/><W37/><G126/><T110/><D110/><U107/><E101/><V121/><F75/><W0/><G0/><T8/><D115/><U10/><E77/><V99/><F29/><W108/><G134/><N who="2" m="51209" /><F90/><W106/><G106/><N who="1" m="40458" /><E73/><V81/><F99/><W84/><G129/><T117/><D44/><U33/><E33/><V65/><F81/><W50/><G32/><T94/><D35/><U132/><E132/><V49/><F15/><W54/><G37/><N who="2" m="13833" /><F121/><W78/><G108/><T56/><D83/><U95/><E95/><V48/><F42/><W76/><G76/><T41/><D41/><U100/><E100/><V55/><F55/><W23/><G86/><T31/><D94/><U17/><AGARI ba="1,0" hai="3,4,10,17,20,21,22,24" m="40458,43113" machi="17" ten="30,4000,0" yaku="15,1,11,1,52,1" doraHai="13" who="1" fromWho="1" sc="354,-21,295,43,134,-11,217,-11" /><INIT seed="5,0,0,0,1,13" ten="333,338,123,206" oya="1" hai0="127,45,107,123,93,49,112,28,111,117,10,69,52" hai1="85,4,31,95,96,38,130,60,121,106,23,88,16" hai2="113,1,43,133,37,70,126,57,58,105,51,53,47" hai3="131,103,64,82,56,104,66,109,135,33,15,54,17"/><U78/><E38/><V97/><F1/><W14/><G109/><T75/><D75/><U76/><E121/><V118/><F105/><W44/><G135/><T79/><D112/><U80/><E106/><V46/><F97/><W42/><G33/><T25/><D111/><U62/><E31/><V9/><F9/><W77/><G14/><T18/><D117/><U11/><E78/><V89/><F89/><W116/><G131/><T2/><D69/><U26/><E130/><V21/><F21/><W34/><G34/><T83/><D127/><U59/><E59/><N who="2" m="22539" /><F118/><W87/><G103/><T134/><D134/><U91/><E91/><V110/><F110/><W30/><G30/><T55/><D107/><U24/><E24/><V124/><F133/><W36/><G104/><T68/><D68/><U6/><E6/><V119/><F119/><W72/><G72/><T90/><D2/><AGARI ba="0,0" hai="2,4,11,16,23,26,60,62,76,80,85,88,95,96" machi="2" ten="30,11600,0" yaku="7,1,52,1,54,2" doraHai="13" who="1" fromWho="0" sc="333,-116,338,116,123,0,206,0" /><INIT seed="5,1,0,4,0,107" ten="217,454,123,206" oya="1" hai0="10,86,21,95,78,49,79,134,58,61,71,124,62" hai1="20,72,47,2,36,0,75,44,105,83,103,80,99" hai2="35,127,94,123,74,46,29,42,22,112,24,60,25" hai3="32,56,115,91,93,110,53,64,69,132,131,63,48"/><U102/><E20/><V34/><F123/><W90/><G110/><T51/><D134/><U81/><E99/><V19/><F127/><W119/><G32/><T106/><D106/><U40/><E105/><V114/><F60/><W130/><G132/><T92/><D21/><U52/><E52/><V113/><F94/><W54/><G115/><N who="2" m="29441" /><V57/><DORA hai="18" /><F57/><W111/><G111/><T45/><D10/><U30/><E30/><V8/><F8/><W118/><G91/><T4/><D4/><U101/><REACH who="1" step="1"/><E44/><REACH who="1" ten="217,444,123,206" step="2"/><V17/><F17/><W12/><G54/><T89/><D45/><U117/><E117/><V96/><F96/><N who="3" m="57399" /><G119/><T16/><D16/><U109/><E109/><V85/><F35/><W37/><G118/><T23/><D23/><U38/><E38/><N who="2" m="21847" /><F85/><W70/><G37/><T31/><D86/><U39/><E39/><V135/><F135/><W7/><G64/><T87/><D87/><U14/><E14/><V67/><F67/><W104/><G104/><T126/><D31/><U55/><E55/><V13/><F13/><W128/><G63/><T97/><D97/><U108/><E108/><V133/><F133/><W15/><G12/><T3/><D92/><U27/><E27/><V41/><F41/><W73/><G15/><T122/><D95/><U76/><E76/><V68/><F68/><N who="3" m="26219" /><G7/><T129/><D71/><U50/><E50/><V82/><F82/><W6/><G6/><T84/><D78/><U98/><E98/><V121/><F121/><W100/><G100/><T120/><D120/><U88/><E88/><V1/><F1/><AGARI ba="1,1" hai="0,1,2,36,40,47,72,75,80,81,83,101,102,103" machi="1" ten="50,12000,1" yaku="1,1,52,2,53,1" doraHai="107,18" doraHaiUra="43,66" who="1" fromWho="2" sc="217,0,444,133,123,-123,206,0" /><INIT seed="5,2,0,3,5,41" ten="217,577,0,206" oya="1" hai0="22,105,128,117,127,29,76,62,60,20,86,71,89" hai1="85,87,78,84,97,54,88,34,120,56,12,59,83" hai2="3,2,91,33,111,77,75,27,0,96,80,44,57" hai3="114,14,121,134,116,63,11,90,5,94,125,39,38"/><U65/><E34/><V81/><F111/><W6/><G121/><T107/><D117/><U101/><E120/><V53/><F33/><W18/><G116/><T106/><D128/><U48/><E12/><V32/><F32/><W64/><G114/><T132/><D132/><U100/><E87/><V110/><F27/><W31/><G31/><T42/><D127/><U115/><E115/><V99/><F110/><W73/><G73/><T9/><D76/><U126/><E126/><V30/><F30/><W47/><G125/><T21/><D71/><U46/><E65/><V130/><F130/><W119/><G134/><T92/><D29/><U58/><E97/><V108/><F108/><W26/><G119/><T98/><D42/><U79/><E79/><V36/><F99/><W15/><G26/><T25/><D25/><U24/><E24/><V35/><F35/><W1/><G1/><T72/><D72/><U8/><E8/><V122/><F122/><W43/><G39/><T7/><D86/><U95/><AGARI ba="2,0" hai="46,48,54,56,58,59,78,83,84,85,88,95,100,101" machi="95" ten="30,11700,0" yaku="0,1,8,1,52,1,54,1" doraHai="41" who="1" fromWho="1" sc="217,-41,577,123,0,-41,206,-41" owari="176,-2.0,700,79.0,-41,-54.0,165,-23.0" /></mjloggm>