<mjloggm ver="2.3"><GO type="169" lobby="0"/><UN n0="%E3%81%9F%E3%82%93%E3%82%86%E3%81%86" n1="%E3%83%88%E3%83%88%E3%83%AA%E5%85%88%E7%94%9F%31%39%E6%AD%B3" n2="%E3%81%BE%E3%81%81%E3%83%BC" n3="%63%72%69%74%74%65%72" dan="16,19,16,16" rate="2113.41,2314.66,2105.65,2129.09" sx="F,F,M,M"/><TAIKYOKU oya="0"/><INIT seed="0,0,0,1,4,116" ten="250,250,250,250" oya="0" hai0="42,107,0,86,102,44,79,39,98,100,20,4,40" hai1="76,96,11,21,75,24,80,12,94,78,68,103,52" hai2="13,31,133,93,59,33,72,5,30,87,77,61,95" hai3="117,63,130,83,89,51,27,132,25,114,106,50,29"/><T58/><D42/><U65/><E68/><V125/><F72/><W92/><G114/><T119/><D119/><U53/><E65/><V57/><F125/><W131/><G117/><T37/><D102/><U10/><E76/><V111/><F133/><W101/><G132/><T56/><D39/><U36/><E36/><V46/><F33/><W45/><G83/><T71/><D71/><U19/><REACH who="1" step="1"/><E10/><REACH who="1" ten="250,240,250,250" step="2"/><N who="2" m="4303" /><F111/><W28/><G130/><T64/><D64/><U55/><E55/><V122/><F77/><W32/><G131/><T74/><D79/><U112/><E112/><V67/><F67/><W113/><G113/><T18/><D37/><U38/><E38/><V88/><F61/><W3/><G63/><T62/><D62/><U70/><E70/><V41/><F41/><W108/><G108/><T126/><D40/><U54/><E54/><V97/><F46/><W91/><G45/><T1/><D44/><U82/><E82/><V90/><F122/><W128/><G128/><T104/><D126/><U84/><E84/><V134/><F134/><W6/><G50/><T9/><D86/><U115/><E115/><V135/><F135/><W47/><G51/><T48/><D48/><U7/><AGARI ba="0,1" hai="7,11,12,19,21,24,52,53,75,78,80,94,96,103" machi="7" ten="20,5200,0" yaku="1,1,0,1,7,1,54,1,53,0" doraHai="116" doraHaiUra="26" who="1" fromWho="1" sc="250,-26,240,62,250,-13,250,-13" /><INIT seed="1,0,0,2,4,112" ten="224,302,237,237" oya="1" hai0="122,22,85,76,56,62,45,96,71,1,78,20,11" hai1="41,49,65,102,34,89,23,70,80,7,92,33,10" hai2="101,90,59,17,18,27,55,115,24,57,110,48,39" hai3="84,132,95,35,134,88,50,117,100,99,25,60,116"/><U123/><E123/><V120/><F115/><W130/><G130/><T4/><D71/><U54/><E41/><V75/><F120/><W28/><G60/><T113/><D113/><U29/><E102/><V106/><F75/><W119/><G50/><T126/><D122/><U77/><E65/><V19/><F110/><W36/><G36/><T53/><D96/><U2/><E70/><V131/><F131/><W9/><G9/><T69/><D69/><U32/><E23/><V58/><F39/><W15/><G15/><T91/><D45/><U83/><E29/><V44/><F106/><AGARI ba="0,0" hai="25,28,35,84,88,95,99,100,106,116,117,119,132,134" machi="106" ten="40,8000,1" yaku="12,1,52,3,54,1" doraHai="112" who="3" fromWho="2" sc="224,0,302,0,237,-80,237,80" /><INIT seed="2,0,0,4,2,66" ten="224,302,157,317" oya="2" hai0="69,43,75,35,61,112,92,4,108,79,124,95,36" hai1="48,125,11,46,86,45,14,122,31,29,17,37,76" hai2="130,8,27,65,117,20,25,62,49,1,51,127,88" hai3="119,47,71,30,50,74,7,120,24,40,3,103,19"/><V2/><F117/><W96/><G120/><T58/><D112/><U10/><E125/><V132/><F127/><W41/><G119/><T113/><D113/><U97/><E122/><V18/><F130/><W85/><G74/><T89/><D35/><U6/><E37/><V21/><F132/><W67/><G40/><T78/><D124/><U59/><E59/><V84/><F8/><W38/><G38/><T118/><D118/><U9/><E46/><V98/><F98/><W63/><G19/><T54/><D95/><U110/><E110/><V121/><F121/><W135/><G135/><T126/><D108/><U70/><E70/><V26/><F1/><W94/><G85/><T28/><D28/><N who="1" m="10827" /><E6/><V134/><F2/><W22/><G3/><T55/><D4/><U116/><E97/><V44/><F134/><W123/><G123/><T114/><D114/><U13/><E13/><V15/><F21/><W109/><G109/><T111/><D75/><U83/><E116/><V106/><F106/><W60/><G7/><T133/><D133/><U129/><E129/><V53/><F51/><W52/><G41/><AGARI ba="0,0" hai="9,10,11,14,17,41,45,48,76,83,86" m="10827" machi="41" ten="30,1000,0" yaku="8,1" doraHai="66" who="1" fromWho="3" sc="224,0,302,10,157,0,317,-10" /><INIT seed="3,0,0,3,5,111" ten="224,312,157,307" oya="3" hai0="39,108,132,56,102,121,133,85,114,37,109,88,17" hai1="15,128,2,9,84,129,67,16,74,72,10,107,54" hai2="70,50,13,44,116,0,62,64,97,76,110,115,33" hai3="47,82,95,75,77,100,34,27,43,130,134,106,46"/><W69/><G69/><T61/><D102/><U89/><E107/><V38/><F0/><W81/><G130/><N who="1" m="50282" /><E67/><V104/><F110/><N who="0" m="42602" /><D17/><U4/><E54/><V123/><F33/><W32/><G134/><N who="0" m="51819" /><D121/><U18/><E18/><V86/><F123/><W29/><G34/><T48/><D48/><U83/><AGARI ba="0,0" hai="2,4,9,10,15,16,72,74,83,84,89" m="50282" machi="83" ten="30,2000,0" yaku="19,1,54,1" doraHai="111" who="1" fromWho="1" sc="224,-5,312,20,157,-5,307,-10" /><INIT seed="4,0,0,3,3,135" ten="219,332,152,297" oya="0" hai0="121,31,47,126,124,9,76,117,118,46,102,89,125" hai1="42,19,122,36,85,32,20,70,106,110,133,2,23" hai2="49,98,127,134,65,74,64,13,33,130,18,87,16" hai3="100,67,41,48,50,39,81,114,93,66,56,96,94"/><T25/><D121/><U105/><E70/><V131/><F74/><W116/><G116/><N who="0" m="44651" /><D76/><U71/><E71/><V107/><F33/><W11/><G114/><T35/><D102/><U82/><E32/><V58/><F134/><W104/><G39/><T120/><D120/><U84/><E122/><V63/><F87/><W8/><G81/><T99/><D9/><N who="3" m="3657" /><G104/><T62/><D62/><U79/><E2/><V68/><F13/><W29/><G29/><T53/><D53/><U92/><E133/><V91/><F127/><W34/><G34/><T4/><D4/><U86/><E92/><AGARI ba="0,0" hai="25,31,35,46,47,89,92,99,124,125,126" m="44651" machi="92" ten="40,12000,1" yaku="18,1,52,3" doraHai="135" who="0" fromWho="1" sc="219,120,332,-120,152,0,297,0" /><INIT seed="4,1,0,5,4,45" ten="339,212,152,297" oya="0" hai0="35,99,117,19,47,85,118,120,61,13,81,22,21" hai1="53,32,84,8,103,66,93,127,52,46,62,106,130" hai2="72,43,113,129,114,86,37,77,68,90,124,44,12" hai3="28,4,123,55,96,69,54,104,98,34,26,109,15"/><T27/><D120/><U70/><E130/><V75/><F129/><W31/><G123/><T40/><D35/><U33/><E127/><V101/><F124/><W79/><G109/><T112/><D61/><U133/><E133/><V134/><F134/><W57/><G69/><T56/><D56/><U10/><E106/><V74/><F101/><W97/><G31/><T59/><D59/><U38/><E38/><V5/><F68/><W111/><G111/><T87/><D99/><U88/><E103/><V105/><F105/><W18/><G79/><T36/><D87/><U83/><E93/><V2/><F12/><W30/><G30/><T119/><D112/><N who="2" m="43114" /><F90/><W102/><G4/><T64/><D64/><U95/><E95/><V65/><F65/><W1/><G1/><T82/><REACH who="0" step="1"/><D85/><REACH who="0" ten="329,212,152,297" step="2"/><U135/><E33/><V116/><F86/><W91/><G97/><T78/><D78/><U121/><E32/><V11/><F116/><W131/><G98/><T14/><D14/><U76/><E121/><V20/><F20/><W126/><G126/><T25/><D25/><U60/><E135/><V125/><F125/><W39/><G131/><T6/><D6/><U48/><E76/><AGARI ba="1,1" hai="2,5,11,37,43,44,72,74,75,76,77" m="43114" machi="76" ten="40,1300,0" yaku="15,1" doraHai="45" who="2" fromWho="1" sc="329,0,212,-16,152,26,297,0" /><INIT seed="5,0,0,2,5,92" ten="329,196,178,297" oya="1" hai0="30,51,45,42,118,35,129,20,95,122,19,96,61" hai1="78,110,70,114,29,111,100,91,33,24,22,3,80" hai2="69,71,31,103,90,38,86,107,37,79,39,18,67" hai3="49,130,132,75,116,112,66,128,87,58,65,117,126"/><U102/><E70/><V64/><F79/><W98/><G75/><T25/><D118/><N who="3" m="45673" /><G87/><T109/><D109/><N who="1" m="41483" /><E3/><V82/><F31/><W54/><G112/><T72/><D72/><N who="1" m="43079" /><E114/><V8/><F71/><W121/><G98/><T15/><D122/><U53/><E91/><V50/><F50/><W4/><G4/><T32/><D61/><U1/><E1/><V57/><F69/><W17/><G17/><T14/><D129/><N who="3" m="49769" /><G121/><T93/><D93/><U44/><E33/><V106/><F18/><W7/><G7/><T124/><D35/><U52/><E44/><V59/><F8/><W40/><G126/><T62/><D124/><U131/><E131/><V73/><F73/><W36/><G132/><T12/><D62/><U26/><E26/><V0/><F0/><W127/><G127/><T113/><D113/><U5/><E5/><V115/><F115/><W48/><G36/><T10/><D32/><U77/><E77/><V134/><F134/><W34/><G34/><T120/><D120/><U46/><E100/><AGARI ba="0,0" hai="10,12,14,15,19,20,25,30,42,45,51,95,96,100" machi="100" ten="30,3900,0" yaku="7,1,8,1,52,1" doraHai="92" who="0" fromWho="1" sc="329,39,196,-39,178,0,297,0" /><INIT seed="6,0,0,0,3,90" ten="368,157,178,297" oya="2" hai0="105,135,81,78,131,84,126,83,75,15,86,125,66" hai1="106,42,61,27,107,13,82,55,134,44,93,50,114" hai2="32,77,127,20,104,91,40,31,24,87,57,62,26" hai3="64,11,58,94,18,100,39,38,30,14,4,95,101"/><V99/><F127/><N who="0" m="48650" /><D105/><U21/><E114/><V108/><F108/><W37/><G30/><T118/><D118/><U22/><E134/><V129/><F129/><W51/><G18/><T103/><D135/><U72/><E13/><V63/><F77/><W73/><G73/><T12/><D103/><U71/><E22/><V110/><F40/><W36/><G36/><T28/><D131/><U85/><E72/><V0/><F0/><W3/><G3/><T54/><D66/><U35/><E35/><V70/><F70/><W80/><G80/><T112/><D112/><U89/><E82/><V45/><F45/><W43/><G43/><T132/><D132/><U23/><E23/><V29/><F110/><W76/><G76/><N who="0" m="46119" /><D28/><U56/><REACH who="1" step="1"/><E71/><REACH who="1" ten="368,147,178,297" step="2"/><V25/><F26/><W65/><G14/><T79/><D79/><U7/><E7/><V59/><F25/><W109/><G4/><T111/><D75/><U33/><E33/><V121/><F32/><W1/><G1/><T52/><D111/><U116/><E116/><V49/><F31/><AGARI ba="0,1" hai="21,27,31,42,44,50,55,56,61,85,89,93,106,107" machi="31" ten="30,3900,0" yaku="1,1,7,1,52,1,53,0" doraHai="90" doraHaiUra="74" who="1" fromWho="2" sc="368,0,147,49,178,-39,297,0" /><INIT seed="7,0,0,1,5,135" ten="368,196,139,297" oya="3" hai0="28,110,73,134,96,124,55,75,101,25,5,86,95" hai1="127,100,4,11,85,1,38,87,84,67,54,56,26" hai2="66,98,109,72,31,3,105,59,6,94,111,103,36" hai3="128,81,70,2,133,48,107,102,92,83,46,131,113"/><W30/><G133/><T120/><D134/><U39/><E67/><V18/><F36/><W13/><G2/><T82/><D120/><U64/><E64/><V7/><F18/><W93/><G70/><T58/><D5/><U125/><E100/><V0/><F94/><N who="3" m="36459" /><G30/><T15/><D15/><U122/><E26/><V17/><F17/><W130/><G13/><T32/><D110/><U78/><E78/><V118/><F72/><W129/><N who="3" m="32768" /><DORA hai="19" /><W9/><G9/><T76/><D124/><N who="1" m="47691" /><E122/><V106/><F118/><W47/><G113/><T99/><D99/><U88/><E88/><V27/><F106/><W49/><G49/><AGARI ba="0,0" hai="25,28,32,49,55,58,73,75,76,82,86,95,96,101" machi="49" ten="30,1000,0" yaku="7,1" doraHai="135,19" who="0" fromWho="3" sc="368,10,196,0,139,0,297,-10" /><AGARI ba="0,0" hai="1,4,11,38,39,49,54,56,84,85,87" m="47691" machi="49" ten="30,7700,0" yaku="18,1,52,3" doraHai="135,19" who="1" fromWho="3" sc="378,0,196,77,139,0,287,-77" owari="378,48.0,273,7.0,139,-36.0,210,-19.0" /></mjloggm>