<mjloggm ver="2.3"><GO type="169" lobby="0"/><UN n0="%E3%81%A4%E3%81%A3%E3%81%8D%EF%BD%9E%32%6E%64" n1="%E3%83%88%E3%83%83%E3%83%89" n2="%E7%82%AD%E9%85%B8%EF%BC%A0%E3%83%A9%E3%82%B9%E5%9B%9E%E9%81%BF" n3="%E5%B0%B1%E6%B4%BB%E7%94%9F%40%E5%B7%9D%E6%9D%91%E8%BB%8D%E5%9B%A3" dan="17,16,16,19" rate="2197.12,2073.90,2017.10,2356.01" sx="M,M,M,M"/><TAIKYOKU oya="0"/><INIT seed="0,0,0,0,4,41" ten="250,250,250,250" oya="0" hai0="127,135,40,122,64,4,102,101,28,134,15,54,47" hai1="36,66,7,8,118,35,53,126,93,99,96,104,12" hai2="25,30,26,61,18,111,31,107,21,51,56,92,38" hai3="27,74,22,123,82,87,129,115,50,46,13,14,73"/><T105/><D122/><U20/><E35/><V72/><F38/><W86/><G115/><T131/><D131/><U94/><E118/><V88/><F107/><W132/><G123/><T67/><D127/><U84/><E126/><V133/><F72/><W108/><G108/><T75/><D75/><U109/><E36/><V128/><F111/><W77/><G129/><T10/><D54/><U55/><E66/><N who="0" m="25129" /><D28/><U34/><E34/><V57/><F133/><N who="0" m="50698" /><D105/><U39/><E104/><V5/><F5/><W65/><G65/><T79/><D79/><U19/><E39/><AGARI ba="0,0" hai="4,10,15,39,40,47,101,102" m="50698,25129" machi="39" ten="30,2900,0" yaku="20,1,52,1" doraHai="41" who="0" fromWho="1" sc="250,29,250,-29,250,0,250,0" /><INIT seed="0,1,0,3,1,40" ten="279,221,250,250" oya="0" hai0="46,36,127,83,115,117,104,19,68,41,135,113,55" hai1="8,2,84,69,134,131,15,25,27,1,49,29,107" hai2="12,16,0,105,35,4,17,116,23,10,62,97,11" hai3="93,81,91,61,3,64,70,13,100,129,21,6,14"/><T88/><D117/><U45/><E107/><V128/><F116/><W120/><G120/><T39/><D104/><U65/><E131/><V86/><F128/><W67/><G129/><T43/><D68/><U50/><E134/><V34/><F86/><W54/><G67/><T58/><D135/><U57/><E69/><V73/><F73/><W77/><G100/><T53/><D127/><U101/><E101/><V18/><F105/><W95/><G95/><T109/><D109/><U123/><E123/><V99/><F62/><W66/><G66/><T31/><D31/><U24/><E29/><V32/><F99/><W114/><G114/><T82/><D19/><N who="2" m="7242" /><F97/><W130/><G130/><T119/><D119/><U26/><E84/><V122/><F122/><W106/><G106/><T92/><D92/><U118/><E118/><V98/><F98/><W132/><G132/><T125/><D125/><U85/><E85/><V74/><F74/><W94/><G94/><T52/><D58/><U90/><E90/><V42/><F42/><W108/><G108/><T96/><D96/><U80/><E80/><V48/><F48/><W59/><G93/><T9/><D55/><U20/><E20/><AGARI ba="1,0" hai="0,4,10,11,12,18,20,23,32,34,35" m="7242" machi="20" ten="40,12000,2" yaku="35,5,54,1" doraHai="40" who="2" fromWho="1" sc="279,0,221,-123,250,123,250,0" /><INIT seed="1,0,0,1,2,120" ten="279,98,373,250" oya="1" hai0="0,130,86,7,25,61,30,75,73,28,11,44,1" hai1="55,10,46,4,6,82,111,124,66,117,56,95,23" hai2="125,92,47,80,52,88,38,115,68,20,106,36,64" hai3="58,37,76,9,101,91,96,63,57,43,121,51,87"/><U50/><E117/><V84/><F106/><W34/><G121/><T131/><D86/><U133/><E133/><V116/><F116/><W60/><G34/><T110/><D61/><U59/><E124/><V112/><F125/><W127/><G127/><T39/><D0/><U29/><E111/><V31/><F64/><W41/><G37/><T69/><D69/><U74/><E95/><V22/><F68/><W65/><G76/><T100/><D100/><U119/><E119/><V99/><F36/><W5/><G51/><T54/><D110/><U13/><E4/><V21/><F31/><W118/><G118/><T35/><D30/><U114/><E114/><N who="2" m="43563" /><F38/><W16/><G96/><T122/><D122/><U33/><E33/><V126/><F126/><W113/><G101/><T3/><D3/><U71/><E71/><V104/><F104/><W94/><G113/><T83/><D54/><U85/><E74/><V32/><F32/><W19/><G43/><N who="0" m="22655" /><D73/><U49/><E49/><N who="2" m="28735" /><F22/><W102/><G41/><T90/><D90/><AGARI ba="0,0" hai="20,21,80,84,88,90,92,99" m="28735,43563" machi="90" ten="30,3900,0" yaku="11,1,54,2" doraHai="120" who="2" fromWho="0" sc="279,-39,98,0,373,39,250,0" /><INIT seed="2,0,0,1,3,93" ten="240,98,412,250" oya="2" hai0="20,52,92,96,130,129,66,86,59,9,77,15,115" hai1="76,24,19,91,62,44,106,69,134,64,98,22,11" hai2="54,26,71,60,29,114,67,109,5,113,58,79,125" hai3="116,57,94,102,72,56,101,99,118,63,83,100,10"/><V61/><F5/><W70/><G70/><T35/><D35/><U13/><E134/><V41/><F41/><W68/><G68/><T3/><D115/><U40/><E76/><V110/><F79/><W120/><G120/><T112/><D112/><U75/><E75/><V21/><F125/><W127/><G127/><T48/><D66/><U131/><E131/><N who="0" m="50185" /><D20/><U105/><E91/><V46/><F46/><W80/><G72/><T104/><D104/><U23/><E98/><V88/><F88/><N who="3" m="55751" /><G118/><T90/><D3/><U111/><E23/><V2/><F2/><W53/><G116/><T45/><D59/><U0/><E0/><V78/><F78/><W34/><G34/><T132/><D132/><U28/><REACH who="1" step="1"/><E111/><AGARI ba="0,0" hai="21,26,29,54,58,60,61,67,71,109,110,111,113,114" machi="111" ten="40,3900,0" yaku="14,1,10,1" doraHai="93" who="2" fromWho="1" sc="240,0,98,-39,412,39,250,0" /><INIT seed="2,1,0,4,1,106" ten="240,59,451,250" oya="2" hai0="14,29,107,73,127,10,82,69,89,25,50,113,128" hai1="132,92,2,45,46,135,94,26,120,124,103,34,24" hai2="66,108,39,13,67,111,68,48,28,117,76,96,16" hai3="47,121,9,109,51,119,110,80,78,130,115,99,85"/><V75/><F39/><W118/><G9/><T61/><D113/><U41/><E124/><V8/><F117/><N who="3" m="44555" /><G51/><T1/><D128/><U123/><E2/><V77/><F96/><W114/><G47/><N who="1" m="17930" /><E41/><V40/><F40/><W129/><G99/><T101/><D127/><U23/><E23/><V64/><F48/><W19/><G19/><T42/><D1/><U95/><E103/><V43/><F43/><W90/><G90/><T104/><D101/><U11/><E11/><V84/><F84/><W18/><G18/><T59/><D69/><U3/><E3/><V74/><F28/><W116/><G116/><T65/><D50/><U98/><E34/><V54/><F54/><W55/><G55/><T20/><D42/><U134/><E98/><V133/><F68/><W62/><G62/><T72/><D89/><U79/><E79/><N who="2" m="30283" /><F133/><W71/><G71/><T83/><D107/><U4/><E4/><V60/><F60/><W12/><G12/><T35/><D104/><U63/><E63/><V30/><F30/><W57/><G57/><T112/><D35/><U31/><E31/><V126/><F126/><W97/><G97/><T131/><D131/><N who="3" m="50185" /><G121/><AGARI ba="1,0" hai="24,26,92,94,95,120,121,123,132,134,135" m="17930" machi="121" ten="40,8000,1" yaku="28,2,13,1,20,1" doraHai="106" who="1" fromWho="3" sc="240,0,59,83,451,0,250,-83" /><INIT seed="3,0,0,1,2,55" ten="240,142,451,167" oya="3" hai0="54,67,3,121,105,23,49,91,97,32,6,39,116" hai1="108,40,123,73,124,79,22,83,27,45,130,2,107" hai2="127,87,18,56,33,50,1,12,69,4,92,77,115" hai3="94,80,36,34,35,125,7,31,46,84,129,93,111"/><W29/><G125/><T48/><D32/><U131/><E123/><V78/><F69/><W8/><G129/><N who="1" m="49162" /><E124/><V89/><F33/><W59/><G111/><T126/><D39/><N who="1" m="21663" /><E2/><V24/><F115/><W68/><G68/><T117/><D126/><U75/><E107/><V99/><F1/><W20/><G35/><T85/><D121/><U103/><E103/><V57/><F4/><W42/><G34/><T21/><D67/><U11/><E11/><N who="2" m="6431" /><F50/><W25/><G31/><T63/><D6/><U52/><E52/><V19/><F127/><W51/><G36/><T120/><D3/><U9/><E9/><V58/><F99/><W118/><G118/><T128/><D120/><U86/><E108/><V37/><F37/><W104/><G104/><T70/><D48/><U112/><E112/><V134/><F134/><W0/><REACH who="3" step="1"/><G59/><REACH who="3" ten="240,142,451,157" step="2"/><T102/><D117/><U71/><E71/><V43/><F43/><W61/><G61/><T95/><D116/><U15/><E15/><V66/><F66/><W72/><G72/><T14/><D63/><U5/><E5/><V82/><F24/><W16/><G16/><AGARI ba="0,1" hai="16,22,27,73,75,79,83,86" m="21663,49162" machi="16" ten="30,2000,0" yaku="19,1,54,1" doraHai="55" who="1" fromWho="3" sc="240,0,142,30,451,0,157,-20" /><INIT seed="4,0,0,2,3,95" ten="240,172,451,137" oya="0" hai0="2,112,12,8,19,101,105,45,135,36,128,103,108" hai1="10,81,114,89,20,11,32,56,77,25,70,33,99" hai2="9,4,100,133,76,117,63,16,122,106,75,13,26" hai3="42,1,39,52,97,21,18,82,121,29,57,51,61"/><T125/><D112/><U67/><E70/><V74/><F122/><W131/><G1/><T40/><D128/><U116/><E116/><V129/><F129/><W87/><G39/><T48/><D135/><U126/><E126/><V124/><F133/><W43/><G131/><T102/><D125/><U55/><E67/><V7/><F124/><W109/><G109/><T120/><D120/><U79/><E33/><V93/><F106/><W84/><G29/><T15/><D2/><U24/><E32/><V27/><F117/><W98/><G121/><T6/><D108/><U41/><E41/><N who="3" m="15370" /><G61/><T134/><D134/><U83/><E25/><V86/><F7/><W91/><G87/><T68/><D68/><U50/><E83/><V85/><F74/><W14/><AGARI ba="0,0" hai="14,18,21,51,52,57,82,84,91,97,98" m="15370" machi="14" ten="30,7900,0" yaku="8,1,52,2,54,1" doraHai="95" who="3" fromWho="3" sc="240,-39,172,-20,451,-20,137,79" /><INIT seed="5,0,0,0,3,65" ten="201,152,431,216" oya="1" hai0="20,3,108,25,45,66,131,113,61,78,73,47,40" hai1="56,116,88,127,54,83,84,7,87,96,0,49,121" hai2="14,58,71,33,29,64,52,10,44,19,34,48,59" hai3="12,36,89,17,62,97,110,105,119,118,68,28,27"/><U103/><E116/><N who="3" m="44586" /><G36/><T106/><D108/><U9/><E121/><V104/><F104/><W91/><G110/><T85/><D73/><U63/><E127/><V122/><F122/><W57/><G105/><T77/><D106/><U38/><E87/><V79/><F79/><W101/><G101/><T95/><D3/><U99/><E38/><V117/><F117/><W37/><G97/><T51/><D113/><U93/><REACH who="1" step="1"/><E96/><REACH who="1" ten="201,142,431,216" step="2"/><V31/><F34/><N who="3" m="20767" /><G37/><T74/><D85/><U42/><E42/><V53/><F33/><W8/><G68/><T94/><D40/><U46/><E46/><V82/><F71/><W100/><G100/><T35/><D47/><U115/><E115/><V133/><F44/><W120/><G120/><T1/><D45/><U67/><E67/><AGARI ba="0,1" hai="8,12,17,57,62,67,89,91" m="20767,44586" machi="67" ten="30,1000,0" yaku="12,1" doraHai="65" who="3" fromWho="1" sc="201,0,142,-10,431,0,216,20" /><INIT seed="6,0,0,0,0,52" ten="201,132,431,236" oya="2" hai0="71,56,131,95,100,53,120,122,92,97,43,126,36" hai1="75,16,26,129,88,98,6,112,12,65,58,119,74" hai2="49,81,84,135,106,64,99,29,44,102,42,46,47" hai3="33,128,15,127,2,73,30,94,41,133,79,86,76"/><V72/><F135/><W9/><G2/><T115/><D71/><U105/><E119/><V7/><F72/><W82/><G128/><T85/><D131/><U45/><E129/><V55/><F29/><W87/><G127/><T130/><D130/><U17/><E112/><V27/><F27/><W37/><G79/><T23/><D126/><U24/><E45/><V96/><F64/><W69/><G69/><T125/><D125/><U14/><E6/><V116/><F116/><W80/><G80/><T134/><D134/><U4/><E4/><V11/><F96/><W25/><G133/><T5/><D115/><U107/><E65/><V68/><F68/><W38/><G41/><T35/><D35/><U118/><E118/><V77/><F55/><W8/><G8/><T62/><D5/><U67/><E67/><V124/><F124/><W78/><G78/><T110/><D110/><U111/><E98/><V103/><F102/><W89/><G86/><T90/><D36/><U57/><REACH who="1" step="1"/><E88/><REACH who="1" ten="201,122,431,236" step="2"/><V54/><F42/><W0/><G0/><AGARI ba="0,1" hai="0,7,11,44,46,47,49,54,77,81,84,99,103,106" machi="0" ten="30,1500,0" yaku="7,1" doraHai="52" who="2" fromWho="3" sc="201,0,122,0,431,25,236,-15" /><INIT seed="6,1,0,3,3,28" ten="201,122,456,221" oya="2" hai0="118,65,45,71,46,117,48,104,5,70,3,8,31" hai1="125,60,96,115,21,47,32,78,90,130,87,79,24" hai2="29,9,20,94,77,50,69,58,124,116,85,26,92" hai3="36,67,75,61,14,4,110,0,109,95,128,112,57"/><V129/><F116/><N who="0" m="44650" /><D104/><U27/><E130/><V44/><F69/><N who="0" m="26122" /><D65/><U113/><E125/><V34/><F129/><W63/><G0/><T68/><N who="0" m="26130" /><T88/><DORA hai="105" /><D48/><U100/><E47/><N who="0" m="17929" /><D88/><U127/><E127/><V133/><F124/><W37/><G67/><T12/><D31/><U114/><E60/><V126/><F126/><W52/><G63/><T111/><D111/><U39/><E39/><V81/><F133/><W76/><G61/><T134/><D3/><U106/><E32/><V132/><F34/><W53/><G57/><T131/><D131/><U64/><E64/><V23/><F23/><W74/><G128/><T42/><D42/><U99/><E99/><V19/><F58/><W56/><G56/><T91/><D91/><U11/><E11/><V80/><F132/><AGARI ba="1,0" hai="5,8,12,132,134" m="17929,26130,44650" machi="132" ten="50,1600,0" yaku="12,1" doraHai="28,105" who="0" fromWho="2" sc="201,19,122,0,456,-19,221,0" /><INIT seed="7,0,0,0,2,90" ten="220,122,437,221" oya="3" hai0="98,68,41,42,17,47,84,60,52,97,130,117,96" hai1="14,15,3,54,22,6,76,107,13,5,114,69,27" hai2="106,122,118,72,92,116,86,18,75,129,131,77,85" hai3="2,133,10,111,73,81,71,4,36,135,56,99,124"/><W127/><G56/><N who="0" m="34823" /><D68/><U32/><E107/><V123/><F18/><W29/><G71/><T100/><D117/><U28/><E69/><V115/><F106/><W11/><G36/><T40/><D130/><U132/><E76/><V39/><F77/><N who="3" m="44207" /><G29/><T103/><D47/><U49/><E49/><V108/><F39/><W38/><G11/><T20/><D84/><U74/><E54/><V57/><F57/><W79/><G79/><T51/><D51/><U91/><E91/><V119/><F92/><W80/><G80/><T45/><D45/><U66/><E66/><V120/><F108/><W33/><G33/><T121/><D121/><U37/><E74/><N who="2" m="28203" /><F115/><W70/><G70/><T63/><D63/><U126/><E37/><V25/><F25/><AGARI ba="0,0" hai="17,20,25,40,41,42,96,97,98,100,103" m="34823" machi="25" ten="30,2000,0" yaku="8,1,54,1" doraHai="90" who="0" fromWho="2" sc="220,20,122,0,437,-20,221,0" owari="240,4.0,122,-38.0,417,52.0,221,-18.0" /></mjloggm>