<mjloggm ver="2.3"><GO type="169" lobby="0"/><UN n0="%E6%84%9A%E5%9C%B0%E2%98%86%E3%81%A8%E3%81%A3%E3%81%BD" n1="%E3%82%A6%E3%83%AB%E3%83%88%E3%83%A9%E7%AB%8B%E7%9B%B4" n2="%E3%81%8A%E3%81%8B%E3%82%82%E3%81%A8" n3="%6D%75%6B%69%74%74%69" dan="16,16,18,17" rate="2162.32,2184.96,2208.66,2137.18" sx="M,M,M,M"/><TAIKYOKU oya="0"/><INIT seed="0,0,0,2,1,58" ten="250,250,250,250" oya="0" hai0="134,73,55,53,133,106,63,131,21,5,60,72,18" hai1="29,61,46,92,124,62,23,31,24,107,57,86,130" hai2="118,25,59,90,102,95,113,120,12,36,96,44,89" hai3="93,81,114,98,80,48,135,84,105,112,0,34,129"/><T4/><D106/><U117/><E107/><V30/><F120/><W26/><G0/><T65/><D65/><U37/><E117/><V83/><F113/><N who="3" m="43627" /><G48/><T111/><D21/><U32/><E130/><V40/><F118/><W43/><G43/><T41/><D41/><U100/><E124/><V11/><F83/><N who="3" m="31819" /><G26/><T97/><D97/><N who="1" m="59431" /><E37/><V121/><F59/><W45/><G45/><T77/><D77/><U51/><E32/><V66/><F66/><W128/><G34/><T39/><D131/><N who="3" m="50249" /><G135/><T6/><D6/><U1/><E1/><V17/><REACH who="2" step="1"/><F121/><REACH who="2" ten="250,250,240,250" step="2"/><W42/><G42/><T125/><D125/><U38/><E57/><V64/><F64/><W9/><G9/><T127/><D127/><U115/><E115/><V94/><F94/><W75/><G105/><T27/><D133/><U85/><E38/><V71/><F71/><W19/><G19/><T69/><D134/><U126/><E126/><V49/><F49/><W82/><G75/><T110/><D39/><U22/><E51/><V79/><F79/><N who="3" m="46175" /><G93/><T132/><D132/><U119/><E119/><V28/><F28/><W74/><G74/><T52/><D69/><U67/><E67/><V10/><F10/><W33/><G33/><AGARI ba="0,1" hai="11,12,17,25,30,33,36,40,44,89,90,95,96,102" machi="33" ten="30,3900,0" yaku="1,1,7,1,53,1" doraHai="58" doraHaiUra="68" who="2" fromWho="3" sc="250,0,250,0,240,49,250,-39" /><INIT seed="1,0,0,3,3,78" ten="250,250,289,211" oya="1" hai0="112,106,5,129,117,21,9,6,119,79,111,104,25" hai1="10,109,71,80,134,66,8,17,115,13,105,16,108" hai2="40,54,47,53,102,72,103,70,28,29,19,122,11" hai3="114,83,132,124,82,0,59,23,118,46,123,69,56"/><U55/><E105/><V126/><F122/><W33/><G33/><T52/><D112/><U95/><E115/><V41/><F70/><W61/><G114/><T36/><D36/><U65/><E134/><V39/><F126/><W125/><G123/><T26/><D79/><U67/><E95/><V14/><F72/><W120/><G120/><T107/><D111/><N who="1" m="42571" /><E55/><V101/><F41/><W90/><G132/><T63/><D129/><U24/><E80/><N who="3" m="30762" /><G0/><T50/><D63/><N who="1" m="40383" /><E24/><V74/><F74/><W131/><G131/><T86/><D86/><U135/><E135/><V32/><F53/><W91/><G118/><T100/><D26/><U49/><E49/><V1/><F54/><W51/><G69/><T2/><D100/><U73/><E73/><V76/><F76/><W12/><G12/><AGARI ba="0,0" hai="8,10,12,13,16,17,66,67" m="40383,42571" machi="12" ten="30,5800,0" yaku="14,1,10,1,54,1" doraHai="78" who="1" fromWho="3" sc="250,0,250,58,289,0,211,-58" /><INIT seed="1,1,0,4,5,16" ten="250,308,289,153" oya="1" hai0="105,115,61,109,49,59,85,97,128,46,82,77,112" hai1="93,7,120,23,122,67,79,41,5,74,50,36,6" hai2="71,17,80,13,2,81,51,96,108,86,94,135,114" hai3="53,35,113,8,106,64,63,32,57,91,104,125,25"/><U72/><E36/><V118/><F2/><W56/><G113/><T0/><D0/><U45/><E67/><V4/><F118/><W103/><G125/><T28/><D109/><U39/><E39/><V78/><F114/><W43/><G43/><T52/><D128/><U18/><E93/><V24/><F108/><W90/><G8/><T37/><D37/><U102/><E102/><V42/><F71/><W68/><G57/><T15/><D28/><U9/><E9/><N who="2" m="4263" /><F80/><W3/><G3/><T89/><D15/><U126/><E126/><V70/><F70/><W124/><G124/><T132/><D132/><U65/><E65/><V20/><F135/><W84/><G103/><T34/><D34/><U73/><REACH who="1" step="1"/><E79/><REACH who="1" ten="250,298,289,153" step="2"/><V14/><F94/><W99/><G64/><T54/><D105/><U62/><E62/><V47/><F96/><W1/><G99/><T12/><D97/><U133/><E133/><V21/><F24/><AGARI ba="1,1" hai="5,6,7,18,23,24,41,45,50,72,73,74,120,122" machi="24" ten="50,4800,0" yaku="1,1,52,1,53,0" doraHai="16" doraHaiUra="98" who="1" fromWho="2" sc="250,0,298,61,289,-51,153,0" /><INIT seed="1,2,0,4,3,8" ten="250,359,238,153" oya="1" hai0="47,67,14,119,88,1,11,131,76,57,121,18,10" hai1="13,25,120,9,104,127,123,100,54,45,16,86,60" hai2="113,69,23,93,30,72,117,56,4,68,89,74,103" hai3="5,106,125,133,80,50,98,38,41,77,44,105,7"/><U58/><E127/><V95/><F117/><W84/><G125/><T35/><D119/><U99/><E86/><V12/><F113/><W66/><G133/><T34/><D76/><U81/><E81/><V43/><F43/><W3/><G66/><T78/><D78/><U52/><E25/><V94/><F103/><W122/><G122/><T55/><D121/><U126/><REACH who="1" step="1"/><E126/><REACH who="1" ten="250,349,238,153" step="2"/><V33/><F74/><W107/><G3/><T118/><D118/><U102/><E102/><V6/><F72/><W0/><G0/><T128/><D128/><U15/><E15/><V51/><F12/><W29/><G29/><T112/><D131/><U85/><E85/><V73/><F33/><W96/><REACH who="3" step="1"/><G38/><REACH who="3" ten="250,349,238,143" step="2"/><T114/><D114/><U37/><E37/><V19/><F73/><W92/><G92/><T116/><D112/><U24/><E24/><V31/><F95/><W111/><G111/><T20/><D116/><U48/><AGARI ba="2,2" hai="9,13,16,45,48,52,54,58,60,99,100,104,120,123" machi="48" ten="30,12000,1" yaku="1,1,0,1,52,1,54,2,53,0" doraHai="8" doraHaiUra="109" who="1" fromWho="1" sc="250,-42,349,146,238,-42,143,-42" /><INIT seed="1,3,0,4,4,17" ten="208,495,196,101" oya="1" hai0="62,35,83,112,135,30,52,41,118,124,113,76,37" hai1="23,2,45,111,107,102,104,122,39,31,98,67,19" hai2="86,82,120,3,12,115,61,11,6,43,129,49,105" hai3="119,99,1,126,64,48,0,133,68,40,4,50,69"/><U123/><E2/><V70/><F120/><W59/><G119/><T87/><D118/><U131/><E31/><V117/><F117/><W38/><G126/><T57/><D124/><U9/><E9/><V42/><F129/><W27/><G133/><T73/><D135/><U33/><E33/><V130/><F105/><W80/><G99/><T94/><D37/><U56/><E107/><V106/><F106/><W55/><G80/><T5/><D41/><U93/><E131/><V63/><F130/><W128/><G128/><T60/><D5/><U108/><E104/><V92/><F115/><W127/><G127/><T46/><D46/><U66/><E45/><V22/><F92/><W121/><G121/><N who="1" m="46090" /><E56/><V51/><F70/><N who="3" m="27243" /><G27/><T78/><D112/><U58/><E58/><V32/><F32/><W47/><G4/><T84/><D113/><U114/><E39/><V8/><F3/><W71/><G1/><T53/><D35/><U89/><E102/><V72/><F6/><W90/><G90/><N who="0" m="53599" /><D73/><U81/><E81/><V97/><F72/><W28/><G28/><T26/><D26/><N who="1" m="14719" /><E114/><V15/><F82/><W34/><G34/><T16/><D30/><U24/><E24/><V103/><F103/><W10/><G10/><T110/><D78/><U7/><E7/><V13/><F8/><W18/><G18/><T132/><D132/><U36/><E36/><V74/><F11/><W91/><G0/><T85/><D16/><U21/><E21/><V125/><F125/><W79/><G38/><T100/><D100/><U75/><E75/><V65/><F74/><W14/><G47/><RYUUKYOKU ba="3,0" sc="208,-10,495,30,196,-10,101,-10" hai1="66,67,89,93,98,108,111" /><INIT seed="1,4,0,2,1,135" ten="198,525,186,91" oya="1" hai0="30,132,24,66,130,10,102,88,63,79,53,38,62" hai1="25,101,58,87,34,127,35,113,77,96,106,17,108" hai2="31,70,116,61,119,50,52,76,89,37,86,49,46" hai3="6,122,120,13,51,21,26,3,84,12,36,43,40"/><U78/><E113/><V4/><F76/><W71/><G36/><T73/><D132/><U94/><E77/><V126/><F126/><W42/><G71/><T75/><D38/><U16/><E127/><V8/><F31/><W5/><G3/><T92/><D130/><U100/><E108/><V44/><F37/><W67/><G67/><T19/><D79/><U32/><E25/><V112/><F112/><W64/><G64/><T23/><D102/><U131/><E131/><V128/><F128/><W83/><G51/><T121/><D121/><U93/><E58/><V118/><F61/><W133/><G133/><T115/><D115/><U123/><E123/><V109/><F70/><W82/><G43/><T27/><D53/><U98/><REACH who="1" step="1"/><E106/><REACH who="1" ten="198,515,186,91" step="2"/><V117/><F109/><W29/><G122/><T59/><D63/><U107/><E107/><V11/><F119/><W72/><G120/><T28/><D28/><U74/><E74/><V56/><F56/><W125/><G72/><T45/><D45/><U68/><E68/><V85/><F118/><W97/><G125/><T90/><D75/><U134/><E134/><V110/><F110/><W129/><G129/><T55/><D73/><U7/><E7/><V80/><F4/><W18/><G6/><T103/><D27/><U111/><E111/><V9/><REACH who="2" step="1"/><F86/><REACH who="2" ten="198,515,176,91" step="2"/><W47/><G84/><T105/><D30/><U2/><E2/><V1/><F1/><W22/><G29/><T65/><D59/><U39/><E39/><V69/><F69/><W91/><G5/><T0/><D0/><U33/><E33/><V57/><F57/><RYUUKYOKU ba="4,2" sc="198,-15,515,15,176,15,91,-15" hai1="16,17,32,34,35,78,87,93,94,96,98,100,101" hai2="8,9,11,44,46,49,50,52,80,85,89,116,117" /><INIT seed="1,5,2,3,4,45" ten="183,530,191,76" oya="1" hai0="112,44,118,27,0,43,33,12,28,82,99,5,10" hai1="39,50,51,47,1,88,9,135,84,71,66,31,35" hai2="80,123,115,3,61,13,14,129,94,26,63,25,55" hai3="18,97,87,76,59,7,30,23,62,54,79,15,64"/><U133/><E71/><V116/><F3/><W117/><G117/><T22/><D118/><U128/><E66/><V36/><F116/><W120/><G120/><T49/><D112/><U89/><E128/><V34/><F36/><W29/><G7/><T20/><D99/><U114/><E114/><V113/><F123/><W48/><G97/><T126/><D126/><U95/><E31/><V86/><F129/><W42/><G42/><T124/><D124/><U70/><E35/><V74/><F74/><W103/><G103/><T19/><REACH who="0" step="1"/><D82/><REACH who="0" ten="173,530,191,76" step="2"/><U2/><E135/><V90/><F80/><N who="3" m="47495" /><G79/><T73/><D73/><U81/><E133/><V41/><F115/><W60/><G60/><T107/><D107/><U134/><E134/><V130/><F63/><W105/><G105/><T72/><D72/><U38/><E81/><V75/><F75/><W32/><G32/><AGARI ba="5,3" hai="0,5,10,12,19,20,22,27,28,32,33,43,44,49" machi="32" ten="40,2600,0" yaku="1,1,52,1,53,0" doraHai="45" doraHaiUra="127" who="0" fromWho="3" sc="173,71,530,0,191,0,76,-41" /><INIT seed="2,0,0,0,2,28" ten="244,530,191,35" oya="2" hai0="87,66,44,36,119,128,59,1,58,40,113,84,98" hai1="51,100,14,21,63,134,23,65,50,49,62,61,111" hai2="56,71,91,120,106,47,42,103,81,102,64,31,38" hai3="30,107,76,18,77,68,70,133,20,0,97,33,114"/><V125/><F120/><W74/><G0/><T109/><D113/><U92/><E111/><V105/><F125/><W53/><G114/><T83/><D1/><U13/><E65/><V67/><F71/><W19/><G133/><T101/><D109/><U10/><E134/><V130/><F130/><W27/><G53/><T129/><D119/><U69/><E69/><V29/><F56/><W132/><G132/><T52/><D66/><N who="2" m="25130" /><F81/><W82/><G77/><T45/><D45/><U2/><E2/><V90/><F38/><W96/><G19/><T55/><D59/><U118/><E118/><V41/><F47/><W126/><G126/><T48/><D55/><U127/><E127/><V3/><F3/><W88/><G97/><T4/><D4/><N who="1" m="3271" /><E14/><V121/><F121/><W89/><G89/><N who="2" m="33801" /><F106/><W94/><REACH who="3" step="1"/><G107/><REACH who="3" ten="244,530,191,25" step="2"/><T108/><D108/><U124/><E124/><V6/><F105/><W78/><G78/><T73/><D73/><U60/><E60/><V115/><F115/><W93/><G93/><N who="0" m="58575" /><D83/><U112/><E112/><V12/><F6/><W22/><G22/><T95/><D95/><U123/><E123/><V135/><F135/><W37/><G37/><T72/><D72/><U104/><E104/><V99/><F99/><AGARI ba="0,1" hai="21,23,49,50,51,61,62,63,92,99,100" m="3271" machi="99" ten="30,1000,0" yaku="8,1" doraHai="28" who="1" fromWho="2" sc="244,0,530,20,191,-10,25,0" /><INIT seed="3,0,0,5,3,108" ten="244,550,181,25" oya="3" hai0="8,104,4,92,110,118,87,11,101,99,76,49,28" hai1="61,96,98,30,2,66,55,58,97,64,88,17,86" hai2="69,63,81,32,89,52,41,1,119,14,60,117,45" hai3="26,51,3,68,31,113,16,100,0,65,70,47,62"/><W102/><G70/><T75/><D118/><U27/><E2/><V53/><F32/><W123/><G123/><T109/><D28/><U50/><E17/><V6/><F1/><W73/><G73/><T94/><D49/><U39/><E39/><V106/><F106/><W74/><G74/><T13/><D8/><U19/><E19/><V135/><F81/><W125/><G125/><T132/><D132/><U9/><E9/><V115/><F89/><W22/><G3/><T114/><D114/><U25/><E30/><V122/><F14/><W134/><G0/><T21/><D21/><U95/><REACH who="1" step="1"/><E66/><REACH who="1" ten="244,540,181,25" step="2"/><V85/><F135/><W37/><G134/><T121/><D11/><U124/><E124/><V18/><F18/><W111/><G37/><T107/><D4/><U120/><E120/><V12/><F6/><W40/><G111/><T93/><D121/><U129/><E129/><V7/><F122/><W72/><G72/><T71/><D75/><U36/><E36/><V130/><F7/><W43/><G43/><T78/><D109/><U126/><E126/><V82/><F130/><W105/><G105/><T90/><D110/><U91/><E91/><V56/><F41/><W77/><G77/><N who="0" m="29803" /><D13/><U5/><E5/><V116/><F12/><W35/><REACH who="3" step="1"/><G113/><REACH who="3" ten="244,540,181,15" step="2"/><T24/><D107/><U83/><E83/><V131/><F115/><W54/><G54/><T48/><D104/><U67/><E67/><N who="2" m="41215" /><F131/><W80/><G80/><T103/><D71/><AGARI ba="0,2" hai="25,27,50,55,58,61,64,71,86,88,95,96,97,98" machi="71" ten="40,5200,0" yaku="1,1,54,1,53,1" doraHai="108" doraHaiUra="57" who="1" fromWho="0" sc="244,-52,540,72,181,0,15,0" /><INIT seed="4,0,0,3,4,131" ten="192,612,181,15" oya="0" hai0="79,17,57,67,74,100,51,36,82,101,34,16,125" hai1="127,121,70,60,38,118,41,114,76,132,107,54,104" hai2="111,123,29,133,31,91,106,93,26,4,85,21,47" hai3="80,129,134,3,97,13,14,130,61,109,77,83,7"/><T24/><D36/><U40/><E54/><V46/><F111/><W103/><G109/><T45/><D125/><U22/><E22/><V28/><F123/><W124/><G3/><T32/><D100/><U10/><E41/><V58/><F106/><W12/><G7/><T9/><D101/><U59/><E59/><V39/><F133/><W37/><G37/><T6/><D67/><U94/><E60/><V81/><F4/><W20/><G124/><T112/><D57/><U52/><E10/><V117/><F117/><W33/><G33/><T62/><D62/><U108/><E94/><V56/><F56/><W88/><G20/><T86/><D74/><U99/><E70/><V120/><F120/><W27/><G27/><T50/><D112/><U11/><E104/><V105/><F105/><W119/><G119/><T30/><D34/><U98/><E107/><V92/><F39/><W63/><G103/><T48/><REACH who="0" step="1"/><D45/><REACH who="0" ten="182,612,181,15" step="2"/><N who="2" m="16906" /><F58/><W113/><G113/><T55/><D55/><U8/><E52/><V115/><F115/><W25/><G25/><T89/><D89/><U23/><E38/><V69/><F69/><W102/><G102/><T19/><D19/><AGARI ba="0,1" hai="19,21,26,28,29,31,81,85,91,92,93" m="16906" machi="19" ten="30,1000,0" yaku="8,1" doraHai="131" who="2" fromWho="0" sc="182,-10,612,0,181,20,15,0" /><INIT seed="5,0,0,4,1,102" ten="172,612,201,15" oya="1" hai0="48,74,51,29,72,118,106,105,135,83,123,6,125" hai1="130,36,132,134,34,7,96,21,30,31,84,37,98" hai2="116,86,28,119,14,26,101,39,0,8,62,65,127" hai3="93,121,60,112,133,43,77,55,38,54,87,128,71"/><U99/><E34/><V126/><F39/><W11/><G121/><T17/><D118/><N who="2" m="45098" /><F101/><W16/><G112/><T131/><D83/><U33/><E33/><N who="2" m="20631" /><F86/><W52/><G128/><T94/><D29/><U90/><E7/><N who="2" m="1127" /><F14/><W45/><G133/><T46/><D6/><U3/><E84/><V75/><F75/><W19/><G11/><T97/><D135/><U111/><E37/><V27/><F27/><W32/><G32/><T89/><D131/><U13/><E130/><V53/><F53/><W76/><G93/><T78/><D78/><U57/><E36/><V100/><F100/><W9/><G9/><T24/><D123/><U120/><E13/><V67/><F67/><W107/><G107/><T25/><D94/><U104/><E104/><V68/><AGARI ba="0,0" hai="62,65,68,126,127" m="1127,20631,45098" machi="68" ten="30,1100,0" yaku="23,1" doraHai="102" who="2" fromWho="2" sc="172,-3,612,-5,201,11,15,-3" /><INIT seed="6,0,0,1,0,88" ten="169,607,212,12" oya="2" hai0="134,48,122,39,37,46,72,99,124,83,43,114,101" hai1="5,1,113,25,77,28,110,71,102,116,103,74,100" hai2="112,19,132,93,130,127,95,6,38,66,42,79,69" hai3="24,94,26,68,119,75,22,109,123,91,118,32,107"/><V36/><F42/><W65/><G109/><T73/><D122/><U4/><E71/><V49/><F49/><W23/><G123/><T120/><D120/><U58/><E74/><V56/><F69/><W115/><G107/><T50/><D134/><U117/><E77/><V44/><F132/><W128/><G75/><T45/><D124/><U98/><E58/><V78/><F44/><W30/><G128/><T81/><D114/><U76/><E76/><N who="2" m="29227" /><F6/><W97/><G115/><T35/><D35/><U82/><E1/><V86/><F112/><W54/><G54/><T61/><D61/><U84/><E5/><V9/><F86/><W126/><G126/><T40/><D99/><U57/><E84/><V133/><F133/><W17/><REACH who="3" step="1"/><G32/><REACH who="3" ten="169,607,212,2" step="2"/><T29/><D73/><U0/><E113/><V60/><F127/><W67/><G67/><T64/><D64/><U16/><E116/><V27/><F130/><W11/><G11/><T135/><D72/><U111/><E117/><V15/><F9/><W55/><G55/><T2/><D135/><U121/><E121/><V41/><F66/><W85/><G85/><T108/><D108/><U18/><E111/><V52/><F52/><W90/><G90/><T125/><D125/><U8/><E8/><V10/><F10/><W89/><G89/><T106/><D106/><U63/><E110/><V129/><F129/><W51/><G51/><T21/><D50/><U80/><E4/><V105/><F105/><W14/><G14/><T96/><D48/><U59/><E0/><V33/><F15/><W53/><G53/><T87/><D2/><RYUUKYOKU ba="0,1" sc="169,-10,607,-10,212,-10,2,30" hai3="17,22,23,24,26,30,65,68,91,94,97,118,119" /><INIT seed="7,1,1,0,1,123" ten="159,597,202,32" oya="3" hai0="22,53,94,84,9,105,68,56,112,132,61,89,26" hai1="96,134,90,70,23,97,43,65,122,107,129,28,64" hai2="15,33,50,72,88,5,76,117,130,110,92,121,25" hai3="104,67,13,78,73,66,102,95,42,27,82,126,79"/><W83/><G104/><T85/><D132/><U17/><E28/><V16/><F117/><W11/><G126/><T98/><D112/><U19/><E70/><V35/><F110/><W128/><G128/><T81/><D68/><U37/><E97/><V77/><F121/><W34/><G42/><T36/><D36/><U80/><E17/><V46/><F130/><W31/><G95/><T124/><D124/><U58/><E65/><V113/><F113/><W40/><G40/><T119/><D119/><U30/><E90/><V135/><F135/><W0/><G102/><T116/><D116/><U14/><E58/><V131/><F131/><W4/><REACH who="3" step="1"/><G0/><REACH who="3" ten="159,597,202,22" step="2"/><T103/><D105/><U109/><E107/><V2/><F2/><W8/><G8/><T75/><D9/><U57/><E43/><V3/><F92/><W71/><G71/><T106/><D106/><U63/><E129/><V21/><F3/><W44/><G44/><T45/><D45/><U133/><E133/><V49/><F46/><W55/><G55/><T127/><D127/><U114/><E134/><V100/><F100/><W115/><G115/><T48/><D103/><U47/><E114/><V125/><F125/><W62/><G62/><T91/><D61/><U59/><E63/><V18/><F50/><W120/><G120/><T52/><D53/><U32/><E122/><V29/><F49/><W69/><G69/><T20/><D52/><U60/><E47/><V87/><F35/><W41/><G41/><T118/><D94/><U86/><E60/><V99/><F72/><AGARI ba="1,2" hai="4,11,13,27,31,34,66,67,72,73,78,79,82,83" machi="72" ten="30,11600,0" yaku="1,1,7,1,9,1,53,1" doraHai="123" doraHaiUra="24" who="3" fromWho="2" sc="159,0,597,0,202,-119,22,139" /><INIT seed="7,2,0,5,0,25" ten="159,597,83,161" oya="3" hai0="73,117,23,71,18,102,12,103,100,63,55,114,92" hai1="4,81,57,8,82,17,41,49,53,59,108,66,1" hai2="34,83,77,14,19,0,127,58,91,88,121,5,48" hai3="30,130,22,120,50,39,85,134,68,72,10,56,70"/><W95/><G72/><T126/><D117/><U29/><E41/><V98/><F127/><W76/><G39/><T106/><D106/><U44/><E108/><V36/><F121/><W37/><G37/><T122/><D73/><U38/><E29/><V78/><F36/><W54/><G120/><T7/><D122/><U42/><E17/><V131/><F34/><W128/><G134/><T51/><D126/><U123/><E123/><V111/><F111/><W16/><G10/><N who="0" m="4191" /><D71/><U99/><E99/><V133/><F133/><W112/><G112/><T135/><D63/><U96/><E96/><V89/><F131/><N who="3" m="50219" /><G30/><T6/><D6/><U132/><E132/><V113/><F113/><W33/><G33/><T105/><D105/><U60/><AGARI ba="2,0" hai="1,4,8,38,42,44,49,53,57,59,60,66,81,82" machi="60" ten="30,1100,0" yaku="0,1" doraHai="25" who="1" fromWho="1" sc="159,-5,597,17,83,-5,161,-7" owari="154,-5.0,614,72.0,78,-42.0,154,-25.0" /></mjloggm>