<mjloggm ver="2.3"><GO type="169" lobby="0"/><UN n0="%E3%83%84%E3%83%AC%E3%82%AA" n1="%E3%82%A6%E3%83%AB%E3%83%88%E3%83%A9%E7%AB%8B%E7%9B%B4" n2="%41%47%46" n3="%64%33%76%64%72" dan="16,18,16,17" rate="2095.21,2267.98,2095.61,2147.89" sx="M,M,M,M"/><TAIKYOKU oya="0"/><INIT seed="0,0,0,5,2,87" ten="250,250,250,250" oya="0" hai0="98,27,72,8,120,6,101,14,111,11,79,23,29" hai1="22,4,20,107,106,44,1,30,104,84,89,16,12" hai2="96,94,102,36,32,45,86,80,67,15,53,108,43" hai3="31,127,92,114,48,76,10,18,121,97,3,82,133"/><T37/><D120/><U2/><E4/><V78/><F32/><W41/><G121/><T105/><D111/><U110/><E110/><V115/><F108/><W129/><G114/><T69/><D69/><U134/><E134/><V62/><F115/><W28/><G133/><T130/><D130/><U63/><E44/><V34/><F34/><W116/><G129/><T60/><D37/><U40/><E40/><V0/><F0/><W95/><G95/><T112/><D112/><U123/><E123/><V7/><F53/><W55/><G41/><T61/><D72/><U75/><E75/><V50/><F7/><W59/><G3/><T42/><D42/><U131/><E131/><V135/><F135/><W9/><G127/><T113/><D113/><U38/><E38/><V56/><REACH who="2" step="1"/><F15/><REACH who="2" ten="250,250,240,250" step="2"/><W103/><G116/><T66/><D66/><U54/><E54/><V70/><F70/><W73/><G18/><T17/><D79/><U100/><E63/><V35/><F35/><W68/><G68/><T24/><D24/><U132/><E132/><V71/><F71/><W126/><G126/><T26/><D26/><U122/><E122/><V5/><F5/><W21/><G28/><T117/><D117/><U25/><REACH who="1" step="1"/><E100/><REACH who="1" ten="250,240,240,250" step="2"/><V99/><F99/><W39/><G97/><T13/><AGARI ba="0,2" hai="6,8,11,13,14,17,23,27,29,60,61,98,101,105" machi="13" ten="20,2100,0" yaku="0,1,7,1" doraHai="87" who="0" fromWho="0" sc="250,41,240,-7,240,-7,250,-7" /><INIT seed="0,1,0,1,4,93" ten="291,233,233,243" oya="0" hai0="107,91,116,44,42,7,64,17,15,78,75,121,77" hai1="110,71,10,55,94,135,128,79,115,57,82,34,35" hai2="133,117,38,20,129,100,0,47,37,106,22,122,23" hai3="54,18,59,40,39,28,69,12,3,120,19,134,1"/><T9/><D116/><U60/><E110/><V24/><F122/><W83/><G69/><T81/><D121/><U104/><E104/><V84/><F0/><W123/><G123/><T5/><D64/><U87/><E128/><V31/><F129/><W67/><G120/><T46/><D46/><U43/><E135/><V85/><F133/><W131/><G131/><T21/><D107/><U65/><E115/><V11/><F11/><W99/><G28/><T30/><D78/><U51/><E10/><V119/><F47/><W6/><G40/><T36/><D91/><U52/><E43/><V88/><F38/><W68/><G39/><T95/><D95/><U74/><E74/><V41/><F41/><W101/><G68/><T58/><D58/><U33/><E55/><V16/><F37/><W114/><G67/><T14/><D14/><U118/><REACH who="1" step="1"/><E94/><REACH who="1" ten="291,223,233,243" step="2"/><V49/><F106/><W105/><G114/><T124/><D124/><U27/><E27/><V66/><F24/><W126/><G126/><T76/><D75/><U127/><E127/><V112/><F112/><W50/><G134/><T103/><D42/><U2/><E2/><V80/><F117/><AGARI ba="1,1" hai="33,34,35,51,52,57,60,65,71,79,82,87,117,118" machi="117" ten="40,2600,0" yaku="1,1,54,1,53,0" doraHai="93" doraHaiUra="70" who="1" fromWho="2" sc="291,0,223,39,233,-29,243,0" /><INIT seed="1,0,0,4,3,34" ten="291,262,204,243" oya="1" hai0="49,51,125,108,55,79,0,14,102,71,7,25,129" hai1="64,41,109,83,81,59,54,119,112,31,2,100,127" hai2="35,6,58,111,56,13,3,96,77,121,103,45,134" hai3="48,128,90,95,98,131,107,124,135,53,69,87,33"/><U122/><E112/><V93/><F121/><W40/><G33/><T44/><D108/><U10/><E119/><V37/><F111/><W21/><G69/><T18/><D129/><U43/><E122/><V126/><F35/><W23/><G40/><T70/><D125/><U62/><E109/><V19/><F126/><W113/><G124/><T117/><D117/><U80/><E127/><V99/><F77/><W97/><G113/><T5/><D102/><U4/><E31/><V91/><F134/><W132/><G21/><T101/><D101/><U47/><E100/><V1/><F37/><W105/><G23/><T63/><D79/><U82/><N who="1" m="20480" /><DORA hai="29" /><U68/><REACH who="1" step="1"/><E47/><REACH who="1" ten="291,252,204,243" step="2"/><V75/><F45/><N who="3" m="27791" /><G107/><T118/><D118/><U72/><E72/><V89/><F75/><W46/><G46/><T104/><D104/><U15/><E15/><V116/><F116/><W57/><G105/><T133/><D14/><U65/><E65/><V67/><F67/><W115/><G115/><T9/><D44/><U106/><E106/><V76/><F76/><W50/><G135/><T88/><D133/><U32/><E32/><V22/><F103/><W94/><G132/><T123/><D123/><U24/><E24/><V61/><F91/><W38/><G38/><T66/><D25/><U52/><E52/><V74/><F74/><W11/><G94/><T28/><D55/><U42/><E42/><V130/><F89/><W8/><G131/><T73/><D66/><U120/><E120/><V114/><F130/><W36/><G128/><T39/><D73/><U85/><E85/><V16/><F114/><RYUUKYOKU ba="0,1" sc="291,-10,252,30,204,-10,243,-10" hai1="2,4,10,41,43,54,59,62,64,68" /><INIT seed="1,1,1,5,2,7" ten="281,282,194,233" oya="1" hai0="129,122,19,5,83,27,99,114,65,61,60,115,35" hai1="57,1,47,32,108,68,64,0,34,78,9,39,95" hai2="45,84,128,113,74,14,10,80,127,54,103,15,30" hai3="49,46,121,11,17,96,26,43,21,72,133,3,102"/><U23/><E95/><V66/><F128/><W76/><G121/><T8/><D129/><U69/><E23/><V97/><F127/><W67/><G133/><T92/><D122/><U112/><E57/><V6/><F74/><W132/><G132/><T50/><D83/><U107/><E112/><V120/><F120/><W28/><G72/><T48/><D48/><U130/><E130/><V37/><F66/><W33/><G76/><T82/><D82/><U101/><E108/><V12/><F30/><W125/><G67/><T87/><D87/><U85/><E85/><V89/><F113/><W20/><G125/><T98/><D50/><U63/><E78/><V16/><F6/><W75/><G75/><T62/><D65/><U70/><E9/><V36/><F36/><W100/><G21/><T86/><D86/><U111/><E111/><V93/><F37/><W31/><G33/><N who="1" m="12906" /><E101/><V79/><F79/><W38/><G102/><T110/><D110/><U42/><E107/><V71/><F71/><W131/><G131/><T55/><D55/><U58/><E58/><V105/><F105/><W94/><REACH who="3" step="1"/><G49/><AGARI ba="1,1" hai="10,12,14,15,16,45,49,54,80,84,89,93,97,103" machi="49" ten="40,8000,1" yaku="25,2,8,1,52,1,54,1" doraHai="7" who="2" fromWho="3" sc="281,0,282,0,194,93,233,-83" /><INIT seed="2,0,0,4,1,127" ten="281,282,287,150" oya="2" hai0="31,66,27,20,8,117,105,65,6,98,59,34,121" hai1="12,16,29,43,45,133,4,11,97,109,1,53,87" hai2="88,52,72,82,14,83,91,76,7,74,95,30,40" hai3="9,70,89,123,94,119,126,58,48,69,0,106,134"/><V42/><F30/><W15/><G106/><T57/><D121/><U71/><E109/><V75/><F91/><W81/><G123/><T111/><D111/><U93/><E71/><V51/><F7/><W99/><G0/><T125/><D125/><U85/><E133/><V60/><F14/><W64/><G126/><T116/><D34/><U122/><E53/><V107/><F107/><W46/><G134/><T67/><D105/><U23/><E29/><V39/><F39/><W41/><G119/><N who="0" m="45643" /><D98/><U78/><E78/><V113/><F113/><W24/><G24/><T54/><D54/><U47/><E122/><V92/><F60/><W135/><G135/><T17/><D31/><U33/><E33/><V26/><F26/><W5/><G64/><T10/><D10/><U49/><REACH who="1" step="1"/><E45/><REACH who="1" ten="281,272,287,150" step="2"/><V118/><F118/><W108/><G108/><T19/><D67/><U25/><E25/><V77/><F74/><W56/><G69/><T35/><D35/><U131/><E131/><V50/><F52/><W112/><G70/><T13/><D66/><U120/><E120/><V110/><F110/><W128/><G112/><T80/><D65/><U102/><AGARI ba="0,1" hai="1,4,11,12,16,23,43,47,49,85,87,93,97,102" machi="102" ten="20,5200,0" yaku="1,1,0,1,7,1,54,1,53,0" doraHai="127" doraHaiUra="22" who="1" fromWho="1" sc="281,-13,272,62,287,-26,150,-13" /><INIT seed="3,0,0,5,3,95" ten="268,334,261,137" oya="3" hai0="11,14,115,120,129,100,83,30,135,9,29,57,39" hai1="121,84,68,64,20,113,79,35,78,2,103,90,82" hai2="89,54,130,118,19,106,133,48,93,1,126,63,76" hai3="87,96,12,97,46,44,15,116,108,40,42,56,25"/><W33/><G116/><T6/><D120/><U72/><E2/><V75/><F118/><W122/><G122/><T43/><D129/><U26/><E121/><V38/><F106/><W71/><G71/><T18/><D135/><U125/><E113/><V66/><F133/><W101/><G33/><T10/><D115/><U61/><E125/><V107/><F107/><W32/><G32/><T109/><D109/><U34/><E103/><V41/><F1/><W31/><G108/><T22/><D100/><U53/><E53/><V111/><F111/><W86/><G101/><T110/><D110/><U50/><E50/><V94/><F130/><W27/><G56/><T117/><D117/><U98/><E79/><V74/><F126/><W62/><G62/><T81/><D39/><U52/><E52/><V73/><F76/><W28/><AGARI ba="0,0" hai="12,15,25,27,28,31,40,42,44,46,86,87,96,97" machi="28" ten="25,18000,2" yaku="0,1,22,2,8,1,52,2" doraHai="95" who="3" fromWho="3" sc="268,-60,334,-60,261,-60,137,180" /><INIT seed="3,1,0,4,0,55" ten="208,274,201,317" oya="3" hai0="18,70,29,78,101,27,80,2,34,109,79,126,21" hai1="118,43,103,94,82,57,60,7,91,24,9,62,123" hai2="72,133,53,69,71,45,51,58,132,33,48,31,84" hai3="104,87,74,39,86,23,108,28,85,76,37,106,66"/><W119/><G119/><T81/><D109/><U131/><E123/><V36/><F72/><W96/><G108/><T11/><D126/><U10/><E131/><V16/><F36/><W8/><G74/><T121/><D121/><U120/><E120/><V41/><F33/><W49/><G76/><T93/><D70/><U65/><E118/><V61/><F31/><W115/><G115/><T88/><D101/><U54/><E103/><V92/><F92/><W135/><G96/><T20/><D79/><U68/><E82/><V111/><F84/><W3/><G66/><T14/><D78/><U128/><E128/><V30/><F30/><W42/><G39/><T73/><D73/><U19/><E43/><V44/><F111/><W83/><G83/><T116/><D116/><U122/><E122/><V35/><F35/><W32/><G32/><T102/><D102/><U50/><E50/><V105/><F105/><W22/><G37/><T75/><D75/><U100/><E100/><V89/><F89/><W134/><G104/><T26/><D21/><N who="1" m="13375" /><E7/><V63/><F16/><W117/><G106/><T12/><D12/><U113/><E113/><V40/><F63/><W64/><G117/><T17/><REACH who="0" step="1"/><D2/><REACH who="0" ten="198,274,201,317" step="2"/><U114/><E114/><V112/><F112/><W25/><G23/><T107/><D107/><U6/><E68/><AGARI ba="1,1" hai="40,41,44,45,48,51,53,58,61,68,69,71,132,133" machi="68" ten="40,8000,1" yaku="9,1,34,3,52,1" doraHai="55" who="2" fromWho="1" sc="198,0,274,-83,201,93,317,0" /><INIT seed="4,0,0,4,4,85" ten="198,191,294,317" oya="0" hai0="68,12,18,4,117,56,15,59,57,23,29,129,133" hai1="67,40,48,121,135,36,49,79,125,113,39,61,126" hai2="11,46,98,63,101,41,62,10,60,71,119,22,81" hai3="2,102,25,88,115,44,134,86,93,5,103,58,104"/><T37/><D117/><U109/><E79/><V80/><F119/><W19/><G115/><T127/><D129/><U17/><E17/><V122/><F122/><W128/><G128/><T14/><D133/><U110/><E121/><V76/><F71/><W105/><G134/><T38/><D127/><N who="1" m="48651" /><E135/><V75/><F80/><W8/><G105/><T131/><D131/><U30/><E30/><V130/><F22/><W87/><G104/><T95/><D68/><N who="1" m="42095" /><E113/><V34/><F34/><W43/><G58/><T64/><D64/><U69/><E69/><V90/><F130/><W53/><G53/><T20/><D4/><U74/><E74/><V13/><F13/><W31/><G19/><T78/><D78/><U91/><E91/><V24/><F90/><W83/><G83/><T3/><D3/><U6/><E6/><V9/><F24/><W114/><G114/><T120/><D120/><U70/><E70/><V92/><REACH who="2" step="1"/><F62/><REACH who="2" ten="198,191,284,317" step="2"/><W111/><G103/><T96/><D29/><U33/><E33/><V35/><F35/><W77/><G102/><T123/><D123/><U55/><E49/><AGARI ba="0,1" hai="9,10,11,41,46,49,60,63,75,76,81,92,98,101" machi="49" ten="40,1300,0" yaku="1,1,53,0" doraHai="85" doraHaiUra="132" who="2" fromWho="1" sc="198,0,191,-13,284,23,317,0" /><INIT seed="5,0,0,3,5,29" ten="198,178,307,317" oya="1" hai0="68,122,65,94,38,53,102,81,108,105,57,42,56" hai1="87,69,125,114,16,12,17,131,30,74,104,52,101" hai2="5,107,119,33,32,62,2,60,132,106,85,14,7" hai3="10,110,134,89,82,26,64,93,76,70,95,35,116"/><U73/><E114/><V24/><F119/><W103/><G110/><T50/><D108/><U96/><E131/><V66/><F132/><W23/><G116/><T6/><D105/><U31/><E125/><V36/><F36/><W99/><G134/><T67/><D122/><U58/><E69/><V90/><F24/><W88/><G10/><T3/><D3/><U83/><E30/><V20/><F2/><W109/><G35/><T75/><D6/><U21/><E17/><V113/><F113/><W130/><G130/><T49/><D102/><U91/><REACH who="1" step="1"/><E31/><REACH who="1" ten="198,168,307,317" step="2"/><V71/><F71/><W59/><G70/><T86/><D68/><U118/><E118/><V43/><F5/><W124/><G124/><T41/><D75/><U117/><E117/><V129/><F7/><W22/><G109/><T25/><D25/><U37/><E37/><V44/><F129/><W0/><G26/><T98/><D38/><U13/><E13/><V34/><F14/><W45/><G0/><T27/><D27/><U115/><E115/><V127/><F127/><W79/><G22/><T128/><D128/><U135/><E135/><V121/><F20/><W80/><G23/><T51/><D41/><U78/><E78/><V28/><F28/><W123/><G79/><T48/><D42/><U4/><E4/><V133/><F133/><W47/><G76/><N who="0" m="46375" /><D56/><U54/><E54/><V11/><F43/><W9/><G59/><T72/><D72/><U1/><E1/><V39/><F39/><W120/><G120/><T97/><D57/><U100/><E100/><V19/><F121/><W92/><G123/><RYUUKYOKU ba="0,1" sc="198,-10,168,30,307,-10,317,-10" hai1="12,16,21,52,58,73,74,83,87,91,96,101,104" /><INIT seed="5,1,1,4,3,102" ten="188,198,297,307" oya="1" hai0="36,26,19,4,86,95,42,1,28,61,115,49,114" hai1="107,20,74,70,56,64,6,128,35,120,17,100,33" hai2="78,67,54,82,112,96,60,98,12,18,79,81,45" hai3="106,62,8,48,77,37,11,43,87,118,108,117,34"/><U111/><E120/><V50/><F112/><N who="0" m="43050" /><D36/><U89/><E56/><V124/><F124/><W116/><G108/><T65/><D19/><U41/><E89/><V127/><F127/><W135/><G135/><T92/><D86/><U68/><E20/><V66/><F79/><W71/><G34/><N who="1" m="12810" /><E17/><V29/><F29/><W85/><G37/><T104/><D104/><U88/><E88/><V32/><F32/><W123/><G123/><T130/><D28/><U40/><E111/><V25/><F25/><W23/><G23/><T10/><D26/><U99/><E64/><V7/><F7/><W76/><G106/><T103/><D103/><U9/><E41/><V0/><F0/><W113/><G113/><T121/><D121/><U31/><E31/><V93/><F67/><N who="3" m="41463" /><G77/><T52/><D42/><U109/><E109/><V13/><F66/><W73/><G73/><T27/><D27/><U15/><E40/><V55/><F78/><W21/><G21/><T91/><D91/><U16/><E74/><V53/><F81/><N who="3" m="47271" /><G87/><T38/><D38/><U133/><E133/><V105/><F82/><W83/><G83/><T72/><D72/><U59/><E6/><V90/><F90/><W132/><G132/><T122/><D122/><U125/><E125/><V51/><F96/><W69/><G69/><N who="1" m="26730" /><E59/><V126/><F98/><W94/><G94/><T97/><D92/><U134/><E134/><V39/><F93/><W110/><G110/><T22/><D95/><U14/><E14/><V75/><F12/><W101/><G101/><T46/><D65/><U3/><E3/><V24/><F126/><RYUUKYOKU ba="1,1" sc="188,-15,198,15,297,-15,307,15" hai1="9,15,16,99,100,107,128" hai3="8,11,43,48,116,117,118" /><INIT seed="5,2,1,2,4,72" ten="173,213,282,322" oya="1" hai0="114,135,55,118,40,67,30,59,3,19,49,126,127" hai1="105,44,14,58,71,103,95,119,83,63,17,35,98" hai2="89,20,120,123,23,24,77,129,38,12,29,62,70" hai3="93,51,57,61,99,6,28,27,13,74,109,8,94"/><U121/><E119/><V50/><F38/><W85/><G109/><T111/><D111/><U73/><E121/><V47/><F129/><W101/><G74/><T79/><D118/><U92/><E35/><V97/><F70/><W104/><G51/><T42/><D3/><U112/><E71/><V124/><F62/><W65/><REACH who="3" step="1"/><G85/><REACH who="3" ten="173,213,282,312" step="2"/><T90/><D49/><U76/><E112/><V130/><F50/><W106/><G106/><T7/><D114/><U84/><E73/><V52/><F123/><W39/><G39/><T41/><D41/><U81/><E44/><V68/><F120/><W86/><G86/><T36/><D40/><U115/><E115/><V91/><F47/><W87/><G87/><T43/><D42/><U25/><E83/><V96/><F96/><W69/><G69/><T60/><D43/><U46/><E46/><V10/><F97/><W82/><G82/><T26/><D36/><U5/><E63/><V117/><F68/><W75/><G75/><T53/><D60/><U1/><E58/><V33/><F117/><W21/><AGARI ba="2,2" hai="6,8,13,21,27,28,57,61,65,93,94,99,101,104" machi="21" ten="20,2700,0" yaku="1,1,0,1,7,1,53,0" doraHai="72" doraHaiUra="128" who="3" fromWho="3" sc="173,-9,213,-15,282,-9,312,53" /><INIT seed="6,0,0,5,0,67" ten="164,198,273,365" oya="2" hai0="20,70,51,102,81,119,46,121,43,93,14,13,3" hai1="49,125,65,95,128,56,48,122,103,92,135,22,130" hai2="87,39,100,132,90,74,83,40,8,69,94,42,53" hai3="112,0,35,86,37,23,127,72,16,80,131,32,76"/><V63/><F132/><W104/><G0/><T5/><D121/><U19/><E122/><V66/><F8/><W133/><G37/><T21/><D119/><U79/><E79/><V120/><F120/><W78/><G133/><T31/><D3/><U88/><E135/><V73/><F53/><W1/><G1/><T60/><D81/><U91/><E103/><V7/><F7/><W4/><G4/><T84/><D5/><U82/><E82/><V47/><REACH who="2" step="1"/><F42/><REACH who="2" ten="164,198,263,365" step="2"/><W115/><G78/><T6/><D6/><U33/><E130/><V64/><F64/><W108/><G131/><T109/><D43/><U62/><E65/><V36/><F36/><W59/><G115/><T101/><D109/><U41/><E41/><V10/><F10/><W129/><G108/><T54/><D54/><U12/><E128/><V30/><F30/><W124/><G112/><T28/><D31/><U61/><E49/><V52/><F52/><W11/><G11/><T123/><D28/><U58/><E48/><V85/><F85/><W99/><G129/><T55/><D123/><U98/><E19/><V50/><F50/><W27/><G86/><T71/><D60/><U45/><E62/><V134/><F134/><W17/><G17/><N who="0" m="10287" /><D71/><U2/><E61/><V9/><F9/><W96/><G59/><T57/><D70/><U89/><E58/><V38/><F38/><W117/><G117/><T113/><D57/><U44/><E56/><V68/><F68/><W24/><G76/><T118/><D118/><U26/><E2/><V15/><F15/><W116/><G116/><T97/><D113/><RYUUKYOKU ba="0,1" sc="164,-10,198,-10,263,30,365,-10" hai2="39,40,47,63,66,69,73,74,83,87,90,94,100" /><INIT seed="6,1,1,1,2,88" ten="154,188,293,355" oya="2" hai0="47,48,134,110,20,116,75,95,127,66,91,40,9" hai1="106,118,114,38,42,109,117,132,59,101,19,107,94" hai2="4,103,5,99,52,90,23,76,79,10,81,102,32" hai3="35,46,24,45,121,86,1,16,50,58,70,18,22"/><V37/><F32/><W15/><G70/><T92/><D110/><U26/><E19/><V126/><F37/><W13/><G1/><T44/><D75/><U65/><E59/><V43/><F43/><W53/><G121/><T111/><D111/><U36/><E26/><V125/><F23/><W31/><REACH who="3" step="1"/><G86/><REACH who="3" ten="154,188,293,345" step="2"/><T14/><D116/><U130/><E117/><V84/><F126/><W72/><G72/><T7/><D127/><U17/><E118/><V120/><F125/><W0/><G0/><T74/><D74/><U25/><E109/><V129/><F120/><W33/><G33/><T11/><D134/><U41/><E132/><V57/><F129/><W80/><G80/><T12/><D66/><U119/><E65/><V83/><F83/><W122/><G122/><T98/><D20/><AGARI ba="1,2" hai="13,15,16,18,20,22,24,31,35,45,46,50,53,58" machi="20" ten="30,7700,0" yaku="1,1,7,1,9,1,54,1,53,0" doraHai="88" doraHaiUra="77" who="3" fromWho="0" sc="154,-80,188,0,293,0,345,100" /><INIT seed="7,0,0,5,4,117" ten="74,188,293,445" oya="3" hai0="27,31,17,84,2,72,33,22,122,67,28,9,129" hai1="91,101,61,94,62,112,32,15,102,127,107,108,59" hai2="19,35,5,14,128,30,13,126,79,43,88,113,37" hai3="105,132,76,124,42,119,29,8,40,121,85,130,64"/><W49/><G119/><T86/><D72/><U34/><E15/><V69/><F69/><W83/><G105/><T53/><D67/><U134/><E61/><V131/><F113/><W10/><G64/><T38/><D38/><U36/><E91/><V90/><F79/><W100/><G100/><T92/><D122/><U4/><E59/><V3/><F35/><W104/><G121/><T97/><D129/><U70/><E94/><V68/><F68/><W116/><G104/><T73/><D73/><U89/><E89/><V0/><F30/><W45/><G124/><T54/><D84/><U44/><E102/><V65/><F65/><W41/><G132/><T18/><D86/><U78/><E78/><V123/><F43/><N who="3" m="24767" /><G130/><T58/><D53/><U55/><E55/><V60/><F60/><W77/><G116/><T75/><D75/><U7/><E70/><V56/><F56/><W125/><G125/><T11/><D11/><N who="3" m="4137" /><G29/><T63/><D33/><U106/><E34/><V96/><F96/><W50/><G50/><T98/><D98/><N who="1" m="61751" /><E32/><V20/><F37/><W120/><G120/><T81/><D81/><U6/><E127/><V21/><F126/><W111/><G111/><T99/><D99/><U118/><E108/><V110/><F110/><W95/><G77/><T74/><D74/><U39/><E39/><V52/><F52/><W133/><G133/><T109/><D109/><U47/><E134/><V82/><F82/><W66/><G66/><T115/><D115/><U46/><E112/><V80/><F80/><W114/><G114/><T24/><D2/><U48/><E36/><RYUUKYOKU ba="0,0" sc="74,-10,188,-10,293,-10,445,30" hai3="40,41,42,76,83,85,95" owari="64,-44.0,178,-22.0,283,8.0,475,58.0" /></mjloggm>