<mjloggm ver="2.3"><GO type="225" lobby="0"/><UN n0="%E3%81%84%E3%81%91%E3%81%9F%E3%82%93" n1="%E3%82%A6%E3%83%AB%E3%83%88%E3%83%A9%E7%AB%8B%E7%9B%B4" n2="%E4%BB%A3%E6%89%93%E3%81%A1%E3%81%AE%E7%A5%9E%E6%A7%98" n3="%4D%40%53%4F" dan="16,17,17,17" rate="2129.66,2112.76,2156.49,2170.42" sx="M,M,M,M"/><TAIKYOKU oya="0"/><INIT seed="0,0,0,4,4,27" ten="250,250,250,250" oya="0" hai0="125,108,100,37,87,123,21,109,41,72,23,38,19" hai1="20,88,73,90,106,80,127,111,0,45,15,13,58" hai2="76,18,70,92,31,116,120,89,66,30,9,68,59" hai3="133,52,2,74,107,65,119,46,36,75,6,93,12"/><T78/><D72/><U4/><E106/><V34/><F120/><W35/><G119/><T7/><D123/><U124/><E111/><N who="0" m="42569" /><D125/><N who="1" m="48203" /><E58/><V57/><F70/><W69/><G12/><T132/><D132/><U117/><E117/><V81/><F34/><W118/><G118/><T43/><D7/><U25/><E45/><V121/><F68/><W112/><G112/><T85/><D100/><U51/><E51/><V56/><F66/><W114/><G114/><T135/><D135/><U33/><E33/><V84/><F116/><W103/><G103/><T104/><D104/><U113/><E113/><V86/><F121/><W11/><G107/><T94/><D78/><N who="1" m="44111" /><E0/><V128/><F128/><W16/><G2/><T131/><D131/><U22/><E13/><AGARI ba="0,0" hai="9,13,18,30,31,56,57,59,76,81,84,86,89,92" machi="13" ten="40,5200,0" yaku="8,1,52,2" doraHai="27" who="2" fromWho="1" sc="250,0,250,-52,250,52,250,0" /><INIT seed="1,0,0,4,4,7" ten="250,198,302,250" oya="1" hai0="99,83,35,115,12,16,71,93,52,135,18,78,51" hai1="128,39,77,19,50,81,73,121,131,129,46,66,22" hai2="47,58,9,5,130,86,126,59,17,38,29,84,11" hai3="32,28,70,94,23,42,64,65,60,111,2,80,102"/><U107/><E107/><V0/><F126/><W79/><G32/><T82/><D115/><U112/><E112/><V113/><F113/><W6/><G111/><T20/><D35/><U100/><E100/><V45/><F130/><W69/><G42/><T92/><D71/><U118/><E118/><V15/><F29/><W54/><G54/><T37/><D37/><U117/><E117/><V90/><F86/><W97/><G65/><T75/><D83/><U57/><E39/><V72/><F72/><W124/><G124/><T1/><D1/><U122/><E57/><V89/><F89/><W87/><G70/><T101/><D135/><U21/><E66/><V120/><F120/><W40/><G40/><T110/><D110/><U30/><E30/><V25/><F25/><W125/><G125/><T68/><D68/><U44/><E44/><V13/><F0/><W104/><G104/><T24/><D99/><U62/><E62/><V67/><F38/><W53/><G53/><T134/><D101/><U108/><E108/><V98/><F98/><W36/><G36/><T61/><D61/><U106/><E106/><V85/><F85/><W123/><G123/><N who="1" m="47114" /><E19/><V4/><F17/><W14/><G2/><T105/><D105/><U96/><E96/><V116/><F116/><W76/><G76/><T109/><D109/><U88/><E88/><V27/><F27/><N who="3" m="16511" /><G6/><T34/><D34/><U55/><AGARI ba="0,0" hai="21,22,46,50,55,73,77,81,128,129,131" m="47114" machi="55" ten="40,2100,0" yaku="19,1" doraHai="7" who="1" fromWho="1" sc="250,-7,198,21,302,-7,250,-7" /><INIT seed="1,1,0,2,0,24" ten="243,219,295,243" oya="1" hai0="96,93,12,110,52,73,106,69,107,38,6,62,15" hai1="20,45,98,71,81,115,124,23,44,125,13,48,88" hai2="40,123,132,135,46,27,82,87,50,77,130,100,89" hai3="21,127,34,31,109,76,67,70,97,64,14,58,111"/><U80/><E71/><V103/><F123/><W108/><G127/><N who="1" m="48714" /><E115/><V75/><F27/><N who="3" m="18815" /><G70/><T83/><D38/><U28/><E45/><V56/><F56/><W102/><G76/><T94/><D69/><U78/><E13/><V1/><F1/><W114/><G114/><T120/><D120/><U118/><E118/><V36/><F36/><W16/><G58/><N who="0" m="35143" /><D73/><N who="1" m="43087" /><E28/><V63/><F63/><W90/><G90/><T131/><D12/><U30/><E30/><V53/><F40/><W29/><G29/><T65/><D15/><U35/><E35/><V128/><F103/><W85/><G85/><T72/><D72/><U10/><E10/><V91/><F100/><W37/><G37/><T5/><D5/><U84/><E98/><V0/><F0/><W66/><G66/><T112/><D6/><U134/><E134/><N who="2" m="51243" /><F91/><W43/><G43/><AGARI ba="1,0" hai="20,23,43,44,48,81,84,88" m="43087,48714" machi="43" ten="30,2900,0" yaku="18,1,54,1" doraHai="24" who="1" fromWho="3" sc="243,0,219,32,295,0,243,-32" /><INIT seed="1,2,0,3,4,100" ten="243,251,295,211" oya="1" hai0="49,101,9,124,19,2,130,68,35,132,29,81,85" hai1="51,82,27,33,50,7,115,59,108,111,32,72,131" hai2="74,56,96,57,24,73,71,16,45,105,1,129,86" hai3="76,98,23,13,106,107,37,15,34,78,54,119,135"/><U42/><E115/><V18/><F71/><W84/><G34/><T113/><D68/><U122/><E122/><V125/><F1/><W75/><G37/><T53/><D113/><U5/><E131/><V62/><F129/><W127/><G75/><T120/><D130/><U21/><E82/><V0/><F0/><W102/><G54/><T26/><D120/><U89/><E89/><V83/><F125/><W103/><G127/><T55/><D124/><U116/><E72/><V22/><F45/><W91/><G23/><T65/><D65/><U12/><E116/><V93/><F105/><N who="3" m="39947" /><G15/><T31/><D31/><U109/><E12/><V79/><F74/><W64/><G13/><T39/><D19/><N who="1" m="12735" /><E51/><V128/><F128/><W3/><G3/><T90/><D39/><U88/><E88/><N who="2" m="55335" /><F73/><W46/><G119/><T70/><D49/><U80/><E80/><V133/><F57/><W14/><G14/><T112/><D70/><U61/><E50/><V47/><F47/><W95/><G64/><T114/><D112/><U97/><E97/><V92/><F92/><N who="3" m="54375" /><G46/><T66/><D114/><U6/><E42/><V28/><F18/><W63/><G63/><T69/><D2/><U40/><E40/><V44/><F44/><W48/><G48/><T94/><D9/><U58/><E58/><V43/><F43/><W30/><G30/><T4/><D29/><U10/><E10/><V110/><F28/><W11/><G11/><T17/><D35/><U99/><E99/><V60/><F56/><W134/><G103/><T36/><D36/><U41/><E41/><V67/><F67/><AGARI ba="2,0" hai="5,6,7,32,33,59,61,67,108,109,111" m="12735" machi="67" ten="40,7700,0" yaku="6,1,14,1,10,1" doraHai="100" who="1" fromWho="2" sc="243,0,251,83,295,-83,211,0" /><INIT seed="1,3,0,0,0,10" ten="243,334,212,211" oya="1" hai0="89,127,101,8,30,124,40,102,36,81,3,11,112" hai1="98,31,120,67,100,122,94,24,104,49,54,128,34" hai2="55,69,29,108,87,110,71,12,7,47,38,117,9" hai3="2,72,113,126,58,130,27,82,33,114,19,18,63"/><U119/><E128/><V6/><F117/><W70/><G130/><T93/><D112/><U28/><E119/><V48/><F29/><W62/><G2/><T132/><D30/><U13/><E31/><V103/><F7/><W134/><G33/><T41/><D81/><U88/><E67/><V39/><F103/><N who="0" m="39434" /><D132/><U121/><E13/><V60/><F87/><W4/><G4/><N who="0" m="1055" /><D11/><U20/><E34/><V68/><REACH who="2" step="1"/><F60/><REACH who="2" ten="243,334,202,211" step="2"/><W106/><G63/><T95/><D36/><AGARI ba="3,1" hai="6,9,12,36,38,39,47,48,55,68,69,71,108,110" machi="36" ten="50,6400,0" yaku="1,1,2,1,52,1,53,0" doraHai="10" doraHaiUra="53" who="2" fromWho="0" sc="243,-73,334,0,202,83,211,0" /><INIT seed="2,0,0,2,4,120" ten="170,334,285,211" oya="2" hai0="37,34,129,77,67,60,104,55,52,2,96,115,68" hai1="71,54,36,105,93,81,35,97,112,46,50,121,12" hai2="78,16,116,134,70,21,14,17,90,85,79,113,6" hai3="119,64,24,10,58,28,92,132,87,106,114,57,91"/><V123/><F113/><W13/><G119/><T131/><D115/><U127/><E105/><V1/><F116/><W41/><G114/><T48/><D2/><U15/><E112/><V135/><F123/><W110/><G110/><T99/><D37/><U11/><E71/><V122/><F70/><W65/><G106/><T133/><D34/><U59/><E35/><V100/><F100/><W80/><G132/><N who="2" m="50729" /><F122/><W74/><G41/><T18/><D133/><U66/><E121/><V88/><F6/><W32/><G58/><T107/><D77/><N who="2" m="29194" /><F1/><W0/><G0/><T42/><D42/><U73/><E73/><V33/><F33/><W25/><G25/><T49/><D68/><U43/><E15/><N who="2" m="9375" /><F85/><W62/><G74/><T98/><D98/><U125/><E12/><V102/><F102/><W19/><REACH who="3" step="1"/><G80/><REACH who="3" ten="170,334,285,201" step="2"/><T94/><D60/><U128/><E81/><V53/><F53/><AGARI ba="0,1" hai="10,13,19,24,28,32,53,57,62,64,65,87,91,92" machi="53" ten="30,3900,0" yaku="1,1,2,1,7,1,53,0" doraHai="120" doraHaiUra="38" who="3" fromWho="2" sc="170,0,334,0,285,-39,201,49" /><INIT seed="3,0,0,4,4,1" ten="170,334,246,250" oya="3" hai0="109,18,122,14,73,21,99,66,51,108,42,117,68" hai1="5,96,10,3,38,37,58,129,110,11,111,126,93" hai2="76,91,65,101,26,82,25,41,92,35,16,57,102" hai3="9,63,113,71,77,134,56,80,90,40,86,120,118"/><W75/><G113/><T6/><D73/><U130/><E11/><V72/><F41/><W7/><G118/><T29/><D117/><U36/><E58/><V52/><F65/><W30/><G120/><T135/><D122/><U125/><E130/><V45/><F45/><W46/><G134/><T106/><D135/><U124/><E129/><V131/><F26/><W115/><G115/><T105/><D42/><U85/><E85/><V44/><F44/><W32/><G71/><T55/><D66/><U95/><E95/><V89/><F89/><AGARI ba="0,0" hai="3,5,10,36,37,38,89,93,96,110,111,124,125,126" machi="89" ten="50,3200,0" yaku="18,1,52,1" doraHai="1" who="1" fromWho="2" sc="170,0,334,32,246,-32,250,0" owari="170,-33.0,366,47.0,214,-19.0,250,5.0" /></mjloggm>