<mjloggm ver="2.3"><GO type="169" lobby="0"/><UN n0="%41%44%50" n1="%E3%81%A4%E3%81%8F%E3%81%AD%E3%82%93" n2="%E3%82%A6%E3%83%AB%E3%83%88%E3%83%A9%E7%AB%8B%E7%9B%B4" n3="%6D%6F%6E%6F%2D%31%34" dan="16,16,16,18" rate="2088.61,2111.83,2157.11,2228.03" sx="M,M,M,M"/><TAIKYOKU oya="0"/><INIT seed="0,0,0,0,1,23" ten="250,250,250,250" oya="0" hai0="48,119,34,13,6,128,37,60,57,78,45,8,96" hai1="56,82,98,52,64,26,30,73,93,115,25,33,24" hai2="91,50,28,111,38,16,63,81,3,118,134,99,12" hai3="104,86,49,55,124,69,103,120,132,107,122,116,27"/><T117/><D128/><U102/><E115/><V15/><F38/><W10/><G69/><T95/><D34/><U127/><E127/><V89/><F3/><W112/><G116/><T100/><D37/><U21/><E33/><V2/><F2/><W4/><G112/><T75/><D75/><U7/><E7/><V40/><F118/><W35/><G124/><T5/><D78/><N who="1" m="44367" /><E52/><V61/><F134/><W126/><G132/><T53/><REACH who="0" step="1"/><D6/><REACH who="0" ten="240,250,250,250" step="2"/><U90/><E90/><V9/><F91/><W85/><G126/><T51/><D51/><U70/><E70/><V31/><F89/><W46/><G35/><T108/><D108/><U17/><E17/><V14/><F111/><W41/><G4/><T54/><AGARI ba="0,1" hai="5,8,13,45,48,53,54,57,60,95,96,100,117,119" machi="54" ten="20,3900,0" yaku="1,1,0,1,7,1,53,0" doraHai="23" doraHaiUra="18" who="0" fromWho="0" sc="240,49,250,-13,250,-13,250,-13" /><INIT seed="0,1,0,2,2,133" ten="289,237,237,237" oya="0" hai0="135,118,84,54,32,17,40,22,69,82,101,49,26" hai1="86,24,131,112,107,15,97,80,132,6,94,115,83" hai2="42,122,68,10,14,124,100,123,16,76,55,67,72" hai3="7,58,46,64,70,57,20,110,13,102,33,130,31"/><T116/><D135/><U90/><E132/><V41/><F100/><W92/><G33/><T65/><D32/><U78/><E24/><V73/><F67/><W4/><G70/><T95/><D40/><U117/><E6/><V0/><F68/><W96/><G130/><T63/><D95/><U121/><E15/><V105/><F105/><W106/><G106/><T93/><D93/><U77/><E117/><V81/><F72/><W38/><G110/><T99/><D99/><U27/><E27/><V104/><F104/><W60/><G57/><T39/><D39/><U45/><E45/><V85/><F73/><W125/><G125/><T34/><D101/><N who="1" m="62895" /><E121/><V29/><F124/><W89/><G89/><T128/><D128/><U134/><E134/><V52/><F0/><W127/><G127/><T9/><D9/><U5/><E5/><V75/><F75/><W98/><G98/><T114/><D34/><U12/><E12/><V88/><F123/><W2/><G2/><T71/><D71/><U129/><E83/><N who="2" m="47335" /><F29/><W3/><G3/><T120/><D120/><U8/><E77/><V36/><F36/><W37/><G37/><T50/><D116/><U109/><E8/><V51/><F122/><W56/><G7/><T48/><D118/><U62/><E62/><V61/><F61/><N who="3" m="37927" /><G38/><T87/><D63/><U21/><E21/><V25/><F25/><N who="3" m="16807" /><G13/><T53/><D69/><U108/><E131/><V11/><F11/><W18/><G4/><T91/><D65/><U30/><E129/><V28/><F28/><W1/><G1/><T126/><D126/><U119/><E119/><RYUUKYOKU ba="1,0" sc="289,0,237,0,237,0,237,0" /><INIT seed="1,2,0,4,0,131" ten="289,237,237,237" oya="1" hai0="99,57,8,69,55,118,45,38,41,97,14,60,18" hai1="53,40,111,46,78,104,50,1,27,114,43,2,25" hai2="64,4,120,94,32,17,36,16,68,24,37,47,82" hai3="62,76,13,67,93,85,39,126,81,103,90,21,108"/><U112/><E104/><V20/><F120/><W63/><G39/><T33/><D118/><U26/><E111/><V92/><F4/><W106/><G108/><T42/><D33/><U6/><E78/><V84/><F32/><W116/><G126/><T132/><D42/><U110/><E110/><V95/><F47/><W29/><G116/><T71/><REACH who="0" step="1"/><D132/><REACH who="0" ten="279,237,237,237" step="2"/><U7/><E43/><V129/><F129/><W10/><G106/><T119/><D119/><U100/><E114/><V15/><F37/><W91/><G103/><T113/><D113/><U117/><E100/><V49/><F36/><W124/><G124/><T128/><D128/><U79/><E112/><V9/><F49/><W134/><G134/><T102/><D102/><U125/><E40/><V107/><F107/><W121/><G121/><T109/><D109/><U35/><E35/><V72/><F72/><W65/><G63/><T127/><D127/><U30/><E117/><V98/><F98/><AGARI ba="2,1" hai="8,14,18,38,41,45,55,57,60,69,71,97,98,99" machi="98" ten="40,1300,0" yaku="1,1,53,0" doraHai="131" doraHaiUra="105" who="0" fromWho="2" sc="279,29,237,0,237,-19,237,0" /><INIT seed="2,0,0,3,4,66" ten="308,237,218,237" oya="2" hai0="57,77,68,70,99,31,7,47,1,82,72,25,46" hai1="132,51,103,98,126,30,76,114,62,91,5,80,106" hai2="2,113,6,129,78,133,40,96,95,43,42,32,112" hai3="21,10,52,84,90,69,56,24,50,134,124,48,73"/><V33/><F78/><W128/><G73/><T135/><D99/><U83/><E5/><V71/><F71/><W37/><G37/><T55/><D7/><U19/><E132/><V4/><F133/><W8/><G128/><T123/><D1/><U92/><E114/><V54/><F129/><W64/><G134/><T41/><D135/><U105/><E126/><V81/><F81/><W104/><G104/><T27/><D123/><U121/><E121/><V28/><F6/><W22/><G22/><T130/><D130/><U34/><E19/><V15/><F2/><W75/><G75/><T79/><D79/><U110/><E51/><V108/><F108/><W100/><G100/><T11/><D11/><U122/><E122/><V88/><F54/><W85/><G85/><T44/><D41/><U67/><E110/><V9/><REACH who="2" step="1"/><F28/><REACH who="2" ten="308,237,208,237" step="2"/><W89/><G69/><T131/><D131/><U60/><E80/><V94/><F94/><W13/><G64/><T125/><D70/><U36/><E67/><V39/><F39/><W16/><G50/><T117/><D82/><U45/><E106/><V59/><F59/><W93/><G124/><T65/><D57/><U26/><E36/><V111/><F111/><W107/><G107/><T115/><D65/><U58/><E58/><V0/><F0/><W101/><G101/><T118/><D68/><U18/><E83/><V14/><F14/><W109/><G109/><T12/><D12/><U3/><E76/><V120/><F120/><W23/><G90/><T102/><D102/><U38/><E3/><V53/><F53/><W119/><G119/><RYUUKYOKU ba="0,1" sc="308,-15,237,-15,208,15,237,15" hai2="4,9,15,32,33,40,42,43,88,95,96,112,113" hai3="8,10,13,16,21,23,24,48,52,56,84,89,93" /><INIT seed="2,1,1,5,2,119" ten="293,222,223,252" oya="2" hai0="125,109,38,78,88,68,8,33,7,132,98,6,104" hai1="93,58,100,111,66,50,124,46,45,36,127,74,75" hai2="13,105,47,70,83,135,114,94,35,21,4,108,23" hai3="59,120,85,130,121,56,17,118,64,77,95,2,42"/><V131/><F70/><W79/><G118/><T91/><D109/><U27/><E111/><V43/><F105/><W134/><G2/><T112/><D112/><U67/><E27/><V19/><F35/><W128/><G42/><T126/><D68/><U28/><E28/><V92/><F108/><W48/><G17/><T52/><D132/><U55/><E100/><V16/><F114/><W32/><G32/><T133/><D133/><U54/><E93/><V18/><F135/><W20/><G20/><T84/><D38/><U60/><E75/><V65/><F65/><N who="1" m="24585" /><E74/><V102/><F131/><N who="3" m="50219" /><G134/><T86/><D33/><U29/><E29/><V81/><F4/><W3/><G3/><T30/><D30/><U73/><E73/><V117/><F117/><W11/><G11/><T115/><D8/><U99/><E99/><V39/><F19/><W26/><G26/><T9/><D9/><U87/><E87/><V82/><REACH who="2" step="1"/><F102/><REACH who="2" ten="293,222,213,252" step="2"/><W31/><G31/><T106/><D115/><U14/><E14/><AGARI ba="1,2" hai="13,14,16,18,21,23,39,43,47,81,82,83,92,94" machi="14" ten="40,12000,1" yaku="1,1,2,1,9,1,54,1,53,0" doraHai="119" doraHaiUra="129" who="2" fromWho="1" sc="293,0,222,-123,213,143,252,0" /><INIT seed="2,2,0,5,2,70" ten="293,99,356,252" oya="2" hai0="54,118,47,18,12,51,24,55,79,99,98,74,40" hai1="85,62,120,77,50,68,34,101,76,135,38,123,45" hai2="105,19,110,124,84,16,97,8,3,122,9,5,117" hai3="115,129,42,20,4,26,61,63,134,133,121,112,106"/><V80/><F122/><N who="1" m="46633" /><E34/><V2/><F117/><W59/><G106/><T103/><D118/><U56/><E135/><N who="3" m="51722" /><G121/><T7/><D79/><N who="1" m="30283" /><E101/><V102/><F124/><W91/><G4/><T44/><D74/><U30/><E85/><V88/><F110/><W0/><G0/><T27/><D7/><AGARI ba="2,0" hai="2,3,5,7,8,9,16,19,80,84,88,97,102,105" machi="7" ten="40,7700,0" yaku="9,1,54,2" doraHai="70" who="2" fromWho="0" sc="293,-83,99,0,356,83,252,0" /><INIT seed="2,3,0,2,0,96" ten="210,99,439,252" oya="2" hai0="60,12,123,45,101,67,36,106,89,9,2,114,26" hai1="84,29,108,74,39,42,50,64,3,126,121,28,127" hai2="47,100,31,5,115,131,117,51,83,132,72,75,119" hai3="128,25,4,116,43,52,27,48,54,56,93,73,133"/><V11/><F115/><W98/><G73/><T17/><D123/><U70/><E74/><V18/><F131/><W86/><G128/><T13/><D114/><U8/><E108/><V113/><F113/><W104/><G104/><T30/><D2/><U63/><E121/><V10/><F31/><W34/><G34/><N who="0" m="20823" /><D12/><U81/><E39/><V6/><F18/><W32/><G32/><T112/><D89/><U107/><E107/><V80/><F51/><W99/><G43/><T105/><D105/><U125/><E42/><V35/><F47/><W59/><G4/><T135/><D45/><U41/><E41/><V19/><F19/><W38/><G38/><T88/><D88/><N who="1" m="51215" /><E50/><V20/><F35/><W65/><G93/><T118/><D112/><U58/><E70/><V44/><F44/><W33/><G33/><T77/><D77/><U94/><E94/><V7/><F7/><AGARI ba="3,0" hai="3,7,8,28,29,58,63,64,125,126,127" m="51215" machi="7" ten="30,2000,0" yaku="18,1,54,1" doraHai="96" who="1" fromWho="2" sc="210,0,99,29,439,-29,252,0" /><INIT seed="3,0,0,2,4,129" ten="210,128,410,252" oya="3" hai0="109,18,58,35,70,60,62,89,55,51,49,78,22" hai1="100,12,97,85,26,101,31,82,46,47,66,76,87" hai2="73,134,103,99,63,124,104,56,126,44,11,106,93" hai3="71,52,112,128,13,6,114,98,96,21,68,61,16"/><W64/><G128/><T105/><D109/><U81/><E12/><V57/><F73/><W32/><G32/><T42/><D35/><U102/><E66/><V118/><F118/><W127/><G127/><N who="2" m="48681" /><F134/><W36/><G36/><T40/><D78/><U92/><E47/><V30/><F30/><W90/><G90/><T74/><D74/><U25/><E46/><V80/><F80/><W20/><G68/><T59/><D105/><U53/><E53/><N who="2" m="34191" /><F57/><N who="3" m="34983" /><G71/><T28/><D70/><U9/><E9/><V115/><F115/><N who="3" m="44075" /><G64/><N who="0" m="38935" /><D89/><U50/><E50/><N who="0" m="18953" /><D28/><U86/><E25/><AGARI ba="0,0" hai="18,22,25,40,42,55,59,62" m="18953,38935" machi="25" ten="30,1000,0" yaku="8,1" doraHai="129" who="0" fromWho="1" sc="210,10,128,-10,410,0,252,0" /><INIT seed="4,0,0,2,5,84" ten="220,118,410,252" oya="0" hai0="19,14,77,119,64,103,21,88,132,42,9,125,28" hai1="62,123,57,37,13,48,6,66,25,70,114,55,23" hai2="126,54,99,75,83,101,36,78,94,117,124,67,0" hai3="29,50,127,26,5,59,51,24,47,113,68,35,131"/><T82/><D119/><U33/><E123/><V133/><F36/><W97/><G68/><T10/><D125/><N who="2" m="48234" /><F0/><W110/><G110/><T27/><D132/><U34/><E114/><V1/><F1/><W105/><G5/><T49/><D103/><U85/><E6/><V81/><F67/><W20/><G131/><T87/><D64/><U53/><E13/><V107/><F54/><W100/><G113/><T79/><D10/><U74/><E74/><V8/><F8/><W122/><G122/><T31/><D31/><U32/><E37/><V72/><F133/><W41/><G59/><T43/><D42/><U91/><E55/><V102/><F117/><W95/><G127/><T92/><D92/><U96/><E96/><N who="2" m="61895" /><F83/><W128/><G128/><T71/><D71/><U111/><E111/><V2/><F2/><W30/><G50/><T120/><D120/><U104/><E104/><V60/><F60/><W130/><G105/><T58/><D58/><U18/><REACH who="1" step="1"/><E33/><REACH who="1" ten="220,108,410,252" step="2"/><V44/><F44/><AGARI ba="0,1" hai="9,14,19,21,27,28,43,44,49,77,79,82,87,88" machi="44" ten="40,7700,0" yaku="8,1,52,1,54,1" doraHai="84" who="0" fromWho="2" sc="220,87,108,0,410,-77,252,0" /><INIT seed="4,1,0,4,2,12" ten="307,108,333,252" oya="0" hai0="14,106,1,25,74,82,113,23,104,20,103,55,65" hai1="100,43,80,13,124,89,60,18,71,72,49,87,37" hai2="19,62,41,69,75,31,42,132,116,133,127,52,46" hai3="21,51,38,108,67,73,81,120,115,3,10,34,17"/><T101/><D1/><U118/><E118/><V77/><F31/><W86/><G73/><T28/><D106/><U122/><E122/><V66/><F77/><W110/><G38/><T7/><D113/><U85/><E124/><V131/><F75/><W40/><G115/><T111/><D65/><U83/><E72/><V32/><F32/><W76/><G67/><T24/><D111/><U53/><E100/><V44/><F116/><W30/><G120/><T0/><D0/><U117/><E117/><V64/><F19/><W45/><G34/><T79/><D104/><U27/><E27/><V90/><F90/><W11/><G30/><T6/><D55/><U56/><E37/><N who="2" m="21551" /><F127/><W125/><G125/><T94/><D14/><U119/><E119/><V93/><F93/><W123/><G123/><T107/><D107/><U97/><E97/><V36/><F131/><W91/><G76/><T50/><D50/><U68/><E43/><V134/><F66/><W129/><G129/><T58/><D94/><U114/><E114/><V22/><F22/><W96/><G3/><T109/><D109/><U29/><E29/><V126/><F126/><W63/><G110/><T47/><D28/><U4/><E4/><V95/><F95/><W112/><G108/><T135/><D7/><U130/><E130/><V39/><F39/><W9/><G96/><T57/><D6/><U54/><E85/><V59/><F133/><W26/><G112/><T70/><D135/><U16/><E83/><V5/><F5/><W98/><G98/><T61/><D74/><U105/><E105/><V35/><F35/><RYUUKYOKU ba="1,0" sc="307,-15,108,-15,333,15,252,15" hai2="36,42,46,52,59,62,64,69,132,134" hai3="9,10,11,17,21,26,40,45,51,63,81,86,91" /><INIT seed="5,2,0,5,5,96" ten="292,93,348,267" oya="1" hai0="87,2,28,46,116,55,115,45,110,132,124,117,60" hai1="91,15,51,90,9,35,29,1,127,80,52,119,99" hai2="65,36,16,20,48,50,40,125,6,26,43,100,63" hai3="72,0,95,19,30,129,68,73,57,113,70,97,98"/><U74/><E119/><V67/><F125/><W135/><G0/><T84/><D110/><U13/><E127/><V66/><F36/><W82/><G30/><T21/><D124/><U92/><E1/><V104/><F104/><W120/><G120/><T131/><D2/><U10/><E35/><V5/><F100/><W32/><G32/><T12/><D115/><U83/><E29/><V39/><F39/><W41/><G41/><N who="2" m="15945" /><F63/><W7/><G7/><AGARI ba="2,0" hai="5,6,7,16,20,26,48,50,65,66,67" m="15945" machi="7" ten="30,2000,0" yaku="8,1,54,1" doraHai="96" who="2" fromWho="3" sc="292,0,93,0,348,26,267,-26" /><INIT seed="6,0,0,2,3,100" ten="292,93,374,241" oya="2" hai0="47,99,2,70,61,20,49,31,29,59,45,62,87" hai1="48,0,76,30,41,103,95,13,42,38,26,114,73" hai2="128,71,135,39,21,94,85,88,4,118,6,105,1" hai3="35,117,116,78,124,57,60,55,106,109,5,121,3"/><V81/><F71/><W91/><G35/><T65/><D2/><U123/><E0/><V83/><F39/><W119/><G121/><T67/><D87/><U66/><E123/><V97/><F118/><W9/><G109/><T10/><D10/><U58/><E114/><V23/><F128/><W72/><G124/><T56/><D99/><U25/><E38/><V64/><F64/><W92/><G78/><T127/><D127/><U51/><E76/><V113/><F113/><W52/><G72/><T74/><D74/><U89/><E73/><V27/><F135/><W86/><REACH who="3" step="1"/><G55/><REACH who="3" ten="292,93,374,231" step="2"/><N who="0" m="31855" /><D29/><U37/><E37/><V32/><F32/><W130/><G130/><T122/><D31/><U112/><E112/><V120/><F120/><W108/><G108/><T17/><D122/><U68/><E68/><V93/><F1/><W24/><G24/><N who="0" m="14351" /><D70/><U131/><E131/><V132/><F27/><W77/><G77/><T69/><D69/><U80/><E25/><V101/><F132/><W134/><G134/><T18/><D18/><U110/><E110/><V63/><F4/><W28/><G28/><T34/><D34/><U111/><E111/><V46/><F6/><W79/><G79/><T15/><D15/><U40/><E13/><V96/><F21/><W82/><G82/><T107/><D67/><U125/><E125/><V102/><F23/><W22/><G22/><T54/><D65/><U44/><E26/><V75/><F75/><W16/><G16/><T104/><D54/><N who="1" m="32095" /><E66/><V129/><F129/><W126/><G126/><T33/><D33/><U8/><E30/><V36/><F81/><RYUUKYOKU ba="0,1" sc="292,-10,93,-10,374,-10,231,30" hai3="3,5,9,52,57,60,86,91,92,106,116,117,119" /><INIT seed="7,1,1,4,0,28" ten="282,83,364,261" oya="3" hai0="96,1,85,97,54,40,126,44,51,118,19,13,124" hai1="68,131,132,3,76,21,134,56,16,127,81,129,43" hai2="25,86,10,125,34,106,17,31,114,122,61,2,93" hai3="94,58,120,116,11,22,91,130,100,15,53,98,50"/><W80/><G130/><N who="1" m="49674" /><E68/><V69/><F106/><W70/><G70/><T89/><D118/><U65/><E65/><V102/><F114/><W112/><G112/><T113/><D1/><U8/><E56/><V66/><F122/><W79/><G116/><T26/><D113/><U33/><E43/><V117/><F117/><W71/><G71/><T24/><D40/><U135/><E81/><V77/><F77/><W74/><G22/><N who="0" m="11631" /><D124/><U115/><E76/><V104/><F86/><W29/><G29/><T84/><D126/><U27/><E115/><V101/><F93/><W60/><G120/><T38/><D38/><U133/><E135/><V47/><F102/><W5/><REACH who="3" step="1"/><G100/><REACH who="3" ten="282,83,364,251" step="2"/><T9/><D9/><U82/><E82/><V23/><F101/><W32/><G32/><T59/><D85/><U72/><E72/><V88/><F69/><W62/><AGARI ba="1,2" hai="5,11,15,50,53,58,60,62,74,79,80,91,94,98" machi="62" ten="30,6000,0" yaku="1,1,0,1,53,1" doraHai="28" doraHaiUra="48" who="3" fromWho="3" sc="282,-21,83,-21,364,-21,251,83" /><INIT seed="7,2,0,3,1,18" ten="261,62,343,334" oya="3" hai0="3,108,65,53,43,51,63,130,117,86,5,31,49" hai1="122,93,9,44,76,25,40,58,92,26,50,84,47" hai2="62,101,30,2,45,22,114,11,13,110,67,74,55" hai3="20,38,131,104,82,59,87,106,81,133,70,105,128"/><W123/><G70/><T89/><D117/><U99/><E122/><V34/><F74/><W35/><G35/><T39/><D108/><U16/><E58/><V107/><F110/><W116/><G116/><T19/><D130/><N who="3" m="49705" /><G38/><T112/><D112/><U24/><E76/><V118/><F118/><W98/><G133/><T80/><D31/><U1/><E1/><V27/><F114/><W37/><G37/><T75/><D75/><U32/><E32/><V12/><F22/><W120/><G98/><T17/><D39/><U69/><E69/><N who="2" m="42231" /><F2/><W132/><G132/><T14/><D3/><U10/><E84/><V60/><F11/><W7/><G7/><T6/><D19/><U68/><E68/><V109/><F109/><W61/><G20/><N who="0" m="11319" /><D65/><U100/><E93/><V77/><F77/><N who="3" m="46511" /><G82/><T134/><D134/><U21/><E9/><V125/><F125/><W129/><G129/><T95/><D80/><U135/><E135/><V127/><F127/><W46/><G46/><N who="0" m="25823" /><D6/><U111/><E111/><V96/><F45/><W97/><G97/><T113/><D5/><U48/><REACH who="1" step="1"/><E10/><REACH who="1" ten="261,52,343,334" step="2"/><V29/><F34/><W23/><G23/><T28/><D95/><U72/><E72/><V71/><F71/><W36/><G36/><T126/><D126/><U79/><E79/><V42/><F107/><W103/><G103/><T91/><D113/><U85/><E85/><V94/><F42/><AGARI ba="2,1" hai="16,21,24,25,26,40,42,44,47,48,50,92,99,100" machi="42" ten="30,12000,2" yaku="1,1,7,1,9,1,8,1,52,1,54,1,53,0" doraHai="18" doraHaiUra="4" who="1" fromWho="2" sc="261,0,52,136,343,-126,334,0" owari="261,6.0,188,-31.0,217,-18.0,334,43.0" /></mjloggm>