<mjloggm ver="2.3"><GO type="169" lobby="0"/><UN n0="%E9%9D%92%E5%B1%B1%E7%BE%8A" n1="%E3%81%AA%E3%82%93%E3%81%A7%E3%82%82%E3%83%8A%E3%83%BC%E3%83%9F%E3%83%B3" n2="%E3%82%A6%E3%83%AB%E3%83%88%E3%83%A9%E7%AB%8B%E7%9B%B4" n3="%6F%6E%69%73%61%6E%74%6F" dan="16,16,18,16" rate="2146.56,2114.66,2223.42,2093.59" sx="M,M,M,M"/><TAIKYOKU oya="0"/><INIT seed="0,0,0,2,4,80" ten="250,250,250,250" oya="0" hai0="73,100,131,70,77,47,4,135,110,56,26,69,21" hai1="9,58,64,87,106,1,113,132,115,40,117,32,52" hai2="94,101,18,104,13,102,19,61,35,71,129,72,28" hai3="127,59,48,3,46,134,68,109,41,78,12,60,34"/><T99/><D4/><U84/><E117/><V92/><F72/><W119/><G119/><T22/><D135/><U95/><E132/><V79/><F79/><W55/><G55/><T5/><D5/><N who="1" m="1199" /><E106/><V2/><F2/><W8/><G34/><T39/><D77/><U114/><E32/><V44/><F44/><W83/><G3/><T67/><D73/><U98/><E64/><N who="2" m="41359" /><F102/><W108/><G134/><T11/><D11/><U63/><E40/><V43/><F43/><W36/><G68/><T31/><D131/><U124/><E124/><V20/><F19/><W0/><G127/><T23/><D47/><U90/><AGARI ba="0,0" hai="52,58,63,84,87,90,95,98,113,114,115" m="1199" machi="90" ten="30,7900,0" yaku="11,1,52,2,54,1" doraHai="80" who="1" fromWho="1" sc="250,-39,250,79,250,-20,250,-20" /><INIT seed="1,0,0,3,2,18" ten="211,329,230,230" oya="1" hai0="111,4,67,2,118,6,86,31,41,1,117,124,20" hai1="38,127,11,98,58,74,29,51,106,28,135,59,55" hai2="121,116,104,83,130,7,44,26,99,100,120,76,91" hai3="71,114,88,9,57,46,105,84,22,80,81,45,42"/><U102/><E127/><V63/><F116/><W62/><G71/><T48/><D67/><U56/><E135/><V5/><F130/><W14/><G114/><T72/><D72/><U49/><E38/><V107/><F107/><W17/><G105/><T128/><D86/><U43/><E74/><V66/><F7/><N who="0" m="2602" /><D48/><U24/><E11/><V87/><F5/><W53/><G81/><T97/><D97/><U50/><E43/><V35/><F44/><N who="3" m="17003" /><G42/><T119/><D41/><U33/><REACH who="1" step="1"/><E29/><REACH who="1" ten="211,319,230,230" step="2"/><V125/><F125/><W0/><G0/><T65/><D124/><U103/><E103/><V89/><F121/><W109/><G109/><T134/><D134/><U23/><E23/><AGARI ba="0,1" hai="9,14,17,22,23,53,57,62,80,84,88" m="17003" machi="23" ten="30,7700,0" yaku="8,1,52,2,54,1" doraHai="18" who="3" fromWho="1" sc="211,0,319,-77,230,0,230,87" /><INIT seed="2,0,0,4,3,90" ten="211,242,230,317" oya="2" hai0="108,29,17,42,64,96,52,14,97,118,93,101,12" hai1="83,15,95,40,57,94,133,56,2,45,104,63,20" hai2="131,9,114,32,70,130,117,46,80,73,111,39,72" hai3="50,7,0,110,79,77,119,44,112,135,125,69,49"/><V4/><F114/><W8/><G112/><T10/><D118/><U27/><E104/><V74/><F117/><W81/><G119/><T132/><D132/><U16/><E2/><N who="2" m="151" /><F70/><W92/><G135/><T91/><D64/><U76/><E133/><V123/><F123/><W36/><G69/><T98/><D42/><U1/><E1/><V127/><F32/><W99/><G125/><T59/><D29/><U105/><E105/><V115/><F115/><W34/><G34/><T35/><D35/><U25/><E83/><V19/><F19/><W65/><G65/><T22/><D101/><U128/><E76/><N who="2" m="44039" /><F127/><W23/><G23/><T13/><D108/><U33/><E128/><N who="2" m="49195" /><F111/><W113/><G110/><T38/><D38/><U28/><E15/><V67/><F67/><W100/><G113/><T53/><D53/><U121/><E121/><V41/><AGARI ba="0,0" hai="39,41,46,73,74" m="49195,44039,151" machi="41" ten="30,6000,0" yaku="25,1,19,1,23,1" doraHai="90" who="2" fromWho="2" sc="211,-20,242,-20,230,60,317,-20" /><INIT seed="2,1,0,0,3,50" ten="191,222,290,297" oya="2" hai0="100,126,102,40,2,25,38,54,27,9,82,1,66" hai1="67,0,15,130,69,33,75,103,94,10,17,11,99" hai2="26,4,127,12,16,68,32,113,57,110,106,53,108" hai3="23,72,101,24,121,120,117,30,128,96,79,8,55"/><V91/><F68/><W123/><G117/><T122/><D66/><U97/><E130/><V92/><F106/><W6/><G128/><T46/><D122/><U105/><E75/><V86/><F113/><W134/><G134/><T21/><D126/><U74/><E74/><V7/><F127/><W118/><G118/><T83/><D9/><U76/><E76/><V73/><F73/><W19/><G79/><T42/><D46/><U115/><E33/><V85/><F85/><W88/><G72/><T44/><D44/><U58/><E69/><V80/><F80/><W36/><G36/><T41/><D21/><U29/><E29/><V87/><F87/><W93/><G101/><T13/><D41/><U132/><E132/><V37/><F37/><W49/><G30/><T111/><D13/><U125/><E115/><V52/><F26/><W18/><G18/><T104/><D38/><U119/><E119/><V62/><F32/><W81/><G81/><T56/><D56/><U48/><E125/><V114/><F114/><W60/><G49/><T90/><D90/><U20/><E0/><V34/><F34/><W43/><G43/><T5/><D5/><N who="2" m="2122" /><F110/><W116/><G116/><T64/><D104/><U77/><E77/><V124/><F108/><W98/><G98/><T3/><D3/><U71/><E48/><V84/><F124/><W65/><G65/><T61/><D64/><U107/><E105/><V59/><F86/><W109/><G109/><T95/><D111/><U51/><E71/><V14/><F16/><W28/><G19/><T89/><D1/><U135/><E135/><RYUUKYOKU ba="1,0" sc="191,-10,222,-10,290,30,297,-10" hai2="12,14,52,53,57,59,62,84,91,92" /><INIT seed="2,2,0,0,4,51" ten="181,212,320,287" oya="2" hai0="12,77,44,50,35,101,26,108,40,34,93,95,55" hai1="5,87,134,37,70,131,88,58,21,81,123,36,10" hai2="106,13,32,91,43,9,90,71,62,119,121,68,130" hai3="102,31,86,63,57,29,76,3,78,52,69,113,19"/><V107/><F119/><W82/><G3/><T42/><D77/><U54/><E131/><V120/><F43/><W85/><G69/><T17/><D108/><U64/><E134/><V11/><F13/><W24/><G113/><T38/><D42/><U53/><E70/><V118/><F62/><W74/><G102/><T65/><D65/><U45/><E123/><V112/><F118/><W48/><G74/><T128/><D128/><U116/><E116/><V122/><F122/><W129/><G129/><T56/><D26/><U66/><E21/><V72/><F130/><W92/><G92/><T100/><D95/><U6/><E45/><V96/><F96/><W0/><G0/><T20/><REACH who="0" step="1"/><D93/><REACH who="0" ten="171,212,320,287" step="2"/><U135/><E135/><V22/><F120/><W110/><G110/><T27/><D27/><U126/><E66/><V75/><F121/><W124/><G78/><T133/><D133/><U47/><E64/><V83/><F112/><W99/><G99/><T80/><D80/><U7/><E37/><V98/><F98/><W4/><G86/><T79/><D79/><U105/><E36/><V8/><F83/><W97/><G97/><T84/><D84/><U33/><E87/><V18/><F75/><W67/><G85/><T61/><D61/><U103/><E81/><V94/><F72/><W46/><G76/><T16/><D16/><U25/><E25/><V59/><F94/><W132/><G82/><T115/><D115/><U30/><E103/><AGARI ba="2,1" hai="12,17,20,34,35,38,40,44,50,55,56,100,101,103" machi="103" ten="40,2600,0" yaku="1,1,52,1,53,0" doraHai="51" doraHaiUra="114" who="0" fromWho="1" sc="171,42,212,-32,320,0,287,0" /><INIT seed="3,0,0,4,0,40" ten="213,180,320,287" oya="3" hai0="123,35,127,100,5,37,28,8,62,61,63,12,95" hai1="50,82,6,108,13,130,44,22,10,2,111,71,101" hai2="119,26,94,18,17,98,105,73,39,57,30,92,87" hai3="53,59,16,42,58,124,47,115,20,38,129,7,66"/><W19/><G124/><T83/><D37/><U109/><E130/><V84/><F73/><W15/><G129/><T113/><D123/><U1/><E71/><V97/><F105/><W4/><G115/><T114/><D83/><U68/><E68/><V77/><F39/><W0/><G0/><T135/><D100/><U41/><E101/><V99/><F119/><W56/><G66/><T70/><D95/><U96/><E96/><V78/><F57/><W21/><REACH who="3" step="1"/><G53/><REACH who="3" ten="213,180,320,277" step="2"/><T46/><D127/><U69/><E69/><V122/><F122/><W128/><G128/><T32/><D70/><U89/><E22/><V133/><F99/><W54/><G54/><T91/><D113/><U93/><E82/><V134/><F98/><W132/><G132/><T131/><D135/><U74/><E1/><V110/><F97/><W126/><G126/><T75/><D131/><U27/><E2/><V14/><F133/><W116/><G116/><T11/><D114/><U23/><E93/><V49/><F134/><W25/><AGARI ba="0,1" hai="4,7,15,16,19,20,21,25,38,42,47,56,58,59" machi="25" ten="30,11700,0" yaku="1,1,0,1,52,1,54,1,53,0" doraHai="40" doraHaiUra="81" who="3" fromWho="3" sc="213,-39,180,-39,320,-39,277,127" /><INIT seed="3,1,0,1,5,64" ten="174,141,281,404" oya="3" hai0="129,25,32,41,11,75,29,110,12,56,125,112,3" hai1="72,23,17,34,109,43,47,35,30,63,98,22,115" hai2="78,120,39,101,8,71,57,99,19,89,62,16,135" hai3="90,119,118,21,26,37,134,59,7,13,5,53,85"/><W69/><G37/><T111/><D75/><U84/><E72/><V96/><F39/><W51/><G134/><T100/><D100/><U103/><E115/><V74/><F135/><W49/><G49/><T121/><D41/><U44/><E109/><N who="0" m="41481" /><D56/><U131/><E131/><V81/><F120/><W70/><G119/><T76/><D76/><U31/><E84/><V80/><F8/><W45/><G118/><T128/><D121/><U77/><E77/><V107/><F71/><W88/><G90/><T83/><D83/><U48/><E35/><V28/><F28/><W46/><G46/><T40/><D40/><U93/><E34/><V54/><REACH who="2" step="1"/><F96/><REACH who="2" ten="174,141,271,404" step="2"/><W94/><G45/><T61/><D112/><U60/><E44/><V9/><F9/><W6/><REACH who="3" step="1"/><G13/><REACH who="3" ten="174,141,271,394" step="2"/><T108/><D12/><U122/><E47/><V65/><F65/><W126/><G126/><T14/><D108/><U133/><E43/><V105/><F105/><W132/><G132/><T33/><D14/><U68/><E133/><V27/><F27/><W10/><G10/><T55/><D25/><U38/><E122/><V0/><F0/><W24/><G24/><T20/><D11/><U79/><E38/><V97/><F97/><W124/><G124/><T95/><D3/><U114/><E98/><V36/><F36/><W104/><G104/><T52/><D125/><U2/><E2/><V42/><F42/><W106/><G106/><T58/><D129/><U113/><E113/><V116/><F116/><W82/><G82/><T1/><D128/><U67/><E114/><V86/><AGARI ba="1,2" hai="16,19,54,57,62,74,78,80,81,86,89,99,101,107" machi="86" ten="30,7900,0" yaku="1,1,0,1,54,1,53,1" doraHai="64" doraHaiUra="102" who="2" fromWho="2" sc="174,-21,141,-21,271,102,394,-40" /><INIT seed="4,0,0,1,5,128" ten="153,120,373,354" oya="0" hai0="47,22,10,73,7,135,44,61,48,126,13,0,74" hai1="116,104,42,5,62,102,82,81,34,121,96,79,36" hai2="14,4,107,84,101,130,58,19,6,94,108,112,78" hai3="90,134,69,103,16,57,1,12,23,98,21,2,27"/><T18/><D126/><U32/><E121/><V113/><F108/><W64/><G69/><T87/><D61/><U60/><E116/><V111/><F111/><W3/><G90/><T63/><D63/><U50/><E50/><V45/><F130/><W67/><G57/><T75/><D87/><U88/><E5/><V129/><F129/><W59/><G59/><T33/><D33/><U133/><E62/><V100/><F58/><W70/><G70/><T85/><D85/><N who="1" m="50231" /><E60/><V117/><F107/><W15/><G134/><T93/><D93/><U38/><E42/><V30/><F94/><W55/><G55/><T91/><D91/><U127/><E38/><V76/><F45/><W49/><G49/><T37/><D37/><U39/><E36/><V99/><F4/><W29/><REACH who="3" step="1"/><G12/><REACH who="3" ten="153,120,373,344" step="2"/><T83/><D135/><U92/><E39/><V53/><F14/><W119/><G119/><T25/><D48/><U26/><E133/><V40/><F53/><W51/><G51/><T20/><REACH who="0" step="1"/><D83/><REACH who="0" ten="143,120,373,344" step="2"/><U118/><E81/><N who="2" m="47143" /><F117/><W109/><G109/><T106/><D106/><AGARI ba="0,2" hai="1,2,3,15,16,21,23,27,29,64,67,98,103,106" machi="106" ten="40,5200,0" yaku="1,1,54,1,53,1" doraHai="128" doraHaiUra="24" who="3" fromWho="0" sc="143,-52,120,0,373,0,344,72" /><INIT seed="5,0,0,1,2,114" ten="91,120,373,416" oya="1" hai0="92,24,86,120,78,29,95,20,65,39,0,8,100" hai1="103,3,60,1,131,12,99,106,40,135,18,121,122" hai2="6,72,105,125,89,116,38,2,66,93,57,79,75" hai3="15,47,22,117,41,108,91,73,119,126,68,134,42"/><U59/><E131/><V87/><F116/><N who="3" m="44619" /><G73/><T130/><D39/><U16/><E40/><N who="3" m="15466" /><G68/><T96/><D130/><U37/><E37/><V14/><F2/><W55/><G108/><T115/><D115/><U123/><E135/><V85/><F38/><W111/><G111/><T104/><D120/><U4/><E4/><V109/><F6/><W51/><G91/><T113/><D113/><U27/><E27/><V97/><F89/><W44/><G134/><T48/><D78/><U61/><E60/><V34/><F79/><W28/><G126/><T49/><D0/><U45/><E45/><V83/><F75/><W52/><G55/><T32/><D32/><U124/><E124/><V107/><F34/><W74/><G74/><T62/><D104/><U110/><E110/><V77/><F72/><W133/><G133/><T35/><D35/><U94/><E106/><V132/><F77/><W31/><G44/><T71/><D8/><U25/><E123/><V84/><F125/><W36/><G36/><T81/><D71/><U82/><E122/><V64/><F132/><W101/><G101/><T76/><D95/><U129/><E121/><V26/><F109/><W70/><G70/><T30/><D30/><U19/><E129/><V43/><F43/><W9/><G22/><T58/><AGARI ba="0,0" hai="20,24,29,48,49,58,62,65,76,81,86,92,96,100" machi="58" ten="20,8000,1" yaku="0,1,7,1,25,2,8,1" doraHai="114" who="0" fromWho="0" sc="91,80,120,-40,373,-20,416,-20" /><INIT seed="6,0,0,0,0,78" ten="171,80,353,396" oya="2" hai0="22,4,67,84,26,8,73,92,101,79,119,58,66" hai1="134,59,57,16,32,38,124,36,89,130,47,69,90" hai2="54,7,17,31,85,60,42,70,122,29,52,0,97" hai3="53,34,21,2,46,9,14,96,3,128,27,117,19"/><V18/><F122/><W91/><G117/><T65/><D73/><U74/><E69/><V40/><F0/><W102/><G128/><T106/><D106/><U93/><E130/><V105/><F7/><W76/><G34/><T41/><D41/><N who="2" m="15978" /><F105/><W94/><G76/><T71/><D71/><U61/><E134/><V49/><F70/><W37/><G37/><T62/><D119/><U45/><E32/><V88/><F97/><W135/><G135/><T6/><D101/><U123/><E124/><V23/><F60/><W133/><G133/><T35/><D35/><U98/><E74/><V12/><F18/><W13/><G13/><N who="0" m="5255" /><D6/><U5/><E5/><V55/><F49/><N who="3" m="28855" /><G3/><T1/><D1/><U104/><E104/><V87/><F87/><W116/><G2/><T103/><D103/><U111/><E36/><V82/><AGARI ba="0,0" hai="12,17,23,29,31,52,54,55,82,85,88" m="15978" machi="82" ten="30,11700,0" yaku="8,1,52,1,54,2" doraHai="78" who="2" fromWho="2" sc="171,-39,80,-39,353,117,396,-39" /><INIT seed="6,1,0,1,3,79" ten="132,41,470,357" oya="2" hai0="112,118,119,110,40,48,47,127,129,122,12,60,94" hai1="104,20,44,18,99,103,29,42,2,90,35,114,32" hai2="37,65,33,5,120,128,66,6,115,98,124,130,9" hai3="0,89,21,73,102,134,36,22,107,38,58,63,75"/><V59/><F120/><W81/><G0/><T77/><D77/><U69/><E114/><V43/><F33/><W109/><G109/><T95/><D12/><U57/><E69/><V88/><F124/><W23/><G134/><T105/><D105/><U84/><E2/><V25/><F115/><W13/><G107/><T68/><D95/><U7/><E7/><V39/><F25/><W27/><G102/><T1/><D94/><U41/><E57/><V26/><F26/><W53/><G13/><T121/><D1/><U4/><E4/><V8/><F59/><W55/><G27/><T87/><D87/><U67/><E67/><V71/><F43/><W62/><G89/><T3/><D3/><U133/><E133/><V34/><F88/><W45/><G58/><T11/><D11/><U78/><E78/><V91/><F91/><W24/><G24/><T132/><D132/><U97/><E97/><V126/><F34/><W54/><G45/><T131/><D112/><U10/><E10/><V64/><F64/><W111/><G111/><T28/><D28/><U61/><E61/><N who="3" m="23050" /><G81/><T100/><D110/><U96/><E96/><V74/><F98/><W108/><G108/><T113/><D113/><U92/><E29/><V14/><F14/><W76/><G76/><T17/><D127/><U30/><E30/><V82/><F126/><W135/><G135/><T31/><D31/><U106/><E106/><V51/><F82/><W93/><G93/><T123/><D122/><U52/><E35/><V15/><F15/><W101/><G101/><T19/><D123/><U80/><E32/><RYUUKYOKU ba="1,0" sc="132,-10,41,-10,470,-10,357,30" hai3="21,22,23,36,38,53,54,55,73,75" /><INIT seed="7,2,0,4,0,110" ten="122,31,460,387" oya="3" hai0="87,132,84,109,101,71,62,102,131,123,33,28,99" hai1="113,13,80,64,105,19,91,70,78,24,97,134,108" hai2="37,45,10,35,42,59,2,18,26,51,130,34,21" hai3="3,133,116,90,112,81,129,63,68,60,9,47,52"/><W93/><G116/><T88/><D123/><U46/><E108/><V100/><F100/><W36/><G133/><T6/><D6/><U29/><E134/><V77/><F130/><W135/><G129/><T128/><D28/><U89/><E46/><V86/><F51/><W7/><G135/><T74/><D33/><U44/><E44/><V98/><F98/><W22/><G68/><T118/><D62/><U67/><E67/><V25/><F59/><W48/><G112/><T127/><D71/><U30/><E30/><V43/><F43/><W53/><G36/><T8/><D8/><U54/><E54/><V75/><F86/><W20/><G81/><T85/><D132/><U50/><E50/><V58/><F26/><W120/><G120/><T5/><D5/><U117/><E117/><V122/><F58/><W104/><G104/><T39/><D39/><U15/><E15/><V55/><F55/><W1/><G1/><T96/><D118/><U114/><E64/><V61/><F61/><W11/><G11/><T4/><D109/><U111/><E70/><V41/><F41/><W126/><G126/><T83/><D4/><U82/><E111/><V106/><F106/><W76/><G76/><N who="0" m="44439" /><D127/><U56/><E56/><V115/><F122/><W12/><G53/><T66/><D66/><U49/><E49/><V31/><F37/><W16/><G22/><T79/><D79/><U124/><E124/><V17/><F21/><W125/><REACH who="3" step="1"/><G125/><REACH who="3" ten="122,31,460,377" step="2"/><T92/><D131/><U40/><E78/><V121/><F115/><W69/><G69/><T94/><D128/><U0/><E114/><RYUUKYOKU ba="2,1" sc="122,15,31,-15,460,-15,377,15" hai0="84,85,87,88,92,94,96,99,101,102" hai3="3,7,9,12,16,20,47,48,52,60,63,90,93" /><INIT seed="7,3,1,2,1,60" ten="137,16,445,392" oya="3" hai0="19,15,98,24,94,11,36,122,89,66,79,126,97" hai1="134,45,37,67,86,22,104,85,35,29,117,63,101" hai2="106,71,58,100,30,76,80,57,81,90,54,52,48" hai3="135,73,34,49,62,0,1,112,27,72,31,51,32"/><W82/><G112/><T26/><D36/><U84/><E22/><V116/><F71/><W59/><G135/><T18/><D79/><U109/><E134/><V111/><F111/><W23/><G34/><T92/><D126/><U123/><E109/><V33/><F116/><W39/><G39/><T25/><D122/><U105/><E104/><V21/><F33/><W133/><G133/><T64/><D19/><U95/><E117/><V47/><F106/><W129/><G129/><T110/><D110/><U88/><E123/><V87/><F100/><AGARI ba="3,1" hai="11,15,18,24,25,26,64,66,89,92,94,97,98,100" machi="100" ten="40,5200,0" yaku="8,1,52,2" doraHai="60" who="0" fromWho="2" sc="137,71,16,0,445,-61,392,0" owari="208,-19.0,16,-48.0,384,18.0,392,49.0" /></mjloggm>