<mjloggm ver="2.3"><GO type="169" lobby="0"/><UN n0="%E3%82%A6%E3%83%AB%E3%83%88%E3%83%A9%E7%AB%8B%E7%9B%B4" n1="%E2%80%A0%E5%AE%88%E8%AD%B7%E5%A4%A9%E4%BD%BF%E2%80%A0" n2="%E3%82%B7%E3%83%A5%E3%83%9E%E3%82%A4%E3%82%B1%E3%83%AB" n3="%E3%81%88%E3%83%A2%E3%83%B3" dan="17,17,17,16" rate="2179.19,2188.01,2147.89,2084.97" sx="M,M,M,M"/><TAIKYOKU oya="0"/><INIT seed="0,0,0,1,5,122" ten="250,250,250,250" oya="0" hai0="33,60,10,79,30,64,107,31,6,77,116,20,51" hai1="94,97,45,9,89,28,69,39,131,113,87,56,46" hai2="48,2,14,38,53,121,29,128,17,101,103,61,12" hai3="22,27,59,52,111,34,32,23,26,62,125,90,42"/><T124/><D116/><U104/><E69/><V123/><F2/><W36/><G125/><T74/><D107/><U134/><E134/><V130/><F38/><W71/><G71/><T112/><D112/><U18/><E113/><V58/><F29/><W67/><G67/><T63/><D33/><U132/><E132/><V127/><F127/><W81/><G36/><T120/><D120/><U41/><E28/><V80/><F80/><W93/><G42/><T55/><D124/><U92/><E104/><V99/><F12/><W40/><G40/><T110/><D74/><U83/><E131/><N who="2" m="50219" /><F61/><W100/><G100/><N who="2" m="38473" /><F99/><N who="3" m="57783" /><G81/><T88/><D60/><U72/><E72/><V0/><F0/><W19/><G111/><T54/><D110/><U4/><E46/><V109/><F109/><W1/><G1/><T35/><D63/><U76/><E18/><AGARI ba="0,0" hai="18,19,22,23,26,27,32,34,52,59,62" m="57783" machi="18" ten="30,2000,0" yaku="25,1,54,1" doraHai="122" who="3" fromWho="1" sc="250,0,250,-20,250,0,250,20" /><INIT seed="1,0,0,3,2,59" ten="250,230,250,270" oya="1" hai0="132,113,44,33,119,118,4,36,2,79,131,41,115" hai1="64,83,56,63,60,48,100,53,127,3,46,121,86" hai2="105,54,78,109,50,69,17,120,65,0,116,47,84" hai3="102,124,15,31,57,114,77,39,55,125,80,98,112"/><U72/><E121/><V30/><F105/><W58/><G39/><T32/><D79/><U28/><E3/><V19/><F0/><W108/><G108/><T111/><D111/><U101/><E72/><V70/><F120/><W29/><G15/><T82/><D82/><U68/><E28/><N who="3" m="10826" /><G58/><T117/><D131/><U97/><E97/><V21/><F116/><W71/><G71/><T90/><D90/><U40/><REACH who="1" step="1"/><E127/><REACH who="1" ten="250,220,250,270" step="2"/><V14/><F109/><W128/><G98/><T13/><D2/><U6/><E6/><V1/><F1/><W75/><G125/><T88/><D4/><U23/><E23/><V25/><F21/><W126/><G124/><T107/><D118/><U45/><E45/><V67/><F47/><W94/><G126/><T76/><D44/><U34/><E34/><V42/><F84/><W135/><G75/><T20/><D33/><U122/><E122/><V12/><F70/><W52/><G128/><T123/><D32/><U103/><E103/><V51/><F69/><W87/><G102/><T35/><D35/><U81/><E81/><V5/><F30/><W73/><G87/><T18/><D123/><U93/><E93/><V10/><F5/><W74/><G94/><T91/><D119/><U9/><E9/><V26/><F10/><W37/><G80/><T95/><D95/><U104/><E104/><V133/><F19/><W11/><G11/><T24/><D107/><U130/><E130/><V62/><F17/><W27/><G74/><T61/><D18/><U22/><E22/><V38/><F78/><AGARI ba="0,1" hai="40,46,48,53,56,60,63,64,68,78,83,86,100,101" machi="78" ten="30,11600,0" yaku="1,1,7,1,52,2,53,0" doraHai="59" doraHaiUra="85" who="1" fromWho="2" sc="250,0,220,126,250,-116,270,0" /><INIT seed="1,1,0,0,3,123" ten="250,346,134,270" oya="1" hai0="104,31,83,21,96,5,79,46,41,116,7,97,61" hai1="106,85,127,51,69,18,8,65,55,32,110,124,3" hai2="30,64,10,113,26,29,81,109,62,13,103,54,2" hai3="75,11,100,15,34,68,90,115,76,73,48,60,4"/><U37/><E37/><V80/><F2/><W22/><G115/><T59/><D116/><U126/><E106/><V133/><F113/><W12/><G34/><T33/><D33/><U98/><E32/><V82/><F133/><W95/><G100/><T92/><D104/><U107/><E85/><V102/><F54/><W44/><G76/><T72/><D96/><U121/><E121/><V114/><F114/><W112/><G60/><T57/><D57/><U47/><E65/><V117/><F117/><W105/><G68/><T84/><D72/><U49/><E69/><V111/><F102/><W86/><G105/><T125/><D125/><U14/><E3/><V50/><F50/><W118/><G112/><T1/><D1/><U77/><E77/><V87/><F103/><W38/><G38/><T35/><D35/><U94/><E51/><V43/><F43/><W119/><G119/><T101/><D46/><U88/><E107/><V91/><F26/><W74/><G118/><T40/><D41/><U28/><E28/><N who="2" m="10859" /><F62/><W63/><G63/><T36/><D40/><U122/><E122/><V66/><F66/><W39/><G39/><T131/><D36/><U108/><AGARI ba="1,0" hai="8,14,18,47,49,55,88,94,98,108,110,124,126,127" machi="108" ten="40,12000,1" yaku="0,1,18,1,52,2,54,1" doraHai="123" who="1" fromWho="1" sc="250,-41,346,123,134,-41,270,-41" /><INIT seed="1,2,0,4,4,78" ten="209,469,93,229" oya="1" hai0="39,120,81,135,65,63,9,67,8,98,118,84,70" hai1="41,87,33,1,110,77,117,133,52,43,132,128,26" hai2="97,130,114,131,107,69,27,103,95,2,53,13,55" hai3="59,40,85,74,75,71,50,21,101,17,111,46,48"/><U19/><E117/><V37/><F2/><W23/><G111/><T4/><D39/><U109/><E1/><V25/><F69/><W125/><G125/><T119/><D120/><U108/><E128/><N who="2" m="49195" /><F37/><W35/><G35/><T7/><D135/><N who="1" m="51787" /><E52/><N who="2" m="20043" /><F114/><W10/><G71/><T122/><D122/><U31/><E19/><V16/><F107/><W64/><G64/><T18/><D18/><U121/><E121/><V129/><N who="2" m="49203" /><V49/><DORA hai="45" /><F49/><W28/><G59/><T104/><D104/><U79/><E79/><V116/><F116/><W134/><G50/><T115/><D115/><U86/><E77/><V76/><F76/><W105/><G48/><T83/><D70/><U112/><E112/><V57/><F57/><W51/><G51/><T127/><D127/><U68/><E68/><V102/><F102/><W66/><G101/><T90/><D63/><U72/><E72/><V38/><F38/><W32/><G66/><T14/><D119/><U11/><E11/><AGARI ba="2,0" hai="11,13,16,25,27,95,97,103" m="20043,49203" machi="11" ten="40,5200,0" yaku="19,1,54,2" doraHai="78,45" who="2" fromWho="1" sc="209,0,469,-58,93,58,229,0" /><INIT seed="2,0,0,5,4,110" ten="209,411,151,229" oya="2" hai0="111,51,119,130,33,122,13,30,114,98,32,45,26" hai1="68,20,7,16,80,86,67,91,10,15,9,71,61" hai2="0,66,34,105,8,18,117,57,108,132,43,124,109" hai3="42,102,1,121,4,72,106,27,89,87,28,90,73"/><V31/><F117/><W133/><G121/><T36/><D36/><U116/><E116/><V65/><F105/><W70/><G133/><T11/><D122/><U24/><REACH who="1" step="1"/><E10/><REACH who="1" ten="209,401,151,229" step="2"/><V129/><F109/><W38/><G72/><T99/><D111/><U135/><E135/><V112/><F108/><W77/><G73/><T47/><D119/><U118/><E118/><V78/><F132/><W62/><G1/><T83/><D11/><U41/><E41/><V115/><F43/><W21/><G42/><T23/><D130/><U84/><E84/><V128/><F0/><W3/><G87/><T82/><D99/><U74/><E74/><V127/><F128/><W46/><G3/><T35/><D98/><U69/><AGARI ba="0,1" hai="7,9,15,16,20,24,61,67,68,69,71,80,86,91" machi="69" ten="20,5200,0" yaku="1,1,0,1,7,1,54,1,53,0" doraHai="110" doraHaiUra="103" who="1" fromWho="1" sc="209,-13,401,62,151,-26,229,-13" /><INIT seed="3,0,0,1,5,79" ten="196,463,125,216" oya="3" hai0="26,92,116,70,14,80,120,0,91,48,105,124,57" hai1="127,32,6,44,46,94,72,16,52,87,3,36,25" hai2="77,8,64,40,35,132,17,15,119,34,42,49,28" hai3="56,62,89,90,135,58,30,41,59,106,129,99,133"/><W73/><G73/><T109/><D70/><U126/><E72/><V123/><F119/><W47/><G30/><T19/><D0/><U78/><E6/><V100/><F132/><N who="3" m="50763" /><G129/><T107/><D107/><U86/><E3/><V101/><F123/><W27/><G27/><T66/><D105/><U93/><E36/><V69/><F35/><W71/><G71/><T114/><D109/><U103/><E103/><V45/><F40/><W5/><G5/><T55/><D120/><U104/><E104/><V131/><F131/><W18/><G18/><T125/><D116/><U118/><E118/><V95/><F34/><W128/><G128/><T37/><D26/><U54/><E32/><V63/><F28/><W117/><G117/><T7/><D7/><U108/><E25/><V121/><F121/><W12/><G12/><T38/><D114/><U51/><E78/><V97/><REACH who="2" step="1"/><F77/><REACH who="2" ten="196,463,115,216" step="2"/><W21/><G62/><T65/><D125/><U76/><E76/><V2/><F2/><W31/><G31/><T68/><D124/><U134/><E134/><V130/><F130/><W60/><G60/><T22/><D38/><U122/><E122/><V96/><F96/><W9/><G9/><T20/><D37/><U98/><E98/><V111/><F111/><W67/><G21/><T110/><D22/><U84/><E108/><V23/><F23/><W61/><G61/><T74/><D110/><U112/><E127/><V4/><F4/><W75/><G75/><T81/><D74/><U43/><E126/><V85/><F85/><W82/><G41/><T102/><D20/><U29/><E43/><RYUUKYOKU ba="0,1" sc="196,-10,463,-10,115,30,216,-10" hai2="8,15,17,42,45,49,63,64,69,95,97,100,101" /><INIT seed="4,1,1,0,4,47" ten="186,453,145,206" oya="0" hai0="24,50,112,26,93,109,120,3,10,86,48,11,128" hai1="18,67,82,15,135,63,96,41,72,73,91,125,61" hai2="88,103,60,98,31,127,83,79,23,132,56,101,70" hai3="38,42,123,134,68,116,40,52,4,122,89,84,69"/><T45/><D120/><N who="3" m="46121" /><G116/><T25/><D112/><U35/><E35/><V54/><F127/><W13/><G134/><T37/><D128/><U104/><E125/><V0/><F0/><W100/><G100/><T108/><D37/><U58/><E41/><N who="3" m="15978" /><G38/><T90/><D45/><U133/><E63/><V129/><F70/><W46/><G13/><T78/><D78/><U34/><E34/><V80/><F129/><W65/><G4/><T49/><REACH who="0" step="1"/><D3/><REACH who="0" ten="176,453,145,206" step="2"/><U81/><E133/><V21/><F132/><W126/><G126/><T64/><D64/><U94/><E67/><V76/><F79/><W1/><G65/><T17/><D17/><U36/><E18/><V16/><F76/><W95/><G1/><T87/><D87/><U130/><E36/><V20/><F16/><W111/><G111/><AGARI ba="1,2" hai="10,11,24,25,26,48,49,50,86,90,93,108,109,111" machi="111" ten="50,12000,1" yaku="1,1,10,1,52,3,53,0" doraHai="47" doraHaiUra="33" who="0" fromWho="3" sc="176,143,453,0,145,0,206,-123" /><INIT seed="4,2,0,4,2,56" ten="319,453,145,83" oya="0" hai0="92,13,60,63,103,51,54,25,69,78,68,132,76" hai1="100,6,59,53,71,79,15,125,134,50,44,96,93" hai2="131,74,0,16,20,55,113,85,34,105,109,91,73" hai3="21,82,80,45,65,23,110,11,104,116,18,67,58"/><T95/><D132/><U123/><E123/><V8/><F34/><W17/><G110/><T43/><D43/><U126/><E71/><V130/><F105/><W120/><G104/><T24/><D13/><U36/><E79/><N who="0" m="30249" /><D69/><U40/><REACH who="1" step="1"/><E134/><REACH who="1" ten="319,443,145,83" step="2"/><V98/><F109/><W90/><G120/><T128/><D68/><U14/><E14/><V66/><F131/><W26/><G116/><T84/><D128/><U94/><E94/><V27/><F130/><W42/><G80/><T9/><D95/><U108/><E108/><V49/><F73/><W57/><G82/><T32/><D32/><U1/><E1/><V41/><F74/><W38/><G90/><N who="0" m="53319" /><D103/><U48/><E48/><V47/><F0/><W106/><G106/><T118/><D118/><U31/><E31/><V114/><F113/><W127/><G127/><T62/><D9/><AGARI ba="2,1" hai="6,9,15,36,40,44,50,53,59,93,96,100,125,126" machi="9" ten="40,2600,0" yaku="1,1,53,1" doraHai="56" doraHaiUra="37" who="1" fromWho="0" sc="319,-32,443,42,145,0,83,0" /><INIT seed="5,0,0,3,2,71" ten="287,485,145,83" oya="1" hai0="96,128,117,81,122,106,121,98,127,120,39,132,134" hai1="116,16,9,62,133,11,2,30,13,58,97,78,59" hai2="32,48,35,126,57,111,89,110,113,34,44,23,31" hai3="25,18,76,22,26,43,90,41,84,79,75,92,125"/><U17/><E116/><V68/><F68/><W86/><G125/><T69/><D69/><U114/><E30/><V27/><F126/><W51/><G75/><T28/><D127/><U82/><E114/><V42/><F113/><W93/><G26/><T83/><D28/><U14/><E133/><N who="0" m="51305" /><D39/><U87/><E2/><V80/><F57/><W129/><G129/><T33/><D33/><U45/><E62/><V108/><F80/><N who="0" m="30794" /><D106/><U107/><REACH who="1" step="1"/><E45/><REACH who="1" ten="287,475,145,83" step="2"/><V70/><F70/><W119/><G119/><T55/><D117/><U95/><E95/><V65/><F65/><W7/><G79/><T112/><D112/><U4/><E4/><V47/><F47/><W103/><G7/><T91/><D128/><U54/><E54/><V94/><REACH who="2" step="1"/><F111/><REACH who="2" ten="287,475,135,83" step="2"/><W118/><G118/><T135/><D135/><U36/><E36/><V15/><F15/><W53/><G76/><T74/><D122/><U21/><E21/><V52/><F52/><W5/><G5/><T105/><D55/><U8/><E8/><V101/><F101/><AGARI ba="0,2" hai="9,11,13,14,16,17,58,59,78,82,87,97,101,107" machi="101" ten="40,12000,1" yaku="1,1,9,1,54,1,53,2" doraHai="71" doraHaiUra="12" who="1" fromWho="2" sc="287,0,475,140,135,-120,83,0" /><INIT seed="5,1,0,2,3,135" ten="287,615,15,83" oya="1" hai0="58,31,78,50,43,97,127,42,113,52,33,53,26" hai1="5,71,95,49,124,15,48,56,32,55,111,87,133" hai2="92,100,86,34,67,57,89,122,0,118,125,123,38" hai3="106,101,25,63,104,28,17,16,70,51,69,81,94"/><U60/><E32/><V107/><F34/><W44/><G81/><T45/><D78/><U23/><E133/><V66/><F0/><W105/><G94/><T3/><D3/><U88/><E71/><V19/><F118/><W120/><G101/><T46/><D113/><U39/><E39/><V12/><F38/><W47/><G120/><T99/><D127/><U59/><E111/><V75/><F75/><W29/><G63/><T36/><D53/><U77/><E124/><V22/><F125/><W80/><G80/><T30/><D30/><U110/><E110/><V132/><F132/><W27/><G105/><T2/><D2/><U7/><E77/><V14/><F14/><W1/><G1/><T40/><D40/><U61/><E61/><AGARI ba="1,0" hai="26,31,33,36,42,43,45,46,50,52,58,61,97,99" machi="61" ten="30,2000,0" yaku="7,1,54,1" doraHai="135" who="0" fromWho="1" sc="287,23,615,-23,15,0,83,0" /><INIT seed="6,0,0,4,3,85" ten="310,592,15,83" oya="2" hai0="56,80,62,125,95,124,47,103,84,60,77,102,66" hai1="58,128,81,69,90,88,110,106,93,97,118,79,32" hai2="26,30,35,23,0,55,9,40,76,65,42,104,28" hai3="108,41,24,4,31,105,48,29,39,119,112,21,113"/><V100/><F76/><W45/><G108/><T18/><D47/><U127/><E69/><V52/><F65/><W2/><G119/><T43/><D43/><U67/><E32/><V11/><F0/><W78/><G105/><T70/><D18/><U34/><E34/><V131/><F131/><W135/><G135/><T19/><D19/><U59/><E118/><V92/><F104/><W54/><G78/><T109/><D109/><U86/><E110/><V129/><F129/><W115/><G4/><T51/><D51/><U99/><E128/><V15/><F30/><N who="3" m="17679" /><G2/><T117/><D117/><U50/><E127/><N who="0" m="48713" /><D95/><N who="1" m="56567" /><E106/><V132/><F35/><W126/><G126/><T122/><D122/><U12/><E67/><AGARI ba="0,0" hai="56,60,62,66,67,70,77,80,84,102,103" m="48713" machi="67" ten="30,1000,0" yaku="18,1" doraHai="85" who="0" fromWho="1" sc="310,10,592,-10,15,0,83,0" /><INIT seed="7,0,0,0,4,123" ten="320,582,15,83" oya="3" hai0="103,14,24,100,98,37,60,33,129,88,91,68,106" hai1="117,92,20,109,51,12,17,72,99,114,101,70,75" hai2="40,56,3,64,132,120,67,108,74,110,21,71,57" hai3="43,111,102,36,34,133,125,104,62,59,27,38,54"/><W85/><G133/><T42/><D100/><U66/><E99/><V80/><F3/><W6/><G125/><T124/><D129/><U31/><E17/><V44/><F21/><W49/><G6/><T122/><D122/><U53/><E51/><V32/><F32/><W45/><G111/><N who="2" m="42537" /><F80/><W8/><G8/><T96/><D96/><U15/><E53/><V9/><F74/><W10/><G10/><T55/><D55/><U41/><E66/><N who="2" m="25131" /><F9/><W2/><G2/><T128/><D68/><U19/><E41/><V116/><F120/><W11/><G11/><T65/><D37/><U23/><E114/><V83/><F83/><W63/><G38/><T29/><D60/><U52/><E117/><V130/><F130/><W46/><G102/><T95/><D65/><U1/><E20/><V97/><F97/><W126/><G104/><T107/><D42/><U4/><E101/><V18/><F18/><W105/><G105/><T47/><D106/><U131/><E19/><V78/><F78/><W84/><G34/><T135/><D107/><U50/><E75/><V112/><F116/><W69/><G27/><T113/><D24/><U28/><E50/><N who="2" m="26887" /><F132/><W76/><G76/><T121/><D124/><U127/><E4/><V39/><F71/><W30/><G126/><T134/><D113/><U25/><E1/><V13/><F13/><W16/><G30/><T22/><D29/><U61/><E127/><V94/><F94/><W86/><G16/><T26/><D134/><U79/><E109/><V5/><F112/><W73/><G69/><T93/><D135/><U81/><E70/><RYUUKYOKU ba="0,0" sc="320,0,582,0,15,0,83,0" owari="320,12.0,582,68.0,15,-48.0,83,-32.0" /></mjloggm>