<mjloggm ver="2.3"><GO type="169" lobby="0"/><UN n0="%E3%82%A4%E3%82%AB%E3%81%AB%E3%82%82%E6%9D%B1%E5%8C%97" n1="%43%46%76%E6%9D%8F%E6%9D%8F" n2="%E3%82%A6%E3%83%AB%E3%83%88%E3%83%A9%E7%AB%8B%E7%9B%B4" n3="%6F%66" dan="16,16,18,18" rate="2093.98,2077.52,2248.87,2253.39" sx="M,F,M,M"/><TAIKYOKU oya="0"/><INIT seed="0,0,0,5,4,13" ten="250,250,250,250" oya="0" hai0="107,4,18,74,64,90,27,104,69,56,23,129,47" hai1="19,38,93,22,112,83,52,50,133,10,62,46,48" hai2="65,106,0,17,121,125,8,44,63,42,91,72,109" hai3="98,111,43,54,122,7,68,82,99,84,16,89,2"/><T88/><D69/><U61/><E133/><V100/><F121/><W81/><G68/><T114/><D114/><U39/><E112/><V12/><F72/><W95/><G122/><T123/><D123/><U115/><E115/><V77/><F77/><W134/><G134/><T126/><D74/><U73/><E10/><V28/><F109/><W130/><G43/><T40/><D129/><U26/><E93/><V76/><F76/><W15/><G2/><T86/><D126/><U49/><E73/><V127/><F28/><W108/><G7/><T20/><D4/><U36/><E83/><N who="3" m="31754" /><G130/><T78/><D78/><U29/><E50/><V33/><F91/><W24/><G24/><T97/><D86/><U87/><E87/><V14/><F33/><W9/><G54/><T120/><D120/><U75/><E75/><V35/><F35/><W30/><G30/><T92/><D90/><U102/><E102/><V58/><F100/><W70/><G70/><T37/><REACH who="0" step="1"/><D23/><REACH who="0" ten="240,250,250,250" step="2"/><U94/><E22/><N who="2" m="11559" /><F127/><W53/><G111/><T116/><D116/><U66/><E39/><V79/><F125/><W131/><G131/><T1/><D1/><U80/><E38/><V25/><F0/><W103/><G108/><T117/><D117/><U119/><E36/><V21/><F79/><W85/><G103/><T32/><D32/><U132/><E119/><V6/><F21/><W55/><G84/><T124/><D124/><U60/><E132/><V3/><F3/><W135/><G135/><T5/><D5/><U31/><E80/><V105/><F25/><W41/><G85/><T71/><D71/><RYUUKYOKU ba="0,1" sc="240,15,250,-15,250,15,250,-15" hai0="18,20,27,37,40,47,56,64,88,92,97,104,107" hai2="6,8,14,42,44,58,63,65,105,106" /><INIT seed="0,1,1,0,0,22" ten="255,235,265,235" oya="0" hai0="41,113,88,9,33,51,134,105,129,73,125,115,124" hai1="107,74,89,14,102,84,69,31,83,98,77,97,108" hai2="29,111,23,18,123,72,2,82,21,135,43,3,17" hai3="12,133,68,90,119,126,40,66,42,75,35,78,131"/><T110/><D33/><U26/><E69/><V55/><F123/><W70/><G35/><T37/><D73/><U38/><E38/><V8/><F43/><W20/><G20/><T121/><D105/><U122/><E122/><V118/><F72/><W65/><G12/><T48/><D9/><U64/><E64/><V87/><F111/><W85/><G90/><T49/><D88/><U93/><E108/><V52/><F135/><W7/><G75/><T39/><D110/><U100/><E14/><N who="2" m="7367" /><F2/><W28/><G28/><T92/><D92/><N who="1" m="58439" /><E31/><V130/><F3/><W24/><G78/><T104/><D104/><U81/><E26/><N who="2" m="16607" /><F118/><W36/><G36/><N who="0" m="13899" /><D121/><U76/><E107/><V59/><F59/><W99/><G70/><T63/><D41/><U117/><E117/><V11/><F130/><W79/><G40/><T132/><D63/><U71/><E71/><V57/><F11/><W94/><G42/><T60/><D60/><U127/><E127/><N who="0" m="48713" /><D129/><U5/><E5/><V1/><F1/><W30/><G68/><T45/><D45/><U46/><E46/><V114/><F57/><W25/><G131/><T101/><D101/><AGARI ba="1,1" hai="74,76,77,81,83,84,89,93,97,101,102" m="58439" machi="101" ten="30,8000,1" yaku="35,5" doraHai="22" who="1" fromWho="0" sc="255,-83,235,93,265,0,235,0" /><INIT seed="1,0,0,2,4,79" ten="172,328,265,235" oya="1" hai0="112,131,67,58,74,88,122,45,132,75,23,89,34" hai1="127,13,54,10,64,119,95,66,59,105,93,62,69" hai2="8,133,102,39,6,33,83,96,46,129,99,120,51" hai3="44,35,14,57,52,71,135,1,91,103,24,98,65"/><U63/><E119/><V106/><F120/><W104/><G1/><T37/><D112/><U118/><E105/><V130/><F33/><W60/><G135/><T113/><D113/><U116/><E127/><V5/><F133/><W26/><G44/><T31/><D34/><U114/><E114/><V21/><F39/><W84/><G14/><T55/><D132/><U41/><E41/><V76/><F21/><W49/><REACH who="3" step="1"/><G35/><REACH who="3" ten="172,328,265,225" step="2"/><T27/><D122/><U56/><E118/><V73/><F99/><W90/><G90/><T110/><D89/><U47/><E116/><V109/><F109/><W82/><AGARI ba="0,1" hai="24,26,49,52,57,60,65,71,82,84,91,98,103,104" machi="82" ten="20,8000,1" yaku="1,1,0,1,7,1,52,1,54,1,53,0" doraHai="79" doraHaiUra="134" who="3" fromWho="3" sc="172,-20,328,-40,265,-20,225,90" /><INIT seed="2,0,0,0,4,131" ten="152,288,245,315" oya="2" hai0="25,28,58,15,41,61,109,123,108,133,115,94,107" hai1="84,59,99,46,90,44,100,128,57,2,12,33,78" hai2="21,105,127,83,102,20,62,23,110,19,45,113,26" hai3="120,50,130,4,85,104,47,74,103,97,81,80,27"/><V6/><F113/><W96/><G120/><T76/><D123/><U124/><E2/><V126/><F105/><W39/><G39/><T51/><D115/><U53/><E78/><V10/><F102/><W65/><G130/><T5/><D107/><U56/><E33/><V30/><F83/><W31/><G74/><T82/><D94/><N who="1" m="58487" /><E124/><N who="2" m="47659" /><F45/><N who="1" m="17513" /><E12/><N who="2" m="5207" /><F62/><W135/><G80/><T34/><D61/><N who="1" m="35983" /><E128/><V67/><F67/><W98/><G65/><T132/><D41/><U88/><E90/><V112/><F112/><W8/><G104/><T3/><D3/><U87/><E84/><V75/><F75/><W79/><G103/><T111/><D76/><U71/><E71/><V49/><F49/><W18/><G98/><T60/><D82/><AGARI ba="0,0" hai="57,59,82,87,88" m="35983,17513,58487" machi="82" ten="30,2000,0" yaku="8,1,54,1" doraHai="131" who="1" fromWho="0" sc="152,-20,288,20,245,0,315,0" /><INIT seed="3,0,0,1,5,55" ten="132,308,245,315" oya="3" hai0="51,47,112,113,67,61,125,29,33,89,114,95,28" hai1="103,35,8,22,36,32,70,82,14,18,12,130,4" hai2="90,91,7,0,115,15,93,16,30,6,104,21,105" hai3="53,111,134,31,79,34,76,109,54,122,133,41,119"/><W135/><G119/><T43/><D33/><U80/><E70/><V108/><F115/><W94/><G122/><T24/><D24/><U3/><E130/><V11/><F108/><N who="3" m="41547" /><G41/><T48/><D48/><U19/><E36/><V68/><F68/><W88/><G31/><T110/><D125/><U9/><E103/><V83/><F7/><W39/><G34/><N who="1" m="12842" /><E82/><V26/><F83/><W97/><G39/><T99/><REACH who="0" step="1"/><D110/><REACH who="0" ten="122,308,245,315" step="2"/><U56/><E80/><V62/><F62/><W117/><G117/><T126/><D126/><U74/><E74/><V118/><F118/><W71/><G71/><AGARI ba="0,1" hai="28,29,43,47,51,61,67,71,89,95,99,112,113,114" machi="71" ten="40,2600,0" yaku="1,1,11,1,53,0" doraHai="55" doraHaiUra="116" who="0" fromWho="3" sc="122,36,308,0,245,0,315,-26" /><INIT seed="4,0,0,4,5,128" ten="158,308,245,289" oya="0" hai0="9,20,30,127,2,71,32,75,88,89,21,123,77" hai1="46,113,51,18,98,68,97,114,17,25,131,1,99" hai2="35,79,109,43,118,57,28,48,85,37,105,41,54" hai3="116,26,34,81,60,129,40,22,87,8,74,36,65"/><T115/><D123/><U110/><E110/><V27/><F109/><W56/><G34/><T73/><D71/><U15/><E1/><V55/><F105/><W50/><G74/><T6/><D127/><U122/><E122/><V111/><F111/><W76/><G129/><T42/><D115/><N who="1" m="44043" /><E68/><V104/><F104/><W100/><G36/><T93/><D42/><N who="1" m="25047" /><E131/><V92/><F118/><W0/><G100/><T120/><D120/><U45/><E15/><V82/><F37/><W38/><G38/><T72/><D77/><U5/><E5/><V107/><F107/><W12/><G0/><T63/><D63/><U121/><E121/><V47/><F92/><W14/><G116/><T102/><D102/><U119/><E119/><V84/><F84/><W130/><G130/><T108/><D108/><U62/><E62/><AGARI ba="0,0" hai="27,28,35,41,43,47,48,54,55,57,62,79,82,85" machi="62" ten="30,1000,0" yaku="7,1" doraHai="128" who="2" fromWho="1" sc="158,0,308,-10,245,10,289,0" /><INIT seed="5,0,0,5,4,124" ten="158,298,255,289" oya="1" hai0="32,81,0,64,103,4,126,22,45,102,35,53,62" hai1="61,91,87,11,46,80,85,107,42,76,37,73,119" hai2="118,108,58,20,5,8,79,56,111,109,74,127,6" hai3="99,55,86,2,90,10,125,54,131,97,89,28,25"/><U39/><E119/><V18/><F118/><W112/><G112/><T29/><D126/><U88/><E107/><V101/><F127/><W9/><G125/><T123/><D123/><U71/><E11/><V113/><F113/><W104/><G104/><T30/><D81/><U60/><E37/><V59/><F101/><W114/><G114/><T110/><D110/><U95/><E71/><V93/><F74/><W72/><G72/><T31/><D22/><U3/><E3/><V84/><F8/><W36/><G36/><T78/><D78/><U106/><E106/><V19/><F93/><AGARI ba="0,0" hai="39,42,46,60,61,73,76,80,85,87,88,91,93,95" machi="93" ten="30,5800,0" yaku="7,1,9,1,54,1" doraHai="124" who="1" fromWho="2" sc="158,0,298,58,255,-58,289,0" /><INIT seed="5,1,0,3,5,79" ten="158,356,197,289" oya="1" hai0="61,52,72,62,57,38,130,70,117,67,32,87,34" hai1="6,40,25,26,128,98,107,66,35,90,115,39,9" hai2="77,71,46,82,97,88,106,54,105,60,10,91,22" hai3="96,2,123,12,102,126,44,16,129,7,120,28,110"/><U27/><E115/><V37/><F22/><W93/><G110/><T132/><D117/><U11/><E66/><V5/><F71/><W89/><G28/><T103/><D72/><U17/><E40/><V68/><F68/><W4/><G129/><T111/><D111/><U127/><E39/><V114/><F114/><W92/><G126/><T124/><D124/><U36/><E36/><V81/><F60/><W64/><G64/><T45/><D130/><U33/><E128/><V42/><F54/><W41/><G2/><T109/><D109/><U84/><E98/><V113/><F113/><W59/><G59/><T29/><D132/><U14/><E107/><V80/><F77/><W135/><G135/><T73/><D73/><U21/><E84/><V31/><F31/><W65/><G65/><T8/><D103/><U51/><E90/><V134/><F134/><W99/><G123/><T1/><D29/><N who="1" m="17583" /><E51/><V15/><REACH who="2" step="1"/><F106/><REACH who="2" ten="158,356,187,289" step="2"/><W43/><G120/><T23/><D23/><U95/><E127/><V24/><F24/><N who="1" m="9257" /><E95/><V116/><F116/><W47/><G41/><T48/><D62/><U50/><E50/><V101/><AGARI ba="1,1" hai="5,10,15,37,42,46,80,81,82,88,91,97,101,105" machi="101" ten="30,12000,2" yaku="1,1,0,1,52,3,54,1,53,0" doraHai="79" doraHaiUra="53" who="2" fromWho="2" sc="158,-31,356,-61,187,133,289,-31" /><INIT seed="6,0,0,1,1,87" ten="127,295,320,258" oya="2" hai0="1,58,30,2,54,23,126,13,62,114,113,72,111" hai1="36,29,43,109,107,10,85,38,77,53,40,26,31" hai2="14,24,46,78,69,92,12,116,99,32,27,108,65" hai3="22,124,75,21,63,42,71,125,96,61,133,103,115"/><V82/><F116/><W88/><G133/><T18/><D72/><U60/><E107/><V81/><F108/><W94/><G115/><T76/><D76/><U56/><E109/><V98/><F69/><W35/><G35/><T41/><D111/><U64/><E38/><V123/><F65/><N who="3" m="41391" /><G75/><T25/><D126/><N who="3" m="48745" /><G42/><T101/><D101/><U4/><E36/><V86/><F46/><W100/><G63/><T84/><D84/><U128/><E31/><V55/><F55/><W90/><G103/><T50/><D50/><U91/><E77/><V49/><F49/><W52/><G52/><N who="0" m="34119" /><D41/><U70/><E128/><V121/><F32/><W97/><G97/><T9/><D54/><U20/><E64/><V6/><F78/><W106/><G106/><T44/><D44/><U57/><E57/><V45/><F99/><W59/><G59/><T66/><D66/><U79/><E79/><V117/><F98/><W28/><G28/><T7/><D7/><U74/><E74/><V110/><F45/><W51/><G51/><T130/><D130/><U93/><E70/><V83/><F6/><W119/><G119/><T120/><D120/><U0/><AGARI ba="0,0" hai="0,4,10,20,26,29,40,43,53,56,60,85,91,93" machi="0" ten="20,2700,0" yaku="0,1,7,1,52,1" doraHai="87" who="1" fromWho="1" sc="127,-7,295,27,320,-13,258,-7" /><INIT seed="7,0,0,1,5,69" ten="120,322,307,251" oya="3" hai0="18,80,76,77,118,5,48,49,56,131,88,97,119" hai1="124,21,1,35,11,81,87,116,111,104,8,0,63" hai2="16,6,9,65,51,135,66,57,101,50,82,84,25" hai3="41,90,102,120,125,4,75,74,105,27,93,128,99"/><W123/><G4/><T117/><D131/><U61/><E35/><V3/><F135/><W15/><G15/><T37/><D5/><U86/><E104/><V38/><F38/><W94/><G41/><T17/><D56/><U34/><E34/><V83/><F101/><W115/><G27/><T91/><D117/><U73/><E111/><V85/><F6/><W23/><G23/><T7/><D7/><U22/><E81/><N who="2" m="30731" /><F3/><W129/><G115/><T58/><D80/><U64/><E64/><N who="2" m="24683" /><F57/><W70/><G70/><T55/><D58/><U121/><E124/><V134/><F134/><W133/><G125/><T12/><D55/><U71/><E71/><V113/><F113/><W43/><G43/><T127/><D127/><U52/><E52/><V19/><F25/><W72/><G105/><T109/><D97/><U33/><E33/><V24/><F24/><W108/><G108/><T44/><D109/><U47/><E47/><V92/><F92/><W132/><G132/><T39/><D44/><U96/><E73/><V59/><F59/><W114/><G114/><T26/><D26/><U13/><E116/><V79/><F79/><W126/><G126/><T107/><D107/><U36/><E36/><V30/><F30/><W53/><G53/><T10/><D12/><U31/><E31/><V68/><F68/><W32/><G32/><T40/><D40/><U130/><E96/><V20/><F9/><W67/><G133/><T60/><D10/><U29/><E29/><V2/><F2/><W122/><G67/><T62/><AGARI ba="0,0" hai="17,18,37,39,48,49,60,62,76,77,88,91,118,119" machi="62" ten="25,12000,2" yaku="0,1,22,2,52,2,54,1" doraHai="69" who="0" fromWho="0" sc="120,120,322,-30,307,-30,251,-60" /><INIT seed="8,0,0,0,0,92" ten="240,292,277,191" oya="0" hai0="26,97,6,50,121,64,126,101,98,54,84,74,95" hai1="69,116,15,55,103,93,35,83,44,123,11,102,47" hai2="67,38,40,8,77,108,33,96,16,91,72,9,62" hai3="124,19,13,63,132,130,66,43,31,110,2,79,120"/><T125/><D121/><U39/><E35/><V107/><F33/><W68/><G110/><T135/><D74/><U88/><E69/><V12/><F108/><W115/><G2/><T75/><D75/><U117/><E123/><V85/><F40/><W81/><G120/><T32/><D64/><U4/><E83/><N who="2" m="45479" /><F38/><W118/><G31/><N who="0" m="19575" /><D135/><U114/><E114/><V122/><F122/><W78/><G132/><T49/><D6/><U113/><E113/><V48/><F48/><N who="0" m="18538" /><D54/><U61/><E47/><V17/><F62/><W28/><G115/><T86/><D98/><N who="1" m="57639" /><E61/><V70/><F67/><W27/><G43/><T104/><D104/><U1/><E15/><V94/><F70/><W65/><G65/><T29/><D29/><U51/><E39/><V60/><F60/><W42/><G42/><T82/><D82/><U23/><E23/><N who="2" m="11655" /><F17/><W56/><G68/><T127/><AGARI ba="0,0" hai="84,86,95,97,101,125,126,127" m="18538,19575" machi="127" ten="40,3900,0" yaku="18,1,52,1" doraHai="92" who="0" fromWho="0" sc="240,39,292,-13,277,-13,191,-13" /><INIT seed="8,1,0,5,5,74" ten="279,279,264,178" oya="0" hai0="123,2,72,105,70,83,43,6,50,19,53,134,48" hai1="92,75,38,54,135,128,68,26,31,120,20,18,110" hai2="62,7,115,90,49,13,98,122,101,3,47,118,25" hai3="124,130,56,60,81,36,111,77,104,85,93,96,80"/><T119/><D123/><U16/><E120/><V113/><F3/><W12/><G36/><T58/><D119/><U22/><E110/><V67/><F122/><W23/><G130/><T133/><D105/><U78/><E68/><V33/><F90/><W45/><G124/><T108/><D108/><U15/><E38/><V0/><F13/><W100/><G111/><T65/><D2/><U117/><E117/><V32/><F32/><W88/><G45/><N who="0" m="25663" /><D6/><U131/><E135/><N who="0" m="51721" /><D19/><N who="1" m="10367" /><E92/><V24/><F7/><W11/><G23/><T63/><D83/><N who="1" m="45535" /><E54/><V34/><F0/><W116/><G116/><T17/><D17/><U42/><E42/><V91/><F118/><W21/><G21/><T125/><D72/><U109/><E109/><V94/><F34/><W8/><G12/><T27/><D27/><U82/><E82/><V40/><F33/><W61/><G81/><T51/><D51/><U44/><E44/><V37/><F37/><W97/><REACH who="3" step="1"/><G61/><REACH who="3" ten="279,279,264,168" step="2"/><T106/><D125/><U9/><E9/><V126/><F126/><W59/><G59/><T4/><D4/><U107/><E18/><V103/><F25/><W71/><G71/><T121/><D121/><U46/><E46/><V35/><F24/><W30/><G30/><T112/><D70/><U73/><E31/><V87/><F35/><W29/><G29/><T127/><D127/><U55/><E131/><V102/><F62/><W99/><G99/><T89/><D63/><U76/><E128/><V69/><F98/><W84/><G84/><T1/><D1/><U95/><E26/><V64/><F69/><W5/><G5/><RYUUKYOKU ba="1,1" sc="279,-15,279,-15,264,15,168,15" hai2="40,47,49,64,67,87,91,94,101,102,103,113,115" hai3="8,11,56,60,77,80,85,88,93,96,97,100,104" /><INIT seed="9,2,1,0,3,70" ten="264,264,279,183" oya="1" hai0="85,61,17,100,109,95,3,89,94,80,28,78,131" hai1="108,26,10,42,107,86,2,120,115,8,11,68,13" hai2="90,30,56,110,24,130,53,83,67,84,16,52,50" hai3="44,106,74,91,65,119,76,40,47,27,55,124,37"/><U0/><E115/><V48/><F110/><W81/><G124/><T127/><D109/><U59/><E68/><V97/><F130/><W123/><G123/><T39/><D3/><U57/><E107/><V105/><F105/><W46/><G65/><T104/><D127/><U25/><E120/><V21/><F97/><W36/><G119/><T87/><D131/><U4/><E42/><V118/><F67/><W102/><G91/><T62/><D39/><U135/><E135/><V64/><F64/><W12/><G27/><T116/><D104/><U103/><E103/><V6/><F6/><W32/><G32/><T18/><D28/><U43/><E43/><V45/><F118/><W66/><G66/><T99/><D116/><U92/><E108/><V82/><F82/><W51/><G12/><T5/><D5/><U58/><E0/><V129/><F129/><W133/><G133/><T117/><D117/><U23/><E2/><V15/><F15/><W73/><G73/><T63/><AGARI ba="2,1" hai="17,18,61,62,63,78,80,85,87,89,94,95,99,100" machi="63" ten="30,2000,0" yaku="0,1,8,1" doraHai="70" who="0" fromWho="0" sc="264,36,264,-12,279,-7,183,-7" owari="300,40.0,252,-15.0,272,7.0,176,-32.0" /></mjloggm>