<mjloggm ver="2.3"><GO type="169" lobby="0"/><UN n0="%6B%6F%7A%61%6B%69%6E%67" n1="%E3%81%B7%E3%82%8B%E3%81%B7%E3%82%8B%E3%81%A0%E3%81%9E" n2="%E3%82%A6%E3%83%AB%E3%83%88%E3%83%A9%E7%AB%8B%E7%9B%B4" n3="%6D%69%72%69%72%69" dan="16,16,18,17" rate="2090.16,2106.52,2207.57,2148.23" sx="M,M,M,M"/><TAIKYOKU oya="0"/><INIT seed="0,0,0,5,2,26" ten="250,250,250,250" oya="0" hai0="107,123,19,80,81,57,24,12,34,131,32,22,23" hai1="7,30,50,83,72,3,11,109,10,28,0,16,4" hai2="110,56,9,67,52,37,130,119,95,71,78,69,102" hai3="103,105,96,114,14,94,117,46,25,8,90,44,65"/><T66/><D123/><U92/><E109/><V36/><F78/><W42/><G114/><T73/><D107/><U76/><E92/><V68/><F102/><W91/><G117/><T104/><D104/><U75/><E75/><V124/><F9/><W74/><G74/><T61/><D131/><U18/><E50/><N who="2" m="30743" /><F95/><W98/><G65/><T29/><REACH who="0" step="1"/><D73/><REACH who="0" ten="240,250,250,250" step="2"/><U88/><E88/><V62/><F130/><W48/><G91/><T45/><D45/><U135/><E135/><V132/><F132/><W64/><G46/><T20/><D20/><U133/><E133/><V101/><F101/><W51/><G105/><T77/><D77/><U125/><E125/><V63/><F124/><W86/><G103/><T53/><D53/><U129/><E129/><V122/><F122/><W47/><G90/><T106/><D106/><U39/><E39/><N who="2" m="14923" /><F110/><W93/><G44/><T54/><D54/><U35/><E35/><AGARI ba="0,1" hai="12,19,22,23,24,29,32,34,35,57,61,66,80,81" machi="35" ten="40,3900,0" yaku="1,1,52,1,53,0" doraHai="26" doraHaiUra="82" who="0" fromWho="1" sc="240,49,250,-39,250,0,250,0" /><INIT seed="0,1,0,5,2,109" ten="289,211,250,250" oya="0" hai0="107,102,79,120,29,113,48,99,41,62,16,124,94" hai1="123,61,121,17,0,49,127,24,33,60,51,31,115" hai2="132,75,69,20,25,43,46,117,89,39,114,47,42" hai3="45,4,91,22,38,37,52,92,131,77,68,15,7"/><T28/><D120/><U86/><E0/><V95/><F75/><W56/><G68/><T70/><D124/><U112/><E127/><V87/><F69/><W10/><G131/><T35/><D79/><U129/><E129/><V21/><F132/><W134/><G134/><T40/><D113/><N who="1" m="43595" /><E86/><V3/><F3/><W71/><G71/><T111/><D111/><U19/><E60/><V133/><F133/><W58/><G7/><T34/><D62/><U57/><E51/><V108/><F108/><W104/><G104/><T130/><D48/><U2/><E2/><V9/><F114/><W78/><G38/><T82/><D130/><U1/><E1/><V63/><F63/><W27/><G45/><T67/><D107/><U26/><E49/><V90/><F117/><W55/><G37/><T128/><D128/><U65/><E26/><V119/><F119/><W98/><G56/><T125/><D70/><U36/><E36/><V85/><F25/><W14/><G14/><T118/><D118/><U73/><E73/><V66/><F39/><W53/><REACH who="3" step="1"/><G58/><REACH who="3" ten="289,211,250,240" step="2"/><T97/><D125/><U18/><AGARI ba="1,1" hai="17,18,19,24,31,33,57,61,65,121,123" m="43595" machi="18" ten="30,7900,0" yaku="11,1,52,3" doraHai="109" who="1" fromWho="1" sc="289,-40,211,92,250,-21,240,-21" /><INIT seed="1,0,0,3,0,118" ten="249,303,229,219" oya="1" hai0="63,35,78,106,51,83,75,77,123,64,48,66,119" hai1="26,92,132,113,68,90,8,125,98,2,122,91,13" hai2="44,70,96,85,74,127,24,107,102,58,4,67,76" hai3="81,40,16,120,100,56,73,103,80,32,45,1,43"/><U61/><E113/><V23/><F127/><W27/><G1/><T131/><D119/><U6/><E125/><V105/><F4/><W17/><G32/><T41/><D106/><U108/><E132/><V109/><F109/><W69/><G69/><T134/><D134/><U18/><E108/><V95/><F70/><W3/><G3/><T114/><D114/><U54/><E26/><V34/><F44/><W117/><G117/><T33/><D131/><U135/><E135/><V111/><F34/><W65/><G120/><T46/><D78/><U124/><E122/><V110/><F107/><W104/><G104/><T30/><D123/><U37/><E37/><V38/><F38/><W22/><G17/><T47/><D30/><U130/><E130/><V62/><F23/><W52/><G65/><T20/><D20/><U5/><E124/><V42/><F42/><N who="3" m="15915" /><G45/><T88/><D66/><U7/><E2/><V25/><F111/><W9/><G73/><T97/><D47/><U15/><E68/><V28/><F28/><W128/><G9/><T82/><D51/><U12/><E18/><V121/><F110/><W50/><G128/><T55/><D41/><U10/><E90/><N who="2" m="53711" /><F121/><W39/><G39/><T72/><D72/><U49/><REACH who="1" step="1"/><E61/><REACH who="1" ten="249,293,229,219" step="2"/><V53/><F24/><W129/><G129/><T36/><D36/><U71/><E71/><V0/><F25/><W11/><G11/><T29/><D63/><U126/><E126/><V21/><F0/><W86/><G80/><T99/><D83/><U116/><E116/><V59/><F62/><W133/><G133/><T19/><D82/><RYUUKYOKU ba="0,1" sc="249,-15,293,15,229,-15,219,15" hai1="5,6,7,8,10,12,13,15,49,54,91,92,98" hai3="16,22,27,50,52,56,81,86,100,103" /><INIT seed="1,1,1,3,2,86" ten="234,308,214,234" oya="1" hai0="122,84,67,30,10,88,115,31,117,48,14,9,49" hai1="54,51,55,66,87,89,80,121,42,134,26,61,16" hai2="72,96,79,28,18,38,110,129,3,116,32,50,131" hai3="46,21,69,65,111,36,97,13,8,70,20,83,74"/><U109/><E121/><V99/><F38/><W120/><G120/><T56/><D122/><U128/><E134/><V41/><F3/><W63/><G70/><T34/><D117/><U39/><E128/><N who="2" m="49227" /><F18/><W7/><G111/><T64/><D115/><U93/><E39/><V77/><F116/><W5/><G5/><N who="0" m="3375" /><D34/><U102/><E109/><V107/><F110/><W35/><G35/><T40/><D10/><U90/><E102/><V100/><F99/><W53/><G97/><T29/><D40/><U98/><E42/><V78/><F72/><W23/><G36/><T45/><D45/><U52/><E61/><V94/><F107/><W118/><G118/><T114/><D114/><U119/><E66/><N who="0" m="25129" /><D56/><N who="1" m="32799" /><E119/><V58/><F41/><W103/><G103/><T68/><D68/><U24/><E24/><N who="2" m="18439" /><F50/><N who="3" m="28887" /><G74/><T101/><D101/><U59/><E59/><AGARI ba="1,1" hai="58,59,77,78,79,94,96,100" m="18439,49227" machi="59" ten="30,1000,0" yaku="19,1" doraHai="86" who="2" fromWho="1" sc="234,0,308,-13,214,23,234,0" /><INIT seed="2,0,0,4,5,131" ten="234,295,237,234" oya="2" hai0="33,77,67,94,49,54,29,98,11,133,95,9,112" hai1="115,85,31,47,124,99,51,20,25,119,105,126,88" hai2="43,101,97,81,36,18,21,1,45,91,22,53,38" hai3="58,62,63,107,42,13,72,122,125,24,83,118,8"/><V78/><F1/><W93/><G107/><T87/><D112/><U5/><E115/><V3/><F3/><W114/><G114/><T100/><D67/><U117/><E5/><V123/><F123/><W75/><G122/><T135/><D33/><U41/><E99/><V73/><F38/><W28/><G118/><T7/><D29/><U111/><E111/><V70/><F70/><W116/><G116/><T109/><D109/><U113/><E113/><V110/><F110/><W15/><G42/><T96/><D77/><U10/><E10/><V92/><F53/><W57/><G93/><T80/><D80/><N who="1" m="49191" /><E105/><V12/><REACH who="2" step="1"/><F101/><REACH who="2" ten="234,295,227,234" step="2"/><W19/><G125/><AGARI ba="0,1" hai="20,25,31,41,47,51,117,119,124,125,126" m="49191" machi="125" ten="30,2000,0" yaku="18,1,54,1" doraHai="131" who="1" fromWho="3" sc="234,0,295,30,227,0,234,-20" /><INIT seed="3,0,0,0,2,59" ten="234,325,227,214" oya="3" hai0="6,49,100,92,5,35,124,80,71,43,28,30,122" hai1="7,118,85,56,84,119,128,112,110,51,31,40,50" hai2="67,13,39,127,107,72,99,24,16,135,74,103,12" hai3="62,4,48,15,21,104,64,78,90,109,73,0,77"/><W82/><G104/><T45/><D122/><U108/><E112/><V52/><F39/><W134/><G134/><T69/><D124/><U89/><E7/><V95/><F127/><W75/><G0/><T116/><D116/><N who="1" m="44587" /><E31/><V96/><F135/><W10/><G109/><N who="1" m="42090" /><E128/><V88/><F67/><W54/><G90/><T8/><D35/><U18/><E18/><V126/><F126/><W20/><G77/><T93/><D30/><U123/><E123/><V111/><F111/><W113/><G73/><T133/><D28/><U132/><E132/><V79/><F74/><W47/><REACH who="3" step="1"/><G113/><REACH who="3" ten="234,325,227,204" step="2"/><T41/><D133/><U32/><E89/><V29/><F79/><W3/><G3/><T11/><D100/><U38/><E85/><V101/><F72/><W42/><G42/><T9/><D43/><U34/><E84/><V33/><F103/><W94/><G94/><T83/><D41/><U65/><E40/><V46/><F107/><W17/><G17/><T37/><D37/><U106/><E38/><V131/><F16/><W19/><G19/><T61/><D83/><U2/><E106/><V121/><F101/><W68/><AGARI ba="0,1" hai="4,10,15,20,21,47,48,54,62,64,68,75,78,82" machi="68" ten="20,12000,1" yaku="1,1,0,1,7,1,52,1,53,1" doraHai="59" doraHaiUra="76" who="3" fromWho="3" sc="234,-40,325,-40,227,-40,204,130" /><INIT seed="3,1,0,3,5,9" ten="194,285,187,334" oya="3" hai0="133,51,58,41,40,74,77,101,62,105,47,49,112" hai1="106,132,126,26,33,19,38,34,127,125,78,2,123" hai2="67,79,73,102,96,22,6,110,94,121,0,124,84" hai3="29,130,81,43,44,103,32,80,4,131,135,16,1"/><W95/><G135/><T52/><D133/><U128/><E106/><V48/><F110/><W134/><G134/><T65/><D112/><U92/><E38/><V104/><F124/><W72/><G32/><N who="1" m="12394" /><E132/><V39/><F39/><W57/><G29/><T82/><D105/><U91/><E78/><V76/><F76/><W8/><G57/><T69/><REACH who="0" step="1"/><D101/><REACH who="0" ten="184,285,187,334" step="2"/><U122/><E128/><V108/><F102/><W98/><G130/><T111/><D111/><U114/><E114/><V54/><F104/><W15/><G131/><T118/><D118/><U115/><E115/><V28/><F108/><W55/><G72/><T61/><D61/><U120/><E122/><V117/><F73/><W71/><G71/><T25/><D25/><U83/><E123/><V18/><F117/><W7/><G55/><AGARI ba="1,1" hai="40,41,47,49,51,52,55,58,62,65,69,74,77,82" machi="55" ten="30,3900,0" yaku="1,1,7,1,54,1,53,0" doraHai="9" doraHaiUra="116" who="0" fromWho="3" sc="184,52,285,0,187,0,334,-42" /><INIT seed="4,0,0,0,0,53" ten="236,285,187,292" oya="0" hai0="11,120,132,58,48,37,67,92,117,87,9,29,100" hai1="12,3,104,81,40,44,110,36,61,123,80,122,34" hai2="50,24,22,14,135,64,68,72,23,133,134,73,39" hai3="70,107,25,1,113,6,86,111,125,102,130,32,96"/><T74/><D120/><U30/><E110/><V13/><F39/><W4/><G111/><T55/><D74/><U85/><E104/><V47/><F68/><W128/><G113/><T116/><D37/><U119/><E3/><V71/><F71/><W28/><G125/><T129/><D129/><N who="3" m="49769" /><G1/><T60/><D132/><U5/><E119/><V75/><F64/><W98/><G98/><T90/><D29/><U105/><E105/><V35/><F35/><W127/><G127/><T82/><D117/><U131/><E131/><V54/><REACH who="2" step="1"/><F24/><REACH who="2" ten="236,285,177,292" step="2"/><W77/><G70/><T19/><D116/><U79/><E34/><V91/><F91/><W41/><G25/><T126/><D126/><U109/><E109/><V43/><F43/><W46/><G32/><T33/><D33/><U95/><E40/><V27/><F27/><W88/><G77/><T2/><D2/><U38/><E79/><V7/><F7/><W15/><G6/><T18/><D18/><U78/><E38/><V31/><F31/><W89/><G28/><T124/><D19/><U20/><E30/><V121/><F121/><W42/><G89/><T66/><D124/><U94/><E5/><V114/><F114/><W51/><G41/><T93/><D67/><U8/><E123/><V83/><F83/><N who="3" m="49247" /><G4/><T76/><D100/><U45/><E81/><V65/><F65/><W97/><G102/><T115/><D115/><U99/><E36/><V0/><F0/><W69/><G69/><N who="0" m="42183" /><D90/><N who="1" m="55799" /><E122/><V49/><F49/><W21/><G51/><T56/><D48/><U52/><E78/><V63/><F63/><W57/><G42/><RYUUKYOKU ba="0,1" sc="236,-10,285,-10,177,30,292,-10" hai2="13,14,22,23,47,50,54,72,73,75,133,134,135" /><INIT seed="5,1,1,4,3,92" ten="226,275,207,282" oya="1" hai0="31,97,11,120,106,127,81,19,113,4,124,87,110" hai1="33,53,45,47,58,99,93,44,20,128,34,123,79" hai2="0,90,29,35,125,12,22,134,64,70,8,51,102" hai3="86,91,126,69,105,85,111,21,38,75,18,107,17"/><U73/><E128/><V112/><F102/><W122/><G75/><T14/><D120/><U37/><E123/><V9/><F70/><W115/><G122/><T1/><D110/><U94/><E93/><V72/><F72/><W95/><G111/><T28/><D113/><U41/><E20/><V60/><F51/><W5/><G38/><T130/><D130/><U80/><E33/><V109/><F90/><W59/><G69/><T68/><D68/><U116/><E34/><V96/><F9/><W117/><G5/><T104/><D104/><U135/><E135/><V7/><F134/><W43/><G115/><T32/><D32/><U83/><E83/><V133/><F133/><W40/><G117/><T77/><D106/><U27/><E27/><V82/><F82/><W6/><G6/><T101/><D101/><U129/><E129/><V119/><F7/><W50/><G86/><T121/><D97/><U10/><E10/><V61/><F8/><W42/><G126/><N who="0" m="48171" /><D121/><U48/><E116/><V89/><F96/><W13/><REACH who="3" step="1"/><G17/><REACH who="3" ten="226,275,207,272" step="2"/><T54/><D19/><U57/><REACH who="1" step="1"/><E58/><REACH who="1" ten="226,265,207,272" step="2"/><V49/><F125/><W65/><G65/><T3/><D31/><U108/><E108/><V2/><F64/><W36/><G36/><T56/><D28/><U63/><E63/><AGARI ba="1,3" hai="1,3,4,11,14,54,56,63,77,81,87" m="48171" machi="63" ten="30,1000,0" yaku="18,1" doraHai="92" who="0" fromWho="1" sc="226,43,265,-13,207,0,272,0" /><INIT seed="6,0,0,2,0,85" ten="269,252,207,272" oya="2" hai0="107,86,50,83,128,21,98,90,16,18,69,130,91" hai1="22,41,38,44,19,74,77,94,106,120,67,122,93" hai2="127,14,40,82,72,23,103,12,9,57,87,54,5" hai3="84,78,1,45,56,51,46,89,64,115,117,125,31"/><V53/><F127/><W101/><G117/><T4/><D69/><U134/><E106/><V52/><F40/><W2/><G78/><T33/><D33/><U11/><E11/><V81/><F103/><W42/><G125/><T100/><D4/><U80/><E134/><V121/><F121/><N who="1" m="46697" /><E67/><V65/><F72/><W17/><G101/><T49/><D18/><U104/><E104/><V112/><F112/><W7/><G31/><T34/><D34/><U97/><E97/><V29/><F65/><W61/><G115/><T36/><D36/><U70/><E70/><V76/><F82/><W43/><G17/><T10/><D10/><U30/><E30/><V25/><REACH who="2" step="1"/><F14/><AGARI ba="0,0" hai="14,19,22,38,41,44,74,77,80,93,94" m="46697" machi="14" ten="30,1000,0" yaku="13,1" doraHai="85" who="1" fromWho="2" sc="269,0,252,10,207,-10,272,0" /><INIT seed="7,0,0,0,1,2" ten="269,262,197,272" oya="3" hai0="129,10,21,63,110,86,96,42,68,97,8,70,123" hai1="72,82,77,34,6,52,116,9,44,130,50,28,94" hai2="80,13,41,71,100,85,36,20,121,115,131,74,14" hai3="73,12,132,24,114,54,128,59,109,83,26,16,27"/><W57/><G114/><T40/><D123/><U25/><E130/><V22/><F71/><W33/><G128/><T51/><D129/><U11/><E116/><V124/><F131/><W31/><G132/><T45/><D110/><U60/><E60/><V23/><F74/><W17/><G17/><T91/><D40/><U102/><E102/><V133/><F115/><W61/><G109/><T32/><D32/><U105/><E94/><V93/><F133/><W88/><G59/><T56/><D68/><U64/><E11/><N who="0" m="4137" /><D21/><U89/><E89/><V4/><F124/><W49/><G61/><T81/><D70/><U65/><E105/><V15/><F121/><W1/><G1/><AGARI ba="0,0" hai="1,6,9,25,28,34,44,50,52,64,65,72,77,82" machi="1" ten="30,3900,0" yaku="7,1,52,1,54,1" doraHai="2" who="1" fromWho="3" sc="269,0,262,39,197,0,272,-39" owari="269,7.0,301,40.0,197,-30.0,233,-17.0" /></mjloggm>