<mjloggm ver="2.3"><GO type="169" lobby="0"/><UN n0="%E3%83%88%E3%83%88%E3%83%AA%E5%85%88%E7%94%9F%31%39%E6%AD%B3" n1="%E3%81%95%E3%82%8A%E3%83%BC%E3%81%99%E3%81%93%E3%81%A3%E3%81%A8" n2="%E3%81%8B%E3%82%81%E3%81%98%E3%82%8D%E3%81%86" n3="%E3%81%8F%E3%81%86%E3%81%9F%E3%82%8D" dan="18,16,16,17" rate="2296.19,2097.49,2115.76,2129.11" sx="F,F,M,M"/><TAIKYOKU oya="0"/><INIT seed="0,0,0,1,2,103" ten="250,250,250,250" oya="0" hai0="104,72,95,108,98,122,84,62,36,83,67,14,41" hai1="119,65,26,3,79,12,97,110,125,51,100,39,1" hai2="64,53,57,44,18,107,118,92,63,17,120,38,117" hai3="77,121,113,114,25,111,88,37,101,69,127,89,54"/><T123/><D72/><U4/><E39/><V19/><F120/><W133/><G121/><T27/><D108/><U5/><E119/><V102/><F92/><W45/><G111/><T90/><D104/><U134/><E65/><V76/><F76/><W87/><G69/><T20/><D14/><U2/><E79/><V131/><F131/><W47/><G127/><T91/><D36/><U105/><E110/><V74/><F74/><W78/><G101/><T0/><D0/><U7/><E134/><V43/><REACH who="2" step="1"/><F64/><REACH who="2" ten="250,250,240,250" step="2"/><W73/><G73/><T96/><D122/><U66/><E125/><V99/><AGARI ba="0,1" hai="17,18,19,38,43,44,53,57,63,99,102,107,117,118" machi="99" ten="30,8000,1" yaku="1,1,2,1,0,1,52,1,53,1" doraHai="103" doraHaiUra="58" who="2" fromWho="2" sc="250,-40,250,-20,240,90,250,-20" /><INIT seed="1,0,0,5,5,64" ten="210,230,330,230" oya="1" hai0="53,83,95,62,61,9,18,125,98,3,32,123,134" hai1="74,69,57,55,26,39,119,105,102,94,121,56,97" hai2="70,118,113,133,107,88,24,11,17,71,51,19,7" hai3="109,48,100,81,106,104,35,12,36,128,38,91,87"/><U46/><E121/><V126/><F118/><W132/><G109/><T90/><D32/><U68/><E119/><V59/><F107/><W73/><G35/><T8/><D134/><U27/><E74/><V89/><F133/><W92/><G132/><T72/><D125/><U23/><E105/><V49/><F126/><W101/><G128/><T45/><D123/><U84/><E84/><V116/><F116/><W4/><G104/><T21/><D72/><U115/><E115/><V60/><F113/><W86/><G73/><T122/><D122/><U114/><E114/><V10/><F59/><W47/><G106/><T78/><D3/><U117/><E117/><V120/><F120/><W5/><G38/><T58/><D61/><U110/><E110/><V33/><F33/><W15/><G36/><T80/><D45/><U130/><E130/><V63/><F24/><W37/><G37/><T13/><D78/><U85/><E26/><V79/><F79/><N who="3" m="46399" /><G15/><N who="0" m="7535" /><D21/><U50/><E85/><V93/><F93/><W2/><G2/><T44/><D44/><U40/><REACH who="1" step="1"/><E57/><REACH who="1" ten="210,220,330,230" step="2"/><V16/><REACH who="2" step="1"/><F19/><AGARI ba="0,1" hai="8,13,19,53,58,62,80,83,90,95,98" m="7535" machi="19" ten="30,1000,0" yaku="8,1" doraHai="64" who="0" fromWho="2" sc="210,20,220,0,330,-10,230,0" /><AGARI ba="0,0" hai="19,23,27,39,40,46,50,55,56,68,69,94,97,102" machi="19" ten="30,18000,2" yaku="1,1,2,1,7,1,52,2,53,1" doraHai="64" doraHaiUra="41" who="1" fromWho="2" sc="230,0,220,180,320,-180,230,0" /><INIT seed="1,1,0,3,1,97" ten="230,400,140,230" oya="1" hai0="95,98,106,50,49,44,1,41,51,135,126,15,111" hai1="6,89,29,32,124,43,128,47,62,120,72,105,71" hai2="59,36,93,20,83,75,92,117,18,5,24,100,76" hai3="116,46,14,122,42,25,23,87,30,53,82,77,80"/><U70/><E120/><V35/><F117/><W115/><G122/><T131/><D1/><U37/><E89/><V101/><F36/><W67/><G116/><T99/><D111/><U114/><E114/><V12/><F92/><W3/><G3/><T64/><D131/><U118/><E118/><V78/><F78/><W68/><G115/><T0/><D0/><U127/><E6/><V27/><F27/><W60/><G14/><T69/><D135/><U34/><E128/><V40/><F40/><W10/><G10/><T108/><D108/><U65/><E70/><V96/><F59/><W63/><G63/><T133/><D133/><U112/><E112/><V88/><REACH who="2" step="1"/><F5/><REACH who="2" ten="230,400,130,230" step="2"/><W22/><G80/><T107/><D95/><U26/><E32/><V121/><F121/><W134/><G134/><T58/><D58/><U13/><E105/><V110/><F110/><W17/><G42/><T55/><D106/><U8/><E43/><V16/><F16/><W81/><G81/><T130/><D130/><U19/><E37/><V90/><F90/><W38/><G38/><T52/><D107/><U102/><E19/><V54/><F54/><N who="0" m="20522" /><D41/><U125/><E125/><V57/><F57/><W113/><G113/><T123/><D126/><U48/><E124/><V7/><F7/><W4/><G4/><T66/><D123/><U61/><E127/><V33/><F33/><N who="3" m="20687" /><G17/><T11/><D44/><U104/><E47/><V91/><F91/><W74/><G74/><T103/><D69/><U28/><E71/><V39/><F39/><W9/><G46/><T73/><D73/><U129/><E129/><RYUUKYOKU ba="1,1" sc="230,-10,400,-10,130,30,230,-10" hai2="12,18,20,24,35,75,76,83,88,93,96,100,101" /><INIT seed="2,2,1,1,4,78" ten="220,390,160,220" oya="2" hai0="44,84,69,19,49,107,29,5,1,95,3,70,59" hai1="14,54,33,67,68,133,20,89,56,18,48,126,94" hai2="60,41,91,108,73,75,85,26,132,79,83,111,112" hai3="116,31,32,34,8,131,25,51,99,47,28,115,82"/><V35/><F41/><W50/><G116/><T63/><D107/><U123/><E133/><V65/><F112/><W46/><G131/><T57/><D29/><U55/><E126/><V23/><F35/><W90/><G115/><T128/><D128/><U13/><E123/><V105/><F105/><W16/><G50/><T38/><D38/><U39/><E39/><V30/><F132/><W135/><G135/><T15/><D5/><U37/><E37/><V6/><F6/><W86/><G99/><T62/><D69/><U43/><E33/><V9/><F9/><W93/><G93/><T64/><D70/><U97/><E43/><V125/><F125/><W134/><G134/><T106/><D106/><U124/><E124/><V24/><F24/><W104/><G104/><T40/><D95/><U121/><E121/><V53/><F53/><W118/><G118/><T74/><D74/><U71/><E67/><V129/><F129/><W22/><G47/><T4/><D4/><U17/><E55/><V45/><F45/><W81/><G81/><T88/><D19/><U96/><E96/><V66/><F75/><W117/><G117/><T109/><D15/><U52/><E54/><V21/><F65/><W122/><G122/><T61/><D64/><U42/><E42/><V0/><F0/><N who="0" m="74" /><D109/><N who="2" m="42058" /><F60/><W102/><G31/><T58/><D61/><U87/><E97/><V110/><N who="2" m="42066" /><V114/><DORA hai="120" /><F114/><W10/><G32/><T130/><D130/><U2/><E2/><V80/><F66/><W98/><G34/><T100/><D100/><U113/><E113/><V119/><F119/><RYUUKYOKU ba="2,1" sc="220,10,390,10,160,10,220,-30" hai0="40,44,49,57,58,59,62,63,84,88" hai1="13,14,17,18,20,48,52,56,68,71,87,89,94" hai2="21,23,26,30,73,79,80,83,85,91" /><INIT seed="2,3,1,5,1,38" ten="230,400,170,190" oya="2" hai0="88,21,28,0,114,49,76,95,27,131,80,112,55" hai1="3,108,1,50,68,16,40,109,129,99,75,11,85" hai2="101,116,59,64,4,35,113,23,83,127,97,58,104" hai3="54,12,52,43,39,100,60,18,32,119,93,25,63"/><V65/><F116/><W6/><G119/><T125/><D0/><U89/><E75/><V111/><F113/><W2/><G2/><T69/><D69/><U98/><E68/><V67/><F35/><W94/><G6/><T9/><D131/><U96/><E129/><V29/><F127/><W53/><G32/><T135/><D135/><U123/><E123/><V44/><F4/><W33/><G33/><T91/><D9/><U115/><E115/><V103/><F103/><W122/><G25/><T118/><D125/><U71/><E71/><V15/><F83/><W8/><G122/><T42/><D118/><U124/><E124/><V22/><F111/><N who="1" m="42569" /><E16/><V13/><F44/><W87/><G100/><T90/><D95/><N who="1" m="54703" /><E11/><V117/><F117/><W86/><G94/><T130/><D130/><U37/><E37/><V128/><F128/><W47/><REACH who="3" step="1"/><G93/><REACH who="3" ten="230,400,170,180" step="2"/><T31/><D114/><U81/><E81/><V66/><N who="2" m="16384" /><DORA hai="92" /><V121/><F121/><W56/><G56/><N who="0" m="32879" /><D112/><U5/><E5/><V73/><F59/><W24/><G24/><T26/><D26/><U84/><E84/><AGARI ba="3,2" hai="8,12,18,39,43,47,52,53,54,60,63,84,86,87" machi="84" ten="40,5200,0" yaku="1,1,52,1,54,1,53,0" doraHai="38,92" doraHaiUra="126,74" who="3" fromWho="1" sc="230,0,400,-61,170,0,180,81" /><INIT seed="3,0,0,1,3,23" ten="230,339,170,261" oya="3" hai0="125,127,135,49,57,79,116,66,74,45,110,10,40" hai1="53,109,7,97,120,39,95,20,65,92,4,91,62" hai2="50,114,15,24,122,54,83,42,26,46,37,107,11" hai3="47,101,134,56,103,35,90,19,129,22,29,124,68"/><W78/><G68/><T104/><D104/><U34/><E34/><V60/><F114/><W72/><G124/><N who="0" m="47691" /><D74/><U5/><E109/><V64/><F107/><W27/><G129/><T25/><D79/><U32/><E32/><V2/><F2/><W132/><G56/><T117/><D110/><U96/><E39/><V59/><F122/><W98/><G47/><T130/><D10/><U8/><E53/><V102/><F102/><W86/><G78/><T14/><D14/><U123/><E20/><V100/><F100/><W9/><G9/><T131/><D25/><U77/><E77/><V94/><F94/><N who="3" m="54615" /><G72/><T115/><D135/><N who="3" m="51753" /><G98/><T55/><D66/><U28/><E96/><V48/><F83/><W99/><G99/><T18/><D18/><U13/><E95/><V12/><F12/><AGARI ba="0,0" hai="12,19,22,27,29,35,101,103" m="51753,54615" machi="12" ten="30,2900,0" yaku="20,1,52,1" doraHai="23" who="3" fromWho="2" sc="230,0,339,0,170,-29,261,29" /><INIT seed="3,1,0,4,5,56" ten="230,339,141,290" oya="3" hai0="43,122,61,34,97,77,76,39,90,131,109,13,123" hai1="84,94,111,100,17,24,41,96,70,51,63,32,134" hai2="95,7,47,55,58,33,42,68,36,66,86,29,10" hai3="117,121,1,104,62,129,67,103,27,74,110,88,112"/><W9/><G112/><T21/><D34/><U37/><E111/><V26/><F68/><W5/><G117/><T0/><D0/><U45/><E134/><V16/><F66/><W75/><G121/><T114/><D109/><U73/><E73/><V127/><F127/><W28/><G110/><T132/><D114/><U101/><E101/><V14/><F95/><W60/><G129/><T89/><D132/><U93/><E37/><V130/><F86/><W80/><G104/><T105/><D131/><U133/><E133/><V83/><F83/><W3/><G103/><T106/><D43/><U11/><E32/><V108/><F130/><W98/><G3/><T128/><D128/><U126/><E126/><V25/><F25/><W116/><G116/><T59/><D39/><U6/><E24/><V82/><F82/><W92/><G80/><T115/><D115/><U54/><E17/><V71/><F71/><W87/><G87/><T49/><D49/><U78/><E78/><N who="0" m="30313" /><D13/><U8/><E70/><V18/><REACH who="2" step="1"/><F108/><REACH who="2" ten="230,339,131,290" step="2"/><W31/><G67/><N who="0" m="39359" /><D106/><U4/><E84/><V48/><AGARI ba="1,1" hai="7,10,14,16,18,26,29,33,36,42,47,48,55,58" machi="48" ten="20,8000,1" yaku="1,1,0,1,7,1,54,1,53,1" doraHai="56" doraHaiUra="44" who="2" fromWho="2" sc="230,-21,339,-21,131,93,290,-41" /><INIT seed="4,0,0,0,3,21" ten="209,318,224,249" oya="0" hai0="32,55,53,49,64,38,119,91,1,121,126,69,128" hai1="41,61,39,80,106,79,111,70,5,71,47,108,72" hai2="87,20,43,114,95,57,123,97,118,16,9,105,25" hai3="48,3,60,18,14,96,66,44,75,77,110,10,11"/><T130/><D1/><U135/><E135/><V28/><F123/><W52/><G110/><T58/><D121/><U13/><E106/><V132/><F132/><W65/><G96/><T112/><D32/><U4/><E13/><V40/><F114/><W125/><G125/><T104/><D104/><U78/><E78/><V63/><F105/><W131/><G131/><N who="0" m="50219" /><D91/><U29/><E29/><V33/><F87/><W6/><REACH who="3" step="1"/><G60/><REACH who="3" ten="209,318,224,239" step="2"/><N who="0" m="40071" /><D126/><U122/><E122/><V24/><F9/><W102/><G102/><T62/><D112/><U82/><E108/><V8/><F8/><W103/><G103/><T107/><D107/><U15/><E111/><V100/><F118/><W73/><G73/><T27/><D119/><U113/><E113/><V109/><F109/><W116/><G116/><T59/><D38/><U134/><E39/><V99/><F99/><W115/><G115/><T129/><D129/><U124/><E124/><V36/><F36/><W84/><G84/><T45/><D27/><U56/><E134/><V120/><F120/><W30/><G30/><T92/><D92/><U127/><E127/><V93/><F93/><W101/><G101/><T86/><D86/><U89/><E72/><V12/><REACH who="2" step="1"/><F25/><REACH who="2" ten="209,318,214,239" step="2"/><W94/><G94/><T50/><D62/><U67/><E80/><AGARI ba="0,2" hai="3,6,10,11,14,18,44,48,52,65,66,75,77,80" machi="80" ten="40,2600,0" yaku="1,1,54,1,53,0" doraHai="21" doraHaiUra="31" who="3" fromWho="1" sc="209,0,318,-26,214,0,239,46" /><INIT seed="5,0,0,4,4,48" ten="209,292,214,285" oya="1" hai0="17,133,86,63,120,66,33,88,32,100,51,132,28" hai1="113,108,19,59,16,30,46,96,23,80,69,130,31" hai2="8,103,101,78,20,29,102,12,121,115,76,65,60" hai3="124,42,82,107,50,40,87,122,119,126,14,49,68"/><U4/><E69/><V54/><F121/><W11/><G122/><T131/><D120/><U3/><E113/><V18/><F115/><W21/><G107/><T9/><D131/><U118/><E118/><V7/><F29/><W129/><G21/><T135/><D28/><U95/><E130/><V94/><F94/><W6/><G68/><N who="0" m="42079" /><D100/><U52/><E46/><V75/><F75/><W35/><G35/><T104/><D104/><U27/><E80/><V114/><F114/><W128/><G119/><T64/><D64/><U110/><E3/><V61/><F61/><W67/><G67/><T13/><D51/><N who="3" m="19465" /><G129/><T58/><D58/><U0/><E0/><V81/><F81/><AGARI ba="0,0" hai="9,13,17,32,33,81,86,88,132,133,135" m="42079" machi="81" ten="30,2000,0" yaku="20,1,54,1" doraHai="48" who="0" fromWho="2" sc="209,20,292,0,214,-20,285,0" /><INIT seed="6,0,0,0,1,98" ten="229,292,194,285" oya="2" hai0="92,54,111,93,104,15,31,59,9,46,75,80,23" hai1="56,19,81,55,89,122,134,68,21,95,30,70,32" hai2="57,45,101,99,18,53,47,27,135,123,4,5,96" hai3="10,119,52,8,106,40,51,129,83,71,65,132,39"/><V115/><F123/><W60/><G119/><T43/><D104/><U13/><E134/><V1/><F135/><W87/><G132/><T61/><D111/><U38/><E38/><V108/><F108/><W100/><G129/><T130/><D130/><U113/><E113/><V44/><F115/><W131/><G131/><T63/><D63/><U33/><E81/><V120/><F120/><W127/><G127/><T50/><D75/><U97/><E122/><V20/><F1/><W6/><G106/><T29/><D80/><U86/><E97/><V124/><F96/><W118/><G100/><T14/><D14/><U16/><E19/><V103/><F124/><W42/><G118/><T62/><D62/><U114/><E114/><V58/><F58/><N who="3" m="33055" /><G6/><N who="2" m="2665" /><F99/><W7/><G7/><N who="0" m="3519" /><D23/><U49/><REACH who="1" step="1"/><E30/><AGARI ba="0,0" hai="29,30,31,43,46,50,54,59,61,92,93" m="3519" machi="30" ten="30,1000,0" yaku="8,1" doraHai="98" who="0" fromWho="1" sc="229,10,292,-10,194,0,285,0" /><INIT seed="7,0,0,0,0,111" ten="239,282,194,285" oya="3" hai0="17,67,76,103,109,31,48,120,28,135,35,133,59" hai1="55,65,117,87,100,110,119,113,57,34,4,125,88" hai2="19,61,52,94,104,8,45,79,99,44,116,128,127" hai3="74,126,83,24,90,123,129,108,16,66,37,107,68"/><W18/><G123/><T41/><D120/><U22/><E113/><V80/><F127/><W101/><G37/><T106/><D109/><U33/><E110/><V93/><F128/><W29/><G108/><T63/><D76/><U12/><E125/><V91/><F116/><N who="1" m="44617" /><E100/><V2/><F104/><W49/><G49/><T69/><D17/><N who="1" m="10535" /><E65/><V56/><F94/><W130/><G126/><T97/><D31/><U27/><E27/><V121/><F121/><W23/><G66/><T132/><D41/><U62/><E4/><V1/><F1/><W89/><G68/><T51/><REACH who="0" step="1"/><D59/><REACH who="0" ten="229,282,194,285" step="2"/><U26/><E26/><AGARI ba="0,1" hai="26,28,35,48,51,63,67,69,97,103,106,132,133,135" machi="26" ten="40,8000,1" yaku="1,1,2,1,25,2,20,1,53,0" doraHai="111" doraHaiUra="6" who="0" fromWho="1" sc="229,90,282,-80,194,0,285,0" owari="319,42.0,202,-20.0,194,-31.0,285,9.0" /></mjloggm>