<mjloggm ver="2.3"><GO type="169" lobby="0"/><UN n0="%E5%AB%8C%E3%81%84%E3%81%98%E3%82%83%E3%81%AA%E3%81%84%E3%82%8F%EF%BC%81" n1="%50%6F%6B%65%70%6F%6B%65" n2="%E3%82%A6%E3%83%AB%E3%83%88%E3%83%A9%E7%AB%8B%E7%9B%B4" n3="%72%65%6F%5F%42%42" dan="17,16,18,17" rate="2166.12,2101.71,2266.13,2154.99" sx="M,M,M,M"/><TAIKYOKU oya="0"/><INIT seed="0,0,0,5,5,58" ten="250,250,250,250" oya="0" hai0="119,54,8,19,21,122,96,118,111,11,75,107,115" hai1="78,123,1,35,131,80,30,27,74,112,92,70,9" hai2="102,128,26,134,71,49,132,17,116,2,22,3,110" hai3="125,14,94,101,120,39,88,64,55,106,10,29,66"/><T40/><D75/><U105/><E123/><V4/><F71/><W62/><G125/><T93/><D122/><U79/><E70/><V121/><F102/><W99/><G39/><T127/><D127/><U90/><E131/><V13/><F49/><W77/><G77/><T51/><D107/><U114/><E79/><V61/><F61/><W31/><G55/><T81/><D115/><U87/><E1/><V97/><F97/><W38/><G66/><T20/><D81/><U37/><E37/><V86/><F86/><W56/><G38/><T16/><D111/><U53/><E9/><N who="0" m="3657" /><D40/><U63/><REACH who="1" step="1"/><E105/><REACH who="1" ten="250,240,250,250" step="2"/><V44/><F2/><W95/><G106/><T23/><D119/><U6/><E6/><V124/><F4/><W50/><G120/><T24/><D118/><U108/><E108/><V73/><F3/><W7/><REACH who="3" step="1"/><G50/><REACH who="3" ten="250,240,250,240" step="2"/><T103/><D24/><U76/><E76/><V72/><F26/><W18/><G18/><T68/><D68/><U33/><E33/><V129/><F17/><W5/><G5/><T130/><D130/><U52/><E52/><V34/><F129/><W45/><G45/><AGARI ba="0,2" hai="16,19,20,21,23,45,51,54,93,96,103" m="3657" machi="45" ten="30,2900,0" yaku="8,1,54,1" doraHai="58" who="0" fromWho="3" sc="250,49,240,0,250,0,240,-29" /><INIT seed="0,1,0,0,1,132" ten="299,240,250,211" oya="0" hai0="87,100,90,3,22,88,9,107,14,52,128,99,121" hai1="94,84,113,130,50,127,73,66,8,64,72,102,98" hai2="53,35,24,56,68,17,5,43,80,105,134,57,2" hai3="115,51,129,37,122,59,112,28,69,42,7,44,18"/><T135/><D135/><U29/><E130/><V110/><F68/><W75/><G75/><T116/><D128/><U111/><E111/><V71/><F71/><W83/><G28/><T96/><D116/><U79/><E113/><V104/><F43/><W23/><G7/><T1/><D22/><U91/><E29/><V76/><F110/><W4/><G4/><T89/><D121/><U119/><E119/><V108/><F108/><W117/><G117/><T67/><D67/><U120/><E120/><V47/><F47/><W97/><G129/><T12/><D12/><U33/><E33/><V13/><F57/><W61/><G122/><T34/><D34/><U39/><E39/><V0/><F0/><W41/><G83/><T74/><D74/><U27/><E27/><V58/><F58/><W86/><G86/><T109/><D109/><U54/><E8/><V19/><F19/><W6/><G6/><T82/><D52/><U92/><E73/><V31/><F80/><W118/><G97/><T81/><D81/><N who="1" m="45287" /><E66/><V16/><F76/><W49/><G42/><T114/><D114/><U62/><E62/><N who="2" m="36111" /><F17/><W40/><G51/><T93/><D90/><U15/><E64/><V55/><F55/><N who="3" m="32239" /><G41/><T103/><D103/><U125/><E15/><V65/><F65/><N who="3" m="41135" /><G118/><T10/><D10/><U36/><E36/><V63/><F63/><W30/><G30/><T21/><D9/><U48/><E54/><V38/><F38/><W106/><G106/><N who="2" m="41065" /><F134/><W25/><AGARI ba="1,0" hai="18,23,25,37,40,44,112,115" m="41135,32239" machi="25" ten="30,1100,0" yaku="24,1" doraHai="132" who="3" fromWho="3" sc="299,-6,240,-4,250,-4,211,14" /><INIT seed="1,0,0,0,1,124" ten="293,236,246,225" oya="1" hai0="10,54,34,122,4,64,69,2,66,111,70,91,105" hai1="16,18,31,5,62,37,47,106,41,101,23,60,133" hai2="8,132,68,115,6,73,113,79,92,29,53,71,130" hai3="107,55,63,26,36,108,46,1,58,104,17,12,135"/><U110/><E133/><V9/><F29/><W125/><G1/><T56/><D111/><U85/><E110/><V74/><F132/><W20/><G125/><T22/><D105/><U14/><E5/><V95/><F53/><W134/><G108/><T128/><D122/><U102/><E31/><V33/><F33/><W25/><G107/><T42/><D34/><U35/><E35/><V129/><F79/><W30/><G104/><T100/><D100/><U119/><E119/><V81/><F81/><W98/><G98/><T77/><D77/><U43/><E43/><V80/><F80/><W45/><G36/><T114/><D42/><U57/><E85/><V44/><REACH who="2" step="1"/><F6/><REACH who="2" ten="293,236,236,225" step="2"/><W96/><G55/><T72/><D54/><U120/><E120/><V48/><F48/><W97/><G30/><T131/><D4/><U76/><E76/><V82/><F82/><W59/><G134/><T39/><D39/><U89/><E37/><V50/><F50/><W86/><G135/><T27/><D66/><U32/><E32/><V38/><F38/><W24/><G17/><T28/><D64/><U49/><E18/><V90/><F90/><W7/><G7/><T11/><D91/><U118/><E89/><V61/><F61/><W78/><G63/><T116/><D28/><U52/><E62/><V87/><F87/><W0/><G86/><T65/><D65/><U3/><E60/><V19/><F19/><W103/><G78/><T93/><D72/><U121/><E16/><V15/><F15/><W94/><G12/><T88/><D88/><U84/><E14/><V13/><F13/><RYUUKYOKU ba="0,1" sc="293,-10,236,-10,236,30,225,-10" hai2="8,9,44,68,71,73,74,92,95,113,115,129,130" /><INIT seed="2,1,1,3,0,23" ten="283,226,266,215" oya="2" hai0="50,108,83,18,13,16,89,36,73,76,81,84,44" hai1="15,28,52,6,61,68,54,32,3,90,102,135,113" hai2="134,124,72,56,110,43,35,133,112,115,69,29,51" hai3="111,33,97,22,42,109,59,79,93,70,119,88,131"/><V27/><F69/><W5/><G119/><T106/><D108/><N who="3" m="41545" /><G33/><T128/><D128/><U126/><E113/><V105/><F110/><W58/><G70/><T7/><D106/><U127/><E135/><N who="2" m="51723" /><F72/><W91/><G131/><T53/><REACH who="0" step="1"/><D36/><REACH who="0" ten="273,226,266,215" step="2"/><U86/><E127/><V82/><F105/><W11/><G79/><T62/><D62/><U63/><E63/><V34/><F124/><W120/><G120/><T95/><D95/><U98/><E61/><V1/><F115/><W39/><G91/><T45/><D45/><U67/><E90/><V75/><F112/><W71/><G71/><T2/><D2/><U123/><E3/><V116/><F1/><W100/><G39/><T101/><D101/><U47/><E102/><V30/><F116/><W85/><G100/><T55/><D55/><U0/><E0/><V38/><F38/><W12/><G88/><T8/><AGARI ba="1,2" hai="7,8,13,16,18,44,50,53,73,76,81,83,84,89" machi="8" ten="30,7900,0" yaku="1,1,0,1,54,1,53,1" doraHai="23" doraHaiUra="9" who="0" fromWho="0" sc="273,102,226,-21,266,-40,215,-21" /><INIT seed="3,0,0,2,0,103" ten="375,205,226,194" oya="3" hai0="90,87,26,45,107,60,57,0,126,15,115,64,101" hai1="128,123,72,59,42,4,100,122,97,3,11,92,79" hai2="80,118,27,55,102,114,29,74,9,8,96,120,86" hai3="94,132,76,84,50,81,49,40,5,23,32,58,121"/><W112/><G32/><T48/><D0/><U109/><E128/><V20/><F118/><W130/><G112/><T82/><D115/><U37/><E109/><V104/><F114/><W24/><G121/><T38/><D126/><U21/><E21/><V67/><F120/><W46/><G132/><T108/><D108/><U78/><E59/><V16/><F67/><W117/><G117/><T95/><D38/><U31/><E31/><V54/><F74/><W85/><G130/><T14/><D26/><U47/><E78/><V68/><F68/><W113/><G113/><T22/><D107/><U75/><E75/><V111/><F111/><W99/><G5/><T18/><D15/><U30/><E30/><V7/><F29/><W28/><G85/><T44/><D48/><U77/><E77/><V41/><F41/><W93/><REACH who="3" step="1"/><G99/><AGARI ba="0,0" hai="14,18,22,44,45,57,60,64,82,87,90,95,99,101" machi="99" ten="40,1300,0" yaku="8,1" doraHai="103" who="0" fromWho="3" sc="375,13,205,0,226,0,194,-13" /><INIT seed="4,0,0,4,4,109" ten="388,205,226,181" oya="0" hai0="38,12,116,74,13,51,82,32,30,119,7,10,71" hai1="68,6,121,21,108,20,75,93,97,57,125,31,94" hai2="55,106,62,4,34,100,107,110,131,27,25,126,77" hai3="113,53,49,52,66,129,37,95,89,47,86,102,114"/><T44/><D71/><U64/><E121/><V124/><F110/><W18/><G129/><T115/><D115/><N who="3" m="44041" /><G66/><T0/><D13/><U90/><E108/><V103/><F131/><W43/><G18/><T134/><D134/><U72/><E125/><V87/><F4/><W88/><G102/><T130/><D130/><U26/><E6/><V35/><F55/><N who="3" m="21067" /><G89/><T73/><D30/><U80/><E68/><V5/><F5/><W22/><G22/><T17/><D32/><U133/><E133/><V132/><F62/><W65/><G65/><T112/><D112/><U104/><E104/><V60/><F60/><W2/><G37/><T122/><D38/><U63/><E80/><V91/><F91/><W50/><G50/><T46/><D82/><U42/><E42/><V48/><F48/><W78/><G78/><T45/><D51/><U41/><E41/><V83/><F77/><W117/><G117/><T8/><D122/><U11/><E11/><V54/><F132/><W3/><AGARI ba="0,0" hai="2,3,43,47,49,86,88,95" m="21067,44041" machi="3" ten="30,12000,2" yaku="15,1,52,3,54,2" doraHai="109" who="3" fromWho="3" sc="388,-60,205,-30,226,-30,181,120" /><INIT seed="5,0,0,4,1,63" ten="328,175,196,301" oya="1" hai0="3,32,73,131,10,117,103,17,39,62,119,30,37" hai1="25,121,98,41,19,31,9,45,7,111,20,59,82" hai2="115,122,15,44,106,57,114,129,14,69,1,107,33" hai3="76,110,109,21,120,108,27,130,105,135,125,104,88"/><U52/><E121/><V68/><F1/><W49/><G120/><T13/><D73/><U38/><E111/><V18/><F122/><W94/><G76/><T29/><D103/><U42/><E42/><V75/><F75/><W97/><G135/><T126/><D131/><U43/><E43/><V84/><F44/><W35/><G35/><T51/><D51/><U127/><E127/><V102/><F102/><W99/><G130/><T95/><D95/><U132/><E132/><V101/><F101/><W71/><G125/><T24/><D29/><U128/><E128/><V79/><F57/><W72/><G72/><T92/><D92/><U48/><E82/><N who="2" m="47199" /><F14/><W5/><G99/><T83/><D83/><U78/><E78/><V22/><F33/><W100/><G100/><T55/><D126/><U96/><REACH who="1" step="1"/><E31/><REACH who="1" ten="328,165,196,301" step="2"/><V80/><F80/><W67/><G108/><T134/><D134/><U91/><E91/><V16/><F129/><W116/><G88/><T64/><D39/><U86/><E86/><V8/><F107/><W11/><G104/><T61/><D37/><U70/><E70/><V90/><F106/><W124/><G105/><T77/><D77/><U81/><E81/><V2/><F90/><W54/><G71/><N who="0" m="42383" /><D117/><U50/><E50/><V66/><F69/><W87/><G49/><T4/><D119/><U56/><E56/><V47/><F47/><W6/><G110/><T53/><D62/><U133/><E133/><V74/><F74/><W36/><G109/><T28/><D30/><U0/><AGARI ba="0,1" hai="0,7,9,19,20,25,38,41,45,48,52,59,96,98" machi="0" ten="20,7800,0" yaku="1,1,0,1,7,1,54,1,53,0" doraHai="63" doraHaiUra="123" who="1" fromWho="1" sc="328,-26,165,88,196,-26,301,-26" /><INIT seed="5,1,0,3,3,33" ten="302,253,170,275" oya="1" hai0="81,0,135,101,114,126,45,11,1,134,108,24,17" hai1="84,2,66,46,129,40,68,63,38,116,57,92,83" hai2="73,25,70,47,109,105,26,72,62,15,98,60,102" hai3="61,90,100,37,120,52,78,77,104,119,69,32,54"/><U58/><E116/><V93/><F109/><W12/><G37/><T74/><D108/><U18/><E129/><V85/><F73/><W48/><G120/><T21/><D101/><U107/><E107/><V80/><F47/><W44/><G32/><T118/><D118/><U128/><E128/><V64/><F60/><W50/><G119/><T88/><D114/><U110/><E110/><V113/><F113/><W41/><G41/><T39/><D126/><U131/><E131/><V36/><F36/><W71/><G71/><T133/><D11/><U87/><E2/><N who="0" m="1129" /><D88/><U122/><E122/><V67/><F67/><W89/><G69/><T28/><D28/><U56/><E92/><V16/><F72/><W96/><G61/><T111/><D111/><U34/><E34/><V35/><F93/><W65/><G65/><T86/><D86/><U95/><E95/><V29/><F26/><W22/><G90/><T13/><D24/><U79/><REACH who="1" step="1"/><E18/><REACH who="1" ten="302,243,170,275" step="2"/><V123/><F123/><W53/><G104/><T115/><D115/><U99/><E99/><V91/><F15/><W124/><G96/><T14/><D17/><AGARI ba="1,1" hai="16,17,25,29,35,62,64,70,80,85,91,98,102,105" machi="17" ten="40,5200,0" yaku="25,2,54,1" doraHai="33" who="2" fromWho="0" sc="302,-55,243,0,170,65,275,0" /><INIT seed="6,0,0,5,0,57" ten="247,243,235,275" oya="2" hai0="106,46,24,61,1,127,98,32,4,15,36,51,86" hai1="25,45,19,58,14,11,40,120,21,110,122,63,96" hai2="22,109,78,126,124,115,99,131,118,111,35,16,34" hai3="76,8,130,28,7,112,80,37,5,74,60,66,53"/><V49/><F118/><W47/><G130/><T104/><D36/><U29/><E110/><N who="2" m="41995" /><F115/><W123/><G123/><T113/><D113/><U119/><E119/><V26/><F131/><W97/><G112/><T102/><D1/><U87/><E96/><V90/><F78/><W44/><G28/><T67/><D104/><U89/><E89/><V30/><F49/><W134/><G134/><T73/><D73/><U55/><REACH who="1" step="1"/><E87/><REACH who="1" ten="247,233,235,275" step="2"/><V93/><F30/><W132/><G97/><T52/><D86/><U91/><E91/><V2/><F2/><W75/><G75/><T54/><D98/><U114/><E114/><V64/><F64/><W9/><G66/><T103/><D67/><U129/><E129/><V6/><F6/><W108/><G5/><T18/><D4/><U50/><AGARI ba="0,1" hai="11,14,19,21,25,29,40,45,50,55,58,63,120,122" machi="50" ten="30,7900,0" yaku="1,1,0,1,52,1,53,1" doraHai="57" doraHaiUra="13" who="1" fromWho="1" sc="247,-20,233,89,235,-39,275,-20" /><INIT seed="7,0,0,4,5,3" ten="227,322,196,255" oya="3" hai0="66,19,22,118,110,133,95,109,27,39,64,86,50" hai1="15,107,0,63,48,16,87,102,47,83,124,120,24" hai2="77,88,101,55,25,131,37,42,60,126,74,11,23" hai3="79,40,70,114,98,116,62,61,41,72,94,108,103"/><W30/><G116/><T32/><D118/><U51/><E120/><V92/><F131/><W10/><G62/><T28/><D39/><U5/><E24/><V89/><F126/><W90/><G30/><T71/><D133/><U54/><E63/><V127/><F127/><W80/><G114/><T119/><D119/><U125/><E102/><V31/><F37/><W97/><G108/><T33/><D33/><U7/><E107/><V128/><F128/><W134/><G134/><T2/><D71/><U65/><E0/><V82/><F42/><W46/><G46/><T91/><D2/><U34/><E51/><V35/><F35/><W135/><G10/><T78/><D78/><U36/><E65/><V113/><F113/><W43/><G135/><T112/><D112/><U58/><E58/><V104/><F104/><W13/><G40/><T84/><D84/><U121/><E36/><V20/><F20/><W29/><G29/><T132/><D132/><U93/><E93/><V85/><F11/><W44/><G41/><T4/><D4/><N who="1" m="1611" /><E34/><V76/><F101/><W111/><G61/><T38/><D38/><U17/><E17/><V56/><F74/><W123/><G70/><T100/><D100/><U57/><E47/><V59/><F59/><W8/><G44/><T26/><D50/><U18/><E18/><V122/><F122/><W75/><G75/><T21/><D32/><U67/><E121/><V129/><F129/><W96/><G103/><T115/><D115/><U9/><E124/><V81/><F81/><W52/><G123/><T53/><D53/><U105/><E125/><RYUUKYOKU ba="0,0" sc="227,15,322,-15,196,15,255,-15" hai0="19,21,22,26,27,28,64,66,86,91,95,109,110" hai2="23,25,31,55,56,60,76,77,82,85,88,89,92" owari="242,4.0,307,41.0,211,-29.0,240,-16.0" /></mjloggm>