<mjloggm ver="2.3"><GO type="169" lobby="0"/><UN n0="%E3%82%A6%E3%83%AB%E3%83%88%E3%83%A9%E7%AB%8B%E7%9B%B4" n1="%E3%81%90%E3%82%8A%E3%82%82%E3%81%82" n2="%49%53%53%4F%4E%34" n3="%2E%44%49%56%41" dan="18,16,17,16" rate="2251.52,2079.34,2186.47,2078.71" sx="M,M,M,M"/><TAIKYOKU oya="0"/><INIT seed="0,0,0,3,3,17" ten="250,250,250,250" oya="0" hai0="8,60,50,7,105,129,117,92,109,64,68,30,48" hai1="3,84,45,25,4,24,34,37,127,71,57,132,113" hai2="61,36,15,103,10,130,47,46,80,20,123,18,39" hai3="125,59,95,97,16,131,67,13,124,1,6,81,101"/><T66/><D117/><U87/><E71/><V122/><F103/><W14/><G131/><T73/><D73/><U2/><E57/><V88/><F130/><W43/><G43/><T0/><D129/><U58/><E58/><V107/><F107/><W76/><G67/><T134/><D66/><U119/><E45/><V110/><F61/><W99/><G59/><T44/><D105/><U94/><E94/><V108/><F47/><W40/><G40/><T85/><D134/><U120/><E37/><N who="2" m="14411" /><F46/><W65/><G97/><T27/><D109/><N who="2" m="42090" /><F10/><W28/><G65/><T70/><D70/><U56/><E56/><V52/><F52/><W133/><G133/><T78/><D44/><U5/><E132/><V112/><F112/><W82/><G82/><T118/><D118/><U21/><E113/><V91/><F80/><W100/><G100/><T121/><D121/><AGARI ba="0,0" hai="15,18,20,88,91,121,122,123" m="42090,14411" machi="121" ten="40,5200,0" yaku="14,1,52,1,54,1" doraHai="17" who="2" fromWho="0" sc="250,-52,250,0,250,52,250,0" /><INIT seed="1,0,0,2,0,61" ten="198,250,302,250" oya="1" hai0="95,94,12,24,96,125,98,4,103,75,56,76,99" hai1="1,131,122,132,69,29,121,3,80,49,134,81,129" hai2="32,36,26,38,71,31,89,70,41,117,46,67,106" hai3="105,6,130,113,52,87,97,22,88,68,78,114,17"/><U11/><E69/><V53/><F117/><W119/><G130/><N who="1" m="49674" /><E49/><V47/><F106/><W30/><G30/><T42/><D125/><U66/><E29/><V58/><F46/><W102/><G78/><T39/><D39/><U128/><E66/><V108/><F38/><W37/><G37/><T90/><D42/><U9/><N who="1" m="49682" /><U110/><DORA hai="115" /><E80/><V104/><F104/><W35/><G35/><T109/><D56/><U14/><E81/><V62/><F108/><W7/><G68/><T40/><D40/><U19/><E110/><V73/><F73/><W135/><G119/><T10/><D109/><U93/><E93/><V92/><REACH who="2" step="1"/><F53/><REACH who="2" ten="198,250,292,250" step="2"/><W120/><G52/><T111/><D111/><U64/><E64/><V72/><F72/><W116/><G114/><T27/><D75/><U100/><E100/><V25/><F25/><W84/><G116/><T82/><D27/><U20/><E121/><V21/><F21/><W123/><G113/><T86/><D24/><U45/><E45/><V51/><F51/><W63/><G123/><T57/><D103/><U59/><E122/><V54/><F54/><W0/><G120/><T60/><D76/><U15/><E59/><V44/><F44/><W16/><G105/><T5/><REACH who="0" step="1"/><D4/><REACH who="0" ten="188,250,292,250" step="2"/><N who="1" m="3367" /><E20/><V55/><F55/><AGARI ba="0,2" hai="5,10,12,55,57,60,82,86,90,94,95,96,98,99" machi="55" ten="40,5200,0" yaku="1,1,8,1,53,1" doraHai="61,115" doraHaiUra="83,112" who="0" fromWho="2" sc="188,72,250,0,292,-52,250,0" /><INIT seed="2,0,0,2,0,60" ten="260,250,240,250" oya="2" hai0="16,121,83,77,25,71,85,123,13,88,113,6,56" hai1="5,21,62,22,69,70,8,68,72,109,133,127,80" hai2="116,64,44,46,32,36,43,54,52,55,106,59,2" hai3="49,45,100,86,73,20,63,114,0,34,98,9,15"/><V66/><F106/><W87/><G34/><T112/><D71/><U27/><E109/><V65/><F2/><W96/><G114/><T37/><D37/><U39/><E127/><V132/><F32/><W10/><G73/><T122/><D56/><U28/><E133/><V99/><F132/><W130/><G130/><T90/><D25/><U17/><E39/><N who="2" m="21631" /><F99/><W18/><G96/><T101/><D6/><U30/><E72/><V29/><F29/><W94/><G0/><T97/><D16/><U42/><E42/><N who="2" m="22855" /><F116/><W81/><G63/><AGARI ba="0,0" hai="52,54,55,59,63,64,65,66" m="22855,21631" machi="63" ten="30,24000,3" yaku="35,5,52,3,54,1" doraHai="60" who="2" fromWho="3" sc="260,0,250,0,240,240,250,-240" /><INIT seed="2,1,0,5,2,76" ten="260,250,480,10" oya="2" hai0="2,21,32,59,60,9,123,122,44,5,125,12,18" hai1="94,29,110,75,57,116,91,100,81,77,47,74,22" hai2="55,56,38,28,131,10,129,62,93,80,54,53,6" hai3="128,35,24,95,64,92,126,109,45,15,117,119,127"/><V115/><F115/><W16/><G109/><T8/><D125/><N who="3" m="47625" /><G64/><T124/><D124/><U51/><E116/><N who="3" m="44618" /><G45/><T103/><D103/><U66/><E110/><V30/><F38/><W118/><N who="3" m="44626" /><W26/><DORA hai="132" /><G35/><T113/><D113/><U90/><E75/><V70/><F70/><W3/><G3/><T61/><D32/><U41/><E100/><V23/><F93/><N who="3" m="35915" /><G128/><T14/><D44/><U106/><E106/><V134/><F131/><W78/><G78/><T34/><D34/><U49/><E66/><V7/><F129/><W0/><G0/><T46/><D46/><U63/><E63/><V52/><F62/><W4/><G4/><T82/><D61/><U107/><E107/><V105/><F105/><W65/><G65/><T69/><D60/><U25/><E57/><V102/><F6/><W101/><G101/><T73/><D59/><U13/><E51/><V50/><F7/><W130/><G130/><T112/><D69/><U43/><E41/><V87/><F50/><W40/><G40/><T114/><D114/><U20/><E43/><V89/><F56/><W97/><G97/><T67/><D112/><U37/><E47/><V133/><F102/><W84/><G84/><T72/><D67/><U96/><E49/><V85/><F87/><W135/><G135/><T68/><D68/><U111/><E111/><V11/><F134/><W120/><G120/><T31/><D123/><U121/><E121/><V17/><F133/><W71/><G71/><T98/><D122/><U88/><E37/><V27/><F55/><W33/><G33/><T83/><D2/><RYUUKYOKU ba="1,0" sc="260,-30,250,10,480,10,10,10" hai1="13,20,22,25,29,74,77,81,88,90,91,94,96" hai2="10,11,17,23,27,28,30,52,53,54,80,85,89" hai3="15,16,24,26" /><INIT seed="2,2,0,0,4,65" ten="230,260,490,20" oya="2" hai0="115,36,129,22,79,46,15,87,25,82,107,125,88" hai1="135,54,64,119,3,101,108,118,111,124,49,60,17" hai2="33,31,0,1,63,99,110,68,20,44,58,5,55" hai3="2,76,62,94,56,127,27,69,9,117,89,59,19"/><V6/><F33/><W91/><G117/><N who="1" m="44554" /><E3/><V133/><F6/><W57/><G127/><T92/><D115/><U34/><E17/><V75/><F75/><W114/><G114/><T134/><D129/><U78/><E34/><V70/><F31/><W77/><G2/><T29/><D134/><U52/><E78/><V41/><F20/><W48/><G48/><T50/><D125/><U126/><E101/><V32/><F32/><W104/><G104/><T24/><D107/><U23/><E23/><V71/><F133/><W103/><G69/><T26/><D15/><U81/><E81/><V97/><F110/><N who="1" m="42025" /><E135/><V122/><F122/><W30/><G30/><T43/><REACH who="0" step="1"/><D36/><REACH who="0" ten="220,260,490,20" step="2"/><U74/><E74/><AGARI ba="2,1" hai="22,24,25,26,29,43,46,50,74,79,82,87,88,92" machi="74" ten="30,7700,0" yaku="1,1,2,1,7,1,54,1,53,0" doraHai="65" doraHaiUra="66" who="0" fromWho="1" sc="220,93,260,-83,490,0,20,0" /><INIT seed="3,0,0,2,2,89" ten="313,177,490,20" oya="3" hai0="34,73,56,23,12,95,19,48,79,110,62,74,21" hai1="28,51,92,38,20,50,112,22,103,18,26,119,13" hai2="44,39,100,135,124,134,99,133,82,120,131,54,105" hai3="14,27,113,42,8,76,33,72,91,83,64,116,5"/><W43/><G113/><T107/><D107/><U90/><E112/><V9/><F120/><W108/><G116/><T1/><D34/><U117/><E38/><V53/><F124/><W114/><G114/><T115/><D1/><U70/><E103/><V41/><F131/><W65/><G108/><T87/><D115/><U122/><E122/><V102/><F102/><W97/><G43/><T61/><D110/><U15/><E70/><V59/><F59/><W109/><G109/><T118/><D118/><N who="1" m="45067" /><E13/><V71/><F71/><W80/><G42/><T58/><D79/><U111/><E111/><V123/><F123/><W37/><G37/><T6/><D6/><U2/><E2/><V106/><F106/><W40/><G40/><T127/><D127/><U4/><E4/><V130/><F130/><W52/><G52/><N who="0" m="31751" /><D23/><U66/><E66/><V36/><F36/><W67/><G33/><T129/><D129/><U125/><E125/><V29/><F9/><W77/><G27/><T49/><D49/><U69/><E69/><V35/><REACH who="2" step="1"/><F82/><REACH who="2" ten="313,177,480,20" step="2"/><N who="3" m="31275" /><G72/><T55/><D62/><U47/><E47/><V128/><F128/><W101/><G101/><T121/><D121/><U0/><E0/><V75/><F75/><W24/><G24/><AGARI ba="0,1" hai="24,29,35,39,41,44,53,54,99,100,105,133,134,135" machi="24" ten="40,2600,0" yaku="1,1,20,1,53,0" doraHai="89" doraHaiUra="126" who="2" fromWho="3" sc="313,0,177,0,480,36,20,-26" owari="313,11.0,177,-22.0,516,62.0,-6,-51.0" /></mjloggm>