<mjloggm ver="2.3"><GO type="169" lobby="0"/><UN n0="%E5%9B%9B%E7%AD%92%E3%82%A8%E3%83%BC%E3%82%B9" n1="%E3%82%B8%E3%83%A3%E3%83%9F%E3%83%A9%E3%82%B9" n2="%E6%AC%A1%E3%81%AF%E6%B3%95%E5%BB%B7%E3%81%A7%E4%BC%9A%E3%81%8A%E3%81%86" n3="%E3%83%88%E3%83%88%E3%83%AA%E5%85%88%E7%94%9F%31%39%E6%AD%B3" dan="16,16,17,19" rate="2082.04,2126.34,2186.91,2297.43" sx="M,M,M,F"/><TAIKYOKU oya="0"/><INIT seed="0,0,0,2,5,127" ten="250,250,250,250" oya="0" hai0="77,20,19,107,65,8,48,117,121,87,40,50,59" hai1="24,120,97,13,102,15,75,116,12,85,44,103,29" hai2="14,129,22,4,21,55,109,95,111,72,124,66,104" hai3="135,101,49,9,89,17,28,78,96,132,34,108,27"/><T6/><D117/><U119/><E120/><V82/><F104/><W2/><G108/><N who="2" m="41545" /><F124/><W122/><G122/><T47/><D121/><U52/><E75/><V63/><F95/><W10/><G89/><T126/><D107/><U100/><E85/><V90/><F55/><W0/><G78/><T110/><D110/><U133/><E133/><N who="3" m="51274" /><G49/><T69/><D69/><U60/><E97/><V131/><F4/><W68/><G68/><T84/><D126/><U92/><E92/><V1/><F1/><N who="3" m="619" /><G17/><T30/><D77/><U123/><E123/><V130/><F14/><W16/><G96/><T31/><D84/><U53/><E60/><V74/><F90/><W56/><G56/><T67/><D87/><U125/><E125/><V11/><F11/><W23/><G101/><T86/><D86/><U105/><E105/><V32/><F32/><W54/><G54/><N who="0" m="32215" /><D8/><U115/><E115/><V62/><F62/><W113/><G113/><T70/><D70/><U80/><E80/><V7/><F7/><W91/><G91/><T98/><D6/><U58/><E58/><N who="2" m="37239" /><F82/><W61/><G61/><T42/><D98/><U64/><E64/><N who="0" m="24649" /><D42/><U51/><REACH who="1" step="1"/><E53/><REACH who="1" ten="250,240,250,250" step="2"/><V18/><F74/><W83/><G83/><T88/><D88/><U73/><E73/><V5/><F72/><W38/><G38/><T46/><D46/><U99/><E99/><V3/><F3/><W71/><G71/><T93/><D93/><U128/><E128/><V36/><F36/><W39/><G39/><T45/><D45/><U114/><E114/><V26/><F131/><W79/><G79/><T112/><D112/><RYUUKYOKU ba="0,1" sc="250,10,240,10,250,-30,250,10" hai0="19,20,30,31,40,47,48" hai1="12,13,15,24,29,44,51,52,100,102,103,116,119" hai3="9,10,16,23,27,28,34" /><INIT seed="0,1,1,1,1,105" ten="260,250,220,260" oya="0" hai0="67,130,104,89,71,12,25,100,76,22,133,27,82" hai1="85,94,8,115,42,9,53,116,68,41,83,20,60" hai2="16,37,87,35,86,90,49,10,120,81,0,44,28" hai3="98,109,2,134,73,13,26,122,135,36,65,131,4"/><T63/><D133/><N who="3" m="50697" /><G36/><T74/><D130/><U97/><E116/><V118/><F120/><W48/><G2/><T78/><D78/><U52/><E115/><V91/><F118/><W62/><G109/><T95/><D12/><U123/><E123/><V58/><F37/><W38/><G38/><T66/><D66/><U92/><E20/><V17/><F58/><W55/><G131/><T51/><D51/><U18/><E68/><V77/><F77/><W1/><G1/><T3/><D3/><U29/><E29/><V129/><F129/><W45/><G98/><N who="0" m="61463" /><D22/><U61/><E85/><AGARI ba="1,1" hai="25,27,63,67,71,74,76,82,85,89,95" m="61463" machi="85" ten="30,2900,0" yaku="24,1,52,1" doraHai="105" who="0" fromWho="1" sc="260,42,250,-32,220,0,260,0" /><INIT seed="0,2,0,4,4,114" ten="302,218,220,260" oya="0" hai0="87,106,17,62,104,133,129,65,1,110,31,22,93" hai1="35,40,123,115,33,132,46,94,43,52,49,19,45" hai2="79,26,81,28,134,107,121,95,37,2,59,12,27" hai3="100,47,7,105,102,61,50,67,44,30,103,4,34"/><T86/><D1/><U90/><E115/><V122/><F107/><W69/><G47/><T124/><D31/><U57/><E123/><V55/><F37/><W42/><REACH who="3" step="1"/><G105/><REACH who="3" ten="302,218,220,250" step="2"/><T36/><D106/><U64/><E132/><V8/><F134/><W109/><G109/><T128/><D104/><U14/><E46/><V92/><F122/><W89/><G89/><T85/><D133/><U77/><E77/><V70/><F121/><W127/><G127/><T56/><D36/><U80/><E90/><V24/><F28/><W16/><G16/><T125/><D110/><U88/><E45/><V66/><F79/><W117/><G117/><T29/><D29/><U38/><E19/><V101/><F101/><W63/><G63/><T99/><D125/><U72/><E88/><V83/><F27/><AGARI ba="2,1" hai="4,7,27,30,34,42,44,50,61,67,69,100,102,103" machi="27" ten="40,1300,0" yaku="1,1,53,0" doraHai="114" doraHaiUra="120" who="3" fromWho="2" sc="302,0,218,0,220,-19,250,29" /><INIT seed="1,0,0,4,0,106" ten="302,218,201,279" oya="1" hai0="90,24,32,116,36,2,88,100,31,74,50,101,120" hai1="0,122,22,13,78,53,37,66,109,93,73,29,61" hai2="76,77,1,51,84,79,63,70,48,96,85,41,34" hai3="102,14,38,45,91,108,117,89,15,95,126,7,92"/><U97/><E122/><V47/><F34/><W54/><G108/><T60/><D116/><U87/><E37/><V59/><F1/><W17/><G126/><T49/><D36/><U94/><E0/><V64/><F70/><W125/><G125/><T44/><D2/><U98/><E109/><V132/><F132/><W123/><G123/><T110/><D110/><U83/><E53/><V119/><F119/><W127/><G127/><T8/><D120/><U5/><E5/><V3/><F3/><W129/><G129/><T69/><D8/><U86/><E29/><V27/><F27/><W82/><G102/><T16/><D74/><U113/><E113/><V135/><F135/><W130/><G130/><T23/><D50/><U30/><E30/><V12/><F51/><N who="3" m="29039" /><G38/><T80/><D80/><N who="1" m="45135" /><E13/><V62/><F62/><W11/><G82/><T112/><D112/><U10/><E22/><V65/><F65/><W18/><G117/><T52/><D69/><U67/><E10/><V9/><REACH who="2" step="1"/><F96/><REACH who="2" ten="302,218,191,279" step="2"/><N who="1" m="36969" /><E61/><V57/><F57/><W42/><G15/><T103/><REACH who="0" step="1"/><D60/><REACH who="0" ten="292,218,191,279" step="2"/><U19/><E66/><V131/><F131/><W21/><G11/><T40/><D40/><U39/><E67/><V4/><AGARI ba="0,2" hai="4,9,12,41,47,48,59,63,64,76,77,79,84,85" machi="4" ten="30,4000,0" yaku="1,1,0,1,8,1,53,0" doraHai="106" doraHaiUra="99" who="2" fromWho="2" sc="292,-10,218,-20,191,60,279,-10" /><INIT seed="2,0,0,0,1,5" ten="282,198,251,269" oya="2" hai0="12,56,99,0,90,132,34,49,50,38,93,120,9" hai1="116,72,76,75,73,122,62,54,97,114,60,98,4" hai2="66,39,6,109,100,36,117,25,51,18,81,64,129" hai3="70,83,68,22,31,23,88,77,113,96,111,47,106"/><V95/><F117/><W63/><G111/><T125/><D120/><U82/><E116/><V102/><F39/><W91/><G113/><T101/><D34/><U78/><E114/><V65/><F36/><W74/><G47/><T105/><D38/><U3/><E122/><V17/><F129/><W135/><G135/><T127/><D132/><U40/><E40/><V58/><F81/><W13/><G23/><T121/><D0/><U24/><E24/><V29/><F6/><W11/><G106/><T19/><D121/><U103/><E54/><V110/><F51/><W108/><G108/><N who="2" m="41577" /><F58/><W35/><G35/><T69/><D69/><U134/><E134/><V42/><F42/><W104/><G68/><T41/><D41/><U67/><E62/><V16/><F95/><W118/><G118/><T92/><D92/><U94/><E98/><V61/><F61/><W10/><G104/><T2/><D56/><U55/><E55/><V126/><F126/><N who="0" m="48138" /><D2/><U1/><E1/><V48/><F48/><W128/><G128/><T57/><D57/><U44/><E44/><V20/><AGARI ba="0,0" hai="16,17,18,20,25,29,64,65,66,100,102" m="41577" machi="20" ten="40,7800,0" yaku="14,1,10,1,54,1" doraHai="5" who="2" fromWho="2" sc="282,-26,198,-26,251,78,269,-26" /><INIT seed="2,1,0,4,4,94" ten="256,172,329,243" oya="2" hai0="64,38,22,39,133,76,26,132,51,71,105,65,45" hai1="85,28,84,1,29,68,95,13,31,96,102,128,118" hai2="104,112,8,30,120,19,7,44,87,2,88,36,69" hai3="135,90,41,40,27,124,0,47,52,54,101,42,131"/><V110/><F120/><W80/><G0/><T43/><D105/><U10/><E1/><V106/><F69/><W73/><G131/><T79/><D76/><U100/><E68/><V11/><F112/><W115/><G115/><T97/><D79/><U113/><E113/><V14/><F30/><W125/><G135/><N who="0" m="51787" /><D97/><U93/><E128/><V56/><F110/><W119/><G119/><T55/><D22/><U53/><E118/><V117/><F117/><W81/><G73/><T126/><D26/><U3/><E53/><N who="3" m="20586" /><G27/><T18/><D18/><U61/><E61/><V130/><F56/><W129/><G129/><T63/><D65/><U32/><E3/><V75/><F75/><W92/><G101/><T15/><D15/><U114/><E32/><V83/><REACH who="2" step="1"/><F130/><REACH who="2" ten="256,172,319,243" step="2"/><W70/><G70/><T66/><D71/><U35/><E114/><V33/><F33/><W25/><G124/><T4/><D126/><U20/><E35/><V24/><F24/><W37/><G25/><T49/><D45/><U123/><E123/><V46/><F46/><W9/><G125/><T72/><D72/><U122/><E122/><V134/><F134/><W107/><G47/><T62/><D63/><U17/><REACH who="1" step="1"/><E20/><REACH who="1" ten="256,162,319,243" step="2"/><V116/><F116/><W23/><G23/><T34/><D62/><U108/><E108/><V74/><F74/><W89/><G9/><T78/><D34/><U59/><E59/><V6/><F6/><W5/><G5/><T121/><D121/><U50/><E50/><V82/><F82/><W12/><G80/><T57/><D51/><U67/><E67/><V99/><F99/><AGARI ba="1,2" hai="10,13,17,28,29,31,84,85,93,95,96,99,100,102" machi="99" ten="40,12000,2" yaku="1,1,6,1,9,1,8,1,52,2,53,0" doraHai="94" doraHaiUra="127" who="1" fromWho="2" sc="256,0,162,143,319,-123,243,0" /><INIT seed="3,0,0,3,0,73" ten="256,305,196,243" oya="3" hai0="99,75,135,98,97,10,106,15,47,61,104,63,5" hai1="4,68,92,119,67,128,21,54,58,90,34,30,43" hai2="64,72,7,107,12,127,37,24,51,69,109,23,112" hai3="130,77,81,132,94,40,38,11,93,18,49,44,41"/><W71/><G71/><T121/><D121/><U120/><E4/><V82/><F37/><W19/><G130/><T131/><D131/><U78/><E21/><V16/><F112/><W1/><G132/><T32/><D32/><U74/><E43/><V103/><F109/><W101/><G41/><T59/><D135/><U48/><E30/><V50/><F127/><W27/><G49/><T85/><D75/><U124/><E92/><V57/><F69/><W3/><G93/><T134/><D134/><U6/><E90/><V46/><F64/><W33/><G33/><T17/><D106/><U14/><E14/><V116/><F116/><W55/><G55/><T66/><D104/><U31/><E6/><V88/><F57/><W114/><G114/><T113/><D113/><U25/><E48/><V83/><F51/><W105/><G105/><T52/><D85/><U102/><E54/><V39/><F39/><W108/><G108/><T91/><D47/><U45/><E45/><V70/><F70/><W89/><G101/><T133/><D133/><U20/><E102/><V65/><F65/><W60/><G60/><T126/><D126/><U42/><E67/><V100/><F107/><W110/><G110/><T62/><D91/><U118/><E42/><N who="2" m="24919" /><F72/><N who="3" m="43175" /><G27/><T0/><REACH who="0" step="1"/><D66/><REACH who="0" ten="246,305,196,243" step="2"/><U96/><E34/><V29/><F103/><W122/><G122/><T36/><D36/><U56/><E120/><V9/><F100/><W13/><G89/><T111/><D111/><U76/><E124/><V8/><F88/><W117/><G38/><T86/><D86/><U79/><E128/><V129/><F129/><RYUUKYOKU ba="0,1" sc="246,15,305,-15,196,15,243,-15" hai0="0,5,10,15,17,52,59,61,62,63,97,98,99" hai2="7,8,9,12,16,23,24,29,82,83" /><INIT seed="4,1,1,2,5,131" ten="261,290,211,228" oya="0" hai0="72,73,32,132,77,11,21,114,108,107,103,104,100" hai1="54,13,121,90,89,24,102,85,82,1,94,49,17" hai2="48,65,78,115,6,36,86,7,43,56,46,27,16" hai3="25,47,110,62,53,128,71,68,67,76,33,59,112"/><T117/><D32/><U84/><E121/><V45/><F115/><W97/><G110/><T14/><D117/><U44/><E1/><V34/><F34/><W101/><G128/><T42/><D114/><U61/><E102/><V8/><F36/><W3/><G3/><T30/><D42/><U130/><E130/><V51/><F56/><W126/><G126/><T20/><D77/><U93/><E61/><V99/><F65/><W118/><G118/><T79/><D79/><U35/><E35/><V122/><F122/><W116/><G116/><T41/><D41/><U58/><E24/><V64/><F64/><W29/><G112/><T123/><D123/><U96/><E96/><V57/><F57/><W134/><G76/><T127/><D30/><U75/><E75/><V22/><F99/><W74/><G74/><T120/><D120/><U40/><E82/><N who="2" m="47447" /><F8/><W81/><G81/><T106/><D127/><U26/><E26/><V124/><F124/><W0/><G0/><T66/><D66/><U10/><E40/><AGARI ba="1,1" hai="6,7,16,22,27,40,43,45,46,48,51" m="47447" machi="40" ten="30,2000,0" yaku="8,1,54,1" doraHai="131" who="2" fromWho="1" sc="261,0,290,-23,211,33,228,0" /><INIT seed="5,0,0,5,1,29" ten="261,267,244,228" oya="1" hai0="121,7,43,88,28,16,95,65,97,5,83,126,69" hai1="103,58,3,77,85,93,92,130,50,55,118,107,31" hai2="57,64,46,81,27,112,48,1,67,18,8,13,72" hai3="90,74,24,10,79,76,51,36,101,111,44,120,52"/><U60/><E3/><V22/><F112/><W63/><G111/><T119/><D119/><U96/><E118/><V49/><F1/><W40/><G120/><T110/><D110/><U62/><E130/><V109/><F109/><W86/><G74/><T25/><D43/><U11/><E11/><V37/><F37/><W34/><G101/><T100/><D126/><U56/><E31/><V68/><F68/><W0/><G63/><T66/><D121/><U26/><E26/><V38/><F38/><W12/><G0/><T132/><D132/><U115/><E115/><V54/><F81/><W19/><G34/><T2/><D2/><U30/><E30/><V47/><F57/><W87/><G24/><T73/><D69/><U75/><E75/><V71/><F72/><W61/><G86/><N who="0" m="50271" /><D73/><U45/><E107/><V105/><F71/><W124/><G124/><T108/><D28/><U6/><E6/><N who="0" m="2057" /><D108/><U82/><E93/><V113/><F113/><W20/><G36/><T131/><D131/><U89/><E103/><V53/><F105/><W42/><G42/><T32/><D32/><U59/><AGARI ba="0,0" hai="45,50,55,56,58,59,60,62,77,82,85,89,92,96" machi="59" ten="30,3000,0" yaku="0,1,8,1" doraHai="29" who="1" fromWho="1" sc="261,-10,267,30,244,-10,228,-10" /><INIT seed="5,1,0,2,0,40" ten="251,297,234,218" oya="1" hai0="85,123,135,108,107,26,42,87,77,122,80,18,35" hai1="120,130,128,68,101,74,36,111,6,93,133,116,97" hai2="52,11,84,17,43,126,59,72,100,121,96,125,58" hai3="69,76,73,28,49,81,8,10,61,99,117,3,4"/><U54/><E6/><V131/><F72/><W104/><G117/><T110/><D35/><U32/><E54/><V14/><F121/><N who="0" m="46090" /><D26/><U50/><E50/><V33/><F33/><W25/><G10/><T34/><D34/><U106/><E101/><V5/><F131/><W98/><G104/><T113/><D18/><U39/><E97/><V114/><F114/><W9/><G9/><T105/><D42/><U124/><E93/><N who="2" m="58383" /><F43/><W44/><G61/><T19/><D19/><U112/><E39/><V103/><F103/><W92/><G92/><T29/><D29/><U2/><AGARI ba="1,0" hai="2,32,36,68,74,106,111,112,116,120,124,128,130,133" machi="2" ten="0,48000,5" yakuman="47" doraHai="40" who="1" fromWho="1" sc="251,-161,297,483,234,-161,218,-161" /><INIT seed="5,2,0,0,3,134" ten="90,780,73,57" oya="1" hai0="59,0,70,28,95,130,89,24,38,57,54,53,15" hai1="94,36,107,105,129,133,67,117,40,29,91,2,47" hai2="76,58,112,132,122,34,69,96,6,17,51,102,124" hai3="108,98,104,30,97,82,19,48,85,44,9,20,66"/><U55/><E2/><V46/><F122/><W119/><G108/><T62/><D0/><U83/><E29/><V50/><F69/><W1/><G119/><T3/><D3/><U80/><E67/><V106/><F34/><W10/><G66/><T110/><D110/><U131/><E55/><V23/><F132/><W63/><G63/><T135/><D38/><U93/><E133/><V77/><F6/><W41/><G30/><T72/><D72/><U64/><E47/><V13/><F112/><W14/><G104/><T42/><D130/><U45/><E64/><V86/><F124/><W31/><G1/><T118/><D118/><U18/><E18/><V61/><F86/><W116/><G116/><T26/><D42/><U115/><E117/><V84/><F84/><W126/><G126/><T109/><D70/><U81/><E115/><V71/><F71/><W75/><G75/><T121/><D109/><U60/><E60/><V5/><F5/><W8/><REACH who="3" step="1"/><G31/><REACH who="3" ten="90,780,73,47" step="2"/><T88/><D135/><U49/><E107/><V113/><F113/><W43/><G43/><T78/><D121/><U111/><E105/><V125/><F125/><W16/><G16/><T21/><D28/><U22/><E40/><N who="2" m="24903" /><F61/><W127/><G127/><T128/><D62/><U74/><E111/><V73/><F73/><W4/><G4/><T79/><D54/><U100/><E74/><V120/><F120/><W11/><N who="3" m="2048" /><DORA hai="25" /><W39/><G39/><T32/><D53/><U90/><E36/><V87/><F106/><W56/><G56/><T52/><D59/><U103/><E131/><V27/><F58/><RYUUKYOKU ba="2,1" sc="90,-10,780,-10,73,-10,47,30" hai3="14,19,20,41,44,48,82,85,97,98" /><INIT seed="6,3,1,2,3,93" ten="80,770,63,77" oya="2" hai0="106,13,62,75,111,81,73,64,94,74,114,128,112" hai1="22,39,89,20,77,2,92,107,63,69,126,123,41" hai2="79,45,21,14,50,99,113,25,59,121,68,61,70" hai3="87,98,67,54,86,130,88,80,17,105,117,120,10"/><V85/><F121/><W15/><G117/><T53/><D111/><U133/><E77/><V30/><F113/><N who="0" m="43626" /><D128/><U71/><E92/><V91/><F79/><W0/><G120/><T47/><D106/><U122/><E89/><V43/><F14/><W103/><G130/><T95/><D13/><U5/><E63/><V76/><F76/><W132/><G132/><T23/><D23/><U38/><E41/><V58/><F99/><W12/><G67/><T101/><D81/><U36/><E5/><V27/><F27/><W9/><G54/><T48/><D101/><U116/><E107/><V35/><F35/><W55/><G55/><T3/><D3/><U8/><E8/><V7/><F7/><W131/><G131/><T57/><AGARI ba="3,1" hai="47,48,53,57,62,64,73,74,75,94,95" m="43626" machi="57" ten="40,1500,0" yaku="15,1" doraHai="93" who="0" fromWho="0" sc="80,34,770,-7,63,-10,77,-7" /><INIT seed="7,0,0,3,5,95" ten="114,763,53,70" oya="3" hai0="98,76,100,102,19,89,99,8,4,65,34,31,50" hai1="42,123,0,94,78,93,36,113,2,5,10,74,121" hai2="107,27,7,55,119,20,6,51,40,21,83,116,61" hai3="67,122,63,81,96,17,82,52,104,130,114,129,57"/><W49/><G122/><T103/><D76/><U87/><E113/><V18/><F116/><W112/><G17/><T132/><D34/><U105/><E105/><V33/><F33/><W84/><G104/><T1/><D31/><U39/><E87/><V16/><F119/><W64/><G96/><T46/><D65/><U60/><E60/><V59/><F107/><W125/><G125/><T53/><D132/><U108/><E108/><V62/><F83/><W131/><G67/><T134/><D134/><U56/><E56/><N who="2" m="32895" /><F40/><W127/><G127/><T14/><D89/><U22/><E22/><V32/><F32/><W26/><G26/><T71/><D71/><U23/><E23/><V133/><F133/><W92/><G92/><T117/><D117/><U11/><E78/><V124/><F124/><W25/><G25/><T9/><AGARI ba="0,0" hai="1,4,8,9,14,19,46,50,53,98,99,100,102,103" machi="9" ten="30,4000,0" yaku="0,1,52,2" doraHai="95" who="0" fromWho="0" sc="114,40,763,-10,53,-10,70,-20" owari="154,-5.0,753,86.0,43,-46.0,50,-35.0" /></mjloggm>