<mjloggm ver="2.3"><GO type="169" lobby="0"/><UN n0="%E3%80%93%E5%AE%AE%E6%A3%AE%E3%81%82%E3%81%8A%E3%81%84%E3%80%93" n1="%79%65%61%72%6C%69%67%68" n2="%E5%B0%B1%E6%B4%BB%E7%94%9F%40%E5%B7%9D%E6%9D%91%E8%BB%8D%E5%9B%A3" n3="%EF%BC%B7%EF%BD%81%EF%BD%8C%EF%BD%8C%EF%BD%99" dan="16,17,19,16" rate="2077.60,2117.00,2348.20,2082.32" sx="M,M,M,M"/><TAIKYOKU oya="0"/><INIT seed="0,0,0,0,0,30" ten="250,250,250,250" oya="0" hai0="31,5,112,78,66,88,49,76,127,10,85,121,69" hai1="62,57,130,60,22,33,124,84,63,95,12,131,129" hai2="79,93,68,50,94,16,82,54,2,135,3,41,51" hai3="105,23,87,122,9,110,36,72,117,39,90,44,120"/><T52/><D112/><U29/><E124/><V19/><F135/><W115/><G72/><T46/><D121/><N who="3" m="46697" /><G105/><T132/><D127/><U28/><E57/><V103/><F68/><W8/><G117/><T113/><D113/><U80/><E95/><V118/><F118/><W64/><G115/><T47/><D132/><U18/><REACH who="1" step="1"/><E33/><REACH who="1" ten="250,240,250,250" step="2"/><V134/><F94/><N who="3" m="54623" /><G44/><T7/><D47/><U35/><E35/><V96/><F134/><W24/><G110/><T48/><D69/><U14/><E14/><V114/><F114/><W100/><G64/><T99/><D66/><U61/><N who="1" m="15360" /><DORA hai="53" /><U58/><E58/><V123/><F123/><W108/><G108/><T81/><D99/><U97/><E97/><V34/><F34/><W27/><G27/><T71/><D71/><U107/><E107/><V4/><F2/><W70/><G70/><T56/><D31/><U77/><AGARI ba="0,1" hai="12,18,22,28,29,77,80,84,129,130,131" m="15360" machi="77" ten="50,8000,1" yaku="1,1,0,1,19,1,53,1" doraHai="30,53" doraHaiUra="133,73" who="1" fromWho="1" sc="250,-40,240,90,250,-20,250,-20" /><INIT seed="1,0,0,4,1,55" ten="210,330,230,230" oya="1" hai0="98,22,108,54,43,65,124,86,45,118,79,42,94" hai1="95,120,122,31,73,97,46,23,34,44,110,3,85" hai2="10,13,37,20,113,5,87,126,58,21,128,28,67" hai3="74,51,11,64,26,72,114,104,84,80,103,2,100"/><U61/><E73/><V15/><F37/><W68/><G114/><T36/><D118/><U90/><E3/><V83/><F113/><W17/><G72/><T91/><D108/><U50/><E34/><V111/><F111/><W129/><G74/><T59/><D124/><U49/><E110/><V52/><F126/><W27/><G129/><T0/><D0/><U24/><E61/><N who="2" m="36039" /><F128/><W33/><G33/><T7/><D7/><U134/><E134/><V8/><F28/><W66/><G104/><T92/><D65/><U14/><E14/><V47/><F47/><W56/><G68/><T93/><D43/><U133/><E133/><V48/><F48/><W117/><G2/><T125/><D125/><U41/><E97/><V88/><F67/><W39/><G39/><T6/><D6/><AGARI ba="0,0" hai="5,6,8,10,13,15,20,21,83,87,88" m="36039" machi="6" ten="30,7700,0" yaku="8,1,52,1,54,2" doraHai="55" who="2" fromWho="0" sc="210,-77,330,0,230,77,230,0" /><INIT seed="2,0,0,3,3,66" ten="133,330,307,230" oya="2" hai0="39,71,118,12,3,38,114,81,25,92,42,0,20" hai1="98,17,5,112,102,79,68,131,8,7,24,74,87" hai2="61,119,9,108,15,30,103,53,49,84,78,86,51" hai3="32,45,2,58,113,69,37,88,125,82,104,89,72"/><V107/><F119/><W56/><G104/><T11/><D114/><U43/><E74/><V135/><F135/><W33/><G2/><T64/><D118/><U70/><E112/><V100/><F107/><W6/><G6/><T91/><D81/><U120/><E43/><V21/><F108/><W90/><G113/><T31/><D0/><U116/><E116/><V83/><F61/><W4/><G4/><T126/><D3/><U18/><E7/><V133/><F133/><W55/><G69/><T62/><D42/><U96/><E98/><V47/><F84/><W73/><G37/><T109/><D126/><U115/><E131/><V97/><F97/><W77/><G73/><T44/><D44/><U57/><E57/><V46/><F30/><W111/><G45/><T127/><D127/><U132/><E115/><V134/><F21/><W16/><G58/><T36/><D109/><U94/><E120/><V19/><REACH who="2" step="1"/><F134/><REACH who="2" ten="133,330,297,230" step="2"/><W93/><G111/><T22/><D22/><N who="1" m="13391" /><E132/><V99/><F99/><W60/><G125/><T59/><D11/><U124/><E8/><V50/><F50/><W63/><G63/><T80/><D39/><U52/><E87/><V35/><F35/><W128/><G128/><T41/><D38/><U28/><E28/><V40/><AGARI ba="0,1" hai="9,15,19,40,46,47,49,51,53,78,83,86,100,103" machi="40" ten="20,7800,0" yaku="1,1,0,1,7,1,8,1,53,0" doraHai="66" doraHaiUra="130" who="2" fromWho="2" sc="133,-26,330,-26,297,88,230,-26" /><INIT seed="2,1,0,4,5,134" ten="107,304,385,204" oya="2" hai0="89,12,122,70,79,112,83,86,33,3,42,123,41" hai1="27,92,15,39,36,69,76,2,113,22,24,66,85" hai2="130,117,93,109,82,115,44,98,90,99,97,104,64" hai3="10,34,17,63,118,108,30,61,16,87,25,28,107"/><V45/><F117/><W131/><G118/><T105/><D3/><U96/><E2/><V101/><F115/><W74/><G74/><T110/><D112/><U35/><E113/><V20/><F130/><W29/><G107/><T59/><D70/><U124/><E66/><V65/><F109/><W72/><G72/><T128/><D33/><U5/><E69/><V0/><F0/><W52/><G108/><T8/><D110/><U40/><E35/><V78/><F98/><W48/><G131/><T81/><D105/><U73/><E73/><V80/><F80/><W120/><G120/><T133/><D128/><U57/><E57/><V129/><F129/><W32/><G32/><T75/><D133/><U116/><E40/><V119/><F119/><W121/><G34/><T91/><D42/><U55/><E55/><V4/><F4/><W38/><G38/><T37/><D91/><U103/><E39/><V62/><F64/><W43/><G43/><T19/><REACH who="0" step="1"/><D59/><REACH who="0" ten="97,304,385,204" step="2"/><U111/><E111/><V47/><F104/><W94/><G121/><T135/><D135/><U14/><E116/><V114/><F114/><W23/><G63/><T21/><D21/><U126/><E22/><V68/><F20/><W49/><G61/><T127/><D127/><U95/><E126/><V9/><F9/><W26/><G10/><T6/><D6/><U102/><E5/><V53/><F90/><N who="3" m="53599" /><G23/><T100/><D100/><U77/><E124/><V125/><F125/><W88/><G88/><T54/><D54/><U46/><E103/><V106/><F53/><W31/><N who="3" m="7168" /><DORA hai="132" /><W71/><G52/><RYUUKYOKU ba="1,1" sc="97,30,304,-10,385,-10,204,-10" hai0="8,12,19,37,41,75,79,81,83,86,89,122,123" /><INIT seed="3,2,1,2,5,25" ten="127,294,375,194" oya="3" hai0="49,72,135,33,47,77,88,100,86,126,111,5,63" hai1="78,13,75,112,53,65,30,94,109,95,0,124,3" hai2="35,70,130,29,21,52,60,116,67,117,12,28,56" hai3="17,69,48,9,2,14,114,103,10,42,104,15,110"/><W133/><G114/><T127/><D33/><U84/><E112/><V40/><F35/><W7/><G69/><T38/><D38/><U37/><E75/><V89/><F130/><W101/><G133/><T82/><D135/><U102/><E37/><V87/><F40/><W80/><G110/><T11/><D111/><U26/><E109/><V61/><F116/><W45/><G104/><T131/><D100/><U121/><E121/><V115/><F115/><W113/><G113/><T119/><D63/><U108/><E65/><V129/><F129/><W66/><G66/><T120/><D119/><U123/><E124/><V24/><F12/><W58/><G58/><T46/><D120/><U83/><E123/><V96/><F96/><W51/><G2/><T85/><D72/><U57/><E13/><V31/><F117/><W81/><G48/><T6/><D47/><U23/><E108/><V22/><F22/><W55/><G42/><N who="0" m="24791" /><D131/><U92/><REACH who="1" step="1"/><E102/><AGARI ba="2,1" hai="7,9,10,14,15,17,45,51,55,80,81,101,102,103" machi="102" ten="40,2000,0" yaku="8,1" doraHai="25" who="3" fromWho="1" sc="127,0,294,-26,375,0,194,36" /><INIT seed="3,3,0,3,5,100" ten="127,268,375,230" oya="3" hai0="81,79,130,45,115,2,71,39,117,61,92,74,111" hai1="128,88,108,135,47,3,89,24,14,4,37,69,32" hai2="77,38,127,76,15,131,133,120,10,11,28,25,23" hai3="52,94,96,0,90,68,132,5,26,80,42,107,114"/><W106/><G114/><T60/><D117/><U62/><E108/><V6/><F38/><W35/><G68/><T31/><D111/><U33/><E3/><V20/><F120/><W53/><G42/><T110/><D110/><U65/><E135/><V85/><F133/><W59/><G132/><T93/><D115/><U9/><E128/><V36/><F36/><W84/><G53/><T19/><D130/><U46/><E37/><V83/><F131/><W44/><G44/><T109/><D109/><U112/><E112/><V101/><F127/><W48/><G5/><T99/><D31/><U121/><E121/><V30/><F101/><W78/><REACH who="3" step="1"/><G0/><REACH who="3" ten="127,268,375,220" step="2"/><T122/><D71/><U118/><E47/><V21/><F6/><W116/><G116/><T87/><D122/><U73/><E46/><V40/><F40/><W13/><G13/><T7/><D7/><U43/><E118/><V50/><F50/><W64/><G64/><T126/><D2/><U119/><E43/><V134/><F134/><W105/><G105/><T91/><D45/><U113/><E119/><V55/><F55/><W75/><G75/><T57/><D39/><U1/><E73/><V54/><F54/><W102/><G102/><T51/><D51/><U41/><E41/><V97/><F15/><W104/><G104/><T49/><D49/><U29/><E113/><V58/><F58/><W103/><G103/><N who="0" m="60903" /><D57/><U67/><E1/><V129/><F129/><W123/><G123/><T34/><D74/><U56/><E56/><V8/><F25/><W66/><G66/><T17/><D61/><U125/><E62/><RYUUKYOKU ba="3,1" sc="127,-10,268,-10,375,-10,220,30" hai3="26,35,48,52,59,78,80,84,90,94,96,106,107" /><INIT seed="3,4,1,0,5,98" ten="117,258,365,250" oya="3" hai0="112,5,96,113,43,68,73,85,0,21,135,111,28" hai1="9,114,62,121,76,122,69,26,30,80,45,32,8" hai2="53,105,31,61,119,72,102,103,4,82,56,93,92" hai3="47,78,16,55,91,66,54,12,79,38,95,99,115"/><W74/><G115/><N who="0" m="44107" /><D73/><U126/><E126/><V33/><F105/><W97/><G66/><T52/><D68/><U133/><E133/><V60/><F119/><W89/><G38/><T129/><D43/><U49/><E114/><V22/><F33/><W48/><G74/><T81/><D0/><U134/><E134/><V100/><F72/><W18/><G18/><T58/><D5/><U39/><E9/><V108/><F108/><W29/><G29/><T83/><D135/><U130/><E8/><V87/><F4/><W14/><G14/><T51/><D111/><U94/><E94/><V50/><F22/><W109/><G109/><T19/><D28/><U11/><E11/><V90/><F31/><W64/><G64/><T7/><D7/><U41/><E130/><V35/><F35/><W116/><G55/><T128/><D96/><U107/><E49/><V37/><F37/><W67/><G67/><T88/><D83/><U86/><E107/><V71/><F71/><W124/><G124/><T42/><D42/><U34/><E32/><V3/><F3/><W59/><G116/><T132/><D132/><U15/><E15/><AGARI ba="4,1" hai="15,19,21,51,52,58,81,85,88,128,129" m="44107" machi="15" ten="30,3900,0" yaku="11,1,54,2" doraHai="98" who="0" fromWho="1" sc="117,61,258,-51,365,0,250,0" /><INIT seed="4,0,0,0,2,17" ten="178,207,365,250" oya="0" hai0="32,111,1,88,102,93,25,37,14,56,11,52,75" hai1="101,78,3,106,100,90,134,124,61,73,67,6,18" hai2="74,121,58,21,99,10,13,8,68,50,47,98,127" hai3="57,15,125,4,96,126,72,33,105,87,42,62,130"/><T79/><D37/><U104/><E134/><V39/><F68/><W12/><G72/><T133/><D1/><U122/><E124/><N who="3" m="47722" /><G33/><T113/><D133/><U43/><E122/><V59/><F39/><W28/><G28/><T66/><D66/><U7/><E90/><V103/><F74/><W0/><G42/><T31/><D113/><U80/><E18/><N who="2" m="10447" /><F121/><W45/><G45/><T128/><D128/><U91/><E91/><V23/><F23/><W48/><G48/><T129/><D129/><U117/><E43/><N who="2" m="24959" /><F98/><W119/><G87/><T9/><D111/><U34/><E117/><V55/><F59/><W70/><G96/><T97/><D75/><U40/><E40/><V108/><F108/><W49/><G105/><T82/><D79/><U76/><E78/><V22/><F22/><W19/><G70/><T38/><D38/><U36/><E36/><V20/><F20/><W5/><G57/><T131/><D131/><U16/><E3/><V77/><F77/><W116/><G0/><T29/><D29/><U41/><E106/><V60/><F127/><W27/><G27/><T63/><REACH who="0" step="1"/><D14/><REACH who="0" ten="168,207,365,250" step="2"/><U54/><E67/><V95/><AGARI ba="0,1" hai="8,10,55,58,60,95,99,103" m="24959,10447" machi="95" ten="30,2000,0" yaku="8,1,52,1" doraHai="17" who="2" fromWho="2" sc="168,-10,207,-5,365,30,250,-5" /><INIT seed="5,0,0,1,1,113" ten="158,202,395,245" oya="1" hai0="108,5,130,24,78,132,84,12,48,22,6,47,52" hai1="104,127,87,63,98,125,70,90,131,41,76,133,66" hai2="13,11,27,77,129,111,32,9,15,135,71,54,4" hai3="121,102,2,79,134,101,80,53,42,30,50,82,20"/><U10/><E131/><V46/><F71/><W49/><G2/><T21/><D108/><U105/><E133/><V73/><F129/><W43/><G134/><T55/><D130/><U28/><E41/><N who="3" m="15370" /><G50/><T65/><D132/><U33/><E76/><V61/><F111/><W23/><G121/><T89/><D65/><U19/><E19/><V86/><F73/><W14/><G23/><T99/><D55/><U0/><E10/><V126/><F126/><N who="1" m="48137" /><E0/><V35/><F27/><N who="3" m="16743" /><G14/><T64/><D64/><U115/><E115/><V3/><F3/><W7/><G7/><T17/><D78/><U112/><E112/><V44/><F77/><W123/><G123/><T69/><D99/><U67/><E98/><V118/><F86/><N who="3" m="48415" /><G82/><T8/><D69/><U116/><E67/><V97/><F97/><W88/><G88/><T107/><D107/><N who="1" m="41035" /><E28/><V29/><F29/><W74/><G74/><T36/><D36/><U16/><E16/><V83/><F135/><W57/><AGARI ba="0,0" hai="49,53,57,101,102" m="48415,16743,15370" machi="57" ten="30,1100,0" yaku="8,1" doraHai="113" who="3" fromWho="3" sc="158,-3,202,-5,395,-3,245,11" /><INIT seed="6,0,0,1,0,125" ten="155,197,392,256" oya="2" hai0="112,36,60,39,25,102,6,17,131,33,65,129,5" hai1="73,41,71,35,100,70,37,10,29,121,123,68,49" hai2="114,62,85,111,80,113,126,135,24,84,67,90,8" hai3="78,53,86,18,133,63,124,48,105,26,76,2,27"/><V134/><F24/><W116/><G105/><T13/><D102/><U52/><E73/><V47/><F8/><W75/><G75/><T34/><D112/><N who="2" m="43114" /><F47/><W118/><G2/><T11/><D39/><U94/><E10/><V32/><F32/><W109/><G63/><T115/><D36/><U64/><E29/><V3/><F3/><W91/><G18/><T69/><D115/><U4/><E4/><V83/><F62/><W57/><G26/><T74/><D74/><U21/><E35/><V14/><F14/><W108/><G27/><T119/><D119/><U128/><E21/><V82/><F67/><W28/><G28/><T87/><D87/><N who="2" m="33354" /><F126/><W95/><G124/><T22/><D5/><U120/><E64/><V88/><F111/><W61/><G109/><T81/><D81/><U99/><E41/><V40/><F40/><W30/><G108/><T23/><D23/><U66/><E66/><V1/><F1/><W72/><G30/><T98/><D98/><U97/><E97/><V107/><F107/><W9/><G61/><T127/><D127/><U20/><E20/><V12/><F12/><W106/><G9/><T132/><D34/><U55/><E37/><V122/><F122/><W42/><G42/><T93/><D33/><U43/><E43/><V103/><F103/><W19/><G106/><T38/><D38/><U7/><E7/><V79/><F79/><W54/><G76/><T117/><D6/><U130/><E55/><V51/><F51/><W50/><G78/><T45/><D65/><U92/><E49/><V104/><F80/><W16/><G50/><RYUUKYOKU ba="0,0" sc="155,0,197,0,392,0,256,0" /><INIT seed="7,1,0,0,5,23" ten="155,197,392,256" oya="3" hai0="2,8,59,78,58,57,110,25,61,104,70,18,118" hai1="30,82,97,7,74,109,103,89,53,38,68,26,120" hai2="131,62,43,134,76,135,80,130,48,93,121,73,31" hai3="75,69,128,95,27,67,21,20,39,87,133,33,14"/><W72/><G39/><T113/><D118/><U105/><E109/><V132/><F121/><W36/><G36/><T114/><D110/><U96/><E120/><V1/><F1/><W116/><G33/><T28/><D104/><U15/><E38/><V85/><F62/><W100/><G69/><T108/><D108/><U56/><E68/><V51/><F31/><W32/><G32/><T122/><D122/><U37/><E37/><V35/><F35/><W119/><G67/><T24/><D78/><U125/><E125/><V111/><F111/><W55/><G55/><T3/><D28/><U79/><E89/><N who="2" m="53423" /><F43/><W99/><G87/><T12/><D3/><U22/><E97/><V47/><F47/><W112/><G75/><T34/><D2/><U16/><E7/><V65/><F65/><W129/><G72/><T88/><D34/><U84/><E74/><V29/><F29/><W4/><G4/><T10/><D10/><U101/><E101/><V44/><F44/><W49/><G49/><AGARI ba="1,0" hai="48,49,51,73,76,80,130,131,132,134,135" m="53423" machi="49" ten="40,1300,0" yaku="20,1" doraHai="23" who="2" fromWho="3" sc="155,0,197,0,392,16,256,-16" owari="155,-34.0,197,-20.0,408,50.0,240,4.0" /></mjloggm>