<mjloggm ver="2.3"><GO type="169" lobby="0"/><UN n0="%6F%68%6E%6F%79%75%6B%69" n1="%E6%A1%9C%E8%8A%B1%E9%96%83%E3%80%85" n2="%54%4F%52" n3="%E3%82%A6%E3%83%AB%E3%83%88%E3%83%A9%E7%AB%8B%E7%9B%B4" dan="16,18,17,18" rate="2141.70,2204.17,2159.04,2259.93" sx="M,M,M,M"/><TAIKYOKU oya="0"/><INIT seed="0,0,0,2,4,118" ten="250,250,250,250" oya="0" hai0="29,92,0,9,20,79,14,121,75,31,33,44,48" hai1="80,74,24,110,16,90,5,61,67,10,27,76,119" hai2="49,8,36,51,28,68,93,85,129,26,71,112,43" hai3="47,62,98,41,82,120,66,2,21,127,58,132,111"/><T30/><D75/><U116/><E110/><V130/><F112/><W122/><G2/><T102/><D79/><U87/><E27/><V97/><F36/><W117/><G117/><T17/><D33/><U15/><E24/><V115/><F115/><W60/><G111/><T128/><D128/><N who="2" m="49258" /><F85/><W109/><G109/><T73/><D73/><U4/><E116/><V35/><F8/><W95/><G127/><T99/><D0/><U63/><E119/><V22/><F35/><W7/><G7/><T131/><D131/><U3/><E3/><V81/><F81/><W91/><G132/><T42/><REACH who="0" step="1"/><D121/><REACH who="0" ten="240,250,250,250" step="2"/><N who="3" m="46697" /><G82/><T12/><D12/><U6/><E74/><V100/><F43/><W72/><G72/><T103/><D103/><U32/><E32/><V23/><F100/><W46/><G41/><T94/><D94/><U126/><E126/><V77/><F77/><W88/><G91/><T64/><D64/><U55/><E67/><V11/><F93/><W25/><G62/><T57/><D57/><N who="1" m="35007" /><E63/><V83/><F71/><W53/><G66/><T96/><D96/><U39/><E76/><V45/><F97/><W1/><G1/><T113/><D113/><U104/><E90/><V18/><F68/><W38/><G38/><T40/><D40/><U37/><E80/><V114/><F114/><W52/><G53/><T134/><D134/><U13/><E37/><V86/><F83/><W123/><G123/><T50/><D50/><U69/><E39/><V59/><F51/><W70/><G70/><T108/><D108/><U133/><E69/><V125/><F49/><W84/><G98/><RYUUKYOKU ba="0,1" sc="240,15,250,-15,250,-15,250,15" hai0="9,14,17,20,29,30,31,42,44,48,92,99,102" hai3="21,25,46,47,52,58,60,84,88,95" /><INIT seed="0,1,1,5,0,41" ten="255,235,235,265" oya="0" hai0="108,60,54,45,68,17,36,32,119,10,111,98,4" hai1="95,109,69,8,18,67,106,24,64,72,83,104,126" hai2="115,59,52,129,43,124,75,89,5,57,15,50,25" hai3="13,102,85,100,22,80,38,63,42,107,101,76,87"/><T114/><D114/><U49/><E109/><N who="0" m="42057" /><D119/><U132/><E132/><V28/><F115/><W9/><G107/><T1/><D32/><U118/><E118/><V47/><F75/><W78/><G22/><T133/><D133/><U16/><E126/><V91/><F129/><W65/><G38/><T134/><D134/><U77/><E95/><V55/><F124/><W92/><G42/><N who="0" m="22727" /><D98/><U94/><E94/><V84/><F15/><W113/><G113/><T56/><D10/><U20/><E8/><V82/><F5/><W81/><G92/><T0/><D4/><U116/><E116/><V46/><F91/><W40/><G40/><T21/><D68/><U97/><E69/><V19/><F19/><W127/><G127/><T35/><D35/><U66/><E18/><V7/><F7/><W121/><G121/><T105/><D105/><U79/><E97/><V29/><F55/><W51/><G9/><T88/><D88/><U33/><E33/><V112/><F112/><W123/><G123/><T39/><D39/><U23/><E79/><V90/><F90/><W34/><G34/><T128/><D128/><U26/><E104/><V44/><F43/><W120/><G120/><T37/><D37/><U130/><E106/><V3/><F89/><W135/><G135/><T93/><D93/><U122/><E130/><V96/><F96/><W103/><G103/><T74/><D74/><U117/><E117/><V62/><F84/><W27/><G102/><T30/><D30/><N who="1" m="17671" /><E122/><V70/><F70/><W58/><G101/><T71/><D71/><U61/><E72/><V73/><F73/><RYUUKYOKU ba="1,1" sc="255,30,235,-10,235,-10,265,-10" hai0="0,1,17,21,54,56,60" /><INIT seed="0,2,1,1,3,34" ten="285,225,225,255" oya="0" hai0="3,79,64,44,90,105,12,118,65,57,27,60,28" hai1="50,30,83,70,78,53,91,4,89,23,35,62,87" hai2="113,19,49,46,133,120,98,103,33,84,41,86,45" hai3="67,38,131,126,124,75,24,59,127,115,93,114,99"/><T17/><D118/><U51/><E35/><V54/><F120/><W20/><G38/><T125/><D125/><U32/><E32/><V48/><F113/><W74/><G131/><T132/><D132/><U18/><E30/><V10/><F33/><W69/><G69/><T61/><D105/><U66/><E4/><V22/><F10/><W111/><G111/><T52/><D3/><U100/><E100/><V26/><REACH who="2" step="1"/><F133/><REACH who="2" ten="285,225,215,255" step="2"/><W119/><G115/><T25/><D79/><U77/><E77/><V73/><F73/><W16/><G114/><T81/><D28/><U5/><E5/><V13/><F13/><W42/><G119/><T129/><D129/><U121/><E121/><V56/><F56/><W6/><G6/><T134/><D134/><U116/><E116/><V82/><F82/><W130/><G130/><T128/><D128/><U85/><E78/><V9/><F9/><W123/><G123/><T63/><D25/><U110/><E110/><V109/><F109/><W135/><G135/><T29/><D27/><U58/><E70/><V43/><F43/><W15/><G42/><T8/><D29/><U21/><E21/><V104/><AGARI ba="2,2" hai="19,22,26,41,45,46,48,49,54,84,86,98,103,104" machi="104" ten="20,2700,0" yaku="1,1,0,1,7,1,53,0" doraHai="34" doraHaiUra="2" who="2" fromWho="2" sc="285,-15,225,-9,215,53,255,-9" /><INIT seed="1,0,0,5,0,72" ten="270,216,268,246" oya="1" hai0="81,35,1,126,19,87,112,125,17,53,2,121,27" hai1="135,77,49,128,117,47,91,124,22,80,97,58,43" hai2="34,5,3,102,20,83,70,9,131,66,59,44,4" hai3="63,82,79,10,119,90,89,107,115,98,78,18,74"/><U46/><E117/><V71/><F34/><W37/><G115/><T51/><D112/><U133/><E128/><V129/><F5/><W95/><G37/><T85/><D121/><U93/><E124/><V132/><F132/><N who="1" m="50761" /><E22/><V111/><F111/><W30/><G119/><T62/><D62/><U31/><E31/><V29/><F102/><W60/><G30/><T23/><D35/><U104/><E104/><V106/><F106/><W26/><G107/><T11/><D19/><U39/><E58/><V84/><F44/><W6/><G79/><T21/><D21/><U45/><E39/><V61/><F20/><W108/><G108/><T55/><D11/><U52/><E43/><V64/><F29/><W103/><G18/><T14/><D27/><U123/><E123/><V24/><F24/><W99/><G26/><T50/><D126/><U12/><E12/><V127/><F127/><W75/><G75/><AGARI ba="0,0" hai="45,46,47,49,52,75,77,80,91,93,97" m="50761" machi="75" ten="30,5800,0" yaku="20,1,52,1,54,1" doraHai="72" who="1" fromWho="3" sc="270,0,216,58,268,0,246,-58" /><INIT seed="1,1,0,0,1,53" ten="270,274,268,188" oya="1" hai0="70,35,119,46,58,45,104,111,86,116,99,42,48" hai1="64,124,37,30,73,22,57,102,79,96,55,110,23" hai2="50,59,76,60,19,67,98,87,43,15,127,0,49" hai3="63,6,31,11,128,51,40,71,18,123,133,5,2"/><U81/><E37/><V56/><F0/><W131/><G123/><T32/><D70/><U88/><E124/><V72/><F127/><W107/><G107/><T108/><D86/><U89/><E64/><V118/><F118/><W92/><G31/><T97/><D104/><U12/><E110/><V100/><F72/><W41/><G133/><T3/><D3/><U84/><E30/><V17/><F87/><W54/><G6/><T94/><D94/><N who="1" m="58647" /><E73/><V113/><F76/><W106/><G106/><T34/><D58/><N who="2" m="22058" /><F113/><W25/><G92/><T39/><D39/><U125/><E125/><V134/><F134/><W129/><G63/><T8/><D8/><U93/><E12/><V24/><F67/><W105/><G71/><T117/><REACH who="0" step="1"/><D45/><REACH who="0" ten="260,274,268,188" step="2"/><U13/><E93/><N who="2" m="58447" /><F60/><W69/><G105/><T61/><D61/><U4/><E79/><V62/><F62/><W77/><G77/><T20/><D20/><U95/><E95/><V91/><F91/><W38/><G69/><T7/><D7/><U29/><E89/><V33/><F33/><W80/><G38/><T10/><D10/><U126/><E126/><V109/><F109/><AGARI ba="1,1" hai="32,34,35,42,46,48,97,99,108,109,111,116,117,119" machi="109" ten="50,3200,0" yaku="1,1,14,1,53,0" doraHai="53" doraHaiUra="65" who="0" fromWho="2" sc="260,45,274,0,268,-35,188,0" /><INIT seed="2,0,0,4,2,118" ten="305,274,233,188" oya="2" hai0="11,95,74,16,63,35,93,0,64,71,15,23,1" hai1="65,91,9,41,104,124,59,97,78,19,83,73,111" hai2="6,22,53,107,52,10,88,21,43,50,51,134,120" hai3="39,108,66,62,86,48,69,130,105,2,84,119,85"/><V33/><F33/><W55/><G119/><T47/><D74/><U99/><E111/><V57/><F107/><W82/><G108/><T101/><D35/><U12/><E124/><V56/><F120/><W116/><G116/><T77/><D77/><U42/><E99/><V115/><F115/><W54/><G130/><T58/><D47/><U127/><E127/><V38/><F134/><W103/><G2/><T8/><D58/><U92/><REACH who="1" step="1"/><E104/><REACH who="1" ten="305,264,233,188" step="2"/><V45/><REACH who="2" step="1"/><F88/><REACH who="2" ten="305,264,223,188" step="2"/><W98/><G105/><T126/><D126/><U36/><E36/><V112/><F112/><W96/><G39/><T25/><D101/><U123/><E123/><V100/><F100/><W26/><G103/><T76/><D0/><AGARI ba="0,2" hai="0,6,10,21,22,38,43,45,50,51,52,53,56,57" machi="0" ten="30,11600,0" yaku="1,1,7,1,9,1,54,1,53,0" doraHai="118" doraHaiUra="61" who="2" fromWho="0" sc="305,-116,264,0,223,136,188,0" /><INIT seed="2,1,0,3,4,9" ten="189,264,359,188" oya="2" hai0="77,14,96,49,30,98,112,88,31,90,43,52,134" hai1="114,116,75,1,123,131,8,2,68,128,11,16,100" hai2="32,22,133,12,65,135,102,93,19,6,56,10,44" hai3="23,109,122,4,132,73,63,89,118,34,107,54,59"/><V47/><F32/><W87/><G34/><T55/><D112/><U62/><E75/><V95/><F47/><W85/><G118/><T117/><D134/><N who="2" m="51210" /><F44/><W57/><G107/><T130/><D130/><U110/><E114/><V71/><F71/><W58/><G73/><T35/><D35/><U64/><E116/><V38/><F38/><W92/><G122/><T101/><D77/><U78/><E78/><V45/><F45/><W51/><G109/><T3/><D3/><N who="1" m="1035" /><E110/><V0/><F102/><W53/><G132/><T17/><D43/><U39/><E39/><V21/><F21/><W48/><G23/><N who="0" m="11703" /><D117/><U97/><E123/><V104/><F104/><W108/><G108/><T119/><D119/><U91/><E100/><V86/><F86/><W125/><G125/><T15/><D101/><U74/><E74/><V66/><F66/><W80/><G87/><T120/><D120/><U61/><E64/><V40/><F40/><W81/><REACH who="3" step="1"/><G4/><REACH who="3" ten="189,264,359,178" step="2"/><T37/><D98/><U72/><E97/><V27/><F6/><W82/><G82/><T94/><D96/><U69/><E72/><V25/><F22/><W26/><G26/><T79/><D37/><U29/><E128/><V99/><F25/><W83/><G83/><T127/><D127/><U50/><E131/><V36/><F27/><W42/><G42/><T46/><D94/><U115/><E115/><V126/><F36/><W76/><G76/><T111/><D79/><U7/><E7/><N who="2" m="1383" /><F126/><W106/><G106/><T103/><D103/><U129/><E129/><V41/><F41/><W84/><G84/><T121/><D111/><RYUUKYOKU ba="1,1" sc="189,-10,264,-10,359,-10,178,30" hai3="48,51,53,54,57,58,59,63,80,81,85,89,92" /><INIT seed="3,2,1,1,0,58" ten="179,254,349,208" oya="3" hai0="59,102,48,29,21,91,101,92,52,56,23,61,103" hai1="120,100,130,121,112,98,89,123,5,17,53,20,11" hai2="62,0,115,27,95,47,46,77,42,105,10,7,79" hai3="33,13,8,51,68,14,15,84,67,49,2,76,70"/><W133/><G33/><T134/><D134/><U127/><E112/><V28/><F105/><W18/><G133/><T90/><D29/><U135/><E135/><V1/><F1/><W80/><G68/><T78/><D78/><U104/><E130/><V39/><F115/><W43/><G2/><T99/><REACH who="0" step="1"/><D91/><REACH who="0" ten="169,254,349,208" step="2"/><U73/><E89/><V66/><F79/><W107/><G107/><T69/><D69/><U108/><E104/><V41/><F77/><W16/><G43/><T64/><AGARI ba="2,2" hai="21,23,48,52,56,59,61,64,90,92,99,101,102,103" machi="64" ten="30,8000,1" yaku="1,1,0,1,8,1,52,1,54,1,53,0" doraHai="58" doraHaiUra="132" who="0" fromWho="0" sc="169,106,254,-22,349,-22,208,-42" /><INIT seed="4,0,0,4,5,46" ten="275,232,327,166" oya="0" hai0="129,54,0,64,114,92,18,57,52,41,75,119,81" hai1="27,101,33,40,5,112,36,9,125,79,39,17,69" hai2="96,45,15,128,61,95,25,4,90,70,11,23,53" hai3="93,102,89,103,116,32,120,99,3,30,94,123,122"/><T118/><D0/><U51/><E69/><V121/><F121/><W77/><G3/><T2/><D2/><U76/><E101/><V97/><F128/><W91/><G30/><T58/><D75/><U110/><E110/><V62/><F70/><W87/><G32/><T59/><D81/><U84/><E125/><V60/><F97/><W28/><G28/><T98/><D18/><U55/><E40/><V63/><F63/><W130/><G116/><T68/><D92/><U78/><E84/><V22/><F25/><W12/><G12/><T109/><D98/><U49/><E112/><V38/><F38/><W43/><G43/><T108/><D41/><U113/><E113/><V72/><F72/><W133/><G133/><T106/><D106/><U100/><E100/><N who="3" m="38442" /><G77/><T48/><D114/><U111/><E111/><N who="0" m="42569" /><D129/><AGARI ba="0,0" hai="87,89,91,93,94,99,120,122,123,129,130" m="38442" machi="129" ten="40,5200,0" yaku="13,1,34,2" doraHai="46" who="3" fromWho="0" sc="275,-52,232,0,327,0,166,52" /><INIT seed="5,0,0,0,4,18" ten="223,232,327,218" oya="1" hai0="21,80,22,12,90,35,32,108,79,91,76,104,133" hai1="118,84,30,116,5,3,130,50,24,74,65,88,97" hai2="13,9,111,85,86,60,67,87,92,42,63,95,119" hai3="72,51,29,61,106,113,62,110,99,69,132,124,96"/><U83/><E130/><V39/><F119/><W1/><G72/><T59/><D104/><U44/><E74/><V128/><F111/><W26/><G110/><T134/><D108/><U33/><E65/><V78/><F128/><W37/><G37/><T52/><D12/><U81/><E81/><V56/><F78/><W66/><G113/><T40/><D40/><U129/><E129/><V122/><F122/><W41/><G1/><T94/><D32/><U126/><E126/><V45/><REACH who="2" step="1"/><F63/><REACH who="2" ten="223,232,317,218" step="2"/><W43/><G124/><T36/><D79/><U89/><E116/><V103/><F103/><W131/><G62/><T71/><D76/><U68/><E118/><V38/><F38/><W105/><G61/><T48/><D36/><U117/><E117/><V107/><F107/><W53/><G106/><T135/><D71/><U115/><E68/><V73/><F73/><W127/><G105/><T19/><D35/><U4/><E115/><V57/><F57/><W58/><G58/><T2/><D2/><U34/><E34/><V100/><F100/><W27/><G69/><T49/><D48/><U125/><E3/><V55/><F55/><W17/><G53/><T93/><D49/><U75/><E75/><V114/><F114/><W7/><G51/><T109/><D52/><N who="1" m="29767" /><E125/><V14/><F14/><W120/><G127/><T10/><D59/><U101/><E101/><V28/><F28/><W6/><G29/><T102/><D102/><U77/><E77/><V70/><F70/><W0/><G131/><T112/><D112/><U64/><E64/><V121/><F121/><W23/><G120/><RYUUKYOKU ba="0,1" sc="223,-15,232,15,317,15,218,-15" hai1="4,5,24,30,33,83,84,88,89,97" hai2="9,13,39,42,45,56,60,67,85,86,87,92,95" /><INIT seed="5,1,1,0,4,56" ten="208,247,332,203" oya="1" hai0="110,25,79,115,51,105,72,41,74,5,29,112,32" hai1="92,20,57,16,120,133,113,69,61,83,18,33,40" hai2="89,95,8,36,77,52,63,34,111,125,116,49,99" hai3="126,130,100,45,104,114,24,67,87,101,135,44,53"/><U128/><E120/><V11/><F111/><W93/><G104/><T43/><D110/><U17/><E33/><V97/><F116/><W119/><G114/><N who="0" m="43563" /><D105/><U7/><E113/><V0/><F36/><W85/><G130/><T75/><D5/><U73/><E69/><V134/><F34/><W94/><G135/><T15/><D15/><U78/><E128/><V19/><F125/><W50/><G126/><T23/><D79/><U64/><E133/><V9/><F134/><W70/><G119/><T28/><D51/><U31/><E7/><V88/><F77/><W46/><G24/><AGARI ba="1,1" hai="23,24,25,28,29,32,41,43,72,74,75" m="43563" machi="24" ten="40,1300,0" yaku="15,1" doraHai="56" who="0" fromWho="3" sc="208,26,247,0,332,0,203,-16" /><INIT seed="6,0,0,3,4,123" ten="234,247,332,187" oya="2" hai0="106,83,108,133,44,38,27,120,17,69,26,101,64" hai1="24,19,126,11,113,95,67,96,61,54,51,128,49" hai2="9,22,20,118,124,15,45,62,23,30,42,60,132" hai3="41,31,1,66,53,5,80,25,47,115,0,112,111"/><V76/><F118/><W103/><G66/><T127/><D120/><U3/><E113/><N who="3" m="43594" /><G103/><T12/><D101/><U10/><E128/><V65/><F124/><W121/><G121/><T43/><D106/><U87/><E87/><V94/><F132/><W7/><G53/><T55/><D133/><U86/><E86/><V33/><F76/><W13/><G80/><T72/><D127/><U18/><E126/><V116/><F116/><W36/><G13/><T74/><D55/><U21/><E3/><N who="3" m="1098" /><G111/><T50/><D108/><U16/><E67/><V79/><F79/><W58/><G58/><T37/><D64/><U34/><E61/><V92/><F60/><W91/><G91/><T46/><D83/><U39/><E54/><V35/><F92/><W114/><N who="3" m="43602" /><W4/><DORA hai="104" /><G4/><T109/><D109/><U52/><E52/><V85/><F94/><W117/><G117/><T100/><D100/><U56/><E56/><V129/><F62/><W90/><G90/><T40/><D12/><U57/><E57/><V82/><F15/><W73/><G73/><T70/><D50/><U93/><E51/><V102/><F82/><W131/><G131/><T125/><D125/><U77/><E49/><V97/><F102/><W105/><G105/><T14/><D14/><U6/><E95/><V2/><F2/><W98/><G98/><T107/><D107/><U75/><E93/><V59/><F97/><W135/><G135/><T48/><D48/><U110/><E96/><V122/><F65/><W88/><G88/><T130/><D130/><U134/><E110/><V119/><F129/><RYUUKYOKU ba="0,0" sc="234,15,247,-15,332,-15,187,15" hai0="17,26,27,37,38,40,43,44,46,69,70,72,74" hai3="5,7,25,31,36,41,47" /><INIT seed="7,1,0,2,1,79" ten="249,232,317,202" oya="3" hai0="21,134,108,58,8,3,48,114,17,131,97,60,100" hai1="95,105,38,64,62,120,52,89,109,54,37,78,36" hai2="127,70,118,87,133,119,29,107,12,72,59,40,94" hai3="51,44,2,55,130,47,98,35,82,129,116,115,27"/><W73/><G2/><T19/><D108/><U11/><E109/><V86/><F72/><W121/><G116/><T102/><D134/><U30/><E105/><V84/><F70/><W125/><G121/><T10/><D131/><N who="3" m="50185" /><G115/><T101/><D114/><U26/><E78/><V42/><F107/><W50/><G125/><T18/><D3/><U93/><E11/><V103/><F133/><W46/><G98/><T56/><D97/><U68/><E120/><V126/><F29/><N who="3" m="19903" /><G51/><T7/><D7/><U57/><E89/><V117/><F12/><W71/><G71/><T122/><D122/><U81/><E68/><V23/><F23/><W106/><G106/><T75/><D75/><U132/><E132/><V15/><F15/><W96/><G96/><T112/><D112/><U45/><E37/><V5/><F126/><W67/><G67/><T85/><D21/><N who="1" m="15695" /><E36/><V92/><F127/><W31/><G31/><T33/><D33/><U88/><E38/><V111/><F118/><W13/><G13/><T32/><D32/><U77/><E64/><V65/><F65/><W14/><G14/><T41/><D10/><U74/><E88/><V124/><F124/><W1/><G1/><T22/><D8/><U123/><E123/><V0/><F0/><W113/><G113/><T25/><D25/><U83/><E62/><V39/><F39/><W9/><G9/><T4/><D22/><U104/><E104/><V34/><F119/><W6/><G6/><T63/><D4/><U128/><E128/><V66/><F5/><W49/><G49/><T76/><D48/><N who="1" m="28687" /><E81/><V43/><F117/><RYUUKYOKU ba="1,0" sc="249,-15,232,15,317,-15,202,15" hai1="54,57,74,77,83,93,95" hai3="44,46,47,50,55,73,82" /><INIT seed="7,2,0,2,0,73" ten="234,247,302,217" oya="3" hai0="117,64,113,55,123,132,47,23,26,125,76,65,7" hai1="36,48,85,89,51,96,29,44,37,49,10,28,14" hai2="56,107,4,42,17,108,33,60,127,77,12,87,31" hai3="43,116,121,2,105,35,50,129,54,66,106,131,45"/><W9/><G35/><T1/><D117/><U63/><E96/><V95/><F107/><W20/><G116/><T118/><D118/><U103/><E103/><V0/><F108/><W82/><G121/><T27/><D123/><U120/><E120/><V58/><F42/><W80/><G66/><T78/><D1/><U115/><E115/><V57/><F127/><W34/><G34/><T16/><D7/><N who="1" m="3423" /><E37/><V122/><F122/><W13/><G20/><N who="0" m="13575" /><D125/><U11/><E36/><V90/><F77/><N who="0" m="29802" /><D113/><U39/><E39/><V75/><F75/><W79/><G2/><T110/><D110/><U72/><E72/><V32/><F32/><W62/><G106/><T67/><D132/><U88/><E44/><V22/><F4/><N who="3" m="3239" /><G105/><T52/><D47/><U19/><E63/><V111/><F0/><W38/><G38/><T24/><D24/><U98/><E98/><V68/><F111/><W97/><G97/><T133/><D133/><U8/><E89/><V84/><F68/><W59/><G79/><T134/><D134/><U30/><E19/><AGARI ba="2,0" hai="19,23,27,52,55,64,65,67" m="29802,13575" machi="19" ten="30,12000,2" yaku="8,1,52,3,54,2" doraHai="73" who="0" fromWho="1" sc="234,126,247,-126,302,0,217,0" owari="360,46.0,121,-38.0,302,10.0,217,-18.0" /></mjloggm>