<mjloggm ver="2.3"><GO type="169" lobby="0"/><UN n0="%E3%81%BB%E3%81%97%E3%81%AE%E3%81%99%E3%81%9A%E3%81%BF" n1="%E3%82%A6%E3%83%AB%E3%83%88%E3%83%A9%E7%AB%8B%E7%9B%B4" n2="%E8%99%8E%E7%9A%AE%E7%8C%AB" n3="%53%74%65%69%6E%73" dan="16,18,16,16" rate="2033.81,2246.24,2147.07,2120.11" sx="F,M,F,M"/><TAIKYOKU oya="0"/><INIT seed="0,0,0,2,5,100" ten="250,250,250,250" oya="0" hai0="79,48,124,84,82,2,101,87,135,93,69,59,89" hai1="4,92,72,73,7,43,119,46,127,32,55,13,90" hai2="37,14,38,78,77,125,53,107,103,17,120,76,5" hai3="27,9,108,110,39,31,61,75,11,15,128,106,113"/><T98/><D69/><U123/><E119/><V99/><F120/><W1/><G113/><T131/><D2/><U52/><E32/><V91/><F125/><W64/><G75/><T88/><D124/><U8/><E123/><V71/><F5/><W58/><G39/><T44/><D131/><U66/><E127/><V86/><F53/><W12/><G128/><T116/><D116/><U97/><E66/><V21/><REACH who="2" step="1"/><F71/><REACH who="2" ten="250,250,240,250" step="2"/><W47/><G108/><T30/><D135/><U41/><E7/><V80/><AGARI ba="0,1" hai="14,17,21,37,38,76,77,78,80,86,91,99,103,107" machi="80" ten="30,8000,1" yaku="1,1,2,1,0,1,52,1,53,1" doraHai="100" doraHaiUra="19" who="2" fromWho="2" sc="250,-40,250,-20,240,90,250,-20" /><INIT seed="1,0,0,1,4,132" ten="210,230,330,230" oya="1" hai0="109,55,93,51,34,61,66,92,111,86,103,38,40" hai1="110,130,78,2,25,91,107,36,12,82,15,117,39" hai2="28,49,24,118,67,74,35,43,131,58,9,11,85" hai3="19,10,44,65,135,27,29,98,46,88,16,52,126"/><U23/><E117/><V14/><F118/><W48/><G135/><T113/><D34/><U83/><E2/><V94/><F74/><W68/><G126/><T71/><D113/><U89/><E107/><V76/><F131/><W8/><G68/><T57/><D103/><U33/><E33/><V134/><F134/><W18/><G65/><T22/><D22/><U1/><E1/><V3/><F3/><W77/><G77/><T122/><D122/><U41/><E130/><V96/><F43/><W128/><G128/><T53/><D86/><U100/><E100/><V79/><F85/><W6/><G44/><T50/><D92/><U95/><E110/><V114/><F114/><W45/><G45/><N who="0" m="23703" /><D93/><U42/><E95/><V81/><F94/><N who="3" m="56647" /><G6/><T7/><D7/><U62/><E23/><AGARI ba="0,0" hai="8,10,16,18,19,23,27,29,46,48,52" m="56647" machi="23" ten="30,7700,0" yaku="8,1,54,3" doraHai="132" who="3" fromWho="1" sc="210,0,230,-77,330,0,230,77" /><INIT seed="2,0,0,1,3,8" ten="210,153,330,307" oya="2" hai0="69,28,87,64,65,73,27,2,35,13,75,48,40" hai1="95,126,80,56,101,86,4,103,25,98,6,90,43" hai2="22,102,81,7,29,17,131,106,88,58,123,11,18" hai3="66,121,115,15,127,132,94,128,53,108,46,47,100"/><V21/><F123/><W31/><G121/><T107/><D2/><U72/><E126/><V129/><F29/><W41/><G127/><T5/><D107/><U109/><E109/><V85/><F58/><W55/><G108/><T77/><D87/><U23/><E72/><V122/><F122/><W91/><G132/><T52/><D40/><U61/><E43/><V12/><F102/><W125/><G125/><T92/><D92/><U67/><REACH who="1" step="1"/><E103/><REACH who="1" ten="210,143,330,307" step="2"/><V1/><REACH who="2" step="1"/><F106/><REACH who="2" ten="210,143,320,307" step="2"/><W36/><G100/><T89/><D73/><U118/><E118/><V71/><F71/><W34/><G115/><T38/><D69/><U57/><E57/><V99/><F99/><W26/><G46/><T93/><D75/><U124/><E124/><V62/><F62/><W10/><G47/><T30/><D64/><U49/><E49/><V24/><AGARI ba="0,2" hai="1,7,11,12,17,18,21,22,24,81,85,88,129,131" machi="24" ten="30,11700,0" yaku="1,1,0,1,52,1,54,1,53,0" doraHai="8" doraHaiUra="135" who="2" fromWho="2" sc="210,-39,143,-39,320,137,307,-39" /><INIT seed="2,1,0,4,4,125" ten="171,104,457,268" oya="2" hai0="26,134,115,60,88,38,9,116,81,98,1,127,101" hai1="21,82,112,79,122,70,10,117,121,89,52,55,22" hai2="28,75,91,54,83,135,106,62,42,48,34,72,129" hai3="20,120,111,119,12,16,93,30,100,80,19,131,65"/><V78/><F135/><W124/><G120/><N who="1" m="46186" /><E117/><V45/><F106/><W67/><G119/><T36/><D134/><U43/><E112/><V33/><F72/><W66/><G124/><T17/><D127/><U63/><E43/><V59/><F91/><W86/><G111/><T87/><D116/><U46/><E89/><V97/><F97/><W0/><G0/><T105/><D60/><U5/><E70/><V40/><F129/><W15/><G30/><T113/><D113/><U24/><E46/><V29/><REACH who="2" step="1"/><F42/><REACH who="2" ten="171,104,447,268" step="2"/><W74/><G131/><T108/><D115/><U103/><E103/><V96/><F96/><W104/><G104/><T99/><D99/><U132/><E132/><V23/><F23/><W68/><G74/><T110/><D110/><U69/><E22/><V32/><AGARI ba="1,1" hai="28,29,32,33,34,40,45,48,54,59,62,75,78,83" machi="32" ten="30,3000,0" yaku="1,1,0,1,53,0" doraHai="125" doraHaiUra="90" who="2" fromWho="2" sc="171,-11,104,-11,447,43,268,-11" /><INIT seed="2,2,0,1,5,128" ten="160,93,490,257" oya="2" hai0="125,15,95,112,66,104,18,121,109,47,111,74,107" hai1="42,8,35,122,85,131,129,2,14,92,17,73,105" hai2="28,51,89,98,52,22,41,67,94,91,88,135,56" hai3="1,86,25,87,126,119,19,123,13,60,93,33,29"/><V130/><F130/><N who="1" m="49673" /><E105/><V99/><F135/><W63/><G119/><T53/><D112/><U58/><E73/><V46/><F67/><W108/><G123/><T34/><D34/><U5/><E122/><V3/><F3/><W83/><G108/><N who="0" m="41547" /><D121/><U40/><E35/><V77/><F77/><W78/><G1/><T50/><D74/><U45/><E58/><V118/><F118/><W7/><G7/><T23/><D125/><U11/><E45/><V134/><F134/><W69/><G69/><T101/><D66/><U48/><E48/><N who="2" m="26703" /><F94/><W16/><G126/><T64/><D64/><U81/><E92/><V76/><F76/><AGARI ba="2,0" hai="2,5,8,11,14,17,40,42,76,81,85" m="49673" machi="76" ten="30,1000,0" yaku="19,1" doraHai="128" who="1" fromWho="2" sc="160,0,93,16,490,-16,257,0" /><INIT seed="3,0,0,3,2,103" ten="160,109,474,257" oya="3" hai0="82,87,41,93,48,66,5,102,20,124,118,92,28" hai1="114,72,40,75,0,36,88,97,99,34,113,121,95" hai2="112,38,64,101,116,6,74,1,110,61,130,123,108" hai3="22,134,135,54,9,84,44,117,67,96,27,69,63"/><W19/><G117/><T7/><D118/><U32/><E0/><V111/><F116/><W79/><G96/><T39/><D39/><U26/><E40/><V73/><F112/><W30/><G79/><T71/><D124/><U29/><E36/><V122/><F38/><W13/><G84/><T127/><D127/><U16/><E121/><N who="2" m="46091" /><F130/><W15/><REACH who="3" step="1"/><G15/><REACH who="3" ten="160,109,474,247" step="2"/><T23/><D87/><U2/><E99/><V91/><F91/><W8/><G8/><T3/><D102/><U46/><E97/><V33/><F101/><W49/><AGARI ba="0,1" hai="9,13,19,22,27,30,44,49,54,63,67,69,134,135" machi="49" ten="30,6000,0" yaku="1,1,0,1,53,1" doraHai="103" doraHaiUra="18" who="3" fromWho="3" sc="160,-20,109,-20,474,-20,247,70" /><INIT seed="3,1,0,3,4,89" ten="140,89,454,317" oya="3" hai0="60,93,16,27,98,28,50,62,88,24,59,127,128" hai1="97,61,56,120,39,17,131,103,74,23,112,63,7" hai2="58,51,44,90,52,100,48,31,5,18,121,76,117" hai3="86,68,135,64,35,40,91,33,82,14,10,8,110"/><W15/><G135/><T0/><D0/><U132/><E120/><V80/><F117/><W45/><G110/><T72/><D72/><U73/><E112/><V85/><F121/><W102/><G102/><T38/><D38/><U111/><E39/><V36/><F36/><W13/><G64/><T55/><D128/><U129/><E7/><V69/><F69/><W83/><G68/><T114/><D114/><U133/><E111/><V95/><F100/><W81/><G33/><T25/><D127/><U65/><E61/><N who="0" m="23657" /><D28/><U124/><E124/><V53/><F31/><W77/><G35/><T30/><D30/><U92/><E74/><V67/><F5/><W66/><G66/><T126/><D126/><U9/><E9/><N who="3" m="3690" /><G77/><T41/><D41/><U54/><E73/><V105/><F105/><W11/><G11/><T32/><D32/><U12/><REACH who="1" step="1"/><E65/><REACH who="1" ten="140,79,454,317" step="2"/><V1/><F67/><W107/><G107/><T101/><D101/><U109/><E109/><V75/><REACH who="2" step="1"/><F1/><REACH who="2" ten="140,79,444,317" step="2"/><W20/><G20/><AGARI ba="1,2" hai="16,20,24,25,27,50,55,59,88,93,98" m="23657" machi="20" ten="30,7700,0" yaku="8,1,52,1,54,2" doraHai="89" who="0" fromWho="3" sc="140,100,79,0,444,0,317,-80" /><INIT seed="4,0,0,4,5,47" ten="240,79,444,237" oya="0" hai0="121,23,123,74,69,31,35,84,79,0,57,22,60" hai1="81,80,67,18,24,75,73,70,97,44,6,94,117" hai2="28,72,13,100,66,51,25,92,116,59,5,38,130" hai3="90,68,112,7,52,106,41,126,124,114,104,113,78"/><T102/><D69/><U77/><E117/><V125/><F116/><W85/><G68/><T91/><D74/><U45/><E6/><V128/><F38/><W120/><G41/><T129/><D79/><U83/><E67/><V32/><F72/><W99/><G7/><T108/><D0/><U101/><E70/><V71/><F71/><W20/><G20/><T19/><D102/><U98/><E81/><V15/><F125/><N who="3" m="48235" /><G120/><T56/><D129/><N who="2" m="49770" /><F5/><W2/><G2/><T95/><D108/><U96/><E96/><N who="2" m="59399" /><F66/><W61/><G78/><T43/><D43/><U93/><E24/><V122/><F122/><W134/><G99/><T30/><D35/><U11/><E75/><V89/><F89/><W58/><G134/><T37/><D37/><U64/><E64/><V14/><F59/><W12/><G12/><T65/><D121/><U111/><E111/><V42/><F13/><W131/><G131/><T82/><D123/><U9/><E73/><V17/><F17/><W132/><G132/><T109/><D109/><U127/><E127/><V54/><F42/><W46/><G46/><T29/><D57/><U118/><E118/><V34/><F34/><W63/><G63/><T39/><D39/><U55/><E77/><V62/><F62/><W3/><G3/><T4/><D4/><U105/><E18/><V86/><F86/><W8/><G8/><T53/><D19/><U110/><E110/><V49/><F54/><W36/><G36/><T133/><D53/><U40/><E55/><V10/><F10/><W88/><G90/><N who="0" m="51479" /><D133/><U107/><E40/><V16/><F16/><RYUUKYOKU ba="0,0" sc="240,0,79,0,444,0,237,0" hai0="22,23,29,30,31,56,60,65,91,95" hai1="9,11,44,45,80,83,93,94,97,98,101,105,107" hai2="14,15,25,28,32,49,51" hai3="52,58,61,85,88,104,106,112,113,114" /><INIT seed="4,1,0,4,5,128" ten="240,79,444,237" oya="0" hai0="133,87,126,43,34,29,0,63,135,124,42,107,70" hai1="2,112,99,27,89,11,24,95,22,62,60,96,93" hai2="105,45,134,101,47,120,104,8,59,132,106,122,57" hai3="69,85,86,118,41,36,44,53,76,121,49,37,84"/><T16/><D0/><U7/><E112/><V5/><F101/><W115/><G118/><T23/><D107/><U52/><E27/><V6/><F106/><W3/><G115/><T75/><D75/><U61/><E95/><V119/><REACH who="2" step="1"/><F8/><REACH who="2" ten="240,79,434,237" step="2"/><W97/><G121/><T130/><D130/><U1/><E1/><V98/><F98/><W33/><G3/><T18/><D126/><U4/><E99/><V48/><F48/><W92/><G36/><T25/><D124/><U19/><REACH who="1" step="1"/><E7/><REACH who="1" ten="240,69,434,237" step="2"/><V54/><F54/><AGARI ba="1,2" hai="2,4,11,19,22,24,52,54,60,61,62,89,93,96" machi="54" ten="40,8000,1" yaku="1,1,2,1,54,1,53,1" doraHai="128" doraHaiUra="90" who="1" fromWho="2" sc="240,0,69,103,434,-83,237,0" /><INIT seed="5,0,0,0,0,1" ten="240,172,351,237" oya="1" hai0="26,12,8,97,55,21,88,13,115,103,78,94,9" hai1="58,10,46,126,59,34,48,125,19,60,76,22,64" hai2="112,7,49,65,4,96,33,32,36,85,95,27,113" hai3="118,15,84,135,131,83,93,51,6,16,99,14,92"/><U106/><E34/><V114/><F36/><W39/><G39/><T75/><D115/><U120/><E120/><V108/><F108/><W11/><G135/><T73/><D73/><U50/><E106/><V82/><F65/><W124/><G124/><T5/><D55/><U107/><E107/><V109/><F109/><W24/><G131/><T128/><D128/><U37/><E76/><N who="2" m="46279" /><F49/><N who="1" m="19049" /><E10/><V104/><F104/><W71/><G71/><T63/><D63/><N who="1" m="38007" /><E22/><V110/><F110/><W28/><G118/><T90/><D78/><U116/><E19/><V119/><F119/><W2/><G2/><T77/><D77/><U101/><E101/><N who="2" m="60575" /><F33/><W17/><G28/><AGARI ba="0,0" hai="4,7,27,28,32,112,113,114" m="60575,46279" machi="28" ten="30,7700,0" yaku="15,1,11,1,52,2" doraHai="1" who="2" fromWho="3" sc="240,0,172,0,351,77,237,-77" /><INIT seed="6,0,0,5,0,22" ten="240,172,428,160" oya="2" hai0="43,53,83,99,107,54,23,6,134,124,110,130,2" hai1="64,20,70,104,95,80,133,25,68,128,93,21,113" hai2="16,117,135,7,18,67,114,29,72,75,28,73,1" hai3="30,32,40,41,10,87,44,66,31,13,122,123,119"/><V11/><F117/><W15/><G119/><T42/><D110/><U51/><E104/><V106/><F106/><W115/><G66/><T88/><D134/><U55/><E113/><V94/><F135/><W102/><G115/><T50/><D130/><U103/><E133/><V125/><F114/><W3/><G3/><T120/><D120/><U98/><E128/><V19/><F125/><W60/><G60/><T78/><D124/><U96/><E80/><V108/><F108/><W0/><G0/><T71/><D71/><U39/><E39/><V56/><F94/><W74/><G74/><T127/><D127/><U79/><E79/><V5/><F7/><W48/><G102/><T62/><D62/><U59/><E20/><V112/><F112/><W24/><G31/><T14/><D2/><U89/><REACH who="1" step="1"/><E64/><REACH who="1" ten="240,162,428,160" step="2"/><V97/><F67/><W81/><G122/><T82/><D82/><U118/><E118/><V90/><F72/><W116/><G123/><T101/><D83/><U12/><E12/><V121/><F73/><W69/><G116/><T132/><D78/><U38/><E38/><V46/><F75/><W111/><G111/><T76/><D76/><U52/><E52/><V65/><F121/><W100/><G15/><T47/><D132/><U129/><E129/><V131/><F131/><W26/><G13/><T77/><D77/><U63/><E63/><V91/><F65/><W9/><G32/><T61/><D61/><U27/><E27/><V86/><F1/><W126/><G26/><T49/><D14/><U58/><E58/><V105/><F56/><W57/><G126/><RYUUKYOKU ba="0,1" sc="240,-10,162,30,428,-10,160,-10" hai1="21,25,51,55,59,68,70,89,93,95,96,98,103" /><INIT seed="7,1,1,2,1,57" ten="230,192,418,150" oya="3" hai0="135,46,39,32,48,116,64,24,68,88,55,106,21" hai1="81,7,50,56,133,40,25,26,19,134,83,132,101" hai2="74,17,69,127,23,117,103,42,44,94,86,31,27" hai3="63,16,95,115,61,85,43,126,128,109,28,122,119"/><W41/><G119/><T77/><D116/><U120/><E120/><V45/><F117/><W99/><G122/><T131/><D32/><U73/><E7/><V108/><F74/><W8/><G115/><T49/><D135/><U113/><E113/><V102/><F108/><W22/><G109/><T84/><D106/><U72/><E101/><N who="2" m="38411" /><F69/><W60/><G126/><T0/><D0/><U38/><E38/><V3/><F3/><W65/><G65/><T53/><D39/><U66/><E40/><N who="3" m="15434" /><G128/><T67/><D77/><N who="1" m="44199" /><E19/><V78/><F127/><W100/><G85/><T9/><D9/><U1/><E1/><V6/><F6/><W96/><G96/><T76/><D76/><N who="1" m="44431" /><E50/><N who="2" m="26903" /><F45/><W58/><G8/><T123/><D123/><U30/><E30/><V105/><F105/><W35/><G35/><T51/><D51/><U89/><E89/><N who="2" m="53559" /><F78/><W29/><G58/><T91/><D49/><U52/><E52/><V92/><F31/><W15/><AGARI ba="1,1" hai="15,16,22,28,29,60,61,63,95,99,100" m="15434" machi="15" ten="30,12000,1" yaku="8,1,52,3,54,1" doraHai="57" who="3" fromWho="3" sc="230,-41,192,-41,418,-41,150,133" /><INIT seed="7,2,0,2,4,11" ten="189,151,377,283" oya="3" hai0="5,131,62,83,63,31,36,123,81,40,60,107,135" hai1="23,66,32,2,106,24,50,103,128,115,71,88,43" hai2="93,41,119,122,68,126,28,64,117,79,95,80,0" hai3="73,87,6,54,30,70,16,78,101,118,18,112,99"/><W20/><G118/><T26/><D123/><U84/><E2/><V132/><F122/><W7/><G73/><T111/><D111/><U9/><E115/><V45/><F0/><W91/><G70/><T133/><D107/><U59/><E128/><V4/><F132/><N who="0" m="50762" /><D5/><U69/><E32/><V29/><F126/><W44/><G78/><T89/><D89/><U72/><E72/><V58/><F68/><W19/><G112/><T53/><D53/><U86/><E86/><V105/><F105/><W27/><G99/><T116/><D116/><U56/><E103/><V98/><F4/><W114/><G101/><T74/><D74/><U42/><E106/><V22/><F93/><N who="3" m="54527" /><G114/><T52/><D131/><U49/><E69/><V39/><F29/><W100/><G100/><T35/><D52/><N who="1" m="31759" /><E71/><V102/><F45/><AGARI ba="2,0" hai="26,31,35,36,40,45,60,62,63,81,83" m="50762" machi="45" ten="30,1000,0" yaku="20,1" doraHai="11" who="0" fromWho="2" sc="189,16,151,0,377,-16,283,0" owari="205,-19.0,151,-35.0,361,46.0,283,8.0" /></mjloggm>