<mjloggm ver="2.3"><GO type="169" lobby="0"/><UN n0="%E3%82%AB%E3%83%B3%E3%83%80%E3%82%BF" n1="%E3%83%88%E3%83%88%E3%83%AA%E5%85%88%E7%94%9F%31%39%E6%AD%B3" n2="%E3%83%92%E3%83%AB%E3%83%99%E3%83%AB%E3%83%88" n3="%E6%A1%9C%E4%BA%95%E3%81%95%E3%82%93" dan="17,18,17,17" rate="2123.73,2266.83,2166.97,2162.39" sx="M,F,M,M"/><TAIKYOKU oya="0"/><INIT seed="0,0,0,5,0,69" ten="250,250,250,250" oya="0" hai0="81,22,7,11,124,93,58,61,127,16,6,14,101" hai1="5,50,78,36,31,37,63,82,25,117,60,9,135" hai2="43,100,123,13,119,89,132,29,98,0,21,97,68" hai3="51,105,15,24,30,52,23,92,67,104,114,87,32"/><T8/><D81/><U110/><E117/><V75/><F68/><W71/><G114/><T131/><D131/><U134/><E50/><V113/><F0/><W76/><G71/><T54/><D101/><U26/><E110/><V18/><F123/><W88/><G67/><T62/><D93/><U103/><E103/><V56/><F75/><W90/><G76/><T3/><REACH who="0" step="1"/><D62/><REACH who="0" ten="240,250,250,250" step="2"/><U85/><E60/><V10/><F113/><W4/><G90/><T73/><D73/><U19/><E63/><V46/><F119/><W45/><REACH who="3" step="1"/><G23/><REACH who="3" ten="240,250,250,240" step="2"/><T49/><D49/><U27/><E78/><V107/><F89/><W94/><G94/><T59/><D59/><U99/><E82/><V42/><F100/><W17/><G17/><T80/><D80/><U91/><E19/><V128/><F56/><W79/><G79/><T102/><D102/><U38/><E91/><V65/><F18/><W121/><G121/><T72/><D72/><U53/><E37/><V112/><F21/><W129/><G129/><T77/><D77/><U20/><E38/><V64/><F128/><W41/><G41/><T1/><AGARI ba="0,2" hai="1,3,6,7,8,11,14,16,22,54,58,61,124,127" machi="1" ten="30,11700,0" yaku="1,1,0,1,9,1,54,1,53,0" doraHai="69" doraHaiUra="125" who="0" fromWho="0" sc="240,137,250,-39,250,-39,240,-39" /><INIT seed="0,1,0,1,1,116" ten="377,211,211,201" oya="0" hai0="16,93,91,29,109,130,123,2,31,53,70,88,45" hai1="128,76,101,124,55,92,75,1,59,99,134,85,34" hai2="40,13,52,79,49,47,96,67,104,12,51,126,48" hai3="66,20,119,68,86,71,95,74,107,78,38,35,61"/><T73/><D73/><U23/><E34/><V60/><F126/><W37/><G35/><T25/><D2/><U56/><E1/><V102/><F79/><W14/><G119/><T83/><D70/><U127/><E128/><V80/><F80/><W81/><G71/><T33/><D123/><U120/><E134/><V46/><REACH who="2" step="1"/><F49/><REACH who="2" ten="377,211,201,201" step="2"/><W28/><G81/><T103/><D83/><U94/><E76/><V42/><F42/><W105/><G78/><T27/><D130/><U9/><E127/><V98/><F98/><W125/><G125/><T114/><D114/><U43/><E43/><V115/><F115/><W58/><G38/><T65/><D109/><U113/><E99/><V97/><F97/><W26/><G37/><T84/><D103/><U21/><E101/><V108/><F108/><W135/><G135/><T64/><D91/><U129/><E124/><V54/><F54/><W90/><G74/><T11/><D53/><U122/><E55/><V4/><F4/><W36/><G36/><T41/><D41/><U10/><E75/><V132/><F132/><W133/><G133/><T87/><D87/><U69/><E85/><V22/><F22/><W77/><G77/><T131/><D131/><U8/><E129/><V24/><F24/><W121/><G90/><T112/><D112/><U19/><E113/><V111/><F111/><W6/><G86/><T106/><D84/><U50/><E50/><V82/><F82/><W57/><G20/><T3/><D88/><U18/><E8/><V110/><F110/><W5/><G26/><T72/><D11/><U89/><E89/><RYUUKYOKU ba="1,1" sc="377,-15,211,15,201,15,201,-15" hai1="9,10,18,19,21,23,56,59,69,92,94,120,122" hai2="12,13,40,46,47,48,51,52,60,67,96,102,104" /><INIT seed="1,2,1,2,5,131" ten="362,226,216,186" oya="1" hai0="128,48,103,119,65,37,96,92,44,2,79,43,1" hai1="19,23,71,125,29,60,89,72,24,111,110,86,78" hai2="13,5,26,4,52,134,98,41,51,42,38,122,132" hai3="133,69,80,120,50,45,25,11,90,7,117,17,127"/><U59/><E71/><V22/><F122/><W67/><G120/><T129/><D119/><U112/><E112/><V73/><F73/><W97/><G117/><T124/><D124/><U81/><E125/><V100/><F38/><W109/><G127/><T16/><D79/><U57/><E29/><V95/><F5/><W113/><G113/><T54/><D65/><U107/><E107/><V49/><F4/><W39/><G39/><T75/><D75/><U62/><E59/><V83/><F83/><W66/><G109/><N who="1" m="41482" /><E57/><N who="2" m="32911" /><F13/><W56/><G56/><T15/><D37/><U94/><AGARI ba="2,1" hai="19,23,24,60,62,72,78,81,86,89,94" m="41482" machi="94" ten="30,3000,0" yaku="14,1,10,1" doraHai="131" who="1" fromWho="1" sc="362,-12,226,46,216,-12,186,-12" /><INIT seed="1,3,0,4,5,87" ten="350,272,204,174" oya="1" hai0="108,134,60,51,35,109,128,88,94,32,37,18,122" hai1="57,132,3,82,26,78,77,67,58,39,50,63,49" hai2="66,23,85,83,118,24,90,52,120,105,19,6,130" hai3="30,16,42,75,123,41,92,93,34,4,28,72,8"/><U99/><E39/><V116/><F105/><W54/><G123/><T79/><D37/><U10/><E132/><V107/><F107/><W47/><G54/><T43/><D134/><U98/><E3/><V9/><F130/><W125/><G125/><T103/><D128/><U119/><E119/><V12/><F120/><W73/><G41/><T95/><D79/><N who="1" m="30219" /><E82/><V29/><F66/><W2/><G16/><T36/><D36/><U55/><E10/><V0/><REACH who="2" step="1"/><F52/><REACH who="2" ten="350,272,194,174" step="2"/><W48/><G42/><T100/><D43/><U31/><E50/><V59/><F59/><W96/><G48/><T33/><D51/><U127/><E127/><V124/><F124/><W97/><G47/><T74/><D122/><U11/><E11/><AGARI ba="3,1" hai="0,6,9,11,12,19,23,24,29,83,85,90,116,118" machi="11" ten="30,8000,1" yaku="1,1,7,1,52,1,53,2" doraHai="87" doraHaiUra="5" who="2" fromWho="1" sc="350,0,272,-89,194,99,174,0" /><INIT seed="2,0,0,1,3,117" ten="350,183,293,174" oya="2" hai0="83,5,118,98,93,101,48,60,55,116,130,73,54" hai1="70,76,21,27,13,115,91,63,59,10,122,71,74" hai2="81,125,49,41,95,108,78,66,87,107,110,86,35" hai3="33,12,19,75,104,2,57,36,40,0,96,30,46"/><V38/><F35/><W135/><G75/><T114/><D114/><U18/><E115/><V119/><F38/><W79/><G79/><T120/><D130/><U43/><E43/><V56/><F107/><W77/><G77/><T65/><D5/><U69/><E91/><V29/><F119/><N who="0" m="45610" /><D120/><U129/><E129/><V37/><F29/><W24/><G135/><T99/><D48/><U47/><E47/><V100/><F125/><W113/><G113/><T80/><D98/><U15/><E15/><V34/><F34/><W68/><G68/><N who="0" m="42023" /><D73/><U1/><E1/><V28/><F28/><W97/><G57/><T44/><D44/><U123/><E76/><V82/><F37/><W109/><G96/><T134/><D134/><U131/><E74/><V106/><F41/><W103/><REACH who="3" step="1"/><G109/><REACH who="3" ten="350,183,293,164" step="2"/><T3/><D3/><U132/><E132/><V90/><F56/><W102/><G102/><T51/><D51/><U112/><E112/><V94/><F49/><W22/><AGARI ba="0,1" hai="0,2,12,19,22,24,30,33,36,40,46,97,103,104" machi="22" ten="20,2700,0" yaku="1,1,0,1,7,1,53,0" doraHai="117" doraHaiUra="4" who="3" fromWho="3" sc="350,-7,183,-7,293,-13,164,37" /><INIT seed="3,0,0,5,2,122" ten="343,176,280,201" oya="3" hai0="40,48,76,118,35,38,120,20,43,3,55,32,94" hai1="19,82,60,87,33,125,44,8,66,28,108,113,25" hai2="29,23,126,86,45,7,107,130,24,27,132,69,9" hai3="16,56,52,34,49,67,65,13,70,112,98,127,68"/><W58/><G112/><T11/><D118/><U12/><E113/><V103/><F126/><W114/><G114/><T134/><D120/><U26/><E125/><V36/><F69/><W84/><G127/><T73/><D134/><U53/><E26/><V117/><F117/><W22/><G34/><T61/><D61/><U39/><E39/><V37/><F132/><W79/><G68/><T96/><D73/><U131/><E131/><V83/><F130/><W128/><G70/><T80/><D3/><U51/><E60/><V110/><F45/><W91/><G128/><T124/><D11/><U62/><E62/><V0/><F110/><W50/><G79/><T101/><D20/><U54/><E54/><V119/><F119/><W95/><G98/><T115/><D115/><U102/><E102/><V30/><F107/><W100/><G100/><T14/><D14/><U90/><REACH who="1" step="1"/><E108/><REACH who="1" ten="343,166,280,201" step="2"/><V15/><F103/><W129/><G129/><T47/><D124/><U18/><E18/><V71/><F36/><W105/><G105/><T64/><D64/><AGARI ba="0,1" hai="8,12,19,25,28,33,44,51,53,64,66,82,87,90" machi="64" ten="40,5200,0" yaku="1,1,25,2,53,0" doraHai="122" doraHaiUra="93" who="1" fromWho="0" sc="343,-52,166,62,280,0,201,0" /><INIT seed="4,0,0,4,5,25" ten="291,228,280,201" oya="0" hai0="76,46,66,118,40,14,110,63,86,45,50,111,77" hai1="133,107,100,99,32,9,68,120,95,38,125,43,54" hai2="93,60,0,91,102,56,124,130,52,20,129,58,27" hai3="127,121,122,34,2,87,4,67,47,3,29,6,55"/><T89/><D118/><U48/><E120/><N who="3" m="46186" /><G67/><T84/><D14/><U98/><E68/><V115/><F0/><N who="3" m="43" /><G87/><T85/><D89/><U88/><E133/><V73/><F73/><W5/><G47/><T131/><D46/><U96/><E125/><V21/><F124/><W70/><G70/><T23/><D131/><N who="2" m="50186" /><F115/><W114/><G55/><T101/><D23/><N who="2" m="8778" /><F27/><N who="3" m="18751" /><G127/><T28/><D101/><U82/><E38/><V80/><F80/><W8/><G114/><T13/><D76/><U30/><E43/><V41/><F41/><W126/><G126/><T97/><D77/><U90/><E82/><V37/><F102/><W7/><G7/><T113/><D113/><U72/><E72/><V119/><F37/><W78/><G78/><T53/><D40/><U117/><E98/><N who="2" m="57663" /><F58/><W135/><G135/><T19/><D97/><U22/><E54/><V103/><F103/><W104/><G104/><T83/><D53/><U105/><E48/><V92/><F92/><W44/><G44/><T62/><D45/><U17/><E105/><V112/><F112/><W71/><G71/><T57/><D83/><U16/><E90/><V109/><F119/><W26/><G26/><T128/><D128/><U75/><E117/><V24/><F24/><W132/><G132/><T42/><D42/><U64/><E107/><V51/><F51/><W36/><G36/><T94/><D50/><U35/><E100/><V1/><F52/><W81/><G81/><T74/><D94/><U108/><E95/><V18/><F60/><N who="0" m="23082" /><D74/><U15/><E75/><V11/><F56/><W33/><G33/><N who="1" m="12874" /><E99/><V69/><F69/><RYUUKYOKU ba="0,0" sc="291,-10,228,-10,280,-10,201,30" hai3="4,5,6,8" /><INIT seed="5,1,0,3,0,96" ten="281,218,270,231" oya="1" hai0="19,31,85,130,5,63,73,65,108,21,75,68,87" hai1="79,69,61,11,49,97,12,105,94,106,36,124,123" hai2="41,92,27,60,101,126,84,15,64,46,17,55,88" hai3="58,104,90,56,116,20,99,121,117,110,43,50,80"/><U89/><E123/><V37/><F126/><W51/><G110/><T109/><D31/><U118/><E118/><N who="3" m="45674" /><G121/><T33/><D33/><U100/><E36/><V16/><F55/><W22/><G80/><T74/><D5/><U29/><E124/><V26/><F101/><N who="3" m="62527" /><G90/><T14/><D130/><U52/><E29/><V125/><F125/><W54/><G58/><T76/><D76/><U57/><E79/><V0/><F0/><W128/><G128/><T18/><D85/><U132/><E132/><V111/><F111/><W44/><AGARI ba="1,0" hai="20,22,43,44,50,51,54,56" m="62527,45674" machi="44" ten="30,2000,0" yaku="12,1,52,1" doraHai="96" who="3" fromWho="3" sc="281,-6,218,-11,270,-6,231,23" /><INIT seed="6,0,0,2,2,86" ten="275,207,264,254" oya="2" hai0="132,30,64,33,115,128,117,47,120,39,118,83,112" hai1="97,32,8,16,38,67,109,58,48,2,127,27,110" hai2="119,80,89,11,92,70,59,69,108,75,55,93,28" hai3="42,54,40,65,18,21,62,90,5,14,104,46,10"/><V107/><F107/><W57/><G104/><T76/><D120/><U0/><E38/><V29/><F119/><N who="0" m="45578" /><D128/><U50/><E67/><V94/><F11/><W131/><G131/><T51/><D132/><U1/><E97/><V56/><F75/><W19/><G19/><T114/><D64/><U96/><E96/><V36/><F36/><W124/><G124/><T24/><D39/><U101/><E101/><V106/><F106/><W66/><G42/><N who="0" m="25079" /><D83/><U121/><E48/><V113/><F113/><W35/><G35/><T126/><D76/><U100/><E100/><V49/><F108/><N who="1" m="41577" /><E58/><V68/><F56/><W125/><G125/><AGARI ba="0,0" hai="24,30,33,112,114,115,125,126" m="25079,45578" machi="125" ten="40,2600,0" yaku="15,1,12,1" doraHai="86" who="0" fromWho="3" sc="275,26,207,0,264,0,254,-26" /><INIT seed="7,0,0,3,1,123" ten="301,207,264,228" oya="3" hai0="93,17,72,23,128,34,28,95,87,65,3,50,104" hai1="40,7,27,100,75,63,52,107,42,25,44,57,110" hai2="8,89,39,111,82,61,11,91,55,20,38,9,45" hai3="29,132,54,69,115,81,135,109,118,86,101,62,117"/><W76/><G29/><T21/><D128/><U64/><E75/><V19/><F111/><W60/><G69/><T106/><D72/><U97/><E110/><V92/><F82/><W85/><G109/><T53/><D3/><U58/><E7/><V84/><F91/><W83/><G54/><T74/><D74/><U66/><E42/><V46/><F38/><W119/><G115/><T120/><D120/><U99/><E99/><V77/><F77/><W96/><G60/><T79/><D65/><U31/><E58/><N who="2" m="35039" /><F39/><W124/><G62/><T121/><D34/><U43/><E43/><V108/><F108/><W14/><G14/><AGARI ba="0,0" hai="8,9,11,14,19,20,45,46,84,89,92" m="35039" machi="14" ten="30,1000,0" yaku="8,1" doraHai="123" who="2" fromWho="3" sc="301,0,207,0,264,10,228,-10" owari="301,40.0,207,-29.0,274,7.0,218,-18.0" /></mjloggm>