<mjloggm ver="2.3"><GO type="169" lobby="0"/><UN n0="%E3%83%88%E3%83%88%E3%83%AA%E5%85%88%E7%94%9F%31%39%E6%AD%B3" n1="%54%4C%49%43%30%33" n2="%38%37%73%65%66" n3="%E8%B2%BF%E6%98%93" dan="19,16,17,17" rate="2288.83,2100.22,2171.17,2217.10" sx="F,M,M,M"/><TAIKYOKU oya="0"/><INIT seed="0,0,0,4,5,95" ten="250,250,250,250" oya="0" hai0="126,65,133,41,105,121,131,82,74,112,100,55,31" hai1="124,113,14,130,104,6,81,34,13,79,134,99,59" hai2="49,50,72,46,20,22,42,92,76,115,38,116,71" hai3="70,89,98,30,29,122,0,109,102,120,132,114,111"/><T47/><D112/><U53/><E34/><V36/><F71/><W58/><G70/><T21/><D131/><U96/><E104/><V64/><F64/><W37/><G37/><T3/><D3/><U88/><E130/><V39/><F115/><W54/><G89/><T94/><D133/><U83/><E113/><V63/><F63/><N who="3" m="36311" /><G0/><T135/><D135/><U73/><E134/><V12/><F12/><W118/><G114/><T57/><D121/><N who="3" m="46697" /><G118/><T127/><D105/><U128/><E124/><N who="0" m="47657" /><D65/><U87/><E128/><V26/><F116/><W108/><G132/><T9/><D9/><U77/><E77/><V25/><F76/><W11/><G11/><T119/><D119/><U18/><E13/><V16/><F72/><W35/><G35/><T2/><D2/><U4/><E4/><V66/><F66/><W129/><G129/><T7/><D7/><U69/><E6/><V86/><F50/><W8/><G8/><T60/><D82/><U33/><E33/><V93/><REACH who="2" step="1"/><F86/><REACH who="2" ten="250,250,240,250" step="2"/><W1/><G1/><T117/><D74/><U5/><E69/><V56/><F56/><W44/><G44/><T84/><D84/><N who="1" m="50207" /><E73/><V67/><F67/><W106/><AGARI ba="0,1" hai="29,30,98,102,106,108,109,111" m="46697,36311" machi="106" ten="40,5200,0" yaku="14,1,13,1,52,1" doraHai="95" who="3" fromWho="3" sc="250,-26,250,-13,240,-13,250,62" /><INIT seed="1,0,0,1,0,53" ten="224,237,227,312" oya="1" hai0="11,9,48,32,75,61,134,47,92,18,0,103,23" hai1="26,4,68,129,12,108,127,30,111,69,102,87,125" hai2="21,99,2,67,96,20,133,19,91,51,45,89,78" hai3="57,17,131,82,101,135,46,38,41,10,104,42,94"/><U79/><E102/><V95/><F2/><W130/><G104/><T107/><D32/><U29/><E129/><N who="3" m="49162" /><G135/><T28/><D75/><U70/><E4/><V25/><F133/><W49/><G82/><T14/><D107/><U122/><E122/><V27/><F78/><W114/><G114/><T63/><D134/><U119/><E119/><V81/><F67/><W66/><G101/><T37/><D37/><U55/><E12/><V52/><F81/><W117/><G117/><T56/><D61/><U73/><E87/><V16/><F91/><W132/><G132/><T58/><D0/><U62/><E79/><V115/><F115/><W93/><G42/><N who="0" m="24695" /><D63/><U98/><E98/><AGARI ba="0,0" hai="16,19,20,21,25,27,45,51,52,89,95,96,98,99" machi="98" ten="30,8000,1" yaku="7,1,9,1,8,1,54,2" doraHai="53" who="2" fromWho="1" sc="224,0,237,-80,227,80,312,0" /><INIT seed="2,0,0,5,1,111" ten="224,157,307,312" oya="2" hai0="113,130,122,29,30,100,102,64,77,26,98,42,89" hai1="106,7,90,20,117,10,107,35,37,99,69,132,70" hai2="133,24,66,86,50,135,5,105,13,33,108,31,44" hai3="128,95,55,85,4,67,27,82,78,126,9,1,96"/><V134/><F105/><W79/><G128/><T40/><D122/><U2/><E117/><V48/><F108/><W34/><G126/><T118/><D118/><U94/><E35/><V110/><F110/><W47/><G67/><T87/><D130/><U8/><E37/><V17/><F66/><W73/><G34/><T45/><D113/><U15/><E132/><V88/><F5/><W63/><G27/><T19/><D77/><U81/><E20/><V104/><F104/><W58/><G47/><T125/><D125/><U0/><E107/><V11/><REACH who="2" step="1"/><F44/><REACH who="2" ten="224,157,297,312" step="2"/><W28/><G28/><T127/><D64/><U43/><E106/><V103/><F103/><W22/><G22/><N who="0" m="13663" /><D100/><U21/><E21/><V25/><F25/><W57/><G57/><T74/><D127/><U46/><E46/><V75/><F75/><W116/><G116/><T115/><D74/><U53/><E70/><V14/><F14/><W23/><G23/><T101/><D101/><U68/><E69/><V61/><F61/><W120/><G120/><T52/><D29/><U72/><E68/><V16/><F16/><W131/><G131/><T65/><D65/><U124/><E124/><V49/><F49/><W109/><G109/><T84/><D30/><U41/><E72/><V12/><F12/><N who="3" m="5159" /><G73/><T123/><D123/><U39/><E15/><V114/><F114/><W51/><G63/><T91/><D115/><U60/><E60/><V119/><F119/><W83/><G1/><T54/><D45/><U129/><E2/><V6/><F6/><W59/><G51/><T92/><D102/><U71/><E0/><RYUUKYOKU ba="0,1" sc="224,-10,157,-10,297,30,312,-10" hai2="11,13,17,24,31,33,48,50,86,88,133,134,135" /><INIT seed="2,1,1,2,3,13" ten="214,147,327,302" oya="2" hai0="72,115,18,27,47,123,12,51,49,135,16,37,114" hai1="126,84,6,99,7,50,100,62,26,77,45,28,41" hai2="113,96,132,36,110,129,117,82,76,31,58,68,89" hai3="90,4,39,88,91,3,5,42,102,52,48,10,44"/><V98/><F113/><W118/><G118/><T109/><D123/><U71/><E126/><V95/><F68/><W20/><G102/><T2/><D2/><U25/><E26/><V103/><F36/><W60/><G5/><T0/><D0/><U83/><E62/><V85/><F117/><W121/><G121/><T78/><D37/><U56/><E56/><V86/><F31/><W32/><G32/><T23/><D109/><U55/><E55/><V53/><F129/><W1/><G60/><T79/><D135/><U134/><E71/><V120/><F120/><W34/><G34/><T22/><D51/><U59/><E59/><V67/><F67/><W70/><G70/><T112/><REACH who="0" step="1"/><D72/><REACH who="0" ten="204,147,327,302" step="2"/><U116/><E134/><V94/><F132/><W128/><G1/><T69/><D69/><U107/><REACH who="1" step="1"/><E116/><REACH who="1" ten="204,137,327,302" step="2"/><V9/><F110/><W38/><G42/><AGARI ba="1,3" hai="12,16,18,22,23,27,42,47,49,78,79,112,114,115" machi="42" ten="40,8000,1" yaku="1,1,52,2,54,1,53,0" doraHai="13" doraHaiUra="130" who="0" fromWho="3" sc="204,113,137,0,327,0,302,-83" /><INIT seed="3,0,0,5,3,34" ten="317,137,327,219" oya="3" hai0="49,39,31,109,5,6,53,73,25,29,27,37,44" hai1="4,112,75,87,82,58,40,30,88,60,107,102,131" hai2="8,77,19,101,21,1,68,106,96,129,62,38,26" hai3="28,94,98,71,127,70,130,95,111,67,114,13,104"/><W23/><G114/><T119/><D119/><U24/><E112/><V10/><F38/><W66/><G127/><T54/><D73/><U132/><E132/><V2/><F129/><W65/><G130/><T134/><D109/><U35/><E131/><V47/><F47/><W18/><G111/><T79/><D79/><U123/><E123/><V93/><F77/><W50/><G104/><T7/><D134/><U92/><E40/><V42/><F42/><W17/><G28/><N who="0" m="10827" /><D39/><U116/><E116/><V22/><F93/><W110/><G110/><T14/><D37/><U51/><E4/><N who="0" m="1641" /><D54/><U43/><E43/><V113/><F21/><W105/><G105/><T128/><D128/><U11/><E11/><AGARI ba="0,0" hai="7,11,14,25,27,44,49,53" m="1641,10827" machi="11" ten="30,1000,0" yaku="8,1" doraHai="34" who="0" fromWho="1" sc="317,10,137,-10,327,0,219,0" /><INIT seed="4,0,0,5,5,119" ten="327,127,327,219" oya="0" hai0="111,73,13,124,22,120,80,97,118,42,74,56,122" hai1="65,70,15,26,49,62,83,3,117,17,59,46,37" hai2="23,126,41,48,53,105,61,18,47,129,58,87,11" hai3="109,84,112,125,24,100,131,21,4,104,64,135,67"/><T81/><D42/><U113/><E3/><V12/><F105/><W54/><G109/><T14/><D118/><U128/><E117/><V1/><F126/><W92/><G125/><T85/><D124/><U94/><E128/><V69/><F129/><W40/><G131/><T8/><D56/><U101/><E26/><V121/><F69/><W78/><G104/><T99/><D22/><U19/><E113/><V57/><F121/><N who="0" m="46698" /><D8/><U132/><E83/><N who="0" m="31817" /><D85/><U60/><E15/><N who="0" m="5641" /><D111/><U89/><E101/><V5/><F87/><W123/><G21/><T6/><D6/><U133/><E19/><V55/><F58/><W115/><G4/><T51/><D51/><U63/><E17/><V76/><F76/><W35/><G40/><T71/><D71/><U28/><E28/><V75/><F75/><AGARI ba="0,0" hai="73,74,75,97,99" m="5641,31817,46698" machi="75" ten="40,12000,1" yaku="28,2,52,3" doraHai="119" who="0" fromWho="2" sc="327,120,127,0,327,-120,219,0" /><INIT seed="4,1,0,0,2,126" ten="447,127,207,219" oya="0" hai0="12,96,78,124,46,1,31,17,47,115,10,25,112" hai1="33,59,73,16,107,37,49,67,15,66,123,68,82" hai2="101,103,108,20,132,100,63,104,109,77,39,129,120" hai3="53,75,28,95,61,3,58,133,0,125,74,106,83"/><T97/><D124/><U110/><E123/><V76/><F39/><W127/><G106/><T105/><D78/><N who="2" m="30314" /><F20/><W6/><G83/><T121/><D121/><U116/><E110/><N who="2" m="42603" /><F63/><W50/><G28/><T128/><D1/><N who="3" m="585" /><G6/><T56/><D56/><U36/><E116/><V45/><F45/><W48/><G95/><T57/><D57/><U54/><E33/><V122/><F132/><W55/><G61/><T30/><D12/><U35/><E35/><V89/><F104/><W44/><G127/><T72/><D105/><U34/><E34/><V64/><F64/><W32/><G32/><T24/><D17/><U85/><E107/><V131/><F89/><W91/><G91/><T65/><D65/><U135/><E135/><V8/><F8/><W2/><G125/><T94/><D10/><U134/><E134/><V90/><F90/><W21/><G133/><T118/><D31/><U19/><E67/><V93/><F93/><W52/><G58/><T98/><D94/><U71/><E19/><V29/><F29/><W41/><G21/><T88/><D30/><U60/><E68/><V111/><N who="2" m="42611" /><V69/><DORA hai="14" /><F69/><W43/><N who="3" m="593" /><W51/><DORA hai="99" /><G44/><T113/><D88/><U22/><REACH who="1" step="1"/><E73/><AGARI ba="1,0" hai="41,43,48,50,51,52,53,55,73,74,75" m="593" machi="73" ten="50,6400,0" yaku="28,2,54,1" doraHai="126,14,99" who="3" fromWho="1" sc="447,0,127,-67,207,0,219,67" /><INIT seed="5,0,0,0,0,12" ten="447,60,207,286" oya="1" hai0="135,84,99,19,90,71,65,133,63,32,66,53,117" hai1="80,128,64,78,55,31,96,82,68,11,105,94,86" hai2="91,30,7,98,73,67,107,25,24,48,18,42,120" hai3="89,61,124,57,52,109,1,26,38,43,114,58,123"/><U41/><E128/><V74/><F7/><W125/><G1/><T5/><D117/><U116/><E116/><V127/><F120/><W69/><G109/><T0/><D32/><U111/><E105/><V104/><F67/><N who="3" m="41199" /><G26/><T13/><D99/><U85/><E111/><V36/><F36/><W8/><G8/><N who="0" m="2087" /><D53/><U113/><E113/><V115/><F42/><W77/><G89/><T28/><D28/><U88/><E41/><V76/><F127/><N who="3" m="48715" /><G77/><T95/><D63/><U93/><E55/><V119/><F74/><W92/><G92/><T4/><D4/><U9/><E31/><V110/><F48/><N who="3" m="30855" /><G58/><T87/><D87/><U118/><E118/><V60/><F91/><W126/><G126/><T22/><D71/><U108/><E108/><V27/><F110/><W112/><G123/><T46/><D84/><U81/><E94/><V59/><F119/><W45/><AGARI ba="0,0" hai="38,43,45,112,114" m="30855,48715,41199" machi="45" ten="30,8000,1" yaku="24,1,18,1,34,2,54,1" doraHai="12" who="3" fromWho="3" sc="447,-20,60,-40,207,-20,286,80" /><INIT seed="6,0,0,1,5,53" ten="427,20,187,366" oya="2" hai0="82,125,15,42,8,115,6,129,2,83,119,35,107" hai1="127,46,20,78,58,98,33,121,54,57,11,79,4" hai2="128,9,85,118,66,76,87,62,130,22,19,52,132" hai3="69,88,31,16,14,43,101,67,124,95,92,37,97"/><V133/><F118/><W36/><G124/><T55/><D107/><U105/><E33/><V17/><F9/><W24/><G43/><T10/><D35/><U23/><E127/><V86/><F76/><W41/><G41/><T27/><D125/><U113/><E113/><V72/><F72/><W70/><G37/><T109/><D109/><U93/><E105/><V18/><F22/><W13/><G36/><T47/><D115/><U3/><E121/><V75/><F75/><W73/><G73/><T61/><D129/><U111/><E111/><V45/><F66/><W117/><G117/><T44/><D27/><U25/><E20/><V106/><F106/><W90/><G67/><T51/><D119/><U60/><E57/><N who="2" m="35111" /><F45/><W108/><G108/><T102/><D10/><U34/><E46/><V104/><F104/><W0/><G0/><T110/><D47/><U126/><E34/><V100/><F100/><W120/><G120/><T94/><D2/><U80/><E126/><V32/><F32/><W12/><G31/><T63/><D110/><U131/><E131/><AGARI ba="0,0" hai="17,18,19,85,86,87,128,130,131,132,133" m="35111" machi="131" ten="40,7700,0" yaku="19,1,52,1,54,1" doraHai="53" who="2" fromWho="1" sc="427,0,20,-77,187,77,366,0" owari="427,53.0,-57,-56.0,264,-14.0,366,17.0" /></mjloggm>