<mjloggm ver="2.3"><GO type="169" lobby="0"/><UN n0="%73%69%72%6F%75%75%75" n1="%E3%82%A6%E3%83%AB%E3%83%88%E3%83%A9%E7%AB%8B%E7%9B%B4" n2="%6C%79%6F%6E%5F%30%38" n3="%E3%82%88%E3%81%97%E3%81%8E" dan="16,18,16,16" rate="2086.52,2229.68,2095.75,2172.59" sx="M,M,M,M"/><TAIKYOKU oya="0"/><INIT seed="0,0,0,2,2,12" ten="250,250,250,250" oya="0" hai0="24,76,32,28,38,115,41,97,101,7,56,117,55" hai1="15,51,6,88,37,72,133,8,46,79,87,33,82" hai2="95,10,16,85,132,99,93,90,110,4,80,48,109" hai3="45,20,54,92,128,42,52,50,121,122,89,0,14"/><T26/><D115/><U119/><E133/><V69/><F69/><W126/><G0/><T49/><D117/><U71/><E71/><V57/><F132/><W129/><G126/><T105/><D76/><U83/><E33/><V84/><F84/><N who="3" m="52263" /><G14/><T44/><D26/><U127/><E127/><V125/><F125/><W53/><G20/><T23/><REACH who="0" step="1"/><D7/><REACH who="0" ten="240,250,250,250" step="2"/><U31/><E119/><V107/><F4/><W96/><G96/><T86/><D86/><U34/><E34/><AGARI ba="0,1" hai="23,24,28,32,34,38,41,44,49,55,56,97,101,105" machi="34" ten="40,2000,0" yaku="1,1,53,0" doraHai="12" doraHaiUra="59" who="0" fromWho="1" sc="240,30,250,-20,250,0,250,0" /><INIT seed="0,1,0,4,1,108" ten="270,230,250,250" oya="0" hai0="57,81,53,15,133,127,63,123,37,48,40,32,28" hai1="117,115,59,97,82,36,122,3,104,75,124,31,4" hai2="8,49,13,35,10,85,98,12,114,21,65,69,77" hai3="120,58,111,34,19,132,87,26,62,129,118,84,42"/><T105/><D123/><U128/><RYUUKYOKU type="yao9" ba="1,0" sc="270,0,230,0,250,0,250,0" hai1="3,4,31,36,59,75,82,97,104,115,117,122,124,128" /><INIT seed="0,2,0,3,0,114" ten="270,230,250,250" oya="0" hai0="11,133,84,73,36,90,48,119,50,29,44,77,41" hai1="22,33,45,26,111,20,120,107,67,110,87,99,131" hai2="38,54,19,105,127,97,117,6,71,35,109,30,132" hai3="4,94,37,28,53,129,113,124,72,79,76,91,82"/><T14/><D133/><U21/><E120/><V7/><F71/><W85/><G113/><T23/><D73/><U134/><E67/><V115/><F38/><W126/><G37/><T51/><D77/><U69/><E69/><V32/><F115/><W70/><G70/><T55/><D119/><U106/><E131/><V8/><F105/><W81/><G4/><T135/><D135/><U100/><E134/><V16/><F132/><W34/><G53/><T75/><D75/><U65/><E65/><V74/><F97/><N who="3" m="57567" /><G28/><T10/><D29/><N who="1" m="19639" /><E45/><V39/><F74/><W93/><G34/><N who="2" m="12841" /><F54/><W122/><G129/><T52/><D23/><U5/><E5/><N who="2" m="1547" /><F39/><W88/><G122/><T3/><D3/><U64/><E64/><V43/><F43/><W102/><G102/><T60/><D60/><U89/><E100/><V118/><F30/><W78/><G72/><T59/><D55/><U58/><E58/><V112/><F112/><W18/><G18/><N who="2" m="6697" /><F8/><W57/><G57/><T121/><D10/><U13/><E99/><V47/><F47/><W1/><G1/><T108/><D121/><U68/><E68/><V15/><F15/><W56/><G56/><T17/><REACH who="0" step="1"/><D108/><REACH who="0" ten="260,230,250,250" step="2"/><N who="1" m="41515" /><E13/><V130/><F109/><W80/><AGARI ba="2,1" hai="76,78,79,80,81,82,85,88,93,124,126" m="57567" machi="80" ten="40,5200,0" yaku="34,2,54,1" doraHai="114" who="3" fromWho="3" sc="260,-28,230,-15,250,-15,250,68" /><INIT seed="1,0,0,3,4,28" ten="232,215,235,318" oya="1" hai0="16,104,117,4,71,88,33,120,47,31,35,134,25" hai1="100,125,40,127,45,1,56,116,122,8,15,26,108" hai2="74,109,131,106,60,0,51,93,118,17,115,2,128" hai3="12,65,6,5,27,86,20,84,75,29,59,78,38"/><U129/><E122/><V80/><F106/><W105/><G38/><T92/><D117/><U21/><E116/><V130/><F118/><W54/><G105/><T53/><D104/><U41/><E1/><V135/><F135/><W11/><G65/><T73/><D71/><U7/><E129/><V126/><F126/><N who="1" m="48137" /><E100/><V46/><F109/><W124/><G124/><T112/><D73/><U111/><E56/><V3/><F115/><W67/><G67/><T10/><D134/><U107/><E107/><V9/><F60/><W61/><G75/><T82/><D112/><U64/><E64/><V43/><F93/><W87/><REACH who="3" step="1"/><G5/><REACH who="3" ten="232,215,235,308" step="2"/><T50/><D4/><U69/><E69/><V133/><F133/><W76/><AGARI ba="0,1" hai="6,11,12,20,27,29,54,59,61,76,78,84,86,87" machi="76" ten="30,7900,0" yaku="1,1,2,1,0,1,8,1,53,0" doraHai="28" doraHaiUra="110" who="3" fromWho="3" sc="232,-20,215,-39,235,-20,308,89" /><INIT seed="2,0,0,3,4,76" ten="212,176,215,397" oya="2" hai0="106,40,110,54,121,33,42,18,103,107,69,124,25" hai1="31,71,109,22,8,0,12,96,43,17,128,62,38" hai2="127,85,129,55,64,5,57,108,15,79,59,74,61" hai3="126,97,114,24,134,88,101,14,3,105,60,95,37"/><V86/><F127/><W47/><G3/><T81/><D121/><U70/><E109/><V82/><F108/><W65/><G126/><T119/><D124/><U36/><E128/><V135/><F135/><W93/><G134/><T83/><D110/><U118/><E118/><V78/><F129/><W30/><G114/><T133/><D133/><U9/><E43/><V4/><F15/><W123/><G123/><T27/><D69/><U120/><E120/><V10/><F10/><W13/><G105/><T52/><D18/><U122/><E122/><V49/><REACH who="2" step="1"/><F74/><REACH who="2" ten="212,176,205,397" step="2"/><W19/><G13/><T130/><D130/><U11/><E0/><V102/><F102/><W87/><G14/><T66/><D103/><U46/><E8/><V125/><F125/><W32/><G19/><T132/><D132/><U94/><E9/><V115/><F115/><W39/><REACH who="3" step="1"/><G47/><REACH who="3" ten="212,176,205,387" step="2"/><T98/><D25/><U113/><E46/><V117/><F117/><W73/><G73/><T90/><D27/><U111/><E113/><V72/><F72/><W6/><G6/><T77/><D119/><U21/><E111/><V20/><F20/><W16/><G16/><T56/><D33/><U50/><E22/><V67/><F67/><W116/><G116/><T104/><D66/><U68/><E21/><V34/><F34/><W100/><G100/><T51/><D106/><U1/><E17/><V35/><F35/><W91/><G91/><T26/><D107/><U45/><E45/><V80/><AGARI ba="0,2" hai="4,5,49,55,57,59,61,64,78,79,80,82,85,86" machi="80" ten="30,18000,2" yaku="1,1,0,1,9,1,8,1,52,2,53,1" doraHai="76" doraHaiUra="63" who="2" fromWho="2" sc="212,-60,176,-60,205,200,387,-60" /><INIT seed="2,1,0,3,4,88" ten="152,116,405,327" oya="2" hai0="73,75,78,13,52,3,106,133,67,127,125,124,66" hai1="68,0,118,47,15,76,62,45,135,7,112,99,83" hai2="23,53,26,21,69,87,55,20,82,17,120,94,5" hai3="63,48,113,60,77,111,72,30,42,31,89,35,101"/><V16/><F120/><W14/><G111/><T51/><D3/><U19/><E112/><V90/><F69/><W117/><G117/><T29/><D133/><U74/><E118/><V81/><F5/><W64/><G113/><T22/><D106/><U104/><E135/><V38/><F38/><W108/><G108/><T84/><D84/><U54/><E7/><V9/><F9/><W110/><G110/><T44/><D78/><U25/><E25/><V65/><F65/><N who="0" m="24586" /><D13/><U40/><E0/><V50/><F53/><W122/><G101/><T109/><D109/><U119/><E119/><V96/><F17/><W86/><G35/><T39/><D39/><U103/><E40/><V123/><F123/><W58/><G122/><T85/><D85/><U105/><E105/><V70/><F70/><W131/><G131/><T134/><D134/><U57/><REACH who="1" step="1"/><E68/><REACH who="1" ten="152,106,405,327" step="2"/><V98/><F26/><AGARI ba="1,1" hai="22,26,29,44,51,52,73,75,124,125,127" m="24586" machi="26" ten="40,2600,0" yaku="18,1,54,1" doraHai="88" who="0" fromWho="2" sc="152,39,106,0,405,-29,327,0" /><INIT seed="3,0,0,5,0,88" ten="191,106,376,327" oya="3" hai0="55,76,63,104,24,123,64,43,128,101,42,132,40" hai1="127,133,66,97,9,16,30,12,92,45,126,108,73" hai2="130,98,79,4,27,113,34,25,56,91,0,68,29" hai3="99,49,109,105,37,100,95,114,71,5,58,39,48"/><W112/><G71/><T124/><D123/><U77/><E66/><V1/><F113/><W17/><G5/><T75/><D124/><N who="1" m="47659" /><E108/><V41/><F68/><W106/><G109/><T20/><D55/><U8/><E133/><V74/><F130/><W3/><G3/><T131/><D132/><U93/><E30/><V18/><F41/><W62/><G17/><T10/><D10/><N who="1" m="4203" /><E45/><V32/><F4/><W85/><G85/><T2/><D2/><U11/><E97/><V14/><F27/><W50/><G114/><T33/><D76/><U23/><E23/><V22/><F34/><W117/><G112/><T125/><D75/><U90/><E90/><V84/><F98/><W87/><G117/><T36/><D125/><U28/><E28/><V96/><F96/><W107/><REACH who="3" step="1"/><G87/><REACH who="3" ten="191,106,376,317" step="2"/><T61/><D128/><U69/><E69/><V118/><F118/><W111/><G111/><T102/><D131/><U83/><AGARI ba="0,1" hai="11,12,16,73,77,83,92,93" m="4203,47659" machi="83" ten="30,7900,0" yaku="18,1,52,2,54,1" doraHai="88" who="1" fromWho="1" sc="191,-20,106,89,376,-20,317,-39" /><INIT seed="4,0,0,5,0,129" ten="171,195,356,278" oya="0" hai0="88,27,23,51,75,86,135,112,109,43,68,10,119" hai1="17,78,24,14,103,5,63,16,121,102,70,132,76" hai2="55,21,134,9,108,48,58,74,4,91,73,45,22" hai3="57,50,49,12,122,128,115,64,34,71,11,97,35"/><T59/><D119/><U95/><E121/><V111/><F134/><W125/><G122/><T29/><D75/><U18/><E132/><V96/><F74/><W7/><G128/><T8/><D135/><U133/><E133/><V106/><F73/><W66/><G115/><T90/><D68/><U54/><E70/><V126/><F126/><W32/><G125/><T65/><D112/><U82/><E24/><V101/><F91/><N who="0" m="34858" /><D109/><U31/><E31/><V89/><F89/><W84/><G97/><T3/><D3/><U36/><E36/><V107/><F107/><W94/><G94/><T38/><D38/><U124/><E124/><V83/><F83/><W44/><G84/><T33/><D33/><U0/><E0/><V20/><REACH who="2" step="1"/><F45/><REACH who="2" ten="171,195,346,278" step="2"/><W117/><G117/><T1/><D86/><U56/><E82/><V81/><F81/><W72/><G72/><T2/><D2/><AGARI ba="0,1" hai="2,4,9,20,21,22,48,55,58,96,101,106,108,111" machi="2" ten="40,1300,0" yaku="1,1,53,0" doraHai="129" doraHaiUra="25" who="2" fromWho="0" sc="171,-13,195,0,346,23,278,0" /><INIT seed="5,0,0,4,0,16" ten="158,195,369,278" oya="1" hai0="94,23,101,74,108,38,52,20,39,114,124,50,42" hai1="21,53,107,0,134,55,6,13,59,110,27,75,67" hai2="44,62,66,47,119,35,83,8,104,127,11,79,12" hai3="57,88,97,98,26,77,43,118,25,117,71,7,133"/><U18/><E107/><V34/><F119/><N who="3" m="45579" /><G71/><T90/><D108/><U128/><E75/><V123/><F123/><W95/><G133/><T82/><D124/><U69/><E69/><V31/><F104/><W126/><G126/><T60/><D114/><U115/><E128/><V15/><F127/><W14/><G43/><T80/><D39/><U40/><E115/><V29/><F79/><W91/><G77/><T81/><D74/><U120/><E120/><V96/><F96/><N who="3" m="36971" /><G57/><N who="0" m="34855" /><D38/><U1/><E40/><V70/><F70/><W106/><G106/><T41/><D101/><U56/><E134/><V51/><F66/><W45/><G45/><N who="0" m="25903" /><D42/><U37/><E37/><V78/><F78/><W111/><G111/><T9/><D9/><N who="1" m="4279" /><E1/><V89/><F8/><N who="3" m="4383" /><G91/><T122/><D122/><U17/><E0/><V103/><F89/><W22/><G88/><T76/><D76/><U113/><E113/><V130/><F103/><W132/><G132/><T48/><D48/><N who="1" m="30759" /><E110/><V72/><F72/><W116/><G116/><T5/><D5/><U54/><E67/><V131/><F131/><W28/><G95/><T85/><AGARI ba="0,0" hai="20,23,80,81,82,85,90,94" m="25903,34855" machi="85" ten="30,7900,0" yaku="8,1,52,2,54,1" doraHai="16" who="0" fromWho="0" sc="158,79,195,-39,369,-20,278,-20" /><INIT seed="6,0,0,3,3,0" ten="237,156,349,258" oya="2" hai0="111,94,11,95,90,20,119,1,15,110,130,125,73" hai1="92,108,36,55,121,54,4,70,96,65,71,39,23" hai2="77,17,47,18,122,117,27,10,93,80,109,135,120" hai3="33,24,58,19,103,22,115,129,32,43,41,29,123"/><V48/><F117/><W131/><G123/><T38/><D38/><U7/><E108/><V52/><F109/><W75/><G75/><T26/><D73/><U85/><E85/><V50/><F135/><W45/><G103/><T107/><D107/><U84/><E84/><V8/><F93/><W42/><G115/><T83/><D83/><U51/><E23/><V105/><F105/><W132/><G132/><T34/><D95/><U13/><E13/><V118/><F118/><W46/><G58/><T60/><D119/><U133/><E133/><V78/><F27/><N who="3" m="14815" /><G32/><T2/><D2/><U37/><E121/><V102/><F102/><W72/><G72/><T30/><D130/><AGARI ba="0,0" hai="24,29,33,41,42,43,45,46,129,130,131" m="14815" machi="130" ten="30,1000,0" yaku="19,1" doraHai="0" who="3" fromWho="0" sc="237,-10,156,0,349,0,258,10" /><INIT seed="7,0,0,0,2,55" ten="227,156,349,268" oya="3" hai0="28,89,57,88,75,35,104,110,67,15,105,65,37" hai1="114,103,6,66,69,54,27,60,70,81,101,46,25" hai2="118,68,44,82,135,20,32,85,18,129,16,83,99" hai3="52,120,22,47,56,14,26,34,41,102,121,5,63"/><W40/><G41/><T77/><D37/><U3/><E114/><V131/><F32/><W4/><G34/><T1/><D1/><U48/><E3/><V107/><F68/><W122/><G102/><T100/><D110/><U29/><E6/><V95/><F135/><W0/><G14/><T59/><D35/><U124/><E124/><V62/><F118/><W12/><G12/><T126/><D15/><U58/><E70/><V9/><F107/><W115/><G0/><T19/><D19/><U76/><E69/><V111/><F9/><W43/><G43/><T21/><D21/><U72/><REACH who="1" step="1"/><E25/><REACH who="1" ten="227,146,349,268" step="2"/><V45/><F111/><W119/><G115/><T108/><D126/><U78/><E78/><V109/><F109/><W112/><G112/><T87/><D108/><U125/><E125/><V127/><F127/><W94/><G4/><T2/><D2/><U93/><E93/><V91/><F95/><W113/><G5/><T49/><D77/><U36/><E36/><V132/><F132/><W64/><G113/><T74/><D104/><U98/><E98/><V116/><F99/><W38/><G94/><T51/><D105/><U11/><E11/><V80/><F116/><W30/><G119/><T17/><D74/><U90/><E90/><V96/><F91/><W31/><G122/><T73/><D88/><U7/><E7/><V13/><F96/><W86/><G121/><T23/><D89/><U10/><E10/><V123/><F123/><W133/><G120/><T53/><D75/><U106/><E106/><V97/><F97/><W134/><G134/><T92/><D73/><RYUUKYOKU ba="0,1" sc="227,-10,146,30,349,-10,268,-10" hai1="27,29,46,48,54,58,60,66,72,76,81,101,103" owari="217,-18.0,176,-32.0,349,44.0,258,6.0" /></mjloggm>