<mjloggm ver="2.3"><GO type="169" lobby="0"/><UN n0="%6D%61%6B%61%2D%70%75" n1="%E3%82%A6%E3%83%AB%E3%83%88%E3%83%A9%E7%AB%8B%E7%9B%B4" n2="%6C%6F%4A%61%73%6B%69%6E" n3="%E2%98%86%E6%B5%81%E6%98%9F%E2%98%86" dan="16,17,17,16" rate="2110.57,2178.04,2191.08,2063.45" sx="M,M,M,M"/><TAIKYOKU oya="0"/><INIT seed="0,0,0,1,4,44" ten="250,250,250,250" oya="0" hai0="29,86,92,133,66,80,22,135,48,62,27,101,45" hai1="37,35,126,125,123,105,85,58,6,33,40,46,34" hai2="111,53,39,132,127,116,113,50,21,52,77,129,121" hai3="38,104,82,120,83,87,73,99,93,128,16,41,84"/><T55/><D101/><U74/><E74/><V88/><F113/><W118/><G118/><T42/><D92/><U78/><E105/><V31/><F121/><W14/><G120/><T70/><REACH who="0" step="1"/><D42/><REACH who="0" ten="240,250,250,250" step="2"/><U0/><E123/><V4/><F116/><W76/><G41/><T59/><D59/><U23/><E58/><V5/><F127/><W24/><G93/><T12/><D12/><U17/><E126/><V97/><F129/><W15/><G14/><T100/><D100/><U57/><E57/><V26/><F132/><W102/><G15/><T69/><D69/><U43/><E43/><V3/><F3/><W81/><G102/><T117/><D117/><U131/><E131/><V49/><F111/><W60/><G128/><T56/><D56/><U30/><E125/><V72/><F39/><W18/><G38/><T115/><D115/><U79/><E40/><V89/><F53/><W13/><G13/><T65/><D65/><U8/><E37/><V51/><F52/><W124/><G124/><T1/><D1/><U110/><E110/><V98/><F4/><W75/><G104/><T95/><D95/><U32/><E46/><V7/><F5/><W54/><G54/><T67/><D67/><U11/><E6/><V47/><F7/><W20/><G60/><T130/><D130/><U103/><E103/><V19/><F47/><W119/><G119/><T68/><D68/><U36/><E36/><V122/><F122/><W90/><G99/><T108/><D108/><U112/><E112/><V63/><F63/><W2/><G2/><T10/><D10/><U64/><E11/><RYUUKYOKU ba="0,1" sc="240,30,250,-10,250,-10,250,-10" hai0="22,27,29,45,48,55,62,66,70,80,86,133,135" /><INIT seed="0,1,1,2,3,113" ten="270,240,240,240" oya="0" hai0="89,54,105,75,2,13,45,18,9,30,11,94,132" hai1="123,63,121,125,69,16,78,70,92,97,28,109,43" hai2="31,21,117,3,52,29,22,48,83,114,119,73,23" hai3="42,62,67,61,87,64,41,37,60,96,6,100,46"/><T4/><D105/><U71/><E28/><V80/><F3/><W99/><G6/><T5/><D75/><U104/><E104/><V58/><F114/><W88/><G42/><T111/><D132/><U128/><E78/><V36/><F36/><W124/><G124/><T116/><D116/><N who="2" m="44618" /><F73/><W27/><G27/><T65/><D111/><U7/><E7/><N who="0" m="2633" /><D2/><U34/><E34/><V57/><F58/><W8/><G8/><N who="0" m="6439" /><D65/><U84/><E71/><V81/><AGARI ba="1,1" hai="21,22,23,29,31,48,52,57,80,81,83" m="44618" machi="81" ten="40,8000,1" yaku="12,1,52,3,54,1" doraHai="113" who="2" fromWho="2" sc="270,-41,240,-21,240,93,240,-21" /><INIT seed="1,0,0,1,5,33" ten="229,219,333,219" oya="1" hai0="17,26,90,42,86,2,94,16,95,80,71,88,29" hai1="72,89,85,55,23,1,84,27,111,98,75,69,78" hai2="58,20,30,35,93,122,64,37,113,106,47,38,48" hai3="105,118,28,65,62,115,66,5,0,12,9,87,59"/><U81/><E69/><V56/><F106/><W100/><G115/><T21/><D71/><U70/><E70/><V103/><F35/><W18/><G118/><T99/><D2/><U52/><E1/><V114/><F122/><W79/><G28/><T101/><D42/><U41/><E41/><V32/><F32/><W123/><G123/><T107/><D107/><U125/><E125/><V51/><F93/><W120/><G120/><T60/><D60/><U4/><E4/><V11/><F11/><W43/><G43/><T67/><D67/><U91/><E111/><V6/><F103/><W15/><G15/><T77/><REACH who="0" step="1"/><D95/><REACH who="0" ten="219,219,333,219" step="2"/><N who="1" m="56703" /><E75/><V102/><F64/><W131/><G66/><T132/><D132/><U13/><E72/><V74/><F74/><W63/><G62/><T49/><D49/><U128/><E128/><V92/><F92/><W133/><G63/><T96/><D96/><U8/><E55/><V46/><F114/><W83/><G65/><T121/><D121/><U22/><E52/><V110/><F113/><W73/><G73/><T7/><D7/><N who="1" m="3231" /><E27/><V116/><F6/><W10/><G5/><T129/><D129/><U25/><E25/><V31/><F116/><W130/><G131/><T19/><AGARI ba="0,1" hai="16,17,19,21,26,29,77,80,86,88,90,94,99,101" machi="19" ten="30,8000,1" yaku="1,1,0,1,8,1,54,2,53,0" doraHai="33" doraHaiUra="124" who="0" fromWho="0" sc="219,90,219,-40,333,-20,219,-20" /><INIT seed="2,0,0,0,4,56" ten="309,179,313,199" oya="2" hai0="55,111,75,125,1,68,28,0,103,127,27,133,115" hai1="89,70,43,107,21,132,14,32,123,131,13,15,69" hai2="22,62,79,85,4,113,9,118,3,10,88,120,86" hai3="119,36,61,33,12,122,94,49,23,51,26,101,130"/><V90/><F120/><W64/><G36/><T29/><D68/><U25/><E32/><V100/><F118/><W129/><G119/><T5/><D75/><U7/><E107/><V134/><F113/><W39/><G39/><T128/><D103/><U97/><E7/><V42/><F100/><W66/><G122/><T24/><D55/><U35/><E35/><V110/><F79/><W53/><G66/><T78/><D78/><U47/><E123/><V93/><F134/><W50/><G33/><N who="0" m="20615" /><D115/><U114/><E114/><V54/><F42/><W91/><G101/><T45/><D45/><U124/><E132/><V67/><F54/><W77/><G77/><T34/><D133/><U72/><E72/><V58/><F110/><W46/><G12/><T121/><D121/><U81/><E131/><V95/><F10/><W102/><G102/><T52/><D52/><U8/><E8/><V83/><F22/><W65/><G65/><T16/><D128/><U82/><E124/><N who="0" m="47689" /><D111/><U96/><E70/><V31/><F31/><W112/><G112/><T105/><D105/><U44/><E69/><V63/><F63/><W106/><G106/><T57/><D57/><U37/><E47/><V6/><F6/><W73/><G73/><T98/><D98/><N who="1" m="37995" /><E89/><V109/><F109/><W11/><G91/><T38/><D5/><U41/><E41/><V19/><F19/><W84/><G130/><T99/><D99/><U60/><E60/><V80/><AGARI ba="0,0" hai="3,4,9,58,62,67,80,83,85,86,88,90,93,95" machi="80" ten="20,12000,1" yaku="0,1,7,1,9,1,52,1,54,1" doraHai="56" who="2" fromWho="2" sc="309,-40,179,-40,313,120,199,-40" /><INIT seed="2,1,0,1,1,121" ten="269,139,433,159" oya="2" hai0="103,54,66,52,37,9,68,72,6,105,97,43,134" hai1="65,69,21,77,83,131,55,45,70,96,130,95,84" hai2="46,89,111,51,90,113,98,59,47,102,50,27,118" hai3="60,26,0,30,123,74,61,79,108,94,88,93,64"/><V14/><F118/><W119/><G108/><T99/><D72/><U3/><E3/><V92/><F113/><W15/><G0/><T120/><D120/><U33/><E33/><V36/><F111/><W125/><G125/><T127/><D127/><U24/><E45/><V28/><F36/><W7/><G123/><T132/><D43/><U2/><E55/><V91/><F59/><W20/><G119/><T63/><D37/><U107/><E2/><V58/><F14/><W48/><G48/><N who="2" m="18473" /><F58/><N who="3" m="36887" /><G74/><T133/><REACH who="0" step="1"/><D99/><REACH who="0" ten="259,139,433,159" step="2"/><U13/><E96/><V44/><F46/><W126/><G126/><T115/><D115/><U41/><E41/><V56/><F56/><W4/><G61/><T80/><D80/><U17/><E83/><V128/><F128/><W106/><G79/><T57/><D57/><U29/><E131/><V53/><F53/><W23/><G106/><T76/><D76/><U35/><E107/><V12/><F44/><W39/><G39/><T62/><D62/><U81/><E130/><V1/><F47/><W34/><G94/><T18/><D18/><U71/><E95/><V19/><F92/><W67/><G67/><T73/><D73/><U135/><REACH who="1" step="1"/><E65/><REACH who="1" ten="259,129,433,159" step="2"/><V38/><F98/><N who="3" m="57639" /><G34/><T86/><D86/><U40/><E40/><V10/><F38/><W78/><G78/><T110/><D110/><U49/><E49/><V5/><F102/><W87/><G87/><T16/><D16/><AGARI ba="1,2" hai="4,7,15,16,20,23,26,30" m="57639,36887" machi="16" ten="30,3900,0" yaku="8,1,54,2" doraHai="121" who="3" fromWho="0" sc="259,-42,129,0,433,0,159,62" /><INIT seed="3,0,0,0,3,45" ten="217,129,433,221" oya="3" hai0="13,114,61,21,56,46,78,34,128,72,97,60,68" hai1="39,111,107,91,40,65,106,33,42,12,82,135,36" hai2="124,108,133,57,11,73,30,24,99,1,9,120,62" hai3="103,25,88,71,70,41,20,115,5,85,95,7,52"/><W83/><G41/><N who="1" m="15978" /><E12/><V22/><F73/><W29/><G115/><T74/><D34/><U35/><E82/><V132/><F108/><W43/><G43/><T89/><D114/><U94/><E94/><V47/><F47/><W79/><G103/><T90/><D128/><U134/><E91/><V130/><F130/><W131/><G131/><T37/><D13/><U110/><E65/><V127/><F99/><W101/><G101/><T126/><D21/><U2/><E2/><V69/><F69/><W44/><G71/><T3/><D3/><U100/><E100/><V121/><F1/><W98/><REACH who="3" step="1"/><G70/><REACH who="3" ten="217,129,433,211" step="2"/><T23/><D68/><U50/><E111/><V102/><F102/><W129/><G129/><T63/><D37/><U76/><E110/><V109/><F109/><W59/><G59/><T96/><D56/><U119/><E39/><V122/><F124/><W48/><AGARI ba="0,1" hai="5,7,20,25,29,44,48,52,79,83,85,88,95,98" machi="48" ten="30,18000,2" yaku="1,1,0,1,8,1,52,1,54,2,53,0" doraHai="45" doraHaiUra="117" who="3" fromWho="3" sc="217,-60,129,-60,433,-60,211,190" /><INIT seed="3,1,0,3,5,41" ten="157,69,373,401" oya="3" hai0="24,61,117,53,30,107,27,6,8,65,89,94,44" hai1="115,48,25,130,54,123,80,92,1,85,60,128,79" hai2="129,82,38,37,33,35,13,111,106,100,28,74,96" hai3="15,72,40,69,29,84,47,121,87,42,11,59,105"/><W46/><G105/><T126/><D117/><U102/><E1/><V98/><F111/><W99/><G69/><T122/><D122/><U19/><E115/><V5/><F129/><W62/><G72/><T133/><D107/><U75/><E123/><V86/><F74/><W66/><G99/><T14/><D133/><U9/><E60/><V4/><F96/><W104/><G29/><T57/><D126/><U101/><E101/><V3/><F3/><W114/><G104/><T132/><D132/><U31/><E9/><V118/><F118/><W68/><G68/><T108/><D108/><U119/><E19/><V64/><F64/><W58/><G58/><T103/><D103/><U134/><E134/><V55/><F55/><W56/><G59/><T26/><D30/><U131/><E119/><V120/><F120/><W49/><G114/><T116/><D116/><U113/><E113/><V22/><F37/><W23/><G23/><T76/><D76/><U63/><E63/><V77/><F38/><W110/><G110/><T83/><D83/><U12/><E12/><V67/><F67/><W78/><G78/><T7/><D7/><N who="2" m="2634" /><F13/><W90/><G90/><T91/><D94/><U18/><E102/><V10/><F10/><W32/><G32/><N who="2" m="12361" /><F22/><W71/><G71/><T50/><AGARI ba="1,0" hai="6,8,14,24,26,27,44,50,53,57,61,65,89,91" machi="50" ten="30,4000,0" yaku="0,1,8,1,52,1" doraHai="41" who="0" fromWho="0" sc="157,43,69,-11,373,-11,401,-21" /><INIT seed="4,0,0,0,4,47" ten="200,58,362,380" oya="0" hai0="10,79,60,51,8,66,4,131,135,57,113,46,23" hai1="81,14,9,122,15,109,59,6,71,130,27,13,38" hai2="41,26,16,93,75,33,53,36,42,64,82,17,54" hai3="106,70,103,1,35,28,29,101,21,104,30,111,18"/><T114/><D135/><U2/><E71/><V87/><F75/><W65/><G1/><T89/><D131/><U48/><E38/><V37/><F93/><W45/><G111/><T99/><D79/><U110/><E122/><V121/><F121/><W123/><G123/><T97/><D23/><U134/><E134/><V19/><F64/><W69/><G35/><T98/><D89/><U40/><E130/><V128/><F128/><W31/><G31/><T78/><D78/><U125/><E125/><V119/><F119/><W5/><G5/><T90/><D90/><U100/><E100/><V50/><F37/><W95/><G45/><T43/><REACH who="0" step="1"/><D10/><REACH who="0" ten="190,58,362,380" step="2"/><U22/><E81/><V83/><F83/><W132/><G21/><T88/><D88/><U107/><E110/><V52/><F33/><W129/><G132/><T105/><D105/><U116/><E107/><V0/><F26/><W133/><G106/><T124/><D124/><U117/><E109/><V76/><F36/><W61/><G104/><T92/><D92/><U55/><REACH who="1" step="1"/><E40/><REACH who="1" ten="190,48,362,380" step="2"/><N who="2" m="15467" /><F0/><AGARI ba="0,2" hai="0,4,8,43,46,51,57,60,66,97,98,99,113,114" machi="0" ten="40,3900,0" yaku="1,1,52,1,53,0" doraHai="47" doraHaiUra="127" who="0" fromWho="2" sc="190,59,48,0,362,-39,380,0" /><INIT seed="4,1,0,4,4,134" ten="249,48,323,380" oya="0" hai0="32,28,132,52,104,50,49,24,45,60,95,122,87" hai1="99,9,43,108,57,73,77,16,133,29,91,92,64" hai2="42,100,127,89,14,70,117,102,8,47,4,33,3" hai3="12,34,78,36,109,66,20,39,129,21,79,75,131"/><T6/><D122/><U41/><E108/><V98/><F117/><W90/><G34/><T135/><D104/><U74/><E133/><N who="0" m="51273" /><D6/><U54/><E64/><V103/><F70/><W97/><G109/><T81/><D95/><U55/><E29/><V58/><F33/><W118/><G66/><T26/><D26/><U128/><E128/><V0/><F58/><W69/><G69/><T48/><D60/><U106/><E106/><V59/><F59/><W119/><G12/><T61/><D61/><U83/><E74/><V46/><F47/><W51/><G51/><T40/><D40/><U111/><E111/><V123/><F123/><W80/><G97/><T18/><D18/><U68/><E68/><V25/><F25/><W105/><G105/><T126/><D126/><U65/><E65/><V107/><F127/><W44/><G129/><T13/><D13/><U93/><E93/><V63/><F63/><W5/><G119/><T114/><D114/><U124/><E124/><V116/><F116/><W35/><G5/><T121/><D121/><U31/><E31/><V30/><F30/><W7/><G7/><T27/><D27/><U19/><E55/><V11/><F3/><W71/><G71/><T2/><D2/><U17/><REACH who="1" step="1"/><E9/><REACH who="1" ten="249,38,323,380" step="2"/><V23/><F8/><W115/><G131/><T38/><D38/><U62/><AGARI ba="1,1" hai="16,17,19,41,43,54,57,62,73,77,83,91,92,99" machi="62" ten="30,7900,0" yaku="1,1,2,1,0,1,54,1,53,0" doraHai="134" doraHaiUra="130" who="1" fromWho="1" sc="249,-40,38,92,323,-21,380,-21" /><INIT seed="5,0,0,5,2,27" ten="209,130,302,359" oya="1" hai0="93,109,10,92,28,132,33,66,40,48,125,133,17" hai1="107,56,63,111,68,6,22,60,108,20,16,55,61" hai2="120,45,119,70,124,97,69,86,135,5,98,84,95" hai3="9,41,46,101,71,42,31,80,128,59,79,7,30"/><U78/><E107/><V67/><F120/><W123/><G71/><T99/><D109/><N who="1" m="42059" /><E6/><V103/><F119/><W88/><G101/><T65/><D125/><U96/><E78/><V77/><F135/><N who="0" m="51786" /><D93/><U131/><E131/><V105/><F124/><W113/><G123/><T25/><D40/><N who="3" m="15465" /><G113/><T57/><D48/><N who="1" m="30823" /><E96/><V134/><F97/><W12/><G128/><T54/><D54/><U8/><E68/><V117/><F5/><W50/><G59/><T73/><D57/><U127/><E127/><V4/><F77/><W72/><G72/><T100/><D73/><U38/><E38/><V37/><F4/><W32/><G32/><T129/><D129/><U130/><E130/><V53/><F53/><N who="3" m="29911" /><G79/><T49/><D49/><U19/><E8/><V85/><F117/><W29/><G88/><T35/><D35/><U112/><E112/><V91/><F134/><W90/><G90/><T52/><D52/><U122/><E122/><V11/><F11/><W121/><G121/><T44/><D44/><U3/><E3/><V81/><F70/><W89/><G89/><T39/><D39/><U58/><E58/><V51/><F37/><W102/><G102/><T23/><D10/><U74/><E74/><V2/><F2/><W110/><G110/><T62/><D62/><N who="1" m="15875" /><U34/><DORA hai="26" /><E34/><V75/><F45/><W21/><G21/><AGARI ba="0,0" hai="16,19,20,21,22" m="15875,30823,42059" machi="21" ten="40,3900,0" yaku="10,1,54,1" doraHai="27,26" who="1" fromWho="3" sc="209,0,130,39,302,0,359,-39" /><INIT seed="5,1,0,1,2,7" ten="209,169,302,320" oya="1" hai0="68,119,80,51,3,17,15,76,69,87,77,23,135" hai1="4,104,103,20,45,37,67,102,40,98,0,39,94" hai2="84,53,118,57,90,5,97,27,128,95,38,120,91" hai3="105,35,122,18,79,46,88,83,115,9,126,6,60"/><U58/><E39/><V28/><F120/><W113/><G105/><T63/><D119/><U44/><E44/><V42/><F128/><W24/><G122/><T65/><D135/><U50/><E20/><N who="2" m="15463" /><F38/><W129/><G126/><T64/><D3/><U112/><E112/><N who="3" m="43082" /><G129/><T33/><D33/><U123/><E123/><V109/><F109/><W8/><G6/><T13/><D51/><U72/><E72/><V134/><F42/><W89/><G60/><T125/><D125/><U70/><E104/><V14/><F134/><W132/><G132/><T48/><D48/><U110/><E110/><V29/><F29/><N who="3" m="19879" /><G18/><T26/><REACH who="0" step="1"/><D77/><REACH who="0" ten="199,169,302,320" step="2"/><U81/><E0/><V127/><F118/><W75/><G46/><T108/><D108/><U31/><E37/><V96/><F127/><W25/><G25/><T30/><D30/><U121/><E31/><V21/><F14/><W19/><G19/><T52/><D52/><N who="1" m="32023" /><E121/><V78/><F5/><W59/><G59/><T124/><D124/><U1/><E4/><V41/><F78/><W82/><G83/><T11/><D11/><AGARI ba="1,1" hai="8,9,11,75,79,82,88,89" m="19879,43082" machi="11" ten="30,8000,1" yaku="15,1,52,3,54,1" doraHai="7" who="3" fromWho="0" sc="199,-83,169,0,302,0,320,93" /><INIT seed="6,0,0,0,5,2" ten="116,169,302,413" oya="2" hai0="72,5,99,27,13,113,112,47,83,59,85,50,88" hai1="102,86,104,4,24,63,10,92,3,131,60,128,103" hai2="7,40,33,97,117,51,48,106,89,76,58,42,23" hai3="129,70,87,127,115,29,56,79,110,111,134,93,126"/><V31/><F33/><W44/><G70/><T91/><D72/><U107/><E24/><N who="2" m="16799" /><F106/><N who="1" m="40489" /><E86/><V55/><F117/><W19/><G29/><T28/><D59/><U68/><E92/><N who="2" m="56463" /><F76/><W66/><G115/><N who="0" m="44107" /><D99/><U123/><E123/><V120/><F120/><W119/><G129/><N who="1" m="49738" /><E68/><V26/><F26/><W114/><G79/><T20/><D91/><U61/><AGARI ba="0,0" hai="3,4,10,60,61,63,102,103" m="49738,40489" machi="61" ten="40,2700,0" yaku="19,1,52,1" doraHai="2" who="1" fromWho="1" sc="116,-7,169,27,302,-13,413,-7" /><INIT seed="7,0,0,0,2,7" ten="109,196,289,406" oya="3" hai0="93,57,22,75,20,52,42,18,61,134,51,87,130" hai1="114,88,24,97,46,26,16,73,6,94,1,53,40" hai2="66,13,2,14,60,80,17,96,68,77,9,84,122" hai3="103,104,112,55,105,110,48,124,86,70,72,83,126"/><W91/><G70/><T59/><D130/><U3/><E73/><V47/><F122/><W29/><G29/><T108/><D108/><U69/><E69/><V54/><F2/><W41/><G41/><T99/><D134/><U125/><E114/><V15/><F96/><W90/><G72/><T101/><D75/><U32/><E32/><V92/><F92/><W8/><G112/><T133/><D133/><U131/><E125/><V123/><F123/><W117/><G103/><T62/><D42/><U58/><E131/><V119/><F119/><W102/><G91/><T23/><D87/><U35/><E35/><V74/><REACH who="2" step="1"/><F74/><REACH who="2" ten="109,196,279,406" step="2"/><W129/><G129/><T82/><D82/><U113/><E113/><V115/><F115/><W109/><G117/><T79/><D79/><U100/><E100/><V76/><F76/><W118/><G118/><T71/><D71/><U63/><E6/><V89/><F89/><W34/><G102/><T121/><D121/><U25/><E25/><V33/><F33/><W135/><G34/><T37/><D37/><U65/><E26/><V4/><F4/><W36/><G90/><T45/><REACH who="0" step="1"/><D18/><REACH who="0" ten="99,196,279,406" step="2"/><U116/><E40/><V107/><F107/><W19/><G105/><T56/><AGARI ba="0,2" hai="20,22,23,45,51,52,56,57,59,61,62,93,99,101" machi="56" ten="30,12000,2" yaku="1,1,2,1,0,1,8,1,54,1,53,1" doraHai="7" doraHaiUra="98" who="0" fromWho="0" sc="99,140,196,-30,279,-30,406,-60" owari="239,-16.0,166,-33.0,249,5.0,346,44.0" /></mjloggm>