<mjloggm ver="2.3"><GO type="169" lobby="0"/><UN n0="%E3%83%88%E3%83%88%E3%83%AA%E5%85%88%E7%94%9F%31%39%E6%AD%B3" n1="%67%6F%69%73%75%62%61%69" n2="%E2%80%A0%41%71%75%61%E2%80%A0" n3="%E3%83%9E%E3%83%88%E3%83%AA%E3%83%83%E3%82%AF%E3%82%B9" dan="19,16,18,16" rate="2297.00,2154.59,2206.51,2101.74" sx="F,M,M,M"/><TAIKYOKU oya="0"/><INIT seed="0,0,0,3,5,104" ten="250,250,250,250" oya="0" hai0="8,68,79,135,5,132,41,46,59,14,119,42,134" hai1="47,55,57,25,75,122,123,113,126,18,62,107,97" hai2="2,106,95,101,98,105,114,6,66,20,48,76,109" hai3="34,63,102,12,67,100,69,52,117,38,93,23,32"/><T70/><D119/><U21/><E126/><V96/><F114/><W87/><G117/><T13/><D59/><U30/><E113/><V43/><F109/><W64/><G38/><T74/><D14/><U120/><E47/><V121/><F121/><W124/><G124/><T65/><D65/><U54/><E75/><V58/><F76/><W88/><G32/><T36/><REACH who="0" step="1"/><D42/><REACH who="0" ten="240,250,250,250" step="2"/><U72/><E123/><V9/><F66/><N who="3" m="25131" /><G69/><T39/><D39/><U90/><E120/><V80/><F58/><N who="3" m="35271" /><G34/><T53/><D53/><U33/><E55/><V84/><F43/><W89/><G12/><T73/><D73/><U108/><E122/><V103/><F48/><W130/><G130/><T28/><D28/><U31/><E72/><V131/><F131/><W26/><G89/><T7/><D7/><U118/><E118/><V24/><F6/><W40/><G40/><T10/><D10/><U111/><E33/><V51/><F9/><W50/><G50/><T112/><D112/><U19/><E31/><AGARI ba="0,1" hai="23,26,31,87,88,93,100,102" m="35271,25131" machi="31" ten="30,3900,0" yaku="8,1,54,2" doraHai="104" who="3" fromWho="1" sc="240,0,250,-39,250,0,250,49" /><INIT seed="1,0,0,4,0,104" ten="240,211,250,299" oya="1" hai0="108,83,73,102,128,99,51,49,21,106,10,15,114" hai1="82,123,126,19,9,2,80,122,86,16,85,121,130" hai2="59,64,81,52,11,84,58,93,47,39,42,119,23" hai3="50,32,111,56,87,36,120,91,66,54,24,37,75"/><U65/><E126/><V71/><F119/><W67/><G120/><T44/><D114/><U127/><E127/><V89/><F11/><W35/><G111/><T110/><D128/><U62/><E130/><V132/><F132/><W105/><G105/><T41/><D21/><U97/><E97/><V31/><F71/><W118/><G118/><T135/><D135/><U112/><E112/><V17/><F31/><W29/><G35/><T129/><D49/><U69/><E2/><V72/><F64/><W8/><G37/><T14/><D129/><U48/><E48/><V38/><F38/><W55/><G36/><T18/><REACH who="0" step="1"/><D15/><REACH who="0" ten="230,211,250,299" step="2"/><U101/><E9/><V125/><F125/><W45/><G8/><T61/><D61/><U116/><E116/><V107/><F23/><W5/><G32/><T46/><D46/><U12/><E12/><V98/><F47/><W96/><G45/><T124/><D124/><U74/><E122/><V103/><F39/><W90/><G50/><T20/><D20/><U115/><E115/><V7/><F42/><W92/><G24/><T6/><D6/><U57/><E62/><V3/><F7/><W1/><G5/><T88/><D88/><U33/><E33/><V28/><F89/><W76/><G91/><T25/><D25/><U40/><E40/><V53/><F3/><W133/><G90/><T68/><D68/><U60/><E69/><V94/><F59/><W109/><G56/><T117/><D117/><U27/><E123/><V43/><F58/><W63/><G1/><T30/><D30/><U70/><E121/><V113/><F113/><RYUUKYOKU ba="0,1" sc="230,30,211,-10,250,-10,299,-10" hai0="10,14,18,41,44,51,73,83,99,102,106,108,110" /><INIT seed="2,1,1,1,5,86" ten="260,201,240,289" oya="2" hai0="57,121,103,48,114,134,93,76,50,27,35,133,67" hai1="95,51,9,62,124,70,31,55,127,80,29,42,111" hai2="94,90,20,25,26,14,43,120,3,44,58,12,79" hai3="1,107,36,24,6,131,87,113,0,126,63,19,98"/><V17/><F3/><W108/><G36/><T45/><D114/><U11/><E111/><V129/><F120/><W125/><G108/><T34/><D121/><U53/><E42/><V38/><F129/><W2/><G131/><T61/><D76/><U66/><E80/><V52/><F79/><W56/><G113/><T23/><D103/><U123/><E123/><V10/><F10/><N who="1" m="3593" /><E95/><V81/><F81/><W88/><G6/><T112/><D93/><U135/><E135/><N who="0" m="51721" /><D112/><U47/><E53/><V117/><F117/><W73/><G73/><T92/><D92/><U49/><E49/><N who="0" m="19049" /><D45/><U5/><E5/><V69/><F69/><W41/><G41/><T64/><D64/><U65/><E65/><V97/><REACH who="2" step="1"/><F26/><REACH who="2" ten="260,201,230,289" step="2"/><W83/><G24/><T16/><AGARI ba="1,2" hai="16,23,27,34,35,57,61,67" m="19049,51721" machi="16" ten="30,2000,0" yaku="20,1,54,1" doraHai="86" who="0" fromWho="0" sc="260,43,201,-6,230,-11,289,-6" /><INIT seed="3,0,0,0,0,87" ten="303,195,219,283" oya="3" hai0="66,124,85,128,88,60,31,7,0,80,3,123,8" hai1="39,13,114,42,119,127,6,92,84,29,94,12,24" hai2="58,50,79,78,46,22,101,106,102,115,30,71,109" hai3="103,9,98,110,69,132,4,52,63,133,26,83,76"/><W117/><G117/><T72/><D123/><U113/><E127/><V14/><F71/><W86/><G110/><T2/><D124/><U62/><E119/><V121/><F115/><W105/><G26/><T112/><D112/><U126/><E126/><V10/><F109/><W28/><G28/><T44/><D128/><U73/><E73/><V45/><F121/><W37/><G37/><T18/><D72/><U111/><E111/><V107/><F107/><W96/><G96/><T61/><D61/><U48/><E39/><V49/><F58/><W55/><G69/><T135/><D135/><N who="3" m="51785" /><G63/><T35/><D18/><U17/><E6/><V15/><F106/><W91/><G76/><N who="2" m="29225" /><F22/><W90/><G90/><T100/><D100/><N who="2" m="38506" /><F30/><W40/><G40/><T33/><D31/><U1/><E29/><V25/><F25/><W27/><G27/><T104/><D104/><U16/><E24/><V125/><F125/><W82/><G82/><T57/><REACH who="0" step="1"/><D44/><REACH who="0" ten="293,195,219,283" step="2"/><N who="2" m="17002" /><F10/><W74/><G74/><T67/><D67/><U120/><E120/><V65/><F65/><W118/><G118/><T89/><D89/><U68/><E114/><V131/><F131/><W51/><G51/><AGARI ba="0,1" hai="14,15,49,50,51" m="17002,38506,29225" machi="51" ten="30,3900,0" yaku="28,2,8,1" doraHai="87" who="2" fromWho="3" sc="293,0,195,0,219,49,283,-39" /><INIT seed="4,0,0,5,5,83" ten="293,195,268,244" oya="0" hai0="43,64,73,16,110,117,113,123,96,102,3,5,53" hai1="49,7,93,44,74,25,105,75,52,70,103,101,72" hai2="115,116,35,124,95,32,63,9,57,81,0,111,21" hai3="129,108,28,65,54,2,89,40,56,23,128,13,134"/><T125/><D117/><U50/><E105/><V86/><F111/><W112/><G2/><T58/><D123/><U55/><E70/><V26/><F116/><W15/><G108/><T82/><D110/><U29/><E7/><V127/><F95/><W87/><G112/><T133/><D113/><U8/><E8/><V62/><F115/><W106/><G106/><T71/><D133/><U107/><E107/><V61/><F57/><W90/><G65/><T34/><D34/><U41/><E93/><V119/><F119/><W60/><G40/><T30/><D30/><U69/><E69/><V4/><F21/><W131/><G90/><T10/><D125/><N who="2" m="48202" /><F26/><N who="3" m="16479" /><G134/><T126/><D126/><U99/><E99/><V92/><F92/><AGARI ba="0,0" hai="13,15,54,56,60,87,89,92,128,129,131" m="16479" machi="92" ten="30,2000,0" yaku="19,1,52,1" doraHai="83" who="3" fromWho="2" sc="293,0,195,0,268,-20,244,20" /><INIT seed="5,0,0,1,2,119" ten="293,195,248,264" oya="1" hai0="48,121,28,58,62,84,95,126,41,77,110,68,74" hai1="0,40,130,103,43,79,65,98,109,127,114,14,122" hai2="22,13,24,27,102,69,108,78,3,31,106,12,72" hai3="91,93,37,80,82,128,117,133,125,36,116,89,8"/><U47/><E0/><V88/><F69/><W97/><G8/><T107/><D107/><U57/><E114/><V53/><F108/><W2/><G2/><T11/><D110/><U129/><E109/><V35/><F3/><W123/><G36/><T134/><D134/><U92/><E127/><V75/><F106/><W115/><G37/><T39/><D126/><U113/><E113/><V38/><F38/><W9/><G9/><T111/><D111/><U59/><E79/><V70/><F70/><W1/><G1/><T26/><D74/><U10/><E122/><V63/><F102/><W6/><G6/><T51/><D11/><U49/><E40/><V19/><F88/><N who="3" m="33867" /><G125/><T86/><D95/><U99/><E99/><V83/><F75/><W5/><G5/><T20/><D68/><U29/><E29/><V90/><F90/><N who="3" m="55479" /><G115/><T71/><D71/><U7/><REACH who="1" step="1"/><E65/><REACH who="1" ten="293,185,248,264" step="2"/><V17/><F31/><W64/><G64/><T18/><D28/><U46/><E46/><V112/><F112/><W94/><G123/><T100/><D121/><U73/><E73/><V33/><F72/><W132/><G128/><AGARI ba="0,1" hai="7,10,14,43,47,49,57,59,92,98,103,128,129,130" machi="128" ten="40,3900,0" yaku="1,1,19,1,53,0" doraHai="119" doraHaiUra="76" who="1" fromWho="3" sc="293,0,185,49,248,0,264,-39" /><INIT seed="5,1,0,3,1,84" ten="293,234,248,225" oya="1" hai0="109,78,20,49,76,112,46,36,41,13,63,102,58" hai1="119,88,129,33,26,101,3,47,67,108,83,135,39" hai2="92,99,22,38,54,64,69,59,113,79,29,105,6" hai3="130,56,114,24,50,66,71,124,95,44,55,96,25"/><U91/><E119/><V77/><F105/><W7/><G114/><T70/><D109/><U21/><E3/><V104/><F104/><W32/><G32/><T9/><D112/><U51/><E33/><V48/><F113/><W60/><G130/><T98/><D70/><U120/><E120/><V62/><F6/><W65/><G124/><T100/><D20/><U68/><E39/><V42/><F22/><W57/><G7/><N who="0" m="3263" /><D36/><U111/><E129/><V43/><F29/><W133/><G133/><T16/><D16/><N who="1" m="12583" /><E135/><V110/><F110/><N who="1" m="42025" /><E101/><N who="0" m="39017" /><D98/><U107/><E83/><V97/><F97/><W35/><G35/><T5/><D5/><U121/><E107/><V52/><F54/><AGARI ba="1,0" hai="41,46,49,54,58,63,76,78" m="39017,3263" machi="54" ten="30,1000,0" yaku="8,1" doraHai="84" who="0" fromWho="2" sc="293,13,234,0,248,-13,225,0" /><INIT seed="6,0,0,4,0,79" ten="306,234,235,225" oya="2" hai0="29,51,4,72,53,3,126,58,82,130,12,15,1" hai1="85,11,81,33,112,26,124,129,133,107,118,127,34" hai2="8,97,119,69,77,57,101,46,105,6,7,66,10" hai3="30,54,98,65,9,122,73,59,67,96,25,95,62"/><V19/><F69/><W23/><G122/><T102/><D102/><U56/><E118/><V91/><F119/><W63/><G73/><T93/><D93/><U134/><E107/><V45/><F77/><W115/><G115/><T42/><D29/><U84/><E112/><V75/><F75/><W32/><G32/><T27/><D27/><U5/><E56/><V87/><F19/><W14/><G63/><T83/><D72/><U116/><E116/><V108/><F108/><W61/><G61/><T21/><D42/><U111/><E111/><V121/><F121/><W55/><G67/><T117/><D117/><U35/><E26/><V78/><F78/><W60/><G60/><T114/><D21/><U52/><E52/><N who="3" m="20010" /><G95/><T76/><D76/><N who="1" m="46119" /><E85/><V92/><F57/><W18/><AGARI ba="0,0" hai="9,14,18,23,25,30,59,62,65,96,98" m="20010" machi="18" ten="30,2000,0" yaku="8,1,54,1" doraHai="79" who="3" fromWho="3" sc="306,-5,234,-5,235,-10,225,20" /><INIT seed="7,0,0,1,0,55" ten="301,229,225,245" oya="3" hai0="33,59,125,45,27,122,19,68,96,1,103,52,130" hai1="37,12,131,105,121,114,75,31,123,42,48,60,110" hai2="9,23,61,109,77,28,43,124,69,117,47,8,97" hai3="10,87,113,14,111,64,108,86,53,119,30,32,5"/><W62/><G119/><T100/><D122/><U3/><E48/><N who="2" m="26751" /><F109/><N who="3" m="42059" /><G113/><T101/><D68/><U6/><E105/><V127/><F117/><W44/><G32/><T98/><D1/><U13/><E75/><V2/><F77/><W91/><G30/><T134/><D130/><U112/><E110/><V41/><F41/><W115/><G115/><N who="1" m="44074" /><E131/><V11/><F97/><W4/><G4/><T22/><D134/><U70/><E31/><V85/><F85/><W133/><G133/><T66/><D125/><N who="2" m="48202" /><F2/><W83/><G87/><T104/><D33/><U40/><E3/><V99/><F99/><N who="0" m="37930" /><D104/><U54/><E37/><V78/><F78/><W51/><G64/><T74/><D74/><U107/><E107/><V93/><F93/><W18/><G5/><T46/><D66/><N who="1" m="41287" /><E6/><V71/><F61/><AGARI ba="0,0" hai="10,14,18,44,51,53,61,62,83,86,91" m="42059" machi="61" ten="30,2900,0" yaku="25,1,10,1" doraHai="55" who="3" fromWho="2" sc="301,0,229,0,225,-29,245,29" /><AGARI ba="0,0" hai="19,22,27,45,46,52,59,61,100,101,103" m="37930" machi="61" ten="30,3900,0" yaku="8,1,52,1,54,1" doraHai="55" who="0" fromWho="2" sc="301,39,229,0,196,-39,274,0" /><INIT seed="7,1,0,2,2,95" ten="340,229,157,274" oya="3" hai0="116,63,79,59,118,115,72,23,45,24,13,65,51" hai1="135,102,55,125,20,83,50,37,134,92,56,123,82" hai2="113,67,132,1,107,130,34,89,43,133,41,7,10" hai3="105,64,35,0,58,127,104,103,85,39,122,100,15"/><W120/><G0/><T40/><D115/><U97/><E123/><V126/><F113/><W111/><G35/><T87/><D72/><U62/><E37/><V114/><F114/><W106/><G39/><T2/><D2/><U8/><E125/><V91/><F126/><W86/><G127/><T101/><D101/><N who="3" m="38985" /><G15/><T93/><D13/><U124/><E124/><V12/><F107/><W69/><G58/><T98/><D98/><U117/><E117/><V109/><F109/><W52/><G52/><T48/><D48/><U76/><E8/><V28/><F67/><W70/><G64/><T81/><D93/><U129/><E129/><V90/><F130/><W71/><G111/><T75/><D75/><U128/><E128/><V73/><F73/><W108/><G108/><T25/><D25/><U36/><E36/><V22/><F43/><W30/><G30/><AGARI ba="1,0" hai="23,24,30,40,45,51,59,63,65,79,81,87,116,118" machi="30" ten="30,1000,0" yaku="7,1" doraHai="95" who="0" fromWho="3" sc="340,13,229,0,157,0,274,-13" owari="353,45.0,229,-17.0,157,-34.0,261,6.0" /></mjloggm>