<mjloggm ver="2.3"><GO type="169" lobby="0"/><UN n0="%6D%75%6B%69%74%74%69" n1="%E3%82%AF%E3%83%AD%E3%82%B9%E3%83%AD%E3%83%BC%E3%83%AB" n2="%E3%82%AE%E3%82%AC%E3%83%9E%E3%82%A4%E3%83%B3" n3="%E3%83%88%E3%83%88%E3%83%AA%E5%85%88%E7%94%9F%31%39%E6%AD%B3" dan="17,16,18,18" rate="2245.00,2066.97,2195.08,2276.67" sx="M,M,M,F"/><TAIKYOKU oya="0"/><INIT seed="0,0,0,3,3,3" ten="250,250,250,250" oya="0" hai0="2,22,79,44,18,118,119,38,135,130,116,69,37" hai1="52,83,117,25,99,21,115,82,125,112,98,33,77" hai2="34,16,11,8,132,102,63,103,1,66,23,74,56" hai3="85,42,78,109,45,40,15,106,84,89,6,90,127"/><T133/><D69/><U27/><E117/><V71/><F74/><W110/><G106/><T35/><D79/><U93/><E125/><V87/><F34/><W97/><G127/><T28/><D44/><U62/><E33/><V54/><F132/><N who="0" m="50762" /><D38/><U32/><E32/><V68/><F68/><W36/><G97/><T129/><D37/><U4/><E4/><V121/><F121/><W51/><G36/><T61/><D61/><U72/><E83/><V73/><F73/><W95/><G42/><T20/><D2/><U120/><E120/><V7/><F11/><N who="3" m="4599" /><G89/><T101/><D101/><N who="1" m="60623" /><E21/><N who="0" m="8297" /><D18/><U92/><E62/><V91/><F71/><W64/><G64/><T70/><D70/><U17/><E52/><V108/><F54/><W53/><G53/><T41/><D41/><U124/><E17/><V46/><F46/><W31/><G31/><T104/><D104/><U47/><E47/><V58/><F58/><W59/><G59/><T5/><D5/><U80/><E80/><AGARI ba="0,0" hai="40,45,51,78,80,84,85,90,95,109,110" m="4599" machi="80" ten="30,2000,0" yaku="25,1,52,1" doraHai="3" who="3" fromWho="1" sc="250,0,250,-20,250,0,250,20" /><INIT seed="1,0,0,5,0,114" ten="250,230,250,270" oya="1" hai0="94,83,108,123,85,120,28,100,125,55,70,119,122" hai1="80,50,121,103,22,96,110,127,126,27,98,54,11" hai2="45,124,128,84,69,109,29,47,6,93,61,86,73" hai3="76,118,74,26,53,115,46,25,34,75,20,18,8"/><U72/><E121/><V92/><F73/><W40/><G115/><T116/><D70/><U33/><E33/><V37/><F109/><W62/><G76/><N who="0" m="46311" /><D108/><U44/><E110/><V112/><F112/><W12/><G118/><N who="0" m="45099" /><D125/><N who="1" m="47627" /><E11/><V104/><F124/><W1/><G1/><T10/><D28/><N who="1" m="17527" /><E103/><V60/><F29/><W106/><G106/><T113/><D113/><U91/><E72/><V131/><F104/><W35/><G35/><T49/><D10/><U52/><E54/><V117/><F69/><W99/><G34/><T5/><D5/><U107/><E107/><V14/><F117/><W65/><G53/><T24/><D24/><U2/><E2/><V48/><F6/><W3/><G3/><T66/><D66/><U88/><E91/><V89/><F89/><W129/><G74/><T111/><D111/><U58/><E44/><V9/><F9/><W67/><G75/><T32/><D32/><U71/><E71/><V101/><F47/><W42/><G67/><T56/><D94/><U130/><E98/><V0/><F93/><W19/><G99/><T23/><D23/><U36/><E36/><V31/><F92/><W64/><G64/><T79/><D100/><U7/><E7/><V38/><F101/><W105/><G105/><T132/><D79/><U78/><E78/><V21/><F0/><W81/><G65/><T59/><D59/><U4/><E4/><V133/><F38/><W90/><G46/><T39/><D39/><U16/><E16/><V51/><F45/><W95/><G8/><T13/><D13/><U82/><E82/><V17/><F37/><RYUUKYOKU ba="0,0" sc="250,30,230,-10,250,-10,270,-10" hai0="49,55,56,120,122,123,132" /><INIT seed="2,1,0,4,1,115" ten="280,220,240,260" oya="2" hai0="72,74,107,8,128,50,40,47,124,61,43,30,42" hai1="83,73,39,76,98,25,11,120,103,113,64,84,18" hai2="129,111,36,90,97,13,34,94,1,68,77,88,91" hai3="49,35,48,102,44,69,21,53,66,122,52,125,29"/><V9/><F68/><W56/><G122/><T70/><D107/><U108/><E113/><V62/><F36/><W121/><G121/><T55/><D124/><U78/><E120/><V22/><F34/><W110/><G35/><T101/><D101/><U96/><E108/><V104/><F129/><W95/><G125/><T100/><D100/><U3/><E39/><V26/><F104/><W132/><G110/><T75/><D128/><U80/><E64/><V24/><F1/><W59/><G132/><T105/><D105/><U130/><E130/><V20/><F77/><W81/><G69/><T114/><D114/><U127/><E127/><V16/><F62/><W51/><G81/><T123/><D123/><U31/><E103/><V92/><F111/><W85/><G66/><T131/><D131/><U134/><E134/><V93/><F97/><N who="3" m="59711" /><G85/><T135/><D135/><U23/><REACH who="1" step="1"/><E18/><REACH who="1" ten="280,210,240,260" step="2"/><N who="2" m="12375" /><F93/><W133/><G133/><T14/><D30/><AGARI ba="1,1" hai="9,13,16,20,26,30,88,90,91,92,94" m="12375" machi="30" ten="30,5800,0" yaku="8,1,54,2" doraHai="115" who="2" fromWho="0" sc="280,-61,210,0,240,71,260,0" /><INIT seed="2,2,0,2,4,94" ten="219,210,311,260" oya="2" hai0="121,93,47,43,111,134,76,126,119,5,56,0,81" hai1="35,45,109,133,125,61,60,75,7,26,130,73,28" hai2="116,14,98,115,131,118,100,58,22,8,89,41,82" hai3="113,97,36,85,33,52,6,17,108,79,71,117,38"/><V86/><F131/><W114/><G117/><T95/><D121/><U46/><E130/><V72/><F115/><N who="3" m="44043" /><G71/><T27/><D119/><U101/><E109/><V127/><F127/><W92/><G33/><T91/><D126/><U78/><E125/><V29/><F72/><W68/><G68/><T3/><D111/><U65/><E133/><V12/><F41/><W62/><G6/><T11/><D134/><U104/><E7/><V37/><F37/><W69/><G108/><T90/><D3/><U110/><E110/><V77/><F77/><W9/><G69/><T16/><D56/><U59/><E61/><V87/><F87/><W49/><G62/><T50/><D95/><U106/><E106/><V48/><F48/><W39/><G9/><T112/><D112/><U19/><E19/><V120/><F58/><N who="3" m="33039" /><G17/><T103/><D103/><U40/><E78/><V15/><F120/><W99/><G92/><T83/><D93/><U80/><E80/><AGARI ba="2,0" hai="36,38,39,79,80,85,97,99" m="33039,44043" machi="80" ten="40,8000,1" yaku="11,1,52,2,54,1" doraHai="94" who="3" fromWho="1" sc="219,0,210,-86,311,0,260,86" /><INIT seed="3,0,0,0,1,25" ten="219,124,311,346" oya="3" hai0="79,7,99,129,17,87,133,16,95,109,30,43,103" hai1="5,60,82,135,48,51,102,47,57,98,69,86,67" hai2="21,20,14,72,53,116,89,106,56,36,64,15,112" hai3="65,32,104,100,18,28,10,107,127,41,126,11,49"/><W66/><G41/><T54/><D109/><U2/><E135/><V46/><F116/><W115/><G115/><T76/><D133/><U119/><E119/><V84/><F112/><W22/><G49/><T108/><D108/><U38/><E38/><V33/><F106/><N who="3" m="40491" /><G100/><T130/><D43/><U12/><E2/><V63/><F72/><W96/><G96/><T9/><D54/><U19/><E5/><V93/><F33/><W0/><G0/><N who="0" m="231" /><D87/><U61/><E98/><V114/><F114/><W75/><G75/><T8/><D30/><U24/><E102/><V80/><F36/><W77/><G77/><N who="0" m="29771" /><D8/><N who="3" m="3113" /><G32/><T88/><D103/><U27/><E61/><V91/><F21/><W31/><G18/><T78/><N who="0" m="29779" /><T131/><AGARI ba="0,0" hai="16,17,88,95,99,129,130,131" m="29779,231" machi="131" ten="40,8000,1" yaku="4,1,19,1,54,2" doraHai="25" who="0" fromWho="0" sc="219,80,124,-20,311,-20,346,-40" /><INIT seed="4,0,0,5,0,34" ten="299,104,291,306" oya="0" hai0="134,13,92,110,43,18,87,7,100,15,49,45,128" hai1="115,38,114,94,19,122,61,132,96,31,69,55,20" hai2="21,66,56,107,46,105,48,40,58,89,83,76,29" hai3="53,104,116,0,82,78,24,35,27,57,10,121,67"/><T39/><D128/><U33/><E122/><V1/><F89/><W74/><G116/><T127/><D127/><U68/><E38/><V32/><F32/><W79/><G104/><T102/><D134/><U97/><E132/><V65/><F1/><W103/><G103/><T62/><D110/><U77/><E77/><V36/><F107/><W25/><G121/><T130/><D130/><U59/><E31/><V51/><F105/><W119/><G119/><T133/><D133/><U64/><E33/><V60/><F29/><W63/><G35/><T37/><D37/><U118/><E118/><V93/><F93/><W81/><G10/><N who="0" m="4319" /><D39/><U124/><E124/><V120/><F21/><W80/><G0/><T44/><D44/><U106/><E106/><V98/><F98/><W85/><REACH who="3" step="1"/><G81/><REACH who="3" ten="299,104,291,296" step="2"/><T16/><D102/><U26/><E97/><V113/><F120/><W73/><G73/><T131/><D131/><U111/><E111/><V108/><F108/><W6/><G6/><T99/><D100/><U2/><E2/><V126/><F126/><W9/><G9/><T71/><D99/><U95/><E95/><V72/><F113/><N who="1" m="43017" /><E64/><AGARI ba="0,1" hai="24,25,27,53,57,63,64,67,74,78,79,80,82,85" machi="64" ten="40,1300,0" yaku="1,1,53,0" doraHai="34" doraHaiUra="41" who="3" fromWho="1" sc="299,0,104,-13,291,0,296,23" /><INIT seed="5,0,0,2,0,129" ten="299,91,291,319" oya="1" hai0="120,115,60,55,34,103,30,69,1,19,36,33,13" hai1="51,27,14,80,104,39,12,74,117,15,20,4,82" hai2="22,24,37,113,135,107,131,105,61,134,56,2,112" hai3="91,28,73,84,16,70,10,132,38,79,17,32,40"/><U9/><E39/><V96/><F37/><W123/><G123/><T48/><D36/><U26/><E104/><N who="2" m="40011" /><F96/><W89/><G70/><T58/><D1/><U87/><E117/><V94/><F94/><W101/><G101/><T8/><D115/><N who="2" m="44106" /><F2/><W133/><G28/><T54/><D120/><U97/><E97/><V75/><F75/><W118/><G32/><T63/><D103/><U64/><E64/><N who="2" m="38951" /><F131/><W102/><G102/><T128/><D128/><U95/><E74/><V53/><F53/><W83/><G118/><T72/><D72/><U111/><E111/><V47/><F47/><W18/><G10/><T65/><REACH who="0" step="1"/><D30/><AGARI ba="0,0" hai="22,24,30,134,135" m="38951,44106,40011" machi="30" ten="30,7700,0" yaku="15,1,11,1,52,2" doraHai="129" who="2" fromWho="0" sc="299,-77,91,0,291,77,319,0" /><INIT seed="6,0,0,0,0,111" ten="222,91,368,319" oya="2" hai0="24,29,93,80,15,77,110,120,50,7,39,71,135" hai1="121,10,53,131,30,34,44,55,46,58,125,72,126" hai2="97,91,75,127,32,69,123,102,108,94,100,96,129" hai3="47,21,67,76,33,113,103,65,73,36,26,2,41"/><V89/><F69/><W61/><G33/><T122/><D39/><U124/><E72/><V109/><F32/><W6/><G103/><N who="2" m="39465" /><F123/><W68/><G65/><T86/><D110/><N who="2" m="42602" /><F129/><W83/><G21/><T114/><D71/><U1/><E121/><V37/><F37/><W52/><G26/><T59/><D135/><U62/><E131/><V118/><F118/><W45/><G45/><N who="1" m="17514" /><E30/><V48/><F48/><W106/><G52/><N who="1" m="20042" /><E34/><V133/><F133/><W82/><G82/><T64/><D80/><U27/><E27/><V101/><F127/><N who="1" m="32513" /><U60/><DORA hai="11" /><E10/><V28/><F28/><W90/><G83/><T3/><D29/><U51/><E1/><V116/><F75/><W63/><G2/><T42/><D3/><U38/><E38/><V74/><F74/><W66/><G73/><T99/><D24/><U49/><E58/><V0/><F116/><W54/><G36/><T40/><D59/><U12/><E12/><V105/><F0/><W107/><G68/><T35/><D35/><U22/><E22/><V57/><F57/><W43/><G47/><T134/><D122/><U119/><E119/><V115/><F91/><W23/><G90/><T88/><D120/><U132/><E132/><V5/><F5/><W85/><G6/><T20/><D7/><U8/><E8/><V98/><F89/><W13/><G23/><T87/><D20/><U14/><E14/><V19/><F101/><W95/><G13/><T79/><D15/><U78/><E78/><V4/><F4/><W18/><G76/><T128/><D79/><U17/><E17/><V104/><F19/><RYUUKYOKU ba="0,0" sc="222,-10,91,30,368,-10,319,-10" hai1="49,51,60,62" /><INIT seed="7,1,0,2,2,74" ten="212,121,358,309" oya="3" hai0="85,110,122,88,36,46,77,130,115,93,62,53,112" hai1="29,132,3,37,52,13,98,72,34,92,84,103,104" hai2="30,58,119,70,80,18,61,121,78,24,123,118,91" hai3="50,96,54,21,55,90,73,111,43,42,5,131,101"/><W67/><G131/><T68/><D110/><U16/><E3/><V44/><F70/><W27/><G111/><T33/><D122/><N who="2" m="46602" /><F91/><W83/><G67/><N who="0" m="41079" /><D33/><U9/><E37/><V11/><F44/><W116/><G5/><T99/><D130/><U41/><E41/><V117/><F18/><W63/><G116/><T4/><D4/><U126/><E132/><V7/><F58/><W109/><G109/><T15/><D15/><U100/><E126/><V10/><F61/><W113/><G113/><N who="0" m="43595" /><D53/><U35/><E72/><N who="2" m="43079" /><F7/><W8/><G8/><T38/><D46/><U25/><E35/><AGARI ba="1,0" hai="10,11,24,30,35,117,118,119" m="43079,46602" machi="35" ten="40,2600,0" yaku="13,1,52,1" doraHai="74" who="2" fromWho="1" sc="212,0,121,-29,358,29,309,0" owari="212,-19.0,92,-41.0,387,49.0,309,11.0" /></mjloggm>