<mjloggm ver="2.3"><GO type="169" lobby="0"/><UN n0="%E5%B0%B1%E6%B4%BB%E7%94%9F%40%E5%B7%9D%E6%9D%91%E8%BB%8D%E5%9B%A3" n1="%E3%83%A2%E3%83%A1%E3%83%B3%E3%83%9E%E3%82%B9%E3%83%86%E3%82%A3%E3%83%95" n2="%E3%81%82%E3%81%A3%E3%82%AA%E3%83%AF%E3%83%AA%E3%81%BE%E3%81%97%E3%81%9F" n3="%38%37%73%65%66" dan="18,17,16,16" rate="2316.02,2188.42,2103.22,2144.58" sx="M,F,F,M"/><TAIKYOKU oya="0"/><INIT seed="0,0,0,2,1,116" ten="250,250,250,250" oya="0" hai0="109,6,85,69,48,20,0,127,131,14,134,5,113" hai1="78,128,52,57,86,60,79,112,123,89,11,33,95" hai2="4,54,122,133,119,110,98,44,70,55,101,62,16" hai3="114,130,58,17,124,30,35,53,56,47,71,8,88"/><T1/><D69/><U104/><E33/><V63/><F122/><W10/><G71/><T100/><D100/><U59/><E128/><V111/><F133/><W50/><G114/><T66/><D66/><U93/><E104/><V97/><F4/><N who="0" m="1642" /><D85/><U13/><E112/><V129/><F129/><W132/><G130/><T120/><D48/><U22/><E123/><V67/><F119/><W94/><G124/><T2/><D131/><U36/><E36/><V118/><F118/><W42/><G58/><T19/><D120/><U82/><E22/><V51/><F62/><W72/><G72/><T80/><D80/><U15/><E15/><V7/><F7/><W3/><G3/><T105/><D105/><U103/><E95/><V12/><F55/><W90/><G90/><T61/><D61/><U27/><E27/><V99/><REACH who="2" step="1"/><F101/><REACH who="2" ten="250,250,240,250" step="2"/><W68/><G132/><T26/><D113/><U40/><E40/><V96/><N who="2" m="24576" /><DORA hai="28" /><V46/><F46/><W18/><G47/><T37/><D134/><U83/><E103/><V49/><F49/><W126/><G42/><T41/><D41/><U81/><E59/><V135/><F135/><W106/><G56/><T117/><D37/><U39/><E39/><V84/><F84/><W115/><G50/><T75/><D75/><U34/><E60/><V102/><F102/><W107/><G115/><T43/><D43/><U77/><E57/><V74/><F74/><W9/><G107/><T38/><D38/><U125/><E52/><V25/><F25/><W108/><G106/><T73/><D73/><U29/><E86/><V31/><F31/><RYUUKYOKU ba="0,1" sc="250,-10,250,-10,240,30,250,-10" hai2="12,16,44,51,54,63,67,70,110,111" /><INIT seed="1,1,1,3,0,89" ten="240,240,270,240" oya="1" hai0="13,67,86,80,64,21,91,25,125,14,62,48,1" hai1="76,100,17,40,70,55,75,98,8,33,109,19,132" hai2="72,26,45,47,9,108,84,28,77,116,57,74,81" hai3="121,58,101,83,65,3,119,34,36,10,37,59,15"/><U44/><E70/><V29/><F108/><W46/><G3/><T85/><D125/><U127/><E109/><V99/><F116/><W82/><G34/><T11/><D48/><U63/><E127/><V12/><F57/><W27/><G121/><T66/><D62/><U54/><E33/><V87/><F99/><W103/><G27/><T97/><D97/><U112/><E112/><V79/><F26/><W32/><G32/><T69/><D69/><U96/><E96/><V129/><F129/><W53/><G46/><T105/><D105/><U7/><E132/><V30/><F74/><W134/><G134/><T39/><D39/><U126/><E126/><V93/><F72/><W35/><G35/><T38/><D38/><U43/><E76/><V107/><F107/><W0/><G0/><T23/><D23/><U50/><E75/><V73/><F73/><W118/><G10/><T22/><D22/><U123/><E123/><V111/><F111/><W61/><G15/><T78/><D1/><U88/><E100/><N who="3" m="38474" /><G37/><T104/><D11/><U31/><E31/><V20/><F20/><W90/><G36/><T4/><D4/><U131/><E131/><V110/><F110/><W51/><G90/><T18/><REACH who="0" step="1"/><D104/><REACH who="0" ten="230,240,270,240" step="2"/><U114/><E7/><V133/><F133/><W120/><G120/><T42/><D42/><N who="1" m="15915" /><E8/><V52/><F9/><W5/><G5/><T102/><D102/><U71/><E71/><V56/><F47/><W41/><G41/><T92/><AGARI ba="1,2" hai="13,14,18,21,25,64,66,67,78,80,85,86,91,92" machi="92" ten="30,7900,0" yaku="1,1,0,1,8,1,52,1,53,0" doraHai="89" doraHaiUra="49" who="0" fromWho="0" sc="230,102,240,-40,270,-21,240,-21" /><INIT seed="2,0,0,4,1,55" ten="332,200,249,219" oya="2" hai0="98,23,67,99,119,24,7,38,113,124,107,126,44" hai1="20,127,135,102,68,21,93,128,84,41,134,82,80" hai2="115,94,47,133,78,92,121,6,31,36,54,77,91" hai3="27,26,16,29,85,131,5,32,71,2,106,109,63"/><V14/><F115/><W3/><G106/><T51/><D113/><U72/><E68/><V28/><F121/><W59/><G71/><T1/><D38/><U13/><E41/><V86/><F133/><N who="1" m="50697" /><E13/><V95/><F36/><W4/><G109/><T9/><D67/><U88/><E128/><V56/><F47/><W130/><G85/><T117/><D107/><U10/><E10/><N who="2" m="4439" /><F78/><W61/><G29/><N who="2" m="11337" /><F77/><W73/><G32/><T18/><D98/><N who="1" m="59727" /><E127/><N who="0" m="48681" /><D99/><U112/><E112/><V52/><F54/><AGARI ba="0,0" hai="1,7,9,18,23,24,44,51,54,117,119" m="48681" machi="54" ten="30,1000,0" yaku="18,1" doraHai="55" who="0" fromWho="2" sc="332,10,200,0,249,-10,219,0" /><INIT seed="3,0,0,3,2,126" ten="342,200,239,219" oya="3" hai0="95,112,50,82,66,102,5,26,129,35,9,11,18" hai1="68,15,0,135,49,64,10,38,37,21,55,125,84" hai2="77,3,17,86,109,134,2,29,88,58,70,44,107" hai3="121,41,92,14,59,103,6,20,33,127,78,39,110"/><W116/><G33/><T74/><D66/><U72/><E72/><V28/><F70/><W4/><G116/><T96/><D112/><U118/><E125/><V19/><F107/><W45/><G121/><T133/><D133/><U83/><E118/><V69/><F69/><W90/><G127/><T13/><D35/><U113/><E113/><V42/><F77/><W57/><G103/><T91/><D129/><U115/><E135/><V124/><F124/><W87/><G78/><T22/><D74/><U120/><E0/><V43/><F58/><W1/><G1/><T16/><D50/><U47/><E120/><V34/><F34/><W79/><G79/><T76/><D76/><U80/><E80/><V54/><F54/><W73/><G73/><T117/><D117/><U85/><E85/><V32/><F32/><W75/><G75/><T67/><D67/><U94/><E94/><V105/><F105/><W48/><G39/><T119/><D119/><U23/><E38/><V93/><F134/><W27/><G110/><T7/><D11/><U106/><E106/><V132/><F109/><W98/><G87/><AGARI ba="0,0" hai="5,7,9,13,16,18,22,26,82,87,91,95,96,102" machi="87" ten="40,2600,0" yaku="8,1,54,1" doraHai="126" who="0" fromWho="3" sc="342,26,200,0,239,0,219,-26" /><INIT seed="4,0,0,0,0,53" ten="368,200,239,193" oya="0" hai0="41,32,123,109,83,67,39,122,6,18,65,21,64" hai1="106,69,108,101,132,35,47,97,1,30,131,105,51" hai2="27,25,14,8,28,98,85,88,37,104,3,9,92" hai3="45,59,121,134,79,91,23,124,115,22,126,62,13"/><T57/><D109/><U87/><E108/><V70/><F37/><W128/><G115/><T107/><D32/><U120/><E120/><V130/><F70/><W119/><G119/><T12/><D107/><U63/><E1/><V34/><F130/><W77/><G121/><T55/><D6/><U68/><E132/><V96/><F25/><W0/><G0/><T94/><D83/><U72/><E72/><V78/><F78/><N who="3" m="29707" /><G134/><T60/><REACH who="0" step="1"/><D94/><REACH who="0" ten="358,200,239,193" step="2"/><U135/><E106/><V110/><F104/><W103/><G128/><T80/><D80/><U114/><E131/><V16/><REACH who="2" step="1"/><F110/><REACH who="2" ten="358,200,229,193" step="2"/><W56/><G126/><T113/><D113/><U52/><E114/><V11/><F11/><W74/><G124/><T5/><D5/><AGARI ba="0,2" hai="3,5,8,9,14,16,27,28,34,85,88,92,96,98" machi="5" ten="40,5200,0" yaku="1,1,54,2,53,0" doraHai="53" doraHaiUra="99" who="2" fromWho="0" sc="358,-52,200,0,229,72,193,0" /><INIT seed="5,0,0,0,2,62" ten="306,200,301,193" oya="1" hai0="51,82,46,65,89,44,109,92,63,100,17,101,54" hai1="135,93,75,13,90,120,122,116,129,87,7,43,56" hai2="124,37,99,117,34,80,104,61,35,39,42,8,69" hai3="121,0,72,78,125,98,26,30,49,48,128,10,134"/><U57/><E116/><V2/><F117/><W59/><G121/><T81/><D109/><U55/><E75/><V71/><F80/><N who="0" m="30826" /><D46/><U11/><E135/><V12/><F12/><W127/><G72/><T23/><D63/><U70/><E70/><V66/><F71/><W118/><G78/><T86/><D65/><U107/><E129/><V76/><F76/><W9/><G118/><T27/><AGARI ba="0,0" hai="17,23,27,44,51,54,86,89,92,100,101" m="30826" machi="27" ten="30,1100,0" yaku="8,1" doraHai="62" who="0" fromWho="0" sc="306,11,200,-5,301,-3,193,-3" /><INIT seed="6,0,0,0,4,88" ten="317,195,298,190" oya="2" hai0="134,113,26,53,55,97,127,104,100,89,36,109,19" hai1="39,22,23,50,86,58,42,28,110,64,70,0,77" hai2="92,101,8,61,102,34,5,68,12,120,35,123,135" hai3="91,67,31,37,131,14,20,51,24,112,108,47,57"/><V94/><F135/><W79/><G108/><T56/><D109/><U98/><E0/><V71/><F61/><N who="3" m="38319" /><G37/><T6/><D36/><U45/><E110/><V11/><F12/><W126/><G131/><T52/><D113/><U119/><E119/><V111/><F111/><W18/><G112/><T30/><D6/><AGARI ba="0,0" hai="5,6,8,11,34,35,68,71,92,94,101,102,120,123" machi="6" ten="25,9600,0" yaku="22,2,52,2" doraHai="88" who="2" fromWho="0" sc="317,-96,195,0,298,96,190,0" /><INIT seed="6,1,0,0,5,106" ten="221,195,394,190" oya="2" hai0="118,66,19,56,31,48,100,127,133,129,86,108,39" hai1="130,17,26,123,82,25,72,21,70,5,27,94,104" hai2="79,85,117,33,126,120,55,18,74,134,42,10,14" hai3="135,32,93,115,52,109,2,103,102,90,87,29,124"/><V23/><F117/><W59/><G109/><T81/><D39/><U105/><E70/><V101/><F120/><W97/><G2/><T75/><D75/><U96/><E123/><V99/><F74/><W98/><G135/><T38/><D38/><U16/><E130/><V73/><F73/><W6/><G124/><T131/><D31/><U45/><E5/><V24/><F126/><W54/><G6/><T116/><D108/><U51/><E105/><V91/><F42/><W3/><G3/><T83/><D133/><U20/><E104/><V43/><F43/><W57/><G115/><T69/><D100/><N who="3" m="38441" /><G29/><T92/><D92/><U36/><E36/><V28/><F79/><W111/><G32/><T46/><D69/><U80/><E27/><V1/><F55/><N who="3" m="21035" /><G111/><T84/><D19/><U12/><E12/><V58/><F33/><W61/><G59/><T41/><D127/><U53/><E72/><V44/><F58/><W65/><AGARI ba="1,0" hai="57,61,65,87,90,93,97,98" m="21035,38441" machi="65" ten="30,2000,0" yaku="8,1,54,1" doraHai="106" who="3" fromWho="3" sc="221,-6,195,-6,394,-11,190,23" /><INIT seed="7,0,0,0,2,105" ten="215,189,383,213" oya="3" hai0="126,49,48,131,38,92,85,91,66,27,46,10,52" hai1="80,28,72,104,29,112,134,54,73,99,63,41,16" hai2="6,106,37,101,107,96,129,111,89,9,45,124,68" hai3="132,18,133,3,2,67,116,61,8,135,59,7,93"/><W62/><G116/><T15/><D131/><U22/><E41/><V119/><F111/><W98/><G18/><T20/><D126/><U55/><E112/><V97/><F129/><W118/><G118/><T44/><D38/><U110/><E110/><V123/><F68/><W50/><G50/><N who="0" m="28743" /><D66/><U83/><E134/><V33/><F33/><W86/><G86/><T69/><D69/><U76/><E104/><V64/><F107/><W77/><G77/><T57/><D57/><U53/><E99/><V42/><F97/><W23/><G23/><T47/><D47/><U35/><E35/><V79/><F79/><W19/><G19/><N who="0" m="12703" /><D46/><U13/><E63/><V58/><F89/><N who="3" m="55599" /><G62/><T5/><AGARI ba="0,0" hai="5,10,15,48,49,85,91,92" m="12703,28743" machi="5" ten="30,2000,0" yaku="8,1,54,1" doraHai="105" who="0" fromWho="0" sc="215,20,189,-5,383,-5,213,-10" owari="235,4.0,184,-32.0,378,48.0,203,-20.0" /></mjloggm>