<mjloggm ver="2.3"><GO type="169" lobby="0"/><UN n0="%E3%81%8B%E3%82%81%E3%81%98%E3%82%8D%E3%81%86" n1="%E3%82%A6%E3%83%AB%E3%83%88%E3%83%A9%E7%AB%8B%E7%9B%B4" n2="%E3%81%91%E3%82%93%31%39%37%30" n3="%E3%80%90%E7%BD%AA%E6%AD%8C%E3%80%91" dan="16,17,16,18" rate="2113.48,2184.44,2097.86,2227.44" sx="M,M,M,F"/><TAIKYOKU oya="0"/><INIT seed="0,0,0,0,4,128" ten="250,250,250,250" oya="0" hai0="77,42,26,110,39,113,12,119,53,22,35,106,63" hai1="28,9,115,114,66,135,34,75,24,96,72,11,82" hai2="59,45,91,74,76,43,85,36,52,109,116,31,21" hai3="97,118,133,131,15,51,98,18,99,17,103,111,14"/><T27/><D119/><U41/><E41/><V124/><F109/><W1/><G1/><T2/><D113/><N who="1" m="43019" /><E66/><V10/><F124/><W67/><G67/><T73/><D106/><U134/><E96/><V117/><F10/><N who="1" m="3593" /><E82/><V61/><F74/><AGARI ba="0,0" hai="24,28,34,72,74,75,134,135" m="3593,43019" machi="74" ten="40,5200,0" yaku="11,1,52,2" doraHai="128" who="1" fromWho="2" sc="250,0,250,52,250,-52,250,0" /><INIT seed="1,0,0,1,3,78" ten="250,302,198,250" oya="1" hai0="24,116,113,80,47,7,108,72,13,92,48,107,131" hai1="52,94,100,54,58,84,69,87,64,35,109,104,41" hai2="119,14,114,12,56,36,75,83,20,91,49,43,30" hai3="82,66,134,15,71,39,103,45,128,105,117,17,37"/><U111/><E35/><V88/><F119/><W4/><G117/><T65/><D107/><U81/><E104/><V55/><F114/><W44/><G134/><T125/><D116/><U112/><E112/><V42/><F36/><W97/><G128/><T132/><D113/><U27/><E41/><N who="2" m="15371" /><F75/><W77/><G4/><T2/><D2/><U130/><E130/><V96/><F91/><W99/><G99/><T73/><D131/><U32/><E69/><V9/><F9/><W124/><G124/><T133/><D125/><U79/><E32/><V1/><F1/><W18/><G18/><T0/><D0/><U85/><E27/><N who="2" m="16743" /><F96/><W122/><G122/><T8/><D24/><U5/><E5/><V135/><F135/><W34/><G34/><T95/><D72/><U118/><E118/><V21/><F21/><W115/><G115/><T38/><D38/><U123/><E123/><V63/><F63/><W76/><G76/><T110/><D132/><U16/><E16/><V61/><F61/><N who="3" m="40399" /><G39/><T57/><D133/><U68/><E68/><V59/><F59/><W89/><G89/><T53/><D57/><U23/><E23/><V46/><F56/><W28/><G28/><T31/><D31/><U62/><E87/><AGARI ba="0,0" hai="12,14,46,49,55,83,87,88" m="16743,15371" machi="87" ten="30,3900,0" yaku="8,1,52,1,54,1" doraHai="78" who="2" fromWho="1" sc="250,0,302,-39,198,39,250,0" /><INIT seed="2,0,0,4,3,30" ten="250,263,237,250" oya="2" hai0="12,69,133,65,1,100,23,123,75,87,92,42,110" hai1="127,77,9,95,90,76,71,99,124,97,3,122,117" hai2="80,10,68,120,82,112,6,56,29,130,93,118,8" hai3="44,109,132,103,83,0,52,126,11,31,94,32,15"/><V84/><F68/><W19/><G109/><T41/><D1/><U134/><E71/><V45/><F112/><W101/><G126/><N who="1" m="48170" /><E117/><V2/><F118/><W25/><G132/><T114/><D75/><U63/><E134/><V33/><F120/><W13/><G13/><T104/><D133/><U49/><E122/><V35/><F29/><W21/><G83/><T24/><D123/><U115/><E115/><V55/><F45/><W62/><G94/><T79/><D114/><U135/><E135/><V88/><F130/><W46/><G46/><T113/><D113/><U50/><E63/><V37/><F37/><W89/><G89/><T40/><D69/><U98/><E50/><V106/><F106/><W74/><G74/><T67/><D104/><U91/><E49/><V125/><F125/><W96/><G96/><N who="1" m="36970" /><E91/><V18/><F82/><W85/><G85/><T54/><D54/><U57/><E57/><V43/><F43/><W116/><G116/><T58/><D100/><U107/><E107/><V102/><F102/><W53/><G53/><T105/><D105/><U38/><E38/><V64/><F80/><W5/><G44/><T129/><D58/><AGARI ba="0,0" hai="0,5,11,15,19,21,25,31,32,52,58,62,101,103" machi="58" ten="40,8000,1" yaku="24,2,52,1,54,1" doraHai="30" who="3" fromWho="0" sc="250,-80,263,0,237,0,250,80" /><INIT seed="3,0,0,0,0,32" ten="170,263,237,330" oya="3" hai0="37,101,115,16,110,40,6,12,99,14,22,9,24" hai1="39,79,46,103,83,28,88,26,93,63,53,75,54" hai2="120,35,48,127,27,94,4,59,66,67,13,105,84" hai3="10,8,108,38,61,2,65,43,91,34,70,134,71"/><W50/><G134/><T36/><D115/><U19/><E103/><V55/><F105/><W132/><G132/><T60/><D110/><U41/><E63/><V56/><F127/><W68/><G10/><T7/><D40/><U45/><E45/><V42/><F120/><W23/><G23/><T133/><D133/><U78/><E78/><V104/><F104/><W135/><G135/><T62/><D37/><U102/><E102/><V121/><F42/><W128/><G128/><T129/><D36/><U124/><E19/><V29/><F121/><W97/><G91/><T74/><D74/><U20/><REACH who="1" step="1"/><E124/><REACH who="1" ten="170,253,237,330" step="2"/><V69/><F69/><W107/><G68/><T25/><D129/><U80/><E80/><V114/><F59/><W117/><G70/><T100/><D100/><U87/><AGARI ba="0,1" hai="20,26,28,39,41,46,53,54,75,79,83,87,88,93" machi="87" ten="20,8000,1" yaku="1,1,0,1,7,1,54,1,53,1" doraHai="32" doraHaiUra="82" who="1" fromWho="1" sc="170,-20,253,90,237,-20,330,-40" /><INIT seed="4,0,0,0,2,110" ten="150,343,217,290" oya="0" hai0="7,20,102,114,83,118,119,14,101,90,78,103,82" hai1="91,84,64,117,5,9,48,43,46,73,42,88,8" hai2="15,85,63,22,38,52,131,26,62,59,89,68,96" hai3="109,18,67,115,57,56,77,123,40,19,31,105,4"/><T50/><D20/><U11/><E73/><V53/><F131/><W49/><G105/><T32/><D32/><U125/><E117/><V34/><F38/><W6/><G109/><T65/><D65/><U54/><E125/><V93/><F34/><W132/><G77/><T41/><D83/><U21/><E64/><V128/><F128/><W29/><G67/><T45/><D90/><U1/><E91/><V94/><F68/><W61/><G49/><T116/><D114/><U97/><E97/><V86/><F15/><W133/><G40/><T127/><D127/><U47/><E21/><V70/><F70/><W104/><G104/><T76/><REACH who="0" step="1"/><D82/><REACH who="0" ten="140,343,217,290" step="2"/><U28/><E88/><N who="2" m="53399" /><F96/><W126/><G126/><T98/><D98/><U111/><E111/><V72/><F72/><W13/><G115/><T39/><D39/><U35/><E35/><V108/><F108/><W71/><G71/><T95/><D95/><U58/><E84/><V25/><F22/><W81/><G81/><T10/><AGARI ba="0,1" hai="7,10,14,41,45,50,76,78,101,102,103,116,118,119" machi="10" ten="40,3900,0" yaku="1,1,0,1,53,0" doraHai="110" doraHaiUra="122" who="0" fromWho="0" sc="140,49,343,-13,217,-13,290,-13" /><INIT seed="4,1,0,4,1,28" ten="189,330,204,277" oya="0" hai0="126,36,7,22,85,88,77,15,124,128,107,76,21" hai1="65,127,1,9,94,19,57,78,24,118,45,64,43" hai2="32,51,53,111,79,18,91,17,4,70,10,105,12" hai3="54,6,20,106,26,27,134,92,97,90,117,101,60"/><T129/><D107/><U75/><E118/><V41/><F111/><W81/><G117/><T110/><D36/><U120/><E120/><V14/><F70/><W39/><G39/><T131/><D110/><U50/><E94/><V67/><F67/><W99/><G134/><T102/><D102/><U115/><E19/><V44/><F105/><W89/><G6/><T130/><N who="0" m="32768" /><DORA hai="69" /><T40/><D40/><U123/><E24/><V8/><F79/><N who="0" m="30282" /><D7/><N who="1" m="1263" /><E123/><V108/><F108/><W5/><G5/><T63/><D63/><U25/><E127/><N who="0" m="48681" /><D15/><U103/><E103/><V59/><F4/><W87/><G60/><T58/><D58/><U34/><E57/><V56/><F91/><W96/><G106/><T135/><D135/><U82/><E50/><V37/><F56/><W72/><G101/><T16/><D16/><U31/><E65/><V49/><F49/><W55/><G55/><T47/><D47/><U119/><E64/><V2/><F2/><W84/><G54/><T29/><D29/><U86/><E119/><V83/><F83/><AGARI ba="1,0" hai="21,22,83,85,88" m="48681,30282,32768" machi="83" ten="60,11600,0" yaku="19,1,18,1,54,1" doraHai="28,69" who="0" fromWho="2" sc="189,119,330,0,204,-119,277,0" /><INIT seed="4,2,0,4,0,133" ten="308,330,85,277" oya="0" hai0="61,60,50,120,33,123,103,81,69,12,29,104,71" hai1="35,16,49,99,23,105,85,80,92,107,34,78,88" hai2="48,1,39,44,28,40,7,75,86,31,5,94,79" hai3="58,119,27,121,63,19,82,131,106,113,74,45,118"/><T77/><D12/><U128/><E128/><V4/><F48/><W84/><G106/><T114/><D114/><U51/><E51/><V53/><F53/><W55/><G113/><T43/><D43/><U15/><E107/><V2/><F86/><W32/><G74/><T25/><D50/><U129/><E129/><V70/><F94/><W95/><G121/><T134/><D134/><U21/><E21/><V109/><F109/><W17/><G131/><T125/><D61/><U96/><E96/><V6/><F70/><W8/><G95/><T30/><D30/><U56/><E56/><V93/><F93/><W132/><G132/><T37/><D37/><U41/><REACH who="1" step="1"/><E105/><REACH who="1" ten="308,320,85,277" step="2"/><V126/><F2/><W90/><G45/><AGARI ba="2,1" hai="15,16,23,34,35,41,45,49,78,80,85,88,92,99" machi="45" ten="40,8000,1" yaku="1,1,2,1,54,2,53,1" doraHai="133" doraHaiUra="18" who="1" fromWho="3" sc="308,0,320,96,85,0,277,-86" /><INIT seed="5,0,0,1,5,58" ten="308,416,85,191" oya="1" hai0="86,84,120,32,129,126,14,36,50,115,77,109,30" hai1="25,48,1,62,8,46,6,61,15,89,59,100,125" hai2="42,65,39,131,118,123,18,66,0,103,35,79,78" hai3="105,99,19,68,119,10,26,90,122,4,93,2,76"/><U116/><E116/><V51/><F118/><W88/><G68/><T128/><D36/><U70/><E125/><V92/><F123/><W91/><G122/><T3/><D3/><U33/><E100/><V63/><F39/><W17/><G119/><T57/><D120/><U40/><E70/><V72/><F35/><W80/><G105/><T83/><D115/><U53/><E1/><V71/><F0/><W29/><G17/><T60/><D126/><U56/><E89/><V95/><F131/><W38/><G19/><T67/><D14/><U11/><E11/><V31/><F31/><W55/><G55/><T27/><D109/><U24/><E33/><V106/><F106/><W121/><G38/><T114/><D114/><U41/><E41/><V133/><F133/><W124/><G124/><T85/><REACH who="0" step="1"/><D50/><REACH who="0" ten="298,416,85,191" step="2"/><U97/><E97/><V9/><F51/><W134/><G134/><T127/><D127/><U37/><E37/><V47/><F9/><W98/><G99/><T73/><AGARI ba="0,1" hai="27,30,32,57,60,67,73,77,83,84,85,86,128,129" machi="73" ten="30,4000,0" yaku="1,1,0,1,52,1,53,0" doraHai="58" doraHaiUra="13" who="0" fromWho="0" sc="298,50,416,-20,85,-10,191,-10" /><INIT seed="6,0,0,5,2,4" ten="348,396,75,181" oya="2" hai0="11,114,17,130,24,108,39,6,23,34,53,120,43" hai1="0,18,129,80,102,27,15,134,113,115,101,135,59" hai2="30,128,112,9,40,3,32,99,41,122,31,48,126" hai3="124,10,65,73,8,54,67,75,110,96,82,68,69"/><V97/><F122/><W93/><G110/><T74/><D108/><U127/><E0/><V5/><F112/><N who="1" m="43081" /><E129/><V36/><F36/><W87/><G124/><T64/><D64/><U22/><E127/><V42/><F126/><W85/><G54/><T81/><D120/><U116/><E116/><V28/><F128/><W133/><G133/><N who="1" m="50698" /><E59/><V37/><F37/><W66/><G96/><T78/><D114/><U84/><E27/><V109/><F109/><W117/><G93/><T58/><D130/><U38/><E38/><V19/><F32/><W21/><G21/><T46/><D34/><U60/><E60/><V14/><REACH who="2" step="1"/><F48/><REACH who="2" ten="348,396,65,181" step="2"/><W95/><G117/><T72/><D39/><U90/><AGARI ba="0,1" hai="15,18,22,80,84,90,101,102" m="50698,43081" machi="90" ten="30,2000,0" yaku="15,1,20,1" doraHai="4" who="1" fromWho="1" sc="348,-5,396,30,65,-10,181,-5" /><INIT seed="7,0,0,0,0,89" ten="343,426,55,176" oya="3" hai0="93,35,77,133,71,4,49,85,54,108,37,7,119" hai1="13,28,45,98,109,87,3,121,65,1,102,86,84" hai2="110,55,66,41,56,76,80,78,51,81,62,58,97" hai3="52,94,44,83,50,125,12,47,134,48,103,127,33"/><W73/><G33/><T42/><D4/><U117/><E109/><V67/><F110/><W129/><G129/><T88/><D108/><U34/><E121/><V30/><F30/><W22/><G134/><T99/><D71/><U107/><E13/><V11/><F41/><W29/><G83/><T96/><D35/><U26/><E117/><V132/><F132/><W122/><G73/><T63/><D133/><U18/><E18/><V90/><F11/><W64/><G64/><T8/><D119/><U31/><E31/><V59/><F59/><W60/><G60/><T43/><D63/><U79/><E79/><V113/><F113/><W74/><G74/><T123/><D37/><U75/><E75/><V128/><F128/><W95/><G103/><T61/><D61/><U14/><E14/><V135/><F135/><W131/><G122/><T114/><D114/><U105/><E65/><V19/><F67/><W68/><G68/><T53/><D53/><U21/><E34/><V20/><F81/><W15/><G131/><T40/><D77/><U82/><E82/><V5/><F5/><W27/><G15/><N who="0" m="5535" /><D123/><U32/><E32/><V6/><F6/><W116/><G12/><T126/><D126/><N who="3" m="48137" /><G116/><T120/><D120/><U57/><E1/><V92/><F80/><W118/><G118/><T16/><D16/><U24/><E3/><V0/><F0/><W101/><G101/><T104/><D104/><U38/><E107/><V46/><REACH who="2" step="1"/><F46/><AGARI ba="0,0" hai="40,42,43,46,49,54,85,88,93,96,99" m="5535" machi="46" ten="30,3900,0" yaku="8,1,52,1,54,1" doraHai="89" who="0" fromWho="2" sc="343,39,426,0,55,-39,176,0" owari="382,18.0,426,52.0,16,-48.0,176,-22.0" /></mjloggm>