<mjloggm ver="2.3"><GO type="169" lobby="0"/><UN n0="%E3%81%97%E3%82%85%E3%81%B0%E3%82%8B%E3%81%A4" n1="%E5%B0%91%E5%A5%B3%E3%83%95%E3%82%A1%E3%82%A4%E3%83%88" n2="%E3%82%A6%E3%83%AB%E3%83%88%E3%83%A9%E7%AB%8B%E7%9B%B4" n3="%E3%81%BD%E3%81%BF%E3%82%85" dan="16,17,18,17" rate="2056.70,2114.60,2265.71,2266.98" sx="M,F,M,F"/><TAIKYOKU oya="0"/><INIT seed="0,0,0,5,2,82" ten="250,250,250,250" oya="0" hai0="97,51,7,105,74,72,130,106,104,43,34,40,103" hai1="107,36,16,59,32,133,9,126,14,134,44,84,118" hai2="88,112,128,37,46,132,22,90,50,120,127,42,66" hai3="30,67,108,35,58,6,57,39,29,28,27,102,135"/><T75/><D34/><U64/><E118/><V119/><F120/><W19/><G39/><T124/><D7/><U78/><E32/><V76/><F112/><W101/><G108/><T12/><D12/><U31/><E31/><V91/><F128/><W53/><G135/><N who="1" m="51722" /><E107/><V80/><F132/><W15/><G6/><T3/><D130/><U63/><E126/><V95/><F127/><W93/><G67/><T77/><D124/><U20/><E36/><V24/><F66/><W54/><G27/><T55/><D3/><U2/><E44/><V113/><F113/><W18/><G35/><T111/><D77/><U4/><E78/><V21/><F119/><W47/><G47/><T123/><D123/><U8/><E84/><N who="2" m="48135" /><F37/><W0/><G0/><T52/><D111/><U115/><E115/><V13/><F13/><W41/><G41/><T81/><D81/><U49/><E49/><V62/><F62/><N who="3" m="36143" /><G93/><T131/><D131/><U110/><E110/><V83/><F83/><W96/><G96/><T71/><D43/><U92/><E92/><V129/><F129/><W79/><G79/><T56/><D40/><U89/><E89/><N who="2" m="34411" /><F24/><W25/><G25/><T65/><REACH who="0" step="1"/><D55/><REACH who="0" ten="240,250,250,250" step="2"/><U125/><E125/><V26/><F26/><W17/><G15/><T85/><D85/><AGARI ba="0,1" hai="21,22,42,46,50,85,91,95" m="34411,48135" machi="85" ten="30,7700,0" yaku="8,1,52,2,54,1" doraHai="82" who="2" fromWho="0" sc="240,-77,250,0,250,87,250,0" /><INIT seed="1,0,0,4,3,108" ten="163,250,337,250" oya="1" hai0="101,39,17,115,42,1,31,21,22,35,34,84,38" hai1="80,36,86,12,50,128,67,14,69,119,5,37,55" hai2="131,33,29,6,121,110,124,93,53,59,107,32,9" hai3="88,51,46,40,111,99,126,81,90,78,91,13,123"/><U73/><E119/><V49/><F107/><W62/><G111/><T23/><D101/><U87/><E73/><V4/><F121/><W54/><G123/><T11/><D42/><U92/><E128/><V130/><F110/><W2/><G2/><T16/><D84/><U30/><E30/><V127/><F93/><W83/><G126/><N who="2" m="48169" /><F6/><W18/><G99/><T66/><D66/><U103/><E67/><V112/><F112/><W120/><G120/><T57/><D57/><U20/><E69/><V79/><F79/><W125/><G125/><T60/><D60/><U74/><E74/><V117/><F117/><W24/><G24/><N who="0" m="16799" /><D39/><U65/><E65/><V52/><F53/><W0/><G0/><T118/><D38/><U45/><E37/><V15/><F29/><W96/><G96/><T106/><D106/><U113/><E36/><V72/><F72/><W134/><G134/><T19/><D118/><U135/><E135/><V63/><F63/><W58/><REACH who="3" step="1"/><G78/><REACH who="3" ten="163,250,337,240" step="2"/><T116/><D116/><U41/><E86/><V10/><F131/><W104/><G104/><T102/><D102/><U95/><E87/><V7/><F130/><W75/><G75/><T27/><D115/><U8/><E103/><V133/><F133/><W100/><G100/><T97/><D97/><U76/><E76/><V28/><F28/><W98/><G98/><T56/><D27/><U132/><E132/><V25/><F25/><W105/><G105/><T61/><D1/><AGARI ba="0,1" hai="1,4,7,9,10,15,32,33,49,52,59" m="48169" machi="1" ten="30,2000,0" yaku="18,1,54,1" doraHai="108" who="2" fromWho="0" sc="163,-20,250,0,337,30,240,0" /><INIT seed="2,0,0,4,2,98" ten="143,250,367,240" oya="2" hai0="46,121,4,69,83,0,62,56,71,21,92,134,127" hai1="36,86,41,29,130,93,128,5,52,66,33,91,44" hai2="7,118,17,8,122,124,73,89,90,38,132,11,82" hai3="81,135,34,126,23,133,103,110,108,35,79,42,22"/><V131/><F118/><W3/><G3/><T78/><D121/><U94/><E66/><V30/><F38/><W12/><G42/><T117/><D117/><U19/><E5/><V75/><F30/><W53/><G53/><T76/><D134/><N who="3" m="51209" /><G126/><T13/><D127/><U32/><E19/><V24/><F132/><W28/><G103/><T57/><D57/><U60/><E94/><V51/><F51/><W80/><G79/><T107/><D107/><U96/><E86/><V116/><F124/><W26/><G80/><T114/><D76/><U101/><E91/><V88/><F82/><W1/><G1/><T102/><D0/><U105/><E105/><V43/><F89/><W40/><G40/><T106/><D106/><U97/><E97/><V55/><F43/><W64/><G64/><T115/><D92/><U45/><E29/><V85/><F90/><W50/><G50/><T63/><D102/><U112/><E112/><V25/><F88/><W48/><G48/><T15/><D83/><U125/><E45/><V16/><F55/><W70/><G70/><T120/><D46/><U49/><E125/><V65/><F65/><W113/><G113/><T129/><D114/><U95/><E95/><V14/><F116/><W39/><G39/><T59/><D115/><U74/><E74/><V20/><F75/><W54/><G54/><T9/><D78/><U18/><E36/><V6/><F73/><W123/><G123/><T10/><D120/><U67/><E41/><V61/><F122/><W109/><G81/><T104/><D104/><U111/><E67/><V84/><F85/><RYUUKYOKU ba="0,0" sc="143,-10,250,-10,367,-10,240,30" hai3="12,22,23,26,28,34,35,108,109,110" /><INIT seed="3,1,0,4,3,93" ten="133,240,357,270" oya="3" hai0="68,120,64,35,12,7,95,78,92,76,19,99,40" hai1="1,100,46,63,114,0,117,116,106,13,27,69,101" hai2="45,121,129,135,89,133,62,91,17,97,72,15,74" hai3="65,55,110,87,24,41,127,52,30,132,112,11,38"/><W58/><G112/><T111/><D120/><U94/><E114/><V88/><F121/><W119/><G119/><N who="1" m="45642" /><E13/><V67/><F45/><W44/><G127/><T50/><D35/><U122/><E122/><V83/><F83/><W90/><G132/><N who="2" m="50761" /><F97/><W3/><G110/><T73/><D7/><U9/><E9/><N who="2" m="6383" /><F129/><W10/><G65/><T4/><D4/><U128/><E128/><V6/><F6/><W47/><G47/><T126/><D126/><U43/><E106/><V130/><F130/><W16/><G3/><T96/><D73/><U105/><E0/><V34/><F34/><W36/><G36/><T57/><D111/><U54/><E1/><V39/><F39/><W84/><G84/><T118/><D118/><U107/><E107/><V28/><F28/><W98/><G98/><N who="0" m="37419" /><D76/><U42/><E105/><V2/><F2/><W29/><G11/><N who="0" m="6559" /><D78/><U14/><E101/><V18/><F18/><W61/><G10/><T51/><D40/><U131/><E43/><V109/><F109/><W70/><G70/><AGARI ba="1,0" hai="62,67,70,72,74,88,89,91" m="6383,50761" machi="70" ten="30,2000,0" yaku="20,1,54,1" doraHai="93" who="2" fromWho="3" sc="133,0,240,0,357,23,270,-23" /><INIT seed="4,0,0,1,1,79" ten="133,240,380,247" oya="0" hai0="63,28,117,111,34,62,131,54,78,47,6,13,20" hai1="25,14,24,92,121,45,130,41,23,132,124,126,70" hai2="16,98,11,15,33,83,77,8,50,103,80,61,22" hai3="12,99,102,35,89,17,37,26,115,74,46,90,72"/><T44/><D117/><U58/><E70/><V108/><F33/><W93/><G115/><T127/><D127/><U10/><E121/><V4/><F108/><W104/><G37/><T56/><D111/><U86/><E130/><V65/><F50/><W1/><G1/><T42/><D131/><U114/><E132/><V49/><F49/><W87/><G46/><T39/><D44/><U118/><E118/><V113/><F113/><W59/><G59/><T29/><D34/><U81/><E92/><V94/><F77/><W76/><G76/><T40/><D40/><U67/><E58/><V85/><F85/><W125/><G125/><N who="1" m="48234" /><E23/><V134/><F134/><W135/><G90/><T31/><D78/><N who="1" m="46391" /><E67/><V55/><F55/><W105/><G105/><T0/><D0/><U66/><E66/><V30/><F30/><W91/><G91/><T19/><REACH who="0" step="1"/><D63/><REACH who="0" ten="123,240,380,247" step="2"/><U75/><E114/><V68/><F11/><W109/><G135/><T5/><AGARI ba="0,1" hai="5,6,13,19,20,28,29,31,39,42,47,54,56,62" machi="5" ten="30,11700,0" yaku="1,1,2,1,0,1,53,1" doraHai="79" doraHaiUra="51" who="0" fromWho="0" sc="123,127,240,-39,380,-39,247,-39" /><INIT seed="4,1,0,0,4,113" ten="250,201,341,208" oya="0" hai0="26,80,133,135,122,104,48,52,94,73,82,117,61" hai1="16,25,105,22,126,35,55,38,110,78,39,89,51" hai2="68,75,107,128,74,31,70,29,77,47,28,62,109" hai3="53,86,23,81,130,24,12,127,134,64,36,84,115"/><T46/><D104/><U100/><E110/><V37/><F107/><W19/><G36/><T123/><D117/><U41/><E126/><V59/><F109/><W20/><G115/><T65/><D94/><U71/><E71/><V69/><F77/><W58/><G127/><T30/><D73/><U91/><E78/><V67/><F128/><W7/><G134/><N who="0" m="51211" /><D80/><U13/><E41/><V101/><F101/><W88/><G130/><T6/><D6/><U34/><E39/><V121/><F121/><W4/><G64/><T8/><D8/><U0/><E38/><V102/><F102/><W124/><G84/><T87/><D30/><U32/><E0/><V96/><F96/><W95/><G81/><T114/><D26/><U129/><E129/><V49/><REACH who="2" step="1"/><F37/><REACH who="2" ten="250,201,331,208" step="2"/><W9/><G124/><T92/><D114/><U63/><E105/><V120/><F120/><W103/><G103/><T15/><D123/><U106/><E100/><V79/><F79/><W56/><G56/><T50/><D122/><U27/><E106/><V93/><F93/><W44/><G44/><T10/><D92/><U111/><E111/><V3/><F3/><W60/><REACH who="3" step="1"/><G23/><REACH who="3" ten="250,201,331,198" step="2"/><T125/><D46/><N who="1" m="28151" /><E35/><V54/><AGARI ba="1,2" hai="28,29,31,47,49,54,59,62,67,68,69,70,74,75" machi="54" ten="40,2700,0" yaku="1,1,0,1,53,0" doraHai="113" doraHaiUra="1" who="2" fromWho="2" sc="250,-14,201,-8,331,50,198,-8" /><INIT seed="5,0,0,0,5,77" ten="236,193,381,190" oya="1" hai0="81,91,45,58,89,80,0,12,90,127,122,75,35" hai1="112,18,46,125,38,106,93,33,60,57,41,87,82" hai2="25,32,110,47,13,118,88,34,76,73,23,53,100" hai3="43,97,62,54,113,94,126,49,59,19,1,42,28"/><U105/><E33/><V8/><F100/><W65/><G1/><T84/><D0/><U44/><E125/><V7/><F110/><W119/><G113/><T20/><D35/><U72/><E112/><V133/><F118/><W51/><G126/><T121/><D127/><U22/><E46/><V78/><F133/><W40/><G119/><T14/><D58/><U92/><E72/><V9/><F73/><W11/><G28/><T111/><D111/><U70/><E70/><V99/><F9/><W63/><G11/><T64/><D64/><U67/><E106/><V29/><F34/><W132/><G132/><T116/><D116/><U50/><E38/><V24/><F24/><W123/><G19/><N who="0" m="10359" /><D12/><N who="1" m="9543" /><E105/><V39/><F39/><W31/><G31/><T108/><D108/><U17/><E17/><V3/><F3/><W117/><G123/><N who="0" m="47115" /><D45/><U109/><E109/><V10/><F32/><W83/><G117/><T52/><D52/><U74/><E74/><V5/><F10/><W135/><G135/><T98/><D98/><U130/><E130/><V56/><F47/><W107/><G107/><T27/><D27/><U103/><E103/><V124/><F124/><W55/><G65/><T120/><D120/><U102/><E102/><V15/><F15/><W36/><G36/><T16/><D16/><U21/><E21/><V71/><F13/><W96/><G96/><T131/><D131/><U66/><E66/><V79/><F8/><W37/><G37/><T129/><D129/><U114/><E114/><V85/><F23/><W95/><G97/><T61/><D75/><U4/><E4/><RYUUKYOKU ba="0,0" sc="236,-10,193,30,381,-10,190,-10" hai1="41,44,50,57,60,67,82,87,92,93" /><INIT seed="5,1,0,0,5,58" ten="226,223,371,180" oya="1" hai0="11,46,5,105,0,92,91,12,18,54,51,16,117" hai1="57,93,125,38,21,133,66,71,49,109,23,98,33" hai2="131,31,95,36,56,79,73,114,65,129,44,127,68" hai3="13,64,22,84,25,132,89,88,27,14,40,86,55"/><U10/><E33/><V52/><F73/><W87/><G132/><T60/><D117/><U111/><E38/><V100/><F79/><W115/><G115/><T104/><D60/><N who="1" m="38159" /><E71/><V101/><F31/><W30/><G64/><T110/><D110/><N who="1" m="41995" /><E133/><V24/><F24/><W70/><G70/><T4/><D4/><U42/><E10/><V130/><F127/><W90/><G40/><T81/><D81/><U75/><E75/><V74/><F74/><W7/><G7/><T28/><D28/><U78/><E78/><V6/><F6/><W106/><G106/><T122/><D122/><U103/><E125/><V83/><F83/><W72/><G72/><T15/><D0/><U20/><E49/><V61/><F114/><W123/><G123/><T3/><D3/><U34/><E34/><V1/><F1/><W47/><REACH who="3" step="1"/><G27/><REACH who="3" ten="226,223,371,170" step="2"/><T69/><D69/><U85/><E42/><N who="2" m="22599" /><F68/><W120/><G120/><T128/><D5/><U108/><E108/><V82/><F130/><W124/><G124/><T48/><D128/><U26/><E85/><V80/><F129/><W126/><G126/><T121/><D121/><U76/><E76/><V39/><F131/><W2/><G2/><T77/><D77/><U134/><E134/><V19/><F65/><W9/><G9/><T113/><D11/><U50/><E26/><V32/><F39/><W135/><G135/><T63/><D113/><U53/><E53/><V17/><F52/><W99/><G99/><T97/><D97/><U43/><E43/><V119/><F119/><W35/><G35/><T45/><D54/><U96/><E98/><RYUUKYOKU ba="1,1" sc="226,-15,223,15,371,-15,170,15" hai1="20,21,23,50,93,96,103" hai3="13,14,22,25,30,47,55,84,86,87,88,89,90" /><INIT seed="5,2,1,3,2,113" ten="211,238,356,185" oya="1" hai0="11,7,44,49,24,133,126,79,2,118,23,37,87" hai1="28,129,22,92,63,3,8,98,94,124,45,68,112" hai2="25,43,90,62,65,110,76,104,1,60,5,103,15" hai3="40,17,130,77,64,54,39,132,70,58,50,101,38"/><U53/><E112/><V97/><F1/><W99/><G132/><T80/><D133/><U9/><E124/><V59/><F76/><W89/><G130/><T14/><D126/><U32/><E129/><V13/><F43/><W71/><G77/><T116/><D37/><N who="3" m="13833" /><G89/><T78/><D2/><U114/><E32/><V96/><F5/><W48/><G99/><T55/><REACH who="0" step="1"/><D78/><REACH who="0" ten="201,238,356,185" step="2"/><U27/><E3/><V95/><F110/><W52/><G101/><T105/><D105/><U107/><E107/><V115/><F115/><W88/><G88/><T74/><D74/><U73/><E73/><V30/><F60/><N who="3" m="37911" /><G17/><AGARI ba="2,2" hai="7,11,14,17,23,24,44,49,55,79,80,87,116,118" machi="17" ten="30,7700,0" yaku="1,1,7,1,52,2,53,0" doraHai="113" doraHaiUra="66" who="0" fromWho="3" sc="201,103,238,0,356,0,185,-83" /><INIT seed="6,0,0,0,0,82" ten="304,238,356,102" oya="2" hai0="123,117,89,36,6,68,52,42,72,24,9,99,32" hai1="46,109,97,17,116,119,84,73,128,132,94,107,74" hai2="7,20,62,114,51,98,22,38,134,31,108,16,13" hai3="1,55,125,127,122,90,29,129,39,71,57,95,133"/><V69/><F38/><W18/><G122/><T106/><D123/><U49/><E17/><V5/><F108/><W10/><G71/><T87/><D68/><U65/><E65/><V75/><F75/><N who="1" m="28681" /><E49/><V104/><F114/><W92/><G39/><T102/><D42/><U91/><E46/><V93/><F134/><W44/><G44/><T124/><D72/><U35/><E35/><V27/><F104/><W26/><G133/><T80/><D117/><N who="1" m="45131" /><E132/><V113/><F113/><W66/><G129/><T118/><D36/><U25/><E25/><V76/><F69/><W37/><G66/><T60/><D24/><U111/><E128/><V43/><F62/><W126/><G37/><T110/><D110/><N who="1" m="41995" /><E107/><V130/><F51/><W79/><G18/><T15/><D32/><U120/><E120/><V3/><F43/><W30/><G30/><T63/><D63/><U40/><E40/><V28/><F28/><W45/><G45/><T11/><D118/><U54/><E54/><V135/><F31/><W23/><G79/><T47/><D47/><U34/><E34/><V83/><F76/><W88/><G10/><T56/><D11/><U78/><E78/><V53/><F53/><W50/><REACH who="3" step="1"/><G1/><REACH who="3" ten="304,238,356,92" step="2"/><T70/><D70/><U58/><E58/><V101/><F3/><W105/><G105/><T100/><D9/><U0/><E0/><V86/><F130/><W103/><G103/><T21/><D102/><U121/><E121/><V59/><F135/><W12/><G12/><T19/><D6/><U33/><E33/><V4/><F4/><W85/><G85/><AGARI ba="0,1" hai="84,85,91,94,97" m="41995,45131,28681" machi="85" ten="40,8000,1" yaku="34,2,52,2" doraHai="82" who="1" fromWho="3" sc="304,0,238,90,356,0,92,-80" /><INIT seed="7,0,0,2,2,80" ten="304,328,356,12" oya="3" hai0="68,52,87,65,115,99,47,103,69,17,54,2,37" hai1="83,98,90,71,53,15,111,123,21,106,29,18,74" hai2="118,109,132,76,64,34,27,67,42,25,116,78,89" hai3="124,117,114,7,8,84,100,30,73,16,97,77,121"/><W107/><G121/><T62/><D2/><U113/><E111/><V50/><F89/><W12/><G117/><T79/><D115/><U35/><E123/><V31/><F50/><W3/><G114/><T6/><D6/><U59/><E71/><V36/><F31/><W82/><G124/><T128/><D128/><U91/><E113/><V56/><F56/><W127/><G127/><T88/><D69/><U24/><E106/><V120/><F42/><W81/><G30/><T19/><D79/><U70/><E70/><V61/><F61/><W0/><REACH who="3" step="1"/><G7/><REACH who="3" ten="304,328,356,2" step="2"/><T131/><D131/><U92/><E74/><V44/><F120/><W4/><G4/><T46/><D19/><U134/><E18/><V130/><F118/><W122/><G122/><T32/><D17/><U110/><E29/><V22/><F116/><W43/><G43/><T63/><D32/><U72/><E35/><V119/><F34/><W126/><G126/><T125/><D125/><U66/><E110/><V93/><F109/><W135/><G135/><T133/><D133/><U40/><E40/><V95/><F132/><W105/><G105/><T86/><D37/><U10/><E134/><V51/><F36/><W14/><G14/><T96/><D68/><U5/><E15/><V55/><F119/><W49/><G49/><T104/><D104/><U75/><E5/><V102/><F51/><W45/><G45/><T58/><D47/><U33/><E33/><V39/><F44/><W23/><G23/><T129/><D46/><U38/><E21/><V101/><F22/><W48/><G48/><T85/><D129/><RYUUKYOKU ba="0,1" sc="304,-10,328,-10,356,-10,2,30" hai3="0,3,8,12,16,73,77,81,82,84,97,100,107" /><INIT seed="7,1,1,3,5,15" ten="294,318,346,32" oya="3" hai0="36,78,106,64,51,129,116,133,57,65,101,84,79" hai1="90,35,135,74,103,59,88,85,93,122,112,61,34" hai2="119,41,43,100,127,58,108,16,96,87,113,24,22" hai3="46,71,14,124,45,75,27,76,77,33,60,6,13"/><W73/><G60/><T53/><D116/><U94/><E74/><V120/><F108/><W12/><G27/><T48/><D36/><U92/><E122/><V86/><F113/><W134/><G33/><T26/><D106/><U5/><E5/><V1/><F1/><W95/><G95/><T32/><D133/><U10/><E10/><V54/><F127/><W70/><G6/><T30/><D129/><U102/><E135/><V81/><F87/><W130/><G13/><T37/><D37/><U50/><E50/><V17/><F17/><W20/><G134/><T8/><D101/><N who="1" m="38411" /><E112/><V47/><F47/><W25/><G25/><T117/><D117/><U56/><E34/><V99/><F119/><W31/><G20/><T121/><D121/><U44/><E44/><V7/><F7/><W91/><G91/><N who="1" m="34858" /><E35/><V118/><F118/><W52/><G130/><T9/><D9/><U98/><E85/><V105/><F99/><W18/><G31/><T19/><D51/><U110/><E110/><V132/><F132/><W131/><G131/><T72/><D84/><U49/><E49/><N who="2" m="31055" /><F120/><W21/><G21/><T104/><D104/><U109/><E109/><V40/><F86/><W38/><G38/><T23/><D32/><U82/><E82/><V97/><F96/><W111/><G111/><T11/><D11/><U89/><E56/><V123/><F81/><W55/><REACH who="3" step="1"/><G18/><REACH who="3" ten="294,318,346,22" step="2"/><T63/><D30/><U83/><E83/><V125/><F123/><W126/><AGARI ba="1,2" hai="12,14,45,46,52,55,70,71,73,75,76,77,124,126" machi="126" ten="25,18000,2" yaku="1,1,2,1,0,1,22,2,54,1,53,0" doraHai="15" doraHaiUra="28" who="3" fromWho="3" sc="294,-61,318,-61,346,-61,22,203" /><INIT seed="7,2,0,0,3,4" ten="233,257,285,225" oya="3" hai0="91,71,82,88,55,130,44,85,105,101,36,10,78" hai1="115,86,127,106,90,135,0,6,24,48,104,59,52" hai2="18,32,98,38,107,128,111,2,134,35,42,77,97" hai3="94,125,67,21,37,45,129,31,116,47,23,9,108"/><W30/><G116/><T65/><D130/><U113/><E24/><V43/><F2/><W69/><G129/><T96/><D65/><U81/><E127/><V70/><F70/><W114/><G125/><T27/><D71/><U80/><E80/><V121/><F111/><W64/><G108/><T63/><D36/><U119/><E119/><V22/><F77/><W95/><G69/><T46/><D27/><U40/><E40/><V83/><F83/><W73/><G9/><T120/><D120/><U15/><E0/><V103/><F128/><W56/><G56/><T50/><D63/><U13/><E13/><V133/><F98/><W118/><G73/><T126/><D126/><U51/><E51/><V41/><F38/><W110/><G110/><T112/><D112/><N who="1" m="43083" /><E135/><N who="2" m="51723" /><F121/><W28/><G118/><T89/><REACH who="0" step="1"/><D10/><AGARI ba="2,0" hai="6,10,15,48,52,59,81,86,90,104,106" m="43083" machi="10" ten="30,3900,0" yaku="15,1,52,1,54,1" doraHai="4" who="1" fromWho="0" sc="233,-45,257,45,285,0,225,0" owari="188,-31.0,302,39.0,285,9.0,225,-17.0" /></mjloggm>