<mjloggm ver="2.3"><GO type="169" lobby="0"/><UN n0="%E5%B0%B1%E6%B4%BB%E7%94%9F%40%E5%B7%9D%E6%9D%91%E8%BB%8D%E5%9B%A3" n1="%E9%95%B7%E9%96%80%2A%E6%9C%AA%E6%B2%99" n2="%6A%61%6E%79" n3="%68%61%72%75%72%75%39%31" dan="18,16,17,16" rate="2287.09,2121.76,2188.83,2105.74" sx="M,M,M,M"/><TAIKYOKU oya="0"/><INIT seed="0,0,0,1,2,132" ten="250,250,250,250" oya="0" hai0="115,55,26,57,52,59,37,118,78,107,13,6,40" hai1="114,126,124,110,44,134,58,92,17,41,61,16,1" hai2="90,47,100,72,42,29,93,131,67,112,123,106,79" hai3="127,50,75,34,7,63,129,97,83,49,32,77,133"/><T60/><D107/><U54/><E134/><V12/><F123/><W119/><G119/><T99/><D118/><U27/><E1/><V43/><F112/><W111/><G133/><T3/><D3/><U45/><E114/><V88/><F67/><W62/><G7/><T66/><D115/><U98/><E110/><V122/><F122/><W113/><G113/><T103/><D78/><U76/><E76/><V38/><F131/><W80/><G77/><T15/><D26/><U70/><E70/><V109/><F109/><W74/><G97/><T46/><D6/><U130/><E130/><V65/><F65/><W53/><G53/><T128/><D128/><U48/><E45/><V84/><F43/><W121/><G129/><T94/><REACH who="0" step="1"/><D66/><REACH who="0" ten="240,250,250,250" step="2"/><U4/><E4/><V91/><F79/><W125/><REACH who="3" step="1"/><G111/><REACH who="3" ten="240,250,250,240" step="2"/><T31/><D31/><U101/><REACH who="1" step="1"/><E27/><REACH who="1" ten="240,240,250,240" step="2"/><V102/><F72/><W5/><G5/><T18/><D18/><AGARI ba="0,3" hai="16,17,18,41,44,48,54,58,61,92,98,101,124,126" machi="18" ten="40,8000,1" yaku="1,1,2,1,52,2,54,1,53,0" doraHai="132" doraHaiUra="68" who="1" fromWho="0" sc="240,-80,240,110,250,0,240,0" /><INIT seed="1,0,0,5,0,45" ten="160,350,250,240" oya="1" hai0="130,3,31,34,86,15,81,2,42,132,120,106,10" hai1="129,64,50,69,39,82,60,125,123,51,68,19,112" hai2="53,99,37,36,111,127,44,94,96,11,135,95,90" hai3="118,56,38,5,71,116,26,108,124,27,102,100,23"/><U1/><E123/><V134/><F111/><W101/><G108/><T119/><D106/><U74/><E112/><V76/><F127/><W0/><G71/><T65/><D119/><N who="3" m="45609" /><G38/><T25/><D120/><U49/><E125/><V46/><F76/><W17/><G124/><T52/><D65/><U41/><E1/><V13/><F53/><W103/><G103/><T105/><D105/><U61/><E19/><V121/><F121/><W63/><G5/><T92/><D130/><U8/><E8/><V7/><F37/><W87/><G0/><T66/><D66/><N who="1" m="41031" /><E74/><V107/><F107/><W58/><G87/><T62/><D42/><U20/><E20/><V128/><F128/><W67/><G58/><T126/><D126/><U80/><E80/><V113/><F113/><W22/><G22/><T9/><D92/><U78/><E82/><V6/><F6/><W35/><G35/><T40/><D10/><U114/><E78/><V48/><F36/><W4/><G4/><T83/><D83/><U29/><E29/><V77/><F77/><W12/><AGARI ba="0,0" hai="12,17,23,26,27,56,63,67,100,101,102" m="45609" machi="12" ten="30,1100,0" yaku="12,1" doraHai="45" who="3" fromWho="3" sc="160,-3,350,-5,250,-3,240,11" /><INIT seed="2,0,0,2,0,49" ten="157,345,247,251" oya="2" hai0="88,131,105,36,106,27,101,76,89,64,78,7,117" hai1="134,56,108,28,79,120,21,130,118,94,14,0,90" hai2="92,96,125,43,31,63,10,70,77,109,112,132,35" hai3="95,121,34,13,68,87,115,104,129,127,114,99,20"/><V44/><F112/><W23/><G34/><T119/><D36/><U93/><E0/><V124/><F132/><W24/><G68/><T37/><D37/><U81/><E118/><N who="0" m="45065" /><D7/><U30/><E134/><V38/><F77/><N who="0" m="29802" /><D64/><U51/><E120/><V73/><F73/><W91/><G121/><T41/><D41/><U116/><E94/><V123/><F123/><W71/><G71/><T55/><D27/><U65/><E65/><N who="2" m="41279" /><F10/><W9/><G24/><T66/><D66/><U11/><E21/><V110/><F31/><W57/><G13/><T67/><D67/><U113/><E113/><V4/><F4/><W54/><G9/><T6/><D6/><U103/><E103/><N who="2" m="60807" /><F35/><W46/><G23/><T52/><D131/><U29/><E30/><V100/><F100/><W97/><G20/><T82/><D101/><U75/><E28/><V40/><F40/><W128/><G129/><T2/><D2/><U69/><E29/><V60/><F60/><W111/><G128/><T50/><D50/><U5/><E130/><V48/><F38/><W102/><G114/><T86/><D89/><U122/><E69/><V8/><F8/><W107/><G115/><T42/><D42/><U62/><E122/><V83/><F83/><W15/><G102/><T133/><D133/><U126/><E116/><V72/><F72/><W22/><G22/><T18/><D18/><U1/><E5/><V53/><F43/><W33/><G33/><T12/><D12/><U61/><E11/><V25/><F25/><W80/><G15/><T58/><D58/><U84/><E14/><V39/><F39/><RYUUKYOKU ba="0,0" sc="157,15,345,-15,247,15,251,-15" hai0="52,55,82,86,88,105,106" hai2="44,48,53,109,110,124,125" /><INIT seed="2,1,0,0,4,4" ten="172,330,262,236" oya="2" hai0="20,34,47,70,57,83,3,58,77,42,125,18,61" hai1="102,11,28,0,109,50,39,106,38,88,90,41,133" hai2="116,84,74,123,46,12,43,97,93,76,117,91,64" hai3="1,75,59,114,69,131,23,13,56,24,92,105,10"/><V73/><F123/><W45/><G105/><T37/><D34/><U54/><E28/><V44/><F64/><W19/><G75/><T55/><D3/><U80/><E90/><V103/><F116/><W128/><G69/><T67/><D125/><U111/><E133/><V35/><F117/><W7/><G114/><T130/><D130/><N who="3" m="49705" /><G45/><T51/><D58/><N who="3" m="22057" /><G92/><T124/><D124/><U127/><E102/><V89/><F76/><W120/><G120/><T121/><D121/><U32/><E32/><V78/><F78/><W99/><G99/><T14/><D77/><U71/><E106/><V49/><F35/><W94/><G94/><T53/><D53/><U122/><E71/><V135/><F135/><W126/><G126/><T119/><D119/><U107/><E107/><V48/><F12/><AGARI ba="1,0" hai="1,7,10,12,13,19,23,24" m="22057,49705" machi="12" ten="30,2000,0" yaku="19,1,52,1" doraHai="4" who="3" fromWho="2" sc="172,0,330,0,262,-23,236,23" /><INIT seed="3,0,0,1,5,33" ten="172,330,239,259" oya="3" hai0="71,44,83,41,115,73,10,72,117,56,6,25,101" hai1="132,96,92,78,3,40,60,93,27,63,127,29,53" hai2="107,52,81,34,59,36,129,11,37,55,35,123,64" hai3="23,43,104,8,131,18,118,48,68,111,122,80,69"/><W20/><G118/><T77/><D71/><U133/><E3/><V38/><F107/><W13/><G122/><T109/><D117/><U57/><E127/><V66/><F123/><W102/><G131/><T47/><D73/><U126/><E126/><V62/><F129/><W0/><G102/><T79/><D79/><U120/><E120/><V91/><F11/><W54/><G104/><T113/><D109/><U28/><E40/><V12/><F12/><W134/><G43/><T22/><D101/><U98/><E78/><V110/><F110/><W39/><G39/><T112/><D56/><U100/><E60/><V49/><F66/><W67/><G111/><T128/><D128/><U31/><REACH who="1" step="1"/><E27/><REACH who="1" ten="172,320,239,259" step="2"/><V105/><F62/><W124/><G0/><N who="0" m="327" /><D41/><U95/><E95/><V130/><F105/><W26/><G124/><T108/><D108/><U30/><N who="1" m="7168" /><DORA hai="84" /><U24/><E24/><V19/><F130/><W5/><G26/><T86/><D72/><U58/><E58/><V4/><F59/><W65/><G68/><T135/><D135/><U50/><E50/><V103/><F49/><W116/><G134/><T15/><D25/><U89/><AGARI ba="0,1" hai="53,57,63,89,92,93,96,98,100,132,133" m="7168" machi="89" ten="40,8000,1" yaku="1,1,0,1,52,1,53,1" doraHai="33,84" doraHaiUra="1,97" who="1" fromWho="1" sc="172,-20,320,90,239,-20,259,-40" /><INIT seed="4,0,0,5,3,15" ten="152,410,219,219" oya="0" hai0="61,32,45,76,133,90,18,60,40,38,27,89,26" hai1="109,115,12,36,50,13,5,6,82,107,58,78,128" hai2="88,112,68,25,3,97,134,1,35,7,71,46,29" hai3="87,114,93,108,124,94,117,37,48,83,99,100,105"/><T111/><D133/><U69/><E36/><V84/><F134/><W16/><G37/><T55/><D111/><U21/><E69/><V75/><F75/><W125/><G117/><T91/><D76/><U130/><E107/><V73/><F73/><W120/><G108/><T98/><D98/><U123/><E123/><V62/><F97/><W70/><G70/><T118/><D118/><U92/><E109/><V77/><F77/><W24/><G48/><T42/><D42/><U106/><E92/><V14/><F112/><W95/><G114/><T44/><D44/><U53/><E106/><V59/><F14/><W19/><G120/><T96/><D96/><U31/><E13/><V65/><F46/><W51/><G51/><T66/><D55/><U80/><E80/><V79/><F79/><N who="3" m="46591" /><G24/><T122/><D122/><U2/><E2/><V67/><F7/><W63/><G63/><T4/><D4/><U135/><E135/><V43/><F43/><W102/><G102/><T10/><D32/><U39/><E39/><V121/><F121/><W11/><G11/><T9/><D61/><U81/><E5/><V8/><F8/><W132/><G132/><T34/><D34/><U126/><E6/><V0/><F68/><W85/><G85/><T23/><REACH who="0" step="1"/><D26/><REACH who="0" ten="142,410,219,219" step="2"/><N who="1" m="16847" /><E78/><V41/><F41/><W56/><G99/><T113/><D113/><U103/><E115/><V101/><F35/><W54/><G105/><T49/><D49/><U17/><E50/><V110/><F110/><W127/><G100/><T57/><AGARI ba="0,1" hai="9,10,18,23,27,38,40,45,57,60,66,89,90,91" machi="57" ten="30,6000,0" yaku="1,1,0,1,52,1,53,0" doraHai="15" doraHaiUra="74" who="0" fromWho="0" sc="142,70,410,-20,219,-20,219,-20" /><INIT seed="4,1,0,5,5,116" ten="212,390,199,199" oya="0" hai0="124,106,132,71,90,70,51,83,111,78,42,86,7" hai1="60,50,85,104,117,3,10,52,36,18,62,27,134" hai2="53,75,12,56,115,11,63,33,37,109,95,43,20" hai3="88,66,49,81,125,32,45,127,79,126,128,72,14"/><T48/><D106/><U34/><E117/><V46/><F109/><W94/><G128/><T87/><D111/><U102/><E36/><V130/><F130/><W129/><G129/><T108/><D108/><U35/><E134/><V2/><F75/><W89/><G32/><T82/><D132/><U16/><E18/><V61/><F115/><W30/><G30/><T121/><D121/><U9/><E9/><V120/><F33/><W80/><G66/><T110/><D110/><U17/><E17/><V0/><F0/><W59/><G59/><T133/><D133/><U28/><E35/><V96/><F2/><W25/><G25/><T44/><D124/><U100/><E100/><V23/><F63/><W123/><G123/><T47/><REACH who="0" step="1"/><D7/><REACH who="0" ten="202,390,199,199" step="2"/><U39/><E104/><V55/><F120/><W135/><G135/><T69/><D69/><U67/><E27/><V99/><F99/><W118/><G118/><T19/><D19/><U101/><E16/><V57/><F96/><W68/><G68/><T84/><D84/><U26/><E85/><V107/><F107/><W58/><G125/><T97/><D97/><U8/><E26/><V31/><F31/><W65/><G126/><T114/><D114/><U113/><E28/><V76/><F37/><W29/><G127/><T74/><D74/><U91/><E39/><V21/><F11/><W22/><G72/><T1/><D1/><U13/><E10/><V41/><F12/><W24/><G24/><T119/><D119/><U4/><E13/><V6/><F6/><W5/><G5/><T73/><D73/><U131/><E4/><RYUUKYOKU ba="1,1" sc="202,30,390,-10,199,-10,199,-10" hai0="42,44,47,48,51,70,71,78,82,83,86,87,90" /><INIT seed="4,2,1,1,1,53" ten="232,380,189,189" oya="0" hai0="134,44,76,22,15,99,102,12,66,13,47,18,129" hai1="46,69,98,122,52,41,5,1,38,24,72,124,56" hai2="55,16,82,87,64,96,2,20,21,127,108,34,88" hai3="59,33,42,132,75,120,67,11,117,7,101,92,4"/><T106/><D129/><U60/><E122/><V0/><F108/><W111/><G111/><T32/><D32/><U73/><E124/><V29/><F127/><W90/><G117/><T103/><D134/><U105/><E24/><V118/><F118/><W10/><G132/><T123/><D123/><U19/><E19/><V104/><F64/><W119/><G119/><T23/><D76/><U36/><E36/><V86/><F34/><W121/><G75/><T35/><D35/><U125/><E125/><V113/><F113/><W51/><G101/><T54/><D66/><U40/><E40/><V14/><F55/><N who="3" m="32255" /><G42/><T135/><D135/><U93/><E105/><V91/><F29/><W80/><G33/><T97/><D54/><U45/><E45/><V83/><REACH who="2" step="1"/><F21/><REACH who="2" ten="232,380,179,189" step="2"/><W116/><G116/><T77/><D23/><U70/><E69/><V114/><F114/><W28/><G28/><T79/><D22/><U68/><E70/><V61/><F61/><W8/><G67/><T95/><D18/><U58/><E68/><V110/><F110/><W85/><G121/><T17/><D17/><U112/><E112/><V6/><F6/><N who="3" m="2091" /><G120/><T27/><D44/><U107/><E5/><V49/><F49/><W78/><G78/><T62/><D62/><U126/><E60/><V50/><F50/><W48/><G48/><T31/><D47/><U26/><E46/><V39/><F39/><W37/><G37/><T30/><D30/><U81/><E126/><V25/><F25/><W71/><G71/><T115/><D115/><U133/><E133/><V128/><F128/><W89/><G10/><RYUUKYOKU ba="2,2" sc="232,10,380,-30,179,10,189,10" hai0="12,13,15,27,31,77,79,95,97,99,102,103,106" hai2="0,2,14,16,20,82,83,86,87,88,91,96,104" hai3="8,11,80,85,89,90,92" /><INIT seed="4,3,2,1,2,21" ten="242,350,189,199" oya="0" hai0="74,34,63,7,115,96,121,78,48,32,20,93,29" hai1="1,50,44,27,54,106,14,28,126,33,109,91,0" hai2="39,57,17,5,23,42,72,118,87,30,125,81,127" hai3="10,67,111,95,107,41,60,16,124,26,13,99,108"/><T94/><D121/><U102/><E109/><V100/><F118/><W77/><G107/><T66/><D115/><U73/><E73/><V59/><F72/><W40/><G77/><T65/><D7/><U92/><E126/><N who="2" m="48139" /><F30/><W113/><G124/><T4/><D4/><U130/><E130/><V15/><F100/><W79/><G79/><T37/><D37/><U52/><E54/><V120/><F120/><W55/><G55/><T105/><D105/><U89/><E89/><N who="2" m="51439" /><F5/><W2/><G113/><T83/><D48/><U18/><E102/><V131/><F131/><W64/><G2/><T80/><D80/><U97/><REACH who="1" step="1"/><E106/><REACH who="1" ten="242,340,189,199" step="2"/><V101/><F101/><W9/><G108/><T133/><D74/><U123/><E123/><V8/><F8/><AGARI ba="3,3" hai="0,1,8,14,18,27,28,33,44,50,52,91,92,97" machi="8" ten="30,8000,1" yaku="1,1,7,1,52,1,54,1,53,1" doraHai="21" doraHaiUra="49" who="1" fromWho="2" sc="242,0,340,119,189,-89,199,0" /><INIT seed="5,0,0,2,0,35" ten="242,459,100,199" oya="1" hai0="15,21,56,115,23,17,93,123,73,80,37,127,76" hai1="101,84,83,119,10,50,28,45,122,33,78,96,16" hai2="133,51,58,97,12,94,60,89,121,5,98,14,47" hai3="43,70,13,55,11,125,91,130,79,39,100,116,34"/><U64/><E122/><V103/><F121/><W81/><G70/><T52/><D37/><U135/><E119/><V2/><F133/><W75/><G34/><T87/><D123/><U120/><E120/><V99/><F2/><W132/><G132/><T68/><D68/><U27/><E135/><V62/><F5/><W25/><G100/><T4/><D4/><U30/><E64/><V129/><F129/><W86/><G25/><T22/><D115/><U42/><E33/><V126/><F126/><W106/><G106/><T24/><D24/><U134/><E134/><V107/><F97/><W118/><G125/><T18/><D18/><U20/><E10/><V40/><REACH who="2" step="1"/><F60/><REACH who="2" ten="242,459,90,199" step="2"/><W110/><G130/><T53/><D127/><U7/><E7/><V38/><F38/><W128/><G128/><T72/><D72/><U26/><E26/><V67/><AGARI ba="0,1" hai="12,14,40,47,51,58,62,67,89,94,98,99,103,107" machi="67" ten="20,8000,1" yaku="1,1,0,1,7,1,53,2" doraHai="35" doraHaiUra="95" who="2" fromWho="2" sc="242,-20,459,-40,90,90,199,-20" /><INIT seed="6,0,0,3,2,14" ten="222,419,180,179" oya="2" hai0="21,94,1,84,76,109,106,57,98,11,25,30,9" hai1="0,60,29,78,93,54,63,104,100,16,38,17,59" hai2="112,88,2,92,5,99,34,115,22,35,62,10,70" hai3="56,39,125,65,119,31,49,89,127,53,120,130,28"/><V12/><F70/><W126/><G119/><T20/><D1/><U87/><E0/><V85/><F62/><W27/><G120/><T105/><D105/><U80/><E38/><V7/><F99/><W116/><G116/><T96/><D106/><U73/><E29/><V6/><F22/><W83/><G39/><T91/><D109/><U67/><E104/><V135/><F135/><W13/><G65/><T50/><D21/><U123/><E123/><V66/><F66/><W114/><G114/><N who="2" m="43561" /><F2/><W118/><G118/><T8/><D76/><U107/><E107/><V68/><F68/><W71/><G71/><T52/><AGARI ba="0,0" hai="8,9,11,20,25,30,50,52,57,84,91,94,96,98" machi="52" ten="30,4000,0" yaku="0,1,8,1,54,1" doraHai="14" who="0" fromWho="0" sc="222,40,419,-10,180,-20,179,-10" /><INIT seed="7,0,0,3,2,37" ten="262,409,160,169" oya="3" hai0="4,13,122,102,20,19,87,66,110,132,54,125,36" hai1="96,58,77,116,17,25,71,0,106,31,101,45,67" hai2="23,10,56,124,126,15,120,127,38,3,50,1,53" hai3="109,114,6,55,48,118,42,80,65,59,130,70,88"/><W97/><G118/><T95/><D122/><U84/><E71/><V85/><F120/><W7/><G114/><T18/><D36/><U123/><E0/><N who="2" m="75" /><F38/><W82/><G130/><T49/><D4/><N who="3" m="1577" /><G70/><T100/><D66/><U16/><E17/><N who="2" m="10687" /><F85/><W75/><G75/><T34/><D34/><U57/><E25/><V43/><F43/><W135/><G135/><T5/><D125/><N who="2" m="32002" /><V27/><DORA hai="32" /><F27/><W51/><G109/><T44/><D110/><U131/><E67/><V61/><F10/><W117/><G117/><T63/><D132/><U14/><E84/><V81/><F81/><N who="3" m="31339" /><G65/><T111/><D111/><U46/><E123/><V134/><F134/><W29/><G29/><T113/><D113/><U68/><E31/><V8/><F8/><W60/><G42/><T115/><D115/><U73/><E73/><V94/><F94/><AGARI ba="0,0" hai="48,51,55,59,60,88,94,97" m="31339,1577" machi="94" ten="30,2900,0" yaku="8,1,54,1" doraHai="37,32" who="3" fromWho="2" sc="262,0,409,0,160,-29,169,29" /><INIT seed="7,1,0,2,0,46" ten="262,409,131,198" oya="3" hai0="16,40,32,33,123,77,88,49,119,62,94,76,19" hai1="14,106,89,109,124,102,59,130,18,67,13,126,27" hai2="90,132,11,26,131,101,100,86,114,125,97,56,81" hai3="6,20,78,68,25,43,69,134,70,75,47,28,118"/><W64/><G118/><T133/><D133/><U74/><E109/><V98/><F132/><W22/><G134/><T73/><D73/><U0/><E0/><V92/><F11/><W113/><G113/><T99/><D123/><U48/><E74/><V96/><F114/><W82/><G6/><T83/><D33/><U66/><E106/><V108/><F108/><W24/><G64/><T105/><D32/><U37/><E37/><V17/><F131/><W61/><G61/><T80/><D105/><U55/><E102/><N who="2" m="39531" /><F56/><W112/><G112/><T53/><D40/><U44/><E27/><V115/><F17/><N who="0" m="6730" /><D62/><U39/><E55/><V65/><F26/><W35/><REACH who="3" step="1"/><G25/><REACH who="3" ten="262,409,131,188" step="2"/><T84/><D119/><U60/><E67/><V110/><F65/><W128/><G128/><T58/><D80/><U7/><E60/><V31/><F115/><W72/><G72/><T85/><D83/><U91/><E66/><V51/><F31/><W45/><G45/><T29/><D29/><U107/><E7/><V8/><F125/><W5/><G5/><T9/><D9/><U52/><E126/><V104/><F8/><W38/><AGARI ba="1,1" hai="20,22,24,28,35,38,43,47,68,69,70,75,78,82" machi="38" ten="30,3000,0" yaku="1,1,0,1,53,0" doraHai="46" doraHaiUra="57" who="3" fromWho="3" sc="262,-11,409,-11,131,-11,188,43" /><INIT seed="7,2,0,1,1,87" ten="251,398,120,231" oya="3" hai0="34,132,83,20,117,115,39,17,110,42,64,32,10" hai1="46,33,58,80,104,65,127,88,41,106,43,112,61" hai2="124,121,63,133,13,75,7,55,122,40,26,78,120" hai3="1,114,109,91,128,90,37,52,103,56,14,59,134"/><W18/><G1/><T22/><D64/><U111/><E33/><V28/><F40/><W11/><G37/><T74/><D42/><U86/><E111/><V57/><F75/><W95/><G109/><T12/><D83/><U92/><E127/><V96/><F78/><W29/><G114/><T49/><D49/><U8/><E112/><V79/><F79/><W23/><G128/><T69/><D69/><U45/><E8/><V113/><F113/><W15/><G134/><T38/><D74/><U131/><E131/><V48/><F133/><W6/><G29/><T60/><D60/><U89/><E46/><V68/><F124/><W76/><G76/><T9/><D17/><U72/><E43/><V70/><F96/><N who="3" m="59807" /><G59/><T101/><D115/><U31/><E31/><V97/><F97/><W73/><G73/><T93/><D110/><U4/><E4/><V77/><F77/><W21/><G23/><T71/><D71/><U126/><E126/><V30/><F30/><W35/><G35/><T62/><D132/><U25/><E72/><V94/><F94/><W27/><G27/><T54/><D117/><U66/><E25/><V108/><F108/><W51/><AGARI ba="2,0" hai="6,11,14,15,18,21,51,52,56,90,91" m="59807" machi="51" ten="30,11700,0" yaku="8,1,52,2,54,1" doraHai="87" who="3" fromWho="3" sc="251,-41,398,-41,120,-41,231,123" /><INIT seed="7,3,0,0,4,86" ten="210,357,79,354" oya="3" hai0="49,46,132,107,31,111,21,12,3,114,8,126,34" hai1="84,41,4,93,131,13,25,61,14,113,37,58,62" hai2="90,74,72,6,26,70,115,80,83,92,65,102,129" hai3="43,79,112,60,120,128,15,89,63,125,36,54,97"/><W101/><G120/><T68/><D68/><U47/><E113/><V9/><F65/><W98/><G112/><T135/><D107/><U124/><E131/><V28/><F70/><W33/><G33/><T75/><D75/><N who="2" m="28714" /><F26/><W104/><G128/><T69/><D114/><U109/><E124/><V78/><F9/><W64/><G79/><T77/><D77/><U110/><E62/><V5/><F28/><W127/><G15/><T88/><D69/><U91/><E14/><V122/><F6/><W52/><G43/><T100/><D34/><U7/><E7/><V81/><F5/><W45/><G45/><T130/><D49/><U118/><E118/><V66/><F66/><W48/><G36/><T10/><D46/><U38/><E38/><V133/><F129/><W29/><G29/><T82/><D31/><U16/><E25/><V67/><F67/><W116/><G116/><T11/><D21/><U44/><E44/><V19/><F19/><W76/><G76/><T87/><D12/><U35/><E35/><V121/><F115/><W53/><G48/><T40/><D3/><U24/><E24/><V27/><F27/><W0/><G0/><T55/><D11/><U85/><E4/><V108/><F108/><W123/><G123/><T73/><D10/><U39/><E39/><V2/><F2/><W103/><G103/><T17/><D8/><U96/><E110/><V71/><F71/><N who="3" m="42375" /><G63/><T18/><D130/><U20/><E109/><V32/><F32/><W119/><G119/><T99/><D18/><U105/><E105/><V95/><F122/><W22/><G22/><RYUUKYOKU ba="3,0" sc="210,-15,357,15,79,-15,354,15" hai1="13,16,20,37,41,47,58,61,84,85,91,93,96" hai3="52,53,54,89,97,98,101,104,125,127" /><INIT seed="7,4,0,4,2,135" ten="195,372,64,369" oya="3" hai0="9,17,43,92,42,19,81,93,118,71,125,53,55" hai1="3,25,41,113,52,117,61,123,36,4,33,87,77" hai2="104,64,76,0,101,40,14,78,38,63,96,79,126" hai3="66,1,68,11,27,109,6,31,124,18,89,90,129"/><W133/><G133/><T88/><D71/><U99/><E123/><V112/><F112/><W83/><G124/><T20/><D125/><U51/><E113/><V116/><F116/><W34/><G129/><T130/><D130/><U47/><E117/><V10/><F0/><W98/><G109/><T84/><D118/><U50/><E61/><V121/><F121/><W132/><G132/><T97/><D9/><U60/><E60/><V72/><F40/><N who="0" m="15402" /><D19/><U127/><E127/><V29/><F126/><W44/><G44/><T105/><D105/><U110/><E110/><V37/><F29/><W32/><G98/><T70/><D70/><U120/><E120/><V134/><F134/><W115/><G115/><T15/><D92/><U21/><E33/><V13/><F72/><W100/><G100/><AGARI ba="4,0" hai="15,17,20,53,55,81,84,88,93,97,100" m="15402" machi="100" ten="30,2000,0" yaku="8,1,54,1" doraHai="135" who="0" fromWho="3" sc="195,32,372,0,64,0,369,-32" owari="227,-17.0,372,47.0,64,-44.0,337,14.0" /></mjloggm>