<mjloggm ver="2.3"><GO type="169" lobby="0"/><UN n0="%E5%B0%B1%E6%B4%BB%E7%94%9F%40%E5%B7%9D%E6%9D%91%E8%BB%8D%E5%9B%A3" n1="%E3%82%A8%E3%83%83%E3%83%95%E3%82%A7%E3%83%AB%E5%A1%94" n2="%62%61%6E%67%61%72%64" n3="%53%61%6D%6D%61%32" dan="19,16,16,16" rate="2360.32,2090.18,2103.24,2095.91" sx="M,M,F,M"/><TAIKYOKU oya="0"/><INIT seed="0,0,0,3,0,4" ten="250,250,250,250" oya="0" hai0="59,15,17,85,68,57,12,7,116,64,9,115,88" hai1="80,8,78,112,1,23,87,72,114,119,122,102,36" hai2="44,40,108,90,32,54,46,18,89,21,25,22,98" hai3="103,81,123,104,67,0,118,48,124,45,111,20,41"/><T70/><D115/><U30/><E122/><V52/><F108/><W126/><G118/><T51/><D116/><U79/><E119/><V6/><F32/><W28/><G111/><T105/><D105/><U31/><E36/><V33/><F33/><W63/><G123/><T131/><D131/><U53/><E102/><V100/><F6/><W10/><G81/><T132/><D132/><U94/><E53/><V127/><F127/><W3/><G103/><T71/><D64/><U75/><E94/><V62/><F62/><W92/><G104/><T49/><D59/><U95/><E95/><N who="2" m="58463" /><F40/><W97/><G97/><T74/><D57/><U38/><E38/><V66/><F66/><W133/><G92/><T24/><D24/><U19/><E75/><V96/><F96/><W91/><G91/><N who="2" m="34825" /><F22/><W58/><G133/><T50/><D74/><U29/><E78/><V113/><F113/><N who="1" m="43625" /><E72/><V27/><F27/><N who="3" m="16487" /><G0/><T61/><D61/><U69/><E69/><V37/><F37/><W130/><G3/><T47/><D47/><AGARI ba="0,0" hai="18,21,25,44,46,47,52,54" m="34825,58463" machi="47" ten="30,2000,0" yaku="8,1,54,1" doraHai="4" who="2" fromWho="0" sc="250,-20,250,0,250,20,250,0" /><INIT seed="1,0,0,5,5,92" ten="230,250,270,250" oya="1" hai0="134,26,45,8,69,115,40,84,41,21,54,90,28" hai1="4,68,91,19,6,117,49,74,15,83,5,76,102" hai2="106,89,120,27,126,23,50,128,82,101,56,38,113" hai3="37,81,44,42,64,33,116,25,95,13,105,133,99"/><U72/><E117/><V96/><F120/><W127/><G116/><T31/><D115/><U130/><E68/><V80/><F38/><W48/><G133/><T97/><D69/><U1/><E1/><V87/><F113/><W125/><G105/><T129/><D129/><U119/><E119/><V118/><F126/><W53/><G64/><T79/><D31/><U71/><E71/><V122/><F128/><W67/><G67/><T29/><D29/><U124/><E124/><N who="3" m="47690" /><G81/><T52/><D8/><U108/><E130/><V60/><F50/><W10/><G25/><T61/><D61/><U112/><E112/><V32/><F32/><W46/><G33/><T3/><D3/><U70/><E70/><V17/><F122/><W107/><G107/><T24/><D24/><U43/><E91/><V131/><F131/><W109/><G109/><T66/><D66/><U94/><E108/><V123/><F123/><W85/><G85/><T75/><D75/><U0/><E0/><V12/><F27/><W135/><G135/><T7/><D7/><U14/><E74/><V9/><F23/><W55/><G13/><T59/><D134/><U104/><E104/><V63/><F118/><W36/><G10/><T57/><D79/><U111/><E111/><V34/><F34/><W58/><G36/><T22/><D26/><U2/><E2/><V114/><F114/><W88/><G55/><T77/><D77/><U18/><E15/><V47/><F80/><W35/><G35/><T51/><D28/><U20/><E14/><V132/><F132/><W110/><G110/><T100/><D54/><RYUUKYOKU ba="0,0" sc="230,-10,250,-10,270,-10,250,30" hai3="37,42,44,46,48,53,58,88,95,99" /><INIT seed="2,1,0,4,0,46" ten="220,240,260,280" oya="2" hai0="83,133,124,55,120,37,38,47,117,9,54,27,1" hai1="69,110,28,81,12,68,77,118,63,89,106,123,35" hai2="49,86,42,50,127,84,96,129,132,36,62,116,26" hai3="5,112,44,25,79,70,0,88,125,48,109,39,72"/><V113/><F113/><W134/><G112/><T114/><D114/><U104/><E118/><V92/><F116/><W34/><G125/><T90/><D120/><U24/><E123/><V53/><F127/><W97/><G70/><T76/><D124/><U130/><E89/><V73/><F73/><W115/><G115/><T95/><D133/><U87/><E110/><V135/><F129/><W59/><G109/><T101/><D101/><U19/><E130/><V119/><F119/><W51/><G134/><N who="2" m="51241" /><F26/><W126/><G126/><T128/><D27/><U20/><REACH who="1" step="1"/><E63/><REACH who="1" ten="220,230,260,280" step="2"/><V14/><F62/><W61/><G79/><T33/><D90/><U18/><E18/><V131/><F131/><W16/><G72/><T29/><D76/><U45/><E45/><N who="2" m="23751" /><F14/><W32/><G0/><T102/><D47/><U74/><E74/><V30/><F30/><W60/><G60/><T17/><D29/><U56/><E56/><N who="2" m="32815" /><F50/><W94/><G39/><T122/><D37/><U66/><E66/><V7/><F7/><W4/><G44/><T75/><D38/><U105/><AGARI ba="1,1" hai="12,19,20,24,28,35,68,69,77,81,87,104,105,106" machi="105" ten="30,7900,0" yaku="1,1,0,1,53,2" doraHai="46" doraHaiUra="67" who="1" fromWho="1" sc="220,-21,230,92,260,-40,280,-21" /><INIT seed="3,0,0,5,4,53" ten="199,322,220,259" oya="3" hai0="31,108,134,102,11,89,131,23,16,132,2,78,9" hai1="25,14,45,106,32,71,111,121,30,60,55,93,66" hai2="12,92,61,29,126,49,40,85,38,81,120,122,47" hai3="113,21,90,130,24,41,37,117,64,77,133,33,129"/><W44/><G33/><T58/><D102/><U82/><E111/><V69/><F126/><W26/><G117/><T101/><D101/><U3/><E3/><V62/><F92/><W1/><G77/><T94/><D78/><U72/><E121/><N who="2" m="46699" /><F29/><W18/><G113/><T87/><D31/><U19/><E93/><V4/><F38/><W73/><G73/><T59/><D108/><U0/><E0/><V54/><F69/><W76/><G76/><T22/><D22/><U52/><E72/><V56/><F62/><W118/><G1/><T43/><D43/><U112/><E82/><V110/><F110/><W42/><G118/><T63/><D131/><N who="3" m="50185" /><G42/><T100/><D100/><U127/><E106/><V34/><F34/><W125/><G125/><T114/><D63/><U103/><E103/><V70/><F70/><W28/><G64/><T123/><D123/><U99/><E127/><V88/><F12/><N who="3" m="9415" /><G28/><T84/><D84/><U17/><E112/><V95/><F81/><W80/><G133/><N who="0" m="51307" /><D114/><U50/><E71/><V6/><AGARI ba="0,0" hai="4,6,40,47,49,54,56,61,85,88,95" m="46699" machi="6" ten="30,4000,0" yaku="13,1,52,1,54,1" doraHai="53" who="2" fromWho="2" sc="199,-10,322,-10,220,40,259,-20" /><INIT seed="4,0,0,5,2,109" ten="189,312,260,239" oya="0" hai0="29,41,40,38,1,120,131,18,125,123,100,110,73" hai1="21,9,37,10,2,44,88,60,30,58,55,117,66" hai2="24,31,132,84,68,101,61,4,105,17,91,92,113" hai3="82,90,78,45,121,14,26,22,97,48,39,3,34"/><T77/><D1/><U36/><E117/><V130/><F4/><W15/><G3/><T16/><D110/><U107/><E107/><V35/><F17/><W75/><G34/><T112/><D100/><U115/><E2/><V46/><F130/><W52/><G39/><T96/><D38/><U56/><E37/><V72/><F132/><W122/><G97/><T126/><D96/><U64/><E36/><V71/><F72/><W20/><G90/><T135/><D135/><U81/><E44/><V103/><F46/><W76/><G78/><T28/><D77/><U57/><E57/><V47/><F47/><W51/><G48/><T116/><D73/><U104/><E104/><V93/><F93/><W25/><G15/><T124/><D131/><U83/><E21/><V74/><F74/><W43/><G14/><T114/><REACH who="0" step="1"/><D125/><REACH who="0" ten="179,312,260,239" step="2"/><U54/><E88/><V89/><F91/><W13/><G43/><T12/><D12/><U79/><E79/><V0/><F0/><W98/><G98/><T32/><D32/><U134/><E134/><V102/><F105/><W99/><G99/><T70/><D70/><U65/><E10/><V80/><F71/><W129/><G129/><T50/><D50/><U19/><E9/><V119/><F80/><W7/><G13/><T67/><D67/><U95/><E83/><V87/><F84/><W86/><G75/><T33/><D33/><U106/><E81/><V49/><F49/><W42/><G76/><T108/><D108/><U127/><E66/><N who="2" m="41039" /><F119/><AGARI ba="0,1" hai="16,18,28,29,40,41,112,114,116,119,120,123,124,126" machi="119" ten="25,24000,3" yaku="1,1,22,2,52,2,54,1,53,2" doraHai="109" doraHaiUra="111" who="0" fromWho="2" sc="179,250,312,0,260,-240,239,0" /><INIT seed="4,1,0,4,3,37" ten="429,312,20,239" oya="0" hai0="16,13,48,42,69,17,103,65,57,30,118,9,83" hai1="122,43,126,80,61,87,50,96,94,99,23,31,77" hai2="19,8,74,46,79,55,2,106,34,0,26,132,128" hai3="56,101,28,4,33,71,135,89,112,21,25,15,116"/><T44/><D118/><U133/><E133/><V108/><F106/><W67/><G116/><T107/><D69/><U41/><E122/><V121/><F121/><W120/><G120/><T119/><D119/><U82/><E126/><V84/><F74/><W64/><G135/><T97/><D30/><U10/><E99/><V32/><F132/><W18/><G71/><T93/><D107/><U35/><E35/><V62/><F108/><W100/><G112/><T105/><D105/><U14/><E61/><V66/><F128/><W110/><G110/><T73/><D73/><U88/><E50/><V40/><F55/><W12/><G67/><T114/><D114/><U3/><E3/><V123/><F123/><W76/><G76/><T130/><D130/><U24/><E82/><V134/><F134/><W85/><G64/><T86/><D65/><U63/><E63/><V75/><F75/><W1/><G15/><T92/><D92/><U60/><E60/><V95/><F34/><W38/><G56/><T70/><D57/><U125/><E125/><V22/><F32/><W129/><G38/><T102/><D70/><U115/><E115/><V90/><F79/><W5/><G129/><T29/><D29/><U7/><AGARI ba="1,0" hai="7,10,14,23,24,31,41,43,77,80,87,88,94,96" machi="7" ten="20,12000,2" yaku="0,1,7,1,8,1,52,2,54,1" doraHai="37" who="1" fromWho="1" sc="429,-61,312,123,20,-31,239,-31" owari="368,17.0,435,53.0,-11,-51.0,208,-19.0" /></mjloggm>