<mjloggm ver="2.3"><GO type="169" lobby="0"/><UN n0="%E5%B0%B1%E6%B4%BB%E7%94%9F%40%E5%B7%9D%E6%9D%91%E8%BB%8D%E5%9B%A3" n1="%57%49%4E%E7%A5%9E" n2="%4A%55%4E%4B%45%52%53" n3="%E3%81%BF%E3%83%BC%E3%82%8B" dan="19,16,17,16" rate="2346.98,2105.76,2153.33,2132.18" sx="M,M,M,F"/><TAIKYOKU oya="0"/><INIT seed="0,0,0,0,5,109" ten="250,250,250,250" oya="0" hai0="8,41,105,53,19,25,98,16,135,111,62,123,122" hai1="74,43,116,86,68,126,22,118,104,119,70,23,10" hai2="132,81,1,55,83,121,7,107,39,52,33,21,88" hai3="130,5,3,56,131,31,101,128,4,66,97,125,120"/><T100/><D135/><U28/><E74/><V14/><F33/><W84/><G120/><T64/><D111/><U93/><E104/><V0/><F121/><W102/><G3/><T79/><D79/><U27/><E126/><V34/><F39/><W115/><G125/><T30/><D41/><U46/><E10/><V48/><F34/><W32/><G84/><T47/><D47/><U18/><E93/><V112/><F107/><N who="3" m="63919" /><G102/><T90/><D53/><U59/><E59/><V71/><F112/><W99/><G99/><T75/><D75/><U127/><E86/><V134/><F71/><W42/><G42/><T82/><D82/><U85/><E85/><N who="2" m="50223" /><F83/><W58/><G31/><T11/><D90/><U103/><E103/><V77/><F77/><W2/><G32/><N who="0" m="20559" /><D123/><U69/><E127/><V92/><F92/><W65/><G2/><T94/><D94/><U124/><E124/><V129/><F0/><W63/><G115/><T40/><D40/><U76/><E76/><V20/><F1/><W17/><G17/><N who="0" m="6731" /><D122/><U80/><E80/><V89/><F89/><W113/><G113/><T15/><D15/><U9/><E70/><AGARI ba="0,0" hai="8,11,62,64,70,98,100,105" m="6731,20559" machi="70" ten="30,2900,0" yaku="25,1,54,1" doraHai="109" who="0" fromWho="1" sc="250,29,250,-29,250,0,250,0" /><INIT seed="0,1,0,0,2,131" ten="279,221,250,250" oya="0" hai0="83,99,38,92,89,3,45,9,107,48,100,117,17" hai1="30,28,126,26,71,94,7,21,115,67,42,24,79" hai2="102,127,98,78,88,51,36,132,11,13,55,63,12" hai3="73,52,16,54,120,1,128,58,125,96,2,123,41"/><T29/><D117/><U113/><E126/><V121/><F121/><N who="3" m="46667" /><G128/><T22/><D38/><U0/><E42/><V80/><F36/><W46/><G73/><T122/><D122/><U65/><E79/><V101/><F127/><W47/><G125/><T104/><D29/><U14/><E94/><V39/><F132/><W15/><G96/><T23/><D104/><U93/><E0/><N who="3" m="106" /><G58/><T25/><D83/><U108/><E108/><V95/><F63/><W50/><G47/><T10/><D3/><U61/><E67/><V4/><F13/><W68/><G68/><T111/><D23/><AGARI ba="1,0" hai="15,16,23,41,46,50,52,54" m="106,46667" machi="23" ten="30,3900,0" yaku="13,1,54,2" doraHai="131" who="3" fromWho="0" sc="279,-42,221,0,250,0,250,42" /><INIT seed="1,0,0,3,5,97" ten="237,221,250,292" oya="1" hai0="78,29,120,49,42,124,9,118,90,48,72,71,1" hai1="81,85,24,16,80,23,62,114,101,47,60,87,50" hai2="61,44,126,122,125,27,58,10,82,66,94,39,119" hai3="51,21,96,22,98,76,103,77,130,135,13,37,20"/><U131/><E114/><V100/><F119/><W43/><G37/><T41/><D71/><U52/><E131/><V105/><F122/><W5/><G130/><T93/><D118/><U68/><E101/><V33/><F82/><N who="1" m="31849" /><E68/><V128/><F10/><N who="3" m="4303" /><G135/><T73/><D124/><U53/><E53/><V108/><F128/><W92/><G98/><T34/><D78/><N who="3" m="30313" /><G43/><T107/><D107/><U110/><E110/><V2/><F105/><W106/><G106/><T74/><D120/><U32/><E32/><V70/><F108/><W104/><G104/><T65/><D41/><U91/><E91/><V67/><F2/><W83/><G83/><T117/><D42/><U133/><E133/><V116/><F116/><W95/><G95/><T30/><D117/><U55/><E55/><V12/><F70/><W18/><G51/><T35/><D49/><U109/><E109/><V25/><F33/><W26/><AGARI ba="0,0" hai="18,20,21,22,26,92,96,103" m="30313,4303" machi="26" ten="30,2000,0" yaku="8,1,52,1" doraHai="97" who="3" fromWho="3" sc="237,-5,221,-10,250,-5,292,20" /><INIT seed="2,0,0,2,2,117" ten="232,211,245,312" oya="2" hai0="6,8,106,59,112,47,64,58,83,48,27,24,45" hai1="18,53,44,12,79,16,36,25,73,101,69,134,29" hai2="15,95,72,35,17,42,22,38,127,77,125,126,61" hai3="66,131,7,74,2,68,51,102,41,43,11,0,124"/><V71/><F35/><W34/><G74/><T94/><D106/><U21/><E69/><V103/><F72/><W3/><G34/><T33/><D112/><U82/><E134/><V13/><F77/><W84/><G131/><T107/><D107/><U1/><E1/><V92/><F103/><W115/><G102/><T132/><D47/><U105/><E36/><V81/><F81/><W37/><G37/><T114/><D114/><U88/><E88/><V119/><F119/><W20/><G124/><T120/><D59/><U23/><E101/><V70/><F13/><W14/><G20/><T111/><D58/><U30/><REACH who="1" step="1"/><E105/><REACH who="1" ten="232,201,245,312" step="2"/><V39/><F39/><W46/><G115/><T28/><D132/><U128/><E128/><V97/><F70/><W4/><G68/><T90/><D90/><U32/><E32/><V123/><F71/><W76/><G2/><T86/><D94/><U93/><E93/><N who="2" m="35915" /><F97/><W109/><G0/><T89/><D33/><U116/><E116/><V78/><F78/><W62/><G3/><T63/><D89/><U99/><E99/><V122/><F61/><W87/><G76/><T91/><D63/><U50/><AGARI ba="0,1" hai="12,16,18,21,23,25,29,30,44,50,53,73,79,82" machi="50" ten="30,4000,0" yaku="1,1,0,1,54,1,53,0" doraHai="117" doraHaiUra="55" who="1" fromWho="1" sc="232,-10,201,50,245,-20,312,-10" /><INIT seed="3,0,0,5,5,71" ten="222,251,225,302" oya="3" hai0="42,83,51,119,82,68,46,54,26,125,14,23,124" hai1="96,60,41,134,76,126,11,122,35,103,129,2,28" hai2="37,31,50,47,45,110,21,49,55,30,120,116,128" hai3="111,107,109,101,8,115,22,99,94,97,4,13,62"/><W92/><G115/><T132/><D119/><U48/><E122/><V75/><F116/><W24/><G62/><T112/><D68/><U29/><E134/><V79/><F120/><W114/><G114/><T127/><D112/><U0/><E129/><V87/><F75/><W5/><G5/><T25/><D132/><U36/><E126/><V72/><F72/><W84/><G84/><T118/><D118/><U91/><E76/><V100/><F128/><W113/><G113/><T32/><D14/><U98/><E91/><V59/><F110/><W15/><G13/><T121/><D121/><U19/><E60/><V89/><F100/><W12/><G12/><T33/><D26/><U86/><E86/><V117/><F79/><W16/><REACH who="3" step="1"/><G107/><REACH who="3" ten="222,251,225,292" step="2"/><T57/><D82/><U58/><E0/><V67/><F117/><W44/><G44/><T6/><D83/><U3/><E2/><V77/><F47/><W133/><G133/><T90/><D6/><U53/><E3/><V69/><F45/><W81/><G81/><T88/><D33/><U104/><E104/><V38/><F87/><W108/><G108/><T106/><D32/><U52/><E35/><V40/><F69/><W80/><G80/><T93/><D106/><U135/><E135/><V65/><F77/><W64/><G64/><T74/><D74/><U131/><E131/><V70/><F70/><W43/><G43/><T1/><D1/><U105/><E41/><V39/><F40/><W7/><G7/><T61/><D93/><U56/><E105/><V123/><F65/><W20/><G20/><T73/><D73/><RYUUKYOKU ba="0,1" sc="222,15,251,-15,225,-15,292,15" hai0="23,25,42,46,51,54,57,61,88,90,124,125,127" hai3="4,8,15,16,22,24,92,94,97,99,101,109,111" /><INIT seed="3,1,1,4,5,83" ten="237,236,210,307" oya="3" hai0="29,38,91,19,40,92,10,59,55,134,74,113,66" hai1="23,117,118,126,84,131,105,124,115,75,133,87,39" hai2="116,68,11,4,78,33,63,132,135,6,100,15,3" hai3="103,45,130,57,7,44,54,102,35,90,25,2,97"/><W1/><G130/><T42/><D74/><U43/><E75/><V109/><F100/><W51/><G90/><T77/><D134/><N who="2" m="51242" /><F78/><W81/><G81/><T127/><D77/><U30/><E133/><V70/><F116/><N who="1" m="44649" /><E105/><V98/><F98/><W28/><G103/><T31/><D38/><U69/><E69/><V65/><F109/><W71/><G71/><T12/><D127/><N who="1" m="48683" /><E115/><V89/><F33/><W62/><G7/><T14/><D66/><U104/><E104/><V41/><F68/><W119/><G119/><T24/><D14/><U128/><E43/><N who="0" m="16425" /><D24/><N who="1" m="16671" /><E39/><V53/><F41/><W61/><G61/><N who="0" m="36095" /><D113/><U46/><E46/><V36/><F36/><W94/><REACH who="3" step="1"/><G45/><REACH who="3" ten="237,236,210,297" step="2"/><T32/><D32/><U101/><E101/><V21/><F70/><W86/><G86/><AGARI ba="1,2" hai="10,12,19,29,31,86,91,92" m="36095,16425" machi="86" ten="30,2000,0" yaku="8,1,52,1" doraHai="83" who="0" fromWho="3" sc="237,43,236,0,210,0,297,-23" /><AGARI ba="1,0" hai="84,86,87,128,131" m="16671,48683,44649" machi="86" ten="40,8000,1" yaku="12,1,18,1,52,3" doraHai="83" who="1" fromWho="3" sc="280,0,236,80,210,0,274,-80" /><INIT seed="4,0,0,4,4,129" ten="280,316,210,194" oya="0" hai0="18,11,16,47,96,56,132,59,91,89,125,52,58" hai1="2,93,109,106,126,71,121,48,131,87,6,69,94" hai2="38,103,29,14,19,133,117,75,25,15,50,80,113" hai3="85,99,57,102,35,62,13,30,46,67,111,68,105"/><T98/><D132/><U135/><E109/><V81/><F38/><W33/><G111/><T116/><D125/><U100/><E126/><V88/><F113/><W124/><G124/><T64/><D64/><U74/><E74/><V43/><F117/><W39/><G85/><T4/><D116/><U97/><E121/><V123/><F123/><W23/><G13/><N who="0" m="5351" /><D98/><U134/><E131/><V31/><F133/><N who="1" m="50697" /><E48/><V44/><F103/><W72/><G72/><T76/><D76/><U84/><E6/><V79/><F31/><W66/><G66/><T45/><D45/><U36/><E2/><V77/><F19/><N who="0" m="7210" /><D96/><U12/><E12/><V42/><F14/><W49/><G23/><T118/><D118/><U112/><E36/><V90/><F15/><W114/><G114/><T54/><D54/><U53/><E53/><V9/><F43/><N who="3" m="22911" /><G30/><T51/><AGARI ba="0,0" hai="47,51,52,56,58,59,89,91" m="7210,5351" machi="51" ten="30,6000,0" yaku="8,1,54,2" doraHai="129" who="0" fromWho="0" sc="280,60,316,-20,210,-20,194,-20" /><INIT seed="4,1,0,3,3,57" ten="340,296,190,174" oya="0" hai0="104,67,59,117,69,135,47,60,66,52,126,0,112" hai1="121,118,39,35,2,50,110,24,14,1,71,6,130" hai2="31,34,36,98,23,101,80,42,19,15,3,20,65" hai3="25,22,109,131,5,32,89,64,28,103,92,83,78"/><T58/><D0/><U68/><E39/><V76/><F3/><W38/><G38/><T116/><D104/><U77/><E110/><V62/><F36/><W119/><G109/><T21/><D21/><U106/><E121/><V93/><F42/><W30/><G119/><N who="0" m="45643" /><D112/><U48/><E118/><V26/><F34/><W107/><G131/><T115/><D115/><U97/><E130/><V41/><F41/><W129/><G129/><T70/><D135/><U79/><E14/><V133/><F133/><W100/><G5/><T128/><D128/><U74/><E74/><V72/><F72/><W127/><G107/><T43/><D126/><U114/><E114/><V86/><F65/><N who="0" m="24586" /><D59/><U45/><E6/><V94/><F94/><W17/><G127/><T8/><D8/><U123/><E106/><V73/><F73/><W122/><G122/><T53/><D53/><U102/><E123/><V111/><F111/><W125/><G83/><T84/><D84/><U61/><E2/><V82/><F82/><W4/><G125/><T113/><D113/><U134/><E1/><V11/><F11/><W44/><G4/><T105/><D105/><U18/><E134/><V81/><F80/><W63/><G44/><T46/><D46/><U124/><E45/><V55/><F55/><W56/><G78/><T37/><AGARI ba="1,0" hai="37,43,47,52,58,60,69,70" m="24586,45643" machi="37" ten="30,11700,0" yaku="34,2,52,1,54,1" doraHai="57" who="0" fromWho="0" sc="340,120,296,-40,190,-40,174,-40" /><INIT seed="4,2,0,2,1,84" ten="460,256,150,134" oya="0" hai0="55,11,100,80,24,107,25,27,26,88,129,105,89" hai1="133,22,28,3,102,10,31,115,53,42,130,51,134" hai2="38,1,65,18,30,7,66,16,33,45,13,132,121" hai3="75,87,54,96,62,117,131,61,12,46,63,64,34"/><T70/><D70/><U2/><E130/><V69/><F121/><W128/><G75/><T78/><D129/><N who="3" m="49737" /><G34/><T97/><D105/><U29/><E42/><V49/><F38/><W41/><G117/><T81/><D81/><U5/><E102/><V85/><F132/><N who="1" m="50793" /><E115/><V119/><F119/><W59/><G96/><T77/><D77/><U126/><E126/><V32/><F18/><W95/><G12/><T36/><D36/><U108/><E108/><V67/><F69/><N who="3" m="42127" /><G95/><T8/><D27/><N who="1" m="16503" /><E2/><V20/><F30/><W135/><G87/><T111/><D111/><U109/><E109/><V86/><F1/><W90/><G90/><T124/><D124/><U82/><E82/><V39/><F7/><W92/><G92/><T120/><D120/><U23/><E23/><V52/><F39/><N who="3" m="21823" /><G135/><T56/><D11/><U14/><E3/><V122/><F122/><W101/><G101/><T4/><D8/><U19/><E5/><V114/><F114/><W123/><G123/><T0/><D0/><U99/><E99/><V37/><F37/><W44/><G44/><AGARI ba="2,0" hai="10,14,19,29,31,44,51,53" m="16503,50793" machi="44" ten="30,1000,0" yaku="20,1" doraHai="84" who="1" fromWho="3" sc="460,0,256,16,150,0,134,-16" /><INIT seed="5,0,0,3,4,128" ten="460,272,150,118" oya="1" hai0="124,129,48,57,84,83,4,36,13,110,135,127,70" hai1="114,59,134,131,20,125,88,102,115,52,90,31,1" hai2="109,122,113,117,14,72,54,68,112,40,71,7,25" hai3="94,29,9,103,123,132,74,81,22,32,30,66,0"/><U92/><E1/><V108/><F72/><W62/><G32/><T56/><D70/><U60/><E131/><V75/><F75/><W126/><G123/><T45/><D36/><U24/><E125/><V18/><F40/><W10/><G126/><N who="0" m="48171" /><D135/><U39/><E39/><V38/><F38/><W26/><G30/><T89/><D110/><U17/><E134/><V119/><F54/><W53/><G53/><N who="0" m="29839" /><D129/><U2/><E2/><V5/><F25/><W64/><G64/><T28/><D28/><U23/><E102/><V55/><F55/><W95/><G95/><T44/><D44/><U77/><E77/><V67/><F67/><W19/><G132/><T101/><D101/><U100/><E100/><V99/><F99/><W82/><G74/><T85/><D85/><U46/><E46/><V120/><F18/><W78/><G78/><T105/><D105/><U6/><E6/><N who="2" m="2059" /><F14/><N who="3" m="7639" /><G0/><T43/><D43/><U63/><E60/><V116/><F68/><W133/><G133/><T15/><D15/><U12/><REACH who="1" step="1"/><E90/><REACH who="1" ten="460,262,150,118" step="2"/><V21/><F71/><W27/><G62/><T11/><AGARI ba="0,1" hai="4,11,13,56,57,83,84,89" m="29839,48171" machi="11" ten="30,1100,0" yaku="18,1" doraHai="128" who="0" fromWho="0" sc="460,21,262,-5,150,-3,118,-3" /><INIT seed="6,0,0,5,1,47" ten="481,257,147,115" oya="2" hai0="51,30,96,133,61,117,94,122,19,56,115,104,93" hai1="126,116,129,68,99,131,65,73,39,106,48,24,111" hai2="90,80,55,37,18,78,81,1,119,14,17,113,120" hai3="114,130,110,5,121,8,28,69,71,26,86,46,85"/><V72/><F1/><W109/><G121/><T74/><D74/><U21/><E39/><V59/><F120/><W62/><G130/><N who="1" m="49674" /><E111/><V38/><F119/><W10/><G10/><T124/><D94/><U0/><E116/><V108/><F113/><W107/><G107/><T4/><D4/><U9/><E73/><V2/><F2/><W27/><G27/><T97/><D97/><U54/><E126/><V44/><F18/><W91/><G114/><T15/><D61/><N who="1" m="39983" /><E9/><V83/><F38/><W34/><G85/><T43/><D15/><U42/><E42/><V76/><F37/><W77/><G77/><T123/><D19/><N who="1" m="12351" /><E0/><V84/><F108/><W58/><G109/><T101/><D56/><N who="1" m="32839" /><E99/><V31/><F31/><W102/><G110/><T57/><D104/><AGARI ba="0,0" hai="104,106" m="32839,12351,39983,49674" machi="104" ten="30,2000,0" yaku="19,1,52,1" doraHai="47" who="1" fromWho="0" sc="481,-20,257,20,147,0,115,0" /><INIT seed="7,0,0,3,0,35" ten="461,277,147,115" oya="3" hai0="2,82,1,72,70,69,55,63,36,51,112,101,59" hai1="64,39,83,96,27,126,102,105,53,132,50,20,104" hai2="41,103,92,91,7,32,58,14,6,99,38,17,3" hai3="26,129,34,45,48,54,113,115,22,62,75,114,79"/><W107/><G34/><T67/><D112/><N who="3" m="28673" /><W78/><DORA hai="11" /><G107/><T125/><D125/><U135/><E126/><V86/><F32/><W80/><G129/><T24/><D69/><U106/><E39/><V97/><F3/><W109/><G78/><T15/><D101/><U0/><E83/><V47/><F58/><W46/><G109/><T111/><D24/><U119/><E64/><V23/><F99/><W110/><G110/><T131/><D131/><U49/><E0/><V42/><F42/><W65/><G62/><T73/><D111/><U68/><E68/><V60/><F60/><W122/><G65/><T121/><D121/><U44/><E50/><V120/><F120/><W74/><G122/><T89/><D15/><U108/><E119/><V77/><F77/><W10/><G10/><T128/><D128/><U43/><E43/><V130/><F130/><W93/><G93/><AGARI ba="0,0" hai="6,7,14,17,23,38,41,47,86,91,92,93,97,103" machi="93" ten="30,2000,0" yaku="7,1,52,1" doraHai="35,11" who="2" fromWho="3" sc="461,0,277,0,147,20,115,-20" owari="461,55.0,277,8.0,167,-23.0,95,-40.0" /></mjloggm>