<mjloggm ver="2.3"><GO type="169" lobby="0"/><UN n0="%E3%81%AE%E3%81%86%E3%81%AA%E3%82%81%E3%82%8D%E3%82%93" n1="%E3%82%88%E3%81%A4%E3%81%B0%E3%81%A8%EF%BC%81" n2="%E3%82%A6%E3%83%AB%E3%83%88%E3%83%A9%E7%AB%8B%E7%9B%B4" n3="%6E%65%70%65%72%6F" dan="16,18,17,16" rate="2099.54,2201.75,2148.67,2123.14" sx="M,F,M,M"/><TAIKYOKU oya="0"/><INIT seed="0,0,0,5,4,77" ten="250,250,250,250" oya="0" hai0="61,3,30,88,65,114,123,39,12,0,16,5,50" hai1="76,112,64,100,130,10,32,124,104,81,99,125,25" hai2="20,108,46,44,63,21,85,27,116,14,9,105,120" hai3="54,126,18,131,33,42,122,127,118,129,128,98,115"/><T22/><D39/><U15/><E130/><V34/><F105/><W135/><G33/><T91/><D114/><U70/><E112/><V45/><F120/><W4/><G122/><T78/><D123/><U26/><E64/><V53/><F108/><W106/><G118/><T92/><D30/><U52/><E70/><V80/><F116/><W68/><G115/><T2/><D78/><U7/><E32/><V73/><F73/><W24/><G42/><T1/><D50/><U23/><E52/><V121/><F121/><W101/><G4/><T40/><D40/><U17/><REACH who="1" step="1"/><E25/><REACH who="1" ten="250,240,250,250" step="2"/><V71/><F34/><W51/><G68/><T56/><REACH who="0" step="1"/><D92/><REACH who="0" ten="240,240,250,250" step="2"/><U96/><E96/><V94/><F94/><W107/><G107/><T55/><D55/><U13/><E13/><V102/><F53/><W36/><G36/><T69/><D69/><U119/><E119/><V41/><F41/><W72/><G54/><T19/><D19/><U35/><E35/><V113/><F14/><W83/><G51/><T11/><AGARI ba="0,2" hai="0,1,2,3,5,11,12,16,22,56,61,65,88,91" machi="11" ten="40,12000,1" yaku="1,1,0,1,54,2,53,0" doraHai="77" doraHaiUra="109" who="0" fromWho="0" sc="240,140,240,-40,250,-40,250,-40" /><INIT seed="0,1,0,1,0,127" ten="380,200,210,210" oya="0" hai0="122,97,95,58,7,54,9,42,13,129,87,64,100" hai1="23,17,16,104,15,53,33,44,3,135,112,27,19" hai2="52,92,91,8,124,61,45,79,2,60,59,130,103" hai3="28,78,133,107,39,29,47,26,128,121,89,43,46"/><T111/><D122/><U18/><E104/><V114/><F114/><W6/><G121/><T105/><D64/><U51/><E112/><V126/><F103/><W115/><G115/><T65/><D65/><U119/><E119/><V36/><F79/><W120/><G78/><T14/><D42/><U68/><E68/><V50/><F36/><W1/><G120/><T98/><D87/><U70/><E70/><V71/><F71/><W108/><G107/><T5/><D111/><U73/><E73/><V66/><F61/><W25/><G108/><T132/><D132/><U4/><E135/><V76/><F76/><W82/><G133/><T38/><D38/><U0/><REACH who="1" step="1"/><E33/><REACH who="1" ten="380,190,210,210" step="2"/><V62/><F124/><W69/><G69/><T55/><D105/><U72/><E72/><V35/><F126/><W86/><G39/><T10/><D98/><U116/><E116/><V84/><F35/><W110/><G110/><T90/><D100/><U131/><E131/><V22/><F130/><W21/><G128/><T134/><D134/><U80/><E80/><V85/><F85/><W77/><G86/><T11/><D129/><U88/><E88/><V48/><F84/><W75/><G89/><T106/><D106/><U30/><E30/><V109/><F91/><W101/><G101/><T125/><D125/><U57/><E57/><V94/><F109/><W40/><G47/><T37/><D58/><U20/><E20/><V118/><F22/><N who="3" m="15415" /><G46/><T93/><D97/><U99/><E99/><V113/><F118/><W83/><G83/><T41/><D90/><U49/><E49/><N who="2" m="19051" /><F113/><W63/><G63/><RYUUKYOKU ba="1,1" sc="380,-15,190,15,210,-15,210,15" hai1="0,3,4,15,16,17,18,19,23,27,44,51,53" hai3="1,6,21,26,29,40,43,75,77,82" /><INIT seed="1,2,1,4,4,25" ten="365,205,195,225" oya="1" hai0="18,69,22,58,107,20,83,30,73,60,127,19,21" hai1="100,65,15,46,11,113,66,3,95,134,103,31,12" hai2="129,72,96,1,64,86,0,93,39,87,53,29,125" hai3="32,2,76,79,5,48,130,50,41,128,121,120,104"/><U131/><E113/><V9/><F72/><W37/><G104/><T10/><D107/><U14/><E131/><N who="3" m="50218" /><G32/><T105/><D105/><U40/><E134/><V74/><F74/><W78/><G37/><T99/><D69/><U94/><E31/><V43/><F39/><W56/><G41/><T6/><D127/><U38/><E95/><V85/><F129/><W71/><G71/><T89/><D73/><U63/><E94/><V54/><F43/><W116/><G116/><T55/><D30/><U90/><E90/><V106/><F106/><W23/><G23/><T119/><D119/><U75/><E75/><V92/><F64/><W24/><G24/><T67/><D67/><U27/><E27/><V13/><F125/><W49/><G56/><T111/><D111/><U112/><E112/><V115/><F115/><W47/><G47/><T124/><D124/><U133/><E133/><V126/><F126/><W98/><G98/><T52/><D99/><U36/><E36/><V88/><F93/><W68/><G68/><T123/><D123/><N who="3" m="47177" /><G5/><T59/><D6/><U8/><E66/><V81/><F81/><W109/><G2/><T117/><D117/><U70/><REACH who="1" step="1"/><E3/><REACH who="1" ten="365,195,195,225" step="2"/><V135/><F135/><W132/><G132/><T80/><D89/><U77/><E77/><V101/><F88/><W26/><G26/><T44/><D83/><U7/><E7/><N who="2" m="3263" /><F29/><W42/><G42/><T91/><D80/><U97/><E97/><V16/><F16/><W4/><G4/><T57/><D91/><U108/><E108/><AGARI ba="2,2" hai="48,49,50,76,78,79,108,109" m="47177,50218" machi="108" ten="40,5200,0" yaku="28,2,19,1" doraHai="25" who="3" fromWho="1" sc="365,0,195,-58,195,0,225,78" /><INIT seed="2,0,0,1,2,47" ten="365,137,195,303" oya="2" hai0="44,111,7,55,24,11,114,93,63,0,70,16,31" hai1="92,72,39,64,14,10,60,90,69,22,132,28,15" hai2="124,82,123,125,104,110,88,8,40,43,23,126,53" hai3="91,105,49,84,37,35,129,66,57,78,2,98,68"/><V77/><F104/><W32/><G37/><T54/><D111/><U26/><E132/><V9/><F123/><W97/><G2/><T3/><D114/><U29/><E39/><V1/><F110/><W115/><G78/><T128/><D0/><U120/><E72/><V33/><F33/><W133/><G133/><T48/><D128/><U127/><E120/><V87/><F23/><W121/><G121/><T59/><D70/><U134/><E134/><V130/><F130/><W117/><G117/><T62/><D93/><U74/><E74/><V112/><F112/><W17/><G129/><T73/><D73/><U85/><E127/><V118/><F118/><W30/><G115/><T107/><D107/><U52/><E29/><V5/><F9/><W135/><G135/><T45/><D16/><U13/><REACH who="1" step="1"/><E52/><REACH who="1" ten="365,127,195,303" step="2"/><V106/><F106/><W67/><G30/><T89/><D54/><U86/><E86/><N who="2" m="48463" /><F53/><W119/><G105/><T46/><D55/><U76/><E76/><V58/><F43/><W94/><G119/><T41/><D41/><U108/><E108/><V20/><F40/><W103/><G84/><T56/><D45/><U36/><E36/><V34/><F125/><W71/><G67/><T81/><D46/><U6/><AGARI ba="0,1" hai="6,10,13,14,15,22,26,28,60,64,69,85,90,92" machi="6" ten="20,5200,0" yaku="1,1,0,1,7,1,53,1" doraHai="47" doraHaiUra="4" who="1" fromWho="1" sc="365,-13,127,62,195,-26,303,-13" /><INIT seed="3,0,0,2,2,107" ten="352,189,169,290" oya="3" hai0="8,78,90,17,96,133,58,102,38,26,81,120,94" hai1="24,59,63,114,66,45,115,91,44,134,3,116,34" hai2="99,49,106,36,104,35,52,6,95,108,67,65,75" hai3="14,9,125,72,130,119,46,109,5,83,129,124,15"/><W122/><G119/><T41/><D120/><U20/><E34/><V117/><F36/><W42/><G122/><T27/><D133/><U86/><E3/><V76/><F35/><W48/><G109/><T39/><D41/><U28/><E134/><V32/><F32/><W112/><G15/><T118/><D118/><U97/><E97/><V57/><F117/><W54/><G54/><T111/><D111/><U77/><E77/><V128/><F108/><W4/><G4/><T62/><D102/><U68/><E68/><V53/><F128/><N who="3" m="49259" /><G112/><T61/><D61/><U127/><E127/><N who="3" m="48714" /><G83/><T37/><D27/><U33/><E116/><V135/><F135/><W85/><G85/><T84/><D26/><U110/><E110/><V23/><F6/><W101/><G101/><T2/><D2/><U93/><E33/><V56/><F65/><W100/><G100/><T10/><REACH who="0" step="1"/><D17/><REACH who="0" ten="342,189,169,290" step="2"/><U21/><E115/><V79/><F53/><AGARI ba="0,1" hai="8,10,37,38,39,53,58,62,78,81,84,90,94,96" machi="53" ten="40,2600,0" yaku="1,1,2,1,53,0" doraHai="107" doraHaiUra="131" who="0" fromWho="2" sc="342,36,189,0,169,-26,290,0" /><INIT seed="4,0,0,0,5,17" ten="378,189,143,290" oya="0" hai0="84,135,131,33,103,97,38,98,81,18,90,88,65" hai1="134,9,42,39,4,77,123,10,21,122,60,28,86" hai2="24,87,2,114,37,58,91,35,22,14,75,126,11" hai3="32,67,41,110,102,34,31,48,127,76,74,112,73"/><T113/><D38/><U71/><E134/><V29/><F37/><W99/><G110/><T101/><D33/><U129/><E129/><V132/><F75/><W92/><G112/><T56/><D113/><U45/><E10/><V3/><F114/><W116/><G116/><T6/><D131/><U16/><E28/><V46/><F132/><W55/><G67/><T118/><D135/><U62/><E77/><V85/><F126/><W0/><G0/><T96/><D6/><U82/><E82/><V106/><F106/><W30/><G41/><T25/><D118/><U47/><E86/><V115/><F115/><W57/><G127/><T128/><D90/><U50/><E71/><V68/><F68/><W120/><G120/><T111/><D111/><U26/><E122/><V93/><F46/><W79/><G79/><T130/><D130/><U49/><E39/><V59/><F87/><W94/><G94/><T8/><D128/><U44/><E44/><V119/><F119/><W121/><G121/><T83/><D83/><U125/><E125/><V20/><F3/><W104/><G104/><T43/><D43/><N who="1" m="24767" /><E123/><V66/><F2/><W52/><G55/><T5/><D81/><U53/><E53/><V107/><F107/><W7/><G7/><T100/><D5/><U54/><E54/><V61/><F59/><W133/><G133/><T109/><D56/><U80/><E80/><V117/><F117/><W40/><G40/><T89/><D109/><U23/><E23/><V36/><F36/><W19/><G19/><AGARI ba="0,0" hai="11,14,19,20,22,24,29,35,58,61,66,85,91,93" machi="19" ten="30,3900,0" yaku="7,1,52,2" doraHai="17" who="2" fromWho="3" sc="378,0,189,0,143,39,290,-39" /><INIT seed="5,0,0,2,2,17" ten="378,189,182,251" oya="1" hai0="13,34,62,39,12,20,3,88,85,131,111,36,72" hai1="70,5,112,26,100,22,119,33,130,49,94,67,134" hai2="114,96,83,30,66,107,79,57,8,14,92,65,108" hai3="1,104,126,77,47,45,121,52,80,132,7,98,21"/><U122/><E122/><V60/><F107/><W46/><G121/><T6/><D34/><U69/><E119/><V86/><F114/><W29/><G132/><T43/><D72/><U116/><E116/><V109/><F30/><W91/><G126/><T117/><D111/><U90/><E33/><V53/><F109/><W40/><G40/><T87/><D117/><U115/><E134/><V75/><F75/><W95/><G104/><T15/><D131/><U2/><E100/><V73/><F73/><W103/><G91/><T135/><D43/><U4/><E49/><V118/><F108/><W10/><G21/><T38/><D135/><U54/><E54/><V133/><F133/><W28/><G28/><T110/><D110/><U16/><E130/><V106/><F106/><W25/><G25/><T58/><D3/><U64/><E64/><V71/><F71/><N who="1" m="27145" /><E67/><V19/><REACH who="2" step="1"/><F118/><REACH who="2" ten="378,189,172,251" step="2"/><W44/><G29/><T127/><D127/><U9/><E115/><V11/><F11/><W18/><G10/><T42/><D6/><U97/><E4/><V89/><AGARI ba="0,1" hai="8,14,19,53,57,60,65,66,79,83,86,89,92,96" machi="89" ten="20,8000,1" yaku="1,1,0,1,7,1,8,1,53,1" doraHai="17" doraHaiUra="48" who="2" fromWho="2" sc="378,-20,189,-40,172,90,251,-20" /><INIT seed="6,0,0,5,0,39" ten="358,149,262,231" oya="2" hai0="83,54,64,2,32,50,36,86,27,8,20,63,94" hai1="60,29,79,98,90,124,3,48,69,76,19,116,65" hai2="97,105,35,61,78,127,87,49,53,117,120,88,92" hai3="101,122,119,10,52,66,99,41,114,28,45,24,102"/><V85/><F120/><W43/><G122/><T6/><D36/><U123/><E123/><V75/><F117/><W13/><G119/><T74/><D32/><U96/><E3/><V12/><F35/><W42/><G66/><T11/><D11/><U111/><E116/><V134/><F127/><W47/><G114/><T126/><D126/><U125/><E111/><V77/><F105/><W58/><G24/><T93/><D74/><U15/><E124/><V57/><F134/><W38/><G38/><T30/><D50/><U129/><E129/><V80/><F78/><W7/><G28/><T22/><D54/><U70/><E70/><V115/><F115/><W108/><G108/><T110/><D22/><U0/><E0/><V133/><F133/><W56/><G56/><T55/><D55/><U84/><E29/><V59/><REACH who="2" step="1"/><F12/><REACH who="2" ten="358,149,252,231" step="2"/><W9/><G13/><T51/><D110/><U112/><E112/><V44/><F44/><W46/><G7/><T62/><D6/><U73/><E125/><V118/><F118/><W26/><G26/><T14/><D14/><U113/><E113/><V68/><F68/><W37/><G37/><T4/><D4/><U95/><E79/><V132/><F132/><W21/><G45/><T17/><D27/><U5/><E5/><V25/><F25/><W89/><G46/><T34/><D34/><U40/><E76/><V67/><AGARI ba="0,1" hai="49,53,57,59,61,67,75,77,80,85,87,88,92,97" machi="67" ten="20,12000,1" yaku="1,1,0,1,7,1,54,1,53,1" doraHai="39" doraHaiUra="72" who="2" fromWho="2" sc="358,-40,149,-40,252,130,231,-40" /><INIT seed="6,1,0,5,5,92" ten="318,109,382,191" oya="2" hai0="96,65,20,76,11,122,111,56,17,128,0,6,61" hai1="57,116,91,1,135,31,60,44,39,80,86,37,110" hai2="49,133,52,22,93,15,72,100,103,78,83,54,131" hai3="35,18,77,63,19,125,2,132,71,113,88,81,107"/><V53/><F131/><W102/><G2/><T119/><D128/><U70/><E110/><V40/><F133/><W48/><G132/><T121/><D111/><U94/><E116/><V89/><F40/><W97/><G35/><T68/><D119/><U16/><E135/><V109/><F109/><W67/><G125/><T29/><D29/><U30/><E1/><V114/><F114/><W117/><G117/><T112/><D112/><U95/><E70/><V46/><F54/><W134/><G134/><T21/><D76/><U55/><E39/><V99/><F53/><W130/><G130/><T105/><D21/><U9/><E37/><V47/><F46/><W4/><G4/><T73/><D73/><U32/><E44/><V28/><F15/><W23/><G113/><T3/><D3/><U66/><E66/><V82/><REACH who="2" step="1"/><F83/><REACH who="2" ten="318,109,372,191" step="2"/><W41/><G41/><T98/><D121/><U104/><E32/><V14/><F14/><W10/><G81/><T126/><D122/><U42/><E42/><V59/><F59/><W38/><G71/><T108/><D108/><U50/><E60/><V129/><F129/><W51/><G63/><T87/><D68/><U75/><E57/><V123/><F123/><W25/><G38/><T24/><D61/><U90/><E55/><V84/><F84/><W7/><G48/><T13/><D87/><U106/><E50/><V26/><AGARI ba="1,1" hai="22,26,28,47,49,52,72,78,82,89,93,99,100,103" machi="26" ten="30,12000,1" yaku="1,1,0,1,52,1,54,1,53,1" doraHai="92" doraHaiUra="74" who="2" fromWho="2" sc="318,-41,109,-41,372,133,191,-41" /><INIT seed="6,2,0,1,1,3" ten="277,68,505,150" oya="2" hai0="105,43,66,127,102,0,77,12,103,91,110,29,16" hai1="68,34,106,60,24,42,23,4,129,61,10,52,122" hai2="123,126,6,74,128,72,2,41,85,50,49,27,39" hai3="44,131,54,31,108,13,64,113,65,38,1,7,100"/><V86/><F123/><W51/><G1/><T84/><D110/><U92/><E34/><V109/><F109/><W111/><G108/><T11/><D77/><U5/><E106/><V18/><F39/><W95/><G111/><T21/><D105/><U119/><E119/><V116/><F2/><W104/><G104/><T48/><D127/><U69/><E122/><V8/><F126/><W35/><G38/><T58/><D0/><U26/><E129/><V99/><F99/><W133/><G131/><T118/><D118/><U124/><E124/><V97/><F97/><N who="3" m="59455" /><G35/><T59/><D29/><U22/><E10/><V25/><F8/><N who="3" m="4255" /><G133/><T57/><D66/><N who="3" m="25705" /><G113/><T94/><D11/><U130/><E130/><V135/><F128/><W89/><G89/><T81/><D81/><U125/><E125/><V47/><F135/><W80/><G31/><T115/><D115/><U37/><E92/><V70/><F70/><W9/><G9/><T75/><D75/><U30/><E37/><V62/><F116/><W15/><G15/><T101/><D101/><U98/><E98/><V112/><F74/><W28/><G28/><T19/><D19/><U132/><E132/><V87/><F18/><W90/><G90/><T120/><D120/><U53/><E30/><V56/><F72/><W76/><G76/><T33/><D33/><U32/><E32/><V117/><F117/><W67/><N who="3" m="25713" /><W45/><DORA hai="20" /><G80/><T40/><D102/><U71/><E71/><V96/><F96/><W17/><G17/><T107/><D103/><U14/><E14/><V73/><F112/><W114/><G114/><RYUUKYOKU ba="2,0" sc="277,-15,68,15,505,-15,150,15" hai1="4,5,22,23,24,26,42,52,53,60,61,68,69" hai3="44,45,51,54" /><INIT seed="7,3,0,1,1,60" ten="262,83,490,165" oya="3" hai0="54,105,34,79,125,25,17,30,2,64,4,65,11" hai1="126,0,100,127,71,23,94,83,5,53,97,37,13" hai2="98,132,16,128,102,45,89,50,117,58,73,18,75" hai3="81,129,93,106,27,47,9,51,10,108,135,43,66"/><W103/><G106/><T70/><D105/><U122/><E122/><V52/><F117/><W72/><G135/><T112/><D70/><U131/><E37/><V67/><F132/><W8/><G129/><T41/><D112/><U124/><E131/><V134/><F134/><W84/><G72/><T20/><D125/><U133/><E133/><V119/><F119/><W62/><G108/><T63/><D41/><U130/><E130/><V96/><F128/><W42/><G27/><T68/><D79/><U12/><E71/><V118/><F118/><W111/><G111/><T46/><D68/><U95/><E83/><V1/><F1/><W55/><G93/><T48/><D63/><U92/><E53/><V36/><F36/><W110/><G103/><T109/><D109/><U91/><E23/><V90/><F75/><W39/><G39/><T31/><D31/><U24/><E24/><AGARI ba="3,0" hai="2,4,11,17,20,24,25,30,34,46,48,54,64,65" machi="24" ten="30,3900,0" yaku="7,1,52,2" doraHai="60" who="0" fromWho="1" sc="262,48,83,-48,490,0,165,0" owari="310,11.0,35,-46.0,490,58.0,165,-23.0" /></mjloggm>