<mjloggm ver="2.3"><GO type="169" lobby="0"/><UN n0="%E3%83%88%E3%83%88%E3%83%AA%E5%85%88%E7%94%9F%31%39%E6%AD%B3" n1="%E7%A7%81%E3%81%AF%E3%81%8C%E3%81%A1%E3%81%BB%E3%82%82" n2="%E3%83%8A%E3%82%A4%E3%83%AB%E3%83%91%E3%83%BC%E3%83%81" n3="%63%68%6F%6E%6A%69" dan="19,17,16,16" rate="2329.85,2183.20,2076.26,2119.44" sx="F,M,M,M"/><TAIKYOKU oya="0"/><INIT seed="0,0,0,4,0,54" ten="250,250,250,250" oya="0" hai0="70,117,2,33,74,103,107,59,135,128,38,72,96" hai1="13,9,22,26,126,131,73,82,0,31,88,39,20" hai2="92,55,50,42,102,53,81,108,89,106,120,47,43" hai3="48,57,104,34,40,45,10,125,37,71,95,5,114"/><T21/><RYUUKYOKU type="yao9" ba="0,0" sc="250,0,250,0,250,0,250,0" hai0="2,21,33,38,59,70,72,74,96,103,107,117,128,135" /><INIT seed="0,1,0,3,5,43" ten="250,250,250,250" oya="0" hai0="58,13,1,135,71,110,65,94,36,75,96,78,48" hai1="129,8,115,3,80,50,23,99,61,32,111,24,90" hai2="86,45,105,60,83,134,87,95,27,125,126,4,42" hai3="101,12,92,122,46,5,62,49,51,63,44,30,41"/><T67/><D1/><U6/><E32/><V118/><F105/><W53/><G122/><T88/><D36/><U128/><E111/><V89/><F134/><W55/><G41/><T76/><D135/><U98/><E115/><V9/><F27/><W104/><G104/><T7/><D110/><U112/><E112/><V37/><F60/><W0/><G30/><T121/><D121/><U133/><E133/><V11/><F118/><W29/><G29/><T15/><D71/><U116/><E61/><V56/><F56/><W21/><G0/><T79/><D75/><U54/><E116/><V73/><F73/><W34/><G34/><T70/><D70/><U131/><E80/><V64/><F64/><N who="0" m="24650" /><D7/><U19/><REACH who="1" step="1"/><E90/><REACH who="1" ten="250,240,250,250" step="2"/><V119/><F119/><W47/><G47/><AGARI ba="1,1" hai="3,6,8,19,23,24,47,50,54,98,99,128,129,131" machi="47" ten="40,8000,1" yaku="1,1,2,1,19,1,52,1,53,0" doraHai="43" doraHaiUra="72" who="1" fromWho="3" sc="250,0,240,93,250,0,250,-83" /><INIT seed="1,0,0,2,4,26" ten="250,333,250,167" oya="1" hai0="87,110,121,24,45,128,20,98,23,124,16,73,64" hai1="51,108,47,116,99,123,111,7,82,25,78,74,109" hai2="40,77,55,72,52,79,102,39,132,114,11,32,54" hai3="90,106,84,43,9,44,131,60,48,125,57,2,93"/><U30/><E7/><V127/><F132/><W15/><G131/><T46/><D73/><U67/><E67/><V19/><F127/><W6/><G125/><T112/><D112/><U71/><E99/><V80/><F114/><W135/><G135/><T8/><D128/><U38/><E38/><V97/><F77/><W119/><G119/><T1/><D110/><U41/><E71/><V91/><F91/><W66/><G106/><T61/><D121/><U76/><E76/><V101/><F32/><W53/><REACH who="3" step="1"/><G2/><REACH who="3" ten="250,333,250,157" step="2"/><T42/><D1/><U58/><E123/><V49/><F39/><W18/><G18/><T5/><D16/><U65/><E116/><V134/><F134/><W50/><G50/><T63/><D124/><U68/><E68/><V104/><F19/><W27/><G27/><T117/><D24/><U56/><REACH who="1" step="1"/><E65/><AGARI ba="0,1" hai="6,9,15,43,44,48,53,57,60,65,66,84,90,93" machi="65" ten="40,2600,0" yaku="1,1,8,1,53,0" doraHai="26" doraHaiUra="70" who="3" fromWho="1" sc="250,0,333,-26,250,0,157,36" /><INIT seed="2,0,0,3,5,3" ten="250,307,250,193" oya="2" hai0="105,66,112,43,20,91,119,9,118,57,83,94,129" hai1="62,97,14,111,72,65,63,37,11,115,39,51,87" hai2="49,38,76,70,50,98,79,102,77,35,96,58,61" hai3="24,25,135,54,116,29,40,121,71,0,73,41,114"/><V88/><F35/><W128/><G41/><T16/><D112/><U56/><E72/><V23/><F38/><W80/><G54/><T110/><D105/><U52/><E115/><V1/><F1/><W122/><G40/><T34/><D34/><U18/><E63/><V30/><F70/><W13/><G25/><T27/><D110/><U124/><E111/><V89/><F30/><W125/><G13/><T134/><D129/><U22/><E124/><V26/><F26/><W42/><G24/><T33/><D33/><U78/><E97/><N who="2" m="37483" /><F23/><W108/><G42/><T133/><D94/><U45/><REACH who="1" step="1"/><E22/><REACH who="1" ten="250,297,250,193" step="2"/><V104/><F104/><W132/><G29/><T113/><D113/><U6/><E6/><V85/><F102/><W55/><G122/><T107/><D20/><U92/><E92/><N who="2" m="54287" /><F89/><W86/><G80/><AGARI ba="0,1" hai="11,14,18,37,39,45,51,52,56,62,65,78,80,87" machi="80" ten="40,2600,0" yaku="1,1,54,1,53,0" doraHai="3" doraHaiUra="64" who="1" fromWho="3" sc="250,0,297,36,250,0,193,-26" /><INIT seed="3,0,0,2,0,42" ten="250,333,250,167" oya="3" hai0="86,122,110,118,135,37,131,69,91,35,88,50,17" hai1="52,93,104,68,89,117,32,107,85,55,74,8,133" hai2="66,15,115,39,77,102,10,53,19,101,56,92,9" hai3="47,128,49,44,11,94,24,40,95,65,113,132,20"/><W54/><G113/><T7/><D118/><U62/><E32/><V23/><F115/><W75/><G132/><T90/><D37/><U97/><E74/><V87/><F39/><W48/><G128/><T99/><D122/><U12/><E133/><V26/><F66/><W18/><G75/><T59/><D69/><U16/><E117/><V14/><F14/><W84/><G65/><T96/><D35/><U112/><E112/><V127/><F127/><W41/><G54/><N who="0" m="32215" /><D110/><U103/><REACH who="1" step="1"/><E104/><REACH who="1" ten="250,323,250,167" step="2"/><V43/><F102/><W79/><G11/><T130/><D135/><U25/><E25/><V119/><F9/><W1/><G1/><T2/><D2/><U71/><E71/><V4/><F119/><W33/><G33/><T100/><D130/><U30/><E30/><V109/><F109/><W129/><G129/><T125/><D131/><U13/><E13/><V134/><F134/><W81/><AGARI ba="0,1" hai="18,20,24,40,41,44,47,48,49,79,81,84,94,95" machi="81" ten="30,12000,1" yaku="0,1,9,1,8,1,52,2" doraHai="42" who="3" fromWho="3" sc="250,-40,323,-40,250,-40,167,130" /><INIT seed="3,1,0,1,3,128" ten="210,283,210,297" oya="3" hai0="129,100,79,78,134,130,38,76,25,21,74,70,112" hai1="126,92,48,42,22,28,50,117,113,102,75,88,59" hai2="118,104,121,77,72,60,98,32,19,107,47,55,13" hai3="4,12,135,109,84,86,122,58,11,133,110,43,94"/><W97/><G122/><T105/><D70/><U54/><E113/><V41/><F118/><W9/><G43/><T90/><D38/><U53/><E75/><V23/><F32/><W39/><G39/><T108/><D112/><U15/><E117/><V36/><F121/><W116/><G116/><T45/><D108/><N who="3" m="41577" /><G58/><T37/><D74/><U7/><E126/><V64/><F55/><W6/><G86/><T14/><D14/><U5/><E102/><V71/><REACH who="2" step="1"/><F98/><REACH who="2" ten="210,283,200,297" step="2"/><W123/><G123/><T132/><D130/><U120/><E120/><V101/><F101/><N who="3" m="60599" /><G84/><T35/><D35/><U73/><E42/><V124/><F124/><W119/><G119/><T26/><D129/><U57/><E73/><V8/><F8/><W96/><G96/><T106/><D100/><U89/><E89/><V61/><F61/><W83/><G83/><AGARI ba="1,1" hai="13,19,23,36,41,47,60,64,71,72,77,83,104,107" machi="83" ten="40,2600,0" yaku="1,1,53,1" doraHai="128" doraHaiUra="17" who="2" fromWho="3" sc="210,0,283,0,200,39,297,-29" /><INIT seed="4,0,0,4,0,114" ten="210,283,239,268" oya="0" hai0="7,129,64,38,103,37,86,77,120,115,36,69,107" hai1="45,88,132,92,51,116,118,78,3,84,10,87,131" hai2="102,32,15,20,8,93,113,91,130,68,35,81,117" hai3="9,104,59,26,43,29,61,21,13,125,24,63,4"/><T70/><D120/><U23/><E23/><V18/><F68/><W135/><G135/><T90/><D115/><U83/><E132/><V71/><F71/><W79/><G125/><T17/><D129/><U25/><E25/><V41/><F113/><W74/><G104/><T31/><D77/><U95/><E95/><V119/><F130/><W12/><G43/><T100/><D31/><U94/><E94/><V0/><F41/><W47/><G47/><T14/><D7/><U123/><E123/><V65/><F65/><W27/><G63/><T133/><D133/><U34/><E34/><V80/><F102/><W5/><G74/><T105/><D103/><U106/><E106/><V53/><F53/><N who="3" m="34031" /><G79/><T122/><D122/><U66/><E66/><V28/><F35/><W30/><G30/><T85/><D85/><U110/><E110/><V60/><F60/><W11/><AGARI ba="0,0" hai="4,5,9,11,12,13,21,24,26,27,29" m="34031" machi="11" ten="30,1100,0" yaku="8,1" doraHai="114" who="3" fromWho="3" sc="210,-5,283,-3,239,-3,268,11" /><INIT seed="5,0,0,2,0,106" ten="205,280,236,279" oya="1" hai0="39,28,83,122,69,107,75,80,42,118,121,100,52" hai1="19,124,113,36,13,55,129,2,67,50,58,7,109" hai2="8,6,120,79,68,54,91,4,21,40,15,71,123" hai3="132,93,126,12,53,11,88,125,128,84,61,119,114"/><U31/><E36/><V101/><F101/><W60/><G114/><T24/><D118/><U76/><E113/><V115/><F115/><W16/><G119/><T65/><D42/><U0/><E31/><V133/><F133/><W77/><G132/><T92/><D39/><U5/><E67/><V35/><F35/><W134/><G134/><T63/><D92/><U82/><E129/><V103/><F103/><W34/><G34/><N who="0" m="20743" /><D52/><U57/><E109/><V86/><F40/><W99/><G128/><T117/><D117/><U73/><E124/><N who="3" m="47722" /><G53/><T37/><D83/><AGARI ba="0,0" hai="11,12,16,60,61,77,83,84,88,93,99" m="47722" machi="83" ten="30,3900,0" yaku="18,1,54,2" doraHai="106" who="3" fromWho="0" sc="205,-39,280,0,236,0,279,39" /><INIT seed="6,0,0,1,1,68" ten="166,280,236,318" oya="2" hai0="105,29,44,59,26,10,50,110,53,47,124,109,13" hai1="14,73,74,17,114,126,49,63,90,128,46,123,130" hai2="88,70,56,12,112,86,120,102,82,36,129,42,31" hai3="24,93,66,132,84,2,106,16,7,5,15,65,127"/><V107/><F120/><W58/><G127/><T62/><D105/><U1/><E1/><V9/><F70/><W67/><G132/><T135/><D135/><U85/><E63/><V0/><F0/><W25/><G106/><T77/><D124/><U108/><E114/><V104/><F112/><W33/><G2/><T21/><D77/><U3/><E3/><V48/><F31/><W4/><G58/><T60/><D60/><U103/><E103/><V45/><F129/><N who="1" m="49769" /><E108/><V64/><F102/><W39/><G39/><T79/><D79/><U22/><E123/><V51/><F51/><W131/><G33/><T95/><D95/><N who="1" m="54735" /><E126/><V55/><REACH who="2" step="1"/><F64/><REACH who="2" ten="166,280,226,318" step="2"/><W32/><G131/><T92/><D109/><U43/><AGARI ba="0,1" hai="14,17,22,43,46,49,73,74" m="54735,49769" machi="43" ten="30,1100,0" yaku="19,1" doraHai="68" who="1" fromWho="1" sc="166,-3,280,21,226,-5,318,-3" /><INIT seed="7,0,0,0,0,71" ten="163,301,221,315" oya="3" hai0="38,16,68,121,89,59,131,133,87,49,58,53,5" hai1="108,52,78,116,55,50,11,42,32,69,85,25,129" hai2="6,27,103,97,109,99,115,119,13,30,62,15,74" hai3="54,110,80,118,31,93,35,4,0,70,102,41,67"/><W120/><G118/><T79/><D121/><U51/><E69/><V66/><F119/><W2/><G120/><T113/><D68/><U117/><E108/><V40/><F109/><W72/><G54/><T60/><D131/><U95/><E129/><V26/><F74/><W21/><G110/><T46/><D133/><U130/><E130/><V18/><F115/><W92/><G35/><T90/><D113/><U34/><E11/><V134/><F40/><W81/><G81/><T112/><D112/><U83/><E42/><V123/><F134/><W75/><G75/><T47/><D5/><U111/><E95/><N who="2" m="58815" /><F6/><W7/><G80/><T29/><D29/><U3/><E3/><V56/><F123/><W65/><G72/><T101/><D101/><U24/><E83/><V88/><F18/><W8/><G41/><T91/><D38/><U20/><E111/><V33/><F33/><W19/><G70/><T126/><D126/><U127/><E20/><N who="2" m="15687" /><F27/><W77/><G31/><T124/><D124/><U17/><E17/><V105/><F105/><W96/><G19/><T39/><D39/><U107/><E127/><V98/><F98/><W122/><G122/><T1/><D1/><U94/><E94/><AGARI ba="0,0" hai="13,15,56,62,66,88,94,99" m="15687,58815" machi="94" ten="30,3900,0" yaku="25,1,8,1,54,1" doraHai="71" who="2" fromWho="1" sc="163,0,301,-39,221,39,315,0" owari="163,-34.0,262,6.0,260,-14.0,315,42.0" /></mjloggm>