<mjloggm ver="2.3"><GO type="225" lobby="0"/><UN n0="%E3%82%AD%E3%83%A9%E3%83%BC%E3%83%9E%E3%82%B8%E3%83%B3%E3%82%AC%E6%A7%98" n1="%E3%82%A6%E3%83%AB%E3%83%88%E3%83%A9%E7%AB%8B%E7%9B%B4" n2="%E3%81%BD%E3%83%BC%E3%82%93%64%65%E3%83%AA%E3%83%B3%E3%82%B0" n3="%E2%80%A0%E5%AE%88%E8%AD%B7%E5%A4%A9%E4%BD%BF%E2%80%A0" dan="16,17,17,16" rate="2100.40,2122.69,2145.95,2086.39" sx="F,M,F,M"/><TAIKYOKU oya="0"/><INIT seed="0,0,0,5,0,68" ten="250,250,250,250" oya="0" hai0="117,13,1,80,97,130,50,43,15,8,14,66,87" hai1="107,105,88,124,79,27,81,109,31,73,134,72,100" hai2="128,123,113,69,51,64,71,126,75,10,96,108,131" hai3="5,90,28,54,94,18,62,111,39,104,6,0,4"/><T121/><D117/><U12/><E12/><V70/><F123/><W48/><G104/><N who="1" m="40010" /><E27/><V56/><F113/><W101/><G111/><T99/><D121/><U115/><E31/><V110/><F75/><N who="1" m="28745" /><E109/><N who="2" m="42091" /><F96/><W35/><G101/><T33/><D33/><U120/><E120/><V32/><F32/><W55/><G0/><T49/><D130/><N who="2" m="49706" /><F10/><W116/><G116/><T77/><D66/><U22/><E22/><V135/><F135/><W61/><G35/><T37/><D8/><U63/><E63/><N who="2" m="37991" /><F126/><W57/><G5/><T118/><D1/><U9/><E9/><V23/><F23/><W91/><G4/><T2/><D2/><U93/><E134/><V83/><F83/><W78/><G6/><T129/><D129/><U89/><E124/><V45/><F71/><W125/><G125/><T17/><D17/><U40/><E115/><V95/><F95/><W65/><G94/><T119/><D119/><U86/><E40/><AGARI ba="0,0" hai="40,45,51,69,70" m="37991,49706,42091" machi="40" ten="30,7700,0" yaku="14,1,19,1,34,2" doraHai="68" who="2" fromWho="1" sc="250,0,250,-77,250,77,250,0" /><INIT seed="1,0,0,4,4,110" ten="250,173,327,250" oya="1" hai0="71,41,45,100,31,95,11,35,14,112,38,131,120" hai1="19,113,76,53,84,119,1,104,39,116,33,134,60" hai2="37,62,74,80,86,123,49,32,77,50,59,44,106" hai3="85,48,51,96,43,79,102,7,97,30,58,122,89"/><U127/><E19/><V83/><F123/><W72/><G122/><T107/><D120/><U61/><E84/><V99/><F32/><W101/><G30/><T36/><D71/><U114/><E76/><V9/><F9/><W34/><G34/><T90/><D131/><U3/><E33/><V52/><F106/><W2/><G79/><T68/><D68/><U47/><E104/><V54/><F99/><W133/><G72/><T28/><D38/><U109/><E109/><V82/><F37/><W128/><G128/><T17/><D35/><U6/><E6/><V4/><F4/><W78/><G78/><T16/><D112/><N who="1" m="43115" /><E127/><V94/><F62/><N who="1" m="24169" /><E134/><V56/><F44/><W40/><G7/><T118/><D107/><U75/><E75/><V0/><F0/><N who="1" m="73" /><E39/><V115/><F115/><W130/><G133/><T65/><D17/><U18/><E18/><V125/><F125/><W132/><G132/><T73/><D73/><U67/><E67/><V70/><F70/><W66/><G66/><T92/><D65/><U27/><E27/><V46/><F46/><W8/><G130/><T105/><D105/><U64/><E64/><V81/><F74/><W57/><G85/><N who="0" m="52303" /><D31/><U124/><E124/><V22/><F81/><W26/><G26/><T42/><D28/><U15/><E15/><V21/><F77/><W91/><G96/><N who="0" m="59423" /><D36/><U5/><E5/><V24/><F24/><W129/><G97/><T23/><D45/><U63/><N who="1" m="24177" /><U126/><DORA hai="93" /><E126/><V13/><F13/><W121/><G129/><T103/><D14/><U135/><E135/><V29/><F29/><RYUUKYOKU ba="0,0" sc="250,-15,173,15,327,15,250,-15" hai1="47,53,116,119" hai2="21,22,49,50,52,54,56,59,80,82,83,86,94" /><INIT seed="1,1,0,2,1,24" ten="235,188,342,235" oya="1" hai0="110,9,97,109,34,31,23,20,103,86,113,79,131" hai1="118,36,33,41,64,100,2,29,14,19,13,38,134" hai2="77,12,130,61,106,91,90,7,39,17,21,5,83" hai3="87,49,16,92,126,96,28,65,6,127,69,112,119"/><U105/><E118/><V68/><F39/><W42/><G112/><T63/><D113/><U76/><E2/><V18/><F106/><W117/><G6/><T125/><D125/><N who="3" m="47625" /><G87/><T104/><D131/><U111/><E76/><V4/><F130/><W47/><G28/><T51/><D51/><U70/><E41/><V102/><F102/><N who="3" m="60679" /><G16/><T3/><D31/><U46/><E46/><V50/><F50/><W89/><G89/><T120/><D86/><U101/><E101/><V85/><F18/><W74/><G74/><T27/><D103/><U73/><E73/><V67/><AGARI ba="1,0" hai="4,5,7,12,17,21,61,67,68,77,83,85,90,91" machi="67" ten="30,1100,0" yaku="0,1" doraHai="24" who="2" fromWho="2" sc="235,-4,188,-6,342,14,235,-4" /><INIT seed="2,0,0,1,5,87" ten="231,182,356,231" oya="2" hai0="80,127,49,6,23,57,35,33,94,42,72,53,99" hai1="16,118,48,97,59,37,15,88,70,62,134,44,21" hai2="92,113,27,96,18,119,112,95,123,47,51,98,7" hai3="1,13,36,28,2,110,108,63,115,30,41,135,31"/><V114/><F119/><W32/><G32/><T68/><D68/><U17/><E118/><V128/><F123/><W40/><G135/><T22/><D6/><U12/><E37/><V39/><F39/><W65/><G13/><N who="1" m="5194" /><E70/><V4/><F128/><W89/><G89/><T76/><D127/><U64/><E134/><V77/><F77/><W5/><G115/><T100/><D23/><U3/><E3/><N who="3" m="1034" /><G5/><T107/><D22/><U14/><N who="1" m="5202" /><U116/><DORA hai="106" /><E116/><V19/><F51/><W34/><G34/><T120/><D120/><U117/><E117/><V91/><F47/><W0/><G36/><T104/><D104/><U52/><E21/><V29/><F29/><W11/><G11/><T55/><D42/><U10/><E10/><V126/><F126/><W24/><G24/><T78/><D78/><U85/><E97/><V111/><F27/><W20/><G20/><T56/><D107/><U74/><E74/><V69/><F69/><N who="3" m="42175" /><G0/><T8/><D8/><U125/><E125/><V130/><F112/><W61/><G40/><T102/><D102/><U83/><AGARI ba="0,0" hai="16,17,44,48,52,59,62,64,83,85,88" m="5202" machi="83" ten="30,8000,1" yaku="8,1,52,1,54,3" doraHai="87,106" who="1" fromWho="1" sc="231,-20,182,80,356,-40,231,-20" /><INIT seed="3,0,0,0,4,29" ten="211,262,316,211" oya="3" hai0="92,38,49,58,73,51,18,86,76,6,45,75,133" hai1="127,48,28,81,101,42,63,118,52,53,108,10,61" hai2="7,68,107,135,72,111,78,85,116,112,121,57,20" hai3="9,67,70,13,125,64,130,56,82,109,33,35,8"/><W102/><G70/><T129/><D38/><U66/><E101/><V43/><F68/><W19/><G102/><T100/><D6/><U93/><E93/><V110/><F116/><W14/><G125/><T91/><D133/><U11/><E118/><V2/><F112/><W113/><G113/><T96/><D129/><U41/><E28/><V120/><F135/><W74/><G130/><T117/><D117/><U30/><E30/><V21/><F107/><W128/><G128/><T69/><D69/><U88/><E108/><N who="2" m="41515" /><F72/><W103/><G103/><T115/><D100/><U105/><E53/><V23/><F43/><N who="1" m="16393" /><E66/><V5/><F57/><W59/><G109/><T79/><D58/><N who="3" m="22057" /><G19/><T47/><D18/><U22/><E22/><V90/><F78/><W55/><G55/><T31/><D79/><U122/><E81/><N who="2" m="49455" /><F2/><W71/><G71/><T54/><D115/><U89/><E11/><N who="3" m="4170" /><G82/><T134/><D134/><U32/><E10/><V24/><F24/><W132/><G74/><T131/><D131/><U17/><E48/><V106/><F106/><W39/><G39/><T26/><D51/><U126/><E17/><V87/><F87/><W114/><G114/><T97/><D75/><U3/><E89/><V99/><F99/><W84/><G84/><T77/><D73/><U34/><E122/><AGARI ba="0,0" hai="5,7,20,21,23,120,121,122" m="49455,41515" machi="122" ten="40,2600,0" yaku="13,1,14,1" doraHai="29" who="2" fromWho="1" sc="211,0,262,-26,316,26,211,0" owari="211,-19.0,236,4.0,342,44.0,211,-29.0" /></mjloggm>