<mjloggm ver="2.3"><GO type="169" lobby="0"/><UN n0="%E3%81%99%E3%81%BF%E3%82%84%E3%81%AB" n1="%E3%82%A6%E3%83%AB%E3%83%88%E3%83%A9%E7%AB%8B%E7%9B%B4" n2="%E3%82%89%E3%81%8F%E3%81%A0%EF%BC%90%EF%BC%91%EF%BC%90%EF%BC%99" n3="%E5%BA%83%E5%B3%B6%E3%81%AE%E7%A8%AE%E9%A6%AC" dan="19,17,18,16" rate="2252.96,2107.22,2319.21,2093.44" sx="M,M,M,M"/><TAIKYOKU oya="0"/><INIT seed="0,0,0,4,5,54" ten="250,250,250,250" oya="0" hai0="131,28,88,129,117,89,60,49,97,45,135,121,25" hai1="85,36,75,2,8,37,107,1,91,50,113,10,83" hai2="102,114,30,5,100,95,29,38,9,109,43,84,31" hai3="17,67,119,22,79,128,77,21,118,76,12,69,42"/><T34/><D117/><U120/><E120/><V14/><F109/><W92/><G128/><N who="0" m="49227" /><D121/><U71/><E71/><V15/><F114/><W66/><G42/><T132/><D60/><U41/><E113/><V96/><F38/><W99/><G69/><T62/><D62/><U133/><E133/><N who="0" m="51273" /><D97/><U72/><E50/><V58/><F43/><AGARI ba="0,0" hai="25,28,34,43,45,49,88,89" m="51273,49227" machi="43" ten="30,5800,0" yaku="19,1,20,1,54,1" doraHai="54" who="0" fromWho="2" sc="250,58,250,0,250,-58,250,0" /><INIT seed="0,1,0,3,4,58" ten="308,250,192,250" oya="0" hai0="81,108,56,64,52,39,85,96,102,71,93,31,33" hai1="68,67,76,10,72,1,51,106,128,41,54,125,43" hai2="113,117,19,57,9,49,114,21,94,37,109,100,14" hai3="82,86,90,88,120,13,16,84,131,17,48,50,105"/><T36/><D108/><U75/><E106/><V95/><F37/><W8/><G131/><T20/><D33/><U66/><E128/><V32/><F32/><W119/><G119/><T65/><D71/><U92/><E125/><V97/><F109/><W74/><G74/><T55/><D39/><U69/><E76/><V118/><F95/><W62/><G105/><T45/><D36/><U99/><E1/><V40/><F9/><W83/><G120/><T122/><D122/><U0/><E0/><V104/><F104/><W134/><G134/><T121/><D121/><U78/><E10/><V91/><F100/><W44/><G62/><N who="0" m="37959" /><D65/><U123/><E92/><V18/><F18/><W103/><G103/><T80/><D45/><U73/><E73/><V5/><F5/><W25/><G44/><T24/><D81/><U26/><E69/><V34/><F34/><W77/><G77/><AGARI ba="1,0" hai="20,24,31,52,55,77,80,85,93,96,102" m="37959" machi="77" ten="30,11600,0" yaku="25,1,8,1,52,1,54,1" doraHai="58" who="0" fromWho="3" sc="308,119,250,0,192,0,250,-119" /><INIT seed="0,2,0,0,2,24" ten="427,250,192,131" oya="0" hai0="14,126,51,52,11,103,6,115,89,61,8,7,95" hai1="92,84,20,111,59,110,99,135,106,102,62,45,117" hai2="44,73,55,105,36,47,4,32,28,74,60,66,34" hai3="71,31,120,27,132,63,87,67,101,69,90,76,108"/><T131/><D126/><U22/><E117/><V116/><F116/><W30/><G108/><N who="1" m="41514" /><E135/><V17/><F105/><W78/><G132/><T113/><D103/><U0/><E0/><V9/><F17/><W21/><G120/><T122/><D61/><U91/><E45/><V35/><F55/><AGARI ba="2,0" hai="20,22,55,59,62,84,91,92,99,102,106" m="41514" machi="55" ten="30,1000,0" yaku="14,1" doraHai="24" who="1" fromWho="2" sc="427,0,250,16,192,-16,131,0" /><INIT seed="1,0,0,1,5,80" ten="427,266,176,131" oya="1" hai0="37,118,73,106,78,66,111,72,33,6,99,8,117" hai1="71,13,67,90,84,17,108,98,57,11,43,107,92" hai2="124,25,5,61,19,88,15,64,27,34,63,91,69" hai3="85,62,4,14,101,44,82,89,35,50,113,70,42"/><U131/><E131/><V21/><F124/><W24/><G113/><T30/><D111/><U122/><E122/><V75/><F75/><W9/><G101/><T52/><D66/><U112/><E112/><V125/><F125/><W31/><G62/><T126/><D37/><U40/><E71/><V18/><F5/><W77/><REACH who="3" step="1"/><G70/><REACH who="3" ten="427,266,176,121" step="2"/><T93/><D126/><U3/><E108/><V59/><F34/><W83/><G83/><T74/><D33/><U51/><E107/><V132/><F132/><W100/><G100/><T123/><D106/><U133/><E133/><V104/><F104/><W121/><G121/><T109/><D123/><U58/><E3/><V65/><REACH who="2" step="1"/><F27/><REACH who="2" ten="427,266,166,121" step="2"/><W119/><G119/><T45/><D118/><U22/><E67/><V55/><F55/><W23/><G23/><AGARI ba="0,2" hai="15,18,19,21,23,25,59,61,63,64,65,69,88,91" machi="23" ten="30,3900,0" yaku="1,1,7,1,54,1,53,0" doraHai="80" doraHaiUra="115" who="2" fromWho="3" sc="427,0,266,0,166,59,121,-39" /><INIT seed="2,0,0,4,0,5" ten="427,266,225,82" oya="2" hai0="116,63,23,36,104,49,78,67,45,60,128,125,42" hai1="15,41,76,26,81,109,118,132,17,29,99,3,47" hai2="92,83,119,19,123,115,77,28,93,64,62,70,31" hai3="66,20,4,131,22,135,133,107,1,14,117,134,97"/><V9/><F123/><W85/><G66/><T87/><D104/><U124/><E3/><V80/><F119/><W89/><G117/><T50/><D116/><U57/><E118/><V82/><F115/><W61/><G61/><T106/><D106/><U114/><E114/><V37/><F77/><W113/><G113/><T74/><D74/><U90/><E109/><V111/><F37/><W7/><G1/><T86/><D125/><U25/><E124/><V12/><REACH who="2" step="1"/><F111/><REACH who="2" ten="427,266,215,82" step="2"/><W56/><G131/><T38/><D78/><U13/><E76/><V44/><F44/><W59/><G135/><T54/><D38/><U96/><E47/><V43/><F43/><W130/><G130/><T120/><D36/><U73/><E41/><V75/><F75/><W30/><G134/><T129/><D120/><U71/><E73/><V79/><F79/><W6/><G133/><T127/><D127/><U102/><E132/><V8/><F8/><W72/><G72/><T65/><D42/><U88/><E71/><V2/><F2/><W32/><G59/><T11/><D45/><U68/><E57/><V24/><F24/><W18/><G56/><T121/><D121/><U55/><E26/><V39/><F39/><W40/><G40/><T27/><D27/><U21/><E68/><V108/><F108/><W33/><G33/><T10/><D23/><U101/><E21/><V53/><F53/><AGARI ba="0,1" hai="10,11,49,50,53,54,60,63,65,67,86,87,128,129" machi="53" ten="25,6400,0" yaku="22,2,52,2" doraHai="5" who="0" fromWho="2" sc="427,74,266,0,215,-64,82,0" /><INIT seed="3,0,0,2,4,63" ten="501,266,151,82" oya="3" hai0="94,39,67,59,55,88,13,78,10,53,90,115,8" hai1="128,87,54,46,62,82,89,72,69,56,126,57,29" hai2="103,6,111,109,91,48,93,99,34,68,84,23,3" hai3="4,110,44,100,112,95,66,101,32,50,86,132,18"/><W21/><G112/><T107/><D107/><U102/><E69/><V81/><F34/><W19/><G32/><T117/><D39/><U65/><E128/><V25/><F68/><W123/><G123/><T79/><D117/><U0/><E0/><V41/><F3/><W11/><G132/><T97/><D115/><U5/><E72/><V12/><F6/><W70/><G110/><N who="2" m="41993" /><F12/><W27/><G19/><T42/><D42/><U28/><E126/><V124/><F124/><W45/><G45/><T122/><D122/><U1/><E102/><V22/><F25/><W49/><G49/><T40/><D40/><U104/><E104/><V64/><F64/><W125/><G125/><T33/><D90/><U75/><E75/><V16/><F16/><W36/><G36/><T47/><D10/><U38/><E1/><V58/><F58/><W119/><G119/><T96/><D96/><U30/><E5/><V113/><F113/><W116/><G116/><T7/><D33/><U120/><E120/><V105/><F81/><W98/><G101/><T2/><D2/><U131/><E131/><V127/><F127/><W37/><G37/><T14/><D14/><U51/><E38/><V52/><F52/><N who="0" m="20042" /><D47/><AGARI ba="0,0" hai="22,23,41,47,48,84,91,93,99,103,105" m="41993" machi="47" ten="30,1000,0" yaku="14,1" doraHai="63" who="2" fromWho="0" sc="501,-10,266,0,151,10,82,0" /><INIT seed="4,0,0,1,1,72" ten="491,266,161,82" oya="0" hai0="105,74,39,102,81,38,89,63,128,52,99,16,41" hai1="120,96,100,19,126,134,113,130,66,107,86,135,3" hai2="9,44,111,40,80,0,112,70,76,131,28,61,26" hai3="59,36,129,25,46,51,85,118,33,90,29,82,133"/><T49/><D128/><U78/><E3/><V17/><F112/><W125/><G133/><T23/><D63/><U10/><E66/><V121/><F121/><W22/><G125/><T104/><D104/><U91/><E10/><V21/><F111/><W93/><G118/><T64/><D64/><U108/><E19/><V114/><F114/><W79/><G129/><T14/><D41/><U8/><E8/><V103/><F131/><W56/><G33/><T69/><D69/><U65/><E65/><V71/><F103/><W45/><G36/><T43/><D43/><U24/><E24/><V92/><F92/><W73/><REACH who="3" step="1"/><G46/><REACH who="3" ten="491,266,161,72" step="2"/><T84/><D74/><U50/><E126/><V110/><F110/><W132/><G132/><T4/><D4/><U11/><E108/><V1/><F1/><W57/><G57/><AGARI ba="0,1" hai="14,16,23,38,39,49,52,57,81,84,89,99,102,105" machi="57" ten="30,5800,0" yaku="7,1,54,2" doraHai="72" who="0" fromWho="3" sc="491,68,266,0,161,0,72,-58" /><INIT seed="4,1,0,2,0,26" ten="559,266,161,14" oya="0" hai0="65,86,22,75,29,6,91,27,92,41,14,109,60" hai1="0,12,83,102,96,13,5,7,90,131,128,127,115" hai2="42,40,43,76,36,53,58,32,61,79,88,45,104" hai3="107,52,17,99,122,30,108,95,59,126,54,39,113"/><T133/><D133/><U11/><E127/><V23/><F104/><W35/><G108/><T47/><D75/><U38/><E38/><V18/><F32/><W105/><G126/><T124/><D124/><U64/><E64/><V89/><F36/><W16/><G39/><T84/><D109/><U33/><E33/><V48/><F76/><W70/><G70/><T15/><D6/><U98/><E115/><V9/><F79/><W110/><G110/><T103/><D103/><U20/><E20/><V100/><F100/><W2/><G2/><T1/><D1/><U94/><E7/><V62/><F9/><W37/><G37/><T67/><D86/><N who="1" m="50527" /><E98/><V80/><F62/><W4/><G4/><T106/><D106/><U66/><E66/><N who="0" m="25097" /><D60/><U123/><E123/><V81/><F81/><W78/><G113/><T31/><D41/><N who="2" m="15978" /><F80/><W118/><G78/><T68/><D68/><U121/><E121/><V101/><F101/><W50/><G122/><T117/><D117/><U46/><E46/><V34/><F34/><W19/><G118/><T116/><D47/><U135/><E135/><V134/><F134/><W132/><G132/><T120/><D116/><U10/><E0/><V87/><F87/><W24/><REACH who="3" step="1"/><G54/><REACH who="3" ten="559,266,161,4" step="2"/><T44/><D120/><U72/><E5/><V77/><F77/><W21/><G21/><N who="0" m="15599" /><D44/><U119/><E119/><V97/><F97/><W28/><G28/><T111/><D111/><U125/><E125/><V82/><F82/><W71/><G71/><T74/><D74/><U129/><E72/><V56/><F56/><W73/><G73/><T3/><D3/><RYUUKYOKU ba="1,1" sc="559,0,266,0,161,0,4,0" hai0="14,15,22,31,84,91,92" hai1="10,11,12,13,94,96,102,128,129,131" hai2="18,23,43,45,48,53,58,61,88,89" hai3="16,17,19,24,30,35,50,52,59,95,99,105,107" /><INIT seed="4,2,1,1,2,57" ten="559,266,161,4" oya="0" hai0="51,107,50,40,71,104,39,21,123,56,70,72,26" hai1="93,18,88,20,82,0,48,12,110,35,63,113,74" hai2="105,109,128,124,34,111,135,100,52,127,2,10,102" hai3="61,95,75,24,27,13,86,73,8,4,114,116,98"/><T67/><D72/><U25/><E0/><V22/><F34/><W38/><G116/><T120/><D104/><U15/><E110/><V55/><F22/><W31/><G38/><T23/><D107/><U46/><E113/><V16/><F128/><W59/><G114/><T49/><D23/><U54/><E35/><V132/><F105/><W125/><G86/><T33/><D21/><U99/><E74/><V94/><F94/><W78/><G125/><T134/><D26/><U89/><E63/><V96/><F96/><W85/><G75/><T77/><D77/><U6/><E6/><V45/><F45/><W3/><G3/><T84/><D84/><AGARI ba="2,1" hai="12,15,18,20,25,46,48,54,82,84,88,89,93,99" machi="84" ten="40,2600,0" yaku="8,1,54,1" doraHai="57" who="1" fromWho="0" sc="559,-32,266,42,161,0,4,0" /><INIT seed="5,0,0,2,0,96" ten="527,308,161,4" oya="1" hai0="4,59,119,60,46,73,64,135,123,101,5,103,57" hai1="34,87,21,69,39,121,0,36,92,9,56,124,26" hai2="85,30,32,114,134,24,49,88,68,3,13,37,84" hai3="94,35,19,6,62,25,51,105,74,75,31,106,78"/><U53/><E34/><V122/><F37/><W23/><G75/><T130/><D119/><U33/><E33/><V95/><F3/><W63/><G106/><T7/><D73/><U16/><E69/><V28/><F28/><W66/><G105/><T89/><D130/><U118/><E118/><V132/><F68/><W29/><G63/><T58/><D135/><N who="2" m="51754" /><F122/><W41/><G6/><T18/><D123/><U10/><E121/><V45/><F13/><W100/><G74/><T14/><D46/><U93/><E124/><V108/><F108/><W47/><G78/><T81/><D64/><U12/><E0/><V72/><F72/><W104/><G104/><T52/><D59/><U77/><E39/><V115/><F84/><W83/><G83/><T38/><D58/><U8/><E36/><V2/><F2/><W113/><G113/><T112/><D112/><U61/><E12/><V43/><AGARI ba="0,0" hai="24,30,32,43,45,49,85,88,95,114,115" m="51754" machi="43" ten="30,2000,0" yaku="20,1,54,1" doraHai="96" who="2" fromWho="2" sc="527,-5,308,-10,161,20,4,-5" owari="522,62.0,298,10.0,181,-22.0,-1,-50.0" /></mjloggm>