<mjloggm ver="2.3"><GO type="169" lobby="0"/><UN n0="%4F%68%74%61%6B%65" n1="%67%6F%69%73%75%62%61%69" n2="%E3%82%A6%E3%83%AB%E3%83%88%E3%83%A9%E7%AB%8B%E7%9B%B4" n3="%E3%81%86%E3%81%91%E3%81%AA%E3%81%8C%E3%81%99%E3%81%9C" dan="16,16,17,17" rate="2132.32,2127.14,2176.48,2130.94" sx="M,M,M,F"/><TAIKYOKU oya="0"/><INIT seed="0,0,0,4,2,68" ten="250,250,250,250" oya="0" hai0="90,93,70,51,72,123,37,94,15,36,3,27,88" hai1="30,33,45,66,117,18,95,14,5,48,81,44,67" hai2="121,54,60,92,29,65,85,82,73,104,19,10,50" hai3="83,129,131,53,12,120,26,86,87,24,103,7,39"/><T58/><D70/><U46/><E117/><V99/><F104/><W101/><G53/><T75/><D3/><U63/><E5/><V42/><F73/><W79/><G120/><T28/><D15/><U8/><E66/><V0/><F29/><W124/><G124/><T107/><D107/><U11/><E11/><V102/><F42/><W119/><G119/><T115/><D115/><U6/><E6/><V13/><F0/><W74/><G74/><T62/><D51/><U105/><E105/><V1/><F1/><W96/><G96/><T134/><D134/><U55/><E95/><V114/><F114/><W110/><G12/><T118/><D123/><U57/><E33/><V116/><F116/><W17/><G83/><T97/><D72/><U128/><E128/><V130/><F130/><W122/><G7/><T61/><D75/><U98/><E98/><V69/><F121/><W89/><G79/><T80/><D80/><U4/><E30/><V127/><F127/><W23/><G122/><T35/><D61/><U52/><E55/><V84/><REACH who="2" step="1"/><F82/><REACH who="2" ten="250,250,240,250" step="2"/><W133/><G131/><T112/><D112/><U64/><E81/><V132/><F132/><W32/><G133/><T25/><D118/><U20/><REACH who="1" step="1"/><E63/><REACH who="1" ten="250,240,240,250" step="2"/><V125/><F125/><W100/><G129/><T41/><D28/><U111/><E111/><V31/><F31/><W49/><G110/><T16/><D62/><U34/><E34/><V135/><F135/><W77/><G32/><T40/><D35/><U22/><E22/><V56/><AGARI ba="0,2" hai="10,13,19,50,54,56,60,65,69,84,85,92,99,102" machi="56" ten="20,2700,0" yaku="1,1,0,1,7,1,53,0" doraHai="68" doraHaiUra="43" who="2" fromWho="2" sc="250,-13,240,-7,240,47,250,-7" /><INIT seed="1,0,0,4,1,50" ten="237,233,287,243" oya="1" hai0="60,13,66,40,84,6,24,73,52,39,110,69,43" hai1="100,63,120,86,44,89,104,1,51,57,53,113,80" hai2="46,34,118,45,10,11,131,121,119,70,14,76,98" hai3="68,4,27,30,107,74,28,129,37,83,67,58,114"/><U133/><E113/><V92/><F70/><W72/><G114/><T127/><D73/><U94/><E120/><V87/><F34/><W79/><G30/><T81/><D110/><U117/><E117/><V122/><F87/><W108/><G108/><T9/><D127/><U93/><E133/><V38/><F76/><W65/><G37/><T56/><D24/><U105/><E1/><V0/><F0/><W23/><G107/><T135/><D39/><U26/><E26/><V106/><F106/><W101/><G101/><T35/><D35/><U62/><E62/><V8/><F14/><W32/><G23/><T64/><D135/><U102/><E105/><V75/><F75/><W2/><G58/><T16/><D6/><U90/><E104/><V109/><F109/><W15/><G15/><T115/><D115/><U111/><E111/><V130/><F92/><W103/><G103/><T12/><D12/><U128/><E128/><N who="2" m="49195" /><F98/><W71/><G129/><T29/><D29/><U88/><E93/><V48/><F38/><W96/><G96/><T47/><D47/><N who="2" m="17930" /><F48/><W55/><G71/><T21/><D9/><N who="2" m="2306" /><V78/><DORA hai="124" /><F78/><W18/><G68/><T22/><D22/><U97/><REACH who="1" step="1"/><E90/><REACH who="1" ten="237,223,287,243" step="2"/><V36/><F36/><W31/><G2/><T112/><D112/><U134/><E134/><V20/><F20/><W132/><G132/><T17/><D21/><U49/><E49/><V42/><F42/><AGARI ba="0,1" hai="42,44,51,53,57,63,80,86,88,89,94,97,100,102" machi="42" ten="30,18000,2" yaku="1,1,7,1,8,1,52,1,54,1,53,1" doraHai="50,124" doraHaiUra="3,59" who="1" fromWho="2" sc="237,0,223,190,287,-180,243,0" /><INIT seed="1,1,0,5,1,103" ten="237,413,107,243" oya="1" hai0="118,114,39,48,116,2,111,14,22,106,89,75,113" hai1="17,69,41,1,80,95,18,81,15,127,61,68,47" hai2="59,43,9,5,46,12,102,129,30,96,53,37,23" hai3="51,91,134,34,13,70,67,132,110,71,16,131,20"/><U52/><E1/><V125/><F125/><W84/><G34/><T24/><D2/><U112/><E112/><V97/><F129/><W10/><G131/><T65/><D39/><U40/><E127/><V42/><F42/><W124/><G124/><T130/><D75/><U56/><E69/><V115/><F115/><W11/><G110/><T31/><D130/><U58/><E68/><N who="3" m="26154" /><G67/><T50/><D111/><U83/><E47/><V19/><F30/><W8/><G51/><T62/><D114/><U64/><E95/><V73/><F73/><W92/><G20/><T94/><D106/><U0/><E0/><V3/><REACH who="2" step="1"/><F102/><REACH who="2" ten="237,413,97,243" step="2"/><W27/><G134/><T21/><D113/><U104/><E41/><V119/><F119/><W38/><G132/><T63/><D116/><U98/><E40/><V101/><F101/><W33/><G38/><T93/><D118/><U36/><E36/><V35/><F35/><W4/><G33/><T117/><D117/><U123/><E123/><V122/><F122/><W29/><G29/><T135/><D135/><U60/><E18/><V128/><F128/><W57/><G16/><T54/><D31/><U28/><E28/><V78/><F78/><W85/><G91/><T105/><D89/><U49/><E17/><V44/><F44/><W45/><G45/><T82/><D105/><U100/><E104/><V88/><F88/><W90/><G90/><T72/><D72/><U74/><E74/><V76/><F76/><W66/><G92/><T86/><D94/><U133/><E133/><V108/><F108/><W109/><G109/><T120/><D93/><RYUUKYOKU ba="1,1" sc="237,-10,413,-10,97,30,243,-10" hai2="3,5,9,12,19,23,37,43,46,53,59,96,97" /><INIT seed="2,2,1,1,3,36" ten="227,403,127,233" oya="2" hai0="16,98,5,3,112,82,7,101,21,97,132,78,111" hai1="50,12,17,91,14,0,31,69,39,40,71,47,42" hai2="104,53,96,81,93,118,92,28,77,48,56,125,58" hai3="124,13,33,89,115,4,2,11,6,9,75,59,94"/><V87/><F118/><W127/><G115/><T99/><D112/><U15/><E0/><V24/><F125/><W63/><G75/><T107/><D132/><U123/><E123/><V110/><F110/><W67/><REACH who="3" step="1"/><G33/><REACH who="3" ten="227,403,127,223" step="2"/><T122/><D122/><U126/><E126/><V130/><F130/><W18/><G18/><T120/><D120/><U68/><E17/><V25/><F104/><W109/><G109/><T22/><D111/><U119/><E119/><V134/><F134/><W29/><G29/><T117/><D117/><U95/><E31/><V121/><F121/><W23/><G23/><T79/><D22/><U49/><REACH who="1" step="1"/><E42/><REACH who="1" ten="227,393,127,223" step="2"/><V45/><F28/><W85/><AGARI ba="2,3" hai="2,4,6,9,11,13,59,63,67,85,89,94,124,127" machi="85" ten="30,4000,0" yaku="1,1,0,1,53,1" doraHai="36" doraHaiUra="60" who="3" fromWho="3" sc="227,-12,393,-12,127,-22,223,76" /><INIT seed="3,0,0,2,3,91" ten="215,381,105,299" oya="3" hai0="33,9,20,57,45,51,54,18,123,88,69,10,67" hai1="109,114,132,111,6,97,41,3,25,126,73,50,62" hai2="21,80,29,135,76,117,0,113,99,133,7,85,125" hai3="94,47,95,105,39,48,93,17,28,27,22,84,107"/><W49/><G107/><T34/><D123/><U77/><E114/><V120/><F21/><W26/><G105/><T58/><D34/><U52/><E126/><V32/><F29/><W98/><G98/><T4/><D33/><U116/><E132/><N who="2" m="50763" /><F7/><W121/><G121/><T31/><D31/><U79/><E116/><V64/><F64/><W100/><G100/><T19/><D69/><U15/><E3/><V78/><F0/><W83/><G39/><T128/><D128/><U130/><E130/><V16/><F16/><N who="0" m="6186" /><D20/><U56/><E25/><N who="3" m="9226" /><G28/><T86/><D4/><U30/><E30/><V35/><F32/><W70/><G70/><T65/><D65/><U90/><E73/><V89/><F35/><W1/><G1/><T68/><D68/><U44/><E6/><V134/><N who="2" m="50771" /><V101/><DORA hai="104" /><F120/><W46/><G22/><T96/><D96/><U124/><E124/><V8/><F8/><N who="0" m="3178" /><D67/><U81/><E15/><V55/><F125/><W5/><G17/><T63/><D63/><U82/><E62/><V40/><F113/><W36/><G36/><T71/><D71/><U103/><E50/><N who="3" m="19562" /><G5/><T14/><D14/><U74/><E74/><V11/><F117/><W87/><G87/><T38/><D38/><U59/><E97/><V108/><F11/><W12/><G12/><T131/><D131/><U37/><E37/><V43/><F101/><W129/><G129/><T72/><D72/><U102/><E103/><V127/><F127/><W92/><N who="3" m="23552" /><DORA hai="23" /><W66/><G66/><T42/><D42/><U61/><E102/><V13/><F40/><W53/><G53/><RYUUKYOKU ba="0,0" sc="215,15,381,-15,105,-15,299,15" hai0="45,51,54,57,58,86,88" hai3="46,47,83,84" /><INIT seed="3,1,0,0,1,36" ten="230,366,90,314" oya="3" hai0="101,58,115,66,116,32,130,93,120,57,17,106,19" hai1="80,22,50,85,9,104,119,79,68,56,91,33,123" hai2="110,59,75,96,134,55,43,34,77,26,16,49,73" hai3="131,108,117,114,105,65,35,24,51,72,103,88,13"/><W20/><G117/><T53/><D116/><U38/><E68/><V70/><F70/><W21/><G114/><T29/><D115/><U81/><E33/><V48/><F110/><W18/><G72/><T99/><D120/><U28/><E38/><V89/><F134/><W1/><G108/><T15/><D130/><U129/><E123/><V71/><F71/><W27/><G1/><T4/><D66/><U86/><E104/><V111/><F111/><W102/><G65/><T69/><D69/><U128/><E119/><V47/><F34/><W30/><G105/><T0/><D0/><U125/><E125/><V25/><F77/><W42/><G131/><N who="1" m="50250" /><E9/><V10/><F75/><W45/><REACH who="3" step="1"/><G88/><REACH who="3" ten="230,366,90,304" step="2"/><T12/><D106/><U54/><E91/><V64/><F73/><W132/><G132/><T6/><D101/><U95/><E95/><N who="2" m="56431" /><F64/><W133/><G133/><T39/><D93/><U124/><E124/><V37/><F37/><W112/><G112/><T126/><D39/><U5/><E81/><V78/><F78/><W84/><G84/><T98/><D126/><U113/><E86/><V2/><F2/><W40/><G40/><T135/><D135/><U107/><E113/><V3/><F3/><W74/><G74/><T46/><D98/><U82/><E107/><V60/><F49/><W90/><G90/><T62/><D99/><U97/><E82/><V67/><F67/><W7/><G7/><T52/><D6/><U8/><E97/><V31/><F31/><AGARI ba="1,1" hai="13,18,20,21,24,27,30,31,35,42,45,51,102,103" machi="31" ten="30,5800,0" yaku="1,1,7,1,52,1,53,0" doraHai="36" doraHaiUra="127" who="3" fromWho="2" sc="230,0,366,0,90,-61,304,71" /><INIT seed="3,2,0,1,4,80" ten="230,366,29,375" oya="3" hai0="129,103,93,118,83,49,37,48,23,22,33,123,65" hai1="63,50,69,75,115,82,31,8,73,99,107,116,98" hai2="92,40,1,66,61,101,70,4,14,114,34,85,76" hai3="110,3,130,111,60,15,71,20,106,78,64,32,5"/><W17/><G130/><T21/><D37/><U88/><E115/><V89/><F114/><W131/><G131/><T67/><D123/><U121/><E121/><V25/><F1/><W100/><G32/><T112/><D33/><U43/><E116/><V86/><F101/><W104/><G100/><T35/><D35/><U68/><E31/><V122/><F122/><W87/><G3/><T108/><D112/><U18/><E73/><V39/><F39/><W9/><G106/><T26/><D118/><U28/><E28/><V19/><F40/><W133/><G104/><T41/><D26/><U38/><E38/><V134/><F134/><W7/><G133/><T13/><D129/><U79/><E107/><V56/><F70/><W126/><G126/><T6/><D108/><N who="3" m="41513" /><G20/><T45/><D49/><U81/><E63/><V0/><F0/><W119/><G119/><T96/><D83/><AGARI ba="2,0" hai="5,7,9,15,17,60,64,71,78,83,87" m="41513" machi="83" ten="30,5800,0" yaku="14,1,10,1,52,1" doraHai="80" who="3" fromWho="0" sc="230,-64,366,0,29,0,375,64" /><INIT seed="3,3,0,4,2,53" ten="166,366,29,439" oya="3" hai0="66,101,46,84,72,10,38,119,24,88,90,77,1" hai1="115,76,125,134,34,104,13,22,92,57,79,9,50" hai2="21,65,117,68,129,121,55,25,43,98,23,41,69" hai3="73,61,52,103,71,0,120,132,127,85,80,8,28"/><W37/><G120/><T87/><D119/><U27/><E104/><V122/><F55/><W74/><G37/><T39/><D101/><U49/><E115/><V4/><F98/><W86/><G132/><T59/><D72/><U105/><E34/><V126/><F25/><W116/><G116/><T51/><D77/><U107/><E134/><V45/><F45/><W128/><G128/><T15/><D1/><U16/><E125/><V3/><F65/><W14/><G0/><T32/><D32/><U67/><E107/><V33/><F3/><W123/><G127/><T113/><D24/><U114/><E105/><V6/><F126/><W48/><G86/><T89/><D113/><U83/><E92/><V54/><F54/><W36/><G28/><T91/><D39/><U81/><E114/><V109/><F33/><W102/><G36/><T112/><D38/><U118/><E118/><V35/><F35/><W130/><G130/><T31/><D31/><N who="1" m="17911" /><E79/><V99/><F99/><W7/><G123/><N who="2" m="47113" /><F117/><W47/><G103/><T95/><D112/><U40/><E76/><V19/><F109/><W135/><G102/><T17/><D66/><U20/><E20/><N who="2" m="7755" /><F19/><W75/><G135/><T133/><D133/><U60/><E50/><V108/><F108/><W29/><G29/><T18/><D18/><U44/><AGARI ba="3,0" hai="9,13,16,40,44,49,57,60,67,81,83" m="17911" machi="44" ten="30,4000,0" yaku="8,1,52,1,54,1" doraHai="53" who="1" fromWho="1" sc="166,-13,366,49,29,-13,439,-23" /><INIT seed="4,0,0,4,5,39" ten="153,415,16,416" oya="0" hai0="57,112,64,132,126,92,5,121,87,128,35,7,54" hai1="14,56,65,118,81,42,69,113,76,88,85,37,98" hai2="135,48,67,55,3,47,25,63,115,9,120,52,32" hai3="134,27,110,71,82,11,116,53,15,4,43,95,70"/><T108/><D121/><U78/><E118/><V68/><F120/><W74/><G110/><T109/><D112/><U31/><E69/><V17/><F115/><W123/><G116/><T24/><D128/><U117/><E117/><V46/><F135/><W119/><G119/><T50/><D132/><U10/><E113/><V107/><F107/><W38/><G123/><T51/><D126/><U19/><E31/><V58/><F32/><W77/><G134/><T16/><D64/><U90/><E37/><V36/><F3/><W80/><G53/><T129/><D129/><U6/><E6/><V100/><F100/><W22/><G95/><T40/><D108/><U89/><E42/><N who="2" m="22855" /><F17/><W94/><G94/><T20/><D35/><U2/><E2/><V131/><F25/><W72/><G82/><T73/><D73/><U18/><E18/><V124/><F9/><W45/><G74/><T106/><D106/><U97/><E78/><V8/><F8/><W44/><G44/><N who="0" m="25863" /><D109/><U79/><E79/><V125/><F131/><W105/><REACH who="3" step="1"/><G105/><REACH who="3" ten="153,415,16,406" step="2"/><T122/><D122/><U133/><E133/><V102/><F102/><W29/><AGARI ba="0,1" hai="4,11,15,22,27,29,38,43,45,70,71,72,77,80" machi="29" ten="20,12000,2" yaku="1,1,2,1,0,1,7,1,52,1,53,1" doraHai="39" doraHaiUra="1" who="3" fromWho="3" sc="153,-60,415,-30,16,-30,406,130" owari="93,-31.0,385,19.0,-14,-51.0,536,63.0" /></mjloggm>