<mjloggm ver="2.3"><GO type="225" lobby="0"/><UN n0="%E3%82%A6%E3%83%AB%E3%83%88%E3%83%A9%E7%AB%8B%E7%9B%B4" n1="%44%41%49%4C%4F" n2="%E5%8F%8B%E6%B2%A2" n3="%E3%81%BD%E3%83%BC%E3%82%93%64%65%E3%83%AA%E3%83%B3%E3%82%B0" dan="17,16,16,17" rate="2109.49,2064.12,2089.00,2131.17" sx="M,M,M,F"/><TAIKYOKU oya="0"/><INIT seed="0,0,0,1,3,95" ten="250,250,250,250" oya="0" hai0="71,117,58,57,8,29,123,101,2,99,56,42,94" hai1="53,106,107,60,22,30,55,120,118,49,20,6,81" hai2="25,62,13,59,111,39,50,98,86,92,67,10,61" hai3="75,69,135,108,82,80,16,77,122,5,1,78,113"/><T45/><D123/><U38/><E120/><V100/><F39/><W104/><G122/><T19/><D71/><U17/><E118/><V36/><F36/><W83/><G113/><T79/><D117/><U87/><E38/><V26/><F111/><W43/><G108/><T84/><D29/><U12/><E6/><V129/><F129/><W0/><G43/><T127/><D127/><U52/><E60/><V64/><F50/><W7/><G69/><T27/><D2/><U68/><E68/><V97/><F86/><W24/><G104/><T103/><D103/><U28/><E49/><V89/><F100/><W37/><G37/><T116/><D116/><U96/><E22/><V93/><F93/><W32/><G135/><T115/><D115/><U46/><E46/><V11/><F98/><W3/><G32/><T109/><D109/><U105/><REACH who="1" step="1"/><E96/><REACH who="1" ten="250,240,250,250" step="2"/><V131/><F131/><W70/><G70/><T21/><D45/><U9/><E9/><V128/><F128/><W90/><G7/><T88/><D8/><U65/><E65/><V40/><F10/><W134/><G5/><T112/><D112/><U85/><E85/><V41/><F41/><W14/><G0/><T125/><D42/><U44/><E44/><V18/><F40/><W23/><G1/><T74/><D125/><U114/><E114/><V73/><F73/><W72/><G3/><T31/><D74/><U91/><AGARI ba="0,1" hai="12,17,20,28,30,52,53,55,81,87,91,105,106,107" machi="91" ten="40,8000,1" yaku="1,1,0,1,54,1,53,1" doraHai="95" doraHaiUra="15" who="1" fromWho="1" sc="250,-40,240,90,250,-20,250,-20" /><INIT seed="1,0,0,3,5,32" ten="210,330,230,230" oya="1" hai0="70,37,71,98,131,78,83,110,67,130,61,118,58" hai1="46,73,107,86,52,96,18,99,104,94,111,12,64" hai2="43,15,4,63,119,75,10,11,0,66,34,102,92" hai3="44,103,127,128,48,17,51,5,23,124,115,28,26"/><U55/><E64/><V30/><F75/><W68/><G115/><T82/><D118/><U81/><E111/><V21/><F119/><W114/><G114/><T100/><D37/><U7/><E7/><V54/><F34/><W20/><G68/><T2/><D110/><U87/><E73/><V14/><F43/><W133/><G133/><T69/><D2/><U122/><E122/><V79/><F79/><W97/><G5/><T95/><REACH who="0" step="1"/><D78/><REACH who="0" ten="200,330,230,230" step="2"/><N who="1" m="46391" /><E107/><V123/><F0/><W106/><G128/><AGARI ba="0,1" hai="58,61,67,69,70,71,82,83,95,98,100,128,130,131" machi="128" ten="50,3200,0" yaku="1,1,19,1,53,0" doraHai="32" doraHaiUra="120" who="0" fromWho="3" sc="200,42,330,0,230,0,230,-32" /><INIT seed="2,0,0,5,1,87" ten="242,330,230,198" oya="2" hai0="54,40,114,117,20,1,31,13,60,38,77,6,3" hai1="131,107,16,108,17,37,104,34,81,80,88,134,78" hai2="68,133,109,9,92,132,91,73,61,41,55,66,19" hai3="118,22,99,112,26,90,116,59,129,96,24,21,130"/><V105/><F105/><W53/><G112/><T69/><D114/><U8/><E34/><V11/><F73/><W86/><G53/><T79/><D40/><U14/><E37/><V93/><F41/><W15/><G59/><T75/><D38/><U94/><E131/><V39/><F39/><W106/><G15/><T76/><D75/><U65/><E134/><N who="2" m="51819" /><F109/><W35/><G35/><T46/><D20/><U29/><E29/><V135/><N who="2" m="51827" /><V12/><DORA hai="36" /><F55/><W123/><G123/><T49/><D31/><U64/><E108/><V44/><F44/><W47/><G106/><T23/><D117/><U50/><E50/><V42/><F42/><W85/><REACH who="3" step="1"/><G90/><REACH who="3" ten="242,330,230,188" step="2"/><T52/><D52/><U63/><E107/><V121/><F121/><W58/><G58/><T84/><D54/><U32/><E32/><V57/><F57/><W89/><G89/><T28/><D46/><AGARI ba="0,1" hai="21,22,24,26,46,47,85,86,96,99,116,118,129,130" machi="46" ten="25,3200,0" yaku="1,1,22,2,53,0" doraHai="87,36" doraHaiUra="72,74" who="3" fromWho="0" sc="242,-32,330,0,230,0,188,42" /><INIT seed="3,0,0,5,2,50" ten="210,330,230,230" oya="3" hai0="34,72,9,0,27,123,8,133,111,109,69,41,19" hai1="18,134,110,28,129,10,83,44,38,67,100,3,33" hai2="29,63,121,88,5,104,43,40,116,99,130,56,16" hai3="122,32,21,30,22,65,82,90,55,106,98,71,107"/><W20/><G122/><T81/><D69/><U26/><E67/><N who="2" m="39399" /><F104/><W49/><G65/><T6/><D41/><N who="2" m="15946" /><F116/><W101/><G71/><T87/><D72/><U120/><E120/><V131/><F121/><W24/><G106/><T128/><D123/><U118/><E118/><V31/><F5/><W52/><REACH who="3" step="1"/><G49/><REACH who="3" ten="210,330,230,220" step="2"/><T127/><D127/><U66/><E129/><V112/><F130/><W47/><G47/><T75/><D128/><U45/><E44/><V114/><F131/><W103/><G103/><T37/><D37/><U7/><E100/><V2/><F114/><W124/><G124/><T132/><D75/><U35/><E66/><V126/><F112/><W62/><G62/><T68/><D68/><U102/><E102/><V86/><F126/><W39/><G39/><T1/><D1/><U94/><E45/><V23/><F2/><W77/><G77/><N who="0" m="46511" /><D133/><U78/><E38/><V79/><F79/><W95/><G95/><T17/><D132/><U70/><E94/><N who="2" m="54551" /><F99/><W105/><G105/><T115/><D115/><U61/><E3/><V73/><F73/><W60/><G60/><T135/><D135/><U57/><E134/><V58/><F58/><W76/><G76/><T96/><D96/><U53/><E78/><V92/><F92/><W46/><G46/><T51/><D51/><U91/><E57/><V74/><F74/><W48/><G48/><T117/><D117/><U125/><E125/><V13/><AGARI ba="0,1" hai="13,16,23,29,31" m="54551,15946,39399" machi="13" ten="30,4000,0" yaku="8,1,54,2" doraHai="50" who="2" fromWho="2" sc="210,-10,330,-10,230,50,220,-20" owari="200,-20.0,320,42.0,280,8.0,200,-30.0" /></mjloggm>