<mjloggm ver="2.3"><GO type="169" lobby="0"/><UN n0="%E9%80%86%E6%B5%81%E6%80%A7%E9%A3%9F%E9%81%93%E7%82%8E%E3%81%AA%E3%81%86" n1="%E3%82%A6%E3%83%AB%E3%83%88%E3%83%A9%E7%AB%8B%E7%9B%B4" n2="%E3%81%9F%E3%81%8B%E3%81%A3%E3%81%A6%E3%81%83%E3%83%BC" n3="%E3%81%97%E3%81%A1%E3%81%8B%E3%81%97%E3%82%85%E3%81%8F" dan="16,18,16,17" rate="2112.37,2263.97,2143.70,2198.66" sx="M,M,M,M"/><TAIKYOKU oya="0"/><INIT seed="0,0,0,2,3,31" ten="250,250,250,250" oya="0" hai0="118,116,78,87,104,89,60,114,72,76,103,125,38" hai1="36,75,115,25,107,47,43,12,96,55,85,51,71" hai2="77,61,18,83,66,2,52,63,92,84,91,44,98" hai3="127,68,24,29,86,32,35,108,22,7,14,88,26"/><T27/><D114/><U9/><E75/><V5/><F2/><W113/><G113/><T48/><D38/><U135/><E135/><V69/><F5/><W105/><G105/><T11/><D125/><U101/><E115/><V70/><F18/><W1/><G68/><T17/><D60/><U13/><E71/><V42/><F52/><W58/><G127/><T65/><D65/><U106/><E106/><V33/><F33/><W30/><G108/><T80/><D48/><U128/><E128/><V99/><F63/><W82/><G1/><T124/><D124/><U90/><E25/><V46/><F70/><W133/><G133/><T49/><D49/><U112/><E112/><V50/><REACH who="2" step="1"/><F46/><REACH who="2" ten="250,250,240,250" step="2"/><W120/><G120/><T8/><D17/><U95/><E9/><V97/><AGARI ba="0,1" hai="42,44,50,61,66,69,77,83,84,91,92,97,98,99" machi="97" ten="20,8000,1" yaku="1,1,2,1,0,1,7,1,53,1" doraHai="31" doraHaiUra="57" who="2" fromWho="2" sc="250,-40,250,-20,240,90,250,-20" /><INIT seed="1,0,0,0,3,46" ten="210,230,330,230" oya="1" hai0="0,70,130,27,75,33,132,28,29,19,74,2,77" hai1="49,57,5,72,59,91,34,21,96,52,44,117,80" hai2="78,18,86,62,109,85,97,134,58,127,119,92,12" hai3="48,84,50,9,110,22,121,83,102,13,1,45,68"/><U3/><E34/><V79/><F119/><W81/><G121/><T88/><D130/><U98/><E117/><V41/><F41/><W95/><G68/><T60/><D132/><U37/><E3/><V105/><F105/><W112/><G112/><T4/><D29/><U115/><E115/><V122/><F109/><W113/><G113/><T10/><D77/><N who="2" m="29194" /><F127/><W135/><G110/><T99/><D0/><U90/><E72/><V125/><F125/><W6/><G135/><T94/><REACH who="0" step="1"/><D19/><REACH who="0" ten="200,230,330,230" step="2"/><U11/><E37/><V111/><F134/><W14/><G1/><T61/><D61/><U100/><E5/><V71/><F111/><W76/><G76/><T15/><D15/><U47/><E11/><V82/><F18/><W42/><G14/><T66/><AGARI ba="0,1" hai="2,4,10,27,28,33,60,66,70,74,75,88,94,99" machi="66" ten="30,4000,0" yaku="1,1,0,1,54,1,53,0" doraHai="46" doraHaiUra="55" who="0" fromWho="0" sc="200,50,230,-20,330,-10,230,-10" /><INIT seed="2,0,0,4,5,134" ten="250,210,320,220" oya="2" hai0="13,104,7,41,122,128,86,20,27,114,50,123,95" hai1="79,126,68,37,88,108,92,54,89,17,49,112,52" hai2="72,82,11,131,125,118,81,32,103,3,22,120,109" hai3="43,116,117,76,42,21,16,111,135,106,132,5,83"/><V97/><F32/><W71/><G71/><T38/><D114/><U63/><E112/><V14/><F118/><W44/><G5/><T31/><D104/><U127/><E37/><V24/><F120/><W99/><G111/><T121/><D38/><U115/><E115/><V29/><F3/><W70/><G70/><T61/><D128/><U64/><E108/><V1/><F1/><W34/><G34/><T91/><D61/><U33/><E33/><V23/><F109/><W107/><G117/><T110/><D110/><U105/><E105/><V12/><F131/><W67/><G67/><T10/><REACH who="0" step="1"/><D121/><REACH who="0" ten="240,210,320,220" step="2"/><U98/><E79/><V15/><F72/><W84/><G116/><T8/><D8/><U80/><E17/><V133/><F11/><W85/><G107/><T4/><D4/><U2/><E2/><V77/><F77/><W30/><G16/><T58/><D58/><U129/><E129/><V90/><F133/><W35/><G135/><T100/><D100/><U113/><E113/><V66/><F103/><W9/><G9/><T65/><D65/><U75/><E75/><V56/><F66/><W53/><G132/><T69/><D69/><U124/><E49/><V73/><F73/><W60/><G60/><T51/><D51/><U0/><E0/><V57/><F56/><W46/><G106/><T40/><D40/><U74/><E74/><V28/><F57/><W36/><G43/><T45/><AGARI ba="0,1" hai="7,10,13,20,27,31,41,45,50,86,91,95,122,123" machi="45" ten="30,4000,0" yaku="1,1,0,1,53,1" doraHai="134" doraHaiUra="18" who="0" fromWho="0" sc="240,50,210,-10,320,-20,220,-10" /><INIT seed="3,0,0,3,5,46" ten="290,200,300,210" oya="3" hai0="125,9,59,68,97,43,90,69,128,10,58,37,81" hai1="15,52,73,93,8,12,104,119,26,113,92,55,77" hai2="2,108,122,3,14,0,17,98,86,45,135,127,102" hai3="117,29,20,120,112,48,76,75,4,83,22,71,123"/><W33/><G112/><T126/><D97/><U79/><E104/><V21/><F108/><W24/><G117/><T95/><D81/><U34/><E113/><V23/><F127/><N who="0" m="48650" /><D90/><U103/><E119/><V11/><F135/><W116/><G116/><T36/><D95/><U42/><E42/><V32/><F32/><W44/><G71/><N who="0" m="27211" /><D128/><U65/><E65/><V111/><F111/><W25/><G4/><T84/><D84/><U56/><E103/><V72/><F72/><W129/><G129/><T19/><D19/><U30/><E15/><V106/><F122/><W91/><G91/><T134/><D134/><U16/><E55/><V13/><F45/><W63/><G63/><T82/><D82/><U96/><E73/><V66/><F66/><W50/><G33/><T62/><D43/><U51/><REACH who="1" step="1"/><E96/><REACH who="1" ten="290,190,300,210" step="2"/><V94/><F14/><W105/><G105/><T18/><D37/><U118/><E118/><V121/><F121/><W6/><G123/><T31/><D36/><U114/><E114/><V132/><F132/><W133/><G133/><T28/><D18/><U107/><E107/><V88/><AGARI ba="0,1" hai="0,2,3,11,13,17,21,23,86,88,94,98,102,106" machi="88" ten="40,2700,0" yaku="0,1,54,1" doraHai="46" who="2" fromWho="2" sc="290,-7,190,-7,300,37,210,-13" /><INIT seed="4,0,0,5,1,30" ten="283,183,337,197" oya="0" hai0="14,104,76,59,97,67,112,31,71,12,34,54,84" hai1="105,111,68,13,115,129,5,44,81,98,28,62,101" hai2="87,103,89,58,92,42,109,119,15,43,91,24,134" hai3="21,57,73,25,80,50,6,130,11,82,46,135,70"/><T121/><D121/><U10/><E111/><V113/><F109/><W66/><G70/><T124/><D112/><U72/><E129/><V118/><F113/><W38/><G130/><T75/><D75/><U107/><E115/><V29/><F134/><W125/><G135/><T32/><D124/><U100/><E28/><V110/><F110/><W56/><G38/><T27/><D34/><U41/><E62/><V37/><F103/><W0/><G125/><T88/><D67/><U108/><E108/><V102/><F102/><W128/><G128/><T69/><D104/><U114/><E68/><V86/><F15/><W20/><G20/><T94/><D12/><U90/><E114/><V40/><F58/><W133/><G133/><T85/><D14/><U96/><E90/><V2/><F2/><W35/><G35/><T64/><D64/><U61/><E61/><V77/><F77/><W49/><G49/><T106/><D106/><U78/><E44/><V95/><F37/><W79/><G82/><T47/><D47/><U123/><REACH who="1" step="1"/><E41/><REACH who="1" ten="283,173,337,197" step="2"/><V1/><F43/><W52/><G66/><T99/><D71/><U7/><E7/><V9/><F42/><W122/><G122/><AGARI ba="0,1" hai="5,10,13,72,78,81,96,98,100,101,105,107,122,123" machi="122" ten="40,8000,1" yaku="1,1,9,1,53,2" doraHai="30" doraHaiUra="93" who="1" fromWho="3" sc="283,0,173,90,337,0,197,-80" /><INIT seed="5,0,0,2,1,133" ten="283,263,337,117" oya="1" hai0="126,63,52,54,127,34,60,14,129,73,9,65,83" hai1="55,80,5,27,33,50,82,23,12,122,103,19,47" hai2="102,64,37,109,35,38,128,74,112,93,4,70,107" hai3="25,120,81,43,40,20,2,134,115,45,41,39,0"/><U135/><E135/><V88/><F93/><W78/><G134/><T36/><D34/><U79/><E122/><V104/><F88/><W30/><G120/><T131/><D73/><U96/><E79/><V11/><F11/><W10/><G115/><T77/><D83/><U125/><E125/><N who="0" m="47625" /><D77/><U106/><E5/><V121/><F4/><W58/><G58/><N who="0" m="37015" /><D36/><U66/><E66/><V113/><F64/><W90/><G90/><T86/><D86/><U8/><REACH who="1" step="1"/><E33/><REACH who="1" ten="283,253,337,117" step="2"/><V98/><F35/><W116/><G116/><T72/><D72/><U84/><E84/><V42/><F74/><W16/><G78/><T13/><D63/><U1/><E1/><V87/><F87/><W101/><G2/><T59/><D59/><U49/><E49/><V95/><F121/><W124/><G124/><T26/><D26/><U75/><E75/><V32/><F32/><W119/><G0/><T92/><D13/><U7/><AGARI ba="0,1" hai="7,8,12,19,23,27,47,50,55,80,82,96,103,106" machi="7" ten="20,7800,0" yaku="1,1,0,1,7,1,53,1" doraHai="133" doraHaiUra="22" who="1" fromWho="1" sc="283,-26,253,88,337,-26,117,-26" /><INIT seed="5,1,0,1,1,125" ten="257,341,311,91" oya="1" hai0="73,31,123,12,79,22,51,28,53,95,90,114,92" hai1="82,111,81,96,58,108,39,69,11,35,24,109,88" hai2="48,120,52,65,7,119,29,85,115,40,56,83,94" hai3="3,124,25,10,130,107,19,134,71,106,74,126,63"/><U103/><E69/><V113/><F119/><W4/><G74/><T97/><D114/><N who="2" m="43530" /><F120/><W86/><G134/><T17/><D123/><U112/><E112/><V127/><F127/><N who="3" m="48683" /><G86/><T16/><D73/><U101/><E39/><V70/><F29/><W60/><G130/><T133/><D79/><U122/><E122/><V87/><F7/><W13/><G25/><T76/><D76/><U67/><E11/><V64/><F40/><W102/><G102/><N who="1" m="38922" /><E24/><V18/><F70/><W84/><G84/><N who="2" m="32329" /><F83/><N who="1" m="31753" /><E35/><V45/><F94/><W38/><G71/><T131/><D133/><U50/><E96/><V99/><F99/><W55/><G107/><T128/><D92/><U47/><E88/><V6/><F6/><W15/><G106/><T26/><D31/><U105/><E105/><V57/><F18/><W135/><G19/><T27/><D17/><U118/><E118/><V100/><F100/><W36/><G135/><T80/><D80/><U54/><E111/><V89/><F89/><W68/><G38/><T132/><D132/><U1/><E1/><V30/><F30/><W34/><G36/><T59/><REACH who="0" step="1"/><D27/><REACH who="0" ten="247,341,311,91" step="2"/><U32/><E109/><V9/><F9/><AGARI ba="1,1" hai="9,12,16,22,26,28,51,53,59,90,95,97,128,131" machi="9" ten="40,12000,2" yaku="1,1,2,1,52,2,54,1,53,1" doraHai="125" doraHaiUra="49" who="0" fromWho="2" sc="247,133,341,0,311,-123,91,0" /><INIT seed="6,0,0,1,0,36" ten="380,341,188,91" oya="2" hai0="81,4,82,83,102,84,19,2,59,25,20,49,89" hai1="120,127,80,86,123,62,41,70,125,100,18,77,52" hai2="108,53,23,121,0,5,71,103,104,118,119,35,34" hai3="11,115,39,75,32,50,26,122,113,58,30,76,24"/><V46/><F121/><N who="1" m="46665" /><E100/><V22/><F71/><W72/><G122/><T61/><D102/><U107/><E107/><V126/><F126/><W87/><G39/><T68/><D68/><U133/><E133/><V88/><F5/><W48/><G26/><T111/><D111/><U3/><E3/><V112/><F0/><W47/><G11/><T95/><D49/><U38/><E18/><V97/><F108/><W116/><G116/><T33/><D33/><U31/><E31/><V110/><F110/><W106/><G106/><T37/><D37/><U98/><E98/><V42/><F53/><N who="3" m="32055" /><G87/><T21/><D21/><U57/><E70/><V45/><F35/><W90/><G90/><T99/><D4/><U131/><E131/><V29/><F88/><W105/><G105/><T94/><D2/><U135/><E135/><V93/><F104/><W124/><G76/><N who="0" m="46119" /><D95/><U128/><E128/><V117/><F46/><AGARI ba="0,0" hai="38,41,46,52,57,62,77,80,86,125,127" m="46665" machi="46" ten="30,3900,0" yaku="13,1,52,1,54,1" doraHai="36" who="1" fromWho="2" sc="380,0,341,39,188,-39,91,0" /><INIT seed="7,0,0,5,1,87" ten="380,380,149,91" oya="3" hai0="103,39,78,67,100,25,133,57,54,113,34,107,44" hai1="91,3,86,75,14,28,70,90,96,69,108,116,128" hai2="22,16,8,88,118,15,92,9,109,48,126,117,89" hai3="63,59,64,61,135,32,53,127,60,56,41,46,134"/><W10/><G32/><T11/><D133/><N who="3" m="50697" /><G10/><N who="2" m="4201" /><F109/><W6/><G6/><T27/><D107/><U130/><E3/><V58/><F117/><W82/><G82/><T120/><D120/><U101/><E75/><V81/><F126/><W26/><G26/><T97/><D113/><U18/><E28/><V12/><F118/><W98/><G98/><T2/><D78/><U21/><E108/><V55/><F81/><W23/><G23/><T79/><D79/><U35/><E35/><V104/><F104/><W73/><G73/><T68/><D2/><U110/><E110/><V13/><F89/><N who="1" m="33801" /><E86/><AGARI ba="0,0" hai="12,13,15,16,22,48,55,58,86,88,92" m="4201" machi="86" ten="30,8000,1" yaku="25,1,8,1,52,1,54,2" doraHai="87" who="2" fromWho="1" sc="380,0,380,-80,149,80,91,0" owari="380,48.0,300,10.0,229,-17.0,91,-41.0" /></mjloggm>