<mjloggm ver="2.3"><GO type="225" lobby="0"/><UN n0="%E2%98%85%E3%83%9F%E3%83%BC%E3%82%B3%E2%98%85" n1="%E3%82%A6%E3%83%AB%E3%83%88%E3%83%A9%E7%AB%8B%E7%9B%B4" n2="%E3%81%AA%E3%82%81%E3%81%93%E9%9B%80%E5%A3%AB" n3="%E3%83%AF%E3%82%A4%E3%83%AB%E3%83%89" dan="17,17,16,16" rate="2153.77,2105.19,2143.50,2193.70" sx="F,M,M,M"/><TAIKYOKU oya="0"/><INIT seed="0,0,0,0,4,11" ten="250,250,250,250" oya="0" hai0="131,88,85,54,44,110,64,117,111,7,78,134,32" hai1="23,34,42,122,5,98,92,16,60,1,103,86,55" hai2="56,46,114,19,8,27,21,123,2,94,25,14,124" hai3="28,49,84,69,106,107,68,127,76,97,132,113,51"/><T20/><D117/><U15/><E34/><V91/><F123/><W121/><G113/><T41/><D32/><U115/><E122/><V52/><F124/><W102/><G127/><T9/><D134/><U31/><E115/><V36/><F114/><W72/><G121/><T101/><D101/><U126/><E126/><V37/><F2/><W18/><G107/><T70/><D54/><U59/><E31/><V77/><F77/><W90/><G132/><T24/><D78/><U73/><E73/><V50/><F36/><W95/><G28/><T119/><D119/><U71/><E71/><V74/><F74/><W47/><G18/><T104/><D104/><U22/><E1/><V66/><F8/><W0/><G0/><T108/><D131/><U105/><E5/><V130/><F130/><W93/><G93/><N who="0" m="54415" /><D64/><U100/><E42/><V6/><F6/><W80/><REACH who="3" step="1"/><G51/><REACH who="3" ten="250,250,250,240" step="2"/><N who="0" m="27023" /><D70/><U82/><E105/><V118/><F118/><W45/><G45/><T26/><D20/><N who="1" m="11295" /><E103/><V48/><F37/><W57/><G57/><T112/><D112/><U81/><E81/><V65/><F65/><W83/><G83/><T38/><D38/><U125/><E125/><V96/><F66/><W3/><G3/><AGARI ba="0,1" hai="3,7,9,24,26,108,110,111" m="27023,54415" machi="3" ten="30,5800,0" yaku="14,1,10,1,54,1" doraHai="11" who="0" fromWho="3" sc="250,68,250,0,250,0,240,-58" /><INIT seed="0,1,0,1,2,66" ten="318,250,250,182" oya="0" hai0="64,36,126,91,97,52,103,132,38,22,3,25,73" hai1="60,71,118,7,31,124,68,92,95,2,98,78,30" hai2="104,116,27,50,135,41,43,5,13,81,102,82,54" hai3="129,128,79,86,87,100,24,65,90,134,74,72,77"/><T127/><D3/><U113/><E118/><V125/><F135/><W63/><G24/><T117/><D73/><N who="3" m="28265" /><G63/><T42/><D117/><U94/><E78/><N who="3" m="29706" /><G65/><T101/><D64/><U121/><E121/><V84/><F116/><W99/><G134/><T61/><D132/><U107/><E60/><V11/><F125/><N who="0" m="47626" /><D42/><U123/><E124/><V120/><F120/><W88/><G129/><T14/><D14/><U70/><E123/><V33/><F41/><W114/><G114/><T131/><D131/><U75/><E75/><V35/><F27/><W32/><G32/><T62/><D62/><U26/><E113/><V1/><F43/><W15/><G15/><T17/><D91/><N who="3" m="34857" /><G128/><T85/><D38/><U96/><E107/><AGARI ba="1,0" hai="86,87,99,100,107" m="34857,29706,28265" machi="107" ten="30,12000,2" yaku="35,5,54,1" doraHai="66" who="3" fromWho="1" sc="318,0,250,-123,250,0,182,123" /><INIT seed="1,0,0,1,2,88" ten="318,127,250,305" oya="1" hai0="53,42,122,5,65,81,127,130,27,16,10,89,49" hai1="47,13,79,14,44,128,111,134,105,6,94,71,23" hai2="83,15,60,46,97,129,76,70,12,80,43,56,110" hai3="121,117,114,35,64,18,68,100,90,126,116,55,36"/><U26/><E105/><V69/><F110/><W3/><G36/><T87/><D127/><U125/><E71/><V109/><F109/><W91/><G121/><T31/><D130/><U7/><E79/><V103/><F129/><W132/><G114/><T38/><D122/><U34/><E128/><V2/><F2/><W32/><G3/><T22/><D65/><U101/><E34/><V66/><F70/><W54/><G126/><T118/><D118/><N who="3" m="45673" /><G132/><T95/><D38/><U52/><E134/><V40/><F69/><W102/><G18/><T39/><D39/><U120/><E120/><V62/><F62/><W50/><G64/><T77/><D42/><U58/><E125/><V28/><F28/><W1/><G68/><T21/><D10/><U119/><E119/><V115/><F43/><W84/><G1/><T29/><D5/><N who="1" m="1547" /><E111/><V30/><F30/><W41/><G41/><T96/><D22/><U19/><E47/><AGARI ba="0,0" hai="16,21,27,29,31,47,49,53,77,81,87,89,95,96" machi="47" ten="30,7700,0" yaku="7,1,8,1,52,1,54,1" doraHai="88" who="0" fromWho="1" sc="318,77,127,-77,250,0,305,0" /><INIT seed="2,0,0,4,3,47" ten="395,50,250,305" oya="2" hai0="4,44,11,107,19,133,78,20,5,7,22,112,128" hai1="29,120,28,61,99,0,21,108,81,51,84,32,92" hai2="134,12,73,68,127,56,75,62,114,113,9,135,17" hai3="88,69,97,34,125,95,6,41,126,40,71,1,2"/><V76/><F68/><W26/><G69/><T14/><D107/><U8/><E32/><V31/><F31/><W48/><G71/><T59/><D112/><U119/><E119/><V72/><F76/><W89/><G89/><T82/><D133/><N who="2" m="50698" /><F127/><N who="3" m="48651" /><G6/><T36/><D128/><U121/><E61/><V52/><AGARI ba="0,0" hai="9,12,17,52,56,62,72,73,75,113,114" m="50698" machi="52" ten="40,3900,0" yaku="20,1,54,1" doraHai="47" who="2" fromWho="2" sc="395,-13,50,-13,250,39,305,-13" /><INIT seed="2,1,0,1,1,39" ten="382,37,289,292" oya="2" hai0="14,98,92,72,125,124,120,127,51,38,11,55,16" hai1="9,13,116,71,132,95,29,63,104,28,134,8,109" hai2="19,50,32,61,27,30,102,57,25,33,17,56,131" hai3="93,20,46,36,0,118,75,110,58,64,76,85,6"/><V40/><F131/><W12/><G118/><T105/><D120/><U52/><E95/><V10/><F102/><W7/><G110/><T88/><D38/><U67/><E63/><V112/><F112/><W66/><G0/><T62/><D72/><U4/><E67/><V42/><F50/><W53/><G75/><T35/><D35/><U135/><E71/><V21/><F57/><W24/><G46/><N who="0" m="28151" /><D62/><U130/><E52/><V41/><F33/><W111/><G36/><T15/><D15/><U23/><E104/><AGARI ba="1,0" hai="11,14,16,88,92,98,104,105,124,125,127" m="28151" machi="104" ten="30,3900,0" yaku="18,1,54,2" doraHai="39" who="0" fromWho="1" sc="382,42,37,-42,289,0,292,0" owari="424,53.0,-5,-51.0,289,-11.0,292,9.0" /></mjloggm>