<mjloggm ver="2.3"><GO type="169" lobby="0"/><UN n0="%E3%83%88%E3%83%88%E3%83%AA%E5%85%88%E7%94%9F%31%39%E6%AD%B3" n1="%E3%81%84%E3%81%AE%E3%81%91%E3%82%93" n2="%E3%83%8D%E3%82%AF%E3%82%BF%E3%82%A4%E3%81%AE%E7%B5%90%E3%81%B3%E6%96%B9" n3="%6D%75%6B%69%74%74%69" dan="19,16,16,17" rate="2323.13,2123.90,2040.94,2173.60" sx="F,F,M,M"/><TAIKYOKU oya="0"/><INIT seed="0,0,0,3,5,52" ten="250,250,250,250" oya="0" hai0="42,58,86,73,25,74,82,100,111,125,30,14,15" hai1="80,87,46,53,10,11,94,29,115,31,83,49,101" hai2="20,32,57,129,98,109,1,77,66,56,55,27,71" hai3="97,78,117,39,67,54,131,12,99,120,107,35,23"/><T68/><D68/><U9/><E115/><V48/><F1/><W133/><G35/><T116/><D116/><U41/><E41/><V95/><F32/><W70/><G39/><T59/><D100/><U127/><E127/><V22/><F109/><W64/><G117/><T43/><D125/><U122/><E122/><V13/><F129/><W26/><G131/><T65/><D111/><U7/><E7/><V4/><F71/><W19/><G120/><T88/><D74/><U40/><E40/><N who="0" m="15401" /><D73/><U128/><E128/><V102/><F77/><W28/><G133/><T69/><D69/><U81/><REACH who="1" step="1"/><E87/><REACH who="1" ten="250,240,250,250" step="2"/><V96/><F96/><AGARI ba="0,1" hai="9,10,11,29,31,46,49,53,80,81,83,94,96,101" machi="96" ten="40,5200,0" yaku="1,1,2,1,8,1,53,0" doraHai="52" doraHaiUra="38" who="1" fromWho="2" sc="250,0,240,62,250,-52,250,0" /><INIT seed="1,0,0,4,2,132" ten="250,302,198,250" oya="1" hai0="27,72,66,95,56,20,36,44,6,100,33,43,125" hai1="7,31,113,78,19,0,73,82,119,80,22,24,2" hai2="64,15,114,10,4,133,53,59,38,108,47,75,48" hai3="63,96,122,55,41,111,121,57,11,107,84,8,124"/><U88/><E113/><V54/><F114/><W67/><G111/><T116/><D116/><U97/><E119/><V91/><F108/><W120/><G41/><T106/><D72/><U65/><E65/><V117/><F117/><W134/><G134/><T40/><D33/><U123/><E123/><V51/><F133/><W13/><G124/><T49/><D106/><U87/><E97/><V77/><F38/><W98/><G84/><T104/><D104/><U61/><E61/><V86/><F64/><W5/><G107/><T69/><D6/><U52/><E7/><V83/><REACH who="2" step="1"/><F75/><REACH who="2" ten="250,302,188,250" step="2"/><W128/><G128/><T16/><D36/><U21/><REACH who="1" step="1"/><E52/><REACH who="1" ten="250,292,188,250" step="2"/><V1/><F1/><W62/><G67/><T105/><D66/><U94/><E94/><V37/><F37/><W131/><G122/><T17/><D105/><U46/><E46/><V39/><F39/><W103/><G121/><T129/><D44/><U76/><E76/><AGARI ba="0,2" hai="4,10,15,47,48,51,53,54,59,76,77,83,86,91" machi="76" ten="40,2600,0" yaku="1,1,8,1,53,0" doraHai="132" doraHaiUra="101" who="2" fromWho="1" sc="250,0,292,-26,188,46,250,0" /><INIT seed="2,0,0,5,4,72" ten="250,266,234,250" oya="2" hai0="109,90,104,30,47,73,101,45,13,36,59,74,122" hai1="70,18,67,51,56,128,127,52,80,126,32,96,57" hai2="120,78,62,7,42,55,20,107,49,95,121,86,38" hai3="46,66,17,12,110,134,85,98,6,48,76,132,65"/><V31/><F107/><W82/><G110/><T3/><D122/><U89/><E32/><V119/><F119/><W23/><G6/><T50/><D3/><U2/><E2/><V97/><F7/><W60/><G98/><T93/><D109/><U10/><E128/><V114/><F114/><W124/><G124/><N who="1" m="47658" /><E70/><V44/><F62/><W131/><G131/><T11/><D30/><U94/><E80/><V116/><F116/><W125/><G125/><T29/><D29/><U41/><E41/><V83/><F20/><W24/><G24/><T34/><D34/><U84/><E96/><V19/><F19/><W37/><G37/><T33/><D33/><U115/><E115/><V9/><F9/><W21/><G21/><T61/><D36/><U14/><E67/><V103/><REACH who="2" step="1"/><F31/><REACH who="2" ten="250,266,224,250" step="2"/><W54/><REACH who="3" step="1"/><G66/><REACH who="3" ten="250,266,224,240" step="2"/><T99/><D11/><U130/><E130/><V123/><F123/><W63/><G63/><T68/><D61/><U117/><E117/><V112/><F112/><W87/><G87/><T39/><D74/><U100/><E10/><V75/><F75/><W0/><G0/><T111/><D73/><U27/><E18/><V129/><F129/><W77/><G77/><T79/><D79/><U69/><E84/><V81/><F81/><W28/><G28/><T88/><D111/><U58/><E27/><V53/><F53/><W92/><G92/><T26/><D26/><U4/><E94/><V113/><F113/><W22/><G22/><T71/><D93/><U91/><E52/><V105/><F105/><W40/><G40/><T106/><D104/><U102/><E4/><RYUUKYOKU ba="0,2" sc="250,-15,266,-15,224,15,240,15" hai2="38,42,44,49,55,78,83,86,95,97,103,120,121" hai3="12,17,23,46,48,54,60,65,76,82,85,132,134" /><INIT seed="2,1,2,4,1,62" ten="235,251,239,255" oya="2" hai0="78,72,53,111,127,70,22,25,27,51,42,71,107" hai1="44,47,69,7,134,32,114,58,1,118,23,132,98" hai2="57,97,14,9,81,75,68,40,76,105,100,99,33" hai3="113,131,121,95,96,102,2,52,36,50,59,41,79"/><V18/><F68/><W65/><G121/><T86/><D72/><U5/><E114/><V15/><F33/><W29/><G113/><T108/><D107/><U26/><E118/><V110/><F110/><N who="0" m="42026" /><D42/><U6/><E69/><N who="0" m="26121" /><D127/><U3/><E32/><V80/><F40/><W125/><G125/><T91/><D78/><U34/><E34/><V115/><F115/><W0/><G131/><T38/><D22/><U73/><E73/><V92/><F81/><W21/><G79/><T49/><D49/><U104/><E104/><V4/><F57/><W60/><G36/><T46/><D38/><U106/><E106/><V84/><F75/><W66/><G41/><T74/><D74/><U82/><E98/><N who="2" m="59463" /><F105/><W103/><G103/><T13/><D13/><U45/><E82/><AGARI ba="1,2" hai="25,27,46,51,53,82,86,91" m="26121,42026" machi="82" ten="30,1000,0" yaku="14,1" doraHai="62" who="0" fromWho="1" sc="235,33,251,-13,239,0,255,0" /><INIT seed="3,0,0,5,5,45" ten="268,238,239,255" oya="3" hai0="125,54,25,105,39,59,43,32,121,123,126,55,109" hai1="4,38,97,41,133,96,116,24,8,132,50,112,3" hai2="98,44,66,110,117,95,81,134,56,30,10,135,103" hai3="71,9,130,104,88,14,57,94,17,64,89,101,119"/><W129/><G119/><T99/><D105/><U16/><E112/><V124/><F117/><W69/><G104/><T13/><D99/><U76/><E116/><V131/><F110/><W86/><G101/><T49/><D13/><U75/><E38/><V58/><F131/><N who="3" m="50187" /><G89/><T20/><D32/><U108/><E108/><V1/><F66/><W42/><G42/><T79/><D79/><U6/><E76/><V40/><F30/><W0/><G0/><T48/><D109/><U37/><E37/><V127/><F81/><W118/><G118/><T61/><D39/><U100/><E75/><V122/><F122/><W12/><G12/><T120/><D43/><U91/><E91/><V111/><F111/><W18/><G18/><T51/><REACH who="0" step="1"/><D55/><REACH who="0" ten="258,238,239,255" step="2"/><U36/><E36/><V19/><F40/><W67/><G67/><T63/><D63/><AGARI ba="0,1" hai="9,14,17,57,63,64,69,71,86,88,94" m="50187" machi="63" ten="30,2900,0" yaku="19,1,54,1" doraHai="45" who="3" fromWho="0" sc="258,-29,238,0,239,0,255,39" /><INIT seed="3,1,0,0,5,100" ten="229,238,239,294" oya="3" hai0="109,97,43,77,37,40,57,126,27,99,107,0,103" hai1="124,132,14,114,80,135,115,16,78,110,84,28,73" hai2="33,30,31,10,70,105,117,53,45,120,94,108,65" hai3="5,121,133,18,82,49,74,4,42,75,112,134,32"/><W47/><G112/><T59/><D0/><U56/><E28/><V1/><F117/><W113/><G113/><T20/><D109/><U12/><E110/><V54/><F108/><W64/><G121/><T89/><D126/><U51/><E124/><V26/><F31/><W66/><G32/><T106/><D77/><U9/><E73/><N who="3" m="27658" /><G82/><T86/><D37/><U36/><E36/><V46/><F94/><W128/><G18/><T39/><D39/><U48/><E12/><V34/><F34/><W35/><G35/><T90/><D103/><U92/><E92/><V76/><F76/><W38/><G38/><T104/><D86/><U123/><E123/><V91/><F91/><N who="0" m="34826" /><D20/><U129/><E129/><V15/><F1/><W61/><G128/><T69/><D69/><U88/><E78/><V67/><F120/><W7/><G61/><T125/><D27/><U87/><E87/><V85/><F85/><W71/><G71/><T21/><D21/><U98/><E98/><N who="0" m="37385" /><D125/><U29/><E29/><V2/><F2/><W101/><G101/><T58/><AGARI ba="1,0" hai="40,43,57,58,59,104,106,107" m="37385,34826" machi="58" ten="40,8000,1" yaku="28,2,52,3" doraHai="100" who="0" fromWho="0" sc="229,83,238,-21,239,-21,294,-41" /><INIT seed="4,0,0,2,4,34" ten="312,217,218,253" oya="0" hai0="94,32,8,71,4,51,79,39,57,21,112,6,92" hai1="13,120,25,12,15,63,123,40,108,73,86,134,23" hai2="119,103,72,2,60,130,125,95,14,20,80,55,18" hai3="43,65,29,127,52,74,109,93,53,26,129,88,101"/><T117/><D117/><U105/><E108/><V133/><F119/><W7/><G109/><T98/><D32/><U62/><E73/><V110/><F110/><W3/><G74/><T89/><D39/><U69/><E105/><V126/><F130/><W67/><G129/><T31/><D71/><U28/><E134/><V64/><F133/><W78/><G78/><T38/><D38/><U37/><E69/><V36/><F36/><W100/><G43/><T44/><D112/><U111/><E111/><V42/><F42/><W68/><G68/><T35/><D35/><U115/><E115/><V118/><F55/><N who="3" m="21067" /><G3/><T102/><D57/><U113/><E113/><V70/><F118/><W128/><G128/><T45/><D79/><U76/><E40/><V122/><F122/><W59/><G7/><N who="0" m="2603" /><D8/><U11/><E37/><V131/><F131/><W58/><G127/><N who="2" m="48649" /><F2/><W84/><G26/><N who="0" m="16847" /><D51/><U10/><E123/><V106/><F106/><W48/><G29/><T81/><D81/><N who="1" m="47399" /><E120/><V19/><F19/><W41/><G41/><T104/><D104/><U124/><E124/><V27/><F72/><W47/><G47/><T83/><D83/><U75/><E75/><V82/><F27/><W107/><G107/><T24/><D24/><U90/><E90/><V17/><F17/><W132/><G132/><T99/><AGARI ba="0,0" hai="44,45,89,92,94,98,99,102" m="16847,2603" machi="99" ten="30,1500,0" yaku="8,1" doraHai="34" who="0" fromWho="0" sc="312,15,217,-5,218,-5,253,-5" /><INIT seed="4,1,0,3,0,111" ten="327,212,213,248" oya="0" hai0="20,94,19,4,64,115,120,47,31,117,45,36,42" hai1="128,22,116,86,105,110,38,126,70,33,51,53,61" hai2="83,52,3,132,8,96,46,29,121,15,82,37,41" hai3="90,35,65,84,88,14,28,78,17,76,67,98,123"/><T107/><D117/><U127/><E33/><V44/><F121/><W66/><G123/><T43/><D120/><U5/><E105/><V25/><F3/><W74/><G74/><T69/><D107/><U80/><E110/><V21/><F132/><W34/><G34/><T81/><D31/><U85/><E116/><V108/><F108/><W1/><G1/><T11/><D81/><U104/><E104/><V56/><F96/><W23/><G35/><T9/><D4/><U124/><E38/><V122/><F46/><W100/><G28/><T103/><D64/><U6/><E128/><V114/><F122/><W101/><G98/><T134/><D69/><U30/><E70/><V50/><REACH who="2" step="1"/><F114/><REACH who="2" ten="327,212,203,248" step="2"/><W79/><REACH who="3" step="1"/><G90/><REACH who="3" ten="327,212,203,238" step="2"/><T75/><D134/><U57/><E127/><V73/><F73/><W92/><AGARI ba="1,2" hai="14,17,23,65,66,67,76,78,79,84,88,92,100,101" machi="92" ten="30,12000,2" yaku="1,1,2,1,0,1,8,1,54,1,53,1" doraHai="111" doraHaiUra="10" who="3" fromWho="3" sc="327,-61,212,-31,203,-31,238,143" /><INIT seed="5,0,0,4,3,25" ten="266,181,172,381" oya="1" hai0="83,68,19,111,72,128,113,5,42,38,102,134,103" hai1="54,39,76,4,16,73,48,86,55,133,7,32,100" hai2="12,77,118,115,59,46,69,14,74,58,79,130,1" hai3="15,41,56,44,88,94,98,112,121,3,84,60,91"/><U85/><E39/><V119/><F69/><W129/><G3/><T101/><D111/><U43/><E133/><V63/><F1/><W13/><G121/><T35/><D68/><U80/><E100/><V66/><F130/><W37/><G112/><T61/><D35/><U10/><E32/><V106/><F106/><W2/><G2/><T36/><D5/><U6/><E73/><V29/><F46/><W21/><G21/><T24/><D42/><U87/><E43/><V64/><F74/><W127/><G127/><T0/><D0/><U124/><E124/><V109/><F63/><W53/><REACH who="3" step="1"/><G129/><REACH who="3" ten="266,181,172,371" step="2"/><T26/><D128/><U8/><E8/><V132/><F115/><W105/><G105/><T114/><D113/><U78/><E78/><V20/><F20/><W62/><G62/><T97/><D61/><U95/><E95/><AGARI ba="0,1" hai="13,15,37,41,44,53,56,60,84,88,91,94,95,98" machi="95" ten="30,3900,0" yaku="1,1,7,1,54,1,53,0" doraHai="25" doraHaiUra="75" who="3" fromWho="1" sc="266,0,181,-39,172,0,371,49" /><INIT seed="6,0,0,4,2,128" ten="266,142,172,420" oya="2" hai0="77,90,28,105,55,35,74,97,110,103,47,91,122" hai1="52,70,96,18,59,124,108,4,133,131,46,17,135" hai2="34,118,106,116,19,126,5,39,84,83,67,20,123" hai3="79,22,125,45,100,93,99,71,75,31,10,48,16"/><V109/><F123/><W1/><G71/><T8/><D110/><U78/><E108/><V43/><F109/><W36/><G36/><T112/><D122/><U72/><E131/><V42/><F34/><W14/><G125/><T130/><D130/><U29/><E70/><V15/><F126/><W41/><G75/><T7/><D112/><U58/><E124/><V11/><F106/><W54/><G79/><T33/><D77/><U104/><E29/><V98/><F98/><W127/><G127/><T21/><D74/><U115/><E115/><V60/><F39/><W64/><G64/><T57/><D47/><U26/><E4/><V92/><F92/><W85/><G85/><T3/><D21/><U80/><E46/><V87/><F118/><W30/><G1/><T86/><D28/><N who="3" m="10793" /><G10/><T82/><D91/><U134/><E26/><V101/><F101/><W129/><G129/><T114/><D114/><U27/><E27/><V40/><F83/><W51/><G51/><AGARI ba="0,0" hai="3,7,8,33,35,51,55,57,82,86,90,97,103,105" machi="51" ten="30,1000,0" yaku="7,1" doraHai="128" who="0" fromWho="3" sc="266,10,142,0,172,0,420,-10" /><INIT seed="7,0,0,0,3,12" ten="276,142,172,410" oya="3" hai0="29,80,61,107,48,94,85,19,70,105,10,76,75" hai1="126,72,79,64,52,37,43,50,130,91,5,118,60" hai2="95,102,67,127,103,88,66,7,82,56,17,13,21" hai3="97,24,89,128,9,123,68,81,55,11,104,120,132"/><W99/><G68/><T51/><D29/><U124/><E130/><V38/><F38/><W20/><G128/><T98/><D70/><U78/><E118/><V47/><F127/><N who="1" m="48681" /><E5/><V34/><F34/><W39/><G39/><T117/><D61/><U119/><E119/><V1/><F47/><W8/><G132/><T33/><D33/><U65/><E72/><V86/><F56/><W96/><G104/><T41/><D41/><U2/><E2/><V71/><F71/><W121/><G55/><T31/><D31/><U3/><E3/><V28/><F28/><N who="3" m="17415" /><G89/><T14/><D117/><U115/><E115/><V112/><F112/><W16/><G81/><T84/><D105/><U116/><E116/><V45/><F45/><W44/><G44/><T125/><D107/><U135/><E135/><V32/><F32/><W69/><G69/><T92/><D75/><U4/><E4/><V73/><F73/><W25/><G25/><T30/><D30/><U77/><E60/><V131/><F131/><W18/><AGARI ba="0,0" hai="8,9,11,16,18,96,97,99,120,121,123" m="17415" machi="18" ten="40,12000,1" yaku="29,2,52,2,54,1" doraHai="12" who="3" fromWho="3" sc="276,-40,142,-40,172,-40,410,120" owari="236,4.0,102,-40.0,132,-27.0,530,63.0" /></mjloggm>