<mjloggm ver="2.3"><GO type="169" lobby="0"/><UN n0="%E3%81%B5%E3%81%8B%E3%81%BF" n1="%E3%83%88%E3%83%88%E3%83%AA%E5%85%88%E7%94%9F%31%39%E6%AD%B3" n2="%E3%81%8B%E3%82%81%E3%81%98%E3%82%8D%E3%81%86" n3="%E3%81%8B%E3%82%8A%E3%82%93%E3%81%A1%E3%82%83%E3%82%93" dan="18,18,16,17" rate="2200.47,2304.99,2091.56,2152.20" sx="F,F,M,F"/><TAIKYOKU oya="0"/><INIT seed="0,0,0,5,5,39" ten="250,250,250,250" oya="0" hai0="31,65,57,61,75,99,15,100,71,2,82,98,112" hai1="34,7,78,115,127,9,53,74,80,111,47,89,117" hai2="24,18,59,121,0,105,23,62,126,26,103,130,29" hai3="40,35,120,42,96,94,108,91,27,119,73,76,118"/><T68/><D2/><U113/><E117/><V63/><F121/><W90/><G120/><T32/><D112/><N who="1" m="43083" /><E34/><V107/><F0/><W6/><G108/><T12/><D32/><U129/><E111/><V4/><F4/><W38/><G6/><T33/><D71/><U131/><E127/><V48/><F126/><W83/><G90/><T28/><D57/><U85/><E53/><V72/><F72/><W60/><G60/><T19/><D99/><U88/><E47/><V87/><F130/><N who="1" m="49673" /><E74/><V67/><F63/><W11/><G38/><T3/><D3/><AGARI ba="0,0" hai="3,7,9,78,80,85,88,89" m="49673,43083" machi="3" ten="30,3900,0" yaku="11,1,19,1,54,1" doraHai="39" who="1" fromWho="0" sc="250,-39,250,39,250,0,250,0" /><INIT seed="1,0,0,5,3,88" ten="211,289,250,250" oya="1" hai0="87,75,19,31,125,2,106,76,33,116,134,112,60" hai1="72,27,100,5,36,104,32,55,57,63,126,124,24" hai2="17,121,99,50,21,89,46,16,98,103,42,132,85" hai3="61,111,34,13,113,54,38,69,23,71,48,114,120"/><U1/><E36/><V0/><F132/><W74/><G120/><T12/><D60/><U117/><E117/><V62/><F121/><W123/><G123/><T66/><D66/><U95/><E72/><V68/><F0/><W52/><G34/><T79/><D87/><U43/><E43/><V127/><F127/><N who="1" m="48681" /><E104/><V83/><F68/><N who="3" m="26187" /><G74/><T49/><D106/><U77/><E77/><V133/><F133/><W122/><G13/><T15/><D75/><U58/><E32/><V26/><F62/><W128/><G23/><T39/><D33/><U18/><E18/><V82/><F83/><W37/><G122/><T7/><D19/><U93/><E100/><V35/><F35/><W78/><G78/><T70/><D125/><U109/><E109/><V131/><F131/><W11/><G11/><T22/><D79/><U135/><E135/><V130/><F130/><W47/><G128/><T86/><D76/><U8/><E58/><V81/><F103/><W64/><G111/><T9/><D70/><U44/><E44/><V91/><F17/><W6/><G54/><T51/><D134/><U53/><E55/><V96/><F82/><W119/><G6/><T73/><D73/><U3/><E3/><V67/><F67/><W118/><G118/><T90/><D116/><U115/><E115/><N who="3" m="44042" /><G119/><T45/><D112/><U101/><E101/><V102/><F102/><W110/><G110/><T97/><D2/><U14/><E1/><V105/><F105/><W56/><AGARI ba="0,0" hai="37,38,47,48,52,56,61,64" m="44042,26187" machi="56" ten="30,4000,0" yaku="34,2,54,1" doraHai="88" who="3" fromWho="3" sc="211,-10,289,-20,250,-10,250,40" /><INIT seed="2,0,0,5,0,35" ten="201,269,240,290" oya="2" hai0="108,76,116,103,56,111,105,27,132,130,10,28,26" hai1="55,37,22,118,48,12,42,82,122,20,31,129,19" hai2="0,95,29,45,16,79,15,21,17,107,72,14,135" hai3="85,24,5,25,52,97,40,49,120,109,59,83,36"/><V44/><F107/><W124/><G120/><T23/><D130/><U54/><E118/><V62/><F135/><W69/><G69/><T110/><D132/><U43/><E122/><V84/><F29/><W115/><G115/><T128/><D128/><U9/><E37/><V46/><F0/><W30/><G124/><T41/><D116/><U2/><E129/><V50/><F62/><W131/><G131/><T121/><D121/><U61/><E2/><V89/><F72/><W88/><G109/><T4/><D41/><U127/><E127/><V13/><F79/><W101/><G5/><T6/><D76/><U63/><E82/><V39/><F39/><W133/><G133/><T1/><D6/><U66/><E61/><V70/><F70/><W8/><G8/><T125/><D125/><U86/><E86/><V18/><REACH who="2" step="1"/><F21/><REACH who="2" ten="201,269,230,290" step="2"/><W104/><G30/><T65/><D23/><U53/><E22/><V81/><F81/><W96/><G36/><T91/><D28/><U33/><E33/><V47/><F47/><W74/><G74/><T113/><D113/><U126/><E126/><V11/><F11/><W94/><REACH who="3" step="1"/><G40/><AGARI ba="0,1" hai="13,14,15,16,17,18,40,44,45,46,50,84,89,95" machi="40" ten="40,12000,1" yaku="1,1,8,1,54,1,53,1" doraHai="35" doraHaiUra="87" who="2" fromWho="3" sc="201,0,269,0,230,130,290,-120" /><INIT seed="2,1,0,1,5,91" ten="201,269,360,170" oya="2" hai0="65,102,81,51,135,13,69,87,60,121,52,99,20" hai1="116,10,106,107,128,3,50,115,38,41,134,77,44" hai2="62,40,29,82,88,17,5,120,4,96,26,67,39" hai3="22,14,33,76,104,56,53,79,92,15,124,93,35"/><V84/><F120/><W25/><G104/><T85/><D121/><U1/><E115/><V0/><F17/><N who="3" m="12495" /><G33/><T12/><D135/><U42/><E116/><V117/><F117/><W70/><G35/><T73/><D73/><U30/><E128/><V119/><F119/><W59/><G70/><T36/><D36/><U122/><E122/><V100/><F0/><W19/><G124/><T2/><D2/><U47/><E134/><V24/><F39/><W90/><G90/><T57/><D20/><U11/><E30/><V130/><F40/><W111/><G111/><T105/><REACH who="0" step="1"/><D87/><REACH who="0" ten="191,269,360,170" step="2"/><U58/><E1/><V80/><F130/><W125/><G125/><T133/><D133/><U74/><E3/><V83/><F26/><W23/><G15/><T132/><D132/><U6/><E74/><V49/><F24/><W34/><G34/><T46/><D46/><U94/><E44/><V18/><F84/><W8/><G23/><T101/><D101/><U113/><E47/><V98/><F100/><W64/><G14/><T108/><D108/><U114/><E38/><V37/><F37/><W9/><G9/><T118/><D118/><U126/><E126/><V63/><F80/><W131/><G8/><T97/><D97/><U31/><E10/><V55/><F83/><W21/><G131/><T110/><D110/><U86/><E11/><V66/><F82/><W89/><G21/><T7/><D7/><U78/><E6/><V109/><F5/><W103/><G103/><T45/><D45/><U68/><E41/><V32/><F4/><W127/><G127/><T72/><D72/><RYUUKYOKU ba="1,1" sc="191,30,269,-10,360,-10,170,-10" hai0="12,13,51,52,57,60,65,69,81,85,99,102,105" /><INIT seed="3,2,1,2,5,53" ten="221,259,350,160" oya="3" hai0="79,34,51,96,32,7,133,2,42,102,35,23,1" hai1="14,127,41,110,123,125,126,113,65,64,22,45,72" hai2="100,112,131,103,5,73,109,21,13,36,81,52,75" hai3="82,12,78,119,77,48,31,4,8,107,26,56,19"/><W88/><G119/><T25/><D133/><U106/><E72/><V29/><F112/><W47/><G107/><T97/><D79/><U66/><E106/><V116/><F36/><W63/><G4/><T130/><D130/><U49/><E22/><V99/><F131/><W43/><G82/><T18/><D7/><U111/><E14/><V54/><F5/><W11/><G11/><T40/><D97/><U94/><E94/><V33/><F81/><W17/><G17/><T37/><D37/><U114/><REACH who="1" step="1"/><E123/><REACH who="1" ten="221,249,350,160" step="2"/><V6/><F13/><W60/><G88/><T46/><REACH who="0" step="1"/><D40/><REACH who="0" ten="211,249,350,160" step="2"/><U59/><E59/><V3/><F116/><W20/><REACH who="3" step="1"/><G63/><REACH who="3" ten="211,249,350,150" step="2"/><T101/><D101/><U58/><E58/><V91/><F103/><W135/><G135/><T132/><D132/><U62/><E62/><V128/><F100/><W70/><G70/><T10/><D10/><U129/><E129/><V104/><F128/><W93/><G93/><AGARI ba="2,4" hai="1,2,18,23,25,32,34,35,42,46,51,93,96,102" machi="93" ten="40,1300,0" yaku="1,1,53,0" doraHai="53" doraHaiUra="67" who="0" fromWho="3" sc="211,59,249,0,350,0,150,-19" /><INIT seed="4,0,0,1,0,65" ten="270,249,350,131" oya="0" hai0="129,5,128,27,3,41,102,36,12,92,47,120,7" hai1="67,32,78,108,46,6,60,94,84,44,11,89,103" hai2="13,125,35,70,99,33,9,38,49,8,109,73,131" hai3="81,107,25,135,26,39,86,43,71,34,56,85,118"/><T117/><D120/><U28/><E108/><V82/><F38/><W51/><G107/><T15/><D117/><U61/><E61/><V62/><F109/><W127/><G118/><T66/><D3/><U90/><E78/><V20/><F20/><W4/><G39/><T100/><D66/><U132/><E132/><V53/><F8/><W19/><G135/><T111/><D111/><U93/><E103/><N who="0" m="39465" /><D92/><U134/><E134/><V31/><F99/><W21/><G127/><T10/><D27/><U23/><E32/><V57/><F125/><W119/><G119/><T1/><D7/><U77/><E77/><V37/><F37/><W123/><G123/><T18/><D18/><U0/><E23/><V106/><F106/><W55/><G4/><T115/><D115/><U76/><E76/><V58/><F31/><W133/><G133/><T22/><D22/><U124/><E28/><V101/><F101/><W59/><G43/><T74/><D74/><U63/><E124/><V113/><F35/><W105/><G105/><T54/><D54/><U88/><E90/><V30/><F30/><W130/><G130/><AGARI ba="0,0" hai="1,5,10,12,15,36,41,47,128,129,130" m="39465" machi="130" ten="30,1500,0" yaku="19,1" doraHai="65" who="0" fromWho="3" sc="270,15,249,0,350,0,131,-15" /><INIT seed="4,1,0,0,4,113" ten="285,249,350,116" oya="0" hai0="9,46,61,94,63,122,81,14,128,0,135,90,25" hai1="93,12,40,134,60,71,26,52,47,2,58,107,34" hai2="37,114,5,133,18,7,13,99,45,49,77,127,27" hai3="83,48,75,29,50,64,3,68,42,24,85,116,100"/><T35/><D122/><U129/><E107/><V120/><F114/><W57/><G75/><T112/><D112/><U20/><E2/><V82/><F37/><W72/><G3/><T103/><D0/><U19/><E129/><V89/><F120/><W6/><G6/><T59/><D128/><U15/><E134/><V117/><F133/><W32/><G72/><T80/><D103/><U88/><E71/><V130/><F127/><W84/><G68/><T23/><D35/><U10/><E34/><V22/><F130/><W51/><G100/><T123/><D46/><U73/><E73/><V102/><F89/><W65/><G42/><T92/><D63/><U33/><E33/><V44/><F117/><W78/><G84/><T8/><D94/><U56/><E56/><V121/><F13/><W21/><G32/><T131/><D8/><U70/><E70/><V79/><F45/><W53/><REACH who="3" step="1"/><G116/><REACH who="3" ten="285,249,350,106" step="2"/><T132/><D131/><U39/><E10/><V76/><F121/><W110/><G110/><T4/><D123/><U43/><E40/><N who="2" m="24711" /><F5/><W105/><G105/><T115/><D135/><U95/><E93/><N who="2" m="58735" /><F7/><W109/><G109/><T67/><D132/><U31/><E31/><V101/><F101/><W98/><G98/><AGARI ba="1,1" hai="12,15,19,20,26,39,43,47,52,58,60,88,95,98" machi="98" ten="30,8000,1" yaku="7,1,25,2,54,2" doraHai="113" who="1" fromWho="3" sc="285,0,249,93,350,0,106,-83" /><INIT seed="5,0,0,5,4,22" ten="285,342,350,23" oya="1" hai0="32,18,106,92,91,20,50,26,118,103,4,89,73" hai1="117,15,120,14,35,83,79,104,72,47,96,62,17" hai2="116,85,61,36,130,127,58,98,112,84,94,53,40" hai3="5,105,87,52,64,39,121,78,24,7,69,126,13"/><U75/><E117/><V97/><F116/><W76/><G121/><T99/><D118/><U0/><E120/><V122/><F122/><W102/><G39/><T27/><D73/><U1/><E35/><V86/><F127/><W77/><G126/><T111/><D111/><U113/><E72/><V114/><F130/><W43/><G43/><T33/><D4/><U29/><E113/><N who="2" m="43627" /><F36/><W132/><G132/><T55/><D27/><U95/><E104/><V46/><F40/><W124/><G124/><T21/><D21/><U37/><E29/><V109/><F109/><W135/><G135/><T82/><D82/><U2/><E17/><V133/><F133/><W80/><G24/><T119/><D119/><U42/><REACH who="1" step="1"/><E62/><REACH who="1" ten="285,332,350,23" step="2"/><V123/><F123/><W9/><G7/><T110/><D110/><U44/><E44/><V63/><F46/><W68/><G105/><T28/><D33/><U31/><E31/><V93/><F61/><W34/><G34/><T49/><D106/><U54/><E54/><V25/><F63/><W90/><G52/><T66/><D66/><U60/><E60/><V125/><F125/><W51/><G64/><T131/><D131/><U11/><E11/><V38/><F53/><W101/><REACH who="3" step="1"/><G51/><REACH who="3" ten="285,332,350,13" step="2"/><T65/><D65/><U19/><E19/><V23/><F38/><W81/><G81/><T30/><D50/><U59/><E59/><V57/><F58/><W88/><G88/><AGARI ba="0,2" hai="0,1,2,14,15,37,42,47,75,79,83,88,95,96" machi="88" ten="40,3900,0" yaku="1,1,54,1,53,0" doraHai="22" doraHaiUra="48" who="1" fromWho="3" sc="285,0,332,59,350,0,13,-39" owari="285,-11.0,391,49.0,350,15.0,-26,-53.0" /></mjloggm>