<mjloggm ver="2.3"><GO type="169" lobby="0"/><UN n0="%E9%9D%92%E7%8C%AB" n1="%E3%81%BB%E3%81%97%E3%81%AE%E3%81%99%E3%81%9A%E3%81%BF" n2="%E3%83%84%E3%83%AC%E3%82%AA" n3="%E3%83%88%E3%83%88%E3%83%AA%E5%85%88%E7%94%9F%31%39%E6%AD%B3" dan="17,17,17,18" rate="2100.14,2184.61,2215.80,2284.27" sx="M,F,M,F"/><TAIKYOKU oya="0"/><INIT seed="0,0,0,1,2,26" ten="250,250,250,250" oya="0" hai0="134,6,32,11,120,56,101,8,129,38,90,124,79" hai1="52,128,57,96,114,5,34,9,29,74,121,135,64" hai2="77,88,23,89,48,1,109,55,84,45,7,133,61" hai3="58,107,66,78,53,54,31,98,132,104,83,24,117"/><T75/><D120/><U43/><E121/><V62/><F109/><W123/><G117/><T113/><D113/><U40/><E74/><V0/><F133/><W92/><G123/><T3/><D134/><U87/><E135/><V131/><F131/><W106/><G132/><T127/><D129/><U44/><E114/><V110/><F110/><W25/><G25/><T85/><D38/><U33/><E64/><V103/><F103/><W111/><G111/><T112/><D112/><U49/><E96/><V20/><F0/><W42/><G42/><T67/><D101/><U68/><E68/><V35/><F35/><W41/><G41/><T82/><D32/><U105/><E105/><V36/><F36/><W65/><G83/><T12/><D56/><U10/><E10/><V2/><F2/><W59/><G78/><T14/><D67/><U47/><E128/><V71/><F7/><W122/><G122/><T76/><D3/><U119/><E119/><V91/><F1/><W27/><G106/><T17/><REACH who="0" step="1"/><D75/><REACH who="0" ten="240,250,250,250" step="2"/><U30/><E34/><V63/><F71/><W16/><G65/><T15/><D15/><N who="1" m="5551" /><E33/><V51/><F51/><W21/><G66/><T126/><AGARI ba="0,1" hai="6,8,11,12,14,17,76,79,82,85,90,124,126,127" machi="126" ten="30,6000,0" yaku="1,1,0,1,18,1,53,0" doraHai="26" doraHaiUra="100" who="0" fromWho="0" sc="240,70,250,-20,250,-20,250,-20" /><INIT seed="0,1,0,0,1,83" ten="310,230,230,230" oya="0" hai0="118,113,75,95,90,119,80,49,124,120,52,87,34" hai1="56,106,72,82,112,77,6,81,93,92,65,123,70" hai2="97,16,121,69,35,31,91,61,66,67,38,20,24" hai3="135,40,103,48,71,76,13,114,1,101,45,39,115"/><T47/><D120/><U88/><E123/><V130/><F38/><W102/><G1/><T117/><D113/><U50/><E70/><V100/><F121/><W107/><G71/><T12/><D34/><U96/><E106/><V30/><F130/><W63/><G107/><T37/><D124/><U74/><E112/><V29/><F67/><W89/><G135/><T108/><D108/><U0/><E0/><V60/><F60/><W43/><G76/><T55/><D37/><U134/><E134/><V68/><F68/><W46/><G63/><T59/><D12/><U116/><E6/><V2/><F2/><W128/><G128/><T132/><D132/><U85/><E116/><V27/><REACH who="2" step="1"/><F91/><REACH who="2" ten="310,230,220,230" step="2"/><W7/><G89/><T111/><D111/><U104/><E65/><V105/><AGARI ba="1,1" hai="16,20,24,27,29,30,31,35,61,66,69,97,100,105" machi="105" ten="20,12000,2" yaku="1,1,2,1,0,1,7,1,25,2,54,1,53,0" doraHai="83" doraHaiUra="42" who="2" fromWho="2" sc="310,-61,230,-31,220,133,230,-31" /><INIT seed="1,0,0,4,5,21" ten="249,199,353,199" oya="1" hai0="74,35,12,80,42,47,73,30,4,38,34,43,60" hai1="69,108,134,36,107,117,86,102,125,123,105,27,45" hai2="6,98,71,39,126,67,133,82,22,11,57,5,0" hai3="110,99,46,127,14,101,94,9,18,1,75,120,103"/><U51/><E123/><V88/><F133/><W113/><G120/><T65/><D43/><U31/><E117/><V104/><F126/><W78/><G113/><T66/><D66/><U23/><E134/><V116/><F39/><W115/><G115/><T118/><D118/><U121/><E121/><V32/><F32/><W77/><G127/><T79/><D74/><U90/><E125/><V81/><F116/><W44/><G1/><T49/><D49/><U111/><E69/><V61/><F6/><W59/><G110/><N who="1" m="42026" /><E102/><V91/><F71/><W100/><G75/><T96/><D96/><U131/><E131/><V93/><F104/><W28/><G28/><T13/><D4/><U112/><E36/><V132/><F132/><W54/><G44/><T24/><REACH who="0" step="1"/><D35/><REACH who="0" ten="239,199,353,199" step="2"/><U128/><E112/><V26/><REACH who="2" step="1"/><F91/><REACH who="2" ten="239,199,343,199" step="2"/><N who="3" m="55775" /><G46/><T8/><D8/><U52/><E128/><V87/><F87/><W41/><G41/><T17/><D17/><AGARI ba="0,2" hai="0,5,11,17,22,26,57,61,67,81,82,88,93,98" machi="17" ten="30,7700,0" yaku="1,1,7,1,52,1,54,1,53,0" doraHai="21" doraHaiUra="64" who="2" fromWho="0" sc="239,-77,199,0,343,97,199,0" /><INIT seed="2,0,0,1,1,63" ten="162,199,440,199" oya="2" hai0="129,10,94,13,16,71,77,105,58,107,42,45,131" hai1="39,123,80,17,56,43,65,122,35,12,90,2,20" hai2="85,57,83,54,59,55,92,3,81,37,93,22,88" hai3="46,0,89,91,78,21,104,96,113,114,87,117,34"/><V4/><F37/><W19/><G34/><T133/><D71/><U82/><E35/><V134/><F134/><W79/><G0/><T26/><D133/><U86/><E2/><V68/><F68/><W5/><G5/><T112/><D112/><N who="3" m="43113" /><G46/><T30/><D77/><N who="3" m="29193" /><G117/><T40/><D94/><U72/><E43/><N who="0" m="16425" /><D45/><U31/><E31/><V62/><F3/><W106/><G19/><T50/><D50/><U111/><E111/><V60/><F4/><W15/><G15/><T29/><D58/><U110/><E39/><V69/><F69/><W49/><G21/><N who="0" m="15567" /><D30/><U8/><E20/><V125/><F125/><W67/><G49/><T28/><D28/><U61/><E110/><V101/><F22/><W51/><G51/><T23/><D23/><U76/><AGARI ba="0,0" hai="8,12,17,56,61,65,72,76,80,82,86,90,122,123" machi="76" ten="30,2000,0" yaku="0,1,52,1" doraHai="63" who="1" fromWho="1" sc="162,-5,199,20,440,-10,199,-5" /><INIT seed="3,0,0,3,1,117" ten="157,219,430,194" oya="3" hai0="23,124,21,75,25,98,105,26,28,116,71,122,48" hai1="7,104,101,114,30,74,86,18,85,47,41,43,108" hai2="95,66,76,92,89,62,87,96,1,17,22,3,61" hai3="130,69,93,0,39,31,72,20,14,131,19,35,103"/><W50/><G39/><T107/><D116/><U67/><E114/><V111/><F111/><W36/><G36/><T37/><D37/><U44/><E74/><V102/><F76/><W49/><G72/><T132/><D75/><U91/><E67/><V52/><F62/><W13/><G69/><T15/><D132/><U55/><E108/><V129/><F129/><N who="3" m="49163" /><G0/><T51/><D124/><U59/><E30/><V38/><F38/><W16/><G31/><T112/><D112/><U133/><E133/><V70/><F52/><W127/><G35/><T110/><D110/><U94/><E7/><V56/><F70/><W73/><G73/><T113/><D113/><U135/><E135/><V60/><F60/><W8/><G127/><T84/><D71/><U42/><E18/><V54/><F66/><W29/><G29/><T32/><D32/><U33/><E33/><V109/><F109/><W45/><G45/><T123/><D28/><U34/><E34/><V81/><F81/><W106/><G106/><T88/><D84/><N who="1" m="32363" /><E101/><V83/><F83/><W2/><G2/><T128/><D128/><U68/><E104/><V4/><F4/><W58/><G58/><T12/><REACH who="0" step="1"/><D88/><REACH who="0" ten="147,219,430,194" step="2"/><U80/><E68/><V53/><F87/><W57/><G57/><T78/><D78/><U120/><E80/><V100/><F56/><W99/><AGARI ba="0,1" hai="8,13,14,16,19,20,49,50,93,99,103" m="49163" machi="99" ten="30,3000,0" yaku="19,1,54,1" doraHai="117" who="3" fromWho="3" sc="147,-10,219,-10,430,-10,194,40" /><INIT seed="3,1,0,0,1,115" ten="137,209,420,234" oya="3" hai0="80,58,107,83,85,23,63,127,27,109,82,19,96" hai1="98,86,92,100,117,16,57,67,36,12,76,49,42" hai2="84,4,30,122,121,116,68,51,55,46,135,17,124" hai3="81,70,50,94,43,132,79,1,71,39,95,22,110"/><W105/><G105/><T72/><D109/><U113/><E113/><V47/><F68/><W53/><G110/><T74/><D127/><U112/><E112/><V48/><F124/><W15/><G1/><T77/><D74/><U54/><E36/><V25/><F135/><W88/><G132/><T59/><D59/><U128/><E128/><V102/><F4/><W73/><G94/><T60/><D60/><U87/><E42/><V118/><F17/><W45/><G22/><T2/><D2/><U99/><E67/><V18/><F18/><W62/><G15/><T111/><D111/><U129/><E129/><V119/><F84/><W8/><G8/><T31/><D72/><U133/><E133/><V32/><REACH who="2" step="1"/><F102/><REACH who="2" ten="137,209,410,234" step="2"/><W0/><G0/><T10/><D19/><U6/><E6/><V13/><F13/><W131/><G131/><T103/><REACH who="0" step="1"/><D10/><REACH who="0" ten="127,209,410,234" step="2"/><U91/><E16/><V20/><F20/><W120/><G70/><T56/><D56/><U130/><E130/><V21/><F21/><W66/><G71/><T11/><D11/><U26/><E57/><V75/><F75/><W108/><G108/><T90/><D90/><U38/><E91/><V7/><F7/><W24/><G73/><T134/><D134/><U5/><E5/><V44/><F44/><W28/><G45/><T114/><D114/><U14/><E100/><V37/><F37/><W97/><G39/><T41/><D41/><AGARI ba="1,2" hai="25,30,32,41,46,47,48,51,55,116,118,119,121,122" machi="41" ten="40,8000,1" yaku="1,1,52,3,53,0" doraHai="115" doraHaiUra="123" who="2" fromWho="0" sc="127,-83,209,0,410,103,234,0" /><INIT seed="4,0,0,4,5,30" ten="44,209,513,234" oya="0" hai0="14,130,29,131,2,19,97,127,40,18,35,57,12" hai1="13,31,20,87,96,25,114,129,58,47,110,82,92" hai2="49,100,28,9,121,126,89,81,119,27,113,118,10" hai3="66,105,116,43,108,48,15,106,73,86,99,23,64"/><T93/><D40/><U68/><E110/><V77/><F121/><W115/><G108/><T109/><D57/><U133/><E68/><V11/><F113/><W98/><G73/><T54/><D109/><U51/><E114/><V134/><F100/><W62/><G115/><T32/><D54/><U24/><E129/><N who="0" m="49161" /><D2/><U124/><E133/><V78/><F134/><W67/><G116/><N who="2" m="44585" /><F49/><W4/><G105/><T39/><D39/><U38/><E38/><V74/><F126/><W65/><G106/><T128/><N who="0" m="49169" /><T103/><DORA hai="122" /><D29/><U0/><E0/><V44/><F44/><N who="3" m="25631" /><G62/><T88/><D103/><U1/><E1/><V33/><F89/><W112/><G67/><T42/><D42/><U52/><E124/><V132/><F132/><W7/><G112/><T117/><D117/><U37/><E37/><V36/><F36/><W102/><G102/><T75/><D75/><U104/><E104/><V101/><F101/><W41/><G41/><T79/><D79/><AGARI ba="0,0" hai="9,10,11,27,28,33,74,77,78,79,81" m="44585" machi="79" ten="30,2000,0" yaku="12,1,52,1" doraHai="30,122" who="2" fromWho="0" sc="44,-20,209,0,513,20,234,0" /><INIT seed="5,0,0,2,4,39" ten="24,209,533,234" oya="1" hai0="98,1,68,13,97,23,49,52,126,67,93,132,5" hai1="19,62,59,44,90,92,80,64,6,120,20,53,56" hai2="7,119,128,21,0,33,48,89,115,50,18,100,10" hai3="35,102,77,108,106,30,134,11,26,42,86,57,45"/><U122/><E6/><V72/><F119/><W94/><G108/><T66/><D132/><U76/><E44/><V85/><F72/><W36/><G134/><T3/><D126/><U61/><E76/><V9/><F9/><W4/><G106/><T46/><D98/><U105/><E80/><V71/><F71/><W14/><G57/><T107/><D107/><U104/><E104/><V16/><F33/><W118/><G118/><T91/><D68/><U73/><E73/><V27/><F100/><W25/><G25/><T125/><D125/><U129/><E129/><V37/><F37/><W123/><G123/><T79/><D79/><U60/><E60/><V101/><F101/><W40/><G40/><T70/><D70/><U31/><E31/><V87/><F128/><W74/><G86/><T96/><D96/><U111/><E111/><V121/><F121/><W28/><G28/><T38/><D38/><U22/><E105/><V127/><F127/><W65/><G65/><T34/><D34/><U75/><E75/><V109/><F109/><W116/><G116/><T83/><D83/><U69/><E69/><V103/><F103/><W54/><G54/><T112/><D112/><U41/><E41/><V84/><F115/><W17/><G94/><T113/><D113/><U124/><E124/><V114/><F114/><W32/><G102/><T12/><D3/><U15/><E22/><N who="2" m="13767" /><F89/><W135/><G135/><T24/><D1/><U95/><E95/><V81/><F81/><N who="3" m="45239" /><G35/><T130/><D130/><U63/><E63/><V51/><F51/><W88/><G88/><T55/><D91/><RYUUKYOKU ba="0,0" sc="24,-30,209,10,533,10,234,10" hai1="15,19,20,53,56,59,61,62,64,90,92,120,122" hai2="0,7,10,18,21,48,50,84,85,87" hai3="4,11,14,17,26,30,32,36,42,45" owari="-6,-51.0,219,-18.0,543,65.0,244,4.0" /></mjloggm>