<mjloggm ver="2.3"><GO type="169" lobby="0"/><UN n0="%E7%A0%B4%E5%A3%8A%E3%81%A8%E8%AA%95%E7%94%9F%E3%81%AE%E7%A5%9E%E6%AE%BF" n1="%E3%82%A6%E3%83%AB%E3%83%88%E3%83%A9%E7%AB%8B%E7%9B%B4" n2="%E3%81%97%E3%82%83%E3%81%8F%E3%81%98%E3%83%BC" n3="%E7%85%A7%E5%92%B2%E5%A7%89%E5%A6%B9%E5%B6%BA%E4%B8%8A%E7%99%BE%E5%90%88" dan="16,18,17,16" rate="2122.46,2223.98,2124.11,2092.22" sx="F,M,M,M"/><TAIKYOKU oya="0"/><INIT seed="0,0,0,0,0,42" ten="250,250,250,250" oya="0" hai0="14,93,130,121,78,15,51,21,127,17,26,134,38" hai1="18,11,4,30,1,131,85,87,67,32,65,52,88" hai2="73,23,8,39,123,91,124,20,71,36,95,6,34" hai3="64,46,74,99,109,33,72,122,125,114,59,41,61"/><T82/><D38/><U128/><E30/><V10/><F34/><W104/><G114/><T116/><D116/><U47/><E18/><V16/><F73/><W13/><G109/><T115/><D115/><U105/><E105/><V3/><F71/><W31/><G125/><T70/><D70/><U80/><E32/><V97/><F123/><W76/><G122/><T118/><D118/><U25/><E25/><V66/><F66/><W94/><G104/><T92/><D121/><U24/><E24/><V43/><F124/><W9/><G76/><T58/><D127/><U53/><E87/><V112/><F112/><W101/><G31/><T77/><D134/><U49/><REACH who="1" step="1"/><E53/><REACH who="1" ten="250,240,250,250" step="2"/><V27/><F8/><W7/><REACH who="3" step="1"/><G33/><REACH who="3" ten="250,240,250,240" step="2"/><T107/><D107/><U54/><E54/><V83/><F43/><W75/><G75/><T0/><D21/><U108/><E108/><V126/><F126/><W96/><G96/><T106/><D106/><U28/><E28/><V117/><F117/><W102/><G102/><T2/><D26/><U69/><E69/><V56/><F23/><W103/><G103/><T37/><D17/><U50/><E50/><AGARI ba="0,2" hai="7,9,13,41,46,50,59,61,64,72,74,94,99,101" machi="50" ten="30,7700,0" yaku="1,1,7,1,52,1,53,1" doraHai="42" doraHaiUra="55" who="3" fromWho="1" sc="250,0,240,-77,250,0,240,97" /><INIT seed="1,0,0,3,3,83" ten="250,163,250,337" oya="1" hai0="22,23,75,63,24,121,3,60,119,100,93,91,5" hai1="14,0,57,27,116,11,16,101,29,15,82,21,127" hai2="80,62,107,26,38,56,111,99,46,53,90,118,94" hai3="58,52,1,72,124,133,69,39,70,106,129,34,47"/><U20/><E116/><V89/><F118/><W110/><RYUUKYOKU type="yao9" ba="0,0" sc="250,0,163,0,250,0,337,0" hai3="1,34,39,47,52,58,69,70,72,106,110,124,129,133" /><INIT seed="1,1,0,4,5,90" ten="250,163,250,337" oya="1" hai0="44,103,25,50,133,30,0,108,75,21,63,17,126" hai1="18,80,86,129,20,29,104,83,64,10,131,39,117" hai2="111,94,33,99,31,55,119,34,53,5,45,49,68" hai3="76,23,16,38,48,130,118,72,13,35,106,41,66"/><U101/><E39/><V124/><F68/><W40/><G106/><T91/><D108/><U11/><E117/><V120/><F119/><W1/><G38/><T26/><D75/><U95/><E104/><V71/><F71/><W89/><G66/><T69/><D133/><U19/><E64/><V93/><F120/><W96/><G35/><T2/><D126/><U123/><E123/><V84/><F111/><W37/><G1/><T8/><D103/><U6/><E29/><V85/><F5/><W102/><G37/><T92/><D63/><U51/><E51/><V15/><F15/><W70/><G70/><T3/><D69/><U79/><E83/><V97/><F31/><W105/><G118/><T22/><D8/><U24/><E19/><V128/><F128/><W115/><G130/><N who="1" m="49674" /><E6/><V61/><F124/><W56/><G115/><T125/><D125/><U14/><E14/><V116/><F116/><W114/><G114/><T112/><D112/><U28/><E28/><V58/><F34/><W62/><G48/><T81/><D81/><U52/><E52/><V135/><F33/><W74/><G41/><T9/><D9/><U46/><E46/><V121/><F121/><W100/><G40/><N who="0" m="24839" /><D2/><U54/><E54/><V107/><F107/><W32/><G32/><T7/><D7/><U27/><E27/><V113/><F113/><W109/><G105/><T77/><D77/><U42/><E42/><V78/><F78/><W88/><G76/><T57/><D57/><U60/><E60/><V73/><F61/><W43/><G62/><T4/><D4/><U82/><E82/><RYUUKYOKU ba="1,0" sc="250,15,163,15,250,-15,337,-15" hai0="0,3,17,21,22,25,26,30,91,92" hai1="10,11,18,20,24,79,80,86,95,101" /><INIT seed="1,2,0,4,2,116" ten="265,178,235,322" oya="1" hai0="99,115,66,56,41,118,122,90,1,104,112,114,61" hai1="109,50,70,13,22,17,64,98,117,58,130,75,45" hai2="25,49,94,89,69,23,80,26,107,33,32,19,92" hai3="100,119,4,129,103,46,78,97,42,29,95,132,106"/><U38/><E117/><V126/><F107/><W44/><G119/><T74/><D118/><U34/><E75/><V125/><F69/><W120/><G120/><T86/><D1/><U59/><E34/><V47/><F80/><W15/><G129/><T10/><D74/><U7/><E130/><V81/><F81/><W121/><G121/><T54/><D10/><U124/><E124/><N who="2" m="47723" /><F26/><W77/><G106/><T14/><D14/><U31/><E31/><V21/><F21/><W57/><G15/><T105/><D41/><U5/><E109/><V67/><F67/><W28/><G42/><T135/><D135/><U111/><E111/><V12/><F12/><W18/><G132/><T43/><D43/><N who="1" m="24895" /><E70/><V60/><F60/><W35/><G35/><N who="2" m="13385" /><F89/><W88/><G29/><T123/><D66/><U83/><E83/><V133/><F133/><W134/><G28/><T11/><D104/><U20/><E38/><V76/><F76/><W39/><G39/><T72/><D72/><U128/><E22/><V51/><F51/><W27/><G77/><T53/><D11/><U0/><E128/><V110/><F110/><W102/><G134/><T96/><D105/><U91/><E0/><V24/><F24/><W131/><G27/><T71/><D71/><U9/><E64/><V93/><F94/><W108/><G108/><T40/><D123/><U55/><E9/><V87/><F87/><W85/><G85/><T79/><D122/><U65/><E65/><V8/><F8/><W52/><G131/><T37/><D79/><U84/><E84/><V16/><F19/><W127/><G127/><RYUUKYOKU ba="2,0" sc="265,-10,178,-10,235,30,322,-10" hai2="16,23,25,47,49,92,93" /><INIT seed="2,3,0,3,4,42" ten="255,168,265,312" oya="2" hai0="85,111,2,102,7,133,60,57,26,72,131,77,68" hai1="79,40,53,30,114,48,39,29,10,94,13,70,118" hai2="65,52,36,74,47,28,45,3,91,135,103,71,19" hai3="62,101,120,58,38,125,86,119,116,84,15,88,73"/><V66/><F74/><W109/><G120/><T35/><D111/><U87/><E114/><V14/><F3/><W51/><G38/><T46/><D133/><U107/><E107/><V92/><F103/><W83/><G109/><T4/><D131/><U117/><E70/><V115/><F115/><W100/><G125/><T105/><D85/><U112/><E112/><V59/><F28/><W5/><G73/><T89/><D89/><U97/><E118/><V134/><F36/><W93/><G119/><T78/><D78/><U76/><E39/><V104/><F104/><W50/><G116/><T24/><D24/><U8/><E40/><V127/><F127/><W11/><G101/><T9/><D7/><U21/><E10/><V82/><F82/><W54/><REACH who="3" step="1"/><G86/><REACH who="3" ten="255,168,265,302" step="2"/><T75/><D102/><U130/><E87/><N who="2" m="52351" /><F135/><W18/><G18/><T32/><D72/><U33/><E117/><V43/><F134/><W129/><G129/><T27/><D75/><U17/><E130/><V63/><F43/><W20/><G20/><T99/><D32/><U22/><E33/><V12/><F12/><W90/><G90/><T80/><D35/><U67/><E22/><N who="2" m="11639" /><F71/><W96/><AGARI ba="3,1" hai="5,11,15,50,51,54,58,62,83,84,88,93,96,100" machi="96" ten="30,7900,0" yaku="1,1,0,1,8,1,54,1,53,0" doraHai="42" doraHaiUra="108" who="3" fromWho="3" sc="255,-23,168,-23,265,-42,302,98" /><INIT seed="3,0,0,5,3,14" ten="232,145,223,400" oya="3" hai0="34,133,58,123,95,66,26,77,42,37,44,103,52" hai1="128,53,112,54,119,78,59,111,105,2,48,28,75" hai2="93,115,79,83,1,22,126,15,92,47,62,21,67" hai3="74,129,94,18,86,71,135,102,116,108,99,40,82"/><W12/><G116/><T41/><D123/><U100/><E2/><V106/><F1/><W101/><G71/><T91/><D133/><U30/><E112/><V104/><F115/><W107/><G135/><T35/><D103/><U60/><E111/><V98/><F92/><W121/><G121/><T56/><D77/><U20/><E128/><V90/><F47/><W118/><G118/><T117/><D117/><U51/><E119/><V131/><F131/><W132/><G132/><T85/><D41/><U7/><E7/><V87/><F126/><W31/><G31/><T39/><D39/><U24/><E75/><V13/><F13/><W88/><G108/><T27/><D58/><U110/><E78/><V32/><F32/><W127/><G127/><T134/><D66/><U9/><E9/><V114/><F114/><W4/><G4/><T57/><D56/><N who="1" m="32831" /><E100/><V109/><F109/><W16/><G129/><T11/><D11/><U125/><E105/><V3/><F3/><W0/><G0/><T65/><D65/><N who="1" m="39071" /><E110/><V81/><F81/><W23/><G101/><T68/><D68/><U43/><E43/><V113/><F113/><W120/><G120/><T6/><D6/><U19/><E125/><V89/><F79/><N who="3" m="44407" /><G40/><T33/><REACH who="0" step="1"/><D134/><REACH who="0" ten="222,145,223,400" step="2"/><U17/><E30/><V124/><F124/><W80/><G107/><T5/><D5/><U45/><AGARI ba="0,1" hai="17,19,20,24,28,45,48,54" m="39071,32831" machi="45" ten="30,4000,0" yaku="8,1,52,2" doraHai="14" who="1" fromWho="1" sc="222,-10,145,50,223,-10,400,-20" /><INIT seed="4,0,0,4,2,91" ten="212,195,213,380" oya="0" hai0="62,52,30,106,76,37,103,80,135,88,78,100,36" hai1="55,16,127,2,28,49,114,20,46,69,123,54,18" hai2="25,81,132,56,87,11,51,89,4,21,77,108,102" hai3="128,14,70,73,96,99,65,44,6,113,68,105,130"/><T83/><D106/><U125/><E2/><V94/><F108/><W131/><G73/><T39/><D30/><U31/><E69/><V9/><F102/><W111/><G111/><T133/><D103/><U23/><E114/><V40/><F132/><N who="0" m="50762" /><D100/><U117/><E49/><V119/><F119/><W15/><G105/><T122/><D122/><U8/><E46/><V67/><F67/><W34/><G34/><T79/><D88/><U22/><E8/><V82/><F82/><N who="0" m="31274" /><D52/><N who="1" m="20011" /><E117/><V45/><F56/><W50/><G113/><T120/><D120/><U24/><E123/><V42/><F42/><W109/><G109/><T92/><D92/><U104/><E104/><V93/><F4/><W59/><G50/><T61/><AGARI ba="0,0" hai="36,37,39,61,62,76,78,79" m="31274,50762" machi="61" ten="50,9600,0" yaku="28,2,20,1" doraHai="91" who="0" fromWho="0" sc="212,96,195,-32,213,-32,380,-32" /><INIT seed="4,1,0,5,4,51" ten="308,163,181,348" oya="0" hai0="72,45,60,7,91,16,66,119,125,124,85,118,88" hai1="103,133,110,25,92,64,4,12,5,3,78,43,93" hai2="117,122,20,37,129,73,128,35,42,22,76,28,44" hai3="0,97,18,14,123,65,131,29,126,100,70,27,77"/><T15/><D72/><U111/><E12/><V53/><F122/><W99/><G0/><T102/><D102/><U130/><E25/><V86/><F73/><W17/><G123/><T57/><D7/><U50/><E50/><V56/><F117/><W48/><G126/><N who="0" m="48747" /><D45/><U23/><E23/><V75/><F75/><W132/><G100/><T87/><D87/><U39/><E103/><V1/><F1/><W68/><G97/><T83/><D91/><U94/><E5/><V30/><F35/><W134/><G99/><T26/><D26/><U13/><E4/><V80/><F22/><AGARI ba="1,0" hai="15,16,22,57,60,66,83,85,88,118,119" m="48747" machi="22" ten="30,5800,0" yaku="18,1,54,2" doraHai="51" who="0" fromWho="2" sc="308,61,163,0,181,-61,348,0" /><INIT seed="4,2,0,0,4,81" ten="369,163,120,348" oya="0" hai0="8,115,60,63,121,92,21,68,13,15,62,40,97" hai1="6,49,103,73,7,26,30,23,17,107,128,44,79" hai2="43,113,118,132,29,66,22,24,110,58,70,11,122" hai3="0,95,2,116,86,127,16,109,104,10,19,106,75"/><T51/><D68/><U52/><E128/><V50/><F70/><W114/><G109/><T76/><D121/><U31/><E73/><V105/><F105/><W36/><G75/><T56/><D115/><U33/><E79/><V78/><F110/><W65/><G36/><T67/><D67/><U14/><REACH who="1" step="1"/><E31/><REACH who="1" ten="369,153,120,348" step="2"/><V80/><F122/><W71/><G114/><T39/><D76/><U59/><E59/><V72/><F113/><W3/><G71/><T35/><D56/><U9/><E9/><V123/><F123/><W48/><G10/><T41/><D8/><U100/><E100/><V45/><F118/><W98/><G116/><T117/><D117/><U37/><E37/><V18/><F11/><W91/><G127/><T28/><D39/><U130/><E130/><V69/><F69/><W101/><G106/><T61/><D28/><U12/><E12/><V94/><F29/><W77/><G77/><T111/><D15/><U112/><E112/><V32/><F72/><W89/><G91/><T5/><D13/><U99/><AGARI ba="2,1" hai="6,7,14,17,23,26,30,33,44,49,52,99,103,107" machi="99" ten="30,4000,0" yaku="1,1,0,1,54,1,53,0" doraHai="81" doraHaiUra="82" who="1" fromWho="1" sc="369,-22,153,56,120,-12,348,-12" /><INIT seed="5,0,0,4,0,124" ten="347,209,108,336" oya="1" hai0="91,130,52,129,37,133,23,1,102,127,85,118,134" hai1="8,3,106,16,92,88,109,58,32,14,116,5,71" hai2="105,11,47,119,9,18,69,126,112,4,115,55,110" hai3="98,15,125,29,121,36,89,53,75,49,73,78,128"/><U54/><E71/><V93/><F105/><W80/><G121/><T44/><D118/><U86/><E116/><V24/><F69/><W117/><G36/><T123/><D123/><U96/><E32/><V97/><F119/><W27/><G125/><T19/><D1/><U113/><E113/><N who="2" m="43595" /><F126/><W101/><G73/><T25/><D102/><U40/><E40/><V33/><F110/><W79/><G79/><T131/><D127/><U56/><E109/><V87/><F87/><W84/><G15/><T132/><D52/><U66/><E66/><V10/><F47/><W122/><G122/><T12/><D25/><U82/><E106/><V103/><F55/><W42/><G42/><N who="0" m="22607" /><D134/><U57/><E54/><V64/><F64/><W17/><G53/><T38/><D38/><U26/><E26/><V7/><F18/><W90/><G17/><T13/><D13/><U39/><E39/><V65/><F65/><W30/><G27/><T111/><D111/><U34/><E57/><V76/><F76/><W2/><G49/><T108/><D108/><U50/><E50/><V100/><F100/><W70/><G101/><T81/><AGARI ba="0,0" hai="12,19,23,81,85,91,129,130,131,132,133" m="22607" machi="81" ten="40,8000,1" yaku="19,1,52,3" doraHai="124" who="0" fromWho="0" sc="347,80,209,-40,108,-20,336,-20" /><INIT seed="6,0,0,5,4,109" ten="427,169,88,316" oya="2" hai0="123,119,124,108,5,75,40,1,104,0,42,65,54" hai1="48,49,56,105,128,3,78,88,6,43,92,45,131" hai2="64,76,102,126,32,110,116,61,97,58,132,47,27" hai3="101,12,90,127,38,117,30,74,20,19,121,68,37"/><V28/><F116/><W17/><G121/><T16/><D104/><U50/><E105/><V24/><F110/><W46/><G68/><T73/><D54/><U66/><E78/><V103/><F132/><W106/><G74/><T87/><D87/><U118/><E118/><V51/><F76/><W100/><G30/><T81/><D5/><U84/><E6/><V79/><F79/><W9/><G106/><T10/><D81/><U44/><E3/><V22/><F97/><W111/><G111/><T120/><D108/><U39/><E45/><V99/><F99/><W134/><G46/><T29/><D29/><U52/><REACH who="1" step="1"/><E66/><REACH who="1" ten="427,159,88,316" step="2"/><V4/><F4/><W89/><G117/><T23/><D119/><U15/><E15/><V130/><F130/><AGARI ba="0,1" hai="39,43,44,48,49,50,52,56,84,88,92,128,130,131" machi="130" ten="40,8000,1" yaku="1,1,19,1,54,2,53,0" doraHai="109" doraHaiUra="77" who="1" fromWho="2" sc="427,0,159,90,88,-80,316,0" /><INIT seed="7,0,0,2,4,2" ten="427,249,8,316" oya="3" hai0="63,64,98,96,100,8,40,127,122,50,133,23,110" hai1="116,123,55,97,82,33,109,81,35,83,78,26,62" hai2="22,10,17,104,58,28,115,103,0,53,134,131,112" hai3="1,13,121,6,36,77,89,39,76,80,56,87,106"/><W52/><G121/><T85/><D110/><U108/><E123/><V92/><F28/><W47/><G106/><T51/><D122/><U45/><E116/><V118/><F104/><W42/><G1/><T20/><D127/><U128/><E128/><V73/><F118/><W57/><G36/><T130/><D130/><U14/><E35/><V79/><F131/><W126/><G126/><T91/><D8/><U68/><E33/><V88/><F134/><W90/><G56/><T132/><D40/><U67/><E26/><V61/><F103/><W30/><G30/><T3/><D3/><U32/><E32/><V15/><F79/><W19/><G77/><T94/><D96/><U54/><E97/><V7/><F73/><W113/><G113/><T38/><D38/><U93/><E93/><V60/><F115/><W66/><G66/><T5/><D5/><U117/><E117/><V44/><F112/><W70/><G70/><N who="0" m="42271" /><D51/><U37/><E78/><V29/><F29/><W111/><G111/><T135/><D50/><U12/><E109/><V86/><F44/><W34/><G34/><T84/><D84/><U21/><E108/><V24/><F0/><W43/><G42/><T120/><D120/><U18/><E37/><V71/><F71/><W27/><G27/><T129/><D129/><U4/><REACH who="1" step="1"/><E45/><REACH who="1" ten="427,239,8,316" step="2"/><V125/><F125/><W95/><G95/><AGARI ba="0,1" hai="20,23,85,91,94,95,98,100,132,133,135" m="42271" machi="95" ten="30,1000,0" yaku="20,1" doraHai="2" who="0" fromWho="3" sc="427,20,239,0,8,0,316,-10" owari="447,54.0,239,-16.0,8,-49.0,306,11.0" /></mjloggm>