<mjloggm ver="2.3"><GO type="169" lobby="0"/><UN n0="%E3%82%A6%E3%83%AB%E3%83%88%E3%83%A9%E7%AB%8B%E7%9B%B4" n1="%7A%6F%6F%31%39%36%34" n2="%E3%83%A9%E3%82%AD%E3%83%A9%E3%82%AD" n3="%E6%A9%98%E3%81%82%E3%82%8A%E3%81%99" dan="18,16,16,17" rate="2262.82,2077.95,2092.17,2167.42" sx="M,M,M,F"/><TAIKYOKU oya="0"/><INIT seed="0,0,0,3,1,27" ten="250,250,250,250" oya="0" hai0="62,69,54,130,114,132,115,34,128,87,126,94,51" hai1="78,33,9,86,112,84,119,129,10,77,60,102,43" hai2="127,2,22,1,29,26,59,16,46,125,12,83,120" hai3="116,74,118,71,50,15,121,41,89,101,91,19,63"/><T113/><D34/><U8/><E119/><V13/><F120/><W103/><G74/><T37/><D87/><U104/><E129/><N who="0" m="49769" /><D94/><U109/><E112/><V93/><F46/><W75/><G75/><T58/><D37/><U99/><E33/><V30/><F83/><W20/><G91/><T95/><D95/><U47/><E86/><V92/><F59/><W21/><G89/><T124/><D132/><U97/><E97/><V64/><F64/><AGARI ba="0,0" hai="51,54,58,62,64,69,113,114,115,124,126" m="49769" machi="64" ten="40,7700,0" yaku="19,1,34,2" doraHai="27" who="0" fromWho="2" sc="250,77,250,0,250,-77,250,0" /><INIT seed="0,1,0,5,0,31" ten="327,250,173,250" oya="0" hai0="47,117,123,71,20,9,42,36,19,10,103,59,129" hai1="8,84,24,57,6,2,92,97,108,110,122,14,27" hai2="7,64,52,0,100,48,116,61,75,85,58,72,13" hai3="65,54,109,98,50,76,29,11,68,87,37,101,91"/><T53/><D117/><U15/><E84/><V131/><F116/><W83/><G37/><T124/><D123/><U128/><E57/><V26/><F131/><W113/><G113/><T99/><D71/><U104/><E104/><V79/><F0/><W86/><G109/><N who="1" m="42090" /><E122/><V80/><F100/><W125/><G125/><T56/><D129/><U38/><E38/><V78/><F78/><W134/><G134/><T94/><D124/><U106/><E106/><V35/><F7/><W88/><G29/><T4/><D4/><U133/><E128/><V25/><F13/><N who="1" m="4617" /><E133/><V127/><F127/><W89/><G11/><T105/><D105/><U43/><E43/><V126/><F126/><W74/><G65/><T41/><D41/><U23/><E23/><V3/><F3/><W111/><G68/><T90/><D59/><U55/><E55/><V115/><F115/><W102/><G111/><T119/><D119/><U17/><E17/><V95/><F35/><W46/><REACH who="3" step="1"/><G102/><AGARI ba="1,0" hai="2,6,8,24,27,92,97,102" m="4617,42090" machi="102" ten="30,1000,0" yaku="14,1" doraHai="31" who="1" fromWho="3" sc="327,0,250,13,173,0,250,-13" /><INIT seed="1,0,0,5,3,40" ten="327,263,173,237" oya="1" hai0="6,131,64,98,65,67,52,30,125,132,116,29,72" hai1="122,19,107,118,86,95,11,128,130,16,33,71,39" hai2="3,103,120,38,88,63,54,134,0,23,34,12,18" hai3="123,75,99,32,62,92,26,37,77,104,35,84,47"/><U45/><E107/><V8/><F120/><W112/><G112/><T2/><D72/><U85/><E118/><V15/><F134/><W17/><G123/><T69/><D116/><U36/><E71/><V21/><F34/><W113/><G113/><T13/><D2/><U90/><E33/><V105/><F38/><W60/><G75/><T115/><D69/><U111/><E122/><V55/><F103/><W66/><G104/><T70/><D70/><U25/><E111/><V76/><F105/><W56/><G62/><T117/><D125/><U101/><E101/><V127/><F76/><W7/><G7/><T100/><D131/><N who="1" m="50219" /><E86/><V74/><F74/><W79/><G84/><T119/><D132/><U53/><E11/><V94/><F127/><W50/><G37/><N who="1" m="14410" /><E25/><V89/><F63/><W114/><G32/><T81/><D115/><U61/><E61/><V108/><F108/><W87/><G87/><T27/><D27/><U102/><E102/><V121/><F121/><W28/><G114/><T96/><D100/><U126/><E126/><V46/><F8/><W41/><REACH who="3" step="1"/><G17/><REACH who="3" ten="327,263,173,227" step="2"/><T44/><D119/><U83/><E95/><V24/><F94/><W93/><G93/><T68/><D117/><U58/><E19/><V135/><F18/><W10/><G10/><T91/><D6/><U51/><E16/><V43/><F135/><W4/><G4/><T124/><D124/><U31/><E31/><V78/><F23/><W109/><G109/><T73/><D30/><U48/><E48/><V129/><F21/><W97/><G97/><N who="0" m="37483" /><D29/><U82/><E83/><V49/><F129/><RYUUKYOKU ba="0,1" sc="327,-15,263,15,173,-15,227,15" hai1="45,51,53,58,82,85,90" hai3="26,28,35,41,47,50,56,60,66,77,79,92,99" /><INIT seed="1,1,1,0,5,75" ten="312,278,158,242" oya="1" hai0="11,1,73,125,17,123,7,9,103,113,124,55,25" hai1="60,126,10,130,62,66,5,63,38,0,121,82,49" hai2="29,40,133,50,84,21,109,96,100,68,31,57,106" hai3="93,132,119,59,115,101,127,16,47,76,128,8,74"/><U111/><E38/><V112/><F68/><W53/><G115/><T43/><D73/><U114/><E121/><V2/><F2/><W48/><G128/><T107/><D43/><U54/><E114/><V45/><F112/><W98/><G127/><T102/><D113/><U37/><E37/><V117/><F117/><W70/><G70/><T91/><D123/><U52/><E130/><V104/><F109/><W64/><G132/><T86/><D55/><U30/><E126/><N who="0" m="48745" /><D107/><U58/><E111/><V35/><F35/><W81/><G119/><T108/><D108/><U99/><E30/><V6/><F106/><W134/><G134/><T95/><D25/><U97/><E66/><V44/><F133/><W18/><REACH who="3" step="1"/><G8/><REACH who="3" ten="312,278,158,232" step="2"/><T83/><D11/><U77/><REACH who="1" step="1"/><E54/><REACH who="1" ten="312,268,158,232" step="2"/><V46/><F40/><W131/><G131/><T61/><D9/><U90/><E90/><V51/><F29/><W67/><G67/><T3/><D91/><U69/><E69/><V24/><F31/><W39/><G39/><T15/><D102/><U129/><E129/><V42/><F100/><W72/><G72/><AGARI ba="1,3" hai="0,5,10,49,52,58,60,62,63,72,77,82,97,99" machi="72" ten="40,7700,0" yaku="1,1,52,1,54,1,53,0" doraHai="75" doraHaiUra="22" who="1" fromWho="3" sc="312,0,268,110,158,0,232,-80" /><INIT seed="1,2,0,0,4,25" ten="312,378,158,152" oya="1" hai0="20,62,7,36,59,34,41,101,110,1,127,23,93" hai1="38,29,32,33,108,134,107,61,21,49,11,133,73" hai2="135,50,118,89,112,17,97,5,27,80,120,84,98" hai3="103,58,31,74,102,22,55,114,109,42,96,54,125"/><U122/><E122/><V117/><F120/><W69/><G74/><T83/><D34/><U24/><E38/><V52/><F112/><W116/><G114/><T126/><D110/><U8/><E107/><V104/><F135/><N who="1" m="51721" /><E73/><V128/><F128/><W39/><G69/><T113/><D113/><U43/><E61/><V15/><F5/><W90/><G109/><T63/><D63/><U48/><E108/><V85/><F85/><W19/><G125/><T53/><D83/><U65/><E65/><V68/><F68/><W9/><G116/><T18/><D41/><U111/><E111/><V132/><F132/><W88/><G42/><T28/><D36/><U4/><E43/><V123/><F123/><W40/><G39/><T131/><D131/><U6/><E49/><V95/><F104/><W57/><G40/><T82/><D62/><U76/><E76/><V130/><F130/><W72/><G72/><T60/><D60/><U26/><E48/><V3/><F3/><W30/><G9/><N who="1" m="3658" /><E33/><V64/><F64/><W47/><G96/><T94/><D53/><U87/><E87/><V13/><F98/><W66/><G66/><T35/><D35/><U81/><E81/><V67/><F67/><W91/><G47/><T105/><D82/><U0/><E0/><V16/><F118/><W45/><G45/><T129/><D1/><U119/><E119/><V46/><F117/><W121/><G121/><T106/><D105/><U124/><E124/><V92/><F80/><W86/><G86/><T79/><D127/><U115/><E115/><V56/><F84/><W37/><G37/><RYUUKYOKU ba="2,0" sc="312,-10,378,30,158,-10,152,-10" hai1="4,6,21,24,26,29,32" /><INIT seed="1,3,0,1,3,68" ten="302,408,148,142" oya="1" hai0="89,123,77,21,20,7,117,19,0,51,101,49,2" hai1="18,100,132,5,3,61,63,65,71,93,134,67,113" hai2="11,94,126,130,85,73,120,98,34,42,24,39,116" hai3="121,50,45,75,15,127,4,119,72,109,131,80,87"/><U27/><E113/><V129/><F116/><W125/><G119/><T46/><D117/><U48/><E48/><V32/><F120/><W88/><G109/><T13/><D123/><U52/><E5/><V62/><F73/><W23/><G121/><T135/><D135/><N who="1" m="51755" /><E3/><V103/><F126/><N who="3" m="48139" /><G131/><N who="2" m="50185" /><F62/><W30/><G30/><T91/><D7/><U16/><E27/><V53/><F53/><N who="3" m="29903" /><G23/><T54/><D0/><U108/><E52/><V115/><F115/><W58/><G58/><T35/><D2/><U9/><E9/><AGARI ba="3,0" hai="4,9,15,72,75,80,87,88" m="29903,48139" machi="9" ten="30,2000,0" yaku="18,1,54,1" doraHai="68" who="3" fromWho="1" sc="302,0,408,-29,148,0,142,29" /><INIT seed="2,0,0,5,4,22" ten="302,379,148,171" oya="2" hai0="50,71,116,78,0,32,121,88,21,118,62,105,101" hai1="23,123,43,33,25,109,93,7,24,83,106,95,9" hai2="27,65,49,61,5,94,104,18,51,81,115,40,128" hai3="13,10,77,17,8,124,107,75,87,35,85,84,113"/><V99/><F115/><W6/><G124/><T19/><D0/><U2/><E106/><V86/><F128/><W79/><G107/><T44/><D32/><U46/><E109/><V60/><F104/><W39/><G113/><T66/><D78/><U55/><E55/><V4/><F40/><W89/><G35/><T92/><D101/><U14/><E123/><V59/><F61/><W12/><G39/><T122/><D105/><U37/><E83/><V117/><F117/><N who="0" m="45162" /><D44/><U11/><E33/><V103/><F4/><W41/><G41/><T76/><D76/><N who="3" m="29257" /><G75/><T133/><D50/><U96/><E23/><N who="2" m="13815" /><F5/><W91/><AGARI ba="0,0" hai="6,8,10,12,13,17,84,85,87,89,91" m="29257" machi="91" ten="30,1100,0" yaku="8,1" doraHai="22" who="3" fromWho="3" sc="302,-3,379,-3,148,-5,171,11" /><INIT seed="3,0,0,3,1,2" ten="299,376,143,182" oya="3" hai0="76,81,19,78,47,85,118,84,80,33,40,116,133" hai1="91,92,29,77,120,121,43,49,55,52,32,42,51" hai2="62,99,13,6,132,10,82,16,96,36,25,127,131" hai3="60,110,71,103,83,38,30,44,117,5,28,56,15"/><W24/><G117/><T63/><D33/><U59/><E77/><V58/><F36/><W94/><G110/><T65/><D19/><U125/><E29/><V86/><F127/><W57/><G71/><T112/><D133/><U104/><E104/><V111/><F111/><W106/><G106/><T9/><D9/><U61/><E32/><V68/><F68/><W14/><G83/><T31/><D31/><U115/><E115/><V35/><F132/><W11/><G28/><T39/><REACH who="0" step="1"/><D112/><REACH who="0" ten="289,376,143,182" step="2"/><U128/><E125/><V66/><F35/><W74/><G30/><T22/><D22/><U1/><E1/><V89/><F131/><W134/><G134/><T102/><D102/><U45/><E128/><V109/><F109/><W88/><G103/><T41/><D41/><U93/><E42/><V53/><F66/><W73/><G24/><T70/><AGARI ba="0,1" hai="39,40,47,63,65,70,76,78,80,81,84,85,116,118" machi="70" ten="20,5200,0" yaku="1,1,0,1,7,1,9,1,53,0" doraHai="2" doraHaiUra="107" who="0" fromWho="0" sc="289,62,376,-13,143,-13,182,-26" /><INIT seed="4,0,0,3,1,112" ten="351,363,130,156" oya="0" hai0="105,0,41,134,76,81,69,32,118,17,4,60,63" hai1="61,123,127,95,7,27,15,131,77,10,98,50,65" hai2="16,42,124,31,12,62,33,55,114,126,24,109,71" hai3="38,79,28,23,94,75,49,48,108,20,135,30,104"/><T91/><D32/><U80/><E123/><V26/><F109/><W103/><G38/><T73/><D105/><U86/><E131/><V92/><F114/><W54/><G104/><T111/><D17/><U100/><E127/><N who="2" m="48683" /><F42/><W64/><G64/><N who="0" m="41095" /><D91/><U90/><E50/><V59/><F26/><W19/><G79/><T97/><D97/><U52/><E27/><V29/><F71/><W72/><G75/><T56/><D56/><N who="1" m="34951" /><E65/><V132/><F132/><W122/><G72/><T35/><D63/><U83/><E83/><V8/><F31/><W36/><G36/><T99/><D99/><U133/><E133/><V84/><F84/><W34/><G135/><T25/><D41/><U66/><E66/><V51/><F51/><W5/><G48/><T128/><D111/><U11/><E10/><V18/><F92/><W115/><G49/><T68/><D68/><U121/><E121/><V9/><F9/><W21/><G94/><T13/><D134/><U47/><E47/><V78/><F78/><AGARI ba="0,0" hai="7,11,15,77,78,80,86,90,95,98,100" m="34951" machi="78" ten="30,2000,0" yaku="8,1,54,1" doraHai="112" who="1" fromWho="2" sc="351,0,363,20,130,-20,156,0" /><INIT seed="5,0,0,3,3,41" ten="351,383,110,156" oya="1" hai0="62,125,109,86,98,68,52,99,54,75,4,94,83" hai1="23,134,113,17,13,18,129,74,22,48,116,90,67" hai2="36,19,40,80,100,44,107,120,101,34,20,126,122" hai3="106,72,1,2,42,97,16,69,35,89,53,85,103"/><U7/><E116/><V110/><F110/><W108/><G108/><T21/><D109/><U123/><E123/><V60/><F34/><W30/><G72/><T38/><D38/><U0/><E74/><V56/><F126/><W50/><G69/><T49/><D125/><U37/><E37/><V82/><F82/><W117/><G117/><T25/><D4/><U70/><E113/><V8/><F8/><W57/><G30/><T43/><D75/><U112/><E112/><V9/><F9/><W127/><G35/><T27/><D27/><U11/><E134/><V47/><F80/><W65/><G127/><T6/><D6/><U76/><E76/><V51/><F107/><W39/><G65/><T92/><D68/><U14/><E129/><V105/><F105/><W77/><G77/><N who="0" m="46447" /><D62/><U104/><E104/><V96/><F96/><N who="0" m="36906" /><D43/><U130/><E130/><V102/><F36/><W133/><G133/><T135/><D54/><U81/><E48/><V84/><F84/><W111/><G111/><T79/><D79/><U119/><E119/><V5/><F5/><W115/><G115/><T31/><D135/><U58/><E70/><V28/><F28/><W10/><G42/><T91/><D91/><U121/><E121/><V24/><REACH who="2" step="1"/><F47/><AGARI ba="0,0" hai="21,25,31,47,49,52,92,94" m="36906,46447" machi="47" ten="30,3900,0" yaku="8,1,52,1,54,1" doraHai="41" who="0" fromWho="2" sc="351,39,383,0,110,-39,156,0" /><INIT seed="6,0,0,3,1,124" ten="390,383,71,156" oya="2" hai0="83,13,126,93,53,122,0,131,42,128,1,22,45" hai1="15,78,96,118,89,47,21,33,95,39,86,123,60" hai2="57,99,114,112,107,4,23,8,94,18,27,46,102" hai3="135,85,59,14,41,132,100,61,134,24,104,111,81"/><V76/><F76/><W121/><G121/><T113/><D122/><U69/><E33/><V117/><F117/><W30/><G111/><T19/><D126/><U90/><E123/><V48/><F57/><W87/><G41/><T125/><D125/><U20/><E118/><V120/><F120/><W37/><G37/><T130/><D113/><U74/><E74/><V109/><F109/><W5/><G5/><T43/><D93/><U2/><E2/><N who="0" m="1129" /><D83/><U29/><E78/><V7/><F107/><W3/><G14/><T68/><D68/><U73/><E73/><V36/><F36/><W16/><G3/><T101/><D101/><U133/><E133/><V82/><F82/><W105/><G16/><T65/><D65/><U17/><E29/><V63/><F63/><W26/><G26/><T28/><D28/><U9/><E69/><V25/><F25/><W79/><G87/><T40/><D53/><U115/><E115/><N who="2" m="44075" /><F8/><W50/><G50/><AGARI ba="0,0" hai="13,19,22,40,42,43,45,50,128,130,131" m="1129" machi="50" ten="40,8000,1" yaku="19,1,52,3" doraHai="124" who="0" fromWho="3" sc="390,80,383,0,71,0,156,-80" /><INIT seed="7,0,0,2,1,53" ten="470,383,71,76" oya="3" hai0="104,3,44,10,63,93,16,122,0,91,30,4,50" hai1="60,88,117,18,51,54,6,56,84,19,1,75,86" hai2="27,33,65,37,42,36,21,52,99,107,114,73,120" hai3="24,124,105,77,70,22,90,129,85,57,130,20,126"/><W80/><G70/><T118/><D104/><U64/><E75/><V100/><F73/><W67/><G105/><T7/><D30/><U74/><E74/><V83/><F33/><W45/><G45/><T112/><D112/><U35/><E35/><V109/><F109/><W8/><G8/><T132/><D132/><U79/><E117/><V23/><F65/><W72/><G67/><T78/><D78/><U116/><E116/><V92/><F114/><W39/><G39/><T135/><D122/><U14/><E1/><V66/><F120/><W127/><G57/><T125/><D125/><U131/><E131/><N who="3" m="50186" /><G24/><T134/><D118/><U102/><E102/><V89/><F66/><W5/><G5/><T9/><D7/><U128/><E128/><V43/><F83/><AGARI ba="0,0" hai="20,22,72,77,80,83,85,90,124,126,127" m="50186" machi="83" ten="40,3900,0" yaku="18,1,19,1" doraHai="53" who="3" fromWho="2" sc="470,0,383,0,71,-39,76,39" /><INIT seed="7,1,0,4,0,54" ten="470,383,32,115" oya="3" hai0="32,51,0,43,96,40,27,11,130,91,111,122,105" hai1="61,101,37,30,94,60,2,5,4,118,107,85,93" hai2="132,68,92,63,133,84,129,58,65,127,17,1,87" hai3="97,114,83,103,22,28,15,119,73,55,38,14,29"/><W66/><G38/><T53/><D111/><U35/><E37/><V113/><F1/><W98/><G119/><T106/><D53/><U128/><E128/><V69/><F113/><W34/><G34/><T112/><D51/><U76/><E118/><V71/><F92/><W115/><G66/><T104/><D91/><U9/><E107/><V108/><F108/><W19/><G73/><T126/><D96/><U39/><E39/><V36/><F36/><W20/><G83/><T75/><D43/><U117/><E117/><V52/><F17/><W121/><G55/><T78/><D27/><U70/><E5/><V26/><F129/><W44/><G44/><T110/><D105/><U21/><E35/><V134/><F26/><W50/><G50/><T125/><D106/><U13/><E70/><V57/><F127/><W123/><G19/><T48/><D104/><U109/><E109/><V99/><F99/><W56/><G56/><T86/><D32/><U33/><E101/><AGARI ba="1,0" hai="14,15,20,22,28,29,97,98,101,103,114,115,121,123" machi="101" ten="25,2400,0" yaku="22,2" doraHai="54" who="3" fromWho="1" sc="470,0,383,-27,32,0,115,27" /><INIT seed="7,2,0,5,1,77" ten="470,356,32,142" oya="3" hai0="19,73,2,65,115,22,26,43,39,96,56,6,133" hai1="18,103,102,23,116,4,68,121,61,78,75,3,80" hai2="111,12,109,120,47,36,54,52,128,126,90,71,9" hai3="48,110,59,5,100,15,72,16,27,99,79,63,125"/><W17/><G125/><T89/><D73/><U58/><E121/><V93/><F120/><W55/><G110/><T62/><D115/><U13/><E68/><V50/><F71/><W91/><G72/><T94/><D133/><U20/><E116/><V83/><F126/><W87/><G79/><T33/><D33/><U57/><E3/><V38/><F128/><W45/><G27/><T74/><D74/><U92/><E4/><V119/><F119/><W124/><G124/><T31/><D39/><U32/><E32/><V40/><F93/><N who="3" m="58479" /><G5/><T51/><D2/><U30/><E58/><V114/><F114/><W104/><G15/><T122/><D122/><U108/><E108/><V113/><F113/><W60/><G60/><T24/><D6/><U64/><E30/><V97/><F38/><W117/><G104/><T35/><D35/><U69/><E23/><V46/><F54/><N who="3" m="29967" /><G117/><T29/><D26/><U130/><E130/><V49/><F97/><W70/><G70/><T42/><D42/><U76/><E76/><V1/><F1/><W81/><AGARI ba="2,0" hai="16,17,55,59,63,81,87,91" m="29967,58479" machi="81" ten="30,6000,0" yaku="8,1,52,1,54,1" doraHai="77" who="3" fromWho="3" sc="470,-22,356,-22,32,-22,142,66" /><INIT seed="7,3,0,0,1,113" ten="448,334,10,208" oya="3" hai0="21,51,86,62,7,73,75,55,61,63,25,38,66" hai1="88,58,23,82,126,121,49,99,32,42,59,30,5" hai2="52,24,53,17,123,132,40,70,89,57,105,83,47" hai3="13,107,37,12,2,19,27,45,92,115,135,50,98"/><W35/><G2/><T0/><D38/><U97/><E32/><V16/><F105/><W71/><G37/><T22/><D61/><U122/><E5/><V4/><F70/><W28/><G115/><T124/><D22/><U131/><E131/><V111/><F111/><W67/><G135/><T60/><D55/><U100/><E126/><V103/><F132/><W34/><G34/><T56/><D51/><U106/><E59/><V20/><F123/><W43/><G107/><T117/><D86/><U44/><E58/><V3/><F3/><W10/><G71/><T119/><D21/><U116/><E116/><V48/><F103/><W101/><G13/><T95/><D62/><U129/><E129/><V36/><F36/><W54/><G67/><T68/><D63/><U6/><E6/><V134/><F134/><W112/><REACH who="3" step="1"/><G112/><REACH who="3" ten="448,334,10,198" step="2"/><T93/><D66/><U1/><E1/><V74/><F4/><W77/><G77/><T87/><D68/><U33/><E33/><V85/><F74/><W39/><G39/><T108/><D75/><U110/><E122/><V104/><F104/><W81/><G81/><T72/><D73/><U18/><E121/><V125/><F125/><W64/><G64/><T90/><D72/><U79/><E82/><V130/><F130/><W94/><G94/><T133/><D93/><U65/><E65/><V102/><F102/><W76/><G76/><T80/><D124/><U120/><E100/><V96/><F96/><W11/><G11/><N who="0" m="2535" /><D133/><U127/><E99/><V128/><F128/><W109/><G109/><T69/><D108/><U29/><E97/><RYUUKYOKU ba="3,1" sc="448,-10,334,-10,10,-10,198,30" hai3="10,12,19,27,28,35,43,45,50,54,92,98,101" /><INIT seed="7,4,1,4,3,93" ten="438,324,0,228" oya="3" hai0="96,8,98,132,45,22,21,74,63,86,24,94,121" hai1="12,55,95,118,52,13,44,25,38,75,108,58,131" hai2="16,115,43,87,125,7,54,4,46,119,109,123,2" hai3="129,77,41,66,116,10,88,11,35,28,42,15,26"/><W134/><G116/><T31/><D74/><U69/><E108/><V5/><F54/><W83/><G129/><T133/><D8/><U49/><E75/><V124/><F87/><W61/><G134/><T9/><D9/><U27/><E69/><V126/><F46/><W33/><G33/><T89/><D121/><U17/><E131/><V97/><F43/><W114/><G114/><T68/><D21/><N who="1" m="11439" /><E38/><V40/><F40/><W48/><G10/><T65/><D45/><U101/><E118/><V111/><F119/><W103/><G103/><T90/><D90/><U76/><E76/><V104/><F104/><W3/><G3/><T130/><D130/><U112/><E12/><V29/><F2/><W18/><G48/><T71/><D71/><U113/><E113/><V64/><F115/><W106/><G106/><T91/><D91/><U34/><E34/><V19/><F64/><W72/><REACH who="3" step="1"/><G88/><REACH who="3" ten="438,324,0,218" step="2"/><T79/><D89/><U0/><E0/><V127/><N who="2" m="31744" /><DORA hai="122" /><V53/><F53/><W6/><G6/><T60/><D133/><U100/><E112/><V120/><F120/><W50/><G50/><T23/><D132/><U47/><E47/><V85/><F123/><W92/><G92/><T110/><D94/><U99/><E101/><V32/><F85/><W59/><AGARI ba="4,2" hai="11,15,18,26,28,35,41,42,59,61,66,72,77,83" machi="59" ten="20,12000,1" yaku="1,1,0,1,7,1,53,2" doraHai="93,122" doraHaiUra="56,14" who="3" fromWho="3" sc="438,-44,324,-44,0,-44,218,152" owari="394,49.0,280,-12.0,-44,-54.0,370,17.0" /></mjloggm>