<mjloggm ver="2.3"><GO type="169" lobby="0"/><UN n0="%E3%82%A6%E3%83%AB%E3%83%88%E3%83%A9%E7%AB%8B%E7%9B%B4" n1="%64%6F%6E%63%68%61%6E%33" n2="%E3%82%8C%E3%81%98%50" n3="%E5%85%83%E7%8F%8D" dan="17,18,16,17" rate="2166.42,2216.98,2094.06,2216.08" sx="M,M,M,M"/><TAIKYOKU oya="0"/><INIT seed="0,0,0,3,3,99" ten="250,250,250,250" oya="0" hai0="29,135,133,120,111,105,20,31,79,127,71,132,54" hai1="60,93,2,74,125,56,43,0,33,22,123,5,98" hai2="25,42,61,68,4,17,21,69,28,103,65,9,50" hai3="134,39,38,62,15,18,124,84,75,7,106,128,97"/><T49/><D120/><U116/><E116/><V13/><F42/><W8/><G75/><T77/><D71/><U51/><E33/><V96/><F50/><W122/><G122/><T34/><D34/><U85/><E74/><V55/><F55/><W10/><G134/><T57/><D105/><U102/><E125/><V59/><REACH who="2" step="1"/><F4/><REACH who="2" ten="250,250,240,250" step="2"/><W91/><G38/><T66/><D127/><U72/><E5/><V90/><F90/><W14/><G39/><T37/><D37/><U41/><E51/><V76/><F76/><N who="0" m="29258" /><D111/><U26/><E43/><V48/><F48/><W80/><G124/><T110/><D110/><U130/><E41/><V73/><F73/><W78/><G128/><T40/><D40/><U112/><E72/><V64/><F64/><W129/><G129/><T121/><D121/><U115/><E130/><V86/><F86/><W6/><G78/><T131/><D131/><U58/><E85/><V52/><F52/><W44/><G44/><T36/><D36/><U100/><E123/><V32/><F32/><W94/><G62/><N who="0" m="38223" /><D20/><U19/><E22/><V1/><F1/><W35/><G35/><T113/><D113/><U24/><E60/><V81/><F81/><W46/><G46/><AGARI ba="0,1" hai="29,31,46,49,54,132,133,135" m="38223,29258" machi="46" ten="30,1500,0" yaku="20,1" doraHai="99" who="0" fromWho="3" sc="250,25,250,0,240,0,250,-15" /><INIT seed="0,1,0,2,5,122" ten="275,250,240,235" oya="0" hai0="13,45,41,89,76,11,36,71,102,101,120,60,62" hai1="12,95,107,64,51,2,88,42,50,37,27,119,54" hai2="69,109,110,100,130,125,26,32,25,21,99,58,98" hai3="61,23,132,97,123,49,86,94,78,9,73,135,28"/><T108/><D120/><U113/><E2/><V46/><F69/><W35/><G123/><T74/><D76/><U80/><E119/><V31/><F46/><W118/><G118/><T18/><D74/><U44/><E107/><V116/><F116/><W6/><G73/><T7/><D108/><N who="2" m="41578" /><F130/><W117/><G35/><T30/><D30/><U83/><E113/><V20/><F125/><W56/><G117/><T57/><D71/><U40/><E64/><V92/><F58/><W22/><G49/><T126/><D126/><U68/><E68/><V53/><F53/><W38/><G38/><T5/><D62/><U4/><E27/><V72/><F72/><W67/><G28/><T105/><D89/><U104/><E37/><V90/><F26/><W33/><G56/><T127/><D127/><U96/><E42/><V52/><F52/><W124/><G61/><T134/><D134/><U91/><E44/><V121/><F121/><W133/><G124/><T14/><D57/><U70/><E54/><V24/><F24/><W15/><G67/><T29/><D60/><U8/><E70/><V81/><F81/><W3/><G133/><T10/><D45/><U0/><E40/><V39/><F39/><W43/><G43/><T114/><D41/><U66/><E80/><V16/><F16/><W112/><G135/><T65/><D18/><U131/><E83/><V75/><F75/><W47/><G47/><T17/><D36/><U129/><E131/><V55/><F55/><W84/><G132/><T93/><D17/><U1/><E129/><V128/><F128/><W115/><G115/><RYUUKYOKU ba="1,0" sc="275,-10,250,-10,240,30,235,-10" hai2="20,21,25,31,32,90,92,98,99,100" /><INIT seed="1,2,0,3,3,2" ten="265,240,270,225" oya="1" hai0="125,115,78,14,47,107,113,61,74,55,20,19,91" hai1="29,111,99,21,28,95,123,38,101,30,46,88,56" hai2="60,121,15,85,117,119,100,92,70,36,53,33,39" hai3="5,66,97,94,126,6,104,8,83,68,42,23,59"/><U22/><E123/><V25/><F121/><W108/><G68/><T106/><D78/><U51/><E111/><V31/><F39/><W24/><G104/><T122/><D74/><U34/><E34/><V41/><F41/><W120/><G120/><T12/><D122/><U90/><E38/><V7/><F36/><W64/><G108/><T81/><D125/><U26/><E56/><V82/><F92/><W67/><G126/><T63/><D91/><U49/><E49/><V103/><F117/><W105/><G105/><T130/><D20/><U52/><REACH who="1" step="1"/><E22/><REACH who="1" ten="265,230,270,225" step="2"/><V73/><F33/><W65/><G59/><T35/><D35/><U134/><E134/><V0/><F70/><W93/><G23/><T112/><D112/><U127/><E127/><V69/><F69/><W40/><G67/><T45/><D115/><U87/><E87/><V10/><F85/><W58/><G58/><T96/><D113/><U16/><AGARI ba="2,1" hai="16,21,26,28,29,30,46,51,52,88,90,95,99,101" machi="16" ten="30,18000,2" yaku="1,1,0,1,8,1,54,3,53,0" doraHai="2" doraHaiUra="76" who="1" fromWho="1" sc="265,-62,230,196,270,-62,225,-62" /><INIT seed="1,3,0,3,2,15" ten="203,426,208,163" oya="1" hai0="125,131,53,18,63,104,24,35,109,26,14,88,0" hai1="11,56,132,12,57,112,45,17,8,65,70,55,133" hai2="62,9,10,38,60,115,117,54,127,64,33,6,13" hai3="3,66,51,80,120,116,49,128,84,114,27,76,48"/><U92/><E112/><V73/><F117/><W68/><G114/><T113/><D0/><U82/><E82/><V44/><F127/><W58/><G120/><T61/><D104/><U98/><E70/><V95/><F33/><W134/><G68/><T19/><D35/><U77/><E77/><V4/><F73/><W96/><G3/><T32/><D32/><U126/><E126/><V79/><F79/><W121/><G121/><T41/><D113/><U108/><E108/><V124/><F124/><W102/><G116/><T87/><D41/><U43/><E65/><V107/><F107/><W16/><G134/><N who="1" m="51818" /><E8/><V28/><F28/><W39/><G39/><T20/><D109/><U110/><E55/><V29/><F29/><W105/><G128/><T67/><D125/><U99/><E110/><V21/><F21/><W52/><REACH who="3" step="1"/><G66/><REACH who="3" ten="203,426,208,153" step="2"/><T71/><D131/><U100/><E99/><V1/><F64/><W2/><G2/><T111/><D111/><U22/><E22/><AGARI ba="3,1" hai="16,22,27,48,49,51,52,58,76,80,84,96,102,105" machi="22" ten="40,8000,1" yaku="1,1,52,1,54,2,53,0" doraHai="15" doraHaiUra="40" who="3" fromWho="1" sc="203,0,426,-89,208,0,153,99" /><INIT seed="2,0,0,1,0,117" ten="203,337,208,252" oya="2" hai0="37,111,29,92,109,72,32,49,15,129,22,43,35" hai1="78,45,50,100,14,70,87,23,21,31,39,106,79" hai2="120,48,25,131,122,101,64,10,132,133,91,8,76" hai3="19,52,18,55,47,41,95,0,130,53,105,118,7"/><V121/><F131/><W67/><G105/><T57/><D37/><U104/><E39/><V38/><F38/><W82/><G118/><T119/><D72/><U13/><E70/><V58/><F101/><W69/><G130/><T86/><D129/><U59/><E59/><V125/><F125/><W36/><G95/><T135/><D119/><U46/><E87/><V99/><F76/><W74/><G67/><T110/><D135/><N who="2" m="51786" /><F25/><W1/><G69/><T113/><D113/><U42/><E100/><V60/><F48/><W4/><G4/><T65/><D65/><U30/><E50/><V107/><F107/><W75/><G75/><T90/><D29/><U2/><E42/><V127/><F127/><W96/><G96/><T24/><D24/><U116/><E116/><V9/><F9/><N who="3" m="2279" /><G1/><AGARI ba="0,0" hai="1,2,13,14,21,23,30,31,45,46,78,79,104,106" machi="1" ten="25,1600,0" yaku="22,2" doraHai="117" who="1" fromWho="3" sc="203,0,337,16,208,0,252,-16" /><INIT seed="3,0,0,4,4,92" ten="203,353,208,236" oya="3" hai0="42,119,27,66,3,74,52,99,75,48,14,86,7" hai1="1,63,24,121,57,81,41,5,101,110,106,113,33" hai2="120,18,25,95,85,55,80,22,26,51,54,36,108" hai3="23,131,116,135,90,20,94,78,130,104,17,97,8"/><W19/><G116/><T35/><D3/><U105/><E113/><V100/><F108/><W73/><G135/><T49/><D119/><U112/><E112/><V128/><F128/><N who="3" m="49195" /><G104/><T59/><D66/><U129/><E41/><V38/><F120/><W79/><G8/><T60/><D86/><U91/><E5/><V124/><F124/><W87/><G73/><T122/><D122/><U56/><E1/><V76/><F26/><N who="3" m="14607" /><G87/><T9/><D35/><U123/><E33/><V118/><F118/><W115/><G115/><T62/><D27/><AGARI ba="0,0" hai="19,23,27,78,79,90,94,97" m="14607,49195" machi="27" ten="30,2900,0" yaku="19,1,52,1" doraHai="92" who="3" fromWho="0" sc="203,-29,353,0,208,0,236,29" /><INIT seed="3,1,0,3,5,134" ten="174,353,208,265" oya="3" hai0="126,15,2,54,70,90,119,133,87,21,11,115,35" hai1="60,104,97,76,71,50,63,53,69,9,3,4,64" hai2="94,47,135,116,93,7,123,45,78,10,12,18,107" hai3="0,38,55,33,31,51,43,46,128,39,83,129,84"/><W58/><G0/><T8/><D70/><U99/><E76/><V25/><F135/><W13/><G13/><T86/><D119/><U109/><E109/><V32/><F116/><W118/><G118/><T23/><D35/><U81/><E81/><V112/><F112/><W91/><REACH who="3" step="1"/><G39/><REACH who="3" ten="174,353,208,255" step="2"/><T5/><D133/><U124/><E3/><V100/><F12/><W20/><G20/><T37/><D37/><U68/><E9/><V36/><F10/><W28/><G28/><T24/><D115/><U106/><E4/><V98/><F7/><W102/><G102/><T103/><D103/><U74/><E104/><V56/><F107/><W117/><G117/><T89/><D11/><U127/><E106/><V95/><F36/><W88/><G88/><T125/><D2/><U75/><E68/><V59/><F32/><W26/><AGARI ba="1,1" hai="26,31,33,38,43,46,51,55,58,83,84,91,128,129" machi="26" ten="30,6000,0" yaku="1,1,0,1,53,1" doraHai="134" doraHaiUra="79" who="3" fromWho="3" sc="174,-21,353,-21,208,-21,255,73" /><INIT seed="3,2,0,4,1,41" ten="153,332,187,328" oya="3" hai0="113,8,38,92,88,31,19,126,33,125,95,129,64" hai1="102,46,96,7,86,111,18,134,114,77,47,108,59" hai2="29,24,93,54,117,97,75,90,101,3,27,39,9" hai3="105,68,1,99,4,43,12,56,50,21,23,63,55"/><W135/><G1/><T58/><D38/><U51/><E114/><V104/><F117/><W70/><G135/><T13/><D113/><U133/><E7/><V62/><F39/><W20/><G4/><T61/><D129/><U103/><E18/><V30/><F75/><W80/><G12/><T26/><REACH who="0" step="1"/><D95/><REACH who="0" ten="143,332,187,328" step="2"/><U42/><E134/><V78/><F93/><W115/><G115/><T127/><D127/><U49/><E133/><V22/><F104/><W106/><G106/><T53/><D53/><U66/><E111/><V65/><F54/><W83/><G105/><T10/><D10/><U2/><E108/><V98/><F9/><W0/><G99/><AGARI ba="2,1" hai="8,13,19,26,31,33,58,61,64,88,92,99,125,126" machi="99" ten="40,2600,0" yaku="1,1,54,1,53,0" doraHai="41" doraHaiUra="37" who="0" fromWho="3" sc="143,42,332,0,187,0,328,-32" /><INIT seed="4,0,0,4,0,99" ten="185,332,187,296" oya="0" hai0="70,51,106,135,66,27,90,105,87,121,75,14,11" hai1="77,54,22,1,113,91,52,3,98,12,88,132,131" hai2="24,18,129,35,115,103,127,73,36,9,67,32,62" hai3="69,6,63,21,8,71,20,45,74,133,117,128,64"/><T19/><D75/><U85/><E132/><V17/><F73/><W4/><G117/><T26/><D121/><U108/><E108/><V122/><F36/><W40/><G133/><T80/><D135/><U5/><E131/><V110/><F110/><W41/><G128/><T68/><D106/><U104/><E113/><V60/><F129/><W44/><G74/><T49/><D105/><U30/><E77/><V83/><F127/><W13/><G71/><T76/><D76/><U93/><E1/><V48/><F115/><W81/><G6/><T55/><D51/><U97/><E3/><V119/><F48/><W15/><G15/><T109/><D109/><U82/><E30/><V0/><F83/><W58/><G69/><T92/><D92/><N who="1" m="56455" /><E104/><V28/><F28/><W37/><REACH who="3" step="1"/><G81/><REACH who="3" ten="185,332,187,286" step="2"/><T29/><D66/><U47/><E47/><V38/><F67/><W102/><G102/><T31/><D27/><U125/><E125/><V50/><F24/><W7/><G7/><T134/><D134/><U101/><E5/><V89/><F119/><W120/><G120/><T126/><D126/><U10/><E10/><V43/><F9/><W130/><G130/><T96/><D70/><U84/><E84/><V61/><F122/><W116/><G116/><T57/><D68/><U111/><E111/><V2/><F2/><W79/><G79/><N who="0" m="46495" /><D26/><U107/><E107/><V34/><F0/><W100/><G100/><T33/><D33/><U86/><E86/><V25/><F35/><W16/><G16/><AGARI ba="0,1" hai="12,16,22,52,54,82,85,91,93,98,101" m="56455" machi="16" ten="30,8000,1" yaku="8,1,52,1,54,3" doraHai="99" who="1" fromWho="3" sc="185,0,332,90,187,0,286,-80" /><INIT seed="5,0,0,4,2,79" ten="185,422,187,206" oya="1" hai0="80,32,40,46,8,77,18,4,20,64,30,57,43" hai1="70,1,63,107,84,54,38,126,37,74,34,7,42" hai2="101,109,120,99,49,15,65,102,73,117,67,21,124" hai3="116,83,25,87,14,111,6,105,72,50,90,104,86"/><U28/><E84/><V95/><F117/><W56/><G111/><T123/><D123/><U24/><E54/><V3/><F3/><W114/><G72/><T92/><D32/><U12/><E12/><V53/><F124/><W26/><G114/><T61/><D30/><U118/><E118/><V96/><F73/><W93/><G116/><T11/><D92/><U52/><E52/><V82/><F82/><W131/><G131/><T59/><D59/><U106/><E74/><V2/><F2/><W9/><G105/><T29/><D29/><U91/><E91/><V98/><F120/><W68/><G68/><T78/><D4/><U5/><E5/><V97/><F109/><W48/><G104/><T115/><D78/><U47/><E38/><V62/><F102/><W103/><G103/><T13/><D115/><U23/><E23/><V81/><F81/><W0/><G0/><T110/><D110/><U112/><E126/><V130/><F98/><W89/><G56/><T31/><D31/><U55/><E55/><V100/><F99/><W45/><G50/><N who="0" m="26951" /><D43/><AGARI ba="0,0" hai="6,9,14,25,26,43,45,48,83,86,87,89,90,93" machi="43" ten="30,3900,0" yaku="7,1,8,1,52,1" doraHai="79" who="3" fromWho="0" sc="185,-39,422,0,187,0,206,39" /><INIT seed="6,0,0,1,4,15" ten="146,422,187,245" oya="2" hai0="73,121,106,128,89,22,56,2,74,9,35,19,78" hai1="110,119,126,76,36,18,68,105,27,123,13,124,102" hai2="8,92,55,125,100,14,131,25,98,129,77,28,90" hai3="12,134,113,114,59,46,96,82,112,71,107,80,39"/><V72/><F125/><W81/><G71/><T69/><D69/><U5/><E76/><V91/><F77/><W23/><G134/><T4/><D106/><U34/><E102/><V31/><F72/><W51/><G39/><T58/><D121/><U16/><E68/><V130/><F55/><W127/><G127/><N who="1" m="48682" /><E36/><V20/><REACH who="2" step="1"/><F31/><REACH who="2" ten="146,422,177,245" step="2"/><W40/><G114/><T44/><D78/><U41/><E123/><V104/><F104/><W11/><G107/><T108/><D74/><U24/><E105/><V118/><F118/><W6/><G113/><T111/><D73/><U53/><E53/><V47/><F47/><W64/><G112/><T65/><D44/><U109/><E119/><V48/><F48/><W49/><G49/><T33/><D111/><U88/><E110/><V30/><F30/><W99/><G23/><T57/><D108/><U116/><E109/><V101/><F101/><W132/><G132/><T70/><D128/><U29/><E116/><V21/><F21/><W38/><G38/><T94/><D65/><U85/><E29/><V66/><F66/><W0/><G0/><T10/><D10/><U97/><E41/><V1/><F1/><W42/><G40/><T60/><D60/><AGARI ba="0,1" hai="6,11,12,42,46,51,59,60,64,80,81,82,96,99" machi="60" ten="40,1300,0" yaku="8,1" doraHai="15" who="3" fromWho="0" sc="146,-13,422,0,177,0,245,23" /><INIT seed="7,0,0,1,5,6" ten="133,422,177,268" oya="3" hai0="63,22,82,66,7,113,127,44,40,81,48,51,16" hai1="0,69,39,9,8,112,97,62,123,90,46,21,15" hai2="18,110,125,126,58,71,101,79,27,59,34,93,11" hai3="120,99,118,100,4,10,86,23,108,96,89,105,2"/><W14/><G118/><T109/><D109/><U133/><E123/><V80/><F71/><W77/><G120/><T13/><D127/><N who="2" m="48650" /><F110/><W36/><G108/><T76/><D113/><U45/><E46/><V37/><F37/><W83/><G36/><T119/><D119/><U75/><E21/><N who="2" m="13751" /><F34/><W106/><G23/><T130/><D130/><U54/><E90/><V49/><F11/><W87/><G2/><T24/><D51/><U122/><E54/><V31/><F31/><W29/><G29/><T35/><D76/><U26/><E62/><V85/><F49/><W38/><G38/><T115/><D115/><U20/><E97/><AGARI ba="0,0" hai="58,59,79,80,85,93,97,101" m="13751,48650" machi="97" ten="30,1000,0" yaku="18,1" doraHai="6" who="2" fromWho="1" sc="133,0,422,-10,177,10,268,0" owari="133,-37.0,412,51.0,187,-21.0,268,7.0" /></mjloggm>