<mjloggm ver="2.3"><GO type="225" lobby="0"/><UN n0="%28%2A%C2%B4%33%EF%BD%80%2A%29" n1="%E3%82%A6%E3%83%AB%E3%83%88%E3%83%A9%E7%AB%8B%E7%9B%B4" n2="%E7%99%BD%E9%B9%BF%E6%84%9B%E8%8E%89" n3="%E3%82%A6%E3%82%A3%E3%83%B3%44" dan="16,17,17,17" rate="2072.87,2114.42,2176.42,2153.08" sx="F,M,F,M"/><TAIKYOKU oya="0"/><INIT seed="0,0,0,0,5,18" ten="250,250,250,250" oya="0" hai0="51,61,72,81,48,6,122,10,88,134,64,29,28" hai1="50,120,69,56,65,129,31,86,123,94,126,113,0" hai2="57,92,80,131,84,13,130,108,112,132,47,87,27" hai3="42,4,103,79,107,21,14,37,74,11,15,59,82"/><T133/><D122/><U76/><E31/><N who="0" m="11849" /><D72/><U16/><E86/><V77/><F27/><W49/><G37/><T58/><D51/><U43/><E94/><V20/><F112/><W8/><G107/><T124/><D124/><U85/><E16/><N who="2" m="10255" /><F108/><W78/><G103/><T45/><D45/><U75/><E85/><N who="2" m="48271" /><F132/><N who="0" m="50794" /><D48/><U46/><E50/><V35/><F35/><W30/><G79/><T55/><D81/><U3/><E76/><V73/><F73/><W63/><G82/><T34/><D34/><U125/><E75/><V119/><F47/><W39/><G78/><T68/><D68/><U110/><E46/><V24/><F119/><W32/><G32/><T115/><D115/><U101/><E69/><V12/><F24/><W41/><G74/><T127/><D127/><U5/><E113/><V33/><F33/><W90/><G49/><T7/><D7/><U71/><E5/><V102/><F57/><W38/><G39/><T52/><D88/><U91/><E91/><V100/><F100/><W111/><G90/><T62/><D62/><U109/><E101/><V116/><F116/><W19/><G38/><T36/><D36/><U2/><E71/><V17/><F102/><W40/><G111/><T70/><D70/><U121/><E126/><V60/><F60/><W106/><G63/><T99/><D99/><U117/><E125/><V25/><F92/><W44/><G44/><T97/><D97/><U1/><E110/><V53/><F84/><W89/><G59/><T93/><D93/><U105/><N who="1" m="0" /><DORA hai="114" /><U83/><E109/><V104/><F87/><W67/><G106/><RYUUKYOKU ba="0,0" sc="250,30,250,-10,250,-10,250,-10" hai0="6,10,52,55,58,61,64" /><INIT seed="0,1,0,5,3,1" ten="280,240,240,240" oya="0" hai0="109,65,44,83,22,122,92,53,116,111,37,40,102" hai1="85,27,6,131,129,108,54,2,13,80,119,52,73" hai2="99,90,97,56,66,115,0,20,25,12,39,41,96" hai3="110,72,24,29,38,45,19,125,120,28,104,114,46"/><T55/><D116/><U127/><E73/><V51/><F0/><W67/><G114/><T16/><D122/><U84/><E2/><V106/><F115/><W49/><G49/><T5/><D65/><U91/><E119/><V118/><F118/><W124/><G104/><T15/><D83/><U133/><E108/><N who="0" m="41545" /><D5/><U123/><E123/><V134/><F134/><W69/><G72/><T94/><D94/><U100/><E100/><V35/><F35/><W82/><G110/><T43/><D43/><U31/><E85/><V9/><F39/><W112/><G112/><T18/><D18/><U17/><E6/><N who="2" m="3127" /><F106/><W132/><G132/><T57/><D57/><U101/><E101/><V14/><F41/><N who="3" m="22711" /><G46/><T135/><D135/><U3/><E133/><V61/><F14/><W126/><G120/><T33/><D33/><N who="1" m="20735" /><E3/><V4/><F4/><W36/><G36/><T77/><D77/><U117/><E117/><V87/><F51/><W89/><G67/><T8/><D8/><N who="1" m="6311" /><E127/><V98/><F98/><AGARI ba="1,0" hai="15,16,22,37,40,44,53,55,92,98,102" m="41545" machi="98" ten="30,5800,0" yaku="14,1,10,1,54,1" doraHai="1" who="0" fromWho="2" sc="280,61,240,0,240,-61,240,0" /><INIT seed="0,2,0,1,4,22" ten="341,240,179,240" oya="0" hai0="76,125,45,127,48,115,4,40,64,65,78,113,81" hai1="91,43,99,101,25,108,75,35,66,119,86,10,17" hai2="9,3,53,105,33,73,46,60,16,129,84,2,11" hai3="55,89,15,47,49,98,68,120,1,42,83,123,122"/><T102/><D4/><U5/><E75/><V29/><F73/><W23/><G1/><T63/><D102/><U72/><E72/><V87/><F105/><W109/><G68/><T92/><D92/><U94/><E119/><V61/><F129/><W133/><G109/><T104/><D104/><U38/><E108/><V77/><F77/><N who="0" m="29802" /><D81/><U117/><E117/><V82/><F82/><W103/><G133/><T118/><D118/><U21/><E66/><N who="0" m="25705" /><D63/><U14/><E35/><V90/><F90/><W56/><G83/><T112/><D48/><U69/><E69/><V97/><F97/><W111/><G111/><T57/><D57/><U110/><E110/><V80/><F80/><W37/><G89/><T44/><D40/><U131/><E131/><V134/><F46/><AGARI ba="2,0" hai="44,45,46,112,113,115,125,127" m="25705,29802" machi="46" ten="40,3900,0" yaku="28,2" doraHai="22" who="0" fromWho="2" sc="341,45,240,0,179,-45,240,0" /><INIT seed="0,3,0,1,0,61" ten="386,240,134,240" oya="0" hai0="90,20,125,28,41,44,93,59,6,55,24,99,76" hai1="45,21,120,107,132,94,58,51,12,66,38,4,87" hai2="104,75,95,7,109,36,67,53,30,1,128,123,97" hai3="83,19,56,82,124,18,84,110,63,96,29,81,89"/><T105/><D125/><U72/><E107/><V127/><F123/><W78/><G110/><T111/><D111/><U114/><E72/><V50/><F104/><W33/><G124/><T100/><D76/><U98/><E38/><V88/><F127/><W129/><G129/><T116/><D116/><U37/><E37/><V74/><F109/><W113/><G113/><T102/><D6/><U106/><E106/><V108/><F108/><W9/><G96/><T32/><D32/><U122/><E132/><V46/><F128/><W64/><G9/><T3/><D3/><U52/><E87/><V117/><F117/><W92/><REACH who="3" step="1"/><G78/><REACH who="3" ten="386,240,134,230" step="2"/><T35/><D105/><U13/><E114/><V71/><F36/><W43/><G43/><T85/><D99/><U49/><E122/><V86/><F97/><W60/><G60/><T112/><D112/><U5/><E120/><V14/><F1/><W31/><G31/><T57/><D41/><U15/><E51/><V42/><F30/><W16/><G16/><T8/><D8/><U0/><E0/><V17/><F42/><W126/><G126/><T133/><D133/><U23/><E4/><V115/><F7/><W48/><G48/><N who="0" m="29063" /><D35/><U62/><E5/><V68/><F115/><W2/><G2/><T47/><D28/><U34/><E34/><V134/><F134/><W101/><G101/><AGARI ba="3,1" hai="12,13,15,21,23,45,49,52,58,62,66,94,98,101" machi="101" ten="40,5200,0" yaku="8,1,52,1,54,1" doraHai="61" who="1" fromWho="3" sc="386,0,240,71,134,0,230,-61" /><INIT seed="1,0,0,1,5,100" ten="386,311,134,169" oya="1" hai0="21,13,104,110,31,90,115,12,46,68,93,73,59" hai1="48,129,78,62,127,34,57,111,23,65,133,98,76" hai2="117,42,3,89,77,37,58,26,116,16,131,51,61" hai3="15,50,113,86,84,45,47,123,41,97,130,106,128"/><U36/><E34/><V35/><F37/><W118/><G113/><T20/><D115/><U95/><E36/><V5/><F77/><W67/><G123/><T99/><D73/><U119/><E119/><V102/><F102/><N who="3" m="62799" /><G67/><T49/><D68/><U134/><E129/><N who="3" m="49770" /><G118/><T70/><D70/><U75/><E75/><V114/><F114/><W125/><G125/><T17/><D59/><U38/><E38/><V96/><F131/><W135/><G135/><N who="1" m="51722" /><E127/><V120/><F120/><W105/><G105/><T72/><D72/><U53/><E23/><V11/><F117/><W24/><G15/><T69/><D69/><N who="1" m="42167" /><E111/><V27/><F116/><W108/><G108/><T56/><D110/><U54/><E54/><V81/><F35/><W9/><G9/><T83/><D56/><U66/><E66/><V14/><F61/><W33/><G47/><T40/><D104/><U88/><AGARI ba="0,0" hai="48,53,57,76,78,88,95,98" m="42167,51722" machi="88" ten="30,3000,0" yaku="20,1,54,1" doraHai="100" who="1" fromWho="1" sc="386,-10,311,30,134,-10,169,-10" /><INIT seed="1,1,0,3,5,126" ten="376,341,124,159" oya="1" hai0="120,77,41,90,135,46,127,60,1,53,30,95,68" hai1="42,28,74,73,118,58,16,14,112,123,22,94,13" hai2="79,134,66,65,76,75,9,128,62,39,5,115,129" hai3="89,96,4,91,70,57,32,130,72,93,27,132,98"/><U108/><E123/><V97/><F39/><W38/><G70/><T64/><D1/><U133/><E118/><V31/><F31/><W122/><G38/><T69/><D120/><U113/><E28/><V25/><F25/><W2/><G122/><T106/><D106/><U67/><E42/><V61/><F134/><W105/><G72/><T52/><D135/><U29/><E29/><V117/><F117/><W18/><G132/><T104/><D104/><U56/><E133/><V86/><F75/><W59/><G130/><N who="2" m="50281" /><F97/><W45/><G45/><T78/><D46/><U47/><E47/><V48/><F48/><W19/><G32/><T50/><D50/><U12/><E74/><V55/><F55/><W87/><G105/><T10/><D53/><U124/><E73/><V102/><F102/><W33/><G33/><T119/><D52/><U80/><E124/><V44/><F44/><W121/><G121/><T92/><D30/><U23/><E113/><V21/><F86/><W63/><G27/><T107/><D119/><U34/><E34/><V81/><F81/><N who="3" m="49391" /><G98/><T36/><D36/><U125/><E80/><V15/><F115/><W8/><G63/><N who="2" m="24073" /><F21/><W103/><G103/><T83/><D83/><U26/><E112/><V54/><F54/><W111/><G111/><T84/><D84/><U100/><E108/><V17/><F5/><W40/><G40/><T88/><D41/><U82/><E23/><V24/><F24/><W131/><G131/><T20/><D20/><U35/><E22/><V49/><F49/><W114/><G114/><T101/><D101/><U0/><E100/><RYUUKYOKU ba="1,0" sc="376,-15,341,-15,124,15,159,15" hai2="9,15,17,65,66,76,79" hai3="2,4,8,18,19,57,59,91,93,96" /><INIT seed="2,2,0,4,1,45" ten="361,326,139,174" oya="2" hai0="91,93,109,60,42,19,84,35,37,130,132,24,117" hai1="6,59,52,95,128,89,113,53,83,43,32,76,0" hai2="64,82,38,127,44,15,74,134,102,79,48,14,11" hai3="62,40,13,77,17,67,107,100,133,119,39,65,72"/><V36/><F127/><W7/><G119/><T18/><D117/><U96/><E32/><V57/><F134/><W49/><G39/><T131/><D132/><U88/><E113/><V54/><F102/><W106/><G133/><T47/><D109/><U2/><E43/><V21/><F21/><W123/><G123/><T87/><D60/><U122/><E6/><V112/><F112/><W69/><G65/><T103/><D103/><U94/><E53/><V129/><F129/><N who="0" m="49162" /><D84/><U115/><E122/><V58/><F15/><W121/><G121/><T97/><D87/><U101/><E101/><V111/><F111/><W116/><G7/><T118/><D118/><U68/><E68/><V41/><F64/><W22/><G116/><T73/><D73/><U8/><E8/><V90/><F90/><W23/><G100/><T70/><D70/><U12/><E12/><V33/><F33/><W27/><G77/><T71/><D71/><U10/><E10/><V114/><F114/><W34/><G72/><T9/><D9/><U66/><E66/><V80/><F80/><W56/><G34/><T5/><D5/><U86/><E115/><V28/><F28/><AGARI ba="2,0" hai="18,19,24,28,35,37,42,47,91,93,97" m="49162" machi="28" ten="30,1000,0" yaku="19,1" doraHai="45" who="0" fromWho="2" sc="361,16,326,0,139,-16,174,0" /><INIT seed="3,0,0,4,4,76" ten="377,326,123,174" oya="3" hai0="89,84,44,94,86,34,61,116,83,131,23,66,26" hai1="126,71,115,33,56,69,117,96,79,120,47,29,102" hai2="75,20,90,63,8,132,62,27,113,105,40,4,36" hai3="64,37,9,24,51,70,85,103,129,87,17,107,50"/><W38/><G129/><T95/><D131/><U0/><E120/><V101/><F113/><W2/><G107/><T42/><D116/><U77/><E115/><V109/><F109/><W110/><G103/><T128/><D34/><U39/><E77/><V19/><F132/><W124/><G70/><T135/><D135/><U134/><E56/><V52/><F75/><W48/><G64/><T108/><D108/><U88/><E88/><V54/><F36/><W7/><G110/><T13/><D13/><U11/><E126/><V119/><F40/><W81/><G124/><T1/><D1/><U91/><E91/><V3/><F119/><W74/><G74/><T93/><D128/><U58/><E58/><V21/><F90/><W99/><G99/><T25/><D86/><U22/><E22/><V98/><REACH who="2" step="1"/><F21/><REACH who="2" ten="377,326,113,174" step="2"/><W35/><G38/><T111/><D111/><U78/><E134/><V100/><F100/><W97/><G37/><T59/><D23/><U92/><E117/><V18/><F18/><W57/><G17/><T55/><D42/><U104/><E104/><V15/><F15/><W5/><G35/><T6/><D6/><U60/><E71/><V45/><F45/><W31/><G7/><T114/><D114/><U67/><E47/><V10/><F10/><W80/><G9/><T72/><D72/><U127/><E39/><V121/><F121/><W41/><G5/><T14/><D14/><U68/><E68/><V28/><F28/><W49/><G31/><T46/><D46/><U32/><E29/><V106/><F106/><W133/><G133/><T112/><D112/><RYUUKYOKU ba="0,1" sc="377,15,326,-15,113,15,174,-15" hai0="25,26,44,55,59,61,66,83,84,89,93,94,95" hai2="3,4,8,19,20,27,52,54,62,63,98,101,105" owari="402,50.0,311,11.0,128,-37.0,159,-24.0" /></mjloggm>