<mjloggm ver="2.3"><GO type="169" lobby="0"/><UN n0="%E5%8D%B1%E8%84%B3%E4%B8%B8" n1="%E5%B0%B1%E6%B4%BB%E7%94%9F%40%E5%B7%9D%E6%9D%91%E8%BB%8D%E5%9B%A3" n2="%E3%83%A2%E3%83%B3%E5%90%89" n3="%E2%80%A0%E3%81%BE%E3%83%BC%E5%9D%8A%E2%80%A0" dan="17,19,16,18" rate="2181.38,2350.63,2044.89,2172.93" sx="M,M,M,M"/><TAIKYOKU oya="0"/><INIT seed="0,0,0,3,5,96" ten="250,250,250,250" oya="0" hai0="4,23,35,36,110,66,64,27,107,8,20,114,10" hai1="70,85,97,87,54,92,18,37,134,28,67,62,133" hai2="105,41,127,68,3,47,12,45,124,126,49,122,103" hai3="31,15,69,60,6,2,13,25,52,51,1,118,132"/><T16/><D36/><U40/><E28/><V50/><F3/><W89/><G118/><T65/><D114/><U7/><E7/><V9/><F122/><W77/><G132/><T135/><D35/><U90/><E54/><V46/><F68/><W55/><G77/><T109/><D135/><N who="1" m="51723" /><E18/><V80/><F80/><W106/><G106/><T48/><D4/><U94/><E92/><V56/><F56/><W95/><G69/><T91/><D107/><U81/><E81/><V5/><REACH who="2" step="1"/><F41/><REACH who="2" ten="250,250,240,250" step="2"/><W113/><G1/><T75/><D75/><U63/><E63/><V93/><F93/><W39/><G60/><T123/><D123/><U100/><E40/><V115/><F115/><W33/><G2/><T121/><D121/><U26/><E62/><V59/><F59/><W102/><G113/><T116/><D116/><U73/><E70/><V125/><N who="2" m="31744" /><DORA hai="30" /><V101/><F101/><W86/><G102/><T119/><D119/><U83/><E67/><V22/><F22/><W71/><G71/><T120/><D120/><U78/><E37/><V130/><F130/><W82/><G39/><T79/><D23/><U19/><E90/><V128/><F128/><W111/><G82/><T53/><D91/><U131/><E131/><V72/><F72/><W38/><G38/><T88/><D88/><U84/><E73/><V0/><F0/><W57/><G95/><T17/><D79/><U44/><E44/><V21/><F21/><AGARI ba="0,1" hai="19,21,26,78,83,84,85,87,94,97,100" m="51723" machi="21" ten="30,2000,0" yaku="20,1,52,1" doraHai="96,30" who="1" fromWho="2" sc="250,0,250,30,240,-20,250,0" /><INIT seed="1,0,0,4,1,30" ten="250,280,220,250" oya="1" hai0="120,69,115,22,0,48,43,70,74,98,91,37,82" hai1="107,2,130,103,88,94,76,124,100,26,86,17,14" hai2="71,108,72,18,3,63,16,45,114,81,132,62,102" hai3="52,34,65,49,28,128,54,129,89,119,68,67,101"/><U123/><E2/><V75/><F3/><W23/><G119/><T21/><D0/><U42/><E123/><V39/><F108/><W13/><G101/><T47/><D115/><U53/><E130/><N who="3" m="50282" /><G68/><T127/><D127/><U83/><E124/><V135/><F114/><W7/><G89/><T29/><D120/><U32/><E42/><N who="2" m="22751" /><F102/><W112/><G112/><T78/><D22/><U60/><E107/><V51/><F51/><W11/><G23/><T104/><D29/><U117/><E117/><V5/><F5/><W122/><G122/><T61/><D21/><N who="1" m="13615" /><E32/><V113/><F113/><W109/><G109/><T80/><D61/><N who="2" m="23050" /><F71/><W134/><G54/><T12/><D37/><U15/><E100/><V105/><F105/><W77/><G77/><T97/><D104/><U9/><E103/><V19/><F81/><W59/><G134/><AGARI ba="0,0" hai="16,18,19,72,75,132,134,135" m="23050,22751" machi="134" ten="30,2000,0" yaku="20,1,54,1" doraHai="30" who="2" fromWho="3" sc="250,0,280,0,220,20,250,-20" /><INIT seed="2,0,0,1,0,4" ten="250,280,240,230" oya="2" hai0="106,47,87,71,103,58,59,92,115,130,11,81,31" hai1="64,119,68,89,62,100,8,126,99,14,104,42,20" hai2="80,72,54,96,61,121,129,7,91,49,26,70,124" hai3="77,133,123,9,43,101,118,63,10,1,50,33,85"/><V21/><F121/><W86/><G1/><T95/><D71/><U105/><E126/><V19/><F124/><W51/><G33/><T39/><D115/><U66/><E119/><V60/><F129/><W128/><G118/><T82/><D130/><U0/><E0/><V93/><F70/><W107/><G123/><T38/><D106/><U56/><E42/><V135/><F135/><W18/><G128/><T25/><D103/><U75/><E75/><V94/><F7/><W125/><G107/><T132/><D132/><U45/><E45/><V6/><F6/><W29/><G101/><T53/><D47/><U98/><E20/><V73/><F94/><W2/><G29/><T41/><D41/><U15/><E15/><V131/><F131/><W13/><G2/><T113/><D113/><U122/><E122/><V34/><F34/><W88/><G133/><T27/><D87/><U32/><E32/><V28/><F28/><W5/><G63/><T37/><D37/><U79/><E79/><V108/><F108/><W17/><G5/><T3/><D3/><U127/><E127/><V102/><F73/><W74/><G74/><T46/><D46/><U57/><E66/><V36/><F36/><W120/><G43/><T134/><D134/><U22/><E105/><V111/><F111/><W116/><G116/><T109/><D31/><U97/><E104/><V67/><F67/><W12/><G120/><T69/><D109/><U76/><E64/><V35/><F35/><W90/><G125/><T112/><D112/><U78/><E68/><V40/><F72/><W52/><G77/><RYUUKYOKU ba="0,0" sc="250,-10,280,-10,240,-10,230,30" hai3="9,10,12,13,17,18,50,51,52,85,86,88,90" /><INIT seed="3,1,0,3,1,48" ten="240,270,230,260" oya="3" hai0="102,77,42,110,13,96,9,118,120,24,122,123,43" hai1="44,47,93,121,17,99,126,107,14,55,38,74,25" hai2="33,97,54,75,108,85,12,65,86,129,7,83,29" hai3="117,11,3,104,41,39,16,23,34,101,8,1,46"/><W89/><G117/><T27/><D118/><U52/><E107/><V50/><F75/><W103/><G34/><T127/><D127/><U70/><E70/><V67/><F33/><W130/><G130/><T81/><D110/><U78/><E121/><V35/><F108/><W37/><G89/><T6/><D43/><U18/><E38/><V125/><F125/><W88/><G39/><T91/><D91/><N who="1" m="55743" /><E74/><V135/><F35/><W30/><G30/><T28/><D28/><U71/><E71/><V60/><F29/><W114/><G114/><T56/><D56/><U31/><E78/><V106/><F135/><W109/><G109/><T116/><D116/><U80/><E80/><V134/><F134/><W21/><G21/><T36/><D42/><U61/><E61/><V51/><F60/><W100/><G104/><T111/><D36/><U112/><E112/><V132/><F50/><W40/><G40/><T124/><D124/><U49/><E14/><V69/><F69/><W119/><G119/><T98/><D111/><U72/><E72/><V131/><F132/><W10/><REACH who="3" step="1"/><G88/><REACH who="3" ten="240,270,230,250" step="2"/><T90/><D90/><U57/><E126/><V66/><F131/><W94/><G94/><T4/><D123/><U53/><E31/><V2/><F129/><W68/><G68/><T87/><D122/><U63/><E25/><AGARI ba="1,1" hai="1,3,8,10,11,16,23,25,37,41,46,100,101,103" machi="25" ten="40,7700,0" yaku="1,1,54,1,53,1" doraHai="48" doraHaiUra="19" who="3" fromWho="1" sc="240,0,270,-80,230,0,250,90" /><INIT seed="3,2,0,0,4,45" ten="240,190,230,340" oya="3" hai0="62,129,31,21,14,96,106,94,68,121,29,64,107" hai1="70,37,26,92,48,104,34,38,55,123,25,43,46" hai2="100,87,131,74,49,132,1,17,72,66,75,3,97" hai3="59,120,36,71,111,6,5,76,33,125,10,50,58"/><W63/><G120/><T54/><D121/><U115/><E104/><V60/><F132/><W126/><G33/><T95/><D129/><U84/><E123/><V15/><F131/><W23/><G36/><T118/><D118/><U116/><E115/><V24/><F87/><W93/><G71/><T69/><D69/><U65/><E34/><V80/><F80/><W103/><G76/><T85/><D31/><U41/><E116/><V83/><F83/><W82/><G82/><T67/><D67/><U57/><E41/><V114/><F24/><W4/><G10/><T110/><D110/><U18/><E18/><V109/><F109/><W102/><G111/><T8/><D29/><U101/><E38/><V77/><F77/><W124/><G93/><T51/><D21/><U90/><REACH who="1" step="1"/><E101/><REACH who="1" ten="240,180,230,340" step="2"/><V13/><F114/><W130/><G130/><T0/><D107/><U78/><E78/><V12/><F74/><W52/><REACH who="3" step="1"/><G23/><REACH who="3" ten="240,180,230,330" step="2"/><T98/><D106/><U56/><E56/><V61/><F72/><W11/><G11/><T113/><D113/><U39/><E39/><V28/><F75/><W32/><G32/><T119/><D119/><U89/><E89/><V20/><F20/><W35/><G35/><T91/><D8/><U105/><E105/><V127/><F100/><W88/><G88/><T40/><D91/><U81/><E81/><V79/><F79/><W128/><G128/><T22/><D22/><U122/><E122/><V134/><F134/><W44/><G44/><T86/><D68/><U27/><E27/><V7/><F7/><W53/><AGARI ba="2,2" hai="4,5,6,50,52,53,58,59,63,102,103,124,125,126" machi="53" ten="40,12000,1" yaku="1,1,0,1,18,1,52,1,54,1,53,0" doraHai="45" doraHaiUra="42" who="3" fromWho="3" sc="240,-42,180,-42,230,-42,330,146" /><INIT seed="3,3,0,3,0,14" ten="198,138,188,476" oya="3" hai0="99,135,72,69,52,134,50,20,100,33,10,42,62" hai1="111,61,116,49,83,43,123,78,34,57,22,32,21" hai2="85,1,90,51,71,65,64,95,79,93,13,94,120" hai3="115,31,4,130,132,9,82,102,44,124,73,74,117"/><W113/><G117/><T92/><D33/><U76/><E123/><V40/><F1/><W58/><G74/><T96/><D72/><U2/><E2/><V109/><F120/><W75/><G75/><T70/><D42/><U125/><E111/><V24/><F71/><W17/><G31/><T5/><D96/><U59/><E83/><V55/><F40/><W103/><G103/><T129/><D129/><U106/><E43/><V121/><F79/><W91/><G102/><T48/><D48/><U101/><E101/><V122/><F109/><W67/><G44/><N who="0" m="27719" /><D62/><U87/><E49/><V80/><F122/><W133/><G73/><T114/><D20/><U60/><E87/><V131/><F131/><W88/><G130/><T29/><D29/><U97/><E97/><V46/><F121/><W16/><G58/><T112/><D70/><U128/><E128/><V77/><F77/><W12/><G67/><T118/><D69/><U25/><E25/><V119/><F119/><W54/><G54/><T110/><D110/><U6/><E116/><V126/><F126/><W15/><G4/><T23/><D23/><U63/><E6/><V37/><F37/><W39/><G124/><T28/><D28/><U0/><E125/><V38/><F38/><W3/><G3/><N who="0" m="319" /><D118/><U30/><E0/><V27/><REACH who="2" step="1"/><F13/><REACH who="2" ten="198,138,178,476" step="2"/><W8/><G39/><T104/><D104/><U35/><E106/><V108/><F108/><W107/><G107/><T127/><D127/><U68/><E68/><V11/><F11/><W45/><G8/><T56/><D56/><N who="1" m="21579" /><E30/><V89/><F89/><N who="3" m="34379" /><G9/><T26/><D26/><AGARI ba="3,1" hai="24,26,27,46,51,55,64,65,80,85,90,93,94,95" machi="26" ten="40,5200,0" yaku="1,1,6,1,8,1,53,0" doraHai="14" doraHaiUra="36" who="2" fromWho="0" sc="198,-61,138,0,178,71,476,0" /><INIT seed="4,0,0,3,2,105" ten="137,138,249,476" oya="0" hai0="83,72,39,79,44,35,87,70,21,23,48,17,66" hai1="111,67,95,135,9,120,108,56,76,86,100,125,134" hai2="24,96,93,12,57,73,64,14,46,22,7,129,113" hai3="16,15,20,37,38,109,47,58,28,31,26,130,85"/><T128/><D128/><U0/><E67/><V80/><F129/><W61/><G130/><T97/><D35/><U69/><E69/><V90/><F113/><W53/><G109/><N who="1" m="42058" /><E56/><V94/><F7/><W30/><G47/><T11/><D39/><U131/><E9/><V118/><F118/><W19/><REACH who="3" step="1"/><G85/><REACH who="3" ten="137,138,249,466" step="2"/><T91/><D97/><U132/><E86/><V2/><F46/><W77/><G77/><T62/><D79/><U89/><E76/><V122/><F96/><W75/><G75/><T104/><D72/><U5/><E131/><V18/><F73/><W52/><G52/><N who="0" m="29703" /><D104/><U4/><E132/><V88/><F122/><W1/><G1/><T51/><D51/><U25/><E0/><V63/><F2/><W55/><G55/><T107/><D107/><U42/><E120/><V112/><F112/><W13/><G13/><AGARI ba="0,1" hai="11,13,17,21,23,62,66,70,83,87,91" m="29703" machi="13" ten="30,2900,0" yaku="25,1,54,1" doraHai="105" who="0" fromWho="3" sc="137,39,138,0,249,0,466,-29" /><INIT seed="4,1,0,3,2,113" ten="176,138,249,437" oya="0" hai0="108,126,82,47,63,94,30,130,50,91,59,98,41" hai1="28,90,65,5,31,125,22,9,120,66,0,3,115" hai2="56,74,4,77,110,69,54,134,114,16,58,23,81" hai3="129,45,51,132,119,48,112,29,55,8,1,18,116"/><T93/><D126/><U53/><E120/><V80/><F110/><W118/><G112/><T2/><D2/><U19/><E115/><V57/><F69/><W122/><G122/><T13/><D130/><U44/><E125/><V100/><F114/><W75/><G75/><T43/><D108/><U86/><E3/><V87/><F100/><W95/><G129/><T79/><D30/><U124/><E124/><V6/><F134/><W36/><G36/><T128/><D128/><U84/><E84/><V89/><REACH who="2" step="1"/><F54/><REACH who="2" ten="176,138,239,437" step="2"/><W127/><G127/><T39/><D43/><U76/><E65/><V92/><F92/><W32/><G95/><T7/><D94/><U37/><E66/><V38/><F38/><W135/><G135/><T17/><D39/><U121/><E121/><V12/><AGARI ba="1,1" hai="4,6,12,16,23,56,57,58,74,77,80,81,87,89" machi="12" ten="30,4000,0" yaku="1,1,0,1,54,1,53,0" doraHai="113" doraHaiUra="20" who="2" fromWho="2" sc="176,-21,138,-11,239,53,437,-11" /><INIT seed="5,0,0,3,2,125" ten="155,127,292,426" oya="1" hai0="135,69,55,15,122,60,105,132,84,113,28,70,24" hai1="45,89,34,22,121,3,49,91,9,88,54,37,67" hai2="101,124,99,86,56,81,26,33,38,39,87,32,119" hai3="68,72,85,73,96,65,50,5,64,82,117,90,21"/><U95/><E34/><V18/><F124/><W129/><G72/><T44/><D105/><U27/><E121/><V133/><F119/><W102/><G5/><T35/><D122/><U41/><E67/><V114/><F133/><N who="0" m="51274" /><D113/><U13/><E3/><V111/><F111/><W58/><G21/><T31/><D31/><N who="1" m="17911" /><E37/><V4/><F4/><W71/><G50/><N who="0" m="29127" /><D60/><U78/><E78/><V36/><F114/><W6/><G90/><T98/><D98/><N who="1" m="57703" /><E41/><V110/><F110/><W106/><G65/><T115/><D115/><U48/><E48/><V130/><F33/><W62/><G117/><T59/><D59/><U76/><E76/><V10/><F56/><W20/><G58/><T74/><D74/><U109/><E109/><V123/><F32/><W2/><G73/><T61/><D61/><U25/><E25/><V100/><F26/><W43/><G62/><T52/><D52/><U134/><E134/><V17/><F123/><W40/><G40/><T93/><D15/><U63/><E63/><V94/><F38/><W57/><G43/><T16/><D70/><U108/><E108/><V42/><F42/><W120/><G57/><T83/><D69/><U14/><E14/><V23/><F39/><W97/><G120/><T118/><D118/><U46/><E46/><V0/><F0/><W1/><G68/><T30/><D35/><U19/><AGARI ba="0,0" hai="9,13,19,45,49,54,89,91" m="57703,17911" machi="19" ten="30,3000,0" yaku="8,1,54,1" doraHai="125" who="1" fromWho="1" sc="155,-10,127,30,292,-10,426,-10" /><INIT seed="5,1,0,0,0,3" ten="145,157,282,416" oya="1" hai0="97,108,16,40,123,87,111,70,103,73,93,60,37" hai1="59,64,29,21,26,41,113,68,98,63,72,55,48" hai2="58,45,23,34,50,92,129,135,20,118,35,126,82" hai3="114,76,75,104,7,101,38,25,110,90,0,22,12"/><U130/><E113/><V124/><F118/><W36/><G0/><T80/><D123/><U91/><E130/><V119/><F119/><W120/><G110/><T125/><D125/><N who="2" m="48234" /><F129/><W85/><G76/><T5/><D73/><U9/><E72/><V100/><F135/><W49/><G75/><T56/><D70/><U128/><E128/><V32/><F58/><W77/><G77/><T86/><D86/><U83/><E41/><N who="2" m="24879" /><F82/><W30/><G38/><T2/><D40/><U18/><E83/><V47/><F47/><W79/><G36/><T17/><D37/><U62/><E48/><V109/><F109/><W54/><G49/><T69/><D69/><U106/><E106/><V24/><F24/><W10/><G25/><T15/><D2/><U42/><E42/><V94/><F100/><W66/><G101/><T115/><D115/><U65/><E65/><V51/><F51/><W88/><G66/><N who="0" m="39175" /><D111/><U84/><E84/><V134/><F134/><W81/><G114/><T43/><D43/><U121/><E121/><V53/><F53/><W4/><G120/><T116/><D116/><U131/><E131/><V133/><F133/><W71/><G54/><T27/><D27/><U52/><E55/><V39/><F39/><W6/><G71/><T31/><D31/><U122/><E122/><V105/><F105/><W127/><G104/><T95/><D95/><AGARI ba="1,0" hai="20,23,32,34,35,92,94,95" m="24879,48234" machi="95" ten="40,1300,0" yaku="18,1" doraHai="3" who="2" fromWho="0" sc="145,-16,157,0,282,16,416,0" /><INIT seed="6,0,0,1,2,125" ten="129,157,298,416" oya="2" hai0="121,101,17,45,80,60,91,42,78,97,33,96,1" hai1="84,61,129,38,58,81,127,116,120,52,46,53,86" hai2="14,34,132,7,133,134,79,32,105,110,26,85,88" hai3="106,114,39,90,87,131,66,8,70,3,21,67,31"/><V13/><F105/><W28/><G106/><T55/><D121/><U92/><E129/><V15/><F79/><W57/><G39/><T76/><D33/><N who="2" m="12906" /><F110/><W48/><G70/><T50/><D1/><U20/><E127/><V44/><F44/><W82/><G3/><T89/><D17/><U0/><E0/><V54/><F54/><W29/><G66/><T23/><D23/><U109/><E109/><V6/><F26/><W47/><G47/><T68/><D78/><U74/><E74/><V119/><F119/><W75/><G48/><T111/><D111/><U128/><E128/><V115/><F115/><W77/><G131/><T98/><D101/><U5/><E46/><V2/><F2/><W43/><G43/><T51/><D60/><U94/><E38/><V123/><F123/><W69/><G69/><T108/><D68/><U83/><E61/><V107/><F107/><W117/><G114/><T124/><D124/><U71/><E71/><V56/><F56/><W59/><G59/><T27/><D27/><U113/><E58/><V49/><F49/><W102/><G102/><T64/><D64/><U36/><E36/><V35/><N who="2" m="12914" /><V4/><DORA hai="18" /><F4/><W25/><G117/><T100/><D100/><U12/><E116/><V40/><F40/><W30/><G57/><N who="0" m="33015" /><D108/><U118/><E118/><V19/><F19/><W73/><G67/><T16/><D16/><N who="1" m="10247" /><E5/><V103/><F103/><W99/><G75/><T9/><D9/><U95/><E113/><V122/><F122/><W10/><G99/><T11/><D11/><N who="3" m="4137" /><G73/><T63/><D63/><U135/><E120/><RYUUKYOKU ba="0,0" sc="129,10,157,-30,298,10,416,10" hai0="42,45,51,76,80,89,91,96,97,98" hai2="6,7,13,14,15,85,88,132,133,134" hai3="21,25,28,29,30,31,77,82,87,90" /><INIT seed="6,1,0,5,0,97" ten="139,127,308,426" oya="2" hai0="100,42,99,24,46,41,74,23,45,111,83,70,103" hai1="62,135,20,33,59,49,132,109,95,50,84,52,89" hai2="73,17,91,92,30,124,16,3,110,57,6,94,77" hai3="60,39,12,126,71,63,38,31,67,1,82,40,93"/><V47/><F30/><W120/><G1/><T119/><D111/><U113/><E33/><V48/><F110/><W86/><G40/><T130/><D130/><U75/><E109/><V117/><F117/><W127/><G120/><T28/><D70/><U107/><E75/><V102/><F77/><W11/><G93/><T18/><D119/><U61/><E107/><V122/><F73/><W131/><G60/><T128/><D128/><U79/><E79/><V118/><F57/><W101/><G101/><N who="0" m="38987" /><D74/><U108/><E108/><V7/><F3/><W68/><G31/><T13/><D99/><U129/><E129/><V116/><F122/><W123/><G71/><T54/><D83/><U0/><E0/><V58/><F102/><W78/><G123/><T25/><D25/><U29/><E113/><V14/><F94/><W10/><G131/><T114/><D114/><U35/><E35/><V112/><F92/><W87/><G87/><T15/><D15/><U80/><E80/><V9/><F14/><W98/><G98/><T134/><D134/><N who="1" m="51243" /><E50/><V104/><F48/><W43/><G38/><T81/><D81/><U8/><E8/><V69/><F9/><W2/><G10/><N who="0" m="6455" /><D54/><U106/><E106/><V44/><F69/><W85/><G2/><T125/><D125/><N who="3" m="47625" /><G11/><T121/><D121/><U21/><E29/><V56/><F124/><W76/><G82/><T72/><D72/><U4/><E4/><V88/><F104/><W65/><G78/><T22/><D22/><AGARI ba="1,0" hai="20,21,22,49,52,59,61,62,84,89,95" m="51243" machi="22" ten="30,2000,0" yaku="20,1,54,1" doraHai="97" who="1" fromWho="0" sc="139,-23,127,23,308,0,426,0" /><INIT seed="7,0,0,4,4,73" ten="116,150,308,426" oya="3" hai0="16,32,68,133,52,24,65,87,9,124,106,100,33" hai1="18,101,83,111,127,80,115,66,70,109,47,76,97" hai2="63,13,103,105,21,69,107,72,129,43,128,44,126" hai3="75,88,94,59,57,45,53,91,74,117,104,41,102"/><W123/><G104/><T31/><D133/><U67/><E70/><V42/><F72/><W25/><G75/><T34/><D124/><U60/><E127/><V50/><F126/><W121/><G74/><T10/><D87/><N who="1" m="48519" /><E115/><V132/><F43/><W108/><G117/><T4/><D52/><U135/><E83/><V131/><F50/><W81/><G108/><T40/><D40/><U0/><E0/><V93/><F93/><W77/><G121/><T11/><D100/><U112/><E112/><V36/><F21/><W7/><G7/><T79/><D106/><U2/><E2/><V49/><F13/><W15/><G123/><T1/><D79/><U95/><E135/><V82/><F49/><N who="3" m="26799" /><G25/><N who="0" m="18543" /><D65/><N who="1" m="24587" /><E60/><V90/><F63/><N who="3" m="36271" /><G15/><T54/><D54/><U116/><E116/><V84/><F82/><W61/><G61/><T23/><D68/><U55/><E109/><V78/><F69/><W56/><G102/><T98/><D98/><U46/><E111/><V27/><F107/><W12/><G12/><T58/><D58/><U130/><E55/><V62/><F105/><W118/><G118/><T20/><D20/><U120/><E120/><V92/><F132/><W51/><G51/><T110/><D110/><U113/><E113/><V5/><F131/><W3/><G3/><T37/><D37/><U19/><E130/><V28/><F36/><W48/><G48/><T71/><D71/><U14/><E14/><V99/><F128/><W85/><G94/><T39/><D39/><U114/><E114/><V30/><F92/><W35/><G81/><T26/><D26/><U17/><AGARI ba="0,0" hai="17,18,19,46,47,95,97,101" m="24587,48519" machi="17" ten="30,4000,0" yaku="5,1,8,1,52,1" doraHai="73" who="1" fromWho="1" sc="116,-10,150,40,308,-10,426,-20" owari="106,-39.0,190,-21.0,298,10.0,406,50.0" /></mjloggm>