<mjloggm ver="2.3"><GO type="169" lobby="0"/><UN n0="%E3%82%A6%E3%83%AB%E3%83%88%E3%83%A9%E7%AB%8B%E7%9B%B4" n1="%32%33%42%65%63%6B" n2="%E3%81%AB%E3%81%9B%E6%82%9F%E7%A9%BA" n3="%4F%53%43%37%37%37" dan="17,16,17,16" rate="2157.64,2051.99,2131.04,2074.72" sx="M,M,M,M"/><TAIKYOKU oya="0"/><INIT seed="0,0,0,0,3,103" ten="250,250,250,250" oya="0" hai0="13,6,79,39,110,44,81,49,11,82,47,92,126" hai1="29,85,43,4,115,57,130,62,75,1,37,2,90" hai2="12,135,51,14,8,20,84,9,74,104,106,5,98" hai3="131,52,117,3,80,60,93,10,99,0,121,73,56"/><T134/><D126/><U119/><E119/><V109/><F74/><W101/><G117/><T71/><D71/><U53/><E75/><V86/><F98/><W30/><G121/><T111/><D134/><U66/><E130/><V23/><F51/><W55/><G131/><T17/><D92/><U35/><E115/><V16/><F109/><N who="0" m="41482" /><D79/><U34/><E43/><V122/><F135/><W41/><G41/><N who="0" m="22591" /><D17/><U113/><E37/><V116/><F116/><W70/><G70/><T58/><D58/><U68/><E113/><V133/><F133/><W125/><G125/><T25/><D25/><U127/><E127/><V40/><F40/><AGARI ba="0,0" hai="6,11,13,40,47,49,81,82" m="22591,41482" machi="40" ten="30,2900,0" yaku="14,1,10,1" doraHai="103" who="0" fromWho="2" sc="250,29,250,0,250,-29,250,0" /><INIT seed="0,1,0,0,4,33" ten="279,250,221,250" oya="0" hai0="128,14,78,30,51,108,5,121,110,120,79,98,70" hai1="46,89,60,109,129,44,132,66,12,63,48,97,6" hai2="54,64,41,3,103,19,83,28,35,49,100,62,27" hai3="36,4,81,50,115,47,123,69,56,34,2,37,133"/><T43/><D70/><U16/><E109/><N who="0" m="42089" /><D30/><U77/><E129/><V38/><F19/><W22/><G69/><T74/><D98/><U59/><E77/><N who="0" m="29193" /><D74/><U67/><E6/><V0/><F41/><W61/><G34/><T135/><D128/><U53/><E132/><V68/><F38/><W26/><G81/><T90/><D90/><U13/><E97/><V99/><F83/><W113/><G123/><N who="0" m="47179" /><D135/><U72/><E72/><V23/><F23/><W85/><G133/><T130/><D130/><U76/><E89/><V75/><F75/><W94/><G37/><T25/><D25/><U88/><E88/><V8/><F8/><W106/><G36/><T71/><D71/><U9/><E76/><V91/><F91/><W111/><G111/><T122/><N who="0" m="47187" /><T101/><DORA hai="45" /><D101/><U126/><E9/><V7/><F103/><W24/><G24/><T96/><D96/><U102/><E102/><V105/><F7/><W57/><G26/><T104/><D104/><U65/><E16/><V55/><REACH who="2" step="1"/><F55/><REACH who="2" ten="279,250,211,250" step="2"/><W18/><G22/><T124/><D5/><U11/><E53/><V93/><F93/><W21/><G106/><T117/><D117/><U114/><E66/><V116/><F116/><W95/><G95/><T134/><D134/><U32/><E67/><V42/><F42/><W92/><G92/><T40/><D40/><U125/><E65/><V119/><F119/><W87/><G94/><T31/><D31/><U80/><E80/><V107/><F107/><W73/><G73/><T15/><D124/><U17/><E125/><V39/><F39/><W1/><G4/><RYUUKYOKU ba="1,1" sc="279,15,250,-15,211,15,250,-15" hai0="14,15,43,51" hai2="0,3,27,28,35,49,54,62,64,68,99,100,105" /><INIT seed="0,2,1,1,5,77" ten="294,235,226,235" oya="0" hai0="104,92,94,121,80,87,126,61,48,70,41,99,27" hai1="72,19,42,111,56,125,132,106,109,24,107,9,21" hai2="69,44,11,93,89,117,16,43,120,37,1,26,17" hai3="4,123,53,91,28,129,60,13,127,20,6,38,98"/><T12/><D121/><U130/><E130/><V47/><F120/><W3/><G38/><T81/><D126/><U64/><E132/><V63/><F117/><W71/><G3/><T131/><D131/><U22/><E72/><V95/><F47/><W54/><G129/><T90/><D104/><U86/><E42/><V39/><F95/><W85/><G127/><T135/><D135/><U49/><E125/><V2/><F39/><W105/><G123/><T119/><D119/><U101/><E9/><V33/><F33/><W102/><G60/><T58/><D27/><U67/><E21/><V100/><F100/><W128/><G71/><T36/><D12/><U18/><E18/><V68/><F26/><W59/><G54/><N who="0" m="34007" /><D70/><U108/><E86/><V62/><F69/><W103/><G103/><N who="0" m="60903" /><D36/><U23/><E23/><V15/><F17/><W84/><G128/><T124/><D124/><U8/><E8/><V57/><F68/><W51/><G13/><T122/><D122/><U55/><REACH who="1" step="1"/><E101/><REACH who="1" ten="294,225,226,235" step="2"/><V79/><F11/><W112/><G112/><T82/><D41/><U73/><E73/><V46/><F43/><W0/><G0/><T110/><D110/><U29/><E29/><V40/><F1/><W7/><G20/><T30/><D30/><U74/><E74/><V116/><F2/><W75/><G75/><T113/><D113/><U88/><E88/><V96/><F116/><W83/><G28/><T115/><D115/><U52/><E52/><N who="2" m="34087" /><F79/><W35/><G35/><T118/><D118/><U133/><E133/><V78/><F37/><W5/><G5/><T25/><D25/><RYUUKYOKU ba="2,2" sc="294,10,225,10,226,-30,235,10" hai0="48,80,81,82,87,90,94" hai1="19,22,24,49,55,56,64,67,106,107,108,109,111" hai3="4,6,7,51,53,59,83,84,85,91,98,102,105" /><INIT seed="0,3,2,2,4,0" ten="304,235,196,245" oya="0" hai0="11,44,120,114,10,105,119,133,93,67,104,65,124" hai1="62,42,85,76,110,90,129,100,61,23,89,87,18" hai2="59,50,131,81,27,60,3,66,64,69,45,40,7" hai3="33,6,56,94,39,91,95,12,127,15,123,36,96"/><T99/><D120/><U71/><E110/><V5/><F3/><W34/><G123/><T106/><D119/><U35/><E35/><V122/><F122/><W46/><G127/><T48/><D114/><U92/><E71/><V98/><F131/><W117/><G117/><T14/><D124/><U101/><E42/><V73/><F66/><W63/><G33/><T1/><D1/><U19/><E76/><V55/><F27/><W70/><G70/><T21/><D21/><U41/><E41/><V38/><F98/><W83/><G34/><T9/><D14/><U28/><E28/><V108/><F108/><W103/><G83/><T74/><D74/><U22/><E129/><V29/><F29/><W75/><G75/><T116/><D116/><U109/><E109/><V43/><F43/><W54/><G46/><T107/><N who="0" m="26624" /><DORA hai="121" /><T126/><D126/><U125/><E125/><V57/><F57/><W17/><G15/><T77/><D77/><AGARI ba="3,2" hai="5,7,38,40,45,50,55,59,60,64,69,73,77,81" machi="77" ten="40,8000,1" yaku="24,2,52,2" doraHai="0,121" who="2" fromWho="0" sc="304,-89,235,0,196,109,245,0" /><INIT seed="1,0,0,3,5,72" ten="215,235,305,245" oya="1" hai0="43,73,94,119,120,49,18,79,19,107,53,69,92" hai1="6,28,34,99,87,40,17,44,39,62,46,48,20" hai2="51,101,10,22,52,27,26,126,80,9,14,100,128" hai3="66,121,32,61,42,33,23,38,16,105,21,75,82"/><U25/><E6/><V122/><F122/><W85/><G105/><T56/><D119/><U118/><E118/><V60/><F128/><W54/><G23/><T116/><D116/><U98/><E62/><V95/><F126/><W125/><G75/><T5/><D107/><U36/><E87/><V102/><F60/><W77/><G54/><T81/><D120/><U3/><E3/><V113/><F113/><W59/><G125/><T133/><D133/><U68/><E68/><V134/><F134/><W131/><G131/><T11/><D69/><U31/><E31/><V74/><F26/><W70/><G59/><T13/><D43/><U8/><E8/><V35/><F35/><W110/><G110/><T111/><D111/><U104/><E104/><V97/><F9/><W115/><G115/><T7/><D7/><U91/><E91/><V12/><F80/><W88/><G88/><T65/><D65/><U108/><E108/><V124/><F74/><W109/><G109/><T117/><D117/><U114/><E114/><V129/><F129/><W83/><G83/><T130/><D130/><U50/><E39/><V89/><F124/><W103/><G103/><T4/><D4/><U15/><REACH who="1" step="1"/><E36/><REACH who="1" ten="215,225,305,245" step="2"/><V84/><F84/><W29/><G121/><T45/><D5/><U93/><E93/><V67/><F10/><W78/><G29/><T76/><D94/><U86/><E86/><V112/><F112/><W47/><G78/><N who="0" m="44239" /><D92/><U127/><E127/><V30/><F67/><W135/><G135/><T90/><D90/><U123/><E123/><V37/><F37/><W1/><G1/><RYUUKYOKU ba="0,1" sc="215,-30,225,10,305,10,245,10" hai1="15,17,20,25,28,34,40,44,46,48,50,98,99" hai2="12,14,22,27,30,51,52,89,95,97,100,101,102" hai3="16,21,32,33,38,42,47,61,66,70,77,82,85" /><INIT seed="1,1,1,0,0,2" ten="185,235,315,255" oya="1" hai0="114,15,115,71,78,95,80,107,85,65,36,63,13" hai1="99,130,11,113,3,48,134,52,125,132,106,37,12" hai2="122,16,98,55,133,50,39,23,131,123,22,1,0" hai3="46,129,124,8,74,93,49,105,56,135,51,102,127"/><U7/><E113/><V6/><F39/><W47/><G105/><T64/><D107/><U119/><E37/><V32/><F32/><W9/><G74/><T28/><D36/><U83/><E119/><V38/><F38/><W40/><G56/><T41/><D41/><U92/><E130/><V21/><F98/><W34/><G34/><T42/><D42/><U24/><E106/><V120/><F131/><W76/><G76/><T70/><D28/><U111/><E125/><N who="3" m="48202" /><G135/><N who="1" m="51754" /><E111/><V30/><F133/><W128/><G128/><T91/><D115/><U97/><E83/><V33/><F55/><N who="3" m="30135" /><G129/><T121/><D114/><U57/><E24/><N who="2" m="18631" /><F50/><W118/><G118/><T88/><D121/><U18/><E92/><V17/><F0/><W59/><G59/><T82/><D82/><U45/><E57/><V101/><F101/><W67/><G67/><T66/><D91/><U108/><E108/><V94/><F94/><W90/><G102/><T89/><D89/><U4/><E3/><V20/><N who="2" m="5120" /><DORA hai="72" /><V14/><F1/><W60/><G60/><T44/><D44/><U69/><E69/><V86/><F86/><AGARI ba="1,1" hai="8,9,40,47,51,86,90,93" m="30135,48202" machi="86" ten="30,1000,0" yaku="18,1" doraHai="2,72" who="3" fromWho="2" sc="185,0,235,0,315,-13,255,23" /><INIT seed="2,0,0,2,5,39" ten="185,235,302,278" oya="2" hai0="22,68,12,41,31,52,84,103,9,124,120,19,1" hai1="80,42,83,121,129,58,13,37,81,126,135,70,14" hai2="11,44,128,94,28,91,88,130,34,131,89,117,133" hai3="114,109,46,20,102,21,85,78,82,26,4,30,108"/><V125/><F117/><W16/><G114/><T5/><D120/><U98/><E70/><V104/><F104/><W57/><G46/><T3/><D68/><U49/><E129/><V0/><F133/><W90/><G4/><T53/><D124/><U38/><E135/><V79/><F125/><W56/><G102/><T111/><D111/><N who="3" m="42569" /><G78/><T24/><D103/><U50/><E126/><V76/><F44/><W87/><G87/><T96/><D96/><U73/><E73/><V61/><F61/><W118/><G118/><T45/><D84/><U107/><E121/><V100/><F28/><W122/><G122/><T74/><D74/><U67/><E37/><V32/><F11/><W92/><G92/><T119/><D119/><U99/><E38/><V75/><F0/><W54/><G54/><T66/><D66/><U72/><E72/><V115/><F115/><W134/><G134/><T64/><D64/><U55/><E67/><V95/><F75/><W93/><G93/><N who="2" m="35337" /><F100/><W35/><G35/><AGARI ba="0,0" hai="32,34,35,76,79,88,89,91,128,130,131" m="35337" machi="35" ten="40,12000,1" yaku="28,2,19,1,54,1" doraHai="39" who="2" fromWho="3" sc="185,0,235,0,302,120,278,-120" /><INIT seed="2,1,0,0,1,90" ten="185,235,422,158" oya="2" hai0="107,83,89,70,65,45,18,10,44,113,85,59,64" hai1="88,26,96,50,100,51,103,130,133,56,101,5,21" hai2="36,2,29,87,41,132,3,125,25,124,119,62,97" hai3="71,93,52,37,27,11,42,32,72,39,55,47,60"/><V116/><F36/><W33/><G72/><T20/><D107/><U117/><E117/><V134/><F41/><W68/><G11/><T76/><D70/><N who="3" m="26665" /><G27/><T115/><D115/><U73/><E73/><V61/><F87/><W17/><G17/><T12/><D113/><U82/><E130/><V129/><F97/><W111/><G93/><T15/><D76/><U48/><E5/><V110/><F110/><W58/><G32/><T77/><D77/><U30/><E133/><N who="2" m="51307" /><F25/><W35/><G35/><T75/><D75/><U66/><E82/><V34/><F34/><W102/><G102/><T108/><D108/><U106/><E66/><N who="0" m="25705" /><D59/><U79/><E56/><V105/><F29/><W40/><G111/><T120/><D120/><U28/><E79/><V91/><F91/><W8/><G8/><T81/><D81/><U109/><E109/><V78/><F78/><W74/><G33/><T53/><D53/><N who="3" m="20553" /><G74/><T49/><D49/><U131/><E50/><V57/><F105/><W127/><G127/><T118/><D118/><U23/><E48/><V24/><F124/><W31/><G31/><T98/><D98/><U92/><E51/><V0/><F125/><W22/><G22/><T16/><AGARI ba="1,0" hai="10,12,15,16,18,20,44,45,83,85,89" m="25705" machi="16" ten="30,2000,0" yaku="8,1,54,1" doraHai="90" who="0" fromWho="0" sc="185,23,235,-6,422,-11,158,-6" /><INIT seed="3,0,0,1,2,35" ten="208,229,411,152" oya="3" hai0="127,126,53,15,3,117,72,33,121,118,75,82,134" hai1="120,34,97,76,103,102,30,39,130,95,132,124,21" hai2="105,67,16,17,9,81,11,80,104,108,2,71,59" hai3="129,50,64,89,87,12,10,107,32,128,73,29,49"/><W115/><G73/><T66/><D33/><U63/><E120/><V41/><F71/><W61/><G107/><T51/><D66/><U31/><E39/><V48/><F108/><W19/><G115/><T125/><D121/><U44/><E34/><V62/><F41/><W131/><G29/><T55/><D134/><U28/><E130/><V96/><F48/><W1/><G32/><T47/><D82/><U91/><E76/><V46/><F46/><W60/><G1/><T0/><D15/><U36/><E124/><V83/><F96/><W23/><G23/><T79/><D79/><U52/><E36/><V58/><F58/><N who="3" m="36887" /><G61/><T77/><D77/><U78/><E78/><V24/><F24/><W69/><G69/><T135/><D135/><U88/><E132/><V100/><F100/><N who="1" m="38441" /><E91/><V65/><F65/><W7/><G7/><T116/><D55/><U57/><E44/><V70/><F70/><W54/><G54/><T90/><D90/><U109/><E109/><V74/><F74/><AGARI ba="0,0" hai="0,3,47,51,53,72,74,75,116,117,118,125,126,127" machi="74" ten="50,6400,0" yaku="18,1,52,2" doraHai="35" who="0" fromWho="2" sc="208,64,229,0,411,-64,152,0" /><INIT seed="4,0,0,2,2,41" ten="272,229,347,152" oya="0" hai0="66,98,38,5,51,81,72,45,43,59,67,101,56" hai1="49,90,37,92,23,10,27,108,50,16,1,80,46" hai2="123,107,39,79,48,91,35,62,118,3,74,116,71" hai3="57,84,93,18,77,60,105,33,22,130,19,69,117"/><T34/><D34/><U25/><E108/><V119/><F107/><W26/><G117/><T4/><D72/><U114/><E80/><N who="2" m="45175" /><F123/><W21/><G105/><T112/><D112/><U44/><E114/><V115/><F115/><W76/><G69/><T75/><D75/><U104/><E104/><V11/><F39/><W131/><G33/><T133/><D133/><U135/><E135/><V52/><F35/><W36/><G36/><T109/><D81/><U63/><E37/><V47/><F91/><W54/><G93/><N who="0" m="58575" /><D109/><U102/><E1/><V95/><F95/><W65/><G65/><N who="0" m="24587" /><D38/><U128/><E128/><V58/><F71/><W85/><G131/><T24/><D24/><N who="1" m="14439" /><E102/><V0/><F11/><W9/><G9/><T113/><D113/><U129/><E63/><V83/><F83/><W132/><G132/><T70/><D70/><U86/><E10/><V31/><F31/><W96/><G96/><T29/><D29/><U61/><E61/><V40/><AGARI ba="0,0" hai="0,3,40,47,48,52,58,62,116,118,119" m="45175" machi="40" ten="30,4000,0" yaku="12,1,52,1,54,1" doraHai="41" who="2" fromWho="2" sc="272,-20,229,-10,347,40,152,-10" /><INIT seed="5,0,0,0,4,49" ten="252,219,387,142" oya="1" hai0="4,57,8,130,101,44,83,112,133,46,51,127,74" hai1="72,7,95,2,9,107,123,70,65,25,113,88,75" hai2="12,102,42,71,41,45,1,23,117,91,103,28,59" hai3="43,92,84,73,104,21,60,77,17,68,58,119,76"/><U16/><E123/><V67/><F71/><W56/><G104/><T97/><D112/><U32/><E107/><V27/><F1/><W116/><G73/><T69/><D69/><U36/><E36/><V124/><F124/><W80/><G76/><T134/><D127/><U105/><E105/><V109/><F109/><W6/><G6/><T24/><D24/><U78/><E113/><V96/><F117/><N who="3" m="45131" /><G43/><T47/><D130/><U64/><E78/><V20/><F12/><N who="3" m="9383" /><G92/><T29/><D83/><U54/><E32/><V15/><F42/><W3/><G3/><T82/><D82/><U53/><E72/><V30/><F15/><W126/><G126/><T100/><D74/><U125/><E75/><V135/><F27/><W118/><N who="3" m="45139" /><W66/><AGARI ba="0,0" hai="56,58,60,66,68,77,80,84" m="9383,45139" machi="66" ten="40,2700,0" yaku="4,1,12,1" doraHai="49" who="3" fromWho="3" sc="252,-7,219,-13,387,-7,142,27" /><INIT seed="6,0,0,2,1,72" ten="245,206,380,169" oya="2" hai0="26,116,58,29,12,73,97,74,52,23,93,109,126" hai1="125,132,115,94,67,63,18,121,84,87,99,31,77" hai2="33,53,118,9,10,35,103,79,6,76,68,54,13" hai3="19,66,16,124,34,81,37,117,30,4,70,101,102"/><V96/><F68/><W14/><G37/><T7/><D109/><U8/><E115/><V129/><F129/><W11/><G117/><T82/><D126/><U0/><E132/><V131/><F131/><W45/><G124/><T60/><D116/><U38/><E38/><V100/><F13/><W32/><G32/><T91/><REACH who="0" step="1"/><D82/><REACH who="0" ten="235,206,380,169" step="2"/><U69/><E125/><V86/><F118/><W65/><G81/><T48/><D48/><U122/><E122/><V114/><F114/><W24/><G70/><T95/><D95/><U133/><E94/><V15/><F35/><W51/><G102/><T120/><D120/><U127/><E69/><V3/><F33/><W57/><G101/><T113/><D113/><U128/><E121/><V47/><F103/><W108/><G108/><T83/><D83/><U78/><E127/><V135/><F100/><W107/><G107/><T56/><D56/><U90/><E128/><V28/><F135/><W110/><G110/><T130/><D130/><U88/><E133/><V111/><F111/><W75/><G57/><T59/><D59/><U39/><E39/><V123/><F123/><W22/><G75/><T80/><D80/><U89/><E99/><V85/><F96/><W46/><G46/><T43/><D43/><U17/><E84/><V71/><F86/><W1/><G19/><T2/><D2/><U105/><E0/><V36/><F85/><W106/><G106/><T42/><D42/><AGARI ba="0,1" hai="1,4,11,14,16,22,24,30,34,42,45,51,65,66" machi="42" ten="30,7700,0" yaku="7,1,24,2,54,1" doraHai="72" who="3" fromWho="0" sc="235,-77,206,0,380,0,169,87" /><INIT seed="7,0,0,4,0,127" ten="158,206,380,256" oya="3" hai0="120,14,103,3,85,72,77,63,27,23,62,24,15" hai1="86,131,105,53,81,129,95,21,41,39,44,10,87" hai2="32,52,113,74,88,1,82,117,94,133,9,6,115" hai3="30,18,130,33,135,73,5,97,55,98,106,102,51"/><W11/><G135/><T110/><D3/><U54/><E105/><V75/><F117/><W111/><G73/><T48/><D72/><U31/><E10/><V107/><F107/><W4/><G111/><T45/><D110/><U67/><E67/><V19/><F32/><W13/><G98/><T83/><D103/><U59/><E95/><V92/><F133/><W47/><REACH who="3" step="1"/><G130/><REACH who="3" ten="158,206,380,246" step="2"/><T109/><D109/><U46/><E129/><V64/><F75/><W118/><G118/><T76/><D120/><U104/><E131/><V50/><F74/><W36/><G36/><T100/><D100/><U40/><E39/><V7/><F115/><W112/><G112/><T70/><D76/><U99/><E99/><V28/><F113/><W116/><G116/><T2/><D2/><U25/><E87/><V69/><F1/><W17/><G17/><T20/><D70/><U128/><E128/><V58/><F19/><W90/><G90/><T108/><D108/><U125/><E86/><V38/><F69/><W124/><G124/><T42/><D15/><U12/><E12/><V89/><F89/><W71/><G71/><T66/><D14/><U0/><E0/><V29/><F88/><W119/><G119/><T65/><D27/><AGARI ba="0,1" hai="4,5,11,13,18,27,30,33,47,51,55,97,102,106" machi="27" ten="40,2000,0" yaku="1,1,53,0" doraHai="127" doraHaiUra="121" who="3" fromWho="0" sc="158,-20,206,0,380,0,246,30" /><INIT seed="7,1,0,1,1,78" ten="138,206,380,276" oya="3" hai0="51,11,25,71,73,132,16,96,59,10,130,18,107" hai1="120,62,74,12,0,33,67,49,97,93,14,65,28" hai2="128,20,56,26,50,17,6,1,77,112,46,21,29" hai3="60,57,15,111,103,2,52,92,126,133,55,61,134"/><W31/><G2/><T39/><D71/><U19/><E0/><V108/><F108/><W45/><G126/><T32/><D39/><U127/><E74/><V35/><F112/><W69/><G31/><T118/><D118/><U113/><E120/><V86/><F128/><W41/><G103/><T40/><D73/><U63/><E33/><V72/><F72/><W87/><G15/><T64/><D130/><U81/><E28/><V7/><F35/><W125/><G125/><T131/><D131/><U94/><E49/><V101/><F101/><W38/><G87/><T24/><D132/><N who="3" m="50793" /><G92/><T4/><D107/><U54/><E113/><V122/><F122/><W106/><G106/><T114/><D114/><U79/><E54/><N who="2" m="31831" /><F1/><W23/><G23/><T91/><D32/><U48/><E14/><N who="2" m="9271" /><F46/><W5/><G5/><T88/><D4/><U84/><E127/><V98/><F98/><W3/><G3/><T119/><D119/><U37/><E37/><V80/><AGARI ba="1,0" hai="6,7,21,26,29,77,80,86" m="9271,31831" machi="80" ten="30,2000,0" yaku="8,1,52,1" doraHai="78" who="2" fromWho="2" sc="138,-6,206,-6,380,23,276,-11" owari="132,-37.0,200,-20.0,403,50.0,265,7.0" /></mjloggm>