<mjloggm ver="2.3"><GO type="225" lobby="0"/><UN n0="%E3%82%A6%E3%83%AB%E3%83%88%E3%83%A9%E7%AB%8B%E7%9B%B4" n1="%E8%B5%A4%E9%98%AA%E9%83%81%E4%B9%83" n2="%E3%83%A1%E3%82%BF%E3%83%9C%E3%83%9A%E3%83%B3%E3%82%AE%E3%83%B3" n3="%E2%98%85%E3%83%9F%E3%83%BC%E3%82%B3%E2%98%85" dan="17,17,16,17" rate="2113.10,2127.55,2082.43,2151.93" sx="M,F,M,F"/><TAIKYOKU oya="0"/><INIT seed="0,0,0,4,3,101" ten="250,250,250,250" oya="0" hai0="16,33,81,53,23,52,61,35,13,31,41,43,12" hai1="117,7,6,124,83,32,4,60,55,106,8,46,85" hai2="73,90,67,40,93,20,22,91,115,80,105,79,78" hai3="112,113,45,132,49,24,71,133,102,134,108,2,96"/><T92/><D35/><U122/><E117/><V99/><F67/><W62/><G2/><T119/><D119/><U15/><E122/><V21/><F40/><N who="0" m="15434" /><D33/><U109/><E32/><V89/><F115/><W36/><G24/><N who="0" m="16799" /><D13/><U125/><E109/><V65/><F65/><N who="3" m="41399" /><G108/><T116/><D116/><U114/><E114/><V75/><F75/><W111/><G111/><T30/><D30/><U118/><E118/><V94/><F79/><W120/><G120/><T54/><D81/><U128/><E106/><V68/><F68/><W97/><G36/><T87/><D61/><U37/><E37/><V77/><F77/><W26/><G26/><T82/><D92/><U70/><E70/><V27/><F93/><N who="3" m="58639" /><G97/><T11/><D54/><AGARI ba="0,0" hai="45,49,54,112,113,132,133,134" m="58639,41399" machi="54" ten="30,1000,0" yaku="20,1" doraHai="101" who="3" fromWho="0" sc="250,-10,250,0,250,0,250,10" /><INIT seed="1,0,0,1,2,72" ten="240,250,250,260" oya="1" hai0="119,82,101,18,37,79,5,125,89,88,87,50,90" hai1="112,98,84,105,129,128,131,57,54,93,53,19,97" hai2="12,46,10,45,68,126,42,1,34,24,65,114,63" hai3="135,77,120,14,32,31,81,94,92,44,86,26,56"/><U102/><E112/><V75/><F1/><W61/><G120/><T62/><D37/><U109/><E109/><V111/><F111/><W27/><G135/><T39/><D39/><U64/><E19/><V21/><F34/><W91/><G26/><T11/><D119/><U17/><E17/><V103/><F114/><W43/><G14/><N who="0" m="5487" /><D125/><U121/><E84/><V0/><F0/><W122/><G122/><T51/><D101/><N who="1" m="60591" /><E121/><V66/><F126/><W104/><G104/><T16/><D62/><AGARI ba="0,0" hai="53,54,57,62,64,98,102,105,128,129,131" m="60591" machi="62" ten="30,1500,0" yaku="19,1" doraHai="72" who="1" fromWho="0" sc="240,-15,250,15,250,0,260,0" /><INIT seed="1,1,0,1,4,78" ten="225,265,250,260" oya="1" hai0="18,121,95,21,103,1,12,85,127,70,13,3,66" hai1="20,88,31,50,91,48,65,86,93,4,123,6,80" hai2="125,76,37,32,115,34,75,56,9,90,58,38,92" hai3="14,36,27,44,16,71,42,134,29,73,114,63,132"/><U74/><E123/><V107/><F107/><W60/><G73/><T15/><D70/><U61/><E74/><V26/><F125/><W135/><G114/><T49/><D66/><U0/><E0/><V129/><F115/><W22/><REACH who="3" step="1"/><G71/><REACH who="3" ten="225,265,250,250" step="2"/><T113/><D113/><U100/><E100/><V77/><F75/><W124/><G124/><T24/><D127/><U81/><E4/><V51/><F129/><W122/><G122/><T55/><D121/><U104/><E6/><V106/><F106/><W33/><AGARI ba="1,1" hai="14,16,22,27,29,33,36,42,44,60,63,132,134,135" machi="33" ten="30,7900,0" yaku="1,1,0,1,20,1,54,1,53,0" doraHai="78" doraHaiUra="87" who="3" fromWho="3" sc="225,-21,265,-40,250,-21,250,92" /><INIT seed="2,0,0,1,0,92" ten="204,225,229,342" oya="2" hai0="12,120,91,110,15,38,0,125,56,7,94,80,117" hai1="82,9,40,104,74,73,43,115,36,99,41,135,84" hai2="64,1,16,63,112,95,114,48,100,121,42,88,89" hai3="55,130,29,60,19,124,52,71,27,77,21,8,37"/><V31/><F121/><W98/><G37/><T49/><D120/><U90/><E115/><V51/><F1/><W28/><G124/><T75/><D38/><U78/><E135/><V87/><F31/><N who="3" m="11851" /><G71/><T131/><D125/><U6/><E36/><V50/><F100/><W83/><G130/><T23/><D131/><U45/><E45/><V30/><F30/><N who="3" m="17775" /><G60/><T79/><D110/><U59/><E59/><N who="2" m="36991" /><F112/><W53/><G98/><T46/><D56/><U32/><E32/><V34/><F34/><W54/><G54/><T113/><D23/><U116/><E116/><V93/><F114/><W101/><G101/><T65/><D65/><U96/><E104/><V109/><F109/><W11/><G19/><T24/><D113/><U39/><E39/><V17/><F42/><W35/><G35/><T14/><D117/><U5/><E5/><V57/><F57/><W10/><G10/><T33/><D0/><U102/><E102/><V13/><F13/><W132/><G132/><T26/><D33/><U119/><E119/><V76/><F76/><W62/><G62/><T133/><D7/><U18/><E18/><V105/><F105/><W108/><G108/><T111/><D111/><U58/><E58/><V103/><F103/><W134/><G134/><T47/><D133/><U44/><E44/><N who="0" m="16937" /><D49/><U25/><E73/><V3/><F3/><W20/><G20/><T122/><D122/><U127/><E127/><V97/><AGARI ba="0,0" hai="16,17,48,50,51,87,88,89,93,95,97" m="36991" machi="97" ten="30,11700,0" yaku="8,1,52,1,54,2" doraHai="92" who="2" fromWho="2" sc="204,-39,225,-39,229,117,342,-39" /><INIT seed="2,1,0,4,1,63" ten="165,186,346,303" oya="2" hai0="42,30,17,110,91,90,44,96,62,98,8,24,69" hai1="48,32,85,127,14,132,109,87,117,20,35,116,15" hai2="82,2,76,3,101,64,104,75,78,103,28,58,119" hai3="79,26,89,102,57,73,12,36,25,19,123,86,125"/><V93/><F119/><W4/><G123/><T71/><D110/><U27/><E109/><V118/><F118/><W56/><G125/><T68/><D62/><U54/><E127/><V92/><F104/><W106/><G36/><T115/><D115/><U121/><E121/><V47/><F28/><W13/><G79/><T39/><D17/><U6/><E6/><V31/><F31/><W97/><G73/><T107/><D8/><U38/><E38/><V130/><F47/><W95/><G4/><T45/><D45/><U99/><E99/><V52/><F78/><W0/><G0/><T37/><D37/><U77/><E77/><V113/><F3/><W29/><G26/><T1/><D1/><U133/><E27/><V10/><F130/><W50/><G50/><T135/><D135/><U72/><E48/><V59/><F113/><W134/><G134/><T81/><D81/><U46/><E46/><V128/><F128/><W108/><G108/><T21/><REACH who="0" step="1"/><D98/><REACH who="0" ten="155,186,346,303" step="2"/><U126/><E126/><V55/><F82/><W49/><G49/><T84/><D84/><U122/><E122/><V88/><F10/><W34/><G12/><T131/><D131/><U105/><E72/><V80/><F2/><W111/><G111/><T5/><D5/><U100/><E117/><V60/><F75/><W66/><G66/><T11/><D11/><AGARI ba="1,1" hai="11,13,19,25,29,34,56,57,86,89,95,97,102,106" machi="11" ten="30,1000,0" yaku="7,1" doraHai="63" who="3" fromWho="0" sc="155,-13,186,0,346,0,303,23" /><INIT seed="3,0,0,0,3,22" ten="142,186,346,326" oya="3" hai0="62,5,113,106,23,46,82,27,52,91,3,24,45" hai1="110,85,120,41,44,76,87,100,78,114,93,19,116" hai2="86,101,21,14,34,25,119,125,94,55,63,90,65" hai3="81,74,32,108,42,67,83,20,6,126,47,57,31"/><W29/><G32/><T102/><D106/><U95/><E114/><V9/><F119/><W121/><G121/><T122/><D122/><U69/><E69/><V109/><F109/><W43/><G74/><T105/><D105/><U71/><E71/><V15/><F125/><W54/><G108/><T73/><D73/><U38/><E110/><V97/><F34/><W117/><G117/><T64/><D3/><U11/><E116/><V35/><F55/><W133/><G133/><T130/><D113/><U13/><E120/><V68/><F9/><W37/><G126/><T70/><D130/><U2/><E2/><V33/><F33/><W88/><G6/><T118/><D118/><U36/><E36/><V79/><F79/><W115/><G115/><T135/><D135/><U66/><E66/><V7/><F7/><W1/><G1/><T134/><D134/><U51/><E38/><V111/><F35/><W128/><G128/><T10/><D102/><U60/><E60/><V58/><F68/><W18/><G67/><T123/><D123/><U77/><E100/><V53/><F65/><W89/><G43/><T16/><D27/><U80/><E85/><V12/><F111/><W104/><G104/><T48/><D46/><U132/><E132/><V92/><F15/><N who="3" m="9311" /><G89/><AGARI ba="0,0" hai="11,13,19,41,44,51,76,77,78,80,87,89,93,95" machi="89" ten="40,1300,0" yaku="8,1" doraHai="22" who="1" fromWho="3" sc="142,0,186,13,346,0,326,-13" owari="142,-36.0,199,-20.0,346,45.0,313,11.0" /></mjloggm>