<mjloggm ver="2.3"><GO type="169" lobby="0"/><UN n0="%6D%6F%6E%6F%2D%31%34" n1="%E3%82%A6%E3%83%AB%E3%83%88%E3%83%A9%E7%AB%8B%E7%9B%B4" n2="%E3%83%96%E3%83%AB%E3%83%96%E3%83%AB%E3%83%8F%E3%83%BC%E3%83%84" n3="%E3%81%94%E3%82%8A%E3%81%94%E3%82%8A%E3%81%94%E3%82%8A%E3%82%89" dan="18,16,18,16" rate="2182.35,2160.83,2196.25,2124.13" sx="M,M,M,M"/><TAIKYOKU oya="0"/><INIT seed="0,0,0,1,1,29" ten="250,250,250,250" oya="0" hai0="59,119,92,83,82,24,39,97,50,23,78,89,101" hai1="68,10,17,116,6,135,100,107,61,75,106,46,125" hai2="134,86,65,15,80,128,30,34,73,49,122,55,38" hai3="0,76,129,2,110,1,127,74,20,53,16,104,57"/><T51/><D39/><U31/><E116/><V96/><F38/><W94/><G110/><T95/><D119/><U66/><E75/><V43/><F43/><W117/><G117/><T130/><D130/><U118/><E118/><V121/><F73/><W93/><G129/><T47/><D59/><U11/><E125/><V18/><F128/><W27/><G104/><T70/><D70/><U112/><E135/><V3/><F65/><W90/><G127/><T113/><D78/><U109/><E109/><V14/><F96/><W123/><G123/><T44/><D113/><U25/><E112/><V99/><F99/><W26/><G26/><T72/><D72/><U21/><E100/><V13/><F3/><W45/><G45/><N who="0" m="17483" /><D92/><U91/><E46/><N who="2" m="28087" /><F134/><W124/><G124/><T8/><D8/><U33/><E91/><N who="2" m="51655" /><F121/><W69/><G69/><T103/><D101/><U87/><E11/><N who="2" m="6463" /><F122/><W98/><G94/><T42/><D42/><U19/><E87/><V37/><F37/><W67/><G67/><T12/><D103/><U133/><E133/><V108/><F108/><W58/><REACH who="3" step="1"/><G53/><REACH who="3" ten="250,250,250,240" step="2"/><T77/><D95/><U111/><E111/><V56/><F56/><W105/><G105/><T71/><D71/><U36/><E36/><V7/><F7/><W115/><G115/><T63/><D97/><U88/><E107/><V79/><F79/><W114/><G114/><T126/><D77/><U84/><E106/><V102/><F102/><W28/><G28/><T85/><D126/><U64/><E64/><V52/><F52/><W41/><G41/><T4/><D89/><U9/><E88/><RYUUKYOKU ba="0,1" sc="250,-15,250,-15,250,15,240,15" hai2="14,15,30,34" hai3="0,1,2,16,20,27,57,58,74,76,90,93,98" /><INIT seed="1,1,1,0,3,98" ten="235,235,265,255" oya="1" hai0="31,124,17,74,116,129,16,44,5,65,81,121,108" hai1="49,24,90,130,119,93,82,35,126,9,58,32,64" hai2="25,110,18,76,113,104,3,0,106,7,96,41,39" hai3="69,123,63,13,56,105,68,114,111,45,117,52,109"/><U83/><E119/><V12/><F7/><W118/><G105/><T92/><D116/><N who="3" m="44649" /><G13/><T70/><D5/><U86/><E130/><V54/><F76/><W79/><G79/><T99/><D129/><U87/><E126/><V112/><F25/><W131/><G131/><T122/><D44/><U53/><E64/><V128/><F104/><W101/><G101/><N who="0" m="60647" /><D31/><U20/><E9/><V62/><F128/><W60/><G123/><N who="0" m="47115" /><D108/><N who="3" m="41545" /><G114/><T33/><D124/><U57/><E57/><N who="2" m="35127" /><F110/><W37/><G63/><N who="0" m="40255" /><D33/><U46/><E46/><V40/><F3/><W61/><G61/><T134/><D74/><U23/><E35/><V80/><F0/><W133/><G133/><T97/><D134/><U30/><REACH who="1" step="1"/><E93/><REACH who="1" ten="235,225,265,255" step="2"/><V27/><F106/><W15/><G15/><T28/><D81/><U22/><E22/><V26/><F12/><W47/><G47/><T127/><D127/><U38/><E38/><V10/><F39/><W95/><G95/><T75/><D75/><U91/><AGARI ba="1,2" hai="20,23,24,30,32,49,53,58,82,83,86,87,90,91" machi="91" ten="20,7800,0" yaku="1,1,0,1,7,1,9,1,53,0" doraHai="98" doraHaiUra="43" who="1" fromWho="1" sc="235,-27,225,101,265,-27,255,-27" /><INIT seed="1,2,0,2,2,78" ten="208,326,238,228" oya="1" hai0="69,101,41,28,11,46,103,47,4,77,129,114,91" hai1="65,44,24,5,30,48,128,95,88,14,13,125,120" hai2="66,19,105,58,62,37,80,27,122,16,74,12,6" hai3="55,45,51,31,1,26,94,96,85,102,90,79,113"/><U119/><E120/><V49/><F37/><W135/><G135/><T123/><D69/><U83/><E119/><V70/><F105/><W93/><G113/><T71/><D71/><U29/><E128/><V56/><F122/><W10/><G1/><T17/><D28/><N who="1" m="10859" /><E125/><V0/><F0/><W67/><G67/><T22/><D114/><U53/><E65/><V134/><F134/><W104/><G79/><T20/><D129/><U15/><E24/><V9/><F70/><W87/><G10/><T97/><D103/><U50/><E50/><V121/><F121/><W81/><REACH who="3" step="1"/><G85/><REACH who="3" ten="208,326,238,218" step="2"/><T82/><D11/><U89/><E5/><V131/><F6/><W64/><G64/><T76/><D123/><U116/><E116/><V33/><F131/><W100/><G100/><T126/><D101/><U124/><E124/><V130/><F130/><W42/><G42/><T68/><D41/><U72/><E72/><V86/><F74/><W39/><G39/><T63/><D4/><U23/><E89/><V110/><F66/><W3/><G3/><T32/><D91/><U106/><E106/><V98/><F9/><W36/><G36/><T109/><D77/><U52/><E53/><V38/><F38/><W107/><G107/><T57/><D76/><U59/><E23/><AGARI ba="2,1" hai="23,26,31,45,51,55,81,87,90,93,94,96,102,104" machi="23" ten="30,7700,0" yaku="1,1,7,1,52,1,53,1" doraHai="78" doraHaiUra="92" who="3" fromWho="1" sc="208,0,326,-83,238,0,218,93" /><INIT seed="2,0,0,0,0,11" ten="208,243,238,311" oya="2" hai0="22,113,126,26,104,43,96,4,39,56,97,13,131" hai1="62,98,99,85,111,32,93,9,3,92,109,81,91" hai2="86,108,125,30,17,112,66,2,121,115,27,59,74" hai3="21,52,41,72,135,114,38,50,28,107,51,19,118"/><V40/><F74/><W6/><G118/><T116/><D113/><U33/><E62/><V120/><F2/><W119/><G114/><T48/><D39/><U36/><E36/><V70/><F70/><W12/><G119/><T106/><D116/><U58/><E58/><V47/><F125/><W129/><G107/><T83/><D126/><U124/><E124/><V127/><F127/><W69/><G69/><T80/><D106/><U54/><E54/><V37/><F108/><N who="1" m="41545" /><E3/><V105/><F105/><W122/><G72/><T46/><D131/><U76/><E9/><V133/><F133/><W34/><G122/><T95/><D56/><U16/><E16/><V79/><F17/><W94/><G38/><T53/><D97/><U63/><E63/><V90/><F120/><W60/><G129/><T123/><D104/><U110/><N who="1" m="41553" /><U75/><DORA hai="67" /><E99/><V82/><F121/><W89/><G135/><T102/><D53/><U35/><E35/><V8/><F59/><N who="3" m="34919" /><G34/><T23/><D123/><U20/><E20/><N who="0" m="7721" /><D26/><U128/><E128/><V77/><F27/><N who="3" m="16495" /><G6/><T100/><D4/><U65/><E65/><V0/><F66/><W68/><G41/><T57/><D57/><U84/><E75/><V29/><F112/><W64/><G64/><T42/><D42/><U25/><E25/><V10/><F115/><W7/><G7/><T49/><D43/><U5/><E5/><V103/><F0/><W14/><G68/><T61/><D61/><U132/><E132/><V24/><F40/><W15/><G19/><T71/><D71/><U73/><E73/><V18/><F37/><RYUUKYOKU ba="0,0" sc="208,-15,243,15,238,-15,311,15" hai1="32,33,76,81,84,85,91,92,93,98" hai3="12,14,15,50,51,89,94" /><INIT seed="3,1,0,3,0,52" ten="193,258,223,326" oya="3" hai0="3,69,34,7,35,29,76,109,36,16,115,118,95" hai1="28,89,55,61,5,72,59,108,54,92,33,62,129" hai2="125,58,113,25,44,101,42,124,22,132,117,43,120" hai3="64,100,45,51,83,15,127,23,11,104,105,93,49"/><W71/><G127/><N who="2" m="48713" /><F117/><W106/><G23/><T32/><D69/><U1/><E72/><V121/><F113/><W10/><G83/><T81/><D36/><U56/><E108/><V17/><F101/><W97/><G51/><T111/><D118/><U79/><E79/><V94/><F94/><W85/><G85/><T75/><D115/><U14/><E1/><V73/><F73/><W135/><G135/><T63/><D95/><U88/><E129/><V12/><F132/><W114/><G114/><T87/><D75/><U40/><E40/><N who="2" m="15403" /><F44/><W27/><G27/><T41/><D41/><U131/><E131/><V126/><N who="2" m="48721" /><V20/><DORA hai="18" /><F58/><W65/><G71/><T80/><D80/><U26/><E92/><V96/><F96/><W86/><G86/><T67/><D111/><U68/><REACH who="1" step="1"/><E68/><REACH who="1" ten="193,248,223,326" step="2"/><V2/><F2/><W90/><G105/><T8/><D109/><U24/><E24/><V102/><F102/><W116/><G116/><T122/><D3/><U57/><E57/><V130/><F130/><W84/><G106/><T98/><D81/><U60/><E60/><V50/><F50/><W103/><G104/><T74/><D63/><U66/><E66/><V21/><F25/><W39/><G65/><T123/><D67/><U0/><E0/><V77/><F77/><W78/><G64/><T31/><D76/><U37/><E37/><V107/><F107/><W128/><G128/><T70/><D74/><U6/><E6/><V82/><F82/><N who="3" m="47191" /><G39/><T134/><D70/><U91/><E91/><V13/><F17/><W110/><G110/><T4/><D134/><RYUUKYOKU ba="1,1" sc="193,-15,248,15,223,15,326,-15" hai1="5,14,26,28,33,54,55,56,59,61,62,88,89" hai2="12,13,20,21,22,120,121" /><INIT seed="4,2,1,0,3,127" ten="178,263,238,311" oya="0" hai0="36,31,106,21,51,96,49,85,102,43,119,48,80" hai1="60,9,117,94,17,113,115,83,52,72,93,8,33" hai2="134,30,38,56,76,114,92,129,84,55,61,25,12" hai3="58,3,116,74,105,11,64,131,123,78,77,100,90"/><T112/><D119/><U10/><E33/><V103/><F38/><W120/><G64/><T75/><D75/><U133/><E117/><V73/><F73/><W27/><G58/><T111/><D111/><U13/><E133/><V14/><F114/><N who="1" m="43529" /><E83/><N who="2" m="47207" /><F134/><W39/><G27/><T65/><D65/><U68/><E72/><V110/><F129/><W41/><G41/><T59/><D112/><U122/><E122/><V121/><F121/><W2/><G11/><N who="1" m="4170" /><E68/><V4/><F4/><W95/><G39/><T82/><D59/><AGARI ba="2,1" hai="10,13,17,52,59,60,93,94" m="4170,43529" machi="59" ten="30,3900,0" yaku="15,1,11,1,54,1" doraHai="127" who="1" fromWho="0" sc="178,-45,263,55,238,0,311,0" /><INIT seed="5,0,0,4,0,127" ten="133,318,238,311" oya="1" hai0="94,5,26,60,38,31,70,8,114,106,102,81,57" hai1="76,2,93,103,58,83,90,44,62,133,27,1,37" hai2="99,73,7,108,124,34,68,53,79,23,56,24,84" hai3="28,78,13,74,36,49,39,48,89,46,117,21,9"/><U40/><E103/><V22/><F68/><W30/><G117/><T20/><D70/><U125/><E125/><V64/><F73/><W88/><G74/><T82/><D106/><U101/><E101/><V65/><F34/><W16/><G78/><T97/><D38/><U109/><E133/><V123/><F108/><W96/><G39/><T54/><D114/><U51/><E37/><V71/><F71/><W4/><G36/><T116/><D116/><U47/><E47/><V120/><F7/><W113/><G49/><T98/><D97/><U112/><E112/><V132/><F132/><W75/><G75/><T134/><D134/><U14/><E14/><V10/><F10/><W115/><G115/><T91/><D102/><U59/><E83/><V0/><F0/><W104/><G104/><T55/><D54/><U52/><E76/><V135/><F99/><W72/><G72/><T121/><D121/><U87/><E109/><V126/><F79/><W50/><G50/><T80/><D82/><U129/><E129/><V3/><F3/><AGARI ba="0,0" hai="3,5,8,20,26,31,55,57,60,80,81,91,94,98" machi="3" ten="30,1000,0" yaku="7,1" doraHai="127" who="0" fromWho="2" sc="133,10,318,0,238,-10,311,0" /><INIT seed="6,0,0,1,2,122" ten="143,318,228,311" oya="2" hai0="79,48,95,103,59,75,105,5,37,86,24,34,62" hai1="64,102,19,43,107,73,120,121,91,1,50,60,7" hai2="125,30,133,41,71,106,4,45,94,42,66,126,11" hai3="16,92,89,25,61,47,6,110,36,82,111,114,98"/><V32/><F106/><W88/><G6/><T10/><D37/><U12/><E73/><V100/><F133/><W3/><G3/><T112/><D112/><U113/><E113/><V134/><F134/><W44/><G114/><T0/><D48/><U85/><E7/><V90/><F100/><W20/><G61/><T131/><D131/><U101/><E1/><V39/><F42/><W52/><G47/><T127/><D127/><U57/><E107/><V108/><F66/><W22/><G22/><T128/><D128/><U70/><E121/><V27/><F71/><W93/><G82/><T53/><D105/><U15/><E120/><V116/><F116/><W129/><G129/><T38/><D38/><U77/><E77/><V29/><F29/><W33/><G33/><T96/><D75/><U56/><E70/><V23/><F23/><W78/><G78/><T68/><D68/><U119/><E119/><V49/><F49/><W40/><G52/><T26/><REACH who="0" step="1"/><D34/><REACH who="0" ten="133,318,228,311" step="2"/><U18/><E50/><V135/><F135/><W58/><G58/><T14/><D14/><U74/><E57/><V28/><F125/><W97/><AGARI ba="0,1" hai="16,20,25,36,40,44,88,89,92,93,97,98,110,111" machi="97" ten="20,12000,2" yaku="0,1,7,1,9,1,52,2,54,2" doraHai="122" who="3" fromWho="3" sc="133,-30,318,-30,228,-60,311,130" /><INIT seed="7,0,0,3,1,81" ten="103,288,168,441" oya="3" hai0="32,31,15,121,78,28,75,46,64,133,35,74,99" hai1="44,3,11,124,76,87,92,95,29,58,117,101,91" hai2="37,52,60,51,62,41,5,100,17,55,105,119,53" hai3="114,77,79,86,38,88,82,90,71,54,130,8,25"/><W33/><G71/><T24/><D121/><U12/><E3/><V66/><F119/><W42/><G8/><T111/><D111/><U7/><E124/><V72/><F72/><W22/><G33/><T45/><D133/><U83/><E117/><V115/><F5/><W85/><G114/><T129/><D78/><U113/><E113/><V131/><F100/><W104/><G104/><T118/><D118/><U122/><E122/><V106/><F17/><W34/><G34/><T48/><D15/><U73/><E29/><V47/><F105/><W30/><G130/><T103/><D64/><U134/><E134/><V21/><F21/><W132/><G132/><T110/><D110/><U40/><E58/><V63/><F106/><W84/><G38/><T93/><D46/><U98/><E73/><V1/><F1/><W108/><G42/><T61/><D61/><N who="2" m="23658" /><F131/><W69/><G69/><T4/><D4/><U127/><E127/><V107/><F107/><W0/><G0/><T96/><D96/><U94/><REACH who="1" step="1"/><E101/><REACH who="1" ten="103,278,168,441" step="2"/><V67/><F115/><W23/><G108/><T68/><D129/><U59/><E59/><N who="2" m="37247" /><F67/><W16/><G54/><T80/><D68/><U19/><E19/><V89/><F53/><W57/><G57/><T2/><D2/><U18/><E18/><V112/><F52/><W128/><G128/><T39/><D39/><AGARI ba="0,1" hai="7,11,12,39,40,44,76,83,87,91,92,94,95,98" machi="39" ten="30,3900,0" yaku="1,1,7,1,52,1,53,0" doraHai="81" doraHaiUra="125" who="1" fromWho="0" sc="103,-39,278,49,168,0,441,0" owari="64,-44.0,327,13.0,168,-23.0,441,54.0" /></mjloggm>