<mjloggm ver="2.3"><GO type="169" lobby="0"/><UN n0="%E5%88%87%E3%82%8A%E6%9C%AD" n1="%53%52%2D%4B%4D" n2="%E3%83%88%E3%83%88%E3%83%AA%E5%85%88%E7%94%9F%31%39%E6%AD%B3" n3="%E6%B5%81%E3%82%8C%EF%BC%9F%53%4F%41" dan="17,16,18,16" rate="2187.39,2106.26,2296.90,2066.92" sx="M,M,F,M"/><TAIKYOKU oya="0"/><INIT seed="0,0,0,1,1,108" ten="250,250,250,250" oya="0" hai0="72,15,124,135,29,24,92,48,51,91,132,14,77" hai1="27,89,86,90,93,63,76,78,36,42,59,10,104" hai2="83,110,50,80,84,52,6,26,94,67,41,0,118" hai3="23,12,87,75,74,5,7,119,69,32,31,37,62"/><T99/><D124/><U107/><E10/><V112/><F110/><W22/><G37/><T30/><D77/><U125/><E125/><V28/><F112/><W39/><G39/><T131/><D72/><U56/><E27/><V3/><F118/><W55/><G32/><T106/><D131/><U2/><E2/><V123/><F41/><W116/><G62/><T64/><D64/><U85/><E36/><V60/><F123/><W54/><G12/><N who="0" m="4651" /><D106/><U34/><E42/><V11/><F3/><W114/><G31/><N who="0" m="11787" /><D24/><U101/><E34/><V68/><F94/><W45/><G45/><T98/><D99/><U4/><E4/><V97/><F97/><W35/><G35/><T44/><D44/><U130/><E130/><V126/><F126/><W103/><G103/><T17/><D17/><U53/><E101/><V58/><REACH who="2" step="1"/><F84/><REACH who="2" ten="250,250,240,250" step="2"/><W9/><G87/><T95/><D92/><U71/><E107/><V109/><F109/><W46/><G114/><T111/><D111/><U79/><E104/><V43/><F43/><W129/><G129/><T127/><D127/><U82/><REACH who="1" step="1"/><E56/><REACH who="1" ten="250,240,240,250" step="2"/><V20/><AGARI ba="0,2" hai="0,6,11,20,26,28,50,52,58,60,67,68,80,83" machi="20" ten="20,5200,0" yaku="1,1,0,1,7,1,54,1,53,0" doraHai="108" doraHaiUra="128" who="2" fromWho="2" sc="250,-26,240,-13,240,72,250,-13" /><INIT seed="1,0,0,1,1,88" ten="224,227,312,237" oya="1" hai0="130,60,125,77,45,131,59,3,91,111,112,1,107" hai1="35,110,106,55,37,126,99,121,114,51,66,122,28" hai2="4,96,39,78,72,16,74,43,14,89,118,20,135" hai3="26,41,86,49,84,65,38,104,44,23,50,33,57"/><U53/><E37/><V123/><F118/><W42/><G33/><T75/><D111/><U120/><E114/><V81/><F123/><W92/><G104/><T32/><D112/><U128/><E128/><N who="0" m="49193" /><D32/><U98/><E126/><V10/><F135/><W0/><G0/><T21/><D125/><U25/><E110/><V18/><F18/><N who="3" m="12663" /><G38/><T15/><D107/><U12/><E66/><V11/><F11/><W56/><G65/><T132/><D132/><U27/><E106/><V22/><F22/><W109/><G84/><T108/><D108/><U102/><E25/><V101/><F89/><N who="3" m="53303" /><G109/><T129/><D77/><U119/><E119/><V115/><F115/><W100/><G100/><T117/><D75/><U17/><E102/><V76/><F76/><W113/><G113/><T73/><D73/><U5/><E5/><V71/><F74/><W47/><AGARI ba="0,0" hai="41,42,44,47,49,50,56,57" m="53303,12663" machi="47" ten="30,2000,0" yaku="8,1,52,1" doraHai="88" who="3" fromWho="3" sc="224,-5,227,-10,312,-5,237,20" /><INIT seed="2,0,0,5,3,13" ten="219,217,307,257" oya="2" hai0="16,67,64,95,111,115,131,129,134,124,93,109,65" hai1="25,117,84,108,105,110,76,7,114,41,120,119,54" hai2="43,20,78,133,62,125,130,91,53,0,3,81,4" hai3="38,113,11,26,40,51,55,30,135,5,19,24,60"/><V39/><F130/><N who="0" m="49674" /><D115/><U58/><E105/><V10/><F133/><W73/><G113/><T15/><D134/><U2/><E114/><V121/><F121/><W27/><G73/><T44/><D44/><U101/><E101/><V92/><F125/><W77/><G77/><T49/><D49/><U47/><E25/><V128/><F128/><W132/><G30/><T74/><D74/><U63/><E120/><V33/><F33/><W85/><G60/><T22/><D124/><U48/><E7/><V50/><F0/><W21/><G40/><T57/><D57/><U87/><E2/><V79/><F62/><W18/><G38/><T68/><D68/><U17/><E17/><N who="3" m="6154" /><G135/><T34/><D34/><U89/><E76/><V37/><F43/><W46/><G132/><T82/><D82/><N who="1" m="49303" /><E87/><V100/><F39/><W104/><G104/><T66/><D66/><U56/><E56/><V98/><F37/><W70/><G70/><T23/><D23/><U45/><E45/><V1/><F1/><W14/><G21/><T126/><D126/><U35/><E35/><V28/><F20/><W118/><G118/><T90/><D90/><U72/><E72/><V29/><F91/><W9/><G9/><T32/><D32/><U31/><E31/><V103/><F103/><W59/><G46/><T12/><D12/><U102/><E102/><V42/><F42/><W123/><G123/><T94/><AGARI ba="0,0" hai="15,16,22,64,65,67,93,94,95,109,111" m="49674" machi="94" ten="40,5200,0" yaku="19,1,52,1,54,1" doraHai="13" who="0" fromWho="0" sc="219,52,217,-13,307,-26,257,-13" /><INIT seed="3,0,0,2,5,74" ten="271,204,281,244" oya="3" hai0="6,100,101,92,125,22,51,79,132,67,47,121,87" hai1="112,95,45,54,66,107,23,84,8,122,25,57,96" hai2="105,85,93,131,64,128,5,65,73,50,102,24,18" hai3="69,43,52,48,20,118,49,38,68,19,75,90,59"/><W3/><G3/><T61/><D121/><U117/><E122/><V89/><F73/><W33/><G38/><T99/><D125/><U29/><E112/><V97/><F5/><W81/><G118/><T134/><D6/><U58/><E117/><V106/><F106/><W113/><G33/><T17/><D101/><U115/><E115/><V86/><F50/><W129/><G129/><N who="2" m="49737" /><F85/><W9/><G9/><T44/><D87/><U103/><E8/><V94/><F105/><W70/><G113/><T126/><D79/><U0/><E0/><V30/><F18/><W4/><G4/><T41/><D126/><U116/><E116/><V56/><F56/><W10/><G10/><T16/><D44/><U40/><E66/><V7/><F7/><W60/><G43/><T133/><REACH who="0" step="1"/><D22/><AGARI ba="0,0" hai="22,24,30,64,65,86,89,93,94,97,102" m="49737" machi="22" ten="30,1000,0" yaku="19,1" doraHai="74" who="2" fromWho="0" sc="271,-10,204,0,281,10,244,0" /><INIT seed="4,0,0,1,2,44" ten="261,204,291,244" oya="0" hai0="88,6,110,36,1,78,48,60,91,81,100,90,97" hai1="11,42,9,27,13,82,126,26,93,119,38,28,124" hai2="22,96,113,40,49,56,59,0,73,45,18,85,3" hai3="95,103,53,32,102,74,57,61,30,125,112,123,83"/><T109/><D36/><U4/><E119/><V79/><F113/><W80/><G112/><T134/><D134/><U8/><E82/><N who="2" m="47327" /><F3/><W16/><G32/><T14/><D1/><U7/><E93/><V25/><F73/><W58/><G30/><T68/><D6/><N who="1" m="2091" /><E42/><V50/><F0/><W54/><G125/><N who="1" m="48234" /><E38/><V76/><F76/><W98/><G103/><T104/><D14/><U67/><E67/><V69/><F69/><W117/><G74/><T131/><D131/><U64/><E64/><V63/><F96/><W128/><G128/><T121/><D121/><U33/><E26/><V105/><F105/><W107/><G107/><T46/><D60/><U133/><E133/><V34/><F63/><N who="3" m="36271" /><G117/><T89/><N who="0" m="22528" /><DORA hai="24" /><T37/><D37/><U127/><N who="1" m="48242" /><U75/><DORA hai="94" /><E75/><V106/><F106/><W87/><G87/><T55/><REACH who="0" step="1"/><D68/><REACH who="0" ten="251,204,291,244" step="2"/><U41/><E41/><V70/><F70/><W108/><G123/><T47/><D47/><U17/><AGARI ba="0,1" hai="8,9,11,13,17,27,28,33" m="48242,2091" machi="17" ten="40,8000,1" yaku="18,1,34,2,52,1" doraHai="44,24,94" who="1" fromWho="1" sc="251,-40,204,90,291,-20,244,-20" /><INIT seed="5,0,0,2,0,85" ten="211,294,271,224" oya="1" hai0="38,102,84,97,108,104,60,113,90,121,91,66,77" hai1="94,45,30,62,6,9,122,95,101,42,44,125,19" hai2="35,133,68,80,34,135,100,115,128,46,70,63,58" hai3="82,88,7,106,103,24,116,43,114,127,4,29,21"/><U56/><E122/><V23/><F128/><W112/><G127/><T55/><D108/><U54/><E125/><V78/><F100/><W1/><G1/><T49/><D38/><U15/><E30/><V57/><F23/><W18/><G43/><T3/><D3/><U51/><E101/><V65/><F46/><W132/><G132/><N who="2" m="50761" /><F57/><W99/><G116/><T41/><D41/><U22/><REACH who="1" step="1"/><E45/><REACH who="1" ten="211,284,271,224" step="2"/><V111/><F111/><W107/><G29/><T52/><D121/><U14/><AGARI ba="0,1" hai="6,9,14,15,19,22,42,44,51,54,56,62,94,95" machi="14" ten="20,12000,1" yaku="1,1,2,1,0,1,7,1,8,1,53,0" doraHai="85" doraHaiUra="126" who="1" fromWho="1" sc="211,-40,284,130,271,-40,224,-40" /><INIT seed="5,1,0,4,4,0" ten="171,414,231,184" oya="1" hai0="95,128,33,92,37,134,86,27,98,85,135,116,56" hai1="3,119,61,84,31,87,83,57,6,109,93,36,100" hai2="123,81,133,71,90,41,63,91,75,105,12,52,11" hai3="118,46,60,94,115,42,32,88,78,50,29,108,10"/><U22/><E57/><N who="2" m="35239" /><F105/><W16/><G108/><T14/><D37/><U4/><E61/><V54/><F75/><W59/><G115/><T53/><D116/><U34/><E34/><V43/><F71/><W24/><G78/><T124/><D124/><U96/><E36/><V9/><F123/><W74/><G74/><T51/><D128/><U30/><E119/><V102/><F102/><W64/><G118/><T131/><D131/><U104/><E104/><V65/><F65/><W19/><REACH who="3" step="1"/><G10/><REACH who="3" ten="171,414,231,174" step="2"/><T5/><D135/><U120/><E109/><V23/><F9/><W82/><G82/><T62/><D134/><U35/><E83/><V129/><F133/><W121/><G121/><T67/><D95/><U45/><E93/><V76/><F129/><W79/><G79/><T8/><D33/><U66/><E120/><V28/><F76/><W114/><G114/><T68/><REACH who="0" step="1"/><D27/><REACH who="0" ten="161,414,231,174" step="2"/><U107/><E107/><V106/><F106/><W127/><G127/><T130/><D130/><U117/><E35/><V132/><F132/><W69/><G69/><T126/><D126/><U20/><E117/><V89/><F81/><W77/><G77/><T47/><D47/><U97/><E45/><V25/><F25/><W1/><G1/><T113/><D113/><U103/><E3/><V44/><F44/><W7/><G7/><T110/><D110/><U15/><E6/><V40/><F12/><W26/><G26/><T72/><D72/><U73/><E15/><V21/><F21/><W18/><G18/><T125/><D125/><U55/><E73/><V99/><F23/><W49/><G49/><RYUUKYOKU ba="1,2" sc="161,15,414,-15,231,-15,174,15" hai0="5,8,14,51,53,56,62,67,68,85,86,92,98" hai3="16,19,24,29,32,42,46,50,59,60,64,88,94" /><INIT seed="6,2,2,5,5,30" ten="176,399,216,189" oya="2" hai0="31,123,118,73,68,116,14,10,63,61,127,64,119" hai1="16,65,57,45,111,100,135,52,38,89,134,11,21" hai2="78,81,84,112,20,40,88,106,4,54,101,130,90" hai3="122,5,15,41,104,24,43,113,17,59,8,82,110"/><V3/><F112/><W28/><G122/><T67/><D123/><U51/><E111/><V115/><F115/><W58/><G110/><T50/><D127/><U125/><E125/><V87/><F130/><W124/><G124/><T86/><D73/><U48/><E100/><V99/><F40/><N who="3" m="15435" /><G104/><T27/><D50/><U83/><E11/><V33/><F33/><N who="3" m="20615" /><G82/><T32/><D86/><N who="1" m="50399" /><E38/><V13/><F3/><N who="3" m="63" /><G113/><T105/><D105/><U76/><E76/><V53/><F78/><W98/><G98/><T23/><D32/><U77/><E77/><V91/><F91/><W79/><G79/><T85/><D85/><U108/><E108/><V129/><F129/><W42/><N who="3" m="15443" /><W34/><DORA hai="97" /><G34/><T132/><D132/><N who="1" m="50731" /><E65/><N who="0" m="25161" /><D68/><U72/><E72/><V39/><F39/><W126/><G126/><T103/><D103/><U60/><E45/><V55/><F4/><AGARI ba="2,2" hai="4,10,14,23,27,31,61,63,116,118,119" m="25161" machi="4" ten="30,1000,0" yaku="12,1" doraHai="30,97" who="0" fromWho="2" sc="176,36,399,0,216,-16,189,0" /><INIT seed="7,0,0,0,3,29" ten="212,399,200,189" oya="3" hai0="64,80,51,76,69,19,57,97,130,40,36,109,125" hai1="74,66,119,3,56,16,113,99,62,75,82,53,84" hai2="96,95,48,38,94,59,42,7,67,50,43,35,106" hai3="124,22,102,23,28,73,132,12,17,52,47,98,85"/><W117/><G73/><T58/><D109/><U27/><E3/><V101/><F38/><W121/><G121/><T118/><D118/><U92/><E119/><V44/><F35/><W122/><G122/><T15/><D36/><U100/><E113/><V88/><F7/><W77/><G117/><T39/><D39/><U133/><E133/><V126/><F126/><W128/><G124/><T4/><D4/><U55/><E75/><V31/><F31/><W60/><G132/><T120/><D120/><U54/><E74/><V116/><F116/><W70/><G70/><T11/><D130/><U110/><E110/><V112/><F112/><W131/><G85/><T108/><D108/><U49/><E49/><N who="2" m="26783" /><F106/><N who="3" m="63831" /><G77/><T6/><D125/><U135/><E135/><V33/><F33/><W83/><G83/><T134/><D134/><U25/><E16/><V111/><F42/><W115/><G115/><T129/><D129/><N who="3" m="49737" /><G28/><T123/><D123/><U8/><E8/><V10/><F10/><N who="3" m="6295" /><G60/><T9/><D69/><U81/><E81/><V103/><F111/><W2/><G2/><N who="0" m="215" /><D97/><U79/><AGARI ba="0,0" hai="25,27,53,54,55,56,62,66,79,82,84,92,99,100" machi="79" ten="30,2000,0" yaku="0,1,8,1" doraHai="29" who="1" fromWho="1" sc="212,-5,399,20,200,-5,189,-10" owari="207,1.0,419,51.0,195,-20.0,179,-32.0" /></mjloggm>