<mjloggm ver="2.3"><GO type="169" lobby="0"/><UN n0="%E3%82%A6%E3%83%AB%E3%83%88%E3%83%A9%E7%AB%8B%E7%9B%B4" n1="%E3%82%AC%E3%83%9F%E3%82%B4%E3%83%B3" n2="%3D%4A%61%6D" n3="%74%75%74%69%79%61" dan="18,17,16,16" rate="2242.66,2189.82,2064.95,2072.32" sx="M,M,M,M"/><TAIKYOKU oya="0"/><INIT seed="0,0,0,4,3,78" ten="250,250,250,250" oya="0" hai0="53,17,112,135,59,68,129,91,10,34,46,24,109" hai1="82,58,35,77,95,11,61,50,84,22,94,27,133" hai2="52,15,92,98,134,42,89,113,20,44,123,96,12" hai3="67,83,26,32,25,1,101,88,127,2,108,132,48"/><T102/><D112/><U117/><E133/><V29/><F113/><W80/><G132/><T54/><D135/><U106/><E106/><V71/><F71/><W75/><G127/><T72/><D68/><U111/><E111/><V76/><F134/><W85/><G108/><T60/><D109/><U19/><E117/><V28/><F76/><W64/><G101/><T47/><D129/><U43/><E35/><V6/><F123/><W56/><G75/><T65/><D72/><U131/><E131/><V21/><F6/><W31/><G83/><T107/><D107/><U57/><E11/><V93/><F44/><N who="0" m="16938" /><D34/><U18/><E18/><V73/><F73/><W87/><G87/><T99/><D102/><U97/><E43/><V23/><F42/><W14/><G25/><T118/><D118/><U0/><E0/><V81/><F81/><W86/><G86/><T51/><D51/><U38/><E38/><V7/><F7/><W8/><G64/><T128/><D128/><U9/><E9/><V4/><F4/><W41/><G67/><T30/><D30/><N who="2" m="11882" /><F52/><N who="0" m="20074" /><D10/><U125/><E50/><V40/><F40/><W13/><G41/><T103/><D103/><AGARI ba="0,0" hai="12,15,20,21,23,89,92,93,96,98,103" m="11882" machi="103" ten="30,1000,0" yaku="8,1" doraHai="78" who="2" fromWho="0" sc="250,-10,250,0,250,10,250,0" /><INIT seed="1,0,0,1,1,62" ten="240,250,260,250" oya="1" hai0="93,112,73,3,135,115,30,50,16,77,46,27,83" hai1="44,24,68,125,103,108,42,113,90,97,129,132,114" hai2="21,71,20,94,6,52,54,9,48,91,128,31,56" hai3="87,123,12,124,5,35,38,45,84,61,74,104,102"/><U15/><E129/><V122/><F71/><W81/><G35/><T110/><D110/><U28/><E132/><V78/><F122/><W95/><G123/><T26/><D135/><U13/><E125/><V36/><F36/><W118/><G124/><T4/><D4/><U70/><E90/><V29/><F78/><W64/><G118/><T33/><D3/><U120/><E120/><V109/><F109/><W67/><G104/><T76/><D93/><U127/><E127/><V41/><F128/><W98/><G74/><T80/><D27/><U116/><E108/><V72/><F72/><W47/><G87/><T14/><D80/><U58/><E116/><V22/><F41/><W23/><G38/><T37/><D37/><U100/><E58/><V63/><F9/><N who="3" m="4143" /><G23/><T117/><D77/><U7/><E70/><V40/><F40/><W133/><G133/><T88/><D88/><U65/><E7/><V105/><F105/><W69/><G69/><T34/><D34/><U57/><E68/><V51/><F6/><W75/><G75/><T111/><D111/><U66/><E114/><V79/><F79/><N who="3" m="46143" /><G61/><T89/><D89/><U11/><E113/><V19/><F63/><W82/><G82/><T55/><REACH who="0" step="1"/><D117/><REACH who="0" ten="230,250,260,250" step="2"/><U130/><E24/><V99/><F19/><W43/><G43/><T49/><D49/><U53/><E42/><V0/><F0/><W131/><G131/><T60/><D60/><U134/><E130/><V59/><AGARI ba="0,1" hai="20,21,22,29,31,48,51,52,54,56,59,91,94,99" machi="59" ten="30,7900,0" yaku="0,1,9,1,8,1,54,1" doraHai="62" who="2" fromWho="2" sc="230,-20,250,-39,260,89,250,-20" /><INIT seed="2,0,0,0,3,59" ten="210,211,349,230" oya="2" hai0="92,71,41,124,37,64,4,126,56,105,35,118,108" hai1="109,130,52,94,115,101,88,61,51,106,131,19,55" hai2="18,25,98,125,119,100,21,60,29,81,128,113,117" hai3="76,46,57,112,110,54,103,65,66,2,39,32,67"/><V90/><F113/><W83/><G110/><T10/><D105/><U99/><E115/><V134/><F128/><N who="1" m="49193" /><E109/><V11/><F125/><W36/><G112/><T58/><D35/><U27/><E51/><V62/><F134/><W133/><G32/><T43/><D108/><U53/><E27/><V28/><F119/><W111/><G111/><T123/><D123/><U31/><E31/><N who="2" m="11851" /><F117/><W93/><G2/><T87/><D118/><U84/><E19/><V68/><F68/><W6/><G46/><T120/><D120/><U63/><AGARI ba="0,0" hai="52,53,55,61,63,84,88,94,99,101,106" m="49193" machi="63" ten="40,8000,1" yaku="19,1,52,2,54,2" doraHai="59" who="1" fromWho="1" sc="210,-20,211,80,349,-40,230,-20" /><INIT seed="3,0,0,2,2,8" ten="190,291,309,210" oya="3" hai0="94,69,63,76,3,84,111,91,78,60,106,61,54" hai1="118,79,132,49,133,86,30,127,74,114,59,123,112" hai2="119,28,135,115,128,82,90,89,87,22,71,52,23" hai3="62,13,98,11,92,0,117,56,109,43,83,24,100"/><W47/><G117/><T7/><D111/><U97/><E123/><V5/><F115/><W41/><G109/><T17/><D106/><U12/><E118/><V32/><F71/><W51/><G0/><T72/><D72/><U75/><E30/><V93/><F119/><W19/><G83/><T103/><D69/><U73/><E127/><V37/><F37/><W25/><REACH who="3" step="1"/><G43/><REACH who="3" ten="190,291,309,200" step="2"/><T33/><D3/><U80/><E114/><V77/><F82/><W44/><G44/><T50/><D78/><U64/><E112/><V36/><F77/><W53/><AGARI ba="0,1" hai="11,13,19,24,25,41,47,51,53,56,62,92,98,100" machi="53" ten="20,12000,1" yaku="1,1,0,1,7,1,8,1,52,1,53,0" doraHai="8" doraHaiUra="29" who="3" fromWho="3" sc="190,-40,291,-40,309,-40,200,130" /><INIT seed="3,1,0,1,4,33" ten="150,251,269,330" oya="3" hai0="106,64,25,93,0,1,10,92,107,69,4,87,85" hai1="72,12,5,81,86,114,34,129,38,118,126,132,67" hai2="63,52,56,83,99,80,109,97,123,108,102,116,29" hai3="50,24,95,7,82,122,125,59,62,98,3,57,45"/><W101/><G122/><T28/><D64/><U15/><E114/><V77/><F116/><W73/><G125/><T42/><D69/><U84/><E34/><V78/><F29/><W37/><G37/><T44/><D87/><U40/><E126/><V119/><F119/><W2/><G7/><T30/><D30/><U128/><E118/><V70/><F70/><W49/><G24/><T134/><D134/><U66/><E132/><V43/><F43/><W27/><G27/><T61/><D61/><U127/><E127/><V39/><F39/><W41/><G50/><T79/><D93/><U89/><E84/><N who="2" m="48143" /><F102/><W120/><G120/><T104/><D92/><U135/><E72/><V16/><F16/><W58/><REACH who="3" step="1"/><G62/><REACH who="3" ten="150,251,269,320" step="2"/><T9/><D4/><U131/><E5/><V117/><F117/><W75/><G75/><T32/><D25/><U17/><E135/><V21/><F123/><W13/><G13/><N who="1" m="5194" /><E17/><V90/><F63/><W11/><G11/><T105/><D10/><U113/><E113/><V68/><F109/><W55/><G55/><T103/><D9/><U6/><E6/><V121/><F121/><W88/><G88/><T76/><D28/><U112/><E112/><V110/><F90/><W60/><G60/><T115/><D115/><U51/><E38/><V130/><F110/><W111/><G111/><T133/><D133/><U94/><E51/><V124/><F124/><W71/><G71/><T65/><D32/><U36/><E36/><V26/><F68/><W100/><G100/><T46/><N who="0" m="26624" /><DORA hai="91" /><T19/><D103/><U96/><E40/><V35/><F108/><RYUUKYOKU ba="1,1" sc="150,-15,251,15,269,-15,320,15" hai1="66,67,81,86,89,94,96,128,129,131" hai3="2,3,41,45,49,57,58,59,73,82,95,98,101" /><INIT seed="3,2,1,5,5,118" ten="135,266,254,335" oya="3" hai0="104,101,120,58,40,37,48,110,21,54,84,7,66" hai1="127,124,131,50,13,111,57,80,20,96,44,9,68" hai2="8,41,102,82,135,99,81,67,106,3,11,134,10" hai3="64,107,28,123,92,4,25,119,59,73,19,70,97"/><W89/><G119/><T31/><D110/><U33/><E68/><V65/><F41/><W98/><G4/><T121/><D7/><U69/><E69/><V36/><F36/><W29/><G73/><T87/><D66/><N who="2" m="25098" /><F3/><W38/><G38/><T75/><D75/><U116/><E33/><V79/><F79/><W128/><G123/><T52/><D40/><U42/><E116/><V45/><F45/><W130/><G70/><T117/><D37/><U2/><E131/><N who="3" m="50218" /><G64/><T85/><D117/><U74/><E111/><V18/><F18/><W93/><G107/><T34/><D34/><U90/><E57/><V76/><F76/><W78/><G78/><T109/><D109/><U86/><E74/><V77/><F77/><W22/><G59/><T46/><D101/><AGARI ba="2,1" hai="19,22,25,28,29,89,92,93,97,98,101" m="50218" machi="101" ten="30,1500,0" yaku="19,1" doraHai="118" who="3" fromWho="0" sc="135,-21,266,0,254,0,335,31" /><INIT seed="3,3,0,3,0,10" ten="114,266,254,366" oya="3" hai0="45,125,25,59,20,69,84,107,54,106,105,29,132" hai1="1,27,117,37,50,111,13,21,102,7,43,48,100" hai2="121,99,88,15,85,40,36,130,67,114,18,16,23" hai3="65,87,60,3,123,42,113,72,133,108,44,39,56"/><W51/><G123/><T6/><D69/><U38/><E111/><V131/><F114/><W89/><G113/><T31/><D125/><U11/><E117/><V61/><F121/><W70/><G72/><T71/><D71/><U5/><E5/><V62/><F99/><W41/><G3/><T30/><D132/><U34/><E102/><V14/><F40/><W135/><G108/><T68/><D68/><U58/><E100/><V9/><F36/><W53/><REACH who="3" step="1"/><G42/><REACH who="3" ten="114,266,254,356" step="2"/><T122/><D122/><U118/><E43/><V49/><F49/><W91/><G91/><T33/><D107/><U103/><E50/><V19/><F130/><W46/><G46/><T64/><D106/><U112/><E112/><V104/><F104/><W12/><G12/><T119/><D105/><U32/><E1/><V90/><F131/><W35/><G35/><T66/><D33/><U80/><E34/><V79/><F62/><W126/><G126/><T98/><D45/><U109/><E32/><V93/><F79/><W17/><G17/><T127/><D127/><U94/><E109/><V28/><F90/><W124/><G124/><T63/><D63/><U83/><E38/><V4/><F28/><W101/><G101/><T86/><D31/><N who="1" m="17903" /><E37/><V129/><F129/><W26/><G26/><T75/><D25/><U128/><E128/><V116/><F116/><W77/><G77/><T134/><D30/><U57/><E118/><V92/><F93/><AGARI ba="3,1" hai="39,41,44,51,53,56,60,65,70,87,89,93,133,135" machi="93" ten="40,7700,0" yaku="1,1,24,2,53,0" doraHai="10" doraHaiUra="24" who="3" fromWho="2" sc="114,0,266,0,254,-86,356,96" /><INIT seed="3,4,0,0,2,115" ten="114,266,168,452" oya="3" hai0="83,87,7,75,89,15,11,132,40,103,54,105,76" hai1="127,45,72,134,121,97,101,33,57,53,44,113,5" hai2="48,133,131,41,60,0,116,118,20,100,111,18,70" hai3="3,135,125,8,37,29,9,59,2,43,62,46,79"/><W63/><G135/><T35/><D132/><U98/><E134/><V56/><F0/><W119/><G119/><T51/><D35/><U81/><E121/><V95/><F133/><W21/><G125/><T122/><D122/><U49/><E113/><V52/><F111/><W74/><G63/><T19/><D19/><U112/><E112/><V85/><F131/><W12/><G8/><T126/><D126/><U90/><E33/><V107/><F107/><W30/><G74/><T50/><D54/><U84/><E127/><V77/><F77/><W124/><G79/><T39/><D39/><U10/><E72/><V109/><F109/><W120/><G120/><T110/><D40/><U32/><E32/><V114/><F114/><W94/><G94/><T117/><D117/><U17/><E17/><V55/><F41/><W64/><G124/><T66/><D66/><U88/><E90/><N who="2" m="53711" /><F55/><W123/><G123/><T61/><D61/><U38/><E38/><V128/><F100/><W25/><REACH who="3" step="1"/><G30/><REACH who="3" ten="114,266,168,442" step="2"/><T69/><D110/><U92/><REACH who="1" step="1"/><E98/><REACH who="1" ten="114,256,168,442" step="2"/><V130/><F128/><W31/><G31/><T108/><D108/><U93/><E93/><V1/><F130/><W42/><G42/><T68/><D75/><U34/><E34/><V13/><F1/><AGARI ba="4,2" hai="1,5,10,44,45,49,53,57,81,84,88,92,97,101" machi="1" ten="30,7700,0" yaku="1,1,7,1,54,1,53,1" doraHai="115" doraHaiUra="80" who="1" fromWho="2" sc="114,0,256,109,168,-89,442,0" /><INIT seed="4,0,0,2,0,109" ten="114,365,79,442" oya="0" hai0="58,130,85,72,79,33,38,108,73,89,54,125,132" hai1="51,32,105,76,71,69,34,29,37,131,110,7,124" hai2="119,44,134,120,28,0,104,6,17,86,13,94,20" hai3="50,107,42,82,133,128,53,113,25,116,41,106,78"/><T2/><D33/><U81/><E110/><V27/><F104/><W1/><G116/><T45/><D108/><U63/><E37/><V101/><F120/><W23/><G1/><T55/><D2/><U57/><E105/><V80/><F119/><W92/><G128/><T127/><D130/><U26/><E131/><V96/><F134/><W14/><G133/><T31/><D31/><U118/><E118/><V61/><F0/><W74/><G113/><T68/><D68/><U77/><E124/><N who="0" m="47689" /><D79/><U48/><E34/><V111/><F111/><W36/><G14/><T62/><D132/><U114/><E114/><V90/><F61/><W65/><G65/><T11/><D11/><U22/><E77/><V91/><F44/><W18/><G106/><T95/><D55/><U47/><E32/><V70/><F70/><W12/><G107/><T19/><D19/><U83/><E71/><V10/><REACH who="2" step="1"/><F101/><REACH who="2" ten="114,365,69,442" step="2"/><W66/><G66/><T59/><D59/><U100/><E100/><V121/><F121/><W24/><G36/><T87/><D38/><U75/><E69/><V122/><F122/><W8/><G42/><T93/><D45/><U67/><E47/><V49/><F49/><W64/><G41/><T102/><D102/><U5/><E51/><V46/><F46/><W99/><G64/><T60/><D60/><U135/><E135/><V40/><F40/><W9/><G50/><T112/><D112/><U15/><E48/><V4/><AGARI ba="0,1" hai="4,6,10,13,17,20,27,28,80,86,90,91,94,96" machi="4" ten="30,7900,0" yaku="1,1,0,1,8,1,53,1" doraHai="109" doraHaiUra="88" who="2" fromWho="2" sc="114,-39,365,-20,69,89,442,-20" /><INIT seed="5,0,0,4,0,47" ten="75,345,158,422" oya="1" hai0="51,120,65,20,73,81,124,36,29,103,80,79,71" hai1="92,128,22,127,86,74,43,100,108,61,130,19,13" hai2="37,129,134,118,52,64,11,75,5,119,107,104,114" hai3="68,110,66,116,126,133,105,17,85,26,101,58,111"/><U12/><E74/><V70/><F37/><W15/><G26/><T87/><D36/><U77/><E127/><V62/><F75/><W45/><G58/><T96/><D124/><U30/><E108/><V1/><F134/><W38/><G85/><T125/><D125/><U14/><E30/><V122/><F122/><W109/><G126/><T31/><D120/><U67/><E43/><V25/><F25/><W113/><G133/><T106/><D20/><U78/><E130/><V3/><F3/><W132/><G132/><T2/><D2/><U48/><E128/><V63/><F129/><W9/><G45/><T97/><D97/><U83/><E78/><V41/><F41/><W54/><G54/><T10/><D10/><U59/><REACH who="1" step="1"/><E48/><REACH who="1" ten="75,335,158,422" step="2"/><V46/><F119/><W117/><G117/><T56/><D29/><U123/><E123/><V16/><F118/><W112/><G116/><T115/><D31/><U24/><E24/><V50/><F114/><N who="3" m="44139" /><G38/><T102/><D115/><U98/><AGARI ba="0,1" hai="12,13,14,19,22,59,61,67,77,83,86,92,98,100" machi="98" ten="30,6000,0" yaku="1,1,0,1,8,1,53,0" doraHai="47" doraHaiUra="21" who="1" fromWho="1" sc="75,-20,335,70,158,-20,422,-20" /><INIT seed="5,1,0,0,2,9" ten="55,405,138,402" oya="1" hai0="25,126,23,72,4,38,115,116,92,51,127,15,40" hai1="43,50,65,120,121,49,57,108,63,47,30,93,80" hai2="88,83,79,32,22,106,81,125,82,70,27,33,118" hai3="129,42,52,135,59,103,35,17,89,14,68,39,128"/><U20/><E108/><V31/><F118/><W12/><G68/><T6/><D38/><U84/><E93/><V67/><F106/><W11/><G35/><T91/><D72/><U99/><E99/><V3/><F3/><W48/><G103/><T53/><D40/><U133/><E133/><V58/><F70/><W77/><G135/><T123/><D116/><U28/><E121/><V122/><F122/><W56/><G77/><T134/><D115/><U29/><E120/><V7/><F7/><W131/><G59/><T69/><D69/><U110/><E110/><V54/><F67/><W114/><G114/><T117/><D117/><U21/><REACH who="1" step="1"/><E50/><REACH who="1" ten="55,395,138,402" step="2"/><N who="2" m="31063" /><F125/><W60/><G48/><T74/><D134/><U64/><E64/><V75/><F75/><W2/><G131/><T102/><D74/><U104/><E104/><V111/><F111/><W107/><G129/><T94/><D123/><U119/><E119/><V109/><F109/><W19/><G128/><T37/><D127/><U132/><E132/><V112/><F112/><W45/><G107/><T87/><D126/><U18/><E18/><V34/><F79/><AGARI ba="1,1" hai="20,21,28,29,30,43,47,49,57,63,65,79,80,84" machi="79" ten="40,3900,0" yaku="1,1,8,1,53,0" doraHai="9" doraHaiUra="124" who="1" fromWho="2" sc="55,0,395,52,138,-42,402,0" /><INIT seed="5,2,0,5,0,34" ten="55,447,96,402" oya="1" hai0="54,125,25,113,9,131,63,126,83,45,2,33,118" hai1="60,96,95,15,65,37,104,107,92,57,11,73,12" hai2="97,68,39,3,7,71,108,67,21,61,10,111,70" hai3="102,14,41,123,66,4,69,101,50,112,49,134,121"/><U43/><E73/><V133/><F21/><W77/><G134/><T122/><D118/><U80/><E15/><V58/><F133/><W128/><G128/><T62/><D113/><U105/><E96/><V64/><F39/><W8/><G112/><T127/><D131/><U16/><REACH who="1" step="1"/><E80/><REACH who="1" ten="55,437,96,402" step="2"/><V44/><F97/><W72/><G14/><T93/><D83/><U23/><E23/><V40/><F111/><W94/><G72/><T100/><D122/><U42/><E42/><V90/><F108/><W35/><G41/><T31/><D93/><U48/><E48/><V32/><F32/><W19/><G49/><N who="0" m="28975" /><D100/><U56/><E56/><V86/><F58/><W29/><G50/><T47/><D47/><AGARI ba="2,1" hai="11,12,16,37,43,47,57,60,65,92,95,104,105,107" machi="47" ten="40,3900,0" yaku="1,1,54,1,53,0" doraHai="34" doraHaiUra="51" who="1" fromWho="0" sc="55,-45,437,55,96,0,402,0" /><INIT seed="5,3,0,5,1,55" ten="10,492,96,402" oya="1" hai0="47,91,1,69,99,71,3,62,46,39,128,45,130" hai1="113,97,95,82,50,89,33,88,54,79,123,85,58" hai2="77,102,74,114,80,86,31,92,27,49,126,51,0" hai3="22,115,26,63,44,21,42,43,75,4,38,107,83"/><U124/><E123/><V18/><F0/><N who="0" m="74" /><D99/><U127/><E113/><V15/><F114/><W56/><G115/><T104/><D62/><U134/><E33/><V16/><F126/><N who="1" m="48169" /><E134/><V122/><F122/><W23/><G107/><T64/><D104/><U125/><N who="1" m="48177" /><U108/><DORA hai="65" /><E108/><V119/><F119/><W121/><G121/><T11/><D64/><U19/><E19/><V118/><F118/><W111/><G111/><T20/><D39/><U76/><AGARI ba="3,0" hai="50,54,58,76,79,82,85,88,89,95,97" m="48177" machi="76" ten="40,7800,0" yaku="18,1,52,1,54,1" doraHai="55,65" who="1" fromWho="1" sc="10,-29,492,87,96,-29,402,-29" owari="-19,-52.0,579,68.0,67,-33.0,373,17.0" /></mjloggm>