<mjloggm ver="2.3"><GO type="169" lobby="0"/><UN n0="%E3%83%8F%E3%83%8D%E3%83%A0%E3%83%BC%E3%83%B3%E2%98%85%E6%B2%B3%E7%AB%A5" n1="%E5%B0%B1%E6%B4%BB%E7%94%9F%40%E5%B7%9D%E6%9D%91%E8%BB%8D%E5%9B%A3" n2="%E3%81%84%E3%81%AC%E3%81%98%E3%82%83%E3%82%89%EF%BC%94" n3="%5A%75%74%74%61%6B%61" dan="16,18,18,17" rate="2152.86,2273.71,2176.51,2187.81" sx="M,M,M,M"/><TAIKYOKU oya="0"/><INIT seed="0,0,0,4,3,49" ten="250,250,250,250" oya="0" hai0="19,44,29,99,1,6,101,35,85,53,113,65,109" hai1="32,62,104,7,116,72,74,39,79,114,128,51,8" hai2="33,17,38,0,68,52,127,57,18,20,70,89,135" hai3="102,83,81,115,84,36,119,54,86,120,28,42,80"/><T31/><D65/><U22/><E32/><V5/><F33/><W12/><G119/><T134/><D35/><U45/><E116/><V88/><F38/><W30/><G115/><T9/><D113/><U4/><E114/><V3/><F127/><W126/><G126/><T69/><D69/><U46/><E104/><V130/><F130/><W2/><G2/><T131/><D131/><U56/><E128/><V103/><F103/><W129/><G129/><T71/><D71/><U55/><E4/><V108/><F108/><W40/><G102/><T14/><D85/><N who="3" m="32873" /><G36/><T16/><D134/><U27/><E45/><V96/><F135/><W112/><G112/><T106/><D109/><U95/><E95/><N who="2" m="56423" /><F18/><W111/><G111/><T37/><D19/><U11/><E39/><V107/><F89/><W25/><G12/><T64/><D64/><U87/><E87/><V110/><F107/><W124/><G124/><T58/><D44/><U77/><E74/><V23/><F23/><W82/><G120/><T122/><D122/><U125/><E125/><V13/><F110/><W43/><N who="3" m="20480" /><DORA hai="48" /><W91/><G91/><T41/><D41/><N who="1" m="25039" /><E72/><V15/><F0/><W98/><G98/><T63/><D37/><U78/><E7/><V94/><F94/><W60/><G25/><T117/><D117/><U26/><E27/><V61/><F3/><W21/><G21/><AGARI ba="0,0" hai="1,6,9,14,16,21,29,31,53,58,63,99,101,106" machi="21" ten="30,11600,0" yaku="7,1,52,2,54,1" doraHai="49,48" who="0" fromWho="3" sc="250,116,250,0,250,0,250,-116" /><INIT seed="0,1,0,5,2,133" ten="366,250,250,134" oya="0" hai0="95,15,99,114,78,54,66,125,74,29,44,64,76" hai1="87,67,79,100,58,37,135,10,110,20,13,80,33" hai2="83,36,8,61,134,16,21,38,59,22,77,43,24" hai3="57,84,18,26,23,105,27,94,39,35,96,90,107"/><T30/><D74/><U1/><E33/><V49/><F134/><W108/><G108/><T93/><D114/><U51/><E37/><V92/><F8/><W34/><G39/><T68/><D68/><U89/><E135/><V103/><F49/><W123/><G123/><T119/><D15/><U131/><E110/><V55/><F43/><W28/><G35/><T46/><D99/><U126/><E131/><V118/><F118/><W86/><G84/><T52/><REACH who="0" step="1"/><D125/><REACH who="0" ten="356,250,250,134" step="2"/><U41/><E126/><V112/><F112/><W132/><G132/><T71/><D71/><U127/><E127/><V117/><F117/><AGARI ba="1,1" hai="29,30,44,46,52,54,64,66,76,78,93,95,117,119" machi="117" ten="25,18000,2" yaku="1,1,22,2,54,1,53,2" doraHai="133" doraHaiUra="113" who="0" fromWho="2" sc="356,193,250,0,250,-183,134,0" /><INIT seed="0,2,0,4,5,86" ten="549,250,67,134" oya="0" hai0="92,15,105,72,48,109,4,42,37,100,116,87,131" hai1="22,121,70,129,6,17,83,24,41,71,135,107,46" hai2="122,128,54,125,76,47,94,7,75,12,1,95,78" hai3="97,10,60,90,118,40,93,80,3,88,101,16,74"/><T56/><D72/><U111/><E121/><V89/><F122/><W68/><G118/><T53/><D105/><U114/><E107/><V14/><F125/><W18/><G40/><T103/><D116/><U98/><E114/><V81/><F128/><W38/><G38/><T120/><D37/><U32/><E111/><V66/><F66/><W117/><G117/><T126/><D120/><U55/><E135/><V99/><F78/><W9/><G68/><T104/><D104/><U35/><E6/><V119/><F119/><W127/><G127/><T59/><D42/><U65/><E55/><V8/><F47/><W19/><G60/><T36/><D36/><U45/><E45/><V30/><F54/><W57/><G57/><T102/><D126/><U123/><E129/><V61/><F61/><W31/><G31/><T20/><D131/><U64/><E123/><V85/><REACH who="2" step="1"/><F30/><REACH who="2" ten="549,250,57,134" step="2"/><W29/><G29/><T112/><D53/><U108/><E65/><V96/><F96/><W113/><G113/><T106/><D112/><U82/><E98/><V27/><F27/><W49/><G49/><T84/><D48/><U58/><E64/><V25/><F25/><W21/><G97/><T132/><D56/><U39/><E58/><V2/><F2/><W11/><G3/><T91/><D59/><U62/><E62/><V73/><F73/><W28/><G74/><T50/><D50/><U5/><E46/><V63/><F63/><W134/><G28/><T43/><D43/><U13/><E41/><V0/><F0/><W77/><G77/><T23/><D132/><U79/><E79/><RYUUKYOKU ba="2,1" sc="549,-10,250,-10,57,30,134,-10" hai2="1,7,8,12,14,75,76,81,85,89,94,95,99" /><INIT seed="1,3,1,5,4,85" ten="539,240,87,124" oya="1" hai0="74,129,112,116,27,19,135,81,64,2,44,1,36" hai1="127,67,124,89,88,40,134,120,23,107,82,121,92" hai2="119,94,15,52,48,114,4,113,34,97,71,96,38" hai3="106,75,126,49,8,51,28,63,56,125,58,18,118"/><U117/><E107/><V104/><F119/><W128/><G75/><T39/><D64/><U73/><E40/><V35/><F38/><W43/><G106/><T30/><D19/><U24/><E117/><V41/><F41/><W86/><G118/><T130/><D116/><U111/><E67/><V0/><F0/><N who="0" m="106" /><D112/><N who="2" m="43114" /><F71/><W79/><G28/><T10/><D10/><U84/><E134/><V65/><F65/><N who="3" m="39143" /><G128/><N who="0" m="49259" /><D44/><U29/><E111/><V17/><F104/><W95/><G43/><T61/><D61/><U59/><E59/><N who="2" m="33159" /><F4/><W70/><G70/><T101/><D101/><U66/><E66/><V133/><F133/><W90/><G58/><T72/><D135/><U110/><E110/><V13/><F13/><N who="3" m="7463" /><G79/><N who="0" m="44279" /><D72/><U60/><E60/><V45/><F45/><W5/><G5/><T76/><D76/><U87/><REACH who="1" step="1"/><E73/><REACH who="1" ten="539,230,87,124" step="2"/><V9/><F97/><W93/><G126/><AGARI ba="3,2" hai="23,24,29,82,84,87,88,89,92,120,121,124,126,127" machi="126" ten="40,18000,2" yaku="1,1,2,1,18,1,52,2,54,1,53,1" doraHai="85" doraHaiUra="22" who="1" fromWho="3" sc="539,0,230,209,87,0,124,-189" owari="539,64.0,439,24.0,87,-31.0,-65,-57.0" /></mjloggm>