<mjloggm ver="2.3"><GO type="169" lobby="0"/><UN n0="%E9%9D%92%E7%8C%AB" n1="%E5%8C%97%E7%99%BD%E5%B7%9D%E3%81%82%E3%82%93%E3%81%93" n2="%74%61%74%73%75%37%30%32" n3="%E3%83%88%E3%83%88%E3%83%AA%E5%85%88%E7%94%9F%31%39%E6%AD%B3" dan="17,16,16,19" rate="2084.12,2142.67,2143.33,2330.65" sx="M,F,M,F"/><TAIKYOKU oya="0"/><INIT seed="0,0,0,1,4,81" ten="250,250,250,250" oya="0" hai0="1,33,125,134,9,12,65,19,14,133,34,127,104" hai1="90,77,66,83,98,124,91,2,86,50,18,118,131" hai2="87,5,16,99,58,112,40,57,37,59,41,25,46" hai3="107,21,105,88,48,123,61,26,135,89,103,52,15"/><T20/><D104/><U11/><E118/><V126/><F126/><N who="0" m="48138" /><D1/><U85/><E124/><V113/><F41/><W4/><G135/><N who="0" m="51723" /><D65/><U0/><E0/><V36/><F36/><W128/><G128/><T42/><D42/><U122/><E131/><V53/><F5/><AGARI ba="0,0" hai="5,9,12,14,19,20,33,34" m="51723,48138" machi="5" ten="30,11600,0" yaku="18,1,20,1,34,2" doraHai="81" who="0" fromWho="2" sc="250,116,250,0,250,-116,250,0" /><INIT seed="0,1,0,3,2,16" ten="366,250,134,250" oya="0" hai0="94,66,92,106,122,17,125,44,80,18,133,67,45" hai1="105,39,135,76,114,129,113,54,77,46,56,132,61" hai2="86,42,78,27,25,21,40,8,116,11,82,12,119" hai3="107,32,35,30,22,128,84,7,98,64,0,65,73"/><T55/><D106/><U88/><E105/><V127/><F127/><W48/><G73/><T108/><D125/><U36/><E77/><V2/><F2/><W59/><G128/><T29/><D29/><U83/><E129/><V50/><F27/><W6/><G84/><T41/><D122/><U79/><E79/><V103/><F11/><W37/><G37/><T53/><D80/><U52/><E88/><V70/><F70/><W85/><G85/><T33/><D33/><U95/><E95/><V121/><F103/><W131/><G48/><T47/><D47/><U109/><E109/><V117/><F50/><W60/><G65/><T28/><D28/><U102/><E102/><V43/><F121/><W130/><G35/><T5/><D5/><N who="3" m="1545" /><G0/><T101/><D101/><U72/><E39/><V23/><REACH who="2" step="1"/><F25/><REACH who="2" ten="366,250,124,250" step="2"/><N who="3" m="16695" /><G130/><T91/><D108/><U19/><E19/><AGARI ba="1,1" hai="8,12,19,21,23,40,42,43,78,82,86,116,117,119" machi="19" ten="50,8000,1" yaku="1,1,12,1,52,2,53,0" doraHai="16" doraHaiUra="3" who="2" fromWho="1" sc="366,0,250,-83,124,93,250,0" /><INIT seed="1,0,0,3,3,14" ten="366,167,217,250" oya="1" hai0="24,23,12,38,96,61,86,103,0,89,105,51,25" hai1="124,41,59,27,113,10,115,101,81,88,4,68,15" hai2="77,116,95,120,121,130,111,32,91,21,127,118,8" hai3="11,7,17,75,109,54,82,20,52,37,123,49,99"/><U98/><E68/><V60/><F32/><W26/><G123/><T2/><D38/><U69/><E69/><V1/><F1/><W29/><G37/><T39/><D39/><U19/><E124/><V117/><F60/><W35/><G109/><T114/><D114/><U47/><E59/><V53/><F53/><W44/><G99/><T126/><D126/><U67/><E67/><V76/><F8/><W110/><G110/><T94/><D25/><U70/><E70/><V78/><F111/><W66/><G66/><T62/><D12/><U5/><E113/><V112/><F112/><W64/><G64/><T97/><D97/><U134/><E134/><V108/><F108/><W129/><G129/><T132/><D132/><U73/><E27/><V13/><F127/><W85/><G75/><T46/><D0/><U106/><E115/><V42/><F42/><W28/><G35/><T55/><REACH who="0" step="1"/><D2/><REACH who="0" ten="356,167,217,250" step="2"/><U92/><E41/><V79/><N who="2" m="19456" /><DORA hai="18" /><V133/><F133/><W84/><G84/><T40/><D40/><U45/><E73/><V71/><F71/><W135/><G85/><T57/><D57/><U72/><E72/><V125/><F125/><W100/><G135/><T56/><D56/><U119/><E119/><V93/><F130/><W30/><G26/><T31/><AGARI ba="0,1" hai="23,24,31,46,51,55,61,62,86,89,94,96,103,105" machi="31" ten="20,8000,1" yaku="1,1,0,1,7,1,52,1,53,1" doraHai="14,18" doraHaiUra="43,34" who="0" fromWho="0" sc="356,90,167,-40,217,-20,250,-20" /><INIT seed="2,0,0,5,5,49" ten="446,127,197,230" oya="2" hai0="43,88,60,50,103,44,14,98,134,124,118,46,121" hai1="38,87,34,80,129,105,5,48,25,93,94,76,18" hai2="92,26,40,99,106,15,47,4,54,39,1,123,12" hai3="71,113,72,24,21,75,70,20,125,84,13,90,7"/><V67/><F123/><W30/><G125/><T89/><D121/><U27/><E38/><V120/><F106/><W100/><G113/><T128/><D124/><U62/><E105/><V2/><F120/><W59/><G100/><T65/><D128/><U131/><E5/><V114/><F114/><W96/><G96/><T29/><D134/><U53/><E62/><V28/><F67/><W0/><G0/><T51/><D29/><U81/><E81/><V8/><F2/><W68/><G59/><T127/><D14/><U42/><E42/><V82/><F82/><W31/><G7/><T135/><D135/><U11/><E27/><V19/><F19/><W111/><G111/><T22/><D22/><U3/><E3/><V33/><F54/><W97/><G97/><T57/><D118/><U66/><E66/><V78/><REACH who="2" step="1"/><F78/><REACH who="2" ten="446,127,187,230" step="2"/><W79/><G79/><T55/><D127/><U32/><E131/><V45/><F45/><W115/><G115/><T35/><D35/><U108/><E129/><V58/><F58/><W52/><G70/><T132/><D132/><U63/><E108/><V73/><F73/><W107/><G72/><T116/><D116/><U69/><E69/><V91/><AGARI ba="0,1" hai="1,4,8,12,15,26,28,33,39,40,47,91,92,99" machi="91" ten="20,7800,0" yaku="1,1,0,1,7,1,53,1" doraHai="49" doraHaiUra="86" who="2" fromWho="2" sc="446,-26,127,-26,187,88,230,-26" /><INIT seed="2,1,0,0,2,53" ten="420,101,275,204" oya="2" hai0="62,119,50,106,8,111,28,45,56,66,20,1,124" hai1="133,0,61,43,120,25,107,47,32,46,63,104,40" hai2="134,75,85,99,37,129,21,30,58,74,7,24,97" hai3="17,79,118,132,108,52,23,34,91,86,84,65,57"/><V9/><F37/><W22/><G118/><T11/><D106/><U72/><E120/><V131/><F134/><W4/><G34/><T16/><D119/><U135/><E25/><V103/><F85/><W51/><G132/><T71/><D1/><U80/><E80/><V14/><F99/><W67/><G108/><T77/><D111/><U130/><E32/><V68/><F68/><W27/><G4/><T78/><D28/><U115/><E115/><V96/><F96/><W100/><G100/><T70/><D70/><U93/><E93/><V59/><F75/><W95/><G22/><T101/><D101/><U89/><E89/><V83/><F83/><AGARI ba="1,0" hai="17,23,27,51,52,57,65,67,79,83,84,86,91,95" machi="83" ten="40,5200,0" yaku="8,1,52,1,54,1" doraHai="53" who="3" fromWho="2" sc="420,0,101,0,275,-55,204,55" /><INIT seed="3,0,0,0,3,82" ten="420,101,220,259" oya="3" hai0="133,5,95,8,114,90,112,3,56,46,43,36,120" hai1="41,51,27,7,61,23,39,117,62,73,121,17,13" hai2="115,63,70,85,83,20,86,54,78,91,0,18,125" hai3="71,124,109,25,97,75,45,110,28,11,4,135,96"/><W40/><G71/><T94/><D120/><U42/><E121/><V34/><F115/><W15/><G75/><T92/><D133/><U101/><E117/><V31/><F0/><W50/><G124/><T123/><D123/><U76/><E101/><V107/><F107/><W66/><G66/><T30/><D30/><U98/><E98/><V93/><F125/><W29/><G29/><T88/><REACH who="0" step="1"/><D56/><REACH who="0" ten="410,101,220,259" step="2"/><U119/><E119/><V33/><F31/><W108/><REACH who="3" step="1"/><G135/><REACH who="3" ten="410,101,220,249" step="2"/><T14/><D14/><U65/><E13/><V35/><F70/><W47/><G47/><T89/><AGARI ba="0,2" hai="3,5,8,36,43,46,88,89,90,92,94,95,112,114" machi="89" ten="40,8000,1" yaku="1,1,0,1,54,1,53,1" doraHai="82" doraHaiUra="69" who="0" fromWho="0" sc="410,100,101,-20,220,-20,249,-40" /><INIT seed="4,0,0,1,5,16" ten="510,81,200,209" oya="0" hai0="31,101,127,14,109,23,67,38,97,20,44,29,12" hai1="17,11,81,110,8,58,7,115,113,74,133,13,123" hai2="4,26,94,78,121,107,112,92,91,82,93,61,1" hai3="132,72,95,52,63,19,37,71,54,83,36,118,9"/><T21/><D67/><U32/><E74/><V55/><F112/><N who="1" m="43081" /><E81/><V10/><F121/><W24/><G118/><T119/><D119/><U0/><E58/><V65/><F107/><W15/><G132/><T46/><D127/><U68/><E68/><V6/><F6/><W135/><G135/><T102/><D109/><U88/><E88/><V53/><F26/><W3/><G72/><T122/><D122/><U33/><E133/><V57/><REACH who="2" step="1"/><F91/><REACH who="2" ten="510,81,190,209" step="2"/><W111/><G24/><T106/><D102/><U5/><E123/><V100/><F100/><W56/><G111/><T60/><D101/><U59/><E59/><V89/><F89/><W117/><G117/><T43/><D106/><U128/><E110/><V39/><F39/><W51/><G37/><T124/><D124/><U48/><E48/><V126/><F126/><W18/><G36/><T34/><D46/><U87/><E87/><AGARI ba="0,1" hai="1,4,10,53,55,57,61,65,78,82,87,92,93,94" machi="87" ten="40,1300,0" yaku="1,1,53,0" doraHai="16" doraHaiUra="85" who="2" fromWho="1" sc="510,0,81,-13,190,23,209,0" /><INIT seed="5,0,0,4,2,81" ten="510,68,213,209" oya="1" hai0="50,90,48,100,125,88,118,124,3,12,71,114,130" hai1="83,73,109,123,101,24,128,103,70,113,33,116,92" hai2="9,77,127,7,121,133,72,52,25,94,126,99,106" hai3="102,132,1,17,85,35,75,135,32,111,20,44,79"/><U74/><E70/><V2/><F121/><W115/><G111/><T28/><D71/><U27/><E123/><V122/><F122/><W86/><G1/><T63/><D118/><U16/><E109/><V87/><F133/><N who="3" m="51275" /><G115/><T112/><D3/><U119/><E113/><N who="0" m="43625" /><D130/><U93/><E83/><N who="2" m="47599" /><F25/><N who="1" m="9801" /><E33/><N who="3" m="12874" /><G102/><N who="1" m="38922" /><E16/><V105/><F72/><N who="1" m="27753" /><E128/><V42/><F42/><W97/><G97/><T56/><D100/><U15/><E15/><V64/><F64/><W108/><G108/><T98/><D12/><U18/><E18/><V96/><F99/><W5/><G75/><T78/><D78/><U54/><E54/><V23/><F52/><W68/><G79/><T104/><D98/><U46/><E46/><V76/><F76/><W34/><G34/><T67/><D67/><U43/><E43/><V69/><F69/><W0/><G68/><T38/><D90/><U49/><E49/><V22/><F106/><W55/><G20/><T14/><D88/><U10/><E10/><V8/><F9/><N who="3" m="2215" /><G17/><T47/><D47/><U4/><E4/><V60/><F105/><W51/><AGARI ba="0,0" hai="44,51,55,85,86" m="2215,12874,51275" machi="51" ten="40,5200,0" yaku="20,1,52,2" doraHai="81" who="3" fromWho="3" sc="510,-13,68,-26,213,-13,209,52" /><INIT seed="6,0,0,1,3,1" ten="497,42,200,261" oya="2" hai0="70,65,83,102,66,85,107,44,16,125,0,63,62" hai1="86,25,96,60,67,39,103,50,120,47,104,73,129" hai2="12,76,18,110,30,48,106,5,134,82,84,122,4" hai3="8,75,14,31,116,23,22,71,95,80,72,38,27"/><V43/><F122/><W40/><G116/><T32/><D32/><U49/><E120/><V115/><F106/><W51/><G71/><T68/><D125/><U11/><E129/><V42/><F115/><W57/><G38/><T3/><D44/><U78/><E73/><V37/><F37/><W128/><G128/><T28/><D28/><U117/><E117/><V34/><F134/><W19/><G95/><T127/><D127/><U41/><E39/><V77/><F30/><W69/><G69/><T17/><D102/><U61/><E50/><V7/><F34/><W29/><G80/><T114/><D107/><U2/><E25/><V132/><F132/><W79/><G79/><T108/><D108/><U118/><E118/><V131/><F131/><W59/><G72/><T33/><D33/><U35/><E35/><V64/><F110/><W123/><G75/><T97/><D97/><U81/><E67/><V15/><F77/><W111/><G111/><T91/><D114/><U87/><E87/><V124/><F124/><W100/><G100/><T119/><D119/><U101/><E101/><V99/><F99/><W92/><G92/><T52/><D52/><U126/><E126/><V20/><F64/><W105/><G105/><T74/><D74/><U21/><E21/><V121/><F121/><W36/><G36/><T109/><D109/><U90/><E90/><V9/><F43/><W89/><G89/><T54/><D54/><U58/><E58/><N who="3" m="22026" /><G123/><T135/><D135/><U113/><REACH who="1" step="1"/><E113/><REACH who="1" ten="497,32,200,261" step="2"/><V93/><F93/><W45/><G23/><T26/><D26/><U112/><E112/><RYUUKYOKU ba="0,1" sc="497,0,32,0,200,0,261,0" hai0="0,3,16,17,62,63,65,66,68,70,83,85,91" hai1="2,11,41,47,49,60,61,78,81,86,96,103,104" hai2="4,5,7,9,12,15,18,20,42,48,76,82,84" hai3="8,14,19,22,27,29,31,40,45,51" /><INIT seed="6,1,1,3,3,56" ten="497,32,200,261" oya="2" hai0="24,25,76,83,86,50,102,7,130,15,63,89,5" hai1="49,112,118,18,72,52,100,29,35,23,108,57,2" hai2="41,132,1,10,6,98,133,69,123,59,46,30,128" hai3="61,121,36,106,22,51,73,68,125,33,11,74,90"/><V119/><F123/><W45/><G33/><T79/><D130/><U87/><E72/><V122/><F119/><W126/><G121/><T8/><D102/><U64/><E118/><V42/><F122/><W107/><G36/><T77/><D5/><U135/><E108/><V28/><F128/><W40/><G90/><T110/><D110/><U81/><E112/><V124/><F69/><W80/><G22/><T129/><D129/><U31/><E2/><V104/><F124/><N who="3" m="47723" /><G11/><T117/><D117/><U95/><E35/><V60/><F98/><W85/><G61/><T88/><D63/><U58/><E135/><N who="2" m="51787" /><F104/><W19/><G68/><T43/><D89/><U9/><E9/><V53/><F42/><W47/><G19/><T116/><D116/><U34/><E34/><V37/><AGARI ba="1,1" hai="1,6,10,28,30,37,41,46,53,59,60" m="51787" machi="37" ten="30,3000,0" yaku="20,1,52,1" doraHai="56" who="2" fromWho="2" sc="497,-11,32,-11,200,43,261,-11" /><INIT seed="6,2,0,1,2,103" ten="486,21,243,250" oya="2" hai0="12,60,13,122,112,50,110,31,68,53,40,29,11" hai1="7,46,74,71,128,10,28,102,15,1,69,132,4" hai2="22,127,120,23,44,126,94,26,3,2,76,111,48" hai3="66,90,9,113,5,96,72,93,37,84,125,118,116"/><V88/><F120/><W55/><G72/><T16/><D110/><U124/><E74/><V49/><F111/><W8/><G37/><T87/><D122/><U73/><E73/><V91/><F76/><W135/><G135/><T109/><D109/><U17/><E132/><V83/><F83/><W35/><G35/><T43/><D112/><U30/><E128/><V107/><F107/><W115/><G125/><N who="2" m="47625" /><F49/><W104/><G66/><T131/><D131/><U58/><E124/><V105/><F105/><W54/><G54/><T119/><D119/><N who="3" m="45609" /><G55/><T19/><D68/><U14/><E46/><V25/><F23/><W92/><G5/><T86/><D60/><U133/><E133/><V79/><F79/><W95/><G9/><N who="0" m="6159" /><D43/><U106/><E58/><V117/><F117/><W59/><G8/><T62/><D62/><U67/><E71/><V82/><F82/><N who="3" m="49431" /><G59/><N who="0" m="33207" /><D40/><U98/><E7/><V41/><F26/><W42/><G42/><T56/><D56/><U64/><E1/><N who="2" m="11" /><F94/><W52/><G52/><T65/><D65/><U39/><E69/><V130/><F130/><W80/><G80/><T89/><D89/><U33/><E39/><V121/><F121/><W51/><G51/><T45/><D45/><U32/><E64/><V18/><AGARI ba="2,0" hai="18,22,25,41,44,48,88,91" m="11,47625" machi="18" ten="30,3000,0" yaku="18,1,54,1" doraHai="103" who="2" fromWho="2" sc="486,-12,21,-12,243,36,250,-12" /><INIT seed="6,3,0,2,3,62" ten="474,9,279,238" oya="2" hai0="128,93,133,90,80,94,32,37,81,125,35,85,59" hai1="118,115,11,78,23,10,79,42,18,5,75,41,43" hai2="101,19,83,97,60,82,15,58,34,13,76,47,117" hai3="2,132,39,104,54,28,99,119,33,3,71,105,114"/><V102/><F117/><W121/><RYUUKYOKU type="yao9" ba="3,0" sc="474,0,9,0,279,0,238,0" hai3="2,3,28,33,39,54,71,99,104,105,114,119,121,132" /><INIT seed="6,4,0,0,5,128" ten="474,9,279,238" oya="2" hai0="119,8,1,98,94,75,73,47,86,36,45,66,25" hai1="54,3,79,22,23,15,12,105,132,77,96,6,18" hai2="107,19,76,27,40,60,121,106,83,91,13,31,117" hai3="126,53,133,56,97,65,70,104,72,71,0,102,9"/><V7/><F117/><W46/><G72/><T82/><D66/><U51/><E105/><V14/><F121/><W108/><G108/><T120/><D120/><U50/><E96/><V87/><F7/><W57/><G126/><T16/><D119/><U74/><E74/><V134/><F134/><W99/><G133/><T69/><D69/><U17/><E3/><V64/><F40/><W2/><G46/><T88/><D75/><U85/><E6/><V30/><F14/><W24/><G9/><T114/><D73/><U20/><E132/><V44/><F44/><W101/><G24/><T113/><D1/><U10/><E10/><V100/><F76/><W125/><G65/><T29/><D36/><U67/><E67/><V5/><F5/><W28/><G53/><T135/><D135/><U32/><E32/><V4/><F4/><W95/><G95/><T92/><D92/><U41/><E41/><V63/><F63/><W110/><G28/><T131/><D131/><U78/><E85/><V35/><F100/><W55/><G55/><T11/><D47/><U81/><E81/><V33/><F31/><W34/><G34/><T59/><D59/><U52/><E23/><V103/><F103/><W84/><G84/><T109/><D45/><U90/><E77/><V58/><F35/><W62/><G62/><T116/><D116/><U80/><E80/><V118/><REACH who="2" step="1"/><F118/><REACH who="2" ten="474,9,269,238" step="2"/><W112/><G104/><T38/><D29/><U42/><E42/><V111/><F111/><W43/><G43/><T68/><D109/><U115/><E90/><V61/><F61/><W93/><G110/><RYUUKYOKU ba="4,1" sc="474,-15,9,15,269,15,238,-15" hai1="12,15,17,18,20,22,50,51,52,54,78,79,115" hai2="13,19,27,30,33,58,60,64,83,87,91,106,107" /><INIT seed="6,5,1,3,4,27" ten="459,24,284,223" oya="2" hai0="29,92,5,70,127,60,116,14,43,82,12,125,87" hai1="110,91,97,31,20,13,19,15,47,53,23,66,10" hai2="132,103,89,76,50,129,63,119,71,108,130,44,25" hai3="34,109,124,107,133,69,35,54,4,18,85,7,86"/><V94/><F119/><W93/><G109/><T0/><D43/><U118/><E118/><V121/><F108/><W83/><G107/><T95/><D116/><U62/><E110/><V1/><F121/><W128/><G69/><T67/><D29/><U2/><E2/><V8/><F132/><W78/><G133/><T36/><D36/><U80/><E15/><N who="0" m="5673" /><D5/><U106/><E106/><V111/><F103/><W48/><G128/><N who="2" m="49257" /><F76/><W126/><G18/><T45/><D45/><U72/><E72/><V79/><F79/><W96/><G86/><T16/><D16/><U123/><E123/><V131/><N who="2" m="49265" /><V46/><DORA hai="11" /><F25/><W113/><G113/><T21/><D21/><U112/><E112/><V55/><F111/><W68/><G68/><T33/><D33/><U122/><E122/><V38/><F46/><N who="3" m="27927" /><G35/><T49/><D0/><U77/><E77/><V61/><F71/><W22/><G22/><T39/><D39/><U57/><E31/><V56/><F38/><W114/><G34/><T58/><D70/><U73/><E73/><V37/><F37/><W52/><G114/><T75/><D75/><U32/><E32/><V74/><F44/><W115/><G115/><T88/><D49/><N who="1" m="28863" /><E97/><N who="2" m="57551" /><F74/><W81/><G78/><T40/><D40/><U24/><E24/><V30/><F30/><W41/><G41/><T135/><D135/><U120/><E120/><V64/><F64/><W100/><G96/><T99/><D99/><U9/><E23/><V101/><F101/><W84/><G100/><T134/><D134/><U104/><E104/><V6/><AGARI ba="5,1" hai="1,6,8,50,55,56,61,63" m="57551,49265" machi="6" ten="40,2100,0" yaku="19,1" doraHai="27,11" who="2" fromWho="2" sc="459,-12,24,-12,284,46,223,-12" /><INIT seed="6,6,0,5,1,29" ten="447,12,330,211" oya="2" hai0="132,51,112,50,45,97,49,124,13,59,33,102,9" hai1="116,73,123,107,64,28,8,63,6,89,109,134,103" hai2="108,24,0,66,115,37,7,84,111,61,58,46,82" hai3="88,60,20,3,26,131,21,15,71,39,126,135,62"/><V100/><F115/><W81/><G3/><T99/><D112/><U36/><E116/><V22/><F0/><W43/><G131/><T48/><D33/><U98/><E123/><V41/><F7/><W34/><G135/><T127/><D132/><U55/><E134/><V90/><REACH who="2" step="1"/><F100/><REACH who="2" ten="447,12,320,211" step="2"/><W17/><G126/><T5/><D102/><U104/><E109/><V122/><F122/><W47/><G71/><T12/><D127/><U4/><E4/><V91/><F91/><W117/><G117/><T23/><D124/><U14/><E89/><V130/><F130/><W30/><REACH who="3" step="1"/><G34/><REACH who="3" ten="447,12,320,201" step="2"/><T95/><D59/><U42/><E107/><V74/><F74/><W78/><G78/><T87/><D45/><U125/><E73/><V38/><F38/><W76/><G76/><T106/><D106/><U10/><E36/><V96/><F96/><W129/><G129/><T65/><D99/><U67/><E98/><V1/><F1/><W119/><G119/><T35/><D97/><U93/><E104/><V101/><F101/><W54/><G54/><T77/><D35/><U133/><E125/><V92/><F92/><W79/><G79/><T57/><D77/><U32/><E32/><V118/><F118/><W94/><G94/><T114/><D95/><U53/><E133/><V27/><F27/><W18/><G18/><AGARI ba="6,2" hai="18,22,24,37,41,46,58,61,66,82,84,90,108,111" machi="18" ten="40,2000,0" yaku="1,1,53,0" doraHai="29" doraHaiUra="110" who="2" fromWho="3" sc="447,0,12,0,320,58,201,-38" /><INIT seed="6,7,0,0,5,47" ten="447,12,378,163" oya="2" hai0="101,38,36,61,135,120,5,83,76,67,106,103,132" hai1="75,7,0,129,94,104,55,28,89,11,29,122,81" hai2="70,40,26,1,24,19,130,32,124,108,88,95,85" hai3="79,59,18,127,34,128,125,112,93,6,15,116,102"/><V78/><F70/><W110/><G110/><T33/><D33/><U60/><E122/><V73/><F108/><W107/><G116/><T113/><D5/><U72/><E104/><V123/><F123/><W111/><G111/><T8/><D8/><U77/><E75/><V84/><F1/><W87/><G34/><T96/><D103/><U63/><E129/><V134/><F73/><W25/><G128/><T48/><D48/><U57/><REACH who="1" step="1"/><E63/><REACH who="1" ten="447,2,378,163" step="2"/><V4/><F130/><W23/><G107/><T17/><D120/><U133/><E133/><V99/><F134/><W56/><G125/><T14/><D135/><U13/><E13/><V35/><F124/><W52/><G127/><T62/><D132/><U49/><E49/><V45/><F35/><W105/><G105/><T51/><D51/><U65/><E65/><V71/><F32/><W109/><G15/><T27/><D62/><U39/><E39/><V115/><F115/><W46/><G112/><T20/><D113/><U100/><E100/><V21/><F26/><W119/><G102/><T58/><D14/><U44/><E44/><V91/><F4/><W42/><G109/><T131/><D131/><U74/><E74/><AGARI ba="7,1" hai="17,20,27,36,38,58,61,67,74,76,83,96,101,106" machi="74" ten="30,1000,0" yaku="7,1" doraHai="47" who="0" fromWho="1" sc="447,41,2,-31,378,0,163,0" owari="488,59.0,-29,-53.0,378,18.0,163,-24.0" /></mjloggm>