<mjloggm ver="2.3"><GO type="169" lobby="0"/><UN n0="%E6%A2%85%E3%83%88%E3%83%A9%E5%85%84%E5%BC%9F" n1="%E3%82%AB%E3%83%B3%E3%83%80%E3%82%BF" n2="%E3%83%88%E3%83%88%E3%83%AA%E5%85%88%E7%94%9F%31%39%E6%AD%B3" n3="%E3%81%A1%E3%82%83%E3%82%8D%E3%82%84" dan="16,16,19,16" rate="2020.18,2076.08,2292.27,2105.01" sx="M,M,F,M"/><TAIKYOKU oya="0"/><INIT seed="0,0,0,4,4,80" ten="250,250,250,250" oya="0" hai0="90,128,122,18,28,54,83,76,102,126,41,30,45" hai1="119,106,52,36,82,21,12,24,60,4,84,113,93" hai2="63,59,112,91,73,121,34,94,115,92,48,133,44" hai3="19,77,124,130,81,88,2,14,98,1,85,6,114"/><T123/><D126/><U9/><E36/><V23/><F34/><W134/><G124/><T53/><D128/><U62/><E106/><V129/><F121/><W107/><G130/><T116/><D116/><U29/><E119/><V27/><F73/><W35/><G35/><T87/><D102/><U49/><E93/><V42/><F133/><W95/><G134/><T75/><D18/><U108/><E108/><V55/><F94/><W65/><G114/><T131/><D131/><U127/><E113/><V16/><REACH who="2" step="1"/><F129/><REACH who="2" ten="250,250,240,250" step="2"/><W89/><G107/><T50/><D122/><U32/><E32/><V39/><F39/><W38/><G38/><T105/><D123/><U125/><E127/><V26/><F26/><W74/><G6/><T71/><D105/><U5/><E5/><V100/><F100/><W3/><G65/><T61/><D30/><U31/><E31/><V64/><F64/><W7/><G7/><T79/><D28/><U56/><REACH who="1" step="1"/><E125/><REACH who="1" ten="250,240,240,250" step="2"/><V67/><F67/><W33/><G33/><T68/><D71/><U0/><E0/><V104/><F104/><W110/><G110/><T120/><D68/><U78/><AGARI ba="0,2" hai="4,9,12,21,24,29,49,52,56,60,62,78,82,84" machi="78" ten="20,12000,2" yaku="1,1,0,1,7,1,8,1,52,1,54,1,53,1" doraHai="80" doraHaiUra="20" who="1" fromWho="1" sc="250,-60,240,140,240,-30,250,-30" /><INIT seed="1,0,0,3,1,83" ten="190,380,210,220" oya="1" hai0="68,87,111,74,78,11,58,36,0,100,6,18,29" hai1="123,70,79,89,27,72,16,40,37,75,38,114,10" hai2="41,103,56,112,82,53,51,126,39,80,94,132,108" hai3="96,105,117,54,46,104,93,116,35,17,21,61,84"/><U91/><E123/><V134/><F108/><W133/><G133/><N who="2" m="51305" /><F126/><W55/><G35/><T115/><D36/><U92/><E70/><V86/><F112/><W14/><G46/><T62/><D68/><U69/><E69/><V81/><F41/><W90/><G61/><T57/><D74/><U135/><E114/><V59/><F39/><W120/><G120/><T9/><D111/><U52/><E135/><V121/><F121/><W7/><G7/><T129/><D129/><U42/><E10/><V113/><F113/><W131/><G131/><T2/><D29/><U26/><E92/><V28/><F28/><W23/><G23/><T98/><D115/><U65/><E79/><V8/><F8/><W130/><G130/><T49/><D49/><U107/><E107/><N who="3" m="41034" /><G96/><T85/><D58/><U5/><E5/><V60/><F103/><W22/><G22/><T3/><D78/><U109/><E109/><V110/><F110/><W31/><G31/><T64/><D3/><U13/><E65/><N who="2" m="39047" /><F94/><W102/><G102/><T119/><D2/><U30/><E30/><V33/><F33/><W73/><G73/><T99/><D100/><U20/><E20/><V12/><F12/><W77/><G77/><AGARI ba="0,0" hai="51,53,59,77,80,81,82,86" m="39047,51305" machi="77" ten="30,2000,0" yaku="20,1,52,1" doraHai="83" who="2" fromWho="3" sc="190,0,380,0,210,20,220,-20" /><INIT seed="2,0,0,4,5,92" ten="190,380,230,200" oya="2" hai0="58,111,132,61,37,74,62,32,77,4,76,28,72" hai1="95,66,107,42,73,14,97,108,118,122,89,99,86" hai2="34,93,43,21,55,5,25,106,38,87,63,135,47" hai3="83,119,115,59,105,113,18,45,96,39,127,41,65"/><V104/><F34/><W75/><G119/><T102/><D37/><U81/><E118/><V7/><F135/><W33/><G127/><T51/><D111/><U20/><E122/><V44/><F104/><W56/><G33/><T98/><D132/><U49/><E108/><V12/><F106/><W82/><G18/><T6/><D51/><U90/><E66/><V88/><F12/><W17/><G17/><T120/><D120/><U0/><E0/><V46/><F38/><W126/><G126/><T13/><D32/><U24/><E14/><V85/><F43/><W84/><G75/><T30/><D13/><U27/><E107/><V64/><F85/><W1/><G1/><T129/><D58/><N who="3" m="22057" /><G65/><T125/><D125/><U131/><E131/><V67/><F55/><W133/><G133/><T9/><D9/><U11/><E11/><V29/><REACH who="2" step="1"/><F64/><REACH who="2" ten="190,380,220,200" step="2"/><W60/><G84/><T134/><D134/><U23/><E86/><V69/><AGARI ba="0,1" hai="5,7,21,25,29,44,46,47,63,67,69,87,88,93" machi="69" ten="30,18000,2" yaku="1,1,2,1,0,1,54,1,53,3" doraHai="92" doraHaiUra="40" who="2" fromWho="2" sc="190,-60,380,-60,220,190,200,-60" /><INIT seed="2,1,0,0,0,101" ten="130,320,410,140" oya="2" hai0="89,108,30,97,33,96,39,106,62,18,3,61,125" hai1="10,81,118,64,15,110,12,17,34,65,119,41,132" hai2="50,83,28,58,84,24,128,19,112,22,69,4,87" hai3="31,105,93,77,55,109,25,71,67,90,91,75,94"/><V6/><F112/><W36/><G109/><T8/><D39/><U80/><E110/><V76/><F69/><W122/><G122/><T123/><D108/><U111/><E111/><V103/><F128/><W86/><G36/><T20/><D123/><U48/><E34/><V45/><F58/><W120/><G120/><T116/><D116/><U0/><E0/><V49/><F103/><W26/><G75/><T78/><D78/><U114/><E114/><V73/><F49/><W32/><G77/><T2/><D125/><U117/><E132/><V92/><F73/><W107/><G26/><T9/><D30/><U47/><E65/><V7/><F28/><W35/><G35/><T57/><D33/><U29/><E29/><V40/><F87/><W37/><G37/><T99/><D89/><U113/><E113/><V66/><F92/><W82/><G55/><T14/><D106/><U129/><E129/><V133/><F133/><W135/><G135/><T46/><D46/><U130/><E130/><V5/><F5/><W95/><REACH who="3" step="1"/><G90/><REACH who="3" ten="130,320,410,130" step="2"/><T27/><D27/><U1/><E117/><V59/><F24/><W21/><G21/><T102/><D9/><U72/><E10/><V74/><F74/><W51/><G51/><T42/><D8/><U54/><E48/><V11/><F22/><W131/><G131/><T134/><D134/><U63/><E72/><V13/><F6/><W85/><G85/><T43/><D20/><U56/><E118/><V38/><F38/><W52/><G52/><T16/><D43/><U98/><E119/><V79/><F79/><W104/><G104/><RYUUKYOKU ba="1,1" sc="130,-15,320,-15,410,15,130,15" hai2="4,7,11,13,19,40,45,50,59,66,76,83,84" hai3="25,31,32,67,71,82,86,91,93,94,95,105,107" /><INIT seed="2,2,1,0,0,30" ten="115,305,425,145" oya="2" hai0="28,83,69,105,72,52,10,27,36,1,11,114,61" hai1="9,15,62,130,86,75,65,58,51,92,97,8,89" hai2="43,128,3,32,131,56,7,5,14,121,57,123,23" hai3="17,34,60,35,108,133,45,90,38,68,0,124,82"/><V49/><F3/><W95/><G0/><T116/><D105/><U70/><E75/><V16/><F32/><W13/><G82/><T111/><D114/><U40/><E130/><N who="2" m="49707" /><F43/><W59/><G68/><T87/><D36/><U88/><E15/><V22/><F56/><W120/><G120/><N who="2" m="46153" /><F49/><W18/><G108/><T79/><D72/><U99/><E70/><V96/><F57/><W53/><G133/><T106/><D116/><U85/><E40/><V24/><F96/><N who="1" m="36937" /><E51/><V118/><F118/><W12/><G45/><T129/><D111/><U91/><E91/><V104/><F104/><W42/><G42/><T109/><D106/><U78/><E78/><V19/><AGARI ba="2,1" hai="5,7,14,16,19,22,23,24" m="46153,49707" machi="19" ten="40,12000,1" yaku="19,1,34,2,54,1" doraHai="30" who="2" fromWho="2" sc="115,-42,305,-42,425,136,145,-42" /><INIT seed="2,3,0,4,1,75" ten="73,263,561,103" oya="2" hai0="120,37,16,84,2,125,74,50,93,110,102,45,129" hai1="131,82,41,23,30,57,80,115,67,54,85,65,7" hai2="39,87,107,26,10,88,25,134,33,118,52,97,46" hai3="77,111,112,59,91,127,66,81,98,34,58,116,35"/><V61/><F118/><W113/><G111/><T32/><D120/><U9/><E131/><V3/><F134/><W24/><G116/><T128/><D74/><U62/><E115/><N who="3" m="44106" /><G127/><T95/><D2/><U29/><E41/><V21/><F33/><N who="3" m="12299" /><G24/><T64/><D32/><U119/><E119/><V13/><F3/><W11/><G11/><T101/><D37/><U96/><E96/><V104/><F97/><W71/><G71/><T55/><D110/><U18/><E7/><V43/><F26/><W114/><N who="3" m="44114" /><W17/><DORA hai="20" /><G17/><T5/><D5/><U0/><E0/><V36/><F36/><W31/><G31/><N who="1" m="11786" /><E9/><V44/><F21/><W22/><G22/><T70/><D125/><U47/><E47/><V49/><F25/><W109/><G109/><T94/><D70/><U132/><E132/><V53/><F13/><W42/><G42/><T1/><D1/><U69/><E69/><V15/><F15/><W117/><G117/><T6/><D6/><U38/><E18/><V103/><F10/><W4/><G4/><T27/><D16/><U68/><E23/><V14/><F14/><W79/><G66/><T121/><D27/><U133/><E68/><V83/><F103/><N who="0" m="39434" /><D64/><U86/><E133/><V130/><F130/><N who="0" m="50282" /><D121/><U78/><E38/><V56/><AGARI ba="3,0" hai="39,43,44,46,49,52,53,56,61,83,87,88,104,107" machi="56" ten="30,6000,0" yaku="0,1,54,2" doraHai="75,20" who="2" fromWho="2" sc="73,-23,263,-23,561,69,103,-23" /><INIT seed="2,4,0,2,4,52" ten="50,240,630,80" oya="2" hai0="0,51,13,67,28,126,2,9,104,22,57,133,123" hai1="132,68,63,70,73,72,53,89,33,91,65,82,97" hai2="121,50,66,24,87,115,100,83,135,106,71,40,78" hai3="37,10,59,54,119,31,107,101,20,60,34,3,76"/><V5/><F115/><W47/><G119/><T14/><D123/><U55/><E33/><V58/><F121/><W81/><G34/><T99/><D126/><U18/><E132/><V117/><F117/><W94/><G107/><T112/><D133/><U30/><E30/><V6/><F135/><W1/><G10/><T26/><D112/><U46/><E97/><V41/><F71/><W15/><G47/><T92/><D104/><U43/><E70/><V131/><F131/><W45/><G45/><T36/><D36/><U129/><E129/><V74/><F74/><W96/><G37/><T7/><D14/><U29/><E29/><V105/><F105/><W127/><G127/><T88/><D51/><U102/><E102/><V48/><F100/><W130/><G130/><T39/><D39/><U122/><E122/><V17/><F106/><W11/><G20/><T90/><D90/><U93/><E93/><V23/><F48/><W44/><G44/><T38/><REACH who="0" step="1"/><D38/><REACH who="0" ten="40,240,630,80" step="2"/><U8/><E91/><V116/><F50/><W109/><G109/><T124/><D124/><U84/><E89/><V12/><F116/><W113/><G113/><T110/><D110/><U35/><E43/><N who="2" m="16459" /><F12/><W77/><G77/><T42/><D42/><U128/><E128/><V21/><F21/><W85/><REACH who="3" step="1"/><G31/><REACH who="3" ten="40,240,630,70" step="2"/><T134/><D134/><U56/><E35/><V111/><F111/><W69/><G69/><T49/><D49/><U118/><E68/><V75/><F78/><W98/><G98/><T79/><D79/><U114/><E114/><V61/><F23/><W19/><AGARI ba="4,2" hai="1,3,11,15,19,54,59,60,76,81,85,94,96,101" machi="19" ten="20,5200,0" yaku="1,1,0,1,7,1,52,1,53,0" doraHai="52" doraHaiUra="120" who="3" fromWho="3" sc="40,-17,240,-17,630,-30,70,84" /><INIT seed="3,0,0,5,5,129" ten="23,223,600,154" oya="3" hai0="76,14,28,1,101,25,77,121,62,65,61,97,0" hai1="102,71,113,45,9,96,60,29,13,109,112,32,89" hai2="134,66,84,47,55,36,127,33,74,78,8,48,106" hai3="132,46,117,87,56,68,5,12,6,80,27,91,34"/><W81/><G132/><T64/><D121/><U100/><E89/><V128/><F33/><W39/><G117/><T75/><D14/><U19/><E109/><V110/><F74/><W24/><G68/><T135/><D135/><U94/><E100/><V115/><F106/><W50/><G39/><T120/><D120/><U2/><E2/><V105/><F105/><W126/><G126/><T88/><D75/><U26/><E45/><V70/><F128/><W49/><G81/><T17/><D1/><U130/><E130/><V54/><F70/><W40/><G34/><T11/><D0/><U124/><E124/><V69/><F69/><W23/><G12/><N who="0" m="7327" /><D101/><U103/><E103/><V82/><F115/><W41/><G24/><T98/><D98/><U95/><E95/><V58/><F36/><W38/><G38/><T16/><D28/><U59/><E71/><V83/><F134/><W125/><G125/><T79/><D64/><AGARI ba="0,0" hai="9,13,19,26,29,32,59,60,64,94,96,102,112,113" machi="64" ten="30,1000,0" yaku="7,1" doraHai="129" who="1" fromWho="0" sc="23,-10,223,10,600,0,154,0" /><INIT seed="4,0,0,5,4,46" ten="13,233,600,154" oya="0" hai0="75,48,5,58,134,31,86,23,18,123,98,73,99" hai1="69,17,24,34,49,108,100,71,96,72,82,29,15" hai2="124,85,44,94,80,64,118,95,12,131,35,27,25" hai3="32,60,79,42,20,4,91,43,0,53,59,93,1"/><T38/><D38/><U74/><E108/><V105/><F105/><W83/><G32/><T87/><D134/><U51/><E71/><V65/><F131/><W107/><G107/><T36/><D123/><U57/><E69/><V111/><F111/><W113/><G113/><T109/><D36/><U122/><E122/><V104/><F104/><W116/><G116/><T7/><D109/><U120/><E120/><V88/><F124/><W9/><G1/><T19/><D31/><U135/><E135/><V52/><F35/><W129/><G129/><T76/><D23/><U70/><E70/><V50/><F118/><W78/><G20/><T11/><D58/><U68/><E68/><V47/><F12/><W61/><G61/><T62/><D62/><U125/><E125/><V2/><F2/><W130/><G130/><T106/><D106/><U103/><E57/><V22/><F44/><W30/><G30/><T119/><D119/><U28/><E28/><N who="2" m="17463" /><F27/><W89/><G89/><T26/><D26/><U133/><E133/><V117/><F117/><W90/><G90/><T56/><D56/><U14/><E14/><V33/><F33/><W67/><G67/><AGARI ba="0,0" hai="47,50,52,64,65,67,80,85,88,94,95" m="17463" machi="67" ten="30,7700,0" yaku="8,1,52,1,54,2" doraHai="46" who="2" fromWho="3" sc="13,0,233,0,600,77,154,-77" /><INIT seed="5,0,0,2,0,82" ten="13,233,677,77" oya="1" hai0="48,23,60,67,31,124,74,95,102,52,9,10,113" hai1="6,5,84,7,123,2,24,30,96,129,8,98,35" hai2="37,85,14,93,3,44,97,120,49,1,68,64,86" hai3="71,135,114,101,25,22,62,109,126,39,56,63,21"/><U127/><E123/><V87/><F120/><W107/><G109/><T41/><D113/><U72/><E72/><V0/><F37/><W43/><G114/><T19/><D124/><U108/><E127/><V17/><F68/><W80/><G126/><T131/><D131/><U40/><E108/><V34/><F34/><W128/><G128/><T115/><D74/><U70/><E70/><V73/><F73/><W112/><G112/><T13/><D115/><U89/><E129/><V117/><F64/><W90/><G39/><T125/><D41/><U33/><E33/><V105/><F105/><W28/><G43/><T99/><D31/><U12/><E40/><V104/><F104/><W110/><G110/><T38/><D38/><U81/><REACH who="1" step="1"/><E2/><REACH who="1" ten="13,223,677,77" step="2"/><V46/><F0/><W42/><G42/><T91/><D125/><U4/><AGARI ba="0,1" hai="4,5,6,7,8,12,24,30,35,81,84,89,96,98" machi="4" ten="30,11700,0" yaku="1,1,2,1,0,1,52,1,53,0" doraHai="82" doraHaiUra="66" who="1" fromWho="1" sc="13,-39,223,127,677,-39,77,-39" owari="-26,-53.0,350,15.0,638,74.0,38,-36.0" /></mjloggm>