<mjloggm ver="2.3"><GO type="225" lobby="0"/><UN n0="%68%61%6E%65%31%35%30%30" n1="%E3%82%A6%E3%83%AB%E3%83%88%E3%83%A9%E7%AB%8B%E7%9B%B4" n2="%73%61%72%61%6B" n3="%E7%AB%B6%E9%A6%AC%E7%A0%94%E7%A9%B6%E6%89%80" dan="17,17,16,19" rate="2154.12,2109.59,2149.30,2294.36" sx="M,M,M,M"/><TAIKYOKU oya="0"/><INIT seed="0,0,0,3,0,65" ten="250,250,250,250" oya="0" hai0="13,117,0,3,56,58,108,77,91,23,107,44,21" hai1="27,135,119,71,46,43,116,104,28,59,61,106,5" hai2="55,16,64,80,122,75,14,66,38,34,79,10,87" hai3="76,17,4,98,133,120,125,2,97,12,132,134,42"/><T100/><D117/><U89/><E89/><V103/><F122/><W57/><G76/><T128/><D77/><U29/><E59/><V63/><F38/><W86/><G86/><T99/><D128/><U48/><E48/><V67/><F34/><W35/><G35/><T93/><D108/><U110/><E28/><V129/><F129/><W127/><G42/><T118/><D118/><U54/><E54/><V95/><F55/><W7/><G57/><T51/><D58/><U53/><E53/><V123/><F123/><W121/><G97/><T109/><D109/><U115/><E5/><N who="3" m="2122" /><G98/><T22/><D13/><U50/><E50/><V90/><REACH who="2" step="1"/><F103/><REACH who="2" ten="250,250,240,250" step="2"/><W96/><G2/><T81/><D0/><U9/><E110/><V47/><F47/><W82/><G121/><T37/><D3/><U30/><E46/><V73/><F73/><W62/><G120/><T68/><D37/><U52/><E116/><V45/><F45/><W33/><G33/><T84/><D44/><U94/><E119/><V60/><AGARI ba="0,1" hai="10,14,16,60,63,64,66,67,75,79,80,87,90,95" machi="60" ten="30,7900,0" yaku="1,1,0,1,54,1,53,1" doraHai="65" doraHaiUra="15" who="2" fromWho="2" sc="250,-39,250,-20,240,89,250,-20" /><INIT seed="1,0,0,5,5,122" ten="211,230,329,230" oya="1" hai0="96,38,100,32,8,15,7,12,81,92,107,88,17" hai1="90,112,65,110,55,25,50,115,20,26,105,132,109" hai2="98,73,121,4,9,5,135,97,63,42,71,75,128" hai3="68,39,123,99,118,134,56,91,103,21,29,48,64"/><U53/><E105/><V35/><F121/><W131/><G123/><T45/><D32/><U104/><E104/><V33/><F42/><W41/><G118/><T6/><D81/><U46/><E65/><V18/><F18/><W126/><G39/><T49/><D38/><U13/><E13/><V10/><F63/><W79/><G79/><T95/><D15/><U93/><E55/><V120/><F120/><W125/><G68/><T40/><REACH who="0" step="1"/><D107/><REACH who="0" ten="201,230,329,230" step="2"/><U19/><E26/><V61/><F35/><W72/><G126/><T58/><D58/><U102/><E132/><V24/><F33/><W129/><G56/><T82/><D82/><U119/><E119/><V85/><F24/><W101/><G125/><T11/><D11/><U127/><E127/><V114/><F135/><W0/><G134/><T69/><D69/><U2/><E2/><V66/><F71/><W84/><G0/><T86/><AGARI ba="0,1" hai="6,7,8,12,17,40,45,49,86,88,92,95,96,100" machi="86" ten="20,8000,1" yaku="1,1,0,1,7,1,8,1,54,1,53,0" doraHai="122" doraHaiUra="59" who="0" fromWho="0" sc="201,90,230,-40,329,-20,230,-20" /><INIT seed="2,0,0,1,2,34" ten="291,190,309,210" oya="2" hai0="8,52,25,86,59,9,7,90,92,3,120,0,31" hai1="40,78,47,129,128,39,19,114,79,115,71,131,127" hai2="37,10,5,74,123,105,102,32,113,72,44,46,49" hai3="80,17,63,83,45,126,62,103,121,61,69,77,95"/><V76/><F123/><W75/><G121/><T16/><D16/><U56/><E71/><V6/><F113/><W119/><G119/><T51/><D120/><U85/><E127/><V4/><F32/><W100/><G126/><T14/><D9/><U33/><E33/><AGARI ba="0,0" hai="0,3,7,8,14,25,31,33,51,52,59,86,90,92" machi="33" ten="30,7700,0" yaku="7,1,52,2,54,1" doraHai="34" who="0" fromWho="1" sc="291,77,190,-77,309,0,210,0" /><INIT seed="3,0,0,2,2,67" ten="368,113,309,210" oya="3" hai0="57,38,110,116,27,76,105,135,30,18,124,71,60" hai1="96,107,39,111,75,113,49,84,86,21,93,66,63" hai2="118,37,97,106,3,122,120,80,99,25,133,10,23" hai3="8,127,15,4,100,101,131,16,117,123,11,77,28"/><W31/><G77/><T20/><D116/><U55/><E75/><V128/><F37/><W125/><G101/><T121/><D121/><N who="2" m="46698" /><F118/><W83/><G123/><T130/><D38/><U114/><E39/><V78/><F128/><W108/><G100/><T29/><D105/><U115/><E107/><V50/><F106/><W34/><G83/><T88/><D76/><U98/><E111/><V43/><F133/><W9/><G117/><T54/><D110/><U64/><E21/><V92/><F92/><W102/><G102/><T12/><D135/><U52/><E93/><V44/><F10/><N who="3" m="4203" /><G108/><T7/><D130/><U119/><E119/><V32/><F32/><W74/><G74/><T129/><D129/><U62/><E49/><V65/><F65/><W79/><G79/><T2/><D2/><U103/><E103/><V48/><F48/><W14/><G131/><T26/><D7/><U17/><REACH who="1" step="1"/><E115/><REACH who="1" ten="368,103,309,210" step="2"/><V6/><F50/><W70/><G34/><T47/><D20/><U126/><E126/><N who="3" m="48138" /><G4/><T13/><D124/><U40/><E40/><V36/><F6/><W132/><G132/><T33/><D33/><U68/><E68/><V1/><F43/><W61/><G15/><T109/><D13/><U72/><E72/><N who="2" m="43079" /><F36/><W82/><G82/><T45/><D12/><U51/><E51/><V46/><F46/><W42/><G42/><T56/><D47/><U19/><AGARI ba="0,1" hai="17,19,52,55,62,63,64,66,84,86,96,98,113,114" machi="19" ten="25,8000,1" yaku="1,1,0,1,22,2,54,1,53,0" doraHai="67" doraHaiUra="112" who="1" fromWho="1" sc="368,-20,103,90,309,-20,210,-40" owari="348,45.0,193,-21.0,289,9.0,170,-33.0" /></mjloggm>