<mjloggm ver="2.3"><GO type="169" lobby="0"/><UN n0="%E3%82%A6%E3%83%AB%E3%83%88%E3%83%A9%E7%AB%8B%E7%9B%B4" n1="%E3%81%BE%E3%81%82%E3%81%BC%E3%81%86%E5%A4%A7%E4%BD%90" n2="%53%74%65%69%6E%73" n3="%E3%82%B3%E3%83%BC%E3%83%A9%E3%81%8F%E3%81%A0%E3%81%95%E3%81%84" dan="16,16,16,16" rate="2137.55,2079.55,2153.77,2100.50" sx="M,F,M,M"/><TAIKYOKU oya="0"/><INIT seed="0,0,0,3,2,59" ten="250,250,250,250" oya="0" hai0="73,55,54,88,106,94,5,28,100,24,48,17,7" hai1="130,62,16,46,3,125,76,23,81,29,13,66,61" hai2="49,110,40,0,35,39,105,123,2,42,101,103,122" hai3="115,38,80,99,92,84,37,107,104,34,22,72,87"/><T91/><D73/><U93/><E3/><V113/><F113/><W114/><G34/><T50/><D106/><N who="3" m="40489" /><G22/><N who="0" m="15383" /><D100/><U58/><E125/><V90/><F35/><W51/><G51/><N who="0" m="19499" /><D17/><U45/><E130/><V32/><F32/><W36/><G36/><T70/><D70/><U52/><E93/><V116/><F39/><W26/><G26/><T133/><D133/><U33/><E33/><V89/><F116/><W25/><G25/><T79/><D79/><U53/><E29/><V11/><F105/><W71/><G71/><T31/><D31/><U85/><E53/><N who="0" m="19977" /><D91/><U43/><E43/><V117/><F117/><W111/><G37/><T121/><D121/><U74/><E74/><V95/><F42/><W69/><G38/><T21/><D21/><U4/><E4/><V20/><F90/><N who="3" m="55703" /><G69/><AGARI ba="0,0" hai="13,16,23,45,46,52,58,61,62,66,69,76,81,85" machi="69" ten="30,8000,1" yaku="7,1,52,2,54,2" doraHai="59" who="1" fromWho="3" sc="250,0,250,80,250,0,250,-80" /><INIT seed="1,0,0,4,3,45" ten="250,330,250,170" oya="1" hai0="98,127,53,103,95,111,91,106,30,34,44,1,58" hai1="88,56,28,5,70,55,86,131,81,134,71,130,63" hai2="31,115,15,57,10,7,39,72,94,77,67,120,25" hai3="20,12,128,60,83,112,41,50,118,26,79,14,82"/><U74/><E134/><V68/><F120/><W3/><G112/><T123/><D1/><U90/><E74/><V119/><F119/><W121/><G121/><T51/><D123/><U6/><E28/><V22/><F68/><W65/><G3/><T97/><D111/><U59/><E71/><V40/><F115/><W16/><G128/><N who="1" m="49194" /><E70/><V100/><F72/><W64/><G118/><T52/><D127/><U87/><E59/><V37/><F77/><W4/><G4/><T24/><REACH who="0" step="1"/><D58/><REACH who="0" ten="240,330,250,170" step="2"/><U49/><E63/><N who="2" m="38383" /><F40/><AGARI ba="0,1" hai="24,30,34,40,44,51,52,53,91,95,97,98,103,106" machi="40" ten="30,7700,0" yaku="1,1,7,1,52,1,54,1,53,0" doraHai="45" doraHaiUra="73" who="0" fromWho="2" sc="240,87,330,0,250,-77,170,0" /><INIT seed="2,0,0,5,5,22" ten="327,330,173,170" oya="2" hai0="76,100,108,31,25,44,106,91,109,49,127,50,29" hai1="79,110,55,81,73,63,23,13,104,123,96,118,131" hai2="112,68,51,98,84,35,121,48,8,135,103,99,125" hai3="41,3,92,124,17,43,111,20,57,132,10,75,39"/><V5/><F121/><W65/><G75/><T89/><D76/><U28/><E110/><N who="0" m="42601" /><D127/><U42/><E118/><V129/><F112/><W27/><G124/><T85/><D31/><U18/><E131/><V4/><F125/><W16/><G111/><T105/><D100/><U87/><E42/><V120/><F120/><W116/><G116/><T71/><D71/><U12/><E123/><V62/><F129/><W40/><G132/><T114/><D114/><U134/><E28/><V66/><F135/><W82/><G39/><T24/><D50/><U77/><E134/><V7/><F84/><W54/><G65/><T122/><D122/><U11/><E104/><N who="0" m="40041" /><D29/><U78/><E96/><V72/><F72/><W0/><G82/><N who="0" m="49335" /><D91/><U94/><E94/><V60/><F35/><W133/><G133/><T69/><D69/><U56/><REACH who="1" step="1"/><E73/><REACH who="1" ten="327,320,173,170" step="2"/><V107/><F99/><W14/><REACH who="3" step="1"/><G92/><REACH who="3" ten="327,320,173,160" step="2"/><T117/><D117/><U88/><E88/><V36/><F107/><W64/><G64/><T2/><D2/><U128/><E128/><V74/><F66/><W26/><G26/><T126/><D126/><U21/><E21/><V59/><F74/><W37/><G37/><T102/><D102/><U113/><E113/><V53/><F36/><W34/><G34/><T52/><AGARI ba="0,2" hai="24,25,44,49,52" m="49335,40041,42601" machi="52" ten="30,7900,0" yaku="14,1,52,2,54,1" doraHai="22" who="0" fromWho="0" sc="327,99,320,-20,173,-39,160,-20" /><INIT seed="3,0,0,3,5,54" ten="426,300,134,140" oya="3" hai0="5,62,24,17,71,89,76,34,1,97,29,61,99" hai1="85,35,7,25,27,41,94,109,134,114,22,47,98" hai2="55,69,53,38,75,87,123,77,21,122,130,111,42" hai3="95,120,12,116,26,19,30,68,33,40,131,20,14"/><W83/><G116/><T108/><D76/><U70/><E109/><V119/><F75/><W50/><G120/><T127/><D108/><U0/><E114/><V129/><F111/><W72/><G68/><T135/><D71/><U124/><E124/><V115/><F115/><W126/><G126/><T117/><D117/><U104/><E134/><V18/><F119/><W133/><G133/><T112/><D135/><U6/><E0/><V9/><F69/><W49/><G131/><N who="2" m="50185" /><F9/><W28/><G28/><T121/><D121/><N who="2" m="46090" /><F42/><W16/><G40/><T118/><D118/><U37/><E35/><V36/><F87/><W23/><REACH who="3" step="1"/><G95/><REACH who="3" ten="426,300,134,130" step="2"/><N who="0" m="56559" /><D127/><U32/><E94/><V51/><F77/><AGARI ba="0,1" hai="12,14,16,19,20,23,26,30,33,49,50,72,77,83" machi="77" ten="40,7700,0" yaku="1,1,9,1,54,1,53,0" doraHai="54" doraHaiUra="65" who="3" fromWho="2" sc="426,0,300,0,134,-77,130,87" /><INIT seed="3,1,0,3,5,12" ten="426,300,57,217" oya="3" hai0="36,90,73,1,40,49,60,39,119,129,97,128,32" hai1="86,70,110,65,35,120,19,104,4,15,133,61,132" hai2="71,63,83,46,42,24,93,123,87,125,126,115,101" hai3="57,98,135,91,56,113,66,64,82,116,8,51,107"/><W18/><G113/><T45/><D32/><U96/><E110/><V127/><F115/><W26/><G116/><T59/><D73/><U85/><E35/><V58/><F71/><W34/><G135/><N who="1" m="51786" /><E4/><V50/><F123/><W27/><G107/><T44/><D1/><U121/><E104/><V48/><F24/><N who="3" m="9259" /><G34/><T43/><D119/><U134/><E134/><V11/><F11/><W103/><G103/><T3/><D3/><U106/><E106/><V92/><F50/><W22/><G8/><T109/><D109/><U41/><E41/><V67/><REACH who="2" step="1"/><F101/><REACH who="2" ten="426,300,47,217" step="2"/><W102/><G102/><T10/><D10/><U131/><E121/><V6/><F6/><W79/><G51/><T30/><D49/><U114/><E120/><V75/><F75/><W54/><G56/><T112/><D112/><U74/><E114/><V89/><AGARI ba="1,1" hai="42,46,48,58,63,67,83,87,89,92,93,125,126,127" machi="89" ten="30,4000,0" yaku="1,1,0,1,18,1,53,0" doraHai="12" doraHaiUra="17" who="2" fromWho="2" sc="426,-11,300,-11,47,53,217,-21" /><INIT seed="4,0,0,4,0,27" ten="415,289,100,196" oya="0" hai0="129,122,34,29,120,92,3,19,68,15,14,30,116" hai1="48,87,6,60,119,97,81,84,49,7,85,25,126" hai2="8,125,1,61,131,64,47,28,32,73,113,45,72" hai3="123,66,12,4,11,124,110,79,115,96,132,54,56"/><T33/><D92/><U117/><E126/><V53/><F125/><W24/><G124/><T112/><D68/><U39/><E81/><V91/><F113/><W77/><G110/><T67/><D67/><U114/><E114/><V102/><F102/><W76/><G115/><T52/><D52/><U0/><E39/><V22/><F32/><N who="0" m="12394" /><D112/><U9/><E97/><V26/><F131/><W105/><G132/><T41/><D41/><U51/><E60/><V55/><F72/><W70/><G123/><N who="0" m="47147" /><D129/><U71/><E71/><V78/><F91/><W121/><G121/><T16/><D3/><U82/><E82/><V83/><F45/><W10/><G70/><T38/><D38/><U35/><E0/><V128/><F128/><W36/><G66/><T65/><D65/><U134/><E134/><V133/><F133/><W50/><G36/><T88/><D88/><U127/><E127/><V2/><F47/><W42/><G42/><T93/><D93/><U94/><E94/><V80/><F80/><W5/><G105/><T100/><D100/><U62/><E62/><V59/><F1/><N who="3" m="271" /><G96/><T135/><D135/><U75/><E75/><V57/><F57/><W43/><G43/><T130/><D130/><U20/><E35/><V40/><F40/><W101/><G101/><T109/><D109/><U86/><N who="1" m="21504" /><DORA hai="90" /><U44/><E44/><V31/><F64/><W107/><G107/><T89/><D89/><U104/><E104/><V21/><F55/><W69/><G69/><T74/><D74/><U99/><E99/><V37/><F37/><W63/><G63/><T95/><D95/><RYUUKYOKU ba="0,0" sc="415,-10,289,-10,100,-10,196,30" hai3="5,11,12,24,50,54,56,76,77,79" /><INIT seed="5,1,0,5,4,15" ten="405,279,90,226" oya="1" hai0="97,75,110,74,79,68,32,45,84,5,60,50,38" hai1="94,40,41,88,108,0,87,101,106,93,30,91,90" hai2="67,115,95,24,71,23,51,20,99,125,111,34,112" hai3="6,18,69,98,49,9,2,127,70,107,81,59,21"/><U58/><E0/><V16/><F111/><W63/><G127/><T42/><D32/><U46/><E108/><V10/><F125/><W54/><G81/><N who="0" m="47167" /><D110/><U89/><E30/><V11/><F34/><W122/><G122/><T48/><D48/><N who="1" m="26695" /><E106/><V92/><F51/><W7/><G7/><T76/><D76/><U100/><E41/><V47/><F47/><W33/><G33/><T120/><D120/><U128/><E128/><V65/><F71/><W116/><G116/><T39/><D39/><U4/><E4/><V35/><F35/><W121/><G121/><T25/><D5/><U135/><E135/><V13/><F23/><W85/><G85/><T43/><D43/><U134/><E134/><V17/><F10/><W3/><G3/><T105/><D105/><U117/><E58/><V119/><F119/><W118/><G118/><T8/><D75/><U123/><E123/><V61/><F92/><N who="1" m="35433" /><E117/><V72/><F72/><W44/><G98/><T82/><D97/><U57/><E57/><V133/><F133/><W52/><REACH who="3" step="1"/><G107/><REACH who="3" ten="405,279,90,216" step="2"/><T78/><D74/><U109/><E109/><V77/><F77/><W12/><AGARI ba="1,1" hai="2,6,9,12,18,21,44,49,52,54,59,63,69,70" machi="12" ten="20,12000,2" yaku="1,1,2,1,0,1,7,1,52,1,54,1,53,0" doraHai="15" doraHaiUra="104" who="3" fromWho="3" sc="405,-31,279,-61,90,-31,216,133" /><INIT seed="6,0,0,2,4,42" ten="374,218,59,349" oya="2" hai0="56,119,78,10,75,62,22,72,6,64,60,18,77" hai1="55,88,63,135,94,15,82,68,66,70,67,112,44" hai2="85,102,115,33,117,127,14,91,69,110,25,121,24" hai3="107,114,34,98,0,9,125,124,133,41,116,65,52"/><V106/><F121/><W122/><G122/><T26/><D119/><U11/><E112/><V5/><F117/><W28/><G116/><T1/><REACH who="0" step="1"/><D62/><REACH who="0" ten="364,218,59,349" step="2"/><U57/><E135/><V50/><F115/><W71/><G133/><T105/><D105/><U7/><E70/><V99/><F127/><W87/><G114/><T43/><D43/><U45/><E82/><V36/><F36/><W86/><G41/><T32/><D32/><U108/><E108/><V120/><F120/><W123/><G123/><T131/><D131/><U113/><E113/><V103/><F110/><W97/><G34/><T61/><D61/><U84/><REACH who="1" step="1"/><E68/><REACH who="1" ten="364,208,59,349" step="2"/><V109/><F109/><W3/><G71/><T111/><D111/><U76/><E76/><AGARI ba="0,2" hai="1,6,10,18,22,26,56,60,64,72,75,76,77,78" machi="76" ten="40,1300,0" yaku="1,1,53,0" doraHai="42" doraHaiUra="81" who="0" fromWho="1" sc="364,33,208,-13,59,0,349,0" /><INIT seed="7,0,0,0,3,121" ten="397,195,59,349" oya="3" hai0="64,99,81,102,26,126,33,127,92,6,44,73,29" hai1="120,128,48,89,53,45,119,106,1,96,15,123,49" hai2="11,131,32,77,12,114,98,66,4,70,43,93,90" hai3="65,111,69,30,94,0,5,100,14,41,42,109,103"/><W132/><G0/><T37/><D64/><U105/><E1/><V22/><F114/><W78/><G132/><T27/><D27/><U3/><E3/><V9/><F131/><W52/><G78/><N who="0" m="44239" /><D6/><U97/><E119/><V60/><F32/><W10/><G30/><T18/><D18/><U55/><E15/><V133/><F133/><W71/><G52/><T39/><D44/><U7/><E7/><V50/><F22/><W110/><G65/><T107/><D92/><U76/><E76/><V118/><F118/><W101/><G94/><T8/><D8/><U112/><E89/><V47/><F11/><W84/><G84/><T57/><D57/><U74/><E74/><V75/><F75/><W117/><G117/><T35/><D35/><U62/><E62/><V36/><F36/><AGARI ba="0,0" hai="26,29,33,36,37,39,99,102,107,126,127" m="44239" machi="36" ten="30,1000,0" yaku="23,1" doraHai="121" who="0" fromWho="2" sc="397,10,195,0,59,-10,349,0" owari="407,50.0,195,-20.0,49,-45.0,349,15.0" /></mjloggm>