<mjloggm ver="2.3"><GO type="169" lobby="0"/><UN n0="%E4%BA%94%E8%91%89%E3%81%95%E3%82%93" n1="%E3%82%A6%E3%83%AB%E3%83%88%E3%83%A9%E7%AB%8B%E7%9B%B4" n2="%E3%81%BE%E3%81%AA%E3%81%B6%E3%82%84%E3%81%A7" n3="%E3%82%AA%E3%82%AD%E3%83%92%E3%82%AB%E3%83%AB" dan="17,18,16,16" rate="2220.61,2256.14,2161.52,2123.48" sx="M,M,M,F"/><TAIKYOKU oya="0"/><INIT seed="0,0,0,2,3,24" ten="250,250,250,250" oya="0" hai0="18,135,75,40,23,120,133,44,20,32,7,64,100" hai1="124,30,62,105,77,83,112,128,31,110,6,19,56" hai2="50,125,78,104,37,46,76,42,73,57,9,1,97" hai3="66,81,71,54,98,53,103,113,111,90,11,108,55"/><T48/><D120/><U25/><E105/><V121/><F121/><W74/><G113/><T3/><D75/><U67/><E110/><N who="3" m="42026" /><G11/><N who="0" m="2559" /><D100/><U134/><E124/><V35/><F125/><W126/><G126/><T38/><D64/><U82/><E128/><V45/><F57/><W94/><G74/><T130/><D130/><U101/><E134/><N who="0" m="51209" /><D32/><U39/><E39/><V87/><F35/><W4/><G4/><T107/><D107/><U34/><E112/><V99/><F104/><W29/><G29/><N who="1" m="10762" /><E34/><V115/><F115/><W109/><G109/><T118/><D118/><U49/><E101/><V27/><F27/><W28/><G28/><T17/><D38/><U15/><E77/><V68/><F78/><W123/><G123/><T5/><D5/><U119/><E119/><V13/><F76/><W93/><G103/><T79/><D79/><U95/><E25/><V116/><F73/><W21/><G98/><T26/><D26/><U122/><E6/><V59/><F99/><W129/><G129/><T58/><D58/><N who="1" m="37335" /><E122/><V0/><F116/><W91/><G71/><T84/><D84/><U86/><E56/><V72/><F68/><W92/><G91/><T89/><D89/><N who="1" m="53687" /><E49/><V51/><F51/><W2/><G2/><T43/><D18/><U114/><E114/><V132/><F50/><W33/><G33/><T10/><D40/><U47/><E47/><V12/><F132/><W102/><G102/><T69/><D69/><U70/><E70/><V117/><F1/><W131/><G131/><T14/><AGARI ba="0,0" hai="10,14,17,20,23,43,44,48" m="51209,2559" machi="14" ten="30,1500,0" yaku="20,1" doraHai="24" who="0" fromWho="0" sc="250,15,250,-5,250,-5,250,-5" /><INIT seed="0,1,0,5,4,133" ten="265,245,245,245" oya="0" hai0="132,34,116,31,101,47,115,99,23,12,57,110,14" hai1="55,43,20,4,53,76,87,3,95,126,11,18,25" hai2="80,22,63,96,1,105,30,97,49,60,122,90,127" hai3="72,66,98,78,45,21,112,113,74,16,104,13,106"/><T129/><D115/><U77/><E43/><V62/><F122/><W131/><G131/><T88/><D116/><U102/><E126/><V42/><F1/><W17/><G66/><T89/><D132/><U91/><E102/><V128/><F128/><W28/><G28/><T93/><D129/><U32/><E55/><V39/><F39/><W6/><G6/><T37/><D110/><U100/><E100/><V54/><F42/><W103/><G106/><T40/><D34/><U117/><E117/><V0/><F127/><W119/><G119/><T124/><D124/><U130/><E130/><V135/><F0/><W24/><G45/><T134/><D134/><U123/><E123/><V82/><F135/><W44/><G44/><T108/><D108/><U51/><REACH who="1" step="1"/><E32/><REACH who="1" ten="265,235,245,245" step="2"/><V94/><F105/><W52/><G52/><T73/><D73/><U5/><E5/><V107/><F107/><W75/><G113/><T29/><D101/><U59/><AGARI ba="1,1" hai="3,4,11,18,20,25,51,53,59,76,77,87,91,95" machi="59" ten="20,5200,0" yaku="1,1,0,1,7,1,53,1" doraHai="133" doraHaiUra="15" who="1" fromWho="1" sc="265,-27,235,65,245,-14,245,-14" /><INIT seed="1,0,0,4,2,84" ten="238,300,231,231" oya="1" hai0="60,33,124,12,21,29,87,53,62,123,58,69,48" hai1="30,117,105,104,44,0,45,113,65,114,68,74,64" hai2="70,98,18,107,24,37,103,97,1,55,49,38,23" hai3="41,120,14,109,77,36,129,132,11,128,125,79,22"/><U31/><E74/><V40/><F70/><W47/><G120/><T59/><D124/><U54/><E68/><V90/><F1/><W7/><G109/><T91/><D33/><U43/><E0/><V82/><F40/><W8/><G125/><T96/><D69/><U73/><E73/><V61/><F82/><W25/><G11/><T127/><D127/><U99/><E54/><V67/><F67/><W119/><G119/><T88/><D123/><U57/><E57/><N who="2" m="35007" /><F49/><W126/><G126/><T20/><D96/><U86/><E43/><V101/><F101/><W130/><REACH who="3" step="1"/><G132/><REACH who="3" ten="238,300,231,221" step="2"/><T78/><D62/><U118/><E118/><V10/><F10/><W76/><G76/><T26/><D78/><U108/><E108/><V116/><F116/><W28/><AGARI ba="0,1" hai="7,8,14,22,25,28,36,41,47,77,79,128,129,130" machi="28" ten="30,7900,0" yaku="1,1,0,1,19,1,53,1" doraHai="84" doraHaiUra="19" who="3" fromWho="3" sc="238,-20,300,-39,231,-20,221,89" /><INIT seed="2,0,0,4,4,39" ten="218,261,211,310" oya="2" hai0="97,26,8,123,20,9,116,56,17,82,106,90,125" hai1="36,48,115,75,5,55,24,105,21,27,14,122,70" hai2="43,94,69,114,32,85,60,78,129,81,133,117,112" hai3="79,74,64,103,95,28,76,119,132,113,72,4,121"/><V50/><F117/><W62/><G4/><T67/><D123/><U46/><E115/><V110/><F32/><W77/><G28/><T96/><D125/><U30/><E122/><V118/><F118/><W35/><G35/><T47/><D106/><U54/><E75/><V7/><F133/><W18/><G18/><T130/><D130/><U63/><E105/><V80/><F129/><W53/><G53/><T38/><D116/><U109/><E109/><V128/><F128/><W101/><G62/><N who="0" m="38343" /><D38/><U88/><E36/><V134/><F134/><W131/><G64/><T51/><D82/><U45/><E70/><V111/><F7/><W73/><G119/><T99/><D90/><U126/><E126/><V58/><F69/><W22/><G131/><T87/><D87/><U104/><E104/><V66/><F94/><W3/><G3/><T86/><D86/><U42/><E88/><N who="2" m="51239" /><F81/><W107/><G22/><T25/><D25/><U40/><E27/><V93/><F93/><W89/><G132/><T33/><D33/><U41/><E63/><V127/><F127/><W120/><G113/><T61/><D61/><U44/><E48/><V98/><F98/><N who="0" m="25090" /><T59/><DORA hai="0" /><D59/><U135/><E135/><V100/><F78/><W1/><G1/><T52/><AGARI ba="0,0" hai="8,9,17,20,26,47,51,52" m="25090,38343" machi="52" ten="30,2000,0" yaku="8,1,54,1" doraHai="39,0" who="0" fromWho="0" sc="218,20,261,-5,211,-10,310,-5" /><INIT seed="3,0,0,0,5,93" ten="238,256,201,305" oya="3" hai0="123,19,69,77,66,84,76,43,36,98,131,50,95" hai1="38,68,8,52,57,41,100,70,14,106,83,28,39" hai2="37,22,48,104,111,71,9,62,5,96,46,115,63" hai3="89,72,65,134,16,73,53,124,31,78,7,60,108"/><W13/><G134/><T15/><D123/><U92/><E106/><V85/><F115/><W75/><G124/><T59/><D131/><U56/><E28/><V61/><F37/><W30/><G7/><T91/><D36/><U21/><E21/><V74/><F74/><W49/><G78/><T0/><D69/><U97/><E39/><V42/><F111/><W118/><G118/><T33/><D33/><U130/><E130/><V34/><F34/><W121/><G121/><T117/><D0/><U47/><E83/><V24/><F85/><W113/><G113/><T99/><D117/><U87/><E87/><V81/><F81/><W102/><G102/><T125/><D125/><U54/><E57/><V55/><F71/><W126/><G126/><T58/><D58/><U101/><E54/><V88/><F42/><W20/><G108/><T122/><D122/><U90/><E70/><V6/><F104/><W133/><G89/><T67/><D77/><U23/><E23/><V116/><F9/><W44/><REACH who="3" step="1"/><G133/><REACH who="3" ten="238,256,201,295" step="2"/><T112/><D76/><U27/><E100/><V45/><F116/><W127/><G127/><T103/><D103/><U35/><E101/><V105/><F105/><W11/><G11/><N who="0" m="6655" /><D112/><U109/><E109/><V4/><F88/><W79/><G79/><T3/><D3/><U94/><E90/><V1/><F1/><W29/><G29/><T135/><D135/><U114/><E114/><V40/><F5/><W128/><G128/><T26/><D91/><U86/><E8/><V12/><F4/><W51/><G51/><T17/><D50/><U110/><E110/><RYUUKYOKU ba="0,1" sc="238,-10,256,-10,201,-10,295,30" hai3="13,16,20,30,31,44,49,53,60,65,72,73,75" /><INIT seed="3,1,1,5,3,15" ten="228,246,191,325" oya="3" hai0="77,122,32,10,120,36,57,79,104,24,101,75,65" hai1="26,5,70,21,29,4,83,86,121,41,129,78,125" hai2="90,131,64,116,119,12,113,50,46,98,114,84,55" hai3="35,117,71,8,135,76,54,72,80,115,2,132,11"/><W14/><G35/><T126/><D57/><U89/><E121/><V22/><F98/><W106/><G117/><T37/><D77/><U60/><E129/><V23/><F131/><W25/><G25/><T47/><D65/><U3/><E125/><V18/><F64/><W109/><G106/><T48/><D48/><U93/><E3/><V91/><F91/><W103/><G103/><T111/><D111/><U100/><E70/><V96/><F96/><W31/><G31/><N who="0" m="19559" /><D126/><U99/><E41/><V52/><F55/><W39/><G39/><N who="0" m="14923" /><D47/><U45/><E45/><V68/><F68/><W69/><G54/><T124/><D10/><U61/><E78/><V38/><F38/><W128/><G128/><T81/><D124/><U53/><E61/><V30/><F30/><W62/><G62/><T1/><D1/><U33/><E33/><V66/><F66/><W82/><G109/><T88/><D88/><U43/><E43/><V42/><F42/><W95/><G95/><T34/><D34/><U13/><E13/><V97/><F97/><AGARI ba="1,1" hai="75,79,81,97,101,104,120,122" m="14923,19559" machi="97" ten="30,1000,0" yaku="23,1" doraHai="15" who="0" fromWho="2" sc="228,23,246,0,191,-13,325,0" /><INIT seed="4,0,0,2,5,110" ten="251,246,178,325" oya="0" hai0="94,92,38,104,65,86,132,2,96,6,58,79,19" hai1="51,124,68,101,22,106,95,34,67,28,130,72,11" hai2="5,17,18,126,87,54,112,105,70,118,108,25,75" hai3="50,89,49,102,121,56,60,81,66,85,35,48,129"/><T4/><D38/><U76/><E51/><V114/><F75/><W122/><G35/><T90/><D2/><U42/><E22/><V59/><F105/><W0/><G0/><T46/><D104/><U78/><E78/><V88/><F108/><W117/><G129/><T37/><D132/><U131/><E95/><N who="2" m="54687" /><F70/><W31/><G31/><T53/><D37/><U135/><E42/><V1/><F126/><W20/><G20/><T47/><D19/><N who="2" m="7178" /><F25/><W115/><G117/><T12/><D65/><U107/><E107/><V13/><F1/><W3/><G3/><T69/><D69/><U24/><E135/><V127/><F127/><W9/><G102/><N who="0" m="60679" /><D79/><U10/><E76/><V116/><F13/><W119/><G119/><N who="2" m="45609" /><F5/><N who="0" m="2154" /><D12/><U74/><E124/><V73/><F73/><W99/><G122/><T8/><D8/><N who="1" m="3115" /><E74/><V41/><F41/><W113/><G121/><T7/><D7/><U71/><E72/><V43/><F43/><W63/><G9/><T93/><D94/><U120/><E120/><V64/><F64/><W103/><REACH who="3" step="1"/><G60/><AGARI ba="0,0" hai="46,47,53,58,60,86,90,93" m="2154,60679" machi="60" ten="30,1500,0" yaku="8,1" doraHai="110" who="0" fromWho="3" sc="251,15,246,0,178,0,325,-15" /><AGARI ba="0,0" hai="54,59,60,112,114" m="45609,7178,54687" machi="60" ten="30,7700,0" yaku="12,1,52,2,54,1" doraHai="110" who="2" fromWho="3" sc="266,0,246,0,178,77,310,-77" /><INIT seed="4,1,0,2,1,42" ten="266,246,255,233" oya="0" hai0="14,72,124,19,5,68,115,83,60,58,11,65,121" hai1="61,54,49,1,18,84,110,25,133,132,69,78,134" hai2="90,107,86,57,50,74,53,33,105,31,45,91,76" hai3="15,39,26,85,119,55,126,131,12,20,27,114,109"/><T47/><D121/><U108/><E1/><V3/><F3/><W0/><G39/><T89/><D115/><U35/><E61/><V101/><F31/><W43/><G43/><T116/><D124/><U71/><E78/><V24/><F24/><W96/><G0/><T41/><D116/><U21/><E84/><V8/><F33/><W81/><G131/><T66/><D68/><N who="1" m="26187" /><E35/><V94/><F8/><W2/><G2/><T77/><D89/><U118/><E118/><V112/><F112/><W22/><G114/><T30/><D30/><U7/><E7/><V127/><F127/><W99/><G126/><T80/><D83/><U38/><E38/><V102/><F91/><W97/><G119/><T4/><REACH who="0" step="1"/><D65/><REACH who="0" ten="256,246,255,233" step="2"/><U51/><E54/><V129/><F129/><W103/><G55/><T117/><D117/><U104/><E134/><V130/><F130/><W73/><G103/><T135/><D135/><U93/><E133/><V75/><F102/><W16/><G109/><T63/><D63/><U17/><E132/><V62/><F101/><W125/><G125/><T13/><D13/><U120/><E120/><V34/><F76/><N who="3" m="46247" /><G73/><T70/><D70/><U111/><E111/><V122/><F122/><W23/><G15/><T6/><D6/><U52/><E110/><V87/><F75/><W100/><G100/><T128/><D128/><U92/><E108/><V28/><F74/><W9/><AGARI ba="1,1" hai="9,12,16,20,22,23,26,27,96,97,99" m="46247" machi="9" ten="30,2000,0" yaku="8,1,54,1" doraHai="42" who="3" fromWho="3" sc="256,-11,246,-6,255,-6,233,33" /><INIT seed="5,0,0,5,5,109" ten="245,240,249,266" oya="1" hai0="84,49,121,81,90,50,52,1,13,126,4,86,53" hai1="116,98,32,22,105,100,48,111,59,113,69,75,29" hai2="40,2,21,6,30,114,127,70,88,92,120,130,47" hai3="3,43,74,65,95,42,131,132,24,103,20,26,135"/><U58/><E116/><V101/><F120/><W112/><G74/><T78/><D1/><U54/><E111/><V71/><F130/><W96/><G3/><T38/><D38/><U57/><E75/><V14/><F127/><W39/><G131/><T34/><D34/><U36/><E36/><V16/><F101/><W19/><G65/><T97/><D126/><U9/><E22/><V62/><F30/><W28/><G39/><T128/><D121/><U102/><E102/><V119/><F119/><W108/><G108/><T17/><D97/><U37/><E37/><V61/><F61/><W87/><G87/><T124/><D4/><U46/><E9/><V5/><F5/><W77/><G77/><T99/><D99/><U60/><E113/><V23/><F114/><W91/><G112/><T72/><D128/><U35/><REACH who="1" step="1"/><E29/><REACH who="1" ten="245,230,249,266" step="2"/><V82/><F23/><N who="3" m="13439" /><G103/><T25/><D124/><U55/><E55/><V79/><F21/><W94/><G135/><T125/><D72/><U45/><E45/><V41/><F47/><W66/><G132/><T115/><D115/><U118/><E118/><V15/><F41/><N who="3" m="15371" /><G66/><AGARI ba="0,1" hai="32,35,46,48,54,57,58,59,60,66,69,98,100,105" machi="66" ten="40,3900,0" yaku="1,1,53,1" doraHai="109" doraHaiUra="64" who="1" fromWho="3" sc="245,0,230,49,249,0,266,-39" /><INIT seed="5,1,0,3,2,89" ten="245,279,249,227" oya="1" hai0="10,29,21,48,8,126,16,50,87,1,68,133,94" hai1="75,13,100,53,109,116,80,40,101,62,36,81,119" hai2="37,131,30,114,112,26,42,84,95,49,122,125,59" hai3="97,71,34,86,107,78,118,22,82,90,15,56,55"/><U106/><E109/><V123/><F37/><W99/><G71/><T32/><D68/><U6/><E36/><V52/><F42/><W128/><G34/><T54/><D133/><U41/><E106/><V83/><F131/><W88/><G128/><T64/><D126/><U74/><E62/><V2/><F2/><W38/><G38/><T57/><D64/><U7/><E13/><V135/><F135/><W12/><G118/><T77/><D1/><U4/><E4/><V9/><F9/><N who="0" m="3690" /><D32/><U11/><E11/><V93/><F125/><W65/><G65/><T98/><D29/><U47/><E47/><V102/><F102/><W23/><G107/><T44/><D77/><U19/><E19/><V70/><F70/><W129/><G129/><T79/><D87/><U20/><E20/><N who="3" m="7722" /><G78/><T31/><D79/><U28/><E28/><V121/><F26/><W0/><G0/><T92/><D98/><N who="3" m="37385" /><G90/><T127/><D31/><U46/><E46/><V110/><F30/><W69/><G69/><T124/><D127/><U58/><E58/><V24/><F24/><W104/><G104/><T3/><D3/><U105/><E105/><V132/><F132/><W85/><G85/><T130/><D130/><U113/><E113/><N who="2" m="43627" /><F110/><W134/><G134/><T72/><D72/><U33/><E33/><V27/><F27/><W5/><G5/><T45/><D124/><U17/><E17/><V39/><F39/><W76/><G76/><AGARI ba="1,0" hai="49,52,59,76,83,84,93,95,121,122,123" m="43627" machi="76" ten="40,8000,1" yaku="15,1,11,1,52,2,54,1" doraHai="89" who="2" fromWho="3" sc="245,0,279,0,249,83,227,-83" /><INIT seed="6,0,0,0,0,29" ten="245,279,332,144" oya="2" hai0="2,107,96,80,70,17,22,31,72,82,9,48,105" hai1="37,55,97,12,50,3,14,73,129,125,25,32,83" hai2="59,68,11,103,93,13,94,24,75,89,134,122,126" hai3="118,102,132,54,33,115,100,38,86,71,133,45,60"/><V10/><F68/><W6/><G6/><T65/><D72/><U23/><E37/><V69/><F69/><W16/><G118/><T130/><D130/><U34/><E3/><V39/><F122/><W7/><G7/><T67/><D105/><U36/><E36/><V124/><F75/><W63/><G115/><T119/><D2/><U87/><E73/><V18/><F39/><W21/><G86/><T35/><D35/><U117/><E117/><V66/><F134/><W26/><G33/><T30/><D9/><U113/><E113/><V81/><F11/><W85/><G85/><T77/><D70/><U43/><E43/><V49/><F24/><W47/><G47/><T27/><D107/><U15/><E97/><V88/><F103/><N who="3" m="39467" /><G71/><T79/><D96/><U41/><E41/><V53/><F66/><W0/><G0/><T61/><D67/><U84/><E84/><N who="2" m="50191" /><F89/><W131/><G131/><T8/><D31/><U106/><E32/><V40/><F40/><N who="3" m="22679" /><G54/><T99/><D30/><U109/><E34/><V101/><F101/><W121/><G121/><T44/><D44/><U98/><E129/><V64/><F64/><W110/><G110/><T57/><D65/><U112/><E109/><V108/><F108/><W114/><G114/><T1/><D1/><U51/><E112/><V135/><F94/><W62/><G133/><T90/><D119/><U128/><E128/><V95/><F135/><W28/><G132/><T116/><D90/><U56/><E106/><V120/><F120/><W78/><G78/><T74/><D116/><U58/><E98/><V19/><F53/><RYUUKYOKU ba="0,0" sc="245,-10,279,-10,332,-10,144,30" hai3="16,21,26,28,60,62,63" /><INIT seed="7,1,0,2,5,63" ten="235,269,322,174" oya="3" hai0="12,105,3,122,126,1,101,94,82,18,30,64,6" hai1="134,78,80,29,67,39,40,93,56,4,23,112,119" hai2="28,25,62,92,85,47,103,87,57,83,95,74,114" hai3="71,76,53,48,106,14,22,133,20,51,49,79,96"/><W90/><G71/><T15/><D105/><U34/><E34/><V121/><F114/><W132/><G53/><T10/><D122/><U130/><E93/><V127/><F127/><W17/><G22/><T117/><D117/><U128/><E4/><V75/><F47/><W59/><G59/><T102/><D126/><U21/><E134/><N who="3" m="51818" /><G90/><T118/><D118/><U120/><E120/><V104/><F121/><W113/><G113/><T36/><D36/><U0/><E0/><V125/><F125/><W81/><G81/><T60/><D30/><U31/><E112/><V13/><F83/><W69/><G69/><T110/><D110/><U115/><E115/><V37/><F57/><W45/><G45/><T55/><D55/><U11/><E119/><V100/><F13/><W65/><G65/><T41/><D41/><U123/><E123/><V72/><F62/><W35/><G35/><T27/><D27/><U97/><E23/><V73/><F37/><W66/><G66/><T8/><D82/><U108/><E21/><V98/><F25/><W7/><G7/><T52/><D52/><U58/><E67/><V77/><F28/><N who="1" m="10825" /><E58/><V32/><F32/><W9/><G20/><T86/><D102/><AGARI ba="1,0" hai="9,14,17,48,49,51,76,79,96,102,106" m="51818" machi="102" ten="30,1500,0" yaku="20,1" doraHai="63" who="3" fromWho="0" sc="235,-18,269,0,322,0,174,18" /><INIT seed="7,2,0,4,2,77" ten="217,269,322,192" oya="3" hai0="19,114,66,5,132,130,80,22,120,135,15,14,6" hai1="23,102,110,82,105,61,50,134,0,79,112,118,81" hai2="101,3,106,68,100,30,39,115,92,34,40,129,126" hai3="97,21,94,48,59,7,62,1,73,83,26,36,10"/><W56/><G36/><T37/><D120/><U89/><E0/><V98/><F101/><W55/><G73/><T86/><D37/><U52/><E110/><V8/><F92/><W123/><G123/><T117/><D117/><U91/><E105/><V87/><F87/><W125/><G125/><T43/><D43/><U25/><E102/><V49/><F49/><W108/><G108/><T44/><D44/><N who="1" m="27719" /><E112/><V72/><F129/><W104/><G104/><T11/><D130/><U116/><E134/><N who="0" m="51241" /><D66/><U133/><E61/><V46/><F126/><W128/><G128/><T113/><D6/><U12/><E12/><V13/><F13/><W88/><G83/><N who="1" m="31754" /><E79/><AGARI ba="2,0" hai="5,11,14,15,19,22,79,80,86,113,114" m="51241" machi="79" ten="30,2000,0" yaku="20,1,52,1" doraHai="77" who="0" fromWho="1" sc="217,26,269,-26,322,0,192,0" owari="243,4.0,243,-16.0,322,43.0,192,-31.0" /></mjloggm>