<mjloggm ver="2.3"><GO type="225" lobby="0"/><UN n0="%E3%81%AF%E3%81%BF%E3%82%82%E3%82%93" n1="%72%69%6F%75%63%68%61%6E" n2="%E3%82%A6%E3%83%AB%E3%83%88%E3%83%A9%E7%AB%8B%E7%9B%B4" n3="%E3%81%A6%E3%81%83%E3%81%BF%E3%82%93" dan="18,16,16,17" rate="2176.93,2127.46,2126.21,2197.76" sx="M,M,M,M"/><TAIKYOKU oya="0"/><INIT seed="0,0,0,0,2,135" ten="250,250,250,250" oya="0" hai0="112,114,59,131,12,4,54,80,27,113,88,118,51" hai1="41,29,93,47,129,23,7,117,55,6,34,18,53" hai2="17,0,83,92,20,43,100,115,134,102,126,57,16" hai3="11,70,64,42,90,63,105,81,44,85,95,77,58"/><T91/><D118/><U66/><E117/><V98/><F0/><W96/><G105/><T121/><D121/><U103/><E129/><V116/><F115/><W125/><G11/><T65/><D131/><U74/><E74/><V107/><F107/><W106/><G106/><T73/><D65/><U69/><E34/><V109/><F116/><W97/><G70/><T35/><D4/><N who="1" m="1579" /><E69/><V14/><F134/><W21/><G21/><T124/><D12/><N who="1" m="9671" /><E29/><V78/><F126/><W31/><G31/><T10/><D10/><U128/><E66/><V26/><F109/><W67/><G125/><T38/><D38/><U28/><E28/><V132/><F132/><W119/><G119/><T127/><D35/><U76/><E76/><V79/><F43/><W61/><G61/><T104/><D104/><U60/><E128/><V62/><F83/><W15/><G15/><T122/><D27/><U68/><E68/><V8/><REACH who="2" step="1"/><F102/><REACH who="2" ten="250,250,240,250" step="2"/><W120/><G120/><T87/><D122/><U71/><E103/><V110/><F110/><W111/><G111/><T5/><D5/><U72/><E41/><V52/><AGARI ba="0,1" hai="8,14,16,17,20,26,52,57,62,78,79,92,98,100" machi="52" ten="20,12000,2" yaku="1,1,0,1,7,1,8,1,54,2,53,1" doraHai="135" doraHaiUra="48" who="2" fromWho="2" sc="250,-60,250,-30,240,130,250,-30" /><INIT seed="1,0,0,0,4,1" ten="190,220,370,220" oya="1" hai0="77,133,102,50,66,58,99,44,107,38,127,106,31" hai1="21,18,28,13,36,118,110,51,76,54,88,27,57" hai2="114,67,5,56,30,78,116,10,130,121,101,65,100" hai3="74,7,117,6,105,81,125,95,48,113,87,0,64"/><U128/><E118/><V45/><F121/><W55/><G105/><T37/><D133/><U59/><E36/><V79/><F116/><W123/><G123/><T80/><D127/><U112/><E112/><V9/><F130/><W73/><G113/><T16/><D107/><U85/><E128/><V120/><F120/><W47/><G117/><T43/><D31/><U14/><E110/><V35/><F35/><W70/><G125/><T97/><D97/><U71/><E71/><V49/><F30/><W11/><G95/><T93/><D106/><U12/><E76/><N who="2" m="29227" /><F114/><W135/><G135/><T2/><D2/><U39/><E39/><V132/><F132/><W124/><G124/><T61/><REACH who="0" step="1"/><D16/><REACH who="0" ten="180,220,370,220" step="2"/><U94/><REACH who="1" step="1"/><E59/><REACH who="1" ten="180,210,370,220" step="2"/><V32/><F56/><W40/><G70/><T90/><D90/><U108/><E108/><V129/><F129/><W68/><G68/><T115/><D115/><U89/><E89/><V91/><F91/><W92/><G47/><T126/><D126/><U4/><E4/><V24/><F5/><W17/><G7/><T52/><D52/><U82/><E82/><V111/><F111/><W60/><G55/><T98/><D98/><U22/><AGARI ba="0,2" hai="12,13,14,18,21,22,27,28,51,54,57,85,88,94" machi="22" ten="20,24000,3" yaku="1,1,0,1,7,1,25,2,8,1,54,1,53,1" doraHai="1" doraHaiUra="26" who="1" fromWho="1" sc="180,-80,210,260,370,-80,220,-80" /><INIT seed="1,1,0,0,2,18" ten="100,470,290,140" oya="1" hai0="23,30,54,4,37,115,50,53,7,32,88,41,84" hai1="71,125,123,134,80,75,3,79,34,106,38,22,108" hai2="94,20,82,85,11,16,61,64,63,118,12,87,73" hai3="6,40,135,52,17,72,36,60,39,98,49,24,122"/><U124/><RYUUKYOKU type="yao9" ba="1,0" sc="100,0,470,0,290,0,140,0" hai1="3,22,34,38,71,75,79,80,106,108,123,124,125,134" /><INIT seed="1,2,0,3,2,109" ten="100,470,290,140" oya="1" hai0="23,80,34,82,133,94,7,2,36,41,3,48,84" hai1="115,45,116,59,56,16,110,35,71,119,103,25,37" hai2="42,107,92,128,4,13,105,132,96,102,79,29,49" hai3="77,106,65,17,129,127,39,57,72,38,14,75,112"/><U98/><E71/><V68/><F68/><W100/><G127/><T24/><D133/><U58/><E115/><V113/><F29/><W108/><G108/><T124/><D124/><U74/><E110/><V21/><F132/><W125/><G125/><T52/><D34/><U101/><E74/><V78/><F128/><W121/><G121/><T131/><D131/><U86/><E86/><V11/><F113/><W111/><G111/><T85/><D36/><U64/><E64/><V47/><F21/><W90/><G129/><T27/><D41/><U70/><E70/><V51/><REACH who="2" step="1"/><F49/><REACH who="2" ten="100,470,280,140" step="2"/><W61/><G112/><T97/><D23/><N who="1" m="13543" /><E35/><V95/><F95/><W93/><G39/><T5/><D48/><U117/><E37/><V114/><F114/><W31/><G38/><T123/><D94/><N who="1" m="58583" /><E116/><V20/><F20/><W69/><G69/><T81/><D81/><U10/><E117/><V67/><F67/><W126/><G65/><T83/><D83/><U44/><E119/><V62/><F62/><W87/><G61/><T122/><REACH who="0" step="1"/><D97/><REACH who="0" ten="90,470,280,140" step="2"/><U22/><E22/><V43/><F43/><W1/><G126/><T135/><D135/><U6/><E103/><V130/><F130/><W0/><G100/><T53/><AGARI ba="2,2" hai="2,3,5,7,24,27,52,53,80,82,84,85,122,123" machi="53" ten="25,8000,1" yaku="1,1,0,1,22,2,54,1,53,0" doraHai="109" doraHaiUra="19" who="0" fromWho="0" sc="90,106,470,-42,280,-22,140,-22" /><INIT seed="2,0,0,1,2,105" ten="196,428,258,118" oya="2" hai0="35,122,125,38,5,41,18,91,1,14,63,59,29" hai1="71,100,74,13,118,116,52,127,2,82,68,4,129" hai2="58,53,61,97,93,92,80,56,31,57,109,55,66" hai3="132,87,27,130,65,28,79,17,51,106,76,99,72"/><V89/><F109/><W12/><G132/><T128/><D122/><U115/><E115/><V39/><F39/><W15/><G130/><T81/><D125/><U86/><E2/><V107/><F107/><W30/><G65/><T47/><D128/><U20/><E129/><V54/><F31/><W42/><G87/><T135/><D91/><U120/><E127/><V36/><F36/><W88/><G106/><T32/><D81/><U112/><E112/><V45/><F45/><W6/><G6/><T77/><D77/><U11/><E120/><V114/><F114/><W101/><G101/><T21/><D29/><U102/><E74/><V7/><F7/><W96/><G96/><T64/><D135/><U26/><E68/><V108/><F108/><W25/><G42/><T33/><D5/><U134/><E71/><V84/><REACH who="2" step="1"/><F93/><REACH who="2" ten="196,428,248,118" step="2"/><W103/><G30/><T43/><D38/><U110/><E110/><V48/><F48/><W60/><G51/><T123/><D123/><U104/><E134/><V10/><F10/><W24/><G28/><T50/><D43/><U111/><E111/><V90/><AGARI ba="0,1" hai="53,54,55,56,57,58,61,66,80,84,89,90,92,97" machi="90" ten="30,6000,0" yaku="1,1,0,1,8,1,53,0" doraHai="105" doraHaiUra="23" who="2" fromWho="2" sc="196,-20,428,-20,248,70,118,-20" /><INIT seed="2,1,0,1,2,86" ten="176,408,318,98" oya="2" hai0="102,4,114,3,67,16,133,55,129,20,120,21,72" hai1="60,22,80,101,93,32,98,121,2,88,125,117,53" hai2="127,45,68,92,66,25,69,52,77,65,57,116,112" hai3="34,40,24,11,107,29,95,108,8,48,28,9,26"/><V30/><F116/><W18/><G107/><T56/><D114/><U54/><E117/><V44/><F112/><W97/><G108/><T75/><D120/><U131/><E32/><V111/><F77/><W62/><G62/><T1/><D129/><U100/><E2/><V96/><F111/><W73/><G73/><T58/><D133/><U83/><E131/><V6/><F6/><W71/><G71/><T61/><D102/><N who="1" m="39531" /><E121/><V115/><F115/><W23/><G48/><T74/><D4/><U103/><N who="1" m="39539" /><U42/><DORA hai="5" /><E125/><V113/><F127/><W10/><G40/><T15/><REACH who="0" step="1"/><D21/><REACH who="0" ten="166,408,318,98" step="2"/><U126/><E126/><V109/><F113/><W134/><G134/><T128/><D128/><U51/><E22/><N who="2" m="15671" /><F109/><W47/><G47/><N who="2" m="17993" /><F68/><W19/><N who="3" m="2560" /><DORA hai="79" /><W130/><REACH who="3" step="1"/><G130/><REACH who="3" ten="166,408,318,88" step="2"/><T33/><D33/><U135/><E135/><V89/><F69/><W82/><G82/><T132/><D132/><U64/><E80/><V50/><AGARI ba="1,2" hai="50,52,57,65,66,89,92,96" m="17993,15671" machi="50" ten="30,6000,0" yaku="8,1,52,1,54,1" doraHai="86,5,79" who="2" fromWho="2" sc="166,-21,408,-21,318,83,88,-21" /><INIT seed="2,2,0,1,0,116" ten="145,387,401,67" oya="2" hai0="64,68,121,3,39,65,88,25,77,54,76,132,30" hai1="20,81,17,11,57,94,22,41,113,2,107,48,125" hai2="119,96,112,58,130,62,44,28,86,42,126,0,128" hai3="105,72,106,102,90,124,87,98,111,40,47,51,109"/><V38/><F0/><W50/><G72/><T89/><D3/><U6/><E113/><V101/><F112/><W100/><G124/><T18/><D39/><U14/><E107/><V103/><F119/><W27/><G27/><T80/><D121/><U53/><E125/><V115/><F115/><W123/><G123/><T97/><D68/><U8/><E41/><V21/><F126/><W95/><REACH who="3" step="1"/><G50/><REACH who="3" ten="145,387,401,57" step="2"/><T118/><D118/><U63/><E81/><V104/><F130/><W56/><G56/><T5/><D25/><U99/><REACH who="1" step="1"/><E48/><REACH who="1" ten="145,377,401,57" step="2"/><V45/><F128/><W70/><G70/><T122/><D80/><U31/><E31/><V4/><F28/><W37/><G37/><T34/><D30/><U15/><E15/><V59/><F38/><W23/><G23/><T19/><D34/><U75/><E75/><V78/><F21/><W131/><G131/><T52/><D122/><U134/><E134/><V33/><F33/><W120/><G120/><T108/><D132/><U32/><E32/><V1/><F1/><W60/><G60/><T84/><D108/><U71/><E71/><V91/><F62/><W36/><G36/><T29/><D29/><U114/><E114/><V110/><F110/><W55/><G55/><T135/><D135/><U7/><E7/><V73/><F4/><W16/><G16/><T49/><D49/><U83/><E83/><V61/><F61/><W24/><G24/><T133/><D133/><U117/><E117/><V9/><F73/><W67/><G67/><T43/><D5/><U93/><E93/><N who="2" m="54519" /><F42/><W69/><G69/><T12/><D43/><RYUUKYOKU ba="2,2" sc="145,-15,377,15,401,-15,57,15" hai1="2,6,8,11,14,17,20,22,53,57,63,94,99" hai3="40,47,51,87,90,95,98,100,102,105,106,109,111" /><INIT seed="3,3,2,1,0,7" ten="130,392,386,72" oya="3" hai0="135,64,5,87,74,112,96,1,110,120,130,10,93" hai1="127,90,86,91,46,39,2,75,40,12,58,49,20" hai2="106,72,125,92,28,79,117,16,32,44,69,107,73" hai3="29,54,17,4,37,13,23,52,56,47,22,116,66"/><W11/><G116/><T124/><D74/><U42/><E75/><N who="2" m="28747" /><F16/><W55/><G29/><T34/><D124/><U38/><E2/><V97/><F92/><W14/><G37/><T85/><D130/><U88/><E127/><V78/><F79/><W62/><G47/><T114/><D135/><U82/><E58/><V95/><F95/><W123/><G123/><T24/><D110/><U128/><E128/><V63/><F78/><W8/><AGARI ba="3,2" hai="4,8,11,13,14,17,22,23,52,54,55,56,62,66" machi="8" ten="30,12000,1" yaku="0,1,8,1,52,2,54,1" doraHai="7" who="3" fromWho="3" sc="130,-43,392,-43,386,-43,72,149" /><INIT seed="3,4,0,0,3,11" ten="87,349,343,221" oya="3" hai0="131,27,12,55,76,69,72,97,109,120,104,36,123" hai1="93,18,78,8,0,42,50,5,14,81,114,25,101" hai2="71,102,35,23,106,128,108,46,110,40,111,92,113" hai3="53,62,85,130,1,86,21,66,135,103,115,96,38"/><W34/><G34/><T129/><D69/><U49/><E114/><V117/><F117/><W63/><G1/><T98/><D36/><U134/><E134/><V121/><F113/><W132/><G38/><T70/><D70/><U7/><E25/><V59/><F71/><W89/><G115/><T126/><D72/><U88/><E101/><V119/><F119/><W13/><G130/><T2/><D2/><U57/><E42/><V41/><F35/><W107/><G53/><T6/><D27/><U19/><E19/><V118/><F118/><W60/><G66/><T64/><D64/><U3/><E3/><V37/><F128/><W31/><G31/><T30/><D30/><U51/><E57/><V67/><F121/><W84/><G89/><T61/><D76/><U87/><REACH who="1" step="1"/><E0/><REACH who="1" ten="87,339,343,221" step="2"/><V95/><F40/><W29/><G29/><T48/><D6/><U17/><E17/><V133/><F133/><N who="3" m="51275" /><G21/><T22/><D22/><U15/><E15/><AGARI ba="4,1" hai="13,15,60,62,63,84,85,86,96,103,107" m="51275" machi="15" ten="40,7700,0" yaku="20,1,52,2" doraHai="11" who="3" fromWho="1" sc="87,0,339,-89,343,0,221,99" /><INIT seed="3,5,0,3,5,9" ten="87,250,343,320" oya="3" hai0="49,110,125,39,37,89,59,86,66,124,130,5,3" hai1="112,69,73,54,102,6,126,85,52,93,105,13,16" hai2="11,14,129,107,77,64,99,96,29,94,26,109,121" hai3="114,74,91,104,62,25,128,47,71,57,22,101,50"/><W23/><G74/><T12/><D86/><U42/><E112/><V103/><F77/><W78/><G114/><T60/><D89/><N who="1" m="53423" /><E105/><V111/><F64/><W117/><G117/><T61/><D3/><U133/><E69/><V98/><F129/><W134/><G71/><T55/><D5/><U38/><E38/><V115/><F115/><W40/><G134/><T120/><D12/><U0/><E73/><V83/><F83/><W122/><G122/><T87/><D87/><U19/><E0/><V27/><F121/><W17/><G128/><T65/><D120/><U8/><E133/><V81/><F81/><W53/><G78/><T79/><D79/><U41/><E126/><V132/><F132/><W2/><G2/><T135/><D135/><U131/><E131/><V80/><F80/><W15/><G91/><T118/><D130/><U4/><E102/><N who="2" m="60695" /><F98/><W68/><G68/><T28/><D28/><U51/><E54/><V72/><F29/><W48/><G104/><T113/><D113/><U116/><E116/><V33/><F33/><W92/><G92/><T127/><D118/><U10/><E10/><V75/><F75/><W95/><G95/><T32/><D32/><U18/><E4/><N who="2" m="3431" /><F72/><W30/><G101/><T90/><D90/><U45/><AGARI ba="5,0" hai="6,8,13,16,18,19,41,42,45,51,52" m="53423" machi="45" ten="30,7900,0" yaku="8,1,52,1,54,2" doraHai="9" who="1" fromWho="1" sc="87,-25,250,94,343,-25,320,-44" owari="62,-44.0,344,44.0,318,12.0,276,-12.0" /></mjloggm>