<mjloggm ver="2.3"><GO type="169" lobby="0"/><UN n0="%E5%9C%B0%E7%8D%84%E3%83%A2%E3%83%BC%E3%83%89%E5%B0%82%E7%94%A8" n1="%E3%83%9E%E3%83%A1%E3%83%9D%E3%82%B3" n2="%E4%BC%8F%E8%99%8E" n3="%E5%B0%B1%E6%B4%BB%E7%94%9F%40%E5%B7%9D%E6%9D%91%E8%BB%8D%E5%9B%A3" dan="16,16,16,18" rate="2106.94,2093.55,2112.02,2297.14" sx="M,M,M,M"/><TAIKYOKU oya="0"/><INIT seed="0,0,0,3,4,108" ten="250,250,250,250" oya="0" hai0="43,7,100,6,56,85,9,84,57,54,69,71,60" hai1="88,19,82,65,92,132,67,135,79,134,40,110,98" hai2="101,125,10,109,131,22,3,99,120,133,107,36,75" hai3="18,45,33,50,128,97,74,127,115,21,118,13,16"/><T44/><D100/><U35/><E110/><V102/><RYUUKYOKU type="yao9" ba="0,0" sc="250,0,250,0,250,0,250,0" hai2="3,10,22,36,75,99,101,102,107,109,120,125,131,133" /><INIT seed="0,1,0,5,0,68" ten="250,250,250,250" oya="0" hai0="29,28,5,124,42,109,49,66,10,43,113,106,70" hai1="14,30,115,2,3,9,35,15,57,98,62,56,34" hai2="16,104,7,4,53,65,123,110,18,80,94,130,111" hai3="77,86,127,27,45,26,112,100,133,58,95,31,64"/><T79/><D113/><U92/><E115/><V103/><F123/><W122/><G112/><T129/><D106/><U131/><E131/><V19/><F104/><W59/><G122/><T97/><D79/><U84/><E84/><V132/><F130/><W50/><G127/><T36/><D129/><U46/><E46/><V83/><F65/><W96/><G133/><T120/><D120/><U54/><E57/><V52/><F94/><W108/><G108/><N who="2" m="41513" /><F103/><W12/><G12/><T47/><D97/><U76/><E76/><V8/><F132/><W135/><G135/><T17/><D124/><U38/><E15/><V75/><F7/><W71/><G71/><T119/><D109/><U74/><E74/><V60/><F60/><W121/><G64/><T107/><D107/><U67/><E67/><V55/><F75/><W125/><G125/><T91/><D66/><U117/><E2/><AGARI ba="1,0" hai="2,4,8,16,18,19,52,53,55,80,83" m="41513" machi="2" ten="40,5200,0" yaku="14,1,54,2" doraHai="68" who="2" fromWho="1" sc="250,0,250,-55,250,55,250,0" /><INIT seed="1,0,0,4,3,49" ten="250,195,305,250" oya="1" hai0="62,87,98,122,12,41,125,104,42,1,134,69,35" hai1="33,118,85,0,21,107,15,16,56,10,34,28,116" hai2="102,91,46,83,135,86,24,77,132,57,20,110,88" hai3="61,80,81,58,89,60,101,38,2,106,74,78,11"/><U4/><E107/><V50/><F57/><W7/><G38/><T76/><D1/><U30/><E56/><V63/><F63/><W25/><G25/><T66/><D12/><U5/><E5/><V53/><F110/><W126/><G126/><T121/><D125/><U92/><E85/><V84/><F102/><W23/><G23/><T90/><D134/><N who="2" m="51242" /><F86/><W26/><G26/><T18/><D18/><AGARI ba="0,0" hai="18,20,24,46,50,53,77,83,84,88,91" m="51242" machi="18" ten="30,3900,0" yaku="20,1,52,1,54,1" doraHai="49" who="2" fromWho="0" sc="250,-39,195,0,305,39,250,0" /><INIT seed="2,0,0,1,3,87" ten="211,195,344,250" oya="2" hai0="30,88,23,33,114,121,123,116,106,103,60,99,97" hai1="11,14,89,19,108,10,71,66,109,124,67,76,119" hai2="32,133,58,65,129,125,24,27,86,93,126,61,13" hai3="3,15,46,40,110,81,48,5,74,18,54,128,0"/><V41/><F32/><W53/><G110/><N who="1" m="42602" /><E119/><V92/><F133/><W37/><G128/><T44/><D114/><U96/><E76/><V6/><F41/><W104/><G104/><T117/><D33/><U73/><E73/><V38/><F38/><W29/><G29/><T56/><D44/><U79/><E79/><V59/><F129/><W91/><G5/><T72/><D72/><U34/><E34/><V130/><F130/><W134/><G134/><T4/><D4/><U21/><E124/><N who="2" m="47723" /><F59/><W62/><G62/><T70/><D30/><U20/><E11/><N who="2" m="4343" /><F93/><W52/><G74/><T78/><D23/><N who="1" m="8779" /><E71/><V94/><F94/><AGARI ba="0,0" hai="10,14,19,66,67,89,94,96" m="8779,42602" machi="94" ten="30,2000,0" yaku="14,1,52,1" doraHai="87" who="1" fromWho="2" sc="211,0,195,20,344,-20,250,0" /><INIT seed="3,0,0,4,2,20" ten="211,215,324,250" oya="3" hai0="22,95,106,2,126,124,90,9,118,79,68,72,71" hai1="97,107,59,17,76,132,5,27,120,63,21,38,67" hai2="45,49,14,77,4,53,69,61,128,91,41,75,47" hai3="58,98,134,121,130,74,40,60,16,105,125,55,44"/><W56/><G121/><T28/><D106/><U29/><E120/><V131/><F77/><W35/><G35/><T32/><D118/><U112/><E112/><V96/><F75/><W129/><G74/><T100/><D100/><U52/><E132/><V86/><F96/><W115/><G115/><T82/><D22/><U12/><E38/><V108/><F4/><W116/><G116/><T101/><D101/><U36/><E36/><V11/><F11/><W48/><G134/><T50/><D50/><U73/><E5/><V70/><F14/><W117/><G117/><T0/><D95/><U66/><E107/><V33/><F33/><W102/><G125/><N who="0" m="48235" /><D90/><U18/><E97/><V23/><F23/><W119/><G119/><T81/><D81/><U88/><E88/><V15/><F91/><W123/><G123/><T19/><D19/><U114/><E114/><V6/><F86/><W42/><G16/><T46/><D46/><U54/><E18/><V109/><F6/><W65/><REACH who="3" step="1"/><G42/><REACH who="3" ten="211,215,324,240" step="2"/><T111/><D111/><U8/><E73/><V37/><F108/><W3/><G3/><N who="0" m="1067" /><D9/><U13/><E13/><V34/><F109/><W92/><G92/><T62/><D62/><AGARI ba="0,1" hai="40,44,48,55,56,58,60,62,65,98,102,105,129,130" machi="62" ten="40,7700,0" yaku="1,1,53,2" doraHai="20" doraHaiUra="57" who="3" fromWho="0" sc="211,-77,215,0,324,0,240,87" /><INIT seed="3,1,0,0,3,10" ten="134,215,324,327" oya="3" hai0="121,60,109,104,31,117,135,12,75,32,43,59,70" hai1="107,103,0,105,115,61,27,83,56,82,50,123,128" hai2="9,58,45,24,57,16,63,25,74,33,62,106,102" hai3="91,134,29,54,69,96,11,129,30,110,72,81,71"/><W76/><G129/><T44/><D117/><U114/><E123/><V124/><F74/><W113/><G113/><T6/><D121/><U68/><E0/><V66/><F33/><W5/><G134/><T89/><D135/><U15/><E128/><V101/><F124/><W86/><G110/><T37/><D109/><U131/><E131/><V55/><F45/><W95/><G54/><T17/><D75/><U4/><E68/><V34/><F34/><W48/><G48/><T14/><D104/><U111/><E50/><V67/><F55/><W98/><G98/><T35/><D70/><U49/><E49/><V1/><F1/><W13/><G71/><T64/><D31/><U7/><E27/><N who="2" m="10315" /><F106/><W2/><G69/><T26/><D26/><U21/><E111/><V97/><F97/><W132/><G132/><T40/><D40/><U79/><E103/><V38/><F38/><W125/><G125/><T93/><D6/><U126/><E126/><V100/><F100/><W90/><REACH who="3" step="1"/><G2/><REACH who="3" ten="134,215,324,317" step="2"/><T119/><D119/><U8/><E115/><V108/><F108/><W85/><G85/><T84/><REACH who="0" step="1"/><D14/><AGARI ba="1,1" hai="9,14,16,57,58,62,63,66,67,101,102" m="10315" machi="14" ten="30,3900,0" yaku="8,1,52,1,54,1" doraHai="10" who="2" fromWho="0" sc="134,-42,215,0,324,52,317,0" /><INIT seed="4,0,0,2,5,76" ten="92,215,376,317" oya="0" hai0="24,18,6,47,61,40,63,77,89,44,17,93,102" hai1="38,66,71,9,132,105,8,98,56,97,133,95,67" hai2="31,85,23,135,25,42,33,37,120,108,131,86,35" hai3="84,91,75,11,119,80,55,127,48,128,2,121,130"/><T20/><D6/><U117/><E38/><V115/><F120/><W92/><G119/><T112/><D112/><U72/><E117/><V110/><F115/><W118/><G118/><T12/><D102/><U30/><E30/><V39/><F135/><N who="1" m="51785" /><E72/><V53/><F131/><N who="3" m="50219" /><G127/><T0/><D0/><U123/><E123/><V122/><F122/><W22/><G22/><N who="0" m="11559" /><D77/><U109/><E109/><V134/><F134/><W26/><G26/><T46/><D40/><U28/><E28/><V64/><F42/><W51/><G121/><T74/><D74/><U124/><E124/><V54/><F39/><W27/><G27/><T79/><D79/><U60/><E105/><V78/><F37/><W29/><G29/><T81/><D81/><U104/><E104/><V94/><F31/><W82/><G75/><T65/><D65/><N who="1" m="39047" /><E98/><AGARI ba="0,0" hai="18,20,24,44,46,47,61,63,89,93,98" m="11559" machi="98" ten="30,1500,0" yaku="8,1" doraHai="76" who="0" fromWho="1" sc="92,15,215,-15,376,0,317,0" /><INIT seed="4,1,0,3,3,111" ten="107,200,376,317" oya="0" hai0="61,114,46,86,65,5,60,96,89,42,78,15,0" hai1="75,53,19,95,47,38,14,81,101,79,124,105,8" hai2="102,84,135,132,25,35,24,126,109,54,131,120,4" hai3="127,22,26,41,57,51,62,92,30,43,68,13,58"/><T32/><D32/><U34/><E34/><V40/><F120/><W2/><G2/><T117/><D0/><U50/><E38/><V3/><F109/><W119/><G119/><T104/><D117/><U71/><E71/><V85/><F40/><W77/><G77/><T11/><D65/><U93/><E105/><V125/><F102/><W97/><G68/><T90/><D114/><U107/><E107/><V99/><F99/><W29/><G29/><T69/><D69/><U28/><E28/><V31/><F54/><N who="3" m="31967" /><G13/><T91/><D96/><U7/><E101/><V82/><F4/><W20/><G20/><T115/><D115/><U48/><E124/><N who="2" m="47723" /><F3/><W122/><G122/><T49/><REACH who="0" step="1"/><D104/><REACH who="0" ten="97,200,376,317" step="2"/><U66/><E66/><V74/><F35/><W129/><G127/><T17/><D17/><U36/><E19/><V94/><F31/><W9/><G30/><T98/><D98/><U108/><E108/><V6/><F6/><W1/><G97/><T73/><D73/><U70/><E70/><V52/><F74/><W64/><G1/><T18/><D18/><U116/><E7/><V110/><F110/><W134/><G64/><T100/><D100/><U72/><E75/><V83/><F85/><W113/><G113/><T55/><D55/><U121/><E121/><V118/><F118/><W128/><G43/><T44/><D44/><U106/><E116/><V103/><F103/><W23/><G41/><T80/><AGARI ba="1,1" hai="5,11,15,42,46,49,60,61,78,80,86,89,90,91" machi="80" ten="30,18000,2" yaku="1,1,0,1,25,2,8,1,53,1" doraHai="111" doraHaiUra="39" who="0" fromWho="0" sc="97,193,200,-61,376,-61,317,-61" /><INIT seed="4,2,0,0,2,75" ten="290,139,315,256" oya="0" hai0="49,35,133,86,14,27,50,110,73,24,48,55,19" hai1="23,36,98,2,78,30,108,126,68,62,83,104,117" hai2="79,7,65,127,99,130,25,8,76,131,118,103,113" hai3="39,12,56,16,46,64,10,120,74,101,54,31,42"/><T77/><D73/><U6/><E108/><V58/><F113/><W85/><G74/><T67/><D110/><U81/><E117/><V11/><F118/><W29/><G120/><T28/><D67/><U70/><E126/><V51/><F25/><W82/><G64/><T15/><D133/><U119/><E119/><V57/><F127/><W13/><G101/><T63/><D63/><U102/><E36/><V122/><F122/><W95/><G95/><T129/><D129/><N who="2" m="49162" /><F57/><W72/><G13/><T47/><D24/><U109/><E109/><V9/><F7/><W38/><G38/><T4/><D15/><U124/><E124/><V90/><F90/><W40/><G40/><T52/><D4/><U115/><E115/><V60/><F51/><W37/><G37/><T32/><D32/><U17/><E30/><V112/><F112/><W44/><G72/><T22/><REACH who="0" step="1"/><D47/><REACH who="0" ten="280,139,315,256" step="2"/><U96/><E62/><V80/><F80/><AGARI ba="2,1" hai="14,19,22,27,28,35,48,49,50,52,55,77,80,86" machi="80" ten="40,12000,1" yaku="1,1,2,1,52,1,54,1,53,0" doraHai="75" doraHaiUra="66" who="0" fromWho="2" sc="280,136,139,0,315,-126,256,0" /><INIT seed="4,3,0,2,2,86" ten="416,139,189,256" oya="0" hai0="91,33,117,23,88,108,41,125,70,8,4,50,21" hai1="47,38,103,36,134,72,112,62,16,12,5,42,99" hai2="98,58,71,76,45,13,7,59,18,84,74,19,97" hai3="116,92,129,60,115,14,35,100,61,6,111,9,73"/><T119/><D33/><U126/><E126/><V22/><F71/><W109/><G73/><T31/><D70/><U128/><E72/><V30/><F74/><W52/><G35/><T69/><D69/><U83/><E134/><V10/><F30/><W85/><G116/><T39/><D39/><U1/><E128/><V133/><F133/><W66/><G129/><T123/><D123/><U135/><E135/><V105/><F19/><W48/><G115/><T113/><D119/><U44/><E112/><V67/><F45/><W49/><G49/><T75/><D75/><U90/><E62/><V51/><F105/><W124/><G124/><T26/><D113/><U27/><E27/><V121/><F121/><W107/><G107/><T95/><D95/><U54/><E5/><V77/><F59/><W24/><G24/><N who="0" m="16799" /><D125/><U65/><E65/><V53/><F67/><W89/><G100/><T55/><D41/><U43/><E1/><V82/><REACH who="2" step="1"/><F77/><REACH who="2" ten="416,139,179,256" step="2"/><W3/><G66/><T120/><D120/><U81/><E54/><V25/><AGARI ba="3,1" hai="7,10,13,18,22,25,51,53,58,76,82,84,97,98" machi="25" ten="20,8000,1" yaku="1,1,2,1,0,1,7,1,8,1,53,0" doraHai="86" doraHaiUra="64" who="2" fromWho="2" sc="416,-43,139,-23,179,99,256,-23" /><INIT seed="5,0,0,0,5,52" ten="373,116,278,233" oya="1" hai0="122,113,61,63,91,41,47,119,109,51,33,92,29" hai1="94,110,44,123,5,107,71,49,126,56,3,26,1" hai2="59,120,38,95,39,2,75,99,12,36,121,124,60" hai3="21,35,101,64,69,105,25,16,65,135,129,133,103"/><U125/><E107/><V116/><F2/><W32/><G129/><T97/><D119/><U86/><E71/><V67/><F116/><W100/><G105/><T127/><D109/><U53/><E123/><V54/><F75/><W48/><G48/><T128/><D33/><N who="3" m="12873" /><G69/><T108/><D127/><N who="1" m="48651" /><E110/><V66/><F124/><W112/><G112/><T117/><D29/><U93/><E26/><V57/><F12/><W14/><G14/><T19/><D108/><U78/><E44/><V90/><REACH who="2" step="1"/><F67/><REACH who="2" ten="373,116,268,233" step="2"/><W102/><N who="3" m="26112" /><DORA hai="30" /><W77/><G65/><T22/><D117/><U15/><E15/><V74/><F74/><W8/><G64/><T4/><D122/><U17/><E17/><V88/><F88/><W18/><G77/><T111/><D111/><U50/><E5/><V6/><F6/><W58/><G18/><T68/><D4/><U10/><E3/><V7/><F7/><W13/><G13/><T42/><D19/><U131/><E1/><V34/><F34/><W9/><G9/><T85/><D22/><U28/><E10/><V27/><F27/><W62/><G8/><T46/><D113/><U98/><E28/><V115/><F115/><W37/><G16/><T134/><D128/><U80/><E131/><V83/><F83/><W73/><G73/><T96/><D91/><N who="1" m="55647" /><E93/><V87/><F87/><W40/><G21/><T20/><D85/><U55/><E55/><V76/><F76/><W132/><G25/><T84/><D84/><U23/><E23/><V45/><F45/><N who="3" m="23695" /><G135/><T0/><D134/><U118/><E118/><V106/><F106/><W72/><G72/><RYUUKYOKU ba="0,1" sc="373,-30,116,10,268,10,233,10" hai1="49,50,53,56,78,80,86" hai2="36,38,39,54,57,59,60,66,90,95,99,120,121" hai3="58,62,132,133" /><INIT seed="5,1,1,4,2,35" ten="343,126,278,243" oya="1" hai0="65,46,110,31,116,93,133,120,83,85,134,78,45" hai1="80,113,40,111,32,3,37,18,4,22,104,101,127" hai2="51,1,119,88,69,89,11,125,56,75,0,28,64" hai3="13,55,81,62,58,36,77,67,103,41,70,121,68"/><U79/><E32/><V27/><F119/><W14/><G121/><T118/><D110/><U38/><E111/><V23/><F75/><W29/><G29/><T132/><D120/><U115/><E127/><V20/><F125/><W129/><G103/><T90/><D31/><U8/><E104/><V34/><F69/><W50/><G70/><T72/><D65/><U84/><E101/><V30/><F11/><W5/><G5/><T15/><D15/><U17/><E17/><V52/><F64/><W24/><G24/><T54/><D54/><U124/><E124/><V66/><F66/><W9/><G9/><T47/><AGARI ba="1,1" hai="45,46,47,72,78,83,85,90,93,116,118,132,133,134" machi="47" ten="40,2700,0" yaku="0,1,20,1" doraHai="35" who="0" fromWho="0" sc="343,40,126,-14,278,-8,243,-8" /><INIT seed="6,0,0,5,5,70" ten="383,112,270,235" oya="2" hai0="101,107,0,48,94,121,99,7,133,87,18,114,56" hai1="117,135,91,42,11,103,122,38,96,128,105,85,30" hai2="36,123,124,37,68,33,16,100,12,74,109,29,32" hai3="49,4,76,21,81,80,20,125,75,6,113,63,102"/><V51/><F123/><W22/><G125/><T62/><D121/><U45/><E122/><V53/><F68/><W71/><G113/><T118/><D114/><U44/><E117/><V31/><F74/><W77/><G102/><T82/><D133/><U64/><E135/><V50/><F100/><W131/><G131/><T2/><D107/><U8/><E128/><V59/><F124/><W55/><G63/><T108/><D108/><U110/><E110/><V112/><F112/><W90/><G90/><T132/><D132/><U39/><E64/><V111/><F59/><W58/><REACH who="3" step="1"/><G71/><REACH who="3" ten="383,112,270,225" step="2"/><T46/><D62/><U24/><E45/><V35/><F109/><W19/><G19/><T119/><D56/><U130/><E130/><V15/><F111/><W61/><G61/><T84/><D18/><U127/><E127/><V92/><F16/><W34/><G34/><T57/><D57/><U95/><REACH who="1" step="1"/><E39/><REACH who="1" ten="383,102,270,225" step="2"/><V65/><F37/><W5/><G5/><T17/><D7/><U79/><E79/><V89/><F36/><W60/><G60/><T73/><D118/><U9/><E9/><V26/><F65/><W78/><G78/><T1/><D119/><U41/><E41/><V69/><F69/><W27/><G27/><T93/><D46/><U98/><E98/><V3/><F26/><W120/><G120/><T134/><D134/><U67/><E67/><V25/><F25/><W47/><G47/><T88/><D99/><U126/><E126/><V97/><F51/><W13/><G13/><N who="2" m="5193" /><F3/><W23/><N who="3" m="5632" /><DORA hai="116" /><W129/><G129/><T83/><D48/><U106/><E106/><RYUUKYOKU ba="0,2" sc="383,-30,102,10,270,10,225,10" hai1="8,11,24,30,38,42,44,85,91,95,96,103,105" hai2="29,31,32,33,35,50,53,89,92,97" hai3="4,6,49,55,58,75,76,77,80,81" /><INIT seed="6,1,2,3,3,15" ten="353,112,280,235" oya="2" hai0="51,34,121,48,83,8,35,86,130,32,56,79,28" hai1="36,96,2,81,62,20,100,60,76,132,108,129,87" hai2="66,27,88,31,4,47,25,115,77,52,29,43,98" hai3="99,103,85,19,104,24,42,105,126,26,71,59,82"/><V122/><F122/><W74/><G71/><T30/><D121/><U38/><E108/><V13/><F77/><W58/><G74/><T125/><D8/><U97/><E2/><V21/><F66/><W120/><G105/><T39/><D39/><U3/><E3/><V55/><F115/><W63/><G42/><T40/><D40/><U73/><E132/><V90/><F4/><W93/><G104/><T16/><D51/><U53/><E129/><V7/><F7/><W84/><G126/><T5/><D5/><U6/><E6/><V128/><F13/><W67/><G120/><T80/><D80/><U113/><E113/><V94/><F90/><W118/><G118/><T91/><D91/><U50/><E73/><V114/><F114/><W110/><G110/><T89/><D89/><U61/><E20/><V117/><F117/><W95/><G19/><T44/><D16/><U106/><REACH who="1" step="1"/><E97/><REACH who="1" ten="353,102,280,235" step="2"/><V109/><F109/><W78/><G85/><T116/><D130/><U17/><E17/><V12/><F128/><W111/><G111/><T135/><D116/><U69/><E69/><V0/><F0/><W92/><G99/><T107/><D135/><U46/><AGARI ba="1,3" hai="36,38,46,50,53,60,61,62,76,81,87,96,100,106" machi="46" ten="30,4000,0" yaku="1,1,0,1,53,1" doraHai="15" doraHaiUra="49" who="1" fromWho="1" sc="353,-11,102,73,280,-21,235,-11" /><INIT seed="7,0,0,5,4,1" ten="342,175,259,224" oya="3" hai0="108,75,25,115,96,84,5,99,0,32,38,16,128" hai1="76,55,91,133,60,45,71,2,9,8,109,112,28" hai2="77,67,4,130,113,95,27,48,18,134,21,69,79" hai3="111,13,82,122,19,30,98,118,103,49,125,110,22"/><W131/><G122/><T132/><D75/><U61/><E109/><V105/><F105/><W50/><G118/><T102/><D38/><U33/><E133/><V12/><F134/><W17/><G125/><T54/><D108/><U73/><E112/><V47/><F113/><W40/><G131/><T3/><D32/><U39/><E91/><V23/><F130/><W106/><G30/><T120/><D120/><U59/><E28/><V29/><F69/><W100/><G82/><T83/><D96/><U121/><E33/><V78/><F67/><W72/><G72/><T11/><D3/><U68/><E121/><V66/><F66/><W52/><G103/><T15/><D25/><U37/><E61/><V57/><F57/><W63/><G63/><T64/><D64/><U7/><E9/><V89/><F4/><W44/><REACH who="3" step="1"/><G17/><REACH who="3" ten="342,175,259,214" step="2"/><T36/><D16/><U70/><REACH who="1" step="1"/><E45/><AGARI ba="0,1" hai="13,19,22,40,44,45,49,50,52,98,100,106,110,111" machi="45" ten="40,12000,1" yaku="1,1,2,1,54,1,53,1" doraHai="1" doraHaiUra="97" who="3" fromWho="1" sc="342,0,175,-120,259,0,214,130" owari="342,14.0,55,-44.0,259,-14.0,344,44.0" /></mjloggm>