<mjloggm ver="2.3"><GO type="169" lobby="0"/><UN n0="%E3%82%A6%E3%83%AB%E3%83%88%E3%83%A9%E7%AB%8B%E7%9B%B4" n1="%E7%89%8C%E7%8E%8B%E4%BD%8D" n2="%E3%82%B8%E3%83%A7%E3%82%B8%E3%83%A7%E3%83%87%E3%82%A3%E3%82%AA" n3="%6B%6F%6B%6F%75%6E%6F%73" dan="18,17,16,16" rate="2254.36,2204.83,2061.05,2043.85" sx="M,M,M,M"/><TAIKYOKU oya="0"/><INIT seed="0,0,0,2,0,112" ten="250,250,250,250" oya="0" hai0="103,56,53,47,134,108,129,66,58,119,107,4,77" hai1="5,127,43,74,44,121,76,99,67,28,34,88,6" hai2="61,63,109,75,24,33,80,83,111,95,60,27,10" hai3="81,110,18,102,115,29,120,94,62,48,104,36,79"/><T12/><D119/><U78/><E67/><V133/><F133/><W116/><G36/><T125/><D77/><U19/><E34/><V52/><F10/><W131/><G115/><T15/><D107/><U135/><E28/><V35/><F95/><W97/><G29/><T40/><D103/><U132/><E19/><V70/><F70/><W20/><G120/><T51/><D134/><N who="1" m="51243" /><E121/><V93/><F93/><W7/><G110/><N who="2" m="41993" /><F75/><W91/><G7/><N who="1" m="2570" /><E74/><V114/><F52/><W59/><G48/><T87/><D108/><U31/><E31/><V14/><F14/><W73/><G131/><T90/><D4/><U85/><E127/><V92/><F92/><W3/><G3/><T16/><D125/><U64/><E64/><V82/><F114/><W86/><G116/><T100/><D129/><U71/><E71/><V98/><F98/><W49/><G49/><T105/><D66/><U13/><E13/><V128/><F128/><W69/><G69/><T23/><D15/><U17/><E17/><V57/><F57/><W96/><G96/><T11/><D11/><U118/><E118/><V68/><F68/><W0/><G0/><T123/><D123/><U65/><E65/><V8/><F8/><W38/><G59/><T89/><D58/><U9/><E9/><V37/><F37/><W106/><G38/><N who="0" m="21911" /><D87/><U45/><E99/><V84/><F84/><W72/><G72/><T117/><D117/><U55/><E55/><V50/><F50/><W22/><G73/><T54/><D54/><U113/><E78/><V1/><F1/><W39/><G39/><T21/><D21/><RYUUKYOKU ba="0,0" sc="250,15,250,-15,250,15,250,-15" hai0="12,16,23,51,53,56,89,90,100,105" hai2="24,27,33,35,60,61,63,80,82,83" /><INIT seed="0,1,0,5,3,123" ten="265,235,265,235" oya="0" hai0="52,77,101,19,95,18,72,112,24,47,81,59,20" hai1="38,27,7,108,21,10,74,0,14,82,135,45,41" hai2="39,89,133,75,128,3,56,114,70,51,2,97,115" hai3="64,124,31,53,44,103,107,8,120,67,37,9,28"/><T80/><D112/><U84/><E135/><V73/><F70/><W68/><G120/><T105/><D105/><U113/><E84/><V12/><F133/><W83/><G124/><T58/><D81/><U92/><E92/><V34/><F34/><W35/><G83/><T32/><D32/><U69/><E69/><V118/><F39/><W86/><G86/><T85/><D19/><U23/><E113/><V30/><F12/><W122/><G122/><T98/><REACH who="0" step="1"/><D72/><REACH who="0" ten="255,235,265,235" step="2"/><U40/><E40/><V5/><F75/><W129/><G35/><T125/><D125/><U121/><E121/><V88/><F73/><W126/><G107/><T93/><D93/><U116/><E116/><V50/><F118/><W79/><G126/><T91/><D91/><U13/><E23/><V71/><F88/><W49/><G31/><T131/><D131/><U94/><E94/><V6/><F30/><W65/><G28/><T46/><D46/><U99/><E99/><V15/><F89/><W119/><G129/><T110/><D110/><U26/><E108/><V42/><F97/><W109/><G119/><T22/><D22/><U90/><E90/><V54/><F128/><W55/><G109/><T106/><D106/><U100/><E100/><V4/><F115/><W33/><G33/><T17/><D17/><N who="1" m="12591" /><E27/><V11/><F114/><W63/><G44/><T48/><AGARI ba="1,1" hai="18,20,24,47,48,52,58,59,77,80,85,95,98,101" machi="48" ten="30,11700,0" yaku="1,1,0,1,8,1,54,1,53,0" doraHai="123" doraHaiUra="57" who="0" fromWho="0" sc="255,130,235,-40,265,-40,235,-40" /><INIT seed="0,2,0,1,5,121" ten="385,195,225,195" oya="0" hai0="5,102,38,79,51,84,42,93,109,112,90,18,88" hai1="103,64,43,35,14,119,113,75,19,114,108,66,7" hai2="55,57,53,10,78,13,130,30,44,98,16,49,83" hai3="45,107,81,12,47,34,2,72,91,89,117,128,48"/><T123/><D112/><U105/><E35/><V76/><F130/><W6/><G117/><T104/><D38/><U95/><E105/><V60/><F30/><W32/><G107/><T36/><D36/><U22/><E75/><V65/><F83/><W92/><G128/><T133/><D5/><U85/><E43/><V21/><F98/><W69/><G69/><T31/><D31/><U71/><E7/><V56/><REACH who="2" step="1"/><F10/><REACH who="2" ten="385,195,215,195" step="2"/><W58/><G81/><T87/><D87/><U40/><E85/><V115/><F115/><W24/><G72/><T1/><D84/><U129/><E129/><V97/><F97/><W135/><G34/><T118/><D93/><U106/><E95/><V68/><F68/><W82/><G82/><T67/><D104/><U80/><E80/><V86/><F86/><W20/><G32/><T101/><D79/><U46/><E71/><V116/><F116/><W96/><G96/><T41/><D118/><U99/><E119/><V134/><F134/><W29/><G92/><T8/><D133/><U33/><E114/><V127/><F127/><W28/><G135/><T11/><D11/><U77/><E33/><V132/><F132/><W110/><G89/><T63/><D88/><U70/><E77/><V39/><F39/><W4/><G91/><T59/><D90/><U17/><E113/><V62/><AGARI ba="2,1" hai="13,16,21,44,49,53,55,56,57,60,62,65,76,78" machi="62" ten="20,8000,1" yaku="1,1,0,1,7,1,8,1,54,1,53,0" doraHai="121" doraHaiUra="94" who="2" fromWho="2" sc="385,-42,195,-22,215,96,195,-22" /><INIT seed="1,0,0,4,4,82" ten="343,173,311,173" oya="1" hai0="107,78,77,115,61,29,120,73,30,118,1,19,75" hai1="23,103,20,110,88,37,125,56,28,17,113,108,0" hai2="27,101,89,112,93,98,129,105,45,47,87,81,41" hai3="126,6,43,119,21,135,123,53,72,67,22,2,116"/><U131/><E37/><V11/><F129/><W15/><G72/><T8/><D107/><U128/><E103/><V36/><F112/><W24/><G67/><T34/><D115/><U54/><E0/><V102/><F47/><W7/><G43/><T25/><D118/><N who="3" m="45097" /><G53/><T58/><D120/><U60/><E113/><V92/><F102/><W42/><G42/><T65/><D30/><U90/><E23/><V96/><F96/><W124/><G123/><T69/><D69/><U16/><E17/><V62/><F27/><W4/><G135/><T83/><D19/><U5/><E28/><V52/><REACH who="2" step="1"/><F11/><REACH who="2" ten="343,173,301,173" step="2"/><N who="3" m="4607" /><G2/><T66/><D8/><U127/><E128/><V31/><F31/><N who="3" m="17807" /><G22/><T70/><D1/><U35/><E131/><V71/><F71/><W55/><G55/><T44/><D70/><U40/><E40/><V106/><F106/><W104/><G104/><T38/><D66/><U111/><E5/><AGARI ba="0,1" hai="4,5,6,124,126" m="17807,4607,45097" machi="5" ten="30,3900,0" yaku="12,1,34,2" doraHai="82" who="3" fromWho="1" sc="343,0,173,-39,301,0,173,49" /><INIT seed="2,0,0,0,1,129" ten="343,134,301,222" oya="2" hai0="38,11,30,103,128,45,7,57,100,4,73,107,124" hai1="8,3,56,10,133,90,96,123,119,134,104,67,94" hai2="102,99,15,77,74,26,18,1,121,110,125,105,36" hai3="69,66,127,42,112,81,83,20,50,92,120,84,130"/><V9/><F121/><W59/><G120/><T27/><D73/><U115/><E119/><V22/><F125/><W118/><G118/><T47/><D107/><U101/><E123/><V61/><F36/><W35/><G35/><T75/><D75/><U13/><E115/><V48/><F110/><W21/><G127/><T68/><D68/><U87/><E3/><V76/><F74/><W31/><G69/><T29/><D57/><U24/><E24/><V70/><F1/><W54/><G130/><T25/><D38/><U51/><E10/><V60/><F48/><W85/><G66/><T78/><D11/><U55/><REACH who="1" step="1"/><E67/><REACH who="1" ten="343,124,301,222" step="2"/><V33/><F9/><W49/><G112/><T131/><D124/><U34/><E34/><V122/><F122/><W135/><G31/><T117/><D117/><U23/><E23/><V43/><F33/><W39/><G21/><T114/><D114/><U97/><E97/><V91/><F26/><W6/><G20/><T88/><D25/><U14/><E14/><V132/><F15/><W72/><G6/><AGARI ba="0,1" hai="6,8,13,51,55,56,87,90,94,96,101,104,133,134" machi="6" ten="40,5200,0" yaku="1,1,52,2,53,0" doraHai="129" doraHaiUra="12" who="1" fromWho="3" sc="343,0,124,62,301,0,222,-52" /><INIT seed="3,0,0,3,2,76" ten="343,186,301,170" oya="3" hai0="4,90,125,38,111,135,108,26,49,22,85,89,82" hai1="60,120,94,44,83,98,115,63,80,59,112,92,9" hai2="62,132,70,67,106,116,0,122,71,74,43,99,55" hai3="37,131,105,52,65,46,34,118,33,133,6,61,1"/><W25/><G118/><T110/><D38/><U21/><E120/><V50/><F116/><W81/><G131/><T113/><D125/><U88/><E44/><V39/><F0/><W41/><G133/><T18/><D135/><U32/><E32/><V123/><F74/><W126/><G126/><T103/><D113/><U27/><E9/><V17/><F132/><W77/><G105/><T101/><D4/><U84/><E63/><V2/><F2/><W86/><G25/><T31/><D90/><N who="1" m="53319" /><E115/><V28/><F28/><W130/><G130/><T58/><D31/><N who="1" m="17903" /><E112/><V79/><F71/><W24/><G24/><T40/><D40/><U53/><AGARI ba="0,0" hai="53,59,60,80,83,88,94,98" m="17903,53319" machi="53" ten="30,7900,0" yaku="8,1,52,2,54,1" doraHai="76" who="1" fromWho="1" sc="343,-20,186,79,301,-20,170,-39" /><INIT seed="4,0,0,5,1,23" ten="323,265,281,131" oya="0" hai0="3,34,21,86,102,69,5,45,112,11,25,12,83" hai1="107,78,46,4,6,106,85,92,123,108,91,127,16" hai2="121,9,0,93,94,28,20,71,132,129,17,120,119" hai3="68,128,125,41,114,49,19,57,76,7,10,75,135"/><T56/><D69/><U33/><E33/><V116/><F71/><W113/><G68/><T48/><D112/><U96/><E6/><N who="2" m="1223" /><F93/><W79/><G125/><T60/><D102/><U22/><E4/><V98/><F94/><W117/><G117/><N who="2" m="45129" /><F98/><W27/><G128/><T124/><D34/><U52/><E123/><V29/><F129/><W53/><G135/><T36/><D3/><U55/><E108/><V58/><F58/><W59/><G41/><N who="0" m="24623" /><D36/><U118/><E127/><V18/><F132/><W100/><G100/><T13/><D124/><U47/><E118/><V62/><F62/><W88/><G75/><T61/><D13/><N who="1" m="9487" /><E107/><V80/><F80/><W15/><G113/><T131/><D56/><U77/><E106/><V126/><F126/><W67/><G114/><T115/><D131/><U111/><E111/><V66/><F66/><W84/><G67/><T109/><D115/><U39/><E39/><V2/><F2/><W104/><G104/><T97/><D109/><U90/><E47/><V65/><F65/><W81/><G59/><T101/><D101/><U30/><E46/><V63/><F63/><W35/><G35/><T110/><D110/><U105/><E105/><V51/><F51/><W1/><G1/><T73/><D73/><U99/><E55/><V32/><F32/><W74/><G74/><T8/><D61/><U31/><E52/><V72/><F72/><W54/><G53/><T24/><D60/><U134/><E134/><V70/><F70/><W130/><REACH who="3" step="1"/><G130/><REACH who="3" ten="323,265,281,121" step="2"/><T14/><D5/><U26/><E99/><V42/><F120/><W103/><G103/><RYUUKYOKU ba="0,1" sc="323,-10,265,-10,281,-10,121,30" hai3="7,10,15,19,27,49,54,57,76,79,81,84,88" /><INIT seed="5,1,1,3,5,25" ten="313,255,271,151" oya="1" hai0="72,15,130,61,113,76,27,59,120,85,86,96,21" hai1="54,41,108,55,18,0,16,66,109,8,104,9,12" hai2="49,68,87,132,125,103,116,33,80,98,93,30,7" hai3="69,128,70,5,92,36,114,78,53,19,32,81,10"/><U106/><E66/><V67/><F116/><W22/><G36/><T56/><D72/><U6/><E41/><V129/><F7/><W121/><G32/><T34/><D34/><U28/><E28/><V2/><F2/><W38/><G121/><T60/><D113/><U64/><E64/><V118/><F118/><W107/><G107/><T105/><D105/><U40/><E40/><V1/><F1/><W26/><G38/><T112/><D112/><U50/><E55/><V100/><F129/><W65/><G114/><T117/><D117/><U88/><E18/><V45/><F125/><W75/><G128/><T35/><D59/><U123/><E123/><V90/><F132/><W52/><G92/><T134/><D56/><U11/><E11/><V119/><F119/><W110/><G110/><T57/><D57/><U48/><E48/><V23/><F33/><W131/><G131/><T97/><D61/><U3/><E3/><V79/><F67/><W14/><REACH who="3" step="1"/><G65/><REACH who="3" ten="313,255,271,141" step="2"/><T46/><D130/><U4/><E109/><V89/><F93/><W24/><G24/><T77/><D27/><U29/><E108/><V124/><F124/><W31/><G31/><T51/><D35/><U101/><E29/><V133/><F30/><W62/><G62/><T135/><D60/><U95/><E106/><V126/><F126/><W83/><G83/><T42/><D120/><U82/><E104/><V115/><F80/><W91/><G91/><T84/><D135/><U102/><E82/><V122/><F133/><W73/><G73/><T39/><D134/><U99/><E6/><V13/><F122/><RYUUKYOKU ba="1,2" sc="313,-15,255,15,271,-15,141,15" hai1="0,4,8,9,12,16,50,54,88,95,99,101,102" hai3="5,10,14,19,22,26,52,53,69,70,75,78,81" /><INIT seed="5,2,2,0,2,58" ten="298,270,256,156" oya="1" hai0="65,41,123,82,133,0,84,114,63,24,46,43,85" hai1="1,108,59,50,134,35,131,25,115,20,89,61,16" hai2="70,94,112,104,55,73,71,88,68,10,128,66,95" hai3="109,17,7,8,47,49,4,12,64,87,93,135,110"/><U38/><E38/><V44/><F104/><W57/><G135/><T31/><D0/><U19/><E1/><V122/><F122/><W2/><G109/><T23/><D114/><U69/><E115/><V98/><F112/><W111/><G111/><T119/><D119/><U79/><E79/><V21/><F73/><W26/><G110/><T13/><D133/><U6/><E6/><V96/><F128/><W15/><G2/><T33/><D123/><U76/><E76/><V36/><F10/><W107/><G107/><T78/><D85/><U3/><E35/><V5/><F5/><W80/><G93/><T52/><D13/><U113/><E69/><V125/><F125/><W90/><G26/><T120/><D33/><U100/><E100/><V77/><F77/><W29/><G29/><T117/><D117/><U130/><E50/><V106/><F106/><W18/><G57/><N who="0" m="37103" /><D120/><U27/><E3/><V62/><F21/><W99/><G99/><T28/><D28/><U40/><E40/><V22/><F22/><W118/><G64/><T127/><D127/><U83/><E113/><V39/><F39/><W42/><REACH who="3" step="1"/><G118/><REACH who="3" ten="298,270,256,146" step="2"/><T56/><D46/><U105/><E134/><V92/><F44/><W37/><G37/><T126/><D126/><U45/><E45/><V14/><F36/><W97/><G97/><T75/><D75/><U102/><E108/><V32/><F96/><W53/><G53/><T72/><D72/><U103/><E131/><V101/><F55/><W51/><G51/><AGARI ba="2,3" hai="23,24,31,41,43,51,52,56,78,82,84" m="37103" machi="51" ten="30,3900,0" yaku="8,1,52,1,54,1" doraHai="58" who="0" fromWho="3" sc="298,75,270,0,256,0,146,-45" /><INIT seed="6,0,0,2,5,28" ten="373,270,256,101" oya="2" hai0="125,5,64,111,7,72,62,47,124,20,91,83,126" hai1="80,22,128,19,25,115,8,82,113,53,40,75,1" hai2="99,69,16,116,98,85,6,73,89,71,42,95,119" hai3="131,133,4,88,135,97,58,103,87,74,52,3,114"/><V81/><F6/><W57/><G74/><T104/><D104/><U132/><E40/><V23/><F42/><W14/><G3/><T32/><D32/><U66/><E66/><V51/><F73/><W77/><G77/><N who="0" m="44455" /><D111/><U61/><E128/><V9/><F9/><W43/><G43/><T108/><D108/><U24/><E132/><N who="3" m="50762" /><G131/><T118/><D118/><U10/><E61/><V0/><F0/><W63/><G58/><T122/><D122/><U60/><E60/><V76/><F51/><W78/><G78/><T55/><D91/><U112/><E53/><V38/><F38/><W54/><G54/><T27/><D55/><U102/><E102/><V79/><F79/><W67/><G114/><T100/><D100/><U129/><E129/><V123/><F123/><W65/><G14/><T49/><D47/><U26/><E80/><V134/><F134/><W70/><G4/><T127/><D49/><U34/><E34/><V18/><F99/><W31/><G31/><N who="0" m="17895" /><D127/><U107/><E107/><V101/><F76/><W109/><G109/><T44/><D44/><U93/><E93/><V121/><F121/><W17/><G17/><T68/><AGARI ba="0,0" hai="5,7,62,64,68,124,125,126" m="17895,44455" machi="68" ten="30,1100,0" yaku="18,1" doraHai="28" who="0" fromWho="0" sc="373,11,270,-3,256,-5,101,-3" /><INIT seed="7,0,0,5,2,52" ten="384,267,251,98" oya="3" hai0="99,40,65,27,74,36,3,131,61,31,115,97,129" hai1="88,1,113,92,42,127,68,89,26,133,64,7,5" hai2="38,30,46,34,67,60,35,16,51,96,84,108,124" hai3="6,28,55,15,39,24,70,8,103,44,91,54,123"/><W66/><G123/><T20/><D74/><U83/><E42/><V72/><F108/><W4/><G103/><T111/><D111/><U69/><E26/><V85/><F72/><W105/><G105/><T45/><D3/><U17/><E17/><V33/><F38/><W93/><G6/><T13/><D13/><U77/><E64/><V59/><F124/><W98/><G66/><T90/><D90/><U58/><E77/><V25/><F35/><W125/><G70/><N who="0" m="42287" /><D115/><U95/><E133/><V117/><F34/><W37/><G125/><T29/><D29/><U116/><E127/><V22/><F96/><W104/><G104/><T119/><D119/><U121/><E83/><V41/><F117/><W114/><G114/><T134/><D134/><U76/><E76/><V112/><F112/><W87/><G98/><T109/><D109/><U106/><E106/><V126/><F126/><W9/><G9/><T12/><D12/><AGARI ba="0,0" hai="12,16,22,25,30,33,41,46,51,59,60,67,84,85" machi="12" ten="30,3900,0" yaku="7,1,52,1,54,1" doraHai="52" who="2" fromWho="0" sc="384,-39,267,0,251,39,98,0" owari="345,44.0,267,-13.0,290,9.0,98,-40.0" /></mjloggm>