<mjloggm ver="2.3"><GO type="169" lobby="0"/><UN n0="%E3%81%86%E3%81%91%E3%81%AA%E3%81%8C%E3%81%99%E3%81%9C" n1="%E8%8B%A5%E6%9D%BE%E7%94%BA%E3%81%AE%E6%9A%B4%E3%82%8C%E9%A6%AC" n2="%E2%98%86%E6%B5%81%E6%98%9F%E2%98%86" n3="%E3%82%A6%E3%83%AB%E3%83%88%E3%83%A9%E7%AB%8B%E7%9B%B4" dan="17,16,16,17" rate="2179.88,2047.64,2082.22,2163.66" sx="F,M,M,M"/><TAIKYOKU oya="0"/><INIT seed="0,0,0,1,4,102" ten="250,250,250,250" oya="0" hai0="31,69,98,114,59,55,58,60,49,3,26,84,13" hai1="130,134,5,113,1,73,25,46,131,100,83,75,125" hai2="121,135,79,23,91,82,65,71,9,94,101,124,24" hai3="8,67,107,115,17,122,132,39,127,95,52,2,61"/><T109/><D114/><U120/><E25/><V35/><F121/><W119/><G119/><T20/><D3/><U112/><E5/><V56/><F124/><W19/><G115/><N who="1" m="44106" /><E1/><V57/><F135/><W70/><G127/><T66/><D109/><U126/><E46/><V33/><F101/><W117/><G39/><T51/><D98/><U86/><E120/><V103/><F103/><W0/><G132/><T10/><D84/><U14/><E14/><V104/><F9/><W37/><G37/><T30/><D30/><U47/><E47/><V133/><F65/><W28/><G28/><T43/><D43/><U22/><E22/><V90/><F71/><W78/><G8/><T18/><REACH who="0" step="1"/><D51/><REACH who="0" ten="240,250,250,250" step="2"/><U4/><E125/><V108/><F108/><W81/><G0/><T41/><D41/><U27/><E86/><V63/><F133/><W88/><G2/><T64/><D64/><U77/><E126/><V29/><F29/><W36/><G36/><T72/><D72/><U105/><E75/><V110/><F110/><W34/><G67/><T97/><D97/><U11/><E134/><V116/><F35/><W89/><G34/><T118/><D118/><U6/><E73/><V76/><F33/><W106/><G117/><T111/><D111/><U38/><E38/><V48/><F48/><W7/><G122/><T54/><D54/><U12/><E131/><V32/><F32/><W50/><G52/><T96/><D96/><U42/><E130/><V128/><F128/><W85/><G50/><T80/><D80/><U123/><E83/><V21/><F116/><W62/><G85/><RYUUKYOKU ba="0,1" sc="240,30,250,-10,250,-10,250,-10" hai0="10,13,18,20,26,31,49,55,58,59,60,66,69" /><INIT seed="0,1,1,5,0,24" ten="270,240,240,240" oya="0" hai0="21,51,19,93,66,61,38,122,58,13,95,87,86" hai1="0,12,2,63,16,43,3,65,47,114,90,127,132" hai2="69,121,29,6,22,120,134,91,109,39,124,85,54" hai3="103,70,9,35,25,102,37,8,71,27,45,84,82"/><T4/><D122/><U7/><E127/><V41/><F124/><W89/><G37/><T125/><D125/><U34/><E132/><V107/><F107/><W112/><G112/><T99/><D38/><U108/><E114/><V123/><F69/><W78/><G78/><T96/><D4/><U81/><E108/><V53/><F109/><W20/><G35/><T67/><D67/><U106/><E106/><V76/><F76/><W113/><G113/><T74/><D74/><U32/><E7/><V59/><F6/><W50/><G71/><T28/><D28/><U126/><E126/><V111/><F134/><W104/><G27/><T117/><D117/><U100/><E100/><N who="3" m="38442" /><G70/><T18/><D18/><U94/><E81/><V105/><F105/><W83/><G83/><T135/><D135/><U14/><E63/><V15/><F111/><W5/><G5/><T97/><REACH who="0" step="1"/><D51/><REACH who="0" ten="260,240,240,240" step="2"/><U79/><E65/><V77/><F39/><W68/><G68/><T56/><D56/><U48/><E48/><V1/><F59/><W129/><G129/><T33/><D33/><U116/><E32/><V98/><F120/><W44/><G104/><T133/><D133/><U36/><E34/><V52/><F121/><W30/><G45/><T101/><D101/><U26/><E116/><V40/><F123/><W110/><G110/><T88/><D88/><U49/><E49/><V11/><F91/><W31/><G31/><T17/><D17/><U64/><E64/><V80/><F29/><W92/><G82/><T72/><D72/><U119/><E119/><V128/><F80/><W131/><G131/><RYUUKYOKU ba="1,2" sc="260,15,240,-15,240,-15,240,15" hai0="13,19,21,58,61,66,86,87,93,95,96,97,99" hai3="8,9,20,25,30,44,50,84,89,92" /><INIT seed="0,2,2,4,5,128" ten="275,225,225,255" oya="0" hai0="118,116,133,57,124,47,85,0,25,108,89,90,53" hai1="98,69,82,80,44,43,52,81,102,78,33,110,49" hai2="30,2,83,58,48,29,122,1,46,3,19,125,123" hai3="101,64,95,86,91,67,4,111,5,55,60,36,106"/><T77/><D0/><U41/><E110/><V35/><F125/><W119/><G36/><T88/><D124/><U34/><E69/><V12/><F58/><N who="3" m="34911" /><G106/><T40/><D108/><U126/><E126/><V94/><F94/><N who="3" m="54647" /><G111/><T18/><D133/><U24/><E78/><V73/><F73/><W26/><G26/><T59/><D118/><U68/><E68/><V131/><F131/><W121/><G121/><T65/><D116/><U27/><E27/><V17/><F83/><W20/><G20/><N who="0" m="13463" /><D40/><U7/><E7/><N who="3" m="2634" /><G119/><T74/><D74/><U66/><E66/><V112/><F35/><W72/><G72/><T99/><D65/><U54/><E54/><V15/><F112/><W37/><G37/><T9/><D99/><AGARI ba="2,2" hai="64,67,95,99,101" m="2634,54647,34911" machi="99" ten="30,1000,0" yaku="8,1" doraHai="128" who="3" fromWho="0" sc="275,-16,225,0,225,0,255,36" /><INIT seed="1,0,0,2,5,23" ten="259,225,225,291" oya="1" hai0="47,113,36,26,58,25,98,92,109,35,49,32,119" hai1="78,95,88,125,127,34,14,24,131,126,1,100,75" hai2="52,9,108,30,43,80,53,45,8,128,74,122,42" hai3="55,33,44,15,59,112,41,48,76,64,93,67,106"/><U22/><E1/><V5/><F108/><W103/><G106/><T19/><D113/><U38/><E38/><V79/><F122/><W13/><G33/><T133/><D119/><U86/><E131/><V40/><F128/><W50/><G76/><T83/><D109/><U117/><E117/><V27/><F9/><W118/><G112/><T12/><D133/><U101/><E34/><V97/><F97/><N who="3" m="59823" /><G118/><T87/><D58/><U77/><E14/><AGARI ba="0,0" hai="13,14,15,41,44,48,50,55,59,64,67" m="59823" machi="14" ten="30,1000,0" yaku="8,1" doraHai="23" who="3" fromWho="1" sc="259,0,225,-10,225,0,291,10" /><INIT seed="2,0,0,0,3,79" ten="259,215,225,301" oya="2" hai0="10,13,3,78,114,119,117,92,66,32,39,16,23" hai1="105,127,96,80,11,86,68,60,123,109,33,38,98" hai2="94,111,22,0,103,106,131,73,112,41,40,49,121" hai3="85,72,118,2,46,59,44,97,15,132,63,108,84"/><V125/><F121/><W20/><G2/><T126/><D39/><U47/><E123/><V56/><F112/><W24/><G72/><T58/><D114/><U83/><E109/><V129/><F0/><W26/><G118/><T65/><D126/><U100/><E127/><V45/><F125/><W75/><G75/><T12/><D32/><U93/><E33/><V133/><F73/><W122/><G122/><T90/><D78/><U74/><E11/><V8/><F111/><W21/><G97/><T54/><D3/><U81/><E74/><V7/><F133/><W37/><G37/><T30/><D119/><U57/><E68/><V5/><F106/><W95/><G15/><T71/><D71/><U102/><E47/><N who="3" m="17962" /><G95/><T53/><D117/><U115/><E38/><V88/><F103/><W61/><G132/><T42/><D42/><U6/><E6/><V124/><F124/><W87/><G108/><T43/><D43/><U18/><E18/><V110/><F110/><W14/><G14/><T89/><D30/><U116/><E116/><V91/><F41/><W28/><G59/><T34/><D34/><U120/><E120/><V19/><F56/><W128/><G128/><N who="2" m="49225" /><F94/><W25/><G28/><T76/><D92/><U35/><E35/><V62/><F62/><AGARI ba="0,0" hai="20,21,24,25,26,61,62,63,84,85,87" m="17962" machi="62" ten="40,5200,0" yaku="28,2,8,1" doraHai="79" who="3" fromWho="2" sc="259,0,215,0,225,-52,301,52" /><INIT seed="3,0,0,1,0,74" ten="259,215,173,353" oya="3" hai0="52,2,86,24,16,55,4,50,10,18,131,9,128" hai1="20,56,122,70,49,33,132,30,3,19,89,53,115" hai2="67,71,40,108,29,104,80,65,102,98,96,112,133" hai3="103,68,66,14,105,45,41,117,21,22,130,119,64"/><W5/><G105/><T43/><D86/><U100/><E115/><V60/><F108/><W15/><G103/><T37/><D37/><U62/><E122/><V28/><F133/><W17/><G130/><N who="0" m="49707" /><D10/><U7/><E132/><V39/><F112/><W82/><G5/><T32/><D32/><U44/><E100/><V25/><F67/><W120/><G120/><T109/><D109/><U135/><E135/><V81/><F98/><W46/><G82/><T118/><D118/><U99/><E70/><V83/><REACH who="2" step="1"/><F25/><REACH who="2" ten="259,215,163,353" step="2"/><W111/><G111/><T134/><D134/><U69/><E69/><V73/><F73/><W8/><G68/><T107/><D107/><U94/><E99/><V97/><F97/><W90/><G66/><T127/><D127/><U91/><E89/><V101/><F101/><W51/><G64/><T63/><D24/><U116/><E91/><V93/><F93/><W58/><G90/><T106/><D106/><U76/><E94/><V11/><F11/><W38/><G8/><T31/><D31/><U48/><E116/><V77/><F77/><W79/><G79/><T126/><D126/><U110/><E76/><V124/><F124/><W95/><G95/><T12/><D18/><U35/><E110/><V42/><F42/><W61/><G119/><T1/><D4/><U85/><E30/><V88/><F88/><W54/><G117/><T23/><D9/><N who="1" m="2303" /><E85/><V59/><F59/><W129/><G129/><T92/><D92/><U13/><E44/><AGARI ba="0,1" hai="28,29,39,40,44,60,65,71,80,81,83,96,102,104" machi="44" ten="40,1300,0" yaku="1,1,53,0" doraHai="74" doraHaiUra="47" who="2" fromWho="1" sc="259,0,215,-13,163,23,353,0" /><INIT seed="4,0,0,1,5,88" ten="259,202,186,353" oya="0" hai0="93,62,131,35,80,42,78,133,101,114,1,68,104" hai1="121,91,103,41,87,7,4,77,8,130,113,102,86" hai2="29,49,99,85,20,10,30,97,57,17,50,100,37" hai3="67,39,127,126,81,96,9,118,40,43,51,55,13"/><T112/><D1/><U95/><E121/><V119/><F37/><W65/><G118/><T28/><D133/><U69/><E130/><V60/><F119/><W79/><G96/><N who="2" m="36937" /><F10/><W90/><G90/><T45/><D93/><U66/><E41/><V36/><F36/><W71/><G43/><T11/><D11/><U0/><E113/><N who="0" m="43625" /><D101/><U70/><E7/><V12/><F100/><W107/><G107/><T105/><D131/><U128/><E128/><V74/><F85/><W44/><G81/><T27/><D68/><U47/><E47/><V32/><F32/><W129/><G129/><T54/><D54/><U122/><E122/><V46/><F74/><W117/><G71/><T53/><D53/><U94/><E70/><V106/><F106/><W59/><G117/><T18/><D62/><U3/><E3/><V23/><F46/><W56/><G56/><T25/><D45/><U123/><E123/><V61/><F60/><W16/><REACH who="3" step="1"/><G79/><REACH who="3" ten="259,202,186,343" step="2"/><T135/><D42/><U72/><E69/><V38/><F57/><W22/><G22/><N who="0" m="13527" /><D135/><U108/><E77/><V24/><F38/><W76/><G76/><T111/><D111/><U134/><E108/><V84/><F23/><W52/><G52/><T116/><D116/><U120/><E134/><V6/><F20/><W63/><G63/><T98/><D98/><U110/><E110/><V109/><F61/><W124/><AGARI ba="0,1" hai="9,13,16,39,40,44,51,55,59,65,67,124,126,127" machi="124" ten="30,7900,0" yaku="1,1,0,1,18,1,54,1,53,0" doraHai="88" doraHaiUra="34" who="3" fromWho="3" sc="259,-39,202,-20,186,-20,343,89" /><INIT seed="5,0,0,5,1,122" ten="220,182,166,432" oya="1" hai0="133,31,41,40,33,23,47,127,130,74,134,56,12" hai1="68,65,45,26,13,112,115,72,50,73,35,63,59" hai2="121,102,48,108,3,61,34,70,82,110,64,8,80" hai3="98,83,135,116,4,28,88,76,79,69,132,0,7"/><U54/><E13/><V17/><F121/><W111/><G69/><T1/><D74/><U95/><E95/><V16/><F34/><W107/><G28/><T120/><D120/><U21/><E35/><V124/><F124/><W24/><G24/><T57/><D1/><U32/><E32/><V42/><F102/><W20/><G20/><T51/><D127/><U131/><E131/><V15/><F3/><W109/><G0/><T129/><D33/><U49/><E21/><V85/><F17/><W44/><G44/><T67/><D41/><N who="1" m="24751" /><E26/><V77/><F42/><W125/><G125/><T99/><D31/><U97/><E97/><V10/><F48/><W39/><G98/><T96/><D96/><U29/><E29/><V105/><F105/><W66/><G107/><T71/><D99/><U43/><E72/><V117/><F117/><W14/><G116/><T22/><D12/><U86/><E86/><V30/><F30/><W113/><G14/><T38/><D23/><U62/><E73/><V36/><F36/><W75/><G39/><T52/><D22/><U91/><E91/><V118/><F118/><W9/><G88/><T123/><D123/><U2/><E2/><V78/><F8/><W55/><G9/><T126/><D126/><U81/><E81/><V89/><F89/><W94/><G83/><T93/><D93/><U58/><E43/><V101/><F101/><W60/><G94/><T19/><D19/><U92/><E92/><V128/><F128/><N who="0" m="49258" /><D71/><U119/><E119/><V11/><F10/><W37/><G75/><AGARI ba="0,0" hai="11,15,16,61,64,70,75,77,78,80,82,85,108,110" machi="75" ten="30,7700,0" yaku="7,1,52,2,54,1" doraHai="122" who="2" fromWho="3" sc="220,0,182,0,166,77,432,-77" /><INIT seed="6,0,0,4,2,57" ten="220,182,243,355" oya="2" hai0="124,128,8,65,29,133,64,71,39,135,67,68,15" hai1="54,10,19,102,80,59,38,69,101,87,113,134,84" hai2="0,35,72,9,18,47,24,116,117,41,123,108,112" hai3="130,22,6,110,90,36,31,95,98,74,43,30,17"/><V48/><F123/><W127/><G110/><T106/><D106/><U49/><E113/><V115/><F72/><W104/><G6/><T96/><D39/><U32/><E134/><N who="0" m="51209" /><D128/><U4/><E38/><V109/><F0/><W99/><G22/><T11/><D124/><U52/><E69/><N who="0" m="26697" /><D29/><U75/><E32/><V62/><F35/><W60/><G90/><T132/><N who="0" m="51217" /><T13/><DORA hai="26" /><D96/><U118/><E118/><N who="2" m="45675" /><F18/><W37/><G17/><T114/><D114/><N who="2" m="43562" /><F24/><W1/><G1/><T88/><D88/><N who="1" m="51207" /><E75/><V82/><F82/><W33/><G74/><T73/><D73/><U77/><E4/><V70/><F9/><AGARI ba="0,0" hai="8,9,11,13,15,64,65,67" m="26697,51217" machi="9" ten="50,6400,0" yaku="28,2,20,1" doraHai="57,26" who="0" fromWho="2" sc="220,64,182,0,243,-64,355,0" /><INIT seed="7,0,0,0,3,16" ten="284,182,179,355" oya="3" hai0="53,66,95,108,97,86,104,120,0,107,98,42,88" hai1="90,50,117,15,79,70,116,76,89,33,131,18,54" hai2="7,112,113,51,19,74,91,58,63,126,134,92,65" hai3="94,71,67,135,125,122,38,133,111,32,93,8,10"/><W77/><G38/><T9/><D108/><U130/><E70/><V128/><F74/><W22/><G32/><T75/><D120/><U41/><E41/><V47/><F126/><W115/><G77/><N who="1" m="29770" /><E33/><V64/><F128/><N who="1" m="49193" /><E90/><V129/><F129/><W39/><G67/><T20/><D75/><U3/><E89/><V36/><F36/><W44/><G71/><T35/><D35/><U106/><E3/><V83/><F83/><W81/><G81/><T87/><D42/><U101/><E101/><V85/><F134/><W102/><G102/><T6/><D66/><U28/><E28/><V46/><F65/><W69/><G69/><T60/><D107/><U4/><E4/><V24/><F7/><W23/><G39/><T127/><D127/><U121/><E106/><V30/><F19/><W72/><G125/><T43/><D43/><U48/><E121/><V68/><F68/><W40/><G40/><T78/><D104/><U105/><E105/><V62/><F63/><W114/><G122/><T110/><D110/><U12/><E12/><V55/><REACH who="2" step="1"/><F47/><REACH who="2" ten="284,182,169,355" step="2"/><W100/><G44/><T73/><D73/><U13/><E13/><V29/><F29/><W59/><G72/><T80/><D6/><U118/><E54/><V49/><F49/><W27/><G135/><T84/><D60/><U119/><E119/><V103/><F103/><W26/><G100/><T82/><D53/><U25/><E15/><V1/><F1/><W96/><G133/><T61/><D0/><U124/><E124/><V34/><AGARI ba="0,1" hai="24,30,34,46,51,55,58,62,64,85,91,92,112,113" machi="34" ten="30,2000,0" yaku="1,1,0,1,53,0" doraHai="16" doraHaiUra="123" who="2" fromWho="2" sc="284,-5,182,-5,169,30,355,-10" owari="279,8.0,177,-32.0,199,-20.0,345,44.0" /></mjloggm>