<mjloggm ver="2.3"><GO type="169" lobby="0"/><UN n0="%E3%81%B5%E3%81%98%E3%81%8A" n1="%E3%81%82%E3%82%89%E3%81%8C%E3%81%8D%E3%81%82%E3%82%84%E3%81%9B" n2="%E3%82%A6%E3%83%AB%E3%83%88%E3%83%A9%E7%AB%8B%E7%9B%B4" n3="%E3%81%B7%E3%82%8B%E3%81%8A%E6%B0%8F" dan="16,17,17,16" rate="2042.69,2120.66,2205.45,2161.34" sx="M,F,M,M"/><TAIKYOKU oya="0"/><INIT seed="0,0,0,4,4,22" ten="250,250,250,250" oya="0" hai0="61,96,5,113,7,106,94,62,8,28,69,82,31" hai1="80,101,51,104,48,128,89,126,108,92,63,29,1" hai2="45,55,122,77,118,109,93,85,65,133,37,131,100" hai3="20,32,36,16,72,46,27,114,9,112,50,24,66"/><T83/><D106/><U130/><E1/><V124/><F37/><W23/><G36/><T41/><D41/><U12/><E108/><V97/><F65/><W11/><G72/><T111/><D69/><U86/><E126/><V52/><F55/><W91/><G66/><T3/><D113/><N who="3" m="43625" /><G91/><T44/><D44/><U40/><E63/><V18/><F18/><N who="3" m="12311" /><G50/><T15/><D111/><U127/><E127/><V73/><F52/><W123/><G46/><T107/><D107/><U84/><E29/><N who="0" m="11337" /><D5/><U2/><E2/><V117/><F45/><W38/><G38/><T17/><D3/><U116/><E104/><V33/><F73/><W53/><G53/><T13/><D83/><U90/><E101/><V105/><F100/><W60/><G60/><T59/><D82/><U21/><E40/><V87/><F105/><W74/><G74/><T125/><D125/><U56/><E56/><V68/><F124/><W71/><G71/><T129/><D59/><U132/><E116/><V54/><F68/><W26/><G123/><T70/><D70/><U49/><E86/><V30/><F87/><W121/><G121/><T25/><D62/><U10/><E80/><V110/><F122/><W81/><G81/><T4/><D61/><U88/><E89/><V102/><F110/><W115/><N who="3" m="43633" /><W35/><DORA hai="58" /><G27/><T42/><D42/><U43/><E90/><V75/><F109/><W47/><G47/><T120/><D25/><U99/><E43/><V134/><F75/><W57/><G57/><T14/><D120/><U95/><E84/><V135/><F85/><W119/><G119/><RYUUKYOKU ba="0,0" sc="250,-10,250,-10,250,-10,250,30" hai3="9,11,16,23,26,32,35" /><INIT seed="1,1,0,3,3,48" ten="240,240,240,280" oya="1" hai0="5,95,9,88,54,100,93,57,82,0,119,13,130" hai1="33,72,61,111,94,99,70,10,117,132,105,106,114" hai2="84,39,34,74,2,96,107,103,108,75,134,15,69" hai3="115,50,101,66,16,56,79,49,36,131,58,118,68"/><U85/><E117/><V81/><F2/><W12/><G36/><T129/><D119/><U4/><E72/><V104/><F39/><W124/><G79/><T27/><D0/><U38/><E114/><V64/><F34/><W45/><G101/><T113/><D113/><U17/><E33/><V120/><F64/><W91/><G91/><T73/><D27/><U77/><E38/><V92/><F69/><W1/><G1/><T26/><D26/><U30/><E30/><V135/><F15/><W14/><G14/><T98/><D73/><N who="2" m="27658" /><F120/><W87/><G87/><T7/><D82/><U126/><E126/><V23/><F23/><W18/><G18/><T21/><D21/><U80/><E111/><V43/><F43/><W35/><G35/><T112/><D5/><U19/><E132/><N who="2" m="50731" /><F108/><W133/><G133/><T127/><D127/><U65/><E4/><V123/><F123/><W46/><G124/><T60/><REACH who="0" step="1"/><D112/><REACH who="0" ten="230,240,240,280" step="2"/><U22/><E22/><V47/><F47/><W67/><G115/><T41/><D41/><U63/><E10/><V90/><AGARI ba="1,1" hai="81,84,90,92,96,103,104,107" m="50731,27658" machi="90" ten="30,4000,0" yaku="20,1,34,2" doraHai="48" who="2" fromWho="2" sc="230,-11,240,-21,240,53,280,-11" /><INIT seed="2,0,0,0,2,53" ten="219,219,293,269" oya="2" hai0="108,104,9,106,41,36,90,3,80,14,127,105,32" hai1="38,27,107,46,102,31,43,95,128,99,45,130,1" hai2="96,97,114,57,93,121,132,4,17,54,33,103,13" hai3="101,48,131,21,94,34,35,134,66,88,8,64,51"/><V68/><F121/><W71/><G8/><T129/><D108/><U81/><E1/><V24/><F68/><W113/><G101/><T25/><D127/><U19/><E19/><V79/><F132/><W37/><G37/><T59/><D129/><N who="1" m="49771" /><E46/><V119/><F119/><W50/><G131/><T89/><D3/><U42/><E42/><V92/><F79/><W124/><G124/><T11/><D11/><U6/><E81/><V39/><F39/><W91/><G21/><T49/><D36/><U109/><E6/><V70/><F70/><W52/><G113/><T26/><D80/><U56/><E109/><V135/><F135/><W7/><G134/><T30/><D25/><U58/><E107/><V23/><F114/><W125/><G125/><T83/><D83/><U86/><E86/><V73/><F73/><W2/><G2/><T20/><D32/><AGARI ba="0,0" hai="27,31,32,38,43,45,56,58,95,99,102" m="49771" machi="32" ten="30,3900,0" yaku="19,1,52,2" doraHai="53" who="1" fromWho="0" sc="219,-39,219,39,293,0,269,0" /><INIT seed="3,0,0,2,5,66" ten="180,258,293,269" oya="3" hai0="68,55,126,110,74,84,47,71,2,125,97,42,88" hai1="35,53,82,19,28,14,12,62,25,70,18,57,94" hai2="130,26,58,127,129,69,116,32,99,86,50,117,1" hai3="131,132,7,61,115,4,135,8,89,103,102,29,98"/><W122/><G122/><T56/><D110/><U112/><E112/><V90/><F1/><W120/><G120/><T60/><D74/><U22/><E82/><V10/><F99/><W92/><G115/><T34/><D97/><U128/><E128/><V77/><F77/><W123/><G123/><T24/><D2/><U59/><E59/><V3/><F69/><W93/><G29/><T113/><D113/><U40/><E40/><V52/><F127/><N who="0" m="48650" /><D24/><U109/><E109/><V49/><F49/><W23/><G23/><T45/><D34/><U9/><E94/><N who="2" m="54615" /><F10/><W37/><G37/><N who="0" m="21711" /><D47/><U31/><REACH who="1" step="1"/><E28/><REACH who="1" ten="180,248,293,269" step="2"/><N who="2" m="19479" /><F3/><W101/><G131/><AGARI ba="0,1" hai="50,52,58,116,117,129,130,131" m="19479,54615" machi="131" ten="30,2000,0" yaku="19,1,54,1" doraHai="66" who="2" fromWho="3" sc="180,0,248,0,293,30,269,-20" /><INIT seed="4,0,0,2,4,68" ten="180,248,323,249" oya="0" hai0="40,118,47,16,93,35,82,133,49,60,120,88,78" hai1="36,11,26,50,116,2,7,65,101,131,53,9,87" hai2="69,33,15,41,110,125,39,70,0,84,59,129,111" hai3="107,62,109,85,126,86,8,124,108,79,122,30,71"/><T6/><D120/><U113/><E116/><V19/><F0/><W99/><G30/><T127/><D118/><U61/><E113/><V76/><F33/><W13/><G71/><T67/><D133/><U48/><E131/><V37/><F84/><W91/><G62/><T52/><D127/><N who="3" m="48681" /><G122/><T58/><D35/><U102/><E36/><V46/><F76/><W27/><G27/><T42/><D6/><U98/><E11/><V121/><F19/><W3/><G3/><T23/><D82/><U44/><E87/><V73/><F59/><W90/><G13/><N who="0" m="9615" /><D78/><U5/><E5/><V103/><F73/><W22/><G22/><T32/><D32/><U66/><E66/><V31/><F121/><W89/><G8/><T24/><D24/><U18/><E50/><V75/><F75/><W74/><G74/><T135/><D135/><U119/><E119/><V38/><F125/><W57/><G57/><T81/><D81/><U20/><REACH who="1" step="1"/><E98/><AGARI ba="0,0" hai="40,42,47,49,52,58,60,67,88,93,98" m="9615" machi="98" ten="30,11600,0" yaku="8,1,54,3" doraHai="68" who="0" fromWho="1" sc="180,116,248,-116,323,0,249,0" /><INIT seed="4,1,0,2,4,115" ten="296,132,323,249" oya="0" hai0="42,36,116,5,4,38,123,51,7,83,107,65,79" hai1="130,55,64,92,63,134,112,54,91,68,9,82,129" hai2="23,113,73,108,25,77,44,109,98,18,96,93,105" hai3="50,26,29,67,49,16,127,48,80,2,30,61,94"/><T89/><D123/><U100/><E100/><V75/><F113/><W124/><G2/><T69/><D107/><U102/><E102/><V35/><F105/><W33/><G30/><T131/><D131/><N who="1" m="50187" /><E82/><V15/><F96/><W24/><G80/><T133/><D133/><U21/><E21/><V34/><F77/><W101/><G101/><T122/><D89/><U39/><E112/><V43/><F25/><W57/><REACH who="3" step="1"/><G94/><REACH who="3" ten="296,132,323,239" step="2"/><T76/><D83/><U88/><E134/><V70/><F93/><W111/><G111/><T71/><D122/><U66/><E39/><V22/><F109/><W11/><G11/><T86/><D38/><U58/><E9/><V135/><F108/><W37/><G37/><T60/><D36/><U0/><E0/><V10/><F10/><W72/><G72/><T119/><D79/><U106/><E106/><V53/><F75/><W95/><G95/><T126/><D76/><U114/><E114/><V81/><F73/><W17/><G17/><T46/><D4/><U8/><E8/><V59/><F18/><W3/><G3/><T118/><D7/><U84/><E91/><V12/><F81/><W62/><G62/><AGARI ba="1,1" hai="54,55,58,62,63,64,66,68,84,88,92" m="50187" machi="62" ten="30,2000,0" yaku="19,1,54,1" doraHai="115" who="1" fromWho="3" sc="296,0,132,33,323,0,239,-23" /><INIT seed="5,0,0,2,0,56" ten="296,165,323,216" oya="1" hai0="112,113,64,85,5,79,97,74,53,10,66,119,54" hai1="29,69,72,71,60,124,125,1,42,58,101,20,93" hai2="75,106,98,135,18,123,33,131,3,92,122,116,35" hai3="82,15,7,109,89,91,24,127,25,118,48,34,2"/><U23/><E72/><V21/><F106/><W44/><G118/><T111/><D111/><U65/><E1/><V63/><F75/><W68/><G68/><T78/><D74/><U57/><E42/><V61/><F3/><W99/><G127/><N who="1" m="48714" /><E71/><V134/><F116/><W76/><G109/><T73/><D73/><U108/><E108/><V62/><F131/><W88/><G2/><T19/><D97/><N who="1" m="59567" /><E29/><V9/><F9/><W77/><G99/><T115/><D119/><U38/><E38/><V132/><F123/><W117/><G117/><T126/><D126/><U47/><E47/><V46/><F46/><W105/><G105/><T13/><D5/><U36/><E36/><V17/><F122/><W22/><G34/><N who="2" m="12809" /><F21/><AGARI ba="0,0" hai="20,21,23,57,58,60,65,69" m="59567,48714" machi="21" ten="30,2900,0" yaku="18,1,52,1" doraHai="56" who="1" fromWho="2" sc="296,0,165,29,323,-29,216,0" /><INIT seed="5,1,0,3,1,85" ten="296,194,294,216" oya="1" hai0="126,106,87,61,18,37,5,56,111,55,81,77,112" hai1="28,13,72,0,99,92,65,101,26,31,93,50,71" hai2="67,15,97,69,41,3,30,125,110,135,6,119,104" hai3="51,9,105,21,123,84,46,39,63,24,42,34,83"/><U64/><E0/><V89/><F3/><W44/><G123/><T95/><D106/><U120/><E120/><V70/><F41/><W2/><G105/><T12/><D112/><U8/><E72/><V60/><F70/><W1/><G34/><T23/><D126/><U59/><E71/><V98/><F15/><W127/><G63/><T25/><D111/><U86/><E50/><V115/><F6/><W54/><G9/><N who="0" m="4143" /><D37/><U74/><E74/><V91/><F98/><W33/><G33/><T133/><D133/><U20/><E28/><V121/><F121/><W68/><G68/><T53/><D95/><U118/><E118/><V36/><F36/><W128/><G128/><T79/><D79/><U131/><E131/><V62/><F62/><W129/><G129/><T14/><D14/><U4/><REACH who="1" step="1"/><E59/><REACH who="1" ten="296,184,294,216" step="2"/><V82/><F30/><W57/><G127/><T43/><D56/><U27/><E27/><V22/><F69/><W109/><G57/><T107/><D25/><U102/><E102/><V17/><F125/><W76/><G109/><T116/><D116/><U117/><E117/><V88/><F110/><W7/><G7/><T78/><D61/><U66/><E66/><V47/><F67/><W11/><G11/><T94/><D43/><U35/><E35/><V19/><F60/><W75/><G75/><T48/><D48/><U114/><E114/><V29/><F115/><W52/><REACH who="3" step="1"/><G54/><REACH who="3" ten="296,184,294,206" step="2"/><T58/><D55/><U38/><E38/><V80/><F119/><W113/><G113/><T124/><D53/><U90/><AGARI ba="1,2" hai="4,8,13,20,26,31,64,65,86,90,92,93,99,101" machi="90" ten="30,12000,1" yaku="1,1,0,1,8,1,52,1,53,1" doraHai="85" doraHaiUra="16" who="1" fromWho="1" sc="296,-41,184,143,294,-41,206,-41" /><INIT seed="5,2,0,2,0,58" ten="255,327,253,165" oya="1" hai0="12,94,33,89,3,7,129,127,93,79,98,73,121" hai1="91,44,125,122,101,115,132,68,26,86,34,80,107" hai2="49,25,71,83,42,64,56,134,24,130,92,16,103" hai3="19,47,90,63,84,28,104,36,112,51,78,23,105"/><U100/><E122/><V60/><F130/><W102/><G112/><T66/><D129/><U40/><E115/><V55/><F134/><W124/><G124/><T50/><D127/><U48/><E132/><V72/><F72/><W74/><G28/><T109/><D109/><U65/><E125/><V87/><F103/><W110/><G110/><T32/><D3/><U14/><E107/><V135/><F92/><W81/><G36/><T126/><D126/><U62/><REACH who="1" step="1"/><E14/><REACH who="1" ten="255,317,253,165" step="2"/><V75/><F135/><W128/><G128/><T11/><D121/><U35/><E35/><V82/><F25/><W133/><G133/><T61/><D33/><U76/><E76/><V77/><F24/><W117/><G117/><T123/><D32/><U59/><E59/><V21/><F56/><W5/><G105/><T54/><D79/><U46/><E46/><V1/><F77/><W31/><G104/><T67/><D12/><U43/><E43/><V4/><F42/><W2/><G2/><T10/><D123/><U17/><E17/><V13/><F16/><W95/><G5/><T57/><D7/><U111/><E111/><V29/><F13/><W45/><G45/><T69/><D57/><U20/><E20/><V108/><F21/><W38/><G19/><T9/><D9/><U53/><E53/><V120/><F55/><W39/><G23/><T6/><D10/><U41/><E41/><V18/><F4/><W97/><G31/><AGARI ba="2,1" hai="26,31,34,40,44,48,62,65,68,80,86,91,100,101" machi="31" ten="40,12000,1" yaku="1,1,52,1,53,2" doraHai="58" doraHaiUra="99" who="1" fromWho="3" sc="255,0,317,136,253,0,165,-126" /><INIT seed="5,3,0,0,2,26" ten="255,453,253,39" oya="1" hai0="10,125,30,25,110,61,77,75,31,17,20,88,95" hai1="117,82,49,132,92,130,70,54,94,113,67,22,13" hai2="99,64,80,128,59,53,36,47,9,112,91,135,19" hai3="69,103,122,23,66,46,39,51,43,38,16,27,3"/><U87/><E117/><V7/><F128/><W86/><G122/><T73/><D110/><U40/><E40/><V1/><F135/><W42/><G3/><T84/><D125/><U115/><E130/><V44/><F64/><W106/><G106/><T90/><D61/><U111/><E111/><V56/><F56/><W78/><G103/><T60/><D60/><U107/><E107/><V41/><F47/><W123/><G123/><T83/><D10/><U85/><E85/><V52/><F112/><W96/><G96/><T118/><D118/><U104/><E104/><V114/><F114/><W97/><G97/><T63/><D63/><U116/><E67/><V71/><F71/><W108/><G108/><T74/><REACH who="0" step="1"/><D90/><REACH who="0" ten="245,453,253,39" step="2"/><N who="1" m="51575" /><E115/><V14/><F91/><W35/><G69/><T0/><D0/><U28/><E116/><V24/><F1/><W34/><G66/><T124/><D124/><U57/><E113/><V127/><F9/><W120/><G120/><T6/><D6/><U50/><E70/><V11/><F11/><W105/><G38/><T133/><D133/><U76/><E132/><V101/><F7/><W48/><G39/><T45/><D45/><U8/><E8/><V100/><F44/><W18/><G42/><T89/><D89/><U134/><E134/><V37/><F41/><W62/><G62/><T121/><D121/><U12/><E49/><V33/><F37/><W5/><G51/><T126/><D126/><U65/><E65/><V129/><F127/><W93/><G5/><T32/><D32/><U29/><E50/><V2/><F36/><W72/><G48/><RYUUKYOKU ba="3,1" sc="245,30,453,-10,253,-10,39,-10" hai0="17,20,25,30,31,73,74,75,77,83,84,88,95" /><INIT seed="6,4,1,2,4,134" ten="275,443,243,29" oya="2" hai0="64,70,127,131,41,12,37,67,75,19,119,59,27" hai1="120,25,104,132,31,15,130,56,111,40,26,125,82" hai2="84,95,13,118,76,44,52,23,91,71,24,49,68" hai3="35,124,117,28,88,17,79,129,9,126,7,93,5"/><V77/><F118/><W73/><G117/><T6/><D119/><U47/><E111/><V90/><F71/><W34/><G129/><T48/><D75/><U85/><E15/><V101/><F68/><W46/><G46/><T63/><D131/><U121/><E26/><V87/><F101/><W50/><G50/><T122/><D67/><U113/><E104/><V58/><F44/><W38/><G38/><T107/><D107/><U54/><E132/><V135/><F135/><W62/><G62/><T115/><D115/><U10/><E10/><V86/><F13/><W53/><G53/><N who="0" m="32167" /><D6/><U39/><E113/><V72/><F72/><W83/><G17/><T42/><D42/><U1/><E1/><V80/><F86/><W33/><G28/><AGARI ba="4,1" hai="23,24,28,49,52,58,76,77,80,84,87,90,91,95" machi="28" ten="30,5800,0" yaku="7,1,8,1,54,1" doraHai="134" who="2" fromWho="3" sc="275,0,443,0,243,80,29,-70" owari="275,-12.0,443,54.0,323,12.0,-41,-54.0" /></mjloggm>