<mjloggm ver="2.3"><GO type="169" lobby="0"/><UN n0="%E2%98%86%E5%AE%AE%E3%81%84%E3%81%A1%E3%81%94" n1="%E3%80%93%E9%B3%A9%E9%BA%A6%E7%8E%84%E7%B1%B3%E3%80%93" n2="%E3%83%91%E3%83%BC%E3%83%A9%E3%83%BC%E3%82%AD%E3%83%B3%E3%82%B0" n3="%E5%B0%B1%E6%B4%BB%E7%94%9F%40%E5%B7%9D%E6%9D%91%E8%BB%8D%E5%9B%A3" dan="16,17,16,19" rate="2102.54,2169.73,2084.88,2352.93" sx="M,M,M,M"/><TAIKYOKU oya="0"/><INIT seed="0,0,0,2,2,35" ten="250,250,250,250" oya="0" hai0="93,48,69,110,102,24,45,79,55,14,131,103,7" hai1="1,83,133,105,27,112,5,82,118,21,96,57,71" hai2="13,53,10,74,46,128,22,60,132,115,28,29,31" hai3="4,59,11,18,30,33,90,12,43,101,89,107,66"/><T125/><D69/><U114/><E71/><V51/><F74/><W68/><G43/><T108/><D131/><U75/><E118/><V122/><F122/><W72/><G72/><T49/><D79/><U109/><E109/><N who="0" m="42089" /><D125/><U44/><E133/><V97/><F132/><W25/><G59/><N who="0" m="33255" /><D93/><U123/><E123/><V56/><F115/><W85/><G85/><T67/><D24/><U41/><E57/><V129/><F97/><W113/><G113/><N who="1" m="43626" /><E96/><V23/><F129/><W42/><G42/><N who="0" m="24759" /><D67/><U78/><E105/><V116/><F116/><W8/><G101/><T95/><D95/><U54/><E78/><V62/><F128/><W124/><G107/><T106/><D106/><U98/><E98/><V92/><F92/><W2/><G124/><T65/><D65/><U86/><E75/><V91/><F91/><W15/><G66/><T16/><D7/><U26/><E86/><V34/><F34/><W130/><G68/><T63/><D63/><U73/><E73/><V6/><REACH who="2" step="1"/><F62/><REACH who="2" ten="250,250,240,250" step="2"/><W121/><G130/><T76/><D76/><U135/><E135/><V0/><F0/><W40/><G121/><T38/><D38/><U32/><E1/><V52/><AGARI ba="0,1" hai="6,10,13,22,23,28,29,31,46,51,52,53,56,60" machi="52" ten="30,7900,0" yaku="1,1,0,1,8,1,54,1,53,0" doraHai="35" doraHaiUra="61" who="2" fromWho="2" sc="250,-39,250,-20,240,89,250,-20" /><INIT seed="1,0,0,5,0,100" ten="211,230,329,230" oya="1" hai0="23,127,74,0,61,89,116,52,124,38,93,135,55" hai1="17,25,99,31,131,123,82,119,28,39,134,46,42" hai2="95,107,19,7,59,44,64,21,128,96,77,121,45" hai3="111,117,80,132,103,14,65,6,101,68,36,125,27"/><U41/><E119/><V112/><F121/><W73/><G36/><T30/><D116/><U26/><E123/><V104/><F77/><W87/><G73/><T24/><D0/><U37/><E134/><V102/><F7/><W10/><G132/><T109/><D135/><U1/><E1/><V110/><F110/><W79/><G117/><T4/><D4/><U69/><E69/><V54/><F64/><W35/><G111/><T66/><D38/><U70/><E70/><V15/><F128/><W40/><G125/><N who="0" m="48203" /><D74/><U13/><E131/><V63/><REACH who="2" step="1"/><F112/><REACH who="2" ten="211,230,319,230" step="2"/><W57/><G68/><N who="0" m="42063" /><D109/><U47/><E82/><V75/><F75/><W72/><G72/><T51/><D51/><U58/><E39/><V84/><F84/><AGARI ba="0,1" hai="23,24,30,52,55,84,89,93" m="42063,48203" machi="84" ten="30,2000,0" yaku="18,1,54,1" doraHai="100" who="0" fromWho="2" sc="211,30,230,0,319,-20,230,0" /><INIT seed="2,0,0,0,5,57" ten="241,230,299,230" oya="2" hai0="10,43,113,60,58,99,95,103,118,2,22,16,109" hai1="85,77,63,112,19,116,31,76,29,35,3,7,52" hai2="111,70,23,131,73,123,67,46,9,20,24,75,121" hai3="41,51,12,122,32,98,105,94,108,65,34,36,78"/><V69/><F131/><W132/><G36/><T127/><D113/><U71/><E112/><V101/><F101/><W83/><G105/><T133/><D109/><U106/><E106/><V125/><F125/><W13/><G108/><T59/><D127/><U84/><E116/><V45/><F111/><W134/><G122/><T117/><D133/><U48/><E7/><V97/><F97/><W119/><G119/><N who="0" m="45579" /><D43/><U18/><E3/><V89/><F67/><W82/><G65/><N who="0" m="39063" /><D59/><N who="1" m="35303" /><E48/><V120/><F89/><W30/><G51/><T8/><D2/><U79/><E35/><V107/><F24/><AGARI ba="0,0" hai="8,10,16,22,24,95,99,103" m="39063,45579" machi="24" ten="30,3900,0" yaku="12,1,52,1,54,1" doraHai="57" who="0" fromWho="2" sc="241,39,230,0,299,-39,230,0" /><INIT seed="3,0,0,4,3,112" ten="280,230,260,230" oya="3" hai0="102,83,39,7,1,60,8,16,33,117,127,36,66" hai1="15,20,31,0,4,88,130,111,48,99,53,49,11" hai2="91,96,44,63,54,95,109,115,82,18,132,87,114" hai3="124,79,81,42,61,103,26,84,73,74,120,97,25"/><W93/><G42/><T32/><D127/><U75/><E75/><V24/><F109/><W14/><G120/><T37/><D117/><U104/><E111/><V77/><F132/><W68/><G124/><T128/><D128/><U6/><E130/><V126/><F126/><W51/><G51/><T71/><D102/><U123/><E123/><V131/><F131/><W5/><G74/><T17/><REACH who="0" step="1"/><D83/><REACH who="0" ten="270,230,260,230" step="2"/><U58/><E104/><V3/><F115/><W101/><G103/><T43/><D43/><U122/><E122/><V27/><F114/><W21/><G73/><T22/><D22/><U94/><E4/><V129/><F129/><W59/><G68/><T13/><D13/><U85/><E0/><V113/><F3/><W28/><G5/><T45/><D45/><U134/><E134/><V62/><F113/><W110/><G110/><T38/><N who="0" m="9216" /><DORA hai="34" /><T108/><D108/><U55/><E20/><N who="2" m="13335" /><F27/><N who="3" m="16495" /><G14/><T116/><D116/><U30/><REACH who="1" step="1"/><E99/><REACH who="1" ten="270,220,260,230" step="2"/><V69/><F96/><W64/><AGARI ba="0,2" hai="25,26,59,61,64,79,81,84,93,97,101" m="16495" machi="64" ten="30,3000,0" yaku="25,1,8,1" doraHai="112,34" who="3" fromWho="3" sc="270,-10,220,-10,260,-10,230,50" /><INIT seed="3,1,0,5,1,108" ten="260,210,250,280" oya="3" hai0="43,84,79,78,26,69,68,18,110,41,28,86,105" hai1="25,118,44,61,64,4,53,96,39,23,132,97,112" hai2="114,72,56,35,57,124,101,85,116,20,131,24,54" hai3="9,88,134,135,133,81,125,36,52,98,83,90,71"/><W16/><G71/><T128/><D105/><U74/><E74/><V37/><F116/><W58/><G36/><T92/><D110/><U130/><E118/><V123/><F72/><W129/><G129/><T120/><D18/><U3/><E130/><V45/><F131/><W106/><G125/><T119/><D119/><U46/><E132/><V82/><F35/><W47/><G47/><T40/><D128/><U75/><E75/><V127/><F101/><N who="3" m="62775" /><G81/><T99/><D120/><U70/><E112/><V0/><F0/><W1/><G83/><T67/><D84/><U50/><E4/><V66/><F123/><W87/><G87/><T103/><D86/><U91/><E3/><V2/><F2/><W111/><G111/><T7/><D7/><U31/><REACH who="1" step="1"/><E91/><REACH who="1" ten="260,200,250,280" step="2"/><V27/><F127/><W48/><G1/><T94/><D79/><U30/><E30/><V95/><F124/><W32/><G32/><T113/><D113/><U55/><E55/><V59/><F114/><W6/><G6/><T34/><D78/><U76/><E76/><V73/><F73/><W13/><AGARI ba="1,1" hai="9,13,16,48,52,58,88,90,133,134,135" m="62775" machi="13" ten="40,12000,1" yaku="20,1,54,3" doraHai="108" who="3" fromWho="3" sc="260,-41,200,-41,250,-41,280,133" /><INIT seed="3,2,0,0,1,1" ten="219,159,209,413" oya="3" hai0="81,68,102,49,11,32,103,70,121,26,85,113,72" hai1="76,13,86,40,23,44,94,46,99,132,134,37,57" hai2="97,3,55,111,60,90,92,133,98,116,22,83,117" hai3="93,45,67,84,5,96,108,59,65,130,34,38,78"/><W24/><G130/><T71/><D72/><U52/><E46/><V125/><F3/><W36/><G108/><T42/><D121/><U77/><E23/><V106/><F111/><W30/><G5/><T50/><D113/><U104/><E104/><V41/><F41/><W62/><G67/><T0/><D26/><U48/><E13/><V73/><F125/><W91/><G45/><T20/><D20/><U15/><E15/><V58/><F133/><N who="1" m="51305" /><E86/><V120/><F120/><W8/><G8/><T53/><D42/><U128/><E128/><V18/><F83/><W43/><G43/><T115/><D32/><U28/><E28/><V101/><REACH who="2" step="1"/><F73/><REACH who="2" ten="219,159,199,413" step="2"/><W14/><G36/><T27/><D81/><U122/><E122/><V123/><F123/><W56/><G38/><T87/><D115/><U119/><E119/><V131/><F131/><W39/><G39/><T64/><D0/><U17/><E17/><V100/><F100/><AGARI ba="2,1" hai="37,40,44,48,52,57,76,77,94,99,100" m="51305" machi="100" ten="30,2000,0" yaku="20,1,54,1" doraHai="1" who="1" fromWho="2" sc="219,0,159,36,199,-26,413,0" /><INIT seed="4,0,0,2,3,110" ten="219,195,173,413" oya="0" hai0="121,36,10,115,40,28,71,73,93,51,4,111,26" hai1="43,37,69,97,91,74,135,114,125,90,133,66,52" hai2="22,3,117,41,27,101,105,79,29,129,19,80,64" hai3="132,38,119,2,120,5,86,68,24,6,76,1,109"/><T7/><D121/><U50/><E74/><V21/><F129/><W16/><G68/><T47/><D111/><U25/><E125/><V55/><F117/><W56/><G38/><T53/><D71/><U112/><E43/><V75/><F3/><W108/><G56/><T48/><D73/><U104/><E37/><V98/><F41/><W45/><G45/><T99/><D115/><N who="1" m="44075" /><E25/><V116/><F55/><W62/><G62/><T11/><D7/><U103/><E66/><V100/><F100/><W63/><G5/><T81/><D4/><U83/><E69/><V88/><F116/><W94/><G63/><T60/><D60/><U122/><E122/><V67/><REACH who="2" step="1"/><F88/><REACH who="2" ten="219,195,163,413" step="2"/><N who="1" m="33833" /><E83/><V35/><F35/><W131/><G2/><T33/><D81/><U32/><E32/><V89/><F89/><W8/><G1/><T118/><D36/><U107/><E107/><V134/><F134/><W46/><G132/><T13/><D118/><U128/><E128/><V12/><AGARI ba="0,1" hai="12,19,21,22,27,29,64,67,75,79,80,98,101,105" machi="12" ten="20,2700,0" yaku="1,1,0,1,7,1,53,0" doraHai="110" doraHaiUra="49" who="2" fromWho="2" sc="219,-13,195,-7,163,37,413,-7" /><INIT seed="5,0,0,3,5,22" ten="206,188,200,406" oya="1" hai0="13,2,24,98,123,79,73,54,44,72,30,86,77" hai1="132,25,82,95,39,48,47,87,40,0,21,38,28" hai2="117,76,18,31,4,58,3,94,29,7,97,118,12" hai3="135,127,91,14,124,19,131,90,71,69,6,70,62"/><U101/><E0/><V49/><F76/><W36/><G36/><T105/><D2/><U66/><E132/><V134/><F134/><W103/><G135/><T64/><D13/><U109/><E109/><V37/><F37/><W120/><G120/><T27/><D64/><U102/><E102/><V63/><F49/><W111/><G111/><T65/><D65/><U42/><E66/><V68/><F68/><W121/><G131/><T119/><D119/><U16/><E42/><V114/><F114/><W17/><G103/><T128/><D128/><U130/><E130/><V85/><F85/><W133/><G133/><T41/><D54/><U125/><E125/><N who="3" m="48202" /><G62/><T115/><D115/><U55/><E40/><V33/><F33/><W126/><G121/><T116/><D116/><U83/><E83/><V74/><F74/><W122/><G122/><T89/><D73/><U60/><E60/><V15/><F3/><W129/><G129/><T45/><D41/><U67/><E67/><N who="2" m="39415" /><F118/><W34/><G34/><T26/><D72/><U113/><E113/><V81/><F81/><W9/><G126/><T108/><D108/><U78/><REACH who="1" step="1"/><E28/><REACH who="1" ten="206,178,200,406" step="2"/><V61/><F61/><W53/><G53/><T1/><D30/><U110/><E110/><V20/><F117/><W11/><G71/><T99/><D1/><U92/><E92/><V56/><F31/><W107/><G70/><T51/><D123/><U32/><E32/><V10/><F29/><W84/><G69/><T43/><D43/><U80/><E80/><V52/><F94/><N who="3" m="54599" /><G107/><T88/><D105/><U23/><E23/><V104/><F104/><RYUUKYOKU ba="0,1" sc="206,-10,178,30,200,-10,406,-10" hai1="16,21,25,38,39,47,48,55,78,82,87,95,101" /><INIT seed="5,1,1,5,2,119" ten="196,208,190,396" oya="1" hai0="6,22,117,4,79,131,1,104,72,91,25,66,59" hai1="3,52,46,39,108,125,112,92,113,42,103,29,106" hai2="36,24,49,94,84,130,67,128,53,133,127,32,40" hai3="90,19,93,124,97,87,82,109,107,55,16,50,27"/><U12/><E3/><V45/><F127/><W77/><G109/><T28/><D104/><U11/><E106/><V7/><F7/><W0/><G0/><T68/><D68/><U47/><E125/><V26/><F32/><W71/><G71/><T43/><D117/><U37/><E29/><V23/><F67/><W48/><G124/><T99/><D131/><N who="2" m="50218" /><F133/><W120/><G120/><T116/><D43/><U83/><E83/><V21/><F84/><W9/><G107/><T62/><D116/><U111/><E92/><V114/><F94/><W135/><G135/><T115/><D115/><N who="1" m="44107" /><E103/><V34/><F114/><W80/><G80/><T96/><D1/><U88/><E88/><V81/><F81/><W2/><G2/><T132/><D132/><U69/><E69/><V38/><F34/><W41/><G41/><T126/><D126/><U63/><E39/><N who="2" m="14891" /><F53/><W57/><G9/><T65/><D65/><U13/><E13/><V129/><N who="2" m="50226" /><V102/><DORA hai="74" /><F102/><W31/><G50/><T75/><D91/><U86/><E86/><V118/><F118/><W123/><G123/><T14/><D14/><U60/><E60/><V64/><F64/><W85/><G87/><T98/><REACH who="0" step="1"/><D72/><REACH who="0" ten="186,208,190,396" step="2"/><U105/><E105/><V33/><F26/><W54/><G54/><T100/><D100/><U30/><E52/><V70/><F70/><W76/><G55/><T122/><D122/><U95/><E42/><V110/><F110/><W101/><G27/><T78/><D78/><U61/><E111/><V8/><F24/><W51/><G101/><T134/><D134/><U35/><E108/><RYUUKYOKU ba="1,2" sc="186,30,208,-10,190,-10,396,-10" hai0="4,6,22,25,28,59,62,66,75,79,96,98,99" /><INIT seed="6,2,2,2,4,54" ten="216,198,180,386" oya="2" hai0="93,101,30,0,60,90,70,52,26,123,65,84,126" hai1="115,133,13,76,23,98,48,100,125,58,106,8,117" hai2="79,51,99,135,73,121,49,17,33,108,88,96,68" hai3="6,28,102,31,97,109,32,114,67,62,21,104,122"/><V130/><F68/><W11/><G109/><T34/><D123/><U71/><E71/><V128/><F121/><W25/><G122/><T72/><D72/><U113/><E117/><V40/><F33/><W42/><G114/><N who="1" m="43530" /><E125/><V38/><F108/><W44/><G28/><T59/><D0/><U74/><E23/><V124/><F124/><W120/><G120/><T64/><D126/><U75/><E133/><V89/><F135/><W81/><G81/><T112/><D112/><U57/><E48/><N who="2" m="18507" /><F17/><W69/><G21/><T47/><D47/><U5/><E76/><V2/><F2/><N who="3" m="471" /><G44/><T20/><D70/><U66/><E66/><N who="0" m="25705" /><D34/><U16/><E5/><V116/><F116/><W9/><G9/><T78/><D101/><U37/><E37/><V7/><F7/><W103/><G103/><T19/><D78/><U22/><E8/><V87/><F79/><W4/><G4/><T18/><AGARI ba="2,2" hai="18,19,20,26,30,52,59,60,84,90,93" m="25705" machi="18" ten="30,4000,0" yaku="8,1,52,1,54,1" doraHai="54" who="0" fromWho="0" sc="216,66,198,-12,180,-22,386,-12" /><INIT seed="7,0,0,2,3,122" ten="282,186,158,374" oya="3" hai0="83,94,135,18,91,61,50,120,20,43,102,17,108" hai1="47,134,112,87,105,53,104,3,133,90,28,30,93" hai2="29,119,131,22,71,6,68,115,52,42,82,117,107" hai3="66,9,46,132,38,41,67,116,77,35,25,75,130"/><W88/><G116/><T37/><D108/><U21/><E112/><V23/><F107/><N who="1" m="41033" /><E3/><V62/><F115/><W44/><G130/><T54/><D135/><N who="1" m="51723" /><E21/><V101/><F101/><W11/><G46/><T123/><D18/><U16/><E16/><V97/><F97/><W74/><G77/><T8/><D54/><U121/><E121/><V126/><F131/><W128/><G35/><T111/><D61/><U51/><AGARI ba="0,0" hai="28,30,47,51,53,87,90,93" m="51723,41033" machi="51" ten="40,1500,0" yaku="20,1" doraHai="122" who="1" fromWho="1" sc="282,-4,186,15,158,-4,374,-7" owari="278,8.0,201,-20.0,154,-35.0,367,47.0" /></mjloggm>