<mjloggm ver="2.3"><GO type="169" lobby="0"/><UN n0="%4A%6F%75%72%6E%65%79" n1="%4D%4F%44" n2="%6A%75%6E%6E%2E%69" n3="%E3%82%A6%E3%83%AB%E3%83%88%E3%83%A9%E7%AB%8B%E7%9B%B4" dan="17,16,17,16" rate="2170.71,2105.03,2174.44,2152.61" sx="M,F,M,M"/><TAIKYOKU oya="0"/><INIT seed="0,0,0,3,2,69" ten="250,250,250,250" oya="0" hai0="81,86,103,66,34,104,131,129,1,120,84,95,4" hai1="106,90,41,14,79,99,52,50,59,28,130,76,118" hai2="6,46,74,92,8,63,121,18,32,124,88,122,128" hai3="68,53,75,109,37,91,3,77,133,48,57,25,71"/><T36/><D34/><U134/><E118/><V135/><F124/><W116/><G3/><T5/><D120/><U105/><E130/><N who="0" m="49673" /><D104/><U44/><E134/><V13/><F135/><W54/><G133/><T126/><D126/><U2/><E2/><V42/><F128/><W112/><G116/><T17/><D1/><U111/><E111/><V29/><F74/><W58/><G112/><T11/><D66/><U0/><E0/><V93/><F92/><W89/><G25/><T15/><D36/><U70/><E70/><V40/><F32/><W12/><G12/><T100/><D86/><U80/><E28/><V67/><F29/><W24/><G24/><T94/><D94/><U16/><E90/><V55/><F6/><N who="0" m="2666" /><D95/><U31/><E99/><V83/><F83/><W132/><G132/><T115/><D115/><U117/><E117/><V107/><F107/><W102/><G37/><T19/><D17/><U10/><E31/><V35/><F35/><W9/><G75/><T113/><D113/><U72/><REACH who="1" step="1"/><E79/><AGARI ba="0,0" hai="11,15,19,79,81,84,100,103" m="2666,49673" machi="79" ten="30,1500,0" yaku="19,1" doraHai="69" who="0" fromWho="1" sc="250,15,250,-15,250,0,250,0" /><INIT seed="0,1,0,3,5,84" ten="265,235,250,250" oya="0" hai0="89,42,32,102,129,17,54,8,108,40,23,104,96" hai1="2,55,0,64,117,85,29,36,110,128,51,47,92" hai2="111,60,6,11,5,105,131,50,3,41,83,114,109" hai3="87,119,61,39,80,20,90,93,19,15,115,122,126"/><T13/><D32/><U73/><E73/><V88/><F105/><W16/><G39/><T106/><D106/><U86/><E117/><V1/><F114/><W25/><G119/><T103/><D129/><U125/><E128/><V95/><F83/><W38/><G38/><T116/><D116/><U24/><E110/><N who="2" m="41995" /><F131/><W53/><G115/><T82/><D108/><U30/><E125/><V35/><F35/><W74/><G126/><T45/><D103/><U21/><E30/><V4/><F60/><W28/><G122/><T14/><D54/><U127/><E127/><V57/><F11/><W107/><G107/><T91/><D82/><U37/><E64/><V31/><F31/><W34/><G19/><T58/><D58/><U7/><E86/><N who="2" m="52631" /><F57/><N who="3" m="34991" /><G74/><T132/><D132/><U112/><E112/><V81/><F81/><W120/><G34/><T43/><REACH who="0" step="1"/><D45/><AGARI ba="1,0" hai="1,3,4,5,6,41,45,50" m="52631,41995" machi="45" ten="30,3900,0" yaku="14,1,52,1,54,1" doraHai="84" who="2" fromWho="0" sc="265,-42,235,0,250,42,250,0" /><INIT seed="1,0,0,3,2,94" ten="223,235,292,250" oya="1" hai0="111,93,83,134,102,97,46,38,48,81,113,74,114" hai1="92,124,76,133,40,52,22,65,67,50,98,125,135" hai2="30,115,75,129,130,109,29,79,107,80,103,10,20" hai3="122,43,86,2,119,54,1,57,3,11,82,5,37"/><U84/><E40/><V59/><F109/><W117/><G122/><T73/><D111/><U39/><E39/><V127/><F115/><W61/><G43/><T66/><D38/><U53/><E22/><V68/><F127/><N who="1" m="48713" /><E84/><V31/><F68/><W26/><G26/><T104/><D66/><N who="1" m="25099" /><E76/><V51/><F10/><W41/><G41/><T23/><D23/><U36/><E36/><V70/><F20/><W126/><G37/><T121/><D121/><U21/><E21/><V96/><REACH who="2" step="1"/><F70/><REACH who="2" ten="223,235,282,250" step="2"/><W45/><G126/><T132/><D114/><U7/><E7/><V28/><N who="2" m="7680" /><DORA hai="131" /><V17/><F17/><W100/><G5/><T101/><D113/><U118/><E118/><V99/><F99/><W90/><G119/><T120/><D120/><U123/><E123/><V55/><AGARI ba="0,1" hai="51,55,59,75,79,80,96,103,107,129,130" m="7680" machi="55" ten="50,6400,0" yaku="1,1,0,1,52,1,53,0" doraHai="94,131" doraHaiUra="18,112" who="2" fromWho="2" sc="223,-16,235,-32,282,74,250,-16" /><INIT seed="2,0,0,1,4,89" ten="207,203,356,234" oya="2" hai0="106,22,58,122,84,79,124,10,105,29,81,101,25" hai1="109,55,39,20,51,24,87,67,121,94,43,92,73" hai2="54,3,62,127,37,120,47,44,48,27,2,65,4" hai3="129,13,23,33,15,102,18,45,66,85,11,100,52"/><V26/><F127/><W9/><G33/><T41/><D124/><U80/><E73/><V32/><F120/><W75/><G75/><T98/><D122/><U0/><E0/><V128/><F128/><W61/><G129/><T88/><D41/><U115/><E115/><V50/><F37/><W108/><G108/><T111/><D111/><U42/><E67/><V97/><F4/><W135/><G135/><T17/><D58/><N who="1" m="33151" /><E39/><V56/><F27/><W134/><G134/><T96/><D10/><U76/><E109/><V82/><F82/><W7/><G85/><T60/><D60/><U74/><E74/><V126/><F126/><W131/><G131/><T90/><REACH who="0" step="1"/><D29/><REACH who="0" ten="197,203,356,234" step="2"/><N who="1" m="17543" /><E121/><V30/><F97/><W38/><G11/><T36/><D36/><U133/><E133/><V110/><F110/><W78/><G38/><T34/><D34/><U53/><E53/><AGARI ba="0,1" hai="2,3,26,30,32,44,47,48,50,53,54,56,62,65" machi="53" ten="30,2900,0" yaku="7,1,9,1" doraHai="89" who="2" fromWho="1" sc="197,0,203,-29,356,39,234,0" /><INIT seed="2,1,0,2,2,114" ten="197,174,395,234" oya="2" hai0="124,94,71,52,27,33,98,102,26,113,103,58,64" hai1="119,57,20,0,44,90,134,62,118,105,4,1,132" hai2="56,128,112,61,79,7,80,78,131,12,111,88,24" hai3="38,120,110,8,101,50,46,123,23,40,100,109,51"/><V17/><F112/><W84/><G8/><T121/><D113/><U16/><E105/><V87/><F111/><N who="3" m="42507" /><G23/><T55/><D121/><N who="3" m="46665" /><G84/><T43/><D124/><U45/><E90/><V31/><F7/><W125/><G125/><T39/><D33/><U19/><E4/><V35/><F131/><W42/><G38/><T86/><D86/><U41/><E41/><N who="3" m="15978" /><G46/><N who="1" m="18026" /><E1/><V25/><F128/><W117/><G117/><N who="1" m="44554" /><E20/><V115/><F115/><W99/><G99/><T96/><D43/><U6/><E6/><V107/><F107/><W66/><G66/><T135/><D39/><U85/><E85/><V60/><F25/><W49/><AGARI ba="1,0" hai="49,50,51,100,101" m="15978,46665,42507" machi="49" ten="40,5200,0" yaku="28,2,14,1" doraHai="114" who="3" fromWho="3" sc="197,-14,174,-14,395,-27,234,55" /><INIT seed="3,0,0,4,3,17" ten="183,160,368,289" oya="3" hai0="131,38,40,75,10,54,89,39,35,53,23,104,36" hai1="112,33,5,28,64,128,65,21,117,34,29,116,79" hai2="43,96,87,25,78,57,46,70,42,52,106,67,74" hai3="119,20,110,18,135,49,66,15,14,86,121,130,80"/><W50/><G121/><T30/><D40/><U16/><E112/><V63/><F74/><W60/><G119/><N who="1" m="45642" /><E79/><V12/><F78/><W45/><G130/><T95/><D131/><U68/><E128/><V126/><F87/><W97/><G135/><T92/><D104/><U71/><E65/><V102/><F126/><W90/><G110/><T69/><D75/><U77/><E77/><V129/><F129/><W83/><G97/><T76/><D76/><U48/><E48/><V59/><F12/><W58/><G83/><T82/><D69/><N who="1" m="26699" /><E64/><V37/><F43/><W113/><G113/><T105/><D105/><U101/><E5/><V1/><F1/><W61/><G61/><T55/><D35/><N who="1" m="13323" /><E101/><V13/><F13/><AGARI ba="0,0" hai="13,16,21,28,29" m="13323,26699,45642" machi="13" ten="40,5200,0" yaku="12,1,52,1,54,1" doraHai="17" who="1" fromWho="2" sc="183,0,160,52,368,-52,289,0" /><INIT seed="4,0,0,0,1,24" ten="183,212,316,289" oya="0" hai0="111,16,14,108,44,27,133,109,59,18,135,65,132" hai1="104,112,31,80,36,117,30,105,56,57,89,130,134" hai2="92,23,107,95,41,129,58,128,20,12,10,13,46" hai3="127,7,110,88,119,64,55,66,54,47,2,87,93"/><T1/><D1/><U37/><E117/><V115/><F107/><W67/><G119/><T85/><D44/><U17/><E17/><N who="2" m="10279" /><F115/><W78/><G110/><T62/><D14/><U4/><E4/><N who="2" m="3271" /><F58/><W76/><G127/><T3/><D3/><U32/><E32/><V52/><F23/><W81/><G2/><T33/><REACH who="0" step="1"/><D85/><REACH who="0" ten="173,212,316,289" step="2"/><U91/><E112/><V126/><F126/><W90/><G47/><T124/><D124/><U43/><E43/><V118/><F41/><W116/><G116/><T70/><D70/><U22/><E134/><V21/><F118/><W45/><G45/><T38/><D38/><U40/><E40/><V77/><F46/><W96/><G7/><T74/><D74/><U61/><E37/><V71/><F71/><W42/><G42/><T102/><D102/><U25/><E36/><V86/><F86/><W72/><G72/><T6/><D6/><U99/><E57/><V5/><F5/><W121/><G121/><T79/><D79/><AGARI ba="0,1" hai="54,55,64,66,67,76,78,79,81,87,88,90,93,96" machi="79" ten="40,2600,0" yaku="8,1,54,1" doraHai="24" who="3" fromWho="0" sc="173,-26,212,0,316,0,289,36" /><INIT seed="5,0,0,5,3,104" ten="147,212,316,325" oya="1" hai0="101,92,24,127,72,107,90,122,118,14,5,75,121" hai1="41,133,114,9,10,70,20,79,30,119,83,56,17" hai2="91,112,74,76,45,69,93,71,57,8,94,18,47" hai3="48,135,1,130,39,33,82,109,37,51,132,102,11"/><U50/><E119/><V106/><F106/><W27/><G102/><T126/><D118/><U131/><E70/><V23/><F8/><W29/><G109/><T88/><D107/><U13/><E114/><V46/><F57/><W38/><G82/><T68/><D68/><U67/><E131/><V98/><F94/><W49/><REACH who="3" step="1"/><G130/><REACH who="3" ten="147,212,316,315" step="2"/><T31/><D101/><U123/><E83/><V44/><N who="2" m="11776" /><DORA hai="15" /><V110/><F110/><W58/><G58/><T36/><D36/><U80/><E56/><V61/><F112/><W128/><G128/><T64/><D121/><U100/><E100/><V120/><F120/><W2/><G2/><T7/><D122/><U40/><E80/><V96/><F69/><W84/><G84/><T125/><D92/><U26/><E123/><V108/><F96/><W86/><G86/><T129/><D129/><U89/><E40/><V54/><F108/><W59/><G59/><T60/><D90/><U19/><E89/><V105/><F91/><W34/><G34/><T0/><D88/><U87/><E41/><V32/><F32/><W85/><G85/><T116/><D0/><U12/><E87/><V117/><F93/><W134/><G134/><T28/><D125/><U111/><E133/><V78/><F98/><W124/><G124/><T73/><D116/><U65/><E111/><V95/><F95/><W62/><G62/><T77/><D127/><U4/><E79/><V35/><F78/><W16/><G16/><N who="1" m="6218" /><E50/><V63/><F117/><W21/><G21/><T55/><D126/><U42/><E42/><V43/><F43/><W81/><G81/><RYUUKYOKU ba="0,1" sc="147,-15,212,15,316,-15,315,15" hai1="4,9,10,12,13,20,26,30,65,67" hai3="1,11,27,29,33,37,38,39,48,49,51,132,135" /><INIT seed="5,1,1,3,0,123" ten="132,227,301,330" oya="1" hai0="124,65,131,110,134,3,95,115,99,127,13,91,38" hai1="57,118,132,90,84,126,8,58,7,45,4,61,121" hai2="53,52,21,18,113,36,86,40,116,47,73,59,41" hai3="49,1,133,94,81,39,68,37,105,51,2,15,64"/><U35/><E118/><V56/><F73/><W77/><G94/><T22/><D3/><U93/><E121/><V44/><F116/><W43/><G15/><T31/><D38/><U25/><E126/><N who="0" m="48169" /><D65/><U96/><E132/><V114/><F86/><W71/><G51/><T103/><D31/><U111/><E35/><V101/><F101/><W46/><G49/><T72/><D22/><U128/><E128/><V27/><F56/><W117/><G117/><T48/><D48/><U17/><E45/><V55/><REACH who="2" step="1"/><F59/><REACH who="2" ten="132,227,291,330" step="2"/><W108/><G133/><T79/><D134/><U97/><E58/><V67/><F67/><W66/><G64/><T89/><D72/><U78/><E97/><V6/><F6/><W19/><G66/><T34/><D103/><U107/><E96/><V30/><F30/><W87/><G87/><T122/><D99/><U62/><E57/><V42/><F42/><W98/><G43/><T75/><D75/><U11/><E62/><V10/><F10/><W5/><G98/><T120/><D122/><U12/><E61/><V106/><F106/><W76/><G5/><T29/><D29/><U54/><E107/><V0/><F0/><W100/><G1/><T69/><D120/><U74/><E54/><V109/><F109/><W92/><G108/><T82/><D110/><U129/><E111/><V70/><F70/><W50/><G71/><T135/><D69/><U16/><E129/><V104/><F104/><W102/><G105/><T23/><D135/><U80/><E11/><V112/><F112/><W32/><G68/><T125/><N who="0" m="48177" /><T119/><DORA hai="20" /><D131/><RYUUKYOKU ba="1,2" sc="132,-15,227,15,291,15,330,-15" hai1="4,7,8,12,16,17,25,74,78,80,84,90,93" hai2="18,21,27,36,40,41,44,47,52,53,55,113,114" /><INIT seed="5,2,2,1,4,102" ten="117,242,306,315" oya="1" hai0="100,5,127,16,3,53,36,67,42,119,98,38,18" hai1="50,120,134,106,97,22,80,37,99,34,86,117,68" hai2="87,85,81,124,28,51,101,54,76,63,49,131,133" hai3="20,29,43,83,60,116,1,110,48,17,82,88,66"/><U35/><E37/><V132/><F124/><W62/><G1/><T115/><D119/><U95/><E117/><V70/><F28/><W77/><G29/><T118/><D118/><U21/><E120/><V104/><F87/><N who="3" m="48591" /><G110/><T25/><D127/><U111/><E68/><V59/><F131/><W79/><G79/><T128/><D128/><U65/><E65/><V96/><REACH who="2" step="1"/><F70/><REACH who="2" ten="117,242,296,315" step="2"/><W40/><G116/><T47/><D115/><U84/><E84/><V92/><F92/><W107/><G83/><T109/><D109/><U112/><E111/><V114/><F114/><W130/><G130/><T123/><D123/><U69/><E69/><V44/><F44/><W61/><G107/><T7/><D38/><U6/><E106/><V125/><F125/><W75/><G75/><T56/><D36/><U57/><E95/><V73/><F73/><W46/><G66/><T135/><D67/><U8/><E80/><V12/><F12/><N who="3" m="9255" /><G43/><T122/><D42/><U55/><E112/><V90/><F90/><AGARI ba="2,3" hai="40,46,48,60,61,62,88,90" m="9255,48591" machi="90" ten="30,2000,0" yaku="8,1,54,1" doraHai="102" who="3" fromWho="2" sc="117,0,242,0,296,-26,315,56" /><INIT seed="6,0,0,5,3,14" ten="117,242,270,371" oya="2" hai0="130,59,56,27,1,80,76,43,111,61,79,29,100" hai1="72,91,114,101,113,50,110,53,19,8,118,67,65" hai2="124,15,47,22,88,95,52,70,121,117,129,86,127" hai3="60,131,0,37,6,7,69,12,120,34,36,85,5"/><V55/><F121/><W115/><G120/><T28/><D111/><U40/><E110/><V125/><F117/><W24/><G0/><T128/><D1/><U33/><E72/><V105/><F105/><W20/><G34/><T46/><D100/><U83/><E33/><V2/><F2/><W58/><G69/><T63/><D27/><U42/><E118/><V77/><F70/><W119/><G119/><T48/><D80/><U25/><E101/><V62/><F129/><W96/><G37/><T35/><D35/><U74/><E74/><V133/><F133/><W97/><G36/><T17/><D48/><U99/><E114/><V64/><F77/><W89/><G12/><T41/><REACH who="0" step="1"/><D46/><REACH who="0" ten="107,242,270,371" step="2"/><N who="1" m="27863" /><E25/><V84/><F47/><W9/><G24/><T68/><D68/><U57/><E83/><V18/><F127/><W49/><G49/><T98/><D98/><U126/><E126/><V39/><F39/><W51/><G97/><T26/><D26/><U81/><E81/><V90/><F125/><W102/><G96/><T112/><D112/><U44/><E113/><V38/><F124/><W16/><G51/><T135/><D135/><U87/><E99/><V4/><F38/><W73/><G102/><T132/><D132/><U3/><E3/><V66/><F62/><W134/><G60/><T21/><D21/><U54/><E44/><V10/><F90/><W11/><G89/><T32/><D32/><U123/><E123/><V116/><F116/><W45/><G134/><T92/><D92/><U23/><E23/><V103/><F103/><W109/><G115/><T82/><D82/><RYUUKYOKU ba="0,1" sc="107,30,242,-10,270,-10,371,-10" hai0="17,28,29,41,43,56,59,61,63,76,79,128,130" /><INIT seed="7,1,1,5,1,64" ten="137,232,260,361" oya="3" hai0="43,94,72,11,63,5,62,54,84,95,103,79,121" hai1="108,113,88,119,130,134,87,18,52,65,53,133,36" hai2="81,41,49,27,50,124,58,109,68,0,67,14,48" hai3="1,3,89,104,2,122,40,120,57,112,56,74,82"/><W30/><G104/><T75/><D121/><U12/><E113/><V85/><F0/><W128/><G30/><T37/><D75/><U106/><E108/><V61/><F124/><W76/><G40/><T33/><D33/><U31/><E130/><V29/><F109/><W86/><G112/><T8/><D8/><N who="1" m="6407" /><E119/><V100/><F100/><W99/><G99/><T102/><D103/><U39/><E65/><V101/><F101/><W96/><G96/><T4/><D4/><U60/><E31/><V70/><F14/><W38/><G38/><N who="1" m="14378" /><E60/><V55/><F41/><W116/><G128/><T51/><D95/><N who="1" m="54687" /><E106/><V78/><REACH who="2" step="1"/><F67/><REACH who="2" ten="137,232,250,361" step="2"/><W71/><G1/><T16/><D102/><U7/><E7/><V45/><F45/><W34/><G2/><T92/><D92/><U105/><E105/><V132/><F132/><AGARI ba="1,2" hai="52,53,132,133,134" m="54687,14378,6407" machi="132" ten="30,3900,0" yaku="20,1,54,2" doraHai="64" who="1" fromWho="2" sc="137,0,232,62,250,-42,361,0" owari="137,-36.0,294,9.0,208,-19.0,361,46.0" /></mjloggm>