<mjloggm ver="2.3"><GO type="169" lobby="0"/><UN n0="%E3%83%84%E3%82%A4%E3%82%B9%E3%83%88" n1="%73%68%6F%6F%74%33%39" n2="%E3%83%88%E3%83%88%E3%83%AA%E5%85%88%E7%94%9F%31%39%E6%AD%B3" n3="%E3%81%98%E3%81%BE%E3%81%AE%E3%82%8A" dan="16,17,19,16" rate="2079.17,2218.94,2260.75,2113.36" sx="M,M,F,M"/><TAIKYOKU oya="0"/><INIT seed="0,0,0,0,4,97" ten="250,250,250,250" oya="0" hai0="87,20,81,51,133,65,82,99,48,126,96,14,104" hai1="43,47,108,125,33,121,80,69,75,102,32,107,59" hai2="91,52,24,116,114,15,118,60,8,40,54,72,127" hai3="66,76,9,18,128,109,46,4,77,56,131,63,55"/><T105/><D126/><U22/><E121/><V135/><F114/><W84/><G109/><T86/><D133/><U6/><E59/><V39/><F127/><W37/><G18/><T124/><D124/><U16/><E69/><V73/><F135/><W113/><G113/><T44/><D65/><U45/><E45/><N who="2" m="23711" /><F24/><W89/><G128/><T83/><D83/><U3/><E108/><V42/><F91/><W21/><G21/><T23/><D44/><U0/><E0/><V1/><F1/><W110/><G110/><T68/><REACH who="0" step="1"/><D14/><REACH who="0" ten="240,250,250,250" step="2"/><U31/><E47/><V64/><F64/><W115/><G46/><T25/><D25/><U85/><E125/><V5/><F42/><W103/><G66/><T119/><D119/><N who="2" m="45610" /><F54/><W132/><G55/><T98/><D98/><U61/><E43/><V10/><F15/><W134/><G132/><T100/><D100/><U41/><E102/><V13/><F13/><W67/><G103/><T50/><D50/><U130/><E41/><V36/><F52/><W2/><G134/><T35/><D35/><U74/><E33/><V122/><F60/><W129/><G115/><T28/><D28/><U34/><E31/><V38/><F38/><W92/><G37/><T70/><AGARI ba="0,1" hai="20,23,48,51,68,70,81,82,86,87,96,99,104,105" machi="70" ten="25,9600,0" yaku="1,1,0,1,22,2,53,0" doraHai="97" doraHaiUra="58" who="0" fromWho="0" sc="240,106,250,-32,250,-32,250,-32" /><INIT seed="0,1,0,1,4,93" ten="346,218,218,218" oya="0" hai0="70,69,6,85,110,66,74,95,133,18,29,60,48" hai1="124,2,5,87,121,105,35,65,58,4,63,132,42" hai2="80,34,115,44,129,78,84,76,40,52,114,135,82" hai3="96,50,83,79,116,57,10,88,102,3,21,130,54"/><T97/><D74/><U91/><E121/><V27/><F129/><W103/><G116/><T94/><D133/><U77/><E132/><V119/><F135/><W28/><G130/><T13/><D110/><U9/><E124/><V113/><F119/><W47/><G3/><T61/><D6/><U8/><E35/><V37/><F34/><W46/><G10/><T56/><D29/><U128/><E128/><V55/><REACH who="2" step="1"/><F27/><REACH who="2" ten="346,218,208,218" step="2"/><N who="3" m="16495" /><G79/><T92/><D70/><U25/><E25/><V120/><F120/><W131/><G131/><T30/><D30/><U101/><E77/><V98/><F98/><W73/><G73/><AGARI ba="1,1" hai="37,40,44,52,55,73,76,78,80,82,84,113,114,115" machi="73" ten="40,5200,0" yaku="1,1,54,1,53,1" doraHai="93" doraHaiUra="38" who="2" fromWho="3" sc="346,0,218,0,208,65,218,-55" /><INIT seed="1,0,0,3,1,69" ten="346,218,273,163" oya="1" hai0="18,76,101,2,14,0,84,15,39,13,6,104,97" hai1="43,132,113,46,34,90,70,107,12,9,121,98,48" hai2="127,119,20,120,42,33,83,68,93,85,91,60,100" hai3="116,88,51,122,63,53,11,24,59,56,109,75,103"/><U55/><E113/><V92/><F119/><W110/><G122/><T81/><D6/><U66/><E121/><V126/><F33/><W30/><G116/><T133/><D133/><U41/><E132/><V27/><F120/><W74/><G103/><T1/><REACH who="0" step="1"/><D39/><REACH who="0" ten="336,218,273,163" step="2"/><U65/><E34/><V73/><F126/><W57/><G110/><T36/><D36/><U129/><E129/><V123/><F127/><W16/><G109/><T5/><D5/><U67/><E70/><V10/><F123/><W95/><G74/><T135/><D135/><U19/><E107/><V62/><F73/><W26/><G75/><T35/><D35/><U32/><E32/><V29/><F68/><W108/><G108/><T28/><D28/><U25/><E25/><N who="3" m="9834" /><G30/><T50/><D50/><U45/><E45/><V114/><F27/><W118/><G51/><T117/><D117/><U23/><E23/><AGARI ba="0,1" hai="0,1,2,13,14,15,18,23,76,81,84,97,101,104" machi="23" ten="40,1300,0" yaku="1,1,53,0" doraHai="69" doraHaiUra="115" who="0" fromWho="1" sc="336,23,218,-13,273,0,163,0" /><INIT seed="2,0,0,5,4,130" ten="359,205,273,163" oya="2" hai0="49,75,53,134,102,111,11,10,4,44,77,73,65" hai1="98,81,69,41,87,33,15,9,55,28,100,72,76" hai2="131,56,39,79,101,18,42,1,120,99,70,110,16" hai3="91,126,2,82,88,80,29,26,135,21,92,38,85"/><V59/><F120/><W0/><G126/><T57/><D111/><U7/><E69/><V106/><F70/><W45/><G135/><T68/><D134/><U114/><E114/><V105/><F1/><W84/><REACH who="3" step="1"/><G92/><REACH who="3" ten="359,205,273,153" step="2"/><T117/><D117/><U32/><E28/><V78/><F110/><W83/><G83/><T112/><D112/><U58/><E72/><V54/><F131/><W96/><G96/><T118/><D118/><U94/><REACH who="1" step="1"/><E41/><AGARI ba="0,1" hai="0,2,21,26,29,38,41,45,80,82,84,85,88,91" machi="41" ten="40,8000,1" yaku="1,1,9,1,54,1,53,1" doraHai="130" doraHaiUra="23" who="3" fromWho="1" sc="359,0,205,-80,273,0,153,90" /><INIT seed="3,0,0,5,1,71" ten="359,125,273,243" oya="3" hai0="38,80,37,134,34,35,107,10,114,111,12,100,118" hai1="25,122,83,4,2,124,106,33,23,85,52,93,64" hai2="74,13,9,54,53,109,67,94,16,130,6,18,0" hai3="65,21,97,99,1,24,78,49,44,103,8,135,125"/><W120/><G120/><T87/><D118/><U132/><E122/><V116/><F116/><W19/><G135/><T104/><D134/><U72/><E106/><V61/><F74/><W68/><G125/><T59/><D114/><U119/><E132/><V58/><F109/><W55/><G78/><T36/><D111/><U105/><E105/><V20/><F130/><W73/><G73/><T76/><D107/><U32/><E64/><V57/><F57/><W79/><G79/><T40/><D40/><U133/><E124/><V91/><REACH who="2" step="1"/><F18/><REACH who="2" ten="359,125,263,243" step="2"/><W129/><G129/><T29/><D59/><U89/><E133/><V95/><F95/><W115/><G19/><T17/><REACH who="0" step="1"/><D29/><REACH who="0" ten="349,125,263,243" step="2"/><U42/><E119/><V75/><F75/><W121/><G121/><T7/><D7/><U14/><E72/><V28/><F28/><W82/><G115/><T84/><D84/><AGARI ba="0,2" hai="0,6,9,13,16,20,53,54,58,61,67,84,91,94" machi="84" ten="30,7700,0" yaku="1,1,7,1,54,1,53,1" doraHai="71" doraHaiUra="90" who="2" fromWho="0" sc="349,-77,125,0,263,97,243,0" /><INIT seed="4,0,0,2,2,127" ten="272,125,360,243" oya="0" hai0="95,103,64,16,118,85,8,77,32,68,67,59,71" hai1="112,25,110,44,58,126,129,121,6,100,76,37,31" hai2="93,23,41,74,5,56,88,39,102,72,78,65,125" hai3="28,89,133,40,63,105,96,70,109,14,17,113,79"/><T21/><D118/><U42/><E110/><V18/><F125/><W12/><G109/><T52/><D32/><U9/><E126/><V69/><F69/><W98/><G113/><T108/><D108/><U7/><E121/><V46/><F102/><W29/><G133/><T15/><D71/><U128/><E100/><V130/><F78/><W61/><G40/><T75/><D75/><U10/><E112/><V3/><F130/><N who="1" m="50281" /><E76/><V114/><F114/><W48/><G79/><T116/><D68/><U66/><E66/><V131/><F131/><W13/><G70/><T134/><D134/><U36/><E58/><V115/><F115/><W27/><G105/><T22/><D116/><U54/><E54/><V73/><F56/><W92/><G96/><N who="0" m="59807" /><D67/><U82/><E82/><V50/><F65/><W86/><G98/><T2/><D64/><U117/><E117/><V51/><F73/><W106/><G106/><T122/><D122/><U83/><E83/><V38/><F72/><W1/><G92/><T107/><D107/><U97/><E97/><V60/><F74/><W49/><G89/><T123/><D123/><U47/><E36/><V91/><F39/><W4/><G86/><T20/><D85/><U19/><E47/><V81/><F91/><W132/><G132/><T80/><D80/><U111/><E111/><V0/><F81/><W34/><G63/><T94/><D77/><U84/><E84/><V26/><F60/><W55/><G61/><T104/><D104/><U87/><E87/><V62/><F62/><W57/><G57/><T30/><D59/><U35/><E10/><RYUUKYOKU ba="0,0" sc="272,-10,125,30,360,-10,243,-10" hai1="6,7,9,19,25,31,35,37,42,44" /><INIT seed="5,1,0,4,5,35" ten="262,155,350,233" oya="1" hai0="22,56,126,127,125,94,121,23,74,111,77,104,24" hai1="25,109,57,19,70,62,101,49,9,118,107,52,40" hai2="89,92,106,110,7,85,108,4,130,123,36,42,117" hai3="43,131,44,3,45,91,38,28,51,10,96,135,61"/><U99/><E118/><V15/><F117/><W134/><G131/><T26/><D111/><U115/><E115/><V95/><F123/><W17/><G28/><T53/><D104/><U8/><E109/><V132/><F106/><W29/><G29/><T105/><D105/><U54/><E40/><V5/><F130/><W21/><G61/><N who="0" m="35983" /><D121/><U6/><E70/><V114/><F114/><W46/><G96/><T97/><D77/><U71/><E71/><V73/><F73/><W119/><G91/><N who="0" m="55519" /><D74/><U76/><E76/><V14/><F132/><N who="3" m="50731" /><G51/><T133/><D133/><U128/><E128/><V100/><F108/><W79/><G79/><T67/><D67/><U90/><E90/><N who="2" m="53327" /><F36/><W20/><G20/><AGARI ba="1,0" hai="20,22,23,24,26,125,126,127" m="55519,35983" machi="20" ten="30,1000,0" yaku="18,1" doraHai="35" who="0" fromWho="3" sc="262,13,155,0,350,0,233,-13" /><INIT seed="6,0,0,5,0,101" ten="275,155,350,220" oya="2" hai0="84,82,122,83,27,71,42,107,102,133,5,126,14" hai1="99,104,22,39,9,130,44,59,132,86,125,52,55" hai2="17,2,77,121,68,30,8,117,36,56,7,90,72" hai3="79,73,20,53,134,103,31,98,88,135,76,74,63"/><V92/><F117/><W112/><G31/><T111/><D111/><U60/><E130/><V1/><F68/><W18/><G112/><T108/><D108/><U85/><E132/><N who="3" m="50730" /><G63/><T114/><D133/><U34/><E34/><V57/><F121/><W67/><G67/><T80/><D114/><U40/><E125/><V127/><F127/><W29/><G29/><T26/><D126/><U70/><E22/><V3/><F36/><W41/><G53/><T96/><D122/><U35/><E35/><V49/><F30/><W97/><G41/><T25/><D42/><U28/><E28/><V58/><F17/><W23/><G23/><T38/><D71/><U43/><E43/><V46/><F46/><W37/><G37/><T65/><D65/><U124/><E124/><V12/><F49/><W21/><G18/><T129/><D38/><U95/><E104/><V87/><F77/><N who="3" m="29771" /><G20/><T78/><REACH who="0" step="1"/><D129/><REACH who="0" ten="265,155,350,220" step="2"/><U75/><E75/><V128/><F72/><W62/><G73/><T109/><D109/><U15/><E55/><V120/><F120/><W118/><G74/><T66/><D66/><U24/><E70/><V116/><F128/><W94/><G118/><T32/><D32/><U51/><E39/><V113/><F116/><W105/><G62/><T45/><D45/><U119/><E119/><V131/><F131/><W93/><G21/><T110/><D110/><U81/><E24/><V106/><F113/><W100/><G100/><T50/><D50/><U11/><E11/><AGARI ba="0,1" hai="5,11,14,25,26,27,78,80,82,83,84,96,102,107" machi="11" ten="40,5200,0" yaku="1,1,52,1,53,1" doraHai="101" doraHaiUra="6" who="0" fromWho="1" sc="265,62,155,-52,350,0,220,0" /><INIT seed="7,0,0,1,2,51" ten="327,103,350,220" oya="3" hai0="125,2,0,46,86,22,81,122,15,97,94,5,33" hai1="58,27,104,68,71,83,20,65,100,96,11,19,75" hai2="79,48,50,120,66,9,49,102,115,108,30,135,16" hai3="89,41,63,98,55,74,112,132,117,38,92,36,69"/><W18/><G117/><T29/><D122/><U37/><E37/><V54/><F108/><W128/><G112/><T47/><D125/><U14/><E75/><V61/><F115/><W95/><G128/><T103/><D33/><U59/><E83/><V64/><F120/><W111/><G74/><T7/><D2/><U44/><E44/><V57/><F135/><W87/><G132/><T110/><D110/><U32/><E71/><V3/><F30/><W52/><G111/><T107/><D0/><U90/><E90/><V34/><F34/><W21/><G69/><T10/><D5/><U70/><E70/><V124/><F124/><W78/><G78/><T114/><D107/><U82/><E82/><V40/><F3/><W62/><G36/><T23/><D114/><U84/><E84/><V85/><F102/><N who="3" m="60743" /><G41/><T39/><D39/><U8/><E59/><V131/><F131/><W106/><G106/><T123/><D123/><U121/><E121/><V113/><F113/><W60/><G38/><T24/><REACH who="0" step="1"/><D23/><REACH who="0" ten="317,103,350,220" step="2"/><U134/><E134/><V53/><F40/><W6/><G6/><T13/><D13/><AGARI ba="0,1" hai="13,18,21,52,55,60,62,63,87,89,95" m="60743" machi="13" ten="30,11600,0" yaku="8,1,52,2,54,1" doraHai="51" who="3" fromWho="0" sc="317,-116,103,0,350,0,220,126" /><INIT seed="7,1,0,1,4,100" ten="201,103,350,346" oya="3" hai0="19,52,1,127,58,89,15,131,104,65,12,24,7" hai1="31,82,68,43,117,96,38,4,87,50,2,119,0" hai2="28,81,47,134,42,125,5,110,10,88,95,48,70" hai3="39,130,116,32,54,85,77,126,59,78,90,16,121"/><W92/><G121/><T33/><D127/><U118/><E68/><V27/><F110/><W40/><G116/><T74/><D131/><U94/><E38/><V91/><F70/><W67/><G32/><T61/><D74/><U51/><E31/><V64/><F125/><W13/><G126/><T29/><D15/><U102/><E43/><V26/><F64/><W99/><G130/><T41/><D41/><U109/><E109/><V112/><F112/><W101/><G67/><T111/><D111/><U93/><E93/><V72/><F134/><W84/><G39/><T49/><D89/><U6/><E6/><V135/><F135/><W8/><G40/><T36/><D36/><U122/><E122/><V129/><F129/><W128/><G128/><T105/><D7/><U9/><REACH who="1" step="1"/><E0/><REACH who="1" ten="201,93,350,346" step="2"/><V115/><F42/><W46/><G46/><T107/><D1/><U133/><E133/><V73/><F47/><W75/><G75/><T18/><D18/><U57/><E57/><V35/><F73/><W23/><G23/><T44/><D107/><U79/><AGARI ba="1,1" hai="2,4,9,50,51,79,82,87,94,96,102,117,118,119" machi="79" ten="30,4000,0" yaku="1,1,0,1,12,1,53,0" doraHai="100" doraHaiUra="60" who="1" fromWho="1" sc="201,-11,93,53,350,-11,346,-21" owari="190,-21.0,146,-35.0,339,43.0,325,13.0" /></mjloggm>