<mjloggm ver="2.3"><GO type="169" lobby="0"/><UN n0="%E6%97%85%E9%A4%A8%E5%B1%8B" n1="%6B%65%6E%31%31%30%34" n2="%E3%81%8B%E3%81%AB%E3%83%9E%E3%82%B8%E3%83%B3" n3="%E3%82%A6%E3%83%AB%E3%83%88%E3%83%A9%E7%AB%8B%E7%9B%B4" dan="16,17,19,17" rate="2054.21,2135.71,2275.13,2154.42" sx="M,M,M,M"/><TAIKYOKU oya="0"/><INIT seed="0,0,0,3,2,35" ten="250,250,250,250" oya="0" hai0="92,57,133,20,132,6,103,97,51,124,119,38,81" hai1="59,115,23,95,130,3,70,80,47,25,9,67,109" hai2="93,79,131,7,85,33,104,58,112,45,86,40,11" hai3="32,12,22,98,64,16,71,99,111,73,127,10,129"/><T55/><D124/><U126/><E109/><V63/><F104/><W60/><G127/><T1/><D119/><U128/><E70/><V113/><F33/><W56/><G111/><T76/><D38/><U15/><E126/><V123/><F123/><W36/><G129/><N who="1" m="49770" /><E115/><V46/><F86/><W102/><G32/><T61/><D20/><U34/><E34/><V89/><F79/><W106/><G73/><T78/><D51/><U43/><E80/><V26/><F26/><W96/><G36/><T27/><D27/><U100/><E59/><V18/><F18/><W134/><G134/><T117/><D117/><U44/><E67/><V4/><F4/><W14/><REACH who="3" step="1"/><G71/><REACH who="3" ten="250,250,250,240" step="2"/><T13/><D132/><U52/><E43/><V62/><F40/><W75/><G75/><T19/><D133/><U84/><E44/><V83/><F46/><W120/><G120/><T29/><D29/><U21/><E47/><V48/><F45/><W125/><G125/><T105/><D57/><U90/><E25/><V87/><F58/><W30/><G30/><T108/><D108/><U0/><E52/><V118/><F131/><W28/><G28/><T2/><D55/><U8/><E23/><V50/><F118/><W94/><G94/><T66/><D92/><U42/><E42/><V110/><F110/><W68/><G68/><T69/><D69/><U54/><E54/><V31/><F31/><W82/><G82/><T24/><D81/><U107/><E21/><V39/><F39/><W114/><G114/><T65/><D105/><U135/><E135/><V41/><F113/><W53/><G53/><RYUUKYOKU ba="0,1" sc="250,-10,250,-10,250,-10,240,30" hai3="10,12,14,16,22,56,60,64,96,98,99,102,106" /><INIT seed="1,1,1,5,5,133" ten="240,240,240,270" oya="1" hai0="96,117,44,68,1,0,64,100,88,3,9,72,93" hai1="21,42,67,76,119,122,124,66,54,128,62,109,126" hai2="20,32,58,108,61,118,103,17,57,30,39,116,83" hai3="97,74,127,91,14,45,70,131,123,69,41,48,120"/><U89/><E119/><V95/><F39/><N who="3" m="21695" /><G91/><T33/><D72/><U46/><E122/><N who="3" m="46634" /><G97/><T101/><D117/><U40/><E128/><V52/><F83/><W49/><G14/><T77/><D77/><U31/><E109/><V82/><F108/><W23/><G23/><T25/><D44/><U51/><E76/><V63/><F82/><W121/><G74/><T78/><D78/><U105/><E105/><V60/><F30/><W29/><G29/><T35/><D9/><U34/><E34/><V5/><F5/><W12/><G12/><T99/><D100/><U125/><E89/><V81/><F81/><W87/><G87/><T134/><D25/><N who="1" m="16815" /><E67/><N who="2" m="39311" /><F32/><W8/><G8/><T104/><D134/><U135/><E135/><V7/><F7/><W130/><N who="3" m="46642" /><W106/><DORA hai="114" /><G106/><T28/><REACH who="0" step="1"/><D28/><REACH who="0" ten="230,240,240,270" step="2"/><U53/><E40/><V79/><F79/><W36/><G131/><T129/><D129/><U38/><E38/><V80/><F116/><W18/><G36/><T10/><D10/><U26/><E26/><V86/><F118/><W112/><G130/><T92/><D92/><U111/><E111/><V15/><F95/><W11/><G11/><T90/><D90/><U55/><E42/><V102/><F102/><W37/><G37/><T65/><D65/><U56/><AGARI ba="1,2" hai="46,51,53,54,55,56,62,66,124,125,126" m="16815" machi="56" ten="30,11700,0" yaku="18,1,52,3" doraHai="133,114" who="1" fromWho="1" sc="230,-40,240,140,240,-40,270,-40" /><INIT seed="1,2,0,1,0,123" ten="190,380,200,230" oya="1" hai0="109,62,69,83,77,118,58,42,108,119,96,50,131" hai1="15,49,51,22,122,70,130,53,132,1,78,18,56" hai2="8,30,73,20,40,88,5,66,48,3,101,63,21" hai3="102,110,107,65,26,124,114,103,41,86,55,84,79"/><U121/><E130/><V46/><F73/><W135/><G41/><T87/><D131/><U64/><E132/><V92/><F101/><W89/><G65/><T117/><D69/><U100/><E1/><V68/><REACH who="2" step="1"/><F30/><REACH who="2" ten="190,380,190,230" step="2"/><W57/><G103/><T60/><D96/><AGARI ba="2,1" hai="3,5,8,20,21,40,46,48,63,66,68,88,92,96" machi="96" ten="30,8000,1" yaku="1,1,2,1,7,1,54,1,53,1" doraHai="123" doraHaiUra="32" who="2" fromWho="0" sc="190,-86,380,0,190,96,230,0" /><INIT seed="2,0,0,1,4,92" ten="104,380,286,230" oya="2" hai0="121,76,107,86,132,124,14,135,119,129,8,35,15" hai1="1,57,5,37,40,13,60,113,134,88,128,90,80" hai2="23,53,99,2,27,56,62,118,78,12,126,38,98" hai3="122,87,41,64,82,48,96,45,93,32,26,58,84"/><V74/><F2/><W54/><G122/><T55/><D121/><U36/><E113/><V104/><F118/><W17/><G64/><T68/><D35/><U67/><E1/><V24/><F38/><W29/><G17/><T19/><D119/><U25/><E134/><N who="0" m="51241" /><D129/><U94/><E128/><V52/><F104/><W31/><G31/><T3/><D3/><U77/><E25/><N who="2" m="9803" /><F74/><W39/><REACH who="3" step="1"/><G82/><REACH who="3" ten="104,380,286,220" step="2"/><T91/><D124/><U130/><E80/><V20/><F126/><W71/><G71/><T49/><D68/><U110/><E67/><N who="2" m="39367" /><F78/><W47/><G47/><T75/><D19/><U22/><E77/><V43/><F43/><W59/><G59/><T79/><D79/><U111/><E57/><V18/><F23/><W16/><G16/><T114/><D76/><U123/><E22/><V101/><F101/><AGARI ba="0,1" hai="26,29,32,39,41,45,48,54,58,84,87,93,96,101" machi="101" ten="30,7700,0" yaku="1,1,7,1,52,1,53,1" doraHai="92" doraHaiUra="42" who="3" fromWho="2" sc="104,0,380,0,286,-77,220,87" /><INIT seed="3,0,0,2,0,41" ten="104,380,209,307" oya="3" hai0="9,67,124,28,79,21,115,97,18,71,42,13,89" hai1="98,117,33,44,19,84,55,118,20,30,105,132,24" hai2="130,7,104,36,2,22,11,83,38,48,40,59,81" hai3="57,93,65,92,74,127,110,53,70,78,85,116,108"/><W91/><G116/><N who="1" m="44650" /><E132/><V1/><F104/><W129/><G129/><T128/><D128/><U61/><E84/><V37/><F130/><W88/><G127/><T12/><D124/><U69/><E69/><V121/><F121/><W120/><G120/><T133/><D133/><U66/><E66/><V56/><F1/><W126/><G126/><T17/><D115/><U113/><E113/><V6/><F6/><W134/><G134/><T60/><D42/><U47/><E61/><V107/><F107/><W100/><G100/><T94/><D79/><U16/><E55/><V99/><F99/><W54/><G70/><T111/><D111/><N who="3" m="42537" /><G74/><T131/><D131/><U87/><E87/><V68/><F68/><W46/><G78/><T52/><D28/><U34/><E19/><V112/><F112/><W119/><G119/><T122/><D122/><U86/><E86/><V14/><F59/><W5/><G5/><T4/><REACH who="0" step="1"/><D17/><REACH who="0" ten="94,380,209,307" step="2"/><U95/><E30/><V96/><F40/><W32/><G32/><N who="1" m="12394" /><E105/><V106/><F106/><W15/><G93/><T25/><D25/><U102/><AGARI ba="0,1" hai="16,20,24,44,47,95,98,102" m="12394,44650" machi="102" ten="30,7900,0" yaku="12,1,52,2,54,1" doraHai="41" who="1" fromWho="1" sc="94,-20,380,89,209,-20,307,-39" /><INIT seed="4,0,0,4,3,94" ten="74,469,189,268" oya="0" hai0="83,43,80,105,13,73,60,54,10,92,135,84,1" hai1="25,55,66,106,113,38,68,5,64,63,56,116,128" hai2="52,119,27,26,101,16,125,70,95,131,77,40,71" hai3="78,30,121,23,124,18,7,49,109,103,98,15,96"/><T114/><D105/><U126/><E116/><V33/><F119/><W127/><G109/><T69/><D1/><U97/><E38/><V86/><F40/><W134/><G134/><T46/><D135/><U67/><E5/><V88/><F125/><N who="3" m="48203" /><G121/><T120/><D120/><U99/><E126/><V61/><F131/><W57/><G78/><T14/><D114/><U87/><E128/><V9/><F77/><W65/><G30/><T93/><D73/><U108/><E68/><V117/><F117/><W35/><G35/><T12/><D10/><U107/><E113/><V11/><F33/><W31/><G31/><T118/><D118/><U81/><E108/><V51/><F70/><W2/><G103/><T50/><D69/><U4/><E4/><V41/><F101/><W91/><G91/><T32/><D32/><U42/><E42/><V62/><F41/><W53/><G65/><T133/><D133/><U85/><E87/><V79/><F79/><W132/><G132/><T29/><D29/><U89/><E25/><N who="2" m="9227" /><F71/><W8/><AGARI ba="0,0" hai="2,7,8,15,18,23,49,53,57,96,98" m="48203" machi="8" ten="30,4000,0" yaku="18,1,52,2" doraHai="94" who="3" fromWho="3" sc="74,-20,469,-10,189,-10,268,40" /><INIT seed="5,0,0,0,0,50" ten="54,459,179,308" oya="1" hai0="102,118,35,82,41,76,80,60,117,93,47,127,67" hai1="1,7,107,31,69,6,45,16,72,110,36,89,105" hai2="9,40,12,74,96,104,100,70,119,129,83,33,10" hai3="134,77,46,17,128,88,24,106,27,125,58,68,103"/><U53/><E69/><V73/><F119/><W21/><G68/><T130/><D130/><U126/><E72/><V43/><F33/><W55/><G77/><T124/><D80/><U111/><E31/><V14/><F70/><W114/><G128/><T95/><D35/><U62/><E126/><N who="0" m="48169" /><D47/><U15/><E36/><V52/><F129/><W51/><G125/><T121/><D60/><U84/><E107/><V115/><F115/><W133/><G114/><T38/><D38/><U79/><E79/><V131/><F131/><W97/><G27/><T120/><D67/><U122/><E105/><V26/><F26/><W91/><REACH who="3" step="1"/><G46/><REACH who="3" ten="54,459,179,298" step="2"/><T49/><D41/><U98/><E45/><V90/><F40/><W101/><G101/><T30/><D30/><U63/><E111/><V13/><F43/><W4/><G4/><T34/><D34/><U61/><E110/><V44/><F73/><W108/><G108/><T57/><D57/><U0/><E6/><V11/><F74/><W8/><G8/><T64/><D64/><U23/><E7/><V20/><F20/><W59/><G59/><T94/><D49/><U3/><E23/><V66/><F66/><W85/><G85/><N who="0" m="48327" /><D102/><U25/><E25/><V37/><F37/><W54/><G54/><T5/><D5/><U65/><E53/><V22/><F22/><W92/><G92/><N who="0" m="23555" /><T42/><DORA hai="71" /><D42/><U135/><E65/><V123/><F44/><W29/><G29/><T113/><D113/><U78/><E78/><V19/><F52/><W81/><G81/><T99/><D99/><U28/><E98/><V112/><F96/><RYUUKYOKU ba="0,1" sc="54,15,459,-15,179,-15,298,15" hai0="117,118,120,121" hai3="17,21,24,51,55,58,88,91,97,103,106,133,134" /><INIT seed="6,1,1,2,3,106" ten="69,444,164,313" oya="2" hai0="17,44,103,34,117,21,83,54,27,79,59,25,131" hai1="129,10,115,26,50,72,64,0,133,43,91,101,65" hai2="123,110,53,33,114,89,51,100,23,58,57,119,121" hai3="82,6,98,132,9,80,68,76,14,18,4,3,55"/><V63/><F33/><W105/><G68/><T88/><D131/><U69/><E72/><V45/><F100/><W30/><G132/><T28/><D117/><U22/><E129/><V90/><F119/><W16/><G30/><T109/><D109/><U39/><E39/><V135/><F135/><W97/><G105/><T15/><D103/><U60/><E115/><V42/><F114/><W77/><G55/><T41/><D41/><U111/><E111/><V67/><F110/><W35/><G35/><T1/><D1/><U75/><E75/><V113/><F113/><W62/><G62/><T52/><D88/><U95/><E65/><V118/><F118/><W5/><G3/><T87/><D44/><U128/><E101/><V7/><F7/><N who="3" m="3391" /><G76/><T78/><D78/><U56/><E128/><V11/><F11/><W24/><G77/><T36/><D36/><U74/><E74/><V12/><F123/><W104/><G104/><T19/><REACH who="0" step="1"/><D59/><REACH who="0" ten="59,444,164,313" step="2"/><U66/><E56/><V94/><F90/><W61/><G98/><T29/><D29/><U108/><E133/><V85/><F121/><W31/><G97/><T107/><D107/><U73/><E108/><V124/><F58/><W84/><G82/><T47/><D47/><U70/><E70/><V46/><F46/><W112/><G80/><T40/><D40/><U125/><E69/><V92/><F92/><W130/><G112/><T2/><D2/><U116/><E0/><V37/><F37/><W48/><G130/><T32/><D32/><U96/><E95/><N who="2" m="54703" /><F42/><W13/><G31/><T81/><D81/><U120/><E43/><RYUUKYOKU ba="1,2" sc="59,30,444,-10,164,-10,313,-10" hai0="15,17,19,21,25,27,28,34,52,54,79,83,87" /><INIT seed="7,2,2,3,0,87" ten="89,434,154,303" oya="3" hai0="73,19,41,97,117,123,42,118,110,122,112,70,53" hai1="14,125,115,119,0,105,63,80,77,66,18,61,52" hai2="71,31,113,124,34,135,2,84,8,65,120,78,37" hai3="92,21,107,127,55,82,129,126,128,96,130,13,132"/><W7/><G107/><T4/><D73/><U58/><E0/><V45/><F84/><W48/><G82/><T12/><D4/><U99/><E115/><V51/><F78/><W1/><G1/><T11/><D70/><U68/><E125/><N who="3" m="47626" /><G21/><T46/><D110/><U22/><E119/><V111/><F51/><W35/><G35/><T47/><D112/><U74/><E99/><V49/><F49/><W64/><G64/><T9/><D53/><U57/><E105/><V30/><F65/><W26/><G26/><T108/><D108/><U54/><E68/><V93/><F93/><W59/><G13/><T90/><D12/><U24/><E66/><V134/><F124/><W32/><G7/><T39/><D97/><U29/><E14/><V79/><F111/><W104/><G32/><T69/><D69/><U98/><E98/><V62/><F71/><W75/><G75/><T116/><D19/><AGARI ba="2,2" hai="18,19,22,24,29,52,54,57,58,61,63,74,77,80" machi="19" ten="40,2600,0" yaku="9,1,54,1" doraHai="87" who="1" fromWho="0" sc="89,-32,434,52,154,0,303,0" owari="57,-44.0,486,59.0,154,-25.0,303,10.0" /></mjloggm>