<mjloggm ver="2.3"><GO type="169" lobby="0"/><UN n0="%E6%8E%A8%E7%A9%BA%EF%BC%B0" n1="%73%65%74%73%75%2E%31%35" n2="%3A%44%75%63%61%3A" n3="%E5%B0%B1%E6%B4%BB%E7%94%9F%40%E5%B7%9D%E6%9D%91%E8%BB%8D%E5%9B%A3" dan="17,16,16,18" rate="2181.71,2129.49,2022.61,2281.40" sx="F,M,M,M"/><TAIKYOKU oya="0"/><INIT seed="0,0,0,2,0,6" ten="250,250,250,250" oya="0" hai0="85,135,39,34,114,56,51,62,38,47,126,88,120" hai1="17,2,107,14,30,20,32,64,71,115,46,111,44" hai2="45,124,108,16,12,106,81,25,57,80,4,89,99" hai3="53,110,48,3,28,63,40,9,133,26,11,27,119"/><T72/><D72/><U24/><E111/><V66/><F108/><W123/><G119/><T117/><D120/><U93/><E115/><V121/><F121/><W36/><G110/><T22/><D117/><U52/><E107/><V55/><F124/><W61/><G3/><T29/><D34/><U116/><E116/><V15/><F25/><W19/><G36/><T102/><D114/><U31/><E30/><V100/><F66/><W128/><G40/><T131/><D126/><U101/><E2/><V54/><F45/><W97/><G128/><T104/><D131/><U42/><E42/><V41/><F41/><W118/><G133/><T91/><D135/><U35/><E35/><V87/><F80/><W98/><G118/><T125/><D125/><U8/><E32/><V74/><F74/><W1/><G1/><T96/><D91/><U37/><E37/><V86/><F86/><W68/><G19/><T134/><D134/><U13/><E13/><V67/><F12/><W58/><G68/><T109/><D109/><U90/><E101/><V112/><F4/><W127/><G127/><T65/><D29/><U95/><E64/><V10/><REACH who="2" step="1"/><F112/><REACH who="2" ten="250,250,240,250" step="2"/><W77/><G123/><T76/><D76/><U105/><E46/><V50/><F50/><W82/><G82/><N who="0" m="49207" /><D51/><N who="1" m="28775" /><E71/><V122/><F122/><W59/><G77/><T18/><D47/><U43/><E43/><V21/><F21/><N who="3" m="15439" /><G48/><T103/><D39/><U60/><E60/><AGARI ba="0,1" hai="10,15,16,54,55,57,60,67,81,87,89,99,100,106" machi="60" ten="40,8000,1" yaku="1,1,52,1,54,1,53,1" doraHai="6" doraHaiUra="79" who="2" fromWho="1" sc="250,0,250,-80,240,90,250,0" /><INIT seed="1,0,0,1,0,109" ten="250,170,330,250" oya="1" hai0="77,56,76,13,41,90,21,23,103,135,36,40,84" hai1="91,89,10,9,134,79,52,50,133,99,64,31,11" hai2="65,18,92,55,63,116,43,120,44,107,7,70,28" hai3="37,93,62,72,25,48,14,100,75,33,34,29,114"/><U68/><E79/><V67/><F107/><W45/><G34/><T81/><D135/><N who="1" m="51723" /><E31/><V87/><F116/><W113/><G37/><T46/><D103/><U12/><E12/><V6/><F120/><W47/><G62/><T30/><D41/><U0/><E0/><V35/><F65/><W132/><G132/><T95/><D56/><N who="1" m="32791" /><E99/><V127/><F127/><W123/><G123/><T1/><D1/><U61/><AGARI ba="0,0" hai="9,10,11,61,64,68,89,91" m="32791,51723" machi="61" ten="40,3900,0" yaku="20,1,54,1" doraHai="109" who="1" fromWho="1" sc="250,-13,170,39,330,-13,250,-13" /><INIT seed="1,1,0,5,0,124" ten="237,209,317,237" oya="1" hai0="5,21,22,36,104,107,105,29,74,56,128,66,65" hai1="114,133,87,26,64,98,80,55,47,85,69,33,45" hai2="39,31,10,7,95,125,123,40,11,24,18,90,50" hai3="82,30,1,129,72,62,131,42,9,126,102,79,43"/><U78/><E114/><V106/><F106/><W130/><G126/><T89/><D36/><U94/><E133/><V14/><F125/><W49/><G30/><T81/><D5/><U54/><E69/><V73/><F73/><W8/><G102/><T12/><D74/><U52/><E64/><V57/><F123/><W108/><G108/><T71/><D71/><U51/><E85/><V4/><F39/><W120/><G120/><T17/><D128/><U68/><E68/><V0/><F18/><W122/><G122/><T41/><D41/><N who="3" m="15369" /><G1/><T19/><D29/><U118/><E118/><V77/><F77/><W25/><G25/><T13/><D56/><U35/><E26/><V60/><F40/><W93/><G93/><T44/><D44/><U67/><E67/><V119/><F50/><W59/><G49/><T84/><AGARI ba="1,0" hai="12,13,17,19,21,22,65,66,81,84,89,104,105,107" machi="84" ten="40,2700,0" yaku="0,1,9,1" doraHai="124" who="0" fromWho="0" sc="237,30,209,-14,317,-8,237,-8" /><INIT seed="2,0,0,1,4,122" ten="267,195,309,229" oya="2" hai0="119,27,57,116,3,95,128,132,38,71,86,96,108" hai1="87,15,33,17,31,127,36,24,88,64,28,74,55" hai2="76,2,100,91,69,56,20,44,103,6,39,109,89" hai3="19,61,105,50,134,63,47,117,115,62,4,110,118"/><V68/><F76/><W121/><G105/><T78/><D71/><U131/><E74/><V10/><F109/><W84/><G4/><T106/><D38/><U16/><E131/><V43/><F56/><W70/><G121/><T5/><D128/><U42/><E127/><V126/><F126/><W14/><G70/><T0/><D106/><U94/><E64/><V40/><F40/><W37/><G37/><T21/><D132/><U45/><E31/><V83/><F68/><W79/><G134/><T46/><D46/><U9/><REACH who="1" step="1"/><E55/><REACH who="1" ten="267,185,309,229" step="2"/><V72/><F69/><W66/><G66/><T49/><D119/><U30/><E30/><V102/><F72/><W13/><G117/><T8/><D116/><U135/><E135/><V125/><F125/><W80/><G118/><T35/><D35/><U11/><E11/><V113/><F113/><W112/><G112/><T1/><D8/><U41/><E41/><V26/><REACH who="2" step="1"/><F83/><REACH who="2" ten="267,185,299,229" step="2"/><W77/><G80/><T51/><D57/><U93/><E93/><V120/><F120/><W111/><G115/><T107/><D95/><U124/><E124/><V85/><F85/><W22/><G84/><T52/><D86/><U59/><E59/><V29/><AGARI ba="0,2" hai="2,6,10,20,26,29,39,43,44,89,91,100,102,103" machi="29" ten="30,6000,0" yaku="1,1,0,1,53,1" doraHai="122" doraHaiUra="23" who="2" fromWho="2" sc="267,-20,185,-20,299,80,229,-20" /><INIT seed="2,1,0,1,2,55" ten="247,165,379,209" oya="2" hai0="15,77,25,106,57,28,81,9,42,112,75,64,62" hai1="0,70,38,126,85,82,53,117,123,127,72,130,99" hai2="105,98,66,44,34,113,120,69,11,68,131,35,32" hai3="6,14,58,111,133,97,3,19,51,89,135,23,54"/><V39/><F113/><W119/><G119/><T50/><D112/><U7/><E117/><V79/><F120/><W73/><G73/><T71/><D106/><U27/><E123/><V17/><F131/><W61/><G111/><T47/><D71/><U90/><E130/><V21/><F79/><W45/><G3/><T83/><D81/><U37/><E70/><V40/><F11/><W95/><REACH who="3" step="1"/><G6/><REACH who="3" ten="247,165,379,199" step="2"/><T74/><D74/><U65/><E7/><V121/><F121/><W63/><G63/><T100/><D100/><U12/><E0/><V1/><F1/><W8/><G8/><T52/><D9/><U92/><E127/><V60/><F68/><W91/><G91/><T94/><D15/><U43/><E72/><V76/><F76/><W36/><G36/><T88/><D25/><U115/><E126/><V31/><F31/><W86/><G86/><T16/><D28/><U93/><E115/><V114/><F114/><W132/><G132/><T96/><REACH who="0" step="1"/><D16/><REACH who="0" ten="237,165,379,199" step="2"/><U22/><E12/><V49/><F17/><W24/><G24/><T56/><D56/><U30/><E27/><V104/><F69/><W124/><G124/><T134/><D134/><U10/><E30/><V41/><F34/><W48/><G48/><T67/><AGARI ba="1,2" hai="42,47,50,52,57,62,64,67,75,77,83,88,94,96" machi="67" ten="30,8000,1" yaku="1,1,0,1,52,1,54,2,53,0" doraHai="55" doraHaiUra="26" who="0" fromWho="0" sc="237,103,165,-21,379,-41,199,-21" /><INIT seed="3,0,0,2,3,49" ten="340,144,338,178" oya="3" hai0="65,110,71,32,43,122,10,5,2,20,119,74,83" hai1="113,13,81,33,26,86,72,53,130,8,6,62,78" hai2="47,63,54,70,7,27,68,67,100,116,69,91,89" hai3="1,98,35,121,31,107,24,92,28,73,77,90,84"/><W123/><G1/><T38/><D122/><U132/><E113/><V124/><F100/><W4/><G4/><T22/><D119/><U66/><E132/><V18/><F116/><W117/><G31/><T21/><D32/><U111/><E111/><V88/><F124/><W42/><G117/><T125/><D125/><U128/><E33/><V12/><F7/><W50/><G42/><T64/><D110/><U131/><E26/><V80/><F27/><W45/><G73/><T93/><D93/><U44/><E72/><V57/><F47/><W9/><G9/><T79/><D71/><U134/><E134/><V48/><REACH who="2" step="1"/><F80/><REACH who="2" ten="340,144,328,178" step="2"/><W133/><G133/><T75/><D74/><U127/><E127/><V115/><F115/><W17/><G107/><T106/><D106/><U39/><E44/><AGARI ba="0,1" hai="2,5,10,20,21,22,38,43,44,64,65,75,79,83" machi="44" ten="40,2600,0" yaku="25,2" doraHai="49" who="0" fromWho="1" sc="340,36,144,-26,328,0,178,0" /><INIT seed="4,0,0,1,3,47" ten="376,118,328,178" oya="0" hai0="102,56,86,67,30,97,50,108,41,109,32,18,27" hai1="23,79,84,57,101,128,96,65,4,31,28,6,37" hai2="19,100,53,69,94,73,21,119,5,122,118,121,52" hai3="110,74,88,15,38,24,80,99,135,55,120,129,59"/><T44/><D18/><U8/><E37/><V76/><F69/><W25/><G38/><T43/><D86/><U113/><E128/><V89/><F5/><W82/><G110/><N who="0" m="42603" /><D67/><U93/><E113/><V62/><F100/><W49/><G129/><T7/><D56/><U35/><E35/><V87/><F76/><W131/><G135/><T13/><D13/><U14/><E4/><V115/><F73/><W107/><G74/><T51/><D7/><U66/><E23/><V9/><F9/><W61/><G120/><N who="2" m="46185" /><F62/><W75/><G75/><T16/><D16/><U20/><E20/><V77/><F77/><W112/><G112/><T78/><D78/><U98/><E98/><V33/><F33/><W10/><G131/><T127/><D127/><U42/><E65/><V81/><F115/><W0/><G61/><T64/><D64/><U132/><E132/><V58/><F58/><W125/><G125/><T26/><D26/><U114/><E114/><V34/><F34/><W85/><G80/><T22/><D32/><U105/><E66/><V117/><F81/><W12/><G12/><AGARI ba="0,0" hai="12,19,21,52,53,87,89,94,117,118,119" m="46185" machi="12" ten="40,2600,0" yaku="12,1,54,1" doraHai="47" who="2" fromWho="3" sc="376,0,118,0,328,26,178,-26" /><INIT seed="5,0,0,1,2,17" ten="376,118,354,152" oya="1" hai0="82,24,10,15,9,98,131,43,104,20,76,99,108" hai1="125,75,83,38,109,126,132,124,81,107,1,6,34" hai2="133,100,93,89,41,77,61,117,23,113,21,70,59" hai3="92,3,42,67,27,102,121,58,135,51,5,28,4"/><U110/><E132/><V105/><F117/><W60/><G135/><T72/><D108/><N who="1" m="41579" /><E38/><V31/><F70/><W120/><G3/><T13/><D131/><U44/><E34/><V14/><F133/><W47/><G120/><T2/><D2/><U46/><E107/><V101/><F77/><W37/><G37/><T87/><D72/><U69/><E69/><V111/><F111/><W56/><G58/><T25/><D43/><U45/><E75/><V26/><F41/><W115/><G115/><T106/><D76/><U91/><E91/><V86/><F113/><W16/><G121/><T11/><D82/><N who="1" m="31243" /><E1/><V0/><F0/><W78/><G78/><T7/><D87/><U32/><E32/><V116/><F105/><W63/><G63/><T66/><D106/><U68/><E68/><V49/><F49/><W123/><G123/><T103/><D99/><U127/><E125/><V122/><F122/><W90/><G28/><T29/><D25/><U39/><E39/><V52/><F116/><W33/><G102/><T79/><D79/><U22/><E6/><V73/><F73/><W50/><G50/><T40/><D40/><U112/><E112/><V97/><F97/><N who="3" m="57495" /><G33/><T19/><D9/><U94/><E94/><V35/><F35/><W118/><G118/><T65/><AGARI ba="0,0" hai="7,10,11,13,15,19,20,24,29,65,66,98,103,104" machi="65" ten="30,2000,0" yaku="0,1,52,1" doraHai="17" who="0" fromWho="0" sc="376,20,118,-10,354,-5,152,-5" /><INIT seed="6,0,0,0,5,46" ten="396,108,349,147" oya="2" hai0="3,117,38,2,90,47,61,24,12,100,25,109,8" hai1="19,71,29,66,128,124,51,134,70,126,35,89,135" hai2="104,92,40,84,98,77,1,23,57,106,18,82,113" hai3="11,44,131,97,75,34,39,10,115,28,5,62,87"/><V0/><F113/><W41/><G131/><T81/><D109/><U130/><E66/><V123/><F123/><W30/><G34/><T26/><D100/><U73/><E73/><V72/><F40/><W85/><G75/><T88/><D117/><U120/><E120/><V65/><F72/><W114/><G97/><T116/><D116/><U31/><E19/><V91/><F0/><W95/><G62/><T121/><D121/><U105/><E105/><V55/><F1/><W86/><G95/><T118/><D118/><U45/><E89/><V32/><F65/><W60/><G60/><T96/><D3/><U53/><E35/><V52/><F32/><W111/><G111/><T129/><D2/><U76/><E76/><V119/><F119/><W50/><G39/><T122/><D122/><U133/><E29/><N who="3" m="11370" /><G5/><T33/><D33/><U132/><N who="1" m="33792" /><DORA hai="49" /><U103/><E103/><V68/><F68/><N who="1" m="26153" /><E31/><V36/><F36/><W63/><G115/><T93/><D129/><AGARI ba="0,0" hai="45,51,53,124,126,128,129,130" m="26153,33792" machi="129" ten="70,16000,3" yaku="30,2,19,1,20,1,34,2,52,2" doraHai="46,49" who="1" fromWho="0" sc="396,-160,108,160,349,0,147,0" /><INIT seed="7,0,0,4,4,4" ten="236,268,349,147" oya="3" hai0="108,122,47,68,58,89,62,88,97,7,1,126,48" hai1="132,10,115,28,45,135,52,32,111,107,100,118,13" hai2="117,95,99,33,34,71,120,16,123,12,113,27,38" hai3="96,82,76,116,77,102,84,133,59,5,30,21,55"/><W53/><G116/><T94/><D122/><N who="2" m="46634" /><F113/><W35/><G35/><T17/><D108/><U70/><E52/><V65/><F38/><W41/><G133/><T98/><D68/><U25/><E13/><V2/><F2/><W15/><G41/><T51/><D126/><U22/><E22/><N who="2" m="11527" /><F117/><W83/><G30/><T6/><D17/><U105/><E45/><V37/><F37/><W39/><G39/><T112/><D112/><U125/><E10/><V19/><F19/><W50/><G55/><T24/><D24/><U121/><E100/><N who="2" m="60543" /><F27/><W8/><G21/><T67/><D1/><U64/><E64/><V109/><F109/><W130/><G130/><T54/><D51/><U129/><E135/><V31/><F31/><W78/><REACH who="3" step="1"/><G82/><REACH who="3" ten="236,268,349,137" step="2"/><T134/><D134/><U40/><E40/><V91/><F34/><W20/><G20/><T72/><D72/><U124/><E32/><V131/><F33/><W44/><G44/><T18/><D18/><U80/><E129/><V81/><F131/><W110/><G110/><T74/><D74/><U119/><E132/><V79/><F81/><W36/><G36/><T11/><D11/><U69/><E111/><V46/><F46/><W60/><G60/><T103/><D103/><U86/><E80/><V56/><F65/><W66/><G66/><T14/><D14/><U87/><E28/><V114/><F114/><W61/><G61/><T42/><D67/><U23/><E23/><V26/><F26/><W73/><G73/><T75/><D75/><U104/><E115/><V3/><F3/><W101/><G101/><T57/><D58/><RYUUKYOKU ba="0,1" sc="236,15,268,-15,349,-15,137,15" hai0="6,7,42,47,48,54,57,62,88,89,94,97,98" hai3="5,8,15,50,53,59,76,77,78,83,84,96,102" /><INIT seed="7,1,1,2,2,89" ten="251,253,334,152" oya="3" hai0="116,93,97,81,5,134,52,125,33,55,49,106,83" hai1="13,59,73,4,71,78,42,96,66,104,45,94,43" hai2="107,19,9,58,40,100,75,128,50,119,76,82,88" hai3="23,38,28,72,102,103,15,8,25,2,85,122,112"/><W18/><G122/><T12/><D116/><U35/><E104/><V130/><F119/><W16/><G72/><T51/><D33/><U79/><E35/><V32/><F32/><W30/><G38/><T46/><D106/><U1/><E71/><V131/><F107/><W132/><G132/><T124/><D134/><U0/><E1/><V115/><F115/><W10/><G112/><T62/><D62/><N who="1" m="38239" /><E0/><V11/><F100/><N who="3" m="38443" /><G2/><T91/><D125/><U29/><E29/><N who="3" m="11370" /><G85/><T20/><D124/><U123/><E123/><V3/><F3/><W47/><G47/><N who="0" m="27711" /><D5/><U41/><E45/><N who="2" m="25895" /><F19/><AGARI ba="1,1" hai="12,19,20,46,51,55,81,83,91,93,97" m="27711" machi="19" ten="30,3900,0" yaku="8,1,52,1,54,1" doraHai="89" who="0" fromWho="2" sc="251,52,253,0,334,-42,152,0" owari="303,41.0,253,-15.0,292,9.0,152,-35.0" /></mjloggm>