<mjloggm ver="2.3"><GO type="169" lobby="0"/><UN n0="%74%6F%6E%6E%75%72%61" n1="%E3%82%A6%E3%83%AB%E3%83%88%E3%83%A9%E7%AB%8B%E7%9B%B4" n2="%39%39%39" n3="%E3%82%B8%E3%83%A3%E3%82%B9%E3%82%BF%E3%82%A6%E3%82%A7%E3%82%A4" dan="17,18,16,17" rate="2105.45,2235.91,2030.36,2229.67" sx="M,M,F,M"/><TAIKYOKU oya="0"/><INIT seed="0,0,0,3,1,121" ten="250,250,250,250" oya="0" hai0="113,28,83,8,19,16,31,62,27,93,86,53,49" hai1="54,4,120,14,70,18,117,127,24,90,36,48,101" hai2="33,42,107,96,133,39,12,37,7,50,78,55,44" hai3="65,87,68,43,9,126,95,64,122,3,129,23,76"/><T25/><D113/><U57/><E120/><V106/><F33/><W59/><G122/><T56/><D93/><U15/><E117/><V67/><F133/><W41/><G68/><T58/><D27/><U61/><E127/><V118/><F118/><W131/><G126/><T45/><D58/><U63/><E36/><V75/><F67/><W128/><G23/><T110/><D110/><U102/><E70/><V1/><F1/><W51/><G9/><T134/><D134/><U105/><E105/><V47/><F96/><W2/><G95/><T103/><D103/><N who="1" m="39435" /><E90/><V91/><F91/><W115/><G76/><T84/><D84/><U66/><E4/><V52/><F37/><W26/><G87/><T34/><D28/><U124/><E124/><V74/><F55/><W10/><G115/><T114/><D8/><U104/><E104/><V94/><F94/><W97/><G97/><T5/><D5/><U30/><E30/><V0/><F12/><N who="1" m="4649" /><E66/><N who="3" m="25706" /><G10/><T125/><D125/><U81/><E81/><N who="2" m="45271" /><F75/><W119/><G119/><T100/><D100/><U135/><E135/><V40/><F40/><N who="3" m="15435" /><G26/><T21/><D34/><U109/><E109/><V108/><F108/><W80/><G80/><T82/><D114/><U116/><E116/><V77/><F77/><W88/><G88/><N who="0" m="51287" /><D83/><U132/><E132/><V13/><F0/><W111/><G111/><T32/><D32/><U130/><E130/><V79/><F79/><W46/><G2/><T73/><D73/><U72/><E72/><V98/><F98/><W38/><G38/><T29/><D29/><U17/><E24/><V6/><F6/><RYUUKYOKU ba="0,0" sc="250,10,250,10,250,10,250,-30" hai0="16,19,21,25,31,45,49,53,56,62" hai1="17,18,48,54,57,61,63" hai2="7,13,39,42,44,47,50,52,106,107" /><INIT seed="0,1,0,4,3,101" ten="260,260,260,220" oya="0" hai0="97,92,119,98,8,121,41,45,126,106,91,108,11" hai1="77,127,129,95,93,24,71,59,73,70,54,53,22" hai2="35,56,61,50,23,96,31,62,115,69,111,42,46" hai3="20,36,132,66,114,14,82,63,21,33,124,15,5"/><T29/><D121/><U65/><E65/><V85/><F111/><W37/><G114/><T81/><D119/><U116/><E116/><V123/><F123/><W135/><G33/><T104/><D29/><U30/><E129/><V1/><F115/><W117/><G117/><T64/><D108/><U118/><E118/><V84/><F35/><W113/><G113/><T16/><D16/><U72/><E127/><V94/><F1/><W107/><G82/><T80/><D126/><U39/><E39/><V26/><F69/><W105/><G63/><T13/><D64/><U87/><E95/><V34/><F34/><W27/><G66/><T103/><D106/><U75/><E54/><N who="2" m="33943" /><F62/><W76/><G124/><T131/><D131/><U47/><E47/><V86/><F86/><W128/><G128/><T0/><D0/><U38/><E38/><V40/><F40/><W60/><G60/><T58/><D58/><U6/><E75/><V79/><F79/><W9/><G76/><T10/><REACH who="0" step="1"/><D13/><REACH who="0" ten="250,260,260,220" step="2"/><U52/><E59/><V32/><F32/><W7/><G9/><T83/><D83/><U120/><E120/><V100/><AGARI ba="1,1" hai="23,26,31,42,46,50,84,85,94,96,100" m="33943" machi="100" ten="30,1100,0" yaku="8,1" doraHai="101" who="2" fromWho="2" sc="250,-6,260,-4,260,24,220,-4" /><INIT seed="1,0,0,2,3,101" ten="244,256,284,216" oya="1" hai0="45,34,15,118,10,125,95,74,99,62,88,55,49" hai1="70,24,3,90,111,44,86,2,83,54,25,27,39" hai2="87,97,35,40,53,112,30,135,126,5,12,75,16" hai3="4,103,60,18,31,133,0,72,71,100,36,65,17"/><U14/><E70/><V78/><F75/><W59/><G133/><T105/><D118/><U104/><E111/><V92/><F135/><W89/><G36/><T120/><D120/><U69/><E69/><V37/><F126/><W21/><G72/><T127/><D34/><U41/><E104/><V116/><F5/><W132/><G132/><T58/><D74/><U57/><REACH who="1" step="1"/><E14/><REACH who="1" ten="244,246,284,216" step="2"/><V108/><F12/><W51/><G71/><T84/><D105/><U80/><E80/><V122/><F108/><W42/><G0/><T77/><D127/><U76/><E76/><V8/><F122/><W107/><G107/><T47/><D125/><U67/><E67/><V106/><F106/><W63/><G65/><T121/><D121/><U113/><E113/><V52/><F112/><W7/><G103/><T61/><D77/><U91/><E91/><V66/><F78/><W131/><G100/><T11/><D15/><U50/><AGARI ba="0,1" hai="2,3,24,25,27,39,41,44,50,54,57,83,86,90" machi="50" ten="30,3000,0" yaku="1,1,0,1,53,0" doraHai="101" doraHaiUra="115" who="1" fromWho="1" sc="244,-10,246,40,284,-10,216,-10" /><INIT seed="1,1,0,4,1,110" ten="234,286,274,206" oya="1" hai0="126,9,108,79,129,69,89,132,44,123,1,94,21" hai1="5,131,134,61,60,107,63,57,135,49,75,99,100" hai2="7,93,43,17,91,104,97,15,71,54,119,74,14" hai3="120,34,130,86,20,2,25,18,40,37,121,70,33"/><U128/><E75/><V87/><F119/><W0/><G70/><T118/><D69/><U114/><E5/><V39/><F74/><W84/><G40/><T55/><D108/><U65/><E114/><V23/><F71/><W16/><G37/><T88/><D118/><U116/><E116/><V72/><F72/><W111/><G111/><T81/><D123/><N who="3" m="47177" /><G86/><T30/><D132/><N who="1" m="50731" /><E49/><V98/><F104/><W4/><G84/><T117/><D117/><U96/><E96/><V82/><F39/><W133/><G133/><T127/><D129/><AGARI ba="1,0" hai="57,60,61,63,65,99,100,107,128,129,131" m="50731" machi="129" ten="30,2900,0" yaku="19,1,20,1" doraHai="110" who="1" fromWho="0" sc="234,-32,286,32,274,0,206,0" /><INIT seed="1,2,0,0,4,24" ten="202,318,274,206" oya="1" hai0="88,59,90,35,98,86,99,10,100,134,57,7,84" hai1="83,91,93,107,63,5,41,113,89,20,36,33,48" hai2="71,92,104,103,22,81,34,23,111,16,11,76,42" hai3="135,29,101,69,110,12,1,115,26,73,2,112,94"/><U27/><E107/><V96/><F111/><W39/><G110/><T80/><D35/><U50/><E33/><V97/><F34/><W38/><G69/><T118/><D118/><U120/><E113/><V109/><F71/><W129/><G73/><T82/><D134/><U56/><E120/><V70/><F109/><W106/><G12/><T30/><D30/><N who="1" m="17767" /><E36/><V95/><F70/><W85/><G129/><T25/><D25/><U62/><E5/><V66/><F66/><W121/><G135/><T17/><D17/><U61/><E41/><V87/><F42/><W67/><G121/><T4/><REACH who="0" step="1"/><D10/><REACH who="0" ten="192,318,274,206" step="2"/><U46/><E46/><V119/><F119/><W31/><G115/><T117/><D117/><U124/><E124/><V75/><F11/><W123/><G112/><T125/><D125/><U132/><E132/><V77/><F16/><W114/><G114/><T19/><D19/><U37/><E37/><V58/><F22/><W64/><G123/><T44/><D44/><U52/><E48/><V14/><F23/><W126/><G126/><T65/><D65/><U79/><E93/><V40/><F95/><W128/><G39/><T130/><D130/><U18/><E18/><V72/><F92/><W105/><G38/><T55/><D55/><U8/><E8/><V3/><F104/><W32/><G128/><T51/><D51/><U54/><E54/><V78/><F40/><W0/><G31/><T43/><D43/><U60/><E50/><V28/><F28/><W133/><G133/><T49/><D49/><U116/><E116/><V47/><F47/><W21/><G106/><RYUUKYOKU ba="2,1" sc="192,15,318,15,274,-15,206,-15" hai0="4,7,57,59,80,82,84,86,88,90,98,99,100" hai1="52,56,60,61,62,63,79,83,89,91" /><INIT seed="1,3,1,2,5,10" ten="207,333,259,191" oya="1" hai0="68,134,9,5,103,45,99,67,56,76,126,39,70" hai1="59,82,22,23,69,58,7,121,8,91,98,60,37" hai2="46,41,85,32,93,84,42,3,100,118,72,65,2" hai3="18,106,29,122,133,26,50,102,14,80,124,21,31"/><U116/><E37/><V13/><F118/><W89/><G122/><T129/><D129/><U71/><E116/><V78/><F32/><W109/><G109/><T130/><D130/><U86/><E121/><V75/><F65/><W0/><G0/><T107/><D76/><U15/><E59/><V66/><F66/><W27/><G133/><T28/><D134/><U135/><E135/><V55/><F55/><W53/><G124/><T61/><D28/><N who="3" m="10825" /><G102/><T117/><D117/><U83/><E83/><V105/><F105/><W4/><G4/><T119/><D119/><U115/><E115/><V132/><F132/><W104/><G104/><T1/><D56/><U92/><E71/><V113/><F113/><W87/><G106/><T74/><D70/><U120/><E69/><V96/><F78/><W30/><N who="3" m="10833" /><W40/><DORA hai="51" /><G40/><T11/><D11/><U114/><E114/><V19/><F2/><W62/><G62/><T38/><D126/><U97/><E120/><V63/><F3/><W125/><G125/><T25/><D39/><U111/><E111/><V112/><F63/><W49/><G49/><T110/><D110/><U128/><E128/><V54/><F112/><W57/><AGARI ba="3,1" hai="14,18,21,26,27,50,53,57,80,87,89" m="10833" machi="57" ten="30,4000,0" yaku="8,1,52,2" doraHai="10,51" who="3" fromWho="3" sc="207,-13,333,-23,259,-13,191,59" /><INIT seed="2,0,0,4,1,11" ten="194,310,246,250" oya="2" hai0="2,10,120,7,57,131,52,83,115,101,127,12,122" hai1="0,61,90,70,76,125,71,34,68,98,51,29,60" hai2="56,21,38,53,14,107,31,119,111,32,37,26,81" hai3="100,4,39,3,45,89,102,36,109,1,82,25,114"/><V93/><F119/><W44/><G25/><T112/><D131/><U77/><E0/><V94/><F107/><W113/><G82/><T103/><D127/><U41/><E125/><V121/><F121/><W55/><G4/><T33/><D33/><U126/><E126/><V30/><F111/><W50/><G89/><T22/><D122/><U130/><E130/><V42/><F81/><W28/><G28/><T110/><D110/><U8/><E41/><V88/><F42/><W27/><G27/><T49/><D120/><U65/><E51/><V69/><F69/><W118/><G118/><T63/><D83/><U13/><E29/><V79/><F79/><W91/><G91/><T97/><D103/><U59/><E61/><V5/><F31/><W80/><G80/><T95/><REACH who="0" step="1"/><D63/><REACH who="0" ten="184,310,246,250" step="2"/><U129/><E34/><V58/><F32/><W6/><G109/><T124/><D124/><U64/><E129/><V134/><F134/><W104/><G102/><T106/><D106/><U72/><E60/><V43/><F94/><W132/><G100/><T18/><AGARI ba="0,1" hai="2,7,10,12,18,22,49,52,57,95,97,101,112,115" machi="18" ten="30,8000,1" yaku="1,1,0,1,52,1,54,1,53,1" doraHai="11" doraHaiUra="54" who="0" fromWho="0" sc="184,90,310,-20,246,-40,250,-20" /><INIT seed="3,0,0,0,5,95" ten="274,290,206,230" oya="3" hai0="30,15,63,83,112,34,58,124,55,72,117,82,61" hai1="43,11,62,59,22,97,127,66,91,84,80,126,45" hai2="0,16,103,2,71,123,6,9,12,104,57,33,52" hai3="76,29,32,44,47,75,23,93,106,17,105,110,7"/><W101/><G7/><T10/><D117/><U122/><E122/><V31/><F71/><W111/><G29/><T5/><D124/><U1/><E22/><V98/><F123/><W41/><G32/><T116/><D116/><U51/><E1/><V19/><F19/><W35/><G35/><T113/><D63/><U78/><E11/><V60/><REACH who="2" step="1"/><F6/><REACH who="2" ten="274,290,196,230" step="2"/><W85/><G75/><T65/><D72/><U8/><E8/><V120/><F120/><W129/><G129/><T14/><D113/><U114/><E114/><V81/><F81/><N who="3" m="47271" /><G105/><T40/><D83/><U87/><E127/><V38/><F38/><W108/><G106/><T99/><D82/><N who="1" m="49655" /><E126/><V48/><F48/><W70/><G70/><T3/><D112/><U25/><E51/><V69/><F69/><W53/><G41/><T89/><D40/><U26/><E43/><V77/><F77/><W96/><G53/><T54/><D55/><U50/><E78/><V68/><F68/><W109/><G109/><T28/><D54/><U118/><E118/><V132/><F132/><W128/><G128/><T56/><D30/><U92/><E80/><V42/><F42/><W24/><AGARI ba="0,1" hai="17,23,24,44,47,93,96,101,108,110,111" m="47271" machi="24" ten="30,6000,0" yaku="14,1,10,1,52,1" doraHai="95" who="3" fromWho="3" sc="274,-20,290,-20,196,-20,230,70" /><INIT seed="3,1,0,5,4,98" ten="254,270,176,300" oya="3" hai0="78,4,53,86,47,58,79,1,14,127,49,111,45" hai1="50,118,11,129,109,123,19,57,61,18,132,126,23" hai2="74,130,71,10,69,2,13,28,32,125,134,72,112" hai3="12,99,7,44,43,122,114,64,66,60,62,124,36"/><W81/><G114/><T56/><D1/><U80/><E123/><V6/><F112/><W52/><G122/><T16/><D111/><U115/><E115/><V75/><F134/><W65/><G124/><T92/><D4/><U20/><E129/><V82/><F125/><W133/><G133/><T93/><D127/><U105/><E105/><V117/><F117/><W30/><G30/><T48/><D86/><U8/><E126/><V110/><F130/><W55/><G81/><T101/><D101/><U135/><E109/><V88/><F110/><W104/><G12/><T106/><D106/><U21/><E118/><V38/><F88/><W119/><G7/><T90/><D90/><U120/><E120/><V131/><F131/><W59/><G99/><T41/><D58/><U40/><E80/><V22/><F38/><W77/><G77/><N who="0" m="29195" /><D56/><U33/><E33/><V39/><F39/><W67/><G104/><T31/><D31/><U54/><E135/><V76/><F22/><AGARI ba="1,0" hai="14,16,22,41,45,47,48,49,53,92,93" m="29195" machi="22" ten="30,2000,0" yaku="8,1,54,1" doraHai="98" who="0" fromWho="2" sc="254,23,270,0,176,-23,300,0" /><INIT seed="4,0,0,1,5,105" ten="277,270,153,300" oya="0" hai0="109,42,22,93,102,128,34,50,24,126,66,95,96" hai1="21,97,104,99,115,51,10,103,107,62,53,13,44" hai2="26,46,58,35,79,37,72,20,106,84,113,110,101" hai3="86,61,117,25,31,123,57,40,108,81,121,94,63"/><T88/><D34/><U92/><E115/><V28/><F110/><W87/><G108/><T36/><D36/><U132/><E132/><V55/><F113/><W52/><G117/><T98/><D128/><U127/><E127/><V6/><F6/><W114/><G114/><T80/><D126/><U30/><E62/><V69/><F69/><W9/><G9/><T70/><D109/><U129/><E129/><V68/><F68/><W56/><G40/><T43/><D80/><U124/><E124/><V78/><F84/><W130/><G94/><T14/><D14/><U135/><E135/><V83/><F78/><W48/><G48/><T73/><D73/><U59/><E59/><V65/><F65/><N who="3" m="39079" /><G81/><T18/><REACH who="0" step="1"/><D50/><REACH who="0" ten="267,270,153,300" step="2"/><U90/><E13/><V0/><F37/><W82/><G82/><T54/><D54/><U12/><E12/><V39/><F35/><N who="3" m="20975" /><G130/><T1/><D1/><U47/><E53/><V4/><F39/><W91/><G52/><T2/><D2/><U41/><E51/><V19/><F0/><W33/><G33/><T77/><D77/><U64/><E64/><V119/><F79/><W5/><G123/><T49/><D49/><U122/><E122/><V120/><F72/><W112/><G121/><T38/><D38/><U32/><E32/><V116/><F120/><W133/><G112/><T27/><D27/><N who="1" m="16751" /><E47/><V7/><F46/><W74/><G74/><T131/><D131/><U45/><E44/><V76/><F119/><W75/><G75/><T29/><D29/><U71/><E45/><V23/><F116/><W15/><G133/><T118/><D118/><RYUUKYOKU ba="0,1" sc="267,30,270,-10,153,-10,300,-10" hai0="18,22,24,42,43,66,70,88,93,95,96,98,102" /><INIT seed="4,1,1,5,4,81" ten="297,260,143,290" oya="0" hai0="0,44,29,35,77,99,61,120,50,26,5,3,69" hai1="84,12,48,98,78,106,133,94,10,75,96,105,92" hai2="80,113,34,132,59,91,17,125,67,4,97,116,82" hai3="135,19,103,33,76,114,55,8,65,71,9,37,73"/><T129/><D120/><U127/><E48/><V22/><F113/><W89/><G37/><T56/><D69/><U102/><E12/><V47/><F34/><W49/><G33/><T14/><D129/><U30/><E10/><V109/><F109/><W93/><G114/><T36/><D36/><U54/><E54/><V38/><F132/><W16/><G135/><T74/><D99/><U57/><E57/><V118/><F125/><W58/><G103/><T108/><D108/><U42/><E30/><V43/><F4/><W45/><G73/><T128/><D128/><U130/><E42/><V23/><F23/><W66/><G76/><T101/><D101/><N who="1" m="60567" /><E130/><V2/><F2/><W24/><G71/><T83/><D14/><U40/><E40/><V119/><F97/><N who="3" m="57519" /><G24/><T51/><D51/><U70/><E70/><V115/><F115/><W123/><G123/><T117/><D5/><U111/><E111/><V28/><F28/><W60/><G66/><T63/><D63/><U18/><E18/><AGARI ba="1,1" hai="8,9,16,18,19,45,49,55,58,60,65" m="57519" machi="18" ten="30,2000,0" yaku="8,1,54,1" doraHai="81" who="3" fromWho="1" sc="297,0,260,-23,143,0,290,33" /><INIT seed="5,0,0,0,0,0" ten="297,237,143,323" oya="1" hai0="17,87,118,92,127,13,78,23,100,104,41,52,126" hai1="115,72,53,57,96,97,98,36,85,94,120,130,22" hai2="14,68,20,95,73,48,30,46,8,16,114,64,2" hai3="133,86,10,63,34,31,121,37,59,26,128,113,91"/><U21/><E120/><V7/><F73/><W90/><G121/><T25/><D118/><U75/><E36/><V116/><F116/><W42/><G113/><T109/><D109/><U65/><E115/><V58/><F114/><W61/><G133/><T43/><D104/><U99/><E130/><V110/><F110/><W32/><G32/><T1/><D1/><U39/><E39/><V101/><F68/><W71/><G128/><T79/><D79/><U84/><E65/><V15/><F30/><W123/><G71/><T51/><D100/><U88/><E75/><V70/><F70/><W82/><G63/><T108/><D108/><U105/><E72/><V38/><F38/><W117/><G117/><T55/><D55/><U83/><E105/><V18/><F58/><W67/><G123/><T47/><D25/><U106/><E106/><V112/><F64/><W103/><G103/><T5/><D5/><U129/><E129/><V35/><F35/><W29/><G29/><T28/><D28/><U62/><REACH who="1" step="1"/><E85/><REACH who="1" ten="297,227,143,323" step="2"/><V93/><F112/><W11/><G37/><T4/><D87/><U12/><E12/><V80/><F101/><AGARI ba="0,1" hai="21,22,53,57,62,83,84,88,94,96,97,98,99,101" machi="101" ten="40,7700,0" yaku="1,1,8,1,54,1,53,0" doraHai="0" doraHaiUra="9" who="1" fromWho="2" sc="297,0,227,87,143,-77,323,0" /><INIT seed="5,1,0,2,3,109" ten="297,314,66,323" oya="1" hai0="91,133,122,87,83,24,13,14,27,89,90,62,116" hai1="3,19,8,123,43,120,41,118,6,50,78,44,21" hai2="18,85,101,30,127,22,97,79,53,39,52,68,32" hai3="102,134,17,80,61,104,57,46,113,15,65,12,82"/><U60/><E118/><V95/><F127/><W84/><G134/><T105/><D116/><U37/><E43/><V7/><F68/><W132/><G132/><T94/><D105/><U49/><E60/><V125/><F125/><W0/><G0/><T4/><D133/><U20/><E20/><V92/><F39/><W73/><G73/><T66/><D122/><U114/><E114/><V72/><F72/><W119/><G119/><T88/><D94/><U108/><E108/><V11/><F30/><W59/><G113/><T70/><REACH who="0" step="1"/><D4/><REACH who="0" ten="287,314,66,323" step="2"/><U2/><E123/><V47/><F92/><W29/><G104/><T75/><D75/><U51/><E120/><V126/><F126/><W34/><G80/><T5/><D5/><U28/><E28/><V117/><F7/><W67/><G29/><T31/><D31/><U103/><E2/><V45/><F117/><W111/><G111/><T124/><D124/><U33/><E33/><V69/><F32/><W55/><G34/><T112/><D112/><U1/><E1/><V86/><F95/><W64/><G17/><T40/><D40/><U74/><E103/><V25/><F18/><W98/><G102/><T77/><D77/><U107/><E107/><V131/><F79/><W128/><G82/><T38/><D38/><U130/><E78/><V81/><F101/><W48/><G84/><T110/><D110/><U54/><E74/><V115/><F85/><W121/><G121/><T106/><D106/><U35/><E35/><V56/><F86/><W16/><G16/><T99/><D99/><U58/><E130/><V36/><F81/><RYUUKYOKU ba="1,1" sc="287,15,314,15,66,-15,323,-15" hai0="13,14,24,27,62,66,70,83,87,88,89,90,91" hai1="3,6,8,19,21,37,41,44,49,50,51,54,58" /><INIT seed="5,2,1,1,5,52" ten="302,329,51,308" oya="1" hai0="95,38,28,20,49,115,37,13,97,59,10,74,102" hai1="88,45,119,116,31,81,57,36,21,80,26,113,67" hai2="114,91,66,85,62,43,105,107,108,19,135,7,110" hai3="11,24,2,109,99,25,133,35,112,128,106,16,29"/><U48/><E113/><V23/><F135/><W132/><G109/><T70/><D70/><U73/><E73/><V47/><F114/><W94/><G106/><T86/><D74/><U82/><E36/><V50/><F7/><N who="3" m="1527" /><G112/><T32/><D32/><U120/><E120/><V79/><F79/><W87/><G87/><T64/><D86/><N who="1" m="50247" /><E119/><V56/><F110/><W27/><G128/><T92/><D92/><U34/><E34/><V39/><F39/><W100/><G16/><N who="0" m="8247" /><D115/><U61/><E116/><V3/><F3/><W44/><G44/><T5/><D5/><U4/><E4/><V12/><REACH who="2" step="1"/><F108/><REACH who="2" ten="302,329,41,308" step="2"/><W15/><G132/><T84/><D37/><U127/><E127/><V103/><F103/><W40/><G100/><T121/><D38/><U69/><E69/><V9/><F9/><W6/><G133/><T124/><D102/><U83/><E83/><AGARI ba="2,2" hai="12,19,23,43,47,50,56,62,66,83,85,91,105,107" machi="83" ten="30,3900,0" yaku="1,1,7,1,52,1,53,0" doraHai="52" doraHaiUra="134" who="2" fromWho="1" sc="302,0,329,-45,41,65,308,0" /><INIT seed="6,0,0,2,5,41" ten="302,284,106,308" oya="2" hai0="118,52,11,4,37,33,40,83,134,60,110,46,74" hai1="112,106,58,129,67,105,49,45,7,124,34,15,93" hai2="120,107,90,61,79,12,117,38,116,75,25,18,63" hai3="54,73,53,47,14,72,95,42,16,119,94,114,0"/><V43/><F120/><W48/><G0/><N who="0" m="391" /><D110/><U13/><E34/><V23/><F107/><W70/><G119/><T122/><D33/><U108/><E108/><V57/><F117/><W111/><G111/><T87/><D134/><U104/><E7/><V128/><F128/><W109/><G109/><T26/><D26/><U3/><E3/><V89/><F116/><W39/><G70/><T76/><D87/><U35/><E35/><V88/><F57/><W30/><G30/><T78/><D78/><U123/><E112/><V82/><REACH who="2" step="1"/><F25/><REACH who="2" ten="302,284,96,308" step="2"/><W98/><G114/><T8/><D118/><U135/><E129/><V80/><F80/><W28/><G95/><T1/><D122/><U102/><E123/><V68/><F68/><W96/><G94/><T131/><D131/><U84/><E58/><V22/><F22/><W55/><G73/><T125/><D83/><U56/><E106/><V130/><F130/><W113/><G72/><T86/><D74/><U115/><E105/><V59/><F59/><W132/><G113/><T121/><D121/><U99/><E115/><V97/><F97/><W19/><G98/><T77/><D86/><U101/><E84/><V85/><F85/><W36/><G96/><T44/><D8/><U2/><E104/><V81/><F81/><W133/><G133/><T10/><D10/><U64/><E135/><V17/><F17/><W9/><G132/><T71/><D71/><U31/><E99/><V50/><F50/><W91/><G19/><T20/><D20/><U69/><E69/><V103/><F103/><W32/><G91/><T29/><D29/><RYUUKYOKU ba="0,1" sc="302,-15,284,-15,96,15,308,15" hai2="12,18,23,38,43,61,63,75,79,82,88,89,90" hai3="9,14,16,28,32,36,39,42,47,48,53,54,55" /><INIT seed="6,1,1,2,5,131" ten="287,269,111,323" oya="2" hai0="4,80,86,63,45,26,13,30,130,135,28,111,98" hai1="1,112,120,100,16,47,114,62,10,124,51,94,33" hai2="128,87,129,46,127,6,91,56,123,37,0,40,103" hai3="24,75,12,133,132,110,42,41,117,85,44,9,82"/><V27/><F123/><W71/><G117/><T38/><D111/><U2/><E33/><V107/><F127/><W59/><G110/><T104/><D130/><N who="2" m="50282" /><F27/><W70/><G75/><T83/><D83/><U11/><E124/><V108/><F108/><W115/><G59/><T78/><D63/><U88/><E100/><V79/><F79/><N who="3" m="46303" /><G24/><T54/><D135/><N who="3" m="51785" /><G115/><N who="1" m="44074" /><E120/><V55/><F103/><W81/><G81/><T50/><D26/><U43/><E62/><N who="2" m="36127" /><F107/><W96/><G96/><T25/><D98/><N who="1" m="57671" /><E11/><N who="2" m="2503" /><F87/><W49/><G42/><T65/><D104/><U125/><E125/><V101/><F101/><W92/><G92/><T36/><D86/><U31/><E31/><V84/><F84/><W7/><AGARI ba="1,1" hai="7,9,12,41,44,49,70,71" m="51785,46303" machi="7" ten="30,8000,1" yaku="25,1,20,1,52,3" doraHai="131" who="3" fromWho="3" sc="287,-21,269,-21,111,-41,323,93" /><INIT seed="7,0,0,1,5,129" ten="266,248,70,416" oya="3" hai0="88,56,110,121,96,17,46,2,14,114,70,80,122" hai1="99,135,28,116,20,54,13,52,50,64,31,16,68" hai2="66,3,90,93,48,103,58,59,120,76,74,95,7" hai3="51,35,127,123,47,115,44,78,45,105,133,79,82"/><W119/><G115/><T26/><D70/><U61/><E135/><V53/><F120/><W22/><G133/><T132/><D2/><U67/><E116/><V63/><F3/><W104/><G35/><T118/><D110/><U5/><E5/><V86/><F7/><W113/><G51/><T30/><D114/><U36/><E36/><V11/><F11/><W71/><G71/><T112/><D112/><U55/><E67/><V25/><F74/><W125/><G22/><T57/><D118/><U126/><E126/><V18/><F76/><W111/><G82/><T8/><D132/><U6/><E6/><V42/><F42/><W29/><G29/><T49/><D121/><U117/><E117/><V27/><F103/><W84/><G111/><T34/><D122/><U69/><E69/><V106/><F106/><W75/><G105/><T40/><D96/><U91/><E50/><V38/><F38/><W0/><G0/><T41/><D41/><U73/><E73/><V101/><F101/><W43/><G75/><T124/><D124/><U23/><E23/><V9/><F9/><W97/><G127/><T62/><D62/><U33/><E33/><V77/><F77/><W108/><G78/><T60/><D60/><U19/><E19/><V134/><F134/><W130/><G125/><T107/><D107/><U72/><E72/><V100/><F100/><W89/><G119/><T24/><D24/><U94/><AGARI ba="0,0" hai="13,16,20,28,31,52,54,55,61,64,68,91,94,99" machi="94" ten="30,4000,0" yaku="0,1,54,2" doraHai="129" who="1" fromWho="1" sc="266,-10,248,40,70,-10,416,-20" owari="256,-14.0,288,9.0,60,-44.0,396,49.0" /></mjloggm>