<mjloggm ver="2.3"><GO type="169" lobby="0"/><UN n0="%E3%82%AF%E3%83%AD%E3%83%8E%E3%82%B9%40" n1="%E7%82%8E%E3%81%AE%E3%82%B7%E3%83%A5%E3%83%AC%E3%83%B3" n2="%E3%81%9F%E3%82%93%E3%82%86%E3%81%86" n3="%E5%B0%B1%E6%B4%BB%E7%94%9F%40%E5%B7%9D%E6%9D%91%E8%BB%8D%E5%9B%A3" dan="16,16,16,19" rate="2116.35,2156.14,2114.99,2309.48" sx="M,M,F,M"/><TAIKYOKU oya="0"/><INIT seed="0,0,0,2,3,91" ten="250,250,250,250" oya="0" hai0="67,82,103,122,12,105,7,131,20,50,39,54,129" hai1="22,115,2,74,52,44,86,97,47,71,92,61,43" hai2="60,93,107,119,33,56,76,112,127,45,130,65,99" hai3="114,11,35,135,133,15,125,46,81,85,101,41,16"/><T102/><D39/><U4/><E74/><V110/><F112/><W58/><G114/><T27/><D122/><U95/><E115/><V73/><F33/><W124/><G35/><T23/><D105/><U40/><E2/><V89/><F119/><W87/><G101/><N who="0" m="38411" /><D67/><U8/><E22/><V84/><F127/><N who="3" m="48715" /><G58/><N who="0" m="33111" /><D82/><U66/><E86/><N who="3" m="32778" /><G81/><T69/><D69/><U75/><E75/><V68/><F73/><W116/><G116/><T24/><D129/><U83/><E83/><N who="2" m="47207" /><F68/><W32/><G32/><T90/><D131/><U118/><E118/><V14/><F107/><W51/><AGARI ba="0,0" hai="11,15,16,41,46,51,133,135" m="32778,48715" machi="51" ten="30,2000,0" yaku="18,1,54,1" doraHai="91" who="3" fromWho="3" sc="250,-10,250,-5,250,-5,250,20" /><INIT seed="1,0,0,2,1,11" ten="240,245,245,270" oya="1" hai0="8,33,51,22,62,2,111,53,89,27,94,123,14" hai1="35,65,84,54,61,83,132,58,117,134,74,57,107" hai2="67,59,19,5,91,4,79,9,29,32,64,17,109" hai3="92,76,115,73,77,55,21,39,78,40,90,97,0"/><U124/><E117/><V43/><F79/><W10/><G115/><T36/><D36/><U15/><E107/><V28/><F43/><W102/><G39/><T108/><D123/><U52/><E124/><V114/><F114/><W25/><G40/><T44/><D33/><U49/><E74/><V72/><F72/><W70/><G70/><T130/><D130/><U131/><E131/><V47/><F47/><W116/><G116/><T113/><D2/><U63/><E35/><V1/><F109/><N who="0" m="42058" /><D113/><U98/><E98/><V133/><F133/><N who="1" m="51305" /><E15/><N who="2" m="5551" /><F59/><W42/><G42/><T7/><D62/><N who="1" m="38095" /><E54/><V88/><F67/><W41/><G73/><T93/><D89/><AGARI ba="0,0" hai="49,52,58,61,63,83,84,89" m="38095,51305" machi="89" ten="30,2900,0" yaku="20,1,54,1" doraHai="11" who="1" fromWho="0" sc="240,-29,245,29,245,0,270,0" /><INIT seed="1,1,0,2,0,86" ten="211,274,245,270" oya="1" hai0="66,124,18,10,17,24,4,132,30,1,117,11,104" hai1="13,9,114,82,133,91,50,110,100,134,130,99,15" hai2="115,62,51,23,105,109,6,98,25,84,68,102,47" hai3="94,58,106,26,34,69,85,72,111,55,2,46,14"/><U112/><E130/><V77/><F109/><W27/><G2/><T35/><D104/><U39/><E39/><V128/><F128/><W33/><G69/><T73/><D73/><U108/><E50/><V113/><F6/><W42/><G106/><T90/><D66/><U101/><E82/><V38/><F38/><W95/><G72/><T87/><D117/><U40/><E40/><V0/><F0/><W83/><G33/><T64/><D64/><U7/><E7/><V56/><F68/><W32/><G32/><T49/><D132/><U41/><E41/><V92/><F51/><N who="3" m="27095" /><G34/><T63/><D63/><U8/><E99/><V76/><F47/><W81/><G14/><T53/><D124/><U71/><E71/><V20/><F20/><W129/><G83/><T31/><D31/><U97/><E97/><V123/><F123/><W5/><G5/><T131/><D10/><U78/><E78/><V37/><F37/><W54/><G54/><T74/><D74/><U70/><E70/><V126/><F126/><W116/><G116/><T45/><REACH who="0" step="1"/><D131/><REACH who="0" ten="201,274,245,270" step="2"/><U57/><REACH who="1" step="1"/><E57/><REACH who="1" ten="201,264,245,270" step="2"/><V21/><F56/><W52/><G58/><T89/><D89/><AGARI ba="1,2" hai="8,9,13,15,89,91,100,101,108,110,112,114,133,134" machi="89" ten="25,18000,2" yaku="1,1,2,1,22,2,52,2,53,0" doraHai="86" doraHaiUra="75" who="1" fromWho="0" sc="201,-183,264,203,245,0,270,0" /><INIT seed="1,2,0,2,0,26" ten="18,467,245,270" oya="1" hai0="65,64,55,15,97,70,10,30,128,43,81,67,101" hai1="91,77,21,69,20,120,71,95,36,89,92,93,102" hai2="22,44,130,4,9,25,12,68,133,82,19,103,116" hai3="106,53,104,86,24,6,57,87,60,110,76,127,49"/><U123/><E102/><V83/><F116/><W129/><G110/><T50/><D128/><U38/><E93/><V1/><F130/><W66/><G129/><T73/><D43/><U122/><E122/><V78/><F68/><W131/><G131/><T28/><D70/><U2/><E77/><V31/><F133/><W33/><G6/><T17/><D73/><U34/><E34/><V14/><F103/><W80/><G127/><T63/><D81/><U51/><E51/><V105/><F105/><W135/><G135/><T113/><D113/><U88/><E91/><V45/><F14/><W96/><G96/><T32/><D63/><U94/><E94/><V72/><REACH who="2" step="1"/><F83/><REACH who="2" ten="18,467,235,270" step="2"/><W109/><G109/><T42/><D42/><U125/><E125/><V108/><F108/><W35/><G104/><T39/><D32/><AGARI ba="2,1" hai="1,4,9,12,19,22,25,31,32,44,45,72,78,82" machi="32" ten="30,8000,1" yaku="1,1,7,1,24,2,52,1,53,0" doraHai="26" doraHaiUra="61" who="2" fromWho="0" sc="18,-86,467,0,235,96,270,0" owari="-68,-57.0,467,57.0,331,13.0,270,-13.0" /></mjloggm>