<mjloggm ver="2.3"><GO type="169" lobby="0"/><UN n0="%74%65%40%72%73" n1="%54%E3%83%BB%54%E3%83%BB%EF%BC%98" n2="%62%75%74%69%74%61%6D%61" n3="%E5%B0%B1%E6%B4%BB%E7%94%9F%40%E5%B7%9D%E6%9D%91%E8%BB%8D%E5%9B%A3" dan="17,16,17,19" rate="2204.61,2128.30,2157.21,2371.76" sx="M,M,M,M"/><TAIKYOKU oya="0"/><INIT seed="0,0,0,3,5,131" ten="250,250,250,250" oya="0" hai0="133,82,30,126,101,62,46,6,34,118,115,20,122" hai1="72,68,44,110,25,93,81,123,14,66,32,51,57" hai2="59,104,103,36,54,95,18,0,83,65,130,125,135" hai3="109,35,98,107,96,45,56,4,19,64,121,23,22"/><T99/><D133/><U111/><E123/><V37/><F0/><W1/><G35/><T120/><D118/><U53/><E14/><V16/><F104/><W31/><G107/><T102/><D115/><U29/><E93/><V12/><F130/><W89/><G109/><T97/><D34/><U3/><E3/><V55/><F125/><W134/><G134/><T86/><D6/><U60/><E72/><V116/><F135/><W39/><G4/><T76/><D126/><U41/><REACH who="1" step="1"/><E81/><REACH who="1" ten="250,240,250,250" step="2"/><V113/><F83/><W11/><G1/><T92/><D122/><U74/><E74/><V42/><F12/><W28/><G11/><T90/><D120/><U77/><E77/><V50/><F95/><W48/><G89/><T33/><D102/><U58/><E58/><N who="2" m="33111" /><F103/><W26/><G121/><T24/><D101/><U2/><E2/><V84/><F59/><W63/><G39/><AGARI ba="0,1" hai="25,29,32,39,41,44,51,53,57,60,66,68,110,111" machi="39" ten="40,8000,1" yaku="1,1,24,2,53,1" doraHai="131" doraHaiUra="40" who="1" fromWho="3" sc="250,0,240,90,250,0,250,-80" /><INIT seed="1,0,0,2,0,112" ten="250,330,250,170" oya="1" hai0="29,97,12,30,116,108,62,59,80,125,101,89,20" hai1="49,5,134,122,111,61,126,0,18,26,53,50,37" hai2="19,64,35,118,106,1,120,100,72,107,123,73,81" hai3="77,82,11,93,3,127,24,99,117,7,114,76,74"/><U57/><E122/><N who="2" m="46635" /><F19/><W86/><G114/><T45/><D108/><U68/><E37/><V21/><F21/><W113/><G113/><T42/><D125/><U39/><E39/><V63/><F1/><W22/><G127/><T2/><D2/><U32/><E111/><V135/><F35/><W27/><G117/><T41/><D12/><U98/><E126/><V91/><F63/><W119/><G119/><T69/><D116/><U71/><E5/><V121/><F64/><W67/><G67/><T14/><D69/><U88/><E0/><V33/><F33/><W83/><REACH who="3" step="1"/><G22/><REACH who="3" ten="250,330,250,160" step="2"/><T66/><D20/><N who="1" m="13591" /><E32/><V58/><F118/><W10/><G10/><T79/><D66/><U70/><E134/><V109/><F121/><W128/><G128/><T94/><D30/><U28/><E28/><V56/><F109/><W9/><G9/><T55/><D29/><U17/><E17/><V51/><F135/><W16/><G16/><T43/><D14/><U34/><E34/><V8/><F8/><W6/><G6/><T90/><REACH who="0" step="1"/><D45/><REACH who="0" ten="240,330,250,160" step="2"/><U52/><E53/><V131/><F131/><W13/><G13/><T92/><D92/><AGARI ba="0,2" hai="49,50,52,57,61,68,70,71,88,92,98" m="13591" machi="92" ten="30,5800,0" yaku="25,1,54,2" doraHai="112" who="1" fromWho="0" sc="240,-58,330,78,250,0,160,0" /><INIT seed="1,1,0,2,3,96" ten="182,408,250,160" oya="1" hai0="7,24,115,94,60,38,89,75,79,68,83,50,107" hai1="49,87,124,34,130,65,119,104,18,32,59,110,99" hai2="80,78,27,47,6,14,21,127,118,90,72,39,63" hai3="82,28,62,103,17,117,0,64,44,85,116,5,71"/><U54/><E119/><N who="3" m="45642" /><G28/><T126/><D115/><U69/><E130/><V74/><F118/><W123/><G123/><T98/><D38/><U111/><E124/><V112/><F127/><W53/><G17/><T41/><D126/><U4/><E18/><V29/><F112/><W22/><G22/><T43/><D7/><U10/><E87/><V15/><F72/><W35/><G35/><T135/><D135/><U106/><E65/><V26/><F63/><W25/><G25/><T19/><D50/><U20/><E20/><V57/><F57/><W3/><G5/><T70/><D107/><U120/><E69/><V91/><F27/><W16/><G16/><T56/><D24/><U121/><E120/><V97/><F97/><W73/><G73/><T55/><REACH who="0" step="1"/><D19/><REACH who="0" ten="172,408,250,160" step="2"/><U84/><E106/><V42/><F15/><W8/><G3/><T67/><D67/><U113/><E121/><V114/><F114/><W88/><G0/><T12/><D12/><N who="1" m="5191" /><E113/><V45/><F14/><W134/><G134/><T51/><D51/><U129/><E129/><V92/><F6/><W122/><G122/><T66/><D66/><U13/><E13/><V102/><F26/><W37/><G8/><T109/><D109/><N who="1" m="41483" /><E34/><V31/><F39/><W58/><G37/><T48/><D48/><U93/><E32/><V133/><F133/><W105/><G44/><T23/><D23/><U128/><E128/><V33/><F21/><W36/><G36/><T1/><D1/><U125/><E125/><V100/><F45/><W30/><G30/><N who="2" m="11273" /><F33/><W11/><G11/><T61/><D61/><U132/><E104/><RYUUKYOKU ba="1,1" sc="172,30,408,-10,250,-10,160,-10" hai0="41,43,55,56,60,68,70,75,79,83,89,94,98" /><INIT seed="2,2,1,1,5,65" ten="202,398,240,150" oya="2" hai0="133,85,92,82,115,120,132,103,99,39,94,2,127" hai1="70,47,97,101,49,90,64,8,15,116,18,68,125" hai2="86,60,51,19,10,113,69,41,78,91,52,9,74" hai3="22,134,112,63,96,25,53,7,3,84,31,80,59"/><V1/><F113/><W29/><G134/><N who="0" m="51819" /><D39/><U5/><E116/><V81/><F41/><W50/><G112/><T17/><D2/><U37/><E125/><V16/><F1/><W54/><G3/><T110/><D127/><U27/><E37/><V56/><F10/><W35/><G7/><T24/><D120/><U87/><E64/><V126/><F126/><W100/><G35/><T45/><D45/><U38/><E27/><V26/><F9/><W48/><G31/><T32/><D110/><U28/><E28/><V118/><F118/><W123/><G123/><T36/><D36/><U34/><E38/><V121/><F121/><W111/><G111/><T129/><D129/><U14/><E34/><V135/><F135/><W117/><G117/><T33/><D92/><U124/><E124/><V106/><F106/><W61/><G100/><T43/><D43/><U88/><E90/><V67/><F26/><W114/><G96/><T23/><D115/><U11/><E101/><V122/><F122/><W77/><REACH who="3" step="1"/><G114/><REACH who="3" ten="202,398,240,140" step="2"/><T66/><D66/><U62/><E97/><V57/><REACH who="2" step="1"/><F57/><AGARI ba="2,2" hai="22,25,29,48,50,53,54,57,59,61,63,77,80,84" machi="57" ten="30,12000,2" yaku="1,1,2,1,7,1,9,1,8,1,53,2" doraHai="65" doraHaiUra="58" who="3" fromWho="2" sc="202,0,398,0,240,-126,140,146" /><INIT seed="3,0,0,2,1,98" ten="202,398,114,286" oya="3" hai0="106,54,131,121,82,66,109,14,30,85,16,20,49" hai1="120,55,118,19,122,60,88,28,52,110,8,25,9" hai2="125,95,116,59,35,111,71,45,127,15,46,135,4" hai3="83,18,112,36,92,26,27,80,41,32,113,24,43"/><W37/><G32/><T102/><D121/><U70/><E70/><V87/><F71/><W93/><G26/><N who="0" m="16711" /><D109/><U73/><E73/><V81/><F35/><W134/><REACH who="3" step="1"/><G18/><REACH who="3" ten="202,398,114,276" step="2"/><T108/><D108/><U23/><E110/><V99/><F111/><W123/><G123/><T12/><D16/><U31/><E122/><V57/><F125/><W63/><G63/><T128/><D131/><U69/><E120/><V90/><F127/><W21/><G21/><T94/><D128/><U104/><E60/><V124/><F124/><W3/><G3/><T22/><D22/><U132/><E19/><V50/><F116/><W76/><G76/><T133/><D12/><U91/><E23/><V39/><F135/><AGARI ba="0,1" hai="24,27,36,37,41,43,80,83,92,93,112,113,134,135" machi="135" ten="25,4800,0" yaku="1,1,22,2,53,0" doraHai="98" doraHaiUra="67" who="3" fromWho="2" sc="202,0,398,0,114,-48,276,58" /><INIT seed="3,1,0,1,5,26" ten="202,398,66,334" oya="3" hai0="119,36,100,11,22,43,91,124,89,37,51,94,72" hai1="105,18,77,1,38,135,74,58,108,102,8,120,61" hai2="31,81,117,128,5,68,109,130,10,60,97,113,73" hai3="3,57,14,39,66,83,80,46,17,96,126,30,90"/><W110/><G3/><T35/><D35/><U12/><E120/><V47/><F109/><W76/><G126/><T132/><D124/><U79/><E38/><V21/><F113/><W107/><G110/><T65/><D72/><U111/><E135/><V103/><F117/><W53/><G66/><T84/><D132/><U52/><E1/><V123/><F123/><W63/><G30/><T127/><D100/><U129/><E129/><V27/><F47/><W44/><G39/><T88/><D36/><U112/><E112/><V41/><F41/><W62/><G62/><T116/><D65/><U114/><E114/><V42/><F42/><W93/><G107/><T104/><D51/><U9/><E74/><V49/><F49/><W78/><G83/><T24/><D11/><U2/><E111/><V134/><F134/><W86/><REACH who="3" step="1"/><G76/><REACH who="3" ten="202,398,66,324" step="2"/><T99/><D104/><U20/><E108/><V59/><F68/><W55/><G55/><T71/><D71/><U13/><E2/><V92/><F81/><W98/><G98/><T54/><D54/><U48/><E61/><V56/><F73/><W40/><G40/><T82/><D127/><U69/><E69/><V33/><F33/><W28/><G28/><T29/><D43/><U4/><E105/><V122/><F122/><W50/><G50/><T121/><D37/><U75/><E75/><V67/><REACH who="2" step="1"/><F59/><REACH who="2" ten="202,398,56,324" step="2"/><W6/><G6/><T64/><D121/><U0/><E4/><V34/><F34/><W131/><G131/><T23/><D119/><U45/><E58/><V19/><F19/><W106/><G106/><T25/><D116/><RYUUKYOKU ba="1,2" sc="202,-15,398,-15,56,15,324,15" hai2="5,10,21,27,31,56,60,67,92,97,103,128,130" hai3="14,17,44,46,53,57,63,78,80,86,90,93,96" /><INIT seed="3,2,2,3,4,10" ten="187,383,71,339" oya="3" hai0="32,81,38,77,39,101,90,120,42,50,7,78,96" hai1="62,20,134,106,115,52,86,71,27,121,73,25,133" hai2="2,74,118,59,6,3,29,131,132,26,72,64,99" hai3="117,30,98,76,130,18,82,123,66,69,135,1,126"/><W112/><G1/><T97/><D120/><U47/><E121/><V110/><F118/><W12/><G123/><T85/><D32/><U44/><E73/><V92/><F110/><W108/><G117/><T102/><D7/><U104/><E115/><V127/><F127/><W49/><G112/><T54/><D39/><U91/><E27/><V53/><F132/><N who="1" m="50793" /><E71/><V95/><F64/><W57/><G135/><T111/><D111/><U8/><E8/><V93/><F131/><W45/><G130/><T31/><D42/><U129/><E129/><V21/><F99/><N who="0" m="37962" /><D31/><N who="1" m="17831" /><E62/><V0/><REACH who="2" step="1"/><F6/><REACH who="2" ten="187,383,61,339" step="2"/><W65/><G108/><T60/><D102/><U19/><E19/><V51/><AGARI ba="2,3" hai="0,2,3,21,26,29,51,53,59,72,74,92,93,95" machi="51" ten="40,5200,0" yaku="1,1,2,1,0,1,53,0" doraHai="10" doraHaiUra="15" who="2" fromWho="2" sc="187,-15,383,-15,61,88,339,-28" /><INIT seed="4,0,0,2,5,16" ten="172,368,149,311" oya="0" hai0="41,97,129,6,95,92,85,65,60,133,69,78,134" hai1="32,36,2,72,52,94,107,62,104,127,1,54,37" hai2="25,102,70,51,86,123,111,87,90,56,0,5,83" hai3="46,98,33,29,93,73,59,24,122,100,19,109,3"/><T120/><D120/><U89/><E32/><V112/><F70/><W108/><G73/><T113/><D113/><U53/><E72/><V7/><F111/><W35/><G35/><T117/><D117/><U44/><E44/><V49/><F123/><W106/><G3/><N who="1" m="1034" /><E89/><V80/><F112/><W101/><G122/><T71/><D6/><N who="2" m="2058" /><F0/><W66/><G46/><T121/><D121/><U47/><E47/><V67/><F102/><W88/><G101/><N who="0" m="60583" /><D41/><U34/><E34/><V11/><F11/><W20/><G66/><T4/><D4/><U135/><E94/><V96/><F96/><W9/><G59/><N who="0" m="37023" /><D129/><U82/><E82/><V31/><F31/><W38/><G38/><N who="1" m="14954" /><E62/><N who="2" m="38343" /><F25/><W128/><G128/><T13/><D13/><U22/><E22/><V17/><F17/><W91/><G9/><T125/><D95/><U12/><E12/><V63/><F63/><W118/><G118/><T115/><D115/><U40/><E40/><V21/><F21/><W61/><G61/><T50/><D50/><U103/><E103/><V26/><F26/><W30/><G33/><T77/><D85/><U81/><E81/><V132/><F132/><N who="0" m="50794" /><D69/><U14/><E135/><V74/><F74/><W10/><G109/><T43/><D71/><U75/><E14/><V23/><F23/><W28/><G108/><T42/><D43/><U99/><E75/><V68/><F68/><W57/><G106/><N who="1" m="40490" /><E99/><V131/><F131/><W45/><G10/><T39/><D42/><U15/><E15/><V55/><F55/><W48/><G57/><T8/><D39/><U126/><AGARI ba="0,0" hai="52,53,54,126,127" m="40490,14954,1034" machi="126" ten="50,6400,0" yaku="28,2,54,1" doraHai="16" who="1" fromWho="1" sc="172,-32,368,64,149,-16,311,-16" /><INIT seed="5,0,0,3,2,98" ten="140,432,133,295" oya="1" hai0="87,126,37,41,70,63,133,26,101,17,115,82,66" hai1="32,47,132,0,123,67,28,16,73,18,130,61,13" hai2="75,78,25,110,58,135,43,24,4,80,111,33,6" hai3="108,77,31,120,84,20,62,39,93,91,122,22,81"/><U38/><E73/><V129/><F129/><W50/><G108/><T1/><D1/><U9/><E123/><V116/><F116/><W52/><G39/><T97/><D115/><U124/><E130/><V95/><F135/><W112/><G112/><T54/><D133/><U10/><E132/><V34/><F43/><W99/><G62/><T23/><D126/><U27/><E124/><V83/><F95/><W14/><G22/><T113/><D113/><U69/><E0/><V114/><F114/><W15/><G120/><T100/><D54/><U127/><E127/><V117/><F117/><W64/><G64/><T74/><D74/><U103/><E103/><V134/><F134/><W94/><G94/><T5/><D5/><U53/><E38/><V85/><F58/><N who="3" m="33047" /><G122/><T44/><REACH who="0" step="1"/><D97/><REACH who="0" ten="130,432,133,295" step="2"/><U76/><E53/><V3/><F3/><W8/><G8/><T46/><D46/><U125/><E47/><V2/><F2/><W88/><G77/><AGARI ba="0,1" hai="17,23,26,37,41,44,63,66,70,77,82,87,100,101" machi="77" ten="30,7700,0" yaku="1,1,7,1,52,2,53,0" doraHai="98" doraHaiUra="131" who="0" fromWho="3" sc="130,87,432,0,133,0,295,-77" /><INIT seed="6,0,0,5,1,114" ten="217,432,133,218" oya="2" hai0="61,44,13,105,63,127,55,129,86,121,2,89,79" hai1="69,82,75,122,109,94,97,124,77,100,10,74,51" hai2="43,12,90,46,92,35,118,4,125,20,101,52,18" hai3="76,14,58,3,5,68,70,106,59,64,65,130,85"/><V22/><F35/><W30/><G106/><T133/><D2/><U88/><E69/><V103/><F125/><W48/><G3/><T31/><D127/><U47/><E124/><V120/><F120/><W1/><G1/><T107/><D121/><U17/><E109/><V36/><F4/><W119/><G119/><T95/><D133/><U96/><E122/><V134/><F134/><W50/><G30/><T57/><D129/><U56/><E56/><N who="3" m="21546" /><G68/><T27/><D63/><U87/><E10/><V60/><F118/><W23/><G70/><T54/><D13/><U8/><E17/><V128/><F128/><W115/><G115/><T19/><D19/><U104/><E8/><V84/><F22/><W99/><G99/><T0/><D79/><U98/><E75/><V9/><F20/><W112/><G112/><T29/><D31/><U67/><E67/><N who="3" m="25674" /><G130/><T53/><D0/><U78/><E78/><V42/><F42/><AGARI ba="0,0" hai="42,47,51,74,77,82,87,88,94,96,97,98,100,104" machi="42" ten="30,7700,0" yaku="7,1,24,2,54,1" doraHai="114" who="1" fromWho="2" sc="217,0,432,77,133,-77,218,0" /><INIT seed="7,0,0,2,3,75" ten="217,509,56,218" oya="3" hai0="12,69,74,10,117,77,18,54,19,11,43,55,41" hai1="120,129,116,4,23,115,88,82,13,76,6,15,90" hai2="72,0,73,17,28,100,80,33,96,44,108,64,125" hai3="34,53,103,119,87,109,110,27,32,121,31,30,38"/><W56/><G38/><T24/><D117/><U106/><E106/><V65/><F17/><W49/><G119/><T39/><D69/><U7/><E116/><V127/><F44/><W99/><G121/><T118/><D118/><U81/><E120/><V26/><F64/><W35/><G87/><T130/><D130/><U128/><E115/><V51/><F51/><W70/><G70/><T20/><D11/><U2/><E2/><V21/><F21/><W68/><G68/><T45/><D43/><U78/><E7/><V101/><F0/><W124/><G124/><T52/><D77/><U102/><E102/><V25/><F25/><W112/><G112/><T8/><D74/><U131/><E131/><V71/><F108/><N who="3" m="41579" /><G27/><T105/><D105/><AGARI ba="0,0" hai="30,31,32,34,35,49,53,56,99,103,105" m="41579" machi="105" ten="40,2000,0" yaku="10,1" doraHai="75" who="3" fromWho="0" sc="217,-20,509,0,56,0,218,20" /><INIT seed="7,1,0,3,3,75" ten="197,509,56,238" oya="3" hai0="103,88,80,0,67,26,83,24,41,125,133,21,86" hai1="115,69,82,118,92,116,65,85,70,102,45,108,87" hai2="98,91,74,10,95,39,131,19,4,29,60,68,40" hai3="62,38,89,66,58,42,130,105,8,104,72,132,100"/><W11/><G72/><T12/><D0/><U109/><E45/><V107/><F131/><W90/><G132/><T33/><D133/><U64/><E115/><V119/><F119/><N who="1" m="45609" /><E102/><V76/><F29/><W124/><G124/><T56/><D33/><U73/><E73/><V14/><F68/><N who="1" m="26217" /><E92/><V113/><F113/><W61/><G100/><T25/><D41/><U16/><E16/><V114/><F114/><W35/><G35/><T22/><D103/><U32/><E32/><V7/><F60/><W54/><G54/><T27/><D125/><U97/><E97/><V96/><F107/><W55/><G55/><T112/><D83/><U128/><E128/><V117/><F117/><W101/><G101/><T48/><D112/><U47/><E47/><V5/><F40/><W71/><G58/><T79/><D67/><N who="1" m="25675" /><E87/><V126/><F126/><W20/><G71/><T110/><D110/><U9/><E9/><V13/><F39/><W57/><G57/><T1/><D56/><U134/><E134/><V123/><F123/><W122/><G66/><T49/><D1/><U77/><AGARI ba="1,0" hai="77,82,85,108,109" m="25675,26217,45609" machi="77" ten="40,2700,0" yaku="12,1,52,1" doraHai="75" who="1" fromWho="1" sc="197,-8,509,30,56,-8,238,-14" owari="189,-21.0,539,64.0,48,-45.0,224,2.0" /></mjloggm>