<mjloggm ver="2.3"><GO type="169" lobby="0"/><UN n0="%73%61%6E%64%69%72%69%73" n1="%E3%82%A6%E3%83%AB%E3%83%88%E3%83%A9%E7%AB%8B%E7%9B%B4" n2="%E3%82%B8%E3%83%A3%E3%82%B9%E3%82%BF%E3%82%A6%E3%82%A7%E3%82%A4" n3="%E3%81%9F%E3%81%8C%E3%82%84%E3%81%99" dan="18,17,17,16" rate="2215.42,2236.90,2181.92,2140.96" sx="M,M,M,M"/><TAIKYOKU oya="0"/><INIT seed="0,0,0,1,1,48" ten="250,250,250,250" oya="0" hai0="84,46,32,97,77,134,118,6,122,55,43,116,89" hai1="93,50,87,62,81,91,28,12,36,23,5,119,27" hai2="47,63,45,75,102,74,7,99,41,133,30,17,121" hai3="109,42,11,132,68,14,131,1,101,49,120,126,4"/><T38/><D122/><U80/><E36/><V65/><F121/><W129/><G68/><T60/><D32/><U98/><E119/><V34/><F133/><W94/><G120/><T117/><D134/><U3/><E3/><V40/><F7/><W108/><G132/><T123/><D123/><U51/><E5/><V76/><F17/><W72/><G72/><T0/><D97/><U71/><E71/><V37/><F76/><W10/><G94/><T70/><D77/><U13/><E62/><V44/><F44/><W90/><G90/><T25/><D25/><U39/><E39/><V113/><F113/><W128/><G101/><T20/><D20/><U130/><E81/><V21/><F21/><W35/><G42/><T96/><D96/><U110/><E110/><N who="3" m="42602" /><G49/><N who="1" m="18442" /><E130/><V103/><F103/><AGARI ba="0,0" hai="12,13,23,27,28,80,87,91,93,98,103" m="18442" machi="103" ten="30,1000,0" yaku="8,1" doraHai="48" who="1" fromWho="2" sc="250,0,250,10,250,-10,250,0" /><INIT seed="1,0,0,5,2,61" ten="250,260,240,250" oya="1" hai0="124,13,104,29,81,88,72,135,69,47,129,74,106" hai1="107,121,57,43,70,111,83,55,133,19,100,52,3" hai2="90,118,134,1,117,93,6,108,51,36,120,71,23" hai3="85,37,126,41,58,127,39,115,33,132,119,87,18"/><U7/><E70/><V28/><F120/><W67/><G33/><T54/><D69/><U17/><E121/><V112/><F36/><W50/><G18/><T80/><D29/><U98/><E43/><V49/><F71/><W65/><G115/><T21/><D21/><U94/><E133/><V78/><F78/><W15/><G15/><T31/><D31/><U46/><E111/><V60/><F108/><W53/><G132/><T123/><D47/><U103/><E107/><N who="0" m="41001" /><D54/><U9/><E100/><V14/><F1/><W35/><G35/><T42/><D13/><U38/><E83/><N who="0" m="31817" /><D42/><U75/><E75/><N who="0" m="28713" /><D135/><U77/><E77/><V122/><F134/><W16/><G16/><T27/><D27/><U79/><E79/><V22/><F122/><W110/><G110/><T44/><D44/><U0/><E0/><V32/><F32/><W113/><G41/><T59/><D59/><U12/><E3/><V128/><F112/><W114/><G58/><T96/><D123/><U89/><E38/><V95/><F28/><W4/><G53/><N who="1" m="20554" /><E57/><V62/><F14/><W99/><G50/><T40/><D40/><U26/><E46/><V102/><F6/><W25/><G4/><T91/><D129/><U66/><E26/><V56/><F128/><W76/><G25/><T34/><D34/><U11/><E11/><V131/><F131/><W63/><G113/><T86/><D124/><U97/><E66/><V10/><F56/><W82/><G127/><T48/><D48/><U101/><E19/><V5/><F10/><W116/><G114/><T68/><D68/><U92/><E17/><RYUUKYOKU ba="0,0" sc="250,-10,260,30,240,-10,250,-10" hai1="7,9,12,89,92,94,97,98,101,103" /><INIT seed="1,1,0,1,1,89" ten="240,290,230,240" oya="1" hai0="8,107,116,99,61,118,37,25,48,83,38,76,29" hai1="109,10,113,84,47,126,54,91,33,51,23,60,86" hai2="46,119,66,96,87,65,55,134,44,121,32,68,42" hai3="53,127,35,34,9,40,19,16,14,20,101,56,15"/><U103/><E33/><V59/><F32/><W108/><G40/><T81/><D8/><U49/><E113/><V50/><F119/><W132/><G127/><T39/><D48/><U122/><E122/><V78/><F121/><W82/><G132/><T2/><D2/><U26/><E126/><V130/><F134/><W28/><G108/><T110/><D110/><U102/><E109/><V30/><F30/><W52/><G28/><T92/><D107/><U36/><E36/><V95/><F130/><W27/><G27/><T94/><D61/><U7/><E51/><V128/><F128/><W98/><G82/><T93/><D99/><U0/><E60/><V73/><F73/><W112/><G112/><T21/><REACH who="0" step="1"/><D83/><REACH who="0" ten="230,290,230,240" step="2"/><U58/><E0/><V45/><F42/><W74/><G74/><AGARI ba="1,1" hai="21,25,29,37,38,39,74,76,81,92,93,94,116,118" machi="74" ten="50,8000,1" yaku="1,1,2,1,52,3,53,0" doraHai="89" doraHaiUra="13" who="0" fromWho="3" sc="230,93,290,0,230,0,240,-83" /><INIT seed="2,0,0,2,2,126" ten="323,290,230,157" oya="2" hai0="55,130,71,18,36,63,19,32,61,100,2,12,13" hai1="31,65,135,91,102,88,34,72,29,123,22,117,20" hai2="122,111,64,54,110,59,133,90,106,5,16,41,85" hai3="49,46,112,131,69,121,53,86,99,26,84,80,10"/><V38/><F106/><W3/><G69/><T78/><D2/><U109/><E72/><V79/><F122/><W42/><G121/><T21/><D32/><U129/><E102/><V125/><F125/><W56/><G112/><T40/><D78/><U124/><E65/><V83/><F133/><W107/><G26/><T75/><D75/><U37/><E37/><V120/><F120/><W96/><G107/><T9/><D100/><U30/><E30/><V45/><F5/><W44/><G44/><T43/><D36/><U24/><E24/><V108/><F64/><W62/><G84/><T73/><D73/><U114/><E31/><V7/><F7/><W118/><G118/><T1/><D1/><U93/><E29/><V60/><REACH who="2" step="1"/><F16/><REACH who="2" ten="323,290,220,157" step="2"/><W68/><G68/><T52/><D71/><U113/><E135/><V14/><F14/><W17/><G3/><T15/><D15/><U89/><E124/><V4/><F4/><W77/><G131/><T67/><D67/><U50/><E129/><V70/><F70/><W81/><G81/><T57/><D130/><U6/><E6/><V92/><F92/><W128/><G128/><T66/><D66/><U35/><E93/><V105/><F105/><W23/><G23/><T39/><D39/><U76/><E123/><V74/><F74/><W28/><G28/><T27/><D13/><AGARI ba="0,1" hai="10,13,17,42,46,49,53,56,62,77,80,86,96,99" machi="13" ten="40,1300,0" yaku="8,1" doraHai="126" who="3" fromWho="0" sc="323,-13,290,0,220,0,157,23" /><INIT seed="3,0,0,0,5,100" ten="310,290,220,180" oya="3" hai0="113,62,108,19,128,64,110,50,135,25,30,122,66" hai1="60,71,129,41,43,65,20,116,74,2,70,48,101" hai2="119,102,31,49,90,32,7,85,126,38,33,104,133" hai3="9,115,5,45,52,89,105,88,109,78,127,44,72"/><W94/><G105/><T23/><D122/><U14/><E2/><V107/><F38/><W91/><G115/><T0/><D135/><U117/><E74/><V54/><F119/><N who="1" m="45641" /><E101/><V97/><F133/><W80/><G127/><T75/><D75/><U10/><E129/><V17/><F7/><W55/><G94/><T18/><D0/><U4/><E71/><V84/><F126/><W67/><G67/><T131/><D50/><U114/><E114/><V87/><F90/><W76/><G76/><T16/><D113/><U92/><E20/><V46/><F31/><W99/><G99/><T34/><D34/><U36/><E36/><V124/><F124/><W130/><G130/><N who="0" m="49707" /><D66/><U93/><E48/><V103/><F17/><W8/><G109/><T68/><AGARI ba="0,0" hai="16,18,19,23,25,30,62,64,68,108,110" m="49707" machi="68" ten="40,2700,0" yaku="19,1,54,1" doraHai="100" who="0" fromWho="0" sc="310,27,290,-7,220,-7,180,-13" /><INIT seed="4,0,0,2,1,2" ten="337,283,213,167" oya="0" hai0="41,121,99,17,91,31,23,40,44,79,20,52,15" hai1="58,6,119,24,35,83,45,4,36,16,59,123,63" hai2="77,86,62,109,71,5,72,114,124,104,38,112,53" hai3="68,66,118,33,76,10,56,107,26,7,92,103,100"/><T106/><D121/><U93/><E119/><V94/><F109/><W39/><G39/><T131/><D131/><U73/><E35/><V113/><F104/><W78/><G56/><T70/><D70/><U60/><E73/><V97/><F38/><W1/><G92/><N who="0" m="56735" /><D79/><U50/><E83/><N who="2" m="47471" /><F72/><W95/><G95/><T0/><D0/><U130/><E93/><V29/><F29/><W96/><G103/><T90/><D90/><U61/><E36/><V69/><F124/><W116/><G76/><T115/><D115/><U101/><E101/><N who="2" m="60599" /><F5/><N who="1" m="2153" /><E130/><V84/><F84/><W105/><G78/><T98/><D98/><U54/><E123/><V89/><F89/><W102/><G102/><T8/><D106/><U108/><E108/><V49/><F62/><N who="3" m="40023" /><G105/><T88/><D88/><U51/><E51/><V34/><F34/><W57/><G57/><AGARI ba="0,0" hai="49,53,57,69,71,112,113,114" m="60599,47471" machi="57" ten="30,1000,0" yaku="15,1" doraHai="2" who="2" fromWho="3" sc="337,0,283,0,213,10,167,-10" /><INIT seed="5,0,0,4,5,74" ten="337,283,223,157" oya="1" hai0="11,71,13,115,19,78,55,32,47,97,96,63,64" hai1="77,89,51,81,5,104,103,38,52,58,110,73,20" hai2="119,2,43,122,23,27,129,24,118,127,61,93,114" hai3="90,14,9,21,69,29,132,111,128,65,130,49,86"/><U8/><E38/><V54/><F2/><W6/><G69/><T116/><D32/><U68/><E68/><V33/><F122/><W120/><G65/><T10/><D116/><U83/><E110/><V53/><F129/><W26/><G120/><T37/><D115/><U48/><E103/><V39/><F127/><W15/><G111/><T50/><D78/><U105/><E20/><V80/><F114/><W25/><G132/><T30/><D30/><U60/><E83/><V36/><F93/><W45/><G130/><T28/><D28/><U99/><E89/><V133/><F80/><W59/><G59/><N who="0" m="33271" /><D11/><U87/><E73/><V18/><F133/><W72/><G72/><T22/><D10/><U35/><E35/><V62/><F23/><W0/><G25/><T42/><AGARI ba="0,0" hai="13,19,22,37,42,47,63,64,71,96,97" m="33271" machi="42" ten="30,1100,0" yaku="24,1" doraHai="74" who="0" fromWho="0" sc="337,11,283,-5,223,-3,157,-3" /><INIT seed="6,0,0,4,3,89" ten="348,278,220,154" oya="2" hai0="127,55,47,79,122,53,48,110,64,24,50,8,135" hai1="71,51,31,84,49,119,77,131,102,80,25,58,109" hai2="32,15,38,21,87,4,117,29,28,73,59,121,133" hai3="34,67,19,72,57,82,124,20,105,90,40,1,123"/><V130/><F73/><W42/><G34/><T13/><D110/><U45/><E71/><V26/><F38/><W120/><G1/><T75/><D122/><U0/><E0/><V9/><F121/><W63/><G105/><T101/><D64/><U91/><E109/><V2/><F59/><W113/><G124/><T11/><D135/><U93/><E102/><V41/><F41/><W106/><G106/><T103/><D127/><U16/><E131/><V62/><F62/><W132/><G132/><T70/><D70/><U128/><E128/><V97/><F97/><W36/><G113/><T83/><D24/><U6/><E6/><N who="2" m="3511" /><F87/><W56/><G56/><T107/><D11/><U126/><E58/><V46/><F46/><W10/><G10/><T52/><D107/><U60/><E60/><V78/><F78/><W74/><G74/><T54/><REACH who="0" step="1"/><D50/><REACH who="0" ten="338,278,220,154" step="2"/><U115/><E51/><V95/><F133/><W66/><G123/><T14/><D14/><U18/><E126/><V129/><F129/><W43/><G120/><T111/><D111/><U12/><E12/><V17/><F130/><W85/><G36/><T7/><AGARI ba="0,1" hai="7,8,13,47,48,52,53,54,55,75,79,83,101,103" machi="7" ten="30,4000,0" yaku="1,1,0,1,54,1,53,0" doraHai="89" doraHaiUra="61" who="0" fromWho="0" sc="338,50,278,-10,220,-20,154,-10" /><INIT seed="7,0,0,1,4,106" ten="388,268,200,144" oya="3" hai0="77,75,117,19,3,112,63,38,31,44,57,86,1" hai1="39,73,132,95,104,85,67,0,98,130,100,60,131" hai2="108,120,72,114,22,14,41,133,52,109,94,50,23" hai3="58,49,122,82,79,105,28,103,55,84,36,88,91"/><W62/><G36/><T32/><D117/><U7/><E39/><V51/><F72/><W15/><G122/><T48/><D38/><U70/><E73/><V37/><F37/><W12/><G28/><T21/><D75/><U10/><E132/><V65/><F65/><W9/><G105/><T111/><D111/><U26/><E85/><V80/><F80/><W128/><G128/><N who="1" m="49194" /><E26/><V71/><F71/><W101/><G62/><T135/><D57/><U74/><E74/><V97/><F114/><W29/><G29/><T11/><D19/><U90/><E90/><N who="3" m="34346" /><G12/><T110/><D63/><U34/><E104/><V115/><F133/><W119/><G119/><T76/><D32/><AGARI ba="0,0" hai="0,7,10,32,34,60,67,70,95,98,100" m="49194" machi="32" ten="30,1000,0" yaku="19,1" doraHai="106" who="1" fromWho="0" sc="388,-10,268,10,200,0,144,0" owari="378,48.0,278,8.0,200,-20.0,144,-36.0" /></mjloggm>