<mjloggm ver="2.3"><GO type="169" lobby="0"/><UN n0="%E3%81%9F%E3%81%A4%E3%81%8D%E3%82%80%E3%81%A8%E3%82%93" n1="%E3%83%88%E3%83%8B%E3%83%BC%E2%98%85%E5%BD%A1" n2="%E5%B0%B1%E6%B4%BB%E7%94%9F%40%E5%B7%9D%E6%9D%91%E8%BB%8D%E5%9B%A3" n3="%E3%81%BB%E3%81%88%E3%82%89%E3%83%BC" dan="17,16,19,18" rate="2138.92,2105.14,2356.14,2222.36" sx="M,M,M,M"/><TAIKYOKU oya="0"/><INIT seed="0,0,0,4,2,48" ten="250,250,250,250" oya="0" hai0="36,8,47,23,56,39,115,67,17,16,135,129,75" hai1="77,112,10,97,121,60,100,96,116,34,59,42,106" hai2="111,3,99,133,37,20,28,5,71,90,55,50,43" hai3="78,119,45,104,132,109,65,25,80,93,19,33,40"/><T49/><D115/><U64/><E121/><V13/><F71/><W41/><G104/><T110/><D75/><U0/><E116/><V125/><F111/><W107/><G107/><T52/><D110/><U51/><E112/><V130/><F130/><W27/><G65/><T11/><D129/><U61/><E34/><V82/><F3/><W127/><G119/><T38/><D135/><U84/><E96/><V87/><F125/><W101/><G109/><T124/><D124/><U88/><E77/><V54/><F37/><W21/><G132/><T95/><D95/><U108/><E108/><V126/><F126/><W79/><G79/><T46/><D17/><U31/><E31/><V102/><F5/><W29/><G127/><T63/><REACH who="0" step="1"/><D46/><REACH who="0" ten="240,250,250,250" step="2"/><U89/><E106/><V72/><F72/><W69/><G45/><T105/><D105/><U128/><E128/><V58/><F133/><W122/><G122/><T6/><D6/><U83/><E83/><V22/><F28/><W117/><G117/><T24/><AGARI ba="0,1" hai="8,11,16,23,24,36,38,39,47,49,52,56,63,67" machi="24" ten="30,24000,3" yaku="1,1,0,1,52,1,54,2,53,3" doraHai="48" doraHaiUra="68" who="0" fromWho="0" sc="240,250,250,-80,250,-80,250,-80" /><INIT seed="0,1,0,0,5,41" ten="490,170,170,170" oya="0" hai0="68,118,134,36,53,4,60,125,75,15,109,131,128" hai1="129,20,73,17,108,127,71,81,72,66,3,19,32" hai2="117,6,84,83,90,2,1,76,16,30,74,51,31" hai3="33,99,70,133,79,37,40,5,12,113,34,69,57"/><T38/><D75/><U89/><E108/><V39/><F39/><W115/><G79/><T122/><D15/><U64/><E32/><V62/><F117/><W28/><G133/><T96/><D96/><U35/><E35/><V135/><F135/><W87/><G87/><T46/><D4/><U25/><E3/><V29/><F6/><W91/><G57/><T43/><D134/><U114/><E129/><N who="0" m="49737" /><D118/><U132/><E132/><V47/><F62/><W116/><G116/><T61/><D122/><U102/><E102/><V11/><F74/><W97/><G12/><T111/><D125/><U100/><E100/><V13/><REACH who="2" step="1"/><F76/><REACH who="2" ten="490,170,160,170" step="2"/><W65/><G5/><T77/><D77/><U82/><E73/><V110/><F110/><W98/><G37/><T8/><D36/><U42/><E72/><V63/><F63/><W23/><G113/><T121/><D121/><U93/><E114/><V44/><F44/><W58/><G115/><T52/><D61/><U88/><E127/><V85/><F85/><W106/><G98/><T78/><D78/><U123/><E123/><V119/><F119/><W95/><G99/><T7/><D111/><U107/><E71/><V130/><F130/><W101/><G70/><T49/><D109/><U24/><E66/><V18/><F18/><W92/><G69/><T10/><D7/><U80/><E64/><V27/><F27/><W48/><G65/><N who="0" m="40999" /><D38/><U45/><E19/><V55/><AGARI ba="1,1" hai="1,2,11,13,16,29,30,31,47,51,55,83,84,90" machi="55" ten="30,12000,2" yaku="1,1,0,1,25,2,52,1,54,1,53,1" doraHai="41" doraHaiUra="50" who="2" fromWho="2" sc="490,-61,170,-31,160,133,170,-31" /><INIT seed="1,0,0,5,0,12" ten="429,139,293,139" oya="1" hai0="74,41,66,10,61,15,124,98,56,42,32,7,110" hai1="97,127,55,126,22,18,26,27,67,29,39,93,85" hai2="6,51,63,83,106,62,114,92,17,112,31,37,91" hai3="0,73,59,19,134,87,128,2,46,122,54,77,117"/><U129/><E39/><V107/><F37/><W50/><G122/><T120/><D120/><U86/><E67/><V20/><F6/><W102/><G73/><T113/><D113/><N who="2" m="43626" /><F31/><W94/><G128/><T78/><D32/><U131/><E55/><V71/><F51/><W104/><G104/><N who="2" m="39977" /><F83/><W45/><G117/><T82/><D42/><U38/><E38/><V49/><F49/><W1/><G134/><T25/><D41/><U16/><E97/><N who="2" m="57503" /><F71/><W33/><G33/><T109/><D109/><U81/><E81/><V95/><F95/><W40/><G40/><T69/><D110/><U44/><E44/><V70/><F70/><W80/><G19/><N who="1" m="7210" /><E93/><V84/><F84/><N who="1" m="32361" /><E27/><AGARI ba="0,0" hai="17,20,27,62,63" m="57503,39977,43626" machi="27" ten="30,2000,0" yaku="11,1,52,1" doraHai="12" who="2" fromWho="1" sc="429,0,139,-20,293,20,139,0" /><INIT seed="2,0,0,5,4,35" ten="429,119,313,139" oya="2" hai0="76,56,114,83,61,3,29,1,121,28,132,17,21" hai1="123,9,96,44,50,79,134,58,19,120,100,84,63" hai2="104,70,87,16,128,135,62,75,74,122,93,129,30" hai3="60,31,65,85,97,66,59,99,32,2,68,48,80"/><V64/><F104/><W119/><G119/><T105/><D121/><N who="1" m="46667" /><E134/><V33/><F122/><W55/><G65/><T20/><D114/><U95/><E79/><V13/><F135/><W18/><G31/><T0/><D105/><U5/><E84/><V51/><F33/><W57/><G32/><T127/><D132/><U10/><E19/><V49/><F30/><W25/><G68/><T92/><D92/><U71/><E71/><V73/><F93/><W52/><G2/><T111/><D111/><U124/><E124/><V77/><F87/><W34/><G66/><T7/><D7/><U91/><E100/><V41/><F77/><W78/><G34/><T36/><D36/><U115/><E115/><V133/><F133/><W103/><G103/><T4/><D4/><U116/><E116/><V117/><F117/><W102/><G102/><T110/><D110/><U108/><E108/><V23/><REACH who="2" step="1"/><F41/><REACH who="2" ten="429,119,303,139" step="2"/><W106/><G106/><T42/><D42/><U101/><E95/><V107/><F107/><W69/><G78/><T43/><D43/><U26/><E96/><V130/><AGARI ba="0,1" hai="13,16,23,49,51,62,64,70,73,74,75,128,129,130" machi="130" ten="40,12000,1" yaku="1,1,0,1,19,1,54,1,53,0" doraHai="35" doraHaiUra="113" who="2" fromWho="2" sc="429,-40,119,-40,303,130,139,-40" /><INIT seed="2,1,0,0,1,37" ten="389,79,433,99" oya="2" hai0="24,49,22,16,107,1,124,21,119,104,109,79,14" hai1="61,130,129,113,68,23,91,97,73,93,28,81,41" hai2="71,88,34,35,103,52,9,53,122,120,98,32,11" hai3="43,123,117,15,80,42,65,70,62,114,20,45,78"/><V66/><F71/><W86/><G117/><T115/><D115/><U131/><E113/><V64/><F103/><W44/><G123/><N who="2" m="47145" /><F98/><W112/><G20/><T72/><D1/><U56/><E68/><V90/><F11/><W58/><G15/><T67/><D119/><U38/><E81/><V69/><F69/><W121/><G121/><T125/><D104/><U96/><E73/><V116/><F9/><W74/><G86/><T110/><D107/><U83/><E83/><V26/><F26/><W111/><G58/><T133/><D79/><U75/><E75/><V132/><F132/><W47/><G111/><T54/><D72/><U106/><E106/><V126/><F126/><W85/><G85/><T94/><D94/><U33/><E33/><V60/><F60/><W134/><G134/><T29/><D133/><U92/><E23/><V108/><F108/><N who="0" m="41578" /><D67/><N who="2" m="25642" /><F116/><W135/><G135/><T89/><D89/><AGARI ba="1,0" hai="32,34,35,52,53,88,89,90" m="25642,47145" machi="89" ten="40,12000,1" yaku="28,2,54,2" doraHai="37" who="2" fromWho="0" sc="389,-123,79,0,433,123,99,0" /><INIT seed="2,2,0,2,4,23" ten="266,79,556,99" oya="2" hai0="42,104,47,113,92,21,2,73,52,125,127,37,50" hai1="130,62,16,68,99,28,123,77,111,19,54,75,10" hai2="61,95,86,64,43,100,94,108,57,22,88,72,114" hai3="15,34,115,11,83,84,117,102,46,70,110,14,0"/><V30/><F72/><W98/><G70/><T18/><D104/><U69/><E130/><V106/><F114/><W132/><G117/><T1/><D113/><U8/><E111/><V96/><F108/><W26/><G115/><T63/><D73/><U44/><E77/><V5/><F5/><W134/><G0/><T78/><D78/><U101/><E75/><V20/><F43/><W65/><G65/><T3/><D63/><U90/><E90/><V17/><F30/><N who="3" m="19799" /><G46/><T32/><D32/><U67/><E28/><V107/><REACH who="2" step="1"/><F22/><REACH who="2" ten="266,79,546,99" step="2"/><W56/><G110/><T59/><D127/><U33/><E33/><V13/><AGARI ba="2,1" hai="13,17,20,57,61,64,86,88,94,95,96,100,106,107" machi="13" ten="20,12000,1" yaku="1,1,2,1,0,1,7,1,54,1,53,0" doraHai="23" doraHaiUra="45" who="2" fromWho="2" sc="266,-42,79,-42,546,136,99,-42" /><INIT seed="2,3,0,4,3,22" ten="224,37,682,57" oya="2" hai0="75,125,129,7,126,47,49,69,91,30,100,111,81" hai1="62,45,16,133,108,97,27,88,79,135,110,86,102" hai2="66,23,76,36,58,1,124,17,10,74,38,104,112" hai3="87,24,101,32,48,34,53,37,50,122,52,130,92"/><V54/><F104/><W98/><G122/><T127/><D111/><N who="1" m="42539" /><E45/><V64/><F112/><W131/><G37/><T29/><D129/><N who="3" m="49161" /><G87/><N who="0" m="50671" /><D75/><U40/><E40/><V80/><F124/><W41/><G41/><T60/><D100/><U3/><E3/><V26/><F38/><W5/><G5/><T51/><D7/><U21/><E62/><V0/><F36/><W57/><G24/><T42/><D49/><U8/><E79/><V94/><F94/><W89/><G101/><T93/><D93/><N who="1" m="54423" /><E8/><V113/><F113/><W105/><G105/><AGARI ba="3,0" hai="16,21,27,97,102,105,133,135" m="54423,42539" machi="105" ten="30,7700,0" yaku="14,1,52,1,54,2" doraHai="22" who="1" fromWho="3" sc="224,0,37,86,682,0,57,-86" owari="224,2.0,123,-28.0,682,79.0,-29,-53.0" /></mjloggm>