<mjloggm ver="2.3"><GO type="169" lobby="0"/><UN n0="%7A%6F%6F%31%39%36%34" n1="%E5%B0%B1%E6%B4%BB%E7%94%9F%40%E5%B7%9D%E6%9D%91%E8%BB%8D%E5%9B%A3" n2="%E5%8C%97%E7%99%BD%E5%B7%9D%E3%81%82%E3%82%93%E3%81%93" n3="%6D%6F%6E%6F%6B%65%61" dan="16,18,16,16" rate="2102.87,2308.12,2098.68,2117.42" sx="M,M,F,M"/><TAIKYOKU oya="0"/><INIT seed="0,0,0,2,0,6" ten="250,250,250,250" oya="0" hai0="86,44,135,39,62,88,93,104,55,116,35,17,75" hai1="67,70,95,84,26,107,65,83,90,99,112,61,66" hai2="21,25,45,8,12,10,50,97,85,27,92,81,79" hai3="94,34,73,122,18,32,111,49,38,133,131,64,115"/><T113/><D113/><U126/><E126/><V46/><F46/><W0/><G18/><T119/><D104/><U123/><E123/><V125/><F125/><W102/><G49/><T13/><D35/><U33/><E112/><V87/><F87/><W41/><G64/><T101/><D75/><U16/><E107/><V80/><F80/><W100/><G94/><T14/><D101/><U128/><E128/><V96/><F25/><W124/><G41/><T23/><D135/><U30/><REACH who="1" step="1"/><E16/><REACH who="1" ten="250,240,250,250" step="2"/><N who="2" m="12711" /><F12/><W72/><G102/><AGARI ba="0,1" hai="26,30,33,61,65,66,67,70,83,84,90,95,99,102" machi="102" ten="30,3900,0" yaku="1,1,7,1,53,1" doraHai="6" doraHaiUra="91" who="1" fromWho="3" sc="250,0,240,49,250,0,250,-39" /><INIT seed="1,0,0,2,4,105" ten="250,289,250,211" oya="1" hai0="123,93,115,87,35,119,16,110,46,135,31,49,70" hai1="0,14,120,98,88,17,124,48,18,32,62,91,122" hai2="58,61,3,68,69,95,19,53,64,128,113,60,20" hai3="6,71,30,42,56,77,117,39,13,109,134,92,104"/><U130/><E0/><V1/><F128/><W75/><G56/><T116/><D115/><U73/><E32/><V50/><F113/><W79/><G92/><T36/><D36/><U102/><E130/><V5/><F5/><W133/><G79/><T101/><D70/><U96/><E124/><V40/><F40/><W80/><G13/><T126/><D126/><U63/><E14/><V94/><F94/><W78/><G78/><T28/><D135/><U74/><E48/><V7/><F7/><W15/><G15/><T41/><D123/><U47/><E47/><V4/><F4/><W76/><G76/><T43/><D43/><U99/><E99/><V85/><F68/><W125/><G30/><T131/><D131/><U89/><E91/><V82/><F61/><W44/><G125/><T103/><D31/><U72/><REACH who="1" step="1"/><E74/><REACH who="1" ten="250,279,250,211" step="2"/><V97/><F97/><W108/><G117/><T66/><D119/><U111/><E111/><V34/><F34/><W107/><G109/><T33/><D116/><U22/><E22/><V45/><F45/><W67/><G108/><T86/><D110/><U106/><E106/><V9/><F9/><W52/><G134/><T2/><D2/><U54/><E54/><V90/><REACH who="2" step="1"/><F82/><REACH who="2" ten="250,279,240,211" step="2"/><W81/><G80/><T8/><D35/><U37/><E37/><V114/><F114/><W24/><G133/><T118/><D118/><U100/><AGARI ba="0,2" hai="17,18,62,63,72,73,88,89,96,98,100,102,120,122" machi="100" ten="25,24000,3" yaku="1,1,0,1,22,2,52,2,54,1,53,2" doraHai="105" doraHaiUra="84" who="1" fromWho="1" sc="250,-80,279,260,240,-80,211,-80" /><INIT seed="1,1,0,4,3,56" ten="170,539,160,131" oya="1" hai0="122,112,3,94,45,49,103,59,43,57,90,0,54" hai1="93,17,8,19,73,69,22,24,64,78,15,72,2" hai2="9,42,126,113,104,44,68,92,121,48,114,101,63" hai3="129,131,97,135,50,71,46,75,109,118,23,102,4"/><U106/><E106/><V111/><F104/><W74/><G71/><T52/><D112/><N who="2" m="43114" /><F9/><W11/><G118/><T26/><D122/><U84/><E2/><V125/><F101/><W119/><G119/><T62/><D103/><U115/><E115/><V116/><F116/><W20/><G109/><T81/><D81/><U5/><E5/><V25/><F25/><W36/><G36/><T32/><D32/><U35/><E35/><V107/><F92/><W98/><G135/><T85/><REACH who="0" step="1"/><D26/><REACH who="0" ten="160,539,160,131" step="2"/><U66/><E72/><V31/><F107/><W134/><G102/><T53/><D53/><U39/><E73/><V89/><F121/><W123/><G123/><T6/><D6/><U108/><E108/><V80/><F31/><W38/><G4/><T13/><D13/><U99/><E15/><V82/><F111/><W33/><G33/><T55/><D55/><U40/><E24/><V34/><F34/><W58/><G75/><T117/><D117/><U67/><E78/><V110/><F110/><W86/><G74/><T60/><AGARI ba="1,1" hai="0,3,43,45,49,52,54,57,59,60,62,85,90,94" machi="60" ten="20,16000,3" yaku="1,1,0,1,7,1,9,1,52,2,54,1,53,1" doraHai="56" doraHaiUra="91" who="0" fromWho="0" sc="160,173,539,-81,160,-41,131,-41" /><INIT seed="2,0,0,4,5,128" ten="333,458,119,90" oya="2" hai0="41,29,68,40,52,113,1,112,34,103,82,104,107" hai1="90,28,7,53,115,87,83,116,23,73,66,95,42" hai2="94,91,60,56,16,75,117,17,38,35,65,62,3" hai3="118,97,74,108,50,79,37,105,125,19,119,88,0"/><V44/><F117/><N who="3" m="44555" /><G37/><T80/><D68/><U76/><E115/><V20/><F35/><W2/><G19/><T6/><D103/><U9/><E116/><V5/><F75/><W131/><G50/><T71/><D71/><U72/><E66/><V32/><F32/><W77/><G131/><T122/><D34/><U27/><E42/><V98/><F62/><W33/><G2/><T54/><D6/><U4/><E4/><V81/><F81/><N who="3" m="45239" /><G0/><T99/><D99/><U46/><E46/><V64/><F64/><W127/><G33/><T130/><D1/><U89/><E89/><V39/><F44/><W61/><G61/><T93/><D93/><U96/><E53/><V47/><F47/><W10/><G10/><T135/><D29/><U15/><AGARI ba="0,0" hai="7,9,15,23,27,28,72,73,76,83,87,90,95,96" machi="15" ten="20,1500,0" yaku="0,1,7,1" doraHai="128" who="1" fromWho="1" sc="333,-4,458,15,119,-7,90,-4" /><INIT seed="3,0,0,4,4,124" ten="329,473,112,86" oya="3" hai0="99,110,95,76,107,106,67,36,123,14,105,92,127" hai1="111,20,79,44,104,59,45,30,10,24,131,135,58" hai2="13,91,77,65,4,101,122,51,114,100,134,48,93" hai3="118,73,71,29,129,128,130,31,69,121,119,33,82"/><W80/><G121/><T103/><D36/><U3/><E104/><N who="0" m="40041" /><D67/><U26/><E79/><V18/><F122/><W50/><G50/><T60/><D60/><U43/><E111/><V16/><F134/><W47/><G47/><T35/><D14/><U2/><E20/><V56/><F114/><W68/><G73/><T38/><D38/><U23/><E23/><V42/><F77/><W27/><G27/><T87/><D35/><U133/><E30/><N who="3" m="11274" /><G33/><T132/><D123/><U94/><E94/><N who="0" m="35881" /><D110/><U17/><E17/><V102/><F4/><W39/><G39/><T89/><D127/><U125/><E125/><V115/><F115/><W49/><G49/><T83/><D132/><U37/><E37/><V108/><F108/><W70/><G70/><T55/><D55/><U5/><E43/><V97/><F42/><W120/><G120/><T25/><D25/><U34/><E34/><V86/><F97/><W40/><G40/><T57/><D57/><U9/><E5/><V75/><F75/><W1/><G1/><T28/><D28/><U66/><E66/><V116/><F116/><AGARI ba="0,0" hai="68,69,71,80,82,116,118,119,128,129,130" m="11274" machi="116" ten="50,18000,2" yaku="28,2,19,1,52,3" doraHai="124" who="3" fromWho="2" sc="329,0,473,0,112,-180,86,180" owari="329,13.0,473,57.0,-68,-57.0,266,-13.0" /></mjloggm>