<mjloggm ver="2.3"><GO type="169" lobby="0"/><UN n0="%E5%B0%B1%E6%B4%BB%E7%94%9F%40%E5%B7%9D%E6%9D%91%E8%BB%8D%E5%9B%A3" n1="%E3%82%B7%E3%82%A7%E3%83%95%E3%83%81%E3%83%A7%E3%82%B3" n2="%73%69%72%6F%75%75%75" n3="%47%E9%9B%80" dan="19,17,16,17" rate="2355.49,2098.00,2029.79,2198.09" sx="M,M,M,M"/><TAIKYOKU oya="0"/><INIT seed="0,0,0,4,5,127" ten="250,250,250,250" oya="0" hai0="9,125,130,66,110,19,54,47,114,71,133,30,104" hai1="44,61,89,48,97,108,121,22,134,5,120,123,2" hai2="129,70,10,31,132,6,67,3,98,15,42,68,91" hai3="69,122,4,50,53,116,46,18,107,135,102,45,25"/><T40/><D104/><U52/><E108/><V37/><F132/><W24/><G4/><T111/><D114/><U36/><E134/><V131/><F31/><W75/><G75/><T26/><D133/><U62/><E36/><V88/><F67/><W112/><G69/><N who="2" m="26729" /><F15/><W64/><G64/><T83/><D125/><U126/><E126/><V27/><F27/><W65/><G65/><T11/><D83/><U29/><E22/><V87/><F98/><W117/><G107/><T33/><D54/><U12/><E12/><V58/><F58/><W34/><G102/><T55/><D55/><U113/><E29/><V51/><F51/><W35/><G53/><T90/><D90/><U41/><E41/><V119/><F119/><W23/><G50/><N who="0" m="26983" /><D66/><U7/><E113/><V79/><F42/><W43/><G135/><T74/><D74/><U38/><E38/><V101/><F101/><W80/><G43/><T72/><D72/><U103/><E89/><V59/><F37/><W124/><G124/><T94/><D94/><U78/><E78/><V49/><F49/><W109/><G112/><T81/><D81/><U56/><E56/><V92/><F59/><W32/><G80/><T16/><D71/><U13/><E2/><V84/><F79/><W28/><G116/><T77/><D77/><U63/><REACH who="1" step="1"/><E13/><REACH who="1" ten="250,240,250,250" step="2"/><V76/><F76/><W17/><G117/><T1/><D1/><U86/><E86/><N who="2" m="52247" /><F91/><W57/><G57/><T128/><D11/><U106/><AGARI ba="0,1" hai="5,7,44,48,52,61,62,63,97,103,106,120,121,123" machi="106" ten="40,8000,1" yaku="1,1,0,1,54,1,53,1" doraHai="127" doraHaiUra="99" who="1" fromWho="1" sc="250,-40,240,90,250,-20,250,-20" /><INIT seed="1,0,0,5,2,102" ten="210,330,230,230" oya="1" hai0="120,51,11,127,92,24,109,95,34,48,27,104,87" hai1="9,40,29,97,19,21,96,41,7,58,94,90,12" hai2="125,115,70,91,66,65,22,93,85,128,121,78,86" hai3="114,122,105,13,6,5,37,98,124,39,15,112,31"/><U64/><E29/><V88/><F121/><W3/><G31/><T57/><D109/><U83/><E83/><N who="2" m="47351" /><F125/><W33/><G124/><T38/><D38/><U56/><E96/><N who="2" m="57383" /><F70/><W123/><G98/><T79/><D104/><U106/><E106/><V133/><F128/><W30/><G30/><T46/><D34/><U20/><E20/><V72/><F72/><W17/><G17/><T129/><D129/><U67/><E58/><V4/><F133/><W0/><G33/><T75/><D75/><U107/><E107/><AGARI ba="0,0" hai="0,3,5,6,13,15,37,39,105,107,112,114,122,123" machi="107" ten="25,6400,0" yaku="22,2,52,2" doraHai="102" who="3" fromWho="1" sc="210,0,330,-64,230,0,230,64" /><INIT seed="2,0,0,2,2,133" ten="210,266,230,294" oya="2" hai0="19,86,68,72,1,15,120,108,124,131,35,54,73" hai1="30,92,63,20,40,8,76,106,6,71,21,74,114" hai2="49,3,83,113,110,57,23,79,64,95,25,42,55" hai3="11,89,88,107,28,18,5,119,60,102,99,122,61"/><V50/><F113/><W126/><G119/><T45/><D1/><U17/><E106/><V84/><F3/><W41/><G122/><T98/><D68/><U13/><E114/><V32/><F32/><W123/><G28/><T105/><D35/><U87/><E74/><V59/><F110/><W117/><G41/><T109/><D120/><U47/><E71/><V24/><F95/><W34/><G34/><T67/><D67/><U78/><E63/><N who="2" m="37999" /><F23/><W90/><G123/><T77/><D131/><U16/><E30/><V0/><F0/><W69/><G18/><T43/><D54/><U10/><E92/><V134/><F134/><W116/><G69/><T33/><D33/><U52/><E40/><V36/><F36/><W100/><G5/><T48/><D86/><U118/><E87/><V27/><F24/><W97/><G11/><N who="1" m="4138" /><E6/><V26/><F26/><W75/><G75/><T56/><D73/><U14/><E118/><V65/><F65/><W2/><G2/><T128/><D128/><U130/><E130/><V44/><AGARI ba="0,0" hai="25,27,42,44,49,50,55,59,79,83,84" m="37999" machi="44" ten="30,1500,0" yaku="8,1" doraHai="133" who="2" fromWho="2" sc="210,-5,266,-5,230,15,294,-5" /><INIT seed="2,1,0,0,3,11" ten="205,261,245,289" oya="2" hai0="117,23,46,38,19,66,127,18,100,123,112,62,65" hai1="57,15,2,0,70,130,101,50,129,110,74,125,92" hai2="26,52,16,29,40,90,96,85,80,106,83,104,35" hai3="45,132,84,105,47,121,88,78,24,34,91,128,36"/><V82/><F40/><W116/><G105/><T99/><D123/><U107/><E70/><V81/><F96/><W55/><G121/><T17/><D112/><U124/><E74/><V97/><F97/><W75/><G75/><T28/><D127/><N who="1" m="48715" /><E110/><V1/><F1/><N who="1" m="617" /><E107/><V10/><REACH who="2" step="1"/><F52/><REACH who="2" ten="205,261,235,289" step="2"/><W32/><G55/><T59/><D117/><U4/><E50/><V31/><F31/><W12/><G116/><T69/><D66/><U64/><E64/><V72/><F72/><W44/><G36/><T41/><D28/><U37/><E37/><V103/><F103/><W94/><G132/><T49/><D38/><U6/><E101/><V25/><F25/><W58/><G24/><T39/><D39/><U22/><E130/><V126/><F126/><W119/><G128/><T63/><D99/><U108/><E129/><V56/><F56/><W86/><G58/><T133/><D100/><U7/><E108/><V13/><AGARI ba="1,1" hai="10,13,16,26,29,35,80,81,82,83,85,90,104,106" machi="13" ten="30,12000,1" yaku="1,1,0,1,52,1,54,1,53,1" doraHai="11" doraHaiUra="30" who="2" fromWho="2" sc="205,-41,261,-41,235,133,289,-41" /><INIT seed="2,2,0,2,2,112" ten="164,220,368,248" oya="2" hai0="24,75,115,87,42,34,78,22,101,120,35,37,59" hai1="128,111,63,47,5,109,89,2,1,46,66,108,118" hai2="94,123,134,28,76,104,95,98,135,82,19,33,9" hai3="3,117,88,103,36,40,25,74,114,29,132,14,68"/><V0/><F123/><W27/><G103/><T127/><D120/><U126/><E128/><V80/><F104/><W49/><G49/><T121/><D115/><U86/><E126/><V92/><F28/><W11/><G40/><T26/><D75/><U43/><E5/><V61/><F33/><W131/><G14/><T122/><D127/><U124/><E124/><V85/><F61/><W57/><G57/><T102/><D59/><N who="1" m="37247" /><E118/><V17/><F0/><N who="1" m="105" /><E43/><V106/><F9/><W56/><G56/><T52/><D42/><U107/><E107/><V13/><F19/><W72/><G11/><T50/><D37/><U30/><E30/><V71/><F71/><W58/><G58/><T16/><D35/><U21/><E21/><V77/><F13/><W51/><G51/><T79/><D34/><U67/><E67/><V55/><F17/><W60/><G60/><T100/><D26/><U20/><E20/><V84/><F55/><W90/><G3/><T64/><D64/><U93/><AGARI ba="2,0" hai="46,47,86,89,93,108,109,111" m="105,37247" machi="93" ten="40,1500,0" yaku="14,1" doraHai="112" who="1" fromWho="1" sc="164,-6,220,21,368,-9,248,-6" /><INIT seed="3,0,0,3,5,0" ten="158,241,359,242" oya="3" hai0="52,11,57,17,90,21,51,53,16,23,75,33,40" hai1="76,36,28,20,50,122,112,125,110,135,129,132,98" hai2="41,42,66,130,92,62,80,109,60,65,101,106,25" hai3="59,48,77,39,105,67,34,2,8,88,84,27,87"/><W35/><G39/><T103/><D75/><U3/><E36/><V30/><F109/><W116/><G105/><T24/><D33/><U13/><E122/><V118/><F118/><W49/><G116/><T19/><D103/><U73/><E3/><V79/><F130/><W58/><G77/><T107/><D107/><U114/><E50/><V64/><F106/><W133/><G27/><T70/><D70/><U111/><E98/><V72/><F42/><W61/><G133/><N who="1" m="51274" /><E129/><V47/><F92/><W81/><G84/><T108/><D108/><N who="1" m="41515" /><E125/><V15/><F101/><W82/><G49/><T54/><D90/><U100/><E100/><V128/><F128/><W91/><G91/><T14/><REACH who="0" step="1"/><D40/><REACH who="0" ten="148,241,359,242" step="2"/><U99/><E73/><V55/><F41/><W7/><REACH who="3" step="1"/><G82/><REACH who="3" ten="148,241,359,232" step="2"/><T31/><D31/><U124/><E76/><V120/><F79/><W10/><G10/><T38/><D38/><U71/><E28/><V1/><F80/><W86/><G86/><T18/><D18/><U69/><E124/><V96/><F72/><W12/><G12/><AGARI ba="0,2" hai="11,12,14,16,17,19,21,23,24,51,52,53,54,57" machi="12" ten="30,12000,2" yaku="1,1,7,1,8,1,54,2,53,1" doraHai="0" doraHaiUra="44" who="0" fromWho="3" sc="148,140,241,0,359,0,232,-120" /><INIT seed="4,0,0,4,5,57" ten="288,241,359,112" oya="0" hai0="38,49,25,112,99,33,52,24,3,87,81,20,101" hai1="91,8,68,121,4,37,109,39,55,11,35,58,14" hai2="40,75,131,56,107,42,12,119,28,76,43,77,26" hai3="92,115,97,46,50,36,111,124,45,44,7,100,64"/><T88/><D3/><U95/><E109/><V71/><F71/><W110/><G7/><T128/><D38/><U134/><E35/><V6/><F107/><W113/><G36/><T32/><D112/><N who="3" m="43081" /><G124/><T123/><D128/><U108/><E108/><N who="3" m="41514" /><G64/><T67/><D67/><U48/><E134/><V84/><F42/><AGARI ba="0,0" hai="42,44,45,46,50,92,97,100" m="41514,43081" machi="42" ten="30,1000,0" yaku="15,1" doraHai="57" who="3" fromWho="2" sc="288,0,241,0,359,-10,112,10" /><INIT seed="5,0,0,1,4,35" ten="288,241,349,122" oya="1" hai0="44,13,99,93,75,86,84,6,29,17,68,59,5" hai1="15,121,87,66,91,111,112,79,103,58,71,101,122" hai2="100,63,2,117,56,49,81,18,55,14,92,22,88" hai3="106,130,43,74,64,105,4,114,16,77,67,48,129"/><U25/><E71/><V134/><F134/><W118/><G77/><T80/><D68/><U20/><E112/><V53/><F117/><W123/><G74/><T125/><D125/><U54/><E111/><V19/><F2/><W28/><G28/><T110/><D110/><U128/><E128/><V73/><F100/><W51/><G4/><T96/><D29/><U7/><E66/><V95/><F19/><W83/><G83/><T102/><D75/><U8/><E79/><V36/><F36/><W85/><G85/><T21/><D96/><U3/><E3/><V46/><F73/><W0/><G43/><T107/><D107/><U72/><E122/><V52/><F55/><W127/><G123/><T11/><D44/><U65/><E65/><V131/><F131/><W42/><G42/><T31/><D59/><U113/><E113/><V62/><F63/><W61/><G114/><T126/><D126/><U76/><E76/><V40/><F40/><W50/><G50/><T34/><D34/><U30/><E121/><V120/><F120/><W37/><G127/><T1/><D84/><AGARI ba="0,0" hai="14,18,22,46,49,52,53,56,62,81,84,88,92,95" machi="84" ten="40,5200,0" yaku="8,1,54,2" doraHai="35" who="2" fromWho="0" sc="288,-52,241,0,349,52,122,0" /><INIT seed="6,0,0,2,2,24" ten="236,241,401,122" oya="2" hai0="60,134,64,135,131,27,77,3,127,133,105,107,32" hai1="61,129,78,9,66,28,99,65,84,101,122,19,50" hai2="47,21,56,33,111,68,2,83,108,42,76,123,10" hai3="70,54,114,38,71,35,26,112,79,82,86,124,34"/><V121/><F33/><W128/><G38/><T102/><D3/><U132/><E129/><V20/><F68/><W8/><G128/><T6/><D6/><U116/><E116/><V29/><F56/><W53/><G8/><T130/><D77/><U113/><E132/><V96/><F21/><W85/><G124/><T117/><D117/><U45/><E113/><N who="3" m="43626" /><G86/><T97/><D107/><U93/><E28/><V58/><F58/><W7/><G7/><T40/><D40/><N who="1" m="24871" /><E61/><V49/><F96/><W43/><G43/><T55/><D55/><N who="3" m="21001" /><G35/><T87/><D87/><U120/><E120/><V88/><F10/><W11/><G11/><T109/><D109/><U17/><E122/><V90/><F2/><W15/><G15/><T95/><D127/><U22/><E9/><V73/><F123/><W75/><G75/><T39/><D39/><U12/><E17/><V1/><F1/><W37/><G37/><T104/><D130/><U63/><E84/><V36/><F36/><W16/><G34/><T13/><D13/><U18/><E12/><V14/><F14/><W4/><G4/><T91/><D131/><U48/><E78/><V92/><F121/><W67/><G67/><T74/><D74/><U25/><E66/><V59/><F111/><W89/><G79/><T41/><D41/><U57/><E18/><V31/><F108/><W30/><G30/><N who="2" m="11273" /><F76/><W94/><G94/><N who="0" m="58679" /><D32/><U125/><E125/><V126/><F126/><W81/><G81/><T72/><D72/><U80/><E80/><V62/><F83/><W46/><G46/><T115/><D115/><U100/><E93/><RYUUKYOKU ba="0,0" sc="236,-10,241,-10,401,-10,122,30" hai3="16,26,70,71,82,85,89" /><INIT seed="7,1,0,2,0,76" ten="226,231,391,152" oya="3" hai0="94,33,49,44,82,98,70,31,84,2,52,57,103" hai1="77,93,108,95,51,92,48,74,63,127,35,87,47" hai2="81,4,78,16,3,125,39,86,107,106,17,56,115" hai3="79,69,1,102,37,83,55,67,104,22,109,19,23"/><W15/><G1/><T10/><D70/><U113/><E108/><V91/><F39/><W89/><G37/><T24/><D2/><U12/><E74/><V75/><F56/><W133/><G109/><T14/><D57/><U9/><E35/><V119/><F107/><W129/><G133/><T100/><D100/><U32/><E32/><V40/><F40/><W5/><G5/><T30/><D24/><U80/><E113/><V62/><F62/><W114/><G114/><T7/><D33/><U128/><E127/><V0/><F119/><W28/><G129/><T50/><D50/><N who="1" m="18987" /><E47/><V135/><F106/><W41/><G41/><T68/><D68/><U118/><E128/><V121/><F125/><W131/><G131/><T58/><D44/><U34/><E34/><V20/><F115/><W126/><G126/><T38/><D38/><U110/><E110/><V26/><F135/><W54/><G89/><AGARI ba="1,0" hai="7,10,14,30,31,49,52,58,82,84,89,94,98,103" machi="89" ten="30,7700,0" yaku="7,1,8,1,52,1,54,1" doraHai="76" who="0" fromWho="3" sc="226,80,231,0,391,0,152,-80" owari="306,11.0,231,-17.0,391,49.0,72,-43.0" /></mjloggm>