<mjloggm ver="2.3"><GO type="169" lobby="0"/><UN n0="%E3%80%93%E3%82%A2%E3%83%8A%E3%82%B9%E3%82%BF%E3%82%B7%E3%82%A2%E3%80%93" n1="%E3%82%A6%E3%83%AB%E3%83%88%E3%83%A9%E7%AB%8B%E7%9B%B4" n2="%7A%6F%6F%31%39%36%34" n3="%E5%AE%8C%E5%85%A8%E7%84%A1%E6%95%B5%E5%B0%91%E5%A5%B3%45%58" dan="16,17,18,16" rate="2044.93,2215.13,2198.29,2103.91" sx="F,M,M,F"/><TAIKYOKU oya="0"/><INIT seed="0,0,0,4,5,32" ten="250,250,250,250" oya="0" hai0="120,108,133,45,113,85,49,104,59,26,118,83,109" hai1="63,124,103,67,39,72,128,101,20,3,16,47,53" hai2="38,68,21,44,55,86,8,37,65,2,14,12,126" hai3="132,110,79,114,58,116,1,96,15,66,23,117,29"/><T34/><D118/><U4/><E72/><V25/><F126/><W77/><G114/><T70/><D120/><U95/><E128/><V105/><F105/><W40/><G40/><T91/><D113/><U102/><E124/><V131/><F131/><W112/><G112/><T76/><D70/><U135/><E135/><V82/><F38/><W50/><G1/><T130/><D130/><U92/><E4/><V28/><F65/><W60/><G132/><T0/><D133/><U19/><E3/><V97/><F97/><W127/><G110/><N who="0" m="42603" /><D104/><U80/><E80/><V71/><F2/><W10/><G127/><T99/><D59/><U42/><E53/><V33/><F33/><W134/><G134/><T9/><D26/><U62/><E62/><V54/><F14/><W129/><G129/><T125/><D34/><U74/><E74/><V24/><F24/><W46/><G96/><T115/><D115/><U13/><REACH who="1" step="1"/><E19/><REACH who="1" ten="250,240,250,250" step="2"/><N who="2" m="8583" /><F55/><N who="3" m="30167" /><G116/><T84/><D125/><U94/><E94/><V27/><F54/><W90/><G117/><T11/><D0/><U98/><E98/><V106/><F106/><W100/><G60/><T75/><D99/><U123/><E123/><V119/><F119/><W5/><G5/><T56/><D75/><U17/><E17/><V64/><F86/><W69/><G66/><T35/><D84/><U89/><E89/><V81/><F64/><W48/><G90/><T30/><D91/><U111/><E111/><V122/><F122/><W31/><G100/><T51/><D85/><U78/><E78/><V43/><F82/><W107/><G107/><T41/><D83/><RYUUKYOKU ba="0,1" sc="250,-10,240,30,250,-10,250,-10" hai1="13,16,20,39,42,47,63,67,92,95,101,102,103" /><INIT seed="1,1,1,0,2,5" ten="240,270,240,240" oya="1" hai0="121,52,87,18,36,34,23,54,12,102,7,41,35" hai1="71,4,97,51,105,63,50,46,3,122,133,116,125" hai2="33,27,9,73,2,118,49,123,68,64,40,89,28" hai3="44,56,30,61,134,117,67,99,111,70,91,11,114"/><U29/><E122/><V24/><F123/><W88/><G114/><T106/><D121/><U124/><E116/><V66/><F118/><W104/><G111/><T108/><D108/><U128/><E29/><V31/><F73/><W55/><G117/><T19/><D7/><U109/><E109/><V112/><F68/><W1/><G134/><T25/><D106/><U130/><E105/><V84/><F112/><W6/><G30/><T14/><D102/><U94/><E71/><V85/><F49/><W58/><G44/><T20/><D87/><U100/><E63/><V45/><F45/><W13/><G1/><T74/><D25/><U90/><E100/><V0/><F9/><W80/><G80/><T135/><D41/><U16/><E16/><V129/><F40/><W131/><G131/><N who="1" m="50218" /><E51/><V77/><F129/><W95/><G104/><T57/><D36/><U92/><E92/><V110/><F110/><W32/><G32/><T83/><D83/><U53/><E133/><V62/><F62/><N who="3" m="36127" /><G70/><T37/><D37/><U75/><E75/><V78/><F89/><AGARI ba="1,1" hai="6,11,13,58,61,67,88,89,91,95,99" m="36127" machi="89" ten="30,3900,0" yaku="8,1,52,1,54,1" doraHai="5" who="3" fromWho="2" sc="240,0,270,0,240,-42,240,52" /><INIT seed="2,0,0,4,4,116" ten="240,270,198,292" oya="2" hai0="110,102,78,49,71,127,67,24,18,95,36,111,72" hai1="112,135,76,83,23,45,69,66,0,129,120,61,52" hai2="70,13,31,104,54,86,1,57,6,29,84,37,19" hai3="98,134,91,100,97,121,41,77,126,35,75,28,62"/><V25/><F70/><W128/><G41/><T105/><D36/><U89/><E0/><V85/><F104/><W88/><G134/><T133/><D105/><U65/><E89/><V101/><F37/><W124/><G128/><T32/><D133/><U43/><E66/><V123/><F101/><W5/><G5/><T48/><D71/><U46/><E23/><V33/><F31/><W44/><G44/><T113/><D67/><U10/><E10/><V60/><F123/><W96/><G121/><T122/><D78/><U55/><E112/><V63/><F6/><W130/><G130/><T47/><D72/><U68/><E68/><V92/><F1/><W119/><G62/><T81/><D81/><U58/><E129/><V12/><F63/><W80/><G119/><T34/><D18/><U3/><E3/><V22/><REACH who="2" step="1"/><F12/><REACH who="2" ten="240,270,188,292" step="2"/><W40/><G100/><T39/><D102/><U114/><E120/><V27/><F27/><W117/><G117/><T50/><D39/><U9/><E69/><V51/><F51/><W103/><G103/><T15/><D122/><U11/><E135/><V53/><F53/><W87/><G28/><T64/><D15/><U59/><E55/><V14/><F14/><W115/><G40/><T94/><D24/><U30/><E43/><V125/><F125/><W8/><G126/><T4/><D127/><U38/><E30/><V2/><F2/><W16/><G124/><T93/><D50/><U7/><E38/><V131/><F131/><W109/><G115/><T90/><D113/><U79/><E114/><V42/><F42/><W73/><G35/><RYUUKYOKU ba="0,1" sc="240,-10,270,-10,188,30,292,-10" hai2="13,19,22,25,29,33,54,57,60,84,85,86,92" /><INIT seed="2,1,1,0,4,87" ten="230,260,218,282" oya="2" hai0="47,34,80,75,2,62,85,115,123,48,50,35,113" hai1="77,22,12,29,4,133,11,52,16,82,43,71,117" hai2="55,70,10,27,125,3,24,118,45,28,18,36,93" hai3="120,96,66,25,110,89,33,106,103,131,121,76,14"/><V78/><F118/><W129/><G66/><T86/><D123/><N who="3" m="47177" /><G14/><T102/><D2/><U32/><E71/><V30/><F70/><W68/><G68/><T65/><D75/><U54/><E43/><V105/><F105/><W61/><G61/><T51/><D102/><U41/><E41/><V119/><F119/><W72/><G25/><N who="2" m="9801" /><F36/><W49/><G49/><T38/><D86/><U112/><E112/><V20/><F3/><W31/><G31/><T1/><D1/><N who="1" m="399" /><E133/><V46/><F125/><W7/><G7/><T0/><D0/><U99/><E99/><V124/><F124/><W132/><G33/><T92/><D92/><U40/><E40/><V95/><F10/><W73/><G132/><T130/><D47/><N who="2" m="17930" /><F55/><W90/><G110/><T39/><D113/><U91/><E52/><V111/><F111/><W13/><G13/><T81/><D115/><U83/><E54/><V56/><F56/><W128/><G73/><T101/><D39/><U67/><E32/><V59/><F59/><W84/><G72/><T107/><D38/><U135/><E135/><V127/><F127/><W19/><G19/><T58/><D34/><U26/><E117/><V57/><F57/><W79/><G79/><T97/><D35/><N who="1" m="20919" /><E77/><V8/><F78/><W100/><G100/><T98/><D58/><U5/><E67/><V69/><F69/><W114/><G114/><T60/><D65/><U108/><E108/><V134/><F134/><W88/><G76/><T23/><D51/><U122/><E5/><V94/><F20/><W63/><G63/><T126/><D62/><U15/><E122/><RYUUKYOKU ba="1,1" sc="230,-15,260,-15,218,15,282,15" hai2="8,18,28,30,93,94,95" hai3="84,88,89,90,96,103,106,128,129,131" /><INIT seed="2,2,1,2,2,73" ten="215,245,233,297" oya="2" hai0="55,49,21,59,31,16,110,132,62,58,97,118,87" hai1="74,72,95,19,127,69,76,82,61,71,11,79,96" hai2="47,33,75,85,115,113,29,20,133,99,122,18,51" hai3="86,41,48,7,5,129,52,93,2,109,98,4,15"/><V10/><F75/><W92/><G2/><T123/><D123/><U81/><E127/><V131/><F122/><W1/><G1/><T111/><D132/><U68/><E11/><V120/><F120/><W103/><G109/><N who="0" m="41483" /><D118/><U128/><E19/><V102/><F133/><W23/><G129/><T124/><D124/><U112/><E112/><V126/><F126/><W60/><G60/><T53/><D31/><U135/><E135/><V121/><F10/><W108/><G108/><T77/><D97/><U13/><E13/><V12/><F131/><W43/><G15/><N who="0" m="9375" /><D87/><U45/><E128/><V42/><F121/><W30/><G30/><T90/><D90/><U9/><E9/><V44/><F85/><W17/><G17/><T114/><D114/><U70/><E45/><V104/><REACH who="2" step="1"/><F47/><REACH who="2" ten="215,245,223,297" step="2"/><N who="3" m="27679" /><G23/><T105/><D105/><U83/><E74/><V24/><AGARI ba="2,2" hai="12,18,20,24,29,33,42,44,51,99,102,104,113,115" machi="24" ten="30,3000,0" yaku="1,1,0,1,53,0" doraHai="73" doraHaiUra="91" who="2" fromWho="2" sc="215,-12,245,-12,223,56,297,-12" /><INIT seed="2,3,0,3,3,55" ten="203,233,279,285" oya="2" hai0="89,15,12,92,51,93,67,134,20,57,27,24,46" hai1="58,23,33,133,82,114,81,131,66,86,0,132,88" hai2="18,98,40,91,101,87,97,112,117,95,28,127,122" hai3="121,13,119,41,90,10,44,105,3,19,77,76,75"/><V50/><F122/><W109/><G121/><T130/><D134/><N who="1" m="51819" /><E0/><V129/><F117/><W63/><G119/><T61/><D130/><U54/><E33/><V84/><F112/><W31/><G109/><T71/><D71/><U70/><E131/><V74/><F129/><W11/><G105/><T35/><D35/><U39/><E39/><V8/><F74/><W99/><G31/><T60/><D60/><N who="1" m="40263" /><E23/><V32/><F127/><W65/><G75/><T113/><D113/><U7/><E7/><V85/><F32/><W107/><G11/><T26/><D20/><U125/><E125/><V59/><F28/><W56/><G3/><T25/><N who="0" m="6144" /><DORA hai="103" /><T128/><D128/><U124/><E124/><V1/><F1/><W5/><G5/><T104/><D104/><U17/><E17/><V14/><F40/><W21/><G21/><T102/><D102/><U72/><E114/><V47/><F47/><W6/><G6/><T64/><D64/><U30/><E30/><V68/><F68/><W48/><G107/><T37/><D37/><U16/><E16/><V80/><REACH who="2" step="1"/><F98/><REACH who="2" ten="203,233,269,285" step="2"/><W2/><G2/><T118/><D118/><U78/><E72/><V53/><AGARI ba="3,1" hai="8,14,18,50,53,59,80,84,85,87,91,95,97,101" machi="53" ten="30,12000,1" yaku="1,1,2,1,0,1,8,1,52,1,53,0" doraHai="55,103" doraHaiUra="34,38" who="2" fromWho="2" sc="203,-43,233,-43,269,139,285,-43" /><INIT seed="2,4,0,1,3,55" ten="160,190,408,242" oya="2" hai0="74,61,10,54,135,108,63,15,35,42,52,56,1" hai1="86,75,3,4,51,53,38,83,65,129,64,110,17" hai2="8,93,44,57,14,47,94,126,33,87,82,49,26" hai3="96,103,69,78,59,123,95,114,125,119,92,121,132"/><V13/><F126/><W27/><G119/><T29/><D74/><U124/><E38/><V20/><F33/><W77/><G125/><T9/><D1/><U111/><E75/><V104/><F104/><W130/><G69/><T91/><D108/><N who="1" m="41515" /><E129/><V46/><F94/><W24/><G130/><T12/><D135/><U120/><E120/><V71/><F71/><W22/><G132/><T66/><D42/><U21/><E4/><V28/><F93/><W102/><G114/><T30/><D91/><N who="1" m="51679" /><E3/><V107/><F107/><W118/><G118/><T85/><D85/><U101/><E101/><V106/><F106/><W62/><G121/><T31/><D35/><U84/><E84/><V60/><F49/><W131/><G131/><T72/><D72/><U113/><E113/><V39/><F39/><W68/><G68/><T109/><D109/><U117/><E124/><V37/><F37/><W100/><G123/><T70/><REACH who="0" step="1"/><D54/><REACH who="0" ten="150,190,408,242" step="2"/><U25/><E117/><V18/><F87/><W128/><G128/><T43/><D43/><U0/><E0/><V80/><F14/><AGARI ba="4,1" hai="9,10,12,14,15,29,30,31,52,56,61,63,66,70" machi="14" ten="40,5200,0" yaku="1,1,52,1,54,1,53,0" doraHai="55" doraHaiUra="115" who="0" fromWho="2" sc="150,74,190,0,408,-64,242,0" /><INIT seed="3,0,0,4,2,7" ten="224,190,344,242" oya="3" hai0="135,68,4,122,32,26,65,82,115,34,128,112,131" hai1="90,30,93,79,74,121,110,56,41,83,107,28,119" hai2="114,8,46,9,52,70,1,81,105,54,134,85,99" hai3="39,57,44,96,53,120,47,118,25,58,33,59,16"/><W37/><G118/><T11/><D122/><U129/><E121/><V76/><F70/><W24/><G120/><T102/><D102/><U87/><E110/><V42/><F114/><N who="0" m="43562" /><D82/><U12/><E129/><N who="0" m="49737" /><D135/><U111/><E111/><V72/><F134/><W101/><G33/><T18/><D65/><U51/><E119/><V67/><F67/><W55/><G96/><T3/><D68/><U125/><E125/><V103/><F85/><W106/><G106/><T113/><N who="0" m="43570" /><T89/><DORA hai="130" /><D89/><U84/><E74/><V108/><F108/><W98/><G98/><T88/><D88/><U124/><E107/><V71/><F71/><W61/><G101/><T69/><D69/><U104/><E104/><V35/><F35/><W78/><G78/><T40/><D40/><U45/><E124/><V13/><F1/><W126/><G126/><T64/><D64/><U0/><E0/><V94/><F105/><W86/><G86/><T22/><AGARI ba="0,0" hai="3,4,11,18,22,26,32,34" m="49737,43570" machi="22" ten="50,8000,1" yaku="11,1,19,1,34,2,52,1" doraHai="7,130" who="0" fromWho="0" sc="224,80,190,-20,344,-20,242,-40" /><INIT seed="4,0,0,3,2,99" ten="304,170,324,202" oya="0" hai0="56,54,40,49,131,12,44,55,124,17,132,83,39" hai1="104,106,9,96,6,87,101,72,35,97,43,86,102" hai2="15,62,11,26,51,109,14,85,110,22,107,24,53" hai3="135,88,30,75,94,130,84,122,8,42,80,3,65"/><T66/><D124/><U100/><E35/><V70/><F107/><W25/><G130/><T41/><D131/><U112/><E112/><V129/><F129/><W67/><G135/><T123/><D123/><U73/><E43/><V79/><F26/><W116/><G116/><T63/><D132/><U61/><E61/><V21/><F21/><W18/><G122/><T38/><D83/><U2/><E101/><V0/><F0/><W121/><G121/><T78/><D78/><U48/><E48/><V23/><F23/><W60/><G42/><N who="0" m="16491" /><D17/><U74/><AGARI ba="0,0" hai="2,6,9,72,73,74,86,87,96,97,100,102,104,106" machi="74" ten="30,7900,0" yaku="0,1,9,1,52,2" doraHai="99" who="1" fromWho="1" sc="304,-39,170,79,324,-20,202,-20" /><INIT seed="5,0,0,5,1,113" ten="265,249,304,182" oya="1" hai0="125,108,118,112,59,67,36,23,42,45,41,16,96" hai1="93,64,24,10,2,102,106,95,91,63,34,9,48" hai2="22,90,71,126,58,27,31,129,17,21,30,89,50" hai3="119,79,43,101,70,69,74,116,83,29,46,1,65"/><U135/><E135/><V39/><F39/><W54/><G1/><T123/><D108/><U72/><E72/><V0/><F71/><W49/><G101/><T53/><D112/><U94/><E48/><V66/><F0/><W62/><G69/><T60/><D125/><U47/><E47/><V7/><F7/><W61/><G29/><T8/><D123/><U81/><E2/><V110/><F110/><W55/><G62/><T120/><D120/><U25/><E91/><V51/><F129/><W4/><G4/><T127/><D127/><U11/><E81/><V52/><F66/><W33/><G33/><T87/><D8/><U77/><E77/><V35/><F35/><W103/><G103/><T19/><D42/><U82/><E82/><V86/><F126/><W100/><G100/><T78/><D96/><U44/><E44/><V105/><F105/><W124/><G124/><T84/><D78/><U115/><E115/><V85/><F51/><W26/><G26/><T104/><D104/><U18/><E18/><V6/><F6/><W56/><REACH who="3" step="1"/><G55/><REACH who="3" ten="265,249,304,172" step="2"/><T37/><D53/><U3/><E3/><V111/><F111/><W13/><G13/><T5/><D5/><U122/><E122/><V114/><F114/><W132/><G132/><T128/><D60/><U68/><E34/><V121/><F121/><W76/><G76/><T130/><D19/><U32/><E32/><V28/><F17/><W40/><G40/><T12/><D16/><U131/><E131/><V117/><F27/><N who="1" m="10313" /><E102/><V98/><F31/><W20/><G20/><T88/><D128/><U107/><AGARI ba="0,1" hai="9,10,11,63,64,68,93,94,95,106,107" m="10313" machi="107" ten="40,2100,0" yaku="5,1" doraHai="113" who="1" fromWho="1" sc="265,-7,249,31,304,-7,172,-7" /><INIT seed="5,1,0,0,5,81" ten="258,280,297,165" oya="1" hai0="92,10,90,130,35,95,67,64,62,61,98,115,12" hai1="83,107,71,15,101,50,21,41,121,103,88,86,48" hai2="25,77,5,80,108,113,20,23,102,54,135,65,68" hai3="2,123,112,7,19,131,40,1,70,0,114,45,118"/><U87/><E71/><V97/><F108/><W73/><G73/><T33/><D115/><N who="3" m="44073" /><G70/><T100/><D130/><U18/><E121/><V42/><F113/><W34/><G123/><T132/><D132/><U129/><E129/><V43/><F135/><W6/><G131/><T79/><D79/><N who="1" m="46463" /><E107/><V27/><F5/><N who="3" m="1547" /><G45/><T84/><D35/><U125/><E125/><V53/><F65/><N who="0" m="25162" /><D33/><U63/><E63/><V46/><F68/><W28/><G40/><T17/><AGARI ba="1,0" hai="10,12,17,61,62,84,90,92,95,98,100" m="25162" machi="17" ten="30,2000,0" yaku="8,1,52,1" doraHai="81" who="0" fromWho="0" sc="258,23,280,-11,297,-6,165,-6" /><INIT seed="6,0,0,2,4,83" ten="281,269,291,159" oya="2" hai0="60,92,105,13,104,115,4,39,50,79,34,118,51" hai1="56,85,109,11,113,122,78,72,22,68,42,101,64" hai2="37,8,71,38,102,88,132,116,3,81,1,61,84" hai3="17,107,27,43,125,19,16,23,124,126,25,49,135"/><V2/><F116/><W32/><G107/><T89/><D39/><U111/><E68/><V33/><F33/><W114/><G43/><T93/><D34/><U106/><E42/><V69/><F132/><W117/><G49/><T95/><D118/><U74/><E22/><V15/><F102/><W54/><G54/><T110/><D110/><U91/><E11/><V66/><REACH who="2" step="1"/><F71/><REACH who="2" ten="281,269,281,159" step="2"/><W112/><G117/><T9/><D105/><U133/><E101/><V5/><AGARI ba="0,1" hai="1,2,3,5,8,15,37,38,61,66,69,81,84,88" machi="5" ten="30,18000,2" yaku="1,1,2,1,0,1,52,1,54,1,53,1" doraHai="83" doraHaiUra="82" who="2" fromWho="2" sc="281,-60,269,-60,281,190,159,-60" /><INIT seed="6,1,0,5,4,46" ten="221,209,471,99" oya="2" hai0="129,44,7,35,124,95,118,5,13,103,105,81,69" hai1="65,99,40,42,52,104,4,19,56,120,47,132,109" hai2="41,107,134,31,76,0,82,86,17,15,97,72,111" hai3="127,14,21,130,75,63,96,28,39,131,45,54,68"/><V10/><F134/><W9/><G75/><T110/><D110/><U74/><E74/><V62/><F111/><W48/><G127/><T53/><D105/><U50/><E109/><V123/><F123/><W24/><G39/><T87/><D69/><U32/><E32/><V64/><F0/><W126/><G126/><T128/><D35/><U94/><E104/><V133/><F133/><W29/><G29/><T26/><D124/><U89/><E132/><V67/><F31/><W6/><REACH who="3" step="1"/><G96/><REACH who="3" ten="221,209,471,89" step="2"/><T12/><D129/><U83/><E99/><V113/><F72/><W3/><G3/><T106/><D128/><U61/><E120/><V18/><F97/><W102/><G102/><T114/><D103/><U11/><E83/><V20/><F82/><W60/><G60/><T108/><D81/><U2/><E2/><V79/><F62/><W78/><G78/><T100/><D100/><U84/><E4/><V122/><F79/><W71/><G71/><T25/><D108/><U117/><E117/><V88/><F76/><W27/><G27/><T112/><D118/><U58/><E61/><V77/><F77/><W37/><G37/><T51/><D26/><U57/><E89/><V8/><F122/><W93/><G93/><T91/><D25/><U36/><E36/><V92/><F92/><W101/><G101/><T125/><D106/><U85/><E94/><V49/><F88/><W34/><G34/><T30/><D125/><U80/><E80/><V1/><F1/><W116/><G116/><T115/><D30/><U98/><E98/><V90/><F90/><W66/><AGARI ba="1,1" hai="6,9,14,21,24,28,45,48,54,63,66,68,130,131" machi="66" ten="30,8000,1" yaku="1,1,5,1,0,1,52,1,53,1" doraHai="46" doraHaiUra="23" who="3" fromWho="3" sc="221,-21,209,-21,471,-41,89,93" /><INIT seed="7,0,0,5,5,78" ten="200,188,430,182" oya="3" hai0="58,18,41,15,68,72,16,114,49,87,123,60,126" hai1="62,43,52,113,13,69,96,98,97,128,119,93,35" hai2="135,81,50,59,5,74,61,130,76,30,122,21,89" hai3="47,31,100,125,124,63,115,117,32,12,105,95,109"/><W112/><G117/><T80/><D123/><U3/><E3/><V82/><F122/><W134/><G134/><T91/><D126/><N who="3" m="48745" /><G109/><T116/><D116/><U85/><E35/><V73/><F130/><W107/><G47/><N who="0" m="25839" /><D114/><N who="3" m="43561" /><G63/><T77/><D72/><U104/><E43/><V23/><F135/><W71/><G71/><T57/><D68/><U37/><E69/><V103/><F50/><W11/><G31/><T131/><D131/><U129/><E37/><V4/><F30/><W27/><G27/><T66/><D57/><U33/><E119/><V9/><F59/><W7/><G32/><T39/><D39/><U24/><E33/><V64/><F61/><W110/><G110/><T79/><D18/><U1/><E113/><V101/><F64/><W90/><G100/><T14/><D14/><U88/><E13/><V92/><F103/><W99/><AGARI ba="0,0" hai="7,11,12,90,95,99,105,107" m="43561,48745" machi="99" ten="30,3000,0" yaku="18,1,15,1" doraHai="78" who="3" fromWho="3" sc="200,-10,188,-10,430,-10,182,30" /><INIT seed="7,1,0,5,0,56" ten="190,178,420,212" oya="3" hai0="30,10,130,83,22,40,97,25,101,94,92,15,62" hai1="6,118,20,63,57,91,61,60,98,125,132,65,67" hai2="99,3,117,122,44,34,21,11,96,129,89,110,68" hai3="53,93,55,58,111,104,82,39,46,112,80,103,27"/><W54/><G104/><T9/><D130/><U12/><E125/><V2/><F68/><W72/><G112/><T123/><D123/><U64/><E132/><V38/><F89/><W133/><G133/><T71/><D40/><U5/><E118/><V52/><F21/><W113/><G113/><T128/><D128/><U59/><E20/><V131/><F44/><W108/><G27/><T29/><D83/><N who="3" m="31785" /><G72/><T100/><D30/><U7/><E12/><V17/><F38/><W31/><G31/><T74/><D74/><U23/><E23/><V16/><F34/><W19/><G19/><T107/><D101/><U88/><E98/><V87/><F117/><W105/><G105/><T135/><D135/><U79/><E79/><V114/><F122/><W85/><G46/><T4/><D10/><U116/><REACH who="1" step="1"/><E116/><REACH who="1" ten="190,168,420,212" step="2"/><V28/><F114/><W75/><G108/><T45/><REACH who="0" step="1"/><D45/><REACH who="0" ten="180,168,420,212" step="2"/><U115/><E115/><V90/><F110/><W1/><G111/><T50/><D50/><U76/><E76/><V124/><F131/><W119/><G119/><T78/><D78/><U126/><E126/><V35/><F124/><W33/><G39/><T37/><D37/><U32/><E32/><V120/><F35/><W109/><G33/><T86/><D86/><U81/><E81/><V14/><F87/><W36/><G85/><T69/><D69/><AGARI ba="1,2" hai="5,6,7,57,59,60,61,63,64,65,67,69,88,91" machi="69" ten="40,12000,2" yaku="1,1,9,1,52,3,54,1,53,0" doraHai="56" doraHaiUra="24" who="1" fromWho="0" sc="180,-123,168,143,420,0,212,0" owari="57,-44.0,311,11.0,420,52.0,212,-19.0" /></mjloggm>