<mjloggm ver="2.3"><GO type="169" lobby="0"/><UN n0="%E6%A1%9C%E4%BA%95%E3%81%95%E3%82%93" n1="%E3%82%A6%E3%83%AB%E3%83%88%E3%83%A9%E7%AB%8B%E7%9B%B4" n2="%52%6F%75%74%65%38" n3="%E3%81%8F%E3%82%8D%E3%81%AF%E3%81%A1" dan="17,17,16,17" rate="2165.92,2145.54,2080.06,2167.49" sx="M,M,M,M"/><TAIKYOKU oya="0"/><INIT seed="0,0,0,3,0,26" ten="250,250,250,250" oya="0" hai0="107,8,96,89,1,41,117,28,36,40,46,103,79" hai1="55,39,7,125,48,45,24,121,111,65,22,20,0" hai2="12,34,82,81,108,21,104,6,135,9,92,10,101" hai3="18,38,43,33,90,57,44,69,75,114,102,97,13"/><T73/><D117/><U58/><E121/><V35/><F104/><W3/><G114/><T30/><D41/><U5/><E111/><V129/><F108/><W116/><G116/><T78/><D89/><U23/><E125/><V83/><F129/><W77/><G69/><T120/><D120/><U106/><E106/><V131/><F131/><W84/><G3/><T94/><D94/><U113/><E113/><V98/><F135/><W124/><G124/><T109/><D109/><U70/><E0/><V67/><F67/><W64/><G33/><T134/><D134/><U76/><E76/><V88/><F21/><W80/><G64/><T115/><D115/><U15/><E15/><V52/><F101/><W29/><G57/><T119/><D119/><U71/><E71/><V91/><F91/><W25/><G18/><T100/><D100/><U118/><E118/><V95/><F95/><W105/><G13/><T37/><D37/><U128/><E128/><V127/><F127/><W56/><G56/><T2/><D2/><U68/><E68/><V130/><F130/><W59/><G59/><T62/><D62/><N who="1" m="40247" /><E24/><V54/><REACH who="2" step="1"/><F10/><REACH who="2" ten="250,250,240,250" step="2"/><W66/><G66/><T74/><D79/><U126/><E126/><V32/><AGARI ba="0,1" hai="6,9,12,32,34,35,52,54,81,82,83,88,92,98" machi="32" ten="40,8000,1" yaku="1,1,2,1,0,1,54,2,53,0" doraHai="26" doraHaiUra="110" who="2" fromWho="2" sc="250,-40,250,-20,240,90,250,-20" /><INIT seed="1,0,0,1,0,22" ten="210,230,330,230" oya="1" hai0="77,63,98,40,26,1,80,51,103,47,125,7,127" hai1="117,114,112,29,79,23,131,118,97,54,48,123,106" hai2="60,9,42,116,62,94,111,5,101,88,119,24,96" hai3="124,93,19,84,61,18,105,86,45,68,27,43,82"/><U71/><E106/><V67/><F111/><W17/><G105/><T102/><D7/><U120/><E79/><V4/><F42/><W91/><G124/><T128/><D1/><U20/><E97/><V15/><F5/><W41/><G68/><T109/><D109/><U21/><E71/><V44/><F44/><W50/><G61/><T89/><D128/><U87/><E87/><V113/><F113/><N who="1" m="43625" /><E48/><V49/><F49/><W39/><G39/><T78/><D63/><U132/><E54/><V59/><F101/><W13/><G13/><T95/><D77/><U64/><E64/><V100/><F100/><W85/><G41/><T126/><REACH who="0" step="1"/><D26/><REACH who="0" ten="200,230,330,230" step="2"/><N who="1" m="16583" /><E131/><V115/><F115/><W11/><G11/><T130/><D130/><U35/><E132/><V74/><F62/><W3/><G3/><T33/><D33/><U133/><E35/><V69/><F69/><W12/><G12/><T122/><D122/><N who="1" m="46635" /><E133/><V70/><F70/><W32/><G82/><T46/><D46/><U6/><E6/><V10/><F4/><W81/><G81/><T108/><D108/><U83/><E83/><V53/><F60/><W65/><G65/><T25/><D25/><U28/><E23/><V129/><F67/><W36/><G36/><T55/><D55/><U38/><E38/><V37/><F37/><W31/><AGARI ba="0,1" hai="17,18,19,27,31,32,43,45,50,84,85,86,91,93" machi="31" ten="30,2000,0" yaku="0,1,52,1" doraHai="22" who="3" fromWho="3" sc="200,-5,230,-10,330,-5,230,30" /><INIT seed="2,0,0,3,3,94" ten="195,220,325,260" oya="2" hai0="102,57,76,100,70,14,119,47,110,8,72,17,29" hai1="91,129,90,24,121,68,96,83,19,75,3,71,63" hai2="40,112,0,67,60,115,78,6,55,65,53,1,48" hai3="118,35,82,25,27,81,22,32,46,97,92,56,69"/><V16/><F78/><W64/><G118/><T15/><D70/><U89/><E3/><V120/><F120/><W23/><G69/><T105/><D119/><U101/><E129/><V18/><F6/><W135/><G135/><T84/><D72/><U122/><E83/><V50/><REACH who="2" step="1"/><F60/><REACH who="2" ten="195,220,315,260" step="2"/><N who="3" m="37895" /><G32/><T13/><D76/><U114/><E63/><V12/><F12/><W41/><G35/><T125/><D15/><U99/><E121/><V11/><F11/><W61/><G61/><T85/><D14/><U87/><E122/><V93/><F93/><W134/><G134/><T7/><D13/><U30/><E114/><V45/><F45/><W62/><G62/><T5/><D47/><U79/><E79/><V73/><F73/><W104/><G104/><T44/><D44/><U2/><E75/><V116/><F116/><W108/><G46/><T52/><D105/><U20/><E71/><V39/><F39/><W106/><G106/><T58/><D5/><U28/><E68/><V107/><F107/><W74/><G74/><T98/><D7/><U131/><E2/><V66/><F66/><W77/><G77/><T103/><D8/><U111/><E131/><V130/><F130/><W10/><G10/><T34/><D34/><U86/><E111/><V21/><F21/><N who="3" m="7691" /><G108/><T80/><D110/><U43/><E30/><V26/><F26/><N who="3" m="9739" /><G41/><AGARI ba="0,1" hai="0,1,16,18,40,41,48,50,53,55,65,67,112,115" machi="41" ten="25,9600,0" yaku="1,1,22,2,54,1,53,0" doraHai="94" doraHaiUra="4" who="2" fromWho="3" sc="195,0,220,0,315,106,260,-96" /><INIT seed="2,1,0,3,2,84" ten="195,220,421,164" oya="2" hai0="55,30,72,5,80,53,24,86,48,60,59,108,29" hai1="70,126,8,107,128,2,20,15,49,87,82,118,27" hai2="113,47,115,40,66,93,79,97,68,58,135,122,125" hai3="34,57,12,44,38,131,23,63,46,9,85,117,71"/><V28/><F122/><W76/><G117/><T83/><D108/><U102/><E118/><V10/><F68/><W114/><G34/><T92/><D5/><U73/><E70/><V121/><F121/><W16/><G71/><T36/><D36/><U51/><E73/><V17/><F28/><W13/><G131/><T25/><D72/><U134/><E2/><V41/><F135/><W127/><G127/><T104/><D104/><U90/><E128/><V45/><F125/><W91/><G76/><T61/><D92/><U129/><E129/><V74/><F74/><W75/><G75/><T100/><D100/><U3/><E3/><V26/><F79/><W78/><G78/><T7/><D7/><U89/><E102/><V109/><F109/><W95/><G38/><T132/><D132/><U67/><E67/><V21/><F10/><W69/><G114/><T112/><D112/><U116/><E107/><V52/><F66/><N who="3" m="39279" /><G69/><T35/><D86/><N who="1" m="50391" /><E116/><V32/><F32/><W101/><G101/><T88/><D35/><U110/><E110/><V18/><F113/><W111/><G111/><T19/><D19/><AGARI ba="1,0" hai="9,12,13,16,19,23,44,46,85,91,95" m="39279" machi="19" ten="30,3900,0" yaku="8,1,52,1,54,1" doraHai="84" who="3" fromWho="0" sc="195,-42,220,0,421,0,164,42" /><INIT seed="3,0,0,4,1,34" ten="153,220,421,206" oya="3" hai0="129,96,75,10,6,46,115,135,27,69,110,40,124" hai1="37,59,104,79,41,91,43,52,80,90,81,8,64" hai2="11,21,85,99,55,97,111,5,32,84,23,44,121" hai3="107,131,42,70,24,112,82,62,117,53,38,132,47"/><W116/><G107/><T2/><D96/><U119/><E104/><V3/><F32/><W17/><G112/><T87/><D87/><U19/><E64/><V122/><F111/><W88/><G131/><T63/><D110/><U120/><E120/><N who="2" m="46187" /><F85/><W113/><G113/><T101/><D101/><U67/><E67/><V93/><F84/><W65/><G132/><T102/><D102/><U61/><E119/><V49/><F97/><W16/><G82/><N who="1" m="31850" /><E37/><V73/><F73/><W77/><G77/><T134/><D75/><U33/><E33/><V22/><F22/><W89/><G117/><T74/><D74/><U7/><E7/><V94/><F94/><W58/><G116/><T15/><D115/><U76/><E43/><V25/><F25/><W130/><G130/><T50/><D129/><U31/><E41/><V98/><F98/><W95/><G24/><T86/><D86/><U26/><E31/><V106/><F106/><W126/><G126/><T71/><D124/><U108/><E108/><V18/><F18/><N who="3" m="7275" /><G95/><T57/><D27/><U109/><E109/><V48/><F48/><AGARI ba="0,0" hai="38,42,47,48,53,58,62,65,70,88,89" m="7275" machi="48" ten="30,5800,0" yaku="24,1,54,2" doraHai="34" who="3" fromWho="2" sc="153,0,220,0,421,-58,206,58" /><INIT seed="3,1,0,3,5,101" ten="153,220,363,264" oya="3" hai0="61,45,84,130,104,132,79,22,73,71,105,36,65" hai1="135,49,117,60,116,5,87,103,35,122,27,28,52" hai2="113,134,3,37,15,127,107,54,13,69,115,57,44" hai3="118,123,99,98,6,102,12,46,0,2,18,94,114"/><W125/><G114/><T129/><D84/><U55/><E122/><V14/><F69/><W7/><G118/><T26/><D132/><U11/><E135/><V76/><F3/><W75/><G123/><T133/><D133/><U78/><E103/><V109/><F134/><W85/><G75/><T33/><D79/><U53/><E60/><V89/><F76/><W77/><G125/><T58/><D73/><U72/><E87/><V124/><F109/><W31/><G31/><N who="0" m="19703" /><D22/><U51/><E78/><V16/><F89/><W40/><G0/><T97/><D58/><U86/><E86/><V70/><F70/><W126/><G2/><T91/><D91/><U21/><E35/><V34/><F34/><W83/><G99/><T111/><D111/><U128/><E72/><V50/><F107/><N who="0" m="41034" /><D97/><U38/><E117/><V48/><F16/><W24/><G126/><N who="2" m="48169" /><F50/><N who="3" m="26951" /><G24/><T29/><D29/><U17/><E28/><V4/><F4/><W90/><G77/><T9/><D9/><AGARI ba="1,0" hai="6,7,9,12,18,83,85,90,94,98,102" m="26951" machi="9" ten="30,1500,0" yaku="8,1" doraHai="101" who="3" fromWho="0" sc="153,-18,220,0,363,0,264,18" /><INIT seed="3,2,0,4,1,42" ten="135,220,363,282" oya="3" hai0="86,2,62,55,87,56,103,64,116,102,47,73,82" hai1="85,35,115,44,17,18,49,3,113,69,21,120,46" hai2="6,63,81,129,24,37,36,77,22,60,15,5,134" hai3="99,80,14,89,23,105,19,107,84,72,132,117,101"/><W26/><G117/><T135/><D116/><U71/><E35/><V104/><F104/><W90/><G132/><T32/><D2/><U9/><E85/><V4/><F129/><W33/><G72/><T0/><D0/><U61/><E3/><V111/><F134/><W75/><G75/><T57/><D32/><U106/><E49/><V79/><F111/><W119/><G119/><T16/><D73/><U123/><E21/><V74/><F15/><W66/><G66/><T96/><D135/><U1/><E1/><V7/><F77/><W28/><REACH who="3" step="1"/><G107/><REACH who="3" ten="135,220,363,272" step="2"/><T92/><D103/><U39/><E106/><V110/><F74/><W67/><G67/><T25/><D64/><U76/><E120/><V43/><F110/><W48/><G48/><T88/><D102/><U38/><E123/><V50/><F50/><W58/><G58/><T11/><D57/><U70/><E70/><V20/><F37/><W126/><G126/><T131/><D56/><U94/><E71/><V27/><F36/><W124/><G124/><T12/><D131/><U54/><E69/><V125/><F125/><W31/><G31/><T93/><D62/><U100/><E61/><V91/><F63/><W45/><G45/><T112/><D47/><U53/><E39/><V121/><F60/><W8/><G8/><T114/><D11/><U78/><E38/><V52/><F121/><W51/><G51/><T30/><D30/><U108/><E9/><V34/><F43/><W122/><G122/><T41/><D41/><U97/><E108/><V13/><F52/><N who="1" m="20073" /><E46/><V128/><F128/><W118/><G118/><RYUUKYOKU ba="2,1" sc="135,-10,220,-10,363,-10,272,30" hai3="14,19,23,26,28,33,80,84,89,90,99,101,105" /><INIT seed="3,3,1,0,2,48" ten="125,210,353,302" oya="3" hai0="57,87,22,45,82,54,100,1,18,44,23,73,123" hai1="72,89,19,4,55,124,126,108,119,30,60,135,104" hai2="77,105,17,15,41,112,97,71,42,85,99,24,7" hai3="102,134,69,129,106,70,86,93,79,96,40,107,47"/><W101/><G129/><T53/><D123/><U39/><E39/><V58/><F112/><W63/><G134/><T6/><D73/><U43/><E43/><V92/><F71/><W33/><G33/><T38/><D100/><U68/><E135/><V118/><F118/><W91/><G79/><T130/><D130/><U94/><E104/><V115/><F105/><W50/><G63/><T103/><D103/><U36/><E36/><V46/><F115/><W98/><AGARI ba="3,1" hai="40,47,50,69,70,86,91,93,96,98,101,102,106,107" machi="98" ten="30,3000,0" yaku="0,1,9,1" doraHai="48" who="3" fromWho="3" sc="125,-13,210,-13,353,-13,302,49" /><INIT seed="3,4,0,4,5,34" ten="112,197,340,351" oya="3" hai0="57,84,115,107,83,124,99,105,47,14,123,98,3" hai1="35,135,52,15,119,8,85,70,42,89,60,103,41" hai2="125,114,29,75,95,44,13,77,109,1,58,93,6" hai3="49,16,51,121,36,111,101,74,100,131,2,30,90"/><W108/><G121/><T73/><D3/><U4/><E35/><V40/><F13/><W21/><G36/><T92/><D47/><U134/><E103/><N who="3" m="39498" /><G74/><T20/><D57/><N who="1" m="34855" /><E70/><V80/><F29/><W97/><G30/><T61/><D61/><U91/><E91/><V81/><F114/><W11/><G131/><T9/><D20/><U50/><E50/><V87/><F58/><W110/><G97/><T55/><D55/><U25/><E25/><V45/><F45/><W18/><G90/><T26/><D26/><U132/><E119/><V38/><F109/><W71/><G71/><T76/><D14/><U28/><E28/><V63/><F63/><W31/><G31/><T79/><D123/><U65/><E65/><V5/><F5/><N who="3" m="1463" /><G18/><T78/><D115/><U94/><AGARI ba="4,0" hai="4,8,15,41,42,85,89,94,132,134,135" m="34855" machi="94" ten="30,2000,0" yaku="20,1,54,1" doraHai="34" who="1" fromWho="1" sc="112,-9,197,32,340,-9,351,-14" /><INIT seed="4,0,0,2,2,54" ten="103,229,331,337" oya="0" hai0="122,42,53,130,0,107,102,25,30,134,21,108,13" hai1="71,68,24,128,116,75,101,33,23,111,79,61,65" hai2="76,8,57,50,11,113,97,38,129,15,112,9,10" hai3="131,22,49,27,117,115,35,89,39,28,83,77,31"/><T17/><D122/><U16/><E111/><V109/><F38/><W32/><G117/><T63/><D0/><U93/><E116/><V74/><F109/><W121/><G39/><T100/><D108/><U26/><E128/><V6/><F129/><W64/><G131/><T4/><D130/><U12/><E71/><V135/><F135/><W86/><G121/><T114/><D134/><U104/><E93/><V73/><F97/><W7/><G115/><N who="2" m="44105" /><F76/><W90/><G7/><T125/><D114/><U55/><E55/><AGARI ba="0,0" hai="6,8,9,10,11,15,50,55,57,73,74" m="44105" machi="55" ten="30,2000,0" yaku="15,1,52,1" doraHai="54" who="2" fromWho="1" sc="103,0,229,-20,331,20,337,0" /><INIT seed="5,0,0,2,2,127" ten="103,209,351,337" oya="1" hai0="58,86,100,119,31,125,82,134,44,12,24,80,129" hai1="63,113,73,96,52,111,15,54,57,60,126,120,23" hai2="8,115,3,36,65,107,95,51,75,106,32,35,7" hai3="118,46,56,114,67,64,66,13,5,17,117,28,70"/><U130/><E73/><V71/><F51/><W133/><G70/><T91/><D119/><N who="3" m="45577" /><G114/><T99/><D125/><U124/><E120/><V27/><F95/><W61/><G133/><T135/><D44/><U21/><E15/><V34/><F27/><W39/><G5/><T50/><D12/><U10/><E113/><V2/><F115/><W90/><G28/><T81/><D58/><U122/><E57/><V79/><F36/><W108/><G108/><T42/><D42/><U47/><E96/><V89/><F89/><W62/><G90/><T16/><D50/><U25/><E47/><V48/><F48/><W0/><G0/><T101/><D31/><U116/><E116/><V84/><F84/><W14/><G14/><T40/><D40/><U109/><E122/><V78/><F78/><W104/><G104/><T33/><D33/><U19/><E19/><V110/><F3/><W49/><G39/><T11/><D11/><U6/><E6/><V94/><F110/><W93/><G93/><N who="0" m="56767" /><D16/><U132/><E132/><N who="0" m="50729" /><D24/><U131/><E25/><V128/><F106/><W55/><G46/><T53/><D53/><U83/><E83/><N who="0" m="31817" /><D129/><U76/><E76/><AGARI ba="0,0" hai="76,82,86,100,101" m="31817,50729,56767" machi="76" ten="30,3900,0" yaku="20,1,34,2" doraHai="127" who="0" fromWho="1" sc="103,39,209,-39,351,0,337,0" /><INIT seed="6,0,0,1,5,134" ten="142,170,351,337" oya="2" hai0="129,65,121,89,100,32,117,133,77,58,8,111,120" hai1="130,29,47,83,132,46,122,51,102,128,0,59,5" hai2="54,94,123,118,74,18,80,70,4,15,131,1,43" hai3="60,50,62,73,106,48,7,26,20,81,84,72,61"/><V110/><F123/><W119/><G119/><T36/><D8/><N who="1" m="2087" /><E132/><V19/><F118/><W17/><G106/><T125/><D100/><U27/><E83/><V23/><F70/><W56/><G7/><T21/><D21/><N who="1" m="15599" /><E122/><V52/><F1/><W95/><G95/><T126/><D117/><U69/><E69/><V91/><F4/><W108/><G108/><T64/><D111/><U49/><E102/><V112/><F110/><W109/><G109/><T104/><D104/><U10/><E10/><V35/><F43/><W13/><G72/><T103/><D103/><U34/><E34/><V75/><F35/><W82/><G73/><T31/><D133/><U45/><E59/><V105/><F105/><W66/><G82/><T88/><D32/><U2/><E2/><V97/><F75/><W96/><G96/><T101/><D101/><U40/><E40/><V14/><F80/><W38/><G38/><T98/><D58/><U16/><E16/><V99/><F74/><W113/><G26/><T42/><D42/><U79/><E79/><V127/><F99/><W78/><G56/><T115/><D98/><U41/><E41/><V30/><F97/><W28/><G78/><T22/><D77/><U87/><E87/><V53/><F94/><W92/><G92/><T71/><D71/><U107/><E107/><V85/><F85/><W3/><G84/><T86/><D86/><U55/><E46/><V124/><F91/><W76/><G76/><T116/><D116/><U135/><E135/><V63/><F63/><N who="3" m="24139" /><G81/><T9/><D121/><U93/><E93/><V11/><F11/><RYUUKYOKU ba="0,0" sc="142,-10,170,30,351,-10,337,-10" hai1="45,47,49,51,55,128,130" /><INIT seed="7,1,0,1,5,68" ten="132,200,341,327" oya="3" hai0="105,72,37,9,65,26,10,100,59,16,52,131,39" hai1="53,50,56,135,49,107,22,77,27,99,0,93,74" hai2="18,60,132,79,19,40,87,55,89,134,15,25,91" hai3="109,21,133,112,24,130,33,3,106,31,64,61,84"/><W120/><G120/><T20/><D72/><U119/><E107/><V43/><F79/><W108/><G106/><T54/><D65/><U110/><E0/><V92/><F89/><W96/><G3/><T63/><D131/><U67/><E135/><N who="2" m="51755" /><F25/><W44/><G133/><T4/><D54/><U125/><E50/><V5/><F5/><W114/><G130/><T101/><D10/><U30/><E93/><V8/><F19/><W36/><G96/><T46/><D46/><U48/><E22/><V78/><F78/><W35/><G84/><T80/><D80/><U90/><E53/><V11/><F8/><W117/><G117/><T126/><D126/><U71/><E56/><AGARI ba="1,0" hai="11,15,18,40,43,55,56,60,87,91,92" m="51755" machi="56" ten="30,1000,0" yaku="20,1" doraHai="68" who="2" fromWho="1" sc="132,0,200,-13,341,13,327,0" owari="132,-37.0,187,-21.0,354,45.0,327,13.0" /></mjloggm>