<mjloggm ver="2.3"><GO type="169" lobby="0"/><UN n0="%E5%B0%B1%E6%B4%BB%E7%94%9F%40%E5%B7%9D%E6%9D%91%E8%BB%8D%E5%9B%A3" n1="%E9%95%B7%E9%96%80%2A%E6%9C%AA%E6%B2%99" n2="%E7%84%9A%E3%81%8D%E7%81%AB" n3="%74%61%6B%65%64%61%31%32" dan="19,16,16,16" rate="2321.87,2095.03,2160.51,2104.03" sx="M,M,M,M"/><TAIKYOKU oya="0"/><INIT seed="0,0,0,3,4,21" ten="250,250,250,250" oya="0" hai0="71,59,132,54,32,85,131,70,81,4,83,41,60" hai1="117,134,1,35,52,62,116,39,126,91,43,73,0" hai2="98,88,53,47,65,50,26,105,27,102,112,95,79" hai3="101,104,34,84,87,92,49,89,123,80,125,12,74"/><T19/><D131/><U48/><E73/><V67/><F112/><W57/><G34/><T9/><D132/><U42/><E134/><V124/><F124/><W37/><G37/><T23/><D32/><U15/><E126/><V2/><F2/><W44/><G123/><T24/><D41/><U46/><E35/><V45/><F79/><W20/><G104/><T90/><REACH who="0" step="1"/><D81/><REACH who="0" ten="240,250,250,250" step="2"/><U94/><E43/><V33/><F47/><W6/><G80/><T36/><D36/><U100/><E39/><V127/><F127/><W28/><G44/><T11/><D11/><U96/><E42/><V17/><F33/><W14/><G125/><T22/><D22/><U29/><E46/><V108/><F108/><W16/><G20/><T55/><D55/><U75/><E52/><V93/><F105/><W77/><G49/><T61/><D61/><U51/><E48/><V103/><F103/><W8/><G101/><T25/><D25/><N who="2" m="9226" /><F17/><W7/><G16/><T64/><D64/><U120/><E51/><V76/><F76/><W5/><G77/><T18/><D18/><U135/><E135/><V122/><F122/><W106/><G106/><T110/><D110/><U99/><E120/><V111/><F111/><W129/><G129/><T109/><D109/><U78/><E62/><V133/><F133/><W118/><G7/><T30/><D30/><U58/><E29/><V63/><F63/><W38/><G6/><T56/><D56/><U66/><E58/><V97/><AGARI ba="0,1" hai="45,50,53,65,67,88,93,95,97,98,102" m="9226" machi="97" ten="30,8000,1" yaku="8,1,52,3,54,1" doraHai="21" who="2" fromWho="2" sc="240,-40,250,-20,250,90,250,-20" /><INIT seed="1,0,0,0,1,30" ten="200,230,340,230" oya="1" hai0="91,129,21,49,47,113,52,67,74,2,89,70,22" hai1="106,8,42,7,117,37,39,38,114,81,88,33,61" hai2="35,48,97,98,57,105,128,108,109,40,1,118,84" hai3="18,69,126,96,82,26,66,34,133,46,12,63,92"/><U80/><E117/><V120/><F118/><W93/><G126/><T130/><D74/><U20/><E114/><V60/><F1/><W36/><G133/><T107/><D107/><U94/><E106/><V41/><F120/><W10/><G82/><T78/><D2/><U59/><E33/><V110/><F128/><N who="0" m="49258" /><D78/><U77/><E42/><V16/><F35/><W14/><G14/><T45/><D45/><U112/><E112/><V104/><F104/><W99/><G36/><T19/><D113/><U51/><E51/><V56/><F84/><W116/><G46/><T71/><D22/><U75/><E20/><V0/><F0/><W3/><G3/><T86/><D67/><U31/><E31/><V132/><F132/><W25/><G116/><T43/><D43/><U50/><E50/><V17/><F48/><W15/><G15/><N who="0" m="9471" /><D91/><U23/><E23/><V5/><F105/><W119/><G119/><T27/><D27/><U32/><E32/><V58/><F60/><W90/><REACH who="3" step="1"/><G34/><REACH who="3" ten="200,230,340,220" step="2"/><T125/><D125/><U6/><E39/><V103/><F110/><W11/><G11/><T85/><D85/><U123/><E37/><V62/><F109/><W100/><AGARI ba="0,1" hai="10,12,18,25,26,63,66,69,90,92,93,96,99,100" machi="100" ten="20,2700,0" yaku="1,1,0,1,7,1,53,0" doraHai="30" doraHaiUra="131" who="3" fromWho="3" sc="200,-7,230,-13,340,-7,220,37" /><INIT seed="2,0,0,5,0,62" ten="193,217,333,257" oya="2" hai0="129,104,45,31,118,61,81,82,84,20,94,44,27" hai1="95,19,23,49,68,6,73,63,1,70,22,91,42" hai2="51,28,18,55,83,113,7,93,120,121,36,90,111" hai3="53,132,21,92,47,100,65,56,15,35,33,25,103"/><V39/><F28/><W125/><G132/><T79/><D104/><U135/><E73/><V41/><F7/><W99/><G125/><T4/><D129/><U117/><E117/><V127/><F127/><W9/><G47/><T77/><D118/><U119/><E119/><V78/><F18/><W126/><G103/><T110/><D110/><U133/><E1/><V123/><F111/><W134/><G134/><T76/><D4/><U2/><E2/><V38/><F41/><W57/><G57/><T30/><D30/><U80/><E80/><V11/><F11/><W59/><G59/><T107/><D107/><U85/><E6/><V102/><F102/><W112/><G112/><T60/><D94/><U5/><E5/><V24/><F24/><W116/><G116/><T97/><D97/><U29/><E29/><V115/><F55/><W26/><G126/><T64/><D61/><U54/><E42/><V32/><F51/><W66/><G33/><T67/><D60/><U114/><E114/><V10/><F10/><W3/><G3/><T87/><D77/><U88/><E91/><V12/><F12/><W130/><G130/><T34/><D34/><U17/><E63/><V72/><REACH who="2" step="1"/><F32/><REACH who="2" ten="193,217,323,257" step="2"/><W13/><G35/><T48/><D45/><N who="1" m="27951" /><E135/><V40/><F40/><AGARI ba="0,1" hai="20,27,31,40,44,48,64,67,76,79,81,82,84,87" machi="40" ten="30,8000,1" yaku="7,1,9,1,8,1,52,2" doraHai="62" who="0" fromWho="2" sc="193,90,217,0,323,-80,257,0" /><INIT seed="3,0,0,3,2,20" ten="283,217,243,257" oya="3" hai0="129,11,78,69,122,74,12,26,44,6,32,106,38" hai1="23,110,76,65,58,33,97,46,99,96,75,52,45" hai2="92,50,24,125,47,70,51,71,9,107,132,37,131" hai3="103,105,134,102,73,8,62,88,0,43,14,7,124"/><W39/><G124/><T1/><D122/><U113/><E33/><V79/><F107/><W57/><G134/><T68/><D12/><U84/><E113/><V93/><F79/><W34/><G34/><T25/><D106/><U123/><E75/><V31/><F125/><W104/><G73/><T85/><D85/><U101/><E123/><V55/><F132/><W48/><G39/><T128/><D32/><U42/><E65/><V72/><F37/><W13/><G104/><T27/><D78/><U126/><E126/><V77/><F131/><N who="0" m="50250" /><D74/><U22/><E101/><V67/><F9/><W83/><G105/><T94/><D94/><U108/><E84/><V66/><F72/><W114/><G114/><T36/><D36/><U49/><E76/><V90/><F77/><W82/><G13/><T56/><D56/><U115/><E115/><V63/><F51/><W95/><G0/><T54/><D54/><U40/><E46/><V87/><F93/><W53/><G48/><T118/><D118/><U28/><E45/><V18/><F67/><W16/><G7/><T2/><D1/><U130/><E130/><V120/><F120/><W59/><G59/><T111/><D111/><N who="1" m="42539" /><E42/><AGARI ba="0,0" hai="2,6,11,25,26,27,38,42,44,68,69" m="50250" machi="42" ten="30,7700,0" yaku="19,1,52,3" doraHai="20" who="0" fromWho="1" sc="283,77,217,-77,243,0,257,0" /><INIT seed="4,0,0,1,0,30" ten="360,140,243,257" oya="0" hai0="65,37,77,120,84,89,42,45,116,24,134,2,33" hai1="97,101,43,29,41,114,123,115,103,14,82,102,88" hai2="100,113,39,6,69,48,135,7,46,98,26,36,12" hai3="85,3,127,63,75,76,0,106,61,68,87,132,73"/><T16/><D120/><U131/><E123/><V99/><F69/><W125/><G68/><T94/><D2/><U54/><E131/><V96/><F100/><W35/><G106/><T112/><D116/><U124/><E124/><V20/><F36/><W83/><G132/><T111/><D112/><N who="1" m="43051" /><E14/><V110/><F39/><W52/><G35/><T1/><D1/><N who="3" m="585" /><G85/><T15/><D134/><U126/><E126/><N who="3" m="48138" /><G52/><T122/><D122/><U108/><E108/><V23/><F110/><W56/><G56/><T109/><D65/><U53/><E29/><V62/><F135/><W9/><G9/><T10/><D77/><U71/><E71/><V91/><F113/><W55/><G55/><N who="1" m="21002" /><E97/><V28/><F62/><AGARI ba="0,0" hai="61,62,63,73,75,76,83,87" m="48138,585" machi="62" ten="30,1000,0" yaku="18,1" doraHai="30" who="3" fromWho="2" sc="360,0,140,0,243,-10,257,10" /><INIT seed="5,0,0,1,4,128" ten="360,140,233,267" oya="1" hai0="11,95,84,93,60,108,26,79,39,71,86,25,126" hai1="94,121,54,10,47,89,9,114,118,30,78,124,72" hai2="85,55,82,135,97,56,107,45,119,42,134,16,41" hai3="130,58,103,133,81,112,92,131,102,22,1,73,88"/><U44/><E121/><V74/><F74/><W68/><G68/><T98/><D39/><U70/><E118/><V33/><F119/><W109/><G1/><T122/><D108/><U61/><E124/><V19/><F33/><W35/><G35/><T31/><D126/><U129/><E129/><N who="3" m="49162" /><G109/><T67/><D93/><U18/><E114/><V65/><F65/><W52/><G22/><T36/><D36/><U51/><E30/><V80/><F107/><W29/><G29/><T64/><D64/><U34/><E34/><V75/><F97/><W3/><G3/><T125/><D125/><U104/><E104/><V57/><F75/><W27/><G27/><T48/><D48/><U117/><E117/><V17/><F45/><W76/><G133/><N who="2" m="50697" /><F80/><W83/><G83/><T15/><D79/><U8/><E47/><V5/><F5/><W32/><G32/><T2/><D67/><N who="1" m="41327" /><E72/><V115/><F115/><W66/><G66/><T127/><D71/><U0/><E0/><V20/><F20/><W132/><G132/><T123/><D127/><U28/><E78/><N who="2" m="46295" /><F57/><W77/><G77/><T7/><D2/><U90/><E28/><V43/><F42/><W49/><G112/><T113/><D113/><U6/><E6/><V50/><AGARI ba="0,0" hai="16,17,19,41,43,50,55,56" m="46295,50697" machi="50" ten="30,8000,1" yaku="20,1,52,3,54,1" doraHai="128" who="2" fromWho="2" sc="360,-20,140,-40,233,80,267,-20" /><INIT seed="6,0,0,1,1,23" ten="340,100,313,247" oya="2" hai0="44,109,73,16,115,61,13,8,37,88,22,41,67" hai1="27,39,78,105,98,93,31,72,76,122,55,35,95" hai2="129,132,106,111,56,33,65,60,71,104,123,84,21" hai3="34,97,117,66,130,100,14,25,40,85,86,80,64"/><V99/><F123/><W114/><G117/><T134/><D73/><U133/><E122/><V90/><F111/><W74/><G130/><T70/><D109/><U102/><E133/><V127/><F132/><W2/><G2/><T62/><D134/><U50/><E39/><V83/><F129/><W125/><G125/><T46/><D115/><U36/><E36/><V7/><F33/><W59/><G40/><T20/><D46/><U131/><E131/><V15/><F127/><W126/><G114/><T3/><D3/><U30/><E30/><V113/><F113/><W124/><G14/><T28/><D62/><U96/><E72/><V11/><F99/><W107/><G124/><T57/><D70/><U45/><REACH who="1" step="1"/><E105/><REACH who="1" ten="340,90,313,247" step="2"/><V9/><F106/><W94/><G107/><T51/><D37/><U120/><E120/><V58/><F104/><W89/><G74/><T48/><D28/><U135/><E135/><V18/><REACH who="2" step="1"/><F11/><REACH who="2" ten="340,90,303,247" step="2"/><W63/><G126/><T43/><D8/><U118/><E118/><V49/><F49/><W116/><G116/><T112/><D112/><U91/><AGARI ba="0,2" hai="27,31,35,45,50,55,76,78,91,93,95,96,98,102" machi="91" ten="20,5200,0" yaku="1,1,0,1,7,1,52,1,53,0" doraHai="23" doraHaiUra="1" who="1" fromWho="1" sc="340,-13,90,72,303,-26,247,-13" /><INIT seed="7,0,0,2,0,84" ten="327,162,277,234" oya="3" hai0="55,118,50,85,20,91,59,133,35,46,88,67,111" hai1="51,58,123,12,94,5,45,4,124,44,29,33,129" hai2="70,87,74,54,53,26,39,130,81,80,83,21,66" hai3="9,41,1,7,28,104,23,75,34,22,102,121,10"/><W82/><G121/><T63/><D35/><U131/><E123/><V92/><F39/><W49/><G102/><T16/><D111/><U30/><E124/><V25/><F74/><W0/><G104/><T117/><D133/><U36/><E36/><V13/><F70/><W62/><G62/><T8/><D8/><U101/><E33/><V97/><F66/><W134/><G41/><T120/><D120/><U57/><E101/><N who="2" m="60583" /><F130/><W11/><G49/><T71/><D91/><U103/><E103/><V132/><F132/><W100/><G100/><T96/><D96/><U3/><E94/><V95/><F13/><W27/><G134/><T43/><D16/><U68/><E68/><V65/><F65/><W90/><G75/><T17/><D20/><N who="3" m="7721" /><G90/><T38/><D17/><U6/><E51/><V78/><F26/><W64/><G64/><T114/><D114/><U106/><E12/><V127/><F127/><W77/><G77/><T110/><D110/><U2/><REACH who="1" step="1"/><E5/><REACH who="1" ten="327,152,277,234" step="2"/><V98/><F95/><AGARI ba="0,1" hai="38,43,46,50,55,59,63,67,71,85,88,95,117,118" machi="95" ten="30,8000,1" yaku="7,1,24,2,52,1,54,1" doraHai="84" who="0" fromWho="2" sc="327,90,152,0,277,-80,234,0" owari="417,52.0,152,-35.0,197,-20.0,234,3.0" /></mjloggm>