<mjloggm ver="2.3"><GO type="169" lobby="0"/><UN n0="%E3%82%B1%E3%82%A4%E3%83%88" n1="%E3%81%A8%E3%81%A9%E3%81%8C" n2="%E3%82%A6%E3%83%AB%E3%83%88%E3%83%A9%E7%AB%8B%E7%9B%B4" n3="%E5%85%83%E6%B0%97%E4%B8%80%E7%99%BA" dan="16,16,16,17" rate="2132.20,2111.66,2167.32,2128.76" sx="M,M,M,F"/><TAIKYOKU oya="0"/><INIT seed="0,0,0,1,0,80" ten="250,250,250,250" oya="0" hai0="96,16,89,113,125,15,27,17,18,84,134,83,48" hai1="26,1,62,28,98,45,123,32,20,46,122,73,9" hai2="63,6,105,49,120,7,100,14,24,79,72,81,12" hai3="135,114,22,75,103,116,52,131,92,94,67,66,132"/><T42/><D113/><U126/><E126/><V53/><F120/><W19/><G114/><T99/><D125/><U106/><E73/><V30/><F63/><W117/><G75/><T111/><D134/><N who="3" m="51241" /><G131/><T50/><D111/><U70/><E46/><V130/><F130/><W35/><G35/><T54/><D15/><U88/><E45/><V102/><F14/><N who="3" m="9591" /><G52/><T13/><D27/><U69/><E122/><V56/><F105/><W57/><G57/><N who="0" m="32967" /><D50/><U60/><E123/><V36/><F36/><W91/><G103/><T110/><D42/><U78/><E32/><V38/><F38/><W104/><G104/><T87/><D13/><U65/><E106/><V108/><F108/><W95/><G91/><N who="0" m="51615" /><D110/><U128/><E128/><V93/><F12/><W44/><G44/><T37/><D37/><U55/><E78/><V118/><F118/><AGARI ba="0,0" hai="66,67,92,94,95,116,117,118" m="9591,51241" machi="118" ten="40,1300,0" yaku="20,1" doraHai="80" who="3" fromWho="2" sc="250,0,250,0,250,-13,250,13" /><INIT seed="1,0,0,4,4,30" ten="250,250,237,263" oya="1" hai0="110,116,17,108,68,48,106,133,8,21,107,34,61" hai1="43,70,36,65,126,47,10,14,97,40,111,132,37" hai2="59,0,12,45,104,118,49,66,38,4,53,56,123" hai3="93,44,91,81,54,101,15,75,39,74,98,60,64"/><U28/><E126/><V85/><F123/><W88/><G101/><T32/><D116/><U120/><E120/><V109/><F118/><W31/><G31/><T112/><D112/><U7/><E132/><V131/><F0/><W13/><G75/><T63/><D133/><U135/><E135/><V121/><F121/><W24/><G24/><T16/><D48/><U25/><E97/><V84/><F104/><W94/><G54/><T122/><D122/><U114/><E114/><V86/><F109/><W113/><G113/><T42/><D21/><U80/><E80/><V41/><F131/><W46/><G74/><T19/><D19/><U73/><E73/><V87/><N who="2" m="21504" /><DORA hai="23" /><V57/><REACH who="2" step="1"/><F66/><REACH who="2" ten="250,250,227,263" step="2"/><W77/><G81/><T89/><D89/><U103/><E111/><V83/><F83/><W105/><G105/><T33/><D110/><U100/><E65/><V2/><F2/><W99/><G77/><T51/><D108/><U71/><E100/><V22/><F22/><W67/><G39/><T69/><D107/><U128/><E128/><V50/><F50/><W55/><G60/><T9/><D106/><U11/><E103/><V125/><F125/><W78/><G78/><T6/><D51/><U72/><E11/><AGARI ba="0,1" hai="4,11,12,38,41,45,49,53,56,57,59" m="21504" machi="11" ten="50,1600,0" yaku="1,1,53,0" doraHai="30,23" doraHaiUra="29,90" who="2" fromWho="1" sc="250,0,250,-16,227,26,263,0" /><INIT seed="2,0,0,2,1,108" ten="250,234,253,263" oya="2" hai0="73,29,104,43,71,93,35,95,54,103,86,88,83" hai1="65,45,87,10,112,72,131,12,55,127,117,42,111" hai2="52,135,30,18,120,110,60,14,37,41,61,11,8" hai3="70,118,89,5,23,3,21,15,38,97,64,50,84"/><V79/><F120/><W109/><G38/><T39/><D71/><U76/><E117/><V24/><F110/><W36/><G36/><T74/><D54/><U77/><E111/><V51/><F135/><W115/><G118/><T31/><D43/><U20/><E65/><V69/><F79/><W122/><G122/><T57/><D57/><U44/><E72/><N who="0" m="27753" /><D39/><U19/><E42/><V78/><F78/><W25/><G3/><T123/><D29/><U105/><E105/><V128/><F128/><W124/><G109/><T125/><D31/><U48/><E131/><V129/><F129/><W16/><G5/><T90/><D35/><U121/><E121/><V47/><F8/><W7/><G7/><T4/><D4/><U91/><E127/><V66/><F61/><W2/><G2/><T17/><D17/><U80/><E45/><V56/><F30/><W98/><G124/><T119/><D123/><U22/><E22/><V96/><F96/><W53/><G64/><T33/><D33/><U49/><E48/><V0/><F0/><W101/><G70/><T13/><D13/><U100/><E20/><V134/><F134/><W130/><G130/><T82/><D125/><U99/><REACH who="1" step="1"/><E112/><REACH who="1" ten="250,224,253,263" step="2"/><V32/><F32/><W102/><G115/><T34/><D34/><U92/><AGARI ba="0,1" hai="10,12,19,44,49,55,76,77,80,87,91,92,99,100" machi="92" ten="20,12000,2" yaku="1,1,2,1,0,1,7,1,25,2,8,1,53,0" doraHai="108" doraHaiUra="107" who="1" fromWho="1" sc="250,-30,224,130,253,-60,263,-30" /><INIT seed="3,0,0,4,3,86" ten="220,354,193,233" oya="3" hai0="127,58,134,97,7,42,4,35,73,32,74,111,105" hai1="83,37,110,91,75,118,81,125,26,38,103,95,18" hai2="59,12,124,40,113,114,13,87,39,29,131,8,122" hai3="63,50,57,70,90,46,45,117,23,6,19,89,96"/><W132/><G117/><T61/><D111/><U24/><E110/><V126/><F39/><W78/><G70/><T15/><D42/><U11/><E118/><V66/><F40/><W115/><G115/><N who="2" m="44041" /><F66/><N who="3" m="39279" /><G132/><T52/><D134/><U25/><E75/><V44/><F44/><N who="3" m="17003" /><G6/><T16/><D127/><N who="2" m="48682" /><F59/><W109/><G109/><T14/><D74/><U99/><E125/><V104/><F104/><W135/><G135/><T2/><D73/><U54/><E38/><V47/><F47/><W67/><G78/><T133/><D133/><U55/><E37/><V56/><F56/><W51/><G67/><T49/><D61/><U98/><E83/><V36/><F36/><W116/><G116/><T119/><D119/><U108/><E108/><V68/><F68/><W65/><G65/><T20/><D105/><U107/><REACH who="1" step="1"/><E81/><REACH who="1" ten="220,344,193,233" step="2"/><V88/><F122/><W84/><G96/><T60/><D2/><U27/><N who="1" m="6144" /><DORA hai="93" /><U102/><E102/><V123/><F123/><W30/><G84/><T62/><D35/><U17/><E17/><V9/><F29/><W130/><G30/><T77/><D32/><U53/><E53/><V92/><F131/><W3/><G130/><T33/><D52/><U72/><E72/><V76/><F76/><W101/><G101/><T112/><D77/><U64/><E64/><V22/><F22/><W85/><G3/><T31/><D20/><U0/><E0/><V79/><F79/><W43/><G85/><T71/><D31/><U69/><E69/><V82/><F82/><W34/><G34/><T120/><D71/><U21/><E21/><V100/><F100/><RYUUKYOKU ba="0,1" sc="220,-15,344,15,193,15,233,-15" hai1="11,18,54,55,91,95,98,99,103,107" hai2="8,9,12,13,87,88,92" /><INIT seed="4,1,1,0,2,119" ten="205,359,208,218" oya="0" hai0="122,111,58,0,20,91,81,71,110,43,126,35,42" hai1="109,131,96,18,89,92,12,52,107,121,99,5,4" hai2="116,115,108,34,48,23,31,11,68,100,46,72,1" hai3="50,88,36,45,120,26,132,104,10,133,19,98,21"/><T127/><D71/><U3/><E109/><N who="0" m="41481" /><D35/><U38/><E38/><V40/><F108/><W41/><G120/><T106/><D106/><U32/><E121/><V125/><F116/><W28/><G36/><T83/><D0/><U60/><E32/><V63/><F72/><W75/><G75/><T135/><D135/><N who="3" m="51785" /><G10/><T55/><D20/><U128/><E3/><V84/><F34/><W67/><G67/><T79/><D91/><U27/><E27/><V57/><F68/><W14/><G14/><T66/><D66/><U102/><E5/><V69/><F69/><W74/><G74/><N who="0" m="43255" /><D83/><U112/><E4/><V7/><F100/><N who="3" m="62487" /><G88/><T76/><D76/><U97/><E102/><V24/><F84/><W90/><G90/><T59/><D59/><N who="1" m="34919" /><E107/><V87/><F87/><W47/><G47/><T61/><D122/><U85/><E12/><V8/><F1/><W17/><AGARI ba="1,1" hai="17,19,21,26,28,41,45,50" m="62487,51785" machi="17" ten="30,1100,0" yaku="20,1" doraHai="119" who="3" fromWho="3" sc="205,-6,359,-4,208,-4,218,24" /><INIT seed="5,0,0,2,3,130" ten="199,355,204,242" oya="1" hai0="80,109,70,127,105,0,90,14,63,53,8,108,83" hai1="43,23,98,6,3,113,68,132,44,17,13,85,30" hai2="79,135,81,95,11,115,46,72,31,59,103,20,60" hai3="119,41,58,129,25,1,19,32,89,64,107,93,99"/><U117/><E117/><V133/><F11/><W91/><G1/><T126/><D105/><U7/><E68/><V48/><F48/><W74/><G74/><T134/><D0/><U47/><E113/><V106/><F46/><W50/><G107/><T26/><D26/><N who="1" m="16735" /><E3/><V51/><F51/><W112/><G112/><T118/><D118/><U92/><E85/><V55/><F106/><W116/><G129/><T100/><D100/><N who="1" m="60487" /><E132/><N who="2" m="50763" /><F115/><W62/><G116/><T52/><D134/><U75/><E75/><V77/><F77/><W66/><G119/><T4/><D70/><U82/><E47/><V67/><F55/><N who="0" m="21066" /><D63/><U125/><E44/><V18/><F31/><W76/><G76/><T10/><D8/><U97/><E43/><V12/><F95/><W101/><G41/><T37/><D37/><U104/><E82/><N who="0" m="31273" /><D90/><U73/><E104/><V110/><F103/><W16/><G50/><T94/><D94/><U9/><E7/><V24/><F24/><W61/><G89/><T88/><D88/><U39/><E6/><V5/><F5/><W111/><G91/><T36/><D36/><U2/><E39/><V65/><F65/><W96/><G96/><T38/><D38/><U114/><E114/><V22/><F22/><W123/><G99/><T45/><D45/><U131/><E97/><V78/><F78/><W27/><G93/><T102/><D102/><U71/><E9/><V128/><F128/><W28/><G101/><T21/><D21/><U122/><E131/><V15/><F15/><W29/><G66/><T42/><D42/><U121/><E13/><V69/><F69/><RYUUKYOKU ba="0,0" sc="199,15,355,-15,204,15,242,-15" hai0="4,10,14,108,109,126,127" hai2="12,18,20,59,60,67,72,79,81,110" /><INIT seed="6,1,0,4,0,47" ten="214,340,219,227" oya="2" hai0="128,73,120,93,54,36,41,40,57,21,106,84,91" hai1="98,10,85,108,131,117,130,92,51,121,24,69,123" hai2="71,20,86,35,15,70,111,59,116,107,102,113,61" hai3="29,48,2,42,66,129,103,67,31,89,100,16,7"/><V88/><F35/><W53/><G42/><T99/><D120/><N who="1" m="46155" /><E108/><V33/><F33/><W125/><G125/><T27/><D73/><U87/><E69/><V82/><F116/><W95/><G129/><N who="1" m="49162" /><E117/><V97/><F113/><W5/><G67/><T60/><D128/><U74/><E24/><V3/><F3/><W17/><G66/><T90/><D36/><U39/><E39/><V26/><F15/><W32/><G32/><T4/><D4/><N who="3" m="1609" /><G2/><T25/><D25/><U115/><E10/><V134/><F134/><W43/><G43/><T52/><D54/><U119/><E119/><V118/><F118/><W38/><G38/><T127/><D127/><U112/><E74/><V132/><F132/><W94/><G94/><N who="0" m="54599" /><D106/><U63/><E63/><V56/><F111/><W13/><G31/><AGARI ba="1,0" hai="21,27,31,40,41,52,57,60,91,93,99" m="54599" machi="31" ten="30,2000,0" yaku="8,1,54,1" doraHai="47" who="0" fromWho="3" sc="214,23,340,0,219,0,227,-23" /><INIT seed="7,0,0,2,1,20" ten="237,340,219,204" oya="3" hai0="55,1,64,76,15,81,108,40,11,33,106,103,19" hai1="44,97,12,69,117,14,5,121,94,116,84,70,102" hai2="77,63,56,96,74,92,90,101,4,10,87,75,78" hai3="82,129,37,67,91,127,17,119,107,16,51,65,42"/><W125/><G119/><N who="1" m="45642" /><E121/><V110/><F75/><W135/><G107/><T104/><D1/><U128/><E128/><V133/><F74/><W131/><G37/><T3/><D33/><U95/><E44/><V35/><F35/><W47/><G135/><T99/><D3/><U30/><E30/><V0/><F133/><W52/><G42/><T89/><D64/><N who="3" m="24649" /><G82/><T59/><D40/><U2/><E2/><V111/><F111/><W85/><G85/><T32/><D32/><U13/><E5/><V114/><F114/><W109/><G91/><AGARI ba="0,0" hai="12,13,14,69,70,84,91,94,95,97,102" m="45642" machi="91" ten="30,1000,0" yaku="12,1" doraHai="20" who="1" fromWho="3" sc="237,0,340,10,219,0,204,-10" owari="237,4.0,350,45.0,219,-18.0,194,-31.0" /></mjloggm>