<mjloggm ver="2.3"><GO type="169" lobby="0"/><UN n0="%E5%B0%B1%E6%B4%BB%E7%94%9F%40%E5%B7%9D%E6%9D%91%E8%BB%8D%E5%9B%A3" n1="%E8%A5%BF%E9%A2%A8%E9%80%A3%E6%89%93" n2="%28%E3%80%8C%E3%83%BB%60%CF%89%E3%83%BB%29%E3%80%8C" n3="%6A%75%6E%6E%2E%69" dan="19,16,16,17" rate="2368.48,2070.08,2130.91,2174.67" sx="M,M,F,M"/><TAIKYOKU oya="0"/><INIT seed="0,0,0,0,3,18" ten="250,250,250,250" oya="0" hai0="105,34,63,66,86,29,21,104,102,69,93,53,112" hai1="135,20,51,130,70,56,65,83,72,67,90,131,113" hai2="125,35,122,32,27,30,45,68,17,79,71,24,101" hai3="36,54,42,128,123,132,133,103,91,77,0,19,57"/><T99/><D112/><U95/><E113/><V119/><F122/><W114/><G0/><T100/><D34/><U47/><E70/><V41/><F101/><W129/><G114/><T64/><D64/><U89/><E135/><N who="3" m="51786" /><G77/><T1/><D1/><U118/><E118/><V84/><F119/><W81/><G81/><T134/><D134/><U126/><E126/><V115/><F115/><W110/><G103/><T4/><D4/><U92/><E83/><V59/><F125/><W26/><G91/><T9/><D9/><U31/><E72/><V33/><F79/><W13/><G26/><T50/><D86/><U22/><E56/><V49/><F84/><W55/><G123/><T82/><D82/><U94/><E94/><V75/><F75/><W23/><G110/><T43/><D43/><U39/><E51/><V58/><F68/><W12/><G12/><T106/><D102/><U5/><E47/><V127/><F71/><W10/><G10/><T46/><REACH who="0" step="1"/><D104/><REACH who="0" ten="240,250,250,250" step="2"/><U98/><E5/><V11/><F127/><W8/><G8/><T62/><D62/><U74/><E74/><V111/><F11/><W52/><G42/><T2/><D2/><U124/><E124/><V117/><F117/><W107/><G107/><T6/><D6/><U96/><E31/><V44/><F41/><W14/><G55/><T15/><D15/><U7/><E7/><V120/><F30/><W61/><G14/><T85/><D85/><U78/><E78/><V40/><F120/><W88/><G54/><T60/><D60/><U38/><AGARI ba="0,1" hai="20,22,38,39,65,67,89,90,92,95,96,98,130,131" machi="38" ten="25,8000,1" yaku="0,1,22,2,52,2" doraHai="18" who="1" fromWho="1" sc="240,-40,250,90,250,-20,250,-20" /><INIT seed="1,0,0,4,5,127" ten="200,340,230,230" oya="1" hai0="8,102,81,51,1,61,35,33,98,122,54,62,83" hai1="94,32,132,63,20,15,103,39,112,111,121,114,86" hai2="5,93,115,97,27,104,66,100,53,7,17,59,82" hai3="129,21,64,85,79,57,16,28,106,75,91,131,14"/><U84/><E121/><V110/><F115/><W25/><G106/><T19/><D122/><U117/><E117/><V42/><F42/><W18/><G75/><T96/><D1/><U56/><E32/><V126/><F66/><W34/><G79/><T26/><D8/><U38/><E132/><V10/><F126/><W13/><G64/><T125/><D125/><U92/><E111/><V0/><F7/><W30/><G57/><T37/><D37/><U9/><E20/><V22/><F82/><W65/><G65/><T41/><D41/><U73/><E73/><V109/><F104/><W95/><REACH who="3" step="1"/><G30/><REACH who="3" ten="200,340,230,220" step="2"/><T58/><D58/><U40/><E56/><V130/><F109/><W6/><G6/><T11/><D61/><U88/><E63/><V12/><F110/><W108/><G108/><T52/><D62/><U107/><E107/><V31/><F59/><W89/><G89/><T116/><D116/><U44/><E88/><V123/><F123/><W4/><G4/><T90/><D90/><U2/><E112/><V43/><F43/><W128/><G128/><T3/><D102/><U24/><E103/><V99/><F53/><W50/><G50/><T70/><D51/><U47/><E40/><V74/><F74/><W60/><G60/><T36/><D36/><U87/><E114/><V80/><F130/><W77/><G77/><T46/><D54/><U134/><E38/><V49/><F49/><W113/><G113/><T72/><D52/><U76/><E39/><V45/><F5/><W69/><G69/><T119/><D70/><U67/><E67/><V118/><F118/><RYUUKYOKU ba="0,1" sc="200,-10,340,-10,230,-10,220,30" hai3="13,14,16,18,21,25,28,34,85,91,95,129,131" /><INIT seed="2,1,1,2,4,115" ten="190,330,220,250" oya="2" hai0="85,75,60,76,27,45,0,89,84,39,1,124,7" hai1="81,118,18,119,14,97,128,108,123,133,120,134,34" hai2="135,35,62,122,105,12,61,77,100,15,8,11,51" hai3="79,9,65,50,95,126,116,86,132,125,49,32,109"/><V96/><F122/><N who="1" m="46633" /><E108/><V117/><F117/><N who="1" m="44553" /><E128/><V37/><F37/><W16/><G32/><T127/><D75/><U22/><E34/><V68/><F135/><N who="1" m="51721" /><E97/><V83/><F35/><W17/><G132/><T26/><D85/><U29/><E81/><V55/><F68/><W3/><G116/><T131/><D131/><U19/><E19/><V67/><F67/><W72/><G65/><T92/><D124/><U43/><E43/><V42/><F42/><W56/><G126/><T13/><D127/><U10/><E29/><V107/><F107/><W21/><G125/><T38/><D84/><U93/><E93/><N who="2" m="58383" /><F83/><W47/><G95/><T102/><D92/><U129/><E129/><V57/><F105/><W33/><G33/><T121/><D121/><U6/><E6/><N who="2" m="3095" /><F77/><W70/><G79/><T58/><D76/><U24/><E24/><V94/><F94/><W54/><G109/><T40/><D26/><U104/><E104/><V5/><AGARI ba="1,1" hai="5,11,15,51,55,57,61,62" m="3095,58383" machi="5" ten="30,1500,0" yaku="8,1" doraHai="115" who="2" fromWho="2" sc="190,-6,330,-6,220,28,250,-6" /><INIT seed="2,2,0,2,1,7" ten="184,324,248,244" oya="2" hai0="5,35,27,52,122,1,2,117,110,55,53,17,21" hai1="12,78,96,107,111,50,49,68,6,38,28,99,0" hai2="81,98,72,54,94,93,15,118,83,123,129,24,65" hai3="25,131,82,40,20,44,43,135,134,61,104,75,102"/><V71/><F71/><W87/><G75/><T70/><D122/><U26/><E111/><V8/><F65/><W58/><G104/><T77/><D110/><U45/><E0/><V108/><F72/><W92/><G102/><T76/><D117/><U57/><E68/><V116/><F123/><W9/><G92/><T90/><D70/><U33/><E78/><V133/><F108/><W127/><G127/><T89/><D35/><U11/><E38/><V4/><F129/><W106/><G106/><T47/><D47/><U60/><E107/><V115/><F115/><W51/><G43/><T130/><D130/><U41/><REACH who="1" step="1"/><E49/><REACH who="1" ten="184,314,248,244" step="2"/><V95/><F118/><W97/><G51/><T86/><D2/><U73/><E73/><V103/><F116/><W32/><G134/><T10/><REACH who="0" step="1"/><D90/><REACH who="0" ten="174,314,248,244" step="2"/><U22/><E22/><V30/><F103/><W67/><G20/><T36/><D36/><U125/><E125/><V120/><F120/><W34/><G131/><T59/><D59/><U18/><E18/><V63/><F133/><W13/><G58/><T105/><D105/><U14/><E14/><V31/><F31/><W62/><G13/><T91/><D91/><U74/><E74/><V109/><F109/><W37/><G37/><T84/><D84/><U88/><E88/><V19/><F19/><W124/><G135/><T128/><D128/><U16/><E16/><V29/><F29/><W80/><G124/><T119/><D119/><U42/><E42/><V132/><F132/><W69/><G40/><T126/><D126/><U101/><E101/><V23/><F98/><W3/><G97/><RYUUKYOKU ba="2,2" sc="174,10,314,10,248,10,244,-30" hai0="1,5,10,17,21,27,52,53,55,76,77,86,89" hai1="6,11,12,26,28,33,41,45,50,57,60,96,99" hai2="4,8,15,23,24,30,54,63,81,83,93,94,95" /><INIT seed="2,3,2,0,4,75" ten="184,324,258,214" oya="2" hai0="131,97,112,43,13,125,48,85,94,71,49,128,87" hai1="9,26,27,34,69,107,86,2,37,123,72,70,46" hai2="7,122,23,3,127,1,73,22,35,133,18,99,80" hai3="114,105,103,65,78,113,14,29,95,83,55,5,61"/><V24/><F122/><W59/><G29/><T130/><D71/><U132/><E72/><V57/><F35/><W124/><G105/><T116/><D112/><N who="3" m="43113" /><G124/><T40/><D125/><U45/><E123/><V88/><F127/><W33/><G33/><T129/><N who="0" m="33280" /><DORA hai="82" /><T4/><D4/><U106/><E132/><V92/><F133/><W54/><G95/><T93/><D13/><U63/><E86/><N who="0" m="32777" /><D94/><U120/><E120/><V111/><F7/><W36/><G103/><N who="0" m="60847" /><D116/><U81/><E70/><V20/><F111/><W19/><G5/><T89/><D89/><U39/><E69/><V121/><F121/><W119/><G119/><T16/><D16/><U12/><E12/><V62/><F1/><W84/><G36/><T44/><D49/><U6/><E6/><V90/><F3/><W51/><G51/><T17/><D17/><U31/><E2/><V11/><F11/><AGARI ba="3,2" hai="11,14,19,54,55,59,61,65,78,83,84" m="43113" machi="11" ten="30,3900,0" yaku="11,1,52,2" doraHai="75,82" who="3" fromWho="2" sc="184,0,324,0,258,-48,214,68" /><INIT seed="3,0,0,5,3,32" ten="184,324,210,282" oya="3" hai0="80,36,72,116,48,4,40,49,10,58,133,96,44" hai1="42,45,93,50,30,115,88,68,28,86,132,105,3" hai2="120,118,131,76,33,85,111,64,98,26,8,112,7" hai3="103,53,35,113,126,1,108,47,95,90,24,119,83"/><W75/><G119/><T37/><D116/><U123/><E115/><V106/><F118/><W43/><G113/><T134/><D96/><U46/><E123/><V39/><F39/><W52/><G1/><N who="0" m="271" /><D36/><U61/><E132/><N who="0" m="50793" /><D58/><U17/><E105/><V130/><F130/><W127/><G103/><T41/><D41/><U135/><E135/><V81/><F112/><W94/><G83/><T74/><D74/><U51/><E17/><V110/><F120/><W66/><G75/><T54/><D54/><U56/><E68/><V121/><F121/><W0/><G66/><T65/><D65/><N who="1" m="39079" /><E3/><V79/><F79/><AGARI ba="0,0" hai="37,40,44,48,49,72,79,80" m="50793,271" machi="79" ten="30,3900,0" yaku="25,1,20,1,52,1" doraHai="32" who="0" fromWho="2" sc="184,39,324,0,210,-39,282,0" /><INIT seed="4,0,0,3,5,57" ten="223,324,171,282" oya="0" hai0="54,47,31,98,80,108,101,43,68,48,134,119,81" hai1="8,66,50,21,105,25,114,94,14,118,126,2,83" hai2="79,24,112,58,88,102,1,97,70,87,129,128,61" hai3="82,39,27,69,52,86,117,77,127,29,35,93,63"/><T109/><D119/><U51/><E118/><V95/><F1/><W131/><G117/><T104/><D134/><U16/><E105/><V26/><F70/><W85/><G39/><T78/><D68/><U45/><E126/><V111/><F79/><W106/><G106/><T110/><D31/><U11/><E114/><V46/><F46/><W5/><G5/><T116/><D116/><U44/><E66/><V6/><F6/><W122/><G122/><T75/><REACH who="0" step="1"/><D81/><REACH who="0" ten="213,324,171,282" step="2"/><U33/><E83/><N who="2" m="49279" /><F112/><W89/><G127/><T103/><D103/><U28/><E28/><V64/><F111/><W37/><G69/><T38/><D38/><U53/><E33/><V56/><F129/><W42/><G131/><T76/><D76/><U3/><E3/><V18/><F128/><W120/><G37/><T96/><D96/><U0/><E2/><V15/><F58/><N who="3" m="35271" /><G35/><T125/><D125/><U130/><E130/><V107/><F107/><W12/><G77/><T121/><D121/><U92/><E0/><V41/><F41/><AGARI ba="0,1" hai="41,43,47,48,54,75,78,80,98,101,104,108,109,110" machi="41" ten="40,3900,0" yaku="1,1,10,1,53,0" doraHai="57" doraHaiUra="84" who="0" fromWho="2" sc="213,49,324,0,171,-39,282,0" /><INIT seed="4,1,0,1,1,13" ten="262,324,132,282" oya="0" hai0="66,91,26,112,127,19,86,22,40,58,31,72,131" hai1="120,103,3,2,7,133,5,73,64,94,4,128,78" hai2="114,113,67,49,36,81,24,98,130,93,56,132,104" hai3="92,125,51,106,69,82,1,96,44,43,123,97,135"/><T39/><D72/><U121/><E133/><V12/><F36/><W105/><G1/><T85/><D112/><U116/><E116/><V34/><F104/><W9/><G69/><T32/><D131/><U99/><E128/><V89/><F130/><W80/><G123/><T115/><D115/><N who="2" m="44042" /><F132/><W60/><G125/><T14/><D127/><U10/><E64/><V110/><F110/><W62/><G97/><T57/><D66/><U109/><E109/><V101/><F12/><W28/><G28/><T79/><D40/><U108/><E108/><V122/><F122/><W88/><G135/><T118/><D39/><U48/><E48/><V35/><F24/><W38/><G38/><T6/><D118/><U11/><REACH who="1" step="1"/><E5/><REACH who="1" ten="262,314,132,282" step="2"/><V83/><F49/><W61/><G106/><T21/><D6/><U126/><E126/><V29/><F29/><W74/><G105/><T77/><D32/><U107/><E107/><V47/><F34/><W50/><G50/><T42/><D42/><U46/><E46/><V30/><F47/><W17/><G74/><T68/><D68/><U95/><E95/><N who="2" m="58591" /><F30/><W53/><G43/><T25/><D31/><U16/><E16/><V124/><F124/><W54/><G54/><T117/><D117/><U0/><E0/><V15/><F35/><W59/><G44/><T70/><D70/><U18/><E18/><V129/><F129/><W27/><G51/><T65/><D19/><U119/><E119/><V87/><F67/><W75/><G75/><T23/><D65/><U90/><E90/><V55/><F55/><W8/><G53/><T20/><D91/><RYUUKYOKU ba="1,1" sc="262,-10,314,30,132,-10,282,-10" hai1="2,3,4,7,10,11,73,78,94,99,103,120,121" /><INIT seed="5,2,1,0,1,11" ten="252,344,122,272" oya="1" hai0="26,51,5,13,71,97,77,116,80,7,67,40,124" hai1="37,127,3,111,17,4,56,108,27,88,43,90,130" hai2="0,42,45,122,52,12,6,112,94,125,19,60,72" hai3="119,58,128,59,73,55,115,126,9,39,131,86,68"/><U103/><E130/><N who="3" m="49706" /><G73/><T28/><D116/><U16/><E127/><V104/><F104/><W114/><G126/><T106/><D124/><U65/><E103/><V100/><F125/><W47/><G86/><T49/><D71/><U135/><E135/><V21/><F72/><W117/><G68/><T74/><D67/><U30/><E4/><V109/><F109/><N who="1" m="42057" /><E3/><V110/><F110/><W82/><G82/><T2/><D2/><U70/><E70/><V48/><F122/><W24/><G24/><T81/><D81/><U57/><E43/><V61/><F112/><N who="3" m="43051" /><G9/><T10/><D5/><U44/><E44/><V93/><F0/><W34/><G34/><T132/><D40/><U22/><E37/><V84/><F6/><W62/><G59/><N who="1" m="22602" /><E65/><V102/><F42/><AGARI ba="2,1" hai="39,42,47,55,58,62,117,119" m="43051,49706" machi="42" ten="40,8000,1" yaku="19,1,15,1,34,2" doraHai="11" who="3" fromWho="2" sc="252,0,344,0,122,-86,272,96" /><INIT seed="6,0,0,5,0,72" ten="252,344,36,368" oya="2" hai0="20,17,104,28,3,35,9,79,134,62,25,75,10" hai1="59,60,127,45,71,77,90,87,96,74,69,94,21" hai2="108,78,95,66,34,132,125,44,101,29,46,39,105" hai3="76,30,118,16,11,106,36,126,22,67,18,81,73"/><V80/><F105/><W6/><G118/><T131/><D104/><U93/><E74/><V100/><F132/><W52/><G106/><T121/><D121/><U24/><E127/><V32/><F66/><W117/><G117/><T38/><D38/><U42/><E42/><V65/><F65/><W120/><G120/><T84/><D75/><U82/><E45/><V129/><F125/><W8/><G8/><T53/><D134/><U49/><E49/><V48/><F129/><W113/><G67/><T112/><D112/><U130/><E93/><V56/><F108/><W114/><G126/><T83/><D131/><U50/><E50/><V70/><F70/><W43/><G52/><T26/><D3/><U54/><REACH who="1" step="1"/><E130/><REACH who="1" ten="252,334,36,368" step="2"/><V33/><F29/><AGARI ba="0,1" hai="21,24,29,54,59,60,69,71,77,82,87,90,94,96" machi="29" ten="30,7700,0" yaku="1,1,2,1,7,1,52,1,53,0" doraHai="72" doraHaiUra="97" who="1" fromWho="2" sc="252,0,334,87,36,-77,368,0" owari="252,-15.0,421,52.0,-41,-54.0,368,17.0" /></mjloggm>