<mjloggm ver="2.3"><GO type="169" lobby="0"/><UN n0="%E3%82%A6%E3%83%AB%E3%83%88%E3%83%A9%E7%AB%8B%E7%9B%B4" n1="%4D%4F%44" n2="%E3%83%92%E3%83%84%E3%83%AB%E3%82%B9%E3%83%9A%E3%83%AB%E3%82%AC%E3%83%BC" n3="%61%74%75%6F%68%61%74%61" dan="18,17,16,16" rate="2239.80,2162.81,2128.08,2078.84" sx="M,F,M,M"/><TAIKYOKU oya="0"/><INIT seed="0,0,0,0,4,124" ten="250,250,250,250" oya="0" hai0="9,68,114,109,112,57,129,35,56,79,126,11,52" hai1="5,88,117,74,31,36,82,21,17,118,115,130,71" hai2="134,63,30,99,135,26,97,24,131,62,1,48,54" hai3="93,133,102,4,96,111,29,49,8,20,15,44,13"/><T86/><D68/><U107/><E36/><V103/><F1/><W84/><G111/><T3/><D35/><U45/><E71/><V46/><F131/><W91/><G133/><N who="2" m="50697" /><F99/><W125/><G125/><T6/><D126/><U75/><E107/><N who="2" m="63983" /><F26/><W76/><G76/><T73/><D73/><U59/><E130/><V47/><F46/><W53/><G29/><T81/><D129/><U120/><E31/><V60/><F60/><W100/><G96/><T18/><D109/><U38/><E45/><V123/><F123/><W12/><REACH who="3" step="1"/><G20/><AGARI ba="0,0" hai="20,24,30,47,48,54,62,63" m="63983,50697" machi="20" ten="30,1000,0" yaku="20,1" doraHai="124" who="2" fromWho="3" sc="250,0,250,0,250,10,250,-10" /><INIT seed="1,0,0,4,0,0" ten="250,250,260,240" oya="1" hai0="74,48,106,53,40,87,6,13,15,102,30,81,9" hai1="127,89,62,99,47,17,92,36,123,11,109,1,115" hai2="18,12,34,108,25,126,57,56,29,10,59,135,19" hai3="35,26,45,65,14,118,39,128,71,49,28,122,33"/><U124/><E115/><V101/><F108/><W78/><G122/><T21/><D74/><U58/><E123/><V93/><F126/><N who="1" m="48169" /><E109/><V3/><F3/><W69/><G35/><T132/><D132/><U22/><E36/><V61/><F135/><W37/><G78/><T103/><D106/><U129/><E47/><V84/><F19/><W133/><G128/><T64/><D64/><U8/><E1/><V70/><F70/><W43/><G133/><T119/><D119/><U23/><E129/><V68/><F68/><W32/><G32/><T66/><D66/><N who="1" m="39255" /><E23/><V83/><F93/><W31/><G65/><T117/><D117/><U130/><E130/><V131/><F101/><W42/><G118/><T63/><D63/><U125/><N who="1" m="48177" /><U105/><DORA hai="88" /><E105/><V46/><F46/><W121/><G39/><T2/><D40/><U75/><E75/><V76/><REACH who="2" step="1"/><F131/><REACH who="2" ten="250,250,250,240" step="2"/><W134/><G134/><T91/><D2/><U95/><E92/><V73/><F73/><W90/><G71/><T111/><D111/><U24/><AGARI ba="0,1" hai="8,11,17,22,24,89,95,99" m="39255,48177" machi="24" ten="40,3900,0" yaku="18,1,52,1" doraHai="0,88" who="1" fromWho="1" sc="250,-13,250,49,250,-13,240,-13" /><INIT seed="1,1,0,4,4,66" ten="237,299,237,227" oya="1" hai0="56,31,82,132,70,83,28,41,93,64,77,121,100" hai1="85,46,5,68,72,34,29,26,15,95,127,1,20" hai2="57,63,71,116,62,69,80,67,133,30,89,42,61" hai3="76,122,103,33,40,19,38,113,39,11,102,48,27"/><U98/><E72/><V109/><F30/><W60/><G122/><T107/><D107/><U47/><E127/><V123/><F123/><W134/><G113/><T119/><D119/><U79/><E79/><V75/><F116/><W59/><G134/><T88/><D132/><U96/><E68/><V87/><F133/><W6/><G76/><T18/><D100/><U36/><E85/><V35/><F35/><W52/><G39/><T110/><D41/><U13/><E13/><V14/><F42/><W92/><G38/><T104/><D104/><U8/><E36/><V120/><F120/><W125/><G125/><T124/><D70/><U99/><REACH who="1" step="1"/><E95/><REACH who="1" ten="237,289,237,227" step="2"/><V23/><F75/><W16/><G92/><T117/><D93/><U49/><E49/><V43/><F71/><W17/><G27/><T126/><D124/><U106/><E106/><V21/><F69/><W84/><G84/><T53/><D126/><U130/><E130/><V105/><F105/><W37/><G37/><T22/><D121/><U86/><E86/><V108/><F14/><W131/><G131/><T81/><D117/><U24/><E24/><V50/><F50/><W78/><G78/><T54/><D77/><U115/><E115/><V25/><F25/><W94/><G94/><T58/><D82/><U9/><E9/><V2/><F80/><W111/><G11/><T44/><D83/><U114/><E114/><V55/><F87/><W91/><G48/><T12/><D81/><U10/><E10/><V73/><F73/><W45/><G60/><T101/><D12/><U135/><E135/><V3/><F62/><RYUUKYOKU ba="1,1" sc="237,-10,289,30,237,-10,227,-10" hai1="1,5,8,15,20,26,29,34,46,47,96,98,99" /><INIT seed="1,2,1,4,3,49" ten="227,319,227,217" oya="1" hai0="83,85,31,8,81,13,98,95,27,75,73,90,109" hai1="135,39,130,45,52,133,70,101,5,42,20,0,100" hai2="77,97,84,61,116,23,37,121,56,113,9,76,40" hai3="69,41,115,126,117,107,47,44,66,72,43,29,11"/><U34/><E34/><V2/><F116/><W36/><G107/><T51/><D109/><U74/><E74/><V50/><F121/><W118/><G72/><T65/><D65/><U134/><E70/><V6/><F37/><N who="3" m="21551" /><G29/><T3/><D3/><U57/><E130/><V15/><F113/><W111/><G11/><T86/><D51/><N who="1" m="30879" /><E20/><V18/><F97/><W10/><G10/><AGARI ba="2,1" hai="0,5,10,39,42,45,100,101,133,134,135" m="30879" machi="10" ten="30,5800,0" yaku="20,1,52,1,54,1" doraHai="49" who="1" fromWho="3" sc="227,0,319,74,227,0,217,-64" /><INIT seed="1,3,0,4,1,55" ten="227,393,227,153" oya="1" hai0="49,111,117,113,85,46,90,64,8,43,54,31,105" hai1="14,131,77,71,3,76,134,130,84,12,59,32,112" hai2="99,81,18,125,68,92,96,29,53,93,51,103,118" hai3="89,83,9,101,100,28,123,119,17,22,1,115,122"/><U98/><E71/><V109/><F118/><W41/><G115/><T39/><D113/><U127/><E112/><V95/><F68/><W61/><G119/><T38/><D117/><U87/><E3/><V19/><F109/><W58/><G41/><T124/><D105/><U116/><E116/><V57/><F125/><W132/><G132/><T24/><D111/><U40/><E32/><V27/><F81/><W56/><G28/><T106/><D106/><U79/><E134/><V75/><F75/><W30/><G30/><T97/><D97/><U108/><E108/><V21/><REACH who="2" step="1"/><F93/><REACH who="2" ten="227,393,217,153" step="2"/><W26/><G123/><T52/><D124/><U42/><E127/><V69/><F69/><W114/><G122/><T34/><D64/><U2/><E131/><V16/><F16/><W72/><G72/><T78/><D78/><U121/><E121/><V0/><F0/><W128/><G128/><T107/><D107/><U135/><E2/><V33/><F33/><W7/><G114/><T94/><REACH who="0" step="1"/><D8/><REACH who="0" ten="217,393,217,153" step="2"/><U47/><E130/><V70/><F70/><W20/><G9/><T37/><AGARI ba="3,2" hai="24,31,34,37,38,39,43,46,49,52,54,85,90,94" machi="37" ten="30,7900,0" yaku="1,1,2,1,0,1,54,1,53,0" doraHai="55" doraHaiUra="15" who="0" fromWho="0" sc="217,108,393,-42,217,-23,153,-23" /><INIT seed="2,0,0,1,0,128" ten="325,351,194,130" oya="2" hai0="53,9,113,65,18,83,111,124,102,132,101,120,43" hai1="21,48,63,121,33,47,59,75,44,127,7,87,16" hai2="86,1,2,45,77,80,29,94,123,55,97,109,15" hai3="14,8,64,68,135,106,84,118,131,134,108,104,22"/><V78/><F123/><W66/><G118/><T60/><D113/><U76/><E121/><V67/><F67/><W17/><G131/><T100/><D120/><U116/><E116/><V0/><F29/><W91/><G108/><T122/><D122/><U73/><E33/><V117/><F117/><W6/><G104/><T82/><D111/><U69/><E69/><V62/><F109/><W31/><G31/><T26/><D124/><U103/><E103/><V54/><F77/><W74/><G74/><T27/><D43/><U39/><E7/><V89/><F62/><W36/><G36/><T125/><D125/><U114/><E114/><V40/><REACH who="2" step="1"/><F15/><REACH who="2" ten="325,351,184,130" step="2"/><N who="3" m="5527" /><G106/><T11/><D65/><U115/><E127/><V61/><F61/><W110/><G110/><T129/><D60/><U95/><E76/><V10/><F10/><W90/><G68/><T4/><D11/><U93/><E63/><V5/><F5/><W58/><G66/><T20/><D9/><U37/><E115/><V126/><F126/><W70/><G70/><T96/><D4/><U12/><E21/><V98/><F98/><W79/><G64/><T133/><D96/><U50/><E75/><V81/><F81/><W71/><G71/><T51/><D129/><U13/><E73/><V112/><F112/><W119/><G119/><T99/><D99/><U107/><E87/><V25/><F25/><W35/><G84/><T88/><D27/><U28/><E28/><V42/><F42/><W72/><G72/><T52/><D83/><U130/><E130/><V24/><F24/><W23/><G79/><T19/><D82/><RYUUKYOKU ba="0,1" sc="325,-10,351,-10,184,30,130,-10" hai2="0,1,2,40,45,54,55,78,80,86,89,94,97" /><INIT seed="2,1,1,0,0,102" ten="315,341,214,120" oya="2" hai0="72,73,39,31,25,63,115,78,100,10,130,120,89" hai1="27,76,43,129,70,105,34,108,12,51,53,18,97" hai2="96,95,85,80,58,116,98,117,104,41,123,87,40" hai3="90,93,5,103,45,109,101,4,23,69,7,64,36"/><V62/><F123/><W19/><G109/><T44/><D115/><U59/><E108/><V77/><F116/><W94/><G69/><T79/><D120/><U122/><E122/><V111/><F117/><W107/><G64/><T26/><D100/><U81/><E70/><V121/><F121/><W22/><G22/><T47/><D89/><U128/><E43/><V29/><F29/><W3/><G3/><T46/><D10/><U74/><E27/><V127/><F111/><W66/><G66/><T133/><D47/><U8/><E34/><V32/><F32/><W1/><G1/><T20/><D20/><U125/><E125/><V42/><F127/><W131/><G131/><N who="1" m="50250" /><E97/><V17/><F17/><W52/><G107/><AGARI ba="1,1" hai="8,12,18,51,53,59,74,76,81,105,107" m="50250" machi="107" ten="30,3900,0" yaku="19,1,52,2" doraHai="102" who="1" fromWho="3" sc="315,0,341,52,214,0,120,-42" /><INIT seed="3,0,0,1,4,107" ten="315,393,214,78" oya="3" hai0="35,109,10,60,132,31,104,92,87,2,65,119,1" hai1="30,134,70,102,27,106,45,50,89,103,17,11,96" hai2="122,69,90,76,64,127,68,130,37,97,40,36,125" hai3="26,49,111,91,29,128,85,101,21,121,78,8,25"/><W15/><G121/><T39/><D119/><U129/><E70/><V54/><F76/><W22/><G128/><T108/><D39/><U6/><E129/><V135/><F97/><W81/><G101/><T94/><D104/><U0/><E134/><V16/><F90/><W110/><G91/><T114/><D132/><U67/><E67/><V58/><F16/><W100/><G100/><T123/><D123/><U112/><E112/><V43/><F135/><W74/><G49/><T88/><D114/><U133/><E133/><V9/><F9/><W19/><REACH who="3" step="1"/><G85/><REACH who="3" ten="315,393,214,68" step="2"/><T28/><D88/><U126/><E103/><V120/><F130/><W24/><G24/><T59/><D87/><U75/><E89/><V117/><F37/><W44/><G44/><T61/><D94/><U13/><E45/><V63/><F36/><W3/><G3/><T51/><D92/><U55/><E50/><V14/><F120/><W116/><G116/><T80/><D51/><U86/><E86/><V124/><F122/><W53/><G53/><T12/><D1/><U95/><E55/><V32/><F117/><W99/><G99/><T98/><D98/><U57/><E95/><V18/><F54/><W82/><G82/><T47/><D2/><U7/><E0/><V52/><F52/><W48/><G48/><T62/><D80/><U118/><E118/><V5/><F14/><W113/><G113/><T56/><D47/><U33/><E102/><V4/><F43/><W77/><G77/><T34/><D12/><U41/><E13/><V20/><F40/><W38/><G38/><T72/><D65/><RYUUKYOKU ba="0,1" sc="315,-10,393,-10,214,-10,68,30" hai3="8,15,19,21,22,25,26,29,74,78,81,110,111" /><INIT seed="3,1,1,1,5,86" ten="305,383,204,98" oya="3" hai0="37,80,1,68,97,100,120,109,0,133,78,59,101" hai1="17,107,26,82,18,134,77,104,31,69,114,119,42" hai2="4,16,113,88,33,89,83,124,110,125,30,23,128" hai3="64,25,7,8,63,35,58,53,49,32,118,57,105"/><W40/><G118/><T98/><D68/><U108/><E114/><V43/><F113/><W36/><G105/><T51/><D37/><U66/><E119/><V13/><F110/><W132/><G132/><T34/><D34/><U44/><E108/><V2/><F128/><W123/><G123/><T90/><D120/><U93/><E134/><V27/><F43/><W29/><G36/><T87/><D109/><U14/><E66/><V19/><F19/><W74/><G40/><T79/><D133/><U15/><E69/><V46/><F46/><W5/><G74/><T96/><D0/><U60/><E60/><V10/><REACH who="2" step="1"/><F83/><REACH who="2" ten="305,383,194,98" step="2"/><W24/><REACH who="3" step="1"/><G8/><REACH who="3" ten="305,383,194,88" step="2"/><T92/><D101/><U84/><E42/><V62/><F62/><W47/><G47/><T65/><D100/><U103/><E44/><V41/><F41/><W28/><AGARI ba="1,3" hai="5,7,24,25,28,29,32,35,49,53,57,58,63,64" machi="28" ten="30,6000,0" yaku="1,1,0,1,9,1,53,0" doraHai="86" doraHaiUra="95" who="3" fromWho="3" sc="305,-21,383,-21,194,-21,88,93" /><INIT seed="3,2,0,1,3,31" ten="284,362,173,181" oya="3" hai0="16,29,4,60,85,46,49,24,88,36,17,23,98" hai1="19,69,101,108,127,79,33,89,38,94,54,14,66" hai2="37,124,82,67,72,84,61,48,81,117,41,56,20" hai3="39,18,43,21,133,106,74,97,126,32,3,123,86"/><W5/><G32/><T28/><D36/><U71/><E38/><V10/><F117/><W64/><G64/><T135/><D135/><U75/><E101/><V130/><F130/><W90/><G74/><T99/><D4/><U128/><E108/><V45/><F124/><W103/><G123/><T76/><D76/><U121/><E121/><V9/><F72/><W30/><G133/><T96/><D60/><U22/><E66/><V47/><F20/><W50/><G30/><T129/><D29/><U62/><E127/><V52/><REACH who="2" step="1"/><F81/><REACH who="2" ten="284,362,163,181" step="2"/><W53/><G126/><T115/><D129/><U44/><E22/><V13/><F13/><W58/><G3/><T27/><D115/><U102/><E14/><V132/><F132/><W78/><G5/><T55/><D24/><U110/><E128/><V77/><AGARI ba="2,1" hai="9,10,37,41,45,47,48,52,56,61,67,77,82,84" machi="77" ten="20,5200,0" yaku="1,1,0,1,7,1,54,1,53,0" doraHai="31" doraHaiUra="1" who="2" fromWho="2" sc="284,-15,362,-15,163,68,181,-28" /><INIT seed="4,0,0,5,0,47" ten="269,347,231,153" oya="0" hai0="50,113,66,83,85,100,3,32,39,35,128,28,74" hai1="7,52,123,111,33,10,106,58,64,131,60,72,23" hai2="26,4,9,30,112,77,36,61,120,15,75,96,97" hai3="51,0,130,29,37,34,93,69,65,12,125,104,55"/><T45/><D3/><U110/><E33/><V31/><F120/><W67/><G37/><T91/><D39/><U13/><E123/><V108/><F36/><W18/><G0/><T80/><D113/><U40/><E106/><V134/><F108/><W102/><G125/><T105/><D128/><U107/><E107/><V5/><F112/><W109/><G109/><T22/><D66/><U56/><E72/><V68/><F134/><W63/><G67/><T94/><D22/><U86/><E40/><V2/><F5/><W54/><G104/><T114/><D114/><U25/><E86/><V49/><F61/><W95/><G130/><T8/><D8/><U20/><E131/><V48/><F68/><W89/><G102/><T19/><D19/><U122/><E23/><V14/><F14/><W62/><G29/><T44/><D83/><U41/><E41/><V46/><F2/><W135/><G34/><T38/><D38/><U59/><E122/><V124/><F124/><W70/><G135/><T27/><D35/><U92/><E92/><V119/><F119/><W81/><G81/><T78/><D50/><U17/><E59/><V73/><F73/><W117/><G117/><T11/><REACH who="0" step="1"/><D11/><REACH who="0" ten="259,347,231,153" step="2"/><U127/><E127/><V79/><F49/><AGARI ba="0,1" hai="7,10,13,17,20,25,49,52,56,58,60,64,110,111" machi="49" ten="30,3900,0" yaku="7,1,52,1,54,1" doraHai="47" who="1" fromWho="2" sc="259,0,347,49,231,-39,153,0" /><INIT seed="5,0,0,5,5,0" ten="259,396,192,153" oya="1" hai0="35,11,4,26,44,92,65,129,84,54,96,61,97" hai1="53,17,79,21,135,105,18,41,24,38,16,75,47" hai2="104,112,108,69,102,12,86,25,120,2,87,6,115" hai3="133,111,134,77,14,59,103,126,106,71,67,62,116"/><U94/><E105/><V36/><F69/><W95/><G106/><T117/><D117/><U50/><E135/><N who="3" m="51722" /><G77/><T37/><D129/><U76/><E94/><V124/><F120/><W27/><G111/><T70/><D84/><U46/><REACH who="1" step="1"/><E75/><REACH who="1" ten="259,386,192,153" step="2"/><V10/><F104/><W127/><G116/><T22/><D92/><U98/><E98/><V66/><F108/><W81/><G81/><T40/><D97/><U42/><E42/><V29/><F87/><W39/><G95/><T43/><D96/><U51/><E51/><V123/><F86/><W55/><G39/><T90/><D43/><U74/><E74/><V32/><F36/><W58/><G103/><T109/><D40/><U99/><E99/><V101/><F102/><W131/><G131/><T15/><D109/><U30/><AGARI ba="0,1" hai="16,17,18,21,24,30,38,41,46,47,50,53,76,79" machi="30" ten="30,6000,0" yaku="1,1,0,1,54,1,53,0" doraHai="0" doraHaiUra="122" who="1" fromWho="1" sc="259,-20,386,70,192,-20,153,-20" /><INIT seed="5,1,0,4,3,124" ten="239,456,172,133" oya="1" hai0="36,76,89,43,86,106,14,114,82,20,119,60,30" hai1="108,23,87,95,80,40,33,109,132,47,52,38,26" hai2="17,69,110,113,123,35,8,78,91,31,37,122,99" hai3="4,133,117,94,73,72,12,71,13,127,6,34,39"/><U97/><E33/><V61/><F37/><W32/><G39/><T67/><D106/><U54/><E132/><V83/><F110/><N who="1" m="42601" /><E87/><V77/><F31/><W125/><G94/><T103/><D103/><N who="1" m="60863" /><E80/><V112/><F35/><W100/><G100/><T129/><D86/><U118/><E118/><V22/><F77/><W74/><G71/><T66/><D89/><U134/><E134/><V101/><F91/><W75/><G75/><T48/><D82/><U5/><E5/><V96/><F83/><W79/><G72/><T116/><D76/><U55/><E55/><V24/><F78/><W16/><G79/><T7/><D7/><U0/><E0/><V98/><F101/><W21/><G133/><T135/><D135/><U84/><E84/><V102/><F102/><W85/><G85/><T41/><D119/><U90/><E90/><V56/><F69/><W10/><G117/><T121/><D116/><U81/><E81/><V64/><REACH who="2" step="1"/><F8/><REACH who="2" ten="239,456,162,133" step="2"/><W126/><G74/><T15/><D36/><U51/><E38/><V88/><F88/><W9/><G73/><T92/><D30/><AGARI ba="1,1" hai="23,26,30,40,47,51,52,54" m="60863,42601" machi="30" ten="30,2900,0" yaku="10,1,54,1" doraHai="124" who="1" fromWho="0" sc="239,-32,456,42,162,0,133,0" /><INIT seed="5,2,0,2,4,61" ten="207,498,162,133" oya="1" hai0="94,92,43,129,5,36,22,26,42,70,67,4,47" hai1="122,101,126,100,87,125,74,108,56,81,2,58,121" hai2="91,86,15,127,109,71,39,99,9,40,24,97,45" hai3="11,28,35,131,89,23,7,30,12,104,75,8,68"/><U44/><E2/><V20/><F109/><W77/><G104/><T51/><D129/><U105/><E74/><V79/><F79/><W72/><G131/><T80/><D36/><U128/><E128/><V134/><F134/><W115/><G77/><T16/><D70/><U63/><E108/><V133/><F133/><W73/><G115/><T50/><D67/><U135/><E135/><V41/><F41/><W90/><G35/><T29/><D80/><U49/><E105/><V111/><F71/><W18/><G68/><T124/><D124/><N who="1" m="47723" /><E101/><V96/><F127/><W33/><G11/><T93/><D29/><U27/><E27/><V31/><F111/><W112/><G112/><T116/><D116/><U52/><E100/><V98/><N who="2" m="24576" /><DORA hai="37" /><V113/><F113/><W95/><G33/><T32/><D32/><U84/><E58/><V21/><F21/><W118/><G118/><T10/><D10/><U13/><E13/><V117/><F117/><W82/><G95/><T62/><D62/><U102/><E102/><V59/><F59/><W76/><G76/><T25/><D25/><U66/><E87/><V110/><F110/><W17/><G17/><T103/><D103/><U14/><E14/><V78/><F78/><AGARI ba="2,0" hai="44,49,52,56,63,66,78,81,84,121,122" m="47723" machi="78" ten="30,5800,0" yaku="18,1,52,1,54,1" doraHai="61,37" who="1" fromWho="2" sc="207,0,498,64,162,-64,133,0" /><INIT seed="5,3,0,0,3,59" ten="207,562,98,133" oya="1" hai0="11,115,128,2,52,111,96,117,7,54,70,74,44" hai1="99,126,26,71,122,42,108,51,78,23,5,87,28" hai2="9,50,81,35,15,82,75,114,30,105,34,68,60" hai3="97,135,55,125,69,93,119,90,10,107,24,77,129"/><U4/><E122/><V79/><F105/><W38/><G38/><T132/><D96/><U104/><E71/><V63/><F82/><W19/><G125/><T49/><D52/><U47/><E126/><V123/><F123/><W83/><G129/><T43/><D54/><U118/><E118/><V98/><F98/><W8/><G135/><T27/><D49/><U89/><E108/><V12/><F12/><W40/><G40/><T45/><D11/><U48/><E48/><V101/><F101/><W6/><G119/><T3/><D7/><U80/><E104/><V103/><F103/><W37/><G37/><T22/><D22/><U124/><E124/><V91/><F91/><W46/><G107/><T16/><D16/><U29/><E29/><V86/><F75/><W36/><G69/><T32/><D44/><U84/><REACH who="1" step="1"/><E99/><REACH who="1" ten="207,552,98,133" step="2"/><V113/><F68/><W121/><G36/><T100/><D70/><U41/><E41/><V13/><F50/><N who="3" m="29143" /><G121/><T62/><D43/><U76/><E76/><V17/><F30/><W18/><G77/><T56/><D111/><U95/><AGARI ba="3,1" hai="4,5,23,26,28,42,47,51,78,80,84,87,89,95" machi="95" ten="20,7800,0" yaku="1,1,0,1,7,1,8,1,53,0" doraHai="59" doraHaiUra="58" who="1" fromWho="1" sc="207,-29,552,97,98,-29,133,-29" /><INIT seed="5,4,0,4,4,91" ten="178,649,69,104" oya="1" hai0="48,4,89,71,122,13,99,56,0,41,86,77,55" hai1="59,105,80,57,62,132,133,67,90,70,31,69,108" hai2="43,124,93,28,83,38,96,82,49,40,114,33,2" hai3="36,85,7,14,98,127,73,52,66,54,22,9,20"/><U21/><E105/><V103/><F38/><W25/><G73/><T79/><D71/><U81/><E108/><V87/><F2/><W97/><G36/><T3/><D3/><U34/><E34/><V1/><F1/><W126/><G66/><T115/><D0/><U109/><E109/><V117/><F117/><W88/><G126/><T61/><D99/><U121/><E121/><V16/><F124/><W95/><G127/><T15/><D115/><U75/><E75/><V123/><F123/><W42/><G42/><T94/><D122/><U78/><E90/><V118/><F118/><W18/><G22/><T120/><D120/><U44/><E44/><V26/><F114/><W113/><G113/><T128/><D128/><U12/><E59/><V134/><F134/><W47/><G47/><N who="0" m="25711" /><D4/><U53/><E70/><V102/><F102/><W60/><G60/><T27/><D27/><U23/><E23/><V106/><F49/><W51/><G51/><T19/><D13/><U111/><E111/><V110/><F110/><W68/><G68/><T72/><D72/><U101/><E69/><V63/><F63/><W45/><G45/><T112/><D112/><U76/><E62/><V64/><F64/><W29/><G7/><T125/><D125/><U10/><E67/><V74/><F74/><W5/><G5/><T6/><D6/><U104/><E133/><V131/><F131/><W50/><G50/><T107/><D107/><U24/><E104/><V135/><F135/><W32/><G32/><T8/><AGARI ba="4,0" hai="8,15,19,55,56,61,77,79,86,89,94" m="25711" machi="8" ten="30,2000,0" yaku="8,1,52,1" doraHai="91" who="0" fromWho="0" sc="178,32,649,-14,69,-9,104,-9" /><INIT seed="6,0,0,1,5,109" ten="210,635,60,95" oya="2" hai0="9,100,88,31,80,28,126,116,67,102,33,16,10" hai1="29,77,56,99,5,127,108,69,45,94,24,20,89" hai2="135,54,119,30,41,39,84,132,128,79,22,125,117" hai3="62,34,0,25,18,68,46,118,124,58,4,48,107"/><V82/><F125/><W113/><G107/><T85/><D33/><U93/><E108/><V95/><F128/><W38/><G118/><T51/><D116/><U120/><E69/><V112/><F54/><W121/><G121/><T49/><D67/><U11/><E127/><V81/><F95/><W76/><G124/><T97/><D126/><U104/><E104/><V65/><F65/><W53/><G76/><T2/><D2/><U74/><E120/><V13/><F82/><W130/><G130/><T50/><D97/><U15/><E45/><N who="2" m="23743" /><F13/><W8/><G68/><T98/><D98/><U92/><E74/><V96/><F96/><W63/><G38/><T7/><D102/><U23/><E77/><V70/><F70/><W133/><G63/><T55/><D100/><U123/><E123/><V17/><F17/><W37/><G37/><T12/><D55/><U111/><E111/><V1/><F1/><W83/><G83/><T3/><AGARI ba="0,0" hai="3,7,9,10,12,16,28,31,49,50,51,80,85,88" machi="3" ten="30,4000,0" yaku="0,1,54,2" doraHai="109" who="0" fromWho="0" sc="210,40,635,-10,60,-20,95,-10" /><INIT seed="7,0,0,3,5,127" ten="250,625,40,85" oya="3" hai0="126,81,106,19,122,50,20,24,123,63,52,97,33" hai1="56,1,115,38,98,77,80,84,64,40,8,75,25" hai2="14,101,51,17,103,72,29,36,6,48,100,111,113" hai3="3,92,135,119,30,21,85,47,4,67,83,12,102"/><W34/><G119/><T79/><D126/><U62/><E115/><V15/><F111/><W91/><G135/><T11/><D33/><U133/><E133/><V32/><F36/><W74/><G34/><T0/><D63/><U112/><E112/><V95/><F72/><W26/><G3/><T54/><D54/><U58/><E98/><V65/><F113/><W86/><G74/><T39/><D39/><U10/><E84/><V96/><F65/><W104/><G104/><T5/><D97/><U107/><E107/><V108/><F108/><W90/><G102/><T27/><D27/><U9/><E25/><V61/><F61/><W125/><G125/><T35/><D35/><U53/><E38/><V89/><F29/><W114/><G114/><T94/><D94/><U45/><E40/><V59/><F32/><W37/><G37/><T68/><D68/><U69/><REACH who="1" step="1"/><E1/><REACH who="1" ten="250,615,40,85" step="2"/><V28/><F28/><W22/><G86/><T42/><D42/><U134/><E134/><V2/><F2/><W88/><G85/><T131/><D19/><U16/><E16/><V78/><F78/><W120/><G26/><T13/><D50/><AGARI ba="0,1" hai="8,9,10,45,50,53,56,58,62,64,69,75,77,80" machi="50" ten="40,1300,0" yaku="1,1,53,0" doraHai="127" doraHaiUra="130" who="1" fromWho="0" sc="250,-13,615,23,40,0,85,0" owari="237,4.0,638,73.0,40,-46.0,85,-31.0" /></mjloggm>