<mjloggm ver="2.3"><GO type="169" lobby="0"/><UN n0="%E5%8C%97%E4%B9%9D%E5%B7%9E%E5%B8%82" n1="%E5%B0%B1%E6%B4%BB%E7%94%9F%40%E5%B7%9D%E6%9D%91%E8%BB%8D%E5%9B%A3" n2="%6B%E3%81%AE%64%65%73%75" n3="%6F%77%61%72%69%2D" dan="16,19,16,16" rate="2114.64,2349.56,2107.67,2083.07" sx="M,M,M,M"/><TAIKYOKU oya="0"/><INIT seed="0,0,0,0,1,4" ten="250,250,250,250" oya="0" hai0="98,111,53,99,61,55,85,84,72,68,80,82,11" hai1="127,69,105,27,74,73,38,100,132,83,131,49,90" hai2="79,39,59,20,76,22,25,9,44,134,78,12,5" hai3="87,118,70,66,10,41,33,63,114,106,56,43,113"/><T107/><D107/><U67/><E49/><V48/><F134/><W34/><G118/><T40/><D72/><U8/><E38/><V21/><F39/><W96/><G34/><T23/><D40/><U133/><E27/><V77/><N who="2" m="19456" /><DORA hai="14" /><V115/><F115/><W95/><G33/><T45/><D45/><U125/><E67/><V36/><F36/><W52/><G87/><T13/><D23/><U117/><E69/><V129/><F129/><W75/><G75/><N who="1" m="28682" /><E8/><V62/><F62/><W124/><G106/><T101/><D68/><U3/><E3/><V121/><F121/><W50/><G124/><N who="1" m="47690" /><E117/><V30/><REACH who="2" step="1"/><F59/><REACH who="2" ten="250,250,240,250" step="2"/><W32/><G56/><T71/><D71/><U16/><E131/><V120/><F120/><W47/><G114/><T116/><D116/><U60/><E60/><V7/><F7/><W35/><G113/><T88/><D61/><U18/><E132/><V126/><F126/><W42/><G70/><T0/><D111/><U122/><E133/><V119/><F119/><W109/><G109/><T128/><D128/><U130/><E122/><V92/><F92/><W24/><G63/><T17/><D0/><U97/><E130/><V102/><F102/><W112/><G112/><T6/><D6/><U110/><E110/><V64/><F64/><W19/><G66/><T26/><D101/><U93/><E83/><V94/><F94/><W89/><G95/><T58/><D58/><U104/><E104/><V37/><F37/><W135/><G135/><T31/><D82/><U91/><E91/><V108/><F108/><W28/><G89/><T15/><D88/><RYUUKYOKU ba="0,1" sc="250,-15,250,15,240,15,250,-15" hai1="16,18,90,93,97,100,105" hai2="5,9,12,20,21,22,25,30,44,48" /><INIT seed="1,1,1,1,0,108" ten="235,265,255,235" oya="1" hai0="105,134,31,83,68,46,21,124,84,93,91,14,131" hai1="11,115,19,101,118,66,67,29,64,70,47,24,8" hai2="59,130,128,28,56,27,77,52,96,55,32,97,44" hai3="38,9,104,112,103,79,98,106,78,88,0,39,127"/><U95/><E118/><V117/><F77/><W90/><G0/><T65/><D105/><N who="3" m="40553" /><G9/><T73/><D124/><U54/><E115/><V33/><F117/><W18/><G18/><T111/><D111/><U122/><E70/><V125/><F125/><W17/><G17/><T126/><D126/><U113/><E113/><V57/><F44/><W12/><G12/><T87/><D131/><N who="2" m="50218" /><F32/><W36/><G127/><T69/><D134/><U99/><E122/><V51/><F57/><W135/><G112/><T119/><D119/><U3/><E3/><V76/><F76/><N who="3" m="29227" /><G135/><T13/><D73/><U86/><E19/><V48/><AGARI ba="1,1" hai="27,28,33,48,51,52,55,56,59,96,97" m="50218" machi="48" ten="30,2000,0" yaku="19,1,54,1" doraHai="108" who="2" fromWho="2" sc="235,-6,265,-11,255,33,235,-6" /><INIT seed="2,0,0,1,1,66" ten="229,254,288,229" oya="2" hai0="101,86,8,104,133,110,15,49,69,0,19,68,89" hai1="27,120,23,129,5,14,111,45,109,53,62,48,51" hai2="96,47,78,80,97,38,57,128,121,122,76,20,2" hai3="30,79,35,50,34,36,65,12,126,6,102,25,88"/><V64/><F2/><W90/><G36/><T117/><D110/><U26/><E129/><V94/><F128/><W130/><G35/><T31/><D133/><U84/><E120/><V85/><F76/><W55/><G130/><T40/><D117/><U39/><E39/><V16/><F96/><W124/><G102/><T134/><D134/><U125/><E125/><N who="3" m="48234" /><G65/><T21/><D0/><U58/><E84/><V107/><F107/><W81/><G6/><T93/><D104/><U108/><E48/><V113/><F113/><W118/><G12/><T67/><D67/><U42/><REACH who="1" step="1"/><E23/><REACH who="1" ten="229,244,288,229" step="2"/><V75/><F85/><N who="3" m="48319" /><G118/><T37/><D37/><U95/><E95/><V112/><F38/><W132/><G132/><T91/><D49/><U11/><AGARI ba="0,1" hai="5,11,14,26,27,42,45,51,53,58,62,108,109,111" machi="11" ten="40,8000,1" yaku="1,1,0,1,14,1,53,1" doraHai="66" doraHaiUra="1" who="1" fromWho="1" sc="229,-20,244,90,288,-40,229,-20" /><INIT seed="3,0,0,2,4,123" ten="209,334,248,209" oya="3" hai0="12,68,58,22,75,14,42,113,34,80,82,87,111" hai1="39,74,69,85,37,47,59,11,133,62,52,56,88" hai2="7,73,40,0,29,50,25,36,9,45,70,122,48" hai3="90,72,125,131,16,117,95,15,6,23,120,19,102"/><W13/><G120/><T103/><D68/><U114/><E74/><V55/><F122/><W51/><G117/><T107/><D34/><U28/><E114/><V24/><F70/><W60/><G72/><T61/><D113/><U130/><E130/><V30/><F73/><W97/><G131/><T38/><D75/><U94/><E133/><V112/><F112/><W31/><G125/><T110/><D38/><U115/><E115/><V100/><F100/><W10/><G60/><T76/><D42/><U119/><E69/><V26/><REACH who="2" step="1"/><F36/><REACH who="2" ten="209,334,238,209" step="2"/><W32/><G102/><T116/><D116/><U21/><E39/><V57/><AGARI ba="0,1" hai="0,7,9,24,25,26,29,30,40,45,48,50,55,57" machi="57" ten="30,7900,0" yaku="1,1,2,1,0,1,53,1" doraHai="123" doraHaiUra="4" who="2" fromWho="2" sc="209,-20,334,-20,238,89,209,-39" /><INIT seed="4,0,0,2,3,121" ten="189,314,327,170" oya="0" hai0="36,111,47,86,63,8,33,105,66,90,57,5,15" hai1="100,11,106,131,9,126,53,114,95,116,80,34,3" hai2="24,132,87,65,39,18,64,16,23,110,108,74,21" hai3="46,49,134,43,12,40,31,99,37,7,71,128,122"/><T101/><D33/><U70/><E106/><V77/><F39/><W78/><G31/><T92/><D105/><U41/><E70/><V38/><F38/><W112/><G71/><T133/><D133/><U93/><E41/><V44/><F74/><W6/><G78/><T96/><D36/><U45/><E34/><V27/><F132/><W73/><G73/><T91/><D47/><U29/><E29/><V62/><F44/><W67/><G67/><T42/><D42/><U52/><E80/><V129/><F129/><W54/><G134/><T94/><REACH who="0" step="1"/><D111/><REACH who="0" ten="179,314,327,170" step="2"/><U127/><E45/><V2/><F108/><W103/><G37/><T48/><D48/><U104/><E104/><V88/><F110/><W22/><G40/><T32/><D32/><U84/><E131/><V81/><F2/><W50/><G128/><T58/><D58/><U61/><E126/><V72/><REACH who="2" step="1"/><F62/><REACH who="2" ten="179,314,317,170" step="2"/><W85/><G46/><T60/><D60/><U120/><E61/><V107/><F107/><W113/><G43/><T10/><D10/><U130/><E11/><V56/><F56/><W69/><G49/><T102/><AGARI ba="0,2" hai="5,8,15,57,63,66,86,90,91,92,94,96,101,102" machi="102" ten="30,6000,0" yaku="1,1,0,1,8,1,53,0" doraHai="121" doraHaiUra="123" who="0" fromWho="0" sc="179,80,314,-20,317,-20,170,-20" /><INIT seed="4,1,0,2,2,42" ten="259,294,297,150" oya="0" hai0="2,121,60,132,50,89,83,59,110,23,86,31,107" hai1="4,87,122,7,117,30,98,62,106,131,38,92,109" hai2="125,85,13,94,19,39,10,20,84,25,66,16,1" hai3="45,57,32,44,128,34,15,133,119,52,12,17,24"/><T108/><D121/><U116/><E109/><N who="0" m="42089" /><D107/><U103/><E122/><V53/><F125/><W29/><G119/><T5/><D132/><U51/><E38/><V76/><F39/><W96/><G34/><T61/><D2/><U81/><E131/><V99/><F1/><W58/><G128/><T41/><D5/><U118/><E30/><V6/><F66/><W79/><G133/><T0/><D0/><U9/><E62/><V69/><F69/><W48/><G79/><T8/><D8/><U63/><E63/><V56/><F76/><W67/><G12/><T102/><D102/><U130/><E130/><V36/><F36/><W101/><G58/><T64/><D60/><U55/><E106/><V46/><F6/><W88/><G67/><T73/><D73/><U97/><E97/><V129/><F129/><W115/><G115/><T135/><D135/><U82/><E9/><V77/><F77/><W95/><G101/><T114/><D114/><U93/><E7/><V28/><F28/><W104/><G104/><T37/><D37/><U127/><E4/><V21/><F21/><AGARI ba="1,0" hai="15,17,21,24,29,32,44,45,48,52,57,88,95,96" machi="21" ten="30,8000,1" yaku="7,1,52,2,54,2" doraHai="42" who="3" fromWho="2" sc="259,0,294,0,297,-83,150,83" /><INIT seed="5,0,0,2,1,40" ten="259,294,214,233" oya="1" hai0="116,11,30,66,29,36,33,111,84,24,72,109,107" hai1="35,98,68,90,58,6,20,100,104,49,117,133,9" hai2="8,132,75,12,88,67,96,91,48,37,23,81,87" hai3="86,113,17,73,28,129,128,95,42,78,64,21,85"/><U93/><E35/><V131/><F37/><W39/><G73/><T56/><D72/><U92/><E68/><V99/><F132/><W34/><G34/><T60/><D116/><U0/><E117/><V4/><F131/><W13/><G28/><T16/><D107/><U26/><E133/><V43/><F75/><W79/><G64/><T45/><D30/><U59/><E49/><V94/><F67/><W27/><G27/><T121/><D121/><U126/><E126/><V38/><F38/><W54/><G86/><T114/><D114/><U127/><E127/><V25/><F96/><W5/><G5/><T134/><D134/><U47/><E47/><N who="2" m="25727" /><F25/><W101/><G113/><T82/><D36/><U124/><E124/><V74/><F74/><W7/><G39/><T22/><D11/><U2/><E2/><V118/><F118/><W61/><G128/><T15/><REACH who="0" step="1"/><D45/><REACH who="0" ten="249,294,214,233" step="2"/><U119/><E104/><V53/><F53/><W120/><G54/><T50/><D50/><U106/><E106/><V80/><F23/><W71/><G21/><T69/><D69/><U62/><E119/><V44/><F44/><W97/><G71/><T110/><D110/><U76/><E20/><V105/><F105/><W51/><G120/><T130/><D130/><U31/><E31/><V103/><F81/><W70/><G129/><T52/><D52/><U122/><E122/><V46/><F46/><N who="3" m="26071" /><G70/><T3/><D3/><U19/><E0/><V32/><F32/><W102/><G61/><T123/><D123/><U55/><E62/><V41/><F41/><W65/><G65/><T89/><AGARI ba="0,1" hai="15,16,22,24,29,33,56,60,66,82,84,89,109,111" machi="89" ten="20,12000,2" yaku="1,1,5,1,0,1,7,1,54,1,53,1" doraHai="40" doraHaiUra="10" who="0" fromWho="0" sc="249,130,294,-60,214,-30,233,-30" /><INIT seed="6,0,0,4,3,8" ten="379,234,184,203" oya="2" hai0="48,2,132,123,113,86,84,75,124,133,102,51,97" hai1="135,118,46,45,25,56,35,58,24,85,32,130,66" hai2="112,28,21,134,12,60,92,40,93,31,95,82,67" hai3="101,78,98,33,61,117,131,30,70,81,72,79,76"/><V57/><F112/><W6/><G117/><T74/><D123/><U125/><E118/><V15/><F134/><N who="0" m="51818" /><D113/><U1/><E1/><V11/><F40/><W68/><G6/><T105/><D2/><U27/><E66/><V103/><F103/><W129/><G68/><T89/><D124/><U36/><E36/><V107/><F107/><W41/><G41/><T29/><D29/><N who="2" m="11338" /><F11/><W64/><G76/><T121/><D121/><U59/><E135/><V5/><F5/><W39/><G78/><T3/><D3/><U54/><E125/><V94/><N who="2" m="23552" /><DORA hai="10" /><V47/><F21/><W104/><G39/><T23/><D23/><U0/><E0/><V128/><F128/><W110/><G110/><T43/><D43/><U108/><E130/><V115/><F115/><W34/><G34/><T120/><D120/><U119/><E108/><V111/><F111/><W37/><G37/><T26/><D105/><U14/><E119/><V62/><F47/><N who="1" m="17929" /><E35/><V100/><F100/><W90/><G90/><T80/><D89/><U19/><E32/><V63/><F82/><W69/><G69/><T52/><D80/><U71/><E71/><V65/><F57/><W44/><G44/><T77/><D102/><U55/><E85/><V20/><F20/><AGARI ba="0,0" hai="14,19,20,24,25,27,54,55,56,58,59" m="17929" machi="20" ten="30,3900,0" yaku="8,1,52,2" doraHai="8,10" who="1" fromWho="2" sc="379,0,234,39,184,-39,203,0" /><INIT seed="7,0,0,5,1,61" ten="379,273,145,203" oya="3" hai0="54,15,49,1,67,8,26,43,106,118,76,75,52" hai1="84,133,114,24,83,116,9,62,122,29,0,99,18" hai2="94,64,107,25,111,32,80,59,119,120,30,105,65" hai3="77,121,97,130,12,45,41,36,33,81,69,4,50"/><W57/><G121/><T44/><D118/><U66/><E122/><V7/><F120/><W55/><G33/><T89/><D1/><U70/><E133/><V103/><F111/><W35/><G35/><T72/><D106/><U79/><E114/><V95/><F119/><W128/><G97/><T53/><D67/><U100/><E116/><V101/><F7/><W5/><G69/><T96/><D76/><U68/><E68/><V23/><F32/><W87/><REACH who="3" step="1"/><G12/><REACH who="3" ten="379,273,145,193" step="2"/><T56/><D15/><U117/><E117/><V124/><F124/><W91/><G91/><T125/><D89/><U86/><E99/><N who="2" m="59639" /><F105/><W102/><G102/><T132/><D96/><U113/><E100/><V37/><F107/><W17/><G17/><T31/><D125/><U22/><E113/><V109/><F109/><W126/><G126/><T93/><D132/><U108/><E108/><V74/><F103/><W112/><G112/><T21/><D26/><U2/><E2/><V73/><F25/><W92/><G92/><T20/><D93/><U129/><E0/><V40/><F95/><W98/><G98/><T63/><D31/><U48/><E29/><V47/><F30/><W110/><G110/><T14/><D14/><U19/><E70/><V131/><F131/><AGARI ba="0,1" hai="4,5,36,41,45,50,55,57,77,81,87,128,130,131" machi="131" ten="40,7700,0" yaku="1,1,19,1,53,1" doraHai="61" doraHaiUra="46" who="3" fromWho="2" sc="379,0,273,0,145,-77,193,87" /><INIT seed="7,1,0,4,4,61" ten="379,273,68,280" oya="3" hai0="55,29,7,62,33,67,84,87,98,124,112,127,24" hai1="53,113,108,88,68,106,32,115,43,119,64,125,71" hai2="63,99,39,103,54,130,15,10,52,104,46,49,21" hai3="128,101,19,76,78,31,81,114,42,26,110,135,92"/><W12/><G114/><N who="1" m="43530" /><E108/><V30/><F130/><W82/><G135/><T48/><D112/><U107/><E125/><N who="0" m="48201" /><D98/><U120/><E120/><V126/><F126/><W16/><G42/><T58/><D7/><U6/><E119/><V57/><F39/><W91/><G128/><T35/><D35/><U100/><E32/><V50/><F50/><W97/><G110/><T72/><D72/><U44/><E6/><V122/><F122/><W74/><G12/><T131/><D131/><U129/><E129/><V22/><REACH who="2" step="1"/><F30/><REACH who="2" ten="379,273,58,280" step="2"/><W9/><G9/><T117/><D117/><U18/><E43/><V20/><F20/><W70/><G70/><AGARI ba="1,1" hai="24,29,33,48,55,58,62,67,70,84,87" m="48201" machi="70" ten="30,2000,0" yaku="18,1,52,1" doraHai="61" who="0" fromWho="3" sc="379,33,273,0,58,0,280,-23" owari="412,51.0,273,7.0,58,-44.0,257,-14.0" /></mjloggm>