<mjloggm ver="2.3"><GO type="169" lobby="0"/><UN n0="%E5%B0%B1%E6%B4%BB%E7%94%9F%40%E5%B7%9D%E6%9D%91%E8%BB%8D%E5%9B%A3" n1="%E3%83%A9%E3%83%83%E3%82%AD%E3%83%BC%E3%83%89%E3%83%83%E3%82%B0" n2="%E3%81%8F%E3%81%86%E3%81%9F%E3%82%8D" n3="%E3%83%81%E3%83%A3%E3%82%A4%E3%82%B8" dan="19,17,18,17" rate="2380.00,2168.42,2163.62,2143.94" sx="M,F,M,M"/><TAIKYOKU oya="0"/><INIT seed="0,0,0,2,3,118" ten="250,250,250,250" oya="0" hai0="31,90,127,3,14,72,133,85,105,117,60,25,71" hai1="5,132,70,17,10,80,63,43,9,41,18,21,94" hai2="97,23,42,115,74,82,122,16,48,1,77,58,123" hai3="78,57,24,19,37,108,79,69,110,95,73,15,93"/><T2/><D72/><U29/><E132/><V129/><F115/><W91/><G69/><T128/><D117/><U114/><E114/><V124/><F1/><W88/><G24/><T102/><D133/><U33/><E80/><V65/><F124/><W76/><G57/><T103/><D14/><U84/><E17/><V83/><F129/><W131/><G37/><T30/><D128/><U67/><E10/><V130/><F130/><W52/><G131/><T0/><D127/><U49/><E49/><V34/><F34/><W32/><G32/><T55/><D105/><U35/><E35/><V135/><F135/><W121/><G52/><T86/><D25/><U134/><E134/><V28/><F28/><W51/><G51/><T109/><D109/><N who="3" m="42089" /><G19/><T20/><D20/><U8/><E8/><V96/><F82/><N who="3" m="45327" /><G15/><T22/><D22/><U66/><E66/><V104/><F65/><W92/><G121/><T46/><D71/><U12/><E33/><V50/><F50/><W61/><G61/><T27/><D46/><U62/><E62/><V44/><F58/><W107/><G107/><T45/><D45/><U101/><E29/><N who="0" m="10761" /><D27/><U6/><E6/><V106/><F106/><W26/><G26/><T68/><D68/><U4/><E4/><V89/><F23/><W126/><G126/><T100/><D90/><AGARI ba="0,0" hai="78,79,88,90,91,92,93,95" m="45327,42089" machi="90" ten="30,7700,0" yaku="14,1,34,2,54,1" doraHai="118" who="3" fromWho="0" sc="250,-77,250,0,250,0,250,77" /><INIT seed="1,0,0,2,3,25" ten="173,250,250,327" oya="1" hai0="12,44,116,94,1,54,90,126,93,65,50,72,104" hai1="70,31,52,101,92,99,34,74,127,39,89,14,125" hai2="103,123,114,35,83,80,135,61,78,106,75,37,49" hai3="8,57,43,124,68,95,97,13,134,24,133,45,11"/><U87/><E74/><V3/><F37/><W56/><G68/><T23/><D1/><U96/><E39/><V113/><F3/><W79/><G124/><N who="1" m="47690" /><E70/><V40/><F123/><W10/><G79/><T9/><D104/><N who="1" m="63527" /><E14/><V17/><F75/><W27/><G13/><T129/><D72/><U63/><E99/><V29/><F113/><W42/><G95/><T30/><D126/><U51/><E63/><V88/><F61/><W120/><G97/><T100/><D129/><U64/><E64/><V81/><F106/><W53/><G120/><T18/><D116/><U58/><E34/><V131/><F35/><W115/><G115/><T132/><D132/><U77/><E77/><V66/><F78/><W2/><G2/><T69/><D69/><U47/><E47/><V86/><F114/><W117/><G117/><T21/><D65/><U19/><E19/><V28/><F17/><W62/><G56/><T91/><D100/><U85/><E87/><V38/><F86/><W102/><G102/><T36/><D36/><U76/><E76/><V109/><F38/><W110/><G134/><T22/><REACH who="0" step="1"/><D30/><AGARI ba="0,0" hai="30,31,51,52,58,85,89,92" m="63527,47690" machi="30" ten="30,11600,0" yaku="18,1,52,2,54,1" doraHai="25" who="1" fromWho="0" sc="173,-116,250,116,250,0,327,0" /><INIT seed="1,1,0,0,2,82" ten="57,366,250,327" oya="1" hai0="111,64,11,102,63,134,86,116,109,127,100,96,98" hai1="47,54,25,131,0,80,94,30,97,6,126,39,13" hai2="115,81,120,74,122,28,89,83,33,133,49,88,31" hai3="118,58,10,34,101,90,119,18,32,107,43,103,87"/><U108/><E0/><V72/><F49/><W110/><G110/><T15/><D116/><N who="3" m="44585" /><G43/><T52/><D127/><U95/><E126/><V73/><F33/><N who="3" m="12907" /><G107/><T129/><D129/><U53/><E131/><V19/><F74/><W5/><G18/><T113/><D113/><U132/><E132/><V104/><F19/><W60/><G58/><N who="0" m="35271" /><D64/><U26/><E108/><N who="0" m="41545" /><D134/><U41/><E80/><V24/><F133/><W79/><G79/><T45/><D45/><U112/><E112/><V65/><F65/><W42/><G60/><T69/><D69/><U128/><E128/><V84/><F104/><W40/><G40/><T50/><D50/><U91/><E95/><V62/><F62/><W59/><G59/><T22/><D22/><U61/><E61/><V76/><F115/><W93/><G42/><T117/><D117/><U123/><E47/><V105/><F105/><W135/><G135/><T46/><D46/><U2/><E41/><V29/><F76/><W57/><G57/><T92/><D15/><AGARI ba="1,0" hai="5,10,15,87,90,93,101,103" m="12907,44585" machi="15" ten="30,2000,0" yaku="12,1,52,1" doraHai="82" who="3" fromWho="0" sc="57,-23,366,0,250,0,327,23" /><INIT seed="2,0,0,0,2,87" ten="34,366,250,350" oya="2" hai0="114,23,5,108,80,128,131,100,69,67,57,115,22" hai1="127,103,11,38,47,101,126,3,90,60,91,18,54" hai2="135,46,36,77,68,113,92,76,21,119,45,53,78" hai3="88,39,0,62,26,64,93,42,56,12,61,117,83"/><V8/><F113/><N who="0" m="43018" /><D69/><U66/><E101/><V20/><F119/><W7/><G0/><T10/><D67/><U14/><E103/><V110/><F68/><W43/><G117/><T112/><N who="0" m="43026" /><T81/><DORA hai="13" /><D57/><N who="1" m="37135" /><E3/><V40/><F135/><W73/><G61/><T1/><D100/><U52/><E38/><V24/><F110/><W27/><G83/><T49/><D49/><N who="1" m="28735" /><E54/><V79/><F53/><W50/><G73/><T97/><D97/><U37/><E37/><V125/><F36/><W105/><G105/><T104/><D104/><U25/><E25/><N who="3" m="9226" /><G50/><T134/><D134/><U41/><E41/><V124/><F40/><W29/><G29/><T16/><D108/><U44/><E44/><V102/><F46/><W58/><G58/><T9/><D81/><U15/><E14/><V70/><F24/><W33/><G33/><T129/><D80/><U85/><E85/><V86/><F45/><W72/><G72/><T116/><D116/><U130/><E130/><N who="0" m="33281" /><T121/><DORA hai="28" /><D121/><U120/><E120/><V84/><F84/><N who="3" m="52359" /><G39/><T32/><D32/><U59/><E59/><V65/><F70/><W95/><G95/><T118/><D118/><U106/><E106/><V123/><F92/><W71/><G71/><T107/><D107/><U89/><E89/><V48/><F123/><W63/><G63/><T98/><D98/><U35/><E35/><V31/><F65/><W2/><G42/><T30/><D30/><U122/><E122/><V82/><F31/><W17/><G43/><T111/><D111/><U34/><E34/><V96/><F78/><W109/><G109/><RYUUKYOKU ba="0,0" sc="34,15,366,15,250,-15,350,-15" hai0="1,5,9,10,16,22,23" hai1="11,15,18,90,91,126,127" /><INIT seed="3,1,0,1,5,43" ten="49,381,235,335" oya="3" hai0="26,77,86,18,127,46,113,101,91,45,118,71,65" hai1="20,27,16,83,53,35,115,67,3,55,10,109,68" hai2="129,39,89,81,97,56,128,19,105,124,76,126,122" hai3="29,102,17,133,87,93,36,99,57,52,38,14,64"/><W98/><G133/><T123/><D118/><U107/><E107/><V117/><F39/><W125/><G125/><N who="2" m="48233" /><F19/><W50/><G64/><T78/><D123/><U110/><E115/><V114/><F56/><W21/><G29/><T121/><D121/><U30/><E83/><V94/><F122/><W70/><G70/><T2/><D2/><U92/><E92/><V41/><F41/><W58/><G58/><T12/><D127/><U63/><E10/><V135/><F117/><W134/><G134/><T25/><D113/><U31/><E3/><V131/><F114/><W85/><G99/><T84/><D101/><U28/><REACH who="1" step="1"/><E35/><REACH who="1" ten="49,371,235,335" step="2"/><V82/><F135/><W0/><G0/><T120/><D120/><U42/><E42/><V9/><F9/><W33/><G33/><T7/><D7/><U5/><E5/><V66/><F66/><W23/><G23/><N who="0" m="11719" /><D65/><U11/><E11/><V37/><F105/><W103/><G103/><T108/><D108/><AGARI ba="1,1" hai="16,20,27,28,30,31,53,55,63,67,68,108,109,110" machi="108" ten="40,5200,0" yaku="1,1,14,1,54,1,53,0" doraHai="43" doraHaiUra="119" who="1" fromWho="0" sc="49,-55,371,65,235,0,335,0" owari="-6,-51.0,436,53.0,235,-16.0,335,14.0" /></mjloggm>