<mjloggm ver="2.3"><GO type="169" lobby="0"/><UN n0="%E3%81%88%E3%81%8F%EF%BC%A0%7A%65%72%6F" n1="%E3%83%88%E3%83%88%E3%83%AA%E5%85%88%E7%94%9F%31%39%E6%AD%B3" n2="%E3%81%9F%E3%82%93%E3%82%84%E3%81%8A%E5%8E%A8" n3="%6A%61%6E%79" dan="16,18,17,17" rate="2023.29,2265.37,2151.51,2177.72" sx="M,F,M,M"/><TAIKYOKU oya="0"/><INIT seed="0,0,0,2,0,133" ten="250,250,250,250" oya="0" hai0="120,45,87,10,33,104,40,86,125,134,63,59,69" hai1="22,46,119,112,131,89,13,121,97,93,31,7,11" hai2="50,82,28,90,128,78,16,79,2,108,126,41,56" hai3="60,39,67,8,73,51,114,6,37,66,26,12,44"/><T132/><D120/><U23/><E119/><V3/><F28/><W64/><G114/><T68/><D33/><U85/><E121/><V52/><F108/><W110/><G110/><T117/><D104/><U18/><E131/><V65/><F128/><W1/><G73/><T99/><D99/><U124/><E112/><V71/><F90/><W96/><G60/><T5/><D117/><U102/><E31/><V74/><F79/><W9/><G26/><T103/><D103/><U42/><E124/><V107/><F107/><W27/><G27/><T54/><D87/><U83/><REACH who="1" step="1"/><E7/><REACH who="1" ten="250,240,250,250" step="2"/><V105/><F126/><W58/><G6/><T32/><D125/><U36/><AGARI ba="0,1" hai="11,13,18,22,23,36,42,46,83,85,89,93,97,102" machi="36" ten="20,5200,0" yaku="1,1,2,1,0,1,7,1,53,0" doraHai="133" doraHaiUra="116" who="1" fromWho="1" sc="250,-26,240,62,250,-13,250,-13" /><INIT seed="1,0,0,0,2,41" ten="224,302,237,237" oya="1" hai0="39,112,68,26,17,96,94,129,37,42,9,99,27" hai1="97,38,18,0,90,134,88,15,1,7,104,130,10" hai2="34,5,44,71,61,6,32,46,45,74,85,64,135" hai3="60,11,53,57,25,12,52,8,100,131,82,63,92"/><U77/><E38/><V72/><F85/><W58/><G131/><T95/><D112/><U49/><E130/><V87/><F87/><W67/><G82/><T108/><D129/><U102/><E134/><V14/><F14/><W62/><G25/><T132/><D68/><U70/><E70/><V110/><F135/><W66/><G62/><T16/><D132/><U51/><E77/><V115/><F115/><W21/><G21/><T116/><D108/><U50/><REACH who="1" step="1"/><E1/><REACH who="1" ten="224,292,237,237" step="2"/><V2/><F2/><W23/><G23/><AGARI ba="0,1" hai="0,7,10,15,18,23,49,50,51,88,90,97,102,104" machi="23" ten="40,7700,0" yaku="1,1,2,1,54,1,53,0" doraHai="41" doraHaiUra="89" who="1" fromWho="3" sc="224,0,292,87,237,0,237,-77" /><INIT seed="1,1,0,0,0,61" ten="224,379,237,160" oya="1" hai0="71,11,40,88,14,59,132,109,51,39,24,127,87" hai1="45,25,30,17,119,63,93,129,67,41,92,47,29" hai2="23,66,58,98,75,2,95,100,10,76,97,34,49" hai3="94,27,79,81,31,54,91,9,70,116,37,72,16"/><U55/><E119/><V32/><F23/><W15/><G116/><T21/><D71/><U110/><E129/><V73/><F49/><W57/><G37/><T82/><D109/><U113/><E113/><V43/><F43/><W134/><G70/><T84/><D127/><U1/><E1/><V28/><F98/><W77/><G134/><T53/><D132/><U120/><E120/><V112/><F112/><W33/><G81/><T99/><D39/><U89/><E110/><V22/><F10/><W26/><G26/><T104/><D40/><U44/><E55/><V130/><F2/><W20/><G33/><T117/><D117/><U3/><E3/><V96/><F96/><W74/><G74/><N who="2" m="28169" /><F76/><W7/><G72/><T121/><D121/><U111/><E111/><V13/><F13/><W8/><G8/><T125/><D125/><U90/><E41/><V105/><F105/><W122/><G31/><N who="1" m="11786" /><E17/><V62/><F130/><W36/><G36/><T124/><D124/><U68/><E25/><AGARI ba="1,0" hai="22,25,28,32,34,58,62,66,95,97,100" m="28169" machi="25" ten="30,2000,0" yaku="25,1,52,1" doraHai="61" who="2" fromWho="1" sc="224,0,379,-23,237,23,160,0" /><INIT seed="2,0,0,5,0,44" ten="224,356,260,160" oya="2" hai0="110,105,77,133,98,86,29,134,108,28,22,89,70" hai1="73,92,83,32,100,3,0,79,56,4,16,58,132" hai2="40,2,125,90,128,87,96,14,62,82,121,41,88" hai3="39,60,130,78,126,45,25,50,12,49,127,116,10"/><V63/><F2/><W80/><G116/><T57/><D70/><U27/><E132/><N who="0" m="50793" /><D57/><U103/><E32/><V114/><F114/><W102/><G130/><T21/><D77/><U118/><E118/><V115/><F115/><W122/><G122/><T30/><D98/><U109/><E109/><N who="0" m="42089" /><D105/><U7/><E27/><V26/><F26/><W67/><G102/><T23/><D89/><U42/><E79/><V34/><F34/><W46/><G25/><T93/><D93/><U15/><E92/><V72/><F87/><AGARI ba="0,0" hai="21,22,23,28,29,30,86,87" m="42089,50793" machi="87" ten="40,8000,1" yaku="28,2,20,1,14,1" doraHai="44" who="0" fromWho="2" sc="224,80,356,0,260,-80,160,0" /><INIT seed="3,0,0,3,3,60" ten="304,356,180,160" oya="3" hai0="37,34,42,14,71,70,76,96,87,35,104,100,112" hai1="69,131,103,79,118,133,66,134,27,106,16,115,63" hai2="81,83,2,129,84,11,8,53,125,116,123,17,77" hai3="120,4,15,39,40,97,128,59,30,101,119,117,61"/><W85/><G120/><T114/><D37/><U93/><E115/><N who="0" m="44073" /><D42/><U6/><E131/><V74/><F123/><W13/><G128/><T89/><D76/><U22/><E118/><V55/><F116/><W21/><G39/><T95/><D14/><U25/><E106/><V41/><F41/><W98/><G40/><T57/><D57/><U9/><E79/><V32/><F32/><AGARI ba="0,0" hai="32,34,35,70,71,87,89,95,96,100,104" m="44073" machi="32" ten="30,1000,0" yaku="11,1" doraHai="60" who="0" fromWho="2" sc="304,10,356,0,180,-10,160,0" /><INIT seed="4,0,0,4,1,6" ten="314,356,170,160" oya="0" hai0="88,18,106,80,116,0,7,54,78,69,5,32,47" hai1="49,24,74,30,9,48,36,135,132,93,56,118,28" hai2="73,105,131,12,40,13,70,43,62,57,99,46,52" hai3="64,66,126,127,77,110,125,98,10,96,31,68,22"/><T129/><D116/><U101/><E118/><V65/><F73/><W27/><G110/><T25/><D69/><U128/><E74/><V121/><F121/><W119/><G119/><T113/><D113/><U94/><E36/><V107/><F131/><W71/><G77/><T20/><D129/><U29/><E128/><V111/><F111/><W11/><G68/><T34/><D106/><U15/><E24/><V2/><F2/><W21/><G21/><T122/><D122/><U35/><E35/><V100/><F107/><W61/><G66/><T26/><D88/><U3/><E3/><V38/><REACH who="2" step="1"/><F40/><REACH who="2" ten="314,356,160,160" step="2"/><W86/><REACH who="3" step="1"/><G86/><REACH who="3" ten="314,356,160,150" step="2"/><N who="0" m="48407" /><D0/><U109/><E109/><V8/><F8/><AGARI ba="0,2" hai="8,10,11,22,27,31,61,64,71,96,98,125,126,127" machi="8" ten="40,8000,1" yaku="1,1,18,1,52,3,53,0" doraHai="6" doraHaiUra="50" who="3" fromWho="2" sc="314,0,356,0,160,-80,150,100" /><INIT seed="5,0,0,0,5,89" ten="314,356,80,250" oya="1" hai0="107,49,23,102,31,32,26,18,57,98,50,20,10" hai1="15,12,63,13,9,84,7,47,28,71,53,109,69" hai2="75,123,90,101,66,103,97,72,133,112,8,127,96" hai3="129,111,6,29,125,17,2,86,65,30,24,117,126"/><U76/><E109/><V70/><F70/><W78/><G111/><T74/><D74/><N who="2" m="28202" /><F8/><N who="3" m="2135" /><G129/><T67/><D67/><U45/><E28/><N who="3" m="10858" /><G65/><T51/><D10/><U130/><E130/><V11/><F11/><W33/><G78/><T52/><D23/><U68/><E76/><V83/><F66/><W114/><G86/><T115/><D115/><U44/><E84/><N who="2" m="50463" /><F123/><W61/><G61/><T37/><D37/><U116/><E116/><V93/><F133/><W99/><G99/><T54/><D54/><U85/><E85/><V39/><F39/><W4/><G114/><T25/><AGARI ba="0,0" hai="18,20,25,26,31,32,49,50,51,52,57,98,102,107" machi="25" ten="20,2700,0" yaku="0,1,7,1,54,1" doraHai="89" who="0" fromWho="0" sc="314,27,356,-13,80,-7,250,-7" /><INIT seed="6,0,0,0,2,18" ten="341,343,73,243" oya="2" hai0="5,29,26,86,99,108,80,6,66,118,128,10,90" hai1="60,126,46,40,30,58,74,87,120,61,89,52,22" hai2="51,8,13,53,34,50,133,31,16,12,123,33,107" hai3="76,124,101,91,111,24,1,7,27,20,93,73,132"/><V17/><F123/><W78/><G111/><T39/><D108/><U44/><E74/><V2/><F107/><W92/><G73/><T85/><D39/><U130/><E130/><V113/><F113/><W23/><G1/><T100/><D128/><U63/><E126/><V125/><F125/><W83/><G7/><T25/><D118/><U81/><E120/><V56/><F133/><W70/><G70/><T94/><D66/><U65/><E40/><V32/><F2/><W59/><G124/><T82/><D10/><U9/><E9/><V105/><F105/><W75/><G132/><T54/><D54/><U48/><E65/><V104/><F104/><W106/><G106/><T42/><D42/><U11/><E11/><V71/><F71/><W0/><G0/><T88/><D26/><AGARI ba="0,0" hai="22,26,30,44,46,48,52,58,60,61,63,81,87,89" machi="26" ten="40,5200,0" yaku="8,1,52,1,54,1" doraHai="18" who="1" fromWho="0" sc="341,-52,343,52,73,0,243,0" /><INIT seed="7,0,0,5,0,105" ten="289,395,73,243" oya="3" hai0="98,117,58,26,85,23,11,49,33,115,30,78,35" hai1="19,109,99,27,133,0,5,29,45,31,80,111,56" hai2="135,50,66,114,101,65,123,82,79,41,70,18,131" hai3="68,113,28,3,87,48,126,127,20,122,89,43,7"/><W4/><G68/><T73/><D85/><U102/><E133/><V94/><F50/><W75/><G122/><T119/><D11/><U12/><E0/><V104/><F41/><W91/><G113/><T40/><D115/><U95/><E5/><V132/><F66/><W53/><G43/><T125/><D125/><N who="3" m="47625" /><G3/><T93/><D78/><U69/><E69/><V81/><F65/><W100/><G100/><T120/><D120/><U118/><E118/><V44/><F70/><W112/><G112/><T129/><D129/><U106/><E56/><V74/><F44/><W60/><G60/><T62/><D35/><U25/><E45/><V14/><F114/><W103/><G103/><N who="0" m="60879" /><D33/><U110/><E106/><V42/><F18/><W51/><G51/><T107/><D107/><U86/><E109/><V71/><F14/><W88/><G87/><T63/><D119/><U67/><E67/><V84/><F42/><W108/><G108/><T22/><D117/><U76/><E110/><V6/><F6/><W128/><G128/><T83/><D22/><N who="1" m="11623" /><E111/><V116/><F71/><W57/><G75/><T121/><D23/><U9/><E9/><V37/><F37/><W55/><G53/><T21/><D40/><U8/><E8/><V97/><F116/><W16/><G28/><AGARI ba="0,0" hai="25,27,28,29,31,76,80,86,95,99,102" m="11623" machi="28" ten="30,1000,0" yaku="8,1" doraHai="105" who="1" fromWho="3" sc="289,0,395,10,73,0,243,-10" owari="289,9.0,405,51.0,73,-43.0,233,-17.0" /></mjloggm>