<mjloggm ver="2.3"><GO type="169" lobby="0"/><UN n0="%E5%B0%B1%E6%B4%BB%E7%94%9F%40%E5%B7%9D%E6%9D%91%E8%BB%8D%E5%9B%A3" n1="%E8%B6%85%E3%82%A4%E3%83%B3%E3%82%BF%E3%83%BC%E3%83%8D%E3%83%83%E3%83%88" n2="%E3%83%AA%E3%82%B5%E3%81%95%E3%81%BE" n3="%E3%81%8A%E3%81%A3%E3%81%AA%E3%81%AB%E3%81%A3%E3%81%AA%E3%81%AB%E3%83%BC" dan="19,17,16,16" rate="2337.47,2165.99,2055.60,2079.84" sx="M,M,F,F"/><TAIKYOKU oya="0"/><INIT seed="0,0,0,5,4,105" ten="250,250,250,250" oya="0" hai0="112,32,17,45,125,124,48,135,10,2,57,0,87" hai1="132,38,6,106,20,13,92,82,22,83,109,94,65" hai2="35,23,110,50,37,96,84,107,16,28,47,81,88" hai3="85,34,26,75,42,11,70,73,60,119,104,68,126"/><T9/><D112/><U117/><E106/><V44/><F110/><W118/><G42/><T80/><D32/><U25/><E38/><V39/><F44/><W56/><G11/><T59/><D135/><U18/><E109/><V3/><F3/><W1/><G1/><T4/><D2/><U46/><E117/><V14/><F28/><W24/><G85/><T69/><D69/><U133/><E65/><V95/><F107/><W123/><G104/><T27/><D27/><U15/><E46/><V53/><REACH who="2" step="1"/><F35/><REACH who="2" ten="250,250,240,250" step="2"/><W101/><G34/><T127/><D17/><U55/><E18/><V86/><F86/><W108/><G108/><T131/><D131/><U122/><E122/><V111/><F111/><W8/><G123/><T64/><D10/><U89/><E132/><V29/><F29/><W58/><G8/><T134/><D134/><U97/><E133/><V43/><F43/><W66/><G119/><T91/><D64/><U74/><E22/><V33/><F33/><W120/><G118/><T72/><REACH who="0" step="1"/><D72/><REACH who="0" ten="240,250,240,250" step="2"/><U114/><E74/><V51/><F51/><W130/><G130/><T76/><D76/><AGARI ba="0,2" hai="14,16,23,37,39,47,50,53,76,81,84,88,95,96" machi="76" ten="30,7700,0" yaku="1,1,7,1,54,2,53,0" doraHai="105" doraHaiUra="115" who="2" fromWho="0" sc="240,-77,250,0,240,97,250,0" /><INIT seed="1,0,0,5,1,49" ten="163,250,337,250" oya="1" hai0="37,85,23,24,91,13,59,29,34,112,27,32,104" hai1="129,109,106,57,108,99,126,3,77,121,53,64,51" hai2="102,31,18,130,90,89,40,76,83,132,105,61,103" hai3="10,35,43,48,5,69,28,120,47,1,4,45,124"/><U73/><E3/><V80/><F31/><W79/><G120/><T86/><D104/><U15/><E121/><V72/><F40/><W133/><G69/><T46/><D112/><U118/><E118/><V92/><F61/><W70/><G70/><T30/><D59/><U78/><E126/><V131/><F18/><W8/><G133/><T36/><D46/><U67/><E129/><N who="2" m="49163" /><F105/><W63/><G28/><T98/><D98/><U125/><E125/><V25/><F25/><W58/><G35/><T134/><D134/><U65/><E15/><V20/><F20/><W81/><G48/><T42/><D42/><U6/><E6/><V68/><F68/><W52/><G43/><T54/><D91/><U114/><E114/><V96/><F132/><W60/><G63/><T16/><REACH who="0" step="1"/><D54/><REACH who="0" ten="153,250,337,250" step="2"/><U94/><E106/><V41/><F41/><W110/><G124/><T22/><D22/><U7/><E53/><V50/><F50/><W17/><G47/><T101/><D101/><N who="1" m="60663" /><E57/><V33/><F33/><W97/><G45/><T111/><D111/><U2/><E51/><V26/><F102/><W82/><G110/><T119/><D119/><U75/><E109/><V39/><F103/><W87/><G97/><T19/><D19/><U100/><E100/><V116/><F116/><W12/><G17/><T127/><D127/><U123/><E108/><V117/><F117/><W93/><G79/><N who="1" m="30218" /><E123/><V74/><F76/><W113/><G113/><T14/><D14/><U135/><E135/><V21/><F90/><N who="3" m="53471" /><G58/><T71/><D71/><U56/><E56/><V84/><F89/><W115/><G115/><RYUUKYOKU ba="0,1" sc="153,10,250,10,337,-30,250,10" hai0="13,16,23,24,27,29,30,32,34,36,37,85,86" hai1="2,7,64,65,67,73,75" hai3="1,4,5,8,10,12,52,60,81,82" /><INIT seed="1,1,1,5,4,85" ten="163,260,307,260" oya="1" hai0="109,47,25,114,79,107,100,112,80,44,22,72,104" hai1="58,119,62,12,98,7,66,82,106,23,38,41,32" hai2="120,35,37,43,131,29,3,78,102,27,117,14,74" hai3="128,30,4,34,118,2,16,42,121,59,13,135,129"/><U75/><E32/><V51/><F51/><W8/><G42/><T89/><D109/><U111/><E111/><V97/><F14/><W67/><G67/><T28/><D107/><U92/><E106/><V24/><F24/><N who="3" m="18759" /><G59/><T20/><D20/><U71/><E119/><V122/><F117/><W9/><G118/><T57/><D57/><U81/><E75/><V105/><F131/><N who="3" m="50251" /><G135/><T18/><D28/><U45/><E71/><V70/><F3/><W33/><G33/><T83/><D112/><U134/><E134/><V113/><F113/><W1/><G1/><T99/><D114/><U61/><E61/><V19/><F70/><W39/><G39/><T101/><D101/><U125/><E58/><V60/><F60/><W87/><G87/><T56/><D56/><U52/><E62/><V26/><F43/><W76/><G76/><T126/><D126/><U103/><E125/><V69/><F37/><W86/><G86/><T116/><D116/><U94/><E66/><V124/><F124/><W54/><G54/><T55/><D55/><U77/><E52/><V88/><F69/><W84/><G84/><T0/><D0/><U91/><E77/><V123/><F78/><W93/><G93/><T108/><D108/><U90/><E103/><V21/><F74/><W6/><G121/><T110/><D110/><U15/><E92/><N who="2" m="56455" /><F102/><W68/><G68/><T63/><D63/><U5/><E38/><V130/><F130/><W95/><G95/><T10/><D10/><U64/><E41/><V11/><F105/><W31/><G31/><T115/><D115/><U40/><E40/><RYUUKYOKU ba="1,1" sc="163,10,260,-30,307,10,260,10" hai0="18,22,25,44,47,72,79,80,83,89,99,100,104" hai2="11,19,21,26,27,29,35,120,122,123" hai3="2,4,6,8,9,13,16" /><INIT seed="2,2,1,5,1,124" ten="173,230,317,270" oya="2" hai0="11,102,105,39,25,104,20,100,127,28,50,85,60" hai1="10,84,121,21,75,88,117,122,48,91,65,99,17" hai2="0,59,55,56,32,15,72,57,98,24,33,42,73" hai3="108,5,67,94,1,46,123,62,128,130,116,31,30"/><V6/><F0/><W95/><G116/><T63/><D39/><U29/><E75/><V89/><F42/><W83/><G123/><N who="1" m="47114" /><E117/><V76/><F55/><W81/><G46/><T103/><D127/><U51/><E65/><V101/><F89/><W114/><G108/><T118/><D118/><U66/><E66/><V86/><F86/><W112/><G5/><T109/><D109/><U125/><E125/><V44/><F44/><W35/><G1/><T47/><D11/><U113/><E113/><N who="3" m="43626" /><G95/><T71/><D71/><U43/><E43/><V115/><F6/><W92/><G92/><T106/><REACH who="0" step="1"/><D85/><REACH who="0" ten="163,230,317,270" step="2"/><U80/><E10/><V64/><F115/><W13/><G128/><T53/><AGARI ba="2,2" hai="20,25,28,47,50,53,60,63,100,102,103,104,105,106" machi="53" ten="40,8000,1" yaku="1,1,2,1,0,1,53,2" doraHai="124" doraHaiUra="58" who="0" fromWho="0" sc="163,106,230,-22,317,-42,270,-22" /><INIT seed="3,0,0,3,4,135" ten="269,208,275,248" oya="3" hai0="65,98,128,102,5,100,16,30,33,18,71,107,122" hai1="55,105,127,29,20,9,115,49,109,73,92,110,111" hai2="74,31,117,32,113,44,93,114,43,63,15,48,84" hai3="2,37,101,119,133,47,123,88,95,75,21,121,86"/><W12/><G119/><T7/><D122/><U130/><E105/><V34/><F74/><W134/><G2/><T94/><D128/><U77/><E130/><V70/><F117/><W13/><G75/><T39/><D39/><U41/><E115/><V78/><F32/><W19/><G101/><T85/><D7/><U79/><E41/><V57/><F70/><W64/><G64/><T103/><D5/><U3/><E73/><V129/><F129/><W0/><G0/><T17/><D85/><U91/><E9/><V6/><F15/><W116/><G116/><T131/><D94/><U24/><E3/><V27/><F6/><W1/><G1/><T22/><D22/><U10/><E10/><V14/><F14/><W50/><G13/><T76/><D76/><U112/><E127/><V89/><REACH who="2" step="1"/><F78/><REACH who="2" ten="269,208,265,248" step="2"/><W11/><G11/><T106/><D131/><U104/><E112/><V72/><F72/><W8/><G8/><T25/><D107/><U28/><E104/><V126/><F126/><W120/><REACH who="3" step="1"/><G37/><REACH who="3" ten="269,208,265,238" step="2"/><T99/><D106/><U59/><E111/><V132/><F132/><W54/><AGARI ba="0,2" hai="12,19,21,47,50,54,86,88,95,120,121,123,133,134" machi="54" ten="40,12000,1" yaku="1,1,2,1,0,1,54,1,53,0" doraHai="135" doraHaiUra="68" who="3" fromWho="3" sc="269,-40,208,-40,265,-40,238,140" /><INIT seed="3,1,0,3,3,35" ten="229,168,225,378" oya="3" hai0="44,86,11,49,37,103,21,36,57,89,128,43,62" hai1="121,51,33,22,65,73,27,19,85,84,113,117,108" hai2="26,118,58,111,133,87,130,29,25,127,42,3,123" hai3="9,104,124,71,13,72,92,78,30,109,102,70,74"/><W81/><G74/><T120/><D120/><U97/><E73/><V88/><F118/><W90/><G30/><T112/><D128/><U15/><E121/><V77/><F123/><W32/><G32/><T75/><D75/><U125/><E113/><V31/><F130/><W59/><G124/><T115/><D103/><U40/><E125/><V56/><F77/><W4/><G59/><T91/><D21/><U12/><E108/><V20/><F111/><W7/><G109/><T134/><D11/><U63/><E117/><V52/><F127/><W119/><G7/><T66/><D91/><U34/><E34/><V107/><F107/><W67/><G67/><T2/><D2/><U54/><E40/><V17/><F133/><W76/><G76/><T23/><D23/><U94/><E33/><V93/><F25/><W98/><REACH who="3" step="1"/><G119/><REACH who="3" ten="229,168,225,368" step="2"/><T126/><D126/><U68/><E84/><AGARI ba="1,1" hai="4,9,13,70,71,72,78,81,84,90,92,98,102,104" machi="84" ten="30,12000,1" yaku="1,1,2,1,7,1,24,2,53,0" doraHai="35" doraHaiUra="60" who="3" fromWho="1" sc="229,0,168,-123,225,0,368,133" /><INIT seed="3,2,0,0,3,1" ten="229,45,225,501" oya="3" hai0="65,100,118,21,20,38,83,128,98,130,47,40,29" hai1="32,85,3,125,6,79,81,55,14,96,120,57,87" hai2="64,82,0,115,113,42,124,105,7,126,66,95,116" hai3="45,15,101,107,86,133,44,35,10,92,36,58,94"/><W67/><G35/><T34/><D118/><U104/><E32/><V70/><F116/><W72/><G72/><T97/><D65/><N who="2" m="25194" /><F70/><W24/><G24/><N who="0" m="18727" /><D83/><U135/><E120/><V89/><F105/><W46/><G133/><T5/><D98/><U33/><E135/><V9/><F82/><W8/><G101/><T114/><D5/><U109/><E33/><V75/><F75/><W88/><G107/><N who="0" m="63887" /><D114/><U28/><E3/><V111/><F111/><W68/><G36/><T59/><D59/><U63/><E109/><V121/><F42/><W16/><G68/><T84/><D84/><U22/><E104/><V132/><F132/><W30/><G30/><T52/><D52/><U123/><E123/><V127/><F121/><W37/><G37/><T26/><D26/><U56/><E96/><AGARI ba="2,0" hai="0,7,9,89,95,96,113,115,124,126,127" m="25194" machi="96" ten="30,2000,0" yaku="18,1,52,1" doraHai="1" who="2" fromWho="1" sc="229,0,45,-26,225,26,501,0" /><INIT seed="4,0,0,1,0,124" ten="229,19,251,501" oya="0" hai0="132,82,110,15,27,104,55,3,134,50,26,89,60" hai1="73,7,13,51,94,12,86,80,40,61,126,19,130" hai2="123,101,46,107,106,34,125,119,52,135,9,115,93" hai3="69,1,6,105,113,87,128,96,131,41,70,97,32"/><T117/><D3/><U90/><E126/><V88/><F34/><W17/><G32/><T77/><D104/><U0/><E0/><V2/><F123/><W112/><G41/><T71/><D117/><U81/><E73/><V67/><F125/><W38/><G38/><T18/><D60/><U65/><E7/><V127/><F127/><W47/><G47/><N who="0" m="28127" /><D71/><N who="3" m="27145" /><G17/><T74/><D110/><U48/><E40/><V83/><F115/><N who="3" m="44107" /><G87/><N who="0" m="50423" /><D74/><U4/><E4/><V95/><F2/><W57/><G57/><T16/><D77/><U11/><E13/><V109/><F46/><W44/><G44/><T25/><D18/><U72/><E72/><V84/><F107/><W114/><G114/><T54/><D54/><U91/><E80/><V56/><F83/><W49/><G49/><T39/><D39/><U100/><E100/><V118/><F101/><N who="3" m="62631" /><G97/><T5/><D5/><U66/><E130/><V121/><F106/><W116/><G116/><T45/><D45/><U122/><E122/><V85/><F121/><W8/><AGARI ba="0,0" hai="1,6,8,128,131" m="62631,44107,27145" machi="8" ten="40,8000,1" yaku="15,1,23,1,52,2" doraHai="124" who="3" fromWho="3" sc="229,-40,19,-20,251,-20,501,80" owari="189,-21.0,-1,-50.0,231,3.0,581,68.0" /></mjloggm>