<mjloggm ver="2.3"><GO type="169" lobby="0"/><UN n0="%E3%81%B3%E3%82%8A%E3%81%B3%E3%82%8A%E2%98%86%E3%83%93%E3%83%AA%E3%83%BC" n1="%E5%90%89%E8%A1%8C%E5%BF%97%E9%A6%99%E5%AD%90" n2="%E3%82%A6%E3%83%AB%E3%83%88%E3%83%A9%E7%AB%8B%E7%9B%B4" n3="%EF%BC%A4%EF%BC%B2%EF%BC%AF%EF%BC%B0" dan="16,17,18,18" rate="2097.92,2116.47,2201.89,2215.24" sx="M,M,M,M"/><TAIKYOKU oya="0"/><INIT seed="0,0,0,4,2,132" ten="250,250,250,250" oya="0" hai0="109,127,77,35,23,90,7,95,43,5,120,20,51" hai1="29,53,41,115,66,87,129,101,75,40,78,37,10" hai2="2,17,71,42,46,47,92,38,125,114,15,131,100" hai3="58,118,62,73,79,44,84,24,124,11,69,86,3"/><T61/><D120/><U65/><E129/><V133/><F114/><W80/><G118/><T96/><D35/><U85/><E115/><V1/><F71/><W68/><G44/><T126/><D109/><U26/><E75/><V33/><F33/><W111/><G111/><T98/><D77/><U135/><E135/><V31/><F31/><W107/><G107/><T76/><D76/><U4/><E101/><V117/><F133/><W54/><G24/><T122/><D122/><U123/><E123/><V45/><F45/><W103/><G103/><T105/><D61/><U108/><E108/><V89/><F100/><W134/><G134/><T30/><D105/><U70/><E37/><V36/><F131/><W34/><G34/><T110/><D110/><U128/><E128/><V27/><F27/><W12/><G3/><T64/><D64/><U39/><E39/><V59/><F59/><W97/><G97/><T16/><D30/><U112/><E112/><V102/><F102/><W81/><G73/><T32/><D32/><N who="1" m="20535" /><E70/><V119/><F46/><W25/><G25/><T13/><D23/><U28/><E28/><V99/><F36/><W83/><G69/><T14/><D98/><U94/><E41/><V116/><REACH who="2" step="1"/><F125/><REACH who="2" ten="250,250,240,250" step="2"/><N who="0" m="47626" /><D14/><N who="1" m="5447" /><E40/><V104/><F104/><W19/><G124/><T91/><D91/><U93/><E78/><V52/><F52/><W18/><G79/><T48/><D43/><U6/><E53/><V8/><AGARI ba="0,1" hai="1,2,8,15,17,38,42,47,89,92,99,116,117,119" machi="8" ten="30,7900,0" yaku="1,1,0,1,12,1,53,1" doraHai="132" doraHaiUra="9" who="2" fromWho="2" sc="250,-39,250,-20,240,89,250,-20" /><INIT seed="1,0,0,3,5,83" ten="211,230,329,230" oya="1" hai0="124,20,93,131,16,51,75,1,118,125,104,100,95" hai1="102,9,31,99,69,38,17,37,115,39,97,0,91" hai2="112,71,127,26,48,101,35,33,120,15,2,85,63" hai3="130,62,10,103,23,58,73,11,109,12,82,116,61"/><U90/><E115/><V65/><F120/><W53/><G109/><T5/><D118/><U105/><E69/><V34/><F127/><N who="0" m="48714" /><D75/><U7/><E31/><V67/><F67/><W98/><G116/><T57/><D131/><U19/><REACH who="1" step="1"/><E97/><REACH who="1" ten="211,220,329,230" step="2"/><V28/><F112/><W110/><G98/><N who="0" m="61463" /><D1/><U113/><E113/><V72/><F2/><W41/><G110/><T132/><D132/><U92/><E92/><V42/><F71/><W88/><G130/><T66/><D95/><U117/><E117/><V79/><F28/><W27/><G82/><T128/><D93/><U43/><E43/><V126/><F42/><W77/><G41/><T114/><D128/><U46/><E46/><V24/><F126/><W18/><G58/><T106/><D114/><U94/><E94/><V107/><F101/><W44/><G44/><T55/><D106/><U50/><E50/><V111/><F48/><W68/><G68/><T70/><D70/><U129/><E129/><V13/><F107/><W40/><G40/><T96/><D96/><U78/><E78/><V49/><F49/><W121/><G77/><T8/><D51/><U47/><E47/><V25/><F111/><W52/><G103/><T81/><D57/><U122/><E122/><V86/><F79/><W84/><G121/><T21/><D81/><U4/><E4/><V108/><F108/><W134/><G134/><T74/><D5/><U56/><E56/><V14/><F35/><W133/><G133/><T22/><D16/><AGARI ba="0,1" hai="0,7,9,16,17,19,37,38,39,90,91,99,102,105" machi="16" ten="40,3900,0" yaku="1,1,54,1,53,0" doraHai="83" doraHaiUra="64" who="1" fromWho="0" sc="211,-39,220,49,329,0,230,0" /><INIT seed="1,1,0,3,1,26" ten="172,269,329,230" oya="1" hai0="24,102,121,19,67,55,79,23,64,84,134,86,37" hai1="81,120,12,118,126,21,76,124,65,96,27,109,40" hai2="87,32,17,1,93,41,115,45,60,105,130,73,104" hai3="132,123,133,2,66,7,98,33,69,44,83,10,49"/><U72/><E118/><V52/><F73/><W57/><G123/><T88/><D37/><U8/><E120/><V18/><F1/><W51/><G69/><T119/><D121/><U30/><E109/><V107/><F32/><W39/><G33/><T129/><D119/><U13/><E65/><V90/><F130/><W3/><G3/><T29/><D129/><U85/><E72/><V38/><REACH who="2" step="1"/><F115/><REACH who="2" ten="172,269,319,230" step="2"/><W100/><G2/><T92/><D134/><U62/><E124/><V42/><F42/><W128/><G128/><T82/><D102/><U113/><E40/><V135/><F135/><W91/><G100/><T94/><D55/><U43/><E43/><V16/><F16/><W11/><G133/><T101/><D19/><U114/><E126/><V111/><F111/><W20/><G132/><T4/><D4/><U63/><E113/><V22/><F22/><W77/><G20/><T97/><AGARI ba="1,1" hai="23,24,29,64,67,79,82,84,86,88,92,94,97,101" machi="97" ten="30,7900,0" yaku="0,1,8,1,52,1,54,1" doraHai="26" who="0" fromWho="0" sc="172,92,269,-40,319,-21,230,-21" /><INIT seed="2,0,0,1,1,119" ten="264,229,298,209" oya="2" hai0="122,72,79,75,104,98,88,101,67,68,116,91,20" hai1="102,9,78,64,0,99,7,124,5,53,37,129,130" hai2="40,54,65,94,8,77,58,61,13,110,105,52,27" hai3="89,92,97,123,131,90,22,86,115,107,15,30,47"/><V85/><F105/><W24/><G131/><N who="1" m="50186" /><E124/><V26/><F110/><W80/><G115/><T73/><D116/><U28/><E37/><V34/><F40/><W36/><G107/><T1/><D1/><U21/><E64/><V109/><F109/><W83/><G123/><T51/><D122/><U103/><E78/><V3/><F3/><W60/><G60/><T93/><D51/><U11/><E53/><N who="2" m="20587" /><F34/><W16/><G36/><T43/><D43/><U66/><E66/><V56/><F56/><W10/><REACH who="3" step="1"/><G47/><REACH who="3" ten="264,229,298,199" step="2"/><T114/><D114/><U23/><E102/><V14/><F61/><W57/><G57/><T117/><D117/><U134/><E103/><V128/><F58/><W38/><G38/><T63/><D104/><U81/><E134/><V87/><F128/><W127/><G127/><T69/><D69/><U4/><E0/><V25/><F65/><W59/><G59/><T44/><D44/><U74/><E4/><V32/><F32/><W113/><G113/><T70/><D70/><U132/><E5/><V111/><F111/><W133/><G133/><T33/><D33/><U106/><E7/><V84/><F77/><W45/><G45/><T112/><D112/><U125/><E125/><V41/><F41/><W95/><AGARI ba="0,1" hai="10,15,16,22,24,30,80,83,86,89,90,92,95,97" machi="95" ten="20,12000,2" yaku="1,1,0,1,7,1,8,1,54,1,53,1" doraHai="119" doraHaiUra="17" who="3" fromWho="3" sc="264,-30,229,-30,298,-60,199,130" /><INIT seed="3,0,0,0,3,42" ten="234,199,238,329" oya="3" hai0="52,49,65,112,123,125,54,39,22,8,73,127,25" hai1="119,131,44,120,48,11,45,108,77,3,43,116,12" hai2="59,96,37,95,133,115,5,118,57,58,6,94,88" hai3="97,17,104,98,74,62,26,117,16,130,86,9,50"/><W82/><G117/><N who="1" m="45130" /><E120/><V32/><F118/><W38/><G38/><T56/><D123/><U4/><E108/><V60/><F115/><W20/><G74/><T41/><D73/><U124/><E124/><N who="0" m="47689" /><D112/><U15/><E131/><V78/><F32/><W103/><G130/><T33/><D33/><U129/><E129/><V19/><F37/><W23/><G9/><T47/><D8/><U7/><E77/><V53/><F78/><W72/><G72/><T46/><D65/><U105/><E105/><V29/><F29/><W21/><G62/><N who="0" m="36119" /><D22/><U61/><E61/><V27/><F133/><W79/><G17/><T1/><D25/><U69/><E69/><V101/><F59/><W84/><G84/><T128/><D128/><U71/><E71/><V92/><F92/><W75/><G75/><T0/><AGARI ba="0,0" hai="0,1,39,41,46,47,49,52" m="36119,47689" machi="0" ten="30,7900,0" yaku="18,1,52,2,54,1" doraHai="42" who="0" fromWho="0" sc="234,79,199,-20,238,-20,329,-39" /><INIT seed="4,0,0,3,2,131" ten="313,179,218,290" oya="0" hai0="18,9,54,42,39,70,91,96,100,135,47,83,81" hai1="66,107,17,94,127,99,88,108,69,28,132,84,118" hai2="38,26,33,112,19,34,14,12,80,27,3,7,44" hai3="123,50,77,20,75,41,115,130,104,25,133,122,111"/><T5/><D70/><U51/><E118/><V119/><F44/><W79/><G111/><T35/><D35/><N who="2" m="13322" /><F38/><W1/><G1/><T120/><D120/><U45/><E108/><V76/><F80/><W37/><G37/><T93/><D18/><U97/><E127/><V68/><F76/><W56/><G104/><T95/><D54/><U126/><E126/><V55/><F55/><W74/><G130/><T98/><D135/><U49/><E28/><V101/><F101/><W64/><G115/><T113/><D113/><U124/><E124/><V89/><F89/><W23/><G64/><T85/><D85/><U90/><E99/><V15/><F68/><W114/><G25/><N who="2" m="9225" /><F112/><W11/><G11/><T134/><D134/><U36/><E132/><V87/><F87/><W22/><G114/><T65/><D65/><U72/><E72/><N who="3" m="27690" /><G133/><T46/><D46/><U61/><E107/><V103/><F103/><W117/><G56/><T102/><D91/><U73/><E73/><V125/><F125/><W82/><G77/><T78/><D78/><U30/><E30/><V109/><F109/><W57/><G57/><T105/><D105/><U31/><E31/><V43/><F43/><W53/><G41/><T63/><D63/><U2/><E36/><V13/><F119/><W6/><G117/><T62/><D62/><U4/><E51/><V32/><N who="2" m="13330" /><V116/><DORA hai="24" /><F116/><W0/><G50/><T59/><D59/><U86/><E49/><V48/><F48/><W121/><G53/><T10/><D39/><U21/><E45/><V129/><N who="2" m="3072" /><DORA hai="71" /><V8/><F129/><RYUUKYOKU ba="0,0" sc="313,-10,179,-10,218,30,290,-10" hai2="3,7,8,19" /><INIT seed="5,1,0,4,1,44" ten="303,169,248,280" oya="1" hai0="8,89,102,34,71,46,112,17,69,5,65,21,64" hai1="87,128,32,24,117,113,118,104,93,80,108,60,40" hai2="107,72,2,0,15,124,45,42,55,79,97,59,94" hai3="70,101,16,123,90,83,54,110,81,126,106,84,78"/><U23/><E104/><V86/><F124/><W62/><G110/><T31/><D112/><U92/><E32/><V29/><F29/><W1/><G1/><T95/><D102/><U3/><E3/><V6/><F72/><W58/><G123/><T28/><D71/><U100/><E113/><V67/><F67/><W51/><G126/><T66/><D69/><U12/><E108/><V19/><F6/><W37/><G37/><T13/><D46/><U63/><E128/><V22/><F107/><W33/><G33/><T61/><D61/><U38/><E12/><V73/><F73/><W41/><G101/><T105/><D105/><U119/><E38/><V82/><F45/><W14/><G106/><T26/><D34/><U127/><E40/><V43/><F0/><W18/><G14/><T36/><D36/><U125/><E127/><V109/><F2/><W76/><G90/><T96/><AGARI ba="1,0" hai="5,8,13,17,21,26,28,31,64,65,66,89,95,96" machi="96" ten="30,2000,0" yaku="0,1,8,1" doraHai="44" who="0" fromWho="0" sc="303,23,169,-11,248,-6,280,-6" /><INIT seed="6,0,0,3,1,22" ten="326,158,242,274" oya="2" hai0="91,82,55,93,124,21,75,121,107,25,85,99,83" hai1="39,23,29,27,20,44,117,86,97,7,118,98,125" hai2="58,67,96,56,89,17,127,15,48,2,100,12,42" hai3="68,101,3,33,81,60,71,19,9,18,72,87,51"/><V78/><F2/><W92/><G33/><T61/><D121/><U70/><E125/><V8/><F78/><W110/><G72/><T94/><D124/><U41/><E70/><V10/><F127/><W102/><G110/><T5/><D5/><U26/><E7/><V45/><F89/><W80/><G51/><T84/><D107/><U31/><REACH who="1" step="1"/><E86/><REACH who="1" ten="326,148,242,274" step="2"/><V131/><F131/><W113/><G87/><T135/><D85/><U111/><E111/><V73/><F73/><W28/><G68/><T0/><D75/><U43/><E43/><V63/><F58/><W133/><G71/><T134/><D84/><U105/><E105/><V95/><F12/><W74/><G3/><T1/><D1/><U126/><E126/><V115/><F115/><W46/><G113/><T38/><D0/><U130/><E130/><V69/><F69/><W120/><G74/><T13/><D13/><U11/><E11/><AGARI ba="0,1" hai="8,10,11,15,17,42,45,48,56,63,67,95,96,100" machi="11" ten="30,2900,0" yaku="7,1,8,1" doraHai="22" who="2" fromWho="1" sc="326,0,148,-29,242,39,274,0" /><INIT seed="6,1,0,0,3,84" ten="326,119,281,274" oya="2" hai0="27,37,115,100,106,5,110,10,89,67,73,131,130" hai1="68,90,52,42,59,124,102,49,108,7,81,3,116" hai2="107,60,35,85,33,43,56,120,122,25,135,0,6" hai3="69,92,14,11,17,91,118,45,51,98,70,75,71"/><V57/><F107/><W2/><G75/><T24/><D110/><U109/><E116/><V104/><F104/><W12/><G118/><T61/><D73/><U121/><E124/><V74/><F74/><W134/><G134/><T29/><D37/><U79/><E121/><V4/><F43/><W44/><G2/><T9/><D115/><U30/><E68/><V20/><F135/><W119/><G119/><T113/><D113/><U63/><E102/><V88/><F0/><W8/><REACH who="3" step="1"/><G51/><REACH who="3" ten="326,119,281,264" step="2"/><T86/><D131/><U55/><E108/><V105/><F122/><W36/><G36/><T78/><D130/><U41/><E109/><V47/><F120/><W87/><G87/><T95/><D86/><U99/><E30/><V65/><F35/><W34/><G34/><T93/><D29/><U97/><E97/><V40/><F33/><W58/><G58/><T123/><D123/><U32/><E32/><V16/><F57/><W38/><G38/><T31/><D31/><U103/><E3/><V82/><F105/><W132/><G132/><T46/><D106/><U72/><E7/><AGARI ba="1,1" hai="7,8,11,12,14,17,44,45,69,70,71,91,92,98" machi="7" ten="40,2600,0" yaku="1,1,52,1,53,0" doraHai="84" doraHaiUra="133" who="3" fromWho="1" sc="326,0,119,-29,281,0,264,39" /><INIT seed="7,0,0,4,2,118" ten="326,90,281,303" oya="3" hai0="9,45,133,82,81,14,86,100,32,69,13,121,59" hai1="50,120,49,12,10,65,63,47,107,103,110,25,56" hai2="104,38,16,102,19,126,112,95,41,134,57,123,3" hai3="114,46,106,71,54,58,94,31,124,0,30,93,84"/><W70/><G106/><T61/><D121/><U48/><E107/><V83/><F104/><W7/><G114/><T116/><D32/><U108/><E12/><V109/><F109/><W35/><G124/><T37/><D69/><U131/><E25/><V62/><F3/><W28/><G35/><T111/><D111/><U96/><E96/><N who="2" m="59679" /><F38/><W8/><G46/><T98/><D116/><U34/><E10/><V122/><F41/><W87/><G93/><T42/><D86/><U66/><E103/><V40/><F40/><W52/><G54/><T130/><D130/><U72/><E72/><V75/><F126/><W127/><G127/><T119/><D119/><U117/><E34/><V55/><F112/><W53/><G53/><T90/><D82/><U43/><E117/><V36/><F36/><W17/><G17/><T51/><D37/><U64/><E120/><N who="2" m="46123" /><F134/><W2/><G2/><T33/><D133/><U11/><E11/><V21/><F21/><W89/><REACH who="3" step="1"/><G87/><REACH who="3" ten="326,90,281,293" step="2"/><N who="0" m="50543" /><D33/><U79/><E131/><V129/><F129/><W91/><G91/><T22/><D9/><U20/><E79/><AGARI ba="0,1" hai="16,19,55,57,62,75,79,83" m="46123,59679" machi="79" ten="30,8000,1" yaku="13,1,52,3,54,1" doraHai="118" who="2" fromWho="1" sc="326,0,90,-80,281,90,293,0" owari="326,13.0,10,-49.0,371,47.0,293,-11.0" /></mjloggm>