<mjloggm ver="2.3"><GO type="169" lobby="0"/><UN n0="%6C%6F%4A%61%73%6B%69%6E" n1="%E8%99%8E%E7%8D%85%E3%81%8F%E3%82%93" n2="%E9%B3%B3%E5%BC%A5" n3="%E3%83%88%E3%83%88%E3%83%AA%E5%85%88%E7%94%9F%31%39%E6%AD%B3" dan="17,16,16,19" rate="2195.90,2083.25,2003.74,2309.15" sx="M,M,M,F"/><TAIKYOKU oya="0"/><INIT seed="0,0,0,4,5,118" ten="250,250,250,250" oya="0" hai0="72,17,122,54,109,69,106,112,124,24,58,3,52" hai1="0,78,59,132,111,68,32,93,35,23,40,80,120" hai2="74,29,134,64,49,12,108,19,10,99,94,92,117" hai3="90,16,119,18,6,14,57,123,102,105,4,89,75"/><T56/><D112/><U62/><E0/><V83/><F108/><W38/><G119/><T98/><D69/><U96/><E111/><V48/><F117/><W9/><G38/><T103/><D109/><U61/><E132/><V27/><F134/><W113/><G75/><T86/><D72/><U67/><E40/><V110/><F64/><W104/><G113/><T26/><D3/><U39/><E39/><V107/><F107/><W129/><G129/><T15/><D122/><U36/><E36/><V37/><F37/><W70/><G70/><T84/><D124/><U73/><E23/><V65/><F65/><W44/><G44/><T20/><D58/><U46/><E46/><V133/><F133/><W95/><G57/><T7/><D54/><U5/><E5/><V45/><F45/><W131/><G131/><T25/><REACH who="0" step="1"/><D7/><REACH who="0" ten="240,250,250,250" step="2"/><U13/><E120/><V31/><F110/><W53/><G53/><T71/><D71/><U91/><E68/><V2/><F2/><W126/><G126/><T77/><D77/><U30/><E59/><V128/><F128/><W85/><G4/><T76/><D76/><U43/><E78/><V87/><F74/><W135/><G123/><T100/><D100/><U47/><E73/><V130/><F130/><W121/><G135/><T34/><D34/><U115/><E35/><V55/><F55/><W8/><G102/><T63/><AGARI ba="0,1" hai="15,17,20,24,25,26,52,56,63,84,86,98,103,106" machi="63" ten="30,11700,0" yaku="1,1,0,1,54,1,53,1" doraHai="118" doraHaiUra="51" who="0" fromWho="0" sc="240,127,250,-39,250,-39,250,-39" /><INIT seed="0,1,0,5,2,117" ten="367,211,211,211" oya="0" hai0="63,19,135,90,126,16,57,106,110,40,122,34,101" hai1="88,95,9,98,131,6,8,67,112,21,66,23,27" hai2="74,60,4,121,28,127,32,3,116,79,13,84,124" hai3="85,111,22,44,105,81,72,123,80,132,11,78,82"/><T36/><D122/><U102/><E131/><V42/><F74/><W24/><G105/><T62/><D34/><U2/><E112/><V129/><F116/><W128/><G111/><T39/><D110/><U133/><E133/><V58/><F3/><W76/><G128/><T120/><D120/><U104/><E9/><V107/><F107/><W92/><G132/><T83/><D126/><N who="2" m="48170" /><F42/><W73/><G123/><T35/><D35/><U77/><E77/><V70/><F70/><W68/><G68/><T100/><D106/><U0/><E0/><V53/><F129/><W30/><G92/><T7/><D7/><U26/><E26/><V10/><F121/><W51/><G11/><T45/><D39/><U37/><E37/><V47/><F47/><W113/><G113/><T69/><D69/><U29/><REACH who="1" step="1"/><E21/><REACH who="1" ten="367,201,211,211" step="2"/><V114/><F114/><W33/><G22/><T46/><D36/><U91/><E91/><V94/><F79/><W108/><G108/><T97/><D90/><U55/><E55/><V109/><F109/><W17/><G73/><T25/><D25/><U38/><E38/><V48/><F32/><W130/><G130/><T18/><D40/><U86/><AGARI ba="1,1" hai="2,6,8,23,27,29,66,67,86,88,95,98,102,104" machi="86" ten="20,5200,0" yaku="1,1,0,1,7,1,54,1,53,0" doraHai="117" doraHaiUra="71" who="1" fromWho="1" sc="367,-27,201,65,211,-14,211,-14" /><INIT seed="1,0,0,0,4,108" ten="340,266,197,197" oya="1" hai0="92,23,27,61,76,21,129,110,50,100,24,46,60" hai1="53,66,58,71,3,63,134,112,95,38,64,73,15" hai2="117,75,77,45,25,16,14,65,4,68,37,127,28" hai3="94,125,41,67,39,116,74,26,44,32,98,83,35"/><U103/><E3/><V56/><F117/><W11/><G125/><T105/><D105/><U0/><E0/><V93/><F127/><W17/><G116/><T79/><D129/><U128/><E73/><V18/><F68/><W84/><G74/><T54/><D110/><U10/><E128/><V5/><F18/><W126/><G126/><T85/><D100/><U6/><E134/><V40/><F93/><W52/><G67/><T130/><D130/><U106/><E106/><V20/><F77/><N who="0" m="29770" /><D85/><U124/><E124/><V133/><F75/><W86/><G86/><T7/><D7/><U1/><E1/><V29/><F29/><W13/><G26/><N who="0" m="9771" /><D92/><U59/><E38/><V80/><F80/><W47/><G84/><T34/><D34/><U88/><E103/><V55/><F65/><W101/><REACH who="3" step="1"/><G83/><REACH who="3" ten="340,266,197,187" step="2"/><T99/><D99/><U87/><E66/><V42/><F133/><W115/><G115/><T118/><D118/><U107/><E112/><V33/><REACH who="2" step="1"/><F40/><REACH who="2" ten="340,266,187,187" step="2"/><W51/><AGARI ba="0,2" hai="11,13,17,32,35,39,41,44,47,51,52,94,98,101" machi="51" ten="30,7900,0" yaku="1,1,0,1,54,1,53,1" doraHai="108" doraHaiUra="48" who="3" fromWho="3" sc="340,-20,266,-39,187,-20,187,99" /><INIT seed="2,0,0,5,5,86" ten="320,227,167,286" oya="2" hai0="66,46,48,25,31,80,52,114,90,20,133,16,23" hai1="101,84,103,4,42,17,87,79,49,126,70,64,57" hai2="3,94,119,108,15,41,118,61,99,96,43,75,128" hai3="56,107,88,92,120,93,134,36,95,53,72,33,115"/><V37/><F3/><W81/><G120/><T105/><D105/><U112/><E112/><V71/><F75/><W7/><G107/><T47/><D133/><U1/><E126/><V14/><F128/><W0/><G33/><T27/><D114/><U91/><E70/><V40/><F37/><W73/><G115/><T135/><D135/><U97/><E4/><V122/><F122/><W55/><G134/><T82/><D66/><U113/><E1/><V106/><F106/><W104/><G104/><T127/><D127/><U54/><E113/><V32/><F32/><W2/><G36/><T65/><D65/><U76/><E64/><V121/><F121/><W129/><G129/><T116/><D116/><U78/><E42/><V110/><F61/><W98/><G0/><T62/><D62/><U117/><E117/><N who="2" m="44555" /><F94/><W130/><G130/><T22/><D22/><U18/><E87/><V50/><F50/><W67/><G73/><T77/><D77/><U45/><E45/><V29/><F29/><W102/><G72/><T8/><D46/><U60/><E60/><V35/><F35/><W51/><G67/><T10/><D82/><N who="1" m="49559" /><E97/><N who="2" m="37451" /><F71/><W9/><G81/><T19/><D31/><U125/><E125/><V59/><F59/><W132/><G132/><T30/><D30/><U85/><E85/><AGARI ba="0,0" hai="8,10,16,19,20,23,25,27,47,48,52,80,85,90" machi="85" ten="40,8000,1" yaku="9,1,8,1,52,1,54,2" doraHai="86" who="0" fromWho="1" sc="320,80,227,-80,167,0,286,0" /><INIT seed="3,0,0,4,3,15" ten="400,147,167,286" oya="3" hai0="3,71,92,41,116,36,26,97,27,46,5,127,30" hai1="83,44,81,66,108,20,86,105,51,101,109,13,134" hai2="2,50,76,124,133,60,68,65,33,80,102,47,63" hai3="74,125,75,4,53,103,16,40,17,6,42,57,113"/><W22/><G113/><T110/><D71/><U131/><E131/><V73/><F124/><W62/><G125/><T96/><D116/><U112/><E112/><V11/><F133/><W120/><G120/><T18/><D127/><U48/><E134/><V135/><F135/><W90/><G103/><T8/><D110/><N who="1" m="42603" /><E66/><V111/><F111/><W61/><G22/><T56/><D56/><U14/><E51/><V104/><F33/><W85/><G74/><T37/><D36/><U107/><E101/><V10/><F60/><W70/><G75/><T82/><D82/><N who="1" m="31243" /><E86/><V1/><F102/><W94/><G70/><T95/><D96/><U87/><E87/><V128/><F128/><W119/><G119/><T25/><D30/><U114/><E114/><V91/><F91/><W23/><G17/><T93/><REACH who="0" step="1"/><D97/><REACH who="0" ten="390,147,167,286" step="2"/><U132/><E132/><V79/><F79/><W52/><G61/><T29/><D29/><U21/><E107/><V64/><F104/><W54/><G6/><T121/><D121/><U129/><E105/><V32/><F68/><W99/><G4/><T88/><D88/><U35/><E129/><V122/><F122/><W19/><G85/><T0/><D0/><U28/><E28/><V69/><F69/><W117/><G117/><T100/><D100/><U67/><E35/><V24/><F32/><W59/><G19/><AGARI ba="0,1" hai="3,5,8,18,19,25,26,27,37,41,46,92,93,95" machi="19" ten="40,8000,1" yaku="1,1,52,2,53,1" doraHai="15" doraHaiUra="34" who="0" fromWho="3" sc="390,90,147,0,167,0,286,-80" /><INIT seed="4,0,0,4,1,96" ten="480,147,167,206" oya="0" hai0="132,134,129,128,135,15,14,35,117,121,120,48,124" hai1="102,127,72,5,116,123,4,49,85,130,105,60,80" hai2="38,1,91,42,65,16,20,108,36,111,82,34,79" hai3="47,8,103,98,133,86,46,66,23,44,27,122,100"/><T78/><D78/><U7/><E116/><V113/><F34/><W67/><G133/><T19/><D117/><U81/><E123/><N who="0" m="47177" /><D35/><U30/><E127/><V18/><F1/><W56/><G122/><T99/><D99/><U58/><E130/><N who="0" m="50281" /><D48/><U6/><E49/><V62/><F113/><W109/><G109/><T9/><D14/><U41/><E72/><V92/><F18/><W89/><G8/><T87/><D87/><U59/><E30/><V51/><F51/><W64/><G56/><T83/><D83/><U2/><E59/><V119/><F119/><W33/><G33/><T93/><D93/><U125/><E81/><V73/><F42/><W63/><G98/><T43/><D43/><U21/><E41/><V29/><F111/><W12/><G12/><T3/><D3/><U104/><E2/><V126/><F126/><AGARI ba="0,0" hai="9,15,19,124,126,132,134,135" m="50281,47177" machi="126" ten="40,18000,2" yaku="30,2,20,1,19,1,34,2" doraHai="96" who="0" fromWho="2" sc="480,180,147,0,167,-180,206,0" owari="660,75.0,147,-25.0,-13,-51.0,206,1.0" /></mjloggm>