<mjloggm ver="2.3"><GO type="169" lobby="0"/><UN n0="%E5%B0%B1%E6%B4%BB%E7%94%9F%40%E5%B7%9D%E6%9D%91%E8%BB%8D%E5%9B%A3" n1="%6D%75%6B%69%74%74%69" n2="%E3%82%B5%E3%82%AD%E3%82%B6" n3="%6B%61%6D%6F%73%68%69%6E" dan="18,17,16,17" rate="2309.51,2233.43,2044.44,2137.26" sx="M,M,M,M"/><TAIKYOKU oya="0"/><INIT seed="0,0,0,3,2,17" ten="250,250,250,250" oya="0" hai0="31,133,105,55,125,135,34,118,3,132,10,52,29" hai1="77,92,21,57,106,2,7,129,130,117,47,1,74" hai2="45,64,121,36,85,53,0,66,104,63,59,102,51" hai3="13,38,41,60,54,12,122,9,112,113,98,94,37"/><T86/><D118/><U100/><E117/><V81/><F0/><W114/><G122/><T62/><D105/><U4/><E106/><V22/><F121/><W68/><G41/><T108/><D125/><U67/><E47/><V56/><F104/><W80/><G80/><T84/><D108/><U18/><E77/><V69/><F102/><W93/><G54/><N who="0" m="20523" /><D62/><N who="1" m="38351" /><E74/><V126/><F126/><W19/><G13/><T73/><D73/><U78/><E78/><V83/><F83/><W116/><G116/><T43/><D43/><U5/><E92/><V40/><F66/><W127/><G127/><T71/><D71/><U16/><E100/><V20/><REACH who="2" step="1"/><F59/><REACH who="2" ten="250,250,240,250" step="2"/><W6/><G113/><T110/><D110/><U39/><E2/><V82/><F82/><W8/><G114/><T103/><D103/><U95/><E1/><V79/><AGARI ba="0,1" hai="20,22,36,40,45,51,53,56,63,64,69,79,81,85" machi="79" ten="20,12000,2" yaku="1,1,0,1,7,1,24,2,52,2,53,0" doraHai="17" doraHaiUra="32" who="2" fromWho="2" sc="250,-60,250,-30,240,130,250,-30" /><INIT seed="1,0,0,1,3,22" ten="190,220,370,220" oya="1" hai0="110,0,18,25,105,49,80,51,29,74,77,98,92" hai1="65,33,116,16,54,86,133,111,71,41,79,58,5" hai2="85,9,44,94,73,15,89,123,61,115,63,12,132" hai3="10,48,28,114,39,37,35,42,126,128,43,88,96"/><U134/><E116/><V36/><F123/><W24/><G114/><T19/><D105/><U4/><E33/><V30/><F73/><W7/><G128/><T47/><D0/><U127/><E41/><V56/><F132/><N who="1" m="50793" /><E127/><V11/><F30/><W93/><G126/><T64/><D64/><U40/><E40/><V95/><F115/><W121/><G121/><T60/><D60/><N who="1" m="40359" /><E111/><V53/><F36/><W119/><G119/><T62/><D62/><N who="1" m="36183" /><E16/><N who="2" m="8207" /><F44/><W13/><REACH who="3" step="1"/><G43/><REACH who="3" ten="190,220,370,210" step="2"/><T83/><D110/><U118/><E118/><V76/><F63/><W135/><G135/><T23/><D51/><U20/><E20/><V8/><F8/><W66/><G66/><T31/><D49/><U14/><E14/><V78/><F15/><W67/><G67/><T103/><D23/><U46/><E46/><AGARI ba="0,1" hai="7,10,13,24,28,35,37,39,42,46,48,88,93,96" machi="46" ten="40,5200,0" yaku="1,1,52,1,54,1,53,0" doraHai="22" doraHaiUra="17" who="3" fromWho="1" sc="190,0,220,-52,370,0,210,62" /><INIT seed="2,0,0,1,3,47" ten="190,168,370,272" oya="2" hai0="58,64,2,93,92,75,29,127,27,40,33,125,60" hai1="8,5,77,73,110,48,34,31,81,99,86,107,50" hai2="126,45,49,4,121,106,59,117,105,84,36,76,119" hai3="97,91,102,30,41,43,109,37,44,116,28,111,17"/><V100/><F121/><W122/><G122/><T67/><D75/><U16/><E110/><N who="3" m="41994" /><G116/><T25/><D2/><U21/><E34/><V88/><F36/><W132/><G132/><T71/><D40/><U115/><E115/><V51/><F76/><W72/><G72/><T57/><D27/><U90/><E31/><V53/><F126/><W69/><G69/><T24/><D24/><U6/><E107/><V66/><F4/><N who="1" m="1641" /><E73/><V118/><F100/><W96/><G43/><T89/><D92/><N who="1" m="56727" /><E8/><V104/><F66/><W9/><G91/><T95/><D95/><U3/><E3/><V12/><F12/><AGARI ba="0,0" hai="12,16,21,48,50,77,81,86" m="56727,1641" machi="12" ten="30,7700,0" yaku="8,1,52,2,54,1" doraHai="47" who="1" fromWho="2" sc="190,0,168,77,370,-77,272,0" /><INIT seed="3,0,0,4,0,56" ten="190,245,293,272" oya="3" hai0="135,132,63,44,102,7,62,126,59,115,107,71,17" hai1="86,21,111,85,19,124,105,18,2,37,134,96,20" hai2="3,65,116,100,99,131,16,33,24,57,43,84,113" hai3="67,103,13,128,31,69,41,127,114,87,130,22,79"/><W98/><G114/><T26/><D7/><U83/><E37/><V120/><F3/><W51/><G127/><T122/><D122/><U5/><E124/><V74/><F74/><W123/><G123/><T58/><D126/><U53/><E111/><V9/><F120/><W89/><G79/><T109/><D71/><U8/><E134/><N who="0" m="51241" /><D109/><U39/><E39/><V68/><F57/><N who="0" m="21514" /><D115/><U34/><E34/><V75/><F75/><W78/><G78/><T106/><D44/><U48/><E105/><N who="0" m="39945" /><D102/><U70/><E70/><V10/><F100/><W11/><G69/><T108/><D108/><U60/><E96/><V35/><F99/><W93/><G67/><T28/><D17/><U66/><E19/><V82/><F16/><W6/><G51/><T88/><D88/><U12/><E83/><V29/><F82/><W45/><G45/><T133/><N who="0" m="51249" /><T27/><DORA hai="118" /><D27/><U129/><E48/><V101/><F101/><W46/><G103/><T110/><D110/><U50/><E50/><V117/><F24/><N who="3" m="16791" /><G98/><T15/><D15/><U77/><E12/><V94/><F113/><W55/><G46/><T25/><D25/><U0/><E18/><V1/><F68/><W42/><G55/><T64/><D64/><U97/><E66/><V72/><F65/><W95/><G95/><T40/><D40/><U52/><E53/><V125/><F94/><W76/><G76/><T73/><D73/><U90/><E77/><V119/><F43/><N who="3" m="16395" /><G6/><T30/><D30/><U32/><E5/><N who="2" m="1199" /><F72/><W104/><G104/><T121/><D121/><U61/><E0/><V38/><F117/><RYUUKYOKU ba="0,0" sc="190,15,245,-15,293,-15,272,15" hai0="26,28,62,63" hai3="11,13,87,89,93,128,130" /><INIT seed="3,1,0,4,2,134" ten="205,230,278,287" oya="3" hai0="47,27,100,76,9,86,35,25,128,90,74,123,96" hai1="15,21,42,34,12,103,62,82,24,118,52,72,132" hai2="20,88,71,98,31,115,7,53,106,78,83,117,97" hai3="99,87,2,84,38,3,50,46,56,33,122,54,40"/><W49/><G122/><T73/><D123/><U91/><E34/><V116/><F115/><W102/><G33/><T93/><D128/><U129/><E132/><V18/><F71/><W63/><G3/><T11/><D35/><U22/><E129/><V8/><F31/><W92/><G2/><T5/><D11/><U4/><E118/><V51/><F106/><W32/><G32/><T16/><D47/><U95/><E42/><V29/><F29/><W130/><G130/><T61/><D61/><U121/><E121/><V64/><F64/><W77/><G77/><T75/><D76/><U114/><E114/><V133/><F133/><W30/><G30/><T109/><D109/><U1/><E1/><V65/><F65/><W28/><G28/><T94/><REACH who="0" step="1"/><D5/><REACH who="0" ten="195,230,278,287" step="2"/><U131/><E4/><V57/><F78/><W127/><G127/><T44/><D44/><U112/><E62/><V0/><F117/><W37/><G37/><T125/><D125/><U111/><E111/><V48/><F116/><W81/><G38/><T70/><D70/><U107/><E131/><V68/><F68/><W6/><G6/><T105/><D105/><U66/><E107/><V104/><F104/><W23/><G63/><T43/><D43/><U36/><E36/><V119/><F119/><W14/><G81/><T108/><D108/><U19/><E82/><V113/><F113/><W60/><G60/><T58/><D58/><U89/><E112/><V17/><F83/><W41/><G40/><T26/><D26/><U13/><E24/><V126/><F126/><W39/><G39/><T59/><D59/><RYUUKYOKU ba="1,1" sc="195,15,230,-15,278,-15,287,15" hai0="9,16,25,27,73,74,75,86,90,93,94,96,100" hai3="14,23,41,46,49,50,54,56,84,87,92,99,102" /><INIT seed="3,2,1,3,3,108" ten="210,215,263,302" oya="3" hai0="57,118,119,88,30,33,24,31,84,14,104,94,23" hai1="123,127,80,98,89,44,64,134,28,13,129,25,60" hai2="83,37,70,122,78,22,18,109,105,45,133,85,16" hai3="62,3,20,66,12,112,11,43,100,8,38,67,61"/><W0/><G100/><T110/><D104/><U36/><E123/><V58/><F109/><W69/><G20/><T50/><D110/><U90/><E127/><V131/><F70/><W48/><G38/><T86/><D86/><U113/><E129/><V1/><F1/><W6/><G112/><T128/><D128/><U73/><E134/><V39/><F131/><W91/><G91/><T9/><D31/><U106/><E113/><V46/><F133/><W32/><G32/><T4/><D33/><U75/><E13/><V35/><F35/><W121/><G121/><T27/><D27/><U71/><E44/><V63/><F105/><W93/><G93/><T116/><D50/><U120/><E36/><V55/><F122/><W52/><G43/><T92/><REACH who="0" step="1"/><D57/><REACH who="0" ten="200,215,263,302" step="2"/><U72/><E106/><V40/><F39/><W10/><G0/><T81/><AGARI ba="2,2" hai="4,9,14,23,24,30,81,84,88,92,94,116,118,119" machi="81" ten="30,8000,1" yaku="1,1,2,1,0,1,54,1,53,1" doraHai="108" doraHaiUra="21" who="0" fromWho="0" sc="200,106,215,-22,263,-22,302,-42" /><INIT seed="4,0,0,4,1,58" ten="306,193,241,260" oya="0" hai0="130,119,127,97,113,30,89,80,84,8,44,121,62" hai1="40,38,126,107,93,20,86,27,90,73,82,78,74" hai2="104,45,28,39,54,51,15,122,50,46,31,23,2" hai3="125,18,10,103,76,135,1,114,101,6,123,131,98"/><T41/><D121/><U118/><E118/><V69/><F2/><W133/><G76/><T19/><D119/><U129/><E107/><V115/><F122/><W87/><G123/><T120/><D113/><U79/><E126/><V70/><F39/><W112/><G87/><T42/><D120/><U22/><E129/><V128/><F104/><W102/><G131/><T117/><D117/><U91/><E38/><V83/><F128/><W88/><G18/><T9/><D30/><U13/><E40/><V60/><F115/><N who="3" m="44075" /><G125/><T14/><D127/><U59/><E13/><V32/><F32/><W63/><G63/><T12/><D130/><U34/><E34/><V65/><F70/><W57/><G57/><T67/><D44/><U25/><E59/><V77/><F15/><W36/><G36/><T55/><D97/><U124/><E124/><V94/><F23/><W105/><G88/><T21/><D55/><U110/><E110/><V66/><F66/><W47/><G47/><T108/><D108/><U48/><E48/><V96/><F77/><W52/><G52/><T7/><D21/><U37/><E37/><V33/><F33/><W43/><G43/><T81/><D81/><U64/><E64/><V109/><F83/><W24/><G24/><N who="1" m="9290" /><E91/><N who="2" m="55391" /><F109/><W68/><G68/><AGARI ba="0,0" hai="7,8,9,12,14,19,41,42,62,67,68,80,84,89" machi="68" ten="30,2900,0" yaku="7,1,52,1" doraHai="58" who="0" fromWho="3" sc="306,29,193,0,241,0,260,-29" /><INIT seed="4,1,0,2,1,2" ten="335,193,241,231" oya="0" hai0="126,26,67,10,37,102,51,106,88,128,92,46,32" hai1="75,115,45,18,69,64,63,108,35,93,27,52,95" hai2="4,3,31,48,125,79,39,99,96,16,22,74,105" hai3="66,36,131,68,120,134,7,80,59,76,82,9,107"/><T11/><D37/><U94/><E108/><V86/><F39/><W90/><G36/><T58/><D106/><U121/><E121/><V97/><F74/><W101/><G68/><T34/><D102/><U1/><E75/><V81/><F125/><W8/><G120/><T87/><D128/><U47/><E1/><V41/><F31/><W71/><G71/><T91/><D126/><U103/><E115/><V118/><F118/><W14/><G131/><T50/><D32/><U42/><E103/><V28/><F28/><W17/><G134/><T110/><D34/><U117/><E117/><V133/><F133/><W53/><G66/><T60/><D26/><U57/><E42/><V40/><F105/><W6/><G90/><T56/><D110/><U54/><E35/><V15/><REACH who="2" step="1"/><F48/><REACH who="2" ten="335,193,231,231" step="2"/><W44/><G107/><T33/><D33/><U78/><E78/><V113/><F113/><W62/><G101/><T61/><D91/><U55/><REACH who="1" step="1"/><E69/><REACH who="1" ten="335,183,231,231" step="2"/><V111/><F111/><W109/><G109/><T124/><BYE who="3" /><D124/><U85/><E85/><V112/><F112/><W130/><G130/><T123/><D87/><U73/><E73/><V77/><F77/><W119/><G119/><T70/><D70/><U98/><E98/><V100/><F100/><W21/><G21/><AGARI ba="1,2" hai="18,21,27,45,47,52,54,55,57,63,64,93,94,95" machi="21" ten="40,8000,1" yaku="1,1,8,1,54,1,53,1" doraHai="2" doraHaiUra="13" who="1" fromWho="3" sc="335,0,183,103,231,0,231,-83" /><UN n3="%6B%61%6D%6F%73%68%69%6E" /><INIT seed="5,0,0,1,4,128" ten="335,286,231,148" oya="1" hai0="56,5,78,6,105,0,74,66,3,108,57,51,132" hai1="119,20,113,49,99,10,25,96,134,85,122,13,87" hai2="4,59,63,86,81,123,52,2,19,7,116,67,46" hai3="82,94,17,55,38,125,84,68,1,18,69,90,79"/><U89/><E119/><V124/><F123/><W40/><G1/><T110/><D105/><U34/><E122/><V36/><F116/><W98/><G125/><T26/><D26/><U121/><E121/><V30/><F124/><W76/><G38/><T32/><D32/><U118/><E118/><V24/><F19/><W39/><G39/><T101/><D101/><U77/><E34/><V31/><F2/><W73/><G40/><T102/><D102/><U93/><E113/><V43/><F67/><W23/><G18/><T104/><D104/><U131/><E131/><V72/><F72/><W65/><G65/><T111/><D51/><U33/><E33/><V130/><F130/><W22/><G22/><T135/><D66/><U120/><E120/><V14/><F14/><W126/><G126/><T21/><D21/><U62/><E62/><V50/><F36/><W75/><G55/><T91/><D91/><U60/><E60/><V97/><F97/><W114/><G114/><T8/><D78/><U88/><E49/><V117/><F117/><W61/><G61/><T15/><D74/><U109/><E109/><V27/><F27/><W54/><G54/><T95/><D0/><U58/><E58/><V133/><F133/><N who="0" m="51274" /><D95/><N who="1" m="54671" /><E77/><N who="2" m="46383" /><F24/><N who="3" m="14447" /><G75/><T12/><D3/><U44/><E134/><V129/><F129/><W115/><G115/><T53/><D53/><U45/><E20/><V42/><F42/><W48/><G48/><T64/><D64/><U16/><E25/><V106/><F106/><W47/><G76/><T107/><D107/><U37/><E37/><V29/><AGARI ba="0,0" hai="4,7,29,30,31,43,46,50,52,59,63" m="46383" machi="29" ten="30,2000,0" yaku="8,1,54,1" doraHai="128" who="2" fromWho="2" sc="335,-5,286,-10,231,20,148,-5" /><INIT seed="6,0,0,4,0,54" ten="330,276,251,143" oya="2" hai0="132,104,38,7,29,72,122,117,101,77,53,87,18" hai1="67,105,45,28,21,47,2,65,118,112,133,115,61" hai2="84,96,44,64,73,5,56,14,94,113,48,0,110" hai3="79,78,9,41,49,86,127,58,22,11,24,76,131"/><V8/><F73/><W82/><G131/><T43/><D72/><U12/><E118/><V31/><F113/><N who="1" m="43593" /><E2/><V108/><F31/><W90/><G127/><T98/><D29/><U123/><E105/><V128/><F128/><W40/><G40/><T107/><D107/><U89/><E133/><V106/><F106/><W50/><G41/><T71/><D71/><U19/><E123/><V91/><F0/><W125/><G125/><T102/><D7/><U1/><E1/><V129/><F129/><W17/><REACH who="3" step="1"/><G50/><REACH who="3" ten="330,276,251,133" step="2"/><T52/><D43/><U100/><E100/><V23/><F110/><W70/><G70/><T93/><D102/><U66/><E89/><V42/><F108/><W10/><G10/><T20/><D101/><U13/><E28/><V35/><F35/><W97/><G97/><T37/><D98/><U121/><E121/><V130/><F130/><W85/><G85/><T109/><D87/><U99/><E99/><V60/><F23/><W69/><G69/><T95/><D20/><U25/><E61/><V33/><F33/><W59/><G59/><T32/><D32/><U34/><E34/><V46/><F84/><W88/><G88/><T126/><D126/><U134/><E134/><V74/><F74/><W81/><G81/><T75/><D75/><U135/><E135/><V83/><F83/><W55/><AGARI ba="0,1" hai="9,11,17,22,24,49,55,58,76,78,79,82,86,90" machi="55" ten="30,7900,0" yaku="1,1,0,1,8,1,52,1,53,0" doraHai="54" doraHaiUra="120" who="3" fromWho="3" sc="330,-20,276,-20,251,-39,133,89" /><INIT seed="7,0,0,0,2,6" ten="310,256,212,222" oya="3" hai0="26,67,22,101,12,133,64,126,45,38,95,4,115" hai1="123,128,58,57,98,41,84,109,81,106,28,55,73" hai2="94,90,93,11,56,108,0,52,5,8,134,36,2" hai3="46,14,23,24,19,30,124,32,68,76,7,120,25"/><W59/><G68/><T135/><D115/><U79/><E123/><V77/><F108/><W121/><G76/><T63/><D126/><U116/><E109/><V65/><F36/><W47/><G124/><T92/><D38/><U69/><E69/><V99/><F134/><N who="0" m="51210" /><D45/><U31/><E128/><V80/><F65/><W100/><G100/><T131/><D101/><U102/><E116/><V40/><F40/><W49/><G59/><N who="0" m="36991" /><D67/><U112/><E112/><V16/><F94/><W53/><REACH who="3" step="1"/><G47/><REACH who="3" ten="310,256,212,212" step="2"/><T88/><D131/><U34/><E79/><V17/><F2/><W71/><G71/><T61/><D88/><U43/><E58/><V42/><F42/><W33/><G33/><T117/><D117/><U50/><E34/><V29/><F29/><W103/><G103/><T129/><D129/><U70/><E70/><V3/><F0/><W9/><AGARI ba="0,1" hai="7,9,14,19,23,24,25,30,32,46,49,53,120,121" machi="9" ten="30,11700,0" yaku="1,1,0,1,52,1,53,1" doraHai="6" doraHaiUra="51" who="3" fromWho="3" sc="310,-39,256,-39,212,-39,212,127" owari="271,7.0,217,-18.0,173,-33.0,339,44.0" /></mjloggm>