<mjloggm ver="2.3"><GO type="169" lobby="0"/><UN n0="%E4%BB%8A%E5%A4%9C%E3%81%8C%E5%B1%B1%E7%94%B0%2E" n1="%E3%83%88%E3%83%88%E3%83%AA%E5%85%88%E7%94%9F%31%39%E6%AD%B3" n2="%E9%9D%92%E7%8C%AB" n3="%6C%6F%76%65%79%6F%75" dan="16,18,17,17" rate="2096.25,2282.97,2111.64,2117.65" sx="M,F,M,M"/><TAIKYOKU oya="0"/><INIT seed="0,0,0,1,1,27" ten="250,250,250,250" oya="0" hai0="64,127,121,84,55,78,56,119,108,111,76,89,6" hai1="117,122,101,116,37,59,10,44,109,63,95,31,1" hai2="98,100,74,68,92,53,38,49,94,70,48,25,26" hai3="35,112,107,46,85,91,135,30,110,104,47,105,79"/><T86/><D121/><U22/><E122/><V130/><F38/><W11/><G112/><T133/><D119/><U113/><E113/><V131/><F98/><W8/><G79/><T80/><D127/><U126/><E126/><V128/><F74/><W103/><G103/><T93/><D133/><U72/><E72/><V2/><F100/><W18/><G135/><T51/><D6/><U77/><E77/><V9/><F9/><W62/><G62/><T61/><REACH who="0" step="1"/><D78/><REACH who="0" ten="240,250,250,250" step="2"/><U129/><E116/><V36/><F131/><W60/><G104/><T16/><D16/><U23/><E129/><V82/><F130/><W69/><G18/><T125/><D125/><U19/><E117/><V90/><F128/><W54/><G105/><T45/><AGARI ba="0,1" hai="45,51,55,56,61,64,76,80,84,86,89,93,108,111" machi="45" ten="30,11700,0" yaku="1,1,0,1,53,2" doraHai="27" doraHaiUra="120" who="0" fromWho="0" sc="240,127,250,-39,250,-39,250,-39" /><INIT seed="0,1,0,0,3,134" ten="367,211,211,211" oya="0" hai0="94,47,72,66,59,88,11,61,87,18,36,121,49" hai1="91,6,119,93,14,130,116,53,35,98,29,41,28" hai2="9,26,7,23,128,24,22,32,74,10,2,73,126" hai3="0,42,65,113,8,46,70,80,101,50,69,27,16"/><T33/><D121/><U48/><E130/><V1/><F128/><W135/><G113/><T78/><D33/><U108/><E108/><V25/><F32/><W118/><G118/><T39/><D72/><U30/><E35/><V77/><F77/><W57/><G101/><T114/><D78/><U89/><E41/><V64/><F64/><W45/><G80/><T96/><D114/><U43/><E43/><V31/><F31/><W62/><G135/><T122/><D122/><U4/><E116/><V82/><F82/><W54/><G0/><T123/><D123/><U104/><E104/><V34/><F34/><W13/><REACH who="3" step="1"/><G27/><REACH who="3" ten="367,211,211,201" step="2"/><T44/><D96/><N who="1" m="57391" /><E119/><V90/><F26/><W124/><G124/><T106/><D106/><U109/><E109/><V102/><F126/><W127/><G127/><T125/><D125/><U5/><E98/><V85/><F102/><W68/><G68/><T86/><D94/><U75/><E75/><V111/><F111/><W100/><G100/><T20/><D87/><U120/><E120/><V63/><F85/><W107/><G107/><T71/><D71/><U92/><E92/><V12/><F74/><W21/><G21/><T67/><D20/><U97/><E97/><V76/><F73/><W95/><G95/><T79/><D86/><U51/><E91/><V99/><F90/><W40/><G40/><T52/><D88/><U132/><E132/><V3/><F99/><W103/><G103/><T56/><D79/><U17/><E53/><V115/><F115/><W105/><G105/><T55/><D55/><U60/><E60/><V19/><F63/><RYUUKYOKU ba="1,1" sc="367,-15,211,15,211,-15,201,15" hai1="4,5,6,14,17,28,29,30,48,51" hai3="8,13,16,42,45,46,50,54,57,62,65,69,70" /><INIT seed="1,2,1,0,3,94" ten="352,226,196,216" oya="1" hai0="101,124,59,127,92,125,65,40,32,6,104,16,49" hai1="12,15,99,103,77,90,129,112,35,14,9,71,121" hai2="73,79,95,63,36,37,114,100,50,119,102,128,133" hai3="98,1,66,11,91,39,48,64,120,26,54,21,58"/><U69/><E112/><V18/><F119/><W118/><G120/><T10/><D32/><U17/><E121/><V134/><F114/><W126/><G39/><T86/><D104/><U107/><E35/><V78/><F128/><W20/><G126/><T132/><D132/><U75/><E129/><V70/><F50/><W41/><G118/><T117/><D117/><U82/><E14/><V51/><F51/><W109/><G109/><T72/><D72/><U47/><E47/><V42/><F18/><W88/><G91/><T31/><D31/><U2/><E2/><V130/><F130/><W7/><G41/><T0/><D65/><U30/><E30/><V22/><F22/><W81/><G21/><T55/><D40/><U28/><E28/><V87/><F73/><W115/><G115/><T23/><D86/><U8/><REACH who="1" step="1"/><E90/><REACH who="1" ten="352,216,196,216" step="2"/><V76/><F134/><W34/><G34/><T135/><D135/><U53/><E53/><V5/><F133/><W83/><G66/><T29/><D29/><U123/><E123/><V80/><F42/><W25/><G64/><T52/><D55/><U111/><E111/><V84/><F79/><W67/><G67/><T113/><D113/><U60/><E60/><V19/><F63/><W105/><G88/><T13/><D101/><U43/><E43/><V106/><F102/><N who="3" m="62679" /><G26/><T24/><D24/><U33/><E33/><V131/><F100/><W93/><G25/><T110/><D110/><U46/><E46/><V108/><F131/><W56/><G54/><T3/><D3/><U68/><E68/><V27/><F108/><W89/><G89/><RYUUKYOKU ba="2,2" sc="352,15,216,15,196,-15,216,-15" hai0="0,6,10,13,16,23,49,52,59,92,124,125,127" hai1="8,9,12,15,17,69,71,75,77,82,99,103,107" /><INIT seed="1,3,2,5,4,57" ten="367,231,181,201" oya="1" hai0="110,41,45,61,29,42,8,16,3,112,32,73,14" hai1="10,33,62,118,78,47,51,114,4,9,122,5,7" hai2="39,129,44,12,120,82,63,19,21,24,132,111,134" hai3="92,115,1,135,64,50,100,75,2,98,126,53,124"/><U59/><E114/><V85/><F120/><W131/><G115/><T56/><D112/><U94/><E118/><V128/><F111/><W72/><G131/><N who="2" m="50249" /><F12/><W83/><G64/><T108/><D73/><N who="3" m="28233" /><G83/><T20/><D32/><U90/><E33/><V89/><F63/><W121/><G121/><T52/><D45/><U93/><E78/><V46/><F39/><W80/><G80/><T28/><D3/><U99/><E93/><V105/><F105/><W102/><G102/><T66/><D66/><N who="1" m="39263" /><E122/><V103/><F103/><W130/><G130/><T37/><D37/><U65/><E65/><V119/><F119/><W84/><G84/><T68/><D68/><U69/><E69/><V6/><F6/><W31/><G2/><T70/><D70/><U113/><E113/><V54/><F54/><AGARI ba="3,2" hai="4,5,7,9,10,47,51,54,90,94,99" m="39263" machi="54" ten="30,2900,0" yaku="8,1,52,1" doraHai="57" who="1" fromWho="2" sc="367,0,231,58,181,-38,201,0" /><INIT seed="1,4,0,5,0,112" ten="367,289,143,201" oya="1" hai0="48,101,81,18,87,97,49,27,113,74,62,98,127" hai1="21,133,14,11,89,106,72,31,63,108,83,96,4" hai2="19,43,16,115,73,6,47,10,131,22,129,40,125" hai3="1,67,26,7,58,135,123,29,5,69,95,46,37"/><U124/><E133/><V39/><F73/><W50/><G123/><T34/><D113/><U51/><E124/><V92/><F125/><W84/><G1/><T57/><D127/><U91/><E108/><V30/><F43/><W119/><G119/><T12/><D74/><U59/><E51/><N who="0" m="19529" /><D27/><N who="1" m="16879" /><E106/><V118/><F115/><W56/><G69/><T35/><D101/><U60/><E72/><V13/><F118/><W64/><G37/><T55/><D34/><U76/><E63/><V132/><F132/><W90/><G135/><T104/><D35/><U88/><E76/><V53/><F53/><N who="3" m="29911" /><G26/><T80/><D104/><U130/><E130/><N who="2" m="49675" /><F92/><W24/><G56/><T23/><D81/><U93/><E83/><V70/><F70/><W65/><G58/><T32/><D32/><U110/><E110/><V36/><F36/><W17/><G29/><T41/><D41/><U109/><E109/><V116/><F116/><W103/><G103/><T82/><D82/><U9/><E9/><V117/><F117/><W105/><G105/><T54/><D54/><AGARI ba="4,0" hai="4,11,14,54,59,60,88,89,91,93,96" m="16879" machi="54" ten="30,2900,0" yaku="8,1,54,1" doraHai="112" who="1" fromWho="0" sc="367,-41,289,41,143,0,201,0" /><INIT seed="1,5,0,1,3,88" ten="326,330,143,201" oya="1" hai0="62,90,31,46,100,25,86,95,61,55,38,59,84" hai1="87,126,42,103,134,23,30,109,79,48,130,26,106" hai2="47,85,9,117,65,4,76,116,14,54,83,102,75" hai3="80,32,71,35,24,7,58,73,68,110,119,82,96"/><U125/><E130/><V8/><F65/><W36/><G36/><T29/><D100/><U52/><E134/><V66/><F66/><W12/><G110/><T1/><D1/><U112/><E112/><V93/><F9/><W63/><G71/><T20/><D61/><U45/><E109/><V16/><F4/><W13/><G68/><T51/><D38/><U108/><E108/><V101/><F75/><W105/><G119/><T21/><D21/><U0/><E0/><V60/><F102/><W6/><G96/><T5/><D5/><U94/><E106/><V74/><F60/><W98/><G98/><N who="0" m="57719" /><D31/><U67/><E67/><AGARI ba="5,0" hai="20,25,29,46,51,55,59,62,67,84,86" m="57719" machi="67" ten="30,2000,0" yaku="8,1,52,1" doraHai="88" who="0" fromWho="1" sc="326,35,330,-35,143,0,201,0" /><INIT seed="2,0,0,0,4,85" ten="361,295,143,201" oya="2" hai0="27,107,135,47,71,30,3,70,28,33,53,77,19" hai1="133,73,123,91,105,52,35,72,16,32,118,83,111" hai2="69,67,43,82,106,40,17,24,41,81,131,65,60" hai3="7,10,95,120,127,37,11,23,12,5,128,122,126"/><V54/><F106/><W26/><G37/><T0/><D107/><U129/><E118/><V96/><F131/><W132/><G95/><T113/><D113/><U134/><E105/><V48/><F67/><W103/><G103/><T121/><D121/><U98/><E129/><V79/><F96/><W117/><G132/><N who="1" m="50794" /><E111/><V61/><F61/><W84/><G84/><T90/><D77/><U114/><E114/><V38/><F38/><W13/><G117/><T9/><D30/><U15/><E123/><V64/><F64/><W34/><G34/><N who="1" m="12842" /><E52/><V74/><F82/><W99/><G99/><T29/><D29/><U1/><E1/><V50/><REACH who="2" step="1"/><F54/><REACH who="2" ten="361,295,133,201" step="2"/><W55/><G55/><T66/><D53/><U25/><E83/><V88/><F88/><W115/><G128/><T112/><D90/><U89/><E98/><V4/><F4/><W63/><G115/><T104/><D112/><U57/><E57/><V124/><F124/><N who="3" m="47659" /><G63/><T80/><D80/><U22/><E73/><V97/><F97/><W51/><G51/><T39/><D135/><U49/><E72/><V31/><F31/><AGARI ba="0,1" hai="5,7,10,11,12,13,23,26,31,120,122" m="47659" machi="31" ten="30,3900,0" yaku="18,1,34,2" doraHai="85" who="3" fromWho="2" sc="361,0,295,0,133,-39,201,49" /><INIT seed="3,0,0,4,4,78" ten="361,295,94,250" oya="3" hai0="8,9,48,82,123,101,41,29,106,38,45,51,1" hai1="134,17,97,129,21,43,46,127,28,125,30,27,5" hai2="63,69,42,122,98,79,68,95,74,84,37,39,47" hai3="72,128,55,107,109,31,102,119,94,20,61,71,115"/><W91/><G115/><T75/><D123/><U132/><E97/><V16/><F122/><W40/><G119/><T65/><D65/><U124/><E46/><V96/><F39/><W105/><G72/><T89/><D29/><N who="1" m="11371" /><E43/><V32/><F32/><W103/><G40/><T111/><D111/><U112/><E112/><V13/><F74/><W116/><G116/><T10/><D1/><U14/><E129/><V56/><F98/><W108/><G128/><T7/><D7/><U135/><E5/><V15/><F15/><AGARI ba="0,0" hai="14,15,17,21,27,124,125,127,132,134,135" m="11371" machi="15" ten="40,8000,1" yaku="18,1,20,1,34,2" doraHai="78" who="1" fromWho="2" sc="361,0,295,80,94,-80,250,0" /><INIT seed="4,0,0,1,4,20" ten="361,375,14,250" oya="0" hai0="97,5,39,123,32,111,58,25,37,99,42,128,16" hai1="18,65,103,108,55,11,131,64,112,117,90,33,43" hai2="57,31,116,106,135,60,74,52,6,35,84,113,40" hai3="50,77,21,44,121,14,23,15,73,95,114,91,105"/><T100/><D123/><U36/><E117/><V7/><F106/><W38/><G105/><T67/><D128/><U61/><E33/><V92/><F74/><W17/><G38/><T88/><D111/><U54/><E108/><V24/><F116/><W28/><G121/><T29/><D5/><U71/><E131/><V78/><F135/><W27/><G114/><T98/><D42/><U22/><E112/><V4/><F113/><W133/><G133/><T86/><D100/><U59/><E103/><V104/><F104/><W107/><G107/><T134/><D134/><U66/><E11/><V115/><F115/><W41/><G73/><T93/><REACH who="0" step="1"/><D16/><REACH who="0" ten="351,375,14,250" step="2"/><U94/><E43/><V49/><F40/><W12/><REACH who="3" step="1"/><G77/><REACH who="3" ten="351,375,14,240" step="2"/><T3/><D3/><U101/><E36/><V83/><REACH who="2" step="1"/><F92/><REACH who="2" ten="351,375,4,240" step="2"/><W34/><G34/><T132/><D132/><U130/><E94/><V70/><F70/><W122/><G122/><T80/><D80/><U120/><E71/><V129/><F129/><W26/><G26/><T13/><D13/><U119/><E130/><V89/><F89/><W47/><G47/><T68/><D68/><U72/><E120/><V87/><F87/><AGARI ba="0,3" hai="12,14,15,17,21,23,27,28,41,44,50,87,91,95" machi="87" ten="30,7700,0" yaku="1,1,7,1,8,1,52,1,53,0" doraHai="20" doraHaiUra="76" who="3" fromWho="2" sc="351,0,375,0,4,-77,240,107" owari="351,15.0,375,47.0,-73,-57.0,347,-5.0" /></mjloggm>