<mjloggm ver="2.3"><GO type="169" lobby="0"/><UN n0="%E6%84%9B%E5%AE%95%E6%B4%8B%E6%A6%8E%E3%81%AE%E5%BC%9F%E5%AD%90" n1="%E3%82%A6%E3%83%AB%E3%83%88%E3%83%A9%E7%AB%8B%E7%9B%B4" n2="%E7%9B%B4%E7%89%B9%7C%E9%98%AA%E7%A5%9E%E6%A2%85%E7%94%B0" n3="%4A%61%6E%2D%4D%61%63%68" dan="16,18,16,19" rate="2098.59,2253.01,2122.79,2270.55" sx="M,M,F,M"/><TAIKYOKU oya="0"/><INIT seed="0,0,0,0,2,114" ten="250,250,250,250" oya="0" hai0="31,115,43,49,120,113,1,77,111,57,48,40,0" hai1="24,121,76,28,14,10,50,68,27,119,95,54,127" hai2="62,86,33,22,37,100,126,55,107,26,66,99,93" hai3="128,16,12,72,36,130,52,83,47,45,88,73,117"/><T78/><D120/><U71/><E121/><V102/><F37/><W124/><G124/><T29/><REACH who="0" step="1"/><D57/><REACH who="0" ten="240,250,250,250" step="2"/><U61/><E127/><V91/><F126/><W35/><G35/><T13/><D13/><U25/><E71/><V112/><F112/><W80/><G36/><T41/><D41/><U79/><E68/><V3/><F3/><W2/><G2/><T19/><D19/><U122/><E122/><V58/><F33/><W39/><G39/><T108/><AGARI ba="0,1" hai="0,1,29,31,40,43,48,49,77,78,108,111,113,115" machi="108" ten="25,9600,0" yaku="1,1,0,1,22,2,53,0" doraHai="114" doraHaiUra="5" who="0" fromWho="0" sc="240,106,250,-32,250,-32,250,-32" /><INIT seed="0,1,0,3,0,97" ten="346,218,218,218" oya="0" hai0="125,82,83,105,68,3,5,40,95,26,22,101,92" hai1="122,109,12,15,70,59,110,103,13,50,81,43,84" hai2="53,115,130,42,39,2,23,111,1,112,14,116,20" hai3="86,74,47,7,126,10,46,113,131,106,89,102,78"/><T135/><D68/><U51/><E70/><V56/><F111/><N who="1" m="42505" /><E122/><V57/><F130/><W77/><G113/><T61/><D135/><U37/><E59/><V104/><F14/><W4/><G131/><T16/><D125/><U0/><E0/><V33/><F33/><W93/><G126/><T127/><D127/><U118/><E118/><V72/><F104/><W100/><G106/><T73/><D40/><U66/><E66/><V121/><F53/><W90/><G74/><T18/><D3/><U6/><E6/><V52/><F52/><W124/><G124/><T96/><D5/><N who="3" m="2121" /><G90/><T27/><D61/><U45/><E103/><N who="3" m="39466" /><G10/><T91/><D73/><U132/><E132/><V28/><F72/><W71/><G71/><T108/><D108/><U21/><E21/><V25/><F116/><W75/><G75/><T87/><D105/><U49/><E37/><V62/><F121/><W80/><G93/><T128/><D128/><U48/><E15/><V76/><F115/><W32/><G32/><T69/><D69/><U67/><E67/><V35/><F112/><W54/><G46/><T120/><D120/><U55/><E43/><V8/><F1/><W29/><G29/><T65/><D65/><U34/><E34/><V38/><F2/><W99/><G99/><T134/><D134/><U64/><E64/><V79/><F42/><W98/><G98/><T107/><D107/><U129/><E129/><V30/><F35/><W11/><G11/><T123/><D123/><U9/><E9/><V88/><F8/><W94/><G94/><T63/><D95/><U85/><E85/><RYUUKYOKU ba="1,0" sc="346,-15,218,15,218,-15,218,15" hai1="12,13,45,48,49,50,51,55,81,84" hai3="47,54,77,78,80,86,89" /><INIT seed="1,2,0,4,2,93" ten="331,233,203,233" oya="1" hai0="12,100,45,1,5,2,67,94,23,84,90,51,119" hai1="52,44,76,123,132,63,69,109,62,107,85,28,105" hai2="121,17,46,74,4,135,19,20,68,101,95,112,113" hai3="33,30,29,18,86,130,134,89,14,103,0,108,54"/><U83/><E123/><V11/><F121/><W24/><G0/><T118/><D67/><U129/><E129/><V61/><F74/><W126/><G130/><T27/><D12/><U78/><E132/><V41/><F135/><W32/><G134/><T128/><D128/><U110/><E28/><V48/><F61/><W64/><G64/><T127/><D127/><U60/><E69/><V8/><F68/><W133/><G126/><T131/><D131/><U49/><REACH who="1" step="1"/><E78/><REACH who="1" ten="331,223,203,233" step="2"/><V120/><F120/><W65/><G133/><T6/><D119/><U91/><E91/><V47/><F113/><W115/><G30/><T92/><D118/><U40/><E40/><V42/><F41/><W34/><G115/><T122/><D122/><U99/><E99/><V66/><F42/><W77/><G77/><T125/><D125/><U114/><E114/><V117/><F112/><W98/><G65/><T25/><D90/><U59/><E59/><V75/><F66/><W21/><G54/><T3/><D100/><U102/><E102/><V70/><F101/><W7/><G29/><T71/><D71/><U124/><E124/><V96/><F70/><W97/><G103/><T35/><D45/><U81/><E81/><V116/><F47/><W37/><G98/><T57/><D57/><U26/><E26/><V36/><F117/><W55/><G97/><T22/><D27/><U88/><E88/><V53/><F96/><W80/><G55/><T50/><D25/><U9/><E9/><V10/><F11/><N who="3" m="4479" /><G37/><T106/><D106/><AGARI ba="2,1" hai="44,49,52,60,62,63,76,83,85,105,106,107,109,110" machi="106" ten="50,4800,0" yaku="1,1,54,1,53,0" doraHai="93" doraHaiUra="39" who="1" fromWho="0" sc="331,-54,223,64,203,0,233,0" /><INIT seed="1,3,0,5,2,31" ten="277,287,203,233" oya="1" hai0="5,93,49,122,75,40,102,12,107,116,113,47,57" hai1="70,30,65,28,48,39,84,69,135,27,38,58,120" hai2="21,87,85,133,61,126,125,108,83,124,13,115,112" hai3="119,111,25,9,2,20,6,63,131,79,46,123,26"/><U117/><E117/><V19/><F61/><W121/><G119/><T55/><D116/><U98/><E120/><V59/><F59/><W97/><G131/><T110/><D113/><N who="2" m="43594" /><F108/><W3/><G111/><T72/><D110/><U92/><E135/><V66/><F66/><W106/><G79/><T89/><D122/><U8/><E30/><V51/><F51/><W76/><G76/><T67/><D67/><U78/><E8/><V91/><F85/><W43/><G2/><T128/><D128/><U88/><E70/><V118/><F118/><W104/><G26/><T23/><D102/><U33/><E69/><V96/><F96/><W71/><G63/><T11/><D23/><U73/><E73/><V56/><F56/><W86/><G86/><T109/><D107/><U95/><E78/><V99/><F99/><W37/><G71/><T101/><D101/><U24/><E24/><V52/><F133/><W44/><G44/><T22/><D22/><U77/><E77/><V105/><F105/><W60/><G60/><T10/><D10/><U130/><E130/><V80/><F80/><W103/><G106/><T42/><D109/><U7/><E65/><V15/><F15/><W129/><G129/><T36/><D40/><U17/><E39/><V134/><F134/><W50/><G37/><T81/><D81/><U18/><E38/><V34/><F52/><W1/><G1/><T53/><D55/><N who="1" m="32103" /><E95/><V90/><F90/><W114/><G114/><T64/><D64/><U29/><E84/><AGARI ba="3,0" hai="5,11,12,36,42,47,49,53,57,72,75,84,89,93" machi="84" ten="30,1000,0" yaku="7,1" doraHai="31" who="0" fromWho="1" sc="277,19,287,-19,203,0,233,0" /><INIT seed="2,0,0,4,2,7" ten="296,268,203,233" oya="2" hai0="131,64,21,122,40,121,104,18,74,3,10,37,107" hai1="45,53,54,91,93,66,97,96,119,105,114,65,116" hai2="58,2,36,126,11,14,39,111,63,113,85,57,129" hai3="55,34,17,115,86,78,25,69,15,103,61,47,120"/><V44/><F113/><W90/><G120/><T79/><D64/><U16/><E114/><V13/><F2/><W29/><G115/><T52/><D131/><U9/><E45/><V31/><F31/><W94/><G78/><T99/><D52/><U125/><E125/><V133/><F133/><W26/><G103/><T124/><D124/><U83/><E83/><V41/><F126/><W127/><G26/><T35/><D35/><U87/><E105/><V50/><F14/><W24/><G24/><T60/><D60/><U101/><E119/><V95/><F129/><W134/><G134/><T118/><D118/><U109/><E109/><V5/><F111/><W130/><G130/><T106/><D99/><N who="1" m="37963" /><E101/><V23/><F23/><W82/><G94/><T112/><D21/><U27/><E116/><V38/><REACH who="2" step="1"/><F63/><REACH who="2" ten="296,268,193,233" step="2"/><W92/><G127/><T135/><D135/><U46/><E27/><V4/><F4/><W81/><G61/><T76/><D112/><U102/><E102/><V88/><AGARI ba="0,1" hai="5,11,13,36,38,39,41,44,50,57,58,85,88,95" machi="88" ten="40,12000,1" yaku="1,1,0,1,52,1,54,1,53,0" doraHai="7" doraHaiUra="12" who="2" fromWho="2" sc="296,-40,268,-40,193,130,233,-40" /><INIT seed="2,1,0,1,4,94" ten="256,228,323,193" oya="2" hai0="134,45,102,123,73,83,106,118,35,0,1,127,58" hai1="47,77,103,124,71,6,133,107,41,20,12,37,32" hai2="30,4,39,132,70,52,87,34,5,48,49,55,61" hai3="114,79,54,11,72,62,25,76,46,90,9,125,129"/><V111/><F39/><W19/><G114/><T60/><D123/><U98/><E32/><V108/><F132/><W17/><G72/><T66/><D134/><U68/><E133/><V63/><F87/><W31/><G129/><T26/><D127/><U38/><E124/><V22/><F22/><W65/><G125/><T78/><D118/><U119/><E119/><V13/><F13/><W104/><G104/><T122/><D122/><U3/><E12/><V99/><F30/><W27/><G90/><T24/><D45/><U43/><E20/><V59/><F70/><N who="1" m="26665" /><E77/><V116/><F116/><W93/><G93/><T121/><D121/><U120/><E120/><V109/><F34/><W74/><G74/><T57/><D57/><U29/><E29/><V50/><F99/><W95/><G95/><T96/><REACH who="0" step="1"/><D35/><REACH who="0" ten="246,228,323,193" step="2"/><U89/><E47/><V100/><F100/><W84/><G46/><T97/><D97/><U40/><E98/><V36/><F36/><W80/><G84/><T69/><D69/><U14/><E103/><V86/><F86/><W53/><G80/><T67/><D67/><U28/><E38/><V92/><F92/><W16/><G65/><T64/><D64/><U85/><E37/><V81/><F81/><W105/><G105/><T128/><D128/><U82/><E107/><V113/><F113/><W21/><G79/><T135/><D135/><U112/><E112/><V126/><F126/><W101/><G76/><T131/><D131/><U10/><E28/><V18/><F59/><N who="3" m="35183" /><G101/><T115/><D115/><U56/><E56/><V91/><F109/><W88/><G88/><RYUUKYOKU ba="1,1" sc="246,15,228,15,323,-15,193,-15" hai0="0,1,24,26,58,60,66,73,78,83,96,102,106" hai1="3,6,10,14,40,41,43,82,85,89" /><INIT seed="3,2,1,1,4,92" ten="261,243,308,178" oya="3" hai0="103,40,52,60,100,12,130,48,69,77,84,7,61" hai1="81,36,113,101,41,50,33,25,115,96,13,1,131" hai2="83,39,110,75,6,53,97,59,62,47,95,23,26" hai3="29,102,73,70,21,88,42,135,66,37,111,27,5"/><W108/><G73/><T56/><D130/><U28/><E50/><V71/><F6/><W30/><G5/><T38/><D38/><U114/><E13/><V15/><F15/><W124/><G124/><T22/><D69/><U32/><E81/><V94/><F94/><W80/><G135/><T106/><D106/><N who="1" m="63783" /><E1/><V89/><F110/><N who="3" m="42027" /><G102/><N who="0" m="38955" /><D40/><U35/><E131/><V64/><F83/><W85/><G70/><T19/><D7/><U129/><E129/><V68/><F75/><W90/><G66/><T49/><D49/><U20/><E20/><V98/><F39/><W78/><G30/><T86/><D77/><U127/><E127/><V126/><F126/><W93/><G93/><T118/><D118/><U63/><E63/><AGARI ba="2,1" hai="12,19,22,48,52,56,60,61,63,84,86" m="38955" machi="63" ten="30,2000,0" yaku="8,1,54,1" doraHai="92" who="0" fromWho="1" sc="261,36,243,-26,308,0,178,0" /><INIT seed="4,0,0,1,1,3" ten="297,217,308,178" oya="0" hai0="33,121,119,20,67,105,37,123,42,11,99,27,24" hai1="8,112,124,91,82,32,135,132,66,130,115,22,93" hai2="49,78,79,65,52,103,56,4,36,39,17,88,84" hai3="80,9,23,74,26,104,5,81,68,122,2,110,30"/><T63/><D119/><U109/><E32/><V29/><F29/><W7/><G110/><T55/><D55/><U0/><E109/><V70/><F103/><W129/><G68/><N who="0" m="42111" /><D20/><U54/><E130/><V12/><F70/><W95/><G104/><T28/><D24/><U35/><E124/><V101/><F101/><W53/><G129/><T58/><D58/><U127/><E127/><V126/><F65/><W25/><G122/><T117/><D117/><U6/><E35/><V13/><F39/><W64/><G64/><T75/><D75/><U96/><E66/><V131/><F36/><W72/><G53/><T34/><D34/><U100/><E22/><N who="2" m="11567" /><F131/><W83/><G26/><T48/><D48/><U111/><E111/><V113/><F113/><N who="1" m="43593" /><E54/><V94/><F126/><W108/><G108/><T46/><D11/><AGARI ba="0,0" hai="4,11,12,49,52,56,78,79,84,88,94" m="11567" machi="11" ten="30,8000,1" yaku="25,1,8,1,52,1,54,2" doraHai="3" who="2" fromWho="0" sc="297,-80,217,0,308,80,178,0" /><INIT seed="5,0,0,0,5,117" ten="217,217,388,178" oya="1" hai0="50,85,9,111,22,87,33,25,90,66,73,16,13" hai1="40,44,94,98,31,48,126,3,30,116,6,58,80" hai2="12,11,129,60,59,29,109,20,132,68,67,75,112" hai3="65,95,15,104,56,118,35,105,64,130,108,28,14"/><U81/><E116/><V76/><F109/><W4/><G118/><T107/><D111/><U52/><E126/><V93/><F129/><W115/><G108/><T23/><D73/><U122/><E122/><V57/><F132/><W47/><G130/><T42/><D107/><U92/><E6/><V79/><F112/><W53/><G47/><N who="0" m="25975" /><D33/><U26/><E3/><V77/><F75/><W18/><G105/><T32/><D32/><U71/><E71/><V97/><F68/><W0/><G104/><T27/><D66/><U86/><E81/><V7/><F59/><W39/><G39/><T131/><D131/><U21/><E31/><V8/><F8/><W10/><G115/><T100/><D100/><U125/><E98/><V106/><F106/><W119/><G119/><T91/><D87/><U82/><E82/><V128/><F128/><W83/><G95/><N who="0" m="54735" /><D91/><U5/><E5/><V120/><F77/><W124/><G83/><T37/><D37/><U46/><E125/><V123/><F79/><W78/><G78/><T121/><D121/><U43/><E80/><V41/><F41/><N who="1" m="15945" /><E86/><V72/><F76/><W51/><G124/><T63/><D63/><N who="1" m="36295" /><E46/><V135/><F72/><W70/><G70/><T102/><D102/><U101/><E101/><N who="2" m="60591" /><F135/><W134/><G134/><T89/><D89/><U24/><E24/><AGARI ba="0,0" hai="7,11,12,20,24,29,57,60,67,120,123" m="60591" machi="24" ten="30,3900,0" yaku="25,1,52,2" doraHai="117" who="2" fromWho="1" sc="217,0,217,-39,388,39,178,0" /><AGARI ba="0,0" hai="9,13,16,22,23,24,25,27" m="54735,25975" machi="24" ten="30,2000,0" yaku="8,1,54,1" doraHai="117" who="0" fromWho="1" sc="217,20,178,-20,427,0,178,0" /><INIT seed="6,0,0,5,1,80" ten="237,158,427,178" oya="2" hai0="72,129,45,114,112,20,92,17,5,7,77,27,30" hai1="0,88,21,133,107,66,120,36,59,48,43,135,4" hai2="47,61,102,65,113,32,46,52,56,123,87,103,62" hai3="51,127,78,9,90,84,130,31,111,100,63,42,91"/><V105/><F123/><W110/><G100/><T10/><D129/><U134/><E107/><V3/><F3/><W22/><G130/><T118/><D118/><U76/><E120/><V24/><F113/><N who="0" m="43626" /><D92/><U38/><E76/><V14/><F14/><W18/><G127/><T95/><D95/><U124/><E124/><V29/><F87/><W33/><G33/><N who="0" m="20703" /><D45/><N who="1" m="25663" /><E21/><V101/><REACH who="2" step="1"/><F105/><REACH who="2" ten="237,158,417,178" step="2"/><W117/><G117/><T25/><D10/><U83/><E0/><V44/><F44/><N who="3" m="26007" /><G111/><T75/><D75/><U70/><E4/><V16/><F16/><W121/><G110/><T82/><AGARI ba="0,1" hai="5,7,17,20,25,72,77,82" m="20703,43626" machi="82" ten="30,1100,0" yaku="15,1" doraHai="80" who="0" fromWho="0" sc="237,21,158,-3,417,-5,178,-3" /><INIT seed="7,0,0,0,4,48" ten="258,155,412,175" oya="3" hai0="65,31,103,46,115,81,35,77,94,24,82,60,75" hai1="16,80,72,74,116,135,125,130,128,58,5,9,70" hai2="52,68,47,21,43,61,57,44,92,97,98,20,86" hai3="64,105,40,126,124,111,28,36,32,42,45,33,10"/><W109/><G105/><T107/><D115/><U56/><E70/><V132/><F132/><W7/><G64/><T53/><D82/><U117/><E135/><V102/><F68/><W2/><G42/><T100/><D94/><U3/><E125/><N who="3" m="48234" /><G28/><T119/><D119/><N who="1" m="45643" /><E16/><V110/><F110/><AGARI ba="0,0" hai="2,7,10,32,33,36,40,45,109,110,111" m="48234" machi="110" ten="30,5800,0" yaku="10,1,18,1,23,1" doraHai="48" who="3" fromWho="2" sc="258,0,155,0,412,-58,175,58" /><INIT seed="7,1,0,2,1,7" ten="258,155,354,233" oya="3" hai0="38,133,69,18,64,51,52,25,116,19,66,65,86" hai1="6,90,125,110,104,106,30,108,82,112,3,47,93" hai2="114,5,109,57,55,13,48,70,99,72,22,67,34" hai3="111,71,128,44,120,9,59,95,29,23,76,135,80"/><W1/><G71/><T130/><D116/><U88/><E125/><V2/><F72/><W68/><G68/><T0/><D69/><U8/><E112/><V132/><F34/><W100/><G120/><T17/><D38/><U16/><E30/><V92/><F2/><W87/><G135/><T49/><D133/><U24/><E47/><V4/><F67/><W84/><G111/><T105/><D105/><U54/><E54/><V15/><F70/><W14/><G1/><T79/><D130/><U78/><E110/><V41/><F132/><W37/><G59/><N who="0" m="33167" /><D0/><U46/><E46/><N who="2" m="25679" /><F114/><W103/><G128/><T98/><D98/><U32/><E108/><V119/><F119/><W131/><G131/><T21/><D51/><U61/><E61/><N who="2" m="36031" /><F109/><W12/><G44/><T36/><D36/><U53/><E53/><V35/><F35/><W124/><G124/><T134/><D134/><U26/><E26/><V56/><F56/><W75/><G37/><T50/><D50/><U118/><E118/><V127/><F127/><W81/><G75/><T58/><D58/><U126/><E126/><V28/><F28/><W101/><G14/><N who="2" m="5129" /><F22/><W89/><G23/><T85/><D79/><U122/><E122/><V31/><F31/><AGARI ba="1,0" hai="17,18,19,21,25,31,64,65,66,85,86" m="33167" machi="31" ten="30,2000,0" yaku="8,1,54,1" doraHai="7" who="0" fromWho="2" sc="258,23,155,0,354,-23,233,0" owari="281,8.0,155,-34.0,331,43.0,233,-17.0" /></mjloggm>