<mjloggm ver="2.3"><GO type="169" lobby="0"/><UN n0="%E3%82%B9%E3%82%B1%E3%83%BC%E3%82%BF%E3%83%BC" n1="%E3%83%96%E3%83%AB%E3%83%96%E3%83%AB%E3%83%8F%E3%83%BC%E3%83%84" n2="%E3%82%AD%E3%83%9F%E3%82%BF%E3%83%9E%E3%82%B4" n3="%E5%B0%B1%E6%B4%BB%E7%94%9F%40%E5%B7%9D%E6%9D%91%E8%BB%8D%E5%9B%A3" dan="17,17,17,18" rate="2164.70,2151.95,2089.38,2277.06" sx="M,M,M,M"/><TAIKYOKU oya="0"/><INIT seed="0,0,0,4,1,11" ten="250,250,250,250" oya="0" hai0="93,121,1,90,68,118,112,101,97,86,30,28,36" hai1="125,46,38,61,31,70,116,64,50,13,54,80,19" hai2="69,66,62,120,98,58,40,59,81,88,45,109,78" hai3="44,25,16,82,126,55,32,56,48,73,105,134,107"/><T89/><D121/><U104/><E116/><V9/><F109/><W2/><G2/><T131/><D36/><U6/><E104/><V106/><F120/><W96/><G126/><T43/><D68/><U94/><E125/><V67/><F106/><W124/><G134/><T34/><D1/><U127/><E127/><V119/><F119/><W8/><G124/><T114/><D43/><U63/><E6/><V129/><F129/><W26/><G26/><T22/><D34/><U110/><E110/><V133/><F133/><W87/><G73/><T47/><D47/><U14/><E31/><V37/><F66/><W75/><G75/><T91/><D118/><U117/><E61/><V71/><F59/><W33/><G56/><T0/><D0/><U103/><E117/><V23/><F9/><W128/><G128/><T42/><D42/><U100/><E19/><V53/><F23/><W72/><G72/><T7/><D131/><U35/><E35/><V123/><F123/><W49/><G49/><T3/><D22/><U12/><E38/><V65/><F65/><W74/><G74/><T79/><D114/><U108/><E108/><V57/><F78/><N who="3" m="46551" /><G32/><T83/><REACH who="0" step="1"/><D112/><REACH who="0" ten="240,250,250,250" step="2"/><U76/><REACH who="1" step="1"/><E94/><REACH who="1" ten="240,240,250,250" step="2"/><V15/><F69/><W51/><G33/><T95/><D95/><U130/><E130/><V10/><F71/><W113/><G105/><T77/><D77/><U52/><E52/><V24/><F53/><W20/><G113/><T5/><D5/><U18/><E18/><V132/><F132/><W135/><G135/><T27/><D27/><U60/><E60/><V122/><F24/><RYUUKYOKU ba="0,2" sc="240,15,240,15,250,-15,250,-15" hai0="3,7,28,30,79,83,86,89,90,91,93,97,101" hai1="12,13,14,46,50,54,63,64,70,76,80,100,103" /><INIT seed="0,1,2,1,1,27" ten="255,255,235,235" oya="0" hai0="20,62,117,19,105,81,114,64,89,77,123,90,126" hai1="28,59,92,34,70,46,29,14,55,131,40,132,129" hai2="80,118,66,6,22,102,135,11,3,121,18,31,122" hai3="116,39,82,17,47,110,65,0,32,25,9,38,8"/><T109/><D123/><U91/><E34/><V33/><F102/><W84/><G116/><T95/><D117/><U21/><E70/><V35/><F66/><W51/><G110/><T73/><D114/><U45/><E132/><V60/><F60/><W100/><G100/><T86/><D126/><U5/><E45/><V85/><F118/><W128/><G65/><T96/><D109/><U103/><E103/><V79/><F135/><W12/><G128/><N who="1" m="49226" /><E5/><V127/><F35/><W1/><G9/><T43/><D43/><U37/><E14/><N who="2" m="9559" /><F127/><W97/><G97/><T48/><D48/><N who="1" m="31207" /><E21/><V13/><F13/><W50/><G50/><T41/><D41/><U115/><E115/><V113/><F113/><W53/><G0/><T99/><D105/><U68/><E68/><V83/><F80/><W133/><G1/><T10/><D10/><U101/><E101/><V42/><F42/><W71/><G71/><T107/><D107/><U75/><E75/><V78/><F78/><W61/><G133/><T111/><D111/><U15/><E15/><V98/><F98/><AGARI ba="1,2" hai="28,29,37,40,46,91,92,98" m="31207,49226" machi="98" ten="30,3900,0" yaku="19,1,52,2" doraHai="27" who="1" fromWho="2" sc="255,0,255,62,235,-42,235,0" /><INIT seed="1,0,0,5,0,67" ten="255,317,193,235" oya="1" hai0="58,43,66,102,21,16,101,39,115,97,6,80,106" hai1="86,72,59,23,17,94,29,79,51,52,14,92,44" hai2="74,118,1,18,110,56,19,104,105,47,131,32,25" hai3="62,77,49,109,107,24,48,128,28,60,42,135,61"/><U112/><E72/><V111/><F1/><W71/><G107/><N who="2" m="41033" /><F56/><W33/><G109/><N who="2" m="41481" /><F47/><W2/><G2/><T69/><D115/><U117/><E112/><V65/><F74/><W120/><G120/><T133/><D102/><U96/><E117/><V73/><F73/><W76/><G128/><T5/><D133/><U75/><E75/><V41/><F65/><W119/><G135/><T88/><D58/><U15/><E29/><N who="2" m="19503" /><F41/><W46/><G119/><T89/><D80/><N who="1" m="47391" /><E15/><V37/><F118/><W12/><G12/><T35/><D35/><U13/><E14/><V108/><N who="2" m="41489" /><V50/><DORA hai="26" /><F50/><W34/><G34/><T31/><D31/><U95/><E44/><V134/><F134/><W124/><G49/><T130/><D130/><U4/><E4/><V82/><F131/><W81/><G124/><T87/><D6/><U70/><E70/><V64/><F82/><W85/><REACH who="3" step="1"/><G76/><REACH who="3" ten="255,317,193,225" step="2"/><T90/><D5/><U3/><E3/><V129/><F129/><W126/><G126/><T30/><D106/><U93/><N who="1" m="23552" /><DORA hai="103" /><U57/><E13/><V9/><F9/><W98/><G98/><T91/><D97/><U8/><E96/><V20/><F20/><W68/><AGARI ba="0,1" hai="24,28,33,42,46,48,60,61,62,68,71,77,81,85" machi="68" ten="30,12000,2" yaku="1,1,0,1,52,3,53,1" doraHai="67,26,103" doraHaiUra="53,116,36" who="3" fromWho="3" sc="255,-30,317,-60,193,-30,225,130" /><INIT seed="2,0,0,0,5,93" ten="225,257,163,355" oya="2" hai0="105,10,106,75,6,98,77,52,132,65,42,115,73" hai1="116,102,60,8,49,82,74,21,91,18,99,46,53" hai2="111,34,38,37,1,61,107,95,118,123,103,71,32" hai3="55,85,19,121,108,94,128,63,22,79,110,59,81"/><V134/><F103/><W124/><G121/><T56/><D115/><U135/><E116/><V86/><F95/><W57/><G124/><T24/><D132/><U15/><E135/><V80/><F86/><W13/><G128/><T16/><D42/><U100/><E60/><V112/><F80/><W7/><G7/><T27/><D65/><U58/><E74/><V127/><F34/><W69/><G69/><T2/><D27/><U64/><E64/><V114/><F61/><W54/><REACH who="3" step="1"/><G94/><REACH who="3" ten="225,257,163,345" step="2"/><T67/><D106/><U96/><E82/><V101/><F114/><W48/><AGARI ba="0,1" hai="13,19,22,48,54,55,57,59,63,79,81,85,108,110" machi="48" ten="30,4000,0" yaku="1,1,2,1,0,1,53,0" doraHai="93" doraHaiUra="25" who="3" fromWho="3" sc="225,-10,257,-10,163,-20,345,50" /><INIT seed="3,0,0,5,0,71" ten="215,247,143,395" oya="3" hai0="127,82,109,125,24,117,41,85,12,100,131,1,105" hai1="91,0,96,97,112,4,55,81,34,36,16,122,106" hai2="115,87,57,51,102,78,49,70,2,75,20,27,26" hai3="37,68,104,132,128,110,83,120,61,121,107,28,42"/><W86/><G28/><T94/><D1/><U38/><E112/><V93/><F70/><W114/><G114/><T45/><D117/><U67/><E122/><V18/><F2/><W44/><G128/><T35/><D131/><U46/><E34/><V129/><F115/><W19/><G132/><T8/><D109/><U64/><E4/><V23/><F129/><W98/><G110/><T31/><D94/><U73/><E0/><V119/><F119/><W130/><G130/><T52/><D100/><U92/><E64/><V54/><F75/><W62/><G19/><T43/><D105/><U3/><E67/><V124/><F124/><W135/><G135/><T59/><D45/><U77/><E3/><V14/><F78/><W50/><G50/><T69/><D69/><U89/><E16/><V72/><F72/><W113/><G113/><T10/><D10/><U90/><E106/><V63/><F14/><W22/><G22/><T5/><D127/><U6/><E6/><V74/><F74/><W15/><G15/><T39/><D39/><U40/><E36/><V126/><F126/><W111/><G111/><T118/><D118/><U47/><REACH who="1" step="1"/><E97/><REACH who="1" ten="215,237,143,395" step="2"/><N who="2" m="59695" /><F87/><W80/><G98/><T133/><D133/><U33/><E33/><V134/><F134/><W76/><G120/><T84/><D84/><U30/><E30/><AGARI ba="0,1" hai="18,20,23,26,27,30,49,51,54,57,63" m="59695" machi="30" ten="30,1000,0" yaku="8,1" doraHai="71" who="2" fromWho="1" sc="215,0,237,-10,143,20,395,0" /><INIT seed="4,0,0,0,5,39" ten="215,227,163,395" oya="0" hai0="78,128,109,90,71,66,1,85,9,116,135,45,38" hai1="81,75,33,126,106,117,19,99,122,49,48,21,105" hai2="94,123,2,129,28,51,5,53,108,100,44,86,10" hai3="37,7,40,14,104,3,47,8,127,77,23,67,73"/><T76/><D116/><U20/><E33/><V68/><F68/><W34/><G34/><T124/><D124/><U103/><E122/><V50/><F129/><W70/><G127/><T121/><D121/><U79/><E126/><V0/><F123/><W61/><G23/><T119/><D119/><U30/><E117/><V43/><F28/><W111/><G14/><T120/><D120/><U52/><E48/><V54/><F108/><W26/><G26/><T31/><D31/><U96/><E30/><V84/><F2/><W25/><G25/><T95/><D135/><U91/><E19/><V133/><F133/><W132/><G132/><T98/><D128/><U74/><E74/><V18/><F18/><W57/><G111/><T32/><D32/><U88/><E20/><V12/><F0/><W125/><G125/><T80/><D109/><U29/><E21/><V82/><F51/><W65/><G104/><T60/><D9/><U87/><E29/><V42/><F54/><N who="3" m="33975" /><G70/><T72/><D1/><U130/><E130/><V93/><F86/><W13/><G13/><T115/><D115/><U118/><E118/><V22/><F22/><W6/><G7/><T4/><D4/><U134/><E134/><V17/><F5/><W16/><G16/><T15/><D15/><U56/><E75/><V107/><F107/><W36/><G36/><T35/><D35/><U41/><E41/><N who="2" m="15371" /><F100/><AGARI ba="0,0" hai="49,52,56,79,81,87,88,91,96,99,100,103,105,106" machi="100" ten="40,5200,0" yaku="9,1,54,2" doraHai="39" who="1" fromWho="2" sc="215,0,227,52,163,-52,395,0" /><INIT seed="5,0,0,1,4,61" ten="215,279,111,395" oya="1" hai0="90,78,6,71,55,8,126,53,58,86,24,67,10" hai1="105,0,106,30,46,5,108,56,74,38,99,12,72" hai2="81,42,57,34,70,26,49,66,60,129,62,39,91" hai3="133,32,119,37,25,88,94,96,120,31,101,92,110"/><U131/><E131/><V115/><F34/><W2/><G2/><T63/><D126/><U79/><E108/><V121/><F26/><W125/><G110/><T85/><D78/><U28/><E56/><N who="2" m="37127" /><F91/><W77/><G37/><T27/><D86/><U23/><E12/><V65/><F81/><W80/><G133/><T103/><D103/><U13/><E13/><V109/><F109/><W50/><G125/><T112/><D112/><U127/><E127/><V35/><F35/><W40/><G120/><T41/><D41/><N who="1" m="22839" /><E72/><V51/><F121/><W95/><G119/><T123/><D123/><U18/><E18/><V98/><F98/><W59/><G101/><T15/><D10/><N who="1" m="2343" /><E23/><V73/><F73/><W64/><G40/><T11/><D11/><U113/><E113/><V122/><F122/><W54/><G64/><T7/><D7/><U47/><E99/><V68/><F115/><W128/><G128/><T19/><D6/><U48/><E30/><V3/><F3/><W14/><G14/><T124/><D124/><U9/><E28/><V75/><F75/><AGARI ba="0,0" hai="25,31,32,50,54,59,75,77,80,88,92,94,95,96" machi="75" ten="30,2000,0" yaku="7,1,54,1" doraHai="61" who="3" fromWho="2" sc="215,0,279,0,111,-20,395,20" /><INIT seed="6,0,0,4,5,123" ten="215,279,91,415" oya="2" hai0="92,61,106,48,41,34,118,37,103,4,27,21,90" hai1="45,109,94,116,108,95,129,8,77,115,6,124,67" hai2="121,66,24,119,69,96,2,32,82,65,19,74,15" hai3="135,133,33,134,83,63,130,75,93,46,53,78,20"/><V28/><F121/><W101/><G33/><T79/><D34/><U18/><E116/><V105/><F119/><W0/><G0/><T25/><D37/><U38/><E67/><V107/><F2/><W110/><G110/><N who="1" m="42602" /><E18/><V84/><F74/><W113/><G113/><T99/><D79/><U43/><E94/><V40/><F40/><W87/><G130/><T1/><D61/><U102/><E95/><V49/><F49/><N who="3" m="28855" /><G63/><T10/><D118/><U57/><E57/><V51/><F69/><W29/><G93/><T23/><D23/><U114/><E102/><V81/><F81/><W132/><G101/><T85/><D21/><U3/><E129/><V50/><F50/><W112/><G112/><N who="1" m="43050" /><E77/><V60/><F60/><W127/><G127/><AGARI ba="0,0" hai="3,6,8,38,43,45,124,127" m="43050,42602" machi="127" ten="40,8000,1" yaku="15,1,23,1,52,3" doraHai="123" who="1" fromWho="3" sc="215,0,279,80,91,0,415,-80" /><INIT seed="7,0,0,2,0,3" ten="215,359,91,335" oya="3" hai0="126,8,133,25,13,32,58,20,5,4,93,47,15" hai1="67,24,10,51,127,27,64,107,12,114,22,65,54" hai2="14,84,71,83,61,101,23,73,116,120,62,110,122" hai3="19,37,99,60,36,76,55,121,75,38,90,132,134"/><W31/><G121/><T87/><D126/><U72/><E72/><V74/><F116/><W115/><G31/><T129/><D32/><U21/><E107/><V2/><F2/><W128/><G128/><T39/><D129/><U63/><E63/><V41/><F110/><W94/><G115/><T33/><D33/><U59/><E127/><V91/><F41/><W52/><G19/><T48/><D133/><N who="3" m="51305" /><G60/><T125/><D125/><U44/><E59/><V119/><F119/><W77/><G75/><T9/><D39/><U106/><E106/><V113/><F113/><W57/><G57/><T117/><D117/><U7/><E114/><V28/><F62/><W111/><G111/><T56/><D87/><U123/><E123/><V105/><F120/><W103/><G90/><T1/><D93/><U29/><E64/><V68/><F122/><W130/><G130/><T34/><D34/><U35/><E35/><V70/><F61/><W11/><G11/><T135/><D1/><U131/><E131/><V42/><F42/><W100/><G100/><T95/><D95/><U80/><E80/><V0/><F0/><W118/><G118/><T112/><D112/><U97/><E97/><V98/><REACH who="2" step="1"/><F28/><AGARI ba="0,0" hai="7,10,12,21,22,24,27,28,29,44,51,54,65,67" machi="28" ten="30,7700,0" yaku="7,1,9,1,8,1,52,1" doraHai="3" who="1" fromWho="2" sc="215,0,359,77,91,-77,335,0" owari="215,-18.0,436,53.0,14,-49.0,335,14.0" /></mjloggm>