<mjloggm ver="2.3"><GO type="169" lobby="0"/><UN n0="%6D%69%6E%61%72%63%68%79" n1="%68%69%6D%69%79%6F" n2="%E3%83%97%E3%83%83%E3%82%B7%E3%83%A5%E6%8A%BC%E3%81%99%E5%83%A7" n3="%E3%82%A6%E3%83%AB%E3%83%88%E3%83%A9%E7%AB%8B%E7%9B%B4" dan="16,16,17,17" rate="2121.29,2052.21,2149.69,2205.85" sx="M,M,M,M"/><TAIKYOKU oya="0"/><INIT seed="0,0,0,1,2,75" ten="250,250,250,250" oya="0" hai0="33,121,78,131,38,62,101,84,42,39,2,86,53" hai1="41,19,95,58,40,109,72,0,68,128,111,17,118" hai2="90,56,35,127,47,23,102,117,130,20,77,83,65" hai3="29,97,30,45,134,99,69,43,34,73,12,9,74"/><T3/><D33/><U28/><E118/><V44/><F117/><W55/><G69/><T70/><D121/><U125/><E68/><V87/><F35/><W71/><G71/><T106/><D131/><U54/><E0/><V59/><F130/><W10/><G34/><T1/><D42/><N who="1" m="16491" /><E128/><V93/><F102/><W18/><G43/><T25/><D25/><U107/><E107/><V133/><F133/><W6/><G134/><T132/><D132/><U22/><E72/><V4/><F4/><W16/><G55/><T64/><D53/><U15/><E125/><V32/><F32/><W24/><G45/><N who="2" m="17481" /><F127/><W57/><G12/><T79/><D106/><U46/><E46/><V76/><F59/><W122/><G57/><T92/><D101/><U67/><E67/><V114/><F114/><W82/><G24/><T50/><D50/><N who="1" m="31063" /><E28/><V119/><F119/><W85/><G74/><T13/><D13/><U126/><E126/><V51/><F51/><W21/><G73/><T8/><D8/><U120/><E120/><V60/><F20/><W27/><G122/><T63/><D63/><U94/><E19/><N who="3" m="7210" /><G30/><T88/><REACH who="0" step="1"/><D86/><REACH who="0" ten="240,250,250,250" step="2"/><U104/><E104/><V26/><F26/><W96/><G6/><T105/><D105/><U61/><E61/><V129/><F129/><W113/><G113/><T52/><D52/><U5/><E5/><V108/><F23/><W37/><G37/><AGARI ba="0,1" hai="1,2,3,37,38,39,62,64,70,78,79,84,88,92" machi="37" ten="50,12000,1" yaku="1,1,52,2,54,1,53,0" doraHai="75" doraHaiUra="7" who="0" fromWho="3" sc="240,130,250,0,250,0,250,-120" /><INIT seed="0,1,0,5,3,58" ten="370,250,250,130" oya="0" hai0="121,122,34,109,118,0,14,106,2,124,76,81,33" hai1="31,79,52,21,126,103,44,4,56,61,28,9,65" hai2="131,53,114,117,50,51,25,112,64,86,133,7,91" hai3="77,66,32,24,19,82,47,38,115,123,93,78,49"/><T3/><D118/><U60/><E126/><V20/><F117/><W99/><G38/><T105/><D14/><U16/><E79/><V102/><F102/><W87/><G115/><T70/><D124/><U13/><E44/><V125/><F125/><W72/><G123/><N who="0" m="47115" /><D109/><U89/><E89/><V132/><F7/><W36/><G36/><T57/><D57/><N who="1" m="37039" /><E103/><V128/><F64/><W97/><G66/><T5/><D5/><U73/><E73/><V134/><F91/><W27/><G32/><N who="0" m="12395" /><D70/><U75/><E75/><AGARI ba="1,0" hai="0,2,3,75,76,81,105,106" m="12395,47115" machi="75" ten="40,2000,0" yaku="23,1" doraHai="58" who="0" fromWho="1" sc="370,23,250,-23,250,0,130,0" /><INIT seed="0,2,0,2,5,54" ten="393,227,250,130" oya="0" hai0="3,66,121,37,127,134,106,46,29,74,50,63,68" hai1="31,67,24,86,41,80,22,32,115,84,9,38,104" hai2="23,48,59,132,21,128,126,93,130,17,76,123,28" hai3="78,26,39,77,4,83,11,27,122,111,119,62,42"/><T25/><D106/><U60/><E104/><V110/><F123/><W79/><G119/><T133/><D74/><U112/><E9/><V99/><F110/><W61/><G122/><T135/><D3/><U75/><E75/><V47/><F76/><W100/><G100/><T92/><D121/><U125/><E125/><V109/><F109/><W36/><G111/><T53/><D127/><U20/><E41/><V58/><F28/><W16/><G83/><T71/><D92/><U43/><E43/><N who="2" m="24703" /><F126/><W102/><G102/><T1/><D1/><U52/><E38/><V88/><F23/><W14/><G42/><N who="0" m="22863" /><D25/><N who="3" m="9225" /><G39/><T81/><D81/><U131/><E131/><N who="2" m="50219" /><F132/><W49/><G36/><T34/><D29/><U51/><E115/><V117/><F117/><W19/><G49/><T18/><D18/><AGARI ba="2,0" hai="4,11,14,16,18,19,61,62,77,78,79" m="9225" machi="18" ten="30,2000,0" yaku="8,1,54,1" doraHai="54" who="3" fromWho="0" sc="393,-26,227,0,250,0,130,26" /><INIT seed="1,0,0,2,3,23" ten="367,227,250,156" oya="1" hai0="119,21,97,12,76,82,15,2,43,104,7,84,85" hai1="70,115,13,103,117,33,118,133,18,89,72,16,1" hai2="57,101,68,73,47,62,34,9,66,65,27,20,80" hai3="121,8,129,124,29,83,78,35,50,114,45,56,30"/><U37/><E115/><V91/><F101/><W88/><G114/><T28/><D119/><U4/><E70/><V125/><F125/><W39/><G124/><T6/><D43/><U38/><E72/><V100/><F100/><W108/><G121/><T102/><D85/><U110/><E33/><V126/><F126/><W36/><G108/><T61/><D61/><U53/><E110/><V95/><F34/><W69/><G69/><T48/><D48/><U3/><E103/><V87/><F9/><W46/><G129/><T128/><D128/><U54/><E13/><V42/><F68/><W135/><G78/><T63/><D63/><U11/><E11/><V41/><F66/><W17/><G135/><T52/><D52/><U32/><E32/><V25/><F42/><W120/><G8/><T59/><D59/><U60/><E60/><V132/><F132/><W92/><G17/><T26/><REACH who="0" step="1"/><D2/><REACH who="0" ten="357,227,250,156" step="2"/><U77/><E133/><V113/><F41/><W24/><G56/><T96/><D96/><U94/><E1/><V127/><F57/><W81/><G50/><T49/><D49/><U130/><E3/><V122/><F62/><W79/><G45/><T22/><D22/><U75/><E117/><V64/><F20/><W55/><G46/><T14/><AGARI ba="0,1" hai="6,7,12,14,15,21,26,28,76,82,84,97,102,104" machi="14" ten="30,4000,0" yaku="1,1,0,1,52,1,53,0" doraHai="23" doraHaiUra="5" who="0" fromWho="0" sc="357,50,227,-20,250,-10,156,-10" /><INIT seed="2,0,0,2,1,9" ten="407,207,240,146" oya="2" hai0="74,10,124,36,116,95,129,60,21,94,111,39,66" hai1="23,46,6,119,101,48,57,3,109,58,35,14,22" hai2="121,16,97,127,100,63,4,47,93,73,87,89,5" hai3="54,115,18,11,122,84,59,20,92,2,30,117,38"/><V76/><F121/><W78/><G38/><T98/><D111/><U130/><E35/><V50/><F127/><W32/><G117/><T91/><D124/><U86/><E119/><V110/><F110/><W75/><G75/><T51/><D116/><U19/><E109/><V114/><F114/><W62/><G122/><T56/><D129/><U90/><E130/><V67/><F73/><W27/><G115/><T107/><D107/><U69/><E69/><V99/><F76/><W13/><G92/><T64/><D74/><U133/><E133/><V88/><F99/><W77/><REACH who="3" step="1"/><G84/><REACH who="3" ten="407,207,240,136" step="2"/><T8/><D95/><U65/><E86/><V26/><F87/><W118/><G118/><T17/><D39/><U15/><E3/><V105/><F105/><W131/><G131/><T61/><D36/><U104/><E104/><V0/><F0/><W1/><G1/><T102/><D102/><U113/><E101/><V29/><F100/><W45/><G45/><T43/><D98/><U106/><E106/><V132/><F97/><W81/><G81/><T41/><D94/><U85/><E85/><V80/><F80/><W79/><G79/><T112/><D91/><U96/><E90/><V123/><F123/><W135/><G135/><T72/><D72/><U70/><E96/><V83/><F83/><W82/><G82/><T44/><D112/><U12/><E113/><V103/><F103/><W37/><G37/><T7/><D44/><U128/><E128/><V49/><F93/><W28/><G28/><T31/><D31/><U25/><E46/><V55/><F89/><W24/><G24/><RYUUKYOKU ba="0,1" sc="407,-10,207,-10,240,-10,136,30" hai3="2,11,13,18,20,27,30,32,54,59,62,77,78" /><INIT seed="3,1,1,0,0,77" ten="397,197,230,166" oya="3" hai0="66,1,116,6,130,42,101,0,35,34,28,30,84" hai1="60,55,113,13,26,106,128,2,40,52,11,59,67" hai2="4,62,88,51,96,54,71,85,69,27,124,114,103" hai3="118,21,45,81,57,119,109,38,10,9,98,79,105"/><W91/><G21/><T22/><D116/><N who="3" m="44585" /><G10/><T5/><D130/><U123/><E123/><V61/><F114/><W127/><G57/><T25/><D84/><U80/><E113/><V8/><F27/><W48/><G48/><T50/><D101/><U44/><E106/><V82/><F71/><W24/><G24/><N who="0" m="18759" /><D50/><N who="1" m="26887" /><E2/><N who="0" m="1129" /><D66/><U90/><E128/><V111/><F69/><W63/><G63/><T87/><D87/><N who="1" m="50535" /><E26/><V68/><F68/><W58/><G58/><T112/><D42/><U36/><E36/><V12/><F62/><W92/><G105/><T76/><D76/><U104/><E104/><V121/><F61/><W132/><G127/><T122/><D122/><U31/><E31/><V20/><F124/><W93/><G132/><T46/><D46/><U107/><E107/><V83/><F121/><W7/><G109/><T14/><D112/><U32/><E32/><V100/><F111/><W108/><G108/><T19/><AGARI ba="1,1" hai="5,6,14,19,22,25,28,35" m="1129,18759" machi="19" ten="30,8000,1" yaku="35,5" doraHai="77" who="0" fromWho="0" sc="397,93,197,-21,230,-21,166,-41" /><INIT seed="4,0,0,2,0,42" ten="490,176,209,125" oya="0" hai0="25,90,95,76,7,80,13,41,63,118,99,33,44" hai1="100,102,16,50,73,6,57,123,64,20,110,46,116" hai2="132,36,0,104,124,127,40,38,112,1,58,56,86" hai3="134,98,133,128,43,4,66,22,28,117,34,45,121"/><T75/><D118/><U53/><E110/><V74/><F74/><W114/><G34/><T67/><D33/><U68/><E123/><V88/><F104/><W115/><G4/><T2/><D25/><U97/><E116/><V15/><F15/><W11/><G117/><T94/><D13/><U18/><E73/><V135/><F1/><W91/><G11/><T39/><D63/><N who="1" m="37999" /><E68/><V103/><F103/><N who="1" m="39465" /><E6/><V24/><F24/><N who="3" m="16407" /><G66/><T12/><D12/><N who="1" m="9223" /><E18/><V26/><F0/><W29/><G29/><T131/><D67/><U59/><E97/><V96/><F96/><W30/><G30/><T62/><D62/><U82/><E82/><N who="2" m="49239" /><F26/><W52/><G121/><T14/><D14/><U130/><E130/><V48/><F36/><N who="3" m="21735" /><G128/><T101/><D131/><U17/><E17/><V122/><F38/><W61/><G98/><T70/><D70/><U65/><E65/><V81/><F81/><W55/><G91/><T92/><REACH who="0" step="1"/><D101/><REACH who="0" ten="480,176,209,125" step="2"/><U108/><E108/><V125/><F122/><W31/><G61/><T109/><D109/><U27/><E27/><V23/><F23/><W8/><G31/><T79/><D79/><U5/><E5/><V111/><F111/><W78/><G78/><T113/><D113/><N who="3" m="43017" /><G8/><AGARI ba="0,1" hai="2,7,8,39,41,44,75,76,80,90,92,94,95,99" machi="8" ten="40,12000,1" yaku="1,1,25,2,52,1,53,0" doraHai="42" doraHaiUra="49" who="0" fromWho="3" sc="480,130,176,0,209,0,125,-120" /><INIT seed="4,1,0,4,2,43" ten="610,176,209,5" oya="0" hai0="68,94,129,48,26,1,73,37,30,105,54,99,112" hai1="39,31,71,35,20,135,49,92,57,36,13,14,75" hai2="60,50,107,95,0,118,103,44,76,131,11,96,123" hai3="9,90,47,114,61,53,130,125,132,8,32,78,22"/><T100/><D73/><U19/><E71/><V101/><F123/><W77/><G32/><T81/><D37/><U56/><E75/><V111/><F111/><W67/><G114/><T12/><D1/><U7/><E135/><V28/><F28/><W55/><G132/><T72/><D68/><U24/><E92/><V25/><F25/><W46/><G130/><T21/><D112/><U98/><E98/><V74/><F131/><W59/><G125/><T116/><D116/><U10/><REACH who="1" step="1"/><E49/><REACH who="1" ten="610,166,209,5" step="2"/><V18/><F74/><W124/><G124/><T93/><D129/><U122/><E122/><V17/><F95/><W134/><G134/><T33/><D94/><U102/><E102/><V127/><F101/><W38/><G38/><AGARI ba="1,1" hai="7,10,13,14,19,20,24,31,35,36,38,39,56,57" machi="38" ten="40,1300,0" yaku="1,1,53,0" doraHai="43" doraHaiUra="104" who="1" fromWho="3" sc="610,0,166,26,209,0,5,-16" owari="610,71.0,192,-21.0,209,1.0,-11,-51.0" /></mjloggm>