<mjloggm ver="2.3"><GO type="169" lobby="0"/><UN n0="%E3%83%88%E3%83%88%E3%83%AA%E5%85%88%E7%94%9F%31%39%E6%AD%B3" n1="%67%6F%6D%75" n2="%E3%81%A1%E3%81%AA%E3%81%A4%E7%84%A1%E5%8F%8C%EF%BC%81" n3="%E3%83%A4%E3%82%AD%E3%83%B3" dan="18,16,16,17" rate="2279.68,2044.58,2121.68,2190.57" sx="F,M,M,M"/><TAIKYOKU oya="0"/><INIT seed="0,0,0,3,0,54" ten="250,250,250,250" oya="0" hai0="107,102,128,63,118,26,47,14,34,88,84,114,132" hai1="117,106,115,48,81,33,87,130,124,12,18,49,67" hai2="4,61,64,135,76,39,7,97,100,62,122,82,83" hai3="86,70,45,101,113,19,51,90,119,43,6,3,129"/><T79/><D114/><U10/><E117/><V31/><F122/><W77/><G119/><T95/><D118/><U96/><E115/><V109/><F39/><W53/><G113/><T73/><D128/><U123/><E123/><V68/><F109/><W60/><G101/><T99/><D132/><U66/><E33/><V89/><F135/><W52/><G77/><T112/><D112/><U35/><E35/><V134/><F134/><W59/><G70/><T37/><D14/><U5/><E124/><V24/><F89/><W1/><G6/><T80/><D63/><U125/><E125/><V27/><F27/><W42/><G129/><T127/><D127/><U72/><E72/><V108/><F83/><W110/><G110/><T50/><D37/><U133/><E133/><V29/><F62/><W25/><G3/><T32/><D26/><U85/><E81/><V98/><F98/><W92/><G1/><T41/><AGARI ba="0,0" hai="32,34,41,47,50,73,79,80,84,88,95,99,102,107" machi="41" ten="20,12000,1" yaku="0,1,7,1,24,2,54,1" doraHai="54" who="0" fromWho="0" sc="250,120,250,-40,250,-40,250,-40" /><INIT seed="0,1,0,5,1,43" ten="370,210,210,210" oya="0" hai0="126,93,94,7,54,101,28,52,81,92,61,115,108" hai1="0,75,30,29,87,91,5,124,25,78,128,102,1" hai2="103,42,116,48,113,132,82,4,84,24,130,69,64" hai3="135,2,49,89,57,111,56,77,58,79,63,104,53"/><T60/><D115/><U65/><E124/><V97/><F113/><W131/><G2/><T90/><D126/><U36/><E36/><V105/><F130/><W21/><G104/><T37/><D37/><U34/><E65/><V35/><F132/><W100/><G100/><T9/><D108/><U32/><E102/><V123/><F123/><W18/><G135/><T12/><D101/><U134/><E134/><V125/><F125/><W44/><G131/><T74/><D28/><U55/><E128/><V121/><F121/><W16/><G111/><T13/><D74/><U70/><E70/><V72/><F72/><W11/><G89/><T67/><D12/><U117/><E78/><N who="3" m="29706" /><G11/><T129/><D129/><U15/><E75/><V109/><F109/><W19/><G21/><T39/><D39/><U46/><E117/><V31/><F116/><W85/><G85/><N who="0" m="50479" /><D67/><AGARI ba="1,0" hai="16,18,19,44,49,53,56,57,58,63,67" m="29706" machi="67" ten="30,3900,0" yaku="8,1,52,1,54,1" doraHai="43" who="3" fromWho="0" sc="370,-42,210,0,210,0,210,42" /><INIT seed="1,0,0,5,2,68" ten="328,210,210,252" oya="1" hai0="38,45,64,87,37,74,129,82,36,81,49,29,31" hai1="103,8,89,85,24,73,75,97,46,77,12,62,10" hai2="122,124,113,55,127,5,109,7,102,134,67,22,59" hai3="78,70,76,128,88,15,23,117,44,100,101,40,27"/><U90/><E62/><V105/><F122/><W26/><G70/><T121/><D121/><U41/><E24/><V112/><F109/><W17/><G128/><T104/><D104/><U56/><E56/><V6/><F134/><W65/><G65/><T53/><D129/><U3/><E3/><V94/><F105/><W93/><G117/><T14/><D64/><U132/><E132/><V79/><F67/><W25/><G76/><T61/><D61/><U126/><E126/><N who="2" m="48171" /><F79/><W42/><G78/><T111/><D74/><U120/><E120/><V91/><F102/><W19/><G19/><T0/><D0/><U80/><E75/><V72/><F22/><W114/><G114/><N who="2" m="44137" /><F72/><W96/><REACH who="3" step="1"/><G42/><REACH who="3" ten="328,210,210,242" step="2"/><T13/><D111/><U115/><E115/><V32/><F7/><W108/><G108/><T63/><D29/><U118/><E41/><V30/><F30/><W135/><G135/><T130/><D31/><U20/><E77/><V34/><F5/><W54/><G54/><T107/><D130/><U33/><E73/><V60/><F6/><W95/><G95/><T119/><D107/><U35/><E118/><V50/><F60/><W110/><G110/><T99/><D119/><U131/><E131/><V116/><F116/><W98/><G98/><AGARI ba="0,1" hai="32,34,50,55,59,91,94,98" m="44137,48171" machi="98" ten="30,2000,0" yaku="18,1,11,1" doraHai="68" who="2" fromWho="3" sc="328,0,210,0,210,30,242,-20" /><INIT seed="2,0,0,4,2,117" ten="328,210,240,222" oya="2" hai0="21,96,69,0,121,110,11,120,32,56,70,1,2" hai1="107,57,71,123,18,108,79,92,39,94,130,26,114" hai2="81,58,23,30,73,122,45,36,9,119,93,15,131" hai3="25,77,115,10,82,76,86,98,134,78,127,13,85"/><V66/><F119/><W28/><G127/><T129/><D32/><U95/><E114/><V35/><F35/><W42/><G115/><T41/><D11/><U4/><E71/><N who="0" m="27145" /><D21/><U104/><E108/><V19/><F131/><W80/><G134/><T91/><D91/><U52/><E130/><V7/><F122/><N who="0" m="47210" /><D129/><U63/><E39/><V67/><F93/><W27/><G78/><T132/><D56/><U105/><E123/><V88/><F58/><W34/><G98/><T17/><D17/><U50/><E4/><V83/><F30/><W29/><G42/><T16/><D16/><U102/><E79/><N who="2" m="44271" /><F88/><W60/><G29/><T37/><D96/><U53/><E18/><V12/><F12/><W68/><G34/><T113/><D113/><U84/><E26/><V106/><F23/><W62/><G68/><T33/><D33/><U55/><E104/><V116/><F106/><W5/><G28/><T59/><D59/><U101/><E105/><V14/><F19/><W128/><G128/><T8/><D8/><U65/><E107/><V51/><F9/><W135/><G10/><T22/><D22/><U133/><E57/><V89/><F89/><W74/><G13/><T100/><D100/><U48/><E102/><V112/><F15/><W64/><G5/><T31/><D31/><U125/><E101/><V61/><F7/><W47/><G27/><T97/><D97/><U6/><E6/><V49/><F112/><W118/><G25/><T111/><D132/><U20/><E133/><V126/><F116/><W46/><G118/><T3/><N who="0" m="0" /><DORA hai="75" /><T44/><AGARI ba="0,0" hai="37,41,44,110,111" m="0,47210,27145" machi="44" ten="70,8000,1" yaku="4,1,23,1,52,3" doraHai="117,75" who="0" fromWho="0" sc="328,80,210,-20,240,-40,222,-20" /><INIT seed="3,0,0,0,2,69" ten="408,190,200,202" oya="3" hai0="85,72,46,59,90,114,107,25,53,1,55,34,50" hai1="98,4,63,52,28,132,47,74,104,96,29,11,68" hai2="67,113,86,19,42,94,88,125,6,15,44,123,24" hai3="131,40,83,124,60,10,57,2,128,35,111,30,22"/><W110/><G35/><T81/><D1/><U65/><E132/><V102/><F113/><W118/><G118/><T95/><D107/><U89/><E74/><V54/><F125/><W119/><G119/><T26/><D114/><U116/><E116/><V135/><F135/><W100/><G100/><T8/><D34/><U115/><E115/><V122/><F67/><W99/><G99/><N who="0" m="57847" /><D8/><U108/><E108/><N who="3" m="41514" /><G124/><T103/><D72/><U3/><E104/><V7/><F102/><W70/><G70/><T117/><D103/><U93/><REACH who="1" step="1"/><E98/><REACH who="1" ten="408,180,200,202" step="2"/><V82/><F123/><W109/><G109/><T126/><D117/><U23/><E23/><V87/><F122/><W36/><G22/><T14/><D126/><U20/><E20/><V121/><F121/><W71/><G30/><T61/><D14/><U17/><E17/><V12/><F19/><W41/><G2/><T43/><D26/><U13/><E13/><V91/><F24/><W38/><G10/><T80/><D25/><U64/><E64/><V112/><F112/><W5/><G5/><T76/><D80/><U84/><E84/><V27/><F27/><W51/><G83/><T58/><D85/><U16/><E16/><V18/><F15/><W79/><G131/><T133/><D133/><U56/><E56/><V75/><F75/><W106/><G128/><T49/><D81/><U37/><E37/><N who="3" m="14442" /><G106/><T129/><D129/><U0/><E0/><V66/><F6/><W21/><G21/><T97/><D97/><U77/><E77/><AGARI ba="0,1" hai="43,46,49,50,53,55,58,59,61,76,77" m="57847" machi="77" ten="30,1000,0" yaku="8,1" doraHai="69" who="0" fromWho="1" sc="408,20,180,-10,200,0,202,0" /><INIT seed="4,0,0,3,1,35" ten="428,170,200,202" oya="0" hai0="108,103,51,114,29,113,107,11,32,24,73,52,81" hai1="56,5,15,129,116,104,99,93,1,112,80,12,124" hai2="109,110,50,39,40,46,34,75,28,38,94,72,125" hai3="31,60,82,102,66,64,47,90,7,25,122,88,117"/><T10/><D108/><U68/><E116/><V8/><F125/><W0/><G117/><T118/><D118/><U54/><E68/><V42/><F94/><W120/><G102/><T43/><D43/><U59/><E124/><V131/><F131/><W20/><G47/><T48/><D48/><U2/><E104/><V106/><F106/><W71/><G66/><T67/><D67/><U26/><E129/><V92/><F92/><W22/><G22/><T126/><D126/><U130/><E130/><V13/><F75/><W134/><G134/><T76/><D103/><U86/><E26/><V18/><F72/><W127/><G127/><T16/><D107/><U9/><E15/><V53/><F28/><W45/><G45/><T123/><D123/><N who="3" m="47145" /><G82/><T55/><D55/><U115/><E86/><V63/><F34/><W21/><G21/><N who="0" m="13351" /><D29/><U30/><E30/><V27/><F110/><W79/><G79/><T58/><D32/><U132/><E80/><V98/><F109/><W61/><G61/><T85/><D73/><U37/><E37/><V135/><F135/><W95/><G95/><T78/><D78/><U77/><E77/><V74/><F74/><W65/><G65/><T83/><D83/><U62/><E59/><N who="2" m="35311" /><F38/><W23/><G23/><T89/><D76/><U49/><E62/><V6/><F39/><W84/><G84/><T41/><D41/><U121/><E121/><V87/><F87/><W14/><G14/><T44/><D44/><U119/><E132/><V111/><F111/><W128/><G128/><T100/><D100/><N who="1" m="60527" /><E119/><V97/><F42/><W133/><G133/><RYUUKYOKU ba="0,0" sc="428,0,170,0,200,0,202,0" hai0="10,11,51,52,58,81,85,89,113,114" hai1="1,2,5,9,12,49,54,56,112,115" hai2="6,8,13,18,27,40,46,50,97,98" hai3="0,7,20,25,31,60,64,71,88,90" /><INIT seed="4,1,0,1,5,31" ten="428,170,200,202" oya="0" hai0="30,123,2,13,3,134,54,101,23,70,81,38,7" hai1="44,85,48,124,58,78,21,17,120,37,117,62,89" hai2="34,52,50,35,9,104,53,63,41,0,105,88,83" hai3="71,4,74,32,45,115,96,46,60,98,79,73,61"/><T80/><D123/><U110/><E110/><V112/><F112/><W102/><G4/><T122/><D122/><U135/><E120/><V103/><F41/><W55/><G115/><T128/><D38/><U75/><E117/><V100/><F63/><W90/><G79/><T5/><D70/><U24/><E135/><V66/><F66/><W82/><G71/><T125/><D101/><U86/><E124/><V94/><F83/><W22/><G32/><T92/><D92/><U36/><E75/><V106/><F53/><W113/><G113/><T99/><D99/><U87/><E89/><V107/><F100/><W8/><G8/><T39/><D30/><U26/><E78/><V47/><N who="2" m="27136" /><DORA hai="65" /><V11/><F103/><W69/><G69/><T18/><D54/><U119/><E26/><V51/><F51/><W25/><G74/><T42/><D128/><U95/><E95/><V133/><F133/><W91/><G73/><T84/><D81/><U72/><E72/><V49/><F49/><W14/><G82/><T27/><D125/><U43/><REACH who="1" step="1"/><E119/><REACH who="1" ten="428,160,200,202" step="2"/><V67/><F94/><W111/><G102/><T28/><D134/><U129/><E129/><V10/><F88/><W76/><G76/><T116/><D116/><U20/><E20/><V126/><F126/><W29/><G111/><T1/><D80/><U114/><E114/><V15/><F34/><W118/><G118/><T109/><D109/><U131/><E131/><V56/><F35/><W64/><G91/><T130/><D130/><U77/><E77/><V97/><F97/><W19/><G90/><T6/><D23/><RYUUKYOKU ba="1,1" sc="428,-10,160,30,200,-10,202,-10" hai1="17,21,24,36,37,43,44,48,58,62,85,86,87" /><INIT seed="5,2,1,1,4,49" ten="418,190,190,192" oya="1" hai0="28,64,117,43,20,72,15,0,19,34,54,131,130" hai1="68,84,127,39,41,88,9,11,85,82,4,35,94" hai2="104,70,26,109,8,14,111,42,6,91,76,23,58" hai3="100,93,79,37,48,81,59,53,80,126,78,75,60"/><U134/><E127/><V63/><F70/><W98/><G37/><T30/><D117/><U97/><E134/><V106/><F76/><W73/><G126/><T110/><D72/><U27/><E68/><V25/><F42/><W24/><G24/><T67/><D110/><U56/><E56/><V90/><F26/><W107/><REACH who="3" step="1"/><G48/><REACH who="3" ten="418,190,190,182" step="2"/><T95/><D130/><U12/><E27/><V122/><F111/><W55/><G55/><T36/><D54/><U119/><E119/><V66/><F109/><W132/><G132/><T50/><D36/><U87/><E35/><V121/><F121/><W74/><G74/><T65/><D50/><U102/><REACH who="1" step="1"/><E11/><REACH who="1" ten="418,180,190,182" step="2"/><V108/><F108/><W135/><G135/><T38/><D34/><U32/><E32/><V57/><F8/><W69/><G69/><T29/><D131/><U89/><E89/><V129/><F91/><W118/><G118/><T52/><D20/><U1/><E1/><V101/><F90/><W96/><G96/><T44/><D0/><U115/><E115/><V120/><F129/><W99/><G99/><T46/><D15/><U128/><E128/><V62/><F122/><W31/><G31/><T105/><D29/><U133/><E133/><V61/><F120/><W123/><G123/><T124/><D30/><U18/><E18/><V40/><F25/><W77/><G77/><T16/><D19/><U7/><E7/><V13/><F6/><W5/><G5/><T112/><D16/><U114/><E114/><V116/><F116/><W17/><G17/><T103/><D112/><U45/><AGARI ba="2,3" hai="4,9,12,39,41,45,82,84,85,87,88,94,97,102" machi="45" ten="30,11700,0" yaku="1,1,0,1,54,1,53,1" doraHai="49" doraHaiUra="86" who="1" fromWho="1" sc="418,-41,180,153,190,-41,182,-41" /><INIT seed="5,3,0,3,4,80" ten="377,333,149,141" oya="1" hai0="30,56,79,113,10,76,38,20,109,25,123,36,61" hai1="112,16,46,69,53,83,72,58,95,128,100,39,49" hai2="124,54,114,103,24,134,62,94,127,5,57,64,67" hai3="23,88,47,52,31,68,98,14,92,65,84,89,43"/><U132/><E128/><V41/><F134/><W96/><G68/><T40/><D109/><U81/><E112/><V120/><F120/><W110/><G110/><T117/><D117/><U91/><E132/><V37/><F5/><W90/><G65/><T42/><D113/><U86/><E69/><V99/><F114/><W77/><G77/><N who="0" m="29771" /><D38/><U11/><E72/><V1/><F1/><W82/><G43/><T126/><D36/><U116/><E116/><V107/><F24/><N who="3" m="16799" /><G14/><T119/><D126/><N who="2" m="48170" /><F107/><W85/><G89/><T9/><D123/><U17/><E100/><V45/><AGARI ba="3,0" hai="37,41,45,54,57,62,64,67,94,99,103" m="48170" machi="45" ten="30,1100,0" yaku="18,1" doraHai="80" who="2" fromWho="2" sc="377,-6,333,-8,149,20,141,-6" /><INIT seed="6,0,0,0,5,20" ten="371,325,169,135" oya="2" hai0="37,122,134,78,95,101,70,125,85,104,40,79,60" hai1="10,55,44,71,9,65,47,68,42,89,80,128,97" hai2="56,4,94,38,105,12,11,118,48,19,83,108,6" hai3="111,99,33,135,35,58,45,67,72,66,109,123,113"/><V92/><F38/><W73/><G123/><T61/><D122/><U30/><E128/><V25/><F105/><W81/><G135/><T130/><D37/><U54/><E30/><V98/><F118/><W57/><G99/><T69/><D40/><U88/><E80/><V74/><F108/><W110/><G81/><T46/><D46/><U133/><E97/><V129/><F129/><W2/><G2/><T132/><D130/><U64/><REACH who="1" step="1"/><E42/><REACH who="1" ten="371,315,169,135" step="2"/><V119/><F98/><W16/><G111/><T114/><D134/><AGARI ba="0,1" hai="9,10,44,47,54,55,64,65,68,71,88,89,133,134" machi="134" ten="25,12000,2" yaku="1,1,2,1,22,2,54,1,53,2" doraHai="20" doraHaiUra="63" who="1" fromWho="0" sc="371,-120,315,130,169,0,135,0" /><INIT seed="7,0,0,3,1,92" ten="251,445,169,135" oya="3" hai0="65,43,11,88,31,66,82,15,38,115,89,103,46" hai1="108,72,76,41,4,77,7,22,122,114,19,96,5" hai2="2,59,9,95,83,107,35,75,18,1,119,52,56" hai3="98,79,102,55,74,135,24,91,26,70,99,69,53"/><W27/><G79/><T58/><D115/><U34/><E108/><V124/><F107/><W47/><G74/><T39/><D39/><U78/><E122/><V14/><F35/><W29/><G135/><T73/><D103/><U117/><E117/><V57/><F119/><W32/><G70/><T85/><D73/><U86/><E114/><V60/><F124/><W101/><G69/><T0/><D0/><U120/><E34/><V87/><F75/><W28/><G91/><T71/><D71/><U12/><E120/><V51/><F95/><W111/><G111/><T90/><D31/><N who="3" m="11849" /><G32/><T118/><D118/><U21/><E72/><V13/><F13/><W126/><G126/><T127/><D127/><U6/><E78/><V3/><REACH who="2" step="1"/><F60/><REACH who="2" ten="251,445,159,135" step="2"/><W130/><G130/><T84/><D84/><U93/><E77/><AGARI ba="0,1" hai="1,2,3,9,14,18,51,52,56,57,59,77,83,87" machi="77" ten="40,5200,0" yaku="1,1,2,1,54,1,53,0" doraHai="92" doraHaiUra="23" who="2" fromWho="1" sc="251,0,445,-52,159,62,135,0" owari="251,5.0,393,49.0,221,-18.0,135,-36.0" /></mjloggm>