<mjloggm ver="2.3"><GO type="169" lobby="0"/><UN n0="%38%37%73%65%66" n1="%E3%82%A6%E3%83%AB%E3%83%88%E3%83%A9%E7%AB%8B%E7%9B%B4" n2="%E5%88%87%E3%82%8A%E6%9C%AD" n3="%E3%82%B7%E3%83%B3%E3%83%87%E3%83%AB%E3%83%A9" dan="16,17,17,17" rate="2104.00,2143.50,2151.07,2134.04" sx="M,M,M,F"/><TAIKYOKU oya="0"/><INIT seed="0,0,0,4,3,120" ten="250,250,250,250" oya="0" hai0="113,25,9,105,80,85,22,6,112,45,111,125,5" hai1="86,39,72,130,41,88,109,124,27,133,18,4,131" hai2="115,129,31,110,34,8,101,19,29,17,114,92,104" hai3="54,91,44,69,79,108,70,132,73,123,74,23,117"/><T10/><D105/><U50/><E72/><V30/><F104/><W82/><G117/><T89/><D125/><U126/><E39/><V121/><F101/><W38/><G123/><T0/><D45/><N who="1" m="25903" /><E4/><V66/><F121/><W84/><G132/><T118/><D118/><U116/><E116/><V122/><F122/><W24/><G108/><T56/><D56/><U59/><E59/><V83/><F92/><W20/><G20/><T93/><D80/><U128/><E109/><V53/><F66/><W65/><G73/><T61/><D61/><U48/><E48/><V14/><F110/><W90/><G65/><T98/><D98/><U12/><E27/><V36/><F36/><W100/><G100/><T57/><D57/><U58/><E58/><V96/><F96/><W51/><G38/><T75/><D75/><U71/><E71/><V67/><F67/><W87/><G74/><T134/><D134/><U81/><E133/><V28/><F83/><W78/><G70/><T99/><D99/><U3/><E3/><V11/><F53/><W68/><G68/><T33/><D33/><U107/><E107/><V127/><F127/><W1/><G1/><T46/><D46/><U119/><E119/><V94/><F94/><N who="3" m="54599" /><G69/><T77/><D111/><U60/><E60/><V47/><F47/><W26/><G26/><T106/><D106/><U37/><E37/><V16/><F129/><N who="1" m="33025" /><U62/><DORA hai="21" /><E62/><V95/><F95/><W40/><G40/><T102/><D93/><U97/><E97/><V2/><F2/><W55/><G55/><T32/><D0/><U7/><E126/><RYUUKYOKU ba="0,0" sc="250,-10,250,-10,250,-10,250,30" hai3="23,24,44,51,54,78,79,82,87,91" /><INIT seed="1,1,0,2,1,78" ten="240,240,240,280" oya="1" hai0="113,127,115,49,50,85,15,70,36,108,89,112,14" hai1="135,93,94,95,45,92,129,28,57,4,87,126,55" hai2="125,131,74,3,23,117,114,7,11,86,83,103,54" hai3="62,2,81,31,73,66,124,110,39,37,96,105,100"/><U91/><E129/><V17/><F131/><W134/><G110/><T123/><D36/><U77/><E126/><V122/><F125/><W69/><G124/><T111/><D127/><U47/><E135/><V132/><F132/><W118/><G134/><T46/><D70/><U79/><E28/><V1/><F117/><W109/><G109/><N who="0" m="42059" /><D123/><U72/><E4/><V88/><F122/><W35/><G118/><T44/><D89/><U107/><E107/><V48/><F103/><W22/><G22/><T76/><D85/><U82/><REACH who="1" step="1"/><E79/><REACH who="1" ten="240,230,240,280" step="2"/><V133/><F133/><W33/><G33/><T120/><D76/><U60/><AGARI ba="1,1" hai="45,47,55,57,60,72,77,82,87,91,92,93,94,95" machi="60" ten="30,11700,0" yaku="1,1,2,1,0,1,52,1,53,0" doraHai="78" doraHaiUra="102" who="1" fromWho="1" sc="240,-40,230,130,240,-40,280,-40" /><INIT seed="1,2,0,4,1,64" ten="200,360,200,240" oya="1" hai0="115,103,121,30,104,98,0,15,26,83,69,128,60" hai1="47,22,66,127,78,129,133,6,79,75,91,112,87" hai2="51,95,90,86,25,125,12,85,10,46,37,29,135" hai3="65,3,28,21,100,4,84,71,18,63,53,122,17"/><U72/><E6/><V16/><F125/><W123/><G100/><T120/><D115/><U44/><E66/><V56/><F135/><W97/><G97/><T109/><D0/><U45/><E112/><V108/><F108/><W92/><G28/><T49/><D128/><U14/><E129/><V9/><F37/><W19/><G53/><T62/><D109/><U124/><E133/><V57/><F10/><W42/><G42/><T54/><D83/><U5/><E5/><V126/><F86/><W23/><G92/><T119/><D15/><U118/><E118/><V80/><F95/><W74/><G74/><T1/><D1/><U130/><E130/><V131/><F126/><N who="1" m="48169" /><E79/><V134/><F134/><W68/><G84/><T102/><D102/><U58/><E58/><V31/><F31/><W114/><G114/><T2/><D2/><U39/><E78/><V105/><F105/><W33/><G33/><N who="0" m="20695" /><D62/><U48/><E48/><V76/><F76/><W13/><G71/><T55/><D119/><U70/><E70/><V38/><F38/><W110/><G110/><T35/><D35/><U77/><E39/><V59/><F131/><W50/><G50/><T41/><D49/><U93/><E77/><V20/><REACH who="2" step="1"/><F59/><REACH who="2" ten="200,360,190,240" step="2"/><W52/><G68/><T11/><D69/><U106/><E106/><V34/><F34/><W82/><G82/><T43/><D104/><U7/><E22/><V99/><F99/><W101/><G23/><T96/><D96/><U117/><E117/><V36/><F36/><W89/><G21/><T32/><D32/><U8/><AGARI ba="2,1" hai="7,8,14,44,45,47,72,75,87,91,93" m="48169" machi="8" ten="40,2100,0" yaku="18,1" doraHai="64" who="1" fromWho="1" sc="200,-9,360,37,190,-9,240,-9" /><INIT seed="1,3,0,4,4,102" ten="191,397,181,231" oya="1" hai0="57,14,115,6,13,87,116,68,3,72,47,118,37" hai1="119,85,110,31,73,84,15,114,59,88,131,130,128" hai2="126,20,78,92,111,71,103,125,10,83,1,46,50" hai3="8,32,33,67,65,91,55,44,101,86,109,120,99"/><U11/><E73/><V100/><F111/><W82/><G120/><T108/><D87/><U112/><E119/><V38/><F71/><W127/><G109/><T105/><D57/><U75/><E75/><N who="2" m="43487" /><F20/><W17/><G127/><N who="2" m="48649" /><F38/><W69/><G69/><T51/><D37/><U19/><E110/><V42/><F92/><N who="3" m="58599" /><G33/><T61/><D72/><U104/><E31/><V77/><F77/><W4/><G4/><AGARI ba="3,0" hai="1,4,10,42,46,50,100,103" m="48649,43487" machi="4" ten="30,1000,0" yaku="18,1" doraHai="102" who="2" fromWho="3" sc="191,0,397,0,181,19,231,-19" /><INIT seed="2,0,0,5,1,85" ten="191,397,200,212" oya="2" hai0="76,121,109,104,98,73,70,114,30,127,7,72,101" hai1="90,5,95,117,120,32,63,62,83,29,36,112,3" hai2="8,25,4,60,131,39,91,105,22,35,59,74,130" hai3="23,64,82,27,20,45,13,87,0,10,1,102,66"/><V100/><F74/><W108/><G108/><T6/><D114/><U38/><E83/><V57/><F39/><W118/><G118/><T33/><D121/><U126/><E117/><V110/><F35/><W15/><G102/><T40/><D6/><U88/><E5/><V50/><F110/><W84/><G82/><N who="0" m="45319" /><D40/><U28/><E95/><V134/><F134/><W16/><G45/><T49/><D49/><U42/><E42/><V122/><F122/><W128/><G128/><N who="2" m="49193" /><F100/><W48/><G48/><T86/><D7/><U135/><E126/><V54/><F105/><W56/><G56/><T80/><D70/><U11/><E32/><V43/><F43/><W92/><G92/><T119/><D30/><U44/><E135/><V89/><F22/><W77/><G77/><N who="0" m="44079" /><D33/><U65/><E38/><V68/><F25/><W69/><G27/><T18/><D18/><U103/><E36/><V12/><F68/><W96/><G69/><T9/><D9/><U71/><E11/><V111/><F111/><W31/><G10/><T132/><D109/><U24/><E71/><V14/><F14/><W99/><REACH who="3" step="1"/><G16/><REACH who="3" ten="191,397,200,202" step="2"/><T113/><D119/><U52/><E24/><V47/><F47/><W21/><G21/><T123/><D132/><U41/><E44/><V37/><F37/><W106/><G106/><T81/><D123/><U79/><E120/><V94/><F94/><W55/><G55/><AGARI ba="0,1" hai="4,8,12,50,54,55,57,59,60,89,91" m="49193" machi="55" ten="30,5800,0" yaku="19,1,52,2" doraHai="85" who="2" fromWho="3" sc="191,0,397,0,200,68,202,-58" /><INIT seed="2,1,0,4,3,98" ten="191,397,268,144" oya="2" hai0="127,86,129,100,56,32,93,73,90,34,43,59,0" hai1="70,35,7,80,112,45,110,22,14,91,130,74,51" hai2="42,33,111,55,17,114,28,84,117,135,72,29,18" hai3="119,37,94,4,128,6,47,54,44,38,13,81,79"/><V25/><F72/><W57/><G119/><T107/><D0/><U115/><E35/><V66/><F42/><W113/><G128/><T122/><D122/><U65/><E130/><V124/><F66/><W64/><G113/><T60/><D129/><U126/><E65/><V63/><F114/><W20/><G64/><T11/><D73/><U40/><E70/><V71/><F71/><W68/><G68/><T101/><D107/><U26/><E110/><V12/><F84/><N who="3" m="48191" /><G37/><T36/><D127/><U41/><E41/><V53/><F63/><W52/><G38/><T133/><D133/><U123/><E126/><V21/><F124/><W131/><G131/><T118/><D118/><U24/><E24/><N who="2" m="18599" /><F53/><N who="3" m="20587" /><G57/><T23/><D59/><U48/><E123/><V83/><F55/><W5/><G94/><T76/><D34/><U49/><E115/><V132/><F83/><W96/><G96/><T61/><D32/><U102/><E80/><V75/><F75/><W108/><G108/><T99/><D56/><U27/><E74/><V16/><F111/><W125/><G125/><T134/><D61/><U62/><E62/><V8/><F117/><W67/><G67/><T1/><D60/><U77/><E51/><V92/><F92/><W88/><G88/><T19/><D43/><U104/><E49/><V50/><F50/><W120/><G120/><T58/><D36/><U87/><E48/><V103/><F103/><N who="0" m="39498" /><D58/><U106/><E112/><V31/><F31/><W105/><G105/><T30/><D30/><N who="1" m="17751" /><E106/><V121/><F121/><W15/><G20/><T2/><D23/><U3/><E104/><RYUUKYOKU ba="1,0" sc="191,-15,397,-15,268,15,144,15" hai2="8,12,16,17,18,21,25,28,132,135" hai3="4,5,6,13,15,44,47" /><INIT seed="2,2,0,3,5,72" ten="176,382,283,159" oya="2" hai0="57,115,55,32,107,11,53,120,104,37,66,6,111" hai1="52,97,87,62,47,125,89,43,35,112,8,42,4" hai2="73,100,15,0,127,54,77,23,84,26,102,83,58" hai3="33,92,82,124,29,51,113,14,99,71,103,41,9"/><V79/><F127/><W45/><G124/><T85/><D32/><U13/><E35/><V38/><F0/><W46/><G113/><T50/><D37/><U86/><E112/><V121/><F38/><W93/><G71/><T128/><D120/><U44/><E125/><V36/><F36/><W117/><G117/><T1/><D115/><U16/><E4/><V105/><F121/><W48/><G82/><T12/><D111/><U91/><E97/><V131/><F131/><W69/><G69/><T61/><D128/><U2/><E2/><V65/><F65/><W56/><G56/><T98/><D98/><U20/><E20/><V68/><F68/><W30/><G92/><T132/><D132/><U7/><E7/><V70/><F15/><W40/><REACH who="3" step="1"/><G33/><REACH who="3" ten="176,382,283,149" step="2"/><T130/><D130/><U67/><E47/><V108/><F70/><W110/><G110/><T3/><D107/><U129/><E129/><V90/><F108/><W123/><G123/><T101/><D104/><U27/><E44/><V17/><F105/><W109/><G109/><T80/><D66/><U76/><E67/><V135/><F135/><W59/><G59/><T60/><D60/><U96/><E62/><N who="2" m="36183" /><F73/><W81/><G81/><T119/><D119/><U95/><E95/><V22/><F22/><W18/><AGARI ba="2,1" hai="9,14,18,29,30,40,41,45,46,48,51,93,99,103" machi="18" ten="20,8000,1" yaku="1,1,0,1,7,1,9,1,8,1,53,0" doraHai="72" doraHaiUra="21" who="3" fromWho="3" sc="176,-22,382,-22,283,-42,149,96" /><INIT seed="3,0,0,0,4,43" ten="154,360,241,245" oya="3" hai0="58,30,19,135,90,134,61,119,39,104,129,131,10" hai1="94,50,4,59,23,93,34,12,51,11,85,44,41" hai2="7,36,49,123,127,2,26,83,76,0,56,31,111" hai3="1,84,3,8,118,114,88,96,13,95,46,5,115"/><W122/><G118/><T14/><D104/><U65/><E34/><V6/><F111/><W55/><G122/><T109/><D119/><U103/><E103/><V67/><F36/><W126/><G126/><T22/><D109/><U29/><E85/><V125/><F123/><W52/><G96/><T75/><D75/><U100/><E100/><V133/><F133/><N who="0" m="50698" /><D39/><U81/><E81/><V72/><F67/><W101/><G101/><T9/><D90/><U124/><E124/><N who="2" m="47691" /><F56/><W33/><G33/><T89/><D89/><U62/><E51/><V21/><F49/><W77/><G77/><T92/><D92/><U108/><E108/><V28/><F28/><W70/><G70/><T16/><D30/><U20/><E29/><V47/><F47/><W78/><G78/><T68/><D68/><U86/><E94/><V107/><F107/><W38/><G115/><T48/><D48/><U116/><E116/><V25/><F25/><W132/><G114/><T64/><D19/><U87/><E87/><V82/><F83/><W91/><G91/><AGARI ba="0,0" hai="4,11,12,20,23,41,44,50,59,62,65,86,91,93" machi="91" ten="40,2600,0" yaku="8,1,52,1" doraHai="43" who="1" fromWho="3" sc="154,0,360,26,241,0,245,-26" /><INIT seed="4,0,0,5,1,111" ten="154,386,241,219" oya="0" hai0="7,126,96,27,78,110,113,122,42,23,120,44,45" hai1="49,20,88,5,0,26,134,123,71,84,66,104,47" hai2="108,2,56,97,30,19,33,103,116,135,81,39,13" hai3="17,132,106,68,61,73,100,86,119,29,94,51,21"/><T43/><D122/><U80/><E104/><V91/><F108/><W121/><G119/><T41/><D110/><U52/><E123/><V124/><F2/><W131/><G121/><T40/><D120/><U59/><E134/><V11/><F39/><W34/><G132/><T32/><D32/><U95/><E71/><V76/><F135/><W82/><G131/><T16/><D126/><U37/><E0/><V22/><F33/><W114/><G114/><T3/><N who="0" m="10240" /><DORA hai="92" /><T107/><D78/><U93/><E5/><V98/><F116/><W129/><G129/><T36/><D36/><U28/><E37/><V67/><F124/><W14/><G106/><T79/><D79/><U12/><E12/><V8/><F91/><W89/><G51/><T83/><D83/><U75/><E75/><V55/><F67/><W125/><G125/><T70/><D70/><U130/><E130/><V62/><F30/><W115/><G115/><T10/><REACH who="0" step="1"/><D113/><REACH who="0" ten="144,386,241,219" step="2"/><U72/><E72/><V90/><F76/><W87/><G73/><T102/><AGARI ba="0,1" hai="3,7,10,16,23,27,44,45,96,102,107" m="10240" machi="102" ten="40,24000,3" yaku="1,1,2,1,0,1,52,1,54,1,53,4" doraHai="111,92" doraHaiUra="109,38" who="0" fromWho="0" sc="144,250,386,-80,241,-80,219,-80" /><INIT seed="4,1,0,4,5,122" ten="394,306,161,139" oya="0" hai0="90,102,37,49,115,99,106,100,67,17,74,46,9" hai1="29,63,15,97,119,68,60,5,133,113,22,21,134" hai2="132,66,77,112,10,127,70,94,96,36,83,103,104" hai3="109,78,19,61,40,65,57,123,11,131,39,120,110"/><T3/><D37/><U41/><E119/><V89/><F36/><W82/><G131/><T62/><D74/><U31/><E41/><V64/><F70/><N who="3" m="42287" /><G19/><T34/><D34/><U79/><E79/><V56/><F112/><W32/><G57/><T117/><D117/><U72/><E72/><V76/><F127/><W84/><G11/><T44/><D102/><U20/><E97/><V80/><F132/><N who="1" m="50793" /><E68/><V48/><F10/><W88/><G32/><T50/><D115/><U24/><E113/><V18/><F18/><W13/><G13/><T25/><D90/><U7/><E63/><V6/><F6/><N who="1" m="2057" /><E60/><V43/><F43/><W38/><G78/><N who="2" m="30313" /><F48/><W4/><G4/><T53/><D3/><U85/><E85/><N who="2" m="52527" /><F66/><W75/><G75/><T135/><D135/><U105/><E105/><N who="2" m="63719" /><F64/><W16/><G16/><T45/><D67/><U93/><E15/><V26/><F26/><W86/><G86/><T55/><D62/><U33/><E31/><V121/><F121/><N who="3" m="46667" /><G38/><T0/><D0/><U124/><E124/><V23/><F23/><W42/><G42/><T52/><D9/><U28/><E28/><V130/><F130/><W91/><G91/><T81/><D25/><U59/><E59/><V30/><F56/><W54/><G54/><T108/><D55/><U128/><E93/><V125/><F125/><W114/><G114/><T118/><D53/><U126/><E126/><V2/><F2/><W58/><G58/><T87/><D49/><U129/><AGARI ba="1,0" hai="20,21,22,24,29,33,128,129" m="2057,50793" machi="129" ten="40,5200,0" yaku="20,1,34,2" doraHai="122" who="1" fromWho="1" sc="394,-27,306,55,161,-14,139,-14" /><INIT seed="5,0,0,3,1,65" ten="367,361,147,125" oya="1" hai0="19,125,131,96,27,60,58,61,80,68,36,23,49" hai1="4,25,130,48,17,135,113,67,122,118,126,95,111" hai2="13,73,41,64,82,120,32,20,102,42,35,86,8" hai3="6,28,7,62,99,83,33,108,66,72,11,110,94"/><U79/><E122/><V21/><F120/><W105/><G105/><T52/><D36/><U10/><E118/><V15/><F73/><W109/><G33/><T44/><D125/><U81/><E126/><V24/><F102/><W116/><G28/><T71/><D131/><U133/><E130/><V51/><F64/><W89/><G116/><T123/><D61/><U3/><E113/><V9/><F51/><W63/><G63/><T106/><D123/><U34/><E111/><V12/><F86/><W85/><G72/><T2/><D2/><U127/><E127/><V75/><F75/><W121/><G121/><T29/><D80/><U59/><E95/><V26/><F15/><W100/><REACH who="3" step="1"/><G11/><REACH who="3" ten="367,361,147,115" step="2"/><T90/><D29/><U0/><E34/><V132/><REACH who="2" step="1"/><F82/><REACH who="2" ten="367,361,137,115" step="2"/><W57/><AGARI ba="0,2" hai="6,7,57,62,66,83,85,89,94,99,100,108,109,110" machi="57" ten="30,4000,0" yaku="1,1,2,1,0,1,53,0" doraHai="65" doraHaiUra="22" who="3" fromWho="3" sc="367,-10,361,-20,137,-10,115,60" /><INIT seed="6,0,0,3,5,89" ten="357,341,127,175" oya="2" hai0="61,100,109,125,6,74,120,133,134,39,82,77,101" hai1="71,37,51,104,23,10,15,52,55,94,65,26,69" hai2="14,53,47,126,4,22,59,18,83,11,106,60,99" hai3="41,78,73,96,108,118,91,103,116,62,86,110,2"/><V79/><F126/><W66/><G2/><T135/><D39/><U127/><E104/><V63/><F47/><W17/><G41/><T43/><D120/><U72/><E72/><V49/><F106/><N who="3" m="63847" /><G17/><T29/><D109/><N who="3" m="42089" /><G62/><T87/><D43/><U50/><E37/><V16/><F99/><W25/><G25/><T68/><D125/><U5/><E65/><V57/><F57/><W123/><G66/><N who="0" m="41039" /><D29/><N who="1" m="17631" /><E69/><V64/><F64/><W19/><G19/><T119/><D119/><N who="3" m="45609" /><G123/><T20/><D20/><U107/><E71/><V128/><F128/><W24/><G24/><T21/><D21/><U28/><E28/><V70/><F70/><W30/><G30/><T48/><D74/><U81/><E127/><V33/><F18/><W36/><G36/><T132/><D132/><U115/><E51/><V117/><F33/><W105/><G105/><T9/><D48/><U102/><E107/><V45/><F45/><W114/><G114/><T44/><D44/><U131/><E115/><V111/><F111/><W67/><G67/><T112/><D112/><U97/><E131/><V122/><F122/><W124/><G124/><T85/><D6/><U95/><E50/><V129/><F129/><W58/><G58/><T0/><D0/><U34/><E34/><V32/><F32/><W92/><G73/><N who="0" m="43311" /><D9/><U80/><E55/><V54/><F54/><W7/><G7/><T27/><D27/><U1/><E52/><V121/><F121/><W56/><G56/><T84/><AGARI ba="0,0" hai="84,85,87,100,101,133,134,135" m="43311,41039" machi="84" ten="40,1500,0" yaku="20,1" doraHai="89" who="0" fromWho="0" sc="357,15,341,-4,127,-7,175,-4" /><INIT seed="7,0,0,0,1,92" ten="372,337,120,171" oya="3" hai0="46,7,116,97,63,20,127,83,84,3,106,75,28" hai1="109,128,31,11,41,107,108,39,96,5,69,45,62" hai2="42,16,53,82,85,130,104,86,8,115,34,91,21" hai3="81,98,88,77,59,93,1,25,135,100,4,33,2"/><W111/><G111/><T121/><D75/><U132/><E128/><V38/><F115/><W70/><G70/><T117/><D3/><U48/><E48/><V43/><F130/><W119/><G119/><T0/><D0/><U134/><E31/><V126/><F126/><W32/><G135/><N who="1" m="51754" /><E11/><V9/><F34/><W118/><G118/><T124/><D7/><U122/><E5/><V64/><F104/><W19/><G59/><T14/><D121/><U99/><E122/><V129/><F129/><W123/><G123/><T30/><D63/><U18/><E18/><V76/><F64/><W103/><G19/><N who="0" m="10359" /><D30/><U105/><E105/><V44/><F53/><W74/><G25/><T17/><D28/><U29/><E29/><V15/><REACH who="2" step="1"/><F43/><REACH who="2" ten="372,337,110,171" step="2"/><W47/><G33/><T40/><D117/><U80/><E80/><AGARI ba="0,1" hai="8,9,15,16,21,38,42,44,76,80,82,85,86,91" machi="80" ten="30,7700,0" yaku="1,1,2,1,7,1,54,1,53,0" doraHai="92" doraHaiUra="23" who="2" fromWho="1" sc="372,0,337,-77,110,87,171,0" owari="372,47.0,260,6.0,197,-20.0,171,-33.0" /></mjloggm>