<mjloggm ver="2.3"><GO type="169" lobby="0"/><UN n0="%E3%81%8F%E3%81%95%E3%81%8F%E3%81%AA%E3%81%84%E3%81%8A" n1="%E3%82%A6%E3%83%AB%E3%83%88%E3%83%A9%E7%AB%8B%E7%9B%B4" n2="%E3%81%9F%E3%81%8C%E3%82%84%E3%81%99" n3="%E7%AB%8B%E8%8F%AF%E5%A5%8F" dan="16,17,17,16" rate="2095.66,2141.80,2184.42,2148.21" sx="M,M,M,F"/><TAIKYOKU oya="0"/><INIT seed="0,0,0,2,3,86" ten="250,250,250,250" oya="0" hai0="29,54,126,102,119,10,106,35,47,97,121,42,83" hai1="122,134,82,79,23,60,129,41,31,6,5,50,77" hai2="9,56,45,58,133,92,21,73,43,135,114,13,19" hai3="78,28,93,113,127,55,120,88,37,27,1,68,124"/><T62/><D121/><U100/><E122/><V7/><F73/><W108/><G120/><T66/><D119/><U72/><E129/><V117/><F114/><W103/><G108/><T85/><D10/><U12/><E134/><V20/><F117/><W109/><G109/><T76/><D54/><U51/><E100/><V2/><F135/><W59/><G113/><T16/><D126/><N who="3" m="48169" /><G68/><T70/><D16/><U34/><E79/><V32/><F133/><W123/><G78/><T130/><D130/><U14/><E60/><V38/><F20/><N who="3" m="15463" /><G123/><T57/><D57/><U96/><E34/><V90/><REACH who="2" step="1"/><F32/><REACH who="2" ten="250,250,240,250" step="2"/><W105/><G1/><T84/><D35/><U3/><E23/><V89/><F89/><W36/><G103/><T80/><D29/><U44/><E31/><V87/><AGARI ba="0,1" hai="2,7,9,13,19,21,38,43,45,56,58,87,90,92" machi="87" ten="20,5200,0" yaku="1,1,0,1,7,1,52,1,53,0" doraHai="86" doraHaiUra="26" who="2" fromWho="2" sc="250,-26,250,-13,240,62,250,-13" /><INIT seed="1,0,0,3,2,110" ten="224,237,302,237" oya="1" hai0="85,12,120,29,75,84,112,15,95,49,60,124,93" hai1="45,18,50,115,59,2,78,74,19,99,82,6,108" hai2="76,80,98,123,101,133,51,106,118,32,81,22,129" hai3="23,77,104,56,57,58,41,119,71,16,33,67,26"/><U14/><E108/><V105/><F32/><W0/><G104/><T28/><D75/><U88/><E115/><V27/><F133/><W55/><G119/><T35/><D35/><U25/><E59/><V90/><F129/><W48/><G33/><T72/><D72/><U97/><E2/><V66/><F123/><W89/><G0/><T122/><D49/><U5/><E25/><V21/><F66/><W62/><G77/><T100/><D100/><U79/><E79/><V91/><F106/><W135/><G135/><T10/><D10/><U54/><E19/><V52/><F22/><W7/><G7/><T63/><REACH who="0" step="1"/><D124/><REACH who="0" ten="214,237,302,237" step="2"/><U69/><E69/><V43/><F51/><W1/><G1/><T61/><D61/><U44/><E44/><V68/><F101/><W37/><G89/><T125/><D125/><U121/><E121/><V4/><F90/><W132/><G132/><T3/><D3/><U30/><E88/><V111/><F91/><W11/><G11/><T40/><D40/><U38/><E38/><V130/><F43/><W42/><G42/><T96/><D96/><U127/><E127/><V46/><F68/><W53/><G53/><T116/><D116/><U86/><E74/><V128/><F52/><W126/><G126/><T8/><D8/><U9/><E30/><V13/><F118/><W31/><G31/><T20/><D20/><U47/><E45/><AGARI ba="0,1" hai="16,23,26,37,41,45,48,55,56,57,58,62,67,71" machi="45" ten="40,5200,0" yaku="24,2,54,1" doraHai="110" who="3" fromWho="1" sc="214,0,237,-52,302,0,237,62" /><INIT seed="2,0,0,4,0,127" ten="214,185,302,299" oya="2" hai0="64,28,112,10,44,105,134,90,122,19,61,72,20" hai1="43,83,23,17,74,85,115,79,110,124,111,8,16" hai2="73,126,38,30,53,55,58,114,93,22,91,63,21" hai3="5,131,54,49,129,13,102,96,3,24,107,123,46"/><V57/><F73/><W39/><G123/><T27/><D122/><U9/><E124/><V15/><F38/><W60/><G3/><T47/><D112/><U86/><E115/><V117/><F126/><W81/><G39/><T82/><D105/><U69/><E43/><V116/><F114/><W113/><G113/><T35/><D134/><U26/><E69/><V133/><F133/><W11/><G24/><T70/><D10/><U65/><E65/><V36/><F36/><W108/><G108/><N who="1" m="41514" /><E17/><V41/><F41/><W97/><G97/><T98/><D98/><U33/><E33/><V31/><F117/><W62/><REACH who="3" step="1"/><G81/><REACH who="3" ten="214,185,302,289" step="2"/><T48/><D82/><N who="1" m="47327" /><E74/><V2/><F116/><W66/><G66/><T89/><D72/><U25/><E25/><V101/><F2/><W50/><G50/><T94/><D48/><U109/><N who="1" m="41522" /><U106/><DORA hai="59" /><E106/><V6/><F63/><AGARI ba="0,1" hai="5,11,13,46,49,54,60,62,63,96,102,107,129,131" machi="63" ten="40,12000,2" yaku="1,1,52,5,53,0" doraHai="127,59" doraHaiUra="104,135" who="3" fromWho="2" sc="214,0,185,0,302,-120,289,130" /><INIT seed="3,0,0,2,1,6" ten="214,185,182,419" oya="3" hai0="16,106,111,34,112,1,8,121,100,15,72,37,124" hai1="29,24,53,128,52,36,68,7,94,51,91,133,80" hai2="56,11,62,117,30,82,35,96,70,25,98,50,85" hai3="125,17,64,81,107,86,58,5,120,28,14,49,31"/><W105/><G120/><T26/><RYUUKYOKU type="yao9" ba="0,0" sc="214,0,185,0,182,0,419,0" hai0="1,8,15,16,26,34,37,72,100,106,111,112,121,124" /><INIT seed="3,1,0,5,2,54" ten="214,185,182,419" oya="3" hai0="122,99,100,98,8,107,87,106,18,29,24,46,88" hai1="22,55,125,30,48,72,135,71,124,129,114,53,1" hai2="42,67,130,23,26,47,33,15,116,3,117,94,35" hai3="0,81,9,86,74,61,108,14,58,38,56,25,115"/><W37/><G115/><T113/><D122/><U96/><E1/><V97/><F3/><W93/><G0/><T77/><D77/><U128/><E72/><V31/><F130/><N who="1" m="50281" /><E114/><V7/><F35/><W120/><G120/><T69/><D69/><U90/><E71/><V32/><F32/><W44/><G108/><T60/><D113/><U110/><E110/><V11/><F33/><W112/><G112/><T13/><D46/><U5/><E5/><V39/><REACH who="2" step="1"/><F67/><REACH who="2" ten="214,185,172,419" step="2"/><W17/><G74/><T89/><D60/><U103/><E135/><V82/><F82/><W12/><G81/><T104/><D99/><U2/><E2/><V63/><F63/><W134/><G61/><T21/><REACH who="0" step="1"/><D89/><AGARI ba="1,1" hai="7,11,15,23,26,31,39,42,47,89,94,97,116,117" machi="89" ten="30,3900,0" yaku="1,1,7,1,53,1" doraHai="54" doraHaiUra="95" who="2" fromWho="0" sc="214,-42,185,0,172,52,419,0" /><INIT seed="4,0,0,3,4,87" ten="172,185,224,419" oya="0" hai0="120,15,131,34,81,0,73,103,76,96,116,50,39" hai1="109,77,84,112,23,37,124,44,93,75,98,101,125" hai2="31,3,20,80,45,19,133,51,111,43,90,88,122" hai3="83,4,12,107,47,61,130,26,6,42,13,57,32"/><T123/><D116/><U67/><E67/><V63/><F3/><W135/><G107/><T117/><D117/><U55/><E109/><V68/><F133/><W95/><G135/><T102/><D0/><U129/><E75/><V59/><F111/><W29/><G130/><T54/><D39/><U52/><E129/><V33/><F33/><W28/><G28/><T7/><D34/><U118/><E118/><V25/><F122/><W82/><G95/><T119/><D119/><U48/><E37/><V38/><F31/><W115/><G115/><T30/><D30/><U121/><E23/><V56/><F56/><W110/><G110/><T69/><D69/><U35/><E35/><V114/><F114/><W127/><G127/><N who="1" m="48714" /><E121/><V64/><F80/><W11/><G12/><T8/><D103/><U108/><E108/><V78/><F78/><W70/><G4/><T58/><REACH who="0" step="1"/><D131/><REACH who="0" ten="162,185,224,419" step="2"/><U24/><E112/><V10/><F10/><W5/><G70/><T104/><AGARI ba="0,1" hai="7,8,15,50,54,58,73,76,81,96,102,104,120,123" machi="104" ten="20,7800,0" yaku="1,1,2,1,0,1,7,1,53,0" doraHai="87" doraHaiUra="113" who="0" fromWho="0" sc="162,88,185,-26,224,-26,419,-26" /><INIT seed="4,1,0,5,4,65" ten="250,159,198,393" oya="0" hai0="9,28,13,42,64,46,113,3,121,53,69,60,79" hai1="54,63,16,58,129,91,7,67,56,57,21,11,34" hai2="132,119,130,33,131,134,93,78,15,59,31,20,1" hai3="128,38,22,44,101,110,80,77,2,90,97,106,25"/><T117/><D121/><U100/><E129/><N who="2" m="49163" /><F93/><W89/><G128/><T51/><D117/><U17/><E34/><V66/><F78/><W135/><G135/><N who="2" m="51753" /><F59/><W109/><G2/><T104/><D3/><U49/><E100/><V107/><F66/><W124/><G44/><T71/><D104/><U123/><E123/><V108/><F107/><W48/><G48/><T102/><D102/><U94/><E57/><V86/><F86/><W76/><G38/><T70/><D113/><U127/><E127/><V52/><F52/><W39/><G124/><T47/><D28/><U37/><E37/><V105/><F105/><W118/><G39/><T115/><D79/><U120/><E120/><V112/><F1/><W62/><G62/><T82/><D82/><U55/><E55/><V84/><F84/><W36/><G36/><T12/><D115/><U87/><REACH who="1" step="1"/><E21/><REACH who="1" ten="250,149,198,393" step="2"/><V116/><F112/><W32/><G32/><T35/><D35/><U96/><E96/><V122/><F122/><W24/><G97/><T81/><D47/><U29/><E29/><V43/><F43/><W30/><G101/><T8/><D42/><U14/><AGARI ba="1,1" hai="7,11,14,16,17,49,54,56,58,63,67,87,91,94" machi="14" ten="20,8000,1" yaku="1,1,0,1,7,1,8,1,54,1,53,0" doraHai="65" doraHaiUra="68" who="1" fromWho="1" sc="250,-41,149,93,198,-21,393,-21" /><INIT seed="5,0,0,4,2,61" ten="209,242,177,372" oya="1" hai0="117,97,54,113,67,85,92,10,127,56,75,25,108" hai1="72,133,5,87,126,132,91,95,47,16,55,41,114" hai2="120,37,69,107,73,29,17,49,46,116,124,90,24" hai3="7,57,83,70,15,62,65,19,104,66,74,30,44"/><U80/><E5/><V53/><F73/><W105/><G7/><T28/><D108/><U50/><E114/><V129/><F107/><W134/><G134/><T110/><D75/><U130/><E130/><V86/><F120/><W43/><G30/><T78/><D110/><U4/><E4/><V84/><F124/><W88/><G74/><T100/><D113/><U60/><E126/><V40/><F129/><W9/><G70/><T93/><D127/><U119/><E119/><V118/><F17/><W96/><G65/><T3/><D3/><U115/><E115/><V106/><F106/><W59/><G59/><T52/><D10/><U42/><E16/><V76/><F76/><W33/><G33/><T101/><D117/><U94/><E94/><V58/><F84/><W63/><G63/><N who="0" m="38375" /><D101/><U39/><E60/><V131/><F69/><W26/><G26/><T14/><D14/><U128/><E128/><V6/><F6/><W11/><G11/><T23/><D92/><U18/><E95/><V103/><F103/><W2/><G2/><T125/><D125/><U112/><E72/><V89/><F131/><W21/><G9/><T64/><D64/><U111/><E111/><V48/><F37/><W32/><G32/><T102/><D100/><U99/><E39/><V77/><F118/><W71/><G71/><T82/><AGARI ba="0,0" hai="23,25,28,52,54,78,82,85,93,97,102" m="38375" machi="82" ten="30,7900,0" yaku="25,1,8,1,52,1,54,1" doraHai="61" who="0" fromWho="0" sc="209,79,242,-39,177,-20,372,-20" /><INIT seed="6,0,0,0,4,88" ten="288,203,157,352" oya="2" hai0="21,25,94,35,44,126,72,67,28,107,100,59,32" hai1="73,3,105,2,111,117,5,89,42,30,132,81,11" hai2="86,43,131,14,15,10,7,98,41,83,45,6,135" hai3="122,23,70,17,80,8,99,26,103,76,53,91,79"/><V58/><F58/><W90/><G122/><T112/><D72/><U78/><E117/><V104/><F135/><W46/><G70/><T18/><D107/><U82/><E111/><V52/><F131/><W57/><G46/><T92/><D112/><U127/><E105/><V108/><F108/><W134/><G134/><T40/><D126/><U34/><E132/><V60/><F60/><W68/><G68/><T95/><D100/><U36/><E127/><V56/><F104/><W62/><G8/><T63/><REACH who="0" step="1"/><D28/><REACH who="0" ten="278,203,157,352" step="2"/><U87/><E30/><V118/><F118/><W93/><G103/><T4/><D4/><U66/><E5/><V129/><F129/><W54/><G54/><T116/><D116/><U47/><E73/><V22/><F6/><W102/><G102/><T109/><D109/><U61/><E66/><V9/><F7/><W120/><G120/><T71/><D71/><U133/><E133/><V55/><F52/><W106/><G106/><T0/><D0/><U37/><E2/><V12/><F55/><W39/><G39/><AGARI ba="0,1" hai="18,21,25,32,35,39,40,44,59,63,67,92,94,95" machi="39" ten="40,8000,1" yaku="1,1,52,3,53,0" doraHai="88" doraHaiUra="113" who="0" fromWho="3" sc="278,90,203,0,157,0,352,-80" /><INIT seed="7,0,0,1,3,50" ten="368,203,157,272" oya="3" hai0="101,62,115,112,128,13,119,17,97,36,25,28,7" hai1="23,20,103,106,6,58,44,116,111,110,67,91,26" hai2="27,131,15,69,104,8,82,12,38,133,125,93,92" hai3="102,35,11,100,63,113,47,1,120,89,75,121,99"/><W37/><G35/><T118/><D36/><U22/><E26/><V33/><F38/><W122/><G75/><T60/><D7/><U51/><E6/><V56/><F69/><W70/><G113/><N who="0" m="43595" /><D128/><U109/><E116/><V114/><F114/><W76/><G76/><T3/><D3/><U32/><E32/><V14/><F104/><W108/><G108/><T84/><D84/><U2/><E2/><V21/><F131/><W55/><G1/><T9/><D60/><U81/><E58/><V52/><F33/><W72/><G72/><T42/><D62/><U90/><E67/><V61/><F133/><W123/><G11/><T105/><D42/><U87/><E103/><V94/><F125/><W79/><G79/><T77/><D77/><U134/><E106/><V96/><F82/><W24/><G24/><T98/><D97/><U18/><E134/><V66/><F8/><W40/><G70/><T65/><D65/><U0/><E0/><V4/><F4/><W130/><G130/><T30/><D30/><U132/><E132/><V46/><F96/><W80/><N who="3" m="31232" /><DORA hai="85" /><W74/><G74/><T57/><D57/><U78/><REACH who="1" step="1"/><E18/><REACH who="1" ten="368,193,157,272" step="2"/><N who="2" m="12727" /><F46/><W88/><G47/><T73/><D119/><U71/><E71/><V34/><F34/><W41/><G102/><T5/><D118/><U68/><E68/><V124/><F124/><W59/><G100/><T129/><D5/><U95/><E95/><V126/><F126/><W135/><G135/><T39/><D129/><U31/><E31/><V43/><F43/><AGARI ba="0,1" hai="20,22,23,43,44,51,78,81,87,90,91,109,110,111" machi="43" ten="50,8000,1" yaku="1,1,52,2,53,1" doraHai="50,85" doraHaiUra="83,53" who="1" fromWho="2" sc="368,0,193,90,157,-80,272,0" owari="368,47.0,283,8.0,77,-42.0,272,-13.0" /></mjloggm>