<mjloggm ver="2.3"><GO type="169" lobby="0"/><UN n0="%E9%9B%80%E6%A5%B5%E3%81%AE%E3%81%B8" n1="%E3%81%8B%E3%81%97%E3%81%8B%E3%81%8A" n2="%E5%B0%B1%E6%B4%BB%E7%94%9F%40%E5%B7%9D%E6%9D%91%E8%BB%8D%E5%9B%A3" n3="%6F%6E%65%73%74%61%72" dan="16,16,19,17" rate="2164.98,2173.94,2372.98,2224.60" sx="M,M,M,M"/><TAIKYOKU oya="0"/><INIT seed="0,0,0,5,0,11" ten="250,250,250,250" oya="0" hai0="48,78,134,55,132,124,97,67,45,96,88,84,38" hai1="39,34,54,101,95,25,20,100,116,135,110,1,19" hai2="31,115,60,21,0,66,73,114,85,44,13,102,46" hai3="103,9,72,118,90,82,120,86,71,47,127,69,131"/><T52/><D78/><U68/><E39/><V50/><F73/><W49/><G118/><T122/><D122/><U58/><E68/><V40/><F0/><W112/><G112/><T42/><D67/><U125/><E116/><V18/><F102/><W51/><G127/><T98/><D124/><U133/><E125/><V104/><F104/><W33/><G33/><T79/><D79/><U63/><E1/><V23/><F85/><W26/><G131/><T62/><D62/><U106/><E110/><V126/><F126/><W24/><G51/><T2/><D2/><U29/><E106/><V27/><REACH who="2" step="1"/><F44/><REACH who="2" ten="250,250,240,250" step="2"/><W87/><G47/><T28/><D28/><U41/><E101/><V80/><F80/><W30/><G86/><T35/><D35/><U57/><E100/><V92/><F92/><W105/><G87/><T15/><D15/><U89/><E34/><V56/><AGARI ba="0,1" hai="13,18,21,23,27,31,40,46,50,56,60,66,114,115" machi="56" ten="20,5200,0" yaku="1,1,0,1,7,1,52,1,53,0" doraHai="11" doraHaiUra="117" who="2" fromWho="2" sc="250,-26,250,-13,240,62,250,-13" /><INIT seed="1,0,0,5,0,83" ten="224,237,302,237" oya="1" hai0="72,100,123,113,80,6,86,67,126,23,41,103,56" hai1="54,22,71,51,128,116,112,84,77,16,40,53,33" hai2="79,134,25,95,81,19,94,92,70,102,59,76,37" hai3="132,62,85,4,91,38,90,122,105,68,96,129,101"/><U42/><E116/><V2/><F70/><W78/><G38/><T55/><D113/><U66/><E112/><V87/><F2/><W11/><G132/><T74/><D126/><U48/><E33/><V118/><F37/><W124/><G122/><T131/><D67/><U47/><E128/><V104/><F118/><W125/><G129/><T98/><D131/><U135/><E135/><V58/><F134/><W5/><G5/><T127/><D127/><N who="3" m="48713" /><G68/><T69/><D69/><U44/><E66/><V82/><F104/><W32/><G32/><T20/><D41/><U65/><E65/><V99/><F25/><W97/><G62/><T133/><D6/><U88/><E77/><V130/><F130/><W121/><G121/><T34/><D34/><U61/><E61/><V18/><F99/><N who="3" m="61631" /><G11/><T50/><D133/><U49/><E49/><V10/><F102/><W73/><G4/><T1/><D103/><U28/><E28/><V106/><F106/><W0/><G0/><T30/><D1/><U3/><E3/><V46/><F46/><W35/><G35/><T75/><D123/><U93/><E71/><V14/><REACH who="2" step="1"/><F18/><REACH who="2" ten="224,237,292,237" step="2"/><W39/><G39/><T115/><D100/><U57/><E47/><V64/><F64/><W12/><G96/><T119/><D98/><U107/><E107/><V15/><F15/><AGARI ba="0,1" hai="15,16,22,40,42,44,48,51,53,54,57,84,88,93" machi="15" ten="30,18000,2" yaku="7,1,25,2,8,1,52,1,54,2" doraHai="83" who="1" fromWho="2" sc="224,0,237,190,292,-180,237,0" /><INIT seed="1,1,0,2,2,30" ten="224,427,112,237" oya="1" hai0="59,133,4,76,39,111,92,84,52,42,32,128,90" hai1="108,91,47,78,135,53,1,23,58,5,72,113,134" hai2="16,66,11,3,114,60,0,119,22,49,100,75,15" hai3="88,101,57,48,106,118,70,33,65,6,110,124,112"/><U93/><E113/><V109/><F119/><W104/><G110/><T62/><D111/><U26/><E108/><V130/><F109/><W2/><G118/><T46/><D133/><N who="1" m="50699" /><E47/><V43/><F114/><W64/><G33/><T127/><D128/><U95/><E5/><V74/><F130/><W103/><G112/><T98/><D127/><U131/><E1/><V120/><F120/><W21/><G21/><T34/><REACH who="0" step="1"/><D4/><REACH who="0" ten="214,427,112,237" step="2"/><U115/><E115/><V27/><F100/><W68/><G6/><T61/><D61/><U13/><E131/><V54/><F43/><W117/><G124/><T37/><D37/><U51/><E13/><V55/><F3/><W20/><G2/><T35/><D35/><U82/><E91/><V25/><F0/><W123/><G88/><T71/><D71/><U63/><E63/><V102/><F102/><W10/><G101/><T24/><D24/><U129/><E129/><V8/><F27/><W116/><G70/><T69/><D69/><U40/><E40/><V56/><F11/><W38/><G68/><T87/><D87/><U132/><E132/><V86/><F86/><W122/><G103/><T19/><D19/><AGARI ba="1,1" hai="19,23,26,51,53,58,72,78,82,93,95" m="50699" machi="19" ten="30,1500,0" yaku="20,1" doraHai="30" who="1" fromWho="0" sc="214,-18,427,28,112,0,237,0" /><INIT seed="1,2,0,3,1,94" ten="196,455,112,237" oya="1" hai0="127,8,34,54,17,44,21,101,14,110,70,53,25" hai1="124,118,72,28,51,97,19,87,11,13,23,27,78" hai2="128,84,56,133,95,38,77,40,30,45,120,20,116" hai3="57,99,111,130,92,123,102,114,132,121,47,69,65"/><U15/><E72/><V52/><F120/><W50/><G114/><T6/><D70/><U10/><E118/><V67/><F116/><W1/><G111/><T39/><D110/><U83/><E124/><V122/><F122/><W75/><G1/><T115/><D127/><U36/><E36/><V73/><F128/><W18/><G69/><T106/><D115/><U100/><E51/><V76/><F133/><W42/><G75/><T12/><D106/><U86/><E86/><V62/><F73/><W26/><G132/><T46/><D101/><U58/><E58/><V134/><F134/><W103/><G130/><T0/><D39/><U91/><E78/><V59/><F30/><W37/><G37/><T41/><D41/><U68/><E68/><V98/><F20/><N who="3" m="13591" /><G123/><T131/><D131/><U4/><E100/><V63/><REACH who="2" step="1"/><F84/><REACH who="2" ten="196,455,102,237" step="2"/><W125/><G121/><T96/><D21/><U79/><E79/><V89/><AGARI ba="2,1" hai="38,40,45,52,56,59,62,63,67,76,77,89,95,98" machi="89" ten="20,12000,2" yaku="1,1,2,1,0,1,7,1,52,1,54,1,53,0" doraHai="94" doraHaiUra="80" who="2" fromWho="2" sc="196,-32,455,-62,102,136,237,-32" /><INIT seed="2,0,0,2,4,123" ten="164,393,238,205" oya="2" hai0="78,90,29,100,16,91,58,72,63,51,71,124,120" hai1="19,111,3,1,129,14,110,134,20,35,131,28,52" hai2="61,30,68,38,112,57,84,23,87,22,121,92,65" hai3="133,102,96,54,6,43,118,53,45,9,108,109,113"/><V88/><F121/><W94/><G133/><T21/><D120/><U39/><E39/><V105/><F112/><W106/><G118/><T97/><D29/><U80/><E80/><V55/><F105/><W46/><G106/><T11/><D11/><U89/><E89/><V10/><F38/><W5/><G113/><T95/><D124/><U74/><E74/><V59/><F30/><W83/><G83/><T24/><D72/><U79/><E79/><V104/><F104/><W98/><G43/><T15/><D78/><U67/><E67/><V82/><F10/><W132/><G9/><N who="0" m="6255" /><D51/><U26/><E52/><V69/><F69/><W50/><G132/><T41/><D41/><U115/><E115/><V27/><F27/><W135/><G135/><T93/><D71/><U56/><E56/><V4/><F4/><W33/><G33/><T64/><D95/><U85/><E85/><V101/><F68/><W18/><G18/><T31/><AGARI ba="0,0" hai="21,24,31,58,63,64,90,91,93,97,100" m="6255" machi="31" ten="30,4000,0" yaku="25,1,8,1,54,1" doraHai="123" who="0" fromWho="0" sc="164,40,393,-10,238,-20,205,-10" /><INIT seed="3,0,0,5,2,91" ten="204,383,218,195" oya="3" hai0="86,50,84,94,67,18,100,119,23,63,116,90,6" hai1="32,43,128,129,101,45,135,108,113,8,130,109,31" hai2="16,110,57,98,33,104,62,17,27,111,34,41,75" hai3="22,124,51,54,13,42,38,39,3,80,68,24,1"/><W105/><G105/><T89/><D6/><U21/><E101/><N who="2" m="62519" /><F75/><W66/><G124/><T93/><D100/><U64/><E21/><N who="2" m="13735" /><F41/><W37/><G13/><T134/><D134/><U77/><E77/><V69/><F17/><W81/><G42/><T9/><D9/><U44/><E135/><V55/><F69/><W14/><G14/><T85/><D50/><U127/><E127/><V88/><F88/><W28/><G66/><T47/><D47/><U26/><E64/><V126/><F126/><W19/><G19/><T120/><D120/><U61/><E61/><V114/><F114/><W58/><REACH who="3" step="1"/><G68/><REACH who="3" ten="204,383,218,185" step="2"/><T29/><D119/><U97/><E113/><V60/><F60/><W5/><G5/><T10/><D116/><U82/><E43/><V65/><F65/><W12/><G12/><N who="0" m="7447" /><D63/><U71/><E71/><V59/><F59/><W40/><G40/><T7/><D67/><U78/><E44/><V73/><F73/><W74/><G74/><T83/><D7/><U121/><E45/><V96/><F62/><W25/><G25/><N who="0" m="16575" /><D83/><AGARI ba="0,1" hai="1,3,22,24,28,37,38,39,51,54,58,80,81,83" machi="83" ten="40,2000,0" yaku="1,1,53,0" doraHai="91" doraHaiUra="92" who="3" fromWho="0" sc="204,-20,383,0,218,0,185,30" /><INIT seed="3,1,0,1,0,104" ten="184,383,218,215" oya="3" hai0="90,61,0,134,11,124,135,24,51,15,3,59,112" hai1="76,55,114,32,54,99,13,29,65,35,8,72,133" hai2="9,10,38,30,48,67,88,5,118,123,46,33,1" hai3="56,20,7,129,53,62,63,111,77,130,25,107,89"/><W69/><G107/><T117/><D117/><U121/><E65/><V68/><F118/><W19/><G77/><T98/><D124/><U82/><E114/><V43/><F123/><W34/><G111/><T71/><D71/><U127/><E121/><V57/><F10/><W44/><G7/><T14/><D24/><U2/><E2/><V41/><F41/><W102/><G102/><T86/><D51/><U50/><E127/><V16/><F33/><W22/><G34/><T31/><D98/><U106/><E133/><N who="0" m="50697" /><D31/><U96/><E55/><V78/><F78/><W85/><G44/><T113/><D0/><U27/><E106/><V131/><F30/><W28/><G69/><T83/><D3/><U58/><REACH who="1" step="1"/><E32/><REACH who="1" ten="184,373,218,215" step="2"/><V66/><F66/><W103/><G130/><T81/><D113/><U64/><E64/><V36/><F68/><W47/><G129/><T49/><D112/><U70/><E70/><V23/><F131/><W73/><G63/><T125/><D61/><U95/><E95/><V101/><F67/><W120/><G120/><T60/><D60/><U79/><E79/><V119/><F119/><W18/><G62/><T21/><D125/><U122/><E122/><V110/><F110/><W6/><G53/><T4/><D83/><U37/><E37/><V84/><F57/><W132/><G56/><T17/><D59/><U75/><E75/><V45/><F45/><W128/><G47/><T109/><D109/><U12/><E12/><N who="2" m="9607" /><F36/><W93/><G132/><T39/><D39/><U97/><E97/><V100/><F38/><W108/><G128/><T92/><D81/><AGARI ba="1,1" hai="1,5,9,43,46,48,81,84,88,100,101" m="9607" machi="81" ten="30,3900,0" yaku="6,1,54,2" doraHai="104" who="2" fromWho="0" sc="184,-42,373,0,218,52,215,0" /><INIT seed="4,0,0,0,3,132" ten="142,373,270,215" oya="0" hai0="123,48,101,9,95,64,30,131,57,111,102,15,135" hai1="25,119,41,106,1,86,34,93,116,36,65,98,26" hai2="54,133,12,74,23,20,89,55,11,52,100,2,32" hai3="115,4,128,33,108,107,22,121,127,60,38,99,35"/><T69/><D123/><U59/><E1/><V18/><F32/><W56/><G108/><T8/><D111/><U58/><E41/><V67/><F74/><W76/><G121/><T46/><D135/><U71/><E36/><V62/><F133/><W31/><G38/><T27/><D69/><U126/><E86/><V84/><F100/><N who="0" m="38506" /><D131/><U39/><E39/><V79/><F79/><W130/><G99/><T17/><D95/><U44/><E44/><V88/><F2/><W37/><G37/><T90/><D90/><U19/><E106/><V134/><F134/><W83/><G107/><T112/><D112/><U104/><E104/><V77/><F77/><W85/><G4/><T124/><D124/><U16/><E93/><V0/><F0/><W110/><G110/><T68/><D68/><U10/><E98/><V117/><F117/><W105/><G105/><T103/><N who="0" m="38514" /><T92/><DORA hai="122" /><D92/><U96/><E96/><V66/><F89/><W80/><G127/><T13/><D30/><U73/><E71/><V21/><F62/><W61/><G115/><T28/><D28/><U40/><E126/><V94/><AGARI ba="0,0" hai="11,12,18,20,21,23,52,54,55,66,67,84,88,94" machi="94" ten="30,7900,0" yaku="0,1,8,1,54,2" doraHai="132,122" who="2" fromWho="2" sc="142,-39,373,-20,270,79,215,-20" /><INIT seed="5,0,0,4,5,102" ten="103,353,349,195" oya="1" hai0="64,16,69,48,86,117,21,105,56,114,91,126,127" hai1="65,9,6,60,97,58,122,90,70,7,63,34,42" hai2="12,59,96,84,8,128,28,33,82,67,115,14,0" hai3="43,87,46,124,41,112,55,49,118,100,125,13,92"/><U111/><E122/><V2/><F128/><W39/><G112/><T79/><D117/><U99/><E34/><V52/><F67/><W53/><G118/><T106/><D79/><U30/><E30/><V51/><F115/><W123/><G123/><T24/><D69/><U45/><E111/><V104/><F28/><W27/><G27/><T74/><D74/><U83/><E83/><V68/><F33/><W44/><G13/><T129/><D129/><U76/><E76/><V133/><F14/><W109/><G109/><T135/><D114/><U121/><E121/><V38/><F38/><W71/><G87/><T81/><D135/><U50/><E90/><V62/><F133/><W31/><G31/><T89/><D89/><U116/><E116/><V26/><F26/><W75/><G75/><T47/><D56/><U54/><E6/><V101/><F68/><W131/><G131/><T66/><D66/><U5/><REACH who="1" step="1"/><E7/><REACH who="1" ten="103,343,349,195" step="2"/><V20/><F2/><AGARI ba="0,1" hai="2,5,9,42,45,50,54,58,60,63,65,70,97,99" machi="2" ten="30,11600,0" yaku="1,1,2,1,7,1,53,1" doraHai="102" doraHaiUra="3" who="1" fromWho="2" sc="103,0,343,126,349,-116,195,0" /><INIT seed="5,1,0,5,3,10" ten="103,469,233,195" oya="1" hai0="76,89,23,55,123,64,70,47,94,22,19,88,98" hai1="127,115,100,46,27,6,106,78,30,41,35,109,26" hai2="57,40,85,84,8,101,117,31,38,59,52,48,97" hai3="99,33,65,51,0,128,75,29,122,129,80,93,66"/><U82/><E115/><V45/><F117/><W77/><G0/><T42/><D123/><U71/><E127/><V103/><F31/><W54/><G122/><T105/><D105/><U90/><E109/><V116/><F116/><W53/><G29/><T108/><D108/><U44/><E27/><V120/><F120/><W24/><G24/><T73/><D55/><N who="3" m="21001" /><G33/><T12/><D73/><U72/><E90/><V131/><F59/><W34/><G51/><T81/><D89/><U130/><E44/><V134/><F131/><N who="3" m="50251" /><G34/><T4/><D4/><U111/><E111/><V13/><F103/><AGARI ba="1,0" hai="65,66,75,77,80,93,99,103" m="50251,21001" machi="103" ten="30,1000,0" yaku="19,1" doraHai="10" who="3" fromWho="2" sc="103,0,469,0,233,-13,195,13" /><INIT seed="6,0,0,3,4,20" ten="103,469,220,208" oya="2" hai0="4,70,17,106,23,132,19,59,93,16,62,84,78" hai1="56,21,83,51,41,58,18,123,69,68,133,32,105" hai2="81,87,95,27,61,117,0,103,37,98,109,135,111" hai3="28,50,36,38,35,24,44,89,65,115,14,116,57"/><V127/><F0/><W64/><G116/><T39/><D70/><U112/><E32/><V25/><F37/><W88/><G115/><T96/><D39/><U108/><E105/><V6/><F117/><W11/><G38/><T79/><D132/><U49/><E108/><N who="2" m="41547" /><F6/><W113/><G36/><T129/><D4/><U125/><E133/><V15/><F15/><W92/><G113/><T71/><D71/><U107/><E107/><V73/><F73/><W74/><G74/><T104/><D129/><U43/><E112/><V26/><F135/><W126/><G57/><T120/><D120/><U7/><E7/><V119/><F61/><W42/><G89/><T76/><D84/><U130/><E130/><V94/><F119/><W121/><G121/><T134/><D134/><U60/><E123/><V1/><F1/><W131/><G131/><T48/><D48/><U75/><E75/><V40/><F40/><W22/><G35/><T47/><D47/><U86/><E60/><V101/><F127/><W128/><G126/><T114/><D114/><U67/><E125/><V124/><F124/><W13/><G128/><T66/><REACH who="0" step="1"/><D23/><REACH who="0" ten="93,469,220,208" step="2"/><U122/><E122/><V118/><F118/><W12/><G11/><T97/><D97/><AGARI ba="0,1" hai="12,13,14,22,24,28,42,44,50,64,65,88,92,97" machi="97" ten="40,5200,0" yaku="8,1,52,1,54,1" doraHai="20" who="3" fromWho="0" sc="93,-52,469,0,220,0,208,62" /><INIT seed="7,0,0,2,4,19" ten="41,469,220,270" oya="3" hai0="7,5,36,133,91,117,3,6,15,134,20,10,76" hai1="49,103,87,24,35,101,58,130,93,63,131,129,12" hai2="17,33,98,55,62,27,45,78,104,0,21,127,94" hai3="18,13,50,79,46,39,9,106,73,38,40,89,123"/><W132/><G106/><T47/><D91/><N who="1" m="53503" /><E49/><V126/><F104/><W42/><G132/><T16/><D47/><U2/><E2/><V31/><F0/><W30/><G123/><T53/><D53/><N who="1" m="34255" /><E12/><V74/><F74/><W14/><G30/><AGARI ba="0,0" hai="24,30,35,101,103,129,130,131" m="34255,53503" machi="30" ten="30,1000,0" yaku="19,1" doraHai="19" who="1" fromWho="3" sc="41,0,469,10,220,0,270,-10" owari="41,-46.0,479,58.0,220,-18.0,260,6.0" /></mjloggm>