<mjloggm ver="2.3"><GO type="169" lobby="0"/><UN n0="%E3%88%B1%E3%83%AA%E3%82%B3%E3%81%B4%E3%82%87%E3%82%93" n1="%E7%A7%81%E3%81%AF%E3%81%8C%E3%81%A1%E3%81%BB%E3%82%82" n2="%6F%6E%65%73%74%61%72" n3="%E3%82%A6%E3%83%AB%E3%83%88%E3%83%A9%E7%AB%8B%E7%9B%B4" dan="16,17,17,17" rate="2085.07,2204.35,2220.19,2206.32" sx="F,M,M,M"/><TAIKYOKU oya="0"/><INIT seed="0,0,0,3,4,8" ten="250,250,250,250" oya="0" hai0="99,9,19,28,46,11,127,54,110,119,35,4,23" hai1="52,26,70,82,68,88,86,40,124,97,31,128,96" hai2="123,76,113,85,115,17,27,51,104,121,15,37,49" hai3="112,30,48,73,59,77,93,134,64,69,1,39,29"/><T125/><D119/><U132/><E40/><V91/><F37/><W22/><G1/><T3/><D99/><U92/><E132/><V14/><F104/><W56/><G77/><T61/><D110/><U72/><E128/><V6/><F76/><W118/><G73/><T78/><D78/><U109/><E109/><V20/><F121/><W80/><G93/><T36/><D36/><U131/><E131/><V105/><F105/><W126/><G80/><T47/><D61/><U120/><E120/><V117/><F117/><W107/><G48/><N who="2" m="18505" /><F123/><W10/><G69/><T66/><D66/><U63/><E124/><N who="0" m="47689" /><D54/><U94/><E72/><V0/><F0/><W21/><G64/><T25/><D11/><U44/><E44/><V130/><F130/><W33/><G10/><T79/><D79/><U129/><E129/><V74/><F74/><W13/><G39/><T102/><D102/><U87/><E70/><V60/><F6/><W133/><G126/><T16/><D19/><U65/><E82/><N who="2" m="49591" /><F115/><W101/><G112/><T111/><D111/><U45/><E45/><V24/><F113/><W58/><G118/><T84/><D84/><U90/><E52/><V98/><F98/><W2/><G133/><T34/><D34/><AGARI ba="0,0" hai="26,31,34,63,65,68,86,87,88,90,92,94,96,97" machi="34" ten="30,3900,0" yaku="7,1,9,1,54,1" doraHai="8" who="1" fromWho="0" sc="250,-39,250,39,250,0,250,0" /><INIT seed="1,0,0,0,4,22" ten="211,289,250,250" oya="1" hai0="112,103,134,53,62,32,73,43,87,76,18,130,128" hai1="125,104,92,80,49,5,13,4,127,84,27,25,6" hai2="46,10,101,107,29,51,69,118,99,11,102,52,50" hai3="54,17,0,91,57,23,135,19,48,74,90,59,65"/><U28/><E104/><V78/><F118/><W88/><G74/><T121/><D112/><U129/><E129/><N who="0" m="49769" /><D134/><U60/><E28/><V63/><F78/><W108/><G0/><T44/><D121/><U79/><E13/><V126/><F126/><N who="1" m="48137" /><E49/><V113/><F113/><W8/><G135/><T111/><D111/><U56/><E92/><V70/><F102/><W61/><G108/><T98/><D73/><U7/><E7/><V41/><F29/><W2/><G2/><T21/><D32/><U123/><E123/><V75/><F75/><W36/><G36/><T124/><D124/><U31/><E31/><V47/><REACH who="2" step="1"/><F63/><REACH who="2" ten="211,289,240,250" step="2"/><W82/><G91/><T131/><D131/><U68/><E68/><AGARI ba="0,1" hai="10,11,41,46,47,50,51,52,68,69,70,99,101,107" machi="68" ten="40,5200,0" yaku="1,1,2,1,54,1,53,0" doraHai="22" doraHaiUra="120" who="2" fromWho="1" sc="211,0,289,-52,240,62,250,0" /><INIT seed="2,0,0,0,3,102" ten="211,237,302,250" oya="2" hai0="77,91,83,36,113,15,124,117,42,37,4,93,65" hai1="87,47,98,132,126,62,131,116,43,58,122,101,32" hai2="35,80,30,72,133,129,11,104,69,2,55,14,61" hai3="19,48,17,96,95,111,109,67,64,108,115,18,39"/><V125/><F2/><W127/><G39/><T114/><D124/><U59/><E32/><V12/><F125/><W106/><G127/><T120/><D120/><U40/><E116/><V75/><F14/><W8/><G115/><T71/><D117/><U54/><E126/><V68/><F68/><W7/><G48/><T112/><D71/><U60/><E132/><V118/><F118/><W52/><G52/><T3/><D65/><U110/><E110/><V23/><F23/><W88/><REACH who="3" step="1"/><G106/><REACH who="3" ten="211,237,302,240" step="2"/><T27/><D37/><U134/><E122/><V103/><F104/><W38/><G38/><T123/><D123/><U24/><E47/><V84/><F55/><W107/><G107/><T31/><D36/><U86/><E134/><V20/><F61/><W50/><G50/><T5/><D42/><U56/><E54/><V63/><F63/><W29/><G29/><T21/><D114/><U76/><E60/><V90/><F30/><W97/><G97/><T74/><D113/><U49/><E62/><V51/><F51/><W34/><G34/><T135/><D112/><U100/><E49/><V128/><F133/><W85/><G85/><N who="1" m="32266" /><E98/><V45/><F84/><W121/><G121/><T99/><D135/><U89/><E40/><V78/><F45/><W70/><G70/><T92/><D92/><U130/><E43/><V22/><F69/><W16/><N who="3" m="4096" /><DORA hai="1" /><W25/><G25/><T28/><D27/><U53/><E24/><V66/><F35/><W46/><G46/><T57/><D99/><U13/><E53/><V105/><F105/><W0/><AGARI ba="0,1" hai="0,7,8,64,67,88,95,96,108,109,111" m="4096" machi="0" ten="50,12000,2" yaku="1,1,0,1,14,1,52,1,54,2,53,0" doraHai="102,1" doraHaiUra="44,73" who="3" fromWho="3" sc="211,-30,237,-30,302,-60,240,130" /><INIT seed="3,0,0,5,4,124" ten="181,207,242,370" oya="3" hai0="61,45,14,2,64,24,16,51,42,4,39,131,71" hai1="111,35,97,117,56,47,78,20,83,109,52,98,59" hai2="121,87,103,81,29,135,17,19,68,7,90,132,95" hai3="69,21,94,37,22,31,77,89,5,6,82,85,133"/><W65/><G37/><T30/><D131/><U28/><E35/><V104/><F68/><W86/><G133/><N who="2" m="51273" /><F121/><W12/><G69/><T70/><D39/><U44/><E56/><V114/><F114/><W48/><G65/><T99/><D71/><U73/><E117/><V84/><F29/><W91/><G31/><T49/><D49/><U15/><E47/><V129/><F129/><W118/><G118/><T18/><D99/><U102/><E44/><V54/><F7/><W60/><G60/><T134/><D134/><U110/><E102/><V130/><F130/><W11/><G5/><T26/><D2/><U57/><E57/><V43/><F43/><W1/><G1/><T33/><REACH who="0" step="1"/><D26/><REACH who="0" ten="171,207,242,370" step="2"/><N who="1" m="16455" /><E15/><V125/><F125/><W100/><G48/><AGARI ba="0,1" hai="48,52,59,73,78,83,97,98,109,110,111" m="16455" machi="48" ten="30,2000,0" yaku="14,1,54,1" doraHai="124" who="1" fromWho="3" sc="171,0,207,30,242,0,370,-20" /><INIT seed="4,0,0,1,1,95" ten="171,237,242,350" oya="0" hai0="127,27,119,111,10,74,25,130,60,47,69,124,67" hai1="14,38,62,42,105,9,123,28,76,6,17,73,48" hai2="94,34,79,21,45,13,61,1,55,58,114,99,92" hai3="75,104,51,39,77,0,18,125,2,81,33,109,83"/><T135/><D119/><U121/><E28/><V108/><F34/><W89/><G33/><T53/><D135/><U36/><E36/><V26/><F1/><W11/><G104/><T129/><D111/><U101/><E38/><V132/><F114/><W16/><G51/><N who="0" m="28927" /><D74/><U30/><E30/><V31/><F132/><W72/><G75/><T50/><D10/><U19/><E62/><V120/><F92/><W107/><G11/><T90/><D90/><U65/><E65/><V5/><F120/><W133/><G89/><T22/><D50/><U115/><E115/><V56/><F108/><W20/><G72/><T97/><D97/><U37/><E37/><V57/><F45/><W43/><G39/><T4/><D4/><U88/><E88/><N who="2" m="55751" /><F79/><W110/><G77/><T100/><D100/><U35/><E76/><V44/><F44/><W113/><G113/><T98/><D98/><U91/><E91/><V15/><F5/><W7/><G7/><T82/><D82/><U70/><E73/><V116/><F116/><W71/><G83/><T24/><D22/><U68/><E6/><V8/><F8/><W64/><G81/><T96/><D96/><U122/><E35/><V128/><F128/><AGARI ba="0,0" hai="24,25,27,60,67,69,124,127,128,129,130" m="28927" machi="128" ten="30,1500,0" yaku="19,1" doraHai="95" who="0" fromWho="2" sc="171,15,237,0,242,-15,350,0" /><INIT seed="4,1,0,4,4,42" ten="186,237,227,350" oya="0" hai0="96,85,83,79,134,0,32,65,1,28,107,115,120" hai1="39,106,2,101,66,15,64,70,40,25,48,116,51" hai2="88,5,111,73,7,55,97,126,30,18,122,128,36" hai3="84,10,114,47,89,17,24,63,91,75,135,131,54"/><T95/><D120/><U26/><E15/><V86/><F73/><W72/><G91/><T80/><D115/><U23/><E2/><V11/><F36/><W53/><G24/><T124/><D124/><U81/><E81/><V35/><F111/><W105/><G105/><T37/><D134/><U104/><E40/><V33/><F122/><W112/><G54/><T110/><D110/><U56/><E56/><V4/><F126/><W58/><G131/><T3/><D107/><U119/><E23/><V74/><F74/><W44/><G75/><T41/><D65/><U113/><E39/><V98/><F55/><W118/><G72/><T61/><D61/><U108/><E108/><V125/><F128/><W68/><G68/><T82/><D28/><U94/><E94/><V76/><F76/><W22/><G10/><T100/><REACH who="0" step="1"/><D32/><REACH who="0" ten="176,237,227,350" step="2"/><U34/><E34/><V21/><F125/><W129/><G135/><T133/><D133/><U127/><E127/><V20/><F33/><W14/><G129/><T16/><D16/><U45/><E113/><N who="3" m="43626" /><G118/><T121/><D121/><U62/><E62/><V52/><F35/><W87/><G63/><T43/><D43/><U50/><E119/><V103/><F18/><W27/><G17/><T60/><D60/><N who="1" m="40199" /><E66/><V102/><F52/><W8/><G53/><T78/><D78/><U12/><E116/><V130/><F30/><W92/><G22/><N who="2" m="8809" /><F130/><W71/><G71/><T99/><D99/><N who="2" m="37898" /><F11/><W117/><G117/><T90/><D90/><U109/><E109/><V132/><F132/><W77/><G8/><T46/><AGARI ba="1,1" hai="0,1,3,37,41,46,79,80,82,83,85,95,96,100" machi="46" ten="40,7800,0" yaku="1,1,0,1,52,1,53,0" doraHai="42" doraHaiUra="57" who="0" fromWho="0" sc="176,91,237,-27,227,-27,350,-27" /><INIT seed="4,2,0,3,5,102" ten="267,210,200,323" oya="0" hai0="43,125,90,118,39,121,99,97,126,129,63,33,29" hai1="51,14,85,15,52,40,66,16,19,17,87,10,18" hai2="54,64,22,73,101,65,75,89,45,4,135,82,124" hai3="60,50,12,30,96,27,6,127,69,74,105,94,109"/><T95/><D121/><U114/><E40/><V131/><F101/><W81/><G50/><T79/><D118/><U108/><E66/><V42/><F131/><W47/><G47/><N who="0" m="24063" /><D129/><U36/><E36/><V100/><F100/><W13/><G13/><T41/><D79/><U21/><E108/><V49/><F4/><W58/><G12/><T72/><D72/><U116/><E116/><V44/><F124/><N who="0" m="47722" /><D41/><U113/><E87/><V37/><F75/><W55/><G74/><T35/><D63/><U83/><E114/><V8/><F22/><W67/><G60/><T38/><D38/><U91/><E113/><V3/><F89/><W48/><G48/><T80/><D80/><U112/><E112/><V84/><F84/><W32/><G81/><T128/><D128/><U120/><E120/><V103/><F103/><W77/><G77/><T78/><D78/><U133/><E133/><V23/><F23/><W93/><G93/><T88/><D29/><U122/><E122/><V68/><F135/><W86/><G30/><T0/><D0/><U53/><E53/><V31/><F31/><W46/><G55/><T59/><D59/><AGARI ba="2,0" hai="10,14,15,16,17,18,19,21,51,52,59,83,85,91" machi="59" ten="30,7700,0" yaku="7,1,8,1,54,2" doraHai="102" who="1" fromWho="0" sc="267,-83,210,83,200,0,323,0" /><INIT seed="5,0,0,0,2,112" ten="184,293,200,323" oya="1" hai0="3,0,84,58,36,35,46,102,28,93,16,107,95" hai1="45,29,20,101,121,88,89,1,97,70,69,66,37" hai2="94,134,47,86,99,108,61,128,57,4,110,116,122" hai3="103,83,105,123,126,49,119,92,63,131,76,85,132"/><U79/><E1/><V43/><F122/><W40/><G123/><T67/><D107/><U80/><E121/><V127/><F116/><W17/><G131/><T50/><D35/><U109/><E109/><V53/><F128/><W30/><G30/><T124/><D28/><U111/><E111/><V42/><F134/><W8/><G105/><T60/><D36/><U78/><E78/><V48/><F127/><W12/><G126/><T44/><D124/><U71/><E66/><V120/><F120/><W130/><G132/><T62/><D46/><U118/><E118/><V106/><F42/><W23/><G63/><T104/><D62/><U96/><E96/><V59/><F4/><W14/><G130/><T87/><D104/><U32/><E32/><V135/><F135/><W13/><G8/><T56/><D56/><U24/><E45/><V51/><F86/><N who="0" m="32810" /><D102/><U21/><E21/><V18/><F18/><W33/><G33/><T34/><D34/><U82/><E37/><V91/><REACH who="2" step="1"/><F106/><REACH who="2" ten="184,293,190,323" step="2"/><W68/><G40/><N who="0" m="24839" /><D16/><U6/><E6/><V55/><AGARI ba="0,1" hai="43,47,48,51,53,55,57,59,61,91,94,99,108,110" machi="55" ten="20,2700,0" yaku="1,1,0,1,7,1,53,0" doraHai="112" doraHaiUra="9" who="2" fromWho="2" sc="184,-7,293,-13,190,37,323,-7" /><INIT seed="6,0,0,5,5,10" ten="177,280,227,316" oya="2" hai0="45,70,87,40,134,106,112,48,19,98,74,39,79" hai1="122,8,103,15,99,37,20,129,2,119,93,116,42" hai2="85,77,60,51,3,22,28,84,52,57,91,35,50" hai3="128,76,81,63,82,6,64,110,9,89,123,104,94"/><V97/><F35/><W12/><G104/><T83/><D112/><U125/><E42/><V24/><F3/><W23/><G110/><T66/><D134/><U53/><E37/><V67/><F97/><W58/><G128/><T33/><D33/><U72/><E72/><V108/><F108/><W131/><G131/><T11/><D70/><U29/><E2/><V5/><F5/><W26/><G76/><T101/><D66/><U1/><E1/><V16/><F77/><W88/><G123/><T130/><D130/><U113/><E129/><V86/><F51/><W75/><G75/><T56/><D74/><U71/><E71/><V78/><F78/><W21/><G21/><T126/><D126/><U38/><E38/><V92/><F28/><N who="3" m="17503" /><G89/><T124/><D124/><U120/><E125/><V46/><AGARI ba="0,0" hai="16,22,24,46,50,52,57,60,67,84,85,86,91,92" machi="46" ten="20,12000,1" yaku="0,1,7,1,8,1,54,2" doraHai="10" who="2" fromWho="2" sc="177,-40,280,-40,227,120,316,-40" /><INIT seed="6,1,0,5,4,117" ten="137,240,347,276" oya="2" hai0="122,92,79,25,112,52,39,7,85,64,31,89,50" hai1="71,17,65,37,84,16,100,30,28,113,74,42,32" hai2="69,10,73,21,12,33,6,62,36,41,5,3,29" hai3="55,119,82,134,99,48,120,87,40,44,125,88,24"/><V106/><F73/><W93/><G119/><T111/><D111/><U53/><E74/><V15/><F106/><W95/><G125/><T131/><D131/><U97/><E42/><V43/><F36/><W123/><G134/><T118/><D118/><U108/><E37/><V110/><F62/><W128/><G128/><T13/><D39/><U101/><E53/><V135/><F69/><W77/><G24/><T115/><D64/><U26/><E101/><V80/><F80/><W0/><G0/><T1/><D1/><U121/><E30/><V20/><F3/><W98/><G40/><T47/><D79/><U51/><E51/><V27/><F135/><W94/><G94/><T59/><D47/><U35/><E84/><V4/><F110/><W130/><G130/><T129/><D129/><U75/><E35/><V67/><F67/><W132/><G132/><T78/><D78/><U23/><E23/><N who="2" m="8779" /><F43/><W96/><G96/><T63/><D63/><N who="1" m="40383" /><E75/><V61/><F61/><W57/><G44/><T107/><D107/><N who="1" m="63887" /><E108/><V83/><F83/><W8/><G8/><N who="0" m="4255" /><D25/><U91/><E91/><AGARI ba="1,0" hai="48,55,57,77,82,87,88,91,93,95,98,99,120,123" machi="91" ten="30,8000,1" yaku="7,1,9,1,52,2,54,1" doraHai="117" who="3" fromWho="1" sc="137,0,240,-83,347,0,276,83" /><INIT seed="7,0,0,0,5,75" ten="137,157,347,359" oya="3" hai0="98,88,12,115,61,125,106,130,40,76,73,126,117" hai1="63,17,31,35,78,86,132,14,19,114,113,85,8" hai2="2,95,0,23,3,29,64,24,50,20,9,102,41" hai3="93,82,22,16,57,112,90,72,111,48,80,67,83"/><W91/><G72/><T43/><D117/><U131/><E131/><V54/><F41/><W77/><G112/><N who="1" m="43114" /><E132/><V94/><F64/><W58/><G111/><T123/><D115/><U96/><E78/><V122/><F122/><W116/><G116/><T105/><D130/><U21/><E96/><V118/><F118/><W109/><G77/><T66/><D123/><U51/><E51/><V133/><F133/><W30/><G30/><T18/><D106/><U34/><E63/><V45/><F102/><W7/><G7/><T62/><D62/><U46/><E46/><V37/><F37/><W15/><G109/><T81/><D88/><U92/><E92/><V120/><F120/><W25/><G93/><T129/><D129/><U27/><E34/><V32/><F9/><N who="3" m="6255" /><G58/><N who="0" m="37175" /><D98/><U79/><E79/><V87/><REACH who="2" step="1"/><F95/><REACH who="2" ten="137,157,337,359" step="2"/><W33/><G33/><T69/><D105/><U124/><E124/><N who="0" m="47721" /><D69/><U28/><E35/><V89/><AGARI ba="0,1" hai="0,2,3,20,23,24,29,32,45,50,54,87,89,94" machi="89" ten="40,2700,0" yaku="1,1,0,1,53,0" doraHai="75" doraHaiUra="135" who="2" fromWho="2" sc="137,-7,157,-7,337,37,359,-13" owari="130,-37.0,150,-25.0,374,47.0,346,15.0" /></mjloggm>