<mjloggm ver="2.3"><GO type="169" lobby="0"/><UN n0="%6C%67%32%31" n1="%68%65%74" n2="%E3%82%A6%E3%83%AB%E3%83%88%E3%83%A9%E7%AB%8B%E7%9B%B4" n3="%68%61%72%75%72%75%39%31" dan="17,17,18,17" rate="2206.63,2203.79,2199.83,2161.20" sx="M,M,M,M"/><TAIKYOKU oya="0"/><INIT seed="0,0,0,2,0,101" ten="250,250,250,250" oya="0" hai0="68,33,41,104,117,71,48,7,55,1,63,27,39" hai1="58,91,94,37,86,124,52,66,110,82,32,74,95" hai2="70,44,30,98,112,46,18,119,69,84,9,51,111" hai3="130,85,89,100,54,88,131,4,29,43,11,22,78"/><T93/><D117/><U3/><E110/><V79/><F112/><W96/><G43/><T14/><D93/><U45/><E124/><V21/><F111/><W113/><G113/><T103/><D14/><U134/><E134/><V120/><F30/><W12/><G54/><T35/><D55/><U115/><E115/><V57/><F57/><W0/><G78/><T49/><D49/><U106/><E32/><N who="0" m="12361" /><D27/><U132/><E132/><V25/><F46/><W20/><G20/><T31/><D48/><U8/><E106/><V56/><F56/><W99/><G99/><N who="0" m="61567" /><D31/><U60/><E74/><V126/><F51/><W118/><G118/><T77/><D77/><U62/><E37/><V5/><F25/><N who="3" m="16567" /><G12/><T133/><D63/><U6/><REACH who="1" step="1"/><E45/><REACH who="1" ten="250,240,250,250" step="2"/><V26/><F44/><W53/><G130/><T97/><D133/><U87/><E87/><V36/><F84/><W61/><G131/><T15/><D97/><U24/><E24/><V23/><F98/><W73/><G85/><T81/><D39/><U116/><E116/><V38/><F119/><W125/><G125/><T34/><D34/><U122/><E122/><V13/><F120/><W2/><G73/><T16/><D71/><AGARI ba="0,1" hai="3,6,8,52,58,60,62,66,71,82,86,91,94,95" machi="71" ten="30,8000,1" yaku="1,1,7,1,54,1,53,2" doraHai="101" doraHaiUra="90" who="1" fromWho="0" sc="250,-80,240,90,250,0,250,0" /><INIT seed="1,0,0,0,2,90" ten="170,330,250,250" oya="1" hai0="76,106,34,86,88,11,75,74,123,66,92,78,125" hai1="47,48,82,122,18,119,68,102,128,64,100,0,89" hai2="62,135,3,108,63,87,31,81,9,50,127,129,107" hai3="10,96,13,33,28,118,27,110,121,21,133,134,35"/><U120/><E119/><V14/><F3/><W44/><G121/><T109/><D34/><U36/><E36/><V67/><F107/><W113/><G113/><T55/><D66/><U95/><E0/><V115/><F108/><W30/><G118/><T60/><D109/><U91/><E128/><V59/><F135/><N who="3" m="51723" /><G110/><T99/><D11/><U37/><E37/><V49/><F127/><W41/><G30/><T69/><D125/><U4/><E4/><V61/><F31/><W26/><G26/><T17/><D17/><U101/><E68/><V19/><F115/><W85/><G85/><T126/><D126/><U7/><E7/><V71/><F129/><W51/><G96/><T23/><D23/><U1/><E1/><V103/><F103/><W43/><G43/><T16/><D16/><AGARI ba="0,0" hai="10,13,16,21,27,28,33,35,41,44,51" m="51723" machi="16" ten="30,2000,0" yaku="20,1,54,1" doraHai="90" who="3" fromWho="0" sc="170,-20,330,0,250,0,250,20" /><INIT seed="2,0,0,4,3,8" ten="150,330,250,270" oya="2" hai0="84,59,104,60,50,45,92,111,115,28,42,82,58" hai1="132,4,69,36,108,34,18,121,135,131,83,56,89" hai2="114,65,107,125,31,7,101,67,64,38,109,63,14" hai3="5,120,16,57,70,68,48,54,19,71,1,43,129"/><V87/><F114/><W119/><G119/><T90/><D111/><U85/><E69/><V49/><F38/><W0/><G120/><T17/><D104/><U24/><E121/><V32/><F109/><W44/><G129/><T124/><D124/><U100/><E108/><V72/><F72/><W96/><G96/><T6/><D115/><U37/><E131/><V80/><F125/><W94/><G94/><T126/><D126/><U41/><E4/><V61/><F32/><W88/><G88/><T62/><D28/><N who="1" m="19719" /><E41/><V35/><F35/><W79/><G79/><T91/><D6/><U10/><E100/><V105/><F31/><W103/><G103/><T75/><D75/><U13/><E56/><V113/><F113/><W9/><REACH who="3" step="1"/><G1/><REACH who="3" ten="150,330,250,260" step="2"/><T73/><D73/><U53/><E89/><V20/><F101/><W118/><G118/><T33/><D91/><U23/><E85/><V117/><F117/><W97/><G97/><T39/><D92/><U2/><E83/><V81/><F80/><W98/><G98/><T102/><D102/><U74/><E74/><V26/><F81/><W29/><G29/><T47/><D90/><U134/><E2/><V46/><F87/><W15/><G15/><T78/><D84/><U30/><E30/><N who="2" m="17735" /><F107/><W52/><G52/><N who="0" m="29775" /><D82/><U25/><E53/><N who="2" m="29879" /><F105/><W130/><G130/><T116/><D78/><U93/><E93/><V55/><F55/><W110/><G110/><T95/><D95/><U127/><E127/><V133/><F133/><W40/><G40/><T11/><D42/><U21/><E135/><V77/><F77/><W112/><G112/><RYUUKYOKU ba="0,1" sc="150,-15,330,-15,250,15,260,15" hai2="7,14,61,63,64,65,67" hai3="0,5,9,16,19,43,44,48,54,57,68,70,71" /><INIT seed="2,1,1,5,0,68" ten="135,315,265,275" oya="2" hai0="121,122,102,64,130,78,1,79,16,106,65,14,61" hai1="96,113,45,56,32,74,40,116,58,126,0,71,59" hai2="108,77,27,135,101,7,17,89,36,100,8,42,109" hai3="80,99,20,21,10,12,53,50,90,31,52,48,28"/><V87/><F77/><W24/><G20/><T38/><D1/><U88/><E116/><V123/><F123/><W63/><G31/><T97/><D130/><U29/><E113/><V120/><F120/><W2/><G2/><T103/><D103/><U125/><E71/><V70/><F70/><W134/><G134/><T33/><D33/><U9/><E74/><V92/><F135/><W67/><G67/><T82/><D79/><U34/><E96/><V132/><F132/><W47/><G63/><T98/><D98/><U18/><E88/><V22/><F42/><W43/><G50/><T104/><D104/><U66/><E66/><V35/><F36/><W5/><G99/><T30/><D30/><U131/><E131/><V124/><F35/><W133/><G133/><T107/><D107/><U93/><E93/><V13/><REACH who="2" step="1"/><F124/><REACH who="2" ten="135,315,255,275" step="2"/><W15/><G43/><T51/><D38/><U73/><E34/><V112/><F112/><W94/><G53/><T119/><D122/><U83/><E126/><V84/><F84/><W44/><G44/><T114/><D114/><U26/><E125/><V95/><F95/><W75/><G75/><T25/><D121/><U110/><E73/><V127/><F127/><W54/><G54/><T41/><D78/><U76/><E76/><V129/><F129/><W85/><G94/><T69/><D41/><U46/><E40/><V23/><F23/><W91/><G21/><T37/><D37/><U62/><E32/><V118/><F118/><W72/><G72/><T4/><D119/><U57/><E83/><V60/><F60/><W55/><G80/><RYUUKYOKU ba="1,2" sc="135,-10,315,-10,255,30,275,-10" hai2="7,8,13,17,22,27,87,89,92,100,101,108,109" /><INIT seed="2,2,2,0,1,132" ten="125,305,285,265" oya="2" hai0="102,108,124,45,4,47,41,17,130,67,39,37,103" hai1="7,63,128,72,36,122,119,113,64,106,22,94,114" hai2="50,19,40,91,84,52,81,74,5,135,126,54,112" hai3="71,0,20,134,115,62,55,92,15,125,85,83,32"/><V26/><F112/><W105/><G115/><T118/><D4/><U65/><E106/><V129/><F74/><W61/><G105/><T101/><D108/><U16/><E119/><V2/><F135/><W30/><G0/><T49/><D118/><U77/><E36/><V99/><F129/><W33/><G92/><T29/><D130/><U18/><E128/><V116/><F116/><W14/><G71/><T80/><D29/><U35/><E35/><V117/><F117/><W12/><G134/><T110/><D110/><U59/><E122/><V109/><F109/><W66/><G66/><T56/><D17/><U6/><E65/><V86/><F99/><W131/><G131/><T82/><D124/><U70/><E70/><V25/><F126/><W60/><G55/><N who="2" m="21033" /><F2/><W31/><G125/><T58/><D49/><U88/><E6/><V90/><F19/><N who="3" m="10367" /><G32/><T23/><D23/><U78/><E7/><V13/><F13/><N who="3" m="5227" /><G33/><T87/><D87/><N who="1" m="52511" /><E72/><V100/><F100/><W97/><G97/><T9/><D9/><U69/><E18/><V1/><F1/><W79/><AGARI ba="2,2" hai="30,31,60,61,62,79,83,85" m="5227,10367" machi="79" ten="30,1100,0" yaku="8,1" doraHai="132" who="3" fromWho="3" sc="125,-5,305,-5,285,-7,265,37" /><INIT seed="3,0,0,1,5,27" ten="120,300,278,302" oya="3" hai0="52,80,74,89,61,29,16,15,108,3,10,98,8" hai1="21,0,53,114,41,82,58,12,116,120,92,107,131" hai2="129,81,97,17,96,64,115,72,134,68,76,95,51" hai3="83,103,123,86,33,18,124,22,50,1,99,49,130"/><W135/><G123/><T67/><D108/><U55/><E107/><V47/><F115/><W42/><G124/><T104/><D104/><U23/><E120/><V37/><F129/><W126/><G126/><T69/><D74/><U100/><E0/><V48/><F134/><W75/><G75/><T127/><D127/><U13/><E131/><V87/><F68/><W40/><G1/><T2/><D29/><U4/><E114/><V84/><F64/><W90/><G33/><T14/><D52/><N who="1" m="20043" /><E116/><V132/><F37/><W24/><G135/><T71/><D71/><U117/><E117/><V38/><F38/><W5/><G5/><T119/><D119/><U85/><E41/><N who="3" m="15978" /><G130/><T133/><D133/><U54/><E92/><AGARI ba="0,0" hai="18,22,24,49,50,83,86,90,92,99,103" m="15978" machi="92" ten="30,1500,0" yaku="8,1" doraHai="27" who="3" fromWho="1" sc="120,0,300,-15,278,0,302,15" /><INIT seed="3,1,0,3,3,41" ten="120,285,278,317" oya="3" hai0="123,71,44,26,22,0,62,53,27,54,47,82,119" hai1="105,56,84,111,19,109,35,63,81,68,64,74,20" hai2="28,46,103,58,113,87,32,6,78,118,51,107,3" hai3="70,122,114,128,125,2,126,38,11,93,95,43,98"/><W133/><G114/><T102/><D119/><U72/><E105/><V31/><F113/><W101/><G122/><T45/><D123/><U94/><E35/><V106/><F118/><W1/><G128/><T49/><D0/><U108/><E68/><V116/><F116/><W37/><G133/><T34/><D102/><U115/><E94/><V73/><F73/><W60/><G95/><T12/><D34/><U80/><E115/><V17/><F6/><N who="3" m="1487" /><G43/><T76/><D12/><N who="1" m="9319" /><E81/><V85/><F3/><W69/><G2/><T120/><D120/><U65/><E65/><V110/><F103/><W67/><G70/><T42/><D42/><U55/><E64/><V61/><F106/><W36/><G36/><T135/><D135/><U13/><E13/><V8/><F107/><W16/><G16/><N who="0" m="12615" /><D71/><U121/><E121/><V104/><F17/><W127/><AGARI ba="1,0" hai="37,38,60,67,69,93,98,101,125,126,127" m="1487" machi="127" ten="30,1500,0" yaku="18,1" doraHai="41" who="3" fromWho="3" sc="120,-6,285,-6,278,-6,317,18" /><INIT seed="3,2,0,5,0,42" ten="114,279,272,335" oya="3" hai0="45,69,83,114,3,80,87,19,6,35,9,132,60" hai1="1,18,48,37,104,44,91,86,28,25,43,95,66" hai2="97,36,7,72,129,103,38,21,98,71,53,61,34" hai3="94,99,27,113,74,79,124,125,13,49,120,46,14"/><W54/><G113/><T15/><D114/><U16/><E104/><V50/><F72/><W55/><G120/><T118/><D118/><U96/><E1/><V8/><F34/><W2/><G2/><T78/><D132/><U126/><E126/><N who="3" m="48746" /><G27/><T111/><D111/><U101/><E66/><V10/><F21/><W30/><G30/><T65/><D35/><U63/><E63/><V82/><F98/><W47/><G79/><T108/><D108/><U123/><E123/><V112/><F10/><W93/><G74/><T5/><D3/><U107/><REACH who="1" step="1"/><E37/><REACH who="1" ten="114,269,272,335" step="2"/><V110/><F38/><W90/><G94/><T102/><D102/><U58/><E58/><V33/><F103/><W75/><G75/><T62/><D62/><U56/><E56/><V119/><F61/><W41/><G55/><T127/><D127/><U59/><E59/><V76/><F53/><W26/><G26/><T106/><D106/><U23/><AGARI ba="2,1" hai="16,18,23,25,28,43,44,48,86,91,95,96,101,107" machi="23" ten="20,8000,1" yaku="1,1,0,1,7,1,52,1,54,1,53,0" doraHai="42" doraHaiUra="68" who="1" fromWho="1" sc="114,-22,269,96,272,-22,335,-42" /><INIT seed="4,0,0,1,0,0" ten="92,365,250,293" oya="0" hai0="102,68,95,107,9,29,133,52,42,51,126,32,134" hai1="90,125,94,33,11,61,98,18,34,23,106,37,82" hai2="111,63,73,21,22,67,47,76,122,56,40,36,80" hai3="118,121,30,8,53,28,55,79,3,117,83,131,91"/><T78/><D126/><U119/><E119/><V45/><F111/><W75/><G131/><T4/><D107/><U89/><E125/><V43/><REACH who="2" step="1"/><F122/><REACH who="2" ten="92,365,240,293" step="2"/><W92/><G121/><T5/><D68/><U48/><E34/><V10/><F10/><W20/><G118/><T38/><D9/><U65/><E33/><V62/><F62/><W114/><G117/><T57/><D78/><U85/><E11/><V69/><F69/><W100/><G8/><T16/><D16/><U87/><E61/><V93/><F93/><W88/><G3/><T127/><D127/><U6/><E94/><V17/><F17/><W81/><G92/><T99/><D32/><U108/><E108/><V24/><F24/><W103/><G79/><T19/><D19/><U14/><E18/><V116/><F116/><W101/><G20/><T70/><D70/><U132/><E23/><V123/><F123/><W77/><G77/><T105/><D95/><U130/><E106/><V13/><F13/><W41/><G103/><T12/><D12/><U54/><E14/><V104/><F104/><W1/><G1/><T7/><REACH who="0" step="1"/><D29/><REACH who="0" ten="82,365,240,293" step="2"/><U120/><E120/><V113/><F113/><W25/><G114/><T15/><D15/><U124/><E124/><V97/><F97/><W74/><G25/><T129/><D129/><U112/><E98/><V66/><F66/><W72/><G30/><T49/><D49/><AGARI ba="0,2" hai="21,22,36,40,43,45,47,49,56,63,67,73,76,80" machi="49" ten="30,3900,0" yaku="1,1,7,1,53,1" doraHai="0" doraHaiUra="46" who="2" fromWho="0" sc="82,-39,365,0,240,59,293,0" /><INIT seed="5,0,0,2,2,123" ten="43,365,299,293" oya="1" hai0="32,97,4,130,29,133,49,53,103,75,100,117,82" hai1="62,102,79,39,84,81,73,51,113,48,70,106,25" hai2="0,54,112,46,92,80,101,131,118,5,34,9,109" hai3="95,26,58,65,104,132,126,115,61,110,45,10,83"/><U36/><E113/><V40/><F118/><W55/><G104/><T85/><D117/><U43/><E51/><V128/><F34/><W20/><G115/><T21/><D32/><U56/><E48/><V111/><F54/><W64/><G126/><T63/><D75/><U98/><E70/><V108/><F112/><W96/><G132/><T27/><D133/><U99/><E43/><V89/><F101/><W129/><G129/><N who="2" m="49737" /><F80/><W17/><G45/><T2/><D130/><U37/><E99/><N who="2" m="57743" /><F46/><W28/><G83/><T33/><D33/><U107/><E25/><V74/><F74/><W16/><G110/><T12/><D63/><U127/><E127/><V19/><F19/><N who="3" m="7243" /><G10/><T59/><D2/><U42/><E42/><AGARI ba="0,0" hai="0,5,9,40,42,108,109,111" m="57743,49737" machi="42" ten="40,8000,1" yaku="19,1,52,3" doraHai="123" who="2" fromWho="1" sc="43,0,365,-80,299,80,293,0" /><INIT seed="6,0,0,2,1,23" ten="43,285,379,293" oya="2" hai0="26,129,123,5,9,38,15,0,21,20,77,124,37" hai1="127,110,69,55,68,81,126,98,2,53,112,74,105" hai2="11,27,134,131,61,135,45,34,119,58,31,19,43" hai3="52,42,44,121,28,100,64,6,109,78,88,117,70"/><V39/><F119/><W71/><G117/><T85/><D77/><N who="1" m="44215" /><E2/><V106/><F106/><W10/><G121/><T13/><D85/><U92/><E105/><V104/><F104/><W57/><G64/><T96/><D96/><U48/><E110/><V66/><F131/><W67/><G67/><T87/><D87/><U3/><E3/><V101/><F101/><W116/><G116/><T40/><D40/><U8/><E8/><V1/><F19/><W29/><G100/><T79/><D79/><U36/><E36/><V12/><F12/><W14/><G78/><T108/><D38/><U107/><E107/><V35/><REACH who="2" step="1"/><F34/><REACH who="2" ten="43,285,369,293" step="2"/><W62/><G109/><T33/><D108/><U90/><E112/><V130/><F130/><W51/><G29/><N who="0" m="19639" /><D129/><U54/><E48/><V125/><F125/><AGARI ba="0,1" hai="53,54,55,68,69,90,92,98,125,126,127" m="44215" machi="125" ten="30,1000,0" yaku="18,1" doraHai="23" who="1" fromWho="2" sc="43,0,285,20,369,-10,293,0" /><INIT seed="7,0,0,1,1,131" ten="43,305,359,293" oya="3" hai0="44,105,134,34,70,122,72,63,129,38,133,73,78" hai1="42,88,61,27,0,57,120,36,124,5,85,82,19" hai2="100,14,115,46,91,127,123,1,10,13,9,89,86" hai3="4,18,126,71,81,92,28,119,113,35,52,43,99"/><W135/><G119/><T79/><D44/><U3/><E120/><V114/><F100/><W8/><G71/><T74/><D63/><U50/><E124/><V29/><F127/><W30/><G126/><T97/><D34/><U15/><E36/><V21/><F46/><W55/><G43/><T32/><D32/><U94/><E42/><V90/><F86/><W45/><G113/><N who="2" m="43017" /><F123/><W102/><G135/><T49/><D49/><U67/><E50/><V68/><F68/><W128/><G128/><T69/><D38/><U11/><E27/><N who="2" m="16623" /><F10/><W33/><G81/><T22/><D22/><U84/><REACH who="1" step="1"/><E19/><REACH who="1" ten="43,295,359,293" step="2"/><V103/><F103/><W60/><G18/><T56/><D56/><U112/><E112/><V2/><F14/><N who="3" m="5383" /><G35/><T54/><D54/><U26/><E26/><V118/><F118/><W16/><G16/><AGARI ba="0,1" hai="1,2,9,13,16,89,90,91" m="16623,43017" machi="16" ten="30,2000,0" yaku="15,1,54,1" doraHai="131" who="2" fromWho="3" sc="43,0,295,0,359,30,293,-20" owari="43,-46.0,295,10.0,389,49.0,273,-13.0" /></mjloggm>