<mjloggm ver="2.3"><GO type="169" lobby="0"/><UN n0="%E3%80%93%E4%B9%9D%E6%9D%A1%E3%82%AB%E3%83%AC%E3%83%B3%E3%80%93" n1="%E3%81%A8%E3%81%97%52" n2="%E5%87%B6%E4%BB%8B%40%E6%9D%8F%E6%9D%8F%E8%BB%8D%E5%9B%A3" n3="%E3%82%A6%E3%83%AB%E3%83%88%E3%83%A9%E7%AB%8B%E7%9B%B4" dan="16,16,16,17" rate="2094.48,2031.01,2094.59,2193.99" sx="M,M,M,M"/><TAIKYOKU oya="0"/><INIT seed="0,0,0,1,5,37" ten="250,250,250,250" oya="0" hai0="73,131,26,30,10,34,27,86,12,24,64,60,95" hai1="83,81,109,79,32,128,124,48,132,80,102,28,106" hai2="51,41,82,9,61,63,84,38,104,19,116,4,69" hai3="134,25,133,101,93,119,46,87,97,53,42,121,108"/><T18/><D73/><U88/><E109/><V94/><F104/><W13/><G119/><T125/><D131/><U130/><E32/><V2/><F38/><W39/><G108/><T120/><D125/><U90/><E28/><V99/><F116/><W89/><G121/><T100/><D120/><U117/><E117/><V123/><F123/><W72/><G72/><T17/><D17/><U126/><E48/><V59/><F69/><W1/><G1/><T36/><D36/><U76/><E102/><V7/><F7/><W57/><G13/><T112/><D112/><U67/><E67/><V114/><F114/><W98/><G25/><T15/><D12/><U8/><E8/><V21/><F59/><W47/><G47/><T110/><D110/><U65/><E65/><V118/><F118/><W113/><G113/><T20/><D34/><U122/><E122/><V23/><F23/><W96/><REACH who="3" step="1"/><G101/><REACH who="3" ten="250,250,250,240" step="2"/><T62/><D100/><U71/><E126/><V107/><F2/><W43/><G43/><T129/><D129/><U91/><E124/><V58/><F41/><W52/><G52/><T85/><D64/><U56/><E130/><V49/><F107/><W55/><G55/><T66/><D66/><U33/><E128/><V11/><F4/><W16/><G16/><T70/><D26/><U68/><E106/><V31/><F19/><W0/><G0/><T92/><D27/><U35/><E71/><V77/><F31/><W45/><G45/><T22/><D70/><U103/><E68/><V5/><F5/><W54/><G54/><T111/><D111/><U127/><E127/><RYUUKYOKU ba="0,1" sc="250,-10,250,-10,250,-10,240,30" hai3="39,42,46,53,57,87,89,93,96,97,98,133,134" /><INIT seed="1,1,1,1,0,20" ten="240,240,240,270" oya="1" hai0="30,117,119,50,118,110,68,81,60,28,36,52,34" hai1="131,124,71,86,48,105,13,77,90,97,108,104,22" hai2="6,70,92,83,123,46,47,21,89,101,88,98,12" hai3="11,127,107,0,106,38,16,26,122,55,69,39,126"/><U58/><E71/><V115/><F123/><W128/><G69/><T18/><D110/><U132/><E108/><V45/><F70/><W5/><G55/><T3/><D36/><N who="3" m="13865" /><G122/><T41/><D3/><U8/><E77/><V116/><F116/><W113/><G113/><T42/><D18/><U32/><E32/><V24/><F115/><W133/><G128/><T120/><D120/><U96/><E131/><V4/><F83/><W82/><G82/><T134/><D81/><N who="1" m="49487" /><E104/><N who="3" m="39978" /><G16/><T102/><D102/><U35/><E105/><V114/><F114/><W7/><G7/><N who="2" m="2601" /><F12/><W84/><G84/><T129/><D129/><U56/><E13/><V19/><AGARI ba="1,1" hai="19,21,24,45,46,47,88,89,92,98,101" m="2601" machi="19" ten="30,4000,0" yaku="8,1,52,1,54,1" doraHai="20" who="2" fromWho="2" sc="240,-11,240,-21,240,53,270,-11" /><INIT seed="2,0,0,1,0,35" ten="229,219,293,259" oya="2" hai0="115,98,59,11,49,14,22,30,6,26,50,91,74" hai1="122,93,33,114,80,76,108,60,9,51,3,57,85" hai2="78,117,7,121,29,86,34,2,53,106,37,119,65" hai3="120,45,25,131,38,96,133,23,13,12,41,77,103"/><V105/><F37/><W56/><G120/><T52/><D115/><U66/><E114/><V118/><F121/><W8/><G131/><T48/><REACH who="0" step="1"/><D74/><REACH who="0" ten="219,219,293,259" step="2"/><U97/><E122/><V135/><F135/><W64/><G133/><T129/><D129/><U4/><E108/><V62/><F118/><W88/><G77/><T71/><D71/><U5/><E33/><V126/><F117/><W54/><G64/><T132/><D132/><U20/><E4/><V47/><F119/><W63/><G8/><T107/><D107/><U116/><E116/><V10/><F105/><W90/><G90/><T68/><D68/><U43/><E20/><V73/><F106/><W55/><G103/><T42/><D42/><U67/><E43/><V58/><F73/><W27/><G88/><T21/><D21/><U110/><E110/><V1/><F34/><W127/><G23/><T70/><D70/><U95/><E67/><V46/><F65/><W104/><G41/><T69/><D69/><U87/><E66/><V24/><F29/><W113/><G104/><T82/><D82/><U28/><E28/><V18/><F78/><W44/><G113/><T75/><D75/><U89/><E76/><V83/><F83/><W0/><G55/><T112/><D112/><U15/><E80/><V125/><F53/><W100/><G54/><T79/><D79/><U128/><E128/><V123/><F123/><W92/><G100/><T111/><D111/><U32/><E32/><V134/><F134/><W16/><G92/><AGARI ba="0,1" hai="6,11,14,22,26,30,48,49,50,52,59,91,92,98" machi="92" ten="40,5200,0" yaku="1,1,8,1,54,1,53,0" doraHai="35" doraHaiUra="61" who="0" fromWho="3" sc="219,62,219,0,293,0,259,-52" /><INIT seed="3,0,0,0,4,36" ten="281,219,293,207" oya="3" hai0="50,61,37,23,35,92,74,7,19,71,6,46,42" hai1="115,95,32,79,4,26,12,10,28,134,97,45,51" hai2="133,52,66,118,5,62,84,15,41,60,88,114,14" hai3="119,131,121,54,96,69,98,113,107,29,17,117,33"/><W126/><G54/><T13/><D74/><U57/><E134/><V63/><F118/><N who="3" m="45067" /><G17/><T39/><D35/><U0/><E115/><V87/><F133/><W100/><G113/><T108/><D108/><U64/><E79/><V82/><F114/><W73/><G69/><T132/><D132/><U65/><E57/><N who="2" m="34855" /><F41/><W25/><G121/><T99/><D39/><U9/><E9/><N who="2" m="4399" /><F66/><W103/><G73/><T90/><REACH who="0" step="1"/><D37/><REACH who="0" ten="271,219,293,207" step="2"/><U81/><E32/><V3/><F3/><W24/><G131/><T80/><D80/><U40/><E81/><N who="2" m="49263" /><F15/><W55/><G126/><T106/><D106/><U83/><E83/><V47/><F47/><W120/><G107/><T135/><D135/><U68/><E0/><V70/><F70/><W56/><G33/><T38/><D38/><U21/><REACH who="1" step="1"/><E68/><REACH who="1" ten="271,209,293,207" step="2"/><V110/><F110/><W93/><G120/><T109/><D109/><U31/><E31/><V127/><F127/><W116/><G29/><T11/><D11/><U85/><E85/><V22/><F22/><W123/><G116/><T78/><D78/><AGARI ba="0,2" hai="62,63,78,82,84" m="49263,4399,34855" machi="78" ten="30,3900,0" yaku="8,1,54,2" doraHai="36" who="2" fromWho="0" sc="271,-39,209,0,293,59,207,0" /><INIT seed="4,0,0,5,4,55" ten="232,209,352,207" oya="0" hai0="48,16,14,125,75,25,45,9,100,21,112,11,134" hai1="15,35,60,43,66,70,120,50,49,28,126,110,123" hai2="78,27,19,76,56,114,77,69,113,53,29,24,57" hai3="80,42,115,95,96,106,133,128,71,108,92,81,79"/><T64/><D112/><N who="2" m="43114" /><F69/><W2/><G42/><T7/><D125/><U132/><E110/><V91/><F29/><W51/><G51/><T59/><D134/><U111/><E111/><V26/><F91/><W58/><G2/><T36/><D75/><U22/><E132/><V121/><F121/><W68/><G115/><T72/><D72/><U23/><E126/><V38/><F38/><W52/><G96/><T122/><D122/><U32/><E32/><V44/><F19/><W99/><G99/><T73/><D73/><U54/><E35/><V4/><F4/><W30/><G30/><T89/><D36/><U103/><E103/><V98/><F98/><W1/><G79/><T65/><D100/><U94/><E94/><V18/><F18/><W130/><G106/><T12/><D89/><U90/><E90/><V34/><F34/><W107/><G107/><T116/><D116/><U104/><E104/><V84/><F84/><W127/><G108/><T8/><D7/><U119/><E119/><V87/><F87/><W17/><G17/><T37/><D37/><U62/><E123/><V117/><F117/><W97/><G97/><T86/><D86/><U135/><E135/><V61/><F61/><N who="3" m="36039" /><G133/><T85/><D85/><U31/><E31/><V129/><F129/><N who="3" m="49771" /><G127/><T5/><D5/><U102/><E28/><V20/><F20/><W101/><G101/><T67/><D45/><N who="1" m="25791" /><E102/><V6/><F6/><W13/><G1/><T0/><D0/><U105/><E105/><V63/><F44/><W93/><G13/><T83/><D83/><AGARI ba="0,0" hai="68,71,80,81,83,92,93,95" m="49771,36039" machi="83" ten="30,3900,0" yaku="19,1,52,1,54,1" doraHai="55" who="3" fromWho="0" sc="232,-39,209,0,352,0,207,39" /><INIT seed="5,0,0,0,2,24" ten="193,209,352,246" oya="1" hai0="110,70,106,12,93,63,109,32,84,69,47,39,73" hai1="66,88,74,51,17,29,105,126,16,13,81,58,72" hai2="26,1,15,41,91,111,112,98,19,85,133,130,125" hai3="67,6,20,54,27,46,0,82,78,5,101,2,34"/><U7/><E105/><V64/><F111/><W71/><G34/><T76/><D106/><U117/><E117/><V30/><F1/><W132/><G101/><T53/><D32/><U128/><E72/><V99/><F125/><W119/><G67/><N who="0" m="41215" /><D12/><U33/><E74/><V55/><F130/><W61/><G71/><T68/><D93/><U10/><E128/><V87/><F133/><W25/><G61/><T57/><D84/><N who="1" m="50191" /><E126/><V124/><F41/><W37/><G54/><T95/><D73/><U49/><E33/><V121/><F124/><W94/><G37/><T44/><D76/><U65/><E29/><V115/><F87/><W21/><G78/><T118/><D118/><U100/><E100/><V62/><F98/><W97/><G97/><T28/><D28/><U113/><E113/><V3/><F99/><W23/><G119/><T116/><D116/><U75/><E75/><V45/><F3/><W14/><G0/><T107/><D107/><U123/><E123/><V102/><F121/><W83/><G2/><T18/><D70/><U40/><E7/><V120/><F120/><W134/><G5/><T108/><D68/><U48/><E17/><V31/><F115/><W80/><G134/><T96/><D18/><U129/><E129/><V90/><F19/><W43/><G132/><T92/><D39/><U36/><E58/><V103/><F112/><W135/><G135/><T9/><D57/><U56/><E56/><V86/><F103/><W89/><G89/><T8/><D110/><U42/><E36/><V35/><F102/><W127/><G127/><T50/><D109/><RYUUKYOKU ba="0,0" sc="193,-10,209,30,352,-10,246,-10" hai1="10,13,16,40,42,48,49,51,65,66" /><INIT seed="5,1,0,1,0,63" ten="183,239,342,236" oya="1" hai0="60,114,14,127,82,78,70,13,37,128,91,26,4" hai1="96,79,112,111,24,71,1,6,36,16,29,102,12" hai2="55,38,120,85,15,100,115,80,105,126,62,41,131" hai3="46,132,90,23,47,19,56,86,2,97,118,11,83"/><U50/><E36/><V134/><F120/><W107/><G132/><T39/><D114/><U8/><E112/><V124/><F134/><W27/><G118/><T51/><D127/><N who="2" m="48682" /><F115/><W68/><G68/><T110/><D110/><U48/><E71/><V87/><F131/><W89/><G2/><T33/><D128/><U72/><E79/><V92/><F105/><W103/><G11/><T52/><D91/><U75/><E75/><V18/><F41/><W21/><G56/><T104/><D104/><N who="1" m="63559" /><E72/><V53/><F38/><W20/><G23/><T106/><D106/><U130/><E130/><V123/><F123/><W119/><G119/><T7/><D39/><U125/><E125/><V54/><F62/><W76/><G90/><T30/><D37/><U113/><E111/><V109/><F109/><W108/><G108/><T49/><D4/><U43/><E43/><V122/><F122/><W116/><G116/><T84/><D7/><U67/><E113/><V135/><F135/><W101/><G101/><T40/><D40/><U64/><E50/><V34/><F34/><W0/><G0/><T117/><D117/><U9/><E48/><V3/><F3/><W28/><REACH who="3" step="1"/><G76/><REACH who="3" ten="183,239,342,226" step="2"/><T25/><D70/><U10/><E10/><N who="2" m="6519" /><F100/><W74/><G74/><T94/><D33/><N who="1" m="20647" /><E9/><V57/><F57/><W59/><G59/><T81/><D60/><U121/><E121/><V98/><F98/><W69/><G69/><T65/><D78/><U22/><AGARI ba="1,1" hai="1,6,8,12,16,22,64,67" m="20647,63559" machi="22" ten="30,11700,0" yaku="24,1,52,2,54,1" doraHai="63" who="1" fromWho="1" sc="183,-40,239,130,342,-40,226,-40" /><INIT seed="5,2,0,1,4,21" ten="143,369,302,186" oya="1" hai0="108,109,12,113,29,40,93,70,16,90,53,41,98" hai1="68,32,22,33,19,56,31,52,86,45,59,5,3" hai2="63,76,119,73,100,69,20,23,103,129,62,25,92" hai3="8,130,122,134,17,104,7,78,118,106,79,64,35"/><U57/><E68/><V47/><F119/><W55/><G64/><T66/><D113/><U135/><E135/><V77/><F129/><W110/><G17/><T120/><D120/><U128/><E128/><V37/><F73/><W58/><G58/><T127/><D127/><U123/><E123/><V4/><F4/><W107/><G55/><T72/><D72/><U124/><E124/><V83/><F83/><W99/><G8/><T82/><D82/><U13/><E86/><V27/><F69/><W49/><G49/><T38/><D29/><U87/><E87/><V24/><F37/><W60/><G60/><N who="2" m="23081" /><F47/><W80/><G7/><T74/><D74/><U89/><E89/><V1/><F1/><W2/><G2/><T61/><D53/><U26/><E45/><V65/><F65/><W71/><G35/><T125/><D125/><U91/><E91/><V112/><F112/><W102/><G71/><T44/><REACH who="0" step="1"/><D41/><REACH who="0" ten="133,369,302,186" step="2"/><U95/><E52/><V50/><F50/><W43/><G43/><T0/><D0/><U28/><E3/><V133/><F133/><W111/><G122/><T30/><D30/><U132/><E31/><V116/><F116/><W114/><G118/><T75/><D75/><U46/><E28/><V105/><F77/><W39/><G78/><T117/><D117/><U94/><E132/><V42/><F76/><W84/><G134/><T36/><D36/><U97/><E33/><V126/><F126/><W14/><G114/><T48/><D48/><U115/><E32/><V85/><F42/><W6/><G39/><T54/><D54/><U131/><E115/><RYUUKYOKU ba="2,1" sc="133,30,369,-10,302,-10,186,-10" hai0="12,16,38,40,44,61,66,70,90,93,98,108,109" /><INIT seed="6,3,1,4,4,13" ten="163,359,292,176" oya="2" hai0="52,54,36,7,1,123,89,60,27,72,76,106,74" hai1="55,73,120,83,122,12,63,98,132,59,50,102,61" hai2="104,108,115,41,39,111,21,53,47,70,31,121,0" hai3="56,58,8,118,11,88,116,129,101,9,10,114,112"/><V91/><F121/><N who="1" m="46697" /><E132/><V17/><F0/><W105/><N who="3" m="2048" /><DORA hai="77" /><W135/><G135/><T30/><D54/><U49/><E12/><V2/><F2/><W40/><G40/><T32/><D89/><U68/><E73/><V119/><F119/><N who="3" m="45611" /><G88/><T124/><D30/><U96/><E83/><V82/><F31/><W126/><G129/><T22/><D22/><U134/><E134/><V51/><F70/><W85/><G85/><T43/><D43/><U23/><E23/><V62/><F104/><W57/><G105/><T84/><D60/><U90/><E90/><V110/><F62/><W86/><G86/><T3/><D84/><U66/><E98/><V92/><F92/><AGARI ba="3,1" hai="49,50,55,59,61,63,66,68,92,96,102" m="46697" machi="92" ten="30,1000,0" yaku="13,1" doraHai="13,77" who="1" fromWho="2" sc="163,0,359,29,292,-19,176,0" /><INIT seed="7,0,0,3,2,83" ten="163,388,273,176" oya="3" hai0="126,106,53,18,60,48,120,97,89,7,46,2,59" hai1="65,93,57,22,58,75,23,55,12,131,26,28,73" hai2="70,44,110,68,45,98,119,134,4,6,125,108,16" hai3="79,103,42,121,47,115,9,17,63,24,77,95,92"/><W56/><G121/><T117/><D126/><U101/><E131/><V102/><F119/><W64/><G115/><T8/><D117/><U114/><E114/><V21/><F125/><W123/><G123/><T13/><D120/><U84/><E65/><V43/><F134/><W105/><G105/><T15/><D18/><N who="1" m="10567" /><E75/><V5/><F45/><W10/><G24/><T135/><D135/><U32/><E73/><V0/><F0/><W85/><G103/><T33/><D33/><U14/><E14/><V66/><F66/><W122/><G122/><T67/><REACH who="0" step="1"/><D89/><REACH who="0" ten="153,388,273,176" step="2"/><N who="1" m="53415" /><E32/><V128/><F128/><W39/><G17/><T124/><D124/><U118/><E118/><V29/><F16/><W100/><G9/><T78/><D78/><U81/><E101/><AGARI ba="0,1" hai="2,7,8,13,15,46,48,53,59,60,67,97,101,106" machi="101" ten="40,1300,0" yaku="1,1,53,0" doraHai="83" doraHaiUra="130" who="0" fromWho="1" sc="153,23,388,-13,273,0,176,0" owari="176,-22.0,375,47.0,273,7.0,176,-32.0" /></mjloggm>