<mjloggm ver="2.3"><GO type="169" lobby="0"/><UN n0="%E5%B0%B1%E6%B4%BB%E7%94%9F%40%E5%B7%9D%E6%9D%91%E8%BB%8D%E5%9B%A3" n1="%E3%81%93%E3%83%BC%E3%82%81%E3%83%BC%E3%81%95%E3%82%93" n2="%53%74%65%69%6E%73" n3="%E5%A4%A9%E9%9F%B3%E3%81%95%E3%82%93" dan="18,17,16,17" rate="2264.54,2132.76,2042.99,2160.43" sx="M,M,M,F"/><TAIKYOKU oya="0"/><INIT seed="0,0,0,3,1,55" ten="250,250,250,250" oya="0" hai0="68,48,95,54,125,80,114,62,45,59,100,83,98" hai1="106,46,12,65,132,126,2,1,30,120,92,50,88" hai2="111,44,131,123,113,78,25,102,53,14,67,51,109" hai3="107,22,108,37,118,117,94,41,73,134,33,16,18"/><T39/><D114/><U96/><E120/><V6/><F123/><W84/><G107/><T35/><D35/><U24/><E126/><V93/><F113/><W38/><G73/><T99/><D125/><U101/><E132/><V13/><F78/><W47/><G33/><T105/><D39/><U42/><E12/><V3/><F131/><W82/><G134/><T115/><D68/><U7/><E7/><V112/><F112/><W122/><G122/><T31/><D31/><U63/><E30/><V15/><F67/><W20/><G38/><T81/><D115/><U34/><E24/><V128/><F128/><W52/><G94/><T77/><D99/><U124/><E124/><V5/><F25/><W66/><G66/><T26/><D26/><U29/><E29/><V10/><F5/><W71/><G71/><T27/><D27/><U121/><E34/><V86/><F86/><W19/><G108/><N who="2" m="41545" /><F3/><W32/><G32/><T60/><D105/><U17/><E17/><V36/><F36/><W130/><G130/><T43/><REACH who="0" step="1"/><D62/><REACH who="0" ten="240,250,250,250" step="2"/><U8/><E121/><V28/><F28/><W72/><G37/><T119/><D119/><U129/><E129/><V0/><F0/><W87/><G118/><T110/><D110/><U90/><E106/><V135/><F135/><W76/><G117/><T104/><D104/><U58/><REACH who="1" step="1"/><E8/><REACH who="1" ten="240,240,250,250" step="2"/><V89/><F10/><W69/><G22/><T103/><D103/><U23/><E23/><V9/><F102/><W70/><G20/><T4/><D4/><U40/><E40/><V64/><F9/><W61/><G41/><T133/><D133/><RYUUKYOKU ba="0,2" sc="240,15,240,15,250,-15,250,-15" hai0="43,45,48,54,59,60,77,80,81,83,95,98,100" hai1="1,2,42,46,50,58,63,65,88,90,92,96,101" /><INIT seed="0,1,2,2,2,131" ten="255,255,235,235" oya="0" hai0="77,8,129,65,88,45,3,112,22,12,83,49,71" hai1="67,19,130,94,114,75,70,123,36,29,43,41,20" hai2="37,15,26,116,38,6,110,30,51,9,73,82,132" hai3="53,89,50,76,59,108,101,44,7,69,91,11,52"/><T84/><D112/><U18/><E75/><V2/><F110/><W55/><G69/><T61/><D129/><U24/><E123/><V42/><F116/><W56/><G108/><T4/><D22/><U64/><E130/><V109/><F109/><W133/><G101/><T90/><REACH who="0" step="1"/><D3/><REACH who="0" ten="245,255,235,235" step="2"/><U104/><E114/><V81/><F2/><W115/><G115/><T80/><D80/><U111/><E111/><V134/><F81/><W1/><G76/><T107/><D107/><U32/><E104/><V127/><F127/><W35/><G35/><T93/><D93/><U125/><E125/><V40/><F82/><W66/><G1/><T105/><D105/><U48/><E36/><V135/><F73/><W27/><G11/><T34/><D34/><U102/><E32/><N who="2" m="20567" /><F51/><W99/><G50/><T128/><D128/><U72/><E94/><V113/><F113/><W121/><G121/><T60/><D60/><U17/><E72/><V95/><F95/><W10/><G10/><T46/><D46/><U97/><E48/><V85/><F85/><W33/><G44/><T58/><D58/><U39/><E70/><V0/><F0/><W117/><G59/><T23/><D23/><U106/><E39/><AGARI ba="1,3" hai="6,9,15,37,38,39,40,42,132,134,135" m="20567" machi="39" ten="40,8000,1" yaku="20,1,52,3" doraHai="131" who="2" fromWho="1" sc="245,0,255,-83,235,113,235,0" /><INIT seed="1,0,0,0,0,60" ten="245,172,348,235" oya="1" hai0="42,0,71,41,58,20,14,24,17,89,46,23,44" hai1="107,21,127,119,39,26,72,95,30,106,62,11,118" hai2="40,111,98,73,32,51,68,1,85,9,84,93,16" hai3="56,8,5,52,25,116,132,82,55,134,57,90,99"/><U19/><E72/><V4/><F73/><W115/><G115/><T59/><D71/><U33/><E39/><V88/><F32/><W29/><G116/><T50/><D0/><U53/><E127/><V130/><F130/><W45/><G45/><T135/><D135/><N who="3" m="51753" /><G57/><T112/><D112/><U102/><E11/><V7/><F111/><W6/><G6/><T27/><D89/><U2/><E2/><V120/><F68/><W18/><G18/><T96/><D96/><U38/><E38/><V47/><F120/><W3/><G56/><T64/><D64/><U97/><E119/><V110/><F110/><W35/><G82/><T31/><REACH who="0" step="1"/><D27/><REACH who="0" ten="235,172,348,235" step="2"/><U122/><E118/><V69/><F69/><W108/><G108/><T83/><D83/><U113/><E122/><V28/><F1/><W131/><G131/><T114/><D114/><U65/><E113/><V133/><F133/><W67/><G67/><T75/><D75/><U80/><E80/><V100/><F84/><W13/><G3/><T105/><D105/><U12/><E65/><V37/><F85/><W61/><G90/><T54/><D54/><U22/><E107/><V86/><F86/><W49/><G99/><T128/><D128/><U124/><E106/><V70/><F70/><W109/><G109/><T104/><D104/><U117/><E117/><V10/><F88/><W126/><G55/><T34/><D34/><U63/><E33/><V43/><F98/><W74/><G74/><T48/><AGARI ba="0,1" hai="14,17,20,23,24,31,41,42,44,46,48,50,58,59" machi="48" ten="20,8000,1" yaku="1,1,0,1,7,1,9,1,8,1,53,0" doraHai="60" doraHaiUra="79" who="0" fromWho="0" sc="235,90,172,-40,348,-20,235,-20" /><INIT seed="2,0,0,1,1,75" ten="325,132,328,215" oya="2" hai0="85,103,6,93,84,29,101,113,118,60,40,15,16" hai1="57,100,59,58,71,82,18,8,48,126,27,20,63" hai2="78,21,35,7,49,69,24,54,74,115,116,124,112" hai3="67,66,19,133,135,11,50,4,10,37,91,102,72"/><V111/><F116/><W51/><G72/><T13/><D113/><U73/><E126/><V109/><F35/><W23/><G37/><T62/><D118/><U53/><E100/><V106/><F69/><W89/><G102/><T41/><D29/><U52/><E71/><V108/><F106/><W42/><G23/><T87/><D87/><U129/><E129/><V47/><F7/><W130/><G4/><T125/><D6/><U134/><E134/><V39/><F39/><W121/><G19/><T99/><D125/><U26/><E8/><V65/><F65/><W12/><G12/><T70/><D70/><U28/><E59/><V120/><F120/><W14/><G14/><T79/><D99/><U1/><E1/><V80/><REACH who="2" step="1"/><F124/><REACH who="2" ten="325,132,318,215" step="2"/><W0/><G121/><T105/><D105/><U132/><E132/><V119/><F119/><W5/><G5/><T3/><D3/><U76/><REACH who="1" step="1"/><E26/><REACH who="1" ten="325,122,318,215" step="2"/><V114/><F114/><W46/><G135/><T38/><D15/><U45/><E45/><V2/><F2/><W123/><G0/><T56/><D13/><U117/><E117/><V68/><F68/><W30/><G133/><T131/><D131/><U95/><E95/><V43/><F43/><W77/><G42/><T9/><D93/><U104/><E104/><V32/><F32/><W34/><G34/><T36/><D41/><U128/><E128/><V97/><F97/><W61/><G130/><T107/><D40/><U25/><E25/><V94/><F94/><W83/><G46/><T44/><D44/><U55/><E55/><V31/><AGARI ba="0,2" hai="21,24,31,47,49,54,74,78,80,108,109,111,112,115" machi="31" ten="30,12000,1" yaku="1,1,0,1,14,1,10,1,52,1,53,0" doraHai="75" doraHaiUra="86" who="2" fromWho="2" sc="325,-40,122,-40,318,140,215,-40" /><INIT seed="2,1,0,5,4,67" ten="285,82,458,175" oya="2" hai0="3,97,31,34,92,96,83,38,16,126,39,48,2" hai1="118,112,13,42,110,61,104,35,28,20,33,93,14" hai2="5,47,91,52,127,71,115,43,116,87,76,26,24" hai3="30,65,90,101,103,109,58,44,72,68,57,4,19"/><V66/><F116/><W128/><G72/><T63/><D126/><U84/><E104/><V41/><F115/><W73/><G73/><T77/><D34/><U130/><E118/><V11/><F76/><W113/><G4/><T75/><D31/><U32/><E42/><V99/><F99/><W40/><G30/><T105/><D105/><U86/><E112/><V8/><F8/><W53/><G58/><T95/><D48/><U25/><E130/><V133/><F133/><W89/><G19/><T64/><D39/><U134/><E134/><V106/><F106/><W129/><G113/><T12/><D38/><U29/><E29/><V100/><F100/><W18/><G18/><T98/><D3/><U0/><E0/><V117/><F127/><W15/><G15/><T69/><REACH who="0" step="1"/><D2/><REACH who="0" ten="275,82,458,175" step="2"/><U102/><E110/><V45/><F117/><W80/><G109/><T62/><D62/><U107/><E107/><V36/><F36/><W114/><G114/><T79/><D79/><U120/><E120/><V50/><F45/><W21/><G44/><T88/><D88/><U81/><E35/><V132/><F132/><W123/><G90/><T74/><D74/><U85/><E33/><V122/><F122/><W59/><G89/><T78/><D78/><U51/><E32/><V55/><F41/><W9/><G40/><T22/><AGARI ba="1,1" hai="12,16,22,63,64,69,75,77,83,92,95,96,97,98" machi="22" ten="30,7900,0" yaku="1,1,0,1,52,1,54,1,53,0" doraHai="67" doraHaiUra="49" who="0" fromWho="0" sc="275,92,82,-21,458,-40,175,-21" /><INIT seed="3,0,0,4,1,103" ten="367,61,418,154" oya="3" hai0="53,80,49,12,15,113,94,62,56,38,133,45,75" hai1="88,87,32,34,9,128,3,84,112,93,65,135,52" hai2="0,129,124,18,44,66,82,79,74,30,10,105,99" hai3="1,77,50,120,68,108,21,100,8,43,115,51,126"/><W40/><G120/><T83/><D133/><U114/><E135/><V125/><F30/><W39/><G115/><T119/><D119/><U4/><E65/><V60/><F44/><W63/><G77/><T33/><D33/><U109/><E109/><V36/><F36/><W17/><G108/><T106/><D106/><U117/><E117/><V35/><F35/><W71/><G100/><T123/><D123/><U92/><E128/><V28/><F28/><W37/><G8/><T97/><D38/><U122/><E122/><V13/><F0/><W110/><G21/><T76/><D83/><U67/><E67/><V25/><F25/><W70/><G17/><T121/><D121/><U42/><E42/><V6/><F6/><W132/><G1/><T90/><REACH who="0" step="1"/><D113/><REACH who="0" ten="357,61,418,154" step="2"/><U89/><E34/><V11/><F129/><W2/><G132/><T7/><D7/><U55/><E32/><V23/><F124/><W48/><G126/><T101/><D101/><U107/><E107/><V58/><F125/><W127/><G127/><T31/><D31/><U59/><REACH who="1" step="1"/><E55/><AGARI ba="0,1" hai="12,15,45,49,53,55,56,62,75,76,80,90,94,97" machi="55" ten="30,3900,0" yaku="1,1,7,1,53,1" doraHai="103" doraHaiUra="41" who="0" fromWho="1" sc="357,49,61,-39,418,0,154,0" /><INIT seed="4,0,0,1,3,135" ten="406,22,418,154" oya="0" hai0="124,15,131,43,23,60,50,99,82,125,55,46,114" hai1="81,83,95,98,8,65,20,62,97,85,40,74,94" hai2="18,51,5,47,63,118,78,1,112,116,110,108,127" hai3="132,13,2,106,29,32,4,21,134,59,90,80,77"/><T87/><D131/><U122/><E122/><V109/><F112/><W3/><G106/><T130/><D130/><U92/><E40/><V31/><F31/><W48/><G32/><T101/><D114/><U52/><E8/><N who="2" m="2095" /><F127/><N who="0" m="48714" /><D15/><U102/><E20/><V28/><F28/><W126/><G90/><N who="0" m="51575" /><D23/><U115/><E115/><V11/><F78/><W7/><G77/><T88/><D88/><N who="1" m="53519" /><E65/><V120/><F63/><W37/><G13/><T123/><D123/><U133/><E133/><V14/><F120/><W68/><G21/><T111/><D111/><U41/><E41/><V45/><F51/><W24/><G48/><T70/><D70/><U38/><E38/><V10/><F10/><W117/><G37/><T16/><D16/><U57/><E74/><V0/><F0/><W105/><G3/><T96/><D101/><AGARI ba="0,0" hai="52,57,62,81,83,92,95,97,98,101,102" m="53519" machi="101" ten="30,3900,0" yaku="8,1,54,2" doraHai="135" who="1" fromWho="0" sc="406,-39,22,39,418,0,154,0" /><INIT seed="5,0,0,5,2,96" ten="367,61,418,154" oya="1" hai0="2,98,46,15,107,89,76,97,30,48,67,125,5" hai1="81,90,131,122,104,37,9,32,60,119,10,12,14" hai2="75,22,127,31,102,118,87,113,57,120,35,117,135" hai3="133,39,61,64,91,7,88,3,55,38,99,74,129"/><U95/><E32/><V72/><F35/><W27/><G74/><T6/><D2/><U111/><E37/><V51/><F120/><W130/><G55/><T63/><D125/><U25/><E122/><V40/><F127/><W86/><G133/><T77/><D30/><U26/><E119/><V108/><F108/><W18/><G7/><T123/><D123/><U85/><E104/><V84/><F135/><W50/><G50/><T11/><D5/><U21/><E111/><V116/><F102/><W128/><G3/><T0/><D0/><U73/><E131/><V114/><F84/><W62/><G62/><T13/><D13/><U54/><E73/><V103/><F103/><W17/><G99/><T20/><D20/><U45/><E81/><V1/><F87/><W49/><G49/><T68/><D97/><U19/><E21/><V79/><F1/><W66/><G27/><T43/><D107/><U23/><E23/><V44/><F57/><N who="3" m="36911" /><G66/><T126/><D126/><U58/><E45/><V101/><F101/><W109/><G91/><T41/><D41/><U121/><REACH who="1" step="1"/><E121/><REACH who="1" ten="367,51,418,154" step="2"/><V33/><F33/><W52/><G109/><T59/><D68/><U78/><E78/><V8/><F79/><W115/><G129/><T4/><D77/><U105/><E105/><V100/><F72/><W124/><G130/><T80/><D76/><U29/><E29/><V16/><F75/><W47/><G128/><T28/><D28/><U36/><E36/><V53/><F116/><W70/><G39/><T132/><D132/><U71/><E71/><V83/><F117/><W34/><G124/><RYUUKYOKU ba="0,1" sc="367,-10,51,30,418,-10,154,-10" hai1="9,10,12,14,19,25,26,54,58,60,85,90,95" /><INIT seed="5,1,1,3,2,54" ten="357,81,408,144" oya="1" hai0="17,80,34,68,1,85,49,48,110,33,53,75,8" hai1="45,133,13,6,103,97,28,55,64,93,130,106,24" hai2="56,135,73,4,41,108,89,21,99,12,121,113,66" hai3="79,57,86,63,92,87,76,19,22,112,71,131,29"/><U0/><E0/><V67/><F73/><W40/><G71/><T58/><D75/><U91/><E133/><V122/><F108/><W52/><G112/><T107/><D107/><U30/><E130/><V127/><F135/><W102/><G29/><T14/><D110/><U5/><E64/><V46/><F127/><W95/><G40/><T120/><D120/><U84/><E13/><V38/><F113/><W111/><G111/><T50/><D68/><U126/><E126/><V132/><F132/><W43/><G43/><T96/><D1/><U26/><E26/><V69/><F69/><W118/><G118/><T90/><REACH who="0" step="1"/><D96/><REACH who="0" ten="347,81,408,144" step="2"/><U9/><E106/><V42/><F121/><W10/><G131/><T36/><D36/><U59/><E45/><V11/><F122/><W31/><G87/><T88/><D88/><U124/><E124/><V129/><F129/><W7/><G86/><T51/><AGARI ba="1,2" hai="8,14,17,33,34,48,49,50,51,53,58,80,85,90" machi="51" ten="30,4000,0" yaku="1,1,0,1,52,1,53,0" doraHai="54" doraHaiUra="35" who="0" fromWho="0" sc="347,63,81,-21,408,-11,144,-11" /><INIT seed="6,0,0,3,5,14" ten="410,60,397,133" oya="2" hai0="63,28,15,88,32,106,25,23,109,46,52,114,112" hai1="82,73,130,81,21,49,95,62,86,13,53,125,51" hai2="133,1,48,35,71,58,121,39,66,127,55,129,45" hai3="108,87,79,43,104,90,94,91,38,76,29,72,78"/><V65/><F35/><W9/><G29/><T5/><D106/><U18/><E125/><V56/><F1/><W64/><G64/><T11/><D109/><U124/><E124/><V50/><F121/><W107/><G9/><T27/><D88/><N who="1" m="53655" /><E130/><V17/><F127/><W34/><G43/><T96/><D96/><U41/><E73/><V115/><F129/><W84/><G38/><T57/><REACH who="0" step="1"/><D46/><REACH who="0" ten="400,60,397,133" step="2"/><N who="1" m="25807" /><E62/><V105/><F105/><W99/><G108/><T128/><D128/><U103/><E103/><V100/><F100/><W3/><G107/><T33/><D33/><U31/><E31/><AGARI ba="0,1" hai="5,11,15,23,25,27,28,31,32,52,57,63,112,114" machi="31" ten="40,2600,0" yaku="1,1,54,1,53,0" doraHai="14" doraHaiUra="98" who="0" fromWho="1" sc="400,36,60,-26,397,0,133,0" /><INIT seed="7,0,0,5,0,85" ten="436,34,397,133" oya="3" hai0="39,1,102,40,119,62,105,18,56,34,71,96,107" hai1="6,129,28,58,47,73,31,33,113,4,87,16,13" hai2="116,123,94,20,43,125,61,2,77,106,35,131,44" hai3="52,69,59,89,11,45,30,48,110,76,100,3,81"/><W54/><G69/><T118/><D107/><U80/><E73/><V36/><F106/><W64/><G100/><T91/><D91/><U126/><E126/><V19/><F35/><W83/><G30/><T90/><D90/><U72/><E72/><V67/><F116/><W74/><G64/><N who="0" m="41367" /><D56/><U93/><E129/><V27/><F131/><W132/><G110/><T104/><D104/><U68/><E113/><V82/><F125/><W51/><G132/><T117/><D18/><U38/><E68/><V130/><F130/><W120/><G120/><T95/><D95/><U9/><E38/><V49/><F123/><W8/><G3/><T135/><D135/><U29/><E33/><V7/><F94/><W122/><G122/><T37/><D40/><U112/><E112/><V14/><F2/><W50/><G50/><T134/><D134/><U133/><E133/><V108/><F108/><W32/><G32/><T103/><D103/><U109/><E109/><V15/><F7/><W55/><G55/><T128/><D128/><U86/><E47/><V78/><F78/><W101/><G101/><T121/><D121/><U70/><E70/><V92/><F92/><W98/><G98/><T5/><D34/><U124/><E124/><V41/><F41/><W114/><G114/><T25/><D25/><U10/><E10/><AGARI ba="0,0" hai="1,5,10,37,39,96,102,105,117,118,119" m="41367" machi="10" ten="30,1000,0" yaku="23,1" doraHai="85" who="0" fromWho="1" sc="436,10,34,-10,397,0,133,0" owari="446,55.0,24,-48.0,397,20.0,133,-27.0" /></mjloggm>