<mjloggm ver="2.3"><GO type="169" lobby="0"/><UN n0="%64%65%61%69%75%70%2E%63" n1="%E3%81%8F%E3%81%A3%E3%81%99%E3%82%93" n2="%E3%83%88%E3%83%88%E3%83%AA%E5%85%88%E7%94%9F%31%39%E6%AD%B3" n3="%E3%82%8F%E3%81%9F%E5%9D%8A%E2%98%86" dan="16,16,18,16" rate="2122.32,2073.86,2272.95,2122.62" sx="M,M,F,M"/><TAIKYOKU oya="0"/><INIT seed="0,0,0,2,2,6" ten="250,250,250,250" oya="0" hai0="100,117,125,13,123,21,121,32,96,118,30,15,63" hai1="43,3,44,49,116,64,101,23,73,111,46,131,54" hai2="133,124,110,55,82,89,36,93,68,107,67,87,97" hai3="129,16,119,52,88,83,85,69,35,70,8,72,28"/><T0/><D63/><U78/><E116/><N who="0" m="44649" /><D96/><U5/><E131/><V92/><F36/><W10/><G72/><T19/><D100/><U86/><E64/><V90/><F55/><W14/><G129/><T132/><D0/><U130/><E101/><N who="2" m="62895" /><F67/><W29/><G119/><T76/><D76/><U59/><E130/><V48/><F48/><W106/><G106/><T98/><D98/><U74/><E46/><V114/><F68/><W50/><G35/><T84/><D84/><U51/><E23/><V4/><F4/><W122/><G122/><N who="0" m="46603" /><D132/><U80/><E49/><V95/><F133/><W79/><G79/><T126/><D15/><U65/><E65/><V113/><F124/><N who="0" m="47722" /><D32/><U99/><E99/><V24/><F90/><W53/><G53/><T20/><D30/><N who="3" m="11881" /><G69/><T34/><D34/><U75/><E3/><V17/><F92/><W134/><G134/><T37/><D37/><U57/><E78/><V27/><F95/><W9/><G70/><T109/><D109/><U39/><E111/><V115/><F110/><W42/><G42/><T31/><D31/><U12/><E12/><V102/><F102/><W135/><G135/><T127/><N who="0" m="47730" /><T1/><DORA hai="104" /><D1/><U22/><E86/><V2/><F2/><W128/><G128/><T18/><D18/><U41/><E39/><V11/><F93/><W94/><G94/><T120/><N who="0" m="46611" /><T60/><DORA hai="66" /><D60/><U71/><E71/><V40/><F40/><W56/><AGARI ba="0,0" hai="8,9,10,14,16,50,52,56,83,85,88" m="11881" machi="56" ten="30,12000,2" yaku="8,1,52,3,54,3" doraHai="6,104,66" who="3" fromWho="3" sc="250,-60,250,-30,250,-30,250,120" /><INIT seed="1,0,0,1,0,38" ten="190,220,220,370" oya="1" hai0="66,78,129,27,95,108,6,102,82,51,96,19,62" hai1="88,49,128,11,67,70,72,119,7,86,130,30,100" hai2="46,20,60,32,83,3,80,37,26,133,22,12,103" hai3="10,43,65,75,85,107,124,35,118,1,8,97,31"/><U28/><E72/><V127/><F3/><W90/><G75/><T116/><D116/><U54/><E119/><V109/><F109/><W125/><G118/><T89/><D108/><U29/><E100/><V87/><F133/><W15/><G65/><T57/><D129/><N who="1" m="49771" /><E70/><V21/><F127/><N who="3" m="48715" /><G1/><T101/><D6/><U36/><E67/><V34/><F103/><N who="3" m="62959" /><G15/><T63/><D63/><U52/><E36/><V50/><F37/><W42/><G35/><T93/><D93/><N who="1" m="54423" /><E49/><V45/><F50/><W104/><G31/><N who="1" m="7938" /><U123/><DORA hai="77" /><E123/><V24/><F60/><W76/><G104/><T40/><D27/><U81/><E81/><V25/><F12/><AGARI ba="0,0" hai="7,11,12,52,54" m="7938,54423,49771" machi="12" ten="40,7700,0" yaku="19,1,54,2" doraHai="38,77" who="1" fromWho="2" sc="190,0,220,77,220,-77,370,0" /><INIT seed="1,1,0,2,0,108" ten="190,297,143,370" oya="1" hai0="54,49,71,91,123,45,107,18,97,60,96,63,86" hai1="106,81,42,50,28,69,109,74,85,5,51,57,46" hai2="72,134,120,61,133,68,32,82,103,21,79,62,67" hai3="22,26,73,100,39,40,111,75,65,126,110,58,8"/><U94/><E106/><V17/><F120/><W35/><G35/><T90/><D123/><U66/><E69/><V77/><F32/><W130/><G130/><T30/><D30/><U84/><E74/><V119/><F119/><W101/><G126/><T118/><D118/><U59/><E28/><V128/><F128/><W89/><G8/><T132/><D132/><U14/><E109/><N who="3" m="41482" /><G89/><T10/><D90/><N who="1" m="53583" /><E66/><V0/><F0/><W117/><G117/><T27/><D107/><U16/><E5/><V34/><F34/><W48/><G39/><T29/><D29/><U95/><E95/><V93/><F79/><W98/><G40/><T7/><D71/><U104/><E104/><V33/><F33/><W129/><G129/><T116/><D116/><U92/><E92/><V24/><REACH who="2" step="1"/><F62/><REACH who="2" ten="190,297,133,370" step="2"/><N who="3" m="38103" /><G73/><T87/><D60/><U76/><E51/><V44/><F44/><W4/><G48/><T31/><D63/><U124/><E124/><V122/><F122/><W36/><G75/><T20/><D49/><U125/><E125/><V83/><F83/><W55/><G36/><T135/><D135/><U3/><E3/><V1/><F1/><W23/><G101/><T127/><D127/><U37/><E37/><V64/><F64/><W38/><G38/><T115/><D45/><U6/><E6/><V15/><F15/><W99/><G4/><T43/><D7/><U53/><E42/><V70/><F70/><W52/><G100/><T2/><D43/><U102/><E102/><V12/><F12/><W114/><G26/><T19/><D27/><U88/><E76/><V56/><F56/><RYUUKYOKU ba="1,1" sc="190,-15,297,15,133,15,370,-15" hai1="14,16,46,50,53,57,59,81,84,88" hai2="17,21,24,61,67,68,72,77,82,93,103,133,134" /><INIT seed="1,2,1,0,1,66" ten="175,312,148,355" oya="1" hai0="54,58,75,117,94,10,45,28,14,79,98,30,12" hai1="50,65,92,16,49,40,20,2,7,128,83,93,3" hai2="122,104,133,70,85,67,64,129,62,84,1,57,18" hai3="63,101,96,135,123,69,80,9,39,100,102,87,68"/><U61/><E128/><V56/><F122/><W132/><G123/><T11/><D117/><U13/><E83/><V134/><F104/><W36/><G96/><T42/><D75/><U103/><E3/><V125/><F1/><W118/><G118/><T33/><D79/><U24/><E2/><V106/><F106/><W124/><G63/><T48/><D11/><U15/><E7/><V114/><F129/><W44/><G9/><T131/><D131/><U27/><E27/><V0/><F0/><W23/><G23/><T6/><D14/><U38/><E38/><V115/><F18/><W110/><G110/><T88/><REACH who="0" step="1"/><D33/><REACH who="0" ten="165,312,148,355" step="2"/><U76/><E76/><V72/><F72/><W81/><G124/><T5/><D5/><U82/><E15/><V109/><F125/><W91/><G132/><T95/><D95/><U113/><E92/><V55/><F109/><W97/><G135/><T105/><D105/><U37/><E113/><N who="2" m="43019" /><F134/><W74/><G74/><T32/><D32/><U34/><E82/><V86/><F133/><W120/><G81/><T112/><D112/><U99/><E34/><V43/><F85/><W107/><G120/><T41/><D41/><U111/><E13/><V51/><F43/><N who="3" m="22631" /><G107/><T77/><D77/><U130/><E111/><V59/><F86/><W89/><G80/><T17/><D17/><U121/><E121/><V71/><F84/><W21/><G87/><T90/><D90/><N who="3" m="34313" /><G21/><T47/><D47/><N who="1" m="23951" /><E130/><V4/><F4/><W116/><G116/><T73/><D73/><U52/><E93/><V26/><F26/><W19/><G19/><T119/><D119/><RYUUKYOKU ba="2,2" sc="165,15,312,-15,148,15,355,-15" hai0="6,10,12,28,30,42,45,48,54,58,88,94,98" hai2="51,55,56,57,59,62,64,67,70,71" /><INIT seed="2,3,2,5,0,54" ten="180,297,163,340" oya="2" hai0="134,126,31,24,133,87,56,86,96,48,11,108,135" hai1="38,63,112,123,124,62,70,19,65,73,76,28,20" hai2="107,115,97,94,27,105,127,16,58,44,29,129,131" hai3="111,82,7,35,5,116,121,1,43,40,77,91,17"/><V21/><F115/><W122/><G35/><N who="0" m="20967" /><D108/><U95/><E112/><V90/><F127/><W114/><G116/><T59/><D126/><U81/><E124/><V34/><F44/><W26/><G114/><T37/><D37/><U2/><E38/><V12/><REACH who="2" step="1"/><F58/><REACH who="2" ten="180,297,153,340" step="2"/><N who="0" m="22058" /><D48/><U9/><E123/><V18/><F18/><W42/><G17/><T85/><D11/><U132/><E19/><V93/><F93/><W92/><G92/><T109/><D109/><U30/><E95/><V55/><F55/><W120/><G120/><T23/><D23/><U10/><E9/><V57/><F57/><W75/><G122/><T110/><D110/><U72/><E10/><V47/><F47/><W50/><G111/><T61/><D61/><U41/><E62/><V128/><AGARI ba="3,3" hai="12,16,21,27,29,34,90,94,97,105,107,128,129,131" machi="128" ten="30,18000,2" yaku="1,1,0,1,19,1,54,1,53,2" doraHai="54" doraHaiUra="100" who="2" fromWho="2" sc="180,-63,297,-63,153,219,340,-63" /><INIT seed="2,4,0,4,1,60" ten="117,234,372,277" oya="2" hai0="93,108,121,13,8,133,129,17,75,9,57,47,42" hai1="78,23,6,41,29,135,0,99,88,115,109,56,20" hai2="64,1,71,110,12,66,125,106,80,49,38,107,84" hai3="89,120,86,37,40,53,127,28,34,103,77,98,94"/><V65/><F38/><W50/><G120/><T72/><D121/><U25/><E115/><V104/><F1/><W24/><G127/><T26/><D108/><U112/><E109/><V134/><F110/><W122/><G122/><T90/><D129/><U39/><E112/><V113/><F113/><W105/><G37/><T126/><D126/><U52/><E78/><V18/><F125/><W70/><G70/><T100/><D100/><U128/><E128/><V44/><F134/><W101/><G101/><T59/><D133/><U3/><E135/><V131/><F131/><W76/><G40/><T74/><D8/><U68/><E68/><V119/><F119/><W111/><G111/><T22/><D47/><AGARI ba="4,0" hai="24,28,34,47,50,53,76,77,86,89,94,98,103,105" machi="47" ten="30,1000,0" yaku="7,1" doraHai="60" who="3" fromWho="0" sc="117,-22,234,0,372,0,277,22" /><INIT seed="3,0,0,3,2,12" ten="95,234,372,299" oya="3" hai0="58,122,127,40,9,18,26,79,106,111,123,113,56" hai1="47,77,126,133,36,32,109,74,94,29,50,49,13" hai2="69,24,51,70,27,64,80,121,125,131,66,55,45" hai3="95,81,57,91,90,17,82,0,8,129,65,105,84"/><W37/><G105/><T103/><D111/><U20/><E109/><V110/><F110/><W6/><G37/><T87/><D127/><U1/><E1/><V25/><F125/><W76/><G129/><T39/><D113/><U88/><E126/><V114/><F114/><W83/><G90/><T21/><D106/><U98/><E133/><V15/><F131/><W93/><G93/><T107/><D107/><U112/><E112/><V34/><F121/><W101/><G101/><T68/><D68/><U3/><E3/><V78/><F34/><W75/><G65/><T54/><D103/><U2/><E2/><V92/><F70/><W116/><G116/><T72/><D72/><U42/><E74/><V41/><F69/><W23/><REACH who="3" step="1"/><G57/><REACH who="3" ten="95,234,372,289" step="2"/><T44/><D58/><U67/><E67/><V33/><F92/><W130/><G130/><T4/><D79/><U59/><E77/><V118/><F118/><W117/><G117/><T19/><D87/><U46/><E36/><V60/><F66/><W22/><G22/><T16/><D123/><U5/><E59/><N who="2" m="34943" /><F64/><W7/><G7/><T99/><D122/><U30/><E32/><V135/><F33/><W120/><G120/><T97/><D97/><U63/><E5/><V52/><F135/><W14/><AGARI ba="0,1" hai="0,6,8,14,17,23,75,76,81,82,83,84,91,95" machi="14" ten="20,7800,0" yaku="1,1,0,1,7,1,52,1,53,0" doraHai="12" doraHaiUra="28" who="3" fromWho="3" sc="95,-26,234,-26,372,-26,289,88" /><INIT seed="3,1,0,2,3,131" ten="69,208,346,377" oya="3" hai0="50,27,33,19,39,121,128,17,91,37,59,123,135" hai1="41,127,47,49,119,42,22,85,84,100,80,110,53" hai2="0,92,117,98,29,30,40,2,130,68,79,66,88" hai3="96,109,74,9,26,23,112,97,76,125,55,81,95"/><W122/><G122/><T65/><D128/><U64/><E110/><V71/><F117/><W15/><G112/><T46/><D65/><U124/><E119/><V114/><F114/><W51/><G109/><T129/><D129/><U111/><E111/><V73/><F130/><W101/><G125/><T105/><D59/><U134/><E100/><V44/><F73/><W13/><G97/><T89/><D50/><U7/><E7/><V58/><F79/><W77/><G9/><T12/><D12/><U103/><E103/><V102/><F58/><W104/><G104/><T75/><D75/><U25/><E64/><V72/><F72/><W62/><G62/><T3/><D3/><U11/><E11/><V31/><F66/><W115/><G115/><T36/><D36/><U35/><E35/><V116/><F116/><W94/><G94/><T82/><D82/><U108/><E108/><V4/><F102/><W1/><G1/><T118/><D118/><U38/><E38/><N who="2" m="21527" /><F4/><W32/><G32/><T6/><D6/><U61/><E124/><V60/><F60/><W93/><G93/><T24/><D33/><U67/><E127/><V87/><F98/><W8/><G8/><T78/><D78/><N who="3" m="30313" /><G81/><T107/><REACH who="0" step="1"/><D46/><REACH who="0" ten="59,208,346,377" step="2"/><U83/><E80/><V34/><F34/><W52/><G74/><T45/><D45/><U133/><E83/><V90/><F2/><W21/><G55/><T99/><D99/><U56/><E42/><V69/><F0/><W63/><G51/><T18/><D18/><N who="1" m="12503" /><E41/><V10/><F90/><W43/><G43/><T28/><D28/><U20/><E20/><RYUUKYOKU ba="1,1" sc="59,10,208,10,346,10,377,-30" hai0="17,19,24,27,37,39,89,91,105,107,121,123,135" hai1="47,49,53,56,61,67,84,85,133,134" hai2="10,29,30,31,68,69,71,87,88,92" /><INIT seed="4,2,1,4,1,88" ten="69,218,356,347" oya="0" hai0="80,31,12,10,71,57,27,67,106,117,37,81,114" hai1="11,28,35,82,40,75,59,26,124,53,93,135,105" hai2="34,86,30,29,87,65,5,97,123,43,130,63,120" hai3="76,51,46,16,69,60,8,78,122,17,58,129,39"/><T20/><D114/><U54/><E105/><V115/><F115/><W72/><G39/><T134/><D117/><U83/><E135/><V15/><F130/><W24/><G69/><T94/><D106/><U79/><E83/><V125/><F125/><W96/><G129/><T133/><D37/><U112/><E112/><V70/><F86/><W110/><G72/><T61/><D71/><U118/><E118/><V103/><F43/><W38/><G38/><T21/><D21/><U95/><E40/><V92/><F5/><W52/><G110/><T132/><REACH who="0" step="1"/><D94/><REACH who="0" ten="59,218,356,347" step="2"/><U50/><E124/><V126/><F126/><W55/><G122/><T33/><D33/><U44/><E11/><V32/><F32/><W111/><G111/><T84/><D84/><U45/><E44/><V4/><F34/><W9/><G9/><T49/><D49/><AGARI ba="2,2" hai="26,28,35,45,49,50,53,54,59,75,79,82,93,95" machi="49" ten="30,3900,0" yaku="7,1,52,2" doraHai="88" who="1" fromWho="0" sc="59,-45,218,65,356,0,347,0" /><INIT seed="5,0,0,4,5,34" ten="14,283,356,347" oya="1" hai0="98,47,80,110,108,118,62,69,103,75,73,25,13" hai1="91,83,55,116,122,15,92,12,114,32,117,56,112" hai2="86,8,70,28,64,94,41,38,65,59,97,54,135" hai3="131,33,106,102,128,90,31,125,19,71,43,60,48"/><U5/><E32/><V100/><F70/><W6/><G125/><T11/><D118/><U20/><E122/><V2/><F135/><W107/><G90/><T95/><D73/><U104/><E104/><V134/><F134/><W1/><G19/><T111/><D111/><U49/><E83/><V130/><F130/><N who="3" m="49707" /><G43/><T44/><D44/><U57/><E57/><V40/><F28/><W21/><G102/><T51/><D25/><U9/><E20/><V129/><F129/><W113/><G21/><T120/><D120/><U30/><E30/><V14/><F2/><W79/><G48/><T39/><D62/><U58/><E58/><V50/><F86/><W42/><G42/><N who="2" m="16489" /><F38/><W18/><G18/><AGARI ba="0,0" hai="8,14,18,50,54,59,64,65,94,97,100" m="16489" machi="18" ten="30,1000,0" yaku="8,1" doraHai="34" who="2" fromWho="3" sc="14,0,283,0,356,10,347,-10" /><INIT seed="6,0,0,4,1,39" ten="14,283,366,337" oya="2" hai0="79,108,91,76,17,40,104,132,10,11,47,115,124" hai1="99,7,74,96,18,32,2,95,61,120,121,3,14" hai2="72,26,109,118,85,15,93,75,36,30,117,123,22" hai3="77,107,41,68,105,128,53,97,49,112,126,92,5"/><V25/><F123/><N who="1" m="47177" /><E74/><V29/><F36/><W102/><G68/><T23/><D108/><U113/><E61/><V64/><F109/><W51/><G77/><T16/><D104/><U38/><E99/><V84/><F15/><W45/><G128/><T88/><D47/><U58/><E58/><V87/><F93/><W82/><G82/><T9/><D132/><U125/><E38/><V34/><REACH who="2" step="1"/><F64/><REACH who="2" ten="14,283,356,337" step="2"/><W122/><G122/><T101/><D101/><U62/><E95/><V127/><F127/><W106/><G126/><T111/><D111/><U116/><E125/><V19/><F19/><W27/><G5/><T71/><D124/><U114/><E116/><AGARI ba="0,1" hai="22,25,26,29,30,34,72,75,84,85,87,116,117,118" machi="116" ten="40,2000,0" yaku="1,1,53,0" doraHai="39" doraHaiUra="8" who="2" fromWho="1" sc="14,0,283,-20,356,30,337,0" /><INIT seed="6,1,0,2,1,1" ten="14,263,386,337" oya="2" hai0="113,61,65,9,40,90,49,87,84,31,15,35,77" hai1="85,47,129,81,83,53,19,127,130,39,94,16,33" hai2="78,122,27,120,123,106,111,5,132,17,58,44,100" hai3="102,109,91,11,57,13,75,92,71,42,110,59,46"/><V124/><F132/><W34/><G75/><T95/><D35/><U112/><E33/><V29/><F124/><W118/><G34/><T107/><D107/><U52/><E127/><V55/><F29/><W4/><G71/><T82/><D31/><U64/><E64/><V63/><F111/><W121/><G121/><T99/><D113/><U18/><E112/><V43/><F78/><W98/><G118/><T56/><D99/><U41/><E94/><V108/><F108/><W135/><G135/><T101/><D101/><U36/><E36/><V32/><F32/><W72/><G72/><T114/><D114/><U115/><E115/><V24/><F17/><W125/><G125/><T73/><D73/><U10/><E10/><V133/><F133/><W6/><G110/><T93/><D87/><U88/><REACH who="1" step="1"/><E83/><REACH who="1" ten="14,253,386,337" step="2"/><V45/><F120/><W74/><G109/><T117/><D117/><U131/><AGARI ba="1,1" hai="16,18,19,39,41,47,52,53,81,85,88,129,130,131" machi="131" ten="40,12000,2" yaku="1,1,2,1,0,1,19,1,54,3,53,0" doraHai="1" doraHaiUra="134" who="1" fromWho="1" sc="14,-31,253,133,386,-61,337,-31" owari="-17,-52.0,386,48.0,325,13.0,306,-9.0" /></mjloggm>