<mjloggm ver="2.3"><GO type="169" lobby="0"/><UN n0="%E5%B0%B1%E6%B4%BB%E7%94%9F%40%E5%B7%9D%E6%9D%91%E8%BB%8D%E5%9B%A3" n1="%6D%6F%6E%6F%2D%31%34" n2="%67%73%6B%67%33" n3="%4C%53%E9%99%BD" dan="18,16,17,16" rate="2260.43,2153.80,2176.72,2117.30" sx="M,M,M,M"/><TAIKYOKU oya="0"/><INIT seed="0,0,0,3,3,42" ten="250,250,250,250" oya="0" hai0="65,135,107,120,3,84,113,13,64,106,39,80,79" hai1="116,7,21,134,14,82,85,70,17,12,86,41,46" hai2="103,50,131,27,69,98,115,51,62,54,76,126,23" hai3="96,44,55,63,18,78,10,58,22,81,117,66,6"/><T124/><D3/><U73/><E70/><V47/><F115/><W119/><G96/><T1/><D1/><U83/><E134/><V105/><F131/><W133/><G133/><T56/><D113/><U4/><E73/><V75/><F126/><W28/><G28/><T97/><D39/><U8/><E116/><V53/><F76/><W130/><G130/><T32/><D32/><U43/><E43/><V90/><F75/><W72/><G66/><T2/><D2/><U102/><E86/><V125/><F125/><W19/><G19/><T33/><D33/><U5/><E83/><V127/><F127/><W101/><G101/><T16/><D135/><U128/><E102/><V26/><F90/><W104/><G104/><T67/><D120/><U49/><REACH who="1" step="1"/><E128/><REACH who="1" ten="250,240,250,250" step="2"/><V112/><F112/><W25/><G117/><T100/><D124/><U34/><E34/><V93/><F69/><W129/><G119/><T38/><D38/><U114/><E114/><V24/><F105/><W52/><G129/><T91/><D107/><U74/><E74/><V121/><F121/><W57/><G72/><T132/><D132/><U45/><E45/><N who="2" m="27855" /><F62/><W77/><G81/><T29/><D79/><AGARI ba="0,1" hai="4,5,7,8,12,14,17,21,41,46,49,79,82,85" machi="79" ten="30,12000,2" yaku="1,1,7,1,25,2,8,1,52,1,53,0" doraHai="42" doraHaiUra="35" who="1" fromWho="0" sc="250,-120,240,130,250,0,250,0" /><INIT seed="1,0,0,2,3,109" ten="130,370,250,250" oya="1" hai0="23,47,121,38,33,108,97,57,18,122,81,103,74" hai1="8,31,63,39,40,88,78,123,124,100,111,55,98" hai2="95,12,32,68,114,112,102,54,86,5,107,0,79" hai3="85,58,14,46,20,11,77,44,65,73,34,115,117"/><U52/><E123/><N who="0" m="47113" /><D33/><U84/><E78/><V43/><F32/><W30/><G34/><T29/><D29/><U106/><E31/><V53/><F0/><W90/><G73/><T51/><D108/><U4/><E124/><V101/><F68/><W61/><G77/><N who="0" m="44215" /><D57/><U118/><E118/><V17/><F107/><W7/><G117/><T66/><D66/><U2/><E111/><V92/><F43/><W99/><G99/><T37/><D18/><U105/><E105/><V62/><F5/><W104/><G104/><N who="0" m="63599" /><D23/><U50/><E39/><V110/><F110/><W129/><G20/><T6/><D6/><U59/><E40/><AGARI ba="0,0" hai="37,38,40,47,51" m="63599,44215,47113" machi="40" ten="30,1000,0" yaku="13,1" doraHai="109" who="0" fromWho="1" sc="130,10,370,-10,250,0,250,0" /><INIT seed="2,0,0,0,0,135" ten="140,360,250,250" oya="2" hai0="86,112,58,25,9,48,118,74,59,90,67,16,107" hai1="102,80,46,68,6,24,4,71,51,50,131,35,26" hai2="105,110,63,41,27,23,124,56,8,88,83,92,95" hai3="20,108,125,29,85,57,69,114,14,89,21,84,43"/><V33/><F105/><W53/><G69/><T22/><D74/><U11/><E102/><V5/><F33/><W87/><G108/><T0/><D107/><U117/><E117/><V111/><F41/><W121/><G121/><T13/><D112/><U30/><E50/><V130/><F83/><W55/><G114/><T73/><D73/><U129/><E6/><V32/><F32/><W100/><G100/><T122/><D122/><U93/><E93/><V133/><F95/><W18/><G43/><T128/><D128/><N who="1" m="49227" /><E24/><V132/><F130/><W10/><G125/><T99/><D99/><U70/><E80/><V109/><F124/><W106/><G106/><T127/><D127/><U54/><E71/><V94/><F94/><W78/><G78/><T126/><D126/><U115/><E115/><V134/><F5/><W36/><G36/><T42/><D0/><AGARI ba="0,0" hai="0,4,11,26,30,35,46,51,54,68,70" m="49227" machi="0" ten="30,1000,0" yaku="19,1" doraHai="135" who="1" fromWho="0" sc="140,-10,360,10,250,0,250,0" /><INIT seed="3,0,0,1,1,38" ten="130,370,250,250" oya="3" hai0="63,98,34,87,53,119,131,26,33,97,47,120,57" hai1="23,92,133,2,115,43,56,48,59,28,39,66,62" hai2="68,112,16,71,25,35,65,102,7,74,10,86,4" hai3="105,32,12,134,89,96,103,95,78,61,58,20,117"/><W22/><G32/><T114/><D120/><U99/><E2/><V30/><F74/><W83/><G117/><T67/><D119/><U94/><E39/><V18/><F112/><W64/><G134/><T9/><D114/><U46/><E133/><V84/><F102/><W126/><G126/><T77/><D131/><U45/><E45/><V42/><F65/><W72/><REACH who="3" step="1"/><G12/><REACH who="3" ten="130,370,250,240" step="2"/><T11/><D33/><U104/><E115/><V76/><F35/><W81/><G81/><T128/><D34/><U108/><E108/><V52/><F68/><W0/><G0/><T21/><D128/><U111/><E111/><V15/><F71/><W107/><G107/><T123/><D123/><U27/><E104/><V41/><F15/><W73/><G73/><T1/><D1/><U54/><E92/><V130/><F130/><W109/><G109/><T69/><D11/><U100/><REACH who="1" step="1"/><E59/><REACH who="1" ten="130,360,250,240" step="2"/><V79/><F10/><W31/><G31/><T127/><D9/><U49/><E49/><V36/><F30/><W17/><G17/><T113/><D113/><U50/><E50/><V29/><F29/><W51/><G51/><N who="0" m="28927" /><D69/><U118/><E118/><V135/><F135/><W37/><G37/><T14/><D127/><U88/><E88/><V40/><F36/><W85/><AGARI ba="0,2" hai="20,22,58,61,64,72,78,83,85,89,95,96,103,105" machi="85" ten="20,12000,1" yaku="1,1,0,1,7,1,24,2,53,0" doraHai="38" doraHaiUra="24" who="3" fromWho="3" sc="130,-40,360,-40,250,-40,240,140" /><INIT seed="3,1,0,5,1,43" ten="90,320,210,380" oya="3" hai0="23,132,30,9,123,2,134,117,76,18,99,125,104" hai1="94,67,64,131,35,114,135,20,31,103,101,34,51" hai2="0,96,58,77,53,62,37,22,46,66,61,36,80" hai3="122,85,81,38,1,78,65,17,126,127,111,63,68"/><W41/><G122/><T105/><D117/><U7/><E114/><V92/><F0/><W49/><G1/><T130/><D123/><U70/><E7/><V112/><F112/><W47/><G111/><T29/><D76/><U27/><E135/><N who="0" m="51753" /><D130/><U16/><E34/><V45/><F22/><W102/><G102/><N who="0" m="62559" /><D105/><U14/><E131/><V24/><F24/><W88/><G17/><T133/><N who="0" m="51761" /><T33/><DORA hai="124" /><D33/><U69/><E70/><V56/><F37/><W73/><REACH who="3" step="1"/><G38/><REACH who="3" ten="90,320,210,370" step="2"/><T129/><D129/><U59/><E103/><N who="2" m="60807" /><F36/><W74/><G74/><T39/><D39/><U93/><E101/><V42/><F42/><W25/><G25/><N who="0" m="14583" /><D125/><U32/><E27/><V82/><F77/><W26/><G26/><T107/><D107/><U60/><E16/><V83/><AGARI ba="1,1" hai="45,46,53,56,58,61,62,66,80,82,83" m="60807" machi="83" ten="30,4000,0" yaku="8,1,52,2" doraHai="43,124" who="2" fromWho="2" sc="90,-11,320,-11,210,53,370,-21" /><INIT seed="4,0,0,5,5,69" ten="79,309,263,349" oya="0" hai0="70,109,76,132,63,47,9,99,102,89,108,62,45" hai1="65,59,98,123,0,26,95,4,94,6,81,97,10" hai2="30,23,92,133,110,107,36,55,74,130,38,101,116" hai3="135,91,50,8,127,67,20,73,131,2,68,125,42"/><T28/><D28/><U22/><E123/><V39/><F55/><W80/><G68/><T103/><D76/><U33/><E33/><V82/><F23/><W51/><G67/><T121/><D121/><U87/><E10/><V32/><F92/><N who="1" m="35369" /><E0/><V122/><F122/><W118/><G20/><T56/><D70/><U64/><E59/><V113/><F110/><N who="0" m="42602" /><D132/><U79/><E65/><V34/><F133/><W29/><G135/><T58/><D89/><U72/><E64/><V53/><F53/><W14/><G91/><T77/><D77/><U120/><E72/><V1/><F1/><W115/><G29/><T71/><D9/><U84/><E84/><V46/><F74/><W93/><G8/><T119/><D71/><U16/><E120/><V17/><F32/><W41/><G73/><T15/><D15/><U61/><E61/><N who="0" m="23049" /><D99/><AGARI ba="0,0" hai="4,6,16,22,26,79,81,87,97,98,99" m="35369" machi="99" ten="30,2000,0" yaku="8,1,54,1" doraHai="69" who="1" fromWho="0" sc="79,-20,309,20,263,0,349,0" /><INIT seed="5,0,0,1,0,120" ten="59,329,263,349" oya="1" hai0="25,68,48,19,98,88,36,130,117,83,105,78,20" hai1="103,33,86,96,67,35,8,85,49,102,126,13,28" hai2="124,27,21,14,100,43,53,63,42,127,61,22,110" hai3="71,59,3,5,80,87,24,9,104,89,6,11,73"/><U132/><E132/><V106/><F106/><W65/><G104/><T121/><D36/><U70/><E126/><N who="2" m="48171" /><F100/><W31/><G73/><T17/><D117/><U45/><E103/><V23/><F27/><W90/><G71/><T26/><D121/><U12/><E12/><V38/><F14/><W92/><G65/><T10/><D68/><U32/><E28/><V50/><F38/><W66/><G66/><T82/><D130/><U15/><E15/><V123/><F123/><W7/><G59/><T118/><D118/><U129/><E129/><V113/><F110/><W44/><G44/><T115/><D115/><U97/><E102/><V91/><F91/><W81/><G81/><T47/><D105/><U30/><E30/><V51/><F113/><W69/><G69/><T77/><D10/><U2/><E2/><V93/><F93/><W55/><G55/><T72/><D98/><U116/><E97/><V0/><F0/><W75/><G3/><T125/><D125/><U84/><E96/><V1/><F1/><W60/><G60/><N who="2" m="23113" /><F53/><W16/><G75/><T39/><D39/><U37/><E37/><V40/><AGARI ba="0,0" hai="21,22,23,40,42,43,50,51" m="23113,48171" machi="40" ten="40,5200,0" yaku="28,2,18,1" doraHai="120" who="2" fromWho="2" sc="59,-13,329,-26,263,52,349,-13" /><INIT seed="6,0,0,0,2,81" ten="46,303,315,336" oya="2" hai0="64,92,58,67,130,89,18,4,32,68,127,105,77" hai1="51,44,82,9,76,15,118,66,42,90,29,20,23" hai2="112,126,84,34,12,5,47,115,17,7,114,37,0" hai3="117,133,86,2,55,131,70,11,3,48,91,31,28"/><V27/><F37/><W50/><G117/><T98/><D127/><U102/><E118/><V135/><F47/><W30/><G70/><T38/><D130/><U129/><E129/><V63/><F63/><W128/><G133/><T57/><D32/><U39/><E66/><V134/><F84/><W110/><G110/><T62/><D38/><U1/><E102/><V16/><F0/><W100/><G100/><T40/><D40/><U121/><E121/><V101/><F101/><W65/><G65/><T73/><D105/><U97/><E1/><V41/><F41/><W87/><G30/><T14/><D4/><N who="2" m="1610" /><F126/><W80/><G80/><T103/><D67/><U45/><E90/><V104/><F104/><W26/><G91/><T46/><D46/><U85/><E97/><V6/><F6/><W36/><G36/><T60/><D60/><U53/><E29/><N who="2" m="19775" /><F17/><AGARI ba="0,0" hai="9,15,17,20,23,39,42,44,45,51,53,76,82,85" machi="17" ten="30,2000,0" yaku="7,1,52,1" doraHai="81" who="1" fromWho="2" sc="46,0,303,20,315,-20,336,0" /><INIT seed="7,0,0,4,5,121" ten="46,323,295,336" oya="3" hai0="37,77,59,70,1,20,115,17,39,18,46,12,127" hai1="6,112,47,35,84,44,99,19,53,81,63,97,48" hai2="13,132,23,116,91,124,109,42,88,131,98,96,108" hai3="61,83,69,45,9,93,71,8,128,68,11,60,130"/><W114/><G114/><T5/><D70/><U89/><E35/><V117/><F42/><W58/><G45/><T101/><D115/><U80/><E112/><V29/><F13/><W113/><G113/><T134/><D134/><U103/><E6/><V38/><F23/><W76/><G93/><T79/><D101/><U129/><E129/><N who="3" m="49770" /><G58/><T15/><D127/><U62/><E47/><V90/><F131/><W102/><G102/><T72/><D59/><U30/><E30/><V106/><F29/><W28/><G28/><T22/><D46/><U24/><E81/><V111/><F38/><W75/><AGARI ba="0,0" hai="8,9,11,60,61,68,69,71,75,76,83" m="49770" machi="75" ten="40,2100,0" yaku="19,1" doraHai="121" who="3" fromWho="3" sc="46,-7,323,-7,295,-7,336,21" owari="39,-46.0,316,12.0,288,-11.0,357,45.0" /></mjloggm>