<mjloggm ver="2.3"><GO type="169" lobby="0"/><UN n0="%E5%B0%B1%E6%B4%BB%E7%94%9F%40%E5%B7%9D%E6%9D%91%E8%BB%8D%E5%9B%A3" n1="%E7%88%BD%E6%B5%B7" n2="%E3%83%8F%E3%82%A4%E3%83%96%E3%83%AA%E3%83%83%E3%83%89%E9%9B%80%E5%A3%AB" n3="%E5%BD%B1%E8%99%8E" dan="18,16,16,16" rate="2301.89,2100.95,2047.10,2105.44" sx="M,F,M,M"/><TAIKYOKU oya="0"/><INIT seed="0,0,0,5,5,4" ten="250,250,250,250" oya="0" hai0="70,88,85,109,27,36,71,35,39,14,6,99,60" hai1="135,28,72,129,116,101,24,107,47,20,1,119,25" hai2="69,125,113,67,92,108,84,57,133,3,52,98,30" hai3="29,131,19,41,31,91,94,100,51,121,34,17,22"/><T93/><D109/><U134/><E72/><V15/><F113/><W73/><G131/><T130/><D130/><U59/><E1/><V111/><F3/><W62/><G73/><T114/><D114/><U123/><E123/><V54/><F133/><N who="1" m="50697" /><E129/><V80/><F125/><W120/><G100/><T86/><D39/><U81/><E59/><V26/><F69/><W104/><G104/><T75/><D75/><U58/><E58/><V2/><F2/><W68/><G19/><T11/><D36/><U115/><E115/><V61/><F15/><W103/><G103/><T90/><D60/><U118/><E24/><V42/><F42/><W102/><G102/><T45/><D45/><U65/><E65/><V132/><F132/><W126/><G126/><T76/><D76/><U110/><E110/><N who="2" m="42027" /><F92/><W33/><G41/><T117/><D117/><U56/><E56/><V63/><F98/><W48/><G62/><T16/><D99/><N who="1" m="61887" /><E47/><V95/><F95/><W18/><G68/><T89/><D93/><U5/><E5/><V21/><F61/><W40/><G94/><T10/><D71/><U43/><E43/><V74/><F74/><W44/><G40/><T38/><D70/><U0/><E0/><V32/><F32/><W105/><G44/><T55/><D38/><U77/><E118/><V12/><F12/><W122/><G105/><T128/><D128/><U7/><E7/><V97/><F97/><W37/><G37/><T96/><D96/><U127/><E127/><V79/><AGARI ba="0,0" hai="21,26,30,52,54,57,63,67,79,80,84" m="42027" machi="79" ten="30,2000,0" yaku="14,1,54,1" doraHai="4" who="2" fromWho="2" sc="250,-10,250,-5,250,20,250,-5" /><INIT seed="1,0,0,2,3,113" ten="240,245,270,245" oya="1" hai0="6,10,61,72,28,21,15,76,7,97,51,36,128" hai1="1,117,83,73,33,64,44,134,0,11,27,48,114" hai2="105,53,46,66,13,52,119,131,49,107,116,101,120" hai3="50,123,110,89,41,30,109,74,40,121,100,88,42"/><U75/><E114/><V24/><F120/><N who="3" m="46155" /><G100/><T54/><D36/><U43/><E134/><V82/><F131/><W126/><G74/><T35/><D128/><U96/><E64/><V127/><F127/><W14/><G30/><T32/><D7/><U23/><E33/><V5/><F66/><W108/><G14/><T39/><D39/><U102/><E117/><V38/><F38/><W70/><G70/><T58/><D72/><U26/><E26/><V71/><F71/><W133/><G126/><T87/><D97/><U68/><E68/><V16/><F5/><W81/><G133/><T57/><D21/><U77/><E11/><V4/><F4/><W132/><G132/><T8/><D8/><U78/><E78/><V130/><F24/><W9/><G9/><T2/><D2/><U103/><E103/><V18/><F18/><W19/><G19/><T47/><D28/><U111/><E111/><V56/><F82/><W80/><G50/><T122/><D122/><U3/><E73/><V20/><F130/><W124/><G124/><T112/><D112/><U62/><E62/><V59/><F46/><W115/><G115/><T90/><D58/><U79/><E79/><V45/><F45/><W99/><G99/><T29/><D29/><N who="1" m="17663" /><E0/><V94/><F105/><W37/><G37/><T86/><D76/><U129/><E129/><V67/><F107/><W55/><G55/><N who="0" m="33983" /><D90/><AGARI ba="0,0" hai="40,41,42,80,81,88,89,90,108,109,110" m="46155" machi="90" ten="40,8000,1" yaku="28,2,14,1,54,1" doraHai="113" who="3" fromWho="0" sc="240,-80,245,0,270,0,245,80" /><INIT seed="2,0,0,5,4,4" ten="160,245,270,325" oya="2" hai0="2,106,8,42,27,95,131,49,61,5,59,62,74" hai1="1,51,86,63,77,57,91,13,69,33,47,44,17" hai2="66,73,70,116,113,65,24,125,53,88,39,134,0" hai3="104,97,79,29,119,16,117,7,133,60,128,30,99"/><V75/><F116/><W3/><G128/><T18/><D106/><U56/><E1/><V40/><F113/><W78/><G133/><T19/><D74/><U102/><E33/><V109/><F0/><W132/><G132/><T14/><D131/><U126/><E102/><V35/><F134/><W64/><G3/><T11/><D95/><U15/><E77/><V67/><F70/><W96/><G7/><T82/><D82/><U71/><E126/><V93/><F125/><W34/><G104/><T9/><D59/><U36/><E36/><V55/><F109/><W120/><G120/><T76/><D76/><U118/><E13/><V43/><F73/><W127/><G97/><T100/><D100/><U41/><E44/><V22/><F35/><W23/><G34/><T52/><D42/><N who="2" m="15914" /><F75/><W20/><G64/><T87/><D87/><U103/><E103/><V114/><F39/><W111/><G127/><T107/><D107/><U123/><E56/><V25/><F114/><W72/><G72/><T105/><D105/><U112/><E123/><V130/><F130/><W115/><G115/><T81/><D81/><N who="1" m="49615" /><E118/><V12/><F12/><W37/><G37/><T58/><D27/><N who="2" m="10314" /><F22/><W45/><G45/><T89/><D89/><U6/><E112/><V80/><F80/><W124/><G124/><T122/><D122/><U135/><E135/><V54/><F67/><W28/><G119/><T129/><D129/><U84/><E71/><V26/><N who="2" m="10322" /><V108/><DORA hai="121" /><F108/><W31/><G111/><T94/><D94/><U38/><E69/><V98/><AGARI ba="0,0" hai="53,54,55,65,66,88,93,98" m="10322,15914" machi="98" ten="40,3900,0" yaku="8,1,54,1" doraHai="4,121" who="2" fromWho="2" sc="160,-13,245,-13,270,39,325,-13" /><INIT seed="2,1,0,4,5,83" ten="147,232,309,312" oya="2" hai0="35,12,105,98,86,69,92,120,130,108,60,110,18" hai1="56,79,100,53,22,116,48,0,55,111,88,15,80" hai2="67,9,133,37,134,10,75,84,21,106,68,42,4" hai3="109,38,87,30,19,71,20,49,124,61,44,50,23"/><V34/><F75/><W89/><G109/><T107/><D35/><U127/><E0/><V103/><F10/><W94/><G124/><T129/><D120/><U14/><E116/><V132/><F34/><W119/><G119/><T11/><D69/><U82/><E100/><V36/><F42/><W46/><G38/><T121/><D60/><U73/><E111/><N who="0" m="42537" /><D121/><U91/><E127/><V76/><F21/><W131/><G131/><N who="0" m="50187" /><D86/><U113/><E113/><V101/><F67/><W70/><G61/><T27/><D27/><U85/><E22/><V128/><F68/><W25/><G70/><T62/><D62/><U72/><E72/><V6/><F128/><W77/><G77/><T74/><D74/><U90/><E53/><V118/><F118/><W17/><G71/><T59/><D59/><U13/><AGARI ba="1,0" hai="13,14,15,48,55,56,73,79,80,82,85,88,90,91" machi="13" ten="30,4000,0" yaku="0,1,52,1,54,1" doraHai="83" who="1" fromWho="1" sc="147,-11,232,43,309,-21,312,-11" /><INIT seed="3,0,0,4,5,91" ten="136,275,288,301" oya="3" hai0="5,8,29,57,46,15,56,12,50,72,76,87,51" hai1="135,126,1,106,35,14,37,86,79,43,77,95,123" hai2="6,61,52,128,134,18,131,47,82,112,124,62,114" hai3="27,22,90,80,59,53,3,71,116,117,65,68,104"/><W30/><G104/><T105/><D72/><U67/><E1/><V109/><F6/><W84/><G3/><T121/><D105/><U93/><E106/><V9/><F109/><W70/><REACH who="3" step="1"/><G65/><REACH who="3" ten="136,275,288,291" step="2"/><T122/><D122/><U31/><E67/><V130/><F128/><W40/><G40/><T107/><D121/><U98/><E43/><V2/><F130/><W26/><G26/><T41/><D107/><U96/><E123/><V55/><F2/><W28/><G28/><T16/><D29/><U45/><E31/><V42/><F42/><W127/><G127/><T11/><REACH who="0" step="1"/><D51/><AGARI ba="0,1" hai="22,27,30,51,53,59,68,70,71,80,84,90,116,117" machi="51" ten="40,2000,0" yaku="1,1,53,0" doraHai="91" doraHaiUra="38" who="3" fromWho="0" sc="136,-20,275,0,288,0,291,30" /><INIT seed="3,1,0,1,1,31" ten="116,275,288,321" oya="3" hai0="15,85,2,40,65,124,54,121,106,74,36,127,61" hai1="27,21,94,84,22,79,1,109,125,126,9,120,18" hai2="26,23,78,20,114,56,96,58,52,32,39,43,0" hai3="116,87,102,42,115,135,47,88,73,14,49,13,53"/><W28/><G115/><T90/><D2/><U111/><E79/><V130/><F114/><W41/><G116/><T105/><D74/><U99/><E84/><V129/><F0/><W128/><G73/><T81/><D121/><U25/><E94/><V122/><F78/><W75/><G75/><T70/><D54/><U117/><E99/><V101/><F122/><W103/><G135/><T131/><D131/><N who="2" m="50186" /><F43/><N who="3" m="16395" /><G28/><T108/><D108/><N who="1" m="41547" /><E120/><V107/><F39/><W134/><G134/><T4/><D40/><U38/><E38/><V118/><F118/><W50/><G50/><T33/><D36/><U46/><E46/><V10/><F10/><W45/><G45/><T119/><D119/><U62/><E62/><N who="2" m="36103" /><F58/><W19/><G128/><T37/><D37/><U48/><E48/><V6/><F6/><W63/><G63/><T67/><D67/><U55/><E55/><V89/><F89/><W93/><G14/><T7/><D7/><N who="1" m="1263" /><E117/><V82/><F82/><W91/><G91/><T64/><D64/><U76/><E76/><V5/><F5/><W35/><G103/><T98/><D4/><U68/><E68/><V132/><F132/><W44/><G102/><T92/><D65/><U113/><E113/><V57/><F57/><W34/><G47/><T16/><D61/><U3/><E3/><V86/><F86/><W83/><G93/><T133/><D70/><U104/><E104/><V8/><F107/><W71/><G71/><T12/><D133/><U66/><E66/><V72/><F101/><W69/><G69/><T30/><D106/><U17/><AGARI ba="1,0" hai="17,18,21,22,25,27,125,126" m="1263,41547" machi="17" ten="30,4000,0" yaku="14,1,34,2" doraHai="31" who="1" fromWho="1" sc="116,-11,275,43,288,-11,321,-21" /><INIT seed="4,0,0,5,3,33" ten="105,318,277,300" oya="0" hai0="28,105,38,112,3,65,10,79,134,44,14,110,49" hai1="109,131,117,82,91,60,70,26,11,130,74,43,122" hai2="84,113,21,102,42,41,72,85,61,22,19,30,83" hai3="67,51,87,32,88,56,78,5,129,80,63,52,55"/><T37/><D110/><U123/><E117/><V100/><F72/><W9/><G129/><N who="1" m="49162" /><E109/><V94/><F113/><W36/><G36/><T24/><D112/><U81/><E43/><N who="2" m="16395" /><F61/><W45/><G32/><T106/><D134/><U76/><E26/><N who="2" m="16727" /><F94/><W108/><G108/><T125/><D125/><U53/><E11/><V39/><F39/><W75/><G67/><T86/><D65/><N who="1" m="41255" /><E53/><V127/><F127/><W34/><G34/><T95/><D37/><U15/><E15/><N who="2" m="9471" /><F85/><AGARI ba="0,0" hai="74,76,81,82,85,91,122,123" m="41255,49162" machi="85" ten="30,1000,0" yaku="19,1" doraHai="33" who="1" fromWho="2" sc="105,0,318,10,277,-10,300,0" /><INIT seed="5,0,0,5,5,69" ten="105,328,267,300" oya="1" hai0="39,62,100,36,94,107,121,9,101,135,87,124,33" hai1="52,108,111,78,72,34,57,133,81,67,119,93,59" hai2="24,21,128,0,71,105,54,84,74,79,106,44,25" hai3="42,76,65,32,29,110,43,50,77,64,117,134,63"/><U118/><E34/><V88/><F71/><W16/><G110/><N who="1" m="42026" /><E133/><V37/><F0/><W40/><G134/><T104/><D135/><U120/><E120/><V47/><F128/><W82/><G117/><N who="1" m="44554" /><E67/><V8/><F74/><W80/><G50/><T11/><D33/><U131/><E131/><V68/><F79/><W61/><G29/><T46/><D121/><U70/><E70/><V41/><F68/><W73/><G32/><T22/><D124/><U123/><E123/><V31/><F8/><W125/><G125/><T3/><D3/><U96/><E52/><V126/><F126/><W7/><G7/><T26/><D26/><U132/><E132/><V60/><F25/><W55/><G55/><T27/><D27/><U14/><E14/><V2/><F2/><W19/><G40/><T97/><D62/><U53/><E53/><V90/><F47/><W13/><G13/><T91/><D46/><U86/><E72/><AGARI ba="0,0" hai="16,19,42,43,61,63,64,65,72,73,76,77,80,82" machi="72" ten="25,3200,0" yaku="22,2,54,1" doraHai="69" who="3" fromWho="1" sc="105,0,328,-32,267,0,300,32" /><INIT seed="6,0,0,0,3,12" ten="105,296,267,332" oya="2" hai0="81,127,45,11,2,94,1,24,78,48,26,129,128" hai1="124,85,38,32,126,111,121,3,86,7,95,109,69" hai2="8,9,82,125,61,119,52,29,42,58,88,5,118" hai3="66,41,80,40,47,106,132,84,14,99,22,43,77"/><V13/><F125/><N who="1" m="48233" /><E121/><V63/><F29/><W68/><G132/><T115/><D127/><U89/><E38/><V108/><F108/><W100/><G68/><T123/><D123/><U19/><E69/><V25/><F25/><W44/><G66/><T17/><D115/><U50/><E32/><V33/><F33/><W87/><G87/><T16/><D94/><U27/><E50/><V20/><F42/><W117/><G117/><T51/><D11/><N who="1" m="2559" /><E86/><V57/><F20/><AGARI ba="0,0" hai="19,20,27,85,89,95,109,111" m="2559,48233" machi="20" ten="30,2000,0" yaku="18,1,52,1" doraHai="12" who="1" fromWho="2" sc="105,0,296,20,267,-20,332,0" /><INIT seed="7,0,0,4,2,117" ten="105,316,247,332" oya="3" hai0="82,118,0,17,31,73,122,57,71,131,126,110,75" hai1="114,49,60,113,29,11,127,74,93,40,51,61,23" hai2="62,124,28,85,134,102,132,26,6,45,30,47,108" hai3="33,128,12,87,64,90,119,88,70,21,135,18,24"/><W115/><G119/><T112/><D31/><U27/><E74/><V98/><F108/><W35/><G115/><N who="1" m="44042" /><E127/><V80/><F124/><W53/><G128/><T133/><D57/><U37/><E37/><V65/><F6/><W86/><G135/><T91/><D17/><U25/><E93/><V36/><F36/><W104/><G104/><T48/><D48/><N who="1" m="18507" /><E40/><V99/><F99/><W43/><G43/><T105/><D82/><U97/><E97/><V8/><F8/><W101/><G101/><T78/><D78/><U9/><E25/><V120/><F120/><W79/><G79/><T56/><D56/><U103/><E103/><V19/><F19/><W95/><G53/><T41/><D91/><U38/><E38/><V109/><F109/><W83/><REACH who="3" step="1"/><G24/><REACH who="3" ten="105,316,247,322" step="2"/><T39/><D41/><U111/><E111/><V50/><F134/><W2/><G2/><T15/><D15/><U32/><E32/><AGARI ba="0,1" hai="0,32,39,71,73,75,105,110,112,118,122,126,131,133" machi="32" ten="0,32000,5" yakuman="47" doraHai="117" who="0" fromWho="1" sc="105,330,316,-320,247,0,322,0" owari="435,53.0,-4,-50.0,247,-15.0,322,12.0" /></mjloggm>