<mjloggm ver="2.3"><GO type="169" lobby="0"/><UN n0="%74%61%74%73%75%37%30%32" n1="%63%68%6F%6E%6A%69" n2="%E3%83%88%E3%83%88%E3%83%AA%E5%85%88%E7%94%9F%31%39%E6%AD%B3" n3="%79%75%2D%2D%2D%2D%2D%75" dan="16,16,18,17" rate="2119.47,2113.06,2289.35,2199.80" sx="M,M,F,M"/><TAIKYOKU oya="0"/><INIT seed="0,0,0,3,5,51" ten="250,250,250,250" oya="0" hai0="62,61,103,13,9,8,36,97,17,23,25,76,40" hai1="102,110,91,69,43,106,130,66,112,98,90,113,120" hai2="81,105,82,30,104,60,80,22,135,4,85,34,77" hai3="56,86,126,134,124,131,19,119,64,71,109,2,15"/><T41/><D76/><U55/><E43/><V28/><F34/><W14/><G2/><T74/><D74/><U79/><E66/><V95/><F135/><W31/><G119/><T116/><D116/><U75/><E69/><V99/><F4/><W107/><G134/><T73/><D73/><U118/><E55/><V16/><F104/><W57/><G31/><N who="2" m="11817" /><F60/><W10/><G109/><T125/><D125/><U88/><E118/><V42/><F105/><W24/><G107/><T58/><D9/><U11/><E110/><V44/><F44/><W123/><G131/><T133/><D62/><U114/><E11/><V70/><F42/><W18/><G24/><T54/><D36/><U46/><E46/><V111/><F70/><W39/><G39/><T83/><D83/><N who="1" m="45567" /><E130/><V6/><F6/><W121/><G71/><T87/><D87/><U94/><E106/><V101/><F111/><W45/><G86/><T33/><D33/><U89/><E102/><V68/><F68/><W52/><G45/><T35/><D35/><U50/><E50/><V122/><F122/><AGARI ba="0,0" hai="88,89,90,91,94,98,112,113,114,120,122" m="45567" machi="122" ten="40,8000,1" yaku="11,1,34,2,54,1" doraHai="51" who="1" fromWho="2" sc="250,0,250,80,250,-80,250,0" /><INIT seed="1,0,0,2,0,122" ten="250,330,170,250" oya="1" hai0="71,132,68,34,134,112,82,22,87,0,11,95,127" hai1="5,126,27,125,41,48,79,50,29,107,131,94,84" hai2="80,72,33,76,99,59,90,51,40,61,124,135,102" hai3="35,111,39,56,43,109,119,26,105,47,92,30,77"/><U69/><E107/><V103/><F33/><W70/><G105/><T28/><D34/><U78/><E69/><V96/><F135/><W16/><G70/><T38/><D112/><U46/><E50/><V23/><F124/><N who="1" m="47721" /><E131/><V117/><F117/><W53/><G119/><T114/><D38/><U52/><E41/><V66/><F90/><W31/><G77/><T19/><D114/><U25/><E5/><V3/><F3/><W65/><G65/><T121/><D121/><U88/><E25/><V42/><F23/><AGARI ba="0,0" hai="23,27,29,46,48,52,78,79,84,88,94" m="47721" machi="23" ten="30,5800,0" yaku="18,1,54,2" doraHai="122" who="1" fromWho="2" sc="250,0,330,58,170,-58,250,0" /><INIT seed="1,1,0,3,2,73" ten="250,388,112,250" oya="1" hai0="103,53,5,114,45,18,66,60,74,117,89,108,7" hai1="123,52,11,118,84,96,130,58,62,131,119,31,126" hai2="10,44,105,51,56,110,98,88,42,59,21,129,75" hai3="71,70,101,94,25,26,111,87,80,134,121,19,122"/><U90/><E123/><V13/><F110/><W68/><G111/><T15/><D108/><U109/><E109/><V28/><F129/><N who="1" m="49161" /><E126/><V95/><F75/><W86/><G134/><T50/><D74/><U38/><E38/><V61/><F105/><W32/><G32/><T92/><D114/><U85/><E31/><V3/><F3/><W8/><G8/><T29/><D29/><U64/><E11/><V16/><F61/><W65/><G65/><T132/><D103/><U78/><E64/><V124/><F124/><W115/><G115/><T83/><D132/><U30/><E30/><V69/><F69/><W107/><G107/><T104/><D104/><U12/><E12/><V47/><F47/><W112/><G112/><T6/><D117/><N who="1" m="44555" /><E78/><V67/><F67/><W23/><G25/><AGARI ba="1,0" hai="10,13,16,21,25,28,42,44,51,56,59,88,95,98" machi="25" ten="40,5200,0" yaku="8,1,54,2" doraHai="73" who="2" fromWho="3" sc="250,0,388,0,112,55,250,-55" /><INIT seed="2,0,0,2,5,7" ten="250,388,167,195" oya="2" hai0="10,0,45,18,132,133,4,106,28,114,53,47,119" hai1="65,97,61,59,126,85,63,122,71,6,131,79,67" hai2="48,89,29,62,78,2,117,120,57,36,31,118,121" hai3="82,35,24,74,123,38,46,3,115,87,27,54,17"/><V95/><F36/><W127/><G123/><T60/><D114/><U26/><E131/><V55/><F2/><W32/><G115/><T23/><D106/><U90/><E126/><V102/><F102/><W128/><G128/><T20/><D119/><U72/><E122/><V39/><F39/><W41/><G127/><T110/><D110/><U105/><E79/><V70/><F120/><W15/><G74/><T73/><D73/><U130/><E72/><V99/><F121/><W34/><G54/><T84/><D84/><U112/><E112/><V52/><F78/><W40/><G40/><T94/><D94/><U43/><E43/><V12/><F70/><W80/><G3/><T11/><D28/><U22/><E105/><V77/><F77/><W108/><G108/><T21/><D60/><U124/><E124/><V93/><F93/><W107/><G107/><T69/><D69/><U1/><E97/><V9/><F118/><W111/><G111/><T88/><D88/><U101/><E101/><V66/><F117/><W19/><G19/><T113/><D53/><N who="2" m="20554" /><F48/><W68/><G68/><T98/><D98/><U8/><E130/><V109/><F109/><W16/><G80/><T25/><D113/><U56/><E71/><V81/><F81/><W86/><G86/><T135/><D25/><U104/><E104/><V92/><F92/><W103/><G103/><T96/><D96/><U5/><E85/><V13/><F13/><AGARI ba="0,0" hai="0,4,10,11,13,18,20,21,23,45,47,132,133,135" machi="13" ten="50,6400,0" yaku="20,1,52,2" doraHai="7" who="0" fromWho="2" sc="250,64,388,0,167,-64,195,0" /><INIT seed="3,0,0,2,3,96" ten="314,388,103,195" oya="3" hai0="75,76,121,127,94,123,108,26,120,7,8,101,132" hai1="32,63,30,58,69,92,56,67,64,0,12,82,20" hai2="124,41,5,39,2,93,37,47,3,122,53,95,1" hai3="46,90,111,135,49,25,74,24,118,78,125,128,103"/><W36/><G118/><T72/><D108/><U34/><E0/><V18/><F124/><W126/><G111/><T79/><D26/><U57/><E67/><V77/><F122/><W6/><G36/><T9/><D7/><U133/><E133/><V116/><F116/><W21/><G135/><T89/><D8/><U109/><E109/><V38/><F5/><W28/><G6/><T134/><D9/><U40/><E82/><V43/><F77/><N who="0" m="29770" /><D127/><N who="3" m="48649" /><G128/><T65/><D65/><U73/><E73/><N who="0" m="28233" /><D101/><U84/><E40/><V105/><F105/><W45/><G103/><T4/><D4/><U88/><REACH who="1" step="1"/><E12/><REACH who="1" ten="314,378,103,195" step="2"/><V100/><F41/><W13/><G13/><T50/><D50/><U44/><E44/><V51/><F43/><W52/><G45/><T113/><D113/><U15/><E15/><V55/><F51/><W85/><G74/><T62/><D62/><U29/><E29/><V112/><F47/><W61/><G61/><T114/><D114/><U117/><E117/><V23/><F112/><W70/><G49/><T83/><D83/><U54/><E54/><V31/><F31/><W35/><G52/><T119/><D119/><U99/><E99/><AGARI ba="0,1" hai="89,94,99,120,121,123,132,134" m="28233,29770" machi="99" ten="40,2600,0" yaku="34,2" doraHai="96" who="0" fromWho="1" sc="314,36,378,-26,103,0,195,0" /><INIT seed="4,0,0,4,3,22" ten="350,352,103,195" oya="0" hai0="119,53,87,28,43,83,69,40,51,93,122,7,31" hai1="133,25,102,81,70,52,100,61,123,62,126,46,94" hai2="19,56,110,77,66,105,113,101,135,80,67,64,116" hai3="99,33,115,14,73,79,59,118,0,121,13,82,2"/><T68/><D119/><U74/><E133/><V91/><F110/><W78/><G118/><T9/><D122/><U10/><E123/><V114/><F116/><W55/><G121/><T18/><D18/><U39/><E126/><V60/><F135/><W15/><G33/><T8/><D93/><U41/><E62/><V54/><F91/><W17/><G115/><T34/><D69/><U85/><E74/><V6/><F6/><W1/><G78/><T37/><D68/><U30/><E10/><N who="0" m="4201" /><D34/><U75/><E94/><V32/><F32/><W88/><G99/><T98/><D98/><U92/><E92/><V71/><F71/><W84/><G73/><T134/><D37/><U108/><E108/><V111/><F111/><W129/><G79/><N who="0" m="46591" /><D7/><U103/><E70/><V106/><F101/><W97/><G97/><T117/><D117/><U95/><E95/><V45/><F19/><W11/><REACH who="3" step="1"/><G129/><REACH who="3" ten="350,352,103,185" step="2"/><T44/><D134/><U29/><E75/><N who="2" m="43071" /><F106/><W127/><G127/><T49/><D43/><U5/><E5/><V36/><F105/><W48/><AGARI ba="0,1" hai="0,1,2,11,13,14,15,17,48,55,59,82,84,88" machi="48" ten="30,4000,0" yaku="1,1,0,1,54,1,53,0" doraHai="22" doraHaiUra="124" who="3" fromWho="3" sc="350,-20,352,-10,103,-10,185,50" /><INIT seed="5,0,0,4,1,19" ten="330,342,93,235" oya="1" hai0="77,68,46,30,2,63,67,133,94,12,4,76,107" hai1="60,31,112,0,130,49,81,43,111,104,44,128,103" hai2="26,42,16,75,10,95,50,21,36,17,34,61,7" hai3="110,83,91,56,119,53,82,126,24,27,85,51,87"/><U102/><E112/><V132/><F75/><W1/><G110/><T52/><D107/><U73/><E0/><V120/><F120/><W62/><G1/><T40/><D133/><U66/><E111/><V37/><F132/><W123/><G126/><T25/><D2/><U108/><E108/><V116/><F116/><W127/><G127/><T72/><D72/><U9/><E9/><V131/><F131/><N who="1" m="50217" /><E104/><V84/><F34/><W90/><G123/><T99/><D12/><U8/><E8/><V134/><F134/><W32/><G32/><T18/><D18/><U93/><E93/><V41/><F37/><W15/><G119/><T47/><D4/><U6/><E6/><V118/><F36/><W122/><G122/><T129/><D129/><U80/><E31/><V64/><F50/><W57/><REACH who="3" step="1"/><G15/><REACH who="3" ten="330,342,93,225" step="2"/><T97/><D40/><U59/><E73/><V74/><F74/><W70/><G70/><T33/><D47/><U88/><E80/><V86/><F118/><W101/><G101/><T5/><D46/><U79/><E79/><V3/><F42/><W69/><G69/><T38/><D76/><U22/><E88/><V117/><F41/><W125/><G125/><T39/><D77/><U71/><E81/><V28/><F117/><W109/><G109/><T92/><D33/><U11/><E71/><V100/><F100/><N who="1" m="38441" /><E11/><V106/><F106/><W121/><G121/><T20/><D68/><U23/><AGARI ba="0,1" hai="22,23,43,44,49,59,60,66" m="38441,50217" machi="23" ten="30,6000,0" yaku="19,1,52,2" doraHai="19" who="1" fromWho="1" sc="330,-20,342,70,93,-20,225,-20" /><INIT seed="5,1,0,4,4,9" ten="310,412,73,205" oya="1" hai0="87,96,131,115,32,57,25,71,27,50,29,73,64" hai1="43,26,108,84,58,78,111,17,46,2,54,130,35" hai2="10,23,98,21,33,62,18,127,8,7,88,39,56" hai3="86,105,113,126,70,117,66,93,74,41,92,12,110"/><U134/><E134/><V72/><F127/><W28/><G105/><T129/><D73/><U44/><E2/><V0/><F72/><W128/><G74/><T106/><D27/><U52/><E130/><N who="0" m="49673" /><D87/><U4/><E4/><V1/><F39/><W61/><G126/><T124/><D124/><U36/><E46/><V47/><F33/><W99/><G110/><N who="1" m="42026" /><E58/><V67/><F47/><W114/><G41/><T91/><D115/><U48/><E36/><V65/><F65/><W118/><G28/><T121/><D121/><U101/><E101/><V30/><F30/><W60/><G60/><N who="0" m="40327" /><D57/><U103/><E103/><V14/><REACH who="2" step="1"/><F0/><REACH who="2" ten="310,412,63,205" step="2"/><W16/><G128/><T80/><D32/><U38/><E38/><V3/><F3/><W83/><G113/><T77/><D29/><U116/><E116/><N who="3" m="44650" /><G114/><T45/><D45/><U40/><E35/><V104/><F104/><W19/><G99/><T11/><D96/><U81/><E43/><V5/><F5/><W132/><G132/><T34/><D106/><U97/><E97/><V37/><F37/><W122/><G122/><T69/><D34/><U95/><E54/><V15/><F15/><W31/><G31/><T135/><D135/><U6/><E6/><V68/><F68/><W42/><G42/><T123/><D69/><U109/><E40/><V63/><F63/><W119/><G119/><T13/><D13/><U75/><E109/><V100/><F100/><W20/><G19/><T55/><D123/><U102/><E102/><V89/><F89/><AGARI ba="1,1" hai="12,16,20,61,66,70,83,86,89,92,93" m="44650" machi="89" ten="30,3900,0" yaku="12,1,52,1,54,1" doraHai="9" who="3" fromWho="2" sc="310,0,412,0,63,-42,205,52" /><INIT seed="6,0,0,3,0,92" ten="310,412,21,257" oya="2" hai0="126,113,133,118,96,69,37,60,100,25,111,127,68" hai1="33,72,41,34,115,24,81,54,91,116,112,99,38" hai2="0,124,102,49,51,114,58,62,29,87,55,83,67" hai3="86,82,106,6,52,78,63,43,31,23,95,2,121"/><V5/><F114/><N who="1" m="43561" /><E116/><V15/><F124/><N who="0" m="47658" /><D113/><U131/><E131/><V28/><F0/><W85/><G43/><T134/><D118/><U17/><E54/><V48/><F55/><W35/><G106/><N who="0" m="63751" /><D111/><U88/><E99/><V57/><F57/><W125/><G23/><T117/><D117/><U110/><E110/><V16/><F5/><W104/><G31/><T12/><D12/><U107/><E107/><V71/><F71/><W19/><G63/><T56/><D37/><U105/><E105/><V50/><N who="2" m="12288" /><DORA hai="32" /><V80/><F102/><W26/><G52/><N who="0" m="33799" /><D25/><U84/><E72/><V101/><F101/><W135/><G35/><T122/><D122/><U120/><E91/><V20/><REACH who="2" step="1"/><F83/><REACH who="2" ten="310,412,11,257" step="2"/><W53/><G53/><T94/><D94/><U119/><E119/><V27/><F27/><W64/><G6/><T22/><D69/><U7/><E7/><V13/><F13/><W128/><G125/><T129/><D68/><U8/><E24/><V39/><F39/><W9/><G26/><T3/><D3/><U47/><E120/><V98/><F98/><W130/><G2/><T89/><D129/><U45/><E45/><V61/><F61/><W65/><G82/><T14/><D14/><AGARI ba="0,1" hai="8,14,17,33,34,38,41,47,81,84,88" m="43561" machi="14" ten="30,2000,0" yaku="15,1,54,1" doraHai="92,32" who="1" fromWho="0" sc="310,-20,412,30,11,0,257,0" /><INIT seed="7,0,0,0,5,10" ten="290,442,11,257" oya="3" hai0="18,109,118,28,85,106,122,15,77,61,107,12,89" hai1="36,126,120,92,101,27,75,50,40,58,99,32,37" hai2="123,2,70,79,98,29,8,3,127,95,105,72,25" hai3="6,44,117,116,111,103,83,91,133,22,26,115,129"/><W94/><G115/><T132/><D109/><U121/><E126/><V82/><F95/><W56/><G111/><T81/><D118/><U17/><E75/><V100/><F3/><W80/><G133/><T33/><D122/><U30/><E17/><V57/><F57/><W102/><G129/><T31/><D132/><U135/><E135/><V112/><F112/><W0/><G0/><T42/><D107/><U110/><E110/><V4/><F127/><W34/><G34/><T21/><D106/><U104/><E104/><V51/><F51/><W87/><G6/><T48/><D33/><U49/><E49/><V54/><F54/><W96/><G44/><N who="0" m="25623" /><D77/><U39/><E40/><V73/><F123/><W13/><G116/><T131/><D131/><U5/><E5/><V74/><F70/><W78/><G117/><T46/><D46/><U88/><REACH who="1" step="1"/><E101/><REACH who="1" ten="290,432,11,257" step="2"/><V52/><REACH who="2" step="1"/><F52/><AGARI ba="0,1" hai="27,30,32,36,37,39,50,52,58,88,92,99,120,121" machi="52" ten="40,8000,1" yaku="1,1,2,1,54,2,53,0" doraHai="10" doraHaiUra="130" who="1" fromWho="2" sc="290,0,432,90,11,-80,257,0" owari="290,9.0,522,62.0,-69,-57.0,257,-14.0" /></mjloggm>