<mjloggm ver="2.3"><GO type="169" lobby="0"/><UN n0="%E3%81%84%E3%81%84%E7%AC%91%E9%A1%94" n1="%E3%81%82%E3%82%8A%E3%81%A1%E3%82%83" n2="%62%61%72%61%61%64%6F" n3="%E5%B0%B1%E6%B4%BB%E7%94%9F%40%E5%B7%9D%E6%9D%91%E8%BB%8D%E5%9B%A3" dan="16,16,16,19" rate="2123.48,2055.67,2108.44,2337.98" sx="F,M,M,M"/><TAIKYOKU oya="0"/><INIT seed="0,0,0,5,1,70" ten="250,250,250,250" oya="0" hai0="55,68,92,38,80,74,6,36,49,65,31,26,12" hai1="10,83,42,95,52,79,99,20,58,23,66,106,123" hai2="127,57,19,24,128,43,35,16,88,133,45,135,77" hai3="11,86,2,22,28,14,82,94,34,103,60,75,130"/><T40/><D40/><U78/><E123/><V69/><F69/><W107/><G107/><T3/><D3/><U121/><E106/><V124/><F77/><W27/><G75/><T33/><D92/><U64/><E121/><V56/><F128/><W30/><G130/><T32/><D32/><U85/><E42/><V63/><F57/><W41/><G2/><T17/><D6/><U102/><E79/><V9/><F88/><N who="3" m="51287" /><G34/><T50/><D80/><U97/><E10/><V134/><F9/><W91/><G41/><T93/><D74/><U112/><E99/><V110/><F110/><W126/><G126/><N who="2" m="48169" /><F24/><W108/><G108/><T109/><D109/><U100/><E100/><V125/><F35/><W18/><G60/><T129/><D129/><U54/><E112/><V8/><F8/><W104/><G104/><T59/><D50/><N who="1" m="30999" /><E54/><N who="2" m="34199" /><F125/><W46/><G46/><T89/><D65/><AGARI ba="0,0" hai="20,23,64,65,66,78,83,85,95,97,102" m="30999" machi="65" ten="30,2000,0" yaku="8,1,54,1" doraHai="70" who="1" fromWho="0" sc="250,-20,250,20,250,0,250,0" /><INIT seed="1,0,0,4,0,117" ten="230,270,250,250" oya="1" hai0="12,11,22,55,39,88,3,6,67,65,95,28,30" hai1="91,47,51,127,116,133,5,36,27,80,52,85,74" hai2="41,123,103,82,53,13,128,108,114,122,81,106,40" hai3="19,79,2,66,73,104,14,24,46,29,118,83,129"/><U48/><E116/><V23/><F103/><W59/><G2/><T113/><D113/><U71/><E71/><V98/><F98/><W119/><G104/><T100/><D100/><U37/><E74/><V64/><F106/><W87/><G129/><T101/><D101/><U110/><E133/><V131/><F64/><W26/><G73/><T62/><D39/><U42/><E127/><V125/><F125/><W31/><G46/><T77/><D77/><U84/><E110/><V134/><F108/><W107/><G107/><T35/><D35/><U75/><E75/><V96/><F96/><W10/><G66/><T21/><D3/><U63/><E63/><V70/><F70/><W16/><G59/><N who="0" m="35199" /><D22/><U56/><E27/><V58/><F134/><W89/><G79/><T4/><D4/><U54/><E42/><N who="2" m="16491" /><F114/><W99/><G99/><N who="0" m="57831" /><D30/><U61/><E5/><V45/><F23/><W69/><G69/><T25/><AGARI ba="0,0" hai="6,11,12,21,25,28,65,67" m="57831,35199" machi="25" ten="30,2000,0" yaku="8,1,54,1" doraHai="117" who="0" fromWho="0" sc="230,20,270,-10,250,-5,250,-5" /><INIT seed="2,0,0,3,1,97" ten="250,260,245,245" oya="2" hai0="101,117,134,60,47,130,132,45,91,86,59,99,82" hai1="17,80,83,113,35,119,57,31,5,1,23,65,7" hai2="76,64,24,3,40,22,69,2,118,20,87,84,25" hai3="70,10,89,29,92,129,37,95,34,12,109,8,14"/><V11/><F118/><W103/><G70/><T90/><D130/><U71/><E119/><V116/><F40/><W50/><G37/><T114/><D91/><U36/><E36/><V77/><F116/><W15/><G109/><T94/><D114/><U131/><E113/><V106/><F11/><W13/><G129/><T61/><D117/><U54/><E71/><V18/><F69/><W110/><G110/><T41/><D41/><U63/><E131/><V133/><F64/><W79/><G79/><T112/><D112/><U125/><E125/><V74/><F106/><W0/><G0/><T128/><D128/><U68/><E31/><V56/><F56/><W67/><G67/><T122/><D122/><U104/><E35/><V55/><F55/><W124/><G124/><T33/><D33/><U52/><E54/><V111/><F111/><W75/><G75/><T115/><D115/><U21/><E21/><V72/><REACH who="2" step="1"/><F18/><REACH who="2" ten="250,260,235,245" step="2"/><W62/><G10/><T53/><REACH who="0" step="1"/><D60/><REACH who="0" ten="240,260,235,245" step="2"/><N who="1" m="35879" /><E1/><V38/><F38/><W30/><G62/><T88/><D88/><U93/><E63/><V107/><F107/><W96/><G50/><T73/><D73/><U4/><E68/><V120/><F120/><W19/><REACH who="3" step="1"/><G34/><REACH who="3" ten="240,260,235,235" step="2"/><T123/><D123/><U48/><E48/><V49/><F49/><W16/><G16/><T26/><D26/><U28/><E17/><V9/><F9/><W126/><G126/><T127/><D127/><U100/><E4/><V46/><F46/><AGARI ba="0,3" hai="45,46,47,53,59,61,82,86,90,94,99,101,132,134" machi="46" ten="40,5200,0" yaku="1,1,52,1,53,1" doraHai="97" doraHaiUra="98" who="0" fromWho="2" sc="240,82,260,0,235,-52,235,0" /><INIT seed="3,0,0,2,1,52" ten="322,260,183,235" oya="3" hai0="10,83,5,77,32,39,63,123,88,116,51,35,71" hai1="117,20,78,89,54,66,84,107,98,118,120,95,37" hai2="82,14,90,55,94,1,38,56,101,76,108,129,17" hai3="85,114,112,64,46,121,59,13,9,11,124,87,40"/><W57/><G121/><T68/><D123/><U74/><E37/><V135/><F108/><W2/><G2/><T8/><D116/><N who="1" m="44651" /><E120/><V6/><F129/><W127/><G64/><T24/><D39/><U109/><E66/><V16/><F135/><W113/><G85/><T33/><D10/><N who="3" m="3593" /><G13/><T105/><D105/><U19/><E109/><V27/><F38/><N who="3" m="21783" /><G87/><T133/><D133/><U104/><E74/><V102/><F1/><W0/><G0/><T30/><D51/><U43/><E43/><V100/><F6/><W134/><G134/><T79/><D63/><U50/><E78/><V4/><F4/><W93/><G93/><T125/><D79/><U115/><E98/><V34/><F14/><W75/><G75/><T7/><D7/><U122/><E115/><V130/><F130/><W97/><G97/><T48/><D77/><U96/><E96/><N who="2" m="57431" /><F34/><W23/><G23/><T41/><D33/><U18/><E122/><V70/><F27/><W65/><G65/><T132/><D35/><U15/><E18/><N who="2" m="7275" /><F70/><W21/><G21/><T73/><D132/><U26/><E26/><V91/><F76/><W128/><G128/><T47/><D73/><U25/><E25/><V61/><F91/><W106/><G106/><T3/><D88/><U110/><E110/><V36/><F36/><W99/><G99/><T67/><D68/><U31/><E31/><V49/><F82/><W86/><G86/><T69/><D71/><U28/><E28/><V111/><F111/><W22/><G22/><T62/><D83/><U45/><AGARI ba="0,0" hai="15,19,20,45,50,54,84,89,95,104,107" m="44651" machi="45" ten="30,1100,0" yaku="12,1" doraHai="52" who="1" fromWho="1" sc="322,-3,260,11,183,-3,235,-5" /><INIT seed="4,0,0,3,4,130" ten="319,271,180,230" oya="0" hai0="87,28,33,0,101,38,44,29,131,76,13,3,86" hai1="94,56,49,115,9,88,14,119,45,63,47,5,114" hai2="23,133,71,22,78,125,109,129,26,37,68,74,59" hai3="19,25,85,20,91,111,72,92,2,96,120,126,79"/><T67/><D131/><U7/><E119/><V12/><F129/><W17/><G111/><T55/><D67/><N who="1" m="39399" /><E49/><V42/><F109/><W16/><G2/><T110/><D101/><U134/><E5/><V27/><F125/><W116/><G116/><T95/><D110/><U35/><E35/><V39/><F12/><W75/><G126/><T102/><D3/><U57/><E57/><V24/><F59/><W97/><G120/><T84/><D0/><U46/><E134/><V118/><F118/><W121/><G121/><T30/><D33/><U113/><E46/><V11/><F11/><W77/><G75/><T117/><D117/><U61/><E61/><V73/><F26/><W112/><G112/><N who="1" m="28674" /><U64/><DORA hai="105" /><E64/><V1/><F1/><W93/><G72/><T60/><D38/><U54/><E54/><V82/><F42/><W4/><G4/><T80/><D60/><U99/><AGARI ba="0,0" hai="7,9,14,45,47,88,94,99" m="28674,39399" machi="99" ten="40,5200,0" yaku="15,1,11,1,54,1" doraHai="130,105" who="1" fromWho="1" sc="319,-26,271,52,180,-13,230,-13" /><INIT seed="5,0,0,0,2,125" ten="293,323,167,217" oya="1" hai0="88,110,96,33,43,97,87,14,23,101,62,51,84" hai1="94,15,123,93,72,63,38,19,17,115,12,34,126" hai2="86,89,37,113,11,10,18,132,67,128,130,131,30" hai3="119,25,3,21,13,40,120,16,102,107,81,26,112"/><U85/><E123/><V8/><F132/><W71/><G71/><T52/><D110/><U53/><E72/><V4/><F113/><W80/><G120/><T111/><D111/><U74/><E34/><V32/><F37/><W57/><G3/><T82/><D33/><U75/><E38/><V36/><F36/><W56/><G112/><T45/><D101/><U35/><E115/><V64/><F18/><W24/><G119/><T2/><D2/><U129/><E35/><V41/><F41/><W6/><G6/><T98/><D87/><U118/><E85/><V60/><F30/><W78/><G40/><T103/><D103/><U77/><E63/><V5/><F32/><W48/><G48/><T66/><D43/><U7/><E7/><N who="2" m="2635" /><F60/><W133/><G133/><T90/><D14/><U47/><E118/><V114/><F114/><W20/><G78/><T65/><D23/><U122/><E122/><V99/><F99/><W106/><G102/><T105/><D105/><N who="3" m="39945" /><G16/><T28/><D28/><U27/><E17/><V121/><F121/><W108/><G13/><T104/><D104/><U91/><E15/><V135/><F135/><W127/><G127/><T95/><D65/><U124/><E12/><V0/><F0/><W58/><G108/><T44/><D45/><U46/><E46/><V76/><F76/><W109/><G109/><T100/><D100/><U54/><E47/><V83/><AGARI ba="0,0" hai="8,10,11,64,67,83,86,89,128,130,131" m="2635" machi="83" ten="40,8000,1" yaku="19,1,52,3" doraHai="125" who="2" fromWho="2" sc="293,-20,323,-40,167,80,217,-20" /><INIT seed="6,0,0,2,4,30" ten="273,283,247,197" oya="2" hai0="26,125,35,76,77,102,29,110,99,11,94,6,114" hai1="33,41,98,75,80,71,111,36,70,67,32,34,89" hai2="38,108,83,129,12,107,37,15,115,22,135,64,63" hai3="1,90,100,59,73,7,17,5,2,131,133,49,123"/><V39/><F115/><W72/><G123/><T24/><D110/><U69/><E111/><V96/><F129/><W127/><G100/><T62/><D114/><U43/><E67/><V44/><F135/><W40/><G59/><T82/><D125/><U60/><E60/><V106/><F108/><W117/><G49/><T54/><D26/><U93/><REACH who="1" step="1"/><E36/><REACH who="1" ten="273,273,247,197" step="2"/><V19/><F64/><W112/><G112/><T105/><D62/><U55/><E55/><V31/><F63/><W86/><G133/><T42/><D54/><U51/><E51/><V109/><F109/><W21/><G131/><T28/><D42/><U101/><E101/><N who="2" m="62759" /><F39/><W95/><G127/><T124/><D124/><U88/><E88/><V48/><F38/><W18/><G117/><T116/><D116/><U8/><E8/><V56/><F37/><W66/><G66/><T47/><D11/><U81/><E81/><V13/><F83/><W121/><G121/><T10/><D10/><U53/><E53/><V126/><F126/><W103/><G40/><T113/><D102/><U128/><E128/><V118/><F118/><W132/><G103/><T91/><D82/><U122/><E122/><V120/><F120/><W45/><G132/><T50/><D50/><U16/><E16/><V57/><F48/><W52/><G18/><T84/><D91/><U14/><E14/><N who="2" m="9591" /><F44/><W3/><G52/><T87/><D47/><U20/><E20/><V119/><F119/><W104/><G45/><T134/><D134/><U65/><E65/><V0/><F12/><N who="3" m="9383" /><G104/><T4/><D105/><U130/><E130/><V46/><F107/><RYUUKYOKU ba="0,1" sc="273,-15,273,15,247,-15,197,15" hai1="32,33,34,41,43,69,70,71,75,80,89,93,98" hai3="1,2,3,5,7,72,73,86,90,95" /><INIT seed="7,1,1,2,1,95" ten="258,288,232,212" oya="3" hai0="9,83,46,116,7,85,93,129,4,54,6,86,125" hai1="24,120,30,128,59,42,18,97,41,35,105,91,82" hai2="100,60,13,57,8,113,19,43,47,111,127,21,130" hai3="20,90,56,16,115,1,110,118,121,34,48,10,108"/><W36/><G36/><T123/><D116/><U25/><E120/><V76/><F111/><N who="3" m="42539" /><G118/><T99/><D123/><U109/><E109/><V14/><F113/><W15/><G121/><T44/><D125/><U133/><E42/><V117/><F117/><W39/><G39/><T88/><D129/><U53/><E41/><V87/><F130/><W75/><G115/><T33/><D33/><U67/><E128/><V71/><F127/><W124/><G124/><T131/><D131/><U94/><E67/><V58/><F100/><W11/><G34/><T77/><D9/><N who="3" m="3081" /><G75/><T22/><D22/><U12/><E133/><V40/><F71/><W106/><G106/><T73/><D73/><U65/><E105/><V50/><F43/><W37/><G37/><T98/><D46/><U69/><E69/><V45/><F45/><W89/><G1/><T107/><D107/><U32/><E65/><V72/><F72/><W112/><G112/><T134/><D134/><U122/><E122/><V28/><F60/><W104/><G104/><T31/><D31/><U63/><E32/><V132/><F28/><W101/><G101/><T23/><D23/><N who="1" m="11719" /><E30/><V55/><F132/><W64/><G64/><T5/><D5/><U62/><E35/><V0/><F0/><W84/><G84/><T103/><D103/><N who="1" m="60855" /><E63/><V102/><F102/><W38/><G38/><T51/><AGARI ba="1,1" hai="4,6,7,44,51,54,77,83,85,86,88,93,98,99" machi="51" ten="30,8000,1" yaku="0,1,8,1,52,2,54,1" doraHai="95" who="0" fromWho="0" sc="258,93,288,-21,232,-21,212,-41" owari="351,45.0,267,7.0,211,-19.0,171,-33.0" /></mjloggm>