<mjloggm ver="2.3"><GO type="169" lobby="0"/><UN n0="%E6%B0%B4%E6%9C%AC%E3%82%86%E3%81%8B%E3%82%8A" n1="%E6%8E%A8%E7%A9%BA%EF%BC%B0" n2="%E5%B0%B1%E6%B4%BB%E7%94%9F%40%E5%B7%9D%E6%9D%91%E8%BB%8D%E5%9B%A3" n3="%E3%83%9E%E3%83%A1%E3%83%9D%E3%82%B3" dan="17,17,18,16" rate="2140.16,2240.02,2289.93,2068.78" sx="F,F,M,M"/><TAIKYOKU oya="0"/><INIT seed="0,0,0,3,1,67" ten="250,250,250,250" oya="0" hai0="60,1,108,113,9,119,54,63,49,6,50,19,130" hai1="96,125,102,26,120,100,17,123,80,28,68,61,29" hai2="7,48,59,69,37,21,133,131,122,47,74,53,99" hai3="51,58,0,97,2,36,20,78,55,103,134,4,57"/><T95/><D113/><U93/><E80/><V86/><F74/><W109/><G36/><T41/><D119/><U5/><E5/><V124/><F7/><W18/><G134/><T71/><D130/><U38/><E38/><V22/><F122/><W75/><G109/><T44/><D108/><U98/><E125/><V92/><F69/><W87/><G75/><T79/><D79/><U24/><E17/><V115/><F115/><W52/><G4/><T114/><D114/><U111/><E111/><V101/><F124/><W73/><G87/><T127/><D127/><U15/><E15/><V11/><F133/><W76/><G73/><T112/><D112/><U77/><E77/><V72/><F72/><W128/><G0/><T8/><D95/><U64/><E26/><V62/><F37/><W116/><G2/><T117/><D117/><U42/><E42/><V14/><F86/><W56/><G116/><T25/><D71/><U121/><REACH who="1" step="1"/><E24/><REACH who="1" ten="250,240,250,250" step="2"/><V10/><F131/><W70/><G128/><T90/><D25/><U91/><E91/><V32/><F32/><W45/><G78/><T43/><D43/><U132/><E132/><V66/><F14/><N who="3" m="9303" /><G76/><T88/><D90/><U33/><E33/><V135/><F135/><W94/><G70/><T23/><D88/><U39/><E39/><V12/><F12/><W34/><G34/><T16/><D19/><U107/><AGARI ba="0,1" hai="28,29,61,64,68,93,96,98,100,102,107,120,121,123" machi="107" ten="30,8000,1" yaku="1,1,0,1,52,1,53,2" doraHai="67" doraHaiUra="27" who="1" fromWho="1" sc="250,-40,240,90,250,-20,250,-20" /><INIT seed="1,0,0,1,1,89" ten="210,330,230,230" oya="1" hai0="31,135,122,59,65,4,105,72,42,21,0,99,36" hai1="15,127,18,30,67,53,112,62,114,88,108,104,11" hai2="91,5,38,52,17,113,71,125,92,32,27,76,14" hai3="8,68,124,28,12,49,63,109,55,98,33,69,111"/><U56/><E104/><V93/><F71/><W131/><G131/><T40/><D72/><U20/><E127/><V41/><F125/><W10/><G124/><T70/><D70/><U13/><E108/><N who="3" m="41546" /><G98/><T118/><D118/><U6/><E30/><V51/><F113/><W60/><G28/><T46/><D122/><U110/><E110/><V133/><F133/><W25/><G33/><T84/><D135/><U134/><E134/><V1/><F1/><W77/><G77/><T117/><D117/><U121/><E121/><V106/><F106/><W58/><G25/><T119/><D31/><U54/><E114/><V3/><F3/><W29/><G29/><T2/><D0/><U115/><E112/><V123/><F123/><W102/><G102/><T116/><D2/><U24/><E115/><V9/><F76/><W16/><G10/><T132/><D132/><U126/><E126/><V87/><F41/><W128/><G128/><T130/><D42/><U78/><E24/><V34/><F38/><W95/><G95/><N who="2" m="36425" /><F34/><W48/><G69/><T50/><D119/><U47/><E78/><V100/><F32/><W61/><G68/><T43/><D116/><U101/><E101/><V85/><F100/><W90/><G90/><T96/><D105/><U80/><E47/><N who="2" m="27775" /><F91/><W74/><G74/><T94/><D99/><U73/><E73/><V75/><F75/><W81/><G81/><T129/><D96/><U97/><E97/><V45/><F45/><W35/><G35/><T82/><D130/><U103/><E103/><V57/><F57/><W44/><G44/><T64/><D46/><RYUUKYOKU ba="0,0" sc="210,-30,330,10,230,10,230,10" hai1="6,11,13,15,18,20,53,54,56,62,67,80,88" hai2="5,9,14,17,27,85,87" hai3="8,12,16,48,49,55,58,60,61,63" /><INIT seed="1,1,0,0,3,103" ten="180,340,240,240" oya="1" hai0="22,11,54,15,4,36,47,92,65,121,80,86,28" hai1="104,51,77,1,17,90,81,6,117,100,126,59,64" hai2="2,133,46,8,18,21,60,63,128,52,112,50,97" hai3="33,95,43,40,31,12,119,71,130,87,30,109,82"/><U67/><E117/><V105/><F128/><W44/><G71/><T94/><D121/><U70/><E70/><V35/><F35/><W27/><G130/><T25/><D65/><U120/><E120/><V124/><F133/><W74/><G119/><T48/><REACH who="0" step="1"/><D36/><REACH who="0" ten="170,340,240,240" step="2"/><U83/><E67/><V129/><F129/><W16/><G109/><T89/><AGARI ba="1,1" hai="4,11,15,22,25,28,47,48,54,80,86,89,92,94" machi="89" ten="20,12000,2" yaku="1,1,2,1,0,1,7,1,8,1,53,1" doraHai="103" doraHaiUra="9" who="0" fromWho="0" sc="170,133,340,-61,240,-31,240,-31" /><INIT seed="2,0,0,2,1,101" ten="303,279,209,209" oya="2" hai0="50,84,121,0,20,87,110,127,65,56,129,3,71" hai1="33,45,2,83,21,108,14,72,123,133,111,25,119" hai2="102,70,59,114,78,97,27,40,128,103,47,99,94" hai3="73,115,130,109,68,18,113,23,124,79,85,62,135"/><V77/><F70/><W100/><G73/><T32/><D32/><U22/><E45/><V24/><F114/><N who="3" m="43531" /><G109/><N who="1" m="42058" /><E83/><V5/><F128/><W35/><G35/><T125/><D71/><U36/><E36/><V16/><F5/><W60/><G130/><T43/><D20/><N who="1" m="7787" /><E72/><V13/><F59/><W26/><G68/><T66/><D56/><U4/><E119/><V69/><F69/><W86/><G135/><T90/><D50/><U1/><E133/><V67/><F67/><W118/><G118/><T12/><D90/><U107/><E107/><V48/><F27/><W55/><G124/><T6/><D43/><U76/><E76/><V41/><F24/><W92/><G79/><T58/><D58/><U46/><E46/><V15/><F41/><W28/><G55/><T63/><D110/><U39/><E39/><V134/><F134/><W117/><G28/><T30/><D30/><N who="1" m="19663" /><E123/><V9/><REACH who="2" step="1"/><F13/><REACH who="2" ten="303,279,199,209" step="2"/><W82/><G117/><T10/><D12/><U11/><AGARI ba="0,1" hai="1,2,4,11,14" m="19663,7787,42058" machi="11" ten="30,4000,0" yaku="14,1,34,2" doraHai="101" who="1" fromWho="1" sc="303,-10,279,50,199,-20,209,-10" /><INIT seed="3,0,0,5,2,101" ten="293,329,179,199" oya="3" hai0="121,118,42,31,73,9,50,91,97,125,64,43,98" hai1="10,62,127,129,61,25,113,51,52,7,112,72,76" hai2="88,100,23,82,104,103,18,16,78,48,102,128,67" hai3="13,54,96,41,28,106,46,0,37,95,80,83,63"/><W58/><G0/><T33/><D73/><U90/><E129/><V55/><F128/><W53/><G28/><T39/><D39/><U5/><E127/><V111/><F111/><W86/><G106/><T131/><D118/><U32/><E90/><V21/><F67/><W45/><G86/><T110/><D121/><U60/><E32/><V40/><F40/><W99/><G13/><T4/><D33/><U11/><E25/><V115/><F115/><W15/><G15/><N who="0" m="5543" /><D31/><U66/><E66/><V79/><F104/><W56/><G46/><N who="0" m="25943" /><D110/><U84/><E72/><V109/><F109/><W27/><G27/><T134/><D43/><U12/><E84/><N who="2" m="50199" /><F23/><W75/><G75/><T120/><D120/><U35/><E35/><V30/><F30/><W59/><G99/><T124/><D134/><U68/><E68/><V29/><F29/><W65/><G65/><T114/><D114/><U122/><E122/><V22/><F22/><W44/><G41/><T74/><D74/><U107/><E107/><V133/><F133/><W92/><G37/><T119/><D119/><U20/><E20/><V38/><F38/><W26/><G26/><T126/><D131/><U108/><E108/><V36/><F36/><W93/><G96/><N who="0" m="36971" /><D64/><U47/><REACH who="1" step="1"/><E76/><REACH who="1" ten="293,319,179,199" step="2"/><N who="2" m="29227" /><F21/><W94/><N who="3" m="23552" /><DORA hai="105" /><W130/><G130/><T71/><D91/><U116/><E116/><V14/><F14/><AGARI ba="0,1" hai="5,7,10,11,12,14,47,51,52,60,61,62,112,113" machi="14" ten="40,5200,0" yaku="1,1,9,1,54,1,53,0" doraHai="101,105" doraHaiUra="70,24" who="1" fromWho="2" sc="293,0,319,62,179,-52,199,0" /><INIT seed="4,0,0,0,5,101" ten="293,381,127,199" oya="0" hai0="87,97,121,57,43,68,16,21,63,112,75,9,34" hai1="107,56,29,19,59,28,62,64,41,90,54,106,99" hai2="85,1,127,123,36,89,14,119,109,133,86,44,18" hai3="49,10,74,23,12,26,20,92,78,2,102,7,31"/><T51/><D75/><U79/><E41/><V13/><F1/><W126/><G126/><T91/><D34/><U65/><E79/><V96/><F127/><W61/><G49/><T3/><D121/><U17/><E90/><V118/><F109/><W53/><G2/><T70/><D97/><U27/><E99/><V82/><F123/><W129/><G129/><T48/><D112/><U47/><E47/><V103/><F133/><W108/><G108/><T39/><D39/><U100/><E100/><V58/><F58/><W77/><G23/><T6/><D70/><U73/><E73/><V132/><F132/><W93/><G74/><T52/><D68/><U66/><E27/><V115/><F115/><W60/><G93/><T122/><D43/><U15/><E15/><V80/><F44/><W37/><G37/><T42/><D42/><U22/><E22/><V46/><F46/><W11/><G11/><T38/><D38/><U32/><E32/><V114/><F36/><W35/><G35/><T117/><D117/><U113/><E113/><V110/><F110/><W104/><G104/><N who="1" m="39978" /><E54/><V125/><F114/><W120/><G53/><T94/><D122/><U128/><E62/><N who="3" m="24170" /><G120/><T55/><D55/><U4/><E4/><V131/><F125/><W76/><G76/><T33/><D33/><U95/><E95/><N who="2" m="58783" /><F118/><W130/><G130/><T0/><D0/><U40/><E40/><V5/><F131/><W67/><G67/><T124/><D124/><U30/><E128/><V45/><F119/><W72/><G72/><T98/><D98/><AGARI ba="0,0" hai="7,10,12,20,26,31,77,78,92,98,102" m="24170" machi="98" ten="30,1000,0" yaku="8,1" doraHai="101" who="3" fromWho="0" sc="293,-10,381,0,127,0,199,10" /><INIT seed="5,0,0,2,5,120" ten="283,381,127,209" oya="1" hai0="46,109,4,62,21,124,28,38,30,41,76,88,122" hai1="121,90,106,65,99,123,104,25,94,74,129,57,11" hai2="81,113,59,39,24,110,102,96,116,10,45,8,66" hai3="75,13,72,84,114,17,40,2,112,37,103,126,69"/><U132/><E132/><V133/><F116/><W31/><G2/><T97/><D122/><U56/><E74/><V108/><F39/><W107/><G69/><T115/><D124/><U130/><E123/><V92/><F45/><W53/><G31/><T134/><D134/><U135/><E121/><V87/><F133/><W58/><G126/><T9/><D115/><N who="3" m="44073" /><G84/><T26/><D76/><U6/><E135/><V0/><F113/><W29/><G29/><T15/><D30/><U60/><E25/><V118/><F118/><W16/><G17/><T48/><D62/><U32/><E32/><V100/><F100/><W1/><G1/><T42/><D109/><U22/><E22/><V119/><F119/><W47/><G103/><T23/><D23/><U89/><E56/><V131/><F131/><N who="1" m="50185" /><E90/><V5/><F10/><N who="3" m="6199" /><G107/><T12/><D12/><AGARI ba="0,0" hai="6,11,12,57,60,65,89,94,99,104,106" m="50185" machi="12" ten="30,1500,0" yaku="19,1" doraHai="120" who="1" fromWho="0" sc="283,-15,381,15,127,0,209,0" /><INIT seed="5,1,0,1,4,17" ten="268,396,127,209" oya="1" hai0="20,131,135,38,30,104,134,120,109,61,101,108,8" hai1="28,16,65,80,126,68,13,133,130,94,86,14,106" hai2="36,44,82,51,90,78,96,1,63,67,125,43,32" hai3="97,7,54,35,132,11,56,111,5,45,46,64,91"/><U55/><E106/><V2/><F32/><W62/><G35/><T18/><D38/><U121/><E121/><V70/><F125/><W10/><G111/><N who="0" m="42571" /><D61/><U116/><E116/><V99/><F90/><W107/><G132/><N who="0" m="50731" /><D101/><U37/><E133/><V74/><F96/><W12/><G64/><T24/><D104/><U128/><E37/><V102/><REACH who="2" step="1"/><F51/><REACH who="2" ten="268,396,117,209" step="2"/><W25/><G91/><T100/><D100/><U33/><E126/><V50/><F50/><W29/><G97/><T81/><D120/><U47/><E33/><V76/><F76/><W48/><G48/><T124/><D124/><U103/><E103/><V77/><F77/><W53/><G107/><AGARI ba="1,1" hai="1,2,36,43,44,63,67,70,74,78,82,99,102,107" machi="107" ten="30,8000,1" yaku="1,1,7,1,33,3,53,0" doraHai="17" doraHaiUra="119" who="2" fromWho="3" sc="268,0,396,0,117,93,209,-83" /><INIT seed="6,0,0,1,1,42" ten="268,396,210,126" oya="2" hai0="115,69,109,37,18,48,110,64,121,89,70,11,92" hai1="116,12,126,45,86,99,39,96,4,75,74,112,3" hai2="33,26,80,40,62,81,23,53,90,59,30,24,83" hai3="129,13,21,50,72,16,60,44,97,5,103,131,1"/><V111/><F111/><W68/><G72/><T34/><D37/><U78/><E12/><V71/><F71/><W134/><G134/><T49/><D34/><U25/><E116/><V93/><F40/><W32/><G32/><T67/><D11/><N who="1" m="2463" /><E25/><V118/><F118/><W57/><G68/><T77/><D77/><U47/><E86/><V52/><F53/><W85/><G85/><T120/><D18/><U41/><E126/><V105/><F105/><W88/><G1/><T95/><REACH who="0" step="1"/><D89/><REACH who="0" ten="258,396,210,126" step="2"/><U130/><E112/><AGARI ba="0,1" hai="48,49,64,67,69,70,92,95,109,110,112,115,120,121" machi="112" ten="25,6400,0" yaku="1,1,2,1,22,2,53,0" doraHai="42" doraHaiUra="31" who="0" fromWho="1" sc="258,74,396,-64,210,0,126,0" /><INIT seed="7,0,0,0,0,40" ten="332,332,210,126" oya="3" hai0="57,62,100,68,25,69,48,21,131,20,13,65,94" hai1="60,107,4,129,85,114,82,27,87,64,90,9,67" hai2="41,98,7,12,32,110,5,49,105,81,84,28,35" hai3="106,56,70,51,30,119,71,117,34,11,78,63,19"/><W24/><G106/><T128/><D13/><N who="1" m="5287" /><E129/><N who="0" m="49737" /><D48/><U113/><E107/><V50/><F28/><W23/><G78/><T83/><D83/><U92/><E27/><V111/><F98/><W44/><G11/><T53/><D65/><U80/><E114/><V58/><F58/><W124/><G124/><T76/><D76/><N who="1" m="46215" /><E113/><V96/><F96/><W102/><G102/><T130/><D130/><U74/><E74/><V75/><F75/><W89/><G89/><T33/><D33/><U73/><E73/><V26/><F26/><W43/><G71/><N who="0" m="27211" /><D25/><U77/><E60/><V123/><F84/><W103/><G70/><T97/><AGARI ba="0,0" hai="20,21,53,57,62,94,97,100" m="27211,49737" machi="97" ten="40,1500,0" yaku="19,1" doraHai="40" who="0" fromWho="0" sc="332,15,332,-4,210,-4,126,-7" owari="347,44.0,328,13.0,206,-19.0,119,-38.0" /></mjloggm>