<mjloggm ver="2.3"><GO type="169" lobby="0"/><UN n0="%E5%BC%B1%E5%B0%8F%E9%9B%80%E8%8D%98%E5%BA%97%E5%93%A1" n1="%74%65%61%6D%2D%65%78" n2="%E5%B0%B1%E6%B4%BB%E7%94%9F%40%E5%B7%9D%E6%9D%91%E8%BB%8D%E5%9B%A3" n3="%E5%88%87%E3%82%8A%E6%9C%AD" dan="16,16,19,17" rate="2088.42,2141.67,2313.42,2167.17" sx="M,M,M,M"/><TAIKYOKU oya="0"/><INIT seed="0,0,0,1,4,31" ten="250,250,250,250" oya="0" hai0="92,85,86,41,0,81,35,99,118,17,68,59,93" hai1="40,106,94,4,122,78,104,45,49,70,108,53,134" hai2="26,82,113,34,1,44,133,12,19,119,25,109,39" hai3="95,117,121,43,2,30,77,56,16,9,71,29,51"/><T72/><D68/><U79/><E122/><V84/><F113/><W65/><G117/><T127/><D118/><U61/><E108/><V112/><F112/><W50/><G71/><T57/><D0/><U33/><E134/><V52/><F109/><W90/><G121/><T91/><D127/><U75/><E4/><V42/><F1/><W8/><G77/><T23/><D41/><U111/><E111/><V125/><F119/><W131/><G131/><T76/><D35/><U7/><E7/><V27/><F125/><W5/><G30/><T55/><D93/><U67/><E33/><V21/><F133/><W89/><G29/><T130/><D130/><U126/><E126/><V66/><F66/><W62/><G43/><T64/><D64/><U3/><E3/><V132/><F132/><W74/><G74/><T32/><D32/><U116/><E116/><V114/><F114/><W11/><G11/><T129/><D129/><U135/><E135/><V87/><F34/><W58/><G58/><T128/><D128/><U15/><E15/><V63/><REACH who="2" step="1"/><F82/><REACH who="2" ten="250,250,240,250" step="2"/><W22/><G2/><T6/><D6/><U100/><E67/><V105/><F105/><W14/><G5/><T98/><D72/><U24/><E104/><V101/><F101/><W28/><G65/><T13/><REACH who="0" step="1"/><D59/><AGARI ba="0,1" hai="12,19,21,25,26,27,39,42,44,52,59,63,84,87" machi="59" ten="40,2600,0" yaku="1,1,54,1,53,0" doraHai="31" doraHaiUra="46" who="2" fromWho="0" sc="250,-26,250,0,240,36,250,0" /><INIT seed="1,0,0,2,5,52" ten="224,250,276,250" oya="1" hai0="108,82,125,40,41,102,45,89,11,112,63,75,77" hai1="8,106,24,48,9,83,47,13,4,93,43,58,59" hai2="129,107,85,39,18,17,118,133,127,76,91,70,114" hai3="79,56,101,2,36,90,86,117,61,113,87,23,49"/><U7/><E106/><V80/><F118/><W35/><G35/><T74/><D112/><U44/><E24/><V105/><F70/><W14/><G36/><T65/><D108/><U135/><E135/><V111/><F39/><W3/><G113/><T68/><D125/><U104/><E104/><V132/><F114/><W57/><G117/><T110/><D110/><U32/><E32/><V60/><F111/><W116/><G116/><T115/><D115/><U25/><E25/><V66/><F129/><W10/><G101/><T100/><D74/><U124/><E124/><V26/><F127/><W30/><G2/><T37/><D41/><U109/><E109/><V92/><F105/><W21/><G3/><T46/><D46/><U123/><E123/><V42/><F42/><W31/><G79/><T27/><D27/><U78/><E93/><V88/><F107/><W50/><G61/><T72/><D72/><U0/><REACH who="1" step="1"/><E47/><REACH who="1" ten="224,240,276,250" step="2"/><V28/><F132/><W64/><G31/><T55/><D45/><U22/><E22/><V121/><F121/><W33/><G23/><T95/><D95/><U16/><E16/><N who="2" m="6251" /><F92/><W1/><G30/><T134/><D134/><U130/><E130/><V34/><F133/><W73/><G21/><T67/><D11/><U81/><E81/><V69/><F34/><W5/><G33/><T128/><D82/><U12/><E12/><V20/><F28/><W122/><G1/><T131/><D128/><U126/><E126/><V120/><F120/><W38/><G10/><T54/><D131/><U97/><E97/><V71/><F71/><W51/><G122/><RYUUKYOKU ba="0,1" sc="224,-15,240,15,276,15,250,-15" hai1="0,4,7,8,9,13,43,44,48,58,59,78,83" hai2="20,26,60,66,69,76,80,85,88,91" /><INIT seed="1,1,1,0,5,54" ten="209,255,291,235" oya="1" hai0="49,64,88,102,110,86,111,31,83,101,74,13,41" hai1="56,50,67,128,129,121,89,19,79,10,52,0,62" hai2="90,87,21,5,93,7,22,66,124,126,115,32,97" hai3="106,53,123,14,69,60,85,68,81,132,25,120,98"/><U82/><E121/><V15/><F32/><W45/><G132/><T71/><D31/><U29/><E29/><V80/><F66/><W76/><G25/><T18/><D74/><U28/><E28/><V17/><F115/><W135/><G135/><T104/><D71/><U75/><E89/><V23/><F124/><W47/><G69/><T130/><D130/><U30/><E30/><V96/><F96/><W63/><G68/><T39/><D39/><U103/><E103/><V78/><REACH who="2" step="1"/><F126/><REACH who="2" ten="209,255,281,235" step="2"/><W35/><G98/><T65/><D65/><U58/><REACH who="1" step="1"/><E0/><REACH who="1" ten="209,245,281,235" step="2"/><V70/><F70/><W94/><G120/><T37/><D111/><U40/><E40/><V72/><F72/><W57/><G123/><T105/><D41/><U9/><E9/><AGARI ba="1,3" hai="5,7,9,15,17,21,22,23,78,80,87,90,93,97" machi="9" ten="40,2600,0" yaku="1,1,8,1,53,0" doraHai="54" doraHaiUra="109" who="2" fromWho="1" sc="209,0,245,-29,281,59,235,0" /><INIT seed="2,0,0,4,2,74" ten="209,216,340,235" oya="2" hai0="61,46,93,24,114,12,80,54,89,123,97,92,110" hai1="87,117,84,64,52,7,129,23,101,105,98,28,128" hai2="22,132,82,95,62,5,65,77,133,29,78,57,83" hai3="32,118,10,69,14,103,66,130,91,96,107,127,88"/><V135/><F5/><W0/><G118/><T86/><D123/><U13/><E117/><V30/><F95/><W44/><G0/><T39/><D114/><U31/><E64/><V36/><F36/><W106/><G106/><T48/><D110/><U9/><E84/><N who="2" m="48207" /><F22/><W58/><G127/><T37/><D24/><U27/><E87/><AGARI ba="0,0" hai="29,30,57,62,65,78,83,87,132,133,135" m="48207" machi="87" ten="30,5800,0" yaku="20,1,52,2" doraHai="74" who="2" fromWho="1" sc="209,0,216,-58,340,58,235,0" /><INIT seed="2,1,0,1,1,70" ten="209,158,398,235" oya="2" hai0="37,3,56,99,123,135,98,117,79,83,69,52,46" hai1="114,132,32,26,22,61,97,5,29,74,28,112,48" hai2="9,102,82,119,65,19,88,2,133,21,6,68,75" hai3="62,85,124,35,31,120,122,23,30,11,63,38,111"/><V76/><F119/><W25/><G111/><T8/><D123/><U55/><E74/><V131/><F131/><W116/><G116/><T100/><D117/><U101/><E132/><V130/><F130/><W71/><G124/><T18/><D69/><U103/><E5/><V20/><F133/><W27/><G38/><T121/><D121/><U90/><E29/><V93/><F102/><W42/><G42/><T17/><D135/><U105/><E101/><V104/><F104/><W89/><G11/><T16/><D3/><U113/><E61/><V47/><F47/><W40/><G40/><T44/><D8/><U15/><E90/><V41/><F41/><W13/><G13/><T43/><D46/><U58/><REACH who="1" step="1"/><E15/><REACH who="1" ten="209,148,398,235" step="2"/><V115/><F6/><W24/><G63/><T84/><REACH who="0" step="1"/><D100/><REACH who="0" ten="199,148,398,235" step="2"/><U4/><E4/><V87/><F2/><W94/><G122/><T78/><D78/><U86/><E86/><V81/><F87/><W54/><G120/><T77/><D77/><U129/><E129/><V49/><F76/><W108/><G85/><T7/><D7/><U66/><E66/><V67/><F65/><W1/><G1/><T134/><D134/><U0/><E0/><V34/><F67/><W118/><G118/><T126/><D126/><U127/><E127/><V53/><F75/><W107/><G89/><T80/><D80/><U36/><E36/><V59/><F88/><W64/><G64/><T39/><D39/><U51/><E51/><AGARI ba="1,2" hai="16,17,18,37,43,44,51,52,56,79,83,84,98,99" machi="51" ten="40,8000,1" yaku="1,1,52,1,54,2,53,0" doraHai="70" doraHaiUra="57" who="0" fromWho="1" sc="199,103,148,-83,398,0,235,0" /><INIT seed="3,0,0,1,2,87" ten="302,65,398,235" oya="3" hai0="20,121,12,29,40,41,14,92,122,81,35,16,25" hai1="129,130,28,85,131,59,7,44,93,65,1,95,53" hai2="32,89,123,110,61,102,57,99,127,120,112,38,115" hai3="60,52,17,42,88,94,10,15,128,45,46,55,82"/><W100/><G128/><T27/><D81/><U0/><E28/><V5/><F38/><W79/><G100/><T114/><D114/><U108/><E108/><V69/><F69/><W23/><G10/><T133/><D133/><U36/><E65/><V68/><F68/><W50/><G60/><T111/><D111/><U34/><E34/><V9/><F32/><W84/><REACH who="3" step="1"/><G45/><REACH who="3" ten="302,65,398,225" step="2"/><T30/><D122/><U134/><E134/><V13/><F120/><W51/><G51/><T119/><D121/><U104/><E36/><V77/><F123/><W31/><G31/><T74/><D30/><U63/><E44/><V72/><F102/><W37/><G37/><T71/><D29/><U11/><E104/><V117/><F110/><W106/><G106/><T90/><D35/><U103/><E103/><V64/><F115/><W54/><G54/><T4/><D119/><U21/><E0/><V86/><F117/><W22/><G22/><T135/><D20/><U39/><E39/><V56/><F112/><W107/><G107/><T113/><D113/><U126/><E21/><V78/><F61/><W48/><G48/><T96/><D135/><U26/><E126/><V124/><F9/><W97/><AGARI ba="0,1" hai="15,17,23,42,46,50,52,55,79,82,84,88,94,97" machi="97" ten="20,18000,2" yaku="1,1,0,1,7,1,8,1,52,1,54,2,53,0" doraHai="87" doraHaiUra="3" who="3" fromWho="3" sc="302,-60,65,-60,398,-60,225,190" /><INIT seed="3,1,0,0,5,131" ten="242,5,338,415" oya="3" hai0="88,8,93,86,132,60,69,41,77,39,55,9,115" hai1="124,134,82,27,87,5,67,19,81,110,29,25,75" hai2="91,133,78,11,103,72,36,15,59,84,106,61,92" hai3="122,107,76,23,35,127,47,123,62,52,33,104,130"/><W120/><G130/><T12/><D132/><U64/><E110/><V57/><F36/><W116/><G116/><T80/><D115/><U14/><E124/><V105/><F133/><W40/><G127/><T20/><D39/><U74/><E134/><V46/><F46/><W38/><G76/><T94/><D41/><U108/><E108/><V34/><F34/><W21/><G21/><T37/><D37/><U43/><E5/><V71/><F71/><W31/><G23/><T44/><D69/><U83/><E43/><V42/><F42/><W90/><G90/><T16/><D94/><U6/><E6/><V119/><F119/><W128/><G128/><T96/><REACH who="0" step="1"/><D44/><REACH who="0" ten="232,5,338,415" step="2"/><U28/><E82/><V17/><F105/><W45/><G45/><T118/><D118/><U51/><E19/><V101/><F106/><W24/><G107/><T1/><D1/><U13/><E87/><V85/><F72/><W58/><G104/><T125/><D125/><U18/><E18/><V102/><F61/><W48/><G62/><T63/><D63/><U68/><E68/><V126/><F126/><W135/><G135/><T3/><D3/><U109/><E109/><V89/><REACH who="2" step="1"/><F78/><REACH who="2" ten="232,5,328,415" step="2"/><W0/><G38/><T117/><D117/><U54/><E51/><V79/><F79/><W111/><G48/><T22/><D22/><U50/><E50/><V97/><F97/><W100/><G40/><T26/><D26/><U30/><E54/><V121/><F121/><W99/><G52/><T66/><D66/><U4/><E30/><V129/><F129/><W2/><G122/><T70/><D70/><RYUUKYOKU ba="1,2" sc="232,10,5,10,328,10,415,-30" hai0="8,9,12,16,20,55,60,77,80,86,88,93,96" hai1="4,13,14,25,27,28,29,64,67,74,75,81,83" hai2="11,15,17,57,59,84,85,89,91,92,101,102,103" /><INIT seed="4,2,2,0,4,31" ten="242,15,338,385" oya="0" hai0="6,133,96,89,28,22,47,53,7,33,100,122,42" hai1="27,101,48,116,87,39,130,0,131,105,119,126,123" hai2="21,72,4,103,15,129,49,29,98,108,132,95,77" hai3="18,110,120,62,81,115,85,106,59,10,70,16,13"/><T93/><D122/><U12/><E39/><V8/><F108/><W41/><G110/><T104/><D133/><U43/><E0/><V24/><F132/><W50/><G106/><T91/><D53/><U23/><E123/><V51/><F129/><N who="1" m="49161" /><E126/><V45/><F72/><W94/><G115/><T121/><D121/><U14/><E87/><V65/><F77/><W74/><G74/><T46/><D22/><U36/><E36/><V117/><F117/><N who="1" m="45129" /><E101/><V30/><F65/><W69/><G94/><T9/><D91/><U114/><E105/><V5/><F5/><W127/><G127/><T26/><D42/><U25/><E114/><V55/><F51/><W1/><G1/><T88/><D89/><U75/><E75/><V66/><F66/><W32/><G41/><T63/><D63/><U90/><E90/><V44/><REACH who="2" step="1"/><F30/><REACH who="2" ten="242,15,328,385" step="2"/><W64/><G50/><T67/><D67/><U11/><E48/><V111/><F111/><W86/><G120/><T135/><D135/><U112/><E43/><V56/><AGARI ba="2,3" hai="4,8,15,21,24,29,44,45,49,55,56,95,98,103" machi="56" ten="20,5200,0" yaku="1,1,0,1,7,1,8,1,53,0" doraHai="31" doraHaiUra="107" who="2" fromWho="2" sc="242,-28,15,-15,328,88,385,-15" /><INIT seed="5,0,0,5,2,13" ten="214,0,416,370" oya="1" hai0="132,11,107,76,101,111,51,104,124,9,10,109,91" hai1="69,0,55,43,19,81,5,54,4,82,30,89,106" hai2="60,41,34,86,31,122,121,58,6,50,87,44,110" hai3="117,83,105,126,27,79,77,116,92,49,33,112,103"/><U26/><E106/><V63/><F110/><W2/><G2/><T64/><D76/><U36/><E69/><V120/><F60/><W70/><G70/><T108/><D132/><U45/><E81/><V32/><F6/><W115/><G49/><T7/><D7/><U38/><E38/><V71/><F71/><W75/><G33/><T119/><D124/><U56/><E0/><V23/><F23/><W48/><G27/><T37/><D37/><U68/><E68/><V21/><F21/><W67/><G48/><T73/><D51/><U85/><E54/><V96/><F96/><N who="3" m="61671" /><G67/><T130/><D130/><U90/><E90/><V17/><F17/><W134/><G126/><T42/><D64/><U8/><E8/><V102/><F102/><W16/><G16/><T40/><D101/><U74/><E74/><V72/><F72/><W65/><G65/><T24/><D73/><U125/><E125/><V118/><F34/><W12/><G12/><T95/><D24/><U61/><E19/><V62/><F62/><W113/><G79/><T66/><D66/><U128/><E128/><V135/><F31/><W80/><G80/><T127/><D127/><U94/><E82/><V133/><F121/><W88/><G134/><N who="2" m="51209" /><F122/><W100/><G100/><T99/><D107/><U15/><E15/><V39/><F39/><W53/><G53/><T78/><D104/><U29/><E29/><V131/><F131/><W84/><AGARI ba="0,0" hai="75,77,83,84,88,92,112,113,115,116,117" m="61671" machi="84" ten="40,8000,1" yaku="24,1,15,1,34,2,54,1" doraHai="13" who="3" fromWho="3" sc="214,-20,0,-40,416,-20,370,80" owari="194,-21.0,-40,-54.0,396,20.0,450,55.0" /></mjloggm>