<mjloggm ver="2.3"><GO type="169" lobby="0"/><UN n0="%E3%81%82%E3%82%8A%E3%81%8B%E3%81%9F%E3%82%93" n1="%E5%B0%B1%E6%B4%BB%E7%94%9F%40%E5%B7%9D%E6%9D%91%E8%BB%8D%E5%9B%A3" n2="%E3%81%8A%E3%83%BC%E3%81%84%E3%81%8A%E8%8C%B6" n3="%E2%98%86%E6%B5%81%E6%98%9F%E2%98%86" dan="16,19,18,17" rate="2170.31,2367.50,2274.50,2102.21" sx="M,M,F,M"/><TAIKYOKU oya="0"/><INIT seed="0,0,0,4,4,72" ten="250,250,250,250" oya="0" hai0="93,31,107,14,16,49,4,111,134,56,54,21,61" hai1="64,117,36,62,104,51,135,76,18,33,122,92,98" hai2="46,30,75,89,81,59,10,118,43,132,133,57,17" hai3="25,120,52,58,53,73,102,22,1,114,69,87,84"/><T37/><D107/><U32/><E36/><V88/><F30/><W63/><G73/><T74/><D37/><U48/><E104/><V112/><F112/><W38/><G1/><T90/><D134/><N who="2" m="51818" /><F118/><W83/><G38/><T77/><D111/><U8/><E51/><N who="2" m="27103" /><F75/><W85/><G114/><T80/><D31/><U47/><E76/><V97/><F97/><W28/><G120/><T60/><REACH who="0" step="1"/><D4/><REACH who="0" ten="240,250,250,250" step="2"/><U115/><E115/><V0/><F17/><W2/><G28/><T19/><D19/><U116/><E18/><V35/><F35/><W71/><G25/><T23/><D23/><U121/><E33/><V12/><F12/><W7/><G22/><T131/><D131/><U20/><E32/><V82/><F0/><W119/><G7/><T126/><D126/><U106/><E20/><V79/><F10/><W124/><G2/><T95/><D95/><U11/><E106/><V99/><F82/><W108/><G83/><T9/><D9/><U96/><E92/><N who="2" m="56711" /><F79/><W113/><G113/><T109/><D109/><U41/><E11/><V34/><F34/><W50/><G108/><T3/><D3/><U42/><E8/><V128/><F128/><W123/><G124/><T13/><D13/><U66/><E121/><V130/><F130/><W103/><G123/><T40/><D40/><U27/><E42/><V29/><F29/><W26/><BYE who="2" /><G26/><UN n2="%E3%81%8A%E3%83%BC%E3%81%84%E3%81%8A%E8%8C%B6" /><T86/><AGARI ba="0,1" hai="14,16,21,49,54,56,60,61,74,77,80,86,90,93" machi="86" ten="20,24000,3" yaku="1,1,0,1,7,1,25,2,52,1,54,1,53,1" doraHai="72" doraHaiUra="44" who="0" fromWho="0" sc="240,250,250,-80,250,-80,250,-80" /><BYE who="2" /><INIT seed="0,1,0,2,5,35" ten="490,170,170,170" oya="0" hai0="0,107,105,59,122,133,93,13,21,3,79,130,48" hai1="6,129,67,114,123,100,64,108,27,49,24,4,116" hai2="118,85,29,40,77,74,71,94,20,43,97,70,111" hai3="50,106,7,30,87,113,90,18,8,57,86,19,121"/><T61/><D122/><U110/><E100/><UN n2="%E3%81%8A%E3%83%BC%E3%81%84%E3%81%8A%E8%8C%B6" /><V81/><F111/><N who="1" m="42537" /><E123/><V34/><F34/><W62/><G106/><T9/><D130/><U52/><E116/><V17/><F29/><W101/><G101/><T131/><D131/><U82/><E82/><V127/><F118/><W38/><G38/><T56/><D79/><U36/><E36/><V119/><F119/><W72/><G72/><T41/><D133/><U76/><E76/><V26/><F127/><W92/><G121/><T11/><D21/><U120/><E120/><V55/><F74/><W99/><G30/><T66/><D93/><U37/><E37/><V14/><F14/><W16/><G50/><T46/><D59/><N who="1" m="33167" /><E114/><V88/><REACH who="2" step="1"/><F55/><REACH who="2" ten="490,170,160,170" step="2"/><N who="3" m="34111" /><G113/><T68/><D68/><AGARI ba="1,1" hai="17,20,26,40,43,68,70,71,77,81,85,88,94,97" machi="68" ten="40,5200,0" yaku="1,1,54,1,53,1" doraHai="35" doraHaiUra="78" who="2" fromWho="0" sc="490,-55,170,0,160,65,170,0" /><INIT seed="1,0,0,1,3,122" ten="435,170,225,170" oya="1" hai0="102,93,112,54,4,57,82,31,124,56,15,41,39" hai1="53,103,89,61,8,1,95,27,104,90,7,125,43" hai2="6,49,117,101,72,26,128,48,98,123,59,83,126" hai3="73,52,20,107,47,35,71,77,28,62,22,40,100"/><U74/><E74/><V115/><F123/><W121/><G121/><T84/><D112/><U36/><E125/><V69/><F117/><W9/><G9/><T114/><D114/><U91/><E104/><V119/><F119/><W66/><G77/><T25/><D39/><U30/><E36/><V92/><F69/><W134/><G73/><T50/><D41/><U17/><E43/><V19/><F115/><W2/><G2/><T94/><D102/><U42/><E42/><V12/><F126/><W65/><G65/><T105/><D105/><U68/><E17/><V85/><F72/><W58/><G134/><T79/><D57/><U99/><E53/><V132/><F132/><W81/><G81/><T29/><D124/><U70/><REACH who="1" step="1"/><E61/><REACH who="1" ten="435,160,225,170" step="2"/><V44/><F19/><W86/><G52/><T113/><D113/><U64/><E64/><V109/><F48/><W11/><G62/><T60/><D50/><U80/><E80/><V45/><F83/><W131/><G66/><T63/><D63/><U118/><E118/><V38/><F49/><W106/><G40/><T127/><D127/><U76/><E76/><V51/><F51/><W37/><G37/><T96/><D60/><U13/><E13/><V5/><F12/><W32/><G107/><T88/><D54/><U116/><E116/><V129/><F38/><W18/><G18/><T67/><D67/><U108/><E108/><V3/><F109/><W21/><G106/><T10/><D15/><U55/><E55/><V0/><F0/><W23/><G71/><T97/><D82/><U34/><AGARI ba="0,1" hai="1,7,8,27,30,34,68,70,89,90,91,95,99,103" machi="34" ten="30,6000,0" yaku="1,1,0,1,53,1" doraHai="122" doraHaiUra="33" who="1" fromWho="1" sc="435,-20,160,70,225,-20,170,-20" /><INIT seed="1,1,0,4,2,32" ten="415,230,205,150" oya="1" hai0="43,110,39,106,102,31,132,113,49,121,14,41,46" hai1="92,7,10,1,35,118,127,60,96,69,22,130,47" hai2="33,84,112,77,80,24,53,16,45,23,21,30,18" hai3="134,81,109,107,97,2,124,95,115,100,12,44,73"/><U15/><E35/><V5/><F112/><W120/><G115/><T68/><D106/><U6/><E118/><V131/><F131/><W103/><G109/><T29/><D102/><U98/><E127/><V94/><F5/><W70/><G70/><T129/><D68/><U25/><E130/><V27/><F94/><W105/><G124/><T19/><D110/><U71/><E96/><V111/><F111/><W56/><G44/><T17/><D113/><U114/><E114/><V63/><F63/><W8/><G97/><T85/><D85/><U64/><E47/><V57/><F45/><W75/><G103/><T28/><D121/><U126/><E126/><V101/><F101/><W11/><G100/><T74/><D74/><U52/><E7/><V125/><F125/><W119/><G105/><T50/><D43/><U20/><E15/><V54/><REACH who="2" step="1"/><F57/><REACH who="2" ten="415,230,195,150" step="2"/><W9/><G56/><T83/><D46/><U58/><E69/><V38/><F38/><W51/><G107/><T61/><D39/><U135/><E71/><V104/><F104/><W123/><G95/><T122/><D61/><U79/><E92/><V88/><F88/><W59/><G120/><T86/><D122/><U34/><E60/><V82/><F82/><W3/><G81/><T67/><D83/><U87/><E58/><V116/><F116/><W93/><G59/><T48/><D129/><U99/><E6/><V37/><F37/><W66/><G119/><T90/><D90/><U55/><E79/><V40/><F40/><W91/><G123/><T4/><D41/><U72/><E64/><V78/><F78/><RYUUKYOKU ba="1,1" sc="415,-10,230,-10,195,30,150,-10" hai2="16,18,21,23,24,27,30,33,53,54,77,80,84" /><INIT seed="2,2,1,4,2,34" ten="405,220,225,140" oya="2" hai0="130,76,45,20,32,78,31,132,135,107,16,61,97" hai1="123,15,70,77,126,66,68,53,5,120,99,75,9" hai2="115,133,52,114,13,71,122,86,108,118,60,57,49" hai3="39,74,113,127,38,65,10,4,58,23,17,33,109"/><V62/><F118/><W2/><G74/><T59/><D130/><U46/><E126/><V18/><F122/><N who="1" m="46633" /><E66/><V129/><F129/><W117/><G127/><T7/><D32/><U92/><E77/><V27/><F133/><N who="0" m="51274" /><D31/><U106/><E106/><V51/><F27/><W101/><G109/><T104/><D45/><U131/><E75/><V37/><F37/><W56/><G117/><T29/><D29/><U110/><E110/><V41/><F108/><W21/><G33/><T112/><D7/><U25/><E25/><V22/><F86/><W91/><G23/><T134/><D112/><U69/><E131/><V95/><F95/><W72/><G72/><T12/><D134/><U14/><E53/><V67/><REACH who="2" step="1"/><F41/><REACH who="2" ten="405,220,215,140" step="2"/><W103/><G39/><T28/><D107/><U116/><E116/><V42/><F42/><W83/><G38/><T111/><D111/><U64/><E92/><V79/><F79/><W11/><G113/><AGARI ba="2,2" hai="13,18,22,49,51,52,57,60,62,67,71,113,114,115" machi="113" ten="40,3900,0" yaku="1,1,54,1,53,0" doraHai="34" doraHaiUra="3" who="2" fromWho="3" sc="405,0,220,0,215,65,140,-45" /><INIT seed="2,3,0,3,3,79" ten="405,220,280,95" oya="2" hai0="33,46,134,126,74,112,36,132,22,28,95,59,121" hai1="31,107,40,1,122,67,61,2,50,30,130,135,97" hai2="125,10,0,15,53,4,94,41,45,89,129,51,73" hai3="68,119,98,82,32,24,114,37,117,91,43,105,92"/><V78/><F129/><W128/><G68/><T109/><D59/><U62/><E135/><V100/><F100/><W84/><G114/><T86/><D22/><U39/><E39/><V111/><F125/><W44/><G128/><T52/><D95/><U9/><E9/><V80/><F111/><W66/><G66/><T77/><D86/><U123/><E50/><V81/><F81/><W113/><G113/><T55/><D36/><U48/><E48/><V76/><F76/><W8/><G105/><T127/><D112/><U96/><E67/><V83/><F83/><W72/><G72/><T90/><D109/><U21/><E21/><V42/><REACH who="2" step="1"/><F0/><REACH who="2" ten="405,220,270,95" step="2"/><W13/><G82/><T3/><D77/><U17/><E2/><V85/><AGARI ba="3,1" hai="4,10,15,41,42,45,51,53,73,78,80,85,89,94" machi="85" ten="20,12000,1" yaku="1,1,2,1,0,1,7,1,52,1,53,0" doraHai="79" doraHaiUra="133" who="2" fromWho="2" sc="405,-43,220,-43,270,139,95,-43" /><INIT seed="2,4,0,4,4,129" ten="362,177,409,52" oya="2" hai0="19,55,76,67,12,9,20,105,56,103,62,24,96" hai1="104,72,93,50,39,89,100,107,86,68,70,134,91" hai2="47,52,66,132,32,48,15,108,119,126,69,95,125" hai3="109,64,97,98,16,99,112,6,18,121,122,23,133"/><V57/><F32/><W75/><G109/><T71/><D76/><U73/><E39/><V94/><F119/><W59/><G75/><N who="1" m="28746" /><E50/><V60/><F15/><W43/><G6/><T14/><REACH who="0" step="1"/><D9/><REACH who="0" ten="352,177,409,52" step="2"/><U79/><E68/><V124/><F108/><W74/><G121/><T106/><D106/><N who="1" m="40491" /><E70/><V115/><F115/><W3/><G112/><T87/><D87/><U131/><E131/><V53/><REACH who="2" step="1"/><F132/><REACH who="2" ten="352,177,399,52" step="2"/><W4/><G133/><T77/><D77/><U110/><E134/><V37/><F37/><W81/><G122/><T111/><D111/><U46/><E110/><V40/><F40/><W78/><G43/><T41/><D41/><U85/><E79/><V51/><AGARI ba="4,2" hai="47,48,51,52,53,57,60,66,69,94,95,124,125,126" machi="51" ten="40,12000,1" yaku="1,1,0,1,18,1,54,1,53,0" doraHai="129" doraHaiUra="31" who="2" fromWho="2" sc="352,-44,177,-44,399,152,52,-44" /><INIT seed="2,5,0,1,5,100" ten="308,133,551,8" oya="2" hai0="62,119,112,41,132,31,21,27,50,127,45,28,43" hai1="88,19,47,121,22,80,85,63,7,52,24,72,54" hai2="67,108,51,53,34,17,71,60,130,89,70,61,18" hai3="74,93,64,3,105,13,16,120,86,4,116,135,77"/><V66/><F34/><W38/><G120/><T42/><D112/><U12/><E121/><V128/><F89/><W69/><G38/><T44/><D132/><U0/><E72/><V14/><F108/><W37/><G37/><T115/><D115/><U79/><E0/><V91/><F91/><W102/><G116/><T39/><D119/><U123/><E123/><V133/><F133/><W110/><G110/><T23/><D127/><U55/><E7/><V15/><F51/><W134/><G4/><T101/><D62/><U20/><E79/><V131/><F53/><W65/><G3/><T58/><D58/><U106/><E106/><V59/><F59/><W9/><G69/><T109/><D109/><U35/><E35/><V117/><F117/><W49/><G135/><T94/><D39/><U1/><E1/><V46/><F130/><W25/><G25/><N who="0" m="16431" /><D45/><AGARI ba="5,0" hai="14,15,17,18,45,46,60,61,66,67,70,71,128,131" machi="45" ten="25,2400,0" yaku="22,2" doraHai="100" who="2" fromWho="0" sc="308,-39,133,0,551,39,8,0" /><INIT seed="2,6,0,5,0,15" ten="269,133,590,8" oya="2" hai0="68,130,101,128,127,33,134,106,124,92,50,108,66" hai1="114,133,44,8,69,71,102,57,32,23,35,93,78" hai2="129,60,14,131,82,43,1,9,87,113,84,13,65" hai3="59,91,29,42,105,38,7,83,80,98,126,28,2"/><V21/><F113/><W74/><G126/><N who="0" m="48171" /><D108/><U46/><E78/><V27/><F43/><W26/><G59/><T116/><D134/><U125/><E125/><V37/><F1/><W25/><G7/><T3/><D106/><U72/><E72/><V95/><F95/><W67/><G2/><T17/><D116/><U88/><E133/><V54/><F54/><W53/><G67/><T111/><D111/><U115/><E102/><V117/><F37/><W79/><G53/><T63/><D33/><U39/><E8/><V31/><F117/><W6/><G6/><T24/><D3/><U11/><E11/><V118/><F118/><W12/><G12/><N who="2" m="4713" /><F82/><N who="3" m="45431" /><G42/><T52/><D92/><U90/><E93/><V77/><F77/><W135/><G135/><T120/><D101/><U41/><E41/><V121/><F9/><W34/><G38/><T58/><D120/><U103/><E39/><V109/><F121/><W75/><G75/><T100/><D100/><U81/><E103/><V45/><F45/><W119/><G105/><T112/><D112/><U123/><E123/><V86/><F109/><W40/><G40/><T0/><D0/><U55/><E55/><V49/><F49/><W122/><G122/><T48/><D48/><U97/><E57/><V5/><F5/><W96/><G119/><T110/><D110/><U51/><E51/><V47/><F47/><W85/><G83/><T70/><D70/><U89/><E81/><V36/><F36/><W61/><G61/><T76/><D76/><U22/><E89/><V104/><F104/><W4/><G4/><T16/><D24/><RYUUKYOKU ba="6,0" sc="269,0,133,0,590,0,8,0" hai0="16,17,50,52,58,63,66,68,128,130" hai1="22,23,32,35,44,46,69,71,88,90,97,114,115" hai2="21,27,31,60,65,84,86,87,129,131" hai3="25,26,28,29,34,80,85,91,96,98" /><INIT seed="2,7,0,1,4,33" ten="269,133,590,8" oya="2" hai0="92,125,16,119,5,134,45,95,88,23,86,130,105" hai1="77,94,51,75,63,126,0,62,110,81,1,25,68" hai2="12,72,108,128,73,83,127,46,52,97,4,17,20" hai3="53,29,111,96,44,76,6,79,113,99,18,2,36"/><V84/><F128/><W91/><G111/><T98/><D130/><U115/><E115/><V104/><F127/><W112/><G29/><T135/><D125/><U14/><E110/><V34/><F34/><W121/><G121/><T103/><D5/><U8/><E126/><V43/><F108/><W107/><G18/><T118/><D45/><U82/><E82/><V7/><F72/><W15/><G15/><N who="0" m="9631" /><D105/><U39/><E39/><V90/><F73/><W40/><G53/><T37/><D37/><U74/><E74/><V22/><F52/><W78/><G91/><T124/><D124/><U123/><E123/><V71/><F71/><W70/><G70/><T9/><D9/><U87/><E25/><V55/><F55/><W38/><G38/><T50/><D50/><U89/><E62/><V116/><F116/><AGARI ba="7,0" hai="86,88,92,95,98,103,116,118,119,134,135" m="9631" machi="116" ten="30,3900,0" yaku="12,1,54,2" doraHai="33" who="0" fromWho="2" sc="269,60,133,0,590,-60,8,0" /><INIT seed="3,0,0,5,3,53" ten="329,133,530,8" oya="3" hai0="4,134,62,35,68,92,14,18,16,101,50,135,100" hai1="81,49,3,26,9,10,13,96,77,83,20,72,129" hai2="133,1,43,24,65,111,22,93,66,127,106,75,69" hai3="8,39,74,108,57,17,109,126,88,80,67,31,91"/><W19/><G39/><T54/><D35/><U116/><E116/><V64/><F106/><W98/><G126/><T41/><D41/><U58/><E129/><V86/><F75/><W27/><G98/><T7/><D18/><N who="3" m="6665" /><G8/><T61/><D68/><U60/><E3/><V121/><F1/><W55/><G67/><T37/><D37/><U78/><E96/><V84/><F69/><W51/><G80/><T94/><D16/><U107/><E107/><V28/><F127/><W25/><G74/><T97/><D14/><U104/><E49/><V48/><F121/><W63/><G51/><T33/><D33/><U128/><E128/><V40/><F48/><W70/><G70/><T89/><D97/><U124/><E124/><V52/><F66/><W132/><G132/><T6/><D6/><U0/><E104/><V32/><F133/><W2/><G2/><T122/><D50/><U5/><E10/><V29/><F93/><W90/><G31/><T102/><D122/><U110/><E0/><V47/><F52/><W76/><G76/><T131/><D54/><N who="1" m="33879" /><E78/><V85/><F64/><W114/><G114/><T112/><D112/><U15/><E81/><V36/><F65/><W12/><G12/><T23/><D131/><U56/><E13/><V34/><F43/><W103/><G103/><T118/><D101/><U38/><E38/><V73/><F73/><W125/><G125/><T95/><D100/><U99/><E99/><V71/><F71/><W105/><G105/><T117/><D102/><U45/><E15/><V79/><F79/><W44/><G44/><T21/><D95/><RYUUKYOKU ba="0,0" sc="329,15,133,-15,530,-15,8,15" hai0="4,7,21,23,61,62,89,92,94,117,118,134,135" hai3="25,27,55,57,63,88,90,91,108,109" /><INIT seed="3,1,0,2,0,44" ten="344,118,515,23" oya="3" hai0="122,6,12,57,52,102,48,107,79,100,96,84,64" hai1="95,23,47,15,92,18,68,51,74,99,39,34,25" hai2="128,73,49,134,97,119,36,114,106,118,27,17,42" hai3="33,130,55,60,115,28,30,91,66,72,45,1,88"/><W126/><G72/><T109/><D109/><U62/><E74/><V98/><F36/><W104/><G1/><T125/><D122/><U43/><E68/><V120/><F73/><W0/><G0/><T80/><D125/><U135/><E135/><V90/><F114/><W103/><G115/><T85/><D64/><U63/><E39/><V22/><F134/><W5/><G5/><T112/><D112/><U8/><E34/><V46/><F120/><W4/><G4/><T32/><D32/><U13/><E95/><V71/><F71/><N who="3" m="42439" /><G30/><T127/><D127/><U78/><E78/><V35/><F35/><W9/><G9/><N who="0" m="4151" /><D107/><U26/><E15/><V83/><F128/><W53/><G130/><T81/><D96/><U76/><E76/><AGARI ba="1,0" hai="48,52,57,76,79,80,81,84,85,100,102" m="4151" machi="76" ten="30,3900,0" yaku="8,1,52,1,54,1" doraHai="44" who="0" fromWho="1" sc="344,42,118,-42,515,0,23,0" /><INIT seed="4,0,0,1,5,3" ten="386,76,515,23" oya="0" hai0="52,103,71,102,84,63,113,121,101,76,133,122,98" hai1="32,79,31,40,46,91,100,14,67,114,60,36,70" hai2="5,8,10,120,72,99,68,59,109,12,105,55,28" hai3="2,75,7,1,62,118,61,112,51,29,18,22,64"/><T34/><D34/><U106/><E79/><V38/><F109/><W92/><G75/><T48/><D113/><U54/><E14/><V6/><F68/><W19/><G118/><T83/><D133/><U73/><E91/><V131/><F38/><W45/><G112/><T47/><REACH who="0" step="1"/><D98/><REACH who="0" ten="376,76,515,23" step="2"/><U82/><E32/><V94/><F120/><W27/><G1/><T13/><D13/><U78/><E114/><V56/><F131/><W97/><G2/><T65/><AGARI ba="0,1" hai="47,48,52,63,65,71,76,83,84,101,102,103,121,122" machi="65" ten="30,6000,0" yaku="1,1,0,1,54,1,53,0" doraHai="3" doraHaiUra="53" who="0" fromWho="0" sc="376,70,76,-20,515,-20,23,-20" /><INIT seed="4,1,0,0,2,18" ten="446,56,495,3" oya="0" hai0="14,80,111,63,24,27,135,110,67,52,17,61,28" hai1="105,91,125,50,109,25,95,119,74,20,29,93,32" hai2="33,59,55,43,37,82,68,89,114,121,81,40,45" hai3="44,8,6,22,48,62,60,46,56,77,128,31,132"/><T75/><D75/><U23/><E105/><V116/><F121/><W90/><G128/><T19/><D80/><U134/><E109/><N who="0" m="41481" /><D135/><U47/><E74/><V84/><F33/><W35/><G35/><T49/><D63/><N who="3" m="24105" /><G77/><T9/><D28/><U21/><E125/><V54/><F68/><W106/><G106/><T122/><D122/><U11/><E134/><V102/><F114/><W112/><G112/><T39/><D39/><U73/><E73/><V34/><F34/><W78/><G78/><T76/><D76/><U41/><E119/><V26/><F116/><W79/><G79/><T0/><D0/><U53/><E11/><V65/><F65/><W127/><G90/><T129/><D19/><U4/><E4/><V13/><F102/><W72/><G72/><T99/><D99/><N who="1" m="57791" /><E32/><V130/><F130/><W12/><G127/><T118/><D118/><U126/><E126/><V115/><F115/><W64/><G132/><T70/><D129/><U107/><E107/><V2/><F2/><W16/><G31/><T36/><D36/><U100/><E41/><V120/><F43/><W85/><G85/><T96/><D96/><AGARI ba="1,0" hai="20,21,23,25,29,47,50,53,95,96,100" m="57791" machi="96" ten="30,7700,0" yaku="8,1,52,3" doraHai="18" who="1" fromWho="0" sc="446,-80,56,80,495,0,3,0" /><INIT seed="5,0,0,4,1,69" ten="366,136,495,3" oya="1" hai0="8,126,116,108,101,111,51,82,5,72,21,28,119" hai1="25,17,114,12,40,57,96,68,75,91,34,81,98" hai2="26,92,3,60,62,73,30,87,41,0,53,127,129" hai3="59,120,44,27,104,46,117,71,110,106,76,86,7"/><U13/><E68/><V94/><F73/><W47/><G71/><T36/><D101/><U65/><E114/><V56/><F129/><W20/><G110/><T43/><D51/><U103/><E75/><V63/><F127/><W130/><G120/><T83/><D21/><U97/><E40/><V54/><F41/><W80/><G130/><T38/><D83/><U93/><E34/><V19/><F19/><W135/><G135/><T66/><D66/><U85/><E13/><V125/><F125/><W124/><G124/><T77/><D28/><U128/><E128/><V33/><F62/><W132/><G132/><T35/><D35/><U14/><E14/><V15/><F15/><W88/><G7/><T70/><D70/><U90/><E25/><V123/><F123/><W113/><G113/><T133/><D133/><U64/><E57/><V42/><F42/><W121/><G121/><T67/><D67/><N who="1" m="25675" /><E103/><V99/><F54/><W49/><G117/><N who="0" m="45131" /><D126/><U24/><E24/><V6/><F60/><W134/><G134/><T16/><D108/><U10/><AGARI ba="0,0" hai="10,12,17,81,85,90,91,93,96,97,98" m="25675" machi="10" ten="30,1500,0" yaku="8,1" doraHai="69" who="1" fromWho="1" sc="366,-5,136,15,495,-5,3,-5" owari="361,16.0,151,-25.0,490,59.0,-2,-50.0" /></mjloggm>