<mjloggm ver="2.3"><GO type="169" lobby="0"/><UN n0="%E5%A4%A7%E6%A5%A0%E5%85%AC" n1="%E4%BF%BA%54%55%45%45%45%45%45" n2="%E2%80%A0%E3%81%BE%E3%83%BC%E5%9D%8A%E2%80%A0" n3="%E3%82%A6%E3%83%AB%E3%83%88%E3%83%A9%E7%AB%8B%E7%9B%B4" dan="17,16,18,18" rate="2168.60,2059.32,2170.62,2232.75" sx="M,F,M,M"/><TAIKYOKU oya="0"/><INIT seed="0,0,0,0,2,99" ten="250,250,250,250" oya="0" hai0="78,111,64,93,122,83,103,31,94,63,61,118,96" hai1="59,66,86,48,2,114,110,73,62,9,6,74,13" hai2="51,101,75,35,55,50,97,8,89,72,36,4,24" hai3="22,82,38,87,42,26,135,119,125,5,128,108,39"/><T40/><D118/><U47/><E110/><V126/><F36/><W104/><G119/><T41/><D122/><U19/><E114/><V58/><F126/><W123/><G104/><T129/><D129/><U120/><E120/><V116/><F116/><W32/><G32/><T130/><D130/><U127/><E127/><V10/><F89/><W85/><G128/><T27/><D93/><U30/><E30/><V133/><F133/><W54/><G5/><T112/><D112/><U117/><E86/><V100/><F10/><W46/><G87/><T25/><D111/><U105/><E105/><V98/><F35/><W79/><G125/><T121/><D121/><U52/><REACH who="1" step="1"/><E117/><REACH who="1" ten="250,240,250,250" step="2"/><V91/><F72/><W69/><G85/><N who="0" m="48375" /><D31/><U23/><AGARI ba="0,1" hai="2,6,9,13,19,23,47,48,52,59,62,66,73,74" machi="23" ten="20,5200,0" yaku="1,1,0,1,7,1,54,1,53,0" doraHai="99" doraHaiUra="124" who="1" fromWho="1" sc="250,-26,240,62,250,-13,250,-13" /><INIT seed="1,0,0,4,4,58" ten="224,302,237,237" oya="1" hai0="118,40,44,60,132,107,17,14,100,2,94,52,59" hai1="6,13,117,110,62,20,35,87,111,112,127,11,123" hai2="51,128,47,66,18,30,57,55,73,124,93,41,79" hai3="25,71,63,135,83,67,3,34,75,88,19,48,89"/><U82/><E112/><V108/><F108/><N who="1" m="41513" /><E117/><V65/><F128/><W125/><G3/><T43/><D118/><U29/><E127/><V8/><F124/><W92/><G125/><T42/><D2/><U64/><E123/><V76/><F30/><W74/><G135/><T84/><D132/><U72/><E72/><V78/><F73/><W56/><G83/><T33/><D33/><U70/><E35/><V22/><F8/><W61/><G48/><T80/><D107/><U0/><E13/><V133/><F93/><W10/><G89/><T102/><D44/><U50/><E50/><V103/><F103/><W134/><G134/><T113/><D113/><U98/><E98/><V1/><F1/><W21/><G10/><N who="0" m="6359" /><D94/><U9/><E11/><V69/><F69/><W114/><G34/><T90/><AGARI ba="0,0" hai="40,42,43,52,59,60,80,84,90,100,102" m="6359" machi="90" ten="30,4000,0" yaku="8,1,52,1,54,1" doraHai="58" who="0" fromWho="0" sc="224,40,302,-20,237,-10,237,-10" /><INIT seed="2,0,0,1,0,0" ten="264,282,227,227" oya="2" hai0="54,102,25,131,70,114,62,73,132,20,77,119,51" hai1="103,40,26,120,79,21,124,107,129,94,31,53,10" hai2="96,56,14,60,84,89,7,50,15,29,115,36,61" hai3="121,55,65,42,87,46,109,108,117,35,112,82,1"/><V134/><F36/><W22/><G35/><T106/><D119/><U5/><E107/><V34/><F115/><W57/><G117/><T86/><D114/><U58/><E129/><V52/><F134/><W101/><G112/><T125/><D131/><U18/><E124/><V23/><F34/><W45/><G101/><T91/><D125/><U24/><E40/><V100/><F96/><W30/><G65/><T135/><D77/><U110/><E110/><N who="3" m="42602" /><G1/><T16/><D73/><U133/><E79/><V32/><F32/><W67/><G67/><T11/><D102/><U130/><E120/><V64/><F100/><W48/><G121/><T68/><D106/><U49/><E133/><N who="0" m="51273" /><D11/><U69/><E10/><N who="2" m="4447" /><F64/><W75/><G75/><T105/><D62/><U47/><E103/><V113/><F113/><W123/><G123/><T95/><D105/><U2/><E69/><V98/><F98/><W104/><G104/><T28/><D28/><U122/><E31/><V19/><F29/><W78/><G42/><T80/><D80/><AGARI ba="0,0" hai="15,19,23,50,52,56,60,61,80,84,89" m="4447" machi="80" ten="30,5800,0" yaku="8,1,52,1,54,1" doraHai="0" who="2" fromWho="0" sc="264,-58,282,0,227,58,227,0" /><INIT seed="2,1,0,4,4,16" ten="206,282,285,227" oya="2" hai0="5,99,76,43,100,75,17,134,10,64,44,102,14" hai1="31,40,125,50,109,39,67,8,37,117,128,106,25" hai2="123,116,32,94,51,65,41,77,126,20,118,4,48" hai3="11,0,56,91,49,6,98,57,81,133,53,61,96"/><V12/><F32/><W103/><G133/><T7/><D134/><U28/><E117/><V63/><F123/><W135/><G135/><T58/><D75/><U1/><E106/><V3/><F126/><W52/><REACH who="3" step="1"/><G103/><REACH who="3" ten="206,282,285,217" step="2"/><T23/><D102/><U68/><E125/><V132/><F132/><W112/><G112/><T90/><D76/><U83/><E128/><V101/><F77/><W22/><G22/><T127/><D127/><U104/><E109/><V72/><F20/><W92/><G92/><T124/><D124/><U70/><E104/><V62/><F94/><W34/><G34/><T60/><D90/><U95/><E95/><V130/><F101/><W69/><G69/><T2/><D2/><U86/><E70/><V35/><F3/><W87/><AGARI ba="1,1" hai="0,6,11,49,52,53,56,57,61,81,87,91,96,98" machi="87" ten="30,7900,0" yaku="1,1,0,1,54,1,53,1" doraHai="16" doraHaiUra="46" who="3" fromWho="3" sc="206,-21,282,-21,285,-40,217,92" /><INIT seed="3,0,0,0,2,64" ten="185,261,245,309" oya="3" hai0="21,90,78,50,113,60,68,72,19,31,28,67,32" hai1="118,44,40,116,43,75,92,126,101,108,111,125,89" hai2="76,96,86,103,88,94,7,135,41,130,97,128,73" hai3="2,85,18,33,34,5,24,8,53,27,100,11,22"/><W14/><G100/><T20/><D113/><U132/><E75/><V106/><F41/><W121/><G85/><T56/><D32/><N who="3" m="12393" /><G53/><T15/><D72/><U54/><E101/><N who="2" m="62767" /><F7/><N who="3" m="1143" /><G121/><T117/><D78/><U37/><E132/><V133/><F76/><W66/><G66/><T35/><D35/><U25/><E25/><AGARI ba="0,0" hai="5,11,14,18,22,24,25,27" m="1143,12393" machi="25" ten="30,12000,1" yaku="35,5" doraHai="64" who="3" fromWho="1" sc="185,0,261,-120,245,0,309,120" /><INIT seed="3,1,0,3,0,43" ten="185,141,245,429" oya="3" hai0="91,74,58,130,37,99,60,113,89,121,45,26,123" hai1="14,17,65,85,115,127,20,105,124,122,2,69,71" hai2="135,75,51,15,33,42,11,128,62,103,86,97,77" hai3="92,70,38,31,41,132,63,39,96,82,24,7,27"/><W13/><G132/><T25/><D74/><U48/><E122/><V54/><F75/><W112/><G112/><T88/><D113/><U55/><E115/><V50/><F33/><W19/><G7/><T16/><D130/><U64/><E105/><V23/><F128/><W61/><G82/><T53/><D99/><U117/><E2/><V116/><F116/><W0/><G0/><T110/><D110/><U5/><E5/><V44/><F23/><W83/><G83/><T59/><D59/><U22/><E117/><V28/><F28/><W78/><G78/><T79/><D79/><U134/><E134/><V108/><F62/><W106/><G106/><T12/><D123/><U109/><E109/><V46/><F108/><W133/><G133/><T32/><D32/><U67/><E85/><V68/><F68/><W3/><G3/><T21/><REACH who="0" step="1"/><D121/><REACH who="0" ten="175,141,245,429" step="2"/><U94/><E71/><V95/><F135/><W30/><G96/><T107/><D107/><U129/><E69/><V1/><F77/><W104/><G104/><T125/><D125/><U131/><E129/><V101/><F86/><W100/><G70/><T29/><D29/><U102/><E131/><V114/><F114/><W120/><G31/><T56/><D56/><N who="1" m="32871" /><E127/><V119/><F119/><W8/><G30/><T66/><D66/><U111/><E111/><V6/><F1/><W118/><G120/><T81/><D81/><U98/><E124/><V35/><F35/><W93/><G118/><T40/><AGARI ba="1,1" hai="12,16,21,25,26,37,40,45,53,58,60,88,89,91" machi="40" ten="30,8000,1" yaku="1,1,0,1,52,1,54,2,53,0" doraHai="43" doraHaiUra="73" who="0" fromWho="0" sc="175,93,141,-21,245,-21,429,-41" /><INIT seed="4,0,0,1,4,28" ten="268,120,224,388" oya="0" hai0="51,130,80,87,97,126,92,94,14,67,105,57,121" hai1="25,56,86,69,85,42,30,101,15,45,114,110,107" hai2="115,32,6,21,129,81,95,24,37,133,90,17,119" hai3="44,1,4,124,9,8,12,109,61,40,38,48,43"/><T64/><D121/><U118/><E118/><V99/><F37/><W131/><G109/><T128/><D126/><U36/><E110/><V66/><F119/><W132/><G131/><N who="0" m="50219" /><D105/><U122/><E122/><V71/><F129/><W77/><G132/><T11/><D51/><U84/><E69/><V117/><F117/><W62/><G124/><T34/><D34/><U50/><E114/><V16/><F133/><W102/><G102/><N who="0" m="60711" /><D94/><U127/><E107/><V79/><F32/><W20/><G43/><T63/><D57/><U88/><E101/><V78/><F115/><W41/><G41/><T68/><D63/><U46/><E46/><V98/><F98/><W100/><G48/><T76/><D68/><U82/><E127/><V10/><F81/><W0/><G61/><T7/><AGARI ba="0,0" hai="7,11,14,64,67,76,80,87" m="60711,50219" machi="7" ten="30,1500,0" yaku="19,1" doraHai="28" who="0" fromWho="0" sc="268,15,120,-5,224,-5,388,-5" /><INIT seed="4,1,0,2,5,117" ten="283,115,219,383" oya="0" hai0="18,21,111,4,80,129,89,127,120,106,95,134,6" hai1="88,35,2,113,96,10,60,24,90,47,70,102,32" hai2="22,36,46,67,135,105,118,121,50,33,34,75,84" hai3="26,15,23,37,109,93,5,76,91,130,78,54,133"/><T123/><D106/><U103/><E113/><V13/><F75/><W119/><G37/><T40/><D40/><U73/><E73/><V38/><F121/><W115/><G109/><T43/><D43/><U17/><E103/><V1/><F1/><W20/><G130/><T98/><D129/><U16/><E47/><V92/><F105/><W44/><G133/><T99/><D134/><U100/><E100/><V12/><F34/><W81/><G81/><T114/><D114/><U41/><E41/><V132/><F33/><W9/><G119/><T29/><D29/><U48/><E48/><V19/><F118/><W104/><G23/><T125/><D80/><U122/><E35/><V11/><F36/><W7/><G7/><N who="0" m="2603" /><D99/><U82/><E2/><V116/><F38/><W55/><G104/><T30/><D30/><U108/><E122/><V77/><F116/><W94/><G115/><T51/><D51/><U58/><E70/><V86/><F135/><W131/><G131/><T39/><D39/><U52/><E32/><V57/><F132/><W79/><G44/><T3/><D3/><U110/><E108/><V28/><F46/><W107/><G107/><T25/><D111/><U56/><E56/><V66/><F77/><W62/><G62/><T87/><D87/><N who="2" m="33322" /><F92/><W71/><G94/><T126/><AGARI ba="1,0" hai="18,21,25,89,95,98,120,123,125,126,127" m="2603" machi="126" ten="40,7800,0" yaku="18,1,52,2" doraHai="117" who="0" fromWho="0" sc="283,81,115,-27,219,-27,383,-27" /><INIT seed="4,2,0,2,2,65" ten="364,88,192,356" oya="0" hai0="106,52,96,104,90,113,74,77,94,29,5,39,118" hai1="40,134,127,19,101,46,99,33,121,21,114,98,9" hai2="130,38,66,115,20,103,70,125,133,108,58,64,126" hai3="2,86,31,11,84,81,122,35,41,56,80,51,93"/><T87/><D39/><U1/><E134/><V30/><F103/><W43/><G35/><T110/><D29/><U50/><E127/><N who="2" m="48651" /><F20/><W37/><G31/><T25/><D25/><U73/><E121/><V100/><F100/><W42/><G37/><T131/><D5/><U109/><E73/><V7/><F7/><W49/><G2/><T123/><D52/><U61/><E114/><V32/><F108/><W112/><G112/><T132/><D113/><U69/><E9/><V6/><F6/><W111/><G111/><T53/><D53/><U16/><E1/><V14/><F14/><W28/><G28/><T91/><D110/><U48/><E33/><V27/><F115/><W89/><G122/><T18/><D18/><U23/><E109/><V71/><F133/><W34/><G34/><T85/><D123/><U120/><E120/><V129/><F38/><W8/><G8/><T17/><D17/><U68/><E101/><V79/><F79/><N who="3" m="46111" /><G11/><T44/><D132/><U92/><E21/><V59/><F66/><W119/><G81/><T57/><D106/><U128/><E23/><V83/><F83/><W0/><G0/><T82/><D104/><U102/><E19/><V22/><F22/><W55/><G86/><T60/><D85/><U135/><E135/><V24/><F24/><W97/><G97/><T117/><D96/><U62/><E99/><V36/><F36/><W105/><G105/><T63/><D74/><U116/><E98/><V76/><F76/><W10/><G10/><T67/><D77/><U13/><E13/><V12/><F12/><W72/><G72/><RYUUKYOKU ba="2,0" sc="364,0,88,0,192,0,356,0" /><INIT seed="5,3,0,1,5,22" ten="364,88,192,356" oya="1" hai0="111,7,89,80,64,102,100,81,70,88,47,103,11" hai1="107,101,43,115,71,59,104,128,79,130,131,21,24" hai2="106,109,62,0,15,68,8,66,32,14,92,129,85" hai3="119,27,93,29,40,135,121,51,34,52,37,84,95"/><U122/><E115/><V72/><F72/><W67/><G121/><T123/><D111/><U56/><E122/><V96/><F109/><W77/><G67/><T86/><D123/><U75/><E71/><V69/><F129/><N who="1" m="33025" /><U35/><DORA hai="30" /><E35/><V54/><F69/><W94/><G135/><T28/><D28/><N who="1" m="17423" /><E43/><V118/><F118/><W73/><G73/><T132/><D132/><U2/><E2/><V36/><F32/><W112/><G112/><T78/><D70/><U58/><E101/><V16/><F36/><W65/><G37/><T120/><D120/><U6/><E6/><V124/><F124/><W55/><G40/><T39/><D103/><U61/><E61/><V116/><F0/><W4/><G4/><T63/><D102/><U18/><E18/><V50/><F116/><W83/><G119/><T19/><D19/><U117/><E117/><V26/><F68/><W76/><G34/><T25/><D100/><U12/><E12/><V13/><F13/><W31/><G31/><T113/><D113/><U5/><E5/><V74/><F15/><W125/><G29/><T9/><D63/><U57/><N who="1" m="14336" /><DORA hai="114" /><U127/><E127/><V48/><F62/><W17/><G125/><T91/><D7/><U23/><E23/><V1/><F14/><W44/><G17/><T99/><D64/><U38/><E38/><V49/><F66/><W41/><G65/><T45/><D39/><U126/><E126/><V46/><F1/><W87/><G41/><T90/><N who="0" m="22528" /><DORA hai="133" /><T20/><D20/><U60/><E60/><V108/><F16/><W10/><G55/><RYUUKYOKU ba="3,0" sc="364,-10,88,30,192,-10,356,-10" hai1="75,79,104,107" /><INIT seed="5,4,0,1,0,51" ten="354,118,182,346" oya="1" hai0="66,48,72,111,89,78,45,103,1,131,129,46,119" hai1="100,106,121,74,73,39,5,34,63,55,49,6,122" hai2="7,68,62,126,21,134,41,40,91,114,71,76,57" hai3="75,3,96,29,123,53,97,83,60,102,20,59,38"/><U18/><E39/><V10/><F126/><W36/><G3/><T135/><D119/><U116/><E116/><V120/><F120/><W32/><G32/><T2/><D111/><U61/><E34/><V81/><F134/><W56/><G123/><T69/><D135/><U105/><E49/><V127/><F127/><W108/><G108/><T70/><D103/><U87/><E100/><V4/><F68/><W112/><G112/><T42/><D89/><U124/><E124/><V11/><F71/><N who="0" m="27146" /><D66/><U77/><E87/><N who="2" m="48551" /><F114/><W94/><G96/><T86/><D86/><U30/><E77/><V90/><F21/><W101/><G101/><T132/><D132/><U79/><E79/><V16/><F90/><W115/><G83/><N who="0" m="45511" /><D46/><U58/><E58/><V54/><F91/><W67/><G75/><T27/><D27/><U118/><E118/><V44/><F44/><W110/><G110/><T113/><D113/><U17/><REACH who="1" step="1"/><E30/><REACH who="1" ten="354,108,182,346" step="2"/><V117/><F117/><W80/><G38/><T0/><D131/><U104/><E104/><V88/><F88/><W47/><G36/><T64/><D129/><U24/><E24/><V128/><F128/><W107/><G107/><T93/><D48/><U50/><E50/><V26/><F40/><W133/><G47/><T98/><D45/><U84/><E84/><V37/><F41/><W99/><G29/><T9/><D42/><U23/><E23/><N who="2" m="13671" /><F37/><W31/><G20/><T52/><D98/><U22/><E22/><V25/><F25/><W28/><G99/><T85/><D85/><U92/><E92/><V19/><F11/><W95/><G95/><RYUUKYOKU ba="4,1" sc="354,-15,108,15,182,15,346,-15" hai1="5,6,17,18,55,61,63,73,74,105,106,121,122" hai2="4,7,10,19,54,57,62" /><INIT seed="5,5,1,1,3,9" ten="339,123,197,331" oya="1" hai0="58,117,108,48,30,51,19,2,104,34,12,25,91" hai1="90,41,49,13,124,42,23,111,132,121,55,125,126" hai2="73,105,39,53,131,38,59,83,80,93,29,72,97" hai3="112,94,68,123,5,28,107,45,1,114,95,46,31"/><U113/><E113/><V7/><F105/><W10/><G68/><T21/><D108/><U118/><E132/><V135/><F135/><W84/><G107/><T44/><D104/><U78/><E121/><V50/><F131/><W33/><G123/><T110/><D110/><U74/><E118/><V122/><F122/><W101/><G94/><T134/><D134/><U26/><E111/><V92/><F73/><W22/><G33/><T64/><D117/><U43/><E90/><V109/><F109/><W14/><G31/><T119/><D119/><U86/><E74/><V4/><F39/><W69/><G69/><T20/><D2/><U8/><E86/><V16/><F38/><W15/><G46/><T129/><D34/><U127/><N who="1" m="31744" /><DORA hai="54" /><U133/><E78/><V99/><F29/><W81/><G45/><T102/><D102/><U100/><E100/><N who="2" m="60455" /><F72/><W57/><G114/><T0/><D0/><U115/><E133/><V88/><F16/><W120/><G120/><T85/><D129/><U77/><E77/><V35/><F35/><W52/><G112/><T3/><D3/><U24/><E23/><V11/><F11/><W130/><G130/><T75/><D75/><U98/><E98/><V89/><F80/><W87/><G81/><T27/><D20/><U37/><E37/><V47/><F47/><W103/><G87/><AGARI ba="5,1" hai="4,7,50,53,59,83,87,88,89,93,99" m="60455" machi="87" ten="30,3900,0" yaku="8,1,52,1,54,1" doraHai="9,54" who="2" fromWho="3" sc="339,0,123,0,197,64,331,-54" /><INIT seed="6,0,0,2,1,127" ten="339,123,261,277" oya="2" hai0="111,134,13,93,126,57,37,72,105,2,29,14,71" hai1="98,62,50,34,67,59,109,20,117,113,25,112,58" hai2="87,27,82,24,129,0,11,96,55,122,56,79,92" hai3="97,70,46,49,16,132,39,91,100,135,102,51,12"/><V106/><F122/><W40/><G70/><T26/><D105/><U128/><E117/><V22/><F106/><N who="3" m="63759" /><G91/><T115/><D71/><U125/><E125/><V32/><F32/><W76/><G76/><T18/><D2/><U21/><E109/><V3/><F11/><N who="3" m="6175" /><G102/><T63/><D72/><U73/><E73/><V61/><F27/><W1/><G1/><T44/><D126/><U53/><E34/><V5/><F5/><W69/><G69/><T41/><D111/><U95/><E20/><V8/><F8/><W47/><G47/><T48/><D37/><U9/><E9/><V123/><F123/><W90/><G90/><T116/><D116/><U6/><E6/><V81/><F81/><W19/><G19/><T118/><D118/><U94/><E94/><V88/><REACH who="2" step="1"/><F129/><REACH who="2" ten="339,123,251,277" step="2"/><W104/><G104/><T83/><D83/><U17/><REACH who="1" step="1"/><E128/><REACH who="1" ten="339,113,251,277" step="2"/><V15/><F15/><W7/><G7/><T80/><D13/><U120/><E120/><V114/><F114/><W42/><G135/><T66/><D134/><U60/><E60/><V52/><F52/><W84/><G132/><T45/><D115/><U78/><E78/><V133/><F133/><W103/><G42/><T85/><D93/><U38/><E38/><V68/><F68/><W119/><G40/><T36/><D41/><U131/><E131/><V89/><F89/><AGARI ba="0,2" hai="17,21,25,50,53,58,59,62,67,89,95,98,112,113" machi="89" ten="40,5200,0" yaku="1,1,53,2" doraHai="127" doraHaiUra="108" who="1" fromWho="2" sc="339,0,113,72,251,-52,277,0" /><INIT seed="7,0,0,3,2,48" ten="339,185,199,277" oya="3" hai0="133,135,60,69,25,92,97,124,113,29,7,13,10" hai1="23,85,39,24,30,116,47,98,31,62,111,80,83" hai2="59,126,84,66,0,50,36,42,12,131,70,90,132" hai3="33,108,68,121,46,16,35,34,123,49,40,6,15"/><W89/><G108/><T130/><D124/><U112/><E112/><V103/><F0/><W32/><G68/><T72/><D72/><U94/><E111/><V9/><F126/><W22/><N who="3" m="8192" /><DORA hai="65" /><W56/><G6/><T115/><D130/><U93/><E116/><V67/><F70/><W41/><G41/><T122/><D122/><U101/><E31/><V117/><F132/><N who="0" m="50762" /><D25/><U63/><E39/><V102/><F36/><W55/><REACH who="3" step="1"/><G89/><REACH who="3" ten="339,185,199,267" step="2"/><T8/><D69/><U81/><E47/><V96/><F42/><W104/><G104/><T44/><D44/><U51/><E51/><AGARI ba="0,1" hai="15,16,22,40,46,49,51,55,56,121,123" m="8192" machi="51" ten="70,12000,1" yaku="1,1,52,1,54,1,53,2" doraHai="48,65" doraHaiUra="45,82" who="3" fromWho="1" sc="339,0,185,-120,199,0,267,130" owari="339,14.0,65,-43.0,199,-20.0,397,49.0" /></mjloggm>