<mjloggm ver="2.3"><GO type="169" lobby="0"/><UN n0="%E3%82%83%E3%82%87%E3%81%83" n1="%E3%81%A9%E3%82%93%E3%82%88%E3%81%8F" n2="%E3%83%88%E3%83%88%E3%83%AA%E5%85%88%E7%94%9F%31%39%E6%AD%B3" n3="%74%6F%72%69%30%36%31%32" dan="17,17,18,17" rate="2152.41,2179.24,2262.36,2156.03" sx="M,M,F,M"/><TAIKYOKU oya="0"/><INIT seed="0,0,0,2,4,124" ten="250,250,250,250" oya="0" hai0="119,91,30,113,66,63,47,59,15,117,132,81,123" hai1="79,131,92,35,85,125,106,103,57,88,2,73,48" hai2="5,70,38,61,56,90,101,121,78,76,11,84,46" hai3="58,74,17,4,104,9,3,130,25,110,95,16,111"/><T60/><D113/><U26/><E2/><V94/><F121/><W105/><G74/><T114/><D114/><U10/><E10/><V37/><F70/><W83/><G83/><T51/><D123/><U120/><E120/><V86/><F101/><W128/><G95/><T18/><D132/><U31/><E125/><V134/><F134/><W20/><G58/><T129/><D30/><U41/><E131/><N who="3" m="50218" /><G17/><T87/><D63/><U64/><E64/><V102/><F102/><W23/><G23/><T34/><D34/><U99/><E57/><V118/><F78/><W54/><G54/><N who="0" m="30079" /><D129/><U1/><E1/><V29/><F76/><W55/><G55/><T82/><D82/><N who="1" m="45423" /><E41/><V13/><F56/><W135/><G135/><T100/><D100/><U67/><E67/><V32/><F32/><W33/><G33/><T39/><D39/><U50/><AGARI ba="0,0" hai="26,31,35,48,50,85,88,92,99,103,106" m="45423" machi="50" ten="30,2000,0" yaku="24,1,54,1" doraHai="124" who="1" fromWho="1" sc="250,-10,250,20,250,-5,250,-5" /><INIT seed="1,0,0,3,5,57" ten="240,270,245,245" oya="1" hai0="108,86,111,54,68,91,96,123,48,71,135,94,9" hai1="10,116,64,132,95,42,16,51,31,92,129,34,8" hai2="17,5,35,85,122,33,20,52,11,103,13,7,81" hai3="63,37,55,73,23,24,109,59,125,25,40,104,41"/><U113/><E116/><V80/><F122/><W67/><G73/><T4/><D135/><U90/><E113/><V131/><F131/><W77/><G77/><T87/><D123/><U126/><E132/><V26/><F103/><W44/><G104/><T61/><D87/><U75/><E75/><V107/><F107/><W133/><G133/><T19/><D19/><U112/><E112/><V74/><F7/><W101/><G101/><T82/><D48/><U21/><E126/><V56/><F74/><W105/><G105/><T53/><D68/><U76/><E76/><V83/><REACH who="2" step="1"/><F85/><REACH who="2" ten="240,270,235,245" step="2"/><W100/><G100/><T98/><D4/><U28/><E129/><V45/><F45/><W58/><G125/><T84/><D84/><U121/><E121/><V6/><F6/><W14/><G109/><T1/><D86/><U128/><E128/><V62/><AGARI ba="0,1" hai="5,11,13,17,20,26,33,35,52,56,62,80,81,83" machi="62" ten="30,7900,0" yaku="1,1,0,1,52,1,54,1,53,0" doraHai="57" doraHaiUra="72" who="2" fromWho="2" sc="240,-20,270,-39,235,89,245,-20" /><INIT seed="2,0,0,4,2,36" ten="220,231,324,225" oya="2" hai0="14,41,99,0,108,85,119,109,65,3,112,68,111" hai1="33,106,58,1,131,122,8,67,89,5,121,87,30" hai2="129,133,20,71,114,35,34,12,124,32,7,69,88" hai3="38,94,53,25,125,117,40,2,80,105,16,73,76"/><V134/><F114/><W113/><G105/><T77/><D112/><U70/><E106/><V13/><F129/><W130/><G117/><T96/><D119/><U75/><E75/><V127/><F20/><W50/><G113/><T4/><D14/><N who="2" m="5738" /><F7/><W120/><G120/><T115/><D115/><U97/><E97/><N who="0" m="37449" /><D4/><U103/><E103/><V59/><F59/><W52/><G94/><T21/><D21/><U93/><E131/><V90/><F71/><W98/><G98/><T18/><D18/><U132/><E70/><V82/><F69/><W86/><G130/><T6/><D41/><U51/><E132/><N who="2" m="50795" /><F82/><W60/><G2/><T43/><D6/><U101/><E101/><V95/><F95/><W123/><G123/><T104/><D104/><U26/><REACH who="1" step="1"/><E51/><REACH who="1" ten="220,221,324,225" step="2"/><V63/><F63/><AGARI ba="0,1" hai="1,5,8,26,30,33,58,63,67,87,89,93,121,122" machi="63" ten="40,5200,0" yaku="1,1,2,1,53,1" doraHai="36" doraHaiUra="57" who="1" fromWho="2" sc="220,0,221,62,324,-52,225,0" /><INIT seed="3,0,0,4,4,79" ten="220,283,272,225" oya="3" hai0="57,18,45,72,38,5,46,128,88,132,80,41,7" hai1="63,85,13,97,91,37,47,94,103,48,39,56,71" hai2="51,86,6,96,99,2,26,100,32,10,92,49,50" hai3="124,87,102,112,110,28,116,107,16,66,120,34,14"/><W123/><G116/><T115/><D132/><U30/><E71/><V127/><F127/><W61/><G112/><T76/><D128/><U74/><E74/><V82/><F96/><N who="3" m="61895" /><G87/><T31/><D31/><U9/><E30/><V121/><F26/><N who="3" m="18711" /><G124/><T125/><D125/><U134/><E134/><V15/><F121/><W108/><G123/><T126/><D126/><U54/><E13/><V109/><F109/><N who="3" m="42091" /><G120/><T21/><D57/><U81/><REACH who="1" step="1"/><E9/><REACH who="1" ten="220,273,272,225" step="2"/><V84/><F32/><W73/><G73/><T22/><D115/><U53/><AGARI ba="0,1" hai="37,39,47,48,53,54,56,63,81,85,91,94,97,103" machi="53" ten="20,8000,1" yaku="1,1,2,1,0,1,7,1,52,1,53,0" doraHai="79" doraHaiUra="119" who="1" fromWho="1" sc="220,-20,273,90,272,-20,225,-40" /><INIT seed="4,0,0,3,4,129" ten="200,363,252,185" oya="0" hai0="126,33,11,113,83,108,114,118,31,52,60,84,32" hai1="109,23,81,115,133,14,73,35,2,70,77,103,93" hai2="12,79,100,29,38,4,46,88,128,3,24,69,59" hai3="1,117,5,132,68,6,36,119,47,98,112,124,48"/><T17/><D118/><N who="3" m="45065" /><G98/><T57/><D126/><U95/><E35/><V131/><F69/><W19/><G68/><T104/><D104/><U106/><E2/><V71/><F71/><W116/><G36/><T42/><D42/><U58/><E70/><V62/><F3/><W54/><G1/><T90/><D108/><U80/><E109/><V37/><F79/><W121/><G116/><T82/><D82/><U61/><E115/><N who="0" m="44041" /><D31/><U43/><E43/><V99/><F46/><W25/><G124/><T22/><D11/><U125/><E14/><AGARI ba="0,0" hai="14,17,22,32,33,52,57,60,83,84,90" m="44041" machi="14" ten="30,2900,0" yaku="15,1,54,1" doraHai="129" who="0" fromWho="1" sc="200,29,363,-29,252,0,185,0" /><INIT seed="4,1,0,2,5,114" ten="229,334,252,185" oya="0" hai0="21,111,126,28,29,47,133,41,127,4,92,87,102" hai1="112,85,25,86,65,100,97,118,46,107,120,38,77" hai2="60,53,27,10,32,3,55,40,82,117,50,131,135" hai3="57,66,108,54,99,115,33,69,103,71,48,15,78"/><T36/><D4/><U76/><E65/><V51/><F131/><W129/><G115/><T13/><D133/><U83/><E25/><V31/><F135/><W56/><G108/><T22/><D111/><U128/><E112/><V6/><F40/><W20/><G33/><T110/><D110/><U125/><E46/><V101/><F117/><W98/><G78/><T73/><D73/><U91/><E38/><V37/><F37/><W121/><G121/><T123/><D123/><U18/><E120/><V30/><F101/><W96/><G129/><T45/><D45/><U84/><E18/><V124/><F124/><N who="0" m="47658" /><D13/><U44/><E44/><V93/><F93/><W2/><G2/><T34/><D87/><N who="1" m="33355" /><E128/><V75/><F31/><N who="0" m="11850" /><D34/><U16/><E16/><V90/><F32/><W49/><G15/><T52/><D52/><U116/><E125/><V74/><F30/><W122/><G122/><T67/><D67/><U0/><E0/><V105/><F27/><W8/><G66/><T70/><D70/><U106/><E106/><V72/><F105/><W63/><G69/><T1/><D1/><U88/><E76/><V61/><F53/><N who="3" m="31783" /><G71/><T26/><D26/><U68/><E68/><V64/><F64/><W79/><G79/><T81/><D81/><U59/><E59/><N who="2" m="34943" /><F61/><W7/><G63/><T62/><D62/><U17/><E17/><V35/><F35/><W95/><G20/><T80/><D80/><U23/><E23/><V14/><F3/><W130/><G130/><T119/><D119/><AGARI ba="1,0" hai="77,83,86,88,91,97,100,107,116,118,119" m="33355" machi="119" ten="30,12000,2" yaku="34,2,52,3,54,1" doraHai="114" who="1" fromWho="0" sc="229,-123,334,123,252,0,185,0" /><INIT seed="5,0,0,1,1,129" ten="106,457,252,185" oya="1" hai0="49,97,125,62,9,90,46,22,92,118,45,50,16" hai1="41,114,33,19,58,104,122,53,79,10,67,112,78" hai2="70,91,6,48,64,105,27,26,74,61,108,23,72" hai3="21,133,39,135,130,65,55,24,17,47,29,117,54"/><U13/><E104/><V115/><F108/><W77/><G130/><T43/><D125/><U34/><E122/><V44/><F105/><W86/><G65/><T31/><D118/><U51/><E67/><V126/><F126/><W128/><G128/><T76/><D76/><U40/><E79/><V83/><F115/><W106/><G106/><T82/><D82/><U12/><E78/><V30/><F6/><W95/><G117/><T3/><D62/><U102/><E102/><V103/><F103/><W35/><G39/><T88/><D31/><U28/><E13/><V57/><F70/><W15/><G47/><T56/><D56/><U37/><E28/><V94/><F27/><W109/><G109/><T119/><D119/><U25/><E25/><V59/><F59/><W96/><G96/><T68/><D68/><U5/><E19/><V127/><F83/><N who="3" m="47471" /><G95/><T100/><D3/><U101/><E101/><V124/><F124/><W0/><G0/><T134/><D9/><U18/><E18/><V36/><F36/><W99/><G99/><T116/><D116/><U7/><E5/><V75/><F127/><W121/><G121/><T81/><D81/><U66/><E66/><V87/><F72/><W84/><G84/><T80/><D80/><U11/><E11/><V38/><F38/><W85/><G85/><T2/><D2/><U132/><E37/><V131/><F131/><W52/><G35/><N who="1" m="13322" /><E112/><V89/><F89/><W14/><G29/><T4/><D4/><U71/><E71/><V120/><F120/><W98/><G98/><T73/><D97/><U93/><E114/><RYUUKYOKU ba="0,0" sc="106,-15,457,-15,252,15,185,15" hai2="23,26,30,44,48,57,61,64,74,75,87,91,94" hai3="14,15,17,21,24,52,54,55,133,135" /><INIT seed="6,1,0,0,2,110" ten="91,442,267,200" oya="2" hai0="55,72,124,1,79,83,123,88,36,15,30,129,85" hai1="51,41,14,6,3,127,9,18,93,22,32,73,104" hai2="61,60,44,132,76,26,134,49,125,90,33,13,28" hai3="105,10,64,106,97,21,71,91,5,121,62,16,52"/><V19/><F76/><W58/><G121/><T92/><D123/><U86/><E104/><V37/><F37/><W78/><G78/><T4/><D1/><U115/><E73/><V25/><F25/><W81/><G81/><T47/><D129/><U113/><E127/><V12/><F125/><W74/><G74/><T89/><D124/><U96/><E32/><V45/><F90/><W54/><G54/><T40/><D30/><U120/><E120/><V2/><F2/><W103/><G91/><T87/><D55/><U66/><E66/><V7/><F7/><W23/><G106/><T67/><D67/><U34/><E34/><V20/><F13/><W80/><G80/><T114/><D114/><N who="1" m="43531" /><E86/><V59/><F59/><W108/><G16/><T69/><D69/><U117/><E117/><V43/><F45/><W101/><G101/><T75/><REACH who="0" step="1"/><D79/><REACH who="0" ten="81,442,267,200" step="2"/><U135/><E135/><AGARI ba="1,1" hai="12,19,20,26,28,33,43,44,49,60,61,132,134,135" machi="135" ten="40,2000,0" yaku="20,1" doraHai="110" who="2" fromWho="1" sc="81,0,442,-23,267,33,200,0" /><INIT seed="6,2,0,4,3,71" ten="81,419,300,200" oya="2" hai0="13,83,18,37,78,3,96,94,22,7,23,28,4" hai1="49,15,41,16,55,97,17,51,77,117,89,82,81" hai2="57,1,64,67,75,103,63,52,8,31,131,19,43" hai3="105,50,70,132,133,92,88,80,129,125,115,65,20"/><V98/><F75/><W60/><G105/><T79/><D79/><U30/><E117/><V85/><F131/><W0/><G0/><T61/><D3/><U135/><E135/><N who="3" m="51786" /><G129/><T27/><D61/><U90/><E30/><V122/><F122/><W109/><G109/><T33/><D33/><U119/><E119/><V118/><F118/><W53/><G80/><T72/><REACH who="0" step="1"/><D37/><REACH who="0" ten="71,419,300,200" step="2"/><U107/><E77/><V68/><F68/><W123/><G123/><T54/><D54/><U104/><E55/><V38/><F43/><W102/><G102/><BYE who="3" /><AGARI ba="2,1" hai="4,7,13,18,22,23,27,28,72,78,83,94,96,102" machi="102" ten="30,2000,0" yaku="1,1,7,1,53,0" doraHai="71" doraHaiUra="120" who="0" fromWho="3" sc="71,36,419,0,300,0,200,-26" /><INIT seed="7,0,0,0,2,0" ten="107,419,300,174" oya="3" hai0="10,97,44,123,65,28,76,90,46,36,110,53,103" hai1="14,57,45,21,12,62,105,37,116,6,131,96,79" hai2="115,73,106,101,114,50,58,84,98,1,27,43,127" hai3="124,5,39,9,60,31,126,11,70,128,52,33,118"/><W25/><G25/><T64/><D123/><U135/><E79/><V29/><F73/><W7/><G7/><T86/><D110/><U15/><E131/><V32/><F84/><W56/><G56/><T2/><D76/><U78/><E78/><V47/><F58/><W20/><G20/><T107/><D28/><UN n3="%74%6F%72%69%30%36%31%32" /><U77/><E77/><V120/><F50/><W93/><G39/><T82/><D46/><U129/><E129/><V99/><F127/><N who="3" m="48683" /><G118/><T83/><D83/><U80/><E80/><V38/><F120/><W92/><G11/><T42/><REACH who="0" step="1"/><D53/><REACH who="0" ten="97,419,300,174" step="2"/><U35/><E45/><V91/><F91/><W17/><G128/><T112/><D112/><U51/><E116/><V19/><F19/><W102/><G17/><T89/><D89/><U85/><E37/><V108/><F108/><W74/><G74/><T133/><D133/><U125/><E135/><V34/><F34/><W8/><G31/><T130/><D130/><U119/><E35/><V122/><F122/><W59/><G33/><T121/><D121/><U69/><E119/><V22/><F22/><W16/><G102/><T55/><D55/><U61/><E21/><V104/><REACH who="2" step="1"/><F1/><REACH who="2" ten="97,419,290,174" step="2"/><N who="3" m="47" /><G70/><T88/><D88/><U41/><E69/><V117/><F117/><W94/><G9/><T63/><D63/><U67/><E62/><V113/><F113/><W18/><AGARI ba="0,2" hai="16,18,52,59,60,92,93,94" m="47,48683" machi="18" ten="40,12000,1" yaku="18,1,52,1,54,2" doraHai="0" who="3" fromWho="3" sc="97,-40,419,-40,290,-40,174,140" /><INIT seed="7,1,0,1,0,124" ten="57,379,250,314" oya="3" hai0="39,51,38,79,134,14,92,109,50,17,10,99,86" hai1="22,40,70,115,118,83,116,7,62,9,43,105,31" hai2="103,59,29,8,123,81,119,112,111,46,106,104,128" hai3="131,91,121,48,125,75,65,93,96,5,84,47,135"/><W1/><G75/><T56/><D109/><U95/><E105/><V60/><F111/><W64/><G125/><T87/><D134/><U61/><E115/><V27/><F119/><N who="1" m="45609" /><E95/><V41/><F112/><W77/><G121/><T58/><D92/><U100/><E100/><V66/><F123/><W37/><G37/><T80/><D99/><U2/><E83/><V130/><F8/><W101/><G135/><T57/><D80/><U30/><E61/><V3/><F3/><W36/><G36/><T68/><D79/><U26/><E31/><V127/><F81/><N who="3" m="47151" /><G5/><T18/><D14/><U133/><E133/><V28/><F127/><W11/><G1/><T4/><D4/><U120/><E120/><V97/><F106/><W44/><G101/><T132/><D132/><U102/><E102/><V108/><F108/><W52/><G11/><T94/><D10/><U126/><E126/><V88/><F88/><W107/><G107/><T85/><D94/><U76/><E76/><V71/><F59/><W129/><G47/><T74/><D74/><U122/><E122/><V23/><REACH who="2" step="1"/><F29/><REACH who="2" ten="57,379,240,314" step="2"/><W16/><G16/><T110/><D110/><U13/><E2/><V98/><F98/><W25/><G25/><T34/><D68/><U35/><E22/><V78/><F78/><W21/><G21/><T12/><D34/><U45/><E45/><V33/><F33/><W19/><G19/><T15/><D38/><AGARI ba="1,1" hai="23,27,28,38,41,46,60,66,71,97,103,104,128,130" machi="38" ten="40,8000,1" yaku="1,1,52,2,53,1" doraHai="124" doraHaiUra="63" who="2" fromWho="0" sc="57,-83,379,0,240,93,314,0" owari="-26,-53.0,379,49.0,333,13.0,314,-9.0" /></mjloggm>