<mjloggm ver="2.3"><GO type="169" lobby="0"/><UN n0="%E5%B0%B1%E6%B4%BB%E7%94%9F%40%E5%B7%9D%E6%9D%91%E8%BB%8D%E5%9B%A3" n1="%E3%81%BB%E3%81%88%E3%82%89%E3%83%BC" n2="%63%68%6F%6E%6A%69" n3="%E6%A1%90%E7%94%9F%E3%81%AE%E3%81%8A%E3%81%98%E3%81%95%E3%82%93" dan="18,17,16,16" rate="2306.07,2186.22,2106.23,2066.07" sx="M,M,M,M"/><TAIKYOKU oya="0"/><INIT seed="0,0,0,4,3,94" ten="250,250,250,250" oya="0" hai0="80,106,42,81,120,19,90,108,119,86,67,58,89" hai1="6,60,0,126,44,64,125,9,5,20,107,72,28" hai2="13,132,116,46,32,27,70,48,47,95,55,104,49" hai3="65,34,11,31,97,66,113,23,63,43,75,40,127"/><T69/><D120/><U79/><E6/><V7/><F104/><W91/><G113/><T133/><D119/><U35/><E44/><V76/><F132/><W82/><G34/><T4/><D106/><U109/><E109/><V99/><F76/><W83/><G127/><T30/><D133/><U71/><E20/><V16/><F70/><W68/><G66/><T74/><D69/><U53/><E53/><N who="2" m="29847" /><F32/><W3/><G3/><T33/><D4/><U57/><E57/><V96/><F95/><W61/><G61/><T103/><D103/><U122/><E122/><V39/><F39/><W129/><G11/><T88/><D108/><U73/><E107/><V115/><F115/><W101/><G129/><T51/><D19/><U22/><E22/><N who="2" m="13767" /><F116/><W56/><G68/><T130/><D130/><U50/><E50/><V8/><AGARI ba="0,0" hai="7,8,13,47,49,55,96,99" m="13767,29847" machi="8" ten="30,7900,0" yaku="8,1,52,2,54,1" doraHai="94" who="2" fromWho="2" sc="250,-39,250,-20,250,79,250,-20" /><INIT seed="1,0,0,5,3,10" ten="211,230,329,230" oya="1" hai0="13,133,52,56,81,29,12,123,67,103,70,134,89" hai1="3,64,35,130,34,111,101,86,77,97,44,129,100" hai2="69,76,125,118,110,80,2,32,82,22,39,95,135" hai3="113,41,85,102,128,122,36,1,31,38,114,25,49"/><U47/><E3/><V62/><F118/><W92/><G122/><T117/><D117/><U58/><E111/><V132/><F32/><N who="1" m="12329" /><E77/><V4/><F110/><W7/><G49/><T55/><D103/><N who="1" m="39499" /><E97/><V112/><F112/><W27/><G102/><T5/><D5/><U8/><E86/><V28/><F4/><W94/><G7/><T51/><D123/><U0/><E0/><V30/><F2/><W84/><G1/><T20/><D55/><U74/><E8/><V105/><F76/><W11/><G11/><T78/><D89/><U21/><E21/><V65/><F22/><W98/><G98/><T37/><D37/><U26/><E26/><V119/><F39/><W120/><G120/><T48/><D48/><U72/><E58/><V108/><F119/><W124/><G41/><T59/><D70/><U99/><E64/><V131/><F108/><W40/><G40/><T79/><D20/><U43/><E99/><V104/><F65/><W88/><G88/><T96/><D29/><U90/><E90/><V66/><F66/><W91/><G91/><T42/><D42/><U71/><E71/><V23/><F23/><W54/><G54/><T53/><D96/><U109/><E109/><V16/><F69/><W45/><G45/><N who="1" m="17482" /><E43/><V61/><F95/><W63/><G63/><N who="0" m="36231" /><D67/><U18/><E18/><V121/><F16/><W19/><G19/><T57/><D57/><U87/><E87/><V50/><F50/><W93/><G93/><T6/><D6/><U46/><N who="1" m="17490" /><U115/><DORA hai="14" /><E115/><V9/><F121/><W15/><G38/><T60/><D53/><RYUUKYOKU ba="0,0" sc="211,-10,230,30,329,-10,230,-10" hai1="72,74,129,130" /><INIT seed="1,1,0,2,5,5" ten="201,260,319,220" oya="1" hai0="122,63,133,130,57,126,22,66,72,15,128,110,47" hai1="109,31,134,77,19,114,26,64,8,75,54,119,125" hai2="83,94,96,118,93,81,121,106,42,116,25,21,17" hai3="3,11,29,46,107,89,103,38,92,53,117,90,132"/><U9/><E114/><V69/><F121/><W100/><G132/><T27/><D72/><U14/><E119/><V67/><F106/><W39/><G107/><T112/><D112/><U71/><E134/><V51/><F118/><W73/><G73/><T84/><D133/><U98/><E125/><V65/><F116/><W43/><G39/><T60/><D126/><U0/><E54/><V12/><F94/><W20/><G90/><T108/><D122/><U101/><E109/><N who="0" m="42089" /><D15/><U32/><E77/><V78/><F69/><W102/><G117/><T87/><D47/><U36/><E36/><V68/><F68/><W74/><G74/><T30/><D63/><N who="1" m="40351" /><E0/><V49/><F12/><W113/><G113/><T35/><D22/><N who="1" m="11639" /><E75/><V99/><F99/><W1/><G53/><T55/><D66/><N who="2" m="25098" /><F78/><W44/><G44/><T124/><D124/><U61/><E61/><V131/><F42/><W13/><G20/><T37/><D37/><U79/><E79/><V91/><F51/><W24/><G24/><T95/><D95/><U104/><AGARI ba="1,0" hai="8,9,26,31,32,98,101,104" m="11639,40351" machi="104" ten="30,6000,0" yaku="25,1,52,2" doraHai="5" who="1" fromWho="1" sc="201,-21,260,63,319,-21,220,-21" /><INIT seed="1,2,0,0,2,31" ten="180,323,298,199" oya="1" hai0="110,34,130,16,39,63,90,11,87,106,122,78,125" hai1="131,51,109,123,53,27,10,29,38,75,91,59,54" hai2="98,50,12,9,49,5,96,119,24,18,22,21,105" hai3="71,64,47,13,23,126,117,95,43,112,46,89,73"/><U116/><E38/><V70/><F119/><W2/><G112/><T80/><D39/><U65/><E75/><V41/><F70/><W44/><G2/><T69/><D106/><U19/><E123/><V132/><F132/><W118/><G73/><T100/><D100/><U30/><E65/><V67/><F67/><W102/><G102/><T4/><D122/><U104/><E104/><V128/><F128/><W134/><G134/><T66/><D125/><U120/><E120/><V40/><F22/><W99/><G126/><T68/><D130/><U83/><E116/><N who="3" m="44650" /><G64/><T74/><D34/><U52/><E131/><V108/><F108/><W79/><G79/><T88/><D110/><U124/><E124/><V94/><F105/><W92/><G71/><T32/><D32/><U135/><E135/><V20/><F20/><W97/><G23/><T56/><D90/><U8/><E109/><V93/><F41/><W103/><G13/><T37/><D37/><AGARI ba="2,0" hai="37,43,44,46,47,89,92,95,97,99,103" m="44650" machi="37" ten="30,1000,0" yaku="12,1" doraHai="31" who="3" fromWho="0" sc="180,-16,323,0,298,0,199,16" /><INIT seed="2,0,0,2,3,78" ten="164,323,298,215" oya="2" hai0="132,109,15,77,111,0,99,24,90,70,105,27,18" hai1="31,126,114,110,100,98,127,69,49,104,4,102,63" hai2="32,35,7,106,91,74,8,84,39,42,43,10,38" hai3="60,80,89,44,59,92,68,121,125,52,135,11,115"/><V30/><F74/><W86/><G121/><T79/><D70/><U45/><E114/><V129/><F106/><W76/><G125/><N who="1" m="47626" /><E4/><V113/><F113/><W134/><G115/><T61/><D0/><U95/><E31/><V96/><F96/><W58/><G11/><N who="2" m="4137" /><F30/><W1/><G1/><T2/><D2/><U33/><E33/><N who="2" m="12875" /><F91/><W5/><G5/><T112/><D90/><U25/><E102/><V130/><F84/><W108/><G108/><T6/><D99/><U62/><E110/><V16/><F16/><W120/><G120/><T72/><D18/><U51/><E25/><V54/><F54/><W13/><G13/><T124/><D105/><U41/><E104/><V122/><F122/><W19/><G19/><T117/><D15/><U17/><E17/><V88/><F88/><W97/><G68/><T3/><D6/><U73/><E69/><V14/><F14/><W26/><G26/><T133/><D3/><U28/><E28/><V131/><F7/><W9/><G9/><T20/><D27/><U75/><E75/><V87/><F87/><W66/><REACH who="3" step="1"/><G44/><REACH who="3" ten="164,323,298,205" step="2"/><T29/><D24/><U21/><E45/><V36/><AGARI ba="0,1" hai="36,38,39,42,43,129,130,131" m="12875,4137" machi="36" ten="50,9600,0" yaku="28,2,19,1" doraHai="78" who="2" fromWho="2" sc="164,-32,323,-32,298,106,205,-32" /><INIT seed="2,1,0,2,1,110" ten="132,291,404,173" oya="2" hai0="63,24,123,116,15,76,44,88,122,97,129,104,82" hai1="100,130,133,13,131,49,112,32,9,120,40,18,75" hai2="33,108,94,27,109,6,102,85,105,37,0,135,46" hai3="47,98,8,71,101,128,22,2,93,51,68,125,96"/><V41/><F135/><W48/><G125/><T45/><D116/><U117/><E75/><V30/><F85/><W10/><G128/><N who="1" m="49194" /><E117/><V17/><F17/><W64/><G22/><T95/><D129/><U16/><E100/><V7/><F94/><W52/><G64/><T60/><D104/><U42/><E32/><V115/><F115/><W89/><G2/><T77/><D122/><U124/><E124/><V19/><F19/><N who="1" m="7209" /><E120/><V1/><F7/><W53/><G71/><T43/><D15/><U91/><E133/><V50/><F50/><W59/><REACH who="3" step="1"/><G68/><REACH who="3" ten="132,291,404,163" step="2"/><T114/><D123/><U121/><E121/><V118/><F118/><W14/><G14/><T58/><D24/><U20/><E20/><V3/><F6/><W28/><G28/><T34/><D34/><U81/><E13/><V21/><F21/><W57/><G57/><T106/><D58/><U29/><E29/><V92/><F92/><AGARI ba="1,1" hai="8,10,47,48,51,52,53,59,89,92,93,96,98,101" machi="92" ten="30,7700,0" yaku="1,1,7,1,8,1,54,1,53,0" doraHai="110" doraHaiUra="127" who="3" fromWho="2" sc="132,0,291,0,404,-80,163,90" /><INIT seed="3,0,0,0,0,12" ten="132,291,324,253" oya="3" hai0="28,56,34,16,112,51,95,0,8,134,82,1,120" hai1="62,64,90,93,60,61,131,104,118,67,99,128,115" hai2="75,105,4,79,31,65,103,91,76,45,69,50,58" hai3="57,121,74,2,3,20,111,132,7,26,59,124,11"/><W129/><G121/><T94/><D120/><U123/><E115/><V116/><F116/><W19/><G74/><T17/><D112/><U114/><E114/><V49/><F69/><W117/><G117/><T43/><D134/><U14/><E123/><V89/><F105/><W133/><G3/><T39/><D39/><U53/><E118/><V41/><F103/><W72/><G72/><T29/><D34/><U48/><E104/><V97/><F75/><W13/><G59/><T30/><D82/><U42/><E42/><V126/><F126/><W32/><G57/><T84/><D1/><U108/><E108/><V96/><F4/><W100/><G100/><T98/><D84/><U70/><E14/><V83/><F31/><N who="3" m="19575" /><G124/><T37/><D37/><U21/><E21/><V73/><F79/><W54/><G54/><N who="0" m="31839" /><D0/><U68/><E62/><V40/><F89/><W109/><G129/><T101/><D8/><U113/><REACH who="1" step="1"/><E113/><REACH who="1" ten="132,281,324,253" step="2"/><V127/><F127/><W9/><G11/><T52/><D43/><U87/><E87/><V119/><F119/><W86/><G86/><T15/><D15/><U81/><E81/><V107/><F107/><W6/><G6/><T106/><D106/><U24/><E24/><V46/><F91/><W47/><G47/><AGARI ba="0,1" hai="47,48,53,60,61,64,67,68,70,90,93,99,128,131" machi="47" ten="40,2600,0" yaku="1,1,9,1,53,0" doraHai="12" doraHaiUra="71" who="1" fromWho="3" sc="132,0,281,36,324,0,253,-26" /><INIT seed="4,0,0,4,1,41" ten="132,317,324,227" oya="0" hai0="39,108,109,37,65,51,85,76,135,14,77,106,54" hai1="44,67,16,69,18,35,59,40,95,128,126,112,122" hai2="79,129,111,24,131,34,102,104,52,21,12,43,23" hai3="75,99,110,72,71,50,48,0,74,46,116,107,26"/><T63/><D106/><U42/><E35/><V1/><F1/><W29/><G110/><N who="0" m="42603" /><D14/><U45/><E122/><V27/><F43/><N who="1" m="16425" /><E69/><V60/><F111/><W36/><G36/><N who="0" m="13899" /><D85/><U96/><E128/><N who="2" m="49227" /><F79/><N who="0" m="30282" /><D135/><U78/><E126/><V83/><F83/><W125/><G75/><T57/><D65/><U124/><E124/><V68/><F12/><W5/><G74/><T3/><D3/><U61/><E112/><V8/><F8/><W55/><G72/><T115/><D115/><U103/><E78/><V81/><F81/><W4/><G0/><T6/><D6/><U130/><E130/><V58/><F68/><W133/><G5/><T28/><D28/><U38/><E38/><V92/><F104/><W121/><G4/><T30/><D30/><U101/><E101/><V117/><F34/><W118/><G133/><T9/><D9/><U87/><E87/><V93/><F102/><W86/><G71/><T82/><D82/><U119/><E119/><V25/><F117/><W22/><G86/><T89/><D89/><U62/><E62/><AGARI ba="0,0" hai="51,54,57,62,63" m="30282,13899,42603" machi="62" ten="40,2000,0" yaku="10,1" doraHai="41" who="0" fromWho="1" sc="132,20,317,-20,324,0,227,0" /><INIT seed="4,1,0,0,0,22" ten="152,297,324,227" oya="0" hai0="0,123,131,63,127,101,58,88,25,80,59,51,2" hai1="103,99,55,27,105,40,83,129,107,12,24,6,91" hai2="10,118,120,18,60,116,70,30,69,126,92,52,47" hai3="124,1,7,121,54,42,62,74,104,112,119,3,111"/><T68/><D123/><U102/><E129/><V43/><F120/><W45/><G54/><N who="0" m="32095" /><D2/><U84/><E40/><V57/><F30/><W34/><G62/><T32/><D0/><U66/><E66/><V96/><F18/><W72/><G1/><T61/><D68/><U38/><E38/><N who="2" m="22007" /><F10/><W85/><G85/><N who="0" m="50215" /><D32/><U49/><E6/><V93/><F93/><W36/><G121/><T132/><D131/><U100/><E12/><V9/><F9/><W23/><G119/><N who="2" m="45609" /><F126/><W65/><G124/><T90/><D132/><U46/><E103/><AGARI ba="1,0" hai="52,57,60,69,70,92,96,103" m="45609,22007" machi="103" ten="30,2000,0" yaku="12,1,54,1" doraHai="22" who="2" fromWho="1" sc="152,0,297,-23,324,23,227,0" /><INIT seed="5,0,0,0,0,43" ten="152,274,347,227" oya="1" hai0="62,127,109,90,31,15,111,18,38,115,48,63,21" hai1="25,51,66,120,44,22,72,131,114,6,61,33,134" hai2="57,49,23,14,42,100,71,135,70,84,86,17,30" hai3="87,34,27,4,1,60,41,68,104,52,20,92,132"/><U105/><E120/><V75/><F75/><W78/><G104/><T37/><D115/><U39/><E72/><V97/><F135/><W81/><G34/><T80/><D127/><U79/><E79/><V28/><F71/><W93/><G132/><T89/><D31/><N who="2" m="11818" /><F70/><W45/><G1/><T65/><D48/><U98/><E39/><V73/><F73/><W118/><G4/><T58/><D63/><U122/><E122/><V83/><F42/><W11/><G11/><T119/><D119/><U7/><E131/><V99/><F100/><W69/><G69/><T121/><D121/><U56/><E33/><V54/><F86/><W19/><G118/><T40/><D38/><U124/><E124/><V13/><F14/><W64/><REACH who="3" step="1"/><G52/><REACH who="3" ten="152,274,347,217" step="2"/><T50/><D37/><AGARI ba="0,1" hai="19,20,27,37,41,45,60,64,68,78,81,87,92,93" machi="37" ten="30,7700,0" yaku="1,1,2,1,7,1,52,1,53,0" doraHai="43" doraHaiUra="129" who="3" fromWho="0" sc="152,-77,274,0,347,0,217,87" /><INIT seed="6,0,0,2,2,62" ten="75,274,347,304" oya="2" hai0="31,35,6,80,57,88,130,33,113,30,99,120,82" hai1="108,59,73,56,12,126,18,117,20,69,119,43,22" hai2="123,135,75,55,129,90,127,15,109,131,26,4,83" hai3="103,10,27,32,125,114,106,121,17,60,2,89,122"/><V63/><F123/><W86/><G125/><T36/><D120/><U100/><E73/><V16/><F127/><W47/><G114/><T128/><D113/><U124/><E69/><V42/><F42/><W68/><G47/><T77/><D36/><U34/><E100/><V54/><F4/><W23/><G103/><T52/><D6/><U1/><E43/><V91/><F26/><W13/><G106/><T37/><D37/><U64/><E34/><V107/><F107/><W11/><G11/><T95/><D35/><U74/><E74/><V71/><F75/><W39/><G39/><T70/><D70/><U110/><E12/><V81/><F135/><W102/><G102/><T3/><D3/><U7/><E7/><V53/><F63/><W14/><G2/><T50/><D80/><U67/><E18/><V28/><F28/><W29/><G32/><T97/><D97/><U104/><E104/><V133/><F133/><W61/><G14/><T38/><D38/><U41/><E41/><V115/><F71/><W96/><G96/><T9/><D9/><U93/><E93/><V92/><F115/><W87/><G61/><T49/><D49/><U101/><E101/><V111/><F83/><N who="3" m="49375" /><G87/><N who="0" m="48591" /><D33/><U8/><E8/><N who="2" m="6247" /><F81/><W25/><G25/><T78/><D78/><U51/><E51/><V45/><F45/><W44/><G44/><T46/><D46/><U94/><E94/><V85/><F90/><W72/><G72/><T40/><D40/><U116/><E116/><V5/><F5/><W79/><G79/><T48/><D48/><U98/><E1/><V118/><F118/><RYUUKYOKU ba="0,0" sc="75,0,274,0,347,0,304,0" hai0="30,31,50,52,57,88,95,99,128,130" hai1="20,22,56,59,64,67,98,108,110,117,119,124,126" hai2="53,54,55,85,91,92,109,111,129,131" hai3="10,13,17,23,27,29,60,68,121,122" /><INIT seed="6,1,0,1,0,18" ten="75,274,347,304" oya="2" hai0="117,104,61,33,26,4,123,132,8,127,44,112,43" hai1="13,121,89,77,96,88,21,92,105,31,106,12,134" hai2="29,56,116,2,66,91,41,80,119,68,94,85,82" hai3="11,111,97,75,34,23,52,7,84,93,42,22,90"/><V133/><F133/><W99/><G111/><T6/><D6/><U114/><E77/><V3/><F68/><W27/><G75/><T69/><D104/><U58/><E114/><V67/><F41/><W113/><G113/><T0/><D112/><U95/><E134/><V87/><F94/><N who="3" m="54599" /><G34/><T130/><D132/><U15/><E121/><V108/><F56/><W79/><G79/><T64/><D130/><U83/><E83/><V74/><F74/><W118/><G118/><T129/><D123/><U48/><E105/><V122/><F122/><W47/><G42/><T124/><D129/><U51/><E106/><V35/><F35/><W20/><G27/><T1/><D117/><U19/><E31/><V32/><F32/><W126/><G126/><T71/><D71/><U28/><E28/><V36/><F29/><W120/><G120/><T25/><D1/><U16/><E58/><V24/><F24/><W10/><G7/><T9/><D9/><N who="3" m="3081" /><G93/><T101/><D101/><U131/><E131/><V125/><F36/><W86/><G86/><T59/><D69/><U17/><E21/><V50/><F125/><N who="0" m="48202" /><D33/><U39/><E39/><AGARI ba="1,0" hai="0,4,8,25,26,39,43,44,59,61,64" m="48202" machi="39" ten="30,1000,0" yaku="18,1" doraHai="18" who="0" fromWho="1" sc="75,13,274,-13,347,0,304,0" /><INIT seed="7,0,0,3,5,49" ten="88,261,347,304" oya="3" hai0="108,106,25,120,16,107,50,67,131,46,102,129,116" hai1="74,23,78,55,52,128,3,66,57,94,83,105,100" hai2="104,21,42,20,79,24,84,64,7,73,80,44,77" hai3="36,11,17,22,125,132,28,10,117,53,62,95,110"/><W63/><G117/><T85/><D120/><U113/><E3/><V122/><F104/><W135/><G36/><T65/><D116/><U40/><E40/><V33/><F122/><W51/><G125/><T5/><D108/><U47/><E105/><V97/><F97/><W103/><G110/><T87/><D5/><U92/><E66/><V134/><F134/><N who="3" m="51243" /><G28/><T81/><D102/><U14/><E100/><V37/><F64/><W133/><N who="3" m="51251" /><W48/><DORA hai="0" /><G103/><T38/><D38/><U54/><E113/><V86/><F79/><W30/><G95/><T88/><D107/><U56/><E47/><V60/><F60/><N who="3" m="23083" /><G30/><T114/><D106/><U15/><E128/><V35/><F86/><W32/><G32/><T41/><D114/><U59/><E23/><V43/><F84/><W29/><G29/><T26/><D129/><U111/><E111/><V127/><F127/><W61/><G51/><T90/><D131/><U12/><AGARI ba="0,0" hai="12,14,15,52,54,55,56,57,59,74,78,83,92,94" machi="12" ten="40,12000,2" yaku="0,1,29,2,52,3,54,1" doraHai="49,0" who="1" fromWho="1" sc="88,-30,261,120,347,-30,304,-60" owari="58,-44.0,381,48.0,317,12.0,244,-16.0" /></mjloggm>