<mjloggm ver="2.3"><GO type="169" lobby="0"/><UN n0="%EF%BC%93%E7%95%AA%E3%82%B7%E3%83%A7%E3%83%BC%E3%83%88%E5%9D%82%E7%94%B0" n1="%6D%6F%75%73%65" n2="%6C%65%6F%31%36%30" n3="%E3%82%A6%E3%83%AB%E3%83%88%E3%83%A9%E7%AB%8B%E7%9B%B4" dan="17,16,16,18" rate="2215.58,2142.75,2045.56,2208.41" sx="M,M,M,M"/><TAIKYOKU oya="0"/><INIT seed="0,0,0,2,5,5" ten="250,250,250,250" oya="0" hai0="10,124,67,23,34,17,95,91,118,64,9,33,15" hai1="79,73,55,126,133,0,101,115,45,22,129,29,48" hai2="77,37,54,112,2,68,86,81,90,97,88,28,105" hai3="114,102,58,106,4,128,121,125,92,103,120,31,71"/><T38/><D118/><U134/><E0/><V57/><F112/><W44/><G71/><T13/><D38/><U56/><E115/><V66/><F37/><W76/><G114/><T19/><D124/><U8/><E126/><V11/><F28/><W130/><G31/><T78/><D78/><U127/><E127/><V16/><F68/><W63/><G125/><T117/><D117/><U12/><E101/><N who="3" m="38410" /><G106/><T100/><D100/><U21/><E79/><V30/><F66/><W109/><G109/><T72/><D72/><U20/><E73/><V1/><F105/><W40/><G92/><T83/><D83/><U85/><E85/><V131/><F131/><N who="3" m="50219" /><G4/><T93/><D23/><U104/><E104/><V47/><F97/><W84/><G84/><T135/><D91/><U99/><E99/><V25/><F1/><W59/><G76/><T108/><REACH who="0" step="1"/><D108/><REACH who="0" ten="240,250,250,250" step="2"/><U119/><E129/><V52/><F90/><W107/><G107/><T70/><D70/><U43/><E119/><V87/><F88/><W65/><G59/><T60/><D60/><U94/><E29/><V49/><F77/><W42/><G44/><T41/><D41/><AGARI ba="0,1" hai="40,41,42,58,63,65,120,121" m="50219,38410" machi="41" ten="30,1000,0" yaku="19,1" doraHai="5" who="3" fromWho="0" sc="240,-10,250,0,250,0,250,20" /><INIT seed="1,0,0,5,1,26" ten="230,250,250,270" oya="1" hai0="58,123,68,119,51,50,131,89,86,77,3,0,56" hai1="69,94,19,118,103,133,91,31,98,9,104,25,42" hai2="18,74,80,101,84,38,36,59,116,88,79,82,61" hai3="85,114,6,78,132,127,81,21,126,12,8,70,17"/><U13/><E69/><V125/><F116/><W33/><G114/><T66/><D77/><U2/><E118/><V72/><F125/><W20/><G70/><T4/><D119/><U41/><E2/><V28/><F74/><W15/><G132/><T62/><D131/><U112/><E133/><V110/><F110/><W134/><G134/><T124/><D124/><N who="3" m="47657" /><G21/><T65/><D123/><U11/><E11/><V39/><F101/><W105/><G33/><T54/><D4/><U40/><E112/><V53/><F18/><W71/><G71/><T60/><REACH who="0" step="1"/><D51/><REACH who="0" ten="220,250,250,270" step="2"/><U121/><E121/><V5/><F5/><W55/><G55/><T27/><D27/><U37/><E37/><V44/><F36/><W7/><G7/><T90/><D90/><U117/><E117/><V83/><F39/><W102/><G102/><T67/><D67/><U113/><E113/><V135/><F135/><W46/><G46/><T130/><D130/><U106/><REACH who="1" step="1"/><E103/><REACH who="1" ten="220,240,250,270" step="2"/><V63/><F38/><W73/><G6/><T108/><D108/><U32/><AGARI ba="0,2" hai="9,13,19,25,31,32,40,41,42,91,94,98,104,106" machi="32" ten="30,11700,0" yaku="1,1,2,1,0,1,52,1,53,0" doraHai="26" doraHaiUra="96" who="1" fromWho="1" sc="220,-39,240,137,250,-39,270,-39" /><INIT seed="1,1,0,4,1,106" ten="181,377,211,231" oya="1" hai0="86,28,47,15,33,119,103,34,134,127,118,98,45" hai1="18,65,129,55,77,133,84,116,125,60,54,123,20" hai2="43,35,46,112,96,120,74,111,29,27,17,100,79" hai3="68,37,110,102,52,36,122,107,25,97,30,108,23"/><U31/><E123/><V109/><F120/><W44/><G68/><T87/><D134/><U124/><E116/><V42/><F112/><W6/><G122/><T121/><D121/><U61/><E31/><V40/><F17/><W41/><G6/><T76/><D127/><N who="1" m="48715" /><E84/><V2/><F2/><W11/><G11/><T75/><D15/><U16/><E77/><V7/><F7/><W8/><G8/><T104/><D47/><U132/><E18/><V49/><F79/><W80/><G80/><N who="0" m="45087" /><D45/><U73/><E73/><V0/><F0/><W95/><G37/><T69/><D69/><U71/><E61/><V19/><F19/><W101/><G107/><T50/><D28/><U53/><E129/><V3/><F74/><W72/><G72/><T90/><D86/><U5/><E5/><V62/><F62/><W89/><REACH who="3" step="1"/><G52/><REACH who="3" ten="181,377,211,221" step="2"/><T99/><D119/><U113/><E113/><V91/><F3/><W9/><G9/><T63/><D118/><U82/><E82/><V88/><F43/><W48/><G48/><T24/><D50/><U32/><E32/><V93/><REACH who="2" step="1"/><F40/><REACH who="2" ten="181,377,201,221" step="2"/><W51/><G51/><T67/><D63/><U57/><E71/><V59/><F59/><W39/><G39/><T1/><D1/><U135/><E135/><V22/><F22/><W115/><G115/><T70/><D34/><U83/><E83/><V126/><F126/><W38/><G38/><T81/><D33/><U64/><E64/><V21/><F21/><W114/><G114/><T4/><D4/><U26/><AGARI ba="1,2" hai="16,20,26,53,54,55,57,60,65,132,133" m="48715" machi="26" ten="40,3900,0" yaku="18,1,54,1" doraHai="106" who="1" fromWho="1" sc="181,-14,377,62,201,-14,221,-14" /><INIT seed="1,2,0,0,5,87" ten="167,439,187,207" oya="1" hai0="101,123,68,85,10,31,104,96,5,132,89,126,66" hai1="53,39,119,83,32,67,97,4,122,114,59,61,121" hai2="130,120,51,16,44,37,36,124,19,62,52,74,17" hai3="88,12,28,90,18,77,105,131,76,95,64,1,45"/><U56/><E119/><V70/><F120/><W22/><G105/><T8/><D123/><U100/><E32/><V65/><F74/><W11/><G131/><T30/><D132/><U63/><E4/><V6/><F130/><W91/><G64/><T128/><D128/><U33/><E33/><V112/><F124/><W92/><G45/><T47/><D126/><U15/><E83/><V41/><F112/><W82/><G1/><T135/><D135/><U125/><E15/><V2/><REACH who="2" step="1"/><F41/><REACH who="2" ten="167,439,177,207" step="2"/><W127/><G127/><T23/><D31/><U34/><E125/><V107/><F107/><W7/><G28/><T38/><D30/><U3/><E114/><V102/><F102/><W14/><REACH who="3" step="1"/><G77/><REACH who="3" ten="167,439,177,197" step="2"/><T60/><D104/><U55/><E122/><V26/><F26/><W20/><G20/><T80/><D23/><U78/><E78/><V113/><F113/><W50/><G50/><T111/><D38/><U94/><E39/><V71/><F71/><W58/><G58/><T54/><D68/><U116/><E121/><V35/><F35/><W29/><G29/><T73/><D60/><U13/><E34/><V118/><F118/><W27/><G27/><T24/><D24/><U9/><E116/><V21/><F21/><W98/><G98/><T110/><D96/><U106/><E106/><V57/><F57/><W86/><AGARI ba="2,2" hai="7,11,12,14,18,22,76,82,86,88,90,91,92,95" machi="86" ten="30,12000,2" yaku="1,1,0,1,8,1,52,3,54,1,53,0" doraHai="87" doraHaiUra="103" who="3" fromWho="3" sc="167,-32,439,-62,177,-32,197,146" /><INIT seed="2,0,0,5,2,72" ten="135,377,145,343" oya="2" hai0="85,59,46,96,108,125,14,112,58,77,105,80,123" hai1="119,22,99,135,107,102,0,82,30,110,93,31,103" hai2="23,10,106,16,47,18,17,9,79,116,2,78,65" hai3="19,87,117,104,70,35,84,60,25,133,43,45,48"/><V41/><F106/><W111/><G117/><T73/><D112/><U50/><E119/><V51/><F116/><W67/><G133/><T132/><D123/><U13/><E0/><V109/><F109/><W15/><G111/><T130/><D132/><U76/><E110/><V81/><F2/><W1/><G1/><T129/><D108/><U128/><E135/><V122/><F122/><W39/><G104/><T32/><D32/><U83/><E128/><N who="0" m="49257" /><D125/><U127/><E127/><V3/><F3/><W124/><G124/><T37/><D14/><U24/><E13/><V44/><F65/><W7/><G7/><T6/><D6/><U42/><E83/><V120/><F120/><W91/><G25/><T126/><D73/><U134/><E134/><V49/><F23/><W20/><G35/><T71/><D71/><U28/><E103/><V86/><REACH who="2" step="1"/><F79/><REACH who="2" ten="135,377,135,343" step="2"/><W56/><G20/><T118/><D118/><U40/><E107/><V29/><F29/><W11/><G91/><T75/><D126/><U61/><E31/><V54/><AGARI ba="0,1" hai="9,10,16,17,18,41,44,47,49,51,54,78,81,86" machi="54" ten="30,12000,1" yaku="1,1,0,1,8,1,52,1,54,1,53,0" doraHai="72" doraHaiUra="100" who="2" fromWho="2" sc="135,-40,377,-40,135,130,343,-40" /><INIT seed="2,1,0,5,0,57" ten="95,337,265,303" oya="2" hai0="19,74,109,113,85,20,8,108,127,80,117,105,119" hai1="17,88,0,116,54,115,67,75,120,102,55,47,121" hai2="77,60,101,83,131,62,82,12,65,2,41,24,86" hai3="100,81,22,122,61,49,45,104,73,18,3,123,48"/><V1/><F101/><W40/><G3/><T35/><D35/><U31/><E0/><V46/><F131/><W68/><G104/><T84/><D8/><U124/><E31/><V103/><F103/><W76/><G100/><T94/><D19/><U90/><E75/><V70/><F12/><W135/><G135/><T93/><D20/><U14/><E102/><V107/><F107/><W36/><G49/><T126/><D105/><U91/><E116/><N who="0" m="44617" /><D113/><U39/><E115/><V13/><F13/><W21/><G21/><T34/><D34/><U106/><E106/><V26/><F1/><W132/><G132/><T125/><D74/><U52/><E67/><V10/><F10/><W6/><G6/><T7/><D7/><U38/><E124/><N who="0" m="31745" /><T112/><DORA hai="92" /><D112/><U51/><E39/><V28/><F2/><W37/><G37/><T78/><D85/><U58/><E38/><V11/><F11/><W98/><G36/><T96/><D94/><U32/><E32/><V42/><F28/><W99/><G22/><T128/><D128/><U130/><E130/><V87/><F65/><N who="3" m="41007" /><G18/><T4/><D4/><U25/><E25/><V29/><F29/><W59/><G73/><T27/><D27/><U95/><E95/><V110/><F77/><W66/><G76/><T16/><D16/><U134/><E134/><V89/><F24/><W97/><G81/><T50/><D50/><N who="1" m="30999" /><E17/><V79/><F26/><W72/><G72/><T33/><D33/><U71/><E14/><V111/><F79/><W53/><G66/><T133/><D133/><U56/><E51/><V44/><F89/><AGARI ba="1,0" hai="78,80,84,89,93,96,108,109" m="31745,44617" machi="89" ten="50,12000,2" yaku="6,1,12,1,18,1,34,2,52,1" doraHai="57,92" who="0" fromWho="2" sc="95,123,337,0,265,-123,303,0" /><INIT seed="3,0,0,3,3,122" ten="218,337,142,303" oya="3" hai0="103,42,110,132,107,74,102,129,123,43,70,30,54" hai1="95,88,118,49,89,87,83,6,28,84,9,19,47" hai2="38,80,2,14,116,112,91,113,32,92,53,68,33" hai3="78,71,86,24,34,90,11,109,22,75,94,12,44"/><W31/><G71/><T81/><D70/><U96/><E118/><V50/><F116/><W93/><G75/><T67/><D123/><U17/><E28/><V101/><F2/><W111/><G78/><T76/><D67/><U26/><E26/><V36/><F68/><W40/><G94/><T7/><D129/><U85/><E17/><V45/><F38/><W61/><G61/><T3/><D132/><U25/><E25/><V128/><F128/><W15/><G34/><T106/><D30/><U82/><E82/><V121/><F121/><W117/><G117/><T135/><D54/><U65/><E65/><V127/><F127/><W125/><G125/><T21/><D107/><U130/><E130/><V66/><F66/><W4/><REACH who="3" step="1"/><G15/><REACH who="3" ten="218,337,142,293" step="2"/><T0/><D76/><U62/><E62/><V131/><F14/><W134/><G134/><T108/><D74/><U55/><E6/><V39/><F131/><W56/><G56/><T16/><D7/><U37/><E37/><AGARI ba="0,1" hai="4,11,12,22,24,31,37,40,44,86,90,93,109,111" machi="37" ten="40,7700,0" yaku="1,1,52,2,53,0" doraHai="122" doraHaiUra="119" who="3" fromWho="1" sc="218,0,337,-77,142,0,293,87" /><INIT seed="3,1,0,3,3,13" ten="218,260,142,380" oya="3" hai0="77,113,84,82,43,61,134,11,89,124,44,122,125" hai1="133,52,99,59,106,23,38,80,96,18,63,35,32" hai2="101,118,29,49,88,30,120,53,103,51,97,90,45" hai3="65,69,8,55,76,6,135,34,68,19,107,79,3"/><W22/><G107/><T5/><D122/><U83/><E38/><V67/><F120/><W94/><G135/><T116/><D116/><U70/><E133/><V95/><F118/><W16/><G34/><T71/><D134/><U41/><E41/><V47/><F67/><W62/><G69/><T46/><D113/><U126/><E70/><V108/><F108/><W117/><G117/><T66/><D89/><U9/><E9/><V54/><REACH who="2" step="1"/><F90/><REACH who="2" ten="218,260,132,380" step="2"/><W64/><G64/><T37/><REACH who="0" step="1"/><D46/><REACH who="0" ten="208,260,132,380" step="2"/><U24/><E126/><V36/><F36/><W25/><G79/><T98/><D98/><U2/><E99/><V17/><F17/><W109/><G76/><T123/><D123/><U42/><E96/><V20/><F20/><W60/><G109/><T105/><D105/><U0/><E106/><V111/><F111/><W115/><G115/><T10/><D10/><U31/><E35/><V40/><F40/><W33/><G33/><T26/><D26/><U56/><E42/><V15/><F15/><AGARI ba="1,2" hai="5,11,15,37,43,44,61,66,71,77,82,84,124,125" machi="15" ten="40,2600,0" yaku="1,1,53,1" doraHai="13" doraHaiUra="73" who="0" fromWho="2" sc="208,49,260,0,132,-29,380,0" /><INIT seed="4,0,0,2,4,64" ten="257,260,103,380" oya="0" hai0="127,130,92,67,21,37,79,63,31,101,14,38,119" hai1="85,44,82,20,94,0,98,35,68,25,113,84,133" hai2="66,117,126,57,74,112,1,97,36,99,54,15,12" hai3="49,9,134,102,70,77,16,28,131,45,4,125,78"/><T41/><D119/><U90/><E0/><V129/><F117/><W121/><G28/><T65/><D130/><U95/><E68/><V83/><F1/><W6/><G70/><T27/><D127/><U7/><E35/><V114/><F36/><W91/><G102/><T53/><D79/><U34/><E34/><V40/><F40/><W72/><G72/><T108/><D108/><U47/><E7/><N who="3" m="2602" /><G134/><T88/><D101/><U96/><E133/><V32/><F32/><W69/><G69/><T43/><D38/><U62/><E62/><V93/><F66/><N who="0" m="25098" /><D14/><U39/><E113/><N who="2" m="43627" /><F126/><W111/><G111/><T2/><D2/><U106/><E39/><V5/><F129/><W58/><G125/><T89/><D89/><U122/><E122/><V87/><F74/><W13/><G121/><T116/><D37/><U132/><E132/><V104/><F104/><W26/><G131/><T123/><D123/><U120/><E106/><V124/><F5/><W30/><G91/><T135/><D135/><U17/><E120/><V118/><F118/><W59/><G78/><T42/><D116/><U109/><E109/><V52/><F124/><W55/><G77/><T11/><D11/><U48/><E82/><V75/><F75/><W22/><AGARI ba="0,0" hai="9,13,16,22,26,30,45,49,55,58,59" m="2602" machi="22" ten="30,2000,0" yaku="8,1,54,1" doraHai="64" who="3" fromWho="3" sc="257,-10,260,-5,103,-5,380,20" /><INIT seed="5,0,0,0,3,89" ten="247,255,98,400" oya="1" hai0="37,10,3,72,67,103,46,104,71,74,109,85,31" hai1="130,48,51,113,32,78,95,4,88,98,35,41,79" hai2="50,114,116,34,68,7,91,8,5,6,36,132,45" hai3="1,128,24,107,60,16,63,2,102,23,92,26,25"/><U119/><E119/><V97/><F116/><W76/><G107/><T61/><D85/><U106/><E106/><V90/><F68/><W0/><G76/><N who="1" m="29226" /><E35/><V30/><F36/><W27/><REACH who="3" step="1"/><G128/><REACH who="3" ten="247,255,98,390" step="2"/><T121/><D104/><U84/><E130/><V13/><F114/><W11/><G11/><T94/><D121/><U86/><E113/><V58/><F132/><W44/><G44/><T21/><D10/><U59/><E32/><V40/><F34/><W18/><G18/><T117/><D46/><N who="1" m="25679" /><E4/><V75/><F75/><W55/><G55/><AGARI ba="0,1" hai="51,55,59,84,86,88,95,98" m="25679,29226" machi="55" ten="30,5800,0" yaku="8,1,52,1,54,1" doraHai="89" who="1" fromWho="3" sc="247,0,255,68,98,0,390,-58" /><INIT seed="5,1,0,5,2,59" ten="247,323,98,332" oya="1" hai0="82,66,92,112,118,76,61,26,32,69,102,28,9" hai1="27,63,3,51,109,20,93,117,122,127,0,37,135" hai2="18,54,115,75,100,111,108,68,53,25,4,132,45" hai3="119,16,105,31,86,104,47,84,7,123,48,5,6"/><U2/><E122/><V77/><F68/><W60/><G123/><T42/><D112/><U39/><E117/><V22/><F115/><W101/><G119/><T65/><D118/><U17/><E109/><V1/><F132/><W80/><G31/><T90/><D42/><U52/><E135/><V97/><F77/><W113/><G113/><T103/><D9/><U96/><E127/><V30/><F75/><W81/><G101/><T79/><D66/><U33/><E33/><V34/><F4/><W8/><G60/><T57/><D69/><U56/><REACH who="1" step="1"/><E51/><REACH who="1" ten="247,313,98,332" step="2"/><V133/><F133/><W29/><G48/><T64/><D64/><U14/><E14/><V126/><F126/><W49/><G49/><T94/><D32/><U107/><E107/><V10/><F108/><W19/><G105/><T62/><D26/><U131/><E131/><V83/><F111/><W58/><G104/><T43/><D103/><AGARI ba="1,1" hai="0,2,3,17,20,27,37,39,52,56,63,93,96,103" machi="103" ten="40,7700,0" yaku="1,1,52,1,54,1,53,0" doraHai="59" doraHaiUra="121" who="1" fromWho="0" sc="247,-80,313,90,98,0,332,0" /><INIT seed="5,2,0,5,5,79" ten="167,403,98,332" oya="1" hai0="29,66,16,68,40,80,15,90,72,37,7,107,52" hai1="21,121,135,104,65,105,115,128,1,70,5,10,61" hai2="13,130,33,18,60,25,20,59,122,64,4,53,94" hai3="44,41,49,45,31,124,125,69,85,0,26,2,120"/><U57/><E121/><V27/><F122/><W99/><G69/><T36/><D107/><U102/><E128/><V17/><F130/><W119/><G120/><T113/><D113/><U38/><E115/><V63/><F33/><W127/><G119/><T56/><D29/><U43/><E135/><V62/><F4/><W39/><G99/><T93/><D7/><U50/><E21/><V117/><F117/><W8/><G8/><T78/><D40/><U134/><E102/><V103/><F64/><W100/><G100/><T106/><D66/><U112/><E112/><V114/><F114/><W109/><G109/><T86/><D106/><U131/><E131/><V30/><F27/><W91/><G45/><T98/><D68/><U6/><E6/><V87/><F30/><W123/><G39/><T101/><D72/><U24/><E24/><V71/><F71/><W58/><G58/><T19/><D101/><U132/><E132/><V54/><F54/><W129/><G129/><T73/><D73/><U97/><E97/><V88/><REACH who="2" step="1"/><F103/><REACH who="2" ten="167,403,88,332" step="2"/><W81/><G123/><T67/><D67/><U47/><E134/><V76/><F76/><W92/><G26/><T32/><D32/><U77/><E77/><V48/><F48/><W34/><G31/><T28/><D28/><U111/><E111/><V35/><F35/><W108/><G34/><T11/><D19/><U74/><E74/><V110/><F110/><W51/><G108/><T82/><D82/><U23/><E70/><V96/><F96/><N who="3" m="57375" /><G51/><AGARI ba="2,1" hai="11,15,16,36,37,51,52,56,78,80,86,90,93,98" machi="51" ten="30,7700,0" yaku="7,1,52,1,54,2" doraHai="79" who="0" fromWho="3" sc="167,93,403,0,88,0,332,-83" /><INIT seed="6,0,0,5,0,3" ten="260,403,88,249" oya="2" hai0="25,42,103,26,123,127,75,28,132,82,109,19,135" hai1="71,8,91,124,67,66,72,16,0,111,83,133,45" hai2="50,115,18,70,106,81,112,46,56,2,7,120,121" hai3="86,44,100,64,15,74,114,93,27,128,34,76,11"/><V68/><F106/><W131/><G64/><T63/><D123/><N who="2" m="47178" /><F81/><N who="3" m="45207" /><G44/><T21/><D109/><U41/><E111/><V55/><F18/><W5/><G114/><N who="2" m="43561" /><F46/><W105/><G34/><T104/><D104/><U126/><E16/><V35/><F35/><W108/><G27/><T22/><D25/><U48/><E45/><V38/><F38/><W20/><G108/><T36/><D26/><U52/><E83/><V32/><F32/><W12/><G20/><T77/><D21/><U47/><E8/><AGARI ba="0,0" hai="2,7,8,50,55,56,68,70" m="43561,47178" machi="8" ten="30,2900,0" yaku="15,1,52,1" doraHai="3" who="2" fromWho="1" sc="260,0,403,-29,88,29,249,0" /><INIT seed="6,1,0,1,5,38" ten="260,374,117,249" oya="2" hai0="103,66,128,10,89,72,43,40,22,41,30,18,57" hai1="127,37,92,110,13,20,67,15,121,3,17,97,21" hai2="25,93,0,54,113,44,95,115,76,42,63,32,88" hai3="34,124,6,79,96,68,24,73,107,33,83,108,104"/><V84/><F0/><W112/><G108/><T86/><D72/><U49/><E110/><V125/><F76/><W78/><G78/><T98/><D128/><U14/><E37/><V109/><F109/><W51/><G51/><T134/><D134/><U31/><E3/><V81/><F125/><W105/><G96/><T114/><D114/><N who="2" m="43530" /><F54/><W46/><G112/><T119/><D119/><U9/><E67/><V123/><F123/><W56/><G56/><T101/><D30/><U4/><E127/><V5/><F5/><W102/><G124/><T59/><D10/><U118/><E121/><V130/><F130/><W45/><G6/><T29/><D29/><U62/><E118/><V61/><F32/><N who="3" m="12395" /><G24/><N who="0" m="14423" /><D98/><U39/><E39/><N who="2" m="21599" /><F25/><W65/><G46/><T60/><D59/><U11/><E62/><AGARI ba="1,0" hai="61,62,63,81,84,88,93,95" m="21599,43530" machi="62" ten="30,5800,0" yaku="15,1,52,1,54,1" doraHai="38" who="2" fromWho="1" sc="260,0,374,-61,117,61,249,0" /><INIT seed="6,2,0,1,0,113" ten="260,313,178,249" oya="2" hai0="44,34,118,59,17,7,32,15,78,103,124,62,13" hai1="101,63,43,93,135,52,19,29,122,67,5,12,47" hai2="4,20,0,14,70,114,99,56,71,27,16,111,31" hai3="21,55,3,95,2,66,81,68,49,51,46,127,65"/><V91/><F114/><W110/><G110/><T42/><D124/><U94/><E122/><V69/><F111/><W119/><G119/><T107/><D78/><U37/><E135/><V128/><F128/><W84/><G127/><T112/><D112/><U121/><E29/><V26/><F56/><W97/><G68/><T25/><D118/><U9/><E121/><V1/><F4/><W88/><G3/><T41/><D41/><U117/><E117/><V125/><F125/><W60/><G2/><T89/><D89/><U8/><E101/><V24/><REACH who="2" step="1"/><F31/><REACH who="2" ten="260,313,168,249" step="2"/><W116/><G116/><T126/><D59/><N who="1" m="35303" /><E5/><V96/><F96/><W80/><G60/><T83/><D7/><U50/><E37/><V45/><F45/><W22/><G66/><T11/><D44/><U134/><E67/><V120/><F120/><W73/><G65/><T132/><D126/><U104/><E134/><V54/><F54/><W131/><G131/><T130/><D132/><U85/><E47/><V28/><F28/><W75/><G51/><T98/><D130/><U102/><E43/><V79/><F79/><W6/><G6/><T109/><D42/><U105/><E50/><V129/><F129/><W82/><G97/><T106/><D98/><U74/><E105/><V23/><F23/><W72/><AGARI ba="2,1" hai="21,22,46,49,55,72,73,75,80,81,82,84,88,95" machi="72" ten="40,2700,0" yaku="0,1,54,1" doraHai="113" who="3" fromWho="3" sc="260,-9,313,-9,168,-15,249,43" /><INIT seed="7,0,0,5,2,5" ten="251,304,153,292" oya="3" hai0="26,80,43,100,24,12,133,46,14,52,34,7,29" hai1="113,117,99,54,115,69,95,135,114,6,16,106,124" hai2="128,119,127,67,40,131,107,50,55,130,108,122,63" hai3="66,37,76,39,11,82,104,22,132,74,4,120,91"/><W13/><G120/><T1/><D133/><U41/><E135/><V48/><F107/><W3/><G132/><T123/><D123/><U77/><E106/><V121/><F108/><W49/><G104/><T25/><D100/><U97/><E117/><V83/><F119/><W15/><G66/><T125/><D125/><U58/><E69/><V90/><F127/><W134/><G134/><T21/><D52/><U103/><E6/><V116/><F116/><W0/><G49/><T73/><D80/><U19/><E99/><V32/><F32/><W89/><G15/><N who="0" m="5675" /><D73/><U105/><E105/><V62/><F40/><W65/><G65/><T31/><D46/><U93/><E93/><V111/><F111/><W85/><G91/><T51/><D51/><N who="1" m="31071" /><E124/><V126/><F126/><W47/><G47/><T38/><D43/><U112/><E112/><V28/><F28/><N who="0" m="10826" /><D38/><U78/><E41/><V129/><N who="2" m="32768" /><DORA hai="101" /><V57/><F121/><W2/><REACH who="3" step="1"/><G22/><REACH who="3" ten="251,304,153,282" step="2"/><T30/><D21/><U45/><E45/><V86/><REACH who="2" step="1"/><F122/><REACH who="2" ten="251,304,143,282" step="2"/><W35/><G35/><T88/><D34/><U118/><E118/><V109/><F109/><W71/><G71/><T8/><D30/><U72/><E115/><V42/><F42/><W33/><G33/><T36/><D36/><U98/><E114/><V94/><F94/><AGARI ba="0,2" hai="0,2,3,4,11,13,37,39,74,76,82,85,89,94" machi="94" ten="40,3900,0" yaku="1,1,52,1,53,0" doraHai="5,101" doraHaiUra="17,59" who="3" fromWho="2" sc="251,0,304,0,143,-39,282,59" owari="251,-15.0,304,10.0,104,-40.0,341,45.0" /></mjloggm>