<mjloggm ver="2.3"><GO type="169" lobby="0"/><UN n0="%73%61%74" n1="%E3%82%AB%E3%83%9D%E3%83%8D%E5%9B%A3%E3%81%AE%E5%85%84%E8%B2%B4" n2="%E3%83%88%E3%83%88%E3%83%AA%E5%85%88%E7%94%9F%31%39%E6%AD%B3" n3="%6D%75%6B%69%74%74%69" dan="16,17,19,18" rate="2086.90,2202.00,2293.26,2241.74" sx="M,M,F,M"/><TAIKYOKU oya="0"/><INIT seed="0,0,0,2,0,106" ten="250,250,250,250" oya="0" hai0="107,91,130,74,94,21,76,10,134,9,5,79,47" hai1="19,45,100,44,30,78,92,20,15,95,2,99,1" hai2="65,43,29,12,18,50,32,28,4,119,54,111,129" hai3="63,71,116,109,90,7,69,120,0,39,115,13,40"/><T56/><D107/><U38/><E78/><V73/><F111/><W75/><G13/><T70/><D70/><U102/><E30/><V85/><F129/><W24/><G90/><T114/><D114/><U34/><E34/><V36/><F119/><W25/><G25/><T133/><D130/><U127/><E127/><V82/><F4/><W132/><G24/><T72/><D56/><U27/><E15/><V96/><F32/><W52/><G7/><T104/><D104/><U88/><E100/><V122/><F122/><W64/><G0/><T60/><D60/><U103/><E102/><V51/><F36/><W46/><G75/><N who="0" m="28715" /><D47/><U6/><E6/><V42/><F96/><W87/><G87/><N who="0" m="52607" /><D21/><U84/><E45/><N who="2" m="25919" /><F65/><W35/><G64/><T93/><D93/><U31/><E31/><V98/><F98/><W11/><G63/><T80/><D10/><U131/><E131/><V108/><F42/><W86/><G40/><T53/><D53/><U110/><E38/><V97/><F97/><W121/><G39/><T57/><D57/><U14/><E44/><N who="2" m="28007" /><F73/><W41/><G115/><T16/><D16/><U126/><E27/><V8/><F29/><W101/><G71/><T128/><D128/><U89/><E103/><V55/><F55/><W61/><G52/><T77/><D80/><U33/><E33/><V59/><F59/><W58/><G35/><T23/><D23/><U22/><E22/><V113/><F113/><W117/><G58/><T37/><D37/><U48/><E20/><N who="2" m="11335" /><F28/><W66/><G69/><T67/><D67/><U123/><E99/><V83/><F8/><RYUUKYOKU ba="0,0" sc="250,30,250,-10,250,-10,250,-10" hai0="5,9,76,77,79,133,134" /><INIT seed="0,1,0,3,4,119" ten="280,240,240,240" oya="0" hai0="51,113,82,36,111,102,7,92,55,68,117,69,37" hai1="56,1,49,104,23,6,34,8,72,22,99,12,123" hai2="9,81,32,42,14,84,54,121,109,63,50,135,25" hai3="73,110,78,96,29,79,44,28,131,91,83,66,106"/><T57/><D117/><U40/><E72/><V75/><F121/><W115/><G115/><T130/><D113/><U76/><E76/><V86/><F109/><W98/><G110/><T118/><D118/><U107/><E34/><V59/><F135/><W65/><G131/><T26/><D111/><U52/><E123/><V120/><F120/><W60/><G79/><T46/><D130/><U101/><E104/><V71/><F75/><W24/><G44/><T2/><D2/><U87/><E87/><V67/><F81/><W97/><G106/><T74/><D7/><U124/><E124/><V10/><F10/><W0/><G0/><T30/><D69/><U127/><E127/><V20/><F32/><W132/><G132/><T13/><D13/><U116/><E116/><V85/><F42/><W4/><G4/><T80/><D68/><U88/><E40/><V95/><F95/><W108/><G108/><T94/><D80/><U100/><E1/><V77/><F77/><W27/><G91/><T15/><D82/><U11/><E8/><V93/><F93/><W35/><REACH who="3" step="1"/><G60/><REACH who="3" ten="280,240,240,230" step="2"/><T48/><D74/><U18/><E6/><V114/><F114/><W17/><G17/><T129/><D129/><U133/><E133/><V64/><F63/><W128/><G128/><T16/><D102/><N who="1" m="39531" /><E107/><V105/><F105/><W90/><G90/><T33/><D37/><U70/><E70/><V38/><F71/><W43/><G43/><N who="0" m="24671" /><D36/><U41/><E41/><V126/><F38/><W47/><G47/><T39/><D39/><U89/><E89/><V31/><F126/><W5/><G5/><AGARI ba="1,1" hai="5,9,14,20,25,31,50,54,59,64,67,84,85,86" machi="5" ten="40,2600,0" yaku="6,1,8,1" doraHai="119" who="2" fromWho="3" sc="280,0,240,0,240,39,230,-29" /><INIT seed="1,0,0,5,3,14" ten="280,240,279,201" oya="1" hai0="58,59,108,130,53,3,97,42,117,57,134,101,120" hai1="47,71,125,29,132,104,1,61,109,95,113,88,7" hai2="86,79,65,78,0,31,118,18,116,87,26,56,103" hai3="100,13,41,74,133,127,131,84,73,69,44,107,82"/><U21/><E113/><V62/><F0/><W33/><G69/><T4/><D117/><U115/><E115/><V124/><F124/><W28/><G127/><T110/><D3/><U93/><E125/><V111/><F111/><N who="0" m="42538" /><D4/><U24/><E109/><V32/><F103/><W83/><G131/><T102/><D102/><U52/><E104/><V70/><F70/><W54/><G133/><T77/><D77/><U40/><E132/><V39/><F39/><W10/><G54/><T20/><D134/><U89/><E7/><V85/><F79/><W9/><G33/><T51/><D130/><U122/><E1/><V81/><REACH who="2" step="1"/><F18/><REACH who="2" ten="280,240,269,201" step="2"/><W37/><G100/><T8/><D120/><U68/><E122/><V2/><F2/><W34/><G37/><T38/><D38/><U12/><E71/><V60/><F60/><W15/><G107/><T55/><D101/><U114/><E68/><V91/><F91/><W30/><G30/><T126/><D126/><U46/><E114/><V96/><F96/><W6/><G28/><T66/><D97/><U121/><E121/><V16/><F16/><W43/><G6/><T45/><D51/><N who="1" m="27111" /><E61/><V27/><F27/><W106/><G106/><T98/><D98/><U35/><E12/><V25/><F25/><W135/><G135/><T63/><D63/><U17/><E89/><V49/><F49/><W19/><G19/><T94/><D8/><U105/><E105/><V76/><F76/><W67/><G10/><T99/><D99/><U23/><E17/><V72/><AGARI ba="0,1" hai="26,31,32,56,62,65,72,78,81,85,86,87,116,118" machi="72" ten="30,2000,0" yaku="1,1,0,1,53,0" doraHai="14" doraHaiUra="50" who="2" fromWho="2" sc="280,-5,240,-10,269,30,201,-5" /><INIT seed="2,0,0,2,0,80" ten="275,230,299,196" oya="2" hai0="43,28,47,128,90,94,84,15,12,102,100,52,91" hai1="112,121,34,14,5,114,8,74,41,19,36,115,130" hai2="89,69,4,127,72,58,55,131,39,13,0,6,42" hai3="83,16,113,61,51,96,101,22,25,87,126,62,2"/><V117/><F117/><W76/><G126/><T88/><D128/><U78/><E130/><V31/><F69/><W108/><G108/><T17/><D28/><U18/><E34/><V135/><F0/><W44/><G2/><T93/><D90/><U129/><E129/><V46/><F131/><W59/><G59/><T92/><D52/><U40/><E121/><V73/><F127/><W21/><G21/><T70/><D70/><U77/><E74/><V82/><F135/><W9/><G9/><T79/><D79/><U26/><E5/><V120/><F120/><W33/><G33/><T60/><D60/><U29/><E29/><V109/><F109/><W75/><G75/><T37/><D12/><U32/><E32/><V49/><F31/><W103/><G113/><T116/><D116/><U50/><E36/><V123/><F123/><W35/><G35/><T27/><D27/><U111/><E111/><V98/><F13/><W38/><G38/><T57/><D57/><U48/><E26/><V99/><F73/><W124/><G124/><T67/><D67/><U107/><E14/><V134/><F134/><W65/><G65/><T118/><D118/><U68/><E68/><V122/><F122/><W64/><G64/><T132/><D132/><U24/><E24/><V86/><REACH who="2" step="1"/><F72/><REACH who="2" ten="275,230,289,196" step="2"/><W20/><G25/><T104/><D15/><U66/><E112/><V53/><F53/><W11/><G11/><T3/><D3/><U106/><E66/><V110/><F110/><W7/><G7/><AGARI ba="0,1" hai="4,6,7,39,42,46,49,55,58,82,86,89,98,99" machi="7" ten="40,7700,0" yaku="1,1,52,1,53,1" doraHai="80" doraHaiUra="85" who="2" fromWho="3" sc="275,0,230,0,289,87,196,-77" /><INIT seed="2,1,0,4,4,39" ten="275,230,376,119" oya="2" hai0="93,120,80,47,26,83,38,23,125,85,8,116,45" hai1="107,74,72,81,126,19,13,97,78,34,5,130,22" hai2="88,123,108,12,133,104,110,132,14,9,46,99,11" hai3="71,7,87,135,134,49,52,50,79,129,44,113,128"/><V35/><F123/><W105/><G105/><T6/><D120/><U57/><E130/><N who="3" m="50282" /><G7/><T70/><D70/><U124/><E34/><V92/><F35/><W64/><G87/><T29/><D125/><N who="1" m="48235" /><E57/><V42/><F104/><W91/><G91/><T48/><D116/><U61/><E61/><V101/><F101/><W15/><G15/><N who="2" m="5673" /><F9/><W103/><G103/><T51/><D38/><U94/><E5/><V33/><F33/><W76/><G113/><T16/><D29/><U60/><E60/><V56/><F56/><N who="3" m="32783" /><G79/><T4/><D8/><U37/><E37/><N who="2" m="21839" /><F11/><W114/><G76/><T63/><D63/><U75/><E107/><V82/><F82/><W68/><G114/><T66/><D93/><U24/><E13/><V90/><F90/><AGARI ba="1,0" hai="19,22,24,72,74,75,78,81,90,94,97" m="48235" machi="90" ten="30,1000,0" yaku="18,1" doraHai="39" who="1" fromWho="2" sc="275,0,230,13,376,-13,119,0" /><INIT seed="3,0,0,2,3,67" ten="275,243,363,119" oya="3" hai0="111,105,128,55,1,97,8,101,28,122,57,91,130" hai1="129,103,30,113,116,42,80,88,70,34,133,37,71" hai2="31,4,41,78,50,15,100,27,83,119,92,87,51" hai3="99,13,132,46,108,95,125,94,35,53,19,45,118"/><W110/><G118/><T76/><D111/><N who="3" m="42537" /><G35/><T58/><D122/><U65/><E113/><V123/><F119/><W23/><G125/><T0/><D76/><U38/><E65/><V126/><F126/><W66/><G132/><T56/><D28/><U40/><E103/><V102/><F123/><W93/><G66/><T63/><D91/><U3/><E88/><V68/><F68/><N who="1" m="26153" /><E80/><V75/><F75/><W33/><G33/><T44/><D63/><U134/><E3/><V86/><F86/><W59/><G99/><T69/><D69/><U84/><E84/><V2/><F2/><W77/><G77/><T20/><D20/><U107/><E107/><V52/><F92/><N who="3" m="23555" /><W18/><DORA hai="22" /><G18/><T117/><D117/><U73/><E73/><V10/><F100/><W6/><G6/><T9/><D0/><U32/><E32/><V49/><F102/><W114/><G114/><T98/><D98/><U61/><E30/><V14/><F14/><W89/><G89/><T90/><D90/><U85/><E34/><V115/><F115/><W121/><G121/><T82/><D82/><U74/><E74/><V62/><F31/><W124/><G124/><T48/><D1/><U25/><E116/><V17/><F4/><W127/><G127/><T131/><AGARI ba="0,0" hai="8,9,44,48,55,56,57,58,97,101,105,128,130,131" machi="131" ten="40,2700,0" yaku="0,1,19,1" doraHai="67,22" who="0" fromWho="0" sc="275,27,243,-7,363,-7,119,-13" /><INIT seed="4,0,0,5,0,44" ten="302,236,356,106" oya="0" hai0="11,0,74,62,124,34,12,93,90,32,36,98,69" hai1="125,73,3,6,78,58,40,102,123,77,42,47,127" hai2="116,19,35,66,135,61,88,4,21,71,87,133,16" hai3="81,95,63,109,24,134,52,67,131,57,55,115,97"/><T84/><D74/><U30/><E123/><V13/><F35/><W50/><G109/><T128/><D36/><U75/><E30/><V2/><F116/><W22/><G115/><T23/><D128/><U49/><E102/><V31/><F31/><W28/><G131/><T99/><D124/><N who="1" m="47691" /><E40/><V86/><F86/><W54/><G134/><N who="2" m="51209" /><F2/><W46/><REACH who="3" step="1"/><G81/><REACH who="3" ten="302,236,356,96" step="2"/><T10/><D34/><U91/><E73/><V118/><F118/><W65/><G65/><T72/><D32/><U27/><E75/><V82/><F19/><W110/><G110/><T53/><D72/><U119/><E119/><V48/><F4/><W112/><G112/><T79/><D0/><U7/><E6/><V130/><F130/><W103/><AGARI ba="0,1" hai="22,24,28,46,50,52,54,55,57,63,67,95,97,103" machi="103" ten="20,16000,3" yaku="1,1,0,1,7,1,25,2,8,1,52,1,54,1,53,0" doraHai="44" doraHaiUra="129" who="3" fromWho="3" sc="302,-80,236,-40,356,-40,96,170" /><INIT seed="5,0,0,0,0,16" ten="222,196,316,266" oya="1" hai0="6,131,101,43,31,58,97,9,88,120,72,65,30" hai1="52,34,89,15,122,105,92,114,102,66,124,0,98" hai2="86,134,121,93,41,68,60,81,14,23,37,44,108" hai3="71,59,28,84,38,79,62,54,7,64,77,32,45"/><U11/><E122/><V123/><F108/><W57/><G7/><T4/><D72/><U100/><E124/><V26/><F134/><W42/><G84/><T5/><D131/><U8/><E114/><V112/><F112/><W50/><REACH who="3" step="1"/><G59/><REACH who="3" ten="222,196,316,256" step="2"/><T125/><D4/><N who="1" m="3463" /><E0/><V51/><F86/><W12/><G12/><T116/><D5/><U1/><E1/><V104/><F14/><W24/><AGARI ba="0,1" hai="24,28,32,38,42,45,50,54,57,62,64,71,77,79" machi="24" ten="30,7900,0" yaku="1,1,0,1,24,2,53,0" doraHai="16" doraHaiUra="118" who="3" fromWho="3" sc="222,-20,196,-39,316,-20,256,89" /><INIT seed="6,0,0,2,4,0" ten="202,157,296,345" oya="2" hai0="121,93,29,106,120,111,115,78,134,131,22,14,86" hai1="69,97,71,58,129,9,52,113,34,132,87,12,104" hai2="123,25,55,44,101,83,45,26,10,40,70,102,96" hai3="1,38,100,56,18,16,24,124,122,108,21,33,73"/><V54/><F123/><W74/><G122/><T49/><D106/><U36/><E113/><V81/><F70/><W82/><G108/><T50/><D111/><U63/><E129/><V67/><F10/><W23/><G38/><T64/><D64/><U43/><E132/><V90/><F67/><W3/><G33/><T88/><D131/><U68/><E34/><V48/><F90/><W76/><G124/><T92/><D115/><U99/><E104/><V65/><F65/><W127/><G127/><T112/><D112/><U77/><E43/><V116/><F116/><W110/><G110/><T85/><D134/><U17/><REACH who="1" step="1"/><E36/><REACH who="1" ten="202,147,296,345" step="2"/><V47/><F40/><W118/><G118/><T135/><D135/><U119/><E119/><V84/><F44/><W94/><G74/><T27/><D121/><U61/><E61/><V114/><F114/><W28/><G73/><T95/><D120/><U125/><E125/><V35/><F35/><W53/><G3/><T39/><D39/><U11/><E11/><V42/><F42/><W89/><G1/><T98/><D50/><U60/><E60/><V46/><F46/><W41/><G41/><T20/><D49/><U62/><E62/><V75/><F48/><W126/><G126/><T6/><D22/><U7/><E7/><V4/><F4/><W72/><G23/><T5/><D5/><U130/><E130/><V117/><F75/><W8/><G72/><T2/><D2/><U128/><E128/><V37/><F37/><W51/><G21/><T103/><D6/><U19/><E19/><V66/><F117/><W13/><G18/><RYUUKYOKU ba="0,1" sc="202,-10,147,30,296,-10,345,-10" hai1="9,12,17,52,58,63,68,69,71,77,87,97,99" /><INIT seed="7,1,1,4,4,103" ten="192,177,286,335" oya="3" hai0="40,78,85,111,69,20,41,84,99,33,32,135,5" hai1="14,45,48,114,129,72,81,16,119,126,71,35,2" hai2="122,62,115,55,13,97,59,106,124,128,98,25,112" hai3="28,47,96,29,17,39,6,21,44,65,1,12,117"/><W113/><G117/><T95/><D69/><U73/><E71/><V64/><F98/><W7/><G113/><N who="2" m="43593" /><F25/><W8/><G65/><T130/><D111/><U67/><E114/><V23/><F128/><W4/><G1/><T24/><D135/><U92/><E67/><V15/><F124/><W66/><G66/><T50/><D33/><U38/><E126/><V110/><F110/><W26/><G39/><T80/><D32/><U86/><E129/><V132/><F132/><W22/><G96/><T53/><D5/><N who="3" m="2153" /><G22/><T30/><D85/><U104/><E104/><V76/><F76/><W18/><G18/><T131/><D131/><U19/><E2/><V77/><F77/><W61/><G61/><T109/><D109/><U89/><E35/><V123/><F64/><W54/><G54/><T94/><D94/><U79/><E119/><V42/><F42/><W91/><G91/><N who="0" m="55807" /><D130/><U118/><E118/><V90/><F90/><W0/><G0/><T34/><D34/><U87/><E38/><V88/><F23/><W58/><G58/><AGARI ba="1,1" hai="20,24,30,40,41,50,53,58,78,80,84" m="55807" machi="58" ten="30,1000,0" yaku="8,1" doraHai="103" who="0" fromWho="3" sc="192,23,177,0,286,0,335,-13" owari="215,-18.0,177,-32.0,286,9.0,322,41.0" /></mjloggm>