<mjloggm ver="2.3"><GO type="169" lobby="0"/><UN n0="%E3%82%A6%E3%83%AB%E3%83%88%E3%83%A9%E7%AB%8B%E7%9B%B4" n1="%E7%A0%B4%E5%A3%8A%E3%81%A8%E8%AA%95%E7%94%9F%E3%81%AE%E7%A5%9E%E6%AE%BF" n2="%E3%81%86%E3%81%91%E3%81%AA%E3%81%8C%E3%81%99%E3%81%9C" n3="%E2%80%90%E3%81%AF%E3%81%9A%E3%81%8D%E3%82%93%E3%81%90%E2%80%90" dan="18,16,16,17" rate="2243.27,2137.79,2089.39,2168.45" sx="M,F,F,F"/><TAIKYOKU oya="0"/><INIT seed="0,0,0,1,3,102" ten="250,250,250,250" oya="0" hai0="23,80,33,89,90,63,83,26,128,135,111,57,97" hai1="54,86,81,46,70,116,39,11,103,5,66,40,19" hai2="82,48,118,114,134,18,119,129,115,79,3,30,32" hai3="75,92,21,22,73,84,94,29,6,117,123,130,77"/><T4/><D128/><U87/><E116/><N who="2" m="44587" /><F48/><W7/><G117/><T62/><D135/><U42/><E103/><V24/><F129/><W122/><G130/><T106/><D111/><U41/><E70/><V27/><F79/><W100/><G100/><T36/><D36/><U2/><E66/><V50/><F50/><W105/><G29/><T25/><D33/><U93/><E54/><V51/><F82/><W52/><G84/><T49/><D49/><U91/><REACH who="1" step="1"/><E19/><REACH who="1" ten="250,240,250,250" step="2"/><V31/><F18/><W71/><G52/><T124/><D124/><U96/><E96/><V17/><F17/><W88/><G71/><T126/><D97/><U47/><E47/><V15/><F134/><W45/><G45/><T53/><D126/><U107/><E107/><V37/><F37/><W98/><G98/><T8/><D106/><U10/><E10/><V121/><F51/><W132/><G132/><T1/><D63/><U74/><E74/><V108/><F108/><W38/><G38/><T55/><D55/><U59/><E59/><V131/><F131/><W76/><G88/><AGARI ba="0,1" hai="2,5,11,39,40,41,42,46,81,86,87,88,91,93" machi="88" ten="30,7700,0" yaku="1,1,7,1,54,1,53,1" doraHai="102" doraHaiUra="34" who="1" fromWho="3" sc="250,0,240,87,250,0,250,-77" /><INIT seed="1,0,0,5,1,48" ten="250,327,250,173" oya="1" hai0="106,134,42,75,91,99,38,0,5,62,23,88,14" hai1="22,40,20,36,10,78,103,86,135,8,80,107,109" hai2="71,59,104,46,115,72,111,26,114,123,108,18,6" hai3="110,95,121,77,120,51,39,83,129,87,33,96,89"/><U94/><E135/><V66/><F104/><W116/><G39/><T79/><D134/><U70/><E70/><V126/><F72/><W47/><G33/><T130/><D130/><U45/><E109/><N who="2" m="42059" /><F123/><W125/><G110/><T28/><D106/><U82/><E82/><V3/><F71/><W76/><G129/><T21/><D62/><U43/><E43/><V31/><F46/><W55/><G125/><T50/><D50/><U112/><E112/><N who="2" m="43051" /><F59/><W73/><G116/><T100/><D42/><U85/><E107/><V54/><F66/><W68/><G68/><T81/><D38/><U2/><E8/><N who="2" m="2143" /><F54/><W29/><G76/><T92/><D79/><U1/><E45/><V84/><F84/><W27/><G73/><T41/><D41/><U105/><E40/><V7/><F7/><W11/><G11/><T19/><D5/><U131/><E10/><V32/><F18/><W127/><G127/><AGARI ba="0,0" hai="26,31,32,126,127" m="2143,43051,42059" machi="127" ten="40,8000,1" yaku="14,1,11,1,23,1,34,2" doraHai="48" who="2" fromWho="3" sc="250,0,327,0,250,80,173,-80" /><INIT seed="2,0,0,3,5,32" ten="250,327,330,93" oya="2" hai0="100,31,3,48,52,19,124,94,30,41,131,6,67" hai1="92,83,20,78,113,122,102,98,135,129,104,101,63" hai2="82,16,88,7,72,130,99,85,17,57,0,97,38" hai3="132,133,40,119,22,125,58,114,118,109,55,43,77"/><V95/><F38/><W10/><G10/><T9/><D131/><U25/><E113/><V56/><F130/><W12/><G12/><T66/><D124/><U5/><E129/><V128/><F128/><W96/><G22/><T42/><D19/><N who="2" m="7242" /><F7/><W26/><G26/><T106/><D106/><U46/><E135/><N who="3" m="51786" /><G96/><N who="2" m="36937" /><F72/><W110/><G77/><T35/><D94/><U59/><E122/><V80/><F0/><W49/><G125/><T120/><D100/><U61/><E5/><V54/><F57/><W44/><G114/><T39/><D120/><U34/><E102/><V117/><F117/><N who="3" m="44555" /><G58/><T127/><D127/><U4/><E4/><V50/><AGARI ba="0,0" hai="50,54,56,80,82,85,88,95" m="36937,7242" machi="50" ten="30,6000,0" yaku="8,1,54,2" doraHai="32" who="2" fromWho="2" sc="250,-20,327,-20,330,60,93,-20" /><INIT seed="2,1,0,3,1,55" ten="230,307,390,73" oya="2" hai0="132,93,49,41,48,67,0,23,96,106,17,50,98" hai1="40,108,37,19,129,97,65,71,95,119,20,24,126" hai2="82,122,14,5,46,115,130,7,69,113,43,30,135" hai3="118,79,102,124,127,4,101,1,31,81,15,63,18"/><V112/><F122/><W75/><G118/><T51/><D0/><U53/><E119/><V85/><F69/><W27/><G1/><T86/><D132/><U12/><E108/><V38/><F130/><W90/><G4/><T110/><D110/><U123/><E129/><V32/><F135/><W35/><G90/><N who="0" m="53463" /><D67/><U78/><E126/><N who="3" m="48170" /><G63/><T16/><D106/><U120/><E78/><V134/><F134/><W107/><G107/><T70/><D70/><U133/><E12/><V21/><F32/><W10/><AGARI ba="1,0" hai="10,15,18,27,31,35,75,79,81,101,102" m="48170" machi="10" ten="30,1100,0" yaku="18,1" doraHai="55" who="3" fromWho="3" sc="230,-4,307,-4,390,-6,73,14" /><INIT seed="3,0,0,0,4,92" ten="226,303,384,87" oya="3" hai0="73,69,9,88,125,17,132,114,55,37,72,29,130" hai1="13,101,54,1,48,23,7,105,80,14,44,38,100" hai2="123,49,0,90,64,26,79,53,18,63,67,84,78" hai3="75,51,83,43,103,20,36,35,10,77,102,86,59"/><W5/><G35/><T82/><D69/><U98/><E38/><V116/><F0/><W42/><G20/><T62/><D37/><U57/><E80/><N who="2" m="49415" /><F116/><W113/><G113/><T97/><D29/><U30/><E100/><V39/><F39/><W65/><G43/><T131/><D125/><U117/><E117/><V122/><F63/><W2/><G86/><T134/><D114/><U127/><E127/><V119/><F119/><W46/><REACH who="3" step="1"/><G65/><REACH who="3" ten="226,303,384,77" step="2"/><T135/><D135/><U95/><E23/><N who="2" m="13687" /><F67/><W74/><G74/><T133/><D73/><U121/><E30/><V3/><F64/><W118/><G118/><T52/><D72/><U109/><E121/><V124/><F124/><W11/><G11/><T71/><D132/><U91/><E54/><AGARI ba="0,1" hai="2,5,10,36,42,46,51,54,59,75,77,83,102,103" machi="54" ten="40,12000,1" yaku="1,1,25,2,53,1" doraHai="92" doraHaiUra="76" who="3" fromWho="1" sc="226,0,303,-120,384,0,77,130" /><INIT seed="3,1,0,1,4,134" ten="226,183,384,207" oya="3" hai0="84,112,11,48,92,120,29,127,109,19,95,15,135" hai1="14,115,41,114,91,79,68,32,7,126,38,102,31" hai2="28,33,107,71,61,105,30,104,2,64,70,81,47" hai3="119,108,78,8,10,66,55,42,57,23,106,73,4"/><W76/><G119/><T62/><D120/><U39/><E68/><V82/><F82/><W21/><G106/><T99/><D109/><U125/><E102/><V121/><F121/><W34/><G34/><T101/><D135/><U129/><E91/><V117/><F117/><W94/><G42/><T24/><D112/><N who="1" m="43051" /><E79/><N who="3" m="30250" /><G73/><T86/><D95/><U35/><E41/><V128/><F30/><W0/><G0/><T18/><D48/><U50/><E50/><V37/><F81/><W80/><G66/><T46/><D46/><U49/><E49/><V17/><F17/><W87/><G94/><T123/><D123/><U111/><E111/><V59/><F2/><W26/><G4/><T77/><D77/><U97/><E97/><V74/><F74/><W51/><G23/><T65/><D86/><U72/><E72/><V36/><F36/><N who="1" m="13865" /><E31/><V83/><F70/><W88/><G108/><T96/><D84/><U124/><E129/><V1/><F128/><W5/><G5/><T13/><D99/><U44/><E44/><V60/><F47/><W58/><G57/><T131/><D131/><U69/><E69/><V53/><F37/><W52/><G55/><T63/><D101/><U45/><E45/><V12/><F107/><W27/><G27/><T93/><D24/><U130/><E130/><V20/><F105/><W40/><G40/><T16/><D96/><U9/><AGARI ba="1,0" hai="7,9,14,32,35,124,125,126" m="13865,43051" machi="9" ten="40,8000,1" yaku="18,1,52,3" doraHai="134" who="1" fromWho="1" sc="226,-21,183,83,384,-21,207,-41" /><INIT seed="4,0,0,1,3,111" ten="205,266,363,166" oya="0" hai0="95,19,129,3,42,0,79,128,110,77,56,32,24" hai1="75,41,126,84,15,130,54,7,50,11,29,97,71" hai2="74,33,119,127,114,14,94,25,96,62,113,39,21" hai3="47,67,104,57,120,66,116,28,61,38,78,90,118"/><T135/><D110/><U37/><E75/><V103/><F127/><W16/><G104/><T88/><D42/><U89/><E126/><V27/><F119/><W10/><G78/><N who="0" m="29707" /><D135/><U125/><E125/><V9/><F39/><W58/><G120/><T60/><D32/><U48/><E71/><V105/><F74/><W92/><G28/><T13/><D24/><U117/><E117/><V68/><F21/><W133/><G133/><T2/><D19/><U131/><E29/><N who="2" m="19631" /><F94/><W55/><G67/><T17/><D17/><U102/><E54/><V80/><F80/><W123/><G123/><T59/><D13/><U45/><E130/><N who="0" m="50281" /><D60/><U4/><E4/><N who="2" m="3367" /><F27/><W49/><G38/><T109/><D109/><U85/><E131/><V100/><F100/><W23/><G10/><T124/><D124/><U72/><E72/><V51/><F51/><W121/><G121/><T81/><D81/><U26/><E26/><V36/><F36/><W53/><G53/><T132/><D132/><U106/><E48/><V112/><F62/><W93/><G47/><T64/><D64/><U5/><E5/><V99/><F96/><AGARI ba="0,0" hai="0,2,3,56,59,88,95,96" m="50281,29707" machi="96" ten="40,3900,0" yaku="19,1,54,1" doraHai="111" who="0" fromWho="2" sc="205,39,266,0,363,-39,166,0" /><INIT seed="4,1,0,0,3,104" ten="244,266,324,166" oya="0" hai0="74,47,2,12,8,86,63,105,61,102,133,44,37" hai1="110,112,103,15,100,66,32,121,23,58,125,126,73" hai2="94,22,128,122,130,41,18,19,75,90,48,56,76" hai3="62,7,87,68,117,45,60,120,131,5,108,6,42"/><T49/><D2/><U95/><E110/><V24/><F122/><W69/><G108/><T72/><D133/><U135/><E135/><V29/><F75/><W28/><G117/><T107/><D37/><U25/><E121/><V50/><F76/><W3/><G120/><T14/><D49/><U31/><E112/><V84/><F50/><W116/><G116/><T115/><D86/><U97/><E100/><V43/><F43/><W57/><G3/><T52/><D102/><U78/><E32/><V54/><REACH who="2" step="1"/><F41/><REACH who="2" ten="244,266,314,166" step="2"/><W132/><G42/><T9/><D115/><U46/><E78/><V119/><F119/><W98/><G132/><T99/><D99/><U13/><E73/><V79/><F79/><W127/><G98/><T81/><D81/><U36/><E36/><V21/><F21/><W20/><G20/><T10/><D10/><U106/><E125/><V82/><F82/><W123/><G127/><T96/><D96/><U11/><E11/><V55/><F55/><AGARI ba="1,1" hai="8,9,12,14,44,47,52,55,61,63,72,74,105,107" machi="55" ten="25,12000,1" yaku="22,2,52,2,54,1" doraHai="104" who="0" fromWho="2" sc="244,133,266,0,314,-123,166,0" /><INIT seed="4,2,0,4,1,58" ten="377,266,191,166" oya="0" hai0="46,94,56,77,111,130,36,12,45,105,16,17,54" hai1="88,0,47,23,99,3,59,135,5,27,39,104,83" hai2="25,38,34,84,120,31,52,64,109,96,73,70,102" hai3="117,14,4,19,91,68,81,92,107,131,112,121,65"/><T128/><D105/><U42/><E135/><V13/><F109/><W122/><G117/><T24/><D111/><U67/><E104/><N who="2" m="63559" /><F84/><W108/><G108/><T106/><D106/><U62/><E5/><V69/><F52/><W49/><G107/><T123/><D123/><N who="3" m="47113" /><G4/><T61/><D77/><U82/><E82/><V8/><F120/><W87/><G112/><T74/><D74/><U18/><REACH who="1" step="1"/><E83/><REACH who="1" ten="377,256,191,166" step="2"/><V126/><F126/><W76/><G81/><T7/><D130/><U124/><E124/><V133/><F133/><W101/><G131/><T20/><D128/><U129/><E129/><V6/><F73/><W113/><G113/><T79/><D7/><U60/><E60/><N who="2" m="40071" /><F70/><W66/><G68/><T134/><D134/><U63/><E63/><V35/><F35/><W22/><G76/><T95/><D79/><U114/><E114/><V85/><F85/><W15/><G101/><T32/><D32/><U50/><E50/><V118/><F118/><W37/><G49/><T43/><D46/><U30/><E30/><V10/><F38/><W119/><G119/><T125/><D125/><U11/><E11/><AGARI ba="2,1" hai="6,8,10,11,13,25,31,34" m="40071,63559" machi="11" ten="30,2000,0" yaku="25,1,52,1" doraHai="58" who="2" fromWho="1" sc="377,0,256,-26,191,36,166,0" /><AGARI ba="2,0" hai="11,12,16,17,20,24,36,43,45,54,56,61,94,95" machi="11" ten="30,5800,0" yaku="7,1,52,1,54,1" doraHai="58" who="0" fromWho="1" sc="377,58,230,-58,227,0,166,0" /><INIT seed="4,3,0,5,1,108" ten="435,172,227,166" oya="0" hai0="58,12,66,124,11,71,102,107,26,85,113,130,135" hai1="59,129,94,87,3,104,134,54,49,40,30,48,50" hai2="96,43,81,80,105,67,20,70,15,2,32,74,61" hai3="125,14,39,21,35,122,27,93,33,83,53,118,88"/><T110/><D110/><U89/><E104/><V76/><F2/><W55/><G118/><T18/><D71/><U8/><E134/><V132/><F132/><W116/><G116/><T100/><D135/><U97/><E129/><V131/><F131/><W38/><G125/><T23/><D124/><U34/><E40/><V57/><F43/><W114/><G122/><T69/><D69/><U112/><E112/><V123/><F123/><W72/><G38/><T121/><D113/><U17/><E34/><V47/><F32/><W46/><G114/><T44/><D107/><U62/><E30/><V4/><F47/><W109/><G109/><T99/><D99/><U60/><E60/><V37/><F37/><W101/><G14/><T5/><D130/><U127/><E127/><V56/><F81/><W1/><G1/><T126/><D126/><U77/><E3/><V84/><F74/><W28/><G101/><T68/><D68/><U117/><E117/><V45/><F45/><W79/><G55/><T9/><D44/><U106/><E106/><V29/><F4/><W6/><G6/><T52/><D66/><U25/><E25/><N who="2" m="16551" /><F15/><W91/><G91/><T19/><D121/><U63/><E17/><V128/><F128/><W90/><G90/><T64/><D64/><U78/><E8/><V13/><F13/><W0/><G0/><T82/><D11/><U95/><REACH who="1" step="1"/><E63/><REACH who="1" ten="435,162,227,166" step="2"/><V42/><F42/><N who="3" m="22879" /><G53/><T73/><D19/><U133/><E133/><V98/><F105/><W31/><G31/><T86/><D18/><U36/><E36/><V111/><F111/><W119/><G119/><RYUUKYOKU ba="3,1" sc="435,-30,162,10,227,10,166,10" hai1="48,49,50,54,59,62,77,78,87,89,94,95,97" hai2="56,57,61,67,70,76,80,84,96,98" hai3="21,27,28,33,35,72,79,83,88,93" /><INIT seed="5,4,1,2,0,127" ten="405,172,237,176" oya="1" hai0="88,9,59,26,105,13,96,12,125,63,71,79,58" hai1="113,126,118,82,119,94,87,14,123,98,73,121,40" hai2="20,64,1,81,61,49,133,95,92,28,99,56,107" hai3="44,131,115,104,32,39,31,130,72,75,7,91,78"/><U10/><E40/><V67/><F1/><W65/><G115/><T100/><D125/><U120/><E126/><V74/><F133/><W5/><G104/><T116/><D116/><U76/><E113/><V114/><F114/><W80/><G72/><T47/><D79/><U57/><E57/><V4/><F4/><W55/><G65/><T60/><D47/><U46/><E46/><V62/><F49/><W90/><G5/><T135/><D135/><U111/><E111/><V6/><F6/><W19/><G19/><T103/><D9/><U93/><E14/><V112/><F112/><W106/><G106/><T84/><D26/><U25/><E10/><V86/><F74/><W0/><G55/><T117/><D58/><U129/><E25/><N who="2" m="16423" /><F107/><W132/><G132/><T11/><D59/><U124/><E124/><V128/><F99/><W23/><G23/><T30/><D11/><U43/><E43/><V97/><F97/><W21/><G21/><T77/><D13/><U27/><E27/><V110/><F110/><W66/><G66/><T51/><D12/><U22/><E22/><V101/><F101/><W24/><G7/><T36/><D117/><N who="1" m="44555" /><E129/><N who="3" m="49162" /><G0/><T109/><D109/><U18/><E18/><V15/><F15/><W35/><G35/><T83/><D30/><U85/><E94/><N who="2" m="35883" /><F128/><W50/><G50/><T89/><D51/><U3/><E3/><V2/><F2/><W42/><AGARI ba="4,1" hai="24,31,32,39,42,44,75,78,80,90,91" m="49162" machi="42" ten="30,7900,0" yaku="19,1,52,3" doraHai="127" who="3" fromWho="3" sc="405,-24,172,-43,237,-24,176,101" /><INIT seed="6,0,0,1,5,119" ten="381,129,213,277" oya="2" hai0="110,132,91,127,50,33,38,106,121,86,74,2,59" hai1="12,70,14,68,126,17,112,30,0,40,87,97,49" hai2="81,113,101,18,104,31,45,44,52,96,48,133,125" hai3="84,5,28,21,47,20,94,42,65,25,79,10,57"/><V60/><F113/><W71/><G71/><T116/><RYUUKYOKU type="yao9" ba="0,0" sc="381,0,129,0,213,0,277,0" hai0="2,33,38,50,59,74,86,91,106,110,116,121,127,132" /><INIT seed="6,1,0,4,2,42" ten="381,129,213,277" oya="2" hai0="135,67,70,77,43,45,126,50,72,114,112,6,11" hai1="92,44,48,12,63,113,5,65,79,99,21,116,89" hai2="41,10,76,34,39,53,3,64,80,102,123,18,14" hai3="121,1,104,91,30,124,35,88,101,17,98,40,133"/><V96/><F123/><W13/><G121/><T33/><D33/><U93/><E116/><V134/><F134/><W107/><G107/><T73/><D77/><U127/><E113/><N who="0" m="43625" /><D126/><U83/><E127/><V131/><F34/><W61/><G124/><T103/><D135/><U71/><E92/><V29/><F131/><W57/><G1/><N who="0" m="463" /><D103/><U69/><E69/><V81/><F29/><W27/><G40/><T75/><D67/><U9/><E21/><V118/><F118/><W109/><G109/><T58/><D58/><U38/><E38/><V86/><F64/><W4/><G4/><T106/><D106/><U120/><E120/><V78/><F3/><W22/><G133/><T74/><D74/><U108/><E108/><V87/><F53/><AGARI ba="1,0" hai="13,17,22,27,30,35,53,57,61,88,91,98,101,104" machi="53" ten="30,2000,0" yaku="7,1,54,1" doraHai="42" who="3" fromWho="2" sc="381,0,129,0,213,-23,277,23" /><INIT seed="7,0,0,1,0,12" ten="381,129,190,300" oya="3" hai0="70,16,88,60,111,50,128,110,41,2,49,59,52" hai1="4,112,96,46,8,38,131,71,21,54,42,26,99" hai2="36,24,129,89,30,119,135,98,18,116,93,114,6" hai3="108,63,15,122,61,123,105,118,25,92,121,20,134"/><W101/><G105/><T69/><D2/><U75/><E112/><V34/><F114/><W10/><G118/><T68/><D16/><U73/><E131/><V133/><F129/><W132/><G92/><T95/><D128/><U64/><E54/><V22/><F36/><W76/><G76/><T0/><D0/><U115/><E115/><V44/><F6/><N who="3" m="3543" /><G101/><T130/><D130/><U80/><E64/><V82/><F44/><W40/><G40/><T65/><D41/><U74/><E71/><N who="0" m="27209" /><D88/><U85/><E85/><V55/><F82/><W28/><G61/><N who="0" m="40239" /><D95/><U32/><E32/><V43/><F43/><W1/><G63/><T11/><D11/><U62/><E62/><V87/><F55/><W97/><G97/><T19/><D19/><U5/><E5/><V29/><F98/><W90/><G90/><T3/><D3/><U86/><E86/><V72/><F72/><W107/><G107/><T35/><D35/><U113/><E113/><V104/><F104/><W57/><G57/><N who="0" m="32919" /><D49/><U31/><E75/><V103/><F103/><W124/><G1/><T84/><D84/><U100/><E80/><V109/><F89/><W47/><G47/><T53/><AGARI ba="0,0" hai="53,59,60,110,111" m="32919,40239,27209" machi="53" ten="30,4000,0" yaku="34,2,54,1" doraHai="12" who="0" fromWho="0" sc="381,40,129,-10,190,-10,300,-20" owari="421,52.0,119,-38.0,180,-22.0,280,8.0" /></mjloggm>