<mjloggm ver="2.3"><GO type="169" lobby="0"/><UN n0="%E3%82%A6%E3%83%AB%E3%83%88%E3%83%A9%E7%AB%8B%E7%9B%B4" n1="%54%4F%52" n2="%E9%87%98%EF%BC%8F%E3%82%86%E3%81%8B%E3%81%88%E3%82%8A" n3="%53%74%65%69%6E%73" dan="16,16,17,16" rate="2183.82,2078.11,2133.44,2074.19" sx="M,M,M,M"/><TAIKYOKU oya="0"/><INIT seed="0,0,0,0,0,114" ten="250,250,250,250" oya="0" hai0="121,87,1,63,70,123,79,78,73,7,37,96,3" hai1="68,90,80,25,86,100,46,115,111,55,106,75,61" hai2="69,28,66,32,52,133,74,109,39,51,101,102,134" hai3="117,132,97,38,84,110,2,41,33,49,98,44,125"/><T62/><D87/><U5/><E111/><V99/><F39/><W36/><G110/><T45/><D96/><U112/><E75/><V20/><F74/><W72/><G72/><T83/><D78/><U104/><E5/><V95/><F109/><W35/><G2/><T50/><D50/><N who="1" m="29143" /><E25/><N who="2" m="16423" /><F32/><W21/><G117/><T17/><D17/><U56/><E68/><V94/><F66/><W108/><G108/><T53/><D53/><N who="1" m="33935" /><E100/><V30/><F30/><W31/><G35/><T9/><D1/><U8/><E8/><V126/><F69/><W18/><G31/><T89/><D89/><U120/><E120/><V10/><F10/><W11/><G11/><T119/><D119/><U103/><E103/><N who="2" m="60919" /><F95/><W91/><G33/><T48/><D48/><U14/><E14/><V122/><F122/><N who="0" m="46602" /><D70/><U113/><AGARI ba="0,0" hai="80,86,90,104,106,112,113,115" m="33935,29143" machi="113" ten="30,1100,0" yaku="11,1" doraHai="114" who="1" fromWho="1" sc="250,-5,250,11,250,-3,250,-3" /><INIT seed="1,0,0,3,3,134" ten="245,261,247,247" oya="1" hai0="20,59,107,90,69,26,23,24,132,11,44,104,46" hai1="3,124,135,118,108,45,128,34,28,111,71,57,68" hai2="53,58,89,1,92,119,129,122,127,98,5,10,96" hai3="6,49,32,65,120,117,112,103,8,88,110,55,95"/><U102/><E118/><V85/><F129/><W93/><G120/><T25/><D69/><U74/><E128/><V64/><F122/><W78/><G112/><T4/><D90/><U79/><E135/><V94/><F119/><W19/><G32/><T126/><D132/><U29/><E3/><V73/><F73/><W133/><G133/><T131/><D59/><U84/><E74/><V18/><F64/><W105/><G110/><N who="1" m="42026" /><E102/><V36/><F36/><W62/><G78/><T21/><D131/><U70/><E57/><V54/><F85/><W39/><G39/><T125/><D11/><U109/><E109/><V17/><F54/><W72/><G72/><T114/><D4/><U40/><E34/><V42/><F42/><W61/><G105/><N who="0" m="40523" /><D114/><U13/><E13/><V66/><F66/><W121/><G121/><T60/><D60/><U35/><E35/><V33/><F33/><W99/><G61/><T51/><D51/><N who="1" m="27047" /><E29/><V31/><F31/><W130/><G130/><T101/><D101/><U41/><E28/><V113/><F113/><W97/><G117/><T116/><D116/><U76/><E41/><V67/><F67/><W81/><G62/><T15/><D15/><U106/><E106/><V91/><F18/><W16/><G65/><T63/><D63/><U87/><E79/><V43/><F43/><W7/><G19/><T9/><D9/><U27/><E27/><V80/><F17/><W86/><G16/><T75/><D75/><U12/><E12/><V50/><F80/><W2/><G6/><T115/><D115/><U0/><E76/><V38/><F38/><RYUUKYOKU ba="0,0" sc="245,15,261,-15,247,15,247,-15" hai0="20,21,23,24,25,26,44,46,125,126" hai2="1,5,10,50,53,58,89,91,92,94,96,98,127" /><INIT seed="2,1,0,3,5,1" ten="260,246,262,232" oya="2" hai0="59,105,85,40,18,104,131,130,109,88,122,110,11" hai1="65,67,132,89,81,71,98,41,57,55,23,125,58" hai2="119,19,25,28,33,31,113,97,99,22,73,50,83" hai3="35,5,2,100,74,43,46,93,49,32,42,9,120"/><V106/><F119/><W86/><G120/><T107/><D40/><U53/><E125/><V62/><F113/><W69/><G74/><T75/><D59/><U10/><E132/><V68/><F50/><W77/><G69/><T36/><D36/><U4/><E41/><V15/><F31/><W60/><G60/><T51/><D51/><U6/><E23/><V80/><F73/><W94/><G42/><T115/><D18/><U76/><E71/><V8/><F97/><W20/><G20/><T101/><D11/><U21/><E21/><V29/><F29/><W54/><G54/><T112/><D101/><U96/><E89/><V56/><F56/><W116/><G116/><T126/><D75/><U38/><E38/><V47/><F47/><W13/><G13/><T30/><D30/><U124/><E10/><V63/><F63/><W134/><G134/><T95/><D126/><U44/><E124/><V7/><F99/><W103/><G35/><T123/><D123/><U108/><E81/><V64/><REACH who="2" step="1"/><F106/><REACH who="2" ten="260,246,252,232" step="2"/><W87/><G49/><T66/><D122/><U78/><REACH who="1" step="1"/><E44/><REACH who="1" ten="260,236,252,232" step="2"/><V26/><AGARI ba="1,2" hai="7,8,15,19,22,25,26,28,33,62,64,68,80,83" machi="26" ten="20,12000,1" yaku="1,1,2,1,0,1,7,1,52,1,53,0" doraHai="1" doraHaiUra="111" who="2" fromWho="2" sc="260,-41,236,-41,252,143,232,-41" /><INIT seed="2,2,0,5,2,18" ten="219,195,395,191" oya="2" hai0="87,128,102,81,96,50,90,4,45,31,22,93,3" hai1="126,91,69,62,14,61,85,104,63,120,97,56,75" hai2="0,71,64,134,74,23,34,20,48,25,44,115,67" hai3="12,29,123,21,68,108,55,1,27,52,105,33,113"/><V73/><F115/><W95/><G105/><T42/><D128/><U60/><E75/><V84/><F0/><W129/><G68/><T103/><D3/><U54/><E126/><V76/><F71/><W101/><G123/><T100/><REACH who="0" step="1"/><D4/><REACH who="0" ten="209,195,395,191" step="2"/><U24/><E69/><V66/><F74/><W7/><G129/><T28/><D28/><U111/><E120/><V38/><F73/><W19/><G113/><T133/><D133/><U6/><E6/><V16/><F134/><W80/><G108/><T43/><D43/><U122/><E122/><V49/><F34/><W36/><G36/><T82/><D82/><U119/><E111/><V116/><F38/><W51/><G80/><T47/><D47/><U59/><E59/><V65/><F116/><W41/><G41/><T89/><D89/><U58/><E58/><V17/><N who="2" m="16384" /><DORA hai="10" /><V15/><F44/><W121/><G121/><T118/><D118/><U57/><E57/><V8/><F8/><N who="3" m="2159" /><G51/><T86/><D86/><U35/><E119/><V131/><F131/><W26/><G26/><AGARI ba="2,1" hai="22,26,31,42,45,50,81,87,90,93,96,100,102,103" machi="26" ten="40,8000,1" yaku="1,1,8,1,52,1,53,2" doraHai="18,10" doraHaiUra="83,79" who="0" fromWho="3" sc="209,96,195,0,395,0,191,-86" /><INIT seed="3,0,0,2,0,47" ten="305,195,395,105" oya="3" hai0="126,69,105,30,14,27,37,100,112,113,120,7,103" hai1="34,24,129,117,33,60,130,119,59,132,111,77,28" hai2="49,133,31,53,64,108,125,26,52,43,0,46,13" hai3="15,109,124,42,38,84,2,93,25,65,110,80,76"/><W48/><G2/><T91/><D37/><U106/><E106/><V72/><F0/><W17/><G38/><T40/><D105/><U95/><E95/><V51/><F72/><W62/><G25/><T21/><D120/><U89/><E89/><V50/><F108/><N who="3" m="41579" /><G124/><T82/><D40/><U6/><E77/><V20/><F125/><W45/><G93/><T61/><D126/><U122/><E111/><V85/><F133/><W54/><G65/><N who="0" m="41135" /><D91/><U79/><E79/><V32/><F64/><W98/><G98/><T75/><D75/><U68/><E68/><V22/><F32/><W16/><G15/><T3/><D82/><U36/><E36/><V123/><F123/><W12/><G12/><T78/><D78/><U131/><E122/><V39/><F85/><W102/><G102/><T74/><D74/><U96/><E96/><V8/><REACH who="2" step="1"/><F22/><REACH who="2" ten="305,195,385,105" step="2"/><W57/><AGARI ba="0,1" hai="16,17,42,45,48,54,57,62,76,80,84" m="41579" machi="57" ten="30,11700,0" yaku="14,1,10,1,52,1,54,1" doraHai="47" who="3" fromWho="3" sc="305,-39,195,-39,385,-39,105,127" /><INIT seed="3,1,0,1,3,8" ten="266,156,346,232" oya="3" hai0="115,7,12,128,98,76,47,107,108,71,9,119,20" hai1="31,130,75,58,57,44,114,67,87,17,5,65,118" hai2="22,94,92,60,85,54,102,29,134,132,70,78,50" hai3="45,74,113,19,32,3,56,30,91,79,52,68,16"/><W10/><G68/><T48/><D119/><U53/><E75/><V66/><F102/><W111/><G113/><T123/><D123/><U62/><E114/><V133/><F29/><W116/><G116/><T83/><D71/><U21/><E118/><V2/><F2/><W25/><G111/><T18/><D128/><U13/><E130/><V69/><F69/><W33/><G33/><T23/><D108/><U36/><E31/><V82/><REACH who="2" step="1"/><F22/><REACH who="2" ten="266,156,336,232" step="2"/><W0/><G0/><T99/><D23/><U84/><E21/><V105/><F105/><W14/><G3/><T43/><D107/><U41/><E5/><V131/><F131/><W24/><G30/><T80/><D115/><U6/><E6/><V46/><AGARI ba="1,1" hai="46,50,54,60,66,70,78,82,85,92,94,132,133,134" machi="46" ten="30,4000,0" yaku="1,1,0,1,20,1,53,0" doraHai="8" doraHaiUra="34" who="2" fromWho="2" sc="266,-11,156,-11,336,53,232,-21" /><INIT seed="4,0,0,5,3,90" ten="255,145,389,211" oya="0" hai0="128,56,5,113,119,65,42,89,33,112,28,1,37" hai1="54,19,27,92,32,41,118,133,110,74,17,9,85" hai2="7,100,22,81,15,24,132,44,13,129,130,48,8" hai3="23,111,87,47,72,52,107,122,77,16,79,135,115"/><T25/><D119/><U36/><E74/><V78/><F100/><W3/><G115/><T131/><D42/><U34/><E110/><V55/><F15/><W62/><G72/><T75/><D37/><U20/><E118/><V104/><F104/><W123/><G3/><T105/><D105/><U50/><E133/><V12/><F12/><W58/><G107/><T127/><D75/><U6/><E17/><V51/><F132/><W84/><G111/><T10/><D89/><U53/><E36/><V11/><F11/><W82/><G47/><T70/><D56/><U35/><E41/><V0/><F0/><W102/><G102/><T80/><D80/><U106/><E106/><V39/><F39/><W71/><G71/><T93/><D93/><U88/><REACH who="1" step="1"/><E50/><REACH who="1" ten="255,135,389,211" step="2"/><V83/><F51/><W117/><G117/><T124/><D113/><U68/><E68/><V4/><F48/><W91/><G135/><T38/><D38/><U61/><E61/><V57/><F7/><W121/><G84/><T120/><D112/><U76/><E76/><V98/><F78/><W109/><G109/><T73/><D73/><U108/><E108/><V67/><F4/><W125/><G125/><N who="0" m="48203" /><D120/><U126/><E126/><V95/><F130/><W99/><G99/><T49/><D49/><U66/><E66/><V2/><F129/><W114/><G114/><T97/><D65/><U26/><E26/><AGARI ba="0,1" hai="16,23,26,52,58,62,77,79,82,87,91,121,122,123" machi="26" ten="40,5200,0" yaku="13,1,54,2" doraHai="90" who="3" fromWho="1" sc="255,0,135,-52,389,0,211,62" /><INIT seed="5,0,0,2,3,7" ten="255,83,389,273" oya="1" hai0="125,71,127,85,78,110,118,20,36,117,49,26,91" hai1="115,131,40,38,113,73,84,100,1,32,95,34,104" hai2="45,51,19,129,31,97,47,0,64,93,75,35,94" hai3="119,116,111,3,62,55,66,30,107,13,130,102,56"/><U79/><E1/><V86/><F75/><W37/><G3/><T43/><D71/><U69/><E69/><V23/><F64/><W128/><G111/><T112/><D78/><U89/><E131/><N who="3" m="50218" /><G30/><T44/><D36/><U28/><E40/><V101/><F35/><W57/><G37/><T61/><D61/><U50/><E38/><V108/><F108/><W54/><G13/><T83/><D112/><N who="1" m="43083" /><E50/><V65/><F51/><N who="3" m="30815" /><G102/><T120/><D120/><U12/><E28/><V124/><F31/><W132/><G107/><T105/><D110/><U14/><E14/><V133/><F65/><W9/><G9/><T42/><D42/><U81/><E12/><V76/><F47/><W25/><G25/><T41/><D41/><U135/><E135/><V121/><F45/><W33/><G33/><T6/><D49/><U53/><E53/><V82/><F121/><W68/><G132/><T27/><D43/><U114/><N who="1" m="43091" /><U16/><DORA hai="11" /><E16/><V18/><F18/><W98/><G98/><AGARI ba="0,0" hai="32,34,73,79,81,84,89,95,98,100,104" m="43091" machi="98" ten="40,3900,0" yaku="24,1,15,1" doraHai="7,11" who="1" fromWho="3" sc="255,0,83,39,389,0,273,-39" /><INIT seed="5,1,0,5,3,47" ten="255,122,389,234" oya="1" hai0="89,45,40,118,15,112,8,0,28,77,69,121,27" hai1="9,103,41,29,104,6,75,125,130,62,12,126,14" hai2="102,81,131,134,18,59,44,4,23,110,80,61,63" hai3="25,31,70,22,101,71,87,2,35,50,113,116,68"/><U122/><E122/><V73/><F110/><W127/><G113/><T120/><D69/><U76/><E130/><V48/><F73/><W95/><G127/><N who="1" m="48650" /><E29/><V24/><F131/><W17/><G116/><T106/><D106/><U92/><E104/><V94/><F4/><W57/><G2/><T86/><D0/><N who="1" m="199" /><E41/><N who="2" m="24591" /><F134/><W107/><G107/><T37/><D77/><U78/><E62/><N who="2" m="23563" /><F59/><W84/><G101/><T132/><D112/><U58/><E58/><V109/><F109/><W60/><G95/><T85/><D132/><U74/><E78/><V97/><AGARI ba="1,0" hai="18,23,24,80,81,94,97,102" m="23563,24591" machi="97" ten="30,2000,0" yaku="8,1,52,1" doraHai="47" who="2" fromWho="2" sc="255,-6,122,-11,389,23,234,-6" /><INIT seed="6,0,0,0,3,47" ten="249,111,412,228" oya="2" hai0="57,42,3,86,65,63,61,109,69,7,110,71,115" hai1="13,25,16,90,46,122,125,108,128,17,101,10,1" hai2="35,74,41,50,68,14,40,20,80,79,9,37,2" hai3="93,62,111,130,72,22,131,133,38,27,33,54,36"/><V48/><F41/><W52/><G33/><T45/><D86/><U98/><E108/><V134/><F68/><W6/><G72/><T81/><D81/><U97/><E125/><V73/><F73/><W119/><G111/><T104/><D104/><U21/><E128/><N who="3" m="49194" /><G119/><T82/><D82/><U51/><E122/><V26/><F35/><W30/><G133/><T64/><D115/><U129/><E129/><V121/><F14/><W56/><G6/><T66/><D7/><U92/><E1/><V116/><F116/><W28/><G28/><T84/><D84/><U5/><E5/><N who="2" m="1207" /><F121/><W107/><G107/><T89/><D89/><U39/><E39/><N who="3" m="14890" /><G93/><T60/><D3/><U105/><REACH who="1" step="1"/><E46/><REACH who="1" ten="249,101,412,228" step="2"/><N who="2" m="23823" /><F134/><W29/><G29/><AGARI ba="0,1" hai="20,26,29,48,50,74,79,80" m="23823,1207" machi="29" ten="30,5800,0" yaku="25,1,52,2" doraHai="47" who="2" fromWho="3" sc="249,0,101,0,412,68,228,-58" /><INIT seed="6,1,0,4,5,6" ten="249,101,480,170" oya="2" hai0="109,104,54,37,72,97,5,22,15,24,23,63,76" hai1="40,4,20,60,43,7,98,95,8,111,25,13,129" hai2="50,29,87,42,131,11,113,85,36,55,64,47,107" hai3="65,45,9,101,18,127,1,99,69,16,75,46,57"/><V110/><F107/><W105/><G127/><T58/><D37/><U102/><E111/><V112/><F29/><W21/><G75/><T81/><D109/><U61/><E129/><V122/><F122/><W77/><G69/><T14/><D5/><U3/><E3/><V10/><F131/><W59/><G77/><T67/><D23/><U84/><E7/><V114/><F64/><W38/><G38/><T121/><D121/><U86/><E86/><N who="2" m="32779" /><F110/><W41/><G41/><T108/><D108/><U133/><E133/><V132/><F132/><W88/><G1/><T68/><D104/><U19/><REACH who="1" step="1"/><E84/><REACH who="1" ten="249,91,480,170" step="2"/><V106/><F106/><W120/><G105/><T80/><D72/><U78/><E78/><V49/><F36/><W126/><G120/><T51/><D76/><U118/><E118/><V39/><F39/><W31/><G126/><T48/><D80/><U62/><AGARI ba="1,1" hai="4,8,13,19,20,25,40,43,60,61,62,95,98,102" machi="62" ten="30,8000,1" yaku="1,1,0,1,8,1,52,1,53,1" doraHai="6" doraHaiUra="92" who="1" fromWho="1" sc="249,-21,91,93,480,-41,170,-21" /><INIT seed="7,0,0,5,1,69" ten="228,184,439,149" oya="3" hai0="27,19,33,40,87,54,76,112,44,128,13,99,104" hai1="74,64,17,67,84,98,133,110,127,68,82,101,125" hai2="8,62,2,59,75,119,122,114,14,63,102,90,120" hai3="20,103,3,46,109,52,38,49,91,124,73,71,117"/><W37/><G117/><T130/><D54/><U45/><E74/><V24/><F2/><W22/><G73/><T18/><D27/><U25/><E133/><V10/><F114/><W57/><G3/><T81/><D33/><U55/><E110/><V86/><F75/><W31/><G109/><T41/><D112/><U43/><E55/><V132/><F102/><W23/><G71/><T42/><D104/><U106/><E17/><N who="0" m="6153" /><D99/><U113/><E25/><V48/><F24/><W85/><G124/><N who="1" m="47690" /><E68/><V7/><F132/><W72/><G72/><T15/><D44/><U11/><E11/><V96/><F96/><W4/><G4/><T126/><D126/><U100/><E100/><V53/><F10/><W66/><G103/><T111/><D111/><U93/><E106/><V108/><F108/><W21/><N who="3" m="5120" /><DORA hai="135" /><W51/><G31/><T58/><D58/><U47/><E113/><V26/><F119/><W107/><G107/><T83/><D128/><U60/><E60/><V65/><F26/><W78/><G78/><N who="0" m="46519" /><D130/><U36/><E47/><V50/><F63/><W88/><G66/><T95/><D15/><U28/><E28/><V129/><F65/><W0/><G0/><T80/><D13/><U30/><E30/><V12/><F12/><W32/><G32/><T9/><D9/><U105/><E105/><V131/><F131/><W34/><G34/><T118/><D118/><U94/><E94/><N who="2" m="54615" /><F129/><W39/><REACH who="3" step="1"/><G85/><REACH who="3" ten="228,184,439,139" step="2"/><T134/><D76/><AGARI ba="0,1" hai="36,43,45,64,67,76,82,84,93,98,101" m="47690" machi="76" ten="30,8000,1" yaku="18,1,52,4" doraHai="69,135" who="1" fromWho="0" sc="228,-80,184,90,439,0,139,0" owari="148,-25.0,274,7.0,439,54.0,139,-36.0" /></mjloggm>