<mjloggm ver="2.3"><GO type="169" lobby="0"/><UN n0="%E3%82%A6%E3%83%AB%E3%83%88%E3%83%A9%E7%AB%8B%E7%9B%B4" n1="%E2%98%86%E2%98%85%E5%A4%A9%E6%B1%9F%E8%A1%A3%E2%98%85%E2%98%86" n2="%65%69%6B%31" n3="%E5%AE%AE%E6%B0%B8%E7%85%A7%28%E4%BB%A3%E7%90%86%29" dan="18,17,18,16" rate="2285.94,2221.21,2234.84,2157.95" sx="M,M,M,M"/><TAIKYOKU oya="0"/><INIT seed="0,0,0,1,0,68" ten="250,250,250,250" oya="0" hai0="29,131,22,113,0,77,60,63,88,6,23,83,35" hai1="125,42,121,38,82,15,59,91,57,104,101,12,17" hai2="39,115,14,80,28,13,24,76,132,33,43,92,97" hai3="19,100,107,10,116,90,112,46,109,27,94,98,105"/><T73/><D113/><U96/><E121/><V53/><F115/><W85/><G112/><T123/><D123/><U71/><E71/><V103/><F132/><W129/><G116/><T69/><D131/><U32/><E32/><V110/><F110/><W89/><G129/><T87/><D35/><U134/><E134/><V8/><F53/><W62/><G109/><T74/><D74/><U70/><E70/><V79/><F80/><W52/><G89/><T20/><D29/><U37/><E15/><V122/><F14/><W75/><G75/><T108/><D69/><U119/><E119/><V133/><F122/><W7/><G27/><T126/><D126/><U102/><E102/><V1/><F1/><W16/><G107/><T4/><D108/><U114/><E114/><V93/><F93/><W49/><REACH who="3" step="1"/><G62/><REACH who="3" ten="250,250,250,240" step="2"/><T50/><D63/><U18/><E91/><V128/><F128/><W124/><G124/><T40/><D60/><U9/><E104/><V72/><F72/><W44/><G44/><T66/><D73/><U34/><E125/><V135/><F135/><W3/><AGARI ba="0,1" hai="3,7,10,16,19,46,49,52,85,90,94,98,100,105" machi="3" ten="20,8000,1" yaku="1,1,0,1,7,1,54,2,53,0" doraHai="68" doraHaiUra="106" who="3" fromWho="3" sc="250,-40,250,-20,250,-20,240,90" /><INIT seed="1,0,0,4,2,0" ten="210,230,230,330" oya="1" hai0="107,27,118,99,68,130,97,33,129,83,54,112,57" hai1="106,21,71,35,113,121,89,12,36,103,15,79,90" hai2="122,95,42,62,93,87,48,109,80,2,18,31,126" hai3="86,24,3,85,22,84,16,131,76,13,75,125,1"/><U108/><E113/><V25/><F122/><W115/><G115/><T45/><D68/><U65/><E121/><V34/><F2/><W26/><G131/><T58/><D118/><U7/><E35/><V64/><F109/><W52/><G125/><T5/><D112/><U102/><E36/><V30/><F126/><W69/><G69/><T50/><D83/><U60/><E108/><V116/><F116/><W61/><G26/><T117/><D117/><U19/><E79/><V88/><F31/><W51/><G61/><T29/><D5/><U135/><E135/><V38/><F38/><W94/><G94/><T77/><D77/><U70/><E70/><V73/><F73/><W124/><G124/><T119/><D119/><U66/><E66/><V134/><F134/><W63/><G63/><T127/><D127/><U53/><E53/><V20/><F48/><W67/><G67/><T47/><D47/><U81/><E106/><V41/><F95/><W39/><G39/><T59/><REACH who="0" step="1"/><D107/><REACH who="0" ten="200,230,230,330" step="2"/><U6/><E81/><V104/><F80/><W78/><G78/><T37/><D37/><U128/><E128/><AGARI ba="0,1" hai="27,29,33,45,50,54,57,58,59,97,99,128,129,130" machi="128" ten="40,8000,1" yaku="1,1,19,1,53,3" doraHai="0" doraHaiUra="55" who="0" fromWho="1" sc="200,90,230,-80,230,0,330,0" /><INIT seed="2,0,0,2,4,129" ten="290,150,230,330" oya="2" hai0="119,40,97,90,47,92,75,98,88,26,52,44,109" hai1="95,64,10,77,4,123,121,54,15,57,83,79,27" hai2="23,62,113,105,13,58,8,111,73,133,68,93,132" hai3="46,28,86,45,125,61,70,128,48,87,127,17,103"/><V6/><F105/><W21/><G28/><T116/><D75/><U100/><E64/><V7/><F113/><W56/><G70/><T11/><D109/><U42/><E42/><V104/><F104/><W14/><G103/><T135/><D26/><U25/><E100/><V5/><F73/><W37/><G37/><T108/><D108/><U71/><E71/><V66/><F111/><W134/><G134/><N who="2" m="51817" /><F23/><W102/><G102/><T18/><D135/><U38/><E121/><V43/><F43/><N who="3" m="24639" /><G46/><T19/><D47/><U3/><E38/><V63/><F93/><W50/><G50/><T91/><D92/><U55/><E95/><V94/><F94/><W31/><G31/><T80/><D40/><U122/><E122/><V29/><F29/><W53/><G128/><T84/><D119/><U96/><E96/><V82/><F82/><W22/><G21/><T85/><D98/><U1/><E83/><V114/><F114/><W2/><G2/><T35/><D97/><U130/><E130/><V110/><F110/><W33/><G33/><T51/><D35/><U101/><E101/><V89/><F89/><W67/><G67/><AGARI ba="0,0" hai="5,6,7,8,13,58,62,63,66,67,68" m="51817" machi="67" ten="30,11600,0" yaku="20,1,52,3" doraHai="129" who="2" fromWho="3" sc="290,0,150,0,230,116,330,-116" /><INIT seed="2,1,0,0,3,48" ten="290,150,346,214" oya="2" hai0="4,24,46,31,0,65,87,116,17,68,104,30,99" hai1="47,14,36,63,71,88,79,32,101,13,107,25,131" hai2="95,132,92,125,11,40,37,114,64,119,9,117,72" hai3="82,69,84,20,106,49,60,110,39,96,100,108,73"/><V16/><F114/><W42/><G39/><T115/><D115/><U94/><E131/><V21/><F72/><W35/><G35/><T62/><D116/><U19/><E79/><V70/><F132/><W27/><G73/><T22/><D87/><U105/><E36/><V89/><F125/><W97/><G97/><T122/><D122/><U90/><E47/><V26/><F119/><W7/><G7/><T77/><D77/><U75/><E75/><V45/><F117/><W51/><G60/><T18/><D46/><U23/><E90/><V67/><F95/><W126/><G69/><T112/><D112/><U86/><E101/><V91/><F91/><N who="3" m="51607" /><G42/><T128/><D128/><U33/><E33/><V129/><F129/><W28/><G126/><T103/><D4/><U38/><E38/><V58/><F70/><W83/><G83/><T78/><D0/><U43/><E43/><V113/><F113/><W61/><G61/><T1/><D1/><U52/><E71/><V76/><F76/><W53/><G53/><T111/><D78/><U3/><E3/><V10/><REACH who="2" step="1"/><F58/><REACH who="2" ten="290,150,336,214" step="2"/><W6/><G106/><T59/><D59/><N who="1" m="35303" /><E107/><V57/><F57/><W56/><G56/><T109/><D104/><U54/><E105/><V135/><F135/><W93/><G93/><T15/><D68/><U102/><E102/><V66/><F66/><W127/><G100/><T55/><D65/><U2/><E94/><V41/><F41/><W8/><G127/><T130/><D103/><U74/><E74/><V121/><F121/><W98/><G96/><AGARI ba="1,1" hai="9,10,11,16,21,26,37,40,45,64,67,89,92,96" machi="96" ten="40,3900,0" yaku="1,1,54,1,53,0" doraHai="48" doraHaiUra="80" who="2" fromWho="3" sc="290,0,150,0,336,52,214,-42" /><INIT seed="2,2,0,1,4,64" ten="290,150,388,172" oya="2" hai0="50,123,92,67,114,118,18,37,73,70,2,79,97" hai1="22,46,0,63,55,131,69,135,53,115,133,52,65" hai2="99,51,110,56,83,89,107,75,125,45,23,94,122" hai3="15,47,109,36,27,78,91,90,103,10,29,106,105"/><V121/><F125/><W9/><G109/><T5/><D123/><U104/><E0/><V130/><F110/><W66/><G78/><T59/><D114/><U126/><E104/><V40/><F130/><W58/><G36/><T116/><D18/><U31/><E115/><V17/><F107/><W41/><G106/><T85/><D37/><U32/><E32/><V26/><REACH who="2" step="1"/><F56/><REACH who="2" ten="290,150,378,172" step="2"/><W80/><G58/><T108/><D59/><U14/><E131/><V124/><F124/><W39/><G105/><T30/><D108/><U44/><E126/><V60/><F60/><W100/><G47/><T61/><D61/><U112/><E112/><V68/><F68/><W117/><G117/><T81/><D70/><U6/><E46/><V25/><F25/><W74/><G27/><T7/><D118/><U4/><E44/><V12/><F12/><W42/><G15/><T119/><D119/><U102/><E14/><V20/><F20/><W24/><G24/><T132/><D116/><U21/><E22/><V57/><F57/><W98/><G41/><T19/><D2/><U62/><E62/><V71/><F71/><W113/><G42/><T16/><D67/><U87/><E21/><V128/><F128/><W1/><G66/><T11/><D50/><U82/><E63/><V13/><F13/><W95/><G1/><T86/><D11/><U84/><E65/><V38/><F38/><W35/><G39/><T28/><D5/><U120/><E4/><V3/><F3/><W101/><G113/><T48/><D7/><U129/><E6/><V72/><F72/><W49/><G74/><RYUUKYOKU ba="2,1" sc="290,-10,150,-10,378,30,172,-10" hai2="17,23,26,40,45,51,75,83,89,94,99,121,122" /><INIT seed="2,3,1,0,3,52" ten="280,140,408,162" oya="2" hai0="111,61,73,120,90,118,112,17,98,29,116,25,44" hai1="110,101,74,1,68,51,94,113,2,22,19,56,123" hai2="21,6,67,43,117,50,11,4,82,79,131,105,13" hai3="26,37,97,8,84,3,75,133,122,132,31,83,99"/><V126/><F117/><W66/><G75/><T107/><D73/><U100/><E68/><V86/><F105/><W109/><G37/><T80/><D120/><U127/><E123/><V69/><F131/><W40/><G40/><T102/><D112/><U77/><E113/><V28/><F126/><W33/><G66/><T57/><D17/><U72/><E127/><V63/><F4/><N who="3" m="1055" /><G109/><T125/><D111/><U65/><E110/><V59/><F28/><W39/><G39/><T121/><D121/><U7/><E74/><V41/><REACH who="2" step="1"/><F21/><REACH who="2" ten="280,140,398,162" step="2"/><W114/><G114/><T89/><D125/><U58/><E7/><V128/><F128/><W129/><G129/><T76/><D118/><U0/><E22/><V55/><AGARI ba="3,2" hai="6,11,13,41,43,50,55,59,63,67,69,79,82,86" machi="55" ten="30,6000,0" yaku="1,1,0,1,52,1,53,0" doraHai="52" doraHaiUra="135" who="2" fromWho="2" sc="280,-23,140,-23,398,89,162,-23" /><INIT seed="2,4,0,5,4,128" ten="257,117,487,139" oya="2" hai0="61,111,53,104,129,54,114,72,100,21,5,34,42" hai1="133,71,0,11,25,31,97,121,41,85,81,33,113" hai2="98,115,48,105,83,36,32,79,92,39,6,91,65" hai3="108,126,46,49,13,102,55,47,44,37,90,101,99"/><V17/><F115/><W95/><G108/><T127/><D34/><U28/><E113/><V51/><F32/><W24/><G126/><T23/><D72/><U19/><E71/><V27/><F6/><W57/><G37/><T106/><D42/><U84/><E121/><V26/><F105/><W93/><G24/><T89/><D61/><U67/><E67/><V22/><F65/><W9/><REACH who="3" step="1"/><G95/><REACH who="3" ten="257,117,487,129" step="2"/><T29/><D127/><U15/><E25/><V30/><F39/><W87/><G87/><T122/><D111/><U59/><E84/><N who="2" m="48255" /><F36/><W18/><AGARI ba="4,1" hai="9,13,18,44,46,47,49,55,57,90,93,99,101,102" machi="18" ten="30,4000,0" yaku="1,1,0,1,8,1,53,0" doraHai="128" doraHaiUra="134" who="3" fromWho="3" sc="257,-14,117,-14,487,-24,129,62" /><INIT seed="3,0,0,4,3,20" ten="243,103,463,191" oya="3" hai0="57,87,122,10,35,6,41,78,5,46,115,90,39" hai1="32,117,14,73,50,76,132,110,72,23,65,119,11" hai2="89,95,93,17,36,123,29,77,45,54,30,40,129" hai3="37,13,31,98,33,8,56,99,66,107,26,125,102"/><W22/><G125/><T4/><D122/><U47/><E32/><V91/><F123/><W80/><G37/><T114/><D78/><U92/><E110/><V52/><F77/><W9/><G80/><N who="0" m="49511" /><D57/><U15/><E132/><V67/><F129/><W60/><REACH who="3" step="1"/><G99/><REACH who="3" ten="243,103,463,181" step="2"/><T59/><D39/><U135/><E135/><V100/><F36/><W16/><AGARI ba="0,1" hai="8,9,13,16,22,26,31,33,56,60,66,98,102,107" machi="16" ten="30,18000,2" yaku="1,1,2,1,0,1,52,1,54,1,53,1" doraHai="20" doraHaiUra="94" who="3" fromWho="3" sc="243,-60,103,-60,463,-60,181,190" /><INIT seed="3,1,0,5,3,95" ten="183,43,403,371" oya="3" hai0="50,84,134,68,119,18,54,40,15,135,59,31,47" hai1="111,10,121,7,27,112,87,33,71,110,9,37,58" hai2="76,92,78,38,69,106,91,60,98,93,94,89,88" hai3="2,131,11,116,117,13,1,73,45,3,61,132,32"/><W66/><G73/><T55/><D68/><U16/><E71/><V79/><F38/><W62/><G32/><T83/><D31/><N who="1" m="19711" /><E37/><V57/><F69/><W109/><G131/><T74/><D74/><U77/><E58/><V122/><F122/><W85/><G132/><T130/><D130/><U51/><E51/><V49/><F49/><W48/><G85/><T17/><D119/><U28/><E77/><V100/><F57/><W56/><G62/><AGARI ba="1,0" hai="60,62,76,78,79,88,89,91,92,93,94,98,100,106" machi="62" ten="50,8000,1" yaku="29,2,52,1,54,1" doraHai="95" who="2" fromWho="3" sc="183,0,43,0,403,83,371,-83" /><INIT seed="4,0,0,5,1,60" ten="183,43,486,288" oya="0" hai0="74,83,111,78,91,70,17,16,115,73,13,51,88" hai1="113,33,117,29,101,127,85,86,57,106,100,6,134" hai2="2,81,120,12,93,116,42,34,129,75,22,27,121" hai3="96,98,130,132,46,128,59,30,32,92,114,64,52"/><T35/><D35/><U10/><E117/><V53/><F2/><W108/><G108/><T50/><D111/><U63/><E134/><V44/><F116/><W55/><G132/><T58/><D70/><U67/><E127/><V105/><F105/><W8/><G114/><T54/><D115/><U135/><E135/><V80/><F34/><W87/><G87/><T4/><D74/><U37/><E37/><V41/><F129/><N who="3" m="49771" /><G8/><T95/><D4/><U66/><E113/><V82/><F75/><W112/><G112/><T133/><D133/><U15/><E67/><V89/><F12/><W119/><G119/><T71/><D71/><U122/><E122/><V56/><F44/><W43/><G64/><T9/><D17/><U90/><E106/><V61/><F121/><W69/><G69/><T1/><D1/><U68/><E68/><V36/><F36/><N who="3" m="21863" /><G92/><T124/><D124/><U25/><REACH who="1" step="1"/><E86/><REACH who="1" ten="183,33,486,288" step="2"/><N who="2" m="52407" /><F120/><W21/><G32/><T62/><D91/><U103/><E103/><V107/><F107/><W84/><G84/><AGARI ba="0,1" hai="9,13,16,50,51,54,58,62,73,78,83,84,88,95" machi="84" ten="30,5800,0" yaku="7,1,54,2" doraHai="60" who="0" fromWho="3" sc="183,68,33,0,486,0,288,-58" /><INIT seed="4,1,0,3,2,134" ten="251,33,486,230" oya="0" hai0="59,26,78,106,63,114,90,12,0,25,61,116,62" hai1="103,60,65,113,37,23,77,36,93,45,29,15,107" hai2="41,42,132,67,30,91,73,50,80,115,129,43,84" hai3="10,51,94,98,20,74,83,7,53,57,18,135,122"/><T75/><D0/><U110/><E110/><V133/><F115/><W88/><G135/><N who="2" m="51785" /><F129/><W95/><G122/><T92/><D106/><U112/><E107/><V117/><F117/><W47/><G74/><T109/><D116/><U33/><E33/><V66/><F30/><W1/><G83/><T120/><D120/><U54/><E77/><N who="2" m="44079" /><F50/><W128/><G128/><T44/><D114/><N who="1" m="44139" /><E54/><V8/><F8/><W22/><G18/><T127/><D78/><U108/><E45/><V101/><F101/><W13/><G1/><T6/><D44/><U69/><E108/><V17/><F17/><W35/><G35/><T4/><D109/><U34/><E34/><V19/><F19/><W86/><REACH who="3" step="1"/><G47/><REACH who="3" ten="251,33,486,220" step="2"/><T70/><D75/><U14/><E14/><V52/><F42/><W2/><G2/><T121/><D12/><U16/><E29/><V56/><F41/><W82/><G82/><T104/><D121/><U32/><E32/><V126/><F43/><W85/><G85/><T46/><D46/><U49/><E49/><V9/><F84/><W102/><AGARI ba="1,1" hai="7,10,13,20,22,51,53,57,86,88,94,95,98,102" machi="102" ten="20,8000,1" yaku="1,1,0,1,7,1,8,1,54,1,53,0" doraHai="134" doraHaiUra="24" who="3" fromWho="3" sc="251,-41,33,-21,486,-21,220,93" /><INIT seed="5,0,0,3,0,88" ten="210,12,465,313" oya="1" hai0="123,110,86,87,53,74,58,127,121,76,135,40,104" hai1="2,54,27,61,100,91,118,107,43,49,17,28,130" hai2="44,66,114,50,82,30,15,63,62,55,64,22,13" hai3="42,51,11,8,31,77,52,37,6,72,108,14,18"/><U20/><E118/><V45/><F114/><W73/><G108/><T109/><D104/><U39/><E2/><V3/><F3/><W0/><G31/><T102/><D40/><U19/><E130/><V4/><F82/><W21/><G77/><T124/><D102/><U57/><E39/><V23/><F4/><W89/><G42/><T81/><D135/><U125/><E125/><N who="0" m="48201" /><D58/><U92/><E100/><V9/><F9/><W126/><G37/><T26/><D53/><U69/><E107/><V80/><F80/><W93/><G8/><T90/><D26/><U129/><E129/><V95/><F55/><W75/><G126/><T94/><D74/><U12/><E12/><V97/><F50/><W119/><G119/><T24/><D24/><U99/><REACH who="1" step="1"/><E69/><REACH who="1" ten="210,2,465,313" step="2"/><V98/><F13/><W59/><G73/><T29/><D110/><U122/><E122/><V25/><F15/><W65/><G75/><T83/><D109/><U16/><E16/><V36/><F36/><W33/><G72/><N who="0" m="43143" /><D29/><U85/><E85/><V113/><F30/><W32/><G14/><T56/><D123/><U5/><E5/><V111/><F111/><W128/><G6/><T101/><D121/><U131/><E131/><V35/><F98/><W132/><G0/><T116/><D116/><U105/><E105/><V112/><F97/><W46/><G128/><T117/><D117/><U1/><E1/><V34/><F113/><W68/><G68/><T133/><D101/><U47/><AGARI ba="0,1" hai="17,19,20,27,28,43,47,49,54,57,61,91,92,99" machi="47" ten="30,11700,0" yaku="1,1,0,1,8,1,52,1,53,0" doraHai="88" doraHaiUra="103" who="1" fromWho="1" sc="210,-39,2,127,465,-39,313,-39" /><INIT seed="5,1,0,5,3,20" ten="171,129,426,274" oya="1" hai0="111,113,108,68,32,48,60,97,102,80,17,64,73" hai1="10,42,22,128,117,21,24,106,77,58,125,53,123" hai2="130,62,74,85,104,18,95,94,83,52,43,75,132" hai3="46,1,86,5,41,134,101,70,30,82,0,110,127"/><U50/><E123/><V57/><F104/><W61/><G110/><T89/><D113/><U112/><E117/><V107/><F107/><W35/><G134/><T36/><D36/><U133/><E112/><V14/><F132/><W49/><G127/><T44/><D32/><U47/><E133/><V99/><F130/><W15/><G101/><T27/><D17/><U8/><E128/><V118/><F43/><W114/><G70/><T98/><D27/><U119/><E119/><V92/><F118/><W19/><G61/><T3/><D3/><U29/><E125/><V11/><REACH who="2" step="1"/><F99/><REACH who="2" ten="171,129,416,274" step="2"/><W93/><G41/><T71/><D98/><U84/><E106/><V16/><F16/><W59/><G19/><T135/><D97/><U13/><E22/><V69/><F69/><W129/><G129/><T12/><D71/><U6/><E10/><V45/><F45/><W54/><G46/><T116/><D44/><U100/><E100/><V4/><F4/><W67/><G5/><T26/><D68/><U25/><E21/><V31/><F31/><W56/><G30/><T131/><D102/><U63/><REACH who="1" step="1"/><E29/><REACH who="1" ten="171,119,416,274" step="2"/><V33/><F33/><W55/><G35/><T90/><D116/><U2/><E2/><V109/><F109/><W76/><G0/><T40/><D111/><U38/><E38/><V23/><F23/><W96/><G1/><T28/><D108/><U66/><E66/><V7/><F7/><W91/><G67/><T51/><D64/><U72/><E72/><V103/><F103/><W9/><G114/><T79/><D135/><U81/><AGARI ba="1,2" hai="6,8,13,24,25,42,47,50,53,58,63,77,81,84" machi="81" ten="30,18000,2" yaku="1,1,0,1,25,2,8,1,52,2,53,0" doraHai="20" doraHaiUra="65" who="1" fromWho="1" sc="171,-61,119,203,416,-61,274,-61" /><INIT seed="5,2,0,0,4,70" ten="110,322,355,213" oya="1" hai0="5,77,119,27,19,46,24,109,15,86,51,55,107" hai1="36,97,28,44,16,26,34,105,64,61,6,93,11" hai2="35,126,25,71,116,47,134,82,13,8,65,57,79" hai3="23,132,10,121,40,56,22,17,83,38,62,4,118"/><U76/><E76/><V53/><F116/><W135/><G121/><T124/><D107/><U21/><E105/><V113/><F134/><N who="3" m="51243" /><G118/><T96/><D119/><U115/><E115/><V111/><F111/><W7/><G83/><T101/><D109/><U122/><E122/><V131/><F71/><W2/><G4/><T41/><D124/><U37/><E44/><V14/><F65/><N who="3" m="39111" /><G17/><T9/><D19/><U104/><E104/><V43/><F82/><W29/><G29/><T106/><REACH who="0" step="1"/><D55/><REACH who="0" ten="100,322,355,213" step="2"/><U30/><E28/><V94/><F53/><W78/><G78/><T49/><D49/><U89/><E30/><V98/><F126/><W52/><G52/><T80/><AGARI ba="2,1" hai="5,9,15,24,27,41,46,51,77,80,86,96,101,106" machi="80" ten="30,7900,0" yaku="1,1,0,1,25,2,53,0" doraHai="70" doraHaiUra="128" who="0" fromWho="0" sc="100,95,322,-41,355,-22,213,-22" /><INIT seed="6,0,0,0,2,122" ten="195,281,333,191" oya="2" hai0="23,126,3,22,0,30,43,15,14,108,24,41,56" hai1="5,18,70,20,28,39,31,97,38,87,121,51,103" hai2="95,98,9,83,78,13,66,35,73,10,96,71,106" hai3="6,135,33,64,105,110,101,132,115,58,67,111,102"/><V63/><F35/><W7/><G33/><T77/><D77/><U62/><E121/><V79/><F79/><W65/><G58/><T48/><D126/><U116/><E116/><V119/><F119/><W19/><G19/><T100/><D100/><N who="3" m="38505" /><G115/><T57/><D24/><U42/><E5/><N who="3" m="1546" /><G105/><T69/><D48/><U21/><E51/><V84/><F106/><W90/><G90/><T25/><D25/><U29/><E39/><V113/><F113/><W59/><G59/><T34/><D34/><U94/><E103/><V74/><F74/><W118/><G118/><T53/><D53/><U92/><E38/><V120/><F120/><W45/><G45/><T80/><D80/><U133/><E29/><V37/><F37/><W104/><G104/><T72/><D72/><U124/><E28/><V17/><F10/><W89/><G89/><T54/><D54/><U131/><E31/><V1/><F1/><W123/><G123/><T93/><D30/><U109/><E62/><V32/><F32/><W127/><G127/><T75/><D75/><U4/><E124/><V99/><F73/><W129/><G129/><T2/><D2/><U68/><E131/><V27/><F27/><W8/><G8/><T134/><D69/><U117/><E68/><V52/><F52/><W55/><G55/><T11/><D11/><U112/><E70/><V60/><F60/><W26/><G26/><T86/><D0/><U128/><E128/><V85/><F63/><W91/><G91/><T82/><D3/><U130/><E130/><V36/><F71/><W49/><G49/><T88/><D88/><RYUUKYOKU ba="0,0" sc="195,-10,281,-10,333,-10,191,30" hai3="64,65,67,110,111,132,135" /><INIT seed="7,1,0,4,0,48" ten="185,271,323,221" oya="3" hai0="22,26,82,61,14,3,110,45,12,113,35,106,83" hai1="27,127,126,81,24,68,78,65,84,62,72,67,80" hai2="55,30,98,73,123,128,21,25,0,32,63,16,85" hai3="4,44,96,79,71,94,64,118,109,60,56,69,121"/><W92/><G118/><T33/><D106/><U107/><E107/><V97/><F73/><W19/><G121/><T93/><D3/><U103/><E103/><V1/><F128/><W52/><G4/><T18/><D110/><U125/><REACH who="1" step="1"/><E67/><REACH who="1" ten="185,261,323,221" step="2"/><V91/><F123/><W37/><G109/><T43/><D113/><U59/><E59/><V135/><F135/><W23/><G56/><T124/><D124/><U31/><E31/><V134/><F134/><W49/><G64/><T99/><D61/><U132/><E132/><V114/><F114/><W129/><G60/><T13/><D35/><U36/><E36/><V15/><F63/><W17/><G37/><T58/><D33/><U100/><E100/><V34/><F34/><W8/><G129/><T70/><D58/><U133/><E133/><V46/><F30/><W10/><G69/><T76/><D70/><U87/><E87/><V28/><F85/><W29/><G29/><T2/><D2/><U130/><E130/><V40/><F28/><W75/><G71/><T47/><D76/><AGARI ba="1,1" hai="24,27,62,65,68,72,76,78,80,81,84,125,126,127" machi="76" ten="40,2600,0" yaku="1,1,18,1,53,0" doraHai="48" doraHaiUra="11" who="1" fromWho="0" sc="185,-29,261,39,323,0,221,0" owari="156,-34.0,300,10.0,323,42.0,221,-18.0" /></mjloggm>