<mjloggm ver="2.3"><GO type="169" lobby="0"/><UN n0="%E3%81%9F%E3%82%93%E3%82%84%E3%81%8A%E5%8E%A8" n1="%E3%81%8F%E3%82%89%E3%81%BE%E3%82%82%E3%82%93" n2="%E3%82%AC%E3%83%A9%E3%82%AF%E3%82%BF%E5%B8%9D%E7%8E%8B" n3="%E3%82%A6%E3%83%AB%E3%83%88%E3%83%A9%E7%AB%8B%E7%9B%B4" dan="16,17,17,17" rate="2172.36,2214.71,2173.59,2149.37" sx="M,M,M,M"/><TAIKYOKU oya="0"/><INIT seed="0,0,0,2,3,24" ten="250,250,250,250" oya="0" hai0="128,100,6,75,85,73,99,82,111,52,93,88,126" hai1="122,36,68,129,135,51,112,34,120,81,18,12,96" hai2="42,105,131,64,53,66,46,3,61,84,4,83,17" hai3="77,15,102,63,91,27,31,108,55,44,119,10,49"/><T32/><D6/><U76/><E36/><V116/><F105/><W57/><G119/><T113/><D32/><U7/><E68/><V48/><F131/><W22/><G108/><T50/><D113/><U94/><E7/><V35/><F116/><W45/><G77/><T118/><D118/><U9/><E135/><V58/><F35/><W37/><G102/><T133/><D133/><U38/><E38/><V8/><F17/><W33/><G33/><T74/><D128/><U25/><E129/><V124/><F124/><W114/><G114/><T107/><D126/><U71/><E71/><V19/><F19/><W0/><G0/><T103/><D111/><U115/><E51/><V134/><F134/><W5/><G37/><T67/><D67/><U92/><E92/><V97/><F97/><W121/><G121/><T87/><D52/><U104/><E104/><V11/><F11/><W29/><G91/><AGARI ba="0,0" hai="3,4,8,42,46,48,53,58,61,64,66,83,84,91" machi="91" ten="30,1000,0" yaku="7,1" doraHai="24" who="2" fromWho="3" sc="250,0,250,0,250,10,250,-10" /><INIT seed="1,0,0,5,4,106" ten="250,250,260,240" oya="1" hai0="39,113,21,41,92,76,36,117,132,74,100,30,14" hai1="112,8,70,50,47,15,128,120,51,79,122,103,42" hai2="109,124,111,25,1,64,129,23,16,12,58,131,20" hai3="9,46,78,49,107,28,119,85,134,93,83,57,56"/><U95/><E112/><V26/><F124/><W108/><G107/><T86/><D86/><U7/><E70/><V4/><F64/><W89/><G108/><N who="2" m="41545" /><F58/><W62/><G134/><T102/><D113/><U133/><E133/><V35/><F35/><W96/><G119/><T61/><D132/><U127/><E128/><N who="2" m="49227" /><F23/><W65/><G28/><T121/><D121/><U2/><E127/><V45/><F45/><W68/><REACH who="3" step="1"/><G9/><AGARI ba="0,0" hai="1,4,9,12,16,20,25,26" m="49227,41545" machi="9" ten="30,8000,1" yaku="14,1,19,1,34,2,54,1" doraHai="106" who="2" fromWho="3" sc="250,0,250,0,260,80,240,-80" /><INIT seed="2,0,0,4,5,13" ten="250,250,340,160" oya="2" hai0="67,124,63,9,17,23,77,120,59,73,56,34,32" hai1="3,12,116,80,119,45,76,83,126,53,117,37,132" hai2="84,98,88,102,19,18,129,40,107,106,29,134,89" hai3="108,114,115,101,131,79,127,58,51,1,11,133,90"/><V112/><F112/><N who="3" m="43051" /><G101/><T15/><D120/><U75/><E3/><V39/><F134/><W85/><G79/><T44/><D124/><U64/><E132/><V25/><F129/><W103/><G133/><T8/><D73/><U50/><E126/><V61/><F106/><W66/><G103/><T2/><D77/><U96/><E80/><V100/><F100/><W121/><G121/><T81/><D81/><U71/><E37/><V0/><F0/><W82/><G127/><T93/><D93/><U78/><E78/><V47/><F61/><N who="3" m="38199" /><G108/><T7/><D44/><U42/><E96/><V28/><F28/><W35/><G35/><T4/><REACH who="0" step="1"/><D59/><REACH who="0" ten="240,250,340,160" step="2"/><U41/><E116/><V48/><F39/><W109/><G109/><T55/><D55/><U72/><E75/><V110/><F110/><W5/><G51/><T57/><D57/><U30/><E117/><V43/><F43/><W14/><G131/><T70/><D70/><U31/><E119/><V104/><F104/><W65/><G65/><T36/><D36/><U97/><E42/><V22/><REACH who="2" step="1"/><F89/><REACH who="2" ten="240,250,330,160" step="2"/><W118/><G118/><T16/><D16/><U111/><E41/><V33/><F33/><W113/><N who="3" m="43059" /><W86/><DORA hai="26" /><G90/><T94/><D94/><AGARI ba="0,2" hai="18,19,22,25,29,40,47,48,84,88,94,98,102,107" machi="94" ten="30,18000,2" yaku="1,1,7,1,52,3,54,1,53,1" doraHai="13,26" doraHaiUra="62,87" who="2" fromWho="0" sc="240,-180,250,0,330,200,160,0" /><INIT seed="2,1,0,2,5,19" ten="60,250,530,160" oya="2" hai0="12,9,132,27,37,67,92,80,7,39,99,101,62" hai1="128,33,53,1,127,135,36,125,133,97,0,105,18" hai2="119,82,50,116,61,110,21,52,31,51,43,134,15" hai3="25,73,10,123,6,65,96,63,17,3,87,23,88"/><V104/><F104/><W72/><G96/><T16/><D132/><N who="1" m="50763" /><E36/><V91/><F134/><W102/><G102/><T106/><D80/><U14/><E33/><V45/><F61/><W55/><G55/><T71/><D92/><U13/><E53/><V20/><F110/><W90/><G123/><T68/><D68/><U115/><E115/><V121/><F121/><W85/><G87/><T84/><D84/><U24/><E105/><V129/><F129/><W111/><G90/><T103/><D103/><U60/><E60/><V26/><F82/><W40/><G40/><T41/><REACH who="0" step="1"/><D41/><REACH who="0" ten="50,250,530,160" step="2"/><U122/><E122/><V34/><F43/><W22/><G85/><T5/><D5/><U89/><E97/><V57/><F91/><W124/><G88/><T42/><D42/><U100/><E89/><V66/><F116/><W130/><G6/><T4/><D4/><U126/><E100/><V48/><F119/><W86/><G86/><T78/><D78/><U30/><E127/><V32/><F45/><W54/><G124/><T29/><D29/><U114/><E126/><V59/><F31/><W74/><G73/><T112/><D112/><U113/><E125/><V8/><F59/><W94/><G74/><T120/><D120/><U69/><E69/><V98/><F57/><W70/><G72/><T83/><D83/><U56/><E56/><V79/><F79/><W38/><G94/><T131/><D131/><U76/><E128/><V95/><F95/><W2/><G130/><T118/><D118/><U64/><E113/><V81/><F81/><W77/><G77/><T58/><D58/><RYUUKYOKU ba="1,1" sc="50,30,250,-10,530,-10,160,-10" hai0="7,9,12,16,27,37,39,62,67,71,99,101,106" /><INIT seed="3,2,1,0,5,2" ten="80,240,520,150" oya="3" hai0="62,66,5,92,21,113,57,49,22,61,121,42,114" hai1="126,117,103,69,115,96,75,53,11,91,37,35,23" hai2="18,27,36,94,132,77,109,93,4,43,41,25,58" hai3="112,3,14,45,12,7,124,101,9,60,127,1,116"/><W134/><G101/><T110/><D121/><U24/><E75/><V31/><F109/><W28/><G45/><T38/><D110/><U87/><E115/><N who="0" m="44041" /><D38/><U125/><E35/><V51/><F132/><W86/><G112/><T26/><D92/><U0/><E69/><V83/><F18/><W63/><G86/><T99/><D99/><U20/><E37/><V29/><F36/><W70/><G70/><T71/><D26/><U13/><E0/><V100/><F100/><W39/><G39/><T107/><D107/><U84/><E53/><V15/><F83/><W105/><G105/><T65/><D5/><U120/><E120/><V32/><F4/><W80/><G80/><T97/><D97/><U40/><E117/><V106/><F106/><W19/><G28/><T33/><D33/><U131/><E84/><V52/><F32/><W130/><G116/><T111/><D111/><U89/><E87/><V72/><F27/><W68/><G130/><T17/><D17/><U47/><E24/><V6/><F25/><W74/><G74/><T102/><D102/><U50/><E103/><V88/><F94/><W122/><G122/><T119/><D119/><U85/><E131/><V118/><F118/><W54/><G134/><T81/><D81/><N who="1" m="49327" /><E96/><N who="2" m="57383" /><F29/><W78/><G78/><T59/><D42/><U44/><E91/><V98/><F31/><W82/><G82/><T46/><D46/><U64/><E47/><V55/><F98/><W133/><G133/><T73/><D73/><U34/><E34/><V108/><F108/><W67/><G3/><T16/><D16/><U8/><E44/><RYUUKYOKU ba="2,1" sc="80,30,240,-10,520,-10,150,-10" hai0="21,22,49,57,59,61,62,65,66,71" /><INIT seed="4,3,1,0,5,90" ten="110,230,510,140" oya="0" hai0="4,41,106,43,28,131,40,13,71,132,45,55,61" hai1="112,99,111,89,95,67,130,18,116,12,58,101,75" hai2="11,123,29,102,23,10,22,53,72,92,113,59,107" hai3="50,98,84,1,96,49,126,115,31,42,93,35,121"/><T76/><D106/><U3/><E116/><V88/><F72/><W63/><G1/><T69/><D28/><U48/><E111/><V56/><F123/><W2/><G2/><T46/><D76/><U60/><E3/><V91/><F113/><W64/><G115/><T122/><D4/><U73/><E130/><V68/><F68/><N who="0" m="26186" /><D13/><U21/><E112/><V97/><F56/><N who="3" m="36967" /><G35/><T0/><D0/><U65/><E65/><V66/><F66/><W37/><G121/><T81/><D81/><U120/><E120/><V19/><F29/><W87/><G126/><T16/><D16/><U24/><E48/><N who="3" m="18538" /><G37/><N who="0" m="21647" /><D122/><U119/><E119/><V103/><F107/><W44/><G31/><T104/><D104/><U54/><E67/><V6/><F103/><N who="3" m="60815" /><G98/><T70/><D132/><U114/><E114/><V20/><F19/><W78/><G78/><T74/><D74/><U27/><E75/><V25/><F25/><N who="1" m="9801" /><E73/><V33/><F33/><W26/><G26/><T52/><N who="0" m="26194" /><T125/><DORA hai="9" /><D131/><U36/><E36/><V127/><F127/><W133/><G133/><T15/><D15/><U38/><E38/><V34/><F34/><W134/><G134/><T80/><D125/><U47/><E47/><V118/><F118/><W82/><G82/><T86/><D46/><U14/><E14/><N who="2" m="5463" /><F11/><W117/><G117/><T105/><D105/><U79/><E79/><V85/><F85/><N who="3" m="32843" /><G44/><T135/><D135/><U109/><E101/><V39/><F39/><W77/><G77/><N who="0" m="46351" /><D61/><AGARI ba="3,1" hai="20,22,23,53,59,61,88,91,92,97,102" m="5463" machi="61" ten="30,7700,0" yaku="8,1,52,2,54,1" doraHai="90,9" who="2" fromWho="0" sc="110,-86,230,0,510,96,140,0" /><INIT seed="5,0,0,3,3,69" ten="24,230,606,140" oya="1" hai0="102,110,100,134,98,122,123,63,28,103,5,66,42" hai1="31,109,6,17,84,47,115,21,105,35,15,75,64" hai2="88,33,95,14,121,70,99,59,12,77,54,20,132" hai3="93,83,78,10,81,16,61,56,80,130,34,125,79"/><U19/><E105/><V53/><F121/><W1/><G34/><T101/><D110/><U18/><E75/><V90/><F33/><W41/><G130/><T74/><D74/><U22/><E64/><V57/><F70/><W3/><G125/><T135/><D28/><U92/><E47/><V107/><F107/><W104/><G104/><T108/><D108/><U4/><E92/><N who="2" m="56711" /><F77/><W62/><G41/><T51/><D5/><N who="1" m="2155" /><E84/><N who="2" m="52679" /><F132/><W97/><G3/><T65/><N who="0" m="26112" /><DORA hai="11" /><T117/><D98/><U118/><E109/><V7/><F7/><W29/><G29/><T113/><D117/><U120/><E120/><N who="0" m="46121" /><D63/><U30/><E118/><V91/><F91/><N who="3" m="55487" /><G1/><T36/><D51/><U26/><E115/><V43/><F43/><W86/><G62/><T49/><D49/><U55/><E55/><N who="2" m="21003" /><F20/><N who="1" m="7785" /><E30/><V48/><F48/><W116/><G116/><T133/><D113/><U68/><E68/><V50/><F50/><W46/><G61/><T24/><D24/><U44/><E44/><AGARI ba="0,0" hai="36,42,44,65,66,133,134,135" m="46121,26112" machi="44" ten="50,6400,0" yaku="20,1,13,1,52,1" doraHai="69,11" who="0" fromWho="1" sc="24,64,230,-64,606,0,140,0" /><INIT seed="6,0,0,2,5,76" ten="88,166,606,140" oya="2" hai0="26,104,4,103,62,31,92,89,134,71,68,34,112" hai1="53,111,38,109,47,113,73,40,110,42,123,2,98" hai2="17,107,69,131,45,33,23,61,86,52,91,125,122" hai3="29,127,14,43,88,0,36,65,96,39,20,50,100"/><V128/><F122/><W129/><G0/><T102/><D112/><U87/><E2/><V32/><F107/><W119/><G119/><T22/><D134/><U46/><E73/><V1/><F1/><W106/><G65/><T44/><D4/><U82/><E113/><V51/><F69/><W37/><G129/><N who="2" m="49737" /><F61/><W55/><G127/><T84/><D44/><U126/><E126/><V70/><F70/><W90/><G43/><T66/><D71/><U120/><E98/><V64/><F64/><W35/><G35/><T124/><D124/><U8/><E8/><V81/><F125/><W105/><G105/><T60/><D60/><U93/><E93/><V48/><F48/><W9/><G20/><T59/><D59/><U85/><E85/><V56/><F56/><W12/><G29/><T6/><D6/><U97/><E97/><V94/><F94/><W30/><G30/><T117/><D117/><U5/><E53/><V57/><F57/><W13/><REACH who="3" step="1"/><G9/><REACH who="3" ten="88,166,606,130" step="2"/><T80/><D104/><U108/><E108/><V21/><F21/><W67/><G67/><T78/><REACH who="0" step="1"/><D34/><REACH who="0" ten="78,166,606,130" step="2"/><U114/><E111/><V99/><F99/><AGARI ba="0,2" hai="22,26,31,62,66,68,78,80,84,89,92,99,102,103" machi="99" ten="30,7700,0" yaku="1,1,2,1,7,1,52,1,53,0" doraHai="76" doraHaiUra="49" who="0" fromWho="2" sc="78,97,166,0,606,-77,130,0" /><INIT seed="7,0,0,4,3,47" ten="175,166,529,130" oya="3" hai0="75,65,123,90,80,129,13,133,9,63,32,43,40" hai1="23,128,46,66,50,84,38,135,8,7,4,18,125" hai2="42,94,45,54,61,36,126,113,49,119,70,117,124" hai3="3,20,67,131,102,78,114,26,132,51,39,98,82"/><W55/><G39/><T21/><D32/><U52/><E38/><V93/><F113/><W115/><G3/><T30/><D123/><U91/><E135/><V6/><F6/><W105/><G67/><T2/><D2/><U16/><E128/><V60/><F93/><W12/><G12/><T110/><D110/><U118/><E125/><N who="2" m="48235" /><F94/><W76/><G131/><T41/><D75/><U101/><E118/><N who="2" m="45067" /><F70/><W122/><G122/><T83/><D41/><U96/><E66/><V95/><F95/><W74/><G78/><T31/><D43/><U88/><E18/><V48/><F48/><W27/><G132/><T109/><D40/><U69/><E69/><V130/><F130/><W58/><REACH who="3" step="1"/><G27/><REACH who="3" ten="175,166,529,120" step="2"/><N who="0" m="16751" /><D129/><U73/><E73/><V87/><F87/><W108/><G108/><T106/><D133/><U64/><E64/><V34/><F34/><W97/><G97/><T22/><D65/><U53/><E84/><V25/><F25/><W44/><G44/><AGARI ba="0,1" hai="36,42,44,45,49,54,60,61" m="45067,48235" machi="44" ten="30,7700,0" yaku="18,1,34,2,52,1" doraHai="47" who="2" fromWho="3" sc="175,0,166,0,529,87,120,-77" owari="175,-2.0,166,-23.0,616,71.0,43,-46.0" /></mjloggm>