<mjloggm ver="2.3"><GO type="169" lobby="0"/><UN n0="%79%75%73%68%69%2A%2A" n1="%6D%75%6B%69%74%74%69" n2="%74%75%67%61%6D%69" n3="%E3%83%88%E3%83%88%E3%83%AA%E5%85%88%E7%94%9F%31%39%E6%AD%B3" dan="16,16,16,19" rate="2123.60,2164.78,2119.78,2282.98" sx="M,M,M,F"/><TAIKYOKU oya="0"/><INIT seed="0,0,0,2,3,126" ten="250,250,250,250" oya="0" hai0="21,39,85,119,12,60,128,118,109,117,14,52,50" hai1="68,115,51,70,1,104,35,18,30,110,123,42,16" hai2="29,27,13,6,45,113,86,82,53,114,103,20,17" hai3="32,83,71,72,44,124,132,108,28,95,101,31,69"/><T36/><D60/><U73/><E123/><V79/><F103/><W65/><G124/><T76/><D109/><U3/><E104/><V74/><F74/><W24/><G108/><T37/><D21/><U134/><E73/><V94/><F94/><W80/><G132/><T15/><D76/><U19/><E134/><V61/><F6/><W81/><G72/><T131/><D85/><U66/><E110/><V41/><F61/><W97/><G65/><T133/><D133/><U129/><E115/><V107/><F53/><W75/><G75/><T26/><D26/><U106/><E106/><V84/><F84/><W90/><G31/><T100/><D100/><U10/><E66/><V54/><F54/><W7/><G7/><T5/><D5/><U25/><E129/><V47/><F47/><AGARI ba="0,0" hai="12,14,15,36,37,39,47,50,52,117,118,119,128,131" machi="47" ten="60,12000,1" yaku="29,2,52,2,54,1" doraHai="126" who="0" fromWho="2" sc="250,120,250,0,250,-120,250,0" /><INIT seed="0,1,0,5,2,52" ten="370,250,130,250" oya="0" hai0="105,41,58,18,91,85,121,88,127,46,109,55,108" hai1="20,13,14,123,118,56,102,99,73,133,126,8,5" hai2="67,92,87,33,26,63,130,132,59,40,113,62,45" hai3="131,80,7,122,86,19,48,104,112,54,69,116,129"/><T1/><D105/><U53/><E118/><V23/><F113/><W35/><G116/><T101/><D121/><U37/><E123/><V60/><F132/><W135/><G112/><T34/><D101/><U65/><E133/><V71/><F33/><W70/><G104/><T57/><D34/><U84/><E73/><V98/><F87/><W120/><G135/><T51/><D1/><U17/><E37/><V44/><F130/><N who="3" m="49675" /><G35/><T128/><D128/><U28/><E126/><V72/><F72/><W95/><G7/><T12/><D127/><U6/><E28/><V93/><F93/><W103/><G19/><T21/><D58/><U81/><E65/><V25/><F71/><N who="3" m="27147" /><G95/><T119/><D119/><U74/><E74/><V68/><F68/><W61/><G61/><N who="2" m="23657" /><F40/><W36/><G103/><T43/><D43/><U47/><E47/><N who="2" m="17995" /><F23/><W27/><G27/><T75/><D75/><U78/><E6/><V76/><F76/><N who="3" m="46343" /><G36/><T30/><D30/><U4/><E4/><V32/><F32/><W79/><G79/><T22/><D22/><U96/><REACH who="1" step="1"/><E102/><AGARI ba="1,0" hai="25,26,59,63,67,92,98,102" m="17995,23657" machi="102" ten="30,2000,0" yaku="8,1,52,1" doraHai="52" who="2" fromWho="1" sc="370,0,250,-23,130,23,250,0" /><INIT seed="1,0,0,2,2,86" ten="370,227,153,250" oya="1" hai0="88,102,14,51,67,122,55,112,94,8,101,108,38" hai1="79,125,23,6,9,59,11,120,45,106,80,96,53" hai2="109,34,81,47,62,124,131,56,105,85,64,3,66" hai3="36,69,117,37,123,18,134,110,43,113,89,30,49"/><U129/><E120/><V130/><F105/><W32/><G18/><T17/><D38/><N who="3" m="14953" /><G30/><T98/><D112/><U76/><E125/><V74/><F124/><W90/><G49/><T31/><D122/><U10/><E129/><N who="2" m="49163" /><F34/><W29/><G29/><T72/><D72/><U133/><E133/><V77/><F3/><W61/><G123/><T7/><D108/><U44/><E6/><V52/><F109/><W75/><G75/><T135/><D135/><U104/><E23/><V58/><F47/><W13/><G110/><T27/><D67/><N who="2" m="25642" /><F58/><W54/><G134/><T121/><D121/><U21/><E21/><V111/><F111/><W63/><G32/><T39/><D39/><U5/><E5/><V1/><F1/><W42/><G13/><T68/><D68/><U116/><E116/><V33/><F33/><W70/><G54/><T127/><D127/><U0/><E0/><V48/><F74/><W12/><G12/><T41/><D41/><N who="3" m="15369" /><G113/><T95/><D95/><U15/><E15/><V65/><N who="2" m="25650" /><V93/><DORA hai="4" /><F93/><W73/><G73/><T57/><D7/><U97/><E106/><V28/><F28/><W26/><G117/><T46/><D57/><U19/><E104/><V84/><F84/><W22/><G26/><T50/><D50/><AGARI ba="0,0" hai="48,50,52,56,62,77,81,85" m="25650,49163" machi="50" ten="40,2600,0" yaku="19,1,54,1" doraHai="86,4" who="2" fromWho="0" sc="370,-26,227,0,153,26,250,0" /><INIT seed="2,0,0,5,4,115" ten="344,227,179,250" oya="2" hai0="65,122,55,72,11,89,4,6,102,114,69,37,129" hai1="82,92,59,73,109,12,117,21,111,90,24,132,135" hai2="57,15,128,7,125,31,25,19,22,67,17,131,78" hai3="112,97,127,39,41,108,5,99,44,3,66,91,16"/><V134/><F78/><W51/><G112/><T130/><D72/><U107/><E107/><V133/><F67/><W50/><G108/><N who="1" m="41546" /><E12/><V53/><F57/><W85/><G127/><T81/><D122/><U34/><E34/><V68/><F53/><W116/><G116/><T118/><D37/><U113/><E113/><V40/><F40/><W30/><G30/><T93/><D55/><U120/><E59/><V54/><F54/><W49/><G66/><T64/><D11/><U75/><E120/><V9/><F68/><W76/><G76/><T29/><D29/><N who="1" m="17551" /><E117/><V27/><F125/><W32/><G32/><T38/><D69/><U126/><E126/><V98/><F98/><W88/><G91/><T83/><D89/><U106/><E106/><V84/><F84/><W95/><REACH who="3" step="1"/><G16/><REACH who="3" ten="344,227,179,240" step="2"/><N who="2" m="6217" /><F27/><W77/><G77/><T2/><D114/><U110/><E110/><V0/><F15/><W80/><G80/><T36/><D102/><U123/><E123/><V71/><F71/><W86/><G86/><T23/><D83/><U18/><E82/><V42/><F42/><W124/><G124/><T14/><D81/><U61/><E75/><V94/><F94/><W105/><G105/><T60/><D93/><U96/><E73/><V48/><F48/><W47/><G47/><T8/><D64/><U87/><E87/><V28/><F28/><W104/><G104/><T70/><D14/><U74/><E74/><V121/><F121/><W103/><G103/><T1/><D65/><U52/><E18/><V20/><F20/><W46/><G46/><T62/><D23/><U10/><E10/><AGARI ba="0,1" hai="3,5,10,39,41,44,49,50,51,85,88,95,97,99" machi="10" ten="40,5200,0" yaku="1,1,6,1,54,1,53,0" doraHai="115" doraHaiUra="63" who="3" fromWho="1" sc="344,0,227,-52,179,0,240,62" /><INIT seed="3,0,0,3,2,26" ten="344,175,179,302" oya="3" hai0="28,18,86,101,70,131,43,81,60,6,7,92,84" hai1="104,113,109,5,59,14,47,46,89,79,68,133,31" hai2="91,0,65,90,37,71,20,36,100,57,108,130,75" hai3="24,74,80,85,76,44,120,121,83,69,56,12,3"/><W103/><G3/><T87/><D43/><U98/><E68/><V19/><F0/><W21/><G69/><T118/><D118/><U45/><E113/><V116/><F116/><W82/><G103/><T53/><D131/><U9/><E109/><V111/><F130/><W112/><G112/><T106/><D106/><U15/><E133/><V22/><F75/><W127/><G127/><T27/><D18/><U114/><E114/><V72/><F72/><W62/><G12/><T64/><D53/><U132/><E132/><V125/><F71/><W48/><G74/><T123/><D123/><U38/><E38/><V8/><F8/><W126/><G126/><T41/><D41/><U129/><E129/><V13/><F100/><W50/><G121/><T93/><D81/><N who="3" m="31337" /><G44/><T96/><D92/><N who="1" m="56591" /><E104/><V35/><F35/><W73/><G120/><T54/><REACH who="0" step="1"/><D54/><REACH who="0" ten="334,175,179,302" step="2"/><U32/><E5/><V61/><F125/><W10/><G73/><T42/><D42/><U115/><E115/><V29/><F111/><W49/><G10/><T39/><D39/><U134/><E9/><V66/><F108/><W40/><G40/><T67/><D67/><U107/><E107/><V33/><F66/><N who="3" m="39239" /><G49/><T77/><D77/><U102/><E79/><V119/><F119/><W78/><G78/><T52/><D52/><U135/><E135/><V30/><F37/><W51/><G51/><T99/><D99/><U88/><E134/><V16/><F36/><W117/><G117/><T11/><D11/><U4/><E4/><V122/><F122/><W124/><G124/><T128/><D128/><U95/><E95/><RYUUKYOKU ba="0,1" sc="334,15,175,-15,179,-15,302,15" hai0="6,7,27,28,60,64,70,84,86,87,93,96,101" hai3="21,24,48,50,76,83,85" /><INIT seed="3,1,1,1,2,14" ten="349,160,164,317" oya="3" hai0="101,74,120,10,33,106,15,119,130,2,3,93,102" hai1="133,24,35,121,70,49,81,66,19,125,118,21,116" hai2="94,32,83,90,104,126,8,131,99,128,1,20,78" hai3="5,114,22,48,68,63,25,115,105,61,64,92,98"/><W73/><G73/><T42/><D106/><U23/><E121/><V59/><F32/><W9/><G48/><T62/><D130/><N who="2" m="49706" /><F104/><W127/><G105/><T54/><D33/><U80/><E125/><V51/><F126/><W97/><G127/><T29/><D29/><U13/><E133/><V69/><F69/><W57/><G9/><T76/><D119/><N who="1" m="45611" /><E35/><V34/><F34/><W124/><G5/><T7/><D42/><U103/><E103/><V27/><F59/><W55/><G97/><T4/><D76/><U40/><E66/><V45/><F1/><W129/><G124/><T72/><D93/><U65/><E65/><V84/><F8/><W71/><G71/><T31/><D31/><N who="1" m="17807" /><E70/><V107/><F107/><W47/><G47/><AGARI ba="1,1" hai="13,19,23,40,47,49,80,81" m="17807,45611" machi="47" ten="30,2000,0" yaku="12,1,52,1" doraHai="14" who="1" fromWho="3" sc="349,0,160,33,164,0,317,-23" /><INIT seed="4,0,0,0,4,89" ten="349,193,164,294" oya="0" hai0="58,98,7,118,51,108,113,128,97,81,61,121,38" hai1="41,94,3,129,15,28,14,62,110,47,133,111,22" hai2="44,37,8,17,63,10,131,53,127,26,83,123,103" hai3="43,36,88,114,104,102,66,72,20,59,35,101,25"/><T126/><D38/><U27/><E3/><V42/><F123/><W91/><G35/><T79/><D121/><U65/><E129/><V93/><F131/><W73/><G114/><T11/><D128/><U54/><E54/><V109/><F109/><W19/><G72/><T9/><D118/><U57/><E133/><V87/><F127/><W0/><G73/><T125/><D113/><U32/><E111/><V39/><F39/><W24/><G0/><T48/><D108/><U33/><E110/><V68/><F26/><W1/><G1/><T95/><D98/><U77/><E77/><V31/><F31/><W46/><G66/><T64/><D11/><U70/><E70/><V92/><F103/><W49/><G36/><T13/><D126/><U106/><E106/><V90/><F53/><W76/><G76/><T56/><D56/><U18/><E15/><V78/><F17/><N who="3" m="12303" /><G59/><T29/><D29/><U100/><E33/><V71/><F71/><W12/><G25/><T40/><D40/><U69/><E69/><V124/><F124/><W107/><G107/><T119/><D119/><U34/><E34/><V60/><F60/><W112/><G104/><T122/><D122/><U80/><E80/><V96/><REACH who="2" step="1"/><F93/><REACH who="2" ten="349,193,154,294" step="2"/><W30/><G30/><T50/><D125/><U82/><E94/><V67/><AGARI ba="0,1" hai="8,10,37,42,44,63,67,68,78,83,87,90,92,96" machi="67" ten="30,7900,0" yaku="1,1,2,1,0,1,52,1,53,0" doraHai="89" doraHaiUra="52" who="2" fromWho="2" sc="349,-39,193,-20,154,89,294,-20" /><INIT seed="5,0,0,1,1,25" ten="310,173,243,274" oya="1" hai0="106,116,73,4,55,76,70,109,79,41,52,128,19" hai1="93,101,94,57,21,51,84,1,125,74,131,27,13" hai2="97,23,45,82,46,96,71,40,64,115,107,42,0" hai3="26,98,62,36,100,53,60,20,28,130,102,78,18"/><U85/><E1/><V47/><F0/><W65/><G36/><T3/><D106/><U37/><E74/><V99/><F115/><W63/><G130/><T10/><D109/><U112/><E37/><V124/><F124/><W72/><G72/><T11/><D116/><U44/><E112/><V43/><F82/><W119/><G78/><T33/><D70/><U39/><E39/><V132/><F132/><W68/><G119/><T50/><D33/><U15/><E125/><V61/><REACH who="2" step="1"/><F23/><REACH who="2" ten="310,173,233,274" step="2"/><W133/><G133/><T5/><D128/><U117/><E131/><V129/><F129/><W7/><G20/><T17/><D3/><U59/><E117/><V90/><F90/><W113/><G113/><T22/><D22/><U58/><E101/><AGARI ba="0,1" hai="40,42,43,45,46,47,61,64,71,96,97,99,101,107" machi="101" ten="40,1300,0" yaku="1,1,53,0" doraHai="25" doraHaiUra="105" who="2" fromWho="1" sc="310,0,173,-13,233,23,274,0" /><INIT seed="6,0,0,3,1,10" ten="310,160,256,274" oya="2" hai0="119,9,3,111,2,131,64,18,5,19,22,124,129" hai1="92,31,128,99,84,4,45,14,58,126,88,101,66" hai2="114,134,41,27,68,34,112,130,53,122,28,52,50" hai3="118,48,75,133,115,13,109,77,67,17,36,125,95"/><V20/><F122/><W69/><G109/><T43/><D64/><U102/><E126/><V21/><F68/><W105/><G118/><T63/><D63/><N who="1" m="38263" /><E128/><N who="0" m="49225" /><D43/><U39/><E39/><V6/><F134/><W91/><G36/><T94/><D94/><U23/><E99/><V121/><F121/><W60/><G105/><T93/><D93/><U103/><E45/><N who="2" m="25903" /><F6/><W57/><G115/><N who="2" m="44073" /><F130/><W33/><G33/><T15/><D111/><U47/><E47/><V89/><F89/><W113/><G113/><T59/><D59/><U51/><E51/><V42/><F42/><W74/><G133/><T86/><D86/><U16/><E4/><V135/><F135/><W72/><G125/><T8/><D124/><U30/><AGARI ba="0,0" hai="14,16,23,30,31,84,88,92,101,102,103" m="38263" machi="30" ten="30,7900,0" yaku="8,1,52,1,54,2" doraHai="10" who="1" fromWho="1" sc="310,-20,160,79,256,-39,274,-20" /><INIT seed="7,0,0,3,3,126" ten="290,239,217,254" oya="3" hai0="90,18,131,75,77,103,127,69,58,43,25,135,93" hai1="40,29,46,8,96,121,28,38,31,132,12,117,36" hai2="41,73,76,7,9,79,95,55,34,54,17,134,129" hai3="33,94,30,65,109,32,92,89,133,110,98,16,85"/><W1/><G1/><T3/><D69/><U125/><E121/><V115/><F34/><W61/><G133/><T62/><D3/><U5/><E132/><V118/><F118/><W24/><G32/><T66/><D135/><U50/><E125/><V0/><F134/><W59/><REACH who="3" step="1"/><G16/><REACH who="3" ten="290,239,217,244" step="2"/><T57/><D127/><U52/><E117/><V11/><F115/><W60/><G60/><T22/><D18/><U10/><E10/><V86/><F129/><W20/><G20/><T100/><D131/><U97/><E8/><V107/><F107/><W114/><G114/><T67/><D22/><U130/><E130/><V53/><F41/><W37/><G37/><T70/><D43/><U106/><E38/><V91/><REACH who="2" step="1"/><F73/><REACH who="2" ten="290,239,207,244" step="2"/><W112/><G112/><T108/><D75/><U84/><E40/><V6/><F6/><W13/><G13/><AGARI ba="0,2" hai="0,7,9,11,13,17,53,54,55,76,79,86,91,95" machi="13" ten="40,1300,0" yaku="1,1,53,0" doraHai="126" doraHaiUra="68" who="2" fromWho="3" sc="290,0,239,0,207,33,244,-13" /><INIT seed="8,0,0,2,3,45" ten="290,239,240,231" oya="0" hai0="128,97,95,69,50,25,7,81,55,33,26,130,60" hai1="83,89,115,65,64,56,110,91,67,17,44,102,119" hai2="101,19,75,49,62,42,86,70,111,73,58,79,9" hai3="107,51,3,37,124,116,82,0,109,120,132,98,78"/><T112/><D7/><U74/><E110/><V1/><F101/><N who="3" m="62903" /><G51/><T71/><D112/><U12/><E115/><V99/><F99/><W57/><G57/><T93/><D81/><U22/><E119/><V114/><F114/><W63/><G109/><T29/><D26/><U48/><E102/><V18/><F111/><W104/><G116/><T66/><D71/><U85/><E74/><N who="2" m="28171" /><F86/><N who="3" m="48471" /><G37/><T20/><D97/><U129/><E129/><N who="0" m="49769" /><D33/><U100/><E100/><V68/><F1/><W5/><G104/><T31/><D31/><U106/><E106/><V126/><F79/><W47/><G5/><T113/><D113/><U61/><E91/><V14/><F126/><W92/><G132/><T54/><D54/><AGARI ba="0,0" hai="12,17,22,44,48,54,56,61,64,65,67,83,85,89" machi="54" ten="30,3900,0" yaku="7,1,8,1,52,1" doraHai="45" who="1" fromWho="0" sc="290,-39,239,39,240,0,231,0" /><INIT seed="9,0,0,5,1,77" ten="251,278,240,231" oya="1" hai0="99,11,121,66,118,115,89,55,120,117,1,43,22" hai1="56,4,111,130,52,79,92,18,20,74,8,90,88" hai2="59,97,10,105,46,104,14,129,3,15,68,44,30" hai3="62,65,84,123,54,48,61,116,34,27,101,31,5"/><U23/><E130/><V67/><F129/><W70/><G123/><N who="0" m="47179" /><D43/><U132/><E132/><V106/><F68/><W134/><G134/><T131/><D131/><U75/><E111/><V76/><F30/><W69/><G116/><N who="0" m="44651" /><D66/><U64/><E64/><V122/><F97/><W39/><G39/><T73/><D73/><U78/><E75/><V86/><F3/><W37/><G37/><T127/><D22/><U45/><E74/><V133/><F122/><W72/><G72/><T126/><D55/><U128/><E128/><V119/><F119/><W100/><G5/><N who="0" m="1455" /><D115/><U42/><E23/><V26/><F133/><W107/><G107/><T103/><D89/><U50/><E90/><V17/><F26/><W53/><G69/><T9/><D9/><U38/><E20/><V19/><F67/><W7/><G7/><T109/><D109/><U0/><E18/><V36/><F36/><W28/><G28/><T33/><D33/><U124/><E124/><V110/><F110/><W29/><G29/><T135/><D135/><U82/><E82/><N who="2" m="47431" /><F19/><W71/><G71/><T41/><D41/><U21/><E21/><V93/><F17/><W108/><G108/><T94/><AGARI ba="0,0" hai="94,99,103,126,127" m="1455,44651,47179" machi="94" ten="40,2700,0" yaku="13,1,16,1" doraHai="77" who="0" fromWho="0" sc="251,27,278,-13,240,-7,231,-7" /><INIT seed="10,0,0,4,3,125" ten="278,265,233,224" oya="2" hai0="53,135,82,44,122,11,30,38,95,105,130,134,37" hai1="99,86,7,27,108,40,110,18,109,83,96,47,55" hai2="121,71,50,81,79,31,61,5,115,6,13,123,117" hai3="45,101,93,39,127,88,89,107,84,113,106,42,28"/><V124/><F115/><W63/><G127/><T52/><D105/><U91/><E55/><V49/><F124/><W118/><G113/><T97/><D122/><U94/><E7/><V133/><F133/><W3/><G3/><T16/><D30/><U9/><E83/><V21/><F117/><W14/><G118/><T32/><D32/><U119/><E119/><V23/><F31/><W120/><G120/><N who="2" m="46153" /><F13/><W73/><G73/><T17/><D82/><U25/><E9/><V54/><F71/><W35/><G101/><T12/><D44/><U87/><E99/><V22/><F61/><W80/><G14/><T46/><D46/><U85/><REACH who="1" step="1"/><E18/><REACH who="1" ten="278,255,233,224" step="2"/><V4/><F54/><W114/><G114/><T103/><D17/><U34/><E34/><V24/><F81/><W100/><G35/><T90/><D52/><U2/><E2/><V59/><F79/><W10/><G10/><T102/><D53/><U78/><E78/><V36/><F36/><AGARI ba="0,1" hai="25,27,36,40,47,85,86,87,91,94,96,108,109,110" machi="36" ten="50,1600,0" yaku="1,1,53,0" doraHai="125" doraHaiUra="104" who="1" fromWho="2" sc="278,0,255,26,233,-16,224,0" /><INIT seed="11,0,0,4,2,112" ten="278,281,217,224" oya="3" hai0="15,32,111,84,19,106,73,134,105,115,123,63,17" hai1="100,31,60,49,94,1,44,89,9,20,88,110,12" hai2="6,56,99,33,37,16,46,91,36,116,53,24,2" hai3="66,45,3,96,43,40,55,85,62,70,93,118,54"/><W102/><G3/><T65/><D73/><U74/><E110/><V71/><F71/><W72/><G72/><T34/><D111/><U69/><E74/><V35/><F116/><W41/><G118/><T48/><D123/><U82/><E1/><V52/><F6/><W51/><G55/><T120/><D134/><U90/><E69/><V58/><F2/><W76/><G76/><T83/><D48/><U135/><E60/><N who="2" m="35847" /><F46/><W128/><G128/><T28/><D63/><U38/><E38/><N who="2" m="14955" /><F53/><W68/><G68/><T86/><D65/><U87/><E135/><V126/><F58/><W80/><G80/><T122/><D15/><U101/><E20/><N who="2" m="13319" /><F126/><W50/><G85/><T124/><D28/><U113/><E31/><V125/><F125/><W0/><REACH who="3" step="1"/><G0/><REACH who="3" ten="278,281,217,214" step="2"/><T4/><D83/><U130/><E82/><V104/><F104/><W10/><G10/><T8/><D8/><U61/><E9/><V75/><F75/><W5/><G5/><T14/><D4/><U119/><E87/><V114/><F114/><W95/><G95/><AGARI ba="0,1" hai="33,35,91,95,99" m="13319,14955,35847" machi="95" ten="30,3900,0" yaku="25,1,54,2" doraHai="112" who="2" fromWho="3" sc="278,0,281,0,217,49,214,-39" owari="278,8.0,281,37.0,266,-13.0,175,-32.0" /></mjloggm>