<mjloggm ver="2.3"><GO type="169" lobby="0"/><UN n0="%E3%81%88%E3%81%AC%E3%81%BE%27" n1="%E3%82%A6%E3%83%AB%E3%83%88%E3%83%A9%E7%AB%8B%E7%9B%B4" n2="%79%6F%6E%65%7A%6F%39" n3="%E9%88%B4%E5%B1%8B%E5%86%85%E4%BA%94%E6%9B%B2" dan="16,17,16,16" rate="2061.05,2194.30,2023.60,2080.26" sx="M,M,M,M"/><TAIKYOKU oya="0"/><INIT seed="0,0,0,0,3,119" ten="250,250,250,250" oya="0" hai0="96,35,132,17,52,15,49,122,44,107,85,16,7" hai1="39,29,120,0,25,69,102,11,31,105,14,121,126" hai2="95,57,134,30,75,112,64,18,123,74,108,5,111" hai3="1,12,63,87,53,37,88,114,89,118,117,98,6"/><T133/><D35/><U72/><E72/><V104/><F104/><W82/><G1/><T93/><D107/><U2/><E39/><V103/><F112/><W21/><G37/><T26/><D85/><U27/><E69/><V91/><F103/><W56/><G114/><T99/><D99/><U86/><E86/><V62/><F134/><N who="0" m="51818" /><D26/><U59/><E59/><V135/><F135/><W13/><G6/><T125/><D125/><U34/><E102/><V78/><F30/><W4/><G4/><T65/><D65/><U101/><E101/><V100/><F100/><W20/><G118/><T3/><D3/><N who="1" m="1067" /><E126/><V77/><F5/><W51/><G117/><T55/><D55/><U81/><E81/><V83/><F18/><W40/><G12/><T76/><D76/><U84/><E84/><V124/><F124/><W128/><G13/><T60/><D60/><U42/><E42/><V79/><F75/><W129/><G63/><T115/><D115/><U106/><E106/><V90/><F74/><W94/><REACH who="3" step="1"/><G40/><REACH who="3" ten="250,250,250,240" step="2"/><T58/><D122/><U45/><E105/><V36/><F36/><W33/><G33/><T97/><D44/><U48/><E45/><V10/><F123/><W22/><AGARI ba="0,1" hai="20,21,22,51,53,56,82,87,88,89,94,98,128,129" machi="22" ten="30,4000,0" yaku="1,1,0,1,54,1,53,0" doraHai="119" doraHaiUra="116" who="3" fromWho="3" sc="250,-20,250,-10,250,-10,240,50" /><INIT seed="1,0,0,0,1,115" ten="230,240,240,290" oya="1" hai0="94,32,10,108,101,15,52,22,128,102,133,95,59" hai1="120,1,42,83,5,91,7,3,96,30,81,110,60" hai2="79,47,88,26,0,92,107,21,58,4,13,62,36" hai3="124,123,12,65,112,97,69,34,40,72,37,134,16"/><U46/><E120/><V98/><F0/><W73/><G34/><T33/><D33/><U39/><E30/><V6/><F79/><W24/><G24/><T113/><D32/><U38/><E110/><V53/><F107/><W61/><G123/><T100/><D113/><U119/><E119/><V135/><F135/><W14/><G14/><T54/><D128/><U20/><E20/><V132/><F132/><W80/><G134/><T77/><D133/><U118/><E60/><V8/><F36/><W130/><G130/><T74/><D22/><U9/><E118/><V87/><F47/><W129/><G129/><T90/><D54/><U85/><E96/><V44/><F44/><W66/><G66/><T56/><D56/><U68/><E68/><V106/><F106/><W76/><G112/><T93/><D77/><U99/><E99/><V121/><F121/><W67/><G67/><T11/><D74/><U78/><E39/><V29/><REACH who="2" step="1"/><F98/><REACH who="2" ten="230,240,230,290" step="2"/><W126/><G37/><T31/><D108/><U104/><E104/><V2/><F2/><W51/><G97/><T17/><D102/><U103/><E103/><V27/><F27/><W82/><G72/><T131/><D131/><U48/><E38/><V105/><F105/><W84/><G73/><T116/><D101/><U25/><E25/><V89/><F89/><W50/><G76/><T86/><D100/><U127/><E1/><V63/><F63/><W117/><G61/><N who="0" m="36071" /><D90/><U57/><E3/><V71/><F71/><W114/><G69/><T19/><D116/><U109/><E78/><V55/><F55/><W41/><G117/><RYUUKYOKU ba="0,1" sc="230,-10,240,-10,230,30,290,-10" hai2="4,6,8,13,21,26,29,53,58,62,87,88,92" /><INIT seed="2,1,1,5,2,108" ten="220,230,260,280" oya="2" hai0="80,94,46,31,54,52,81,19,3,67,89,38,109" hai1="18,101,53,9,15,29,57,102,131,132,114,51,116" hai2="128,20,55,82,105,7,75,93,73,35,56,37,74" hai3="2,71,83,10,26,120,90,119,122,134,33,58,118"/><V11/><F35/><W113/><G71/><T5/><D109/><U112/><E116/><V68/><F68/><W133/><G83/><T48/><D38/><U130/><E29/><V32/><F32/><W60/><G90/><T16/><D67/><U43/><E43/><V106/><F128/><N who="1" m="49193" /><E132/><N who="3" m="50794" /><G60/><T27/><D5/><U36/><E36/><V45/><F20/><W25/><G58/><T70/><D3/><U79/><E79/><V65/><F82/><N who="0" m="31850" /><D70/><U117/><E117/><N who="3" m="44554" /><G113/><AGARI ba="1,1" hai="9,15,18,51,53,57,101,102,112,113,114" m="49193" machi="113" ten="30,7700,0" yaku="19,1,52,3" doraHai="108" who="1" fromWho="3" sc="220,0,230,90,260,0,280,-80" /><INIT seed="3,0,0,5,4,108" ten="220,320,260,200" oya="3" hai0="30,78,110,77,128,55,75,117,40,13,19,4,5" hai1="53,21,79,115,119,133,63,68,25,17,135,60,93" hai2="48,41,96,69,51,84,54,38,88,45,52,72,7" hai3="113,11,34,57,124,44,2,62,14,47,101,90,3"/><W37/><G101/><T64/><D117/><U46/><E79/><V106/><F72/><W49/><G34/><T102/><D110/><U6/><E6/><V58/><F69/><W42/><G113/><T126/><D64/><N who="1" m="40967" /><E93/><V127/><F7/><W71/><G90/><T109/><D78/><U85/><E85/><V35/><F127/><W12/><G12/><T134/><D13/><U65/><E53/><V86/><F35/><W50/><G37/><T122/><D55/><U29/><E46/><V31/><F31/><W103/><G103/><T8/><D77/><U132/><E17/><V91/><F106/><W104/><G104/><T95/><D19/><U36/><E36/><V9/><F9/><W15/><G15/><T27/><D30/><U16/><E29/><V22/><F22/><W107/><G107/><T120/><D4/><U118/><E115/><V23/><F23/><W74/><G74/><T61/><D5/><U131/><E131/><V59/><F91/><W100/><G100/><T80/><D75/><U97/><E97/><V66/><F66/><W82/><G82/><T123/><D80/><U87/><E87/><V43/><F41/><W83/><G83/><T70/><D128/><U114/><E114/><V130/><F130/><W129/><G129/><T26/><D109/><U33/><E33/><V89/><F89/><W18/><G71/><AGARI ba="0,0" hai="16,21,25,63,65,71,118,119,132,133,135" m="40967" machi="71" ten="30,2000,0" yaku="20,1,54,1" doraHai="108" who="1" fromWho="3" sc="220,0,320,20,260,0,200,-20" /><INIT seed="4,0,0,4,3,132" ten="220,340,260,180" oya="0" hai0="119,21,108,20,34,52,105,75,42,11,91,28,8" hai1="43,0,14,88,2,38,7,3,41,77,110,22,117" hai2="102,50,121,48,127,39,54,29,111,123,70,81,86" hai3="107,129,95,78,89,63,56,85,23,98,130,134,128"/><T124/><D119/><U96/><E77/><V122/><F70/><W40/><G134/><T16/><D34/><U35/><E35/><V90/><F111/><W80/><G40/><T45/><D105/><U13/><E38/><V112/><F112/><W125/><G23/><T25/><D75/><U87/><E96/><V101/><F39/><W46/><G46/><T79/><D79/><U116/><E110/><V126/><F29/><W65/><G107/><T5/><D108/><U64/><E64/><V83/><F83/><W36/><G36/><T67/><D67/><U76/><E76/><V135/><F135/><W73/><G73/><T106/><D5/><U71/><E71/><V32/><F32/><W115/><G115/><T120/><D106/><U6/><E43/><V114/><F114/><W10/><G10/><N who="0" m="3627" /><D120/><U84/><E7/><V17/><F17/><W30/><G30/><T103/><D103/><U97/><E6/><V49/><REACH who="2" step="1"/><F54/><REACH who="2" ten="220,340,250,180" step="2"/><W93/><G93/><T27/><D42/><U66/><E41/><V133/><F133/><W92/><REACH who="3" step="1"/><G95/><REACH who="3" ten="220,340,250,170" step="2"/><T58/><D28/><U100/><E117/><V74/><F74/><W18/><G18/><T62/><D16/><U26/><E116/><V68/><F68/><W59/><G59/><T24/><D58/><U69/><E69/><V4/><F4/><W72/><G72/><T19/><D19/><U60/><E0/><V131/><F131/><W15/><G15/><T82/><D27/><U31/><E3/><V51/><N who="2" m="12288" /><DORA hai="57" /><V12/><F12/><W47/><G47/><T104/><D45/><U44/><E44/><RYUUKYOKU ba="0,2" sc="220,-15,340,-15,250,15,170,15" hai2="81,86,90,101,102,121,122,123,126,127" hai3="56,63,65,78,80,85,89,92,98,125,128,129,130" /><INIT seed="5,1,2,3,2,76" ten="205,325,265,185" oya="1" hai0="27,21,116,114,38,58,104,18,54,106,8,52,41" hai1="1,60,29,56,11,109,62,131,59,110,33,4,68" hai2="132,86,103,135,73,46,74,66,101,83,97,119,20" hai3="10,69,24,102,65,130,122,49,26,57,81,25,79"/><U120/><E120/><V51/><F119/><W35/><G122/><T85/><D116/><U40/><E40/><V12/><F66/><W117/><G117/><T47/><D114/><U115/><E115/><V43/><F20/><W37/><G37/><T50/><D85/><U89/><E131/><V63/><F63/><N who="1" m="24105" /><E68/><V19/><F19/><W93/><G69/><T53/><REACH who="0" step="1"/><D8/><REACH who="0" ten="195,325,265,185" step="2"/><U113/><E11/><V6/><F74/><W30/><G10/><T92/><D92/><U111/><E113/><V5/><F73/><W16/><G130/><T91/><D91/><U22/><E89/><V15/><F132/><W0/><G93/><T2/><D2/><U128/><E1/><V67/><F135/><W125/><G0/><T36/><D36/><U95/><E95/><V112/><F112/><W84/><G102/><T14/><D14/><U75/><E75/><V78/><F103/><W127/><G65/><T28/><D28/><U88/><E88/><V13/><F67/><W17/><G30/><T48/><D48/><U61/><E128/><V124/><F124/><N who="3" m="47691" /><G35/><T129/><D129/><U94/><E33/><V44/><F101/><W90/><G90/><T118/><D118/><U100/><E100/><V107/><F107/><AGARI ba="1,3" hai="18,21,27,38,41,47,50,52,53,54,58,104,106,107" machi="107" ten="40,2600,0" yaku="1,1,54,1,53,0" doraHai="76" doraHaiUra="72" who="0" fromWho="2" sc="195,59,325,0,265,-29,185,0" /><INIT seed="6,0,0,4,2,60" ten="254,325,236,185" oya="2" hai0="89,13,86,133,112,31,14,74,57,79,120,104,1" hai1="7,25,126,8,49,34,42,78,21,52,128,46,100" hai2="66,71,103,47,4,10,20,94,114,24,32,121,44" hai3="95,102,96,2,106,107,111,48,37,119,113,12,41"/><V11/><F121/><W29/><G2/><T132/><D120/><U16/><E34/><V55/><F32/><W67/><G37/><T73/><D112/><U62/><E100/><V91/><F114/><W63/><G113/><T54/><D104/><U83/><E128/><V99/><F10/><W26/><G12/><N who="0" m="4715" /><D31/><U81/><E126/><V101/><F71/><W93/><G111/><T39/><D79/><U84/><E81/><V76/><F76/><W40/><G119/><T125/><D39/><U22/><E22/><V127/><F127/><W97/><G48/><T64/><D64/><U65/><E7/><V69/><F66/><W28/><G28/><T117/><D1/><U123/><E8/><V58/><F69/><W87/><G87/><T19/><D19/><U135/><E135/><N who="0" m="51785" /><D117/><U35/><E35/><V30/><F11/><W90/><G107/><T118/><D118/><U131/><E131/><V80/><F4/><W129/><G129/><T75/><D125/><U15/><E15/><V23/><F20/><W134/><G134/><T122/><D122/><U50/><E123/><V61/><REACH who="2" step="1"/><F80/><REACH who="2" ten="254,325,226,185" step="2"/><W3/><G3/><T124/><D124/><U51/><E65/><V27/><F27/><W88/><G106/><T38/><D38/><U92/><E83/><V85/><F85/><W110/><G26/><T105/><D105/><U82/><E82/><V45/><AGARI ba="0,1" hai="23,24,30,44,45,47,55,58,61,91,94,99,101,103" machi="45" ten="30,6000,0" yaku="1,1,0,1,8,1,53,0" doraHai="60" doraHaiUra="116" who="2" fromWho="2" sc="254,-20,325,-20,226,70,185,-20" /><INIT seed="6,1,0,4,5,33" ten="234,305,296,165" oya="2" hai0="88,45,20,22,112,91,123,134,27,133,121,14,63" hai1="102,24,58,120,115,97,99,73,17,72,41,61,93" hai2="100,108,21,71,37,95,119,34,106,98,113,69,46" hai3="81,132,2,126,82,44,94,128,111,49,101,76,28"/><V53/><F34/><W84/><G111/><T118/><D63/><U66/><E115/><V50/><F113/><W122/><G122/><T51/><D112/><U47/><E120/><V6/><F119/><W42/><G128/><T103/><D103/><U11/><E24/><V104/><F108/><W29/><G132/><N who="0" m="50795" /><D118/><U60/><E17/><V10/><F37/><W23/><G126/><T96/><D14/><U57/><E11/><V74/><F74/><W5/><G82/><T130/><D22/><U13/><E13/><V36/><F36/><W26/><G5/><T65/><D65/><U56/><E99/><V9/><F21/><W19/><REACH who="3" step="1"/><G2/><REACH who="3" ten="234,305,296,155" step="2"/><T38/><D130/><U78/><E72/><V43/><F6/><W90/><G90/><T40/><D91/><U75/><E73/><V25/><F100/><W124/><G124/><T110/><D110/><U67/><E75/><V8/><F106/><W70/><G70/><T86/><D121/><U4/><E4/><V31/><F104/><W15/><G15/><T55/><D123/><U68/><E78/><V64/><F71/><W32/><G32/><T48/><D88/><U107/><E107/><V79/><F69/><W12/><G12/><T127/><D127/><U39/><AGARI ba="1,1" hai="39,41,47,56,57,58,60,61,66,67,68,93,97,102" machi="39" ten="20,1500,0" yaku="0,1,7,1" doraHai="33" who="1" fromWho="1" sc="234,-5,305,28,296,-8,155,-5" /><INIT seed="7,0,0,1,4,19" ten="229,333,288,150" oya="3" hai0="43,119,39,56,114,69,64,71,15,7,4,16,106" hai1="117,29,94,133,75,82,27,67,86,48,77,116,101" hai2="78,32,53,134,10,45,123,31,97,18,61,25,113" hai3="91,111,37,3,12,112,20,88,76,34,79,126,74"/><W51/><G37/><T131/><D106/><U35/><E67/><V41/><F113/><W66/><G34/><T1/><D119/><N who="1" m="45643" /><E48/><V102/><F134/><W70/><G3/><T135/><D1/><U84/><E133/><V104/><F78/><W90/><G112/><T38/><D135/><U68/><E68/><V26/><F61/><W28/><G126/><T96/><D114/><U109/><E109/><V47/><F53/><W33/><G111/><T93/><D71/><U50/><E50/><V128/><F41/><W62/><G74/><T9/><D69/><U110/><E110/><V73/><F123/><W125/><G125/><T46/><D131/><U52/><E52/><V121/><F121/><W118/><G118/><T60/><D39/><U122/><E122/><V95/><F104/><W63/><G63/><T81/><D81/><U30/><E30/><V107/><F128/><W54/><G33/><T120/><D120/><U40/><E40/><V92/><F10/><W6/><G6/><T115/><D115/><U130/><E130/><V21/><F73/><W72/><G72/><T24/><D24/><U59/><E59/><V0/><F0/><W8/><G8/><T89/><AGARI ba="0,0" hai="4,7,9,15,16,38,43,46,56,60,64,89,93,96" machi="89" ten="20,2700,0" yaku="0,1,7,1,54,1" doraHai="19" who="0" fromWho="0" sc="229,27,333,-7,288,-7,150,-13" owari="256,-14.0,326,42.0,281,8.0,137,-36.0" /></mjloggm>