<mjloggm ver="2.3"><GO type="169" lobby="0"/><UN n0="%E5%B0%B1%E6%B4%BB%E7%94%9F%40%E5%B7%9D%E6%9D%91%E8%BB%8D%E5%9B%A3" n1="%E3%82%86%E3%81%A3%E3%81%8F%E3%82%8A%E5%A6%96%E5%A4%A2" n2="%E3%82%AB%E3%83%9D%E3%83%8D%E5%9B%A3%E3%81%AE%E5%85%84%E8%B2%B4" n3="%E3%83%88%E3%83%88%E3%83%AA%E5%85%88%E7%94%9F%31%39%E6%AD%B3" dan="19,16,17,19" rate="2314.14,2169.87,2211.67,2326.82" sx="M,M,M,F"/><TAIKYOKU oya="0"/><INIT seed="0,0,0,4,3,129" ten="250,250,250,250" oya="0" hai0="82,88,134,41,95,44,26,74,66,31,29,80,69" hai1="50,18,114,89,77,130,20,90,131,17,36,113,37" hai2="75,71,9,39,96,2,135,5,1,108,98,117,109" hai3="85,46,32,118,34,53,60,79,133,54,91,58,62"/><T14/><D31/><U127/><E77/><V112/><F112/><N who="1" m="43113" /><E50/><V48/><F39/><N who="1" m="14921" /><E127/><V57/><F71/><W126/><G118/><T52/><D74/><U76/><E76/><V132/><F75/><W13/><G79/><T65/><D69/><U99/><E99/><N who="2" m="37931" /><F2/><W61/><G126/><T19/><D41/><U103/><E103/><V128/><F128/><N who="1" m="49193" /><E20/><V86/><F86/><W11/><G46/><T6/><D44/><U15/><E15/><V30/><F30/><W72/><G72/><T16/><D29/><U40/><E40/><V24/><F24/><W101/><G101/><T83/><D26/><U22/><E22/><V121/><F121/><W12/><G12/><T81/><D14/><U23/><E23/><V51/><F117/><W21/><G21/><T119/><D119/><U8/><E8/><V64/><F48/><N who="3" m="31047" /><G13/><T38/><D38/><U27/><E27/><V87/><F87/><W67/><G11/><T43/><D43/><U45/><E45/><V73/><F73/><W107/><G85/><T124/><D124/><U56/><E56/><V125/><F125/><W100/><G100/><T104/><D6/><U4/><E4/><V110/><F51/><W35/><G32/><T49/><D19/><AGARI ba="0,0" hai="17,18,19,89,90" m="49193,14921,43113" machi="19" ten="40,8000,1" yaku="28,2,11,1,19,1" doraHai="129" who="1" fromWho="0" sc="250,-80,250,80,250,0,250,0" /><INIT seed="1,0,0,2,5,7" ten="170,330,250,250" oya="1" hai0="72,67,45,57,90,80,47,40,83,25,116,12,130" hai1="87,54,114,33,52,86,35,69,32,104,108,39,20" hai2="66,34,48,82,22,73,120,31,81,131,89,96,92" hai3="63,134,100,107,97,50,133,0,56,117,124,4,10"/><U84/><E104/><V128/><F120/><W49/><G124/><T41/><D116/><U65/><E114/><V101/><F34/><W28/><G28/><T18/><D130/><N who="2" m="49706" /><F66/><W3/><G3/><T1/><D1/><U115/><E115/><V75/><F48/><W59/><G117/><T105/><D105/><U109/><E39/><V15/><F31/><W51/><REACH who="3" step="1"/><G59/><REACH who="3" ten="170,330,250,240" step="2"/><T36/><D57/><U5/><E69/><V110/><F110/><W68/><G68/><T94/><D67/><AGARI ba="0,1" hai="0,4,10,49,50,51,56,63,67,97,100,107,133,134" machi="67" ten="40,2600,0" yaku="1,1,52,1,53,0" doraHai="7" doraHaiUra="71" who="3" fromWho="0" sc="170,-26,330,0,250,0,240,36" /><INIT seed="2,0,0,0,2,7" ten="144,330,250,276" oya="2" hai0="13,88,51,112,9,120,99,78,87,72,81,59,133" hai1="64,113,77,110,14,111,55,102,66,29,39,28,101" hai2="3,37,97,80,132,131,21,96,2,107,41,82,8" hai3="79,76,85,53,57,130,62,19,4,22,105,30,54"/><V83/><F131/><W89/><G105/><T119/><D112/><U115/><E77/><N who="3" m="29770" /><G4/><T52/><D120/><U93/><E93/><V116/><F116/><W106/><G106/><T58/><D119/><U125/><E14/><V91/><F132/><W15/><G30/><N who="1" m="11882" /><E55/><V42/><F21/><W26/><G130/><T134/><D99/><N who="2" m="37962" /><F91/><W104/><G104/><T36/><D36/><U50/><E50/><V123/><F107/><W129/><G129/><T128/><D128/><U92/><E92/><V90/><F90/><W20/><G54/><T33/><D33/><U25/><E25/><V45/><F45/><W118/><G118/><T17/><REACH who="0" step="1"/><D58/><REACH who="0" ten="134,330,250,276" step="2"/><U98/><E39/><V75/><F37/><W5/><G57/><T24/><D24/><U69/><E115/><V16/><F123/><W103/><G26/><T114/><D114/><U100/><E113/><V38/><F38/><W40/><G103/><T127/><D127/><U44/><E125/><V60/><F75/><W11/><G85/><T56/><D56/><U126/><E126/><V34/><F34/><W1/><G1/><T12/><D12/><U121/><E121/><V46/><F3/><W86/><G15/><T48/><D48/><U67/><E98/><V124/><F2/><W32/><G86/><T68/><D68/><U108/><E69/><V95/><F124/><W35/><G32/><T84/><D84/><U109/><E109/><V0/><F0/><W71/><G71/><T122/><D122/><U10/><E111/><V61/><F61/><W70/><G35/><T94/><AGARI ba="0,1" hai="9,13,17,51,52,59,72,78,81,87,88,94,133,134" machi="94" ten="30,12000,2" yaku="1,1,0,1,52,1,54,2,53,1" doraHai="7" doraHaiUra="49" who="0" fromWho="0" sc="134,130,330,-30,250,-60,276,-30" /><INIT seed="3,0,0,4,3,90" ten="264,300,190,246" oya="3" hai0="43,71,93,72,78,33,94,65,62,44,134,37,107" hai1="113,61,38,10,3,9,32,74,124,34,40,77,35" hai2="67,69,81,127,64,52,118,4,25,51,110,84,18" hai3="119,115,17,15,31,73,97,53,39,92,100,101,121"/><W41/><G115/><T13/><D134/><U28/><E113/><V66/><F118/><W50/><G119/><T46/><D107/><U122/><E122/><V14/><F110/><W55/><G121/><T48/><D33/><U0/><E124/><V21/><F127/><W105/><G73/><T131/><D131/><U7/><E61/><V54/><F69/><W129/><G129/><T86/><D72/><U130/><E130/><V116/><F116/><W19/><G39/><T88/><D78/><U42/><E42/><V30/><F4/><W80/><G31/><T104/><D104/><U132/><E132/><V85/><F51/><W12/><G80/><T103/><D13/><U76/><E76/><V45/><F45/><N who="3" m="25903" /><G105/><T112/><D112/><U75/><E28/><V125/><F125/><W24/><G101/><T8/><D8/><U57/><E57/><V95/><F81/><W29/><G29/><T91/><D103/><U114/><E114/><V36/><F36/><W59/><G24/><T109/><D109/><U128/><E128/><V26/><F25/><W58/><G12/><T60/><D60/><U82/><E74/><V89/><REACH who="2" step="1"/><F84/><REACH who="2" ten="264,300,180,246" step="2"/><W27/><G27/><T117/><D117/><U133/><E133/><V11/><AGARI ba="0,1" hai="11,14,18,21,26,30,52,54,64,66,67,85,89,95" machi="11" ten="30,12000,2" yaku="1,1,2,1,0,1,8,1,52,1,54,1,53,0" doraHai="90" doraHaiUra="126" who="2" fromWho="2" sc="264,-30,300,-30,180,130,246,-60" /><INIT seed="4,0,0,1,3,59" ten="234,270,310,186" oya="0" hai0="122,39,115,132,68,12,94,20,17,45,22,95,120" hai1="66,127,60,55,130,3,48,33,77,88,106,27,118" hai2="104,131,34,47,38,26,103,80,117,85,16,84,86" hai3="10,19,40,62,2,133,53,6,9,76,114,99,61"/><T21/><D68/><U110/><E118/><V37/><F131/><W36/><G114/><T24/><D115/><U87/><E3/><V79/><F117/><W105/><G133/><T82/><D132/><U102/><E130/><V0/><F0/><W98/><G76/><T123/><D82/><U121/><E121/><V50/><F103/><W107/><G53/><T90/><D95/><U134/><E134/><V109/><F104/><W31/><G31/><T83/><D83/><U23/><E110/><V113/><F109/><W96/><G40/><T92/><D92/><U125/><E77/><V63/><F113/><W101/><G36/><T108/><D108/><U97/><E33/><V119/><F38/><W126/><G126/><T73/><D73/><U69/><E55/><V111/><F37/><W81/><G81/><T42/><REACH who="0" step="1"/><D24/><REACH who="0" ten="224,270,310,186" step="2"/><U15/><E27/><V28/><F111/><W100/><G98/><AGARI ba="0,1" hai="12,17,20,21,22,39,42,45,90,94,98,120,122,123" machi="98" ten="40,3900,0" yaku="1,1,2,1,53,0" doraHai="59" doraHaiUra="58" who="0" fromWho="3" sc="224,49,270,0,310,0,186,-39" /><INIT seed="4,1,0,1,0,13" ten="273,270,310,147" oya="0" hai0="34,102,100,69,46,65,16,127,94,20,104,26,99" hai1="14,47,36,29,4,43,82,25,80,66,86,73,33" hai2="90,35,60,134,108,11,71,74,92,18,77,97,125" hai3="6,75,57,61,49,84,130,122,87,79,32,132,9"/><T111/><D127/><U110/><E110/><V51/><F108/><W0/><G32/><T45/><D111/><U42/><E42/><V21/><F35/><W88/><G130/><T41/><D34/><U53/><E73/><V2/><F134/><W56/><G132/><T15/><D69/><U78/><E66/><V123/><F123/><W1/><G122/><T68/><D68/><U23/><E80/><V55/><F125/><W64/><G75/><T103/><D65/><U89/><E53/><V81/><F60/><W112/><G112/><T115/><D115/><U52/><E52/><V70/><F11/><W28/><G28/><N who="0" m="17479" /><D104/><U44/><E44/><N who="0" m="17001" /><D41/><U76/><REACH who="1" step="1"/><E4/><REACH who="1" ten="273,260,310,147" step="2"/><V40/><F40/><W95/><G49/><T27/><D27/><U93/><E93/><V133/><F51/><W59/><G64/><T67/><D67/><U131/><E131/><V39/><F55/><W8/><G61/><T5/><D5/><U63/><E63/><V37/><F133/><W10/><G6/><T114/><D114/><U62/><E62/><V50/><F50/><W31/><G59/><T38/><D38/><U85/><E85/><V58/><F58/><W113/><G113/><T12/><D12/><U24/><E24/><N who="2" m="14391" /><F70/><W121/><G121/><T129/><D129/><U116/><E116/><V105/><F71/><W72/><G57/><T117/><D117/><U107/><E107/><V106/><F106/><W118/><G56/><T96/><D94/><U91/><E91/><V98/><F39/><W135/><G118/><T48/><D48/><U119/><E119/><V19/><F37/><RYUUKYOKU ba="1,1" sc="273,15,260,15,310,-15,147,-15" hai0="15,16,96,99,100,102,103" hai1="14,23,25,29,33,36,43,47,76,78,82,86,89" /><INIT seed="4,2,1,1,2,127" ten="288,275,295,132" oya="0" hai0="94,12,89,70,80,64,50,38,71,21,11,65,51" hai1="107,23,104,30,90,40,119,10,4,111,5,92,105" hai2="83,3,112,131,26,84,60,82,17,68,99,87,120" hai3="46,39,116,31,109,118,134,135,103,63,6,16,9"/><T7/><D38/><U128/><E119/><N who="3" m="45610" /><G103/><T54/><D71/><U41/><E111/><V77/><F3/><N who="3" m="223" /><G63/><T123/><D123/><U115/><E115/><V24/><F112/><W14/><G46/><T125/><D125/><U86/><E128/><V98/><F131/><W56/><G56/><T55/><D70/><U8/><E30/><V2/><F2/><W13/><G39/><T78/><D21/><U126/><E23/><V101/><F120/><W47/><G47/><N who="0" m="27999" /><D80/><U117/><E117/><V85/><F68/><W15/><G109/><T57/><D78/><U66/><E66/><V76/><F60/><W130/><G31/><T129/><D129/><U35/><E126/><V32/><F87/><AGARI ba="2,1" hai="7,11,12,51,55,57,64,65,87,89,94" m="27999" machi="87" ten="30,1500,0" yaku="8,1" doraHai="127" who="0" fromWho="2" sc="288,31,275,0,295,-21,132,0" /><INIT seed="4,3,0,3,0,100" ten="319,275,274,132" oya="0" hai0="15,102,79,3,125,101,81,126,50,87,57,74,78" hai1="72,121,26,27,131,85,11,60,33,83,39,127,46" hai2="25,2,55,116,47,59,45,117,88,28,134,44,65" hai3="12,120,30,54,77,6,42,9,43,37,84,51,10"/><T0/><D15/><U36/><E121/><V89/><F2/><N who="0" m="554" /><D57/><U106/><E72/><V38/><F65/><W128/><G120/><T14/><D14/><U93/><E60/><N who="2" m="35967" /><F134/><W4/><G128/><T67/><D50/><U130/><E11/><V49/><F49/><W80/><G37/><T119/><D119/><N who="2" m="45642" /><F38/><W133/><G133/><T75/><D67/><U110/><E39/><V118/><N who="2" m="45650" /><V66/><DORA hai="61" /><F66/><W64/><G9/><T22/><D22/><AGARI ba="3,0" hai="22,25,28,44,45,47,88,89" m="45650,35967" machi="22" ten="40,2600,0" yaku="12,1,54,1" doraHai="100,61" who="2" fromWho="0" sc="319,-35,275,0,274,35,132,0" /><INIT seed="5,0,0,1,4,8" ten="284,275,309,132" oya="1" hai0="115,84,7,34,3,1,16,18,85,72,0,97,94" hai1="75,118,101,60,45,104,51,127,130,13,112,77,42" hai2="21,36,105,49,134,28,64,62,83,4,124,107,79" hai3="122,131,26,133,25,106,102,37,67,117,52,99,15"/><U128/><E118/><V38/><F124/><W43/><G122/><T30/><D72/><U120/><E120/><V88/><F134/><W58/><G133/><T40/><D40/><U39/><E127/><V19/><F4/><W5/><G117/><T108/><D7/><U116/><E116/><V31/><F105/><W121/><G121/><T63/><D63/><U71/><E112/><V50/><F107/><W10/><G67/><T113/><D108/><U123/><E123/><V44/><F38/><W41/><G131/><N who="1" m="50218" /><E104/><V57/><F36/><W22/><G37/><T81/><D30/><N who="2" m="11306" /><F79/><W54/><G54/><T111/><D34/><U46/><E101/><V6/><F6/><W110/><G110/><T129/><D129/><U109/><E109/><V2/><F2/><W70/><G70/><T80/><D111/><U47/><E75/><V95/><F83/><N who="0" m="31818" /><D94/><U132/><E77/><V65/><F65/><W17/><REACH who="3" step="1"/><G26/><REACH who="3" ten="284,275,309,122" step="2"/><T78/><D113/><U59/><E71/><V53/><F64/><W87/><G87/><T86/><D115/><U48/><E132/><V91/><F53/><W89/><G89/><T135/><D135/><U74/><E39/><V114/><F88/><W14/><G14/><T68/><D68/><U100/><E74/><V98/><F91/><W93/><G93/><T27/><D27/><U9/><E42/><V103/><F95/><W126/><G126/><T82/><D97/><U119/><E119/><V90/><F98/><W12/><G12/><T20/><D82/><U76/><E13/><V69/><F114/><W33/><G33/><T35/><D35/><RYUUKYOKU ba="0,1" sc="284,-10,275,-10,309,-10,122,30" hai3="5,10,15,17,22,25,41,43,52,58,99,102,106" /><INIT seed="6,1,1,5,5,7" ten="274,265,299,152" oya="2" hai0="111,25,81,124,82,28,69,101,37,87,5,130,84" hai1="1,71,40,80,62,122,100,108,4,118,99,65,115" hai2="74,129,132,120,66,112,95,75,113,121,12,107,35" hai3="50,55,11,42,109,44,61,39,103,13,78,116,47"/><V9/><F35/><W96/><G116/><T86/><D69/><U77/><E118/><V38/><F132/><W106/><G109/><T134/><D37/><U0/><E108/><V51/><F38/><W21/><G78/><T3/><D111/><U31/><E122/><V94/><F107/><W52/><G21/><T26/><D130/><U67/><E67/><V63/><F51/><W98/><G98/><T117/><D117/><U18/><E115/><N who="2" m="44107" /><F94/><W54/><REACH who="3" step="1"/><G61/><REACH who="3" ten="274,265,299,142" step="2"/><T10/><D134/><U72/><E62/><V133/><F133/><W64/><G64/><T2/><D87/><U70/><E65/><V56/><F120/><W15/><G15/><T92/><D86/><U49/><E77/><V110/><F121/><W46/><G46/><T45/><D45/><U68/><E1/><V14/><F14/><W83/><G83/><T131/><D81/><U119/><E0/><V29/><F110/><W24/><G24/><T88/><D3/><U22/><E80/><V97/><F129/><W8/><G8/><T127/><D131/><U32/><E119/><V16/><F29/><W76/><G76/><T104/><D82/><U85/><E31/><V23/><F9/><W114/><G114/><T126/><D28/><U33/><E22/><V48/><F97/><AGARI ba="1,2" hai="2,5,10,25,26,84,88,92,97,101,104,124,126,127" machi="97" ten="40,5200,0" yaku="18,1,52,1,54,1" doraHai="7" who="0" fromWho="2" sc="274,75,265,0,299,-55,142,0" /><INIT seed="7,0,0,3,4,123" ten="349,265,244,142" oya="3" hai0="86,63,110,35,56,13,92,23,5,30,52,121,80" hai1="37,127,120,42,82,89,119,124,87,11,99,24,117" hai2="47,25,75,118,8,57,130,100,46,45,111,135,105" hai3="126,28,85,83,125,62,19,1,109,17,20,40,96"/><W94/><G1/><T58/><D110/><U55/><E120/><V10/><F75/><W131/><G131/><T33/><D121/><U49/><E11/><V128/><F111/><W67/><G109/><T39/><D39/><U73/><E73/><V102/><F118/><N who="1" m="45065" /><E37/><V27/><F57/><N who="3" m="37327" /><G40/><T112/><D80/><U41/><E24/><N who="2" m="9291" /><F135/><W16/><G28/><T34/><D58/><N who="1" m="33135" /><E99/><V26/><F26/><N who="3" m="14599" /><G126/><AGARI ba="0,0" hai="41,42,82,87,89,124,126,127" m="33135,45065" machi="126" ten="30,2000,0" yaku="18,1,12,1" doraHai="123" who="1" fromWho="3" sc="349,0,265,20,244,0,142,-20" owari="349,45.0,285,9.0,244,-16.0,122,-38.0" /></mjloggm>