<mjloggm ver="2.3"><GO type="169" lobby="0"/><UN n0="%E3%82%AB%E3%83%9D%E3%83%8D%E5%9B%A3%E3%81%AE%E5%85%84%E8%B2%B4" n1="%E4%B8%80%E6%9C%AC%E5%A0%B4" n2="%E3%83%88%E3%83%88%E3%83%AA%E5%85%88%E7%94%9F%31%39%E6%AD%B3" n3="%E4%BB%B2%E5%B7%9D%E7%BF%94" dan="17,16,19,17" rate="2196.02,2167.75,2294.83,2167.99" sx="M,M,F,M"/><TAIKYOKU oya="0"/><INIT seed="0,0,0,3,5,89" ten="250,250,250,250" oya="0" hai0="61,126,58,110,16,67,133,78,81,53,131,32,124" hai1="59,54,44,63,57,56,28,87,31,120,6,25,27" hai2="12,91,52,21,51,103,22,41,43,45,0,77,3" hai3="46,66,35,85,34,39,75,47,17,50,69,62,23"/><T116/><D116/><U11/><E120/><V107/><F77/><W90/><G75/><T15/><D32/><U80/><E44/><V123/><F123/><W84/><G84/><T95/><D131/><U1/><E27/><V49/><F103/><W134/><G134/><T60/><D133/><U55/><E55/><V125/><F107/><W117/><G117/><T14/><D110/><U68/><E68/><V36/><F36/><W94/><G46/><T93/><D81/><U73/><E73/><V98/><F125/><N who="0" m="48234" /><D78/><U101/><E101/><V109/><F109/><W105/><G105/><T121/><D121/><U135/><E135/><V113/><F113/><W130/><G130/><T2/><D2/><U122/><E122/><V114/><F114/><W18/><G39/><T13/><D16/><U88/><REACH who="1" step="1"/><E31/><REACH who="1" ten="250,240,250,250" step="2"/><V20/><F45/><W40/><REACH who="3" step="1"/><G17/><REACH who="3" ten="250,240,250,240" step="2"/><T96/><D96/><U33/><AGARI ba="0,2" hai="1,6,11,25,28,33,54,56,57,59,63,80,87,88" machi="33" ten="20,12000,2" yaku="1,1,2,1,0,1,7,1,54,1,53,1" doraHai="89" doraHaiUra="76" who="1" fromWho="1" sc="250,-60,240,140,250,-30,240,-30" /><INIT seed="1,0,0,3,0,129" ten="190,380,220,210" oya="1" hai0="44,102,31,109,93,92,116,53,10,42,15,96,97" hai1="7,108,38,113,114,55,22,59,130,45,88,65,63" hai2="107,111,124,47,46,9,98,61,87,79,50,126,110" hai3="123,90,100,84,18,67,8,36,132,5,115,118,60"/><U122/><E122/><V91/><F9/><W78/><G115/><T89/><D116/><U43/><E7/><V37/><F37/><W64/><G36/><T52/><D31/><U77/><E77/><V58/><F79/><W128/><G128/><T99/><D99/><U1/><E130/><V34/><F34/><W82/><G123/><T94/><D94/><U41/><E1/><V112/><F98/><W11/><G100/><T80/><D80/><U125/><E125/><N who="2" m="48235" /><F107/><W12/><G118/><T20/><D20/><U95/><E43/><N who="2" m="24927" /><F47/><W74/><G60/><T105/><D105/><U119/><E119/><V40/><F40/><W81/><REACH who="3" step="1"/><G132/><REACH who="3" ten="190,380,220,200" step="2"/><T131/><D131/><U104/><E114/><V85/><F112/><W27/><G27/><T3/><D109/><N who="2" m="41482" /><F91/><W23/><G23/><T83/><D89/><U76/><E108/><V33/><F33/><W101/><G101/><T134/><D102/><U68/><E113/><V16/><F16/><W51/><G51/><T75/><D42/><U135/><E41/><V39/><F39/><W70/><G70/><T32/><D32/><U19/><E68/><V2/><F2/><AGARI ba="0,1" hai="2,5,8,11,12,18,64,67,74,78,81,82,84,90" machi="2" ten="30,2000,0" yaku="1,1,7,1,53,0" doraHai="129" doraHaiUra="30" who="3" fromWho="2" sc="190,0,380,0,220,-20,200,30" /><INIT seed="2,0,0,0,4,99" ten="190,380,200,230" oya="2" hai0="91,8,122,37,125,117,26,84,40,4,112,127,25" hai1="123,48,38,49,21,100,60,31,115,15,39,74,102" hai2="43,134,47,76,14,24,33,59,12,46,92,83,45" hai3="87,58,41,89,62,103,64,126,81,56,2,20,94"/><V133/><F43/><W63/><G126/><N who="0" m="48139" /><D122/><U27/><E74/><V6/><F59/><W90/><G2/><N who="0" m="23" /><D112/><U80/><E115/><V11/><F14/><W88/><G41/><T66/><D117/><U36/><E123/><V96/><F24/><W106/><G106/><T52/><D66/><U19/><E60/><V69/><F33/><W32/><G20/><T71/><D71/><U119/><E119/><V132/><F69/><W30/><G30/><T101/><D101/><U0/><E0/><V108/><F108/><W97/><G32/><T114/><D114/><U67/><E67/><AGARI ba="0,0" hai="56,58,62,63,64,67,81,87,88,89,90,94,97,103" machi="67" ten="30,8000,1" yaku="7,1,9,1,8,1,52,1,54,1" doraHai="99" who="3" fromWho="1" sc="190,0,380,-80,200,0,230,80" /><INIT seed="3,0,0,5,5,18" ten="190,300,200,310" oya="3" hai0="86,75,87,113,38,46,135,6,24,114,120,39,92" hai1="131,17,90,49,95,85,34,37,28,99,60,9,50" hai2="100,110,124,27,72,44,103,121,94,57,80,69,45" hai3="51,67,25,68,30,33,65,108,97,59,74,12,11"/><W132/><G74/><T5/><D135/><U58/><E37/><V82/><F110/><W61/><G132/><T122/><D24/><U41/><E131/><V128/><F69/><W70/><G108/><T130/><D75/><U23/><E34/><V126/><F128/><W8/><G8/><T0/><D130/><U20/><E28/><V127/><F121/><W14/><G14/><T64/><D46/><N who="2" m="18026" /><F57/><W7/><G51/><N who="1" m="19466" /><E41/><V21/><F94/><W52/><G68/><T83/><D92/><N who="1" m="54351" /><E17/><N who="2" m="12719" /><F80/><W106/><REACH who="3" step="1"/><G70/><REACH who="3" ten="190,300,200,300" step="2"/><T93/><D120/><U26/><E9/><V115/><F115/><W32/><G32/><T98/><D122/><U22/><E26/><V111/><F111/><W101/><AGARI ba="0,1" hai="7,11,12,25,30,33,52,59,61,65,67,97,101,106" machi="101" ten="30,11700,0" yaku="1,1,0,1,54,1,53,1" doraHai="18" doraHaiUra="1" who="3" fromWho="3" sc="190,-39,300,-39,200,-39,300,127" /><INIT seed="3,1,0,4,0,95" ten="151,261,161,427" oya="3" hai0="57,118,50,69,58,16,14,68,72,24,3,61,119" hai1="93,110,48,10,39,64,51,70,62,56,55,79,102" hai2="89,114,84,128,34,8,28,109,76,31,75,36,133" hai3="65,25,115,98,105,5,52,44,120,26,15,100,71"/><W37/><G115/><T30/><D72/><U127/><E79/><V88/><F114/><W11/><G120/><T80/><D3/><U9/><E110/><V1/><F36/><W7/><G7/><T108/><D108/><U123/><E123/><V113/><F113/><W41/><REACH who="3" step="1"/><G52/><REACH who="3" ten="151,261,161,417" step="2"/><T53/><D118/><U130/><E55/><V125/><F109/><W83/><G83/><T73/><D80/><U47/><E47/><V96/><F128/><W107/><G107/><T13/><D119/><U32/><E130/><V106/><F106/><W90/><G90/><T29/><D68/><U12/><E70/><V131/><F89/><W35/><G35/><T78/><D69/><U77/><E32/><V63/><F34/><W18/><G18/><T116/><D116/><U45/><E45/><V126/><F88/><W112/><G112/><T74/><D78/><U124/><E77/><V6/><F131/><W54/><G54/><T20/><D57/><U87/><E56/><V85/><F76/><W92/><G92/><T117/><D117/><U101/><E93/><V49/><F6/><W38/><G38/><T66/><D29/><U103/><E39/><V104/><F31/><W22/><G22/><T4/><D4/><U43/><E62/><AGARI ba="1,1" hai="5,11,15,25,26,37,41,44,62,65,71,98,100,105" machi="62" ten="40,7700,0" yaku="1,1,52,1,53,1" doraHai="95" doraHaiUra="42" who="3" fromWho="1" sc="151,0,261,-80,161,0,417,90" /><INIT seed="3,2,0,0,1,123" ten="151,181,161,507" oya="3" hai0="48,85,73,112,65,3,19,132,30,95,31,57,12" hai1="68,4,27,113,52,126,69,76,61,8,26,122,66" hai2="9,37,118,101,83,134,110,49,121,40,84,79,87" hai3="99,93,130,29,77,39,20,102,41,36,70,67,6"/><W82/><G130/><T33/><D73/><U44/><E113/><V14/><F118/><W133/><G133/><T55/><D3/><U129/><E122/><V13/><F121/><W2/><G2/><T22/><D132/><U98/><E69/><V23/><F37/><W96/><G6/><T127/><D127/><U24/><E126/><V34/><F34/><W108/><G41/><T114/><D65/><U32/><E129/><V58/><F134/><W104/><G67/><T59/><D59/><U116/><E116/><V88/><F101/><W97/><G97/><T10/><D33/><U63/><E76/><V91/><F110/><W124/><G108/><T18/><D112/><U103/><E32/><V43/><F79/><W100/><G70/><T21/><D10/><U71/><E71/><V128/><F128/><W28/><G124/><T42/><D42/><U117/><E117/><V17/><F49/><W90/><G90/><N who="0" m="53711" /><D114/><U35/><E35/><V94/><REACH who="2" step="1"/><F58/><REACH who="2" ten="151,181,151,507" step="2"/><W60/><G39/><T53/><D53/><U25/><E68/><V0/><F0/><W38/><G38/><T46/><D57/><U64/><E52/><V56/><F56/><W105/><G36/><T11/><D55/><U54/><E66/><V119/><F119/><W107/><G102/><T135/><D48/><N who="1" m="28935" /><E64/><V51/><F51/><W47/><G100/><T50/><D135/><U45/><E45/><V62/><F62/><W78/><G47/><T74/><D50/><U16/><E63/><V5/><AGARI ba="2,1" hai="5,9,13,14,17,23,40,43,83,84,87,88,91,94" machi="5" ten="20,12000,2" yaku="1,1,0,1,7,1,8,1,54,1,53,2" doraHai="123" doraHaiUra="86" who="2" fromWho="2" sc="151,-32,181,-32,151,136,507,-62" /><INIT seed="4,0,0,1,0,103" ten="119,149,287,445" oya="0" hai0="111,65,104,86,134,5,133,42,3,91,117,75,41" hai1="68,128,47,20,33,119,2,21,58,99,105,131,107" hai2="67,70,94,106,27,28,40,11,127,84,36,63,116" hai3="44,66,109,30,78,55,50,89,74,118,98,87,88"/><T49/><D117/><U71/><E2/><V59/><F116/><W93/><G109/><T15/><D75/><U0/><E0/><V9/><F106/><N who="1" m="40457" /><E119/><V61/><F127/><W73/><G78/><T37/><D3/><U130/><E99/><V97/><F84/><W53/><G66/><T114/><D111/><U124/><E124/><V52/><F40/><W100/><G89/><T112/><D104/><U101/><E101/><V132/><F132/><N who="0" m="50794" /><D65/><U32/><E58/><V18/><F18/><W96/><G96/><T22/><D37/><U125/><E47/><V14/><F14/><W10/><G30/><T60/><D60/><U122/><E122/><V129/><F36/><W7/><G55/><T76/><D76/><U34/><E125/><V90/><F129/><W12/><G118/><T16/><D5/><U82/><E82/><AGARI ba="0,0" hai="7,10,12,44,50,53,73,74,82,87,88,93,98,100" machi="82" ten="30,2000,0" yaku="7,1,54,1" doraHai="103" who="3" fromWho="1" sc="119,0,149,-20,287,0,445,20" /><INIT seed="5,0,0,2,3,93" ten="119,129,287,465" oya="1" hai0="50,16,125,64,2,94,102,47,96,23,51,99,111" hai1="67,27,70,86,109,110,87,103,76,21,115,19,42" hai2="75,26,130,3,91,34,40,128,66,85,45,105,78" hai3="32,25,131,119,36,107,122,81,132,54,89,135,1"/><U71/><E42/><V98/><F3/><W106/><G122/><T8/><D111/><N who="1" m="42507" /><E115/><V55/><F66/><W59/><G1/><T10/><D125/><U62/><E76/><V48/><F75/><W52/><G119/><T121/><D121/><U29/><E71/><V90/><F78/><W18/><G36/><T6/><D10/><U12/><E103/><N who="2" m="62711" /><F34/><AGARI ba="0,0" hai="12,19,21,27,29,34,62,67,70,86,87" m="42507" machi="34" ten="30,1500,0" yaku="10,1" doraHai="93" who="1" fromWho="2" sc="119,0,129,15,287,-15,465,0" /><INIT seed="5,1,0,1,3,111" ten="119,144,272,465" oya="1" hai0="122,26,125,78,10,47,127,131,82,28,0,86,44" hai1="42,119,118,88,70,85,89,50,99,32,133,46,37" hai2="79,132,9,73,38,45,40,49,71,97,6,102,53" hai3="20,104,106,116,94,129,60,90,27,81,128,8,24"/><U41/><E32/><V112/><F132/><W110/><G110/><T22/><D131/><N who="3" m="50249" /><G116/><T108/><D108/><U31/><E70/><V107/><F49/><W130/><G130/><T16/><D122/><U109/><E109/><V95/><F53/><W1/><G81/><T59/><D59/><U84/><E31/><V35/><F95/><W29/><G60/><T68/><D68/><U4/><E133/><V11/><F11/><W91/><G91/><T23/><D10/><U62/><E4/><V134/><F71/><W92/><G92/><T75/><D0/><U77/><E42/><V51/><F51/><W14/><G24/><T19/><D75/><U101/><E37/><V105/><F105/><W74/><G74/><T58/><D58/><U15/><E62/><V72/><F35/><W76/><G76/><T115/><D115/><U83/><E15/><V80/><F72/><W114/><G114/><T43/><D28/><U66/><E66/><V25/><F25/><W135/><G1/><T63/><D63/><U120/><E120/><V21/><F21/><W17/><G135/><T30/><D30/><U52/><E41/><V103/><F103/><W39/><G39/><T36/><REACH who="0" step="1"/><D47/><REACH who="0" ten="109,144,272,465" step="2"/><U12/><E119/><V2/><F134/><W54/><G8/><T55/><D55/><U13/><E118/><V123/><F123/><W121/><G54/><T56/><D56/><U48/><E52/><V96/><F112/><W100/><G121/><T34/><D34/><U7/><E46/><V69/><F69/><W3/><G29/><T93/><D93/><U64/><E64/><RYUUKYOKU ba="1,1" sc="109,15,144,-15,272,15,465,-15" hai0="16,19,22,23,26,36,43,44,78,82,86,125,127" hai2="2,6,9,38,40,45,73,79,80,96,97,102,107" /><INIT seed="6,2,1,1,1,9" ten="124,129,287,450" oya="2" hai0="113,73,99,19,22,67,56,28,55,30,54,35,103" hai1="75,134,17,18,112,62,115,27,120,135,83,77,20" hai2="39,80,107,128,96,21,12,97,106,37,132,84,51" hai3="74,34,40,109,100,119,53,114,46,117,122,111,85"/><V102/><F128/><W48/><G122/><T98/><D73/><U45/><E45/><V105/><F132/><N who="1" m="50729" /><E120/><V64/><F64/><W76/><G34/><T69/><D113/><N who="1" m="43595" /><E62/><V25/><F51/><W43/><G74/><T11/><D35/><U36/><E36/><V6/><F25/><W57/><G43/><T95/><D11/><U118/><E118/><V72/><F72/><W130/><G130/><T78/><D78/><U94/><E94/><V124/><F124/><W41/><G41/><T60/><D99/><U108/><E108/><V101/><F105/><W47/><G47/><T23/><D69/><U82/><E82/><V126/><F126/><W127/><G127/><T58/><D22/><U65/><E65/><V1/><F1/><W32/><G32/><T33/><D33/><U44/><E44/><V59/><F59/><W8/><G109/><T26/><D67/><U121/><E121/><V133/><F133/><W71/><G111/><T31/><D31/><AGARI ba="2,1" hai="17,18,20,27,31,75,77,83" m="43595,50729" machi="31" ten="30,2000,0" yaku="20,1,15,1" doraHai="9" who="1" fromWho="0" sc="124,-26,129,36,287,0,450,0" /><INIT seed="7,0,0,5,5,65" ten="98,165,287,450" oya="3" hai0="70,26,77,19,71,31,134,35,10,104,18,29,131" hai1="128,102,103,13,8,64,25,132,6,16,105,42,88" hai2="101,2,66,119,94,112,55,129,63,24,32,99,87" hai3="41,80,85,84,46,60,4,96,107,61,23,118,126"/><W68/><G84/><T38/><D104/><U48/><E105/><V109/><F112/><W44/><G44/><T113/><D131/><U30/><E128/><V82/><F129/><W135/><G135/><T11/><D134/><U62/><E132/><V15/><F119/><W123/><G4/><T67/><D38/><U53/><E42/><V22/><F109/><W9/><G9/><T79/><D67/><U81/><E6/><V12/><F2/><W92/><G68/><T127/><D26/><U57/><E88/><V0/><F0/><W17/><G107/><T120/><D127/><U54/><E81/><V59/><F32/><W97/><G97/><T37/><D37/><U47/><E54/><V86/><F55/><W75/><G75/><T27/><D27/><U122/><E122/><V3/><F3/><W90/><G123/><T73/><D120/><U14/><E14/><V83/><F86/><W89/><G126/><T78/><D113/><U110/><E110/><V43/><F43/><W39/><G118/><T50/><D50/><U115/><E115/><V52/><F52/><W49/><G49/><T95/><D95/><U108/><E108/><V117/><F117/><W21/><G21/><AGARI ba="0,0" hai="8,13,16,21,25,30,47,48,53,57,62,64,102,103" machi="21" ten="30,3900,0" yaku="7,1,8,1,54,1" doraHai="65" who="1" fromWho="3" sc="98,0,165,39,287,0,450,-39" owari="98,-40.0,204,-20.0,287,9.0,411,51.0" /></mjloggm>