<mjloggm ver="2.3"><GO type="169" lobby="0"/><UN n0="%E3%81%82%E3%82%8A%E3%81%A1%E3%82%83" n1="%66%6C%61%6E%64%33" n2="%E3%81%8A%E3%83%BC%E3%81%84%E3%81%8A%E8%8C%B6" n3="%E3%82%A6%E3%83%AB%E3%83%88%E3%83%A9%E7%AB%8B%E7%9B%B4" dan="16,16,18,16" rate="2031.97,2055.84,2288.33,2173.54" sx="M,M,M,M"/><TAIKYOKU oya="0"/><INIT seed="0,0,0,5,2,95" ten="250,250,250,250" oya="0" hai0="86,33,17,69,123,94,90,116,80,133,56,83,13" hai1="111,122,75,62,110,106,115,107,27,135,9,124,91" hai2="47,73,19,100,39,40,53,23,102,45,42,15,60" hai3="71,35,88,92,48,43,25,32,61,77,64,59,114"/><T7/><D123/><U78/><E9/><V10/><F73/><W0/><G114/><T129/><D69/><U127/><E27/><V126/><F126/><N who="1" m="48169" /><E62/><V128/><F128/><W70/><G77/><T108/><D116/><U36/><E36/><V31/><F60/><W93/><G93/><T66/><D129/><U46/><E46/><V52/><F100/><W65/><G0/><T72/><D33/><U130/><E130/><V12/><F102/><W11/><G11/><T24/><D133/><U37/><E37/><V54/><F31/><W18/><G65/><T101/><D72/><U28/><E28/><V131/><F131/><W44/><G35/><T30/><D7/><U79/><E115/><V89/><F89/><W5/><G5/><T118/><D118/><U125/><E122/><V21/><REACH who="2" step="1"/><F15/><REACH who="2" ten="250,250,240,250" step="2"/><W29/><REACH who="3" step="1"/><G18/><REACH who="3" ten="250,250,240,240" step="2"/><T16/><D17/><U50/><E125/><V67/><F67/><W97/><AGARI ba="0,2" hai="25,29,32,43,44,48,59,61,64,70,71,88,92,97" machi="97" ten="20,12000,2" yaku="1,1,2,1,0,1,7,1,52,1,54,1,53,0" doraHai="95" doraHaiUra="14" who="3" fromWho="3" sc="250,-60,250,-30,240,-30,240,140" /><INIT seed="1,0,0,3,5,13" ten="190,220,210,380" oya="1" hai0="37,110,131,68,24,30,22,4,52,90,2,91,59" hai1="73,56,114,48,87,23,69,17,63,53,72,39,89" hai2="9,19,57,66,94,54,34,117,112,86,100,82,7" hai3="58,95,43,36,49,106,120,6,75,50,124,0,105"/><U134/><E114/><V46/><F34/><W129/><G120/><T11/><D68/><U74/><E134/><V125/><F117/><W40/><G75/><T76/><D37/><U67/><E39/><V60/><F112/><W102/><G0/><T80/><D110/><U62/><E62/><V109/><F109/><W81/><G6/><T111/><D131/><U10/><E10/><V128/><F128/><W97/><G36/><T77/><D77/><U38/><E38/><V42/><F125/><W93/><G81/><T113/><D113/><U133/><E133/><V92/><F42/><W98/><G129/><T107/><D107/><U127/><E127/><V21/><F100/><W15/><G102/><T45/><D45/><U119/><E119/><V88/><F46/><W79/><G58/><T65/><D65/><U18/><REACH who="1" step="1"/><E23/><REACH who="1" ten="190,210,210,380" step="2"/><V33/><F33/><W14/><G124/><T27/><D111/><U5/><E5/><V130/><F130/><W135/><G135/><T116/><D116/><U55/><E55/><V64/><F64/><W3/><G43/><T83/><D22/><U1/><E1/><V29/><F66/><W26/><G3/><T41/><D2/><U108/><E108/><V20/><F29/><W71/><G40/><T103/><D41/><U121/><E121/><V44/><F21/><W99/><G49/><T31/><D30/><U84/><E84/><V8/><F7/><W101/><G50/><T47/><D31/><U126/><E126/><V28/><F28/><W104/><G71/><T25/><D4/><U61/><E61/><V132/><F132/><RYUUKYOKU ba="0,1" sc="190,-10,210,30,210,-10,380,-10" hai1="17,18,48,53,56,63,67,69,72,73,74,87,89" /><INIT seed="1,1,1,0,3,37" ten="180,240,200,370" oya="1" hai0="84,123,59,107,28,83,87,16,24,67,94,15,121" hai1="102,128,55,19,9,65,44,34,76,61,2,50,1" hai2="99,118,48,52,62,111,92,29,98,22,57,117,127" hai3="56,14,4,126,82,103,60,46,131,54,90,101,49"/><U20/><E34/><V39/><F39/><W30/><G30/><T79/><D107/><U75/><E128/><V7/><F111/><W25/><G25/><T42/><D67/><U72/><E102/><V115/><F127/><W88/><G126/><T69/><D69/><U21/><E20/><V86/><F115/><W68/><G68/><T73/><D59/><U124/><E124/><V63/><F7/><W35/><G35/><T120/><D42/><U0/><E9/><V5/><F5/><W40/><G131/><T6/><D94/><U8/><E8/><V122/><F122/><W11/><G90/><T71/><D71/><U95/><E95/><V130/><F130/><W47/><G47/><T12/><D6/><U119/><E119/><V106/><F106/><W114/><G114/><T33/><D12/><U77/><E61/><N who="2" m="23051" /><F118/><W100/><G100/><T74/><REACH who="0" step="1"/><D74/><REACH who="0" ten="170,240,200,370" step="2"/><U135/><E65/><V113/><F117/><W109/><G109/><T91/><D91/><U129/><E129/><V3/><F113/><W23/><G88/><T41/><D41/><U26/><REACH who="1" step="1"/><E135/><REACH who="1" ten="170,230,200,370" step="2"/><V105/><F105/><W125/><G125/><T108/><D108/><U17/><E17/><V70/><F70/><W45/><G103/><T36/><D36/><U27/><E27/><N who="2" m="16631" /><F3/><W78/><G101/><T58/><D58/><U133/><E133/><V43/><F57/><W116/><G116/><T104/><D104/><U110/><E110/><V96/><F92/><W66/><G66/><T81/><D81/><U112/><E112/><V93/><F93/><W10/><G56/><T134/><D134/><RYUUKYOKU ba="1,3" sc="170,15,230,15,200,-15,370,-15" hai0="15,16,24,28,33,73,79,83,84,87,120,121,123" hai1="0,1,2,19,21,26,44,50,55,72,75,76,77" /><INIT seed="1,2,3,1,2,62" ten="185,245,185,355" oya="1" hai0="103,40,48,121,73,8,29,10,55,71,124,132,59" hai1="44,76,77,14,60,13,130,110,34,113,93,85,67" hai2="108,27,135,3,75,21,63,26,7,98,96,6,11" hai3="68,120,118,119,66,12,90,95,69,64,17,80,126"/><U9/><E34/><V38/><F38/><W19/><G80/><T18/><D73/><U86/><E113/><V39/><F39/><W50/><G120/><T61/><D121/><U116/><E116/><N who="3" m="44586" /><G126/><T24/><D124/><U2/><E2/><V101/><F75/><W70/><G50/><T84/><D132/><U23/><E130/><V53/><F135/><W52/><G52/><N who="0" m="34023" /><D71/><U4/><E110/><V22/><F108/><W20/><G19/><T47/><D29/><U79/><E44/><V112/><F112/><W33/><G33/><T128/><D128/><U123/><E123/><V32/><F32/><W37/><G37/><T54/><D103/><U56/><REACH who="1" step="1"/><E93/><REACH who="1" ten="185,235,185,355" step="2"/><V28/><F3/><W94/><G94/><T106/><D106/><U97/><E97/><AGARI ba="2,4" hai="12,17,20,64,66,68,69,70,90,95,97" m="44586" machi="97" ten="40,5200,0" yaku="12,1,52,2" doraHai="62" who="3" fromWho="1" sc="185,0,235,-58,185,0,355,98" /><INIT seed="2,0,0,2,4,45" ten="185,177,185,453" oya="2" hai0="31,21,79,25,122,36,85,99,8,123,18,73,11" hai1="130,51,76,2,14,106,75,35,6,41,13,40,115" hai2="28,83,53,135,9,110,80,95,7,48,124,102,98" hai3="24,70,89,126,64,78,63,68,125,5,55,67,54"/><V101/><F135/><W66/><G78/><T71/><D36/><U46/><E106/><V105/><F124/><W56/><G5/><T107/><D71/><N who="3" m="27177" /><G89/><T30/><D73/><U17/><E130/><V88/><F28/><W50/><G24/><T86/><D107/><U32/><E115/><V37/><F37/><W16/><G16/><T26/><D18/><U19/><E2/><V38/><F38/><W132/><G132/><T121/><D99/><U39/><E6/><V15/><F110/><W129/><G129/><T42/><D42/><U81/><E40/><V65/><F65/><W100/><G100/><N who="2" m="38505" /><F105/><W10/><G10/><N who="0" m="3627" /><D79/><U58/><E17/><V4/><F7/><W127/><G55/><T22/><D86/><U49/><E13/><V84/><F84/><W91/><G91/><T34/><D85/><U44/><E58/><AGARI ba="0,0" hai="4,9,15,48,53,58,80,83,88,95,98" m="38505" machi="58" ten="30,5800,0" yaku="8,1,52,1,54,1" doraHai="45" who="2" fromWho="1" sc="185,0,177,-58,185,58,453,0" /><AGARI ba="0,0" hai="50,54,56,58,63,64,66,67,125,126,127" m="27177" machi="58" ten="40,8000,1" yaku="18,1,34,2,52,1" doraHai="45" who="3" fromWho="1" sc="185,0,119,-80,243,0,453,80" /><INIT seed="2,1,0,0,0,65" ten="185,39,243,533" oya="2" hai0="32,60,122,116,45,6,78,111,106,71,70,103,72" hai1="10,30,84,59,129,75,18,96,105,131,52,26,35" hai2="132,8,29,73,40,13,16,100,43,24,82,4,46" hai3="3,28,20,85,25,99,67,54,69,107,19,83,135"/><V90/><F132/><W80/><G3/><T108/><D116/><U97/><E75/><V77/><F100/><W33/><G135/><T134/><D134/><U41/><E41/><V66/><F66/><W125/><G54/><T2/><D122/><U31/><E31/><V47/><F90/><W104/><G125/><T128/><D128/><N who="1" m="49227" /><E105/><V121/><F121/><W81/><G85/><T74/><D60/><N who="1" m="35943" /><E84/><V5/><F46/><W130/><G130/><T21/><D45/><U27/><E27/><V113/><F113/><W64/><G64/><T55/><D55/><U53/><E53/><V124/><F124/><W110/><G110/><N who="0" m="42027" /><D21/><U61/><E61/><V15/><F15/><AGARI ba="1,0" hai="10,15,18,26,30,35,96,97" m="35943,49227" machi="15" ten="30,2000,0" yaku="19,1,54,1" doraHai="65" who="1" fromWho="2" sc="185,0,39,23,243,-23,533,0" /><INIT seed="3,0,0,1,5,54" ten="185,62,220,533" oya="3" hai0="112,122,132,91,77,2,120,9,68,74,75,92,129" hai1="5,32,73,1,93,70,10,27,119,87,104,58,44" hai2="95,100,41,96,31,131,111,19,0,127,36,6,60" hai3="103,62,76,98,84,22,105,52,107,134,117,114,20"/><W88/><G117/><T85/><D68/><U116/><E70/><V35/><F35/><W125/><G114/><T115/><D2/><U61/><E104/><V24/><F36/><W59/><G125/><T16/><D129/><U94/><E73/><N who="0" m="27657" /><D132/><U18/><E44/><V126/><F41/><W37/><G37/><T56/><D56/><U133/><E133/><V128/><F19/><W90/><G107/><T109/><D109/><U42/><E42/><V66/><F111/><W25/><G22/><T29/><D29/><U82/><E119/><V40/><F40/><W7/><G7/><T30/><D30/><U72/><E72/><V110/><F110/><W123/><G123/><N who="0" m="47147" /><D16/><U78/><E116/><V55/><F55/><W124/><G124/><N who="2" m="47657" /><F0/><W121/><G121/><T81/><D9/><U38/><E38/><V34/><F6/><W101/><G20/><T39/><D39/><U65/><REACH who="1" step="1"/><E18/><REACH who="1" ten="185,52,220,533" step="2"/><V97/><F128/><W79/><G134/><T99/><AGARI ba="0,1" hai="77,81,85,91,92,99,112,115" m="47147,27657" machi="99" ten="40,2700,0" yaku="34,2" doraHai="54" who="0" fromWho="0" sc="185,37,52,-7,220,-7,533,-13" /><INIT seed="4,0,0,1,0,36" ten="222,45,213,520" oya="0" hai0="19,83,37,82,5,108,62,29,50,52,49,2,104" hai1="106,16,61,80,78,38,33,79,18,8,117,130,81" hai2="133,75,114,124,65,20,60,91,28,77,41,127,101" hai3="84,107,118,30,17,125,44,92,134,99,69,126,57"/><T93/><D104/><U123/><E123/><V102/><F114/><W70/><G30/><T71/><D37/><U23/><E33/><V72/><F133/><W119/><G134/><T25/><D108/><U15/><E130/><V45/><F91/><W63/><G84/><T54/><D71/><U94/><E106/><V90/><F90/><N who="3" m="55703" /><G107/><T14/><D5/><U31/><E117/><V121/><F121/><W88/><G17/><T4/><D4/><U120/><E120/><V56/><F101/><W100/><G100/><T73/><D2/><U95/><E38/><N who="2" m="21687" /><F102/><W22/><G70/><T86/><D73/><U9/><E31/><V128/><F77/><W76/><G69/><T122/><D122/><U39/><E39/><V96/><F96/><W26/><G76/><T32/><D93/><U46/><E15/><V47/><F47/><W59/><G125/><N who="2" m="48201" /><F128/><W48/><G44/><T97/><D97/><U111/><E46/><V53/><F65/><W10/><G126/><T42/><D82/><U85/><E85/><V131/><F131/><W112/><G112/><T1/><D86/><U103/><E103/><V27/><AGARI ba="0,0" hai="20,27,28,53,56,60,72,75" m="48201,21687" machi="27" ten="30,2000,0" yaku="18,1,52,1" doraHai="36" who="2" fromWho="2" sc="222,-10,45,-5,213,20,520,-5" /><INIT seed="5,0,0,4,0,127" ten="212,40,233,515" oya="1" hai0="124,23,135,89,110,131,129,24,6,64,15,81,17" hai1="62,130,4,12,70,117,112,40,82,5,73,91,58" hai2="11,18,1,116,77,113,26,85,74,44,66,46,7" hai3="43,14,96,93,13,51,19,42,103,61,48,78,95"/><U72/><E70/><V0/><F116/><W83/><G95/><T21/><D110/><U121/><E117/><V68/><F1/><W29/><G29/><T102/><D102/><U8/><E121/><V99/><F85/><N who="3" m="48375" /><G61/><T75/><D64/><U98/><E112/><V9/><F46/><N who="3" m="25687" /><G19/><T2/><D75/><U104/><E40/><V128/><F66/><W37/><G37/><T38/><D38/><U25/><E4/><V71/><F7/><W30/><G30/><N who="0" m="17679" /><D81/><U97/><E104/><V32/><F18/><W115/><G115/><T22/><D89/><U108/><E108/><V119/><F77/><W54/><G43/><T63/><D63/><U35/><E72/><V111/><F74/><W79/><G79/><T41/><D41/><U69/><E69/><V65/><F71/><W94/><G94/><T86/><D124/><U67/><E98/><V56/><F99/><W36/><G36/><T92/><D135/><U27/><E73/><V10/><F68/><W80/><G80/><T39/><D39/><U57/><E35/><V31/><F113/><W3/><G3/><T47/><D92/><N who="1" m="56479" /><E82/><V45/><F0/><W132/><G132/><T87/><D47/><AGARI ba="0,0" hai="13,14,47,51,54,93,96,103" m="25687,48375" machi="47" ten="30,1000,0" yaku="8,1" doraHai="127" who="3" fromWho="0" sc="212,-10,40,0,233,0,515,10" /><INIT seed="6,0,0,0,0,33" ten="202,40,233,525" oya="2" hai0="44,100,61,42,112,72,135,49,125,124,39,59,130" hai1="68,52,13,119,54,99,65,118,14,12,105,84,86" hai2="50,34,63,4,96,36,115,29,104,113,16,92,25" hai3="23,56,26,114,9,126,43,108,106,0,48,38,35"/><V73/><F36/><W117/><G106/><T57/><D72/><U121/><E105/><V66/><F73/><W74/><G74/><T88/><D100/><U1/><E99/><V83/><F83/><W24/><G26/><T51/><D112/><U90/><E90/><V109/><F109/><W17/><G9/><T27/><D130/><U95/><E95/><V70/><F4/><W7/><G48/><N who="0" m="18507" /><D135/><U53/><E1/><V89/><F50/><W64/><G17/><T111/><D27/><U85/><E65/><V67/><F67/><W77/><G64/><N who="0" m="38959" /><D88/><U122/><REACH who="1" step="1"/><E68/><REACH who="1" ten="202,30,233,525" step="2"/><V78/><F104/><W134/><G0/><T22/><D111/><U123/><AGARI ba="0,1" hai="12,13,14,52,53,54,84,85,86,118,119,121,122,123" machi="123" ten="50,32000,5" yakuman="40" doraHai="33" doraHaiUra="116" who="1" fromWho="1" sc="202,-80,30,330,233,-160,525,-80" /><INIT seed="7,0,0,4,0,26" ten="122,360,73,445" oya="3" hai0="123,96,90,118,72,80,50,81,99,95,126,100,129" hai1="92,112,21,4,75,65,20,32,87,49,76,91,115" hai2="69,77,38,104,114,2,109,53,130,97,58,45,29" hai3="46,74,13,44,1,89,86,108,117,70,132,67,16"/><W24/><G1/><T15/><D123/><U43/><E32/><V7/><F69/><W41/><G74/><T48/><D118/><U40/><E65/><V121/><F109/><W79/><G79/><T6/><D126/><U34/><E34/><V62/><F121/><W124/><G24/><T30/><D129/><U28/><E4/><V47/><F130/><W101/><G101/><T57/><D30/><U110/><E110/><V120/><F120/><W23/><G117/><T127/><D127/><U27/><E20/><V31/><F114/><N who="1" m="43561" /><E49/><N who="0" m="19049" /><D72/><U10/><E10/><V88/><F77/><W61/><G124/><T134/><D134/><U0/><E0/><V116/><F116/><W18/><G132/><T37/><D37/><U35/><E35/><V36/><F36/><W56/><G70/><T93/><D57/><U64/><E64/><V60/><F104/><W113/><G108/><T17/><D6/><U82/><AGARI ba="0,0" hai="21,27,28,40,43,75,76,82,87,91,92" m="43561" machi="82" ten="30,2000,0" yaku="15,1,52,1" doraHai="26" who="1" fromWho="1" sc="122,-5,360,20,73,-5,445,-10" owari="117,-28.0,380,18.0,68,-43.0,435,53.0" /></mjloggm>