<mjloggm ver="2.3"><GO type="169" lobby="0"/><UN n0="%E3%83%88%E3%83%88%E3%83%AA%E5%85%88%E7%94%9F%31%39%E6%AD%B3" n1="%67%6F%73%68%69%6B%6B%75" n2="%6B%69%6E%6F%30%31" n3="%E3%83%8B%E3%83%A3%E3%83%83%E3%83%94%E3%83%BC%E5%A4%8F%E7%9B%AE" dan="19,17,16,17" rate="2325.68,2177.86,2045.56,2167.29" sx="F,F,M,M"/><TAIKYOKU oya="0"/><INIT seed="0,0,0,0,3,60" ten="250,250,250,250" oya="0" hai0="4,56,71,73,72,70,38,21,7,41,85,116,108" hai1="23,64,13,133,76,57,31,22,8,103,131,35,40" hai2="79,105,5,15,9,93,99,17,109,67,58,49,14" hai3="66,26,30,47,111,95,16,91,120,2,61,44,19"/><T98/><D116/><U10/><E131/><V129/><F105/><W37/><G2/><T12/><D108/><U11/><E133/><V127/><F109/><W32/><G120/><T45/><D98/><U115/><E115/><V90/><F129/><W6/><G6/><T54/><D85/><U113/><E113/><V134/><F134/><W94/><G111/><T20/><D4/><U83/><E40/><V92/><F79/><W128/><G128/><T50/><D20/><U33/><E103/><V81/><F81/><W43/><G47/><T77/><D77/><U114/><E114/><V124/><F93/><W89/><G95/><T65/><D71/><U96/><E96/><V118/><F118/><W25/><G25/><T34/><D34/><U119/><E119/><V135/><F135/><W104/><G104/><T24/><D12/><U78/><E78/><V84/><F99/><W117/><G117/><T28/><REACH who="0" step="1"/><D7/><REACH who="0" ten="240,250,250,250" step="2"/><U62/><E23/><N who="2" m="11703" /><F127/><W100/><G100/><T101/><D101/><U46/><E13/><V52/><F124/><W80/><G80/><T42/><D42/><U106/><E106/><V74/><F74/><W82/><G82/><T125/><D125/><U123/><E123/><V107/><F107/><W0/><G94/><T55/><D55/><U87/><REACH who="1" step="1"/><E46/><REACH who="1" ten="240,240,250,250" step="2"/><V110/><F110/><W27/><G44/><T130/><D130/><U68/><E68/><V1/><F15/><W63/><G43/><T121/><D121/><U86/><E86/><V29/><F1/><W48/><G0/><T126/><D126/><U59/><E59/><V97/><F58/><RYUUKYOKU ba="0,2" sc="240,15,240,15,250,-15,250,-15" hai0="21,24,28,38,41,45,50,54,56,65,70,72,73" hai1="8,10,11,22,31,33,35,57,62,64,76,83,87" /><INIT seed="0,1,2,0,2,124" ten="255,255,235,235" oya="0" hai0="112,134,99,57,41,49,76,87,45,95,94,8,122" hai1="71,22,85,98,100,68,121,111,15,1,125,119,35" hai2="63,81,110,102,120,93,17,14,64,25,108,114,24" hai3="65,70,89,28,31,33,82,42,62,127,40,10,6"/><T69/><D112/><U18/><E119/><V88/><F102/><W29/><G127/><T37/><D122/><U51/><E121/><V12/><F81/><W26/><G42/><T106/><D69/><U27/><E125/><V21/><F12/><W77/><G40/><T38/><D134/><U53/><E111/><N who="2" m="42539" /><F120/><W86/><REACH who="3" step="1"/><G77/><REACH who="3" ten="255,255,235,225" step="2"/><T52/><D76/><U118/><E118/><V67/><F114/><W4/><G4/><T32/><D38/><U7/><E7/><V20/><F20/><W3/><AGARI ba="1,3" hai="3,6,10,26,28,29,31,33,62,65,70,82,86,89" machi="3" ten="20,2700,0" yaku="1,1,0,1,7,1,53,0" doraHai="124" doraHaiUra="107" who="3" fromWho="3" sc="255,-14,255,-8,235,-8,225,60" /><INIT seed="1,0,0,2,3,40" ten="241,247,227,285" oya="1" hai0="130,98,25,129,86,0,101,12,78,118,4,135,132" hai1="104,29,67,63,9,113,71,24,77,61,93,131,57" hai2="128,84,116,21,55,92,70,75,87,81,134,94,126" hai3="17,18,80,28,103,6,90,5,89,47,83,74,124"/><U102/><E113/><V62/><F116/><W3/><G124/><T41/><D0/><U79/><E131/><N who="0" m="50185" /><D25/><U68/><E9/><V43/><F128/><W85/><G103/><T64/><D64/><U23/><E104/><V95/><F43/><W15/><G28/><T11/><D118/><U42/><E42/><V39/><F39/><W1/><G74/><T58/><D58/><U19/><E19/><V108/><F134/><W45/><G85/><T22/><D22/><U121/><E121/><V127/><F108/><W7/><G7/><T33/><D33/><U114/><E114/><V107/><F107/><W72/><G72/><T76/><D41/><U60/><E60/><V119/><F119/><W10/><G15/><T120/><D120/><U56/><E68/><V30/><F30/><W8/><AGARI ba="0,0" hai="1,3,5,6,8,10,17,18,45,47,80,83,89,90" machi="8" ten="25,8000,1" yaku="0,1,22,2,52,2" doraHai="40" who="3" fromWho="3" sc="241,-20,247,-40,227,-20,285,80" /><INIT seed="2,0,0,5,4,108" ten="221,207,207,365" oya="2" hai0="70,0,122,39,47,43,1,117,127,20,24,131,114" hai1="28,87,52,111,48,6,13,126,30,83,89,58,45" hai2="46,11,97,72,37,31,9,41,113,69,105,40,17" hai3="33,65,22,95,74,5,91,124,7,93,96,94,10"/><V15/><F72/><W121/><G33/><T35/><RYUUKYOKU type="yao9" ba="0,0" sc="221,0,207,0,207,0,365,0" hai0="0,1,20,24,35,39,43,47,70,114,117,122,127,131" /><INIT seed="2,1,0,0,5,17" ten="221,207,207,365" oya="2" hai0="11,58,117,50,122,30,21,7,33,74,39,99,110" hai1="37,13,95,98,3,89,19,55,114,112,12,54,119" hai2="49,85,125,78,61,35,23,31,129,76,73,81,40" hai3="109,77,32,29,57,107,47,22,6,2,133,102,14"/><V42/><F35/><W45/><G77/><T10/><D33/><U124/><E3/><V15/><F129/><W53/><G109/><T128/><D122/><U46/><E119/><V115/><F115/><W52/><G133/><T118/><D39/><U44/><E124/><V130/><F130/><W104/><G102/><T60/><D128/><U75/><E75/><V1/><F1/><W56/><G104/><T94/><D74/><U4/><E37/><V97/><F125/><W90/><G90/><T69/><D50/><U121/><E121/><V71/><F71/><W62/><G107/><T134/><D69/><U93/><E4/><V34/><F34/><W101/><G101/><N who="0" m="60663" /><D110/><U84/><E13/><V27/><F97/><W16/><G32/><T28/><D28/><U131/><E131/><V43/><F15/><N who="3" m="9503" /><G29/><T96/><D96/><U123/><E123/><V91/><F73/><W59/><G2/><T116/><D7/><U103/><E114/><V72/><F72/><W88/><G88/><T80/><D80/><U105/><E105/><V9/><F9/><N who="3" m="4407" /><G59/><T20/><D134/><U63/><E112/><V24/><F24/><W26/><G26/><N who="0" m="16711" /><D21/><U126/><E126/><V65/><F78/><W111/><G111/><T70/><D70/><U0/><E0/><V51/><F76/><W132/><G132/><T135/><D135/><U87/><E103/><V100/><F100/><W92/><G92/><T64/><AGARI ba="1,0" hai="10,11,58,60,64,116,117,118" m="16711,60663" machi="64" ten="30,4000,0" yaku="25,1,12,1,52,1" doraHai="17" who="0" fromWho="0" sc="221,43,207,-11,207,-21,365,-11" /><INIT seed="3,0,0,3,0,76" ten="264,196,186,354" oya="3" hai0="58,38,91,111,81,13,29,36,79,0,83,99,43" hai1="127,56,48,9,113,34,52,35,14,15,55,21,8" hai2="63,65,27,46,71,59,95,115,97,53,51,5,7" hai3="28,67,78,42,90,37,117,131,45,12,106,119,132"/><W130/><G106/><T125/><D0/><U16/><E113/><V60/><F115/><W105/><G105/><T17/><D111/><U31/><E127/><V66/><REACH who="2" step="1"/><F27/><REACH who="2" ten="264,196,176,354" step="2"/><W40/><G119/><T23/><D125/><U129/><E129/><V3/><F3/><W18/><G117/><T93/><D36/><U39/><E39/><V135/><F135/><W64/><G37/><T77/><D38/><U109/><E109/><V96/><F96/><W101/><G131/><T126/><D126/><U75/><E75/><V133/><F133/><W72/><G72/><T24/><D43/><U82/><E35/><V19/><F19/><W110/><G18/><T68/><D68/><U98/><E34/><V80/><F80/><N who="0" m="30794" /><D58/><N who="1" m="33031" /><E82/><V103/><AGARI ba="0,1" hai="5,7,46,51,53,59,60,63,65,66,71,95,97,103" machi="103" ten="20,2700,0" yaku="1,1,0,1,7,1,53,0" doraHai="76" doraHaiUra="86" who="2" fromWho="2" sc="264,-7,196,-7,176,37,354,-13" /><INIT seed="4,0,0,1,5,91" ten="257,189,213,341" oya="0" hai0="84,17,93,22,97,46,36,111,64,15,48,132,6" hai1="115,57,100,4,74,82,90,89,109,72,113,135,51" hai2="25,105,101,88,123,126,102,10,29,9,1,129,40" hai3="65,128,50,31,120,11,98,52,80,127,66,112,20"/><T117/><D117/><U18/><E4/><V13/><F123/><W12/><G112/><N who="1" m="43082" /><E18/><V94/><F40/><W110/><G110/><T5/><D36/><U42/><E42/><V2/><F126/><W81/><G128/><T30/><D132/><U19/><E19/><V106/><F129/><W16/><G127/><T0/><D0/><U133/><E51/><V70/><F70/><W86/><G120/><T78/><D111/><U114/><N who="1" m="43090" /><U99/><DORA hai="104" /><E57/><V7/><F106/><W124/><G98/><T75/><D75/><N who="1" m="28715" /><E109/><V28/><F105/><W125/><G125/><T116/><D116/><U14/><E14/><V103/><F10/><W130/><G130/><T58/><D30/><U63/><E63/><V32/><REACH who="2" step="1"/><F29/><REACH who="2" ten="257,189,203,341" step="2"/><W122/><G11/><T47/><D5/><U87/><E90/><V62/><F62/><W37/><G124/><T53/><D6/><U59/><E59/><V27/><F27/><W92/><G122/><T85/><D47/><U73/><N who="1" m="28723" /><U56/><DORA hai="26" /><E56/><V24/><F24/><W119/><G119/><T95/><D46/><U43/><E43/><V44/><F44/><W76/><G31/><T8/><D8/><U118/><E118/><V77/><F77/><W67/><G76/><T39/><D78/><U45/><E45/><V3/><F3/><W79/><G79/><T60/><D60/><U41/><E41/><V23/><F23/><W34/><G20/><T69/><D69/><U68/><E68/><V55/><F55/><W49/><G52/><T38/><D53/><U33/><E135/><V134/><F134/><RYUUKYOKU ba="0,1" sc="257,-10,189,-10,203,30,341,-10" hai2="1,2,7,9,13,25,28,32,88,94,101,102,103" /><INIT seed="5,1,1,1,0,64" ten="247,179,233,331" oya="1" hai0="23,99,114,63,78,20,62,130,119,44,19,95,127" hai1="131,91,68,53,100,48,135,47,51,4,83,15,77" hai2="50,129,123,65,118,69,6,101,32,39,93,66,10" hai3="132,33,7,88,98,111,108,38,81,74,70,24,54"/><U2/><E2/><V42/><F32/><W45/><G54/><T134/><D119/><U72/><E131/><V87/><F39/><W52/><G52/><T31/><D130/><U9/><E135/><V67/><F123/><W117/><G88/><N who="0" m="55783" /><D114/><U109/><E109/><V84/><F129/><W86/><G86/><T76/><D127/><U73/><E100/><V124/><F118/><W28/><G117/><T128/><D134/><U82/><E51/><V25/><F124/><W27/><G27/><N who="0" m="16895" /><D44/><U56/><E91/><V126/><F69/><W107/><G7/><T46/><D46/><U75/><E68/><V61/><F61/><N who="0" m="23050" /><D128/><U112/><E112/><V59/><F42/><N who="3" m="22743" /><G132/><T5/><D5/><U71/><E71/><V102/><F126/><W79/><G70/><T0/><D0/><U12/><E47/><V105/><F105/><W120/><G120/><T14/><AGARI ba="1,1" hai="14,19,20,76,78" m="23050,16895,55783" machi="14" ten="30,2000,0" yaku="8,1,54,1" doraHai="64" who="0" fromWho="0" sc="247,33,179,-11,233,-6,331,-6" /><INIT seed="6,0,0,0,3,63" ten="280,168,227,325" oya="2" hai0="67,16,45,98,64,105,12,15,66,6,50,28,72" hai1="44,123,1,134,70,102,116,21,95,0,42,40,130" hai2="3,110,120,111,31,19,17,106,117,13,81,38,83" hai3="48,24,113,10,109,68,26,8,90,76,122,18,37"/><V7/><F106/><W88/><G37/><T14/><D72/><U86/><E116/><V108/><F38/><W82/><G68/><T121/><D121/><U57/><E70/><V35/><F120/><W9/><G109/><T80/><D105/><U33/><E33/><V92/><F117/><W124/><G122/><T39/><D39/><U99/><E123/><V77/><F92/><W20/><G124/><T126/><D126/><U53/><E130/><V128/><F128/><W87/><G113/><T22/><D28/><U89/><E134/><V4/><F3/><W2/><G2/><T27/><D80/><N who="2" m="30794" /><F77/><W32/><G32/><T36/><D36/><U125/><E125/><V30/><F35/><W55/><G26/><T75/><D75/><U96/><E96/><V107/><F107/><W56/><AGARI ba="0,0" hai="8,9,10,18,20,24,48,55,56,76,82,87,88,90" machi="56" ten="30,4000,0" yaku="0,1,8,1,54,1" doraHai="63" who="3" fromWho="3" sc="280,-10,168,-10,227,-20,325,40" /><INIT seed="7,0,0,2,0,44" ten="270,158,207,365" oya="3" hai0="0,45,28,20,35,95,94,82,107,13,132,26,5" hai1="135,23,123,3,76,127,50,58,8,126,54,2,31" hai2="80,85,98,27,67,86,118,83,29,56,52,104,21" hai3="7,42,30,103,119,122,100,112,41,34,114,92,88"/><W14/><G119/><T117/><D117/><U74/><E123/><V1/><F1/><W87/><G122/><T78/><D107/><U64/><E135/><V60/><F118/><W134/><G134/><T96/><D132/><U110/><E110/><V43/><F43/><N who="3" m="16395" /><G34/><T130/><D45/><U91/><E64/><V84/><F98/><W38/><G30/><T71/><D71/><U6/><E2/><V109/><F104/><W10/><G38/><T24/><D96/><U37/><E37/><V15/><F109/><W39/><G39/><T62/><D62/><U46/><E46/><V36/><F36/><W73/><G73/><T81/><D24/><U11/><E11/><V89/><F15/><W49/><G49/><T57/><D57/><U32/><E32/><V106/><F106/><W101/><G114/><T22/><D22/><U4/><E4/><V66/><REACH who="2" step="1"/><F85/><REACH who="2" ten="270,158,197,365" step="2"/><N who="3" m="52239" /><G112/><T18/><D0/><U77/><E74/><V61/><F61/><W113/><G113/><T111/><D13/><U120/><E120/><V97/><F97/><W59/><G87/><T125/><D111/><U128/><E128/><V75/><F75/><W116/><G116/><T105/><D105/><U47/><E47/><V25/><F25/><W72/><G72/><T55/><D26/><N who="1" m="16863" /><E91/><AGARI ba="0,1" hai="21,27,29,52,56,60,66,67,80,83,84,86,89,91" machi="91" ten="30,8000,1" yaku="1,1,7,1,9,1,8,1,54,1,53,0" doraHai="44" doraHaiUra="33" who="2" fromWho="1" sc="270,0,158,-80,197,90,365,0" owari="270,-13.0,78,-42.0,287,9.0,365,46.0" /></mjloggm>