<mjloggm ver="2.3"><GO type="169" lobby="0"/><UN n0="%E3%81%B9%E3%81%AB%E3%81%8F%E3%82%93" n1="%74%61%6B%61%2D%31%31%36" n2="%E7%BE%8E%E3%81%97%E3%81%99%E3%81%8E%E3%82%8B%E7%88%86%E5%BC%BE%E5%B2%A9" n3="%E5%B0%B1%E6%B4%BB%E7%94%9F%40%E5%B7%9D%E6%9D%91%E8%BB%8D%E5%9B%A3" dan="16,16,16,18" rate="2102.49,2031.42,2082.65,2307.74" sx="F,M,F,M"/><TAIKYOKU oya="0"/><INIT seed="0,0,0,1,5,78" ten="250,250,250,250" oya="0" hai0="89,1,27,19,135,12,14,57,133,79,26,117,99" hai1="61,21,120,37,114,102,130,95,80,88,77,69,98" hai2="63,124,116,104,10,49,33,92,65,36,68,76,113" hai3="73,123,106,62,97,18,53,43,103,119,121,28,20"/><T32/><D79/><U100/><E120/><N who="3" m="46154" /><G43/><T31/><D57/><U22/><E130/><V6/><F104/><W96/><G96/><T110/><D117/><U129/><E129/><V34/><F36/><W127/><G127/><T7/><D89/><U38/><E114/><V118/><F113/><W47/><G28/><N who="0" m="19479" /><D99/><U54/><E22/><V45/><F92/><W55/><G73/><T59/><D59/><U75/><E21/><V56/><F68/><W122/><G122/><T3/><D110/><U70/><E70/><V46/><F124/><W5/><G119/><N who="2" m="45609" /><F76/><W48/><G5/><T91/><D91/><U132/><E132/><N who="0" m="50761" /><D7/><U90/><E90/><V112/><F112/><W85/><G85/><T101/><D101/><U66/><REACH who="1" step="1"/><E54/><REACH who="1" ten="250,240,250,250" step="2"/><N who="2" m="30007" /><F45/><W107/><G55/><T111/><D111/><U67/><E67/><V17/><F65/><W2/><G53/><T41/><D41/><U60/><E60/><V8/><F63/><W71/><G62/><T108/><D108/><U74/><E74/><V24/><F56/><W94/><G71/><T29/><D29/><U83/><E83/><V11/><F6/><W93/><G47/><T13/><D19/><U40/><E40/><V23/><AGARI ba="0,1" hai="8,10,11,17,23,24,33,34" m="30007,45609" machi="23" ten="40,1500,0" yaku="12,1" doraHai="78" who="2" fromWho="2" sc="250,-7,240,-4,250,25,250,-4" /><INIT seed="1,0,0,4,4,39" ten="243,236,275,246" oya="1" hai0="96,27,113,122,1,101,111,132,63,112,71,92,19" hai1="91,31,124,42,53,49,37,81,120,127,103,99,22" hai2="74,89,85,51,46,134,121,84,47,45,108,54,48" hai3="35,24,76,116,33,119,104,30,29,59,114,34,13"/><U77/><E120/><V86/><F121/><W66/><G104/><T69/><D122/><U68/><E68/><V3/><F3/><W4/><G76/><T115/><D111/><U20/><E91/><V70/><F108/><W107/><G107/><T60/><D1/><U130/><E130/><V41/><F134/><W125/><G66/><T57/><D132/><U131/><E131/><V62/><F74/><W56/><G114/><T58/><D58/><U80/><E80/><V65/><REACH who="2" step="1"/><F47/><REACH who="2" ten="243,236,265,246" step="2"/><W8/><G125/><T2/><D2/><U25/><E127/><V135/><F135/><W26/><G59/><T16/><D57/><U11/><E124/><V128/><F128/><W55/><REACH who="3" step="1"/><G35/><REACH who="3" ten="243,236,265,236" step="2"/><T83/><D113/><U52/><E22/><V110/><F110/><W129/><G129/><T105/><D112/><U133/><E133/><V106/><F106/><W36/><G36/><T75/><D105/><U90/><E37/><V18/><F18/><W9/><G9/><T117/><D16/><U97/><E11/><V7/><F7/><W21/><G21/><N who="0" m="13759" /><D115/><U67/><E20/><V100/><F100/><W10/><G10/><T73/><D101/><U95/><E103/><V72/><F72/><W12/><G12/><T5/><D73/><U88/><E25/><V126/><F126/><W6/><G6/><T98/><D5/><U118/><E31/><V32/><F32/><W40/><G40/><T44/><D75/><U87/><E42/><V94/><AGARI ba="0,2" hai="41,45,46,48,51,54,62,65,70,84,85,86,89,94" machi="94" ten="20,5200,0" yaku="1,1,0,1,7,1,52,1,53,0" doraHai="39" doraHaiUra="14" who="2" fromWho="2" sc="243,-13,236,-26,265,72,236,-13" /><INIT seed="2,0,0,1,0,48" ten="230,210,337,223" oya="2" hai0="5,69,122,100,3,61,126,56,57,11,58,97,99" hai1="18,134,12,42,127,47,10,67,28,102,92,115,46" hai2="121,9,50,95,38,55,119,84,109,51,4,7,25" hai3="35,76,114,65,133,87,34,26,78,30,98,53,13"/><V39/><F119/><W125/><G35/><T77/><D122/><U108/><E115/><V59/><F121/><W33/><G33/><T101/><D126/><U0/><E127/><V85/><F109/><W52/><G125/><T72/><D72/><U45/><E108/><V20/><F39/><W16/><G133/><T80/><D77/><U128/><E134/><V107/><F38/><W104/><G65/><T62/><D80/><U123/><E128/><V19/><F107/><W23/><G114/><T1/><D1/><U88/><E102/><V24/><F24/><W82/><REACH who="3" step="1"/><G76/><REACH who="3" ten="230,210,337,213" step="2"/><T132/><D132/><U110/><E110/><V73/><F73/><W32/><G32/><T130/><D130/><U70/><E67/><V93/><F50/><W113/><G113/><T131/><D131/><U106/><E70/><V40/><F40/><W41/><G41/><T29/><D69/><U22/><E42/><V94/><REACH who="2" step="1"/><F4/><REACH who="2" ten="230,210,327,213" step="2"/><W2/><G2/><AGARI ba="0,2" hai="2,7,9,19,20,25,51,55,59,84,85,93,94,95" machi="2" ten="40,7700,0" yaku="1,1,2,1,52,1,53,0" doraHai="48" doraHaiUra="135" who="2" fromWho="3" sc="230,0,210,0,327,97,213,-77" /><INIT seed="2,1,0,4,5,73" ten="230,210,424,136" oya="2" hai0="30,134,70,50,46,35,59,120,127,69,126,106,28" hai1="97,5,82,58,45,112,44,83,80,79,34,89,18" hai2="123,29,105,88,90,27,17,117,113,11,75,2,62" hai3="7,116,6,125,114,67,4,32,110,131,43,36,26"/><V56/><F113/><W14/><G67/><T94/><D106/><U129/><E112/><V111/><F117/><W47/><G114/><T38/><D120/><U19/><E34/><V109/><F123/><W121/><G121/><T37/><D94/><N who="1" m="56527" /><E129/><V85/><F75/><W31/><G116/><T100/><D100/><U66/><E5/><V72/><F72/><W135/><G135/><T41/><D134/><U57/><E45/><V103/><F103/><W68/><G68/><N who="0" m="26219" /><D35/><U20/><E44/><V51/><F105/><W55/><G131/><T0/><D0/><U130/><E130/><V13/><F51/><W12/><G110/><N who="2" m="41993" /><F85/><W65/><G65/><T107/><D107/><U8/><E8/><V91/><F2/><W76/><G125/><N who="0" m="47627" /><D28/><U15/><E19/><V81/><F81/><N who="1" m="31337" /><E66/><N who="2" m="39239" /><F91/><W98/><G55/><N who="0" m="32247" /><D30/><U84/><AGARI ba="1,0" hai="15,18,20,57,58,79,83,84" m="31337,56527" machi="84" ten="30,2000,0" yaku="8,1,52,1" doraHai="73" who="1" fromWho="1" sc="230,-6,210,23,424,-11,136,-6" /><INIT seed="3,0,0,3,3,94" ten="224,233,413,130" oya="3" hai0="15,7,63,51,4,118,30,9,50,109,92,40,71" hai1="76,125,74,130,42,126,67,100,86,12,64,3,106" hai2="73,46,35,96,89,124,121,87,128,117,69,20,101" hai3="27,115,26,133,70,24,68,23,36,88,112,48,116"/><W78/><G36/><T79/><D109/><U123/><E3/><V44/><F35/><W18/><G116/><T33/><D118/><U108/><E123/><V102/><F117/><W62/><G133/><T95/><D79/><U47/><E108/><V90/><F69/><W134/><G134/><T60/><D33/><U56/><E86/><V111/><F73/><W80/><G48/><N who="0" m="18475" /><D71/><U113/><E113/><V49/><F111/><W105/><G105/><T127/><D127/><N who="1" m="48651" /><E56/><V0/><F0/><W17/><G70/><T61/><D30/><U11/><E100/><V103/><F124/><W13/><G18/><N who="0" m="8559" /><D40/><U98/><E106/><V58/><F128/><W120/><G120/><T1/><D1/><U43/><E98/><V32/><F32/><W10/><G10/><T59/><D59/><U21/><E21/><V22/><F121/><W75/><REACH who="3" step="1"/><G88/><REACH who="3" ten="224,233,413,120" step="2"/><T39/><D39/><N who="1" m="21983" /><E43/><N who="2" m="24735" /><F58/><W8/><G8/><T97/><D4/><N who="1" m="3175" /><E130/><V93/><F46/><W104/><G104/><T28/><D7/><U45/><E45/><V34/><F34/><W122/><G122/><T129/><D129/><U6/><E6/><V2/><F2/><W37/><G37/><T14/><D28/><U19/><E19/><V131/><F131/><W135/><G135/><T16/><D16/><U85/><E74/><V55/><F89/><W114/><G114/><T110/><D110/><U5/><E5/><V132/><F132/><W25/><N who="3" m="6656" /><DORA hai="66" /><W54/><G54/><T31/><D31/><U81/><AGARI ba="0,1" hai="64,67,76,81,85" m="3175,21983,48651" machi="81" ten="30,1100,0" yaku="18,1" doraHai="94,66" who="1" fromWho="1" sc="224,-3,233,21,413,-3,120,-5" /><INIT seed="4,0,0,3,5,118" ten="221,254,410,115" oya="0" hai0="83,65,109,116,106,37,108,75,41,6,79,130,40" hai1="84,33,128,131,36,133,8,54,31,11,135,100,102" hai2="78,43,125,96,92,66,4,7,18,27,28,14,132" hai3="9,81,17,117,89,48,74,12,124,86,19,57,15"/><T104/><D116/><U73/><E73/><V110/><F110/><N who="0" m="42602" /><D130/><N who="1" m="49707" /><E36/><V94/><F132/><N who="1" m="50761" /><E54/><V88/><F125/><W1/><G124/><T20/><D65/><U39/><E39/><V42/><F78/><W112/><G112/><T114/><D114/><U126/><E84/><V71/><F92/><W53/><G117/><T25/><D6/><U0/><E126/><V56/><F71/><W90/><G1/><T50/><D50/><U134/><N who="1" m="50769" /><U76/><DORA hai="107" /><E76/><V62/><F43/><N who="0" m="16458" /><D37/><U16/><E0/><V98/><F42/><W29/><G29/><AGARI ba="0,0" hai="20,25,29,75,79,83,104,106" m="16458,42602" machi="29" ten="30,2900,0" yaku="10,1,52,1" doraHai="118,107" who="0" fromWho="3" sc="221,29,254,0,410,0,115,-29" /><INIT seed="4,1,0,3,3,37" ten="250,254,410,86" oya="0" hai0="119,98,103,47,18,2,65,87,101,10,127,27,6" hai1="91,85,12,4,112,24,134,52,26,9,35,123,83" hai2="19,66,40,116,90,114,88,49,126,14,111,16,135" hai3="67,53,108,34,31,0,50,73,29,122,118,42,74"/><T75/><D119/><U110/><E110/><V115/><F111/><W121/><G108/><T113/><D75/><U58/><E123/><N who="3" m="47114" /><G0/><T120/><D120/><U33/><E134/><V57/><F135/><W64/><G118/><T131/><D113/><N who="2" m="43018" /><F116/><W117/><G117/><T72/><D72/><N who="3" m="27753" /><G34/><T82/><D127/><U105/><E105/><V25/><F126/><W99/><G99/><T125/><D125/><U96/><E112/><V128/><F128/><W32/><G32/><T11/><D131/><U69/><E69/><V20/><F66/><N who="3" m="25131" /><G53/><T15/><D65/><U132/><E132/><V54/><F90/><W109/><G109/><T22/><D98/><U23/><E96/><V106/><F88/><W60/><G60/><T70/><D70/><U51/><REACH who="1" step="1"/><E26/><REACH who="1" ten="250,244,410,86" step="2"/><N who="2" m="14599" /><F106/><W5/><G5/><T94/><D27/><U95/><E95/><V92/><F92/><W71/><G71/><T93/><D94/><U68/><E68/><V84/><F25/><W80/><G80/><T41/><D93/><U100/><E100/><V86/><F86/><W124/><G124/><T30/><D101/><U48/><E48/><V89/><F84/><W13/><G13/><T3/><D103/><U62/><E62/><V77/><F14/><W44/><AGARI ba="1,1" hai="29,31,42,44,50" m="25131,27753,47114" machi="44" ten="40,2700,0" yaku="13,1,52,1" doraHai="37" who="3" fromWho="3" sc="250,-14,244,-8,410,-8,86,40" /><INIT seed="5,0,0,2,4,107" ten="236,236,402,126" oya="1" hai0="118,59,86,91,65,111,35,30,34,74,39,33,52" hai1="60,12,84,93,32,103,106,95,100,5,99,64,130" hai2="2,54,101,88,28,115,21,14,40,49,121,98,38" hai3="119,41,23,96,67,134,0,76,94,110,105,116,77"/><U7/><E32/><V55/><F121/><W50/><G0/><T25/><D111/><U26/><E130/><V85/><F2/><W68/><G105/><T92/><D118/><N who="3" m="45097" /><G110/><T1/><D1/><U61/><E106/><V113/><F38/><W133/><G23/><T97/><D39/><U81/><E26/><N who="2" m="16463" /><F14/><W72/><G67/><T63/><D74/><U44/><E44/><N who="2" m="25735" /><F98/><W53/><G41/><T13/><D13/><U15/><E81/><N who="2" m="49199" /><F101/><N who="3" m="60567" /><G68/><T73/><D73/><U31/><E31/><V131/><F131/><W127/><G127/><T42/><D42/><U108/><E99/><V17/><F17/><W62/><G62/><T57/><REACH who="0" step="1"/><D97/><REACH who="0" ten="226,236,402,126" step="2"/><U128/><E108/><V66/><F115/><W51/><G72/><T112/><D112/><U8/><E128/><V129/><F113/><W4/><G4/><T122/><D122/><U125/><E125/><V10/><F129/><W36/><G36/><T82/><D82/><U123/><E123/><V46/><F10/><W71/><G71/><T132/><D132/><N who="3" m="50793" /><G51/><AGARI ba="0,1" hai="25,30,33,34,35,51,52,57,59,63,65,86,91,92" machi="51" ten="30,3900,0" yaku="1,1,7,1,54,1,53,0" doraHai="107" doraHaiUra="114" who="0" fromWho="3" sc="226,49,236,0,402,0,126,-39" /><INIT seed="6,0,0,3,2,75" ten="275,236,402,87" oya="2" hai0="48,0,15,97,39,13,121,23,74,95,30,34,129" hai1="88,33,6,98,94,26,71,90,5,1,109,113,46" hai2="126,91,32,63,114,60,58,54,123,122,104,107,16" hai3="132,24,87,116,50,3,17,115,41,53,79,55,133"/><V84/><F32/><W85/><G116/><T76/><D39/><U40/><E109/><V44/><F114/><W29/><G3/><T59/><D0/><U68/><E113/><V70/><F126/><W42/><G115/><T67/><D121/><U131/><E131/><V106/><F44/><W96/><G96/><T22/><D129/><U2/><E2/><V112/><F112/><W57/><G17/><T86/><D74/><U27/><E90/><V28/><F28/><W36/><G36/><T56/><D34/><U62/><E62/><V12/><F63/><W9/><G9/><T21/><D30/><U130/><E130/><V10/><REACH who="2" step="1"/><F70/><REACH who="2" ten="275,236,392,87" step="2"/><W108/><G108/><T4/><D67/><U82/><E68/><V78/><F78/><W118/><G118/><T81/><D48/><U49/><E71/><V134/><F134/><W111/><G111/><T92/><D59/><U51/><E51/><V43/><F43/><W102/><G50/><T119/><D56/><U37/><E33/><V69/><F69/><W124/><G57/><T8/><D119/><U19/><E37/><V105/><N who="2" m="26624" /><DORA hai="100" /><V35/><F35/><W7/><G124/><T65/><D76/><U25/><E49/><V83/><AGARI ba="0,1" hai="10,12,16,54,58,60,83,84,91,122,123" m="26624" machi="83" ten="60,18000,2" yaku="1,1,0,1,52,4,54,1,53,0" doraHai="75,100" doraHaiUra="128,110" who="2" fromWho="2" sc="275,-60,236,-60,392,190,87,-60" /><INIT seed="6,1,0,2,1,81" ten="215,176,582,27" oya="2" hai0="20,56,22,107,106,129,85,101,19,96,89,109,67" hai1="48,46,41,38,31,15,27,119,86,111,98,44,108" hai2="42,69,55,25,104,83,58,13,66,110,97,76,43" hai3="0,117,118,51,102,77,74,99,122,17,12,50,10"/><V29/><F110/><W126/><G122/><T113/><D109/><U105/><E119/><V112/><F112/><W14/><G0/><T9/><D113/><U80/><E15/><V121/><F121/><W78/><G126/><T131/><D107/><U21/><E98/><V6/><F66/><W4/><G74/><T133/><D133/><U37/><E37/><V49/><F69/><W53/><G117/><T92/><D9/><U82/><E82/><V115/><F115/><W40/><G118/><T88/><D89/><U2/><E2/><V100/><F13/><W103/><G40/><T35/><D35/><U1/><E105/><V130/><F6/><W45/><G102/><T125/><D125/><U3/><E3/><V39/><F39/><W124/><G124/><T47/><D47/><U123/><E123/><V135/><F130/><N who="0" m="49674" /><D19/><U8/><E8/><V93/><F104/><W128/><G128/><T134/><D134/><U7/><E7/><V63/><F63/><AGARI ba="1,0" hai="20,22,56,63,67,85,88,92,96,101,106" m="49674" machi="63" ten="30,3900,0" yaku="19,1,52,1,54,1" doraHai="81" who="0" fromWho="2" sc="215,42,176,0,582,-42,27,0" /><INIT seed="7,0,0,4,3,115" ten="257,176,540,27" oya="3" hai0="12,0,127,59,40,54,131,51,28,128,78,73,114" hai1="46,83,22,122,33,23,29,124,134,44,41,123,42" hai2="31,100,113,97,93,82,126,117,32,105,9,66,17" hai3="108,86,18,47,74,112,90,5,48,49,55,121,81"/><W80/><G121/><T111/><D0/><U87/><E33/><V1/><F117/><W103/><G108/><T6/><D111/><U19/><E29/><V129/><F113/><W76/><G112/><T72/><D114/><U94/><E94/><V96/><F66/><W52/><G5/><T60/><D127/><U119/><E119/><V98/><F129/><N who="0" m="49738" /><D78/><U118/><E118/><V77/><F126/><W38/><G38/><T133/><D133/><U35/><E35/><V13/><F1/><W11/><G103/><T43/><D28/><U2/><E2/><V109/><F109/><W58/><REACH who="3" step="1"/><G11/><REACH who="3" ten="257,176,540,17" step="2"/><T65/><D6/><U91/><E124/><V63/><F100/><W14/><G14/><T85/><D12/><U53/><E123/><V79/><F9/><W34/><G34/><T45/><D85/><U75/><E122/><V89/><F32/><W84/><G84/><T101/><D101/><U116/><E116/><V68/><F13/><W125/><G125/><T20/><D20/><U110/><E110/><V64/><F98/><W130/><G130/><T102/><D102/><U92/><E23/><V16/><F97/><W88/><G88/><T8/><D8/><U132/><E132/><V70/><F89/><W69/><G69/><T62/><D73/><U56/><E134/><V50/><F70/><W7/><G7/><T95/><D72/><U71/><E71/><V99/><F99/><W61/><G61/><T106/><D62/><N who="1" m="36111" /><E22/><V104/><F63/><W67/><G67/><T27/><D65/><U135/><E135/><V21/><F96/><W30/><G30/><RYUUKYOKU ba="0,1" sc="257,-10,176,-10,540,-10,17,30" hai3="18,47,48,49,52,55,58,74,76,80,81,86,90" /><INIT seed="7,1,1,4,1,62" ten="247,166,530,47" oya="3" hai0="32,7,90,31,64,132,83,2,48,4,101,18,128" hai1="116,16,66,100,53,37,33,72,113,12,17,24,45" hai2="9,133,94,130,13,46,126,41,69,107,60,10,106" hai3="109,11,21,55,86,51,92,89,73,104,129,35,99"/><W44/><G35/><T98/><D128/><U125/><E72/><V87/><F130/><W88/><G129/><T82/><D132/><U81/><E37/><V26/><F133/><W61/><G73/><T25/><D64/><U117/><E113/><V14/><F26/><W68/><G109/><T23/><D48/><N who="1" m="28815" /><E125/><V135/><F135/><W58/><G68/><T40/><D40/><U70/><E100/><V38/><F126/><W36/><G36/><T74/><D90/><U96/><E96/><V5/><F94/><W123/><G123/><T105/><D74/><U67/><E70/><V103/><F103/><W134/><G134/><T102/><D102/><U131/><E131/><V50/><F38/><W115/><G115/><T127/><D127/><U27/><E81/><V79/><F69/><W108/><G108/><T121/><D7/><U114/><E17/><N who="2" m="8367" /><F60/><W1/><G104/><T75/><D75/><U95/><E95/><V112/><F112/><W85/><G21/><T118/><D118/><N who="1" m="45675" /><E114/><V77/><F77/><W54/><REACH who="3" step="1"/><G89/><REACH who="3" ten="247,166,530,37" step="2"/><T47/><D32/><U56/><E33/><V52/><F107/><W71/><G71/><T122/><D122/><U29/><E29/><V91/><F106/><W30/><G30/><T42/><D31/><U93/><E27/><V111/><F111/><W97/><G97/><T20/><D121/><U120/><E24/><V34/><F34/><W6/><AGARI ba="1,2" hai="1,6,11,44,51,54,55,58,61,85,86,88,92,99" machi="6" ten="30,6000,0" yaku="1,1,0,1,54,1,53,0" doraHai="62" doraHaiUra="22" who="3" fromWho="3" sc="247,-21,166,-21,530,-21,37,83" /><INIT seed="7,2,0,0,3,39" ten="226,145,509,120" oya="3" hai0="19,72,105,89,115,30,123,84,20,114,57,45,67" hai1="111,73,101,35,23,64,49,53,83,97,46,110,7" hai2="17,18,0,33,24,81,61,16,79,99,36,32,11" hai3="52,51,44,37,85,31,91,10,134,42,74,69,133"/><W13/><G74/><T28/><D72/><U87/><E73/><V1/><F36/><W38/><G69/><T103/><D123/><U95/><E35/><V5/><F61/><W80/><G31/><T71/><D71/><U34/><E34/><N who="2" m="13419" /><F81/><W66/><G66/><T40/><D103/><U77/><E7/><N who="2" m="1511" /><F99/><W68/><G68/><T54/><D105/><U102/><E102/><V8/><F79/><W106/><G106/><T26/><D67/><U98/><E98/><V63/><F63/><W6/><REACH who="3" step="1"/><G38/><REACH who="3" ten="226,145,509,110" step="2"/><T56/><D30/><U14/><E64/><V96/><F96/><W132/><G132/><T4/><D28/><U3/><E3/><V131/><F131/><W27/><G27/><AGARI ba="2,1" hai="1,5,8,16,17,18,24,27" m="1511,13419" machi="27" ten="30,12000,2" yaku="35,5,54,1" doraHai="39" who="2" fromWho="3" sc="226,0,145,0,509,136,110,-126" owari="226,3.0,145,-25.0,645,74.0,-16,-52.0" /></mjloggm>