<mjloggm ver="2.3"><GO type="169" lobby="0"/><UN n0="%E3%82%A6%E3%83%AB%E3%83%88%E3%83%A9%E7%AB%8B%E7%9B%B4" n1="%E5%AF%B8%E3%81%A1%E3%82%83%E3%82%93" n2="%55%53%48%49%21%21" n3="%79%75%6D%69%63%63%68%69" dan="18,16,16,17" rate="2232.03,2103.19,2117.06,2189.24" sx="M,M,M,M"/><TAIKYOKU oya="0"/><INIT seed="0,0,0,1,3,105" ten="250,250,250,250" oya="0" hai0="103,133,92,82,91,59,10,13,115,37,40,33,47" hai1="83,101,102,73,107,95,43,131,116,41,27,55,118" hai2="23,11,50,100,88,39,66,46,51,54,121,98,120" hai3="132,32,111,61,69,19,80,56,7,31,21,67,134"/><T117/><D115/><U97/><E131/><V53/><F39/><W2/><G111/><T81/><D117/><U65/><E65/><V109/><F109/><W8/><G80/><T96/><D133/><N who="3" m="51305" /><G31/><T5/><D33/><U123/><E123/><V130/><F130/><W64/><G32/><T85/><REACH who="0" step="1"/><D59/><REACH who="0" ten="240,250,250,250" step="2"/><U86/><E118/><V60/><F121/><W63/><G69/><T22/><D22/><U75/><E116/><V127/><F120/><W94/><G56/><T45/><D45/><U122/><E122/><V57/><F127/><W16/><G21/><T38/><D38/><U108/><E108/><V124/><F124/><W99/><G8/><T93/><AGARI ba="0,1" hai="5,10,13,37,40,47,81,82,85,91,92,93,96,103" machi="93" ten="20,3900,0" yaku="1,1,0,1,7,1,53,0" doraHai="105" doraHaiUra="128" who="0" fromWho="0" sc="240,49,250,-13,250,-13,250,-13" /><INIT seed="0,1,0,4,5,4" ten="289,237,237,237" oya="0" hai0="3,48,80,108,67,38,123,52,100,124,112,49,16" hai1="128,135,9,22,32,19,36,31,86,20,90,11,72" hai2="53,114,76,7,96,21,131,44,6,51,39,65,58" hai3="63,34,68,118,84,23,92,89,133,83,47,54,88"/><T2/><D38/><U107/><E72/><V41/><F131/><W42/><G34/><T95/><D112/><U119/><E36/><V70/><F114/><W81/><G118/><T111/><D123/><U98/><E119/><V134/><F134/><W97/><G133/><T26/><D67/><U79/><E79/><V94/><F76/><W103/><G23/><N who="0" m="13671" /><D49/><U109/><E135/><V46/><F21/><W122/><G122/><T129/><D80/><U87/><E128/><V12/><F44/><W115/><G115/><T60/><D60/><U99/><E32/><V93/><F93/><W126/><G126/><T50/><D50/><U130/><E130/><V105/><F105/><W10/><G68/><T25/><D25/><N who="1" m="16823" /><E107/><V127/><F127/><W116/><G116/><T62/><D62/><U69/><E69/><V55/><F55/><W117/><G117/><T8/><D129/><U106/><E106/><V27/><F27/><W104/><G63/><T121/><D121/><U61/><E61/><N who="2" m="40239" /><F12/><W120/><G54/><T17/><D124/><U82/><E87/><V13/><F13/><W29/><G120/><T101/><D3/><U43/><E43/><V1/><F1/><W33/><G42/><T24/><D24/><N who="1" m="14367" /><E109/><N who="0" m="42057" /><D95/><U30/><E30/><V102/><AGARI ba="1,0" hai="6,7,39,41,46,51,53,58,94,96,102" m="40239" machi="102" ten="30,1100,0" yaku="24,1" doraHai="4" who="2" fromWho="2" sc="289,-6,237,-4,237,14,237,-4" /><INIT seed="1,0,0,1,4,16" ten="283,233,251,233" oya="1" hai0="61,27,36,19,56,134,9,106,3,25,119,57,131" hai1="68,14,91,72,125,50,58,129,54,132,6,29,86" hai2="116,20,51,103,90,89,100,102,41,0,105,23,42" hai3="1,63,112,49,88,52,76,30,79,60,32,108,40"/><U11/><E68/><V74/><F116/><W44/><G1/><T24/><D119/><U99/><E72/><V114/><F105/><W47/><G112/><T110/><D106/><U85/><E129/><V69/><F69/><W71/><G108/><T124/><D36/><U15/><E125/><V82/><F114/><W107/><G107/><T120/><D110/><U127/><E127/><V77/><F0/><W43/><G71/><T59/><D124/><U39/><E39/><V115/><F115/><W4/><G4/><T130/><D134/><U53/><E29/><V70/><F70/><W95/><G32/><T21/><D120/><U96/><E86/><V2/><F2/><W101/><G101/><T94/><D94/><N who="1" m="54639" /><E132/><V5/><F5/><W109/><G109/><T55/><D9/><N who="1" m="4407" /><E54/><V17/><F17/><AGARI ba="0,0" hai="11,15,17,50,53,58,96,99" m="4407,54639" machi="17" ten="30,1500,0" yaku="8,1" doraHai="16" who="1" fromWho="2" sc="283,0,233,15,251,-15,233,0" /><INIT seed="1,1,0,0,4,27" ten="283,248,236,233" oya="1" hai0="25,56,129,13,67,92,0,107,15,123,24,103,19" hai1="108,101,59,43,26,20,110,10,112,95,70,122,120" hai2="41,133,32,9,47,87,102,85,99,125,7,100,1" hai3="90,16,79,78,135,65,58,97,119,68,89,111,115"/><U45/><E70/><V98/><F133/><W37/><G37/><T69/><D0/><U18/><E112/><V74/><F74/><W62/><G115/><T77/><D107/><U4/><E59/><V31/><F125/><W113/><G113/><T96/><D69/><U36/><E95/><V8/><F32/><W39/><G39/><T51/><D129/><U130/><E101/><V49/><F31/><W118/><G135/><T127/><D123/><U109/><REACH who="1" step="1"/><E130/><REACH who="1" ten="283,238,236,233" step="2"/><V50/><F47/><W61/><G118/><T106/><D56/><U40/><E40/><V76/><F41/><W83/><G119/><T114/><D92/><U11/><E11/><V93/><F9/><W91/><G68/><T94/><D94/><U23/><E23/><V63/><F93/><W126/><G58/><T12/><D103/><U53/><E53/><V105/><F102/><W3/><G65/><T44/><D67/><U55/><E55/><V14/><F100/><W82/><G82/><T124/><D44/><U33/><E33/><V38/><F8/><W71/><G83/><T64/><D64/><U72/><E72/><V117/><F117/><W2/><G71/><T128/><D114/><U134/><E134/><V81/><F105/><W104/><G104/><T121/><D106/><U52/><E52/><V60/><F81/><W116/><G116/><T48/><D128/><U88/><E88/><V35/><F35/><W34/><G34/><T17/><D96/><U131/><E131/><V73/><F99/><W42/><G97/><T84/><D84/><U29/><E29/><V46/><F98/><RYUUKYOKU ba="1,1" sc="283,-10,238,30,236,-10,233,-10" hai1="4,10,18,20,26,36,43,45,108,109,110,120,122" /><INIT seed="1,2,1,4,3,61" ten="273,268,226,223" oya="1" hai0="90,46,87,13,80,82,58,53,50,54,48,95,6" hai1="14,118,72,73,71,7,40,36,29,15,34,85,107" hai2="51,49,35,125,117,57,4,30,3,5,79,94,24" hai3="74,83,130,115,65,64,92,100,1,128,56,8,69"/><U84/><E107/><V43/><F125/><W20/><G69/><T41/><REACH who="0" step="1"/><D41/><REACH who="0" ten="263,268,226,223" step="2"/><U134/><E40/><V88/><F43/><W102/><G115/><T101/><D101/><U10/><E118/><V109/><F117/><W119/><G119/><T17/><D17/><U126/><E126/><V110/><F110/><W0/><G102/><T33/><D33/><U114/><E114/><V42/><F109/><W111/><G100/><T129/><D129/><U124/><E124/><V27/><F35/><W21/><G111/><T59/><D59/><U120/><E34/><V37/><F42/><W104/><G56/><T68/><D68/><U108/><E71/><V23/><F57/><W28/><G28/><T86/><D86/><U98/><E85/><V127/><F30/><W62/><G74/><T96/><D96/><U131/><E84/><V47/><F127/><W19/><G19/><T25/><D25/><U12/><E73/><V76/><F27/><W16/><G16/><T123/><D123/><U78/><E72/><V135/><F24/><W66/><G128/><T89/><D89/><U91/><E131/><V63/><F88/><W122/><G130/><T112/><D112/><U31/><E91/><V44/><F76/><W77/><G77/><T38/><D38/><U132/><E78/><V97/><F79/><W2/><G122/><T116/><D116/><U70/><E70/><V67/><F37/><W9/><G83/><T55/><D55/><U133/><E36/><V32/><F97/><W99/><G99/><T121/><D121/><U60/><E120/><V105/><F32/><RYUUKYOKU ba="2,2" sc="263,30,268,-10,226,-10,223,-10" hai0="6,13,46,48,50,53,54,58,80,82,87,90,95" /><INIT seed="2,3,2,4,2,58" ten="293,258,216,213" oya="2" hai0="77,12,62,57,105,56,70,44,33,17,86,102,85" hai1="131,84,130,23,22,9,66,19,39,72,7,21,93" hai2="36,71,103,30,14,5,65,88,47,129,8,50,133" hai3="6,118,64,100,40,28,32,99,132,120,125,92,123"/><V117/><F117/><W41/><G118/><T80/><D33/><U116/><E39/><V37/><F133/><W25/><G132/><T54/><D70/><U110/><E72/><V97/><F129/><N who="1" m="49161" /><E116/><V101/><F30/><W51/><G125/><T111/><D111/><U35/><E35/><V1/><F1/><W127/><G127/><T81/><D105/><U53/><E66/><V4/><F4/><W63/><G6/><T13/><D102/><U46/><E110/><V79/><F79/><W52/><G40/><T112/><D112/><U2/><E93/><V61/><F103/><W60/><G41/><T3/><D3/><U113/><E84/><V90/><F37/><W128/><G128/><T59/><D44/><U82/><E82/><V115/><F36/><W96/><G96/><T106/><D106/><U94/><E94/><V98/><F98/><W109/><G109/><T45/><D45/><U108/><E108/><V55/><REACH who="2" step="1"/><F115/><REACH who="2" ten="293,258,206,213" step="2"/><W31/><G28/><T107/><D77/><U78/><E78/><V89/><F89/><W95/><G120/><T10/><D85/><U20/><E113/><V38/><F38/><W0/><G0/><T122/><D86/><U83/><E83/><V134/><F134/><W16/><G123/><T74/><D81/><U43/><E19/><V49/><F49/><W34/><G16/><N who="0" m="8215" /><D122/><U11/><E2/><V69/><F69/><W124/><G124/><T42/><D80/><U75/><E7/><V135/><F135/><W73/><G99/><T121/><D121/><U119/><E119/><V26/><F26/><W126/><G25/><RYUUKYOKU ba="3,3" sc="293,-10,258,-10,206,30,213,-10" hai2="5,8,14,47,50,55,61,65,71,88,90,97,101" /><INIT seed="2,4,3,2,5,58" ten="283,248,236,203" oya="2" hai0="128,129,122,103,117,38,114,59,106,57,28,18,4" hai1="40,78,36,134,35,46,74,85,131,81,63,60,132" hai2="104,67,62,51,113,93,90,105,66,102,15,5,111" hai3="64,43,10,2,87,33,24,76,71,19,133,108,37"/><V20/><F113/><W47/><G108/><T23/><D38/><U49/><E35/><V52/><F102/><W41/><G41/><T84/><D122/><U98/><E131/><N who="0" m="50249" /><D28/><U21/><E36/><V107/><F111/><W118/><G118/><T79/><D4/><U61/><E98/><V99/><F62/><W12/><G133/><N who="1" m="51306" /><E21/><V8/><REACH who="2" step="1"/><F20/><REACH who="2" ten="283,248,226,203" step="2"/><W7/><G33/><T124/><D114/><U83/><E83/><V16/><F16/><W25/><G19/><T70/><D18/><U97/><E97/><V86/><F86/><AGARI ba="4,4" hai="40,46,49,60,61,63,74,78,81,85,86" m="51306" machi="86" ten="30,7700,0" yaku="20,1,52,3" doraHai="58" who="1" fromWho="2" sc="283,0,248,129,226,-89,203,0" /><INIT seed="3,0,0,5,0,126" ten="283,377,137,203" oya="3" hai0="121,31,63,6,66,39,14,67,61,123,30,86,74" hai1="54,37,93,120,97,89,34,51,62,76,111,75,90" hai2="25,110,96,102,2,40,17,23,127,28,11,57,133" hai3="81,19,101,124,18,122,80,45,29,22,135,12,117"/><W0/><G117/><T38/><D14/><U3/><E3/><V131/><F110/><W55/><G122/><T134/><D86/><U60/><E37/><V115/><F127/><W26/><G0/><T113/><D6/><U64/><E120/><V88/><F115/><W108/><G124/><T52/><D134/><U68/><E111/><V5/><F133/><W119/><G119/><T116/><D116/><U103/><E34/><V79/><F79/><W87/><G135/><T21/><D21/><U46/><E75/><V48/><F131/><W91/><G108/><T7/><D7/><U53/><E76/><V104/><F40/><W70/><G70/><T128/><D52/><U114/><E114/><V49/><F57/><W112/><G101/><T106/><D113/><U32/><E32/><V73/><F73/><W65/><G65/><T69/><D74/><U82/><E82/><V72/><F72/><W105/><G105/><T1/><D1/><U99/><E99/><V107/><F107/><W83/><G112/><T10/><D106/><U33/><E33/><V4/><F4/><W16/><REACH who="3" step="1"/><G12/><REACH who="3" ten="283,377,137,193" step="2"/><T78/><D69/><U95/><E103/><V109/><F109/><W59/><G59/><T50/><D123/><U92/><E68/><V44/><F44/><W41/><G41/><T15/><D67/><U58/><E64/><V100/><F100/><W43/><G43/><T71/><D66/><U94/><E62/><V27/><REACH who="2" step="1"/><F88/><REACH who="2" ten="283,377,127,193" step="2"/><W77/><G77/><T130/><D78/><U8/><E90/><V47/><F47/><W36/><G36/><T35/><D39/><RYUUKYOKU ba="0,2" sc="283,-30,377,10,127,10,193,10" hai1="8,46,51,53,54,58,60,89,92,93,94,95,97" hai2="2,5,11,17,23,25,27,28,48,49,96,102,104" hai3="16,18,19,22,26,29,45,55,80,81,83,87,91" /><INIT seed="3,1,2,3,5,5" ten="253,387,137,203" oya="3" hai0="97,90,87,23,14,51,53,104,38,69,95,82,24" hai1="119,4,133,94,42,45,103,20,54,52,10,30,27" hai2="73,85,122,36,56,59,67,127,22,21,121,92,41" hai3="96,58,102,107,128,123,25,12,70,109,77,63,125"/><W50/><G123/><N who="2" m="47113" /><F73/><W6/><G128/><T3/><D3/><U110/><E119/><V16/><F127/><W32/><G125/><T114/><D69/><U105/><E105/><V11/><F41/><W13/><G77/><T65/><D65/><U17/><E110/><V106/><F36/><W100/><G100/><T89/><D38/><U31/><E133/><V55/><F106/><W81/><G81/><T93/><D114/><U61/><E103/><V46/><F46/><W108/><G50/><T62/><D62/><U34/><E94/><V57/><F67/><N who="3" m="41343" /><G58/><N who="2" m="22633" /><F85/><W120/><G120/><T76/><D104/><U28/><E61/><N who="2" m="36095" /><F92/><W35/><G35/><T66/><D66/><U43/><E34/><V130/><F130/><W8/><G12/><AGARI ba="1,2" hai="11,12,16,21,22" m="36095,22633,47113" machi="12" ten="30,3900,0" yaku="13,1,52,1,54,1" doraHai="5" who="2" fromWho="3" sc="253,0,387,0,137,62,203,-42" /><INIT seed="4,0,0,5,3,45" ten="253,387,199,161" oya="0" hai0="56,131,120,127,7,90,124,48,95,123,46,65,58" hai1="61,115,41,21,15,73,92,80,37,126,78,93,117" hai2="32,112,133,35,26,16,121,122,64,5,99,77,28" hai3="107,59,63,22,4,74,27,9,94,43,111,51,102"/><T0/><D0/><U79/><E117/><V85/><F64/><W53/><G74/><T57/><D7/><U91/><E126/><N who="0" m="48169" /><D131/><U129/><E129/><V50/><F50/><W84/><G107/><T60/><D95/><U106/><E106/><V109/><F99/><W130/><G130/><T113/><D90/><U67/><E79/><V66/><F66/><W8/><G111/><T88/><D88/><U29/><E115/><V134/><F85/><W119/><G119/><T13/><D13/><U135/><E92/><V125/><F77/><W36/><G36/><T25/><D25/><U105/><E105/><V71/><F71/><W103/><G84/><T24/><D24/><U96/><E29/><V39/><F39/><W98/><G103/><T62/><D113/><U1/><E1/><V114/><F125/><W101/><G101/><T110/><D110/><U30/><E30/><V68/><F68/><W17/><REACH who="3" step="1"/><G4/><REACH who="3" ten="253,387,199,151" step="2"/><T33/><D123/><U81/><E73/><V54/><F109/><W18/><G18/><T97/><D120/><U10/><E96/><V42/><F5/><W38/><G38/><T87/><D87/><U2/><E37/><V132/><F16/><W104/><G104/><T52/><D97/><U3/><E78/><V12/><F122/><W108/><G108/><T72/><D72/><U128/><E128/><V76/><F121/><W23/><G23/><T6/><D6/><U31/><E21/><V20/><F20/><W40/><G40/><N who="0" m="24647" /><D33/><U34/><E34/><V100/><F35/><W44/><AGARI ba="0,1" hai="8,9,17,22,27,43,44,51,53,59,63,94,98,102" machi="44" ten="30,7900,0" yaku="1,1,0,1,8,1,52,1,53,0" doraHai="45" doraHaiUra="70" who="3" fromWho="3" sc="253,-39,387,-20,199,-20,151,89" /><INIT seed="5,0,0,2,5,17" ten="214,367,179,240" oya="1" hai0="92,67,15,98,129,73,0,58,48,36,35,59,40" hai1="51,13,83,109,134,45,76,43,91,105,71,42,88" hai2="86,80,57,123,5,4,124,21,87,54,131,119,113" hai3="11,112,32,133,14,74,93,12,3,111,100,102,125"/><U85/><E105/><V121/><F119/><W99/><G32/><T19/><D0/><U23/><E71/><V33/><F33/><W94/><G74/><T27/><D73/><U126/><E109/><V115/><F131/><W132/><G111/><T120/><D36/><U39/><E126/><V24/><F124/><W55/><G125/><T22/><D129/><U52/><E134/><V7/><F123/><W72/><G72/><T95/><D120/><U28/><E39/><V16/><F121/><W61/><G112/><N who="2" m="43081" /><F80/><W103/><G3/><T56/><D35/><U29/><E29/><V9/><F9/><W2/><G2/><T79/><D79/><U116/><E116/><V25/><F25/><W34/><G34/><T82/><D82/><U44/><E44/><V127/><F127/><W77/><G77/><T78/><D78/><U41/><E13/><V96/><F96/><W53/><G11/><T65/><D15/><U117/><E117/><V30/><F30/><W63/><G103/><N who="0" m="60871" /><D95/><U6/><E6/><V128/><F128/><W130/><G130/><T106/><D106/><U89/><E76/><V104/><F104/><W46/><G99/><T81/><D81/><U135/><E135/><V37/><F37/><W8/><G8/><T38/><D38/><U20/><E20/><V26/><F24/><AGARI ba="0,0" hai="23,24,28,41,42,43,45,51,52,83,85,88,89,91" machi="24" ten="40,12000,1" yaku="8,1,52,1,54,2" doraHai="17" who="1" fromWho="2" sc="214,0,367,120,179,-120,240,0" /><INIT seed="5,1,0,1,4,49" ten="214,487,59,240" oya="1" hai0="11,63,71,82,57,107,68,44,0,113,90,25,75" hai1="115,42,69,98,31,50,129,14,76,32,105,56,120" hai2="126,40,103,131,8,26,73,70,27,99,29,91,78" hai3="2,127,116,104,13,83,6,41,33,61,81,18,122"/><U102/><E69/><V88/><F70/><W128/><G33/><T101/><D113/><U19/><E115/><V124/><F40/><W66/><G104/><T9/><D101/><U89/><E120/><V48/><F131/><W1/><G122/><T132/><D107/><U87/><E76/><V130/><F130/><W135/><G128/><T67/><D132/><U74/><E74/><V53/><F78/><W64/><G135/><T43/><D75/><U84/><E129/><V133/><F73/><W38/><G127/><N who="2" m="48681" /><F8/><W119/><G41/><T125/><D125/><U96/><E31/><V55/><F133/><W15/><G38/><T46/><D68/><U37/><E32/><N who="2" m="20535" /><F27/><W112/><G112/><T117/><D71/><U5/><E5/><V72/><F72/><W106/><G6/><T36/><D11/><U94/><E37/><V10/><F10/><W39/><G39/><T17/><D9/><U22/><E42/><V54/><F48/><W110/><G18/><T121/><D121/><U51/><E51/><V12/><F12/><W111/><G61/><T95/><D63/><U79/><E79/><V92/><AGARI ba="1,0" hai="53,54,55,88,91,92,99,103" m="20535,48681" machi="92" ten="30,8000,1" yaku="18,1,52,3,54,1" doraHai="49" who="2" fromWho="2" sc="214,-21,487,-41,59,83,240,-21" /><INIT seed="6,0,0,2,1,46" ten="193,446,142,219" oya="2" hai0="48,41,82,75,135,110,0,112,106,123,111,121,76" hai1="66,68,50,85,67,62,17,73,74,104,115,107,3" hai2="124,49,120,88,36,86,132,5,51,19,77,47,94" hai3="11,4,70,119,130,126,10,14,93,32,52,99,37"/><V83/><F132/><W71/><G37/><T59/><D0/><U122/><E3/><V27/><F124/><W127/><G32/><T102/><D41/><U9/><E122/><N who="0" m="46601" /><D59/><U54/><E115/><V78/><F120/><W58/><G11/><T125/><D48/><N who="2" m="18506" /><F36/><W60/><G130/><T98/><D112/><U38/><E38/><V90/><F5/><W33/><G33/><T39/><D39/><U109/><E74/><V40/><F40/><W128/><G119/><T31/><D31/><U92/><E73/><V129/><F47/><W131/><G128/><T101/><D125/><N who="3" m="47625" /><G131/><T84/><D135/><U24/><E107/><V117/><F117/><W20/><G20/><T6/><D6/><U18/><E104/><V105/><F105/><W80/><G80/><N who="0" m="45087" /><D102/><AGARI ba="0,0" hai="4,10,14,52,58,60,70,71,93,99,102" m="47625" machi="102" ten="30,2000,0" yaku="18,1,54,1" doraHai="46" who="3" fromWho="0" sc="193,-20,446,0,142,0,219,20" /><INIT seed="7,0,0,3,5,123" ten="173,446,142,239" oya="3" hai0="86,61,129,48,18,84,69,64,10,0,124,41,75" hai1="21,5,47,108,85,116,52,35,68,134,11,81,14" hai2="125,44,12,121,114,74,2,127,79,73,83,45,31" hai3="29,113,65,34,104,58,66,105,117,120,25,98,26"/><W87/><G117/><T63/><D75/><U132/><E35/><V50/><F2/><W6/><G120/><T94/><D129/><U112/><E68/><V54/><F121/><W118/><G6/><T95/><D124/><U56/><E116/><V122/><F122/><W23/><G113/><T90/><D63/><U39/><E112/><V59/><F114/><W8/><G8/><T119/><D119/><U40/><E21/><V110/><F110/><W80/><G58/><T32/><D32/><U91/><REACH who="1" step="1"/><E108/><REACH who="1" ten="173,436,142,239" step="2"/><V135/><F135/><W107/><G23/><T33/><D33/><U101/><E101/><V51/><F74/><W62/><G34/><T43/><D69/><U115/><E115/><V96/><F96/><W38/><G98/><T130/><D130/><U82/><E82/><V67/><F31/><W42/><G80/><T131/><D131/><U17/><E17/><V109/><F109/><W99/><G99/><T37/><D18/><U76/><E76/><V60/><REACH who="2" step="1"/><F12/><REACH who="2" ten="173,436,132,239" step="2"/><W89/><G29/><T24/><D86/><U72/><E72/><V77/><F77/><W53/><G87/><T46/><D84/><U100/><E100/><V78/><F78/><W49/><G118/><T102/><D102/><U133/><E133/><V111/><F111/><W55/><G26/><T15/><D15/><U88/><E88/><V28/><F28/><W57/><G89/><T27/><D90/><U4/><E4/><V128/><F128/><W22/><G25/><T92/><D27/><U16/><E16/><V126/><F126/><W93/><G22/><T3/><D24/><RYUUKYOKU ba="0,2" sc="173,-15,436,15,132,15,239,-15" hai1="5,11,14,39,40,47,52,56,81,85,91,132,134" hai2="44,45,50,51,54,59,60,67,73,79,83,125,127" owari="158,-24.0,471,57.0,147,-35.0,224,2.0" /></mjloggm>