<mjloggm ver="2.3"><GO type="169" lobby="0"/><UN n0="%E3%81%AC%E3%81%8F%E3%82%82%E3%82%8A" n1="%E3%81%AF%E3%82%80" n2="%E5%B0%B1%E6%B4%BB%E7%94%9F%40%E5%B7%9D%E6%9D%91%E8%BB%8D%E5%9B%A3" n3="%E6%9A%97%E3%81%84%E7%AC%A6" dan="17,17,18,17" rate="2185.64,2144.48,2306.29,2134.62" sx="M,M,M,M"/><TAIKYOKU oya="0"/><INIT seed="0,0,0,0,4,86" ten="250,250,250,250" oya="0" hai0="20,46,93,10,63,12,4,50,24,88,43,122,40" hai1="95,103,67,85,72,126,17,27,5,81,3,116,70" hai2="48,102,94,1,13,37,6,82,132,83,15,125,16" hai3="107,36,108,100,31,69,19,28,77,42,124,73,87"/><T54/><D122/><U128/><E116/><V21/><F37/><W44/><G69/><T96/><REACH who="0" step="1"/><D63/><REACH who="0" ten="240,250,250,250" step="2"/><U60/><E60/><V55/><F125/><W65/><G124/><T39/><D39/><U18/><E126/><V92/><F132/><W23/><G65/><T53/><D53/><U71/><E67/><V7/><F55/><W106/><G36/><T115/><D115/><U113/><E113/><V101/><F48/><W68/><G42/><T112/><D112/><U75/><E128/><V79/><F1/><W91/><G68/><T51/><D51/><U131/><E3/><V134/><F134/><W41/><G41/><T99/><D99/><U14/><E70/><V98/><F13/><W89/><G44/><T52/><D52/><U105/><E14/><V32/><F32/><W90/><G73/><T61/><D61/><U26/><E72/><V111/><F111/><W120/><G108/><T59/><D59/><U38/><E71/><V135/><F135/><W127/><G120/><T130/><D130/><U123/><E38/><V56/><F56/><W30/><G127/><T2/><D2/><U47/><E75/><V133/><F133/><W109/><G109/><T64/><D64/><U117/><E47/><V110/><F110/><W0/><G0/><T8/><D8/><U121/><E131/><V114/><F114/><W62/><G62/><T118/><D118/><U22/><E117/><V9/><F9/><W25/><G100/><T104/><D104/><U97/><E105/><V84/><F101/><W34/><G34/><T78/><D78/><U74/><E103/><RYUUKYOKU ba="0,1" sc="240,15,250,-15,250,-15,250,15" hai0="4,10,12,20,24,40,43,46,50,54,88,93,96" hai3="19,23,25,28,30,31,77,87,89,90,91,106,107" /><INIT seed="0,1,1,0,3,57" ten="255,235,235,265" oya="0" hai0="73,129,72,29,132,60,110,46,116,3,133,126,92" hai1="69,16,47,28,89,76,30,25,74,100,99,40,118" hai2="9,27,36,53,32,13,123,54,45,50,80,114,1" hai3="55,10,134,34,84,44,2,95,7,128,21,124,79"/><T105/><D116/><U61/><E118/><V67/><F123/><W43/><G34/><T131/><D105/><U19/><E89/><V88/><F1/><W49/><G124/><T119/><D119/><U51/><E76/><V106/><F106/><W20/><G134/><N who="0" m="51819" /><D3/><U64/><E74/><N who="0" m="28777" /><D110/><U33/><REACH who="1" step="1"/><E30/><REACH who="1" ten="255,225,235,265" step="2"/><V107/><F88/><W85/><G79/><T98/><D29/><U38/><E38/><V0/><F36/><W31/><G31/><T65/><D126/><U48/><E48/><V86/><F50/><W94/><G128/><T96/><D46/><U108/><E108/><V52/><F45/><W35/><G35/><T8/><D8/><U120/><E120/><V41/><F9/><W12/><G2/><T39/><D39/><U109/><E109/><V125/><F125/><W101/><G101/><N who="0" m="60551" /><D98/><U87/><E87/><V90/><F86/><W58/><G85/><T83/><D83/><U6/><E6/><V37/><F80/><W63/><G84/><T135/><D135/><U77/><E77/><V91/><F0/><W93/><AGARI ba="1,2" hai="7,10,12,20,21,43,44,49,55,58,63,93,94,95" machi="93" ten="30,4000,0" yaku="0,1,8,1,52,1" doraHai="57" who="3" fromWho="3" sc="255,-21,225,-11,235,-11,265,63" /><INIT seed="1,0,0,2,0,17" ten="234,214,224,328" oya="1" hai0="120,108,49,74,27,29,0,50,113,126,23,105,79" hai1="82,109,20,87,128,44,73,78,135,90,69,45,107" hai2="19,33,65,32,106,25,36,131,4,129,1,6,133" hai3="8,35,99,67,15,118,93,7,56,98,121,111,39"/><U24/><E69/><V11/><F106/><W12/><G35/><N who="2" m="13385" /><F36/><W71/><G39/><T37/><D113/><U68/><E68/><V91/><F65/><W55/><G121/><T43/><D0/><U40/><E128/><N who="2" m="49227" /><F91/><W53/><G111/><T30/><D108/><U5/><E109/><V134/><F6/><W85/><G71/><T61/><D105/><U34/><E34/><V80/><F80/><W64/><G55/><T83/><D120/><U81/><E107/><V70/><F70/><W77/><G99/><T42/><D37/><U127/><E127/><V95/><F95/><W92/><G92/><T96/><D126/><U117/><E117/><V123/><F123/><W103/><G118/><T84/><D74/><U62/><E135/><V97/><F97/><W114/><G114/><T2/><D96/><U47/><E5/><V66/><F66/><W46/><G85/><T119/><D119/><U101/><E101/><V57/><F57/><W110/><G77/><T72/><D72/><U102/><E102/><V116/><F116/><W88/><G103/><T22/><D2/><U124/><E124/><V26/><F26/><W54/><G110/><T59/><D42/><U100/><E100/><V10/><F10/><N who="3" m="4191" /><G46/><T48/><D43/><U31/><E40/><V104/><F104/><W86/><G98/><T38/><D38/><U76/><E90/><V63/><F63/><N who="3" m="37991" /><G67/><N who="0" m="39359" /><D49/><U14/><E62/><V21/><AGARI ba="0,0" hai="1,4,11,19,21,25,133,134" m="49227,13385" machi="21" ten="40,8000,1" yaku="19,1,34,2,52,1" doraHai="17" who="2" fromWho="2" sc="234,-20,214,-40,224,80,328,-20" /><INIT seed="2,0,0,4,4,25" ten="214,174,304,308" oya="2" hai0="102,93,4,3,76,55,73,0,126,12,50,84,119" hai1="47,54,33,1,127,40,57,86,63,108,79,110,15" hai2="132,97,10,34,62,14,64,41,107,67,128,51,94" hai3="29,70,80,58,8,21,77,72,115,117,124,30,6"/><V75/><F75/><W9/><G70/><T56/><D126/><U113/><E113/><V81/><F34/><W28/><G117/><T32/><D119/><U116/><E116/><V83/><F107/><W103/><G124/><T105/><D32/><U106/><E106/><V61/><F128/><W23/><G103/><T134/><D134/><U130/><E1/><V135/><F41/><W88/><G115/><T118/><D118/><U26/><E127/><V5/><F51/><W112/><G112/><T100/><D12/><U129/><E15/><V36/><F36/><W31/><G31/><T78/><D4/><U13/><E13/><V44/><F44/><W37/><G37/><T52/><D105/><U19/><E79/><V17/><F17/><W111/><G6/><T133/><D133/><U87/><E19/><V38/><F38/><W98/><G58/><T2/><D55/><U11/><E11/><V68/><F132/><W131/><G131/><N who="1" m="50186" /><E26/><V99/><F135/><W85/><G111/><N who="1" m="42538" /><E33/><V71/><REACH who="2" step="1"/><F99/><REACH who="2" ten="214,174,294,308" step="2"/><W74/><G74/><T45/><D73/><U24/><E24/><V122/><F122/><W53/><G72/><T89/><D45/><U95/><E47/><V46/><F46/><W109/><G109/><T69/><D69/><U35/><E40/><V22/><F22/><N who="3" m="8203" /><G53/><T60/><D50/><U42/><E42/><V27/><F27/><W104/><G104/><T59/><D59/><U121/><E35/><V123/><F123/><W120/><G120/><T114/><D114/><U101/><E121/><V48/><F48/><W18/><G18/><T91/><D56/><RYUUKYOKU ba="0,1" sc="214,-30,174,10,294,10,308,10" hai1="54,57,63,86,87,95,101" hai2="5,10,14,61,62,64,67,68,71,81,83,94,97" hai3="8,9,28,29,30,77,80,85,88,98" /><INIT seed="2,1,1,0,3,18" ten="184,184,304,318" oya="2" hai0="76,43,37,73,115,67,126,15,31,72,88,46,63" hai1="127,133,59,32,14,120,89,86,6,36,5,53,1" hai2="87,71,96,30,45,70,44,42,106,66,51,117,105" hai3="92,65,29,56,121,134,102,108,84,118,85,124,25"/><V60/><F117/><W132/><G121/><T58/><D115/><U82/><E1/><V33/><F87/><W112/><G118/><T61/><D126/><U81/><E127/><V38/><F71/><W94/><G124/><T2/><D2/><U24/><E36/><V35/><F30/><W79/><G108/><T47/><D76/><U55/><E120/><V80/><F80/><W109/><G109/><T16/><D31/><U100/><E133/><N who="3" m="51306" /><G102/><T98/><D46/><U95/><E53/><V27/><F27/><W0/><G0/><T128/><D128/><U90/><E100/><V8/><F8/><W119/><G119/><T74/><D63/><U103/><E103/><V68/><F68/><W23/><G112/><T28/><D28/><U7/><E32/><V62/><F60/><N who="3" m="38023" /><G79/><T77/><D77/><U4/><E24/><V54/><REACH who="2" step="1"/><F96/><REACH who="2" ten="184,184,294,318" step="2"/><W104/><G85/><T107/><D98/><U10/><REACH who="1" step="1"/><E89/><REACH who="1" ten="184,174,294,318" step="2"/><V125/><F125/><W26/><G25/><T17/><D88/><U52/><E52/><V130/><F130/><W75/><G75/><T113/><D73/><U41/><E41/><V91/><F91/><W116/><G116/><T39/><D74/><U57/><E57/><V131/><F131/><W13/><G26/><T110/><D72/><U97/><E97/><V123/><F123/><W9/><G84/><T99/><D99/><U93/><E93/><V49/><F49/><AGARI ba="1,3" hai="4,5,6,7,10,14,49,55,59,81,82,86,90,95" machi="49" ten="40,5200,0" yaku="1,1,8,1,53,1" doraHai="18" doraHaiUra="83" who="1" fromWho="2" sc="184,0,174,85,294,-55,318,0" /><INIT seed="3,0,0,4,4,95" ten="184,259,239,318" oya="3" hai0="43,17,20,47,61,63,67,56,110,64,40,128,82" hai1="60,50,91,117,57,103,8,96,102,28,119,45,101" hai2="113,120,12,131,34,46,55,93,125,130,105,19,25" hai3="90,84,116,106,21,3,118,26,31,24,112,135,99"/><W15/><G3/><T132/><D110/><U81/><E28/><N who="2" m="19727" /><F105/><W13/><G112/><T121/><D128/><N who="2" m="49194" /><F113/><W32/><G135/><T44/><D132/><U87/><E8/><V78/><F78/><W53/><G13/><T114/><D121/><U124/><E124/><V48/><F125/><W7/><G53/><T52/><D114/><U42/><E119/><V107/><F107/><W129/><G15/><T27/><D82/><U62/><E117/><V30/><F30/><W18/><G7/><T37/><REACH who="0" step="1"/><D63/><REACH who="0" ten="174,259,239,318" step="2"/><U134/><E134/><V69/><F120/><W94/><G129/><T6/><D6/><U23/><E62/><V86/><F69/><W109/><G109/><T98/><D98/><U29/><E96/><V74/><F74/><W89/><G106/><T66/><D66/><U11/><E60/><V126/><F126/><W51/><G118/><T0/><D0/><U85/><E81/><V2/><F2/><W22/><G116/><T4/><D4/><U58/><E85/><V88/><F86/><W10/><G84/><T70/><D70/><U73/><E87/><V41/><F93/><W92/><G92/><T9/><D9/><U14/><E73/><V79/><F79/><W76/><G10/><T127/><D127/><U111/><E111/><V97/><F97/><W49/><G76/><T123/><D123/><U108/><E108/><V80/><F80/><W75/><G75/><T133/><D133/><U72/><E72/><V77/><F77/><W38/><G99/><T115/><D115/><U83/><E83/><V100/><F100/><W1/><G94/><RYUUKYOKU ba="0,1" sc="174,30,259,-10,239,-10,318,-10" hai0="17,20,27,37,40,43,44,47,52,56,61,64,67" /><INIT seed="4,1,1,2,0,112" ten="204,249,229,308" oya="0" hai0="124,16,26,51,111,108,65,86,129,100,103,44,24" hai1="120,75,54,110,73,67,105,17,61,130,42,125,53" hai2="116,88,101,94,69,34,79,68,56,71,40,74,5" hai3="36,59,21,95,37,89,132,77,52,31,6,1,127"/><T30/><D129/><U109/><E130/><V66/><F34/><W55/><G77/><T87/><D124/><U97/><E125/><V93/><F5/><W22/><G6/><T135/><D135/><U76/><E120/><V18/><F40/><W64/><G1/><T99/><D65/><U121/><E121/><V131/><F131/><W84/><G127/><T102/><D99/><U118/><E118/><V15/><F101/><W49/><G64/><T58/><D58/><U25/><E42/><V78/><F94/><W32/><G32/><T12/><D108/><U123/><E123/><V96/><F116/><W19/><G132/><T23/><D111/><U91/><E109/><V82/><F78/><W20/><G31/><T28/><D28/><U113/><E113/><V39/><F39/><W9/><G9/><T47/><D26/><U133/><E76/><V0/><F0/><W48/><REACH who="3" step="1"/><G19/><REACH who="3" ten="204,249,229,298" step="2"/><T43/><REACH who="0" step="1"/><D47/><AGARI ba="1,2" hai="20,21,22,36,37,47,48,49,52,55,59,84,89,95" machi="47" ten="40,8000,1" yaku="1,1,2,1,54,1,53,2" doraHai="112" doraHaiUra="50" who="3" fromWho="0" sc="204,-83,249,0,229,0,298,103" /><INIT seed="5,0,0,2,5,68" ten="121,249,229,401" oya="1" hai0="52,73,42,91,36,132,41,124,58,10,93,106,90" hai1="38,18,6,103,83,134,101,17,107,31,75,9,126" hai2="120,102,49,115,1,8,51,77,74,81,112,113,46" hai3="119,111,92,22,16,130,20,43,57,13,135,122,118"/><U86/><E75/><V14/><F120/><W133/><G111/><T127/><D106/><U69/><E69/><V60/><F102/><W62/><G122/><T40/><D73/><U50/><E38/><V39/><F60/><W27/><G43/><T5/><D132/><N who="3" m="50761" /><G92/><T104/><D104/><U116/><E116/><V35/><F35/><W67/><G130/><T28/><D28/><AGARI ba="0,0" hai="13,16,20,22,27,28,57,62,67,118,119" m="50761" machi="28" ten="30,2000,0" yaku="20,1,54,1" doraHai="68" who="3" fromWho="0" sc="121,-20,249,0,229,0,401,20" /><INIT seed="6,0,0,5,5,24" ten="101,249,229,421" oya="2" hai0="36,66,119,84,8,131,128,20,113,79,26,35,17" hai1="98,60,95,97,99,16,49,0,6,7,53,48,15" hai2="4,106,114,130,89,63,22,5,109,62,45,19,61" hai3="110,34,44,80,129,69,30,43,102,46,71,124,2"/><V94/><F106/><W105/><G2/><T13/><D36/><U58/><E0/><V38/><F114/><W56/><G110/><T120/><D66/><U40/><E95/><V88/><F109/><W133/><G80/><T70/><D70/><U52/><E40/><V31/><F130/><N who="0" m="49706" /><D79/><U32/><E32/><V21/><F45/><W47/><G34/><T112/><D84/><U87/><E87/><N who="2" m="52511" /><F38/><W103/><G43/><T83/><D83/><U33/><E33/><V37/><F89/><W74/><G74/><T100/><D100/><U77/><E77/><V29/><F22/><W115/><G115/><N who="0" m="44107" /><D120/><U116/><E116/><V108/><F37/><W39/><G71/><T11/><D119/><U86/><E86/><V68/><F68/><W90/><G47/><T18/><D35/><U14/><E60/><V3/><F3/><W111/><G69/><T93/><D93/><U78/><E78/><V54/><F54/><W85/><G102/><T55/><D55/><U42/><E42/><V123/><F123/><W91/><G90/><T118/><D118/><U25/><E53/><V96/><F96/><W107/><G107/><T121/><D121/><U127/><E49/><V76/><F76/><W73/><G73/><T27/><D11/><U81/><E52/><V125/><F108/><W101/><G46/><T117/><D117/><U126/><E58/><V57/><F57/><W92/><G56/><T28/><D27/><U82/><E25/><V50/><F50/><W72/><G39/><T9/><D9/><U75/><E48/><V132/><F63/><W59/><G129/><RYUUKYOKU ba="0,0" sc="101,30,249,-10,229,-10,421,-10" hai0="8,13,17,18,20,26,28" /><INIT seed="7,1,0,3,1,95" ten="131,239,219,411" oya="3" hai0="14,3,12,83,110,91,5,2,1,90,122,133,117" hai1="74,61,57,32,43,97,18,70,17,27,130,23,58" hai2="13,35,10,46,4,38,114,81,79,50,77,118,87" hai3="8,104,53,55,80,101,44,116,128,103,85,40,45"/><W108/><G116/><T102/><D117/><U56/><E32/><V48/><F114/><W109/><G8/><T131/><D122/><U20/><E74/><V123/><F35/><W42/><G104/><T29/><D110/><U76/><E76/><N who="2" m="46503" /><F38/><W107/><G107/><T106/><D131/><U135/><E130/><V96/><F123/><W6/><G6/><T47/><D133/><U124/><E135/><V93/><F118/><W39/><G128/><T21/><D47/><U111/><E111/><N who="3" m="42570" /><G55/><T28/><D83/><U69/><E61/><V60/><F60/><W99/><G53/><T98/><D5/><U82/><E82/><V11/><F11/><W134/><G103/><T127/><D127/><U120/><E124/><V66/><F66/><W24/><G24/><T113/><D113/><U37/><E120/><V78/><F46/><W64/><G64/><T54/><D54/><U62/><E62/><V72/><F72/><W71/><G71/><T125/><D125/><U19/><E43/><V89/><AGARI ba="1,0" hai="4,10,13,48,50,77,78,79,89,93,96" m="46503" machi="89" ten="30,2000,0" yaku="8,1,52,1" doraHai="95" who="2" fromWho="2" sc="131,-6,239,-6,219,23,411,-11" owari="125,-37.0,233,-17.0,242,4.0,400,50.0" /></mjloggm>