<mjloggm ver="2.3"><GO type="169" lobby="0"/><UN n0="%E3%82%A6%E3%83%AB%E3%83%88%E3%83%A9%E7%AB%8B%E7%9B%B4" n1="%74%6F%6E%6E%75%72%61" n2="%E9%87%8E%E3%80%85%E5%AE%AE%E8%97%8D" n3="%E3%81%90%E3%81%BF%E3%82%83%E3%81%99" dan="18,16,16,18" rate="2290.43,2161.44,2071.27,2161.50" sx="M,M,F,M"/><TAIKYOKU oya="0"/><INIT seed="0,0,0,5,3,78" ten="250,250,250,250" oya="0" hai0="5,44,25,1,108,17,121,64,93,30,112,29,15" hai1="40,71,86,98,62,16,28,27,39,14,83,90,109" hai2="131,97,87,4,94,38,111,18,13,91,68,134,20" hai3="50,11,37,43,41,66,82,54,46,24,115,114,104"/><T34/><D64/><U123/><E123/><V49/><F38/><W122/><G104/><T106/><D106/><U99/><E109/><V96/><F111/><W35/><G122/><T125/><D121/><U126/><E126/><V21/><F68/><W128/><G128/><T105/><D105/><U118/><E118/><V85/><F131/><W102/><G102/><T89/><D108/><U58/><E71/><V77/><F134/><W69/><G43/><T59/><D30/><U119/><E119/><V135/><F135/><W56/><G11/><T92/><D112/><U81/><E40/><V48/><F4/><W65/><G65/><T101/><D125/><U117/><E39/><V70/><F21/><W0/><G0/><T60/><D44/><U55/><E117/><V103/><F70/><W9/><G9/><N who="0" m="2223" /><D89/><U23/><REACH who="1" step="1"/><E83/><REACH who="1" ten="250,240,250,250" step="2"/><N who="2" m="47343" /><F97/><W36/><G36/><T132/><D132/><U26/><E26/><V3/><F3/><W51/><G24/><T74/><D25/><U53/><E53/><V10/><F10/><AGARI ba="0,1" hai="10,14,16,23,27,28,55,58,62,81,86,90,98,99" machi="10" ten="30,12000,2" yaku="1,1,7,1,8,1,52,1,54,1,53,1" doraHai="78" doraHaiUra="79" who="1" fromWho="2" sc="250,0,240,130,250,-120,250,0" /><INIT seed="1,0,0,3,1,67" ten="250,370,130,250" oya="1" hai0="89,112,33,60,118,12,90,81,19,76,64,97,74" hai1="92,62,125,107,94,21,24,105,77,79,35,84,102" hai2="8,39,58,10,42,127,38,78,113,34,114,47,135" hai3="68,66,63,2,5,23,129,95,14,80,73,20,65"/><U31/><E125/><V101/><F34/><W109/><G2/><T120/><D112/><N who="2" m="43114" /><F127/><W126/><G126/><T116/><D33/><U123/><E123/><V108/><F108/><W133/><G109/><T6/><D6/><U55/><E107/><V91/><F38/><W45/><G129/><T4/><D4/><U122/><E122/><V53/><F135/><W71/><G133/><T132/><D132/><U36/><E36/><V9/><F78/><W59/><G45/><T121/><D121/><U93/><E35/><V99/><F91/><W40/><G40/><T130/><D130/><U30/><E30/><V104/><F8/><W11/><G95/><T51/><D120/><U131/><E131/><V48/><AGARI ba="0,0" hai="9,10,39,42,47,48,53,58,99,101,104" m="43114" machi="48" ten="30,1100,0" yaku="11,1" doraHai="67" who="2" fromWho="2" sc="250,-3,370,-5,130,11,250,-3" /><INIT seed="2,0,0,0,4,42" ten="247,365,141,247" oya="2" hai0="49,127,94,65,7,105,36,76,99,87,83,115,66" hai1="68,103,6,16,47,135,62,90,132,124,117,113,81" hai2="74,67,1,125,26,33,37,17,59,20,96,39,15" hai3="71,119,95,27,123,70,110,93,28,21,58,122,78"/><V25/><F74/><W86/><G119/><T10/><D36/><U35/><E113/><V104/><F1/><W43/><G110/><T24/><D115/><U97/><E35/><V22/><F33/><W133/><G71/><T134/><D127/><U30/><E30/><V126/><F15/><W129/><G70/><T79/><D134/><U92/><E6/><V108/><F108/><W106/><G106/><T89/><D79/><U100/><E124/><N who="2" m="47723" /><F67/><W44/><G133/><T12/><D24/><U13/><E117/><V45/><F59/><W101/><G129/><T116/><D116/><U3/><E3/><V46/><F104/><W32/><G32/><T85/><D105/><U19/><E19/><N who="2" m="12447" /><F96/><W61/><G123/><T48/><D99/><U53/><E68/><V131/><F131/><W60/><G122/><T88/><D76/><U63/><E132/><V84/><F84/><W14/><G14/><T112/><D112/><U41/><E103/><V23/><F22/><W120/><G120/><T75/><D75/><U77/><E77/><V9/><F9/><W98/><G58/><T80/><D94/><U40/><E100/><V82/><F82/><N who="3" m="47447" /><G93/><T55/><D49/><AGARI ba="0,0" hai="21,27,28,43,44,49,60,61,95,98,101" m="47447" machi="49" ten="30,2000,0" yaku="8,1,52,1" doraHai="42" who="3" fromWho="0" sc="247,-20,365,0,141,0,247,20" /><INIT seed="3,0,0,1,1,27" ten="227,365,141,267" oya="3" hai0="123,48,43,107,59,35,67,4,37,76,112,11,57" hai1="82,1,64,69,30,135,25,44,131,12,92,129,65" hai2="68,99,17,60,86,31,83,51,87,97,26,130,78" hai3="9,39,50,8,101,124,72,120,90,133,93,88,47"/><W95/><G120/><T55/><D107/><U96/><E1/><V66/><F130/><N who="1" m="49673" /><E135/><V105/><F17/><W118/><G118/><T134/><D123/><U74/><E69/><V128/><F128/><W41/><G72/><T53/><D35/><N who="1" m="20943" /><E12/><V62/><F62/><W132/><G124/><T91/><D67/><U49/><E82/><V18/><F18/><W116/><G116/><T29/><D29/><U23/><E23/><V94/><F51/><W103/><G39/><T42/><D37/><U125/><E74/><V6/><F6/><W98/><G133/><T21/><D76/><U106/><E106/><V104/><F87/><N who="3" m="52383" /><G132/><T77/><D21/><U89/><E125/><V36/><F99/><W40/><G40/><AGARI ba="0,0" hai="40,44,49,64,65,89,92,96" m="20943,49673" machi="40" ten="30,2000,0" yaku="19,1,52,1" doraHai="27" who="1" fromWho="3" sc="227,0,365,20,141,0,267,-20" /><INIT seed="4,0,0,1,4,15" ten="227,385,141,247" oya="0" hai0="130,114,94,17,55,54,31,23,101,83,33,121,126" hai1="63,38,61,90,102,98,115,12,120,70,45,14,123" hai2="43,127,110,103,51,8,68,95,44,20,39,13,81" hai3="9,85,10,30,93,88,107,125,40,29,132,111,100"/><T124/><D121/><U25/><E115/><V62/><F110/><W42/><G111/><T27/><D130/><U96/><E90/><V129/><F129/><W75/><G75/><T48/><D83/><U4/><E25/><V131/><F131/><W118/><G118/><T56/><D114/><U97/><E102/><V58/><F127/><N who="0" m="48682" /><D55/><U108/><E97/><V59/><F20/><W112/><G132/><T134/><D134/><U5/><E45/><V26/><F26/><W99/><G112/><T1/><D1/><U49/><E49/><V3/><F3/><W80/><G125/><T21/><D21/><U82/><E108/><V89/><F39/><W32/><G107/><T46/><D46/><U78/><E78/><V84/><F68/><W74/><G74/><T19/><D33/><U2/><E2/><V35/><F35/><W71/><G71/><T6/><D6/><U11/><E70/><V36/><F62/><W109/><G32/><T79/><D79/><U47/><E47/><V24/><F36/><W73/><G73/><T22/><D22/><U37/><E82/><V135/><F135/><W64/><G109/><T104/><D104/><U105/><E105/><V0/><F0/><W87/><G42/><T50/><D50/><U57/><E57/><V91/><F59/><W7/><G40/><T69/><D69/><U66/><E66/><V65/><F65/><W16/><G64/><T60/><D60/><U133/><E133/><V77/><F58/><W119/><G80/><T106/><D106/><U116/><E116/><V122/><F81/><W76/><G119/><RYUUKYOKU ba="0,0" sc="227,15,385,15,141,-15,247,-15" hai0="17,19,23,27,31,48,54,56,94,101" hai1="4,5,11,12,14,37,38,61,63,96,98,120,123" /><INIT seed="4,1,0,2,4,91" ten="242,400,126,232" oya="0" hai0="41,22,100,121,66,79,83,0,61,38,132,2,4" hai1="1,113,88,126,94,6,32,108,67,11,71,75,29" hai2="33,72,119,77,48,60,114,45,129,135,44,59,49" hai3="56,24,107,62,30,117,16,21,74,68,76,31,12"/><T102/><D121/><U133/><E108/><V87/><F72/><W57/><G107/><T35/><D35/><U69/><E133/><V120/><F33/><W105/><G105/><T103/><D132/><U106/><E126/><V127/><F135/><W96/><G117/><T82/><D4/><U123/><E123/><V42/><F120/><W36/><G36/><T55/><D55/><U40/><E106/><V18/><F127/><W115/><G68/><T3/><D22/><U52/><E75/><V99/><F99/><W43/><G43/><T20/><D20/><U78/><E78/><V51/><F119/><W10/><G115/><T58/><REACH who="0" step="1"/><D79/><REACH who="0" ten="232,400,126,232" step="2"/><U98/><E32/><V9/><F114/><W13/><G21/><T90/><D90/><U5/><E5/><V19/><F9/><W122/><G76/><T25/><D25/><U86/><E52/><N who="2" m="33895" /><F129/><W116/><G10/><T70/><D70/><U112/><E71/><V26/><F26/><W128/><G128/><T134/><D134/><U53/><E53/><N who="2" m="29831" /><F49/><W64/><G24/><T23/><D23/><U50/><E50/><V15/><F15/><W73/><G122/><T95/><D95/><U125/><E94/><V85/><F77/><W81/><G116/><T97/><D97/><U101/><E98/><V104/><F104/><W27/><G27/><T63/><D63/><U80/><E11/><V17/><AGARI ba="1,1" hai="17,18,19,42,45,51,85,87" m="29831,33895" machi="17" ten="30,2000,0" yaku="8,1,54,1" doraHai="91" who="2" fromWho="2" sc="232,-11,400,-6,126,33,232,-6" /><INIT seed="5,0,0,0,1,2" ten="221,394,159,226" oya="1" hai0="8,105,79,20,99,11,6,44,3,121,126,54,78" hai1="110,112,53,85,37,12,62,102,101,66,81,123,48" hai2="42,75,73,25,9,26,14,103,83,127,68,107,71" hai3="92,115,19,21,7,97,0,23,91,90,129,88,133"/><U63/><E123/><V72/><F127/><W36/><G36/><T114/><D114/><U41/><E112/><V43/><F83/><W45/><G115/><T80/><D126/><U89/><E110/><V106/><F14/><W74/><G74/><T100/><D121/><U76/><E41/><N who="2" m="15371" /><F103/><W15/><G129/><T117/><D117/><U70/><E37/><V16/><F16/><W113/><G113/><T67/><D67/><U84/><E63/><V52/><F9/><N who="3" m="4543" /><G133/><T118/><D118/><U98/><E98/><V31/><F31/><W94/><G0/><T32/><D32/><U124/><E12/><V135/><F52/><W5/><G45/><T49/><D11/><U17/><E17/><V13/><F13/><N who="3" m="9455" /><G5/><T59/><D20/><U96/><E96/><V4/><F4/><W116/><G116/><T95/><D44/><U34/><E34/><V132/><F107/><W131/><G131/><T35/><D35/><U77/><E77/><V93/><F106/><W111/><G111/><T1/><D1/><U55/><E55/><V104/><F104/><W122/><G122/><T33/><D33/><U65/><E65/><V125/><F125/><W29/><G97/><T18/><D18/><U28/><E28/><V39/><F39/><W134/><G134/><N who="2" m="51241" /><F93/><W38/><G38/><T108/><D108/><U82/><REACH who="1" step="1"/><E124/><REACH who="1" ten="221,384,159,226" step="2"/><V87/><F87/><W56/><G29/><T40/><D40/><U22/><E22/><V60/><F60/><W51/><G23/><T58/><D105/><U130/><E130/><V57/><F75/><W10/><G10/><T30/><D8/><RYUUKYOKU ba="0,1" sc="221,-15,384,15,159,-15,226,15" hai1="48,53,62,66,70,76,81,82,84,85,89,101,102" hai3="51,56,88,90,91,92,94" /><INIT seed="5,1,1,3,0,117" ten="206,399,144,241" oya="1" hai0="10,42,100,65,24,116,1,30,127,16,109,121,60" hai1="9,8,86,103,47,89,17,14,35,26,74,6,94" hai2="11,41,58,28,129,27,91,48,49,72,130,5,135" hai3="20,119,54,92,81,13,125,45,32,108,90,118,55"/><U134/><E74/><V70/><F70/><W19/><G108/><T112/><D109/><U44/><E134/><V105/><F135/><W97/><G32/><T21/><D116/><N who="3" m="44585" /><G125/><T84/><D112/><U78/><E78/><V79/><F105/><W39/><G81/><T131/><D131/><N who="2" m="50186" /><F41/><AGARI ba="1,1" hai="13,19,20,39,41,45,54,55,90,92,97" m="44585" machi="41" ten="30,1000,0" yaku="12,1" doraHai="117" who="3" fromWho="2" sc="206,0,399,0,144,-13,241,23" /><INIT seed="6,0,0,3,0,133" ten="206,399,131,264" oya="2" hai0="62,4,68,72,83,108,85,75,123,104,88,6,30" hai1="119,102,46,130,58,50,76,19,43,95,77,28,48" hai2="1,116,105,86,7,34,51,14,61,36,111,131,106" hai3="40,64,31,125,29,107,32,94,135,20,5,41,96"/><V98/><F36/><W127/><G107/><N who="2" m="40969" /><F14/><W11/><G32/><T115/><D104/><U9/><E119/><V65/><F51/><W117/><G117/><T118/><D108/><U18/><E130/><V84/><F116/><W73/><G73/><T66/><D118/><U112/><E112/><V63/><F34/><W71/><G135/><T16/><D115/><U22/><E28/><V42/><F42/><W97/><G64/><T35/><D123/><U0/><E0/><V110/><F131/><W134/><G71/><T74/><REACH who="0" step="1"/><D16/><REACH who="0" ten="196,399,131,264" step="2"/><U26/><E18/><V13/><F111/><W49/><G134/><T92/><D92/><U59/><E19/><V45/><F110/><W12/><G94/><T90/><D90/><U56/><E95/><V99/><F99/><W2/><G96/><T8/><D8/><U100/><E9/><N who="2" m="4287" /><F98/><W21/><G97/><T39/><D39/><U87/><E102/><V57/><F1/><W101/><G101/><T120/><D120/><U27/><E100/><V113/><F113/><W33/><G2/><T17/><D17/><U25/><E25/><AGARI ba="0,1" hai="4,6,25,30,35,62,66,68,72,74,75,83,85,88" machi="25" ten="40,2600,0" yaku="1,1,54,1,53,0" doraHai="133" doraHaiUra="129" who="0" fromWho="1" sc="196,36,399,-26,131,0,264,0" /><INIT seed="7,0,0,5,1,39" ten="232,373,131,264" oya="3" hai0="19,72,56,78,55,94,114,104,116,126,68,82,71" hai1="17,122,84,20,31,125,38,98,90,14,16,28,117" hai2="23,89,99,30,67,9,70,135,127,10,7,64,131" hai3="25,33,63,40,102,4,43,101,32,18,13,112,134"/><W21/><G112/><T118/><D104/><U88/><E122/><V24/><F127/><W113/><G113/><T100/><D114/><U5/><E5/><V60/><F131/><W133/><G63/><T96/><D126/><U95/><E38/><V15/><F135/><N who="3" m="51723" /><G4/><T124/><D124/><U35/><E35/><N who="3" m="13386" /><G25/><T61/><D71/><U37/><E37/><V121/><F121/><W91/><G91/><T111/><D111/><U58/><E117/><V44/><F70/><W2/><G2/><T110/><D110/><U1/><E1/><V48/><F60/><W105/><G105/><T36/><D68/><U45/><E125/><V34/><F34/><W106/><G106/><T49/><D36/><U119/><E119/><V120/><F120/><W69/><G69/><T115/><D115/><U123/><E123/><V12/><F89/><W59/><G59/><T8/><D61/><U73/><E58/><V85/><F99/><W65/><G65/><T51/><D51/><U57/><E57/><V129/><F129/><W75/><G75/><T109/><D109/><U81/><E45/><V93/><F85/><W74/><G74/><T66/><D66/><U83/><E73/><V22/><F93/><W107/><G107/><T46/><D56/><U128/><E128/><V53/><REACH who="2" step="1"/><F23/><REACH who="2" ten="232,373,121,264" step="2"/><W130/><G130/><T79/><D118/><U87/><E95/><V108/><F108/><W29/><G21/><T76/><D116/><U50/><E20/><V3/><F3/><W86/><G86/><T6/><D72/><U92/><E87/><V42/><F42/><W0/><G43/><RYUUKYOKU ba="0,1" sc="232,-10,373,-10,121,30,264,-10" hai2="7,9,10,12,15,22,24,30,44,48,53,64,67" owari="222,-18.0,373,48.0,151,-35.0,254,5.0" /></mjloggm>