<mjloggm ver="2.3"><GO type="169" lobby="0"/><UN n0="%E8%A5%BF%E6%9C%A8%E9%87%8E%E7%9C%9F%E5%A7%AB%EF%BC%9F" n1="%E3%81%9F%E3%81%A4%E3%81%8D%E3%82%80%E3%81%A8%E3%82%93" n2="%60%E3%83%BB%CF%89%E3%83%BB%29%79%2D%7E" n3="%E3%82%A6%E3%83%AB%E3%83%88%E3%83%A9%E7%AB%8B%E7%9B%B4" dan="16,16,16,17" rate="2053.71,2177.18,2015.03,2192.33" sx="F,M,M,M"/><TAIKYOKU oya="0"/><INIT seed="0,0,0,0,0,23" ten="250,250,250,250" oya="0" hai0="61,31,79,77,26,131,34,91,134,38,53,87,40" hai1="37,80,20,84,94,27,93,18,39,95,81,109,30" hai2="57,113,21,11,99,117,76,106,32,2,45,46,114" hai3="78,54,25,8,5,48,83,0,96,116,65,125,28"/><T121/><D121/><U41/><E109/><V119/><F32/><W12/><G125/><T10/><D134/><U33/><E41/><V112/><F76/><W16/><G65/><T104/><D104/><U29/><E80/><V50/><F57/><W62/><G96/><T3/><D131/><U47/><E47/><V122/><F122/><W133/><G62/><T43/><D38/><U49/><E49/><V22/><F11/><W19/><G133/><T4/><D43/><U107/><E107/><V72/><F2/><W60/><G60/><T59/><REACH who="0" step="1"/><D40/><REACH who="0" ten="240,250,250,250" step="2"/><U124/><E124/><V14/><F113/><W92/><G116/><T110/><D110/><U9/><E39/><V101/><F112/><W56/><G0/><T103/><D103/><U132/><E37/><V129/><F114/><W13/><G13/><T64/><D64/><U126/><E126/><V102/><F14/><W75/><REACH who="3" step="1"/><G92/><AGARI ba="0,1" hai="3,4,10,26,31,34,53,59,61,77,79,87,91,92" machi="92" ten="30,12000,1" yaku="1,1,7,1,52,1,53,2" doraHai="23" doraHaiUra="73" who="0" fromWho="3" sc="240,130,250,0,250,0,250,-120" /><INIT seed="0,1,0,3,5,77" ten="370,250,250,130" oya="0" hai0="49,53,103,102,70,33,13,88,83,26,40,79,57" hai1="7,12,38,67,131,94,8,27,98,68,129,36,109" hai2="25,34,69,126,28,120,118,35,125,24,60,30,110" hai3="113,104,47,96,54,119,46,5,95,39,75,43,61"/><T100/><D70/><U101/><E109/><V135/><F110/><W82/><G113/><T64/><D79/><U134/><E134/><V45/><F120/><W58/><G104/><T114/><D114/><U14/><E14/><V55/><F135/><W51/><G119/><T9/><D64/><U92/><E92/><V37/><F118/><W99/><G5/><T11/><D40/><U91/><E101/><V123/><F123/><W73/><G96/><T29/><REACH who="0" step="1"/><D13/><REACH who="0" ten="360,250,250,130" step="2"/><U78/><E78/><V63/><F55/><W93/><G73/><T10/><D10/><U124/><E67/><V16/><F69/><W71/><G71/><T74/><D74/><U133/><E68/><V42/><F125/><W0/><G0/><T116/><D116/><U106/><E124/><V50/><F126/><W132/><G132/><T65/><D65/><U17/><E133/><V3/><F3/><W20/><G75/><T6/><D6/><U59/><E7/><V41/><F41/><W117/><G117/><T122/><D122/><U112/><E112/><V1/><F1/><W56/><G43/><T15/><D15/><U97/><E12/><V86/><F37/><W115/><G39/><T127/><D127/><U87/><E38/><V18/><F42/><W66/><G115/><T108/><D108/><U128/><E36/><V76/><F76/><W32/><G66/><T19/><D19/><U48/><E17/><V105/><F16/><W72/><G72/><T107/><D107/><U90/><E106/><V4/><F18/><W89/><G54/><T22/><D22/><U21/><E21/><RYUUKYOKU ba="1,1" sc="360,30,250,-10,250,-10,130,-10" hai0="9,11,26,29,33,49,53,57,83,88,100,102,103" /><INIT seed="0,2,1,4,5,99" ten="390,240,240,120" oya="0" hai0="125,6,107,134,85,29,12,18,35,34,51,97,90" hai1="3,121,28,82,133,21,63,57,102,1,13,83,68" hai2="66,69,120,45,131,52,86,62,71,41,58,73,47" hai3="2,50,40,67,124,22,116,5,59,122,127,103,126"/><T33/><D6/><U38/><E121/><V70/><F86/><W129/><G116/><T108/><D134/><U114/><E68/><N who="2" m="26219" /><F73/><W84/><G122/><T80/><D125/><U48/><E133/><V112/><F120/><W132/><G132/><T15/><D108/><U36/><E114/><V113/><F131/><W119/><G119/><T9/><D15/><U43/><E28/><V92/><F92/><W72/><G72/><T39/><D39/><U135/><E135/><V61/><F47/><W49/><G129/><T74/><D74/><U81/><E13/><V118/><F118/><W89/><G2/><T20/><D9/><U0/><E21/><V65/><F65/><W95/><G5/><T30/><D107/><U46/><REACH who="1" step="1"/><E102/><REACH who="1" ten="390,230,240,120" step="2"/><V106/><F106/><W88/><G22/><T54/><D30/><U44/><E44/><V16/><F16/><W25/><G103/><T93/><D29/><U104/><E104/><V101/><F101/><W60/><G25/><T42/><D34/><U8/><E8/><V94/><F94/><N who="3" m="54535" /><G40/><T19/><D42/><U10/><E10/><V98/><F98/><AGARI ba="2,2" hai="49,50,59,60,67,89,95,98,124,126,127" m="54535" machi="98" ten="30,2000,0" yaku="18,1,54,1" doraHai="99" who="3" fromWho="2" sc="390,0,230,0,240,-26,120,46" /><INIT seed="1,0,0,0,3,63" ten="390,230,214,166" oya="1" hai0="75,40,56,132,76,33,129,36,85,113,65,64,130" hai1="105,114,32,89,67,123,41,66,11,116,97,91,26" hai2="72,49,120,110,34,45,29,5,86,94,52,122,30" hai3="106,69,17,16,9,7,21,42,50,71,19,38,77"/><U12/><E116/><V39/><F110/><W54/><G106/><T79/><D113/><U107/><E123/><V51/><F72/><W31/><G38/><T88/><D33/><U112/><E41/><V15/><F39/><W84/><G42/><T74/><D132/><U125/><E125/><V70/><F70/><W78/><G71/><T46/><D56/><U128/><E128/><N who="0" m="49257" /><D79/><U43/><E43/><V57/><F5/><W80/><G69/><T134/><D134/><U20/><E32/><V47/><F15/><W23/><G78/><T103/><D103/><U59/><E114/><V1/><F1/><W13/><REACH who="3" step="1"/><G31/><REACH who="3" ten="390,230,214,156" step="2"/><T104/><D76/><U68/><E112/><V90/><F29/><W27/><G27/><T18/><D104/><U25/><E68/><V101/><F30/><W73/><G73/><N who="0" m="27659" /><D18/><U99/><E107/><V124/><F120/><W96/><G96/><T133/><D133/><U55/><E105/><V115/><F122/><W10/><G10/><T58/><D58/><AGARI ba="0,1" hai="7,9,13,16,17,19,21,23,50,54,58,77,80,84" machi="58" ten="40,5200,0" yaku="1,1,8,1,54,1,53,0" doraHai="63" doraHaiUra="111" who="3" fromWho="0" sc="390,-52,230,0,214,0,156,62" /><INIT seed="2,0,0,1,5,7" ten="338,230,214,218" oya="2" hai0="3,48,130,105,49,14,54,32,29,22,74,89,41" hai1="128,133,56,15,134,96,126,121,42,92,102,68,70" hai2="78,66,72,53,51,101,104,58,119,43,67,75,98" hai3="99,100,55,21,94,27,65,112,103,19,76,8,69"/><V109/><F119/><W116/><G116/><T111/><D74/><U57/><E121/><V36/><F109/><W122/><G122/><T47/><D105/><U34/><E34/><V114/><F114/><W95/><G112/><T129/><D111/><U115/><E115/><V10/><F10/><W5/><G76/><T61/><D3/><U91/><E126/><V33/><F33/><W107/><G69/><N who="1" m="26730" /><E42/><V39/><F72/><W23/><G65/><T9/><D32/><U106/><E128/><N who="0" m="49257" /><D89/><U59/><E15/><V28/><F28/><W73/><G73/><T2/><D2/><U123/><E123/><V90/><F90/><W6/><G6/><N who="0" m="3383" /><D61/><U31/><E31/><V84/><F67/><W52/><G21/><T62/><D62/><U82/><E82/><V127/><F66/><W79/><G79/><T30/><D22/><U16/><E16/><V110/><F75/><W17/><G17/><T25/><D25/><U12/><E12/><V85/><F110/><W80/><G80/><T60/><D60/><U135/><E91/><V35/><F35/><W118/><G118/><T93/><D93/><AGARI ba="0,0" hai="56,57,59,92,93,96,102,106,133,134,135" m="26730" machi="93" ten="40,1300,0" yaku="20,1" doraHai="7" who="1" fromWho="0" sc="338,-13,230,13,214,0,218,0" /><INIT seed="3,0,0,5,5,104" ten="325,243,214,218" oya="3" hai0="80,50,90,72,5,99,129,93,68,76,85,58,14" hai1="1,40,119,103,124,116,28,123,33,67,10,2,113" hai2="121,19,94,49,53,48,132,127,61,44,25,118,102" hai3="114,6,126,36,66,47,88,71,34,78,23,73,38"/><W82/><G114/><T17/><D68/><U59/><E113/><V83/><F118/><N who="1" m="45097" /><E123/><V100/><F121/><W81/><G34/><T60/><D129/><U54/><E124/><V31/><F127/><W130/><G126/><T7/><D50/><U77/><E67/><V109/><F109/><W45/><G130/><T134/><D134/><U87/><E40/><V98/><F132/><W133/><G133/><T63/><D63/><U86/><E103/><V20/><F61/><W105/><G105/><T39/><D39/><U74/><E74/><V4/><F4/><W111/><G111/><T22/><REACH who="0" step="1"/><D72/><REACH who="0" ten="315,243,214,218" step="2"/><U89/><E1/><V27/><F49/><W65/><G71/><T79/><D79/><U84/><E77/><V30/><F48/><W122/><G122/><T16/><D16/><U115/><E2/><V3/><F19/><W0/><G38/><T32/><D32/><U26/><E33/><V125/><F3/><W21/><G0/><T96/><D96/><U13/><E28/><V42/><F125/><W43/><G6/><T18/><D18/><U106/><E115/><V57/><F30/><W41/><G36/><T110/><D110/><U69/><E69/><V51/><F31/><W52/><G73/><T117/><D117/><U8/><E87/><V91/><F51/><W55/><G78/><T108/><D108/><U62/><E86/><V11/><F98/><W15/><G15/><T9/><D9/><U97/><E84/><V135/><F11/><W128/><G128/><T95/><D95/><U29/><E8/><V101/><F135/><W75/><G75/><RYUUKYOKU ba="0,1" sc="315,15,243,-15,214,-15,218,15" hai0="5,7,14,17,22,58,60,76,80,85,90,93,99" hai3="21,23,41,43,45,47,52,55,65,66,81,82,88" /><INIT seed="3,1,1,3,5,128" ten="330,228,199,233" oya="3" hai0="62,55,122,76,123,48,103,80,34,73,16,15,59" hai1="66,79,28,78,46,26,4,126,127,23,72,131,14" hai2="49,29,57,50,35,68,21,41,81,22,116,36,102" hai3="110,113,109,3,77,69,125,106,13,86,31,95,11"/><W85/><G106/><T98/><D34/><U70/><E131/><V45/><F116/><W111/><G113/><T54/><D54/><U38/><E72/><V119/><F119/><W43/><G3/><T134/><D134/><U118/><E118/><V108/><F108/><W121/><G121/><T1/><D62/><N who="1" m="40279" /><E4/><V64/><F102/><W25/><G69/><T75/><D75/><U40/><E14/><V97/><F97/><W52/><G43/><T65/><D65/><U84/><E84/><V91/><F68/><W58/><G95/><T120/><D1/><U117/><E117/><V7/><F7/><N who="3" m="3327" /><G77/><T18/><REACH who="0" step="1"/><D15/><REACH who="0" ten="320,228,199,233" step="2"/><U74/><E74/><V42/><F35/><N who="3" m="20975" /><G125/><AGARI ba="1,2" hai="23,26,28,38,40,46,78,79,125,126,127" m="40279" machi="125" ten="30,1000,0" yaku="18,1" doraHai="128" who="1" fromWho="3" sc="320,0,228,33,199,0,233,-13" /><INIT seed="4,0,0,0,1,53" ten="320,261,199,220" oya="0" hai0="110,66,73,9,113,16,128,120,130,133,77,34,108" hai1="40,70,15,29,61,30,119,88,56,50,8,24,101" hai2="76,4,82,6,44,131,129,105,109,22,11,48,35" hai3="86,26,42,78,69,71,97,92,36,134,49,80,47"/><T117/><D66/><U13/><E119/><V121/><F109/><N who="0" m="42090" /><D117/><U65/><E101/><V1/><F121/><W104/><G134/><T33/><D120/><U89/><E15/><V31/><F35/><W99/><G104/><T68/><D68/><U60/><E40/><V118/><F105/><W37/><G37/><T32/><D113/><U63/><E50/><V7/><F118/><W116/><G116/><T43/><D43/><U95/><E70/><V12/><F31/><N who="1" m="11785" /><E24/><V51/><F22/><W72/><G26/><T54/><D54/><U39/><E39/><V20/><F20/><W90/><G99/><T84/><D84/><N who="1" m="52615" /><E89/><V18/><F1/><W21/><G21/><T79/><D73/><U64/><E64/><V126/><F126/><W27/><G27/><T57/><D133/><U98/><E98/><V96/><F96/><W45/><REACH who="3" step="1"/><G72/><REACH who="3" ten="320,261,199,210" step="2"/><T41/><D34/><U127/><E127/><V103/><F131/><W55/><AGARI ba="0,1" hai="36,42,45,47,49,55,69,71,78,80,86,90,92,97" machi="55" ten="20,5200,0" yaku="1,1,2,1,0,1,7,1,53,0" doraHai="53" doraHaiUra="132" who="3" fromWho="3" sc="320,-26,261,-13,199,-13,210,62" /><INIT seed="5,0,0,4,3,127" ten="294,248,186,272" oya="1" hai0="118,43,115,7,116,94,91,1,106,122,34,110,33" hai1="32,8,20,75,77,133,37,119,2,66,78,123,44" hai2="126,60,4,49,52,128,30,124,50,93,105,62,117" hai3="51,113,42,71,88,114,108,9,80,111,125,18,29"/><U72/><E119/><V98/><F117/><W74/><G71/><T130/><D110/><U103/><E123/><V68/><F105/><W76/><G29/><T54/><D106/><U129/><E32/><V65/><F30/><W19/><G125/><N who="2" m="48233" /><F4/><W21/><G9/><T95/><D122/><U131/><E133/><V46/><F93/><W39/><G39/><T135/><D135/><U17/><E103/><V15/><F98/><W27/><G19/><T92/><D43/><N who="1" m="22639" /><E66/><N who="2" m="41031" /><F15/><W64/><G88/><T10/><D115/><N who="3" m="44041" /><G64/><T120/><D120/><U6/><E77/><V132/><F132/><W87/><G87/><T59/><D116/><U83/><E72/><V28/><F28/><W99/><G99/><T79/><D79/><U63/><E63/><V25/><F25/><AGARI ba="0,0" hai="2,6,8,17,20,25,75,78,83,129,131" m="22639" machi="25" ten="30,5800,0" yaku="25,1,52,2" doraHai="127" who="1" fromWho="2" sc="294,0,248,58,186,-58,272,0" /><INIT seed="5,1,0,1,5,95" ten="294,306,128,272" oya="1" hai0="135,122,107,68,120,28,24,94,116,33,85,17,88" hai1="70,72,58,126,41,84,92,57,0,23,15,3,114" hai2="119,60,40,13,102,83,76,11,112,59,78,105,121" hai3="66,6,38,26,37,49,129,34,71,100,82,61,2"/><U115/><E72/><V21/><F119/><W47/><G129/><T65/><D116/><U123/><E123/><N who="0" m="47145" /><D107/><U134/><E70/><V73/><F121/><W52/><G2/><T54/><D17/><U117/><E117/><V50/><F112/><W89/><G6/><T7/><D7/><U124/><E41/><V16/><F78/><W19/><G100/><T45/><D135/><U109/><E134/><V43/><F50/><W86/><REACH who="3" step="1"/><G19/><REACH who="3" ten="294,306,128,262" step="2"/><T113/><D113/><U99/><E115/><V29/><F29/><AGARI ba="1,1" hai="26,29,34,37,38,47,49,52,61,66,71,82,86,89" machi="29" ten="40,5200,0" yaku="1,1,2,1,54,1,53,0" doraHai="95" doraHaiUra="104" who="3" fromWho="2" sc="294,0,306,0,128,-55,262,65" /><INIT seed="6,0,0,4,3,30" ten="294,306,73,327" oya="2" hai0="35,6,70,134,117,18,40,110,39,7,135,53,8" hai1="5,113,17,123,84,129,91,22,125,16,63,68,99" hai2="36,49,101,93,52,104,116,26,81,15,103,23,106" hai3="126,109,87,41,132,86,80,112,44,3,77,89,65"/><V108/><F116/><W128/><G109/><T100/><D110/><U66/><E113/><V57/><F36/><W28/><G3/><T59/><D70/><U60/><E129/><V85/><F108/><W62/><G128/><T67/><D67/><U73/><E73/><V4/><F104/><W97/><G28/><T98/><D117/><U119/><E119/><V64/><F106/><W115/><G97/><T38/><D40/><U96/><E125/><V133/><F133/><N who="0" m="50698" /><D18/><U33/><E33/><V111/><F111/><W20/><G20/><T78/><D35/><U25/><E123/><V102/><F64/><W83/><G126/><T29/><D29/><U92/><E5/><N who="0" m="1545" /><D8/><U46/><E63/><V24/><F93/><W11/><G11/><T45/><D45/><U43/><REACH who="1" step="1"/><E17/><REACH who="1" ten="294,296,73,327" step="2"/><N who="2" m="10687" /><F4/><W82/><G132/><T2/><D2/><U90/><E90/><AGARI ba="0,1" hai="24,26,49,52,57,81,85,90,101,102,103" m="10687" machi="90" ten="30,2900,0" yaku="8,1,54,1" doraHai="30" who="2" fromWho="1" sc="294,0,296,-29,73,39,327,0" /><INIT seed="6,1,0,0,3,53" ten="294,267,112,327" oya="2" hai0="61,29,51,122,55,100,67,39,32,65,66,37,35" hai1="10,86,1,114,34,79,84,16,36,128,116,105,121" hai2="31,124,11,133,129,111,72,125,41,13,110,92,102" hai3="38,113,30,3,88,104,127,130,89,74,83,48,132"/><V25/><F72/><W123/><RYUUKYOKU type="yao9" ba="1,0" sc="294,0,267,0,112,0,327,0" hai3="3,30,38,48,74,83,88,89,104,113,123,127,130,132" /><INIT seed="6,2,0,0,5,71" ten="294,267,112,327" oya="2" hai0="117,28,15,63,92,32,135,114,99,111,129,125,11" hai1="73,30,130,112,106,77,41,128,3,88,9,35,113" hai2="49,87,101,97,121,45,2,103,20,126,34,109,31" hai3="38,16,22,68,0,72,61,118,18,53,108,120,90"/><V124/><F121/><W25/><G120/><T133/><D111/><U55/><E106/><V50/><F34/><W119/><G108/><T83/><D114/><N who="1" m="44139" /><E41/><V105/><F109/><W84/><G72/><T52/><D117/><U40/><E40/><V33/><F33/><W27/><G0/><T96/><D125/><N who="2" m="48234" /><F2/><W123/><G123/><T36/><D83/><N who="1" m="45487" /><E55/><N who="2" m="30127" /><F50/><W89/><G53/><T21/><D32/><U80/><E80/><V94/><F87/><W48/><G84/><T6/><D129/><N who="1" m="49771" /><E88/><N who="2" m="55495" /><F105/><W74/><G48/><T67/><D92/><U65/><E65/><V10/><F10/><W44/><G118/><T70/><D96/><U23/><E23/><V57/><F57/><W39/><G22/><T95/><D21/><U93/><E93/><V104/><F104/><W75/><G119/><T59/><D28/><U54/><E54/><V24/><AGARI ba="2,0" hai="20,24,31,101,103" m="55495,30127,48234" machi="24" ten="30,3000,0" yaku="18,1,54,1" doraHai="71" who="2" fromWho="2" sc="294,-12,267,-12,112,36,327,-12" /><INIT seed="6,3,0,5,3,38" ten="282,255,148,315" oya="2" hai0="25,80,89,63,59,97,85,60,90,98,0,27,20" hai1="79,82,96,116,91,105,13,103,122,81,132,33,123" hai2="9,53,120,134,109,130,55,40,67,77,111,58,49" hai3="133,15,48,65,10,126,24,94,6,73,1,5,54"/><V64/><F77/><W4/><G73/><T100/><D0/><U99/><E33/><V41/><F120/><N who="1" m="46121" /><E13/><V28/><F130/><W30/><G126/><T128/><D128/><U107/><E116/><V95/><F134/><W61/><G1/><T87/><D100/><N who="1" m="62623" /><E132/><V46/><F28/><W74/><G74/><T34/><D34/><U101/><E101/><V45/><F95/><W7/><G94/><T17/><D27/><U70/><E70/><V124/><F124/><W118/><G118/><T135/><D63/><U69/><E69/><V29/><F29/><W14/><G133/><T129/><D129/><U16/><E16/><V31/><F31/><W121/><G121/><T32/><D32/><U37/><E37/><N who="2" m="21647" /><F9/><W127/><G127/><T43/><D43/><U78/><E91/><V51/><F55/><W11/><G30/><T42/><D42/><U113/><E113/><V2/><F2/><W131/><G131/><T125/><D125/><U57/><E57/><V83/><F83/><AGARI ba="3,0" hai="78,79,81,82,83,96,103,107" m="62623,46121" machi="83" ten="30,3900,0" yaku="13,1,34,2" doraHai="38" who="1" fromWho="2" sc="282,0,255,48,148,-48,315,0" /><INIT seed="7,0,0,3,3,106" ten="282,303,100,315" oya="3" hai0="43,5,75,16,49,44,64,119,86,4,65,129,91" hai1="134,115,39,1,25,110,8,19,50,27,10,26,131" hai2="96,62,13,108,56,126,84,23,72,51,71,103,60" hai3="67,47,101,21,61,58,15,41,11,121,77,112,12"/><W30/><G112/><T70/><D119/><U52/><E110/><V54/><F108/><W36/><G121/><T114/><D75/><U100/><E39/><V33/><F33/><W132/><G132/><T32/><D32/><U46/><E134/><V42/><F126/><W24/><G77/><T22/><D114/><U14/><E115/><V99/><F71/><W2/><REACH who="3" step="1"/><G101/><REACH who="3" ten="282,303,100,305" step="2"/><T38/><D129/><U80/><E131/><V95/><F72/><W68/><G68/><T6/><D70/><U0/><E100/><V78/><F42/><W35/><G35/><T102/><D102/><U122/><E122/><V107/><F78/><W79/><G79/><T66/><D38/><U118/><E118/><V98/><F107/><W59/><G59/><T85/><D91/><U117/><E117/><V17/><REACH who="2" step="1"/><F103/><REACH who="2" ten="282,303,90,305" step="2"/><W127/><G127/><T83/><D83/><U82/><E82/><V45/><F45/><W48/><G48/><T37/><D37/><U53/><E80/><V7/><F7/><AGARI ba="0,2" hai="2,7,11,12,15,21,24,30,36,41,47,58,61,67" machi="7" ten="40,2000,0" yaku="1,1,53,0" doraHai="106" doraHaiUra="97" who="3" fromWho="2" sc="282,0,303,0,90,-20,305,40" owari="282,-12.0,303,10.0,70,-43.0,345,45.0" /></mjloggm>