<mjloggm ver="2.3"><GO type="169" lobby="0"/><UN n0="%63%72%69%74%74%65%72" n1="%E8%97%8D%E8%91%89" n2="%E3%83%88%E3%83%88%E3%83%AA%E5%85%88%E7%94%9F%31%39%E6%AD%B3" n3="%E3%81%BE%E3%81%81%E3%83%BC" dan="16,17,19,16" rate="2127.28,2147.75,2315.92,2099.96" sx="M,M,F,M"/><TAIKYOKU oya="0"/><INIT seed="0,0,0,2,0,53" ten="250,250,250,250" oya="0" hai0="50,31,88,11,62,54,104,24,77,2,115,1,69" hai1="72,60,27,114,65,66,23,63,5,91,116,12,82" hai2="20,29,101,113,119,95,106,74,41,84,7,25,36" hai3="61,51,135,28,109,64,67,86,100,13,117,68,73"/><T55/><D115/><U35/><E116/><V34/><F113/><W132/><G73/><T103/><D77/><U44/><E35/><V49/><F119/><W8/><G117/><T30/><D30/><U57/><E44/><V89/><F36/><W90/><G109/><T75/><D75/><U112/><E5/><V97/><F7/><W4/><G100/><T33/><D11/><U118/><E12/><V126/><F126/><W110/><G110/><T98/><D88/><U46/><E46/><V14/><F41/><W134/><G51/><T122/><D122/><U130/><E118/><V78/><F49/><W96/><G96/><T128/><D128/><U80/><E130/><V127/><F14/><W45/><G45/><N who="0" m="27983" /><D55/><U59/><E82/><N who="2" m="45399" /><F127/><W26/><G64/><AGARI ba="0,0" hai="1,2,24,31,33,62,64,69,98,103,104" m="27983" machi="64" ten="30,1500,0" yaku="25,1" doraHai="53" who="0" fromWho="3" sc="250,15,250,0,250,0,250,-15" /><INIT seed="0,1,0,4,0,82" ten="265,250,250,235" oya="0" hai0="51,117,104,6,36,17,98,38,71,30,103,125,95" hai1="132,127,115,41,65,57,44,93,96,124,58,79,69" hai2="53,27,10,67,3,66,72,122,62,99,92,64,18" hai3="105,120,49,46,34,89,90,74,76,7,111,107,29"/><T52/><D117/><U85/><E132/><V14/><F122/><W48/><G120/><T21/><D71/><U32/><E32/><V114/><F114/><W133/><G133/><T20/><D125/><N who="1" m="48203" /><E115/><V33/><F72/><W84/><G74/><T100/><D6/><U40/><E69/><V61/><F3/><W78/><G34/><T123/><D123/><U131/><E131/><V55/><F33/><W26/><G7/><T129/><D129/><U81/><E65/><V50/><F27/><W113/><G113/><T56/><D30/><U70/><E70/><V109/><F109/><W0/><G46/><T60/><D21/><U25/><E25/><V5/><F5/><W119/><G26/><T54/><D104/><U47/><E47/><N who="2" m="27871" /><F55/><W39/><G39/><T9/><D9/><U37/><E40/><V83/><F83/><W94/><G94/><T42/><D42/><U88/><AGARI ba="1,0" hai="37,41,44,57,58,79,81,85,88,93,96" m="48203" machi="88" ten="30,4000,0" yaku="18,1,52,1,54,1" doraHai="82" who="1" fromWho="1" sc="265,-21,250,43,250,-11,235,-11" /><INIT seed="1,0,0,5,2,99" ten="244,293,239,224" oya="1" hai0="36,134,98,58,118,74,108,73,83,105,88,56,53" hai1="6,67,102,55,62,81,119,112,90,16,126,39,128" hai2="59,63,7,19,131,14,34,40,107,89,41,97,110" hai3="104,101,61,21,93,20,129,123,71,38,132,130,31"/><U12/><E112/><V72/><F34/><W35/><G123/><T24/><D118/><U100/><E119/><V82/><F110/><W51/><G38/><T111/><D36/><U47/><E126/><V77/><F131/><N who="3" m="50187" /><G93/><T37/><D37/><U25/><E6/><V17/><F7/><W5/><G51/><T133/><D24/><U124/><E25/><V70/><F70/><W46/><G46/><T79/><D73/><U44/><E124/><V64/><F17/><W113/><G113/><T122/><D122/><U30/><E30/><V10/><REACH who="2" step="1"/><F89/><REACH who="2" ten="244,293,229,224" step="2"/><W135/><G5/><T33/><D33/><U4/><E4/><V29/><F29/><W42/><G35/><T91/><D108/><U11/><E128/><V103/><AGARI ba="0,1" hai="10,14,19,40,41,59,63,64,72,77,82,97,103,107" machi="103" ten="30,7900,0" yaku="1,1,0,1,52,1,53,1" doraHai="99" doraHaiUra="78" who="2" fromWho="2" sc="244,-20,293,-39,229,89,224,-20" /><INIT seed="2,0,0,5,4,19" ten="224,254,318,204" oya="2" hai0="124,65,135,38,131,74,67,129,30,33,118,36,51" hai1="97,6,4,107,47,119,102,49,55,69,101,28,121" hai2="2,46,116,41,73,25,100,58,31,79,95,92,86" hai3="61,17,85,111,26,82,43,14,44,7,122,57,52"/><V110/><F116/><W59/><G111/><T48/><D74/><U37/><E119/><V66/><F2/><W104/><G104/><T22/><D118/><U15/><E121/><V93/><F110/><W68/><G122/><T64/><D33/><U120/><E69/><V123/><F73/><W80/><G59/><T128/><D124/><U18/><E28/><V21/><F123/><W9/><G68/><T127/><D127/><U76/><E120/><V50/><F79/><W115/><G115/><T16/><D30/><U32/><E32/><V29/><F29/><W60/><G60/><T11/><D11/><U84/><E102/><V132/><F132/><W133/><G133/><T12/><REACH who="0" step="1"/><D135/><REACH who="0" ten="214,254,318,204" step="2"/><U75/><E6/><V109/><F109/><W1/><G26/><T45/><D45/><U53/><E4/><V27/><F27/><W105/><G105/><T35/><D35/><U63/><E75/><V54/><F66/><W114/><G114/><T81/><D81/><U125/><E125/><V87/><REACH who="2" step="1"/><F100/><REACH who="2" ten="214,254,308,204" step="2"/><W134/><G134/><T126/><D126/><U98/><E101/><V70/><F70/><W10/><REACH who="3" step="1"/><G85/><REACH who="3" ten="214,254,308,194" step="2"/><T42/><D42/><U96/><E84/><V34/><F34/><W20/><G20/><T40/><D40/><U94/><E97/><V13/><F13/><W3/><G3/><T77/><D77/><U89/><E76/><V88/><F88/><W106/><G106/><T91/><D91/><U24/><E107/><V113/><F113/><W71/><G71/><T99/><D99/><U112/><E98/><V103/><F103/><W108/><G108/><RYUUKYOKU ba="0,3" sc="214,10,254,-30,308,10,194,10" hai0="12,16,22,36,38,48,51,64,65,67,128,129,131" hai2="21,25,31,41,46,50,54,58,86,87,92,93,95" hai3="1,7,9,10,14,17,43,44,52,57,61,80,82" /><INIT seed="2,1,3,3,5,120" ten="224,224,318,204" oya="2" hai0="78,47,111,63,48,115,77,6,123,13,103,89,105" hai1="70,128,24,74,80,126,92,53,17,23,79,84,61" hai2="43,20,135,35,30,8,81,107,76,90,85,14,87" hai3="122,106,133,114,9,12,4,97,116,37,1,58,134"/><V16/><F107/><W27/><G122/><T71/><D115/><U96/><E126/><V7/><F135/><N who="3" m="51723" /><G114/><T95/><D123/><U68/><E128/><V72/><F43/><W69/><G69/><T34/><D34/><U42/><E42/><V93/><F35/><W64/><G116/><T29/><D29/><U5/><E5/><V86/><REACH who="2" step="1"/><F30/><REACH who="2" ten="224,224,308,204" step="2"/><W28/><G37/><T59/><D105/><U40/><E40/><V26/><AGARI ba="1,4" hai="7,8,14,16,20,26,72,76,81,85,86,87,90,93" machi="26" ten="20,24000,3" yaku="1,1,2,1,0,1,7,1,54,1,53,3" doraHai="120" doraHaiUra="82" who="2" fromWho="2" sc="224,-81,224,-81,308,283,204,-81" /><INIT seed="2,2,0,3,1,24" ten="143,143,591,123" oya="2" hai0="74,116,98,126,118,38,125,114,26,88,104,53,11" hai1="94,43,30,46,106,122,58,17,22,57,6,111,55" hai2="92,105,131,72,76,117,23,80,34,86,62,107,35" hai3="29,41,90,121,56,40,79,68,124,60,49,4,15"/><V78/><F117/><N who="0" m="45162" /><D38/><U99/><E111/><V84/><F23/><W109/><G121/><T2/><D114/><U103/><E106/><N who="2" m="40459" /><F62/><W129/><G68/><T37/><D37/><U28/><E6/><V64/><F64/><W134/><G109/><T12/><D2/><U33/><E122/><V77/><F35/><W82/><G124/><N who="0" m="47723" /><D74/><U96/><E33/><V101/><F34/><W19/><G129/><T102/><D53/><U71/><E71/><V66/><F66/><W128/><G134/><T85/><D26/><N who="1" m="14671" /><E96/><N who="2" m="59527" /><F131/><W31/><G128/><T50/><D50/><N who="1" m="26975" /><E58/><V25/><F25/><W91/><G4/><T120/><D120/><U119/><E119/><V73/><F84/><N who="3" m="48223" /><G60/><AGARI ba="2,0" hai="28,30,55,57,60,94,99,103" m="26975,14671" machi="60" ten="30,3900,0" yaku="8,1,52,2" doraHai="24" who="1" fromWho="3" sc="143,0,143,45,591,0,123,-45" /><INIT seed="3,0,0,2,1,14" ten="143,188,591,78" oya="3" hai0="47,33,22,85,111,118,64,34,68,8,94,28,90" hai1="12,6,87,70,43,128,53,131,24,110,74,86,23" hai2="56,125,79,51,100,45,61,26,52,72,114,35,105" hai3="82,38,46,122,102,130,83,78,3,11,129,103,127"/><W19/><G122/><T20/><D118/><U109/><E74/><V126/><F114/><W41/><G127/><N who="2" m="48649" /><F79/><W54/><G54/><T67/><D111/><N who="1" m="42507" /><E43/><V116/><F72/><W135/><G135/><T98/><D8/><N who="1" m="4119" /><E53/><V113/><F113/><W75/><G83/><T42/><D34/><U59/><E59/><V30/><F116/><W107/><G107/><T133/><D33/><U17/><E70/><V4/><F4/><N who="3" m="1439" /><G19/><T27/><D68/><U65/><E65/><N who="2" m="39079" /><F100/><AGARI ba="0,0" hai="38,41,46,75,78,82,100,102,103,129,130" m="1439" machi="100" ten="30,1500,0" yaku="25,1" doraHai="14" who="3" fromWho="2" sc="143,0,188,0,591,-15,78,15" /><INIT seed="3,1,0,0,4,17" ten="143,188,576,93" oya="3" hai0="55,3,47,22,109,46,11,5,45,16,39,32,24" hai1="27,60,65,42,6,77,129,66,134,79,15,81,100" hai2="115,28,54,78,21,71,90,130,43,86,104,62,70" hai3="76,34,121,63,37,124,102,118,69,20,113,80,83"/><W73/><G118/><T133/><D109/><U84/><E129/><V126/><F115/><W75/><G34/><T125/><D125/><U12/><E100/><V120/><F104/><W97/><G113/><T36/><D133/><U92/><E134/><V19/><F126/><W7/><G124/><T108/><D108/><U56/><E42/><V2/><F2/><W72/><G121/><T101/><D101/><U49/><E49/><V4/><F4/><W106/><G7/><T128/><D128/><U61/><E92/><V82/><F28/><W122/><G122/><T9/><D9/><U18/><E79/><V44/><F130/><W131/><G131/><T94/><D94/><U110/><E110/><V68/><F120/><W30/><G80/><T10/><D10/><U132/><E6/><V127/><F127/><W13/><G37/><T98/><D98/><U26/><E12/><V119/><F119/><W48/><G48/><T96/><D96/><U41/><E41/><V38/><F54/><W35/><G20/><T8/><D8/><N who="1" m="6503" /><E132/><V93/><F62/><N who="1" m="24169" /><E56/><V112/><F112/><W103/><G13/><N who="0" m="9487" /><D55/><U23/><E26/><V33/><F33/><W58/><G102/><T59/><D59/><U53/><E53/><V87/><F71/><W40/><G40/><T29/><AGARI ba="1,0" hai="3,5,11,24,29,32,36,39,45,46,47" m="9487" machi="29" ten="30,4000,0" yaku="24,1,52,1,54,1" doraHai="17" who="0" fromWho="0" sc="143,43,188,-11,576,-11,93,-21" /><INIT seed="4,0,0,4,3,5" ten="186,177,565,72" oya="0" hai0="50,59,132,49,76,93,61,92,55,29,82,54,13" hai1="124,100,23,44,27,99,117,70,53,83,101,18,21" hai2="112,65,104,36,120,6,72,68,73,17,102,85,97" hai3="60,42,35,1,130,58,9,106,109,87,127,8,26"/><T74/><D132/><U81/><E117/><V48/><F36/><W12/><G106/><T98/><D29/><U103/><E70/><V89/><F120/><W0/><G109/><T43/><D43/><U19/><E124/><V63/><F112/><W86/><G127/><T2/><D2/><U114/><E99/><V110/><F110/><W90/><G12/><T38/><D38/><U28/><E114/><V95/><F6/><W64/><G42/><T111/><D111/><U32/><E32/><V84/><F48/><W20/><G35/><T129/><D129/><U15/><E28/><V22/><F84/><W56/><G130/><T134/><D134/><U46/><REACH who="1" step="1"/><E53/><REACH who="1" ten="186,167,565,72" step="2"/><V45/><F97/><W113/><G113/><T119/><D119/><U41/><E41/><V57/><F68/><W14/><G86/><T69/><D69/><U31/><E31/><V34/><F85/><W125/><G125/><T67/><D98/><U51/><E51/><V47/><F34/><W25/><G87/><T77/><D55/><U133/><E133/><V37/><F37/><W115/><G115/><T16/><D50/><U10/><E10/><N who="3" m="4202" /><G90/><T122/><D77/><U7/><E7/><V11/><F89/><W62/><G0/><T78/><D78/><U96/><E96/><V94/><F72/><W66/><G1/><T135/><D135/><U126/><E126/><V128/><F73/><W123/><G123/><T4/><D4/><U131/><E131/><V116/><F128/><W118/><G118/><T24/><D122/><U71/><E71/><V40/><F116/><W52/><G52/><RYUUKYOKU ba="0,1" sc="186,-15,167,15,565,-15,72,15" hai1="15,18,19,21,23,27,44,46,81,83,100,101,103" hai3="14,20,25,26,56,58,60,62,64,66" /><INIT seed="5,1,1,0,5,42" ten="171,182,550,87" oya="1" hai0="75,77,80,18,82,14,15,96,0,116,117,84,87" hai1="94,56,103,107,25,99,10,111,50,47,95,74,91" hai2="109,104,31,37,60,16,125,124,102,70,54,121,98" hai3="100,1,52,131,86,6,30,51,122,127,72,89,79"/><U92/><E74/><V11/><F121/><W12/><G122/><T105/><D0/><U101/><E111/><V26/><F109/><W43/><G1/><T29/><D29/><U118/><E118/><V32/><F37/><W13/><G100/><T78/><D75/><U4/><E25/><N who="2" m="18543" /><F54/><W119/><G119/><T17/><D96/><U20/><E56/><V58/><F58/><W110/><G110/><T57/><D57/><U9/><E20/><N who="2" m="13575" /><F11/><N who="3" m="4215" /><G127/><T62/><REACH who="0" step="1"/><D105/><REACH who="0" ten="161,182,550,87" step="2"/><U133/><E107/><V2/><F2/><W7/><G72/><T135/><D135/><U49/><E133/><V44/><F98/><W71/><G131/><T120/><D120/><U22/><E99/><V73/><F73/><W106/><G106/><T65/><D65/><U59/><E59/><V129/><F104/><W19/><G71/><T33/><D33/><U114/><E114/><V93/><F129/><W34/><G34/><T55/><D55/><U61/><E101/><V39/><F102/><W88/><G30/><T3/><D3/><U123/><E103/><V48/><F70/><W5/><G52/><T63/><AGARI ba="1,2" hai="14,15,17,18,62,63,77,78,80,82,84,87,116,117" machi="63" ten="25,6400,0" yaku="1,1,0,1,22,2,53,0" doraHai="42" doraHaiUra="126" who="0" fromWho="0" sc="161,87,182,-33,550,-17,87,-17" /><INIT seed="6,0,0,4,3,135" ten="248,149,533,70" oya="2" hai0="38,55,6,60,75,63,94,66,86,126,85,92,122" hai1="53,132,101,62,67,10,118,47,4,29,43,30,80" hai2="96,120,1,84,102,3,73,19,9,113,0,33,28" hai3="95,77,103,134,36,2,109,116,42,99,52,130,106"/><V11/><F73/><W7/><G116/><T25/><D122/><U97/><E118/><V129/><F84/><W64/><G109/><T40/><D75/><U58/><E80/><V128/><F96/><W125/><G134/><T23/><D6/><U83/><E83/><V87/><F87/><W57/><G36/><T35/><D35/><U121/><E132/><V124/><F102/><W16/><G2/><T17/><D38/><U71/><E121/><V48/><F48/><W26/><G7/><T112/><D112/><U78/><E78/><V68/><F68/><W44/><G64/><T41/><D55/><U89/><E89/><V39/><F39/><W111/><G111/><T93/><D126/><U76/><E76/><V51/><F51/><N who="3" m="27031" /><G106/><T69/><D60/><U119/><E119/><V115/><F124/><W20/><G125/><T54/><D54/><U123/><E123/><V37/><F37/><W46/><G130/><N who="2" m="50281" /><F120/><W24/><G77/><T61/><D63/><N who="1" m="36303" /><E43/><V82/><F82/><W31/><G57/><T81/><D86/><U15/><E47/><V8/><F19/><W45/><G52/><T49/><REACH who="0" step="1"/><D49/><REACH who="0" ten="238,149,533,70" step="2"/><U50/><E50/><V27/><AGARI ba="0,1" hai="0,1,3,8,9,11,27,28,33,113,115" m="50281" machi="27" ten="50,9600,0" yaku="19,1,34,2" doraHai="135" who="2" fromWho="2" sc="238,-32,149,-32,533,106,70,-32" /><INIT seed="6,1,0,1,3,85" ten="206,117,639,38" oya="2" hai0="123,27,36,31,74,33,10,39,37,88,100,5,35" hai1="125,111,108,14,26,54,110,63,47,15,55,50,84" hai2="91,81,90,71,115,25,80,93,48,76,105,122,13" hai3="87,112,65,9,30,40,131,99,34,95,2,103,130"/><V8/><F122/><W117/><G117/><T46/><D123/><U38/><E125/><V98/><F71/><W24/><G40/><T23/><D74/><U89/><E26/><V101/><F115/><W102/><G103/><T52/><D100/><U41/><E63/><V29/><F48/><W73/><G73/><T42/><D52/><U6/><E6/><V133/><F133/><W107/><G112/><T62/><D62/><U106/><E106/><V119/><F119/><W104/><G107/><T69/><D69/><U3/><E3/><V20/><F105/><W58/><G9/><T116/><D116/><U132/><E132/><V127/><F127/><W83/><G2/><T114/><D114/><U66/><E66/><V97/><F97/><W56/><G104/><T21/><D21/><U43/><E55/><V68/><F68/><W79/><REACH who="3" step="1"/><G65/><REACH who="3" ten="206,117,639,28" step="2"/><T51/><D10/><U134/><E43/><V1/><F1/><W45/><G45/><T118/><D118/><U67/><E67/><V135/><F135/><W82/><G82/><N who="2" m="31849" /><F76/><W19/><G19/><AGARI ba="1,1" hai="8,13,19,20,25,29,90,91,93,98,101" m="31849" machi="19" ten="30,5800,0" yaku="8,1,52,2" doraHai="85" who="2" fromWho="3" sc="206,0,117,0,639,71,28,-61" owari="206,1.0,117,-28.0,710,80.0,-33,-53.0" /></mjloggm>