<mjloggm ver="2.3"><GO type="169" lobby="0"/><UN n0="%E3%82%A6%E3%83%AB%E3%83%88%E3%83%A9%E7%AB%8B%E7%9B%B4" n1="%73%69%6E%73%69%73%74" n2="%E3%83%AD%E3%83%83%E3%83%86%E9%9B%80%E7%90%83" n3="%E3%81%BE%E3%81%99%E3%81%8F%E3%81%AF%E3%81%8C%E3%81%97" dan="17,17,18,16" rate="2109.65,2160.40,2155.92,2087.67" sx="M,M,M,M"/><TAIKYOKU oya="0"/><INIT seed="0,0,0,5,2,58" ten="250,250,250,250" oya="0" hai0="67,77,106,98,78,113,93,120,68,135,116,71,32" hai1="133,128,40,5,72,18,62,29,88,92,8,83,27" hai2="59,97,100,82,61,14,63,108,33,51,23,81,31" hai3="73,79,65,48,75,44,102,103,0,90,11,39,13"/><T20/><D32/><U19/><E128/><V76/><F108/><W112/><G112/><T56/><D106/><U30/><E133/><V17/><F33/><W12/><G39/><T46/><D116/><U105/><E105/><V91/><F31/><W7/><G65/><T6/><D113/><U107/><E107/><V134/><F134/><W60/><G60/><N who="2" m="23113" /><F100/><W15/><G90/><T45/><D6/><U95/><E40/><V4/><F4/><W126/><G126/><T124/><D20/><U43/><E43/><V41/><F76/><W121/><G121/><T26/><D67/><U94/><E29/><V87/><F97/><W9/><G103/><T117/><D98/><U52/><E30/><V85/><F59/><W80/><G102/><T10/><D56/><N who="1" m="35079" /><E72/><V70/><F70/><W127/><G127/><T119/><D124/><U24/><E5/><V2/><F2/><W22/><G73/><T50/><D135/><U21/><E8/><V84/><F82/><W49/><G11/><T47/><D10/><U109/><E109/><V42/><F42/><W64/><G64/><T118/><D120/><U131/><E131/><V28/><F28/><W69/><G69/><T99/><D71/><U54/><E54/><V114/><F114/><W53/><G49/><T115/><D50/><U89/><E83/><V3/><F3/><W129/><G129/><T16/><D68/><U35/><E35/><V57/><F57/><W132/><G132/><T86/><D115/><U38/><E38/><V111/><F111/><W104/><G104/><T36/><D36/><U96/><E96/><RYUUKYOKU ba="0,0" sc="250,-30,250,10,250,10,250,10" hai1="18,19,21,24,27,88,89,92,94,95" hai2="14,17,23,41,51,81,84,85,87,91" hai3="0,7,9,12,13,15,22,44,48,53,75,79,80" /><INIT seed="1,1,0,2,4,51" ten="220,260,260,260" oya="1" hai0="107,73,77,59,130,133,91,42,29,38,64,16,102" hai1="2,115,122,4,76,128,81,35,131,57,45,60,9" hai2="87,84,86,27,21,71,100,101,79,104,41,120,116" hai3="129,12,34,72,1,46,37,111,14,48,63,93,98"/><U108/><E122/><V96/><F120/><W52/><G1/><T90/><D29/><U69/><E115/><V109/><F116/><W95/><G34/><T56/><D38/><U125/><E35/><V99/><F109/><W88/><G72/><T3/><D3/><U134/><E108/><V23/><F71/><W11/><G111/><T26/><D26/><U32/><E32/><V74/><F41/><W31/><G129/><N who="1" m="49738" /><E45/><V92/><F74/><W127/><G127/><T65/><D42/><U97/><E97/><V30/><REACH who="2" step="1"/><F21/><REACH who="2" ten="220,260,250,260" step="2"/><W36/><G36/><T43/><D73/><N who="1" m="43151" /><E69/><V85/><F85/><W119/><G119/><T114/><D130/><U135/><E125/><V121/><F121/><W50/><G37/><T5/><D114/><U123/><E123/><V0/><F0/><W44/><G98/><T13/><D43/><U49/><E49/><V15/><F15/><W105/><G50/><T117/><D13/><U20/><E20/><V39/><F39/><W8/><G48/><T58/><D117/><U68/><E68/><V103/><F103/><W40/><G14/><T82/><D102/><U24/><E24/><V47/><F47/><W75/><G12/><T62/><D5/><U124/><E124/><V22/><F22/><W10/><G46/><T66/><D58/><U112/><E112/><V126/><F126/><W67/><G44/><T89/><D59/><U106/><E106/><V132/><F132/><W53/><G105/><T80/><D107/><U113/><E113/><V18/><F18/><W33/><G33/><T6/><D16/><U61/><E57/><RYUUKYOKU ba="1,1" sc="220,-15,260,15,250,15,260,-15" hai1="2,4,9,60,61,134,135" hai2="23,27,30,79,84,86,87,92,96,99,100,101,104" /><INIT seed="1,2,1,4,0,97" ten="205,275,265,245" oya="1" hai0="53,115,41,84,71,81,37,29,121,76,43,79,124" hai1="135,133,65,39,46,128,66,103,75,70,13,131,5" hai2="101,72,82,25,34,0,78,114,23,48,20,10,109" hai3="85,100,105,116,110,129,125,120,117,15,56,8,17"/><U54/><E75/><V127/><F109/><W50/><G120/><T21/><D71/><U123/><E123/><V35/><F127/><W62/><G110/><T49/><D115/><U28/><E28/><V30/><F114/><W16/><G125/><T95/><D37/><U60/><E103/><V73/><F73/><W59/><G129/><N who="1" m="49738" /><E13/><V80/><F80/><W74/><G74/><T3/><D3/><U1/><E5/><V26/><F48/><W106/><G85/><T52/><D124/><U63/><E1/><V87/><F72/><W90/><G90/><T32/><D32/><U4/><E4/><V51/><F51/><W104/><G50/><T130/><D130/><U89/><E89/><V102/><F0/><W96/><G17/><T86/><D121/><U12/><E12/><V44/><F10/><W58/><REACH who="3" step="1"/><G62/><REACH who="3" ten="205,275,265,235" step="2"/><T94/><D84/><U6/><E6/><V42/><F87/><W61/><G61/><T22/><D86/><U24/><E63/><V98/><F78/><W2/><G2/><T11/><D49/><N who="1" m="28983" /><E65/><V119/><F82/><W93/><AGARI ba="2,2" hai="8,15,16,56,58,59,93,96,100,104,105,106,116,117" machi="93" ten="40,8000,1" yaku="1,1,0,1,52,1,54,1,53,1" doraHai="97" doraHaiUra="99" who="3" fromWho="3" sc="205,-22,275,-42,265,-22,235,106" /><INIT seed="2,0,0,5,1,91" ten="183,233,243,341" oya="2" hai0="24,12,111,7,54,61,35,109,86,96,2,89,113" hai1="135,22,1,31,60,20,46,110,37,118,18,85,8" hai2="124,3,75,68,51,58,71,23,40,117,52,107,15" hai3="133,6,119,48,56,19,128,72,132,92,131,97,103"/><V0/><F117/><W65/><G72/><T73/><D73/><U76/><E118/><V27/><F75/><W66/><G119/><T10/><D113/><U64/><E135/><N who="3" m="51786" /><G6/><T32/><D96/><U21/><E110/><N who="0" m="41993" /><D24/><U112/><E31/><V80/><F124/><W4/><G4/><T93/><D54/><U53/><E112/><V123/><F107/><W50/><G19/><N who="0" m="8599" /><D61/><U55/><E1/><V39/><F123/><W16/><G16/><T74/><D74/><U59/><E8/><AGARI ba="0,0" hai="2,7,8,32,35,86,89,93" m="8599,41993" machi="8" ten="30,2000,0" yaku="14,1,52,1" doraHai="91" who="0" fromWho="1" sc="183,20,233,-20,243,0,341,0" /><INIT seed="3,0,0,2,1,7" ten="203,213,243,341" oya="3" hai0="16,73,123,18,129,38,115,133,107,22,34,48,70" hai1="127,76,4,106,87,14,121,90,113,45,125,122,91" hai2="40,75,23,5,33,60,27,124,15,82,62,98,24" hai3="41,84,99,57,26,65,130,85,100,52,126,81,8"/><W43/><G130/><T68/><RYUUKYOKU type="yao9" ba="0,0" sc="203,0,213,0,243,0,341,0" hai0="16,18,22,34,38,48,68,70,73,107,115,123,129,133" /><INIT seed="3,1,0,1,4,77" ten="203,213,243,341" oya="3" hai0="124,57,17,125,26,102,107,23,67,39,98,52,95" hai1="45,92,25,116,126,80,78,134,41,113,51,56,54" hai2="82,37,4,29,81,122,3,55,97,15,114,96,48" hai3="53,76,108,60,72,132,111,63,31,61,20,28,88"/><W121/><G121/><T21/><D39/><U19/><E113/><V13/><F37/><W30/><G132/><T100/><D67/><U44/><E134/><V68/><F68/><W118/><G118/><T127/><D23/><U12/><E126/><V123/><F114/><W59/><G20/><T101/><REACH who="0" step="1"/><D107/><REACH who="0" ten="193,213,243,341" step="2"/><U86/><E116/><V70/><F123/><W32/><G32/><T5/><D5/><U58/><E25/><V10/><F122/><W7/><G7/><T18/><D18/><U0/><E0/><V64/><F64/><W62/><G111/><T112/><D112/><U40/><E92/><V47/><F29/><W35/><G35/><T85/><D85/><U65/><E65/><V89/><F70/><W2/><G2/><T105/><D105/><U24/><E24/><V1/><F1/><W75/><G108/><T129/><D129/><U131/><E131/><V16/><F3/><W87/><REACH who="3" step="1"/><G76/><REACH who="3" ten="193,213,243,331" step="2"/><T27/><D27/><U36/><E12/><V79/><F79/><W69/><G69/><T66/><D66/><U135/><E135/><V38/><F13/><W93/><AGARI ba="1,2" hai="28,30,31,53,59,60,61,62,63,72,75,87,88,93" machi="93" ten="30,6000,0" yaku="1,1,0,1,54,1,53,0" doraHai="77" doraHaiUra="43" who="3" fromWho="3" sc="193,-21,213,-21,243,-21,331,83" /><INIT seed="3,2,0,3,4,10" ten="172,192,222,414" oya="3" hai0="31,79,64,57,7,99,14,43,77,58,80,109,72" hai1="131,94,120,103,16,0,3,116,47,29,52,63,89" hai2="59,1,90,75,49,115,93,111,54,20,40,106,101" hai3="18,68,53,117,2,73,67,102,86,70,56,33,114"/><W76/><G117/><T74/><D109/><U123/><E116/><V39/><F115/><W46/><G114/><T38/><D31/><U130/><E29/><V25/><F75/><W28/><G73/><T5/><D38/><U51/><E103/><V85/><F1/><W6/><G102/><T32/><D43/><U129/><E63/><V118/><F118/><W71/><G33/><T61/><D32/><U133/><E133/><V50/><F111/><W132/><G28/><T95/><D58/><U17/><E0/><V19/><F39/><W82/><G132/><T45/><D45/><U41/><E41/><V121/><F121/><N who="1" m="46665" /><E3/><V9/><F9/><W23/><G46/><T24/><D24/><U124/><E124/><V87/><F101/><W42/><G42/><T66/><D66/><U30/><E30/><V78/><F106/><W65/><G6/><T97/><D95/><U122/><N who="1" m="46673" /><U37/><DORA hai="92" /><E37/><V21/><F21/><W15/><REACH who="3" step="1"/><G2/><REACH who="3" ten="172,192,222,404" step="2"/><T13/><D5/><U104/><E104/><V11/><F40/><W22/><G22/><T36/><D7/><U34/><E34/><V107/><F11/><W98/><G98/><AGARI ba="2,1" hai="16,17,47,51,52,89,94,98,129,130,131" m="46673" machi="98" ten="50,8000,1" yaku="19,1,52,1,54,2" doraHai="10,92" who="1" fromWho="3" sc="172,0,192,96,222,0,404,-86" /><INIT seed="4,0,0,5,3,133" ten="172,288,222,318" oya="0" hai0="20,106,25,65,62,73,2,76,66,67,33,85,53" hai1="107,80,103,95,111,4,126,122,0,31,120,98,7" hai2="44,118,109,61,81,64,5,115,30,1,37,69,114" hai3="42,12,91,46,90,47,130,79,3,83,45,22,57"/><T55/><D33/><U15/><E111/><V23/><F109/><W131/><G3/><T101/><D73/><U135/><E135/><V70/><F118/><W72/><G42/><T58/><D2/><U102/><E0/><V8/><F70/><W48/><G57/><T19/><D106/><U18/><E31/><V75/><F23/><W105/><G105/><T36/><D36/><U77/><E102/><V63/><F63/><W92/><G48/><T59/><D101/><U39/><E39/><V110/><F30/><W51/><G51/><T116/><D116/><U88/><E4/><V84/><F84/><W108/><G108/><T87/><REACH who="0" step="1"/><D76/><REACH who="0" ten="162,288,222,318" step="2"/><U127/><E103/><V29/><F110/><W27/><G79/><T125/><D125/><N who="1" m="47627" /><E107/><V123/><F37/><W32/><G72/><T21/><D21/><N who="1" m="11487" /><E7/><V128/><F5/><W60/><G32/><T68/><D68/><U89/><E89/><V71/><F69/><W41/><G91/><T50/><AGARI ba="0,1" hai="19,20,25,50,53,55,58,59,62,65,66,67,85,87" machi="50" ten="30,6000,0" yaku="1,1,0,1,8,1,53,0" doraHai="133" doraHaiUra="9" who="0" fromWho="0" sc="162,70,288,-20,222,-20,318,-20" /><INIT seed="4,1,0,4,4,74" ten="232,268,202,298" oya="0" hai0="135,19,127,95,47,61,83,118,112,120,97,16,36" hai1="107,14,96,92,55,114,41,15,98,13,84,126,26" hai2="124,105,53,132,78,9,10,20,102,30,106,11,131" hai3="58,68,6,123,59,39,54,2,101,18,72,17,0"/><T29/><D120/><U37/><E126/><V122/><F122/><W85/><G68/><T69/><D118/><U130/><E130/><V52/><F124/><W12/><G72/><T70/><D127/><U76/><E107/><V87/><F131/><W23/><G39/><T129/><D129/><U86/><E37/><V89/><F132/><W43/><G43/><T67/><D70/><U35/><E41/><V93/><F78/><W77/><G101/><T38/><D135/><U133/><E114/><V117/><F117/><W1/><G6/><T88/><D112/><U33/><E33/><V48/><F102/><W46/><G18/><T7/><D29/><U64/><E64/><V115/><F115/><W21/><G21/><T109/><D109/><U57/><E35/><V62/><F62/><W22/><G22/><T110/><D110/><U73/><E26/><V28/><F53/><W113/><G113/><T4/><D38/><U81/><E133/><V3/><F3/><W100/><G100/><T44/><D83/><U56/><E56/><V24/><REACH who="2" step="1"/><F28/><REACH who="2" ten="232,268,192,298" step="2"/><W99/><G123/><T40/><D61/><N who="1" m="36031" /><E73/><V125/><F125/><W71/><G2/><T82/><D67/><U94/><E92/><V34/><F34/><W121/><G1/><T104/><D82/><N who="1" m="47175" /><E94/><V45/><AGARI ba="1,1" hai="9,10,11,20,24,30,45,48,52,87,89,93,105,106" machi="45" ten="30,7900,0" yaku="1,1,0,1,54,1,53,1" doraHai="74" doraHaiUra="80" who="2" fromWho="2" sc="232,-40,268,-21,192,92,298,-21" /><INIT seed="5,0,0,5,5,39" ten="192,247,284,277" oya="1" hai0="99,29,57,44,128,1,43,94,2,37,21,4,47" hai1="33,51,41,110,116,125,104,95,17,130,62,25,97" hai2="32,87,120,131,60,35,64,92,24,8,90,70,0" hai3="19,111,119,66,54,69,38,12,79,80,126,28,63"/><U121/><E121/><V102/><F120/><W11/><G111/><T89/><D128/><U93/><E110/><V65/><F131/><W61/><G126/><T106/><D106/><U112/><E116/><V36/><F36/><W81/><G38/><T91/><D4/><U115/><E130/><V114/><F114/><N who="1" m="43561" /><E125/><V13/><F0/><W96/><G119/><T127/><D127/><U48/><E62/><V118/><F118/><W72/><G28/><T67/><D47/><N who="1" m="25711" /><E51/><V88/><F102/><W84/><G96/><T26/><REACH who="0" step="1"/><D91/><REACH who="0" ten="182,247,284,277" step="2"/><U100/><E33/><V56/><F35/><W59/><G72/><T101/><D101/><U18/><E17/><V74/><F90/><W135/><G135/><T117/><D117/><U58/><E58/><V133/><F88/><W52/><G81/><T7/><D7/><U31/><E31/><V85/><F56/><W98/><G69/><T134/><D134/><U53/><E93/><V129/><F92/><W6/><G6/><T73/><D73/><U83/><E83/><V124/><F74/><W30/><G30/><T107/><D107/><U109/><E104/><V82/><F32/><W78/><G59/><T113/><D113/><U103/><E100/><V105/><F82/><W76/><G80/><T23/><D23/><N who="1" m="13559" /><E109/><V71/><F124/><W42/><G19/><T108/><D108/><U77/><E77/><V50/><F105/><W15/><G76/><T3/><D3/><U132/><E132/><V122/><F133/><W46/><G78/><T16/><D16/><U55/><AGARI ba="0,1" hai="53,55,95,97,103" m="13559,25711,43561" machi="55" ten="30,3000,0" yaku="15,1,52,1" doraHai="39" who="1" fromWho="1" sc="182,-10,247,40,284,-10,277,-10" /><INIT seed="5,1,0,4,3,109" ten="172,287,274,267" oya="1" hai0="119,99,121,35,4,71,1,44,39,82,58,102,86" hai1="45,87,122,81,92,9,108,76,8,23,125,56,25" hai2="7,40,57,111,114,127,107,128,20,69,24,41,105" hai3="48,110,129,10,16,28,79,68,14,11,5,113,18"/><U101/><E122/><V78/><F111/><W104/><G104/><T74/><D71/><U83/><E108/><V123/><F69/><W135/><G110/><T118/><D35/><U19/><E125/><V91/><F123/><W49/><G68/><T67/><D121/><U52/><E45/><V31/><F78/><W33/><G79/><T131/><D131/><U88/><E101/><V60/><F7/><W62/><G62/><T75/><D58/><U115/><E115/><V29/><F114/><W42/><G113/><T93/><D67/><U53/><E53/><V106/><F128/><W70/><G70/><T72/><D4/><U32/><E32/><V96/><F127/><W103/><G103/><T22/><D22/><U116/><E116/><V134/><F134/><W126/><G126/><T132/><D1/><U27/><E27/><V26/><F91/><W90/><G129/><T3/><D3/><U17/><E17/><V0/><F96/><W65/><G65/><T15/><D15/><U66/><E66/><N who="2" m="39183" /><F0/><N who="3" m="295" /><G135/><T13/><D13/><U61/><E81/><V63/><F63/><W37/><G90/><T59/><D132/><U51/><REACH who="1" step="1"/><E51/><REACH who="1" ten="172,277,274,267" step="2"/><V54/><F54/><W120/><G18/><T124/><D124/><U55/><E55/><V95/><F26/><N who="3" m="18583" /><G120/><T47/><D119/><U89/><E89/><V34/><F34/><W21/><G11/><T77/><D118/><U30/><E30/><V94/><F29/><W100/><G100/><T130/><D130/><U112/><E112/><V64/><F64/><W85/><G48/><T73/><N who="0" m="18432" /><DORA hai="46" /><T97/><D102/><RYUUKYOKU ba="1,1" sc="172,-15,277,15,274,15,267,-15" hai1="8,9,19,23,25,52,56,61,76,83,87,88,92" hai2="20,24,31,40,41,94,95,105,106,107" /><INIT seed="5,2,1,0,4,121" ten="157,292,289,252" oya="1" hai0="104,58,12,78,13,44,135,59,85,90,81,57,73" hai1="107,5,23,108,102,22,112,8,25,21,119,15,43" hai2="96,87,71,106,82,99,11,1,45,41,20,40,14" hai3="55,47,123,132,103,101,27,76,4,79,52,3,54"/><U62/><E119/><V34/><F34/><W28/><G123/><T109/><D135/><U89/><E112/><V69/><F1/><W91/><G132/><T94/><D109/><U0/><E43/><V124/><F20/><N who="1" m="7785" /><E107/><V130/><F130/><W127/><G127/><T120/><D120/><U129/><E102/><V111/><F111/><W131/><G131/><T51/><REACH who="0" step="1"/><D104/><REACH who="0" ten="147,292,289,252" step="2"/><U53/><E108/><V110/><F106/><W97/><G28/><T32/><D32/><U16/><E129/><V24/><F110/><W84/><G27/><T75/><D75/><U35/><E35/><V88/><F24/><W30/><G30/><T56/><N who="0" m="14336" /><DORA hai="18" /><T48/><D48/><U19/><E25/><V98/><F124/><W93/><G47/><T49/><D49/><U134/><E134/><V31/><F31/><W26/><G26/><T126/><D126/><U64/><E62/><V77/><F45/><W95/><REACH who="3" step="1"/><G103/><REACH who="3" ten="147,292,289,242" step="2"/><T68/><D68/><U7/><E64/><V74/><F69/><W72/><G72/><T6/><D6/><U42/><E7/><V46/><F71/><W118/><G118/><T9/><D9/><AGARI ba="2,3" hai="3,4,9,52,54,55,76,79,84,91,93,95,97,101" machi="9" ten="40,2600,0" yaku="1,1,54,1,53,0" doraHai="121,18" doraHaiUra="61,37" who="3" fromWho="0" sc="147,-32,292,0,289,0,242,62" /><INIT seed="6,0,0,0,1,94" ten="115,292,289,304" oya="2" hai0="7,34,39,92,93,49,127,9,108,101,67,79,77" hai1="75,124,52,87,29,12,63,125,2,54,100,18,37" hai2="24,32,42,57,64,26,13,31,41,14,30,120,48" hai3="111,83,6,84,19,134,123,33,55,28,68,135,59"/><V81/><F120/><W74/><G68/><T4/><D39/><U117/><E2/><V76/><F64/><W22/><G111/><T65/><D34/><U112/><E75/><V95/><F57/><W61/><G74/><T56/><D108/><U85/><E117/><V0/><F0/><W128/><G128/><T21/><D127/><N who="1" m="48715" /><E112/><V105/><F105/><W115/><G115/><T132/><D132/><N who="3" m="50729" /><G6/><T44/><D21/><N who="1" m="11463" /><E37/><V10/><F95/><W82/><G123/><T47/><D56/><N who="1" m="35207" /><E100/><V71/><F71/><W45/><G45/><T119/><D119/><U58/><E29/><V88/><F48/><AGARI ba="0,0" hai="48,54,58,85,87" m="35207,11463,48715" machi="48" ten="30,2000,0" yaku="18,1,54,1" doraHai="94" who="1" fromWho="2" sc="115,0,292,20,289,-20,304,0" /><INIT seed="7,0,0,5,4,104" ten="115,312,269,304" oya="3" hai0="61,10,6,2,66,116,18,108,57,27,29,87,44" hai1="90,40,130,97,123,52,81,39,107,25,3,17,56" hai2="33,110,5,8,51,26,106,89,94,120,0,133,126" hai3="47,68,121,109,15,19,41,100,79,131,102,54,111"/><W72/><G121/><T31/><D108/><N who="3" m="41545" /><G131/><T118/><D29/><U103/><E123/><V58/><F110/><W117/><G117/><T127/><D127/><U125/><E3/><V75/><F126/><W23/><G68/><T42/><D87/><U91/><E130/><V4/><F133/><W43/><G54/><T69/><D57/><U112/><E112/><V49/><F120/><W22/><G22/><T30/><D30/><U83/><E125/><V95/><F106/><W24/><G24/><T67/><D18/><U80/><E39/><V20/><F33/><W35/><G35/><T1/><D1/><U92/><E40/><N who="3" m="15434" /><G47/><T64/><D64/><U38/><E38/><V63/><F5/><W128/><G128/><T59/><D59/><U36/><E36/><V105/><F105/><W135/><G135/><T85/><D85/><U28/><E107/><V16/><F75/><W101/><G72/><T124/><D67/><U46/><E46/><V114/><F114/><W78/><AGARI ba="0,0" hai="15,19,23,78,79,100,101,102" m="15434,41545" machi="78" ten="40,2100,0" yaku="10,1" doraHai="104" who="3" fromWho="3" sc="115,-7,312,-7,269,-7,304,21" owari="108,-39.0,305,11.0,262,-14.0,325,42.0" /></mjloggm>