<mjloggm ver="2.3"><GO type="169" lobby="0"/><UN n0="%52%6F%75%74%65%38" n1="%E3%82%B5%E3%83%B3%E3%83%9E%E9%81%93%E6%A5%BD%E4%BB%A3%E8%A1%A8" n2="%E3%83%88%E3%83%88%E3%83%AA%E5%85%88%E7%94%9F%31%39%E6%AD%B3" n3="%74%6F%6E%6E%75%72%61" dan="17,17,18,16" rate="2146.97,2132.70,2294.50,2064.30" sx="F,M,F,M"/><TAIKYOKU oya="0"/><INIT seed="0,0,0,5,0,30" ten="250,250,250,250" oya="0" hai0="18,91,110,124,109,69,56,47,67,8,11,59,98" hai1="35,36,84,99,132,70,82,13,76,123,61,44,72" hai2="77,83,7,118,131,48,49,63,46,17,51,133,66" hai3="64,112,22,39,31,105,104,108,121,37,57,103,78"/><T24/><D124/><U119/><E13/><V1/><F131/><W55/><G112/><T135/><D135/><U43/><E84/><V89/><F133/><W114/><G114/><T115/><D115/><U25/><E132/><V106/><F106/><W90/><G108/><N who="0" m="41579" /><D47/><U14/><E14/><V130/><F130/><W20/><G64/><T15/><D24/><U54/><E54/><V12/><F1/><W125/><G78/><T26/><D26/><U23/><E99/><V88/><F7/><W41/><G41/><T79/><D79/><U107/><E23/><V38/><F118/><W129/><G129/><T60/><D11/><U97/><E119/><V80/><F38/><W21/><G31/><T92/><AGARI ba="0,0" hai="8,15,18,56,59,60,67,69,91,92,98" m="41579" machi="92" ten="30,3000,0" yaku="14,1,10,1" doraHai="30" who="0" fromWho="0" sc="250,30,250,-10,250,-10,250,-10" /><INIT seed="0,1,0,1,2,41" ten="280,240,240,240" oya="0" hai0="98,79,58,119,7,78,12,131,123,97,22,110,86" hai1="133,54,115,71,47,88,116,53,5,48,1,75,55" hai2="35,66,93,36,17,83,89,14,117,92,101,42,124" hai3="60,32,61,108,105,3,109,49,100,99,125,0,103"/><T50/><D119/><U91/><E116/><V80/><F117/><W130/><G32/><T4/><D123/><U81/><E71/><V114/><F114/><W56/><G130/><T118/><D118/><U63/><E115/><V43/><F35/><W111/><G125/><T67/><D131/><U6/><E133/><V106/><F106/><W135/><G135/><T69/><D69/><U33/><E33/><V95/><F124/><W121/><G121/><T40/><D110/><U128/><E128/><V45/><F101/><W122/><G122/><T15/><D67/><U120/><E120/><V25/><F25/><W129/><G129/><T30/><D30/><U104/><E104/><V11/><F89/><N who="1" m="34377" /><E1/><N who="3" m="586" /><G103/><T10/><D22/><U70/><E70/><V96/><F96/><N who="0" m="36970" /><D86/><U134/><E134/><V82/><F66/><W20/><G20/><T113/><D113/><U76/><E63/><V19/><REACH who="2" step="1"/><F43/><REACH who="2" ten="280,240,230,240" step="2"/><W52/><AGARI ba="1,1" hai="49,52,56,60,61,99,100,105,108,109,111" m="586" machi="52" ten="40,2700,0" yaku="14,1,54,1" doraHai="41" who="3" fromWho="3" sc="280,-14,240,-8,230,-8,240,40" /><INIT seed="1,0,0,4,4,22" ten="266,232,222,280" oya="1" hai0="57,98,114,130,42,126,41,2,128,52,16,71,25" hai1="47,102,79,13,104,77,53,20,73,124,49,28,85" hai2="56,67,0,96,113,17,121,6,32,38,112,54,31" hai3="15,19,133,91,43,61,92,63,27,14,88,36,59"/><U29/><E73/><V94/><F121/><W78/><G78/><N who="1" m="29706" /><E104/><V58/><F38/><W125/><G125/><T81/><D114/><N who="2" m="44138" /><F67/><W1/><G1/><T24/><D71/><U55/><E124/><V68/><F68/><W4/><G133/><T103/><D126/><U60/><E85/><V118/><F118/><W99/><G4/><T89/><D2/><U48/><E60/><V74/><F74/><W135/><G135/><T100/><D128/><U70/><E70/><V9/><F17/><W66/><G91/><T44/><D130/><U110/><E102/><N who="0" m="38953" /><D16/><N who="1" m="10255" /><E110/><V12/><F0/><W45/><G61/><N who="0" m="36007" /><D98/><U106/><E106/><V93/><F96/><W11/><G11/><T117/><D117/><U8/><E8/><V26/><F56/><AGARI ba="0,0" hai="28,29,47,48,49,53,55,56" m="10255,29706" machi="56" ten="30,2900,0" yaku="8,1,54,1" doraHai="22" who="1" fromWho="2" sc="266,0,232,29,222,-29,280,0" /><INIT seed="1,1,0,2,1,126" ten="266,261,193,280" oya="1" hai0="12,124,29,90,102,52,34,56,110,83,33,57,2" hai1="55,19,67,63,94,81,23,75,107,70,104,100,119" hai2="35,80,24,88,21,103,96,109,31,74,68,45,18" hai3="37,113,79,60,84,92,47,106,58,44,54,129,26"/><U1/><E119/><V20/><F68/><W69/><G113/><T17/><D2/><U93/><E1/><V76/><F109/><W32/><G106/><T7/><D110/><U9/><E9/><V25/><F45/><W134/><G134/><T28/><D124/><U91/><E94/><V15/><F88/><W121/><G121/><T6/><D102/><U0/><E0/><V5/><F5/><N who="0" m="1546" /><D57/><U38/><E38/><V71/><F71/><W10/><G10/><N who="0" m="6295" /><D34/><U41/><E41/><V112/><F112/><W39/><G69/><T101/><D101/><U42/><E42/><V131/><F96/><W30/><G47/><T87/><D33/><U78/><E55/><V59/><F59/><W114/><G114/><T108/><D108/><U111/><E100/><V11/><F103/><W53/><G53/><T122/><D122/><U50/><E50/><AGARI ba="1,0" hai="28,29,50,52,56,83,87,90" m="6295,1546" machi="50" ten="30,2000,0" yaku="8,1,54,1" doraHai="126" who="0" fromWho="1" sc="266,23,261,-23,193,0,280,0" /><INIT seed="2,0,0,3,5,48" ten="289,238,193,280" oya="2" hai0="88,8,132,85,6,133,128,22,49,73,25,71,41" hai1="113,96,114,19,112,42,61,70,4,66,65,79,24" hai2="45,89,98,107,10,124,39,90,14,47,95,15,31" hai3="29,134,106,68,9,46,97,27,94,34,43,77,63"/><V108/><F124/><W121/><G121/><T119/><D73/><U91/><E66/><V69/><F69/><W11/><G77/><T3/><D71/><U21/><E79/><V81/><F107/><W44/><G134/><T26/><D128/><U20/><E4/><V35/><F39/><W82/><G82/><N who="0" m="49207" /><D22/><U58/><E42/><V123/><F123/><W127/><G127/><T84/><D84/><U1/><E1/><V2/><F108/><W115/><G115/><T120/><D119/><U0/><E0/><V126/><F126/><W122/><G122/><T130/><D130/><U74/><E74/><V32/><F2/><W23/><G23/><T5/><D6/><U105/><E21/><V75/><F75/><W62/><G106/><T117/><D117/><U57/><E105/><V18/><F31/><W55/><G68/><T78/><D78/><U125/><E125/><V103/><F81/><W37/><G11/><T93/><D93/><U13/><E24/><V86/><F15/><W92/><G9/><T72/><D72/><U110/><E110/><V60/><F32/><W87/><G94/><T76/><D76/><U131/><E131/><V12/><F35/><W16/><G34/><T51/><D120/><U67/><E67/><V40/><F12/><W104/><G104/><T111/><D111/><U99/><E99/><V56/><F40/><W38/><G38/><T7/><D5/><U59/><E96/><V83/><F90/><N who="3" m="53343" /><G97/><T33/><D33/><U118/><E118/><V50/><F60/><W109/><G109/><T135/><D41/><U102/><E102/><RYUUKYOKU ba="0,0" sc="289,10,238,10,193,10,280,-30" hai0="3,7,8,25,26,49,51,132,133,135" hai1="13,19,20,57,58,59,61,65,70,91,112,113,114" hai2="10,14,18,45,47,50,56,83,86,89,95,98,103" /><INIT seed="2,1,0,2,2,14" ten="299,248,203,250" oya="2" hai0="53,120,100,128,75,31,98,106,47,27,34,45,48" hai1="24,127,59,9,3,35,23,135,108,77,56,41,99" hai2="38,40,43,105,72,134,93,22,39,70,54,49,32" hai3="92,5,58,15,20,121,36,125,29,88,116,1,96"/><V42/><F105/><W123/><G116/><T17/><D120/><U74/><E108/><V2/><F32/><W73/><G73/><T97/><D75/><U132/><E41/><V68/><F2/><W26/><G125/><T67/><D128/><U0/><E35/><V83/><F93/><W52/><G36/><N who="2" m="13865" /><F22/><W94/><G1/><N who="1" m="586" /><E9/><V113/><F83/><W133/><G133/><N who="1" m="51274" /><E99/><V13/><F13/><W28/><G28/><T65/><D47/><U7/><E7/><V78/><F78/><W112/><G112/><T76/><D76/><U51/><E127/><V55/><F72/><W21/><G94/><T107/><D17/><N who="1" m="12399" /><E51/><V81/><F134/><W19/><G5/><T82/><D82/><AGARI ba="1,0" hai="56,59,74,77,82" m="12399,51274,586" machi="82" ten="30,2000,0" yaku="20,1,52,1" doraHai="14" who="1" fromWho="0" sc="299,-23,248,23,203,0,250,0" /><INIT seed="3,0,0,4,2,68" ten="276,271,203,250" oya="3" hai0="40,52,129,118,133,71,4,74,110,19,33,45,102" hai1="17,117,126,8,97,103,85,18,6,87,67,16,23" hai2="108,69,36,130,34,83,15,73,89,86,2,101,81" hai3="22,113,10,80,124,92,1,120,96,38,3,61,76"/><W7/><G120/><T104/><D118/><U54/><E117/><V57/><F69/><W25/><G113/><T79/><D33/><U9/><E67/><V46/><F2/><W82/><G124/><T24/><D71/><U78/><E126/><V75/><F34/><W64/><G38/><T84/><D84/><N who="1" m="32331" /><E78/><V65/><F108/><W127/><G3/><T134/><D110/><U37/><E37/><V90/><F130/><W115/><G76/><T28/><D4/><U58/><E23/><V94/><F89/><W112/><G127/><T122/><D19/><U116/><E6/><V43/><F15/><W41/><G41/><T107/><D122/><U31/><E31/><V66/><F66/><W53/><G115/><T63/><D129/><U12/><E9/><V121/><F121/><W29/><G53/><T125/><D125/><U62/><E116/><V93/><F93/><AGARI ba="0,0" hai="8,12,16,17,18,54,58,62,93,97,103" m="32331" machi="93" ten="30,2000,0" yaku="8,1,54,1" doraHai="68" who="1" fromWho="2" sc="276,0,271,20,203,-20,250,0" /><INIT seed="4,0,0,4,3,60" ten="276,291,183,250" oya="0" hai0="78,52,37,43,20,92,132,106,87,55,27,44,111" hai1="35,125,3,18,133,14,88,100,83,118,68,29,101" hai2="41,49,96,9,74,16,31,45,128,98,73,6,13" hai3="65,2,17,123,0,82,108,119,104,42,89,85,8"/><T114/><D106/><U11/><E118/><V76/><F128/><W47/><G108/><T124/><D114/><U54/><E133/><V7/><F31/><W62/><G119/><T38/><D132/><U105/><E125/><V67/><F76/><W58/><G104/><T77/><D124/><U24/><E68/><V39/><F39/><W32/><G32/><T79/><D38/><U122/><E122/><V127/><F127/><W25/><G123/><T21/><D111/><U113/><E113/><V84/><F84/><W86/><G86/><T12/><D12/><U80/><E80/><V130/><F130/><W10/><G10/><T70/><D70/><U117/><E117/><V40/><F40/><W63/><G62/><T28/><REACH who="0" step="1"/><D21/><REACH who="0" ten="266,291,183,250" step="2"/><U135/><E105/><V69/><F69/><W95/><G2/><T109/><D109/><U75/><E135/><V120/><F120/><W112/><G0/><T26/><D26/><U129/><E3/><V121/><F121/><W94/><G112/><T81/><D81/><U34/><E34/><V103/><F13/><N who="3" m="7335" /><G25/><T50/><D50/><AGARI ba="0,1" hai="42,47,50,58,63,65,82,85,89,94,95" m="7335" machi="50" ten="30,2000,0" yaku="8,1,52,1" doraHai="60" who="3" fromWho="0" sc="266,-20,291,0,183,0,250,30" /><INIT seed="5,0,0,1,2,83" ten="246,291,183,280" oya="1" hai0="100,9,121,87,11,73,2,36,5,82,74,134,43" hai1="20,31,80,85,78,131,122,129,125,120,71,93,15" hai2="106,52,4,128,62,130,7,23,98,45,103,96,16" hai3="86,68,95,6,75,51,59,48,116,133,53,8,58"/><U3/><E71/><V14/><F98/><W65/><G75/><T135/><D121/><U66/><E3/><V99/><F96/><W123/><G123/><N who="1" m="47146" /><E66/><V56/><REACH who="2" step="1"/><F45/><REACH who="2" ten="246,291,173,280" step="2"/><W27/><G116/><T55/><D134/><U67/><E125/><V42/><F42/><W26/><G133/><T111/><D135/><U54/><E67/><V132/><F132/><W112/><G65/><T104/><D43/><U92/><E54/><V44/><F44/><W64/><G64/><T63/><D55/><U109/><E109/><V30/><F30/><W107/><G68/><T57/><D111/><U113/><E31/><V105/><F105/><W10/><G107/><T124/><D104/><U29/><E29/><V49/><F49/><W22/><G53/><T69/><D69/><U90/><E113/><V127/><F127/><W126/><G112/><T50/><D50/><U17/><E78/><V108/><F108/><W13/><G126/><T28/><D28/><U97/><E97/><V77/><F77/><W101/><G51/><T119/><D124/><U118/><E118/><V32/><F32/><W39/><G48/><T12/><D119/><U18/><E131/><AGARI ba="0,1" hai="4,7,14,16,23,52,56,62,99,103,106,128,130,131" machi="131" ten="40,8000,1" yaku="1,1,19,1,54,2,53,0" doraHai="83" doraHaiUra="33" who="2" fromWho="1" sc="246,0,291,-80,173,90,280,0" /><INIT seed="6,0,0,1,1,57" ten="246,211,263,280" oya="2" hai0="77,66,19,27,3,84,79,106,103,2,4,40,31" hai1="101,133,56,102,65,97,105,48,99,26,72,130,134" hai2="114,34,35,47,60,12,53,41,5,67,6,70,129" hai3="88,50,0,104,87,17,111,22,115,121,128,109,7"/><V108/><F114/><W107/><G121/><T135/><D135/><U118/><E72/><V62/><F129/><W37/><G128/><T32/><D40/><U96/><E130/><V18/><F108/><W80/><G37/><T98/><D19/><U131/><E131/><V89/><F89/><W132/><G132/><N who="1" m="50794" /><E118/><V125/><F125/><W86/><G115/><T33/><D33/><U52/><E105/><V10/><F6/><W71/><G71/><T9/><D3/><U39/><E39/><V8/><F41/><W30/><G30/><T127/><D127/><U16/><E65/><V23/><F10/><W117/><G117/><T94/><D94/><U13/><E26/><V123/><F123/><W119/><G119/><T43/><D43/><U68/><E68/><V21/><F21/><AGARI ba="0,0" hai="13,16,21,48,52,56,96,97,99,101,102" m="50794" machi="21" ten="30,3900,0" yaku="20,1,54,2" doraHai="57" who="1" fromWho="2" sc="246,0,211,39,263,-39,280,0" /><INIT seed="7,0,0,4,3,9" ten="246,250,224,280" oya="3" hai0="15,71,50,79,14,65,81,36,123,56,60,95,11" hai1="20,77,13,52,34,46,7,62,70,0,76,115,28" hai2="47,59,133,58,73,33,24,97,45,75,22,124,30" hai3="21,55,100,111,98,128,107,51,129,63,49,48,116"/><W96/><G116/><T43/><D123/><U35/><E70/><V110/><F110/><W127/><G111/><T114/><D114/><U19/><E115/><V67/><F133/><W2/><G2/><T78/><D95/><U41/><E34/><V112/><F112/><W135/><G135/><T32/><D32/><U104/><E104/><V39/><F124/><W89/><G127/><T5/><D36/><U44/><E44/><V130/><F130/><N who="3" m="50283" /><G21/><T8/><D81/><U64/><E64/><V90/><F33/><W72/><G72/><T119/><D119/><U82/><E82/><V117/><F117/><W125/><G125/><T85/><D85/><U80/><E80/><V40/><F47/><N who="3" m="28063" /><G63/><T4/><D71/><U88/><E41/><V118/><F118/><W105/><G89/><T109/><D109/><U27/><E88/><V42/><F42/><W106/><G100/><T69/><D69/><U120/><E120/><V17/><F30/><W16/><G16/><T126/><D126/><U84/><E84/><V94/><REACH who="2" step="1"/><F67/><REACH who="2" ten="246,250,214,280" step="2"/><W113/><G113/><T83/><D83/><U10/><E46/><AGARI ba="0,1" hai="4,5,8,11,14,15,43,46,50,56,60,65,78,79" machi="46" ten="40,8000,1" yaku="9,1,8,1,52,2" doraHai="9" who="0" fromWho="1" sc="246,90,250,-80,214,0,280,0" owari="336,44.0,170,-33.0,214,-19.0,280,8.0" /></mjloggm>