<mjloggm ver="2.3"><GO type="169" lobby="0"/><UN n0="%E3%82%A6%E3%83%AB%E3%83%88%E3%83%A9%E7%AB%8B%E7%9B%B4" n1="%74%6F%6E%6E%75%72%61" n2="%4B%4F%54%41%2A%2A" n3="%E3%81%8B%E3%82%81%E3%81%98%E3%82%8D%E3%81%86" dan="18,16,16,16" rate="2219.03,2173.05,2182.25,2106.26" sx="M,M,F,M"/><TAIKYOKU oya="0"/><INIT seed="0,0,0,3,1,39" ten="250,250,250,250" oya="0" hai0="64,98,123,105,32,42,41,135,103,111,33,94,86" hai1="16,34,79,99,85,122,74,60,126,46,65,1,90" hai2="95,43,54,127,128,75,82,5,23,52,28,113,15" hai3="121,62,119,108,57,83,29,6,72,107,109,118,110"/><T78/><D123/><U69/><E122/><V80/><F113/><W50/><G121/><T70/><D135/><U68/><E126/><V35/><F127/><W112/><G107/><T88/><D111/><U22/><E34/><V18/><F128/><W101/><G101/><T56/><D56/><U4/><E99/><V115/><F115/><W130/><G112/><T38/><D38/><U25/><E46/><V19/><F75/><W11/><G29/><T3/><D3/><U21/><E21/><V63/><F35/><W7/><G130/><T0/><D0/><U71/><E79/><V120/><F120/><W132/><G132/><T129/><D129/><U131/><E74/><V76/><F5/><W116/><G50/><T49/><D49/><U134/><E134/><V9/><F28/><W12/><G72/><T124/><D124/><U58/><E131/><V8/><F95/><W45/><G45/><T81/><D32/><U47/><E47/><V117/><F117/><W10/><G83/><T93/><D33/><U59/><E59/><V48/><F76/><W100/><G100/><T106/><D106/><U104/><E104/><V66/><F9/><N who="3" m="4151" /><G7/><T84/><REACH who="0" step="1"/><D105/><REACH who="0" ten="240,250,250,250" step="2"/><U89/><E1/><V91/><F48/><W37/><G37/><T96/><D96/><U44/><E58/><V125/><F125/><W114/><G114/><T27/><D27/><U51/><E25/><V36/><F36/><W13/><G13/><T24/><D24/><U133/><E51/><V102/><F15/><W53/><AGARI ba="0,1" hai="10,11,53,57,62,108,109,110,116,118,119" m="4151" machi="53" ten="40,1500,0" yaku="14,1" doraHai="39" who="3" fromWho="3" sc="240,-7,250,-4,250,-4,250,25" /><INIT seed="1,0,0,3,2,47" ten="233,246,246,275" oya="1" hai0="114,110,74,84,100,134,70,94,113,92,4,126,135" hai1="21,38,98,108,82,27,13,55,16,97,124,111,40" hai2="59,34,25,20,60,36,33,91,52,118,10,64,78" hai3="116,46,85,0,86,12,7,122,50,71,54,112,101"/><U42/><E124/><V24/><F118/><W19/><G122/><T63/><D4/><U53/><E82/><V106/><F106/><W51/><G112/><T29/><D29/><U93/><E98/><V105/><F105/><W69/><G116/><T17/><D17/><U117/><E117/><V9/><F36/><W102/><G0/><T3/><D3/><U95/><E95/><V96/><F78/><W66/><G7/><T99/><D63/><U72/><E72/><V123/><F123/><W89/><G66/><T14/><D14/><U28/><E38/><V77/><F77/><W131/><G131/><T37/><D70/><U115/><E115/><N who="0" m="44041" /><D37/><U61/><E61/><V68/><F33/><W130/><G130/><T11/><D11/><U109/><E42/><V49/><F34/><W48/><G69/><T22/><D22/><N who="1" m="15479" /><E40/><V44/><F68/><W23/><G71/><T6/><D74/><U121/><E121/><V62/><F60/><W127/><G127/><T75/><D126/><U45/><E45/><V32/><F32/><W73/><G73/><T58/><D75/><U90/><AGARI ba="0,0" hai="13,16,21,53,55,90,93,97,108,109,111" m="15479" machi="90" ten="30,6000,0" yaku="14,1,10,1,54,1" doraHai="47" who="1" fromWho="1" sc="233,-20,246,60,246,-20,275,-20" /><INIT seed="1,1,0,1,3,108" ten="213,306,226,255" oya="1" hai0="24,129,74,31,133,5,120,41,92,121,52,112,21" hai1="85,30,53,33,42,25,94,69,134,101,14,93,63" hai2="58,124,107,60,119,46,34,28,54,96,95,2,97" hai3="50,83,27,39,17,82,111,75,125,12,11,65,110"/><U7/><E134/><V3/><F119/><W105/><G39/><T20/><D74/><U15/><E42/><V51/><F107/><W37/><G37/><T118/><D41/><U90/><E7/><V113/><F97/><W47/><G105/><T18/><D92/><U89/><E101/><V49/><F49/><W55/><G125/><T43/><D43/><U99/><REACH who="1" step="1"/><E53/><REACH who="1" ten="213,296,226,255" step="2"/><V19/><F54/><W78/><G65/><AGARI ba="1,1" hai="14,15,25,30,33,63,65,69,85,89,90,93,94,99" machi="65" ten="40,3900,0" yaku="1,1,2,1,53,0" doraHai="108" doraHaiUra="131" who="1" fromWho="3" sc="213,0,296,52,226,0,255,-42" /><INIT seed="1,2,0,5,5,105" ten="213,348,226,213" oya="1" hai0="51,52,117,8,84,80,120,89,65,76,9,88,119" hai1="98,78,4,90,1,108,127,38,31,110,11,47,12" hai2="6,101,58,103,53,5,14,57,49,15,118,100,83" hai3="128,26,131,87,96,56,21,67,41,34,18,16,45"/><U43/><E127/><V122/><F122/><W70/><G70/><T42/><D120/><U94/><E31/><V61/><F118/><W35/><G87/><T2/><D42/><U17/><REACH who="1" step="1"/><E78/><REACH who="1" ten="213,338,226,213" step="2"/><V111/><F111/><W116/><G116/><T33/><D76/><U19/><E19/><V79/><F6/><W39/><G18/><T126/><D126/><U114/><E114/><V92/><F5/><W29/><G128/><T3/><D119/><U97/><E97/><V135/><F135/><W54/><G131/><T123/><D117/><U77/><E77/><V85/><F92/><W36/><G36/><T124/><D124/><U63/><E63/><V10/><F10/><AGARI ba="2,1" hai="1,4,10,11,12,17,38,43,47,90,94,98,108,110" machi="10" ten="40,2000,0" yaku="1,1,53,0" doraHai="105" doraHaiUra="73" who="1" fromWho="2" sc="213,0,338,36,226,-26,213,0" /><INIT seed="1,3,0,0,2,129" ten="213,374,200,213" oya="1" hai0="84,82,25,39,2,64,95,29,49,120,20,92,109" hai1="112,60,47,55,133,113,91,11,123,56,104,124,13" hai2="18,14,26,54,89,41,71,15,130,119,9,66,98" hai3="125,17,117,0,40,76,46,80,43,103,114,110,85"/><U37/><E104/><V32/><F119/><W6/><G114/><T22/><D39/><U28/><E123/><V62/><F130/><W59/><G110/><T100/><D2/><U115/><E28/><V16/><F41/><W61/><G125/><T106/><D109/><U75/><E75/><V107/><F54/><W94/><G117/><T44/><D120/><U24/><E24/><V86/><F98/><W131/><G131/><T128/><D128/><U96/><E124/><V135/><F135/><W111/><G111/><T77/><D106/><U27/><E27/><V88/><F107/><W58/><G6/><T34/><D64/><U19/><E133/><V70/><F70/><W134/><G0/><T4/><D100/><U121/><E121/><V101/><F101/><W108/><G134/><T90/><D4/><U36/><REACH who="1" step="1"/><E47/><REACH who="1" ten="213,364,200,213" step="2"/><V45/><F45/><W52/><G108/><T21/><REACH who="0" step="1"/><D77/><REACH who="0" ten="203,364,200,213" step="2"/><U116/><E116/><V12/><F32/><W81/><G76/><T99/><D99/><U102/><E102/><V72/><F89/><N who="3" m="53551" /><G103/><T78/><D78/><U74/><E74/><V51/><F72/><W65/><G46/><T126/><D126/><U3/><E3/><V68/><F88/><W33/><G33/><T67/><D67/><U132/><E132/><V83/><F66/><W38/><G65/><T69/><D69/><U50/><E50/><V73/><F68/><W30/><G38/><T31/><D31/><U105/><E105/><V48/><F71/><W35/><G30/><T118/><D118/><U79/><E79/><N who="2" m="46463" /><F73/><W127/><G127/><T53/><AGARI ba="3,2" hai="20,21,22,25,29,34,44,49,53,82,84,90,92,95" machi="53" ten="30,4000,0" yaku="1,1,5,1,0,1,53,0" doraHai="129" doraHaiUra="57" who="0" fromWho="0" sc="203,69,364,-23,200,-13,213,-13" /><INIT seed="2,0,0,2,4,122" ten="272,341,187,200" oya="2" hai0="133,115,55,48,68,60,57,91,104,58,14,93,78" hai1="18,96,15,51,53,77,102,90,107,132,61,11,0" hai2="112,16,21,126,135,19,31,106,75,32,109,119,67" hai3="110,128,7,118,117,113,8,103,23,114,116,25,71"/><V37/><RYUUKYOKU type="yao9" ba="0,0" sc="272,0,341,0,187,0,200,0" hai2="16,19,21,31,32,37,67,75,106,109,112,119,126,135" /><INIT seed="2,1,0,0,5,79" ten="272,341,187,200" oya="2" hai0="108,23,14,58,29,16,110,94,113,61,71,24,60" hai1="11,18,89,87,13,103,91,132,44,107,28,62,86" hai2="99,12,25,4,27,123,47,93,105,130,125,21,48" hai3="3,37,10,45,90,46,64,81,72,31,135,78,5"/><V96/><F123/><W50/><G135/><T121/><D121/><U2/><E132/><V70/><F70/><W69/><G31/><T59/><D113/><U76/><E2/><V80/><F125/><W19/><G64/><T84/><D94/><U22/><E62/><N who="0" m="24169" /><D84/><U32/><E32/><V42/><F130/><W116/><G69/><T128/><D71/><U49/><E103/><V83/><F105/><W92/><G116/><T102/><D102/><U1/><E1/><V34/><F34/><W122/><G122/><T26/><D26/><N who="2" m="9738" /><F96/><W57/><G19/><T17/><D17/><U15/><E28/><V0/><F0/><W41/><G57/><T65/><D65/><U85/><E76/><V131/><F131/><W63/><G63/><T68/><D68/><U51/><E51/><V119/><F119/><W52/><G92/><T75/><D75/><U117/><E107/><V106/><F106/><W101/><G101/><T43/><D128/><U112/><E112/><V35/><F35/><W6/><G6/><T120/><D120/><U9/><E117/><V104/><F104/><W98/><REACH who="3" step="1"/><G90/><REACH who="3" ten="272,341,187,190" step="2"/><T115/><D115/><U114/><E91/><N who="2" m="55743" /><F4/><W100/><G100/><T30/><D30/><U126/><E89/><V134/><F134/><W133/><G133/><T95/><D29/><U33/><E33/><V36/><F36/><W54/><G54/><T67/><D67/><U73/><E114/><V66/><F66/><W53/><G53/><T118/><D118/><U7/><E7/><V40/><F42/><W77/><G77/><T97/><D43/><U88/><E88/><RYUUKYOKU ba="1,1" sc="272,-15,341,-15,187,15,190,15" hai2="12,21,40,47,48,80,83" hai3="3,5,10,37,41,45,46,50,52,72,78,81,98" /><INIT seed="2,2,1,5,5,9" ten="257,326,202,205" oya="2" hai0="81,65,101,89,44,2,94,19,36,24,58,28,43" hai1="124,31,18,32,85,121,83,116,90,111,63,114,49" hai2="45,84,4,73,133,5,120,103,20,46,110,82,39" hai3="40,59,135,22,42,66,10,1,8,117,27,88,50"/><V80/><F120/><W33/><G117/><T115/><D115/><U98/><E114/><V100/><F39/><W0/><G33/><T52/><D2/><U74/><E111/><V41/><F110/><W6/><G135/><T78/><D65/><U25/><E124/><V51/><F133/><W123/><G123/><T91/><D19/><U128/><E128/><V38/><F73/><W57/><G88/><T29/><D101/><N who="2" m="38986" /><F38/><W17/><G66/><T126/><D126/><U7/><E116/><V96/><F96/><W21/><G21/><T75/><D94/><U86/><E74/><V105/><F105/><W35/><G35/><T3/><D3/><U70/><E7/><N who="2" m="2635" /><F46/><N who="3" m="25927" /><G1/><T62/><REACH who="0" step="1"/><D29/><REACH who="0" ten="247,326,202,205" step="2"/><U54/><E31/><V95/><F95/><W56/><G0/><T106/><D106/><U53/><E18/><V79/><F82/><W109/><G109/><T113/><D113/><U34/><E83/><V26/><F26/><W93/><G93/><T68/><D68/><U60/><E25/><V129/><F129/><W13/><G8/><T30/><D30/><U134/><E70/><V99/><F99/><W11/><G10/><T77/><D77/><U112/><E98/><V76/><F79/><W107/><G107/><T97/><D97/><U122/><E112/><V119/><F119/><W71/><G71/><T16/><D16/><U131/><E131/><V104/><F104/><W55/><G42/><T15/><D15/><U118/><E118/><V130/><F130/><W61/><AGARI ba="2,2" hai="6,11,13,17,22,27,55,56,57,59,61" m="25927" machi="61" ten="30,2000,0" yaku="8,1,52,1" doraHai="9" who="3" fromWho="3" sc="247,-7,326,-7,202,-12,205,46" /><INIT seed="3,0,0,3,4,105" ten="240,319,190,251" oya="3" hai0="101,66,135,19,25,91,123,45,126,11,1,99,114" hai1="20,55,95,80,47,93,44,34,26,23,39,8,97" hai2="116,100,110,78,17,61,40,75,54,16,131,108,119" hai3="77,36,89,92,14,71,98,88,73,18,28,127,85"/><W103/><G127/><T29/><D123/><U118/><E118/><N who="2" m="45099" /><F131/><W109/><G71/><T87/><D135/><U70/><E70/><V84/><F40/><W113/><G113/><T102/><D126/><U48/><E8/><V4/><F4/><W107/><G36/><T81/><D114/><U37/><E80/><N who="2" m="45151" /><F100/><W72/><G28/><T117/><D117/><U111/><E34/><V33/><F33/><W133/><G133/><T129/><D129/><U60/><E60/><V121/><F121/><W12/><G109/><N who="2" m="42089" /><F84/><W22/><G77/><T96/><D101/><U56/><E111/><V42/><F42/><W94/><REACH who="3" step="1"/><G12/><REACH who="3" ten="240,319,190,241" step="2"/><T106/><D29/><U132/><E132/><V128/><F128/><W24/><G24/><T134/><D25/><U10/><E39/><V9/><F9/><W124/><G124/><T0/><D11/><U76/><E37/><V15/><F15/><W115/><G115/><T120/><D134/><U59/><E26/><V5/><F5/><W57/><G57/><AGARI ba="0,1" hai="16,17,54,57,61" m="42089,45151,45099" machi="57" ten="30,3900,0" yaku="14,1,52,1,54,1" doraHai="105" who="2" fromWho="3" sc="240,0,319,0,190,49,241,-39" /><INIT seed="4,0,0,0,0,119" ten="240,319,239,202" oya="0" hai0="133,53,81,48,63,104,55,49,134,116,85,65,79" hai1="3,25,110,58,18,56,62,4,68,126,113,21,121" hai2="76,16,2,84,9,37,29,125,120,22,10,5,64" hai3="130,44,59,117,71,111,50,41,17,42,39,67,127"/><T123/><D104/><U77/><E110/><V52/><F37/><W47/><G17/><T46/><D116/><U132/><E132/><V15/><F64/><W91/><G91/><T80/><D123/><U86/><E126/><V28/><F76/><W122/><G111/><T45/><REACH who="0" step="1"/><D80/><REACH who="0" ten="230,319,239,202" step="2"/><U118/><E121/><V74/><F120/><W90/><G122/><T35/><D35/><U6/><E118/><V14/><F125/><W38/><G127/><T33/><D33/><U88/><E113/><V92/><F74/><W72/><G72/><T26/><D26/><U60/><E25/><V20/><F92/><W109/><G109/><T12/><D12/><U97/><E3/><V131/><F2/><W8/><G117/><T61/><D61/><U106/><E62/><V1/><F1/><W54/><G8/><T57/><AGARI ba="0,1" hai="45,46,48,49,53,55,57,63,65,79,81,85,133,134" machi="57" ten="30,11700,0" yaku="1,1,0,1,9,1,53,1" doraHai="119" doraHaiUra="75" who="0" fromWho="0" sc="230,127,319,-39,239,-39,202,-39" /><INIT seed="4,1,0,1,5,123" ten="357,280,200,163" oya="0" hai0="13,73,109,100,16,128,135,46,26,70,39,68,22" hai1="45,75,110,38,101,47,6,53,0,87,122,83,133" hai2="31,3,81,49,35,117,74,34,5,131,89,43,107" hai3="127,30,19,92,86,103,37,69,71,105,111,113,121"/><T104/><D73/><U1/><E122/><V84/><F107/><W95/><G30/><T88/><D100/><U97/><E75/><V54/><F131/><W65/><G19/><T24/><D104/><U132/><E110/><V56/><F74/><W98/><G121/><T41/><D128/><U67/><E67/><V116/><F43/><W32/><G37/><T118/><D118/><N who="2" m="45674" /><F31/><W7/><G7/><T51/><D135/><N who="1" m="51787" /><E53/><V66/><F66/><W63/><G127/><T120/><D120/><U112/><E112/><V14/><F3/><N who="1" m="1097" /><E6/><V27/><F27/><W77/><G113/><T102/><D102/><U28/><E28/><V11/><AGARI ba="1,0" hai="5,11,14,34,35,49,54,56,81,84,89" m="45674" machi="11" ten="30,1100,0" yaku="12,1" doraHai="123" who="2" fromWho="2" sc="357,-6,280,-4,200,14,163,-4" /><INIT seed="5,0,0,1,3,104" ten="351,276,214,159" oya="1" hai0="22,63,13,81,39,9,16,42,30,50,18,114,78" hai1="87,27,4,54,101,72,67,62,108,71,12,6,84" hai2="135,25,117,11,0,26,75,90,89,85,44,97,35" hai3="111,66,15,41,31,38,92,10,33,128,70,47,93"/><U126/><E126/><V52/><F117/><W55/><G111/><T3/><D114/><U125/><E125/><V82/><F135/><W96/><G128/><T21/><D63/><U1/><E1/><V121/><F121/><W83/><G33/><T115/><D115/><U127/><E127/><V119/><F119/><W43/><G31/><T45/><D30/><U58/><E72/><V107/><F35/><W76/><G66/><T48/><D22/><U56/><E71/><V130/><F130/><W129/><G129/><T79/><D79/><U59/><E59/><V86/><F75/><W105/><G70/><T133/><D133/><U29/><E101/><V49/><F107/><W95/><G55/><T64/><D64/><U132/><E132/><V36/><F97/><W32/><G43/><T73/><REACH who="0" step="1"/><D3/><REACH who="0" ten="341,276,214,159" step="2"/><U14/><E108/><V124/><F124/><W7/><G32/><T28/><D28/><U46/><E29/><V61/><F0/><W103/><REACH who="3" step="1"/><G105/><REACH who="3" ten="341,276,214,149" step="2"/><T123/><D123/><U34/><E34/><V122/><F122/><W94/><G94/><T134/><D134/><U69/><E67/><V99/><F82/><W91/><G91/><T37/><D37/><U77/><E69/><V106/><F36/><W112/><G112/><T109/><D109/><U23/><E77/><V102/><F90/><W116/><G116/><T17/><D17/><U2/><E62/><V68/><F89/><W40/><G40/><T60/><D60/><U57/><E54/><V118/><F118/><W51/><G51/><T53/><D53/><U19/><E19/><V88/><F61/><RYUUKYOKU ba="0,2" sc="341,15,276,-15,214,-15,149,15" hai0="9,13,16,18,21,39,42,45,48,50,73,78,81" hai3="7,10,15,38,41,47,76,83,92,93,95,96,103" /><INIT seed="6,1,2,5,5,31" ten="356,261,199,164" oya="2" hai0="13,1,11,103,88,17,116,71,129,93,61,43,45" hai1="112,40,97,95,84,73,107,78,106,92,130,4,96" hai2="60,51,44,3,57,2,19,32,65,135,98,70,42" hai3="56,39,29,132,134,30,52,124,34,125,66,101,100"/><V33/><F135/><N who="3" m="51755" /><G39/><T117/><D1/><N who="2" m="10" /><F98/><N who="1" m="37993" /><E40/><V9/><F19/><W127/><G66/><N who="0" m="41423" /><D103/><N who="3" m="39497" /><G34/><T58/><D58/><U69/><E69/><V35/><F9/><W21/><G21/><T118/><D129/><U63/><E63/><AGARI ba="1,2" hai="29,30,52,56,63,124,125,127" m="39497,51755" machi="63" ten="40,5200,0" yaku="18,1,20,1,54,1" doraHai="31" who="3" fromWho="1" sc="356,0,261,-55,199,0,164,75" /><INIT seed="7,0,0,2,3,16" ten="356,206,199,239" oya="3" hai0="73,120,90,60,81,102,8,68,65,108,66,130,44" hai1="54,13,92,55,15,109,88,125,17,3,62,46,11" hai2="28,19,61,110,95,63,2,132,31,42,100,32,126" hai3="64,69,25,94,71,113,24,18,21,78,99,1,79"/><W118/><G118/><T84/><D108/><U59/><E109/><V0/><F110/><W26/><G1/><T101/><D120/><U74/><E74/><V30/><F126/><W119/><G119/><T45/><D73/><U121/><E121/><V20/><F32/><W133/><G113/><T29/><D29/><U52/><E3/><V7/><F132/><W98/><G133/><T97/><D130/><U40/><E15/><N who="2" m="9343" /><F2/><W27/><G64/><T93/><D102/><U128/><E128/><V115/><F115/><W104/><G104/><T34/><D34/><U23/><E11/><V22/><F0/><W83/><G99/><T86/><D66/><N who="1" m="39263" /><E125/><V38/><F38/><W67/><G67/><T12/><D86/><N who="1" m="52247" /><E40/><V124/><F124/><W82/><G71/><T103/><D103/><U50/><AGARI ba="0,0" hai="13,17,23,46,50,52,54,55" m="52247,39263" machi="50" ten="30,7900,0" yaku="8,1,52,1,54,2" doraHai="16" who="1" fromWho="1" sc="356,-20,206,79,199,-20,239,-39" owari="336,43.0,285,9.0,179,-32.0,200,-20.0" /></mjloggm>