<mjloggm ver="2.3"><GO type="169" lobby="0"/><UN n0="%E8%97%8D%E8%91%89" n1="%E3%82%A6%E3%83%AB%E3%83%88%E3%83%A9%E7%AB%8B%E7%9B%B4" n2="%E3%81%86%E3%81%91%E3%81%AA%E3%81%8C%E3%81%99%E3%81%9C" n3="%E9%B7%BA%E6%A3%AE%E7%81%BC%2E" dan="16,17,17,16" rate="2143.79,2146.12,2159.88,2169.12" sx="M,M,F,F"/><TAIKYOKU oya="0"/><INIT seed="0,0,0,1,1,135" ten="250,250,250,250" oya="0" hai0="13,101,65,23,34,29,81,40,105,47,112,131,30" hai1="63,38,116,72,107,49,41,71,39,83,58,27,115" hai2="104,37,6,26,69,124,35,96,22,87,118,18,60" hai3="73,66,79,24,68,82,78,134,89,50,33,44,51"/><T46/><D112/><U53/><E107/><V100/><F118/><W61/><G134/><T99/><D131/><U31/><E116/><V19/><F37/><W113/><G113/><T92/><D65/><U10/><E115/><V126/><F6/><W90/><G78/><T59/><D34/><U3/><E3/><V114/><F114/><W111/><G111/><T97/><D81/><U75/><E10/><V55/><F87/><W85/><G51/><T64/><D47/><U8/><E8/><V16/><F35/><W121/><G121/><T108/><D108/><U48/><E83/><V0/><F0/><W4/><G4/><T127/><D127/><N who="2" m="48682" /><F55/><W57/><G73/><T5/><D5/><U133/><E53/><V12/><F12/><W17/><G33/><T54/><D13/><U43/><E39/><V119/><F119/><W120/><G85/><T28/><D64/><AGARI ba="0,0" hai="16,18,19,22,26,60,64,69,96,100,104" m="48682" machi="64" ten="30,8000,1" yaku="18,1,52,3,54,1" doraHai="135" who="2" fromWho="0" sc="250,-80,250,0,250,80,250,0" /><INIT seed="1,0,0,4,2,88" ten="170,250,330,250" oya="1" hai0="38,98,71,7,69,39,78,131,40,22,75,51,127" hai1="18,32,95,24,9,47,45,33,93,113,130,21,13" hai2="74,135,116,29,48,35,101,91,129,30,121,103,97" hai3="102,15,122,112,133,11,99,94,109,100,19,41,123"/><U81/><E113/><V84/><F121/><W96/><G112/><T120/><D127/><U0/><E130/><V66/><F135/><W56/><G133/><T4/><D120/><U2/><E2/><V70/><F116/><W52/><G41/><T37/><D131/><U8/><E0/><V6/><F74/><W117/><G117/><T16/><D78/><U86/><E33/><V128/><F103/><W80/><G80/><T20/><D75/><U118/><E32/><V111/><F6/><W125/><G125/><T36/><D22/><U61/><E61/><N who="2" m="40271" /><F30/><W134/><G134/><T114/><D114/><U14/><E118/><V119/><F111/><W49/><REACH who="3" step="1"/><G109/><REACH who="3" ten="170,250,330,240" step="2"/><T64/><D40/><U126/><E126/><V90/><F119/><W10/><G10/><T12/><D38/><U110/><E110/><V115/><F115/><W44/><G44/><N who="1" m="16970" /><E9/><V55/><F129/><W53/><G53/><T132/><D132/><U106/><E106/><AGARI ba="0,1" hai="11,15,19,49,52,56,94,96,99,100,102,106,122,123" machi="106" ten="30,7700,0" yaku="1,1,7,1,52,1,54,1,53,0" doraHai="88" doraHaiUra="77" who="3" fromWho="1" sc="170,0,250,-77,330,0,240,87" /><INIT seed="2,0,0,3,2,10" ten="170,173,330,327" oya="2" hai0="76,56,114,135,65,40,105,21,68,4,121,7,89" hai1="49,119,122,44,115,133,25,94,73,37,113,81,43" hai2="117,47,22,72,100,51,61,87,127,99,2,16,102" hai3="86,85,98,108,12,78,69,6,96,53,62,93,106"/><V13/><F117/><W134/><G106/><T26/><D121/><U42/><E119/><V41/><F72/><W125/><G108/><T31/><D114/><U70/><E122/><V24/><F2/><W11/><G134/><T82/><D68/><U130/><E70/><V63/><F127/><W67/><G125/><T75/><D135/><U60/><E133/><V5/><F87/><W34/><G34/><T64/><D40/><U14/><E130/><V59/><F99/><W54/><G98/><T39/><D39/><U84/><E73/><V66/><F63/><W71/><G71/><T35/><D65/><U3/><E3/><V50/><F5/><W0/><G0/><T107/><D89/><U74/><E74/><V123/><F123/><W52/><REACH who="3" step="1"/><G78/><REACH who="3" ten="170,173,330,317" step="2"/><T116/><D116/><U20/><E115/><V120/><F120/><W46/><G46/><T90/><D35/><U19/><E44/><N who="2" m="25871" /><F24/><W92/><G92/><T91/><D107/><U110/><E94/><V131/><F131/><W27/><G27/><T126/><D105/><U109/><E25/><V23/><F102/><AGARI ba="0,1" hai="6,11,12,52,53,54,62,67,69,85,86,93,96,102" machi="102" ten="40,5200,0" yaku="1,1,52,1,54,1,53,0" doraHai="10" doraHaiUra="129" who="3" fromWho="2" sc="170,0,173,0,330,-52,317,62" /><INIT seed="3,0,0,3,3,130" ten="170,173,278,379" oya="3" hai0="123,16,50,12,9,26,94,113,78,0,82,67,114" hai1="92,131,96,34,4,89,19,103,80,47,13,41,33" hai2="81,107,31,42,108,66,70,99,71,7,58,118,84" hai3="115,3,27,1,14,62,112,59,32,18,110,87,22"/><W109/><G87/><T44/><D123/><U133/><E4/><V97/><F118/><W88/><G88/><T53/><D67/><U124/><E131/><V23/><F108/><N who="3" m="41579" /><G62/><T74/><D0/><N who="3" m="73" /><G59/><T64/><D64/><U35/><E124/><V132/><F42/><W38/><G38/><T63/><D63/><U104/><E80/><V116/><F116/><W54/><G54/><T29/><REACH who="0" step="1"/><D94/><REACH who="0" ten="160,173,278,379" step="2"/><U56/><E92/><V37/><F66/><W128/><G128/><T135/><D135/><U11/><E133/><V24/><F132/><W45/><G45/><T57/><D57/><U51/><E56/><V127/><F58/><W39/><G39/><T86/><D86/><U134/><E134/><V10/><F84/><W111/><G111/><T36/><D36/><U98/><E98/><V83/><F37/><W55/><G55/><T28/><D28/><AGARI ba="0,1" hai="14,18,22,27,28,32,112,115" m="73,41579" machi="28" ten="30,11600,0" yaku="14,1,10,1,34,2" doraHai="130" who="3" fromWho="0" sc="160,-116,173,0,278,0,379,126" /><INIT seed="3,1,0,4,4,90" ten="44,173,278,505" oya="3" hai0="1,127,130,77,20,2,57,28,36,78,37,43,110" hai1="8,111,100,129,104,29,21,95,35,103,91,115,133" hai2="3,69,73,76,62,24,82,40,99,92,45,32,4" hai3="63,39,108,125,15,97,41,13,44,72,48,17,107"/><W5/><G125/><T58/><D110/><U83/><E35/><V31/><F62/><W98/><G72/><T88/><D127/><U25/><E104/><V26/><F69/><W71/><G108/><T66/><D130/><U117/><E115/><V94/><F26/><W135/><G135/><T118/><D118/><U123/><E123/><V23/><F23/><W81/><G81/><T86/><D1/><U102/><E111/><V50/><REACH who="2" step="1"/><F99/><REACH who="2" ten="44,173,268,505" step="2"/><W60/><G71/><T9/><D20/><U46/><E129/><V96/><F96/><W68/><G97/><T122/><D122/><U42/><E133/><V34/><F34/><W53/><G68/><T33/><D33/><U84/><E8/><AGARI ba="1,1" hai="3,4,8,24,31,32,40,45,50,73,76,82,92,94" machi="8" ten="40,5200,0" yaku="1,1,52,2,53,0" doraHai="90" doraHaiUra="14" who="2" fromWho="1" sc="44,0,173,-55,268,65,505,0" /><INIT seed="4,0,0,2,4,116" ten="44,118,333,505" oya="0" hai0="2,83,9,120,28,46,17,26,35,108,121,38,122" hai1="110,135,100,47,131,52,85,21,10,31,37,36,92" hai2="82,103,123,13,134,88,4,96,20,14,61,84,22" hai3="80,25,126,6,5,59,115,11,105,8,34,90,114"/><T27/><D83/><U125/><E110/><V78/><F134/><W68/><G68/><T44/><D38/><U50/><E135/><V79/><F123/><W74/><G105/><T132/><D132/><U76/><E131/><V104/><F22/><W60/><G34/><T64/><D64/><U73/><E125/><V54/><F4/><W101/><G25/><T93/><D93/><U16/><E73/><V58/><F79/><N who="3" m="44151" /><G90/><T40/><D108/><U55/><E37/><V70/><F70/><W113/><G101/><T67/><D67/><U32/><E32/><V77/><F78/><W18/><G126/><T43/><D43/><N who="1" m="24959" /><E36/><V81/><REACH who="2" step="1"/><F20/><REACH who="2" ten="44,118,323,505" step="2"/><W97/><G5/><T102/><D2/><U106/><E76/><V56/><F56/><W94/><G6/><T71/><D71/><U91/><E21/><V19/><F19/><W63/><G18/><T48/><D44/><U86/><E16/><V109/><F109/><W119/><G59/><T87/><D9/><U66/><E10/><V72/><AGARI ba="0,1" hai="13,14,54,58,61,72,77,81,82,84,88,96,103,104" machi="72" ten="20,5200,0" yaku="1,1,0,1,7,1,54,1,53,0" doraHai="116" doraHaiUra="69" who="2" fromWho="2" sc="44,-26,118,-13,323,62,505,-13" /><INIT seed="5,0,0,1,5,78" ten="18,105,385,492" oya="1" hai0="48,47,52,24,3,98,112,79,76,15,108,125,7" hai1="92,111,61,5,106,18,37,10,118,119,50,131,133" hai2="35,94,46,14,107,64,80,9,54,68,126,105,0" hai3="40,89,34,56,104,4,41,115,127,42,57,69,95"/><U62/><E37/><V72/><F35/><W65/><G104/><T21/><D108/><U26/><E106/><V73/><F0/><W83/><G34/><T134/><D112/><U53/><E111/><V31/><F31/><W110/><G127/><T20/><D134/><U87/><E133/><V28/><F28/><W63/><G115/><T43/><D125/><U90/><E131/><V101/><F73/><W100/><G4/><T1/><D98/><U8/><E119/><V17/><F68/><W23/><G100/><T29/><D43/><U6/><E118/><V11/><F64/><W30/><G110/><T67/><D67/><U27/><E5/><V93/><F9/><W130/><G130/><T36/><D36/><U25/><E18/><V103/><F103/><W49/><G49/><T96/><D96/><U16/><E16/><V44/><F107/><W123/><G57/><T59/><D59/><U97/><E10/><V32/><F32/><W132/><G69/><T121/><D121/><U85/><E85/><V102/><F126/><W70/><G70/><T45/><D45/><U74/><E74/><V38/><F105/><W82/><G123/><T99/><D99/><U22/><E22/><V60/><F102/><W88/><G132/><T122/><D122/><U120/><E120/><V113/><F101/><W124/><G124/><T117/><D117/><U71/><E71/><V19/><F113/><W91/><G95/><N who="2" m="36361" /><F19/><W55/><G65/><T75/><D75/><U116/><E116/><V39/><F39/><W129/><G129/><T58/><D3/><N who="1" m="95" /><E97/><V81/><F38/><RYUUKYOKU ba="0,0" sc="18,-15,105,15,385,-15,492,15" hai1="25,26,27,50,53,61,62,87,90,92" hai3="23,30,40,41,42,55,56,63,82,83,88,89,91" /><INIT seed="5,1,0,0,1,39" ten="3,120,370,507" oya="1" hai0="87,104,130,100,109,13,23,67,110,132,98,27,51" hai1="30,97,129,65,76,59,33,112,36,81,15,84,69" hai2="54,82,34,77,114,1,120,58,64,68,108,128,116" hai3="133,121,56,103,74,28,62,123,70,11,72,118,127"/><U47/><E69/><V86/><F116/><W134/><G70/><T49/><D132/><U46/><E33/><V71/><F108/><W5/><G28/><T95/><D130/><U124/><E129/><V75/><F128/><W50/><G50/><T55/><D13/><U80/><E112/><V21/><F120/><W48/><G48/><T113/><D67/><U44/><E124/><V0/><F34/><W60/><G103/><T29/><D113/><U131/><E131/><V63/><F114/><W17/><G74/><T25/><D51/><U6/><E30/><V106/><F106/><W122/><G72/><T111/><D27/><U57/><E36/><V14/><F71/><W92/><G118/><T9/><D9/><N who="1" m="4535" /><E81/><V107/><F107/><W22/><G127/><T18/><D29/><U91/><E65/><V53/><F75/><W119/><G119/><T35/><D35/><U41/><E41/><V88/><F1/><W105/><G105/><T101/><D101/><U61/><E61/><V79/><F0/><W12/><G60/><T78/><D104/><U2/><E2/><V32/><F32/><W102/><G133/><T125/><D125/><U24/><E24/><V20/><F68/><W10/><G134/><T19/><D19/><U37/><E37/><V26/><F26/><W89/><G102/><T117/><D117/><U99/><E76/><N who="2" m="29259" /><F14/><W7/><G121/><T3/><D3/><U96/><AGARI ba="1,0" hai="44,46,47,57,59,80,84,91,96,97,99" m="4535" machi="96" ten="30,1500,0" yaku="8,1" doraHai="39" who="1" fromWho="1" sc="3,-6,120,18,370,-6,507,-6" owari="-3,-50.0,138,-26.0,364,16.0,501,60.0" /></mjloggm>