<mjloggm ver="2.3"><GO type="169" lobby="0"/><UN n0="%E3%81%8B%E3%81%AB%E3%83%9E%E3%82%B8%E3%83%B3" n1="%E3%83%88%E3%83%88%E3%83%AA%E5%85%88%E7%94%9F%31%39%E6%AD%B3" n2="%E9%9D%92%E7%8C%AB" n3="%E5%A4%A7%E6%AD%A3%E7%BE%A9%E9%87%8E%E7%90%83%E5%A8%98" dan="19,18,17,17" rate="2303.91,2274.33,2110.56,2170.99" sx="M,F,M,M"/><TAIKYOKU oya="0"/><INIT seed="0,0,0,0,2,24" ten="250,250,250,250" oya="0" hai0="106,16,75,52,84,27,57,4,81,26,66,129,79" hai1="43,132,51,109,11,105,70,124,54,20,21,114,94" hai2="19,125,98,121,29,92,83,46,87,107,12,102,45" hai3="127,122,42,48,134,85,49,9,72,111,22,62,99"/><T77/><D106/><U95/><E105/><V104/><F125/><W65/><G72/><T7/><D129/><U100/><E70/><V63/><F121/><W61/><G111/><T34/><D66/><U33/><E33/><V135/><F135/><W3/><G134/><T68/><D68/><U25/><E132/><V44/><F63/><W69/><G127/><T103/><D103/><U10/><E109/><V5/><F5/><N who="0" m="2122" /><D34/><U31/><E43/><V86/><F86/><W123/><G9/><N who="1" m="3082" /><E100/><V38/><F38/><W126/><G3/><T78/><D75/><U60/><E60/><V39/><F39/><W2/><G2/><T35/><D35/><U30/><E114/><V91/><F107/><W64/><G126/><T96/><D96/><U17/><E124/><V117/><F104/><W15/><G99/><T82/><D82/><U101/><E21/><N who="2" m="11495" /><F117/><W76/><G122/><T97/><D97/><N who="1" m="59575" /><E95/><V118/><F118/><W28/><G123/><T110/><D110/><U93/><E93/><V59/><F102/><W40/><G69/><T18/><D26/><U131/><E131/><V37/><F37/><W1/><G1/><T6/><N who="0" m="2130" /><T80/><DORA hai="112" /><D80/><U56/><AGARI ba="0,0" hai="17,20,25,30,31,51,54,56" m="59575,3082" machi="56" ten="30,4000,0" yaku="8,1,52,2" doraHai="24,112" who="1" fromWho="1" sc="250,-20,250,40,250,-10,250,-10" /><INIT seed="1,0,0,5,1,43" ten="230,290,240,240" oya="1" hai0="15,115,101,5,52,31,81,87,12,135,9,33,58" hai1="25,79,68,0,62,18,16,11,117,96,36,70,106" hai2="17,23,63,92,20,131,51,82,21,102,118,48,126" hai3="107,90,64,34,119,55,84,32,67,40,30,38,22"/><U97/><E117/><V4/><F118/><W60/><G107/><T28/><D135/><U125/><E36/><V56/><F131/><W116/><G64/><T10/><D101/><U134/><E134/><V19/><F4/><W75/><G75/><T127/><D127/><U78/><E125/><V112/><F112/><W41/><G41/><T35/><D35/><U8/><E25/><V6/><F6/><W103/><G103/><T111/><D33/><U26/><E26/><V46/><F82/><W66/><G66/><T50/><D111/><U128/><E62/><V98/><F126/><W110/><G55/><T113/><D115/><U1/><REACH who="1" step="1"/><E106/><REACH who="1" ten="230,280,240,240" step="2"/><V29/><F29/><W3/><G116/><T122/><D113/><U86/><E86/><V74/><F74/><W65/><G119/><T85/><D122/><U105/><E105/><V130/><F130/><AGARI ba="0,1" hai="0,1,8,11,16,18,68,70,78,79,96,97,128,130" machi="130" ten="25,9600,0" yaku="1,1,22,2,54,1,53,0" doraHai="43" doraHaiUra="53" who="1" fromWho="2" sc="230,0,280,106,240,-96,240,0" /><INIT seed="1,1,0,5,4,0" ten="230,386,144,240" oya="1" hai0="114,15,44,121,43,85,77,6,10,102,73,104,71" hai1="37,74,5,132,68,54,1,81,107,65,41,119,11" hai2="117,22,90,26,29,9,135,78,113,92,124,23,87" hai3="61,116,20,50,12,101,89,16,25,130,3,93,97"/><U4/><E119/><V57/><F117/><W108/><G3/><T34/><D114/><U115/><E54/><V55/><F113/><W88/><G116/><T14/><D34/><U24/><E115/><V66/><F135/><W110/><G130/><T127/><D71/><U19/><E19/><V100/><F124/><W42/><G61/><T131/><D127/><U52/><E24/><V111/><F111/><N who="3" m="42539" /><G25/><T48/><D73/><U13/><E52/><V125/><F125/><W106/><G106/><T95/><D15/><U70/><E13/><V96/><F66/><W112/><G112/><T64/><D64/><U58/><E5/><V123/><F123/><W133/><G133/><T72/><D72/><U47/><E132/><V122/><F122/><W51/><G51/><T75/><D75/><U118/><E118/><V2/><F78/><W91/><G101/><T105/><D131/><U128/><E128/><V84/><F23/><W94/><G94/><T76/><D76/><N who="1" m="44183" /><E107/><V134/><F134/><W80/><G80/><N who="0" m="47247" /><D121/><U129/><E129/><V86/><F2/><W36/><G36/><T27/><D27/><U32/><E32/><V63/><REACH who="2" step="1"/><F9/><REACH who="2" ten="230,386,134,240" step="2"/><W56/><G56/><T21/><D21/><U126/><E126/><V38/><F38/><W30/><G30/><T109/><D109/><U98/><E58/><V8/><F8/><W7/><G7/><T99/><AGARI ba="1,1" hai="6,10,14,43,44,48,95,99,102,104,105" m="47247" machi="99" ten="30,2000,0" yaku="25,1,52,1" doraHai="0" who="0" fromWho="0" sc="230,33,386,-11,134,-6,240,-6" /><INIT seed="2,0,0,4,2,93" ten="263,375,128,234" oya="2" hai0="47,37,28,42,121,3,27,126,15,55,118,8,58" hai1="10,115,125,104,114,45,69,71,86,11,56,0,94" hai2="98,119,124,36,62,83,19,38,78,75,17,4,99" hai3="7,77,107,30,35,88,72,57,70,64,108,100,50"/><V129/><F119/><W85/><G108/><T59/><D118/><U89/><E104/><V91/><F4/><W6/><G50/><T21/><D3/><U135/><E135/><V33/><F33/><W84/><G57/><T2/><D2/><U132/><E132/><V52/><F91/><W63/><G85/><T51/><D126/><U29/><E125/><V60/><F124/><W65/><G65/><T87/><D87/><U105/><E105/><V26/><F129/><W18/><G18/><T32/><D121/><U80/><E29/><V43/><F43/><W101/><G77/><T82/><D82/><U23/><E23/><V130/><F130/><W134/><G72/><T48/><D32/><U95/><E45/><V54/><F83/><N who="3" m="49183" /><G101/><T25/><D25/><U79/><E56/><V46/><F26/><N who="3" m="18903" /><G134/><T92/><D92/><U123/><E94/><V76/><F46/><W109/><G109/><T106/><D106/><U96/><E123/><V116/><F116/><W74/><G74/><AGARI ba="0,0" hai="17,19,36,38,52,54,60,62,74,75,76,78,98,99" machi="74" ten="25,12000,1" yaku="22,2,52,2,54,1" doraHai="93" who="2" fromWho="3" sc="263,0,375,0,128,120,234,-120" /><INIT seed="2,1,0,5,0,103" ten="263,375,248,114" oya="2" hai0="17,78,29,47,119,96,43,132,105,21,70,131,123" hai1="125,58,42,73,62,46,135,41,19,128,10,97,31" hai2="104,35,92,99,79,127,72,51,53,69,118,13,130" hai3="93,64,101,91,67,89,54,16,110,61,124,22,116"/><V65/><F118/><W63/><G116/><T36/><D119/><U27/><E73/><V26/><F127/><W68/><G110/><T100/><D70/><U109/><E109/><V126/><F126/><W33/><G33/><T49/><D123/><U59/><E125/><V87/><F130/><W60/><G124/><T2/><D2/><U45/><E128/><V122/><F122/><W20/><G20/><T75/><D131/><U39/><E135/><V11/><F72/><W133/><G133/><T40/><D132/><U9/><E97/><V76/><F87/><W80/><G54/><T3/><D3/><U107/><E107/><V25/><F25/><W23/><G23/><T98/><D98/><U82/><E82/><V86/><F86/><N who="3" m="50375" /><G101/><T81/><D29/><U102/><E102/><N who="2" m="62559" /><F92/><W5/><G5/><T0/><D0/><U28/><E19/><N who="2" m="8639" /><F51/><W30/><G30/><T129/><D129/><U121/><E121/><V8/><F8/><W112/><G68/><T74/><D74/><U56/><E62/><N who="3" m="15874" /><W50/><DORA hai="7" /><G50/><T32/><D32/><U34/><REACH who="1" step="1"/><E31/><REACH who="1" ten="263,365,248,114" step="2"/><V38/><F69/><W83/><G83/><T1/><D81/><U111/><E111/><V12/><F79/><W94/><G94/><T44/><D78/><U18/><E18/><V115/><F76/><W6/><G6/><T4/><D75/><U85/><E85/><V113/><F113/><W71/><G71/><T84/><D84/><U77/><E77/><V15/><F115/><W120/><G112/><T24/><D4/><U14/><E14/><V52/><F12/><N who="3" m="9479" /><G120/><T37/><D1/><RYUUKYOKU ba="1,1" sc="263,10,365,10,248,-30,114,10" hai0="17,21,24,36,37,40,43,44,47,49,96,100,105" hai1="9,10,27,28,34,39,41,42,45,46,56,58,59" hai3="64,67,91,93" /><INIT seed="3,2,1,2,5,77" ten="273,375,218,124" oya="3" hai0="25,23,44,119,101,42,61,36,18,3,62,14,124" hai1="2,32,86,65,109,64,116,122,24,127,90,22,43" hai2="100,29,7,79,105,55,118,97,73,94,21,110,117" hai3="58,66,85,41,104,11,45,112,17,63,6,83,31"/><W99/><G112/><T92/><D3/><U123/><E2/><V103/><F110/><W20/><G31/><T108/><D108/><U80/><E32/><V33/><F33/><W82/><G85/><T120/><D120/><U52/><E109/><V93/><F7/><W78/><G78/><T89/><D119/><U76/><E116/><V133/><F55/><W0/><G104/><T13/><D101/><U19/><E127/><V128/><F21/><W28/><G99/><T84/><D124/><U34/><E34/><V114/><F29/><W132/><G28/><T135/><D135/><U15/><E43/><V48/><F48/><W51/><REACH who="3" step="1"/><G132/><REACH who="3" ten="273,375,218,114" step="2"/><T12/><AGARI ba="2,2" hai="12,13,14,18,23,25,36,42,44,61,62,84,89,92" machi="12" ten="30,1100,0" yaku="0,1" doraHai="77" who="0" fromWho="0" sc="273,37,375,-5,218,-5,114,-7" /><INIT seed="4,0,0,0,5,52" ten="310,370,213,107" oya="0" hai0="98,122,34,2,23,55,126,5,51,16,22,49,88" hai1="85,81,123,41,132,10,125,29,60,129,116,47,109" hai2="77,25,76,65,9,39,26,67,94,8,14,27,104" hai3="71,105,66,102,43,120,118,56,128,12,72,114,7"/><T100/><D34/><U70/><E116/><V48/><F104/><W106/><G43/><T20/><D122/><U61/><E123/><V101/><F39/><W135/><G102/><T46/><D126/><U80/><E109/><V1/><F1/><W21/><G66/><N who="2" m="25097" /><F48/><W112/><G56/><T68/><D68/><U86/><E125/><V73/><F73/><W40/><G40/><T134/><D134/><U69/><E129/><V4/><F8/><W17/><G71/><T121/><D121/><U36/><E132/><V92/><F101/><W42/><G42/><N who="0" m="24791" /><D5/><U3/><E29/><V108/><F108/><W38/><G72/><T44/><D2/><U13/><E3/><V119/><F119/><W6/><G38/><T11/><D11/><U0/><E0/><V113/><F113/><N who="3" m="43627" /><G120/><T84/><D100/><U133/><E133/><V127/><F127/><W32/><G118/><T35/><D35/><U18/><E70/><V75/><F75/><W37/><G37/><T28/><D28/><U111/><E111/><V103/><F103/><W90/><G135/><T78/><D78/><AGARI ba="0,0" hai="4,9,14,25,26,27,76,77,78,92,94" m="25097" machi="78" ten="30,1000,0" yaku="8,1" doraHai="52" who="2" fromWho="0" sc="310,-10,370,0,213,10,107,0" /><INIT seed="5,0,0,3,4,19" ten="300,370,223,107" oya="1" hai0="36,1,38,63,132,129,77,121,55,5,57,21,100" hai1="123,92,95,13,76,49,125,118,135,18,72,85,59" hai2="69,47,14,16,31,40,122,79,120,34,10,0,48" hai3="131,102,73,66,58,60,6,51,52,71,98,127,113"/><U43/><E118/><V89/><F69/><W4/><G113/><T29/><D77/><U81/><E123/><V3/><F79/><W39/><G73/><T106/><D121/><U83/><E135/><V46/><F122/><W124/><G39/><T114/><D132/><U35/><E35/><V90/><F120/><W68/><G68/><T56/><D129/><U101/><E125/><V42/><F31/><W7/><REACH who="3" step="1"/><G131/><REACH who="3" ten="300,370,223,97" step="2"/><T44/><D38/><U24/><E72/><V25/><F0/><W104/><AGARI ba="0,1" hai="4,6,7,51,52,58,60,66,71,98,102,104,124,127" machi="104" ten="30,7900,0" yaku="1,1,2,1,0,1,54,1,53,0" doraHai="19" doraHaiUra="20" who="3" fromWho="3" sc="300,-20,370,-39,223,-20,97,89" /><INIT seed="6,0,0,2,3,24" ten="280,331,203,186" oya="2" hai0="42,11,67,133,45,1,51,84,101,102,100,46,61" hai1="47,113,97,9,83,8,22,32,99,104,70,12,108" hai2="124,81,73,17,58,35,63,80,79,89,68,65,120" hai3="59,85,44,66,111,93,28,26,114,107,112,16,53"/><V10/><F120/><W105/><G111/><T122/><D122/><U106/><E108/><V87/><F124/><W0/><G0/><T13/><D1/><U77/><E32/><V91/><F35/><N who="3" m="20887" /><G66/><T98/><D133/><U48/><E70/><V21/><F10/><W2/><G44/><T33/><D33/><U4/><E113/><N who="3" m="43626" /><G2/><T131/><D131/><U57/><E9/><V118/><F118/><W50/><G16/><T37/><D46/><U103/><E57/><V25/><REACH who="2" step="1"/><F68/><REACH who="2" ten="280,331,193,186" step="2"/><W126/><G126/><T76/><D11/><U130/><E8/><V92/><F92/><W15/><G15/><T7/><D13/><U30/><E12/><V117/><F117/><W119/><G119/><T128/><D128/><U49/><E130/><V110/><F110/><W127/><G127/><T38/><D7/><U19/><E4/><V132/><F132/><W78/><G93/><T115/><D115/><U20/><E104/><V36/><F36/><W55/><G53/><T82/><D37/><U90/><E106/><V60/><F60/><W43/><G43/><T40/><D38/><U23/><E23/><V86/><F86/><W41/><G41/><T109/><D109/><U74/><E22/><V56/><F56/><W69/><G69/><N who="0" m="42223" /><D40/><U95/><E20/><V72/><F72/><W125/><G125/><T14/><D14/><U27/><E74/><V31/><F31/><W64/><G64/><T3/><D3/><U121/><E30/><V88/><AGARI ba="0,1" hai="17,21,25,58,63,65,73,79,80,81,87,88,89,91" machi="88" ten="20,12000,1" yaku="1,1,0,1,7,1,54,1,53,1" doraHai="24" doraHaiUra="18" who="2" fromWho="2" sc="280,-40,331,-40,193,130,186,-40" /><INIT seed="6,1,0,2,3,72" ten="240,291,323,146" oya="2" hai0="76,111,34,95,77,103,50,110,27,66,2,101,129" hai1="97,19,23,131,121,120,85,130,87,30,49,42,75" hai2="109,45,29,61,107,64,55,94,68,118,8,40,102" hai3="17,63,70,106,51,57,88,100,105,124,13,21,128"/><V31/><F118/><W116/><G116/><T125/><D2/><U15/><E75/><V1/><F107/><W22/><G128/><N who="1" m="49194" /><E30/><V73/><F55/><W93/><G124/><T114/><D129/><U82/><E97/><V126/><F126/><W112/><G100/><T67/><D125/><U24/><E24/><V99/><F109/><W5/><G112/><T6/><D27/><U54/><E42/><V132/><F132/><W115/><G115/><T0/><D114/><U38/><E38/><V33/><F33/><W117/><G117/><T127/><D127/><U104/><E104/><V78/><F1/><W26/><G70/><T71/><D0/><U53/><E85/><V11/><F31/><W47/><G5/><T83/><D6/><U60/><E60/><V108/><F29/><W135/><G135/><T32/><D95/><U20/><E20/><V123/><F108/><W14/><G106/><T92/><D92/><U122/><E49/><V3/><F3/><W90/><G105/><T28/><D28/><U52/><E53/><V10/><F123/><W25/><G21/><T59/><D50/><U9/><E23/><V65/><F65/><W96/><G90/><AGARI ba="1,0" hai="9,15,19,52,54,82,87,90,120,121,122" m="49194" machi="90" ten="40,5200,0" yaku="13,1,19,1,54,1" doraHai="72" who="1" fromWho="3" sc="240,0,291,55,323,0,146,-55" /><INIT seed="7,0,0,0,1,97" ten="240,346,323,91" oya="3" hai0="0,75,88,93,56,115,29,61,92,122,127,22,95" hai1="123,106,66,77,2,83,112,64,100,62,15,33,133" hai2="5,131,40,60,128,23,125,105,86,87,109,91,6" hai3="4,59,111,3,130,73,103,101,126,8,14,63,20"/><W43/><G73/><T41/><D75/><U39/><E2/><V31/><F109/><W102/><G111/><T58/><D122/><U84/><E123/><V28/><F40/><W24/><G126/><T21/><D0/><U13/><E39/><V34/><F34/><W113/><G43/><T124/><D41/><U11/><E33/><V118/><F118/><W114/><G3/><T32/><D32/><U53/><E112/><V16/><F60/><W9/><G130/><N who="2" m="49705" /><F105/><W110/><G110/><T89/><D115/><N who="3" m="44041" /><G14/><T108/><D61/><U1/><E133/><V119/><F119/><W17/><G4/><N who="2" m="1641" /><F125/><N who="0" m="48202" /><D29/><N who="2" m="11338" /><F91/><N who="0" m="34890" /><D108/><U45/><E1/><V121/><F121/><W69/><G69/><T10/><D10/><U26/><E11/><V72/><F72/><W80/><G80/><T117/><D117/><U27/><E83/><V65/><F65/><AGARI ba="0,0" hai="8,9,17,20,24,59,63,65,101,102,103" m="44041" machi="65" ten="30,11600,0" yaku="15,1,52,3" doraHai="97" who="3" fromWho="2" sc="240,0,346,0,323,-116,91,116" /><INIT seed="7,1,0,5,3,31" ten="240,346,207,207" oya="3" hai0="96,78,53,34,99,94,121,7,19,63,32,29,24" hai1="120,91,88,83,16,107,98,47,77,76,114,59,9" hai2="97,13,104,70,28,39,116,21,123,109,122,93,50" hai3="14,58,102,68,117,125,35,86,132,126,44,100,69"/><W52/><G117/><T12/><D121/><N who="2" m="46090" /><F109/><W111/><G44/><T82/><D7/><U36/><E120/><V60/><F39/><W113/><G111/><T23/><D63/><U6/><E114/><V65/><F116/><W135/><G113/><T48/><D94/><N who="1" m="56647" /><E107/><V92/><F50/><N who="3" m="30999" /><G35/><T5/><D5/><U4/><E36/><V67/><F67/><W85/><G14/><T81/><D81/><U66/><E91/><V128/><F128/><W112/><G112/><T0/><D0/><U95/><E95/><V101/><F13/><W103/><G85/><T124/><D124/><N who="3" m="47721" /><G86/><T17/><D32/><U62/><E47/><V45/><F45/><W129/><G129/><T127/><D127/><U84/><E76/><V46/><F46/><W74/><G74/><T18/><D99/><U10/><E10/><V75/><F75/><W106/><G106/><T20/><D96/><U80/><E80/><V33/><F33/><W119/><G119/><T49/><D34/><U72/><E72/><V133/><F133/><AGARI ba="1,0" hai="68,69,100,102,103,132,133,135" m="47721,30999" machi="133" ten="40,7700,0" yaku="20,1,18,1,54,1" doraHai="31" who="3" fromWho="2" sc="240,0,346,0,207,-80,207,80" /><INIT seed="7,2,0,3,2,113" ten="240,346,127,287" oya="3" hai0="118,37,44,103,38,116,97,73,89,25,54,119,121" hai1="98,66,106,14,24,57,13,41,12,95,134,79,27" hai2="75,58,81,85,105,107,49,90,102,132,92,122,56" hai3="101,40,48,47,43,123,114,31,55,50,63,65,77"/><W124/><G123/><T88/><D73/><U94/><E106/><V125/><F49/><W0/><G0/><T3/><D121/><U42/><E134/><V2/><F56/><W60/><G114/><T70/><D70/><U96/><E79/><V8/><F58/><W51/><G77/><T91/><D3/><U10/><E10/><V33/><F8/><W99/><G124/><T59/><D44/><U78/><E78/><V117/><F33/><W19/><G31/><T16/><D25/><N who="1" m="9803" /><E95/><V71/><F2/><W128/><G128/><T74/><D74/><U32/><E32/><V110/><F71/><W115/><G115/><T104/><REACH who="0" step="1"/><D16/><REACH who="0" ten="230,346,127,287" step="2"/><U126/><E126/><V4/><F122/><W68/><G43/><T21/><D21/><U6/><E42/><V64/><F125/><W34/><G34/><T112/><D112/><U23/><E23/><V76/><F75/><W26/><G26/><T109/><D109/><U80/><E41/><V46/><F46/><W28/><G19/><T82/><D82/><U67/><E80/><V62/><F132/><W35/><G35/><T15/><D15/><U100/><E13/><V93/><F110/><W29/><G40/><T135/><D135/><U130/><E14/><V84/><F4/><W61/><G47/><T111/><D111/><U131/><E12/><V30/><F30/><W129/><G68/><T120/><D120/><U52/><E6/><V53/><F81/><W5/><G5/><T17/><D17/><U108/><E108/><V20/><F20/><W7/><G7/><T45/><D45/><U72/><E72/><RYUUKYOKU ba="2,1" sc="230,30,346,-10,127,-10,287,-10" hai0="37,38,54,59,88,89,91,97,103,104,116,118,119" owari="260,-14.0,346,44.0,117,-38.0,277,8.0" /></mjloggm>