<mjloggm ver="2.3"><GO type="169" lobby="0"/><UN n0="%7A%65%52%6F" n1="%E3%83%88%E3%83%88%E3%83%AA%E5%85%88%E7%94%9F%31%39%E6%AD%B3" n2="%E3%81%A8%E3%81%97%52" n3="%33%31%6A%69%6E" dan="18,18,16,16" rate="2215.45,2289.33,2032.46,2146.59" sx="M,F,M,F"/><TAIKYOKU oya="0"/><INIT seed="0,0,0,1,2,56" ten="250,250,250,250" oya="0" hai0="83,69,115,126,2,63,122,84,22,15,70,134,26" hai1="135,54,129,68,91,103,39,132,45,53,71,49,59" hai2="43,42,125,98,107,31,110,77,1,17,46,27,5" hai3="85,100,133,28,20,57,38,79,124,14,67,90,9"/><T92/><D2/><U95/><E103/><V11/><F110/><W93/><G124/><T73/><D122/><U55/><E95/><V62/><F125/><W81/><G133/><N who="1" m="51274" /><E91/><V19/><F77/><W99/><G38/><T112/><D126/><U6/><E129/><V12/><F107/><W119/><G119/><T10/><D73/><U130/><E130/><V48/><F98/><W30/><G20/><T82/><D134/><U66/><E6/><V116/><F116/><W21/><G21/><T102/><D83/><U128/><E128/><V3/><F3/><W33/><G33/><T76/><D92/><U16/><E16/><V60/><F43/><W121/><G121/><T86/><D84/><U4/><E4/><V50/><F1/><W61/><REACH who="3" step="1"/><G100/><REACH who="3" ten="250,250,250,240" step="2"/><T101/><D102/><U75/><E39/><V40/><F31/><W64/><G64/><T131/><D101/><U104/><E104/><V89/><F89/><W106/><G106/><T87/><D131/><U47/><E66/><V123/><F123/><W65/><G65/><T109/><D22/><U0/><E75/><V7/><F27/><W37/><G37/><T78/><D26/><U88/><E0/><V36/><F36/><W32/><G32/><T34/><D34/><U108/><E108/><V97/><F11/><W44/><G44/><N who="1" m="16970" /><E88/><V35/><F35/><W94/><G94/><T74/><D109/><U51/><E59/><V29/><F29/><W105/><G105/><T111/><D111/><U114/><E114/><V23/><F23/><W13/><G13/><T127/><D127/><U118/><E118/><RYUUKYOKU ba="0,1" sc="250,-15,250,15,250,-15,240,15" hai1="49,51,53,54,55,68,71" hai3="9,14,28,30,57,61,67,79,81,85,90,93,99" /><INIT seed="1,1,1,5,5,6" ten="235,265,235,255" oya="1" hai0="105,72,80,133,61,34,57,100,104,56,89,51,13" hai1="128,125,111,92,10,77,9,119,130,131,85,5,97" hai2="17,1,114,124,29,64,49,48,36,122,22,53,67" hai3="46,25,20,106,52,66,70,129,62,63,50,88,115"/><U78/><E119/><V33/><F122/><W45/><G115/><T55/><D34/><U23/><E125/><V71/><F36/><W121/><G129/><T108/><D108/><U54/><E111/><V113/><F124/><W74/><G121/><T60/><D133/><U103/><E85/><V135/><F135/><W7/><G106/><T94/><D61/><U47/><E23/><V126/><F126/><W79/><G63/><T11/><D100/><U127/><E127/><V98/><F1/><W120/><G120/><T8/><D80/><U24/><E24/><V16/><F33/><W59/><G7/><T82/><D82/><U58/><E47/><V134/><F134/><W27/><G27/><T40/><D72/><U132/><E132/><V118/><F29/><W18/><REACH who="3" step="1"/><G88/><REACH who="3" ten="235,265,235,245" step="2"/><T117/><D104/><U110/><E110/><V21/><F114/><W28/><G28/><T31/><D105/><U73/><E5/><V44/><F113/><W99/><G99/><T95/><D31/><U39/><E39/><V32/><F98/><W112/><G112/><T101/><D89/><U19/><E19/><V81/><F17/><W102/><G102/><T123/><D101/><U93/><E93/><V75/><F16/><W35/><G35/><T37/><D123/><U14/><E14/><V86/><F32/><W42/><G42/><T107/><D13/><U4/><E4/><V3/><F3/><W38/><G38/><T0/><D107/><U84/><E128/><V69/><F81/><AGARI ba="1,2" hai="18,20,25,45,46,50,52,59,62,66,70,74,79,81" machi="81" ten="40,2600,0" yaku="1,1,54,1,53,0" doraHai="6" doraHaiUra="96" who="3" fromWho="2" sc="235,0,265,0,235,-29,245,49" /><INIT seed="2,0,0,2,4,17" ten="235,265,206,294" oya="2" hai0="28,41,47,49,70,35,116,125,45,84,107,87,115" hai1="123,97,89,126,26,99,64,6,83,79,53,134,117" hai2="31,48,36,121,95,102,25,5,57,77,4,54,19" hai3="120,111,39,132,51,104,80,33,130,15,112,105,62"/><V58/><F121/><W82/><G111/><T66/><D115/><U73/><E117/><V71/><F71/><W108/><G108/><T119/><D107/><U90/><E134/><V18/><F36/><W55/><G39/><T106/><D106/><U113/><E113/><V65/><F77/><W85/><G130/><T110/><D110/><U114/><E114/><V43/><F43/><W10/><G120/><T2/><D2/><U74/><E6/><N who="2" m="2667" /><F31/><W9/><G33/><T32/><D125/><U98/><E64/><V38/><F38/><W67/><G132/><T34/><D28/><U101/><E53/><N who="2" m="31911" /><F65/><W88/><G82/><T61/><REACH who="0" step="1"/><D45/><REACH who="0" ten="225,265,206,294" step="2"/><U29/><E126/><V129/><F129/><W21/><G104/><T68/><D68/><U128/><E128/><V122/><F122/><W12/><G105/><T3/><D3/><U124/><E124/><V69/><F69/><W1/><G1/><T135/><D135/><U30/><E30/><V24/><F19/><W72/><G112/><T13/><D13/><U109/><E109/><V52/><F18/><W7/><G12/><T91/><D91/><N who="1" m="34827" /><E123/><V27/><F58/><W23/><G15/><T63/><D63/><U40/><E101/><V76/><F76/><W50/><G62/><T44/><D44/><U86/><E29/><V22/><F102/><W11/><G7/><T103/><D103/><U94/><E26/><N who="2" m="10347" /><F95/><W46/><G46/><T20/><D20/><U118/><E94/><V0/><F0/><W93/><G23/><T81/><D81/><U92/><E92/><V14/><F14/><W133/><G80/><RYUUKYOKU ba="0,1" sc="225,15,265,-15,206,15,294,-15" hai0="32,34,35,41,47,49,61,66,70,84,87,116,119" hai2="22,27,52,54" /><INIT seed="2,1,1,5,4,114" ten="240,250,221,279" oya="2" hai0="49,1,118,75,89,31,40,21,96,33,7,119,17" hai1="19,95,53,107,54,84,4,68,60,37,35,80,24" hai2="71,16,66,58,108,91,23,34,113,44,132,87,12" hai3="103,99,10,0,110,109,48,93,70,45,74,131,43"/><V124/><F113/><W47/><G131/><T62/><D75/><U83/><E107/><V128/><F71/><W25/><G70/><T122/><D122/><U26/><E37/><V77/><F128/><W88/><G74/><T115/><D115/><U92/><E68/><V13/><F34/><W8/><G0/><T72/><D72/><U125/><E35/><V28/><F132/><W129/><G129/><T117/><D62/><U76/><E60/><N who="2" m="38167" /><F124/><W61/><G61/><T69/><D69/><U14/><E4/><V79/><F108/><N who="3" m="41579" /><G25/><N who="1" m="9834" /><E83/><N who="2" m="49663" /><F28/><W105/><G47/><N who="0" m="25831" /><D31/><U63/><E125/><V134/><F134/><W133/><G133/><T65/><D65/><U50/><E63/><V67/><F67/><W127/><G127/><T57/><D57/><N who="1" m="32951" /><E54/><V94/><F44/><W85/><AGARI ba="1,1" hai="8,10,43,45,48,85,88,93,99,103,105" m="41579" machi="85" ten="30,2000,0" yaku="14,1,54,1" doraHai="114" who="3" fromWho="3" sc="240,-6,250,-6,221,-11,279,33" /><INIT seed="3,0,0,5,4,25" ten="234,244,210,312" oya="3" hai0="67,36,78,57,88,125,77,100,61,101,31,35,107" hai1="26,1,2,48,38,118,44,131,53,114,17,90,92" hai2="27,85,52,133,20,91,63,59,86,112,10,22,23" hai3="103,119,97,43,14,19,81,95,6,0,32,16,128"/><W13/><G119/><T126/><D36/><U12/><E114/><V46/><F133/><W83/><G32/><T51/><D107/><U121/><E121/><V116/><F112/><W18/><G128/><T42/><D35/><U49/><E38/><V56/><F116/><W120/><G120/><T76/><D88/><U124/><E124/><N who="0" m="47721" /><D31/><U82/><E131/><V111/><F111/><W21/><G43/><T71/><D42/><U62/><E62/><N who="2" m="36103" /><F46/><W74/><G74/><T99/><D99/><U15/><E118/><V115/><F115/><W68/><G68/><T87/><D87/><N who="2" m="33290" /><F91/><W33/><G33/><T69/><D51/><U134/><E49/><V55/><F10/><N who="3" m="4311" /><G0/><T45/><D45/><U40/><E2/><V8/><F8/><W104/><G104/><T130/><D130/><U60/><E1/><V117/><F117/><W5/><G5/><T65/><D65/><U132/><E134/><V34/><F34/><W122/><G122/><T29/><D29/><AGARI ba="0,0" hai="20,22,23,27,29,55,59,63" m="33290,36103" machi="29" ten="30,3900,0" yaku="8,1,52,1,54,1" doraHai="25" who="2" fromWho="0" sc="234,-39,244,0,210,39,312,0" /><INIT seed="4,0,0,3,3,47" ten="195,244,249,312" oya="0" hai0="36,5,69,94,62,128,49,112,72,38,57,113,31" hai1="88,66,111,50,125,84,32,54,23,79,44,127,16" hai2="18,68,4,25,101,58,20,29,81,3,78,19,107" hai3="30,97,117,93,63,26,123,61,43,120,9,71,87"/><T129/><D94/><U95/><E111/><V0/><F68/><W55/><G117/><T133/><D72/><U41/><E32/><V37/><F37/><N who="0" m="14442" /><D31/><U12/><E66/><V60/><F107/><W40/><G87/><T65/><D5/><U22/><E79/><V53/><F101/><W76/><G76/><T99/><D99/><U48/><E22/><V114/><F114/><N who="0" m="44138" /><D133/><U134/><E134/><V46/><F4/><W85/><G9/><T119/><D119/><U15/><E15/><V110/><F3/><W124/><G85/><T75/><D75/><U100/><E100/><V115/><F0/><W86/><G86/><T59/><D49/><U126/><E48/><N who="2" m="28823" /><F115/><W121/><G97/><T132/><D132/><U74/><E74/><V51/><F81/><W11/><G93/><T118/><D118/><U1/><E1/><V10/><F78/><W108/><G30/><T122/><D122/><U135/><E135/><V34/><F34/><W103/><G103/><T64/><D64/><U6/><E6/><V91/><F51/><W24/><G121/><T83/><D83/><U130/><E54/><N who="2" m="33879" /><F29/><W73/><G73/><T92/><D92/><U82/><E95/><V104/><F104/><W70/><G120/><T106/><D106/><U56/><E56/><AGARI ba="0,0" hai="56,57,59,62,65,69,128,129" m="44138,14442" machi="56" ten="40,7700,0" yaku="15,1,34,2" doraHai="47" who="0" fromWho="1" sc="195,77,244,-77,249,0,312,0" /><INIT seed="4,1,0,4,1,128" ten="272,167,249,312" oya="0" hai0="21,97,114,84,88,23,12,110,18,72,66,106,27" hai1="62,53,116,125,85,120,81,121,94,119,127,96,61" hai2="19,22,108,105,44,34,16,51,109,134,101,48,76" hai3="65,74,47,50,55,113,123,132,64,131,11,60,77"/><T30/><D72/><U33/><E33/><V49/><F34/><W58/><G131/><T29/><D114/><U95/><E53/><V87/><F44/><W70/><G113/><T117/><D117/><N who="1" m="45131" /><E62/><V122/><F122/><N who="1" m="47209" /><E61/><V102/><F48/><W14/><G132/><T3/><D3/><U39/><E39/><V82/><F134/><W80/><G123/><T73/><D110/><U37/><E37/><V93/><F108/><W115/><G115/><T107/><D73/><U38/><E38/><V69/><F109/><W112/><G112/><T92/><D66/><U54/><E54/><V86/><F69/><W28/><G28/><T133/><D133/><U41/><E41/><V43/><F51/><W89/><G89/><T5/><D5/><U10/><E10/><V31/><F49/><W68/><G65/><T118/><D118/><U46/><E46/><V20/><F43/><W56/><G70/><T7/><D7/><AGARI ba="1,0" hai="7,11,14,47,50,55,56,58,60,64,68,74,77,80" machi="7" ten="30,1000,0" yaku="7,1" doraHai="128" who="3" fromWho="0" sc="272,-13,167,0,249,0,312,13" /><INIT seed="5,0,0,1,0,102" ten="259,167,249,325" oya="1" hai0="14,94,72,83,109,104,49,35,20,46,58,105,126" hai1="34,125,38,89,50,37,110,124,84,91,111,22,117" hai2="63,10,6,60,90,80,116,33,93,13,59,73,27" hai3="135,57,121,79,1,69,123,8,4,62,95,32,29"/><U47/><E117/><V55/><F116/><W133/><G79/><T68/><D68/><U119/><E119/><V9/><F9/><W115/><G115/><T18/><D35/><U114/><E34/><V108/><F108/><N who="1" m="41513" /><E22/><V78/><F33/><W61/><G95/><T5/><D109/><U15/><E15/><V17/><F27/><N who="3" m="18495" /><G61/><T131/><D5/><U11/><E11/><V97/><REACH who="2" step="1"/><F63/><REACH who="2" ten="259,167,239,325" step="2"/><W26/><G26/><T42/><D20/><U103/><E114/><V96/><F96/><W106/><G62/><T65/><D14/><U23/><E23/><V100/><F100/><W67/><G4/><AGARI ba="0,1" hai="4,6,10,13,17,55,59,60,73,78,80,90,93,97" machi="4" ten="40,1300,0" yaku="1,1,53,0" doraHai="102" doraHaiUra="118" who="2" fromWho="3" sc="259,0,167,0,239,23,325,-13" /><INIT seed="6,0,0,0,1,133" ten="259,167,262,312" oya="2" hai0="51,73,6,40,84,39,75,109,58,132,71,4,41" hai1="125,106,129,27,74,65,33,72,28,117,18,68,107" hai2="64,20,97,46,7,98,85,120,3,134,44,59,103" hai3="2,86,5,43,23,57,36,42,50,116,0,108,38"/><V128/><F120/><W66/><G108/><T111/><D71/><U99/><E18/><V45/><F134/><W31/><G116/><T13/><D132/><U92/><E117/><V119/><F119/><W82/><G42/><T79/><D39/><U87/><E129/><V10/><F128/><W34/><G34/><T63/><D109/><U101/><E106/><V29/><F85/><W110/><G110/><T88/><D79/><U48/><E48/><V94/><F98/><W16/><G31/><T14/><D75/><U30/><E30/><V21/><F29/><W90/><G5/><N who="0" m="2155" /><D73/><U115/><E115/><V121/><F121/><W127/><G127/><T26/><D26/><U114/><E114/><V83/><F83/><W93/><G82/><N who="0" m="49175" /><D111/><U32/><E32/><V123/><F123/><W112/><G38/><T76/><D76/><U80/><E92/><V12/><F3/><W69/><G69/><T56/><D56/><U102/><E102/><V47/><N who="2" m="11264" /><DORA hai="1" /><V77/><F77/><W60/><G36/><T9/><D51/><U11/><E11/><V24/><F24/><N who="3" m="14439" /><G50/><T70/><D70/><U61/><REACH who="1" step="1"/><E125/><REACH who="1" ten="259,157,262,312" step="2"/><V131/><F131/><W17/><G112/><T49/><D49/><U78/><AGARI ba="0,1" hai="27,28,33,61,65,68,72,74,78,80,87,99,101,107" machi="78" ten="20,12000,2" yaku="1,1,2,1,0,1,7,1,25,2,53,1" doraHai="133,1" doraHaiUra="135,62" who="1" fromWho="1" sc="259,-30,157,130,262,-60,312,-30" /><INIT seed="7,0,0,0,2,43" ten="229,287,202,282" oya="3" hai0="99,53,117,69,120,52,0,39,94,121,59,114,112" hai1="90,30,124,122,77,85,32,132,64,116,29,16,96" hai2="2,123,78,12,109,128,46,113,60,40,21,107,6" hai3="126,13,86,98,103,17,101,106,108,33,3,54,73"/><W44/><G108/><T74/><D0/><U65/><E122/><N who="0" m="47209" /><D74/><U70/><E132/><V93/><F113/><N who="0" m="43626" /><D69/><U110/><E110/><V57/><F109/><W28/><G3/><T31/><D117/><U71/><E32/><V49/><F107/><W95/><G73/><T55/><D31/><N who="1" m="11787" /><E124/><V58/><F123/><W34/><G28/><T51/><D39/><U130/><E130/><V67/><F128/><W41/><G54/><T88/><AGARI ba="0,0" hai="51,52,53,55,59,88,94,99" m="43626,47209" machi="88" ten="30,7900,0" yaku="15,1,11,1,54,2" doraHai="43" who="0" fromWho="0" sc="229,79,287,-20,202,-20,282,-39" owari="308,41.0,267,7.0,182,-32.0,243,-16.0" /></mjloggm>