<mjloggm ver="2.3"><GO type="169" lobby="0"/><UN n0="%E3%83%88%E3%83%88%E3%83%AA%E5%85%88%E7%94%9F%31%39%E6%AD%B3" n1="%E4%B8%89%E8%89%B2%E5%90%8C%E5%88%BB%E2%98%86" n2="%E9%BA%BB%E4%B8%AD%4A%40%4E%4B%59" n3="%52%6F%75%74%65%38" dan="18,19,16,16" rate="2295.10,2179.73,2089.63,2138.14" sx="F,M,M,M"/><TAIKYOKU oya="0"/><INIT seed="0,0,0,2,1,105" ten="250,250,250,250" oya="0" hai0="97,100,73,82,15,53,5,0,129,68,31,33,112" hai1="69,87,13,107,58,46,11,74,65,115,84,72,14" hai2="45,79,125,17,55,30,71,63,27,54,49,24,104" hai3="121,111,99,122,126,20,92,132,131,135,50,103,127"/><T59/><D112/><U75/><E69/><V83/><F125/><N who="3" m="47627" /><G50/><T8/><D68/><U48/><E107/><V117/><F104/><W10/><G10/><T41/><D129/><U109/><E109/><V12/><F117/><W32/><G32/><T38/><D15/><U106/><E106/><V80/><F80/><W95/><G20/><T18/><D18/><U21/><E115/><V94/><F94/><N who="3" m="58871" /><G111/><T9/><D97/><U16/><E65/><V134/><F134/><N who="3" m="51243" /><G131/><T40/><D9/><U7/><REACH who="1" step="1"/><E58/><REACH who="1" ten="250,240,250,250" step="2"/><V78/><F71/><W116/><G116/><T98/><D59/><U42/><AGARI ba="0,1" hai="7,11,13,14,16,21,42,46,48,72,74,75,84,87" machi="42" ten="30,16000,3" yaku="1,1,2,1,0,1,52,3,54,1,53,1" doraHai="105" doraHaiUra="2" who="1" fromWho="1" sc="250,-80,240,170,250,-40,250,-40" /><INIT seed="1,0,0,0,4,96" ten="170,410,210,210" oya="1" hai0="119,14,120,12,57,23,13,80,44,11,52,87,74" hai1="118,42,0,58,101,37,111,53,92,43,76,112,16" hai2="115,127,18,19,114,28,124,126,61,49,7,69,125" hai3="46,129,50,68,39,4,82,77,95,108,48,98,38"/><U93/><E112/><N who="2" m="43051" /><F28/><W122/><G122/><T59/><D119/><U103/><E0/><V30/><F30/><W34/><G34/><T106/><D74/><U89/><E76/><V27/><F7/><W60/><G4/><T105/><D120/><U121/><E118/><V117/><F117/><W56/><G68/><T107/><D23/><U64/><E64/><N who="2" m="41103" /><F27/><W41/><G50/><T9/><D44/><U123/><E111/><V86/><N who="2" m="32256" /><DORA hai="33" /><V36/><F36/><W67/><G108/><T128/><D128/><U130/><E37/><V102/><F102/><N who="1" m="38921" /><E130/><V3/><F3/><W81/><G129/><T99/><D57/><U75/><E123/><V25/><F25/><W26/><G26/><T62/><REACH who="0" step="1"/><D99/><REACH who="0" ten="160,410,210,210" step="2"/><N who="1" m="57743" /><E121/><V116/><F116/><W32/><G98/><T35/><D35/><U70/><E70/><V47/><F86/><W66/><G32/><T24/><D24/><U133/><E75/><V84/><F84/><W97/><G97/><T83/><D83/><U2/><E93/><V5/><F5/><W109/><G95/><T71/><D71/><U20/><E133/><V100/><F100/><W55/><G109/><T31/><D31/><U8/><E20/><V78/><F78/><AGARI ba="0,1" hai="9,11,12,13,14,52,59,62,78,80,87,105,106,107" machi="78" ten="50,8000,1" yaku="1,1,54,1,53,3" doraHai="96,33" doraHaiUra="88,10" who="0" fromWho="2" sc="160,90,410,0,210,-80,210,0" /><INIT seed="2,0,0,0,5,72" ten="250,410,130,210" oya="2" hai0="45,36,58,101,92,29,70,121,15,3,115,127,0" hai1="50,43,19,35,10,109,134,38,98,94,56,28,4" hai2="112,71,117,82,52,88,131,105,9,87,63,25,85" hai3="129,124,26,73,66,13,69,132,16,59,113,49,90"/><V17/><F105/><W116/><G116/><T135/><D121/><U39/><E109/><V44/><F117/><W100/><G73/><T46/><D70/><U2/><E134/><V68/><F112/><W8/><G100/><T96/><D115/><U47/><E28/><V84/><F131/><W37/><G37/><T114/><D114/><U106/><E35/><V20/><F9/><W31/><G113/><T91/><D127/><U62/><E106/><V80/><F84/><W133/><G124/><T120/><D120/><U104/><E104/><V76/><REACH who="2" step="1"/><F63/><REACH who="2" ten="250,410,120,210" step="2"/><N who="3" m="38271" /><G129/><T89/><D135/><U125/><E125/><V33/><F33/><W24/><G132/><T103/><D0/><U126/><E126/><V107/><F107/><W123/><G133/><T60/><D3/><U7/><E2/><V55/><F55/><W77/><G123/><T108/><D60/><U78/><E62/><V12/><F12/><W48/><G13/><T40/><D15/><N who="1" m="7671" /><E4/><V30/><F30/><W41/><G31/><T18/><D29/><U79/><E7/><V111/><F111/><W61/><G61/><T110/><D108/><U14/><E14/><V5/><F5/><W81/><G8/><T57/><D110/><U11/><E11/><V122/><F122/><W83/><G69/><T102/><D18/><U64/><E64/><V95/><F95/><W99/><G26/><T23/><D92/><U130/><E130/><V53/><F53/><W67/><G67/><T74/><D74/><U93/><E93/><V6/><F6/><W118/><G24/><T128/><D128/><U51/><E94/><RYUUKYOKU ba="0,1" sc="250,-10,410,-10,120,30,210,-10" hai2="17,20,25,44,52,68,71,76,80,82,85,87,88" /><INIT seed="2,1,1,5,1,102" ten="240,400,150,200" oya="2" hai0="14,94,9,84,129,69,128,59,95,135,17,42,55" hai1="104,49,6,111,44,75,53,124,96,80,85,13,110" hai2="74,24,70,22,109,93,112,33,27,18,12,11,78" hai3="31,38,122,130,16,97,132,123,106,48,47,127,29"/><V68/><F112/><W43/><G130/><N who="0" m="50283" /><D69/><U46/><E75/><V54/><F33/><W88/><G132/><T92/><D42/><U62/><E62/><V100/><F27/><W30/><G127/><T52/><D135/><U81/><E124/><V73/><F70/><W21/><G38/><T23/><D55/><U0/><E0/><V101/><F68/><W117/><G117/><T10/><D84/><U105/><E96/><V72/><F78/><W115/><G115/><T114/><D114/><U28/><E28/><V2/><F2/><W66/><G66/><T41/><D41/><U58/><E81/><V8/><F8/><W118/><G118/><T4/><D4/><U63/><E6/><V134/><F134/><W1/><G1/><T98/><D98/><U131/><E131/><V113/><F113/><W79/><G79/><T61/><AGARI ba="1,1" hai="9,10,14,17,23,52,59,61,92,94,95" m="50283" machi="61" ten="30,2000,0" yaku="19,1,54,1" doraHai="102" who="0" fromWho="0" sc="240,33,400,-6,150,-11,200,-6" /><INIT seed="3,0,0,3,2,30" ten="273,394,139,194" oya="3" hai0="74,64,130,32,69,124,40,106,108,121,110,35,101" hai1="51,89,76,27,44,46,65,133,113,60,47,123,91" hai2="115,50,114,72,52,22,80,84,94,71,2,11,12" hai3="13,82,109,97,122,7,38,36,116,16,54,17,55"/><W25/><G116/><T28/><D28/><U42/><E113/><V99/><F71/><W15/><G122/><T5/><D121/><U90/><E123/><V61/><F72/><W56/><G109/><N who="0" m="42091" /><D74/><U117/><E133/><V78/><F2/><W132/><G132/><T85/><D130/><U88/><E76/><V34/><F22/><W104/><G7/><T98/><D124/><U63/><E117/><V66/><F66/><W81/><G25/><T37/><D85/><U29/><N who="1" m="22528" /><DORA hai="70" /><U83/><E83/><V129/><F61/><W41/><G41/><T53/><D53/><U67/><E63/><V73/><F73/><W26/><G26/><T96/><D5/><U18/><E18/><V86/><F86/><W8/><G56/><T1/><D1/><U62/><E60/><V105/><F105/><W45/><G45/><N who="1" m="16906" /><E62/><V79/><F78/><W6/><G6/><T49/><D64/><U3/><E3/><V120/><F120/><W33/><G104/><N who="0" m="63527" /><D69/><U107/><E107/><V93/><F129/><W87/><G87/><T4/><D4/><U75/><E75/><V134/><F134/><W111/><G111/><T103/><D49/><U48/><E48/><V127/><F99/><W126/><G97/><T19/><D19/><U10/><E67/><V24/><F127/><W77/><G126/><T21/><D21/><N who="1" m="15599" /><E65/><V59/><F114/><W68/><G68/><T112/><D112/><U119/><E119/><V95/><F115/><W57/><G77/><T31/><D31/><U43/><E43/><V14/><F11/><AGARI ba="0,0" hai="10,11,42,44,51" m="15599,16906,22528" machi="11" ten="40,2600,0" yaku="8,1,54,1" doraHai="30,70" who="1" fromWho="2" sc="273,0,394,26,139,-26,194,0" /><INIT seed="4,0,0,5,3,86" ten="273,420,113,194" oya="0" hai0="116,53,30,44,6,2,34,129,67,81,89,100,19" hai1="73,107,120,8,118,77,40,59,39,71,131,22,32" hai2="14,35,17,57,45,63,13,121,27,65,108,127,104" hai3="41,9,79,18,48,94,58,76,130,11,82,70,46"/><T37/><D116/><U123/><E71/><V54/><F104/><W102/><G70/><T133/><D129/><U114/><E32/><V52/><F121/><W124/><G130/><T101/><D133/><U15/><E131/><V117/><F117/><W109/><G109/><T96/><D67/><U43/><E118/><V21/><F108/><W91/><G102/><T36/><D19/><U3/><E107/><V33/><F35/><W64/><G124/><T126/><D126/><U23/><E59/><V42/><F127/><W49/><G18/><T24/><D53/><U60/><E60/><V66/><F66/><W113/><G113/><T38/><D44/><N who="1" m="23583" /><E43/><V26/><F27/><W61/><G49/><T55/><D55/><U75/><E114/><V10/><F33/><W4/><G82/><T50/><D50/><U72/><E123/><V135/><F135/><W90/><G90/><T119/><D119/><U7/><E120/><V74/><F74/><N who="1" m="28777" /><E15/><V112/><F112/><W103/><G103/><T134/><D134/><U5/><E5/><V78/><F78/><N who="3" m="29739" /><G4/><T20/><D34/><U97/><E77/><V99/><F99/><AGARI ba="0,0" hai="9,11,41,46,48,58,61,64,91,94,99" m="29739" machi="99" ten="30,2000,0" yaku="8,1,52,1" doraHai="86" who="3" fromWho="2" sc="273,0,420,0,113,-20,194,20" /><INIT seed="5,0,0,0,1,79" ten="273,420,93,214" oya="1" hai0="43,87,122,7,17,28,90,30,5,1,94,113,3" hai1="23,51,92,75,132,40,32,25,67,10,81,135,8" hai2="44,21,83,121,46,74,45,68,84,108,37,11,34" hai3="115,24,36,77,0,97,72,86,116,60,89,20,64"/><U39/><E39/><V100/><F108/><W130/><G36/><T47/><D113/><U65/><E32/><V119/><F121/><W15/><G0/><T61/><D122/><U103/><E103/><V91/><F34/><W134/><G72/><T104/><D104/><U105/><E105/><V2/><F119/><W118/><G115/><T102/><D102/><U52/><E40/><V117/><F117/><W76/><G130/><T82/><D3/><U31/><E92/><V54/><F68/><W111/><G111/><T38/><D17/><U35/><E35/><V99/><F74/><W106/><G15/><T55/><D1/><U18/><E67/><V110/><F110/><W69/><G134/><N who="1" m="51242" /><E65/><V13/><F21/><W29/><G116/><T126/><D126/><U73/><E31/><V80/><F2/><W124/><G124/><T93/><D93/><U109/><E109/><V125/><F125/><W59/><G118/><T48/><D38/><U57/><E73/><V26/><F26/><W63/><G106/><T128/><D128/><U22/><E22/><V107/><F37/><W4/><G20/><T78/><D30/><U58/><E57/><V6/><REACH who="2" step="1"/><F54/><REACH who="2" ten="273,420,83,214" step="2"/><N who="3" m="33911" /><G69/><T56/><D28/><U129/><E129/><V95/><AGARI ba="0,1" hai="6,11,13,44,45,46,80,83,84,91,95,99,100,107" machi="95" ten="30,7900,0" yaku="1,1,0,1,52,2,53,0" doraHai="79" doraHaiUra="12" who="2" fromWho="2" sc="273,-20,420,-39,83,89,214,-20" /><INIT seed="6,0,0,0,2,25" ten="253,381,172,194" oya="2" hai0="107,130,10,30,89,24,51,49,96,73,82,123,4" hai1="98,60,127,47,93,11,75,67,78,87,20,45,68" hai2="17,34,59,105,18,108,112,85,121,7,15,117,74" hai3="31,63,42,54,46,97,119,81,118,21,124,64,69"/><V48/><F74/><W135/><G135/><T106/><D123/><U58/><E75/><V23/><F121/><W71/><G124/><T3/><D130/><U79/><E68/><V0/><F105/><W111/><G111/><T62/><D62/><U26/><E11/><V131/><F131/><W133/><G133/><T110/><D110/><U27/><E27/><V14/><F108/><W122/><G122/><T80/><D80/><N who="1" m="47511" /><E79/><V134/><F134/><W43/><G71/><T9/><D9/><U91/><E127/><V29/><F117/><W66/><G66/><T61/><D73/><U8/><E8/><V100/><F100/><W125/><G97/><T32/><D82/><U50/><E50/><V36/><F36/><W76/><G125/><T116/><D116/><U103/><E91/><V38/><F38/><W5/><G5/><T95/><D51/><U19/><AGARI ba="0,0" hai="19,20,26,45,47,58,60,67,93,98,103" m="47511" machi="19" ten="30,1100,0" yaku="8,1" doraHai="25" who="1" fromWho="1" sc="253,-3,381,11,172,-5,194,-3" /><INIT seed="7,0,0,4,1,126" ten="250,392,167,191" oya="3" hai0="35,75,124,11,135,62,113,63,15,58,111,102,87" hai1="103,93,121,23,116,40,79,4,129,74,85,44,130" hai2="119,14,47,48,29,45,131,17,16,53,7,72,56" hai3="108,100,24,73,64,25,38,32,1,84,120,69,41"/><W26/><G73/><T61/><D111/><U109/><E109/><V21/><F72/><W67/><G120/><T49/><D75/><U22/><E116/><V115/><F119/><W97/><G1/><T71/><D35/><U52/><E121/><V9/><F115/><W98/><G108/><T33/><D33/><U91/><E52/><V10/><F131/><N who="1" m="50185" /><E103/><V82/><F82/><W54/><G54/><T27/><D27/><U114/><E4/><V127/><F127/><W95/><G32/><T55/><D102/><U37/><E114/><V117/><F117/><W12/><G100/><T92/><D55/><U13/><E13/><V81/><F81/><AGARI ba="0,0" hai="22,23,37,40,44,74,79,81,85,91,93" m="50185" machi="81" ten="30,7700,0" yaku="19,1,52,3" doraHai="126" who="1" fromWho="2" sc="250,0,392,77,167,-77,191,0" owari="250,5.0,469,57.0,90,-41.0,191,-21.0" /></mjloggm>