<mjloggm ver="2.3"><GO type="169" lobby="0"/><UN n0="%4B%61%74%5F%48" n1="%E3%83%80%E3%83%9C" n2="%E8%99%8E%E7%9A%AE%E7%8C%AB" n3="%E3%82%A6%E3%83%AB%E3%83%88%E3%83%A9%E7%AB%8B%E7%9B%B4" dan="16,16,17,17" rate="2143.09,2074.79,2203.66,2153.84" sx="M,M,F,M"/><TAIKYOKU oya="0"/><INIT seed="0,0,0,4,2,37" ten="250,250,250,250" oya="0" hai0="132,104,130,127,48,44,35,97,41,52,117,12,116" hai1="15,72,96,93,14,21,31,102,90,65,49,68,115" hai2="19,134,22,27,18,87,81,120,9,71,73,122,79" hai3="110,10,91,38,63,30,125,60,64,99,121,42,67"/><T8/><D35/><U107/><E72/><V76/><F71/><W45/><G30/><T118/><D127/><U54/><E115/><V70/><F70/><W92/><G125/><T135/><D130/><U33/><E33/><V7/><F134/><N who="0" m="51242" /><D97/><U25/><E65/><V26/><F73/><W133/><G133/><T23/><D104/><U5/><E68/><V101/><F101/><W16/><G121/><T51/><D23/><U82/><E5/><V47/><F76/><W112/><G112/><T43/><D48/><U123/><E123/><V34/><F47/><W113/><G113/><T13/><D13/><U109/><E109/><V106/><F106/><W4/><G110/><T6/><AGARI ba="0,0" hai="6,8,12,41,43,44,51,52,116,117,118" m="51242" machi="6" ten="40,12000,1" yaku="20,1,52,2,54,1" doraHai="37" who="0" fromWho="0" sc="250,120,250,-40,250,-40,250,-40" /><INIT seed="0,1,0,4,0,128" ten="370,210,210,210" oya="0" hai0="91,74,100,64,43,66,80,103,19,51,111,67,22" hai1="30,55,95,109,79,48,11,31,87,122,72,61,8" hai2="102,14,84,81,36,25,68,90,76,119,23,47,78" hai3="124,21,101,82,46,62,16,7,93,125,33,132,115"/><T77/><D111/><U24/><E72/><V10/><F68/><W56/><G33/><T105/><D105/><U98/><E109/><V9/><F119/><W69/><G69/><T126/><D126/><U32/><E122/><V73/><F102/><W41/><G115/><T15/><REACH who="0" step="1"/><D91/><REACH who="0" ten="360,210,210,210" step="2"/><U99/><E79/><V107/><F76/><W116/><G125/><T54/><D54/><U131/><E55/><V113/><F107/><W4/><G124/><T106/><D106/><U45/><E131/><V92/><F90/><W127/><G127/><T96/><D96/><U120/><E98/><V20/><F78/><W1/><G101/><T75/><D75/><U110/><E99/><V63/><F73/><W53/><G53/><T49/><D49/><U5/><E48/><V85/><F36/><W40/><G116/><T114/><D114/><U118/><E110/><V6/><F113/><W83/><G41/><T59/><D59/><U38/><E118/><V123/><F123/><W71/><G56/><T26/><D26/><U133/><E24/><V27/><F25/><W135/><G40/><T28/><D28/><U17/><E31/><V129/><F27/><W88/><G88/><T60/><D60/><U108/><E61/><V0/><F63/><W3/><G62/><T42/><D42/><U13/><E108/><V117/><F117/><W104/><G104/><T34/><D34/><U86/><E30/><V29/><F29/><W52/><G52/><T130/><D130/><U112/><E32/><V65/><F129/><W2/><G71/><T12/><D12/><U37/><E13/><RYUUKYOKU ba="1,1" sc="360,30,210,-10,210,-10,210,-10" hai0="15,19,22,43,51,64,66,67,74,77,80,100,103" /><INIT seed="0,2,1,5,5,107" ten="390,200,200,200" oya="0" hai0="82,118,65,48,2,1,59,69,99,122,47,109,29" hai1="70,100,117,30,39,101,112,63,27,12,13,129,10" hai2="128,90,85,131,51,7,21,87,83,125,77,16,28" hai3="0,32,43,20,24,60,94,6,97,58,81,108,114"/><T54/><D122/><U3/><E3/><V14/><F125/><W93/><G32/><T105/><D118/><U25/><E39/><V37/><F37/><W9/><G114/><T4/><D69/><U124/><E124/><V130/><F7/><W49/><G108/><T53/><D65/><U67/><E117/><V73/><F28/><W42/><G81/><T36/><D109/><U62/><E129/><V71/><F71/><W68/><G68/><T75/><D29/><U135/><E135/><V50/><REACH who="2" step="1"/><F85/><REACH who="2" ten="390,200,190,200" step="2"/><W35/><G6/><T17/><D4/><U116/><E116/><V89/><F89/><W103/><G0/><T57/><D36/><U76/><E112/><V102/><F102/><W26/><G103/><T91/><D91/><U79/><E30/><V95/><AGARI ba="2,2" hai="14,16,21,50,51,73,77,83,87,90,95,128,130,131" machi="95" ten="30,16000,3" yaku="1,1,0,1,19,1,52,1,54,1,53,3" doraHai="107" doraHaiUra="127" who="2" fromWho="2" sc="390,-82,200,-42,190,186,200,-42" /><INIT seed="1,0,0,0,5,101" ten="308,158,376,158" oya="1" hai0="105,93,120,63,102,5,52,19,97,124,59,127,85" hai1="0,53,84,40,17,121,61,99,48,39,33,10,58" hai2="54,90,112,132,89,88,78,71,35,128,3,129,27" hai3="75,41,104,67,11,123,73,77,98,37,62,100,79"/><U36/><E121/><V8/><F132/><W45/><G123/><T86/><D120/><U7/><E33/><V108/><F108/><W111/><G111/><T6/><D19/><U83/><E17/><V69/><F112/><W74/><REACH who="3" step="1"/><G11/><REACH who="3" ten="308,158,376,148" step="2"/><T76/><D127/><U30/><E39/><V32/><F8/><W64/><G64/><T116/><D124/><U94/><E36/><V131/><F131/><W92/><G92/><T15/><D93/><U28/><E40/><V23/><F129/><W42/><G42/><T29/><D116/><U107/><E107/><V21/><F128/><W126/><G126/><T60/><D105/><U25/><E94/><V95/><F95/><W68/><AGARI ba="0,1" hai="37,41,45,62,67,68,73,74,75,77,79,98,100,104" machi="68" ten="30,4000,0" yaku="1,1,0,1,52,1,53,0" doraHai="101" doraHaiUra="47" who="3" fromWho="3" sc="308,-10,158,-20,376,-10,148,50" /><INIT seed="2,0,0,3,0,99" ten="298,138,366,198" oya="2" hai0="110,53,12,78,102,69,90,28,29,16,61,84,86" hai1="123,6,1,92,80,25,23,67,4,97,85,89,52" hai2="96,34,41,36,68,119,9,125,64,65,47,103,81" hai3="117,43,5,49,60,42,116,30,76,105,62,10,51"/><V73/><F119/><W75/><G105/><T35/><D110/><U3/><E123/><V71/><F125/><W45/><G30/><T7/><D7/><U48/><E67/><V46/><F64/><W31/><G31/><T131/><D131/><U19/><E3/><V101/><F34/><W70/><G76/><T121/><D121/><U124/><E1/><V98/><F9/><W37/><G75/><T8/><D69/><U21/><E23/><V95/><F65/><W111/><G5/><T54/><D35/><U107/><E107/><V57/><F57/><W127/><G10/><T106/><D78/><U126/><E126/><V132/><F132/><W63/><G127/><T2/><D2/><U122/><E122/><V112/><F112/><W114/><G70/><T32/><D84/><U118/><E118/><V58/><F58/><W109/><G114/><T15/><D15/><U129/><E129/><V134/><F134/><W38/><G62/><T120/><D120/><U66/><E66/><V20/><F20/><W24/><G24/><T133/><D133/><U91/><REACH who="1" step="1"/><E124/><REACH who="1" ten="298,128,366,198" step="2"/><V26/><F71/><W40/><G40/><T56/><D32/><U104/><E104/><V93/><F68/><W17/><G117/><T130/><D130/><U39/><E39/><V50/><F26/><W77/><G116/><T113/><D113/><U59/><AGARI ba="0,1" hai="4,6,19,21,25,48,52,59,80,85,89,91,92,97" machi="59" ten="20,8000,1" yaku="1,1,0,1,7,1,8,1,54,1,53,0" doraHai="99" doraHaiUra="33" who="1" fromWho="1" sc="298,-20,128,90,366,-40,198,-20" /><INIT seed="3,0,0,1,4,35" ten="278,218,326,178" oya="3" hai0="12,114,4,90,44,29,98,74,77,118,83,39,31" hai1="104,50,131,120,109,49,125,43,79,133,42,80,81" hai2="122,26,113,116,88,106,65,11,36,69,95,102,7" hai3="75,92,93,112,78,61,128,58,127,57,13,60,126"/><W10/><G112/><T87/><D118/><U28/><E104/><V117/><F113/><W41/><G41/><T96/><D114/><U71/><E71/><V46/><F122/><W68/><G75/><T85/><D74/><U123/><E109/><V54/><F26/><W16/><G78/><T100/><D39/><U52/><E28/><N who="0" m="10825" /><D100/><U22/><E22/><V19/><F19/><W89/><G128/><T0/><D0/><U1/><E1/><V15/><F102/><W63/><G68/><T53/><D44/><U99/><E99/><N who="0" m="37929" /><D53/><U86/><E131/><V94/><F106/><W73/><G73/><T23/><D23/><U135/><E125/><V121/><F121/><W132/><G132/><T32/><D32/><U124/><E124/><N who="3" m="47658" /><G89/><T34/><D34/><U45/><E81/><V110/><F116/><W18/><G18/><T17/><D4/><U25/><E123/><V21/><F117/><W9/><G9/><N who="0" m="6287" /><D87/><U33/><E120/><V70/><F70/><W2/><G2/><T67/><D67/><U48/><E42/><V62/><F69/><W38/><G38/><T37/><D37/><U47/><E49/><V82/><F36/><W115/><G115/><T24/><D24/><U108/><E108/><V6/><F110/><W55/><G58/><T59/><D59/><U66/><E66/><V51/><F65/><W111/><G111/><T27/><D27/><U8/><E25/><V130/><F130/><W101/><G101/><T107/><D77/><U105/><E79/><V76/><F76/><W3/><G3/><T119/><D119/><U40/><E135/><RYUUKYOKU ba="0,0" sc="278,15,218,-15,326,-15,178,15" hai0="83,85,90,107" hai3="10,13,16,55,57,60,61,63,92,93" /><INIT seed="3,1,0,1,4,24" ten="293,203,311,193" oya="3" hai0="50,102,37,33,90,94,115,67,105,44,43,61,78" hai1="36,6,111,128,27,23,63,40,65,10,17,14,129" hai2="62,84,83,126,34,53,49,122,103,86,31,12,18" hai3="104,1,11,123,93,75,39,35,0,107,119,106,56"/><W76/><G93/><T42/><D115/><U89/><E111/><V82/><F126/><W26/><G56/><T71/><D78/><U132/><E40/><V5/><F5/><W121/><G11/><T4/><D33/><U73/><E73/><V96/><F122/><N who="3" m="46603" /><G39/><T118/><D118/><U57/><E36/><V117/><F117/><W47/><G47/><T101/><D4/><U116/><E116/><V22/><F62/><W66/><G66/><T95/><D105/><U60/><E132/><V127/><F127/><W108/><G119/><T32/><D32/><U131/><E63/><V29/><F34/><W3/><G108/><T100/><D43/><U48/><E89/><N who="2" m="51351" /><F96/><W72/><G76/><T113/><D113/><U98/><E98/><V91/><F103/><W41/><G41/><T45/><D45/><AGARI ba="1,0" hai="12,18,22,29,31,45,49,53,83,86,91" m="51351" machi="45" ten="30,3900,0" yaku="8,1,52,2" doraHai="24" who="2" fromWho="0" sc="293,-42,203,0,311,42,193,0" /><INIT seed="4,0,0,2,2,65" ten="251,203,353,193" oya="0" hai0="91,108,33,9,3,68,66,105,5,135,116,25,126" hai1="6,81,95,22,47,106,71,16,10,60,57,89,84" hai2="40,7,79,122,78,75,110,13,8,127,117,88,129" hai3="133,0,43,120,72,111,35,87,21,76,29,58,50"/><T131/><RYUUKYOKU type="yao9" ba="0,0" sc="251,0,203,0,353,0,193,0" hai0="3,5,9,25,33,66,68,91,105,108,116,126,131,135" /><INIT seed="4,1,0,0,3,15" ten="251,203,353,193" oya="0" hai0="13,82,28,9,55,6,96,54,118,7,21,5,74" hai1="68,130,49,80,19,114,123,102,121,50,101,23,109" hai2="129,45,84,131,47,38,97,31,70,27,69,81,40" hai3="2,26,116,79,108,127,16,119,133,35,10,122,12"/><T4/><D118/><N who="3" m="45097" /><G79/><T57/><D74/><U61/><E109/><V60/><F97/><W106/><G106/><T89/><D57/><U94/><E130/><N who="2" m="49675" /><F47/><W59/><G59/><T22/><D82/><U14/><E114/><V71/><F60/><W75/><G75/><T67/><D67/><U63/><E80/><V92/><F92/><W132/><G108/><T66/><D66/><U98/><E102/><V18/><F18/><W33/><G122/><T64/><D64/><U30/><E121/><V78/><F71/><W17/><G2/><T93/><REACH who="0" step="1"/><D28/><REACH who="0" ten="241,203,353,193" step="2"/><U134/><E123/><V1/><F69/><W37/><G127/><T125/><D125/><U43/><E68/><V51/><F70/><W76/><G76/><T104/><D104/><U56/><E30/><V120/><F120/><W126/><G126/><T83/><D83/><U86/><E56/><V110/><F110/><W105/><G105/><T53/><AGARI ba="1,1" hai="4,5,6,7,9,13,21,22,53,54,55,89,93,96" machi="53" ten="30,11700,0" yaku="1,1,0,1,8,1,53,1" doraHai="15" doraHaiUra="90" who="0" fromWho="0" sc="241,130,203,-40,353,-40,193,-40" /><INIT seed="4,2,0,0,0,132" ten="371,163,313,153" oya="0" hai0="120,2,16,54,103,36,75,7,13,3,40,112,101" hai1="82,59,129,58,95,86,113,98,28,122,97,25,114" hai2="29,33,35,66,26,46,20,134,32,100,62,60,56" hai3="84,73,117,48,94,106,53,105,57,90,130,24,109"/><T85/><D75/><U37/><E37/><V78/><F134/><W118/><G109/><T87/><D120/><U19/><E19/><V126/><F126/><W22/><G73/><T96/><D112/><N who="1" m="43115" /><E122/><V12/><F78/><W79/><G130/><T17/><D103/><N who="1" m="60863" /><E98/><V38/><F100/><W27/><G79/><T47/><D54/><U76/><E129/><V102/><F102/><W41/><G41/><T124/><D124/><U45/><E45/><V4/><F46/><W119/><REACH who="3" step="1"/><G27/><REACH who="3" ten="371,163,313,143" step="2"/><T67/><D40/><U1/><E1/><V127/><F26/><W125/><G125/><T111/><D2/><U68/><E68/><V15/><F127/><W81/><G81/><T14/><D3/><U61/><E61/><V51/><F60/><W31/><AGARI ba="2,1" hai="22,24,31,48,53,57,84,90,94,105,106,117,118,119" machi="31" ten="30,2000,0" yaku="1,1,0,1,53,0" doraHai="132" doraHaiUra="121" who="3" fromWho="3" sc="371,-12,163,-7,313,-7,143,36" /><INIT seed="5,0,0,2,5,66" ten="359,156,306,179" oya="1" hai0="81,58,88,130,63,129,84,86,119,73,112,29,54" hai1="17,5,123,65,51,35,13,115,107,90,71,118,23" hai2="1,27,3,8,61,4,47,87,128,7,117,122,95" hai3="53,134,124,12,126,33,132,19,50,14,80,82,32"/><U97/><E35/><V46/><F122/><W62/><G62/><T39/><D119/><U9/><E123/><V30/><F117/><W10/><G50/><T45/><D112/><U31/><E31/><V38/><F128/><N who="0" m="49258" /><D29/><U56/><E118/><V98/><F87/><W60/><G60/><T24/><D24/><U92/><E107/><V11/><F61/><W77/><G53/><T6/><D6/><U127/><E127/><N who="3" m="48682" /><G77/><N who="0" m="44207" /><D88/><U135/><E135/><N who="3" m="51754" /><G82/><T70/><D70/><U0/><E115/><V78/><F38/><W57/><G80/><T64/><D39/><U104/><E104/><V114/><F78/><W68/><G57/><N who="0" m="36975" /><D45/><U52/><REACH who="1" step="1"/><E65/><REACH who="1" ten="359,146,306,179" step="2"/><V89/><F114/><W91/><G33/><AGARI ba="0,1" hai="1,3,4,7,8,11,27,30,33,46,47,89,95,98" machi="33" ten="30,2000,0" yaku="7,1,9,1" doraHai="66" who="2" fromWho="3" sc="359,0,146,0,306,30,179,-20" /><INIT seed="6,0,0,3,1,14" ten="359,146,336,159" oya="2" hai0="131,8,66,104,35,0,112,42,114,13,54,76,93" hai1="79,49,85,29,124,101,92,26,18,123,59,61,84" hai2="83,117,80,110,67,23,98,11,72,108,1,62,129" hai3="6,48,133,20,10,30,96,4,88,51,103,71,32"/><V91/><F117/><W52/><G32/><T100/><D104/><U39/><E39/><V74/><F129/><W57/><G71/><T68/><D0/><U9/><E123/><V28/><F11/><W37/><G37/><T118/><D35/><U86/><E124/><V75/><F1/><W40/><G133/><T119/><D131/><U31/><E49/><V116/><F116/><N who="0" m="44586" /><D42/><U106/><E106/><V69/><F98/><W125/><G103/><T105/><D105/><U94/><E79/><V64/><F64/><W77/><G77/><T95/><D76/><U63/><E61/><V115/><F115/><N who="0" m="44074" /><D100/><U56/><E59/><V87/><F80/><W89/><G125/><T127/><D127/><U43/><E43/><V55/><F55/><W50/><G40/><T78/><D78/><U113/><E113/><V16/><REACH who="2" step="1"/><F28/><REACH who="2" ten="359,146,326,159" step="2"/><W47/><G30/><T122/><D54/><U25/><E31/><V73/><N who="2" m="18432" /><DORA hai="111" /><V17/><F17/><W46/><G52/><T36/><D66/><U60/><E29/><V41/><F41/><W97/><G97/><T15/><D8/><U90/><E9/><V107/><F107/><W82/><G10/><T45/><D36/><U7/><E18/><V38/><F38/><W135/><G4/><T21/><D122/><U27/><E7/><V12/><AGARI ba="0,1" hai="12,16,23,62,67,69,83,87,91,108,110" m="18432" machi="12" ten="60,12000,1" yaku="1,1,0,1,52,1,54,1,53,0" doraHai="14,111" doraHaiUra="22,53" who="2" fromWho="2" sc="359,-40,146,-40,326,130,159,-40" /><INIT seed="6,1,0,2,5,110" ten="319,106,456,119" oya="2" hai0="119,70,39,135,50,59,126,27,85,105,103,0,121" hai1="133,124,66,55,42,100,47,18,41,72,74,37,131" hai2="68,65,17,89,44,21,7,48,58,51,40,63,9" hai3="98,20,99,67,61,106,23,80,87,132,1,91,94"/><V8/><F89/><W123/><G1/><T32/><RYUUKYOKU type="yao9" ba="1,0" sc="319,0,106,0,456,0,119,0" hai0="0,27,32,39,50,59,70,85,103,105,119,121,126,135" /><INIT seed="6,2,0,2,5,82" ten="319,106,456,119" oya="2" hai0="107,119,34,60,134,102,77,32,51,125,58,103,33" hai1="53,11,66,42,55,94,123,70,78,1,112,45,54" hai2="71,86,17,48,15,26,74,36,65,63,114,10,84" hai3="9,35,96,61,73,21,47,29,109,90,131,133,5"/><V52/><F74/><W117/><G35/><T75/><D125/><U19/><E112/><V135/><F36/><W91/><G73/><T130/><D134/><U16/><E123/><V49/><F114/><W13/><G109/><T95/><D107/><U79/><E94/><V62/><F135/><W106/><G117/><T124/><D124/><U128/><E128/><V132/><F132/><W31/><G133/><T8/><D130/><U14/><E1/><V99/><F99/><W18/><G131/><T81/><D119/><U23/><E66/><V64/><F26/><W93/><G106/><T22/><D51/><N who="1" m="27063" /><E70/><V122/><F48/><W43/><G61/><T25/><D8/><U28/><E28/><V97/><F97/><W20/><G20/><T115/><D115/><U89/><E89/><V116/><F122/><W24/><REACH who="3" step="1"/><G90/><REACH who="3" ten="319,106,456,109" step="2"/><T37/><D22/><U0/><E0/><V127/><F127/><W85/><G85/><T27/><D60/><U59/><E59/><V121/><F121/><W69/><G69/><T68/><D58/><U12/><AGARI ba="2,1" hai="11,12,14,16,19,23,53,54,55,78,79" m="27063" machi="12" ten="30,2000,0" yaku="8,1,54,1" doraHai="82" who="1" fromWho="1" sc="319,-7,106,36,456,-12,109,-7" /><INIT seed="7,0,0,1,1,133" ten="312,142,444,102" oya="3" hai0="51,125,99,15,111,66,77,84,11,32,25,54,106" hai1="29,21,104,24,26,96,6,79,57,131,85,33,28" hai2="122,37,36,18,126,116,39,115,56,12,78,74,83" hai3="14,2,123,100,103,34,117,40,135,124,95,73,52"/><W105/><G2/><T43/><D111/><U81/><E131/><V127/><F116/><W107/><G34/><T121/><D121/><U118/><E118/><V86/><F122/><W80/><G117/><T108/><D108/><U130/><E130/><V7/><F115/><W35/><G35/><T63/><D43/><U129/><E129/><V49/><F7/><W47/><G123/><T132/><D132/><U31/><E6/><V67/><F74/><W71/><G71/><N who="0" m="42463" /><D125/><N who="2" m="47626" /><F67/><W50/><G135/><T20/><D20/><U17/><E57/><V70/><F70/><W113/><G113/><T44/><D84/><U3/><E3/><V69/><F69/><W9/><G124/><T22/><D22/><U55/><E55/><N who="2" m="31855" /><F36/><W64/><G64/><T41/><D77/><U72/><E72/><V93/><F93/><W82/><G40/><T30/><D15/><U89/><E104/><V87/><F87/><W27/><G27/><T46/><D11/><AGARI ba="0,0" hai="11,12,18,37,39,78,83,86" m="31855,47626" machi="11" ten="30,7700,0" yaku="18,1,52,3" doraHai="133" who="2" fromWho="0" sc="312,-77,142,0,444,77,102,0" owari="235,4.0,142,-26.0,521,62.0,102,-40.0" /></mjloggm>