<mjloggm ver="2.3"><GO type="169" lobby="0"/><UN n0="%68%65%74" n1="%E3%82%A6%E3%83%AB%E3%83%88%E3%83%A9%E7%AB%8B%E7%9B%B4" n2="%E3%83%AA%E3%83%BC%E3%83%81%EF%BC%91" n3="%E3%81%92%E3%82%8A%E3%81%92%E3%82%8A%E2%98%86%E3%82%B2%E3%83%AA%E3%83%BC" dan="16,18,17,16" rate="2113.75,2224.79,2161.67,2107.26" sx="M,M,M,M"/><TAIKYOKU oya="0"/><INIT seed="0,0,0,4,5,105" ten="250,250,250,250" oya="0" hai0="103,63,107,24,119,18,72,135,87,65,115,2,61" hai1="116,67,111,99,27,101,7,88,16,71,74,31,81" hai2="34,23,117,96,76,40,127,25,30,97,126,26,109" hai3="94,77,125,108,85,41,11,14,54,47,132,44,95"/><T70/><D119/><U29/><E116/><V124/><F117/><W114/><G114/><T55/><D115/><U80/><E111/><V35/><F109/><W92/><G108/><T49/><D2/><U110/><E110/><V106/><F40/><W37/><G125/><T32/><D63/><U134/><E134/><V0/><F76/><W9/><G132/><T21/><D135/><U57/><E71/><V42/><F42/><W130/><G130/><T5/><D5/><U46/><E46/><V133/><F133/><W122/><G122/><T59/><D87/><U62/><E7/><V66/><F66/><W121/><G121/><T38/><D32/><U58/><E58/><V13/><F0/><W4/><G77/><T73/><REACH who="0" step="1"/><D38/><REACH who="0" ten="240,250,250,250" step="2"/><U82/><E62/><V50/><F50/><W48/><G85/><T129/><D129/><U12/><E82/><V75/><F75/><W102/><REACH who="3" step="1"/><G11/><REACH who="3" ten="240,250,250,240" step="2"/><T112/><D112/><U68/><E74/><V86/><F86/><W39/><G39/><T64/><D64/><U89/><E67/><V52/><F127/><W84/><G84/><T79/><D79/><U93/><E81/><V8/><F8/><W10/><G10/><T128/><D128/><U56/><E80/><V120/><F126/><W91/><G91/><T104/><D104/><U6/><E88/><V113/><F106/><W90/><G90/><T69/><D69/><U83/><E68/><V22/><F113/><W43/><G43/><T123/><D123/><U53/><E89/><V20/><F124/><W45/><G45/><T60/><D60/><N who="1" m="35855" /><E83/><V17/><F120/><RYUUKYOKU ba="0,2" sc="240,15,250,-15,250,-15,240,15" hai0="18,21,24,49,55,59,61,65,70,72,73,103,107" hai3="4,9,14,37,41,44,47,48,54,92,94,95,102" /><INIT seed="0,1,2,1,1,39" ten="255,235,235,255" oya="0" hai0="63,47,32,118,108,48,2,91,49,14,73,67,95" hai1="99,53,74,98,15,129,28,57,1,90,128,126,26" hai2="17,97,82,69,6,59,85,133,55,3,46,80,22" hai3="19,34,110,64,11,61,30,62,106,42,104,123,112"/><T100/><D118/><U10/><E74/><V105/><F69/><W121/><G112/><T116/><D116/><U27/><E1/><V86/><F133/><W50/><G110/><T72/><D2/><U4/><E126/><V0/><F105/><W124/><G124/><T18/><D32/><U135/><E135/><V68/><F68/><W87/><G87/><T132/><D100/><U88/><E98/><V83/><F97/><W54/><G30/><T9/><D132/><U111/><E111/><V25/><F6/><W120/><G34/><T56/><D108/><U8/><E8/><V66/><F3/><W96/><G96/><T43/><REACH who="0" step="1"/><D49/><REACH who="0" ten="245,235,235,255" step="2"/><U5/><E129/><V78/><F0/><W122/><G122/><T20/><D20/><U113/><E128/><V125/><F125/><W117/><G117/><T38/><D38/><U33/><E113/><V119/><F119/><W101/><G101/><T93/><D93/><U70/><E33/><V103/><F103/><W102/><G102/><T134/><D134/><U23/><E23/><V24/><F24/><W58/><G104/><T77/><D77/><U52/><E27/><V107/><F107/><W40/><G106/><T75/><D75/><U36/><E26/><V41/><F78/><W31/><G31/><T51/><D51/><U109/><E36/><V16/><F22/><W7/><G62/><T130/><D130/><U29/><E28/><V84/><F25/><W94/><G94/><T79/><D79/><U37/><E29/><V13/><F13/><W60/><G60/><T89/><D89/><U35/><E88/><RYUUKYOKU ba="1,3" sc="245,30,235,-10,235,-10,255,-10" hai0="9,14,18,43,47,48,56,63,67,72,73,91,95" /><INIT seed="0,2,3,0,3,73" ten="275,225,225,245" oya="0" hai0="25,28,22,37,51,109,2,67,4,24,47,122,113" hai1="111,46,84,135,0,107,108,63,35,66,125,95,124" hai2="82,33,114,83,30,127,130,132,116,101,87,75,60" hai3="55,123,17,103,69,97,15,32,106,39,128,8,78"/><T68/><D122/><U3/><E107/><V120/><F101/><W79/><G123/><T48/><D113/><U58/><E35/><V54/><F30/><W99/><G39/><T71/><D37/><U42/><E135/><V36/><F60/><W40/><G40/><T57/><D109/><N who="1" m="42059" /><E84/><V131/><F54/><W23/><G32/><T81/><D2/><N who="1" m="555" /><E95/><V118/><F36/><AGARI ba="2,3" hai="36,42,46,58,63,66,124,125" m="555,42059" machi="36" ten="30,1000,0" yaku="14,1" doraHai="73" who="1" fromWho="2" sc="275,0,225,46,225,-16,245,0" /><INIT seed="1,0,0,1,3,47" ten="275,271,209,245" oya="1" hai0="135,38,53,109,75,123,85,131,81,78,48,30,97" hai1="18,90,67,61,54,124,0,87,31,125,39,117,121" hai2="71,79,92,134,11,60,114,66,94,17,40,20,41" hai3="69,37,36,63,83,133,96,104,129,2,32,49,34"/><U108/><E121/><V115/><F134/><W62/><G133/><T102/><D135/><U15/><E0/><V130/><F79/><W70/><G2/><T23/><D109/><U45/><E31/><V43/><F11/><W28/><G129/><T58/><D131/><U76/><E76/><V3/><F3/><W4/><G4/><T56/><D38/><U13/><E117/><V127/><F130/><W64/><G83/><T44/><D123/><U7/><E7/><V111/><F127/><W105/><G49/><T77/><D77/><U106/><E106/><N who="3" m="41066" /><G96/><T93/><REACH who="0" step="1"/><D75/><REACH who="0" ten="265,271,209,245" step="2"/><U35/><E39/><V22/><F111/><W126/><G126/><T112/><D112/><N who="2" m="43050" /><F22/><W19/><G34/><T10/><D10/><U33/><E35/><V59/><F71/><W5/><G69/><T119/><D119/><U116/><E33/><V46/><F46/><W88/><G70/><T51/><D51/><N who="1" m="29039" /><E116/><V12/><AGARI ba="0,1" hai="12,17,20,40,41,43,59,60,66,92,94" m="43050" machi="12" ten="30,1100,0" yaku="11,1" doraHai="47" who="2" fromWho="2" sc="265,-3,271,-5,209,21,245,-3" /><INIT seed="2,0,0,3,1,70" ten="262,266,230,242" oya="2" hai0="95,47,61,91,43,86,18,16,85,117,110,42,9" hai1="5,107,6,129,52,1,37,23,50,57,82,118,126" hai2="114,66,83,58,59,108,34,41,45,22,30,25,20" hai3="88,46,130,101,12,31,51,39,80,97,112,127,128"/><V81/><F114/><W76/><G127/><T98/><D110/><U2/><E118/><V26/><F108/><W77/><G112/><T64/><D117/><U60/><E107/><V116/><F116/><W103/><G31/><T125/><D125/><U89/><E126/><V94/><F34/><W21/><G39/><T65/><D42/><U49/><E37/><V29/><F94/><W38/><G38/><T78/><D65/><U133/><E129/><N who="3" m="49770" /><G21/><T48/><D9/><U53/><E133/><V73/><F73/><N who="3" m="43023" /><G77/><T113/><D113/><U109/><E109/><V99/><F99/><W135/><G12/><T92/><D78/><U7/><E23/><V134/><F134/><W79/><G79/><T8/><D8/><U72/><E72/><V13/><F13/><W56/><G56/><N who="0" m="36903" /><D85/><U68/><E68/><V62/><F59/><W132/><G132/><T17/><D95/><U63/><E1/><V14/><F14/><W28/><G135/><T71/><D71/><U33/><E33/><V27/><F27/><W131/><G28/><T87/><AGARI ba="0,0" hai="16,17,18,43,47,48,86,87,91,92,98" m="36903" machi="87" ten="30,2000,0" yaku="8,1,54,1" doraHai="70" who="0" fromWho="0" sc="262,20,266,-5,230,-10,242,-5" /><INIT seed="3,0,0,0,5,92" ten="282,261,220,237" oya="3" hai0="78,18,46,94,75,16,29,107,62,112,61,90,65" hai1="130,14,21,48,8,15,66,111,96,12,86,122,23" hai2="134,19,33,44,99,34,22,17,68,84,7,88,127" hai3="42,55,30,63,70,128,113,53,110,57,77,35,131"/><W54/><G113/><T72/><D112/><U2/><E122/><V106/><F68/><W89/><G77/><T11/><D107/><U38/><E38/><V32/><F7/><W52/><G89/><T50/><D29/><U109/><E66/><V71/><F71/><W6/><G6/><T119/><D119/><U133/><E86/><V117/><F117/><W59/><G30/><T60/><D65/><U121/><E48/><V83/><F127/><W120/><G35/><T4/><D78/><U91/><E121/><V76/><F134/><W56/><G120/><T93/><D93/><N who="1" m="56383" /><E130/><N who="3" m="49706" /><G110/><N who="1" m="41994" /><E133/><V74/><F44/><W45/><G70/><T58/><D75/><U118/><E118/><V95/><F22/><N who="1" m="8201" /><E2/><V24/><F24/><W123/><G123/><T79/><D72/><U27/><E27/><V25/><F25/><W67/><N who="3" m="13312" /><DORA hai="5" /><W10/><G10/><AGARI ba="0,0" hai="8,10,12,14,15" m="8201,41994,56383" machi="10" ten="40,8000,1" yaku="14,1,52,3" doraHai="92,5" who="1" fromWho="3" sc="282,0,261,80,220,0,237,-80" /><INIT seed="4,0,0,2,0,64" ten="282,341,220,157" oya="0" hai0="94,60,92,115,8,37,61,71,110,90,62,15,29" hai1="91,55,121,46,123,86,21,125,112,77,18,128,7" hai2="102,131,38,28,113,74,67,63,54,66,19,116,35" hai3="20,56,98,9,93,11,130,1,16,79,88,2,47"/><T45/><D115/><U14/><E128/><V122/><F113/><W117/><G117/><T50/><D37/><U99/><E112/><V96/><F131/><W97/><G130/><T84/><D110/><U58/><E125/><V104/><F74/><W133/><G133/><T27/><D71/><U95/><E7/><V85/><F122/><W12/><G79/><T72/><D72/><U76/><E121/><V101/><F38/><W82/><G82/><T81/><D27/><U83/><E46/><V106/><F116/><W36/><G56/><T107/><D107/><U119/><E119/><V87/><F54/><W0/><REACH who="3" step="1"/><G98/><REACH who="3" ten="282,341,220,147" step="2"/><T111/><D111/><U114/><E114/><V13/><F96/><W134/><G134/><T70/><D70/><U22/><E123/><V10/><F87/><W109/><G109/><T53/><REACH who="0" step="1"/><D29/><REACH who="0" ten="272,341,220,147" step="2"/><U80/><E77/><V52/><F28/><W135/><G135/><T48/><D48/><U23/><E80/><V129/><F129/><W3/><N who="3" m="0" /><DORA hai="127" /><W68/><G68/><T75/><D75/><U17/><E83/><V73/><F73/><W5/><G5/><AGARI ba="0,2" hai="5,8,15,45,50,53,60,61,62,81,84,90,92,94" machi="5" ten="40,18000,2" yaku="1,1,8,1,53,4" doraHai="64,127" doraHaiUra="44,57" who="0" fromWho="3" sc="272,200,341,0,220,0,147,-180" owari="472,57.0,341,14.0,220,-18.0,-33,-53.0" /></mjloggm>