<mjloggm ver="2.3"><GO type="169" lobby="0"/><UN n0="%67%6F%75%73%69" n1="%E6%9D%BE%E5%B3%B6" n2="%E3%81%86%E3%81%91%E3%81%AA%E3%81%8C%E3%81%99%E3%81%9C" n3="%E5%B0%B1%E6%B4%BB%E7%94%9F%40%E5%B7%9D%E6%9D%91%E8%BB%8D%E5%9B%A3" dan="17,16,17,18" rate="2171.18,2059.10,2177.44,2311.72" sx="M,M,F,M"/><TAIKYOKU oya="0"/><INIT seed="0,0,0,5,5,16" ten="250,250,250,250" oya="0" hai0="53,121,71,73,70,113,78,39,99,77,15,89,52" hai1="22,54,61,119,122,110,50,14,69,56,128,85,75" hai2="80,72,33,2,27,10,40,94,25,115,125,9,83" hai3="97,102,28,4,42,8,68,66,95,7,108,24,44"/><T63/><D121/><U90/><E122/><V58/><F115/><W126/><G126/><T17/><D39/><U0/><E128/><V88/><F125/><W92/><G108/><T60/><D113/><U13/><E119/><V117/><F117/><W134/><G134/><T135/><D135/><U106/><E0/><V19/><F40/><W57/><G68/><T36/><D36/><U93/><E75/><V131/><F131/><W100/><G92/><N who="0" m="56719" /><D73/><U41/><E110/><V101/><F101/><W18/><G102/><T74/><D71/><U12/><E106/><V38/><F38/><W130/><G42/><T123/><D74/><U45/><REACH who="1" step="1"/><E69/><REACH who="1" ten="250,240,250,250" step="2"/><V91/><F2/><W34/><G130/><T109/><D70/><U86/><E86/><V47/><F72/><W30/><G97/><T124/><D123/><U55/><E55/><N who="0" m="21065" /><D124/><U26/><E26/><V133/><F27/><W76/><G24/><T64/><D109/><U81/><E81/><V1/><F1/><W59/><G95/><T132/><D132/><U3/><E3/><V127/><F127/><W87/><G87/><T6/><D64/><U37/><E37/><V31/><F133/><W43/><G66/><T104/><D104/><U111/><E111/><V51/><F83/><W103/><G43/><T118/><D118/><U65/><E65/><V129/><F80/><W96/><G96/><T49/><D49/><U98/><E98/><V5/><F129/><W114/><G103/><T48/><D48/><U35/><E35/><V82/><F82/><W84/><G100/><T120/><D120/><U21/><AGARI ba="0,1" hai="12,13,14,21,22,41,45,50,54,56,61,85,90,93" machi="21" ten="30,16000,3" yaku="1,1,5,1,0,1,8,1,52,2,53,3" doraHai="16" doraHaiUra="11" who="1" fromWho="1" sc="250,-80,240,170,250,-40,250,-40" /><INIT seed="1,0,0,1,1,75" ten="170,410,210,210" oya="1" hai0="93,56,117,120,22,73,6,129,29,133,52,90,65" hai1="78,54,12,62,13,128,71,122,91,108,40,59,105" hai2="42,114,109,2,99,41,45,51,57,67,27,116,50" hai3="34,5,21,18,97,95,26,113,80,1,69,125,110"/><U96/><E122/><V103/><F2/><W100/><G69/><T119/><D120/><U23/><E128/><V17/><F116/><W107/><G113/><T24/><D129/><U77/><E108/><V92/><F109/><W10/><G110/><T60/><D133/><U55/><E105/><V9/><F114/><W47/><G125/><T94/><D73/><U15/><E71/><V106/><F106/><W126/><G126/><T25/><D6/><U64/><E40/><N who="2" m="24871" /><F51/><W31/><G47/><T130/><D130/><U4/><E4/><V19/><F19/><W81/><REACH who="3" step="1"/><G107/><REACH who="3" ten="170,410,210,200" step="2"/><T74/><D117/><U111/><E111/><V20/><F9/><W16/><G16/><T36/><D119/><U68/><E68/><V123/><F123/><W66/><G66/><T86/><D65/><U7/><E7/><V61/><AGARI ba="0,1" hai="17,20,27,41,42,57,61,67,92,99,103" m="24871" machi="61" ten="30,1100,0" yaku="8,1" doraHai="75" who="2" fromWho="2" sc="170,-3,410,-5,210,21,200,-3" /><INIT seed="2,0,0,5,0,16" ten="167,405,231,197" oya="2" hai0="91,47,62,41,79,102,115,6,96,35,97,129,53" hai1="124,108,11,25,84,14,54,30,131,112,42,49,132" hai2="133,95,77,3,118,73,94,43,82,46,34,126,2" hai3="36,63,107,99,45,24,23,111,85,15,135,127,44"/><V48/><F118/><W130/><G111/><T58/><D129/><U28/><E108/><V51/><F133/><W103/><G130/><T76/><D35/><U105/><E132/><V13/><F34/><W20/><G135/><T57/><D6/><N who="1" m="3447" /><E105/><V69/><F69/><W9/><G127/><T7/><D7/><U22/><E112/><V39/><F126/><W0/><G0/><T119/><D119/><U113/><E42/><V106/><F106/><W27/><G63/><T65/><D91/><U72/><E72/><V33/><F33/><W68/><G85/><T56/><D115/><U90/><E131/><V122/><F122/><W18/><G68/><T67/><D97/><U92/><E113/><V104/><F104/><W4/><REACH who="3" step="1"/><G36/><REACH who="3" ten="167,405,231,187" step="2"/><T101/><D62/><U83/><E124/><V8/><F3/><W78/><G78/><T70/><D79/><U17/><E83/><V87/><F2/><W50/><G50/><T75/><D70/><U71/><E71/><V5/><F73/><W110/><G110/><T10/><D75/><U37/><E37/><V31/><F39/><W38/><G38/><T21/><D76/><U100/><E100/><V66/><F51/><W114/><G114/><T128/><D101/><U117/><E117/><V134/><F134/><W88/><G88/><T1/><D102/><U19/><E49/><V32/><F66/><W120/><G120/><T12/><D67/><U52/><E54/><V98/><F98/><W86/><G86/><T123/><D96/><U60/><E52/><V40/><F40/><W26/><G26/><AGARI ba="0,1" hai="5,8,13,26,31,32,43,46,48,77,82,87,94,95" machi="26" ten="40,3900,0" yaku="25,2" doraHai="16" who="2" fromWho="3" sc="167,0,405,0,231,49,187,-39" /><INIT seed="2,1,0,5,3,105" ten="167,405,280,148" oya="2" hai0="25,100,75,98,14,10,1,81,78,86,46,87,90" hai1="62,24,58,16,126,63,31,96,123,4,107,9,26" hai2="104,67,23,89,45,118,54,110,66,37,30,88,19" hai3="111,109,61,2,128,115,12,97,50,95,42,8,56"/><V93/><F118/><W28/><G2/><T34/><D1/><U127/><E123/><V114/><F114/><W43/><G128/><T73/><D46/><U119/><E119/><V94/><F104/><W29/><G115/><T59/><D59/><U92/><E107/><V120/><F120/><W60/><G60/><T71/><D71/><U68/><E68/><V131/><F131/><W135/><G135/><T91/><D100/><U65/><E62/><V124/><F30/><W5/><G109/><T22/><D98/><U70/><E70/><V112/><F112/><W55/><G111/><T129/><D129/><U74/><E16/><V117/><F117/><W39/><G39/><T40/><D40/><N who="3" m="15401" /><G61/><T130/><D34/><U132/><E74/><V49/><F37/><W18/><G5/><T69/><D69/><U11/><E132/><V20/><F124/><N who="1" m="47657" /><E4/><V106/><F106/><W82/><G82/><T121/><D121/><U0/><E0/><V84/><F110/><W13/><G13/><T108/><D108/><U125/><N who="1" m="47665" /><U101/><DORA hai="36" /><E26/><V52/><F54/><W27/><G27/><T47/><D81/><U51/><E51/><V38/><F38/><W44/><G44/><T76/><D47/><U83/><E83/><V133/><F133/><W6/><G6/><T7/><D130/><U57/><E58/><V35/><F35/><AGARI ba="1,0" hai="9,11,24,31,35,57,63,65,92,96,101" m="47665" machi="35" ten="40,1300,0" yaku="18,1" doraHai="105,36" who="1" fromWho="2" sc="167,0,405,16,280,-16,148,0" /><INIT seed="3,0,0,5,4,43" ten="167,421,264,148" oya="3" hai0="86,73,41,95,108,64,125,53,107,83,37,72,115" hai1="40,67,90,44,42,102,51,135,33,6,59,58,124" hai2="9,99,48,7,14,123,71,36,45,63,13,68,89" hai3="81,52,1,55,39,127,12,22,109,47,129,50,2"/><W69/><G69/><T116/><D107/><U35/><E6/><V78/><F123/><W70/><G70/><T31/><D116/><U8/><E8/><V94/><F36/><W49/><G39/><T34/><D64/><U32/><E102/><V65/><F78/><W75/><G127/><T19/><D34/><U126/><E67/><V85/><F71/><W105/><G105/><T97/><D31/><U82/><E42/><V18/><F99/><W93/><G93/><T131/><D19/><U120/><E135/><V77/><F77/><W91/><G129/><T114/><D53/><U112/><E120/><V54/><REACH who="2" step="1"/><F18/><REACH who="2" ten="167,421,254,148" step="2"/><W132/><G132/><T57/><D37/><U88/><E124/><V16/><F16/><W98/><G98/><T101/><D125/><U10/><E126/><V38/><F38/><W61/><G75/><T103/><D73/><U46/><E112/><V5/><F5/><W20/><G109/><T118/><D72/><U80/><E10/><V27/><F27/><W111/><G111/><T121/><D108/><U100/><E32/><V24/><F24/><W0/><G22/><T60/><D121/><U26/><E26/><V92/><F92/><W74/><G20/><T110/><D110/><U11/><E11/><V122/><F122/><W84/><G74/><T29/><D95/><U56/><E33/><V76/><F76/><W30/><G30/><T87/><D97/><U130/><E35/><V62/><F62/><W106/><G61/><T133/><D60/><U104/><E130/><V134/><F134/><W128/><G128/><T15/><D133/><RYUUKYOKU ba="0,1" sc="167,-10,421,-10,254,30,148,-10" hai2="7,9,13,14,45,48,54,63,65,68,85,89,94" /><INIT seed="4,1,1,3,5,95" ten="157,411,284,138" oya="0" hai0="116,126,134,64,104,67,91,41,8,129,58,89,17" hai1="9,60,37,82,98,63,30,7,55,46,75,92,79" hai2="88,12,135,61,4,85,117,103,123,112,76,122,26" hai3="109,68,78,5,29,13,86,14,121,102,73,22,69"/><T43/><D116/><U24/><E55/><V44/><F117/><W34/><G109/><T87/><D104/><U106/><E106/><V131/><F4/><W21/><G73/><T71/><D71/><U50/><E50/><V90/><F12/><W48/><G34/><T2/><D129/><U77/><E77/><V130/><F44/><W100/><G48/><T80/><D134/><U56/><E56/><V32/><F103/><W99/><G29/><T72/><D126/><U59/><E59/><V125/><F125/><W19/><G121/><T118/><D118/><U33/><E46/><V31/><F135/><W111/><G111/><T114/><D114/><U128/><E37/><V47/><F47/><W62/><G62/><T83/><D2/><U133/><E128/><N who="2" m="49195" /><F61/><W3/><G3/><T11/><D58/><U108/><E108/><V35/><F35/><W28/><G28/><T42/><D72/><U105/><E105/><V10/><F112/><W16/><G5/><T65/><D17/><U54/><E54/><V0/><F0/><W38/><G38/><T45/><D45/><U101/><E133/><V23/><F32/><W18/><G18/><T25/><D25/><U40/><E40/><V27/><F27/><W110/><G110/><T93/><REACH who="0" step="1"/><D80/><REACH who="0" ten="147,411,284,138" step="2"/><U36/><E36/><V51/><F123/><W96/><G78/><T66/><N who="0" m="16384" /><DORA hai="1" /><T107/><D107/><U94/><E94/><V6/><F122/><W49/><G49/><T57/><D57/><U84/><E75/><V127/><F51/><W74/><G74/><T39/><D39/><U120/><E120/><RYUUKYOKU ba="1,2" sc="147,10,411,10,284,-30,138,10" hai0="8,11,41,42,43,83,87,89,91,93" hai1="7,9,24,30,33,60,63,79,82,84,92,98,101" hai3="13,14,16,19,21,22,68,69,86,96,99,100,102" /><INIT seed="4,2,2,2,5,66" ten="157,421,254,148" oya="0" hai0="110,32,37,92,58,26,112,99,82,134,24,17,49" hai1="124,15,84,46,60,130,129,22,13,36,72,64,39" hai2="103,76,23,52,85,20,70,94,10,16,30,102,74" hai3="91,28,35,7,128,55,38,62,127,101,3,47,122"/><T104/><D37/><N who="1" m="14411" /><E46/><V97/><F70/><W81/><G127/><T11/><D104/><U89/><E72/><V107/><F103/><W59/><G128/><N who="1" m="49258" /><E22/><V34/><F34/><W121/><G101/><T53/><D112/><U135/><E135/><V56/><F74/><W57/><G57/><T31/><D110/><U54/><E54/><V51/><F30/><W126/><G126/><T90/><D134/><U50/><E50/><V93/><F107/><W44/><G38/><T41/><D41/><U119/><E124/><V100/><F76/><W45/><G28/><T69/><D82/><N who="1" m="49303" /><E119/><V109/><F109/><W8/><G35/><T14/><REACH who="0" step="1"/><D26/><REACH who="0" ten="147,421,254,148" step="2"/><U117/><E117/><V79/><F79/><W131/><G131/><T71/><AGARI ba="2,3" hai="11,14,17,24,31,32,49,53,58,69,71,90,92,99" machi="71" ten="30,18000,2" yaku="1,1,2,1,0,1,52,2,53,1" doraHai="66" doraHaiUra="6" who="0" fromWho="0" sc="147,216,421,-62,254,-62,148,-62" /><INIT seed="4,3,0,2,1,115" ten="363,359,192,86" oya="0" hai0="24,37,128,112,8,114,98,48,60,61,70,89,100" hai1="47,106,44,75,101,2,5,88,26,42,18,108,13" hai2="123,56,129,72,69,31,53,30,109,76,93,54,125" hai3="134,25,7,124,12,58,131,45,4,126,3,95,46"/><T92/><D37/><U51/><E108/><V78/><F109/><W127/><G3/><T29/><D128/><U57/><E75/><V99/><F129/><W10/><G131/><T41/><D8/><N who="1" m="4239" /><E2/><V86/><F123/><W43/><G134/><T122/><D122/><U91/><E101/><V135/><F125/><W66/><G25/><T9/><D9/><U85/><E106/><V14/><F69/><W102/><G7/><T55/><D41/><U81/><E44/><V62/><F72/><W121/><G121/><T52/><D100/><U40/><E57/><V63/><F14/><W107/><G107/><T35/><D55/><N who="1" m="30207" /><E91/><V130/><F130/><W79/><G79/><T116/><D116/><U104/><E104/><V1/><F1/><W87/><G43/><T83/><D83/><U16/><E18/><V74/><F135/><W113/><G113/><N who="0" m="43627" /><D70/><U105/><E105/><V27/><F74/><W120/><G120/><T39/><D39/><U6/><E6/><V32/><F78/><W132/><G132/><T17/><D17/><U34/><E34/><V133/><F133/><W94/><G102/><T36/><D36/><U11/><E26/><V20/><F32/><W59/><G95/><T68/><D68/><U111/><E111/><V110/><F110/><W19/><G19/><T90/><D89/><U103/><E103/><N who="2" m="60911" /><F54/><W50/><G66/><T21/><D35/><U23/><E23/><V71/><F71/><W96/><G124/><T80/><D80/><U118/><E118/><V67/><F67/><W49/><G4/><T33/><D33/><U28/><E28/><RYUUKYOKU ba="3,0" sc="363,15,359,15,192,-15,86,-15" hai0="21,24,29,48,52,60,61,90,92,98" hai1="11,16,40,42,81,85,88" /><INIT seed="4,4,0,4,0,88" ten="378,374,177,71" oya="0" hai0="78,98,100,112,126,13,109,21,50,6,60,99,10" hai1="84,125,72,129,86,68,7,22,115,45,113,120,79" hai2="0,14,31,107,15,102,93,55,85,9,82,51,105" hai3="74,77,127,37,38,106,48,70,95,35,4,64,27"/><T91/><D112/><N who="1" m="43083" /><E120/><V131/><F131/><W80/><G127/><T75/><D126/><U26/><E125/><V108/><F108/><W42/><G106/><T63/><D109/><U114/><N who="1" m="43091" /><U71/><DORA hai="28" /><E129/><V19/><F0/><W41/><G4/><T76/><D75/><U130/><E45/><V57/><F31/><W5/><G5/><T128/><D128/><U73/><E7/><V23/><F14/><W119/><G119/><T81/><D21/><U40/><E40/><V56/><F56/><W11/><G11/><T104/><D50/><U58/><E58/><V122/><F122/><W1/><G1/><T97/><D104/><U94/><E130/><V103/><F9/><W39/><G48/><T132/><D100/><U8/><E8/><V116/><F103/><W111/><G111/><T52/><D132/><U118/><E84/><V24/><F116/><W3/><G3/><T65/><D52/><U117/><E79/><N who="0" m="30249" /><D65/><U2/><E2/><V43/><F43/><W92/><G42/><T101/><D101/><U90/><E118/><V61/><F107/><W89/><G41/><T36/><D36/><U66/><E117/><V59/><F105/><W110/><G110/><T47/><D47/><U33/><E33/><V30/><F51/><W134/><G134/><T135/><D135/><U54/><E54/><V32/><F55/><W25/><G35/><T17/><D6/><U123/><E123/><V44/><F44/><W49/><G49/><T29/><D29/><N who="1" m="17623" /><E66/><V18/><F32/><W124/><G124/><T69/><D10/><U16/><E16/><RYUUKYOKU ba="4,0" sc="378,-10,374,30,177,-10,71,-10" hai1="68,71,72,73,86,90,94" /><INIT seed="5,5,0,3,4,55" ten="368,404,167,61" oya="1" hai0="106,129,114,72,43,23,36,88,125,58,7,116,113" hai1="70,10,32,75,101,132,86,74,126,51,11,92,35" hai2="98,121,15,90,107,8,134,30,85,108,9,95,122" hai3="53,96,111,60,14,2,50,102,61,62,34,84,40"/><U123/><E70/><V3/><F108/><W135/><G2/><T112/><D116/><U83/><E123/><V18/><F134/><W4/><G111/><T22/><D72/><U48/><E126/><V26/><F107/><W78/><G135/><T131/><D106/><U39/><E39/><V13/><F3/><W47/><G34/><T81/><D7/><U66/><E66/><V91/><F30/><W65/><G78/><T80/><D125/><U31/><E31/><V118/><F26/><W97/><G84/><N who="0" m="50183" /><D81/><U71/><E71/><V38/><F38/><W128/><G128/><N who="0" m="49227" /><D58/><U57/><E75/><V76/><F76/><W117/><G117/><T24/><D24/><U109/><E74/><V63/><F118/><W105/><G96/><T89/><D89/><U130/><E32/><V120/><F63/><W37/><G65/><T79/><D79/><N who="1" m="46463" /><E35/><V103/><REACH who="2" step="1"/><F85/><REACH who="2" ten="368,404,157,61" step="2"/><W94/><G105/><T64/><D36/><U59/><E109/><V100/><F100/><W28/><G28/><T1/><D1/><U68/><E132/><V41/><F41/><W6/><REACH who="3" step="1"/><G14/><REACH who="3" ten="368,404,157,51" step="2"/><T19/><D112/><U44/><E130/><V46/><F46/><AGARI ba="5,2" hai="4,6,37,40,46,47,50,53,60,61,62,94,97,102" machi="46" ten="40,8000,1" yaku="1,1,2,1,53,3" doraHai="55" doraHaiUra="56" who="3" fromWho="2" sc="368,0,404,0,157,-95,51,115" /><INIT seed="6,0,0,4,4,85" ten="368,404,62,166" oya="2" hai0="39,14,88,109,114,106,11,118,115,30,33,28,113" hai1="10,15,123,108,9,38,58,82,105,0,20,41,111" hai2="29,47,2,97,40,36,56,84,37,131,110,119,132" hai3="125,95,103,129,72,3,43,64,44,7,22,126,101"/><V70/><F119/><W86/><G72/><T80/><D106/><U42/><E105/><V117/><F117/><W61/><G129/><T87/><D118/><U122/><E82/><V8/><F70/><W116/><G116/><T25/><D30/><U49/><E49/><V6/><F131/><W51/><G22/><T99/><D39/><U120/><E58/><V63/><F110/><N who="1" m="42025" /><E38/><V68/><F68/><W71/><G7/><N who="0" m="3455" /><D109/><U62/><E62/><V98/><F37/><W31/><G31/><T133/><D99/><U60/><E60/><V24/><F84/><W26/><G26/><T89/><D133/><U100/><E100/><V76/><F76/><AGARI ba="0,0" hai="25,28,33,76,80,87,88,89,113,114,115" m="3455" machi="76" ten="30,7700,0" yaku="15,1,52,2,54,1" doraHai="85" who="0" fromWho="2" sc="368,77,404,0,62,-77,166,0" owari="445,55.0,404,20.0,-15,-52.0,166,-23.0" /></mjloggm>