<mjloggm ver="2.3"><GO type="169" lobby="0"/><UN n0="%E3%81%86%E3%81%83%E3%83%BC%E3%81%A1%E3%82%83%E3%82%93" n1="%E3%82%A6%E3%83%AB%E3%83%88%E3%83%A9%E7%AB%8B%E7%9B%B4" n2="%77%6F%6E%64%65%72%32" n3="%E3%81%82%E3%81%84%E3%81%A0%E3%81%A6" dan="16,16,16,16" rate="2112.59,2169.94,2130.02,2153.40" sx="M,M,M,M"/><TAIKYOKU oya="0"/><INIT seed="0,0,0,2,3,73" ten="250,250,250,250" oya="0" hai0="127,64,85,123,102,62,125,43,33,42,66,11,118" hai1="41,9,15,119,114,120,88,17,116,46,59,52,29" hai2="65,22,19,78,39,50,104,126,16,36,109,99,69" hai3="51,49,80,68,90,132,61,10,129,1,18,100,25"/><T28/><D118/><U7/><E120/><V34/><F126/><N who="0" m="48138" /><D123/><U106/><E106/><V98/><F109/><W0/><G100/><T105/><D85/><U82/><E114/><V79/><F104/><W110/><G110/><T6/><D64/><U96/><E29/><V86/><F34/><W12/><G68/><N who="0" m="42071" /><D102/><U112/><E112/><V95/><F86/><W70/><G70/><T47/><D105/><U128/><E128/><V63/><F50/><W94/><G61/><T57/><D57/><U135/><E135/><V60/><F65/><W130/><G51/><T77/><D47/><U87/><E96/><V81/><F69/><W117/><G49/><T44/><D44/><U37/><E7/><V74/><F74/><W107/><G132/><T48/><D48/><AGARI ba="0,0" hai="9,15,17,37,41,46,48,52,59,82,87,88,116,119" machi="48" ten="30,3900,0" yaku="7,1,54,2" doraHai="73" who="1" fromWho="0" sc="250,-39,250,39,250,0,250,0" /><INIT seed="1,0,0,5,0,41" ten="211,289,250,250" oya="1" hai0="85,48,60,25,122,23,31,52,75,95,94,98,19" hai1="30,86,9,114,10,35,123,103,134,81,53,87,2" hai2="70,55,6,57,113,93,37,8,133,129,118,89,67" hai3="84,101,39,119,112,128,88,131,127,106,17,33,108"/><U1/><E123/><V76/><F118/><W28/><G112/><T24/><D75/><U116/><E116/><V26/><F113/><W40/><G33/><T91/><D122/><U65/><E114/><V99/><F37/><W90/><G28/><T58/><D60/><U125/><E65/><V102/><F133/><W72/><G72/><T46/><D58/><U135/><E103/><V15/><F129/><W45/><G119/><T126/><D126/><U18/><E125/><V0/><F76/><W132/><G90/><T109/><D109/><U115/><E115/><V50/><F67/><W20/><G108/><T74/><D74/><U121/><E121/><V100/><F70/><W54/><G54/><T68/><D68/><U96/><E96/><V77/><F77/><W69/><G69/><T130/><D130/><U21/><E53/><V64/><F64/><W79/><G79/><T11/><D11/><N who="1" m="4107" /><E81/><V43/><F43/><W47/><G47/><T12/><REACH who="0" step="1"/><D31/><REACH who="0" ten="201,289,250,250" step="2"/><U59/><E59/><V27/><F0/><W82/><G132/><T29/><D29/><U78/><E1/><V22/><F27/><W4/><G127/><T42/><D42/><U66/><E2/><V56/><REACH who="2" step="1"/><F57/><REACH who="2" ten="201,289,240,250" step="2"/><W61/><G128/><T5/><D5/><U13/><E135/><V62/><F62/><W73/><G4/><T97/><D97/><U120/><E134/><V14/><F14/><N who="3" m="9271" /><G131/><T92/><D92/><U36/><E120/><V32/><F32/><W104/><G40/><T63/><D63/><U110/><E35/><V44/><F44/><W49/><G45/><T124/><D124/><RYUUKYOKU ba="0,2" sc="201,15,289,-15,240,15,250,-15" hai0="12,19,23,24,25,46,48,52,85,91,94,95,98" hai2="6,8,15,22,26,50,55,56,89,93,99,100,102" /><INIT seed="2,1,2,0,4,70" ten="216,274,255,235" oya="2" hai0="23,27,76,92,62,43,40,122,61,107,52,77,75" hai1="88,82,98,38,89,15,85,14,106,71,133,108,113" hai2="118,83,33,13,19,30,86,20,66,99,4,0,131" hai3="44,34,3,79,93,24,50,22,28,55,103,128,56"/><V78/><F118/><W26/><G128/><T17/><D107/><U104/><E71/><V132/><F132/><W130/><G130/><T8/><D122/><U129/><E129/><V74/><F131/><W47/><G3/><T10/><D75/><U80/><E113/><V42/><F66/><W135/><G135/><T60/><D92/><N who="1" m="56583" /><E38/><V5/><F5/><W11/><G11/><N who="0" m="4139" /><D52/><U94/><E14/><V95/><F42/><AGARI ba="1,2" hai="17,23,27,40,42,43,60,61,62,76,77" m="4139" machi="42" ten="30,1000,0" yaku="8,1" doraHai="70" who="0" fromWho="2" sc="216,33,274,0,255,-13,235,0" /><INIT seed="3,0,0,0,0,4" ten="249,274,242,235" oya="3" hai0="10,16,53,115,34,49,25,94,66,85,106,77,131" hai1="108,83,28,35,86,75,119,122,135,99,91,98,116" hai2="84,33,29,9,39,112,102,127,71,40,54,32,20" hai3="103,43,69,18,109,15,5,65,41,74,82,51,1"/><W37/><G103/><T14/><D106/><U50/><E35/><V100/><F112/><W88/><G109/><T90/><D131/><U62/><E28/><V129/><F129/><W31/><G37/><T12/><D115/><U107/><E62/><V78/><F71/><W121/><G31/><T21/><D34/><U81/><E50/><V125/><F39/><W101/><G101/><T64/><D77/><N who="1" m="44223" /><E122/><V95/><F40/><W26/><G26/><T38/><D38/><U89/><E108/><V19/><F54/><W3/><G3/><T45/><REACH who="0" step="1"/><D14/><REACH who="0" ten="239,274,242,235" step="2"/><U7/><E107/><V118/><F33/><W114/><G15/><T27/><D27/><U0/><E0/><V87/><F32/><W2/><G1/><T113/><D113/><U117/><E135/><V70/><F78/><W23/><G2/><T30/><AGARI ba="0,1" hai="10,12,16,21,25,30,45,49,53,64,66,85,90,94" machi="30" ten="20,12000,2" yaku="1,1,0,1,7,1,8,1,52,1,54,1,53,0" doraHai="4" doraHaiUra="73" who="0" fromWho="0" sc="239,130,274,-30,242,-30,235,-60" /><INIT seed="4,0,0,0,5,54" ten="369,244,212,175" oya="0" hai0="115,69,91,24,9,70,130,27,127,11,120,12,39" hai1="45,124,44,74,68,123,99,30,80,18,87,105,73" hai2="94,65,33,116,98,81,82,83,114,20,32,41,6" hai3="97,113,37,77,96,122,36,4,121,85,67,53,59"/><T63/><D120/><N who="3" m="46185" /><G4/><T62/><D39/><N who="3" m="14921" /><G67/><T57/><D91/><U25/><E68/><V117/><F114/><W29/><G29/><T132/><D127/><U15/><E124/><V84/><F6/><W0/><G0/><T133/><D130/><U49/><E74/><V7/><F7/><W89/><G77/><T19/><D115/><U104/><E73/><V90/><F41/><W34/><G34/><T38/><D38/><U100/><E105/><V102/><F65/><W119/><G119/><T22/><D22/><U101/><E101/><V35/><REACH who="2" step="1"/><F20/><REACH who="2" ten="369,244,202,175" step="2"/><W76/><G113/><T86/><D9/><U106/><E123/><V60/><F60/><N who="3" m="35951" /><G76/><T51/><D63/><U17/><E49/><V47/><F47/><W23/><G23/><T88/><D51/><U46/><E45/><V42/><F42/><W52/><G52/><N who="0" m="34087" /><D69/><U125/><E46/><V108/><F108/><W50/><G50/><T3/><D70/><U129/><E44/><V134/><F134/><N who="0" m="51818" /><D3/><U112/><E112/><V2/><F2/><W131/><G131/><T48/><D48/><U16/><E129/><V21/><F21/><W95/><AGARI ba="0,1" hai="85,89,95,96,97" m="35951,14921,46185" machi="95" ten="30,2000,0" yaku="13,1,52,1" doraHai="54" who="3" fromWho="3" sc="369,-10,244,-5,202,-5,175,30" /><INIT seed="5,0,0,3,0,39" ten="359,239,197,205" oya="1" hai0="61,9,8,32,73,55,84,33,105,92,27,88,100" hai1="12,121,109,0,75,10,30,131,126,89,95,13,17" hai2="47,45,56,52,51,93,19,114,128,50,80,129,111" hai3="2,44,5,68,53,48,1,72,63,66,86,28,133"/><U71/><E121/><V96/><F111/><W122/><G133/><T119/><D73/><U4/><E109/><V31/><F31/><W106/><G72/><T97/><D119/><U25/><E75/><V94/><F80/><W46/><G106/><T103/><D103/><U74/><E74/><V81/><F81/><W43/><G122/><T82/><D27/><U132/><E132/><V54/><F19/><W37/><G28/><T99/><D9/><U70/><E131/><V59/><REACH who="2" step="1"/><F96/><REACH who="2" ten="359,239,187,205" step="2"/><W134/><G134/><T49/><D97/><U110/><E110/><V23/><F23/><W90/><G5/><T107/><D33/><U36/><E17/><V113/><AGARI ba="0,1" hai="45,47,50,51,52,54,56,59,93,94,113,114,128,129" machi="113" ten="25,8000,1" yaku="1,1,0,1,22,2,54,1,53,0" doraHai="39" doraHaiUra="3" who="2" fromWho="2" sc="359,-20,239,-40,187,90,205,-20" /><INIT seed="6,0,0,0,3,107" ten="339,199,277,185" oya="2" hai0="10,122,22,87,41,78,84,124,4,9,15,50,43" hai1="42,105,27,99,68,131,26,73,58,104,7,126,79" hai2="64,47,14,109,125,46,35,72,76,123,39,120,70" hai3="25,95,28,65,96,103,52,108,118,1,115,60,133"/><V119/><F46/><W0/><G108/><T129/><D122/><N who="2" m="46634" /><F14/><W40/><G40/><T121/><D121/><U57/><E99/><V135/><F119/><W94/><G118/><T116/><D116/><U24/><E79/><V66/><F66/><W130/><G130/><T51/><D129/><U69/><E131/><V44/><F44/><W34/><G133/><T63/><D63/><U18/><E18/><V114/><F114/><W8/><G115/><T97/><D97/><U111/><E111/><V33/><F125/><W67/><G95/><T81/><D124/><U36/><E7/><V82/><F135/><W102/><G102/><T127/><D127/><U23/><E23/><V59/><F59/><W100/><G100/><T61/><D61/><U55/><E55/><V20/><F20/><W5/><G0/><T19/><D10/><U89/><E26/><V93/><F93/><W77/><G77/><T56/><D56/><U71/><E71/><V16/><F16/><W13/><G1/><T112/><D112/><U106/><E69/><V110/><F110/><W75/><G52/><T92/><D41/><U38/><E42/><N who="2" m="23007" /><F109/><W21/><G21/><T31/><D43/><U62/><E106/><V90/><F90/><W37/><G37/><T86/><D92/><U11/><E89/><V132/><F132/><W80/><REACH who="3" step="1"/><G60/><AGARI ba="0,0" hai="33,35,60,64,70,72,76,82" m="23007,46634" machi="60" ten="30,2900,0" yaku="23,1,52,1" doraHai="107" who="2" fromWho="3" sc="339,0,199,0,277,29,185,-29" /><INIT seed="6,1,0,5,5,26" ten="339,199,306,156" oya="2" hai0="35,114,117,58,17,34,134,45,112,126,81,116,90" hai1="97,119,132,40,107,86,76,133,63,31,38,43,49" hai2="65,7,21,27,95,99,57,80,24,3,91,64,120" hai3="103,54,118,66,36,130,20,10,71,61,67,121,96"/><V13/><F120/><W47/><G118/><N who="0" m="45675" /><D126/><U62/><E119/><V16/><F3/><W75/><G75/><T11/><D134/><N who="1" m="51819" /><E38/><V69/><F69/><W108/><G108/><T22/><D11/><U30/><E49/><V94/><F80/><W68/><G121/><T48/><D58/><U46/><E46/><V25/><F7/><W51/><G130/><T110/><D110/><U14/><E14/><V55/><REACH who="2" step="1"/><F95/><REACH who="2" ten="339,199,296,156" step="2"/><W52/><G68/><T8/><D81/><N who="1" m="47399" /><E40/><V124/><F124/><W77/><G71/><T12/><D114/><U4/><E43/><V6/><F6/><W100/><G36/><T115/><D115/><U44/><E4/><V42/><F42/><W128/><G128/><T60/><D112/><U83/><E83/><V85/><F85/><W87/><G87/><T19/><D35/><U9/><E107/><V41/><F41/><W39/><G39/><T5/><D34/><U102/><E97/><V82/><F82/><W109/><G96/><T74/><D5/><U28/><E9/><V37/><F37/><W32/><G10/><T73/><D73/><U89/><E44/><V53/><F53/><N who="3" m="20587" /><G47/><T1/><D1/><U15/><E63/><AGARI ba="1,1" hai="13,16,21,24,25,27,55,57,63,64,65,91,94,99" machi="63" ten="40,7700,0" yaku="1,1,8,1,54,1,53,0" doraHai="26" doraHaiUra="106" who="2" fromWho="1" sc="339,0,199,-80,296,90,156,0" /><INIT seed="6,2,0,0,1,46" ten="339,119,386,156" oya="2" hai0="132,6,121,115,129,5,56,47,59,109,43,89,28" hai1="102,37,93,96,78,114,77,110,69,97,33,40,101" hai2="41,113,124,128,100,119,16,53,25,19,70,10,83" hai3="68,126,85,34,38,84,82,117,22,106,79,91,86"/><V125/><F119/><W123/><G34/><T71/><D71/><U111/><E69/><V98/><F70/><W122/><G38/><T32/><D121/><N who="3" m="46089" /><G22/><T31/><D109/><N who="1" m="41483" /><E40/><V12/><F41/><W58/><G58/><T27/><D129/><U11/><E11/><V30/><F113/><W17/><G17/><T61/><D132/><U116/><E33/><V94/><F83/><N who="3" m="49599" /><G106/><T87/><D115/><U13/><E13/><V108/><F108/><W48/><G48/><T36/><D31/><U134/><E37/><V55/><F128/><W92/><G68/><T52/><REACH who="0" step="1"/><D59/><REACH who="0" ten="329,119,386,156" step="2"/><U72/><E114/><V44/><F19/><W60/><G117/><T45/><D45/><U54/><E116/><V131/><F131/><W75/><G60/><T130/><D130/><U21/><E134/><V63/><F63/><W135/><G135/><T104/><D104/><U39/><E39/><V35/><REACH who="2" step="1"/><F44/><REACH who="2" ten="329,119,376,156" step="2"/><W64/><G75/><T107/><D107/><U103/><E72/><V18/><F18/><W76/><G79/><T120/><D120/><U81/><E77/><V9/><F9/><W42/><G76/><T0/><D0/><U66/><E78/><V67/><F67/><W80/><G64/><T14/><D14/><U2/><E66/><V95/><F95/><AGARI ba="2,2" hai="5,6,27,28,32,36,43,47,52,56,61,87,89,95" machi="95" ten="30,3900,0" yaku="1,1,7,1,54,1,53,0" doraHai="46" doraHaiUra="118" who="0" fromWho="2" sc="329,65,119,0,376,-45,156,0" /><INIT seed="7,0,0,0,4,79" ten="394,119,331,156" oya="3" hai0="23,97,21,15,72,10,111,104,1,70,130,62,118" hai1="94,85,67,27,48,91,122,131,120,64,47,65,88" hai2="56,115,78,34,44,123,51,35,25,4,99,42,109" hai3="113,8,31,17,103,124,24,26,57,90,135,32,84"/><W12/><G113/><T98/><D72/><U127/><E131/><V66/><F109/><W110/><G124/><T41/><D1/><U119/><E127/><V126/><F126/><W89/><G135/><T45/><D118/><U105/><E119/><V100/><F115/><W28/><G103/><T132/><D130/><U133/><E133/><V43/><F123/><W87/><G110/><T112/><D111/><U33/><E105/><V114/><F114/><W22/><G57/><T121/><D121/><U53/><E33/><V60/><F42/><W9/><G87/><T54/><D112/><U61/><E61/><V106/><F4/><W101/><G101/><T82/><D82/><N who="1" m="49207" /><E122/><V93/><F106/><W0/><REACH who="3" step="1"/><G84/><REACH who="3" ten="394,119,331,146" step="2"/><T58/><D132/><U36/><E120/><V37/><F78/><W80/><G80/><T38/><D70/><U92/><E36/><V81/><F81/><W86/><G86/><T128/><D128/><U29/><E91/><V5/><F37/><W59/><G59/><T2/><D58/><U6/><E6/><AGARI ba="0,1" hai="0,6,8,9,12,17,22,24,26,28,31,32,89,90" machi="6" ten="40,7700,0" yaku="1,1,53,2" doraHai="79" doraHaiUra="20" who="3" fromWho="1" sc="394,0,119,-77,331,0,146,87" /><INIT seed="7,1,0,4,1,125" ten="394,42,331,233" oya="3" hai0="122,4,0,85,6,74,127,17,9,14,114,132,15" hai1="98,69,105,51,33,7,41,116,45,86,117,76,92" hai2="128,135,99,87,77,83,67,131,71,108,50,35,39" hai3="21,57,28,36,121,64,126,42,63,119,129,56,80"/><W106/><G119/><T19/><D74/><U107/><E69/><V58/><F39/><W2/><G121/><T113/><D122/><U82/><E33/><V89/><F35/><W60/><G2/><T62/><D127/><U32/><E32/><V95/><F71/><W65/><G106/><T29/><D132/><U54/><E117/><V91/><F135/><W130/><G126/><T102/><D102/><U38/><E116/><V118/><F118/><W25/><G80/><T109/><D109/><U104/><E38/><V16/><F108/><W59/><G59/><T134/><D134/><U23/><E107/><V30/><F30/><W68/><G68/><T94/><D29/><U123/><E105/><V10/><F91/><W53/><G53/><T47/><D47/><AGARI ba="1,0" hai="21,25,28,36,42,47,56,57,60,63,64,65,129,130" machi="47" ten="40,7700,0" yaku="9,1,52,2" doraHai="125" who="3" fromWho="0" sc="394,-80,42,0,331,0,233,80" /><INIT seed="7,2,0,4,4,15" ten="314,42,331,313" oya="3" hai0="116,20,127,40,26,3,53,31,96,93,95,130,110" hai1="61,44,13,65,72,43,34,120,4,6,135,7,97" hai2="23,5,81,113,115,106,74,49,50,128,56,45,64" hai3="91,123,92,103,14,78,17,108,33,2,37,10,129"/><W47/><G123/><T125/><D3/><U12/><E34/><V133/><F106/><W117/><G117/><T29/><D116/><U22/><E72/><V88/><F5/><W118/><G108/><T79/><D110/><U86/><E120/><V62/><F128/><W121/><G118/><T60/><D79/><U25/><E135/><V69/><F133/><W42/><G33/><T41/><D130/><U126/><E126/><N who="0" m="48137" /><D31/><U94/><E86/><N who="2" m="50255" /><F74/><W82/><G129/><T8/><D8/><U119/><E119/><V54/><F23/><W83/><G121/><T67/><D53/><U59/><E44/><V102/><F102/><W87/><G2/><T36/><D36/><U104/><E43/><N who="0" m="16457" /><D96/><U84/><E104/><V66/><F50/><W18/><G103/><T63/><D63/><U132/><E84/><V99/><F99/><W24/><REACH who="3" step="1"/><G78/><REACH who="3" ten="314,42,331,303" step="2"/><T46/><D46/><U105/><E132/><V85/><F45/><W35/><G35/><T101/><D101/><U100/><REACH who="1" step="1"/><E105/><REACH who="1" ten="314,32,331,303" step="2"/><V71/><F71/><AGARI ba="2,2" hai="20,26,29,60,67,71,93,95" m="16457,48137" machi="71" ten="30,1000,0" yaku="18,1" doraHai="15" who="0" fromWho="2" sc="314,36,32,0,331,-16,303,0" owari="350,45.0,32,-47.0,315,12.0,303,-10.0" /></mjloggm>