<mjloggm ver="2.3"><GO type="169" lobby="0"/><UN n0="%43%55%52%52%59%4D%41%4E" n1="%E3%81%A1%E3%82%87%E3%82%8A%E3%81%8A" n2="%E5%91%B3%E6%B7%8B" n3="%E3%82%A6%E3%83%AB%E3%83%88%E3%83%A9%E7%AB%8B%E7%9B%B4" dan="16,17,16,17" rate="2105.38,2106.49,2048.35,2208.40" sx="M,M,M,M"/><TAIKYOKU oya="0"/><INIT seed="0,0,0,3,3,45" ten="250,250,250,250" oya="0" hai0="66,55,114,123,127,82,3,43,76,119,125,131,30" hai1="51,5,105,133,130,57,92,126,103,14,102,96,29" hai2="33,26,44,6,18,8,64,88,112,65,24,54,50" hai3="74,73,122,23,115,71,120,12,93,15,16,77,81"/><T89/><D43/><U110/><E130/><V9/><F112/><W134/><G71/><T128/><D66/><U97/><E133/><V61/><F33/><W53/><G115/><T132/><D3/><U95/><E126/><N who="0" m="48137" /><D30/><U99/><E29/><V1/><F64/><W111/><G134/><T106/><D123/><U49/><E110/><V31/><F31/><W25/><G111/><T58/><D106/><U84/><E84/><V35/><F35/><W63/><G73/><N who="0" m="43279" /><D119/><U69/><E69/><V104/><F104/><W79/><G79/><T46/><D46/><U17/><E5/><V91/><F9/><W90/><G122/><T129/><D114/><U109/><E109/><V52/><F54/><W70/><G120/><T60/><D89/><U67/><E67/><V11/><F11/><W4/><G4/><T47/><D47/><U21/><E57/><V32/><F32/><W48/><G63/><T87/><D87/><U62/><E62/><V28/><F28/><W118/><G70/><T41/><D41/><U34/><E34/><V100/><F100/><AGARI ba="0,0" hai="14,17,21,49,51,92,95,96,97,99,100,102,103,105" machi="100" ten="30,7700,0" yaku="7,1,9,1,52,2" doraHai="45" who="1" fromWho="2" sc="250,0,250,77,250,-77,250,0" /><INIT seed="1,0,0,5,2,91" ten="250,327,173,250" oya="1" hai0="0,8,84,86,16,4,94,36,112,131,81,85,73" hai1="35,111,69,90,83,1,66,98,62,79,20,118,72" hai2="80,67,33,48,27,32,13,110,117,23,24,25,75" hai3="63,99,95,37,116,38,57,132,64,12,40,109,121"/><U93/><E35/><N who="2" m="13387" /><F67/><W89/><G121/><T130/><D36/><U74/><E1/><V129/><F48/><W5/><G109/><T114/><D73/><U76/><E118/><V53/><F53/><W108/><G108/><T34/><D34/><U123/><E123/><V43/><F43/><W107/><G132/><T51/><D81/><U106/><E106/><V2/><F80/><W124/><G124/><T105/><D105/><U28/><E79/><V127/><F75/><W39/><G116/><T50/><D50/><U101/><E111/><V97/><F97/><W41/><REACH who="3" step="1"/><G107/><REACH who="3" ten="250,327,173,240" step="2"/><T10/><D114/><U122/><E122/><V14/><F110/><W52/><G52/><T125/><D112/><U126/><E126/><V77/><F117/><W19/><G19/><T71/><D16/><U87/><E28/><V7/><F127/><W135/><G135/><T30/><D30/><U54/><E54/><V120/><F120/><W21/><G21/><T58/><D10/><AGARI ba="0,1" hai="5,10,12,37,38,39,40,41,57,63,64,89,95,99" machi="10" ten="40,5200,0" yaku="1,1,52,1,53,1" doraHai="91" doraHaiUra="61" who="3" fromWho="0" sc="250,-52,327,0,173,0,240,62" /><INIT seed="2,0,0,0,4,23" ten="198,327,173,302" oya="2" hai0="65,61,0,82,83,85,109,4,76,25,73,30,31" hai1="86,80,113,27,38,100,95,114,104,129,55,7,121" hai2="28,49,37,56,58,115,105,72,64,92,93,10,134" hai3="128,66,41,90,42,51,48,87,14,44,99,110,123"/><V26/><F115/><W1/><G1/><T102/><D102/><U2/><E104/><V22/><F105/><W8/><G123/><T5/><D31/><U132/><E132/><V96/><F37/><W111/><G66/><T63/><D63/><U119/><E38/><V3/><F72/><W75/><G99/><T62/><D62/><U89/><E119/><V77/><F134/><W116/><G75/><T18/><D18/><U106/><E7/><V81/><F3/><W33/><G33/><T125/><D125/><U47/><E2/><V21/><F10/><W108/><G128/><T29/><D29/><U9/><E129/><V101/><F92/><N who="3" m="54367" /><G116/><T54/><D54/><U130/><E9/><V120/><F120/><W84/><G84/><T40/><D40/><N who="3" m="15465" /><G44/><T11/><D5/><AGARI ba="0,0" hai="5,8,14,48,51,108,110,111" m="15465,54367" machi="5" ten="30,1000,0" yaku="14,1" doraHai="23" who="3" fromWho="0" sc="198,-10,327,0,173,0,302,10" /><INIT seed="3,0,0,0,4,27" ten="188,327,173,312" oya="3" hai0="3,97,14,0,62,118,76,40,102,54,130,15,39" hai1="121,124,30,45,59,9,132,41,35,2,73,63,55" hai2="77,26,49,95,91,86,90,115,88,129,119,21,51" hai3="67,25,111,31,80,83,131,128,94,114,71,23,64"/><W78/><G114/><T38/><D130/><N who="3" m="49705" /><G71/><T24/><D76/><U57/><E121/><V105/><F105/><W61/><G111/><T104/><D118/><U72/><E9/><V4/><F119/><W52/><G94/><T117/><D117/><U127/><E2/><V93/><F115/><W135/><G135/><T68/><D54/><U36/><E132/><V100/><F129/><W16/><G52/><T8/><D15/><U53/><E35/><V46/><F4/><W82/><G78/><T122/><D122/><U112/><E112/><V134/><F134/><W85/><G85/><T5/><D40/><U133/><E30/><N who="2" m="17743" /><F51/><W120/><G120/><T66/><D14/><U70/><E133/><V29/><F29/><W126/><G126/><N who="1" m="48170" /><E70/><V32/><F100/><W42/><G42/><T101/><D101/><U96/><E96/><V28/><F77/><W81/><N who="3" m="20480" /><DORA hai="19" /><W44/><G44/><T20/><REACH who="0" step="1"/><D3/><REACH who="0" ten="178,327,173,312" step="2"/><U17/><E73/><V34/><F90/><W75/><G75/><T13/><D13/><U47/><E72/><V107/><F91/><W125/><G125/><T113/><D113/><U110/><E110/><V98/><F88/><W37/><G67/><T65/><D65/><U18/><E45/><V48/><F46/><W79/><G79/><T84/><D84/><U109/><E109/><V99/><F86/><W108/><G108/><T89/><D89/><U43/><E43/><V87/><F87/><W50/><G64/><T116/><D116/><U56/><E63/><V12/><F98/><W123/><G61/><T103/><D103/><U58/><E57/><RYUUKYOKU ba="0,1" sc="178,15,327,15,173,-15,312,-15" hai0="0,5,8,20,24,38,39,62,66,68,97,102,104" hai1="17,18,36,41,47,53,55,56,58,59" /><INIT seed="4,1,1,5,3,98" ten="193,342,158,297" oya="0" hai0="105,0,25,1,36,16,19,2,85,95,73,22,110" hai1="84,83,41,120,24,6,76,112,67,4,54,124,119" hai2="100,12,129,47,44,64,72,87,101,39,52,42,133" hai3="91,33,17,53,103,21,125,96,90,130,92,63,69"/><T55/><D105/><U128/><E120/><V32/><F72/><W113/><G33/><T80/><D73/><U109/><E109/><V46/><F32/><W131/><G113/><T108/><D36/><U50/><E67/><V111/><F111/><N who="0" m="42538" /><D55/><U29/><E119/><V82/><F133/><W31/><G31/><N who="0" m="17847" /><D95/><U77/><E112/><V123/><F123/><W102/><G91/><AGARI ba="1,1" hai="0,1,2,16,19,80,85,91" m="17847,42538" machi="91" ten="40,3900,0" yaku="10,1,54,1" doraHai="98" who="0" fromWho="3" sc="193,52,342,0,158,0,297,-42" /><INIT seed="4,2,0,3,3,31" ten="245,342,158,255" oya="0" hai0="75,47,17,63,30,110,12,57,76,33,86,96,16" hai1="41,123,117,99,83,21,105,120,78,43,44,18,127" hai2="111,56,45,40,3,80,35,55,36,24,13,60,132" hai3="7,69,1,23,119,94,14,5,20,122,95,102,66"/><T19/><D75/><U67/><E43/><V126/><F111/><W104/><G104/><T46/><D110/><U4/><E117/><V107/><F3/><W2/><G14/><T77/><D12/><U98/><E127/><V34/><F107/><W103/><G66/><T106/><D96/><U91/><E67/><V72/><F126/><W22/><G22/><T116/><D106/><U100/><E4/><V118/><F118/><W101/><G101/><T128/><D128/><U89/><E98/><V61/><F132/><W124/><G124/><T84/><D86/><U29/><E29/><V9/><F24/><W135/><G119/><T39/><D116/><U53/><E53/><V129/><F129/><W90/><G90/><T121/><D121/><U15/><E123/><V27/><F27/><W52/><G52/><T10/><D10/><U130/><E130/><V42/><F42/><W25/><G25/><T0/><D0/><U108/><E108/><V133/><F60/><W49/><G49/><T71/><D71/><U64/><E64/><V134/><F134/><W37/><G122/><T79/><D84/><U97/><E97/><V62/><F62/><W92/><G92/><T74/><D74/><N who="1" m="43479" /><E120/><V87/><F72/><W6/><G6/><T58/><D39/><N who="1" m="21567" /><E89/><V28/><F28/><W38/><REACH who="3" step="1"/><G135/><REACH who="3" ten="245,342,158,245" step="2"/><T11/><D63/><U8/><E91/><V26/><F26/><W93/><G93/><T85/><D11/><U54/><E8/><V112/><F133/><W81/><G81/><T51/><D51/><U109/><E109/><V59/><F9/><W68/><AGARI ba="2,1" hai="1,2,5,7,20,23,37,38,68,69,94,95,102,103" machi="68" ten="25,8000,1" yaku="1,1,5,1,0,1,22,2,53,0" doraHai="31" doraHaiUra="50" who="3" fromWho="3" sc="245,-42,342,-22,158,-22,245,96" /><INIT seed="5,0,0,5,4,14" ten="203,320,136,341" oya="1" hai0="22,16,59,127,101,72,86,61,78,20,117,109,68" hai1="0,82,26,43,55,90,108,42,40,111,56,83,32" hai2="93,114,113,13,125,97,35,98,65,99,39,124,89" hai3="100,27,6,71,74,67,4,121,118,23,48,123,52"/><U47/><E0/><V36/><F35/><W104/><G74/><T51/><D72/><U50/><E32/><V115/><F65/><W28/><G118/><T49/><D68/><U134/><E26/><V37/><REACH who="2" step="1"/><F13/><REACH who="2" ten="203,320,126,341" step="2"/><W79/><G67/><N who="0" m="39359" /><D117/><U112/><E134/><V33/><F33/><W64/><G64/><T8/><D109/><N who="1" m="42059" /><E112/><V81/><F81/><N who="1" m="30729" /><E90/><V15/><F15/><W53/><G123/><T10/><D101/><U70/><E70/><V5/><F5/><W126/><G100/><T128/><D127/><AGARI ba="0,1" hai="36,37,39,89,93,97,98,99,113,114,115,124,125,127" machi="127" ten="50,8000,1" yaku="1,1,15,1,11,1,18,1,53,0" doraHai="14" doraHaiUra="77" who="2" fromWho="0" sc="203,-80,320,0,126,90,341,0" /><INIT seed="6,0,0,4,0,50" ten="123,320,216,341" oya="2" hai0="65,49,111,124,47,33,105,30,123,99,85,57,129" hai1="14,100,97,67,5,55,114,28,81,21,69,75,11" hai2="24,104,63,135,10,131,115,126,80,46,74,128,118" hai3="36,32,15,7,26,106,117,113,122,77,8,51,53"/><V1/><F118/><W87/><G36/><T66/><D111/><U39/><E39/><V125/><F104/><W76/><G106/><T112/><D112/><U44/><E114/><V133/><F115/><W101/><G101/><T12/><D129/><N who="2" m="49738" /><F24/><W71/><G71/><T56/><D124/><N who="2" m="47722" /><F63/><W72/><G72/><T2/><D2/><U82/><E69/><V45/><F1/><W6/><G26/><T83/><D105/><U98/><E67/><V58/><F58/><W109/><G32/><T38/><D57/><U116/><E116/><V41/><F10/><W37/><G8/><T35/><D56/><U102/><E44/><N who="2" m="17003" /><F41/><W9/><G9/><T89/><D66/><U91/><E11/><V43/><F43/><W48/><G113/><T18/><D65/><U34/><E34/><V132/><F80/><W23/><G37/><T73/><D38/><U25/><E82/><V134/><F135/><W121/><G117/><T94/><D35/><U3/><E3/><V95/><F95/><W84/><G48/><T31/><D33/><U59/><E81/><V4/><F74/><W96/><G51/><T60/><D73/><U52/><E75/><V130/><N who="2" m="49746" /><V40/><DORA hai="62" /><F40/><W108/><G108/><T88/><D60/><U119/><E59/><V20/><F20/><W16/><G23/><N who="0" m="11719" /><D123/><U17/><E119/><V13/><F13/><W64/><G15/><T78/><D89/><U0/><E0/><V92/><F92/><W61/><G61/><T68/><D68/><U22/><E91/><V107/><F107/><W54/><G122/><T79/><D79/><RYUUKYOKU ba="0,0" sc="123,15,320,-15,216,15,341,-15" hai0="30,31,47,49,78,83,85,88,94,99" hai2="4,132,133,134" /><INIT seed="6,1,0,1,3,124" ten="138,305,231,326" oya="2" hai0="99,101,121,66,52,91,69,79,72,39,118,108,131" hai1="47,68,119,100,6,60,22,128,4,82,53,57,45" hai2="75,133,33,7,123,88,109,11,65,5,14,104,0" hai3="135,94,51,13,97,2,3,37,132,125,8,102,95"/><V89/><F123/><W83/><G37/><T71/><D39/><U43/><E119/><V85/><F75/><W107/><G83/><T62/><D108/><U103/><E47/><V29/><F104/><W17/><G51/><T58/><D121/><U77/><E68/><V117/><F117/><W122/><G122/><T96/><D118/><U93/><E100/><V46/><F109/><W115/><G125/><T21/><D79/><U84/><E22/><V9/><F133/><N who="3" m="51275" /><G115/><T116/><D72/><U30/><E30/><V81/><F65/><W105/><G95/><T63/><D116/><U86/><E103/><V120/><F120/><W32/><G32/><T24/><D71/><U70/><E70/><V10/><F10/><W61/><G61/><T110/><D99/><U42/><E93/><V28/><F33/><W38/><G38/><T78/><D78/><U49/><E43/><V111/><F111/><W134/><G134/><T25/><D25/><U126/><E126/><V27/><F27/><W35/><G35/><T26/><D26/><U113/><E113/><V98/><F98/><W90/><G107/><T73/><D101/><U41/><E41/><V16/><F89/><W15/><G15/><T34/><D34/><U106/><E106/><V20/><F46/><W18/><G18/><N who="0" m="12343" /><D73/><U36/><E36/><V130/><F29/><W31/><G31/><T64/><D110/><U23/><E77/><V44/><F28/><W127/><G127/><T48/><D64/><U87/><E82/><V114/><F81/><W56/><G105/><T112/><D112/><U50/><E45/><RYUUKYOKU ba="1,0" sc="138,0,305,0,231,0,326,0" /><INIT seed="7,2,0,5,1,117" ten="138,305,231,326" oya="3" hai0="27,44,91,54,41,12,20,77,31,122,6,55,100" hai1="4,98,23,38,5,36,45,92,24,101,87,19,103" hai2="105,66,130,3,106,10,76,16,128,134,35,37,34" hai3="112,15,135,56,93,120,124,125,14,99,25,49,83"/><W13/><G120/><T32/><D100/><U40/><E36/><V127/><F37/><W132/><G112/><T53/><D77/><U30/><E103/><V129/><F134/><N who="3" m="51243" /><G83/><T8/><D91/><U61/><E87/><V29/><F127/><N who="3" m="48715" /><G25/><T80/><D80/><U65/><E19/><V11/><F76/><W71/><G71/><AGARI ba="2,0" hai="4,5,23,24,30,38,40,45,61,65,71,92,98,101" machi="71" ten="30,1000,0" yaku="7,1" doraHai="117" who="1" fromWho="3" sc="138,0,305,16,231,0,326,-16" owari="138,-36.0,321,42.0,231,-17.0,310,11.0" /></mjloggm>