<mjloggm ver="2.3"><GO type="169" lobby="0"/><UN n0="%E3%82%A6%E3%83%AB%E3%83%88%E3%83%A9%E7%AB%8B%E7%9B%B4" n1="%79%6A%2D%63%68%65%6B%69" n2="%66%61%6E%73%74%65%70" n3="%E3%83%AA%E3%83%83%E3%83%97%E3%83%AB%E3%83%A9%E3%83%83%E3%83%97%E3%83%AB" dan="18,16,16,17" rate="2253.77,2055.53,2111.36,2186.71" sx="M,M,M,M"/><TAIKYOKU oya="0"/><INIT seed="0,0,0,0,0,16" ten="250,250,250,250" oya="0" hai0="111,62,117,39,68,83,81,88,17,0,57,13,35" hai1="7,114,10,38,64,95,94,80,123,78,53,55,25" hai2="119,5,100,92,60,59,31,52,51,109,120,132,97" hai3="113,86,61,129,67,98,6,121,48,66,93,110,135"/><T65/><D0/><U32/><E123/><V112/><F120/><W103/><G113/><T19/><D35/><U28/><E38/><V11/><F112/><W20/><G121/><T47/><D117/><U37/><E37/><V106/><F119/><W87/><G135/><T77/><D111/><U79/><E64/><V90/><F109/><W18/><G110/><T72/><D39/><U43/><E43/><V84/><F132/><W14/><G129/><T99/><D47/><U122/><E78/><V26/><F51/><W75/><G75/><T54/><D13/><U22/><E32/><V23/><F11/><N who="3" m="4471" /><G48/><T9/><D9/><U41/><E41/><V27/><F27/><N who="3" m="14743" /><G61/><T73/><D73/><U96/><E95/><V133/><F133/><W30/><G30/><T91/><D68/><U63/><E63/><V108/><F108/><W69/><G69/><T4/><D65/><AGARI ba="0,0" hai="65,66,67,86,87,93,98,103" m="14743,4471" machi="65" ten="30,2000,0" yaku="8,1,52,1" doraHai="16" who="3" fromWho="0" sc="250,-20,250,0,250,0,250,20" /><INIT seed="1,0,0,0,1,8" ten="230,250,250,270" oya="1" hai0="32,112,61,73,105,44,3,12,59,102,125,40,9" hai1="46,72,27,36,71,20,110,48,24,120,17,2,91" hai2="79,52,7,124,55,131,108,86,22,134,23,62,119" hai3="135,117,104,83,98,106,111,41,30,37,94,69,95"/><U57/><E120/><V33/><F119/><W116/><G69/><T39/><D112/><U21/><E71/><V78/><F131/><W60/><G60/><T77/><D125/><U19/><E2/><V93/><F124/><W113/><G30/><T63/><D32/><U65/><E72/><V115/><F115/><W29/><G29/><T31/><D31/><U88/><E36/><V49/><F134/><W58/><G58/><T84/><D3/><U1/><E1/><V64/><F108/><W28/><G28/><T15/><D73/><U123/><E123/><V100/><F33/><W50/><G50/><T16/><D105/><U66/><E110/><V45/><F7/><W90/><G135/><T76/><D102/><U81/><E81/><V13/><F55/><W47/><G83/><T114/><D114/><U121/><E121/><V18/><F22/><W53/><G53/><T130/><D130/><U92/><E57/><N who="2" m="36943" /><F86/><N who="3" m="52567" /><G111/><T43/><D43/><U11/><E11/><V6/><F6/><W75/><G75/><T56/><D56/><U68/><E68/><V133/><F133/><W99/><G113/><T128/><D128/><U129/><E129/><V97/><AGARI ba="0,0" hai="13,18,23,45,49,52,78,79,93,97,100" m="36943" machi="97" ten="30,4000,0" yaku="8,1,52,1,54,1" doraHai="8" who="2" fromWho="2" sc="230,-10,250,-20,250,40,270,-10" /><INIT seed="2,0,0,0,3,37" ten="220,230,290,260" oya="2" hai0="19,85,109,84,66,89,126,104,3,93,108,39,100" hai1="49,86,129,47,125,75,0,32,91,17,31,50,106" hai2="42,64,24,133,74,11,16,92,20,60,53,36,21" hai3="52,23,15,62,68,113,131,120,57,9,18,41,112"/><V63/><F74/><W45/><G131/><T105/><D3/><U110/><E129/><V71/><F133/><W7/><G68/><T55/><D66/><U59/><E110/><N who="0" m="42601" /><D19/><U10/><E75/><V124/><F124/><W121/><G112/><T98/><D55/><N who="1" m="32247" /><E106/><N who="0" m="41065" /><D39/><U46/><E125/><V88/><F11/><W81/><G81/><N who="0" m="49295" /><D85/><U69/><E69/><V12/><F36/><W35/><G35/><T130/><D130/><U117/><E32/><V97/><F42/><W67/><G113/><T13/><D13/><N who="1" m="7351" /><E0/><V87/><F87/><W116/><G67/><T79/><D79/><U33/><E33/><V96/><F96/><W134/><G134/><T70/><D70/><U118/><E31/><V29/><F63/><W14/><REACH who="3" step="1"/><G116/><REACH who="3" ten="220,230,290,250" step="2"/><T65/><D65/><U95/><E118/><V127/><F127/><AGARI ba="0,1" hai="93,98,100,126,127" m="49295,41065,42601" machi="127" ten="40,5200,0" yaku="14,1,34,2" doraHai="37" who="0" fromWho="2" sc="220,62,230,0,290,-52,250,0" /><INIT seed="3,0,0,5,4,35" ten="282,230,238,250" oya="3" hai0="89,9,44,99,29,107,131,62,92,8,91,121,24" hai1="108,56,48,5,125,102,7,73,94,118,105,6,21" hai2="80,106,114,65,66,47,68,52,54,120,22,110,19" hai3="10,46,117,104,124,78,53,109,57,18,20,43,100"/><W72/><G117/><T36/><D121/><U2/><E108/><V75/><F106/><W134/><G109/><T12/><D131/><U71/><E125/><V58/><F110/><W74/><G124/><T88/><D107/><U16/><E71/><V126/><F126/><W33/><G134/><T95/><D62/><U98/><E73/><V87/><F75/><W38/><G33/><T64/><D64/><U113/><E113/><V116/><F116/><W133/><G133/><T60/><D60/><U55/><E105/><V25/><F114/><W61/><G10/><T101/><D95/><U129/><E129/><V50/><F120/><W79/><G74/><T28/><D24/><U111/><E111/><V30/><F68/><W42/><G42/><T70/><D70/><U122/><E122/><V40/><F54/><W69/><G72/><T76/><D76/><U83/><E83/><V45/><F45/><W1/><G1/><T51/><D36/><U90/><E118/><V119/><F119/><W96/><G69/><T4/><REACH who="0" step="1"/><D8/><REACH who="0" ten="272,230,238,250" step="2"/><U39/><E39/><V127/><F127/><W123/><G123/><T49/><D49/><U17/><E2/><V59/><F30/><W37/><G38/><T84/><D84/><U14/><E102/><V81/><F81/><W93/><G104/><T112/><D112/><U130/><E130/><V34/><F66/><W115/><G115/><T26/><D26/><AGARI ba="0,1" hai="18,20,26,37,43,46,53,57,61,78,79,93,96,100" machi="26" ten="30,1500,0" yaku="7,1" doraHai="35" who="3" fromWho="0" sc="272,-15,230,0,238,0,250,25" /><INIT seed="3,1,0,0,0,135" ten="257,230,238,275" oya="3" hai0="33,117,73,13,40,53,14,7,86,85,79,97,115" hai1="59,52,30,19,75,88,38,48,55,44,82,101,94" hai2="107,51,42,54,125,71,129,61,17,109,60,10,24" hai3="127,43,45,104,29,66,26,128,21,111,35,126,134"/><W64/><G134/><T57/><D33/><U77/><E30/><V58/><F107/><W76/><G104/><T31/><D117/><U20/><E101/><V68/><F109/><W9/><G111/><T92/><D115/><U27/><E38/><V118/><F118/><W74/><G128/><T112/><D112/><U124/><E124/><N who="3" m="47658" /><G9/><T96/><D14/><U50/><E55/><V47/><F125/><W56/><G56/><T4/><D13/><U0/><E0/><V95/><F129/><W105/><G105/><T83/><D53/><U123/><E123/><V18/><F10/><W70/><G70/><T131/><D57/><U11/><E11/><V67/><F71/><W36/><G35/><T12/><D7/><U90/><E90/><V28/><F95/><W5/><G5/><T121/><D92/><U102/><E102/><V106/><F106/><W93/><G93/><T62/><D4/><U110/><E110/><V6/><F6/><W100/><G100/><T15/><D131/><U63/><REACH who="1" step="1"/><E44/><REACH who="1" ten="257,220,238,275" step="2"/><V103/><F103/><W37/><G37/><T46/><D121/><U34/><E34/><AGARI ba="1,1" hai="17,18,24,28,34,42,47,51,54,58,60,61,67,68" machi="34" ten="30,1000,0" yaku="7,1" doraHai="135" who="2" fromWho="1" sc="257,0,220,-13,238,23,275,0" /><INIT seed="4,0,0,2,3,95" ten="257,207,261,275" oya="0" hai0="70,97,77,100,78,89,31,54,63,35,127,129,86" hai1="53,58,121,74,66,109,75,24,69,94,106,17,33" hai2="64,27,57,85,132,111,5,130,6,98,80,0,48" hai3="93,128,71,39,102,120,15,52,41,91,8,104,96"/><T36/><D36/><U59/><E109/><V115/><F111/><W22/><G71/><T117/><D117/><U49/><E106/><V34/><F130/><W18/><G128/><T123/><D123/><U83/><E121/><V23/><F34/><W119/><G119/><T29/><D129/><U135/><E69/><V112/><F0/><W45/><G120/><T9/><D9/><U61/><E135/><V114/><F132/><W10/><REACH who="3" step="1"/><G52/><REACH who="3" ten="257,207,261,265" step="2"/><T20/><D70/><U62/><E66/><V50/><F64/><W122/><G122/><T56/><D127/><U92/><E53/><V101/><F57/><W73/><G73/><T16/><D35/><U47/><E33/><V40/><F40/><W65/><G65/><T134/><D134/><U133/><E133/><V21/><F48/><W26/><G26/><T14/><D31/><U2/><E24/><V116/><F50/><W1/><G1/><T90/><D29/><U87/><E2/><V37/><F116/><W25/><G25/><T19/><D54/><U3/><E49/><V68/><F68/><W46/><G46/><T79/><D56/><U28/><E3/><V118/><F118/><W131/><G131/><T55/><D55/><U76/><E28/><V108/><F108/><W30/><G30/><T32/><D32/><U124/><E47/><V7/><F27/><W60/><G60/><T13/><D63/><U11/><E61/><V125/><F125/><W81/><G81/><T126/><D126/><U12/><E59/><V44/><F44/><W84/><AGARI ba="0,1" hai="8,10,15,18,22,39,41,45,84,91,93,96,102,104" machi="84" ten="20,8000,1" yaku="1,1,0,1,7,1,52,1,53,1" doraHai="95" doraHaiUra="103" who="3" fromWho="3" sc="257,-40,207,-20,261,-20,265,90" /><INIT seed="5,0,0,0,1,83" ten="217,187,241,355" oya="1" hai0="0,62,96,28,75,70,4,92,110,20,118,44,123" hai1="12,32,45,42,60,49,36,127,10,50,26,37,82" hai2="108,3,11,104,7,114,79,29,128,43,48,69,41" hai3="89,66,76,72,126,19,31,117,14,34,74,101,80"/><U52/><E127/><V121/><F104/><W40/><G126/><T17/><D118/><U130/><E130/><V132/><F121/><W5/><G5/><T115/><D110/><U71/><E32/><V54/><F108/><W95/><G72/><T113/><D75/><U134/><E26/><V39/><F69/><W99/><G40/><T112/><D123/><U24/><E24/><V23/><F128/><W78/><G78/><T57/><D28/><U131/><E131/><V125/><F125/><W47/><G47/><T106/><D44/><U120/><E120/><V102/><F39/><W30/><G66/><T56/><D106/><U21/><E21/><V18/><F79/><W38/><G38/><T97/><D70/><U98/><E98/><V35/><F102/><W51/><G51/><T68/><D68/><U100/><E100/><V13/><F132/><W1/><G1/><T46/><D46/><N who="1" m="27735" /><E134/><V135/><F135/><W9/><G34/><T129/><D129/><U25/><E25/><N who="2" m="18863" /><F114/><W16/><G117/><T81/><D97/><U103/><E103/><V91/><F91/><W111/><G111/><T65/><D112/><U122/><E122/><V119/><F119/><W64/><G101/><N who="0" m="60551" /><D115/><U105/><E105/><V2/><F2/><W15/><G64/><T90/><D113/><U116/><E116/><V133/><F133/><W85/><G74/><T6/><D0/><U53/><E82/><V86/><F43/><W67/><G67/><T55/><D81/><U22/><E22/><AGARI ba="0,0" hai="9,14,15,16,19,22,30,31,76,80,85,89,95,99" machi="22" ten="30,7700,0" yaku="7,1,8,1,52,1,54,1" doraHai="83" who="3" fromWho="1" sc="217,0,187,-77,241,0,355,77" /><INIT seed="6,0,0,5,5,85" ten="217,110,241,432" oya="2" hai0="69,107,54,108,91,48,8,35,39,87,76,133,29" hai1="93,42,43,125,13,47,34,80,105,130,134,33,44" hai2="12,0,2,103,19,55,132,18,89,72,56,86,30" hai3="3,83,64,95,110,20,23,117,70,41,111,57,126"/><V40/><F72/><W50/><G117/><T25/><D108/><U90/><E105/><V75/><F75/><W16/><G3/><T15/><D133/><U38/><E134/><V61/><F132/><W60/><G126/><T104/><D76/><U100/><E125/><V10/><F103/><W68/><G23/><T59/><D69/><U28/><E130/><V124/><F124/><W4/><G4/><T26/><D26/><U53/><E53/><V77/><F77/><W22/><G20/><T131/><D39/><U128/><E128/><V135/><F135/><W112/><G83/><T81/><D131/><U21/><E80/><V122/><F122/><W37/><G112/><T46/><D59/><U63/><E63/><V109/><F40/><W118/><G95/><T101/><D101/><U17/><E100/><V45/><F109/><W62/><G118/><T65/><D65/><U82/><E82/><N who="2" m="49367" /><F30/><W120/><G120/><T11/><D11/><U27/><E27/><V115/><F115/><W94/><G68/><T114/><D114/><U84/><REACH who="1" step="1"/><E28/><REACH who="1" ten="217,100,241,432" step="2"/><V127/><F127/><W92/><G111/><T31/><D31/><U102/><E102/><V116/><F116/><W96/><G110/><T66/><D66/><U129/><E129/><V71/><F71/><W32/><G64/><T67/><D67/><U121/><E121/><V1/><F61/><W74/><G60/><T78/><D78/><U6/><E6/><AGARI ba="0,1" hai="6,8,15,25,29,35,46,48,54,81,87,91,104,107" machi="6" ten="30,2000,0" yaku="7,1,52,1" doraHai="85" who="0" fromWho="1" sc="217,30,100,-20,241,0,432,0" /><INIT seed="7,0,0,0,4,61" ten="247,80,241,432" oya="3" hai0="114,79,112,106,72,41,56,48,66,45,91,34,134" hai1="92,68,88,29,86,83,12,87,22,78,120,21,71" hai2="39,132,130,118,73,67,10,93,43,26,28,46,107" hai3="125,111,24,90,85,64,19,30,13,108,100,1,44"/><W80/><G1/><T50/><D106/><U57/><E120/><V103/><F118/><W52/><G64/><T42/><D34/><U119/><E119/><V89/><F73/><W49/><G100/><T95/><D134/><U36/><E36/><V96/><F132/><W65/><G65/><T6/><D6/><U131/><E131/><V58/><F130/><W126/><G24/><T81/><D66/><U5/><E5/><V123/><F123/><W117/><G30/><T135/><D135/><U60/><E22/><V25/><F10/><N who="3" m="6583" /><G117/><T75/><D75/><U33/><E33/><V104/><F26/><W14/><G14/><T127/><D127/><AGARI ba="0,0" hai="44,49,52,80,85,90,108,111,125,126,127" m="6583" machi="127" ten="30,5800,0" yaku="25,1,18,1,54,1" doraHai="61" who="3" fromWho="0" sc="247,-58,80,0,241,0,432,58" owari="189,-21.0,80,-42.0,241,4.0,490,59.0" /></mjloggm>