<mjloggm ver="2.3"><GO type="169" lobby="0"/><UN n0="%7A%6F%6F%31%39%36%34" n1="%E5%B0%B1%E6%B4%BB%E7%94%9F%40%E5%B7%9D%E6%9D%91%E8%BB%8D%E5%9B%A3" n2="%74%65%61%6D%2D%65%78" n3="%6F%66" dan="18,19,17,17" rate="2210.60,2365.34,2174.87,2174.42" sx="M,M,M,M"/><TAIKYOKU oya="0"/><INIT seed="0,0,0,1,5,79" ten="250,250,250,250" oya="0" hai0="43,62,9,5,112,129,106,48,44,35,135,34,63" hai1="47,7,56,124,105,75,2,37,40,86,113,115,42" hai2="64,27,122,117,111,4,3,29,16,101,96,77,123" hai3="8,78,114,39,60,133,100,24,85,73,134,120,107"/><T103/><D112/><N who="1" m="43083" /><E105/><V93/><F111/><W69/><G39/><T91/><D135/><N who="3" m="51721" /><G24/><T38/><D129/><U55/><E75/><V19/><F64/><W52/><G69/><T25/><D103/><U94/><E7/><V83/><F117/><W61/><G8/><T22/><D106/><U20/><E20/><V26/><F4/><W14/><G14/><T32/><D38/><U58/><E2/><V51/><F3/><W13/><G13/><T80/><D22/><U54/><E94/><V18/><F51/><W104/><G61/><T121/><D25/><U41/><E86/><V102/><F102/><W66/><G66/><T84/><REACH who="0" step="1"/><D121/><REACH who="0" ten="240,250,250,250" step="2"/><U110/><E110/><V90/><F101/><W12/><G100/><T6/><D6/><U65/><E124/><V49/><F123/><W10/><G107/><T97/><D97/><U33/><E33/><V11/><F27/><W45/><G104/><T131/><D131/><U28/><E28/><V76/><F26/><W50/><G120/><T59/><D59/><N who="1" m="22571" /><E65/><V99/><F29/><W0/><G10/><T57/><D57/><U116/><E116/><V98/><F99/><W126/><G126/><T128/><D128/><U15/><E15/><AGARI ba="0,1" hai="5,9,15,32,34,35,43,44,48,62,63,80,84,91" machi="15" ten="40,3900,0" yaku="1,1,52,1,53,0" doraHai="79" doraHaiUra="17" who="0" fromWho="1" sc="240,49,250,-39,250,0,250,0" /><INIT seed="0,1,0,4,0,15" ten="289,211,250,250" oya="0" hai0="32,126,41,102,125,111,42,105,8,77,75,7,64" hai1="69,56,47,51,119,57,31,34,86,123,128,53,132" hai2="66,3,110,115,55,6,92,39,25,118,133,96,40" hai3="100,129,98,45,114,106,58,112,109,79,94,18,11"/><T83/><D32/><U36/><E34/><V24/><F115/><W122/><G109/><T33/><D33/><U108/><E31/><V0/><F66/><W20/><G129/><T72/><D72/><U91/><E123/><V17/><F40/><W59/><G122/><T103/><D64/><U65/><E119/><V135/><F39/><W38/><G79/><T73/><D73/><U127/><E108/><V89/><F110/><W93/><G106/><T80/><D80/><U117/><E117/><V61/><F118/><W121/><G121/><T107/><D111/><U60/><E128/><V130/><F25/><W76/><G76/><T21/><D21/><U85/><E132/><N who="2" m="50763" /><F6/><W71/><G71/><T4/><D4/><U99/><E127/><N who="0" m="48649" /><D42/><U35/><E35/><V48/><F130/><W81/><G81/><T88/><D88/><U5/><E5/><V26/><F0/><W52/><G38/><T95/><D41/><N who="1" m="22951" /><E57/><N who="2" m="35007" /><F3/><W44/><G59/><T116/><D116/><U74/><E74/><V30/><F30/><W22/><G114/><T29/><D29/><U27/><E27/><V67/><F26/><W90/><G112/><T134/><D134/><U54/><E54/><V43/><F67/><W101/><G45/><T87/><D75/><U62/><E62/><V124/><F124/><W14/><G44/><T104/><D95/><AGARI ba="1,0" hai="51,53,56,60,65,69,85,86,91,95,99" m="22951" machi="95" ten="30,1000,0" yaku="24,1" doraHai="15" who="1" fromWho="0" sc="289,-13,211,13,250,0,250,0" /><INIT seed="1,0,0,5,3,116" ten="276,224,250,250" oya="1" hai0="113,125,25,0,50,48,111,20,59,85,123,78,32" hai1="134,107,88,89,30,129,46,27,15,8,31,39,98" hai2="91,83,43,82,130,29,47,74,120,71,119,61,110" hai3="128,41,4,37,5,23,84,95,127,19,101,112,35"/><U131/><E134/><V11/><F119/><W17/><G35/><T14/><D113/><U103/><E39/><V109/><F29/><W73/><G73/><T62/><D0/><U56/><E46/><V97/><F11/><W80/><G112/><T93/><D111/><N who="2" m="42506" /><F61/><W13/><G128/><N who="1" m="49226" /><E56/><V53/><F53/><W70/><G127/><T124/><D50/><U99/><E99/><V106/><F71/><W6/><G70/><T40/><D93/><U45/><E45/><V118/><F47/><W10/><G37/><T121/><D85/><U87/><E87/><N who="2" m="50687" /><F43/><W104/><G104/><T51/><D40/><U72/><E72/><V2/><F2/><W81/><G41/><T117/><D51/><U55/><E55/><V18/><F18/><W12/><G101/><T114/><D48/><U76/><E76/><N who="2" m="44311" /><F118/><W44/><G44/><T94/><D117/><U92/><E107/><V126/><F130/><W21/><G10/><T69/><D69/><U3/><E3/><V57/><F57/><W54/><G54/><T1/><D1/><U108/><E108/><V133/><F133/><W115/><G115/><T79/><D114/><U60/><E60/><V16/><F97/><W67/><G67/><T33/><D62/><U122/><E31/><V90/><F106/><W36/><REACH who="3" step="1"/><G36/><REACH who="3" ten="276,224,250,240" step="2"/><T64/><D64/><U100/><E8/><V65/><F65/><W105/><G105/><T96/><D59/><U7/><E7/><V52/><F52/><W26/><G26/><T49/><D25/><U86/><E27/><V132/><F132/><W58/><G58/><T24/><D24/><RYUUKYOKU ba="0,1" sc="276,-10,224,-10,250,-10,240,30" hai3="4,5,6,12,13,17,19,21,23,80,81,84,95" /><INIT seed="2,1,1,2,2,90" ten="266,214,240,270" oya="2" hai0="69,114,128,5,25,103,20,111,23,26,32,85,115" hai1="116,112,84,4,110,134,71,44,43,10,100,130,70" hai2="107,106,58,57,11,3,125,36,135,127,14,86,45" hai3="65,129,62,15,89,118,81,37,55,52,51,133,83"/><V102/><F3/><W67/><G37/><T33/><D69/><U66/><E116/><V121/><F121/><W17/><G129/><T74/><D74/><U41/><E112/><V98/><F106/><W60/><G133/><T77/><D103/><U96/><E130/><V131/><F131/><W22/><G118/><T48/><D128/><U64/><E134/><V76/><F36/><W27/><G27/><T123/><D48/><U82/><E110/><V18/><F45/><W46/><G55/><T97/><D97/><U13/><E71/><V117/><F135/><W28/><G28/><T59/><D59/><U47/><E70/><V1/><F1/><W2/><G2/><T99/><D99/><U104/><E44/><V80/><REACH who="2" step="1"/><F117/><REACH who="2" ten="266,214,230,270" step="2"/><W61/><REACH who="3" step="1"/><G89/><REACH who="3" ten="266,214,230,260" step="2"/><T108/><D123/><U53/><E43/><V31/><F31/><W124/><G124/><AGARI ba="1,3" hai="11,14,18,57,58,76,80,86,98,102,107,124,125,127" machi="124" ten="40,7700,0" yaku="1,1,18,1,53,1" doraHai="90" doraHaiUra="9" who="2" fromWho="3" sc="266,0,214,0,230,110,260,-80" /><INIT seed="2,2,0,1,4,13" ten="266,214,340,180" oya="2" hai0="55,79,135,105,110,30,26,100,80,103,58,108,134" hai1="95,125,109,46,6,51,123,130,34,92,31,63,33" hai2="83,23,124,114,25,70,36,64,54,131,50,84,49" hai3="87,19,76,56,113,4,98,45,120,107,115,0,44"/><V57/><F36/><W73/><G73/><T3/><D3/><U85/><E125/><V99/><F114/><N who="3" m="43531" /><G0/><T7/><D7/><U119/><E6/><V75/><F75/><W128/><G4/><T59/><D105/><U91/><E119/><V117/><F117/><W20/><G120/><T11/><D11/><U32/><E123/><V27/><F124/><W77/><G56/><T37/><D37/><U88/><E130/><V66/><F70/><W129/><G98/><T61/><D59/><U14/><E109/><N who="0" m="42089" /><D80/><U42/><E63/><V89/><F131/><N who="3" m="50251" /><G107/><T112/><D79/><N who="3" m="30281" /><G87/><T52/><D103/><U102/><E102/><V62/><F62/><W101/><G101/><T53/><D100/><U132/><E92/><V81/><F81/><W8/><G8/><T10/><D10/><U22/><E91/><V71/><F99/><W111/><G111/><T65/><D112/><U35/><E95/><V96/><F96/><W116/><G116/><T68/><D58/><U29/><E85/><V90/><F90/><W74/><G74/><T47/><D47/><U5/><E88/><V121/><F121/><W106/><G106/><T18/><D30/><U43/><E5/><V39/><F89/><W24/><AGARI ba="2,0" hai="19,20,24,44,45" m="30281,50251,43531" machi="24" ten="40,5200,0" yaku="11,1,19,1,52,1" doraHai="13" who="3" fromWho="3" sc="266,-15,214,-15,340,-28,180,58" /><INIT seed="3,0,0,4,4,58" ten="251,199,312,238" oya="3" hai0="67,42,66,133,82,53,87,38,130,12,118,15,28" hai1="95,100,122,50,54,0,72,37,29,125,117,21,59" hai2="65,127,16,71,131,31,4,43,34,60,104,126,68" hai3="36,91,101,102,89,80,17,22,88,129,9,62,83"/><W11/><G129/><T84/><D130/><U77/><E122/><V134/><F131/><W78/><G36/><T13/><D118/><U106/><E0/><V116/><F116/><W79/><G22/><T44/><D133/><U46/><E125/><N who="2" m="47627" /><F104/><W18/><REACH who="3" step="1"/><G91/><REACH who="3" ten="251,199,312,228" step="2"/><T75/><D38/><U14/><E37/><V93/><F134/><W56/><G56/><T25/><D44/><U40/><E117/><V119/><F119/><W47/><G47/><T110/><D110/><U107/><E21/><V103/><F68/><W109/><G109/><T63/><D28/><U112/><E29/><V26/><F31/><W33/><G33/><T128/><D128/><U61/><E112/><V85/><F34/><W41/><G41/><T97/><D42/><U114/><E114/><V69/><F43/><W135/><G135/><T2/><D25/><U123/><E123/><V7/><F69/><W6/><G6/><T90/><D90/><U5/><E5/><V8/><F4/><W57/><G57/><T23/><D23/><U96/><E14/><V99/><F7/><W35/><G35/><T32/><D32/><U24/><E24/><V74/><F26/><W45/><G45/><T19/><D15/><U55/><E40/><V115/><F115/><W49/><G49/><T121/><D13/><U108/><E108/><V94/><F71/><W48/><G48/><T64/><D121/><U1/><E1/><V51/><F51/><W113/><G113/><T20/><D2/><U10/><E10/><V124/><F124/><W111/><G111/><T39/><D39/><U76/><E76/><RYUUKYOKU ba="0,1" sc="251,-15,199,15,312,-15,228,15" hai1="46,50,54,55,59,61,72,77,95,96,100,106,107" hai3="9,11,17,18,62,78,79,80,83,88,89,101,102" /><INIT seed="3,1,1,5,1,70" ten="236,214,297,243" oya="3" hai0="118,126,98,88,120,27,36,65,100,128,85,119,5" hai1="55,84,115,73,103,114,8,46,69,92,59,86,67" hai2="109,35,51,77,134,10,15,91,41,75,107,104,111" hai3="124,105,50,94,54,102,56,125,117,96,32,127,130"/><W129/><G117/><T16/><D120/><U18/><E73/><V29/><F134/><W64/><G32/><T93/><D5/><U24/><E69/><V99/><F77/><W0/><G0/><T61/><D128/><U60/><E114/><V66/><F75/><W74/><G74/><T63/><D36/><U78/><E78/><V38/><F66/><W44/><G105/><T121/><D121/><U19/><E115/><V82/><F29/><W43/><REACH who="3" step="1"/><G64/><REACH who="3" ten="236,214,297,233" step="2"/><T37/><D65/><U95/><E67/><V133/><F35/><W47/><G47/><T80/><D119/><U6/><E46/><V135/><F107/><W4/><G4/><T62/><D118/><U3/><E103/><V2/><F104/><W58/><G58/><T7/><D7/><U42/><E6/><V21/><F2/><W131/><G131/><T132/><D132/><U83/><E59/><V48/><F135/><W39/><AGARI ba="1,2" hai="39,43,44,50,54,56,94,96,102,124,125,127,129,130" machi="39" ten="40,12000,1" yaku="1,1,0,1,18,1,52,1,53,0" doraHai="70" doraHaiUra="113" who="3" fromWho="3" sc="236,-41,214,-41,297,-41,233,143" /><INIT seed="3,2,0,2,3,68" ten="195,173,256,376" oya="3" hai0="38,78,83,102,12,39,81,27,100,11,44,52,134" hai1="69,80,93,103,104,10,87,70,14,118,92,114,8" hai2="85,66,22,53,117,23,77,91,119,29,132,45,88" hai3="123,57,28,24,79,18,126,116,131,122,5,20,60"/><W40/><G116/><T120/><D120/><U71/><E114/><V111/><F111/><W94/><G131/><T133/><D27/><U76/><E118/><V7/><F132/><N who="0" m="50794" /><D102/><U1/><E1/><V127/><F127/><W64/><G126/><T46/><D100/><U73/><E10/><V9/><F66/><W43/><G79/><T95/><D95/><U107/><E92/><V74/><F74/><W30/><G123/><T113/><D113/><U4/><REACH who="1" step="1"/><E87/><REACH who="1" ten="195,163,256,376" step="2"/><V56/><F85/><W0/><G122/><T84/><D83/><U67/><E67/><V55/><F9/><W21/><G94/><T35/><D35/><U75/><E75/><V61/><F117/><W2/><G2/><T37/><D52/><U98/><AGARI ba="2,1" hai="4,8,14,69,70,71,73,76,80,93,98,103,104,107" machi="98" ten="40,2700,0" yaku="1,1,0,1,53,0" doraHai="68" doraHaiUra="109" who="1" fromWho="1" sc="195,-9,163,43,256,-9,376,-15" /><INIT seed="4,0,0,2,4,8" ten="186,206,247,361" oya="0" hai0="28,97,123,81,95,102,29,39,48,74,34,50,84" hai1="98,40,27,82,61,67,129,25,69,26,120,9,135" hai2="32,60,94,122,23,38,88,125,112,71,103,63,78" hai3="3,14,91,99,54,33,13,2,118,110,116,6,30"/><T65/><D123/><U42/><E120/><V43/><F32/><W107/><G107/><T36/><D74/><U22/><E129/><V21/><F122/><W55/><G91/><T45/><D39/><U114/><E135/><V64/><F112/><W126/><G99/><T121/><D121/><U0/><E114/><V108/><F108/><W10/><G54/><T19/><D36/><U85/><E22/><V132/><F132/><W93/><G93/><T24/><D29/><U119/><E98/><V113/><F113/><W44/><G55/><T37/><D65/><U106/><E106/><V59/><F103/><W11/><G44/><T79/><REACH who="0" step="1"/><D19/><REACH who="0" ten="176,206,247,361" step="2"/><U130/><E119/><V134/><F38/><W127/><G110/><T68/><D68/><U35/><E130/><V7/><F64/><W5/><G33/><T86/><D86/><U15/><E35/><V51/><F71/><W75/><G75/><T12/><D12/><N who="3" m="4713" /><G30/><T31/><D31/><U18/><REACH who="1" step="1"/><E0/><REACH who="1" ten="176,196,247,361" step="2"/><V46/><F134/><W76/><G76/><AGARI ba="0,2" hai="9,15,18,25,26,27,40,42,61,67,69,76,82,85" machi="76" ten="40,8000,1" yaku="1,1,2,1,52,1,53,1" doraHai="8" doraHaiUra="73" who="1" fromWho="3" sc="176,0,196,100,247,0,361,-80" /><INIT seed="5,0,0,4,3,76" ten="176,296,247,281" oya="1" hai0="79,46,102,121,52,31,29,69,16,23,89,45,56" hai1="28,48,32,33,91,11,74,55,51,43,73,134,83" hai2="88,101,64,67,22,124,118,9,122,57,119,36,133" hai3="18,54,81,8,27,58,128,3,120,5,86,14,112"/><U84/><E134/><V105/><F122/><W77/><G128/><T117/><D117/><U30/><E74/><V15/><F133/><W59/><G112/><T129/><D69/><U10/><E73/><V26/><F36/><W97/><G120/><T63/><D129/><U4/><E33/><V53/><F101/><W68/><G68/><T49/><D121/><U90/><E32/><V108/><F105/><W135/><G135/><T130/><D130/><U24/><E91/><V100/><F100/><W95/><G54/><T80/><D102/><U35/><E30/><N who="0" m="11273" /><D79/><U115/><E115/><V104/><F104/><W111/><G111/><T98/><D63/><U2/><E43/><V75/><F75/><W85/><G97/><T61/><D49/><U93/><E10/><V42/><F42/><W39/><G39/><T99/><D99/><U13/><E2/><V82/><F108/><W87/><G3/><T66/><D66/><U37/><E37/><V103/><F103/><W125/><G125/><T116/><D116/><U107/><E107/><V62/><F124/><W25/><G95/><N who="0" m="56687" /><D80/><U7/><E51/><V34/><F34/><W6/><G81/><T0/><D0/><U110/><E110/><V72/><F72/><W60/><G77/><T21/><D21/><U38/><E38/><V96/><F118/><W114/><G114/><T109/><D109/><U20/><E35/><V127/><F127/><W40/><G40/><T113/><D113/><U65/><E65/><V106/><F119/><W47/><G60/><T12/><AGARI ba="0,0" hai="12,16,23,45,46,52,56,61" m="56687,11273" machi="12" ten="30,4000,0" yaku="8,1,54,2" doraHai="76" who="0" fromWho="0" sc="176,40,296,-20,247,-10,281,-10" /><INIT seed="6,0,0,1,4,83" ten="216,276,237,271" oya="2" hai0="74,63,113,32,42,73,25,8,126,109,119,85,61" hai1="17,132,91,95,38,0,110,43,88,130,101,86,20" hai2="67,50,19,13,26,28,29,52,82,120,47,68,6" hai3="107,129,4,102,111,27,75,62,39,16,44,106,58"/><V97/><F120/><W1/><G75/><T18/><D109/><U108/><E0/><V115/><F115/><W14/><G129/><T5/><D113/><U81/><E130/><V89/><F6/><W10/><G111/><T105/><D105/><U35/><E35/><V84/><F97/><W124/><G124/><T55/><D126/><U125/><E125/><V121/><F121/><W7/><G7/><T57/><D42/><U34/><E34/><V2/><F2/><W24/><G24/><T54/><D119/><U100/><E132/><V98/><F98/><W15/><G27/><T48/><D63/><U40/><E38/><V12/><F12/><W123/><G123/><T93/><D32/><U94/><E94/><V70/><F67/><W127/><G1/><T90/><D18/><U134/><E134/><V22/><REACH who="2" step="1"/><F29/><REACH who="2" ten="216,276,227,271" step="2"/><W33/><G127/><T71/><D25/><N who="1" m="14479" /><E110/><V103/><F103/><N who="1" m="39497" /><E108/><V99/><F99/><AGARI ba="0,1" hai="40,43,81,86,88,91,95,99" m="39497,14479" machi="99" ten="30,3900,0" yaku="8,1,52,1,54,1" doraHai="83" who="1" fromWho="2" sc="216,0,276,49,227,-39,271,0" /><INIT seed="7,0,0,2,0,10" ten="216,325,188,271" oya="3" hai0="102,48,47,5,31,130,100,42,85,69,22,24,37" hai1="127,82,16,26,64,97,114,35,14,36,95,93,4" hai2="2,77,98,125,9,1,29,59,134,101,91,27,113" hai3="104,89,124,51,68,41,56,30,70,0,66,11,107"/><W118/><G118/><T80/><D69/><U32/><E36/><V49/><F113/><W105/><G30/><T103/><D130/><U38/><E38/><V126/><F134/><W40/><G124/><T44/><D5/><U83/><E114/><V116/><F116/><W132/><G132/><T79/><D103/><U86/><E35/><V121/><F121/><W76/><G76/><T39/><D39/><U3/><E3/><V17/><F77/><W63/><G89/><T87/><D87/><U52/><E64/><V99/><F125/><W122/><G122/><T67/><D67/><U15/><E32/><V53/><F126/><W88/><G88/><T8/><D8/><N who="1" m="4359" /><E26/><V129/><F129/><W7/><G40/><AGARI ba="0,0" hai="22,24,31,37,40,42,44,47,48,79,80,85,100,102" machi="40" ten="30,1000,0" yaku="7,1" doraHai="10" who="0" fromWho="3" sc="216,10,325,0,188,0,271,-10" owari="226,-17.0,325,42.0,188,-31.0,261,6.0" /></mjloggm>