<mjloggm ver="2.3"><GO type="169" lobby="0"/><UN n0="%E6%99%AE%E8%B3%A2" n1="%61%71%75%61%72%69%75%73" n2="%E9%9B%80%E5%A3%AB%E3%81%AC%E3%82%8B%E3%82%8A%E3%82%93" n3="%E3%83%88%E3%83%88%E3%83%AA%E5%85%88%E7%94%9F%31%39%E6%AD%B3" dan="16,16,16,19" rate="2090.36,2088.10,2096.10,2330.39" sx="F,M,M,F"/><TAIKYOKU oya="0"/><INIT seed="0,0,0,2,0,78" ten="250,250,250,250" oya="0" hai0="41,88,89,33,116,4,24,75,14,22,133,9,83" hai1="101,118,38,122,66,107,79,11,47,49,91,54,28" hai2="16,31,97,90,100,44,64,113,45,53,115,72,0" hai3="10,46,37,43,128,109,51,84,17,5,119,52,126"/><T59/><D116/><U71/><E38/><V106/><F0/><W12/><G119/><T63/><D133/><U6/><E91/><V50/><F31/><W117/><G117/><T1/><D41/><U15/><E118/><V81/><F64/><W73/><G73/><T93/><D33/><U103/><E28/><V36/><F36/><W34/><G34/><T62/><D1/><U120/><E107/><V99/><F45/><W55/><G109/><T20/><D75/><U27/><E27/><V108/><F108/><W57/><G128/><T35/><D35/><U102/><E66/><V125/><F125/><W32/><G32/><T42/><D42/><U19/><E71/><V76/><F97/><W77/><G126/><T92/><D22/><U85/><E6/><V127/><F127/><W7/><G55/><T2/><D2/><U121/><E121/><V65/><F65/><W39/><G39/><T95/><D59/><U98/><E98/><V134/><F134/><W130/><G130/><T8/><D8/><U124/><E124/><V131/><F131/><W68/><G68/><T82/><D62/><U29/><E29/><V56/><F56/><W114/><G114/><T70/><D63/><U129/><E129/><V86/><F16/><W26/><G26/><T18/><D70/><U61/><E61/><V135/><F135/><W104/><G104/><T23/><D23/><U69/><E69/><V58/><F44/><W80/><AGARI ba="0,0" hai="5,7,10,12,17,37,43,46,51,52,57,77,80,84" machi="80" ten="30,4000,0" yaku="0,1,52,1,54,1" doraHai="78" who="3" fromWho="3" sc="250,-20,250,-10,250,-10,250,40" /><INIT seed="1,0,0,2,4,26" ten="230,240,240,290" oya="1" hai0="114,34,15,75,28,27,57,80,97,18,40,39,43" hai1="41,72,24,33,116,8,0,7,123,38,63,88,37" hai2="20,81,17,14,65,122,76,30,45,29,58,102,6" hai3="128,74,78,89,68,9,118,112,107,85,111,84,132"/><U101/><E72/><V73/><F122/><W99/><G68/><T19/><D114/><U51/><E123/><V32/><F32/><W1/><G1/><T105/><D39/><U120/><E101/><V95/><F6/><W22/><G9/><T56/><D18/><U64/><E116/><V125/><F125/><W77/><G22/><T82/><D82/><U92/><E120/><V61/><F102/><N who="3" m="62943" /><G112/><T135/><D135/><U96/><E51/><V108/><F108/><W79/><G111/><T25/><D25/><U100/><E41/><V131/><F131/><W71/><G71/><T69/><D69/><U52/><E100/><V50/><REACH who="2" step="1"/><F95/><REACH who="2" ten="230,240,230,290" step="2"/><N who="3" m="54695" /><G128/><T35/><D35/><U90/><E33/><V2/><F2/><W62/><G118/><T13/><D13/><U67/><E0/><V70/><F70/><W103/><G132/><T104/><D104/><U113/><E113/><V12/><F12/><W115/><G115/><T130/><D105/><U121/><E121/><V119/><F119/><W54/><G103/><T93/><D130/><U83/><E24/><V42/><AGARI ba="0,1" hai="14,17,20,29,30,42,45,50,58,61,65,73,76,81" machi="42" ten="20,8000,1" yaku="1,1,0,1,7,1,52,2,53,0" doraHai="26" doraHaiUra="23" who="2" fromWho="2" sc="230,-20,240,-40,230,90,290,-20" /><INIT seed="2,0,0,3,1,31" ten="210,200,320,270" oya="2" hai0="115,5,30,2,50,7,45,21,124,4,25,120,6" hai1="75,41,13,79,131,85,98,38,55,92,109,28,117" hai2="35,125,132,91,82,90,101,59,0,56,83,11,64" hai3="40,126,10,8,123,70,99,127,119,118,129,116,34"/><V62/><F101/><W16/><G70/><T29/><D120/><U106/><E38/><V36/><F36/><W33/><G40/><T27/><D115/><U102/><E41/><V15/><F0/><W128/><G99/><T87/><D124/><N who="3" m="47657" /><G123/><T63/><D63/><U113/><E28/><V130/><F125/><W69/><G69/><T39/><D39/><U122/><E13/><V73/><F132/><W97/><G97/><T52/><N who="0" m="1024" /><DORA hai="46" /><T71/><D71/><U67/><E67/><V48/><F130/><N who="3" m="50283" /><G16/><N who="0" m="12455" /><D2/><U133/><E131/><V17/><F17/><W68/><G68/><T112/><D112/><U42/><E42/><V81/><F73/><W86/><G86/><T66/><D66/><U14/><E85/><V134/><F90/><W24/><G24/><T103/><D27/><U65/><E75/><V89/><F91/><W12/><G12/><T84/><D103/><U88/><E102/><V23/><F89/><W121/><G121/><T9/><D9/><AGARI ba="0,0" hai="8,9,10,33,34,116,118,119" m="50283,47657" machi="9" ten="40,16000,3" yaku="28,2,18,1,19,1,34,2,52,2" doraHai="31,46" who="3" fromWho="0" sc="210,-160,200,0,320,0,270,160" /><BYE who="0" /><INIT seed="3,0,0,2,0,104" ten="50,200,320,430" oya="3" hai0="123,7,18,58,43,11,2,9,54,57,61,64,45" hai1="76,132,118,80,6,3,121,98,127,129,26,119,8" hai2="108,115,89,39,71,19,126,128,94,101,130,95,15" hai3="116,48,32,51,23,28,40,44,12,72,135,55,53"/><W90/><G116/><N who="1" m="44586" /><E121/><V86/><F71/><W111/><G135/><T106/><D106/><U107/><E127/><V79/><F39/><W34/><G111/><T59/><D59/><U60/><E60/><V83/><F19/><W37/><G72/><T102/><D102/><N who="1" m="62935" /><E26/><V85/><F15/><W49/><G90/><T112/><D112/><U70/><E129/><N who="2" m="49771" /><F115/><W109/><G109/><T31/><D31/><U33/><E132/><V13/><F13/><W38/><G38/><T77/><D77/><U67/><E33/><V17/><F17/><W97/><G34/><T122/><D122/><U0/><E67/><V5/><F5/><W36/><G32/><T46/><D46/><U99/><E99/><N who="2" m="59647" /><F108/><W84/><G28/><T25/><D25/><U50/><E50/><V27/><F27/><W22/><G36/><T100/><D100/><U14/><E70/><V62/><F62/><W75/><G48/><T124/><D124/><AGARI ba="0,0" hai="79,83,85,86,89,94,124,126" m="59647,49771" machi="124" ten="30,3900,0" yaku="19,1,34,2" doraHai="104" who="2" fromWho="0" sc="50,-39,200,0,320,39,430,0" /><INIT seed="4,0,0,4,5,1" ten="11,200,359,430" oya="0" hai0="80,30,83,71,2,67,99,54,63,36,15,65,61" hai1="5,118,35,133,76,59,98,14,107,93,45,108,6" hai2="7,43,24,62,111,75,91,87,44,40,42,105,48" hai3="33,114,122,28,100,106,115,78,51,58,89,31,3"/><T0/><D0/><U46/><E35/><V109/><F105/><W81/><G122/><T64/><D64/><U82/><E107/><V47/><F75/><W68/><G68/><T52/><D52/><U120/><E118/><V126/><F126/><W86/><G3/><T25/><D25/><U50/><E120/><V69/><F24/><W104/><G51/><T79/><D79/><U66/><E133/><V17/><F17/><W77/><G58/><T101/><D101/><U113/><E108/><V4/><F69/><W32/><G100/><T22/><D22/><U130/><E130/><V72/><F72/><W117/><G117/><T39/><D39/><U57/><E14/><V127/><F127/><W37/><G37/><T18/><D18/><U124/><E124/><V49/><F43/><W23/><G23/><T12/><D12/><U27/><E27/><V55/><F109/><W128/><G128/><T10/><D10/><U92/><E113/><N who="3" m="43018" /><G106/><T56/><D56/><U26/><E26/><V129/><F129/><W90/><G78/><T38/><D38/><U135/><E66/><V88/><F111/><W34/><G104/><T97/><D97/><U70/><E50/><V8/><F8/><W19/><G19/><T112/><D112/><U94/><E70/><V102/><F102/><W16/><G16/><T110/><D110/><U125/><E125/><V123/><F123/><W84/><G77/><T132/><D132/><U121/><E135/><V60/><F55/><W73/><G73/><T96/><D96/><U9/><E121/><V131/><F131/><W20/><G20/><RYUUKYOKU ba="0,0" sc="11,-15,200,-15,359,15,430,15" hai2="4,7,40,42,44,47,48,49,60,62,87,88,91" hai3="28,31,32,33,34,81,84,86,89,90" owari="-4,-50.0,185,-21.0,374,17.0,445,54.0" /></mjloggm>