<mjloggm ver="2.3"><GO type="169" lobby="0"/><UN n0="%E3%83%88%E3%83%88%E3%83%AA%E5%85%88%E7%94%9F%31%39%E6%AD%B3" n1="%E3%81%95%E3%82%8A%E3%83%BC%E3%81%99%E3%81%93%E3%81%A3%E3%81%A8" n2="%E2%98%85%E9%A2%A8%E3%81%AE%E8%B0%B7%E2%98%85" n3="%E6%97%85%E4%BA%BA%E3%81%A1%E3%82%88%E3%81%99%E3%81%91" dan="17,16,17,17" rate="2238.90,2126.40,2117.49,2246.11" sx="F,F,M,M"/><TAIKYOKU oya="0"/><INIT seed="0,0,0,3,4,46" ten="250,250,250,250" oya="0" hai0="110,60,80,127,30,58,133,109,28,33,68,83,24" hai1="38,29,11,126,120,84,13,106,118,3,4,71,112" hai2="74,76,5,93,92,73,103,67,79,82,115,53,97" hai3="39,14,51,41,8,16,45,26,27,9,43,63,124"/><T50/><D133/><U61/><E106/><V35/><F35/><W48/><G124/><T87/><D127/><U15/><E38/><V102/><F115/><W31/><G41/><T57/><D30/><U37/><E37/><V117/><F67/><W90/><G26/><T95/><D68/><U75/><E75/><N who="2" m="28683" /><F5/><W12/><G90/><N who="0" m="53727" /><D58/><U70/><E70/><V85/><F53/><W25/><G63/><T114/><D114/><U66/><E112/><V123/><F123/><W7/><G27/><T56/><D57/><U44/><E29/><V0/><F0/><W6/><G7/><T98/><D98/><U125/><E120/><V20/><F20/><AGARI ba="0,0" hai="6,8,9,12,14,16,20,25,31,39,43,45,48,51" machi="20" ten="30,7700,0" yaku="7,1,52,2,54,1" doraHai="46" who="3" fromWho="2" sc="250,0,250,0,250,-77,250,77" /><INIT seed="1,0,0,5,4,44" ten="250,250,173,327" oya="1" hai0="48,71,14,40,110,13,67,1,60,9,27,45,24" hai1="39,132,109,91,37,86,38,77,131,32,135,54,103" hai2="46,7,93,56,62,50,49,96,42,87,108,88,82" hai3="121,30,125,118,124,99,4,74,126,69,120,81,21"/><U106/><E131/><V64/><F108/><W58/><G69/><T105/><D105/><U89/><E32/><V26/><F7/><W84/><G4/><T17/><D1/><U116/><E116/><V79/><F26/><N who="3" m="16719" /><G74/><T119/><D119/><U123/><E123/><V102/><F102/><W55/><G118/><T0/><D0/><U2/><E2/><V43/><F43/><W129/><G99/><T11/><REACH who="0" step="1"/><D110/><REACH who="0" ten="240,250,173,327" step="2"/><U22/><E109/><V61/><REACH who="2" step="1"/><F61/><REACH who="2" ten="240,250,163,327" step="2"/><N who="3" m="36063" /><G129/><T104/><D104/><U10/><E106/><V33/><F33/><W100/><G100/><T59/><D59/><U57/><E103/><V94/><F94/><W80/><G80/><T16/><AGARI ba="0,2" hai="9,11,13,14,16,17,24,27,40,45,48,60,67,71" machi="16" ten="20,12000,2" yaku="1,1,0,1,7,1,9,1,52,1,54,1,53,0" doraHai="44" doraHaiUra="92" who="0" fromWho="0" sc="240,140,250,-60,163,-30,327,-30" /><INIT seed="2,0,0,5,5,41" ten="380,190,133,297" oya="2" hai0="54,121,30,27,96,26,65,28,43,1,50,124,135" hai1="71,36,111,32,23,93,82,114,120,39,104,97,6" hai2="20,45,115,88,35,128,0,42,81,2,21,63,69" hai3="133,105,129,125,73,40,7,106,119,90,8,102,126"/><V98/><F35/><W22/><G119/><T46/><D121/><U78/><E32/><V56/><F69/><W94/><G73/><T117/><D1/><U100/><E71/><V87/><F115/><W37/><G129/><T44/><D117/><U68/><E68/><V108/><F128/><W77/><G77/><T92/><D135/><U109/><E114/><V66/><F108/><W84/><G133/><T131/><D65/><U38/><E6/><V72/><F72/><W48/><G37/><T5/><D5/><U58/><E120/><V17/><F21/><W101/><G22/><T51/><D131/><U132/><E132/><V116/><F98/><W24/><G24/><N who="0" m="9259" /><D124/><U10/><E10/><V4/><F4/><W70/><G70/><T80/><D80/><U3/><E3/><V60/><F60/><W29/><G29/><T91/><AGARI ba="0,0" hai="28,30,43,44,46,50,51,54,91,92,96" m="9259" machi="91" ten="30,4000,0" yaku="8,1,52,2" doraHai="41" who="0" fromWho="0" sc="380,40,190,-10,133,-20,297,-10" /><INIT seed="3,0,0,2,0,27" ten="420,180,113,287" oya="3" hai0="89,75,53,13,44,114,72,97,46,74,26,36,59" hai1="106,37,108,56,83,119,78,58,85,8,34,16,42" hai2="0,5,14,133,64,10,125,28,81,135,96,65,38" hai3="33,102,39,45,73,130,117,29,25,82,92,105,86"/><W110/><G117/><T32/><D114/><U63/><E108/><V68/><F38/><W118/><G118/><T101/><D36/><U88/><E34/><V132/><F68/><W104/><G130/><T54/><D89/><U67/><E119/><V70/><F70/><W79/><G110/><T123/><D123/><U87/><E106/><V93/><F81/><W69/><G69/><T84/><D84/><U41/><E37/><V76/><F76/><W23/><G23/><T30/><D13/><N who="1" m="7207" /><E58/><V100/><F125/><W49/><G39/><T62/><REACH who="0" step="1"/><D54/><REACH who="0" ten="410,180,113,287" step="2"/><U99/><E99/><V55/><F0/><W113/><G113/><T128/><D128/><U31/><E85/><V15/><F15/><W60/><G86/><T22/><D22/><U1/><E1/><V94/><F55/><W124/><G124/><T11/><D11/><U2/><E2/><V80/><F80/><W20/><G20/><T21/><D21/><U50/><E78/><V40/><F40/><W66/><G102/><T48/><D48/><U43/><E50/><V129/><F129/><W121/><G121/><T19/><D19/><U115/><E115/><V4/><F28/><AGARI ba="0,1" hai="28,31,41,42,43,56,63,67,83,87,88" m="7207" machi="28" ten="30,8000,1" yaku="8,1,52,2,54,2" doraHai="27" who="1" fromWho="2" sc="410,0,180,90,113,-80,287,0" /><INIT seed="4,0,0,0,0,53" ten="410,270,33,287" oya="0" hai0="58,23,132,36,85,26,72,57,94,76,54,8,115" hai1="114,16,99,62,55,47,34,61,130,27,111,113,17" hai2="51,41,121,119,21,96,32,77,102,91,67,120,63" hai3="0,3,64,108,15,90,118,48,79,134,84,35,44"/><T65/><D36/><U97/><E111/><V135/><F32/><W73/><G108/><T109/><D109/><U42/><E130/><V28/><F119/><W11/><G118/><T66/><D72/><U92/><E34/><V25/><F135/><W40/><G35/><T82/><D132/><U93/><E27/><V9/><F77/><W7/><G134/><T1/><D115/><N who="1" m="44043" /><E42/><V56/><F91/><W101/><G101/><T131/><D131/><U13/><E47/><V12/><F41/><W46/><G73/><T88/><D1/><U68/><E68/><V126/><F51/><W31/><G31/><N who="0" m="17887" /><D8/><N who="1" m="6183" /><E17/><V117/><F117/><W105/><G44/><T78/><D82/><U71/><E71/><V70/><F70/><W116/><G116/><T103/><D103/><N who="1" m="60839" /><E55/><V60/><F60/><W4/><G4/><T14/><D14/><U52/><E52/><V98/><F126/><W39/><G39/><T22/><D22/><U87/><E87/><V100/><F121/><W104/><G0/><T81/><D81/><U107/><E107/><V10/><F120/><W123/><G123/><T89/><D65/><U127/><E127/><V49/><F49/><W124/><G3/><T95/><D66/><U43/><E43/><V19/><F9/><W45/><G124/><T80/><D54/><U112/><N who="1" m="44051" /><U106/><DORA hai="133" /><E106/><V128/><F128/><W29/><G46/><T18/><D18/><U86/><E86/><V83/><F83/><N who="3" m="47231" /><G64/><T24/><D24/><U6/><E6/><V5/><F5/><W50/><G45/><T30/><D78/><U33/><E33/><RYUUKYOKU ba="0,0" sc="410,-15,270,15,33,15,287,-15" hai1="61,62,93,99" hai2="10,12,19,21,25,28,56,63,67,96,98,100,102" /><INIT seed="5,1,0,0,0,97" ten="395,285,48,272" oya="1" hai0="133,102,74,33,99,26,106,13,72,40,132,81,119" hai1="2,123,103,10,54,50,8,63,115,65,88,85,82" hai2="20,109,87,17,122,121,4,80,98,11,5,1,107" hai3="67,101,55,39,105,0,7,113,25,91,62,77,51"/><U49/><E123/><V44/><F109/><W36/><G113/><T30/><D119/><U127/><E2/><V100/><F5/><W28/><G77/><T15/><D40/><U110/><E110/><V14/><REACH who="2" step="1"/><F44/><REACH who="2" ten="395,285,38,272" step="2"/><N who="3" m="28135" /><G7/><T68/><D132/><U104/><E115/><V37/><F37/><W34/><G0/><T94/><D133/><U79/><E127/><V32/><F32/><W120/><G120/><T131/><D33/><U130/><E130/><V126/><F126/><W41/><G39/><T84/><D131/><U76/><E76/><AGARI ba="1,1" hai="1,4,11,14,17,20,76,80,87,98,100,107,121,122" machi="76" ten="30,3900,0" yaku="1,1,7,1,52,1,53,0" doraHai="97" doraHaiUra="56" who="2" fromWho="1" sc="395,0,285,-42,38,52,272,0" /><INIT seed="6,0,0,5,4,71" ten="395,243,90,272" oya="2" hai0="77,113,95,64,41,50,26,28,52,105,82,19,93" hai1="69,14,126,9,85,58,33,128,29,130,34,65,121" hai2="89,67,116,133,92,37,84,60,61,5,44,135,73" hai3="16,74,63,24,127,76,6,18,59,101,31,78,107"/><V46/><F73/><W20/><G127/><T3/><D3/><U15/><E126/><V32/><F32/><W45/><G6/><T1/><D1/><U7/><E69/><V94/><F116/><W122/><G122/><T114/><D105/><U118/><E118/><V8/><F94/><W53/><G107/><T83/><D64/><U75/><E75/><V131/><F131/><N who="1" m="50217" /><E121/><V4/><F4/><W62/><G101/><T38/><D19/><U91/><E29/><V98/><F98/><W103/><G103/><T57/><D83/><N who="1" m="49599" /><E14/><V27/><F27/><W22/><G74/><T108/><D108/><U72/><E72/><V70/><F61/><AGARI ba="0,0" hai="7,9,15,33,34,58,61,65" m="49599,50217" machi="61" ten="30,1000,0" yaku="19,1" doraHai="71" who="1" fromWho="2" sc="395,0,243,10,90,-10,272,0" /><INIT seed="7,0,0,4,4,82" ten="395,253,80,272" oya="3" hai0="126,52,16,135,72,125,106,51,130,40,3,34,102" hai1="68,17,21,33,18,95,115,43,66,45,120,11,9" hai2="133,65,29,71,61,69,99,48,28,92,123,53,50" hai3="110,24,13,129,58,105,6,111,8,27,113,1,94"/><W75/><G105/><T73/><D130/><U10/><E120/><V119/><F123/><W41/><G75/><T49/><D135/><U56/><E33/><V23/><F119/><W35/><G41/><T14/><D34/><U112/><E95/><V36/><F36/><W83/><G83/><T90/><D3/><U37/><E68/><V117/><F71/><W85/><G129/><T101/><D90/><U80/><E66/><V124/><F133/><W118/><G118/><T88/><D88/><U81/><E56/><V114/><F124/><N who="0" m="47722" /><D40/><U5/><E5/><V32/><F114/><N who="1" m="43561" /><E17/><V98/><F117/><W103/><G113/><T132/><D51/><U60/><E60/><V57/><F32/><W20/><G58/><N who="0" m="33039" /><D132/><U122/><E122/><V77/><F77/><W62/><G62/><T54/><D54/><U59/><E59/><V97/><F92/><W39/><G39/><T134/><D134/><U96/><E96/><V15/><F50/><W4/><G35/><T87/><D87/><U131/><E131/><V46/><F69/><W7/><G1/><T44/><D44/><U70/><E70/><V109/><F109/><N who="3" m="41483" /><G85/><T25/><D106/><U55/><E55/><V19/><AGARI ba="0,0" hai="15,19,23,28,29,46,48,53,57,61,65,97,98,99" machi="19" ten="30,2000,0" yaku="0,1,8,1" doraHai="82" who="2" fromWho="2" sc="395,-5,253,-5,80,20,272,-10" owari="390,49.0,248,-15.0,100,-40.0,262,6.0" /></mjloggm>