<mjloggm ver="2.3"><GO type="169" lobby="0"/><UN n0="%62%61%72%61%61%64%6F" n1="%79%75%6D%69%6B%69%6B%61" n2="%61%71%75%61%72%69%75%73" n3="%E3%83%88%E3%83%88%E3%83%AA%E5%85%88%E7%94%9F%31%39%E6%AD%B3" dan="16,16,16,19" rate="2110.20,2164.63,2081.12,2321.42" sx="M,M,M,F"/><TAIKYOKU oya="0"/><INIT seed="0,0,0,0,5,66" ten="250,250,250,250" oya="0" hai0="27,2,135,70,87,57,129,122,92,127,64,48,128" hai1="83,91,84,131,13,22,98,43,69,52,0,17,76" hai2="12,5,73,10,35,71,37,58,133,38,120,99,104" hai3="42,111,85,63,89,49,93,75,100,6,45,96,77"/><T108/><D122/><U62/><E131/><N who="0" m="50249" /><D127/><U105/><E0/><V1/><F58/><W97/><G111/><T134/><D2/><U9/><E43/><V106/><F12/><W86/><G6/><T95/><D108/><U55/><E9/><V80/><F120/><W50/><G75/><T123/><D123/><U74/><E105/><V59/><F59/><W21/><G77/><T54/><D27/><U3/><E98/><V124/><F133/><N who="0" m="50698" /><D87/><U51/><E51/><V53/><F1/><W113/><G113/><T112/><D112/><U115/><E115/><V72/><F72/><W7/><G7/><T117/><D117/><U46/><E46/><V60/><F5/><W125/><G125/><T61/><AGARI ba="0,0" hai="48,54,57,61,64,70,92,95" m="50698,50249" machi="61" ten="40,7800,0" yaku="19,1,20,1,52,1" doraHai="66" who="0" fromWho="0" sc="250,78,250,-26,250,-26,250,-26" /><INIT seed="0,1,0,0,0,93" ten="328,224,224,224" oya="0" hai0="38,109,18,99,130,57,9,32,17,44,35,28,79" hai1="106,19,113,85,69,31,2,47,74,39,126,22,116" hai2="13,21,131,127,133,80,119,16,6,105,8,103,41" hai3="46,104,36,1,65,61,115,135,12,53,10,60,55"/><T51/><D130/><U40/><E74/><V42/><F119/><W62/><G115/><T45/><D79/><U88/><E69/><V95/><F133/><W30/><G1/><T82/><D82/><U134/><E116/><V25/><F127/><W121/><G135/><T11/><D109/><U118/><E134/><V112/><F112/><W64/><G121/><T68/><D68/><U58/><E2/><V128/><F105/><W124/><G124/><T102/><D57/><U110/><E110/><V56/><F80/><W91/><G104/><T29/><D38/><U120/><E120/><V73/><F73/><W100/><G100/><T27/><D51/><U7/><E7/><V24/><F24/><W5/><G36/><T34/><D27/><U54/><E106/><V75/><F75/><W26/><G91/><T37/><D37/><U101/><E101/><V117/><F117/><W111/><G111/><T3/><D3/><U81/><E126/><V86/><F56/><W97/><G97/><T123/><D35/><U107/><E107/><V4/><F4/><W48/><REACH who="3" step="1"/><G55/><REACH who="3" ten="328,224,224,214" step="2"/><T70/><D123/><U108/><E108/><V84/><F131/><W129/><G129/><T125/><D125/><U72/><E113/><V71/><F128/><W94/><G94/><T132/><D132/><U63/><E39/><V76/><F103/><W52/><G52/><T83/><D102/><U67/><E54/><V87/><F95/><W0/><G0/><T96/><D83/><U49/><E118/><V114/><F114/><W50/><G50/><T77/><D77/><U90/><E81/><RYUUKYOKU ba="1,1" sc="328,15,224,-15,224,-15,214,15" hai0="9,11,17,18,28,29,32,34,44,45,70,96,99" hai3="5,10,12,26,30,46,48,53,60,61,62,64,65" /><INIT seed="0,2,1,5,5,27" ten="343,209,209,229" oya="0" hai0="48,52,102,90,85,112,22,130,46,71,103,4,124" hai1="51,10,35,92,32,1,95,100,125,50,12,37,115" hai2="134,118,55,131,30,126,84,128,76,58,0,110,104" hai3="9,108,81,116,119,54,98,82,60,44,86,89,14"/><T43/><D112/><U3/><E37/><V41/><F0/><W21/><G108/><T15/><D124/><U6/><E125/><V45/><F104/><W16/><G82/><T39/><D130/><N who="2" m="49706" /><F110/><W25/><G98/><T65/><D71/><U68/><E68/><V34/><F134/><W63/><G116/><T70/><D70/><U5/><E12/><V20/><F34/><W31/><G119/><T38/><D65/><U29/><E10/><V105/><F105/><W13/><G13/><T101/><D43/><U67/><E67/><V24/><F118/><W28/><G28/><T109/><D109/><U111/><E111/><V59/><F55/><W17/><G17/><T69/><D69/><U64/><E64/><V77/><F126/><W117/><G117/><T129/><D129/><U91/><E91/><V75/><F75/><W123/><G123/><T87/><D87/><U114/><REACH who="1" step="1"/><E100/><REACH who="1" ten="343,199,209,229" step="2"/><V23/><F77/><W133/><G133/><T96/><D102/><U47/><E47/><V127/><F127/><W7/><G7/><T11/><D103/><U72/><E72/><V57/><F76/><W53/><G44/><T74/><D74/><U79/><E79/><V107/><F45/><W120/><G120/><T61/><D101/><U73/><E73/><V36/><F36/><W40/><G40/><T2/><D38/><U33/><E33/><N who="2" m="20679" /><F41/><W80/><G53/><T113/><D52/><U18/><E18/><V106/><F106/><W62/><G54/><T132/><D39/><U42/><E42/><V94/><F107/><W19/><G19/><T78/><D78/><RYUUKYOKU ba="2,2" sc="343,-30,199,10,209,10,229,10" hai1="1,3,5,6,29,32,35,50,51,92,95,114,115" hai2="20,23,57,58,59,84,94" hai3="9,14,16,21,25,31,60,62,63,80,81,86,89" /><INIT seed="1,3,2,5,3,75" ten="313,209,219,239" oya="1" hai0="68,26,61,79,86,78,71,33,9,36,12,80,57" hai1="39,130,32,74,128,7,82,43,107,5,44,59,16" hai2="53,73,124,31,91,67,88,123,25,83,50,96,42" hai3="113,20,118,11,116,60,38,85,109,102,135,77,52"/><U104/><E32/><V103/><F42/><W41/><G113/><T6/><D36/><U131/><E59/><V48/><F67/><W89/><G109/><T72/><D33/><U115/><E115/><V64/><F64/><W47/><G135/><T129/><D129/><U87/><E74/><V114/><F124/><W51/><G102/><T97/><D26/><U105/><REACH who="1" step="1"/><E16/><REACH who="1" ten="313,199,219,239" step="2"/><V125/><F125/><W49/><G20/><T58/><D72/><U24/><E24/><V56/><F114/><W134/><G134/><T13/><D71/><U21/><E21/><V84/><F123/><W112/><G112/><T126/><D68/><U117/><E117/><V70/><F70/><W108/><G118/><T23/><D126/><U106/><N who="1" m="26624" /><DORA hai="55" /><U3/><E3/><V62/><F73/><W19/><G116/><T122/><D122/><U101/><E101/><V46/><F103/><W4/><G19/><T76/><D58/><U127/><E127/><V119/><F119/><W45/><G108/><T8/><D23/><U22/><E22/><N who="2" m="15799" /><F46/><W17/><G45/><T1/><D1/><U29/><E29/><V69/><F69/><W14/><G17/><N who="0" m="8327" /><D97/><U120/><E120/><V15/><F15/><W110/><G110/><T0/><D0/><U90/><AGARI ba="3,3" hai="5,7,39,43,44,82,87,90,128,130,131" m="26624" machi="90" ten="70,12000,1" yaku="1,1,0,1,19,1,53,0" doraHai="75,55" doraHaiUra="28,66" who="1" fromWho="1" sc="313,-43,199,159,219,-43,239,-43" /><INIT seed="1,4,0,2,4,17" ten="270,358,176,196" oya="1" hai0="13,126,131,67,121,68,132,1,103,8,58,60,38" hai1="25,9,77,127,91,75,117,15,107,123,40,5,71" hai2="0,41,3,120,22,46,48,133,115,98,130,63,73" hai3="90,118,16,30,44,50,35,109,12,135,125,89,94"/><U26/><E123/><V101/><F73/><W80/><G109/><T92/><D126/><U24/><E117/><V70/><F130/><W34/><G118/><T62/><D131/><U110/><E71/><V72/><F72/><W49/><G125/><T61/><D132/><U69/><E69/><V28/><F133/><W45/><G135/><T128/><D128/><U19/><E127/><V99/><F99/><W47/><G30/><T43/><D1/><U64/><E64/><V82/><F82/><W104/><G104/><T42/><D121/><U56/><E40/><N who="0" m="15401" /><D38/><U96/><E56/><V79/><F79/><W27/><G27/><T95/><D68/><U7/><E91/><V102/><F102/><W21/><G34/><T97/><D95/><U83/><REACH who="1" step="1"/><E110/><REACH who="1" ten="270,348,176,196" step="2"/><V66/><F120/><W106/><G90/><T23/><D67/><U74/><E74/><V119/><F119/><W18/><G89/><T87/><D58/><U57/><E57/><V36/><F115/><W114/><G114/><T88/><D88/><U105/><E105/><V54/><F36/><W129/><G106/><T31/><D87/><U33/><E33/><V51/><F41/><W6/><G35/><T55/><D55/><U52/><E52/><V29/><F54/><W113/><G129/><T32/><D32/><U76/><E76/><V11/><F70/><W39/><G39/><T85/><D85/><U112/><E112/><V14/><F66/><W93/><G113/><T2/><D92/><U124/><E124/><V65/><F65/><W78/><G93/><T84/><D84/><U53/><E53/><RYUUKYOKU ba="4,1" sc="270,-10,348,30,176,-10,196,-10" hai1="5,7,9,15,19,24,25,26,75,77,83,96,107" /><INIT seed="1,5,1,2,2,69" ten="260,378,166,186" oya="1" hai0="64,37,131,135,130,48,80,62,73,127,29,83,70" hai1="5,90,121,52,20,7,23,44,92,8,13,60,51" hai2="54,65,72,46,111,79,32,81,24,103,77,43,106" hai3="71,86,0,66,22,25,19,61,11,15,85,94,59"/><U95/><E121/><V55/><F65/><W28/><G71/><T78/><D29/><U99/><E5/><V100/><F111/><W58/><G58/><T21/><D127/><U120/><E120/><V17/><F79/><W117/><G117/><T132/><D21/><U26/><E26/><V50/><F100/><W74/><G74/><T133/><D37/><U14/><E14/><V104/><F103/><W128/><G128/><N who="0" m="49195" /><D80/><U30/><E30/><V97/><F97/><W39/><G39/><T76/><D76/><U116/><E116/><V16/><F32/><W31/><G31/><T6/><D6/><U1/><E1/><V124/><F124/><W10/><G10/><T118/><D48/><U53/><E92/><V34/><F34/><W3/><G3/><T36/><D36/><U119/><E119/><AGARI ba="5,1" hai="62,64,70,73,78,83,118,119,132,133,135" m="49195" machi="119" ten="40,5200,0" yaku="20,1,19,1,23,1" doraHai="69" who="0" fromWho="1" sc="260,77,378,-67,166,0,186,0" /><INIT seed="2,0,0,4,5,83" ten="337,311,166,186" oya="2" hai0="8,112,46,32,75,20,9,47,116,77,120,40,26" hai1="101,81,5,12,30,57,33,100,23,38,133,67,39" hai2="111,6,25,105,3,17,102,121,41,56,0,119,78" hai3="123,35,89,96,43,28,74,132,125,107,108,51,34"/><V71/><F121/><W126/><G123/><T79/><D120/><U31/><E33/><V99/><F119/><W127/><G74/><T21/><D112/><U91/><E39/><V58/><F71/><W90/><G108/><T73/><D32/><N who="3" m="12329" /><G28/><T87/><D87/><U53/><E67/><V134/><F111/><W92/><G107/><T72/><D116/><U61/><E38/><V130/><F41/><W69/><G69/><T52/><D40/><U54/><E54/><V129/><F78/><N who="0" m="29706" /><D52/><U27/><E30/><V22/><F134/><W98/><G132/><T15/><D15/><U113/><E113/><V131/><REACH who="2" step="1"/><F6/><REACH who="2" ten="337,311,156,186" step="2"/><W62/><G43/><T14/><D73/><U10/><E133/><V76/><F76/><W128/><G127/><T103/><D75/><U4/><E5/><V94/><F94/><N who="3" m="56399" /><G126/><T63/><D72/><U118/><E118/><V88/><F88/><W13/><G125/><T44/><D103/><U18/><E4/><V55/><F55/><W95/><G95/><T80/><D80/><U1/><E1/><AGARI ba="0,1" hai="0,1,3,17,22,25,56,58,99,102,105,129,130,131" machi="1" ten="50,4800,0" yaku="1,1,19,1,53,0" doraHai="83" doraHaiUra="59" who="2" fromWho="1" sc="337,0,311,-48,156,58,186,0" /><INIT seed="2,1,0,0,5,112" ten="337,263,214,186" oya="2" hai0="56,51,115,57,50,45,13,28,123,107,126,43,47" hai1="96,79,49,22,24,117,101,119,89,95,63,84,110" hai2="1,103,3,68,42,7,120,127,70,41,66,60,116" hai3="99,52,25,102,111,10,21,125,20,27,17,74,94"/><V81/><F120/><W98/><G111/><T29/><D123/><U97/><E110/><V30/><F127/><W11/><G125/><T48/><D115/><U113/><E113/><V133/><F133/><W100/><G74/><T58/><D126/><U121/><E121/><V132/><F132/><W62/><G62/><T82/><D107/><U36/><E36/><V8/><F30/><N who="0" m="11882" /><D82/><U122/><E122/><V53/><F81/><W77/><G77/><T65/><D65/><U87/><E87/><V73/><F73/><W91/><G91/><T108/><D108/><U129/><E97/><V12/><F103/><W88/><G52/><N who="0" m="31767" /><D13/><U46/><E63/><V31/><F31/><N who="3" m="17831" /><G99/><T26/><D26/><U4/><E79/><V124/><F124/><W135/><G135/><T85/><D85/><U34/><E34/><V78/><F78/><W6/><G6/><T114/><D114/><U19/><E4/><V104/><F104/><W109/><G109/><T64/><D64/><U33/><E129/><V106/><F106/><W118/><G118/><T71/><D71/><U5/><E5/><V54/><F7/><W16/><G17/><T69/><D69/><U18/><E18/><V134/><F134/><W15/><G27/><T61/><D61/><U80/><REACH who="1" step="1"/><E33/><REACH who="1" ten="337,253,214,186" step="2"/><V23/><F60/><W44/><G44/><T35/><D35/><U93/><E93/><V0/><F0/><W32/><G32/><T59/><D47/><U39/><E39/><V75/><F1/><W38/><G38/><T55/><AGARI ba="1,1" hai="43,45,48,51,55,57,58,59" m="31767,11882" machi="55" ten="30,2000,0" yaku="8,1,54,1" doraHai="112" who="0" fromWho="0" sc="337,33,253,-6,214,-11,186,-6" /><INIT seed="3,0,0,2,2,104" ten="370,247,203,180" oya="3" hai0="77,57,10,105,115,12,18,54,25,43,107,98,72" hai1="8,26,38,65,15,74,76,4,122,87,75,29,27" hai2="33,20,125,40,63,95,119,62,3,66,78,61,132" hai3="19,131,46,96,73,39,118,113,45,88,101,124,68"/><W112/><G118/><T97/><D43/><U133/><E122/><V51/><F119/><W35/><G68/><T67/><D67/><U109/><E38/><V14/><F33/><W11/><G35/><T116/><D116/><U23/><E65/><V79/><F3/><W2/><G131/><T84/><D115/><U59/><E109/><V129/><F129/><W106/><G124/><T7/><D105/><U70/><E70/><V0/><F0/><W134/><G134/><T42/><D42/><U49/><E133/><V114/><F114/><W93/><G73/><T55/><D107/><U103/><E103/><V127/><F132/><W52/><G45/><T32/><D72/><U36/><E87/><V123/><F123/><W37/><G37/><T53/><D57/><U41/><E76/><V9/><F20/><W121/><G121/><T28/><D77/><U128/><E128/><V56/><F95/><W71/><G71/><T110/><D110/><U126/><E26/><V22/><F22/><W86/><G19/><T21/><REACH who="0" step="1"/><D84/><REACH who="0" ten="360,247,203,180" step="2"/><U5/><E59/><V16/><F125/><W117/><G117/><T6/><D6/><U1/><E5/><V80/><F78/><W83/><G106/><T111/><D111/><U91/><E4/><V81/><F127/><W24/><G112/><T13/><AGARI ba="0,1" hai="7,10,12,13,18,21,25,28,32,53,54,55,97,98" machi="13" ten="30,8000,1" yaku="1,1,0,1,53,3" doraHai="104" doraHaiUra="50" who="0" fromWho="0" sc="360,90,247,-20,203,-20,180,-40" /><INIT seed="4,0,0,4,3,71" ten="450,227,183,140" oya="0" hai0="39,85,103,84,5,35,63,129,7,52,3,8,47" hai1="98,101,69,112,45,59,33,53,23,66,109,54,44" hai2="105,57,36,34,94,30,9,121,26,77,28,15,70" hai3="116,97,99,55,106,75,16,100,72,37,126,58,83"/><T110/><D35/><U22/><E33/><V123/><F70/><W32/><G116/><T1/><D129/><U67/><E109/><V82/><F105/><W86/><G32/><T127/><D127/><U17/><E69/><V107/><F107/><W6/><G126/><T20/><D103/><U25/><E112/><V21/><F94/><W0/><G37/><T90/><D20/><U95/><E23/><V91/><F91/><W68/><G68/><T50/><D110/><U38/><E53/><V12/><F57/><W93/><G6/><T13/><D63/><U131/><E131/><V29/><F36/><W125/><G0/><T119/><D119/><U56/><E56/><V64/><F64/><N who="1" m="24617" /><E38/><V76/><F82/><W40/><G40/><T42/><D7/><U87/><E87/><V89/><F89/><W88/><G125/><T61/><D61/><AGARI ba="0,0" hai="17,22,25,44,45,54,59,61,95,98,101" m="24617" machi="61" ten="30,1000,0" yaku="8,1" doraHai="71" who="1" fromWho="0" sc="450,-10,227,10,183,0,140,0" /><INIT seed="5,0,0,2,0,13" ten="440,237,183,140" oya="1" hai0="93,117,65,135,20,119,103,118,79,57,97,98,91" hai1="47,114,1,63,76,106,40,22,46,66,112,42,30" hai2="130,64,0,11,24,45,58,4,48,67,82,27,56" hai3="81,60,55,101,68,134,128,96,133,70,54,129,59"/><U120/><E1/><V74/><F130/><N who="3" m="50283" /><G81/><T49/><D135/><N who="3" m="51721" /><G96/><T51/><D79/><U5/><E5/><V80/><F74/><W21/><G101/><T26/><D65/><N who="2" m="25162" /><F0/><W108/><G21/><T15/><D57/><N who="2" m="22122" /><F4/><W107/><G107/><T113/><D113/><U18/><E22/><V109/><F109/><W75/><G75/><T85/><D15/><U122/><E76/><V29/><F11/><W77/><G77/><T125/><D97/><U124/><E66/><V88/><F29/><W16/><G108/><T53/><D103/><U43/><E30/><V69/><F69/><N who="3" m="26731" /><G55/><T94/><D53/><U36/><E106/><V95/><F80/><W87/><G87/><T123/><D85/><U132/><E132/><V41/><F82/><W90/><G90/><T10/><D91/><U104/><E104/><V131/><F131/><W35/><G35/><T72/><D72/><U44/><E112/><V121/><F121/><W99/><G99/><AGARI ba="0,0" hai="24,27,41,45,48,88,95,99" m="22122,25162" machi="99" ten="30,2000,0" yaku="8,1,54,1" doraHai="13" who="2" fromWho="3" sc="440,0,237,0,183,20,140,-20" /><INIT seed="6,0,0,5,2,133" ten="440,237,203,120" oya="2" hai0="131,27,116,69,62,82,103,22,98,28,90,25,123" hai1="17,10,34,78,114,5,79,126,41,71,13,47,43" hai2="104,125,128,119,108,37,89,51,85,14,21,64,9" hai3="118,4,76,50,111,18,134,96,99,120,110,1,74"/><V91/><F37/><W7/><G118/><T36/><D123/><U55/><E114/><V95/><F104/><W129/><G120/><T84/><D131/><U86/><E71/><V127/><F119/><W109/><G129/><T115/><D116/><U49/><E126/><N who="2" m="48139" /><F128/><W46/><G134/><T102/><D27/><U11/><E34/><V23/><F108/><W77/><G18/><T29/><D28/><U73/><E73/><V60/><F51/><W42/><G1/><T121/><D36/><U67/><E67/><V52/><F52/><W6/><REACH who="3" step="1"/><G74/><REACH who="3" ten="440,237,203,110" step="2"/><T117/><D117/><U65/><E17/><N who="2" m="8399" /><F89/><W113/><G113/><T45/><D90/><U24/><E43/><V3/><F3/><W16/><G16/><T130/><D130/><U48/><E41/><V106/><F106/><W53/><G53/><T81/><D121/><U94/><E55/><V75/><F75/><W38/><G38/><T40/><D40/><U19/><E19/><V35/><F35/><W44/><G44/><T61/><D45/><U12/><E47/><V26/><F26/><W80/><G80/><T59/><D81/><U32/><E24/><V15/><F15/><W66/><G66/><T8/><D82/><U20/><E65/><V31/><F31/><W132/><G132/><T135/><D29/><U70/><E12/><V56/><AGARI ba="0,1" hai="21,23,56,60,64,85,91,95" m="8399,48139" machi="56" ten="30,11700,0" yaku="18,1,52,3" doraHai="133" who="2" fromWho="2" sc="440,-39,237,-39,203,127,110,-39" /><INIT seed="6,1,0,2,2,5" ten="401,198,330,71" oya="2" hai0="8,40,23,127,24,39,74,122,93,1,123,71,25" hai1="113,26,6,60,117,108,129,57,53,99,83,65,94" hai2="50,114,131,75,80,128,82,81,61,119,32,27,11" hai3="132,41,52,118,130,46,87,135,124,121,35,85,16"/><V125/><F119/><W95/><G118/><T103/><D74/><U91/><E117/><V30/><F75/><W116/><G116/><T63/><D39/><U73/><E113/><V0/><F114/><W33/><G121/><T89/><D40/><U88/><E129/><N who="2" m="49739" /><F61/><W126/><G130/><T70/><D103/><U12/><E108/><V47/><F125/><N who="3" m="48235" /><G41/><T15/><D1/><U97/><E26/><V104/><F104/><W66/><G66/><T18/><D127/><U29/><E29/><V96/><F96/><W100/><G100/><T20/><D63/><U21/><E21/><V62/><F62/><W55/><G95/><T9/><D123/><U31/><E31/><V42/><F0/><W17/><G46/><T38/><D38/><U58/><E73/><V64/><F64/><W133/><G87/><N who="0" m="52415" /><D122/><U4/><E97/><V67/><F67/><W76/><G76/><T59/><D71/><U14/><E58/><V84/><F84/><W36/><G36/><T86/><D70/><U111/><E65/><V45/><F45/><W92/><G92/><T56/><D86/><N who="1" m="50271" /><E111/><V78/><F78/><W69/><G85/><T37/><D37/><U22/><E22/><N who="0" m="8233" /><D8/><AGARI ba="1,0" hai="8,11,27,30,32,42,47,50,80,81,82" m="49739" machi="8" ten="30,5800,0" yaku="19,1,52,2" doraHai="5" who="2" fromWho="0" sc="401,-61,198,0,330,61,71,0" /><INIT seed="6,2,0,3,2,6" ten="340,198,391,71" oya="2" hai0="62,75,36,20,18,39,48,11,92,32,7,123,93" hai1="22,125,108,84,79,19,119,122,109,94,64,129,8" hai2="49,34,61,114,95,97,16,88,30,43,51,85,106" hai3="55,81,27,74,2,90,104,0,86,41,80,38,29"/><V112/><F34/><W59/><G104/><T72/><D123/><U31/><E119/><V4/><F4/><W87/><G74/><T76/><D32/><U60/><E122/><V120/><F30/><W66/><G38/><T105/><D105/><U69/><E129/><V134/><F120/><W70/><G70/><T37/><D62/><U63/><E125/><V82/><F61/><W57/><G41/><T42/><D48/><U52/><E31/><V131/><F134/><W99/><G66/><T116/><D42/><U132/><E132/><V28/><F28/><W128/><G128/><T113/><D113/><U115/><E115/><V46/><F131/><W21/><G2/><N who="0" m="503" /><D116/><U78/><E22/><V133/><F133/><W110/><G0/><T10/><D10/><U83/><E78/><V126/><F126/><W103/><G110/><T118/><D118/><U54/><E94/><N who="0" m="36457" /><D76/><U98/><E98/><V124/><F124/><W102/><G99/><T23/><D18/><U107/><E107/><V13/><F106/><W25/><G25/><T121/><D121/><U68/><E109/><V77/><REACH who="2" step="1"/><F51/><REACH who="2" ten="340,198,381,71" step="2"/><W1/><G1/><T56/><D39/><U26/><E108/><V24/><F24/><W53/><G29/><T100/><D37/><U15/><E26/><V96/><F96/><W101/><G27/><T35/><D36/><U44/><E63/><V111/><F111/><W50/><G50/><T12/><D35/><U9/><E60/><V89/><F89/><N who="3" m="51399" /><G21/><AGARI ba="2,1" hai="13,16,21,43,46,49,77,82,85,88,95,97,112,114" machi="21" ten="40,12000,1" yaku="1,1,54,2,53,1" doraHai="6" doraHaiUra="17" who="2" fromWho="3" sc="340,0,198,0,381,136,71,-126" owari="340,14.0,198,-20.0,517,62.0,-55,-56.0" /></mjloggm>