<mjloggm ver="2.3"><GO type="169" lobby="0"/><UN n0="%E3%83%88%E3%83%88%E3%83%AA%E5%85%88%E7%94%9F%31%39%E6%AD%B3" n1="%E6%B8%85%E7%AB%9C%E9%97%98%E5%A3%AB" n2="%72%6F%6E%61%6B%65%6E" n3="%73%65%69%6C" dan="18,16,16,17" rate="2270.82,2089.50,2053.10,2195.17" sx="F,M,M,M"/><TAIKYOKU oya="0"/><INIT seed="0,0,0,0,1,39" ten="250,250,250,250" oya="0" hai0="131,33,15,104,91,89,135,29,32,74,102,99,68" hai1="133,106,114,76,58,85,0,77,21,31,35,57,78" hai2="3,37,86,30,53,118,46,19,2,24,22,38,34" hai3="75,26,95,79,84,101,107,123,73,96,105,60,115"/><T25/><D74/><N who="3" m="28169" /><G60/><T48/><D131/><U113/><E106/><N who="3" m="40458" /><G26/><T52/><D135/><U9/><E35/><V18/><F118/><W64/><G64/><T1/><D1/><U7/><E133/><V4/><F18/><W49/><G49/><T130/><D130/><U112/><E85/><V28/><F28/><W117/><G117/><T88/><D68/><U70/><E70/><V80/><F38/><W124/><G115/><T129/><D129/><U69/><E69/><V134/><F134/><W90/><G124/><T116/><D116/><U13/><E13/><V94/><F4/><W93/><G123/><T65/><D65/><U11/><REACH who="1" step="1"/><E9/><REACH who="1" ten="250,240,250,250" step="2"/><V100/><F3/><W10/><G10/><T92/><D15/><U87/><E87/><V12/><F2/><W127/><G127/><T51/><D104/><U43/><E43/><V62/><F12/><W6/><G6/><T45/><REACH who="0" step="1"/><D51/><REACH who="0" ten="240,240,250,250" step="2"/><U125/><E125/><V66/><F37/><W50/><G50/><T27/><D27/><AGARI ba="0,2" hai="0,7,11,21,27,31,57,58,76,77,78,112,113,114" machi="27" ten="50,3200,0" yaku="1,1,11,1,53,0" doraHai="39" doraHaiUra="41" who="1" fromWho="0" sc="240,-32,240,52,250,0,250,0" /><INIT seed="1,0,0,0,1,58" ten="208,292,250,250" oya="1" hai0="97,61,18,84,83,91,78,74,15,47,109,52,135" hai1="134,65,107,41,48,85,4,42,93,39,14,92,73" hai2="49,8,28,124,131,102,103,101,17,27,95,100,46" hai3="130,31,94,116,118,1,16,115,98,34,44,90,112"/><U24/><E73/><V53/><F131/><W3/><G130/><T79/><D109/><U70/><E107/><V5/><F124/><W88/><G44/><T26/><D135/><U50/><E39/><V2/><F17/><W104/><G104/><T123/><D123/><U10/><E134/><V119/><F119/><N who="3" m="45611" /><G90/><T25/><D97/><U37/><E37/><V51/><F51/><W59/><G59/><N who="0" m="35047" /><D74/><U68/><E70/><V86/><N who="2" m="25600" /><DORA hai="69" /><V62/><F95/><W12/><G31/><T99/><D47/><U87/><E24/><N who="0" m="9321" /><D99/><U132/><E132/><V76/><F86/><W96/><G96/><T125/><D125/><U108/><E108/><V120/><F76/><W110/><G34/><T111/><D111/><U71/><E71/><V35/><REACH who="2" step="1"/><F120/><REACH who="2" ten="208,292,240,250" step="2"/><W9/><G110/><T133/><D133/><U21/><E87/><V23/><F23/><AGARI ba="0,1" hai="15,18,23,78,79,83,84,91" m="9321,35047" machi="23" ten="30,3900,0" yaku="8,1,52,1,54,1" doraHai="58,69" who="0" fromWho="2" sc="208,49,292,0,240,-39,250,0" /><INIT seed="2,0,0,4,2,97" ten="257,292,201,250" oya="2" hai0="51,89,67,6,102,12,24,19,86,64,66,132,43" hai1="28,127,11,105,1,125,22,72,81,23,55,123,34" hai2="120,57,109,75,135,76,101,111,78,98,61,133,90" hai3="131,106,92,70,117,4,38,60,16,30,71,50,15"/><V128/><F120/><W94/><G38/><T104/><D132/><N who="2" m="50762" /><F128/><W119/><G131/><T107/><D6/><N who="1" m="1487" /><E105/><N who="2" m="63671" /><F90/><W2/><G106/><T39/><D39/><U25/><E55/><N who="2" m="33983" /><F75/><W29/><G117/><T52/><D43/><U48/><E48/><V37/><F37/><W3/><G50/><T54/><D54/><U13/><E123/><V68/><F68/><W33/><G71/><T103/><D24/><N who="1" m="18695" /><E72/><V91/><F91/><W115/><G70/><T73/><D73/><U0/><E81/><V85/><F85/><W44/><G119/><T46/><D107/><U65/><E65/><V14/><F14/><W69/><G15/><T5/><D104/><U7/><E0/><V49/><F49/><W21/><G2/><T59/><D5/><U56/><E7/><V35/><F35/><W93/><G3/><T95/><D46/><U121/><E56/><V99/><F99/><W82/><G69/><T74/><D74/><U58/><E58/><V114/><F114/><W32/><G115/><T40/><D40/><U20/><E121/><V9/><F9/><AGARI ba="0,0" hai="9,12,19,51,52,59,64,66,67,86,89,95,102,103" machi="9" ten="40,8000,1" yaku="8,1,52,2,54,1" doraHai="97" who="0" fromWho="2" sc="257,80,292,0,201,-80,250,0" /><INIT seed="3,0,0,3,0,61" ten="337,292,121,250" oya="3" hai0="116,112,45,119,25,120,44,89,22,132,122,6,76" hai1="68,126,113,37,94,2,96,108,78,32,110,97,130" hai2="47,58,35,93,84,103,27,117,118,5,131,121,70" hai3="29,43,19,85,109,129,98,26,56,69,102,95,40"/><W91/><G69/><T41/><D132/><U74/><RYUUKYOKU type="yao9" ba="0,0" sc="337,0,292,0,121,0,250,0" hai1="2,32,37,68,74,78,94,96,97,108,110,113,126,130" /><INIT seed="3,1,0,1,2,92" ten="337,292,121,250" oya="3" hai0="118,79,99,89,81,51,2,104,119,101,75,128,0" hai1="94,78,72,111,18,96,93,28,5,131,10,31,16" hai2="84,38,90,100,33,3,25,32,58,63,54,67,107" hai3="22,117,47,95,127,50,62,57,52,15,43,83,80"/><W105/><G105/><T27/><D128/><U42/><E131/><V86/><F38/><W59/><G127/><T112/><D27/><U77/><E111/><V26/><F3/><W64/><G117/><T125/><D51/><U66/><E66/><V70/><F26/><W133/><G133/><T113/><D0/><U44/><E93/><V14/><F14/><W23/><G95/><N who="0" m="56815" /><D2/><U120/><E120/><V1/><F1/><W53/><G64/><T60/><D60/><U132/><E132/><V116/><F116/><N who="0" m="44586" /><D125/><U110/><E110/><V103/><F103/><W4/><G23/><T106/><D101/><N who="1" m="60567" /><E72/><V82/><F86/><W39/><REACH who="3" step="1"/><G22/><REACH who="3" ten="337,292,121,240" step="2"/><T9/><D9/><AGARI ba="1,1" hai="4,9,15,39,43,47,50,52,53,57,59,62,80,83" machi="9" ten="40,12000,1" yaku="1,1,2,1,54,1,53,2" doraHai="92" doraHaiUra="48" who="3" fromWho="0" sc="337,-123,292,0,121,0,240,133" /><INIT seed="3,2,0,2,0,28" ten="214,292,121,373" oya="3" hai0="96,67,123,25,10,26,126,120,74,47,109,79,62" hai1="82,15,60,94,22,16,37,29,35,45,52,34,110" hai2="122,89,56,8,40,128,99,107,57,51,41,38,65" hai3="85,12,6,78,70,106,19,17,76,44,100,49,75"/><W7/><G70/><T13/><D126/><U119/><E110/><V132/><F8/><W66/><G66/><T27/><D109/><U103/><E119/><V121/><F107/><W112/><G112/><T20/><D20/><U129/><E129/><V39/><F99/><W115/><G75/><T98/><D47/><U3/><E3/><V46/><F89/><W4/><G115/><T58/><D74/><U91/><E103/><V30/><F30/><W131/><G131/><T102/><D79/><U130/><E130/><V68/><F128/><W135/><G135/><T71/><D71/><U90/><E29/><V77/><F77/><W21/><G100/><T64/><D64/><U118/><E118/><V2/><F2/><W14/><G85/><T24/><N who="0" m="6144" /><DORA hai="127" /><T108/><D108/><U133/><E133/><V50/><F132/><W33/><G106/><T11/><D11/><U23/><E22/><V97/><F97/><W48/><G33/><T114/><D98/><U93/><E37/><N who="2" m="13835" /><F68/><W54/><REACH who="3" step="1"/><G49/><REACH who="3" ten="214,292,121,363" step="2"/><T42/><D114/><U86/><E60/><N who="2" m="38023" /><F57/><W1/><G1/><T104/><D104/><U63/><E63/><V113/><F113/><W53/><G53/><T59/><D59/><U55/><E55/><N who="2" m="30167" /><F51/><W61/><G61/><T69/><D69/><U116/><E116/><V101/><F101/><W0/><G0/><T73/><D73/><U117/><E117/><V111/><F111/><W18/><G18/><N who="0" m="8503" /><D96/><N who="1" m="57399" /><E94/><V9/><F9/><AGARI ba="2,1" hai="4,6,7,9,12,14,17,19,21,44,48,54,76,78" machi="9" ten="40,7700,0" yaku="1,1,8,1,53,1" doraHai="28,127" doraHaiUra="124,43" who="3" fromWho="2" sc="214,0,292,0,121,-83,363,93" /><INIT seed="3,3,0,2,1,6" ten="214,292,38,456" oya="3" hai0="55,86,69,34,3,81,82,23,92,64,126,22,127" hai1="99,27,7,100,35,121,40,15,76,0,42,94,54" hai2="103,41,48,128,112,124,74,62,70,123,59,106,110" hai3="85,119,117,97,83,66,56,49,109,44,21,135,78"/><W33/><G33/><T29/><D3/><U102/><E121/><V115/><F74/><W113/><G113/><N who="2" m="43593" /><F103/><W84/><G135/><T133/><D133/><U96/><E0/><V25/><F25/><W134/><G134/><T120/><D120/><U1/><E1/><V43/><F106/><W114/><G114/><T67/><D55/><U130/><E130/><V88/><F123/><W19/><G97/><T30/><D86/><U51/><E76/><V2/><F2/><W63/><G85/><T60/><D60/><U58/><E27/><V32/><F32/><W61/><G61/><T12/><D34/><U107/><E35/><V75/><F75/><W122/><G109/><T79/><D12/><U31/><E31/><V45/><F88/><W91/><G91/><T20/><D79/><U95/><E107/><V116/><F110/><W98/><G98/><T87/><D87/><U101/><E102/><V132/><F132/><W89/><G89/><T52/><D69/><U8/><AGARI ba="3,0" hai="7,8,15,40,42,51,54,58,94,95,96,99,100,101" machi="8" ten="30,7900,0" yaku="0,1,9,1,8,1,52,1" doraHai="6" who="1" fromWho="1" sc="214,-23,292,88,38,-23,456,-42" /><INIT seed="4,0,0,3,0,109" ten="191,380,15,414" oya="0" hai0="92,44,70,106,51,3,52,45,111,118,103,133,119" hai1="112,121,115,35,64,84,76,41,96,21,88,17,75" hai2="128,36,117,10,123,40,102,26,8,100,124,62,39" hai3="48,132,89,63,32,126,5,74,46,25,110,127,49"/><T24/><D3/><U37/><E35/><V9/><F123/><W125/><G110/><T16/><D106/><U29/><E121/><V30/><F124/><W22/><G132/><T47/><D70/><U122/><E122/><V83/><F128/><W6/><G74/><T42/><D111/><U7/><E29/><V31/><F117/><W134/><G134/><T98/><D133/><U131/><E64/><V71/><F83/><W58/><G32/><T14/><D24/><U108/><E108/><V1/><F1/><W4/><G89/><T135/><D135/><U60/><E60/><V13/><F13/><W80/><G80/><T18/><D18/><U72/><E76/><V85/><F85/><W57/><G63/><T54/><D45/><U120/><E120/><V55/><F31/><N who="3" m="17847" /><G49/><T53/><D119/><U104/><E7/><V95/><F95/><W101/><G101/><T97/><D118/><U34/><E34/><V68/><F68/><W81/><G81/><T129/><D129/><U38/><E131/><V79/><F79/><W11/><G11/><T65/><D65/><U2/><E2/><V56/><F71/><W66/><G66/><T114/><D97/><U61/><E61/><V78/><F78/><W130/><G130/><T20/><REACH who="0" step="1"/><D47/><REACH who="0" ten="181,380,15,414" step="2"/><N who="1" m="23983" /><E104/><V99/><F99/><W15/><G125/><T12/><D12/><N who="1" m="9383" /><E96/><V86/><F26/><W67/><G67/><T77/><D77/><U107/><E107/><V105/><F105/><W82/><G15/><T69/><D69/><U116/><E116/><V23/><F30/><W94/><G127/><T87/><D87/><RYUUKYOKU ba="0,1" sc="181,30,380,-10,15,-10,414,-10" hai0="14,16,20,42,44,51,52,53,54,92,98,103,114" /><INIT seed="4,1,1,1,1,85" ten="211,370,5,404" oya="0" hai0="119,83,53,69,55,23,41,87,8,14,1,5,19" hai1="97,16,0,2,49,30,93,82,37,25,99,68,132" hai2="54,34,131,50,103,122,134,71,31,92,124,27,28" hai3="57,111,94,90,114,81,26,59,47,6,21,88,33"/><T62/><D119/><U107/><E37/><V12/><F122/><W110/><G114/><T135/><D135/><U24/><E68/><V39/><F71/><W56/><G33/><T29/><D41/><U95/><E132/><V121/><F39/><W52/><G6/><T44/><D44/><U130/><E130/><V126/><F121/><W98/><G111/><T61/><D69/><U13/><E107/><V108/><F134/><W3/><G3/><T40/><D40/><U96/><E82/><V38/><F38/><W72/><G110/><T106/><D106/><U51/><E30/><N who="2" m="19807" /><F108/><W4/><G4/><T77/><D62/><U66/><E66/><V11/><F131/><W125/><G125/><N who="2" m="48233" /><F92/><N who="1" m="35401" /><E2/><V100/><F103/><N who="3" m="60887" /><G81/><T118/><D118/><U89/><E0/><V76/><F76/><W79/><G79/><T17/><D61/><U109/><E109/><V112/><F100/><W20/><G72/><T48/><D48/><N who="1" m="18507" /><E89/><N who="3" m="34410" /><G47/><T105/><D105/><U67/><E67/><V113/><F112/><W104/><G104/><T120/><D120/><U128/><E128/><V22/><F113/><W64/><G64/><T116/><D116/><U42/><E42/><V84/><F22/><AGARI ba="1,1" hai="13,16,22,24,25,96,97,99" m="18507,35401" machi="22" ten="30,2000,0" yaku="8,1,54,1" doraHai="85" who="1" fromWho="2" sc="211,0,370,33,5,-23,404,0" owari="211,-19.0,403,20.0,-18,-52.0,404,51.0" /></mjloggm>