<mjloggm ver="2.3"><GO type="169" lobby="0"/><UN n0="%E6%A1%9C%E7%8E%8B" n1="%E5%B0%B1%E6%B4%BB%E7%94%9F%40%E5%B7%9D%E6%9D%91%E8%BB%8D%E5%9B%A3" n2="%3D%E5%9C%92%E5%9F%8E%E5%AF%BA%E6%80%9C%3D" n3="%E3%83%8C%E3%82%A2%E3%82%AF%E3%82%B7%E3%83%A7%E3%83%83%E3%83%88" dan="16,18,18,16" rate="2087.72,2270.53,2152.98,2135.34" sx="M,M,F,M"/><TAIKYOKU oya="0"/><INIT seed="0,0,0,5,1,114" ten="250,250,250,250" oya="0" hai0="1,39,112,56,82,41,96,89,13,104,124,70,11" hai1="2,127,111,65,21,108,26,24,85,50,128,73,57" hai2="32,80,131,18,9,98,107,81,37,35,77,15,69" hai3="92,3,103,68,23,63,118,48,71,86,125,61,116"/><T51/><D1/><U122/><E73/><V52/><F69/><W14/><G3/><T133/><D112/><U93/><E122/><V102/><F37/><W135/><G48/><T62/><D133/><U5/><E128/><V40/><F40/><W113/><G113/><T46/><D124/><U59/><E127/><V49/><F131/><W94/><G125/><T110/><D104/><U25/><E21/><V38/><F38/><W16/><G94/><T88/><D110/><U43/><E5/><V67/><F67/><W101/><G101/><T97/><D70/><U12/><E12/><V64/><F64/><W10/><G71/><T132/><D39/><U66/><E2/><V55/><F55/><W120/><G68/><T29/><D29/><U53/><E43/><V34/><REACH who="2" step="1"/><F77/><REACH who="2" ten="250,250,240,250" step="2"/><W17/><G120/><T60/><D132/><U105/><E66/><V22/><F22/><W78/><G135/><T28/><D28/><U106/><E65/><V115/><F115/><W0/><G23/><T95/><D56/><AGARI ba="0,1" hai="9,15,18,32,34,35,49,52,56,80,81,98,102,107" machi="56" ten="40,2600,0" yaku="1,1,54,1,53,0" doraHai="114" doraHaiUra="121" who="2" fromWho="0" sc="250,-26,250,0,240,36,250,0" /><INIT seed="1,0,0,2,3,30" ten="224,250,276,250" oya="1" hai0="79,81,115,118,101,14,132,98,13,78,127,31,52" hai1="130,87,50,23,135,113,10,71,4,129,63,102,96" hai2="64,99,57,73,91,131,11,3,19,72,29,65,12" hai3="75,85,88,2,39,46,76,48,5,86,77,24,62"/><U103/><E113/><V15/><F3/><W40/><G75/><T8/><D118/><U58/><E135/><V100/><F131/><W108/><G5/><T0/><D115/><U111/><E71/><V61/><F65/><W83/><G2/><T54/><D127/><U37/><E37/><V82/><F91/><W109/><G62/><T134/><D31/><U90/><E50/><V1/><F82/><W116/><G116/><T80/><D0/><U126/><E23/><V59/><F59/><W17/><G39/><T114/><D114/><U106/><E103/><V104/><F1/><W84/><G84/><T67/><D67/><U69/><E69/><V89/><F89/><W70/><G70/><T117/><D117/><U9/><E126/><V56/><F56/><W123/><G123/><T125/><D125/><U27/><E27/><V68/><F57/><W45/><G45/><T94/><D80/><U107/><E107/><V119/><F119/><W133/><G133/><N who="0" m="51307" /><D13/><U112/><E111/><N who="3" m="42570" /><G85/><N who="0" m="48311" /><D79/><U43/><E112/><V51/><F72/><W60/><G60/><T21/><D21/><AGARI ba="0,0" hai="17,21,24,40,46,48,76,77,83,86,88" m="42570" machi="21" ten="30,2000,0" yaku="14,1,54,1" doraHai="30" who="3" fromWho="0" sc="224,-20,250,0,276,0,250,20" /><INIT seed="2,0,0,0,3,12" ten="204,250,276,270" oya="2" hai0="133,71,11,103,52,111,37,58,39,119,127,33,98" hai1="90,25,14,61,2,124,29,77,50,122,66,46,20" hai2="1,128,27,95,80,15,69,99,88,135,130,89,9" hai3="44,85,64,55,47,10,26,23,102,120,134,126,82"/><V41/><F69/><W24/><G134/><T110/><D71/><U36/><E124/><V113/><F113/><W72/><G64/><T131/><D33/><U108/><E108/><N who="0" m="41513" /><D127/><U81/><E2/><V109/><F1/><W132/><G72/><T78/><D133/><U57/><E36/><V6/><F41/><W94/><G126/><T35/><D35/><U116/><E116/><V97/><F109/><W5/><G55/><T56/><D56/><U74/><E122/><V65/><F65/><W30/><G26/><T16/><D78/><U43/><E14/><V121/><F121/><W112/><G132/><T91/><D91/><U40/><E90/><V73/><F135/><W68/><G68/><T34/><D34/><U53/><AGARI ba="0,0" hai="20,25,29,40,43,46,50,53,57,61,66,74,77,81" machi="53" ten="20,1500,0" yaku="0,1,7,1" doraHai="12" who="1" fromWho="1" sc="204,-4,250,15,276,-7,270,-4" /><INIT seed="3,0,0,5,3,10" ten="200,265,269,266" oya="3" hai0="135,11,24,81,18,22,123,85,42,107,23,69,38" hai1="55,110,84,120,41,80,89,29,77,15,72,9,129" hai2="126,87,27,63,66,105,122,79,8,20,30,70,43" hai3="31,67,103,133,33,92,93,58,46,54,117,112,98"/><W3/><G3/><T17/><D123/><U100/><E120/><V60/><F105/><W99/><G112/><T134/><D107/><U45/><E110/><V76/><F122/><W48/><G133/><T101/><D101/><U21/><E100/><V19/><F43/><W128/><G33/><T114/><D69/><U96/><E129/><V116/><F126/><W53/><G31/><T124/><D124/><U34/><E34/><V12/><F116/><W1/><G1/><T127/><D127/><U121/><E96/><V32/><F87/><W35/><G35/><T86/><D11/><U7/><E55/><V71/><F8/><W13/><G67/><AGARI ba="0,0" hai="12,19,20,27,30,32,60,63,66,67,70,71,76,79" machi="67" ten="40,2600,0" yaku="9,1,52,1" doraHai="10" who="2" fromWho="3" sc="200,0,265,0,269,26,266,-26" /><INIT seed="4,0,0,5,1,105" ten="200,265,295,240" oya="0" hai0="64,69,76,50,42,63,127,107,2,96,94,8,68" hai1="16,9,106,114,51,77,86,74,58,12,72,7,79" hai2="47,56,3,4,90,82,22,100,44,60,119,70,13" hai3="66,1,19,43,57,46,28,102,122,103,78,27,92"/><T85/><D127/><U62/><E106/><V80/><F70/><W25/><G1/><T131/><D131/><U81/><E114/><V41/><F3/><W115/><G78/><T97/><D68/><U55/><E77/><V111/><F111/><W87/><G115/><T133/><D133/><U33/><E33/><V126/><F100/><W98/><G87/><T93/><D107/><U89/><E79/><V128/><F126/><W49/><G122/><T123/><D123/><U23/><E62/><V67/><F119/><W113/><G113/><T130/><D130/><U110/><E110/><V83/><F44/><W11/><G102/><T54/><D42/><U6/><E6/><V65/><F128/><W104/><G28/><T31/><D31/><U45/><E45/><V61/><F90/><W108/><G104/><T120/><D120/><U84/><E86/><V118/><F60/><N who="3" m="38159" /><G108/><T30/><D30/><U117/><E117/><V17/><F4/><W15/><AGARI ba="0,0" hai="11,15,19,25,27,43,46,49,92,98,103" m="38159" machi="15" ten="30,1100,0" yaku="8,1" doraHai="105" who="3" fromWho="3" sc="200,-5,265,-3,295,-3,240,11" /><INIT seed="5,0,0,3,2,63" ten="195,262,292,251" oya="1" hai0="110,92,17,24,40,87,105,84,14,42,67,30,123" hai1="54,38,48,20,4,135,59,62,111,64,108,23,35" hai2="36,8,15,77,31,103,45,109,52,117,126,1,60" hai3="55,6,44,118,25,113,90,100,68,127,95,130,83"/><U94/><E35/><V120/><F109/><N who="1" m="42057" /><E38/><V19/><F1/><W32/><G68/><T112/><D105/><U76/><E76/><V69/><F36/><W33/><G113/><T71/><D110/><U106/><E106/><V51/><F120/><W85/><G130/><T89/><D123/><U66/><E4/><V102/><F117/><W12/><G127/><T41/><D112/><U37/><E37/><V21/><F77/><W98/><G25/><T28/><D87/><U53/><E94/><V10/><F126/><W115/><G115/><T86/><D86/><U122/><E135/><V29/><F69/><W82/><G82/><T79/><D79/><U128/><E128/><V104/><F60/><W11/><G118/><T119/><D119/><U70/><E70/><V5/><F104/><W43/><G55/><T22/><D71/><U9/><E9/><N who="2" m="3691" /><F5/><W49/><AGARI ba="0,0" hai="6,11,12,32,33,43,44,49,83,85,90,95,98,100" machi="49" ten="20,1500,0" yaku="0,1,7,1" doraHai="63" who="3" fromWho="3" sc="195,-4,262,-7,292,-4,251,15" /><INIT seed="6,0,0,4,2,95" ten="191,255,288,266" oya="2" hai0="42,106,49,91,76,101,87,54,40,134,80,78,53" hai1="24,1,104,63,11,27,26,46,102,15,52,48,37" hai2="71,112,129,110,84,21,38,19,2,108,70,17,4" hai3="120,109,25,6,22,105,96,118,60,97,55,30,121"/><V88/><F38/><W13/><G109/><N who="2" m="42089" /><F112/><W44/><G105/><T23/><D134/><U35/><E37/><V89/><F129/><W103/><G103/><T43/><D23/><U73/><E73/><V65/><F89/><W62/><G118/><T50/><D106/><U85/><E1/><V29/><F29/><W58/><G121/><T107/><D107/><U126/><E126/><V51/><F65/><W123/><G123/><T8/><D101/><U119/><E119/><V92/><F51/><N who="3" m="29159" /><G62/><T132/><D132/><U114/><E114/><V66/><F66/><N who="3" m="39191" /><G120/><T41/><N who="0" m="10752" /><DORA hai="124" /><T31/><D31/><U69/><E69/><N who="2" m="26123" /><F21/><W12/><G12/><T0/><D0/><U133/><E63/><V86/><F86/><W18/><G6/><T122/><D122/><U99/><E85/><V57/><F57/><W82/><G82/><T67/><D67/><U33/><REACH who="1" step="1"/><E133/><REACH who="1" ten="191,245,288,266" step="2"/><V3/><F3/><W81/><G81/><T125/><D125/><U64/><E64/><V127/><F127/><W10/><AGARI ba="0,1" hai="10,13,18,22,25,30,96,97" m="39191,29159" machi="10" ten="30,4000,0" yaku="8,1,52,2" doraHai="95,124" who="3" fromWho="3" sc="191,-10,245,-10,288,-20,266,50" /><INIT seed="7,0,0,4,2,102" ten="181,235,268,316" oya="3" hai0="5,9,66,0,79,49,57,25,110,6,90,120,39" hai1="14,104,30,27,62,36,97,47,45,88,92,69,48" hai2="107,59,37,106,33,84,127,31,1,133,113,131,43" hai3="98,19,85,111,135,56,38,65,87,121,64,105,42"/><W123/><G38/><T61/><D120/><U108/><E108/><V73/><RYUUKYOKU type="yao9" ba="0,0" sc="181,0,235,0,268,0,316,0" hai2="1,31,33,37,43,59,73,84,106,107,113,127,131,133" /><INIT seed="7,1,0,0,1,21" ten="181,235,268,316" oya="3" hai0="94,51,20,135,124,93,72,52,36,57,68,74,31" hai1="99,55,105,8,104,0,86,112,13,76,9,77,43" hai2="119,17,70,38,125,11,129,109,25,71,41,28,100" hai3="108,82,114,1,101,80,85,48,97,130,47,73,121"/><W96/><G121/><T132/><D36/><U117/><E43/><V32/><F119/><W45/><G1/><T127/><D68/><U103/><E105/><V27/><F109/><W75/><G47/><T33/><D33/><U123/><E123/><V4/><F100/><W49/><G49/><T78/><D78/><U113/><E117/><V2/><F125/><N who="0" m="48202" /><D74/><U126/><E126/><V133/><F133/><N who="0" m="51274" /><D72/><U106/><E106/><V64/><F70/><W116/><G82/><T10/><D10/><U120/><E120/><V98/><F11/><W115/><G97/><T67/><D67/><U92/><E9/><V102/><F64/><W90/><G116/><T118/><D118/><U16/><E0/><V40/><F2/><W69/><G69/><T23/><D23/><U60/><E77/><V65/><F65/><W54/><G108/><T24/><AGARI ba="1,0" hai="20,24,31,51,52,57,93,94" m="51274,48202" machi="24" ten="40,8000,1" yaku="18,1,20,1,52,1,54,1" doraHai="21" who="0" fromWho="0" sc="181,83,235,-21,268,-21,316,-41" /><INIT seed="8,0,0,4,3,129" ten="264,214,247,275" oya="0" hai0="13,59,30,87,71,28,14,100,57,11,96,39,61" hai1="65,125,72,91,5,78,1,38,6,33,107,68,108" hai2="24,53,73,29,103,80,128,10,88,83,64,74,135" hai3="20,4,60,32,54,89,12,116,94,86,48,47,82"/><T123/><D123/><U18/><E107/><V9/><F128/><W52/><G32/><T98/><D39/><U56/><E68/><V26/><F64/><W122/><G116/><T131/><D71/><U50/><E38/><V37/><F37/><W105/><G105/><T70/><D70/><U101/><E33/><V134/><F103/><W132/><G132/><N who="2" m="50729" /><F53/><W42/><G122/><T21/><D131/><U124/><E101/><V120/><F24/><W16/><G4/><T95/><D87/><U35/><E6/><V46/><F46/><W76/><G60/><T118/><D118/><U121/><E5/><V15/><F88/><W109/><G109/><T112/><D98/><AGARI ba="0,0" hai="12,16,20,42,47,48,52,54,76,82,86,89,94,98" machi="98" ten="30,7700,0" yaku="7,1,8,1,54,2" doraHai="129" who="3" fromWho="0" sc="264,-77,214,0,247,0,275,77" owari="187,-31.0,214,-19.0,247,5.0,352,45.0" /></mjloggm>