<mjloggm ver="2.3"><GO type="169" lobby="0"/><UN n0="%E3%82%A6%E3%83%AB%E3%83%88%E3%83%A9%E7%AB%8B%E7%9B%B4" n1="%E3%83%9F%E3%83%92%E3%83%A3%E3%82%A8%E3%83%AB" n2="%74%61%74%73%75%37%30%32" n3="%E6%B8%85%E6%BE%84%E3%81%AE%E3%83%94%E3%83%B3%E9%9B%80%E9%80%9A%E3%81%84" dan="18,16,16,16" rate="2272.98,2054.29,2173.95,2047.08" sx="M,M,M,M"/><TAIKYOKU oya="0"/><INIT seed="0,0,0,3,3,46" ten="250,250,250,250" oya="0" hai0="116,19,14,91,54,80,100,49,87,36,50,71,105" hai1="43,39,89,130,30,126,95,70,127,131,119,11,123" hai2="9,28,108,115,90,31,40,98,134,112,94,22,24" hai3="135,122,103,111,61,1,68,53,64,20,79,60,5"/><T3/><D3/><U82/><E70/><V73/><F108/><W13/><G111/><T72/><D116/><U92/><E119/><V133/><F73/><W0/><G103/><T109/><D109/><U48/><E39/><V77/><F77/><W83/><G135/><T41/><D71/><U85/><E123/><V84/><F40/><W45/><G122/><T16/><D72/><U110/><E110/><V121/><F121/><W6/><G6/><T107/><D36/><U74/><E30/><V59/><F31/><W15/><G15/><T66/><D66/><U78/><E11/><V56/><F9/><W27/><G13/><T86/><D100/><U114/><E48/><N who="0" m="18537" /><D107/><U44/><E44/><V47/><F47/><W17/><G5/><T23/><D105/><U104/><E43/><V120/><F120/><W37/><G45/><T29/><D41/><U132/><E104/><V34/><F34/><W76/><G37/><T97/><D54/><U113/><E95/><V75/><F75/><W117/><G117/><T69/><D69/><U102/><E102/><V124/><F115/><N who="1" m="44041" /><E132/><V101/><F112/><W42/><G42/><T21/><D29/><U88/><E89/><V33/><F134/><W118/><G118/><T58/><D58/><N who="2" m="22058" /><F133/><W32/><G32/><T129/><D129/><AGARI ba="0,0" hai="74,78,82,85,88,92,126,127,129,130,131" m="44041" machi="129" ten="30,8000,1" yaku="19,1,11,1,34,2,54,1" doraHai="46" who="1" fromWho="0" sc="250,-80,250,80,250,0,250,0" /><INIT seed="1,0,0,0,5,90" ten="170,330,250,250" oya="1" hai0="66,106,22,96,52,12,15,62,25,132,107,130,58" hai1="57,44,35,39,14,122,34,134,68,97,37,79,95" hai2="125,71,120,4,38,67,112,41,60,129,30,53,76" hai3="8,77,5,104,61,111,121,36,0,43,56,110,32"/><U87/><E68/><V19/><F120/><W9/><G121/><T21/><D130/><U84/><E122/><V63/><F112/><W50/><G104/><T94/><D132/><U98/><E134/><V118/><F118/><W75/><G32/><T108/><D108/><U42/><E39/><V93/><F129/><W47/><G9/><T29/><D107/><U55/><E98/><V16/><F125/><W124/><G124/><T28/><D106/><U11/><E35/><V31/><F4/><W3/><G50/><T113/><D113/><U6/><E34/><V40/><F76/><W7/><G7/><T116/><D116/><U54/><E79/><V105/><F105/><W80/><REACH who="3" step="1"/><G3/><REACH who="3" ten="170,330,250,240" step="2"/><T88/><D66/><AGARI ba="0,1" hai="0,5,8,36,43,47,56,61,66,75,77,80,110,111" machi="66" ten="40,8000,1" yaku="1,1,2,1,25,2,53,0" doraHai="90" doraHaiUra="45" who="3" fromWho="0" sc="170,-80,330,0,250,0,240,90" /><INIT seed="2,0,0,4,4,78" ten="90,330,250,330" oya="2" hai0="26,42,97,76,65,9,43,1,109,10,57,56,88" hai1="128,120,103,134,130,55,133,15,54,82,89,32,30" hai2="58,85,8,25,24,124,122,7,95,123,84,80,119" hai3="105,53,102,52,13,63,2,67,116,38,41,127,126"/><V77/><F119/><W108/><G2/><T22/><D109/><U60/><E103/><V27/><F124/><N who="3" m="47659" /><G105/><T5/><D10/><U28/><E15/><V12/><REACH who="2" step="1"/><F58/><REACH who="2" ten="90,330,240,330" step="2"/><W48/><G116/><T64/><D57/><U68/><E68/><V47/><F47/><W92/><G108/><T93/><D76/><U59/><E128/><V117/><F117/><W66/><G38/><T49/><D56/><U44/><E130/><V79/><F79/><W113/><G113/><T14/><D1/><U70/><E70/><V112/><F112/><W31/><G67/><N who="0" m="25675" /><D49/><U0/><E59/><V11/><F11/><W74/><G48/><T16/><AGARI ba="0,1" hai="5,9,14,16,22,26,42,43,88,93,97" m="25675" machi="16" ten="30,4000,0" yaku="8,1,54,2" doraHai="78" who="0" fromWho="0" sc="90,50,330,-10,240,-20,330,-10" /><INIT seed="3,0,0,3,2,42" ten="140,320,220,320" oya="3" hai0="99,94,35,28,30,57,88,67,16,9,112,79,126" hai1="123,5,34,86,72,132,91,53,98,41,71,21,51" hai2="55,75,81,4,130,2,6,1,103,66,56,52,11" hai3="90,14,133,63,76,100,125,113,70,104,78,117,20"/><W12/><G113/><T122/><D122/><U83/><E123/><V60/><F130/><W13/><G117/><T85/><D126/><U109/><E34/><V49/><F103/><W37/><G37/><T8/><D112/><U89/><E71/><V108/><F108/><W128/><G128/><T62/><D35/><U38/><E109/><V18/><F18/><W29/><G125/><T118/><D118/><U32/><E32/><V36/><F36/><W96/><G133/><T116/><D116/><U65/><E132/><V15/><F55/><W64/><REACH who="3" step="1"/><G90/><REACH who="3" ten="140,320,220,310" step="2"/><T25/><D79/><U127/><E91/><V68/><REACH who="2" step="1"/><F6/><REACH who="2" ten="140,320,210,310" step="2"/><W31/><G31/><T0/><D30/><U111/><E5/><V101/><F101/><W93/><G93/><T97/><D28/><U48/><E38/><V95/><F95/><W58/><G58/><T17/><D17/><U77/><E127/><V24/><F24/><AGARI ba="0,2" hai="12,13,14,20,24,29,63,64,70,76,78,96,100,104" machi="24" ten="40,3900,0" yaku="1,1,53,1" doraHai="42" doraHaiUra="61" who="3" fromWho="2" sc="140,0,320,0,210,-39,310,59" /><INIT seed="3,1,0,0,2,55" ten="140,320,171,369" oya="3" hai0="63,40,96,135,90,18,88,25,121,95,113,58,44" hai1="62,5,81,73,53,51,86,114,41,123,115,71,46" hai2="54,36,105,42,28,74,64,27,0,104,3,49,10" hai3="31,133,130,24,2,52,120,129,33,66,92,48,99"/><W132/><G2/><T118/><D118/><U134/><E123/><V97/><F74/><W68/><G120/><T12/><D121/><U8/><E73/><V102/><F64/><W37/><G37/><T80/><D135/><N who="3" m="51785" /><G66/><T127/><D127/><U76/><E134/><V77/><F77/><W78/><G78/><T57/><D25/><U93/><E71/><V98/><F42/><W125/><G68/><T83/><D113/><U119/><E119/><V20/><F36/><W85/><G85/><N who="0" m="50239" /><D63/><U87/><E93/><V29/><F29/><W103/><G125/><T13/><D13/><U126/><E87/><V17/><F28/><W61/><G61/><T16/><D18/><U110/><E110/><V22/><F22/><W116/><G116/><T107/><D107/><U128/><E128/><V9/><F3/><W60/><G60/><T70/><D80/><U109/><E109/><V117/><F0/><W82/><G82/><T32/><D32/><U72/><E72/><V131/><F131/><W94/><G92/><T34/><D34/><U84/><E84/><V56/><REACH who="2" step="1"/><F117/><REACH who="2" ten="140,320,161,369" step="2"/><W45/><AGARI ba="1,1" hai="24,31,33,45,48,52,94,99,103,129,130" m="51785" machi="45" ten="30,3000,0" yaku="20,1,54,1" doraHai="55" who="3" fromWho="3" sc="140,-11,320,-11,161,-11,369,43" /><INIT seed="3,2,0,5,3,25" ten="129,309,150,412" oya="3" hai0="63,42,57,84,71,119,47,82,2,116,28,90,105" hai1="66,9,21,133,0,37,81,8,115,85,78,73,70" hai2="64,92,14,99,61,36,88,110,12,103,23,134,46" hai3="6,50,113,102,122,15,3,125,100,108,80,33,112"/><W132/><G122/><T5/><D71/><U75/><E115/><V126/><F110/><W131/><G3/><T32/><D105/><U67/><E133/><V74/><F74/><W94/><G33/><T24/><D5/><U65/><E70/><V59/><F126/><W29/><G29/><T1/><D119/><U13/><E37/><V43/><F134/><W109/><G132/><T53/><REACH who="0" step="1"/><D116/><REACH who="0" ten="119,309,150,412" step="2"/><U44/><E0/><V130/><F130/><W62/><G6/><T83/><D83/><U121/><E81/><V107/><REACH who="2" step="1"/><F23/><REACH who="2" ten="119,309,140,412" step="2"/><W111/><G131/><T35/><D35/><U106/><E21/><V77/><F77/><W87/><G111/><T19/><D19/><U49/><E78/><V124/><F124/><W34/><G125/><T98/><D98/><AGARI ba="2,2" hai="12,14,36,43,46,59,61,64,88,92,98,99,103,107" machi="98" ten="30,3900,0" yaku="1,1,7,1,54,1,53,0" doraHai="25" doraHaiUra="20" who="2" fromWho="0" sc="119,-45,309,0,140,65,412,0" /><INIT seed="4,0,0,1,4,102" ten="74,309,205,412" oya="0" hai0="8,23,121,111,43,53,68,112,92,63,133,19,2" hai1="57,72,122,98,114,91,117,96,7,37,66,32,84" hai2="119,14,25,13,49,113,30,126,42,9,10,18,4" hai3="88,33,1,74,59,46,41,15,81,100,85,99,105"/><T120/><D112/><U77/><E114/><V62/><F113/><W124/><G1/><T83/><D133/><U16/><E117/><V110/><F110/><W106/><G124/><T115/><D115/><U20/><E32/><V5/><F126/><W21/><G33/><T82/><D111/><U38/><E7/><N who="2" m="3295" /><F62/><W39/><G59/><T125/><D125/><U130/><E130/><V64/><F64/><W132/><G132/><T93/><D43/><U86/><E86/><V0/><F49/><W94/><G74/><T101/><D8/><U24/><E77/><V128/><F128/><W58/><REACH who="3" step="1"/><G58/><REACH who="3" ten="74,309,205,402" step="2"/><N who="0" m="35279" /><D2/><U107/><E72/><V89/><F119/><W95/><G95/><T127/><D127/><U75/><E75/><V67/><F67/><W35/><G35/><T123/><D68/><U27/><E122/><V29/><F42/><W79/><G79/><T134/><D134/><U109/><E109/><V11/><F89/><W135/><G135/><T44/><D44/><U31/><E57/><V51/><F51/><W78/><G78/><T97/><D93/><U22/><E66/><V73/><F73/><W40/><G40/><T52/><D52/><U60/><E60/><V131/><F131/><W129/><G129/><T69/><D69/><U28/><E38/><V54/><F54/><W47/><G47/><T104/><D92/><N who="1" m="54375" /><E37/><V3/><F0/><W65/><G65/><T103/><D103/><U45/><E45/><V61/><F61/><W116/><G116/><T71/><D71/><U55/><E55/><V70/><F70/><W17/><AGARI ba="0,1" hai="15,17,21,39,41,46,81,85,88,94,99,100,105,106" machi="17" ten="30,8000,1" yaku="1,1,0,1,52,2,54,1,53,0" doraHai="102" doraHaiUra="56" who="3" fromWho="3" sc="74,-40,309,-20,205,-20,402,90" /><INIT seed="5,0,0,2,5,47" ten="34,289,185,492" oya="1" hai0="71,124,129,17,100,54,120,93,114,1,52,134,130" hai1="60,16,95,61,9,112,32,104,89,2,74,131,90" hai2="108,51,80,76,133,18,98,64,87,92,94,55,50" hai3="53,78,11,4,30,5,72,69,8,68,123,56,85"/><U41/><E104/><V25/><F108/><W49/><G72/><T14/><D1/><U37/><E32/><V75/><F133/><W66/><G123/><T39/><D39/><U3/><E74/><V20/><F75/><W36/><G36/><T82/><D71/><U86/><E112/><V135/><F135/><W113/><G113/><T109/><D109/><U132/><E132/><V43/><F64/><W65/><G30/><T34/><D34/><U13/><E131/><V15/><F43/><W21/><G21/><T23/><D134/><U128/><E128/><V28/><F55/><W7/><G69/><T81/><D114/><U19/><E41/><V58/><F58/><W84/><G68/><T111/><D111/><U91/><E37/><V88/><REACH who="2" step="1"/><F94/><REACH who="2" ten="34,289,175,492" step="2"/><W73/><G73/><T83/><D120/><U119/><E95/><V125/><F125/><W115/><G53/><N who="0" m="20587" /><D130/><U62/><E119/><V96/><F96/><W67/><G56/><T110/><D129/><U31/><E86/><V79/><F79/><W127/><G127/><T103/><D124/><U44/><E44/><V26/><F26/><W107/><G78/><T27/><D110/><U48/><E62/><V59/><F59/><W122/><G115/><T38/><D38/><U57/><E61/><V12/><F12/><W0/><G122/><T101/><D93/><U22/><E60/><V99/><F99/><W102/><G67/><T116/><D116/><U121/><E57/><V10/><AGARI ba="0,1" hai="10,15,18,20,25,28,50,51,76,80,87,88,92,98" machi="10" ten="20,12000,2" yaku="1,1,0,1,7,1,8,1,52,2,54,1,53,0" doraHai="47" doraHaiUra="97" who="2" fromWho="2" sc="34,-30,289,-60,175,130,492,-30" /><INIT seed="6,0,0,4,3,19" ten="4,229,305,462" oya="2" hai0="107,132,38,123,116,129,23,36,4,31,60,95,37" hai1="114,118,113,44,21,28,83,76,55,62,88,93,90" hai2="53,77,115,96,0,63,41,57,56,103,12,47,34" hai3="3,128,117,16,108,11,111,80,20,7,66,105,29"/><V78/><F0/><W97/><G117/><T135/><D107/><U35/><E35/><V14/><F34/><W121/><G66/><T25/><D123/><U119/><E119/><V131/><F131/><W87/><G121/><T61/><D116/><U106/><E106/><V42/><F115/><W69/><G69/><T100/><D129/><U48/><E118/><V68/><F68/><W112/><G128/><T89/><D100/><U10/><E10/><V86/><F57/><W30/><G112/><T6/><D89/><U52/><E114/><V72/><F72/><W126/><G126/><T94/><D23/><U15/><E113/><V110/><F110/><W102/><G30/><T33/><D25/><N who="1" m="16431" /><E15/><N who="2" m="5675" /><F86/><W109/><G29/><T125/><D31/><U18/><E18/><V70/><F70/><W22/><REACH who="3" step="1"/><G16/><REACH who="3" ten="4,229,305,452" step="2"/><T39/><N who="0" m="9216" /><DORA hai="45" /><T64/><D33/><U58/><E93/><N who="0" m="35337" /><D64/><U26/><E26/><V50/><F103/><W1/><G1/><T27/><D27/><U99/><E99/><V59/><F96/><W54/><G54/><T75/><D125/><U101/><E101/><V104/><F104/><W122/><G122/><T124/><D124/><U133/><E133/><N who="0" m="51273" /><D75/><U43/><E55/><N who="2" m="34303" /><F42/><W40/><G40/><T49/><D49/><AGARI ba="0,1" hai="41,47,49,50,53,56,77,78" m="34303,5675" machi="49" ten="30,5800,0" yaku="8,1,52,2" doraHai="19,45" who="2" fromWho="0" sc="4,-58,229,0,305,68,452,0" owari="-54,-55.0,229,-17.0,373,17.0,452,55.0" /></mjloggm>