<mjloggm ver="2.3"><GO type="169" lobby="0"/><UN n0="%E6%BC%A3%E5%A4%8F" n1="%4B%49%4E%4F" n2="%E3%83%88%E3%83%88%E3%83%AA%E5%85%88%E7%94%9F%31%39%E6%AD%B3" n3="%E9%9D%92%E7%8C%AB" dan="16,17,19,17" rate="2111.07,2180.44,2325.12,2093.01" sx="M,F,F,M"/><TAIKYOKU oya="0"/><INIT seed="0,0,0,5,3,19" ten="250,250,250,250" oya="0" hai0="6,73,118,132,40,1,63,82,28,48,56,52,62" hai1="45,64,33,102,121,61,86,2,12,8,68,114,106" hai2="27,60,11,67,125,4,26,124,72,36,34,89,83" hai3="55,79,112,131,70,42,0,44,25,111,97,78,134"/><T20/><D118/><U80/><E121/><V35/><F36/><W115/><G0/><T75/><D132/><U108/><E108/><V116/><F72/><W69/><G111/><T71/><D1/><U130/><E130/><V51/><F51/><W74/><G55/><T43/><D6/><U54/><E2/><N who="2" m="407" /><F83/><W105/><G131/><T133/><D133/><U100/><E106/><V120/><F89/><W10/><G134/><T5/><D5/><U95/><E95/><V31/><F60/><W117/><G117/><T128/><D128/><U98/><E98/><V93/><F67/><W127/><G79/><T101/><D101/><U135/><E135/><V96/><F93/><W9/><G70/><T59/><D71/><U66/><E66/><V122/><F96/><W109/><G69/><T91/><D75/><U53/><E53/><V104/><F104/><W41/><G109/><T29/><D73/><U77/><E114/><V76/><F76/><W30/><G78/><T15/><D48/><N who="1" m="28943" /><E33/><V21/><F116/><W119/><G74/><T37/><D37/><U24/><E102/><V94/><F94/><W113/><G119/><T7/><D43/><U123/><E123/><N who="2" m="47147" /><F35/><W126/><G42/><T65/><D40/><U39/><E100/><V16/><AGARI ba="0,0" hai="16,21,26,27,31,34,124,125" m="47147,407" machi="16" ten="30,7900,0" yaku="34,2,52,1,54,1" doraHai="19" who="2" fromWho="2" sc="250,-39,250,-20,250,79,250,-20" /><INIT seed="1,0,0,5,1,72" ten="211,230,329,230" oya="1" hai0="117,23,133,116,113,32,121,102,114,86,69,4,21" hai1="49,93,5,52,37,59,94,33,54,3,36,51,85" hai2="41,53,50,31,110,76,81,129,128,42,135,134,38" hai3="39,35,16,91,104,64,111,17,10,25,27,46,80"/><U89/><E33/><V19/><F31/><W77/><G104/><T124/><D69/><U105/><E105/><V65/><F19/><W24/><G35/><T43/><D43/><N who="2" m="16394" /><F38/><W115/><G115/><T62/><D62/><U127/><E127/><V2/><F2/><W7/><G111/><T106/><D124/><U87/><E3/><V8/><F8/><W78/><G64/><T73/><D73/><U9/><E9/><V131/><F65/><W100/><G100/><T58/><D58/><U28/><E28/><V84/><F110/><W34/><G34/><T70/><D70/><U11/><E11/><V57/><AGARI ba="0,0" hai="50,53,57,76,81,84,128,129,131,134,135" m="16394" machi="57" ten="40,2700,0" yaku="19,1,52,1" doraHai="72" who="2" fromWho="2" sc="211,-7,230,-13,329,27,230,-7" /><INIT seed="2,0,0,0,2,52" ten="204,217,356,223" oya="2" hai0="43,113,119,44,45,75,125,61,14,105,23,34,10" hai1="65,118,11,58,27,104,33,57,72,53,31,51,6" hai2="108,99,46,22,26,32,106,48,18,129,83,50,82" hai3="135,25,56,63,20,62,126,90,67,13,94,3,7"/><V69/><F69/><W55/><G126/><T85/><D75/><U100/><E118/><V93/><F106/><W2/><G13/><T81/><D113/><U102/><E72/><V42/><F129/><W38/><G38/><T79/><D34/><U84/><E84/><V127/><F127/><W28/><G7/><T116/><D125/><U59/><E65/><V70/><F70/><W115/><G135/><T87/><D105/><U133/><E133/><V1/><F1/><W107/><G107/><T92/><D23/><U101/><REACH who="1" step="1"/><E104/><REACH who="1" ten="204,207,356,223" step="2"/><V132/><F132/><W111/><G115/><T24/><D119/><U78/><E78/><V110/><F110/><W4/><G111/><T96/><D116/><U95/><E95/><V76/><F108/><W19/><G94/><T54/><D87/><U29/><E29/><V109/><F109/><W130/><G28/><T49/><D92/><U77/><E77/><V47/><F76/><W86/><G130/><T88/><D85/><U21/><E21/><V41/><REACH who="2" step="1"/><F32/><REACH who="2" ten="204,207,346,223" step="2"/><W98/><G2/><AGARI ba="0,2" hai="2,6,11,27,31,33,51,53,57,58,59,100,101,102" machi="2" ten="40,8000,1" yaku="1,1,52,3,53,0" doraHai="52" doraHaiUra="40" who="1" fromWho="3" sc="204,0,207,100,346,0,223,-80" /><INIT seed="3,0,0,4,1,12" ten="204,307,346,143" oya="3" hai0="115,11,0,26,33,100,60,58,51,13,17,83,1" hai1="63,10,121,37,65,99,98,131,113,30,94,47,39" hai2="45,28,15,108,46,6,64,25,49,91,106,130,21" hai3="38,81,85,96,75,114,110,127,69,74,57,53,129"/><W77/><G69/><T102/><D115/><U117/><E121/><V107/><F108/><W4/><G114/><T103/><D51/><U50/><E113/><V93/><F130/><W111/><G38/><T36/><D36/><U123/><E123/><V134/><F134/><W48/><G4/><T88/><D33/><U29/><E131/><V80/><F80/><W68/><G68/><T128/><D26/><U52/><E39/><V133/><F133/><W86/><G129/><T132/><D132/><U126/><E126/><V105/><F64/><W89/><G96/><T7/><D7/><U23/><E37/><V24/><F49/><W62/><G48/><T16/><D17/><U22/><E10/><V112/><F112/><W84/><G127/><T35/><D35/><U124/><E117/><V34/><F15/><W104/><G104/><T87/><REACH who="0" step="1"/><D128/><REACH who="0" ten="194,307,346,143" step="2"/><U101/><E124/><V66/><F6/><W27/><G27/><T76/><D76/><U125/><E125/><V71/><F25/><W82/><REACH who="3" step="1"/><G75/><REACH who="3" ten="194,307,346,133" step="2"/><T78/><D78/><U59/><E99/><V70/><F34/><W40/><G40/><T43/><D43/><U92/><E98/><V135/><F135/><W67/><G67/><AGARI ba="0,2" hai="0,1,11,13,16,58,60,67,83,87,88,100,102,103" machi="67" ten="40,8000,1" yaku="1,1,52,1,54,2,53,0" doraHai="12" doraHaiUra="31" who="0" fromWho="3" sc="194,100,307,0,346,0,133,-80" /><INIT seed="4,0,0,2,4,21" ten="294,307,346,53" oya="0" hai0="41,15,18,1,63,122,135,93,90,40,103,128,75" hai1="108,35,27,116,9,98,56,13,66,69,73,100,99" hai2="133,33,82,121,85,10,30,71,22,104,115,110,47" hai3="5,126,134,36,65,62,91,109,37,132,95,131,8"/><T72/><D122/><U124/><E116/><V6/><F110/><W113/><G109/><T51/><D1/><U31/><E108/><V32/><F121/><W19/><G113/><T130/><D103/><U45/><E73/><V101/><F71/><W120/><G120/><T17/><D135/><N who="3" m="51753" /><G131/><N who="0" m="50219" /><D17/><U87/><E124/><V112/><F133/><W34/><G34/><T111/><D63/><U12/><E45/><V29/><F47/><W60/><G19/><T57/><D111/><U123/><E123/><V70/><F70/><N who="3" m="42279" /><G62/><T96/><D57/><U118/><E69/><V52/><F101/><W86/><G126/><T39/><D39/><U16/><E118/><V23/><F104/><W50/><G50/><T106/><D106/><U42/><E100/><V127/><F127/><W2/><AGARI ba="0,0" hai="2,5,8,36,37,86,91,95" m="42279,51753" machi="2" ten="30,1100,0" yaku="20,1" doraHai="21" who="3" fromWho="3" sc="294,-5,307,-3,346,-3,53,11" /><INIT seed="5,0,0,0,0,29" ten="289,304,343,64" oya="1" hai0="121,108,130,119,52,57,73,4,84,76,32,104,22" hai1="51,94,133,60,132,45,129,88,67,82,40,11,95" hai2="131,126,47,12,13,24,70,38,42,9,54,98,77" hai3="80,2,101,116,62,25,99,107,89,18,69,97,90"/><U21/><E129/><V5/><F70/><W46/><G116/><T110/><D119/><U17/><E11/><V1/><F131/><W64/><G2/><T128/><D73/><U55/><E40/><V23/><F126/><W134/><G134/><T43/><D104/><U50/><E50/><V109/><F109/><W16/><G46/><T58/><D43/><U26/><E82/><V124/><F124/><W106/><G80/><T92/><D4/><U39/><E39/><V135/><F135/><N who="1" m="51785" /><E88/><V118/><F118/><W28/><G90/><T66/><D121/><U61/><E61/><V81/><F54/><W0/><G0/><T49/><D110/><U91/><E91/><V103/><F98/><W10/><G10/><T83/><D108/><U78/><E78/><V36/><F103/><W19/><G89/><T86/><D49/><U87/><E87/><V112/><F36/><W59/><G59/><AGARI ba="0,0" hai="17,21,26,45,51,55,59,60,67,94,95" m="51785" machi="59" ten="30,1500,0" yaku="20,1" doraHai="29" who="1" fromWho="3" sc="289,0,304,15,343,0,64,-15" /><INIT seed="5,1,0,0,2,118" ten="289,319,343,49" oya="1" hai0="0,37,56,99,70,65,90,124,76,73,127,84,50" hai1="25,66,94,87,20,11,97,129,112,109,85,27,86" hai2="125,40,22,3,98,79,26,30,6,89,120,5,71" hai3="117,102,35,43,123,33,106,110,19,82,53,57,63"/><U133/><E112/><V2/><F71/><W9/><G117/><T96/><D0/><U67/><E129/><V18/><F40/><W132/><G110/><T122/><D37/><U62/><E133/><V58/><F79/><W72/><G132/><T8/><D70/><U77/><E109/><V13/><F58/><W17/><G43/><T134/><D134/><U113/><E113/><V39/><F39/><W24/><G123/><T126/><D8/><U16/><E11/><N who="2" m="6463" /><F89/><W116/><G116/><T130/><D50/><U111/><E111/><V23/><F98/><N who="0" m="37418" /><D56/><N who="1" m="37191" /><E67/><V46/><F46/><W7/><G106/><T1/><D1/><N who="2" m="10" /><F125/><W115/><G115/><T64/><D130/><U28/><E77/><V69/><F69/><W34/><G102/><T21/><D64/><U107/><E107/><V108/><F120/><W88/><G24/><T93/><D65/><U15/><E28/><V44/><F44/><W38/><G38/><T101/><D101/><AGARI ba="1,0" hai="15,16,20,25,27,85,86,87,94,97,101" m="37191" machi="101" ten="30,2900,0" yaku="8,1,54,1" doraHai="118" who="1" fromWho="0" sc="289,-32,319,32,343,0,49,0" /><INIT seed="5,2,0,3,5,47" ten="257,351,343,49" oya="1" hai0="90,48,76,66,99,120,18,78,110,35,59,17,105" hai1="33,87,131,108,107,32,119,125,13,9,27,117,53" hai2="50,16,12,10,20,134,74,7,25,58,38,51,31" hai3="95,41,49,86,85,15,5,24,79,124,1,94,118"/><U123/><E107/><V36/><F74/><W115/><G1/><T98/><D110/><U57/><E123/><V26/><F134/><W121/><G118/><T52/><D35/><U45/><E131/><V37/><REACH who="2" step="1"/><F58/><REACH who="2" ten="257,351,333,49" step="2"/><W68/><G121/><T122/><D120/><U64/><E119/><V71/><F71/><W104/><G68/><T67/><D122/><U43/><E117/><V114/><F114/><W129/><G115/><T103/><D67/><U111/><E64/><V62/><F62/><W102/><G129/><T55/><D66/><U113/><E113/><V22/><AGARI ba="2,1" hai="7,10,12,16,20,22,25,26,31,36,37,38,50,51" machi="22" ten="40,8000,1" yaku="1,1,0,1,52,2,54,1,53,0" doraHai="47" doraHaiUra="128" who="2" fromWho="2" sc="257,-22,351,-42,333,96,49,-22" /><INIT seed="6,0,0,5,4,47" ten="235,309,429,27" oya="2" hai0="5,79,107,22,15,102,26,59,68,50,24,27,100" hai1="57,42,77,55,66,97,129,8,39,70,3,23,78" hai2="64,134,114,83,110,71,130,58,127,125,93,40,103" hai3="52,14,115,37,7,25,17,73,12,69,56,4,35"/><V91/><F71/><W81/><G69/><T53/><D68/><U19/><E129/><V32/><F32/><W105/><G105/><T10/><D79/><U9/><E97/><V38/><F130/><W48/><G37/><T90/><D107/><U2/><E2/><V20/><F114/><W67/><G115/><T51/><D90/><U88/><E39/><V122/><F122/><W1/><G1/><T112/><D112/><U126/><E42/><V124/><F134/><W84/><G73/><T101/><REACH who="0" step="1"/><D51/><REACH who="0" ten="225,309,429,27" step="2"/><U13/><E70/><V41/><F91/><W29/><G67/><T72/><D72/><U82/><E66/><V109/><F38/><W86/><G86/><T132/><D132/><U34/><E88/><V92/><F64/><W18/><G84/><T117/><D117/><U98/><E78/><V87/><F87/><W49/><G49/><T46/><D46/><U121/><E77/><V36/><F36/><W62/><G81/><T95/><D95/><U135/><E82/><V31/><F83/><W111/><G111/><N who="2" m="42505" /><F58/><W0/><G62/><T76/><D76/><U21/><E57/><V113/><F113/><W11/><REACH who="3" step="1"/><G0/><REACH who="3" ten="225,309,429,17" step="2"/><T45/><D45/><U131/><E3/><V89/><F92/><W118/><G118/><T63/><D63/><U94/><E94/><V44/><F89/><W96/><G96/><T99/><D99/><U119/><E98/><N who="2" m="59855" /><F127/><W16/><G16/><AGARI ba="0,2" hai="5,10,15,16,22,24,26,27,50,53,59,100,101,102" machi="16" ten="40,8000,1" yaku="1,1,8,1,52,1,54,1,53,0" doraHai="47" doraHaiUra="104" who="0" fromWho="3" sc="225,100,309,0,429,0,17,-80" owari="325,13.0,309,-9.0,429,52.0,-63,-56.0" /></mjloggm>