<mjloggm ver="2.3"><GO type="169" lobby="0"/><UN n0="%E3%82%A6%E3%83%AB%E3%83%88%E3%83%A9%E7%AB%8B%E7%9B%B4" n1="%E3%81%BD%E3%81%BF%E3%82%85" n2="%E3%82%AD%E3%83%A5%E3%82%A2%E3%82%A8%E3%83%BC%E3%82%B9" n3="%E3%83%88%E3%82%B7%E3%83%95%E3%83%BC%E3%83%8B" dan="17,16,16,16" rate="2217.34,2209.11,2136.11,2136.34" sx="M,F,F,M"/><TAIKYOKU oya="0"/><INIT seed="0,0,0,5,3,22" ten="250,250,250,250" oya="0" hai0="117,15,33,21,42,74,41,80,76,2,103,109,126" hai1="110,82,35,92,26,105,83,60,131,66,47,132,59" hai2="46,114,10,3,98,19,20,31,48,87,27,55,1" hai3="79,9,129,68,8,51,37,77,115,89,40,45,97"/><T113/><D117/><U38/><E105/><V11/><F114/><W122/><G115/><T0/><D113/><U120/><E120/><V128/><F128/><W135/><G68/><T72/><D33/><U12/><E131/><V56/><F98/><W6/><G129/><T127/><D103/><U17/><E110/><V95/><F95/><W81/><G135/><T44/><D42/><U14/><E132/><V30/><F87/><W65/><G65/><T36/><D109/><U91/><E38/><V49/><F1/><W7/><G37/><T130/><D130/><U67/><E67/><V63/><F48/><W54/><G122/><T58/><D58/><U93/><E93/><V116/><F116/><W88/><G54/><T39/><D39/><U57/><E57/><V78/><F78/><W29/><G29/><N who="2" m="10761" /><F3/><W134/><G134/><T71/><D71/><U94/><E94/><V108/><F108/><W61/><G61/><T24/><D74/><U85/><E47/><V16/><F19/><W125/><G79/><T28/><REACH who="0" step="1"/><D15/><REACH who="0" ten="240,250,250,250" step="2"/><N who="1" m="5675" /><E35/><V75/><F75/><W70/><G70/><T112/><D112/><U104/><E104/><V90/><F90/><W106/><G88/><T119/><D119/><U25/><E17/><V99/><F99/><W64/><G97/><T84/><D84/><N who="1" m="52327" /><E83/><V124/><F124/><AGARI ba="0,1" hai="0,2,21,24,28,36,41,44,72,76,80,124,126,127" machi="124" ten="40,7700,0" yaku="1,1,18,1,52,1,53,0" doraHai="22" doraHaiUra="86" who="0" fromWho="2" sc="240,87,250,0,250,-77,250,0" /><INIT seed="0,1,0,4,0,114" ten="327,250,173,250" oya="0" hai0="14,50,124,112,33,48,97,128,44,106,96,134,17" hai1="39,98,64,42,15,94,83,117,95,85,81,47,59" hai2="8,123,127,62,131,60,109,61,0,80,125,111,105" hai3="88,132,53,100,87,101,129,99,73,58,4,76,49"/><T72/><D112/><U11/><E117/><V89/><F105/><W38/><G38/><T6/><D72/><U65/><E59/><V35/><F35/><W3/><G132/><T43/><D33/><U74/><E74/><V45/><F45/><W5/><G129/><T26/><D106/><U108/><E108/><N who="2" m="41547" /><F123/><W68/><G68/><T70/><D70/><U119/><E119/><V23/><F23/><W7/><G3/><T118/><D118/><U69/><E69/><V102/><F102/><W21/><G73/><T86/><D124/><N who="2" m="47690" /><F131/><W27/><G99/><T28/><D97/><U121/><E94/><V113/><F113/><W63/><G76/><T32/><D96/><U133/><E83/><V130/><F130/><W93/><REACH who="3" step="1"/><G63/><REACH who="3" ten="327,250,173,240" step="2"/><T71/><D128/><U66/><E133/><V20/><F0/><W79/><G79/><T16/><D134/><U110/><E110/><V46/><F61/><W29/><AGARI ba="1,1" hai="4,5,7,21,27,29,49,53,58,87,88,93,100,101" machi="29" ten="30,7900,0" yaku="1,1,0,1,8,1,54,1,53,0" doraHai="114" doraHaiUra="12" who="3" fromWho="3" sc="327,-40,250,-21,173,-21,240,92" /><INIT seed="1,0,0,2,3,1" ten="287,229,152,332" oya="1" hai0="102,129,67,4,34,29,69,8,111,80,99,13,64" hai1="47,11,7,16,81,39,106,15,25,43,28,70,65" hai2="50,37,32,90,85,31,49,66,41,3,113,12,94" hai3="57,5,33,63,77,126,130,62,0,74,127,115,53"/><U98/><E70/><V95/><F3/><W42/><G115/><T109/><D129/><U54/><E65/><V52/><F113/><W60/><G130/><T131/><D131/><U114/><E114/><V105/><F105/><W19/><G33/><T68/><D80/><U103/><E54/><V55/><F66/><W88/><G42/><T46/><D46/><U35/><REACH who="1" step="1"/><E81/><REACH who="1" ten="287,219,152,332" step="2"/><N who="2" m="49455" /><F55/><W58/><G53/><T22/><D67/><U122/><E122/><V108/><F108/><W56/><G63/><T26/><D64/><U135/><E135/><V110/><F110/><W27/><G62/><T9/><D69/><U17/><AGARI ba="0,1" hai="7,11,15,16,17,25,28,35,39,43,47,98,103,106" machi="17" ten="30,11700,0" yaku="1,1,0,1,52,1,54,1,53,0" doraHai="1" doraHaiUra="104" who="1" fromWho="1" sc="287,-39,219,127,152,-39,332,-39" /><INIT seed="1,1,0,3,3,47" ten="248,346,113,293" oya="1" hai0="66,37,109,103,45,0,124,38,61,4,135,82,32" hai1="42,129,95,11,101,111,116,27,106,125,49,93,15" hai2="14,134,56,51,94,86,64,130,35,76,31,98,54" hai3="41,127,92,91,121,67,65,24,119,21,72,115,1"/><U7/><E116/><V28/><F134/><W104/><G121/><T52/><D32/><U59/><E125/><V29/><F130/><W63/><G115/><T43/><D103/><U90/><E129/><V133/><F133/><W40/><G104/><T62/><D4/><U9/><E111/><V107/><F107/><W110/><G72/><T5/><D5/><U123/><E123/><V19/><F64/><W105/><G105/><T99/><D99/><U97/><E11/><V34/><F76/><W79/><G1/><T39/><D82/><U30/><E90/><V57/><F57/><W46/><G79/><T88/><D88/><U131/><E131/><V68/><F68/><W23/><G127/><T6/><D6/><U73/><E73/><V69/><F69/><W74/><G74/><T100/><D100/><U126/><E126/><V70/><F70/><W44/><G110/><T128/><D0/><U89/><E89/><V16/><F86/><N who="3" m="52343" /><G119/><T77/><D77/><U122/><E122/><V26/><F26/><W84/><G84/><T48/><D109/><U112/><E112/><V20/><REACH who="2" step="1"/><F19/><REACH who="2" ten="248,346,103,293" step="2"/><N who="3" m="12351" /><G67/><T102/><D124/><U12/><E106/><V71/><F71/><W114/><G114/><T17/><D128/><U60/><E97/><V80/><F80/><W85/><G85/><T50/><D66/><U3/><E95/><V25/><F25/><W10/><G65/><T33/><D135/><U87/><E87/><V2/><F2/><W13/><G63/><T8/><D62/><U81/><E60/><V22/><F22/><W75/><G23/><T18/><D61/><RYUUKYOKU ba="1,1" sc="248,-10,346,-10,103,30,293,-10" hai2="14,16,20,28,29,31,34,35,51,54,56,94,98" /><INIT seed="2,2,1,2,1,120" ten="238,336,133,283" oya="2" hai0="112,81,22,117,66,21,36,26,64,85,0,69,82" hai1="86,55,58,99,111,84,72,133,8,7,59,34,118" hai2="83,28,56,43,62,89,50,122,116,5,128,130,104" hai3="121,97,95,129,6,106,14,33,125,131,15,2,60"/><V25/><F122/><W71/><G121/><T30/><D112/><U74/><E34/><V54/><F104/><W96/><G33/><T45/><D0/><U135/><E118/><V46/><F5/><W10/><G125/><T92/><D117/><U110/><E99/><N who="3" m="37962" /><G95/><T63/><D66/><U38/><E38/><V98/><F116/><W4/><G106/><T39/><D92/><U100/><E100/><V32/><REACH who="2" step="1"/><F98/><REACH who="2" ten="238,336,123,283" step="2"/><W49/><G6/><T47/><D39/><U65/><E7/><V20/><F20/><W114/><G114/><T1/><D36/><U17/><E8/><V12/><F12/><W73/><G15/><T23/><D1/><U80/><E133/><V11/><F11/><W127/><G2/><T52/><D21/><U90/><E135/><V67/><F67/><N who="3" m="41447" /><G127/><T16/><D64/><U94/><E65/><V44/><F44/><W37/><G37/><T101/><D47/><U9/><E9/><V88/><F88/><W31/><G14/><T113/><D45/><U77/><E58/><V57/><F57/><W115/><G10/><T134/><D134/><U42/><E59/><V91/><F91/><W105/><G4/><T78/><D113/><U53/><E90/><V24/><F24/><W76/><G105/><T35/><D26/><U132/><E132/><V124/><F124/><W93/><G115/><T48/><D35/><U107/><E107/><V40/><F40/><W70/><G70/><T109/><D69/><U79/><E42/><V75/><F75/><W68/><G68/><T102/><D23/><U103/><E74/><V27/><F27/><RYUUKYOKU ba="2,2" sc="238,-10,336,-10,123,30,283,-10" hai2="25,28,32,43,46,50,54,56,62,83,89,128,130" /><INIT seed="2,3,2,2,0,50" ten="228,326,153,273" oya="2" hai0="118,12,70,133,117,23,81,93,115,11,7,63,19" hai1="39,102,26,121,67,77,15,85,57,21,55,22,16" hai2="32,41,71,123,95,64,111,5,47,103,124,9,76" hai3="78,101,60,113,58,14,87,2,127,49,89,29,1"/><V53/><F123/><W107/><G127/><T25/><D115/><U109/><E109/><V96/><F124/><W0/><G113/><T40/><D40/><U98/><E121/><V34/><F111/><W122/><G122/><T79/><D93/><U48/><E39/><V128/><F128/><W35/><G78/><T52/><D133/><U6/><E67/><V73/><F71/><W18/><G29/><T105/><D105/><U114/><E114/><V132/><F64/><W82/><G35/><T24/><D24/><U31/><E6/><V91/><F132/><W104/><G49/><T129/><D129/><U88/><E77/><V108/><F108/><W4/><G4/><T94/><D94/><N who="1" m="56647" /><E85/><V38/><F53/><W62/><G101/><AGARI ba="3,2" hai="15,16,21,22,26,31,48,55,57,101,102" m="56647" machi="101" ten="30,7700,0" yaku="8,1,52,1,54,2" doraHai="50" who="1" fromWho="3" sc="228,0,326,106,153,0,273,-86" /><INIT seed="3,0,0,3,1,114" ten="228,432,153,187" oya="3" hai0="64,38,126,45,56,91,109,102,100,53,15,77,60" hai1="127,124,17,13,81,43,3,9,76,106,103,72,121" hai2="101,84,89,93,32,94,31,125,95,14,128,86,67" hai3="58,19,11,5,74,69,52,21,134,96,42,130,98"/><W48/><G74/><T78/><D109/><U2/><E121/><V104/><F128/><W41/><G69/><T80/><D126/><N who="1" m="48171" /><E43/><V87/><F125/><W10/><G134/><T133/><D133/><U28/><E28/><V90/><F67/><W40/><G130/><T135/><D91/><N who="2" m="34826" /><F14/><W8/><REACH who="3" step="1"/><G5/><REACH who="3" ten="228,432,153,177" step="2"/><T37/><D135/><U113/><E113/><V82/><F32/><W131/><G131/><T118/><D37/><U129/><E129/><V57/><F31/><W68/><G68/><T97/><D38/><U16/><E17/><V29/><F29/><W79/><G79/><T49/><D78/><U18/><E18/><V59/><F59/><W70/><G70/><T66/><D77/><U25/><E25/><AGARI ba="0,1" hai="8,10,11,19,21,25,40,41,42,48,52,58,96,98" machi="25" ten="40,12000,1" yaku="1,1,8,1,54,1,53,1" doraHai="114" doraHaiUra="23" who="3" fromWho="1" sc="228,0,432,-120,153,0,177,130" /><INIT seed="3,1,0,4,4,12" ten="228,312,153,307" oya="3" hai0="75,2,110,37,118,128,100,105,131,61,74,117,3" hai1="81,133,121,77,54,119,88,109,58,120,89,111,106" hai2="94,16,40,97,19,31,107,46,87,79,50,17,25" hai3="82,108,47,10,71,103,42,92,55,28,113,66,0"/><W98/><G113/><T78/><D61/><U68/><E68/><V91/><F107/><W21/><G108/><N who="1" m="41546" /><E58/><V132/><F132/><W14/><G0/><N who="0" m="43" /><D78/><U43/><E54/><V73/><F73/><N who="0" m="27658" /><D110/><U123/><E43/><V20/><F79/><W53/><G71/><T32/><D32/><U135/><E106/><V39/><F39/><W116/><G116/><N who="0" m="44651" /><D37/><U36/><E36/><V52/><F40/><W64/><G82/><T11/><D11/><U85/><E119/><V125/><F125/><W95/><G95/><T126/><D126/><U69/><E69/><V8/><F8/><W49/><G55/><T76/><D76/><U86/><E77/><V83/><F83/><AGARI ba="1,0" hai="81,83,85,86,88,89,120,121,123,133,135" m="41546" machi="83" ten="40,8000,1" yaku="14,1,34,2,54,1" doraHai="12" who="1" fromWho="2" sc="228,0,312,83,153,-83,307,0" /><INIT seed="4,0,0,0,3,30" ten="228,395,70,307" oya="0" hai0="77,89,26,110,4,65,121,58,38,76,25,49,40" hai1="21,24,51,7,42,9,47,15,53,68,61,35,88" hai2="131,105,74,134,113,85,81,119,73,64,12,43,1" hai3="36,23,79,106,67,41,117,52,109,59,95,112,60"/><T33/><D121/><U130/><E130/><V20/><F1/><W39/><G106/><T6/><D38/><U78/><E78/><V101/><F113/><W126/><G109/><T57/><D33/><U71/><E35/><V92/><F64/><W2/><G2/><T34/><D34/><U107/><E107/><V18/><F131/><W122/><G117/><T87/><D110/><U54/><E88/><V22/><F119/><W91/><G112/><T69/><D69/><U31/><REACH who="1" step="1"/><E71/><REACH who="1" ten="228,385,70,307" step="2"/><V63/><F105/><W55/><G91/><T14/><D89/><U32/><E32/><V100/><F134/><W75/><G79/><T28/><D87/><U94/><E94/><V132/><F132/><W84/><G95/><T97/><D77/><U62/><E62/><V50/><F74/><W0/><G84/><T127/><D76/><U13/><E13/><V90/><F73/><W16/><G75/><T72/><D14/><U8/><E8/><N who="2" m="6407" /><F63/><W3/><G3/><T80/><D72/><U56/><E56/><V29/><F92/><W46/><G0/><T125/><D58/><U44/><E44/><N who="2" m="25887" /><F29/><W129/><G129/><T114/><D57/><U27/><E27/><V99/><F99/><W115/><G115/><T48/><D97/><U133/><E133/><V116/><F116/><W103/><G59/><T10/><D114/><U123/><E123/><V66/><F66/><AGARI ba="0,1" hai="7,9,15,21,24,31,42,47,51,53,54,61,66,68" machi="66" ten="40,2600,0" yaku="1,1,53,1" doraHai="30" doraHaiUra="37" who="1" fromWho="2" sc="228,0,385,36,70,-26,307,0" /><INIT seed="5,0,0,2,2,57" ten="228,421,44,307" oya="1" hai0="79,93,10,96,94,75,0,89,120,48,113,102,53" hai1="6,1,73,38,20,82,115,98,52,29,132,11,21" hai2="124,106,118,44,90,32,131,109,18,116,63,43,28" hai3="34,84,13,111,71,37,65,74,95,51,36,16,91"/><U126/><E38/><V127/><F106/><W114/><G74/><T83/><D120/><U14/><E115/><V92/><F109/><W9/><G111/><T4/><D113/><U26/><E126/><N who="2" m="48171" /><F28/><W45/><G114/><T60/><D89/><U61/><E132/><V128/><F32/><W62/><REACH who="3" step="1"/><G34/><REACH who="3" ten="228,421,44,297" step="2"/><T86/><D75/><U17/><E73/><V46/><F118/><W72/><G72/><T125/><D125/><U130/><E130/><V104/><F116/><W22/><G22/><T123/><D123/><U77/><E21/><V49/><F131/><W24/><G24/><T54/><D94/><U58/><E29/><V76/><F128/><W103/><G103/><T108/><D108/><U25/><E25/><V30/><F104/><W7/><G7/><T66/><REACH who="0" step="1"/><D48/><REACH who="0" ten="218,421,44,297" step="2"/><U78/><E26/><V100/><F92/><W40/><AGARI ba="0,2" hai="9,13,16,36,37,40,45,51,62,65,71,84,91,95" machi="40" ten="20,12000,2" yaku="1,1,0,1,7,1,52,1,54,1,53,2" doraHai="57" doraHaiUra="69" who="3" fromWho="3" sc="218,-30,421,-60,44,-30,297,140" /><INIT seed="6,0,0,5,1,61" ten="188,361,14,437" oya="2" hai0="93,44,59,3,77,63,104,103,76,106,120,102,27" hai1="54,15,87,110,125,65,8,128,91,109,78,9,55" hai2="13,134,116,123,121,19,89,115,98,58,5,132,68" hai3="72,96,92,127,7,105,53,56,34,28,80,70,69"/><V32/><F68/><W35/><G105/><T60/><D3/><U40/><E125/><V97/><F116/><W130/><G7/><T26/><D93/><U6/><E128/><V43/><F32/><W24/><G34/><T108/><D59/><U20/><E78/><V22/><F115/><W17/><G130/><T45/><D108/><U36/><E109/><V57/><F43/><W114/><G114/><T71/><D71/><U119/><E119/><V31/><F31/><W46/><G46/><T99/><D99/><N who="2" m="37898" /><F5/><W30/><G30/><T118/><D118/><U4/><E110/><V112/><F112/><W74/><G17/><T126/><D126/><U62/><E20/><V52/><F89/><W49/><G127/><T86/><D86/><U129/><E40/><V16/><F19/><W85/><G70/><T0/><D0/><U101/><E101/><V133/><F58/><W23/><G35/><T42/><D42/><U117/><E36/><V39/><F39/><W82/><G69/><T75/><D75/><U95/><E129/><V113/><F113/><W135/><G74/><T131/><D131/><U64/><E117/><V100/><F100/><N who="3" m="60423" /><G72/><T79/><D79/><U38/><E38/><V90/><F90/><N who="3" m="51495" /><G82/><T33/><D33/><U88/><E91/><V14/><F13/><W111/><G111/><T107/><D107/><U29/><E29/><V18/><F18/><W47/><G56/><T50/><D120/><U2/><E62/><AGARI ba="0,0" hai="14,16,22,52,57,62,121,123,132,133,134" m="37898" machi="62" ten="30,5800,0" yaku="20,1,54,2" doraHai="61" who="2" fromWho="1" sc="188,0,361,-58,14,58,437,0" /><INIT seed="6,1,0,0,3,57" ten="188,303,72,437" oya="2" hai0="91,16,56,41,125,83,48,28,58,74,65,18,15" hai1="130,13,22,73,23,103,76,126,30,47,109,80,107" hai2="8,17,118,122,101,21,59,24,12,55,26,85,70" hai3="20,35,133,53,44,40,62,52,36,6,31,113,82"/><V115/><F70/><W88/><G35/><T2/><D2/><U64/><E109/><V129/><F118/><W43/><G133/><T61/><D125/><U105/><E126/><V66/><F122/><W14/><G113/><T86/><D74/><U54/><E130/><V121/><F121/><W39/><G39/><T29/><D18/><U46/><E103/><V124/><F124/><W94/><G82/><T134/><D134/><U95/><E95/><V78/><F115/><W79/><G79/><T99/><D99/><U7/><E64/><V96/><F129/><W110/><G110/><T116/><D116/><U87/><E73/><V9/><F66/><W102/><G102/><T4/><D4/><U37/><E37/><V51/><F78/><W0/><G0/><T128/><D128/><U117/><E117/><V93/><REACH who="2" step="1"/><F85/><REACH who="2" ten="188,303,62,437" step="2"/><N who="3" m="52495" /><G36/><T120/><D120/><U19/><E87/><V50/><F50/><N who="3" m="28743" /><G31/><T100/><D29/><U97/><E76/><V11/><AGARI ba="1,1" hai="8,9,11,12,17,21,24,26,51,55,59,93,96,101" machi="11" ten="30,6000,0" yaku="1,1,0,1,8,1,53,0" doraHai="57" doraHaiUra="3" who="2" fromWho="2" sc="188,-21,303,-21,62,73,437,-21" /><INIT seed="6,2,0,0,0,126" ten="167,282,135,416" oya="2" hai0="74,13,62,114,11,86,17,19,26,63,99,25,2" hai1="10,80,96,122,129,90,42,71,51,102,121,46,53" hai2="45,108,133,20,112,22,94,28,57,65,44,77,31" hai3="29,34,105,120,16,75,106,115,78,92,5,8,23"/><V103/><F112/><W66/><G120/><N who="1" m="46186" /><E71/><V3/><F3/><N who="3" m="63" /><G66/><T37/><D74/><U38/><E129/><V89/><F108/><W87/><G75/><T0/><D37/><U85/><E10/><V84/><F133/><W104/><G115/><T130/><D86/><U100/><E96/><N who="2" m="59799" /><F77/><W39/><G39/><T82/><D13/><U97/><E97/><V116/><F116/><W98/><G87/><T33/><D82/><U43/><E43/><V118/><F118/><W54/><G54/><T93/><D62/><U131/><E131/><V132/><F132/><W73/><G73/><T68/><D19/><U41/><E41/><V60/><F31/><W49/><G49/><T1/><D93/><U61/><E61/><V48/><F28/><W101/><G78/><T88/><D33/><U67/><E67/><V59/><F59/><AGARI ba="2,0" hai="38,42,46,51,53,59,80,85,90,100,102" m="46186" machi="59" ten="30,1000,0" yaku="13,1" doraHai="126" who="1" fromWho="2" sc="167,0,282,16,135,-16,416,0" /><INIT seed="7,0,0,1,4,129" ten="167,298,119,416" oya="3" hai0="103,62,33,126,52,27,14,123,79,47,35,105,83" hai1="118,112,60,17,24,63,96,61,90,116,8,66,78" hai2="108,45,128,73,41,2,70,86,31,23,20,84,74" hai3="65,91,117,11,81,109,12,55,71,127,1,98,19"/><W125/><G117/><N who="1" m="45162" /><E96/><V25/><F108/><W68/><G109/><T5/><D52/><U114/><E90/><V40/><F128/><W53/><G1/><T26/><D14/><N who="1" m="7367" /><E78/><V89/><F2/><W59/><G55/><T51/><D27/><U97/><E97/><V106/><F106/><W102/><G91/><T100/><D35/><U95/><E95/><V18/><F70/><W75/><G65/><T3/><D126/><N who="3" m="48137" /><G81/><T120/><D83/><U7/><E7/><V6/><F6/><W13/><G13/><T122/><D5/><U76/><E76/><V85/><F89/><W57/><G75/><T67/><D79/><U130/><E130/><V113/><F113/><N who="1" m="43625" /><E24/><V43/><REACH who="2" step="1"/><F45/><REACH who="2" ten="167,298,109,416" step="2"/><W77/><G68/><AGARI ba="0,1" hai="60,61,63,66,68" m="43625,7367,45162" machi="68" ten="30,2000,0" yaku="12,1,15,1" doraHai="129" who="1" fromWho="3" sc="167,0,298,30,109,0,416,-20" owari="167,-23.0,328,13.0,109,-39.0,396,49.0" /></mjloggm>