<mjloggm ver="2.3"><GO type="169" lobby="0"/><UN n0="%E3%82%AB%E3%83%9C%E3%83%81%E3%83%A3%E3%82%BF%E3%83%8D" n1="%E3%82%A6%E3%83%AB%E3%83%88%E3%83%A9%E7%AB%8B%E7%9B%B4" n2="%E3%81%9F%E3%82%93%E3%82%84%E3%81%8A%E5%8E%A8" n3="%E4%BB%A3%E6%89%93%E3%81%A1%E3%81%AE%E7%A5%9E%E6%A7%98" dan="17,17,16,17" rate="2238.20,2147.67,2147.39,2154.99" sx="M,M,M,M"/><TAIKYOKU oya="0"/><INIT seed="0,0,0,0,3,96" ten="250,250,250,250" oya="0" hai0="9,29,65,67,53,62,26,46,72,79,59,91,38" hai1="112,57,135,86,92,97,4,75,18,81,93,21,48" hai2="131,20,94,31,30,52,88,129,73,126,32,99,80" hai3="61,25,6,13,16,103,14,66,71,125,34,3,110"/><T90/><D72/><U127/><E127/><V123/><F123/><W82/><G125/><T12/><D79/><U101/><E135/><V56/><F126/><W87/><G110/><T119/><D119/><U8/><E75/><V108/><F32/><W130/><G130/><N who="2" m="49673" /><F108/><W55/><G3/><T45/><D38/><U85/><E112/><V128/><F20/><W107/><G6/><T50/><D46/><U44/><E57/><V7/><F7/><W111/><G55/><T22/><REACH who="0" step="1"/><D65/><REACH who="0" ten="240,250,250,250" step="2"/><U24/><E44/><V5/><F128/><W124/><G124/><T37/><D37/><U2/><E48/><N who="2" m="30727" /><F5/><AGARI ba="0,1" hai="5,9,12,22,26,29,45,50,53,59,62,67,90,91" machi="5" ten="30,5800,0" yaku="1,1,7,1,8,1,53,0" doraHai="96" doraHaiUra="64" who="0" fromWho="2" sc="240,68,250,0,250,-58,250,0" /><INIT seed="0,1,0,3,4,19" ten="308,250,192,250" oya="0" hai0="131,34,70,92,85,107,22,72,54,71,39,109,42" hai1="127,23,24,120,95,99,40,50,68,79,5,64,9" hai2="7,133,12,20,76,124,135,65,4,101,75,116,67" hai3="108,46,18,1,35,126,94,21,53,60,96,29,121"/><T61/><D34/><U93/><E120/><V103/><F75/><W104/><G104/><T98/><D72/><U51/><E127/><V14/><F76/><W10/><G108/><T48/><D109/><U122/><E122/><V58/><F58/><W112/><G121/><T80/><D107/><U129/><E129/><V44/><F44/><W81/><G112/><T66/><D131/><U47/><E79/><V84/><F84/><W117/><G117/><T32/><D32/><U73/><E73/><V77/><F77/><W6/><G81/><T115/><D71/><U134/><E134/><V43/><F43/><W111/><G111/><T41/><D115/><U97/><E51/><V114/><F114/><W69/><G126/><T89/><D22/><U125/><E125/><V119/><REACH who="2" step="1"/><F124/><REACH who="2" ten="308,250,182,250" step="2"/><W36/><G46/><T100/><D39/><U31/><E99/><V17/><F17/><W83/><G18/><T91/><D100/><U28/><E97/><V105/><F105/><W82/><G96/><T16/><D16/><U123/><E123/><V13/><F13/><W55/><G36/><T3/><D3/><U90/><E90/><V0/><F0/><W118/><G1/><T27/><D27/><U2/><REACH who="1" step="1"/><E28/><REACH who="1" ten="308,240,182,250" step="2"/><V25/><F25/><W113/><G29/><T130/><D130/><U110/><E110/><V78/><F78/><W63/><G113/><T37/><D37/><U59/><E59/><AGARI ba="1,2" hai="41,42,48,54,59,61,66,70,80,85,89,91,92,98" machi="59" ten="30,1500,0" yaku="7,1" doraHai="19" who="0" fromWho="1" sc="308,38,240,-18,182,0,250,0" /><INIT seed="0,2,0,1,1,10" ten="346,222,182,250" oya="0" hai0="54,36,133,86,90,45,109,58,17,119,44,42,59" hai1="131,125,47,29,8,112,67,34,18,38,21,9,128" hai2="135,28,1,92,111,57,53,122,93,64,80,60,107" hai3="120,63,26,82,77,40,3,23,4,85,115,2,5"/><T73/><D73/><U79/><E67/><V94/><F1/><W76/><G115/><T113/><D113/><U121/><E79/><V48/><F122/><W43/><G120/><T13/><D119/><U56/><E56/><V126/><F111/><W24/><G23/><T33/><D33/><U50/><E38/><V130/><F130/><N who="1" m="49705" /><E121/><V88/><F135/><W110/><G63/><T75/><D75/><U97/><E97/><V0/><F107/><W116/><G85/><T31/><D133/><U123/><E123/><V78/><F0/><W71/><G82/><T117/><D59/><U103/><E103/><V104/><F104/><W41/><G41/><T81/><D109/><U25/><E112/><V62/><F28/><W15/><G110/><T52/><D42/><N who="1" m="24951" /><E125/><V102/><F126/><W91/><G91/><T127/><D36/><U68/><E68/><V6/><F6/><W74/><G74/><T124/><D127/><U83/><E83/><V100/><F78/><W22/><G71/><T95/><D124/><U70/><E70/><V98/><F98/><W19/><G116/><T27/><D81/><U55/><E55/><N who="0" m="21033" /><D58/><U87/><E87/><N who="2" m="50279" /><F62/><W30/><G77/><T35/><D117/><U101/><E101/><V16/><F64/><W99/><G76/><T114/><D114/><U84/><E84/><V7/><F60/><W37/><G37/><T14/><D45/><U39/><E39/><V12/><F100/><W106/><G99/><T129/><D129/><U61/><E61/><V20/><F102/><W134/><G134/><T118/><D118/><U51/><E51/><RYUUKYOKU ba="2,0" sc="346,-15,222,15,182,15,250,-15" hai1="8,9,18,21,25,29,34" hai2="7,12,16,20,48,53,57,92,93,94" /><INIT seed="1,3,0,1,5,7" ten="331,237,197,235" oya="1" hai0="10,17,74,126,128,91,73,62,132,89,86,47,131" hai1="120,119,58,130,42,101,11,66,115,80,121,78,41" hai2="26,50,90,59,2,92,33,124,45,72,5,108,93" hai3="69,31,44,106,109,57,54,125,40,122,61,52,9"/><U103/><E119/><V30/><F108/><W100/><G122/><T110/><D110/><U38/><E115/><V71/><F71/><W113/><G109/><T95/><D132/><U68/><E68/><V43/><F72/><W114/><G125/><T16/><D126/><U85/><E130/><N who="0" m="49705" /><D62/><N who="1" m="38231" /><E38/><V53/><F124/><W15/><G69/><T123/><D123/><U1/><E1/><V8/><REACH who="2" step="1"/><F90/><REACH who="2" ten="331,237,187,235" step="2"/><W98/><G31/><T83/><D74/><U22/><E121/><V19/><F19/><W117/><G117/><T23/><D73/><U116/><E120/><V36/><AGARI ba="3,1" hai="2,5,8,26,30,33,36,43,45,50,53,59,92,93" machi="36" ten="20,5200,0" yaku="1,1,0,1,7,1,52,1,53,0" doraHai="7" doraHaiUra="14" who="2" fromWho="2" sc="331,-16,237,-29,187,71,235,-16" /><INIT seed="2,0,0,4,5,3" ten="315,208,258,219" oya="2" hai0="7,128,40,82,46,13,27,119,49,117,52,122,54" hai1="51,103,83,92,4,127,121,8,31,109,75,26,95" hai2="74,58,77,43,132,42,107,97,111,37,118,113,17" hai3="112,66,60,33,106,79,9,15,41,61,20,67,70"/><V56/><F113/><W24/><G106/><T34/><D122/><U129/><E121/><V93/><F118/><N who="0" m="45066" /><D128/><U81/><E129/><V39/><F107/><W123/><G123/><T22/><D34/><U11/><E109/><V5/><F74/><W28/><G41/><T130/><D130/><U21/><E127/><V30/><F30/><W85/><G112/><T16/><D82/><U78/><E103/><V65/><F77/><W10/><G79/><T114/><D114/><U25/><E83/><V80/><F80/><W90/><G33/><T59/><D59/><U47/><E26/><V62/><F17/><W2/><G2/><T1/><D1/><U29/><E29/><V101/><F132/><W89/><G85/><T100/><D100/><U96/><E96/><V104/><F104/><W6/><REACH who="3" step="1"/><G10/><AGARI ba="0,0" hai="7,10,13,16,22,27,40,46,49,52,54" m="45066" machi="10" ten="30,7700,0" yaku="12,1,52,1,54,2" doraHai="3" who="0" fromWho="3" sc="315,77,208,0,258,0,219,-77" /><INIT seed="3,0,0,2,4,63" ten="392,208,258,142" oya="3" hai0="122,48,99,45,12,27,46,101,65,42,68,130,52" hai1="133,22,135,34,102,28,66,37,30,70,51,93,41" hai2="36,95,71,96,113,31,5,76,94,61,127,11,25" hai3="97,20,125,107,106,35,87,100,104,1,72,109,75"/><W59/><G35/><T17/><D130/><U55/><E34/><V38/><F113/><W56/><G1/><T131/><D131/><U0/><E0/><V111/><F127/><W26/><G125/><T73/><D73/><U40/><E102/><V112/><F111/><W90/><G75/><T85/><D27/><U47/><E93/><V128/><F112/><W105/><G72/><T129/><D85/><U39/><E22/><V116/><F76/><W86/><G109/><T81/><D81/><U9/><E9/><V80/><F80/><W119/><G119/><T29/><D29/><U118/><E28/><V10/><F95/><W89/><G87/><T44/><D129/><U49/><E30/><V4/><F11/><W121/><G121/><T18/><D18/><U103/><E103/><V6/><F10/><W21/><G21/><T120/><D17/><U16/><E16/><V3/><F3/><W43/><G43/><N who="1" m="16458" /><E51/><V54/><F128/><W13/><G13/><T124/><D48/><U98/><E98/><V67/><F116/><W53/><G86/><T24/><D12/><U108/><E118/><V114/><F54/><W78/><G78/><T115/><D24/><U58/><E108/><V79/><F79/><W91/><REACH who="3" step="1"/><G53/><REACH who="3" ten="392,208,258,132" step="2"/><T19/><D52/><N who="1" m="29759" /><E39/><V110/><F114/><W123/><G123/><T7/><D115/><U132/><E37/><V50/><F110/><W8/><G8/><T83/><D122/><U126/><E126/><V77/><F77/><W74/><G74/><T2/><D120/><U32/><E55/><V33/><F38/><W57/><G57/><RYUUKYOKU ba="0,1" sc="392,-10,208,-10,258,-10,132,30" hai3="20,26,56,59,89,90,91,97,100,104,105,106,107" /><INIT seed="3,1,1,5,5,112" ten="382,198,248,162" oya="3" hai0="3,39,115,29,67,8,60,34,6,9,12,38,119" hai1="2,102,45,69,94,40,133,32,30,100,78,13,116" hai2="21,19,88,98,113,92,99,56,127,1,89,79,57" hai3="107,120,50,54,41,43,14,28,46,105,85,7,117"/><W15/><G120/><T103/><D119/><U58/><E69/><V62/><F113/><W59/><G43/><T83/><D115/><U129/><E2/><V72/><F1/><W95/><G28/><T87/><D103/><U42/><E32/><V73/><F127/><W81/><G95/><T125/><D29/><U33/><E33/><V31/><F31/><W84/><G84/><T97/><D97/><U0/><E0/><V26/><F79/><W49/><G117/><T96/><D96/><U22/><E78/><V64/><REACH who="2" step="1"/><F57/><REACH who="2" ten="382,198,238,162" step="2"/><W65/><G65/><T74/><D3/><U24/><E58/><V128/><F128/><W71/><G71/><T121/><D67/><U124/><E129/><V82/><F82/><W80/><G80/><T61/><D83/><U90/><E124/><V70/><F70/><W86/><G86/><T109/><D87/><U68/><E68/><V4/><F4/><W93/><G7/><T122/><D6/><U36/><E116/><V5/><F5/><W47/><G59/><T11/><D125/><U17/><E133/><V108/><F108/><W91/><REACH who="3" step="1"/><G81/><REACH who="3" ten="382,198,238,152" step="2"/><T18/><D122/><U126/><E126/><V55/><F55/><W118/><G118/><T110/><D121/><U25/><E42/><V76/><F76/><W35/><G35/><T114/><D34/><U106/><E30/><V75/><F75/><W51/><G51/><T111/><D74/><U63/><E63/><N who="0" m="24137" /><D114/><U77/><E77/><V27/><F27/><W101/><G101/><T131/><D131/><U135/><E102/><V132/><F132/><W134/><G134/><RYUUKYOKU ba="1,3" sc="382,10,198,-30,238,10,152,10" hai0="8,9,11,12,18,38,39,109,110,111" hai2="19,21,26,56,62,64,72,73,88,89,92,98,99" hai3="14,15,41,46,47,49,50,54,85,91,93,105,107" /><INIT seed="3,2,3,3,3,96" ten="392,168,248,162" oya="3" hai0="87,21,56,101,112,129,8,26,69,105,19,121,60" hai1="0,133,66,3,52,73,110,7,55,45,125,43,27" hai2="74,34,70,46,103,13,108,131,107,48,61,10,9" hai3="115,18,132,111,114,14,124,32,54,23,71,90,22"/><W36/><G32/><T33/><D121/><U85/><E66/><V88/><F74/><W82/><G71/><T116/><D116/><U50/><E73/><V98/><F131/><W109/><G36/><T2/><D69/><U134/><E110/><N who="3" m="41994" /><G54/><N who="1" m="20522" /><E7/><V83/><F108/><W118/><G118/><T64/><D129/><U79/><E27/><V5/><F34/><W113/><G124/><T76/><D33/><U77/><E125/><V95/><F83/><W120/><G120/><T12/><D2/><N who="1" m="555" /><E85/><V44/><F48/><W4/><G4/><T135/><D135/><AGARI ba="2,3" hai="43,45,50,77,79,133,134,135" m="555,20522" machi="135" ten="30,2000,0" yaku="20,1,54,1" doraHai="96" who="1" fromWho="0" sc="392,-26,168,56,248,0,162,0" /><INIT seed="4,0,0,0,0,28" ten="366,224,248,162" oya="0" hai0="63,0,134,113,66,91,135,1,19,124,18,53,17" hai1="35,79,13,131,82,126,60,115,112,49,114,40,37" hai2="25,15,76,99,30,70,80,62,94,103,48,128,81" hai3="16,100,50,74,34,98,78,56,83,85,105,104,32"/><T118/><D118/><U39/><E131/><V125/><F128/><W4/><G105/><T65/><D113/><U45/><E126/><V120/><F125/><W42/><G4/><T26/><D124/><U23/><E23/><V64/><F120/><W97/><G97/><T116/><D116/><U22/><E22/><V38/><F38/><N who="1" m="14345" /><E13/><V44/><F15/><W123/><G123/><T68/><D66/><U109/><E109/><V2/><F2/><W47/><G56/><T41/><D41/><U73/><E60/><V10/><F10/><W14/><G74/><T111/><D111/><U20/><E20/><AGARI ba="0,0" hai="14,16,20,32,34,42,47,50,78,83,85,98,100,104" machi="20" ten="30,7700,0" yaku="7,1,52,2,54,1" doraHai="28" who="3" fromWho="1" sc="366,0,224,-77,248,0,162,77" /><INIT seed="5,0,0,2,3,86" ten="366,147,248,239" oya="1" hai0="84,56,133,75,10,69,61,131,5,110,25,29,124" hai1="77,33,93,95,22,70,38,3,114,55,43,21,4" hai2="19,83,49,2,104,63,57,6,109,34,8,118,130" hai3="15,27,99,24,101,65,92,13,129,59,14,126,48"/><U47/><E33/><V125/><F118/><W28/><G126/><T42/><D75/><U71/><E114/><V44/><F104/><W94/><G129/><T36/><D69/><U123/><E123/><V0/><F109/><W107/><G27/><T40/><D36/><U32/><E32/><V106/><F106/><W52/><REACH who="3" step="1"/><G65/><REACH who="3" ten="366,147,248,229" step="2"/><N who="0" m="39079" /><D124/><U39/><E39/><V128/><F125/><W108/><G108/><T121/><D131/><U20/><E55/><V73/><F130/><W76/><G76/><T31/><D25/><U37/><E37/><V16/><F128/><W46/><G46/><T41/><D110/><U58/><E58/><V68/><F68/><W12/><N who="3" m="3584" /><DORA hai="91" /><W134/><G134/><T78/><D133/><U87/><E71/><V67/><F2/><W11/><G11/><T45/><D10/><U64/><E64/><V18/><F34/><AGARI ba="0,1" hai="24,28,34,48,52,59,92,94,99,101,107" m="3584" machi="34" ten="50,8000,1" yaku="1,1,52,2,54,1,53,0" doraHai="86,91" doraHaiUra="111,122" who="3" fromWho="2" sc="366,0,147,0,248,-80,229,90" /><INIT seed="6,0,0,1,0,17" ten="366,147,168,319" oya="2" hai0="135,4,45,92,110,27,79,47,69,70,60,40,67" hai1="42,31,119,14,7,75,1,78,66,49,32,22,3" hai2="111,106,62,8,117,88,53,76,90,118,33,52,38" hai3="107,115,125,6,71,13,48,95,98,74,21,86,122"/><V26/><F38/><W34/><G34/><T99/><D110/><U104/><E104/><V124/><F106/><W30/><G74/><T58/><D135/><U55/><E119/><V50/><F111/><W113/><G71/><T89/><D4/><U80/><E42/><V116/><F76/><W128/><G122/><T51/><D79/><U114/><E66/><V63/><F8/><W0/><G0/><T105/><D105/><U96/><E114/><N who="3" m="43530" /><G107/><T103/><D89/><N who="2" m="34410" /><F33/><W68/><G86/><T2/><D2/><U36/><E36/><V100/><F50/><W123/><G48/><T101/><D101/><U23/><E96/><V9/><F9/><W72/><G6/><T10/><D10/><U39/><E39/><V44/><F26/><W56/><G68/><T59/><D69/><U41/><E7/><V35/><F44/><W19/><G56/><T94/><D94/><U65/><E32/><V64/><F64/><W61/><G72/><T24/><D47/><U82/><E65/><V134/><F100/><W112/><G95/><T129/><D59/><U133/><E1/><V127/><F35/><W29/><G123/><T5/><D5/><U130/><E3/><V102/><F102/><W109/><G109/><T77/><D70/><U28/><E75/><V120/><F120/><W46/><G46/><T121/><D121/><U97/><E49/><V85/><F85/><W73/><G73/><T84/><D84/><U12/><E97/><V81/><F81/><W16/><G112/><T43/><D99/><U131/><E82/><V91/><N who="2" m="34418" /><V11/><DORA hai="126" /><F134/><RYUUKYOKU ba="0,0" sc="366,0,147,0,168,0,319,0" /><INIT seed="7,1,0,3,3,115" ten="366,147,168,319" oya="3" hai0="107,45,5,62,16,52,4,76,72,35,114,24,69" hai1="80,84,85,125,44,26,7,67,27,119,66,129,15" hai2="36,79,9,46,11,20,104,8,60,19,132,17,88" hai3="47,127,54,77,34,105,13,81,30,31,49,25,23"/><W97/><G127/><T21/><D107/><U6/><E125/><V10/><F104/><W59/><G105/><T113/><D35/><U58/><E129/><V131/><F131/><W41/><G97/><T51/><D76/><U71/><E71/><V120/><F79/><W106/><G106/><T126/><D72/><U116/><E44/><V94/><F132/><W40/><G13/><T39/><D39/><U102/><E102/><V37/><F120/><W32/><G31/><T108/><D126/><U43/><E43/><V53/><F37/><W112/><G41/><T83/><D83/><U74/><E74/><V75/><F75/><W63/><REACH who="3" step="1"/><G112/><REACH who="3" ten="366,147,168,309" step="2"/><N who="0" m="43115" /><D108/><U117/><E15/><V89/><F36/><W101/><G101/><T38/><D38/><U33/><E84/><AGARI ba="1,1" hai="23,25,30,32,34,40,47,49,54,59,63,77,81,84" machi="84" ten="30,2900,0" yaku="1,1,7,1,53,0" doraHai="115" doraHaiUra="93" who="3" fromWho="1" sc="366,0,147,-32,168,0,309,42" /><INIT seed="7,2,0,3,5,53" ten="366,115,168,351" oya="3" hai0="12,74,20,108,65,123,60,52,126,5,57,106,92" hai1="9,15,19,18,115,86,124,7,79,48,121,117,51" hai2="133,55,94,82,114,11,34,103,128,122,24,89,38" hai3="73,71,4,125,75,54,127,119,85,102,21,62,130"/><W32/><G32/><T98/><D108/><U13/><E121/><V135/><F38/><W16/><G119/><T104/><D123/><U28/><E117/><V0/><F122/><W95/><G4/><T27/><D74/><U129/><E115/><V31/><F114/><W111/><G111/><T81/><D126/><N who="3" m="48137" /><G130/><T8/><D81/><U80/><E124/><V47/><F89/><N who="3" m="53679" /><G102/><N who="0" m="60743" /><D52/><U113/><E113/><V134/><F47/><W63/><G54/><T23/><D23/><U67/><E129/><V59/><F24/><N who="3" m="14375" /><G71/><T66/><D66/><U3/><E67/><V116/><F128/><W84/><G84/><T93/><D93/><U41/><E41/><V109/><F94/><W17/><G17/><T100/><D100/><U70/><E70/><V56/><F103/><W46/><G46/><T10/><D10/><U6/><E28/><AGARI ba="2,0" hai="5,8,12,20,27,28,57,60,65,104,106" m="60743" machi="28" ten="30,2000,0" yaku="25,1,52,1" doraHai="53" who="0" fromWho="1" sc="366,26,115,-26,168,0,351,0" owari="392,49.0,89,-41.0,168,-23.0,351,15.0" /></mjloggm>