<mjloggm ver="2.3"><GO type="169" lobby="0"/><UN n0="%61%64%70%31%30" n1="%E3%81%AF%E3%81%92%E3%81%A1%E3%82%87%E3%81%8F" n2="%E3%82%A6%E3%83%AB%E3%83%88%E3%83%A9%E7%AB%8B%E7%9B%B4" n3="%E6%89%8B%E6%89%93%E3%81%A1%E3%81%8D%E3%81%97%E3%82%81%E3%82%93" dan="18,17,18,16" rate="2180.43,2178.99,2254.01,2032.30" sx="M,M,M,M"/><TAIKYOKU oya="0"/><INIT seed="0,0,0,0,1,18" ten="250,250,250,250" oya="0" hai0="68,80,31,124,4,115,23,99,76,67,106,19,46" hai1="123,0,9,8,93,98,107,82,28,112,91,1,29" hai2="38,114,5,127,95,6,44,89,24,69,102,25,30" hai3="94,132,70,79,72,55,135,104,129,105,96,119,134"/><T117/><D115/><U59/><E123/><V26/><F69/><W52/><G70/><T122/><D117/><U75/><E112/><V64/><F114/><W97/><G119/><T116/><D122/><U81/><E59/><V36/><F64/><W37/><G37/><T62/><D124/><U63/><E63/><V108/><F102/><W11/><G11/><T42/><D116/><U12/><E107/><N who="3" m="41034" /><G129/><T35/><D4/><U3/><E9/><V49/><F108/><W100/><G97/><T131/><D131/><U101/><E29/><V32/><F127/><W66/><G66/><T128/><D128/><U39/><E28/><V47/><F38/><W78/><G72/><T110/><D110/><U126/><E39/><V90/><F36/><W125/><G125/><T87/><D31/><U103/><E126/><V33/><F30/><W22/><G22/><T15/><D106/><U130/><E75/><V92/><F26/><W17/><G17/><T40/><D99/><U58/><E58/><V48/><AGARI ba="0,0" hai="5,6,24,25,32,33,44,47,48,49,89,90,92,95" machi="48" ten="25,3200,0" yaku="0,1,22,2" doraHai="18" who="2" fromWho="2" sc="250,-16,250,-8,250,32,250,-8" /><INIT seed="1,0,0,4,3,117" ten="234,242,282,242" oya="1" hai0="111,72,67,16,37,8,69,1,70,40,114,64,62" hai1="34,121,125,51,73,79,57,6,103,0,85,23,42" hai2="48,113,105,45,55,76,135,29,26,97,100,25,82" hai3="31,134,91,122,75,3,86,27,74,93,119,2,47"/><U95/><E34/><V123/><F135/><W12/><G119/><T15/><D114/><U107/><E125/><V108/><F108/><W101/><G134/><T124/><D111/><U66/><E23/><V88/><F113/><W63/><G122/><T109/><D109/><U4/><E0/><V92/><F123/><W128/><G128/><T28/><D72/><U89/><E121/><V133/><F29/><W41/><G63/><T104/><D104/><U84/><E84/><V30/><F30/><W20/><G101/><T7/><D28/><U80/><E66/><V50/><F50/><W36/><G3/><T118/><D124/><U96/><REACH who="1" step="1"/><E42/><REACH who="1" ten="234,232,282,242" step="2"/><V46/><F133/><W130/><G2/><T5/><D118/><U32/><E32/><V53/><F53/><AGARI ba="0,1" hai="4,6,51,53,57,73,79,80,85,89,95,96,103,107" machi="53" ten="40,7700,0" yaku="1,1,24,2,53,0" doraHai="117" doraHaiUra="127" who="1" fromWho="2" sc="234,0,232,87,282,-77,242,0" /><INIT seed="1,1,0,0,4,88" ten="234,319,205,242" oya="1" hai0="99,94,29,13,25,77,3,102,90,5,103,122,24" hai1="119,132,34,2,47,20,95,98,45,48,57,56,38" hai2="11,58,41,69,133,127,21,0,80,54,126,97,113" hai3="73,8,91,40,114,52,79,131,68,125,36,72,35"/><U130/><E34/><V10/><F69/><W107/><G91/><T65/><D122/><U93/><E2/><V32/><F32/><W105/><G8/><T4/><D3/><U46/><E119/><V76/><F41/><W61/><G79/><T104/><D65/><U82/><E38/><V14/><F133/><W115/><G35/><T70/><D70/><U111/><E132/><V106/><F113/><W120/><G120/><T62/><D62/><U100/><E130/><V60/><F21/><W123/><G123/><T96/><D77/><U83/><E111/><V92/><F106/><W22/><G131/><T81/><D13/><U108/><E108/><V37/><F37/><W33/><G33/><T128/><D128/><U121/><E121/><V15/><F0/><W7/><G107/><T135/><D135/><U27/><E93/><V17/><F76/><W42/><G36/><T84/><D25/><U71/><E71/><V9/><F80/><N who="1" m="30761" /><E48/><V6/><REACH who="2" step="1"/><F10/><REACH who="2" ten="234,319,195,242" step="2"/><W89/><G105/><T28/><D28/><AGARI ba="1,1" hai="20,27,28,45,46,47,56,57,95,98,100" m="30761" machi="28" ten="30,2900,0" yaku="8,1,52,1" doraHai="88" who="1" fromWho="0" sc="234,-32,319,42,195,0,242,0" /><INIT seed="1,2,0,4,0,124" ten="202,361,195,242" oya="1" hai0="121,87,125,6,66,60,131,19,120,126,106,56,115" hai1="27,33,10,108,86,23,55,52,22,133,92,109,77" hai2="3,67,135,42,118,123,110,5,40,49,88,28,44" hai3="38,21,54,95,128,30,81,73,57,117,134,53,1"/><U68/><E68/><V14/><F118/><W98/><G1/><T65/><D106/><U104/><E104/><V29/><F123/><N who="0" m="47178" /><D6/><U127/><E127/><N who="0" m="48649" /><D87/><U80/><E133/><V15/><F3/><W17/><G134/><T99/><D99/><U85/><E10/><V130/><F110/><N who="1" m="42601" /><E33/><V20/><F20/><N who="1" m="7721" /><E27/><V59/><F15/><W39/><G21/><T9/><D9/><U112/><E112/><V74/><F14/><W89/><G117/><T129/><D19/><U4/><E4/><V8/><F5/><W78/><G17/><T36/><D115/><U93/><E93/><V35/><F8/><W47/><G30/><T63/><D36/><U31/><E31/><V11/><F11/><W116/><G38/><T91/><D91/><AGARI ba="2,0" hai="52,55,77,80,85,86,91,92" m="7721,42601" machi="91" ten="30,5800,0" yaku="14,1,10,1,54,1" doraHai="124" who="1" fromWho="0" sc="202,-64,361,64,195,0,242,0" /><INIT seed="1,3,0,5,1,47" ten="138,425,195,242" oya="1" hai0="106,86,54,56,20,91,129,116,42,83,32,25,95" hai1="69,127,89,33,112,51,100,101,15,71,92,16,3" hai2="50,94,8,28,85,35,34,120,59,66,11,114,122" hai3="49,68,132,104,125,63,93,77,14,79,23,43,73"/><U36/><E36/><V12/><F114/><W58/><G104/><T135/><D106/><U55/><E3/><V96/><F85/><W65/><G125/><T131/><D116/><U1/><E1/><V121/><F28/><W4/><G132/><T108/><D135/><U99/><E33/><V128/><F128/><N who="0" m="49226" /><D32/><U67/><E112/><V133/><F133/><W105/><G105/><T103/><D42/><U80/><E127/><V87/><F87/><W130/><G73/><T18/><D103/><U22/><E80/><V111/><F111/><W74/><G74/><T7/><D7/><U46/><REACH who="1" step="1"/><E71/><REACH who="1" ten="138,415,195,242" step="2"/><V78/><F35/><W62/><G68/><T97/><D108/><U13/><E13/><V76/><F34/><W70/><G14/><T115/><D115/><U119/><E119/><V117/><F12/><W72/><G70/><T81/><D83/><U82/><E82/><V19/><F117/><W52/><G130/><T2/><D2/><U48/><E48/><V75/><F50/><W41/><G49/><N who="0" m="30799" /><D81/><U9/><E9/><V126/><F8/><W98/><G72/><T17/><D25/><U29/><E29/><V109/><F75/><W37/><G37/><T60/><D20/><U64/><E64/><V134/><F134/><W0/><G65/><T26/><D26/><U61/><AGARI ba="3,1" hai="15,16,22,46,51,55,61,67,69,89,92,99,100,101" machi="61" ten="30,11700,0" yaku="1,1,0,1,52,1,54,1,53,0" doraHai="47" doraHaiUra="124" who="1" fromWho="1" sc="138,-42,415,136,195,-42,242,-42" /><INIT seed="1,4,0,0,1,87" ten="96,551,153,200" oya="1" hai0="109,100,46,89,134,17,12,26,43,58,59,35,104" hai1="90,38,126,129,40,10,23,127,29,62,51,65,25" hai2="8,15,1,85,72,48,117,41,93,105,107,45,32" hai3="86,4,102,13,20,49,123,95,124,11,73,2,121"/><U7/><E38/><V56/><F117/><W55/><G73/><T80/><D109/><U27/><E129/><V74/><F1/><W84/><G124/><T79/><D134/><U96/><E27/><V28/><F28/><W14/><G86/><T30/><D104/><U66/><E40/><V52/><F32/><W135/><G135/><T60/><D100/><U16/><E29/><V57/><F57/><W99/><G84/><T67/><D59/><U101/><E51/><V118/><F118/><W47/><REACH who="3" step="1"/><G20/><REACH who="3" ten="96,551,153,190" step="2"/><T19/><D79/><U77/><E77/><V108/><F74/><W0/><G0/><T78/><D78/><U122/><E126/><V70/><F72/><W106/><G106/><T111/><D111/><U22/><E22/><V76/><F76/><W92/><G92/><T18/><D80/><U6/><E127/><V63/><F108/><W91/><G91/><T50/><REACH who="0" step="1"/><D89/><REACH who="0" ten="86,551,153,190" step="2"/><U21/><E90/><N who="2" m="53455" /><F107/><W83/><G83/><T94/><D94/><U103/><E103/><V125/><F105/><W133/><G133/><T130/><D130/><U113/><E101/><V36/><F125/><W81/><G81/><T24/><D24/><U71/><E25/><V88/><F88/><W112/><G112/><T131/><D131/><U97/><E113/><V42/><F70/><W98/><G98/><T128/><D128/><U110/><E96/><V69/><F69/><W119/><G119/><T33/><D33/><U37/><E97/><V31/><F56/><W3/><G3/><T54/><D54/><U44/><E71/><V120/><F52/><W39/><G39/><RYUUKYOKU ba="4,2" sc="86,15,551,-15,153,-15,190,15" hai0="12,17,18,19,26,30,35,43,46,50,58,60,67" hai3="2,4,11,13,14,47,49,55,95,99,102,121,123" /><INIT seed="2,5,2,1,3,77" ten="101,536,138,205" oya="2" hai0="71,74,55,30,112,68,98,25,81,15,114,47,87" hai1="53,12,129,115,6,121,5,76,36,54,89,22,93" hai2="135,1,62,32,106,17,124,24,35,42,131,52,39" hai3="60,101,4,86,83,79,51,80,49,37,118,75,33"/><V109/><F106/><W111/><G37/><T84/><D74/><U85/><E36/><V65/><F1/><W57/><G118/><T23/><D84/><U21/><E115/><V3/><F3/><W130/><G33/><T8/><D98/><U20/><E129/><V72/><F72/><W73/><G130/><T127/><D127/><U104/><E104/><V45/><F131/><W120/><G120/><T113/><D47/><U59/><E121/><V123/><F123/><W0/><G101/><T46/><D46/><U38/><E38/><V31/><F124/><W9/><G111/><T34/><D55/><U119/><E119/><V66/><F109/><W108/><G108/><T117/><D34/><U122/><E122/><V29/><F17/><W50/><REACH who="3" step="1"/><G83/><REACH who="3" ten="101,536,138,195" step="2"/><T126/><D117/><U97/><E93/><V92/><F92/><W18/><G18/><T44/><D126/><U7/><E7/><V134/><F32/><W64/><AGARI ba="5,3" hai="0,4,9,49,50,51,57,60,64,73,75,79,80,86" machi="64" ten="30,4000,0" yaku="1,1,0,1,52,1,53,0" doraHai="77" doraHaiUra="133" who="3" fromWho="3" sc="101,-15,536,-15,138,-25,195,85" /><INIT seed="3,0,0,4,3,35" ten="86,521,113,280" oya="3" hai0="129,68,92,121,101,19,20,40,7,91,13,5,10" hai1="113,8,50,33,102,86,90,117,89,14,60,54,28" hai2="87,85,31,34,63,18,76,110,104,108,109,12,2" hai3="41,11,47,58,38,99,23,105,75,125,6,36,128"/><W22/><G75/><T17/><D68/><U71/><E113/><V103/><F76/><W96/><G38/><T134/><D121/><U26/><E117/><V4/><F63/><W49/><G125/><T39/><D129/><U3/><E3/><V48/><F48/><W82/><G128/><T30/><D134/><U135/><E135/><V29/><F103/><W15/><G82/><T61/><D101/><U123/><E123/><V56/><F56/><W116/><G116/><T45/><D30/><N who="2" m="11274" /><F34/><W131/><G131/><T122/><D61/><U93/><E102/><V9/><F104/><W69/><G69/><T106/><D106/><U67/><E86/><N who="2" m="32779" /><F18/><W133/><G105/><T100/><D100/><U80/><E80/><V70/><F70/><W43/><G133/><T24/><D122/><U81/><E81/><V65/><F65/><W111/><G43/><T119/><D119/><U97/><E97/><AGARI ba="0,0" hai="5,7,10,13,17,19,20,24,39,40,45,91,92,97" machi="97" ten="30,1000,0" yaku="7,1" doraHai="35" who="0" fromWho="1" sc="86,10,521,-10,113,0,280,0" /><INIT seed="4,0,0,4,4,133" ten="96,511,113,280" oya="0" hai0="68,124,24,23,104,103,82,65,45,102,38,99,61" hai1="122,66,16,60,112,21,32,89,98,115,6,91,2" hai2="84,100,49,76,25,58,33,108,130,116,97,11,80" hai3="29,31,67,63,47,41,14,5,0,135,105,4,106"/><T127/><D102/><U39/><E32/><V125/><F108/><W57/><G0/><T46/><D82/><U7/><E39/><V132/><F132/><W17/><G135/><T54/><D38/><U114/><E122/><V40/><F130/><W87/><G106/><T12/><D12/><N who="1" m="9351" /><E98/><V48/><F116/><W26/><G87/><T78/><D78/><U36/><E36/><V15/><F33/><W20/><G105/><T22/><D22/><U50/><E50/><V56/><F25/><W117/><G31/><N who="0" m="17823" /><D54/><U118/><E118/><V110/><F110/><W71/><G71/><T107/><D107/><U64/><E64/><V10/><F10/><W129/><G129/><T81/><D81/><U52/><E52/><V111/><F111/><W131/><G131/><T77/><D77/><U51/><E2/><V72/><F72/><W37/><G117/><T8/><D8/><AGARI ba="0,0" hai="4,5,8,14,17,20,26,29,37,41,47,57,63,67" machi="8" ten="30,1000,0" yaku="7,1" doraHai="133" who="3" fromWho="0" sc="96,-10,511,0,113,0,280,10" /><INIT seed="5,0,0,4,0,76" ten="86,511,113,290" oya="1" hai0="82,133,58,80,108,116,42,33,8,101,17,86,129" hai1="83,56,37,55,115,79,105,107,47,26,75,67,130" hai2="78,123,102,9,89,106,19,46,84,135,15,52,30" hai3="134,103,39,68,92,60,16,48,121,40,49,87,23"/><U88/><E115/><V64/><F123/><W132/><G121/><T100/><D33/><U118/><E118/><V14/><F135/><N who="3" m="51755" /><G40/><T65/><D108/><U111/><E111/><V24/><F64/><N who="3" m="40967" /><G39/><T57/><D116/><U11/><E130/><V77/><F102/><N who="0" m="39530" /><D129/><U31/><E67/><V122/><F106/><W44/><G44/><T10/><D133/><U95/><E11/><N who="0" m="4137" /><D42/><U28/><E47/><V98/><F98/><N who="3" m="59847" /><G87/><T25/><D86/><U93/><E37/><V74/><F74/><W3/><G3/><T125/><D125/><U20/><E105/><V4/><F122/><W59/><G59/><N who="0" m="22539" /><D65/><U124/><E124/><V53/><F46/><W27/><AGARI ba="0,0" hai="16,23,27,48,49" m="59847,40967,51755" machi="27" ten="30,2000,0" yaku="20,1,54,1" doraHai="76" who="3" fromWho="3" sc="86,-5,511,-10,113,-5,290,20" /><INIT seed="6,0,0,4,2,17" ten="81,501,108,310" oya="2" hai0="33,26,101,122,60,114,74,20,77,11,103,98,69" hai1="91,120,7,132,80,79,76,117,75,67,50,46,83" hai2="93,41,70,108,19,12,119,51,16,57,58,0,99" hai3="45,130,55,56,53,35,4,68,30,29,112,47,102"/><V3/><F119/><W59/><G68/><T42/><D122/><U15/><E117/><V6/><F70/><W127/><G127/><T64/><D114/><U43/><E132/><V24/><F108/><W22/><G112/><T2/><D42/><U116/><E116/><V111/><F111/><W37/><G35/><T128/><D128/><U100/><E100/><V87/><F87/><W104/><G4/><T94/><D33/><U28/><E28/><V40/><F3/><W107/><G102/><T125/><D125/><U54/><E67/><V88/><F0/><W31/><G37/><T123/><D123/><U131/><E131/><V63/><F51/><W129/><G31/><T49/><D101/><U105/><E105/><V39/><F39/><W73/><G73/><T10/><D2/><U1/><E91/><V48/><F58/><W27/><G27/><T121/><D121/><U106/><E106/><V78/><F78/><W95/><G95/><T133/><D133/><U71/><E71/><V92/><F92/><W134/><G134/><T36/><D36/><U34/><E34/><V44/><F40/><W14/><G14/><T21/><D49/><U66/><E1/><V52/><F24/><W65/><G65/><T25/><D77/><U90/><E66/><V5/><F19/><W96/><G96/><T62/><D62/><U38/><E79/><V118/><F118/><W110/><G110/><T85/><D85/><N who="1" m="50495" /><E120/><V124/><F124/><W23/><AGARI ba="0,0" hai="22,23,29,30,45,47,53,55,56,59,104,107,129,130" machi="23" ten="25,8000,1" yaku="0,1,22,2,52,2" doraHai="17" who="3" fromWho="3" sc="81,-20,501,-20,108,-40,310,80" /><INIT seed="7,0,0,2,5,40" ten="61,481,68,390" oya="3" hai0="114,76,63,60,26,23,36,104,130,99,105,101,74" hai1="41,11,95,96,67,127,1,8,124,70,20,49,80" hai2="69,94,14,54,30,107,72,43,15,6,111,93,44" hai3="42,87,92,98,45,31,2,7,106,117,35,4,100"/><W84/><G117/><T59/><D36/><U3/><E20/><V50/><F107/><W53/><G53/><T133/><D130/><U128/><E128/><V123/><F72/><W110/><G110/><T32/><D32/><U39/><E39/><V51/><F69/><W135/><G135/><T9/><D133/><U131/><E131/><V47/><F111/><W90/><G87/><T17/><D114/><U112/><E112/><V10/><F123/><W29/><G2/><N who="1" m="522" /><E80/><V33/><F33/><W126/><G126/><N who="1" m="48170" /><E49/><V12/><F30/><W48/><REACH who="3" step="1"/><G35/><REACH who="3" ten="61,481,68,380" step="2"/><T122/><D122/><U58/><E41/><V19/><F43/><W61/><G61/><T79/><D74/><U5/><E5/><AGARI ba="0,1" hai="4,5,7,29,31,42,45,48,84,90,92,98,100,106" machi="5" ten="40,3900,0" yaku="1,1,52,1,53,0" doraHai="40" doraHaiUra="28" who="3" fromWho="1" sc="61,0,481,-39,68,0,380,49" /><INIT seed="7,1,0,3,0,64" ten="61,442,68,429" oya="3" hai0="122,9,96,95,34,59,19,89,71,38,49,51,33" hai1="113,35,39,100,105,3,134,84,43,79,102,108,26" hai2="8,14,40,24,110,31,77,99,27,121,50,15,21" hai3="54,70,62,32,75,66,125,5,92,4,46,114,124"/><W98/><G75/><T30/><D122/><U56/><E108/><V57/><F110/><W41/><G32/><T82/><D71/><U67/><E3/><V106/><F106/><W81/><G81/><T97/><D38/><U13/><E105/><V83/><F121/><W85/><G85/><T94/><D82/><N who="1" m="47199" /><E39/><V63/><F99/><W36/><G114/><T116/><D116/><U52/><E43/><V74/><F8/><W93/><G54/><T117/><D117/><U22/><E35/><V129/><F129/><W112/><G112/><T42/><D30/><N who="1" m="17751" /><E113/><V6/><F6/><N who="3" m="2667" /><G98/><T37/><D37/><U47/><E13/><V130/><F14/><W18/><G18/><T118/><D118/><U126/><E126/><AGARI ba="1,0" hai="36,41,46,62,66,70,92,93,124,125,126" m="2667" machi="126" ten="30,2900,0" yaku="18,1,52,1" doraHai="64" who="3" fromWho="1" sc="61,0,442,-32,68,0,429,32" owari="61,-44.0,410,21.0,68,-33.0,461,56.0" /></mjloggm>