<mjloggm ver="2.3"><GO type="169" lobby="0"/><UN n0="%64%61%62%75%63%68%69" n1="%E5%B0%B1%E6%B4%BB%E7%94%9F%40%E5%B7%9D%E6%9D%91%E8%BB%8D%E5%9B%A3" n2="%6D%6F%6E%6F%2D%31%34" n3="%E3%83%96%E3%83%AB%E3%83%96%E3%83%AB%E3%83%8F%E3%83%BC%E3%83%84" dan="16,18,16,17" rate="2089.67,2306.21,2150.50,2128.95" sx="M,M,M,M"/><TAIKYOKU oya="0"/><INIT seed="0,0,0,5,0,123" ten="250,250,250,250" oya="0" hai0="75,52,79,122,12,69,125,6,38,130,45,109,61" hai1="115,124,101,88,99,81,25,89,4,135,29,132,84" hai2="36,33,102,117,92,62,108,49,68,41,80,121,13" hai3="19,64,63,46,26,55,34,127,1,100,78,3,30"/><T57/><D122/><U86/><E4/><V83/><F33/><W44/><G127/><T106/><D125/><U24/><E124/><V37/><F121/><W54/><G78/><T8/><D106/><U103/><E29/><V56/><F68/><W16/><G44/><T131/><D69/><U82/><REACH who="1" step="1"/><E99/><REACH who="1" ten="250,240,250,250" step="2"/><V105/><F117/><W42/><G30/><T76/><D130/><U31/><E31/><V11/><F108/><W93/><G1/><T71/><D109/><U32/><E32/><V50/><F105/><W70/><G3/><T17/><D131/><U27/><E27/><V113/><F113/><AGARI ba="0,1" hai="24,25,81,82,84,86,88,89,101,103,113,115,132,135" machi="113" ten="25,12000,2" yaku="1,1,22,2,54,1,53,2" doraHai="123" doraHaiUra="21" who="1" fromWho="2" sc="250,0,240,130,250,-120,250,0" /><INIT seed="1,0,0,0,4,75" ten="250,370,130,250" oya="1" hai0="45,66,33,71,129,43,10,84,14,20,49,101,1" hai1="54,40,35,76,95,117,121,47,12,65,51,29,113" hai2="34,96,135,107,116,8,52,62,89,37,19,92,115" hai3="22,36,122,74,58,85,44,23,18,91,103,106,61"/><U123/><E113/><V63/><F37/><W97/><G122/><T60/><D33/><U21/><E117/><V5/><F34/><W108/><G108/><T15/><D129/><U93/><E65/><V104/><F116/><W77/><G36/><T127/><D127/><U134/><E134/><V11/><F135/><W79/><G44/><T64/><D66/><U57/><E35/><V53/><F115/><W17/><G74/><T132/><D132/><U25/><E121/><V0/><F63/><W130/><G130/><T42/><D101/><U111/><E111/><V48/><F53/><W120/><G120/><T98/><D98/><U13/><E76/><V39/><F62/><W69/><G69/><T59/><D71/><U80/><E80/><V126/><F39/><W38/><G38/><T26/><D1/><U46/><E123/><V87/><F126/><W6/><G6/><T99/><D99/><U83/><E83/><V2/><F96/><W3/><G3/><T67/><D67/><U72/><E72/><V31/><F31/><W28/><G28/><T27/><D84/><U82/><E82/><V109/><F109/><W131/><G131/><T70/><D70/><U55/><E55/><V125/><F125/><W56/><G97/><T16/><D43/><U88/><E95/><V112/><F112/><W24/><G103/><T118/><D118/><U78/><E40/><V4/><REACH who="2" step="1"/><F19/><AGARI ba="0,0" hai="10,14,15,16,19,20,26,27,42,45,49,59,60,64" machi="19" ten="30,3900,0" yaku="7,1,8,1,54,1" doraHai="75" who="0" fromWho="2" sc="250,39,370,0,130,-39,250,0" /><INIT seed="2,0,0,0,2,50" ten="289,370,91,250" oya="2" hai0="117,94,110,122,68,93,80,14,109,76,15,11,49" hai1="66,13,1,19,69,97,29,55,22,75,40,57,23" hai2="12,90,91,73,53,6,132,39,2,121,125,45,17" hai3="123,99,51,54,71,86,120,131,130,114,133,10,4"/><V81/><F121/><W77/><G71/><T35/><D122/><U61/><E1/><V70/><F70/><W48/><G48/><T84/><D68/><U30/><E75/><V5/><F132/><W37/><G37/><T65/><D35/><U127/><E127/><V41/><F125/><W21/><G21/><T92/><D65/><U74/><E74/><V9/><F6/><W16/><G133/><T85/><D117/><U126/><E40/><V7/><F7/><W95/><G114/><T124/><D124/><U129/><E129/><N who="3" m="49162" /><G86/><T98/><D49/><U52/><E126/><V36/><F36/><W20/><G77/><T107/><D14/><U43/><E43/><V18/><F18/><W105/><G10/><T8/><D8/><U106/><E69/><V78/><REACH who="2" step="1"/><F53/><REACH who="2" ten="289,370,81,250" step="2"/><N who="1" m="20553" /><E106/><V88/><F88/><N who="3" m="55783" /><G4/><N who="0" m="3559" /><D107/><U79/><E29/><V83/><F83/><W82/><G82/><T103/><D80/><U119/><E119/><V42/><F42/><W62/><G105/><T38/><D38/><U34/><E30/><V60/><F60/><W101/><G62/><T96/><D76/><U67/><E79/><V111/><F111/><N who="0" m="42506" /><D94/><U56/><E61/><V118/><F118/><W116/><G116/><T32/><D93/><U28/><E28/><V63/><F63/><W87/><G120/><T72/><D92/><U104/><E67/><V89/><F89/><W135/><G135/><T59/><D98/><U113/><E66/><V26/><F26/><N who="3" m="14599" /><G123/><T31/><D96/><U47/><E97/><V100/><F100/><W25/><G101/><T0/><D103/><U44/><E104/><RYUUKYOKU ba="0,1" sc="289,-10,370,-10,81,30,250,-10" hai2="2,5,9,12,17,39,41,45,73,78,81,90,91" /><INIT seed="2,1,1,3,1,101" ten="279,360,111,240" oya="2" hai0="21,79,102,120,47,70,57,45,36,81,71,9,88" hai1="98,123,93,17,61,94,133,116,53,84,85,35,19" hai2="83,114,128,63,18,121,82,30,60,37,58,111,87" hai3="40,108,109,20,34,75,89,51,28,125,48,69,127"/><V49/><F37/><W119/><G34/><T78/><D120/><U31/><E116/><V118/><F121/><W74/><G119/><T86/><D102/><U106/><E106/><V76/><F118/><W99/><G69/><T4/><D57/><N who="1" m="34991" /><E35/><V113/><F30/><W0/><G0/><T72/><D79/><U110/><E110/><N who="3" m="42602" /><G28/><T132/><D132/><U32/><E32/><V2/><F2/><W126/><G20/><T115/><D115/><U64/><E64/><V80/><F111/><W33/><G33/><T112/><D112/><U134/><E31/><V52/><F128/><W96/><G40/><T55/><D21/><U1/><E1/><V68/><F114/><W7/><G7/><T15/><D47/><U91/><E123/><V39/><F39/><W129/><G89/><T56/><D45/><U105/><E17/><V6/><F6/><W29/><G29/><T117/><D36/><U66/><E19/><V14/><F113/><W26/><G26/><T8/><D117/><U24/><E24/><V23/><F68/><W46/><G46/><T44/><D44/><U5/><E5/><V50/><F63/><W90/><G90/><T11/><D70/><U3/><E3/><V43/><F43/><W77/><G77/><T38/><D71/><U25/><E25/><V13/><F13/><W103/><G129/><T67/><D38/><U73/><E133/><V95/><F76/><W41/><G41/><T65/><D15/><U130/><E130/><V135/><F135/><W107/><G99/><T10/><N who="0" m="2048" /><DORA hai="124" /><T12/><D12/><U131/><E134/><RYUUKYOKU ba="1,1" sc="279,-15,360,-15,111,15,240,15" hai2="14,18,23,49,50,52,58,60,80,82,83,87,95" hai3="48,51,74,75,96,103,107,125,126,127" /><INIT seed="2,2,1,2,2,34" ten="264,345,126,255" oya="2" hai0="11,124,92,101,44,54,29,118,61,85,102,97,107" hai1="28,68,103,36,45,42,47,100,37,90,74,122,91" hai2="2,25,3,40,13,80,21,59,69,8,106,128,89" hai3="6,86,17,88,119,134,98,105,64,18,71,0,41"/><V23/><F69/><W84/><G119/><T53/><D118/><U4/><E68/><V72/><F106/><W93/><G41/><T1/><D29/><U65/><E65/><V126/><F126/><W96/><G134/><T133/><D124/><U26/><E74/><V7/><F128/><W12/><G17/><T113/><D113/><U39/><E4/><V116/><F23/><W15/><G12/><T135/><D54/><U127/><E127/><V27/><F25/><W50/><G50/><T132/><D85/><U22/><E122/><V38/><F59/><W81/><G0/><T43/><D61/><U129/><E129/><V56/><F56/><W77/><G6/><N who="0" m="1487" /><D53/><U76/><E76/><V30/><F116/><W35/><G35/><T120/><D120/><U112/><E112/><V24/><F24/><W130/><G130/><T131/><D131/><U117/><E117/><V109/><F109/><W111/><G111/><T19/><D19/><U94/><E90/><V114/><F114/><W9/><REACH who="3" step="1"/><G105/><REACH who="3" ten="264,345,126,245" step="2"/><T33/><D33/><U95/><E39/><V31/><F31/><W63/><AGARI ba="2,2" hai="9,15,18,63,64,71,77,81,84,86,88,93,96,98" machi="63" ten="30,8000,1" yaku="1,1,2,1,0,1,54,1,53,1" doraHai="34" doraHaiUra="67" who="3" fromWho="3" sc="264,-22,345,-22,126,-42,245,106" /><INIT seed="3,0,0,0,0,56" ten="242,323,84,351" oya="3" hai0="41,3,63,126,71,42,100,131,62,2,32,25,111" hai1="35,13,116,24,0,57,39,48,89,113,96,85,78" hai2="64,105,74,103,53,114,44,134,128,122,26,121,50" hai3="87,59,6,19,93,117,77,83,84,94,22,79,29"/><W46/><G117/><T67/><D111/><U95/><E39/><V37/><F74/><W21/><G6/><T12/><D131/><U104/><E0/><V97/><F114/><W4/><G4/><T112/><D112/><U31/><E113/><V109/><F128/><W135/><G46/><T69/><D12/><U8/><E116/><V45/><F109/><W51/><G135/><T61/><D100/><U38/><E38/><V98/><F134/><W60/><G51/><T27/><D126/><U129/><E129/><V75/><F75/><W33/><G33/><T81/><D81/><U9/><E13/><V1/><F1/><N who="0" m="10" /><D32/><U91/><E78/><V14/><F14/><N who="3" m="9463" /><G79/><T5/><D5/><U68/><E68/><N who="0" m="26185" /><D67/><U65/><E104/><V86/><F86/><W66/><G84/><T54/><D54/><U52/><REACH who="1" step="1"/><E65/><REACH who="1" ten="242,313,84,351" step="2"/><V82/><F64/><W58/><G66/><T130/><D130/><U106/><E106/><V119/><F119/><W127/><G77/><T17/><D17/><U123/><E123/><V18/><F122/><W92/><G127/><T47/><D47/><U88/><E88/><V43/><F121/><W120/><G120/><T11/><D11/><U15/><E15/><V30/><F18/><W107/><G107/><T110/><D110/><U132/><E132/><V102/><F105/><W124/><G124/><T10/><D10/><U133/><E133/><V99/><REACH who="2" step="1"/><F82/><AGARI ba="0,1" hai="8,9,24,31,35,48,52,57,82,85,89,91,95,96" machi="82" ten="30,3900,0" yaku="1,1,7,1,54,1,53,0" doraHai="56" doraHaiUra="125" who="1" fromWho="2" sc="242,0,313,49,84,-39,351,0" /><INIT seed="4,0,0,5,0,65" ten="242,362,45,351" oya="0" hai0="123,103,71,7,53,58,27,63,12,61,5,114,31" hai1="69,26,33,39,96,95,41,57,133,64,89,24,118" hai2="80,74,101,107,51,16,35,77,93,75,50,115,130" hai3="84,83,135,119,78,81,2,40,94,20,79,52,17"/><T0/><D123/><U36/><E69/><V99/><F35/><W73/><G119/><T134/><D0/><U13/><E133/><V104/><F130/><W42/><G2/><T30/><D134/><U59/><E36/><V98/><F51/><W38/><G135/><T10/><D103/><U6/><E39/><V14/><F115/><W122/><G38/><T32/><D114/><U97/><E33/><V127/><F127/><W102/><G122/><T120/><D120/><U4/><E41/><V34/><F34/><W8/><G8/><T25/><D71/><U49/><E64/><V72/><F50/><W128/><G128/><T3/><D3/><U125/><E125/><V116/><F14/><W109/><G109/><T54/><D61/><U21/><E49/><V132/><F116/><W112/><G52/><T48/><D27/><U43/><E43/><V92/><F16/><W85/><G112/><T18/><D31/><U76/><E13/><V1/><F1/><W70/><G70/><T56/><AGARI ba="0,0" hai="5,7,10,12,18,25,30,32,48,53,54,56,58,63" machi="56" ten="20,2100,0" yaku="0,1,7,1" doraHai="65" who="0" fromWho="0" sc="242,21,362,-7,45,-7,351,-7" /><INIT seed="4,1,0,3,0,84" ten="263,355,38,344" oya="0" hai0="81,78,134,71,109,80,92,3,97,126,133,18,33" hai1="107,65,37,4,17,112,102,127,91,50,55,124,31" hai2="64,6,96,44,21,74,117,83,46,49,53,32,7" hai3="104,62,56,100,101,72,59,94,120,93,63,1,128"/><T5/><D71/><U75/><E37/><V19/><F32/><W35/><G104/><T95/><D33/><U36/><E36/><V106/><F117/><W30/><G72/><T119/><D119/><U25/><E75/><V110/><F64/><W135/><G1/><T12/><D126/><U105/><E4/><V69/><F69/><W98/><G35/><T22/><D109/><U122/><E65/><V113/><F110/><W2/><G2/><T41/><D41/><U45/><E102/><V28/><F28/><W79/><G79/><T29/><D29/><U11/><E112/><V76/><F113/><W8/><G8/><N who="0" m="2111" /><D78/><U132/><E132/><N who="0" m="50793" /><D95/><U108/><E108/><V86/><F46/><W73/><G73/><T82/><D82/><U57/><E31/><V20/><F20/><W16/><G30/><T9/><D22/><U40/><E107/><V77/><F77/><W38/><G38/><T47/><D47/><U34/><E34/><V14/><F74/><W27/><G120/><T51/><D51/><U67/><E105/><V99/><F106/><W52/><G135/><T10/><D10/><U88/><E45/><V85/><F85/><W39/><G39/><T115/><D115/><U60/><E40/><V111/><F111/><W87/><G59/><T90/><AGARI ba="1,0" hai="9,12,18,80,81,90,92,97" m="50793,2111" machi="90" ten="30,3000,0" yaku="20,1,52,1" doraHai="84" who="0" fromWho="0" sc="263,33,355,-11,38,-11,344,-11" /><INIT seed="4,2,0,3,4,85" ten="296,344,27,333" oya="0" hai0="96,62,25,87,112,133,72,47,135,91,114,117,81" hai1="46,55,134,98,13,100,123,105,45,122,106,129,70" hai2="22,125,11,58,27,23,20,80,64,28,124,5,82" hai3="49,33,73,132,128,35,109,65,3,78,111,97,115"/><T12/><D117/><U15/><E70/><V43/><F43/><W56/><G3/><T44/><D62/><U68/><E68/><V8/><F64/><W99/><G115/><N who="0" m="44075" /><D25/><U4/><E129/><V9/><F58/><W88/><G128/><T52/><D72/><U57/><E134/><N who="0" m="51209" /><D96/><U39/><E39/><V36/><F36/><W101/><G132/><T42/><D42/><U37/><E37/><V38/><F38/><W54/><G65/><T90/><D12/><U61/><E13/><V67/><F67/><W16/><G78/><N who="0" m="46519" /><D52/><U84/><E123/><V93/><F93/><N who="3" m="56487" /><G73/><T107/><D107/><U7/><E106/><V74/><F74/><W21/><G99/><T32/><D32/><U14/><E122/><V127/><F5/><W1/><G33/><AGARI ba="2,0" hai="8,9,11,20,22,23,27,28,33,80,82,124,125,127" machi="33" ten="50,6400,0" yaku="29,2,18,1" doraHai="85" who="2" fromWho="3" sc="296,0,344,0,27,70,333,-70" /><INIT seed="5,0,0,2,3,64" ten="296,344,97,263" oya="1" hai0="27,117,100,99,6,97,23,85,59,3,120,13,118" hai1="81,21,76,65,19,135,50,67,119,112,22,31,111" hai2="61,47,104,101,28,1,44,24,113,129,17,49,115" hai3="34,116,25,126,14,87,106,77,105,68,45,66,110"/><U9/><E112/><V36/><F1/><W11/><G110/><T33/><D120/><U131/><E119/><V83/><F17/><W91/><G77/><T108/><D108/><U98/><E135/><V125/><F83/><W16/><G116/><T42/><D42/><U46/><E131/><V4/><F4/><W43/><G126/><T114/><D114/><U48/><E48/><V127/><F101/><W53/><G53/><T93/><D85/><U92/><E9/><V96/><F96/><W75/><G75/><T89/><D59/><U82/><E22/><V51/><F24/><W58/><G58/><T62/><D62/><U95/><E95/><V102/><F102/><W134/><G134/><T78/><D78/><U7/><E31/><V128/><F28/><W88/><G91/><T5/><D5/><U84/><E7/><V0/><F0/><W69/><G66/><T8/><D33/><U109/><E82/><V41/><F104/><W40/><G40/><T32/><D32/><U130/><E130/><V121/><F41/><W20/><G34/><T18/><D3/><U56/><E109/><V2/><F2/><W86/><G86/><T123/><D117/><U71/><E84/><V90/><F90/><W74/><G74/><T103/><D118/><U133/><E76/><V30/><F30/><N who="3" m="17703" /><G106/><N who="0" m="63759" /><D89/><N who="1" m="55567" /><E81/><V80/><F80/><N who="3" m="49255" /><G105/><T60/><D123/><U122/><E122/><V35/><F35/><W94/><G94/><T57/><D93/><U37/><E111/><V54/><F121/><W26/><G26/><T132/><D103/><U52/><E133/><V70/><F70/><RYUUKYOKU ba="0,0" sc="296,-10,344,-10,97,-10,263,30" hai3="11,14,16,43,45,68,69" /><INIT seed="6,1,0,4,1,58" ten="286,334,87,293" oya="2" hai0="121,26,54,36,81,75,13,53,56,132,96,100,134" hai1="6,91,27,20,120,31,94,21,35,11,115,68,60" hai2="39,29,64,99,5,77,104,92,114,70,8,85,2" hai3="66,40,83,107,90,24,25,65,126,18,122,79,130"/><V69/><F114/><W76/><G122/><T95/><D121/><U34/><E115/><V37/><F104/><W19/><G107/><T101/><D36/><U0/><E120/><V9/><F29/><W14/><G40/><T43/><D43/><U32/><E21/><V62/><F70/><W117/><G130/><T129/><D129/><U80/><E80/><V22/><F22/><W50/><G50/><T78/><D26/><U4/><E4/><V61/><F9/><W124/><G83/><T52/><D13/><U73/><E73/><V88/><F77/><W131/><G131/><T128/><D128/><U108/><E108/><V133/><F133/><N who="0" m="51306" /><D101/><U33/><E33/><V86/><REACH who="2" step="1"/><F62/><AGARI ba="1,0" hai="52,53,54,56,62,75,78,81,95,96,100" m="51306" machi="62" ten="30,3900,0" yaku="20,1,52,1,54,1" doraHai="58" who="0" fromWho="2" sc="286,42,334,0,87,-42,293,0" /><INIT seed="7,0,0,2,4,120" ten="328,334,45,293" oya="3" hai0="122,9,45,15,102,29,61,32,93,6,85,127,17" hai1="115,114,123,3,60,106,82,41,111,8,25,37,81" hai2="100,35,128,54,96,87,42,99,0,43,119,130,23" hai3="71,40,27,14,83,21,30,77,98,69,59,134,131"/><W133/><G131/><T75/><D75/><U38/><E111/><V112/><F87/><W33/><G40/><T53/><D122/><U101/><E123/><V58/><F23/><W19/><G59/><T7/><D127/><U67/><E25/><V1/><F54/><W107/><G107/><T90/><D102/><U31/><E31/><V79/><F58/><W39/><G39/><N who="1" m="14858" /><E41/><N who="2" m="15371" /><F79/><W110/><G110/><T13/><D29/><U91/><E91/><V72/><F72/><W109/><G109/><T132/><D32/><U76/><E101/><V97/><F100/><W44/><G44/><T56/><D45/><U55/><E55/><V86/><F86/><N who="3" m="48495" /><G98/><N who="2" m="25089" /><V51/><DORA hai="125" /><F35/><W16/><G19/><N who="0" m="8623" /><D132/><AGARI ba="0,0" hai="14,16,21,27,30,33,69,71,132,133,134" m="48495" machi="132" ten="30,2900,0" yaku="20,1,54,1" doraHai="120,125" who="3" fromWho="0" sc="328,-29,334,0,45,0,293,29" /><INIT seed="7,1,0,4,3,105" ten="299,334,45,322" oya="3" hai0="122,98,25,13,32,120,70,29,88,103,84,96,65" hai1="102,67,21,23,104,114,135,75,81,112,69,5,117" hai2="47,27,121,92,90,123,134,46,7,4,93,35,61" hai3="85,17,130,82,78,63,129,44,2,16,24,119,14"/><W42/><G2/><T110/><D110/><U6/><E135/><V116/><F90/><W33/><G119/><T8/><D65/><U15/><E117/><V60/><F27/><W109/><G109/><T49/><D70/><U127/><E127/><V76/><F76/><W55/><G33/><T72/><D72/><U87/><E75/><V86/><F86/><W128/><G24/><T0/><D0/><U91/><E104/><V30/><F30/><W77/><G77/><T132/><D132/><U43/><E102/><V12/><F12/><W101/><G101/><T54/><D49/><U131/><E131/><V48/><F48/><N who="3" m="26647" /><G14/><T3/><D3/><U106/><E106/><V58/><F58/><AGARI ba="1,0" hai="16,17,55,58,63,78,82,85,128,129,130" m="26647" machi="58" ten="30,2900,0" yaku="19,1,54,1" doraHai="105" who="3" fromWho="2" sc="299,0,334,0,45,-32,322,32" owari="299,-10.0,334,13.0,13,-49.0,354,46.0" /></mjloggm>