<mjloggm ver="2.3"><GO type="169" lobby="0"/><UN n0="%E3%82%B1%E3%82%A4%E3%83%88" n1="%E3%81%8B%E3%82%89%E3%83%BC%E3%81%9C" n2="%55%4E%4B%4F%63%68%61%6E" n3="%E5%B0%B1%E6%B4%BB%E7%94%9F%40%E5%B7%9D%E6%9D%91%E8%BB%8D%E5%9B%A3" dan="16,16,18,19" rate="2083.72,2118.21,2167.60,2358.15" sx="M,M,M,M"/><TAIKYOKU oya="0"/><INIT seed="0,0,0,4,5,87" ten="250,250,250,250" oya="0" hai0="20,124,78,113,14,131,61,135,109,88,99,115,69" hai1="100,62,17,45,13,97,133,122,30,81,112,15,66" hai2="107,28,121,36,16,25,12,85,46,47,128,29,90" hai3="134,0,6,60,11,117,77,82,33,86,111,65,53"/><T43/><D43/><U2/><E122/><V41/><F121/><W118/><G111/><T74/><D109/><U127/><E2/><V64/><F128/><W48/><G33/><T108/><D108/><U26/><E127/><V120/><F120/><W114/><G114/><T23/><D131/><U132/><E112/><V37/><F107/><W129/><G134/><N who="1" m="51818" /><E45/><V59/><F46/><W83/><G129/><T54/><D135/><U3/><E81/><V130/><F37/><W79/><G48/><T126/><D74/><U93/><E17/><V104/><F104/><W63/><G53/><T91/><D78/><U1/><E1/><V38/><F38/><W49/><G49/><T42/><D42/><U125/><E3/><V94/><F130/><W7/><G7/><T119/><D99/><U98/><E98/><V27/><F28/><W101/><G101/><T75/><D75/><U116/><E116/><V32/><F27/><W58/><G63/><T8/><D119/><U4/><E4/><V106/><F106/><W24/><G24/><T5/><D115/><U123/><E125/><N who="0" m="48233" /><D113/><U95/><E95/><V50/><F36/><W51/><G51/><T68/><D68/><N who="1" m="42071" /><E123/><V52/><F41/><W10/><G10/><T44/><D69/><U9/><E9/><V89/><F47/><W39/><G39/><T110/><D110/><U73/><E73/><AGARI ba="0,0" hai="0,6,11,58,60,65,73,77,79,82,83,86,117,118" machi="73" ten="30,1000,0" yaku="7,1" doraHai="87" who="3" fromWho="1" sc="250,0,250,-10,250,0,250,10" /><INIT seed="1,0,0,2,4,1" ten="250,240,250,260" oya="1" hai0="81,94,131,134,41,52,93,120,53,71,76,42,104" hai1="0,9,118,109,87,63,11,13,67,33,57,113,65" hai2="61,66,108,112,83,25,75,56,14,21,85,121,102" hai3="135,78,111,54,129,84,60,12,77,101,15,90,86"/><U119/><E113/><V27/><F121/><W24/><G111/><T110/><D120/><U74/><E74/><V62/><F108/><W29/><G135/><T3/><D104/><U16/><E33/><V80/><F112/><W105/><G129/><T34/><D110/><U89/><E109/><V117/><F117/><W107/><G60/><T122/><D34/><U18/><E67/><V31/><F102/><W46/><G46/><T32/><D32/><U126/><E126/><V50/><F75/><W8/><G54/><T20/><D71/><U4/><REACH who="1" step="1"/><E18/><REACH who="1" ten="250,230,250,260" step="2"/><V115/><F115/><W82/><G29/><T28/><D122/><U40/><E40/><V58/><F31/><W133/><G133/><T99/><D131/><U72/><E72/><V96/><F66/><W70/><G70/><T26/><D134/><U39/><E39/><V64/><F64/><W22/><G107/><T73/><D3/><U88/><E88/><V128/><F128/><W45/><G90/><T19/><D19/><U23/><E23/><V69/><F21/><W30/><G105/><T37/><D42/><U48/><E48/><V124/><F50/><W68/><G68/><T95/><D99/><U130/><E130/><V5/><F96/><W127/><G127/><T103/><D37/><U123/><E123/><V49/><F124/><W100/><G30/><T92/><D41/><U116/><E116/><V114/><F69/><W125/><G22/><T44/><D103/><U43/><E43/><V7/><F114/><W51/><G125/><T35/><N who="0" m="23552" /><DORA hai="97" /><T132/><D20/><U2/><E2/><RYUUKYOKU ba="0,1" sc="250,-10,230,30,250,-10,260,-10" hai1="0,4,9,11,13,16,57,63,65,87,89,118,119" /><INIT seed="1,1,1,2,4,43" ten="240,260,240,250" oya="1" hai0="28,37,95,21,104,66,3,68,53,107,135,71,98" hai1="120,84,20,16,121,105,74,41,127,5,33,97,79" hai2="36,112,129,91,38,131,27,58,18,102,72,49,126" hai3="22,56,75,77,46,65,93,83,134,40,31,90,99"/><U116/><E33/><V6/><F72/><W30/><G134/><T106/><D37/><U12/><E116/><V14/><F126/><W117/><G117/><T111/><D3/><U51/><E74/><V109/><F109/><W9/><G22/><T60/><D111/><U23/><E127/><V108/><F108/><W82/><G82/><T89/><D135/><U73/><E73/><V34/><F102/><W87/><G75/><T130/><D130/><N who="2" m="49674" /><F91/><W114/><G114/><T45/><D28/><U2/><E2/><V76/><F76/><W128/><G128/><T59/><REACH who="0" step="1"/><D21/><REACH who="0" ten="230,260,240,250" step="2"/><U69/><E23/><N who="2" m="11735" /><F112/><W0/><G0/><T47/><D47/><U35/><E20/><V122/><F122/><W81/><G31/><T78/><D78/><U67/><E79/><V52/><F6/><W125/><G30/><AGARI ba="1,2" hai="27,30,34,36,38,49,52,58" m="11735,49674" machi="30" ten="30,2000,0" yaku="19,1,54,1" doraHai="43" who="2" fromWho="3" sc="230,0,260,0,240,43,250,-23" /><INIT seed="2,0,0,3,2,63" ten="230,260,283,227" oya="2" hai0="114,67,46,90,20,31,71,79,26,47,2,85,42" hai1="104,34,25,48,89,94,7,53,106,124,17,84,33" hai2="51,10,125,43,66,40,134,70,105,108,56,96,44" hai3="110,29,73,59,54,72,69,88,107,109,19,65,3"/><V39/><F125/><W123/><G107/><T57/><D114/><U64/><E124/><V68/><F134/><W22/><G3/><T35/><D2/><U126/><E126/><V38/><F10/><W131/><G123/><T121/><D121/><U78/><E7/><V93/><F105/><W132/><G29/><T101/><D71/><N who="2" m="27178" /><F93/><W87/><G131/><T91/><D101/><U0/><E0/><V18/><F18/><W74/><G69/><T80/><D35/><U82/><E106/><V23/><F23/><W95/><G132/><T9/><D9/><U60/><E104/><V76/><F96/><W92/><G92/><T11/><D11/><U113/><E113/><V8/><F8/><W4/><G4/><T99/><D99/><U32/><E60/><N who="2" m="38151" /><F76/><W75/><G65/><T128/><D128/><U1/><E1/><V98/><F98/><W50/><N who="3" m="18944" /><DORA hai="127" /><W49/><REACH who="3" step="1"/><G49/><REACH who="3" ten="230,260,283,217" step="2"/><T81/><D67/><U30/><E64/><V77/><F108/><W58/><G58/><T52/><D46/><U37/><E17/><V103/><F103/><W116/><G116/><T55/><D81/><U119/><E119/><V6/><F6/><W120/><G120/><T122/><D122/><U115/><E94/><V62/><F62/><W28/><G28/><T130/><D130/><U97/><E82/><V15/><F51/><W21/><G21/><T100/><D100/><U111/><E48/><V86/><F44/><W13/><AGARI ba="0,1" hai="13,19,22,50,54,59,87,88,95,109,110" m="18944" machi="13" ten="60,12000,2" yaku="1,1,0,1,25,2,54,1,53,1" doraHai="63,127" doraHaiUra="112,16" who="3" fromWho="3" sc="230,-30,260,-30,283,-60,217,130" /><INIT seed="3,0,0,0,1,126" ten="200,230,223,347" oya="3" hai0="129,0,45,131,103,90,95,48,118,39,8,25,26" hai1="134,128,83,101,74,24,36,105,56,78,91,10,33" hai2="73,66,115,21,93,63,47,106,68,51,96,12,54" hai3="16,49,99,6,15,35,40,116,1,75,19,102,30"/><W120/><G75/><T18/><D118/><U84/><E36/><V109/><F109/><W76/><G116/><T60/><D39/><U34/><E134/><V3/><F115/><W87/><G120/><T79/><D103/><U11/><E128/><N who="0" m="49225" /><D79/><U28/><E34/><V86/><F3/><W17/><G76/><T111/><D60/><U2/><E2/><V44/><F73/><W58/><G87/><N who="0" m="52703" /><D111/><U61/><E105/><V14/><F106/><W72/><G72/><T64/><D64/><U127/><E101/><V81/><F86/><W82/><G82/><T37/><D37/><U41/><E41/><V100/><F81/><W70/><G40/><N who="0" m="24615" /><D18/><U92/><E127/><V23/><F63/><W38/><G17/><T124/><D124/><U29/><E61/><V97/><F66/><W133/><G16/><T121/><D121/><U104/><E78/><V94/><F68/><W110/><G19/><T80/><D80/><U85/><E83/><V89/><F100/><W52/><G70/><T32/><D32/><U57/><E33/><V43/><F43/><W71/><G71/><T13/><D13/><U107/><E107/><V62/><F62/><W5/><G38/><T69/><D69/><U114/><E104/><V42/><F14/><W50/><G15/><T46/><D46/><U59/><E59/><V123/><F12/><W20/><G58/><T31/><D31/><U7/><E57/><V125/><F125/><W112/><G30/><T132/><D132/><U67/><E56/><V77/><F77/><W130/><G133/><T108/><D108/><U135/><E135/><RYUUKYOKU ba="0,0" sc="200,30,230,-10,223,-10,347,-10" hai0="0,8,25,26" /><INIT seed="4,1,0,0,0,4" ten="230,220,213,337" oya="0" hai0="93,88,15,115,62,66,109,26,5,51,110,64,9" hai1="47,52,13,85,36,42,96,48,95,118,69,22,97" hai2="41,24,108,128,65,127,101,40,58,77,20,98,123" hai3="104,126,99,30,28,8,120,100,94,80,112,68,125"/><T132/><D115/><U71/><E118/><V105/><F123/><W29/><G112/><T35/><D132/><U7/><E85/><V50/><F108/><N who="0" m="41578" /><D51/><U78/><E78/><V46/><F127/><N who="3" m="48651" /><G68/><T45/><D45/><U12/><E97/><V106/><F128/><W53/><G53/><T119/><D119/><U113/><E113/><V86/><F105/><W39/><G39/><T55/><D55/><U60/><E22/><V38/><F38/><W130/><G130/><T27/><D35/><U10/><E13/><V103/><F41/><W111/><G111/><T34/><D34/><U17/><E7/><V76/><F101/><W135/><G135/><T31/><D31/><U87/><E87/><V6/><F6/><W129/><G129/><T59/><D64/><U49/><E60/><V79/><F86/><AGARI ba="1,0" hai="5,9,15,26,27,59,62,66,86,88,93" m="41578" machi="86" ten="30,5800,0" yaku="10,1,52,1,54,1" doraHai="4" who="0" fromWho="2" sc="230,61,220,0,213,-61,337,0" /><INIT seed="4,2,0,4,0,25" ten="291,220,152,337" oya="0" hai0="127,92,111,49,20,122,57,65,47,2,4,1,27" hai1="3,48,12,91,41,87,69,86,58,79,52,51,33" hai2="18,89,9,110,116,35,71,16,95,105,109,70,119" hai3="75,115,66,99,130,121,83,50,6,106,60,0,131"/><T117/><D122/><U135/><E3/><V68/><F105/><W30/><G115/><T61/><D117/><N who="2" m="45130" /><F35/><W19/><G19/><N who="2" m="7209" /><F9/><W31/><G50/><T7/><D127/><U123/><E69/><N who="2" m="17667" /><V126/><DORA hai="125" /><F126/><W77/><G121/><T118/><D118/><U107/><E107/><V40/><F40/><W28/><G0/><T101/><D111/><U67/><E123/><V55/><F55/><W26/><G6/><T74/><D74/><U90/><E33/><V43/><F43/><W36/><G36/><T23/><D2/><U78/><E41/><V37/><F37/><W73/><G73/><T29/><D23/><U132/><E52/><V17/><N who="2" m="7217" /><V81/><DORA hai="22" /><F81/><W54/><G54/><T104/><D1/><U102/><E58/><V112/><F112/><W64/><G26/><T97/><D104/><U46/><E46/><V34/><F34/><W124/><G124/><T113/><D113/><U103/><REACH who="1" step="1"/><E67/><REACH who="1" ten="291,210,152,337" step="2"/><V14/><F14/><AGARI ba="2,1" hai="12,14,48,51,78,79,86,87,90,91,102,103,132,135" machi="14" ten="25,16000,3" yaku="1,1,2,1,22,2,53,4" doraHai="25,125,22" doraHaiUra="42,80,72" who="1" fromWho="2" sc="291,0,210,176,152,-166,337,0" owari="291,-11.0,386,48.0,-14,-51.0,337,14.0" /></mjloggm>