<mjloggm ver="2.3"><GO type="169" lobby="0"/><UN n0="%66%65%65%73" n1="%6A%75%61%6E" n2="%E3%81%86%E3%81%A0%E3%81%A3%E3%81%B7" n3="%E5%B0%B1%E6%B4%BB%E7%94%9F%40%E5%B7%9D%E6%9D%91%E8%BB%8D%E5%9B%A3" dan="17,17,18,18" rate="2154.54,2092.47,2206.03,2274.77" sx="M,M,M,M"/><TAIKYOKU oya="0"/><INIT seed="0,0,0,1,0,122" ten="250,250,250,250" oya="0" hai0="134,50,36,16,20,37,126,40,117,18,73,81,60" hai1="105,78,3,35,102,96,93,77,89,132,123,119,100" hai2="110,82,15,19,21,103,86,99,76,131,124,62,80" hai3="9,91,1,75,125,95,109,79,8,118,87,115,121"/><T130/><D117/><U71/><E3/><V69/><F131/><W7/><G118/><T127/><D130/><U106/><E35/><V45/><F124/><N who="0" m="47658" /><D134/><U27/><E71/><V58/><F69/><W14/><G125/><T11/><D60/><U46/><E27/><V85/><F45/><W68/><G68/><T65/><D65/><U34/><E34/><V47/><F47/><W56/><G121/><T107/><D107/><U43/><E119/><V54/><F110/><W49/><G109/><T133/><D133/><U59/><E123/><V94/><REACH who="2" step="1"/><F82/><REACH who="2" ten="250,250,240,250" step="2"/><W30/><G115/><T63/><D81/><U128/><E128/><V83/><F83/><W70/><G70/><T98/><D73/><AGARI ba="0,1" hai="15,19,21,54,58,62,73,76,80,85,86,94,99,103" machi="73" ten="30,3900,0" yaku="1,1,7,1,53,1" doraHai="122" doraHaiUra="97" who="2" fromWho="0" sc="250,-39,250,0,240,49,250,0" /><INIT seed="1,0,0,5,4,108" ten="211,250,289,250" oya="1" hai0="14,73,85,25,77,86,104,87,96,100,18,30,124" hai1="40,81,78,82,122,58,125,3,22,80,1,10,2" hai2="66,118,127,19,117,83,6,93,112,94,54,44,110" hai3="76,20,35,41,115,107,39,88,64,131,60,26,69"/><U49/><E122/><V57/><F110/><W32/><G107/><T132/><D124/><U28/><E125/><V51/><F127/><W62/><G76/><T45/><D132/><U37/><E78/><V46/><F6/><W43/><G131/><T56/><D45/><U61/><E37/><V59/><F83/><W17/><G115/><T0/><D0/><U47/><E10/><V7/><F7/><W101/><G101/><T68/><D68/><U102/><E102/><V9/><F112/><W130/><G130/><T98/><D98/><U71/><E71/><V13/><F117/><W23/><G23/><T55/><D73/><U114/><E28/><V121/><F118/><W24/><G62/><T134/><D77/><U126/><E22/><V105/><F105/><W129/><G129/><T113/><D134/><U48/><E126/><V42/><F121/><W109/><G109/><T5/><D5/><U106/><E106/><V75/><F75/><W133/><G133/><T123/><D123/><U27/><E27/><V53/><F66/><W4/><G4/><T103/><D113/><U52/><REACH who="1" step="1"/><E49/><REACH who="1" ten="211,240,289,250" step="2"/><V72/><F51/><W95/><G39/><T119/><D103/><U89/><E89/><V91/><F91/><W65/><G26/><T120/><D120/><U38/><E38/><V90/><F90/><W116/><G116/><T16/><D119/><U50/><E50/><V29/><F29/><W8/><G69/><T79/><D79/><U33/><E33/><V128/><F128/><W92/><G35/><T21/><D14/><U97/><E97/><V84/><F13/><RYUUKYOKU ba="0,1" sc="211,15,240,15,289,-15,250,-15" hai0="16,18,21,25,30,55,56,85,86,87,96,100,104" hai1="1,2,3,40,47,48,52,58,61,80,81,82,114" /><INIT seed="1,1,1,2,5,78" ten="226,255,274,235" oya="1" hai0="42,24,50,66,14,135,129,33,92,71,60,31,83" hai1="34,12,104,6,132,119,36,65,107,87,80,75,124" hai2="10,11,0,56,48,79,23,54,121,44,37,86,68" hai3="18,3,89,53,113,22,58,47,61,25,131,35,100"/><U30/><E119/><V72/><F121/><W120/><G120/><T15/><D135/><U81/><E36/><V16/><F68/><W27/><G113/><T130/><D92/><U49/><E34/><V90/><F79/><W133/><G3/><T39/><D39/><U127/><E65/><V70/><F70/><W41/><G133/><T117/><D117/><U110/><E30/><V29/><F72/><W28/><G131/><N who="0" m="50187" /><D83/><N who="1" m="31819" /><E75/><V40/><F29/><W2/><G2/><T134/><D134/><U13/><E132/><V105/><F105/><N who="1" m="40521" /><E6/><V7/><F7/><W4/><G4/><T17/><D17/><U43/><E87/><V20/><F0/><W116/><G116/><T57/><D71/><U94/><E94/><V109/><F16/><W9/><G28/><T118/><D118/><U59/><E110/><V76/><F109/><W102/><G35/><T97/><D97/><U51/><E51/><V38/><F38/><W103/><G25/><T73/><D73/><U19/><E19/><V88/><F37/><W5/><G5/><T106/><D106/><U64/><E64/><V126/><F48/><W26/><G26/><T115/><D50/><U62/><E62/><V111/><F111/><W114/><G27/><T123/><D66/><U52/><E43/><V8/><F40/><W96/><G41/><T45/><D42/><U69/><E69/><V122/><F86/><W77/><G61/><T63/><D60/><U1/><E1/><V85/><F85/><W125/><G18/><T99/><D63/><U91/><E91/><V74/><F90/><W55/><G89/><RYUUKYOKU ba="1,1" sc="226,-10,255,30,274,-10,235,-10" hai1="12,13,49,52,59,124,127" /><INIT seed="1,2,1,1,1,18" ten="216,285,264,225" oya="1" hai0="98,126,97,54,5,115,87,46,69,47,83,129,35" hai1="73,92,45,133,65,4,27,2,114,21,105,106,119" hai2="38,30,52,125,51,42,81,80,82,26,122,60,84" hai3="55,10,86,36,53,75,58,12,16,13,56,113,90"/><U23/><E119/><V101/><F122/><W77/><G36/><T32/><D69/><U135/><E114/><V33/><F125/><W1/><G1/><T25/><D115/><U39/><E73/><V117/><F117/><W9/><G75/><T43/><D126/><U103/><E65/><V17/><F101/><W68/><G77/><T93/><D5/><U95/><E2/><V49/><F38/><W40/><G40/><T67/><D67/><U31/><E4/><V44/><F17/><W0/><G0/><T3/><D3/><U128/><E128/><V130/><F60/><N who="3" m="35855" /><G68/><T66/><D66/><U132/><E21/><V110/><F110/><W6/><G113/><T64/><D64/><U76/><E76/><V7/><F7/><W102/><G102/><T24/><D54/><U100/><E100/><V96/><F96/><W11/><G6/><T109/><D129/><U123/><E123/><V78/><REACH who="2" step="1"/><F130/><REACH who="2" ten="216,285,254,225" step="2"/><W37/><G37/><T112/><D109/><U28/><E103/><V59/><AGARI ba="2,2" hai="26,30,33,42,44,49,51,52,59,78,80,81,82,84" machi="59" ten="20,12000,2" yaku="1,1,2,1,0,1,7,1,54,1,53,1" doraHai="18" doraHaiUra="41" who="2" fromWho="2" sc="216,-32,285,-62,254,146,225,-32" /><INIT seed="2,0,0,4,4,130" ten="184,223,400,193" oya="2" hai0="0,43,14,109,60,113,37,112,4,101,135,34,71" hai1="100,18,69,30,118,32,3,108,84,50,110,120,2" hai2="81,126,122,7,20,87,55,19,132,8,99,61,116" hai3="17,36,13,80,127,134,124,73,133,9,91,42,35"/><V106/><F116/><W114/><G35/><T47/><D14/><U82/><E118/><V94/><F106/><W128/><G114/><T86/><D86/><U21/><E69/><V105/><F105/><W93/><G128/><T74/><D109/><N who="1" m="42091" /><E120/><V119/><F122/><W16/><G17/><T103/><D103/><U5/><E100/><V85/><F126/><N who="3" m="48171" /><G42/><T45/><D45/><U62/><E62/><V44/><F61/><W107/><G36/><T52/><D101/><U23/><E50/><V68/><F68/><W97/><G107/><T11/><D34/><U24/><E5/><V51/><F81/><W83/><G83/><T125/><D125/><U92/><E92/><V70/><F70/><W104/><G104/><T54/><D112/><U96/><E96/><V29/><F119/><W57/><G57/><T95/><D95/><U59/><E59/><V49/><F99/><W129/><G129/><T28/><D113/><U46/><E46/><V63/><F44/><W64/><G64/><T39/><D37/><U6/><E6/><V33/><F7/><W67/><G67/><T90/><D39/><U79/><E32/><V12/><F33/><W66/><G66/><T56/><D60/><U27/><AGARI ba="0,0" hai="2,3,18,21,23,24,27,30,79,82,84" m="42091" machi="27" ten="30,1100,0" yaku="14,1" doraHai="130" who="1" fromWho="1" sc="184,-3,223,11,400,-5,193,-3" /><INIT seed="3,0,0,2,4,128" ten="181,234,395,190" oya="3" hai0="50,118,54,101,135,117,84,49,18,5,80,30,28" hai1="121,7,68,95,46,114,55,85,102,78,42,37,76" hai2="133,45,130,79,93,11,48,120,27,52,125,97,3" hai3="64,107,12,100,110,43,34,129,123,62,29,22,32"/><W58/><G123/><T115/><D5/><U17/><E68/><V92/><F130/><W66/><G129/><T41/><D101/><U33/><E33/><V81/><F120/><W122/><G122/><T89/><D115/><U124/><E121/><V0/><F93/><W8/><G66/><T40/><D18/><U116/><E7/><V86/><F125/><W15/><G43/><T26/><D30/><U72/><E72/><V61/><F11/><W103/><G110/><T99/><D99/><U126/><E114/><V70/><F27/><W71/><G71/><T67/><D67/><U131/><E131/><V113/><F113/><W53/><G64/><T31/><D31/><U98/><E116/><V2/><F61/><W96/><G103/><T9/><D9/><U65/><E65/><V83/><F83/><W90/><G90/><T25/><D28/><U57/><E17/><V36/><F36/><W23/><G23/><T44/><D40/><U39/><E39/><V88/><REACH who="2" step="1"/><F70/><REACH who="2" ten="181,234,385,190" step="2"/><W111/><G111/><T16/><D26/><U19/><E124/><V13/><F13/><W109/><G109/><T119/><D119/><U14/><E126/><V108/><F108/><W73/><G15/><T74/><D118/><U21/><E85/><V24/><F24/><N who="3" m="16535" /><G73/><T127/><D74/><U38/><E38/><V6/><F6/><N who="3" m="3095" /><G32/><T10/><D127/><U91/><E102/><V75/><F75/><W1/><G34/><T106/><D117/><U87/><E87/><V82/><F82/><W69/><G69/><T134/><D80/><U112/><E112/><V105/><F105/><RYUUKYOKU ba="0,1" sc="181,-30,234,10,385,10,190,10" hai1="14,19,21,37,42,46,55,57,76,78,91,95,98" hai2="0,2,3,45,48,52,79,81,86,88,92,97,133" hai3="1,53,58,62,96,100,107" /><INIT seed="3,1,1,3,1,114" ten="151,244,395,200" oya="3" hai0="86,105,59,106,36,96,67,94,95,35,43,127,27" hai1="75,112,42,103,6,48,130,40,66,44,4,8,49" hai2="56,101,134,85,135,100,1,121,57,76,92,23,129" hai3="2,111,119,84,126,97,91,65,55,19,88,72,26"/><W39/><G72/><T104/><D36/><U116/><E75/><V110/><F110/><W62/><G2/><T30/><D43/><U123/><E123/><V17/><F1/><W14/><G39/><T45/><D45/><U133/><E116/><V11/><F11/><W115/><G115/><T51/><D127/><U0/><E112/><V98/><F101/><W24/><G119/><T34/><D86/><U77/><E77/><V15/><F129/><W29/><G126/><T7/><D7/><U32/><E32/><V79/><F121/><W102/><G55/><T81/><D81/><U46/><E130/><V109/><F109/><W13/><G111/><T16/><D95/><U63/><E6/><V21/><F21/><W83/><G91/><T113/><D113/><U58/><E103/><V18/><F18/><W128/><G19/><T93/><D93/><U12/><E133/><N who="2" m="50699" /><F76/><W61/><G61/><N who="0" m="38335" /><D51/><U50/><E50/><V80/><AGARI ba="1,1" hai="15,17,23,56,57,79,80,85,92,98,100" m="50699" machi="80" ten="30,1100,0" yaku="20,1" doraHai="114" who="2" fromWho="2" sc="151,-4,244,-4,395,24,200,-6" /><INIT seed="4,0,0,5,1,69" ten="147,240,419,194" oya="0" hai0="133,135,12,92,99,112,46,118,73,106,88,33,21" hai1="27,103,91,2,98,1,68,10,28,26,51,78,124" hai2="15,102,101,105,111,129,81,116,18,59,49,53,57" hai3="52,82,50,126,5,55,43,30,9,128,36,113,64"/><T63/><D33/><U58/><E68/><V39/><F111/><W95/><G30/><T16/><D118/><U97/><E78/><V61/><F39/><W44/><G113/><T24/><D112/><U62/><E124/><V38/><F38/><W84/><G128/><T14/><D73/><U54/><E10/><V0/><F0/><W115/><G115/><T77/><D77/><U79/><E79/><V47/><F59/><W125/><G64/><T42/><D106/><U7/><E7/><V74/><F105/><W8/><G95/><T71/><D71/><U76/><E76/><V96/><F96/><W117/><G117/><T34/><D63/><U6/><E6/><V131/><F81/><W65/><G65/><T134/><REACH who="0" step="1"/><D34/><REACH who="0" ten="137,240,419,194" step="2"/><U122/><E62/><V93/><F74/><W56/><G125/><T45/><D45/><U17/><E122/><V66/><F116/><W48/><G126/><T13/><D13/><U4/><E2/><V11/><F129/><W29/><G5/><T121/><D121/><U85/><E4/><V70/><F70/><W3/><G3/><T23/><D23/><U109/><E1/><V89/><F131/><W132/><G9/><T123/><D123/><U130/><E109/><V104/><F104/><W72/><G8/><T25/><D25/><U75/><E27/><V127/><F127/><W119/><G72/><T22/><D22/><U87/><E75/><V86/><AGARI ba="0,1" hai="11,15,18,47,49,53,57,61,66,86,89,93,101,102" machi="86" ten="20,2700,0" yaku="0,1,7,1,8,1" doraHai="69" who="2" fromWho="2" sc="137,-13,240,-7,419,37,194,-7" /><INIT seed="5,0,0,5,4,55" ten="124,233,456,187" oya="1" hai0="86,25,61,30,51,95,82,105,10,50,24,49,1" hai1="71,70,37,130,89,96,114,83,0,8,18,4,21" hai2="72,85,54,73,65,122,35,42,135,36,38,132,133" hai3="106,20,108,116,100,117,101,9,59,77,43,29,19"/><U123/><E37/><N who="2" m="14443" /><F122/><W84/><G108/><T15/><D105/><U126/><E123/><V90/><F42/><W66/><G43/><T62/><D1/><U111/><E111/><V80/><F35/><W31/><G9/><T109/><D95/><U22/><E22/><V69/><F54/><W34/><G34/><T118/><D118/><N who="3" m="45673" /><G84/><T39/><D39/><U110/><E110/><V45/><F45/><W12/><G77/><T53/><D53/><U41/><E41/><V3/><F3/><W13/><G12/><T44/><D44/><U74/><E74/><V124/><F124/><W28/><G106/><T79/><D109/><U94/><E126/><V23/><F23/><W87/><G87/><T104/><D104/><U119/><E119/><V17/><F17/><W102/><G66/><T76/><D79/><U127/><E127/><V67/><F67/><W46/><G46/><T88/><D76/><U47/><E83/><V134/><F134/><W78/><G78/><T7/><REACH who="0" step="1"/><D25/><REACH who="0" ten="114,233,456,187" step="2"/><U98/><E47/><V97/><F133/><W68/><G68/><T112/><D112/><U121/><E114/><V64/><F69/><W40/><G40/><T58/><D58/><AGARI ba="0,1" hai="13,19,20,28,29,31,58,59,100,101,102" m="45673" machi="58" ten="40,5200,0" yaku="12,1,52,2" doraHai="55" who="3" fromWho="0" sc="114,-52,233,0,456,0,187,62" /><INIT seed="6,0,0,4,5,123" ten="62,233,456,249" oya="2" hai0="127,23,4,98,26,6,88,63,7,131,119,24,1" hai1="111,105,129,115,68,38,130,90,91,52,102,87,58" hai2="12,117,65,20,124,16,66,0,25,45,99,39,46" hai3="3,36,74,82,126,60,110,19,42,47,70,30,15"/><V80/><F117/><W96/><G3/><T49/><D63/><U86/><E115/><V85/><F0/><W84/><G74/><T40/><D40/><U93/><E68/><V29/><F124/><W64/><G126/><T61/><D49/><N who="1" m="30991" /><E38/><V54/><F99/><W135/><G135/><T89/><D61/><U83/><E105/><V56/><F39/><W55/><G30/><T11/><D127/><U107/><E107/><V120/><F120/><W103/><G55/><T114/><D114/><U69/><E69/><V77/><F65/><W101/><G96/><T43/><D43/><U67/><E102/><V109/><F109/><W5/><G5/><T78/><D78/><U27/><E27/><V17/><F17/><W48/><G110/><T133/><D133/><U95/><E67/><V113/><F66/><W35/><G35/><T21/><D119/><U41/><E41/><V37/><F37/><W106/><G106/><T9/><D131/><N who="1" m="50187" /><E83/><V8/><REACH who="2" step="1"/><F113/><REACH who="2" ten="62,233,446,249" step="2"/><W104/><G36/><T32/><D32/><U116/><E116/><V62/><AGARI ba="0,1" hai="8,12,16,20,25,29,45,46,54,56,62,77,80,85" machi="62" ten="20,18000,2" yaku="1,1,2,1,0,1,7,1,8,1,54,1,53,0" doraHai="123" doraHaiUra="34" who="2" fromWho="2" sc="62,-60,233,-60,446,190,249,-60" /><INIT seed="6,1,0,1,4,129" ten="2,173,636,189" oya="2" hai0="64,32,2,114,38,107,13,79,133,81,21,28,17" hai1="74,6,41,37,82,110,89,101,18,61,126,57,119" hai2="24,10,90,106,88,19,31,86,26,95,39,91,42" hai3="66,111,121,49,8,27,96,1,118,23,58,92,70"/><V67/><F106/><W69/><G111/><T47/><D64/><U51/><E110/><V22/><F67/><W9/><G121/><T50/><D107/><U117/><E37/><V102/><F102/><N who="3" m="60679" /><G118/><T131/><D131/><U109/><E109/><V128/><F128/><W53/><G1/><T105/><D105/><U134/><E6/><V68/><F68/><W55/><G70/><T112/><D38/><U100/><E74/><V29/><F39/><W123/><G123/><T56/><D56/><U11/><E117/><V12/><REACH who="2" step="1"/><F42/><REACH who="2" ten="2,173,626,189" step="2"/><W48/><G69/><T4/><D50/><U59/><E119/><V71/><F71/><W43/><G43/><T25/><D47/><N who="1" m="26095" /><E100/><V60/><F60/><W72/><G66/><T46/><D46/><U113/><E101/><V5/><F5/><W40/><G40/><T73/><D133/><U85/><E134/><V76/><F76/><W63/><G63/><T122/><D122/><U80/><E61/><V44/><F44/><W62/><G62/><T124/><D124/><U33/><E126/><V16/><F16/><W135/><G135/><T132/><D132/><U104/><E104/><V130/><F130/><W98/><G49/><T84/><D73/><U83/><E18/><V94/><F94/><W15/><G72/><T52/><D52/><U77/><E77/><V93/><F93/><W54/><G48/><T65/><D65/><U20/><E82/><V7/><F7/><N who="3" m="3487" /><G58/><T0/><D2/><U116/><E59/><V34/><AGARI ba="1,1" hai="10,12,19,22,24,26,29,31,34,86,88,90,91,95" machi="34" ten="20,7800,0" yaku="1,1,0,1,7,1,54,1,53,0" doraHai="129" doraHaiUra="120" who="2" fromWho="2" sc="2,-27,173,-27,626,91,189,-27" owari="-25,-53.0,146,-25.0,717,82.0,162,-4.0" /></mjloggm>