<mjloggm ver="2.3"><GO type="169" lobby="0"/><UN n0="%E3%82%86%E3%81%84%E3%81%A1%E3%82%83%E3%82%93%E3%81%AE%E3%83%91%E3%83%91" n1="%E3%82%82%E3%81%B6%E3%81%93%E3%81%B0" n2="%E3%83%A4%E3%82%AD%E3%83%B3" n3="%E3%83%88%E3%83%88%E3%83%AA%E5%85%88%E7%94%9F%31%39%E6%AD%B3" dan="18,16,17,18" rate="2144.33,2010.67,2188.24,2283.80" sx="M,M,M,F"/><TAIKYOKU oya="0"/><INIT seed="0,0,0,5,5,50" ten="250,250,250,250" oya="0" hai0="35,15,89,26,1,112,81,101,131,119,45,51,12" hai1="123,67,127,19,102,17,59,3,66,124,31,23,113" hai2="114,53,5,24,88,22,120,70,6,98,109,93,60" hai3="29,77,63,25,135,58,18,8,90,40,34,116,20"/><T75/><D1/><U47/><E3/><V133/><F120/><W62/><G116/><T30/><D119/><U122/><E102/><V43/><F114/><W7/><G135/><T74/><D112/><U87/><E113/><V115/><F115/><W104/><G104/><T82/><D101/><U48/><E31/><V100/><F133/><W44/><G77/><T125/><D131/><U78/><E78/><V57/><F109/><W0/><G90/><T128/><D128/><U94/><E19/><N who="2" m="12383" /><F70/><W117/><G117/><T106/><D106/><U9/><E9/><V37/><F100/><W41/><G44/><AGARI ba="0,0" hai="5,6,37,43,44,53,57,60,88,93,98" m="12383" machi="44" ten="30,3900,0" yaku="25,1,52,1,54,1" doraHai="50" who="2" fromWho="3" sc="250,0,250,0,250,39,250,-39" /><INIT seed="1,0,0,5,5,86" ten="250,250,289,211" oya="1" hai0="81,3,105,29,120,24,98,58,70,103,109,106,135" hai1="20,10,18,69,14,122,13,56,124,100,99,61,95" hai2="5,40,60,62,0,15,71,17,47,7,93,26,8" hai3="75,38,42,132,94,4,11,78,23,89,117,19,101"/><U49/><E122/><V126/><F126/><W131/><G132/><T118/><D118/><U116/><E116/><V34/><F71/><W41/><G117/><T102/><D3/><U112/><E124/><V134/><F134/><W67/><G131/><T2/><D2/><U59/><E112/><V72/><F72/><W12/><G101/><T57/><D135/><U9/><E69/><V111/><F111/><W28/><G38/><T74/><D109/><U53/><REACH who="1" step="1"/><E13/><REACH who="1" ten="250,240,289,211" step="2"/><V44/><F0/><W127/><G127/><T64/><D120/><U84/><E84/><V115/><F115/><W48/><G75/><T87/><D74/><U52/><AGARI ba="0,1" hai="9,10,14,18,20,49,52,53,56,59,61,95,99,100" machi="52" ten="20,18000,2" yaku="1,1,0,1,7,1,8,1,54,1,53,1" doraHai="86" doraHaiUra="90" who="1" fromWho="1" sc="250,-60,240,190,289,-60,211,-60" /><INIT seed="1,1,0,0,3,76" ten="190,430,229,151" oya="1" hai0="29,58,48,45,108,2,124,19,61,86,21,34,128" hai1="46,71,80,18,116,87,44,7,122,35,98,120,26" hai2="52,68,117,1,111,39,16,55,67,85,97,102,37" hai3="64,5,99,11,134,105,112,50,69,27,10,92,8"/><U42/><E116/><V60/><F117/><W110/><G112/><T94/><D2/><U12/><E71/><V77/><F1/><W91/><G110/><T78/><D108/><U101/><E35/><V135/><F111/><W49/><G134/><T72/><D72/><U6/><E26/><V89/><F77/><W62/><G5/><T43/><D34/><U132/><E132/><V123/><F123/><W131/><G131/><T40/><D128/><U30/><E30/><V73/><F73/><W119/><G119/><T113/><D29/><U115/><E115/><V107/><F135/><W90/><G105/><T53/><D124/><U88/><E46/><V41/><F16/><W82/><REACH who="3" step="1"/><G27/><REACH who="3" ten="190,430,229,141" step="2"/><T118/><D118/><U126/><E122/><V13/><F13/><W38/><G38/><T75/><D113/><U54/><E120/><V56/><F39/><W23/><G23/><T17/><D21/><U28/><E6/><V59/><F37/><W125/><G125/><T24/><D24/><U32/><E7/><V33/><F33/><W0/><G0/><T83/><D43/><U127/><E42/><V22/><F41/><W57/><G57/><T109/><D109/><U103/><E126/><V9/><F22/><W3/><G3/><T4/><D4/><U20/><E127/><V66/><F9/><W106/><G106/><T93/><D75/><U36/><E36/><V95/><REACH who="2" step="1"/><F68/><REACH who="2" ten="190,430,219,141" step="2"/><W81/><G81/><T31/><D31/><U51/><E32/><V130/><F130/><W25/><G25/><T70/><D70/><U100/><E28/><V84/><F84/><AGARI ba="1,2" hai="8,10,11,49,50,62,64,69,82,84,90,91,92,99" machi="84" ten="40,8000,1" yaku="1,1,6,1,52,1,53,2" doraHai="76" doraHaiUra="47" who="3" fromWho="2" sc="190,0,430,0,219,-83,141,103" /><INIT seed="2,0,0,2,2,94" ten="190,430,136,244" oya="2" hai0="7,32,67,128,12,73,134,132,86,65,64,111,115" hai1="102,103,82,28,19,59,101,47,6,112,120,108,91" hai2="46,88,31,104,110,57,9,38,92,105,45,26,69" hai3="27,70,1,33,100,37,5,63,135,123,55,109,129"/><V22/><F69/><W8/><G123/><T2/><D73/><U21/><E112/><V62/><F110/><W24/><G37/><T125/><D115/><U126/><E126/><V52/><F9/><W133/><G109/><T97/><D111/><U53/><E28/><V16/><F31/><N who="3" m="19687" /><G27/><T117/><D32/><U99/><E6/><V119/><F119/><W127/><G55/><T80/><D2/><U96/><E120/><V66/><F38/><W30/><G30/><T14/><D125/><U130/><E47/><N who="2" m="17931" /><F66/><N who="3" m="41311" /><G127/><T58/><D117/><U74/><E74/><V71/><F71/><W10/><G129/><T79/><D128/><U11/><E11/><V95/><F95/><W54/><G54/><T44/><D44/><U114/><E130/><V49/><F49/><W75/><G75/><T43/><D43/><U36/><E36/><V34/><F34/><W122/><G122/><T118/><D118/><U42/><E42/><V20/><F20/><W29/><G29/><T3/><D3/><U50/><E108/><V51/><F51/><W48/><G48/><T131/><D131/><U40/><E40/><V84/><F105/><W116/><G116/><T76/><D58/><U4/><E114/><V85/><F104/><W90/><G10/><T93/><D7/><U18/><E4/><V23/><F23/><W77/><G8/><T113/><D113/><U81/><E21/><V41/><F41/><W106/><G5/><T68/><D68/><U60/><E50/><V121/><F121/><W56/><G1/><T25/><D67/><U87/><E81/><V17/><F17/><AGARI ba="0,0" hai="17,18,19,53,59,60,82,87,91,96,99,101,102,103" machi="17" ten="40,8000,1" yaku="6,1,8,1,52,2" doraHai="94" who="1" fromWho="2" sc="190,0,430,80,136,-80,244,0" /><INIT seed="3,0,0,3,1,21" ten="190,510,56,244" oya="3" hai0="18,9,38,50,70,20,108,28,2,93,116,56,39" hai1="105,40,130,37,27,95,77,67,96,84,81,62,124" hai2="5,36,43,42,0,75,23,46,7,120,76,8,94" hai3="79,100,135,25,14,35,85,52,92,1,53,44,30"/><W82/><G1/><T59/><D70/><U48/><E37/><V15/><F120/><W125/><G125/><T127/><D116/><U11/><E124/><V102/><F43/><W6/><G135/><T97/><D127/><U68/><E11/><V83/><F7/><W66/><G66/><T115/><D28/><U58/><E130/><V51/><F51/><W47/><G6/><T133/><D133/><U61/><E105/><V98/><F15/><W69/><G69/><T63/><D9/><U10/><E10/><V33/><REACH who="2" step="1"/><F23/><REACH who="2" ten="190,510,46,244" step="2"/><N who="3" m="15679" /><G14/><T109/><D2/><U106/><E48/><V16/><F16/><W104/><G35/><AGARI ba="0,1" hai="0,5,8,33,35,36,42,46,75,76,83,94,98,102" machi="35" ten="40,8000,1" yaku="1,1,25,2,53,1" doraHai="21" doraHaiUra="34" who="2" fromWho="3" sc="190,0,510,0,46,90,244,-80" /><INIT seed="4,0,0,2,1,116" ten="190,510,136,164" oya="0" hai0="19,29,62,126,48,13,88,106,120,130,6,57,31" hai1="80,47,55,115,81,111,113,35,135,73,66,36,104" hai2="131,114,77,23,64,109,30,60,69,90,28,95,63" hai3="93,84,121,110,3,87,89,122,41,105,119,49,26"/><T14/><D106/><U102/><E111/><V76/><F109/><W127/><G110/><T1/><D1/><U99/><E35/><V75/><F114/><N who="1" m="43529" /><E73/><V92/><F131/><W79/><G119/><T44/><D130/><U65/><E135/><V51/><F75/><W82/><G3/><T12/><D120/><N who="3" m="46185" /><G105/><T38/><D38/><U101/><E101/><V4/><F4/><W83/><G127/><T42/><D126/><U40/><E55/><V134/><F134/><W54/><G41/><T0/><D0/><U85/><E81/><V9/><F9/><W68/><G68/><T61/><D6/><U123/><E123/><V59/><F51/><W16/><G82/><T37/><D37/><U96/><E96/><V7/><F7/><W43/><G43/><T124/><D124/><U22/><E22/><V10/><F10/><W24/><G16/><T53/><D19/><U103/><E40/><V94/><F69/><W56/><AGARI ba="0,0" hai="24,26,49,54,56,79,83,84,87,89,93" m="46185" machi="56" ten="30,7900,0" yaku="13,1,52,3" doraHai="116" who="3" fromWho="3" sc="190,-39,510,-20,136,-20,164,79" /><INIT seed="5,0,0,5,0,129" ten="151,490,116,243" oya="1" hai0="72,68,71,38,21,66,43,12,22,74,88,29,20" hai1="126,79,77,14,47,1,110,55,133,67,9,114,3" hai2="134,92,122,35,76,124,36,13,41,39,34,6,49" hai3="61,59,102,44,78,86,73,100,125,106,19,63,7"/><U135/><E114/><V116/><F116/><W15/><G73/><T60/><D68/><U25/><E126/><V84/><F122/><W85/><G106/><T80/><D29/><U109/><E67/><V58/><F124/><W130/><G7/><T46/><REACH who="0" step="1"/><D12/><REACH who="0" ten="141,490,116,243" step="2"/><U95/><E14/><V42/><F13/><W121/><G15/><T45/><D45/><U37/><E47/><V50/><F6/><W107/><G44/><T54/><D54/><U98/><E55/><V11/><F11/><W65/><G65/><T112/><D112/><U104/><E9/><V117/><F117/><W4/><G125/><T27/><D27/><U5/><E25/><V2/><F2/><W118/><G118/><T53/><D53/><U52/><E52/><V111/><F58/><W93/><G59/><T48/><D48/><U89/><E5/><V123/><F123/><W115/><G4/><T87/><AGARI ba="0,1" hai="20,21,22,38,43,46,60,66,71,72,74,80,87,88" machi="87" ten="30,4000,0" yaku="1,1,0,1,54,1,53,0" doraHai="129" doraHaiUra="131" who="0" fromWho="0" sc="141,50,490,-20,116,-10,243,-10" /><INIT seed="6,0,0,5,0,68" ten="191,470,106,233" oya="2" hai0="10,99,2,45,33,93,46,49,108,123,39,92,121" hai1="27,125,60,12,81,110,96,85,18,54,52,133,4" hai2="67,77,128,34,83,79,13,1,97,122,111,41,86" hai3="26,87,65,90,3,129,71,23,106,134,8,66,37"/><V114/><F1/><W47/><G106/><T132/><D33/><U107/><E110/><V69/><F122/><W118/><G71/><T117/><D108/><U31/><E4/><V120/><F120/><W0/><G118/><T131/><D117/><U5/><E5/><V32/><F111/><W55/><G8/><T104/><D10/><U51/><E107/><V25/><F114/><W28/><G65/><T38/><D2/><U57/><E96/><V50/><F128/><W29/><G66/><T19/><D104/><U119/><E133/><V113/><F113/><W100/><G100/><T30/><D19/><U102/><E102/><V112/><F112/><W22/><G134/><T62/><D62/><U105/><E105/><V75/><F97/><W78/><G78/><T20/><D132/><U48/><E125/><V80/><F25/><W53/><G53/><T124/><D124/><U44/><E119/><V72/><F86/><W88/><G90/><T89/><D131/><U103/><E103/><V126/><F126/><W43/><G55/><T14/><D123/><U9/><E44/><V127/><F127/><W70/><G70/><T64/><D46/><U73/><E54/><V11/><F67/><W16/><G28/><T58/><D121/><U95/><E73/><V24/><F69/><W109/><G129/><T116/><D116/><U15/><E31/><N who="2" m="19559" /><F34/><W7/><G7/><T21/><D30/><U40/><E27/><V91/><F91/><W17/><G109/><T82/><D64/><U101/><E85/><V56/><F41/><W35/><G35/><T6/><D99/><RYUUKYOKU ba="0,0" sc="191,0,470,0,106,0,233,0" /><INIT seed="7,1,0,3,0,97" ten="191,470,106,233" oya="3" hai0="82,83,114,26,49,79,44,63,9,16,38,84,111" hai1="57,53,0,91,107,5,14,102,56,85,110,112,128" hai2="108,39,94,96,74,68,48,92,67,59,86,13,32" hai3="11,77,73,109,80,117,37,119,12,30,134,1,10"/><W88/><G37/><T23/><D38/><U72/><E110/><V58/><F74/><W129/><G30/><T50/><D111/><U70/><E70/><V69/><F32/><W123/><G1/><T21/><D114/><U81/><E0/><V43/><F108/><W46/><G73/><T65/><D9/><U126/><E112/><V89/><F39/><W7/><G7/><T76/><D23/><U87/><E128/><V101/><F68/><W98/><G10/><T18/><D18/><U35/><E35/><V19/><F69/><W31/><G31/><T55/><D49/><U115/><E115/><V103/><F67/><W116/><G11/><T104/><D104/><U54/><E126/><V25/><F25/><W66/><G12/><T20/><D20/><U6/><E72/><V90/><F43/><W17/><G123/><T135/><D135/><U61/><E14/><V64/><F64/><W60/><G17/><T78/><D82/><N who="1" m="49591" /><E102/><N who="2" m="38923" /><F48/><W95/><G134/><T121/><D121/><U40/><E107/><V131/><F131/><W105/><G129/><T4/><D4/><U52/><E40/><V75/><F75/><W42/><G109/><T27/><D27/><U118/><E118/><V122/><F122/><W28/><G117/><T29/><D29/><U133/><E133/><V51/><F51/><W2/><G28/><T130/><D130/><U15/><E15/><V100/><N who="2" m="38931" /><V34/><DORA hai="132" /><F34/><W24/><G119/><T71/><AGARI ba="1,0" hai="16,21,26,44,50,55,63,65,71,76,78,79,83,84" machi="71" ten="20,2700,0" yaku="0,1,7,1,54,1" doraHai="97,132" who="0" fromWho="0" sc="191,30,470,-8,106,-8,233,-14" owari="221,2.0,462,56.0,98,-40.0,219,-18.0" /></mjloggm>