<mjloggm ver="2.3"><GO type="169" lobby="0"/><UN n0="%76%72%6D%6C%37%37%37" n1="%E3%81%9F%E3%81%BE%E3%81%94%E3%81%AE%E3%81%8A%E3%81%98%E3%81%95%E3%82%93" n2="%E3%83%88%E3%83%88%E3%83%AA%E5%85%88%E7%94%9F%31%39%E6%AD%B3" n3="%E3%81%82%E3%81%9A%E3%82%8C%EF%BC%A0%E7%BE%BD%E7%94%9F%E3%82%AA%E3%82%BF" dan="16,17,19,17" rate="2145.55,2169.85,2326.76,2172.14" sx="M,M,F,M"/><TAIKYOKU oya="0"/><INIT seed="0,0,0,2,3,14" ten="250,250,250,250" oya="0" hai0="75,113,3,0,67,26,19,98,132,97,46,135,38" hai1="73,80,121,76,61,71,10,18,9,92,52,106,23" hai2="101,6,134,49,35,111,119,29,1,45,28,51,105" hai3="115,66,39,63,36,22,102,13,30,127,74,104,20"/><T31/><D67/><U16/><E106/><V85/><F111/><W126/><G74/><T42/><D113/><U53/><E121/><V112/><F112/><W90/><G115/><T99/><D75/><U130/><E130/><V25/><F134/><W55/><G55/><T116/><D116/><U117/><E117/><V57/><F119/><W120/><G120/><T47/><D47/><U69/><E92/><V62/><F29/><W2/><G2/><T103/><D103/><U11/><E18/><V83/><F45/><W54/><G54/><T7/><D7/><U34/><E34/><V131/><F131/><W93/><G102/><T32/><REACH who="0" step="1"/><D19/><REACH who="0" ten="240,250,250,250" step="2"/><U5/><E5/><V84/><F6/><W86/><G104/><T8/><D8/><U40/><E40/><V79/><F101/><W82/><G66/><T88/><D88/><U129/><E129/><V89/><F105/><W114/><G114/><T37/><D37/><U77/><E77/><V108/><F1/><AGARI ba="0,1" hai="0,1,3,26,31,32,38,42,46,97,98,99,132,135" machi="1" ten="40,2000,0" yaku="1,1,53,0" doraHai="14" doraHaiUra="96" who="0" fromWho="2" sc="240,30,250,0,250,-20,250,0" /><INIT seed="0,1,0,2,1,4" ten="270,250,230,250" oya="0" hai0="113,125,95,14,12,42,99,104,25,40,66,116,51" hai1="79,94,23,132,75,67,81,84,3,20,57,87,121" hai2="34,26,76,63,80,54,31,21,32,69,106,33,61" hai3="0,60,46,55,18,122,120,11,13,53,9,129,128"/><T41/><D104/><U27/><E121/><N who="3" m="46698" /><G60/><T38/><D113/><U17/><E3/><V83/><F106/><W96/><G96/><T85/><D38/><U2/><E2/><V86/><F69/><W71/><G71/><T62/><D116/><U19/><E132/><V107/><F107/><W36/><G36/><T56/><D85/><U28/><E67/><V49/><REACH who="2" step="1"/><F83/><REACH who="2" ten="270,250,220,250" step="2"/><W131/><G46/><AGARI ba="1,1" hai="21,26,31,32,33,34,46,49,54,61,63,76,80,86" machi="46" ten="40,2600,0" yaku="1,1,2,1,53,0" doraHai="4" doraHaiUra="98" who="2" fromWho="3" sc="270,0,250,0,220,39,250,-29" /><INIT seed="1,0,0,5,3,44" ten="270,250,259,221" oya="1" hai0="60,58,112,22,133,76,49,102,30,5,67,8,13" hai1="33,131,117,10,54,2,72,109,32,91,123,45,0" hai2="84,130,57,35,18,11,116,62,21,70,103,110,69" hai3="132,127,85,51,115,61,50,7,27,77,88,23,83"/><U124/><E123/><V39/><F116/><W26/><G115/><T120/><D133/><U129/><E117/><V55/><F39/><W121/><G121/><T75/><D112/><U100/><E72/><V134/><F35/><W9/><G132/><T31/><D120/><U87/><E100/><V66/><F134/><W12/><G127/><T28/><D75/><U78/><E78/><V63/><F110/><W73/><G61/><T43/><D76/><U98/><E98/><V104/><F130/><N who="1" m="49673" /><E109/><V101/><F104/><W107/><G107/><T46/><REACH who="0" step="1"/><D102/><REACH who="0" ten="260,250,259,221" step="2"/><U111/><E111/><V119/><F101/><W94/><REACH who="3" step="1"/><G27/><AGARI ba="0,1" hai="5,8,13,22,27,28,30,31,43,46,49,58,60,67" machi="27" ten="40,8000,1" yaku="1,1,2,1,8,1,52,1,53,0" doraHai="44" doraHaiUra="89" who="0" fromWho="3" sc="260,90,250,0,259,0,221,-80" /><INIT seed="2,0,0,1,4,101" ten="350,250,259,141" oya="2" hai0="12,67,1,64,18,109,133,118,132,38,127,26,107" hai1="135,10,129,69,43,85,35,8,54,41,60,89,51" hai2="121,116,83,117,100,115,6,32,21,114,29,91,93" hai3="105,110,95,75,59,33,72,0,126,125,90,97,113"/><V30/><F32/><W58/><G33/><T71/><D38/><U76/><E135/><N who="0" m="51785" /><D1/><U66/><E129/><V99/><F6/><W7/><G113/><N who="2" m="43017" /><F21/><W19/><G110/><T79/><D109/><U49/><E35/><V16/><F16/><W112/><G112/><T28/><D79/><U39/><E39/><V27/><F27/><W103/><G19/><T42/><D42/><U88/><E76/><V122/><F29/><W73/><G7/><T120/><D120/><N who="2" m="46186" /><F30/><W81/><G0/><T22/><D71/><U57/><E89/><V20/><F20/><W94/><G59/><T53/><D53/><U87/><E87/><AGARI ba="0,0" hai="83,87,91,93,99,100,116,117" m="46186,43017" machi="87" ten="30,2900,0" yaku="34,2" doraHai="101" who="2" fromWho="1" sc="350,0,250,-29,259,29,141,0" /><INIT seed="2,1,0,0,1,132" ten="350,221,288,141" oya="2" hai0="8,79,127,29,83,115,130,75,10,110,122,61,129" hai1="16,12,32,0,98,128,58,71,43,93,9,86,17" hai2="72,46,11,28,39,117,42,15,60,37,1,7,44" hai3="105,96,47,104,111,69,64,26,19,52,38,31,97"/><V40/><F117/><W4/><G4/><T73/><D122/><U30/><E71/><V91/><F72/><W133/><G133/><T84/><D115/><U103/><E128/><N who="0" m="49257" /><D29/><U80/><E0/><V125/><F125/><W77/><G77/><T49/><D61/><U95/><E43/><V45/><F45/><W85/><G19/><T34/><D34/><U21/><E32/><V108/><F108/><W99/><G85/><T57/><D110/><U92/><E58/><V23/><F91/><W14/><G14/><T50/><D127/><U135/><E30/><V27/><REACH who="2" step="1"/><F60/><REACH who="2" ten="350,221,278,141" step="2"/><W100/><G100/><T90/><D73/><U70/><E135/><V20/><F20/><W18/><G47/><T106/><D49/><U126/><E126/><V134/><F134/><W119/><G119/><T120/><D120/><U36/><E36/><V121/><F121/><W118/><G111/><T124/><D124/><U6/><E21/><V13/><AGARI ba="1,1" hai="1,7,11,13,15,23,27,28,37,39,40,42,44,46" machi="13" ten="30,11700,0" yaku="1,1,0,1,9,1,53,1" doraHai="132" doraHaiUra="2" who="2" fromWho="2" sc="350,-40,221,-40,278,130,141,-40" /><INIT seed="2,2,0,5,4,3" ten="310,181,408,101" oya="2" hai0="96,60,91,51,16,36,11,109,24,20,116,10,123" hai1="106,80,25,125,128,120,127,107,101,121,81,131,56" hai2="86,58,13,48,132,31,21,22,63,122,19,6,39" hai3="117,90,89,110,102,71,100,93,119,37,59,82,47"/><V76/><F122/><N who="1" m="47209" /><E25/><N who="2" m="16823" /><F39/><W2/><G2/><T0/><D36/><U29/><E29/><V83/><F48/><W28/><G28/><T33/><D123/><U41/><E56/><V34/><F34/><W52/><G71/><T92/><D116/><U50/><E50/><V134/><F134/><W30/><G30/><T38/><D38/><U98/><E107/><V79/><F132/><W4/><G4/><N who="0" m="1287" /><D11/><U135/><E41/><V74/><F74/><W57/><G57/><T7/><D60/><U53/><E53/><N who="2" m="34255" /><F79/><W129/><G129/><N who="1" m="49738" /><E135/><V14/><F14/><W84/><G110/><T45/><D109/><U66/><E66/><V55/><F55/><W94/><G94/><T49/><D45/><U61/><E61/><V35/><F35/><W112/><G112/><T15/><D7/><AGARI ba="2,0" hai="6,7,13,19,21,76,83,86" m="34255,16823" machi="7" ten="30,5800,0" yaku="8,1,52,2" doraHai="3" who="2" fromWho="0" sc="310,-64,181,0,408,64,101,0" /><INIT seed="2,3,0,5,4,98" ten="246,181,472,101" oya="2" hai0="56,125,107,8,97,65,80,21,1,89,50,37,104" hai1="127,73,84,63,51,25,11,30,19,16,106,113,26" hai2="5,124,67,41,14,85,94,122,22,43,117,74,9" hai3="99,13,87,68,109,92,34,18,132,2,81,53,95"/><V3/><F117/><W110/><G68/><T59/><D37/><U93/><E73/><V96/><F122/><W38/><G34/><T12/><D125/><U133/><E106/><V69/><F74/><W86/><G38/><T40/><D1/><U121/><E113/><V105/><F124/><W57/><G2/><T108/><D107/><U27/><E127/><V90/><F69/><W32/><G32/><T0/><D0/><U114/><E114/><V64/><F3/><W123/><G123/><T102/><D21/><U78/><E121/><V128/><F128/><W54/><G132/><T20/><D20/><U45/><E63/><V61/><F105/><W88/><G86/><T10/><D10/><U24/><E133/><V31/><F85/><W119/><G119/><T83/><D108/><N who="3" m="41577" /><G57/><T120/><D120/><U23/><E11/><V134/><F134/><W33/><G33/><T135/><D89/><N who="1" m="53415" /><E78/><V28/><F61/><W79/><G95/><T130/><D135/><U76/><E76/><V118/><F118/><W103/><G79/><T100/><D130/><U35/><E35/><V15/><F31/><W48/><G48/><T29/><D29/><U62/><E62/><V70/><F70/><W75/><G75/><T101/><D104/><U60/><E60/><V42/><F28/><W115/><G115/><T17/><D97/><U55/><AGARI ba="3,0" hai="16,19,23,24,25,26,27,30,45,51,55" m="53415" machi="55" ten="30,2000,0" yaku="8,1,54,1" doraHai="98" who="1" fromWho="1" sc="246,-8,181,29,472,-13,101,-8" /><INIT seed="3,0,0,3,3,58" ten="238,210,459,93" oya="3" hai0="101,42,29,84,55,1,96,8,10,99,93,105,113" hai1="35,15,64,13,59,34,92,39,61,75,118,17,33" hai2="97,51,128,56,9,76,74,22,120,121,115,23,11" hai3="112,19,103,90,95,65,87,43,31,12,48,89,54"/><W70/><G112/><T24/><D42/><U134/><E134/><V108/><F115/><W5/><G5/><T21/><D1/><U86/><E75/><V78/><F108/><W26/><G43/><T40/><D40/><U57/><E39/><V67/><F128/><W41/><G41/><T4/><D113/><U100/><E118/><V37/><F37/><W81/><G103/><T47/><D84/><U117/><E117/><V3/><F97/><W45/><G65/><T52/><D4/><U14/><E59/><V49/><F56/><W18/><G70/><T62/><D55/><U131/><E131/><V110/><F110/><W44/><G44/><T123/><D123/><U94/><E100/><V73/><F67/><W46/><G46/><T68/><D68/><U130/><E130/><V69/><F69/><W60/><G60/><T85/><D85/><U107/><E107/><V77/><F77/><W6/><G6/><T16/><D29/><U91/><REACH who="1" step="1"/><E94/><REACH who="1" ten="238,200,459,93" step="2"/><V104/><F104/><W111/><G111/><T79/><D79/><U106/><E106/><V109/><F109/><W98/><REACH who="3" step="1"/><G12/><REACH who="3" ten="238,200,459,83" step="2"/><T36/><D36/><U66/><E66/><V114/><F114/><W129/><G129/><T132/><D132/><U102/><E102/><V27/><F3/><W125/><G125/><T7/><D47/><U30/><E30/><V32/><F73/><W119/><G119/><T20/><D105/><U50/><E50/><V63/><F74/><W135/><G135/><T71/><D71/><U83/><E83/><V122/><F51/><W116/><G116/><T0/><D101/><RYUUKYOKU ba="0,2" sc="238,-15,200,15,459,-15,83,15" hai1="13,14,15,17,33,34,35,57,61,64,86,91,92" hai3="18,19,26,31,45,48,54,81,87,89,90,95,98" /><INIT seed="3,1,2,0,1,12" ten="223,215,444,98" oya="3" hai0="131,52,106,29,4,19,39,1,126,122,99,44,30" hai1="21,59,100,55,63,34,135,98,94,8,69,16,6" hai2="96,56,37,17,54,7,18,65,107,72,77,97,33" hai3="75,10,123,102,105,109,74,112,15,58,129,48,73"/><W41/><G123/><T0/><D122/><U92/><E34/><V111/><F37/><W61/><G112/><T46/><D126/><U22/><E135/><V132/><F33/><W42/><G129/><T108/><D108/><U124/><E124/><V95/><F111/><W134/><G134/><T82/><D82/><U36/><E36/><V70/><F132/><W35/><G35/><T115/><D4/><U114/><E114/><V3/><F70/><W93/><G109/><T47/><D115/><U89/><E69/><V43/><F43/><W26/><G26/><T103/><D131/><U32/><E32/><V76/><F65/><W28/><G28/><T128/><D128/><U83/><E83/><V13/><F3/><W66/><G105/><T87/><D87/><N who="1" m="52287" /><E6/><V67/><F67/><W88/><G102/><T5/><D0/><U14/><AGARI ba="1,2" hai="8,14,16,21,22,55,59,63,94,98,100" m="52287" machi="14" ten="30,4000,0" yaku="8,1,52,1,54,1" doraHai="12" who="1" fromWho="1" sc="223,-11,215,63,444,-11,98,-21" /><INIT seed="4,0,0,1,5,53" ten="212,278,433,77" oya="0" hai0="82,132,16,74,7,49,117,122,42,86,48,116,54" hai1="99,18,12,24,10,61,46,88,65,64,90,104,62" hai2="15,67,4,2,22,30,35,3,129,38,25,106,6" hai3="113,110,97,13,69,79,8,83,40,76,5,29,70"/><T81/><D122/><U115/><E115/><V75/><F75/><W50/><G113/><T0/><D132/><U127/><E127/><V95/><F106/><W9/><G110/><T78/><D42/><U63/><E104/><V98/><F38/><W26/><G97/><T32/><D49/><U120/><E120/><V73/><F73/><W31/><G79/><T34/><D32/><U21/><E46/><V60/><F129/><W39/><G39/><T20/><D34/><U107/><E107/><V58/><F35/><W118/><G118/><T55/><D54/><U96/><E96/><V56/><F56/><W121/><G121/><T126/><D7/><N who="2" m="2602" /><F15/><W23/><G31/><T85/><D0/><U101/><E101/><AGARI ba="0,0" hai="2,3,22,25,30,58,60,67,95,98,101" m="2602" machi="101" ten="30,2000,0" yaku="25,1,52,1" doraHai="53" who="2" fromWho="1" sc="212,0,278,-20,433,20,77,0" /><INIT seed="5,0,0,1,1,114" ten="212,258,453,77" oya="1" hai0="91,35,101,131,108,74,4,38,93,48,2,133,66" hai1="89,107,113,85,52,78,110,13,39,46,49,96,70" hai2="51,29,118,86,5,20,103,126,95,83,15,72,111" hai3="73,88,11,135,121,30,127,55,45,67,28,58,47"/><U36/><E113/><V92/><F111/><W42/><G73/><T128/><D38/><U40/><E110/><V17/><F118/><W37/><G121/><T33/><D74/><U123/><E123/><V53/><F72/><W94/><G135/><T80/><D66/><U102/><E70/><V84/><F126/><W12/><G127/><T75/><D101/><U115/><E115/><V16/><F5/><W54/><G67/><T8/><D133/><U22/><E78/><V6/><F6/><W97/><G47/><T120/><D48/><U9/><E22/><N who="2" m="11551" /><F29/><W27/><G27/><T23/><D23/><U59/><E59/><N who="2" m="33215" /><F103/><W105/><G105/><T62/><D62/><U134/><E134/><V132/><F132/><W14/><G14/><T41/><D41/><U25/><E25/><N who="2" m="14479" /><F86/><W21/><G21/><T34/><D108/><U50/><E50/><V99/><F99/><W79/><G79/><AGARI ba="0,0" hai="79,83,84,92,95" m="14479,33215,11551" machi="79" ten="30,2000,0" yaku="8,1,54,1" doraHai="114" who="2" fromWho="3" sc="212,0,258,0,453,20,77,-20" /><INIT seed="6,0,0,2,1,15" ten="212,258,473,57" oya="2" hai0="47,114,98,51,7,45,58,97,46,135,10,30,96" hai1="61,81,11,19,65,72,34,78,94,119,29,104,115" hai2="5,23,68,44,49,50,111,38,134,0,35,54,87" hai3="71,73,77,39,56,33,83,64,4,108,28,75,37"/><V122/><F122/><W12/><G56/><T48/><D114/><U102/><E104/><V113/><F35/><W89/><G108/><T42/><D30/><U110/><E115/><V67/><F113/><W62/><G89/><T57/><D135/><U116/><E110/><V127/><F134/><W18/><G73/><T88/><D88/><U93/><E34/><V9/><F127/><W105/><G4/><T120/><D120/><U90/><E29/><V95/><F38/><W74/><G74/><T41/><D10/><U31/><E31/><V24/><F68/><W79/><G79/><T82/><D82/><U92/><E102/><V40/><F67/><W117/><G117/><T131/><D7/><U118/><E11/><V129/><F129/><W60/><G60/><T126/><D126/><U107/><E107/><V22/><F22/><W26/><REACH who="3" step="1"/><G105/><REACH who="3" ten="212,258,473,47" step="2"/><T32/><D131/><U128/><E128/><V16/><F111/><W123/><G123/><T53/><D32/><U91/><E91/><V59/><F87/><W76/><G76/><T43/><REACH who="0" step="1"/><D53/><REACH who="0" ten="202,258,473,47" step="2"/><U66/><E90/><V100/><F5/><W17/><G17/><T3/><D3/><U21/><E118/><V2/><F0/><W6/><G6/><T85/><D85/><U36/><E119/><V20/><F2/><W1/><G1/><T112/><D112/><U63/><E116/><V86/><F86/><W13/><G13/><T103/><D103/><U121/><E121/><V109/><F109/><W25/><G25/><T52/><D52/><U106/><E19/><V55/><F16/><W125/><G125/><RYUUKYOKU ba="0,2" sc="202,15,258,-15,473,-15,47,15" hai0="41,42,43,45,46,47,48,51,57,58,96,97,98" hai3="12,18,26,28,33,37,39,62,64,71,75,77,83" /><INIT seed="7,1,2,4,3,7" ten="217,243,458,62" oya="3" hai0="59,98,48,113,95,126,65,43,14,35,133,105,86" hai1="20,16,110,75,124,93,58,129,112,28,31,66,116" hai2="51,24,89,63,132,5,10,33,99,23,6,128,78" hai3="2,60,19,117,131,120,38,74,22,87,4,123,88"/><W0/><G74/><T56/><D35/><U134/><E75/><V101/><F33/><W62/><G117/><T103/><D126/><U39/><E39/><V64/><F128/><W83/><G38/><T106/><D133/><U26/><E110/><V50/><F132/><W108/><G131/><T91/><D113/><U97/><E134/><V49/><F89/><W82/><G108/><T12/><D59/><U18/><E129/><V54/><F78/><W130/><G130/><T92/><D106/><U44/><E44/><V76/><F76/><W8/><G0/><T41/><D105/><U115/><E31/><V68/><F10/><W109/><G109/><T47/><D41/><U114/><E124/><V107/><F54/><W29/><G29/><T102/><D102/><N who="1" m="60719" /><E116/><V67/><F67/><W80/><G120/><T45/><D45/><U90/><E90/><V119/><F119/><W37/><G37/><T34/><D34/><U84/><E84/><V70/><F70/><W46/><G46/><T118/><D118/><U81/><E81/><V17/><AGARI ba="1,2" hai="5,6,17,23,24,49,50,51,63,64,68,99,101,107" machi="17" ten="30,1100,0" yaku="0,1" doraHai="7" who="2" fromWho="2" sc="217,-4,243,-4,458,34,62,-6" owari="213,-19.0,239,4.0,492,59.0,56,-44.0" /></mjloggm>