<mjloggm ver="2.3"><GO type="169" lobby="0"/><UN n0="%47%E9%9B%80" n1="%E3%81%82%E3%81%9A%E3%82%8C%EF%BC%A0%E7%BE%BD%E7%94%9F%E3%82%AA%E3%82%BF" n2="%E9%9D%92%E7%8C%AB" n3="%E3%83%88%E3%83%88%E3%83%AA%E5%85%88%E7%94%9F%31%39%E6%AD%B3" dan="16,17,17,19" rate="2191.04,2194.21,2096.82,2321.21" sx="M,M,M,F"/><TAIKYOKU oya="0"/><INIT seed="0,0,0,4,1,56" ten="250,250,250,250" oya="0" hai0="93,38,9,135,85,28,84,33,129,34,107,118,1" hai1="68,13,57,134,112,50,101,91,8,55,15,86,3" hai2="121,94,115,29,120,11,41,49,7,130,39,64,53" hai3="40,88,71,43,122,102,37,95,14,99,81,18,60"/><T132/><D107/><U117/><E68/><V79/><F115/><W110/><G110/><T52/><D38/><U17/><E117/><V75/><F29/><W45/><G122/><T22/><D118/><U128/><E128/><V131/><F94/><W133/><G133/><N who="0" m="51275" /><D129/><N who="2" m="49162" /><F64/><W111/><G111/><T69/><D69/><U2/><E112/><V5/><F41/><W36/><G81/><T16/><D28/><U104/><E134/><V35/><F39/><W89/><G40/><T96/><D9/><U82/><REACH who="1" step="1"/><E13/><REACH who="1" ten="250,240,250,250" step="2"/><V10/><F121/><W124/><G14/><N who="0" m="9495" /><D1/><U0/><E0/><V54/><F120/><W74/><G71/><T20/><D34/><U108/><E108/><V77/><F35/><W47/><G36/><T26/><D33/><U58/><E58/><V59/><F59/><W61/><G45/><T76/><D76/><U63/><E63/><V67/><F79/><W105/><G47/><T19/><D52/><U51/><E51/><V12/><F49/><W72/><G43/><T25/><D25/><U97/><AGARI ba="0,1" hai="2,3,8,15,17,50,55,57,82,86,91,97,101,104" machi="97" ten="30,4000,0" yaku="1,1,0,1,53,1" doraHai="56" doraHaiUra="103" who="1" fromWho="1" sc="250,-20,240,50,250,-10,250,-10" /><INIT seed="1,0,0,1,4,31" ten="230,290,240,240" oya="1" hai0="66,86,94,102,120,11,23,35,60,62,83,20,30" hai1="49,74,57,103,129,88,81,42,10,53,130,135,108" hai2="106,7,91,101,100,24,52,27,113,48,70,17,111" hai3="72,43,21,107,77,121,55,2,65,22,79,71,93"/><U26/><E135/><V37/><F37/><W64/><G107/><T32/><D11/><U132/><E132/><V5/><F70/><W134/><G134/><T117/><D117/><U58/><E103/><V8/><F111/><W36/><G121/><T82/><D120/><U78/><E108/><V4/><F91/><W76/><G72/><T92/><D30/><U3/><E42/><V61/><F61/><W6/><G2/><T51/><D51/><U25/><E57/><V115/><F106/><W133/><G6/><T47/><D86/><U89/><E26/><N who="2" m="9771" /><F17/><W127/><G127/><T80/><D47/><U109/><E25/><V59/><F8/><W1/><G1/><T75/><D102/><U54/><E54/><V45/><F45/><W18/><G18/><T33/><D66/><U34/><E34/><V0/><F0/><W110/><G110/><T13/><D75/><U12/><E3/><V123/><F123/><W114/><G55/><T29/><D29/><U98/><E109/><V116/><F116/><W50/><G36/><T46/><D46/><U125/><E125/><V84/><F84/><W87/><G133/><T126/><D13/><U122/><E122/><V38/><F38/><W14/><G50/><T128/><D128/><N who="1" m="49259" /><E98/><V63/><F48/><W118/><G118/><T9/><D9/><U40/><E40/><V124/><F124/><W131/><G43/><T56/><D126/><U28/><E28/><V105/><F105/><W69/><G131/><T99/><D99/><U96/><E96/><V16/><F16/><AGARI ba="0,0" hai="10,12,16,49,53,58,74,78,81,88,89" m="49259" machi="16" ten="30,5800,0" yaku="19,1,54,2" doraHai="31" who="1" fromWho="2" sc="230,0,290,58,240,-58,240,0" /><INIT seed="1,1,0,0,0,129" ten="230,348,182,240" oya="1" hai0="75,51,7,92,88,5,82,69,95,58,108,24,74" hai1="67,40,11,36,53,23,94,103,71,13,111,106,131" hai2="39,6,37,8,52,9,65,27,60,90,55,17,112" hai3="132,91,30,50,47,124,85,4,113,64,62,80,116"/><U122/><E106/><V14/><F112/><W97/><G113/><T118/><D69/><U86/><E122/><V123/><F123/><W70/><G124/><T22/><D118/><U109/><E23/><V35/><F39/><W49/><G116/><T48/><D108/><N who="1" m="41547" /><E53/><V81/><F37/><W21/><G4/><T33/><D33/><U130/><E40/><V1/><F81/><W57/><G132/><T44/><D58/><U32/><E32/><V18/><F90/><W2/><G2/><T110/><D110/><U133/><E36/><V134/><F134/><W87/><G70/><T73/><D82/><U66/><E133/><V107/><F107/><W117/><G85/><T63/><D63/><N who="1" m="40415" /><E67/><V61/><F61/><W26/><G117/><T93/><D51/><U68/><E68/><V101/><F101/><W29/><G29/><T98/><D48/><U114/><E114/><V0/><F55/><W125/><G125/><T135/><D135/><U20/><E20/><V119/><F52/><W128/><G47/><T25/><D44/><U43/><E43/><V102/><F102/><W79/><G128/><N who="1" m="49194" /><E103/><V45/><F35/><W31/><G31/><T12/><D24/><U105/><E105/><V16/><F119/><W76/><G50/><T104/><D104/><U34/><E34/><V115/><F115/><W126/><G49/><T10/><D22/><U89/><E13/><V46/><F27/><W96/><G126/><T83/><D25/><U127/><E127/><V72/><F14/><W15/><G15/><N who="0" m="5583" /><D83/><U120/><E120/><V28/><F28/><W59/><G59/><RYUUKYOKU ba="1,0" sc="230,10,348,10,182,-30,240,10" hai0="7,12,73,74,75,88,92,93,95,98" hai1="11,86,89,94" hai3="21,26,30,57,62,64,76,79,80,87,91,96,97" /><INIT seed="1,2,0,3,0,70" ten="240,358,152,250" oya="1" hai0="116,123,4,76,3,103,49,45,39,42,5,78,16" hai1="58,41,20,6,129,99,51,46,74,117,96,19,61" hai2="112,110,35,50,47,89,32,68,83,106,73,9,80" hai3="69,66,115,107,33,48,25,91,131,40,38,98,124"/><U62/><E74/><V65/><F106/><W13/><G115/><T94/><D116/><U130/><E6/><V26/><F112/><W18/><G131/><N who="1" m="50186" /><E117/><V135/><F135/><W31/><G124/><T55/><D123/><U52/><E62/><V102/><F102/><N who="3" m="62935" /><G48/><T21/><D5/><U90/><E90/><V75/><F110/><W22/><G40/><T29/><D29/><U92/><E92/><V87/><F9/><W2/><G91/><T108/><D108/><U109/><E109/><V7/><F7/><W56/><G56/><T113/><D113/><U128/><N who="1" m="50194" /><U23/><DORA hai="85" /><E23/><V127/><F127/><W95/><G95/><T24/><D4/><U60/><E60/><V15/><F75/><W27/><G2/><T17/><D3/><U14/><AGARI ba="2,0" hai="14,19,20,41,46,51,52,58,61,96,99" m="50194" machi="14" ten="40,3900,0" yaku="19,1,54,1" doraHai="70,85" who="1" fromWho="1" sc="240,-15,358,45,152,-15,250,-15" /><INIT seed="1,3,0,2,1,55" ten="225,403,137,235" oya="1" hai0="117,94,23,111,86,30,79,7,68,102,58,100,57" hai1="61,73,40,39,50,70,121,90,8,133,85,43,119" hai2="19,2,11,52,124,46,84,32,33,36,6,27,18" hai3="4,83,129,25,54,9,98,87,10,93,103,15,75"/><U125/><E73/><V128/><F128/><W37/><G129/><T41/><D68/><U115/><E133/><V29/><F124/><W134/><G134/><T96/><D117/><U66/><E119/><V3/><F3/><W62/><G75/><T67/><D41/><U20/><E125/><V91/><F33/><W82/><G37/><T126/><D111/><U13/><E121/><V131/><F131/><W89/><G25/><N who="0" m="16703" /><D126/><U92/><E39/><V22/><F32/><W59/><REACH who="3" step="1"/><G10/><REACH who="3" ten="225,403,137,225" step="2"/><T122/><D122/><U77/><E115/><V99/><F36/><W118/><G118/><T64/><D102/><U26/><E26/><V108/><F108/><W47/><G47/><T130/><D130/><U104/><E8/><V56/><F46/><W132/><G132/><T12/><D12/><U16/><E13/><V49/><REACH who="2" step="1"/><F99/><REACH who="2" ten="225,403,127,225" step="2"/><W44/><G44/><T51/><D7/><U1/><E1/><V112/><F112/><W95/><AGARI ba="3,2" hai="4,9,15,54,59,62,82,83,87,89,93,95,98,103" machi="95" ten="20,8000,1" yaku="1,1,0,1,7,1,8,1,52,1,53,0" doraHai="55" doraHaiUra="14" who="3" fromWho="3" sc="225,-23,403,-43,127,-23,225,109" /><INIT seed="2,0,0,4,3,109" ten="202,360,104,334" oya="2" hai0="36,97,7,73,64,131,92,28,29,39,74,94,48" hai1="61,14,108,91,128,114,8,17,112,32,58,6,57" hai2="47,67,122,68,110,79,10,115,63,82,62,24,49" hai3="30,55,22,101,44,66,70,13,43,118,125,54,135"/><V117/><F117/><W72/><G118/><T46/><D7/><U25/><E108/><V78/><F122/><W26/><G72/><T111/><D111/><U99/><E128/><V133/><F133/><W96/><G125/><T69/><D131/><U84/><E99/><V85/><F110/><W95/><G135/><T132/><D132/><U9/><E32/><V3/><F63/><W86/><G70/><T113/><D97/><U56/><E61/><V60/><F60/><W129/><G66/><T121/><D46/><U130/><E130/><V87/><F24/><W80/><G13/><T77/><D77/><U51/><E51/><V2/><F10/><W83/><G129/><T50/><D64/><U35/><E35/><V1/><F115/><W18/><G30/><T124/><D124/><U38/><E38/><V23/><F23/><W21/><G21/><T59/><D59/><U34/><E34/><V116/><F116/><W65/><G80/><T27/><D27/><U88/><E91/><V107/><F107/><W42/><G65/><T89/><D89/><U33/><E33/><V45/><REACH who="2" step="1"/><F49/><REACH who="2" ten="202,360,94,334" step="2"/><W41/><G22/><T37/><D37/><U53/><E25/><V120/><F120/><W31/><G26/><T0/><D121/><U126/><E126/><V20/><F20/><W104/><G104/><T134/><D134/><U103/><E112/><V93/><F93/><W75/><G95/><T98/><D98/><U12/><E114/><V102/><F102/><W127/><G96/><T15/><D113/><U5/><E103/><V4/><F4/><W40/><G127/><RYUUKYOKU ba="0,1" sc="202,-10,360,-10,94,30,334,-10" hai2="1,2,3,45,47,62,67,68,78,79,82,85,87" /><INIT seed="2,1,1,0,1,22" ten="192,350,124,324" oya="2" hai0="132,57,42,68,4,126,95,134,48,40,92,67,12" hai1="114,31,91,44,80,3,110,39,109,26,128,121,89" hai2="47,90,125,53,101,117,98,55,28,33,5,29,18" hai3="6,70,63,124,60,75,34,25,24,120,127,77,106"/><V15/><F117/><W37/><G120/><T78/><D68/><U88/><E3/><V100/><F5/><W116/><G116/><T52/><D78/><U62/><E114/><V113/><F113/><W13/><G37/><T17/><D4/><U19/><E121/><V104/><F125/><N who="3" m="48203" /><G106/><T36/><D67/><U11/><E128/><V7/><F7/><W1/><G34/><T130/><D130/><U73/><E62/><N who="3" m="23594" /><G70/><T21/><D126/><U20/><E73/><V59/><F90/><W105/><G105/><T41/><REACH who="0" step="1"/><D36/><REACH who="0" ten="182,350,124,324" step="2"/><U32/><E80/><V94/><F55/><W65/><G65/><T108/><D108/><U46/><E39/><V102/><F104/><W131/><G131/><T107/><D107/><U133/><E133/><AGARI ba="1,2" hai="12,17,21,40,41,42,48,52,57,92,95,132,133,134" machi="133" ten="40,5200,0" yaku="1,1,20,1,54,1,53,0" doraHai="22" doraHaiUra="76" who="0" fromWho="1" sc="182,75,350,-55,124,0,324,0" /><INIT seed="3,0,0,5,4,44" ten="257,295,124,324" oya="3" hai0="79,55,128,7,77,103,68,53,107,123,115,129,118" hai1="116,102,17,58,126,106,50,52,48,51,37,67,3" hai2="46,78,83,127,105,61,111,47,40,57,11,81,108" hai3="74,101,134,10,98,28,56,122,45,54,113,130,5"/><W93/><G113/><T62/><D118/><U15/><E3/><V8/><F105/><W100/><G122/><T59/><D68/><U95/><E37/><V94/><F94/><W92/><G74/><T104/><D7/><U33/><E33/><V124/><F57/><W125/><G130/><T23/><D123/><U16/><E106/><V12/><F61/><W38/><G134/><T41/><D41/><U90/><E116/><V24/><F24/><W22/><G125/><N who="2" m="48201" /><F47/><W1/><G38/><T18/><D115/><U32/><E32/><V131/><F131/><W0/><G45/><T80/><D59/><N who="1" m="33159" /><E126/><V35/><F35/><W119/><G119/><T21/><D62/><N who="1" m="38359" /><E102/><V66/><F66/><W109/><G100/><T25/><D103/><U97/><E17/><V63/><F63/><W20/><G28/><T91/><D18/><U82/><E82/><V26/><F83/><W29/><G29/><T34/><D80/><U70/><E70/><V69/><F69/><W110/><G93/><T89/><D34/><U96/><E97/><V19/><F19/><W71/><G71/><T36/><D36/><U65/><E65/><V30/><F81/><W135/><G135/><T85/><D85/><U64/><E64/><V39/><F39/><W117/><G117/><T9/><D129/><U14/><E14/><V132/><F12/><W84/><G0/><T114/><D128/><U31/><E31/><V75/><F132/><W6/><G6/><T60/><D114/><U88/><E90/><V27/><F75/><W99/><G101/><T4/><D107/><U121/><E121/><RYUUKYOKU ba="0,0" sc="257,-10,295,30,124,-10,324,-10" hai1="15,16,50,51,88,95,96" /><INIT seed="4,1,0,0,1,51" ten="247,325,114,314" oya="0" hai0="91,101,69,114,67,128,26,28,103,22,17,12,31" hai1="19,11,35,1,110,124,111,121,33,80,96,107,81" hai2="115,14,84,90,49,64,37,83,36,2,20,47,46" hai3="97,24,99,89,105,40,126,62,55,53,61,70,3"/><T116/><D116/><U120/><E107/><V6/><F115/><W0/><G40/><T119/><D119/><U50/><E96/><N who="3" m="36938" /><G105/><T123/><D123/><N who="1" m="47179" /><E50/><V13/><F64/><W129/><G24/><T57/><D69/><U68/><E68/><V122/><F122/><W25/><G25/><T59/><D114/><U85/><E85/><V93/><F47/><W127/><G89/><T72/><D72/><U45/><E45/><V48/><F48/><W118/><G129/><T10/><D128/><U135/><E81/><V98/><F2/><N who="3" m="555" /><G118/><T71/><D31/><U30/><E80/><V8/><F14/><W5/><G5/><T75/><D75/><U108/><E135/><V92/><F20/><W23/><G23/><T86/><D71/><U102/><E102/><N who="0" m="38921" /><D67/><U113/><E113/><V39/><REACH who="2" step="1"/><F98/><REACH who="2" ten="247,325,104,314" step="2"/><W63/><G70/><T73/><D73/><U52/><E1/><V95/><F95/><AGARI ba="1,1" hai="10,12,17,22,26,28,57,59,86,91,95" m="38921" machi="95" ten="30,1500,0" yaku="8,1" doraHai="51" who="0" fromWho="2" sc="247,28,325,0,104,-18,314,0" /><INIT seed="4,2,0,1,5,134" ten="275,325,86,314" oya="0" hai0="114,28,36,102,124,118,83,13,110,90,27,106,51" hai1="30,68,76,100,37,121,120,111,14,131,52,67,10" hai2="3,56,95,79,99,23,78,66,45,58,113,18,107" hai3="22,33,103,32,93,2,42,62,135,101,39,49,94"/><T85/><D36/><U88/><E37/><V127/><F113/><W128/><G2/><T73/><D118/><U64/><E100/><V48/><F3/><W87/><G39/><T1/><D1/><U6/><E111/><V86/><F107/><W35/><G135/><T122/><D122/><U116/><E116/><V59/><F66/><W98/><G128/><T69/><D69/><U61/><E76/><V5/><F5/><W47/><G62/><T71/><D71/><U26/><E131/><V63/><F63/><W77/><G22/><T19/><D73/><U54/><E67/><V60/><F60/><W123/><G123/><T96/><D114/><U92/><E121/><V81/><F79/><W112/><G112/><T11/><D51/><U125/><E125/><V50/><F127/><W53/><G77/><T109/><REACH who="0" step="1"/><D124/><REACH who="0" ten="265,325,86,314" step="2"/><U65/><E120/><V108/><F108/><W38/><G38/><T40/><D40/><U97/><REACH who="1" step="1"/><E65/><REACH who="1" ten="265,315,86,314" step="2"/><V105/><F50/><W133/><G133/><T117/><D117/><U41/><E41/><V132/><F132/><W12/><G42/><T20/><AGARI ba="2,2" hai="11,13,19,20,27,28,83,85,90,96,102,106,109,110" machi="20" ten="30,3000,0" yaku="1,1,0,1,53,0" doraHai="134" doraHaiUra="44" who="0" fromWho="0" sc="265,56,315,-12,86,-12,314,-12" /><INIT seed="4,3,0,3,4,130" ten="321,303,74,302" oya="0" hai0="44,49,65,117,100,69,106,4,91,1,86,123,54" hai1="6,71,82,60,75,83,122,59,41,7,95,31,132" hai2="112,88,55,43,50,98,51,126,96,0,48,128,90" hai3="119,10,13,27,73,12,53,99,81,104,92,66,25"/><T103/><D123/><U46/><E71/><V70/><F70/><W108/><G108/><T93/><D117/><U127/><E122/><V39/><F0/><W14/><G104/><T97/><D103/><U124/><E31/><V85/><F128/><W133/><G119/><T109/><D109/><U5/><E75/><V80/><F112/><W135/><G66/><T40/><D1/><U23/><E23/><V107/><F126/><N who="1" m="48169" /><E95/><V22/><F39/><W121/><G121/><T30/><D4/><N who="1" m="1027" /><U61/><DORA hai="67" /><E132/><N who="3" m="50762" /><G10/><T111/><D111/><U120/><E120/><V37/><F37/><W89/><G53/><T28/><REACH who="0" step="1"/><D54/><REACH who="0" ten="311,303,74,302" step="2"/><N who="1" m="33911" /><E61/><AGARI ba="3,1" hai="28,30,40,44,49,61,65,69,86,91,93,97,100,106" machi="61" ten="40,7700,0" yaku="1,1,52,1,53,1" doraHai="130,67" doraHaiUra="52,94" who="0" fromWho="1" sc="311,96,303,-86,74,0,302,0" /><INIT seed="4,4,0,0,2,66" ten="407,217,74,302" oya="0" hai0="119,39,113,5,65,10,125,101,12,55,130,120,88" hai1="126,115,44,124,24,27,105,122,64,79,74,78,89" hai2="47,128,131,41,111,99,7,1,103,127,58,104,86" hai3="114,121,83,8,42,133,132,81,80,25,50,11,49"/><T73/><D101/><U18/><E105/><V16/><F111/><W38/><G25/><N who="1" m="9802" /><E74/><V87/><F127/><N who="1" m="48681" /><E122/><V69/><F69/><W102/><G102/><T106/><D65/><U123/><E123/><V23/><F58/><W68/><G121/><T118/><D55/><U70/><E44/><V72/><F72/><W2/><G68/><T17/><D73/><U76/><E18/><V110/><F110/><W61/><G61/><T30/><D39/><U0/><E0/><V77/><F7/><W19/><G19/><T20/><D106/><U97/><E115/><V57/><F1/><W93/><G114/><T34/><D125/><U9/><E9/><N who="3" m="3658" /><G2/><N who="0" m="311" /><D120/><U135/><E135/><N who="3" m="51786" /><G93/><T84/><D113/><U15/><E15/><N who="2" m="9631" /><F57/><W29/><G29/><T108/><D108/><U129/><E129/><N who="2" m="49739" /><F77/><W6/><G6/><T43/><D130/><U60/><E79/><V95/><F104/><W14/><G14/><T98/><D118/><U51/><E51/><AGARI ba="4,0" hai="41,47,51,86,87,95,99,103" m="49739,9631" machi="51" ten="30,2000,0" yaku="19,1,54,1" doraHai="66" who="2" fromWho="1" sc="407,0,217,-32,74,32,302,0" /><INIT seed="5,0,0,1,0,26" ten="407,185,106,302" oya="1" hai0="110,40,69,61,2,87,8,126,38,115,80,66,15" hai1="5,120,97,30,78,84,118,25,82,16,109,73,52" hai2="101,135,28,49,46,103,130,17,123,6,48,76,42" hai3="35,59,127,58,100,128,56,19,132,99,68,75,119"/><U50/><E120/><V7/><F123/><W10/><G75/><T36/><D2/><U53/><E118/><V20/><F135/><W41/><G68/><T96/><D110/><U81/><E109/><V83/><F130/><W63/><G35/><T124/><D96/><U131/><E5/><V24/><F49/><W44/><G128/><T98/><D98/><U129/><E97/><V3/><F17/><W57/><G132/><T89/><D40/><U21/><E53/><V106/><F106/><W114/><G114/><T9/><D9/><U95/><E95/><V1/><F1/><W93/><G127/><N who="0" m="48683" /><D115/><U43/><E43/><V133/><F133/><W12/><G119/><T105/><D105/><U39/><E39/><V104/><F104/><W111/><G111/><T71/><D69/><U113/><E113/><V31/><F31/><W67/><REACH who="3" step="1"/><G59/><REACH who="3" ten="407,185,106,292" step="2"/><T107/><D107/><U33/><E33/><V112/><F112/><W54/><G54/><T88/><D89/><U72/><E72/><V70/><F70/><W0/><G0/><T51/><D51/><AGARI ba="0,1" hai="10,12,19,41,44,51,56,57,58,63,67,93,99,100" machi="51" ten="30,3900,0" yaku="1,1,7,1,8,1,53,0" doraHai="26" doraHaiUra="134" who="3" fromWho="0" sc="407,-39,185,0,106,0,292,49" /><INIT seed="6,0,0,1,0,60" ten="368,185,106,341" oya="2" hai0="130,124,8,113,36,107,72,126,10,32,93,95,65" hai1="15,134,63,24,122,2,91,132,22,66,131,135,31" hai2="17,125,86,39,104,114,57,67,28,38,88,1,41" hai3="79,51,100,48,106,89,76,116,121,43,47,87,56"/><V29/><F104/><W34/><G116/><T108/><D107/><U117/><E117/><V127/><F1/><W23/><G34/><T115/><D36/><N who="2" m="13866" /><F41/><W94/><G121/><T25/><D72/><U59/><E131/><V128/><F17/><W69/><G69/><T27/><D108/><U110/><E110/><V42/><F42/><W21/><G106/><T50/><D50/><U61/><E2/><V112/><F128/><W85/><G100/><T84/><D130/><U7/><E122/><V77/><F77/><N who="3" m="29771" /><G85/><T83/><D84/><U96/><E63/><N who="2" m="38383" /><F28/><W92/><G92/><T16/><D32/><U74/><E74/><V49/><F49/><W118/><G118/><T82/><D16/><N who="1" m="10527" /><E7/><V119/><F29/><W62/><G51/><T75/><D75/><U80/><E80/><N who="2" m="49223" /><F119/><W129/><G129/><T12/><D12/><U9/><E9/><V54/><F54/><AGARI ba="0,0" hai="21,23,43,47,48,54,56,62,87,89,94" m="29771" machi="54" ten="30,1000,0" yaku="8,1" doraHai="60" who="3" fromWho="2" sc="368,0,185,0,106,-10,341,10" /><INIT seed="7,0,0,0,3,41" ten="368,185,96,351" oya="3" hai0="27,90,18,40,89,31,84,69,9,14,37,115,23" hai1="35,126,97,106,116,130,95,25,91,67,123,38,1" hai2="7,6,21,36,119,103,8,20,79,68,66,99,5" hai3="45,3,70,62,33,47,49,72,32,83,94,125,52"/><W132/><G3/><T124/><D69/><U63/><E1/><V76/><F119/><W58/><G132/><T135/><D135/><U129/><E38/><V24/><F8/><W2/><G2/><T44/><D124/><U46/><E116/><V65/><F36/><W0/><G0/><T51/><D115/><U54/><E106/><V134/><F134/><W86/><G125/><T88/><D37/><U80/><E80/><AGARI ba="0,0" hai="9,14,18,23,27,31,40,44,51,80,84,88,89,90" machi="80" ten="30,7700,0" yaku="7,1,8,1,52,1,54,1" doraHai="41" who="0" fromWho="1" sc="368,77,185,-77,96,0,351,0" owari="445,54.0,108,-29.0,96,-40.0,351,15.0" /></mjloggm>