<mjloggm ver="2.3"><GO type="169" lobby="0"/><UN n0="%E3%82%A6%E3%83%AB%E3%83%88%E3%83%A9%E7%AB%8B%E7%9B%B4" n1="%59%61%6E%67%6E%75%6D" n2="%76%70%6B%6E%69%67%68%74" n3="%E3%83%BE%28%E3%83%BB%E2%88%80%E3%83%BB%EF%BC%9B%29" dan="18,17,16,16" rate="2264.09,2151.73,2097.82,2112.43" sx="M,M,M,M"/><TAIKYOKU oya="0"/><INIT seed="0,0,0,4,5,69" ten="250,250,250,250" oya="0" hai0="10,98,86,29,127,37,20,93,7,25,130,60,44" hai1="31,110,19,83,128,2,134,30,8,22,102,114,117" hai2="75,14,125,109,96,1,64,16,28,84,71,116,92" hai3="107,100,49,35,88,41,0,55,48,45,59,90,24"/><T133/><D130/><U53/><E117/><V132/><F1/><W120/><G0/><T72/><D72/><U63/><E102/><V95/><F75/><W87/><G120/><T77/><D133/><U85/><E128/><V74/><F74/><W121/><G121/><T58/><D127/><U82/><E134/><V4/><F4/><W56/><G56/><T103/><D77/><U67/><E53/><V68/><F28/><W81/><G35/><T94/><D86/><U27/><E83/><V66/><F125/><W11/><G11/><T73/><D73/><U113/><E2/><V52/><F68/><W70/><G70/><T54/><D37/><U51/><E51/><V26/><F26/><W91/><REACH who="3" step="1"/><G24/><REACH who="3" ten="250,250,250,240" step="2"/><T101/><D44/><U38/><E8/><N who="2" m="6215" /><F71/><W129/><G129/><T118/><D118/><U3/><E3/><V131/><F116/><W106/><G106/><T89/><REACH who="0" step="1"/><D94/><REACH who="0" ten="240,250,250,240" step="2"/><U124/><E124/><V105/><F92/><W12/><G12/><AGARI ba="0,2" hai="7,10,12,20,25,29,54,58,60,89,93,98,101,103" machi="12" ten="30,12000,1" yaku="1,1,2,1,7,1,8,1,53,1" doraHai="69" doraHaiUra="23" who="0" fromWho="3" sc="240,140,250,0,250,0,240,-120" /><INIT seed="0,1,0,0,1,79" ten="380,250,250,120" oya="0" hai0="2,112,69,124,100,20,77,104,127,107,56,74,88" hai1="63,27,129,26,87,25,14,76,60,5,8,37,83" hai2="1,23,19,49,36,57,53,41,22,66,133,117,95" hai3="35,72,38,81,30,62,42,47,21,48,122,111,4"/><T78/><D69/><U18/><E37/><V102/><F1/><W3/><G111/><T131/><D2/><U110/><E110/><V59/><F133/><W31/><G122/><T89/><D20/><U73/><E129/><V43/><F36/><W101/><G35/><T93/><D56/><U40/><E40/><V70/><F70/><W135/><G135/><T9/><D9/><U105/><E105/><N who="0" m="40521" /><D112/><U130/><E130/><V34/><F34/><W46/><G101/><T65/><D65/><U10/><REACH who="1" step="1"/><E73/><REACH who="1" ten="380,240,250,120" step="2"/><V15/><F117/><W126/><G38/><T118/><D131/><U6/><E6/><V106/><F43/><W128/><G42/><T80/><D118/><U94/><E94/><V109/><F106/><W44/><G72/><T92/><D92/><U7/><E7/><V54/><F41/><W64/><G128/><T97/><D78/><U51/><E51/><V58/><F109/><W61/><G48/><T115/><D115/><U45/><E45/><V85/><F49/><W99/><G47/><T28/><D28/><U55/><E55/><V52/><F66/><W33/><G31/><T134/><D134/><U132/><E132/><V29/><F29/><W16/><G30/><T98/><D98/><U71/><E71/><V119/><F119/><W96/><G99/><T82/><D82/><U17/><E17/><V103/><F95/><W32/><G81/><T120/><D120/><U68/><E68/><V113/><F113/><W24/><G96/><T13/><D13/><AGARI ba="1,1" hai="5,8,10,13,14,18,25,26,27,60,63,76,83,87" machi="13" ten="40,5200,0" yaku="1,1,8,1,52,1,53,0" doraHai="79" doraHaiUra="125" who="1" fromWho="0" sc="380,-55,240,65,250,0,120,0" /><INIT seed="1,0,0,3,5,99" ten="325,305,250,120" oya="1" hai0="104,116,15,19,124,34,100,132,89,26,88,8,3" hai1="84,82,65,54,71,43,90,42,87,98,23,58,95" hai2="130,103,92,4,122,56,33,131,119,45,32,93,0" hai3="39,81,59,96,2,101,66,80,134,117,12,17,27"/><U11/><E71/><V70/><F70/><W74/><G2/><T38/><D38/><U86/><E65/><V108/><F119/><W110/><G39/><T106/><D116/><U63/><E11/><V78/><F122/><W113/><G113/><T67/><D67/><U109/><E109/><V21/><F78/><W53/><G117/><T126/><D3/><U52/><E54/><V64/><F45/><W79/><G110/><T127/><D132/><U28/><E82/><V115/><F92/><W16/><G134/><T49/><D49/><U48/><E48/><V133/><F4/><W97/><G81/><T83/><D83/><U9/><E9/><V14/><F0/><W125/><G66/><T24/><D24/><AGARI ba="0,0" hai="23,24,28,42,43,52,58,63,84,86,87,90,95,98" machi="24" ten="40,3900,0" yaku="8,1,54,1" doraHai="99" who="1" fromWho="0" sc="325,-39,305,39,250,0,120,0" /><INIT seed="1,1,0,3,5,29" ten="286,344,250,120" oya="1" hai0="97,17,129,94,19,10,88,84,67,112,98,124,56" hai1="135,131,1,5,59,76,11,78,81,90,119,53,33" hai2="9,52,127,101,118,60,80,39,122,28,125,87,35" hai3="48,21,34,102,117,83,15,13,7,120,69,91,22"/><U62/><E119/><V85/><F118/><W66/><G117/><T128/><D112/><U79/><E131/><N who="0" m="50249" /><D124/><N who="2" m="47690" /><F39/><W71/><G102/><T3/><D3/><U123/><E123/><V6/><F122/><W115/><G120/><T105/><D10/><U14/><E135/><V73/><F101/><W133/><G48/><T32/><D32/><U89/><E33/><V12/><F73/><W108/><G34/><T86/><D105/><U43/><E43/><V126/><F126/><W82/><G66/><T113/><D113/><U58/><E81/><V64/><F80/><W18/><G115/><T57/><D86/><U103/><E103/><V45/><F64/><W104/><G104/><T46/><D46/><U44/><E44/><V42/><F42/><W55/><G133/><T27/><D67/><N who="1" m="39383" /><E1/><V116/><F116/><W111/><G18/><N who="0" m="6667" /><D27/><U0/><E0/><V106/><F106/><W51/><G51/><AGARI ba="1,0" hai="5,11,14,51,53,59,76,78,79,89,90" m="39383" machi="51" ten="30,1500,0" yaku="8,1" doraHai="29" who="1" fromWho="3" sc="286,0,344,18,250,0,120,-18" /><INIT seed="1,2,0,2,1,108" ten="286,362,250,102" oya="1" hai0="24,10,128,18,13,75,132,100,117,79,120,70,3" hai1="82,81,45,109,27,98,48,12,122,72,135,112,37" hai2="118,85,5,44,53,51,133,50,40,124,110,62,56" hai3="83,64,76,73,113,38,55,61,34,22,67,59,125"/><U1/><E1/><V131/><F118/><W0/><G34/><T16/><D117/><U58/><E37/><V114/><F110/><W119/><G119/><T84/><D75/><U25/><E122/><V30/><F131/><W15/><G0/><T96/><D70/><U63/><E72/><V130/><F130/><W71/><G38/><T66/><D3/><U77/><E135/><V134/><F124/><W121/><G121/><T41/><D128/><U23/><E98/><V74/><F74/><W32/><G32/><T115/><D132/><N who="2" m="50794" /><F5/><W7/><G125/><T97/><D66/><U80/><E77/><V111/><F85/><W105/><G105/><T9/><D41/><U89/><E89/><V54/><F30/><W65/><G71/><T19/><D120/><U88/><E88/><V92/><F92/><W87/><G73/><T14/><D115/><U68/><E112/><V104/><F104/><W52/><G113/><T69/><D69/><U36/><E68/><V123/><F114/><W39/><G39/><T106/><D97/><U90/><E36/><N who="2" m="21511" /><F111/><W11/><REACH who="3" step="1"/><G22/><REACH who="3" ten="286,362,250,92" step="2"/><T20/><D106/><U26/><E23/><V107/><F107/><W93/><G93/><T17/><D20/><U28/><E109/><V46/><F123/><W8/><G8/><T35/><D35/><U116/><E116/><V129/><F129/><W99/><G99/><T127/><D127/><U101/><E81/><V126/><F126/><W31/><G31/><T21/><D21/><U49/><E82/><V29/><F29/><W94/><G94/><N who="0" m="58391" /><D24/><N who="1" m="6147" /><U103/><DORA hai="78" /><E28/><V33/><F33/><RYUUKYOKU ba="2,1" sc="286,10,362,-30,250,10,92,10" hai0="9,10,13,14,16,17,18,19,79,84" hai2="46,50,51,53,54,56,62" hai3="7,11,15,52,55,59,61,64,65,67,76,83,87" /><INIT seed="2,3,1,5,5,119" ten="296,332,260,102" oya="2" hai0="40,13,74,51,21,81,131,106,130,23,72,43,105" hai1="125,104,88,102,89,31,28,112,129,16,29,15,47" hai2="27,80,127,109,123,26,53,122,133,91,120,11,86" hai3="19,134,46,7,39,98,68,92,64,75,45,115,6"/><V33/><F133/><W60/><G75/><T1/><D13/><U83/><E112/><V35/><F127/><W100/><G134/><T9/><D51/><U132/><E129/><N who="0" m="49161" /><D9/><U97/><E125/><V124/><F124/><W30/><G115/><T78/><D1/><U37/><E132/><V90/><F109/><W71/><G71/><T8/><D8/><U54/><E83/><V87/><F11/><W82/><G30/><T17/><D17/><U73/><E73/><N who="0" m="28265" /><D81/><U111/><E111/><V57/><F33/><W95/><G82/><T34/><D34/><U65/><E37/><V49/><REACH who="2" step="1"/><F35/><REACH who="2" ten="296,332,250,102" step="2"/><W96/><G19/><T41/><D78/><U67/><E16/><V32/><F32/><W101/><REACH who="3" step="1"/><G39/><REACH who="3" ten="296,332,250,92" step="2"/><T5/><D5/><AGARI ba="3,3" hai="5,6,7,45,46,60,64,68,92,95,96,98,100,101" machi="5" ten="40,5200,0" yaku="1,1,2,1,9,1,53,0" doraHai="119" doraHaiUra="121" who="3" fromWho="0" sc="296,-61,332,0,250,0,92,91" /><INIT seed="3,0,0,0,1,115" ten="235,332,250,183" oya="3" hai0="107,40,94,130,109,96,127,131,103,48,57,88,71" hai1="42,3,91,106,18,93,72,110,12,44,11,116,45" hai2="98,26,123,19,78,38,55,34,108,46,64,20,49" hai3="99,84,122,86,27,120,14,87,85,6,43,101,33"/><W126/><G126/><T77/><D71/><U5/><E110/><V118/><F118/><W39/><N who="3" m="21504" /><DORA hai="53" /><W62/><G39/><T31/><D77/><U9/><E116/><V119/><F108/><W37/><G37/><T22/><D109/><U25/><E72/><V69/><F119/><W4/><G43/><T100/><D127/><U8/><E106/><V95/><F78/><W114/><G114/><T90/><D107/><U104/><E104/><V112/><F112/><W68/><G14/><T0/><D103/><U92/><E91/><V35/><F123/><W29/><G6/><T36/><D0/><U21/><E9/><V117/><F117/><W134/><G4/><T89/><D36/><U102/><E102/><V80/><F80/><W30/><G30/><T61/><D48/><U10/><E10/><V83/><F83/><W1/><G1/><T52/><REACH who="0" step="1"/><D40/><REACH who="0" ten="225,332,250,183" step="2"/><U125/><E125/><V97/><F38/><W79/><G79/><T16/><D16/><U133/><E18/><V105/><F49/><W76/><G76/><T113/><D113/><U128/><E42/><V13/><F105/><N who="3" m="63679" /><G134/><T60/><D60/><U47/><E133/><V75/><F19/><W82/><G82/><T124/><D124/><U111/><E111/><V2/><F2/><W65/><AGARI ba="0,1" hai="27,29,33,62,65,68,120,122" m="63679,21504" machi="65" ten="40,2100,0" yaku="25,1" doraHai="115,53" who="3" fromWho="3" sc="225,-7,332,-7,250,-7,183,31" /><INIT seed="3,1,0,1,4,35" ten="218,325,243,214" oya="3" hai0="38,66,74,135,117,52,2,10,92,36,96,88,86" hai1="47,14,37,15,6,39,61,77,82,102,4,108,79" hai2="133,72,17,46,118,3,5,134,128,68,33,64,65" hai3="43,113,54,103,26,122,12,60,121,130,62,97,126"/><W85/><G113/><T111/><D74/><U55/><E108/><V44/><F33/><W7/><G130/><T94/><D117/><U78/><E102/><V42/><F72/><W8/><G126/><T29/><D135/><N who="2" m="51722" /><F118/><W129/><G129/><T95/><D111/><U99/><E99/><V131/><F17/><W21/><G43/><T132/><D132/><U57/><E82/><V51/><F44/><W34/><G34/><T120/><D120/><U16/><E15/><V124/><F124/><W63/><G85/><T13/><D29/><U73/><E73/><V93/><F93/><W112/><G54/><T25/><D66/><N who="2" m="25706" /><F68/><W75/><G75/><T115/><D115/><U9/><REACH who="1" step="1"/><E47/><REACH who="1" ten="218,315,243,214" step="2"/><V83/><F83/><W76/><G112/><T31/><D96/><U24/><E24/><V81/><F81/><W11/><G76/><T80/><D80/><U41/><E41/><V104/><F104/><W27/><G27/><T50/><D94/><U70/><E70/><V106/><F106/><W20/><G26/><T59/><D92/><U48/><E48/><V114/><F114/><W49/><G49/><T110/><D110/><U40/><E40/><V109/><F109/><W23/><REACH who="3" step="1"/><G11/><AGARI ba="1,1" hai="3,5,11,42,46,51,128,131" m="25706,51722" machi="11" ten="30,2000,0" yaku="20,1,52,1" doraHai="35" who="2" fromWho="3" sc="218,0,315,0,243,33,214,-23" /><INIT seed="4,0,0,3,4,49" ten="218,315,276,191" oya="0" hai0="15,115,26,125,91,72,81,103,113,31,54,116,108" hai1="60,30,75,9,73,90,42,70,41,93,12,102,112" hai2="119,11,5,57,106,3,14,1,128,32,29,27,19" hai3="98,118,7,107,53,48,114,58,24,62,55,46,110"/><T96/><D116/><U105/><E30/><V4/><F57/><W87/><G110/><T77/><D125/><U133/><E133/><V132/><F106/><W67/><G118/><T92/><D108/><U121/><E121/><V33/><F119/><W109/><G109/><T2/><D2/><N who="2" m="522" /><F132/><W117/><G117/><T86/><D15/><U85/><E112/><V135/><F128/><W129/><G7/><N who="2" m="2633" /><F135/><W50/><G114/><T38/><D54/><U95/><E105/><V104/><F104/><W122/><G129/><T45/><D45/><U76/><E76/><V63/><F63/><W69/><G122/><T123/><D38/><U68/><E75/><V8/><F8/><W23/><G87/><T39/><D39/><U59/><E73/><V134/><F134/><W130/><G130/><T127/><D127/><U120/><E70/><V94/><F94/><W18/><G107/><N who="0" m="63975" /><D123/><U17/><E68/><V52/><F52/><W37/><G37/><T61/><D61/><U13/><E120/><V111/><F111/><W28/><REACH who="3" step="1"/><G28/><REACH who="3" ten="218,315,276,181" step="2"/><T126/><D126/><U74/><E74/><V79/><F79/><W25/><G25/><T124/><D124/><U65/><E13/><V0/><F0/><W36/><G36/><T100/><D115/><U51/><E12/><V10/><F10/><W20/><G20/><AGARI ba="0,1" hai="11,14,19,20,27,29,32,33" m="2633,522" machi="20" ten="30,8000,1" yaku="35,5" doraHai="49" who="2" fromWho="3" sc="218,0,315,0,276,90,181,-80" /><INIT seed="5,0,0,3,2,92" ten="218,315,366,101" oya="1" hai0="101,3,32,133,96,111,94,5,36,57,12,8,80" hai1="118,65,59,27,108,11,75,19,54,116,47,99,1" hai2="115,45,61,83,135,121,76,9,58,50,51,125,105" hai3="15,95,77,86,106,52,42,117,49,98,79,84,6"/><U66/><E75/><V25/><F121/><W2/><G2/><T13/><D111/><U22/><E108/><V124/><F105/><W103/><G117/><T37/><D32/><U123/><E123/><V122/><F122/><W97/><G42/><T132/><D57/><U134/><E134/><N who="0" m="51817" /><D80/><U41/><E118/><V109/><F109/><W34/><G34/><T0/><D13/><U128/><E128/><V38/><F25/><W100/><G6/><T43/><D43/><U40/><E1/><AGARI ba="0,0" hai="0,1,3,5,8,12,36,37,94,96,101" m="51817" machi="1" ten="30,2000,0" yaku="20,1,52,1" doraHai="92" who="0" fromWho="1" sc="218,20,315,-20,366,0,101,0" /><INIT seed="6,0,0,0,1,20" ten="238,295,366,101" oya="2" hai0="87,58,63,66,78,59,32,105,128,7,64,133,99" hai1="77,71,135,81,124,12,70,31,82,34,76,52,9" hai2="69,106,126,108,1,92,57,27,55,36,38,35,119" hai3="88,94,113,18,75,107,125,13,0,109,53,5,72"/><V127/><F69/><W67/><G107/><T104/><D32/><U129/><E129/><V2/><F106/><W83/><G109/><T122/><D122/><U120/><E120/><V4/><F92/><W25/><G25/><T89/><D133/><U3/><E3/><V24/><F119/><W95/><G125/><N who="2" m="47625" /><F35/><W79/><G72/><T132/><D132/><U15/><E135/><V103/><F103/><W117/><G117/><T26/><D7/><U86/><E124/><V49/><F108/><W96/><G113/><T16/><D78/><U74/><E15/><V84/><F84/><W46/><G67/><T101/><D128/><U110/><E110/><V60/><F49/><W90/><G0/><N who="2" m="105" /><F4/><W123/><G123/><T100/><D100/><U37/><E37/><AGARI ba="0,0" hai="24,27,36,37,38,55,57,60" m="105,47625" machi="37" ten="40,7700,0" yaku="18,1,52,2" doraHai="20" who="2" fromWho="1" sc="238,0,295,-77,366,77,101,0" /><INIT seed="6,1,0,2,1,129" ten="238,218,443,101" oya="2" hai0="131,112,60,16,47,51,120,126,89,118,132,82,46" hai1="67,3,27,29,92,71,2,42,22,48,13,8,40" hai2="75,15,76,87,123,94,31,133,81,37,34,74,72" hai3="50,109,23,1,18,7,73,78,65,62,25,52,135"/><V20/><F37/><W119/><G135/><T69/><D132/><U111/><E111/><V17/><F123/><W86/><G109/><T117/><D120/><U38/><E38/><V4/><F133/><W134/><G134/><T35/><D35/><U128/><E128/><V43/><F43/><W58/><G119/><T21/><D131/><U105/><E105/><V68/><F68/><W130/><G130/><T9/><D9/><U33/><E67/><V79/><F94/><W28/><G73/><T95/><D82/><U124/><E71/><V96/><F96/><W116/><G116/><N who="0" m="44651" /><D51/><U102/><E124/><V99/><F99/><W98/><G98/><N who="0" m="57711" /><D112/><U100/><E92/><V6/><F34/><W83/><G1/><T45/><D126/><U101/><E48/><V19/><F31/><W114/><G114/><T12/><D69/><U30/><E30/><V53/><F53/><W80/><G80/><T70/><D70/><U103/><E101/><V57/><F57/><W107/><G107/><T84/><D60/><U106/><E106/><V113/><F76/><W121/><G121/><T66/><D66/><U10/><E10/><V122/><F113/><W32/><G7/><T49/><D49/><U110/><E110/><V24/><F122/><W64/><REACH who="3" step="1"/><G50/><REACH who="3" ten="238,218,443,91" step="2"/><T5/><D5/><N who="1" m="1087" /><E2/><V14/><F6/><W77/><G77/><T63/><D84/><U93/><E93/><V59/><F4/><W36/><G36/><T108/><D108/><U90/><E90/><V0/><F0/><W127/><G127/><T11/><D63/><U85/><E85/><V39/><F87/><RYUUKYOKU ba="1,1" sc="238,10,218,10,443,-30,91,10" hai0="11,12,16,21,45,46,47" hai1="13,22,27,29,33,40,42,100,102,103" hai3="18,23,25,28,32,52,58,62,64,65,78,83,86" /><INIT seed="7,2,1,1,5,52" ten="248,228,413,101" oya="3" hai0="86,72,3,132,14,38,107,23,123,116,20,92,19" hai1="131,93,108,61,17,54,36,65,49,15,4,60,7" hai2="87,122,94,81,41,91,121,75,119,134,62,99,130" hai3="111,8,96,2,115,24,27,83,110,78,11,100,21"/><W73/><G115/><T10/><D72/><U35/><E131/><V42/><F130/><W30/><G27/><T106/><D38/><U125/><E108/><N who="3" m="41514" /><G2/><T43/><D116/><U37/><E125/><V85/><F134/><W118/><G118/><T76/><D123/><N who="2" m="47114" /><F119/><W50/><G50/><T18/><D43/><N who="2" m="16394" /><F62/><W103/><G103/><T98/><D132/><U113/><E113/><V68/><F68/><W67/><G67/><T9/><D3/><U32/><E32/><V70/><F70/><W28/><G28/><T39/><D39/><U101/><E35/><V133/><F133/><W90/><G90/><N who="0" m="55575" /><D107/><AGARI ba="2,1" hai="8,11,21,24,30,73,78,83,96,100,107" m="41514" machi="107" ten="30,1500,0" yaku="10,1" doraHai="52" who="3" fromWho="0" sc="248,-21,228,0,413,0,101,31" /><INIT seed="7,3,0,2,0,108" ten="227,228,413,132" oya="3" hai0="126,8,32,74,24,99,81,42,34,66,117,18,92" hai1="52,89,6,57,90,86,132,13,130,5,22,116,85" hai2="36,111,30,133,88,33,2,4,73,29,114,20,128" hai3="43,44,62,87,65,27,97,38,113,70,72,35,131"/><W79/><G72/><T63/><D117/><U84/><E130/><V119/><RYUUKYOKU type="yao9" ba="3,0" sc="227,0,228,0,413,0,132,0" hai2="2,4,20,29,30,33,36,73,88,111,114,119,128,133" /><INIT seed="7,4,0,5,2,67" ten="227,228,413,132" oya="3" hai0="28,115,1,106,15,20,53,135,131,68,5,128,32" hai1="58,8,99,93,4,36,24,117,105,2,74,109,121" hai2="17,51,113,88,57,100,37,25,116,134,94,41,14" hai3="111,59,42,85,90,81,38,108,16,114,63,126,13"/><W23/><G114/><T77/><D68/><U125/><E109/><N who="3" m="42058" /><G126/><T9/><D115/><U97/><E121/><V69/><F116/><W71/><G71/><T10/><D106/><U6/><E36/><V103/><F69/><W132/><G132/><T48/><D77/><U78/><E125/><V46/><F134/><W133/><G133/><T66/><D66/><U86/><E6/><V118/><F25/><W65/><G42/><T96/><D96/><U50/><E74/><V49/><F37/><AGARI ba="4,0" hai="13,16,23,37,38,59,63,65,81,85,90" m="42058" machi="37" ten="30,2900,0" yaku="10,1,54,1" doraHai="67" who="3" fromWho="2" sc="227,0,228,0,413,-41,132,41" /><INIT seed="7,5,0,2,4,85" ten="227,228,372,173" oya="3" hai0="124,16,45,24,76,13,79,11,57,73,26,9,23" hai1="86,130,118,75,106,120,54,135,95,29,100,4,20" hai2="30,44,66,50,35,84,19,103,127,112,93,48,3" hai3="107,111,89,131,62,32,123,22,98,99,82,109,132"/><W6/><G32/><T49/><D124/><U0/><E75/><V43/><F3/><W71/><G123/><T61/><D73/><U113/><E106/><V59/><F127/><W10/><G131/><T121/><D121/><U21/><E0/><V91/><F112/><W14/><G132/><T65/><D26/><U1/><E1/><V88/><F30/><W105/><G22/><T38/><D38/><U81/><E4/><V114/><F114/><W52/><G105/><T67/><D67/><U40/><E40/><V126/><F126/><W125/><G125/><T122/><D122/><U87/><E118/><V96/><F19/><W94/><G82/><T39/><D39/><U90/><E130/><V56/><F35/><W116/><G116/><T133/><D133/><U72/><E72/><V110/><F110/><N who="3" m="41995" /><G107/><T119/><D119/><U74/><E74/><V46/><F66/><N who="3" m="41431" /><G99/><T33/><D33/><U25/><E81/><V2/><F2/><W83/><G83/><T53/><D9/><U134/><E20/><V27/><F27/><W8/><G8/><T31/><AGARI ba="5,0" hai="11,13,16,23,24,31,45,49,53,57,61,65,76,79" machi="31" ten="20,5200,0" yaku="0,1,7,1,8,1,54,1" doraHai="85" who="0" fromWho="0" sc="227,67,228,-18,372,-18,173,-31" owari="294,9.0,210,-19.0,354,46.0,142,-36.0" /></mjloggm>