<mjloggm ver="2.3"><GO type="169" lobby="0"/><UN n0="%E2%80%A0%E3%81%BE%E3%83%BC%E5%9D%8A%E2%80%A0" n1="%47%E3%83%A8%E9%BE%8D%E9%96%80" n2="%E3%83%88%E3%83%88%E3%83%AA%E5%85%88%E7%94%9F%31%39%E6%AD%B3" n3="%E3%81%93%E3%82%93%E3%81%BA%E3%81%84%E3%81%A8%E3%81%86%E3%81%B5" dan="19,17,18,17" rate="2298.51,2184.47,2296.10,2184.25" sx="M,M,F,F"/><TAIKYOKU oya="0"/><INIT seed="0,0,0,5,4,93" ten="250,250,250,250" oya="0" hai0="86,44,45,7,98,53,23,8,36,41,49,70,130" hai1="20,10,90,12,18,94,111,46,83,27,117,52,58" hai2="59,34,115,128,87,116,40,21,103,48,30,123,97" hai3="134,17,14,81,113,112,71,0,96,76,9,79,88"/><T133/><D130/><U69/><E117/><V77/><F123/><W122/><G122/><T37/><D133/><U24/><E111/><V22/><F115/><W124/><G134/><T129/><D129/><U35/><E69/><V42/><F128/><W108/><G108/><T85/><D70/><U4/><E46/><V114/><F114/><W74/><G71/><T101/><D23/><U43/><E43/><V89/><F77/><W107/><G124/><T63/><D63/><U11/><E83/><V100/><F34/><W135/><G135/><T1/><REACH who="0" step="1"/><D37/><REACH who="0" ten="240,250,250,250" step="2"/><U62/><E35/><V16/><F22/><W92/><G0/><T73/><D73/><U6/><E27/><V55/><F116/><W132/><G132/><T105/><AGARI ba="0,1" hai="1,7,8,36,41,44,45,49,53,85,86,98,101,105" machi="105" ten="20,7800,0" yaku="1,1,0,1,7,1,52,1,53,0" doraHai="93" doraHaiUra="65" who="0" fromWho="0" sc="240,88,250,-26,250,-26,250,-26" /><INIT seed="0,1,0,3,1,52" ten="328,224,224,224" oya="0" hai0="13,34,33,58,20,5,114,19,60,131,115,83,82" hai1="102,3,7,24,72,91,97,67,55,88,111,53,109" hai2="65,40,106,14,66,26,124,16,77,64,108,107,25" hai3="118,126,37,8,117,31,50,127,38,81,44,75,15"/><T135/><D131/><U94/><E72/><V134/><F108/><N who="1" m="41545" /><E67/><V87/><F134/><W22/><G31/><T49/><D135/><U93/><E24/><V10/><F124/><N who="3" m="47659" /><G22/><T73/><D82/><U78/><E78/><V130/><F130/><W0/><G0/><T133/><D133/><U70/><E70/><V59/><F40/><N who="3" m="24839" /><G81/><T79/><D49/><U76/><E76/><V92/><F107/><W45/><G75/><T23/><D5/><U69/><E69/><V104/><F104/><W28/><G28/><T96/><D96/><N who="1" m="57407" /><E102/><V2/><F2/><W61/><G61/><T32/><REACH who="0" step="1"/><D23/><REACH who="0" ten="318,224,224,224" step="2"/><U122/><E122/><V84/><F77/><W42/><G38/><T63/><D63/><U101/><E101/><V12/><F10/><AGARI ba="1,1" hai="3,7,10,53,55,88,94,97" m="57407,41545" machi="10" ten="30,2000,0" yaku="14,1,54,1" doraHai="52" who="1" fromWho="2" sc="318,0,224,33,224,-23,224,0" /><INIT seed="1,0,0,3,4,26" ten="318,257,201,224" oya="1" hai0="134,63,78,64,49,95,24,100,124,79,71,75,32" hai1="44,108,45,36,41,52,81,91,6,7,57,46,115" hai2="19,96,43,89,70,88,3,86,39,4,117,47,74" hai3="30,18,105,12,125,119,111,69,25,2,54,53,90"/><U20/><E115/><V106/><F117/><W80/><G105/><T129/><D75/><U99/><E108/><V62/><F74/><W31/><G69/><T17/><D129/><U76/><E36/><V107/><F3/><W73/><G2/><T55/><D124/><U132/><E41/><V60/><F4/><W110/><G125/><T59/><D134/><U131/><E131/><V29/><F19/><W37/><G37/><T114/><D114/><U101/><E132/><V38/><F70/><W67/><G67/><T65/><D65/><U5/><E91/><V118/><F118/><W87/><G73/><T14/><D100/><U28/><E81/><V33/><F86/><W9/><G119/><T1/><D95/><U27/><E76/><V68/><F39/><W51/><G25/><T92/><D92/><N who="1" m="58599" /><E5/><V58/><F68/><W97/><G97/><T135/><D1/><U11/><E11/><V113/><F113/><W133/><G133/><T82/><D82/><U93/><E93/><N who="2" m="56359" /><F89/><W85/><G85/><T72/><D135/><U102/><E102/><V84/><F84/><W61/><G61/><AGARI ba="0,0" hai="6,7,20,27,28,44,45,46,52,57,61" m="58599" machi="61" ten="30,5800,0" yaku="8,1,52,1,54,1" doraHai="26" who="1" fromWho="3" sc="318,0,257,58,201,0,224,-58" /><INIT seed="1,1,0,1,2,130" ten="318,315,201,166" oya="1" hai0="90,58,31,125,52,86,113,45,32,61,50,124,134" hai1="0,56,119,37,117,104,69,79,131,6,106,123,129" hai2="100,93,89,95,78,60,91,96,132,114,64,133,54" hai3="1,25,33,72,26,15,14,22,92,85,38,62,126"/><U67/><E0/><V110/><F110/><W42/><G72/><T105/><D105/><U13/><E6/><V75/><F114/><W7/><G126/><T118/><D113/><U53/><E13/><V40/><F40/><W57/><G33/><T2/><D2/><U35/><E35/><V8/><F54/><W27/><G1/><T46/><D118/><U10/><E10/><V19/><F78/><W127/><G127/><N who="0" m="48715" /><D134/><N who="2" m="51818" /><F75/><W121/><G121/><T55/><D31/><U66/><E79/><V11/><F19/><W81/><G92/><N who="0" m="54359" /><D32/><U34/><E53/><V23/><F23/><W36/><G22/><T18/><D18/><U80/><E34/><V107/><F107/><W88/><G42/><T4/><D4/><U99/><E123/><V70/><F100/><W63/><G63/><T49/><D61/><U101/><E101/><V112/><F112/><W120/><G120/><T44/><AGARI ba="1,0" hai="44,45,46,49,50,52,55,58" m="54359,48715" machi="44" ten="30,2000,0" yaku="18,1,54,1" doraHai="130" who="0" fromWho="0" sc="318,23,315,-11,201,-6,166,-6" /><INIT seed="2,0,0,5,3,7" ten="341,304,195,160" oya="2" hai0="75,54,106,59,112,21,56,64,91,61,51,111,117" hai1="124,88,126,52,8,16,94,13,122,87,97,115,100" hai2="135,35,46,67,17,99,70,23,129,105,62,5,114" hai3="9,107,86,19,0,131,58,116,92,4,34,60,11"/><V50/><F114/><W108/><G107/><T89/><D112/><U43/><E115/><V37/><F37/><W1/><G116/><T80/><D111/><U123/><E43/><V132/><F35/><W6/><G108/><T90/><D106/><N who="1" m="63759" /><E52/><N who="2" m="29783" /><F129/><W82/><G34/><T47/><D117/><U102/><E102/><V130/><F130/><W63/><G131/><T25/><D75/><U36/><E36/><V96/><F105/><W40/><G40/><T18/><REACH who="0" step="1"/><D80/><REACH who="0" ten="331,304,195,160" step="2"/><U95/><E95/><V113/><F113/><W41/><G92/><T69/><AGARI ba="0,1" hai="18,21,25,47,51,54,56,59,61,64,69,89,90,91" machi="69" ten="30,7900,0" yaku="1,1,2,1,0,1,53,1" doraHai="7" doraHaiUra="15" who="0" fromWho="0" sc="331,89,304,-20,195,-39,160,-20" /><INIT seed="3,0,0,0,3,99" ten="420,284,156,140" oya="3" hai0="4,5,20,15,129,54,109,18,42,47,56,57,134" hai1="118,26,60,126,43,32,53,98,130,24,122,59,55" hai2="61,117,23,112,52,106,74,31,70,14,89,6,102" hai3="110,21,8,58,116,95,27,97,1,123,100,91,39"/><W82/><G123/><T25/><D109/><U9/><E122/><V115/><F117/><W121/><G121/><T105/><D105/><U96/><E118/><V83/><F70/><W108/><G116/><T22/><D129/><U80/><E130/><V49/><F61/><W124/><G39/><T72/><D72/><U63/><E126/><V85/><F74/><W76/><G124/><T67/><D67/><U68/><E43/><V90/><F90/><W51/><G1/><T133/><D47/><U132/><E132/><N who="0" m="50793" /><D42/><U79/><E9/><V125/><F125/><W77/><G8/><T37/><D37/><U38/><E38/><V69/><F69/><W65/><G91/><T46/><D46/><U50/><E32/><V75/><F75/><W120/><G120/><T41/><D41/><U128/><E128/><V84/><F84/><N who="3" m="48199" /><G77/><T35/><D35/><U11/><E11/><V135/><F135/><W88/><G110/><T113/><D113/><U30/><E30/><V73/><F73/><W10/><G10/><T119/><D119/><U33/><E33/><V92/><F106/><W114/><G114/><T17/><D4/><U16/><E68/><V19/><F6/><W81/><G108/><T71/><D5/><U104/><E104/><V131/><F131/><W36/><G36/><T34/><D34/><U0/><E0/><V2/><F2/><W86/><G65/><T40/><D71/><U62/><E55/><V3/><F3/><W44/><G58/><N who="0" m="22635" /><D54/><U94/><E53/><V103/><F112/><W7/><G7/><T87/><D40/><U107/><E62/><RYUUKYOKU ba="0,0" sc="420,30,284,-10,156,-10,140,-10" hai0="15,17,18,20,22,25,87" /><INIT seed="4,1,0,0,0,74" ten="450,274,146,130" oya="0" hai0="24,31,38,79,84,120,21,85,128,34,81,61,124" hai1="28,30,105,109,54,114,64,46,14,90,99,71,40" hai2="44,6,62,82,53,123,42,93,73,92,2,8,102" hai3="127,20,118,9,22,121,33,48,87,130,5,60,113"/><T15/><D120/><U110/><E114/><V4/><F123/><W125/><G121/><T52/><D38/><U26/><E30/><V66/><F53/><W57/><G118/><T70/><D128/><U37/><E14/><V63/><F4/><W94/><G33/><T80/><D124/><N who="3" m="47689" /><G113/><T47/><D70/><U32/><E54/><V112/><F112/><W7/><G48/><T103/><D103/><N who="1" m="62719" /><E90/><V13/><F13/><N who="3" m="5295" /><G7/><T36/><D36/><U0/><E0/><V67/><F62/><AGARI ba="1,0" hai="26,28,32,37,40,46,62,64,71,109,110" m="62719" machi="62" ten="30,2000,0" yaku="25,1,23,1" doraHai="74" who="1" fromWho="2" sc="450,0,274,23,146,-23,130,0" /><INIT seed="5,0,0,5,1,70" ten="450,297,123,130" oya="1" hai0="0,4,63,54,122,18,33,27,48,66,81,75,77" hai1="89,23,103,73,108,28,12,44,52,113,96,8,120" hai2="126,99,30,9,90,97,109,118,58,47,14,56,115" hai3="74,134,127,5,60,67,7,107,82,22,65,17,6"/><U16/><E120/><V45/><F118/><W53/><G107/><T91/><D4/><U46/><E113/><V95/><F109/><W93/><G134/><T78/><D0/><U39/><E73/><V29/><F126/><W110/><G110/><T20/><D33/><U102/><E108/><V114/><F14/><W100/><G127/><T105/><D105/><U57/><E89/><V101/><F9/><W71/><G74/><T49/><D122/><U130/><E130/><V125/><F125/><W11/><G82/><T87/><D75/><U62/><E39/><V128/><F128/><W116/><G116/><T79/><REACH who="0" step="1"/><D54/><REACH who="0" ten="440,297,123,130" step="2"/><U38/><E38/><V112/><F29/><W106/><G53/><T124/><D124/><U88/><E44/><N who="2" m="16971" /><F30/><W135/><G106/><AGARI ba="0,1" hai="56,58,90,95,97,99,101,106,112,114,115" m="16971" machi="106" ten="30,2000,0" yaku="15,1,11,1" doraHai="70" who="2" fromWho="3" sc="440,0,297,0,123,30,130,-20" /><INIT seed="6,0,0,4,4,128" ten="440,297,153,110" oya="2" hai0="92,114,53,112,135,17,41,28,94,79,15,0,130" hai1="64,86,111,57,59,119,76,97,55,87,118,84,3" hai2="20,14,71,106,11,19,65,4,75,2,49,72,22" hai3="21,105,121,68,16,88,81,90,5,98,109,132,126"/><V25/><F106/><W95/><G121/><T58/><D0/><U24/><E111/><V38/><F38/><W116/><G109/><T34/><D79/><U43/><E3/><V31/><F71/><W66/><G116/><T129/><D41/><U18/><E43/><V36/><F36/><W117/><G117/><T115/><D135/><U133/><E133/><V82/><F65/><W33/><G132/><T99/><D28/><U113/><E113/><V13/><F49/><W10/><G33/><T23/><D34/><U52/><E76/><V80/><REACH who="2" step="1"/><F2/><REACH who="2" ten="440,297,143,110" step="2"/><W78/><G105/><T39/><D39/><U35/><E118/><V26/><F26/><W61/><G126/><T103/><D129/><U127/><E119/><V27/><F27/><W46/><G46/><T67/><D67/><U77/><E64/><V122/><F122/><W104/><G104/><N who="0" m="63615" /><D130/><U89/><E127/><V125/><F125/><W91/><G5/><T47/><D47/><U1/><E1/><V134/><F134/><W63/><G63/><AGARI ba="0,1" hai="15,17,23,53,58,63,92,94,112,114,115" m="63615" machi="63" ten="30,1000,0" yaku="15,1" doraHai="128" who="0" fromWho="3" sc="440,20,297,0,143,0,110,-10" /><INIT seed="7,0,0,5,3,62" ten="460,297,143,100" oya="3" hai0="85,87,5,38,27,37,65,124,79,73,60,18,63" hai1="102,6,29,64,128,132,25,32,75,69,23,96,70" hai2="11,28,35,118,21,123,113,130,86,10,117,120,26" hai3="61,1,111,125,67,3,52,45,127,112,42,16,47"/><W4/><G112/><T53/><D5/><U129/><E132/><V94/><F113/><W101/><G111/><T56/><D73/><U78/><E6/><V55/><F55/><W34/><G34/><T97/><D38/><U121/><E121/><N who="2" m="46667" /><F130/><N who="1" m="50281" /><E64/><V106/><F106/><W22/><G101/><T15/><D79/><U33/><E78/><V0/><F0/><W99/><G99/><T133/><D56/><U92/><E75/><V95/><F21/><W105/><G105/><T103/><D63/><U93/><E93/><N who="2" m="35339" /><F86/><W74/><G74/><T14/><D37/><U135/><E135/><V13/><F10/><W40/><G52/><T115/><D18/><AGARI ba="0,0" hai="11,13,18,26,28,35,117,118" m="35339,46667" machi="18" ten="30,1000,0" yaku="13,1" doraHai="62" who="2" fromWho="0" sc="460,-10,297,0,143,10,100,0" owari="450,55.0,297,10.0,153,-25.0,100,-40.0" /></mjloggm>