<mjloggm ver="2.3"><GO type="169" lobby="0"/><UN n0="%E6%A4%8D%E9%87%8E" n1="%4A%61%6E%2D%4D%61%63%68" n2="%E3%82%A6%E3%83%AB%E3%83%88%E3%83%A9%E7%AB%8B%E7%9B%B4" n3="%67%6F%75%73%69" dan="18,18,17,17" rate="2269.05,2272.55,2194.80,2193.31" sx="M,M,M,M"/><TAIKYOKU oya="0"/><INIT seed="0,0,0,4,3,15" ten="250,250,250,250" oya="0" hai0="95,114,128,67,77,71,9,87,85,121,1,42,11" hai1="126,81,94,124,96,92,34,97,40,48,10,61,49" hai2="79,84,4,30,29,24,118,127,36,89,26,113,23" hai3="65,19,12,43,66,110,13,125,60,86,6,107,78"/><T17/><D114/><U102/><E34/><V3/><F36/><W7/><G107/><T117/><D117/><U45/><E61/><V27/><F79/><W83/><G110/><T32/><D32/><U76/><E10/><V129/><F113/><W28/><G125/><T130/><D121/><U51/><E126/><V68/><F68/><W101/><G101/><T72/><D72/><U73/><REACH who="1" step="1"/><E124/><REACH who="1" ten="250,240,250,250" step="2"/><V58/><F127/><W106/><G60/><T122/><D11/><U111/><E111/><V75/><F118/><W44/><G106/><T69/><D9/><U74/><E74/><V0/><F75/><W20/><G6/><T62/><D62/><U8/><E8/><V131/><F4/><W16/><G7/><T50/><D1/><U105/><E105/><V104/><F104/><W82/><G28/><T133/><D122/><U35/><E35/><V59/><F0/><W25/><G25/><T46/><D130/><U53/><E53/><V52/><F52/><W100/><G66/><T134/><D128/><N who="2" m="49226" /><F3/><W31/><G65/><T115/><D67/><U41/><E41/><V120/><F120/><W18/><G31/><N who="2" m="11785" /><F23/><W22/><G22/><T116/><D42/><U21/><E21/><V123/><F123/><W112/><G112/><T39/><D116/><U80/><E80/><AGARI ba="0,1" hai="24,26,27,58,59,80,84,89" m="11785,49226" machi="80" ten="30,1000,0" yaku="19,1" doraHai="15" who="2" fromWho="1" sc="250,0,240,-10,250,20,250,0" /><INIT seed="1,0,0,5,1,68" ten="250,230,270,250" oya="1" hai0="70,110,22,97,63,124,12,84,66,1,8,36,38" hai1="122,90,20,55,19,60,117,29,118,61,120,5,11" hai2="71,108,99,131,3,45,25,107,37,81,83,73,96" hai3="18,126,82,106,123,30,6,125,79,64,116,87,42"/><U80/><E80/><V54/><F54/><W130/><G106/><T127/><D110/><U102/><E102/><V41/><F96/><W105/><G105/><T75/><D75/><U114/><E90/><V85/><F85/><W53/><G123/><T44/><D97/><U40/><E40/><V65/><F83/><W100/><G100/><T128/><D128/><U113/><E55/><V76/><F25/><W67/><G130/><T4/><D84/><U9/><E29/><V26/><F26/><W24/><G116/><N who="1" m="44650" /><E60/><N who="2" m="40359" /><F131/><W14/><G42/><T93/><D93/><U88/><E61/><V59/><F59/><W2/><G2/><T134/><D44/><U47/><E88/><V133/><F3/><W50/><G6/><T46/><D46/><U28/><E47/><V57/><F57/><W32/><G53/><T94/><D94/><U33/><E28/><V7/><F7/><W39/><G50/><T69/><D69/><U129/><E33/><V95/><F95/><W101/><G101/><T23/><D23/><U119/><N who="1" m="44658" /><U49/><DORA hai="17" /><E49/><V62/><F62/><W52/><G52/><T78/><D1/><N who="1" m="175" /><E11/><V92/><F92/><W135/><G67/><T48/><D48/><U56/><E56/><V58/><F58/><W104/><G64/><T13/><D70/><U115/><E129/><V89/><F89/><W74/><G104/><T0/><D66/><U98/><E98/><V10/><F99/><W31/><G31/><T103/><D63/><U43/><E43/><V21/><F107/><W27/><G30/><T16/><D103/><U34/><E34/><RYUUKYOKU ba="0,0" sc="250,-10,230,30,270,-10,250,-10" hai1="19,20,113,114,115,120,122" /><INIT seed="1,1,0,1,1,8" ten="240,260,260,240" oya="1" hai0="57,83,68,64,38,74,16,1,14,67,30,51,77" hai1="40,94,97,117,92,41,114,101,132,12,6,90,91" hai2="104,121,109,65,47,85,100,20,106,133,135,124,13" hai3="48,61,102,99,72,11,95,71,29,37,24,87,26"/><U130/><E117/><V82/><F65/><W56/><G37/><T84/><D1/><U86/><E114/><V2/><F2/><W103/><G72/><T60/><D38/><U43/><E132/><V15/><F121/><W44/><G71/><T31/><D74/><U62/><E130/><V123/><F123/><W66/><G87/><T122/><D122/><U52/><E101/><V93/><F47/><W42/><G102/><T10/><REACH who="0" step="1"/><D51/><REACH who="0" ten="230,260,260,240" step="2"/><U0/><E0/><V126/><F135/><W63/><G63/><AGARI ba="1,1" hai="10,14,16,30,31,57,60,63,64,67,68,77,83,84" machi="63" ten="40,8000,1" yaku="1,1,2,1,52,1,54,1,53,0" doraHai="8" doraHaiUra="28" who="0" fromWho="3" sc="230,93,260,0,260,0,240,-83" /><INIT seed="2,0,0,2,1,87" ten="323,260,260,157" oya="2" hai0="79,70,30,124,20,45,66,15,42,103,128,102,121" hai1="52,110,91,57,113,115,133,118,39,11,85,134,6" hai2="26,7,5,93,95,40,16,41,8,71,46,127,94" hai3="74,23,77,96,62,112,33,107,114,98,76,88,104"/><V47/><F71/><W1/><G23/><T90/><D121/><U120/><E39/><V135/><F127/><W67/><G33/><T108/><D108/><U116/><E110/><V64/><F64/><W37/><G1/><T56/><D70/><U60/><E120/><V10/><F135/><N who="1" m="51721" /><E115/><N who="3" m="44074" /><G37/><T119/><D128/><U69/><E69/><V63/><F63/><W0/><G0/><T49/><D124/><U9/><E113/><V31/><F16/><W123/><G123/><T28/><D79/><N who="3" m="30281" /><G74/><T44/><D30/><U13/><E11/><N who="2" m="4139" /><F26/><W32/><G32/><T65/><D28/><U72/><E72/><V12/><F12/><W43/><G43/><N who="2" m="16457" /><F31/><W73/><G73/><T34/><D15/><U54/><E54/><V19/><F19/><W84/><G62/><T78/><D42/><U129/><E129/><V48/><F48/><W111/><G67/><T38/><D66/><U106/><E6/><AGARI ba="0,0" hai="5,6,7,46,47,93,94,95" m="16457,4139" machi="6" ten="30,5800,0" yaku="28,2,8,1" doraHai="87" who="2" fromWho="1" sc="323,0,260,-58,260,58,157,0" /><INIT seed="2,1,0,0,2,76" ten="323,202,318,157" oya="2" hai0="99,82,104,126,105,41,96,103,100,107,121,78,31" hai1="134,22,62,71,91,120,64,130,11,58,124,60,17" hai2="133,36,123,95,74,0,15,16,125,45,97,89,24" hai3="43,9,27,114,68,92,129,115,132,67,37,75,79"/><V47/><F0/><W34/><G92/><T52/><D41/><U29/><E120/><V35/><F123/><W122/><G122/><T117/><D121/><U109/><E134/><V39/><F133/><W69/><G132/><T88/><D31/><U12/><E130/><V23/><F74/><W33/><G9/><T59/><D126/><U83/><E124/><V116/><F116/><W87/><G87/><T49/><D88/><U86/><E109/><V50/><F125/><W127/><G127/><T80/><D117/><U20/><REACH who="1" step="1"/><E29/><REACH who="1" ten="323,192,318,157" step="2"/><V2/><F2/><W6/><G129/><T108/><D108/><U10/><E10/><V21/><F35/><W3/><G34/><T93/><REACH who="0" step="1"/><D82/><REACH who="0" ten="313,192,318,157" step="2"/><U55/><AGARI ba="1,2" hai="11,12,17,20,22,55,58,60,62,64,71,83,86,91" machi="55" ten="20,5200,0" yaku="1,1,0,1,7,1,52,1,53,0" doraHai="76" doraHaiUra="113" who="1" fromWho="1" sc="313,-14,192,75,318,-27,157,-14" /><INIT seed="3,0,0,0,4,106" ten="299,267,291,143" oya="3" hai0="43,46,26,84,107,134,79,59,129,63,122,102,7" hai1="87,100,41,61,91,55,124,57,118,51,85,23,4" hai2="37,86,135,5,35,99,54,126,67,77,117,103,47" hai3="94,29,17,114,18,22,3,8,133,68,9,6,72"/><W56/><G68/><T80/><D122/><U123/><E123/><V16/><F35/><W125/><G114/><T42/><D134/><U45/><E124/><V116/><F67/><W13/><G125/><T76/><D129/><U93/><E118/><V132/><F5/><W75/><G133/><T96/><D7/><U53/><E100/><V69/><F69/><W89/><G56/><T44/><D26/><U25/><E4/><V33/><F47/><W38/><G29/><T58/><D79/><U82/><E82/><V120/><F33/><W71/><G38/><T127/><D127/><U1/><E1/><V52/><F37/><W48/><G48/><T119/><D119/><U24/><E24/><V97/><F103/><W39/><G39/><T40/><REACH who="0" step="1"/><D59/><REACH who="0" ten="289,267,291,143" step="2"/><U11/><E11/><V31/><F120/><W60/><G71/><T78/><D78/><U105/><E105/><V83/><F77/><W20/><G60/><T10/><D10/><U101/><E61/><V113/><F126/><W19/><G9/><T49/><D49/><U0/><E57/><V36/><F135/><W112/><G112/><T121/><D121/><U2/><E2/><V62/><F62/><W64/><G64/><AGARI ba="0,1" hai="40,42,43,44,46,58,63,64,76,80,84,96,102,107" machi="64" ten="40,2600,0" yaku="1,1,53,1" doraHai="106" doraHaiUra="74" who="0" fromWho="3" sc="289,36,267,0,291,0,143,-26" /><INIT seed="4,0,0,0,0,24" ten="325,267,291,117" oya="0" hai0="135,39,116,33,34,56,44,79,125,54,22,3,109" hai1="2,1,83,58,67,19,104,72,43,10,108,129,82" hai2="80,68,75,28,86,14,132,71,26,49,89,37,4" hai3="127,61,122,12,69,8,7,93,124,57,121,17,134"/><T50/><D116/><U91/><E104/><V87/><F37/><W133/><G69/><T120/><D120/><N who="3" m="46185" /><G57/><T27/><D3/><U115/><E108/><V113/><F75/><W90/><G61/><T76/><D109/><U128/><E43/><V29/><F113/><W52/><G90/><T99/><D125/><N who="3" m="48201" /><G93/><T77/><D135/><N who="3" m="51721" /><G52/><T18/><D39/><U117/><E91/><V11/><F49/><W36/><G36/><T84/><D84/><U60/><E72/><V101/><F87/><W13/><G13/><T94/><D44/><U103/><E1/><V105/><F132/><W31/><G31/><T21/><D94/><U15/><E2/><V123/><F29/><W119/><G119/><T95/><D95/><U30/><E117/><V38/><F38/><W81/><G81/><T85/><D85/><U55/><E55/><V88/><F89/><W6/><AGARI ba="0,0" hai="6,7,8,12,17" m="51721,48201,46185" machi="6" ten="40,8000,1" yaku="13,1,18,1,20,1,34,2" doraHai="24" who="3" fromWho="3" sc="325,-40,267,-20,291,-20,117,80" /><INIT seed="5,0,0,1,1,107" ten="285,247,271,197" oya="1" hai0="56,40,21,3,114,86,59,132,91,34,129,54,63" hai1="79,26,28,51,49,115,133,30,48,97,55,62,65" hai2="2,1,38,23,125,75,15,105,92,66,94,7,13" hai3="61,108,101,50,22,24,12,116,41,119,90,88,96"/><U98/><E133/><V123/><F66/><W112/><G108/><T25/><D3/><U102/><E115/><V8/><F105/><W111/><G111/><T42/><D114/><U73/><E30/><V103/><F38/><W60/><G112/><T29/><D129/><U19/><E19/><V104/><F75/><W76/><G12/><T93/><D132/><U27/><E27/><V74/><F74/><W106/><G76/><T67/><D34/><U64/><E55/><V135/><F94/><W118/><G50/><AGARI ba="0,0" hai="21,25,29,40,42,50,54,56,59,63,67,86,91,93" machi="50" ten="30,2000,0" yaku="7,1,8,1" doraHai="107" who="0" fromWho="3" sc="285,20,247,0,271,0,197,-20" /><INIT seed="6,0,0,0,1,99" ten="305,247,271,177" oya="2" hai0="134,27,4,47,39,125,0,88,81,51,6,117,116" hai1="132,25,59,120,72,67,84,68,5,119,131,69,96" hai2="127,49,14,63,135,106,94,104,65,24,129,20,89" hai3="15,29,48,60,115,71,43,17,33,111,83,79,37"/><V128/><F49/><W78/><G111/><T66/><D39/><U2/><E72/><V44/><F14/><W10/><G37/><T9/><D6/><U74/><E74/><V31/><F44/><W109/><G109/><T42/><D134/><U34/><E119/><V73/><F73/><W22/><G115/><T114/><D125/><U45/><E45/><V90/><F90/><W91/><G33/><T76/><D66/><U28/><E84/><V57/><F135/><W102/><G71/><T105/><D105/><U53/><E131/><N who="2" m="50251" /><F127/><W110/><G60/><T77/><D114/><U11/><E120/><V32/><F32/><W75/><G110/><T85/><D27/><U98/><E132/><V21/><F21/><W130/><G130/><T93/><REACH who="0" step="1"/><D77/><REACH who="0" ten="295,247,271,177" step="2"/><U118/><E67/><V70/><F70/><W121/><G79/><T107/><D107/><U35/><E69/><V61/><F61/><W50/><G78/><T56/><D56/><U80/><E68/><V100/><F106/><W87/><G121/><T38/><D38/><U126/><E126/><V18/><F104/><W122/><G122/><T16/><D16/><U7/><E7/><V124/><F18/><W23/><G29/><T41/><D41/><U103/><E5/><V123/><F124/><W30/><G30/><T52/><D52/><U82/><E53/><V108/><F123/><W112/><G112/><T46/><D46/><U97/><E28/><V8/><F108/><W26/><G43/><T133/><D133/><U3/><E59/><V19/><F31/><W113/><G113/><T36/><D36/><RYUUKYOKU ba="0,1" sc="295,30,247,-10,271,-10,177,-10" hai0="0,4,9,42,47,51,76,81,85,88,93,116,117" /><INIT seed="7,1,1,3,2,56" ten="325,237,261,167" oya="3" hai0="98,108,12,113,91,126,130,26,1,38,58,118,110" hai1="133,24,0,119,16,101,88,111,135,41,72,106,115" hai2="90,103,20,6,9,70,102,116,127,84,49,99,117" hai3="125,25,123,33,48,46,109,120,57,67,92,53,105"/><W124/><G105/><T15/><D1/><U19/><E111/><V114/><F70/><W8/><G8/><T36/><D118/><U35/><E119/><V100/><F99/><W29/><G109/><T2/><D2/><U66/><E72/><V55/><F20/><W85/><G85/><T87/><D98/><N who="1" m="61751" /><E41/><V69/><F69/><W94/><G94/><T61/><D61/><U13/><E0/><V7/><F114/><W45/><G92/><T51/><D26/><U18/><E88/><V104/><F127/><N who="3" m="48715" /><G67/><T86/><D86/><U81/><E81/><V44/><F104/><W60/><G48/><T52/><D113/><U28/><E115/><V68/><F117/><W93/><G93/><T129/><D126/><U83/><E83/><V14/><F116/><W47/><AGARI ba="1,1" hai="25,29,33,45,46,47,53,57,60,120,123" m="48715" machi="47" ten="30,3000,0" yaku="18,1,52,1" doraHai="56" who="3" fromWho="3" sc="325,-11,237,-11,261,-11,167,43" /><INIT seed="7,2,0,1,4,28" ten="314,226,250,210" oya="3" hai0="126,113,79,77,70,46,124,18,29,21,108,50,85" hai1="91,130,98,107,34,101,32,13,65,112,3,96,52" hai2="1,12,7,95,127,57,111,97,105,49,76,62,23" hai3="75,15,133,128,120,83,90,72,86,93,47,44,16"/><W132/><G120/><T87/><D108/><U131/><E3/><V80/><F105/><W36/><G128/><N who="1" m="49194" /><E112/><V100/><F49/><W61/><G61/><T123/><D29/><U19/><E65/><V64/><F127/><W89/><G72/><T43/><D70/><U22/><E52/><V41/><F41/><W117/><G117/><T4/><D123/><U110/><E110/><V9/><F111/><W134/><G36/><T35/><D113/><U81/><E81/><V104/><F23/><N who="3" m="11679" /><G75/><T121/><D121/><U10/><E10/><V17/><F1/><W8/><G8/><T73/><D73/><U54/><E54/><V116/><F116/><W27/><G27/><T118/><D118/><U24/><E24/><V63/><F63/><W25/><G25/><T66/><D43/><U114/><E114/><V26/><F26/><W58/><G58/><T60/><D60/><U67/><E67/><V42/><F42/><W103/><G103/><T2/><D66/><U78/><E78/><V135/><F57/><W45/><G44/><T122/><D122/><U55/><E55/><V11/><F62/><W88/><G89/><T56/><D56/><U59/><E59/><V84/><F64/><W40/><G40/><T6/><D46/><U109/><E109/><V119/><F119/><W5/><G5/><T69/><D6/><U68/><E68/><V51/><F9/><W92/><G83/><T115/><D115/><U99/><E91/><N who="2" m="53735" /><F7/><W74/><G74/><T33/><D69/><U53/><E53/><V39/><F39/><W102/><G102/><T106/><D4/><RYUUKYOKU ba="2,0" sc="314,-15,226,15,250,-15,210,15" hai1="13,19,22,32,34,96,98,99,101,107" hai3="45,47,86,88,90,92,93,132,133,134" /><INIT seed="7,3,0,2,4,95" ten="299,241,235,225" oya="3" hai0="112,35,14,46,68,12,77,54,83,67,103,126,89" hai1="86,38,33,48,108,40,55,26,124,51,129,7,65" hai2="87,25,45,93,44,111,79,61,110,20,53,106,121" hai3="62,5,19,75,13,0,8,10,11,135,118,85,66"/><W16/><G135/><T50/><D35/><U90/><E108/><V113/><F106/><W104/><G118/><T119/><D119/><U4/><E38/><V107/><F107/><W125/><G125/><T78/><D68/><U109/><E109/><V96/><F113/><W34/><G104/><T133/><D103/><U52/><E65/><V56/><F121/><W100/><G75/><T64/><D126/><U6/><E129/><V57/><F57/><W81/><G100/><T15/><D133/><U29/><E124/><V36/><F36/><W127/><G34/><T94/><D112/><U128/><E128/><V80/><F111/><W1/><G127/><T132/><D83/><U59/><E40/><V76/><F76/><N who="0" m="29290" /><D132/><U42/><E42/><V24/><F110/><W116/><G116/><T99/><AGARI ba="3,0" hai="12,14,15,46,50,54,64,67,89,94,99" m="29290" machi="99" ten="30,2000,0" yaku="8,1,52,1" doraHai="95" who="0" fromWho="0" sc="299,29,241,-8,235,-8,225,-13" owari="328,43.0,233,3.0,227,-17.0,212,-29.0" /></mjloggm>