<mjloggm ver="2.3"><GO type="169" lobby="0"/><UN n0="%47%E9%9B%80" n1="%E7%A5%9E%E7%AE%97%E9%AC%BC%E8%AC%80%E3%81%AE%E6%A5%B5%E3%81%BF" n2="%E5%85%AD%E7%95%AA%E7%9B%AE%E3%81%AE%E3%82%B7%E3%82%B9%E3%82%AB" n3="%E5%B0%B1%E6%B4%BB%E7%94%9F%40%E5%B7%9D%E6%9D%91%E8%BB%8D%E5%9B%A3" dan="16,17,16,19" rate="2189.52,2110.04,2053.33,2322.75" sx="M,M,M,M"/><TAIKYOKU oya="0"/><INIT seed="0,0,0,3,1,99" ten="250,250,250,250" oya="0" hai0="86,135,16,12,71,117,67,75,63,14,94,92,18" hai1="105,77,25,84,60,36,61,9,109,73,113,19,31" hai2="88,72,20,27,126,8,44,41,101,43,87,132,133" hai3="115,23,49,28,62,119,80,114,130,97,106,121,89"/><T56/><D56/><U50/><E109/><V81/><F126/><W35/><G35/><T1/><D1/><U34/><E36/><V131/><F131/><W51/><G119/><T57/><D57/><U30/><E73/><V65/><F65/><W123/><G130/><T46/><D46/><U48/><E105/><V134/><F72/><W0/><G0/><T32/><D32/><U47/><E31/><N who="2" m="17895" /><F44/><W100/><G62/><T59/><D75/><U122/><E50/><V76/><F76/><W85/><G49/><T24/><D71/><U79/><E122/><N who="3" m="46602" /><G51/><T5/><D117/><U118/><E118/><V120/><F120/><W68/><G68/><T2/><D2/><U127/><E127/><V22/><F8/><W10/><G10/><N who="0" m="4175" /><D135/><U29/><E29/><V104/><F22/><W95/><G28/><T108/><D108/><U83/><E79/><V90/><F90/><N who="3" m="51495" /><G23/><N who="0" m="13415" /><D86/><AGARI ba="0,0" hai="86,89,95,97,100,106,114,115" m="51495,46602" machi="86" ten="30,7700,0" yaku="13,1,34,2,52,1" doraHai="99" who="3" fromWho="0" sc="250,-77,250,0,250,0,250,77" /><INIT seed="1,0,0,2,1,77" ten="173,250,250,327" oya="1" hai0="99,106,94,72,105,114,48,13,64,93,9,20,128" hai1="21,97,34,4,130,117,110,84,82,36,28,96,27" hai2="43,44,41,16,118,124,104,71,81,123,55,112,39" hai3="100,122,135,37,18,60,103,134,30,98,86,35,79"/><U88/><E117/><V91/><F118/><W90/><G37/><T50/><D72/><U3/><E36/><V14/><F123/><W121/><G35/><T22/><D114/><U29/><E130/><V33/><F71/><W17/><G30/><T113/><D113/><U66/><E66/><V52/><F33/><W57/><G79/><T83/><D64/><U116/><E116/><V109/><F112/><W125/><G125/><T10/><D128/><U19/><E110/><V63/><F104/><W95/><G121/><T78/><D78/><U65/><E65/><V70/><F109/><W7/><G7/><T49/><D49/><U85/><E28/><V62/><F70/><W132/><G122/><T46/><D99/><U131/><E131/><V47/><F63/><W25/><G25/><T6/><D13/><N who="1" m="9455" /><E84/><N who="2" m="50575" /><F62/><W120/><G120/><T69/><D69/><U59/><E59/><V23/><F39/><W53/><REACH who="3" step="1"/><G100/><REACH who="3" ten="173,250,250,317" step="2"/><T111/><D6/><U92/><E4/><V75/><F124/><W2/><G2/><T74/><D111/><U38/><E3/><V73/><F75/><W133/><N who="3" m="34304" /><DORA hai="51" /><W115/><G115/><T101/><D74/><U89/><E38/><V119/><F73/><W15/><G15/><T87/><D101/><U108/><E108/><V5/><F5/><W129/><G129/><T42/><D46/><N who="2" m="17450" /><F119/><W31/><G31/><T24/><D24/><U56/><E34/><V76/><F76/><W45/><G45/><T8/><D42/><AGARI ba="0,1" hai="14,16,23,41,42,43,52,55" m="17450,50575" machi="42" ten="30,12000,2" yaku="8,1,52,3,54,2" doraHai="77,51" who="2" fromWho="0" sc="173,-120,250,0,250,130,317,0" /><INIT seed="2,0,0,0,5,122" ten="53,250,380,317" oya="2" hai0="3,38,92,27,50,20,108,93,119,121,96,80,127" hai1="47,64,79,120,63,99,129,85,57,98,123,116,77" hai2="72,11,34,5,23,91,130,89,102,117,107,2,39" hai3="95,26,109,29,101,56,86,46,111,97,7,13,19"/><V51/><F39/><W110/><G46/><T55/><D38/><U78/><E116/><V32/><F117/><W128/><G128/><T106/><D3/><U134/><E129/><V126/><F130/><W131/><G131/><T25/><D119/><U54/><E134/><V76/><F126/><W65/><G7/><T61/><D127/><U22/><E123/><V16/><F107/><W30/><G86/><T18/><D106/><U100/><E120/><V9/><F102/><W37/><G37/><T113/><D121/><U87/><E22/><V33/><F11/><N who="3" m="6591" /><G26/><T114/><D80/><U49/><REACH who="1" step="1"/><E99/><REACH who="1" ten="53,240,380,317" step="2"/><V112/><F34/><W66/><G56/><T12/><D96/><U15/><E15/><V17/><F33/><W40/><G40/><T21/><D12/><U83/><E83/><V90/><F32/><W132/><G132/><T88/><D113/><U125/><E125/><V105/><F112/><W75/><G75/><T10/><D114/><U94/><AGARI ba="0,1" hai="47,49,54,57,63,64,77,78,79,85,87,94,98,100" machi="94" ten="30,7900,0" yaku="1,1,0,1,8,1,53,1" doraHai="122" doraHaiUra="44" who="1" fromWho="1" sc="53,-20,240,89,380,-39,317,-20" /><INIT seed="3,0,0,5,5,50" ten="33,329,341,297" oya="3" hai0="57,68,119,46,22,1,93,117,21,83,90,113,51" hai1="97,28,134,118,67,52,49,39,8,106,29,60,72" hai2="129,58,80,45,135,122,79,42,48,76,125,64,9" hai3="56,130,70,55,107,87,17,74,127,81,23,41,62"/><W94/><G107/><T66/><D68/><U75/><E39/><V11/><F129/><W120/><G130/><T109/><D1/><U98/><E134/><V37/><F135/><W14/><G127/><T121/><D121/><U53/><E8/><V105/><F125/><W131/><G131/><T115/><D83/><U86/><E86/><V100/><F79/><W110/><G110/><T95/><D109/><U3/><E3/><V69/><F100/><W35/><G35/><T43/><D95/><U59/><E118/><V15/><F105/><W133/><G133/><T61/><D119/><U5/><E67/><V108/><F15/><W10/><G120/><T4/><D4/><U91/><E5/><V77/><F77/><W71/><G41/><T38/><D117/><U47/><E106/><V123/><F108/><W18/><G74/><T30/><D38/><U73/><REACH who="1" step="1"/><E91/><REACH who="1" ten="33,319,341,297" step="2"/><V96/><F123/><W13/><REACH who="3" step="1"/><G94/><REACH who="3" ten="33,319,341,287" step="2"/><T40/><D113/><U31/><AGARI ba="0,2" hai="28,29,31,47,49,52,53,59,60,72,73,75,97,98" machi="31" ten="40,12000,2" yaku="1,1,2,1,0,1,52,2,54,1,53,0" doraHai="50" doraHaiUra="116" who="1" fromWho="1" sc="33,-30,319,140,341,-30,287,-60" /><INIT seed="4,0,0,0,0,124" ten="3,459,311,227" oya="0" hai0="86,14,15,130,1,123,11,61,129,7,56,78,83" hai1="87,16,32,35,111,68,122,58,134,63,75,85,110" hai2="79,81,95,30,59,24,93,103,118,70,25,54,108" hai3="9,71,98,27,23,2,116,106,47,51,3,115,17"/><T19/><D123/><U8/><E122/><V28/><F70/><W31/><G115/><T50/><D50/><U29/><E75/><V12/><F108/><W84/><G116/><T65/><D19/><U97/><E68/><V102/><F12/><W44/><G71/><T114/><D114/><U66/><E134/><V39/><F39/><W101/><G47/><T67/><D65/><U72/><E72/><V20/><F103/><W46/><G46/><T43/><D43/><U26/><E32/><V99/><F95/><W45/><G45/><T18/><D18/><U91/><E111/><V10/><F10/><W33/><G84/><T21/><D21/><U76/><E76/><V60/><F118/><W77/><G77/><T121/><D121/><U125/><E125/><V42/><F42/><W80/><G80/><T37/><D37/><U48/><E48/><V132/><F132/><W55/><G9/><T94/><D94/><U49/><E49/><V117/><F117/><W126/><G126/><T41/><D41/><U135/><E135/><V82/><F79/><W38/><G38/><T105/><D105/><U131/><E110/><V107/><F107/><W4/><G4/><T53/><D67/><U128/><E66/><V104/><F104/><W89/><G89/><T5/><D1/><U109/><E109/><V96/><F96/><W6/><G6/><T74/><D74/><U120/><E97/><V13/><F13/><AGARI ba="0,0" hai="2,3,13,17,23,27,31,33,44,51,55,98,101,106" machi="13" ten="30,1000,0" yaku="7,1" doraHai="124" who="3" fromWho="2" sc="3,0,459,0,311,-10,227,10" /><INIT seed="5,0,0,0,1,106" ten="3,459,301,237" oya="1" hai0="28,77,132,90,40,134,58,21,53,111,0,83,120" hai1="99,23,44,35,54,34,124,84,70,4,96,65,117" hai2="107,131,82,103,110,48,97,108,5,41,49,115,127" hai3="17,87,50,71,46,51,39,8,7,85,76,30,118"/><U128/><E117/><V101/><F131/><W55/><G71/><T18/><D0/><U129/><E4/><V86/><F127/><W38/><G118/><T45/><D28/><U114/><E124/><V121/><F121/><W102/><G30/><T130/><D90/><U81/><E114/><V92/><F5/><W80/><G102/><T112/><D111/><U105/><E34/><V73/><F115/><W109/><G109/><T125/><D112/><U100/><E35/><V95/><F101/><W62/><G62/><T57/><D125/><U25/><E99/><V47/><F49/><W94/><G17/><T37/><D130/><N who="1" m="50283" /><E65/><V135/><F95/><W122/><G122/><T12/><D120/><U31/><E70/><V36/><F36/><W43/><G94/><T14/><D12/><U79/><E54/><V67/><F67/><W63/><G63/><T15/><D15/><U68/><E68/><V113/><F113/><W33/><G33/><T10/><D10/><U119/><E119/><V126/><F126/><W133/><G133/><N who="0" m="51307" /><D53/><U64/><E64/><V93/><F135/><W66/><G66/><T20/><D21/><U22/><E23/><V11/><F11/><W72/><G39/><T116/><D116/><U26/><E26/><V88/><F93/><W9/><G9/><T32/><D32/><U1/><E1/><V75/><F108/><W89/><G55/><T98/><D98/><U19/><E31/><V13/><F110/><W69/><G69/><T56/><D56/><U60/><E60/><V91/><F13/><N who="3" m="5279" /><G89/><T78/><D78/><U104/><E104/><RYUUKYOKU ba="0,0" sc="3,0,459,0,301,0,237,0" hai0="14,18,20,37,40,45,57,58,77,83" hai1="19,22,25,44,79,81,84,96,100,105" hai2="41,47,48,73,75,82,86,88,91,92,97,103,107" hai3="38,43,46,50,51,72,76,80,85,87" /><INIT seed="5,1,0,4,1,88" ten="3,459,301,237" oya="1" hai0="130,115,103,127,7,82,56,13,47,118,42,91,46" hai1="102,0,37,85,15,8,65,14,23,1,25,131,27" hai2="4,106,31,43,41,2,125,54,83,87,28,95,17" hai3="119,3,21,120,5,114,49,45,81,30,39,36,29"/><U9/><E37/><V90/><F106/><W20/><G120/><T126/><D118/><U64/><E85/><V71/><F71/><W111/><G111/><T94/><D115/><U84/><E84/><V72/><F125/><N who="0" m="47626" /><D130/><U97/><E131/><V62/><F4/><W48/><G119/><T76/><D103/><U122/><E122/><V58/><F2/><W108/><G108/><T68/><D68/><U116/><E116/><V34/><F34/><W110/><G110/><T24/><D24/><U67/><E102/><V129/><F129/><W128/><G128/><T98/><D56/><U63/><E97/><N who="2" m="57591" /><F17/><W124/><G124/><T44/><D13/><U113/><E113/><V51/><F72/><W10/><G114/><T96/><D7/><U60/><E67/><V19/><F19/><W133/><G133/><T38/><D98/><U59/><E59/><V135/><F135/><W16/><G39/><T75/><AGARI ba="1,0" hai="38,42,44,46,47,75,76,82,91,94,96" m="47626" machi="75" ten="30,2000,0" yaku="18,1,52,1" doraHai="88" who="0" fromWho="0" sc="3,23,459,-11,301,-6,237,-6" /><INIT seed="6,0,0,1,1,106" ten="26,448,295,231" oya="2" hai0="67,114,8,119,50,103,36,49,58,26,126,29,98" hai1="37,32,6,93,90,54,63,83,87,28,76,25,7" hai2="9,11,60,104,14,23,115,74,123,57,3,62,127" hai3="2,20,47,102,110,108,105,68,56,34,72,71,38"/><V95/><F104/><W120/><G56/><T44/><D114/><U73/><REACH who="1" step="1"/><E37/><REACH who="1" ten="26,438,295,231" step="2"/><V122/><F115/><W16/><G38/><T129/><D119/><U111/><E111/><V19/><F123/><W53/><G120/><T100/><D129/><U121/><E121/><V70/><F122/><W79/><G110/><T97/><D126/><U0/><E0/><V91/><F3/><W117/><G2/><T81/><D36/><U101/><E101/><V5/><F127/><W41/><G102/><T116/><D116/><U82/><E82/><V21/><F70/><W59/><G71/><T45/><D81/><U130/><E130/><V31/><F5/><W131/><G68/><T78/><D78/><U40/><E40/><V55/><F91/><W61/><G79/><T24/><D58/><AGARI ba="0,1" hai="6,7,25,28,32,54,58,63,73,76,83,87,90,93" machi="58" ten="40,5200,0" yaku="21,2,52,1,53,0" doraHai="106" doraHaiUra="112" who="1" fromWho="0" sc="26,-52,438,62,295,0,231,0" owari="-26,-53.0,500,60.0,295,10.0,231,-17.0" /></mjloggm>