<mjloggm ver="2.3"><GO type="169" lobby="0"/><UN n0="%E3%82%A6%E3%83%AB%E3%83%88%E3%83%A9%E7%AB%8B%E7%9B%B4" n1="%73%75%6E%63%68%69%6C%64" n2="%E9%BE%8D%E9%96%80%E6%B8%95%E9%80%8F%E8%8F%AF" n3="%E3%81%BE%E3%81%8A%E3%81%BD%E3%82%93" dan="16,16,16,16" rate="2172.05,2106.02,2107.97,2068.98" sx="M,M,F,F"/><TAIKYOKU oya="0"/><INIT seed="0,0,0,2,0,20" ten="250,250,250,250" oya="0" hai0="42,58,73,103,0,112,27,117,76,2,132,3,41" hai1="127,95,13,101,64,98,45,121,4,124,79,90,28" hai2="87,25,7,69,68,70,10,34,125,131,51,26,43" hai3="75,48,21,37,100,118,77,31,108,119,106,8,110"/><T129/><D117/><U22/><E121/><V126/><F34/><W128/><G37/><T18/><D112/><U78/><E64/><V74/><F74/><W1/><G48/><T60/><D103/><U55/><E101/><V61/><F61/><W46/><G46/><T105/><D105/><U50/><E4/><V99/><F99/><W130/><G100/><T54/><D129/><N who="3" m="49769" /><G106/><T16/><D132/><U133/><E133/><V12/><F87/><W96/><G96/><T44/><D42/><U39/><E39/><V82/><F82/><N who="3" m="45375" /><G8/><T5/><D5/><U89/><E89/><V6/><F131/><W97/><G97/><T84/><D84/><U63/><E45/><N who="2" m="26047" /><F6/><W40/><G40/><T91/><D91/><U85/><E85/><V33/><F33/><W53/><G53/><T57/><D76/><U62/><E78/><V72/><F72/><W113/><G1/><T66/><D73/><U80/><E79/><V65/><F65/><W134/><G134/><T135/><D135/><U56/><E90/><V17/><F7/><W114/><G114/><T102/><D102/><U52/><E98/><V11/><F11/><W32/><G32/><T111/><D41/><U38/><E38/><V36/><F36/><W83/><G113/><T107/><D44/><U94/><E63/><V24/><F69/><W19/><G83/><T14/><D107/><U23/><E80/><V86/><F70/><W15/><G31/><T9/><D58/><U115/><E115/><V92/><F68/><W116/><AGARI ba="0,0" hai="15,19,21,108,110,116,118,119" m="45375,49769" machi="116" ten="40,1500,0" yaku="19,1" doraHai="20" who="3" fromWho="3" sc="250,-7,250,-4,250,-4,250,15" /><INIT seed="1,0,0,4,2,50" ten="243,246,246,265" oya="1" hai0="72,81,62,114,92,47,51,40,102,89,66,35,126" hai1="1,79,18,124,19,44,55,53,13,84,132,100,108" hai2="31,75,59,131,20,17,32,26,54,45,113,9,65" hai3="56,117,42,97,118,111,68,116,64,77,21,123,8"/><U98/><E1/><V122/><F122/><W52/><G77/><T127/><D35/><U48/><E132/><V104/><F131/><W83/><G83/><T7/><D7/><U14/><E124/><N who="0" m="47657" /><D102/><U130/><E130/><V128/><F128/><W23/><G123/><T49/><D81/><U78/><E108/><V93/><F104/><W39/><G97/><N who="0" m="57487" /><D72/><U67/><E67/><V90/><F75/><W3/><G111/><T30/><D30/><U24/><E24/><V69/><F113/><W91/><G64/><T94/><D94/><N who="1" m="58455" /><E84/><V76/><F76/><N who="1" m="29225" /><E18/><V38/><F38/><W99/><G68/><N who="0" m="42071" /><D114/><U70/><E70/><V12/><F69/><W85/><G118/><T63/><D63/><U133/><E133/><V33/><F65/><W57/><G117/><T2/><D2/><U37/><E37/><AGARI ba="0,0" hai="37,40,47,49,51" m="42071,57487,47657" machi="37" ten="30,1000,0" yaku="18,1" doraHai="50" who="0" fromWho="1" sc="243,10,246,-10,246,0,265,0" /><INIT seed="2,0,0,4,1,20" ten="253,236,246,265" oya="2" hai0="99,11,90,119,74,98,3,48,84,88,109,132,9" hai1="25,58,86,56,4,117,54,79,62,125,0,46,122" hai2="116,66,39,71,63,65,127,135,101,16,26,43,75" hai3="112,32,115,41,50,2,47,51,34,96,126,36,70"/><V52/><F116/><W55/><G2/><T38/><D38/><U6/><E117/><V80/><F135/><W13/><G126/><T118/><D74/><U59/><E125/><V130/><F130/><W28/><G70/><T73/><D73/><U53/><E0/><V82/><F127/><W110/><G110/><T128/><D3/><U60/><E122/><V57/><F101/><W1/><G1/><T124/><D124/><U27/><E46/><V81/><F75/><W44/><G96/><T93/><D109/><U133/><E133/><V129/><F129/><W114/><G13/><T85/><D128/><U76/><E58/><V49/><F66/><W40/><G28/><T8/><D132/><U95/><E95/><V78/><F78/><W30/><REACH who="3" step="1"/><G30/><REACH who="3" ten="253,236,246,255" step="2"/><T45/><D119/><U61/><E62/><V19/><F26/><W33/><G33/><T29/><D118/><U97/><E97/><V92/><F92/><W14/><G14/><T107/><D107/><U24/><E27/><V15/><F15/><W22/><G22/><T123/><D123/><U106/><E106/><V12/><F12/><W102/><G102/><T17/><D99/><U35/><E35/><V91/><F91/><W77/><G77/><T105/><D88/><U7/><E76/><V83/><N who="2" m="20480" /><DORA hai="89" /><V64/><REACH who="2" step="1"/><F64/><REACH who="2" ten="253,236,236,255" step="2"/><W111/><G111/><T23/><D90/><U69/><E79/><V31/><F31/><W104/><G104/><T18/><D105/><U72/><E72/><V100/><F100/><W37/><G37/><T68/><D29/><U103/><E103/><V131/><F131/><RYUUKYOKU ba="0,2" sc="253,-15,236,-15,236,15,255,15" hai2="16,19,39,43,49,52,57,63,65,71" hai3="32,34,36,40,41,44,47,50,51,55,112,114,115" /><INIT seed="2,1,2,3,1,29" ten="238,221,251,270" oya="2" hai0="22,31,131,0,69,72,127,114,97,106,90,2,128" hai1="43,21,110,4,60,91,129,96,32,86,51,55,103" hai2="80,67,53,3,61,56,111,20,124,116,39,107,18" hai3="85,57,5,101,41,36,109,59,6,44,130,7,68"/><V118/><F116/><W82/><G68/><T84/><D72/><U104/><E129/><N who="0" m="49737" /><D69/><U134/><E110/><V38/><F118/><W79/><G130/><T26/><D127/><U24/><E134/><V50/><F124/><W98/><REACH who="3" step="1"/><G109/><REACH who="3" ten="238,221,251,260" step="2"/><T77/><D114/><U74/><E74/><V46/><F111/><W28/><G28/><T25/><D77/><U19/><E43/><V65/><F107/><AGARI ba="1,3" hai="5,6,7,36,41,44,57,59,79,82,85,98,101,107" machi="107" ten="40,2600,0" yaku="1,1,53,1" doraHai="29" doraHaiUra="81" who="3" fromWho="2" sc="238,0,221,0,251,-29,260,59" /><INIT seed="3,0,0,3,2,127" ten="238,221,222,319" oya="3" hai0="65,82,42,12,19,94,113,91,14,84,126,88,105" hai1="40,119,48,97,104,99,9,54,80,53,47,87,90" hai2="101,20,72,92,69,112,62,131,46,32,107,76,29" hai3="124,52,49,39,28,108,56,133,2,81,98,118,106"/><W8/><G118/><T115/><D105/><U59/><E119/><V132/><F112/><N who="0" m="43082" /><D126/><U58/><E104/><V100/><F131/><W11/><G124/><T83/><D65/><U78/><E90/><V27/><F132/><W24/><G39/><T43/><D14/><U128/><E128/><V35/><F107/><W125/><G125/><T22/><D83/><U41/><E41/><V66/><F46/><W77/><G108/><T129/><D129/><U120/><E120/><V63/><F63/><W50/><G2/><T4/><D4/><U55/><REACH who="1" step="1"/><E9/><REACH who="1" ten="238,211,222,319" step="2"/><V79/><F101/><W121/><G121/><T36/><D36/><U7/><E7/><V38/><F100/><W134/><G106/><T16/><D19/><U10/><E10/><V33/><F38/><W117/><G8/><T23/><D23/><U74/><E74/><V34/><N who="2" m="8192" /><DORA hai="25" /><V0/><F72/><N who="3" m="43175" /><G11/><T21/><D21/><U64/><E64/><V61/><F0/><W67/><G117/><T51/><D43/><U86/><E86/><V37/><F37/><W71/><G67/><T15/><D91/><U75/><E75/><V109/><F66/><W130/><G130/><T114/><D114/><U95/><E95/><V26/><F92/><W70/><G134/><T30/><D94/><U1/><E1/><V6/><F6/><W103/><G133/><T60/><D16/><U44/><E44/><V17/><F109/><W31/><G103/><T110/><D110/><U89/><E89/><V13/><F17/><W68/><G98/><AGARI ba="0,1" hai="40,47,48,53,54,55,58,59,78,80,87,97,98,99" machi="98" ten="40,2600,0" yaku="1,1,8,1,53,0" doraHai="127,25" doraHaiUra="5,3" who="1" fromWho="3" sc="238,0,211,36,222,0,319,-26" /><INIT seed="4,0,0,3,3,42" ten="238,247,222,293" oya="0" hai0="67,69,51,78,107,77,110,135,40,65,100,25,121" hai1="114,116,19,82,68,37,18,11,74,87,115,66,6" hai2="130,21,106,72,24,55,89,35,3,120,45,49,97" hai3="95,125,31,131,0,30,101,98,12,91,126,132,119"/><T13/><D107/><U27/><E116/><V92/><F120/><W63/><G0/><T128/><D69/><U104/><E104/><V129/><F106/><W93/><G119/><T26/><D121/><U52/><E74/><V62/><F72/><W111/><G111/><T86/><D110/><U123/><E123/><V75/><F75/><W109/><G109/><T22/><D100/><U38/><E66/><N who="0" m="25097" /><D128/><U73/><E68/><V41/><F3/><W43/><G131/><N who="2" m="50185" /><F35/><W59/><G132/><T46/><D135/><U53/><E73/><V90/><F90/><W99/><G12/><T10/><D86/><U32/><E32/><V118/><F118/><W96/><G43/><T94/><D94/><U23/><E19/><N who="2" m="12351" /><F62/><W60/><G60/><T36/><D36/><U122/><E122/><V34/><F34/><W80/><G63/><T71/><D71/><U108/><E108/><V124/><F41/><W105/><G105/><T56/><D56/><U79/><E38/><V113/><F113/><N who="1" m="43017" /><E37/><V84/><F124/><W58/><G125/><T33/><D33/><U88/><E79/><N who="0" m="30217" /><D22/><U61/><E61/><V16/><F84/><N who="3" m="50567" /><G126/><T29/><D29/><N who="3" m="10761" /><G101/><T54/><D40/><U133/><E133/><V8/><F8/><W57/><AGARI ba="0,0" hai="57,58,59,93,95,96,98,99" m="10761,50567" machi="57" ten="40,1500,0" yaku="8,1" doraHai="42" who="3" fromWho="3" sc="238,-7,247,-4,222,-4,293,15" /><INIT seed="5,0,0,3,0,127" ten="231,243,218,308" oya="1" hai0="95,7,45,8,132,81,28,3,135,27,108,56,66" hai1="94,55,99,22,52,112,33,65,129,25,70,92,88" hai2="61,123,46,91,6,82,51,120,86,101,32,57,106" hai3="14,87,34,98,35,102,105,113,131,21,9,74,54"/><U104/><E104/><V122/><F32/><W12/><G74/><T78/><D108/><U116/><E116/><V60/><F6/><W71/><G71/><T0/><D95/><U115/><E33/><V77/><F106/><W110/><G113/><N who="1" m="43594" /><E129/><V67/><F101/><W39/><G131/><T109/><D109/><U50/><E50/><V103/><F103/><W93/><G39/><T42/><D3/><U100/><E65/><V44/><F61/><W114/><G114/><T49/><D66/><U20/><E70/><V58/><F58/><W26/><G54/><N who="1" m="20522" /><E25/><V16/><F77/><W125/><G26/><T13/><D56/><U107/><E107/><V62/><F51/><W69/><G69/><T84/><REACH who="0" step="1"/><D0/><REACH who="0" ten="221,243,218,308" step="2"/><U126/><E126/><V79/><F122/><W72/><G125/><T75/><D75/><U41/><E41/><V43/><F43/><W80/><G72/><T1/><D1/><U40/><E40/><V130/><F123/><W29/><G105/><T10/><D10/><U4/><E4/><V48/><F120/><W36/><G9/><T128/><D128/><U24/><E24/><V63/><F130/><W111/><G110/><T96/><D96/><AGARI ba="0,1" hai="20,22,88,92,94,96,99,100" m="20522,43594" machi="96" ten="30,5800,0" yaku="15,1,54,2" doraHai="127" who="1" fromWho="0" sc="221,-58,243,68,218,0,308,0" /><INIT seed="5,1,0,4,3,82" ten="163,311,218,308" oya="1" hai0="84,113,101,6,34,32,116,42,109,5,8,16,63" hai1="33,105,24,19,23,75,38,131,64,114,43,10,47" hai2="20,52,100,50,30,111,86,106,120,12,98,102,122" hai3="59,41,93,13,39,61,28,81,53,0,135,48,22"/><U87/><E75/><V55/><F102/><W14/><G0/><T89/><D109/><U107/><E33/><V99/><F99/><W72/><G135/><T134/><D116/><U17/><E114/><V1/><F1/><W73/><G13/><N who="0" m="7207" /><D32/><U66/><E131/><V92/><F111/><W45/><G81/><N who="0" m="49295" /><D34/><U121/><E121/><V88/><F55/><W127/><G127/><T90/><D134/><U123/><E123/><V26/><F12/><W124/><G124/><T11/><D113/><U35/><E35/><V7/><F7/><W3/><G3/><T103/><D42/><U4/><E19/><V54/><F54/><W79/><G79/><T128/><D128/><U68/><E68/><V133/><F133/><W31/><G73/><T62/><D90/><U77/><E105/><V56/><AGARI ba="1,0" hai="20,26,30,50,52,56,86,88,92,98,100,106,120,122" machi="56" ten="20,8000,1" yaku="0,1,7,1,52,1,54,2" doraHai="82" who="2" fromWho="2" sc="163,-21,311,-41,218,83,308,-21" /><INIT seed="6,0,0,3,0,90" ten="142,270,301,287" oya="2" hai0="118,99,68,19,114,115,128,84,94,119,17,27,20" hai1="7,15,98,1,49,103,78,8,30,62,88,122,79" hai2="37,130,6,18,110,32,104,66,69,59,54,57,50" hai3="101,11,52,89,10,97,86,58,92,46,111,109,21"/><V36/><F104/><W87/><G111/><T67/><D68/><U45/><E122/><V107/><F107/><W41/><G109/><T74/><D67/><U100/><E1/><V63/><F32/><W81/><G21/><T132/><D74/><U93/><E30/><V44/><F6/><W120/><G86/><T108/><D108/><U131/><E131/><V48/><F18/><W127/><G127/><T85/><D128/><U42/><E62/><N who="2" m="40151" /><F130/><W24/><G24/><T60/><D60/><U12/><E15/><V22/><F22/><W14/><G14/><T106/><D106/><U135/><E135/><V53/><F110/><W116/><G116/><N who="0" m="44587" /><D17/><U2/><E2/><V40/><AGARI ba="0,0" hai="36,37,40,44,48,50,53,54,57,59,63" m="40151" machi="40" ten="30,12000,1" yaku="35,5" doraHai="90" who="2" fromWho="2" sc="142,-40,270,-40,301,120,287,-40" /><INIT seed="6,1,0,1,5,87" ten="102,230,421,247" oya="2" hai0="11,68,21,70,80,114,76,32,12,72,48,9,31" hai1="59,38,101,124,57,102,99,92,51,97,52,109,89" hai2="40,35,3,133,7,112,0,15,17,37,19,58,78" hai3="34,47,119,127,106,49,23,91,86,81,77,6,66"/><V134/><F78/><W63/><G34/><T104/><D104/><U41/><E109/><V28/><F58/><W29/><G127/><T103/><D103/><U27/><E124/><V74/><F74/><W118/><G106/><T56/><D114/><U67/><E38/><V71/><F71/><W83/><G6/><T55/><D32/><U95/><E41/><V53/><F53/><W82/><G29/><T13/><D21/><U2/><E2/><V108/><F40/><W42/><G23/><T43/><D31/><U69/><E69/><V88/><F88/><W16/><G16/><T75/><D75/><U115/><E115/><V116/><F37/><W64/><G64/><T111/><D111/><U65/><E59/><V33/><F112/><W131/><G131/><T20/><D20/><U26/><E101/><V122/><F108/><W130/><G130/><T121/><D43/><U24/><AGARI ba="1,0" hai="24,26,27,51,52,57,65,67,89,92,95,97,99,102" machi="24" ten="30,7900,0" yaku="0,1,8,1,52,1,54,1" doraHai="87" who="1" fromWho="1" sc="102,-21,230,82,421,-40,247,-21" /><INIT seed="7,0,0,2,1,89" ten="81,312,381,226" oya="3" hai0="14,63,96,11,117,98,55,27,101,86,80,74,13" hai1="65,125,10,75,112,42,32,126,52,66,36,114,99" hai2="51,38,115,110,71,35,7,91,34,67,88,56,17" hai3="15,103,113,124,78,57,121,16,123,4,9,20,49"/><W122/><G78/><T116/><D74/><U37/><E32/><V24/><F38/><N who="1" m="14953" /><E99/><V120/><F110/><W18/><G103/><T128/><D128/><U28/><E28/><V77/><F77/><W60/><G113/><N who="1" m="43626" /><E10/><V92/><F120/><W104/><G104/><T8/><D27/><U100/><E100/><V83/><F115/><W33/><G33/><T90/><D116/><U72/><E42/><V95/><F7/><W12/><G49/><T62/><D117/><U6/><E6/><V58/><F71/><W119/><G119/><T81/><D55/><U111/><E111/><V132/><F132/><W61/><G124/><N who="1" m="47722" /><E52/><N who="2" m="31775" /><F35/><W2/><REACH who="3" step="1"/><G57/><REACH who="3" ten="81,312,381,216" step="2"/><T54/><D101/><U107/><E107/><V45/><F34/><W26/><G26/><T48/><D63/><U31/><E31/><V40/><F24/><W85/><G85/><T82/><D62/><U134/><E134/><V44/><F58/><W39/><G39/><T97/><D14/><U127/><E127/><V93/><F45/><W53/><G53/><T131/><D131/><U19/><E72/><V73/><F44/><W129/><G129/><T106/><D106/><U41/><E75/><V109/><F73/><W87/><G87/><T69/><D69/><U130/><E130/><V21/><F40/><W105/><G105/><T108/><D108/><U30/><E30/><V22/><F109/><W47/><G47/><N who="0" m="27935" /><D13/><U79/><E41/><V133/><F133/><W64/><G64/><N who="1" m="24682" /><E79/><V25/><F67/><W3/><G3/><T50/><D50/><U5/><E5/><V84/><F91/><W70/><G70/><RYUUKYOKU ba="0,1" sc="81,0,312,0,381,0,216,0" hai0="8,11,80,81,82,86,90,96,97,98" hai1="19" hai2="17,21,22,25,83,84,88,92,93,95" hai3="2,4,9,12,15,16,18,20,60,61,121,122,123" /><INIT seed="7,1,1,3,5,86" ten="81,312,381,216" oya="3" hai0="113,28,132,60,15,34,119,129,117,112,125,77,130" hai1="133,4,55,64,115,27,36,127,116,18,75,94,122" hai2="83,8,58,32,90,114,74,73,66,46,25,72,81" hai3="70,45,95,41,39,110,134,40,82,107,50,47,128"/><W105/><G110/><T49/><D77/><U67/><E36/><V65/><F114/><N who="0" m="44138" /><D60/><U19/><E75/><V5/><F46/><W13/><G70/><T62/><D62/><U26/><E122/><V3/><F83/><W63/><G134/><T100/><D100/><U76/><E127/><V24/><F24/><W48/><G128/><N who="0" m="49259" /><D49/><U31/><E116/><N who="0" m="44617" /><D15/><U17/><E76/><V101/><F101/><W16/><G63/><T88/><D125/><U61/><E115/><V98/><F25/><W29/><G39/><T35/><D28/><U71/><E31/><V93/><F66/><W11/><G29/><T43/><D43/><U111/><E64/><V89/><F65/><W38/><G38/><T2/><D2/><U126/><E61/><V106/><F3/><W118/><G118/><T20/><D20/><U108/><E67/><V99/><F8/><W23/><G23/><T79/><D79/><U21/><E21/><V85/><F32/><N who="0" m="12330" /><D88/><U57/><E126/><V80/><F58/><W121/><G41/><T97/><D97/><U54/><E57/><V78/><F5/><W103/><G103/><T109/><D109/><U14/><E108/><V91/><F99/><W22/><G40/><T120/><D120/><U53/><E111/><V42/><F42/><W33/><G121/><T6/><D6/><U69/><E4/><V1/><F1/><W44/><G22/><T12/><D12/><U104/><E14/><V102/><F102/><W10/><G13/><T30/><D30/><U59/><E59/><V124/><F124/><W37/><G48/><T7/><D7/><RYUUKYOKU ba="1,1" sc="81,30,312,-10,381,-10,216,-10" hai0="132" owari="111,-39.0,302,10.0,381,48.0,206,-19.0" /></mjloggm>