<mjloggm ver="2.3"><GO type="169" lobby="0"/><UN n0="%E3%81%9F%E3%81%8C%E3%82%84%E3%81%99" n1="%E3%81%96%E3%82%8A%E3%81%8C%E3%81%AB%E3%81%A1%E3%82%83%E3%82%93" n2="%5A%75%74%74%61%6B%61" n3="%E3%82%A6%E3%83%AB%E3%83%88%E3%83%A9%E7%AB%8B%E7%9B%B4" dan="16,16,17,18" rate="2060.54,2086.62,2199.37,2283.11" sx="M,M,M,M"/><TAIKYOKU oya="0"/><INIT seed="0,0,0,0,1,33" ten="250,250,250,250" oya="0" hai0="89,0,108,58,133,86,87,88,126,128,56,93,61" hai1="111,1,73,77,91,49,44,48,103,27,97,123,84" hai2="119,78,95,57,5,132,60,117,101,2,81,31,94" hai3="16,40,69,116,28,25,38,45,80,124,19,62,107"/><T121/><D61/><U114/><E123/><V74/><F132/><W55/><G116/><N who="2" m="44617" /><F101/><W12/><G124/><T18/><D128/><U20/><E111/><V120/><F31/><W115/><G115/><T39/><D39/><U68/><E68/><V65/><F120/><W50/><G107/><T92/><D121/><U6/><E114/><V24/><F24/><W32/><G80/><T106/><D18/><U127/><E127/><V96/><F96/><W98/><G98/><T122/><D122/><U131/><E131/><V59/><F59/><W22/><G19/><T17/><D17/><U3/><E77/><V13/><F13/><W43/><REACH who="3" step="1"/><G38/><REACH who="3" ten="250,250,250,240" step="2"/><T54/><D126/><U112/><E97/><V41/><F41/><W104/><G104/><T125/><D106/><U63/><E112/><V52/><F65/><AGARI ba="0,1" hai="12,16,22,25,28,32,40,43,45,50,55,62,65,69" machi="65" ten="40,2600,0" yaku="1,1,54,1,53,0" doraHai="33" doraHaiUra="34" who="3" fromWho="2" sc="250,0,250,0,250,-26,240,36" /><INIT seed="1,0,0,4,4,2" ten="250,250,224,276" oya="1" hai0="14,9,20,5,13,114,64,102,61,1,51,105,25" hai1="120,127,43,135,56,17,101,29,87,39,66,21,28" hai2="110,81,46,106,74,44,18,104,48,77,36,100,22" hai3="71,125,113,8,10,90,55,122,3,88,89,118,54"/><U41/><E120/><V34/><F34/><W62/><G122/><T4/><D51/><U82/><E135/><V26/><F110/><W126/><G113/><T92/><D105/><U80/><E101/><V95/><F36/><W11/><G118/><T130/><D130/><U59/><E127/><N who="3" m="48650" /><G3/><T72/><D72/><U119/><E119/><V38/><F38/><W96/><G96/><N who="0" m="59655" /><D1/><U68/><E68/><V65/><F65/><AGARI ba="0,0" hai="8,10,11,54,55,62,65,71,88,89,90" m="48650" machi="65" ten="40,2600,0" yaku="18,1,54,1" doraHai="2" who="3" fromWho="2" sc="250,0,250,0,224,-26,276,26" /><INIT seed="2,0,0,2,3,85" ten="250,250,198,302" oya="2" hai0="93,91,103,100,56,55,86,41,96,120,101,64,82" hai1="35,104,124,119,128,134,73,23,121,45,135,18,71" hai2="92,84,133,26,90,69,7,115,31,127,81,78,95" hai3="13,117,88,1,52,94,50,2,9,12,5,54,107"/><V76/><F115/><W21/><G107/><T105/><D41/><U98/><RYUUKYOKU type="yao9" ba="0,0" sc="250,0,250,0,198,0,302,0" hai1="18,23,35,45,71,73,98,104,119,121,124,128,134,135" /><INIT seed="2,1,0,4,4,31" ten="250,250,198,302" oya="2" hai0="32,10,5,116,82,123,59,30,52,95,35,69,58" hai1="38,111,42,56,85,66,34,55,71,57,43,67,19" hai2="78,73,125,29,97,51,70,87,21,121,129,68,110" hai3="100,47,33,83,128,63,106,120,122,101,25,60,108"/><V102/><F121/><W79/><G108/><T14/><D69/><U93/><E19/><V90/><F110/><W131/><G47/><T117/><D123/><U107/><E85/><V28/><F125/><W77/><G25/><T80/><D59/><U130/><E93/><V84/><F129/><W39/><G83/><N who="0" m="31787" /><D30/><U6/><E6/><V92/><F87/><W2/><G106/><T8/><D95/><U113/><E107/><V45/><F78/><W76/><G39/><T86/><D10/><U4/><E4/><V54/><F73/><W75/><G79/><T1/><D1/><U53/><E34/><V127/><F127/><W88/><G88/><T24/><D24/><U49/><E111/><V37/><F37/><W96/><G96/><T41/><D41/><N who="1" m="15371" /><E38/><V64/><F21/><W0/><G75/><T126/><D126/><U81/><E81/><V94/><REACH who="2" step="1"/><F70/><REACH who="2" ten="250,250,188,302" step="2"/><W61/><G122/><T114/><D86/><U17/><E130/><V115/><F115/><W22/><G22/><T104/><D114/><U118/><E113/><V98/><F98/><W132/><G120/><T46/><D117/><U9/><E71/><V74/><F74/><W18/><G131/><T133/><D116/><U13/><E118/><V3/><F3/><W7/><G128/><T72/><D72/><U135/><E135/><V124/><F124/><W99/><G132/><T134/><D134/><U36/><E36/><V44/><F44/><W16/><G0/><T62/><D133/><U119/><E119/><V91/><F91/><W15/><G2/><T12/><D46/><U109/><E109/><RYUUKYOKU ba="1,1" sc="250,-15,250,15,188,15,302,-15" hai1="9,13,17,49,53,55,56,57,66,67" hai2="28,29,45,51,54,64,68,84,90,92,94,97,102" /><INIT seed="2,2,1,2,1,53" ten="235,265,203,287" oya="2" hai0="46,1,103,55,97,102,123,128,129,69,31,86,37" hai1="85,33,56,23,115,9,122,107,75,60,17,84,124" hai2="109,36,91,105,126,130,12,66,120,70,125,83,54" hai3="88,6,78,24,92,117,80,11,131,57,135,61,67"/><V73/><F120/><W58/><G131/><T32/><D1/><U114/><E75/><V8/><F130/><W41/><G135/><T63/><D102/><U132/><E107/><V35/><F36/><W134/><G134/><T101/><D103/><U4/><E132/><V89/><F105/><W64/><G41/><T49/><D86/><U133/><E133/><V118/><F35/><W99/><G24/><T95/><D123/><U100/><E100/><V19/><F118/><W76/><G117/><T112/><D112/><U127/><E33/><V39/><F39/><W72/><G78/><T0/><D0/><N who="1" m="135" /><E85/><V16/><F19/><W13/><G67/><T3/><D3/><U38/><E84/><V106/><F106/><W48/><G48/><T21/><D32/><U74/><E74/><V34/><F34/><W15/><REACH who="3" step="1"/><G13/><REACH who="3" ten="235,265,203,277" step="2"/><T5/><D37/><U18/><E38/><V25/><F25/><W90/><G90/><T43/><D129/><U94/><E122/><V116/><F116/><W81/><G81/><T42/><D128/><U59/><E115/><V26/><F26/><W71/><AGARI ba="2,2" hai="6,11,15,57,58,61,64,71,72,76,80,88,92,99" machi="71" ten="20,12000,2" yaku="1,1,0,1,7,1,52,2,54,1,53,0" doraHai="53" doraHaiUra="29" who="3" fromWho="3" sc="235,-32,265,-32,203,-62,277,146" /><INIT seed="3,0,0,4,2,26" ten="203,233,141,423" oya="3" hai0="56,81,92,1,7,30,85,70,110,128,75,16,125" hai1="65,43,51,8,9,23,53,28,133,73,29,20,77" hai2="11,107,124,48,60,96,63,69,86,98,131,91,17" hai3="134,112,4,88,2,111,82,93,103,119,127,10,87"/><W122/><G112/><T39/><D70/><U105/><E105/><V94/><F124/><W42/><G122/><T3/><D39/><U114/><E114/><V67/><F131/><W108/><G119/><T12/><D75/><U32/><E32/><V95/><F107/><W64/><G134/><T130/><D92/><U45/><E133/><V22/><F11/><N who="1" m="4169" /><E73/><V109/><F109/><N who="3" m="42059" /><G64/><T101/><D101/><U68/><E68/><V132/><F132/><W49/><G127/><T31/><D56/><U34/><E34/><V13/><F63/><W80/><G103/><T46/><D46/><AGARI ba="0,0" hai="2,4,10,42,46,49,80,82,87,88,93" m="42059" machi="46" ten="30,5800,0" yaku="14,1,10,1,54,1" doraHai="26" who="3" fromWho="0" sc="203,-58,233,0,141,0,423,58" /><INIT seed="3,1,0,0,1,108" ten="145,233,141,481" oya="3" hai0="19,107,29,68,7,55,93,84,15,135,59,20,24" hai1="63,129,118,103,38,11,75,0,32,126,44,65,52" hai2="36,60,109,16,104,99,31,91,50,12,62,113,122" hai3="57,78,10,79,116,58,35,6,132,94,128,100,133"/><W73/><G35/><T131/><D68/><U34/><E52/><V17/><F36/><W127/><G116/><T27/><D107/><U89/><E89/><V5/><F109/><W95/><G128/><T74/><D74/><U53/><E53/><V49/><F31/><W90/><G100/><T51/><D135/><N who="3" m="51785" /><G127/><T114/><D131/><U124/><E103/><V18/><F122/><W123/><G95/><T96/><D7/><N who="1" m="1511" /><E75/><V86/><F104/><W115/><G123/><T43/><D43/><N who="1" m="22647" /><E129/><V4/><F99/><N who="3" m="57815" /><G115/><T105/><D105/><U81/><E81/><V134/><F113/><W3/><G73/><T77/><D114/><U88/><E88/><V54/><F134/><W56/><AGARI ba="1,0" hai="3,6,10,56,57,58,78,79" m="57815,51785" machi="56" ten="30,1500,0" yaku="20,1" doraHai="108" who="3" fromWho="3" sc="145,-6,233,-6,141,-6,481,18" /><INIT seed="3,2,0,3,5,40" ten="139,227,135,499" oya="3" hai0="117,111,135,124,59,43,113,34,67,8,94,27,81" hai1="22,118,82,131,130,16,115,84,103,64,45,85,100" hai2="105,33,109,99,95,2,116,73,48,83,101,32,87" hai3="90,75,0,79,51,53,12,70,132,89,62,38,10"/><W65/><G0/><T122/><D94/><U52/><E64/><V92/><F116/><W63/><G132/><T72/><D81/><U14/><E115/><V1/><F109/><W56/><G75/><T54/><D8/><U127/><E127/><V17/><F1/><W112/><G79/><T78/><D27/><U121/><E121/><V35/><F2/><W133/><G133/><T104/><D78/><U80/><E118/><V15/><F73/><W60/><G112/><T19/><D19/><U23/><E23/><V58/><F58/><W123/><G123/><T93/><D93/><U42/><E42/><V44/><F83/><N who="1" m="31785" /><E131/><V88/><F105/><W108/><G38/><T50/><D34/><U107/><E107/><V71/><F71/><W125/><G125/><T41/><D104/><U46/><E130/><V97/><F99/><W126/><G108/><T31/><D72/><U66/><E66/><V4/><F4/><W74/><G74/><T26/><D111/><U119/><E119/><V47/><REACH who="2" step="1"/><F48/><REACH who="2" ten="139,227,125,499" step="2"/><W110/><G110/><T55/><D117/><U3/><E3/><V129/><F129/><W21/><G70/><T29/><D113/><U77/><E77/><V36/><F36/><W68/><G68/><T37/><D37/><U120/><E120/><V9/><AGARI ba="2,1" hai="9,15,17,32,33,35,44,47,87,88,92,95,97,101" machi="9" ten="30,8000,1" yaku="1,1,0,1,52,2,54,1,53,0" doraHai="40" doraHaiUra="106" who="2" fromWho="2" sc="139,-22,227,-22,125,96,499,-42" /><INIT seed="4,0,0,4,2,20" ten="117,205,221,457" oya="0" hai0="69,46,117,92,32,15,118,9,95,88,94,25,70" hai1="14,45,17,24,111,105,34,53,120,101,48,110,102" hai2="57,37,76,61,112,82,87,89,18,85,77,113,8" hai3="41,54,109,10,93,55,67,16,52,106,122,71,11"/><T26/><D32/><U22/><E120/><V123/><F123/><W19/><G106/><T90/><D46/><U44/><E44/><V81/><F37/><W108/><G122/><T28/><D28/><U35/><E35/><V96/><F96/><W38/><G41/><T103/><D103/><U50/><E50/><V98/><F98/><W6/><G38/><T97/><D97/><U73/><E73/><V40/><F40/><W130/><G93/><T116/><D15/><U83/><E105/><V107/><F107/><W60/><G130/><T114/><D9/><U75/><E75/><V30/><F89/><N who="0" m="34410" /><D114/><U13/><E83/><V72/><F72/><W91/><G91/><T132/><D132/><U79/><E79/><V1/><F30/><W42/><G11/><T29/><D29/><U27/><E34/><V7/><REACH who="2" step="1"/><F18/><REACH who="2" ten="117,205,211,457" step="2"/><W86/><G42/><T124/><D124/><U131/><E131/><V23/><F23/><W65/><G19/><T127/><D127/><U121/><E121/><V3/><F3/><W58/><G16/><T21/><D21/><N who="1" m="13743" /><E110/><V129/><F129/><W62/><REACH who="3" step="1"/><G86/><REACH who="3" ten="117,205,211,447" step="2"/><T5/><D5/><U74/><E74/><V134/><F134/><W68/><G68/><AGARI ba="0,2" hai="25,26,68,69,70,92,94,95,116,117,118" m="34410" machi="68" ten="40,12000,1" yaku="28,2,52,2,54,1" doraHai="20" who="0" fromWho="3" sc="117,140,205,0,211,0,447,-120" /><INIT seed="4,1,0,4,2,79" ten="257,205,211,327" oya="0" hai0="31,50,39,43,74,41,129,75,112,124,52,16,6" hai1="106,49,121,125,19,12,23,93,65,27,123,77,87" hai2="128,42,10,53,101,22,97,73,78,126,92,127,61" hai3="110,54,46,96,114,119,0,104,47,94,99,60,115"/><T88/><D31/><U51/><E106/><V48/><F128/><W38/><G0/><T135/><D6/><U90/><E125/><N who="2" m="47627" /><F42/><W32/><G32/><T70/><D70/><U25/><E65/><V59/><F10/><W132/><G110/><T30/><D30/><U89/><E77/><V131/><F131/><W111/><G111/><T63/><D63/><U66/><E66/><V103/><F22/><W130/><G38/><T56/><D124/><U40/><E123/><V71/><F71/><W18/><G18/><T100/><D100/><U3/><E3/><V107/><F103/><W80/><G54/><T57/><D129/><U26/><E121/><V17/><F17/><W29/><G29/><T55/><D135/><U84/><REACH who="1" step="1"/><E40/><REACH who="1" ten="257,195,211,327" step="2"/><V117/><F107/><W28/><G104/><T36/><D43/><U20/><E20/><V2/><F2/><W34/><G130/><T69/><D41/><U15/><E15/><V122/><F122/><W33/><G33/><T45/><D39/><U9/><E9/><V113/><F117/><W108/><G34/><T68/><D36/><U13/><E13/><V109/><F109/><W58/><G108/><T120/><D120/><U37/><E37/><V11/><F11/><W105/><G105/><T91/><D69/><U116/><E116/><V98/><F78/><W5/><G119/><T118/><D68/><U24/><N who="1" m="6144" /><DORA hai="14" /><U83/><AGARI ba="1,1" hai="12,19,23,49,51,83,84,87,89,90,93" m="6144" machi="83" ten="40,16000,3" yaku="1,1,4,1,0,1,8,1,52,2,53,2" doraHai="79,14" doraHaiUra="44,1" who="1" fromWho="1" sc="257,-81,195,173,211,-41,327,-41" /><INIT seed="5,0,0,0,4,13" ten="176,368,170,286" oya="1" hai0="50,130,91,52,45,4,18,59,63,89,128,27,133" hai1="66,99,46,112,31,98,60,78,61,123,93,5,49" hai2="120,56,7,119,33,75,24,125,105,35,79,73,88" hai3="127,19,80,77,11,44,41,102,48,21,110,25,115"/><U134/><E123/><V92/><F120/><W124/><G110/><T47/><D4/><U57/><E134/><V87/><F119/><W34/><G34/><T37/><D37/><U65/><E112/><V121/><F121/><W96/><G11/><T1/><D1/><U86/><E5/><V9/><F125/><W54/><G41/><T51/><D133/><U28/><E86/><V42/><F105/><W83/><G115/><T20/><D130/><U84/><E84/><V23/><F42/><W113/><G113/><T10/><D10/><U117/><E78/><V40/><F40/><W111/><G111/><T38/><D38/><U97/><E93/><V100/><F100/><W126/><REACH who="3" step="1"/><G77/><REACH who="3" ten="176,368,170,276" step="2"/><T12/><D128/><U90/><E117/><V36/><F79/><W26/><G26/><T85/><D27/><U81/><E90/><V17/><F36/><W16/><G16/><T55/><D85/><U68/><REACH who="1" step="1"/><E81/><REACH who="1" ten="176,358,170,276" step="2"/><V39/><F39/><W32/><G32/><T114/><D114/><U67/><E67/><AGARI ba="0,2" hai="12,18,20,45,47,50,51,52,55,59,63,67,89,91" machi="67" ten="30,8000,1" yaku="7,1,9,1,8,1,52,1,54,1" doraHai="13" who="0" fromWho="1" sc="176,100,358,-80,170,0,276,0" /><INIT seed="6,0,0,3,4,7" ten="276,278,170,276" oya="2" hai0="6,35,50,132,46,74,100,44,38,30,88,79,135" hai1="37,49,96,115,3,41,133,34,111,84,62,81,121" hai2="73,125,66,40,124,52,109,78,91,65,57,103,105" hai3="116,72,17,67,127,53,101,131,45,118,19,119,22"/><V98/><F109/><W54/><G72/><T56/><D100/><U107/><E111/><V75/><F40/><W92/><G67/><T5/><D38/><U47/><E115/><V2/><F2/><W97/><G131/><T33/><D56/><U114/><E114/><V83/><F73/><W106/><G127/><N who="2" m="48713" /><F91/><W128/><G128/><T11/><D5/><U8/><E34/><V70/><F70/><W61/><G61/><AGARI ba="0,0" hai="52,57,61,65,66,75,78,83,98,103,105" m="48713" machi="61" ten="30,2900,0" yaku="18,1,54,1" doraHai="7" who="2" fromWho="3" sc="276,0,278,0,170,29,276,-29" /><INIT seed="6,1,0,4,2,109" ten="276,278,199,247" oya="2" hai0="103,69,57,50,31,53,74,64,8,75,82,61,73" hai1="1,129,39,98,77,62,37,30,118,24,111,78,92" hai2="18,45,44,19,130,121,3,135,32,119,65,70,59" hai3="123,84,23,76,105,20,26,49,38,21,110,33,114"/><V106/><F121/><W90/><G38/><T63/><D31/><U116/><E111/><V29/><F119/><W120/><G105/><T10/><D103/><U54/><E1/><V5/><F70/><W58/><G76/><T104/><D104/><U4/><E4/><V124/><F106/><W25/><G110/><T122/><D122/><U51/><E129/><V97/><F130/><W12/><G114/><T68/><D82/><U52/><E37/><V113/><F97/><W100/><G100/><T115/><D115/><U46/><E39/><V132/><F113/><W101/><G101/><T133/><D133/><N who="2" m="51274" /><F124/><W107/><G107/><T41/><D41/><U56/><E116/><V95/><F95/><N who="3" m="54727" /><G33/><T87/><D87/><U96/><E118/><V66/><F29/><W112/><G112/><T35/><D35/><U28/><E28/><V89/><F89/><W22/><G123/><T88/><D88/><N who="1" m="55303" /><E98/><V40/><F32/><W126/><G126/><T117/><D117/><U83/><E83/><V99/><F99/><W9/><N who="3" m="5120" /><DORA hai="42" /><W14/><G120/><T71/><D71/><U11/><E30/><V102/><F102/><W13/><G9/><T34/><D34/><U6/><E24/><V36/><F44/><W125/><G125/><T127/><D127/><U60/><E60/><N who="2" m="38047" /><F66/><AGARI ba="1,0" hai="8,10,50,53,57,61,63,64,66,68,69,73,74,75" machi="66" ten="40,1300,0" yaku="9,1" doraHai="109,42" who="0" fromWho="2" sc="276,16,278,0,199,-16,247,0" /><INIT seed="7,0,0,4,3,61" ten="292,278,183,247" oya="3" hai0="59,75,45,111,24,101,129,9,34,1,78,8,116" hai1="86,94,67,29,69,28,37,40,19,10,53,55,35" hai2="73,16,23,52,90,98,97,104,96,114,123,82,42" hai3="12,133,65,7,57,99,127,49,46,36,121,25,58"/><W62/><G121/><T125/><D101/><U11/><E37/><V32/><F32/><W126/><G36/><T109/><D59/><U95/><E40/><V2/><F123/><W131/><G131/><T72/><D45/><U50/><E35/><V79/><F2/><W88/><G25/><T132/><D24/><U38/><E38/><V14/><F114/><W39/><G39/><T31/><D78/><U0/><E0/><V33/><F42/><W51/><G58/><T56/><D56/><U54/><E50/><V118/><F118/><W76/><G76/><T66/><D31/><U5/><E19/><V102/><F33/><W106/><G106/><T119/><D34/><U105/><E105/><V44/><REACH who="2" step="1"/><F90/><REACH who="2" ten="292,278,173,247" step="2"/><W124/><G133/><T85/><D132/><U77/><E77/><V108/><F108/><W120/><G120/><T70/><D1/><U17/><E53/><V4/><F4/><W6/><G6/><T80/><D111/><U117/><E5/><V100/><F100/><W84/><G126/><T21/><D109/><U87/><E117/><V18/><F18/><W13/><G7/><T48/><D125/><U92/><E17/><V22/><F22/><W110/><G127/><T128/><D21/><U15/><E55/><V81/><F81/><W91/><G124/><T113/><D80/><U122/><E54/><V74/><F74/><W83/><G110/><T115/><D72/><U130/><E122/><V68/><F68/><W93/><G49/><AGARI ba="0,1" hai="14,16,23,44,49,52,73,79,82,96,97,98,102,104" machi="49" ten="40,5200,0" yaku="1,1,54,2,53,0" doraHai="61" doraHaiUra="134" who="2" fromWho="3" sc="292,0,278,0,173,62,247,-52" /><INIT seed="8,0,0,5,3,120" ten="292,278,235,195" oya="0" hai0="14,30,68,27,3,64,98,78,106,33,53,105,72" hai1="50,17,4,118,108,85,99,129,1,70,6,73,95" hai2="89,135,83,111,71,88,2,124,54,102,29,20,32" hai3="8,10,52,112,56,47,115,61,97,39,23,0,134"/><T128/><D3/><U26/><E73/><V69/><F2/><W41/><G134/><T76/><D106/><U37/><E108/><V63/><F32/><W44/><G23/><T60/><D128/><U74/><E74/><V15/><F111/><W96/><G47/><T94/><D72/><U130/><E37/><V121/><F121/><W110/><G110/><T11/><D53/><U117/><E70/><V116/><F102/><W22/><G22/><T46/><D46/><U133/><E85/><V40/><F40/><W127/><G127/><T62/><D62/><U31/><E50/><V5/><F5/><W125/><G125/><T21/><D21/><U123/><E123/><V77/><F135/><W131/><G131/><N who="1" m="50186" /><E17/><V18/><F69/><W91/><G0/><T109/><D109/><U101/><E133/><V67/><F124/><W122/><G122/><T59/><D59/><U90/><E90/><V100/><F100/><W103/><G91/><T132/><D132/><U65/><E65/><V75/><F29/><W49/><G39/><T48/><D48/><U93/><E93/><V82/><F83/><W113/><REACH who="3" step="1"/><G97/><REACH who="3" ten="292,278,235,185" step="2"/><T13/><D98/><U12/><E1/><V19/><F89/><W42/><G42/><T35/><D35/><N who="1" m="20983" /><E12/><V25/><F88/><W66/><G66/><T79/><D13/><U119/><AGARI ba="0,1" hai="4,6,95,99,101,117,118,119" m="20983,50186" machi="119" ten="40,2700,0" yaku="16,1,19,1" doraHai="120" who="1" fromWho="1" sc="292,-13,278,37,235,-7,185,-7" owari="279,8.0,315,41.0,228,-17.0,178,-32.0" /></mjloggm>