<mjloggm ver="2.3"><GO type="169" lobby="0"/><UN n0="%E3%82%88%E3%81%97%E3%81%8E" n1="%E3%83%8F%E3%82%A4%E3%82%B6%E3%83%A9" n2="%E3%82%A6%E3%83%AB%E3%83%88%E3%83%A9%E7%AB%8B%E7%9B%B4" n3="%45%6C%64%69%73%5F%43" dan="16,17,18,16" rate="2163.77,2181.46,2239.70,2029.77" sx="M,M,M,F"/><TAIKYOKU oya="0"/><INIT seed="0,0,0,5,0,97" ten="250,250,250,250" oya="0" hai0="19,83,44,85,66,76,11,2,42,74,106,114,99" hai1="132,6,60,22,21,121,31,58,55,62,26,77,134" hai2="20,102,24,71,110,135,61,129,72,92,81,8,69" hai3="39,79,28,84,93,101,23,3,32,100,49,50,80"/><T98/><D114/><U89/><E121/><V90/><F110/><W43/><G39/><T53/><D53/><U117/><E117/><V65/><F129/><W36/><G3/><T45/><D66/><U122/><E122/><V5/><F135/><W113/><G113/><T78/><D45/><U57/><E77/><V33/><F81/><W108/><G108/><T73/><D19/><U107/><E107/><V120/><F72/><W112/><G32/><T82/><D85/><U126/><E89/><V119/><F33/><W4/><G4/><T17/><D106/><U115/><E115/><V127/><F127/><W37/><G37/><N who="0" m="21583" /><D17/><U104/><E104/><V123/><F119/><W59/><G36/><T54/><D54/><U133/><E6/><AGARI ba="0,0" hai="2,6,11,73,74,76,78,82,83,98,99" m="21583" machi="6" ten="30,1500,0" yaku="25,1" doraHai="97" who="0" fromWho="1" sc="250,15,250,-15,250,0,250,0" /><INIT seed="0,1,0,2,4,40" ten="265,235,250,250" oya="0" hai0="35,44,134,91,86,62,85,81,1,13,22,132,18" hai1="43,65,48,135,82,124,102,14,39,41,71,60,23" hai2="69,9,55,57,28,123,95,133,45,26,76,117,36" hai3="84,50,20,116,93,25,46,125,33,5,92,94,47"/><T131/><D35/><U126/><E102/><V16/><F123/><W112/><G116/><T130/><D1/><U24/><E14/><V67/><F117/><W42/><G112/><T12/><D12/><U109/><E109/><V98/><F76/><W89/><G33/><T61/><D86/><U128/><E39/><V110/><F110/><W70/><G70/><T100/><D100/><U96/><E96/><V121/><F133/><N who="0" m="51306" /><D44/><N who="1" m="25615" /><E43/><V27/><F121/><W4/><G125/><N who="1" m="48234" /><E135/><V64/><F45/><N who="3" m="25911" /><G4/><T103/><D103/><U56/><E82/><V101/><F36/><W17/><G5/><T66/><D66/><U107/><E107/><V73/><F69/><W99/><G99/><T90/><D91/><U30/><E71/><V79/><F79/><W34/><G34/><T78/><D90/><U119/><E119/><V21/><F73/><W106/><G106/><T88/><D78/><U118/><E118/><V11/><F67/><W105/><G105/><T97/><D97/><U108/><E108/><V75/><F64/><W122/><G122/><T32/><D32/><U38/><E38/><V49/><REACH who="2" step="1"/><F75/><REACH who="2" ten="265,235,240,250" step="2"/><W115/><G115/><T129/><AGARI ba="1,1" hai="13,18,22,61,62,81,85,88,129,130,131" m="51306" machi="129" ten="40,7800,0" yaku="19,1,20,1,54,1" doraHai="40" who="0" fromWho="0" sc="265,91,235,-27,240,-27,250,-27" /><INIT seed="0,2,0,5,5,58" ten="356,208,213,223" oya="0" hai0="27,80,102,47,54,52,12,35,107,110,23,41,3" hai1="61,126,43,115,38,67,11,0,89,40,5,103,93" hai2="112,132,25,128,82,83,100,60,20,50,13,73,28" hai3="92,22,72,125,86,46,30,76,9,14,19,45,133"/><T114/><D114/><U96/><E126/><V62/><F112/><W124/><G133/><T21/><D3/><U84/><E115/><V49/><F128/><W129/><G129/><T2/><D2/><U51/><E38/><V24/><F132/><W39/><G39/><T36/><D35/><U65/><E51/><N who="2" m="19467" /><F73/><W68/><G68/><T116/><D116/><U31/><E31/><V119/><F119/><W8/><G8/><T78/><D12/><U127/><E67/><V75/><F75/><W120/><G120/><T6/><D6/><U104/><REACH who="1" step="1"/><E127/><REACH who="1" ten="356,198,213,223" step="2"/><V108/><F108/><W56/><G30/><T105/><D110/><U123/><E123/><V90/><F100/><W101/><G101/><T109/><D109/><U94/><E94/><V26/><F28/><W53/><G125/><T130/><D130/><U91/><E91/><V131/><F131/><W88/><G124/><T117/><D105/><U98/><E98/><V121/><F121/><W77/><G77/><T122/><D122/><U71/><AGARI ba="2,1" hai="0,5,11,40,43,61,65,71,84,89,93,96,103,104" machi="71" ten="20,8000,1" yaku="1,1,0,1,7,1,52,1,53,1" doraHai="58" doraHaiUra="32" who="1" fromWho="1" sc="356,-42,198,96,213,-22,223,-22" /><INIT seed="1,0,0,3,4,119" ten="314,294,191,201" oya="1" hai0="99,112,118,102,41,77,92,127,19,48,121,98,23" hai1="83,125,96,103,123,134,97,126,67,42,107,10,88" hai2="58,78,71,62,40,55,133,33,79,46,131,6,56" hai3="5,75,21,87,135,9,65,109,68,90,80,18,13"/><U17/><E67/><V116/><F116/><W113/><G109/><T37/><D118/><U31/><E31/><V73/><F131/><W91/><G135/><T47/><D112/><U57/><E42/><V100/><F133/><W1/><G113/><T0/><D0/><U108/><E57/><V50/><F33/><W120/><G75/><T105/><D77/><U111/><E134/><V14/><F73/><W63/><REACH who="3" step="1"/><G120/><REACH who="3" ten="314,294,191,191" step="2"/><T39/><D121/><U74/><E123/><V16/><F6/><W32/><G32/><T27/><REACH who="0" step="1"/><D127/><REACH who="0" ten="304,294,191,191" step="2"/><U84/><E126/><V24/><F78/><AGARI ba="0,2" hai="1,5,9,13,18,21,63,65,68,78,80,87,90,91" machi="78" ten="30,3900,0" yaku="1,1,7,1,53,1" doraHai="119" doraHaiUra="11" who="3" fromWho="2" sc="304,0,294,0,191,-39,191,59" /><INIT seed="2,0,0,2,2,109" ten="304,294,152,250" oya="2" hai0="120,90,3,59,46,39,27,34,69,88,108,26,77" hai1="123,105,127,124,116,111,32,113,50,102,125,22,95" hai2="128,42,118,71,130,122,33,97,84,110,51,135,15" hai3="87,76,73,24,45,48,56,92,57,81,100,54,62"/><V93/><F118/><W6/><G6/><T53/><D69/><U115/><E116/><V1/><F1/><W107/><G24/><T4/><D120/><U99/><E111/><V129/><F122/><W13/><G13/><T121/><D121/><U44/><E123/><V119/><F110/><W66/><G107/><T8/><D108/><U112/><E22/><V106/><F119/><W30/><G30/><T91/><D34/><U85/><E32/><V75/><F75/><W31/><G31/><T65/><D65/><U134/><E134/><V133/><F71/><W68/><REACH who="3" step="1"/><G100/><REACH who="3" ten="304,294,152,240" step="2"/><T101/><D101/><U28/><E28/><V104/><F33/><W25/><G25/><T52/><D27/><U19/><E19/><V132/><F104/><W60/><G60/><T35/><D26/><U0/><E0/><V7/><F106/><W63/><G63/><T94/><D35/><U89/><REACH who="1" step="1"/><E127/><REACH who="1" ten="304,284,152,240" step="2"/><V11/><F135/><W83/><G83/><T10/><D3/><U38/><E38/><V37/><F37/><W9/><G9/><T82/><D39/><U20/><E20/><V21/><F133/><W96/><G96/><N who="0" m="57415" /><D10/><U61/><E61/><V47/><F132/><W23/><G23/><T14/><D8/><U2/><E2/><V117/><F117/><W131/><G131/><T114/><D4/><U74/><E74/><V64/><F130/><W103/><G103/><T98/><D14/><U5/><E5/><V18/><F129/><W36/><G36/><T72/><D72/><U43/><AGARI ba="0,2" hai="43,44,50,85,89,95,99,102,105,112,113,115,124,125" machi="43" ten="40,8000,1" yaku="1,1,0,1,52,3,53,0" doraHai="109" doraHaiUra="126" who="1" fromWho="1" sc="304,-20,284,100,152,-40,240,-20" /><INIT seed="3,0,0,0,3,117" ten="284,384,112,220" oya="3" hai0="135,47,15,18,60,23,120,24,78,37,1,44,34" hai1="92,97,13,49,124,109,51,119,63,25,40,113,101" hai2="17,86,77,10,59,9,93,83,74,19,64,42,123" hai3="22,107,127,38,69,70,126,104,27,3,4,12,62"/><W114/><G38/><T33/><D135/><U71/><E113/><V103/><F42/><W5/><G114/><T121/><D78/><U32/><E109/><V8/><F64/><W41/><G41/><T52/><D37/><U105/><E124/><N who="3" m="47658" /><G3/><T91/><D34/><U54/><E119/><V72/><F59/><W134/><G134/><T102/><D102/><U35/><E13/><V76/><F103/><W112/><G112/><T30/><D91/><U122/><E92/><V55/><F55/><W115/><G115/><T116/><D116/><U14/><E14/><V111/><F111/><W75/><G75/><T50/><D60/><U39/><E35/><V65/><F65/><N who="3" m="41143" /><G70/><T81/><D81/><U45/><E54/><V99/><F74/><W2/><G2/><T67/><D67/><N who="1" m="41471" /><E51/><V68/><F68/><W73/><G73/><T80/><D44/><U87/><E49/><V46/><F46/><W28/><G12/><T11/><D80/><U84/><E45/><V21/><F72/><W131/><G131/><T56/><D47/><U95/><E40/><V57/><F57/><W94/><G94/><T125/><D125/><U106/><E39/><V0/><F0/><W16/><G28/><T7/><AGARI ba="0,0" hai="1,7,11,15,18,23,24,30,33,50,52,56,120,121" machi="7" ten="30,12000,2" yaku="0,1,24,2,52,2,54,1" doraHai="117" who="0" fromWho="0" sc="284,120,384,-30,112,-30,220,-60" /><INIT seed="4,0,0,4,5,114" ten="404,354,82,160" oya="0" hai0="113,110,38,133,130,19,51,43,60,14,88,54,107" hai1="96,65,132,23,112,30,75,116,33,122,45,127,87" hai2="7,17,106,9,42,81,103,115,29,24,109,55,135" hai3="89,16,39,99,37,98,3,25,66,44,85,74,32"/><T20/><D107/><U10/><E75/><V6/><F109/><W67/><G74/><T68/><D113/><U13/><E33/><V1/><F115/><W4/><G4/><T97/><D110/><U123/><E112/><V100/><F135/><W28/><G3/><T105/><D133/><U31/><E65/><V21/><F106/><W134/><G134/><T72/><D72/><U119/><E45/><V131/><F131/><W64/><G39/><T94/><D105/><U15/><E132/><V62/><F42/><W126/><G126/><T78/><D130/><U18/><E87/><V76/><F7/><W34/><G34/><T118/><D78/><U124/><E96/><V102/><F62/><W125/><G125/><N who="1" m="48202" /><E31/><V50/><F81/><W117/><G117/><N who="1" m="45130" /><E30/><V80/><F29/><W92/><G44/><N who="0" m="26015" /><D118/><U108/><E108/><V5/><F76/><W104/><G104/><T90/><D38/><U36/><E36/><V11/><F80/><W53/><G37/><T52/><D68/><U12/><E10/><V35/><F35/><W86/><G86/><N who="0" m="52503" /><D60/><U71/><E71/><V59/><REACH who="2" step="1"/><F103/><REACH who="2" ten="404,354,72,160" step="2"/><W61/><G32/><T2/><D2/><AGARI ba="0,1" hai="1,2,5,6,9,11,17,21,24,50,55,59,100,102" machi="2" ten="30,7700,0" yaku="1,1,2,1,7,1,9,1,53,0" doraHai="114" doraHaiUra="73" who="2" fromWho="0" sc="404,-77,354,0,72,87,160,0" /><INIT seed="5,0,0,5,2,30" ten="327,354,159,160" oya="1" hai0="95,32,91,50,100,90,73,23,48,0,106,54,19" hai1="17,3,72,76,34,36,125,52,94,121,45,118,8" hai2="63,62,13,98,132,29,130,117,6,59,128,133,24" hai3="126,87,115,135,25,37,10,84,81,111,129,97,41"/><U35/><E118/><V74/><F74/><W104/><G111/><T27/><D73/><U127/><E121/><V123/><F123/><W83/><G115/><T119/><D119/><U22/><E94/><V110/><F110/><W70/><G70/><T16/><D0/><U124/><E36/><V85/><F117/><W93/><G10/><T61/><D106/><U114/><E114/><V69/><F69/><W58/><G58/><N who="0" m="35031" /><D32/><N who="1" m="12331" /><E72/><V39/><F39/><W116/><G25/><T86/><D100/><U96/><E96/><V75/><F75/><W7/><G97/><N who="0" m="57591" /><D19/><U40/><E76/><V47/><F98/><W102/><G102/><T105/><D105/><U53/><E8/><V2/><F85/><W99/><G87/><T101/><D101/><U26/><E3/><V4/><F2/><W60/><G84/><T82/><AGARI ba="0,0" hai="16,23,27,48,50,82,86,91" m="57591,35031" machi="82" ten="30,4000,0" yaku="25,1,8,1,54,1" doraHai="30" who="0" fromWho="0" sc="327,40,354,-20,159,-10,160,-10" /><INIT seed="6,0,0,2,5,62" ten="367,334,149,150" oya="2" hai0="119,129,134,18,10,15,82,121,31,57,38,112,77" hai1="115,97,16,123,45,44,8,32,52,93,80,43,7" hai2="11,64,30,68,130,87,107,29,4,113,22,37,96" hai3="20,61,39,120,24,5,1,6,114,126,74,103,35"/><V95/><F37/><W125/><G120/><T117/><D121/><U101/><E123/><V133/><F107/><W91/><G39/><T58/><D112/><U54/><E32/><V94/><F130/><W26/><G103/><T106/><D129/><U99/><E115/><V89/><F133/><W21/><G114/><T51/><D106/><U2/><E99/><V108/><F108/><W86/><G74/><N who="0" m="43319" /><D38/><U53/><E43/><V75/><F75/><W25/><G61/><T105/><D105/><U98/><E80/><V135/><F135/><W110/><G91/><T14/><D134/><U109/><E109/><V132/><F132/><W76/><G76/><T47/><D15/><U9/><REACH who="1" step="1"/><E98/><REACH who="1" ten="367,324,149,150" step="2"/><V67/><F113/><W122/><G110/><T40/><D31/><U124/><E124/><N who="3" m="47722" /><G122/><T92/><D92/><U118/><E118/><AGARI ba="0,1" hai="10,14,18,40,47,51,57,58,117,118,119" m="43319" machi="118" ten="30,1000,0" yaku="12,1" doraHai="62" who="0" fromWho="1" sc="367,20,324,-10,149,0,150,0" /><INIT seed="7,0,0,3,5,35" ten="387,314,149,150" oya="3" hai0="4,12,114,100,65,16,94,34,84,134,9,17,128" hai1="62,92,6,22,71,125,46,13,53,37,90,91,68" hai2="60,80,26,78,89,41,55,135,98,132,113,93,130" hai3="97,88,48,3,110,50,81,8,67,30,75,14,107"/><W42/><G3/><T33/><D33/><U57/><E125/><V61/><F41/><W103/><G110/><T86/><D34/><U38/><E91/><V74/><F113/><W106/><G30/><T112/><D128/><U18/><E6/><V56/><F130/><W49/><G67/><T21/><D65/><U23/><E23/><V27/><F61/><W96/><G42/><T111/><D134/><AGARI ba="0,0" hai="26,27,55,56,60,74,78,80,89,93,98,132,134,135" machi="134" ten="40,1300,0" yaku="20,1" doraHai="35" who="2" fromWho="0" sc="387,-13,314,0,149,13,150,0" owari="374,48.0,314,11.0,162,-24.0,150,-35.0" /></mjloggm>