<mjloggm ver="2.3"><GO type="169" lobby="0"/><UN n0="%61%6D%61%6E%65%2D" n1="%54%41%52%4B%4F%49%5A%55" n2="%E8%BF%BD%E6%86%B6%E3%81%AE%E3%83%B4%E3%82%A3%E3%83%B4%E3%82%A3" n3="%E3%82%A6%E3%83%AB%E3%83%88%E3%83%A9%E7%AB%8B%E7%9B%B4" dan="16,16,16,18" rate="2071.20,2160.23,2158.15,2249.88" sx="M,M,M,M"/><TAIKYOKU oya="0"/><INIT seed="0,0,0,3,3,103" ten="250,250,250,250" oya="0" hai0="23,126,109,112,84,101,98,73,121,107,26,87,133" hai1="125,70,44,16,78,91,12,69,19,39,92,53,58" hai2="18,36,21,63,22,61,51,130,75,68,32,100,10" hai3="102,1,128,106,111,108,118,105,50,3,66,59,49"/><T88/><D112/><U71/><E78/><V14/><F36/><W40/><G118/><T122/><D73/><U134/><E134/><V38/><F38/><W132/><G132/><T62/><D133/><U45/><E125/><V7/><F130/><W135/><G135/><T104/><D104/><N who="3" m="40041" /><G102/><T93/><D126/><U46/><E39/><V67/><F100/><W2/><G40/><T110/><D62/><U47/><N who="1" m="11264" /><DORA hai="9" /><U76/><E76/><V57/><F75/><W119/><G119/><T80/><D23/><U131/><E12/><V35/><F51/><N who="3" m="19467" /><G59/><T13/><D13/><U37/><E37/><V77/><F77/><W28/><G28/><T31/><D26/><U25/><E25/><V117/><F22/><W90/><G90/><N who="0" m="51463" /><D31/><U81/><E81/><V34/><F117/><W94/><G94/><T129/><D129/><U41/><E41/><V48/><F48/><W120/><G128/><T74/><D74/><U116/><E116/><V29/><F29/><W115/><G115/><T60/><D60/><U5/><E131/><V52/><REACH who="2" step="1"/><F35/><REACH who="2" ten="250,250,240,250" step="2"/><W56/><G120/><AGARI ba="0,1" hai="87,88,93,98,101,107,109,110,120,121,122" m="51463" machi="120" ten="30,11600,0" yaku="34,2,52,1,54,1" doraHai="103,9" who="0" fromWho="3" sc="250,126,250,0,240,0,250,-116" /><INIT seed="0,1,0,2,3,69" ten="376,250,240,134" oya="0" hai0="130,42,28,123,37,78,36,13,22,62,91,82,129" hai1="44,24,98,115,40,68,112,132,121,126,34,110,58" hai2="46,23,19,128,17,120,45,116,43,94,54,56,50" hai3="57,39,101,8,83,38,27,108,41,97,89,79,5"/><T55/><D123/><U114/><E121/><V7/><F120/><W18/><G108/><T51/><D42/><U16/><E68/><V75/><F116/><W72/><G89/><T11/><D91/><U134/><E110/><V77/><F128/><N who="0" m="49258" /><D62/><U73/><E73/><V135/><F135/><W131/><G131/><T88/><D88/><U48/><E126/><V2/><F94/><W99/><G57/><N who="0" m="33023" /><D22/><N who="1" m="13383" /><E34/><V67/><F67/><W0/><G41/><T1/><D28/><U20/><E20/><V60/><F46/><W47/><G47/><T30/><D30/><U119/><E119/><V26/><F2/><W4/><G97/><T32/><D1/><U21/><E98/><V111/><F111/><W74/><G27/><T52/><D52/><N who="1" m="32007" /><E21/><V66/><F23/><W85/><G0/><T14/><D32/><U109/><E109/><V86/><F43/><W118/><G99/><T105/><D105/><U63/><E63/><V76/><F60/><W29/><G118/><T12/><D11/><U15/><E15/><V93/><F66/><W53/><G8/><T104/><D104/><U124/><E124/><V33/><F33/><W3/><G3/><T81/><D81/><U103/><E103/><V106/><F106/><W100/><G100/><T10/><D10/><U25/><E25/><V31/><F26/><W80/><G101/><T113/><D82/><U133/><E133/><V125/><F31/><W59/><G83/><T122/><D122/><U96/><E96/><V70/><F125/><W95/><G80/><T61/><D61/><U107/><E107/><V90/><F70/><RYUUKYOKU ba="1,0" sc="376,-10,250,30,240,-10,134,-10" hai1="40,44,112,114,115,132,134" /><INIT seed="1,2,0,0,0,99" ten="366,280,230,124" oya="1" hai0="112,93,31,89,64,40,74,28,16,84,22,124,116" hai1="43,129,53,57,67,85,19,4,106,55,130,3,73" hai2="88,21,29,12,123,98,27,48,26,91,47,135,17" hai3="62,75,118,77,35,97,100,94,82,1,14,114,107"/><U10/><E73/><V79/><F123/><W121/><G1/><T127/><D112/><U76/><E106/><V81/><F135/><W58/><G35/><T71/><D116/><U117/><E117/><V110/><F110/><W24/><G118/><T78/><D40/><U13/><E43/><V18/><F27/><W90/><G121/><T39/><D39/><U46/><E46/><V131/><F131/><N who="1" m="50185" /><E67/><V6/><F6/><W65/><G24/><T104/><D104/><U132/><E132/><V111/><F111/><W125/><G125/><N who="0" m="48203" /><D64/><U23/><E57/><V5/><F5/><W42/><G42/><T8/><D8/><U59/><E59/><V30/><F18/><W9/><G114/><T133/><D133/><U119/><E119/><V32/><F30/><W38/><G38/><T102/><D71/><U25/><E3/><V83/><F98/><W70/><G70/><T109/><D109/><U95/><E76/><V113/><F113/><W105/><REACH who="3" step="1"/><G90/><AGARI ba="2,0" hai="4,10,13,19,23,25,53,55,85,90,95" m="50185" machi="90" ten="30,1500,0" yaku="19,1" doraHai="99" who="1" fromWho="3" sc="366,0,280,21,230,0,124,-21" /><INIT seed="1,3,0,2,3,9" ten="366,301,230,103" oya="1" hai0="38,106,65,24,35,18,123,6,10,99,3,126,71" hai1="121,15,7,88,103,134,23,55,91,77,66,41,54" hai2="124,12,22,16,14,111,82,73,119,49,130,115,32" hai3="132,78,62,13,76,5,110,120,84,85,25,105,116"/><U31/><E121/><V58/><F119/><W129/><G105/><T118/><D118/><U75/><E75/><V53/><F32/><W87/><G120/><T70/><D123/><U86/><E103/><V67/><F111/><W36/><G116/><T52/><D38/><U104/><E104/><V96/><F130/><W127/><G36/><T79/><D79/><U1/><E1/><V39/><F39/><W98/><G110/><T42/><D42/><U30/><E41/><V34/><F34/><W117/><G117/><T109/><D109/><U102/><E102/><V19/><F124/><W26/><G127/><T8/><D65/><U125/><E66/><V80/><F115/><W74/><G74/><T97/><D106/><U63/><E134/><V48/><F96/><W43/><G43/><T113/><D113/><U81/><E125/><V69/><F73/><W108/><G108/><T122/><D122/><U21/><E91/><V11/><REACH who="2" step="1"/><F49/><REACH who="2" ten="366,301,220,103" step="2"/><W0/><G98/><T61/><D99/><U37/><E37/><V47/><F47/><W57/><G129/><T4/><D97/><U101/><E101/><V114/><F114/><W33/><G33/><T94/><D35/><U107/><E107/><V83/><F83/><W46/><G46/><T64/><D126/><U45/><E45/><V68/><F68/><W72/><G72/><T90/><D70/><U27/><E81/><V135/><F135/><W29/><G132/><T28/><D71/><U92/><E92/><V128/><F128/><W50/><G50/><T133/><D94/><U131/><E131/><V40/><F40/><RYUUKYOKU ba="3,1" sc="366,-10,301,-10,220,30,103,-10" hai2="11,12,14,16,19,22,48,53,58,67,69,80,82" /><INIT seed="2,4,1,3,1,126" ten="356,291,250,93" oya="2" hai0="50,55,122,10,75,66,133,59,33,46,123,21,27" hai1="2,111,61,103,110,31,134,76,4,117,89,97,109" hai2="112,105,72,44,48,26,67,54,130,62,6,32,83" hai3="113,70,118,92,38,37,98,1,93,25,56,87,80"/><V131/><F112/><W24/><G70/><T104/><D75/><U8/><E117/><V85/><F72/><W12/><G1/><T29/><D104/><U9/><E134/><V16/><F105/><W42/><G118/><T73/><D73/><U45/><E76/><V81/><F6/><W114/><G12/><T77/><D77/><U71/><E8/><V60/><F60/><W90/><G56/><T120/><D133/><U127/><E127/><V102/><F102/><W47/><G38/><T28/><D10/><U119/><E119/><V53/><F53/><W128/><G92/><T94/><D94/><N who="1" m="56527" /><E45/><V65/><F65/><W116/><G116/><T82/><D82/><U51/><E51/><V15/><F26/><W63/><G63/><T91/><D91/><U35/><E103/><V13/><F32/><W96/><G96/><T129/><D28/><U100/><E100/><V58/><F15/><W106/><G106/><T108/><D33/><U52/><E31/><V64/><F64/><W101/><REACH who="3" step="1"/><G128/><REACH who="3" ten="356,291,250,83" step="2"/><N who="2" m="49193" /><F85/><W43/><G43/><T86/><D129/><U132/><E71/><V88/><F88/><W74/><G74/><T5/><D120/><U121/><E121/><V107/><F107/><W14/><G14/><T78/><D123/><U39/><E132/><V30/><F30/><W124/><G124/><T17/><D122/><U69/><E69/><V115/><F115/><AGARI ba="4,2" hai="24,25,37,42,47,80,87,90,93,98,101,113,114,115" machi="115" ten="40,5200,0" yaku="1,1,11,1,53,1" doraHai="126" doraHaiUra="99" who="3" fromWho="2" sc="356,0,291,0,250,-64,83,84" /><INIT seed="3,0,0,0,0,24" ten="356,291,186,167" oya="3" hai0="29,78,69,100,77,16,101,55,102,98,11,125,118" hai1="10,54,73,33,67,124,9,75,123,50,7,79,40" hai2="46,22,120,41,20,57,99,36,113,82,97,49,43" hai3="0,19,27,14,117,109,128,66,34,15,106,12,1"/><W133/><G106/><T92/><D118/><U42/><E123/><V85/><F113/><W108/><G66/><T76/><D69/><U95/><E67/><V122/><F22/><N who="3" m="13791" /><G117/><T2/><D125/><U87/><E33/><V70/><F70/><W5/><G128/><T60/><D29/><U86/><E75/><V8/><F8/><N who="3" m="4111" /><G133/><T45/><D2/><N who="3" m="1129" /><G34/><T23/><D60/><U71/><E73/><V105/><F105/><W58/><G58/><T130/><D130/><U83/><E71/><V3/><F43/><W81/><G81/><T63/><D63/><U135/><E124/><V4/><F36/><W96/><G96/><T103/><D55/><U52/><E54/><V131/><F57/><W35/><G35/><T64/><D45/><U37/><E37/><V44/><F44/><W56/><G56/><T26/><D64/><U110/><E42/><V48/><F48/><W84/><G84/><T72/><D72/><U132/><E40/><V53/><F41/><W65/><G65/><T126/><D126/><U25/><E87/><V112/><F131/><W90/><G90/><T51/><D51/><U115/><E52/><V68/><F53/><W47/><G47/><T32/><D32/><U39/><E50/><V62/><F49/><W107/><G107/><T121/><D103/><U6/><E39/><V104/><F46/><W80/><G80/><T21/><D102/><U31/><E83/><V30/><F62/><W127/><G127/><T116/><D101/><U94/><E132/><V38/><F68/><W28/><G28/><T114/><D100/><U134/><E31/><RYUUKYOKU ba="0,0" sc="356,-10,291,-10,186,-10,167,30" hai3="14,15,108,109" /><INIT seed="3,1,0,1,3,27" ten="346,281,176,197" oya="3" hai0="124,114,131,13,79,121,116,64,52,128,73,34,127" hai1="44,105,96,61,122,62,46,78,24,101,99,19,112" hai2="22,103,60,37,71,120,84,59,90,86,67,95,5" hai3="76,119,11,98,97,54,2,65,20,1,117,81,108"/><W93/><G108/><T23/><D34/><U133/><E112/><V69/><F120/><W132/><G132/><T53/><D121/><U29/><E133/><V68/><F37/><W87/><G65/><T123/><D123/><U42/><E122/><V115/><F115/><W66/><G66/><T43/><D116/><U40/><E19/><V56/><F103/><W26/><G54/><N who="0" m="21099" /><D114/><U94/><E78/><V113/><F113/><W8/><G97/><T104/><D104/><U118/><E118/><V88/><F5/><W25/><G119/><T33/><D33/><U100/><E44/><V80/><REACH who="2" step="1"/><F22/><REACH who="2" ten="346,281,166,197" step="2"/><W72/><G117/><T38/><D38/><U102/><E102/><V18/><F18/><W111/><G111/><T125/><D125/><U31/><E101/><V77/><F77/><W51/><G20/><T30/><D79/><U28/><E105/><V39/><F39/><W110/><G110/><T70/><D23/><U15/><E100/><V41/><F41/><W126/><G126/><T35/><D43/><U9/><E42/><V82/><F82/><W57/><G76/><T12/><D124/><U47/><E94/><V32/><F32/><W0/><G81/><T106/><D106/><U17/><E40/><V129/><F129/><W16/><G16/><T89/><D35/><U109/><E109/><V83/><F83/><W10/><G93/><T3/><D127/><U91/><E91/><V4/><F4/><W48/><G72/><T85/><D73/><U63/><E17/><V6/><F6/><W107/><G107/><T58/><D131/><U92/><E92/><RYUUKYOKU ba="1,1" sc="346,-10,281,-10,166,30,197,-10" hai2="56,59,60,67,68,69,71,80,84,86,88,90,95" /><INIT seed="4,2,1,2,1,127" ten="336,271,196,187" oya="0" hai0="38,51,8,105,0,47,28,111,39,35,42,6,86" hai1="68,67,64,87,13,132,84,103,17,108,93,102,63" hai2="101,19,89,5,50,15,45,22,27,54,91,80,130" hai3="106,23,36,94,41,122,109,92,7,114,9,56,134"/><T120/><D120/><U95/><E108/><V33/><F130/><W55/><G106/><T65/><D105/><U99/><E132/><V133/><F133/><W26/><G109/><T70/><D111/><U60/><E68/><V48/><F101/><W117/><G117/><T66/><D86/><U72/><E72/><V32/><F50/><W37/><G134/><T100/><D100/><U11/><E102/><V78/><F33/><W96/><G122/><T97/><D97/><U69/><E69/><V25/><F25/><W12/><G114/><T46/><D70/><U98/><E98/><V76/><F76/><W3/><G3/><T121/><D121/><U29/><E29/><V43/><F54/><W75/><G75/><T20/><D35/><U24/><E24/><V90/><F90/><W49/><G41/><T10/><D10/><U73/><E73/><V16/><F32/><W81/><G81/><T119/><D119/><U58/><E58/><V21/><REACH who="2" step="1"/><F5/><REACH who="2" ten="336,271,186,187" step="2"/><W31/><REACH who="3" step="1"/><G96/><REACH who="3" ten="336,271,186,177" step="2"/><T115/><D115/><U110/><E110/><V18/><F18/><W74/><G74/><AGARI ba="2,3" hai="15,16,19,21,22,27,43,45,48,74,78,80,89,91" machi="74" ten="30,8000,1" yaku="1,1,7,1,54,1,53,2" doraHai="127" doraHaiUra="85" who="2" fromWho="3" sc="336,0,271,0,186,116,177,-86" /><INIT seed="5,0,0,4,2,128" ten="336,271,302,91" oya="1" hai0="67,94,85,18,4,121,58,68,43,103,31,112,77" hai1="36,23,20,2,72,105,53,45,109,116,86,38,42" hai2="12,95,117,81,131,113,124,19,51,99,80,47,127" hai3="49,118,134,87,22,111,122,102,24,55,97,73,84"/><U96/><E116/><V101/><F117/><W28/><G118/><T78/><D68/><U74/><E2/><V40/><F131/><W90/><G111/><T70/><D70/><U48/><E38/><V7/><F7/><W30/><G122/><T1/><D121/><U35/><E35/><V82/><REACH who="2" step="1"/><F113/><REACH who="2" ten="336,271,292,91" step="2"/><W60/><G73/><T37/><D4/><U15/><E109/><V34/><F34/><W14/><G134/><T62/><D112/><U16/><E74/><V27/><F27/><W107/><G14/><T133/><D1/><U135/><E72/><V3/><F3/><W89/><G60/><T93/><D133/><U123/><E123/><V119/><F119/><W25/><G87/><T104/><D62/><U106/><E135/><V65/><F65/><W13/><G84/><T59/><D67/><U0/><E0/><V29/><F29/><W126/><G13/><T100/><D31/><U64/><E64/><V129/><F129/><W33/><REACH who="3" step="1"/><G126/><REACH who="3" ten="336,271,292,81" step="2"/><T108/><D85/><U44/><E86/><V10/><AGARI ba="0,2" hai="10,12,19,40,47,51,80,81,82,95,99,101,124,127" machi="10" ten="30,4000,0" yaku="1,1,0,1,53,1" doraHai="128" doraHaiUra="5" who="2" fromWho="2" sc="336,-10,271,-20,292,60,81,-10" /><INIT seed="6,0,0,4,5,30" ten="326,251,352,71" oya="2" hai0="103,21,105,78,0,84,70,25,35,83,28,76,99" hai1="131,135,54,90,109,13,6,94,23,47,123,68,120" hai2="71,67,112,26,104,18,45,97,100,14,79,44,33" hai3="93,102,20,17,31,48,129,80,24,9,81,73,69"/><V16/><F112/><W40/><G129/><T49/><D0/><U88/><E109/><V75/><F75/><W119/><G119/><T66/><D49/><N who="1" m="28991" /><E68/><V121/><F79/><W132/><G69/><T34/><REACH who="0" step="1"/><D78/><REACH who="0" ten="316,251,352,71" step="2"/><U107/><E131/><V2/><F2/><W122/><G48/><T60/><AGARI ba="0,1" hai="21,25,28,34,35,60,66,70,76,83,84,99,103,105" machi="60" ten="30,12000,2" yaku="1,1,2,1,0,1,52,2,53,1" doraHai="30" doraHaiUra="59" who="0" fromWho="0" sc="316,130,251,-30,352,-60,71,-30" /><INIT seed="7,0,0,1,0,47" ten="446,221,292,41" oya="3" hai0="110,17,132,42,66,19,6,51,50,95,106,23,4" hai1="104,125,117,39,102,87,53,18,69,103,61,75,126" hai2="123,58,41,52,55,128,20,135,57,25,118,40,97" hai3="114,30,48,32,84,7,37,46,131,27,130,127,85"/><W109/><G37/><T112/><D106/><U120/><E120/><V77/><F118/><W0/><G114/><T35/><D35/><U65/><E75/><V99/><F123/><W5/><G127/><T16/><D110/><U107/><E39/><V67/><F67/><W13/><G0/><T70/><D42/><N who="2" m="16490" /><F135/><W96/><G109/><T34/><D34/><U63/><E87/><V86/><F128/><N who="3" m="49195" /><G96/><T1/><D1/><U64/><E53/><N who="2" m="20555" /><F99/><W79/><G13/><T60/><D112/><U133/><E133/><V68/><F97/><W14/><G14/><T2/><D132/><U113/><E18/><N who="2" m="12439" /><F68/><W73/><G73/><T3/><D3/><U71/><REACH who="1" step="1"/><E117/><REACH who="1" ten="446,211,292,41" step="2"/><V121/><F121/><W29/><G29/><T83/><D2/><U21/><E21/><V78/><F86/><N who="3" m="33387" /><G79/><AGARI ba="0,1" hai="57,58,77,78,79" m="12439,20555,16490" machi="79" ten="30,2000,0" yaku="8,1,54,1" doraHai="47" who="2" fromWho="3" sc="446,0,211,0,292,30,41,-20" owari="446,55.0,211,-19.0,322,12.0,21,-48.0" /></mjloggm>