<mjloggm ver="2.3"><GO type="169" lobby="0"/><UN n0="%E3%81%84%E3%81%84%E7%AC%91%E9%A1%94" n1="%E3%82%A6%E3%83%AB%E3%83%88%E3%83%A9%E7%AB%8B%E7%9B%B4" n2="%E5%85%83%E7%8F%8D" n3="%E7%92%BD%E7%94%B1%E6%A3%8B%E7%8E%8B" dan="17,17,16,17" rate="2145.79,2145.63,2159.05,2184.80" sx="F,M,M,M"/><TAIKYOKU oya="0"/><INIT seed="0,0,0,3,1,131" ten="250,250,250,250" oya="0" hai0="3,114,98,48,105,115,80,76,55,4,31,88,117" hai1="84,109,75,33,124,50,121,10,28,133,43,125,106" hai2="0,2,15,101,57,113,107,58,17,79,26,63,16" hai3="97,77,24,116,20,13,37,87,45,51,1,130,46"/><T19/><D117/><U69/><E84/><V95/><F107/><W71/><G1/><T81/><D31/><U64/><E10/><V36/><F113/><W86/><G71/><T70/><D70/><U65/><E28/><V126/><F36/><W56/><G130/><T62/><D62/><U104/><E50/><V73/><F126/><W25/><G56/><T30/><D30/><U66/><E43/><V99/><F58/><W83/><G37/><T29/><D29/><U68/><E65/><V111/><F111/><W6/><G116/><T128/><D128/><U89/><E89/><V119/><F119/><W74/><G97/><T93/><D105/><U82/><E82/><V96/><F96/><W12/><G25/><T102/><D102/><U40/><E40/><V110/><F110/><W72/><G86/><T127/><D127/><U118/><E66/><V112/><F112/><W47/><G51/><T9/><D19/><U129/><E64/><V90/><F101/><W52/><G52/><T85/><REACH who="0" step="1"/><D81/><REACH who="0" ten="240,250,250,250" step="2"/><U61/><E61/><V42/><F17/><W60/><G60/><T22/><D22/><U103/><E103/><V18/><F18/><W122/><G20/><T53/><D53/><U27/><E106/><V14/><F63/><W11/><G83/><T49/><D49/><U135/><E124/><V8/><F26/><W35/><G24/><T120/><D120/><U94/><E27/><V134/><F16/><W38/><G122/><T91/><D91/><U39/><E69/><V123/><F123/><W23/><G23/><T34/><D34/><U32/><E33/><RYUUKYOKU ba="0,1" sc="240,30,250,-10,250,-10,250,-10" hai0="3,4,9,48,55,76,80,85,88,93,98,114,115" /><INIT seed="0,1,1,5,3,19" ten="270,240,240,240" oya="0" hai0="9,101,128,80,113,17,108,100,56,132,74,135,10" hai1="119,88,86,65,63,1,51,118,27,87,83,21,2" hai2="67,110,122,107,41,115,61,129,62,77,73,23,15" hai3="59,93,109,14,70,76,89,30,55,125,104,69,75"/><T134/><D113/><U102/><E51/><V24/><F115/><W78/><G104/><T4/><D128/><U37/><E37/><V36/><F122/><W94/><G109/><T44/><D108/><U42/><E42/><V43/><F110/><W46/><G46/><T116/><D116/><U124/><E124/><V81/><F107/><W50/><G94/><T112/><D112/><U126/><E126/><V114/><F114/><W105/><G105/><T90/><D56/><U11/><E102/><V6/><F129/><W60/><G125/><T121/><D121/><U79/><E2/><V58/><F36/><W32/><G14/><N who="0" m="7383" /><D44/><U53/><E53/><V123/><F123/><W5/><G5/><T52/><D52/><U13/><E1/><V28/><REACH who="2" step="1"/><F62/><REACH who="2" ten="270,240,230,240" step="2"/><W7/><G60/><T16/><D135/><U18/><E63/><V0/><F0/><W57/><G70/><T96/><D134/><U3/><E3/><V84/><F84/><W47/><G69/><T12/><D132/><U82/><REACH who="1" step="1"/><E65/><REACH who="1" ten="270,230,230,240" step="2"/><V38/><F38/><W22/><G75/><T95/><D74/><U49/><E49/><V8/><AGARI ba="1,3" hai="6,8,15,23,24,28,41,43,58,61,67,73,77,81" machi="8" ten="30,4000,0" yaku="1,1,0,1,52,1,53,0" doraHai="19" doraHaiUra="133" who="2" fromWho="2" sc="270,-21,230,-11,230,73,240,-11" /><INIT seed="1,0,0,4,0,109" ten="249,219,303,229" oya="1" hai0="32,9,102,93,125,18,53,39,127,1,4,21,95" hai1="118,73,12,112,99,103,98,114,131,87,43,111,11" hai2="124,34,60,69,106,92,45,96,122,58,89,77,55" hai3="85,44,130,16,66,47,31,75,38,133,121,52,116"/><U65/><E118/><V48/><F122/><W83/><G121/><T22/><D39/><U119/><E119/><V105/><F34/><W84/><G116/><T78/><D78/><U70/><E73/><V6/><F124/><N who="0" m="47690" /><D32/><U35/><E35/><V50/><F50/><W104/><G104/><T126/><N who="0" m="47698" /><T0/><DORA hai="117" /><D53/><U19/><E111/><V20/><F77/><W28/><G66/><T134/><D134/><U129/><E43/><V132/><F132/><W36/><G130/><N who="1" m="49674" /><E87/><V123/><F123/><W64/><G64/><T26/><D1/><U76/><E76/><V80/><F80/><W3/><G3/><T82/><D82/><U72/><E72/><V81/><F81/><W86/><G133/><T62/><D62/><N who="1" m="40247" /><E99/><V54/><F69/><W2/><G2/><T88/><D102/><U23/><E11/><V17/><REACH who="2" step="1"/><F6/><REACH who="2" ten="249,219,293,229" step="2"/><W94/><G38/><T5/><D5/><U61/><E61/><V100/><F100/><W51/><G36/><T115/><D4/><U79/><E79/><V37/><F37/><W40/><G83/><T24/><D88/><U15/><E15/><AGARI ba="0,1" hai="15,17,20,45,48,54,55,58,60,89,92,96,105,106" machi="15" ten="30,3900,0" yaku="1,1,7,1,53,1" doraHai="109,117" doraHaiUra="110,42" who="2" fromWho="1" sc="249,0,219,-39,293,49,229,0" /><INIT seed="2,0,0,1,5,125" ten="249,180,342,229" oya="2" hai0="111,9,113,43,11,5,84,38,4,70,26,39,89" hai1="133,101,21,78,88,45,75,6,105,124,92,54,47" hai2="31,46,32,8,127,60,74,95,29,126,48,17,103" hai3="73,97,86,114,130,13,116,96,115,57,123,61,109"/><V55/><F74/><W90/><G123/><T129/><D111/><U52/><E124/><N who="2" m="47659" /><F32/><W99/><G109/><T112/><D70/><U66/><E133/><V49/><F60/><W62/><G116/><T15/><D26/><U28/><E28/><V23/><F8/><W100/><G13/><T18/><D18/><U128/><E66/><V50/><F103/><W30/><G30/><N who="2" m="11273" /><F95/><N who="3" m="54743" /><G73/><T36/><D43/><U22/><E6/><V71/><F71/><W80/><G80/><T82/><REACH who="0" step="1"/><D129/><REACH who="0" ten="239,180,342,229" step="2"/><U79/><E128/><V16/><F17/><W108/><G130/><T83/><D83/><U7/><E7/><V44/><F44/><W58/><G108/><T69/><D69/><U67/><E47/><V77/><F77/><W93/><G115/><T24/><D24/><AGARI ba="0,1" hai="16,23,24,46,48,49,50,55" m="11273,47659" machi="24" ten="30,2900,0" yaku="18,1,54,1" doraHai="125" who="2" fromWho="0" sc="239,-29,180,0,342,39,229,0" /><INIT seed="2,1,0,4,0,49" ten="210,180,381,229" oya="2" hai0="71,10,130,29,84,21,45,120,81,106,105,80,95" hai1="109,121,48,58,122,114,31,97,86,82,36,44,46" hai2="6,72,87,117,111,37,124,100,40,69,67,51,128" hai3="110,25,70,132,89,101,32,19,107,133,27,22,131"/><V76/><F117/><W75/><G75/><T55/><D120/><U116/><E116/><V5/><F72/><W103/><G70/><T125/><D71/><U79/><E114/><V59/><F37/><W112/><G112/><T83/><D125/><U53/><E109/><V38/><F38/><W85/><G110/><T17/><D130/><U16/><E31/><V108/><F108/><W50/><G131/><T34/><D34/><U68/><E68/><V24/><F128/><W1/><G1/><T63/><D10/><U127/><E127/><V113/><F113/><W99/><G50/><N who="0" m="29135" /><D105/><U126/><E126/><V35/><F124/><W92/><G103/><T123/><D106/><U28/><E28/><V54/><F40/><W47/><G47/><T39/><D39/><U15/><E97/><V4/><F111/><W52/><G32/><T102/><D29/><U26/><E26/><V33/><F100/><W78/><G27/><N who="0" m="14767" /><D63/><U18/><E18/><V9/><F9/><W13/><G25/><T94/><D123/><N who="1" m="47115" /><E36/><V129/><F24/><W20/><G20/><AGARI ba="1,0" hai="15,16,20,44,46,48,53,58,79,82,86" m="47115" machi="20" ten="30,3900,0" yaku="13,1,52,1,54,1" doraHai="49" who="1" fromWho="3" sc="210,0,180,42,381,0,229,-42" /><INIT seed="3,0,0,4,2,71" ten="210,222,381,187" oya="3" hai0="45,35,130,82,77,7,85,47,104,28,113,129,37" hai1="10,46,42,114,50,128,58,120,41,101,126,18,56" hai2="64,112,84,119,89,110,21,62,63,90,16,9,57" hai3="91,15,100,121,127,132,54,122,94,133,49,51,32"/><W88/><G32/><T102/><D7/><U0/><E114/><V13/><F112/><W131/><G100/><T83/><D113/><U109/><E120/><N who="3" m="46186" /><G131/><T43/><D82/><U79/><E58/><V103/><F119/><W106/><G106/><T24/><D47/><U36/><E56/><V67/><F103/><W75/><G75/><T97/><AGARI ba="0,0" hai="24,28,35,37,43,45,77,83,85,97,102,104,129,130" machi="97" ten="30,2000,0" yaku="0,1,52,1" doraHai="71" who="0" fromWho="0" sc="210,20,222,-5,381,-5,187,-10" /><INIT seed="4,0,0,0,5,41" ten="230,217,376,177" oya="0" hai0="72,3,89,23,18,43,60,119,62,9,53,0,84" hai1="102,65,94,114,29,92,10,71,31,126,42,32,88" hai2="112,117,115,95,77,86,6,55,97,111,1,2,80" hai3="19,4,58,129,16,101,87,21,51,116,113,35,100"/><T73/><D119/><U64/><E32/><V133/><F111/><W128/><G116/><T130/><D130/><U63/><E126/><V90/><F117/><W12/><G35/><T91/><D91/><U34/><E34/><V134/><F55/><N who="3" m="32127" /><G4/><T15/><D43/><U93/><E114/><N who="2" m="43563" /><F6/><W57/><G113/><T39/><D39/><U78/><E78/><V45/><F45/><W118/><G118/><T27/><D3/><AGARI ba="0,0" hai="1,2,3,77,80,86,90,95,97,133,134" m="43563" machi="3" ten="30,1000,0" yaku="15,1" doraHai="41" who="2" fromWho="0" sc="230,-10,217,0,376,10,177,0" /><INIT seed="5,0,0,3,0,111" ten="220,217,386,177" oya="1" hai0="128,82,0,63,130,26,9,95,4,57,70,47,103" hai1="40,69,120,7,116,65,60,59,15,126,42,99,81" hai2="37,12,112,44,132,35,33,55,68,78,49,77,92" hai3="38,31,121,125,11,79,41,25,5,91,86,89,20"/><U129/><E120/><V113/><F68/><W88/><G121/><T94/><D70/><U39/><E116/><V102/><F37/><W19/><G125/><T93/><D82/><U74/><E126/><V119/><F119/><W14/><G38/><T131/><D47/><U72/><E129/><V97/><F132/><W17/><REACH who="3" step="1"/><G41/><REACH who="3" ten="220,217,386,167" step="2"/><T10/><D26/><U75/><E39/><V1/><F1/><W29/><G29/><T133/><D133/><U73/><E42/><V100/><F12/><W110/><G110/><T66/><REACH who="0" step="1"/><D9/><REACH who="0" ten="210,217,386,167" step="2"/><U58/><E40/><V16/><F102/><AGARI ba="0,2" hai="0,4,10,57,63,66,93,94,95,102,103,128,130,131" machi="102" ten="50,6400,0" yaku="1,1,2,1,19,1,53,0" doraHai="111" doraHaiUra="30" who="0" fromWho="2" sc="210,84,217,0,386,-64,167,0" /><INIT seed="6,0,0,1,0,110" ten="294,217,322,167" oya="2" hai0="8,12,94,44,24,127,98,20,66,71,131,54,85" hai1="87,122,105,83,2,89,15,27,107,99,116,73,42" hai2="133,102,108,59,29,34,16,53,1,109,47,84,7" hai3="121,79,96,58,55,100,50,90,10,67,26,68,101"/><V41/><F133/><W25/><G121/><T104/><D127/><U33/><E2/><V111/><F102/><W4/><G79/><T14/><D131/><U46/><E73/><V86/><F7/><W22/><G90/><T114/><D104/><U135/><E116/><V124/><F1/><W57/><G68/><T75/><D75/><U72/><E72/><V103/><F124/><W77/><G77/><T70/><D85/><U19/><E135/><V9/><F103/><W56/><G101/><T78/><D78/><U11/><E99/><V69/><F69/><W18/><G26/><T126/><D126/><U117/><E117/><V31/><F9/><W128/><G67/><T81/><D81/><U65/><E65/><V30/><F16/><W74/><G74/><T60/><D70/><U134/><E134/><V112/><F34/><W92/><REACH who="3" step="1"/><G128/><REACH who="3" ten="294,217,322,157" step="2"/><T82/><D66/><U62/><E122/><V123/><F123/><W28/><G28/><T39/><D24/><U80/><E27/><V45/><F30/><W120/><G120/><T97/><D71/><U0/><E89/><V93/><F31/><W36/><G36/><T125/><D39/><U21/><E107/><V17/><F29/><W63/><G63/><T115/><D60/><U40/><E62/><V76/><F76/><W129/><G129/><T13/><D125/><U6/><E105/><V48/><F108/><W113/><G113/><T35/><D115/><U37/><E33/><V95/><F111/><W51/><G51/><T119/><D114/><U91/><E80/><V49/><F112/><W5/><G5/><RYUUKYOKU ba="0,1" sc="294,-15,217,15,322,-15,157,15" hai1="0,6,11,15,19,21,37,40,42,46,83,87,91" hai3="4,10,18,22,25,50,55,56,57,58,92,96,100" /><INIT seed="7,1,1,2,2,52" ten="279,232,307,172" oya="3" hai0="20,45,48,95,29,28,21,125,133,47,36,8,134" hai1="38,96,124,6,79,82,94,102,19,5,4,53,39" hai2="84,16,67,66,7,24,103,78,68,58,23,85,51" hai3="130,115,88,110,123,64,57,70,76,30,91,9,126"/><W81/><G123/><T112/><D125/><U31/><E124/><V34/><F68/><W15/><G126/><T0/><D36/><U37/><E31/><V11/><F34/><W92/><G110/><T109/><D109/><U27/><E27/><V62/><F67/><W100/><G115/><T83/><D112/><U18/><REACH who="1" step="1"/><E53/><REACH who="1" ten="279,222,307,172" step="2"/><V3/><F78/><W25/><G130/><T99/><D28/><U17/><E17/><V118/><F118/><W63/><G70/><T41/><D29/><U98/><E98/><V42/><F24/><W132/><G132/><T56/><D99/><U127/><E127/><V111/><F111/><W2/><G2/><T90/><D0/><U106/><E106/><V72/><F16/><N who="3" m="8303" /><G25/><T46/><D134/><U14/><E14/><V43/><F3/><W86/><G30/><T74/><D133/><U32/><E32/><V71/><F71/><W26/><G26/><T22/><D22/><U116/><E116/><V13/><F23/><W54/><G54/><T61/><D20/><U101/><E101/><V104/><F103/><W60/><G60/><T50/><D21/><U1/><E1/><V35/><F104/><W129/><G129/><T33/><D33/><U89/><E89/><V120/><F35/><W113/><G113/><T75/><D90/><U80/><E80/><V87/><F120/><W107/><G107/><T97/><D83/><U128/><E128/><V12/><F12/><W49/><G49/><N who="0" m="26799" /><D61/><U121/><E121/><V77/><F51/><W93/><G100/><T44/><D50/><U73/><AGARI ba="1,2" hai="4,5,6,18,19,37,38,39,73,79,82,94,96,102" machi="73" ten="40,5200,0" yaku="1,1,0,1,53,1" doraHai="52" doraHaiUra="105" who="1" fromWho="1" sc="279,-14,222,75,307,-14,172,-27" /><INIT seed="8,0,0,2,3,3" ten="265,297,293,145" oya="0" hai0="37,112,16,134,93,96,35,128,7,126,33,119,91" hai1="74,82,63,109,78,133,61,83,124,76,59,26,1" hai2="110,98,129,88,62,71,66,135,55,30,47,107,60" hai3="12,72,67,0,130,44,5,41,86,87,65,77,39"/><T38/><D119/><U20/><E109/><V100/><F110/><W22/><G130/><T9/><D128/><U104/><E1/><V120/><F129/><W125/><G125/><T70/><D70/><U131/><E131/><V115/><F115/><W11/><G22/><T31/><D112/><U21/><E104/><V116/><F120/><W118/><G118/><T94/><D126/><U10/><E124/><V113/><F113/><W103/><G103/><T114/><D114/><U105/><E105/><V79/><F116/><W19/><G67/><T111/><D111/><U25/><E10/><V50/><F79/><W13/><G65/><T54/><D134/><U81/><E133/><V51/><F135/><W48/><G48/><T40/><D54/><N who="1" m="34039" /><E63/><V14/><F62/><W99/><G99/><T46/><D38/><U56/><E56/><V106/><F106/><W32/><G32/><T17/><D93/><U28/><E74/><V69/><F30/><AGARI ba="0,0" hai="20,21,25,26,28,30,76,78,81,82,83" m="34039" machi="30" ten="30,1000,0" yaku="8,1" doraHai="3" who="1" fromWho="2" sc="265,0,297,10,293,-10,145,0" owari="265,-13.0,307,40.0,283,8.0,145,-35.0" /></mjloggm>