<mjloggm ver="2.3"><GO type="169" lobby="0"/><UN n0="%E5%8F%8A%E5%B7%9D%E5%86%B0%E9%BA%97" n1="%E6%97%85%E4%BA%BA%E3%81%A1%E3%82%88%E3%81%99%E3%81%91" n2="%E3%83%88%E3%83%88%E3%83%AA%E5%85%88%E7%94%9F%31%39%E6%AD%B3" n3="%72%61%74%74%61%74%74%61" dan="16,17,19,16" rate="2089.00,2214.34,2306.29,2139.39" sx="M,M,F,M"/><TAIKYOKU oya="0"/><INIT seed="0,0,0,3,0,74" ten="250,250,250,250" oya="0" hai0="49,5,16,119,19,35,69,11,31,103,78,33,41" hai1="38,46,110,24,65,37,17,97,93,58,2,134,53" hai2="120,9,114,4,113,22,55,76,30,50,6,89,29" hai3="42,87,61,23,57,48,79,108,10,60,21,66,40"/><T122/><D119/><U133/><E2/><V123/><F89/><W72/><G72/><T101/><D69/><U96/><E110/><V84/><F50/><W128/><G108/><T99/><D122/><U116/><E116/><V131/><F55/><W28/><G128/><T77/><D35/><U59/><E65/><V109/><F109/><W94/><G10/><T121/><D121/><U0/><E0/><V132/><F84/><W45/><G42/><T32/><D32/><U63/><E59/><V47/><F47/><W54/><G28/><T68/><D68/><U36/><E46/><V82/><F82/><W18/><G18/><N who="0" m="6699" /><D33/><U56/><E56/><V90/><F90/><W39/><G60/><T100/><D31/><U88/><REACH who="1" step="1"/><E97/><REACH who="1" ten="250,240,250,250" step="2"/><V34/><F34/><W67/><G66/><T118/><D118/><U92/><E92/><V117/><F117/><W26/><G94/><T75/><D99/><U20/><AGARI ba="0,1" hai="17,20,24,36,37,38,53,58,63,88,93,96,133,134" machi="20" ten="40,8000,1" yaku="1,1,0,1,25,2,54,1,53,0" doraHai="74" doraHaiUra="83" who="1" fromWho="1" sc="250,-40,240,90,250,-20,250,-20" /><INIT seed="1,0,0,1,0,44" ten="210,330,230,230" oya="1" hai0="120,21,11,51,132,65,83,85,107,64,55,18,27" hai1="84,104,133,122,78,108,32,63,43,3,66,4,14" hai2="86,12,73,5,123,20,16,95,62,88,15,105,36" hai3="115,17,58,28,29,33,117,80,25,31,76,2,52"/><U7/><E122/><V1/><F123/><W39/><G115/><T57/><D120/><U10/><E104/><V19/><F105/><W130/><G39/><T74/><D132/><U109/><E133/><V102/><F36/><W9/><G130/><T121/><D74/><U22/><E32/><V56/><F73/><W24/><G117/><T72/><D72/><U114/><E114/><V71/><F71/><W38/><G38/><T70/><D107/><U129/><E129/><V94/><F1/><W87/><G33/><T40/><D70/><U90/><E78/><V6/><F94/><W119/><G119/><T77/><D121/><U68/><E43/><V75/><F102/><W45/><G45/><T112/><D112/><U99/><E99/><V103/><F103/><W0/><G0/><T69/><D69/><U67/><E67/><V96/><F86/><W97/><G97/><T127/><D127/><U8/><REACH who="1" step="1"/><E22/><REACH who="1" ten="210,320,230,230" step="2"/><N who="2" m="11527" /><F75/><W46/><G76/><T118/><D40/><U34/><E34/><V82/><F82/><AGARI ba="0,1" hai="3,4,7,8,10,14,63,66,68,82,84,90,108,109" machi="82" ten="40,2000,0" yaku="1,1,53,0" doraHai="44" doraHaiUra="110" who="1" fromWho="2" sc="210,0,320,30,230,-20,230,0" /><INIT seed="1,1,0,5,4,49" ten="210,350,210,230" oya="1" hai0="124,39,4,63,43,60,97,135,119,130,80,70,45" hai1="33,38,71,51,26,20,104,52,29,109,85,14,89" hai2="0,128,10,92,13,76,117,126,62,68,94,6,11" hai3="116,77,83,25,82,108,95,125,74,111,72,91,98"/><U127/><E38/><V21/><F117/><W75/><G25/><T121/><D119/><U112/><E112/><V110/><F110/><N who="3" m="42027" /><G116/><T100/><D124/><U2/><E109/><V86/><F128/><W123/><G123/><T88/><D130/><U61/><E2/><V102/><F126/><W65/><G65/><T18/><D121/><U35/><E127/><V17/><F102/><N who="3" m="60767" /><G125/><T118/><D118/><U107/><E61/><V105/><F105/><W41/><G41/><T56/><D135/><U57/><E71/><V32/><F32/><W7/><G7/><T24/><D4/><U133/><E133/><V44/><F10/><W114/><G114/><T90/><D70/><U23/><E35/><V22/><F22/><W42/><G42/><T84/><D90/><U15/><E23/><V78/><F68/><W31/><G31/><T132/><D132/><U48/><E48/><V73/><F62/><W79/><G91/><T46/><D63/><U58/><E58/><V34/><F34/><W55/><G55/><N who="0" m="33823" /><D43/><U122/><E122/><V96/><F0/><W67/><G67/><T106/><D39/><U3/><E3/><V50/><F6/><W120/><G120/><T69/><D69/><U16/><E15/><V12/><F12/><W115/><G115/><T37/><D37/><U40/><E40/><V99/><F13/><W93/><G93/><AGARI ba="1,0" hai="14,16,20,26,29,33,51,52,57,85,89,93,104,107" machi="93" ten="30,18000,2" yaku="7,1,25,2,52,1,54,2" doraHai="49" who="1" fromWho="3" sc="210,0,350,183,210,0,230,-183" /><INIT seed="1,2,0,1,0,98" ten="210,533,210,47" oya="1" hai0="55,52,68,120,30,135,48,104,35,128,80,66,31" hai1="124,111,20,123,134,46,102,47,62,75,25,95,28" hai2="96,89,38,58,63,8,9,76,87,106,6,113,82" hai3="83,29,17,44,43,32,39,119,10,132,1,53,116"/><U121/><E75/><V109/><F38/><W60/><G132/><T49/><D128/><U0/><E0/><V112/><F109/><W81/><G29/><T110/><D135/><U99/><E134/><V97/><F97/><W24/><G32/><T51/><D110/><U101/><E111/><V56/><F56/><N who="3" m="34831" /><G24/><T74/><D104/><U72/><E72/><V92/><F106/><W23/><G23/><T69/><D120/><U90/><E124/><V88/><F76/><W61/><G61/><T118/><D118/><N who="3" m="45097" /><G17/><T64/><D74/><U133/><E133/><V125/><F125/><W54/><G54/><N who="0" m="20523" /><D80/><U16/><E123/><V129/><F129/><W65/><G65/><N who="0" m="25195" /><D35/><U5/><E121/><V18/><F58/><W114/><G114/><N who="2" m="44137" /><F63/><W94/><G94/><T7/><D7/><AGARI ba="2,0" hai="1,7,10,39,43,44,81,83" m="45097,34831" machi="7" ten="30,1000,0" yaku="12,1" doraHai="98" who="3" fromWho="0" sc="210,-16,533,0,210,0,47,16" /><INIT seed="2,0,0,5,4,39" ten="194,533,210,63" oya="2" hai0="106,115,12,32,97,89,8,108,22,84,100,54,116" hai1="31,0,101,61,112,69,50,133,20,41,27,47,18" hai2="79,118,43,110,16,45,121,67,48,29,57,4,102" hai3="132,11,126,7,82,15,56,124,17,119,81,86,26"/><V107/><F118/><W92/><G119/><T37/><D116/><U46/><E112/><V127/><F121/><W63/><G132/><T117/><D117/><U72/><E133/><V55/><F127/><N who="3" m="48683" /><G92/><T113/><D108/><U2/><E72/><V30/><F110/><W105/><G105/><T6/><D37/><U91/><E101/><V51/><F4/><W134/><G134/><T87/><D32/><U24/><E91/><V14/><F79/><W123/><G123/><T65/><D87/><U76/><E76/><V131/><F131/><W129/><G129/><T73/><D73/><U33/><E69/><V13/><F13/><W3/><G26/><T36/><D36/><U35/><E35/><V64/><F102/><W78/><G82/><T9/><D22/><U103/><E61/><V44/><F107/><W49/><G49/><T74/><D74/><U25/><E25/><V99/><F99/><W88/><G78/><T68/><D106/><U71/><E71/><V52/><F30/><W111/><G111/><T34/><D100/><U130/><E130/><V120/><F29/><W104/><G104/><T40/><D113/><U94/><E47/><V114/><F114/><W122/><G122/><T109/><D115/><U83/><E83/><V70/><F70/><W85/><G85/><T125/><D68/><U21/><E33/><V77/><F77/><W60/><G56/><T75/><D125/><U66/><E103/><V38/><F120/><W53/><G53/><T93/><D54/><U96/><E96/><V58/><F58/><W98/><G98/><T59/><D97/><RYUUKYOKU ba="0,0" sc="194,-15,533,-15,210,15,63,15" hai2="14,16,38,43,44,45,48,51,52,55,57,64,67" hai3="3,7,11,15,17,60,63,81,86,88" /><INIT seed="2,1,0,0,3,95" ten="179,518,225,78" oya="2" hai0="88,17,46,19,75,114,122,134,3,27,111,56,57" hai1="68,133,6,109,52,25,83,42,48,71,69,58,118" hai2="76,97,84,43,128,108,121,115,67,41,120,40,37" hai3="130,135,78,117,73,32,89,62,35,20,116,123,5"/><V10/><F115/><W22/><G89/><T86/><D75/><U7/><E118/><N who="3" m="45674" /><G62/><T102/><D114/><U91/><E109/><V124/><F37/><W11/><G78/><T34/><D111/><U9/><E133/><V92/><F108/><W66/><G66/><T85/><D3/><U107/><E107/><V79/><F128/><W98/><G98/><T119/><D134/><U132/><E132/><V24/><F124/><W110/><G73/><T54/><D122/><U74/><E42/><V47/><F47/><W4/><G135/><T23/><D34/><N who="3" m="12841" /><G110/><T80/><D119/><U31/><E9/><V87/><F67/><W129/><G123/><T26/><D102/><U101/><E101/><N who="2" m="60583" /><F121/><W113/><G113/><T61/><D46/><U1/><E1/><V105/><F105/><W125/><G125/><T0/><D0/><U18/><E74/><V16/><F120/><W99/><G99/><T14/><D85/><N who="2" m="32842" /><F10/><W8/><G8/><N who="0" m="6343" /><D57/><U45/><E58/><V13/><F13/><AGARI ba="1,0" hai="13,19,23,26,27,54,56,61,80,86,88" m="6343" machi="13" ten="30,2000,0" yaku="8,1,54,1" doraHai="95" who="0" fromWho="2" sc="179,23,518,0,225,-23,78,0" /><INIT seed="3,0,0,3,3,23" ten="202,518,202,78" oya="3" hai0="7,96,119,14,26,2,79,126,27,99,120,130,73" hai1="107,58,61,100,33,51,57,116,8,82,80,123,53" hai2="92,21,59,31,6,134,12,41,111,49,65,72,88" hai3="86,84,68,69,108,67,29,71,1,101,121,62,135"/><W19/><G121/><T34/><D34/><U90/><E123/><V91/><F72/><W10/><G135/><T75/><D119/><U83/><E116/><V74/><F74/><W44/><G29/><T113/><D120/><U64/><E33/><V104/><F104/><W35/><G35/><T48/><D2/><U129/><E107/><V103/><F134/><W63/><G101/><T3/><D3/><U127/><E100/><V118/><F111/><W102/><G102/><T131/><D126/><U122/><E127/><V5/><F118/><W46/><G108/><T114/><D48/><U132/><E132/><V42/><F103/><W98/><G98/><N who="0" m="37419" /><D75/><U4/><E129/><N who="0" m="49161" /><D79/><U60/><E122/><V25/><F12/><W94/><G94/><T93/><D93/><U50/><REACH who="1" step="1"/><E90/><REACH who="1" ten="202,508,202,78" step="2"/><V112/><F91/><W22/><G44/><T30/><D73/><U16/><E16/><V66/><F88/><W36/><G46/><T125/><D125/><U45/><E45/><V15/><F31/><W95/><G19/><T11/><D30/><U9/><E9/><V128/><F128/><W47/><G10/><T55/><D55/><U28/><E28/><V20/><F20/><W115/><G22/><T56/><D56/><U89/><E89/><V117/><F117/><W32/><G32/><T109/><D109/><U43/><E43/><V37/><F42/><W76/><G47/><T52/><D52/><U39/><E39/><V110/><F37/><W0/><G36/><T24/><AGARI ba="0,1" hai="7,11,14,24,26,27,113,114" m="49161,37419" machi="24" ten="40,8000,1" yaku="19,1,52,3" doraHai="23" who="0" fromWho="0" sc="202,90,508,-20,202,-20,78,-40" /><INIT seed="4,0,0,3,5,70" ten="292,488,182,38" oya="0" hai0="29,18,0,67,37,61,123,69,52,100,5,4,39" hai1="23,106,6,65,84,125,130,124,109,53,68,63,24" hai2="122,17,32,58,55,57,92,31,60,90,81,74,20" hai3="36,88,49,116,107,72,35,108,15,54,79,118,7"/><T89/><D123/><U8/><E109/><V93/><F122/><W105/><G108/><T77/><D77/><U47/><E106/><V97/><F32/><W71/><G35/><T96/><D89/><U27/><E130/><V38/><F31/><W120/><G71/><T98/><D29/><U127/><E84/><V16/><F38/><W115/><G120/><T11/><D5/><U95/><E95/><V28/><F74/><W111/><G111/><T45/><D18/><U2/><E23/><V135/><F135/><W1/><G1/><T75/><D75/><U21/><E21/><V26/><F81/><W64/><G64/><T104/><D98/><U87/><E87/><V59/><F28/><W110/><G110/><T128/><D128/><U46/><E53/><V56/><F17/><W9/><G115/><T103/><D103/><U117/><E117/><V85/><F85/><W76/><G116/><T10/><D10/><U30/><E30/><V33/><F33/><W129/><G118/><T102/><D102/><U133/><E133/><V19/><F19/><W51/><G129/><T43/><D52/><U13/><E2/><V40/><F40/><W50/><G54/><T91/><D91/><U42/><E42/><V86/><F58/><W83/><G79/><T44/><D44/><AGARI ba="0,0" hai="6,8,13,24,27,44,46,47,63,65,68,124,125,127" machi="44" ten="40,1300,0" yaku="18,1" doraHai="70" who="1" fromWho="0" sc="292,-13,488,13,182,0,38,0" /><INIT seed="5,0,0,0,1,44" ten="279,501,182,38" oya="1" hai0="24,68,37,73,102,115,54,45,8,123,22,134,53" hai1="107,131,25,75,97,126,14,31,55,69,48,133,66" hai2="3,122,72,129,33,19,127,130,52,43,61,100,21" hai3="56,49,81,78,82,12,32,84,135,117,46,94,1"/><U10/><E75/><V124/><F122/><W16/><G1/><T111/><D111/><U88/><E131/><N who="2" m="50187" /><F72/><W101/><G32/><T87/><D73/><U86/><E126/><N who="2" m="48171" /><F3/><W106/><G135/><T23/><D134/><U74/><E133/><V13/><F43/><W29/><G29/><T50/><D68/><U5/><E74/><V67/><F100/><W58/><G106/><T103/><D37/><U7/><E69/><V93/><F93/><W40/><G117/><T99/><D123/><U42/><E42/><V91/><F91/><W98/><REACH who="3" step="1"/><G82/><REACH who="3" ten="279,501,182,28" step="2"/><T119/><D119/><U38/><E107/><V71/><F33/><W79/><G79/><T47/><D115/><U95/><E31/><V35/><F35/><W2/><G2/><T34/><D34/><U4/><E95/><V30/><F30/><W9/><AGARI ba="0,1" hai="9,12,16,40,46,49,56,58,78,81,84,94,98,101" machi="9" ten="20,12000,2" yaku="1,1,0,1,7,1,8,1,52,1,54,1,53,0" doraHai="44" doraHaiUra="0" who="3" fromWho="3" sc="279,-30,501,-60,182,-30,28,130" /><INIT seed="6,0,0,3,3,30" ten="249,441,152,158" oya="2" hai0="125,23,15,64,18,95,115,12,37,14,100,121,44" hai1="126,90,124,75,127,25,2,8,85,102,88,135,68" hai2="99,97,47,69,45,116,6,82,111,101,114,73,113" hai3="86,96,112,70,16,21,54,81,131,26,123,7,66"/><V57/><F116/><W134/><G123/><T58/><D121/><U55/><E75/><V92/><F69/><W71/><G7/><T3/><D3/><U122/><E122/><V98/><F111/><W74/><G74/><T9/><D115/><N who="2" m="44042" /><F6/><W22/><G112/><T80/><D125/><U34/><E68/><V39/><F57/><W61/><G131/><T49/><D37/><U129/><E129/><V35/><F35/><W50/><G96/><N who="2" m="36969" /><F39/><W79/><G134/><T94/><D100/><U59/><E135/><V118/><F118/><W83/><G22/><T42/><D80/><U46/><E102/><V120/><F120/><W51/><G71/><T108/><D108/><U62/><E34/><V119/><F119/><W65/><G83/><T20/><D20/><U10/><E2/><V4/><F4/><W33/><G33/><T107/><D107/><U128/><E128/><V41/><F41/><W105/><G105/><T17/><D14/><U89/><E25/><V48/><F48/><N who="3" m="18475" /><G70/><T5/><D5/><U132/><E132/><V60/><F60/><AGARI ba="0,0" hai="9,12,15,17,18,23,42,44,49,58,60,64,94,95" machi="60" ten="40,1300,0" yaku="8,1" doraHai="30" who="0" fromWho="2" sc="249,13,441,0,152,-13,158,0" /><INIT seed="7,0,0,2,5,104" ten="262,441,139,158" oya="3" hai0="49,36,63,100,4,11,6,77,2,91,83,124,48" hai1="93,115,28,114,105,26,72,66,31,40,34,65,13" hai2="37,71,10,47,33,79,29,25,117,134,121,23,12" hai3="119,7,82,130,92,113,50,46,86,108,54,107,67"/><W101/><G119/><T30/><D124/><U9/><E105/><V61/><F117/><W73/><G113/><N who="1" m="43018" /><E72/><V110/><F110/><W76/><G108/><T95/><D100/><U128/><E128/><V112/><F112/><W116/><G116/><T57/><D36/><U32/><E40/><V120/><F134/><W99/><G67/><T78/><D6/><N who="1" m="3255" /><E93/><V60/><F33/><N who="1" m="12905" /><E31/><V27/><F27/><W5/><G130/><T123/><D11/><U43/><E43/><N who="2" m="23023" /><F71/><W19/><G19/><T15/><D91/><AGARI ba="0,0" hai="5,7,46,50,54,73,76,82,86,91,92,99,101,107" machi="91" ten="40,7700,0" yaku="24,2,52,1" doraHai="104" who="3" fromWho="0" sc="262,-77,441,0,139,0,158,77" /><INIT seed="7,1,0,3,5,118" ten="185,441,139,235" oya="3" hai0="7,47,133,9,19,22,16,71,116,134,117,119,83" hai1="88,89,115,8,52,5,65,50,126,132,104,49,56" hai2="91,26,3,13,82,68,129,31,97,74,24,42,79" hai3="25,14,36,95,29,101,55,110,70,45,2,10,128"/><W127/><G70/><T130/><D71/><U92/><E104/><V23/><F129/><W62/><G2/><N who="0" m="247" /><D83/><U34/><E34/><V111/><F68/><W67/><G128/><T27/><D47/><U11/><E115/><V72/><F111/><W103/><G95/><T46/><D46/><U100/><E126/><V98/><F3/><W12/><G127/><T30/><D130/><U107/><E107/><V112/><F112/><W51/><G36/><T87/><D87/><U81/><E132/><AGARI ba="1,0" hai="16,19,22,27,30,116,117,119,132,133,134" m="247" machi="132" ten="40,8000,1" yaku="20,1,34,2,54,1" doraHai="118" who="0" fromWho="1" sc="185,83,441,-83,139,0,235,0" owari="268,7.0,358,45.0,139,-36.0,235,-16.0" /></mjloggm>