<mjloggm ver="2.3"><GO type="169" lobby="0"/><UN n0="%67%6F%75%73%69" n1="%E3%80%93%E4%BD%90%E5%A4%A9%E3%81%95%E3%82%93%E3%80%93" n2="%E3%82%A6%E3%83%AB%E3%83%88%E3%83%A9%E7%AB%8B%E7%9B%B4" n3="%E7%B5%B6%E5%AF%BE%E4%B8%8D%E5%8F%AF%E4%BE%B5%E9%A0%98%E5%9F%9F" dan="17,16,18,17" rate="2171.96,2088.61,2277.46,2186.88" sx="M,M,M,M"/><TAIKYOKU oya="0"/><INIT seed="0,0,0,2,3,20" ten="250,250,250,250" oya="0" hai0="12,90,4,133,128,121,97,13,106,50,82,17,88" hai1="68,61,51,118,115,78,32,96,30,110,122,59,127" hai2="92,0,104,124,40,55,2,111,14,36,39,66,5" hai3="83,67,70,42,33,22,108,75,54,15,123,95,27"/><T135/><D121/><U38/><E122/><V44/><F104/><W41/><G123/><T100/><D128/><U98/><E38/><V73/><F111/><W109/><G33/><T43/><D4/><U102/><E118/><V130/><F130/><W103/><G15/><T62/><D62/><U79/><E110/><N who="3" m="42602" /><G67/><T24/><D12/><U65/><E98/><V34/><F34/><W91/><G54/><T28/><D82/><U19/><E19/><V63/><F55/><W86/><G70/><T87/><D87/><U76/><E115/><V89/><F73/><W77/><G103/><T11/><D43/><U119/><E119/><V101/><F101/><W49/><G49/><T131/><D131/><U116/><E116/><V35/><F35/><W81/><G83/><T99/><D50/><U8/><E8/><V47/><F124/><W72/><G75/><T112/><D112/><U7/><E127/><V46/><F14/><W56/><G56/><T10/><D10/><U120/><E7/><V21/><F21/><W52/><G52/><T132/><D97/><U107/><E120/><V58/><F5/><W74/><G74/><T71/><D71/><U31/><E32/><AGARI ba="0,0" hai="11,13,17,24,28,32,88,90,99,100,106,132,133,135" machi="32" ten="40,7700,0" yaku="20,1,52,1,54,1" doraHai="20" who="0" fromWho="1" sc="250,77,250,-77,250,0,250,0" /><INIT seed="0,1,0,3,3,35" ten="327,173,250,250" oya="0" hai0="87,73,56,89,10,51,129,99,25,110,102,88,12" hai1="96,19,92,43,28,114,127,57,65,104,22,36,49" hai2="53,18,14,0,90,11,81,17,118,100,16,101,135" hai3="27,38,61,134,3,20,59,77,75,113,21,46,4"/><T91/><D73/><U67/><E104/><V80/><F135/><W1/><G113/><T15/><D129/><U63/><E114/><V106/><F118/><W103/><G134/><T64/><D25/><U41/><E36/><V97/><F101/><W47/><G103/><T115/><D115/><U117/><E117/><V48/><F0/><W120/><G120/><T116/><D116/><U7/><E127/><V31/><F31/><W69/><G69/><T23/><D110/><U83/><E7/><V84/><REACH who="2" step="1"/><F80/><REACH who="2" ten="327,173,240,250" step="2"/><W78/><G3/><T66/><D102/><N who="1" m="60679" /><E28/><V68/><F68/><W133/><G133/><T79/><D99/><U24/><E83/><V125/><F125/><W86/><G75/><T6/><D79/><U105/><E105/><V5/><F5/><W130/><G130/><T62/><D51/><U124/><E124/><V44/><AGARI ba="1,1" hai="11,14,16,17,18,44,48,53,81,84,90,97,100,106" machi="44" ten="20,12000,2" yaku="1,1,0,1,7,1,25,2,54,1,53,0" doraHai="35" doraHaiUra="39" who="2" fromWho="2" sc="327,-61,173,-31,240,133,250,-31" /><INIT seed="1,0,0,4,3,105" ten="266,142,373,219" oya="1" hai0="2,71,80,7,96,66,124,59,56,33,20,41,42" hai1="90,85,44,61,131,52,35,30,11,23,135,118,100" hai2="4,45,84,88,94,1,67,73,72,68,19,37,86" hai3="31,43,89,51,74,81,91,63,83,93,5,121,48"/><U0/><E118/><V112/><F112/><W8/><G121/><T117/><D33/><U40/><E35/><V119/><F119/><W70/><G31/><T57/><D2/><U25/><E131/><V102/><F102/><W95/><G70/><T133/><D7/><U78/><E135/><V9/><F67/><W82/><G63/><T130/><D117/><U87/><E100/><V47/><F68/><W10/><G74/><T39/><D124/><U53/><E61/><V116/><F116/><W110/><G110/><T125/><D125/><U69/><E69/><V58/><F58/><W49/><G43/><T101/><D130/><U38/><E78/><V50/><F19/><W108/><G108/><T13/><D133/><U106/><E106/><V16/><F16/><W65/><G65/><T12/><D39/><U3/><E85/><V79/><F37/><W64/><G64/><T77/><D42/><U127/><E127/><V120/><F120/><W29/><G29/><T6/><D41/><U122/><E122/><V62/><F62/><W34/><G34/><T109/><D109/><U14/><E0/><V24/><F24/><W98/><G5/><T75/><D20/><U26/><E3/><V134/><F134/><W97/><AGARI ba="0,0" hai="8,10,48,49,51,81,82,83,89,91,93,95,97,98" machi="97" ten="30,4000,0" yaku="0,1,9,1,8,1" doraHai="105" who="3" fromWho="3" sc="266,-10,142,-20,373,-10,219,40" /><INIT seed="2,0,0,4,4,73" ten="256,122,363,259" oya="2" hai0="92,23,20,1,30,57,114,60,120,68,2,81,82" hai1="63,83,65,116,6,75,67,93,46,110,22,70,85" hai2="64,84,71,32,133,131,94,50,113,33,123,21,87" hai3="29,41,76,14,62,78,95,51,98,91,96,115,34"/><V54/><F113/><W112/><G34/><T117/><D68/><U103/><E116/><V97/><F123/><W44/><G29/><T40/><D40/><U53/><E110/><V31/><F131/><W90/><G62/><T56/><D92/><U106/><E106/><V72/><F72/><W127/><G127/><T52/><D114/><N who="3" m="43561" /><G91/><T17/><D120/><U58/><E75/><V47/><F133/><W36/><G98/><T35/><D35/><U88/><E6/><V100/><F33/><W13/><G36/><T19/><D30/><U128/><E128/><V134/><F32/><W121/><G121/><T16/><D117/><U3/><E3/><V26/><F134/><W125/><G125/><T130/><D130/><U49/><E22/><N who="0" m="8233" /><D1/><U101/><E67/><V18/><F71/><W24/><G24/><T43/><D43/><U124/><E124/><V11/><F64/><W107/><G107/><T108/><D2/><U86/><REACH who="1" step="1"/><E70/><REACH who="1" ten="256,112,363,259" step="2"/><V79/><F31/><W39/><G39/><T102/><D108/><U119/><E119/><V7/><F7/><W15/><AGARI ba="0,1" hai="13,14,15,41,44,51,76,78,90,95,96" m="43561" machi="15" ten="30,4000,0" yaku="11,1,52,2" doraHai="73" who="3" fromWho="3" sc="256,-10,112,-10,363,-20,259,50" /><INIT seed="3,0,0,1,0,5" ten="246,102,343,309" oya="3" hai0="19,44,38,41,64,73,89,122,7,120,97,94,48" hai1="36,125,27,112,28,12,46,75,115,109,37,8,51" hai2="98,128,18,65,50,124,100,49,10,106,99,11,26" hai3="116,63,70,129,96,31,92,127,83,6,0,88,4"/><W9/><G116/><T101/><D73/><U54/><E109/><V16/><F65/><W67/><G127/><T131/><D131/><U77/><E125/><V30/><F124/><W47/><G129/><T55/><D19/><U61/><E61/><V103/><F128/><W78/><G31/><T118/><D118/><U40/><E77/><V21/><F18/><W114/><G114/><T69/><D7/><U135/><E75/><V35/><F50/><W15/><G47/><T105/><D64/><U17/><E135/><V33/><F49/><W85/><REACH who="3" step="1"/><G6/><REACH who="3" ten="246,102,343,299" step="2"/><T107/><D120/><U93/><E93/><V79/><F30/><W66/><G66/><T20/><D122/><U82/><E82/><V56/><F35/><W58/><G58/><T59/><D69/><U76/><E76/><V117/><F33/><W23/><G23/><T80/><D20/><U102/><E102/><V14/><F56/><W113/><G113/><T39/><D80/><U87/><E37/><V53/><F79/><W84/><G84/><T86/><D105/><U130/><E130/><V1/><F106/><W95/><G95/><T68/><D68/><U110/><E87/><V104/><F104/><W60/><G60/><AGARI ba="0,1" hai="38,39,41,44,48,55,59,60,86,89,94,97,101,107" machi="60" ten="30,1000,0" yaku="7,1" doraHai="5" who="0" fromWho="3" sc="246,20,102,0,343,0,299,-10" /><INIT seed="4,0,0,3,2,84" ten="266,102,343,289" oya="0" hai0="66,51,62,56,42,57,1,89,16,38,83,88,79" hai1="61,80,76,108,8,111,73,103,68,44,118,65,3" hai2="52,27,41,60,24,2,117,6,55,33,116,59,127" hai3="63,45,120,50,70,105,121,113,58,100,31,13,78"/><T86/><D1/><U0/><E118/><N who="2" m="45675" /><F127/><W75/><G113/><T135/><D135/><U69/><E69/><V125/><F125/><W134/><G70/><T14/><D38/><U129/><E129/><V91/><F41/><W110/><G110/><T107/><D107/><U35/><E35/><V26/><F33/><W53/><G134/><T30/><D30/><U133/><E133/><V96/><F6/><W46/><G31/><T39/><D39/><U67/><E67/><N who="2" m="39327" /><F2/><W77/><G75/><T34/><D34/><U85/><E85/><V28/><F28/><W74/><G74/><T47/><D57/><U130/><E130/><V17/><F17/><W18/><G46/><T81/><D81/><U5/><E0/><V43/><F43/><W72/><G100/><T132/><D132/><U99/><REACH who="1" step="1"/><E44/><REACH who="1" ten="266,92,343,289" step="2"/><V10/><F96/><W40/><G72/><T128/><D128/><U97/><E97/><V82/><F10/><AGARI ba="0,1" hai="10,14,16,42,47,51,56,62,66,79,83,86,88,89" machi="10" ten="30,18000,2" yaku="7,1,8,1,52,2,54,2" doraHai="84" who="0" fromWho="2" sc="266,190,92,0,343,-180,289,0" /><INIT seed="4,1,0,0,5,93" ten="456,92,163,289" oya="0" hai0="115,75,49,71,42,26,101,70,55,16,9,36,41" hai1="104,29,100,51,106,127,63,31,110,54,28,80,69" hai2="18,122,65,32,30,6,53,67,86,131,66,109,12" hai3="52,135,59,89,105,91,84,10,61,116,34,77,15"/><T125/><D75/><U3/><E110/><V132/><F122/><W14/><G116/><T112/><D125/><U4/><E127/><V113/><F109/><W64/><G105/><T33/><D36/><U129/><E129/><V120/><F120/><W39/><G34/><T1/><D101/><U124/><E124/><V78/><F131/><W119/><G135/><T97/><D97/><U23/><E23/><V20/><F113/><W123/><G119/><T102/><D102/><U79/><E4/><V58/><F6/><W81/><G39/><T25/><D1/><U121/><E3/><V5/><F5/><W60/><G123/><T19/><D49/><U88/><E121/><V134/><F32/><W11/><G10/><T74/><D74/><U130/><E130/><V73/><F30/><W94/><G11/><T8/><D55/><U128/><E128/><V44/><F44/><W68/><REACH who="3" step="1"/><G91/><REACH who="3" ten="456,92,163,279" step="2"/><T48/><D33/><U2/><E106/><V82/><REACH who="2" step="1"/><F73/><AGARI ba="1,1" hai="14,15,52,59,60,61,64,68,73,77,81,84,89,94" machi="73" ten="30,7700,0" yaku="1,1,2,1,7,1,54,1,53,0" doraHai="93" doraHaiUra="22" who="3" fromWho="2" sc="456,0,92,0,163,-80,279,90" /><INIT seed="5,0,0,4,4,1" ten="456,92,83,369" oya="1" hai0="71,94,38,78,7,60,72,9,101,97,83,126,14" hai1="109,80,4,125,20,124,82,132,134,24,123,50,32" hai2="119,79,18,6,76,16,34,135,98,13,53,86,85" hai3="22,28,11,2,59,37,3,89,110,67,115,8,23"/><U58/><E123/><V27/><F119/><W49/><G37/><T19/><D38/><U92/><E32/><V36/><F36/><W52/><G110/><T51/><D126/><N who="1" m="48747" /><E92/><V62/><F135/><N who="1" m="51753" /><E109/><V63/><F34/><W12/><G115/><T121/><D121/><U68/><E68/><V42/><F42/><W39/><G39/><T122/><D122/><U41/><E4/><V131/><F131/><W45/><G3/><T73/><D71/><U88/><E88/><V90/><F98/><W75/><G2/><T120/><D120/><U108/><E108/><V46/><F27/><W54/><G75/><T99/><D73/><U103/><E103/><V15/><F90/><W84/><G11/><T87/><D72/><U117/><E117/><V77/><F77/><W106/><G106/><T10/><D97/><U40/><E40/><V30/><F30/><W61/><G28/><T43/><D10/><U130/><E130/><V91/><F91/><W29/><G29/><T118/><D118/><U133/><N who="1" m="51761" /><U102/><DORA hai="81" /><E102/><V70/><F70/><W95/><REACH who="3" step="1"/><G67/><REACH who="3" ten="456,92,83,359" step="2"/><T114/><D9/><U17/><E41/><V69/><F6/><AGARI ba="0,1" hai="6,8,12,22,23,45,49,52,54,59,61,84,89,95" machi="6" ten="30,12000,2" yaku="1,1,2,1,7,1,8,1,52,2,54,1,53,0" doraHai="1,81" doraHaiUra="129,31" who="3" fromWho="2" sc="456,0,92,0,83,-120,359,130" owari="456,26.0,92,-31.0,-37,-54.0,489,59.0" /></mjloggm>