<mjloggm ver="2.3"><GO type="169" lobby="0"/><UN n0="%3D%4A%61%6D" n1="%E3%83%88%E3%83%88%E3%83%AA%E5%85%88%E7%94%9F%31%39%E6%AD%B3" n2="%E9%BA%BB%E9%9B%80%E3%81%A8%E7%A7%81" n3="%E3%82%89%E3%81%8F%E3%81%A0%EF%BC%90%EF%BC%91%EF%BC%90%EF%BC%99" dan="17,18,16,18" rate="2123.63,2287.89,2083.92,2261.98" sx="M,F,M,M"/><TAIKYOKU oya="0"/><INIT seed="0,0,0,5,4,26" ten="250,250,250,250" oya="0" hai0="53,29,54,15,95,58,23,22,33,46,98,34,48" hai1="105,1,4,134,86,80,7,52,51,82,101,92,20" hai2="41,8,59,107,93,102,74,30,126,37,31,50,56" hai3="17,65,109,119,70,96,11,87,122,120,133,64,115"/><T117/><D117/><U125/><E134/><V89/><F37/><W40/><G96/><T131/><D131/><U112/><E125/><V6/><F74/><W27/><G115/><T111/><D111/><U55/><E112/><V67/><F107/><W2/><G2/><T110/><D110/><U32/><E32/><V63/><F126/><W123/><G70/><T75/><D75/><U113/><E113/><V132/><F132/><W135/><G109/><T3/><D3/><U103/><E105/><V108/><F108/><W19/><G119/><T21/><D15/><U128/><E1/><V16/><F102/><N who="1" m="38921" /><E55/><N who="2" m="31863" /><F6/><N who="1" m="2089" /><E128/><V76/><F76/><W49/><G123/><T68/><D68/><U118/><E118/><V9/><F41/><W81/><G40/><T83/><D83/><U99/><E86/><N who="2" m="52407" /><F8/><W25/><G11/><T0/><D0/><U77/><E77/><V100/><F100/><W36/><G81/><T39/><D34/><U129/><E129/><V88/><F88/><W43/><G43/><T106/><D106/><U35/><E35/><V84/><F84/><W66/><G87/><T10/><D10/><U61/><E99/><V85/><F85/><W91/><G122/><T69/><D69/><U12/><E92/><V24/><F9/><W5/><G120/><T14/><D39/><U127/><E127/><V124/><F124/><W78/><G133/><T71/><D71/><U130/><E130/><V116/><F116/><W62/><G36/><T90/><D33/><U18/><E51/><V73/><F73/><W60/><G135/><T38/><D38/><U13/><E82/><RYUUKYOKU ba="0,0" sc="250,-10,250,-10,250,30,250,-10" hai2="16,24,30,31,59,63,67" /><INIT seed="1,1,0,4,2,54" ten="240,240,280,240" oya="1" hai0="4,0,53,106,31,50,125,132,119,44,66,34,2" hai1="48,89,24,126,83,114,133,120,9,52,113,21,33" hai2="129,23,57,85,46,11,81,102,19,134,16,63,60" hai3="3,107,109,111,61,104,123,10,87,131,32,55,27"/><U128/><E120/><V70/><F134/><W110/><G123/><T58/><D119/><U38/><E33/><V90/><F129/><W103/><G131/><T94/><D106/><U96/><E38/><V135/><F135/><W59/><G103/><T93/><D132/><U80/><E133/><V117/><F117/><W112/><G112/><T115/><D115/><U130/><E126/><V5/><F70/><W75/><G75/><T65/><D125/><U124/><E124/><V121/><F121/><W73/><G73/><T7/><D31/><U74/><E114/><V17/><F63/><W37/><G37/><T127/><D34/><U12/><E113/><V39/><F102/><W41/><G41/><T26/><D26/><U14/><E128/><V86/><F86/><W88/><G27/><T77/><D77/><U84/><E130/><V69/><F69/><W22/><G22/><T95/><D127/><U67/><E67/><N who="2" m="39311" /><F39/><W49/><G61/><T71/><D71/><U28/><E96/><V15/><F46/><W56/><G32/><T122/><D122/><U91/><E9/><V118/><F118/><W92/><G56/><T68/><D68/><U97/><E74/><V45/><F45/><W8/><G8/><N who="0" m="2055" /><D44/><N who="1" m="27655" /><E97/><V36/><F36/><W25/><G25/><AGARI ba="1,0" hai="5,11,15,16,17,19,23,25,81,85,90" m="39311" machi="25" ten="30,3900,0" yaku="8,1,52,1,54,1" doraHai="54" who="2" fromWho="3" sc="240,0,240,0,280,42,240,-42" /><INIT seed="2,0,0,3,0,91" ten="240,240,322,198" oya="2" hai0="19,50,106,100,97,96,33,80,4,16,36,109,67" hai1="102,55,94,1,66,28,117,45,74,73,116,88,89" hai2="52,21,26,0,32,8,78,10,59,70,134,101,113" hai3="127,71,48,60,41,15,98,61,51,49,35,63,86"/><V62/><F113/><W25/><G127/><T130/><D36/><U120/><E1/><V69/><F32/><W72/><G72/><T6/><D130/><U83/><E28/><V57/><F78/><W112/><G112/><T65/><D109/><U64/><E55/><V29/><F134/><W115/><G115/><T5/><D33/><U90/><E45/><V108/><F108/><W18/><G71/><T31/><D31/><U133/><E66/><N who="0" m="25097" /><D106/><U77/><E64/><V14/><F59/><W118/><G118/><N who="1" m="45674" /><E133/><V122/><F122/><W87/><G35/><T76/><D50/><U40/><E40/><V9/><F0/><W132/><G132/><T125/><D125/><U37/><E37/><V103/><REACH who="2" step="1"/><F14/><REACH who="2" ten="240,240,312,198" step="2"/><W38/><G15/><T105/><D76/><U56/><E56/><V124/><F124/><W68/><G68/><AGARI ba="0,1" hai="8,9,10,21,26,29,52,57,62,68,69,70,101,103" machi="68" ten="40,3900,0" yaku="1,1,54,1,53,0" doraHai="91" doraHaiUra="42" who="2" fromWho="3" sc="240,0,240,0,312,49,198,-39" /><INIT seed="2,1,0,4,3,82" ten="240,240,361,159" oya="2" hai0="107,62,122,78,116,125,110,21,19,92,77,69,0" hai1="113,133,3,83,117,120,50,16,52,66,45,20,2" hai2="104,22,100,123,67,35,53,99,75,114,55,121,128" hai3="25,76,126,6,60,86,93,89,1,119,68,111,97"/><V115/><F22/><W57/><G119/><T39/><D107/><U61/><E117/><V41/><F35/><W4/><G111/><T27/><D116/><U8/><E113/><V38/><F55/><W72/><G68/><T90/><D122/><N who="2" m="46602" /><F53/><W9/><G6/><T112/><D110/><U32/><E32/><V74/><F67/><W108/><G108/><T30/><D112/><N who="2" m="43050" /><F128/><W79/><G72/><T54/><D39/><U23/><E133/><V130/><F130/><W43/><G43/><T71/><D0/><U18/><E120/><V29/><F29/><W13/><G1/><T42/><D42/><U118/><E118/><V109/><F109/><W105/><G126/><T47/><D125/><U131/><E131/><V70/><F70/><W26/><G26/><T48/><D69/><U88/><E3/><V46/><AGARI ba="1,0" hai="38,41,46,74,75,99,100,104" m="43050,46602" machi="46" ten="40,2100,0" yaku="23,1" doraHai="82" who="2" fromWho="2" sc="240,-8,240,-8,361,24,159,-8" /><INIT seed="2,2,0,0,3,83" ten="232,232,385,151" oya="2" hai0="94,93,17,133,118,84,58,16,103,56,95,37,101" hai1="68,46,51,87,112,81,1,65,43,39,27,47,78" hai2="117,53,111,18,60,12,122,32,66,40,96,10,8" hai3="124,105,13,109,119,129,36,97,79,72,25,98,15"/><V116/><F122/><W106/><G36/><T59/><D37/><U57/><E112/><V114/><F114/><W20/><G72/><T126/><D118/><U130/><E1/><V107/><F32/><W19/><G79/><T30/><D30/><U26/><E130/><V3/><F40/><W128/><G119/><T50/><D50/><U91/><E68/><V86/><F53/><W69/><G69/><T64/><D133/><U90/><E57/><V73/><F73/><W77/><G77/><T38/><D38/><U24/><REACH who="1" step="1"/><E65/><REACH who="1" ten="232,222,385,151" step="2"/><V104/><F66/><W4/><G129/><T29/><D64/><U120/><E120/><V100/><F3/><W48/><G128/><T125/><D29/><U121/><E121/><V75/><F116/><W99/><G109/><T71/><D71/><U6/><E6/><V9/><F111/><W35/><G4/><T7/><D7/><U102/><E102/><N who="0" m="38921" /><D84/><U2/><E2/><V131/><F86/><W14/><G124/><AGARI ba="2,1" hai="16,17,56,58,59,93,94,95,124,125,126" m="38921" machi="124" ten="40,8000,1" yaku="28,2,18,1,54,1" doraHai="83" who="0" fromWho="3" sc="232,96,222,0,385,0,151,-86" /><INIT seed="3,0,0,3,1,23" ten="328,222,385,65" oya="3" hai0="86,18,55,43,119,56,113,7,126,104,14,11,127" hai1="34,13,5,8,10,48,124,116,76,57,110,92,60" hai2="103,28,131,114,84,107,83,58,44,91,117,41,122" hai3="101,32,62,112,0,4,81,96,46,78,1,63,133"/><W42/><G112/><T52/><D104/><U15/><E110/><V59/><F117/><W121/><G121/><T26/><D119/><U106/><E106/><V71/><F71/><W95/><G32/><T102/><D113/><U77/><E116/><V20/><F131/><W54/><G133/><T64/><D43/><U128/><E124/><N who="0" m="47657" /><D102/><U17/><E128/><V35/><F35/><W135/><G135/><T33/><D86/><U111/><E111/><V90/><F122/><W24/><G54/><T53/><D64/><U123/><E123/><V70/><F70/><W3/><G4/><T74/><D74/><U79/><E34/><V16/><F28/><W22/><G81/><T98/><D98/><U109/><E109/><V31/><F31/><W38/><REACH who="3" step="1"/><G78/><REACH who="3" ten="328,222,385,55" step="2"/><T94/><D33/><U6/><E92/><N who="2" m="54343" /><F114/><W12/><G12/><T130/><D94/><U39/><E6/><V67/><F83/><W85/><G85/><T93/><D93/><U129/><E129/><V27/><F107/><W51/><G51/><N who="0" m="30751" /><D130/><U82/><E48/><V120/><F120/><W30/><AGARI ba="0,1" hai="0,1,3,22,24,30,38,42,46,62,63,95,96,101" machi="30" ten="30,6000,0" yaku="1,1,0,1,52,1,53,0" doraHai="23" doraHaiUra="108" who="3" fromWho="3" sc="328,-20,222,-20,385,-20,55,70" /><INIT seed="3,1,0,5,1,121" ten="308,202,365,125" oya="3" hai0="112,128,14,28,44,71,56,51,21,12,55,97,22" hai1="88,31,9,69,104,110,25,95,119,49,10,133,80" hai2="129,23,85,17,48,99,108,26,113,30,77,118,123" hai3="7,59,53,15,64,19,82,43,134,38,70,13,61"/><W87/><G134/><T102/><D71/><U73/><E104/><V62/><F118/><W45/><G7/><T40/><D128/><U41/><E69/><V132/><F113/><W54/><G54/><T60/><D112/><U66/><E66/><V98/><F129/><W16/><G13/><T130/><D130/><U65/><E65/><V101/><F123/><W42/><G42/><T131/><D131/><U20/><E133/><V100/><F62/><W29/><G29/><T111/><D111/><U116/><E110/><V3/><F3/><W115/><G15/><T37/><D37/><U78/><E49/><V50/><F108/><W1/><G1/><T83/><D83/><U120/><E41/><V91/><F30/><W93/><G93/><N who="0" m="58671" /><D22/><U117/><REACH who="1" step="1"/><E120/><REACH who="1" ten="308,192,365,125" step="2"/><V90/><F50/><N who="3" m="31159" /><G115/><T103/><D40/><U84/><AGARI ba="1,1" hai="9,10,20,25,31,73,78,80,84,88,95,116,117,119" machi="84" ten="30,7900,0" yaku="1,1,0,1,12,1,54,1,53,0" doraHai="121" doraHaiUra="135" who="1" fromWho="1" sc="308,-21,192,92,365,-21,125,-40" /><INIT seed="4,0,0,5,4,125" ten="287,284,344,85" oya="0" hai0="28,64,134,74,83,67,31,33,96,54,135,41,53" hai1="60,40,115,8,14,91,101,43,109,12,0,19,17" hai2="27,130,108,106,47,92,127,13,85,37,133,78,113" hai3="124,15,81,51,26,20,100,99,18,71,58,1,93"/><T73/><D96/><U42/><E109/><V126/><F13/><W46/><G71/><T63/><D41/><U50/><E0/><V55/><F108/><W90/><G1/><T68/><D83/><U123/><E123/><V45/><F27/><W104/><G124/><T121/><D33/><U38/><E38/><V69/><F92/><W57/><G104/><T22/><D22/><U95/><E115/><V128/><F113/><W48/><G48/><T59/><D121/><U118/><E118/><V44/><F37/><W5/><G81/><T129/><D68/><U2/><E2/><V105/><F69/><W52/><REACH who="3" step="1"/><G100/><REACH who="3" ten="287,284,344,75" step="2"/><T80/><D80/><U76/><E101/><V6/><F127/><W24/><G24/><T65/><D73/><U122/><E122/><V25/><F126/><W16/><G16/><T87/><D74/><U120/><E120/><V89/><F106/><W77/><G77/><T36/><D36/><U112/><E76/><V72/><F105/><W114/><G114/><T97/><D31/><U66/><E112/><V10/><F25/><W7/><G7/><T49/><D28/><U117/><E17/><V102/><F102/><W29/><G29/><T107/><D107/><U103/><E103/><V34/><F78/><W98/><G98/><T94/><D97/><N who="1" m="57599" /><E14/><V62/><F72/><W116/><G116/><T21/><D49/><U88/><E117/><V4/><F6/><W110/><G110/><T39/><D39/><U35/><E50/><V132/><F4/><W61/><G61/><T23/><D63/><U111/><E111/><V86/><F62/><RYUUKYOKU ba="0,1" sc="287,-10,284,-10,344,-10,75,30" hai3="5,15,18,20,26,46,51,52,57,58,90,93,99" /><INIT seed="5,1,1,4,1,41" ten="277,274,334,105" oya="1" hai0="120,44,3,85,32,39,75,9,38,53,96,23,15" hai1="112,47,27,6,130,62,84,7,65,57,114,74,93" hai2="5,132,106,79,29,61,131,48,100,76,70,0,71" hai3="97,83,101,4,110,99,102,49,95,56,77,125,134"/><U46/><E74/><V107/><F29/><W66/><G110/><T14/><D53/><U111/><E111/><V10/><F132/><W133/><G125/><T22/><D75/><U113/><E130/><V78/><F131/><W124/><G4/><N who="1" m="1578" /><E27/><V82/><F82/><W109/><G109/><T12/><D32/><U24/><E24/><V63/><F48/><W89/><G124/><T50/><D96/><U64/><E64/><V87/><F87/><W81/><G49/><T67/><D67/><U91/><AGARI ba="1,1" hai="46,47,57,62,65,84,91,93,112,113,114" m="1578" machi="91" ten="40,7800,0" yaku="15,1,52,2" doraHai="41" who="1" fromWho="1" sc="277,-27,274,91,334,-27,105,-27" /><INIT seed="5,2,0,5,5,121" ten="250,365,307,78" oya="1" hai0="66,50,101,129,34,80,90,2,111,45,19,100,7" hai1="40,92,88,99,63,44,123,28,96,57,97,38,103" hai2="106,55,91,120,130,67,119,133,13,18,68,26,43" hai3="86,35,9,56,132,71,75,1,107,108,87,105,128"/><U72/><E123/><V58/><F119/><W32/><G56/><T126/><D34/><U110/><E72/><V83/><F106/><W6/><G6/><T4/><D66/><U93/><E28/><V42/><F133/><W23/><G23/><T134/><D134/><U125/><E125/><V60/><F130/><W41/><G9/><T47/><D129/><U102/><E110/><V27/><F120/><W114/><G41/><N who="2" m="15369" /><F68/><W113/><G128/><T76/><D76/><U51/><E38/><V48/><F83/><W109/><G132/><T10/><D126/><U16/><E16/><V116/><F91/><W33/><G33/><T124/><D124/><U36/><E36/><V39/><F39/><W61/><G61/><T5/><D111/><U30/><E30/><V15/><F15/><W52/><G52/><N who="0" m="29775" /><D47/><U104/><E104/><V37/><F37/><W3/><REACH who="3" step="1"/><G75/><REACH who="3" ten="250,365,307,68" step="2"/><T112/><D5/><U94/><E63/><V64/><F60/><W62/><G62/><T131/><D7/><U127/><E127/><V14/><F58/><AGARI ba="2,1" hai="40,44,51,57,58,88,92,93,94,96,97,99,102,103" machi="58" ten="40,7700,0" yaku="9,1,8,1,54,1" doraHai="121" who="1" fromWho="2" sc="250,0,365,93,307,-83,68,0" /><INIT seed="5,3,0,2,2,86" ten="250,458,224,68" oya="1" hai0="99,13,14,124,127,8,74,82,16,32,22,107,69" hai1="81,112,33,111,44,108,132,123,18,36,43,89,114" hai2="129,79,45,93,55,85,116,37,31,15,134,110,58" hai3="118,105,5,57,83,4,71,115,119,87,92,40,101"/><U90/><E123/><V24/><F116/><W73/><G71/><T122/><D32/><U126/><E33/><V125/><F110/><N who="1" m="42025" /><E132/><V39/><F129/><W65/><G115/><N who="1" m="44074" /><E126/><N who="0" m="48169" /><D69/><U12/><E81/><V25/><F15/><W70/><G70/><T106/><D122/><U20/><AGARI ba="3,0" hai="12,18,20,36,43,44,89,90" m="44074,42025" machi="20" ten="30,11700,0" yaku="10,1,15,1,52,2" doraHai="86" who="1" fromWho="1" sc="250,-42,458,126,224,-42,68,-42" /><INIT seed="5,4,0,0,1,125" ten="208,584,182,26" oya="1" hai0="118,45,41,60,2,104,59,131,103,115,129,37,78" hai1="88,24,119,127,73,5,20,18,34,57,39,27,130" hai2="19,114,16,54,47,35,107,0,74,17,105,67,100" hai3="120,96,66,101,95,84,29,134,82,93,99,87,6"/><U116/><E39/><V21/><F35/><W109/><G29/><T46/><D2/><U68/><E68/><V92/><F0/><W126/><G6/><T56/><D78/><U89/><E73/><V91/><F74/><W75/><G66/><T43/><D104/><U26/><E57/><V9/><F100/><W113/><G109/><T8/><D8/><U77/><E77/><V30/><F114/><W81/><G126/><T22/><D22/><N who="1" m="13399" /><E89/><V121/><F121/><W31/><G31/><T58/><D103/><U63/><E63/><V69/><F69/><W80/><G134/><T106/><D106/><U40/><E40/><V133/><F133/><W10/><G10/><T55/><D115/><U11/><E88/><V86/><F67/><W4/><G4/><T48/><D118/><N who="1" m="45099" /><E34/><V132/><F132/><W117/><G117/><T13/><D13/><N who="1" m="5359" /><E26/><V14/><F105/><W122/><G113/><T32/><D32/><U72/><E72/><V112/><F107/><W94/><G75/><T79/><D79/><U135/><E135/><V83/><F92/><W102/><REACH who="3" step="1"/><G94/><REACH who="3" ten="208,584,182,16" step="2"/><T62/><D62/><U3/><E127/><V38/><F112/><W52/><G52/><T12/><D12/><U124/><E124/><V123/><F54/><W15/><G15/><T128/><AGARI ba="4,1" hai="37,41,43,45,46,48,55,56,58,59,60,128,129,131" machi="128" ten="30,16000,3" yaku="0,1,19,1,34,3,52,3" doraHai="125" who="0" fromWho="0" sc="208,182,584,-84,182,-44,16,-44" owari="390,19.0,500,60.0,138,-26.0,-28,-53.0" /></mjloggm>