<mjloggm ver="2.3"><GO type="225" lobby="0"/><UN n0="%E3%82%A6%E3%83%AB%E3%83%88%E3%83%A9%E7%AB%8B%E7%9B%B4" n1="%E8%85%B9%E7%97%9B%E3%81%BD%E3%81%A3%E3%81%8F%E3%82%93" n2="%4D%40%53%4F" n3="%E3%81%A8%E3%81%86%E3%81%8D%E3%82%82%E3%82%93" dan="17,18,17,17" rate="2125.52,2216.10,2130.07,2199.77" sx="M,M,M,M"/><TAIKYOKU oya="0"/><INIT seed="0,0,0,3,0,11" ten="250,250,250,250" oya="0" hai0="24,61,113,22,79,28,122,100,53,10,126,40,106" hai1="48,31,18,0,25,128,51,36,16,111,39,114,41" hai2="102,124,63,123,82,90,69,98,132,52,108,72,62" hai3="32,12,89,127,116,56,133,5,125,58,27,21,9"/><T45/><D122/><U35/><E0/><V121/><F108/><W78/><G116/><T97/><D113/><U74/><E74/><V94/><F69/><W67/><G133/><T76/><D126/><N who="3" m="48137" /><G78/><T1/><D53/><U66/><E111/><V68/><F124/><W77/><G77/><T70/><D61/><U4/><E4/><V47/><F132/><W83/><G32/><T80/><D70/><U49/><E114/><V117/><F117/><W115/><G67/><T107/><D107/><U30/><E128/><V7/><F7/><W88/><G115/><T75/><D79/><U109/><E109/><V71/><F72/><W110/><G110/><T104/><D104/><U20/><E66/><V6/><F6/><W60/><G83/><T50/><D10/><U134/><E134/><V57/><F71/><W34/><G34/><T23/><REACH who="0" step="1"/><D22/><REACH who="0" ten="240,250,250,250" step="2"/><U46/><E20/><V2/><F121/><W33/><G33/><T95/><D95/><U120/><E120/><V26/><F123/><W14/><G60/><T15/><D15/><U81/><E35/><V91/><F68/><W86/><G14/><T103/><D103/><U84/><E81/><V65/><F82/><N who="3" m="49239" /><G89/><T112/><D112/><U29/><E25/><V105/><F26/><W17/><AGARI ba="0,1" hai="5,9,12,17,21,27,56,58" m="49239,48137" machi="17" ten="30,4000,0" yaku="18,1,52,1,54,1" doraHai="11" who="3" fromWho="3" sc="240,-20,250,-10,250,-10,250,50" /><INIT seed="1,0,0,2,5,45" ten="220,240,240,300" oya="1" hai0="73,3,126,47,4,132,72,8,101,49,46,58,57" hai1="119,79,97,5,19,92,20,109,87,43,98,32,21" hai2="125,91,85,100,81,64,44,63,7,40,128,75,110" hai3="111,124,16,112,131,71,48,14,88,114,118,93,13"/><U117/><E32/><V102/><F110/><W38/><G38/><T35/><D35/><U86/><E5/><V27/><F128/><W90/><G71/><T99/><D126/><U17/><E92/><V1/><F125/><W9/><G124/><T123/><D132/><U52/><E43/><V68/><F75/><W108/><G131/><T15/><D123/><U31/><E79/><V105/><F105/><W115/><G118/><T0/><D73/><U25/><E31/><V30/><F7/><N who="3" m="3263" /><G93/><T84/><D72/><U121/><E25/><V28/><F1/><W62/><G62/><T59/><D84/><U50/><E109/><N who="3" m="42058" /><G48/><T95/><REACH who="0" step="1"/><D46/><REACH who="0" ten="210,240,240,300" step="2"/><U2/><E121/><V23/><REACH who="2" step="1"/><F30/><REACH who="2" ten="210,240,230,300" step="2"/><W12/><G114/><T67/><D67/><U80/><E119/><V65/><F65/><W96/><G115/><T116/><D116/><U56/><E117/><V122/><F122/><W74/><G74/><T42/><AGARI ba="0,2" hai="0,3,4,8,15,42,47,49,57,58,59,95,99,101" machi="42" ten="30,7900,0" yaku="1,1,0,1,52,1,53,1" doraHai="45" doraHaiUra="39" who="0" fromWho="0" sc="210,99,240,-39,230,-20,300,-20" /><INIT seed="2,0,0,0,5,28" ten="309,201,210,280" oya="2" hai0="125,80,98,126,81,112,114,119,76,35,62,84,1" hai1="73,26,120,41,5,100,83,97,52,130,60,71,11" hai2="99,134,72,54,65,8,82,101,122,69,25,86,13" hai3="90,59,109,121,24,64,46,16,107,123,21,110,93"/><V68/><F122/><W51/><G107/><T34/><D1/><U29/><E120/><V3/><F72/><W2/><G2/><T87/><D62/><U128/><E41/><V32/><F3/><W117/><G117/><T103/><D119/><U14/><E73/><V4/><F134/><W17/><G17/><T12/><D12/><U23/><E83/><V53/><F32/><W88/><G59/><T89/><D34/><U106/><REACH who="1" step="1"/><E52/><REACH who="1" ten="309,191,210,280" step="2"/><V67/><F54/><W57/><G123/><T132/><D132/><U55/><E55/><V42/><F53/><W58/><G121/><T33/><D114/><U39/><E39/><V37/><F42/><W31/><G110/><T9/><D112/><U124/><E124/><V20/><F37/><W105/><G109/><T50/><D50/><U135/><E135/><V47/><F47/><W85/><G51/><T0/><D126/><U104/><E104/><V92/><F67/><AGARI ba="0,1" hai="5,11,14,23,26,29,60,67,71,97,100,106,128,130" machi="67" ten="40,1300,0" yaku="1,1,53,0" doraHai="28" doraHaiUra="74" who="1" fromWho="2" sc="309,0,191,23,210,-13,280,0" /><INIT seed="3,0,0,3,3,14" ten="309,214,197,280" oya="3" hai0="19,97,54,76,58,118,37,133,68,70,40,26,56" hai1="121,64,115,6,69,4,36,74,99,72,48,34,87" hai2="23,100,86,104,111,12,126,123,128,18,132,89,98" hai3="24,5,92,116,3,71,88,83,96,135,81,107,27"/><W10/><G71/><T85/><D58/><U129/><E36/><V21/><F111/><W9/><G116/><T7/><D7/><U103/><E115/><V84/><F128/><W90/><G135/><T43/><D97/><U93/><E121/><V102/><F132/><W15/><G107/><T130/><D118/><U105/><E129/><V101/><F123/><W42/><G42/><T38/><D43/><U82/><E34/><V65/><F126/><W53/><G53/><T119/><D40/><U41/><E69/><V31/><F65/><W45/><G45/><T52/><D54/><U63/><E63/><V50/><F86/><W8/><G90/><T106/><D106/><U28/><E28/><V22/><F50/><W60/><G60/><N who="0" m="35847" /><D130/><U62/><E62/><V1/><F1/><W16/><REACH who="3" step="1"/><G9/><REACH who="3" ten="309,214,197,270" step="2"/><T125/><D133/><U29/><E105/><V57/><F57/><W80/><AGARI ba="0,1" hai="3,5,8,10,15,16,24,27,80,81,83,88,92,96" machi="80" ten="30,18000,2" yaku="1,1,2,1,0,1,52,1,54,2,53,0" doraHai="14" doraHaiUra="110" who="3" fromWho="3" sc="309,-60,214,-60,197,-60,270,190" owari="249,5.0,154,-25.0,137,-36.0,460,56.0" /></mjloggm>