<mjloggm ver="2.3"><GO type="169" lobby="0"/><UN n0="%6B%75%72%6F%30%32%34%34" n1="%E3%83%A4%E3%82%AD%E3%83%B3" n2="%E3%82%A6%E3%83%AB%E3%83%88%E3%83%A9%E7%AB%8B%E7%9B%B4" n3="%79%75%6D%69%6B%69%6B%61" dan="16,18,17,16" rate="2077.85,2136.86,2147.83,2111.03" sx="M,M,M,M"/><TAIKYOKU oya="0"/><INIT seed="0,0,0,5,5,100" ten="250,250,250,250" oya="0" hai0="11,43,41,71,29,94,114,77,58,108,73,121,48" hai1="95,13,80,24,2,127,117,5,61,26,57,6,12" hai2="86,87,36,112,79,49,72,104,78,110,124,66,54" hai3="119,53,52,131,68,22,19,96,37,134,38,42,107"/><T9/><D114/><U122/><E117/><V97/><F36/><W92/><G68/><T31/><D71/><U56/><E127/><V34/><F34/><W50/><G119/><T82/><D121/><U101/><E80/><V93/><F66/><W67/><G67/><T16/><D108/><U60/><E101/><V23/><F112/><W135/><G42/><T103/><D43/><U3/><REACH who="1" step="1"/><E95/><REACH who="1" ten="250,240,250,250" step="2"/><V89/><F124/><W69/><G92/><T111/><D94/><U84/><E84/><V55/><F87/><W76/><G76/><T115/><D103/><U39/><E39/><V106/><F110/><W129/><G38/><T44/><D111/><U1/><E1/><V133/><F79/><W113/><G37/><T25/><D115/><U123/><AGARI ba="0,1" hai="2,3,5,6,12,13,24,26,56,57,60,61,122,123" machi="123" ten="25,12000,2" yaku="1,1,0,1,22,2,53,2" doraHai="100" doraHaiUra="118" who="1" fromWho="1" sc="250,-60,240,130,250,-30,250,-30" /><INIT seed="1,0,0,4,2,27" ten="190,370,220,220" oya="1" hai0="59,129,71,132,11,15,80,49,68,133,96,53,91" hai1="107,67,118,26,3,23,119,45,4,60,5,127,38" hai2="106,2,33,78,65,104,75,74,84,57,58,134,1" hai3="130,101,115,93,70,116,56,124,16,88,117,36,6"/><U18/><E107/><V87/><F33/><W89/><G70/><T81/><D129/><U40/><E127/><V24/><F24/><W100/><G6/><T111/><D111/><U64/><E64/><V105/><F65/><W7/><G7/><T35/><D35/><U8/><REACH who="1" step="1"/><E4/><REACH who="1" ten="190,360,220,220" step="2"/><V55/><F106/><W108/><G124/><T98/><D133/><U10/><E10/><V14/><F134/><W90/><G117/><T110/><D11/><U46/><E46/><V72/><F105/><W21/><G116/><T121/><D132/><U99/><E99/><V51/><F104/><W114/><G114/><T13/><D98/><U85/><E85/><V48/><F87/><W77/><G115/><T62/><D96/><U73/><E73/><V82/><F84/><W103/><G103/><T79/><D121/><U34/><E34/><V12/><F75/><W95/><G100/><T25/><D80/><U83/><E83/><V66/><F66/><W123/><G101/><T125/><D81/><U43/><E43/><V92/><F74/><W31/><G123/><T22/><D125/><U28/><E28/><V109/><F82/><W122/><G31/><T39/><D79/><U76/><E76/><V50/><F78/><W97/><G77/><T52/><D91/><U126/><E126/><V30/><F30/><W120/><G90/><T44/><D44/><U41/><E41/><V94/><F72/><W19/><G97/><T128/><D128/><U20/><E20/><V86/><F86/><W29/><G130/><T37/><D22/><U63/><E63/><V0/><F55/><RYUUKYOKU ba="0,1" sc="190,-10,360,30,220,-10,220,-10" hai1="3,5,8,18,23,26,38,40,45,60,67,118,119" /><INIT seed="1,1,1,0,1,104" ten="180,390,210,210" oya="1" hai0="116,34,92,125,31,70,50,85,128,112,48,22,55" hai1="0,40,108,21,11,30,42,130,102,113,131,76,118" hai2="46,72,100,1,10,37,4,91,12,44,32,87,117" hai3="69,16,49,59,15,78,43,88,77,123,56,115,28"/><U20/><E113/><V109/><F117/><W84/><G69/><T6/><D34/><U86/><E118/><V90/><F32/><W134/><G115/><T36/><D36/><U114/><E114/><V129/><F100/><W110/><G123/><T122/><D70/><U27/><E102/><V3/><F72/><W83/><G28/><T14/><D6/><U89/><E76/><N who="3" m="29290" /><G110/><T5/><D31/><U71/><E71/><V96/><F109/><W79/><G134/><T103/><D5/><N who="1" m="1447" /><E21/><V8/><F129/><N who="1" m="49161" /><E108/><V58/><F3/><W47/><N who="3" m="29298" /><W39/><DORA hai="94" /><G39/><T98/><D128/><U24/><E24/><V65/><F37/><W111/><G111/><T13/><D112/><U54/><E54/><V38/><F38/><W7/><G7/><T26/><D55/><U106/><E106/><V126/><F8/><AGARI ba="1,1" hai="8,15,16,43,47,49,56,59,83,84,88" m="29298" machi="8" ten="30,3900,0" yaku="8,1,54,2" doraHai="104,94" who="3" fromWho="2" sc="180,0,390,0,210,-42,210,52" /><INIT seed="2,0,0,4,0,108" ten="180,390,168,262" oya="2" hai0="8,110,37,46,49,41,17,3,101,27,135,47,71" hai1="105,53,89,50,1,28,13,121,131,97,103,127,96" hai2="48,82,21,87,86,84,34,44,107,114,102,123,134" hai3="130,115,66,30,63,54,25,85,68,14,11,9,2"/><V65/><F34/><W119/><G119/><T42/><D110/><U81/><E1/><V20/><F123/><W56/><G130/><T36/><D135/><U69/><E69/><V88/><F134/><W38/><G38/><T129/><D129/><U75/><E131/><V113/><F65/><W57/><G68/><T132/><D132/><U111/><E111/><V78/><F102/><W83/><G2/><T104/><D71/><U33/><E28/><V0/><F107/><W22/><G14/><T39/><D3/><U117/><E33/><V26/><F0/><W93/><G93/><T62/><D62/><U90/><E117/><V5/><F5/><W126/><G126/><T125/><D125/><U116/><E116/><V76/><F76/><W43/><G43/><T52/><D101/><U91/><E127/><V106/><F106/><W12/><G12/><T40/><D104/><U99/><E121/><V100/><F100/><W118/><G115/><T133/><D133/><U124/><E124/><V15/><F15/><W35/><G35/><T72/><D72/><U70/><E70/><V51/><F51/><N who="3" m="30815" /><G118/><T67/><D67/><U80/><E13/><V45/><F45/><W112/><G112/><N who="2" m="43113" /><F26/><W10/><G10/><T23/><REACH who="0" step="1"/><D8/><REACH who="0" ten="170,390,168,262" step="2"/><U29/><E105/><V122/><F122/><W77/><AGARI ba="0,1" hai="9,11,22,25,30,57,63,66,77,83,85" m="30815" machi="77" ten="30,1100,0" yaku="8,1" doraHai="108" who="3" fromWho="3" sc="170,-3,390,-3,168,-5,262,21" /><INIT seed="3,0,0,4,3,36" ten="167,387,163,283" oya="3" hai0="55,61,23,35,31,26,84,11,10,1,128,106,116" hai1="108,34,58,105,40,71,4,134,63,127,69,111,122" hai2="124,47,117,101,18,24,120,92,7,49,6,62,119" hai3="73,68,20,52,39,77,132,0,51,78,91,130,17"/><W15/><G132/><T56/><D116/><U64/><E34/><V75/><F75/><W3/><G130/><T59/><D106/><U53/><E105/><V98/><F124/><W66/><G39/><T90/><D128/><U46/><E4/><V115/><F115/><W97/><G66/><N who="0" m="39207" /><D35/><U81/><E81/><V103/><F120/><W110/><G68/><N who="1" m="26186" /><E122/><V37/><F37/><W9/><G110/><N who="1" m="42026" /><E127/><V109/><F109/><W82/><G77/><T2/><D2/><U12/><E12/><V123/><F123/><W67/><G67/><T80/><D1/><U121/><E121/><V96/><F62/><AGARI ba="0,0" hai="10,11,23,26,31,55,59,62,80,84,90" m="39207" machi="62" ten="30,1000,0" yaku="8,1" doraHai="36" who="0" fromWho="2" sc="167,10,387,0,163,-10,283,0" /><INIT seed="4,0,0,1,2,31" ten="177,387,153,283" oya="0" hai0="79,54,69,119,61,33,44,26,24,13,0,112,80" hai1="128,113,131,97,95,110,105,38,7,23,104,14,72" hai2="18,125,56,36,111,130,93,129,39,126,30,16,117" hai3="123,10,1,78,21,100,47,92,29,77,133,90,22"/><T73/><D119/><U60/><E110/><V27/><F56/><W99/><G133/><T132/><D0/><U103/><E38/><N who="2" m="14379" /><F93/><W19/><G123/><T75/><D132/><U63/><E72/><V50/><F50/><W109/><G109/><T4/><D73/><U41/><E41/><V106/><F106/><W67/><G67/><T15/><D112/><U37/><E37/><V88/><F88/><W32/><G47/><T57/><D69/><U118/><E118/><V121/><F117/><W87/><G21/><T55/><D4/><U46/><E46/><V102/><F102/><W82/><G10/><T135/><D135/><U9/><E113/><V66/><F66/><W45/><G45/><T49/><REACH who="0" step="1"/><D26/><REACH who="0" ten="167,387,153,283" step="2"/><U65/><E7/><V76/><F111/><W101/><G1/><T35/><D35/><U12/><E131/><N who="2" m="50187" /><F121/><W48/><G32/><T3/><D3/><U5/><E128/><V81/><F126/><W40/><G40/><T11/><D11/><U83/><E9/><V53/><F125/><W115/><G115/><T86/><D86/><U114/><E114/><V28/><F53/><W52/><G52/><T89/><D89/><U91/><E91/><V51/><F51/><W62/><G48/><T6/><D6/><U59/><E5/><V116/><F116/><W8/><G87/><T68/><D68/><U108/><E108/><V64/><F64/><W98/><G90/><T122/><D122/><U124/><E124/><V74/><F27/><W94/><G8/><T120/><D120/><U20/><E65/><V58/><F58/><W84/><G84/><RYUUKYOKU ba="0,1" sc="167,15,387,-15,153,15,283,-15" hai0="13,15,24,33,44,49,54,55,57,61,75,79,80" hai2="16,18,28,30,74,76,81" /><INIT seed="4,1,1,0,1,123" ten="182,372,168,268" oya="0" hai0="99,31,20,76,7,18,44,55,19,57,37,95,0" hai1="79,45,63,82,89,86,74,117,93,27,52,66,48" hai2="4,102,114,124,3,84,46,2,59,13,77,113,103" hai3="87,68,6,91,104,15,36,42,108,51,105,23,22"/><T134/><D134/><U35/><E35/><V109/><F59/><W118/><G36/><T128/><D128/><U75/><E117/><V81/><F13/><W107/><G68/><T53/><D76/><U96/><REACH who="1" step="1"/><E27/><REACH who="1" ten="182,362,168,268" step="2"/><V43/><F124/><W88/><G118/><T116/><D116/><U70/><AGARI ba="1,2" hai="45,48,52,63,66,70,74,75,79,82,86,89,93,96" machi="70" ten="20,8000,1" yaku="1,1,2,1,0,1,7,1,54,1,53,0" doraHai="123" doraHaiUra="112" who="1" fromWho="1" sc="182,-41,362,103,168,-21,268,-21" /><INIT seed="5,0,0,0,5,115" ten="141,465,147,247" oya="1" hai0="11,54,72,90,3,85,33,111,87,121,94,101,99" hai1="71,52,134,37,26,8,120,44,29,58,93,95,9" hai2="74,65,53,73,97,47,103,36,4,113,20,124,17" hai3="116,122,43,89,50,100,18,78,48,39,75,102,40"/><U92/><E120/><V70/><F113/><W66/><G89/><T19/><D111/><U77/><E71/><V84/><F124/><W132/><G18/><T128/><D128/><U131/><E131/><V28/><F28/><W125/><G66/><T119/><D119/><U81/><E134/><V22/><F4/><W104/><G78/><T82/><D33/><U107/><E107/><V110/><F110/><W31/><G31/><T118/><D118/><U6/><E44/><V127/><F127/><W23/><G23/><T30/><D30/><U27/><E37/><V98/><F22/><W91/><G91/><T133/><D133/><U60/><E27/><V64/><F84/><W16/><G75/><T63/><D72/><U69/><E69/><V15/><F97/><W106/><G132/><T42/><D42/><U10/><E6/><V112/><F112/><W1/><G1/><T55/><D121/><U79/><REACH who="1" step="1"/><E81/><REACH who="1" ten="141,455,147,247" step="2"/><V108/><F108/><W126/><G122/><T7/><D82/><U56/><E56/><V46/><F46/><W67/><G39/><T49/><D7/><U21/><AGARI ba="0,1" hai="8,9,10,21,26,29,52,58,60,77,79,92,93,95" machi="21" ten="30,11700,0" yaku="1,1,0,1,8,1,54,1,53,0" doraHai="115" doraHaiUra="0" who="1" fromWho="1" sc="141,-39,455,127,147,-39,247,-39" /><INIT seed="5,1,0,3,4,77" ten="102,582,108,208" oya="1" hai0="88,12,2,50,20,21,51,99,14,134,133,112,38" hai1="42,53,74,119,24,47,15,59,110,125,29,57,100" hai2="89,105,71,63,97,75,7,68,70,101,109,64,94" hai3="36,132,18,4,121,8,40,111,114,65,76,52,92"/><U85/><E74/><V82/><F7/><W46/><G65/><T116/><D116/><U106/><E119/><V80/><F109/><W127/><G121/><T16/><D38/><U10/><E100/><V43/><F43/><W31/><G31/><T95/><D2/><U44/><E106/><V48/><F48/><W129/><G129/><T0/><D0/><U32/><E110/><V11/><F11/><W126/><G114/><T69/><D69/><U9/><E9/><V130/><F130/><W93/><G18/><N who="0" m="10311" /><D112/><U103/><E103/><V45/><F45/><W131/><G131/><T128/><D128/><U87/><E125/><V90/><F90/><W37/><G37/><T91/><D91/><U54/><E47/><V3/><F3/><W56/><G76/><T34/><D34/><U22/><E32/><V39/><F39/><W26/><G26/><T13/><D13/><U17/><E44/><V107/><F107/><W102/><G102/><T81/><D81/><U23/><E10/><V86/><REACH who="2" step="1"/><F82/><REACH who="2" ten="102,582,98,208" step="2"/><W66/><G111/><T108/><D108/><U84/><E42/><V58/><F58/><AGARI ba="1,1" hai="15,17,22,23,24,29,53,54,57,58,59,84,85,87" machi="58" ten="40,2000,0" yaku="8,1" doraHai="77" who="1" fromWho="2" sc="102,0,582,33,98,-23,208,0" /><INIT seed="5,2,0,2,1,2" ten="102,615,75,208" oya="1" hai0="49,69,102,89,129,0,46,93,131,8,133,5,108" hai1="94,35,21,1,126,14,97,25,64,44,41,95,67" hai2="125,20,52,57,15,77,119,66,6,56,45,37,39" hai3="100,76,121,34,19,109,7,18,103,111,123,47,128"/><U78/><E1/><V40/><F119/><W38/><G128/><T13/><D108/><U85/><E35/><V82/><F125/><W3/><G76/><T32/><D69/><U81/><E126/><V62/><F39/><W71/><G71/><T98/><D32/><U59/><E14/><V75/><F20/><W127/><G127/><T96/><D0/><U83/><E83/><V116/><F116/><W114/><G3/><T4/><D133/><U63/><E67/><V27/><F27/><W73/><G47/><T31/><D31/><U11/><E11/><V12/><REACH who="2" step="1"/><F6/><REACH who="2" ten="102,615,65,208" step="2"/><W60/><G7/><T120/><D5/><U124/><E124/><V33/><F33/><W68/><G38/><T91/><D120/><U118/><E118/><V36/><F36/><W122/><G34/><T86/><D129/><U9/><E9/><V115/><F115/><W54/><G114/><T92/><D131/><U80/><E21/><V65/><F65/><W106/><G121/><T99/><D102/><U110/><E25/><V24/><F24/><W117/><G117/><T84/><REACH who="0" step="1"/><D99/><REACH who="0" ten="92,615,65,208" step="2"/><U51/><E110/><V17/><F17/><W43/><G18/><T70/><D70/><U58/><E97/><V113/><F113/><W132/><G19/><T10/><D10/><U50/><E64/><V61/><AGARI ba="2,2" hai="12,15,37,40,45,52,56,57,61,62,66,75,77,82" machi="61" ten="20,5200,0" yaku="1,1,0,1,7,1,54,1,53,0" doraHai="2" doraHaiUra="26" who="2" fromWho="2" sc="92,-15,615,-28,65,78,208,-15" /><INIT seed="6,0,0,5,3,19" ten="77,587,143,193" oya="2" hai0="94,57,86,127,75,16,126,107,28,119,1,46,68" hai1="133,65,80,47,25,89,79,13,9,56,44,51,112" hai2="20,134,81,31,40,59,2,98,87,63,70,108,117" hai3="18,62,55,105,106,114,122,12,115,121,10,38,101"/><V71/><F117/><W131/><G38/><T37/><D107/><N who="3" m="40969" /><G101/><T24/><D75/><U50/><E89/><V4/><F40/><W8/><G8/><T120/><D68/><U93/><E93/><V11/><F98/><W109/><G109/><T69/><D69/><U83/><E25/><V74/><F74/><W97/><G97/><T5/><D120/><U64/><E56/><V66/><F134/><W17/><G17/><T48/><D119/><U103/><E103/><V135/><F135/><W92/><G92/><T78/><D37/><U35/><E79/><V85/><F85/><W84/><G84/><T52/><D5/><U124/><E35/><V96/><F96/><W15/><G15/><T110/><D1/><U76/><E76/><V61/><F108/><W42/><G42/><N who="0" m="24663" /><D110/><U91/><E91/><V130/><F130/><W0/><G0/><T32/><D32/><U116/><E13/><V49/><F49/><W67/><G55/><T100/><D28/><U41/><E41/><V60/><F70/><N who="3" m="42359" /><G131/><T39/><D39/><U118/><E133/><V36/><F36/><W111/><G111/><T33/><D33/><U90/><E90/><V58/><F71/><W113/><AGARI ba="0,0" hai="10,12,18,113,114,115,121,122" m="42359,40969" machi="113" ten="40,2700,0" yaku="15,1,11,1" doraHai="19" who="3" fromWho="3" sc="77,-7,587,-7,143,-13,193,27" /><INIT seed="7,0,0,5,4,52" ten="70,580,130,220" oya="3" hai0="35,116,135,8,68,62,2,46,113,25,81,10,70" hai1="45,96,64,87,97,66,21,86,5,92,103,108,102" hai2="90,84,56,34,24,37,38,133,39,83,41,11,60" hai3="47,104,61,27,77,51,89,50,44,132,123,107,23"/><W106/><G123/><T101/><D116/><U26/><E5/><V75/><F75/><W33/><G33/><T72/><D135/><U20/><E108/><V125/><F133/><W22/><G61/><T31/><D113/><U30/><E45/><V59/><F125/><W91/><G77/><T74/><D74/><U124/><E124/><V130/><F130/><W71/><G71/><T9/><D2/><U129/><E129/><V19/><F41/><W114/><G114/><T1/><D1/><U17/><E87/><V18/><F11/><W65/><G65/><T36/><D72/><U109/><E86/><V53/><REACH who="2" step="1"/><F59/><REACH who="2" ten="70,580,120,220" step="2"/><W98/><G132/><T63/><D81/><U110/><E17/><V32/><F32/><W115/><G47/><T73/><D73/><U67/><E21/><V15/><F15/><W88/><G44/><T3/><D3/><U55/><E55/><V112/><F112/><W94/><G23/><T117/><D117/><U4/><E4/><V0/><F0/><W122/><G22/><T120/><D120/><U57/><E97/><V80/><F80/><W95/><G122/><T126/><D126/><U85/><E103/><V58/><F58/><W76/><G98/><T40/><REACH who="0" step="1"/><D101/><REACH who="0" ten="60,580,120,220" step="2"/><U119/><E119/><V134/><F134/><W29/><G115/><T12/><D12/><U93/><E110/><V7/><F7/><W79/><G27/><T118/><D118/><U82/><E109/><V14/><F14/><W16/><G29/><AGARI ba="0,2" hai="18,19,24,29,34,37,38,39,53,56,60,83,84,90" machi="29" ten="40,2600,0" yaku="1,1,52,1,53,0" doraHai="52" doraHaiUra="100" who="2" fromWho="3" sc="60,0,580,0,120,46,220,-26" owari="60,-44.0,580,68.0,166,-23.0,194,-1.0" /></mjloggm>