<mjloggm ver="2.3"><GO type="169" lobby="0"/><UN n0="%61%76%71%38%37%30%30%33" n1="%E3%81%9F%E3%82%93%E3%82%84%E3%81%8A%E5%8E%A8" n2="%41%72%63%61%64%65" n3="%E5%B0%B1%E6%B4%BB%E7%94%9F%40%E5%B7%9D%E6%9D%91%E8%BB%8D%E5%9B%A3" dan="16,16,16,18" rate="2058.79,2135.42,2087.80,2302.11" sx="M,M,M,M"/><TAIKYOKU oya="0"/><INIT seed="0,0,0,0,5,71" ten="250,250,250,250" oya="0" hai0="22,72,48,92,23,135,19,6,134,59,111,69,50" hai1="76,131,113,115,96,51,110,55,126,132,0,133,118" hai2="16,122,31,124,107,102,129,43,105,3,121,78,112" hai3="98,80,94,88,32,79,123,2,24,101,77,40,75"/><T56/><D69/><U119/><E0/><V25/><F112/><N who="1" m="43081" /><E76/><V58/><F3/><W103/><G2/><T63/><D72/><U8/><E8/><V29/><F78/><N who="3" m="44127" /><G40/><T46/><D6/><U128/><E96/><V21/><F58/><W9/><G24/><T83/><D83/><U14/><E14/><V39/><F129/><N who="1" m="49737" /><E55/><V35/><F31/><W114/><G32/><T97/><D23/><U53/><E53/><V28/><F28/><W30/><G30/><T84/><D84/><U11/><E11/><V82/><F82/><W54/><G54/><N who="0" m="31831" /><D19/><U87/><E87/><V18/><F18/><W20/><G20/><T42/><D22/><U120/><E51/><V41/><F16/><W99/><G9/><T4/><D4/><U95/><E95/><V26/><F21/><W125/><G114/><T44/><D48/><U45/><E45/><V81/><F29/><W7/><G7/><T15/><D15/><U116/><E126/><V85/><F124/><W64/><G125/><T65/><D46/><U12/><E12/><V109/><F35/><W10/><G10/><T89/><D44/><U73/><E73/><V17/><F17/><W61/><G79/><T52/><D52/><U93/><E93/><V47/><F47/><W37/><G77/><T117/><D97/><U68/><E68/><V62/><F25/><W86/><G99/><T106/><D92/><U104/><E104/><V67/><F26/><W90/><G98/><T130/><D130/><U74/><E74/><V100/><F107/><W33/><G94/><T5/><D5/><U13/><E13/><RYUUKYOKU ba="0,0" sc="250,0,250,0,250,0,250,0" /><INIT seed="1,1,0,1,0,120" ten="250,250,250,250" oya="1" hai0="37,123,82,124,102,59,101,104,60,26,31,111,129" hai1="65,1,122,106,5,114,44,87,28,88,19,22,131" hai2="53,108,40,13,127,80,117,36,57,12,9,48,125" hai3="67,18,39,55,72,17,58,14,24,68,74,2,50"/><U86/><E114/><V135/><F117/><W7/><G2/><T78/><D37/><U84/><E122/><V70/><F135/><W81/><G39/><T11/><D129/><U76/><E106/><V107/><F107/><W85/><G7/><T121/><D124/><N who="2" m="47690" /><F70/><W116/><G116/><T35/><D11/><U89/><E131/><V103/><F103/><W66/><G68/><T98/><D111/><U110/><E65/><V32/><F32/><W118/><G118/><T43/><D43/><U46/><E28/><V69/><F69/><W33/><G74/><T93/><D102/><U10/><E76/><V16/><F80/><W126/><G72/><T15/><D15/><U95/><E110/><V90/><F90/><W51/><G51/><T4/><D4/><U54/><E54/><V42/><F36/><W30/><G126/><T128/><D128/><U63/><E63/><V41/><F13/><W133/><G133/><T130/><D104/><U109/><E109/><AGARI ba="1,0" hai="9,12,16,40,41,42,48,53,57,108,109" m="47690" machi="109" ten="40,8000,1" yaku="18,1,52,2,54,1" doraHai="120" who="2" fromWho="1" sc="250,0,250,-83,250,83,250,0" /><INIT seed="2,0,0,3,5,42" ten="250,167,333,250" oya="2" hai0="49,128,0,35,54,5,16,124,130,17,7,44,37" hai1="89,116,56,90,23,119,105,30,66,106,28,111,25" hai2="33,118,122,26,36,125,80,4,2,46,91,64,133" hai3="62,13,1,107,52,53,87,10,61,32,68,123,121"/><V98/><F122/><W93/><G1/><T75/><D35/><U11/><E111/><V65/><F118/><W57/><G107/><T96/><D75/><U85/><E11/><V63/><F2/><W86/><G32/><T47/><D96/><U45/><E66/><V100/><F4/><N who="0" m="1610" /><D0/><U19/><E56/><V104/><F133/><W50/><G68/><T76/><D76/><U60/><E60/><V34/><F125/><W31/><G31/><T132/><D132/><U95/><E106/><V84/><F65/><W112/><G112/><T67/><D67/><U24/><E105/><V70/><REACH who="2" step="1"/><F26/><REACH who="2" ten="250,167,323,250" step="2"/><W81/><G121/><T126/><D126/><U39/><E25/><V74/><F74/><W135/><G123/><T72/><D72/><U8/><E116/><V129/><F129/><N who="0" m="49770" /><D124/><U108/><E119/><V94/><F94/><W131/><G131/><T120/><D120/><U113/><E95/><V18/><F18/><N who="0" m="7274" /><D37/><U9/><E39/><V71/><F71/><W103/><G135/><T134/><D134/><U73/><E73/><V97/><F97/><W99/><G87/><T14/><D14/><U82/><E85/><V92/><F92/><W83/><G86/><T29/><D29/><U15/><E30/><V41/><AGARI ba="0,1" hai="33,34,36,41,46,63,64,70,80,84,91,98,100,104" machi="41" ten="30,6000,0" yaku="1,1,0,1,52,1,53,0" doraHai="42" doraHaiUra="20" who="2" fromWho="2" sc="250,-20,167,-20,323,70,250,-20" /><INIT seed="2,1,0,3,0,37" ten="230,147,393,230" oya="2" hai0="64,85,76,30,115,109,124,29,89,15,58,127,41" hai1="24,72,94,1,93,70,98,39,59,19,132,113,77" hai2="114,4,92,26,32,63,51,16,74,28,121,65,96" hai3="123,60,3,12,6,7,75,97,9,40,125,111,46"/><V50/><F121/><W31/><G123/><T107/><D115/><U122/><E70/><V68/><F114/><W80/><G111/><T103/><D109/><U118/><E1/><V10/><F74/><W27/><G125/><T13/><D76/><U49/><E122/><V36/><F36/><W45/><G45/><T71/><D71/><U100/><E113/><V135/><F135/><W108/><G108/><T90/><D103/><U56/><E39/><V33/><F33/><W20/><G60/><N who="0" m="37911" /><D90/><U43/><E118/><V66/><F66/><W18/><G97/><T95/><D107/><U130/><E130/><V91/><REACH who="2" step="1"/><F16/><REACH who="2" ten="230,147,383,230" step="2"/><W82/><G75/><T5/><D127/><U38/><E19/><V14/><AGARI ba="1,1" hai="4,10,14,26,28,32,50,51,63,65,68,91,92,96" machi="14" ten="20,7800,0" yaku="1,1,2,1,0,1,7,1,53,0" doraHai="37" doraHaiUra="126" who="2" fromWho="2" sc="230,-27,147,-27,383,91,230,-27" /><INIT seed="2,2,0,0,1,104" ten="203,120,474,203" oya="2" hai0="62,37,106,102,71,114,64,55,111,4,33,127,75" hai1="73,1,59,60,23,119,45,17,125,52,61,89,32" hai2="53,29,109,36,43,98,85,11,108,93,116,41,80" hai3="46,126,48,99,100,124,72,78,68,66,20,86,50"/><V56/><F116/><W101/><G50/><T110/><D55/><U128/><E119/><V81/><F29/><W24/><G66/><T16/><D114/><U115/><E128/><V123/><F123/><W70/><G86/><T28/><D16/><U83/><E125/><N who="3" m="48234" /><G78/><T96/><D127/><U47/><E115/><V18/><F36/><W90/><G90/><T31/><D31/><U122/><E32/><V30/><F30/><N who="3" m="17671" /><G72/><T79/><D4/><U134/><E1/><V118/><F118/><W14/><G14/><T91/><D91/><U54/><E122/><V39/><F39/><W121/><G121/><T58/><D58/><U9/><E73/><V19/><F85/><W112/><G112/><T3/><D37/><U7/><E83/><V10/><F93/><N who="3" m="58479" /><G101/><T135/><D3/><U2/><E89/><V74/><F98/><W113/><G113/><T13/><D13/><U129/><E47/><V97/><F97/><W63/><G63/><T27/><REACH who="0" step="1"/><D135/><REACH who="0" ten="193,120,474,203" step="2"/><U67/><E134/><V22/><F56/><W12/><G12/><T65/><D65/><U49/><E129/><V8/><F8/><W6/><G6/><T21/><D21/><U131/><E131/><V117/><F117/><W34/><G34/><T88/><D88/><U51/><E67/><V26/><F22/><W25/><G25/><AGARI ba="2,1" hai="2,7,9,17,23,25,45,49,51,52,54,59,60,61" machi="25" ten="30,2000,0" yaku="7,1,54,1" doraHai="104" who="1" fromWho="3" sc="193,0,120,36,474,0,203,-26" /><INIT seed="3,0,0,4,4,65" ten="193,156,474,177" oya="3" hai0="43,68,109,16,32,56,0,59,105,12,64,50,5" hai1="86,10,128,33,37,1,132,134,118,38,133,100,84" hai2="69,6,62,11,8,55,7,129,120,51,74,91,54" hai3="104,113,27,95,112,79,53,29,71,135,24,78,89"/><W130/><G104/><T42/><D32/><U119/><E33/><V94/><F74/><W93/><G130/><T63/><D109/><U57/><E100/><V88/><F120/><W39/><G135/><T35/><D35/><U111/><E57/><N who="2" m="35135" /><F69/><W48/><G39/><N who="1" m="14858" /><E111/><V67/><F67/><W115/><G71/><T124/><D124/><U83/><E83/><V66/><F66/><W22/><G27/><T85/><D105/><U108/><E108/><V21/><F21/><W31/><G31/><T96/><D96/><U41/><E41/><V30/><F30/><W14/><G14/><T52/><D59/><U82/><E82/><V131/><F91/><W125/><G125/><T110/><D110/><U36/><N who="1" m="14866" /><U90/><DORA hai="123" /><E90/><V102/><F102/><W107/><G107/><T121/><D121/><U81/><E81/><V87/><F131/><W46/><REACH who="3" step="1"/><G95/><REACH who="3" ten="193,156,474,167" step="2"/><T60/><D12/><U25/><E25/><V47/><F129/><W92/><G92/><T13/><D13/><U75/><E128/><V73/><F73/><W44/><G44/><T98/><D68/><U117/><E75/><V15/><F15/><W19/><G19/><T17/><D16/><U18/><E18/><V45/><F45/><W28/><G28/><T103/><D17/><U23/><E23/><V99/><F47/><W76/><G76/><T40/><D0/><U127/><E127/><V72/><F72/><W34/><G34/><T77/><D77/><U3/><E10/><V49/><F11/><W2/><G2/><AGARI ba="0,1" hai="1,2,3,84,86,117,118,119,132,133,134" m="14866" machi="2" ten="60,8000,1" yaku="28,2,12,1,20,1" doraHai="65,123" who="1" fromWho="3" sc="193,0,156,90,474,0,167,-80" /><INIT seed="4,0,0,5,2,98" ten="193,246,474,87" oya="0" hai0="93,24,70,52,81,73,64,27,74,92,25,82,117" hai1="124,90,88,31,21,108,109,116,20,107,48,57,36" hai2="46,123,11,59,102,115,26,78,56,121,18,125,42" hai3="80,127,111,118,79,49,22,6,50,0,120,10,43"/><T114/><D117/><U13/><E116/><V58/><F115/><W104/><G118/><T106/><D106/><U1/><E1/><V32/><F125/><W47/><G127/><T54/><D64/><U89/><E124/><V71/><F71/><W97/><G120/><T4/><D4/><U85/><E36/><V131/><F131/><W77/><G111/><T75/><D70/><U66/><E107/><V122/><F78/><W39/><G77/><T44/><D114/><U14/><E85/><V128/><F128/><W2/><G2/><T65/><D65/><U62/><E48/><V17/><F11/><W30/><G30/><T29/><D29/><U83/><E83/><N who="0" m="31753" /><D44/><U8/><E31/><V94/><F32/><W112/><G112/><T130/><D130/><U3/><E3/><V76/><F76/><W95/><G22/><T60/><D60/><U9/><E108/><V5/><F5/><W135/><G104/><T99/><D99/><U34/><E34/><V61/><F61/><W16/><G16/><T87/><D87/><U45/><E45/><V37/><F26/><W110/><G110/><T7/><D7/><N who="1" m="3231" /><E109/><V33/><F33/><W105/><G105/><T134/><D134/><U129/><E129/><V132/><F132/><W38/><G38/><T72/><N who="0" m="18432" /><DORA hai="103" /><T41/><D41/><U51/><E51/><V23/><F23/><W69/><G69/><T35/><D35/><U12/><E12/><V133/><F133/><W63/><G135/><T100/><D100/><U91/><N who="1" m="23040" /><DORA hai="15" /><U68/><E68/><V101/><F101/><N who="3" m="60607" /><G63/><T53/><AGARI ba="0,0" hai="24,25,27,52,53,54,92,93" m="18432,31753" machi="53" ten="70,18000,2" yaku="5,1,29,2,28,2,54,1" doraHai="98,103,15" who="0" fromWho="0" sc="193,180,246,-60,474,-60,87,-60" /><INIT seed="4,1,0,0,1,135" ten="373,186,414,27" oya="0" hai0="53,92,108,67,117,3,124,79,21,14,24,25,17" hai1="133,38,113,75,4,34,78,101,47,15,96,93,114" hai2="132,13,6,76,28,127,26,8,64,87,52,131,7" hai3="105,40,116,1,121,95,102,104,98,119,2,106,90"/><T85/><D67/><U51/><E34/><V129/><F127/><W69/><G69/><T99/><D117/><U120/><E38/><V50/><F132/><W130/><G130/><N who="2" m="49673" /><F64/><W89/><G40/><T70/><D70/><U43/><E133/><V9/><F76/><W110/><G110/><T57/><D3/><U65/><E65/><V73/><F73/><W16/><G121/><T36/><D124/><U0/><E0/><V134/><F87/><W82/><G2/><T83/><D36/><U54/><E120/><V94/><F94/><N who="3" m="58711" /><G1/><T20/><D20/><U80/><E54/><V30/><F134/><W5/><G5/><T39/><D39/><U41/><E41/><V88/><F88/><N who="3" m="33899" /><G16/><N who="0" m="10391" /><D108/><U45/><E45/><N who="2" m="27727" /><F26/><W22/><G22/><T68/><D68/><U111/><REACH who="1" step="1"/><E111/><REACH who="1" ten="373,176,414,27" step="2"/><V59/><F59/><W37/><G37/><T56/><D56/><U10/><AGARI ba="1,1" hai="4,10,15,43,47,51,75,78,80,93,96,101,113,114" machi="10" ten="30,4000,0" yaku="1,1,2,1,0,1,53,0" doraHai="135" doraHaiUra="71" who="1" fromWho="1" sc="373,-21,176,53,414,-11,27,-11" /><INIT seed="5,0,0,1,4,95" ten="352,229,403,16" oya="1" hai0="2,69,116,114,31,119,35,49,71,12,46,123,20" hai1="106,125,96,30,55,90,28,126,14,57,93,74,99" hai2="108,79,63,40,45,100,101,29,66,130,68,60,85" hai3="118,104,41,39,72,24,115,98,80,120,77,22,91"/><U109/><E74/><V1/><F108/><W0/><G120/><T135/><D2/><U42/><E42/><V50/><F1/><W61/><G0/><T34/><D34/><U82/><E14/><V133/><F133/><W122/><G122/><T15/><D35/><U38/><E38/><V53/><F130/><W56/><G118/><T19/><D31/><U26/><E82/><V86/><F29/><W3/><G3/><T16/><D114/><U59/><E109/><V17/><F17/><W83/><G115/><T36/><D36/><U11/><E11/><V78/><F78/><W94/><G104/><T128/><D128/><U124/><E30/><V102/><F79/><W51/><G39/><T47/><D123/><U33/><E55/><V81/><F81/><W5/><G5/><T62/><D135/><U76/><REACH who="1" step="1"/><E76/><REACH who="1" ten="352,219,403,16" step="2"/><V103/><F40/><W129/><G129/><T131/><D131/><U113/><E113/><V13/><F13/><W25/><G83/><T4/><D116/><U87/><E87/><V73/><F73/><W10/><G10/><T88/><D119/><U54/><E54/><V105/><F86/><W84/><G72/><T64/><D15/><U97/><E97/><N who="2" m="61679" /><F85/><W37/><G37/><T9/><D12/><U89/><E89/><V65/><F53/><N who="3" m="33935" /><G22/><T70/><D20/><U107/><E107/><V32/><F32/><W43/><G43/><T117/><D117/><U134/><E134/><V58/><F66/><W8/><G8/><T132/><D132/><U75/><E75/><V111/><F111/><W21/><G21/><T67/><D9/><RYUUKYOKU ba="0,1" sc="352,-15,219,15,403,-15,16,15" hai1="26,28,33,57,59,90,93,96,99,106,124,125,126" hai3="24,25,41,51,77,80,84,91,94,98" /><INIT seed="5,1,1,4,0,76" ten="337,234,388,31" oya="1" hai0="3,50,2,113,132,27,78,51,53,99,5,106,9" hai1="20,31,7,41,10,131,40,94,16,101,39,17,104" hai2="120,22,103,26,35,68,81,73,47,102,116,118,13" hai3="1,123,49,67,119,60,80,71,111,69,75,36,93"/><U56/><E131/><V64/><F120/><W77/><G111/><T38/><D38/><U21/><E104/><V129/><F35/><W65/><G123/><T96/><D2/><U91/><E101/><V37/><F102/><W117/><G93/><T74/><D113/><U87/><E31/><V130/><F103/><W43/><G49/><T42/><D106/><U115/><E115/><V0/><F0/><W122/><G122/><T52/><D42/><U114/><E114/><V11/><F64/><W109/><G109/><T72/><D72/><U105/><E105/><V14/><F68/><W86/><G86/><T88/><D132/><U33/><E33/><V62/><F62/><W8/><G67/><T95/><D99/><U55/><E39/><V135/><F135/><W12/><G12/><N who="2" m="4713" /><F11/><W128/><G128/><N who="2" m="49257" /><F81/><W124/><G124/><T28/><D51/><N who="1" m="30847" /><E7/><V29/><F73/><W100/><G100/><T108/><D108/><U134/><E10/><V19/><F29/><W15/><G71/><T97/><D50/><U57/><E57/><V46/><F37/><W92/><G92/><T4/><D4/><U18/><E134/><V112/><F112/><W48/><G48/><T66/><D74/><U45/><E45/><AGARI ba="1,1" hai="19,22,26,45,46,47,116,118" m="49257,4713" machi="45" ten="30,1000,0" yaku="19,1" doraHai="76" who="2" fromWho="1" sc="337,0,234,-13,388,23,31,0" /><INIT seed="6,0,0,3,5,104" ten="337,221,411,31" oya="2" hai0="70,68,100,13,78,48,1,88,2,102,98,60,110" hai1="86,126,63,127,55,31,51,94,56,57,131,92,84" hai2="39,93,123,17,42,109,124,47,90,66,12,29,25" hai3="122,120,26,71,112,125,74,33,77,67,79,19,7"/><V65/><F123/><W89/><G125/><N who="1" m="47626" /><E31/><V52/><F124/><W41/><G41/><T72/><D110/><U20/><E20/><V62/><F109/><W95/><G112/><T58/><D102/><U37/><E37/><V75/><F75/><W3/><G79/><T134/><D134/><U121/><E121/><V85/><F62/><W49/><G49/><T103/><D103/><U113/><E113/><V8/><REACH who="2" step="1"/><F52/><REACH who="2" ten="337,221,401,31" step="2"/><W10/><G120/><T106/><D48/><U54/><E131/><V87/><F87/><AGARI ba="0,1" hai="51,54,55,56,57,63,84,86,87,92,94" m="47626" machi="87" ten="30,1000,0" yaku="18,1" doraHai="104" who="1" fromWho="2" sc="337,0,221,20,401,-10,31,0" /><INIT seed="7,0,0,3,0,52" ten="337,241,391,31" oya="3" hai0="129,41,124,19,33,100,105,82,59,17,47,122,18" hai1="13,31,135,78,36,104,12,92,132,72,24,55,74" hai2="77,66,3,57,28,106,10,48,84,127,6,49,32" hai3="58,101,123,39,37,8,93,29,15,130,97,96,95"/><W23/><G123/><T134/><D122/><U61/><E104/><V44/><F106/><W9/><G130/><T40/><D33/><U54/><E36/><V131/><F127/><W112/><G112/><T43/><D124/><U76/><E92/><V73/><F73/><W34/><G34/><T16/><D47/><U128/><E61/><V70/><F70/><W50/><G37/><T14/><D134/><U69/><E24/><V0/><F131/><W94/><G39/><T46/><D46/><U79/><E69/><V109/><F109/><W11/><G97/><T90/><D100/><U114/><E128/><V35/><F3/><W26/><REACH who="3" step="1"/><G15/><REACH who="3" ten="337,241,391,21" step="2"/><T126/><D129/><U83/><E114/><V85/><F32/><W133/><G133/><T2/><D14/><U110/><E110/><V115/><F35/><W22/><G22/><T99/><D99/><U119/><E13/><V118/><F115/><W121/><G121/><T4/><D126/><U21/><E12/><V65/><F0/><W5/><G5/><T80/><D4/><U117/><E21/><V111/><F111/><W108/><G108/><T60/><D2/><U102/><E119/><V1/><F118/><W81/><G81/><T51/><D82/><U68/><E83/><V120/><F120/><W64/><G64/><T125/><D125/><U116/><E117/><V38/><F38/><W27/><G27/><T7/><D7/><U30/><E116/><V107/><F1/><W75/><G75/><T25/><D25/><U56/><E132/><V98/><F107/><W20/><G20/><T113/><D105/><RYUUKYOKU type="nm" ba="0,1" sc="337,-20,241,-20,391,80,21,-40" hai3="8,9,11,23,26,29,50,58,93,94,95,96,101" owari="317,12.0,221,-18.0,481,58.0,-19,-52.0" /></mjloggm>