<mjloggm ver="2.3"><GO type="169" lobby="0"/><UN n0="%E3%83%88%E3%83%88%E3%83%AA%E5%85%88%E7%94%9F%31%39%E6%AD%B3" n1="%E3%81%93%E3%81%98%E3%81%BE%E3%82%82%E3%82%93" n2="%30%34%34%41%50%44" n3="%E3%81%8A%E3%82%80%E3%82%89%E3%81%84%E3%81%99" dan="19,17,17,16" rate="2277.58,2166.46,2100.13,2073.38" sx="F,M,M,M"/><TAIKYOKU oya="0"/><INIT seed="0,0,0,2,2,79" ten="250,250,250,250" oya="0" hai0="110,24,31,63,19,68,89,58,11,44,118,85,54" hai1="86,108,112,133,105,7,15,128,121,98,59,12,57" hai2="126,122,60,13,65,92,42,41,124,16,28,6,25" hai3="30,102,38,14,101,53,115,91,95,78,17,125,48"/><T33/><D118/><U83/><E121/><V18/><F122/><W77/><G115/><T26/><D110/><U76/><E108/><V45/><F92/><W88/><G38/><T55/><D68/><U67/><E112/><V43/><F45/><W131/><G30/><T71/><D71/><U135/><E128/><V107/><F107/><W34/><G34/><T8/><D19/><U39/><E39/><V119/><F119/><W70/><G70/><T4/><D26/><U10/><E12/><V103/><F103/><N who="3" m="39435" /><G125/><T93/><BYE who="2" /><D44/><U50/><E105/><V94/><F94/><W111/><G131/><T132/><D132/><N who="1" m="50763" /><E98/><V40/><F40/><W9/><G111/><T120/><D120/><U129/><E129/><V113/><F113/><W109/><G91/><T117/><D117/><U130/><E130/><V21/><F21/><W29/><G29/><T36/><D36/><U82/><E67/><V23/><F23/><W20/><G9/><T32/><D32/><U49/><E82/><V2/><F2/><W37/><G37/><T22/><D33/><U3/><E3/><V5/><F5/><W116/><G116/><T134/><D134/><U123/><E123/><V66/><F66/><W73/><G73/><T64/><REACH who="0" step="1"/><D8/><REACH who="0" ten="240,250,250,250" step="2"/><U74/><E10/><V61/><F61/><W97/><G109/><T106/><D106/><U84/><E59/><AGARI ba="0,1" hai="14,17,20,48,53,59,77,78,88,95,97" m="39435" machi="59" ten="30,2000,0" yaku="8,1,54,1" doraHai="79" who="3" fromWho="1" sc="240,0,250,-20,250,0,250,30" /><INIT seed="1,0,0,2,5,120" ten="240,230,250,280" oya="1" hai0="83,89,54,94,106,133,130,121,64,18,31,2,81" hai1="35,132,116,103,47,131,53,41,114,15,28,42,111" hai2="5,101,8,29,4,112,6,13,102,76,96,10,72" hai3="9,52,23,88,59,27,37,21,32,86,49,34,20"/><U84/><E114/><V123/><F123/><W127/><G127/><T77/><D121/><U44/><E116/><V55/><F55/><W12/><G37/><T79/><D106/><U61/><E132/><V51/><F51/><W0/><G0/><T98/><D2/><UN n2="%30%34%34%41%50%44" /><U128/><E103/><V40/><F29/><W30/><G34/><T107/><D133/><U134/><E134/><V65/><F65/><W71/><G71/><T17/><D130/><N who="1" m="49707" /><E28/><V129/><F112/><W104/><G104/><T119/><D119/><U22/><E35/><V99/><F40/><N who="1" m="15465" /><E84/><V57/><F96/><W63/><G63/><T109/><D107/><U66/><E22/><V69/><F99/><W95/><G32/><T82/><D31/><U75/><E15/><V110/><F13/><W117/><G117/><T108/><D54/><U135/><E75/><V97/><F72/><W14/><G14/><T7/><D64/><U1/><E1/><V105/><F129/><W25/><G25/><T118/><D7/><AGARI ba="0,0" hai="7,9,12,20,21,23,27,30,49,52,59,86,88,95" machi="7" ten="30,7700,0" yaku="7,1,8,1,54,2" doraHai="120" who="3" fromWho="0" sc="240,-77,230,0,250,0,280,77" /><INIT seed="2,0,0,5,2,42" ten="163,230,250,357" oya="2" hai0="82,128,120,29,43,84,51,70,75,63,1,68,110" hai1="27,114,48,115,8,46,90,112,121,39,15,134,40" hai2="74,54,122,47,100,133,135,57,28,125,87,60,24" hai3="81,89,124,127,53,88,25,62,9,80,69,104,32"/><V2/><F74/><W101/><G9/><T52/><D120/><U105/><E121/><V67/><F122/><W35/><G101/><T6/><D75/><U64/><E134/><N who="2" m="51211" /><F2/><W83/><G104/><T91/><D110/><U131/><E131/><V18/><F100/><W33/><G25/><T102/><D128/><U99/><E64/><V55/><F125/><N who="3" m="48203" /><G53/><T77/><D29/><U16/><E27/><V7/><F7/><W92/><G92/><T113/><D113/><U119/><E119/><V34/><F18/><W11/><G11/><T5/><D1/><U3/><E3/><V50/><F87/><W85/><G85/><T4/><D102/><U12/><E105/><V36/><F36/><W76/><G76/><T72/><D43/><AGARI ba="0,0" hai="24,28,34,43,47,50,54,55,57,60,67" m="51211" machi="43" ten="30,2900,0" yaku="20,1,52,1" doraHai="42" who="2" fromWho="0" sc="163,-29,230,0,250,29,357,0" /><INIT seed="2,1,0,5,4,33" ten="134,230,279,357" oya="2" hai0="115,11,60,23,8,68,76,53,77,10,135,119,1" hai1="44,106,58,123,73,114,75,83,89,29,94,107,50" hai2="15,47,37,35,118,79,4,43,21,20,130,102,85" hai3="117,54,28,24,31,111,99,27,93,57,3,125,74"/><V13/><F118/><W129/><G117/><T72/><D115/><U12/><E114/><V25/><F130/><W70/><G70/><T131/><D119/><U122/><E29/><V56/><F102/><W55/><G74/><N who="1" m="28170" /><E58/><V42/><F42/><W105/><G105/><T110/><D131/><U36/><E36/><V103/><F103/><W38/><G38/><T18/><D110/><U32/><E12/><V127/><F4/><W51/><G111/><T9/><D135/><U82/><E50/><V5/><F5/><W90/><G3/><T66/><D72/><U34/><E44/><V62/><F35/><W49/><G129/><T100/><D100/><U71/><E71/><V64/><F20/><W69/><G69/><T39/><D39/><U65/><E65/><V41/><F43/><W84/><G125/><T52/><N who="0" m="2048" /><DORA hai="120" /><T16/><D1/><U59/><E59/><V86/><F127/><W0/><G0/><T48/><D18/><U133/><E32/><V45/><F13/><W97/><G28/><T2/><D2/><U134/><E34/><V26/><F15/><W112/><G112/><T96/><D96/><N who="3" m="36937" /><G31/><T109/><D109/><U124/><E124/><V14/><F14/><W81/><G27/><T116/><D116/><U40/><E134/><V91/><F21/><W19/><G19/><T126/><D126/><U6/><E133/><V7/><F7/><W80/><G24/><N who="0" m="14439" /><D48/><U108/><E108/><V95/><F25/><W61/><G49/><T46/><D46/><AGARI ba="1,0" hai="46,51,54,55,57,61,80,81,84,90,93" m="36937" machi="46" ten="30,1000,0" yaku="8,1" doraHai="33,120" who="3" fromWho="0" sc="134,-13,230,0,279,0,357,13" /><INIT seed="3,0,0,5,2,95" ten="121,230,279,370" oya="3" hai0="62,101,7,37,83,129,81,11,75,12,13,133,93" hai1="110,28,77,85,78,47,61,58,16,98,21,70,20" hai2="67,126,60,40,54,119,99,124,45,55,24,80,65" hai3="18,68,64,117,76,100,43,56,104,23,130,22,103"/><W112/><G117/><T57/><D37/><U0/><E0/><V6/><F119/><W135/><G68/><T87/><D129/><U122/><E122/><V34/><F6/><W2/><G2/><T32/><D32/><U31/><E70/><V48/><F80/><W53/><G76/><T51/><D133/><U131/><E110/><V4/><F4/><W1/><G1/><T109/><D109/><U88/><BYE who="2" /><E47/><UN n2="%30%34%34%41%50%44" /><V41/><F24/><W89/><G104/><T19/><D75/><U8/><E8/><V74/><F34/><W15/><G43/><N who="2" m="16457" /><F99/><W42/><G42/><T84/><D51/><U72/><E98/><V29/><F29/><N who="1" m="11337" /><E72/><V69/><F74/><W44/><G130/><T25/><D25/><N who="1" m="14471" /><E21/><V92/><F69/><W79/><G23/><T121/><D121/><U105/><E105/><V14/><F48/><W127/><G22/><T86/><D12/><U132/><E131/><V39/><F39/><W5/><G15/><T26/><D26/><U3/><E132/><V63/><F63/><W123/><G135/><T97/><REACH who="0" step="1"/><D7/><REACH who="0" ten="111,230,279,370" step="2"/><U125/><E3/><V111/><F14/><W113/><G5/><T96/><D96/><U102/><E125/><V91/><F111/><W9/><G127/><T50/><D50/><U17/><E17/><V10/><F126/><W90/><G18/><T38/><D38/><U59/><E61/><V108/><F108/><W52/><G123/><T114/><D114/><U106/><E106/><V35/><F124/><W116/><G113/><T30/><D30/><U36/><E36/><V115/><F35/><W66/><G112/><RYUUKYOKU ba="0,1" sc="111,30,230,-10,279,-10,370,-10" hai0="11,13,19,57,62,81,83,84,86,87,93,97,101" /><INIT seed="4,1,1,1,4,49" ten="141,220,269,360" oya="0" hai0="110,61,76,46,105,86,75,50,55,132,47,117,2" hai1="1,85,84,62,111,67,71,27,26,96,123,93,106" hai2="104,125,40,72,131,48,58,56,129,20,99,3,134" hai3="114,12,52,92,23,38,51,41,6,91,90,66,135"/><T133/><D117/><U10/><E111/><V108/><F72/><W14/><G135/><N who="0" m="51787" /><D2/><U103/><E123/><V128/><F108/><W97/><G66/><T19/><D110/><U100/><E100/><N who="2" m="62495" /><F134/><W59/><G38/><T73/><D105/><U115/><E115/><V68/><F68/><W130/><G41/><T39/><D19/><U126/><E126/><V102/><F102/><W32/><G32/><T42/><D61/><U54/><E27/><V107/><F107/><W57/><G6/><T98/><D98/><U80/><E93/><V112/><F112/><W5/><G5/><T11/><D11/><U22/><E80/><AGARI ba="1,1" hai="39,42,46,47,50,55,73,75,76,80,86" m="51787" machi="80" ten="30,2900,0" yaku="20,1,52,1" doraHai="49" who="0" fromWho="1" sc="141,42,220,-32,269,0,360,0" /><INIT seed="4,2,0,2,5,74" ten="183,188,269,360" oya="0" hai0="45,61,71,30,92,51,3,112,99,59,69,65,111" hai1="84,96,113,10,123,55,21,105,126,135,50,90,121" hai2="49,57,54,32,12,44,67,75,119,23,86,133,48" hai3="116,117,0,93,17,124,1,118,120,102,34,7,114"/><T8/><D112/><U82/><E113/><V109/><F32/><W63/><G114/><T6/><D111/><U52/><E126/><V40/><F75/><W22/><G34/><T95/><D30/><U20/><E135/><V107/><F107/><W103/><G124/><T42/><REACH who="0" step="1"/><D95/><REACH who="0" ten="173,188,269,360" step="2"/><U9/><E121/><V85/><F109/><W62/><G93/><T4/><D4/><U101/><E123/><V26/><F133/><W129/><G7/><T11/><D11/><U72/><E9/><V106/><F106/><W77/><G120/><T13/><D13/><U37/><E10/><V97/><F12/><W70/><G117/><T134/><D134/><U35/><E105/><V41/><F119/><W19/><G118/><T73/><D73/><U53/><E72/><V38/><F26/><W83/><G116/><T131/><D131/><U94/><E35/><V36/><F23/><N who="1" m="8777" /><E37/><V78/><F36/><W24/><G22/><T25/><D25/><U80/><E80/><V60/><F38/><W46/><G24/><T18/><D18/><U89/><E101/><AGARI ba="2,1" hai="3,6,8,42,45,51,59,61,65,69,71,92,99,101" machi="101" ten="30,2900,0" yaku="1,1,7,1,53,0" doraHai="74" doraHaiUra="79" who="0" fromWho="1" sc="173,45,188,-35,269,0,360,0" /><INIT seed="4,3,0,2,2,101" ten="218,153,269,360" oya="0" hai0="49,70,39,131,32,76,60,62,28,4,87,118,33" hai1="104,2,93,64,127,23,69,18,111,86,115,112,56" hai2="119,133,22,80,124,1,54,134,12,25,35,14,8" hai3="68,79,110,67,10,50,84,21,95,38,30,57,55"/><T46/><D118/><U44/><E111/><V109/><F109/><W71/><G110/><T89/><D39/><U106/><E2/><V74/><F119/><W105/><G105/><T31/><D76/><U77/><E69/><V34/><F54/><W107/><G107/><T65/><D131/><U26/><E44/><V7/><F80/><W117/><G38/><T91/><D4/><U88/><E77/><V132/><F74/><W24/><G67/><T63/><D70/><U90/><E127/><V47/><F47/><W17/><G117/><T36/><D36/><U114/><E90/><V48/><F48/><W40/><G40/><T122/><D65/><U83/><E83/><V6/><F124/><W116/><G116/><T59/><D59/><U53/><E64/><V45/><F45/><W113/><G113/><T73/><D73/><U94/><E94/><V99/><F99/><W129/><G129/><T13/><D122/><U15/><E26/><V103/><F103/><W5/><G30/><T3/><D3/><U135/><E135/><V37/><F37/><W125/><G125/><T11/><D33/><N who="2" m="12298" /><F6/><W85/><G79/><T102/><D102/><U108/><E108/><V43/><F43/><W19/><G71/><T29/><D32/><U100/><E100/><V61/><F61/><AGARI ba="3,0" hai="15,18,23,53,56,61,86,88,93,104,106,112,114,115" machi="61" ten="40,8000,1" yaku="15,1,11,1,52,2,54,1" doraHai="101" who="1" fromWho="2" sc="218,0,153,89,269,-89,360,0" /><INIT seed="5,0,0,0,4,21" ten="218,242,180,360" oya="1" hai0="4,133,118,125,106,93,16,12,92,85,132,102,108" hai1="128,121,74,25,10,48,7,83,33,87,53,110,57" hai2="105,8,37,1,90,95,30,9,28,32,24,56,129" hai3="81,59,76,51,46,104,98,112,58,82,31,26,94"/><U77/><E121/><V42/><F129/><W130/><G104/><T65/><D118/><U123/><E123/><V49/><F105/><W68/><G68/><T79/><D108/><U62/><E128/><V131/><F131/><W70/><G70/><T113/><D113/><U115/><E115/><V116/><F116/><W103/><G112/><T5/><D125/><U75/><E110/><V34/><F37/><W117/><G82/><N who="0" m="47327" /><D65/><U127/><E127/><V13/><F1/><W0/><G0/><T114/><D106/><U111/><E111/><V80/><F80/><W88/><G103/><T84/><D114/><U67/><E33/><V19/><F8/><W50/><G50/><T20/><D93/><U69/><REACH who="1" step="1"/><E25/><REACH who="1" ten="218,232,180,360" step="2"/><V23/><F34/><W11/><G26/><T89/><D133/><U17/><E17/><N who="2" m="8367" /><F32/><W15/><G117/><T63/><D132/><U120/><E120/><V35/><F35/><W38/><G130/><T3/><D16/><U71/><E71/><V97/><F56/><W52/><G59/><T124/><D124/><U27/><E27/><V78/><F78/><W47/><G58/><T122/><D122/><U107/><E107/><V72/><F72/><W2/><G31/><T109/><D109/><U73/><E73/><V22/><F22/><W61/><G76/><T101/><D20/><U54/><E54/><V91/><F30/><W55/><G55/><T66/><D66/><U40/><E40/><V60/><F28/><W134/><G52/><T36/><D5/><U126/><E126/><V18/><F42/><W14/><G134/><T39/><D4/><RYUUKYOKU ba="0,1" sc="218,-10,232,30,180,-10,360,-10" hai1="7,10,48,53,57,62,67,69,74,75,77,83,87" /><INIT seed="5,1,1,1,2,69" ten="208,262,170,350" oya="1" hai0="53,108,6,9,66,109,94,81,44,115,77,51,25" hai1="48,102,49,19,62,120,72,105,82,113,95,10,114" hai2="92,99,43,61,30,80,116,65,7,60,18,52,129" hai3="133,38,84,126,119,75,79,14,97,20,27,117,5"/><U118/><E118/><N who="3" m="45066" /><G38/><T23/><D115/><N who="1" m="44043" /><E105/><V36/><F116/><W45/><G45/><T31/><D66/><U12/><E62/><V21/><F7/><W89/><G97/><T29/><D94/><U123/><E102/><V128/><F30/><W134/><G79/><T93/><D93/><U100/><E100/><V8/><F8/><N who="3" m="4367" /><G75/><T34/><D31/><U111/><E111/><V87/><F99/><W59/><G59/><T64/><D64/><U121/><E95/><V42/><F92/><N who="3" m="54311" /><G126/><T17/><D81/><U47/><E47/><V131/><F36/><W122/><G122/><T103/><D103/><U135/><E135/><V55/><F87/><W57/><G57/><T110/><D77/><AGARI ba="1,1" hai="10,12,19,48,49,72,77,82,120,121,123" m="44043" machi="77" ten="40,2000,0" yaku="15,1" doraHai="69" who="1" fromWho="0" sc="208,-23,262,33,170,0,350,0" /><INIT seed="5,2,0,3,4,41" ten="185,295,170,350" oya="1" hai0="52,68,9,134,49,123,63,78,40,11,114,61,130" hai1="108,25,88,38,124,69,0,131,117,43,79,3,80" hai2="29,48,77,50,53,113,24,75,97,120,17,66,59" hai3="51,33,99,13,85,8,21,34,2,76,135,116,96"/><U23/><E117/><V119/><F119/><W7/><G116/><T26/><D114/><U62/><E124/><V73/><F120/><W72/><G72/><T32/><D123/><U36/><E131/><V28/><F113/><W115/><G115/><T30/><D130/><U110/><E88/><V27/><F66/><W95/><G34/><T46/><D134/><U42/><E62/><V64/><F64/><W67/><G67/><T47/><D68/><U109/><E69/><V1/><F1/><N who="1" m="585" /><E42/><V128/><F97/><W89/><G33/><T12/><D78/><U37/><E43/><V74/><F77/><W35/><G35/><T56/><D56/><U111/><E111/><V55/><F128/><W98/><G51/><N who="2" m="19497" /><F17/><W5/><G135/><T90/><D90/><U129/><E129/><V60/><F60/><W94/><G76/><T122/><D122/><U44/><E79/><V104/><F104/><W132/><G132/><T82/><D82/><U57/><E80/><V45/><F59/><W58/><G58/><T14/><D40/><N who="1" m="22535" /><E57/><V102/><F45/><W39/><G39/><T83/><D83/><U6/><E6/><V125/><F125/><W15/><G2/><T93/><D93/><U133/><E133/><V112/><F112/><W100/><G7/><T127/><D127/><U81/><E81/><V31/><F102/><W4/><G5/><N who="0" m="3119" /><D47/><U126/><E126/><V10/><F10/><W54/><G54/><AGARI ba="2,0" hai="24,27,28,29,31,53,54,55,73,74,75" m="19497" machi="54" ten="40,2600,0" yaku="28,2" doraHai="41" who="2" fromWho="3" sc="185,0,295,0,170,32,350,-32" /><INIT seed="6,0,0,5,4,28" ten="185,295,202,318" oya="2" hai0="16,8,58,73,35,23,55,128,89,41,24,75,31" hai1="134,84,80,32,110,71,101,120,5,11,38,46,69" hai2="95,50,123,70,99,86,127,76,10,114,2,9,121" hai3="34,124,104,59,126,26,36,131,13,25,0,81,79"/><V109/><F70/><W47/><G0/><T40/><D128/><U106/><E110/><V56/><F109/><W1/><G1/><T113/><D113/><U37/><E32/><V67/><F114/><W14/><G104/><T15/><D89/><U132/><E120/><V68/><F68/><W90/><G90/><T54/><D54/><U39/><E101/><V42/><F42/><W3/><G3/><T51/><D41/><U45/><E106/><V105/><F50/><W119/><G47/><T62/><D40/><U102/><E102/><V85/><F95/><W53/><G36/><T17/><REACH who="0" step="1"/><D51/><REACH who="0" ten="175,295,202,318" step="2"/><U116/><E37/><V129/><F129/><W83/><G53/><T133/><D133/><U93/><E38/><V44/><F121/><W107/><G131/><T6/><D6/><U118/><E5/><V115/><F123/><W82/><G126/><T20/><D20/><U130/><E39/><V77/><F127/><W94/><G124/><T87/><D87/><U122/><E84/><V21/><F21/><W88/><G88/><T97/><D97/><U61/><E122/><V72/><F115/><W12/><G79/><T18/><D18/><U7/><E7/><V4/><F76/><W108/><G108/><T64/><D64/><U135/><E130/><V60/><F77/><W19/><G19/><T52/><D52/><U78/><E134/><V111/><F111/><W98/><G98/><T63/><D63/><U96/><E61/><V91/><F86/><W100/><G100/><T22/><D22/><U65/><E132/><V125/><F125/><W112/><G112/><RYUUKYOKU ba="0,1" sc="175,30,295,-10,202,-10,318,-10" hai0="8,15,16,17,23,24,31,35,55,58,62,73,75" /><INIT seed="7,1,1,0,5,134" ten="205,285,192,308" oya="3" hai0="100,55,30,112,124,119,17,9,74,107,12,49,73" hai1="104,102,72,133,121,99,92,110,41,22,61,34,50" hai2="85,28,2,135,117,15,80,129,29,47,113,76,75" hai3="105,87,103,130,69,23,60,6,36,7,24,44,64"/><W106/><G130/><T88/><D119/><U66/><E110/><V95/><F2/><W68/><G68/><T120/><D120/><U78/><E121/><V84/><F117/><W101/><G101/><T114/><D30/><N who="2" m="11882" /><F75/><W86/><G36/><T56/><D124/><U1/><E34/><V89/><F135/><W118/><G118/><T52/><D100/><U14/><E1/><V94/><F129/><W111/><G111/><T83/><D107/><U63/><E133/><V11/><F113/><N who="0" m="43626" /><D55/><U31/><E104/><V26/><F26/><W116/><G116/><T123/><D123/><U38/><E38/><V13/><F47/><W57/><G44/><T59/><D59/><U35/><E35/><V8/><F94/><W127/><G57/><T19/><D19/><U67/><E72/><V48/><F48/><W96/><G106/><T79/><D74/><U40/><E78/><V3/><F3/><W20/><G7/><T122/><D122/><U90/><E102/><V70/><F70/><W77/><G6/><T65/><D88/><U54/><E40/><V33/><F33/><W98/><G103/><T39/><D39/><U82/><E41/><V43/><F43/><W32/><G105/><T93/><D93/><U37/><E37/><V126/><F126/><W109/><G127/><T4/><D4/><U16/><E31/><V21/><F21/><W115/><G20/><T25/><D25/><U0/><E0/><V53/><F53/><W5/><G32/><T131/><D131/><U42/><E42/><V81/><F95/><W71/><G115/><T18/><D18/><RYUUKYOKU ba="1,1" sc="205,15,285,-15,192,15,308,-15" hai0="9,12,17,49,52,56,65,73,79,83" hai2="8,11,13,15,76,80,81,84,85,89" /><INIT seed="8,2,1,1,1,4" ten="220,270,207,293" oya="0" hai0="61,49,110,32,5,56,68,47,26,102,134,36,71" hai1="60,35,130,113,89,24,20,18,129,94,88,55,96" hai2="108,40,27,93,105,114,21,133,118,6,103,128,12" hai3="135,80,31,115,69,11,34,16,29,79,75,106,119"/><T43/><D134/><U83/><E113/><V51/><F114/><W50/><G115/><T3/><D110/><U52/><E35/><V42/><F105/><W38/><G38/><T9/><D102/><U99/><E99/><N who="2" m="59887" /><F108/><W91/><G69/><T98/><D98/><U74/><E74/><V132/><F128/><N who="1" m="49257" /><E60/><V87/><F118/><W17/><G119/><T117/><D36/><U73/><E89/><V53/><F87/><W81/><G106/><T25/><D117/><U30/><E30/><N who="2" m="17775" /><F133/><W0/><G34/><T109/><D109/><U126/><E126/><V58/><F132/><W15/><G0/><T90/><D90/><U112/><E112/><V125/><F125/><W120/><G135/><T63/><D32/><U70/><E70/><V85/><F85/><N who="3" m="50607" /><G120/><T122/><D122/><U65/><E65/><V82/><F82/><W14/><G80/><T131/><D131/><U54/><E54/><V33/><F33/><W77/><G75/><T67/><D71/><U8/><E83/><V76/><F76/><N who="3" m="29259" /><G50/><T1/><D1/><U111/><E73/><V7/><F40/><W97/><G97/><T72/><D72/><U121/><E121/><V13/><F42/><W2/><G2/><T86/><D86/><U101/><E111/><V46/><F58/><W48/><G48/><T124/><D124/><U41/><E41/><V45/><F45/><W62/><G62/><T28/><D28/><N who="1" m="17415" /><E101/><V64/><F64/><AGARI ba="2,1" hai="3,5,9,25,26,43,47,49,56,61,63,64,67,68" machi="64" ten="30,2900,0" yaku="7,1,52,1" doraHai="4" who="0" fromWho="2" sc="220,45,270,0,207,-35,293,0" /><INIT seed="8,3,0,1,4,97" ten="265,270,172,293" oya="0" hai0="119,72,51,83,108,8,89,20,77,57,38,134,60" hai1="128,78,76,17,71,107,123,73,70,129,56,90,84" hai2="127,122,62,53,114,88,18,113,69,45,80,4,81" hai3="35,59,13,130,98,104,58,63,96,66,116,103,2"/><T36/><D119/><U37/><E37/><V86/><F122/><W91/><G116/><T16/><D134/><U5/><E123/><V102/><F4/><W105/><G2/><T74/><D74/><U117/><E117/><V92/><F127/><W26/><G13/><T19/><D108/><U93/><E5/><V31/><F31/><N who="3" m="19959" /><G130/><N who="1" m="50282" /><E107/><V24/><F69/><N who="1" m="26121" /><E73/><V111/><F111/><W15/><G15/><T50/><D8/><U125/><E125/><V43/><F80/><W49/><G49/><T133/><D133/><U121/><E121/><V41/><F114/><W131/><G105/><T64/><D19/><U75/><E75/><V106/><F106/><W124/><G131/><T82/><D38/><U46/><E46/><V44/><F113/><W132/><G124/><T48/><D36/><U42/><E42/><N who="2" m="15883" /><F18/><W47/><G47/><N who="2" m="17993" /><F24/><W39/><G39/><T30/><D30/><U65/><E17/><V34/><F34/><W87/><G98/><T95/><D77/><U110/><E110/><V115/><F115/><W14/><G14/><N who="0" m="9239" /><D72/><U1/><E1/><V33/><F33/><W109/><G132/><T40/><D40/><U118/><E118/><V55/><F62/><AGARI ba="3,0" hai="56,62,65,76,78,84,90,93" m="26121,50282" machi="62" ten="30,1000,0" yaku="19,1" doraHai="97" who="1" fromWho="2" sc="265,0,270,19,172,-19,293,0" /><INIT seed="9,0,0,1,5,10" ten="265,289,153,293" oya="1" hai0="26,104,99,135,94,88,118,74,66,69,44,111,124" hai1="19,106,80,133,16,75,73,56,90,13,42,82,103" hai2="85,79,38,3,45,27,112,84,7,60,63,49,92" hai3="126,41,123,130,125,12,120,57,0,91,83,131,46"/><U14/><E103/><V8/><F112/><W127/><G0/><T34/><D111/><U9/><E106/><V128/><F128/><W113/><G113/><T30/><D74/><U32/><E32/><V28/><F38/><N who="3" m="21815" /><G12/><T58/><D118/><U20/><E133/><V117/><F117/><W29/><G29/><T121/><D124/><U11/><E42/><V81/><F92/><W87/><G57/><T2/><D2/><U43/><E43/><V86/><F49/><W100/><G100/><N who="0" m="62495" /><D58/><U65/><E20/><V68/><F45/><W33/><G33/><T93/><D93/><U101/><E101/><V35/><REACH who="2" step="1"/><F68/><REACH who="2" ten="265,289,143,293" step="2"/><W5/><G5/><T97/><D44/><U62/><E80/><V36/><F36/><W39/><G39/><T15/><D69/><U98/><E82/><V54/><F54/><W47/><G47/><T110/><D94/><AGARI ba="0,1" hai="9,11,13,14,16,19,56,62,65,73,75,90,94,98" machi="94" ten="40,12000,1" yaku="9,1,52,2,54,1" doraHai="10" who="1" fromWho="0" sc="265,-120,289,130,143,0,293,0" owari="145,-25.0,419,52.0,143,-36.0,293,9.0" /></mjloggm>