<mjloggm ver="2.3"><GO type="169" lobby="0"/><UN n0="%E3%81%A1%E3%81%AA%E3%81%A4%E7%84%A1%E5%8F%8C%EF%BC%81" n1="%E3%81%98%E3%81%BF%E3%81%84%E3%81%A3%5A" n2="%41%6B%6B%69%79" n3="%E3%83%88%E3%83%88%E3%83%AA%E5%85%88%E7%94%9F%31%39%E6%AD%B3" dan="16,16,16,18" rate="2117.93,2073.50,2074.27,2287.51" sx="M,M,M,F"/><TAIKYOKU oya="0"/><INIT seed="0,0,0,0,5,53" ten="250,250,250,250" oya="0" hai0="93,46,43,84,57,25,77,114,52,19,135,124,78" hai1="121,100,36,115,4,133,66,82,8,79,31,134,42" hai2="68,22,6,23,12,28,38,30,7,10,109,59,103" hai3="86,21,104,107,24,58,94,129,123,29,83,65,71"/><T32/><D114/><U33/><E66/><V97/><F68/><W14/><G71/><T101/><D135/><U44/><E100/><V48/><F38/><W5/><G129/><T75/><D124/><U1/><E121/><V120/><F120/><W73/><G123/><T16/><D75/><U116/><E116/><V131/><F109/><W92/><G73/><T70/><D70/><U88/><E115/><V60/><F48/><W125/><G125/><T9/><D32/><U119/><E119/><V18/><F131/><W111/><G111/><T96/><D84/><U56/><E31/><V17/><F30/><W80/><G107/><T126/><D126/><U81/><E33/><V11/><F28/><W117/><G104/><T85/><D85/><U0/><E0/><V40/><F40/><W26/><G26/><T55/><D55/><U105/><E105/><V118/><F118/><W2/><G2/><T61/><D25/><U37/><E37/><V54/><F97/><W47/><G47/><T64/><D64/><U130/><E130/><V35/><F103/><W62/><G117/><T74/><D74/><U99/><E79/><N who="0" m="30217" /><D9/><N who="2" m="3082" /><F35/><W3/><G3/><T41/><D46/><U72/><E72/><V132/><F132/><W51/><G86/><T49/><D49/><U89/><E134/><V110/><F110/><W13/><G51/><T15/><D15/><AGARI ba="0,0" hai="6,7,12,15,17,18,22,23,54,59,60" m="3082" machi="15" ten="30,2000,0" yaku="8,1,52,1" doraHai="53" who="2" fromWho="0" sc="250,-20,250,0,250,20,250,0" /><INIT seed="1,0,0,5,4,26" ten="230,250,270,250" oya="1" hai0="49,17,97,15,70,90,130,43,66,60,30,6,53" hai1="11,78,77,92,28,117,103,0,50,31,89,41,112" hai2="96,56,93,21,27,106,32,47,35,91,120,18,119" hai3="69,124,81,22,20,23,133,79,95,111,4,105,104"/><U127/><E117/><V114/><F120/><W73/><G69/><T65/><D130/><U85/><E112/><V107/><F119/><W118/><G118/><T108/><D108/><U48/><E0/><V34/><F114/><W76/><G111/><T134/><D134/><U126/><E103/><V24/><F47/><W64/><G133/><T54/><D6/><U68/><E68/><V83/><F83/><W5/><G124/><N who="1" m="47658" /><E11/><V129/><F129/><W36/><G36/><T55/><D66/><U10/><E10/><V45/><F45/><W9/><G64/><T57/><D70/><U29/><E41/><V51/><F27/><W37/><G37/><T80/><D43/><U87/><E85/><V101/><F101/><W99/><G4/><T13/><D65/><U100/><E100/><V123/><F123/><W98/><G104/><T132/><D132/><U8/><E8/><V62/><F51/><AGARI ba="0,0" hai="28,29,31,48,50,51,77,78,87,89,92" m="47658" machi="51" ten="30,11600,0" yaku="18,1,52,3" doraHai="26" who="1" fromWho="2" sc="230,0,250,116,270,-116,250,0" /><INIT seed="1,1,0,5,5,105" ten="230,366,154,250" oya="1" hai0="57,131,94,124,34,74,53,29,113,63,125,14,42" hai1="89,75,81,58,6,134,41,101,87,49,122,47,72" hai2="133,73,111,120,45,65,20,5,117,11,59,85,92" hai3="35,110,1,86,107,46,118,61,123,64,19,37,96"/><U3/><E122/><V30/><F117/><W16/><G123/><T68/><D113/><U38/><E134/><V50/><F120/><W126/><G1/><T100/><D131/><U83/><E101/><V103/><F73/><W66/><G118/><T52/><D68/><U54/><REACH who="1" step="1"/><E83/><REACH who="1" ten="230,356,154,250" step="2"/><V17/><F133/><W71/><G126/><T108/><D100/><U119/><E119/><V78/><F103/><W130/><G130/><T4/><D125/><U48/><E48/><V22/><F111/><W116/><G116/><T93/><D108/><U128/><E128/><V8/><F50/><W36/><G110/><T69/><D124/><U55/><E55/><V60/><F92/><W2/><G107/><T56/><D53/><U67/><E67/><V28/><F65/><W76/><G64/><T114/><D52/><U112/><E112/><V7/><F60/><W121/><G121/><T10/><D63/><U15/><E15/><V13/><F13/><W9/><G61/><T80/><D14/><U98/><E98/><V129/><F129/><W31/><G96/><T104/><D94/><U77/><E77/><V26/><F78/><W135/><G135/><T91/><D93/><U44/><E44/><V90/><F45/><W102/><G102/><T84/><D80/><U32/><E32/><V0/><F0/><W24/><G46/><T62/><D34/><U39/><E39/><N who="3" m="14922" /><G66/><T27/><D114/><U82/><E82/><V132/><F132/><W109/><G109/><T88/><D62/><U127/><E127/><V106/><F106/><W40/><G2/><T23/><D104/><RYUUKYOKU ba="1,1" sc="230,-10,356,30,154,-10,250,-10" hai1="3,6,38,41,47,49,54,58,72,75,81,87,89" /><INIT seed="1,2,1,2,2,46" ten="220,386,144,240" oya="1" hai0="111,6,124,96,76,92,7,131,95,88,38,69,1" hai1="58,119,40,35,8,15,98,26,73,107,93,78,125" hai2="31,34,12,83,116,85,36,4,129,110,74,87,39" hai3="75,5,70,132,43,126,28,65,48,52,27,81,134"/><U90/><E119/><V9/><F116/><W101/><G126/><T66/><D38/><U37/><E125/><V50/><F110/><W61/><G43/><T115/><D124/><U62/><E107/><V104/><F104/><W19/><G5/><T109/><D115/><U82/><E40/><V128/><F74/><W121/><G121/><T24/><D131/><N who="2" m="50250" /><F87/><W23/><G101/><T59/><D76/><U18/><E37/><V29/><F34/><W41/><G41/><T54/><D111/><U103/><E35/><V53/><F31/><W71/><G71/><T80/><D69/><U108/><E26/><V114/><F29/><W122/><G122/><T22/><D24/><U17/><E108/><V79/><F114/><W45/><REACH who="3" step="1"/><G28/><REACH who="3" ten="220,386,144,230" step="2"/><T68/><D68/><U44/><E103/><V84/><F84/><W86/><G86/><T89/><D109/><U64/><E18/><V14/><F14/><W20/><G20/><T42/><D7/><U100/><E100/><V113/><F113/><W32/><G32/><T33/><D6/><U106/><E106/><V25/><F25/><W10/><G10/><T13/><D13/><U118/><E118/><V11/><F11/><W49/><G49/><T72/><D22/><U94/><E17/><V47/><AGARI ba="2,2" hai="4,9,12,36,39,47,50,53,79,83,85" m="50250" machi="47" ten="30,2000,0" yaku="19,1,52,1" doraHai="46" who="2" fromWho="2" sc="220,-7,386,-12,144,46,230,-7" /><INIT seed="2,0,0,2,5,37" ten="213,374,190,223" oya="2" hai0="100,86,4,113,22,98,21,105,109,20,58,70,54" hai1="112,127,26,52,72,61,14,87,91,49,74,39,33" hai2="12,67,28,110,96,7,63,34,80,79,134,135,93" hai3="129,9,64,56,73,16,11,10,77,84,123,46,53"/><V69/><F110/><W65/><G73/><T45/><D113/><U71/><E39/><V94/><F28/><W101/><G123/><T131/><D70/><U38/><E38/><V118/><F34/><W41/><G129/><T104/><D109/><U121/><E112/><V107/><F118/><W55/><G101/><T59/><D131/><U133/><E133/><N who="2" m="50699" /><F107/><W23/><G77/><T106/><D4/><U108/><E108/><V88/><F93/><W130/><G84/><T75/><D75/><U13/><E127/><V24/><F24/><N who="3" m="14439" /><G130/><T32/><D32/><U31/><E121/><V66/><F66/><N who="3" m="25707" /><G56/><T111/><D111/><U42/><E74/><N who="2" m="43127" /><F12/><W25/><G25/><T124/><D124/><U85/><E72/><V27/><F27/><W40/><G55/><T18/><D105/><U35/><E35/><V82/><F82/><W47/><G53/><T3/><D106/><U68/><E14/><V117/><F117/><W102/><G102/><T50/><D3/><U57/><E13/><V43/><F7/><W44/><AGARI ba="0,0" hai="9,10,11,40,41,44,46,47" m="25707,14439" machi="44" ten="40,8000,1" yaku="8,1,52,2,54,1" doraHai="37" who="3" fromWho="3" sc="213,-20,374,-20,190,-40,223,80" /><INIT seed="3,0,0,3,4,94" ten="193,354,150,303" oya="3" hai0="4,105,53,28,120,103,71,16,125,99,128,90,134" hai1="18,102,48,124,17,13,65,64,36,14,62,121,117" hai2="21,69,83,54,38,55,35,93,72,22,43,114,132" hai3="1,7,78,131,6,118,119,92,73,30,91,104,12"/><W15/><G104/><T76/><D120/><U85/><E36/><V116/><F69/><W79/><G131/><T75/><D71/><U111/><E121/><V50/><F35/><W112/><G112/><T8/><D128/><U68/><E124/><V34/><F34/><W110/><G110/><T84/><D125/><U127/><E127/><V44/><F114/><W88/><G92/><N who="0" m="54343" /><D28/><U46/><E102/><V122/><F132/><W113/><G113/><T45/><D134/><U10/><E65/><V123/><F116/><W26/><G30/><T107/><D107/><U11/><E85/><V20/><F55/><W23/><G23/><T2/><D45/><U25/><E25/><V41/><F41/><W3/><REACH who="3" step="1"/><G26/><REACH who="3" ten="193,354,150,293" step="2"/><T66/><D105/><U33/><E33/><V97/><F123/><W31/><G31/><T98/><D8/><U27/><E27/><V81/><F122/><W106/><G106/><T86/><D103/><U49/><E111/><V58/><REACH who="2" step="1"/><F72/><AGARI ba="0,1" hai="1,3,6,7,12,15,72,73,78,79,88,91,118,119" machi="72" ten="25,9600,0" yaku="1,1,22,2,54,1,53,0" doraHai="94" doraHaiUra="29" who="3" fromWho="2" sc="193,0,354,0,150,-96,293,106" /><INIT seed="3,1,0,0,1,83" ten="193,354,54,399" oya="3" hai0="107,74,129,38,36,16,20,130,7,31,119,135,48" hai1="111,64,32,37,126,127,12,67,68,84,55,115,40" hai2="56,132,73,28,14,54,34,23,13,131,65,15,53" hai3="90,24,44,71,114,99,94,79,46,10,106,133,108"/><W26/><G71/><T58/><D119/><U11/><E32/><V60/><F73/><W103/><G114/><T4/><D74/><U70/><E115/><V96/><F34/><W104/><G133/><T5/><D107/><U17/><E40/><V18/><F131/><N who="0" m="50186" /><D31/><U112/><E37/><N who="0" m="14441" /><D135/><U57/><E112/><V101/><F132/><W35/><G108/><T93/><D93/><U98/><E111/><V85/><F85/><W118/><G118/><T66/><D66/><U39/><E39/><V50/><F50/><W125/><G125/><T49/><D58/><U61/><E98/><V1/><F1/><W102/><G35/><T33/><D33/><U76/><E67/><V59/><F28/><W52/><G104/><T75/><D75/><U41/><E41/><V89/><F89/><W122/><G79/><T80/><D80/><N who="1" m="47111" /><E64/><V91/><F91/><W117/><G117/><T110/><D110/><U87/><E87/><V97/><F97/><N who="3" m="57559" /><G103/><T134/><D134/><U42/><E42/><V128/><F128/><W2/><G99/><T69/><D69/><U113/><E113/><V86/><F86/><W21/><G102/><T123/><D123/><U0/><E0/><V105/><REACH who="2" step="1"/><F65/><REACH who="2" ten="193,354,44,399" step="2"/><W72/><G72/><T8/><D49/><U95/><E70/><V22/><F22/><W6/><G21/><T92/><D48/><U77/><E68/><V120/><F120/><W100/><G122/><T27/><D20/><U19/><E77/><V45/><F45/><N who="3" m="17515" /><G52/><T63/><D8/><U3/><E11/><V124/><F124/><W88/><G88/><T30/><D30/><RYUUKYOKU ba="1,1" sc="193,-15,354,-15,44,15,399,15" hai2="13,14,15,18,23,53,54,56,59,60,96,101,105" hai3="2,6,10,24,26,100,106" /><INIT seed="3,2,1,1,1,118" ten="178,339,59,414" oya="3" hai0="7,100,97,132,86,121,0,11,131,40,120,65,63" hai1="105,108,47,95,35,59,33,80,6,91,75,61,67" hai2="68,125,16,74,48,92,84,99,82,5,56,1,38" hai3="133,115,117,43,26,25,51,129,64,90,30,126,18"/><W53/><G117/><T28/><D131/><U66/><E105/><V112/><F68/><W41/><G115/><T37/><D132/><U73/><E108/><V8/><F38/><W19/><G129/><T104/><D86/><U89/><E6/><V57/><F74/><W50/><G133/><T24/><D40/><N who="3" m="15433" /><G64/><T103/><D103/><U32/><E47/><V79/><F125/><W69/><G69/><N who="0" m="42175" /><D37/><U78/><E75/><V134/><F134/><W81/><G126/><T52/><D52/><U102/><E67/><V36/><F36/><W127/><G51/><T17/><D17/><N who="3" m="6153" /><G30/><T101/><D101/><U49/><E49/><V13/><F48/><W10/><G10/><T96/><D96/><U114/><E114/><V109/><F109/><W31/><G31/><T3/><D3/><U124/><E124/><V15/><F1/><W113/><G113/><T45/><D45/><U85/><E102/><N who="2" m="60775" /><F112/><W123/><G127/><T122/><D122/><U34/><E34/><AGARI ba="2,1" hai="0,7,11,24,28,34,97,100,104,120,121" m="42175" machi="34" ten="30,7700,0" yaku="25,1,23,1,52,2" doraHai="118" who="0" fromWho="1" sc="178,93,339,-83,59,0,414,0" /><INIT seed="4,0,0,4,5,51" ten="271,256,59,414" oya="0" hai0="26,28,33,37,105,87,39,45,103,56,12,14,31" hai1="81,95,92,111,79,106,90,62,96,11,98,17,4" hai2="41,35,24,9,21,100,43,46,128,15,68,59,53" hai3="27,89,129,67,47,78,34,16,8,30,58,1,104"/><T40/><D37/><U110/><E17/><V120/><F68/><W109/><G109/><T57/><D31/><U22/><E22/><V48/><F35/><W10/><G104/><T3/><D3/><U130/><E62/><V91/><F128/><W114/><G129/><T13/><REACH who="0" step="1"/><D87/><REACH who="0" ten="261,256,59,414" step="2"/><U60/><E130/><V38/><F120/><W75/><G1/><T80/><D80/><U2/><E111/><V115/><F115/><W20/><G30/><T55/><D55/><U126/><E110/><V99/><F91/><W135/><G89/><T93/><D93/><U102/><E95/><N who="2" m="58495" /><F38/><W72/><G72/><T116/><D116/><U0/><E0/><V133/><F133/><W108/><G135/><T69/><D69/><U74/><E74/><V125/><F125/><W85/><G75/><T134/><D134/><U65/><E126/><V73/><F73/><W127/><G114/><T107/><D107/><U54/><E81/><V117/><F117/><W88/><G127/><T124/><D124/><U121/><E121/><V70/><F70/><W64/><G108/><T97/><AGARI ba="0,1" hai="12,13,14,26,28,33,39,40,45,56,57,97,103,105" machi="97" ten="30,6000,0" yaku="1,1,0,1,53,1" doraHai="51" doraHaiUra="23" who="0" fromWho="0" sc="261,70,256,-20,59,-20,414,-20" /><INIT seed="4,1,0,0,1,40" ten="331,236,39,394" oya="0" hai0="2,123,33,73,72,28,21,76,113,11,117,61,132" hai1="52,46,20,115,54,45,87,24,86,47,26,18,36" hai2="65,110,89,69,121,4,38,60,30,82,131,95,14" hai3="74,122,0,88,10,25,22,129,114,39,126,109,98"/><T37/><D123/><U35/><E36/><V41/><F110/><W104/><RYUUKYOKU type="yao9" ba="1,0" sc="331,0,236,0,39,0,394,0" hai3="0,10,22,25,39,74,88,98,104,109,114,122,126,129" /><INIT seed="4,2,0,1,4,70" ten="331,236,39,394" oya="0" hai0="61,106,26,53,133,42,50,59,117,123,44,118,76" hai1="8,55,67,119,73,90,114,9,128,33,47,120,72" hai2="78,101,34,1,100,107,3,122,124,40,105,94,66" hai3="41,51,4,36,103,17,16,2,69,25,132,99,109"/><T12/><D123/><U49/><E33/><V79/><F66/><W56/><G109/><T111/><D106/><U65/><E120/><V60/><F40/><W35/><G69/><T108/><D133/><U45/><E119/><V96/><F122/><W112/><G112/><T116/><D76/><U93/><E114/><V131/><F60/><W15/><G132/><T32/><D12/><U115/><E115/><V20/><F20/><W31/><G2/><T13/><D13/><U63/><E128/><V86/><F34/><W83/><G36/><N who="0" m="21575" /><D26/><U10/><E47/><V102/><F3/><W23/><G83/><T74/><D74/><U30/><E30/><V113/><F1/><W14/><G4/><T52/><D32/><U43/><E73/><V110/><F113/><W19/><G15/><T38/><D38/><U135/><E72/><V57/><F57/><AGARI ba="2,0" hai="50,52,53,57,59,61,108,111,116,117,118" m="21575" machi="57" ten="40,12000,1" yaku="34,2,52,1,54,1" doraHai="70" who="0" fromWho="2" sc="331,126,236,0,39,-126,394,0" owari="457,56.0,236,-16.0,-87,-59.0,394,19.0" /></mjloggm>