<mjloggm ver="2.3"><GO type="169" lobby="0"/><UN n0="%40%75" n1="%E3%82%A6%E3%83%AB%E3%83%88%E3%83%A9%E7%AB%8B%E7%9B%B4" n2="%E3%81%97%E3%82%85%E3%81%86%E3%83%BC%E3%80%82" n3="%E6%96%B0%E4%B8%96%E7%95%8C%E3%81%AE%E7%B4%99" dan="16,17,19,17" rate="2110.87,2121.71,2244.37,2215.27" sx="F,M,M,F"/><TAIKYOKU oya="0"/><INIT seed="0,0,0,3,1,109" ten="250,250,250,250" oya="0" hai0="91,80,76,114,42,121,25,16,6,75,134,19,62" hai1="125,12,37,83,120,24,81,93,92,3,32,85,124" hai2="66,113,90,67,61,87,105,38,54,31,52,106,60" hai3="7,46,0,103,59,79,82,117,69,102,78,74,65"/><T4/><D134/><U111/><E3/><V22/><F38/><W63/><G117/><T71/><D121/><U44/><E120/><V48/><F31/><W64/><G79/><T39/><D114/><U51/><E37/><V95/><F22/><W133/><G133/><T34/><D91/><U110/><E12/><V40/><F40/><W41/><G65/><T30/><D6/><U131/><E131/><V27/><F27/><W9/><REACH who="3" step="1"/><G69/><REACH who="3" ten="250,250,250,240" step="2"/><T5/><D71/><U108/><E111/><V13/><F66/><W23/><G23/><T17/><REACH who="0" step="1"/><D62/><REACH who="0" ten="240,250,250,240" step="2"/><U115/><E110/><V43/><F61/><W104/><G104/><T47/><AGARI ba="0,2" hai="4,5,16,17,19,25,30,34,39,42,47,75,76,80" machi="47" ten="30,18000,2" yaku="1,1,2,1,0,1,54,1,53,2" doraHai="109" doraHaiUra="1" who="0" fromWho="0" sc="240,200,250,-60,250,-60,240,-60" /><INIT seed="0,1,0,0,5,2" ten="440,190,190,180" oya="0" hai0="33,93,100,24,129,27,30,94,95,74,5,63,52" hai1="77,39,101,48,7,32,51,135,112,79,75,6,70" hai2="13,62,96,109,36,64,125,17,107,123,12,73,84" hai3="122,87,58,10,114,18,116,34,92,31,133,20,89"/><T60/><D129/><U98/><E39/><V111/><F73/><W128/><G114/><T23/><D74/><U115/><E70/><V126/><F36/><W54/><G116/><T132/><D132/><U72/><E32/><V134/><F84/><W19/><G133/><T43/><D43/><U1/><E1/><V53/><F53/><W28/><G34/><T68/><D68/><U22/><E22/><V113/><F134/><W57/><G128/><T44/><D100/><U69/><E135/><V110/><F113/><N who="1" m="43593" /><E69/><N who="2" m="42135" /><F123/><W102/><G122/><T29/><REACH who="0" step="1"/><D5/><REACH who="0" ten="430,190,190,180" step="2"/><N who="1" m="1547" /><E75/><V46/><F126/><W42/><G102/><T119/><D119/><U86/><E72/><V97/><F125/><W120/><G42/><T131/><D131/><U38/><E38/><V81/><F111/><W88/><G120/><T78/><D78/><N who="1" m="29707" /><E86/><V85/><F110/><W82/><G87/><T55/><D55/><U105/><AGARI ba="1,1" hai="48,51,98,101,105" m="29707,1547,43593" machi="105" ten="30,7900,0" yaku="11,1,52,3" doraHai="2" who="1" fromWho="1" sc="430,-40,190,92,190,-21,180,-21" /><INIT seed="1,0,0,5,3,113" ten="390,282,169,159" oya="1" hai0="26,29,98,70,64,8,66,76,111,129,14,63,100" hai1="22,51,78,52,4,117,61,36,45,104,23,39,84" hai2="118,124,101,71,108,11,41,72,73,90,120,128,87" hai3="7,107,9,2,67,28,134,30,125,21,112,116,99"/><U115/><E115/><V10/><F120/><W12/><G112/><T31/><D111/><U74/><E74/><V48/><F71/><W130/><G67/><T77/><D129/><U127/><E104/><V1/><F128/><W85/><G130/><T93/><D66/><U5/><E127/><V53/><F124/><W15/><G125/><T69/><D69/><U46/><E61/><V133/><F108/><W37/><G37/><T38/><D38/><U102/><E102/><V97/><F41/><W122/><G85/><T92/><D92/><U60/><E60/><V25/><F25/><N who="3" m="16431" /><G99/><T83/><D26/><U55/><E84/><V17/><F133/><W82/><G82/><T91/><D91/><U44/><E44/><V49/><F1/><W131/><G107/><T114/><D77/><U121/><E51/><V13/><F10/><N who="3" m="4191" /><G131/><T106/><D93/><U109/><E109/><V62/><F62/><W80/><G80/><T105/><D105/><U119/><REACH who="1" step="1"/><E78/><REACH who="1" ten="390,272,169,159" step="2"/><V58/><F49/><W88/><G134/><T50/><D50/><U126/><E126/><V68/><F73/><W47/><G47/><T81/><D114/><U3/><E3/><V75/><F75/><W43/><G2/><T19/><D83/><U123/><AGARI ba="0,1" hai="4,5,22,23,36,39,45,46,52,55,117,119,121,123" machi="123" ten="25,24000,3" yaku="1,1,0,1,22,2,52,2,54,1,53,2" doraHai="113" doraHaiUra="18" who="1" fromWho="1" sc="390,-80,272,250,169,-80,159,-80" /><INIT seed="1,1,0,3,2,29" ten="310,522,89,79" oya="1" hai0="2,63,55,41,27,30,36,134,113,70,47,135,106" hai1="53,116,31,81,65,127,5,66,72,34,120,33,100" hai2="39,95,83,37,128,84,78,74,22,82,12,11,28" hai3="8,24,86,18,56,58,90,45,38,40,16,122,103"/><U32/><E120/><V19/><F95/><W9/><G122/><T60/><D113/><U23/><E116/><V7/><F28/><W115/><G115/><T104/><D2/><U101/><E5/><V43/><F128/><W98/><G56/><T111/><D111/><U91/><E127/><V17/><F17/><W10/><G58/><T49/><D63/><U132/><E132/><N who="0" m="50729" /><D60/><U124/><E124/><V93/><F93/><W3/><G3/><T44/><D70/><U108/><E108/><V99/><F99/><W68/><G68/><T107/><D107/><U52/><E23/><AGARI ba="1,0" hai="23,27,30,36,41,44,47,49,55,104,106" m="50729" machi="23" ten="30,1000,0" yaku="20,1" doraHai="29" who="0" fromWho="1" sc="310,13,522,-13,89,0,79,0" /><INIT seed="2,0,0,1,4,22" ten="323,509,89,79" oya="2" hai0="45,17,80,129,54,108,58,86,113,123,96,65,94" hai1="78,105,106,119,59,13,0,77,73,72,26,46,36" hai2="50,7,71,69,34,63,51,127,57,128,27,1,116" hai3="29,124,68,99,37,12,30,95,38,62,111,121,84"/><V23/><F116/><W97/><G121/><T42/><D108/><U101/><E13/><V76/><F34/><W114/><G111/><T24/><D129/><U43/><E59/><V41/><F128/><W21/><G124/><T120/><D113/><U64/><E64/><V87/><F127/><W130/><G130/><T10/><D65/><U85/><E85/><V44/><F51/><W81/><G114/><T100/><D10/><U11/><E11/><V75/><F75/><W109/><G109/><T117/><D117/><U4/><E4/><V16/><F1/><W67/><G97/><T133/><D133/><U79/><E79/><V98/><F7/><W14/><G38/><T83/><D83/><U33/><E0/><V20/><F98/><W55/><G37/><T48/><D17/><U6/><E6/><V132/><F132/><W102/><G55/><T92/><D92/><U88/><E106/><V122/><F122/><W125/><G125/><T15/><D15/><U107/><E107/><V53/><REACH who="2" step="1"/><F23/><REACH who="2" ten="323,509,79,79" step="2"/><W25/><REACH who="3" step="1"/><G30/><REACH who="3" ten="323,509,79,69" step="2"/><T93/><D96/><U3/><E119/><V134/><F134/><W40/><G40/><T89/><D42/><U126/><E43/><V47/><F47/><W66/><G66/><T104/><D45/><U31/><E46/><V103/><F103/><W19/><G19/><T52/><D100/><U135/><E101/><V61/><F61/><W35/><G35/><T32/><D32/><U110/><E33/><V60/><F60/><W49/><G49/><T39/><D48/><U90/><E126/><V18/><F18/><W82/><G82/><AGARI ba="0,2" hai="16,20,27,41,44,50,53,57,63,69,71,76,82,87" machi="82" ten="40,12000,1" yaku="1,1,6,1,52,1,54,1,53,0" doraHai="22" doraHaiUra="28" who="2" fromWho="3" sc="323,0,509,0,79,140,69,-120" owari="323,12.0,509,61.0,219,-18.0,-51,-55.0" /></mjloggm>