<mjloggm ver="2.3"><GO type="169" lobby="0"/><UN n0="%E8%99%8E%E7%8D%85%E3%81%8F%E3%82%93" n1="%E5%B0%B1%E6%B4%BB%E7%94%9F%40%E5%B7%9D%E6%9D%91%E8%BB%8D%E5%9B%A3" n2="%E3%81%82%E3%81%84%E3%81%A0%E3%81%A6" n3="%73%68%61%70%65%6C%65%72" dan="16,19,16,17" rate="2072.11,2327.43,2097.26,2169.92" sx="M,M,M,M"/><TAIKYOKU oya="0"/><INIT seed="0,0,0,4,3,40" ten="250,250,250,250" oya="0" hai0="7,79,128,103,106,34,99,114,11,73,64,9,62" hai1="126,125,8,135,65,49,28,5,55,77,3,108,10" hai2="67,53,88,50,51,133,2,96,74,121,16,86,117" hai3="87,61,43,18,129,46,118,1,31,119,107,20,56"/><T27/><D114/><U115/><E115/><V35/><F74/><W44/><G107/><T4/><D128/><U6/><E135/><V122/><F2/><W48/><G1/><T75/><D79/><U47/><E108/><V72/><F72/><W29/><G129/><T127/><D127/><U111/><E111/><V110/><F133/><W54/><G118/><T15/><D11/><U30/><E77/><V80/><F35/><W66/><G87/><T78/><D78/><U68/><E68/><V132/><F67/><W19/><G19/><T12/><D12/><U39/><E39/><V85/><F85/><W17/><G17/><T63/><D63/><U36/><E36/><V131/><F131/><W26/><REACH who="3" step="1"/><G119/><REACH who="3" ten="250,250,250,240" step="2"/><T42/><D7/><U38/><E3/><V120/><F117/><W102/><G102/><T52/><D42/><U94/><E6/><V32/><F110/><W116/><G116/><T91/><D91/><U0/><E0/><V109/><F109/><W37/><AGARI ba="0,1" hai="18,20,26,29,31,37,43,44,46,48,54,56,61,66" machi="37" ten="20,8000,1" yaku="1,1,0,1,7,1,52,2,53,0" doraHai="40" doraHaiUra="93" who="3" fromWho="3" sc="250,-40,250,-20,250,-20,240,90" /><INIT seed="1,0,0,3,0,120" ten="210,230,230,330" oya="1" hai0="44,103,27,32,31,80,119,10,13,128,93,51,81" hai1="118,7,38,75,21,74,99,100,122,30,34,50,61" hai2="47,78,5,131,14,19,56,26,64,133,107,72,35" hai3="0,52,125,65,129,49,95,70,127,83,113,25,102"/><U96/><E38/><V73/><F107/><W28/><G0/><T60/><D119/><U53/><E34/><V69/><F69/><W109/><G113/><T48/><D128/><U77/><E122/><V43/><F133/><W87/><G129/><T59/><D103/><U112/><E112/><V92/><F5/><W55/><G55/><T71/><D93/><U111/><E118/><V130/><F130/><W88/><G65/><T29/><D71/><U91/><E7/><V24/><F73/><W58/><G70/><T4/><D31/><U101/><E61/><V45/><F45/><W3/><G3/><T66/><REACH who="0" step="1"/><D51/><REACH who="0" ten="200,230,230,330" step="2"/><U123/><E123/><V20/><F131/><W117/><G117/><T135/><D135/><U9/><E100/><V79/><F92/><W15/><G102/><T11/><D11/><U18/><E101/><V116/><F116/><W134/><G95/><T6/><D6/><U132/><E30/><V2/><F35/><W8/><G134/><T54/><AGARI ba="0,1" hai="4,10,13,27,29,32,44,48,54,59,60,66,80,81" machi="54" ten="20,2700,0" yaku="1,1,0,1,7,1,53,0" doraHai="120" doraHaiUra="37" who="0" fromWho="0" sc="200,37,230,-13,230,-7,330,-7" /><INIT seed="2,0,0,3,5,65" ten="237,217,223,323" oya="2" hai0="83,132,10,121,13,75,20,104,96,2,40,135,54" hai1="112,97,116,45,5,11,34,100,33,68,79,90,113" hai2="39,12,42,105,21,52,91,123,76,63,130,26,125" hai3="8,115,0,122,1,74,50,27,126,17,86,59,67"/><V117/><F117/><W47/><G74/><T127/><D121/><U58/><E90/><V22/><F76/><W31/><G122/><T134/><D40/><U73/><E58/><V61/><F105/><W41/><G126/><T107/><D127/><U9/><E45/><V4/><F130/><W15/><G115/><N who="1" m="44106" /><E11/><V14/><F123/><W110/><G110/><T6/><D96/><U93/><E93/><V43/><F39/><W82/><G67/><T98/><D98/><U124/><E116/><V36/><F36/><W78/><REACH who="3" step="1"/><G59/><REACH who="3" ten="237,217,223,313" step="2"/><T101/><D134/><U62/><E73/><V103/><F125/><W57/><G57/><T64/><D64/><U94/><E124/><V77/><F103/><W111/><G111/><T46/><D101/><U118/><E100/><V3/><F61/><W133/><G133/><T28/><D135/><U131/><E62/><V81/><F63/><W85/><G85/><T88/><D132/><U109/><E109/><V108/><F108/><W35/><AGARI ba="0,1" hai="0,1,8,15,17,27,31,35,41,47,50,78,82,86" machi="35" ten="20,2700,0" yaku="1,1,0,1,7,1,53,0" doraHai="65" doraHaiUra="71" who="3" fromWho="3" sc="237,-7,217,-7,223,-13,313,37" /><INIT seed="3,0,0,4,1,14" ten="230,210,210,350" oya="3" hai0="40,21,29,109,25,6,45,9,115,91,32,86,50" hai1="57,82,55,66,53,85,68,124,49,74,71,67,95" hai2="1,7,77,120,11,8,100,2,5,89,52,24,90" hai3="105,76,130,101,108,4,123,118,47,99,75,133,23"/><W131/><G123/><T103/><D109/><U81/><E124/><V36/><F36/><W13/><G118/><T58/><D115/><U96/><E74/><V62/><F120/><W93/><G108/><T54/><D103/><U121/><E121/><V35/><F77/><W39/><G133/><T88/><D32/><U59/><E71/><V84/><F100/><W43/><G75/><T61/><REACH who="0" step="1"/><D86/><REACH who="0" ten="220,210,210,350" step="2"/><U129/><E129/><V19/><F35/><W16/><G105/><T134/><D134/><U51/><E68/><V104/><F84/><W3/><G130/><T64/><D64/><N who="1" m="24619" /><E85/><V114/><F114/><W48/><G131/><T18/><D18/><U126/><E126/><V135/><F135/><W44/><G4/><T28/><D28/><U111/><E111/><V97/><F97/><W41/><G76/><T128/><D128/><U65/><E65/><V30/><F104/><W70/><G70/><T63/><D63/><U132/><E132/><V116/><F116/><W72/><G72/><T107/><D107/><U34/><E34/><V17/><F30/><W33/><G33/><T37/><D37/><U31/><E31/><V12/><F62/><W87/><G87/><T38/><D38/><U78/><E78/><V80/><F80/><W60/><G60/><T69/><D69/><U20/><E96/><V98/><F98/><W46/><G39/><T119/><D119/><U92/><E81/><V42/><F7/><W94/><G99/><T15/><AGARI ba="0,1" hai="6,9,15,21,25,29,40,45,50,54,58,61,88,91" machi="15" ten="20,8000,1" yaku="1,1,0,1,7,1,8,1,54,1,53,0" doraHai="14" doraHaiUra="127" who="0" fromWho="0" sc="220,90,210,-20,210,-20,350,-40" /><INIT seed="4,0,0,2,0,76" ten="310,190,190,310" oya="0" hai0="118,126,8,54,47,51,67,92,62,29,58,44,99" hai1="26,80,20,75,19,40,23,129,114,2,3,45,15" hai2="96,53,39,132,48,49,87,79,50,30,69,97,93" hai3="133,14,17,33,56,116,5,41,1,24,98,10,9"/><T32/><D118/><U0/><E129/><V89/><F132/><W73/><G116/><T52/><D126/><U128/><E128/><V110/><F39/><W86/><G73/><T85/><D8/><U105/><E105/><V42/><F110/><W90/><G133/><T123/><D123/><U102/><E102/><V65/><F42/><W94/><G41/><T104/><D104/><U106/><E106/><V112/><F112/><W121/><G121/><T82/><D32/><U120/><E120/><V21/><F65/><W63/><G33/><T135/><D135/><U66/><E66/><V18/><F30/><W131/><G131/><T108/><D108/><U68/><E68/><V74/><F69/><W60/><G24/><T109/><D109/><U31/><E114/><V7/><F7/><W95/><G56/><N who="0" m="32799" /><D29/><U134/><E134/><V22/><F22/><W72/><G72/><T107/><D107/><U55/><E55/><V100/><F79/><W117/><G117/><T6/><D6/><U122/><E122/><V70/><F74/><W4/><G4/><T83/><D67/><U36/><REACH who="1" step="1"/><E75/><REACH who="1" ten="310,180,190,310" step="2"/><V34/><F100/><AGARI ba="0,1" hai="1,5,9,10,14,17,60,63,86,90,94,95,98,100" machi="100" ten="30,1000,0" yaku="7,1" doraHai="76" who="3" fromWho="2" sc="310,0,180,0,190,-10,310,20" /><INIT seed="5,0,0,2,1,132" ten="310,180,180,330" oya="1" hai0="30,28,88,52,94,84,49,108,19,82,122,6,51" hai1="133,127,135,91,112,59,120,107,93,53,1,100,27" hai2="75,11,2,14,121,35,125,67,96,134,86,20,50" hai3="63,104,72,89,118,33,74,38,13,55,56,64,54"/><U78/><E120/><V99/><F75/><W23/><G33/><T0/><D108/><U68/><E68/><V12/><F35/><W81/><G104/><T57/><D122/><U15/><E1/><V70/><F134/><N who="1" m="51209" /><E78/><V21/><F2/><W105/><G105/><T111/><D111/><U32/><E112/><V123/><F70/><W46/><G118/><T79/><D0/><U31/><E15/><V129/><F67/><W71/><G72/><T5/><D51/><N who="1" m="31167" /><E107/><V16/><F129/><W10/><G74/><T65/><D65/><U3/><E3/><V114/><F114/><W58/><G64/><T103/><D103/><U43/><E43/><V102/><F102/><W7/><G13/><T83/><D83/><U34/><E100/><V131/><F131/><W109/><G81/><T98/><REACH who="0" step="1"/><D19/><REACH who="0" ten="300,180,180,330" step="2"/><U73/><E73/><V106/><F16/><W18/><G18/><T90/><D90/><U101/><E101/><V128/><F128/><W8/><G89/><T119/><D119/><U92/><E127/><V39/><F125/><W4/><G109/><T61/><D61/><U77/><E77/><V117/><F117/><W80/><G63/><T40/><D40/><U47/><E91/><V26/><F121/><W42/><G42/><T37/><D37/><U95/><E47/><V45/><F45/><W24/><G46/><T116/><D116/><U25/><E31/><AGARI ba="0,1" hai="5,6,28,30,31,49,52,57,79,82,84,88,94,98" machi="31" ten="40,8000,1" yaku="1,1,8,1,54,2,53,0" doraHai="132" doraHaiUra="110" who="0" fromWho="1" sc="300,90,180,-80,180,0,330,0" /><INIT seed="6,0,0,0,0,40" ten="390,100,180,330" oya="2" hai0="74,20,131,104,8,21,2,42,9,68,75,121,60" hai1="114,53,122,70,44,135,117,62,24,103,31,0,48" hai2="78,3,67,132,19,30,113,120,33,84,14,17,109" hai3="126,130,64,98,13,35,99,27,92,37,51,55,41"/><V72/><F120/><W100/><G130/><T25/><D104/><U123/><E0/><V34/><F72/><W23/><G35/><N who="2" m="13321" /><F67/><W18/><G126/><T102/><D121/><U16/><E117/><V22/><F78/><W46/><G64/><T1/><D42/><U96/><E114/><V80/><F84/><W45/><REACH who="3" step="1"/><G99/><REACH who="3" ten="390,100,180,320" step="2"/><T90/><D131/><U81/><E135/><V111/><F132/><W57/><G57/><T12/><D68/><U56/><E70/><V125/><F125/><W5/><G5/><T118/><D118/><U124/><E124/><V7/><F7/><W88/><G88/><T105/><D90/><U52/><E81/><V59/><F59/><W119/><G119/><T15/><D74/><U116/><E116/><V110/><F80/><W108/><G108/><T28/><D75/><U89/><E89/><V66/><F66/><W61/><G61/><T29/><D60/><U106/><REACH who="1" step="1"/><E31/><REACH who="1" ten="390,90,180,320" step="2"/><V77/><F30/><W112/><G112/><T65/><D29/><U54/><E54/><V129/><F113/><W95/><G95/><T32/><D28/><U38/><E38/><V127/><F127/><W11/><G11/><T63/><D8/><U128/><E128/><V79/><F129/><W6/><G6/><T133/><D9/><U93/><E93/><V115/><F115/><W43/><G43/><T85/><D133/><U4/><E4/><V49/><F110/><W73/><G73/><T97/><D65/><U86/><E86/><V107/><F109/><W26/><AGARI ba="0,2" hai="13,18,23,26,27,37,41,45,46,51,55,92,98,100" machi="26" ten="30,8000,1" yaku="1,1,0,1,52,2,53,1" doraHai="40" doraHaiUra="36" who="3" fromWho="3" sc="390,-20,90,-20,180,-40,320,100" /><INIT seed="7,0,0,1,3,54" ten="370,70,140,420" oya="3" hai0="98,122,14,35,92,83,103,44,88,60,95,112,76" hai1="99,43,45,106,121,132,34,93,123,46,72,66,97" hai2="7,75,102,91,105,31,125,1,33,130,15,81,26" hai3="58,21,37,65,100,55,51,82,40,30,25,74,117"/><W48/><G117/><T39/><D122/><U78/><E34/><V12/><F130/><W23/><G37/><T6/><D35/><U107/><E132/><V96/><F125/><W128/><G128/><T5/><D112/><U77/><E66/><V69/><F69/><W2/><G2/><T80/><D14/><U22/><E22/><V19/><F12/><W109/><G109/><T115/><D115/><U49/><E49/><V64/><F64/><W9/><G9/><T87/><D83/><U8/><E8/><V53/><F53/><W89/><G100/><T57/><D44/><U104/><E93/><V62/><F62/><W56/><G23/><T29/><D29/><U59/><E106/><V63/><F63/><W67/><G74/><T79/><D39/><U41/><REACH who="1" step="1"/><E72/><REACH who="1" ten="370,60,140,420" step="2"/><V10/><F75/><W85/><G65/><N who="0" m="39055" /><D79/><U27/><E27/><V127/><F33/><W84/><G25/><T28/><D28/><U47/><E47/><V110/><F31/><W135/><G30/><T113/><D113/><U24/><E24/><V108/><F26/><W52/><G135/><T134/><D134/><U119/><E119/><V94/><F105/><W73/><G51/><T3/><D3/><U38/><E38/><V13/><F10/><W118/><G48/><T68/><D68/><U50/><E50/><V90/><F94/><W129/><G118/><T71/><D71/><U17/><E17/><V18/><F19/><W133/><G133/><T42/><D42/><U36/><E36/><V114/><F18/><W120/><G40/><T86/><AGARI ba="0,1" hai="5,6,76,80,86,87,88,92,95,98,103" m="39055" machi="86" ten="30,4000,0" yaku="8,1,52,1,54,1" doraHai="54" who="0" fromWho="0" sc="370,50,60,-10,140,-10,420,-20" owari="420,52.0,50,-45.0,130,-27.0,400,20.0" /></mjloggm>