<mjloggm ver="2.3"><GO type="169" lobby="0"/><UN n0="%E3%83%9E%E3%82%B8%E3%81%8D%E3%82%8C%E3%81%9D%E3%81%86%EF%BC%81" n1="%E4%BA%8C%E9%9A%8E%E5%A0%82%E7%91%A0%E7%BE%8E%E3%81%AE%E4%BD%BF%E8%80%85" n2="%4A%6F%75%72%6E%65%79" n3="%E3%82%A6%E3%83%AB%E3%83%88%E3%83%A9%E7%AB%8B%E7%9B%B4" dan="18,16,16,18" rate="2250.97,2073.36,2078.81,2227.73" sx="M,M,M,M"/><TAIKYOKU oya="0"/><INIT seed="0,0,0,5,3,11" ten="250,250,250,250" oya="0" hai0="130,131,13,12,0,23,103,65,92,73,57,9,97" hai1="79,112,10,41,90,113,53,80,117,69,40,16,35" hai2="55,32,48,99,101,74,77,81,24,15,3,134,76" hai3="42,17,106,68,30,125,14,132,52,64,126,88,22"/><T27/><D73/><N who="1" m="43119" /><E69/><V107/><F3/><W98/><G42/><T33/><D33/><U96/><E35/><V135/><F77/><W43/><G43/><T38/><D38/><U2/><E2/><V91/><F91/><W124/><G132/><T110/><D110/><U28/><E28/><V50/><F15/><N who="0" m="5706" /><D9/><U122/><E10/><V63/><F63/><W115/><G115/><T1/><D65/><U133/><E117/><V72/><F72/><W45/><G30/><N who="0" m="17791" /><D57/><U104/><E122/><V93/><F107/><W29/><G29/><T70/><D70/><U129/><E104/><V82/><F135/><W127/><G127/><T61/><D61/><U7/><E133/><V46/><F134/><W120/><G120/><T56/><D56/><U116/><E116/><V105/><F105/><W89/><G64/><T54/><D54/><U58/><E53/><V4/><F4/><W66/><G66/><T87/><D87/><U85/><E7/><V83/><F50/><N who="3" m="28751" /><G68/><T21/><D21/><U84/><E58/><V108/><F108/><W36/><G36/><T100/><D100/><AGARI ba="0,0" hai="14,17,22,88,89,98,100,106,124,125,126" m="28751" machi="100" ten="30,7700,0" yaku="18,1,52,1,54,2" doraHai="11" who="3" fromWho="0" sc="250,-77,250,0,250,0,250,77" /><INIT seed="1,0,0,1,1,1" ten="173,250,250,327" oya="1" hai0="26,28,83,79,113,17,120,60,103,114,87,67,45" hai1="93,101,86,75,133,35,56,37,94,22,105,38,63" hai2="112,88,48,42,108,121,96,92,25,0,40,51,33" hai3="117,84,6,49,29,57,118,61,44,109,122,13,78"/><U21/><E35/><V102/><F121/><W53/><G29/><T124/><D120/><U82/><E133/><V119/><F119/><W106/><G106/><T50/><D124/><U110/><E75/><V98/><F108/><W107/><G107/><T125/><D125/><U20/><E110/><V66/><F0/><W27/><G27/><T100/><D17/><U127/><E127/><V3/><F3/><W14/><G14/><T132/><D132/><U8/><E105/><V4/><F4/><W36/><G36/><T7/><D114/><U126/><E126/><V55/><F66/><W131/><G131/><T32/><D7/><U73/><E73/><V134/><F134/><W97/><G97/><T9/><D9/><U41/><E8/><V129/><F129/><W58/><G58/><T34/><D34/><U15/><E15/><V95/><F112/><W72/><G72/><T62/><D113/><U43/><E38/><V12/><F12/><W5/><G122/><T111/><D111/><U71/><E71/><V30/><REACH who="2" step="1"/><F51/><REACH who="2" ten="173,250,240,327" step="2"/><W69/><G109/><T99/><D62/><U116/><E116/><N who="3" m="44650" /><G13/><T24/><D60/><U90/><E37/><V23/><F23/><W68/><G68/><T10/><D50/><U64/><REACH who="1" step="1"/><E101/><REACH who="1" ten="173,240,240,327" step="2"/><V81/><F81/><N who="3" m="47159" /><G69/><T74/><D32/><U77/><E77/><V52/><F52/><AGARI ba="0,2" hai="5,6,44,49,52,53,57,61" m="47159,44650" machi="52" ten="30,7700,0" yaku="12,1,52,2,54,1" doraHai="1" who="3" fromWho="2" sc="173,0,240,0,240,-77,327,97" /><INIT seed="2,0,0,4,3,100" ten="173,240,163,424" oya="2" hai0="64,18,20,82,120,117,5,107,115,72,126,39,118" hai1="16,58,66,10,30,32,68,48,125,77,33,31,73" hai2="49,74,81,113,95,25,96,129,17,14,15,29,99" hai3="101,36,47,106,89,19,122,62,75,69,60,83,24"/><V103/><F113/><W46/><G122/><T105/><D120/><U38/><E38/><V26/><F129/><W133/><G69/><T11/><D115/><U8/><E68/><V52/><F15/><W86/><G19/><T71/><D39/><U4/><E125/><V79/><F29/><W97/><G24/><N who="0" m="14359" /><D126/><U0/><E32/><V104/><F99/><W55/><G36/><T28/><D28/><U50/><E33/><V22/><REACH who="2" step="1"/><F95/><REACH who="2" ten="173,240,153,424" step="2"/><W40/><G97/><T98/><D98/><U9/><E30/><V119/><F119/><W1/><G1/><T85/><D118/><U57/><E31/><V53/><F53/><W130/><G55/><T76/><D117/><U135/><E0/><V27/><F27/><W61/><G130/><T34/><D34/><U91/><E135/><V93/><F93/><W123/><G133/><T116/><D116/><U78/><E66/><V84/><F84/><W88/><G86/><T124/><D85/><U44/><E73/><V37/><F37/><W12/><G12/><T90/><D124/><U23/><E4/><V7/><F7/><W41/><G123/><T59/><D64/><U2/><E2/><V42/><F42/><W65/><G65/><T128/><D5/><U6/><E6/><V63/><F63/><W43/><G62/><T51/><D128/><U111/><E111/><V67/><F67/><W87/><G75/><T102/><D72/><U21/><E50/><V131/><F131/><W94/><G61/><T56/><D51/><U114/><E48/><V92/><F92/><W132/><G60/><T134/><D134/><RYUUKYOKU ba="0,1" sc="173,-10,240,-10,153,30,424,-10" hai2="14,17,22,25,26,49,52,74,79,81,96,103,104" /><INIT seed="2,1,1,4,3,95" ten="163,230,183,414" oya="2" hai0="52,3,64,114,54,13,132,90,135,77,85,22,49" hai1="109,73,98,40,80,99,28,43,107,67,120,83,82" hai2="29,122,23,115,21,26,41,88,57,30,17,75,24" hai3="14,86,25,46,8,104,71,32,62,5,48,131,124"/><V65/><F115/><W105/><G131/><T7/><D114/><U112/><E112/><V108/><F122/><W56/><G71/><T6/><D77/><U19/><E28/><V102/><F108/><W94/><G124/><T106/><D64/><U68/><E109/><V111/><F111/><W51/><G32/><T100/><D3/><U128/><E73/><V38/><F75/><W59/><G25/><T37/><D37/><U20/><E107/><V118/><F118/><W47/><G104/><T11/><D7/><U96/><E128/><V78/><F78/><W130/><G105/><T18/><D100/><U74/><E74/><V10/><F102/><W4/><G4/><T110/><D106/><U101/><E101/><V0/><F41/><N who="3" m="24655" /><G62/><T97/><D110/><U44/><E120/><V60/><F38/><W103/><G130/><T27/><D97/><U63/><REACH who="1" step="1"/><E44/><REACH who="1" ten="163,220,183,414" step="2"/><V123/><F123/><W35/><G47/><T12/><D135/><U129/><E129/><V87/><F30/><W92/><G103/><T91/><D132/><U134/><E134/><V84/><F88/><W66/><G35/><T55/><D91/><U1/><E1/><V58/><F0/><W50/><G86/><T76/><D76/><U16/><E16/><V31/><F17/><W61/><G56/><N who="0" m="32783" /><D27/><AGARI ba="1,2" hai="19,20,27,40,43,63,67,68,80,82,83,96,98,99" machi="27" ten="40,8000,1" yaku="1,1,52,3,53,0" doraHai="95" doraHaiUra="2" who="1" fromWho="0" sc="163,-83,220,103,183,0,414,0" /><INIT seed="3,0,0,2,5,36" ten="80,323,183,414" oya="3" hai0="77,122,19,107,27,71,33,131,96,91,13,14,7" hai1="25,1,18,135,92,84,8,104,134,56,37,68,99" hai2="21,117,102,11,109,65,61,114,45,116,16,32,75" hai3="55,119,4,42,76,88,72,108,90,10,127,81,44"/><W110/><G55/><T66/><D122/><U63/><E68/><V62/><F114/><W17/><G17/><T22/><D77/><U100/><E37/><V15/><F75/><W40/><G119/><T129/><D7/><U58/><E1/><V52/><F32/><W67/><G67/><T115/><D115/><U73/><E73/><V132/><F109/><N who="3" m="42091" /><G127/><T6/><D6/><U133/><E63/><V83/><F132/><W46/><G46/><T130/><D33/><U105/><E105/><V51/><F83/><W28/><G28/><T78/><D66/><U59/><E84/><V64/><F102/><W31/><G31/><T30/><D71/><U89/><E8/><V111/><F111/><W49/><G40/><T29/><D29/><U23/><REACH who="1" step="1"/><E104/><REACH who="1" ten="80,313,183,414" step="2"/><V80/><F116/><W54/><G54/><T86/><D107/><U94/><E94/><V47/><F117/><W118/><G118/><T87/><D131/><U2/><E2/><AGARI ba="0,1" hai="2,4,10,42,44,49,72,76,81,88,90" m="42091" machi="2" ten="30,11600,0" yaku="14,1,10,1,52,1,54,1" doraHai="36" who="3" fromWho="1" sc="80,0,313,-116,183,0,414,126" /><INIT seed="3,1,0,4,1,29" ten="80,197,183,540" oya="3" hai0="103,122,31,94,45,109,44,113,87,13,32,90,125" hai1="19,110,97,68,116,127,117,101,3,63,17,67,53" hai2="15,72,135,69,0,131,104,120,55,50,49,134,77" hai3="124,60,47,57,8,46,41,86,130,33,121,43,26"/><W66/><G130/><T7/><D122/><U30/><E3/><V128/><F0/><W23/><G124/><T74/><D125/><U88/><E127/><V20/><F104/><W126/><G126/><T2/><D74/><U99/><E110/><V22/><F120/><W91/><G8/><T85/><D109/><U132/><E132/><N who="2" m="50731" /><F69/><W4/><G4/><T80/><D2/><U37/><E37/><V118/><F118/><N who="1" m="45673" /><E53/><V25/><F15/><W65/><G65/><T114/><D13/><U51/><E51/><N who="2" m="19467" /><F55/><W9/><G9/><T123/><D123/><U106/><E30/><N who="2" m="17703" /><F22/><W112/><G121/><T48/><D7/><U79/><E79/><V98/><F98/><W36/><G112/><T95/><D114/><U52/><E52/><V14/><F14/><W84/><G23/><T119/><D113/><U102/><E88/><V24/><F24/><W38/><G91/><T39/><D119/><U42/><E42/><V59/><F59/><W76/><G76/><T93/><D90/><U16/><E17/><V11/><F11/><W75/><G75/><T10/><D10/><U92/><AGARI ba="1,0" hai="16,19,63,67,68,92,97,99,101,102,106" m="45673" machi="92" ten="30,2000,0" yaku="12,1,54,1" doraHai="29" who="1" fromWho="1" sc="80,-6,197,23,183,-6,540,-11" /><INIT seed="4,0,0,0,1,78" ten="74,220,177,529" oya="0" hai0="34,81,93,74,119,89,61,27,102,26,8,105,75" hai1="23,66,53,101,116,36,44,24,33,73,64,132,5" hai2="67,38,47,18,112,91,50,56,40,110,97,41,71" hai3="51,80,72,84,45,99,21,113,117,28,65,126,13"/><T106/><D119/><U6/><E33/><V15/><F110/><W60/><G113/><T121/><D121/><U125/><E116/><V92/><F112/><W59/><G126/><T115/><D115/><U55/><E73/><V79/><F71/><W22/><G72/><T135/><D75/><U108/><E108/><V20/><F79/><W37/><G37/><T88/><D135/><U16/><E125/><V39/><REACH who="2" step="1"/><F41/><REACH who="2" ten="74,220,167,529" step="2"/><W2/><G117/><T111/><D111/><U19/><E132/><V42/><F42/><W43/><G2/><T123/><D123/><U109/><E109/><V69/><F69/><W87/><G28/><T30/><D30/><U54/><E36/><V130/><F130/><W94/><G13/><T86/><D27/><U114/><E114/><V70/><F70/><W90/><G87/><T14/><D26/><U63/><E24/><V48/><F48/><W129/><G129/><T29/><D29/><U46/><E63/><AGARI ba="0,1" hai="15,18,20,38,39,40,47,50,56,63,67,91,92,97" machi="63" ten="40,1300,0" yaku="1,1,53,0" doraHai="78" doraHaiUra="98" who="2" fromWho="1" sc="74,0,220,-13,167,23,529,0" /><INIT seed="5,0,0,5,1,100" ten="74,207,190,529" oya="1" hai0="93,120,115,28,9,97,107,87,64,2,78,99,23" hai1="36,98,62,74,70,77,24,94,127,34,5,130,22" hai2="31,128,105,133,26,55,109,86,132,25,83,46,75" hai3="73,119,65,54,110,95,123,59,47,43,134,42,45"/><U102/><E34/><V17/><F109/><W44/><G73/><T88/><D115/><U118/><E118/><V3/><F128/><W66/><G110/><T53/><D120/><U84/><E74/><V40/><F3/><W106/><G106/><T27/><D78/><U60/><E36/><V131/><F131/><W20/><G123/><T11/><D64/><N who="3" m="24681" /><G134/><N who="2" m="51817" /><F105/><W58/><G119/><T4/><D107/><U129/><E127/><V18/><F55/><W122/><G122/><T125/><D125/><U126/><E126/><V15/><F75/><W117/><G117/><T89/><D89/><U101/><E5/><V6/><F6/><W35/><G35/><T71/><D71/><U32/><E32/><N who="2" m="20591" /><F15/><W92/><G20/><T135/><D135/><U14/><E14/><V104/><F104/><W82/><G82/><T48/><REACH who="0" step="1"/><D11/><REACH who="0" ten="64,207,190,529" step="2"/><U56/><E70/><V69/><F69/><W91/><G91/><T41/><D41/><U29/><E129/><V124/><F124/><W13/><G42/><T0/><D0/><U111/><E130/><V67/><F67/><W68/><G43/><T51/><D51/><U37/><E111/><V116/><F116/><W114/><G114/><T50/><D50/><U90/><E77/><N who="2" m="46447" /><F26/><W72/><G68/><T39/><D39/><AGARI ba="0,1" hai="17,18,39,40,46" m="46447,20591,51817" machi="39" ten="30,1000,0" yaku="20,1" doraHai="100" who="2" fromWho="0" sc="64,-10,207,0,190,20,529,0" /><INIT seed="6,0,0,2,1,68" ten="54,207,210,529" oya="2" hai0="113,81,96,67,64,111,16,127,65,58,29,84,55" hai1="101,24,100,79,59,126,9,73,92,124,85,95,76" hai2="128,82,10,102,2,70,121,50,34,115,119,72,104" hai3="120,71,45,20,93,28,42,48,52,118,94,41,109"/><V132/><RYUUKYOKU type="yao9" ba="0,0" sc="54,0,207,0,210,0,529,0" hai2="2,10,34,50,70,72,82,102,104,115,119,121,128,132" /><INIT seed="6,1,0,2,1,61" ten="54,207,210,529" oya="2" hai0="119,69,18,6,47,94,121,107,3,24,4,2,111" hai1="130,105,55,5,124,76,122,63,42,30,80,93,135" hai2="36,44,0,33,109,134,46,98,28,128,104,90,14" hai3="26,101,19,72,71,88,133,117,129,100,95,10,12"/><V49/><F0/><W96/><G117/><T7/><D94/><U43/><E124/><V58/><F134/><W52/><G71/><T25/><D47/><U16/><E105/><V27/><F128/><W37/><G37/><T41/><D41/><U8/><E135/><V108/><F36/><W66/><G72/><T86/><D86/><U48/><E130/><V54/><F14/><W87/><G133/><T32/><D69/><U115/><E30/><V77/><F77/><W85/><G66/><T131/><D107/><U123/><E63/><V45/><REACH who="2" step="1"/><F90/><REACH who="2" ten="54,207,200,529" step="2"/><W23/><G129/><T40/><D131/><U17/><E76/><V103/><AGARI ba="1,1" hai="27,28,33,44,45,46,49,54,58,98,103,104,108,109" machi="103" ten="30,6000,0" yaku="1,1,2,1,0,1,53,0" doraHai="61" doraHaiUra="125" who="2" fromWho="2" sc="54,-21,207,-21,200,73,529,-21" /><INIT seed="6,2,0,3,0,62" ten="33,186,273,508" oya="2" hai0="113,20,61,69,127,71,21,96,9,27,83,135,105" hai1="17,117,23,1,80,24,119,0,32,12,16,91,14" hai2="131,3,125,75,132,106,121,116,51,10,19,39,81" hai3="100,60,18,52,89,124,102,94,5,58,65,29,95"/><V120/><RYUUKYOKU type="yao9" ba="2,0" sc="33,0,186,0,273,0,508,0" hai2="3,10,19,39,51,75,81,106,116,120,121,125,131,132" /><INIT seed="6,3,0,5,4,21" ten="33,186,273,508" oya="2" hai0="96,111,95,110,59,2,4,98,93,125,130,55,89" hai1="82,15,81,72,30,87,39,44,37,132,23,106,14" hai2="127,41,17,5,120,26,60,94,50,71,65,90,126" hai3="48,58,13,76,84,131,103,38,99,86,22,124,1"/><V129/><F120/><W88/><G38/><T40/><D2/><U3/><E3/><V108/><F108/><W10/><G1/><T7/><D130/><U105/><E132/><V16/><F5/><W27/><G76/><T118/><D125/><N who="2" m="47626" /><F129/><W67/><G131/><T42/><D118/><U77/><E14/><V0/><F0/><W6/><G124/><T73/><D73/><U97/><E15/><V24/><F41/><W45/><G58/><T53/><D59/><U68/><E68/><V54/><F54/><N who="3" m="29967" /><G103/><T61/><REACH who="0" step="1"/><D89/><REACH who="0" ten="23,186,273,508" step="2"/><U46/><E72/><V32/><F90/><W62/><G67/><T113/><D113/><U78/><E46/><V70/><F65/><W74/><G74/><T43/><D43/><U134/><E44/><V115/><F115/><W57/><G57/><T49/><D49/><U100/><E100/><V123/><F50/><W18/><G62/><T31/><D31/><U8/><E30/><V25/><F60/><W128/><G128/><T47/><D47/><U36/><E36/><V9/><F71/><W29/><G29/><T80/><D80/><U69/><E81/><V107/><F70/><W75/><G75/><T91/><D91/><U20/><E69/><V114/><F114/><W12/><G88/><T28/><D28/><U101/><E82/><V79/><F123/><W117/><G117/><T33/><D33/><U119/><E37/><V109/><F32/><W112/><G112/><T92/><D92/><U122/><E39/><V35/><F35/><W121/><G121/><T133/><D133/><U64/><E122/><V63/><F94/><RYUUKYOKU ba="3,1" sc="23,30,186,-10,273,-10,508,-10" hai0="4,7,40,42,53,55,61,93,95,96,98,110,111" /><INIT seed="7,4,1,2,0,120" ten="53,176,263,498" oya="3" hai0="4,35,23,48,129,102,116,123,118,38,60,0,124" hai1="108,127,5,11,17,97,42,29,52,64,20,46,55" hai2="126,25,72,14,2,43,16,69,41,112,53,66,132" hai3="82,3,84,76,87,128,33,26,47,1,73,91,57"/><W81/><G128/><T86/><D86/><U27/><E108/><V77/><F2/><W59/><G47/><T8/><D102/><U96/><E127/><V92/><F126/><W36/><G36/><T133/><D48/><N who="1" m="26711" /><E64/><V113/><F132/><W114/><G114/><N who="2" m="44137" /><F25/><W45/><G45/><T44/><D124/><U135/><E5/><V109/><F109/><W62/><G59/><T28/><D123/><U110/><E110/><V15/><F15/><W101/><G101/><T117/><D60/><U107/><E107/><V37/><F37/><W125/><G125/><T32/><D44/><U98/><E135/><V68/><F53/><N who="1" m="20553" /><E11/><N who="2" m="6239" /><F66/><W131/><G73/><T134/><D38/><U105/><E105/><V111/><F111/><W104/><G104/><T34/><D129/><U75/><E75/><V56/><F72/><W122/><G131/><T7/><D7/><U83/><E83/><V21/><F41/><W71/><G84/><T19/><D28/><AGARI ba="4,1" hai="17,20,27,28,29,96,97,98" m="20553,26711" machi="28" ten="30,2000,0" yaku="8,1,54,1" doraHai="120" who="1" fromWho="0" sc="53,-32,176,42,263,0,498,0" owari="21,-48.0,218,-18.0,263,6.0,498,60.0" /></mjloggm>