<mjloggm ver="2.3"><GO type="169" lobby="0"/><UN n0="%E3%82%A6%E3%83%AB%E3%83%88%E3%83%A9%E7%AB%8B%E7%9B%B4" n1="%E2%91%A3%E3%82%BB%E3%83%B3%E3%83%81" n2="%E3%82%A2%E3%82%B4%E3%81%A3%E3%81%A6%E3%82%93%E3%81%AE%E2%99%AA" n3="%E3%81%9F%E3%81%BE%E3%81%94%E3%81%AE%E3%81%8A%E3%81%98%E3%81%95%E3%82%93" dan="17,17,16,16" rate="2187.17,2116.73,2024.89,2146.61" sx="M,M,F,M"/><TAIKYOKU oya="0"/><INIT seed="0,0,0,2,1,34" ten="250,250,250,250" oya="0" hai0="121,69,48,106,103,55,7,23,61,40,10,37,45" hai1="102,62,18,89,127,132,46,44,75,52,80,68,91" hai2="16,82,4,83,53,13,42,15,120,81,111,109,33" hai3="129,58,66,128,64,104,133,84,119,94,101,56,25"/><T115/><D121/><U12/><E102/><V47/><F33/><W50/><G119/><T79/><D115/><U5/><E5/><V20/><F120/><W43/><G104/><T67/><D79/><U107/><E107/><V2/><F53/><W22/><G133/><T17/><D103/><U116/><E116/><V78/><F13/><W14/><G14/><T110/><D106/><U32/><E32/><V118/><F78/><W98/><G43/><T86/><D86/><U113/><E132/><V11/><REACH who="2" step="1"/><F118/><REACH who="2" ten="250,250,240,250" step="2"/><W51/><G129/><T26/><D110/><U65/><E52/><V30/><F30/><W117/><G128/><T85/><D85/><U59/><E12/><V54/><F54/><W57/><G84/><T27/><D27/><U9/><E75/><V88/><F88/><W60/><G117/><T105/><D105/><U108/><E91/><V130/><F130/><W38/><G66/><T31/><D31/><U90/><E65/><V8/><F8/><W19/><REACH who="3" step="1"/><G38/><AGARI ba="0,1" hai="2,4,11,15,16,20,38,42,47,81,82,83,109,111" machi="38" ten="40,12000,2" yaku="1,1,52,1,54,1,53,3" doraHai="34" doraHaiUra="76" who="2" fromWho="3" sc="250,0,250,0,240,130,250,-120" /><INIT seed="1,0,0,1,1,114" ten="250,250,370,130" oya="1" hai0="125,115,34,112,3,48,85,11,108,70,74,30,0" hai1="57,76,75,113,26,41,51,13,53,28,56,102,61" hai2="49,17,52,40,68,67,20,36,2,79,43,83,105" hai3="123,80,71,78,1,120,90,96,9,27,134,55,35"/><U29/><E113/><V132/><F105/><W98/><G134/><T91/><D85/><U24/><E75/><V100/><F2/><W95/><G71/><T10/><D48/><U84/><E102/><V5/><F5/><W93/><G1/><T87/><D87/><U18/><E41/><V82/><F100/><W97/><G9/><T14/><D91/><U6/><E6/><V59/><F132/><W39/><G39/><T118/><D70/><U130/><E130/><V122/><F122/><W44/><G27/><N who="1" m="10282" /><E84/><V124/><F124/><W25/><G25/><T104/><D74/><U23/><E76/><V133/><F133/><W46/><G35/><T7/><D104/><U50/><E50/><V88/><F36/><W135/><G135/><T121/><D7/><U128/><E128/><V12/><F82/><W33/><G33/><T37/><D37/><U60/><E60/><N who="2" m="38303" /><F68/><W110/><G123/><T99/><D121/><U47/><E47/><N who="2" m="27711" /><F79/><W65/><G120/><T89/><D0/><U66/><AGARI ba="0,0" hai="13,18,23,28,29,51,53,56,57,61,66" m="10282" machi="66" ten="30,1500,0" yaku="8,1" doraHai="114" who="1" fromWho="1" sc="250,-5,250,15,370,-5,130,-5" /><INIT seed="1,1,0,3,5,45" ten="245,265,365,125" oya="1" hai0="6,102,34,69,66,86,59,73,39,72,93,37,52" hai1="108,42,119,14,9,123,51,23,109,7,3,100,121" hai2="22,50,25,0,76,89,84,4,88,38,36,1,12" hai3="77,60,122,120,55,2,49,107,127,29,133,98,82"/><U44/><E100/><V15/><F76/><W13/><G2/><T131/><D34/><U96/><E96/><V24/><F22/><W46/><G133/><T58/><D69/><U19/><REACH who="1" step="1"/><E119/><REACH who="1" ten="245,255,365,125" step="2"/><V104/><F104/><W18/><G107/><T114/><D102/><U16/><E16/><V54/><F4/><W10/><G98/><T28/><D114/><U5/><E5/><V129/><F129/><W91/><G29/><T67/><D6/><U41/><E41/><V130/><F130/><W97/><G127/><T99/><D99/><U53/><E53/><V95/><F54/><W110/><G110/><AGARI ba="1,1" hai="3,7,9,14,19,23,42,44,51,108,109,110,121,123" machi="110" ten="40,12000,1" yaku="1,1,14,1,10,1,52,1,53,0" doraHai="45" doraHaiUra="101" who="1" fromWho="3" sc="245,0,255,133,365,0,125,-123" /><INIT seed="1,2,0,3,2,24" ten="245,388,365,2" oya="1" hai0="117,128,34,13,16,60,53,40,119,91,32,110,127" hai1="84,21,64,124,111,30,75,83,50,36,90,132,37" hai2="88,92,118,63,10,129,72,87,99,29,101,103,77" hai3="52,76,112,96,104,107,69,2,94,15,6,85,131"/><U35/><E35/><V4/><F118/><W108/><G112/><T45/><D53/><U105/><E105/><V14/><F129/><W70/><G2/><T133/><D60/><U1/><E1/><V26/><F72/><W7/><G131/><T42/><D45/><U135/><E124/><V68/><F68/><W122/><G122/><T95/><D95/><U20/><E64/><V123/><F63/><W93/><G108/><T115/><D91/><U18/><E75/><V73/><F73/><W114/><G114/><T59/><D59/><U23/><E111/><V130/><F130/><W81/><G70/><T125/><D115/><U25/><E50/><V9/><F9/><W62/><G94/><T126/><D110/><U49/><E49/><V100/><F123/><W79/><G79/><T74/><D74/><U51/><E51/><V89/><F77/><W66/><G52/><T116/><D128/><U43/><E43/><V109/><F109/><W113/><G113/><T106/><D106/><N who="3" m="40489" /><G15/><T12/><D16/><U28/><E18/><V120/><F120/><W5/><G5/><T44/><D44/><U102/><E102/><V0/><F0/><W67/><G67/><T121/><D121/><U134/><REACH who="1" step="1"/><E25/><REACH who="1" ten="245,378,365,2" step="2"/><V39/><F39/><AGARI ba="2,1" hai="20,21,23,28,30,36,37,39,83,84,90,132,134,135" machi="39" ten="50,12000,1" yaku="1,1,2,1,20,1,52,2,53,0" doraHai="24" doraHaiUra="61" who="1" fromWho="2" sc="245,0,378,136,365,-126,2,0" /><INIT seed="1,3,0,5,4,109" ten="245,514,239,2" oya="1" hai0="18,64,34,115,134,51,78,49,89,54,22,116,14" hai1="130,76,57,101,20,95,82,65,70,114,53,59,68" hai2="13,7,69,55,81,77,106,48,30,5,121,96,91" hai3="28,133,40,71,41,110,92,29,4,56,79,97,23"/><U107/><E107/><V88/><F69/><W31/><G71/><T11/><D34/><U124/><E65/><V131/><F121/><W67/><G110/><T111/><D115/><U16/><E130/><V8/><F131/><W0/><G133/><T15/><D111/><U83/><E124/><V113/><F113/><W108/><G108/><T58/><D116/><U25/><E114/><V74/><F30/><W63/><G79/><T47/><D134/><U126/><E126/><V104/><F5/><W46/><G0/><T38/><D38/><U86/><E59/><V33/><F33/><W127/><G4/><T99/><D78/><U27/><E27/><V42/><F42/><N who="3" m="16491" /><G46/><T102/><D102/><U135/><E135/><V43/><F43/><W60/><G60/><N who="0" m="37911" /><D51/><U39/><E39/><V35/><F35/><W80/><G80/><T123/><D123/><U6/><E6/><V94/><REACH who="2" step="1"/><F91/><REACH who="2" ten="245,514,229,2" step="2"/><N who="3" m="55455" /><G127/><T93/><D11/><U128/><E128/><V72/><F72/><W129/><G129/><T87/><D99/><U32/><E32/><V19/><F19/><W26/><AGARI ba="3,1" hai="23,26,28,29,31,56,63,67" m="55455,16491" machi="26" ten="30,1100,0" yaku="8,1" doraHai="109" who="3" fromWho="3" sc="245,-6,514,-8,229,-6,2,30" /><INIT seed="2,0,0,4,1,74" ten="239,506,223,32" oya="2" hai0="71,62,109,94,60,6,41,96,52,2,101,88,114" hai1="116,129,127,22,93,53,83,58,78,15,16,70,84" hai2="99,23,98,4,104,91,75,107,27,26,108,128,125" hai3="49,65,13,57,42,86,106,119,20,19,80,11,105"/><V55/><F75/><W10/><G119/><T73/><D73/><U81/><E70/><V40/><F40/><W37/><G106/><T89/><D114/><U95/><E116/><V121/><F4/><W63/><G105/><T12/><D2/><U61/><E129/><V5/><F5/><W113/><G113/><T111/><D41/><U38/><E38/><V18/><F128/><W50/><G37/><T39/><D39/><U1/><E1/><V34/><F121/><W36/><G36/><T54/><D12/><U66/><E127/><V43/><F43/><W135/><G135/><T24/><D24/><U90/><E61/><N who="0" m="23657" /><D6/><U48/><E66/><V85/><F125/><W67/><G67/><T9/><D9/><N who="3" m="3081" /><G42/><T130/><D71/><U8/><E8/><V100/><F108/><N who="0" m="41546" /><D130/><U45/><E45/><V112/><F112/><W97/><G97/><T132/><D132/><U44/><E44/><V131/><F131/><W33/><G33/><T82/><D101/><U110/><E110/><V68/><F68/><W56/><G56/><T25/><D25/><U134/><E134/><V120/><F120/><W3/><G3/><T51/><D51/><U47/><E47/><V87/><F55/><W29/><G29/><T0/><D0/><U102/><E102/><V117/><F117/><W14/><G14/><T30/><D30/><U35/><E35/><V92/><REACH who="2" step="1"/><F107/><REACH who="2" ten="239,506,213,32" step="2"/><W64/><G64/><T103/><D54/><U118/><E118/><V77/><F77/><AGARI ba="0,1" hai="13,19,20,49,50,57,63,65,77,80,86" m="3081" machi="77" ten="30,2000,0" yaku="8,1,52,1" doraHai="74" who="3" fromWho="2" sc="239,0,506,0,213,-20,32,30" /><INIT seed="3,0,0,2,1,104" ten="239,506,193,62" oya="3" hai0="107,114,120,96,25,28,111,102,2,95,85,27,75" hai1="106,109,105,8,71,124,4,56,82,134,54,23,70" hai2="128,6,21,90,18,84,130,40,87,26,9,47,86" hai3="123,17,125,44,133,132,135,118,41,36,30,97,37"/><W119/><G30/><T55/><D2/><U108/><E124/><V73/><F90/><W61/><G17/><T100/><D120/><U51/><E134/><V34/><F34/><W43/><G97/><T49/><D75/><U77/><E23/><V38/><REACH who="2" step="1"/><F73/><REACH who="2" ten="239,506,183,62" step="2"/><W67/><G123/><T45/><D114/><U33/><E33/><V12/><AGARI ba="0,1" hai="6,9,12,18,21,26,38,40,47,84,86,87,128,130" machi="12" ten="30,4000,0" yaku="1,1,2,1,0,1,53,0" doraHai="104" doraHaiUra="72" who="2" fromWho="2" sc="239,-10,506,-10,183,50,62,-20" /><INIT seed="4,0,0,3,5,73" ten="229,496,233,42" oya="0" hai0="34,94,57,31,96,41,43,66,118,52,114,49,9" hai1="45,11,61,113,119,72,54,46,107,84,88,74,20" hai2="110,81,19,123,37,23,131,16,89,116,76,53,129" hai3="35,128,50,13,86,77,132,100,127,44,3,67,27"/><T10/><D118/><U56/><E119/><V8/><F37/><W78/><G3/><T115/><D34/><U80/><E107/><V62/><F116/><W85/><G132/><T108/><D31/><U125/><E125/><V71/><F89/><W51/><G127/><T33/><D33/><U2/><E113/><N who="0" m="43017" /><D66/><U92/><E20/><V91/><F110/><W63/><G128/><N who="2" m="49225" /><F91/><W111/><G111/><T130/><D130/><U39/><E39/><V65/><F123/><W12/><G100/><N who="0" m="60439" /><D108/><U106/><E106/><V99/><F99/><W5/><G35/><T6/><D9/><U82/><E74/><N who="2" m="43159" /><F8/><N who="3" m="4111" /><G13/><AGARI ba="0,0" hai="6,10,13,41,43,49,52,57" m="60439,43017" machi="13" ten="30,2900,0" yaku="15,1,54,1" doraHai="73" who="0" fromWho="3" sc="229,29,496,0,233,0,42,-29" /><INIT seed="4,1,0,0,3,124" ten="258,496,233,13" oya="0" hai0="113,114,107,87,51,69,21,95,90,7,16,8,132" hai1="101,20,133,65,109,79,41,127,76,74,118,57,29" hai2="85,103,13,88,61,111,12,106,128,36,82,54,59" hai3="80,64,17,135,126,96,48,67,30,123,60,75,37"/><T40/><D69/><U117/><E41/><V86/><F111/><W50/><G37/><T26/><D107/><U100/><E109/><V46/><F36/><W134/><G126/><T70/><D70/><U99/><E127/><V112/><F112/><N who="0" m="43114" /><D132/><N who="3" m="50729" /><G123/><T56/><D40/><U42/><E42/><V104/><F128/><W15/><G30/><T92/><D51/><N who="3" m="19497" /><G96/><T122/><D56/><U31/><E99/><V18/><F46/><W35/><G35/><T11/><D122/><U89/><E57/><V5/><F103/><W39/><G39/><T45/><D45/><U77/><E133/><V55/><F55/><W68/><G67/><T105/><D105/><U38/><E65/><V3/><F3/><W119/><G119/><T53/><D53/><U130/><E38/><V52/><F54/><W47/><G47/><T33/><D33/><U108/><E101/><V0/><F0/><W121/><G121/><T10/><D92/><U32/><E32/><V84/><F106/><W73/><G80/><T6/><AGARI ba="1,0" hai="6,7,8,10,11,16,21,26,87,90,95" m="43114" machi="6" ten="40,3900,0" yaku="15,1,54,1" doraHai="124" who="0" fromWho="0" sc="258,42,496,-14,233,-14,13,-14" owari="300,10.0,482,58.0,219,-18.0,-1,-50.0" /></mjloggm>