<mjloggm ver="2.3"><GO type="169" lobby="0"/><UN n0="%E5%B0%B1%E6%B4%BB%E7%94%9F%40%E5%B7%9D%E6%9D%91%E8%BB%8D%E5%9B%A3" n1="%E5%BC%B1%E5%B0%8F%E9%9B%80%E8%8D%98%E5%BA%97%E5%93%A1" n2="%E3%83%9F%E3%82%B9%E3%83%86%E3%82%A3%E3%82%B3" n3="%E3%83%95%E3%82%A7%E3%83%AB%E3%83%8A%E3%83%B3%E3%83%89" dan="19,16,16,17" rate="2351.95,2119.56,2068.62,2147.51" sx="M,M,M,M"/><TAIKYOKU oya="0"/><INIT seed="0,0,0,4,2,101" ten="250,250,250,250" oya="0" hai0="118,46,94,66,28,61,54,37,112,0,77,97,115" hai1="76,20,63,17,50,45,11,103,64,107,67,9,24" hai2="73,8,86,131,23,114,7,30,74,36,42,104,135" hai3="78,25,13,2,58,95,29,99,41,109,33,14,80"/><T35/><D118/><U26/><E76/><V96/><F114/><W92/><G2/><T60/><D0/><U113/><E113/><V108/><F135/><W133/><G133/><T15/><D77/><U121/><E121/><V124/><F131/><W39/><G109/><T47/><D35/><U56/><E67/><V84/><F108/><W93/><G58/><T57/><D28/><U32/><E32/><V88/><F124/><W116/><G99/><T43/><D15/><U85/><E26/><V49/><F36/><W82/><G116/><T125/><D125/><U31/><E17/><V3/><F86/><W132/><G82/><T19/><D19/><U75/><E75/><V12/><F42/><W51/><G39/><T68/><REACH who="0" step="1"/><D46/><REACH who="0" ten="240,250,250,250" step="2"/><U22/><E45/><V102/><F49/><W5/><G132/><T10/><D10/><U128/><E11/><V129/><F129/><W27/><G33/><T90/><AGARI ba="0,1" hai="37,43,47,54,57,60,61,66,68,90,94,97,112,115" machi="90" ten="20,7800,0" yaku="1,1,0,1,7,1,53,1" doraHai="101" doraHaiUra="70" who="0" fromWho="0" sc="240,88,250,-26,250,-26,250,-26" /><INIT seed="0,1,0,2,5,89" ten="328,224,224,224" oya="0" hai0="112,17,48,16,29,57,72,22,124,134,32,0,107" hai1="56,105,96,131,5,51,119,30,35,92,11,63,102" hai2="45,8,98,39,101,61,42,14,87,91,93,82,77" hai3="49,133,69,47,50,109,104,31,126,67,79,88,114"/><T71/><D71/><U23/><E119/><V128/><F128/><W111/><G114/><T25/><D107/><U62/><E131/><V53/><F53/><W117/><G117/><T26/><D72/><U97/><E35/><V12/><F61/><W116/><G116/><T80/><D112/><U52/><E23/><V110/><F110/><N who="3" m="41995" /><G104/><T68/><D68/><U85/><E30/><V65/><F65/><W55/><G133/><T44/><D0/><U27/><E27/><V6/><REACH who="2" step="1"/><F14/><REACH who="2" ten="328,224,214,224" step="2"/><W59/><G67/><T99/><D134/><U125/><E125/><V127/><F127/><W37/><G126/><T20/><D124/><U130/><E130/><V10/><F10/><W9/><G9/><T70/><D70/><U100/><REACH who="1" step="1"/><E85/><REACH who="1" ten="328,214,214,224" step="2"/><V46/><F46/><W54/><G47/><T106/><D44/><U81/><E81/><V58/><F58/><W76/><G59/><T13/><D80/><U21/><E21/><V33/><F33/><W74/><G69/><T66/><D32/><U121/><E121/><V41/><F41/><W7/><G74/><T28/><D57/><U132/><E132/><V108/><F108/><W90/><G54/><T3/><D22/><U113/><E113/><V19/><F19/><W18/><G18/><T40/><D20/><U75/><E75/><V73/><F73/><W24/><G55/><T78/><D17/><U123/><E123/><V95/><F95/><W64/><G64/><T2/><D16/><U118/><E118/><V122/><F122/><W36/><G31/><T129/><D66/><U15/><AGARI ba="1,2" hai="5,11,15,51,52,56,62,63,92,96,97,100,102,105" machi="15" ten="20,12000,2" yaku="1,1,0,1,7,1,52,1,54,1,53,1" doraHai="89" doraHaiUra="4" who="1" fromWho="1" sc="328,-61,214,143,214,-31,224,-31" /><INIT seed="1,0,0,4,4,19" ten="267,357,183,193" oya="1" hai0="117,62,130,12,64,13,63,32,15,101,133,18,97" hai1="87,25,134,105,58,17,128,21,89,80,1,122,120" hai2="37,70,100,116,5,84,106,0,48,60,131,91,103" hai3="72,4,53,30,55,92,34,113,51,123,45,86,96"/><U99/><E1/><V11/><F131/><W20/><G72/><T78/><D32/><U24/><E128/><V56/><F116/><W50/><G123/><T129/><D117/><U59/><E134/><V22/><F37/><W118/><G118/><T42/><D133/><U85/><E85/><V76/><F76/><W7/><G113/><T67/><D78/><U112/><E112/><V125/><F125/><W9/><G34/><T44/><D63/><U98/><E25/><V82/><F106/><W135/><G135/><T61/><D61/><U68/><E68/><V74/><F74/><W6/><G86/><T38/><D67/><U114/><E114/><V47/><F70/><W79/><G79/><T69/><REACH who="0" step="1"/><D18/><REACH who="0" ten="257,357,183,193" step="2"/><U31/><E17/><V16/><F60/><W36/><G36/><T119/><D119/><U23/><E122/><V33/><F33/><W110/><G51/><T35/><D35/><U95/><E120/><V52/><REACH who="2" step="1"/><F47/><REACH who="2" ten="257,357,173,193" step="2"/><W14/><G45/><T83/><D83/><U109/><E80/><V88/><F88/><W81/><G81/><T108/><D108/><U10/><E109/><V27/><AGARI ba="0,2" hai="0,5,11,16,22,27,48,52,56,82,84,91,100,103" machi="27" ten="20,12000,2" yaku="1,1,0,1,7,1,52,1,54,2,53,0" doraHai="19" doraHaiUra="115" who="2" fromWho="2" sc="257,-30,357,-60,173,140,193,-30" /><INIT seed="2,0,0,4,4,16" ten="227,297,313,163" oya="2" hai0="36,37,131,13,29,76,86,72,23,4,19,103,97" hai1="54,31,50,21,9,100,99,49,98,12,0,113,111" hai2="79,101,125,119,128,122,34,61,77,17,104,53,80" hai3="85,102,124,39,33,94,7,109,56,88,134,96,92"/><V64/><F34/><W67/><G33/><T18/><D72/><U60/><E113/><V126/><F122/><W8/><G39/><T105/><D131/><U11/><E111/><V52/><F119/><W48/><G109/><T62/><D4/><U57/><E0/><V132/><F101/><W35/><G35/><T112/><D29/><U129/><E129/><V114/><F104/><W135/><G124/><N who="2" m="47721" /><F114/><W82/><G82/><T27/><D112/><U91/><E91/><V58/><F128/><W20/><G20/><T24/><D24/><N who="1" m="16783" /><E9/><V43/><F43/><W81/><G81/><T15/><D27/><U38/><E38/><V41/><F41/><W78/><G78/><N who="2" m="29705" /><F80/><W89/><G102/><T6/><D76/><U5/><E100/><V108/><F132/><N who="3" m="50731" /><G67/><T44/><D103/><U75/><E75/><V121/><F121/><W93/><G94/><T106/><D36/><U46/><E50/><V130/><F130/><W70/><G70/><T45/><D37/><U28/><E28/><V42/><F42/><AGARI ba="0,0" hai="5,11,12,42,46,49,54,57,60,98,99" m="16783" machi="42" ten="30,2000,0" yaku="8,1,52,1" doraHai="16" who="1" fromWho="2" sc="227,0,297,20,313,-20,163,0" /><INIT seed="3,0,0,4,3,15" ten="227,317,293,163" oya="3" hai0="79,78,110,101,103,106,90,29,8,28,57,126,51" hai1="112,41,82,76,109,96,35,52,123,32,115,71,87" hai2="129,63,46,65,107,40,20,81,0,130,31,49,23" hai3="94,25,120,43,88,89,18,22,9,61,55,84,83"/><W117/><G117/><T36/><D110/><U134/><E109/><V60/><F107/><W24/><G120/><T124/><D36/><U54/><E123/><V95/><F0/><W128/><G128/><N who="2" m="49257" /><F31/><N who="0" m="11850" /><D90/><U56/><E71/><N who="2" m="42407" /><F63/><W33/><G43/><T104/><D8/><U92/><E134/><V102/><F81/><W7/><G33/><T68/><D51/><U58/><E41/><V67/><F67/><W122/><G122/><T26/><D26/><U37/><E37/><V17/><F102/><N who="0" m="38922" /><D57/><U64/><E58/><V59/><F95/><W70/><G25/><T74/><D74/><U2/><E2/><V118/><F59/><N who="3" m="35071" /><G70/><T13/><D13/><U108/><E108/><V48/><F118/><W38/><G38/><T21/><D21/><U121/><E35/><V19/><F49/><W6/><G9/><T75/><D75/><U100/><E32/><V30/><F30/><W111/><G111/><T62/><D62/><N who="1" m="37959" /><E121/><V116/><F116/><W93/><G83/><T45/><D45/><U44/><E44/><V135/><F135/><W73/><G73/><T99/><D68/><U4/><E82/><V1/><F1/><W98/><AGARI ba="0,0" hai="6,7,18,22,24,84,88,89,93,94,98" m="35071" machi="98" ten="30,11700,0" yaku="25,1,8,1,52,1,54,1" doraHai="15" who="3" fromWho="3" sc="227,-39,317,-39,293,-39,163,117" /><INIT seed="3,1,0,3,0,108" ten="188,278,254,280" oya="3" hai0="9,59,109,127,125,117,16,135,67,95,120,93,13" hai1="81,42,57,53,74,15,96,72,32,47,29,85,45" hai2="94,22,35,134,60,49,56,102,84,28,20,65,89" hai3="83,90,26,17,8,122,87,88,76,114,0,107,4"/><W19/><G122/><T62/><D120/><U106/><E15/><V33/><F134/><W64/><G107/><T69/><D117/><U6/><E6/><V100/><F35/><W118/><G118/><T98/><D109/><U54/><E47/><V110/><F110/><W113/><G64/><T61/><D135/><U39/><E54/><V129/><F33/><W7/><G7/><T12/><D12/><U52/><E53/><V21/><F129/><W119/><G119/><T75/><D75/><U92/><E106/><V123/><F123/><W44/><G44/><T30/><D30/><U14/><E14/><V128/><F128/><W77/><G90/><T101/><REACH who="0" step="1"/><D93/><REACH who="0" ten="178,278,254,280" step="2"/><U3/><E29/><V25/><F28/><W43/><G43/><T115/><D115/><U38/><E74/><V131/><F131/><W5/><G5/><T58/><D58/><U105/><E72/><V51/><F25/><W112/><REACH who="3" step="1"/><G26/><REACH who="3" ten="178,278,254,270" step="2"/><T78/><D78/><AGARI ba="1,2" hai="0,4,8,17,19,76,77,78,83,87,88,112,113,114" machi="78" ten="40,18000,2" yaku="1,1,2,1,52,3,54,1,53,0" doraHai="108" doraHaiUra="99" who="3" fromWho="0" sc="178,-183,278,0,254,0,270,203" owari="-5,-51.0,278,8.0,254,-15.0,473,58.0" /></mjloggm>