<mjloggm ver="2.3"><GO type="169" lobby="0"/><UN n0="%E3%83%88%E3%83%88%E3%83%AA%E5%85%88%E7%94%9F%31%39%E6%AD%B3" n1="%64%33%76%64%72" n2="%E3%83%95%E3%83%BC%E3%82%AC" n3="%E3%83%AF%E3%82%A4%E5%B0%86" dan="18,17,16,17" rate="2267.48,2141.64,2157.64,2198.45" sx="F,M,M,F"/><TAIKYOKU oya="0"/><INIT seed="0,0,0,4,2,30" ten="250,250,250,250" oya="0" hai0="22,4,129,78,72,8,67,54,99,89,43,86,0" hai1="46,18,85,1,115,120,56,65,40,11,60,64,91" hai2="132,68,70,37,102,32,133,83,75,48,124,108,93" hai3="9,31,110,81,47,36,12,21,125,106,131,45,23"/><T50/><D129/><U14/><E120/><V51/><F108/><W112/><G112/><T41/><D67/><U63/><E115/><V126/><F102/><W29/><G106/><T17/><D99/><U2/><E40/><V39/><F93/><W49/><G36/><N who="2" m="13897" /><F83/><W10/><G81/><T95/><D78/><U3/><E46/><V84/><F84/><W6/><G49/><N who="2" m="19017" /><F32/><W96/><G96/><T13/><REACH who="0" step="1"/><D72/><REACH who="0" ten="240,250,250,250" step="2"/><U113/><E113/><V109/><F75/><W15/><G131/><T88/><D88/><U107/><E91/><V87/><F109/><W100/><G100/><T121/><D121/><U66/><E85/><V52/><F87/><W62/><G110/><T59/><AGARI ba="0,1" hai="0,4,8,13,17,22,41,43,50,54,59,86,89,95" machi="59" ten="20,12000,1" yaku="1,1,0,1,7,1,25,2,53,0" doraHai="30" doraHaiUra="122" who="0" fromWho="0" sc="240,130,250,-40,250,-40,250,-40" /><INIT seed="0,1,0,1,2,105" ten="370,210,210,210" oya="0" hai0="1,45,58,7,40,17,92,115,57,31,131,94,74" hai1="9,107,90,112,62,21,70,32,56,99,46,91,88" hai2="68,104,36,6,95,76,27,20,116,24,85,65,59" hai3="12,63,38,98,89,15,101,34,103,64,0,73,117"/><T106/><D115/><U93/><E32/><V4/><F104/><W114/><G0/><T66/><D106/><U29/><E112/><V97/><F68/><W113/><G38/><T33/><D131/><U110/><E70/><V129/><F36/><W22/><G34/><T77/><D17/><U50/><E107/><V2/><F27/><W125/><G89/><T69/><D69/><U43/><E9/><V54/><F65/><W44/><G44/><T120/><D120/><U135/><E135/><V16/><F2/><W19/><G63/><T82/><D31/><U25/><REACH who="1" step="1"/><E110/><REACH who="1" ten="370,200,210,210" step="2"/><V86/><F129/><W41/><G114/><T28/><D33/><U37/><E37/><V87/><F116/><W79/><G117/><T8/><D28/><U96/><E96/><V134/><F134/><W14/><G98/><T100/><D100/><U111/><E111/><V124/><F124/><W5/><G103/><T23/><D23/><U51/><E51/><N who="2" m="31199" /><F76/><W71/><G101/><AGARI ba="1,1" hai="4,6,16,20,24,85,86,87,95,97,101" m="31199" machi="101" ten="30,2000,0" yaku="8,1,54,1" doraHai="105" who="2" fromWho="3" sc="370,0,200,0,210,33,210,-23" /><INIT seed="1,0,0,1,0,91" ten="370,200,243,187" oya="1" hai0="28,108,43,120,129,49,25,66,94,99,128,37,3" hai1="52,54,26,22,20,9,36,81,110,95,74,73,123" hai2="19,17,75,60,71,107,34,44,117,23,78,96,21" hai3="86,1,70,24,82,10,14,2,115,106,134,111,72"/><U93/><E123/><V8/><F34/><W11/><G115/><T68/><D3/><U135/><E36/><V31/><F117/><W102/><G72/><T53/><D120/><U32/><E32/><V45/><F31/><W18/><G111/><T59/><D108/><U46/><E110/><V118/><F118/><W103/><G134/><T33/><D37/><U130/><E9/><V29/><F29/><W89/><G70/><T101/><D43/><U126/><E135/><V41/><F8/><W61/><G61/><T105/><D94/><N who="1" m="35851" /><E26/><V131/><F23/><N who="1" m="8745" /><E46/><V7/><F45/><W97/><G24/><T114/><D114/><U57/><E57/><V62/><F44/><W6/><G102/><T27/><D27/><U55/><E81/><V80/><F21/><W47/><G47/><T132/><D132/><U77/><E77/><V15/><F80/><W4/><G4/><T79/><D79/><U0/><E0/><AGARI ba="0,0" hai="0,1,2,6,10,11,14,18,82,86,89,97,103,106" machi="0" ten="30,1000,0" yaku="7,1" doraHai="91" who="3" fromWho="1" sc="370,0,200,-10,243,0,187,10" /><INIT seed="2,0,0,2,1,6" ten="370,190,243,197" oya="2" hai0="123,134,104,31,43,38,100,106,35,10,42,76,74" hai1="129,131,117,55,53,26,127,94,120,44,69,101,111" hai2="45,13,52,113,98,118,70,2,73,58,75,71,91" hai3="34,97,33,125,112,3,110,64,37,102,56,81,9"/><V109/><F2/><W0/><G37/><T47/><D123/><U32/><E69/><V90/><F113/><W122/><G122/><T79/><D134/><U51/><E120/><V135/><F118/><W14/><G110/><T103/><D31/><N who="1" m="19575" /><E117/><V20/><F135/><W61/><G125/><T77/><D35/><U96/><E127/><V27/><F109/><W5/><G112/><T72/><D47/><U124/><E124/><V46/><F70/><W25/><G34/><T40/><D10/><U82/><E111/><V115/><F71/><W18/><G81/><T85/><D85/><U62/><E82/><V17/><F115/><W19/><G19/><T99/><D38/><U132/><E132/><V92/><F90/><W95/><REACH who="3" step="1"/><G18/><REACH who="3" ten="370,190,243,187" step="2"/><T30/><D30/><AGARI ba="0,1" hai="0,3,5,9,14,25,30,33,56,61,64,95,97,102" machi="30" ten="40,5200,0" yaku="1,1,2,1,52,1,53,0" doraHai="6" doraHaiUra="15" who="3" fromWho="0" sc="370,-52,190,0,243,0,187,62" /><INIT seed="3,0,0,2,0,33" ten="318,190,243,249" oya="3" hai0="20,5,99,113,8,72,108,96,34,15,91,26,90" hai1="17,97,51,83,48,12,102,39,7,66,111,105,14" hai2="53,88,94,85,11,63,122,129,37,120,70,118,10" hai3="25,41,95,109,47,58,71,23,126,13,6,42,128"/><W123/><G71/><T57/><D113/><U86/><E39/><V68/><F118/><W49/><G123/><N who="2" m="47145" /><F129/><W101/><G128/><T45/><D72/><U77/><E111/><V93/><F37/><W130/><G130/><T67/><D34/><U124/><E124/><V31/><F31/><W16/><G126/><T36/><D108/><U75/><E66/><N who="2" m="41055" /><F70/><W30/><G6/><T69/><D69/><U3/><E75/><V106/><F106/><W73/><G73/><T27/><D27/><U29/><E29/><V115/><F115/><W87/><G109/><T112/><D112/><U64/><E64/><V131/><F131/><W1/><G1/><T28/><D36/><U18/><E14/><V98/><F53/><N who="3" m="32047" /><G47/><T2/><D2/><U78/><E78/><V9/><F9/><N who="3" m="6191" /><G87/><T132/><D45/><U82/><E3/><V134/><F134/><W54/><G54/><T127/><D132/><U133/><E133/><V89/><AGARI ba="0,0" hai="10,11,85,88,89,93,94,98" m="41055,47145" machi="89" ten="30,2000,0" yaku="13,1,54,1" doraHai="33" who="2" fromWho="2" sc="318,-5,190,-5,243,20,249,-10" /><INIT seed="4,0,0,2,4,135" ten="313,185,263,239" oya="0" hai0="108,71,32,57,107,117,49,59,131,88,101,83,8" hai1="105,15,41,62,28,98,13,111,124,79,100,40,39" hai2="89,37,82,47,110,122,92,129,132,76,16,27,26" hai3="44,109,128,33,96,17,80,85,56,115,54,50,58"/><T103/><D117/><U70/><E111/><V61/><F110/><W30/><G109/><T123/><D123/><U91/><E79/><V14/><F122/><W113/><G128/><T2/><D71/><U65/><E40/><V78/><F129/><W24/><G96/><T104/><D32/><U127/><E91/><V74/><F78/><W9/><G9/><T0/><D131/><U112/><E112/><N who="3" m="43082" /><G17/><T99/><D108/><U94/><E94/><V69/><F132/><W38/><G38/><T67/><D67/><U60/><E60/><V36/><F69/><W116/><G116/><T133/><D133/><U134/><E134/><V119/><F61/><W12/><G12/><T68/><D68/><U6/><E28/><V55/><F37/><W4/><G4/><T66/><D66/><U23/><E6/><V3/><F3/><W43/><G43/><T1/><D8/><U125/><E23/><V87/><F119/><W84/><G84/><T42/><D42/><U77/><E77/><AGARI ba="0,0" hai="24,30,33,44,50,54,56,58,77,80,85" m="43082" machi="77" ten="30,1000,0" yaku="15,1" doraHai="135" who="3" fromWho="1" sc="313,0,185,-10,263,0,239,10" /><INIT seed="5,0,0,0,0,68" ten="313,175,263,249" oya="1" hai0="77,126,124,113,61,45,0,39,72,6,59,114,58" hai1="7,49,9,132,10,40,93,135,31,65,60,109,15" hai2="117,48,54,104,71,131,14,74,79,44,122,63,123" hai3="91,53,30,103,67,24,88,87,1,34,33,127,20"/><U62/><E109/><V47/><F104/><W96/><G127/><N who="0" m="48683" /><D6/><U119/><E119/><V36/><F74/><W22/><G1/><T105/><D0/><U76/><E31/><V80/><F79/><W16/><G67/><N who="0" m="39351" /><D105/><U8/><E76/><V27/><F27/><W41/><G41/><N who="0" m="22719" /><D77/><U17/><E93/><V86/><F117/><W21/><G21/><T102/><D102/><U116/><E116/><V110/><F110/><W26/><G53/><T111/><D111/><U107/><E107/><V73/><F54/><W28/><G28/><T121/><D72/><U55/><E40/><V130/><F73/><W97/><G91/><T38/><D38/><U92/><E92/><V3/><F36/><W29/><G29/><T42/><D42/><U64/><E64/><V37/><F37/><W120/><G120/><T12/><D12/><U46/><E7/><V98/><F122/><W128/><G128/><T35/><D35/><U13/><E13/><V75/><F123/><W11/><G11/><N who="1" m="4170" /><E65/><V57/><F14/><W69/><G103/><T89/><D89/><U43/><E43/><V99/><F131/><W70/><G30/><T101/><D101/><U134/><AGARI ba="0,0" hai="10,15,17,46,49,55,60,62,132,134,135" m="4170" machi="134" ten="40,2100,0" yaku="20,1" doraHai="68" who="1" fromWho="1" sc="313,-7,175,21,263,-7,249,-7" /><INIT seed="5,1,0,5,3,83" ten="306,196,256,242" oya="1" hai0="50,10,86,39,31,116,33,112,71,57,95,114,96" hai1="115,19,6,0,61,133,76,1,35,7,13,4,42" hai2="127,17,89,18,32,75,104,40,120,131,90,46,118" hai3="28,30,26,72,105,5,81,101,94,67,109,99,78"/><U91/><E76/><V79/><F32/><W24/><G109/><T16/><D116/><U64/><E35/><V56/><F104/><W110/><G110/><T22/><D39/><U65/><E133/><V2/><F2/><W15/><G67/><T128/><D71/><U51/><E115/><N who="0" m="44073" /><D128/><U34/><E34/><V117/><F120/><W102/><G102/><T74/><D74/><U106/><E106/><V84/><F75/><W119/><G119/><T93/><D10/><U63/><E1/><V11/><F131/><W132/><G132/><T48/><D57/><U69/><E0/><V20/><F118/><W123/><G123/><T23/><D23/><U126/><E126/><V125/><F56/><W55/><G55/><T107/><D107/><U59/><E91/><N who="2" m="34827" /><F11/><W62/><G105/><T77/><D31/><U47/><REACH who="1" step="1"/><E6/><REACH who="1" ten="306,186,256,242" step="2"/><V121/><F117/><W45/><G5/><T36/><D33/><U12/><E12/><V21/><F121/><W66/><G15/><T3/><D77/><U92/><E92/><V49/><F125/><W129/><G129/><T41/><D93/><U25/><E25/><V130/><F127/><W54/><G26/><T87/><D3/><U103/><E103/><V38/><F130/><W8/><G24/><T73/><D95/><U37/><E37/><V9/><F38/><W60/><G94/><T135/><D135/><U134/><E134/><V43/><F79/><W108/><G78/><T68/><D36/><U70/><E70/><V27/><F27/><W122/><G122/><T124/><D124/><U88/><E88/><V82/><F82/><RYUUKYOKU ba="1,1" sc="306,-10,186,30,256,-10,242,-10" hai1="4,7,13,19,42,47,51,59,61,63,64,65,69" /><INIT seed="5,2,1,3,5,61" ten="296,216,246,232" oya="1" hai0="95,94,76,3,6,54,74,43,41,2,62,88,50" hai1="68,84,36,101,20,29,64,44,8,37,31,25,60" hai2="115,63,70,40,47,120,24,12,4,57,111,133,73" hai3="69,16,17,9,125,97,11,52,45,119,46,18,35"/><U56/><E31/><V14/><F111/><W58/><G69/><T26/><D94/><U5/><E68/><V131/><F120/><W30/><G125/><T49/><D26/><U53/><E101/><V100/><F73/><W80/><G119/><T81/><D62/><U19/><E29/><V114/><F70/><W118/><G118/><T0/><D6/><U127/><E127/><V105/><F133/><W71/><G71/><T22/><D22/><U91/><E44/><V28/><F131/><W87/><G97/><T110/><D110/><U82/><REACH who="1" step="1"/><E53/><REACH who="1" ten="296,206,246,232" step="2"/><V55/><F100/><W15/><G30/><T96/><D54/><U132/><E132/><V27/><F28/><W102/><G102/><T7/><D43/><U107/><E107/><V42/><F105/><W85/><G35/><T128/><D41/><U23/><E23/><V66/><F42/><W72/><G45/><T48/><D128/><U67/><E67/><V122/><F55/><W108/><G46/><T124/><D124/><U77/><E77/><V134/><F134/><W117/><G117/><T112/><D112/><U135/><E135/><V51/><F114/><W130/><G130/><T126/><D126/><U59/><E59/><V34/><F34/><W39/><G108/><T99/><D76/><U116/><E116/><V10/><F115/><W113/><G113/><T78/><D78/><U33/><E33/><V65/><F65/><W129/><G129/><T93/><D88/><U92/><E92/><V75/><F40/><W109/><G109/><T1/><D93/><U32/><E32/><V13/><F66/><RYUUKYOKU ba="2,2" sc="296,-10,206,30,246,-10,232,-10" hai1="5,8,19,20,25,36,37,56,60,64,82,84,91" /><INIT seed="5,3,2,5,2,117" ten="286,236,236,222" oya="1" hai0="28,33,14,76,102,125,79,115,15,8,126,9,97" hai1="17,114,78,99,106,83,20,91,42,92,13,129,75" hai2="112,31,100,48,16,77,6,105,101,107,5,26,67" hai3="104,127,27,133,36,82,108,30,116,46,62,84,118"/><U71/><E114/><V85/><F112/><W47/><G108/><T119/><D119/><N who="3" m="45609" /><G133/><T58/><D115/><U3/><E129/><V51/><F105/><W50/><G127/><N who="0" m="48651" /><D58/><U45/><E3/><V41/><F67/><W38/><G104/><N who="0" m="63567" /><D28/><U120/><E106/><V88/><F77/><N who="3" m="46159" /><G62/><T96/><D96/><U25/><E71/><V72/><F107/><W40/><G47/><T34/><D14/><U70/><E70/><V0/><F0/><W65/><G65/><T95/><D9/><U43/><E120/><V2/><F31/><W19/><G19/><N who="0" m="8679" /><D95/><U80/><E80/><V49/><F2/><W113/><G113/><T89/><D89/><U56/><E56/><V87/><F100/><W94/><G94/><T74/><D74/><U130/><E130/><V23/><F72/><W63/><G63/><T37/><D37/><U7/><REACH who="1" step="1"/><E45/><REACH who="1" ten="286,226,236,222" step="2"/><V135/><F135/><W121/><G121/><T10/><D79/><U128/><E128/><V35/><F41/><W73/><G73/><T90/><D76/><U24/><E24/><V110/><F26/><W12/><G12/><T64/><D64/><U22/><E22/><AGARI ba="3,3" hai="22,27,30,36,38,40,46,50" m="46159,45609" machi="22" ten="30,1000,0" yaku="12,1" doraHai="117" who="3" fromWho="1" sc="286,0,226,-19,236,0,222,49" /><INIT seed="6,0,0,5,2,103" ten="286,207,236,271" oya="2" hai0="104,8,67,12,27,124,106,99,133,22,134,45,32" hai1="17,109,114,36,2,135,49,116,56,68,39,37,130" hai2="107,111,75,76,54,55,9,119,110,53,74,51,112" hai3="11,42,25,43,89,72,16,125,5,113,132,14,52"/><V126/><F119/><W128/><G72/><N who="2" m="27689" /><F76/><W3/><G113/><T101/><D32/><U41/><E2/><V70/><F51/><W96/><G128/><T58/><D124/><U95/><E116/><V121/><F9/><W60/><G125/><T80/><D80/><U47/><E130/><V69/><F126/><W19/><G132/><N who="0" m="50795" /><D45/><U84/><E135/><V13/><F13/><W65/><G65/><T0/><D0/><U33/><E33/><V91/><F91/><W118/><G118/><T30/><D67/><U100/><E114/><V92/><F92/><N who="3" m="56335" /><G3/><T97/><D58/><U71/><E56/><V105/><F121/><W66/><G66/><T123/><D123/><U6/><E6/><V29/><F29/><W26/><G5/><N who="0" m="3087" /><D99/><U87/><E71/><N who="2" m="27147" /><F112/><W64/><G64/><T73/><D73/><U57/><E68/><V98/><F98/><W129/><G129/><T35/><D35/><U15/><E57/><V93/><F93/><AGARI ba="0,0" hai="22,27,30,93,97,101,104,106" m="3087,50795" machi="93" ten="30,3900,0" yaku="20,1,52,2" doraHai="103" who="0" fromWho="2" sc="286,39,207,0,236,-39,271,0" /><INIT seed="7,0,0,3,2,95" ten="325,207,197,271" oya="3" hai0="26,72,88,28,99,38,46,76,125,97,110,135,89" hai1="52,27,132,69,51,2,13,35,62,31,87,109,9" hai2="61,129,81,65,8,40,121,119,37,74,128,113,32" hai3="39,53,0,107,130,84,20,127,43,18,57,34,133"/><W49/><G34/><T67/><D110/><U58/><E109/><V92/><F119/><W83/><G107/><T123/><D123/><U56/><E69/><V94/><F32/><W7/><G130/><N who="2" m="50281" /><F113/><W106/><G106/><T63/><D135/><U73/><E132/><V60/><F121/><W80/><G133/><T82/><D125/><U78/><E73/><V79/><F37/><W1/><G127/><T33/><D38/><U68/><E68/><N who="2" m="42023" /><F40/><W66/><G66/><T101/><D46/><U75/><E75/><V48/><F48/><W111/><G111/><T22/><D22/><U11/><E2/><V36/><F36/><W47/><G7/><T19/><D19/><U25/><E25/><V24/><F24/><W12/><G83/><T16/><D16/><U21/><E35/><V86/><F61/><W50/><G50/><T134/><D134/><U44/><E62/><V117/><F117/><W71/><G71/><N who="0" m="42495" /><D99/><U131/><E131/><V55/><F55/><W10/><G20/><T77/><D76/><AGARI ba="0,0" hai="0,1,10,12,18,39,43,47,49,53,57,76,80,84" machi="76" ten="30,1500,0" yaku="7,1" doraHai="95" who="3" fromWho="0" sc="325,-15,207,0,197,0,271,15" /><INIT seed="7,1,0,5,0,113" ten="310,207,197,286" oya="3" hai0="18,96,63,97,79,22,122,25,118,49,58,15,40" hai1="72,23,133,127,89,124,125,92,47,24,90,85,39" hai2="69,36,129,121,19,84,93,78,45,13,16,38,82" hai3="95,29,76,100,34,52,131,42,66,80,55,67,9"/><W74/><G131/><T62/><D118/><U31/><E90/><V3/><F3/><W77/><G42/><T105/><D122/><U11/><E72/><V60/><F129/><W44/><G77/><T35/><D35/><U123/><E123/><V56/><F69/><W65/><G44/><N who="0" m="25735" /><D105/><U91/><E91/><V75/><F121/><W88/><G100/><T73/><D73/><U26/><E26/><V134/><F134/><W98/><G9/><N who="0" m="6511" /><D79/><U130/><E130/><V101/><F45/><W37/><G37/><T115/><D115/><U54/><E133/><V48/><F48/><W108/><G108/><T0/><D0/><U50/><E11/><V70/><F70/><W87/><G74/><T43/><D43/><U106/><REACH who="1" step="1"/><E106/><REACH who="1" ten="310,197,197,286" step="2"/><V64/><F75/><W103/><G76/><T135/><D135/><U116/><E116/><V32/><F32/><W61/><G34/><T5/><D25/><U109/><E109/><V7/><F38/><AGARI ba="1,1" hai="23,24,31,38,39,47,50,54,85,89,92,124,125,127" machi="38" ten="40,2600,0" yaku="1,1,18,1,53,0" doraHai="113" doraHaiUra="102" who="1" fromWho="2" sc="310,0,197,39,197,-29,286,0" owari="310,40.0,236,-16.0,168,-33.0,286,9.0" /></mjloggm>