<mjloggm ver="2.3"><GO type="169" lobby="0"/><UN n0="%67%6F%64%61%69" n1="%E9%9C%9E%E3%83%B6%E4%B8%98%E8%A9%A9%E9%9B%A8" n2="%E3%82%A6%E3%83%AB%E3%83%88%E3%83%A9%E7%AB%8B%E7%9B%B4" n3="%42%6C%75%65%2D%4A%61%6D" dan="16,16,17,16" rate="2131.27,2091.99,2209.95,2080.64" sx="M,F,M,M"/><TAIKYOKU oya="0"/><INIT seed="0,0,0,5,1,81" ten="250,250,250,250" oya="0" hai0="18,35,102,40,57,85,20,76,0,91,34,36,46" hai1="25,9,12,54,27,99,123,39,71,33,98,114,89" hai2="21,58,41,26,73,11,109,86,107,120,70,13,93" hai3="118,131,62,126,72,8,17,106,68,38,84,42,1"/><T37/><D0/><U105/><E123/><V50/><F70/><W52/><G118/><T134/><D134/><U55/><E71/><V77/><F107/><W30/><G30/><T32/><D76/><U133/><E39/><V88/><F120/><W115/><G72/><T65/><D102/><U82/><E133/><V94/><F77/><W3/><G106/><T2/><D2/><U23/><E33/><V56/><F73/><W63/><G63/><T129/><D129/><U24/><E23/><V108/><F94/><W28/><G28/><T79/><D79/><U90/><E114/><V75/><F75/><W130/><G115/><T15/><D65/><U16/><E105/><V7/><F41/><W22/><G8/><T80/><REACH who="0" step="1"/><D57/><REACH who="0" ten="240,250,250,250" step="2"/><U87/><E90/><V53/><REACH who="2" step="1"/><F58/><REACH who="2" ten="240,250,240,250" step="2"/><W92/><G131/><T45/><D45/><U96/><AGARI ba="0,2" hai="9,12,16,24,25,27,54,55,82,87,89,96,98,99" machi="96" ten="30,7900,0" yaku="0,1,8,1,52,1,54,1" doraHai="81" who="1" fromWho="1" sc="240,-39,250,99,240,-20,250,-20" /><INIT seed="1,0,0,3,2,53" ten="201,349,220,230" oya="1" hai0="68,72,70,49,117,123,24,62,80,40,48,109,3" hai1="8,102,83,76,44,5,116,46,12,71,104,21,0" hai2="14,55,105,113,37,130,77,35,95,91,6,73,131" hai3="42,122,132,64,101,119,78,9,1,82,79,52,4"/><U36/><E116/><V93/><F35/><W59/><G122/><T133/><D3/><U38/><E71/><V43/><F43/><W26/><G132/><T23/><D133/><U18/><E102/><V85/><F37/><W47/><G64/><T94/><D117/><U87/><REACH who="1" step="1"/><E104/><REACH who="1" ten="201,339,220,230" step="2"/><V29/><F105/><W126/><G101/><T99/><D70/><U58/><E58/><V84/><F131/><W30/><G119/><T86/><D68/><U115/><E115/><V114/><F130/><W90/><G126/><T61/><D123/><U15/><E15/><V118/><F14/><W124/><G124/><T121/><D121/><U107/><E107/><V57/><F57/><W81/><G59/><T16/><D109/><U50/><E50/><V67/><F114/><W69/><G69/><T7/><D48/><U66/><E66/><V97/><F67/><W75/><G1/><T41/><D49/><U134/><E134/><V34/><F113/><W19/><G26/><T88/><D62/><U100/><E100/><V32/><F118/><W28/><G47/><AGARI ba="0,1" hai="0,5,8,12,18,21,36,38,44,46,47,76,83,87" machi="47" ten="40,2000,0" yaku="1,1,53,0" doraHai="53" doraHaiUra="65" who="1" fromWho="3" sc="201,0,339,30,220,0,230,-20" /><INIT seed="1,1,0,2,4,14" ten="201,369,220,210" oya="1" hai0="56,112,75,9,15,41,38,2,23,17,122,34,113" hai1="70,77,67,65,7,124,53,82,102,49,101,58,64" hai2="80,16,100,45,5,50,27,115,0,47,12,69,39" hai3="35,135,87,21,120,48,36,31,78,111,88,81,86"/><U25/><E124/><V92/><F69/><W85/><G36/><T24/><D75/><U52/><E70/><V51/><F39/><W114/><G120/><T116/><D116/><U44/><E7/><V96/><F115/><W125/><G114/><T119/><D119/><U126/><E126/><V107/><F107/><W73/><G111/><T110/><D110/><U132/><E132/><V108/><F108/><W130/><G135/><T128/><D128/><U26/><E77/><V37/><F37/><W84/><G130/><T79/><D79/><U66/><N who="1" m="16384" /><DORA hai="57" /><U62/><REACH who="1" step="1"/><E82/><REACH who="1" ten="201,359,220,210" step="2"/><V83/><F83/><W133/><G125/><T28/><D113/><U104/><E104/><V20/><F80/><W55/><G133/><T121/><D112/><U43/><E43/><V103/><F5/><W105/><G105/><T46/><D122/><U90/><E90/><V131/><F131/><W134/><G134/><T59/><D121/><U76/><E76/><V68/><F68/><W32/><G88/><T74/><D74/><U33/><E33/><V22/><F103/><AGARI ba="1,1" hai="25,26,44,49,52,53,58,62,101,102,103" m="16384" machi="103" ten="50,12000,1" yaku="1,1,8,1,52,1,54,1,53,0" doraHai="14,57" doraHaiUra="129,127" who="1" fromWho="2" sc="201,0,359,133,220,-123,210,0" /><INIT seed="1,2,0,5,4,112" ten="201,492,97,210" oya="1" hai0="80,73,61,109,1,90,100,135,117,78,57,87,133" hai1="33,125,94,8,7,88,131,51,26,27,10,115,21" hai2="132,128,5,24,113,89,110,68,79,55,77,120,15" hai3="42,37,102,49,20,56,95,96,108,2,103,9,40"/><U129/><E115/><V70/><F24/><W122/><G108/><T16/><D1/><U43/><E125/><V83/><F15/><W98/><G20/><T127/><D109/><U66/><E66/><V0/><F5/><W126/><G126/><T14/><D127/><U39/><E39/><V63/><F83/><W35/><G35/><T44/><D44/><U59/><E33/><V41/><F63/><W92/><G37/><T3/><D117/><U116/><E116/><V124/><F89/><W53/><REACH who="3" step="1"/><G122/><REACH who="3" ten="201,492,97,200" step="2"/><T81/><D133/><U114/><E21/><V62/><F120/><W106/><G106/><T46/><D135/><U52/><E114/><V76/><F113/><W86/><G86/><T12/><D87/><N who="1" m="52511" /><E8/><V32/><F32/><W119/><G119/><T50/><D73/><U22/><E22/><V60/><F132/><W31/><G31/><T74/><D74/><U85/><E85/><V104/><F104/><W130/><G130/><N who="1" m="49674" /><E43/><V71/><F41/><W54/><G54/><T28/><D28/><U105/><E105/><V25/><F55/><W67/><G67/><T101/><D78/><U29/><E29/><V47/><F77/><W11/><G11/><T72/><D72/><U99/><E99/><V45/><F79/><W69/><G69/><T38/><D38/><U121/><E121/><V118/><F76/><W93/><G93/><T75/><D75/><U4/><E10/><V13/><F71/><W6/><AGARI ba="2,1" hai="2,6,9,40,42,49,53,56,92,95,96,98,102,103" machi="6" ten="30,4000,0" yaku="1,1,0,1,9,1,53,0" doraHai="112" doraHaiUra="107" who="3" fromWho="3" sc="201,-12,492,-22,97,-12,200,56" /><INIT seed="2,0,0,0,4,111" ten="189,470,85,256" oya="2" hai0="114,102,113,12,56,28,72,105,95,89,41,30,106" hai1="88,63,112,97,6,130,110,3,120,78,99,122,117" hai2="1,33,39,124,34,131,38,17,29,86,20,26,71" hai3="132,2,91,82,58,73,69,32,43,16,27,0,19"/><V40/><F71/><W98/><G69/><T68/><D68/><U50/><E117/><V135/><F131/><W60/><G132/><T64/><D72/><U119/><E119/><V87/><F135/><W94/><G43/><T13/><D41/><U107/><E110/><V127/><F1/><W85/><G73/><T126/><D102/><U133/><E130/><V100/><F100/><W109/><G109/><T53/><D64/><U31/><E107/><V57/><F57/><W11/><G11/><T21/><D126/><N who="2" m="48170" /><F40/><W49/><G49/><T93/><D21/><U75/><E3/><V90/><F86/><W47/><G47/><T52/><D89/><U4/><E75/><V62/><F62/><W92/><G92/><T45/><D56/><U67/><E50/><V15/><F34/><W118/><G118/><T25/><D25/><U83/><E63/><V36/><F36/><W125/><G125/><T14/><D14/><U23/><E67/><V70/><F70/><W104/><G104/><T42/><D42/><U80/><E99/><V121/><F121/><W59/><G59/><T81/><D81/><AGARI ba="0,0" hai="15,17,20,26,29,33,38,39,81,87,90" m="48170" machi="81" ten="30,1500,0" yaku="18,1" doraHai="111" who="2" fromWho="0" sc="189,-15,470,0,85,15,256,0" /><INIT seed="2,1,0,5,1,32" ten="174,470,100,256" oya="2" hai0="58,36,51,8,28,109,16,91,12,131,57,127,7" hai1="53,86,83,104,79,14,23,62,24,107,40,5,111" hai2="116,88,41,31,71,29,130,33,64,17,69,13,102" hai3="21,67,6,30,4,46,26,15,94,117,74,39,124"/><V114/><F114/><W19/><G117/><T38/><D127/><U47/><E111/><V78/><F116/><W93/><G74/><T9/><D109/><U121/><E121/><V49/><F78/><W105/><G105/><T70/><D70/><U106/><E62/><V128/><F102/><W87/><G67/><T1/><D131/><N who="2" m="50218" /><F64/><W132/><G132/><T76/><D28/><N who="2" m="10826" /><F33/><W82/><G124/><T96/><D76/><U100/><E100/><V125/><F125/><W10/><G46/><T115/><D115/><U81/><E53/><V113/><F113/><W103/><G39/><T0/><D38/><U43/><E40/><V134/><F134/><W42/><G42/><T98/><D36/><U50/><E81/><V97/><F49/><W25/><G25/><T35/><D35/><U90/><E90/><V123/><F41/><W133/><G133/><T56/><D51/><U44/><E44/><V120/><F88/><N who="3" m="51319" /><G103/><T18/><D91/><U92/><E107/><V101/><F123/><W68/><G68/><T66/><D66/><U60/><E92/><AGARI ba="1,0" hai="4,6,10,15,19,21,26,30,92,93,94" m="51319" machi="92" ten="30,2000,0" yaku="8,1,54,1" doraHai="32" who="3" fromWho="1" sc="174,0,470,-23,100,0,256,23" /><INIT seed="3,0,0,0,2,5" ten="174,447,100,279" oya="3" hai0="127,78,54,53,3,27,72,125,96,16,44,94,26" hai1="92,0,55,56,42,76,22,124,64,74,57,34,82" hai2="112,18,29,67,101,88,119,47,11,87,81,39,75" hai3="107,93,130,100,65,69,104,62,10,126,35,77,106"/><W131/><G77/><T30/><D3/><U95/><E34/><V128/><F119/><W122/><G122/><T91/><D72/><U98/><E124/><V40/><F112/><W12/><G35/><T133/><D78/><U23/><E0/><V24/><F128/><N who="3" m="49195" /><G93/><T60/><D133/><U105/><E42/><V19/><F101/><W71/><G126/><T70/><D70/><U45/><E105/><V48/><F75/><W84/><G84/><T103/><D54/><U15/><E95/><V111/><F111/><W51/><G51/><T89/><D125/><U37/><E37/><V33/><F67/><W110/><G110/><T132/><D132/><U52/><E64/><V113/><F113/><W66/><G66/><T123/><D123/><U1/><E1/><V63/><F63/><W118/><G118/><T38/><D38/><U61/><E45/><V31/><F31/><W86/><G86/><T90/><D127/><U13/><E15/><V17/><REACH who="2" step="1"/><F39/><REACH who="2" ten="174,447,90,279" step="2"/><W135/><G135/><T102/><D102/><U46/><E61/><V36/><F36/><W2/><G100/><T20/><D60/><U120/><E120/><V116/><F116/><W80/><G62/><T28/><D27/><U79/><E74/><V121/><F121/><W32/><G65/><T9/><D28/><U108/><E108/><V85/><F85/><W129/><G129/><T115/><D115/><U68/><E76/><V59/><F59/><W7/><G71/><T134/><D134/><U97/><E68/><V114/><F114/><W117/><G69/><T41/><D30/><U8/><E79/><RYUUKYOKU ba="0,1" sc="174,-10,447,-10,90,30,279,-10" hai2="11,17,18,19,24,29,33,40,47,48,81,87,88" /><INIT seed="4,1,1,1,5,119" ten="164,437,120,269" oya="0" hai0="63,31,0,116,46,7,60,53,55,121,82,117,8" hai1="77,16,133,84,79,124,51,88,38,95,74,40,36" hai2="125,105,29,130,45,89,66,128,122,132,62,87,17" hai3="3,30,115,76,68,72,20,91,4,110,24,11,14"/><T12/><D121/><U85/><E74/><V129/><F105/><W59/><G68/><T102/><D116/><U44/><E124/><V114/><F114/><W34/><G110/><T54/><D117/><U109/><E109/><V104/><F104/><W106/><G106/><T58/><D102/><U15/><E133/><V101/><F101/><W23/><G115/><T19/><D31/><U126/><E126/><V67/><F125/><W111/><G76/><T99/><D99/><U13/><E13/><V78/><F132/><W75/><G111/><T120/><D120/><U42/><E42/><V98/><F122/><W37/><G37/><T10/><D46/><U108/><E108/><V47/><F29/><W52/><G91/><T6/><D82/><U73/><E73/><V65/><F62/><W96/><G96/><T71/><REACH who="0" step="1"/><D19/><REACH who="0" ten="154,437,120,269" step="2"/><U9/><E38/><V131/><F131/><W86/><G30/><T97/><D97/><N who="1" m="57575" /><E36/><V43/><F17/><W5/><G34/><T22/><D22/><U56/><E56/><V26/><F130/><W93/><G23/><T83/><D83/><U32/><E32/><V107/><F129/><W49/><G20/><T18/><D18/><U134/><E134/><V2/><F128/><W41/><G59/><T48/><D48/><U61/><E61/><V69/><F47/><W90/><G49/><T127/><D127/><U94/><E94/><V80/><F45/><W35/><G93/><T21/><D21/><U100/><E100/><V113/><F113/><W25/><G35/><T103/><D103/><U33/><E33/><V135/><F135/><RYUUKYOKU ba="1,2" sc="154,15,437,15,120,-15,269,-15" hai0="0,6,7,8,10,12,53,54,55,58,60,63,71" hai1="9,15,16,40,44,51,77,79,84,85" /><INIT seed="4,2,2,5,5,6" ten="169,452,105,254" oya="0" hai0="36,82,95,78,3,100,79,1,103,88,66,49,68" hai1="38,83,73,75,40,34,52,2,5,129,96,128,14" hai2="134,131,8,119,23,46,76,22,109,91,16,10,27" hai3="135,54,50,17,124,45,86,29,59,92,31,102,123"/><T13/><D36/><U98/><E34/><V57/><F109/><W77/><G135/><T0/><D79/><N who="1" m="44527" /><E75/><V19/><F134/><W132/><G124/><T126/><D126/><U47/><E14/><N who="2" m="9495" /><F131/><N who="1" m="50249" /><E52/><V24/><F119/><W107/><G123/><T105/><D105/><U127/><E127/><V18/><F76/><W26/><G107/><T121/><D121/><U37/><E38/><V90/><F46/><W55/><G77/><T60/><D49/><U65/><E65/><V101/><F101/><W111/><G111/><T20/><D20/><U89/><E89/><N who="2" m="33803" /><F57/><W25/><G86/><T62/><D13/><U35/><E35/><V71/><F71/><W58/><G132/><T11/><D68/><U108/><E108/><V41/><F41/><W112/><G59/><T32/><D32/><U4/><E4/><V53/><F53/><W106/><G55/><T48/><D100/><U99/><E5/><V15/><F27/><W28/><G58/><T72/><D103/><U133/><E133/><V67/><F67/><W30/><G102/><T87/><D66/><U130/><E130/><V69/><F69/><W125/><G106/><T80/><D72/><U118/><E118/><V9/><AGARI ba="2,2" hai="8,9,10,15,18,19,23,24" m="33803,9495" machi="9" ten="30,8000,1" yaku="8,1,52,3,54,1" doraHai="6" who="2" fromWho="2" sc="169,-42,452,-22,105,106,254,-22" /><INIT seed="5,0,0,3,5,61" ten="127,430,211,232" oya="1" hai0="75,78,64,40,96,130,25,84,22,45,16,13,8" hai1="89,63,43,100,82,103,124,97,88,44,99,58,94" hai2="35,93,116,98,106,59,65,3,33,54,34,0,28" hai3="71,15,46,117,87,49,9,2,108,19,91,102,11"/><U37/><E124/><V123/><F106/><W32/><G108/><T114/><D114/><U133/><E133/><V135/><F123/><W110/><G110/><T50/><D130/><U27/><E27/><V125/><F116/><W29/><G102/><T113/><D113/><U10/><E10/><V70/><F28/><W68/><G117/><T4/><D96/><U12/><E12/><V129/><F129/><W7/><G29/><T55/><D75/><U21/><E21/><V81/><F70/><W51/><G51/><T126/><D126/><U73/><E73/><V118/><F118/><W104/><G104/><T23/><D23/><U56/><E82/><V72/><F125/><W30/><G30/><T79/><D64/><U38/><E38/><V67/><F135/><W128/><G32/><T127/><D127/><U119/><E119/><V80/><F0/><W74/><G74/><T66/><D66/><U85/><E85/><V18/><F3/><W47/><G47/><T105/><D105/><U53/><E58/><V62/><F18/><W77/><G77/><T14/><D14/><U39/><E37/><V60/><F72/><W101/><G101/><T120/><D120/><U42/><E43/><V26/><F26/><W92/><G128/><T5/><D5/><U109/><E109/><V76/><F76/><W41/><AGARI ba="0,0" hai="2,7,9,11,15,19,41,46,49,68,71,87,91,92" machi="41" ten="20,1500,0" yaku="0,1,7,1" doraHai="61" who="3" fromWho="3" sc="127,-4,430,-7,211,-4,232,15" /><INIT seed="6,0,0,3,5,71" ten="123,423,207,247" oya="2" hai0="33,21,65,86,49,119,98,75,48,27,73,42,41" hai1="9,69,94,87,67,40,58,112,36,118,56,52,6" hai2="127,32,109,88,17,123,108,132,85,130,25,121,19" hai3="74,111,79,70,16,4,53,26,80,2,122,77,31"/><V131/><F127/><W110/><G122/><T5/><D119/><U22/><E118/><V23/><F32/><W50/><G70/><T90/><D33/><U76/><E69/><V20/><F85/><W3/><G79/><T43/><D65/><U60/><E22/><V38/><F88/><W12/><G4/><T107/><D5/><U115/><E36/><V24/><F38/><W104/><G104/><T95/><D75/><U82/><E40/><V133/><AGARI ba="0,0" hai="17,19,20,23,24,25,108,109,121,123,130,131,132,133" machi="133" ten="25,18000,2" yaku="0,1,22,2,34,3" doraHai="71" who="2" fromWho="2" sc="123,-60,423,-60,207,180,247,-60" /><INIT seed="6,1,0,5,2,73" ten="63,363,387,187" oya="2" hai0="62,111,131,31,102,76,18,4,53,56,1,123,113" hai1="77,34,90,21,10,38,5,98,72,15,82,112,95" hai2="2,3,57,44,130,63,61,28,46,24,122,65,129" hai3="23,115,54,67,91,103,127,109,27,33,58,66,81"/><V50/><F122/><W17/><G109/><T74/><D123/><U79/><E34/><V135/><F135/><W68/><G68/><T101/><D111/><U42/><E112/><V78/><F63/><W35/><G127/><T121/><D113/><U107/><E107/><V108/><F108/><W0/><G0/><T92/><D121/><U13/><E72/><V97/><F97/><W47/><G103/><T104/><D104/><U83/><E83/><V6/><F78/><N who="1" m="29705" /><E38/><V69/><F57/><W89/><G89/><T16/><D131/><N who="2" m="50186" /><F6/><W110/><G110/><T114/><D76/><U87/><E42/><N who="2" m="24855" /><F46/><W128/><G47/><T86/><D74/><U29/><E29/><V36/><F36/><W94/><G115/><T80/><D31/><U51/><E51/><V124/><F124/><W7/><G7/><T71/><D4/><U132/><E132/><V96/><F96/><W11/><G35/><AGARI ba="1,0" hai="2,3,24,28,35,61,65,69" m="24855,50186" machi="35" ten="30,1500,0" yaku="19,1" doraHai="73" who="2" fromWho="3" sc="63,0,363,0,387,18,187,-18" /><INIT seed="6,2,0,3,5,122" ten="63,363,405,169" oya="2" hai0="31,132,91,35,0,18,76,9,120,84,100,131,19" hai1="80,16,79,125,98,24,53,33,4,40,118,87,93" hai2="124,44,46,109,61,28,20,52,70,11,112,96,10" hai3="85,48,42,88,62,102,7,37,22,104,94,68,78"/><V107/><F112/><W75/><G37/><T128/><D120/><U17/><E118/><V66/><F124/><W127/><G127/><T115/><D115/><U29/><E125/><V99/><F109/><W130/><G130/><T21/><D100/><U89/><E40/><V97/><F107/><W60/><G68/><T114/><D114/><U56/><REACH who="1" step="1"/><E4/><REACH who="1" ten="63,353,405,169" step="2"/><V63/><F46/><W51/><G42/><T95/><D131/><U39/><E39/><V34/><F34/><W8/><G7/><T129/><D35/><U26/><E26/><V119/><F119/><W58/><G22/><T50/><D21/><U86/><E86/><V116/><F116/><W71/><G85/><T45/><D84/><U105/><E105/><V41/><F41/><W74/><G74/><T103/><D128/><U47/><E47/><V110/><F110/><W59/><G75/><T14/><D45/><U108/><E108/><V49/><REACH who="2" step="1"/><F63/><AGARI ba="2,1" hai="16,17,24,29,33,53,56,63,79,80,87,89,93,98" machi="63" ten="30,7700,0" yaku="1,1,7,1,54,1,53,1" doraHai="122" doraHaiUra="27" who="1" fromWho="2" sc="63,0,353,93,405,-83,169,0" /><INIT seed="7,0,0,5,2,78" ten="63,446,322,169" oya="3" hai0="120,8,131,111,68,15,66,77,60,61,104,36,76" hai1="95,114,125,4,87,75,71,117,107,2,1,100,34" hai2="30,0,27,39,126,110,24,73,58,135,82,132,94" hai3="9,20,134,22,10,69,23,113,90,19,45,64,74"/><W102/><G74/><T116/><D131/><U41/><E71/><V11/><F39/><W55/><G69/><T48/><D116/><U7/><E75/><V79/><F110/><W40/><G64/><T28/><D120/><U91/><E114/><V57/><F94/><W33/><G113/><T13/><D111/><U14/><E34/><N who="2" m="20807" /><F27/><W80/><G134/><N who="2" m="51241" /><F126/><W29/><G102/><T97/><D36/><U51/><E125/><V133/><F133/><W101/><G101/><T129/><D129/><U98/><E117/><V83/><F83/><W54/><G33/><T25/><D60/><U93/><E107/><V119/><F119/><W63/><G29/><T31/><D48/><U67/><E67/><V85/><F85/><N who="3" m="50471" /><G63/><T50/><D50/><U6/><E14/><V124/><F124/><W88/><G10/><T44/><D44/><U21/><E51/><V103/><F103/><W121/><G121/><T86/><D86/><U59/><E87/><V123/><F123/><W35/><G35/><T122/><D122/><U17/><E100/><V81/><F81/><W106/><G106/><T96/><D104/><U32/><E32/><V92/><F92/><W70/><G70/><T42/><D31/><U43/><E95/><V46/><F46/><W99/><G45/><T47/><D28/><U5/><E59/><N who="2" m="22539" /><F11/><W56/><G9/><T53/><D8/><U105/><E105/><V26/><F0/><W18/><G40/><T112/><D112/><U109/><E1/><V127/><F127/><W89/><G99/><T65/><D97/><N who="1" m="57535" /><E2/><V128/><F128/><W52/><G19/><RYUUKYOKU ba="0,0" sc="63,-10,446,-10,322,30,169,-10" hai2="26,73,79,82" owari="53,-45.0,436,54.0,352,15.0,159,-24.0" /></mjloggm>