<mjloggm ver="2.3"><GO type="169" lobby="0"/><UN n0="%E3%81%B6%E3%81%A3%E3%81%A8%E3%81%B3%E3%82%AB%E3%83%BC%E3%83%89" n1="%E3%82%A6%E3%83%AB%E3%83%88%E3%83%A9%E7%AB%8B%E7%9B%B4" n2="%E3%83%AD%E3%83%B3%E3%82%88%E3%82%8A%E8%A8%BC%E6%8B%A0" n3="%E3%81%BE%E3%81%82%E3%81%BC%E3%81%86%E5%A4%A7%E4%BD%90" dan="16,18,17,16" rate="2127.89,2213.36,2224.77,2113.50" sx="F,M,M,F"/><TAIKYOKU oya="0"/><INIT seed="0,0,0,2,0,69" ten="250,250,250,250" oya="0" hai0="54,25,32,45,124,3,57,132,117,116,23,41,71" hai1="49,128,107,121,15,53,115,86,39,9,103,126,20" hai2="6,111,58,93,18,134,95,119,106,120,97,10,50" hai3="61,133,104,74,130,112,92,2,88,35,110,47,84"/><T129/><D3/><U101/><E121/><V46/><F120/><W77/><G112/><T14/><D32/><U64/><E128/><V78/><F111/><W27/><G110/><T13/><D13/><U12/><E126/><V98/><F106/><W72/><G130/><T135/><D14/><U113/><E64/><V83/><F134/><N who="0" m="51242" /><D129/><U34/><E34/><V38/><F119/><N who="0" m="45642" /><D25/><U5/><E107/><V65/><F18/><W99/><G133/><T30/><D23/><U22/><E39/><V44/><F38/><W7/><G2/><T52/><D30/><U56/><E115/><V8/><F65/><W70/><G7/><T96/><D96/><U59/><E113/><V109/><F109/><W55/><G27/><T37/><D71/><U11/><E86/><V19/><F19/><W81/><G35/><T80/><D80/><U73/><E73/><V108/><F108/><W4/><G4/><T28/><D28/><U40/><E22/><V76/><F6/><W24/><G24/><T79/><D79/><U48/><E20/><V94/><F83/><W87/><G77/><T105/><D105/><U43/><E5/><V90/><F95/><W75/><G81/><T114/><D114/><U68/><E68/><V42/><F90/><W118/><G104/><T131/><D131/><U1/><E1/><V31/><F31/><W127/><G118/><T66/><D124/><U89/><E89/><V63/><F78/><W60/><G127/><T123/><D123/><U125/><E125/><V122/><F76/><W17/><G70/><T85/><D85/><N who="3" m="32841" /><G17/><T16/><D16/><RYUUKYOKU ba="0,0" sc="250,10,250,10,250,-30,250,10" hai0="37,41,45,52,54,57,66" hai1="9,11,12,15,40,43,48,49,53,56,59,101,103" hai3="47,55,60,61,72,74,75,88,92,99" /><INIT seed="0,1,0,5,4,12" ten="260,260,220,260" oya="0" hai0="68,93,27,82,67,32,22,30,87,97,52,117,84" hai1="50,5,91,75,17,47,63,100,58,73,10,36,2" hai2="37,61,79,57,119,71,9,1,89,16,115,122,94" hai3="98,38,15,39,102,120,80,99,29,3,28,18,8"/><T134/><D117/><U108/><E108/><V76/><F115/><W130/><G130/><T25/><D134/><U118/><E118/><V81/><F122/><W64/><G120/><T126/><D126/><U106/><E106/><V51/><F119/><W72/><G3/><T48/><D67/><U83/><E100/><V0/><F37/><W13/><G64/><T95/><D68/><U69/><E69/><V77/><F71/><W74/><G80/><T133/><D133/><U114/><E36/><V19/><F51/><W132/><G132/><T53/><D53/><U92/><E114/><V125/><F81/><W124/><G8/><T23/><D32/><U129/><E129/><V85/><F125/><W65/><G65/><T111/><D97/><U116/><E116/><V4/><REACH who="2" step="1"/><F1/><REACH who="2" ten="260,260,210,260" step="2"/><W131/><G131/><T128/><D128/><U90/><E83/><V56/><F56/><W62/><G124/><T20/><D111/><U7/><E58/><V49/><F49/><W113/><G113/><T110/><D110/><U88/><E50/><V60/><F60/><W45/><G62/><T11/><D82/><U41/><E63/><V66/><AGARI ba="1,1" hai="0,4,9,16,19,57,61,66,76,77,79,85,89,94" machi="66" ten="30,8000,1" yaku="1,1,0,1,52,2,54,1,53,0" doraHai="12" doraHaiUra="43" who="2" fromWho="2" sc="260,-41,260,-21,210,93,260,-21" /><INIT seed="1,0,0,0,4,65" ten="219,239,303,239" oya="1" hai0="107,0,116,75,60,28,121,95,66,110,24,16,86" hai1="21,117,40,71,42,135,45,7,130,134,70,102,18" hai2="36,123,129,94,83,14,103,4,34,119,64,73,38" hai3="63,87,122,114,10,113,19,11,53,58,37,133,124"/><U31/><E31/><V74/><F34/><W26/><G37/><T128/><D116/><U80/><E117/><V57/><F4/><W27/><G122/><T118/><D118/><U131/><E7/><V69/><F14/><W33/><G124/><T6/><D75/><U76/><E102/><V97/><F57/><W56/><G133/><N who="1" m="50698" /><E21/><V112/><F123/><W68/><G33/><T12/><D107/><U17/><E17/><V72/><F119/><W5/><G5/><T25/><D25/><U99/><E99/><V106/><F94/><W15/><G87/><T81/><D24/><U89/><E89/><V78/><F129/><N who="1" m="49161" /><E18/><V104/><F104/><W77/><G19/><T101/><D28/><U41/><E45/><V54/><F112/><W3/><G15/><T62/><D101/><U67/><E67/><V1/><F1/><W82/><G3/><T22/><D121/><U120/><E120/><V2/><F2/><W93/><G93/><T8/><D95/><U48/><E48/><V30/><F30/><W52/><G82/><T125/><D128/><U79/><E79/><V20/><F20/><W32/><G77/><N who="0" m="46383" /><D66/><U23/><E23/><V100/><F100/><W39/><G32/><T29/><D29/><U49/><E49/><V46/><F83/><W47/><G39/><T91/><D91/><U108/><E108/><V111/><F78/><W92/><G92/><T109/><D109/><U96/><E96/><V115/><F111/><W126/><G47/><T132/><D132/><U98/><E98/><V90/><F97/><W127/><G63/><N who="0" m="24107" /><D110/><U84/><AGARI ba="0,0" hai="40,41,42,70,71,76,80,84" m="49161,50698" machi="84" ten="40,12000,1" yaku="5,1,20,1,19,1,52,2" doraHai="65" who="1" fromWho="1" sc="219,-40,239,120,303,-40,239,-40" /><INIT seed="1,1,0,2,3,22" ten="179,359,263,199" oya="1" hai0="30,90,109,107,41,14,27,129,47,110,62,57,134" hai1="7,54,13,96,33,92,126,68,48,29,93,65,61" hai2="72,111,118,101,55,88,43,113,39,125,25,103,122" hai3="32,11,123,8,120,66,135,83,127,131,2,71,52"/><U37/><E126/><V15/><F72/><W86/><G127/><T56/><D107/><U100/><E37/><V12/><F125/><W84/><G131/><T18/><D90/><U108/><E108/><N who="0" m="41577" /><D129/><U99/><E13/><V67/><F122/><W70/><G135/><T79/><D79/><U49/><E7/><V114/><F118/><W9/><G2/><T6/><D6/><U76/><E76/><V94/><F111/><W112/><G112/><T5/><D5/><U60/><E60/><V10/><F67/><W21/><G32/><N who="0" m="20575" /><D62/><U119/><E119/><V0/><F15/><W53/><G21/><N who="0" m="11479" /><D134/><U87/><E87/><N who="3" m="33322" /><G83/><T36/><AGARI ba="1,0" hai="36,41,47,56,57" m="11479,20575,41577" machi="36" ten="30,2000,0" yaku="14,1,52,1" doraHai="22" who="0" fromWho="0" sc="179,23,359,-11,263,-6,199,-6" /><INIT seed="2,0,0,5,0,31" ten="202,348,257,193" oya="2" hai0="129,54,99,32,16,65,105,89,95,116,131,91,92" hai1="45,44,126,108,64,123,13,10,96,85,120,27,98" hai2="86,67,76,94,112,37,34,75,60,18,52,84,59" hai3="122,2,93,7,100,127,135,77,40,83,17,121,88"/><V119/><F112/><W51/><G7/><T80/><D65/><U71/><E108/><V48/><F119/><W25/><G2/><T58/><D116/><U38/><E126/><V33/><F37/><W23/><G100/><T3/><D3/><U42/><E27/><V47/><F75/><W70/><G70/><T21/><D105/><U111/><E111/><V24/><F76/><W62/><G135/><T68/><D80/><U19/><E45/><V36/><F36/><W104/><G104/><T26/><D68/><U101/><E85/><V53/><F67/><W107/><G107/><T55/><D32/><U12/><E12/><V118/><F118/><W0/><G0/><T90/><D55/><U102/><E102/><V79/><F79/><W57/><G127/><T78/><D78/><U46/><E46/><V74/><F74/><W14/><G40/><T113/><D113/><U1/><E1/><V103/><F86/><W35/><G35/><T30/><D30/><U124/><E124/><V110/><F110/><W109/><G109/><T39/><D39/><U56/><E71/><V61/><F61/><W29/><G51/><T22/><D22/><U63/><E101/><V134/><F134/><W97/><G29/><T20/><D20/><U82/><E82/><V72/><F72/><N who="3" m="43431" /><G14/><T49/><REACH who="0" step="1"/><D91/><REACH who="0" ten="192,348,257,193" step="2"/><U15/><E15/><V73/><F73/><W11/><G11/><T132/><D132/><U114/><E114/><V43/><F53/><AGARI ba="0,1" hai="17,23,25,53,57,62,88,93,97,121,122" m="43431" machi="53" ten="30,2000,0" yaku="25,1,54,1" doraHai="31" who="3" fromWho="2" sc="192,0,348,0,257,-20,193,30" /><INIT seed="3,0,0,3,2,15" ten="192,348,237,223" oya="3" hai0="55,31,27,127,117,119,36,79,72,49,99,108,76" hai1="87,122,5,20,134,56,93,24,125,105,109,135,53" hai2="44,115,128,50,94,102,123,104,46,83,12,37,82" hai3="58,120,78,47,60,69,29,17,126,107,133,73,8"/><W96/><G120/><T89/><D108/><U91/><E122/><V81/><F123/><W11/><G69/><T121/><D36/><U68/><E68/><V66/><F115/><W1/><G1/><T25/><D121/><U45/><E105/><V22/><F104/><W13/><G29/><T9/><D127/><U21/><E109/><V0/><F0/><W18/><G126/><T86/><D99/><U132/><E125/><V71/><F128/><W51/><G133/><T90/><D9/><U52/><E5/><V118/><F118/><W101/><G73/><T42/><D42/><U75/><E75/><V57/><F71/><W80/><G80/><T64/><D64/><U98/><E45/><V14/><F14/><W74/><G78/><T110/><D110/><U30/><E21/><V88/><F102/><W95/><G74/><T38/><D38/><U39/><E39/><V113/><F113/><W10/><G107/><T43/><D43/><U32/><E32/><V114/><F37/><W97/><G97/><T106/><D90/><U40/><E40/><V6/><F114/><W26/><G26/><N who="0" m="9739" /><D31/><U28/><E28/><V34/><F34/><W129/><G13/><T35/><D35/><U111/><E111/><V65/><F6/><W112/><G112/><T84/><D72/><U63/><E98/><N who="2" m="57671" /><F66/><AGARI ba="0,0" hai="20,24,30,52,53,56,63,66,87,91,93,132,134,135" machi="66" ten="40,2600,0" yaku="20,1,54,1" doraHai="15" who="1" fromWho="2" sc="192,0,348,26,237,-26,223,0" /><INIT seed="4,0,0,5,5,85" ten="192,374,211,223" oya="0" hai0="25,98,49,79,47,73,57,122,26,10,42,113,50" hai1="130,31,38,51,64,53,29,126,43,12,121,88,95" hai2="46,82,102,105,39,33,89,75,20,54,63,71,84" hai3="90,8,48,119,30,81,19,118,35,117,59,94,109"/><T93/><D122/><U2/><E2/><V92/><F33/><W101/><G109/><T23/><D113/><U52/><E121/><V70/><F20/><W18/><G35/><T124/><D124/><U112/><E130/><V91/><F75/><W123/><G30/><N who="1" m="11274" /><E38/><V65/><F105/><W60/><G123/><T6/><D73/><U131/><E131/><V133/><F102/><W5/><G101/><T9/><D79/><U44/><E126/><V3/><F3/><W106/><G106/><T69/><D69/><U114/><E64/><V22/><F133/><W11/><G81/><T77/><D77/><U4/><E4/><V107/><F107/><W72/><G48/><T78/><D78/><U61/><E61/><V17/><F71/><W36/><G36/><T55/><D23/><U96/><E12/><V127/><F127/><W83/><G83/><T86/><D86/><U21/><E21/><V99/><F39/><W41/><G41/><T24/><REACH who="0" step="1"/><D6/><REACH who="0" ten="182,374,211,223" step="2"/><U45/><E114/><V135/><F135/><W58/><G72/><T15/><D15/><U132/><E112/><V108/><F108/><W104/><G5/><T13/><D13/><U56/><E132/><V129/><F129/><W68/><G119/><T40/><D40/><U110/><E110/><V125/><F125/><W67/><G118/><T111/><D111/><U100/><E43/><V1/><F1/><W7/><G117/><T97/><D97/><U87/><E87/><V103/><F70/><W116/><G116/><T62/><D62/><U28/><E96/><V115/><F115/><W80/><G68/><RYUUKYOKU ba="0,1" sc="182,30,374,-10,211,-10,223,-10" hai0="9,10,24,25,26,42,47,49,50,55,57,93,98" /><INIT seed="4,1,1,0,2,131" ten="212,364,201,213" oya="0" hai0="30,81,24,28,48,70,128,135,127,27,9,8,3" hai1="120,114,25,61,51,121,29,92,40,101,50,72,104" hai2="1,129,42,26,68,60,133,98,91,11,4,105,89" hai3="78,85,31,94,111,18,52,64,119,13,54,124,34"/><T67/><D128/><U23/><E104/><V130/><F91/><W17/><G111/><T84/><D127/><U49/><E72/><V6/><F89/><W73/><G124/><T103/><D103/><U35/><E35/><V58/><F58/><W21/><G73/><T43/><D3/><U65/><E114/><V122/><F122/><W46/><G119/><T87/><D70/><U83/><E83/><V116/><F116/><W15/><G64/><T66/><D81/><U90/><E40/><V96/><F96/><W93/><G34/><T5/><D43/><U80/><E80/><V86/><F86/><W126/><G31/><T62/><D5/><U10/><E10/><V56/><F56/><W7/><G7/><T97/><D48/><U39/><E39/><V36/><F6/><W76/><G126/><T69/><D97/><N who="1" m="59559" /><E90/><V108/><F108/><W41/><G41/><T74/><D74/><U37/><E37/><V19/><F19/><W45/><G21/><T53/><D69/><U123/><E123/><V12/><F12/><W107/><G107/><T0/><D0/><U16/><E16/><V113/><F26/><W32/><G32/><T95/><D95/><U102/><E102/><V44/><F113/><W109/><G109/><T88/><D88/><U99/><E99/><V33/><F33/><W47/><G47/><T20/><D20/><U106/><E106/><V125/><F125/><W115/><G115/><T63/><D53/><U79/><E79/><V22/><F22/><W59/><G85/><T55/><D55/><U118/><E118/><V71/><F130/><RYUUKYOKU ba="1,1" sc="212,10,364,10,201,-30,213,10" hai0="8,9,24,27,28,30,62,63,66,67,84,87,135" hai1="23,25,29,49,50,51,61,65,120,121" hai3="13,15,17,18,45,46,52,54,59,76,78,93,94" /><INIT seed="4,2,1,5,5,47" ten="222,374,171,223" oya="0" hai0="55,126,71,86,4,122,83,24,109,2,41,66,27" hai1="124,93,13,123,68,80,102,58,88,60,34,110,127" hai2="64,52,78,37,82,108,53,128,61,29,132,48,42" hai3="35,26,51,75,25,104,57,70,113,89,1,111,67"/><T98/><D122/><U3/><E3/><V12/><F108/><W49/><G111/><T84/><D109/><U33/><E110/><V56/><F128/><W5/><G75/><T135/><D41/><U31/><E68/><V65/><F132/><W100/><G89/><T7/><D135/><U90/><E123/><V74/><F37/><W39/><G39/><T44/><D126/><U130/><E130/><V92/><F42/><W76/><G76/><T40/><D55/><U0/><E0/><V54/><F54/><W94/><G94/><T36/><D98/><N who="1" m="59727" /><E13/><V17/><F29/><N who="3" m="19887" /><G57/><T87/><D83/><U118/><E118/><V9/><F92/><W6/><G113/><T96/><D96/><U10/><E80/><V62/><F62/><N who="3" m="40311" /><G26/><T115/><D115/><U63/><E10/><V99/><F99/><N who="3" m="61471" /><G1/><T14/><D2/><U28/><E63/><V32/><F32/><N who="1" m="12393" /><E28/><V79/><F78/><W11/><G11/><T20/><D14/><U22/><E22/><V69/><F69/><W77/><G77/><T59/><D27/><U129/><E31/><V121/><F121/><W46/><G46/><AGARI ba="2,1" hai="9,12,17,46,48,52,53,56,61,64,65,74,79,82" machi="46" ten="30,3900,0" yaku="7,1,52,1,54,1" doraHai="47" who="2" fromWho="3" sc="222,0,374,0,171,55,223,-45" /><INIT seed="5,0,0,2,1,44" ten="222,374,226,178" oya="1" hai0="25,45,89,98,29,76,128,130,113,83,115,1,85" hai1="18,9,30,106,24,97,116,86,129,104,37,117,124" hai2="0,100,20,5,134,107,21,13,132,3,91,66,127" hai3="68,28,114,47,7,93,63,15,41,75,90,103,80"/><U82/><E37/><V94/><F66/><W110/><G110/><T112/><D1/><U60/><E129/><N who="0" m="49769" /><D45/><U36/><E36/><V26/><F100/><W11/><G114/><N who="0" m="29187" /><T52/><DORA hai="74" /><D52/><U8/><E60/><V95/><F107/><W108/><G108/><T48/><D48/><U125/><E18/><V69/><F69/><W126/><G126/><T54/><D54/><U119/><E9/><V123/><F123/><W102/><G28/><T58/><D58/><U19/><E8/><V111/><F111/><W78/><G63/><T81/><D98/><U64/><E19/><V49/><F127/><N who="1" m="48713" /><E64/><V65/><F65/><W120/><G120/><T16/><D16/><U122/><E122/><V105/><F5/><W61/><G61/><T109/><D109/><U31/><E31/><V10/><F10/><W43/><G68/><T84/><D29/><U62/><E62/><V87/><F3/><W42/><REACH who="3" step="1"/><G47/><REACH who="3" ten="222,374,226,168" step="2"/><T96/><D25/><U73/><E24/><V32/><F26/><W12/><G12/><T40/><D40/><U72/><E30/><V79/><F13/><W51/><G51/><T55/><D55/><U77/><E117/><V23/><F49/><W131/><G131/><T99/><AGARI ba="0,1" hai="76,81,83,84,85,89,96,99" m="29187,49769" machi="99" ten="50,8000,1" yaku="19,1,15,1,34,2,52,1" doraHai="44,74" who="0" fromWho="0" sc="222,90,374,-40,226,-20,168,-20" /><INIT seed="6,0,0,4,3,8" ten="312,334,206,148" oya="2" hai0="10,27,70,87,26,69,67,124,41,121,29,115,105" hai1="12,39,97,133,76,46,122,108,31,49,14,120,119" hai2="1,75,101,78,111,81,58,9,131,102,35,40,129" hai3="96,66,45,61,21,71,112,0,88,56,91,80,60"/><V83/><F35/><W33/><G112/><T42/><D121/><N who="1" m="46699" /><E108/><V7/><F111/><W59/><G33/><T28/><D115/><U55/><E133/><V34/><F34/><W48/><G0/><T63/><D124/><U73/><E119/><V128/><F58/><W50/><G71/><T110/><D110/><U18/><E31/><V64/><F64/><W100/><G21/><T43/><D105/><U126/><E126/><V127/><F127/><W44/><G80/><T95/><D69/><U62/><E39/><V77/><REACH who="2" step="1"/><F40/><REACH who="2" ten="312,334,196,148" step="2"/><W5/><G66/><T74/><D43/><U65/><E65/><V113/><F113/><W11/><G59/><T4/><D42/><U109/><E109/><V37/><F37/><W72/><G56/><T130/><D41/><U134/><E134/><V93/><F93/><W6/><G60/><T99/><D63/><U36/><E62/><V23/><F23/><W86/><G61/><T94/><D67/><U22/><E36/><V52/><F52/><W125/><G125/><T118/><D70/><U32/><E32/><V54/><F54/><W135/><G135/><T103/><D95/><U57/><E57/><V104/><F104/><W84/><G48/><T92/><D92/><U2/><E49/><V98/><F98/><W38/><G50/><T13/><D99/><U53/><E97/><V3/><F3/><W107/><G96/><T30/><D94/><U16/><E2/><V132/><F132/><W68/><G38/><T24/><D118/><U85/><E55/><V17/><F17/><W117/><G117/><T90/><D29/><RYUUKYOKU ba="0,1" sc="312,-10,334,-10,196,30,148,-10" hai2="1,7,9,75,77,78,81,83,101,102,128,129,131" /><INIT seed="6,1,1,1,2,85" ten="302,324,226,138" oya="2" hai0="97,66,30,103,16,124,57,133,113,111,10,46,56" hai1="119,126,92,98,102,7,100,14,115,59,41,3,83" hai2="50,135,76,121,60,123,28,38,55,110,21,84,61" hai3="93,87,13,114,43,96,127,20,11,19,45,91,75"/><V26/><F38/><W23/><G127/><T31/><D111/><U77/><E119/><V86/><F135/><W24/><G114/><T37/><D113/><U79/><E3/><V18/><F110/><W40/><G75/><T107/><D133/><U22/><E126/><V134/><F134/><W109/><G109/><T49/><D37/><U44/><E115/><V29/><F123/><W39/><G40/><T53/><D124/><U90/><E59/><V132/><F132/><W99/><REACH who="3" step="1"/><G20/><REACH who="3" ten="302,324,226,128" step="2"/><T64/><D64/><U131/><E22/><V106/><F121/><W54/><G54/><T52/><D66/><U2/><E41/><V63/><F106/><W34/><G34/><T17/><D46/><U118/><E44/><N who="2" m="28103" /><F76/><W69/><G69/><T74/><D74/><U58/><E79/><V42/><F42/><W70/><G70/><T32/><D32/><U117/><E77/><V94/><F29/><AGARI ba="1,2" hai="11,13,19,23,24,29,39,43,45,87,91,93,96,99" machi="29" ten="30,7700,0" yaku="1,1,7,1,52,1,53,1" doraHai="85" doraHaiUra="82" who="3" fromWho="2" sc="302,0,324,0,226,-80,128,100" /><INIT seed="7,0,0,4,1,87" ten="302,324,146,228" oya="3" hai0="77,1,135,133,20,2,100,117,109,75,36,123,125" hai1="72,41,94,9,103,80,38,104,86,55,21,98,15" hai2="32,23,115,97,113,18,3,31,70,69,6,49,85" hai3="25,67,13,102,82,124,121,99,50,57,62,132,71"/><W56/><G121/><T114/><RYUUKYOKU type="yao9" ba="0,0" sc="302,0,324,0,146,0,228,0" hai0="1,2,20,36,75,77,100,109,114,117,123,125,133,135" /><INIT seed="7,1,0,2,4,84" ten="302,324,146,228" oya="3" hai0="123,90,68,83,135,133,8,81,114,3,10,46,95" hai1="60,11,78,9,50,64,75,130,34,16,4,47,5" hai2="39,85,80,0,45,27,82,102,14,21,87,38,43" hai3="30,63,24,94,73,20,18,6,72,7,28,108,49"/><W44/><G108/><T70/><D123/><U134/><E34/><V107/><F0/><W62/><G73/><T104/><D104/><U100/><E100/><V42/><F14/><W77/><G72/><T129/><D129/><U35/><E35/><V19/><F107/><W115/><G115/><T122/><D122/><U131/><E134/><N who="0" m="51209" /><D46/><U105/><E105/><V65/><F102/><W17/><G77/><T52/><D52/><N who="1" m="29791" /><E78/><V92/><F65/><W55/><G94/><T13/><D3/><U132/><E75/><V15/><F92/><W1/><G1/><T61/><D114/><U125/><E132/><V93/><F93/><W126/><G126/><T66/><D70/><N who="1" m="42247" /><E16/><N who="3" m="6250" /><G28/><T74/><D74/><U79/><E79/><V91/><F43/><W97/><G97/><N who="0" m="57591" /><D13/><U29/><E29/><V118/><F118/><W67/><G67/><T106/><D106/><U51/><E125/><V116/><F116/><W37/><G37/><T120/><D120/><U96/><E96/><V58/><F58/><N who="3" m="35167" /><G63/><T76/><D76/><U31/><E31/><V86/><F39/><W117/><G117/><T53/><D53/><AGARI ba="1,0" hai="6,7,20,24,30,44,49,53" m="35167,6250" machi="53" ten="30,2900,0" yaku="8,1,54,1" doraHai="84" who="3" fromWho="0" sc="302,-32,324,0,146,0,228,32" /><INIT seed="7,2,0,1,4,100" ten="270,324,146,260" oya="3" hai0="105,20,56,90,116,33,135,131,7,38,9,50,45" hai1="89,98,93,37,102,46,13,3,101,44,134,12,68" hai2="97,42,88,114,17,128,52,19,48,125,81,80,11" hai3="2,15,61,36,83,127,96,55,6,59,113,69,18"/><W78/><G36/><T10/><D33/><U130/><E68/><V34/><F34/><W129/><G113/><T71/><D116/><U95/><E3/><V87/><F114/><W4/><G129/><T72/><D71/><U30/><E37/><V118/><F118/><W107/><G127/><T92/><D72/><U39/><E39/><V41/><F128/><W31/><G31/><T126/><D105/><U40/><E134/><V76/><F125/><W64/><G2/><T35/><D35/><U67/><E67/><V53/><F53/><W86/><G96/><T103/><D103/><N who="1" m="60879" /><E30/><V119/><F119/><W1/><G107/><T84/><D10/><U16/><E13/><V85/><F97/><W104/><G104/><T32/><D45/><N who="1" m="17515" /><E40/><V47/><F19/><W111/><G111/><T99/><D32/><U49/><E49/><V57/><F57/><N who="3" m="36911" /><G1/><T23/><D131/><U62/><E62/><V58/><F58/><W24/><G24/><T120/><D38/><U79/><E79/><V112/><F112/><W124/><G124/><T14/><D126/><U26/><E26/><V73/><F73/><W25/><G25/><T74/><D120/><U110/><E110/><V106/><F106/><W94/><G94/><N who="0" m="54599" /><D74/><U108/><E108/><V132/><F132/><W122/><G122/><T22/><D135/><U54/><E130/><V66/><F66/><W70/><G70/><T8/><D92/><U75/><E75/><V123/><F123/><W0/><G69/><T5/><D99/><N who="1" m="57839" /><E54/><V115/><F115/><W133/><G0/><N who="0" m="39" /><D50/><U21/><AGARI ba="2,0" hai="12,16,21,101,102" m="57839,17515,60879" machi="21" ten="30,2000,0" yaku="8,1,54,1" doraHai="100" who="1" fromWho="1" sc="270,-7,324,26,146,-7,260,-12" owari="263,6.0,350,45.0,139,-36.0,248,-15.0" /></mjloggm>