<mjloggm ver="2.3"><GO type="169" lobby="0"/><UN n0="%E5%B0%B1%E6%B4%BB%E7%94%9F%40%E5%B7%9D%E6%9D%91%E8%BB%8D%E5%9B%A3" n1="%E3%81%B5%E3%81%8B" n2="%46%69%72%73%74" n3="%E8%B3%A2%E8%80%85%E3%81%AC%E3%81%93" dan="19,16,16,17" rate="2344.92,2106.67,2047.95,2185.02" sx="M,M,M,F"/><TAIKYOKU oya="0"/><INIT seed="0,0,0,1,2,104" ten="250,250,250,250" oya="0" hai0="55,135,115,62,110,83,116,93,120,63,112,126,87" hai1="9,122,46,37,130,11,51,52,111,31,79,10,25" hai2="59,1,5,29,12,100,3,127,75,32,88,96,132" hai3="36,0,41,76,134,69,26,78,67,131,2,57,58"/><T86/><D120/><U95/><E122/><V60/><F132/><W66/><G134/><T99/><D116/><U40/><E111/><V77/><F127/><W101/><G101/><T18/><D135/><U19/><E130/><V45/><F32/><W24/><G41/><T13/><D126/><U35/><E95/><V90/><F29/><W70/><REACH who="3" step="1"/><G36/><REACH who="3" ten="250,250,250,240" step="2"/><T97/><D110/><U43/><E37/><V125/><F125/><W44/><G44/><T49/><D112/><U27/><E43/><V124/><F124/><W38/><G38/><T128/><D115/><U82/><E40/><V68/><F45/><W61/><G61/><T4/><D128/><AGARI ba="0,1" hai="0,2,24,26,57,58,66,67,69,70,76,78,128,131" machi="128" ten="25,3200,0" yaku="1,1,22,2,53,0" doraHai="104" doraHaiUra="129" who="3" fromWho="0" sc="250,-32,250,0,250,0,240,42" /><INIT seed="1,0,0,2,4,45" ten="218,250,250,282" oya="1" hai0="54,134,55,29,63,77,128,90,17,104,31,76,89" hai1="43,103,108,14,18,114,112,20,97,70,16,10,7" hai2="96,4,126,71,79,59,23,92,80,41,57,6,25" hai3="98,131,34,94,99,101,85,65,120,110,123,28,106"/><U69/><E108/><V47/><F71/><W48/><G110/><T87/><D104/><U24/><E43/><V11/><F126/><W91/><G131/><T129/><D63/><U93/><REACH who="1" step="1"/><E7/><REACH who="1" ten="218,240,250,282" step="2"/><V21/><F4/><W132/><G120/><T130/><D134/><U67/><E67/><V115/><F115/><AGARI ba="0,1" hai="10,14,16,18,20,24,69,70,93,97,103,112,114,115" machi="115" ten="40,3900,0" yaku="1,1,54,1,53,0" doraHai="45" doraHaiUra="135" who="1" fromWho="2" sc="218,0,240,49,250,-39,282,0" /><INIT seed="1,1,0,2,5,3" ten="218,289,211,282" oya="1" hai0="52,34,106,99,49,113,43,131,8,95,27,115,1" hai1="68,17,63,80,71,64,30,120,72,123,83,121,29" hai2="103,47,134,50,23,62,85,73,19,77,58,40,118" hai3="125,16,56,130,84,117,87,46,122,54,55,28,31"/><U86/><E71/><V119/><F134/><W44/><G122/><T104/><D131/><U26/><E72/><V97/><F73/><W91/><G130/><T51/><D104/><U82/><E17/><V48/><F48/><W114/><G114/><T105/><D105/><U37/><E37/><V14/><F77/><W38/><G125/><T102/><D106/><U112/><E112/><V96/><F85/><W81/><G38/><T60/><D60/><U21/><REACH who="1" step="1"/><E30/><REACH who="1" ten="218,279,211,282" step="2"/><V133/><F119/><W132/><G16/><T98/><D113/><U66/><E66/><V11/><F118/><W2/><G31/><T67/><D115/><U32/><E32/><V116/><F116/><W20/><G28/><T76/><D67/><U53/><E53/><V110/><F133/><W109/><G54/><T128/><D128/><U45/><E45/><V12/><F19/><W78/><G55/><T57/><D34/><U35/><E35/><V92/><F47/><W9/><G46/><T74/><D74/><U25/><E25/><V36/><F36/><W7/><G44/><T70/><D27/><U0/><E0/><V89/><F40/><W13/><G117/><T124/><D70/><U75/><E75/><V24/><F24/><W5/><G132/><T41/><D124/><U108/><E108/><V135/><F110/><W129/><G2/><T65/><D65/><U6/><E6/><V10/><F135/><W15/><G109/><T61/><D51/><U111/><E111/><V39/><F39/><W42/><G129/><T79/><D49/><U69/><E69/><V59/><F59/><RYUUKYOKU ba="1,1" sc="218,-10,279,30,211,-10,282,-10" hai1="21,26,29,63,64,68,80,82,83,86,120,121,123" /><INIT seed="1,2,1,0,2,76" ten="208,309,201,272" oya="1" hai0="78,82,80,13,60,121,100,103,21,27,94,90,67" hai1="116,44,122,43,107,69,125,79,66,63,91,113,23" hai2="7,129,36,50,45,99,26,85,130,70,128,20,48" hai3="8,92,108,120,104,39,65,123,89,33,42,35,134"/><U51/><E107/><V19/><F70/><W97/><G108/><T83/><D121/><U96/><E122/><V1/><F99/><W17/><G35/><T54/><D78/><U93/><E113/><V77/><F1/><W61/><G33/><T112/><D112/><U131/><E131/><V5/><F36/><W74/><G134/><T133/><D133/><U34/><E125/><V132/><F132/><W10/><G74/><T24/><D13/><U11/><E34/><V14/><F50/><W57/><G104/><T3/><D3/><U6/><E116/><V38/><F38/><W115/><G115/><T28/><D27/><U4/><E11/><V25/><F25/><W117/><G117/><T32/><D32/><U0/><E0/><V49/><F49/><W73/><G73/><T16/><D28/><U64/><E64/><V12/><F12/><N who="3" m="7303" /><G10/><T88/><D90/><U52/><E79/><V53/><F26/><W2/><G2/><T86/><REACH who="0" step="1"/><D54/><REACH who="0" ten="198,309,201,272" step="2"/><U110/><E110/><V114/><F114/><W18/><G89/><T58/><AGARI ba="2,2" hai="16,21,24,58,60,67,80,82,83,86,88,94,100,103" machi="58" ten="30,16000,3" yaku="1,1,2,1,0,1,8,1,52,3,54,2,53,1" doraHai="76" doraHaiUra="22" who="0" fromWho="0" sc="198,186,309,-82,201,-42,272,-42" /><INIT seed="2,0,0,4,1,95" ten="384,227,159,230" oya="2" hai0="122,64,132,37,44,50,85,14,8,33,24,1,22" hai1="73,23,91,30,113,83,126,110,55,102,28,67,93" hai2="127,100,106,43,77,39,80,15,128,131,11,121,38" hai3="34,27,45,87,6,90,19,103,84,71,108,60,94"/><V26/><F121/><W109/><G6/><T107/><D122/><U12/><E113/><V0/><F127/><W46/><G103/><T105/><D37/><U69/><E126/><V97/><F0/><W25/><G25/><T18/><D132/><U53/><E110/><N who="3" m="42602" /><G87/><T54/><D64/><U40/><E40/><V112/><F112/><W134/><G134/><T120/><D120/><U79/><E102/><V36/><F26/><W116/><G116/><T9/><D9/><U3/><E3/><V20/><F20/><N who="3" m="13727" /><G34/><T129/><D129/><U31/><E67/><AGARI ba="0,0" hai="45,46,60,67,71,84,90,94" m="13727,42602" machi="67" ten="30,1000,0" yaku="14,1" doraHai="95" who="3" fromWho="1" sc="384,0,227,-10,159,0,230,10" /><INIT seed="3,0,0,1,2,36" ten="384,217,159,240" oya="3" hai0="49,97,77,103,80,107,111,95,33,116,65,10,0" hai1="132,17,60,58,98,102,37,106,3,11,128,45,91" hai2="29,31,53,56,104,8,28,100,41,110,118,112,133" hai3="99,59,71,83,42,86,34,14,127,72,9,25,126"/><W35/><G71/><T124/><D33/><U54/><E128/><V57/><F110/><W122/><G122/><T101/><D111/><U61/><E132/><V69/><F118/><W84/><G72/><T20/><D124/><U16/><E61/><V87/><F69/><W78/><G99/><T82/><D65/><U64/><E91/><V47/><F112/><W30/><G59/><T105/><D20/><U96/><E96/><V19/><F133/><W73/><G35/><T117/><D49/><U62/><E62/><V79/><F104/><N who="0" m="40010" /><D10/><U38/><E38/><V66/><F100/><W5/><REACH who="3" step="1"/><G42/><REACH who="3" ten="384,217,159,230" step="2"/><T131/><D97/><U75/><E75/><V123/><F123/><W15/><G15/><T1/><D1/><U93/><E106/><V51/><F57/><W92/><G92/><T2/><D2/><U43/><REACH who="1" step="1"/><E64/><REACH who="1" ten="384,207,159,230" step="2"/><V40/><F66/><W12/><G12/><T94/><D0/><U24/><E24/><V114/><F114/><W4/><G4/><AGARI ba="0,2" hai="3,4,11,16,17,37,43,45,54,58,60,93,98,102" machi="4" ten="40,5200,0" yaku="1,1,52,1,54,1,53,0" doraHai="36" doraHaiUra="121" who="1" fromWho="3" sc="384,0,207,72,159,0,230,-52" /><INIT seed="4,0,0,2,1,48" ten="384,279,159,178" oya="0" hai0="53,50,36,133,98,83,69,87,64,89,33,135,129" hai1="68,26,16,92,107,2,18,88,134,59,13,86,75" hai2="31,65,96,35,43,38,57,41,122,132,82,118,102" hai3="4,62,6,27,77,93,112,126,61,97,19,70,11"/><T39/><D33/><U17/><E68/><V74/><F122/><W73/><G112/><T25/><D129/><U63/><E2/><V130/><F38/><W113/><G113/><T101/><D64/><U22/><E134/><V94/><F35/><W9/><G126/><T51/><D51/><U52/><E75/><V24/><F132/><W23/><G73/><T46/><D69/><U95/><E107/><V21/><F118/><W0/><G77/><T124/><D124/><U55/><E92/><V29/><F29/><W58/><G70/><T47/><D47/><U127/><E127/><V7/><F7/><W105/><G105/><T117/><D117/><U32/><E32/><V80/><F130/><W116/><G116/><T103/><D103/><U44/><E44/><V40/><REACH who="2" step="1"/><F74/><REACH who="2" ten="384,279,149,178" step="2"/><W5/><G0/><T120/><D120/><U79/><E79/><V3/><F3/><W100/><REACH who="3" step="1"/><G62/><AGARI ba="0,1" hai="21,24,31,40,41,43,57,62,65,80,82,94,96,102" machi="62" ten="40,12000,2" yaku="1,1,25,2,8,1,53,2" doraHai="48" doraHaiUra="78" who="2" fromWho="3" sc="384,0,279,0,149,130,178,-120" /><INIT seed="5,0,0,3,2,99" ten="384,279,279,58" oya="1" hai0="122,129,35,51,20,19,37,31,36,68,73,63,101" hai1="62,41,25,53,7,76,130,127,109,11,108,14,92" hai2="65,112,21,71,89,113,88,9,59,55,87,116,18" hai3="78,45,118,91,6,90,124,42,103,95,58,61,105"/><U114/><E114/><N who="2" m="44139" /><F116/><W96/><G118/><T135/><D73/><U79/><E130/><V52/><F9/><W72/><G124/><T126/><D122/><U75/><E127/><V44/><F44/><W49/><G6/><T106/><D51/><U93/><E41/><V77/><F71/><W104/><G104/><T98/><D135/><U80/><E76/><V12/><F65/><W30/><G30/><T120/><D120/><U100/><E25/><V38/><F38/><W111/><G111/><N who="1" m="42570" /><E100/><V57/><F77/><W84/><G91/><N who="2" m="34889" /><F87/><W28/><G28/><T117/><D117/><U69/><E69/><V15/><F12/><W32/><G32/><T27/><D129/><U34/><E34/><V17/><F17/><W5/><G5/><T83/><D126/><U70/><E70/><V2/><F2/><W10/><G10/><T133/><D133/><U3/><E3/><V50/><F50/><W86/><G86/><T60/><D83/><U16/><E7/><V123/><F123/><W119/><G119/><T1/><D1/><U66/><E66/><V54/><AGARI ba="0,0" hai="15,18,21,52,54,55,57,59" m="34889,44139" machi="54" ten="40,8000,1" yaku="15,1,11,1,54,2" doraHai="99" who="2" fromWho="2" sc="384,-20,279,-40,279,80,58,-20" /><INIT seed="6,0,0,3,3,106" ten="364,239,359,38" oya="2" hai0="83,74,65,7,95,101,19,68,107,76,17,133,20" hai1="18,78,81,119,91,132,33,100,105,122,70,32,103" hai2="30,26,14,129,60,82,98,80,96,21,2,87,25" hai3="58,13,125,10,89,67,56,61,120,73,40,71,62"/><V126/><F129/><W114/><G120/><T113/><D113/><U77/><E119/><V15/><F126/><W135/><G125/><T88/><D133/><U69/><E91/><V99/><F2/><W49/><G135/><T43/><D43/><U127/><E127/><V134/><F134/><W121/><G121/><T16/><D7/><U11/><E132/><V23/><F60/><W28/><G114/><T128/><D128/><U36/><E122/><V55/><F55/><W66/><G28/><T9/><D9/><U130/><E130/><V54/><F54/><W45/><G71/><T37/><D37/><U93/><E105/><V53/><F53/><W34/><G34/><T12/><D65/><U29/><E36/><V84/><F98/><W48/><G89/><T97/><D68/><U5/><E18/><V39/><F39/><W110/><G110/><T46/><D46/><U75/><E77/><V47/><F30/><W112/><G112/><T86/><AGARI ba="0,0" hai="12,16,17,19,20,74,76,83,86,88,95,97,101,107" machi="86" ten="20,12000,2" yaku="0,1,7,1,24,2,52,1,54,2" doraHai="106" who="0" fromWho="0" sc="364,120,239,-30,359,-60,38,-30" /><INIT seed="7,0,0,2,3,57" ten="484,209,299,8" oya="3" hai0="94,9,71,18,128,65,42,72,118,30,5,119,100" hai1="122,51,131,14,98,120,34,17,135,63,93,67,47" hai2="35,104,61,112,41,38,101,48,89,11,91,64,32" hai3="111,125,127,55,79,85,117,69,24,7,62,33,121"/><W10/><G117/><T39/><D72/><U87/><E87/><V88/><F38/><W43/><G121/><T12/><D128/><U76/><E76/><V102/><F104/><W29/><G111/><T36/><D30/><U113/><E34/><V58/><F112/><W23/><G43/><T84/><D42/><U116/><E135/><V75/><F75/><W97/><G97/><T123/><D123/><U90/><E113/><V2/><F2/><W28/><G28/><T19/><D39/><U52/><E131/><V81/><F81/><N who="3" m="47295" /><G55/><T15/><D36/><U25/><E25/><V1/><F1/><N who="3" m="367" /><G23/><T124/><D5/><U92/><E92/><V106/><F106/><W83/><G83/><T130/><D130/><U26/><E26/><V8/><F35/><W0/><G0/><T95/><D95/><U44/><E44/><N who="2" m="25615" /><F32/><W53/><G53/><T56/><D15/><U16/><E116/><V4/><F4/><W49/><G49/><T45/><D100/><AGARI ba="0,0" hai="8,11,58,61,64,88,89,91,100,101,102" m="25615" machi="100" ten="30,3900,0" yaku="8,1,52,1,54,1" doraHai="57" who="2" fromWho="0" sc="484,-39,209,0,299,39,8,0" owari="445,54.0,209,-19.0,338,14.0,8,-49.0" /></mjloggm>