<mjloggm ver="2.3"><GO type="169" lobby="0"/><UN n0="%66%65%74%74%72%61%6E" n1="%E3%81%BA%E3%83%BC" n2="%E3%83%88%E3%83%88%E3%83%AA%E5%85%88%E7%94%9F%31%39%E6%AD%B3" n3="%E3%81%87%E3%82%8B%E3%81%87%E3%82%8B" dan="16,18,19,16" rate="2075.55,2207.09,2295.67,2065.94" sx="M,M,F,F"/><TAIKYOKU oya="0"/><INIT seed="0,0,0,5,4,45" ten="250,250,250,250" oya="0" hai0="3,16,50,132,99,83,21,44,84,58,114,127,133" hai1="53,57,65,120,29,28,82,26,31,1,90,134,128" hai2="80,116,81,19,119,42,77,109,94,131,108,33,135" hai3="32,9,110,115,113,66,48,24,67,103,85,78,75"/><T59/><D114/><U89/><E120/><V5/><F33/><W71/><G110/><N who="2" m="42601" /><F5/><W105/><G67/><T106/><D3/><U86/><E134/><N who="0" m="51817" /><D127/><U41/><E128/><V54/><F135/><W11/><G11/><T13/><D99/><U39/><E1/><V40/><F131/><W100/><G100/><T47/><D106/><U92/><E65/><V117/><F19/><W72/><G85/><T74/><D47/><U63/><E39/><V7/><F7/><W73/><G9/><T101/><D101/><U118/><E41/><N who="2" m="15979" /><F77/><W124/><G124/><T107/><D74/><U10/><E10/><V15/><F15/><W38/><G38/><T112/><D107/><U2/><E2/><V121/><F94/><W111/><G111/><T130/><D130/><U17/><E118/><V37/><F37/><W43/><G78/><N who="0" m="46199" /><D112/><U14/><E14/><V122/><F54/><AGARI ba="0,0" hai="13,16,21,44,50,54,58,59" m="46199,51817" machi="54" ten="30,5800,0" yaku="20,1,52,1,54,1" doraHai="45" who="0" fromWho="2" sc="250,58,250,0,250,-58,250,0" /><INIT seed="0,1,0,1,2,118" ten="308,250,192,250" oya="0" hai0="42,76,135,112,25,117,0,114,131,128,67,1,63" hai1="9,4,97,57,115,26,7,21,110,12,6,44,96" hai2="19,70,129,45,100,50,133,58,79,125,127,8,20" hai3="40,103,64,74,92,37,121,55,60,105,43,119,130"/><T107/><D117/><U89/><E110/><V3/><F70/><W83/><G119/><T24/><D107/><U47/><E115/><N who="0" m="44073" /><D76/><U81/><E57/><V111/><F111/><W56/><G130/><N who="0" m="49707" /><D42/><U15/><E97/><V82/><F129/><W109/><G109/><T35/><D135/><U11/><E6/><V53/><F133/><W29/><G105/><T41/><D41/><U87/><REACH who="1" step="1"/><E96/><REACH who="1" ten="308,240,192,250" step="2"/><V73/><F58/><W30/><G56/><N who="0" m="37351" /><D35/><U86/><E86/><V123/><F100/><W98/><G103/><T62/><D62/><U17/><AGARI ba="1,1" hai="4,7,9,11,12,15,17,21,26,44,47,81,87,89" machi="17" ten="20,12000,2" yaku="1,1,0,1,7,1,9,1,8,1,53,1" doraHai="118" doraHaiUra="13" who="1" fromWho="1" sc="308,-61,240,133,192,-31,250,-31" /><INIT seed="1,0,0,3,0,72" ten="247,373,161,219" oya="1" hai0="32,59,124,56,96,98,117,12,79,80,122,31,13" hai1="17,62,50,101,22,1,88,110,93,8,30,105,83" hai2="131,66,107,60,128,27,6,45,39,94,53,114,91" hai3="51,135,118,57,42,89,0,4,132,123,73,125,109"/><U134/><E134/><N who="3" m="51242" /><G73/><T77/><D117/><U129/><E129/><N who="2" m="49739" /><F107/><W10/><G118/><T21/><D32/><U103/><E105/><V126/><F126/><W70/><G70/><T52/><D80/><U71/><E110/><V111/><F111/><W102/><G109/><T63/><D59/><U46/><E30/><V119/><F119/><W16/><G102/><T5/><D124/><U58/><E71/><V84/><F6/><W3/><G125/><T99/><D122/><U116/><E83/><V106/><F106/><W90/><G123/><T7/><D13/><N who="1" m="9519" /><E8/><V121/><F121/><W113/><G113/><T29/><D7/><U25/><E25/><V44/><F114/><W87/><G3/><T95/><D95/><U14/><E1/><V23/><F53/><N who="3" m="31935" /><G42/><T81/><D81/><U49/><E14/><V69/><F39/><W26/><G87/><T28/><D21/><AGARI ba="0,0" hai="0,4,10,16,21,26,89,90" m="31935,51242" machi="21" ten="30,2000,0" yaku="20,1,54,1" doraHai="72" who="3" fromWho="0" sc="247,-20,373,0,161,0,219,20" /><INIT seed="2,0,0,0,4,57" ten="227,373,161,239" oya="2" hai0="9,56,0,76,134,107,86,119,43,111,63,91,50" hai1="120,62,20,131,49,116,16,19,124,118,48,14,10" hai2="72,15,93,37,54,8,59,58,32,89,81,27,13" hai3="78,18,84,132,60,95,110,21,44,39,123,85,100"/><V5/><F37/><W64/><G123/><T45/><D119/><U4/><E120/><V135/><F135/><W52/><G110/><T108/><D134/><U74/><E74/><V7/><F72/><W46/><G132/><T36/><D107/><U40/><E124/><V117/><F117/><W129/><G129/><T24/><D24/><U26/><E131/><V128/><F128/><W113/><G113/><T92/><D76/><U114/><E114/><V22/><F32/><W88/><G39/><T11/><D36/><U112/><E112/><V77/><F81/><N who="3" m="47159" /><G64/><T98/><D98/><U115/><E115/><V90/><F77/><W51/><G100/><T94/><D94/><U41/><E4/><V104/><F104/><W126/><G126/><T97/><D97/><U73/><E73/><V6/><F59/><N who="3" m="34919" /><G51/><T69/><D69/><U61/><E118/><V68/><F68/><W67/><G67/><T42/><D42/><N who="1" m="16491" /><E116/><V31/><F8/><W34/><G34/><T65/><REACH who="0" step="1"/><D0/><REACH who="0" ten="217,373,161,239" step="2"/><U75/><E75/><V87/><REACH who="2" step="1"/><F90/><REACH who="2" ten="217,373,151,239" step="2"/><W30/><G30/><T102/><D102/><U101/><E101/><V35/><F35/><W38/><G38/><T66/><D66/><U125/><E125/><V1/><F1/><W70/><G70/><T83/><D83/><U127/><E127/><V25/><F25/><AGARI ba="0,2" hai="18,21,25,44,46,85,88,95" m="34919,47159" machi="25" ten="30,7700,0" yaku="8,1,52,1,54,2" doraHai="57" who="3" fromWho="2" sc="217,0,373,0,151,-77,239,97" /><INIT seed="3,0,0,0,2,106" ten="217,373,74,336" oya="3" hai0="51,82,95,67,11,134,47,22,35,80,124,111,132" hai1="121,15,9,28,37,90,60,119,6,131,16,23,14" hai2="12,43,39,135,87,50,79,116,99,53,27,83,66" hai3="107,64,45,113,102,94,26,72,7,2,32,41,71"/><W54/><G54/><T77/><D35/><U21/><E121/><V30/><F116/><W1/><G94/><T85/><D124/><U88/><E37/><V97/><F135/><N who="0" m="51754" /><D67/><U31/><E119/><V75/><F66/><W20/><G20/><T86/><D11/><N who="1" m="4471" /><E131/><V81/><F12/><W129/><G129/><T105/><D105/><U0/><E0/><V130/><F39/><W117/><G117/><T125/><D125/><U55/><E23/><V120/><F43/><W63/><G113/><T46/><D111/><U61/><E61/><V127/><F120/><W52/><G52/><N who="0" m="29815" /><D47/><U112/><E112/><V78/><F130/><W56/><G56/><T91/><D22/><U4/><E4/><V96/><F127/><W118/><G118/><T25/><D25/><N who="1" m="16431" /><E31/><V29/><REACH who="2" step="1"/><F27/><REACH who="2" ten="217,373,64,336" step="2"/><W73/><G26/><T89/><D77/><U59/><AGARI ba="0,1" hai="9,15,16,55,59,60,88,90" m="16431,4471" machi="59" ten="30,4000,0" yaku="8,1,54,2" doraHai="106" who="1" fromWho="1" sc="217,-10,373,50,64,-10,336,-20" /><INIT seed="4,0,0,2,4,119" ten="207,423,54,316" oya="0" hai0="18,2,102,29,118,52,101,26,61,7,106,71,50" hai1="16,8,57,58,94,69,44,39,48,15,73,109,37" hai2="59,130,129,28,25,131,33,76,21,11,80,6,66" hai3="90,27,17,62,89,114,127,91,123,63,47,92,74"/><T112/><D118/><U14/><E69/><V99/><F99/><W1/><G114/><T45/><D112/><U135/><E109/><V97/><F97/><W105/><G105/><T72/><D72/><U53/><E73/><V46/><F46/><W3/><G74/><T0/><D18/><U87/><E135/><V82/><F76/><W43/><G127/><T111/><D111/><U54/><E15/><V79/><F79/><W107/><G107/><T49/><D49/><U115/><E115/><V30/><F30/><W96/><G123/><T126/><D126/><U81/><E94/><V104/><F104/><W133/><G133/><T20/><D106/><U116/><E116/><V4/><F33/><W41/><G3/><T75/><D75/><U121/><E121/><V93/><F93/><W68/><G1/><T77/><D77/><U35/><E35/><V22/><F22/><N who="3" m="13775" /><G68/><T128/><D128/><U36/><E54/><V117/><F117/><W31/><G31/><T100/><REACH who="0" step="1"/><D7/><REACH who="0" ten="197,423,54,316" step="2"/><U88/><AGARI ba="0,1" hai="8,14,16,36,37,39,44,48,53,57,58,81,87,88" machi="88" ten="30,8000,1" yaku="0,1,25,2,54,2" doraHai="119" who="1" fromWho="1" sc="197,-40,423,90,54,-20,316,-20" /><INIT seed="5,0,0,5,4,22" ten="157,513,34,296" oya="1" hai0="21,60,98,55,125,94,61,117,80,7,20,35,120" hai1="41,17,52,123,18,28,24,32,106,69,129,51,107" hai2="126,103,81,78,5,134,93,12,2,49,37,14,56" hai3="97,132,19,11,10,122,30,31,9,83,34,36,64"/><U1/><E41/><V102/><F37/><W66/><G36/><T67/><D117/><U111/><E123/><V135/><F126/><W68/><G122/><T25/><D120/><U84/><E69/><V13/><F2/><W27/><G132/><N who="2" m="50729" /><F5/><W114/><G114/><T53/><D80/><U100/><E1/><V62/><F49/><W42/><G42/><T131/><D131/><U87/><E129/><V45/><F45/><W15/><G83/><T121/><D7/><U82/><E111/><V29/><F29/><W39/><G39/><T3/><D3/><U128/><E128/><V105/><F93/><W50/><G50/><T26/><D35/><U59/><E87/><N who="2" m="48567" /><F105/><W47/><G47/><T54/><D125/><U115/><E115/><V71/><F71/><W79/><G31/><N who="0" m="17831" /><D67/><AGARI ba="0,0" hai="12,13,14,56,62,67,102,103" m="48567,50729" machi="67" ten="30,1000,0" yaku="20,1" doraHai="22" who="2" fromWho="0" sc="157,-10,513,0,34,10,296,0" /><INIT seed="6,0,0,5,1,16" ten="147,513,44,296" oya="2" hai0="111,82,83,109,50,95,9,56,65,106,97,23,119" hai1="108,35,4,15,10,37,110,129,45,96,113,34,31" hai2="120,20,30,76,78,25,58,101,105,127,117,60,74" hai3="51,44,79,42,63,5,59,80,19,47,132,17,21"/><V38/><F117/><W71/><G132/><T62/><D106/><U128/><E113/><V92/><F120/><W112/><G112/><T41/><D119/><U54/><E96/><N who="2" m="59527" /><F74/><W84/><G71/><T28/><D9/><U115/><E115/><V57/><F105/><W118/><G118/><T12/><D111/><U86/><E86/><V122/><F38/><W7/><G19/><N who="0" m="10727" /><D28/><U70/><E70/><V52/><F122/><W8/><G8/><T66/><D66/><U72/><E72/><V61/><F127/><W124/><G47/><N who="0" m="25967" /><D109/><U134/><E134/><V53/><AGARI ba="0,0" hai="20,25,30,52,53,57,58,60,61,76,78" m="59527" machi="53" ten="30,6000,0" yaku="8,1,52,1,54,1" doraHai="16" who="2" fromWho="2" sc="147,-20,513,-20,44,60,296,-20" /><INIT seed="6,1,0,4,4,109" ten="127,493,104,276" oya="2" hai0="96,123,106,124,115,2,126,111,7,8,19,73,35" hai1="40,89,107,100,97,39,65,112,67,61,51,22,10" hai2="114,119,5,84,52,12,66,70,3,38,4,71,46" hai3="110,23,6,122,72,37,101,69,116,80,14,105,87"/><V36/><F119/><W1/><G14/><T34/><D73/><U127/><E65/><V49/><F3/><W15/><G15/><T11/><D111/><U32/><E22/><V31/><F114/><W9/><G23/><T56/><D56/><U44/><E112/><V25/><F84/><W55/><G55/><T132/><D115/><U81/><E10/><V26/><F12/><W103/><G87/><T88/><D123/><U95/><E81/><V74/><F74/><W83/><G83/><T113/><D113/><U24/><E127/><N who="0" m="48681" /><D106/><U133/><E133/><V18/><F18/><W27/><G103/><T59/><D59/><U130/><E130/><V79/><F79/><W90/><G90/><T77/><D77/><U76/><E76/><V42/><F36/><W33/><G37/><T50/><D50/><U62/><E39/><V41/><F26/><W121/><G116/><T54/><D54/><U135/><E135/><V102/><F102/><W94/><G94/><N who="0" m="56391" /><D132/><U13/><E13/><AGARI ba="1,0" hai="2,7,8,11,13,19,34,35" m="56391,48681" machi="13" ten="30,2000,0" yaku="18,1,54,1" doraHai="109" who="0" fromWho="1" sc="127,23,493,-23,104,0,276,0" /><INIT seed="7,0,0,5,1,135" ten="150,470,104,276" oya="3" hai0="44,88,78,41,14,25,65,19,17,74,58,53,61" hai1="49,77,82,56,93,26,110,113,118,104,84,60,111" hai2="22,92,1,115,40,126,86,85,71,81,59,47,67" hai3="75,76,117,97,98,45,120,21,12,23,16,9,131"/><W46/><G120/><T109/><D109/><U112/><E104/><V51/><F1/><W116/><G131/><T27/><D78/><U10/><E118/><V63/><F115/><N who="1" m="44105" /><E49/><V13/><F126/><W57/><G75/><T50/><D74/><U0/><E93/><V43/><F71/><W129/><G76/><T5/><D5/><N who="1" m="1319" /><E26/><N who="0" m="9737" /><D88/><U37/><E37/><V3/><F3/><W125/><G125/><T29/><D29/><U94/><E94/><V133/><F133/><W121/><G121/><T73/><D73/><U96/><E96/><N who="3" m="36970" /><G129/><T122/><D122/><U32/><E32/><V91/><F13/><W100/><G117/><T114/><D114/><U130/><E130/><V64/><F22/><N who="3" m="8203" /><G116/><T69/><D14/><U127/><E127/><V31/><F31/><W119/><G119/><T95/><D95/><U62/><E62/><V79/><REACH who="2" step="1"/><F43/><REACH who="2" ten="150,470,94,276" step="2"/><W123/><G123/><T103/><D103/><U33/><E33/><V54/><AGARI ba="0,1" hai="40,47,51,54,59,63,64,67,79,81,85,86,91,92" machi="54" ten="20,12000,2" yaku="1,1,2,1,0,1,7,1,8,1,53,1" doraHai="135" doraHaiUra="42" who="2" fromWho="2" sc="150,-30,470,-30,94,130,276,-60" owari="120,-38.0,440,54.0,224,2.0,216,-18.0" /></mjloggm>