<mjloggm ver="2.3"><GO type="169" lobby="0"/><UN n0="%E3%82%82%E3%82%81%E3%82%93%E3%81%AA%E3%81%A1%E3%82%83%E3%81%84" n1="%6D%61%73%79" n2="%63%6F%62%65%68%6F%70%65" n3="%E3%83%88%E3%83%88%E3%83%AA%E5%85%88%E7%94%9F%31%39%E6%AD%B3" dan="18,16,16,19" rate="2298.01,2076.36,2117.74,2289.19" sx="F,M,M,F"/><TAIKYOKU oya="0"/><INIT seed="0,0,0,1,5,26" ten="250,250,250,250" oya="0" hai0="118,120,1,80,4,44,37,108,48,23,27,58,12" hai1="103,2,62,43,85,104,130,45,86,101,114,74,34" hai2="107,6,113,129,0,15,78,131,100,33,83,57,70" hai3="91,19,35,119,105,96,124,16,7,10,82,116,25"/><T81/><D120/><U61/><E130/><N who="2" m="49675" /><F70/><W29/><G124/><T30/><D118/><U39/><E114/><V65/><F33/><W55/><G55/><T89/><D108/><U40/><E34/><V66/><F0/><W109/><G109/><T64/><D1/><U41/><E2/><V77/><F78/><W71/><G71/><T93/><D37/><U9/><E9/><N who="2" m="4535" /><F57/><W135/><G135/><T11/><D58/><U111/><E111/><V69/><F69/><W88/><G116/><T53/><REACH who="0" step="1"/><D64/><REACH who="0" ten="240,250,250,250" step="2"/><U59/><E59/><V68/><F68/><W102/><G119/><T84/><AGARI ba="0,1" hai="4,11,12,23,27,30,44,48,53,80,81,84,89,93" machi="84" ten="20,18000,2" yaku="1,1,2,1,0,1,7,1,8,1,52,1,53,1" doraHai="26" doraHaiUra="17" who="0" fromWho="0" sc="240,190,250,-60,250,-60,250,-60" /><INIT seed="0,1,0,2,3,82" ten="430,190,190,190" oya="0" hai0="35,6,19,102,8,68,31,65,10,106,70,40,125" hai1="5,24,66,38,60,15,14,116,1,44,99,61,84" hai2="133,0,89,55,25,7,79,117,123,58,81,101,39" hai3="83,33,107,64,2,47,112,18,30,69,53,119,110"/><T34/><D40/><U4/><E116/><V29/><F133/><W45/><G119/><T41/><D41/><U94/><E38/><V76/><F123/><W37/><G107/><T27/><D125/><U32/><E44/><V57/><F39/><W92/><G2/><T71/><D35/><U22/><E32/><V91/><F7/><N who="1" m="2633" /><E1/><V100/><F0/><W122/><G112/><T43/><D43/><U49/><E49/><V74/><F76/><W51/><G110/><T56/><D19/><N who="1" m="12383" /><E84/><N who="2" m="48191" /><F117/><W26/><G122/><T130/><D130/><U75/><E75/><V127/><F74/><W48/><G37/><T23/><D34/><U134/><E134/><V97/><F127/><W87/><G18/><T126/><D126/><U46/><E46/><V115/><F115/><W131/><G131/><T16/><D6/><U20/><E20/><N who="2" m="15527" /><F58/><W90/><G47/><T11/><D56/><N who="1" m="37127" /><E61/><N who="2" m="36031" /><F97/><W128/><G51/><T103/><D106/><U85/><E85/><V129/><F129/><W50/><G50/><T135/><D135/><U95/><E95/><V88/><AGARI ba="1,0" hai="88,89,91,100,101" m="36031,15527,48191" machi="88" ten="30,4000,0" yaku="8,1,52,1,54,1" doraHai="82" who="2" fromWho="2" sc="430,-21,190,-11,190,43,190,-11" /><INIT seed="1,0,0,3,0,33" ten="409,179,233,179" oya="1" hai0="74,95,100,40,131,119,108,63,2,59,83,18,15" hai1="85,82,116,19,42,16,129,128,122,57,91,93,120" hai2="76,87,109,34,106,71,56,69,29,62,72,101,99" hai3="58,32,121,44,49,12,25,111,47,8,20,11,132"/><U78/><E116/><V94/><F109/><W3/><G121/><T61/><D2/><U115/><E115/><V70/><F29/><N who="3" m="19503" /><G58/><T7/><D131/><N who="1" m="50251" /><E42/><V17/><F34/><W65/><G49/><T114/><D40/><U21/><E57/><V113/><F113/><W5/><G65/><T54/><D59/><U110/><E110/><V41/><F41/><W45/><G11/><T14/><D114/><U81/><E81/><V88/><F17/><N who="1" m="6729" /><E21/><V89/><F89/><W37/><G20/><T124/><D119/><U118/><E118/><V123/><F123/><W60/><G44/><T134/><D83/><U104/><E104/><V64/><F69/><W130/><G47/><T125/><D108/><U73/><AGARI ba="0,0" hai="73,78,82,85,91,93,120,122" m="6729,50251" machi="73" ten="30,3000,0" yaku="19,1,54,1" doraHai="33" who="1" fromWho="1" sc="409,-10,179,30,233,-10,179,-10" /><INIT seed="1,1,0,0,5,123" ten="399,209,223,169" oya="1" hai0="90,81,57,59,117,71,50,39,13,125,124,129,75" hai1="47,63,78,12,55,62,44,113,74,85,79,128,54" hai2="132,25,65,14,8,97,77,52,68,127,87,53,19" hai3="99,84,66,69,61,5,110,122,133,41,42,72,91"/><U76/><E113/><V58/><F127/><N who="0" m="48714" /><D71/><U49/><E74/><V34/><F132/><W89/><G133/><T103/><D39/><U9/><E128/><V35/><F68/><W46/><G122/><T10/><D103/><U108/><E108/><V23/><F65/><W6/><G72/><T3/><D3/><U36/><E85/><V18/><F53/><W88/><G110/><T22/><D22/><U30/><E30/><V26/><F26/><W121/><G121/><T107/><D107/><U80/><E80/><V120/><F120/><W7/><G99/><T45/><D117/><U93/><E93/><V130/><F130/><W16/><G84/><T111/><D111/><U4/><REACH who="1" step="1"/><E36/><REACH who="1" ten="399,199,223,169" step="2"/><V33/><F97/><W27/><REACH who="3" step="1"/><G46/><REACH who="3" ten="399,199,223,159" step="2"/><T126/><D126/><U105/><E105/><V20/><F87/><W56/><G56/><T112/><D129/><U115/><E115/><V60/><REACH who="2" step="1"/><F77/><REACH who="2" ten="399,199,213,159" step="2"/><W24/><G24/><T118/><D112/><U15/><E15/><V70/><F70/><W86/><G86/><N who="0" m="50511" /><D75/><U51/><AGARI ba="1,3" hai="4,9,12,44,47,49,51,54,55,62,63,76,78,79" machi="51" ten="30,11700,0" yaku="1,1,0,1,9,1,8,1,53,0" doraHai="123" doraHaiUra="21" who="1" fromWho="1" sc="399,-40,199,150,213,-40,159,-40" /><INIT seed="1,2,0,0,1,63" ten="359,349,173,119" oya="1" hai0="89,125,114,107,64,95,54,115,55,92,113,29,87" hai1="124,72,116,68,8,118,129,86,97,119,39,6,19" hai2="96,98,5,52,2,132,101,135,26,1,40,105,7" hai3="43,66,71,104,90,45,127,117,134,38,67,110,58"/><U93/><E39/><V133/><F40/><W120/><G104/><T0/><D107/><U112/><E72/><V27/><F101/><W33/><G33/><T10/><D29/><U75/><E75/><V82/><F105/><W23/><G120/><T100/><D125/><U20/><E112/><V74/><F74/><W106/><G106/><T81/><D64/><N who="3" m="24617" /><G71/><T42/><D42/><U47/><E68/><V103/><F103/><W108/><G127/><T36/><D36/><U59/><E124/><V17/><F17/><W84/><G58/><T88/><D100/><U53/><E47/><V46/><F46/><W91/><G23/><T78/><D0/><U57/><E57/><V28/><F135/><W77/><G134/><T44/><D44/><U31/><E59/><V50/><F28/><W130/><G130/><T34/><D34/><U70/><E31/><V13/><F2/><W94/><G77/><T128/><D128/><U56/><E70/><V83/><F1/><W21/><G21/><T62/><D115/><U48/><E129/><V18/><F133/><W35/><G35/><T30/><D114/><U37/><E37/><V51/><F132/><W14/><G14/><T76/><D76/><U22/><E20/><V73/><F73/><W80/><G117/><T122/><D122/><U123/><E123/><V60/><F13/><W121/><G121/><T65/><D78/><U102/><E22/><V41/><F18/><W15/><G15/><T4/><D113/><U9/><E19/><V11/><F7/><W3/><G3/><N who="0" m="287" /><D30/><U131/><E131/><V99/><F5/><RYUUKYOKU ba="2,0" sc="359,-10,349,-10,173,-10,119,30" hai3="38,43,45,80,84,90,91,94,108,110" /><INIT seed="2,3,0,4,3,112" ten="349,339,163,149" oya="2" hai0="20,86,27,14,43,118,32,106,97,62,72,24,99" hai1="80,40,77,124,128,39,91,131,111,114,98,123,42" hai2="2,44,89,29,23,135,48,0,8,105,67,64,68" hai3="66,45,81,100,109,113,79,92,41,74,56,120,31"/><V130/><F105/><W88/><G120/><T103/><D72/><U49/><E114/><V34/><F34/><W127/><G113/><T125/><D125/><U117/><E124/><V35/><F35/><W30/><G127/><T116/><D43/><U25/><E123/><V78/><F68/><W4/><G109/><T83/><D99/><U53/><E111/><V82/><F2/><W38/><G100/><T15/><D62/><U5/><E39/><V12/><F0/><W132/><G132/><T134/><D32/><U18/><E5/><V6/><F89/><W55/><G66/><T76/><D27/><U84/><E117/><N who="0" m="45161" /><D134/><U93/><E18/><AGARI ba="3,0" hai="14,15,18,20,24,76,83,86,97,103,106" m="45161" machi="18" ten="30,7700,0" yaku="12,1,52,3" doraHai="112" who="0" fromWho="1" sc="349,86,339,-86,163,0,149,0" /><INIT seed="3,0,0,5,3,62" ten="435,253,163,149" oya="3" hai0="67,112,36,70,11,40,126,16,50,21,109,120,104" hai1="44,102,122,13,83,97,51,130,6,88,4,72,80" hai2="56,48,33,18,25,55,133,95,2,73,31,28,17" hai3="38,37,64,5,84,68,96,29,121,59,91,131,98"/><W32/><G121/><T74/><D36/><U129/><E122/><V27/><F133/><W99/><G131/><N who="1" m="50186" /><E72/><V125/><F125/><W45/><G68/><T107/><D11/><N who="1" m="4327" /><E6/><V86/><F2/><W100/><G100/><T23/><D50/><U57/><E57/><V124/><F73/><W58/><G5/><T79/><D40/><N who="1" m="24967" /><E88/><V92/><F124/><W39/><G45/><T89/><D107/><AGARI ba="0,0" hai="80,83,97,102,107" m="24967,4327,50186" machi="107" ten="30,1000,0" yaku="19,1" doraHai="62" who="1" fromWho="0" sc="435,-10,253,10,163,0,149,0" /><INIT seed="4,0,0,0,0,22" ten="425,263,163,149" oya="0" hai0="61,9,63,2,6,14,124,54,50,67,26,29,88" hai1="94,28,89,65,114,76,35,39,66,7,13,5,41" hai2="110,98,57,127,101,87,81,60,21,106,62,1,48" hai3="12,55,79,109,77,44,120,68,99,91,16,53,8"/><T18/><D124/><U85/><E76/><N who="3" m="29258" /><G109/><T23/><D88/><U126/><E126/><V56/><F1/><W83/><G68/><T72/><D72/><U49/><E39/><V69/><F110/><W97/><G120/><T10/><REACH who="0" step="1"/><D67/><REACH who="0" ten="415,263,163,149" step="2"/><U117/><E65/><N who="2" m="39055" /><F127/><W78/><G78/><T27/><D27/><U100/><E66/><N who="2" m="39239" /><F69/><W125/><G125/><T118/><D118/><U135/><E117/><V116/><F116/><W104/><G91/><T121/><D121/><U111/><E89/><N who="2" m="51439" /><F106/><W105/><G104/><T123/><D123/><U52/><E111/><V3/><F98/><W32/><G105/><T47/><AGARI ba="0,1" hai="2,6,9,10,14,18,23,26,29,47,50,54,61,63" machi="47" ten="20,7800,0" yaku="1,1,0,1,7,1,52,1,53,0" doraHai="22" doraHaiUra="31" who="0" fromWho="0" sc="415,88,263,-26,163,-26,149,-26" /><INIT seed="4,1,0,3,1,65" ten="503,237,137,123" oya="0" hai0="6,22,105,64,124,99,63,28,40,125,129,78,24" hai1="0,106,47,68,131,2,49,112,30,75,88,95,8" hai2="104,34,128,86,97,39,36,110,54,56,132,103,33" hai3="93,83,14,4,52,91,121,118,71,53,20,51,5"/><T16/><D78/><U7/><E131/><V77/><F128/><W38/><G118/><T133/><D40/><U120/><E120/><V41/><F110/><W15/><G38/><T92/><D6/><N who="3" m="2665" /><G71/><N who="0" m="42399" /><D133/><U43/><E106/><V126/><F132/><W84/><G121/><T122/><D122/><U82/><E112/><V66/><F66/><W25/><G83/><T76/><D76/><U98/><E30/><V46/><F39/><W42/><G42/><T17/><D129/><U27/><E27/><V69/><F69/><W81/><G81/><T61/><D61/><U18/><E18/><V108/><F108/><W127/><G127/><N who="0" m="48715" /><D105/><U37/><E68/><V111/><F111/><W13/><G51/><T117/><D117/><U35/><E35/><V123/><F123/><W85/><G85/><T58/><D58/><U48/><REACH who="1" step="1"/><E0/><REACH who="1" ten="503,227,137,123" step="2"/><V59/><F126/><W130/><G130/><T119/><D119/><U109/><E109/><V72/><F34/><W87/><G87/><T29/><D29/><AGARI ba="1,1" hai="13,14,15,20,25,29,52,53,84,91,93" m="2665" machi="29" ten="30,2000,0" yaku="8,1,54,1" doraHai="65" who="3" fromWho="0" sc="503,-23,227,0,137,0,123,33" /><INIT seed="5,0,0,5,3,129" ten="480,227,137,156" oya="1" hai0="110,117,24,67,111,126,38,113,52,115,88,133,121" hai1="116,31,44,95,30,86,27,90,35,23,114,70,47" hai2="54,104,21,20,61,49,62,112,64,26,58,48,119" hai3="128,7,98,33,79,109,102,34,130,73,89,131,11"/><U93/><E116/><V99/><F112/><N who="0" m="43082" /><D121/><U78/><E114/><V45/><F119/><W25/><G109/><T108/><D126/><U32/><E70/><V71/><F48/><W8/><G89/><T123/><D123/><U83/><E95/><V36/><F21/><W66/><G66/><T120/><D120/><U42/><E31/><V2/><F2/><N who="3" m="119" /><G11/><T12/><D133/><U96/><REACH who="1" step="1"/><E47/><REACH who="1" ten="480,217,137,156" step="2"/><V72/><F104/><W40/><G130/><T92/><D117/><U60/><E60/><V16/><F99/><W135/><G131/><T68/><D68/><U17/><E17/><V107/><F107/><W124/><G98/><T75/><D92/><U94/><E94/><V82/><F61/><W46/><G46/><T97/><D97/><U13/><E13/><V84/><F72/><W55/><G128/><T10/><D75/><U63/><E63/><V18/><F18/><W69/><G73/><T28/><D28/><U50/><AGARI ba="0,1" hai="23,27,30,32,35,42,44,50,78,83,86,90,93,96" machi="50" ten="20,7800,0" yaku="1,1,0,1,7,1,53,1" doraHai="129" doraHaiUra="80" who="1" fromWho="1" sc="480,-26,217,88,137,-26,156,-26" /><INIT seed="5,1,0,5,4,67" ten="454,305,111,130" oya="1" hai0="61,22,100,131,109,8,28,114,99,63,73,111,93" hai1="62,58,69,125,39,105,98,54,52,14,5,87,64" hai2="7,82,6,86,23,38,101,42,90,123,118,19,32" hai3="15,13,30,44,115,57,0,1,45,107,9,89,103"/><U124/><E39/><V132/><F32/><W18/><G115/><T48/><D73/><U129/><E129/><V88/><F132/><W133/><G133/><T80/><D80/><U60/><E54/><V17/><F118/><W25/><G107/><T20/><D114/><U46/><E46/><V26/><F123/><W70/><G70/><T53/><D131/><U78/><E78/><V77/><F101/><W37/><G103/><T104/><D104/><U75/><E75/><V126/><F126/><N who="1" m="48745" /><E87/><V56/><F56/><W130/><G130/><T120/><D53/><U79/><E79/><V2/><F2/><W71/><G71/><T113/><D120/><U59/><E59/><V33/><F33/><W35/><G57/><T92/><D113/><U102/><E14/><V16/><F42/><W85/><G15/><T21/><D48/><U94/><E94/><V121/><F38/><W97/><G97/><T55/><D55/><U96/><E96/><V83/><F121/><W31/><G37/><T116/><D93/><U34/><E34/><V4/><REACH who="2" step="1"/><F90/><REACH who="2" ten="454,305,101,130" step="2"/><W72/><G0/><T50/><D100/><U122/><E122/><V106/><F106/><W40/><G1/><T27/><D116/><U29/><E5/><V91/><F91/><W12/><G40/><T135/><D135/><U65/><E65/><V128/><F128/><W36/><G36/><T95/><D99/><U127/><E127/><V51/><F51/><W74/><G89/><T68/><D50/><U49/><E49/><V3/><F3/><W24/><G35/><T112/><D112/><U10/><E105/><RYUUKYOKU ba="1,1" sc="454,-10,305,-10,101,30,130,-10" hai2="4,6,7,16,17,19,23,26,77,82,83,86,88" /><INIT seed="6,2,1,2,2,80" ten="444,295,131,120" oya="2" hai0="31,103,70,115,38,8,131,62,110,60,51,124,67" hai1="18,82,105,130,88,26,17,75,13,117,37,132,84" hai2="6,89,21,35,50,47,11,4,23,133,98,7,22" hai3="135,40,127,73,0,94,90,20,91,87,116,54,83"/><V99/><F133/><W126/><G116/><T41/><D38/><U14/><E117/><V101/><F35/><W74/><G0/><T12/><D31/><U114/><E132/><V55/><F89/><W39/><G135/><T33/><D33/><U25/><E37/><V32/><F32/><W93/><G54/><T57/><D110/><U66/><E130/><V113/><F113/><W27/><G40/><T58/><D124/><N who="3" m="47657" /><G39/><T111/><D103/><U49/><E114/><V97/><REACH who="2" step="1"/><F11/><REACH who="2" ten="444,295,121,120" step="2"/><W24/><G83/><T129/><D115/><U19/><E82/><V78/><F78/><W5/><G5/><T64/><D129/><U16/><E88/><V69/><F69/><W79/><G79/><T96/><D131/><U122/><E122/><V2/><F2/><W81/><G81/><T76/><D76/><U34/><E34/><V95/><AGARI ba="2,2" hai="4,6,7,21,22,23,47,50,55,95,97,98,99,101" machi="95" ten="30,6000,0" yaku="1,1,0,1,8,1,53,0" doraHai="80" doraHaiUra="53" who="2" fromWho="2" sc="444,-22,295,-22,121,86,120,-22" /><INIT seed="6,3,0,3,5,88" ten="422,273,207,98" oya="2" hai0="77,80,96,15,20,79,18,38,124,114,125,57,6" hai1="22,75,112,87,134,90,126,56,102,127,26,69,98" hai2="123,29,89,14,132,99,131,109,84,43,41,97,66" hai3="111,94,44,85,78,74,118,110,128,52,8,27,135"/><V119/><F119/><W122/><G118/><T68/><D68/><U40/><E69/><V115/><F123/><W45/><G122/><T37/><D114/><U63/><E112/><V55/><F115/><W30/><G128/><T17/><D6/><U42/><E75/><V72/><F72/><W24/><G135/><T16/><D57/><U33/><E33/><V32/><F131/><W21/><G74/><N who="0" m="43063" /><D79/><U58/><E134/><V101/><F66/><W31/><G8/><T59/><D59/><U83/><E58/><V104/><F97/><W50/><G45/><T105/><D18/><U12/><E12/><V4/><F132/><W36/><G36/><T34/><D17/><U54/><E126/><N who="0" m="48745" /><D34/><U81/><E81/><V28/><F55/><W47/><G47/><T92/><D105/><U7/><E7/><V121/><F109/><W116/><G116/><T13/><D13/><U71/><E71/><V130/><F130/><W129/><G129/><T106/><D106/><U5/><E5/><V120/><F120/><W48/><G48/><T93/><D93/><N who="1" m="58703" /><E127/><V76/><F76/><W108/><G78/><T3/><D3/><U46/><E46/><V25/><F28/><AGARI ba="3,0" hai="22,26,28,40,42,54,56,63,83,87,90" m="58703" machi="28" ten="30,2000,0" yaku="8,1,52,1" doraHai="88" who="1" fromWho="2" sc="422,0,273,29,207,-29,98,0" /><INIT seed="7,0,0,0,3,126" ten="422,302,178,98" oya="3" hai0="95,58,112,101,10,98,107,42,122,100,118,125,23" hai1="44,20,59,113,92,28,69,22,134,123,111,130,53" hai2="119,104,89,120,127,14,121,9,19,85,43,3,27" hai3="21,129,0,31,81,51,2,48,52,39,105,128,54"/><W70/><G105/><T5/><D122/><N who="2" m="47210" /><F104/><W1/><G70/><T49/><D112/><U79/><E113/><V6/><F127/><W55/><G39/><T90/><D118/><U67/><E134/><V8/><F43/><W36/><G36/><T29/><D42/><U93/><E44/><V16/><F119/><W25/><REACH who="3" step="1"/><G81/><REACH who="3" ten="422,302,178,88" step="2"/><T62/><D107/><U131/><E123/><V76/><F76/><W61/><G61/><T115/><D62/><U37/><E79/><V24/><F19/><W4/><G4/><T83/><D83/><AGARI ba="0,1" hai="3,6,8,9,14,16,24,27,83,85,89" m="47210" machi="83" ten="30,2000,0" yaku="13,1,54,1" doraHai="126" who="2" fromWho="0" sc="422,-20,302,0,178,30,88,0" owari="402,50.0,302,10.0,208,-19.0,88,-41.0" /></mjloggm>