<mjloggm ver="2.3"><GO type="169" lobby="0"/><UN n0="%E3%81%82%E3%82%8A%E3%81%8B%E3%81%9F%E3%82%93" n1="%E3%82%AB%E3%83%A9%E3%82%B9%E3%81%AE%E5%AD%90" n2="%E3%81%91%E3%82%93%31%39%37%30" n3="%E3%82%A6%E3%83%AB%E3%83%88%E3%83%A9%E7%AB%8B%E7%9B%B4" dan="16,17,17,17" rate="2176.52,2185.70,2192.92,2233.83" sx="M,F,M,M"/><TAIKYOKU oya="0"/><INIT seed="0,0,0,0,2,2" ten="250,250,250,250" oya="0" hai0="26,92,42,128,80,14,87,86,68,31,70,62,52" hai1="77,113,5,74,121,107,69,132,123,17,67,116,15" hai2="72,32,21,90,105,73,45,101,104,20,94,11,99" hai3="36,98,27,88,125,76,127,120,57,54,82,8,38"/><T58/><D128/><U43/><E116/><V44/><F32/><W30/><G8/><T51/><D14/><U135/><E107/><V118/><F118/><W48/><G120/><N who="1" m="46154" /><E43/><V55/><F105/><W124/><G98/><T7/><D7/><U18/><E74/><V13/><F72/><W106/><G106/><T4/><D4/><U130/><E77/><V1/><F1/><W10/><G10/><T102/><D102/><U122/><E67/><V84/><F73/><N who="3" m="43279" /><G88/><T115/><D115/><U50/><E69/><V83/><F104/><W41/><G41/><T35/><D92/><U63/><E50/><N who="2" m="29127" /><F45/><W6/><G6/><AGARI ba="0,0" hai="6,11,13,20,21,83,84,90,94,99,101" m="29127" machi="6" ten="30,2000,0" yaku="8,1,52,1" doraHai="2" who="2" fromWho="3" sc="250,0,250,0,250,20,250,-20" /><INIT seed="1,0,0,4,4,89" ten="250,250,270,230" oya="1" hai0="57,12,113,15,111,107,130,79,80,71,82,127,16" hai1="73,117,34,81,19,63,45,8,69,5,59,53,123" hai2="38,35,33,55,133,13,120,20,91,1,121,105,78" hai3="26,28,96,129,100,68,132,32,62,58,56,112,135"/><U50/><E123/><V109/><F38/><W93/><G112/><T70/><D113/><U125/><E117/><V87/><F105/><W84/><G129/><T103/><D130/><U124/><E34/><V9/><F78/><W4/><G4/><T119/><D119/><U37/><E19/><V110/><F55/><W40/><G40/><T106/><D111/><N who="2" m="42506" /><F91/><W48/><G84/><T101/><D57/><U22/><E22/><V86/><F86/><W88/><G100/><T21/><D127/><N who="1" m="48715" /><E37/><V2/><F87/><W90/><G90/><T97/><D15/><N who="1" m="5519" /><E73/><V95/><F133/><N who="3" m="51275" /><G48/><T92/><D80/><U76/><E76/><V6/><F95/><W39/><G39/><T7/><D7/><U43/><E81/><V23/><F23/><W30/><G30/><T3/><D107/><U47/><E47/><V60/><F60/><W10/><G10/><T74/><REACH who="0" step="1"/><D3/><REACH who="0" ten="240,250,270,230" step="2"/><U104/><E104/><V31/><F1/><W27/><G27/><T66/><D66/><AGARI ba="0,1" hai="26,28,32,56,58,62,66,68,88,93,96" m="51275" machi="66" ten="30,3900,0" yaku="20,1,52,1,54,1" doraHai="89" who="3" fromWho="0" sc="240,-39,250,0,270,0,230,49" /><INIT seed="2,0,0,0,5,65" ten="201,250,270,279" oya="2" hai0="11,38,19,128,61,129,102,118,35,1,40,4,56" hai1="44,120,113,87,92,69,32,10,90,53,41,88,122" hai2="134,82,85,71,70,79,76,25,16,117,54,26,112" hai3="33,107,62,52,133,114,14,8,93,132,81,78,73"/><V111/><F112/><W63/><G33/><T67/><D118/><U123/><E113/><V89/><F117/><W64/><G107/><T75/><D35/><U46/><E32/><V105/><F105/><W47/><G114/><T99/><D75/><U103/><E103/><V95/><F79/><W7/><G93/><T110/><D110/><U98/><E53/><V36/><F36/><W39/><G63/><T121/><D121/><U5/><E41/><V55/><F134/><W104/><G104/><T9/><D40/><U31/><E31/><V101/><F101/><W17/><G17/><T51/><D51/><U37/><E37/><V29/><F29/><W15/><G15/><T106/><D38/><U96/><E69/><V45/><F111/><W13/><G13/><T135/><D135/><U91/><E98/><V86/><F26/><W30/><G30/><T130/><D11/><U116/><E116/><V131/><F131/><W2/><G14/><T21/><D21/><U6/><E91/><V58/><F45/><N who="1" m="17513" /><E10/><V3/><F3/><W84/><G84/><T24/><D24/><U108/><E108/><V124/><F124/><W80/><G80/><AGARI ba="0,0" hai="5,6,80,87,88,90,92,96,120,122,123" m="17513" machi="80" ten="30,2000,0" yaku="13,1,54,1" doraHai="65" who="1" fromWho="3" sc="201,0,250,20,270,0,279,-20" /><INIT seed="3,0,0,4,2,13" ten="201,270,270,259" oya="3" hai0="58,56,61,6,3,60,62,125,46,16,123,97,87" hai1="124,23,82,2,119,93,63,15,135,86,132,22,11" hai2="88,21,72,122,104,40,120,54,70,107,127,65,84" hai3="51,81,91,118,117,31,128,121,103,98,35,96,41"/><W59/><G121/><N who="2" m="46697" /><F40/><W129/><G31/><T73/><D73/><U79/><E2/><V42/><F42/><W26/><G26/><T47/><D125/><U101/><E124/><V130/><F127/><W45/><G35/><T9/><D123/><U38/><E38/><V106/><F72/><W71/><G71/><T78/><D97/><N who="1" m="59567" /><E63/><N who="2" m="40255" /><F130/><N who="3" m="50283" /><G59/><T92/><D92/><U17/><E119/><N who="3" m="45578" /><G103/><T66/><D61/><U99/><E99/><V102/><F54/><W12/><G12/><T25/><D87/><AGARI ba="0,0" hai="41,45,51,81,87,91,96,98" m="45578,50283" machi="87" ten="30,1500,0" yaku="19,1" doraHai="13" who="3" fromWho="0" sc="201,-15,270,0,270,0,259,15" /><INIT seed="3,1,0,2,0,128" ten="186,270,270,274" oya="3" hai0="126,59,80,36,55,88,115,105,42,62,78,103,95" hai1="9,113,57,129,119,72,38,130,21,27,131,34,101" hai2="43,4,104,108,132,14,124,54,0,71,10,109,8" hai3="77,69,20,47,17,6,64,112,96,25,111,32,73"/><W120/><G120/><T65/><D126/><U91/><E113/><V92/><F104/><W22/><G112/><T37/><D115/><U7/><E38/><V67/><F43/><W49/><G111/><N who="2" m="42569" /><F67/><W26/><G32/><T134/><D134/><U52/><E119/><V98/><F71/><W45/><G6/><T46/><D103/><U12/><E72/><V110/><F54/><W125/><G125/><T48/><D105/><U18/><E101/><N who="2" m="60615" /><F124/><W81/><G96/><T83/><D78/><U123/><E123/><V50/><F50/><W44/><G64/><T11/><D11/><U2/><E91/><V117/><F110/><W66/><G66/><T61/><D61/><U127/><E127/><V13/><F117/><W74/><G69/><T56/><REACH who="0" step="1"/><D37/><REACH who="0" ten="176,270,270,274" step="2"/><U68/><E68/><V76/><F76/><W35/><G74/><T93/><D93/><U90/><E90/><V86/><F132/><W19/><REACH who="3" step="1"/><G35/><REACH who="3" ten="176,270,270,264" step="2"/><T87/><AGARI ba="1,2" hai="36,42,46,48,55,56,59,62,65,80,83,87,88,95" machi="87" ten="20,5200,0" yaku="1,1,0,1,7,1,54,1,53,0" doraHai="128" doraHaiUra="23" who="0" fromWho="0" sc="176,75,270,-14,270,-14,264,-27" /><INIT seed="4,0,0,2,0,102" ten="251,256,256,237" oya="0" hai0="130,58,89,50,33,32,62,53,129,113,2,57,83" hai1="110,127,24,11,109,34,27,25,116,118,61,67,125" hai2="13,46,23,93,26,55,49,126,87,12,15,20,48" hai3="43,98,56,71,115,54,51,37,84,92,42,132,5"/><T135/><D113/><U117/><E34/><V81/><F126/><N who="1" m="48137" /><E11/><V96/><F49/><W79/><G71/><AGARI ba="0,0" hai="24,25,27,61,67,71,109,110,116,117,118" m="48137" machi="71" ten="40,1300,0" yaku="18,1" doraHai="102" who="1" fromWho="3" sc="251,0,256,13,256,0,237,-13" /><INIT seed="5,0,0,4,5,32" ten="251,269,256,224" oya="1" hai0="106,92,50,69,97,103,87,125,95,0,63,3,85" hai1="12,134,5,14,52,48,49,76,8,56,83,111,114" hai2="24,113,19,57,40,98,41,43,107,99,64,45,67" hai3="96,31,131,79,16,44,121,53,132,70,59,117,1"/><U29/><E114/><V116/><F116/><W78/><G70/><T110/><D110/><U22/><E134/><V127/><F127/><W72/><G121/><T42/><D125/><U84/><E111/><V66/><F107/><W135/><G31/><T58/><D106/><U13/><REACH who="1" step="1"/><E49/><REACH who="1" ten="251,259,256,224" step="2"/><V126/><F126/><W104/><G135/><T108/><D108/><U36/><E36/><V9/><F113/><W4/><G132/><T18/><D50/><U25/><AGARI ba="0,1" hai="5,8,12,13,14,22,25,29,48,52,56,76,83,84" machi="25" ten="30,11700,0" yaku="1,1,0,1,8,1,54,1,53,0" doraHai="32" doraHaiUra="39" who="1" fromWho="1" sc="251,-39,259,127,256,-39,224,-39" /><INIT seed="5,1,0,5,3,115" ten="212,386,217,185" oya="1" hai0="24,7,97,72,91,68,84,117,70,127,38,132,88" hai1="31,27,102,10,105,106,58,36,51,86,56,116,44" hai2="12,83,26,126,59,47,92,79,80,114,124,29,33" hai3="67,55,20,101,48,95,25,94,46,123,118,135,2"/><U110/><E36/><V23/><F114/><W78/><G123/><T111/><D111/><U50/><E110/><V66/><F47/><W37/><G2/><T75/><D38/><U133/><E133/><V77/><F92/><W18/><G135/><T109/><D109/><U0/><E0/><V43/><F43/><W113/><G113/><T62/><D7/><U129/><E129/><V14/><F66/><W61/><G37/><T65/><D132/><U93/><E10/><V16/><F59/><W9/><G118/><T17/><D117/><U76/><E76/><V87/><REACH who="2" step="1"/><F12/><REACH who="2" ten="212,386,207,185" step="2"/><W35/><G94/><T19/><D70/><U1/><E58/><V5/><F5/><W131/><G95/><T71/><D71/><U3/><E56/><V128/><F128/><W119/><G131/><T90/><D68/><U104/><E93/><V21/><F21/><W34/><G101/><T120/><D65/><U15/><E44/><V63/><F63/><W30/><G119/><T28/><D62/><U96/><E15/><V8/><F8/><W39/><G39/><T98/><D120/><U85/><E116/><V134/><F134/><W130/><G130/><T40/><D40/><U121/><E121/><V112/><F112/><W64/><G61/><T54/><D54/><U125/><E106/><V45/><F45/><W32/><G64/><T89/><D89/><U11/><E105/><V22/><F22/><N who="3" m="15671" /><G67/><T100/><D90/><U107/><E104/><V99/><F99/><W49/><G9/><T82/><D97/><U41/><E107/><V42/><F42/><W122/><G122/><RYUUKYOKU ba="1,1" sc="212,-10,386,-10,207,30,185,-10" hai2="14,16,23,26,29,33,77,79,80,83,87,124,126" /><INIT seed="6,2,1,5,1,101" ten="202,376,237,175" oya="2" hai0="55,1,13,10,39,115,61,17,30,122,38,85,62" hai1="54,2,22,6,129,107,21,66,27,64,126,103,100" hai2="75,46,117,105,70,11,28,106,87,110,77,68,56" hai3="88,127,3,24,31,71,121,94,49,57,82,134,67"/><V92/><F117/><W128/><G3/><T96/><D122/><U47/><E107/><V119/><F119/><W43/><G121/><T34/><D1/><U83/><E2/><V36/><F28/><W112/><G71/><T120/><D120/><U108/><E108/><V74/><F56/><W15/><G128/><T65/><D115/><U20/><E129/><V90/><F11/><W42/><G134/><T58/><D85/><U35/><E35/><V18/><F18/><W109/><G109/><T16/><D96/><U118/><E118/><V133/><F110/><W63/><G127/><T50/><D61/><U132/><E126/><V29/><F29/><W40/><G15/><T12/><D34/><U125/><E125/><V26/><F26/><W44/><G82/><T124/><D30/><U135/><E6/><V72/><F77/><W51/><G51/><T48/><D48/><N who="1" m="28959" /><E27/><V102/><F133/><N who="1" m="51273" /><E83/><V76/><F102/><AGARI ba="2,1" hai="20,21,22,64,66,100,102,103" m="51273,28959" machi="102" ten="30,1000,0" yaku="20,1" doraHai="101" who="1" fromWho="2" sc="202,0,376,26,237,-16,175,0" /><INIT seed="7,0,0,5,1,67" ten="202,402,221,175" oya="3" hai0="68,126,38,92,122,82,29,35,9,88,102,49,66" hai1="28,132,46,47,96,51,87,34,6,12,50,30,8" hai2="107,115,131,77,106,76,130,97,7,23,18,11,99" hai3="127,20,79,73,53,1,70,83,56,121,52,103,85"/><W37/><G121/><T48/><D38/><U84/><E132/><V94/><F115/><W113/><G1/><T21/><D122/><U22/><E34/><V55/><F55/><W110/><G37/><T81/><D35/><U135/><E96/><V4/><F23/><W33/><G33/><T120/><D120/><U86/><E135/><V3/><F18/><W100/><G70/><T65/><D68/><U95/><E95/><V118/><F118/><W24/><G113/><T105/><D9/><U89/><E89/><V80/><F7/><W41/><G41/><T59/><D102/><N who="3" m="38953" /><G127/><T17/><D29/><N who="1" m="11371" /><E22/><V125/><F125/><W134/><G73/><T74/><D105/><N who="2" m="39946" /><F94/><W16/><G134/><T91/><D74/><U63/><E63/><V98/><F80/><N who="0" m="30826" /><D91/><U31/><E31/><V111/><F111/><W108/><G56/><T36/><D36/><U39/><E39/><V54/><F54/><W44/><G44/><AGARI ba="0,0" hai="6,8,12,44,46,47,50,51,84,86,87" m="11371" machi="44" ten="30,1000,0" yaku="8,1" doraHai="67" who="1" fromWho="3" sc="202,0,402,10,221,0,175,-10" owari="202,-20.0,412,51.0,221,2.0,165,-33.0" /></mjloggm>