<mjloggm ver="2.3"><GO type="169" lobby="0"/><UN n0="%68%61%6B%75%30%37" n1="%E3%83%96%E3%83%AB%E3%83%96%E3%83%AB%E3%83%8F%E3%83%BC%E3%83%84" n2="%E3%83%A9%E3%83%B3%E3%83%96%E3%83%A9%E3%83%BC" n3="%E3%82%A6%E3%83%AB%E3%83%88%E3%83%A9%E7%AB%8B%E7%9B%B4" dan="17,16,16,18" rate="2179.79,2080.54,2050.69,2256.46" sx="M,M,M,M"/><TAIKYOKU oya="0"/><INIT seed="0,0,0,4,3,125" ten="250,250,250,250" oya="0" hai0="101,5,34,26,86,57,119,46,31,18,36,81,121" hai1="10,11,3,133,40,21,2,80,124,100,9,41,61" hai2="71,45,87,65,107,99,94,122,6,77,117,111,118" hai3="37,108,129,98,93,4,102,85,63,78,56,130,75"/><T13/><D119/><U114/><E124/><V89/><F122/><W62/><G37/><T112/><D121/><U127/><E127/><V60/><F111/><W73/><G4/><T115/><D5/><U91/><E100/><V116/><F6/><W134/><G134/><T16/><D101/><U97/><E21/><V131/><F131/><N who="3" m="50187" /><G108/><T88/><D57/><U54/><E54/><V51/><F107/><W14/><G14/><T20/><REACH who="0" step="1"/><D18/><REACH who="0" ten="240,250,250,250" step="2"/><U105/><E2/><V39/><F116/><W38/><G38/><T66/><D66/><U83/><E3/><V15/><F65/><N who="3" m="39111" /><G63/><T106/><D106/><U23/><E105/><V35/><F60/><W29/><G29/><T7/><D7/><U95/><E61/><V12/><F39/><W1/><G1/><T72/><D72/><U22/><E133/><V33/><F117/><W135/><G135/><T19/><D19/><U25/><E25/><V47/><F118/><W27/><G27/><T70/><D70/><U76/><E114/><V132/><F71/><W8/><G8/><T128/><D128/><U48/><E9/><V67/><F132/><W96/><G96/><T30/><D30/><U113/><E113/><V59/><F99/><W17/><G17/><T42/><AGARI ba="0,1" hai="13,16,20,26,31,34,36,42,46,81,86,88,112,115" machi="42" ten="30,12000,1" yaku="1,1,0,1,54,2,53,1" doraHai="125" doraHaiUra="82" who="0" fromWho="0" sc="240,130,250,-40,250,-40,250,-40" /><INIT seed="0,1,0,3,3,40" ten="370,210,210,210" oya="0" hai0="6,27,45,86,26,33,127,42,55,1,93,112,129" hai1="78,46,79,116,65,102,52,21,16,103,96,25,36" hai2="14,38,43,130,80,68,111,66,128,131,59,50,115" hai3="37,30,20,70,92,8,74,100,15,53,114,10,132"/><T97/><D112/><U124/><E116/><V5/><F115/><W18/><G114/><T62/><D129/><U133/><E133/><V60/><F80/><W23/><G70/><T106/><D106/><U125/><E65/><V0/><F0/><W3/><G74/><T113/><D113/><U123/><E123/><V120/><F120/><W2/><G37/><T99/><D1/><N who="3" m="9" /><G53/><T101/><D6/><U49/><E36/><V63/><F5/><W11/><G92/><T56/><D127/><N who="1" m="48715" /><E103/><V119/><F14/><N who="3" m="9303" /><G100/><T47/><D33/><U135/><E135/><V122/><F38/><W118/><G118/><T95/><D86/><U91/><E91/><V82/><F122/><W85/><G85/><T31/><D31/><U110/><E110/><V9/><F111/><W17/><G132/><T73/><D73/><U98/><E98/><V57/><F119/><W44/><G44/><N who="0" m="16971" /><D42/><U51/><E51/><V117/><F50/><W32/><G32/><T134/><D134/><U48/><E48/><V104/><F43/><W107/><G107/><AGARI ba="1,0" hai="16,21,25,46,49,52,78,79,96,102,107" m="48715" machi="107" ten="30,7700,0" yaku="18,1,52,1,54,2" doraHai="40" who="1" fromWho="3" sc="370,0,210,80,210,0,210,-80" /><INIT seed="1,0,0,5,5,27" ten="370,290,210,130" oya="1" hai0="93,21,117,68,63,106,111,44,127,66,78,79,62" hai1="80,100,101,34,50,88,38,35,20,135,105,77,86" hai2="107,1,36,12,108,60,25,55,71,94,76,69,113" hai3="2,14,57,13,56,45,85,40,118,39,81,41,32"/><U132/><E38/><V99/><F1/><W23/><G32/><T43/><D106/><U28/><E50/><V92/><F36/><W125/><G2/><T22/><D117/><U26/><E77/><V119/><F119/><W31/><G125/><T74/><D127/><U133/><E105/><V110/><F76/><W16/><G41/><T87/><D111/><N who="2" m="42538" /><F113/><W129/><G129/><T121/><D74/><U83/><E83/><V59/><F12/><W52/><G118/><T67/><D121/><U124/><E124/><V131/><F131/><W30/><G13/><T134/><D134/><U51/><E51/><V18/><F107/><W29/><REACH who="3" step="1"/><G52/><REACH who="3" ten="370,290,210,120" step="2"/><T54/><D54/><U65/><E65/><V98/><F71/><W75/><G75/><T49/><D68/><U53/><E53/><V9/><F69/><W24/><G24/><T48/><D43/><U122/><E122/><V90/><F25/><W84/><G84/><T42/><D87/><U103/><AGARI ba="0,1" hai="20,26,28,34,35,80,86,88,100,101,103,132,133,135" machi="103" ten="40,12000,1" yaku="0,1,20,1,52,1,54,1" doraHai="27" who="1" fromWho="1" sc="370,-40,290,130,210,-40,120,-40" /><INIT seed="1,1,0,3,3,8" ten="330,420,170,80" oya="1" hai0="109,31,90,25,103,2,24,17,72,59,63,105,49" hai1="56,75,96,119,131,133,89,106,57,40,113,58,22" hai2="29,65,46,112,61,70,87,64,111,134,107,94,104" hai3="117,116,1,6,110,14,97,32,28,0,101,68,21"/><U132/><E119/><N who="3" m="45642" /><G68/><T128/><D2/><N who="3" m="1129" /><G97/><T83/><D109/><U120/><E131/><V86/><F111/><W91/><G91/><T4/><D4/><U11/><E120/><V55/><F134/><N who="1" m="51817" /><E113/><V67/><F112/><W34/><G101/><T41/><D128/><U85/><E75/><V125/><F125/><W118/><N who="3" m="45650" /><W92/><DORA hai="66" /><G92/><T51/><D105/><U60/><E22/><V78/><F78/><W18/><G110/><T127/><D103/><N who="1" m="62823" /><E11/><V27/><F46/><W82/><G82/><T3/><D83/><N who="1" m="49343" /><E40/><V7/><F7/><W79/><G79/><T36/><D41/><U77/><E77/><V44/><F104/><W53/><G53/><AGARI ba="1,0" hai="53,56,57,58,60" m="49343,62823,51817" machi="53" ten="30,1500,0" yaku="20,1" doraHai="8,66" who="1" fromWho="3" sc="330,0,420,18,170,0,80,-18" /><INIT seed="1,2,0,5,0,6" ten="330,438,170,62" oya="1" hai0="28,127,54,74,92,122,70,33,50,64,40,115,112" hai1="35,43,102,89,31,48,24,118,62,100,126,18,135" hai2="12,116,61,93,114,72,90,36,27,80,106,83,51" hai3="129,38,105,109,101,88,85,42,96,65,25,11,78"/><U98/><E118/><V44/><F106/><W5/><G109/><T19/><D74/><U104/><E126/><V4/><F36/><W13/><G129/><T16/><D40/><U119/><E135/><V32/><F114/><W57/><G78/><T59/><D33/><U52/><E119/><V34/><F61/><W82/><G25/><T68/><D28/><U47/><E100/><V130/><F130/><W17/><G42/><T21/><D127/><U30/><E30/><V9/><F116/><W23/><G38/><T14/><D122/><U75/><E75/><V22/><F72/><W45/><G45/><T120/><D120/><U67/><E18/><N who="2" m="12759" /><F32/><W37/><G37/><T86/><D19/><U107/><E89/><V77/><F34/><W131/><G131/><T128/><D128/><U108/><E108/><V49/><F77/><W132/><G132/><T69/><D64/><U26/><E26/><V71/><F71/><W103/><G103/><T134/><D134/><U46/><E104/><V125/><F125/><W3/><REACH who="3" step="1"/><G57/><REACH who="3" ten="330,438,170,52" step="2"/><T63/><REACH who="0" step="1"/><D63/><REACH who="0" ten="320,438,170,52" step="2"/><U124/><E124/><V97/><F49/><W55/><G55/><AGARI ba="2,2" hai="4,9,12,44,51,55,80,83,90,93,97" m="12759" machi="55" ten="30,2000,0" yaku="8,1,52,1" doraHai="6" who="2" fromWho="3" sc="320,0,438,0,170,46,52,-26" /><INIT seed="2,0,0,1,1,47" ten="320,438,216,26" oya="2" hai0="116,62,22,42,97,63,39,12,36,89,46,56,100" hai1="43,86,90,9,60,58,77,84,65,92,75,8,135" hai2="129,103,82,53,80,128,11,4,106,83,78,95,85" hai3="119,114,55,70,108,71,27,104,40,21,118,111,32"/><V66/><F66/><W96/><G32/><T76/><D116/><N who="3" m="44585" /><G21/><T131/><D131/><N who="2" m="50250" /><F106/><W10/><G10/><T126/><D126/><U34/><E34/><V15/><F53/><W51/><G27/><T120/><D120/><U123/><E135/><V20/><F20/><W109/><G104/><T105/><D76/><U132/><E132/><V88/><F103/><W94/><G40/><T44/><D89/><U48/><E75/><AGARI ba="0,0" hai="4,11,15,75,78,80,82,83,85,88,95" m="50250" machi="75" ten="30,2900,0" yaku="19,1,54,1" doraHai="47" who="2" fromWho="1" sc="320,0,438,-29,216,29,26,0" /><INIT seed="2,1,0,3,3,127" ten="320,409,245,26" oya="2" hai0="115,97,69,117,119,96,107,105,51,22,111,102,88" hai1="52,74,80,75,124,126,70,6,29,86,72,120,73" hai2="53,91,89,121,1,84,123,48,13,101,39,65,40" hai3="57,16,78,49,98,110,92,93,114,33,76,45,23"/><V85/><F1/><W43/><G33/><T19/><D69/><U103/><E70/><V68/><F101/><W113/><G110/><T129/><D51/><U50/><E120/><V38/><F40/><W128/><G128/><T131/><D115/><N who="3" m="44041" /><G57/><T8/><D8/><U71/><E71/><V55/><F68/><W17/><G93/><N who="0" m="56359" /><D105/><U63/><E103/><V64/><F48/><W26/><G17/><T60/><D60/><U87/><E63/><V36/><F36/><W12/><G26/><N who="0" m="14687" /><D111/><U18/><E6/><V3/><F3/><W79/><G79/><T21/><D21/><U58/><E29/><V0/><F0/><W11/><G23/><T99/><D99/><U7/><E7/><V132/><REACH who="2" step="1"/><F13/><REACH who="2" ten="320,409,235,26" step="2"/><W42/><G42/><T100/><D100/><AGARI ba="1,1" hai="11,12,16,43,45,49,76,78,92,98,100" m="44041" machi="100" ten="30,2000,0" yaku="11,1,54,1" doraHai="127" who="3" fromWho="0" sc="320,-23,409,0,235,0,26,33" /><INIT seed="3,0,0,0,4,47" ten="297,409,235,59" oya="3" hai0="7,57,133,64,33,16,126,129,120,118,8,79,9" hai1="76,41,75,135,110,84,42,96,46,111,38,112,56" hai2="69,27,81,35,106,22,130,6,65,26,77,85,37" hai3="17,119,2,88,54,131,55,23,102,40,128,0,92"/><W123/><G102/><T99/><D118/><U89/><E112/><V59/><F69/><W105/><G105/><T95/><D120/><U53/><E41/><V82/><F106/><W66/><G66/><T28/><D79/><U121/><E96/><V114/><F114/><W51/><G40/><T45/><D33/><U125/><E76/><V91/><F37/><W104/><G104/><T93/><D28/><U70/><E75/><V80/><F6/><W83/><G83/><T29/><D29/><U134/><E70/><V13/><F130/><N who="3" m="49707" /><G119/><T60/><D133/><N who="1" m="50699" /><E125/><V43/><F43/><W39/><G55/><T98/><D126/><U63/><E121/><V90/><F80/><AGARI ba="0,0" hai="38,42,46,53,56,63,80,84,89,110,111" m="50699" machi="80" ten="30,1000,0" yaku="20,1" doraHai="47" who="1" fromWho="2" sc="297,0,409,10,235,-10,59,0" /><INIT seed="4,0,0,5,0,72" ten="297,419,225,59" oya="0" hai0="121,129,3,102,12,112,60,11,4,87,108,110,134" hai1="109,64,106,81,107,89,34,96,32,18,114,40,97" hai2="2,76,70,115,82,126,120,68,5,93,132,46,6" hai3="31,59,57,85,38,116,124,43,65,66,77,62,99"/><T86/><D121/><U49/><E109/><N who="0" m="42089" /><D112/><U61/><E114/><V25/><F115/><W10/><G116/><T27/><D134/><U41/><E18/><V26/><F120/><W36/><G124/><T50/><D129/><U69/><E106/><V47/><F93/><W105/><G31/><T53/><D102/><U33/><E107/><V111/><F111/><W101/><G10/><N who="0" m="2335" /><D60/><U30/><E30/><V98/><F98/><W133/><G133/><T42/><D42/><U56/><E96/><V118/><F132/><W63/><REACH who="3" step="1"/><G43/><REACH who="3" ten="297,419,225,49" step="2"/><T22/><D11/><U83/><E40/><V91/><F118/><W45/><G45/><N who="0" m="27855" /><D12/><U135/><E41/><V128/><F126/><W100/><G100/><T130/><D130/><U125/><E125/><V1/><F128/><W13/><G13/><T71/><D71/><U17/><E69/><V122/><F122/><W15/><G15/><T73/><D27/><U9/><E9/><V0/><F0/><W29/><G29/><T39/><D39/><U94/><E135/><V52/><F70/><W20/><G20/><T123/><D22/><U117/><E117/><V79/><F68/><W48/><G48/><T113/><D113/><U78/><E49/><N who="2" m="28727" /><F47/><W88/><G88/><T51/><D123/><U8/><E8/><V127/><F127/><W104/><G104/><T92/><D51/><U37/><E37/><V23/><F26/><W7/><G7/><N who="2" m="2569" /><F2/><W54/><G54/><T131/><D131/><U24/><E24/><V21/><F1/><W35/><G35/><T19/><D19/><U84/><E17/><N who="2" m="12463" /><F23/><W16/><G16/><RYUUKYOKU ba="0,1" sc="297,-30,419,10,225,10,49,10" hai1="32,33,34,56,61,64,78,81,83,84,89,94,97" hai2="76,79,82,91" hai3="36,38,57,59,62,63,65,66,77,85,99,101,105" /><INIT seed="5,1,1,0,1,15" ten="267,429,235,59" oya="1" hai0="73,112,95,83,80,8,102,35,131,72,111,59,113" hai1="84,87,16,62,1,56,25,130,21,93,91,28,70" hai2="11,32,121,88,92,125,104,116,86,51,22,52,69" hai3="33,64,79,114,81,43,135,53,61,42,7,103,45"/><U120/><E120/><V107/><F32/><W78/><G33/><T115/><D35/><U129/><E70/><V23/><F69/><W94/><G114/><T132/><D59/><U48/><E1/><V18/><F116/><W55/><G135/><T76/><D8/><U123/><E123/><V96/><F125/><W27/><G7/><T71/><D71/><U2/><E48/><V57/><F121/><W20/><G103/><T68/><D68/><U37/><E37/><V31/><F31/><W47/><G94/><T63/><D63/><U5/><E84/><V10/><F23/><W99/><G99/><N who="0" m="59775" /><D111/><U126/><E126/><V34/><F34/><W101/><G101/><T36/><D36/><U134/><E134/><V75/><F75/><N who="0" m="28746" /><D132/><U66/><E5/><V108/><F104/><W89/><G64/><T100/><D100/><U30/><E2/><V106/><F106/><W29/><G61/><T67/><D67/><U0/><E0/><V124/><F108/><W98/><G53/><T17/><D17/><U54/><E54/><V3/><F3/><W117/><G55/><T77/><D131/><AGARI ba="1,1" hai="16,21,25,28,30,56,62,66,87,91,93,129,130,131" machi="131" ten="40,7700,0" yaku="19,1,52,1,54,1" doraHai="15" who="1" fromWho="0" sc="267,-80,429,90,235,0,59,0" /><INIT seed="5,2,0,3,5,125" ten="187,519,235,59" oya="1" hai0="94,20,25,63,14,92,67,91,97,29,60,36,73" hai1="134,122,53,135,70,112,50,57,39,95,99,10,45" hai2="66,59,79,68,78,12,38,28,64,9,93,42,11" hai3="24,6,43,55,3,133,123,120,35,18,101,132,30"/><U0/><E122/><N who="3" m="46634" /><G55/><T65/><D36/><U51/><E112/><V47/><F28/><W74/><G43/><T26/><D73/><U49/><E70/><V56/><F68/><W77/><G101/><T107/><D107/><U81/><E81/><V61/><F93/><W58/><G58/><T96/><D14/><U34/><E34/><V80/><F80/><W46/><G46/><T27/><D20/><U82/><E82/><V44/><F44/><W16/><G77/><T104/><D29/><U124/><E124/><V21/><F78/><W32/><G74/><T127/><D104/><U17/><E17/><N who="3" m="6762" /><G35/><T62/><D127/><U90/><E39/><V121/><F79/><W117/><G117/><T71/><D71/><U52/><E50/><V128/><F121/><W19/><N who="3" m="6770" /><W4/><DORA hai="105" /><G3/><T87/><D87/><U15/><E0/><V119/><F119/><W114/><G114/><T118/><D118/><U85/><E99/><V37/><F47/><W76/><G76/><T100/><AGARI ba="2,0" hai="25,26,27,60,62,63,65,67,91,92,94,96,97,100" machi="100" ten="30,2000,0" yaku="0,1,8,1" doraHai="125,105" who="0" fromWho="0" sc="187,26,519,-12,235,-7,59,-7" /><INIT seed="6,0,0,3,3,9" ten="213,507,228,52" oya="2" hai0="29,75,131,112,31,85,36,97,16,108,68,100,5" hai1="3,63,134,93,104,74,43,107,96,7,37,38,124" hai2="77,99,25,30,109,94,81,57,50,87,130,26,76" hai3="19,122,15,67,18,115,105,127,21,92,52,4,34"/><V55/><F130/><W27/><G122/><T28/><D75/><U1/><E7/><V70/><F70/><W135/><G105/><T84/><D108/><U17/><E17/><V114/><F114/><W78/><G127/><T33/><D33/><U132/><E63/><V106/><F106/><W126/><G126/><T129/><D36/><N who="1" m="13931" /><E43/><V59/><F109/><W11/><G135/><N who="1" m="51754" /><E74/><V95/><F76/><W41/><G41/><T116/><D68/><U121/><E121/><V6/><F6/><W62/><G115/><T22/><D5/><U23/><E23/><V72/><F72/><W125/><G125/><T44/><D112/><U35/><E35/><V40/><F40/><W69/><G78/><T83/><D22/><U53/><E53/><V66/><F30/><W58/><G34/><T123/><D16/><U113/><E113/><V14/><F14/><W119/><G119/><T133/><D116/><U2/><E124/><V42/><F42/><W82/><G82/><T47/><D83/><U79/><E79/><V45/><F81/><W46/><G92/><T10/><D10/><U80/><E80/><V89/><F94/><W20/><G46/><T117/><D123/><U0/><E0/><V12/><F77/><W61/><REACH who="3" step="1"/><G21/><REACH who="3" ten="213,507,228,42" step="2"/><T24/><D133/><U73/><E73/><V98/><F45/><W54/><G54/><T71/><D47/><U32/><E32/><V91/><F55/><W49/><G49/><T102/><D44/><U48/><E48/><V56/><F50/><W90/><G90/><AGARI ba="0,1" hai="1,2,3,90,93,96,104,107" m="51754,13931" machi="90" ten="40,1300,0" yaku="20,1" doraHai="9" who="1" fromWho="3" sc="213,0,507,23,228,0,42,-13" /><INIT seed="7,0,0,2,2,6" ten="213,530,228,29" oya="3" hai0="109,58,52,84,25,14,11,95,98,54,15,129,48" hai1="37,24,127,34,36,70,32,9,0,5,78,85,35" hai2="93,17,43,110,113,75,82,94,117,42,135,102,1" hai3="51,30,122,91,28,21,53,38,4,90,23,80,133"/><W92/><G38/><T55/><D109/><U101/><E85/><V77/><F1/><W97/><G122/><T112/><D129/><U7/><E127/><V99/><F117/><W128/><G128/><T131/><D131/><U104/><E24/><V108/><F135/><W27/><G133/><T123/><D123/><U56/><E56/><V71/><F71/><W83/><G4/><N who="0" m="3431" /><D112/><U96/><E78/><V61/><F61/><W103/><G90/><N who="0" m="55671" /><D25/><U120/><E120/><V33/><F33/><W10/><G10/><T105/><D105/><U41/><E5/><V87/><F113/><W49/><G30/><T16/><D84/><U45/><E37/><V60/><F75/><W67/><G67/><T40/><D40/><U39/><E36/><V115/><F43/><W2/><G2/><T79/><D79/><U3/><E3/><V18/><F42/><W119/><G119/><T62/><D62/><U134/><E134/><V72/><F60/><W86/><G21/><AGARI ba="0,0" hai="15,16,21,48,52,54,55,58" m="55671,3431" machi="21" ten="30,7700,0" yaku="8,1,52,1,54,2" doraHai="6" who="0" fromWho="3" sc="213,77,530,0,228,0,29,-77" owari="290,9.0,530,63.0,228,-17.0,-48,-55.0" /></mjloggm>