<mjloggm ver="2.3"><GO type="169" lobby="0"/><UN n0="%E7%88%86%E5%BC%BE%E4%BA%94%E9%83%8E%EF%BC%92" n1="%E3%82%A6%E3%83%AB%E3%83%88%E3%83%A9%E7%AB%8B%E7%9B%B4" n2="%E3%83%8B%E3%82%B3%E7%94%9F%26%E5%8B%95" n3="%6C%61%62" dan="17,18,16,16" rate="2198.45,2208.02,2058.20,2103.48" sx="M,M,M,M"/><TAIKYOKU oya="0"/><INIT seed="0,0,0,4,0,30" ten="250,250,250,250" oya="0" hai0="103,125,56,107,91,115,105,70,98,59,50,92,75" hai1="60,130,86,41,25,93,132,23,28,76,53,127,44" hai2="89,17,3,122,21,88,13,71,48,8,126,114,45" hai3="80,32,31,58,24,54,0,77,37,119,97,82,117"/><T109/><D70/><U78/><E130/><V39/><F122/><W67/><G37/><T74/><D115/><U16/><E127/><V2/><F114/><W108/><G0/><T19/><D125/><U134/><E53/><V87/><F126/><W99/><G67/><T40/><D107/><U116/><E60/><V94/><F39/><W7/><G7/><T47/><D109/><U100/><E116/><V121/><F71/><W83/><G77/><T4/><D4/><U120/><E120/><V110/><F110/><W129/><G129/><T118/><D118/><U106/><E106/><V34/><F34/><W49/><G108/><T9/><D9/><U29/><E29/><V10/><F121/><W101/><REACH who="3" step="1"/><G97/><REACH who="3" ten="250,250,250,240" step="2"/><T14/><D74/><U22/><E76/><V63/><F2/><W102/><G102/><T26/><D75/><U112/><E112/><V79/><F79/><W85/><G85/><T64/><D64/><U73/><E73/><V61/><F89/><W135/><G135/><T15/><D105/><AGARI ba="0,1" hai="24,31,32,49,54,58,80,82,83,99,101,105,117,119" machi="105" ten="40,2600,0" yaku="1,1,52,1,53,0" doraHai="30" doraHaiUra="104" who="3" fromWho="0" sc="250,-26,250,0,250,0,240,36" /><INIT seed="1,0,0,5,5,126" ten="224,250,250,276" oya="1" hai0="23,87,19,63,123,75,40,116,103,24,70,127,9" hai1="77,83,34,62,90,74,101,131,65,42,100,73,85" hai2="106,121,10,44,21,69,112,113,129,49,46,84,125" hai3="29,55,48,130,120,93,11,66,61,72,33,35,95"/><U89/><E34/><V18/><F121/><W105/><G120/><T80/><D75/><N who="1" m="43455" /><E42/><V102/><F69/><W5/><G72/><N who="1" m="27754" /><E62/><V71/><F71/><W82/><G29/><T14/><D123/><U76/><E65/><V68/><F68/><W0/><G35/><T92/><D116/><U119/><E119/><V128/><F10/><W79/><G61/><T43/><D127/><U38/><E38/><V97/><F84/><W13/><G66/><T98/><D63/><U4/><E4/><V8/><F8/><W20/><G33/><T99/><D99/><U28/><E28/><V2/><F2/><W64/><G64/><T30/><REACH who="0" step="1"/><D70/><REACH who="0" ten="214,250,250,276" step="2"/><U104/><E104/><V60/><F60/><W36/><G105/><T51/><D51/><U59/><E59/><V56/><F56/><W32/><G48/><T122/><D122/><U96/><E131/><N who="2" m="50251" /><F125/><W88/><G130/><T26/><D26/><U6/><E6/><V78/><F46/><W111/><G5/><T86/><D86/><U91/><E96/><V25/><F78/><AGARI ba="0,1" hai="9,14,19,23,24,30,40,43,78,80,87,92,98,103" machi="78" ten="30,3900,0" yaku="1,1,7,1,8,1,53,0" doraHai="126" doraHaiUra="117" who="0" fromWho="2" sc="214,49,250,0,250,-39,276,0" /><INIT seed="2,0,0,1,1,65" ten="263,250,211,276" oya="2" hai0="116,113,130,110,45,15,27,93,28,89,11,86,12" hai1="120,33,59,26,64,57,24,56,77,46,32,99,109" hai2="53,117,4,10,20,54,111,126,74,73,92,52,50" hai3="6,124,71,95,43,35,21,127,66,67,132,96,7"/><V84/><F117/><W114/><G35/><T1/><D113/><U81/><E109/><V19/><F50/><W23/><G43/><T3/><D110/><U79/><E120/><V88/><F126/><N who="3" m="48171" /><G114/><T83/><D116/><U128/><E128/><V133/><F133/><W49/><G49/><T135/><D130/><U29/><E46/><V40/><F40/><W48/><G48/><T69/><D135/><U61/><E99/><V134/><F134/><W13/><G67/><T9/><D45/><U39/><E39/><V82/><F111/><W131/><G131/><T106/><D106/><U41/><E41/><V108/><F108/><W0/><G0/><T123/><D123/><U100/><E100/><V37/><F37/><W38/><G38/><T47/><D47/><U76/><REACH who="1" step="1"/><E81/><REACH who="1" ten="263,240,211,276" step="2"/><V36/><F36/><W121/><G121/><T78/><D83/><U2/><E2/><V34/><F34/><W91/><G132/><T63/><D3/><U118/><E118/><V122/><F122/><W17/><G21/><T68/><D1/><U8/><E8/><V107/><F107/><W44/><G44/><T94/><D9/><U30/><AGARI ba="0,1" hai="24,26,29,30,32,33,56,57,59,61,64,76,77,79" machi="30" ten="30,4000,0" yaku="1,1,0,1,9,1,53,0" doraHai="65" doraHaiUra="16" who="1" fromWho="1" sc="263,-10,240,50,211,-20,276,-10" /><INIT seed="3,0,0,2,4,3" ten="253,290,191,266" oya="3" hai0="33,22,97,57,80,84,39,91,120,106,59,61,15" hai1="23,16,128,60,25,11,108,31,48,4,70,73,121" hai2="30,49,76,37,82,101,99,100,125,52,77,115,40" hai3="104,72,54,88,96,71,75,7,24,124,17,12,89"/><W113/><G113/><T65/><D39/><U56/><E121/><V42/><F115/><W55/><G71/><T123/><D33/><U10/><E73/><V133/><F133/><W62/><G124/><T43/><D43/><U93/><E70/><V58/><F125/><W32/><G75/><T38/><D38/><U111/><E128/><V83/><F30/><W117/><G72/><T41/><D41/><N who="2" m="15978" /><F37/><W74/><G74/><T98/><D59/><U51/><E93/><N who="2" m="58479" /><F101/><W69/><G32/><T81/><D106/><U0/><E11/><V112/><F112/><W92/><G104/><T118/><D118/><U68/><E31/><V20/><F20/><N who="3" m="13327" /><G69/><T78/><D123/><U34/><E34/><V67/><F67/><W86/><G62/><T63/><D63/><U135/><E68/><V50/><F50/><W64/><G64/><T131/><D131/><U130/><E130/><V26/><F26/><W47/><G47/><T109/><D120/><U103/><E135/><V45/><F45/><W105/><G105/><T85/><D109/><N who="1" m="42059" /><E103/><V27/><F27/><W94/><G117/><T129/><D129/><U29/><E29/><V127/><F127/><W53/><G53/><AGARI ba="0,0" hai="0,4,10,16,23,25,48,51,53,56,60" m="42059" machi="53" ten="30,3900,0" yaku="14,1,52,1,54,1" doraHai="3" who="1" fromWho="3" sc="253,0,290,39,191,0,266,-39" /><INIT seed="4,0,0,1,0,116" ten="253,329,191,227" oya="0" hai0="6,117,14,101,106,122,100,28,59,5,0,70,92" hai1="26,128,74,2,41,79,32,35,80,53,34,103,84" hai2="97,31,24,83,16,36,90,42,124,23,99,118,132" hai3="120,63,9,1,33,25,30,4,39,17,81,126,37"/><T115/><D70/><U71/><E71/><V129/><F118/><W76/><G63/><T93/><D0/><U51/><E2/><V75/><F124/><W49/><G49/><T114/><D28/><U52/><E128/><V113/><F129/><W112/><G112/><N who="0" m="43051" /><D117/><U8/><E103/><N who="0" m="39497" /><D59/><U69/><E69/><V21/><F113/><W127/><G17/><T18/><D106/><U96/><E96/><V10/><F10/><W66/><G66/><T11/><D122/><U60/><E60/><V65/><F65/><W54/><G54/><T104/><D104/><U102/><E52/><V94/><F42/><W82/><G120/><T134/><D134/><U38/><E41/><V58/><F132/><W88/><G82/><T108/><D108/><U7/><E80/><V107/><F58/><W55/><G55/><T77/><D77/><U46/><E79/><V73/><F83/><W91/><G126/><T40/><D40/><U43/><E53/><V86/><F107/><W119/><G127/><T67/><D67/><U12/><E43/><V130/><F130/><W111/><G111/><T78/><D78/><U57/><E57/><V68/><F68/><W44/><G119/><T22/><D5/><U62/><E7/><V29/><F29/><W85/><REACH who="3" step="1"/><G44/><REACH who="3" ten="253,329,191,217" step="2"/><T109/><D109/><U89/><E46/><V72/><F31/><W125/><G125/><T56/><D56/><U64/><E64/><V105/><F105/><W95/><G95/><T123/><D123/><U20/><E62/><V3/><F94/><W87/><G87/><T13/><AGARI ba="0,1" hai="6,11,13,14,18,22,92,93" m="39497,43051" machi="13" ten="30,1500,0" yaku="15,1" doraHai="116" who="0" fromWho="0" sc="253,25,329,-5,191,-5,217,-5" /><INIT seed="4,1,0,5,5,103" ten="278,324,186,212" oya="0" hai0="126,98,28,125,135,58,116,26,27,75,66,42,121" hai1="78,6,130,91,93,41,131,64,110,72,8,4,2" hai2="88,97,25,92,10,22,0,127,73,5,50,112,52" hai3="80,23,84,12,35,15,44,21,107,101,115,109,118"/><T36/><D75/><U49/><E110/><V17/><F127/><N who="0" m="48650" /><D121/><U70/><E6/><V71/><F73/><W69/><G35/><T60/><D116/><U18/><E18/><V57/><REACH who="2" step="1"/><F71/><REACH who="2" ten="278,324,176,212" step="2"/><W79/><G69/><T11/><D135/><U82/><E70/><V105/><F105/><W38/><G107/><T90/><D28/><U65/><E131/><V133/><F133/><W111/><G109/><T89/><D36/><U123/><E130/><V114/><AGARI ba="1,1" hai="0,5,10,17,22,25,50,52,57,88,92,97,112,114" machi="114" ten="30,7900,0" yaku="1,1,0,1,54,2,53,0" doraHai="103" doraHaiUra="81" who="2" fromWho="2" sc="278,-40,324,-21,176,92,212,-21" /><INIT seed="5,0,0,5,4,112" ten="238,303,268,191" oya="1" hai0="106,45,70,104,30,1,76,83,75,69,91,105,85" hai1="101,3,134,87,88,41,79,2,7,130,54,57,63" hai2="42,74,64,119,71,126,38,40,16,93,125,58,44" hai3="132,48,6,12,9,135,99,108,66,111,100,122,114"/><U117/><E117/><V8/><F74/><W73/><G73/><T120/><D120/><U81/><E130/><V14/><F42/><W32/><G66/><T4/><D30/><U11/><E134/><N who="3" m="51242" /><G48/><T46/><D91/><U65/><E101/><V121/><F121/><W21/><G99/><T90/><D90/><U127/><E127/><N who="2" m="48651" /><F93/><W97/><G97/><T60/><D85/><U53/><E3/><V43/><F43/><W80/><G80/><T77/><D77/><U86/><REACH who="1" step="1"/><E41/><REACH who="1" ten="238,293,268,191" step="2"/><V37/><F119/><W107/><G100/><T72/><D1/><U31/><E31/><V20/><F71/><W10/><G122/><T36/><D69/><U102/><E102/><V52/><F64/><W61/><G108/><T0/><D70/><U29/><E29/><V68/><F68/><W49/><G111/><T22/><D0/><U47/><E47/><V96/><F44/><W17/><G114/><T55/><D46/><U113/><E113/><V51/><F40/><W18/><G107/><T39/><D45/><U129/><E129/><V103/><F103/><W123/><G123/><T131/><D131/><U33/><E33/><V109/><F109/><W67/><G32/><T34/><D34/><U13/><E13/><N who="2" m="9231" /><F96/><W82/><G67/><T133/><D133/><U56/><E56/><V26/><F26/><W28/><G12/><T23/><D106/><U110/><E110/><V25/><F25/><W78/><G28/><T15/><D105/><U92/><AGARI ba="0,1" hai="2,7,11,53,54,57,63,65,79,81,86,87,88,92" machi="92" ten="20,7800,0" yaku="1,1,0,1,7,1,54,1,53,0" doraHai="112" doraHaiUra="95" who="1" fromWho="1" sc="238,-26,293,88,268,-26,191,-26" /><INIT seed="5,1,0,3,5,24" ten="212,381,242,165" oya="1" hai0="65,54,118,86,126,72,119,28,104,88,89,64,4" hai1="48,15,74,9,79,44,102,77,5,70,62,59,130" hai2="71,55,99,35,47,128,120,80,33,13,125,111,131" hai3="103,42,32,30,51,94,82,115,97,123,108,0,98"/><U14/><E130/><N who="2" m="49707" /><F120/><W90/><G108/><T85/><D72/><U45/><E70/><V3/><F71/><W76/><G123/><T53/><D4/><U129/><E129/><V56/><F3/><W75/><G0/><T106/><REACH who="0" step="1"/><D28/><REACH who="0" ten="202,381,242,165" step="2"/><U26/><E74/><V69/><F111/><W29/><G115/><T16/><D16/><U113/><E113/><V18/><F18/><W38/><G32/><T11/><D11/><U83/><E9/><V36/><F33/><W39/><G39/><T132/><D132/><U41/><E5/><V52/><F35/><W60/><G38/><T12/><D12/><U135/><E14/><V10/><F13/><W109/><G109/><T31/><D31/><U21/><E15/><V6/><F10/><W27/><G27/><T93/><D93/><U67/><E135/><V25/><F6/><W19/><G19/><T91/><D91/><U37/><E21/><V101/><F25/><W78/><G78/><T95/><D95/><U66/><E26/><V100/><F36/><W22/><G22/><T114/><D114/><U133/><E79/><V96/><F80/><W107/><REACH who="3" step="1"/><G60/><REACH who="3" ten="202,381,242,155" step="2"/><T105/><D105/><U127/><E62/><N who="2" m="36103" /><F100/><W49/><G49/><T7/><D7/><U92/><E102/><V110/><F101/><W17/><G17/><T124/><AGARI ba="1,2" hai="53,54,64,65,85,86,88,89,104,106,118,119,124,126" machi="124" ten="25,8000,1" yaku="1,1,0,1,22,2,54,1,53,0" doraHai="24" doraHaiUra="20" who="0" fromWho="0" sc="202,103,381,-41,242,-21,155,-21" /><INIT seed="6,0,0,1,5,67" ten="305,340,221,134" oya="2" hai0="111,7,29,59,90,16,89,133,122,113,25,104,44" hai1="1,15,11,63,125,21,4,128,40,56,17,45,78" hai2="96,100,95,135,57,98,134,19,74,36,127,51,70" hai3="126,66,68,87,73,131,72,80,34,91,86,60,69"/><V132/><F36/><W77/><G126/><T121/><D104/><U46/><E128/><V12/><F74/><W82/><G34/><T107/><D107/><U24/><E125/><V83/><F127/><W38/><G38/><T130/><D7/><U20/><E78/><V55/><F83/><W79/><G131/><T31/><D130/><U47/><E40/><V5/><F98/><W97/><G97/><T13/><D111/><U84/><E84/><V62/><F5/><W105/><G105/><T114/><D44/><U37/><E37/><V27/><F27/><W99/><G99/><T129/><D59/><U35/><E21/><N who="2" m="11495" /><F51/><W103/><G103/><T49/><D49/><U22/><E22/><V14/><F14/><W9/><G9/><T92/><D129/><U108/><E108/><V123/><F123/><W43/><G43/><T28/><D25/><U117/><E117/><V116/><F116/><W119/><G119/><T26/><D26/><U6/><E6/><V42/><F42/><W118/><G118/><T58/><D92/><U81/><E81/><V39/><F39/><W30/><G30/><T102/><D102/><U10/><E10/><V85/><F85/><W54/><G91/><T94/><D90/><U120/><E120/><V112/><F112/><W93/><G93/><T71/><D122/><U64/><REACH who="1" step="1"/><E35/><REACH who="1" ten="305,330,221,134" step="2"/><V106/><F106/><W18/><G73/><T8/><D121/><U65/><E65/><V0/><F0/><AGARI ba="0,1" hai="0,1,4,11,15,17,20,24,45,46,47,56,63,64" machi="0" ten="40,2600,0" yaku="1,1,53,1" doraHai="67" doraHaiUra="3" who="1" fromWho="2" sc="305,0,330,36,221,-26,134,0" /><INIT seed="7,0,0,1,3,21" ten="305,366,195,134" oya="3" hai0="97,83,15,58,77,28,80,24,9,40,84,126,18" hai1="27,74,25,39,62,61,7,49,16,121,36,123,91" hai2="95,33,41,117,8,70,103,4,71,132,112,106,0" hai3="69,134,3,88,22,94,108,124,89,44,6,133,59"/><W114/><G69/><T82/><D126/><U52/><E7/><V118/><F95/><W86/><G124/><T98/><D40/><U85/><E74/><V5/><F5/><W116/><G116/><T35/><D58/><U127/><E127/><V79/><F79/><W102/><G44/><T1/><D1/><U56/><E39/><V45/><F112/><W72/><G72/><T64/><D64/><U76/><E76/><V11/><F11/><N who="3" m="2527" /><G59/><T120/><D120/><U60/><E36/><N who="2" m="21671" /><F132/><N who="3" m="50795" /><G114/><T53/><D53/><U26/><REACH who="1" step="1"/><E16/><REACH who="1" ten="305,356,195,134" step="2"/><V12/><F117/><W19/><G108/><T125/><D125/><U131/><E131/><V20/><F118/><W75/><G75/><T96/><AGARI ba="0,1" hai="9,15,18,24,28,35,77,80,82,83,84,96,97,98" machi="96" ten="30,2000,0" yaku="0,1,52,1" doraHai="21" who="0" fromWho="0" sc="305,30,356,-5,195,-5,134,-10" owari="335,14.0,351,45.0,190,-21.0,124,-38.0" /></mjloggm>