<mjloggm ver="2.3"><GO type="169" lobby="0"/><UN n0="%E3%81%9F%E3%81%A4%E3%81%8D%E3%82%80%E3%81%A8%E3%82%93" n1="%6B%61%73%70%61%72" n2="%E5%B0%B1%E6%B4%BB%E7%94%9F%40%E5%B7%9D%E6%9D%91%E8%BB%8D%E5%9B%A3" n3="%74%75%67%61%6D%69" dan="16,16,18,17" rate="2130.69,2073.17,2293.63,2165.73" sx="M,M,M,M"/><TAIKYOKU oya="0"/><INIT seed="0,0,0,0,4,4" ten="250,250,250,250" oya="0" hai0="109,29,124,0,9,54,111,62,25,35,130,133,77" hai1="132,65,73,66,125,78,12,69,19,48,91,39,131" hai2="43,99,135,101,59,98,104,15,63,34,95,40,1" hai3="128,32,55,26,79,14,56,82,114,129,86,27,121"/><T122/><D77/><U2/><E2/><V108/><F1/><W51/><G114/><T120/><D62/><U92/><E39/><V61/><F34/><W46/><G121/><N who="0" m="46699" /><D54/><U37/><E37/><V97/><F108/><N who="0" m="41546" /><D130/><N who="3" m="50281" /><G32/><T126/><D133/><U85/><E132/><V67/><F135/><W42/><G14/><T8/><D0/><U36/><E36/><AGARI ba="0,0" hai="26,27,36,42,46,51,55,56,79,82,86" m="50281" machi="36" ten="30,1000,0" yaku="19,1" doraHai="4" who="3" fromWho="1" sc="250,0,250,-10,250,0,250,10" /><INIT seed="1,0,0,4,4,62" ten="250,240,250,260" oya="1" hai0="44,77,10,103,88,98,95,73,72,76,13,118,96" hai1="19,54,79,78,9,15,48,60,17,130,124,11,23" hai2="99,67,30,91,3,21,120,71,56,45,111,128,132" hai3="97,127,59,93,22,31,108,42,7,40,47,5,52"/><U55/><E130/><V81/><F71/><W107/><G107/><T53/><D118/><U25/><E124/><V94/><F3/><W117/><G108/><T65/><D65/><U29/><E55/><V35/><F35/><W116/><G127/><T112/><D112/><U50/><E60/><N who="2" m="38279" /><F111/><W61/><G31/><T37/><D37/><U39/><E39/><V2/><F2/><W49/><G40/><T32/><D32/><U34/><E50/><V126/><F132/><W114/><G22/><T4/><D73/><U70/><E70/><V28/><F120/><W58/><G58/><T115/><D72/><U26/><REACH who="1" step="1"/><E11/><REACH who="1" ten="250,230,250,260" step="2"/><V83/><F126/><W86/><G114/><T68/><D68/><U133/><E133/><V135/><F135/><W87/><G117/><T1/><D115/><U69/><E69/><V131/><F131/><W100/><G116/><T90/><D53/><U121/><E121/><V8/><F8/><W85/><AGARI ba="0,1" hai="5,7,42,47,49,52,59,61,85,86,87,93,97,100" machi="85" ten="30,4000,0" yaku="0,1,8,1,54,1" doraHai="62" who="3" fromWho="3" sc="250,-10,230,-20,250,-10,260,50" /><INIT seed="2,0,0,4,3,76" ten="240,210,240,310" oya="2" hai0="89,31,72,50,88,47,106,99,134,12,65,113,109" hai1="27,46,94,10,28,38,9,37,118,86,74,35,14" hai2="127,95,58,60,69,71,92,124,42,45,107,96,75" hai3="117,123,11,30,7,133,40,70,116,121,83,125,29"/><V100/><F75/><W16/><G70/><T98/><D113/><U108/><E74/><V56/><F71/><W114/><G83/><T68/><D72/><U57/><E118/><N who="3" m="45674" /><G40/><T73/><D73/><U49/><E108/><V36/><F69/><W129/><G114/><T115/><D109/><U119/><E119/><V63/><F63/><W104/><G104/><T122/><D115/><U44/><E10/><V20/><F20/><W61/><G61/><T4/><D106/><U111/><E111/><V48/><F36/><W13/><G129/><T51/><D51/><U87/><BYE who="0" /><E46/><UN n0="%E3%81%9F%E3%81%A4%E3%81%8D%E3%82%80%E3%81%A8%E3%82%93" /><V132/><F132/><W6/><G125/><N who="2" m="48201" /><F58/><W26/><G133/><T81/><D134/><U120/><E120/><N who="3" m="46154" /><G30/><T103/><D31/><U110/><E110/><V82/><F82/><W93/><G93/><T105/><D81/><U64/><E38/><V21/><F21/><AGARI ba="0,0" hai="6,7,11,13,16,21,26,29" m="46154,45674" machi="21" ten="30,3900,0" yaku="34,2,54,1" doraHai="76" who="3" fromWho="2" sc="240,0,210,0,240,-39,310,39" /><INIT seed="3,0,0,3,1,70" ten="240,210,201,349" oya="3" hai0="15,128,0,47,81,58,67,60,63,22,127,13,31" hai1="24,129,19,94,92,122,106,102,96,56,107,84,111" hai2="11,90,83,38,51,121,27,73,52,21,116,115,114" hai3="25,89,113,1,78,36,32,3,43,16,109,9,61"/><W123/><G113/><T18/><D0/><U57/><E111/><V2/><F116/><W80/><G109/><T82/><D128/><U105/><E129/><V35/><F35/><W88/><G123/><T28/><D127/><U41/><E122/><V120/><F38/><W132/><G61/><T8/><D47/><U6/><E6/><N who="2" m="1495" /><F90/><W126/><G132/><T74/><D74/><U45/><BYE who="0" /><E24/><V85/><F73/><N who="3" m="43087" /><G126/><T66/><D66/><U71/><E71/><V7/><F7/><N who="3" m="1263" /><G3/><T95/><D95/><U68/><E68/><V14/><F14/><W93/><G93/><T10/><D10/><U12/><E94/><V117/><F117/><W76/><G76/><UN n0="%E3%81%9F%E3%81%A4%E3%81%8D%E3%82%80%E3%81%A8%E3%82%93" /><T101/><D101/><U44/><E84/><V34/><F85/><W50/><G50/><T20/><D63/><U26/><E26/><V39/><F83/><N who="0" m="31754" /><D22/><U77/><E77/><V59/><F21/><N who="3" m="13479" /><G32/><T49/><D49/><U134/><E134/><V53/><F114/><W40/><G40/><T62/><D62/><U98/><E107/><V54/><F115/><W135/><G135/><T64/><D64/><U72/><E72/><V125/><F125/><W103/><G103/><T112/><D112/><U30/><E102/><V99/><F39/><W119/><G119/><T29/><D29/><U133/><E30/><N who="2" m="19807" /><F99/><W33/><G33/><T65/><D65/><U17/><E133/><V5/><F5/><AGARI ba="0,0" hai="5,8,13,15,18,20,28,31,58,60,67" m="31754" machi="5" ten="30,1000,0" yaku="8,1" doraHai="70" who="0" fromWho="2" sc="240,10,210,0,201,-10,349,0" /><INIT seed="4,0,0,2,3,13" ten="250,210,191,349" oya="0" hai0="75,78,130,21,25,104,123,31,131,102,11,41,67" hai1="86,125,127,7,2,55,57,51,62,53,68,89,70" hai2="79,81,63,27,91,66,84,40,83,61,8,76,23" hai3="106,94,95,116,1,87,34,92,43,9,37,49,18"/><T10/><D123/><U24/><E7/><V56/><F40/><W129/><G106/><T17/><D41/><U96/><E2/><V19/><F8/><W77/><G34/><T112/><D112/><U65/><E96/><V115/><F115/><W14/><G129/><N who="0" m="49163" /><D67/><U6/><E6/><V54/><REACH who="2" step="1"/><F81/><REACH who="2" ten="250,210,181,349" step="2"/><N who="3" m="47535" /><G37/><T26/><D10/><U30/><E55/><V88/><F88/><W5/><G43/><T133/><D133/><U74/><E74/><V32/><F32/><W98/><G1/><T99/><D11/><U47/><E127/><V59/><AGARI ba="0,1" hai="19,23,27,54,56,59,61,63,66,76,79,83,84,91" machi="59" ten="20,8000,1" yaku="1,1,0,1,7,1,8,1,52,1,53,0" doraHai="13" doraHaiUra="124" who="2" fromWho="2" sc="250,-40,210,-20,181,90,349,-20" /><INIT seed="5,0,0,5,1,115" ten="210,190,271,329" oya="1" hai0="106,118,74,101,113,3,35,91,69,90,81,36,92" hai1="89,133,102,60,116,68,88,96,127,79,83,95,54" hai2="124,9,30,120,73,44,66,128,111,5,87,0,57" hai3="40,70,84,46,76,50,61,117,129,103,32,100,108"/><U24/><E133/><V28/><F73/><W62/><G108/><T58/><D58/><U15/><E127/><V1/><F1/><W63/><G129/><T25/><D90/><N who="1" m="34923" /><E68/><V132/><F111/><W11/><G32/><T19/><D91/><N who="1" m="55423" /><E15/><V34/><F120/><W121/><G121/><T10/><D69/><U2/><E2/><V98/><F34/><W67/><G67/><T55/><D35/><U13/><E13/><V27/><F124/><W134/><G134/><T72/><D3/><U123/><E123/><V114/><F114/><W78/><G70/><T82/><D113/><U6/><E6/><V97/><F27/><W16/><G76/><T56/><D25/><U135/><E24/><V71/><F71/><W125/><G125/><T23/><D36/><U12/><E12/><V33/><F33/><W112/><G112/><T31/><D72/><N who="1" m="43495" /><E54/><V110/><F30/><W126/><G126/><T20/><D55/><U26/><E26/><V94/><F28/><W75/><G11/><T37/><D37/><U14/><E14/><V99/><F132/><W59/><G16/><T4/><D10/><U93/><E60/><N who="2" m="38159" /><F110/><W7/><G7/><T109/><D109/><U131/><E135/><V64/><F128/><W43/><G43/><T18/><D31/><U51/><E51/><V29/><F29/><W80/><G59/><T107/><D56/><U38/><E38/><V65/><F44/><W48/><G48/><T122/><D122/><U53/><E53/><V119/><F119/><W42/><G117/><T17/><D118/><U104/><E131/><V52/><F52/><RYUUKYOKU ba="0,0" sc="210,-10,190,-10,271,30,329,-10" hai2="0,5,9,64,65,87,94,97,98,99" /><INIT seed="6,1,0,2,5,22" ten="200,180,301,319" oya="2" hai0="1,128,91,14,10,2,131,117,85,90,62,21,81" hai1="79,88,92,109,116,55,110,64,125,112,65,52,26" hai2="35,13,47,83,119,82,105,78,25,18,67,50,104" hai3="30,54,120,23,56,102,69,76,75,48,27,107,45"/><V135/><F119/><W77/><G120/><T11/><D117/><U28/><E116/><V40/><F135/><W49/><G69/><T36/><D36/><U15/><E125/><V111/><F67/><N who="1" m="25673" /><E110/><V122/><F122/><W97/><REACH who="3" step="1"/><G75/><REACH who="3" ten="200,180,301,309" step="2"/><T121/><D121/><U63/><E109/><V101/><F111/><W93/><G93/><T9/><D131/><U44/><E112/><V72/><F83/><W46/><G46/><T17/><D128/><U134/><E134/><V4/><F104/><W0/><G0/><T126/><D126/><U60/><E79/><V84/><F72/><W74/><G74/><T99/><D1/><U103/><E44/><V34/><F105/><W129/><G129/><T39/><D2/><U16/><E103/><V5/><F101/><W114/><G114/><T70/><D70/><U68/><E68/><V8/><F4/><W24/><G24/><T86/><D81/><U127/><E127/><V106/><F106/><W89/><G89/><T58/><D91/><U20/><E63/><V80/><F80/><W33/><G33/><T96/><D90/><U124/><E60/><V31/><F18/><W87/><G87/><T43/><D86/><N who="1" m="52247" /><E124/><V95/><F95/><W118/><G118/><T19/><D85/><U41/><E41/><AGARI ba="1,1" hai="23,27,30,41,45,48,49,54,56,76,77,97,102,107" machi="41" ten="30,3900,0" yaku="1,1,7,1,52,1,53,0" doraHai="22" doraHaiUra="7" who="3" fromWho="1" sc="200,0,180,-42,301,0,309,52" /><INIT seed="7,0,0,4,2,40" ten="200,138,301,361" oya="3" hai0="105,67,44,62,25,103,135,97,16,28,87,21,58" hai1="19,128,126,8,49,59,6,102,27,45,111,130,65" hai2="15,43,108,23,4,34,37,64,96,73,60,85,101" hai3="115,107,112,98,117,2,14,70,71,90,74,109,80"/><W81/><G2/><T89/><D135/><U32/><E111/><V63/><F34/><W121/><G117/><T13/><D44/><U127/><E102/><V61/><F73/><W132/><G132/><T52/><D67/><U53/><E32/><V57/><F108/><W48/><G121/><T29/><REACH who="0" step="1"/><D13/><REACH who="0" ten="190,138,301,361" step="2"/><N who="1" m="5271" /><E65/><V131/><F64/><W39/><G14/><T26/><D26/><U54/><E27/><V124/><F15/><W9/><G71/><T99/><D99/><U50/><E19/><V10/><F96/><W1/><G98/><T69/><D69/><U120/><E120/><V79/><F37/><W83/><G39/><T122/><D122/><U18/><E18/><V78/><F57/><W106/><G70/><T11/><D11/><U47/><E59/><V100/><F10/><W3/><G9/><T88/><D88/><U0/><E0/><V66/><F66/><W119/><G90/><T95/><AGARI ba="0,1" hai="16,21,25,28,29,52,58,62,87,89,95,97,103,105" machi="95" ten="20,12000,2" yaku="1,1,0,1,7,1,54,2,53,1" doraHai="40" doraHaiUra="17" who="0" fromWho="0" sc="190,130,138,-30,301,-30,361,-60" owari="320,42.0,108,-39.0,271,-13.0,301,10.0" /></mjloggm>