<mjloggm ver="2.3"><GO type="225" lobby="0"/><UN n0="%E8%85%B9%E7%97%9B%E3%81%BD%E3%81%A3%E3%81%8F%E3%82%93" n1="%E3%82%A6%E3%83%AB%E3%83%88%E3%83%A9%E7%AB%8B%E7%9B%B4" n2="%E3%81%8F%E3%81%A0%E3%81%8A" n3="%E3%83%A9%E3%82%A4%E3%82%AB%40" dan="18,17,16,16" rate="2291.15,2100.06,2127.22,2063.50" sx="M,M,M,M"/><TAIKYOKU oya="0"/><INIT seed="0,0,0,1,0,99" ten="250,250,250,250" oya="0" hai0="116,29,41,70,0,131,53,86,95,128,2,16,134" hai1="65,6,58,79,42,30,46,66,90,17,113,68,45" hai2="26,108,44,89,64,125,35,105,37,23,76,43,63" hai3="119,124,5,55,115,8,104,56,126,60,10,121,34"/><T74/><D74/><U118/><E30/><V15/><F108/><W120/><G115/><T21/><D70/><U69/><E6/><V49/><F125/><N who="3" m="48235" /><G119/><T129/><D41/><U94/><E79/><V122/><F122/><N who="3" m="47211" /><G5/><T4/><D116/><U135/><E17/><V57/><F105/><W61/><G104/><T36/><D36/><U48/><E94/><V62/><F76/><W103/><G103/><T1/><D53/><N who="1" m="29847" /><E90/><V93/><F35/><W9/><G34/><T111/><D111/><U12/><E12/><V80/><F80/><W24/><G24/><N who="0" m="14375" /><D134/><U7/><E7/><V127/><F127/><W54/><G61/><T59/><D59/><U133/><E118/><V27/><F63/><W18/><G55/><T110/><D110/><U82/><E113/><V101/><F101/><W67/><G67/><N who="1" m="25610" /><E58/><V71/><F57/><W14/><AGARI ba="0,0" hai="8,9,10,14,18,54,56,60" m="47211,48235" machi="14" ten="40,2700,0" yaku="18,1,13,1" doraHai="99" who="3" fromWho="3" sc="250,-13,250,-7,250,-7,250,27" /><INIT seed="1,0,0,0,4,28" ten="237,243,243,277" oya="1" hai0="76,59,104,6,50,126,68,19,13,47,53,121,16" hai1="15,37,34,90,48,102,127,49,67,63,8,85,33" hai2="30,94,54,24,109,79,86,66,31,12,113,70,7" hai3="89,97,3,100,1,9,5,17,18,99,98,60,111"/><U92/><E37/><V41/><F109/><W46/><G111/><T14/><D104/><U72/><E72/><V71/><F113/><W106/><G3/><T124/><D68/><U55/><E102/><V11/><F41/><W133/><G133/><T129/><D129/><U114/><E114/><V26/><F26/><W87/><G106/><T44/><D76/><U116/><E116/><V105/><F105/><W35/><G100/><T78/><D78/><U91/><E91/><V58/><F66/><W74/><G74/><T23/><D6/><U81/><E92/><V125/><F125/><N who="0" m="48234" /><D121/><U134/><E134/><V20/><F31/><W0/><G0/><T130/><D130/><U128/><E128/><V96/><F86/><W39/><G60/><T118/><D118/><U62/><E49/><V122/><F79/><W108/><G108/><T42/><D42/><U38/><E38/><V103/><REACH who="2" step="1"/><F122/><REACH who="2" ten="237,243,233,277" step="2"/><W65/><G65/><T119/><D119/><U64/><E127/><V84/><F84/><W115/><G87/><T73/><D73/><U40/><E40/><V117/><F117/><W36/><G115/><T131/><D131/><U83/><E64/><V80/><F80/><W110/><G110/><T43/><D43/><U52/><E83/><V135/><F135/><W69/><G39/><T132/><D132/><U32/><E67/><V51/><AGARI ba="0,1" hai="7,11,12,20,24,30,51,54,58,70,71,94,96,103" machi="51" ten="20,5200,0" yaku="1,1,0,1,7,1,53,1" doraHai="28" doraHaiUra="4" who="2" fromWho="2" sc="237,-13,243,-26,233,62,277,-13" /><INIT seed="2,0,0,3,1,124" ten="224,217,295,264" oya="2" hai0="110,122,134,102,40,6,95,65,14,25,51,107,81" hai1="3,117,132,46,59,5,20,27,26,11,64,21,44" hai2="36,2,106,121,113,31,69,98,24,128,19,52,126" hai3="63,56,13,35,58,28,86,101,133,91,82,34,100"/><V54/><F126/><W119/><G119/><T53/><D122/><U87/><E117/><V4/><F121/><W96/><G133/><T16/><D107/><U104/><E104/><V97/><F69/><W43/><G43/><T42/><D134/><U62/><E132/><V10/><F36/><W71/><G71/><T94/><D110/><U72/><E72/><V111/><F113/><W88/><G13/><T135/><D135/><U85/><E87/><V30/><F111/><W76/><G34/><T118/><D65/><U120/><E120/><V50/><F30/><W45/><G45/><N who="0" m="27887" /><D118/><U103/><E103/><N who="3" m="39498" /><G35/><T109/><D109/><U68/><E85/><V60/><F106/><W9/><G28/><T12/><D81/><U17/><REACH who="1" step="1"/><E68/><REACH who="1" ten="224,207,295,264" step="2"/><V90/><F98/><W92/><G96/><N who="0" m="59671" /><D95/><U114/><E114/><V123/><F97/><W47/><G92/><T29/><D6/><U70/><E70/><V99/><F123/><W23/><G86/><T49/><D49/><U33/><E33/><V7/><F7/><W116/><G116/><T75/><D75/><U93/><E93/><V37/><F99/><W80/><G80/><T79/><D79/><U1/><E1/><V73/><F73/><W89/><G82/><T32/><D14/><U22/><E22/><V57/><F50/><W48/><G76/><T77/><D77/><U67/><E67/><V130/><F37/><W84/><G23/><N who="0" m="11655" /><D32/><U129/><E129/><V39/><F39/><W18/><G84/><T115/><D115/><U41/><E41/><V131/><F131/><W74/><G74/><T127/><D127/><RYUUKYOKU ba="0,1" sc="224,15,207,15,295,-15,264,-15" hai0="25,29,40,42" hai1="3,5,11,17,20,21,26,27,44,46,59,62,64" /><INIT seed="3,1,1,0,5,17" ten="239,222,280,249" oya="3" hai0="42,75,43,18,69,14,15,62,84,94,117,82,46" hai1="127,90,23,134,51,112,38,20,78,107,132,61,67" hai2="99,56,122,59,98,111,79,125,126,108,68,25,92" hai3="86,33,22,8,109,118,31,113,9,48,35,27,11"/><W74/><G74/><T57/><D69/><U119/><E112/><V93/><F68/><W41/><G113/><T100/><D75/><U104/><E38/><V53/><F79/><W96/><G118/><T55/><D117/><U110/><E119/><V6/><F6/><W2/><G109/><N who="2" m="42057" /><F25/><W80/><G96/><N who="2" m="36905" /><F122/><W0/><G0/><T40/><D94/><N who="2" m="36458" /><F59/><W45/><REACH who="3" step="1"/><G2/><REACH who="3" ten="239,222,280,239" step="2"/><T16/><D100/><U50/><E110/><V60/><AGARI ba="1,2" hai="53,56,60,125,126" m="36458,36905,42057" machi="60" ten="40,1500,0" yaku="14,1" doraHai="17" who="2" fromWho="2" sc="239,-5,222,-5,280,38,239,-8" owari="234,3.0,217,-28.0,318,42.0,231,-17.0" /></mjloggm>