<mjloggm ver="2.3"><GO type="169" lobby="0"/><UN n0="%6B%61%73%70%61%72" n1="%E3%82%A6%E3%83%AB%E3%83%88%E3%83%A9%E7%AB%8B%E7%9B%B4" n2="%E9%9A%A0%E6%AD%A2" n3="%74%6F%6E%6E%75%72%61" dan="16,18,16,17" rate="2089.36,2250.10,2078.61,2184.05" sx="M,M,M,M"/><TAIKYOKU oya="0"/><INIT seed="0,0,0,1,5,31" ten="250,250,250,250" oya="0" hai0="21,106,44,123,10,98,135,81,86,132,102,3,38" hai1="91,46,77,80,52,35,124,61,18,125,87,105,117" hai2="15,115,40,6,121,116,48,19,34,49,83,51,42" hai3="43,122,30,54,93,94,23,53,72,4,131,108,74"/><T69/><D69/><U17/><E105/><V96/><F121/><W130/><G108/><T66/><D66/><U127/><E117/><V128/><F116/><W79/><G4/><T27/><D123/><U134/><E134/><N who="0" m="51241" /><D38/><U103/><E103/><V120/><F120/><W104/><G43/><T82/><D44/><U63/><E35/><V92/><F34/><W50/><G104/><T1/><D10/><U71/><E71/><V22/><F115/><W32/><G122/><T20/><D20/><U47/><E77/><V95/><F6/><W126/><G23/><T112/><D112/><U14/><E18/><V88/><F128/><W89/><G79/><N who="0" m="46399" /><D82/><U2/><E2/><V64/><F83/><W97/><G54/><T45/><D45/><N who="1" m="16907" /><E52/><V100/><REACH who="2" step="1"/><F64/><REACH who="2" ten="250,250,240,250" step="2"/><W90/><G32/><T76/><D76/><U56/><E56/><V59/><F59/><W26/><G53/><T9/><D9/><AGARI ba="0,1" hai="9,14,17,61,63,80,87,91,124,125,127" m="16907" machi="9" ten="30,1000,0" yaku="18,1" doraHai="31" who="1" fromWho="0" sc="250,-10,250,20,240,0,250,0" /><INIT seed="1,0,0,1,5,117" ten="240,270,240,250" oya="1" hai0="5,79,115,67,40,129,43,122,22,135,1,25,20" hai1="39,14,109,74,126,70,77,87,15,6,95,108,49" hai2="90,57,17,128,99,33,8,66,124,65,46,30,27" hai3="89,58,92,73,94,48,12,64,110,21,81,104,130"/><U11/><E39/><V63/><F124/><W123/><G110/><N who="1" m="42602" /><E70/><V120/><F120/><W47/><G104/><T4/><D67/><U42/><E74/><V34/><F128/><W60/><G123/><T132/><D79/><U59/><E126/><V26/><F46/><W133/><G133/><T36/><D36/><U80/><E95/><V2/><F2/><W38/><G38/><T9/><D115/><U55/><E42/><V134/><F134/><W118/><G118/><T31/><D129/><U71/><E71/><V3/><F3/><AGARI ba="0,0" hai="3,6,11,14,15,49,55,59,77,80,87" m="42602" machi="3" ten="30,2900,0" yaku="14,1,10,1" doraHai="117" who="1" fromWho="2" sc="240,0,270,29,240,-29,250,0" /><INIT seed="1,1,0,3,5,62" ten="240,299,211,250" oya="1" hai0="85,7,10,76,5,20,107,41,32,65,72,48,4" hai1="84,121,45,131,23,114,66,102,97,3,73,55,47" hai2="80,36,6,108,134,52,75,21,74,118,126,17,27" hai3="38,25,71,109,40,120,43,39,70,59,88,91,113"/><U1/><E73/><V16/><F118/><W31/><G109/><T26/><D72/><U124/><E114/><V119/><F108/><W30/><G25/><T122/><D107/><U19/><E121/><V100/><F119/><W58/><REACH who="3" step="1"/><G113/><REACH who="3" ten="240,299,211,240" step="2"/><T49/><D122/><AGARI ba="1,1" hai="30,31,38,39,40,43,58,59,70,71,88,91,120,122" machi="122" ten="25,8000,1" yaku="1,1,2,1,22,2,54,1,53,0" doraHai="62" doraHaiUra="33" who="3" fromWho="0" sc="240,-83,299,0,211,0,240,93" /><INIT seed="2,0,0,4,4,28" ten="157,299,211,333" oya="2" hai0="27,77,39,12,38,125,119,54,122,120,44,93,124" hai1="65,108,60,23,49,10,19,59,1,111,18,66,20" hai2="92,68,37,30,11,9,114,128,81,5,7,126,40" hai3="83,79,115,17,90,76,62,57,131,116,26,102,36"/><V15/><F68/><W107/><G116/><T75/><D119/><U52/><E1/><V135/><F37/><W0/><G36/><N who="0" m="13867" /><D12/><U48/><E10/><V118/><F40/><W94/><G131/><T121/><D93/><U95/><E95/><V16/><F92/><W14/><G0/><T130/><D27/><U85/><E85/><V88/><F118/><W21/><G115/><T72/><D77/><U3/><E3/><V8/><F114/><W134/><G134/><T105/><D44/><U45/><E23/><V71/><F135/><W104/><G102/><T106/><D54/><N who="1" m="29967" /><E20/><V117/><F117/><W58/><G14/><T100/><D100/><U99/><E99/><V53/><F53/><W70/><G70/><T42/><D42/><U64/><E19/><V97/><F71/><W41/><G41/><T22/><D22/><U78/><E18/><V29/><F97/><W123/><G123/><T25/><D25/><U113/><E78/><V4/><F128/><W74/><G76/><T101/><D101/><U127/><E113/><V103/><F103/><W91/><G91/><T32/><D32/><U63/><E127/><N who="0" m="48713" /><D130/><U33/><E33/><V82/><F126/><W43/><G43/><T67/><D67/><U112/><E112/><V69/><F69/><W6/><G6/><T51/><D51/><U46/><E66/><V80/><F88/><W84/><REACH who="3" step="1"/><G58/><AGARI ba="0,0" hai="46,49,52,58,59,60,63,64,65,108,111" m="29967" machi="58" ten="30,3900,0" yaku="34,2,54,1" doraHai="28" who="1" fromWho="3" sc="157,0,299,39,211,0,333,-39" /><INIT seed="3,0,0,0,0,67" ten="157,338,211,294" oya="3" hai0="49,113,107,117,77,57,28,20,47,21,35,6,114" hai1="72,126,132,65,73,10,98,109,66,17,135,76,128" hai2="59,115,18,37,15,130,131,41,81,102,74,125,80" hai3="97,75,32,2,127,104,51,105,45,7,122,85,55"/><W100/><G122/><T46/><D107/><U56/><E109/><V29/><F115/><N who="0" m="44042" /><D117/><U124/><E98/><V52/><F125/><W22/><G127/><N who="1" m="48682" /><E128/><N who="2" m="49195" /><F102/><W84/><G75/><N who="1" m="28746" /><E76/><V5/><F29/><W92/><G32/><T64/><D77/><U48/><E48/><N who="2" m="31111" /><F5/><W33/><G33/><T23/><D6/><U90/><E90/><V12/><F74/><W94/><G7/><T108/><D108/><U40/><E40/><V68/><F68/><W53/><G2/><T120/><D120/><U118/><E118/><V95/><F95/><W25/><G55/><N who="0" m="31983" /><D64/><N who="1" m="24683" /><E56/><V88/><F80/><W58/><G58/><T112/><N who="0" m="44050" /><T86/><DORA hai="43" /><D86/><U134/><E17/><V61/><F18/><W4/><G4/><T121/><D121/><U116/><E116/><V39/><F39/><W111/><G111/><T0/><D0/><U133/><E133/><V91/><F37/><W13/><G85/><T60/><D60/><U106/><E106/><V110/><F61/><W101/><G84/><T3/><D3/><U50/><E50/><V24/><F110/><W82/><G82/><T34/><D34/><U27/><E27/><AGARI ba="0,0" hai="20,21,23,27,28,35,46,47" m="31983,44050" machi="27" ten="50,6400,0" yaku="11,1,52,2" doraHai="67,43" who="0" fromWho="1" sc="157,64,338,-64,211,0,294,0" /><INIT seed="4,0,0,0,2,34" ten="221,274,211,294" oya="0" hai0="84,50,120,47,60,110,41,112,33,55,12,89,30" hai1="18,46,100,23,102,15,2,67,42,96,135,122,66" hai2="37,133,49,70,40,117,6,48,107,69,79,130,73" hai3="109,118,31,78,128,39,131,103,76,26,127,94,35"/><T95/><D120/><U54/><E122/><V10/><F117/><W24/><G109/><T116/><D116/><U91/><E2/><V36/><F107/><W7/><G39/><T98/><D112/><U75/><E75/><V121/><F121/><W17/><G127/><T104/><D110/><U20/><E135/><V108/><F133/><W111/><G111/><T64/><D12/><U115/><E115/><V82/><F108/><W43/><G43/><T65/><D33/><U81/><E54/><V88/><F130/><N who="3" m="49707" /><G7/><T93/><D30/><U13/><E91/><V56/><F37/><W53/><G53/><T72/><D72/><U27/><E81/><V28/><F28/><W80/><G80/><T32/><D32/><U114/><E114/><V134/><F134/><W4/><G4/><T0/><D0/><U123/><E123/><V132/><F132/><W38/><G38/><T86/><D104/><U19/><E27/><V92/><F56/><W16/><G118/><T25/><D25/><U45/><REACH who="1" step="1"/><E96/><REACH who="1" ten="221,264,211,294" step="2"/><N who="2" m="57351" /><F70/><W22/><G24/><T90/><D98/><U11/><E11/><V126/><F69/><W113/><G113/><T74/><D74/><U77/><E77/><N who="3" m="29802" /><G35/><T14/><D14/><U97/><E97/><AGARI ba="0,1" hai="16,17,22,26,31,94,97,103" m="29802,49707" machi="97" ten="30,2000,0" yaku="19,1,54,1" doraHai="34" who="3" fromWho="1" sc="221,0,264,-20,211,0,294,30" /><INIT seed="5,0,0,3,1,94" ten="221,244,211,324" oya="1" hai0="101,107,22,24,80,49,122,112,102,53,86,91,119" hai1="36,77,43,132,67,97,57,59,10,130,8,0,32" hai2="40,104,18,35,90,45,68,23,47,6,117,26,108" hai3="62,82,109,88,52,28,114,93,81,131,134,48,15"/><U17/><E32/><V38/><F117/><W128/><G109/><T46/><D119/><U39/><E130/><N who="3" m="49706" /><G114/><T65/><D122/><U100/><E77/><V55/><F108/><W79/><G62/><T56/><D112/><U120/><E120/><V75/><F68/><W123/><G134/><T72/><D72/><U30/><E30/><V29/><F75/><W9/><G28/><T21/><D107/><U71/><E132/><V11/><F104/><W25/><G25/><T126/><D126/><U1/><E71/><V42/><F90/><W110/><G79/><T125/><D125/><U60/><E57/><V41/><F55/><W74/><G74/><T33/><D33/><U64/><E64/><V12/><REACH who="2" step="1"/><F47/><REACH who="2" ten="221,244,201,324" step="2"/><N who="3" m="27679" /><G123/><T116/><D116/><U78/><E78/><V70/><F70/><W66/><G66/><T34/><D65/><U20/><E67/><V61/><F61/><W115/><G110/><T111/><D111/><U85/><E60/><V14/><AGARI ba="0,1" hai="6,11,12,14,18,23,26,29,35,38,40,41,42,45" machi="14" ten="20,2700,0" yaku="1,1,0,1,7,1,53,0" doraHai="94" doraHaiUra="92" who="2" fromWho="2" sc="221,-7,244,-13,201,37,324,-7" /><INIT seed="6,0,0,0,5,117" ten="214,231,238,317" oya="2" hai0="6,88,4,108,3,93,25,91,121,75,132,97,123" hai1="10,92,118,122,68,120,109,70,67,55,104,11,87" hai2="134,17,9,53,106,64,12,96,16,13,114,27,112" hai3="98,42,130,126,133,124,50,30,28,18,83,7,54"/><V128/><F134/><W101/><G130/><T49/><D108/><U48/><E104/><V44/><F128/><W59/><G133/><T90/><D132/><U19/><E109/><V89/><F64/><W2/><G83/><T61/><D75/><U129/><E118/><V69/><F69/><W81/><G81/><T45/><D61/><U105/><E105/><V63/><F27/><W22/><G42/><T32/><D32/><U125/><E129/><V60/><F106/><W76/><G76/><T40/><D25/><U33/><E33/><V115/><F96/><W37/><G37/><T29/><D29/><U94/><E125/><N who="3" m="48234" /><G7/><T52/><D4/><U41/><E41/><V135/><F89/><W15/><G2/><T58/><D6/><U110/><E110/><V116/><F116/><W36/><G36/><T111/><D3/><U46/><E94/><AGARI ba="0,0" hai="15,18,22,28,30,50,54,59,94,98,101" m="48234" machi="94" ten="30,1000,0" yaku="18,1" doraHai="117" who="3" fromWho="1" sc="214,0,231,-10,238,0,317,10" /><INIT seed="7,0,0,1,5,86" ten="214,221,238,327" oya="3" hai0="78,84,52,104,133,2,75,0,131,135,10,20,34" hai1="54,59,55,98,87,12,51,62,68,49,46,96,100" hai2="23,77,109,32,56,70,89,85,63,107,6,45,71" hai3="102,31,9,60,64,130,38,118,24,124,19,8,41"/><W121/><G118/><T125/><D104/><U114/><E114/><V26/><F109/><W74/><G124/><T117/><D34/><U113/><E113/><V13/><F107/><W15/><G74/><T61/><D117/><U40/><E68/><V116/><F116/><W122/><G130/><T43/><D131/><U35/><E35/><V80/><F45/><W82/><G9/><T103/><D103/><U134/><E134/><N who="0" m="51209" /><D125/><U123/><E123/><V39/><F39/><W128/><G128/><T44/><D75/><U108/><E108/><V119/><F32/><W72/><G102/><T18/><D10/><U90/><E12/><V1/><F1/><N who="0" m="618" /><D78/><U53/><E100/><V16/><F119/><W110/><G110/><T101/><D101/><U28/><E28/><V112/><F112/><W66/><G72/><T25/><D84/><U115/><E115/><V93/><F70/><W129/><G129/><T7/><D7/><U11/><E11/><N who="2" m="4343" /><F71/><W83/><G121/><T105/><D105/><U69/><E69/><V58/><F63/><W50/><G60/><T94/><D94/><N who="1" m="54623" /><E51/><V48/><F48/><W67/><G50/><N who="0" m="28743" /><D61/><U132/><E132/><V73/><F73/><W42/><G122/><T88/><D88/><U33/><E33/><V95/><F95/><W81/><G38/><T126/><D126/><U30/><E30/><V22/><F22/><AGARI ba="0,0" hai="8,15,19,22,24,31,41,42,64,66,67,81,82,83" machi="22" ten="40,2000,0" yaku="8,1" doraHai="86" who="3" fromWho="2" sc="214,0,221,0,238,-20,327,20" owari="214,-29.0,221,2.0,218,-18.0,347,45.0" /></mjloggm>