<mjloggm ver="2.3"><GO type="169" lobby="0"/><UN n0="%E5%B0%B1%E6%B4%BB%E7%94%9F%40%E5%B7%9D%E6%9D%91%E8%BB%8D%E5%9B%A3" n1="%2E%44%49%56%41" n2="%E3%82%86%E3%81%A3%E3%81%8F%E3%82%8A%E5%A6%96%E5%A4%A2" n3="%67%6F%75%73%69" dan="19,16,17,17" rate="2361.01,2065.25,2244.31,2198.31" sx="M,M,M,M"/><TAIKYOKU oya="0"/><INIT seed="0,0,0,5,1,69" ten="250,250,250,250" oya="0" hai0="103,14,96,16,10,53,25,93,133,33,81,87,19" hai1="117,106,88,123,48,49,41,6,13,27,40,100,84" hai2="5,1,15,56,61,78,23,66,47,58,54,4,127" hai3="74,73,85,62,132,115,57,42,32,7,107,8,111"/><T134/><D53/><U97/><E117/><V71/><F127/><W37/><G32/><T86/><D86/><U21/><E123/><V98/><F78/><W131/><G107/><T118/><D118/><U110/><E110/><V50/><F1/><W108/><G115/><T116/><D116/><U82/><E48/><V77/><F77/><W121/><G85/><T99/><D96/><U59/><E6/><V12/><F98/><W39/><G42/><T92/><D92/><U36/><E13/><V43/><F58/><W94/><G94/><T31/><REACH who="0" step="1"/><D19/><REACH who="0" ten="240,250,250,250" step="2"/><U122/><E84/><V67/><F54/><W68/><G111/><T120/><D120/><U26/><E122/><V17/><F67/><W24/><G108/><T126/><D126/><U60/><E97/><V95/><F95/><W52/><G121/><T30/><D30/><U128/><E82/><V29/><F29/><W9/><G52/><T72/><D72/><U90/><E100/><V80/><F80/><W124/><G74/><T28/><D28/><U0/><E90/><AGARI ba="0,1" hai="10,14,16,25,31,33,81,87,90,93,99,103,133,134" machi="90" ten="40,3900,0" yaku="1,1,54,1,53,0" doraHai="69" doraHaiUra="18" who="0" fromWho="1" sc="240,49,250,-39,250,0,250,0" /><INIT seed="0,1,0,4,5,86" ten="289,211,250,250" oya="0" hai0="72,15,2,123,7,129,55,119,68,111,84,91,89" hai1="118,58,93,74,120,83,51,79,22,113,105,69,52" hai2="71,35,125,0,45,62,92,13,94,21,100,53,43" hai3="20,10,82,27,28,6,48,112,95,9,61,47,36"/><T41/><D2/><U11/><E118/><V124/><F35/><W37/><G112/><T73/><D68/><U8/><E105/><V59/><F0/><W102/><G61/><T96/><D119/><U75/><E120/><V122/><F122/><W67/><G67/><T32/><D32/><U126/><E126/><N who="2" m="48747" /><F71/><W117/><G117/><T77/><D123/><U17/><E69/><V40/><F100/><W5/><G82/><N who="0" m="47183" /><D73/><U65/><E65/><V54/><F54/><W114/><G114/><T108/><D72/><U98/><E75/><V81/><F81/><W25/><G25/><T4/><D129/><U50/><E51/><V132/><F132/><W14/><G102/><T12/><D96/><U99/><E98/><V42/><F45/><W19/><G95/><T49/><D41/><U88/><E113/><V128/><F128/><W18/><G36/><T121/><D121/><U46/><E46/><V131/><F131/><W34/><G37/><T85/><D85/><U63/><E50/><V104/><F104/><W26/><G48/><T39/><D39/><U78/><E79/><V130/><F130/><W60/><G60/><T1/><D1/><U38/><E38/><V134/><F134/><W103/><G103/><T135/><D135/><U16/><E17/><AGARI ba="1,0" hai="13,17,21,40,42,43,53,59,62,92,94" m="48747" machi="17" ten="30,1000,0" yaku="18,1" doraHai="86" who="2" fromWho="1" sc="289,0,211,-13,250,13,250,0" /><INIT seed="1,0,0,0,1,75" ten="289,198,263,250" oya="1" hai0="24,124,44,76,28,47,43,7,48,125,60,95,93" hai1="87,121,80,81,56,3,70,107,17,52,1,42,33" hai2="65,117,38,106,135,27,69,88,116,114,41,120,32" hai3="19,14,96,129,123,68,40,71,134,105,79,108,0"/><U37/><E70/><V39/><F106/><W86/><G0/><T64/><D7/><U90/><E121/><V16/><F120/><W67/><G123/><T131/><D131/><U61/><E107/><V4/><F4/><W21/><G129/><T119/><D47/><U100/><E100/><V13/><F135/><W132/><G40/><T82/><D119/><U102/><E102/><V99/><F114/><W85/><G85/><T130/><D130/><U26/><E80/><V51/><F51/><W72/><G72/><T9/><D9/><U73/><E73/><V58/><F69/><W54/><G108/><T23/><D124/><U55/><E55/><V12/><F12/><W30/><G30/><T104/><D104/><U112/><E112/><V2/><F2/><W91/><G54/><T110/><D110/><U128/><E128/><V103/><F41/><W113/><G113/><T8/><D8/><U59/><E59/><V77/><F58/><W36/><G36/><T10/><D10/><U15/><E26/><V20/><F65/><W83/><G67/><T109/><D109/><U118/><E118/><V122/><F122/><W62/><G62/><T126/><D126/><U34/><E1/><V49/><F39/><W46/><G46/><T18/><D125/><U133/><E133/><N who="3" m="51306" /><G105/><T94/><D60/><U101/><E3/><V29/><F116/><W127/><G127/><T57/><D64/><U11/><REACH who="1" step="1"/><E101/><REACH who="1" ten="289,188,263,250" step="2"/><V74/><F103/><W97/><G71/><T53/><D57/><U22/><E22/><V92/><F117/><W50/><G68/><T98/><D53/><RYUUKYOKU ba="0,1" sc="289,-10,188,30,263,-10,250,-10" hai1="11,15,17,33,34,37,42,52,56,61,81,87,90" /><INIT seed="1,1,1,1,2,40" ten="279,218,253,240" oya="1" hai0="21,50,62,46,35,120,26,81,52,75,76,39,45" hai1="20,89,112,4,78,83,15,117,43,61,118,64,25" hai2="93,16,101,49,110,18,28,133,102,70,69,59,31" hai3="47,23,36,84,125,123,66,119,55,129,58,103,57"/><U32/><E112/><V17/><F110/><W109/><G103/><T67/><D120/><U106/><E32/><V96/><F133/><W98/><G98/><T22/><D35/><U85/><E106/><V9/><F9/><W48/><G123/><T111/><D111/><U19/><E43/><V73/><F73/><W77/><G109/><T7/><D7/><U100/><E100/><V105/><F105/><W104/><G104/><T128/><D128/><U0/><E0/><V56/><F102/><W71/><G129/><T11/><D11/><U122/><E122/><V44/><F69/><W91/><G77/><T34/><D34/><U72/><E25/><V80/><F80/><W41/><G125/><T124/><D124/><U3/><E4/><V131/><F70/><W54/><G23/><T42/><D26/><U82/><REACH who="1" step="1"/><E3/><REACH who="1" ten="279,208,253,240" step="2"/><V53/><F131/><W1/><G1/><T127/><D127/><U8/><E8/><V95/><F95/><W14/><G14/><T87/><D75/><U5/><E5/><V74/><F74/><W113/><G113/><T134/><D134/><U10/><E10/><V115/><F115/><W107/><G107/><T27/><D27/><U88/><E88/><V108/><F108/><W30/><G91/><T6/><D6/><U92/><E92/><V94/><F93/><W38/><G41/><T126/><D126/><U12/><E12/><V33/><F33/><W37/><G37/><T132/><D132/><U121/><E121/><V65/><F94/><W114/><G36/><T79/><D79/><U68/><AGARI ba="1,2" hai="15,19,20,61,64,68,72,78,82,83,85,89,117,118" machi="68" ten="20,3900,0" yaku="1,1,0,1,7,1,53,0" doraHai="40" doraHaiUra="90" who="1" fromWho="1" sc="279,-14,208,62,253,-14,240,-14" /><INIT seed="1,2,0,5,0,62" ten="265,270,239,226" oya="1" hai0="110,115,112,2,35,52,79,111,33,55,103,22,126" hai1="75,131,114,66,39,0,119,41,123,57,122,134,68" hai2="91,102,47,78,24,56,49,40,120,13,90,17,89" hai3="105,64,10,14,108,7,118,129,95,93,82,37,88"/><U32/><RYUUKYOKU type="yao9" ba="2,0" sc="265,0,270,0,239,0,226,0" hai1="0,32,39,41,57,66,68,75,114,119,122,123,131,134" /><INIT seed="1,3,0,3,1,90" ten="265,270,239,226" oya="1" hai0="129,50,107,68,21,3,98,120,17,0,133,30,114" hai1="112,8,70,105,28,134,113,115,56,9,74,35,57" hai2="34,91,1,69,5,102,75,104,110,24,108,31,71" hai3="67,111,116,73,51,130,38,6,29,99,77,123,94"/><U135/><E74/><V78/><F91/><W128/><G38/><T23/><D68/><U18/><E105/><V97/><F1/><W44/><G123/><T86/><D107/><U48/><E70/><V52/><F5/><W109/><G29/><T72/><D72/><U87/><E87/><V96/><F96/><W62/><G6/><T83/><D129/><N who="3" m="49769" /><G116/><T126/><D126/><U59/><E48/><V14/><F14/><W36/><G36/><T45/><D133/><N who="1" m="50699" /><E18/><V103/><F103/><N who="3" m="60919" /><G77/><T61/><D30/><U27/><AGARI ba="3,0" hai="8,9,27,28,35,56,57,59,112,113,115" m="50699" machi="27" ten="40,2100,0" yaku="20,1" doraHai="90" who="1" fromWho="1" sc="265,-10,270,30,239,-10,226,-10" /><INIT seed="1,4,0,0,5,35" ten="255,300,229,216" oya="1" hai0="126,43,38,7,14,132,135,108,67,13,1,120,27" hai1="127,90,82,103,75,129,17,58,59,21,125,24,66" hai2="70,96,23,50,109,84,64,53,77,105,48,56,30" hai3="19,97,80,34,87,18,32,131,49,16,118,128,88"/><U42/><E129/><N who="3" m="49738" /><G118/><T133/><D108/><U3/><E42/><V0/><F109/><W61/><G61/><T26/><D67/><U4/><E103/><V83/><F70/><W5/><G49/><T113/><D113/><U78/><E90/><V37/><F37/><W36/><G36/><T73/><D73/><U72/><E75/><V112/><F112/><W22/><G22/><T33/><D126/><N who="1" m="48139" /><E66/><V10/><F64/><W107/><G5/><T71/><D71/><U74/><E74/><V85/><F85/><W130/><N who="3" m="49746" /><W79/><DORA hai="122" /><G79/><T102/><D102/><AGARI ba="4,0" hai="16,18,19,32,34,80,87,88,97,102,107" m="49746" machi="102" ten="50,6400,0" yaku="19,1,54,2" doraHai="35,122" who="3" fromWho="0" sc="255,-76,300,0,229,0,216,76" /><INIT seed="2,0,0,1,2,107" ten="179,300,229,292" oya="2" hai0="62,46,45,25,52,10,68,96,22,102,40,113,81" hai1="87,31,0,84,57,65,131,120,74,69,111,98,14" hai2="21,116,108,4,126,80,32,48,29,76,6,9,15" hai3="71,101,109,86,30,72,70,64,3,91,79,73,44"/><V115/><F116/><W23/><G3/><T104/><D113/><U130/><E111/><V2/><F115/><W119/><G119/><T24/><D24/><U88/><E0/><V97/><F126/><W128/><G128/><N who="1" m="49194" /><E69/><V135/><F135/><W90/><G109/><T37/><D10/><U27/><E14/><V123/><F108/><W56/><G101/><T59/><D68/><U105/><E74/><V39/><F39/><W83/><G70/><T77/><D40/><U42/><E42/><V36/><F36/><W127/><G71/><T38/><D38/><U114/><E120/><V125/><F123/><W60/><G127/><T110/><D37/><U17/><E17/><V33/><F125/><W94/><G44/><T50/><D62/><N who="1" m="38095" /><E105/><V121/><F2/><W43/><G43/><T82/><D110/><U100/><E100/><V51/><F121/><W122/><G122/><T11/><D11/><U134/><E134/><V7/><F33/><W8/><G8/><T99/><D99/><U34/><E114/><V118/><F32/><W35/><G35/><T93/><D104/><U106/><E106/><V95/><F118/><W66/><G66/><T20/><D20/><U53/><E53/><V103/><F21/><W47/><G47/><N who="0" m="17931" /><D77/><U61/><E61/><V112/><F29/><AGARI ba="0,0" hai="22,25,29,50,52,59,81,82,93,96,102" m="17931" machi="29" ten="30,2000,0" yaku="8,1,54,1" doraHai="107" who="0" fromWho="2" sc="179,20,300,0,229,-20,292,0" /><INIT seed="3,0,0,3,5,124" ten="199,300,209,292" oya="3" hai0="59,57,97,92,86,43,45,115,17,74,75,118,77" hai1="114,78,98,126,14,35,106,110,34,95,101,81,113" hai2="127,58,71,109,94,93,121,117,111,5,2,47,56" hai3="89,46,104,107,11,29,130,26,83,13,119,24,22"/><W50/><G119/><T133/><D118/><U90/><E110/><N who="2" m="41995" /><F71/><W38/><G38/><T9/><D115/><U10/><E126/><V87/><F117/><W103/><G103/><T70/><D70/><U82/><E34/><V76/><F127/><W48/><G48/><T66/><D133/><U28/><E28/><V108/><F108/><W42/><G26/><T18/><D75/><U25/><E25/><V4/><F121/><W135/><G135/><T27/><D74/><U32/><E32/><V23/><F47/><W53/><G130/><T132/><D132/><U36/><E35/><V3/><F23/><W134/><G134/><T21/><D66/><U102/><E102/><V37/><F37/><W33/><G33/><T88/><D77/><U128/><E128/><V116/><F87/><W123/><G123/><T16/><D86/><N who="1" m="52695" /><E81/><V65/><F76/><W131/><G131/><T15/><REACH who="0" step="1"/><D18/><REACH who="0" ten="189,300,209,292" step="2"/><U72/><E36/><AGARI ba="0,1" hai="9,15,16,17,21,27,36,43,45,57,59,88,92,97" machi="36" ten="30,12000,2" yaku="1,1,2,1,7,1,54,2,53,1" doraHai="124" doraHaiUra="41" who="0" fromWho="1" sc="189,130,300,-120,209,0,292,0" /><INIT seed="4,0,0,1,3,124" ten="319,180,209,292" oya="0" hai0="99,90,45,66,101,3,52,49,119,85,43,67,114" hai1="5,21,11,37,33,79,93,115,83,18,64,120,128" hai2="88,40,116,44,47,76,118,6,25,122,28,77,48" hai3="106,125,34,59,46,135,105,22,121,110,24,108,0"/><T35/><D35/><U7/><E120/><V103/><F122/><W73/><G121/><T112/><D3/><U127/><E127/><V26/><F103/><W78/><G125/><T80/><D119/><N who="2" m="45610" /><F6/><W97/><G34/><T82/><D82/><U41/><E33/><N who="2" m="20623" /><F26/><W71/><G71/><T109/><D109/><U15/><E64/><V58/><F58/><W131/><G0/><T65/><REACH who="0" step="1"/><D43/><REACH who="0" ten="309,180,209,292" step="2"/><U81/><E83/><V32/><F32/><W54/><G108/><T70/><D70/><U75/><E41/><V132/><F40/><W55/><G110/><T57/><D57/><U96/><E37/><V19/><F47/><W72/><G46/><T13/><D13/><U74/><E81/><V14/><F14/><W42/><G59/><T31/><D31/><U62/><E15/><V98/><F44/><W102/><G42/><T68/><D68/><U56/><E56/><V133/><F132/><W36/><G135/><T2/><D2/><U27/><E62/><V61/><F61/><W51/><G36/><T86/><D86/><U126/><E126/><V117/><F133/><W16/><G55/><T53/><D53/><U111/><E111/><V20/><F117/><W69/><G69/><T134/><D134/><U92/><E75/><V50/><F50/><W38/><G38/><T9/><D9/><U94/><E11/><V130/><F48/><W30/><G30/><T8/><D8/><U17/><E74/><V95/><F77/><W123/><G72/><T100/><D100/><N who="1" m="60423" /><E79/><V10/><F76/><W60/><G78/><T104/><AGARI ba="0,1" hai="45,49,52,65,66,67,80,85,90,99,101,104,112,114" machi="104" ten="30,6000,0" yaku="1,1,0,1,54,1,53,0" doraHai="124" doraHaiUra="23" who="0" fromWho="0" sc="309,70,180,-20,209,-20,292,-20" /><INIT seed="4,1,0,5,0,63" ten="379,160,189,272" oya="0" hai0="67,21,107,56,91,93,27,127,114,122,62,115,81" hai1="48,71,103,11,5,102,18,116,57,7,39,135,31" hai2="85,108,3,0,46,95,24,111,110,117,133,42,49" hai3="16,52,84,119,65,98,130,61,10,124,78,15,22"/><T41/><D107/><U34/><E116/><V28/><F117/><W23/><G119/><T79/><D122/><U92/><E39/><V59/><F133/><W2/><G2/><T118/><D118/><U70/><E135/><V44/><F44/><W106/><G124/><T35/><D35/><U134/><E134/><V123/><F123/><W94/><G130/><T96/><D127/><U83/><E83/><V109/><F59/><N who="3" m="37055" /><G106/><T43/><D114/><U68/><E31/><V99/><F85/><W101/><G52/><T125/><D125/><U8/><E34/><V128/><F128/><W120/><G120/><T29/><REACH who="0" step="1"/><D115/><REACH who="0" ten="369,160,189,272" step="2"/><U1/><E71/><V86/><F109/><W80/><AGARI ba="1,1" hai="10,15,16,22,23,78,80,84,94,98,101" m="37055" machi="80" ten="30,4000,0" yaku="8,1,52,1,54,1" doraHai="63" who="3" fromWho="3" sc="369,-21,160,-11,189,-11,272,53" /><INIT seed="5,0,0,1,4,104" ten="348,149,178,325" oya="1" hai0="121,118,19,115,126,35,60,23,131,95,106,94,135" hai1="11,28,66,123,77,8,48,32,62,65,97,46,52" hai2="105,14,33,86,17,57,18,108,133,87,13,128,79" hai3="34,3,90,31,12,74,54,130,124,61,50,98,53"/><U15/><E123/><V84/><F108/><W37/><G37/><T26/><D106/><U85/><E66/><V58/><F105/><W99/><G3/><T72/><D72/><U78/><E97/><V125/><F33/><W1/><G1/><T7/><D118/><U42/><E42/><V29/><F29/><W88/><G34/><T107/><D107/><U38/><E38/><V2/><F2/><W45/><G31/><T91/><D35/><U100/><E100/><V116/><F116/><W103/><G74/><T51/><D115/><U129/><E129/><V114/><F128/><W10/><G124/><T44/><D7/><U89/><E28/><V75/><F125/><W16/><G130/><T113/><D113/><U132/><E132/><V110/><F110/><W49/><G61/><T64/><D126/><U122/><E122/><V102/><F102/><W22/><G10/><T117/><D135/><U43/><E43/><V9/><F133/><W20/><G20/><T76/><D131/><U73/><E73/><V92/><F92/><N who="3" m="58855" /><G98/><T63/><D95/><N who="1" m="54703" /><E32/><V56/><F114/><W47/><AGARI ba="0,0" hai="12,16,22,45,47,49,50,53,54,88,90" m="58855" machi="47" ten="30,4000,0" yaku="8,1,54,2" doraHai="104" who="3" fromWho="3" sc="348,-10,149,-20,178,-10,325,40" /><INIT seed="6,0,0,1,1,47" ten="338,129,168,365" oya="2" hai0="50,95,52,121,15,55,40,6,102,63,82,106,117" hai1="49,75,39,73,118,19,119,84,96,0,89,91,42" hai2="66,133,26,36,86,83,101,8,57,71,35,62,94" hai3="120,85,93,12,27,45,115,90,122,16,99,72,81"/><V134/><F36/><W77/><G115/><T5/><D106/><U76/><E0/><V3/><F71/><W20/><G45/><N who="0" m="25895" /><D121/><U43/><E39/><V32/><F3/><W80/><REACH who="3" step="1"/><G27/><REACH who="3" ten="338,129,168,355" step="2"/><T1/><D1/><U110/><E119/><V14/><F26/><W61/><G61/><T114/><D117/><U64/><E118/><V87/><F133/><W108/><G108/><T41/><D41/><U78/><E110/><V13/><F134/><W60/><G60/><T2/><D2/><U68/><E43/><V111/><F62/><W56/><G56/><T88/><D63/><U21/><E42/><V135/><F57/><W112/><G112/><T4/><D114/><U53/><E68/><V67/><F111/><W28/><G28/><T7/><D7/><U11/><E64/><V79/><F135/><W9/><G9/><T54/><D15/><U24/><E11/><V65/><F14/><W125/><G125/><T17/><D17/><U97/><E73/><V23/><F8/><W10/><G10/><T107/><D107/><U18/><E75/><V46/><F46/><W132/><G132/><T48/><D48/><U34/><E18/><N who="2" m="10703" /><F67/><W59/><G59/><T44/><D44/><U30/><E30/><V129/><F66/><W126/><G126/><T131/><D131/><U113/><E113/><V128/><F65/><W127/><G127/><T74/><D74/><U130/><E130/><V25/><F128/><W70/><G70/><T98/><D6/><U58/><E24/><V124/><F129/><W31/><G31/><T69/><D69/><U22/><E19/><RYUUKYOKU ba="0,1" sc="338,15,129,-15,168,-15,355,15" hai0="4,5,52,54,55,82,88,95,98,102" hai3="12,16,20,72,77,80,81,85,90,93,99,120,122" /><INIT seed="7,1,1,5,2,42" ten="353,114,153,370" oya="3" hai0="84,114,4,78,35,95,123,86,73,30,115,65,68" hai1="79,90,22,46,87,64,99,26,62,56,75,1,17" hai2="23,112,16,52,70,102,82,34,48,74,106,28,18" hai3="2,11,76,98,105,40,54,13,20,130,93,33,103"/><W134/><G33/><T97/><D123/><U32/><E1/><V31/><F70/><W91/><G130/><T109/><D109/><U9/><E32/><V128/><F128/><W37/><G134/><T117/><D117/><U57/><E75/><V63/><F34/><W14/><G76/><T49/><D4/><U47/><E79/><V12/><F112/><N who="0" m="43050" /><D73/><U27/><E27/><V71/><F74/><W67/><G67/><T36/><D36/><U125/><E125/><V107/><F82/><W129/><G129/><T126/><D126/><U5/><E99/><V104/><F102/><W59/><G37/><T39/><D39/><U124/><E124/><V110/><F110/><W58/><G40/><T94/><D49/><U89/><E57/><V6/><F6/><W69/><G69/><T51/><D51/><U122/><E122/><V83/><F71/><W60/><G59/><T45/><D45/><N who="1" m="16907" /><E87/><N who="0" m="33321" /><D78/><U88/><E5/><V0/><F0/><W24/><G2/><T81/><D81/><U19/><E9/><N who="2" m="6159" /><F83/><W43/><G43/><T72/><D72/><U61/><E61/><V38/><F63/><W3/><G3/><T77/><D77/><U100/><E100/><V108/><F38/><W44/><G44/><T111/><D111/><U29/><AGARI ba="1,1" hai="17,19,22,26,29,56,62,64,88,89,90" m="16907" machi="29" ten="30,8000,1" yaku="8,1,52,3,54,1" doraHai="42" who="1" fromWho="1" sc="353,-21,114,93,153,-21,370,-41" owari="332,43.0,207,-19.0,132,-37.0,329,13.0" /></mjloggm>