<mjloggm ver="2.3"><GO type="169" lobby="0"/><UN n0="%E3%82%A6%E3%83%AB%E3%83%88%E3%83%A9%E7%AB%8B%E7%9B%B4" n1="%E3%81%A4%E3%81%B5%E3%81%BF%E3%81%8D" n2="%48%61%6C%63%79%6F%6E" n3="%76%65%74%65%72%69%6E%61" dan="18,17,16,16" rate="2297.99,2165.51,2060.13,2140.05" sx="M,M,M,M"/><TAIKYOKU oya="0"/><INIT seed="0,0,0,3,0,73" ten="250,250,250,250" oya="0" hai0="77,48,125,79,99,68,102,50,105,81,91,124,64" hai1="107,60,74,34,134,13,21,84,41,35,33,85,56" hai2="87,53,104,43,127,111,67,119,128,70,31,36,129" hai3="59,112,8,88,19,3,10,109,118,61,16,26,75"/><T121/><D121/><U4/><E107/><V123/><F123/><W90/><G112/><T80/><D64/><U58/><E74/><V76/><F104/><W131/><G118/><T93/><D68/><U113/><E113/><V55/><F31/><W28/><G75/><N who="0" m="43071" /><D48/><U69/><E69/><V126/><F119/><W100/><G3/><T52/><D52/><N who="2" m="20042" /><F76/><W116/><G116/><T94/><D50/><U83/><E41/><V39/><F87/><W89/><G131/><N who="2" m="50249" /><F111/><W95/><G109/><T106/><D106/><U14/><E84/><V9/><F9/><N who="3" m="3691" /><G28/><T108/><D108/><U114/><E114/><V45/><F39/><W78/><G78/><T30/><D30/><U66/><E58/><V23/><F23/><W57/><G26/><T98/><D105/><U117/><E117/><V46/><F46/><W29/><G29/><T6/><D6/><U82/><E21/><V0/><F0/><W135/><G59/><T72/><AGARI ba="0,0" hai="72,79,81,91,93,94,98,99,102,124,125" m="43071" machi="72" ten="30,11700,0" yaku="34,2,52,2" doraHai="73" who="0" fromWho="0" sc="250,117,250,-39,250,-39,250,-39" /><INIT seed="0,1,0,0,2,83" ten="367,211,211,211" oya="0" hai0="12,52,112,105,31,128,60,81,91,7,111,96,71" hai1="117,130,114,59,2,86,75,43,38,87,64,39,90" hai2="84,102,72,30,26,42,107,1,36,9,55,35,78" hai3="49,121,73,74,100,69,85,88,53,70,25,6,27"/><T34/><D112/><U103/><E117/><V120/><F120/><W61/><G100/><T24/><D128/><U132/><E75/><V122/><F122/><W21/><G121/><T22/><D111/><U57/><E2/><V118/><F55/><W54/><G6/><T95/><D105/><U93/><E130/><V135/><F118/><W45/><G73/><T5/><D34/><U124/><E114/><V89/><F135/><W108/><G74/><T77/><D12/><U76/><E103/><V119/><F119/><W4/><G4/><T133/><D133/><U134/><E124/><V131/><F131/><W50/><G108/><T62/><D62/><U18/><E18/><V79/><F79/><W20/><G61/><T10/><D10/><U32/><E32/><V58/><F78/><W63/><G63/><T67/><REACH who="0" step="1"/><D52/><REACH who="0" ten="357,211,211,211" step="2"/><U123/><E123/><V40/><F9/><W106/><G106/><T44/><D44/><U56/><E64/><V28/><F107/><W8/><G8/><T109/><D109/><U113/><E113/><V66/><F66/><W33/><G33/><T17/><D17/><U116/><E116/><V3/><F35/><W82/><G69/><T14/><D14/><U101/><E134/><V13/><F13/><W127/><G70/><T68/><D68/><U41/><E132/><V16/><F16/><N who="3" m="12423" /><G127/><T65/><D65/><U98/><E41/><V110/><F110/><W37/><G53/><T99/><D99/><U125/><E125/><V23/><F42/><N who="3" m="22735" /><G54/><T48/><D48/><U47/><E43/><V19/><F40/><W94/><G50/><RYUUKYOKU ba="1,1" sc="357,30,211,-10,211,-10,211,-10" hai0="5,7,22,24,31,60,67,71,77,81,91,95,96" /><INIT seed="0,2,1,4,5,100" ten="387,201,201,201" oya="0" hai0="115,96,44,70,86,69,112,125,107,108,47,5,23" hai1="13,21,33,97,94,79,26,106,43,133,10,12,104" hai2="29,36,1,35,37,76,0,88,45,121,92,82,40" hai3="135,54,51,18,128,16,114,85,101,56,22,62,123"/><T61/><D5/><U111/><E33/><V98/><F121/><W42/><G114/><T32/><D23/><U105/><E111/><V46/><F35/><W38/><G123/><T131/><D86/><U124/><E124/><V2/><F29/><W119/><G119/><T78/><D78/><U109/><E109/><V14/><F14/><W130/><G101/><T3/><D3/><U77/><E43/><V19/><F19/><W15/><G135/><T122/><D122/><U39/><E39/><V11/><F11/><W28/><G28/><T34/><D108/><U73/><E133/><V89/><F89/><W41/><G38/><T6/><D6/><U60/><E60/><V113/><F113/><W50/><G18/><T57/><D57/><U25/><E13/><V103/><F46/><W83/><G42/><T58/><D58/><U55/><E55/><V126/><F126/><W27/><G27/><T117/><D61/><U53/><E53/><V17/><F37/><W49/><REACH who="3" step="1"/><G41/><REACH who="3" ten="387,201,201,191" step="2"/><T8/><D117/><U72/><E26/><V74/><F17/><W129/><G129/><T63/><D131/><U52/><E25/><V132/><F132/><W81/><G81/><T116/><D116/><U48/><E21/><V84/><F2/><W66/><G66/><T9/><D125/><U127/><E127/><V87/><F87/><W90/><AGARI ba="2,2" hai="15,16,22,49,50,51,54,56,62,83,85,90,128,130" machi="90" ten="30,4000,0" yaku="1,1,0,1,54,1,53,0" doraHai="100" doraHaiUra="68" who="3" fromWho="3" sc="387,-22,201,-12,201,-12,191,66" /><INIT seed="1,0,0,4,4,135" ten="365,189,189,257" oya="1" hai0="18,55,78,12,9,99,64,81,108,80,125,19,101" hai1="111,129,123,107,44,37,94,3,1,39,4,132,100" hai2="38,96,72,50,102,92,51,83,73,113,69,11,58" hai3="122,15,71,7,74,86,67,49,109,133,124,126,33"/><U97/><E123/><V103/><F38/><W115/><G122/><T48/><D108/><U31/><E132/><V25/><F69/><W32/><G133/><T130/><D130/><U114/><E114/><V40/><F113/><W79/><G115/><T106/><D64/><U82/><E129/><V85/><F103/><W42/><G74/><T46/><D125/><N who="3" m="48233" /><G109/><T47/><D47/><U76/><E111/><V36/><F36/><W88/><G79/><T56/><D19/><U87/><E31/><V77/><F51/><W2/><G2/><T27/><D27/><U59/><E59/><V8/><F25/><W121/><G121/><T65/><D78/><U84/><E4/><V28/><F28/><W91/><G49/><T24/><D24/><U105/><E39/><V23/><F50/><W26/><G42/><T93/><D106/><U35/><E35/><N who="3" m="13386" /><G86/><T52/><D48/><U16/><E87/><V68/><F40/><W118/><G26/><T29/><D46/><U66/><E44/><V17/><F85/><W90/><G118/><T131/><D29/><U21/><E37/><V43/><F43/><W128/><G128/><T70/><D131/><U53/><E1/><V61/><F73/><W98/><G98/><T14/><D99/><U54/><E3/><V104/><F72/><W62/><G90/><T13/><D13/><N who="1" m="9359" /><E107/><V20/><F104/><W110/><G110/><T60/><D14/><U57/><E105/><V112/><F112/><W120/><G120/><T6/><D12/><U116/><E116/><V30/><F96/><W41/><G41/><T5/><D5/><RYUUKYOKU ba="0,0" sc="365,-15,189,15,189,-15,257,15" hai1="53,54,57,66,76,82,84,94,97,100" hai3="7,15,62,67,71,88,91" /><INIT seed="1,1,0,1,5,69" ten="350,204,174,272" oya="1" hai0="34,32,76,12,54,22,75,130,27,113,44,96,60" hai1="71,77,30,66,119,67,117,64,110,7,103,109,132" hai2="80,72,122,124,101,53,49,9,52,85,86,19,25" hai3="28,35,125,105,128,62,123,111,74,58,89,15,11"/><U29/><E71/><V95/><F122/><W37/><G123/><T114/><D130/><U48/><E48/><V17/><F124/><W51/><G128/><T55/><D75/><U115/><E7/><V99/><F72/><W84/><G74/><T18/><D76/><U26/><E77/><V8/><F85/><W83/><G105/><T39/><D96/><U79/><E79/><N who="2" m="46367" /><F53/><W68/><G111/><N who="1" m="42506" /><E26/><V108/><F108/><W42/><G125/><T10/><D60/><U24/><E24/><V1/><F1/><W106/><G106/><T121/><D27/><U21/><E21/><N who="2" m="13487" /><F19/><W20/><G68/><T73/><D18/><U47/><E47/><AGARI ba="1,0" hai="8,9,47,49,52,95,99,101" m="13487,46367" machi="47" ten="30,2000,0" yaku="8,1,54,1" doraHai="69" who="2" fromWho="1" sc="350,0,204,-23,174,23,272,0" /><INIT seed="2,0,0,5,0,126" ten="350,181,197,272" oya="2" hai0="88,76,135,3,52,92,31,46,38,119,47,127,12" hai1="59,51,89,102,56,0,130,78,62,39,85,72,23" hai2="82,44,41,66,112,125,93,108,98,121,117,49,42" hai3="1,75,22,7,114,5,27,83,24,19,4,73,122"/><V81/><F125/><W96/><G122/><T57/><D3/><U77/><E39/><V101/><F121/><W21/><G114/><T8/><D127/><U37/><E37/><V68/><F117/><W99/><G1/><T63/><D135/><U105/><E72/><V113/><F42/><W132/><G132/><T50/><D119/><U26/><E0/><V2/><F2/><W28/><G83/><T58/><D76/><U20/><E102/><V16/><F108/><W111/><G111/><T61/><D31/><U53/><E105/><V95/><F95/><W30/><G19/><N who="0" m="8583" /><D38/><U79/><E130/><V32/><F32/><W128/><G4/><T33/><D33/><U70/><E70/><V110/><F110/><W64/><G64/><N who="0" m="38959" /><D50/><U124/><E124/><V134/><F134/><W14/><G14/><T40/><D40/><U115/><E115/><V103/><F68/><W45/><G45/><T97/><AGARI ba="0,0" hai="46,47,52,58,63,88,92,97" m="38959,8583" machi="97" ten="30,4000,0" yaku="8,1,54,2" doraHai="126" who="0" fromWho="0" sc="350,40,181,-10,197,-20,272,-10" /><INIT seed="3,0,0,0,0,60" ten="390,171,177,262" oya="3" hai0="2,21,74,116,61,135,64,100,6,56,91,31,133" hai1="11,16,45,43,15,23,42,10,69,51,111,95,108" hai2="96,81,53,8,25,132,52,84,112,3,122,22,82" hai3="66,67,37,29,134,54,79,130,107,17,105,50,80"/><W70/><G70/><T32/><D74/><U9/><E69/><V36/><F112/><W94/><G37/><T20/><D116/><U47/><REACH who="1" step="1"/><E95/><REACH who="1" ten="390,161,177,262" step="2"/><V19/><F122/><W24/><G94/><T118/><D118/><U71/><E71/><V87/><F132/><W106/><G134/><T109/><D135/><U104/><E104/><V46/><F82/><W120/><G120/><T125/><D133/><U113/><E113/><V103/><F81/><W121/><G121/><T38/><D109/><U128/><E128/><V7/><F36/><AGARI ba="0,1" hai="9,10,11,15,16,23,36,42,43,45,47,51,108,111" machi="36" ten="40,2600,0" yaku="1,1,54,1,53,0" doraHai="60" doraHaiUra="27" who="1" fromWho="2" sc="390,0,161,36,177,-26,262,0" /><INIT seed="4,0,0,4,4,83" ten="390,197,151,262" oya="0" hai0="15,17,46,1,28,9,39,110,128,60,133,95,45" hai1="126,55,121,2,85,108,58,25,8,122,127,30,68" hai2="91,76,38,23,135,134,16,84,82,87,80,77,119" hai3="96,71,51,40,99,3,114,12,56,120,124,22,102"/><T98/><D128/><U42/><E108/><V109/><F109/><W100/><G114/><T105/><D133/><U88/><E68/><V24/><F38/><W65/><G3/><T6/><D110/><U130/><E42/><V57/><F91/><W75/><G75/><T116/><D116/><U18/><E130/><V5/><F5/><W52/><G40/><T94/><D105/><U103/><E103/><V104/><F104/><W66/><G124/><N who="1" m="47658" /><E18/><V101/><F101/><N who="3" m="39019" /><G71/><T69/><D28/><U78/><E78/><V106/><F106/><W93/><G120/><T117/><D39/><U115/><E115/><V27/><F119/><W50/><G50/><T62/><D69/><U47/><E47/><V70/><F70/><W97/><G93/><T34/><D95/><N who="1" m="54671" /><E8/><V29/><REACH who="2" step="1"/><F57/><REACH who="2" ten="390,197,141,262" step="2"/><W13/><G56/><T129/><D117/><U64/><E2/><V79/><F79/><W49/><G97/><T11/><D98/><U33/><E64/><V54/><F54/><W32/><G96/><T36/><D1/><U74/><E74/><V81/><F81/><W21/><G52/><T44/><D36/><U41/><E41/><V73/><F73/><W67/><G99/><T72/><D72/><U132/><E132/><V26/><F26/><W4/><G4/><T7/><D7/><U113/><E113/><V20/><AGARI ba="0,1" hai="16,20,23,24,27,29,76,77,80,82,84,87,134,135" machi="20" ten="30,12000,2" yaku="1,1,0,1,9,1,52,2,54,1,53,0" doraHai="83" doraHaiUra="10" who="2" fromWho="2" sc="390,-60,197,-30,141,130,262,-30" /><INIT seed="5,0,0,3,3,68" ten="330,167,271,232" oya="1" hai0="0,99,61,125,108,53,88,50,6,4,42,69,131" hai1="51,76,39,130,28,70,65,135,94,87,29,56,67" hai2="62,59,84,119,21,118,120,77,18,24,60,48,129" hai3="7,95,115,11,111,13,10,30,52,100,79,44,103"/><U19/><E39/><V134/><F120/><W38/><G111/><T37/><D108/><U121/><E121/><V36/><F36/><W113/><G79/><T25/><D0/><U66/><E70/><V109/><F109/><W2/><G30/><N who="1" m="11882" /><E135/><V128/><F134/><W35/><G35/><T16/><D131/><N who="2" m="50250" /><F48/><N who="3" m="28679" /><G95/><N who="0" m="56807" /><D125/><U1/><E1/><V45/><F45/><W55/><G55/><T78/><D78/><U23/><E130/><V17/><F17/><N who="3" m="8375" /><G38/><T83/><D37/><U91/><E76/><V82/><F62/><W3/><G3/><T126/><D69/><U33/><E33/><V97/><F97/><W104/><G104/><T72/><D126/><U80/><E51/><V64/><AGARI ba="0,0" hai="18,21,24,59,60,64,77,82,84,118,119" m="50250" machi="64" ten="30,1100,0" yaku="19,1" doraHai="68" who="2" fromWho="2" sc="330,-3,167,-5,271,11,232,-3" /><INIT seed="6,0,0,3,4,82" ten="327,162,282,229" oya="2" hai0="5,79,56,130,119,74,15,47,29,21,16,120,87" hai1="36,128,123,95,1,102,110,10,31,11,33,70,69" hai2="27,99,43,81,89,23,53,116,105,127,49,67,51" hai3="12,45,103,75,91,111,44,117,14,57,37,135,32"/><V115/><F127/><W8/><G111/><T96/><D120/><U6/><E110/><V122/><F116/><W104/><G117/><T80/><D119/><U126/><E126/><V129/><F122/><W4/><G32/><T90/><D130/><U133/><E123/><V9/><F67/><W88/><G75/><T22/><D5/><U76/><E128/><V66/><F66/><W55/><G135/><T54/><D47/><N who="3" m="17993" /><G104/><T93/><D29/><U0/><E133/><V63/><F105/><W48/><G37/><T106/><D106/><U58/><E36/><V77/><F43/><W34/><G34/><T61/><D74/><U17/><E76/><V52/><F77/><W94/><G14/><T121/><D121/><U25/><E58/><V125/><F53/><W107/><G107/><T40/><D40/><U42/><E42/><V3/><F52/><W109/><G109/><T118/><D118/><U97/><REACH who="1" step="1"/><E17/><REACH who="1" ten="327,152,282,229" step="2"/><V134/><F134/><W50/><G50/><T78/><D79/><U85/><E85/><V86/><F86/><W124/><G124/><T83/><D78/><U132/><E132/><V60/><F51/><W24/><G24/><N who="0" m="14375" /><D87/><U72/><E72/><V108/><F125/><W59/><G59/><T112/><D56/><U100/><E100/><V38/><F129/><W13/><G103/><T19/><D19/><U2/><E2/><V84/><F3/><N who="3" m="31" /><G91/><T64/><D90/><U131/><E131/><V26/><F108/><W71/><G71/><T113/><D61/><U73/><E73/><V101/><F89/><W98/><G88/><T68/><D68/><RYUUKYOKU ba="0,1" sc="327,-15,152,15,282,-15,229,15" hai1="0,1,6,10,11,25,31,33,69,70,95,97,102" hai3="12,13,48,55,57,94,98" /><INIT seed="7,1,1,5,0,73" ten="312,167,267,244" oya="3" hai0="115,52,31,45,42,25,112,81,58,50,33,10,9" hai1="78,30,114,94,28,40,100,68,133,86,22,3,23" hai2="83,38,99,46,79,103,7,105,71,34,85,51,36" hai3="11,67,54,17,29,59,75,69,1,96,98,90,123"/><W122/><G75/><T16/><D81/><U134/><E3/><V91/><F71/><W20/><G69/><T93/><D93/><U118/><E68/><V55/><F34/><W72/><G72/><T35/><D35/><U88/><E114/><N who="0" m="43561" /><D16/><U61/><E118/><V62/><F62/><AGARI ba="1,1" hai="9,10,25,31,33,42,45,50,52,58,62" m="43561" machi="62" ten="30,3900,0" yaku="15,1,11,1,54,1" doraHai="73" who="0" fromWho="2" sc="312,52,167,0,267,-42,244,0" owari="364,46.0,167,-33.0,225,-17.0,244,4.0" /></mjloggm>