<mjloggm ver="2.3"><GO type="169" lobby="0"/><UN n0="%E3%82%A6%E3%83%AB%E3%83%88%E3%83%A9%E7%AB%8B%E7%9B%B4" n1="%64%75%72%72%72%72%72" n2="%E4%BB%A3%E6%89%93%E3%81%A1%E3%81%AE%E7%A5%9E%E6%A7%98" n3="%58%E7%8C%AB" dan="18,17,16,16" rate="2265.56,2149.45,2104.30,2104.87" sx="M,M,M,M"/><TAIKYOKU oya="0"/><INIT seed="0,0,0,0,4,4" ten="250,250,250,250" oya="0" hai0="73,124,118,86,75,0,132,33,135,122,38,131,123" hai1="74,128,109,14,72,19,105,108,71,93,64,126,3" hai2="96,17,133,32,81,23,9,130,46,104,129,79,103" hai3="92,16,114,47,13,5,45,113,43,30,11,6,28"/><T83/><D86/><U41/><E3/><V8/><F32/><W10/><G92/><T77/><D83/><U107/><E41/><V84/><F46/><W125/><G125/><T69/><D77/><U90/><E64/><V44/><F44/><W78/><G78/><T80/><D80/><U134/><E71/><V53/><F53/><W111/><G111/><N who="1" m="42570" /><E126/><V54/><F54/><W37/><G16/><T36/><D36/><U112/><E134/><V95/><F104/><N who="1" m="40009" /><E128/><N who="2" m="49259" /><F133/><W24/><G30/><T76/><D76/><U55/><E55/><V49/><F49/><W61/><G61/><T60/><D60/><U115/><E19/><V70/><F70/><W48/><G37/><T98/><D75/><N who="1" m="28715" /><E14/><AGARI ba="0,0" hai="8,9,14,17,23,79,81,84,95,96,103" m="49259" machi="14" ten="30,3900,0" yaku="19,1,52,2" doraHai="4" who="2" fromWho="1" sc="250,0,250,-39,250,39,250,0" /><INIT seed="1,0,0,1,2,37" ten="250,211,289,250" oya="1" hai0="9,101,38,33,64,134,47,52,42,67,56,98,113" hai1="125,55,5,77,82,114,95,27,70,119,87,34,130" hai2="109,18,83,25,19,17,31,93,69,124,11,44,41" hai3="8,54,121,76,133,78,68,84,58,75,21,88,1"/><U94/><E119/><V12/><F109/><W13/><G121/><T24/><D113/><U110/><E114/><V120/><F124/><W116/><G68/><T63/><D134/><U14/><E125/><V102/><F69/><W91/><G133/><T81/><D9/><U22/><E70/><V51/><F120/><W106/><G106/><T90/><D90/><U40/><E130/><V92/><F83/><W123/><G123/><T105/><REACH who="0" step="1"/><D81/><REACH who="0" ten="240,211,289,250" step="2"/><N who="1" m="47535" /><E110/><V89/><F102/><W61/><G116/><T65/><D65/><U107/><E82/><V28/><F93/><W129/><G129/><T100/><D100/><U26/><E95/><V103/><F103/><W85/><G75/><T97/><D97/><U80/><E94/><V99/><REACH who="2" step="1"/><F31/><AGARI ba="0,1" hai="24,31,33,38,42,47,52,56,63,64,67,98,101,105" machi="31" ten="40,8000,1" yaku="1,1,52,1,54,1,53,1" doraHai="37" doraHaiUra="43" who="0" fromWho="2" sc="240,90,211,0,289,-80,250,0" /><INIT seed="2,0,0,5,4,51" ten="330,211,209,250" oya="2" hai0="56,116,114,41,115,20,37,50,125,67,108,8,6" hai1="88,131,44,21,45,107,18,89,27,93,16,77,128" hai2="113,105,135,104,90,120,83,38,122,99,121,40,92" hai3="54,109,25,126,130,81,74,22,95,117,119,35,73"/><V53/><F113/><W100/><G35/><T91/><D108/><U97/><E107/><V123/><N who="2" m="31232" /><DORA hai="12" /><V58/><F135/><W68/><G68/><T80/><D125/><U86/><E77/><V28/><F28/><W75/><G81/><T24/><D114/><U65/><E65/><V23/><F23/><W110/><G126/><T48/><D115/><U0/><E0/><V87/><F40/><W66/><G66/><T111/><D111/><N who="3" m="42505" /><G130/><N who="1" m="49706" /><E18/><V127/><F38/><W34/><G34/><T79/><D91/><U84/><E84/><V118/><F118/><W64/><G64/><T134/><D134/><U69/><E69/><V5/><F5/><W129/><G129/><T15/><D116/><U82/><AGARI ba="0,0" hai="16,21,27,44,45,82,86,88,89,93,97" m="49706" machi="82" ten="30,7900,0" yaku="19,1,52,1,54,2" doraHai="51,12" who="1" fromWho="1" sc="330,-20,211,79,209,-39,250,-20" /><INIT seed="3,0,0,1,4,3" ten="310,290,170,230" oya="3" hai0="11,77,15,44,74,51,20,35,83,67,53,105,68" hai1="2,86,9,10,126,95,89,85,29,32,24,107,12" hai2="79,52,56,39,27,112,90,64,45,49,128,73,102" hai3="130,121,40,119,36,66,76,125,31,60,108,91,106"/><W116/><G76/><T62/><D20/><U46/><E107/><V71/><F112/><W117/><G91/><T69/><D105/><U8/><E126/><V110/><F110/><W41/><G106/><T109/><D109/><U4/><E86/><V0/><F102/><W93/><G93/><T98/><D98/><U96/><E85/><V47/><F128/><W18/><G18/><T25/><D25/><U13/><E13/><V17/><F0/><W132/><G31/><T123/><D123/><U16/><E46/><V80/><F39/><W99/><G99/><T82/><D82/><U114/><E114/><V87/><F71/><W135/><G108/><T57/><REACH who="0" step="1"/><D35/><REACH who="0" ten="300,290,170,230" step="2"/><U61/><E61/><V70/><F27/><W72/><G121/><T43/><D43/><U65/><E65/><V103/><F103/><W22/><G22/><AGARI ba="0,1" hai="2,4,8,9,10,12,16,22,24,29,32,89,95,96" machi="22" ten="30,8000,1" yaku="7,1,24,2,52,1,54,1" doraHai="3" who="1" fromWho="3" sc="300,0,290,90,170,0,230,-80" /><INIT seed="4,0,0,1,0,19" ten="300,380,170,150" oya="0" hai0="116,51,39,91,60,3,1,20,26,133,119,73,75" hai1="94,90,58,97,114,33,66,130,57,67,95,63,29" hai2="62,117,2,113,122,87,77,52,11,121,32,43,12" hai3="72,16,118,108,112,124,102,110,129,82,115,36,27"/><T24/><D39/><U28/><E33/><V53/><F2/><W85/><G72/><T93/><D51/><U5/><E130/><V111/><F111/><W10/><G36/><T134/><D93/><U35/><E35/><V31/><F113/><N who="3" m="43595" /><G102/><T89/><REACH who="0" step="1"/><D60/><REACH who="0" ten="290,380,170,150" step="2"/><N who="1" m="38159" /><E114/><V34/><F62/><W128/><G118/><T48/><D48/><U30/><E5/><V0/><F117/><W40/><G40/><T17/><D17/><U13/><E13/><V96/><F12/><N who="3" m="7191" /><G124/><T80/><D80/><U125/><E125/><V23/><F43/><W76/><G27/><T92/><D92/><AGARI ba="0,1" hai="28,29,30,58,63,67,90,92,94,95,97" m="38159" machi="92" ten="30,1000,0" yaku="8,1" doraHai="19" who="1" fromWho="0" sc="290,-10,380,20,170,0,150,0" /><INIT seed="5,0,0,2,3,10" ten="280,400,170,150" oya="1" hai0="74,54,73,89,110,45,44,134,130,97,119,128,80" hai1="104,88,17,7,41,72,124,83,9,120,105,126,48" hai2="3,26,60,112,135,14,75,121,61,49,33,40,56" hai3="43,21,87,95,123,71,63,50,67,70,29,99,31"/><U22/><E120/><V111/><F121/><W19/><G123/><T15/><D110/><U86/><E72/><V52/><F3/><W66/><G87/><T108/><D108/><U96/><E41/><V1/><F1/><W125/><G125/><N who="1" m="48234" /><E48/><V42/><F111/><W2/><G2/><T32/><D32/><U4/><E9/><V68/><F75/><W8/><G50/><T36/><D119/><U39/><E39/><V109/><F109/><W107/><G43/><T20/><D36/><U90/><E90/><V47/><F135/><W69/><G107/><N who="1" m="41034" /><E96/><V62/><F68/><W131/><G8/><T18/><D134/><U93/><E93/><V91/><F42/><W11/><G11/><T115/><D97/><U94/><E94/><V58/><F91/><W65/><G95/><T59/><D89/><U78/><E78/><V27/><F112/><W118/><G99/><T132/><D115/><U81/><E81/><V114/><F114/><W35/><G118/><T28/><D132/><U24/><AGARI ba="0,0" hai="4,7,17,22,24,83,86,88" m="41034,48234" machi="24" ten="30,3000,0" yaku="18,1,54,1" doraHai="10" who="1" fromWho="1" sc="280,-10,400,30,170,-10,150,-10" /><INIT seed="5,1,0,0,0,8" ten="270,430,160,140" oya="1" hai0="42,100,53,72,71,47,13,60,85,52,69,3,127" hai1="121,40,98,11,81,48,21,68,133,101,36,14,28" hai2="19,33,82,61,45,54,55,29,7,66,95,109,135" hai3="70,105,57,88,76,17,129,108,99,104,62,128,130"/><U80/><E121/><V113/><F109/><W125/><G70/><T23/><D3/><U119/><E68/><V15/><F135/><W44/><G108/><T0/><D0/><U83/><E36/><V118/><F118/><W115/><G44/><T79/><D72/><U94/><E119/><V58/><F7/><W50/><G50/><T12/><D100/><U78/><E133/><V89/><F113/><W114/><G76/><T39/><D127/><U67/><E67/><V116/><F116/><W126/><G17/><T102/><D102/><U131/><E131/><V111/><F111/><W30/><G30/><T9/><D23/><U10/><E78/><V84/><F45/><W77/><G77/><T56/><D53/><U59/><E40/><V1/><F1/><W20/><G20/><T24/><D24/><N who="1" m="16399" /><E14/><V112/><F112/><N who="3" m="43051" /><G57/><T106/><D106/><N who="3" m="41065" /><G62/><T87/><D71/><U43/><E43/><V22/><REACH who="2" step="1"/><F82/><REACH who="2" ten="270,430,150,140" step="2"/><W38/><G38/><T96/><D39/><U73/><E73/><V4/><F4/><W132/><G132/><T27/><D47/><U92/><E80/><V124/><F124/><W51/><G51/><T6/><D6/><U32/><E81/><V107/><F107/><W93/><AGARI ba="1,1" hai="88,93,99,125,126,128,129,130" m="41065,43051" machi="93" ten="50,8000,1" yaku="19,1,15,1,34,2,54,1" doraHai="8" who="3" fromWho="3" sc="270,-21,430,-41,150,-21,140,93" /><INIT seed="6,0,0,4,3,60" ten="249,389,129,233" oya="2" hai0="83,5,128,65,92,104,50,97,8,70,68,26,109" hai1="46,20,9,19,135,121,72,36,18,129,49,37,99" hai2="52,28,63,111,71,47,119,44,130,34,84,25,96" hai3="23,87,107,73,21,38,106,57,91,17,4,35,126"/><V100/><F119/><W90/><G35/><T51/><D109/><U77/><E129/><V58/><F111/><W133/><G38/><T1/><D128/><U74/><E135/><V98/><F130/><W16/><G73/><T88/><D104/><U59/><E59/><V118/><F118/><W122/><G122/><T117/><D117/><U7/><E121/><V61/><F84/><W101/><G4/><T82/><D26/><U89/><E18/><V134/><F134/><W43/><G133/><T93/><D93/><U48/><E48/><V131/><F131/><W115/><G43/><T113/><D113/><U114/><E74/><V75/><F75/><W116/><G116/><T29/><D29/><U45/><E45/><V81/><F81/><W125/><G57/><T80/><D65/><U31/><E31/><V62/><F98/><W55/><G55/><T95/><D95/><U64/><E64/><N who="2" m="41359" /><F62/><W112/><G87/><T12/><D1/><N who="1" m="239" /><E114/><V39/><F39/><W105/><G105/><AGARI ba="0,0" hai="25,28,34,44,47,52,58,63,96,100,105" m="41359" machi="105" ten="30,5800,0" yaku="25,1,52,1,54,1" doraHai="60" who="2" fromWho="3" sc="249,0,389,0,129,58,233,-58" /><INIT seed="6,1,0,5,1,1" ten="249,389,187,175" oya="2" hai0="35,0,91,36,82,107,128,46,99,17,4,64,13" hai1="123,90,52,88,94,38,62,125,130,101,116,83,49" hai2="95,15,135,79,111,113,27,60,59,74,134,48,124" hai3="114,108,127,87,50,132,57,120,117,126,129,3,33"/><V42/><F113/><W39/><G87/><T26/><D64/><U29/><E116/><V9/><F124/><W98/><G98/><T84/><D46/><U93/><E38/><V53/><F111/><W63/><G50/><T110/><D36/><U106/><E106/><V80/><F27/><W25/><G57/><T72/><D72/><U21/><E125/><V23/><F23/><W131/><G63/><T103/><D110/><U58/><E130/><V65/><F42/><W44/><G44/><T19/><D128/><U122/><E101/><V22/><F22/><W18/><G18/><T20/><D0/><U5/><E5/><V54/><F95/><N who="1" m="36361" /><E62/><V16/><REACH who="2" step="1"/><F54/><REACH who="2" ten="249,389,177,175" step="2"/><W61/><G25/><T43/><D43/><U81/><E21/><V34/><F34/><W14/><G126/><T92/><D35/><U66/><E29/><V11/><F11/><W56/><G129/><T89/><D107/><U78/><E122/><V51/><F51/><W104/><G131/><T121/><D121/><U32/><E123/><V73/><F73/><W109/><G120/><T77/><D26/><U28/><E28/><V115/><F115/><W30/><G127/><T75/><D20/><U100/><E32/><V12/><F12/><W24/><G14/><T68/><D75/><U112/><E112/><V31/><F31/><W76/><G114/><T7/><D13/><U96/><E49/><V6/><F6/><W67/><G39/><T41/><D41/><U69/><E52/><V70/><AGARI ba="1,1" hai="9,15,16,48,53,59,60,65,70,74,79,80,134,135" machi="70" ten="30,6000,0" yaku="1,1,0,1,54,1,53,0" doraHai="1" doraHaiUra="118" who="2" fromWho="2" sc="249,-21,389,-21,177,73,175,-21" /><INIT seed="6,2,0,4,0,37" ten="228,368,250,154" oya="2" hai0="79,43,19,123,48,115,114,23,26,107,45,72,70" hai1="38,102,130,87,16,1,95,74,67,80,94,54,8" hai2="103,132,65,112,13,96,9,35,108,122,113,53,93" hai3="118,24,40,84,105,106,21,14,98,85,135,55,15"/><V12/><F122/><W6/><G118/><T0/><D107/><U78/><E38/><V111/><F35/><W89/><G135/><T127/><D70/><U17/><E130/><V59/><F65/><W29/><G55/><T109/><D109/><N who="2" m="42058" /><F132/><W75/><G75/><T30/><D123/><U125/><E67/><V61/><F13/><W124/><G124/><T77/><D0/><U63/><E1/><V20/><F20/><W49/><G106/><T33/><D127/><U100/><E74/><V11/><F11/><W81/><G85/><T116/><D116/><U7/><E7/><AGARI ba="2,0" hai="7,9,12,53,59,61,93,96,103,112,113" m="42058" machi="7" ten="30,1500,0" yaku="10,1" doraHai="37" who="2" fromWho="1" sc="228,0,368,-21,250,21,154,0" /><INIT seed="6,3,0,4,4,35" ten="228,347,271,154" oya="2" hai0="54,20,21,92,90,41,56,63,71,16,44,57,114" hai1="28,95,76,115,0,134,11,74,93,105,84,51,89" hai2="116,27,131,79,68,110,132,36,78,126,129,100,87" hai3="18,46,34,29,108,121,102,5,135,125,37,73,55"/><V22/><F116/><W122/><G18/><T103/><D114/><U19/><E105/><V23/><F68/><W61/><G55/><T69/><D103/><U7/><E115/><V39/><F126/><W53/><G53/><T77/><D77/><U117/><E117/><V4/><F132/><W60/><G60/><T1/><D1/><U32/><E134/><V133/><F133/><W47/><G135/><T106/><D106/><U3/><E95/><V10/><F100/><W52/><G108/><T2/><D2/><U26/><E19/><V99/><F99/><W31/><G125/><T64/><D21/><U72/><E76/><N who="2" m="29227" /><F87/><W80/><G102/><T12/><D57/><U104/><E104/><V38/><F27/><W107/><G107/><T124/><D64/><U109/><E109/><V85/><F85/><W25/><G31/><T86/><REACH who="0" step="1"/><D124/><REACH who="0" ten="218,347,271,154" step="2"/><U112/><E112/><V88/><F110/><W81/><G73/><T113/><D113/><U101/><E101/><V75/><F75/><W8/><G121/><T67/><D67/><U91/><E0/><N who="2" m="263" /><F88/><W49/><G122/><T45/><D45/><U120/><E120/><V13/><F13/><W9/><G9/><T96/><D96/><U59/><E91/><V118/><F118/><W82/><G8/><T119/><D119/><U97/><E97/><V17/><F22/><W66/><G66/><T130/><D130/><U48/><E59/><V58/><F58/><W30/><G46/><T127/><D127/><U24/><E24/><N who="2" m="14447" /><F131/><W62/><G25/><T40/><D40/><U42/><E42/><V128/><AGARI ba="3,1" hai="36,38,39,128,129" m="14447,263,29227" machi="128" ten="40,3900,0" yaku="5,1,52,1" doraHai="35" who="2" fromWho="2" sc="218,-16,347,-16,271,58,154,-16" /><INIT seed="6,4,0,5,5,122" ten="202,331,329,138" oya="2" hai0="89,121,54,60,18,40,17,75,132,100,108,99,96" hai1="105,15,97,57,74,43,93,42,86,52,10,56,104" hai2="67,123,22,13,116,77,107,33,103,127,20,9,66" hai3="78,0,98,101,112,70,28,118,111,58,47,83,115"/><V25/><F123/><W11/><G70/><T72/><D121/><U32/><E74/><V5/><F116/><W48/><G28/><T16/><D132/><U76/><E32/><V102/><F127/><W30/><G30/><T87/><D108/><U94/><E105/><V91/><F33/><W80/><G58/><T71/><D54/><U68/><E57/><V110/><F77/><W79/><G11/><T1/><D1/><U133/><E104/><V2/><F110/><W14/><G14/><T95/><D40/><N who="1" m="15403" /><E68/><V23/><F25/><W135/><G0/><T29/><D29/><U34/><E34/><V65/><F107/><N who="3" m="63927" /><G48/><T31/><D31/><U61/><E97/><V8/><REACH who="2" step="1"/><F91/><REACH who="2" ten="202,331,319,138" step="2"/><W12/><G118/><T24/><D24/><U44/><E133/><V39/><F39/><W81/><G135/><T129/><D89/><U90/><E76/><N who="3" m="29226" /><G47/><T92/><D75/><U130/><E44/><V106/><F106/><W7/><G12/><T26/><D72/><U36/><E36/><V37/><F37/><W126/><G7/><AGARI ba="4,1" hai="2,5,7,8,9,13,20,22,23,65,66,67,102,103" machi="7" ten="40,2000,0" yaku="1,1,53,0" doraHai="122" doraHaiUra="82" who="2" fromWho="3" sc="202,0,331,0,319,42,138,-32" /><INIT seed="6,5,0,2,0,37" ten="202,331,361,106" oya="2" hai0="6,20,99,131,79,70,83,32,9,105,89,53,2" hai1="26,49,38,16,48,118,95,47,63,3,31,106,133" hai2="24,72,22,117,96,67,81,17,21,101,123,111,44" hai3="7,15,61,39,46,73,50,97,42,103,88,94,4"/><V112/><F117/><W120/><G73/><T116/><D70/><U43/><E106/><V90/><F123/><W135/><G135/><T132/><D131/><U102/><E118/><V100/><F112/><W34/><G120/><T126/><D126/><U23/><E3/><V27/><F111/><W122/><G122/><T30/><D132/><U28/><E133/><V134/><F134/><W130/><G130/><T86/><D116/><U125/><E125/><V84/><F67/><W59/><G34/><T10/><D32/><U36/><E36/><V19/><F72/><W91/><G39/><T14/><D53/><U41/><E63/><V51/><REACH who="2" step="1"/><F96/><REACH who="2" ten="202,331,351,106" step="2"/><W82/><G15/><T87/><D99/><N who="1" m="59775" /><E38/><V8/><F8/><W92/><G82/><T129/><D10/><U124/><E124/><V56/><F56/><W98/><G103/><T75/><D9/><U121/><E121/><V13/><F13/><W68/><G68/><T107/><D14/><U114/><E114/><V74/><F74/><W69/><G69/><T11/><D75/><U128/><E128/><V93/><F93/><W0/><G0/><T78/><D129/><U52/><E48/><V77/><F77/><W65/><AGARI ba="5,1" hai="4,7,42,46,50,59,61,65,88,91,92,94,97,98" machi="65" ten="20,12000,2" yaku="0,1,7,1,9,1,8,1,52,1,54,1" doraHai="37" who="3" fromWho="3" sc="202,-35,331,-35,351,-65,106,145" /><INIT seed="7,0,0,1,3,124" ten="167,296,286,251" oya="3" hai0="32,14,22,52,58,72,131,82,64,118,119,43,71" hai1="0,23,10,33,105,116,129,114,26,31,15,1,39" hai2="77,110,132,103,78,120,117,34,46,125,62,126,57" hai3="50,44,55,86,83,16,21,73,3,122,38,94,60"/><W49/><G122/><T93/><D32/><U4/><E105/><V130/><F117/><W112/><G3/><N who="1" m="1098" /><E39/><V24/><F130/><W85/><G112/><T70/><D131/><U68/><E68/><V11/><F110/><W18/><G38/><T133/><D133/><U101/><E101/><V88/><F103/><W25/><G60/><T48/><D93/><U29/><E129/><V84/><F11/><W92/><G18/><T5/><D43/><U111/><E114/><V104/><F104/><W107/><G107/><T47/><D71/><U99/><E99/><V97/><F97/><W65/><G65/><T36/><D70/><U80/><E80/><N who="2" m="49159" /><F46/><W108/><G108/><T87/><D72/><U7/><E111/><V74/><F74/><W9/><G9/><T75/><D75/><U106/><E106/><V67/><F132/><W13/><G25/><T115/><D115/><U89/><E89/><V45/><F45/><N who="3" m="28079" /><G73/><T128/><D128/><U127/><E127/><N who="2" m="48651" /><F120/><W2/><G2/><T91/><D36/><U41/><E41/><V40/><F40/><N who="3" m="24839" /><G85/><T123/><D123/><U113/><E113/><V19/><F19/><W17/><G17/><T109/><D109/><U59/><E59/><V96/><F96/><W35/><G35/><T63/><REACH who="0" step="1"/><D22/><REACH who="0" ten="157,296,286,251" step="2"/><U42/><E42/><V79/><F34/><W30/><G30/><N who="1" m="11274" /><E116/><V66/><F24/><W100/><G100/><T51/><D51/><U102/><E33/><V8/><F8/><AGARI ba="0,1" hai="5,8,14,47,48,52,58,63,64,82,87,91,118,119" machi="8" ten="40,2600,0" yaku="1,1,54,1,53,0" doraHai="124" doraHaiUra="28" who="0" fromWho="2" sc="157,36,296,0,286,-26,251,0" /><INIT seed="8,0,0,3,5,22" ten="193,296,260,251" oya="0" hai0="119,128,102,74,31,55,65,117,129,112,26,115,60" hai1="82,114,124,90,97,103,78,135,105,62,71,56,18" hai2="66,9,47,111,72,99,96,73,50,8,132,34,125" hai3="5,12,30,13,35,80,133,69,122,84,48,104,37"/><T86/><D74/><U91/><E71/><V127/><F66/><W61/><G37/><T24/><D55/><U39/><E39/><V57/><F57/><W81/><G104/><T106/><D86/><U126/><E18/><V41/><F34/><W113/><G113/><N who="0" m="43595" /><D102/><U108/><E108/><V1/><F111/><W4/><G133/><T95/><D95/><U58/><E58/><V27/><F132/><W53/><G122/><T75/><D75/><N who="1" m="43359" /><E135/><V131/><F131/><N who="0" m="50250" /><D106/><U118/><E118/><N who="0" m="45065" /><D31/><U15/><E114/><V130/><F73/><W40/><G40/><T17/><D17/><U88/><E62/><V79/><F72/><W100/><G100/><T21/><D21/><U25/><E91/><V36/><F79/><W63/><G84/><T101/><D101/><U109/><E88/><V116/><F99/><W77/><G77/><T42/><D42/><U107/><E90/><V94/><F96/><W76/><G76/><T23/><D23/><U38/><E105/><V7/><F130/><W45/><G30/><T44/><D44/><U98/><E97/><V70/><F94/><W110/><G45/><T43/><D43/><U0/><E98/><V14/><F36/><W46/><G46/><T85/><D85/><U123/><E103/><V28/><F116/><W67/><G53/><T120/><D120/><U83/><E107/><V134/><F134/><W29/><G29/><T92/><D92/><U10/><E123/><V19/><F70/><AGARI ba="0,0" hai="24,26,60,65,70" m="45065,50250,43595" machi="70" ten="40,12000,1" yaku="19,1,16,1,52,2" doraHai="22" who="0" fromWho="2" sc="193,120,296,0,260,-120,251,0" owari="313,41.0,296,10.0,140,-36.0,251,-15.0" /></mjloggm>