<mjloggm ver="2.3"><GO type="169" lobby="0"/><UN n0="%E6%A1%9C%E4%BA%95%E3%81%95%E3%82%93" n1="%E3%81%82%E3%81%84%E3%81%A0%E3%81%A6" n2="%E5%B0%B1%E6%B4%BB%E7%94%9F%40%E5%B7%9D%E6%9D%91%E8%BB%8D%E5%9B%A3" n3="%E2%91%A3%E3%82%BB%E3%83%B3%E3%83%81" dan="17,16,18,17" rate="2201.04,2091.32,2313.43,2199.02" sx="M,M,M,M"/><TAIKYOKU oya="0"/><INIT seed="0,0,0,2,2,46" ten="250,250,250,250" oya="0" hai0="86,133,5,0,132,112,65,93,123,52,103,1,2" hai1="41,58,89,63,17,14,102,83,34,22,108,77,21" hai2="39,117,92,120,4,73,69,111,78,20,72,100,81" hai3="121,30,31,124,27,79,115,8,49,3,101,18,71"/><T62/><D112/><U119/><E108/><V64/><F39/><W96/><G115/><T55/><D123/><U11/><E34/><V116/><F4/><W114/><G114/><T32/><D32/><U24/><E102/><V59/><F69/><W80/><G71/><T56/><D5/><U127/><E41/><V113/><F113/><W125/><G121/><T37/><D37/><U60/><E127/><N who="3" m="48714" /><G3/><T47/><D103/><U26/><E119/><N who="2" m="45643" /><F20/><N who="3" m="13719" /><G8/><T76/><D93/><U68/><E68/><V7/><F7/><W126/><N who="3" m="48722" /><W42/><DORA hai="85" /><G42/><T122/><D122/><U38/><E38/><V66/><F111/><W99/><G49/><T130/><D130/><U25/><E77/><V9/><F9/><W135/><G135/><T15/><D15/><U57/><E60/><V70/><F70/><W105/><G99/><T35/><D35/><U82/><E82/><V19/><F19/><W98/><G98/><T110/><D110/><U88/><E83/><V29/><F29/><W16/><G16/><T23/><D23/><N who="1" m="8715" /><E58/><V107/><F59/><W12/><G12/><T131/><D131/><U104/><E104/><V75/><F107/><W61/><G61/><T91/><D47/><U129/><E129/><V95/><F120/><W97/><G97/><T48/><D133/><U118/><E118/><V109/><F109/><W84/><AGARI ba="0,0" hai="30,31,79,80,84,96,101,105" m="13719,48722" machi="84" ten="40,1500,0" yaku="18,1" doraHai="46,85" who="3" fromWho="3" sc="250,-7,250,-4,250,-4,250,15" /><INIT seed="1,0,0,1,1,53" ten="243,246,246,265" oya="1" hai0="108,32,55,122,95,75,107,79,40,65,127,25,103" hai1="78,94,33,45,58,77,92,126,114,12,129,117,11" hai2="30,71,50,5,123,18,66,9,47,60,124,54,80" hai3="14,49,90,37,116,128,10,28,76,121,84,6,41"/><U0/><E0/><V101/><F124/><W46/><G121/><T83/><D127/><U61/><E126/><V118/><F123/><W109/><G109/><T4/><D122/><U105/><E105/><V59/><F118/><W120/><G120/><T26/><D108/><U112/><E33/><V2/><F30/><W8/><G116/><T100/><D40/><U67/><E117/><V89/><F101/><W131/><G28/><T27/><D32/><U97/><E94/><V115/><F115/><W63/><G37/><T104/><D65/><U130/><E45/><V64/><F18/><W82/><G63/><T102/><D4/><N who="1" m="3175" /><E114/><V106/><F106/><W38/><G38/><T15/><D15/><U39/><E39/><V20/><F20/><W110/><G110/><T42/><D42/><U72/><E72/><V69/><REACH who="2" step="1"/><F64/><REACH who="2" ten="243,246,236,265" step="2"/><W88/><G10/><T86/><D107/><U35/><E35/><V134/><F134/><W85/><REACH who="3" step="1"/><G90/><REACH who="3" ten="243,246,236,255" step="2"/><T62/><D104/><U34/><E112/><V1/><F1/><W56/><G56/><N who="0" m="35103" /><D103/><N who="1" m="60839" /><E34/><V135/><F135/><W48/><G48/><T96/><D102/><U43/><E58/><V68/><F68/><W52/><G52/><T70/><D70/><U87/><E67/><V91/><F91/><W133/><G133/><T119/><D119/><U74/><E61/><V13/><F13/><W113/><G113/><T125/><D125/><U29/><E29/><V36/><F36/><W16/><G16/><T132/><D132/><U98/><E43/><V99/><F99/><W21/><G21/><T73/><D96/><U93/><E98/><RYUUKYOKU ba="0,2" sc="243,10,246,-30,236,10,255,10" hai0="25,26,27,73,75,79,83,86,95,100" hai2="2,5,9,47,50,54,59,60,66,69,71,80,89" hai3="6,8,14,41,46,49,76,82,84,85,88,128,131" /><INIT seed="2,1,2,4,3,80" ten="253,216,246,265" oya="2" hai0="47,22,20,113,48,93,13,65,17,58,125,104,98" hai1="53,83,96,100,0,70,31,114,86,3,68,10,108" hai2="72,84,97,57,69,1,67,26,99,124,34,56,74" hai3="6,8,62,129,49,36,50,103,60,132,7,120,121"/><V107/><F1/><W64/><G103/><T131/><D113/><U119/><E119/><V122/><F122/><W109/><G8/><T29/><D104/><U110/><E31/><N who="2" m="19831" /><F124/><W81/><G81/><T59/><D131/><U77/><E114/><V92/><F97/><W41/><G129/><T117/><D125/><U39/><E39/><V71/><F71/><N who="1" m="27177" /><E53/><V116/><F116/><W12/><G12/><T95/><D117/><U21/><E21/><V5/><F5/><W133/><G36/><T106/><D106/><N who="1" m="63751" /><E10/><V61/><F92/><W42/><REACH who="3" step="1"/><G64/><REACH who="3" ten="253,216,246,255" step="2"/><T89/><D65/><U52/><E0/><V19/><F74/><W101/><G101/><T79/><D95/><U127/><E3/><V91/><F72/><W102/><G102/><T90/><D79/><U44/><E127/><V30/><F67/><W43/><G43/><N who="0" m="24703" /><D89/><U27/><E77/><V25/><F91/><W75/><G75/><T115/><D115/><U46/><E83/><V123/><F107/><W28/><G28/><T94/><D94/><U33/><E27/><AGARI ba="1,3" hai="13,17,20,22,27,29,58,59,90,93,98" m="24703" machi="27" ten="30,1000,0" yaku="8,1" doraHai="80" who="0" fromWho="1" sc="253,43,216,-13,246,0,255,0" /><INIT seed="3,0,0,2,4,81" ten="296,203,246,255" oya="3" hai0="57,94,28,5,33,2,95,106,17,87,75,27,84" hai1="92,89,10,103,23,109,34,6,93,37,74,35,77" hai2="79,134,119,97,110,42,78,105,7,19,112,40,60" hai3="29,67,54,126,48,24,88,80,1,47,11,127,55"/><W25/><G67/><T41/><D75/><U73/><E109/><V90/><F7/><W122/><G122/><T121/><D106/><U44/><E23/><V43/><F110/><W111/><G111/><T107/><D107/><U118/><E118/><V26/><F134/><W133/><G133/><T69/><D69/><U129/><E129/><V114/><F119/><W128/><G128/><T64/><D121/><U123/><E123/><V116/><F116/><W113/><G113/><T96/><D41/><U85/><E74/><V15/><F26/><W66/><G66/><T63/><D95/><U4/><E4/><V120/><F120/><W46/><G11/><T16/><D5/><U135/><E135/><V59/><F112/><W117/><G1/><T71/><D2/><U131/><E131/><V0/><F0/><W22/><G24/><T8/><D71/><U72/><E72/><V18/><F18/><W50/><G117/><T53/><D64/><U36/><E36/><V101/><F90/><W20/><G20/><N who="0" m="13703" /><D28/><U31/><E31/><V100/><F100/><W32/><G32/><T65/><D65/><U61/><E103/><V76/><F114/><W124/><G127/><T91/><D33/><U38/><E37/><V12/><F19/><W49/><G49/><T21/><D8/><U130/><E34/><V45/><F45/><W14/><G14/><AGARI ba="0,0" hai="14,17,21,53,57,63,84,87,91,94,96" m="13703" machi="14" ten="30,8000,1" yaku="25,1,8,1,52,2,54,1" doraHai="81" who="0" fromWho="3" sc="296,80,203,0,246,0,255,-80" /><INIT seed="4,0,0,4,0,112" ten="376,203,246,175" oya="0" hai0="104,116,97,20,4,34,63,130,28,8,100,66,94" hai1="55,102,74,48,42,11,81,31,45,98,90,88,93" hai2="111,108,78,69,99,125,35,0,120,119,85,61,3" hai3="46,59,12,82,114,19,70,113,115,9,23,21,56"/><T118/><D130/><U87/><E74/><V30/><F120/><W92/><G70/><N who="0" m="42335" /><D20/><U26/><E11/><V14/><F125/><W73/><G23/><T96/><D94/><U1/><E1/><V17/><F99/><W127/><G127/><T117/><D96/><U24/><E31/><V6/><F85/><W107/><G107/><T40/><D40/><U65/><E65/><V129/><F78/><N who="3" m="44367" /><G92/><T124/><D124/><U36/><REACH who="1" step="1"/><E102/><REACH who="1" ten="376,193,246,175" step="2"/><V122/><F3/><W68/><G68/><T134/><D8/><U37/><E37/><V62/><F69/><W58/><G9/><T91/><D4/><U126/><E126/><V105/><F6/><W2/><G2/><T128/><D100/><U123/><E123/><V132/><F30/><W32/><G32/><T27/><D28/><U131/><E131/><V89/><F35/><W7/><G7/><T101/><D128/><U77/><E77/><V80/><F0/><W95/><G115/><T54/><D34/><U50/><E50/><V47/><F129/><W39/><G114/><T71/><D118/><U106/><E106/><V51/><F119/><W44/><G113/><T76/><D104/><U67/><E67/><V72/><F105/><W41/><G39/><T121/><D76/><U86/><E86/><V75/><F75/><W103/><G103/><T83/><D101/><U109/><E109/><V135/><F72/><W22/><G22/><T43/><D121/><U33/><E33/><V5/><F111/><W10/><G21/><T60/><D117/><U64/><E64/><V52/><F122/><W110/><G110/><RYUUKYOKU ba="0,1" sc="376,-10,193,30,246,-10,175,-10" hai1="24,26,36,42,45,48,55,81,87,88,90,93,98" /><INIT seed="5,1,1,4,4,46" ten="366,223,236,165" oya="1" hai0="71,52,132,27,131,1,14,93,59,89,33,63,120" hai1="60,90,65,64,4,99,98,81,0,34,96,128,114" hai2="134,3,2,21,106,94,76,127,130,54,108,122,85" hai3="35,112,18,95,123,72,10,32,38,83,92,61,116"/><U36/><E34/><V79/><F106/><W58/><G38/><T124/><D1/><U19/><E36/><V103/><F108/><W70/><G70/><T39/><D39/><U113/><E128/><V75/><F75/><W11/><G123/><T117/><D117/><U77/><E90/><V111/><F127/><W23/><G116/><T91/><D132/><U22/><E4/><V6/><F6/><W78/><G35/><T102/><D124/><U68/><E65/><V80/><F76/><W5/><G32/><T110/><D110/><U129/><E0/><V67/><F67/><W55/><G112/><N who="1" m="43114" /><E129/><V42/><F94/><W51/><G61/><T12/><D71/><U16/><E22/><V44/><F21/><W50/><G50/><T74/><D120/><U107/><E107/><V9/><F130/><W97/><G5/><T69/><D69/><U29/><E29/><V73/><F134/><W118/><G118/><T45/><D89/><U125/><E125/><V115/><F115/><W109/><G109/><T41/><D91/><U126/><E126/><V17/><F79/><W87/><G72/><AGARI ba="1,1" hai="16,19,60,64,68,72,77,81,96,98,99" m="43114" machi="72" ten="30,2900,0" yaku="15,1,54,1" doraHai="46" who="1" fromWho="3" sc="366,0,223,42,236,0,165,-32" /><INIT seed="5,2,0,3,2,82" ten="366,265,236,133" oya="1" hai0="5,86,52,69,93,8,89,102,17,35,126,99,13" hai1="9,44,14,46,57,24,11,84,49,87,4,120,91" hai2="105,66,135,95,112,40,77,129,115,36,133,79,3" hai3="43,127,38,50,47,65,7,103,118,70,6,62,123"/><U75/><E75/><V98/><F3/><W59/><G123/><T33/><D69/><U106/><E106/><V131/><F66/><W28/><G127/><T63/><D126/><U80/><E120/><V100/><F40/><W124/><G124/><T2/><D63/><U122/><E122/><V0/><F36/><W31/><G118/><T81/><REACH who="0" step="1"/><D52/><REACH who="0" ten="356,265,236,133" step="2"/><N who="1" m="31887" /><E24/><V114/><F0/><W32/><G103/><T15/><D15/><N who="1" m="5543" /><E87/><V76/><REACH who="2" step="1"/><F105/><REACH who="2" ten="356,265,226,133" step="2"/><W116/><G116/><T72/><D72/><U55/><E55/><V60/><F60/><W96/><G62/><T90/><D90/><U22/><E22/><AGARI ba="2,2" hai="2,5,8,13,17,22,33,35,81,86,89,93,99,102" machi="22" ten="30,3900,0" yaku="1,1,7,1,52,1,53,0" doraHai="82" doraHaiUra="119" who="0" fromWho="1" sc="356,65,265,-45,226,0,133,0" /><INIT seed="6,0,0,1,3,92" ten="421,220,226,133" oya="2" hai0="11,122,53,37,1,54,4,80,64,98,65,59,132" hai1="38,0,51,117,9,49,103,104,91,34,17,22,113" hai2="7,109,14,90,45,110,133,41,99,111,39,3,27" hai3="102,123,18,24,95,72,131,116,55,5,81,134,70"/><V69/><F133/><W2/><G70/><T74/><D122/><U84/><E38/><V85/><F69/><W10/><G123/><T32/><D32/><U119/><E34/><V89/><F3/><W108/><G108/><T93/><D37/><U15/><E113/><V58/><F27/><W118/><G134/><T120/><D120/><U76/><E76/><V77/><F58/><W100/><G131/><T78/><D132/><U121/><E121/><V101/><F77/><W63/><G72/><T75/><D75/><U127/><E127/><V21/><F85/><W36/><G36/><T40/><D40/><U97/><E119/><V82/><F82/><W56/><G81/><T31/><D31/><U8/><E117/><V130/><F130/><W28/><G18/><T88/><D53/><U114/><E114/><V68/><F68/><W73/><G73/><T115/><D115/><U43/><E43/><V12/><F7/><W44/><G44/><T29/><D29/><U106/><E106/><N who="2" m="63807" /><F21/><W13/><G2/><T61/><AGARI ba="0,0" hai="1,4,11,54,59,61,64,65,74,78,80,88,93,98" machi="61" ten="20,5200,0" yaku="0,1,7,1,52,1,54,1" doraHai="92" who="0" fromWho="0" sc="421,52,220,-13,226,-26,133,-13" /><INIT seed="7,0,0,1,0,76" ten="473,207,200,120" oya="3" hai0="115,129,128,120,7,101,80,119,71,16,45,85,126" hai1="15,134,92,41,77,125,96,25,75,87,27,13,114" hai2="59,78,32,28,2,118,135,8,52,14,74,47,93" hai3="19,37,133,64,69,46,23,98,88,21,103,3,94"/><W84/><G3/><T107/><D119/><U5/><E114/><V40/><F2/><W20/><G133/><T97/><D120/><U0/><E125/><V1/><F1/><W112/><G112/><T70/><D115/><U67/><E134/><V51/><F118/><W72/><G72/><T56/><D7/><U108/><E108/><V91/><F78/><W29/><G29/><T9/><D126/><U33/><E33/><V68/><F68/><W99/><G99/><T117/><D56/><U48/><E67/><V122/><F122/><W31/><G31/><T82/><D45/><N who="1" m="25647" /><E75/><V34/><F28/><W111/><G111/><T102/><D102/><N who="1" m="60679" /><E0/><V11/><F74/><W43/><G64/><T62/><D16/><U53/><E53/><V26/><F26/><N who="1" m="9737" /><E5/><V35/><F135/><W61/><G61/><T22/><D9/><U4/><E4/><V65/><F65/><W17/><REACH who="3" step="1"/><G69/><REACH who="3" ten="473,207,200,110" step="2"/><T39/><D97/><U121/><E121/><V104/><F35/><W131/><G131/><T60/><D62/><U124/><E124/><V6/><F34/><W10/><G10/><T54/><D60/><U49/><E49/><N who="2" m="26855" /><F32/><W83/><AGARI ba="0,1" hai="17,19,20,21,23,37,43,46,83,84,88,94,98,103" machi="83" ten="30,11700,0" yaku="1,1,0,1,52,1,54,1,53,0" doraHai="76" doraHaiUra="100" who="3" fromWho="3" sc="473,-39,207,-39,200,-39,110,127" /><INIT seed="7,1,0,3,2,69" ten="434,168,161,237" oya="3" hai0="34,40,109,110,19,121,59,60,115,32,93,26,112" hai1="97,76,72,116,79,132,56,134,113,124,64,99,43" hai2="28,1,135,8,75,126,58,50,17,44,105,66,7" hai3="16,85,65,47,33,86,27,131,63,38,104,42,77"/><W39/><G104/><T30/><D121/><U67/><E113/><N who="0" m="43593" /><D40/><U24/><E116/><V80/><F105/><W128/><G77/><N who="1" m="29770" /><E124/><V114/><F114/><W120/><G120/><T2/><D2/><U89/><E72/><V3/><F3/><W96/><G96/><N who="1" m="36938" /><E43/><V21/><F75/><W54/><G54/><N who="0" m="33911" /><D93/><U70/><E70/><V118/><F118/><W37/><G86/><T111/><D19/><U68/><E68/><V13/><F126/><W25/><G85/><T12/><D12/><U36/><E36/><V119/><F119/><W130/><G33/><AGARI ba="1,0" hai="26,30,32,33,34,109,110,111" m="33911,43593" machi="33" ten="40,2600,0" yaku="15,1,11,1" doraHai="69" who="0" fromWho="3" sc="434,29,168,0,161,0,237,-29" owari="463,56.0,168,-23.0,161,-34.0,208,1.0" /></mjloggm>