<mjloggm ver="2.3"><GO type="169" lobby="0"/><UN n0="%E9%87%98%E5%AE%AE%E7%97%85%E6%82%A3%E8%80%85" n1="%E3%82%82%E3%81%9A%E3%81%8F%E3%80%82" n2="%30%E3%81%8F%E3%83%BC%E3%81%AB%E3%82%83%E3%82%93%30" n3="%E3%82%A6%E3%83%AB%E3%83%88%E3%83%A9%E7%AB%8B%E7%9B%B4" dan="16,17,16,17" rate="2120.63,2146.65,2114.83,2191.34" sx="F,M,F,M"/><TAIKYOKU oya="0"/><INIT seed="0,0,0,2,3,24" ten="250,250,250,250" oya="0" hai0="90,97,92,7,98,89,30,59,47,100,36,112,42" hai1="134,132,96,22,54,45,56,35,72,19,34,118,125" hai2="58,129,119,37,75,65,49,73,106,53,44,133,14" hai3="63,81,83,82,8,94,99,76,2,115,0,27,39"/><T107/><D112/><U28/><E118/><V10/><F106/><W32/><G39/><T60/><D7/><U4/><E72/><V38/><F129/><W113/><G76/><T57/><D90/><U126/><E4/><V52/><F133/><N who="1" m="51305" /><E45/><V5/><F119/><W86/><G86/><T40/><D40/><U123/><E96/><V48/><F38/><W88/><G63/><T122/><D122/><U128/><E123/><V16/><F37/><W74/><G8/><T79/><D79/><U51/><E128/><V121/><F121/><W95/><G95/><T6/><D6/><U67/><E67/><V80/><F65/><W9/><G9/><T131/><D131/><U120/><E120/><V13/><REACH who="2" step="1"/><F80/><REACH who="2" ten="250,250,240,250" step="2"/><W77/><G83/><T17/><D107/><U116/><E116/><V15/><F15/><W124/><G82/><T68/><D36/><U23/><E125/><V111/><F111/><W55/><G124/><T71/><D98/><U91/><E126/><V130/><F130/><W33/><G113/><T127/><D127/><U41/><E41/><V109/><F109/><W29/><G115/><T18/><D97/><U78/><E54/><V101/><F101/><W105/><G105/><T62/><D42/><U11/><E11/><AGARI ba="0,1" hai="5,10,11,13,14,16,44,48,49,52,53,58,73,75" machi="11" ten="30,7700,0" yaku="1,1,7,1,54,2,53,0" doraHai="24" doraHaiUra="21" who="2" fromWho="1" sc="250,0,250,-77,240,87,250,0" /><INIT seed="1,0,0,5,4,82" ten="250,173,327,250" oya="1" hai0="71,86,32,23,89,52,24,95,64,127,33,14,78" hai1="12,93,131,17,119,9,134,15,62,56,16,135,29" hai2="30,73,1,27,28,61,38,31,5,57,92,98,101" hai3="46,3,65,107,18,125,114,4,129,37,34,21,48"/><U63/><E119/><V6/><F73/><W130/><G107/><T13/><D127/><U90/><E131/><V35/><F38/><W66/><G34/><T128/><D128/><N who="3" m="49257" /><G37/><T58/><D33/><U53/><E29/><V36/><F36/><W43/><G114/><T50/><D32/><U121/><E63/><V19/><F35/><W22/><G21/><T70/><D78/><U68/><E68/><V80/><F1/><W84/><G84/><T106/><D106/><U42/><E42/><V87/><F19/><W99/><G99/><T117/><D117/><U83/><E83/><V81/><F81/><W11/><G125/><T67/><D71/><U74/><E74/><V94/><F94/><W2/><G2/><T47/><D70/><U10/><REACH who="1" step="1"/><E121/><REACH who="1" ten="250,163,327,250" step="2"/><V49/><F30/><W25/><AGARI ba="0,1" hai="3,4,11,18,22,25,43,46,48,65,66" m="49257" machi="25" ten="30,1100,0" yaku="19,1" doraHai="82" who="3" fromWho="3" sc="250,-3,163,-5,327,-3,250,21" /><INIT seed="2,0,0,5,1,128" ten="247,158,324,271" oya="2" hai0="123,109,116,129,44,33,40,93,66,54,37,119,59" hai1="81,73,26,17,98,84,0,127,8,9,131,96,25" hai2="7,21,62,120,19,101,67,16,103,46,2,48,85" hai3="69,95,113,92,72,100,94,65,28,23,29,71,74"/><V47/><F120/><W51/><G23/><T118/><D33/><U75/><E131/><V99/><F2/><W91/><G51/><N who="0" m="31199" /><D93/><U14/><E127/><V10/><F85/><W134/><G91/><T63/><D129/><U122/><E122/><V64/><F7/><W108/><G65/><N who="2" m="25161" /><F62/><W27/><G27/><T80/><D80/><U79/><E0/><V70/><F70/><W117/><G95/><T107/><D107/><U12/><E84/><V106/><F106/><W121/><G121/><T57/><D123/><U78/><E81/><V55/><F99/><W3/><G3/><T87/><D87/><U31/><REACH who="1" step="1"/><E17/><REACH who="1" ten="247,148,324,271" step="2"/><V36/><F19/><W58/><G74/><T104/><D104/><U125/><E125/><V60/><F16/><W88/><G72/><T32/><D32/><U43/><E43/><V30/><F10/><W5/><G5/><T126/><D126/><U68/><E68/><V4/><F4/><W132/><G71/><T135/><D109/><U45/><E45/><V89/><F47/><W18/><G69/><T83/><D83/><U11/><E11/><V52/><F46/><W102/><G18/><T13/><D13/><U124/><E124/><V35/><F35/><W82/><G108/><T24/><D24/><U50/><E50/><V86/><F48/><W15/><G15/><T90/><D90/><U112/><E112/><V56/><F36/><W42/><G88/><T22/><D22/><U61/><E61/><V1/><F1/><W111/><G111/><T77/><D77/><U53/><E53/><V110/><F110/><W76/><G76/><RYUUKYOKU ba="0,1" sc="247,15,148,15,324,-15,271,-15" hai0="37,40,44,57,63,66,116,118,119,135" hai1="8,9,12,14,25,26,31,73,75,78,79,96,98" /><INIT seed="3,1,1,0,0,81" ten="262,163,309,256" oya="3" hai0="59,62,95,44,88,37,22,98,70,105,107,39,7" hai1="69,74,43,21,33,50,10,125,57,122,75,58,4" hai2="106,17,127,29,135,66,76,83,72,53,51,2,112" hai3="14,90,97,54,87,3,104,132,96,38,6,28,91"/><W78/><G3/><T77/><D70/><U93/><E122/><V102/><F112/><W82/><G38/><T84/><D7/><U92/><E33/><V36/><F36/><W129/><G28/><T99/><D107/><U130/><E69/><V101/><F2/><W32/><G32/><T52/><D105/><U25/><E125/><V116/><F116/><W100/><G54/><T61/><D61/><U19/><E130/><V109/><F29/><W30/><G30/><T86/><D37/><U13/><E75/><V47/><F109/><W15/><G15/><T16/><D44/><U103/><E74/><V131/><F135/><W119/><G14/><N who="0" m="9495" /><D39/><U114/><E114/><V26/><F131/><W49/><G49/><T111/><D111/><U118/><E118/><V73/><F73/><N who="3" m="43343" /><G6/><T18/><D18/><U123/><E123/><V110/><F106/><N who="3" m="63751" /><G119/><T48/><D62/><U35/><E35/><V128/><F110/><W41/><G41/><T42/><D42/><U79/><E79/><V12/><F26/><W133/><G129/><T23/><D23/><U24/><E24/><V113/><F113/><W11/><G11/><T20/><D20/><U45/><E103/><V108/><F108/><W80/><G91/><N who="0" m="53751" /><D77/><U67/><E67/><V1/><F1/><W134/><G104/><T94/><AGARI ba="1,1" hai="48,52,59,84,88,94,98,99" m="53751,9495" machi="94" ten="30,12000,2" yaku="25,1,8,1,52,2,54,3" doraHai="81" who="0" fromWho="0" sc="262,133,163,-31,309,-31,256,-61" /><INIT seed="4,0,0,0,1,80" ten="395,132,278,195" oya="0" hai0="120,34,92,6,23,109,103,72,64,44,91,127,43" hai1="42,88,86,69,90,135,30,56,85,19,36,3,39" hai2="131,117,24,130,105,93,67,124,7,29,65,17,13" hai3="119,97,48,79,41,102,0,32,8,59,114,60,75"/><T58/><D34/><U112/><E69/><V73/><F105/><W115/><G32/><T84/><D120/><U31/><E3/><V20/><F73/><W98/><G119/><T81/><D127/><U108/><E108/><V15/><F124/><W123/><G123/><T35/><D35/><U66/><E135/><V12/><F93/><W50/><G79/><T46/><D109/><U54/><E66/><V51/><F51/><W89/><G89/><T47/><D6/><U133/><E133/><V110/><F110/><W62/><G75/><T128/><D128/><N who="2" m="49194" /><F67/><W118/><G97/><T27/><D72/><U70/><E70/><V99/><F99/><W57/><G50/><T16/><D103/><U107/><E107/><V87/><F87/><W18/><G98/><T121/><D121/><U96/><E96/><V78/><F78/><W53/><G102/><T82/><D43/><U83/><E112/><V28/><F65/><W134/><G134/><T116/><D116/><U68/><E68/><V37/><F37/><W100/><G100/><T2/><D2/><U25/><E39/><V106/><F106/><W125/><G125/><T10/><D10/><U11/><E36/><V77/><F77/><W55/><G0/><T14/><D27/><U111/><E111/><V63/><F117/><W38/><G38/><T5/><D5/><U95/><E42/><V94/><F94/><W22/><G118/><T71/><D71/><U9/><E9/><N who="2" m="4159" /><F63/><AGARI ba="0,0" hai="14,16,23,44,46,47,58,63,64,81,82,84,91,92" machi="63" ten="40,7700,0" yaku="8,1,52,1,54,1" doraHai="80" who="0" fromWho="2" sc="395,77,132,0,278,-77,195,0" /><INIT seed="4,1,0,2,2,132" ten="472,132,201,195" oya="0" hai0="94,23,12,38,117,57,22,112,107,18,116,7,10" hai1="101,76,60,47,122,56,100,106,20,6,4,62,104" hai2="118,44,120,87,78,2,9,74,24,0,128,31,95" hai3="21,127,3,77,105,80,71,8,58,126,113,17,103"/><T84/><D107/><U35/><E35/><V50/><F118/><W36/><G71/><T69/><D69/><U131/><E122/><V108/><F120/><W43/><G58/><T42/><D23/><U64/><E131/><V135/><F108/><W65/><G65/><T97/><D84/><U130/><E130/><V14/><F135/><W115/><G103/><T83/><D83/><U66/><E76/><V70/><F70/><W85/><G105/><T55/><D112/><N who="3" m="43081" /><G8/><T123/><D123/><U13/><E47/><V125/><F125/><N who="3" m="47627" /><G3/><T82/><D117/><U73/><E73/><V89/><F128/><W96/><G96/><T34/><D116/><U92/><E20/><V5/><F74/><W48/><G48/><T54/><D34/><U53/><E104/><V75/><F75/><W67/><G67/><T99/><D99/><U15/><E106/><V98/><F98/><W114/><N who="3" m="43089" /><W33/><DORA hai="68" /><G33/><T88/><D57/><U124/><E124/><V39/><F50/><W61/><G61/><T41/><D97/><U51/><E51/><V45/><F2/><W40/><G36/><T19/><D38/><U59/><E53/><V133/><F133/><W29/><G29/><T63/><D55/><U27/><E27/><AGARI ba="1,0" hai="17,21,27,40,43,77,80,85" m="47627,43089" machi="27" ten="40,8000,1" yaku="15,1,18,1,52,3" doraHai="132,68" who="3" fromWho="1" sc="472,0,132,-83,201,0,195,83" /><INIT seed="5,0,0,2,5,5" ten="472,49,201,278" oya="1" hai0="9,96,69,31,125,132,135,74,114,102,11,85,51" hai1="117,120,105,131,126,109,44,112,58,134,45,57,121" hai2="36,89,4,88,94,123,39,27,72,53,28,17,78" hai3="99,19,56,34,59,62,77,16,103,26,84,104,38"/><U29/><E105/><V41/><F123/><W90/><G38/><T110/><D74/><U37/><E29/><V82/><F17/><W92/><G34/><T111/><D69/><U33/><E33/><V98/><F41/><W46/><G46/><T24/><D85/><U80/><E80/><V43/><F43/><W12/><G77/><T106/><D51/><U54/><E117/><V7/><F7/><W108/><G108/><N who="0" m="41515" /><D114/><U66/><E109/><V71/><F71/><W81/><G104/><T21/><D125/><U49/><E112/><V124/><F124/><W2/><G2/><T64/><D64/><U101/><E101/><V97/><F53/><W6/><G26/><T22/><D22/><U15/><E15/><V67/><F4/><W52/><G59/><N who="1" m="22538" /><E126/><V18/><F18/><W30/><G30/><T115/><D115/><U133/><E131/><V100/><F67/><W86/><G12/><T8/><D21/><U119/><E119/><V3/><F3/><W65/><G65/><T83/><D83/><U13/><E13/><V1/><F1/><W118/><G118/><T48/><D31/><U55/><E66/><V32/><F89/><W42/><G90/><T50/><D24/><U116/><E116/><V87/><F97/><W128/><G99/><T20/><D20/><U129/><E129/><V14/><F14/><W25/><G128/><T127/><D127/><U76/><E76/><V93/><AGARI ba="0,0" hai="27,28,32,36,39,72,78,82,87,88,93,94,98,100" machi="93" ten="20,2700,0" yaku="0,1,7,1,54,1" doraHai="5" who="2" fromWho="2" sc="472,-7,49,-13,201,27,278,-7" /><INIT seed="6,0,0,2,4,116" ten="465,36,228,271" oya="2" hai0="9,124,46,2,83,26,75,65,85,13,59,60,106" hai1="99,52,80,105,39,68,96,88,127,66,23,93,114" hai2="30,28,103,107,49,73,19,72,62,126,87,36,119" hai3="42,94,47,100,7,121,56,48,111,45,86,63,104"/><V101/><F36/><W133/><G104/><T10/><D106/><U84/><E39/><V55/><F119/><W8/><G111/><T38/><D124/><U112/><E68/><V79/><F126/><W50/><G133/><T15/><D26/><U132/><E66/><V89/><F62/><W44/><G121/><T25/><D25/><U125/><E132/><V31/><F19/><W27/><G27/><T102/><D102/><N who="1" m="62687" /><E23/><V61/><F61/><W81/><G94/><T37/><D75/><U6/><E6/><V128/><F128/><W29/><G100/><N who="2" m="38473" /><F73/><W3/><G29/><T78/><D2/><U35/><E35/><V129/><F72/><W92/><G92/><T16/><D46/><U1/><E1/><V5/><F129/><W11/><G11/><T117/><D117/><U22/><E22/><V118/><F79/><W122/><G50/><T108/><D108/><U70/><E70/><V24/><F107/><W54/><G122/><T0/><D0/><U74/><E74/><V131/><F131/><W40/><G40/><T58/><D58/><U32/><E32/><V51/><F118/><W53/><G42/><T20/><D20/><U113/><E52/><V110/><F110/><W134/><G134/><T123/><D123/><U95/><E95/><N who="2" m="54719" /><F24/><W91/><AGARI ba="0,0" hai="3,7,8,44,45,47,48,53,54,56,63,81,86,91" machi="91" ten="20,1500,0" yaku="0,1,7,1" doraHai="116" who="3" fromWho="3" sc="465,-4,36,-4,228,-7,271,15" /><INIT seed="7,0,0,0,1,129" ten="461,32,221,286" oya="3" hai0="70,63,92,16,67,17,26,46,65,80,14,49,113" hai1="76,41,94,97,121,123,112,105,84,73,77,32,27" hai2="10,56,109,33,88,101,30,6,7,11,24,108,20" hai3="68,100,106,127,91,29,44,89,25,62,18,54,132"/><W122/><G18/><T47/><D113/><U28/><E41/><V74/><F74/><W23/><G127/><T75/><D92/><U120/><E32/><V22/><F101/><W135/><G122/><T52/><D65/><U48/><E48/><V40/><F40/><W34/><G23/><T53/><D26/><U45/><E45/><V117/><F56/><W66/><G54/><T103/><D103/><U85/><E28/><V51/><F51/><W104/><G44/><T134/><D134/><N who="3" m="51241" /><G106/><T126/><D126/><U78/><E27/><V8/><F88/><W96/><AGARI ba="0,0" hai="25,29,34,62,66,68,89,91,96,100,104" m="51241" machi="96" ten="30,12000,1" yaku="25,1,20,1,52,3" doraHai="129" who="3" fromWho="3" sc="461,-40,32,-40,221,-40,286,120" owari="421,52.0,-8,-51.0,181,-22.0,406,21.0" /></mjloggm>