<mjloggm ver="2.3"><GO type="169" lobby="0"/><UN n0="%E5%B0%B1%E6%B4%BB%E7%94%9F%40%E5%B7%9D%E6%9D%91%E8%BB%8D%E5%9B%A3" n1="%53%49%4C%41%53" n2="%3D%E8%93%AC%E8%8E%B1%E5%B1%B1%E8%BC%9D%E5%A4%9C%3D" n3="%E3%81%97%E3%81%A1%E3%81%8B%E3%81%97%E3%82%85%E3%81%8F" dan="18,16,16,16" rate="2263.15,2066.35,2038.13,2193.32" sx="M,F,F,M"/><TAIKYOKU oya="0"/><INIT seed="0,0,0,3,1,119" ten="250,250,250,250" oya="0" hai0="131,3,53,79,48,10,46,98,25,93,42,7,82" hai1="5,108,32,8,125,4,73,89,70,130,92,118,57" hai2="26,87,86,15,81,111,101,14,33,104,69,115,80" hai3="112,60,67,12,45,94,41,127,65,84,128,27,2"/><T113/><D131/><U51/><E118/><V17/><F115/><W58/><G112/><T110/><D113/><U35/><E108/><V62/><F111/><W103/><G2/><T135/><D110/><U99/><E130/><V116/><F116/><W1/><G1/><T91/><D135/><U59/><E125/><V106/><F106/><W132/><G127/><T31/><D53/><U90/><E70/><V107/><F17/><W44/><G132/><T43/><D43/><U95/><E73/><V83/><F69/><W39/><G128/><T36/><D48/><U124/><E124/><V0/><F62/><W76/><G45/><T105/><D105/><U74/><E74/><V23/><F33/><W9/><G27/><T18/><D18/><U16/><E4/><V100/><F0/><W133/><G133/><T21/><D82/><U20/><E8/><V22/><REACH who="2" step="1"/><F83/><REACH who="2" ten="250,250,240,250" step="2"/><W102/><G60/><T66/><D66/><U122/><E5/><V49/><F49/><W38/><G67/><T78/><AGARI ba="0,1" hai="3,7,10,21,25,31,36,42,46,78,79,91,93,98" machi="78" ten="30,1500,0" yaku="0,1" doraHai="119" who="0" fromWho="0" sc="250,25,250,-5,240,-5,250,-5" /><INIT seed="0,1,0,2,5,19" ten="275,245,235,245" oya="0" hai0="31,28,116,47,10,9,43,32,113,98,106,75,95" hai1="105,117,5,12,39,83,34,60,120,111,79,3,2" hai2="78,130,119,53,108,7,68,69,27,24,123,126,127" hai3="44,89,100,102,16,73,76,128,96,18,94,17,109"/><T4/><D106/><U42/><E117/><V41/><F123/><W0/><G0/><T1/><D116/><U118/><E118/><V20/><F119/><W133/><G109/><T11/><D113/><U104/><E120/><V54/><F108/><W122/><G122/><T80/><D32/><U71/><E34/><V77/><F41/><W55/><G128/><T110/><D110/><U131/><E12/><V125/><F7/><W50/><REACH who="3" step="1"/><G133/><REACH who="3" ten="275,245,235,235" step="2"/><T87/><D1/><U25/><E3/><V23/><REACH who="2" step="1"/><F126/><REACH who="2" ten="275,245,225,235" step="2"/><W134/><G134/><T58/><D4/><U29/><E111/><V33/><F33/><W49/><G49/><N who="0" m="26879" /><D75/><U129/><E129/><AGARI ba="1,2" hai="20,23,24,27,53,54,68,69,77,78,125,127,129,130" machi="129" ten="25,8000,1" yaku="1,1,22,2,52,2,53,0" doraHai="19" doraHaiUra="57" who="2" fromWho="1" sc="275,0,245,-83,225,103,235,0" /><INIT seed="1,0,0,0,5,134" ten="275,162,328,235" oya="1" hai0="72,4,68,89,25,90,78,96,51,67,93,76,7" hai1="39,79,47,15,44,18,29,60,53,132,135,36,61" hai2="22,6,91,70,109,9,34,84,92,46,88,59,10" hai3="117,80,23,74,97,82,16,119,63,20,48,52,49"/><U27/><E79/><V26/><F34/><W101/><G63/><N who="1" m="24138" /><E15/><V118/><F118/><N who="3" m="45067" /><G48/><T116/><D68/><U0/><E0/><V103/><F103/><W100/><G23/><T55/><D67/><U58/><E18/><V102/><F102/><N who="3" m="39531" /><G97/><T11/><D72/><U42/><E27/><V81/><F70/><W121/><G121/><T31/><D116/><U21/><E21/><V87/><F109/><W64/><G64/><T54/><D25/><U122/><E29/><V107/><F107/><W128/><G128/><T75/><D75/><U35/><E35/><V24/><F24/><N who="3" m="14343" /><G74/><T111/><D31/><U115/><E122/><V2/><F10/><W37/><G37/><N who="1" m="14410" /><E115/><V62/><F22/><W94/><G94/><T38/><D11/><U5/><E5/><V77/><F26/><W50/><G50/><T112/><D112/><U66/><E66/><V17/><F17/><W105/><G105/><T14/><D96/><U65/><E65/><V95/><F95/><W3/><G3/><T45/><D93/><U127/><E42/><V125/><F77/><W33/><G33/><T41/><D78/><U56/><E53/><N who="2" m="34159" /><F2/><W28/><G28/><T123/><D76/><U126/><E58/><AGARI ba="0,0" hai="49,52,58,80,82" m="14343,39531,45067" machi="58" ten="30,3900,0" yaku="12,1,54,2" doraHai="134" who="3" fromWho="1" sc="275,0,162,-39,328,0,235,39" /><INIT seed="2,0,0,5,1,91" ten="275,123,328,274" oya="2" hai0="128,74,77,36,131,129,9,37,13,18,135,132,31" hai1="75,39,127,72,30,14,108,119,41,15,123,79,42" hai2="80,45,88,117,73,107,125,104,3,112,63,32,96" hai3="113,130,97,76,40,38,47,19,83,34,21,12,16"/><V110/><F117/><W122/><G130/><T10/><D74/><U67/><E119/><V124/><F112/><W58/><G113/><T24/><D77/><U49/><E123/><V22/><F3/><W118/><G118/><T89/><D89/><U82/><E127/><N who="2" m="48715" /><F32/><W120/><G34/><N who="0" m="20839" /><D36/><U70/><E75/><V59/><F45/><W8/><G58/><T53/><D53/><U26/><E108/><V25/><F110/><W44/><G47/><T133/><D37/><U48/><E48/><V78/><F22/><AGARI ba="0,0" hai="9,10,13,18,22,128,129,131,132,133,135" m="20839" machi="22" ten="40,8000,1" yaku="19,1,20,1,34,2" doraHai="91" who="0" fromWho="2" sc="275,80,123,0,328,-80,274,0" /><INIT seed="3,0,0,5,1,125" ten="355,123,248,274" oya="3" hai0="41,43,30,101,116,20,59,19,129,1,105,38,23" hai1="44,26,4,65,16,32,56,79,113,135,68,132,52" hai2="51,53,24,54,61,60,89,70,112,25,18,72,121" hai3="103,33,108,84,45,42,50,46,11,117,5,98,66"/><W80/><G117/><T48/><D1/><U49/><E113/><V102/><F72/><W36/><G33/><T100/><D116/><U134/><E4/><V27/><F112/><W73/><G108/><T78/><D38/><U9/><E68/><V81/><F121/><W107/><G66/><T91/><D78/><U133/><N who="1" m="33792" /><DORA hai="120" /><U93/><E79/><V127/><F127/><W111/><G111/><T118/><D105/><U115/><E115/><V94/><F102/><W37/><G46/><T35/><D35/><U75/><E75/><V83/><F70/><W0/><REACH who="3" step="1"/><G73/><REACH who="3" ten="355,123,248,264" step="2"/><T71/><D118/><U7/><E93/><V17/><F94/><W131/><G131/><T77/><D129/><U69/><E69/><V29/><F83/><W6/><G6/><T67/><D67/><U34/><E65/><V114/><F81/><W109/><G109/><T15/><D71/><U12/><E44/><V87/><F114/><W104/><G104/><T22/><D59/><U31/><E32/><V128/><F128/><W3/><G3/><T110/><D110/><U88/><E7/><V55/><F29/><W14/><G14/><T74/><D15/><U63/><REACH who="1" step="1"/><E88/><AGARI ba="0,1" hai="0,5,11,36,37,42,45,50,80,84,88,98,103,107" machi="88" ten="30,11600,0" yaku="1,1,7,1,54,1,53,1" doraHai="125,120" doraHaiUra="90,95" who="3" fromWho="1" sc="355,0,123,-116,248,0,264,126" /><INIT seed="3,1,0,3,2,23" ten="355,7,248,390" oya="3" hai0="119,123,21,84,12,34,30,78,65,134,37,68,48" hai1="82,88,94,56,101,122,132,47,38,74,17,60,116" hai2="103,114,18,15,28,93,133,83,130,70,55,77,10" hai3="22,120,6,54,57,51,111,104,125,32,63,75,31"/><W27/><G120/><T87/><D37/><U102/><E122/><V5/><F70/><W25/><G104/><T126/><D119/><U33/><E116/><V40/><F114/><W118/><G118/><T90/><D123/><U29/><E132/><V112/><F112/><W11/><G75/><T42/><D34/><U80/><E101/><V85/><F133/><W4/><G125/><T76/><D126/><U59/><E102/><V106/><F106/><W135/><G135/><T35/><D35/><U72/><E17/><V129/><F40/><W91/><G111/><T7/><D68/><U13/><E13/><V64/><F64/><W121/><G121/><T26/><D65/><U44/><E38/><V131/><F55/><W8/><G91/><T24/><D134/><U69/><E69/><V127/><F127/><W67/><G4/><T81/><D87/><U107/><E107/><V99/><F28/><W36/><G6/><AGARI ba="1,0" hai="5,6,10,15,18,77,83,85,93,99,103,129,130,131" machi="6" ten="40,1300,0" yaku="19,1" doraHai="23" who="2" fromWho="3" sc="355,0,7,0,248,16,390,-16" /><INIT seed="4,0,0,5,1,22" ten="355,7,264,374" oya="0" hai0="47,97,78,41,81,26,84,122,4,119,66,55,0" hai1="109,114,62,37,54,73,90,120,15,51,101,30,130" hai2="75,40,27,25,7,43,117,53,2,94,34,83,112" hai3="32,76,19,36,64,20,99,127,135,65,82,113,80"/><T29/><D122/><U95/><E120/><V98/><F34/><W132/><G113/><T14/><D119/><U44/><E109/><V39/><F112/><W10/><G32/><T33/><D0/><U103/><E114/><V108/><F108/><W58/><G36/><T100/><D66/><U49/><E73/><V21/><F21/><W111/><G111/><T96/><D55/><N who="1" m="30119" /><E37/><V56/><F117/><W42/><G42/><N who="2" m="15913" /><F2/><W129/><G129/><T16/><D4/><U134/><E130/><V24/><F7/><W133/><G127/><T59/><D59/><N who="1" m="35191" /><E134/><V3/><F3/><W116/><G116/><T88/><D78/><U11/><E30/><V70/><F70/><W12/><G99/><T104/><D104/><U50/><E51/><N who="2" m="30783" /><F39/><W17/><G58/><T31/><D31/><U46/><E50/><V121/><F121/><W124/><G124/><T28/><D28/><U91/><E46/><V123/><F75/><N who="3" m="43039" /><G82/><T61/><D61/><U110/><E110/><V106/><F106/><W6/><G19/><T87/><D87/><N who="1" m="52703" /><E91/><N who="2" m="55647" /><F123/><W125/><G125/><T63/><D63/><U68/><E68/><V128/><F128/><W13/><AGARI ba="0,0" hai="6,10,12,13,17,20,64,65,132,133,135" m="43039" machi="13" ten="30,1100,0" yaku="20,1" doraHai="22" who="3" fromWho="3" sc="355,-5,7,-3,264,-3,374,11" /><INIT seed="5,0,0,2,1,16" ten="350,4,261,385" oya="1" hai0="87,22,134,72,67,30,107,84,120,1,109,27,17" hai1="91,4,106,24,104,97,6,18,36,56,122,103,42" hai2="79,95,20,0,116,129,108,131,47,112,37,29,96" hai3="115,135,52,11,3,110,34,99,86,57,50,38,105"/><U94/><E122/><V88/><F108/><W51/><G110/><T35/><D109/><U31/><E106/><V54/><F116/><W66/><G38/><T9/><D72/><U82/><E36/><V132/><F0/><W125/><G34/><T68/><D107/><U81/><E42/><N who="2" m="22991" /><F112/><W69/><G125/><T124/><D120/><U90/><E81/><V23/><F29/><W53/><G135/><T123/><D123/><U98/><E18/><V76/><F132/><W46/><G115/><T60/><D124/><U93/><E104/><V55/><F55/><W64/><G69/><T126/><D126/><U118/><E118/><V127/><F127/><W43/><G43/><T65/><D65/><U32/><E103/><V15/><F15/><W5/><REACH who="3" step="1"/><G86/><REACH who="3" ten="350,4,261,375" step="2"/><T12/><D134/><U39/><E39/><V102/><F102/><AGARI ba="0,1" hai="3,5,11,46,50,51,52,53,57,64,66,99,102,105" machi="102" ten="40,5200,0" yaku="1,1,2,1,54,1,53,0" doraHai="16" doraHaiUra="114" who="3" fromWho="2" sc="350,0,4,0,261,-52,375,62" /><INIT seed="6,0,0,5,0,7" ten="350,4,209,437" oya="2" hai0="130,24,59,129,28,85,56,31,43,68,100,57,108" hai1="46,17,124,131,91,116,93,95,38,88,74,123,23" hai2="13,21,104,103,73,15,110,39,101,65,64,44,114" hai3="119,71,60,52,72,127,2,11,83,120,37,49,53"/><V107/><F73/><W80/><G119/><T113/><D68/><U33/><E33/><V5/><F39/><W87/><G120/><T45/><D108/><U128/><E128/><N who="0" m="49257" /><D113/><U27/><E27/><V125/><F44/><W117/><G117/><T111/><D111/><U42/><E42/><V92/><F110/><W115/><G37/><N who="0" m="21743" /><D100/><U20/><E20/><V105/><F114/><W8/><G2/><T66/><D66/><U58/><E58/><V99/><F125/><W90/><G115/><T121/><D121/><U14/><E14/><V132/><F132/><W106/><G106/><T61/><D61/><U98/><E98/><V112/><F112/><W50/><G127/><T16/><D85/><U0/><E0/><V70/><F70/><W135/><G135/><T25/><D25/><U63/><E63/><V55/><F55/><W41/><G41/><T54/><D54/><U35/><E35/><V118/><F118/><W67/><G50/><T10/><D24/><U122/><E122/><V94/><F64/><W48/><G48/><T12/><AGARI ba="0,0" hai="10,12,16,28,31,56,57,59" m="21743,49257" machi="12" ten="40,5200,0" yaku="19,1,52,1,54,1" doraHai="7" who="0" fromWho="0" sc="350,52,4,-13,209,-26,437,-13" owari="402,20.0,-9,-51.0,183,-22.0,424,53.0" /></mjloggm>