<mjloggm ver="2.3"><GO type="169" lobby="0"/><UN n0="%E3%83%8C%E3%82%A2%E3%82%AF%E3%82%B7%E3%83%A7%E3%83%83%E3%83%88" n1="%E3%83%8B%E3%83%A3%E3%83%83%E3%83%94%E3%83%BC%E5%A4%8F%E7%9B%AE" n2="%E3%82%A6%E3%83%AB%E3%83%88%E3%83%A9%E7%AB%8B%E7%9B%B4" n3="%67%6F%6D%75" dan="16,16,17,16" rate="2121.94,2140.94,2135.71,2048.54" sx="M,M,M,M"/><TAIKYOKU oya="0"/><INIT seed="0,0,0,2,3,110" ten="250,250,250,250" oya="0" hai0="96,127,63,123,77,62,14,27,49,95,131,75,113" hai1="38,91,135,57,76,64,46,36,86,88,107,59,132" hai2="109,112,16,25,134,105,128,8,13,50,97,114,20" hai3="67,104,55,32,54,72,0,82,39,29,17,7,66"/><T26/><D123/><U87/><E107/><V89/><F109/><W118/><G104/><T12/><D77/><U101/><E101/><V94/><F128/><W6/><G39/><N who="1" m="14890" /><E46/><V68/><F68/><W44/><G17/><T125/><D75/><U98/><E98/><V84/><F134/><N who="1" m="51241" /><E76/><V4/><REACH who="2" step="1"/><F50/><REACH who="2" ten="250,250,240,250" step="2"/><W111/><G111/><T69/><D49/><U58/><E64/><V119/><F119/><W74/><G118/><T53/><D131/><U34/><E34/><V81/><F81/><W31/><G82/><T15/><D125/><U51/><E51/><V60/><F60/><W130/><G130/><T78/><D63/><U85/><AGARI ba="0,1" hai="57,58,59,85,86,87,88,91" m="51241,14890" machi="85" ten="40,8000,1" yaku="28,2,20,1,54,1" doraHai="110" who="1" fromWho="1" sc="250,-40,250,90,240,-20,250,-20" /><INIT seed="1,0,0,2,0,105" ten="210,340,220,230" oya="1" hai0="121,87,135,73,4,98,39,30,28,57,71,6,13" hai1="63,3,123,67,47,68,18,134,43,117,17,56,114" hai2="132,90,15,27,62,69,53,96,31,22,125,89,131" hai3="97,64,104,24,102,116,16,124,115,66,93,127,42"/><U74/><E114/><V133/><F131/><W83/><G115/><T29/><D71/><U32/><E117/><V119/><F119/><W33/><G116/><T118/><D39/><U100/><E123/><V82/><F125/><W85/><G42/><T21/><D121/><U122/><E122/><V2/><F2/><W49/><G49/><T45/><D73/><U9/><E32/><V95/><F15/><W126/><G104/><T38/><D135/><U84/><E100/><V112/><F112/><W0/><G0/><T37/><D37/><U111/><E84/><V103/><F82/><W120/><G120/><T51/><D57/><U35/><E35/><V5/><F5/><W14/><G24/><T88/><D98/><U130/><E130/><V107/><F53/><W46/><G46/><T128/><D38/><U113/><E113/><V81/><F81/><W12/><G12/><T20/><D118/><U72/><E68/><V86/><REACH who="2" step="1"/><F90/><REACH who="2" ten="210,340,210,230" step="2"/><N who="3" m="51519" /><G33/><T75/><D128/><U92/><E3/><V60/><F60/><W25/><G25/><T110/><D110/><U78/><E63/><V109/><F109/><W65/><G65/><AGARI ba="0,1" hai="22,27,31,62,65,69,86,89,95,96,103,107,132,133" machi="65" ten="40,1300,0" yaku="1,1,53,0" doraHai="105" doraHaiUra="44" who="2" fromWho="3" sc="210,0,340,0,210,23,230,-13" /><INIT seed="2,0,0,0,3,76" ten="210,340,233,217" oya="2" hai0="38,135,27,85,3,107,47,57,101,72,122,36,125" hai1="89,126,68,45,99,105,53,132,15,25,6,22,5" hai2="116,23,115,119,83,32,131,31,108,84,128,111,98" hai3="109,1,91,103,80,93,113,48,2,59,96,33,41"/><V64/><F32/><W127/><G33/><T86/><D72/><U46/><E68/><V117/><F64/><W104/><G109/><N who="2" m="42057" /><F115/><W129/><G127/><T42/><D36/><U43/><E126/><V71/><F71/><W67/><G129/><N who="2" m="49737" /><F31/><W124/><G124/><T130/><D86/><U66/><E66/><V121/><F23/><W133/><G67/><T118/><D85/><U92/><E105/><V20/><F20/><W95/><G113/><T123/><D107/><U114/><E114/><V50/><F50/><W88/><G41/><T134/><D42/><U11/><E132/><V0/><F0/><W19/><G19/><T29/><D3/><U12/><E43/><V82/><F121/><W94/><G133/><T75/><D125/><U18/><E53/><V79/><F98/><W4/><G2/><T120/><D29/><U56/><E56/><V54/><F54/><W49/><G59/><T73/><D57/><U52/><E52/><V100/><F100/><W63/><G4/><T8/><D130/><U16/><E6/><V26/><F26/><W102/><G102/><T70/><D101/><U39/><E39/><V21/><F21/><AGARI ba="0,0" hai="5,11,12,15,16,18,21,22,25,45,46,89,92,99" machi="21" ten="30,3900,0" yaku="7,1,8,1,54,1" doraHai="76" who="1" fromWho="2" sc="210,0,340,39,233,-39,217,0" /><INIT seed="3,0,0,5,0,46" ten="210,379,194,217" oya="3" hai0="38,43,37,104,27,114,55,82,67,16,124,30,31" hai1="120,47,73,50,134,101,103,75,72,14,127,87,132" hai2="108,5,26,18,71,83,51,77,92,24,88,56,17" hai3="80,13,60,48,2,135,97,105,128,68,52,69,110"/><W54/><G2/><T65/><D104/><U113/><E120/><V76/><F71/><W109/><G128/><T126/><D55/><U99/><E113/><V121/><F121/><W33/><G135/><N who="1" m="51754" /><E127/><V70/><F70/><W85/><G33/><T107/><D107/><U1/><E1/><V57/><F108/><N who="3" m="41579" /><G13/><T79/><D27/><N who="2" m="10282" /><F5/><W86/><G54/><T117/><D16/><N who="2" m="6250" /><F83/><W44/><G60/><T21/><D82/><U102/><E14/><V90/><F51/><W61/><G61/><T111/><D111/><U8/><E8/><V116/><F116/><W94/><G105/><T98/><D117/><U41/><E87/><N who="3" m="33290" /><G80/><T112/><D124/><U40/><E40/><V12/><F12/><W93/><G93/><AGARI ba="0,0" hai="41,47,50,72,73,75,93,99,101,102,103" m="51754" machi="93" ten="40,2600,0" yaku="20,1,52,1" doraHai="46" who="1" fromWho="3" sc="210,0,379,26,194,0,217,-26" /><INIT seed="4,0,0,2,5,104" ten="210,405,194,191" oya="0" hai0="131,109,19,25,24,67,3,105,47,123,98,130,96" hai1="6,36,117,61,40,128,73,97,90,62,12,60,26" hai2="49,16,20,10,29,53,124,50,14,30,48,17,56" hai3="68,103,11,35,15,69,115,116,21,7,108,34,125"/><T23/><D3/><U13/><E73/><V132/><F124/><W55/><G116/><T57/><D123/><U64/><E117/><V5/><F132/><W129/><G125/><T113/><D109/><U27/><E128/><V135/><F135/><W33/><G129/><N who="0" m="49163" /><D113/><U65/><E36/><V76/><F76/><W114/><G108/><T78/><D105/><U45/><E45/><V39/><F39/><W41/><G41/><T127/><D127/><U85/><E97/><V32/><F32/><W101/><G55/><T2/><D2/><U106/><E106/><V74/><F74/><W126/><G126/><T22/><D78/><U44/><E44/><V42/><F17/><N who="3" m="10431" /><G68/><T52/><D67/><N who="1" m="25675" /><E40/><V37/><F37/><W66/><G66/><T118/><D47/><U18/><E6/><V31/><REACH who="2" step="1"/><F42/><REACH who="2" ten="210,405,184,191" step="2"/><W46/><G35/><T83/><D118/><U59/><E18/><V122/><F122/><W28/><G34/><T80/><D98/><U102/><E85/><V84/><F84/><W70/><G33/><T81/><D96/><U63/><E102/><V94/><F94/><W9/><G101/><T88/><D83/><U91/><E91/><V100/><F100/><W92/><G92/><T99/><D88/><U133/><E90/><V77/><F77/><W82/><G103/><T89/><D89/><U0/><E133/><V79/><F79/><W72/><G82/><N who="0" m="31851" /><D99/><U87/><E87/><V75/><F75/><W8/><G72/><T71/><D19/><U119/><E119/><V43/><F43/><W110/><G110/><T54/><D71/><U121/><E121/><RYUUKYOKU ba="0,1" sc="210,-10,405,-10,184,30,191,-10" hai2="5,10,14,16,20,29,30,31,48,49,50,53,56" /><INIT seed="5,1,1,1,3,26" ten="200,395,214,181" oya="1" hai0="74,107,25,75,47,8,114,105,121,42,34,132,60" hai1="22,48,20,7,134,21,91,72,96,128,89,16,18" hai2="66,70,49,133,124,83,109,52,63,13,130,123,3" hai3="85,98,62,56,41,19,99,106,115,1,101,80,126"/><U30/><E72/><V97/><F3/><W127/><G115/><T29/><D114/><U111/><E134/><V37/><F109/><W117/><G1/><T15/><D132/><U86/><E128/><V90/><F133/><W31/><G117/><T102/><D121/><U38/><E38/><V43/><F123/><W24/><G19/><N who="1" m="7210" /><E111/><V57/><F13/><W51/><G98/><T10/><D10/><U12/><E96/><V2/><F2/><W112/><G112/><T100/><D100/><U28/><E48/><V104/><F130/><W131/><G131/><T120/><D120/><U81/><E91/><V36/><F124/><W53/><G51/><T87/><D87/><U103/><E103/><V69/><F69/><W119/><G41/><T50/><D60/><U116/><E116/><V58/><F43/><W64/><G64/><T125/><D125/><U17/><E7/><V135/><F135/><W0/><G0/><T54/><D42/><U45/><E45/><V78/><F70/><W4/><G4/><T27/><D27/><U110/><E110/><V59/><F59/><W93/><G106/><N who="0" m="40459" /><D102/><U71/><E71/><V14/><F104/><W129/><G129/><T33/><D33/><U5/><E5/><V82/><F90/><N who="3" m="51495" /><G119/><T11/><D11/><AGARI ba="1,1" hai="11,12,17,20,21,22,28,30,81,86,89" m="7210" machi="11" ten="30,11600,0" yaku="8,1,52,2,54,1" doraHai="26" who="1" fromWho="0" sc="200,-119,395,129,214,0,181,0" /><INIT seed="5,2,0,2,5,86" ten="81,524,214,181" oya="1" hai0="72,24,115,64,11,36,67,38,56,40,107,45,132" hai1="112,7,73,90,48,116,119,110,103,33,100,87,27" hai2="79,85,2,9,32,81,118,58,123,66,75,51,57" hai3="111,17,3,34,105,120,124,29,65,14,108,39,113"/><U71/><E71/><V121/><F32/><W102/><G39/><T130/><D107/><U82/><E7/><V133/><F118/><N who="1" m="45097" /><E48/><V16/><F133/><W21/><G65/><N who="0" m="25163" /><D24/><U91/><E27/><V77/><F77/><W54/><G102/><N who="1" m="38954" /><E33/><V68/><F75/><W99/><G105/><T128/><D11/><U47/><E47/><V6/><F68/><W23/><G99/><T63/><D72/><U46/><E46/><V89/><F58/><W127/><G23/><T19/><D19/><U101/><E112/><V131/><F57/><W134/><G113/><T109/><D115/><U12/><E12/><V50/><F16/><W18/><G17/><T96/><D132/><U13/><E13/><V69/><F69/><W97/><G14/><T44/><D109/><U10/><E10/><V98/><F9/><W92/><G18/><T104/><D45/><U22/><E22/><V61/><F6/><W4/><G21/><T28/><D38/><U135/><E135/><V31/><F31/><W41/><G4/><T55/><D28/><U62/><E62/><V1/><F61/><W126/><G29/><T42/><D42/><U43/><E43/><V95/><F1/><W15/><G3/><T37/><D37/><U53/><E110/><V78/><F2/><W70/><G34/><T94/><D104/><U93/><E53/><V76/><F66/><W74/><G108/><T20/><D20/><U0/><E0/><V26/><F26/><W35/><G111/><T5/><D5/><U8/><E8/><V83/><F51/><W122/><G134/><T80/><D80/><RYUUKYOKU ba="2,0" sc="81,30,524,-10,214,-10,181,-10" hai0="36,40,44,55,56,63,94,96,128,130" /><INIT seed="6,3,0,3,1,69" ten="111,514,204,171" oya="2" hai0="119,70,67,82,105,49,21,88,131,46,129,4,63" hai1="61,104,96,42,68,113,18,23,13,86,15,98,56" hai2="111,17,130,64,133,71,80,7,100,39,50,45,58" hai3="36,132,32,8,62,14,9,57,47,3,125,53,135"/><V59/><F7/><W108/><G108/><T116/><D105/><U5/><E68/><V76/><F111/><W123/><G123/><T112/><D4/><U95/><E104/><V19/><F100/><W87/><G125/><T29/><D29/><U34/><E34/><V22/><F130/><N who="0" m="49674" /><D21/><U40/><E113/><V85/><F133/><W66/><G32/><T90/><D82/><U52/><E86/><V77/><F77/><W78/><G3/><T107/><D107/><U106/><E106/><V81/><F59/><W26/><G26/><T12/><D12/><U102/><E98/><V117/><F81/><N who="3" m="47543" /><G14/><T127/><D127/><U24/><E13/><V84/><F117/><N who="0" m="45130" /><D112/><U94/><E94/><V110/><F22/><W30/><G30/><T124/><D124/><U28/><E28/><V73/><F17/><W11/><G8/><AGARI ba="3,0" hai="5,8,15,18,23,24,40,42,52,56,61,95,96,102" machi="8" ten="40,2600,0" yaku="8,1,54,1" doraHai="69" who="1" fromWho="3" sc="111,0,514,35,204,0,171,-35" /><INIT seed="7,0,0,1,5,39" ten="111,549,204,136" oya="3" hai0="123,131,96,62,64,65,41,115,35,95,82,99,38" hai1="105,93,51,19,50,48,94,56,36,80,127,21,111" hai2="42,29,57,121,114,12,81,97,119,59,89,73,83" hai3="22,30,86,106,132,117,25,77,71,16,24,91,109"/><W63/><G117/><T11/><D35/><U98/><E36/><V103/><F119/><W17/><G132/><T54/><D123/><U2/><E2/><V102/><F114/><W88/><G109/><T92/><D131/><U118/><E111/><V27/><F73/><W23/><G30/><T108/><D108/><U47/><E105/><V7/><F42/><W28/><G28/><T130/><D130/><U135/><E127/><V78/><F78/><W125/><G106/><T20/><D115/><U126/><E126/><V84/><F83/><W37/><G37/><T53/><D11/><U8/><E8/><N who="2" m="4127" /><F121/><W90/><G125/><T15/><D82/><U60/><E47/><V133/><F133/><W110/><G110/><T134/><D134/><U6/><E60/><V69/><F69/><W75/><G75/><T66/><D41/><U18/><E98/><N who="0" m="37417" /><D38/><U129/><E19/><V107/><F107/><W79/><REACH who="3" step="1"/><G86/><REACH who="3" ten="111,549,204,126" step="2"/><T101/><D101/><U31/><E31/><V26/><F103/><W44/><G44/><T32/><D32/><U58/><E135/><V0/><F29/><W1/><G1/><T72/><D72/><U14/><E118/><V70/><F0/><W104/><G104/><T113/><D113/><U76/><E129/><V128/><F128/><W34/><G34/><T4/><D62/><U46/><E46/><V49/><F102/><W3/><G3/><T124/><D124/><U40/><E50/><V68/><F49/><W85/><G85/><T5/><D4/><U67/><E48/><V116/><F116/><W87/><G87/><T120/><D120/><RYUUKYOKU ba="0,1" sc="111,-10,549,-10,204,-10,126,30" hai3="16,17,22,23,24,25,63,71,77,79,88,90,91" /><INIT seed="7,1,1,4,1,57" ten="101,539,194,156" oya="3" hai0="124,40,81,86,36,96,48,82,7,45,85,63,62" hai1="58,88,19,65,6,35,118,83,39,9,97,117,16" hai2="106,18,73,27,102,8,98,70,134,52,51,43,53" hai3="101,23,131,126,37,132,127,10,24,95,76,91,14"/><W34/><G34/><T74/><D74/><U49/><E39/><V55/><F73/><W87/><G37/><T78/><D124/><N who="3" m="47657" /><G132/><T108/><D108/><U94/><E35/><V105/><F70/><W56/><G56/><T15/><D36/><U69/><E69/><V20/><F134/><W22/><G131/><T113/><D113/><U33/><E33/><V50/><F43/><W0/><G0/><T32/><D32/><U47/><E83/><V109/><F109/><W80/><G101/><T110/><D110/><U123/><E123/><V31/><F106/><W13/><G13/><T92/><D15/><N who="1" m="5559" /><E58/><V30/><F8/><W128/><G24/><T111/><D7/><U93/><E93/><V133/><F133/><W59/><G59/><T66/><D111/><U21/><E65/><V68/><F68/><W75/><G128/><T89/><D66/><U114/><E114/><V61/><F61/><W64/><G64/><T38/><D38/><U46/><E21/><V77/><F77/><AGARI ba="1,1" hai="40,45,48,62,63,77,78,81,82,85,86,89,92,96" machi="77" ten="30,8000,1" yaku="7,1,9,1,8,1,52,2" doraHai="57" who="0" fromWho="2" sc="101,93,539,0,194,-83,156,0" owari="194,-1.0,539,64.0,111,-39.0,156,-24.0" /></mjloggm>