<mjloggm ver="2.3"><GO type="169" lobby="0"/><UN n0="%68%69%6E%61%6A%69%6E%6E" n1="%4E%41%47%49%53%55%4B%45" n2="%E3%83%A9%E3%83%83%E3%82%AD%E3%83%BC%E3%83%89%E3%83%83%E3%82%B0" n3="%E3%82%A6%E3%83%AB%E3%83%88%E3%83%A9%E7%AB%8B%E7%9B%B4" dan="17,16,16,17" rate="2179.57,2166.89,2102.94,2113.08" sx="M,M,M,M"/><TAIKYOKU oya="0"/><INIT seed="0,0,0,4,2,2" ten="250,250,250,250" oya="0" hai0="78,36,9,100,74,109,79,118,59,101,132,83,62" hai1="60,40,38,53,86,75,11,46,131,90,33,97,23" hai2="82,58,31,76,117,10,39,112,135,69,4,107,91" hai3="66,93,6,126,103,134,129,3,116,110,73,41,122"/><T57/><D118/><U61/><E33/><V18/><F69/><W80/><G93/><T95/><D36/><U89/><E75/><V35/><F107/><W119/><G103/><T87/><D132/><U19/><E131/><V84/><F112/><W5/><G66/><T48/><D109/><U43/><E90/><V30/><F35/><W8/><G41/><T64/><D78/><U17/><E97/><V20/><F39/><W99/><G99/><T32/><D32/><U0/><E40/><V37/><F37/><W105/><G80/><T68/><D48/><U113/><E113/><V70/><F70/><W45/><G45/><T111/><D111/><U27/><E53/><V1/><F135/><W127/><G105/><T12/><D101/><U21/><E11/><V102/><F102/><W34/><G73/><T14/><D14/><U22/><E0/><V130/><F130/><W96/><G96/><T42/><D42/><U65/><E22/><V54/><F117/><N who="3" m="45131" /><G129/><T92/><D74/><U77/><E65/><V94/><F58/><W108/><G134/><T15/><D15/><U104/><E77/><V28/><F54/><W26/><G6/><T56/><REACH who="0" step="1"/><D100/><REACH who="0" ten="240,250,250,250" step="2"/><U16/><E104/><V25/><REACH who="2" step="1"/><F76/><REACH who="2" ten="240,250,240,250" step="2"/><W121/><G110/><T85/><D85/><U51/><E38/><V128/><F128/><W124/><G108/><T106/><D106/><U63/><E21/><V49/><F49/><W123/><G123/><T24/><D24/><U44/><E46/><V7/><F7/><AGARI ba="0,2" hai="7,9,12,56,57,59,62,64,68,79,83,87,92,95" machi="7" ten="40,12000,1" yaku="1,1,52,1,53,2" doraHai="2" doraHaiUra="88" who="0" fromWho="2" sc="240,140,250,0,240,-120,250,0" /><INIT seed="0,1,0,0,4,27" ten="380,250,120,250" oya="0" hai0="120,33,91,112,44,100,113,73,85,19,123,114,23" hai1="118,3,132,82,75,39,130,68,17,116,2,131,122" hai2="77,35,81,46,49,26,52,20,10,56,129,79,12" hai3="65,62,87,74,11,107,109,0,14,78,86,98,105"/><T57/><D73/><U7/><E68/><V45/><F35/><W50/><G0/><T80/><D33/><U134/><E39/><V47/><F129/><N who="1" m="49161" /><E122/><V5/><REACH who="2" step="1"/><F81/><REACH who="2" ten="380,250,110,250" step="2"/><W13/><G109/><T127/><D120/><U1/><E82/><V32/><F32/><W72/><G107/><T76/><D123/><U119/><E75/><V40/><F40/><W95/><G105/><T64/><D114/><U54/><E54/><V36/><F36/><W67/><G74/><T94/><D113/><U37/><E37/><V38/><F38/><W22/><G72/><T96/><D112/><U59/><E59/><V60/><F60/><W69/><G62/><T92/><D57/><U8/><E17/><AGARI ba="1,1" hai="5,10,12,17,20,26,45,46,47,49,52,56,77,79" machi="17" ten="40,5200,0" yaku="1,1,8,1,54,1,53,0" doraHai="27" doraHaiUra="110" who="2" fromWho="1" sc="380,0,250,-55,110,65,250,0" /><INIT seed="1,0,0,0,0,81" ten="380,195,175,250" oya="1" hai0="84,75,0,12,19,31,70,32,62,17,115,55,36" hai1="11,104,125,53,98,72,6,50,34,73,112,57,64" hai2="77,65,88,129,35,39,103,83,90,102,105,68,26" hai3="13,118,130,54,94,117,63,1,43,121,110,134,76"/><U10/><E34/><V38/><F129/><W67/><G1/><T9/><D36/><U131/><E112/><V18/><F102/><W97/><G121/><T52/><D75/><U37/><E37/><V49/><F49/><W56/><G130/><T30/><D31/><U58/><E131/><V25/><F25/><W14/><G43/><T100/><D100/><U45/><E125/><V23/><F35/><W86/><G110/><T16/><D0/><U47/><E104/><V124/><F124/><W132/><G67/><T114/><D115/><U33/><E33/><V22/><F22/><W87/><G14/><T8/><D32/><U109/><E109/><V108/><F108/><W96/><G13/><T80/><D30/><U29/><E29/><V27/><F27/><W85/><G76/><T126/><D114/><U3/><E98/><N who="3" m="37994" /><G94/><T46/><D70/><U24/><E24/><V99/><F65/><W82/><G82/><T2/><D2/><U74/><REACH who="1" step="1"/><E10/><REACH who="1" ten="380,185,175,250" step="2"/><V122/><F122/><W71/><G71/><T40/><D9/><U116/><E116/><AGARI ba="0,1" hai="54,56,63,85,86,87,116,117,118,132,134" m="37994" machi="116" ten="40,8000,1" yaku="12,1,52,3" doraHai="81" who="3" fromWho="1" sc="380,0,185,-80,175,0,250,90" /><INIT seed="2,0,0,4,5,44" ten="380,105,175,340" oya="2" hai0="4,11,36,126,131,24,133,81,74,125,130,77,105" hai1="30,100,68,91,129,53,84,43,123,117,56,70,76" hai2="82,20,134,3,93,113,122,34,67,49,109,132,92" hai3="90,64,7,110,95,16,25,54,6,72,50,22,40"/><V107/><F122/><W12/><G72/><T5/><D24/><U128/><E117/><V103/><F113/><W73/><G73/><T37/><D105/><U32/><E123/><V9/><F34/><W94/><G110/><T71/><D71/><U106/><E76/><V47/><F67/><W75/><G75/><T28/><D28/><U120/><E43/><V26/><F82/><W79/><G79/><T13/><D5/><U116/><E116/><V63/><F63/><W114/><G114/><T57/><D57/><U35/><E100/><V115/><F115/><W127/><G127/><N who="0" m="48651" /><D133/><N who="2" m="51306" /><F109/><W55/><G64/><T78/><D78/><U33/><E30/><N who="2" m="17735" /><F9/><W21/><G40/><T108/><D108/><U39/><E39/><AGARI ba="0,0" hai="4,11,13,36,37,39,74,77,81,130,131" m="48651" machi="39" ten="30,1000,0" yaku="18,1" doraHai="44" who="0" fromWho="1" sc="380,10,105,-10,175,0,340,0" /><INIT seed="3,0,0,4,4,78" ten="390,95,175,340" oya="3" hai0="10,53,60,73,48,124,129,55,115,114,81,103,133" hai1="128,107,18,24,113,22,56,50,42,132,91,134,45" hai2="87,36,43,93,92,77,27,19,12,16,3,1,35" hai3="13,9,82,84,21,125,28,34,23,66,108,74,135"/><W6/><G74/><T31/><D103/><U65/><E113/><N who="0" m="43017" /><D31/><U0/><E107/><V44/><F3/><W68/><G125/><T4/><D133/><U111/><E111/><V71/><F71/><W67/><G135/><T63/><D129/><U79/><E0/><V118/><F1/><W41/><G108/><T51/><D10/><U123/><E128/><V54/><F54/><N who="0" m="20490" /><D4/><U14/><E123/><V64/><F64/><N who="3" m="24619" /><G34/><T96/><D96/><U112/><E112/><V20/><F118/><W126/><G68/><T90/><D124/><U46/><E79/><V122/><F122/><W106/><G106/><T39/><D39/><U98/><E46/><V11/><REACH who="2" step="1"/><F35/><REACH who="2" ten="390,95,165,340" step="2"/><W120/><G120/><T130/><D130/><U83/><E134/><V80/><AGARI ba="0,1" hai="11,12,16,19,20,27,36,43,44,77,80,87,92,93" machi="80" ten="30,8000,1" yaku="1,1,2,1,0,1,52,1,54,1,53,0" doraHai="78" doraHaiUra="104" who="2" fromWho="2" sc="390,-20,95,-20,165,90,340,-40" /><INIT seed="4,0,0,0,3,90" ten="370,75,255,300" oya="0" hai0="70,86,105,61,18,89,75,68,52,124,76,58,97" hai1="134,83,26,55,27,135,50,80,40,78,120,38,31" hai2="113,94,110,62,6,114,47,4,16,48,131,69,60" hai3="91,49,104,9,64,34,72,25,111,121,33,95,23"/><T56/><D124/><U13/><E120/><V42/><F110/><W45/><G104/><T12/><D75/><U118/><E118/><V32/><F32/><W54/><G72/><T98/><D97/><U24/><E40/><V20/><F131/><W96/><G111/><T43/><D43/><U57/><E38/><V44/><F44/><W106/><G121/><T126/><D126/><U82/><E78/><V10/><F69/><W14/><G64/><T123/><D123/><U3/><E3/><V77/><F77/><W125/><G125/><T53/><D76/><U84/><E84/><V29/><F29/><W73/><G106/><T93/><D98/><U116/><E116/><V109/><F109/><W117/><G73/><T79/><D105/><U36/><E36/><V129/><F129/><W107/><G107/><T132/><D132/><U7/><E31/><V100/><F60/><W130/><G130/><T63/><D79/><U30/><E30/><V66/><F94/><W11/><G11/><AGARI ba="0,0" hai="11,12,18,52,53,56,58,61,63,68,70,86,89,93" machi="11" ten="30,11600,0" yaku="7,1,9,1,52,1,54,1" doraHai="90" who="0" fromWho="3" sc="370,116,75,0,255,0,300,-116" /><INIT seed="4,1,0,5,1,8" ten="486,75,255,184" oya="0" hai0="112,10,74,102,48,16,128,17,119,7,50,11,58" hai1="95,33,56,76,12,113,54,65,32,41,64,81,84" hai2="135,93,30,9,47,80,78,70,117,114,99,57,86" hai3="127,111,68,43,134,133,13,61,27,98,91,103,131"/><T108/><D74/><U59/><E113/><V35/><F70/><W44/><G91/><T63/><D119/><U107/><E107/><V19/><F114/><W87/><G87/><T2/><D108/><U49/><E33/><V118/><F135/><W88/><G27/><T109/><D109/><U130/><E32/><V55/><F47/><W67/><G111/><T51/><D128/><U82/><E130/><V62/><F30/><W46/><G131/><T60/><D102/><U104/><E104/><V38/><F35/><W23/><G127/><T39/><D39/><U85/><E41/><V4/><F38/><W124/><G124/><T40/><D63/><U77/><E95/><V53/><F53/><W26/><G26/><T106/><D106/><U105/><E105/><V45/><F45/><W6/><G103/><T120/><D120/><U72/><E72/><V96/><F19/><N who="3" m="10735" /><G6/><T31/><D31/><U37/><E37/><V29/><F29/><W66/><G66/><T125/><D125/><U100/><E100/><V121/><F121/><W3/><G3/><T92/><D92/><U0/><E0/><V129/><F129/><W69/><G69/><T110/><D110/><U18/><E59/><V22/><F93/><N who="3" m="56615" /><G43/><T126/><D126/><U20/><AGARI ba="1,0" hai="12,18,20,49,54,56,64,65,76,77,81,82,84,85" machi="20" ten="20,8000,1" yaku="0,1,7,1,9,1,8,1,52,1" doraHai="8" who="1" fromWho="1" sc="486,-41,75,83,255,-21,184,-21" /><INIT seed="5,0,0,1,3,82" ten="445,158,234,163" oya="1" hai0="107,104,3,132,69,54,58,40,6,20,93,135,7" hai1="124,51,14,0,128,121,30,127,92,113,94,120,66" hai2="84,87,29,57,130,78,67,25,85,11,110,31,71" hai3="83,98,116,123,46,5,47,17,53,62,22,118,32"/><U133/><E0/><V119/><F110/><W33/><G5/><N who="0" m="1547" /><D3/><U108/><E30/><V64/><F119/><N who="3" m="45611" /><G123/><N who="1" m="47178" /><E14/><V115/><F130/><W26/><G98/><T60/><D40/><U100/><E66/><V28/><F115/><W10/><G83/><T55/><D69/><U37/><E37/><V103/><F71/><W91/><G91/><T9/><D9/><U2/><E2/><V24/><F78/><W95/><G95/><N who="1" m="36394" /><E113/><V77/><F77/><W56/><G10/><T23/><D55/><U112/><E112/><V74/><F74/><W70/><G70/><T19/><D23/><U111/><E128/><V21/><F103/><W105/><G105/><T101/><D19/><U75/><E133/><N who="0" m="51273" /><D20/><U109/><E100/><V117/><F117/><W96/><G96/><AGARI ba="0,0" hai="54,58,60,93,96,101,104,107" m="51273,1547" machi="96" ten="30,1000,0" yaku="20,1" doraHai="82" who="0" fromWho="3" sc="445,10,158,0,234,0,163,-10" /><INIT seed="6,0,0,0,1,8" ten="455,158,234,153" oya="2" hai0="58,50,92,3,37,95,101,72,112,53,133,44,70" hai1="1,120,51,80,28,26,87,36,65,25,125,10,5" hai2="27,49,131,102,109,123,73,32,94,75,33,14,134" hai3="127,115,96,78,126,79,76,12,21,31,106,85,23"/><V63/><F123/><W34/><G85/><T88/><D72/><U118/><E36/><V113/><F113/><W48/><G115/><T98/><D3/><U17/><E118/><V129/><F63/><W97/><G34/><T56/><D70/><U29/><E120/><V103/><F49/><W52/><G31/><T128/><D112/><U105/><E105/><V135/><F94/><W55/><G106/><T83/><D83/><U19/><E65/><V108/><F27/><W42/><G42/><T116/><D116/><U86/><E125/><N who="3" m="47626" /><G55/><T6/><D6/><U18/><E51/><V124/><F124/><W71/><G71/><T119/><D119/><U77/><REACH who="1" step="1"/><E87/><REACH who="1" ten="455,148,234,153" step="2"/><V60/><F60/><W100/><G100/><T110/><D37/><U20/><E20/><N who="3" m="7754" /><G12/><AGARI ba="0,1" hai="12,14,32,33,73,75,102,103,108,109,129,131,134,135" machi="12" ten="25,9600,0" yaku="22,2,52,2" doraHai="8" who="2" fromWho="3" sc="455,0,148,0,234,106,153,-96" /><INIT seed="6,1,0,4,1,20" ten="455,148,340,57" oya="2" hai0="85,16,96,25,67,66,122,65,29,115,36,23,107" hai1="4,57,42,5,71,33,94,7,28,79,62,24,97" hai2="132,54,38,129,101,19,114,60,39,52,59,10,2" hai3="88,93,109,51,50,124,70,41,127,34,113,86,133"/><V80/><F114/><W3/><G3/><T121/><D36/><U13/><E42/><V76/><F101/><W105/><G105/><T110/><D85/><U98/><E71/><V111/><F132/><W58/><G109/><T78/><D110/><U83/><E13/><V43/><F129/><W68/><G34/><T103/><D78/><U63/><E57/><V49/><F111/><W69/><G133/><T40/><D40/><U90/><REACH who="1" step="1"/><E97/><REACH who="1" ten="455,138,340,57" step="2"/><V35/><F59/><W64/><G113/><T15/><D115/><U84/><AGARI ba="1,1" hai="4,5,7,24,28,33,62,63,79,83,84,90,94,98" machi="84" ten="30,8000,1" yaku="1,1,2,1,0,1,52,1,53,1" doraHai="20" doraHaiUra="92" who="1" fromWho="1" sc="455,-21,138,93,340,-41,57,-21" /><INIT seed="7,0,0,2,4,36" ten="434,231,299,36" oya="3" hai0="121,39,104,85,3,124,98,50,60,32,95,52,62" hai1="33,64,28,108,87,42,19,23,118,1,69,8,22" hai2="75,106,84,61,129,79,109,86,20,63,71,14,29" hai3="94,68,92,24,13,135,46,131,58,27,91,38,10"/><W6/><G68/><T56/><D39/><U134/><E69/><V17/><F106/><W105/><G105/><T0/><D32/><U15/><E64/><V74/><F29/><W48/><G131/><T53/><D121/><U44/><E108/><V66/><F63/><W76/><G135/><T16/><D124/><U130/><E130/><V89/><F109/><W43/><G76/><T35/><D35/><U45/><E134/><V101/><F89/><W18/><G38/><T49/><D85/><U37/><E118/><V59/><F86/><W110/><G110/><T133/><D133/><U117/><E117/><V100/><F59/><W2/><G58/><T107/><D56/><U102/><E102/><V70/><F70/><W119/><G119/><T34/><D34/><U116/><E116/><V21/><F21/><W128/><G128/><T4/><D98/><U103/><E103/><V88/><F75/><W5/><G94/><T47/><D95/><U57/><E45/><V112/><F112/><W12/><G2/><T93/><D93/><U113/><E113/><V96/><F96/><N who="3" m="57375" /><G5/><T41/><D4/><U99/><E99/><V122/><F122/><W123/><G123/><T73/><D73/><U7/><E57/><V120/><F120/><W26/><G26/><T51/><D0/><U82/><E33/><V77/><F129/><W115/><G115/><T114/><D114/><U54/><E87/><V83/><F79/><W81/><G81/><AGARI ba="0,0" hai="14,17,20,61,66,71,74,77,81,83,84,88,100,101" machi="81" ten="30,2000,0" yaku="7,1,54,1" doraHai="36" who="2" fromWho="3" sc="434,0,231,0,299,20,36,-20" owari="434,53.0,231,-17.0,319,12.0,16,-48.0" /></mjloggm>