<mjloggm ver="2.3"><GO type="169" lobby="0"/><UN n0="%EF%BC%B7%EF%BD%81%EF%BD%8C%EF%BD%8C%EF%BD%99" n1="%E5%A4%A9%E9%BC%93" n2="%E3%83%89%E3%83%90%E3%82%AF%E3%83%81%E5%A4%A7%E9%87%8E" n3="%E3%82%A6%E3%83%AB%E3%83%88%E3%83%A9%E7%AB%8B%E7%9B%B4" dan="18,18,17,18" rate="2242.45,2175.15,2169.31,2196.01" sx="M,M,M,M"/><TAIKYOKU oya="0"/><INIT seed="0,0,0,4,5,127" ten="250,250,250,250" oya="0" hai0="26,30,129,1,41,90,4,20,134,89,45,100,76" hai1="40,110,15,50,52,86,47,75,46,32,24,19,131" hai2="98,77,135,105,102,66,7,92,124,49,33,69,117" hai3="118,3,80,6,128,11,113,60,64,23,101,27,63"/><T36/><D134/><U44/><E110/><V14/><F33/><W48/><G113/><T29/><D100/><U91/><E75/><V8/><F117/><W67/><G118/><T106/><D106/><U82/><E131/><V130/><F124/><W31/><G101/><T81/><D30/><U123/><E123/><V84/><F130/><W18/><G128/><T13/><D13/><U39/><E32/><V78/><F135/><W83/><G48/><T65/><D65/><U126/><E126/><V58/><F69/><W114/><G114/><T122/><D122/><U94/><E24/><V133/><F133/><W68/><REACH who="3" step="1"/><G31/><REACH who="3" ten="250,250,250,240" step="2"/><T59/><D129/><U37/><E37/><V55/><F105/><W42/><G42/><T53/><D41/><U103/><E40/><V111/><F111/><W108/><G108/><T56/><D36/><U25/><E39/><V17/><F66/><W22/><G22/><T57/><D53/><U54/><E54/><V16/><F84/><W21/><G21/><T87/><REACH who="0" step="1"/><D45/><REACH who="0" ten="240,250,250,240" step="2"/><U132/><E46/><V79/><AGARI ba="0,2" hai="7,8,14,16,17,49,55,58,77,78,79,92,98,102" machi="79" ten="30,4000,0" yaku="0,1,8,1,54,1" doraHai="127" who="2" fromWho="2" sc="240,-20,250,-10,250,60,240,-10" /><INIT seed="1,0,0,3,1,4" ten="220,240,310,230" oya="1" hai0="56,44,76,89,37,38,28,115,29,68,7,110,106" hai1="49,130,23,86,101,27,112,124,126,36,50,114,64" hai2="118,120,33,54,5,100,128,1,32,92,63,111,53" hai3="93,109,8,34,97,26,2,3,85,81,25,42,71"/><U74/><E74/><V116/><F120/><W9/><G71/><T47/><D68/><U62/><E36/><V98/><F111/><W41/><G109/><T105/><D110/><U55/><E86/><V11/><F128/><W102/><G2/><T66/><D7/><U67/><E101/><V131/><F131/><W133/><G133/><T72/><D72/><U30/><E130/><V46/><F63/><W83/><G3/><T48/><D48/><N who="1" m="18539" /><E67/><V69/><F69/><W113/><G113/><T19/><D66/><U117/><E55/><V73/><F73/><W57/><G57/><T129/><D129/><U122/><E122/><V21/><F46/><W51/><G34/><T18/><D89/><U16/><E117/><V82/><F82/><N who="3" m="31243" /><G85/><T91/><D91/><U87/><E87/><V125/><F33/><W121/><G121/><T96/><D56/><N who="1" m="36935" /><E30/><V119/><F32/><W84/><G84/><T65/><D65/><U22/><E22/><V104/><F104/><W58/><G58/><T35/><D35/><U123/><E123/><V61/><F61/><W13/><G51/><T75/><D75/><U90/><E90/><V6/><F54/><W103/><G103/><T79/><REACH who="0" step="1"/><D96/><REACH who="0" ten="210,240,310,230" step="2"/><U43/><E43/><V10/><F53/><W40/><G40/><T31/><D31/><U52/><E52/><V80/><F116/><W135/><G42/><T132/><D132/><U107/><E114/><AGARI ba="0,1" hai="18,19,28,29,37,38,44,47,76,79,105,106,114,115" machi="114" ten="25,3200,0" yaku="1,1,22,2,53,0" doraHai="4" doraHaiUra="127" who="0" fromWho="1" sc="210,42,240,-32,310,0,230,0" /><INIT seed="2,0,0,0,5,95" ten="252,208,310,230" oya="2" hai0="1,126,28,10,53,97,9,129,12,77,43,125,20" hai1="56,13,91,92,112,29,33,32,109,84,2,127,58" hai2="87,94,52,120,118,93,106,62,89,104,76,132,5" hai3="38,16,55,59,111,119,101,68,122,116,69,113,108"/><V72/><F120/><W37/><G101/><T99/><D77/><U71/><E2/><V131/><F118/><N who="3" m="45099" /><G16/><N who="0" m="10247" /><D28/><U121/><E121/><V19/><F5/><W25/><G25/><T60/><D43/><U8/><E71/><N who="3" m="27210" /><G122/><T73/><D73/><U22/><E22/><V45/><F19/><W63/><G113/><T7/><D10/><U66/><E112/><V80/><F94/><W27/><G27/><T88/><D88/><U51/><E29/><V15/><F15/><W100/><G100/><T123/><D129/><U54/><E33/><V107/><F131/><W86/><G86/><T26/><D26/><U57/><E32/><V85/><F132/><W134/><G134/><T0/><D0/><U4/><E109/><AGARI ba="0,0" hai="37,38,55,59,63,108,109,111" m="27210,45099" machi="109" ten="40,5200,0" yaku="14,1,34,2" doraHai="95" who="3" fromWho="1" sc="252,0,208,-52,310,0,230,52" /><INIT seed="3,0,0,4,3,30" ten="252,156,310,282" oya="3" hai0="7,58,92,74,11,106,15,38,109,93,113,63,27" hai1="0,28,35,67,128,115,50,19,24,97,65,133,134" hai2="17,2,48,121,16,23,114,40,42,14,18,83,72" hai3="54,107,90,91,32,129,96,127,78,43,85,9,119"/><W56/><G119/><T89/><D109/><U31/><E115/><V122/><F114/><W126/><G43/><N who="2" m="16425" /><F2/><W120/><G120/><N who="2" m="46185" /><F48/><W103/><G129/><T87/><D106/><U104/><E128/><V71/><F71/><W76/><G9/><T80/><D38/><U100/><E0/><V60/><F60/><W4/><G4/><T135/><D135/><N who="1" m="51723" /><E19/><V13/><F23/><W102/><G32/><T68/><D68/><U36/><E36/><V1/><F1/><W111/><G111/><T62/><D62/><U57/><E31/><V41/><F41/><W6/><G6/><T105/><D105/><U84/><E84/><V132/><F132/><W47/><G85/><T22/><D74/><U73/><E73/><V34/><F34/><W25/><G107/><T70/><D70/><U101/><E101/><V116/><F116/><W69/><G102/><T110/><D110/><U29/><E29/><V81/><F72/><W37/><G103/><T51/><D51/><U21/><E21/><V117/><F117/><W94/><G37/><T130/><D130/><U66/><E50/><V75/><F75/><W5/><G5/><T45/><D113/><U98/><E98/><V82/><AGARI ba="0,0" hai="13,14,16,17,18,81,82,83" m="46185,16425" machi="82" ten="40,8000,1" yaku="28,2,13,1,54,1" doraHai="30" who="2" fromWho="2" sc="252,-20,156,-20,310,80,282,-40" /><INIT seed="4,0,0,4,1,98" ten="232,136,390,242" oya="0" hai0="7,112,76,25,82,89,1,103,44,116,42,99,60" hai1="59,108,53,46,97,20,79,83,126,29,129,12,30" hai2="117,127,45,52,57,19,51,133,9,96,34,37,24" hai3="75,35,58,95,5,88,122,73,114,65,31,78,6"/><T40/><D116/><U104/><E108/><V64/><F117/><W113/><G122/><T70/><D112/><N who="3" m="43113" /><G31/><T132/><D89/><U28/><E129/><V56/><F34/><W130/><G35/><T8/><D132/><U26/><E46/><V123/><F123/><W18/><G18/><T109/><D25/><U43/><E43/><V102/><F133/><W118/><G130/><T38/><D42/><U63/><E12/><V91/><F127/><W3/><G118/><T36/><D109/><U4/><E4/><N who="3" m="1642" /><G78/><T92/><D60/><U107/><E126/><V69/><F91/><W128/><G3/><T105/><D92/><U2/><E2/><V49/><F37/><W94/><G94/><T67/><D67/><U68/><E68/><V21/><F69/><W111/><G111/><T81/><D81/><U50/><E107/><V119/><F119/><W93/><G93/><T106/><D106/><U84/><REACH who="1" step="1"/><E50/><REACH who="1" ten="232,126,390,242" step="2"/><V131/><F51/><W134/><G128/><T22/><D70/><U54/><E54/><V77/><F131/><W32/><G134/><T115/><D115/><U86/><E86/><V11/><F45/><W90/><G75/><N who="0" m="43295" /><D38/><U80/><E80/><V71/><F71/><W0/><G73/><T48/><D48/><U55/><E55/><V41/><F41/><W16/><G0/><T61/><D61/><U47/><E47/><V10/><F64/><W101/><G65/><T120/><D120/><U39/><E39/><V62/><F62/><W124/><G124/><T33/><D40/><U85/><E85/><V110/><F110/><W66/><G66/><RYUUKYOKU ba="0,1" sc="232,-10,126,30,390,-10,242,-10" hai1="20,26,28,29,30,53,59,63,79,83,84,97,104" /><INIT seed="5,1,1,5,5,104" ten="222,156,380,232" oya="1" hai0="106,123,0,133,35,41,95,37,6,120,45,116,129" hai1="50,51,12,52,108,8,7,58,128,19,25,73,127" hai2="90,111,59,13,130,43,36,48,62,124,47,44,109" hai3="97,125,67,54,117,5,92,57,66,84,74,82,4"/><U119/><E119/><V83/><F130/><W38/><G74/><T68/><RYUUKYOKU type="yao9" ba="1,1" sc="222,0,156,0,380,0,232,0" hai0="0,6,35,37,41,45,68,95,106,116,120,123,129,133" /><INIT seed="5,2,1,0,2,130" ten="222,156,380,232" oya="1" hai0="67,17,5,35,11,53,97,18,54,76,44,26,87" hai1="75,30,85,33,64,29,133,69,82,108,43,79,48" hai2="72,89,13,56,100,12,78,63,125,40,124,119,7" hai3="90,113,117,39,22,34,94,102,59,83,60,8,55"/><U61/><E108/><V107/><F119/><W98/><G34/><T105/><D67/><U77/><E133/><V131/><F131/><W49/><G39/><T109/><D109/><U104/><E104/><V6/><F40/><W122/><G122/><T128/><D128/><U15/><E33/><V42/><F42/><W25/><G113/><T92/><D105/><U81/><REACH who="1" step="1"/><E15/><REACH who="1" ten="222,146,380,232" step="2"/><V126/><F13/><W106/><G106/><T37/><D35/><U120/><E120/><V0/><F12/><W93/><G117/><T65/><D26/><U47/><AGARI ba="2,2" hai="29,30,43,47,48,61,64,69,75,77,79,81,82,85" machi="47" ten="30,6000,0" yaku="1,1,0,1,53,1" doraHai="130" doraHaiUra="57" who="1" fromWho="1" sc="222,-22,146,86,380,-22,232,-22" /><INIT seed="5,3,0,2,5,5" ten="200,232,358,210" oya="1" hai0="36,100,84,25,0,104,119,51,43,93,71,110,118" hai1="82,33,102,31,103,125,56,132,116,76,59,47,107" hai2="23,30,41,73,32,129,40,55,66,68,17,52,37" hai3="21,111,90,35,14,97,9,57,121,130,29,38,122"/><U92/><E116/><V88/><F73/><W18/><G38/><T1/><D71/><U80/><E107/><V22/><F32/><W86/><G111/><T96/><D110/><U12/><E132/><V11/><F68/><W46/><G130/><T28/><D51/><U105/><E105/><V2/><F66/><W45/><G35/><N who="0" m="20879" /><D93/><U133/><E125/><V69/><F69/><W101/><G121/><T115/><D84/><U34/><E31/><V60/><F2/><N who="0" m="1130" /><D115/><U95/><E12/><N who="2" m="7327" /><F37/><W134/><G122/><T53/><D53/><N who="2" m="20554" /><F60/><W85/><G46/><AGARI ba="3,0" hai="36,43,46,96,100,104,118,119" m="1130,20879" machi="46" ten="30,1000,0" yaku="23,1" doraHai="5" who="0" fromWho="3" sc="200,19,232,0,358,0,210,-19" /><INIT seed="6,0,0,0,3,58" ten="219,232,358,191" oya="2" hai0="81,104,124,103,42,22,85,36,11,5,1,27,115" hai1="46,74,39,122,0,90,12,107,57,53,102,14,79" hai2="44,60,56,10,38,70,121,76,29,3,109,134,72" hai3="23,55,88,25,125,86,4,106,82,16,18,100,67"/><V45/><F121/><W26/><G125/><T84/><D115/><U93/><E0/><V95/><F70/><W108/><G108/><T7/><D7/><U66/><E122/><V50/><F109/><W20/><G67/><T52/><D124/><U2/><E2/><V33/><F72/><W111/><G111/><T21/><D103/><U117/><E117/><V83/><F134/><W123/><G123/><T80/><D104/><U8/><E107/><V118/><F95/><W71/><G71/><T15/><D1/><U129/><E129/><V101/><F101/><W96/><G55/><T69/><D69/><U31/><E31/><V24/><F38/><W110/><G110/><T73/><D73/><U94/><E66/><V47/><F10/><W131/><G4/><T120/><D42/><N who="1" m="22879" /><E8/><V17/><F17/><W35/><G35/><T112/><D36/><U30/><E30/><V132/><F132/><W116/><G116/><T64/><D64/><U97/><E79/><V61/><F3/><W19/><G19/><N who="0" m="12767" /><D21/><U49/><E74/><V78/><F78/><W9/><G9/><T6/><D6/><U114/><E114/><V128/><F118/><W43/><G43/><T92/><D112/><U48/><E48/><V34/><F34/><W119/><G119/><T130/><D120/><U133/><E133/><V89/><F76/><W75/><G75/><T41/><D41/><U59/><E59/><V62/><F56/><W77/><G77/><T68/><D68/><U105/><E105/><V28/><F33/><W127/><G127/><T13/><D11/><U51/><E51/><RYUUKYOKU ba="0,0" sc="219,-15,232,15,358,-15,191,15" hai1="12,14,49,53,57,90,93,94,97,102" hai3="16,18,20,23,25,26,82,86,88,96,100,106,131" /><INIT seed="7,1,0,5,4,108" ten="204,247,343,206" oya="3" hai0="52,58,29,9,128,98,26,100,133,97,47,117,38" hai1="118,8,55,6,121,1,3,27,86,125,17,11,66" hai2="10,116,80,16,0,7,22,105,57,89,19,30,49" hai3="53,41,115,61,32,14,2,42,35,110,106,39,119"/><W4/><G119/><T79/><D117/><U120/><E118/><V68/><F68/><W37/><G2/><T13/><D128/><U127/><E66/><V40/><F105/><W60/><G106/><T130/><D130/><U5/><E55/><V25/><F116/><W92/><G92/><T12/><D133/><U50/><E50/><V83/><F89/><W70/><G53/><T99/><D79/><U112/><E86/><V94/><F94/><W36/><G70/><T104/><D47/><U126/><E112/><V123/><F123/><W109/><G14/><T34/><D38/><U77/><E77/><V93/><F93/><W51/><G4/><T84/><D84/><U59/><E59/><V45/><F57/><W65/><G51/><T87/><D87/><U90/><E90/><V132/><F132/><W72/><G72/><T107/><D13/><U15/><E27/><V131/><REACH who="2" step="1"/><F131/><REACH who="2" ten="204,247,333,206" step="2"/><W122/><G122/><T103/><D104/><U43/><E120/><V44/><F44/><W114/><G37/><T18/><D103/><U46/><E121/><V111/><F111/><W64/><AGARI ba="1,1" hai="32,35,36,39,41,42,60,61,64,65,109,110,114,115" machi="64" ten="25,12000,1" yaku="0,1,22,2,52,2" doraHai="108" who="3" fromWho="3" sc="204,-41,247,-41,333,-41,206,133" owari="163,-34.0,206,-19.0,292,9.0,339,44.0" /></mjloggm>