<mjloggm ver="2.3"><GO type="169" lobby="0"/><UN n0="%E3%82%A6%E3%83%AB%E3%83%88%E3%83%A9%E7%AB%8B%E7%9B%B4" n1="%E7%99%BD%E9%B9%BF%E6%84%9B%E8%8E%89" n2="%E9%9B%BB%E6%B0%97%E5%B7%A5%E4%BA%8B%E5%B1%8B" n3="%E3%81%A1%E3%82%83%E3%82%93%E3%81%B2%E3%81%8D%E3%81%9E%E3%81%86" dan="18,17,16,16" rate="2210.10,2144.79,2057.57,2080.22" sx="M,F,M,M"/><TAIKYOKU oya="0"/><INIT seed="0,0,0,5,3,31" ten="250,250,250,250" oya="0" hai0="54,53,70,4,58,89,25,19,125,123,16,73,42" hai1="105,77,17,80,0,66,47,98,52,6,117,3,90" hai2="21,71,59,103,116,87,24,8,15,33,132,84,40" hai3="55,118,63,124,27,45,112,5,85,86,113,67,23"/><T127/><D70/><U32/><E117/><V34/><F71/><W94/><G118/><T28/><D123/><U131/><E66/><V2/><F2/><W65/><G124/><N who="0" m="47691" /><D73/><U135/><E131/><V96/><F132/><W36/><G5/><T74/><D74/><U12/><E6/><V109/><F109/><W72/><G72/><T126/><D126/><U22/><E135/><V129/><F129/><W130/><G130/><T95/><D42/><U92/><E105/><V93/><F40/><W119/><G36/><T128/><D4/><U106/><E106/><V76/><F59/><W38/><G38/><T110/><D110/><U57/><E47/><V134/><F134/><W64/><G119/><T35/><D128/><U68/><E32/><V115/><F115/><W62/><G113/><T99/><D54/><U104/><E104/><V50/><F116/><W49/><G112/><T60/><AGARI ba="0,0" hai="16,19,25,28,35,53,58,60,89,95,99" m="47691" machi="60" ten="30,6000,0" yaku="18,1,52,1,54,1" doraHai="31" who="0" fromWho="0" sc="250,60,250,-20,250,-20,250,-20" /><INIT seed="0,1,0,0,5,42" ten="310,230,230,230" oya="0" hai0="94,48,71,108,114,123,36,87,54,69,27,52,106" hai1="120,81,124,62,104,26,46,24,34,67,132,131,84" hai2="8,103,25,14,82,98,43,79,13,86,72,35,64" hai3="116,6,113,17,77,91,45,50,38,97,5,11,135"/><T112/><D106/><U130/><E120/><V121/><F121/><W57/><G113/><T2/><D2/><U76/><E104/><V83/><F64/><W70/><G70/><N who="0" m="26635" /><D87/><U37/><E132/><V109/><F109/><W58/><G116/><T39/><D94/><U110/><E110/><V128/><F128/><N who="1" m="49193" /><E34/><V22/><F35/><W89/><G135/><T51/><D27/><N who="1" m="10283" /><E124/><V85/><F72/><W41/><G77/><T23/><D23/><U107/><E107/><V31/><F43/><W7/><G38/><N who="0" m="14379" /><D108/><U60/><E67/><V19/><F14/><N who="3" m="7391" /><G91/><T66/><D66/><U80/><E81/><V12/><F12/><W129/><G129/><T55/><D123/><U49/><E37/><V126/><F103/><W90/><G89/><T4/><D4/><U63/><E63/><V32/><F32/><W68/><G90/><T28/><D28/><U44/><E44/><V92/><F31/><W0/><G45/><T105/><D105/><U100/><E100/><V78/><F79/><W101/><G6/><T127/><D127/><U30/><E30/><N who="2" m="17719" /><F126/><W1/><G101/><T134/><D134/><U75/><E75/><V96/><F92/><W99/><G0/><T117/><D117/><U65/><E65/><V122/><F122/><W56/><G68/><T73/><D73/><U47/><E47/><V16/><F19/><W119/><G119/><T3/><D3/><U118/><E118/><V74/><F74/><W115/><G5/><T20/><D20/><U59/><E46/><V88/><AGARI ba="1,0" hai="8,13,16,78,82,83,85,86,88,96,98" m="17719" machi="88" ten="30,4000,0" yaku="8,1,54,2" doraHai="42" who="2" fromWho="2" sc="310,-21,230,-11,230,43,230,-11" /><INIT seed="1,0,0,1,3,48" ten="289,219,273,219" oya="1" hai0="127,107,68,88,122,95,46,79,0,85,67,52,21" hai1="124,99,132,104,94,69,9,128,100,108,58,49,83" hai2="102,66,20,82,42,125,59,37,117,6,75,110,34" hai3="64,15,86,80,25,135,39,71,36,7,106,129,54"/><U92/><E69/><V31/><F117/><W116/><G116/><T134/><D0/><U90/><E128/><V43/><F37/><W78/><G129/><T97/><D127/><U72/><E124/><V93/><F125/><W70/><G135/><T8/><D134/><U10/><E132/><V76/><F34/><W61/><G106/><T74/><D122/><U28/><E28/><V105/><F6/><W89/><G71/><T118/><D8/><U40/><E108/><V51/><F105/><W29/><G78/><T33/><D33/><U84/><E40/><V130/><F110/><W96/><G96/><T123/><D118/><U35/><E35/><V14/><F31/><W26/><G26/><T24/><D67/><U103/><E103/><V98/><F66/><W4/><G4/><T87/><D68/><U112/><E112/><V13/><F13/><W32/><G7/><T45/><D123/><U131/><E131/><V109/><F109/><W77/><G15/><T16/><D107/><U17/><E17/><V60/><F60/><W121/><G121/><T113/><D113/><U5/><E72/><V41/><F130/><W23/><G32/><T133/><D133/><U57/><E9/><V2/><F2/><W3/><G3/><T115/><D115/><U63/><E49/><V81/><F75/><W111/><G111/><T27/><D27/><U91/><E63/><V126/><F126/><W53/><G77/><T47/><REACH who="0" step="1"/><D52/><REACH who="0" ten="279,219,273,219" step="2"/><N who="3" m="20073" /><G25/><T62/><D62/><U114/><E114/><V11/><F14/><W18/><G29/><T50/><D50/><U73/><E104/><RYUUKYOKU ba="0,1" sc="279,15,219,-15,273,-15,219,15" hai0="16,21,24,45,46,47,74,79,85,87,88,95,97" hai3="18,23,36,39,61,64,70,80,86,89" /><INIT seed="2,1,1,3,4,79" ten="294,204,258,234" oya="2" hai0="12,0,19,121,109,87,31,125,13,118,70,61,48" hai1="85,33,39,106,71,30,10,54,113,38,78,130,1" hai2="82,123,89,83,99,14,50,23,28,36,56,4,115" hai3="55,35,66,134,73,105,15,22,124,25,88,122,101"/><V126/><F123/><W132/><G122/><T84/><D121/><U129/><E113/><V131/><F115/><W40/><G124/><T53/><D0/><U29/><E106/><V18/><F36/><W94/><G35/><T20/><D31/><U43/><E71/><V110/><F126/><W103/><G73/><T116/><D12/><U117/><E117/><N who="0" m="45161" /><D109/><U98/><E98/><V128/><F110/><W52/><G40/><T64/><D125/><U21/><E33/><V86/><F4/><W47/><G66/><T60/><D60/><U6/><E54/><N who="3" m="20522" /><G105/><T96/><D96/><U97/><E97/><V41/><F99/><N who="3" m="57799" /><G15/><T133/><D133/><N who="3" m="51305" /><G47/><AGARI ba="1,1" hai="13,19,20,47,48,53,61,64,70,84,87" m="45161" machi="47" ten="30,1000,0" yaku="12,1" doraHai="79" who="0" fromWho="3" sc="294,23,204,0,258,0,234,-13" /><INIT seed="3,0,0,4,0,64" ten="317,204,258,221" oya="3" hai0="82,93,101,100,73,34,62,36,10,17,113,35,56" hai1="115,1,75,26,39,84,87,37,121,18,127,80,5" hai2="6,133,77,7,108,48,109,0,99,29,92,38,63" hai3="134,53,132,60,86,97,8,69,58,31,106,98,42"/><W102/><G31/><T44/><D113/><U81/><E115/><V59/><F38/><W71/><G42/><T125/><D125/><U9/><E121/><V88/><F77/><W111/><G111/><N who="2" m="42569" /><F133/><N who="3" m="51307" /><G86/><T66/><D93/><U79/><E127/><V13/><F29/><W116/><G116/><T61/><D101/><U33/><E75/><V95/><F48/><W91/><G8/><T57/><D100/><U104/><E104/><V24/><F92/><AGARI ba="0,0" hai="53,58,60,69,71,91,92,97,98,102,106" m="51307" machi="92" ten="30,5800,0" yaku="20,1,52,2" doraHai="64" who="3" fromWho="2" sc="317,0,204,0,258,-58,221,58" /><INIT seed="3,1,0,0,1,122" ten="317,204,200,279" oya="3" hai0="114,100,19,108,65,133,13,70,27,20,92,37,79" hai1="7,82,45,14,57,33,4,43,74,102,126,78,64" hai2="32,58,113,106,97,87,131,62,9,22,81,119,0" hai3="31,85,117,98,88,51,86,89,104,94,103,42,132"/><W54/><G132/><T16/><D37/><U38/><E33/><V118/><F113/><W124/><G124/><T40/><D40/><U96/><E126/><V55/><F131/><W49/><G117/><T91/><D100/><U21/><E21/><V15/><F32/><W29/><G42/><T24/><D79/><U134/><E134/><V66/><F0/><W61/><G61/><T95/><D133/><U120/><E120/><V41/><F41/><W17/><G17/><T10/><D114/><U36/><E36/><V84/><F84/><W60/><G60/><T35/><D70/><U123/><E123/><V135/><F135/><W5/><G5/><T127/><D65/><U125/><E125/><V28/><F66/><W6/><G6/><T26/><D127/><U110/><E110/><V34/><F34/><W68/><G68/><T93/><D108/><U105/><E14/><V12/><F106/><W99/><G51/><T8/><D8/><U109/><E109/><V56/><F58/><W39/><G39/><T128/><D128/><U83/><REACH who="1" step="1"/><E82/><REACH who="1" ten="317,194,200,279" step="2"/><V80/><F80/><W71/><G31/><T44/><D35/><U121/><E121/><V76/><F119/><W115/><G29/><T130/><D130/><U67/><E67/><V116/><F116/><W53/><G115/><T73/><D20/><U90/><E90/><V50/><F118/><W112/><G112/><T25/><D91/><U2/><E2/><V23/><F23/><W111/><G111/><T3/><D3/><U52/><E52/><V30/><F55/><W11/><G54/><T48/><D13/><RYUUKYOKU ba="1,1" sc="317,-10,194,30,200,-10,279,-10" hai1="4,7,38,43,45,57,64,74,78,83,96,102,105" /><INIT seed="4,2,1,1,4,94" ten="307,224,190,269" oya="0" hai0="2,120,14,82,105,49,63,109,130,97,29,46,118" hai1="40,6,39,96,129,119,75,126,83,23,43,89,32" hai2="131,56,54,123,21,51,79,0,112,101,34,71,12" hai3="61,87,98,91,16,106,15,72,31,9,53,116,88"/><T86/><D118/><U58/><E119/><V36/><F123/><W133/><G116/><T42/><D120/><U55/><E32/><V114/><F71/><W121/><G121/><T10/><D130/><U117/><E117/><V99/><F34/><W30/><G72/><T17/><D109/><U20/><E129/><V60/><F36/><W7/><G133/><T115/><D115/><N who="2" m="44074" /><F79/><W76/><G76/><T28/><D2/><U90/><E6/><V128/><F0/><W69/><G7/><T11/><D11/><U33/><E33/><V111/><F111/><W125/><G125/><T77/><REACH who="0" step="1"/><D63/><REACH who="0" ten="297,224,190,269" step="2"/><U3/><E3/><V102/><F60/><W26/><G61/><T70/><D70/><U132/><E126/><V35/><F128/><W100/><G69/><T4/><D4/><U84/><E132/><V25/><F131/><W80/><G9/><T44/><D44/><U62/><E75/><V81/><F81/><W104/><G80/><T64/><D64/><U107/><E62/><V57/><F57/><W127/><G127/><T1/><D1/><U108/><E58/><V85/><F56/><W78/><G31/><T22/><D22/><U103/><E20/><V18/><F21/><W50/><G30/><T8/><D8/><U24/><E108/><V110/><F110/><W113/><G113/><T92/><D92/><U38/><E23/><N who="2" m="11719" /><F35/><W67/><G67/><T37/><D37/><U68/><E68/><V19/><F19/><W27/><G16/><T48/><D48/><U134/><E134/><V135/><F135/><W41/><G50/><T122/><D122/><RYUUKYOKU ba="2,2" sc="297,30,224,-10,190,-10,269,-10" hai0="10,14,17,28,29,42,46,49,77,82,86,97,105" /><INIT seed="4,3,2,0,2,6" ten="327,214,180,259" oya="0" hai0="112,42,111,125,104,43,18,126,118,64,8,32,26" hai1="71,95,131,51,129,133,87,35,74,130,110,80,123" hai2="66,15,38,21,102,107,63,29,98,54,92,47,39" hai3="114,73,49,115,81,103,108,85,99,31,5,68,65"/><T132/><D104/><U17/><E71/><V30/><F54/><W60/><G108/><T82/><D118/><U36/><E36/><V76/><F76/><W79/><G31/><N who="0" m="19575" /><D64/><U12/><E110/><V128/><F128/><W61/><G61/><T37/><D37/><U58/><E123/><V41/><F107/><W9/><G49/><T88/><D111/><U3/><E3/><V11/><F21/><W14/><REACH who="3" step="1"/><G73/><REACH who="3" ten="327,214,180,249" step="2"/><T16/><D43/><U52/><E74/><V91/><F39/><W1/><G1/><T40/><D42/><U7/><E130/><V100/><F30/><W45/><G45/><T96/><D40/><U124/><E131/><V90/><F29/><W105/><AGARI ba="3,3" hai="5,9,14,60,65,68,79,81,85,99,103,105,114,115" machi="105" ten="30,4000,0" yaku="1,1,0,1,52,1,53,0" doraHai="6" doraHaiUra="121" who="3" fromWho="3" sc="327,-23,214,-13,180,-13,249,79" /><INIT seed="5,0,0,2,1,12" ten="304,201,167,328" oya="1" hai0="79,131,128,67,106,53,47,113,134,0,10,75,95" hai1="74,58,81,123,54,78,90,119,77,5,107,62,46" hai2="32,49,28,11,114,122,99,25,44,93,45,29,33" hai3="39,126,125,97,42,60,61,72,36,117,35,71,104"/><U56/><E119/><V2/><F122/><W52/><G72/><T111/><D106/><U68/><E123/><V96/><F114/><W120/><G120/><T76/><D111/><U121/><E121/><V69/><F69/><W57/><G35/><T7/><D134/><U21/><E107/><V83/><F83/><W9/><G9/><T66/><D113/><U129/><E129/><N who="0" m="49737" /><D95/><U31/><E68/><V51/><F2/><W135/><G135/><T112/><D112/><U4/><E46/><V16/><F93/><W73/><G73/><T65/><D75/><U98/><E78/><V103/><F103/><W6/><G6/><T70/><D70/><U127/><E127/><N who="3" m="48650" /><G117/><T22/><D22/><U132/><E132/><V94/><F94/><W34/><G34/><T59/><D47/><N who="2" m="17994" /><F33/><W118/><G118/><T89/><D89/><U88/><E98/><N who="2" m="37419" /><F32/><W17/><G42/><T124/><D124/><U18/><E31/><N who="2" m="11851" /><F11/><W86/><G97/><T24/><D24/><U3/><E3/><V55/><F55/><W85/><G104/><T20/><D20/><AGARI ba="0,0" hai="16,20,25,49,51" m="11851,37419,17994" machi="20" ten="30,3900,0" yaku="8,1,52,1,54,1" doraHai="12" who="2" fromWho="0" sc="304,-39,201,0,167,39,328,0" /><INIT seed="6,0,0,2,4,51" ten="265,201,206,328" oya="2" hai0="5,31,115,27,63,72,104,14,76,1,19,22,131" hai1="32,133,70,73,102,97,39,107,100,93,99,82,40" hai2="43,118,64,84,49,116,121,24,101,98,109,94,2" hai3="80,77,117,52,35,16,89,3,128,92,90,18,124"/><V15/><F121/><W8/><G117/><T123/><D104/><U41/><E133/><V127/><F2/><W21/><G35/><T12/><D123/><U105/><E70/><V37/><F37/><W130/><G124/><T54/><D115/><U88/><E32/><V11/><F127/><W57/><G3/><T4/><D131/><N who="3" m="50217" /><G8/><T85/><D72/><U67/><E67/><V125/><F125/><W61/><G92/><T134/><D1/><U119/><E39/><V38/><F38/><W74/><G18/><T71/><D71/><U110/><E110/><V48/><F64/><W28/><G28/><T23/><D14/><AGARI ba="0,0" hai="14,16,21,52,57,61,74,77,80,89,90" m="50217" machi="14" ten="30,7700,0" yaku="19,1,52,1,54,2" doraHai="51" who="3" fromWho="0" sc="265,-77,201,0,206,0,328,77" /><INIT seed="7,0,0,0,4,45" ten="188,201,206,405" oya="3" hai0="2,13,106,36,118,121,117,20,32,132,57,131,39" hai1="67,37,77,130,29,26,58,102,25,24,124,65,62" hai2="125,11,126,90,71,76,133,89,50,46,35,56,111" hai3="97,28,112,59,74,23,31,44,100,49,115,22,55"/><W113/><G74/><T95/><D106/><U91/><E37/><V5/><F71/><W127/><G127/><N who="2" m="48649" /><F35/><W9/><G9/><T60/><D2/><U75/><E124/><V17/><F133/><W48/><G23/><T135/><D32/><U18/><E102/><V104/><F104/><N who="3" m="63503" /><G22/><T47/><D121/><U51/><E130/><V68/><F68/><W119/><G119/><N who="0" m="45579" /><D95/><U61/><E18/><V114/><F76/><W83/><G83/><T40/><D13/><U69/><E91/><N who="2" m="34827" /><F111/><W73/><G73/><T120/><D20/><U92/><E51/><V134/><F134/><N who="0" m="51242" /><D120/><U81/><REACH who="1" step="1"/><E92/><REACH who="1" ten="188,191,206,405" step="2"/><V87/><F50/><W8/><G49/><N who="0" m="26855" /><D131/><U52/><E52/><AGARI ba="0,1" hai="36,39,52,57,60" m="26855,51242,45579" machi="52" ten="30,8000,1" yaku="20,1,34,2,52,1,54,1" doraHai="45" who="0" fromWho="1" sc="188,90,191,-80,206,0,405,0" owari="278,8.0,111,-39.0,206,-19.0,405,50.0" /></mjloggm>