<mjloggm ver="2.3"><GO type="169" lobby="0"/><UN n0="%E3%82%A6%E3%83%AB%E3%83%88%E3%83%A9%E7%AB%8B%E7%9B%B4" n1="%E3%83%8B%E3%83%A3%E3%83%83%E3%83%94%E3%83%BC%E5%A4%8F%E7%9B%AE" n2="%73%69%6E%73%69%73%74" n3="%44%26%46" dan="18,16,18,16" rate="2221.57,2129.72,2149.36,2150.04" sx="M,M,M,M"/><TAIKYOKU oya="0"/><INIT seed="0,0,0,2,4,107" ten="250,250,250,250" oya="0" hai0="32,134,16,110,53,10,2,88,126,46,43,111,98" hai1="116,45,9,20,21,130,119,97,42,105,70,96,18" hai2="123,28,83,51,36,93,95,131,39,52,35,92,103" hai3="122,132,73,133,6,65,14,104,50,102,68,40,115"/><T56/><D32/><U11/><E70/><V47/><F123/><W48/><G115/><T54/><D126/><U1/><E130/><V109/><F131/><W77/><G122/><T80/><D134/><U99/><E105/><V29/><F109/><N who="0" m="41482" /><D56/><U15/><E21/><V13/><F103/><W25/><G14/><N who="0" m="7255" /><D2/><U62/><E62/><V94/><F35/><W5/><G5/><T4/><D4/><U58/><E58/><V76/><F13/><W64/><G6/><T71/><D71/><U34/><E34/><V128/><F128/><W8/><G8/><T19/><D19/><U100/><E1/><V37/><N who="2" m="23552" /><DORA hai="75" /><V113/><REACH who="2" step="1"/><F113/><REACH who="2" ten="250,250,240,250" step="2"/><W67/><G133/><T69/><D98/><U63/><E100/><V41/><F41/><W135/><G40/><T7/><D7/><U85/><E99/><V89/><F89/><W87/><G132/><T12/><D12/><U22/><E97/><V91/><F91/><W81/><G135/><T74/><D69/><U120/><E96/><V114/><F114/><W129/><G68/><T79/><D88/><U26/><E15/><V38/><N who="2" m="9216" /><DORA hai="84" /><V59/><F59/><W90/><G90/><T0/><D0/><U82/><E120/><V31/><F31/><W61/><G102/><T108/><D108/><U118/><E118/><V78/><F78/><W3/><G3/><T60/><D60/><U127/><E63/><V125/><F125/><W24/><G61/><T124/><D124/><U106/><E127/><V112/><F112/><W86/><G129/><T117/><D117/><U33/><E119/><V23/><F23/><RYUUKYOKU ba="0,1" sc="250,15,250,-15,240,15,250,-15" hai0="43,46,53,54,74,79,80" hai2="28,29,47,51,52,76,83" /><INIT seed="0,1,1,0,5,128" ten="265,235,255,235" oya="0" hai0="70,35,30,4,60,32,135,100,57,124,95,31,61" hai1="8,13,131,50,119,41,67,15,9,27,94,3,123" hai2="90,126,76,110,84,89,40,52,72,118,87,28,11" hai3="14,64,127,43,65,6,104,105,53,117,134,130,75"/><T82/><D4/><U102/><E119/><V73/><F118/><W59/><G117/><T112/><D112/><U103/><E123/><V49/><F110/><W46/><G130/><T116/><D116/><U5/><E131/><V25/><F126/><W22/><G75/><T132/><D124/><U133/><E133/><N who="0" m="51273" /><D82/><U96/><E67/><V0/><F40/><W81/><G127/><T78/><D78/><U21/><E102/><V93/><F76/><W66/><G81/><T71/><D100/><U114/><E114/><V44/><F11/><W98/><G134/><T17/><D17/><U101/><E101/><V88/><F0/><W19/><G6/><T120/><D120/><U1/><E1/><V109/><F109/><W80/><G80/><T58/><D95/><U106/><E106/><V69/><F93/><W122/><G122/><T121/><D121/><U79/><E79/><V129/><F129/><W108/><G108/><T107/><D107/><U33/><E3/><V63/><F72/><W74/><G74/><T68/><D58/><U97/><E94/><V115/><F73/><W47/><G104/><T38/><D38/><U39/><E39/><V111/><F115/><W26/><G105/><T56/><D57/><U54/><E103/><V36/><F36/><W24/><G59/><T2/><D2/><U45/><E5/><V85/><F111/><W29/><G19/><T83/><D83/><U113/><E113/><V55/><F89/><W62/><G29/><N who="0" m="10763" /><D56/><U12/><E50/><V125/><F125/><W37/><G37/><T51/><D51/><U86/><E33/><AGARI ba="1,1" hai="32,33,35,60,61,68,70,71" m="10763,51273" machi="33" ten="40,18000,2" yaku="6,1,28,2,20,1,52,3" doraHai="128" who="0" fromWho="1" sc="265,193,235,-183,255,0,235,0" /><INIT seed="0,2,0,3,2,53" ten="458,52,255,235" oya="0" hai0="43,89,31,16,92,61,113,110,95,51,99,112,36" hai1="100,122,135,64,57,105,47,27,116,94,86,30,130" hai2="70,97,42,127,19,35,26,120,32,24,38,101,131" hai3="44,132,67,76,68,4,46,96,20,15,123,62,98"/><T93/><D36/><U33/><E116/><V71/><F120/><W2/><G123/><T9/><D31/><U102/><E122/><V129/><F42/><W73/><G2/><T107/><D110/><U82/><E135/><V0/><F38/><W80/><G132/><T81/><D61/><U117/><E117/><V11/><F127/><W40/><G46/><T124/><D124/><U45/><E130/><N who="2" m="49675" /><F24/><W8/><REACH who="3" step="1"/><G20/><REACH who="3" ten="458,52,255,225" step="2"/><T12/><D113/><U54/><E33/><V103/><F32/><W133/><G133/><T50/><D112/><U118/><E118/><V75/><F0/><W104/><G104/><T84/><D107/><U63/><E105/><V49/><F35/><W91/><G91/><T37/><D37/><AGARI ba="2,1" hai="4,8,15,37,40,44,62,67,68,73,76,80,96,98" machi="37" ten="30,2000,0" yaku="1,1,7,1,53,0" doraHai="53" doraHaiUra="87" who="3" fromWho="0" sc="458,-26,52,0,255,0,225,36" /><INIT seed="1,0,0,4,0,15" ten="432,52,255,261" oya="1" hai0="75,116,1,100,103,98,73,6,32,12,81,21,39" hai1="88,115,60,56,58,11,71,93,99,37,59,64,123" hai2="112,25,117,121,42,18,78,55,22,113,97,20,38" hai3="95,57,46,108,87,19,110,40,5,124,48,104,109"/><U61/><E115/><N who="2" m="44107" /><F117/><W31/><G104/><T85/><D32/><U70/><E123/><V76/><F121/><W62/><G124/><T84/><D39/><U9/><REACH who="1" step="1"/><E37/><REACH who="1" ten="432,42,255,261" step="2"/><V129/><F38/><W3/><G108/><T65/><D116/><U47/><E47/><V106/><F129/><W80/><G109/><T33/><D75/><U43/><E43/><V13/><F42/><W120/><G110/><T72/><D73/><U126/><E126/><V102/><F55/><W8/><G120/><T26/><D72/><U54/><E54/><V130/><F130/><W36/><G36/><T52/><D52/><U17/><E17/><AGARI ba="0,1" hai="13,17,18,20,22,25,76,78,97,102,106" m="44107" machi="17" ten="30,3900,0" yaku="11,1,52,2" doraHai="15" who="2" fromWho="1" sc="432,0,42,-39,255,49,261,0" /><INIT seed="2,0,0,5,1,38" ten="432,3,304,261" oya="2" hai0="19,10,35,115,104,125,129,63,62,84,68,93,131" hai1="101,7,20,59,135,42,53,89,56,23,130,112,0" hai2="133,46,80,105,21,3,76,57,120,4,77,32,119" hai3="24,37,58,113,31,27,49,29,123,97,132,45,39"/><V66/><F119/><W118/><G123/><T121/><D35/><U41/><E112/><V99/><F120/><W83/><G118/><T14/><D104/><U73/><E73/><V122/><F32/><W90/><G132/><T69/><D115/><U47/><E135/><V65/><F133/><W95/><G113/><T108/><D108/><U51/><E130/><N who="0" m="49673" /><D125/><U34/><E34/><V85/><F122/><W92/><G39/><T40/><D40/><N who="1" m="15467" /><E0/><V55/><F46/><W103/><G37/><T11/><D121/><U43/><E7/><V128/><F128/><W2/><G2/><T52/><D10/><U72/><E72/><V70/><F70/><N who="0" m="27242" /><D52/><U110/><E110/><V12/><F3/><W22/><G83/><T50/><D50/><N who="1" m="30775" /><E101/><V33/><F33/><W36/><G36/><T30/><D30/><U86/><E59/><V126/><F126/><W91/><G58/><T54/><D54/><U6/><E6/><V109/><F109/><W61/><G103/><T88/><AGARI ba="0,0" hai="11,14,19,62,63,84,88,93" m="27242,49673" machi="88" ten="40,2700,0" yaku="19,1,54,1" doraHai="38" who="0" fromWho="0" sc="432,27,3,-7,304,-13,261,-7" owari="459,56.0,-4,-50.0,291,9.0,254,-15.0" /></mjloggm>