<mjloggm ver="2.3"><GO type="169" lobby="0"/><UN n0="%E3%83%90%E3%83%83%E3%83%8F" n1="%E3%81%8F%E3%81%86%E3%81%9F%E3%82%8D" n2="%E3%81%8F%E3%82%8D%E3%81%AF%E3%81%A1" n3="%E3%83%88%E3%83%88%E3%83%AA%E5%85%88%E7%94%9F%31%39%E6%AD%B3" dan="16,17,17,18" rate="2065.59,2197.44,2159.36,2269.31" sx="M,M,M,F"/><TAIKYOKU oya="0"/><INIT seed="0,0,0,4,0,104" ten="250,250,250,250" oya="0" hai0="8,20,34,126,73,26,77,75,6,62,89,117,99" hai1="109,57,68,45,49,100,31,119,1,33,103,16,124" hai2="10,69,80,113,76,39,91,3,112,105,24,66,123" hai3="111,133,128,58,14,86,22,81,2,50,63,29,118"/><T35/><D77/><U122/><E119/><V60/><F91/><W101/><G2/><T96/><D117/><U4/><E122/><V54/><F123/><W114/><G118/><T32/><D126/><U53/><E68/><V15/><F105/><W41/><G114/><T129/><D129/><U74/><E109/><V7/><F39/><W67/><G111/><T134/><D62/><U115/><E115/><V46/><F24/><W65/><G128/><T106/><D99/><U92/><E74/><V51/><REACH who="2" step="1"/><F3/><REACH who="2" ten="250,250,240,250" step="2"/><W0/><G0/><T25/><D25/><U9/><E1/><V120/><F120/><W43/><G101/><T44/><D134/><U59/><E103/><V97/><F97/><W127/><G133/><T88/><D106/><U72/><E100/><V78/><F78/><W93/><G127/><T48/><D96/><U56/><E124/><V64/><F64/><W110/><G67/><T79/><D79/><U37/><E37/><V12/><F12/><W38/><G38/><T85/><D89/><U135/><E135/><V131/><F131/><W125/><G125/><T87/><D87/><AGARI ba="0,1" hai="7,10,15,46,51,54,60,66,69,76,80,87,112,113" machi="87" ten="30,2000,0" yaku="1,1,7,1,53,0" doraHai="104" doraHaiUra="17" who="2" fromWho="0" sc="250,-20,250,0,240,30,250,0" /><INIT seed="1,0,0,5,4,24" ten="230,250,270,250" oya="1" hai0="108,92,54,49,120,44,119,66,91,78,16,25,105" hai1="13,83,72,15,69,61,60,98,43,17,129,104,38" hai2="102,21,34,42,93,115,5,122,81,50,14,90,113" hai3="74,73,27,84,32,75,59,8,39,23,46,26,124"/><U4/><E129/><V11/><F34/><W2/><G124/><T117/><D105/><U127/><E127/><V70/><F122/><W116/><G116/><T63/><D108/><U76/><E69/><V111/><F70/><W48/><G39/><T79/><D120/><U29/><E29/><V95/><F111/><W85/><G59/><N who="0" m="37247" /><D117/><U99/><E4/><V45/><F21/><W110/><G110/><T130/><D130/><U86/><E38/><V97/><REACH who="2" step="1"/><F81/><REACH who="2" ten="230,250,260,250" step="2"/><W36/><G23/><N who="0" m="13543" /><D119/><U10/><E10/><V128/><F128/><W96/><G32/><T118/><D118/><U80/><E80/><V30/><F30/><W88/><G8/><T131/><D131/><U41/><E83/><V58/><F58/><W52/><G2/><T82/><D82/><U12/><E72/><V62/><F62/><W0/><G0/><T68/><D68/><U35/><E61/><V77/><F77/><W18/><G74/><T121/><D121/><U65/><E60/><V109/><F109/><W106/><G73/><T126/><D126/><U9/><E76/><V20/><F20/><W135/><G75/><T125/><D125/><U89/><E35/><V114/><F114/><W71/><G71/><T57/><D57/><U56/><E56/><V6/><F6/><W67/><G18/><T40/><D40/><U107/><E41/><V112/><F112/><W19/><G19/><T64/><D64/><U37/><E65/><V31/><F31/><W33/><G67/><T94/><D94/><N who="1" m="54583" /><E17/><V51/><F51/><W7/><G33/><T100/><D78/><U101/><E43/><RYUUKYOKU ba="0,1" sc="230,-10,250,-10,260,30,250,-10" hai2="5,11,14,42,45,50,90,93,95,97,102,113,115" /><INIT seed="2,1,1,1,2,104" ten="220,240,290,240" oya="2" hai0="82,81,19,34,118,45,78,50,16,25,15,86,116" hai1="68,5,129,88,10,64,89,59,128,60,79,4,3" hai2="80,94,58,111,1,125,98,18,36,95,117,77,109" hai3="22,106,105,42,28,103,33,66,69,27,112,99,14"/><V39/><F117/><W133/><G133/><T131/><D131/><N who="1" m="50251" /><E79/><V74/><F1/><W54/><G112/><T130/><D130/><U32/><E32/><V7/><F7/><W75/><G106/><T43/><D34/><U96/><E5/><V87/><F125/><W61/><G42/><T52/><D25/><U24/><E24/><V53/><F18/><N who="3" m="10583" /><G54/><T21/><D19/><U56/><E96/><V20/><F20/><W26/><G26/><T30/><D30/><U121/><E121/><V63/><F87/><W62/><G62/><T70/><D70/><U119/><E119/><N who="0" m="45609" /><D82/><U13/><E13/><V48/><F63/><W71/><G71/><T134/><D134/><U124/><E124/><V91/><REACH who="2" step="1"/><F94/><REACH who="2" ten="220,240,280,240" step="2"/><W49/><G61/><T107/><D107/><U31/><E31/><V38/><AGARI ba="1,2" hai="36,38,39,48,53,58,74,77,80,91,95,98,109,111" machi="38" ten="40,12000,1" yaku="1,1,2,1,0,1,52,1,53,1" doraHai="104" doraHaiUra="90" who="2" fromWho="2" sc="220,-41,240,-41,280,143,240,-41" /><INIT seed="2,2,0,3,3,33" ten="179,199,423,199" oya="2" hai0="105,125,80,49,111,88,46,40,92,12,126,64,42" hai1="104,70,7,114,62,3,83,98,45,8,34,22,86" hai2="19,24,36,100,59,135,37,77,26,91,94,120,44" hai3="63,122,65,15,107,73,128,18,84,124,127,121,23"/><V39/><F120/><W95/><G73/><T32/><D32/><U27/><E114/><V118/><F118/><W6/><G107/><T101/><D80/><U30/><E45/><V14/><F135/><W54/><G128/><T76/><D76/><U113/><E113/><V50/><F100/><W78/><G54/><T93/><D105/><U97/><E104/><V116/><F77/><W74/><G74/><T130/><D130/><U129/><E129/><V79/><F79/><W56/><G6/><T117/><D64/><U82/><E82/><V28/><F116/><W61/><G61/><T134/><D134/><U96/><E34/><V1/><F28/><W25/><G25/><T112/><D112/><U0/><E62/><V66/><F66/><W115/><G115/><T99/><D12/><U133/><E70/><V38/><F38/><W90/><REACH who="3" step="1"/><G78/><REACH who="3" ten="179,199,423,189" step="2"/><T109/><D117/><U123/><E133/><V4/><F24/><W81/><G81/><T103/><D93/><U52/><E52/><V71/><F26/><W11/><G11/><T67/><D67/><U48/><E83/><V131/><F131/><W29/><G29/><T47/><D42/><U57/><E8/><V108/><F4/><W60/><G60/><T31/><D31/><U5/><E5/><V10/><F10/><W132/><G132/><T87/><D40/><U89/><E7/><V102/><F94/><W35/><G35/><T85/><D47/><U58/><E30/><V119/><F44/><W43/><G43/><T69/><D46/><U20/><E27/><V41/><F41/><W53/><G53/><RYUUKYOKU ba="2,1" sc="179,-10,199,-10,423,-10,189,30" hai3="15,18,23,56,63,65,84,90,95,121,122,124,127" /><INIT seed="3,3,1,0,5,58" ten="169,189,413,219" oya="3" hai0="115,20,131,30,77,84,6,81,65,9,106,51,110" hai1="113,5,97,67,12,126,37,4,127,119,125,72,89" hai2="76,130,1,74,64,19,86,134,8,88,25,10,13" hai3="32,78,3,40,122,29,48,95,129,50,44,62,100"/><W75/><G122/><T63/><D106/><U92/><E113/><V82/><F130/><W60/><G129/><T39/><D39/><U68/><E37/><V42/><F134/><W34/><G3/><T52/><D131/><U103/><E119/><V118/><F118/><W93/><G75/><T114/><D110/><U0/><E72/><V90/><F42/><W128/><G128/><T18/><D30/><U109/><E109/><V33/><F74/><W21/><G78/><T49/><D51/><U11/><E103/><V107/><F107/><W31/><G21/><T28/><D28/><N who="3" m="10825" /><G34/><T120/><D120/><U94/><E94/><N who="3" m="35850" /><G32/><T79/><D79/><U55/><E55/><V66/><F33/><W56/><G100/><T36/><D36/><U22/><E22/><N who="2" m="13535" /><F1/><W61/><G50/><T112/><D20/><U54/><E0/><V87/><F8/><W123/><G123/><T133/><D133/><U70/><E70/><V41/><F41/><W26/><G26/><T47/><D18/><U102/><E102/><V91/><F86/><W16/><G16/><AGARI ba="3,1" hai="10,13,16,64,66,76,82,87,88,90,91" m="13535" machi="16" ten="30,3900,0" yaku="8,1,54,2" doraHai="58" who="2" fromWho="3" sc="169,0,189,0,413,58,219,-48" /><INIT seed="4,0,0,1,1,72" ten="169,189,471,171" oya="0" hai0="96,57,110,120,80,33,133,32,108,93,119,14,15" hai1="112,29,46,126,37,41,70,129,24,83,55,85,79" hai2="7,5,89,31,69,88,91,90,20,114,94,92,68" hai3="134,56,11,121,16,9,117,66,106,39,73,42,63"/><T54/><D119/><U17/><E126/><V49/><F114/><W61/><G117/><T109/><D120/><U2/><E129/><V76/><F68/><W95/><G106/><T4/><D80/><U104/><E104/><V103/><F69/><W38/><G73/><T44/><D44/><U113/><E70/><V36/><F36/><W23/><G134/><T12/><D4/><U74/><E2/><V58/><F76/><W48/><G121/><T6/><D6/><U52/><E17/><V34/><F34/><W99/><G61/><T125/><D133/><U101/><E101/><V87/><F31/><W118/><G118/><T131/><D131/><U84/><E84/><V8/><F20/><W86/><G86/><T98/><D125/><U82/><E82/><V122/><F8/><W100/><G38/><T105/><D105/><U115/><E74/><V128/><F122/><W40/><G39/><T64/><D64/><U67/><E67/><V81/><F128/><W35/><G35/><AGARI ba="0,0" hai="24,29,35,37,41,46,52,55,79,83,85,112,113,115" machi="35" ten="40,8000,1" yaku="15,1,11,1,52,1,54,1" doraHai="72" who="1" fromWho="3" sc="169,0,189,80,471,0,171,-80" /><INIT seed="5,0,0,3,2,89" ten="169,269,471,91" oya="1" hai0="22,105,128,5,124,78,13,80,107,120,95,15,1" hai1="34,77,44,102,8,23,93,104,41,99,59,88,135" hai2="61,32,63,96,126,57,75,4,49,103,64,71,56" hai3="60,131,16,37,125,51,100,73,38,74,113,92,66"/><U122/><E122/><V6/><F75/><W118/><G113/><T17/><D120/><U91/><E34/><V55/><F32/><W28/><G131/><T115/><D128/><U33/><E33/><V129/><F126/><W111/><G111/><T50/><D1/><U76/><E135/><V79/><F79/><W108/><G28/><T87/><D115/><U134/><E91/><V9/><F9/><W132/><G108/><T47/><D124/><U133/><E59/><V67/><F129/><W94/><G125/><T62/><D62/><U35/><E35/><V7/><F7/><W90/><G132/><N who="1" m="50794" /><E23/><V127/><F127/><W109/><G109/><T54/><D95/><AGARI ba="0,0" hai="4,6,49,55,56,57,61,63,64,67,71,95,96,103" machi="95" ten="30,2000,0" yaku="7,1,52,1" doraHai="89" who="2" fromWho="0" sc="169,-20,269,0,471,20,91,0" /><INIT seed="6,0,0,5,5,132" ten="149,269,491,91" oya="2" hai0="83,13,29,42,28,20,100,12,73,36,1,92,77" hai1="81,47,57,15,93,51,108,112,16,91,38,101,3" hai2="110,133,18,131,89,5,111,126,8,124,64,19,96" hai3="14,46,69,24,71,84,10,70,59,34,119,2,90"/><V53/><F133/><W55/><G119/><T79/><D1/><U44/><E108/><N who="2" m="41515" /><F64/><W32/><G2/><T11/><D79/><U121/><E38/><V27/><F131/><W78/><G78/><T26/><D29/><U37/><E101/><V72/><F72/><W114/><G24/><T99/><D42/><U76/><E57/><V98/><F53/><W35/><G114/><T30/><D36/><U43/><E15/><N who="2" m="5519" /><F89/><W68/><N who="3" m="17408" /><DORA hai="63" /><W56/><G46/><T82/><D30/><U122/><E47/><V103/><F96/><W95/><REACH who="3" step="1"/><G55/><REACH who="3" ten="149,269,491,81" step="2"/><T66/><D66/><U129/><E76/><V58/><F27/><W41/><G41/><T105/><D11/><U127/><E44/><V75/><F58/><W50/><G50/><T128/><D128/><U67/><E51/><V23/><F75/><W25/><G25/><T80/><D12/><U6/><E3/><V52/><F52/><W74/><G74/><T22/><D13/><U134/><E43/><V86/><F23/><W17/><AGARI ba="0,1" hai="10,14,17,32,34,35,56,59,84,90,95" m="17408" machi="17" ten="70,4700,0" yaku="1,1,0,1,53,0" doraHai="132,63" doraHaiUra="120,94" who="3" fromWho="3" sc="149,-12,269,-12,491,-23,81,57" /><INIT seed="7,0,0,0,1,101" ten="137,257,468,138" oya="3" hai0="18,65,59,89,19,119,9,76,30,104,109,127,111" hai1="74,85,106,73,11,54,86,14,87,55,79,44,103" hai2="20,27,112,23,93,118,50,117,94,114,98,57,28" hai3="47,16,61,120,128,15,90,25,64,0,13,22,36"/><W115/><G120/><T2/><D119/><U105/><E103/><V63/><F50/><W125/><G0/><T130/><D76/><U17/><E79/><V102/><F93/><W45/><G115/><N who="2" m="44073" /><F20/><W113/><G113/><T134/><D89/><U33/><E17/><N who="0" m="6153" /><D59/><U91/><E85/><V132/><F132/><W37/><G128/><T107/><D65/><AGARI ba="0,0" hai="23,27,28,57,63,65,94,98,102,117,118" m="44073" machi="65" ten="30,2000,0" yaku="25,1,15,1" doraHai="101" who="2" fromWho="0" sc="137,-20,257,0,468,20,138,0" owari="117,-38.0,257,6.0,488,58.0,138,-26.0" /></mjloggm>