<mjloggm ver="2.3"><GO type="169" lobby="0"/><UN n0="%E2%91%A3%E3%82%BB%E3%83%B3%E3%83%81" n1="%6D%69%6E%61%72%63%68%79" n2="%E5%B0%B1%E6%B4%BB%E7%94%9F%40%E5%B7%9D%E6%9D%91%E8%BB%8D%E5%9B%A3" n3="%E5%81%BD%E5%96%84%E8%80%85%E9%AB%98%E6%A9%8B%E3%81%BF%E3%81%AA%E3%81%BF" dan="16,16,19,17" rate="2108.24,2130.31,2319.72,2143.44" sx="M,M,M,M"/><TAIKYOKU oya="0"/><INIT seed="0,0,0,5,5,88" ten="250,250,250,250" oya="0" hai0="46,95,103,21,43,71,123,129,50,110,51,86,65" hai1="22,9,108,10,34,11,121,59,109,72,29,82,1" hai2="19,45,127,44,135,92,124,7,62,94,26,107,118" hai3="119,80,47,52,38,101,102,85,5,77,24,48,75"/><T67/><D123/><U130/><E72/><V69/><F107/><W99/><G119/><T111/><D129/><U20/><E82/><V16/><F7/><W0/><G38/><T32/><D32/><U66/><E66/><N who="2" m="41175" /><F135/><W90/><G24/><T42/><D21/><N who="1" m="8299" /><E59/><V112/><F26/><W35/><G35/><T18/><D18/><N who="2" m="6698" /><F112/><W27/><G27/><T79/><D79/><U12/><E121/><V15/><F15/><W126/><G126/><N who="2" m="48169" /><F118/><W54/><G5/><T105/><D105/><U74/><E74/><V31/><F31/><W96/><G0/><T91/><D71/><U76/><E76/><V120/><F120/><W98/><REACH who="3" step="1"/><G54/><REACH who="3" ten="250,250,250,240" step="2"/><T13/><D13/><U49/><E1/><V60/><F60/><W17/><G17/><T106/><D51/><U3/><E49/><V63/><F63/><W37/><G37/><T28/><D28/><U122/><E12/><V117/><F117/><W68/><G68/><T56/><D42/><U116/><E3/><V78/><F78/><W2/><G2/><T6/><D6/><U128/><E122/><V4/><F4/><W125/><G125/><T36/><D36/><U30/><E116/><V23/><F23/><W131/><G131/><N who="1" m="50218" /><E34/><V55/><F55/><W81/><AGARI ba="0,1" hai="47,48,52,75,77,80,81,85,90,96,98,99,101,102" machi="81" ten="30,4000,0" yaku="1,1,0,1,54,1,53,0" doraHai="88" doraHaiUra="8" who="3" fromWho="3" sc="250,-20,250,-10,250,-10,240,50" /><INIT seed="1,0,0,1,3,52" ten="230,240,240,290" oya="1" hai0="133,30,5,102,55,59,122,13,65,130,113,66,58" hai1="63,103,56,109,135,23,134,19,40,17,84,74,106" hai2="60,1,7,123,45,24,42,61,53,18,73,107,132" hai3="118,110,129,28,71,119,35,10,16,48,92,25,99"/><U64/><E74/><V80/><F107/><W75/><G71/><T82/><D113/><U39/><E109/><V94/><F123/><W37/><G37/><T128/><D122/><U57/><E84/><V89/><F132/><N who="1" m="50729" /><E40/><V31/><F18/><N who="1" m="6665" /><E39/><V91/><F1/><W20/><G75/><T121/><D121/><U100/><E23/><V27/><F7/><W125/><G110/><T105/><D133/><U4/><E4/><V120/><F120/><W32/><G125/><T36/><D36/><U98/><E103/><V78/><F89/><W112/><G112/><T108/><D108/><U93/><E106/><V43/><F43/><W85/><G85/><T22/><D102/><U72/><E72/><V3/><F3/><W6/><G6/><T51/><D105/><U12/><E12/><V117/><F117/><W8/><G119/><T115/><D115/><U101/><E101/><V79/><F79/><W81/><G118/><T0/><D0/><U38/><E38/><V104/><F104/><W131/><G35/><T62/><D82/><U11/><E11/><V15/><F15/><W95/><G81/><T33/><D33/><U29/><E29/><V86/><F42/><W46/><G92/><T126/><D126/><U96/><E96/><V41/><F41/><N who="3" m="24655" /><G32/><T67/><D30/><U76/><E76/><V21/><F27/><W111/><G111/><T69/><D22/><U50/><E50/><N who="2" m="28879" /><F73/><W26/><G28/><T54/><REACH who="0" step="1"/><D69/><AGARI ba="0,0" hai="56,57,63,64,69,93,98,100" m="6665,50729" machi="69" ten="30,5800,0" yaku="20,1,52,2" doraHai="52" who="1" fromWho="0" sc="230,-58,240,58,240,0,290,0" /><INIT seed="1,1,0,5,5,106" ten="172,298,240,290" oya="1" hai0="14,18,71,96,75,124,131,90,11,24,83,130,51" hai1="5,19,86,66,78,29,104,65,128,123,88,54,10" hai2="9,43,73,59,105,28,15,94,85,95,35,20,111" hai3="80,37,93,48,41,57,42,34,61,129,135,58,69"/><U113/><E104/><V30/><F105/><W12/><G34/><T22/><D71/><U74/><E113/><V3/><F35/><W32/><G32/><T125/><D51/><U99/><E123/><V60/><F3/><W114/><G114/><T127/><D96/><U72/><E29/><V36/><F73/><W63/><G93/><T132/><D90/><U67/><E128/><N who="0" m="49193" /><D83/><U87/><E54/><V2/><F2/><W49/><G12/><T27/><D75/><U117/><E19/><V134/><F20/><W53/><G80/><T23/><D132/><U31/><E31/><V98/><F111/><W33/><G33/><T46/><D46/><U21/><E21/><AGARI ba="1,0" hai="11,14,18,21,22,23,24,27,124,125,127" m="49193" machi="21" ten="40,8000,1" yaku="18,1,19,1,34,2" doraHai="106" who="0" fromWho="1" sc="172,83,298,-83,240,0,290,0" /><INIT seed="2,0,0,5,3,50" ten="255,215,240,290" oya="2" hai0="39,104,41,122,71,17,53,43,60,126,81,79,108" hai1="102,64,134,125,10,65,86,106,69,9,99,105,91" hai2="77,24,56,135,36,23,37,7,67,112,29,93,40" hai3="47,25,101,1,133,44,82,15,129,26,3,35,100"/><V76/><F112/><W74/><G15/><T117/><D122/><U97/><E125/><V66/><F135/><W80/><G35/><T88/><D104/><U89/><E134/><V84/><F37/><W98/><G133/><T121/><D121/><U18/><E18/><V70/><F70/><W78/><G98/><T16/><D126/><U116/><E116/><V59/><F36/><W107/><G78/><N who="2" m="30313" /><F7/><W33/><G33/><T119/><D108/><U22/><E22/><V103/><F40/><N who="0" m="15434" /><D39/><U14/><E14/><V13/><F13/><W45/><G74/><T73/><D71/><U21/><E21/><V109/><F109/><W6/><G6/><T52/><D60/><U115/><E115/><V62/><F59/><W20/><G20/><T58/><D88/><U34/><E34/><V118/><F118/><N who="0" m="45066" /><D58/><U130/><E69/><V124/><F124/><W131/><G44/><T4/><D4/><U54/><E106/><AGARI ba="0,0" hai="1,3,25,26,45,47,80,82,100,101,106,107,129,131" machi="106" ten="25,1600,0" yaku="22,2" doraHai="50" who="3" fromWho="1" sc="255,0,215,-16,240,0,290,16" /><INIT seed="3,0,0,5,5,52" ten="255,199,240,306" oya="3" hai0="122,102,88,10,57,42,27,73,66,69,98,32,99" hai1="37,130,30,115,43,9,58,128,89,36,135,49,40" hai2="4,77,46,96,16,29,97,117,35,107,111,118,93" hai3="56,7,59,31,25,125,34,21,47,19,103,24,109"/><W87/><G125/><T20/><D69/><U70/><E30/><V2/><F107/><W65/><G109/><T44/><D73/><U114/><E9/><V68/><F68/><W120/><G120/><T0/><D32/><U55/><E70/><V72/><F111/><W12/><G103/><T48/><D122/><U50/><E89/><V23/><F77/><W14/><G65/><T75/><D75/><U134/><E55/><V63/><F72/><W131/><G131/><T92/><D0/><U94/><E94/><V6/><F46/><W129/><G129/><T3/><D3/><U84/><E84/><V100/><F96/><W17/><G47/><T53/><D10/><U5/><E5/><V8/><F6/><W82/><G7/><T45/><D66/><U1/><E1/><V121/><F121/><W64/><G64/><T62/><D45/><U80/><E80/><V112/><F112/><W51/><G51/><T113/><D113/><U91/><E91/><V108/><F63/><W76/><G24/><T71/><D71/><U54/><E54/><V15/><F108/><W104/><G104/><T60/><D60/><U86/><E86/><V127/><F127/><W26/><G26/><AGARI ba="0,0" hai="2,4,8,15,16,23,26,29,35,93,97,100,117,118" machi="26" ten="40,5200,0" yaku="24,2,54,1" doraHai="52" who="2" fromWho="3" sc="255,0,199,0,240,52,306,-52" /><INIT seed="4,0,0,3,0,114" ten="255,199,292,254" oya="0" hai0="85,24,6,33,131,89,81,59,115,128,3,122,126" hai1="108,36,8,87,49,102,84,38,98,92,75,119,34" hai2="135,58,66,2,97,27,99,107,130,134,67,121,127" hai3="15,78,110,53,133,132,51,23,11,41,7,0,88"/><T18/><D122/><U30/><E108/><V17/><F2/><W74/><G110/><T103/><D115/><U54/><E75/><V82/><F121/><W93/><G41/><T9/><D126/><U101/><E101/><V70/><F70/><W57/><G78/><T118/><D103/><U47/><E8/><V32/><F107/><W90/><G74/><T39/><D39/><U1/><E1/><V55/><F130/><N who="0" m="49706" /><D59/><U19/><E19/><V125/><F82/><W44/><G44/><T13/><D33/><U52/><E54/><V73/><F73/><W105/><G105/><T42/><D42/><U60/><E60/><V83/><F83/><W12/><G90/><T109/><D109/><U48/><E48/><V10/><F32/><W61/><G61/><T124/><D124/><N who="2" m="47690" /><F66/><W106/><G106/><T123/><D123/><U91/><E38/><V64/><F64/><W45/><G45/><T4/><D24/><U129/><E36/><V56/><F27/><W29/><G29/><T62/><D62/><U95/><E129/><V22/><F67/><W116/><G0/><T21/><D6/><U94/><E30/><V63/><F58/><W77/><G12/><T76/><D76/><U46/><E34/><V16/><F134/><W26/><G77/><T104/><D104/><N who="1" m="63575" /><E47/><V100/><F135/><W14/><G133/><T20/><D20/><U50/><E50/><V86/><F100/><W40/><G132/><T5/><D5/><U120/><E120/><V69/><F69/><W71/><G71/><T96/><D96/><U113/><E113/><V80/><F97/><RYUUKYOKU ba="0,0" sc="255,30,199,-10,292,-10,254,-10" hai0="3,4,9,13,18,21,81,85,89,118" /><INIT seed="4,1,0,0,2,42" ten="285,189,282,244" oya="0" hai0="101,3,17,45,72,13,132,117,80,9,14,10,57" hai1="71,63,98,129,67,110,26,6,68,130,5,90,92" hai2="134,100,82,40,135,11,91,84,8,51,66,78,73" hai3="125,124,113,121,58,35,69,83,77,97,112,131,87"/><T102/><D117/><U116/><E110/><V16/><F66/><W126/><G69/><T44/><D3/><U114/><E116/><V2/><F100/><N who="0" m="38506" /><D72/><U48/><E114/><N who="3" m="44138" /><G35/><T95/><D132/><N who="2" m="50730" /><F2/><W55/><G131/><N who="1" m="50186" /><E71/><V133/><F133/><W53/><G121/><T60/><D80/><U107/><E107/><V50/><F40/><W1/><G1/><T46/><D95/><U103/><E103/><V25/><F25/><W39/><G39/><T111/><D111/><U115/><E115/><V41/><F41/><W52/><G97/><T54/><D14/><U75/><E75/><V94/><F8/><AGARI ba="1,0" hai="8,9,10,13,17,44,45,46,54,57,60" m="38506" machi="8" ten="30,11600,0" yaku="8,1,52,3" doraHai="42" who="0" fromWho="2" sc="285,119,189,0,282,-119,244,0" /><INIT seed="4,2,0,5,0,82" ten="404,189,163,244" oya="0" hai0="84,135,111,107,69,65,26,123,54,37,13,48,81" hai1="27,16,98,91,12,114,128,7,18,9,2,1,8" hai2="43,49,96,64,94,60,33,120,85,19,29,32,24" hai3="45,41,74,73,134,116,101,83,92,89,39,103,22"/><T42/><D107/><U77/><E77/><V87/><F120/><W80/><G116/><T44/><D123/><U10/><E98/><V40/><F33/><W106/><G134/><T104/><D104/><U79/><E79/><V21/><F49/><W127/><G127/><T61/><D135/><U28/><E91/><V117/><F117/><W118/><G118/><T53/><D111/><U72/><E72/><V126/><F126/><W35/><G35/><T51/><D26/><U88/><E88/><N who="2" m="55367" /><F32/><W59/><G106/><T97/><D97/><U108/><E108/><V68/><F68/><W109/><G109/><T11/><D51/><U63/><E63/><V3/><F3/><N who="1" m="1033" /><E128/><V113/><F113/><W112/><G112/><T6/><REACH who="0" step="1"/><D37/><REACH who="0" ten="394,189,163,244" step="2"/><U23/><E114/><V131/><F131/><W50/><G39/><T115/><D115/><U132/><E132/><V122/><F122/><W34/><G50/><T124/><D124/><U133/><E133/><V119/><F119/><W66/><G73/><T56/><D56/><U46/><E46/><V99/><F99/><W14/><G74/><T55/><D55/><U102/><E102/><V62/><F29/><W58/><G103/><T70/><D70/><U129/><E129/><V52/><F52/><W20/><G101/><T25/><D25/><U38/><E38/><V47/><F47/><W100/><G100/><T5/><D5/><N who="1" m="3119" /><E8/><V130/><F130/><W78/><G59/><T121/><D121/><U30/><E30/><V57/><F62/><W93/><G58/><T75/><D75/><U71/><E71/><V90/><F85/><RYUUKYOKU ba="2,1" sc="394,10,189,10,163,10,244,-30" hai0="6,11,13,42,44,48,53,54,61,65,69,81,84" hai1="7,10,16,18,23,27,28" hai2="19,21,24,40,43,57,60,64,87,90" /><INIT seed="4,3,1,5,5,100" ten="404,199,173,214" oya="0" hai0="121,67,58,115,18,118,48,60,95,135,78,64,45" hai1="80,2,81,79,110,22,129,23,76,122,15,56,131" hai2="17,98,66,133,29,102,47,116,13,106,54,31,128" hai3="46,37,32,109,19,126,20,57,61,84,65,127,25"/><T120/><D118/><U63/><E110/><V112/><F116/><W83/><G109/><T21/><D115/><U90/><E122/><V55/><F112/><W71/><G32/><T50/><D135/><U82/><E2/><V6/><F6/><W97/><G97/><T39/><D78/><N who="1" m="29739" /><E90/><V94/><F133/><W123/><G123/><T114/><D114/><U3/><E3/><V93/><F128/><N who="1" m="49225" /><E15/><V8/><F66/><AGARI ba="3,1" hai="22,23,56,63,66,80,81,82" m="49225,29739" machi="66" ten="30,1000,0" yaku="19,1" doraHai="100" who="1" fromWho="2" sc="404,0,199,29,173,-19,214,0" /><INIT seed="5,0,0,1,3,81" ten="404,228,154,214" oya="1" hai0="26,103,54,85,78,72,67,102,97,57,15,124,51" hai1="25,48,117,112,29,132,82,105,116,88,3,0,21" hai2="86,84,65,43,122,46,31,121,95,126,76,17,87" hai3="28,113,52,35,14,79,60,32,23,92,8,58,93"/><U64/><E105/><V89/><F126/><W73/><G113/><T13/><D72/><U90/><E112/><V109/><F109/><W133/><G133/><T11/><D124/><U107/><E107/><V61/><F76/><W135/><G135/><T47/><D26/><U33/><E132/><V77/><F77/><W30/><G73/><T42/><D67/><U118/><E64/><V6/><F6/><W106/><G106/><T16/><D97/><U94/><E48/><V91/><F31/><W4/><G79/><T45/><D45/><U1/><E82/><V120/><F17/><W22/><G35/><T127/><D127/><U123/><E123/><V74/><F74/><W40/><G40/><T99/><D99/><U115/><E115/><V50/><REACH who="2" step="1"/><F95/><REACH who="2" ten="404,228,144,214" step="2"/><N who="3" m="36427" /><G32/><T34/><D34/><U101/><E33/><V18/><F18/><W110/><G110/><T39/><D16/><U49/><E101/><V80/><F80/><W9/><G9/><T20/><D11/><U41/><E94/><V59/><AGARI ba="0,1" hai="43,46,50,59,61,65,84,86,87,89,91,120,121,122" machi="59" ten="40,8000,1" yaku="1,1,0,1,52,3,53,0" doraHai="81" doraHaiUra="7" who="2" fromWho="2" sc="404,-20,228,-40,144,90,214,-20" /><INIT seed="6,0,0,0,1,45" ten="384,188,234,194" oya="2" hai0="68,96,95,56,84,16,82,126,115,133,73,36,83" hai1="39,41,79,116,50,102,121,107,42,32,0,5,118" hai2="60,135,94,110,66,127,114,19,77,123,24,132,6" hai3="2,72,25,29,4,80,1,74,103,108,67,87,31"/><V78/><F123/><W85/><G108/><T62/><D36/><U120/><E32/><V12/><F110/><W88/><G103/><T55/><D115/><U100/><E79/><V91/><F127/><W59/><G29/><T22/><D126/><U34/><E34/><V65/><F6/><W46/><G46/><T112/><D112/><U105/><E39/><V70/><F66/><W57/><G85/><T17/><D133/><U13/><E13/><V111/><F24/><W14/><G14/><T26/><D73/><U10/><E10/><V76/><F114/><W48/><G67/><T23/><D84/><U119/><E5/><V69/><F69/><W47/><G72/><T64/><D64/><U3/><E119/><V130/><F130/><W38/><G74/><T101/><D68/><U8/><E8/><V35/><F35/><W21/><G38/><T104/><D104/><U27/><E27/><AGARI ba="0,0" hai="16,17,22,23,26,27,55,56,62,82,83,95,96,101" machi="27" ten="30,7700,0" yaku="7,1,9,1,8,1,54,1" doraHai="45" who="0" fromWho="1" sc="384,77,188,-77,234,0,194,0" /><INIT seed="7,0,0,1,5,93" ten="461,111,234,194" oya="3" hai0="55,25,115,63,67,14,126,87,39,53,0,92,127" hai1="40,61,54,75,31,58,77,18,23,109,4,111,2" hai2="1,7,42,71,83,6,46,22,35,52,100,33,64" hai3="130,48,38,43,47,108,60,3,29,129,76,135,124"/><W96/><G3/><T105/><D0/><U49/><E31/><V110/><F110/><W134/><G76/><T97/><D39/><U81/><E4/><V26/><F71/><W56/><G108/><T84/><D115/><U69/><E2/><V118/><F64/><N who="3" m="38919" /><G29/><T133/><D133/><N who="3" m="50697" /><G96/><T41/><D105/><U132/><E132/><V5/><F1/><W44/><G124/><N who="0" m="47659" /><D41/><AGARI ba="0,0" hai="38,41,43,44,47,48,129,130" m="50697,38919" machi="41" ten="30,5800,0" yaku="20,1,34,2" doraHai="93" who="3" fromWho="0" sc="461,-58,111,0,234,0,194,58" /><INIT seed="7,1,0,4,3,15" ten="403,111,234,252" oya="3" hai0="122,84,2,108,92,133,116,29,98,85,105,30,135" hai1="78,134,83,43,11,26,21,132,86,34,87,103,114" hai2="55,95,45,93,66,38,128,131,22,28,36,91,74" hai3="121,72,19,47,125,62,42,89,68,63,127,44,37"/><W94/><G72/><T9/><D108/><U39/><E114/><V18/><F74/><W31/><G31/><N who="0" m="11787" /><D105/><U4/><E34/><V106/><F106/><W102/><G102/><N who="0" m="60743" /><D122/><U81/><E103/><V120/><F28/><W112/><G121/><T110/><D110/><U71/><E71/><V96/><F66/><W111/><G111/><T35/><D116/><U61/><E61/><V0/><F0/><W79/><G79/><T51/><D35/><U126/><E126/><V115/><F115/><W75/><G75/><T17/><D51/><U6/><E43/><V23/><F23/><W107/><G107/><T20/><D9/><U40/><E40/><V8/><F8/><W101/><G101/><T100/><D2/><U33/><E33/><V77/><F77/><W41/><G112/><T76/><D100/><U48/><E39/><V12/><F120/><W32/><G32/><T99/><D99/><U13/><E48/><N who="2" m="29071" /><F93/><W119/><G119/><T65/><D65/><U46/><E46/><V67/><F67/><W88/><G68/><T3/><D3/><U73/><E73/><V109/><F109/><W1/><G1/><T59/><D59/><U118/><E118/><V49/><F49/><N who="3" m="26767" /><G62/><T10/><D10/><U52/><E52/><V123/><F123/><W70/><G63/><T7/><D7/><U54/><E54/><V5/><F5/><W14/><G70/><T82/><D85/><U50/><E50/><V80/><F80/><W129/><G37/><T25/><D76/><N who="1" m="46375" /><E4/><V53/><F53/><W90/><G125/><T57/><D57/><U117/><E117/><RYUUKYOKU ba="1,0" sc="403,10,111,10,234,10,252,-30" hai0="17,20,25,82,84,133,135" hai1="6,11,13,21,26,78,83,87,132,134" hai2="12,18,22,36,38,91,95,96,128,131" owari="413,52.0,121,-38.0,244,4.0,222,-18.0" /></mjloggm>