<mjloggm ver="2.3"><GO type="169" lobby="0"/><UN n0="%E3%83%84%E3%83%AC%E3%82%AA" n1="%E3%82%A6%E3%83%AB%E3%83%88%E3%83%A9%E7%AB%8B%E7%9B%B4" n2="%E3%81%8B%E3%81%8D" n3="%E3%83%9E%E3%82%B8%E3%81%8D%E3%82%8C%E3%81%9D%E3%81%86%EF%BC%81" dan="17,18,17,18" rate="2161.56,2214.97,2185.59,2166.90" sx="M,M,M,M"/><TAIKYOKU oya="0"/><INIT seed="0,0,0,4,5,15" ten="250,250,250,250" oya="0" hai0="75,130,45,89,95,52,114,122,20,30,32,56,28" hai1="72,121,73,85,94,0,74,61,87,5,113,25,119" hai2="88,86,129,102,6,82,27,101,51,41,83,120,123" hai3="65,26,127,43,13,35,37,39,99,9,90,57,33"/><T126/><D32/><U23/><E119/><V103/><F6/><W79/><G127/><T118/><D75/><U131/><E121/><N who="2" m="46667" /><F27/><W38/><G43/><T4/><D118/><U62/><E131/><V107/><F51/><W92/><G79/><T44/><D122/><U60/><E113/><V77/><F41/><W115/><G115/><T18/><D4/><U132/><E132/><V133/><F133/><W58/><G65/><T48/><D130/><U24/><E24/><V78/><F129/><W71/><G71/><T112/><D126/><U40/><E40/><V80/><F107/><W34/><REACH who="3" step="1"/><G26/><REACH who="3" ten="250,250,250,240" step="2"/><N who="0" m="14615" /><D114/><U111/><E25/><V31/><F31/><N who="0" m="11818" /><D112/><U135/><E135/><V124/><F124/><W105/><G105/><T49/><D48/><U84/><E62/><V55/><F55/><W106/><G106/><T54/><D54/><U98/><E61/><V64/><F64/><W8/><G8/><T47/><D47/><U59/><E59/><V21/><BYE who="1" /><F21/><W19/><AGARI ba="0,1" hai="9,13,19,33,34,35,37,38,39,57,58,90,92,99" machi="19" ten="40,5200,0" yaku="1,1,0,1,52,1,53,0" doraHai="15" doraHaiUra="3" who="3" fromWho="3" sc="250,-26,250,-13,250,-13,240,62" /><UN n1="%E3%82%A6%E3%83%AB%E3%83%88%E3%83%A9%E7%AB%8B%E7%9B%B4" /><INIT seed="1,0,0,3,3,99" ten="224,237,237,302" oya="1" hai0="7,45,125,61,43,34,107,98,135,48,24,121,94" hai1="37,15,51,29,52,70,111,72,84,116,75,97,104" hai2="5,82,76,63,56,47,58,32,64,117,66,68,22" hai3="88,89,25,14,101,46,119,124,71,132,53,130,42"/><U33/><E116/><V57/><F117/><W118/><G71/><T50/><D135/><U120/><E120/><V18/><F32/><W69/><G69/><T23/><D125/><U44/><E111/><V30/><F30/><W10/><G124/><T17/><D107/><U77/><E70/><V60/><F5/><W65/><G65/><T103/><D121/><U38/><E33/><V105/><F105/><W91/><G132/><T55/><D34/><U110/><E110/><V11/><F11/><W26/><G130/><T123/><D123/><U59/><E29/><V78/><F47/><W39/><G119/><T100/><D61/><U3/><E3/><V129/><F129/><W83/><G118/><T87/><D87/><U16/><E84/><V131/><F131/><W28/><G53/><T2/><D7/><U112/><E112/><V36/><F36/><W74/><G101/><N who="0" m="60631" /><D2/><U115/><E115/><V122/><F122/><W113/><G113/><T93/><D93/><U127/><E127/><V128/><F128/><W126/><G126/><T85/><D85/><U79/><E75/><V114/><F114/><W9/><G74/><T102/><D102/><N who="1" m="62543" /><E72/><V86/><REACH who="2" step="1"/><F76/><REACH who="2" ten="224,237,227,302" step="2"/><N who="1" m="29257" /><E44/><AGARI ba="0,1" hai="17,23,24,43,44,45,48,50,55,100,103" m="60631" machi="44" ten="30,7700,0" yaku="8,1,52,3" doraHai="99" who="0" fromWho="1" sc="224,87,237,-77,227,0,302,0" /><INIT seed="2,0,0,3,1,44" ten="311,160,227,302" oya="2" hai0="20,26,90,85,115,78,129,130,104,60,31,74,32" hai1="123,0,38,93,110,13,27,50,8,49,108,67,39" hai2="68,75,35,1,126,55,71,47,122,64,3,105,86" hai3="116,117,73,87,54,33,40,132,82,2,45,101,14"/><V77/><F122/><W58/><G2/><T30/><D115/><U12/><E67/><V111/><F75/><W121/><G121/><T52/><D104/><U7/><E123/><V17/><F105/><W16/><G101/><T80/><D31/><U112/><E112/><V48/><F35/><W15/><G33/><T63/><D32/><U120/><E120/><V83/><F126/><W119/><G73/><T61/><REACH who="0" step="1"/><D52/><REACH who="0" ten="301,160,227,302" step="2"/><U59/><E27/><V103/><F64/><W43/><G54/><T56/><D56/><U42/><E59/><V97/><F111/><N who="1" m="42537" /><E93/><AGARI ba="0,1" hai="20,26,30,60,61,63,74,78,80,85,90,93,129,130" machi="93" ten="40,2600,0" yaku="1,1,53,1" doraHai="44" doraHaiUra="107" who="0" fromWho="1" sc="301,36,160,-26,227,0,302,0" /><INIT seed="3,0,0,5,2,119" ten="337,134,227,302" oya="3" hai0="16,24,9,110,8,58,70,69,0,82,54,108,74" hai1="73,76,36,61,14,21,132,91,113,46,56,12,49" hai2="93,131,30,37,128,62,96,118,125,77,25,51,57" hai3="23,75,123,106,42,5,53,112,127,104,50,66,65"/><W41/><G112/><T28/><D74/><U64/><E113/><V95/><F118/><W111/><G75/><T39/><D39/><U97/><E132/><V116/><F116/><W133/><G133/><T17/><D82/><U55/><E73/><V15/><F37/><W59/><G123/><T79/><D79/><U38/><E76/><V10/><F77/><W114/><G114/><T63/><D70/><U107/><E21/><V81/><F81/><W120/><G120/><T122/><D69/><U13/><REACH who="1" step="1"/><E91/><REACH who="1" ten="337,124,227,302" step="2"/><V35/><F35/><W130/><G23/><N who="0" m="15391" /><D122/><U43/><E43/><V60/><F128/><W84/><G42/><T105/><D110/><U102/><AGARI ba="0,1" hai="12,13,14,36,38,46,49,55,56,61,64,97,102,107" machi="102" ten="30,2000,0" yaku="1,1,0,1,53,0" doraHai="119" doraHaiUra="19" who="1" fromWho="1" sc="337,-5,124,30,227,-5,302,-10" /><INIT seed="4,0,0,3,2,23" ten="332,154,222,292" oya="0" hai0="109,119,108,1,35,89,102,55,32,43,9,18,58" hai1="37,67,45,105,75,120,65,27,97,114,118,3,117" hai2="4,84,44,29,11,132,96,14,21,116,85,61,52" hai3="15,5,121,63,131,74,10,19,129,24,111,13,2"/><T39/><D119/><U127/><E67/><V36/><F132/><W46/><G74/><T88/><D102/><N who="1" m="62671" /><E3/><V125/><F125/><W78/><G78/><T38/><D18/><U42/><E120/><V57/><F116/><W73/><G73/><T56/><D9/><U16/><E16/><V64/><F96/><W134/><G63/><T112/><D43/><U54/><E54/><V0/><F0/><W115/><G46/><T122/><D1/><U26/><E26/><N who="2" m="16591" /><F36/><W7/><G111/><T48/><D122/><U113/><E75/><V72/><F72/><W71/><G121/><T40/><D40/><U31/><E65/><V99/><F99/><W22/><G134/><T34/><D58/><U62/><E62/><V68/><F68/><W76/><G71/><T49/><D49/><AGARI ba="0,0" hai="4,11,14,44,49,52,57,61,64,84,85" m="16591" machi="49" ten="30,3900,0" yaku="8,1,52,1,54,1" doraHai="23" who="2" fromWho="0" sc="332,-39,154,0,222,39,292,0" /><INIT seed="5,0,0,4,5,30" ten="293,154,261,292" oya="1" hai0="118,5,74,13,85,36,23,27,73,45,87,34,117" hai1="78,126,83,103,125,16,105,49,40,25,123,99,43" hai2="92,77,58,128,37,133,131,109,67,90,57,68,113" hai3="33,28,75,12,127,41,120,114,32,129,29,4,18"/><U1/><E1/><V95/><F109/><W55/><G75/><T71/><D71/><U26/><E123/><V46/><F133/><W54/><G41/><T108/><D108/><U65/><E65/><V59/><F77/><W104/><G104/><T22/><D36/><U76/><E76/><V122/><F95/><W80/><G80/><T98/><D45/><U135/><E135/><V112/><F122/><W10/><G120/><T14/><D27/><U72/><E26/><V62/><F90/><W9/><G114/><N who="2" m="44137" /><F92/><W130/><G127/><N who="1" m="48650" /><E49/><V61/><F61/><W84/><G84/><T8/><D8/><U101/><E101/><V69/><F69/><W88/><G88/><T116/><D5/><U17/><E25/><V134/><F134/><W63/><G63/><T15/><D98/><U56/><E56/><V70/><F70/><W124/><G124/><T24/><D24/><U97/><E97/><V102/><F102/><W39/><G39/><T110/><D110/><U119/><E119/><V93/><F93/><W52/><G28/><T42/><D74/><U86/><E72/><V51/><F37/><W106/><G29/><T107/><D73/><U47/><E47/><V11/><F11/><W44/><G44/><T121/><D121/><U115/><E115/><V3/><F3/><N who="3" m="159" /><G106/><T81/><D107/><U89/><E78/><V38/><F38/><W21/><G10/><T0/><D117/><U132/><E132/><V79/><F79/><W60/><G60/><T48/><D118/><U111/><E111/><V94/><F94/><W100/><G100/><T53/><D116/><RYUUKYOKU ba="0,0" sc="293,-30,154,10,261,10,292,10" hai1="16,17,40,43,83,86,89,99,103,105" hai2="46,51,57,58,59,62,67,68,128,131" hai3="12,18,21,32,33,52,54,55,129,130" /><INIT seed="5,1,0,1,5,125" ten="263,164,271,302" oya="1" hai0="40,87,65,74,101,113,96,58,48,50,33,38,5" hai1="15,122,46,29,57,119,99,2,111,14,43,22,62" hai2="63,91,30,55,49,82,133,107,56,128,94,90,76" hai3="60,27,17,121,100,110,116,44,6,129,4,53,104"/><U45/><E119/><V93/><F128/><W8/><G110/><T71/><D74/><U123/><E2/><V32/><F107/><W34/><G121/><T75/><D75/><U19/><E111/><V9/><F133/><W134/><G100/><T52/><D33/><U12/><E29/><V108/><F108/><W106/><G4/><T54/><D5/><U73/><E73/><V39/><F39/><W36/><G134/><T70/><D87/><U3/><E3/><V124/><F124/><W109/><G129/><T16/><D113/><U115/><E115/><V66/><F32/><W51/><G116/><T68/><D16/><U84/><E99/><V95/><F9/><W114/><G114/><T120/><D120/><U10/><E84/><N who="2" m="48199" /><F30/><W69/><G36/><T126/><D126/><U42/><E123/><V61/><F61/><W0/><G109/><T86/><D86/><U117/><E117/><V98/><F98/><W35/><G35/><T1/><D1/><U81/><E81/><V92/><N who="2" m="23552" /><DORA hai="103" /><V24/><F24/><W25/><G25/><T89/><D101/><U13/><E10/><V80/><F80/><W112/><G112/><T21/><D96/><U47/><REACH who="1" step="1"/><E122/><REACH who="1" ten="263,154,271,302" step="2"/><V37/><F91/><W132/><G132/><T118/><D89/><U67/><AGARI ba="1,1" hai="12,13,14,15,19,22,42,43,45,46,47,57,62,67" machi="67" ten="30,11700,0" yaku="1,1,2,1,0,1,8,1,53,0" doraHai="125,103" doraHaiUra="130,85" who="1" fromWho="1" sc="263,-40,154,130,271,-40,302,-40" /><INIT seed="5,2,0,0,4,55" ten="223,284,231,262" oya="1" hai0="102,12,88,97,61,120,134,3,122,107,37,5,70" hai1="6,47,86,83,67,131,28,56,36,29,44,58,35" hai2="48,59,14,42,91,66,69,40,100,45,41,64,92" hai3="103,128,115,25,24,106,22,73,50,46,23,62,113"/><U130/><E6/><V9/><F69/><W135/><G73/><T82/><D134/><U13/><E13/><V124/><F124/><W51/><G135/><T71/><D37/><U77/><E67/><N who="2" m="25643" /><F100/><W129/><G62/><T57/><D3/><U39/><E35/><V17/><F59/><N who="1" m="22569" /><E47/><V98/><AGARI ba="2,0" hai="9,14,17,40,41,42,45,48,91,92,98" m="25643" machi="98" ten="30,1100,0" yaku="8,1" doraHai="55" who="2" fromWho="2" sc="223,-5,284,-7,231,17,262,-5" /><INIT seed="6,0,0,1,1,116" ten="218,277,248,257" oya="2" hai0="68,26,96,1,20,83,123,39,109,129,112,30,94" hai1="70,50,11,63,101,124,21,59,72,58,46,15,115" hai2="12,61,25,71,31,99,85,4,34,56,73,51,16" hai3="126,37,29,125,104,43,47,33,98,35,48,28,87"/><V118/><F73/><W106/><G48/><T135/><D109/><U60/><E72/><V81/><F118/><W90/><G28/><T114/><D129/><U74/><E74/><V107/><F51/><W130/><G130/><T45/><D68/><U132/><E70/><V44/><F44/><W32/><G29/><T105/><D1/><U17/><E101/><N who="2" m="62911" /><F56/><W54/><G54/><T76/><D105/><U91/><E59/><V7/><F81/><N who="3" m="49519" /><G98/><T113/><D135/><U78/><E50/><V82/><F82/><W41/><G43/><T24/><D24/><U102/><E58/><V6/><F85/><W67/><G67/><T64/><D64/><U8/><E46/><V95/><F95/><W53/><G53/><T110/><D110/><U92/><E92/><V93/><F93/><W108/><G108/><T121/><D45/><U5/><E132/><V27/><F27/><W117/><G117/><T18/><D30/><U79/><E63/><V62/><F62/><W97/><G97/><T14/><D26/><U88/><E60/><V3/><F3/><W119/><G119/><T23/><D39/><U13/><E13/><V38/><F38/><W52/><G52/><T103/><D23/><U80/><E21/><N who="2" m="11399" /><F4/><W77/><G77/><N who="1" m="29194" /><E5/><V128/><F128/><W36/><G37/><T86/><AGARI ba="0,0" hai="14,18,20,76,83,86,94,96,103,112,113,114,121,123" machi="86" ten="30,7900,0" yaku="0,1,15,1,52,2" doraHai="116" who="0" fromWho="0" sc="218,79,277,-20,248,-39,257,-20" /><INIT seed="7,0,0,5,1,72" ten="297,257,209,237" oya="3" hai0="79,119,121,17,76,19,86,56,3,22,130,104,134" hai1="87,43,115,45,95,128,80,110,6,36,90,81,37" hai2="21,39,10,123,102,127,23,50,9,122,78,64,55" hai3="18,42,105,113,67,14,32,92,59,109,15,132,60"/><W69/><G105/><T101/><D119/><U11/><E110/><V91/><F39/><W71/><G109/><T135/><D121/><N who="2" m="46090" /><F127/><W131/><G32/><T65/><D3/><U48/><E115/><V33/><F33/><W66/><G113/><T26/><D130/><U85/><E128/><V108/><F108/><W5/><G131/><T133/><D86/><U53/><E53/><V61/><F102/><W41/><G132/><T25/><D25/><U12/><REACH who="1" step="1"/><E95/><REACH who="1" ten="297,247,209,237" step="2"/><V44/><F91/><AGARI ba="0,1" hai="6,11,12,36,37,43,45,48,80,81,85,87,90,91" machi="91" ten="30,8000,1" yaku="1,1,2,1,7,1,9,1,53,1" doraHai="72" doraHaiUra="4" who="1" fromWho="2" sc="297,0,247,90,209,-80,237,0" owari="297,10.0,337,43.0,129,-37.0,237,-16.0" /></mjloggm>