<mjloggm ver="2.3"><GO type="169" lobby="0"/><UN n0="%E5%B0%B1%E6%B4%BB%E7%94%9F%40%E5%B7%9D%E6%9D%91%E8%BB%8D%E5%9B%A3" n1="%E3%81%86%E3%81%91%E3%81%AA%E3%81%8C%E3%81%99%E3%81%9C" n2="%6D%6F%6E%6F%2D%31%34" n3="%E3%81%A7%E3%81%97%EF%BC%96" dan="18,17,16,16" rate="2259.48,2178.63,2149.87,2095.66" sx="M,F,M,M"/><TAIKYOKU oya="0"/><INIT seed="0,0,0,3,0,133" ten="250,250,250,250" oya="0" hai0="70,80,86,118,27,51,119,20,42,66,14,36,41" hai1="48,16,30,52,91,85,1,71,121,78,55,96,111" hai2="81,95,47,67,28,58,82,84,107,40,75,21,5" hai3="23,122,57,54,97,60,35,123,11,2,116,115,43"/><T49/><D36/><U10/><E121/><N who="3" m="46090" /><G116/><T61/><D42/><U68/><E111/><V90/><F107/><W65/><G35/><T129/><D129/><U18/><E30/><V59/><F5/><N who="3" m="1463" /><G115/><T39/><D39/><U0/><E78/><V102/><F102/><W131/><G131/><T22/><D22/><U46/><E96/><V125/><F125/><W38/><G23/><T108/><D108/><U64/><E55/><V4/><F4/><W126/><G97/><T77/><D14/><N who="1" m="7255" /><E18/><V45/><F75/><W135/><G135/><T56/><D49/><U93/><E1/><V37/><F21/><W100/><G100/><T26/><D26/><U32/><E0/><V29/><F29/><W74/><G74/><T106/><D106/><U69/><E32/><V31/><F31/><W124/><G54/><T114/><D114/><U87/><E64/><V89/><F28/><W117/><G117/><T15/><D15/><U24/><E24/><V101/><F101/><W76/><G76/><T134/><D134/><U72/><E72/><V62/><F90/><W109/><G109/><T3/><D3/><U13/><E13/><V33/><F33/><W130/><G130/><T120/><D120/><U79/><E79/><V110/><F110/><W88/><G88/><T34/><D34/><U17/><E17/><V127/><F40/><W99/><G99/><T53/><D41/><U105/><E105/><V83/><F89/><W132/><G132/><T6/><D6/><U9/><E9/><V19/><F19/><AGARI ba="0,0" hai="19,20,27,51,53,56,61,66,70,77,80,86,118,119" machi="19" ten="30,1500,0" yaku="7,1" doraHai="133" who="0" fromWho="2" sc="250,15,250,0,250,-15,250,0" /><INIT seed="0,1,0,3,5,123" ten="265,250,235,250" oya="0" hai0="7,119,40,131,51,1,5,68,43,82,89,85,47" hai1="70,87,91,88,55,126,27,54,81,66,29,79,2" hai2="56,92,23,106,28,73,127,128,16,97,10,100,35" hai3="71,39,37,130,53,0,57,11,63,26,95,33,62"/><T125/><D119/><U48/><E2/><V44/><F73/><W58/><G71/><T45/><D131/><U103/><E126/><V111/><F127/><W24/><G130/><T46/><D125/><U64/><E103/><V38/><F128/><W93/><G0/><T17/><D68/><U96/><E70/><V13/><F106/><W120/><G120/><T4/><D1/><U21/><E55/><V20/><F38/><W104/><G11/><T108/><D108/><U113/><E113/><V6/><F44/><W107/><REACH who="3" step="1"/><G53/><REACH who="3" ten="265,250,235,240" step="2"/><T42/><REACH who="0" step="1"/><D17/><REACH who="0" ten="255,250,235,240" step="2"/><U112/><E112/><V117/><F111/><W102/><G102/><T134/><D134/><U14/><E64/><V75/><F117/><W67/><G67/><T52/><AGARI ba="1,2" hai="4,5,7,40,42,43,45,46,47,51,52,82,85,89" machi="52" ten="30,11700,0" yaku="1,1,0,1,8,1,54,1,53,0" doraHai="123" doraHaiUra="132" who="0" fromWho="0" sc="255,140,250,-40,235,-40,240,-40" /><INIT seed="0,2,0,0,0,86" ten="395,210,195,200" oya="0" hai0="19,48,126,5,100,52,129,11,17,132,78,121,14" hai1="113,24,76,72,70,106,94,85,84,21,55,71,77" hai2="33,95,27,110,23,40,20,2,111,81,122,34,91" hai3="51,32,56,90,49,103,79,120,38,64,41,50,134"/><T102/><D121/><U112/><E106/><V114/><F2/><W39/><G32/><T42/><D129/><U96/><E72/><V8/><F122/><W68/><G103/><T115/><D115/><N who="1" m="44107" /><E85/><N who="2" m="50607" /><F8/><W4/><G79/><N who="1" m="30282" /><E84/><V99/><F114/><W63/><G4/><T31/><D78/><U127/><E55/><V124/><F40/><W18/><G18/><N who="0" m="6667" /><D132/><U60/><E60/><V61/><F61/><N who="3" m="39951" /><G90/><T97/><D126/><U92/><E92/><V123/><F123/><W0/><G0/><T73/><D73/><U35/><E35/><N who="2" m="13323" /><F27/><W119/><G120/><T66/><D66/><U30/><E127/><V9/><F9/><W87/><G87/><T44/><D31/><U74/><E74/><V1/><F1/><W93/><G93/><N who="0" m="58415" /><D102/><AGARI ba="2,0" hai="21,24,30,70,71,94,96,102" m="30282,44107" machi="102" ten="30,1000,0" yaku="11,1" doraHai="86" who="1" fromWho="0" sc="395,-16,210,16,195,0,200,0" /><INIT seed="1,0,0,4,1,122" ten="379,226,195,200" oya="1" hai0="83,76,35,19,91,30,111,27,98,66,121,78,109" hai1="3,101,20,18,94,50,67,110,26,22,85,42,43" hai2="12,97,60,53,47,63,14,55,131,120,28,44,102" hai3="37,64,127,24,69,10,34,126,77,95,75,87,135"/><U86/><E3/><V79/><F120/><W54/><G37/><T82/><D121/><U40/><E67/><V96/><F28/><W71/><G10/><T62/><D19/><U33/><E33/><V84/><F84/><W29/><G135/><T51/><D51/><U129/><E129/><V46/><F102/><W99/><G75/><T6/><D6/><U21/><E110/><N who="0" m="41993" /><D98/><N who="2" m="37994" /><F79/><N who="0" m="30250" /><D91/><N who="1" m="53615" /><E101/><V133/><F133/><W130/><G77/><T116/><D116/><U107/><E107/><V106/><F106/><W48/><G130/><T49/><D49/><U123/><E123/><V103/><F103/><W118/><G48/><T80/><D80/><U108/><E108/><V61/><F131/><W89/><G118/><T15/><D15/><AGARI ba="0,0" hai="12,14,15,44,46,47,53,55,60,61,63" m="37994" machi="15" ten="40,5200,0" yaku="28,2,8,1" doraHai="122" who="2" fromWho="0" sc="379,-52,226,0,195,52,200,0" /><INIT seed="2,0,0,3,2,0" ten="327,226,247,200" oya="2" hai0="24,106,13,108,54,3,130,129,78,11,120,132,43" hai1="73,49,31,5,119,47,135,113,80,6,38,23,71" hai2="84,96,56,81,116,30,35,100,27,74,7,4,69" hai3="127,134,105,62,75,91,104,118,16,124,46,79,17"/><V112/><F69/><W58/><G118/><T40/><D120/><U44/><E119/><V70/><F70/><W60/><G46/><T107/><D3/><U50/><E113/><V32/><F35/><W25/><G91/><T45/><D78/><U10/><E71/><V77/><F116/><W115/><G115/><T128/><D108/><U83/><E135/><V14/><F112/><W93/><G93/><T63/><D24/><N who="1" m="16799" /><E38/><V34/><F34/><W99/><G134/><T72/><D72/><U53/><E73/><V65/><F14/><W12/><G99/><T21/><D132/><U110/><E110/><V95/><REACH who="2" step="1"/><F74/><REACH who="2" ten="327,226,237,200" step="2"/><W102/><G75/><T29/><D13/><N who="1" m="5327" /><E6/><V126/><F126/><W26/><G12/><T67/><D128/><U55/><AGARI ba="0,1" hai="44,47,49,50,53,55,80,83" m="5327,16799" machi="55" ten="30,2000,0" yaku="8,1,52,1" doraHai="0" who="1" fromWho="1" sc="327,-5,226,30,237,-10,200,-5" /><INIT seed="3,0,0,2,0,128" ten="322,256,227,195" oya="3" hai0="82,72,30,52,111,105,53,31,57,97,88,18,90" hai1="84,0,3,71,87,9,69,39,58,66,8,65,91" hai2="115,101,76,46,23,21,79,96,26,61,129,67,75" hai3="14,33,113,127,7,122,86,43,12,1,108,6,106"/><W25/><G106/><T38/><D38/><U59/><REACH who="1" step="1"/><E91/><REACH who="1" ten="322,246,227,195" step="2"/><V78/><F129/><W117/><G122/><T24/><D90/><U41/><E41/><V98/><F115/><W44/><G43/><T109/><D72/><U34/><E34/><V47/><F75/><W95/><G33/><T62/><D105/><U100/><E100/><V118/><F118/><W42/><G42/><T68/><D68/><U107/><E107/><V114/><F114/><W102/><G113/><T54/><D109/><U27/><E27/><V37/><F37/><AGARI ba="0,1" hai="0,3,8,9,37,39,58,59,65,66,69,71,84,87" machi="37" ten="25,6400,0" yaku="21,2,22,2,53,0" doraHai="128" doraHaiUra="10" who="1" fromWho="2" sc="322,0,246,74,227,-64,195,0" /><INIT seed="4,0,0,2,5,71" ten="322,320,163,195" oya="0" hai0="97,9,116,56,42,54,10,61,85,78,1,72,70" hai1="16,95,48,118,115,68,100,119,12,43,77,27,57" hai2="88,103,38,102,4,30,33,53,60,19,50,121,63" hai3="73,128,67,89,32,31,105,106,22,122,109,131,111"/><T40/><D116/><U52/><E68/><V113/><F121/><W24/><G89/><T110/><D72/><U99/><E115/><V41/><F113/><W11/><G22/><T82/><D70/><U81/><E27/><V135/><F135/><W44/><G67/><T17/><D110/><N who="3" m="41993" /><G11/><T87/><D87/><U107/><E107/><N who="3" m="40970" /><G122/><T96/><D9/><U93/><E93/><V15/><F4/><W112/><G112/><T14/><REACH who="0" step="1"/><D1/><REACH who="0" ten="312,320,163,195" step="2"/><U124/><E119/><V35/><F35/><W5/><G5/><T127/><D127/><U20/><E124/><V79/><F33/><W94/><G73/><T46/><D46/><U6/><E118/><V132/><F79/><W66/><G44/><T76/><D76/><U26/><E77/><V129/><F132/><W120/><G120/><T123/><D123/><U28/><E6/><V130/><F129/><W59/><G131/><T0/><D0/><U69/><E69/><V86/><F130/><W51/><G128/><T104/><D104/><U58/><E58/><V75/><F75/><W45/><G45/><T83/><D83/><U134/><E81/><V80/><F41/><AGARI ba="0,1" hai="10,14,17,40,41,42,54,56,61,78,82,85,96,97" machi="41" ten="40,3900,0" yaku="1,1,8,1,53,0" doraHai="71" doraHaiUra="2" who="0" fromWho="2" sc="312,49,320,0,163,-39,195,0" /><INIT seed="4,1,0,0,0,109" ten="361,320,124,195" oya="0" hai0="106,125,55,123,10,43,81,85,63,101,53,104,105" hai1="99,118,119,7,0,23,131,9,110,3,41,60,93" hai2="15,90,82,71,39,20,89,4,29,108,54,128,36" hai3="97,21,100,44,133,83,30,103,112,18,111,78,14"/><T58/><D123/><U126/><E110/><V121/><F71/><W102/><G111/><T96/><D125/><U92/><E126/><V66/><F108/><W120/><G120/><T70/><D70/><U135/><E135/><V117/><F121/><W11/><G133/><T38/><D55/><U24/><E3/><V34/><F66/><W12/><G112/><T65/><D53/><U59/><E41/><V75/><F34/><W46/><G97/><T134/><D134/><U61/><E93/><V87/><F75/><W40/><G40/><T132/><D132/><U32/><E32/><V47/><F39/><W116/><G116/><T94/><D10/><U84/><E84/><N who="2" m="50327" /><F36/><W98/><G98/><T79/><D43/><U48/><E48/><N who="2" m="28959" /><F128/><W107/><G107/><T19/><D38/><U6/><E61/><V33/><F33/><W49/><G49/><T16/><AGARI ba="1,0" hai="16,19,58,63,65,79,81,85,94,96,101,104,105,106" machi="16" ten="40,3900,0" yaku="0,1,54,1" doraHai="109" who="0" fromWho="0" sc="361,42,320,-14,124,-14,195,-14" /><INIT seed="4,2,0,4,5,88" ten="403,306,110,181" oya="0" hai0="107,72,8,92,28,104,101,103,96,51,45,125,134" hai1="31,37,111,71,118,57,10,67,117,87,30,78,23" hai2="41,85,93,7,3,79,89,42,1,123,5,13,70" hai3="40,106,124,69,66,2,86,60,25,77,91,19,20"/><T6/><D72/><U9/><E111/><V116/><F70/><W49/><G2/><T16/><D125/><U83/><E37/><V105/><F105/><W54/><G106/><T81/><D134/><U62/><E71/><V130/><F123/><W39/><G124/><T110/><D110/><U84/><E118/><V4/><F130/><W102/><G102/><T74/><D28/><N who="1" m="10795" /><E117/><V108/><F108/><W99/><G99/><T56/><D56/><U11/><E87/><V0/><F116/><W127/><G77/><T17/><D103/><U46/><E23/><V128/><F128/><W121/><G121/><T98/><D98/><U14/><E46/><V53/><F13/><AGARI ba="2,0" hai="9,10,11,13,14,57,62,67,78,83,84" m="10795" machi="13" ten="30,1000,0" yaku="8,1" doraHai="88" who="1" fromWho="2" sc="403,0,306,16,110,-16,181,0" /><INIT seed="5,0,0,2,0,114" ten="403,322,94,181" oya="1" hai0="17,96,106,88,24,51,59,70,61,109,135,19,82" hai1="35,10,79,36,44,123,47,40,69,5,92,37,124" hai2="42,28,23,105,0,64,39,78,66,77,62,2,116" hai3="14,48,57,67,27,102,94,126,30,50,18,12,133"/><U90/><E123/><V22/><F105/><W1/><G1/><T125/><D70/><U55/><E35/><V20/><F28/><W134/><G126/><T132/><D106/><U117/><E124/><V38/><F42/><W54/><G67/><T58/><D109/><U13/><E69/><V25/><F62/><W29/><G50/><T97/><D51/><U8/><E117/><V85/><F85/><W34/><G30/><T43/><D43/><U93/><E37/><V127/><F127/><W3/><G3/><T121/><D121/><U65/><E65/><V122/><F23/><W41/><G41/><T119/><D119/><U73/><E73/><V83/><F83/><W108/><G108/><T104/><D104/><U4/><E79/><V115/><F115/><W130/><G130/><T53/><D59/><U111/><E111/><V95/><F95/><W81/><G81/><T74/><D74/><U9/><E93/><V107/><F107/><W87/><G18/><N who="0" m="6667" /><D24/><U6/><E13/><V45/><F122/><W33/><G33/><T52/><D53/><U103/><E103/><V21/><F21/><W60/><G60/><T99/><D125/><U46/><REACH who="1" step="1"/><E55/><REACH who="1" ten="403,312,94,181" step="2"/><V56/><F116/><W7/><G102/><T75/><D75/><U112/><E112/><V26/><F78/><W80/><G94/><N who="0" m="56391" /><D82/><U131/><E131/><V68/><F68/><W84/><G80/><T128/><D128/><U89/><E89/><V100/><F77/><W86/><G12/><T129/><D129/><U118/><E118/><V49/><F100/><W15/><G14/><T63/><D63/><RYUUKYOKU ba="0,1" sc="403,10,312,10,94,-30,181,10" hai0="52,58,61,97,99,132,135" hai1="4,5,6,8,9,10,36,40,44,46,47,90,92" hai3="7,15,27,29,34,48,54,57,84,86,87,133,134" /><INIT seed="5,1,1,2,5,32" ten="413,322,64,191" oya="1" hai0="66,56,45,111,135,60,122,72,53,48,50,3,108" hai1="29,40,39,117,130,14,1,103,25,5,129,42,80" hai2="26,47,28,114,132,69,73,51,93,12,67,20,110" hai3="131,27,13,61,2,82,30,81,15,35,89,94,106"/><U58/><E117/><V71/><F73/><W49/><G106/><T99/><D72/><U79/><E14/><V19/><F110/><N who="0" m="42026" /><D3/><U0/><E103/><V10/><F132/><W105/><G105/><T11/><D11/><U112/><E58/><V90/><F114/><W91/><G131/><N who="1" m="50186" /><E5/><V107/><F107/><W95/><G2/><N who="1" m="1130" /><E39/><V65/><F71/><W74/><G61/><T98/><D135/><U104/><E112/><V78/><F78/><W31/><G13/><T121/><D50/><U68/><E68/><V52/><REACH who="2" step="1"/><F69/><REACH who="2" ten="413,322,54,191" step="2"/><W87/><G74/><T7/><D121/><U55/><E104/><V36/><F36/><W37/><G37/><T63/><D122/><U120/><E120/><V24/><F24/><W57/><G27/><T133/><D133/><U113/><E113/><V126/><F126/><W128/><G128/><T46/><D66/><U83/><E79/><V100/><F100/><W41/><G49/><T75/><D63/><U97/><E97/><AGARI ba="1,2" hai="10,12,19,20,26,28,47,51,52,65,67,90,93,97" machi="97" ten="30,8000,1" yaku="1,1,7,1,8,1,54,1,53,1" doraHai="32" doraHaiUra="88" who="2" fromWho="1" sc="413,0,322,-83,54,103,191,0" /><INIT seed="6,0,0,1,2,103" ten="413,239,157,191" oya="2" hai0="124,111,123,1,26,129,25,37,133,98,4,30,83" hai1="34,36,102,80,29,48,24,41,52,127,75,46,57" hai2="91,66,76,97,81,93,121,40,115,110,82,64,18" hai3="78,119,125,60,130,112,7,28,67,9,35,33,58"/><V92/><F121/><W10/><G119/><T72/><D98/><U62/><E102/><V38/><F110/><W134/><G125/><T114/><D26/><U86/><E127/><V113/><F38/><W105/><G105/><T107/><D83/><N who="2" m="31754" /><F40/><W79/><G134/><T117/><D25/><U59/><E75/><V131/><F131/><W126/><G126/><T69/><D30/><U128/><E128/><V108/><F18/><W68/><G130/><T43/><D4/><U100/><E100/><N who="2" m="60455" /><F108/><W47/><G112/><N who="2" m="43081" /><F76/><W135/><G135/><T11/><D11/><U73/><E36/><V109/><F109/><W15/><G68/><T56/><D43/><U120/><E120/><V53/><F53/><W95/><G28/><T84/><D56/><U3/><E59/><V106/><F66/><W104/><G33/><T50/><D50/><U55/><E73/><V19/><F19/><W74/><G35/><T90/><D37/><U132/><E132/><V17/><F17/><W85/><G74/><T39/><D39/><U77/><E41/><V70/><F64/><W49/><G79/><T27/><D111/><U6/><E6/><V63/><F63/><W54/><G78/><T118/><D123/><U51/><E62/><V65/><F65/><W87/><G67/><T116/><D133/><U101/><E55/><V0/><F70/><W23/><G54/><T71/><D71/><U20/><E52/><V12/><F12/><W45/><G15/><T89/><D117/><U94/><E77/><V32/><F32/><W42/><G60/><T2/><D116/><U16/><E34/><RYUUKYOKU ba="0,0" sc="413,0,239,0,157,0,191,0" /><INIT seed="7,1,0,1,2,60" ten="413,239,157,191" oya="3" hai0="81,21,79,69,36,103,5,111,32,30,52,88,110" hai1="13,125,113,7,47,62,18,53,63,128,11,49,83" hai2="104,117,93,115,85,39,15,112,122,34,94,66,51" hai3="38,50,1,101,6,121,14,134,96,99,40,26,57"/><W28/><G121/><T9/><D69/><U133/><E113/><V19/><F39/><W44/><G1/><T58/><D36/><U135/><E128/><V46/><F104/><W89/><G134/><N who="1" m="51210" /><E125/><V74/><F74/><W114/><G114/><T77/><D103/><U8/><E83/><V64/><F34/><W84/><G38/><T45/><D45/><U24/><E24/><V29/><F29/><W82/><G6/><T102/><D102/><U95/><E95/><N who="2" m="36363" /><F117/><W87/><G14/><AGARI ba="1,0" hai="7,8,11,13,14,18,47,49,53,62,63" m="51210" machi="14" ten="30,1000,0" yaku="20,1" doraHai="60" who="1" fromWho="3" sc="413,0,239,13,157,0,191,-13" owari="413,51.0,252,5.0,157,-34.0,178,-22.0" /></mjloggm>