<mjloggm ver="2.3"><GO type="169" lobby="0"/><UN n0="%E5%B9%BD%E9%9C%8A%E8%88%B9" n1="%E3%82%A6%E3%83%AB%E3%83%88%E3%83%A9%E7%AB%8B%E7%9B%B4" n2="%E3%81%88%E3%82%93%E3%81%BA%E3%82%89%E3%83%BC" n3="%43%2D%6D%69%6E%6F%72%E2%99%AA" dan="16,18,16,17" rate="2057.23,2279.07,2217.38,2167.66" sx="M,M,M,M"/><TAIKYOKU oya="0"/><INIT seed="0,0,0,1,5,12" ten="250,250,250,250" oya="0" hai0="3,73,85,125,59,79,19,54,0,78,114,39,63" hai1="84,66,92,37,83,91,70,7,88,16,30,132,44" hai2="29,111,38,98,47,32,51,80,110,4,90,40,49" hai3="6,106,36,33,45,94,120,67,74,115,55,134,52"/><T126/><D114/><U9/><E132/><V89/><F4/><W99/><G115/><T23/><D39/><U18/><E30/><V121/><F121/><W42/><G74/><T118/><D118/><U2/><E70/><V68/><F68/><W5/><G134/><T28/><D28/><U15/><E66/><V60/><F60/><W81/><G33/><T56/><D73/><U53/><E2/><V21/><F32/><W75/><G106/><T87/><D59/><U8/><E8/><V34/><F34/><W97/><G67/><T65/><D65/><U116/><E116/><V86/><F98/><W129/><G120/><T10/><D85/><N who="1" m="52239" /><E37/><V108/><REACH who="2" step="1"/><F90/><REACH who="2" ten="250,250,240,250" step="2"/><W82/><G99/><T77/><D87/><U95/><E83/><V131/><F131/><W41/><G129/><T11/><D0/><U117/><E117/><V104/><F104/><W127/><G82/><T46/><D3/><U43/><E43/><V35/><F35/><W76/><G41/><T50/><D126/><U109/><E109/><V17/><F17/><N who="1" m="6761" /><E53/><V14/><F14/><W57/><G55/><N who="0" m="30167" /><D125/><U107/><E107/><V105/><F105/><W119/><G127/><T69/><D69/><U123/><E123/><V31/><F31/><W62/><G119/><T71/><D71/><U1/><E1/><V101/><F101/><AGARI ba="0,1" hai="5,6,36,42,45,52,57,62,75,76,81,94,97,101" machi="101" ten="30,2000,0" yaku="7,1,54,1" doraHai="12" who="3" fromWho="2" sc="250,0,250,0,240,-20,250,30" /><INIT seed="1,0,0,2,0,133" ten="250,250,220,280" oya="1" hai0="89,35,49,70,42,135,53,69,129,120,132,86,44" hai1="92,3,104,116,112,74,85,76,118,84,67,82,98" hai2="94,52,81,88,64,5,122,102,6,90,77,2,19" hai3="51,78,36,16,57,111,32,10,8,48,124,131,21"/><U37/><E37/><V115/><F122/><W58/><G32/><T34/><D120/><U9/><E67/><V23/><F64/><W95/><G111/><T83/><D129/><U96/><E9/><V114/><F102/><W99/><G36/><T12/><D12/><U75/><E3/><V39/><F39/><W24/><G131/><T31/><D31/><U60/><E60/><V91/><F94/><W18/><G78/><T71/><REACH who="0" step="1"/><D42/><REACH who="0" ten="240,250,220,280" step="2"/><U26/><E26/><V45/><F2/><W126/><G24/><T128/><D128/><U107/><E112/><V38/><F115/><W65/><G65/><T54/><D54/><U28/><E28/><V105/><F114/><W43/><G43/><T29/><D29/><U25/><E25/><V15/><F105/><N who="1" m="40521" /><E118/><V100/><F38/><W22/><G95/><T27/><D27/><U68/><E116/><V20/><F20/><W109/><G109/><T30/><D30/><U4/><E4/><V33/><F33/><AGARI ba="0,1" hai="33,34,35,44,49,53,69,70,71,83,86,89,132,135" machi="33" ten="50,8000,1" yaku="1,1,53,3" doraHai="133" doraHaiUra="66" who="0" fromWho="2" sc="240,90,250,0,220,-80,280,0" /><INIT seed="2,0,0,3,5,38" ten="330,250,140,280" oya="2" hai0="103,45,117,65,72,20,48,132,26,50,83,43,120" hai1="46,96,90,44,12,24,70,39,49,69,99,86,57" hai2="42,23,28,135,104,4,63,29,93,61,121,15,92" hai3="22,116,100,81,35,85,11,19,89,122,101,27,7"/><V87/><F121/><W59/><G122/><T41/><D132/><U6/><E24/><V47/><F104/><W124/><G116/><T127/><D120/><U95/><E39/><V119/><F119/><W114/><G124/><T30/><D117/><U54/><E69/><V53/><F135/><W37/><G114/><T71/><D127/><U106/><E70/><V31/><F53/><W9/><G35/><T107/><D107/><U102/><E6/><V40/><F47/><W80/><G37/><T0/><D0/><U131/><E131/><V16/><F4/><W5/><G59/><T130/><D103/><N who="3" m="39497" /><G81/><T76/><D130/><U36/><E36/><V109/><F109/><W133/><G133/><T68/><D65/><U113/><E113/><V14/><F14/><N who="3" m="7647" /><G9/><T78/><D76/><U67/><E67/><V110/><F110/><W10/><G10/><T111/><D111/><U18/><REACH who="1" step="1"/><E99/><REACH who="1" ten="330,240,140,280" step="2"/><V34/><F34/><W75/><G75/><T51/><D68/><U94/><E94/><N who="2" m="36459" /><F87/><W66/><G66/><T33/><D71/><U2/><E2/><V8/><F8/><AGARI ba="0,1" hai="8,12,18,44,46,49,54,57,86,90,95,96,102,106" machi="8" ten="30,2000,0" yaku="1,1,7,1,53,0" doraHai="38" doraHaiUra="32" who="1" fromWho="2" sc="330,0,240,30,140,-20,280,0" /><INIT seed="3,0,0,5,5,100" ten="330,270,120,280" oya="3" hai0="80,111,104,53,131,95,41,23,54,106,126,133,11" hai1="14,119,69,108,4,24,37,60,48,87,16,62,44" hai2="70,86,88,45,99,122,118,33,132,50,26,129,5" hai3="31,19,113,128,81,10,127,3,93,130,38,58,91"/><W96/><G113/><T121/><D121/><U36/><E108/><V135/><F118/><W21/><G127/><T32/><D32/><U35/><E119/><V112/><F112/><W17/><G38/><T20/><D111/><U51/><E4/><V73/><F73/><W22/><G31/><T0/><D131/><N who="3" m="50217" /><G58/><T72/><D133/><U90/><E24/><V84/><F70/><W43/><G43/><T65/><D95/><U12/><E35/><V124/><F124/><W59/><G59/><T120/><D65/><U98/><E98/><V82/><F129/><W42/><G42/><T125/><D41/><U114/><E44/><V15/><F122/><W57/><G57/><T63/><D63/><U123/><E62/><V68/><F68/><W79/><G3/><T76/><D120/><U9/><E60/><V39/><F39/><W49/><G49/><T110/><D110/><U83/><E69/><V28/><F86/><N who="3" m="48447" /><G10/><T102/><D11/><U101/><E9/><V94/><F15/><W2/><G2/><T64/><D0/><U107/><E12/><V34/><F34/><W71/><G71/><T74/><D64/><U40/><E114/><V7/><F135/><W115/><G115/><T1/><D1/><U27/><E14/><V13/><F13/><W8/><G8/><T6/><D126/><U97/><E37/><V134/><F134/><W85/><G96/><T25/><D125/><U109/><E109/><V18/><F132/><W46/><G46/><T117/><D117/><U103/><E36/><V105/><F5/><W75/><G75/><T66/><D6/><RYUUKYOKU ba="0,0" sc="330,-10,270,-10,120,-10,280,30" hai3="17,19,21,22,85,91,93" /><INIT seed="3,1,0,1,1,46" ten="320,260,110,310" oya="3" hai0="5,123,60,38,47,40,55,19,22,103,25,114,24" hai1="74,80,95,111,130,129,132,8,88,67,21,59,54" hai2="45,35,26,108,89,66,106,69,97,116,92,37,18" hai3="65,113,44,13,99,20,43,100,71,4,72,58,117"/><W109/><G117/><T32/><D123/><U0/><E67/><V53/><F116/><W9/><G113/><T133/><D114/><U31/><E111/><V119/><F119/><W49/><G109/><T79/><D133/><U91/><E132/><V50/><F108/><W62/><G72/><T104/><D79/><U77/><E31/><V98/><F37/><W125/><G125/><T107/><D5/><N who="1" m="1063" /><E91/><V7/><F7/><W83/><G83/><T6/><D6/><U101/><E21/><V28/><F69/><W73/><G73/><T134/><D134/><U94/><E88/><V2/><F2/><W112/><G112/><T36/><D36/><U11/><E11/><V78/><F66/><W126/><G126/><T3/><D3/><U81/><E81/><V61/><F61/><W75/><G75/><T63/><D63/><N who="1" m="36343" /><E101/><V90/><F78/><W84/><G84/><T52/><D103/><U122/><E122/><V128/><F128/><AGARI ba="1,0" hai="74,77,80,94,95,128,129,130" m="36343,1063" machi="128" ten="30,1000,0" yaku="19,1" doraHai="46" who="1" fromWho="2" sc="320,0,260,13,110,-13,310,0" /><INIT seed="4,0,0,2,3,98" ten="320,273,97,310" oya="0" hai0="84,53,46,63,120,10,97,66,118,1,36,126,68" hai1="103,32,127,19,62,60,8,7,2,82,26,50,85" hai2="99,105,123,131,130,18,13,44,73,111,95,81,133" hai3="64,101,48,45,12,3,87,83,38,35,110,40,129"/><T114/><D118/><U0/><E127/><V5/><F123/><W88/><G110/><T11/><D120/><U128/><E128/><V77/><F111/><W41/><G3/><T22/><D126/><U21/><E0/><V9/><F133/><W37/><G35/><T67/><D114/><U15/><E103/><V75/><F75/><W49/><G129/><T61/><D84/><U71/><E71/><V80/><F80/><W14/><G64/><T27/><D1/><U47/><E32/><V39/><F18/><W132/><G132/><T86/><D86/><U25/><E25/><V34/><F34/><W112/><G112/><T29/><D97/><U58/><E58/><V134/><F134/><W30/><G30/><T102/><D102/><U106/><E106/><V121/><F121/><W55/><G101/><T56/><D53/><U69/><E69/><V28/><F28/><W43/><REACH who="3" step="1"/><G49/><REACH who="3" ten="320,273,97,300" step="2"/><T17/><D29/><U20/><E2/><V125/><F125/><W92/><G92/><T70/><D68/><U108/><E108/><V117/><F117/><W4/><G4/><T89/><D70/><U54/><REACH who="1" step="1"/><E21/><REACH who="1" ten="320,263,97,300" step="2"/><V107/><F131/><W100/><G100/><T113/><D22/><U115/><E115/><V24/><F130/><W104/><G104/><T78/><D113/><U31/><E31/><V109/><F109/><W6/><G6/><T90/><D11/><U65/><E65/><V122/><F122/><W76/><G76/><AGARI ba="0,2" hai="7,8,15,19,20,26,47,50,54,60,62,76,82,85" machi="76" ten="30,8000,1" yaku="1,1,7,1,8,1,53,2" doraHai="98" doraHaiUra="59" who="1" fromWho="3" sc="320,0,263,100,97,0,300,-80" /><INIT seed="5,0,0,4,3,13" ten="320,363,97,220" oya="1" hai0="83,90,57,104,58,117,5,133,84,106,72,102,87" hai1="23,74,69,127,41,52,14,108,55,67,30,37,49" hai2="85,76,73,86,131,121,19,70,110,15,118,11,132" hai3="130,80,124,88,107,99,82,93,21,95,0,18,128"/><U1/><E1/><V8/><F118/><W129/><G0/><T91/><D117/><U47/><E74/><V40/><F121/><W34/><G34/><T56/><D133/><U44/><E127/><V123/><F123/><W63/><G124/><T114/><D114/><U29/><E108/><V3/><F132/><W111/><G111/><T113/><D113/><U65/><E55/><V135/><F135/><W66/><G107/><T22/><D72/><U134/><E134/><V101/><F110/><W6/><G6/><T10/><D22/><U71/><E29/><V64/><F131/><W51/><G51/><T53/><D102/><U59/><E30/><V98/><F40/><W48/><G48/><T68/><D68/><N who="1" m="26187" /><E14/><V32/><F32/><W50/><G50/><T61/><D104/><U35/><E23/><V79/><F64/><N who="1" m="24649" /><E35/><V62/><F62/><W126/><G126/><T119/><D106/><U92/><E92/><V120/><F70/><N who="3" m="42335" /><G95/><T45/><D119/><U96/><E96/><V78/><F73/><W7/><G7/><T60/><D61/><U39/><E39/><V36/><F36/><W94/><G93/><N who="0" m="54471" /><D5/><U122/><E122/><V116/><F116/><W4/><G4/><T103/><D103/><U75/><E75/><V46/><F120/><W105/><G105/><T33/><D33/><U20/><E20/><N who="2" m="11391" /><F3/><W89/><G89/><T42/><D10/><N who="2" m="3626" /><F46/><AGARI ba="0,0" hai="37,41,44,46,47,49,52,59" m="24649,26187" machi="46" ten="30,18000,2" yaku="35,5,54,1" doraHai="13" who="1" fromWho="2" sc="320,0,363,180,97,-180,220,0" owari="320,12.0,543,64.0,-83,-58.0,220,-18.0" /></mjloggm>