<mjloggm ver="2.3"><GO type="169" lobby="0"/><UN n0="%4D%6F%6E%6F%69%64" n1="%E3%82%A6%E3%83%AB%E3%83%88%E3%83%A9%E7%AB%8B%E7%9B%B4" n2="%E3%81%AA%E3%81%8F%E3%81%AB%E3%82%83%E3%82%93" n3="%63%72%69%74%74%65%72" dan="18,18,16,16" rate="2202.60,2209.63,2117.19,2095.79" sx="F,M,M,M"/><TAIKYOKU oya="0"/><INIT seed="0,0,0,1,1,33" ten="250,250,250,250" oya="0" hai0="133,78,13,127,29,111,23,64,83,76,67,95,19" hai1="120,35,100,27,97,132,2,42,20,77,41,71,28" hai2="102,75,104,81,26,94,30,6,9,25,55,45,118" hai3="122,34,134,21,135,53,7,113,5,18,73,50,3"/><T38/><D38/><U15/><E120/><V115/><F115/><W107/><G113/><T89/><D127/><U59/><E132/><N who="3" m="50730" /><G34/><T0/><D133/><U52/><E71/><V106/><F118/><W86/><G73/><T37/><D37/><U112/><E112/><V44/><F94/><W110/><G122/><T90/><D0/><U66/><E66/><N who="0" m="25129" /><D111/><U109/><E2/><V96/><F104/><W16/><G107/><T14/><D29/><U31/><E109/><V98/><F98/><W46/><G110/><T99/><D13/><U68/><E77/><N who="0" m="29801" /><D83/><U121/><E68/><V49/><F81/><W130/><G3/><T117/><D117/><U65/><E121/><V47/><F75/><W17/><G130/><T70/><D70/><U129/><E129/><V85/><F26/><W93/><G21/><T103/><AGARI ba="0,0" hai="14,19,23,89,90,95,99,103" m="29801,25129" machi="103" ten="30,1500,0" yaku="8,1" doraHai="33" who="0" fromWho="0" sc="250,15,250,-5,250,-5,250,-5" /><INIT seed="0,1,0,4,3,60" ten="265,245,245,245" oya="0" hai0="72,128,101,82,63,65,119,50,100,91,10,71,33" hai1="81,17,110,28,25,58,34,135,79,124,66,31,77" hai2="9,61,38,114,120,99,20,22,113,126,24,75,55" hai3="129,39,123,131,47,95,27,53,121,86,32,105,52"/><T36/><D119/><U1/><E110/><V64/><F120/><N who="3" m="46155" /><G105/><T43/><D36/><U5/><E124/><V56/><F126/><W109/><G109/><T18/><D33/><U69/><E69/><V85/><F75/><W112/><G112/><T125/><D125/><U127/><E135/><V26/><F38/><W15/><G15/><T14/><D128/><N who="3" m="49225" /><G95/><T44/><REACH who="0" step="1"/><D91/><REACH who="0" ten="255,245,245,245" step="2"/><U103/><E34/><V80/><F113/><W42/><G86/><T130/><D130/><U59/><E127/><V90/><F114/><W37/><G39/><T57/><D57/><U84/><E59/><N who="2" m="36927" /><F99/><W93/><G93/><T78/><AGARI ba="1,1" hai="10,14,18,43,44,50,63,65,71,72,78,82,100,101" machi="78" ten="30,11700,0" yaku="1,1,0,1,52,1,53,1" doraHai="60" doraHaiUra="6" who="0" fromWho="0" sc="255,130,245,-40,245,-40,245,-40" /><INIT seed="0,2,0,5,3,105" ten="385,205,205,205" oya="0" hai0="7,71,57,12,38,84,79,62,124,69,127,23,96" hai1="77,65,123,131,24,19,82,2,59,66,70,36,8" hai2="86,53,133,9,121,75,27,22,13,108,44,126,46" hai3="35,5,15,16,33,58,88,64,112,55,83,99,128"/><T41/><D96/><U89/><E70/><V78/><F121/><W67/><G112/><T125/><D38/><U100/><E123/><V106/><F108/><W115/><G115/><T42/><D69/><U17/><E131/><V47/><F106/><W40/><G128/><T4/><D71/><U92/><E36/><V132/><F86/><W80/><G5/><N who="0" m="2123" /><D84/><U107/><E2/><V85/><F85/><W91/><G40/><T28/><D79/><U81/><E107/><V60/><F126/><W109/><G109/><T119/><D119/><U110/><E100/><V49/><F60/><N who="3" m="35935" /><G33/><T129/><D129/><U54/><E110/><V97/><F97/><W113/><G35/><T51/><D51/><U0/><E0/><V39/><F39/><W95/><G113/><T11/><D23/><U34/><E34/><V20/><F78/><W25/><G91/><T76/><D28/><U1/><E77/><V130/><F130/><W10/><G25/><T43/><D76/><U116/><E24/><V103/><F103/><W117/><G117/><T134/><D134/><N who="2" m="51818" /><F27/><W93/><G93/><T32/><D32/><U26/><E26/><V104/><F104/><W68/><G68/><T45/><D45/><N who="2" m="17514" /><F22/><W98/><G98/><T114/><D114/><U90/><E116/><V48/><F48/><W37/><G37/><T31/><D31/><U29/><E29/><V94/><F94/><W6/><G6/><N who="0" m="3191" /><D62/><N who="1" m="36215" /><E92/><V21/><F21/><W135/><G135/><T74/><D57/><U102/><E102/><V118/><F118/><W14/><G14/><T122/><D122/><U101/><E101/><RYUUKYOKU ba="2,0" sc="385,15,205,-15,205,-15,205,15" hai0="41,42,43,74,124,125,127" hai3="10,15,16,64,67,80,83,88,95,99" /><INIT seed="0,3,0,2,2,73" ten="400,190,190,220" oya="0" hai0="109,52,96,95,27,32,85,83,87,106,112,47,104" hai1="134,70,40,42,76,24,51,89,31,49,90,117,22" hai2="84,29,12,125,118,60,94,99,97,20,92,55,6" hai3="50,81,2,110,77,64,131,53,63,43,44,45,8"/><T82/><D112/><U9/><E70/><V10/><F125/><W127/><G110/><T65/><D109/><U68/><E68/><V71/><F118/><W30/><G127/><T107/><D65/><U17/><E117/><V123/><F123/><W88/><G131/><T66/><D66/><U34/><E134/><V41/><F41/><N who="1" m="15977" /><E34/><V46/><F84/><W75/><G30/><T16/><D32/><U100/><E100/><V3/><F71/><W130/><G130/><T5/><D5/><U25/><E76/><V0/><F0/><W58/><G88/><N who="1" m="33898" /><E9/><V80/><F80/><N who="0" m="30762" /><D107/><U79/><E79/><V33/><F33/><W62/><G62/><T37/><D37/><U39/><E39/><V103/><F60/><W91/><G91/><N who="0" m="55423" /><D106/><U1/><E1/><V72/><F72/><W26/><G26/><N who="1" m="10346" /><E31/><V105/><F3/><W35/><G35/><T57/><D104/><U113/><E113/><V126/><F126/><W67/><REACH who="3" step="1"/><G45/><REACH who="3" ten="400,190,190,210" step="2"/><T98/><D47/><U15/><AGARI ba="3,1" hai="15,17,22,49,51" m="10346,33898,15977" machi="15" ten="30,2000,0" yaku="8,1,54,1" doraHai="73" who="1" fromWho="1" sc="400,-13,190,39,190,-8,210,-8" /><INIT seed="1,0,0,2,2,67" ten="387,229,182,202" oya="1" hai0="134,37,133,94,41,89,90,70,124,29,78,76,122" hai1="107,14,114,40,18,116,10,103,59,65,53,43,49" hai2="60,81,86,19,44,17,22,20,91,25,3,127,33" hai3="61,104,132,8,102,51,66,73,126,1,31,5,118"/><U11/><E114/><V117/><F3/><W4/><G126/><T26/><D70/><U63/><E116/><V88/><F117/><W125/><G118/><T77/><D124/><U0/><E107/><V85/><F33/><W112/><G125/><T39/><D122/><U105/><E105/><V115/><F127/><W69/><G112/><T23/><D90/><U74/><E74/><V110/><F115/><W9/><G132/><N who="0" m="50795" /><D41/><U34/><E34/><V16/><F110/><W62/><G31/><T119/><D119/><U58/><E0/><V48/><F60/><W100/><G73/><T28/><D28/><U71/><E103/><V92/><F22/><W55/><G61/><T30/><D30/><U135/><E135/><V42/><AGARI ba="0,0" hai="16,17,19,20,25,42,44,48,81,85,86,88,91,92" machi="42" ten="20,8000,1" yaku="0,1,7,1,8,1,54,2" doraHai="67" who="2" fromWho="2" sc="387,-20,229,-40,182,80,202,-20" /><INIT seed="2,0,0,2,2,79" ten="367,189,262,182" oya="2" hai0="131,37,92,120,72,33,84,105,78,85,11,69,13" hai1="76,44,15,7,65,57,63,29,12,58,48,106,38" hai2="126,134,56,71,124,55,116,31,26,129,119,110,47" hai3="112,81,8,41,16,82,39,9,67,64,10,20,77"/><V5/><F5/><W73/><G112/><T104/><D120/><U98/><E38/><V52/><F71/><W135/><G135/><T95/><D33/><U43/><E29/><V108/><F26/><W89/><G41/><T128/><D37/><U30/><E30/><V121/><F134/><W49/><G39/><T114/><D69/><U122/><E122/><V45/><F121/><W91/><G49/><T28/><D28/><U133/><E133/><V103/><F31/><W51/><G51/><T23/><D23/><U27/><E27/><V34/><F103/><W62/><G82/><N who="0" m="45383" /><D13/><U24/><E24/><V36/><F34/><W102/><G102/><T42/><D11/><U113/><E113/><V61/><F36/><W111/><G111/><N who="2" m="42537" /><F129/><N who="0" m="49738" /><D42/><U99/><E43/><V25/><F25/><W94/><G62/><T123/><D123/><U132/><E63/><V6/><F6/><W115/><G115/><T107/><D114/><U100/><E7/><V87/><F55/><W18/><G18/><T86/><AGARI ba="0,0" hai="84,85,86,92,95,104,105,107" m="49738,45383" machi="86" ten="40,8000,1" yaku="19,1,34,2,52,1" doraHai="79" who="0" fromWho="0" sc="367,80,189,-20,262,-40,182,-20" /><INIT seed="3,0,0,1,0,103" ten="447,169,222,162" oya="3" hai0="11,91,122,10,133,118,54,24,73,21,27,49,134" hai1="111,2,82,72,83,41,88,116,121,61,28,74,9" hai2="37,30,92,79,98,129,59,131,33,109,97,94,127" hai3="23,105,85,101,3,95,29,55,16,56,8,57,70"/><W87/><G70/><T86/><D118/><U114/><E28/><V89/><F37/><W42/><G29/><T130/><D122/><U25/><E25/><N who="2" m="18639" /><F79/><W66/><G42/><T46/><D73/><U80/><E2/><V96/><F59/><W65/><G105/><T115/><D130/><N who="2" m="49674" /><F109/><W40/><G40/><T32/><D32/><U112/><E61/><V100/><F127/><W52/><G3/><T93/><D115/><U6/><E41/><V119/><F119/><W71/><G8/><N who="0" m="3115" /><D21/><U38/><E9/><V90/><F97/><N who="3" m="59583" /><G71/><T128/><D128/><U110/><E38/><V64/><F64/><N who="3" m="24683" /><G57/><T60/><D60/><U39/><E39/><V1/><F1/><W117/><G117/><T76/><D76/><U104/><E116/><V35/><F35/><W81/><G56/><T22/><D22/><U78/><E6/><V63/><F63/><W45/><G45/><T31/><D31/><U53/><E53/><N who="3" m="20554" /><G81/><N who="1" m="31338" /><E121/><V69/><F69/><W75/><G75/><N who="1" m="28714" /><E78/><V15/><F15/><AGARI ba="0,0" hai="15,16,23,85,87" m="20554,24683,59583" machi="15" ten="30,5800,0" yaku="8,1,54,2" doraHai="103" who="3" fromWho="2" sc="447,0,169,0,222,-58,162,58" /><INIT seed="3,1,0,2,5,112" ten="447,169,164,220" oya="3" hai0="50,100,3,33,83,119,40,54,76,95,74,96,59" hai1="66,92,9,68,31,75,134,38,30,20,42,52,113" hai2="85,62,102,120,111,44,43,126,101,19,123,135,71" hai3="39,12,64,7,41,27,28,0,37,104,46,86,90"/><W110/><G104/><T35/><D3/><U55/><E113/><V91/><F111/><W36/><G0/><T125/><D125/><U128/><E128/><V82/><F126/><W24/><G110/><T84/><D119/><U106/><E106/><V105/><F105/><W15/><G64/><T47/><REACH who="0" step="1"/><D74/><REACH who="0" ten="437,169,164,220" step="2"/><U103/><E75/><V129/><F129/><W133/><G133/><T124/><D124/><U121/><E134/><V25/><F135/><W61/><G36/><AGARI ba="1,1" hai="33,35,36,40,47,50,54,59,76,83,84,95,96,100" machi="36" ten="30,2000,0" yaku="1,1,7,1,53,0" doraHai="112" doraHaiUra="115" who="0" fromWho="3" sc="437,33,169,0,164,0,220,-23" /><INIT seed="4,0,0,3,4,12" ten="470,169,164,197" oya="0" hai0="83,89,100,104,29,129,74,49,61,102,8,43,130" hai1="135,44,18,28,9,70,37,24,36,38,10,54,121" hai2="109,116,41,25,50,51,39,77,86,76,94,87,57" hai3="107,4,72,85,115,132,81,110,55,32,21,103,15"/><T46/><D29/><U82/><E121/><V133/><F109/><W6/><G110/><T119/><D119/><U48/><E135/><V84/><F133/><W111/><G111/><T0/><D61/><U17/><E70/><V91/><F116/><W1/><G132/><T93/><D104/><U64/><E64/><V34/><F39/><W92/><G32/><T131/><D83/><U88/><E9/><V96/><F34/><W79/><G1/><T105/><D74/><U56/><E10/><V19/><F51/><W63/><G115/><T5/><REACH who="0" step="1"/><D105/><REACH who="0" ten="460,169,164,197" step="2"/><U126/><E126/><V59/><F59/><W3/><G107/><T16/><D16/><U60/><E60/><V122/><F122/><W118/><G63/><T30/><D30/><U73/><E56/><V95/><F57/><W20/><G72/><T40/><D40/><U53/><E73/><V47/><REACH who="2" step="1"/><F95/><REACH who="2" ten="460,169,154,197" step="2"/><W125/><G92/><T66/><D66/><U14/><E44/><V62/><F62/><W75/><G118/><T13/><D13/><U71/><E14/><V26/><F26/><W106/><G15/><T123/><D123/><U120/><E120/><V2/><F2/><W90/><G3/><T68/><D68/><U22/><E71/><V52/><F52/><W65/><G55/><T69/><D69/><U45/><REACH who="1" step="1"/><E54/><REACH who="1" ten="460,159,154,197" step="2"/><V58/><F58/><W113/><G65/><T42/><D42/><U101/><E101/><V98/><F98/><AGARI ba="0,3" hai="0,5,8,43,46,49,89,93,98,100,102,129,130,131" machi="98" ten="40,3900,0" yaku="1,1,19,1,53,0" doraHai="12" doraHaiUra="67" who="0" fromWho="2" sc="460,69,159,0,154,-39,197,0" /><INIT seed="4,1,0,2,3,129" ten="529,159,115,197" oya="0" hai0="109,10,32,41,26,14,57,42,1,126,35,96,31" hai1="64,72,16,77,6,9,28,62,56,71,70,113,50" hai2="33,116,103,20,11,83,8,48,112,135,125,58,134" hai3="4,52,66,123,80,84,98,5,46,68,122,60,130"/><T2/><D35/><U67/><E113/><V15/><F33/><W17/><G130/><T12/><D1/><U7/><E28/><V37/><F37/><W23/><G98/><T59/><D2/><U120/><E120/><N who="3" m="46122" /><G46/><T102/><D126/><U99/><E72/><V29/><F125/><W86/><G52/><T105/><D109/><U100/><E77/><V117/><F112/><W0/><G0/><T79/><D79/><U73/><E73/><V47/><F103/><W101/><G101/><T22/><D32/><U38/><E38/><V107/><F58/><W115/><G115/><T39/><D12/><U93/><E50/><V19/><F83/><W132/><G132/><N who="2" m="50729" /><F107/><W114/><G114/><T44/><REACH who="0" step="1"/><D42/><REACH who="0" ten="519,159,115,197" step="2"/><U108/><E108/><V128/><F128/><W34/><G34/><T89/><D89/><U55/><E100/><V97/><F97/><W91/><G86/><T75/><D75/><U81/><E99/><V36/><F36/><W49/><G84/><T18/><AGARI ba="1,1" hai="10,14,18,22,26,31,39,41,44,57,59,96,102,105" machi="18" ten="20,7800,0" yaku="1,1,0,1,7,1,53,1" doraHai="129" doraHaiUra="94" who="0" fromWho="0" sc="519,91,159,-27,115,-27,197,-27" /><INIT seed="4,2,0,3,5,54" ten="610,132,88,170" oya="0" hai0="59,68,12,50,118,28,35,130,65,111,103,135,3" hai1="98,75,83,56,47,61,9,48,126,26,89,120,21" hai2="34,52,62,131,30,51,0,71,107,125,39,5,116" hai3="91,81,133,63,114,23,1,94,25,8,67,124,10"/><T46/><D118/><U69/><E69/><V27/><F116/><W29/><G114/><T66/><D3/><U31/><E120/><V90/><F125/><W16/><G124/><T11/><D130/><U19/><E126/><V2/><F131/><W41/><G133/><T87/><D135/><U13/><E75/><V77/><F39/><W60/><G41/><T49/><D111/><U96/><E83/><V86/><F107/><W45/><G45/><T42/><D68/><U33/><E89/><V99/><F99/><W53/><G81/><T102/><D35/><U123/><E123/><V109/><F109/><W82/><G82/><T113/><D113/><U104/><E104/><V36/><F36/><W106/><G106/><T93/><D28/><U58/><E33/><V79/><F0/><W121/><G121/><T92/><D92/><U32/><E32/><V132/><F132/><W43/><G43/><T84/><D84/><U44/><E44/><V74/><F74/><W18/><G1/><T119/><D119/><U24/><E24/><V110/><F110/><W76/><G76/><T117/><D117/><U80/><E80/><V100/><F100/><N who="0" m="38442" /><D87/><U72/><E72/><V105/><F105/><W6/><G6/><N who="0" m="3191" /><D93/><U22/><E98/><V17/><F5/><W37/><G37/><T15/><D15/><U38/><E96/><V134/><F2/><W7/><G29/><T70/><D70/><U97/><E38/><V101/><F134/><W40/><G94/><T20/><D20/><N who="1" m="15815" /><E97/><V55/><F71/><W115/><G115/><T122/><D122/><U4/><E22/><RYUUKYOKU ba="2,0" sc="610,30,132,-10,88,-10,170,-10" hai0="42,46,49,50,59,65,66" /><INIT seed="4,3,0,4,3,22" ten="640,122,78,160" oya="0" hai0="4,6,64,80,71,17,38,43,111,2,122,52,77" hai1="114,130,24,90,101,37,78,97,89,51,119,70,59" hai2="67,82,102,65,107,131,76,66,30,19,96,81,46" hai3="110,116,106,73,1,120,98,49,61,63,50,15,125"/><T62/><D122/><U72/><E70/><V99/><F131/><W36/><G116/><T88/><D111/><U115/><E37/><V14/><F30/><W126/><G110/><T117/><D117/><U11/><E119/><V28/><F28/><W105/><G1/><T84/><D2/><U75/><E130/><V40/><F99/><W85/><G73/><T32/><D32/><U39/><E39/><V127/><F127/><N who="3" m="48651" /><G120/><T100/><D100/><U92/><E11/><V25/><F76/><W58/><G36/><T26/><D77/><U129/><E129/><V44/><F44/><W34/><G34/><T128/><D128/><U95/><E24/><V132/><F132/><W23/><G85/><T29/><D29/><U118/><E118/><V35/><F14/><W91/><G63/><T18/><D18/><U133/><E133/><V86/><F86/><W8/><G23/><T113/><D113/><N who="1" m="43019" /><E78/><V45/><F45/><W135/><G135/><T31/><D31/><U48/><E101/><V0/><F0/><W13/><G13/><T134/><D134/><U10/><E10/><V9/><F9/><W55/><G91/><T109/><D109/><U69/><E69/><V12/><F12/><W42/><G42/><T20/><REACH who="0" step="1"/><D52/><REACH who="0" ten="630,122,78,160" step="2"/><N who="1" m="32135" /><E51/><V112/><F112/><W123/><G123/><T121/><D121/><U68/><E75/><V3/><F3/><W79/><G79/><T47/><AGARI ba="3,1" hai="4,6,17,20,26,38,43,47,62,64,71,80,84,88" machi="47" ten="30,11700,0" yaku="1,1,0,1,52,1,54,1,53,0" doraHai="22" doraHaiUra="53" who="0" fromWho="0" sc="630,136,122,-42,78,-42,160,-42" /><INIT seed="4,4,0,2,1,70" ten="766,80,36,118" oya="0" hai0="31,19,52,25,39,127,12,95,46,44,126,56,38" hai1="29,78,33,81,20,123,77,86,49,99,90,51,124" hai2="133,67,109,7,59,130,36,63,3,102,121,73,57" hai3="21,125,62,89,83,30,100,116,105,10,69,35,23"/><T9/><D95/><U11/><E33/><V22/><F121/><W53/><G116/><T16/><D19/><U24/><E123/><V120/><F120/><W96/><G125/><N who="0" m="47627" /><D46/><U32/><E124/><V8/><F109/><W64/><G10/><T76/><D76/><N who="1" m="29291" /><E32/><V101/><F130/><W87/><REACH who="3" step="1"/><G53/><REACH who="3" ten="766,80,36,108" step="2"/><T115/><D115/><U134/><E134/><V15/><F133/><W88/><G88/><T17/><D17/><U14/><E99/><V18/><F73/><W34/><G34/><N who="0" m="20847" /><D44/><U132/><E132/><V135/><F135/><W111/><G111/><T131/><D131/><U26/><E26/><AGARI ba="4,1" hai="21,23,26,30,35,62,64,69,83,87,89,96,100,105" machi="26" ten="40,5200,0" yaku="1,1,25,2,53,0" doraHai="70" doraHaiUra="74" who="3" fromWho="1" sc="766,0,80,-64,36,0,108,74" /><INIT seed="5,0,0,2,3,46" ten="766,16,36,182" oya="1" hai0="49,8,13,82,6,115,110,30,63,91,103,124,40" hai1="88,98,70,11,66,102,78,90,119,21,134,7,22" hai2="87,28,41,62,116,60,73,16,120,38,122,99,79" hai3="26,64,56,18,80,45,81,55,1,95,108,107,52"/><U97/><E119/><V84/><F99/><W59/><G108/><T17/><D110/><U75/><E134/><V54/><F28/><W42/><G107/><T35/><D115/><U113/><E113/><V44/><F116/><W114/><G114/><T133/><D133/><U121/><E121/><V0/><F0/><W9/><G64/><T104/><D124/><U105/><E70/><V53/><F73/><W92/><G42/><T12/><D63/><U89/><E66/><V132/><F132/><W135/><G45/><N who="0" m="25767" /><D35/><U83/><REACH who="1" step="1"/><E97/><REACH who="1" ten="766,6,36,182" step="2"/><V125/><F125/><W3/><G135/><T10/><D104/><U39/><E39/><V31/><F38/><W24/><G9/><T4/><D10/><U128/><E128/><V93/><F120/><W71/><G71/><T118/><D118/><U117/><E117/><V20/><F122/><W48/><G18/><T109/><D17/><U130/><E130/><V36/><F31/><W94/><G94/><T5/><D8/><U131/><E131/><V50/><F36/><W47/><G92/><T61/><D109/><U68/><E68/><V43/><F93/><W23/><G95/><T32/><D4/><U96/><E96/><V77/><F16/><W86/><G80/><T126/><D5/><U57/><E57/><V67/><F67/><W72/><G59/><T112/><D6/><U69/><E69/><V37/><F37/><W100/><G56/><T123/><D112/><U27/><E27/><V127/><F127/><W51/><G26/><T25/><D126/><U106/><E106/><V65/><F65/><W111/><G24/><RYUUKYOKU ba="0,1" sc="766,-10,6,30,36,-10,182,-10" hai1="7,11,21,22,75,78,83,88,89,90,98,102,105" /><INIT seed="5,1,1,1,4,73" ten="756,36,26,172" oya="1" hai0="105,82,31,76,55,1,99,3,118,108,96,53,119" hai1="107,104,45,123,112,9,126,124,81,120,130,77,50" hai2="29,106,94,25,115,111,23,98,30,42,103,86,7" hai3="70,56,116,92,90,33,84,100,74,57,69,129,131"/><U91/><E9/><V62/><F111/><W52/><G116/><T10/><D82/><U65/><E65/><V132/><F132/><W43/><G33/><T83/><D83/><U39/><E39/><V68/><F42/><W121/><G121/><N who="1" m="46666" /><E112/><V71/><F7/><W40/><G74/><T13/><D13/><U122/><N who="1" m="46674" /><U113/><DORA hai="41" /><E113/><V28/><F115/><W64/><G40/><T26/><D10/><U67/><E67/><V125/><F125/><N who="1" m="48233" /><E91/><V2/><F2/><W47/><G64/><T35/><D1/><U54/><E130/><N who="3" m="49674" /><G69/><T15/><D3/><U89/><E89/><V11/><F71/><W34/><G70/><T117/><D108/><U0/><E0/><V46/><F11/><W16/><G90/><T127/><D127/><U51/><E51/><V32/><F106/><W63/><G100/><T101/><D101/><U61/><E61/><V17/><F68/><W27/><G63/><T18/><D105/><U102/><E102/><V58/><F46/><W78/><G47/><T134/><D118/><U66/><E66/><V135/><F135/><W24/><G57/><T93/><D134/><U21/><E21/><V133/><F133/><W8/><G56/><T36/><D36/><U20/><E20/><V109/><F109/><W6/><G8/><N who="0" m="6503" /><D119/><U48/><E48/><V49/><F49/><W97/><G34/><T128/><D117/><U38/><E38/><V79/><F32/><W59/><G59/><T72/><D128/><U85/><AGARI ba="1,1" hai="45,50,54,77,81,85,104,107" m="48233,46674" machi="85" ten="50,9600,0" yaku="18,1,52,2" doraHai="73,41" who="1" fromWho="1" sc="756,-33,36,109,26,-33,172,-33" owari="723,82.0,145,-5.0,-7,-51.0,139,-26.0" /></mjloggm>