<mjloggm ver="2.3"><GO type="169" lobby="0"/><UN n0="%3D%4A%61%6D" n1="%E3%81%A9%E3%81%90%E3%81%95%E3%82%8C%E3%81%86%E3%81%AA%E3%81%8E" n2="%E3%83%88%E3%83%88%E3%83%AA%E5%85%88%E7%94%9F%31%39%E6%AD%B3" n3="%E3%81%8F%E3%81%86%E3%81%9F%E3%82%8D" dan="16,16,18,17" rate="2052.29,2110.10,2288.80,2117.36" sx="M,M,F,M"/><TAIKYOKU oya="0"/><INIT seed="0,0,0,5,0,64" ten="250,250,250,250" oya="0" hai0="126,77,124,85,22,35,132,103,94,98,46,91,0" hai1="44,81,99,12,115,93,9,31,39,73,130,26,45" hai2="38,78,116,49,133,4,60,121,100,56,87,11,135" hai3="123,20,27,79,68,65,109,36,104,71,58,105,90"/><T41/><D0/><U92/><E130/><V75/><F121/><W6/><G36/><T96/><D35/><U7/><E115/><V62/><F38/><W112/><G112/><T61/><D132/><N who="2" m="50762" /><F75/><W69/><G79/><T82/><D22/><U24/><E39/><V2/><F116/><W47/><G6/><T59/><D46/><N who="1" m="18027" /><E73/><V29/><F29/><W113/><G113/><T74/><D41/><U21/><E26/><V118/><F118/><W23/><G47/><T42/><D42/><U13/><E81/><N who="2" m="47543" /><F100/><W107/><G109/><T28/><D28/><U84/><E84/><V30/><F30/><W32/><G123/><T114/><D114/><U52/><E99/><V54/><AGARI ba="0,0" hai="2,4,11,49,54,56,60,62" m="47543,50762" machi="54" ten="30,1100,0" yaku="20,1" doraHai="64" who="2" fromWho="2" sc="250,-5,250,-3,250,11,250,-3" /><INIT seed="1,0,0,3,0,99" ten="245,247,261,247" oya="1" hai0="7,69,43,58,18,3,117,46,90,89,15,2,88" hai1="109,51,28,62,86,44,126,119,42,55,118,74,10" hai2="5,96,113,48,37,4,47,110,61,41,132,104,12" hai3="20,8,101,24,83,133,9,49,124,57,102,39,38"/><U103/><E74/><V130/><F110/><W64/><G124/><T92/><D69/><U11/><E126/><V112/><F130/><W14/><G133/><T111/><D117/><U98/><E28/><V122/><F122/><W1/><G1/><T100/><D111/><U135/><E135/><V129/><F129/><W30/><G39/><T107/><D107/><U81/><E109/><V72/><F72/><W87/><G38/><T31/><D31/><U65/><E42/><V67/><F132/><W29/><G29/><T53/><D7/><U82/><E118/><V105/><F37/><W76/><G9/><T79/><D79/><U121/><E121/><V78/><F78/><W63/><REACH who="3" step="1"/><G49/><REACH who="3" ten="245,247,261,237" step="2"/><N who="0" m="26847" /><D2/><U84/><E119/><V106/><F112/><W71/><G71/><T16/><D3/><U45/><E11/><V94/><F113/><W59/><G59/><T21/><D18/><AGARI ba="0,1" hai="8,14,18,20,24,30,57,63,64,76,83,87,101,102" machi="18" ten="30,12000,2" yaku="1,1,7,1,8,1,52,2,53,1" doraHai="99" doraHaiUra="26" who="3" fromWho="0" sc="245,-120,247,0,261,0,237,130" /><INIT seed="2,0,0,2,4,13" ten="125,247,261,367" oya="2" hai0="116,10,60,7,131,59,113,29,134,53,23,63,30" hai1="64,75,14,124,33,92,28,104,52,91,112,46,87" hai2="44,24,95,32,69,51,25,83,9,4,36,50,12" hai3="133,101,132,48,93,68,35,71,122,111,120,105,43"/><V82/><F69/><N who="3" m="26699" /><G35/><T70/><D113/><U106/><E112/><V19/><F36/><W128/><G105/><T94/><D116/><U72/><E64/><V3/><F50/><W114/><G114/><T80/><D134/><N who="3" m="51817" /><G111/><T127/><D127/><U34/><E124/><V115/><F115/><W88/><G101/><T86/><D131/><U110/><E110/><V67/><F67/><W47/><G128/><T8/><D70/><U97/><E34/><V62/><F62/><W118/><G118/><T135/><D135/><U85/><E104/><V27/><F32/><W54/><G43/><T58/><D94/><U109/><E109/><V117/><F117/><W74/><G74/><T90/><D23/><U57/><E75/><V129/><F129/><W99/><AGARI ba="0,0" hai="47,48,54,88,93,99,120,122" m="51817,26699" machi="99" ten="30,2000,0" yaku="20,1,54,1" doraHai="13" who="3" fromWho="3" sc="125,-5,247,-5,261,-10,367,20" /><INIT seed="3,0,0,0,2,95" ten="120,242,251,387" oya="3" hai0="104,7,33,58,31,32,69,77,100,135,55,42,66" hai1="3,2,19,131,130,38,6,23,94,16,70,114,81" hai2="17,110,120,50,78,87,76,21,108,13,116,0,106" hai3="30,91,9,4,126,105,85,10,124,75,117,112,134"/><W80/><G112/><T88/><D135/><U27/><E38/><V103/><F116/><W97/><G117/><T121/><D121/><U14/><E70/><V115/><F115/><W44/><G134/><T132/><D132/><U57/><E114/><V53/><F0/><W46/><G30/><T127/><D127/><N who="3" m="48681" /><G75/><T128/><D128/><N who="1" m="49195" /><E81/><V25/><F120/><W73/><G73/><T68/><D77/><U5/><E57/><V122/><F122/><W54/><G54/><T47/><D7/><N who="1" m="2571" /><E94/><V90/><F78/><W109/><G109/><T71/><D66/><U43/><E43/><V12/><F76/><W93/><G105/><T65/><D65/><U40/><E40/><V37/><F37/><W101/><G9/><AGARI ba="0,0" hai="2,3,9,14,16,19,23,27" m="2571,49195" machi="9" ten="30,7700,0" yaku="19,1,34,2,54,1" doraHai="95" who="1" fromWho="3" sc="120,0,242,77,251,0,387,-77" /><INIT seed="4,0,0,5,3,95" ten="120,319,251,310" oya="0" hai0="56,79,114,69,124,76,71,1,128,47,125,104,115" hai1="6,122,37,27,70,41,132,109,99,75,61,92,15" hai2="101,33,82,91,97,119,45,72,83,78,30,23,40" hai3="44,68,117,36,7,123,34,103,63,133,35,62,12"/><T111/><D1/><U22/><E122/><V4/><F33/><W16/><G117/><T107/><D56/><U121/><E109/><V10/><F119/><W13/><G133/><T54/><D111/><U120/><E75/><V94/><F30/><W126/><G126/><N who="0" m="48747" /><D47/><U17/><E132/><V64/><F23/><W39/><G123/><T48/><D48/><U65/><E41/><V26/><F26/><W108/><G108/><T88/><D54/><U90/><E37/><V11/><F64/><W38/><G44/><T73/><D73/><U14/><E15/><V59/><F59/><W131/><G131/><T46/><D46/><U66/><E66/><V81/><F101/><W3/><G3/><T55/><D55/><U87/><E120/><V89/><F89/><W2/><G2/><T20/><D20/><U21/><E121/><V51/><F11/><W18/><G38/><T53/><D53/><U19/><REACH who="1" step="1"/><E6/><REACH who="1" ten="120,309,251,310" step="2"/><V118/><F118/><W8/><G7/><T42/><D42/><U9/><E9/><V77/><REACH who="2" step="1"/><F72/><REACH who="2" ten="120,309,241,310" step="2"/><W0/><G8/><T86/><D128/><U96/><AGARI ba="0,2" hai="14,17,19,21,22,27,61,65,70,87,90,92,96,99" machi="96" ten="30,7900,0" yaku="1,1,0,1,52,2,53,0" doraHai="95" doraHaiUra="100" who="1" fromWho="1" sc="120,-39,309,99,241,-20,310,-20" /><INIT seed="5,0,0,1,3,41" ten="81,408,221,290" oya="1" hai0="74,48,79,119,96,15,62,57,127,0,125,55,71" hai1="102,111,33,26,109,63,38,85,134,99,135,91,11" hai2="61,32,19,97,69,121,54,52,6,75,49,27,118" hai3="116,89,56,115,67,84,21,51,107,1,77,13,68"/><U3/><E63/><V83/><F118/><W70/><G1/><T7/><D0/><U60/><E60/><V25/><F121/><W126/><G116/><T100/><D74/><U8/><E38/><V113/><F113/><W87/><G107/><T47/><D119/><U66/><E66/><V22/><F6/><W92/><G126/><T80/><D71/><U42/><E42/><V24/><F32/><W72/><G115/><T46/><D7/><N who="1" m="1151" /><E11/><V129/><F129/><W43/><G72/><T105/><D15/><U123/><E123/><V130/><F130/><W17/><G67/><T58/><D79/><U73/><E73/><V14/><F75/><W86/><G86/><T30/><D80/><N who="1" m="49575" /><E26/><V114/><F114/><W131/><G131/><T23/><D23/><U65/><E65/><V112/><F112/><W76/><G76/><T53/><D30/><U122/><E33/><V78/><F69/><W36/><G36/><T5/><D5/><U81/><E81/><V20/><F97/><W82/><REACH who="3" step="1"/><G43/><REACH who="3" ten="81,408,221,280" step="2"/><T45/><AGARI ba="0,1" hai="45,46,47,48,53,55,57,58,62,96,100,105,125,127" machi="45" ten="30,7900,0" yaku="0,1,52,3" doraHai="41" who="0" fromWho="0" sc="81,89,408,-39,221,-20,280,-20" /><INIT seed="6,0,0,2,4,93" ten="170,369,201,260" oya="2" hai0="67,1,60,115,14,40,23,105,135,53,108,97,38" hai1="11,66,69,114,65,33,95,31,10,120,76,92,94" hai2="98,130,73,100,29,110,20,83,16,104,63,6,56" hai3="46,49,35,15,126,32,81,129,85,9,106,41,26"/><V50/><F130/><W47/><G129/><T45/><D1/><U107/><E114/><V116/><F116/><W86/><G126/><T121/><D108/><U59/><E120/><V78/><F110/><W74/><G106/><T8/><D121/><U87/><E107/><V37/><F37/><W48/><G74/><T84/><D115/><U39/><E39/><V132/><F132/><W36/><G36/><T55/><D84/><U103/><E69/><V123/><F123/><W71/><G71/><T134/><D23/><U64/><E103/><V24/><F50/><W127/><G127/><T113/><D113/><U42/><E42/><V18/><REACH who="2" step="1"/><F6/><REACH who="2" ten="170,369,191,260" step="2"/><W30/><G48/><T21/><D21/><U111/><E111/><V75/><F75/><W102/><G35/><T101/><D135/><U2/><E33/><V7/><F7/><W28/><G32/><T54/><D134/><U80/><E2/><V5/><F5/><W119/><G49/><T117/><D117/><U90/><E31/><V77/><F77/><W58/><G30/><T12/><REACH who="0" step="1"/><D8/><REACH who="0" ten="160,369,191,260" step="2"/><U96/><E11/><V25/><F25/><W122/><G26/><T57/><AGARI ba="0,2" hai="12,14,38,40,45,53,54,55,57,60,67,97,101,105" machi="57" ten="30,12000,2" yaku="1,1,2,1,0,1,52,1,53,3" doraHai="93" doraHaiUra="51" who="0" fromWho="0" sc="160,140,369,-30,191,-60,260,-30" /><INIT seed="7,0,0,4,0,123" ten="300,339,131,230" oya="3" hai0="82,45,53,135,103,115,124,24,55,84,134,72,99" hai1="8,80,102,59,120,13,112,89,56,25,30,17,39" hai2="31,60,74,131,10,76,125,37,61,50,23,41,14" hai3="67,104,46,71,114,87,34,2,88,113,83,105,132"/><W108/><G2/><T21/><D72/><U122/><E39/><V101/><F37/><W93/><G34/><T111/><D111/><U91/><E112/><N who="3" m="43114" /><G132/><N who="0" m="50731" /><D45/><U35/><E102/><V32/><F32/><W78/><G46/><T85/><D124/><U127/><E127/><V54/><F125/><W1/><G1/><T49/><D115/><U29/><E29/><V110/><F131/><W118/><G118/><T92/><D49/><U18/><E18/><V100/><F74/><N who="3" m="43479" /><G108/><T130/><D84/><U133/><E133/><V42/><F76/><W36/><G36/><T95/><D95/><U33/><E33/><V11/><F110/><W9/><G9/><T12/><D12/><U116/><E116/><V90/><F14/><W77/><G77/><N who="0" m="46287" /><D130/><U40/><E40/><V97/><F50/><W28/><G28/><AGARI ba="0,0" hai="21,24,28,53,55,92,99,103" m="46287,50731" machi="28" ten="30,1000,0" yaku="20,1" doraHai="123" who="0" fromWho="3" sc="300,10,339,0,131,0,230,-10" owari="310,11.0,339,44.0,131,-37.0,220,-18.0" /></mjloggm>