<mjloggm ver="2.3"><GO type="169" lobby="0"/><UN n0="%E2%80%BB%34%33%33%E2%80%BB" n1="%74%65%40%72%73" n2="%E3%83%88%E3%83%88%E3%83%AA%E5%85%88%E7%94%9F%31%39%E6%AD%B3" n3="%E3%83%AF%E3%83%B3%E3%82%BF%E3%83%B3%EF%BC%A0%E6%A8%AA%E6%B5%9C" dan="16,17,19,16" rate="2066.50,2188.37,2306.58,2150.94" sx="M,M,F,M"/><TAIKYOKU oya="0"/><INIT seed="0,0,0,3,4,60" ten="250,250,250,250" oya="0" hai0="98,39,106,83,40,49,104,116,36,6,0,28,21" hai1="35,64,96,73,2,27,23,18,122,47,87,128,132" hai2="56,135,41,26,9,32,68,75,20,79,100,65,78" hai3="108,4,43,54,1,102,61,10,37,66,71,52,25"/><T13/><D116/><U11/><E122/><V34/><F68/><W126/><G108/><T120/><D120/><U91/><E128/><V84/><F75/><W17/><G126/><T114/><D114/><U99/><E73/><V45/><F135/><W5/><G4/><T92/><D0/><U8/><E132/><V46/><F100/><W123/><G123/><T121/><D121/><U86/><E35/><V42/><F9/><N who="1" m="3657" /><E2/><V12/><F12/><W95/><G43/><T129/><D129/><U105/><E105/><V111/><F111/><W14/><G37/><T31/><D39/><U70/><E70/><V93/><F93/><W130/><G25/><T118/><D36/><U33/><E33/><V134/><F134/><W107/><G107/><T127/><D118/><U113/><E113/><V90/><F90/><W80/><G130/><T67/><D127/><U15/><E27/><V51/><F84/><N who="1" m="32297" /><E91/><V82/><F82/><W81/><G80/><T24/><D31/><U103/><E103/><V22/><F26/><W48/><G81/><T110/><D110/><U89/><E89/><V77/><F34/><W94/><G102/><N who="0" m="60743" /><D83/><U16/><E18/><V44/><F32/><W117/><G117/><T88/><D88/><U30/><E30/><V133/><F133/><W63/><G17/><T53/><D106/><U58/><E47/><N who="2" m="26095" /><F42/><W76/><G1/><T19/><D40/><U125/><E125/><V55/><F55/><W101/><G101/><T85/><D104/><U69/><E69/><V74/><F74/><W119/><G119/><T72/><D72/><U97/><E97/><RYUUKYOKU ba="0,0" sc="250,-15,250,15,250,15,250,-15" hai1="15,16,23,58,64,96,99" hai2="20,22,44,45,46,56,65,77,78,79" /><INIT seed="1,1,0,4,0,81" ten="235,265,265,235" oya="1" hai0="16,43,55,38,90,48,6,108,94,19,92,100,71" hai1="91,127,113,25,132,115,104,28,98,118,56,65,23" hai2="27,78,31,37,93,8,73,58,134,64,101,46,10" hai3="24,11,116,18,120,128,95,21,119,22,53,67,83"/><U79/><E118/><V135/><F78/><W68/><G120/><T44/><D108/><U47/><E132/><N who="2" m="50731" /><F73/><W74/><G128/><T50/><D71/><U105/><E79/><V124/><F124/><W33/><G33/><T4/><D38/><U41/><E127/><V9/><F64/><W0/><G74/><T103/><D94/><U77/><E77/><V84/><F58/><W89/><G83/><T42/><D42/><U1/><E1/><V70/><F70/><W5/><G53/><T82/><D82/><U96/><E105/><V66/><F66/><W60/><REACH who="3" step="1"/><G21/><REACH who="3" ten="235,265,265,225" step="2"/><T109/><D109/><U12/><E23/><N who="2" m="15871" /><F46/><W32/><G32/><T85/><D55/><U133/><E47/><V126/><F126/><W40/><G40/><T87/><D44/><U13/><E41/><V123/><F123/><W114/><G114/><T125/><D43/><U131/><E133/><V72/><F72/><W45/><G45/><T62/><D125/><U54/><E131/><V130/><F130/><W20/><G20/><T35/><D35/><N who="1" m="20879" /><E115/><V61/><F37/><W121/><G121/><T129/><D129/><U14/><E113/><V30/><F61/><W15/><G15/><T69/><D62/><N who="1" m="36119" /><E65/><V59/><F59/><W39/><G39/><T112/><D69/><U86/><E104/><V122/><F122/><W7/><G7/><T88/><D112/><U52/><E52/><V102/><F30/><W117/><G117/><T97/><D4/><U36/><E36/><V110/><F110/><W63/><G63/><T49/><D6/><U75/><E75/><V106/><F106/><RYUUKYOKU ba="1,1" sc="235,-30,265,10,265,10,225,10" hai1="12,13,14,86,91,96,98" hai2="8,9,10,84,93,101,102" hai3="0,5,11,18,22,24,60,67,68,89,95,116,119" /><INIT seed="1,2,1,3,4,20" ten="205,275,275,235" oya="1" hai0="13,75,67,42,63,10,22,126,11,65,62,40,103" hai1="27,26,134,23,19,14,120,112,92,111,128,86,87" hai2="102,85,96,70,52,106,37,47,33,100,51,17,83" hai3="97,135,89,113,32,39,34,57,50,7,43,8,122"/><U74/><E120/><V125/><F70/><W69/><G122/><T90/><D75/><U79/><E112/><V56/><F125/><W73/><G69/><T16/><D126/><U60/><E128/><V38/><F33/><W105/><G113/><T82/><D103/><U95/><E134/><V93/><F100/><W104/><G73/><T0/><D10/><U5/><E111/><V108/><F108/><W123/><G123/><T15/><D0/><U131/><E74/><V115/><F115/><W116/><G39/><T29/><D63/><U99/><E131/><V124/><F106/><W31/><G34/><T59/><D67/><U129/><E129/><V94/><F94/><N who="1" m="35881" /><E99/><V107/><F107/><W101/><G104/><T36/><D36/><U118/><E118/><V72/><F72/><W84/><G135/><T46/><D46/><U44/><E5/><V54/><F17/><W78/><G116/><T127/><D127/><U6/><E6/><V48/><REACH who="2" step="1"/><F124/><REACH who="2" ten="205,275,265,235" step="2"/><W71/><G105/><T64/><D29/><U3/><E87/><V41/><F41/><W66/><G32/><T81/><D40/><U76/><E86/><V80/><F80/><W68/><G71/><T21/><D42/><U18/><E18/><V98/><F98/><W110/><G68/><T114/><D114/><U88/><E19/><V25/><F25/><W119/><G110/><T58/><D21/><U49/><E27/><V35/><F35/><W61/><G119/><T9/><D22/><U91/><E26/><V12/><F12/><W28/><G84/><T133/><D16/><U132/><E14/><RYUUKYOKU ba="2,2" sc="205,-10,275,-10,265,30,235,-10" hai2="37,38,47,48,51,52,54,56,83,85,93,96,102" /><INIT seed="2,3,2,4,3,64" ten="195,265,295,225" oya="2" hai0="118,45,90,68,53,115,69,109,4,77,81,98,112" hai1="5,74,130,22,134,36,110,123,113,19,84,97,95" hai2="44,65,119,91,70,58,126,34,88,133,12,51,26" hai3="18,107,75,43,49,78,124,10,33,117,94,108,135"/><V101/><F119/><W29/><G117/><T62/><D118/><U8/><E113/><V129/><F129/><W131/><G107/><T38/><D109/><U100/><E110/><V102/><F70/><W60/><G108/><T66/><D4/><U21/><E74/><V41/><F133/><W116/><G116/><T55/><D77/><U2/><E134/><V104/><F126/><W92/><G124/><T89/><D81/><U0/><E130/><V7/><F104/><W54/><G131/><T47/><D98/><U46/><E123/><V105/><F105/><W24/><G135/><T122/><D66/><U3/><E22/><V40/><F40/><W132/><G132/><T16/><D62/><U56/><E84/><V15/><F34/><W127/><G43/><T99/><D99/><U76/><E76/><V17/><F26/><W67/><G78/><T82/><D82/><U106/><E56/><V48/><F7/><W31/><G75/><T32/><D16/><U52/><E106/><V120/><F12/><N who="3" m="7447" /><G24/><T87/><D87/><U83/><E83/><V73/><F73/><W39/><G33/><T50/><D32/><U14/><REACH who="1" step="1"/><E36/><REACH who="1" ten="195,255,295,225" step="2"/><V37/><F37/><W93/><G39/><T13/><D38/><U103/><E103/><N who="2" m="39435" /><F120/><W128/><G128/><T9/><D122/><U25/><E25/><V57/><F57/><N who="3" m="37263" /><G127/><T72/><D72/><U28/><E28/><V20/><F65/><W71/><G71/><N who="0" m="27211" /><D115/><U27/><E27/><V79/><F79/><W85/><G85/><T23/><D112/><U114/><E114/><V125/><F125/><W30/><G29/><RYUUKYOKU ba="3,3" sc="195,-30,255,10,295,10,225,10" hai1="0,2,3,5,8,14,19,21,46,52,95,97,100" hai2="15,17,20,41,44,48,51,58,88,91" hai3="30,31,49,54,92,93,94" /><INIT seed="2,4,3,2,2,116" ten="165,265,305,235" oya="2" hai0="100,64,11,27,22,12,130,133,92,131,118,76,129" hai1="110,91,21,80,16,109,124,135,127,15,13,85,55" hai2="62,17,122,123,84,105,45,32,49,67,54,114,57" hai3="61,8,106,41,69,113,93,48,77,10,43,99,5"/><V108/><F105/><W94/><G113/><T115/><D64/><U132/><E13/><V102/><F102/><W79/><G106/><T3/><D76/><U44/><E44/><V2/><F2/><W87/><G69/><T120/><D100/><U29/><E55/><V97/><F97/><W53/><G61/><T39/><D39/><U37/><E29/><V72/><F72/><W71/><G71/><T42/><D42/><N who="3" m="15881" /><G87/><T6/><D92/><N who="3" m="35433" /><G99/><T128/><N who="0" m="32768" /><DORA hai="50" /><T68/><D68/><U121/><E121/><V78/><F32/><W81/><G81/><T58/><D58/><U107/><E37/><V4/><F4/><W0/><G0/><T51/><D51/><U60/><E60/><V24/><F114/><W111/><G111/><N who="1" m="42506" /><E107/><V28/><F108/><W125/><G125/><AGARI ba="4,3" hai="15,16,21,80,85,91,124,125,127,132,135" m="42506" machi="125" ten="30,3900,0" yaku="18,1,14,1,54,1" doraHai="116,50" who="1" fromWho="3" sc="165,0,265,81,305,0,235,-51" /><INIT seed="3,0,0,1,4,47" ten="165,346,305,184" oya="3" hai0="23,35,81,32,59,7,113,111,8,50,96,16,91" hai1="27,130,63,99,76,109,119,93,117,105,122,33,134" hai2="133,61,20,48,125,115,62,124,118,83,12,110,114" hai3="38,37,65,123,126,106,75,17,11,72,13,31,101"/><W67/><G123/><T64/><D113/><U112/><E112/><N who="2" m="43051" /><F83/><W90/><G126/><N who="2" m="48745" /><F118/><W66/><G31/><T2/><D111/><U58/><E109/><V69/><F110/><W18/><G90/><T102/><D91/><U10/><E122/><V41/><F12/><W97/><REACH who="3" step="1"/><G17/><REACH who="3" ten="165,346,305,174" step="2"/><T1/><D81/><U60/><E119/><V5/><F133/><W40/><G40/><T116/><D116/><U100/><E134/><V49/><F41/><W71/><G71/><T57/><D35/><U0/><E33/><V74/><F69/><W46/><G46/><T14/><D32/><U55/><E117/><V22/><F5/><W56/><G56/><T45/><D57/><U43/><E58/><V24/><F74/><AGARI ba="0,1" hai="11,13,18,37,38,65,66,67,72,74,75,97,101,106" machi="74" ten="40,3900,0" yaku="1,1,53,1" doraHai="47" doraHaiUra="92" who="3" fromWho="2" sc="165,0,346,0,305,-39,174,49" /><INIT seed="3,1,0,0,2,91" ten="165,346,266,223" oya="3" hai0="94,119,44,35,70,76,8,92,41,64,68,100,34" hai1="135,75,22,51,5,42,127,50,1,125,131,99,9" hai2="33,26,45,124,67,115,46,14,56,27,3,55,69" hai3="2,88,134,48,105,98,24,108,49,111,121,130,87"/><W38/><G121/><T82/><D119/><U11/><E135/><V32/><F3/><W57/><G38/><T104/><D104/><U18/><E131/><V40/><F115/><W30/><G2/><T123/><D123/><U77/><E11/><V21/><F124/><N who="1" m="47689" /><E42/><V86/><F14/><W122/><G122/><T53/><D100/><U31/><E31/><V129/><F129/><W112/><G112/><T114/><D114/><U81/><E99/><V0/><F0/><W109/><G130/><T90/><D90/><U58/><E58/><V83/><F67/><W29/><G134/><T47/><D8/><U19/><E19/><V71/><F71/><W120/><G120/><T78/><D64/><U54/><E54/><V128/><F69/><W107/><G57/><T13/><D41/><U6/><E6/><V17/><F128/><W66/><G66/><T63/><D63/><U96/><E96/><V60/><F46/><W102/><G105/><T95/><D53/><U93/><E93/><V43/><F43/><W106/><G107/><T85/><D95/><U72/><E72/><V28/><F45/><W80/><REACH who="3" step="1"/><G30/><REACH who="3" ten="165,346,266,213" step="2"/><T25/><D70/><U52/><E52/><V110/><F40/><W89/><G89/><T4/><D68/><U7/><E7/><V97/><F28/><W84/><G84/><T126/><D85/><U133/><E133/><V16/><F86/><W20/><AGARI ba="1,1" hai="20,24,29,48,49,80,87,88,98,102,106,108,109,111" machi="20" ten="30,18000,2" yaku="1,1,0,1,14,1,10,1,54,1,53,1" doraHai="91" doraHaiUra="101" who="3" fromWho="3" sc="165,-61,346,-61,266,-61,213,193" /><INIT seed="3,2,0,5,1,0" ten="104,285,205,406" oya="3" hai0="118,73,93,105,96,46,52,29,78,37,121,20,81" hai1="26,102,84,125,38,51,79,76,85,59,122,133,40" hai2="123,130,50,88,36,67,31,77,115,41,27,5,128" hai3="44,33,3,127,74,21,71,60,17,112,48,114,42"/><W126/><G33/><T119/><D121/><U100/><E122/><V43/><F123/><W28/><G74/><T86/><D37/><U117/><E38/><V82/><F115/><W25/><G3/><T124/><D124/><U107/><E125/><N who="3" m="47626" /><G28/><T69/><D69/><U22/><E133/><V16/><F36/><W91/><G91/><T11/><D11/><U106/><E59/><V13/><F67/><AGARI ba="2,0" hai="17,21,25,42,44,48,60,67,71,112,114" m="47626" machi="67" ten="30,1500,0" yaku="18,1" doraHai="0" who="3" fromWho="2" sc="104,0,285,0,205,-21,406,21" /><INIT seed="3,3,0,1,3,104" ten="104,285,184,427" oya="3" hai0="19,95,55,109,116,32,133,112,71,27,87,67,63" hai1="25,8,44,91,49,62,75,115,81,68,66,18,129" hai2="128,123,30,15,13,21,10,14,9,16,60,118,93" hai3="22,58,28,131,132,17,105,70,20,54,134,33,135"/><W92/><G105/><T85/><D116/><U40/><E115/><V125/><F118/><W59/><G70/><T26/><D112/><U98/><E129/><V79/><F128/><W126/><G131/><T110/><D133/><U38/><E98/><V94/><F125/><W29/><G126/><T114/><D114/><U108/><E108/><V50/><F123/><W72/><G92/><N who="2" m="35433" /><F30/><W42/><G42/><T46/><D95/><U47/><E25/><N who="0" m="9225" /><D19/><U96/><E96/><V113/><F79/><W1/><G33/><T117/><D32/><U52/><E18/><N who="2" m="8503" /><F113/><W100/><G1/><T53/><D117/><U121/><E8/><V88/><F60/><W83/><G100/><T89/><D63/><U82/><E82/><V12/><F9/><W45/><G45/><T120/><D46/><U51/><E38/><V11/><F50/><N who="3" m="31063" /><G59/><T103/><D71/><U31/><E31/><N who="3" m="11850" /><G17/><T24/><D109/><U122/><REACH who="1" step="1"/><E91/><REACH who="1" ten="104,275,184,427" step="2"/><V23/><F88/><W37/><G37/><T43/><D89/><U119/><E119/><V84/><F11/><W56/><G132/><T101/><D101/><U39/><E39/><V80/><F16/><W3/><G134/><T107/><D103/><U7/><E7/><V57/><F23/><W4/><G135/><T130/><D130/><U76/><AGARI ba="3,1" hai="40,44,47,49,51,52,62,66,68,75,76,81,121,122" machi="76" ten="30,7900,0" yaku="1,1,0,1,52,1,54,1,53,0" doraHai="104" doraHaiUra="34" who="1" fromWho="1" sc="104,-23,275,98,184,-23,427,-42" /><INIT seed="4,0,0,3,1,21" ten="81,373,161,385" oya="0" hai0="123,22,53,74,19,12,111,88,63,45,66,102,69" hai1="27,35,96,55,0,72,36,13,29,130,113,24,34" hai2="131,18,37,65,49,76,78,125,104,127,47,54,122" hai3="98,30,46,114,28,120,20,86,62,60,119,91,10"/><T52/><D123/><U73/><E0/><V118/><F122/><W132/><G120/><T97/><D111/><U40/><E130/><V135/><F104/><W11/><G119/><T94/><D74/><U105/><E13/><V101/><F101/><W16/><G114/><T43/><REACH who="0" step="1"/><D102/><REACH who="0" ten="71,373,161,385" step="2"/><N who="1" m="62663" /><E113/><V32/><F118/><W93/><G132/><T6/><D6/><U134/><E134/><V95/><F135/><W67/><G10/><T110/><D110/><U129/><E129/><V82/><F131/><W58/><G11/><T4/><D4/><U2/><E73/><V79/><F125/><W70/><G60/><T44/><D44/><U116/><E72/><V39/><F47/><W115/><G46/><T107/><D107/><U89/><E116/><V92/><F127/><W51/><G115/><T1/><D1/><U108/><E2/><V48/><F37/><AGARI ba="0,1" hai="12,19,22,37,43,45,52,53,63,66,69,88,94,97" machi="37" ten="30,11600,0" yaku="1,1,7,1,54,2,53,0" doraHai="21" doraHaiUra="103" who="0" fromWho="2" sc="71,126,373,0,161,-116,385,0" /><INIT seed="4,1,0,3,3,32" ten="197,373,45,385" oya="0" hai0="88,62,58,73,60,24,13,76,53,131,108,111,6" hai1="40,15,29,17,78,98,45,47,12,116,77,85,114" hai2="4,39,80,52,81,2,65,46,16,82,94,27,5" hai3="9,92,90,33,102,101,69,21,51,63,25,99,11"/><T126/><D126/><U59/><E116/><V38/><F65/><W55/><G33/><T96/><D131/><U48/><E114/><V119/><F119/><W86/><G69/><T44/><D62/><U49/><E29/><V14/><F27/><W22/><G63/><T20/><D44/><U8/><E59/><V124/><F124/><W26/><G22/><T125/><D125/><U18/><E98/><V64/><F64/><W42/><G42/><T1/><D1/><U3/><E85/><V127/><F127/><W19/><G26/><T112/><D112/><U54/><REACH who="1" step="1"/><E3/><REACH who="1" ten="197,363,45,385" step="2"/><V97/><F2/><W134/><G134/><T105/><D96/><U106/><E106/><V128/><F128/><W10/><REACH who="3" step="1"/><G99/><REACH who="3" ten="197,363,45,375" step="2"/><T104/><D111/><U79/><E79/><V71/><F71/><W100/><G100/><T113/><D76/><U37/><E37/><V61/><F38/><W31/><G31/><T50/><D108/><U89/><E89/><N who="2" m="55503" /><F39/><W129/><G129/><T121/><D88/><U132/><E132/><V57/><F46/><AGARI ba="1,2" hai="9,10,11,19,21,25,46,51,55,86,90,92,101,102" machi="46" ten="40,2600,0" yaku="1,1,8,1,53,0" doraHai="32" doraHaiUra="107" who="3" fromWho="2" sc="197,0,363,0,45,-29,375,49" /><INIT seed="5,0,0,5,4,34" ten="197,363,16,424" oya="1" hai0="135,30,111,127,84,77,70,134,92,68,1,98,18" hai1="87,72,103,51,21,95,40,0,112,6,50,53,28" hai2="114,60,15,126,88,78,73,23,55,13,101,31,47" hai3="119,61,80,121,27,90,102,3,58,45,93,25,56"/><U66/><E72/><V16/><F126/><W62/><G121/><T33/><D127/><U69/><E69/><V105/><F114/><W104/><G3/><T20/><D111/><U48/><E66/><V54/><F31/><W24/><G104/><T118/><D118/><U107/><E40/><V96/><F15/><W71/><G71/><T44/><D68/><U99/><E112/><V109/><F109/><W100/><G80/><T19/><D19/><U130/><E130/><V37/><F78/><W83/><G83/><T65/><D1/><U129/><E129/><V17/><F73/><W46/><G119/><T115/><D115/><U89/><E21/><V12/><F60/><W110/><G110/><T75/><D75/><U5/><E28/><V116/><F116/><W49/><G61/><T29/><D33/><U120/><E6/><V106/><F106/><W122/><G122/><T63/><D44/><N who="3" m="17001" /><G49/><T81/><D29/><U124/><E124/><V38/><F88/><W76/><G76/><T64/><D30/><U108/><E108/><V91/><F91/><W86/><G58/><T94/><D64/><AGARI ba="0,0" hai="24,25,27,56,62,64,86,90,93,100,102" m="17001" machi="64" ten="30,1000,0" yaku="8,1" doraHai="34" who="3" fromWho="0" sc="197,-10,363,0,16,0,424,10" /><INIT seed="6,0,0,4,5,23" ten="187,363,16,434" oya="2" hai0="40,79,85,96,101,111,68,64,112,49,93,41,95" hai1="100,12,110,66,35,53,80,46,120,124,1,19,14" hai2="50,10,82,108,118,91,24,73,52,0,125,92,39" hai3="119,21,32,106,11,123,72,61,103,87,20,133,13"/><V116/><F39/><W86/><G72/><T9/><D112/><U25/><E110/><V54/><F125/><W28/><G119/><T51/><D68/><U18/><E1/><V129/><F108/><W104/><G32/><T8/><D64/><U7/><E124/><V76/><F129/><W113/><G123/><T3/><D3/><U98/><E120/><V70/><F70/><W81/><G133/><T22/><D22/><N who="1" m="13527" /><E35/><V109/><F109/><W29/><G103/><T127/><D127/><U107/><E107/><V63/><F24/><W36/><G36/><T44/><D111/><U38/><E7/><V83/><F83/><W134/><G134/><T47/><D79/><U78/><E19/><V45/><F0/><W43/><G43/><T4/><D4/><U67/><E98/><V102/><F102/><W57/><G113/><T27/><D27/><U60/><E100/><V105/><F10/><W74/><G74/><T121/><D121/><U94/><E94/><V99/><REACH who="2" step="1"/><F105/><REACH who="2" ten="187,363,6,434" step="2"/><W71/><G81/><T62/><D95/><U59/><E80/><V115/><F115/><W5/><G11/><T34/><D9/><U75/><E38/><V69/><F69/><W131/><G71/><T30/><D8/><U88/><E14/><V26/><F26/><W58/><G13/><T15/><D15/><U128/><E12/><V16/><F16/><W56/><G131/><T37/><D37/><U117/><E128/><V42/><F42/><W77/><G104/><T135/><D40/><U55/><E117/><V31/><F31/><W90/><G28/><T2/><D30/><RYUUKYOKU ba="0,1" sc="187,-10,363,-10,6,30,434,-10" hai2="45,50,52,54,63,73,76,82,91,92,99,116,118" /><INIT seed="6,1,1,2,5,13" ten="177,353,36,424" oya="2" hai0="125,40,37,70,83,120,130,22,123,73,88,79,31" hai1="2,30,96,81,3,86,134,59,23,52,102,75,72" hai2="87,100,12,129,92,1,43,32,55,126,84,132,17" hai3="41,48,35,38,49,42,29,69,131,114,5,106,4"/><V78/><F1/><W64/><G106/><T67/><D125/><U122/><E72/><V6/><F32/><W33/><G69/><T89/><D130/><U24/><E75/><V39/><F129/><W109/><G64/><T20/><D123/><U104/><E134/><V26/><F126/><W112/><G131/><T53/><D20/><U27/><E27/><V44/><F132/><W46/><G29/><T133/><D120/><U34/><E122/><V19/><F55/><W128/><G128/><T118/><D118/><U7/><E7/><V108/><F108/><W82/><G82/><T99/><D53/><U14/><E14/><V107/><F107/><W28/><G28/><T76/><D76/><U56/><E56/><V61/><F61/><W110/><G46/><T74/><D74/><U63/><E34/><V116/><F116/><W10/><G10/><T47/><D99/><U91/><AGARI ba="1,1" hai="2,3,23,24,30,52,59,63,81,86,91,96,102,104" machi="91" ten="20,2700,0" yaku="0,1,7,1,54,1" doraHai="13" who="1" fromWho="1" sc="177,-8,353,40,36,-14,424,-8" /><INIT seed="7,0,0,4,1,36" ten="169,393,22,416" oya="3" hai0="8,75,130,133,74,27,93,53,66,71,114,5,20" hai1="56,37,134,23,109,60,61,14,39,127,111,55,15" hai2="63,101,98,24,91,89,85,51,48,57,49,96,121" hai3="124,54,107,88,122,11,18,7,95,108,1,34,77"/><W90/><G122/><T9/><D53/><U83/><E134/><V19/><F121/><W43/><G107/><T67/><D93/><U115/><E115/><V32/><F32/><W100/><G34/><T99/><D20/><U17/><E127/><V45/><F101/><W97/><G124/><T64/><D64/><U44/><E61/><V52/><F85/><W135/><G135/><T42/><D67/><U110/><E83/><V58/><F58/><W22/><G43/><T129/><D42/><U118/><E118/><V35/><F35/><W46/><G108/><T131/><D66/><U62/><E62/><V72/><F72/><W47/><G77/><T73/><D114/><U120/><E120/><V12/><F12/><W117/><G117/><T38/><D133/><U103/><E103/><V29/><F29/><W128/><G128/><T106/><D74/><U126/><E126/><V3/><F3/><W112/><G112/><T13/><D13/><U30/><E30/><V33/><F33/><W113/><G113/><T125/><D125/><U92/><E92/><V119/><F119/><W28/><G28/><T81/><D75/><U87/><E87/><V132/><F132/><W21/><G21/><T59/><D73/><U25/><REACH who="1" step="1"/><E39/><REACH who="1" ten="169,383,22,416" step="2"/><V2/><F2/><W41/><G100/><N who="0" m="62751" /><D81/><U10/><E10/><V79/><F79/><W68/><G68/><T102/><D8/><U50/><E50/><V0/><F0/><W78/><G78/><T105/><D130/><U40/><AGARI ba="0,1" hai="14,15,17,23,25,37,40,44,55,56,60,109,110,111" machi="40" ten="40,5200,0" yaku="1,1,0,1,52,1,53,0" doraHai="36" doraHaiUra="4" who="1" fromWho="1" sc="169,-13,383,62,22,-13,416,-26" owari="156,-24.0,445,54.0,9,-49.0,390,19.0" /></mjloggm>