<mjloggm ver="2.3"><GO type="169" lobby="0"/><UN n0="%E3%82%A6%E3%83%AB%E3%83%88%E3%83%A9%E7%AB%8B%E7%9B%B4" n1="%E4%BF%A1%E6%BF%83%E3%81%AE%E8%8D%92%E6%B3%95%E5%B8%AB" n2="%67%6F%64%61%69" n3="%E3%81%9C%E3%82%8D%E3%82%81%E3%81%90" dan="18,16,16,17" rate="2190.29,2089.36,2106.12,2148.99" sx="M,M,M,F"/><TAIKYOKU oya="0"/><INIT seed="0,0,0,4,3,100" ten="250,250,250,250" oya="0" hai0="61,113,133,30,79,119,62,28,105,31,81,5,90" hai1="69,10,98,27,4,24,99,120,73,104,23,118,64" hai2="11,21,9,87,47,75,38,71,17,14,103,59,68" hai3="58,66,110,33,29,51,6,39,111,42,125,20,95"/><T124/><D113/><U96/><E118/><V112/><F75/><W91/><G33/><T8/><D119/><U85/><E120/><V54/><F112/><W43/><G125/><T92/><D105/><U97/><E73/><V50/><F11/><W123/><G39/><T128/><D128/><U56/><E69/><V3/><F103/><W132/><G123/><T82/><D133/><U0/><E85/><V93/><F93/><W114/><G114/><T13/><D124/><U22/><E64/><V72/><F72/><W57/><G6/><T84/><REACH who="0" step="1"/><D82/><REACH who="0" ten="240,250,250,250" step="2"/><U117/><E117/><V135/><F135/><W94/><G132/><T67/><D67/><U131/><E131/><V7/><F38/><W44/><G66/><T53/><D53/><U77/><E104/><V37/><F37/><W46/><G95/><T109/><D109/><U32/><E97/><AGARI ba="0,1" hai="5,8,13,28,30,31,61,62,79,81,84,90,92,97" machi="97" ten="40,3900,0" yaku="1,1,8,1,53,0" doraHai="100" doraHaiUra="52" who="0" fromWho="1" sc="240,49,250,-39,250,0,250,0" /><INIT seed="0,1,0,5,5,25" ten="289,211,250,250" oya="0" hai0="121,112,76,0,8,24,118,90,91,123,96,3,15" hai1="10,88,67,36,65,14,98,97,45,103,1,133,108" hai2="92,124,64,131,85,27,127,135,74,106,66,5,104" hai3="125,84,39,55,50,72,18,68,94,69,44,4,83"/><T111/><D76/><U2/><E108/><V122/><F74/><W41/><G125/><T11/><D96/><U37/><E133/><V32/><F122/><N who="0" m="46602" /><D91/><U120/><E120/><V48/><F5/><W62/><G72/><T16/><D90/><U113/><E113/><V95/><F135/><W93/><G4/><T13/><D112/><U89/><E45/><V51/><F27/><W52/><G55/><T23/><D118/><U81/><E14/><N who="0" m="5129" /><D111/><U110/><E110/><V56/><F85/><W38/><G38/><T82/><D82/><U31/><E81/><V57/><F32/><W115/><G115/><T73/><D73/><U46/><E46/><V61/><F61/><W79/><G68/><T100/><D100/><U75/><E75/><V19/><REACH who="2" step="1"/><F19/><REACH who="2" ten="289,211,240,250" step="2"/><W6/><G62/><T101/><D101/><U71/><E103/><V86/><F86/><W7/><G7/><T40/><D40/><U128/><E71/><V17/><F17/><W12/><G6/><T99/><D99/><U59/><E98/><V134/><F134/><W114/><G69/><T87/><D87/><U78/><E97/><V132/><F132/><W130/><G114/><T102/><D102/><U30/><E78/><V21/><F21/><W22/><G79/><T107/><D107/><U42/><E42/><V116/><F116/><W117/><G117/><T28/><D16/><U70/><E89/><V77/><F77/><W58/><G84/><T43/><D43/><U20/><E88/><V54/><F54/><W35/><G41/><T49/><D49/><U60/><E70/><V109/><F109/><RYUUKYOKU ba="1,1" sc="289,15,211,-15,240,15,250,-15" hai0="0,3,8,11,23,24,28" hai2="48,51,56,57,64,66,92,95,104,106,124,127,131" /><INIT seed="0,2,1,5,3,86" ten="304,196,255,235" oya="0" hai0="117,130,67,96,1,35,89,12,106,128,79,17,57" hai1="85,111,41,51,32,94,68,88,126,26,64,108,72" hai2="74,13,133,19,36,18,92,50,29,15,131,10,70" hai3="99,66,2,134,98,47,97,73,102,49,37,71,24"/><T83/><D1/><U118/><E118/><V54/><F36/><W93/><G37/><T104/><D35/><U119/><E119/><V7/><F70/><W9/><G73/><T30/><D30/><N who="1" m="19543" /><E72/><V59/><F74/><W101/><G134/><T23/><D117/><U91/><E126/><V77/><F133/><W127/><G127/><T28/><D28/><U65/><E68/><V53/><F131/><N who="0" m="50218" /><D79/><U95/><E51/><V46/><F29/><W6/><G24/><T114/><D114/><U55/><E55/><V129/><F129/><W90/><G71/><T87/><D96/><N who="1" m="57415" /><E41/><V109/><F77/><W43/><REACH who="3" step="1"/><G66/><REACH who="3" ten="304,196,255,225" step="2"/><T110/><D110/><U123/><E123/><V0/><F109/><AGARI ba="2,2" hai="64,65,85,91,95,108,109,111" m="57415,19543" machi="109" ten="30,7700,0" yaku="14,1,52,2,54,1" doraHai="86" who="1" fromWho="2" sc="304,0,196,103,255,-83,225,0" /><INIT seed="1,0,0,1,2,59" ten="304,299,172,225" oya="1" hai0="115,23,121,31,103,87,37,12,27,30,96,24,72" hai1="58,65,51,131,46,66,39,133,90,74,130,106,35" hai2="54,50,57,68,70,71,101,62,91,109,75,0,105" hai3="25,104,52,112,89,19,5,111,97,18,49,10,110"/><U124/><E35/><V120/><F120/><W135/><G112/><T88/><D72/><U86/><E74/><V76/><F0/><W82/><G135/><T1/><D1/><U73/><E73/><V119/><F109/><N who="3" m="41483" /><G104/><T98/><D37/><U4/><E106/><V6/><F6/><W114/><G114/><T20/><D121/><U40/><E4/><V117/><F91/><W14/><G25/><T63/><D115/><U84/><E84/><V113/><F113/><W132/><G132/><T67/><D12/><U36/><E124/><V34/><F34/><W93/><G82/><T125/><D125/><U17/><E17/><V108/><F108/><W123/><G123/><T43/><D43/><U118/><E118/><V69/><N who="2" m="17408" /><DORA hai="28" /><V47/><F76/><W33/><G33/><T48/><D48/><U102/><E102/><V127/><F127/><W16/><G5/><T55/><D55/><N who="1" m="32127" /><E36/><V128/><F128/><N who="1" m="49193" /><E133/><V60/><F75/><W45/><AGARI ba="0,0" hai="10,14,16,18,19,45,49,52,89,93,97" m="41483" machi="45" ten="30,4000,0" yaku="14,1,54,2" doraHai="59,28" who="3" fromWho="3" sc="304,-10,299,-20,172,-10,225,40" /><INIT seed="2,0,0,2,4,3" ten="294,279,162,265" oya="2" hai0="27,107,80,58,25,50,28,47,87,61,52,35,132" hai1="7,89,125,85,67,74,127,59,49,106,54,29,77" hai2="39,64,38,46,120,78,60,1,45,81,126,91,83" hai3="100,112,94,105,11,117,75,97,108,95,43,121,48"/><V42/><F126/><W72/><G117/><T84/><D132/><U96/><E29/><V129/><F129/><W116/><G116/><T115/><D115/><U51/><E7/><V113/><F113/><W65/><G121/><T62/><D107/><U32/><E32/><V63/><F120/><W41/><G112/><T55/><D25/><U23/><E67/><V33/><F33/><W109/><G65/><T20/><D35/><U21/><E49/><V44/><F1/><W98/><G11/><T2/><D2/><U14/><E74/><V30/><F30/><W9/><G9/><T70/><D70/><U18/><E21/><V82/><F78/><W128/><G48/><N who="0" m="30983" /><D87/><U0/><E77/><AGARI ba="0,0" hai="20,27,28,47,50,55,61,62,77,80,84" m="30983" machi="77" ten="30,2000,0" yaku="8,1,54,1" doraHai="3" who="0" fromWho="1" sc="294,20,279,-20,162,0,265,0" /><INIT seed="3,0,0,3,4,24" ten="314,259,162,265" oya="3" hai0="5,21,95,43,96,54,66,30,62,106,3,75,108" hai1="34,55,81,19,28,26,85,27,22,119,16,9,124" hai2="78,94,125,47,71,114,20,98,99,120,63,1,44" hai3="134,14,111,8,115,32,121,103,29,74,129,41,31"/><W50/><G115/><T128/><D106/><U84/><E124/><V101/><F114/><W13/><G121/><T39/><D75/><U117/><E55/><V49/><F125/><W112/><G112/><T12/><D3/><U33/><E33/><V25/><F1/><W0/><G74/><T40/><D54/><U51/><E51/><V100/><F78/><W58/><G134/><T70/><D39/><U45/><E45/><V109/><F109/><W123/><G123/><T122/><D122/><U131/><E131/><V77/><F77/><W105/><G129/><T10/><D108/><U36/><E36/><V59/><F71/><W132/><G132/><T53/><D53/><U89/><REACH who="1" step="1"/><E84/><REACH who="1" ten="314,249,162,265" step="2"/><V86/><F86/><W82/><G32/><T76/><D128/><U67/><E67/><N who="2" m="39423" /><F49/><W90/><G50/><T68/><D66/><U35/><E35/><V7/><F120/><W118/><G111/><T57/><D62/><U116/><E116/><V91/><F47/><W102/><G118/><T46/><D46/><U6/><E6/><V126/><F126/><W127/><G127/><T38/><D5/><U133/><E133/><V18/><F7/><W60/><G60/><T92/><D38/><U113/><E113/><V107/><F44/><W88/><G41/><T93/><D43/><U17/><E17/><V87/><F87/><W69/><G69/><T110/><D68/><U23/><E23/><V135/><F135/><W97/><G58/><T37/><D70/><U83/><E83/><V72/><F72/><W61/><G61/><T65/><D40/><U104/><E104/><RYUUKYOKU ba="0,1" sc="314,-15,249,15,162,15,265,-15" hai1="9,16,19,22,26,27,28,34,81,85,89,117,119" hai2="18,20,25,91,94,98,99,100,101,107" /><INIT seed="4,1,1,4,0,58" ten="299,264,177,250" oya="0" hai0="43,74,70,96,82,88,91,79,28,119,39,105,99" hai1="64,117,52,109,7,26,15,51,80,66,76,108,42" hai2="14,127,120,101,131,31,59,9,103,90,4,41,40" hai3="1,78,135,0,63,132,107,93,81,48,94,118,33"/><T13/><D70/><U113/><E117/><V89/><F127/><W102/><G118/><T22/><D119/><U86/><E113/><V100/><F131/><W68/><G33/><T130/><D130/><U106/><E106/><V87/><F120/><W111/><G111/><T56/><D39/><U110/><E26/><V19/><F31/><W3/><G48/><T29/><D43/><U125/><E125/><V126/><F126/><W69/><G107/><T98/><D105/><U21/><E21/><V71/><F71/><W24/><G24/><T45/><D45/><U35/><E35/><V38/><F38/><W104/><G104/><T20/><D20/><U61/><E42/><V97/><F97/><W18/><G18/><T116/><D116/><U92/><E92/><V95/><F90/><W55/><G69/><T65/><D29/><U122/><E122/><V8/><REACH who="2" step="1"/><F59/><REACH who="2" ten="299,264,167,250" step="2"/><N who="3" m="35327" /><G68/><T44/><D91/><U115/><E109/><V85/><F85/><N who="3" m="48311" /><G102/><T16/><D28/><U49/><E110/><V112/><F112/><W12/><G135/><T114/><D114/><U25/><E115/><V121/><F121/><W123/><G132/><T46/><D88/><U2/><E108/><V77/><F77/><W128/><G123/><T133/><D133/><U50/><E76/><V36/><F36/><W73/><G128/><T54/><D98/><U17/><E86/><V47/><F47/><N who="0" m="17962" /><D99/><U72/><E72/><V34/><F34/><W37/><G73/><T84/><D96/><U75/><E75/><V10/><F10/><W62/><G37/><T30/><D74/><U32/><E32/><RYUUKYOKU ba="1,2" sc="299,-10,264,-10,167,30,250,-10" hai2="4,8,9,14,19,40,41,87,89,95,100,101,103" /><INIT seed="5,2,2,5,5,124" ten="289,254,197,240" oya="1" hai0="39,93,77,114,97,65,126,118,63,116,102,4,123" hai1="117,128,92,7,2,48,107,5,76,36,62,12,23" hai2="103,75,33,68,60,44,108,10,109,110,88,21,72" hai3="73,70,74,8,121,134,46,52,16,40,120,89,49"/><U99/><E117/><V78/><F33/><W59/><G70/><T105/><D39/><U100/><E36/><V64/><F78/><W87/><G134/><T113/><D126/><U127/><E127/><V125/><F125/><W94/><G121/><T45/><D123/><U85/><E2/><V38/><F103/><W131/><G120/><T106/><D4/><U112/><E112/><N who="0" m="43113" /><D45/><U37/><E37/><V50/><F38/><W98/><G98/><T25/><D25/><U42/><E62/><V56/><F68/><W67/><G67/><T61/><D61/><U13/><E107/><N who="0" m="40969" /><D77/><U29/><E5/><V19/><F10/><W135/><G135/><T6/><D6/><U104/><E7/><V31/><F31/><W111/><G111/><T83/><D83/><U129/><E76/><V11/><F11/><W132/><G132/><T43/><D43/><U28/><E42/><V71/><F71/><AGARI ba="2,2" hai="63,65,71,93,97,102,116,118" m="40969,43113" machi="71" ten="30,1000,0" yaku="15,1" doraHai="124" who="0" fromWho="2" sc="289,36,254,0,197,-16,240,0" /><INIT seed="6,0,0,4,1,11" ten="325,254,181,240" oya="2" hai0="110,36,99,95,30,80,128,89,98,58,18,16,113" hai1="119,45,67,88,42,56,76,132,53,96,126,102,64" hai2="61,111,22,105,26,79,91,101,6,2,51,60,68" hai3="32,34,0,87,33,15,69,82,71,73,112,133,109"/><V129/><F129/><W74/><G109/><T117/><D110/><U49/><E119/><V134/><F134/><W107/><G0/><T72/><D36/><U28/><E76/><V29/><F111/><W131/><G131/><T100/><D128/><U19/><E28/><V40/><F79/><W9/><G107/><T57/><D113/><U75/><E75/><V120/><F120/><W17/><G133/><T50/><D30/><U24/><E126/><V93/><F2/><W104/><G104/><T13/><D72/><U31/><E19/><V127/><F127/><W20/><G112/><T66/><D18/><U70/><E70/><V78/><F6/><W3/><G74/><T41/><D66/><U27/><E88/><V114/><F78/><W108/><G73/><T123/><D123/><U8/><E8/><V122/><F122/><W23/><G108/><T4/><D4/><U25/><E31/><V77/><F77/><W84/><G3/><T124/><D117/><U1/><E1/><V48/><F114/><W115/><G115/><T37/><D37/><U47/><E47/><N who="2" m="25703" /><F68/><W63/><G34/><T12/><D124/><U59/><E59/><V135/><F135/><W52/><G33/><T94/><D58/><U62/><REACH who="1" step="1"/><E132/><REACH who="1" ten="325,244,181,240" step="2"/><V118/><F118/><W44/><G71/><T14/><D57/><U86/><E86/><N who="2" m="52471" /><F51/><W90/><G69/><T38/><D38/><U130/><E130/><V54/><F54/><W10/><G32/><T92/><D50/><U7/><E7/><V97/><F29/><W46/><G52/><T121/><D121/><U35/><E35/><RYUUKYOKU ba="0,1" sc="325,-15,244,15,181,15,240,-15" hai1="24,25,27,42,45,49,53,56,62,64,67,96,102" hai2="22,26,60,61,97,101,105" /><INIT seed="6,1,1,1,0,8" ten="310,259,196,225" oya="2" hai0="38,95,120,51,33,94,130,29,14,1,17,23,110" hai1="99,16,133,78,131,80,91,119,12,100,45,105,115" hai2="87,37,83,24,13,104,15,20,59,123,73,50,90" hai3="2,127,40,5,55,124,98,129,56,93,34,107,32"/><V25/><F123/><W126/><G107/><T9/><D38/><U35/><E119/><V42/><F104/><W27/><G129/><T57/><D110/><U6/><E35/><V92/><F37/><W114/><G40/><T43/><D130/><U10/><E131/><V11/><F73/><W18/><G114/><T68/><D68/><U31/><E31/><N who="2" m="17799" /><F11/><N who="3" m="2487" /><G27/><N who="0" m="18623" /><D120/><U41/><E133/><V122/><F122/><W52/><G18/><T82/><D82/><U85/><E115/><V22/><F83/><W48/><G55/><N who="0" m="31999" /><D43/><U72/><E6/><AGARI ba="1,1" hai="1,6,9,14,17,23,94,95" m="31999,18623" machi="6" ten="30,2000,0" yaku="24,1,52,1" doraHai="8" who="0" fromWho="1" sc="310,33,259,-23,196,0,225,0" /><INIT seed="7,0,0,3,0,35" ten="343,236,196,225" oya="3" hai0="49,47,91,44,11,100,80,24,78,74,71,58,17" hai1="6,84,133,65,39,4,97,92,123,55,99,103,37" hai2="106,95,64,117,12,5,85,104,56,83,30,93,76" hai3="32,68,126,77,38,120,23,102,87,122,82,127,109"/><W15/><G32/><T135/><D71/><U121/><E65/><V18/><F117/><W98/><G68/><T53/><D100/><U124/><E84/><V72/><F106/><W61/><G38/><T66/><D66/><U48/><E133/><V81/><F104/><W28/><G61/><T25/><D135/><U59/><E124/><N who="3" m="47658" /><G109/><T19/><D91/><U22/><E39/><V40/><F40/><W9/><G23/><T42/><D47/><U33/><E33/><V46/><F46/><W29/><G122/><T111/><D111/><U113/><E37/><V116/><F116/><W119/><G120/><T43/><D43/><U101/><E113/><V34/><F5/><N who="3" m="3503" /><G119/><T41/><D41/><U21/><E121/><V45/><F45/><W67/><G67/><T90/><D44/><U115/><E115/><V75/><F34/><W88/><G77/><T130/><D78/><U132/><E132/><V69/><F69/><W27/><G27/><T10/><D25/><U31/><E123/><V107/><F30/><W0/><G0/><T50/><D24/><N who="1" m="16783" /><E22/><N who="2" m="11591" /><F107/><AGARI ba="0,0" hai="28,29,82,87,88,98,102,107" m="3503,47658" machi="107" ten="30,2900,0" yaku="18,1,54,1" doraHai="35" who="3" fromWho="2" sc="343,0,236,0,196,-29,225,29" /><INIT seed="7,1,0,0,1,117" ten="343,236,167,254" oya="3" hai0="50,107,67,108,68,88,78,9,32,132,33,65,95" hai1="96,121,14,105,99,123,37,27,38,21,30,125,128" hai2="18,6,46,80,103,101,127,26,70,31,59,15,114" hai3="90,89,42,119,93,84,29,2,3,94,54,63,79"/><W41/><G79/><T76/><D107/><U11/><E128/><V112/><F127/><W57/><G119/><T111/><D50/><U113/><E125/><V61/><F70/><W81/><G29/><T40/><D9/><U71/><E71/><V106/><F106/><W20/><G81/><T64/><D68/><U16/><E113/><V100/><F6/><W52/><G54/><T74/><D40/><U120/><REACH who="1" step="1"/><E105/><REACH who="1" ten="343,226,167,254" step="2"/><V85/><F112/><W133/><G133/><T87/><D132/><U130/><E130/><V116/><F114/><W55/><G55/><T28/><D67/><U35/><E35/><V36/><F116/><W135/><G135/><T53/><D33/><U48/><E48/><V110/><F110/><W49/><G20/><T12/><D32/><U131/><E131/><V104/><F104/><W19/><G19/><T66/><D65/><U72/><E72/><V60/><F36/><AGARI ba="1,1" hai="11,14,16,21,27,30,36,37,38,96,99,120,121,123" machi="36" ten="50,8000,1" yaku="1,1,52,3,54,1,53,0" doraHai="117" doraHaiUra="109" who="1" fromWho="2" sc="343,0,226,93,167,-83,254,0" owari="343,45.0,319,12.0,84,-42.0,254,-15.0" /></mjloggm>