<mjloggm ver="2.3"><GO type="169" lobby="0"/><UN n0="%E3%83%A1%E3%82%AC%E3%83%87%E3%82%B8" n1="%60%E3%83%BB%CF%89%E3%83%BB%29%79%2D%7E" n2="%E3%82%A6%E3%83%AB%E3%83%88%E3%83%A9%E7%AB%8B%E7%9B%B4" n3="%41%44%50" dan="16,16,16,16" rate="2147.60,2085.69,2169.12,2089.54" sx="M,M,M,M"/><TAIKYOKU oya="0"/><INIT seed="0,0,0,0,0,29" ten="250,250,250,250" oya="0" hai0="26,103,127,41,135,31,65,124,134,74,118,6,85" hai1="132,25,17,98,11,46,45,18,34,23,48,99,79" hai2="128,59,3,44,64,91,33,104,53,51,113,112,100" hai3="69,119,16,9,131,27,0,63,14,13,60,61,120"/><T39/><D74/><U133/><E79/><V82/><F3/><W116/><G120/><T15/><D65/><U2/><E46/><V88/><F33/><W96/><G131/><T54/><D118/><U122/><E122/><V94/><F128/><W49/><G69/><T95/><D54/><N who="1" m="29967" /><E34/><V52/><F64/><W21/><G0/><T72/><D72/><U75/><E75/><V24/><F104/><W56/><G14/><T4/><D41/><U105/><E105/><V5/><F5/><N who="0" m="2154" /><D39/><U78/><E78/><V35/><F100/><W80/><G96/><N who="0" m="59807" /><D15/><N who="1" m="7423" /><E2/><V93/><F35/><W19/><REACH who="3" step="1"/><G80/><REACH who="3" ten="250,250,250,240" step="2"/><T62/><D134/><AGARI ba="0,1" hai="18,23,25,98,99,132,133,134" m="7423,29967" machi="134" ten="30,1000,0" yaku="20,1" doraHai="29" who="1" fromWho="0" sc="250,-10,250,20,250,0,240,0" /><INIT seed="1,0,0,1,5,36" ten="240,270,250,240" oya="1" hai0="94,73,23,52,115,60,85,129,103,77,100,1,28" hai1="96,108,91,53,80,61,132,70,47,33,31,105,86" hai2="128,8,87,12,4,34,99,45,13,71,56,15,119" hai3="19,88,122,0,27,18,20,68,127,59,81,62,41"/><U83/><E132/><V32/><F71/><W102/><G122/><T21/><D1/><U126/><E126/><V51/><F119/><W109/><G127/><T17/><D73/><U84/><E108/><V114/><F128/><W110/><G0/><T116/><D115/><U16/><E33/><V112/><F56/><W25/><G68/><T44/><D129/><U40/><E31/><V64/><F64/><W117/><G117/><T49/><D116/><U3/><E3/><N who="2" m="31" /><F87/><N who="3" m="50287" /><G102/><T131/><D131/><U50/><E16/><N who="3" m="6186" /><G41/><T75/><D75/><U104/><E96/><V95/><F99/><W63/><G20/><T118/><D23/><U113/><E113/><N who="2" m="43627" /><F95/><W58/><G58/><T24/><D94/><U101/><E101/><V26/><F26/><N who="3" m="9739" /><G59/><T130/><D118/><U135/><E135/><V106/><F106/><W111/><AGARI ba="0,0" hai="62,63,109,110,111" m="9739,6186,50287" machi="111" ten="40,5200,0" yaku="14,1,54,2" doraHai="36" who="3" fromWho="3" sc="240,-13,270,-26,250,-13,240,52" /><INIT seed="2,0,0,4,5,58" ten="227,244,237,292" oya="2" hai0="20,4,113,52,111,62,57,98,1,21,103,54,86" hai1="39,112,108,9,97,133,42,110,81,69,123,84,10" hai2="13,96,30,88,115,91,51,90,32,100,79,72,47" hai3="56,74,135,67,43,85,48,60,24,44,55,49,87"/><V61/><F115/><W8/><G74/><T119/><D113/><U22/><E112/><V134/><F134/><W124/><G135/><T65/><D111/><N who="1" m="42539" /><E133/><V104/><F32/><W34/><G124/><T6/><D119/><U0/><E123/><V73/><F30/><W27/><G8/><T131/><D131/><U114/><E114/><V128/><F128/><W50/><G48/><T93/><D86/><N who="3" m="32777" /><G34/><T26/><D21/><U105/><E0/><V109/><F109/><W2/><G2/><T14/><D1/><U118/><E118/><V75/><F13/><W25/><G50/><T18/><D4/><U66/><E22/><V53/><REACH who="2" step="1"/><F61/><REACH who="2" ten="227,244,227,292" step="2"/><W132/><G132/><T80/><D80/><AGARI ba="0,1" hai="47,51,53,72,73,75,79,80,88,90,91,96,100,104" machi="80" ten="40,7700,0" yaku="1,1,2,1,54,1,53,0" doraHai="58" doraHaiUra="23" who="2" fromWho="0" sc="227,-77,244,0,227,87,292,0" /><INIT seed="2,1,0,5,4,1" ten="150,244,314,292" oya="2" hai0="128,132,17,83,51,8,72,81,55,101,129,7,89" hai1="12,84,43,19,126,112,97,0,67,119,52,42,66" hai2="65,46,6,35,26,93,76,95,21,88,3,63,87" hai3="75,79,98,62,133,49,5,40,58,31,120,70,16"/><V110/><F35/><W73/><G120/><T122/><D122/><U27/><E112/><V106/><F106/><W4/><G31/><T125/><D125/><U100/><E119/><V10/><F46/><W113/><G113/><T78/><D132/><U80/><E126/><V29/><F76/><W14/><G133/><T20/><D101/><U96/><E0/><V74/><F74/><W41/><G70/><T24/><D83/><U111/><E27/><V28/><F110/><W18/><G75/><T92/><D51/><U69/><E111/><V99/><F29/><W116/><G116/><T9/><D55/><U53/><E43/><N who="3" m="16458" /><G73/><T11/><REACH who="0" step="1"/><D7/><REACH who="0" ten="140,244,314,292" step="2"/><N who="3" m="2633" /><G49/><T104/><D104/><U105/><E105/><V134/><F134/><W77/><G98/><AGARI ba="1,1" hai="8,9,11,17,20,24,72,78,81,89,92,98,128,129" machi="98" ten="40,1300,0" yaku="1,1,53,0" doraHai="1" doraHaiUra="47" who="0" fromWho="3" sc="140,26,244,0,314,0,292,-16" /><INIT seed="3,0,0,0,4,4" ten="166,244,314,276" oya="3" hai0="53,79,70,28,34,100,86,103,96,92,125,57,24" hai1="114,55,52,33,106,109,45,51,85,110,48,124,5" hai2="10,128,50,107,135,122,35,16,40,63,27,12,23" hai3="72,43,84,95,113,19,1,60,59,118,20,76,8"/><W129/><G113/><T101/><D70/><U105/><E114/><V102/><F107/><W131/><G118/><T77/><D125/><U11/><E33/><V17/><F35/><W93/><G43/><T39/><D39/><U38/><E38/><V25/><F102/><W62/><G72/><T18/><D18/><U98/><E85/><V75/><F75/><W36/><G36/><T108/><D108/><N who="1" m="41579" /><E98/><V13/><F128/><N who="3" m="49227" /><G1/><T88/><REACH who="0" step="1"/><D96/><REACH who="0" ten="156,244,314,276" step="2"/><U74/><E124/><V104/><F17/><W2/><G19/><T68/><D68/><U116/><E116/><V121/><F16/><W71/><G71/><T14/><D14/><N who="1" m="5487" /><E74/><V65/><F12/><W81/><G2/><T69/><D69/><U26/><E26/><V37/><F25/><W15/><G15/><T47/><D47/><AGARI ba="0,1" hai="45,47,48,51,52,55,105,106" m="5487,41579" machi="47" ten="30,3900,0" yaku="14,1,52,1,54,1" doraHai="4" who="1" fromWho="0" sc="156,-39,244,49,314,0,276,0" /><INIT seed="4,0,0,5,3,19" ten="117,293,314,276" oya="0" hai0="39,112,133,33,38,125,130,5,17,131,76,14,94" hai1="8,85,132,70,62,30,47,124,44,98,71,35,135" hai2="68,119,22,100,88,57,20,10,101,66,11,115,50" hai3="65,109,15,95,6,102,16,81,86,43,45,1,61"/><T34/><D112/><U24/><E124/><V78/><F68/><N who="1" m="26153" /><E62/><N who="2" m="38223" /><F78/><W2/><G109/><T21/><D125/><U48/><E85/><V118/><F115/><W56/><G6/><T51/><D133/><N who="1" m="51275" /><E48/><V79/><F79/><W54/><G102/><N who="2" m="39529" /><F50/><W36/><G95/><T114/><D114/><U99/><E8/><N who="2" m="3115" /><F88/><W60/><G65/><T25/><D76/><U18/><E18/><V96/><F96/><AGARI ba="0,0" hai="24,30,35,44,47,96,98,99" m="51275,26153" machi="96" ten="30,1000,0" yaku="20,1" doraHai="19" who="1" fromWho="2" sc="117,0,293,10,314,-10,276,0" /><INIT seed="5,0,0,5,0,16" ten="117,303,304,276" oya="1" hai0="128,134,58,15,92,129,119,45,22,123,94,5,78" hai1="70,64,72,97,77,39,10,65,18,73,114,17,20" hai2="14,7,44,82,102,108,74,131,99,9,133,107,54" hai3="4,60,8,42,89,105,46,11,117,122,56,38,132"/><U49/><E39/><V79/><F131/><W33/><G122/><T19/><D119/><U21/><E10/><V63/><F133/><W71/><G132/><T62/><D134/><U26/><E114/><V24/><F24/><W61/><G117/><T36/><D123/><U124/><E124/><V83/><F83/><W101/><G33/><T118/><D118/><U115/><E115/><V95/><F108/><W113/><G113/><T112/><D112/><U90/><E77/><V34/><F34/><W52/><G89/><T25/><D78/><U87/><E97/><V57/><REACH who="2" step="1"/><F44/><REACH who="2" ten="117,303,294,276" step="2"/><W1/><G46/><T98/><D45/><U31/><E26/><V81/><F81/><W106/><G106/><AGARI ba="0,1" hai="7,9,14,54,57,63,74,79,82,95,99,102,106,107" machi="106" ten="40,1300,0" yaku="1,1,53,0" doraHai="16" doraHaiUra="67" who="2" fromWho="3" sc="117,0,303,0,294,23,276,-13" /><INIT seed="6,0,0,0,0,75" ten="117,303,317,263" oya="2" hai0="61,133,89,45,59,73,68,52,48,120,127,126,130" hai1="23,70,125,114,17,109,90,117,58,77,64,36,108" hai2="28,72,50,33,106,60,9,35,42,105,118,44,115" hai3="16,119,30,101,57,65,2,7,38,80,54,66,86"/><V40/><F118/><W121/><G119/><T129/><D73/><U19/><E117/><V46/><F72/><W99/><G38/><T83/><D89/><U15/><E70/><V22/><F115/><W92/><G121/><T51/><D83/><U104/><E36/><V135/><F135/><W87/><G30/><T113/><D120/><U13/><E104/><V8/><F22/><W39/><G39/><T124/><D113/><U25/><E114/><V6/><F60/><W102/><G102/><T4/><D4/><U47/><E125/><V132/><F132/><W10/><G86/><T85/><D85/><U107/><E107/><V98/><F28/><W122/><G122/><T71/><D133/><U96/><E47/><V69/><F69/><N who="0" m="26698" /><D51/><U78/><E90/><V110/><F50/><W81/><G81/><T97/><D97/><U88/><E88/><V34/><F34/><W111/><G16/><T37/><D37/><U79/><E96/><V93/><F98/><W84/><G84/><T18/><D18/><N who="1" m="6667" /><E109/><V49/><F49/><W74/><G74/><T128/><D126/><U131/><E108/><V116/><F116/><W123/><G111/><T56/><D56/><U63/><E131/><V27/><F110/><W29/><G123/><T20/><D20/><U24/><E23/><V103/><F103/><W112/><G112/><T31/><D31/><U41/><E25/><V3/><F27/><W11/><G29/><T26/><D26/><U82/><E24/><V14/><F106/><W55/><G10/><T95/><D95/><U62/><E82/><V0/><F93/><RYUUKYOKU ba="0,0" sc="117,30,303,-10,317,-10,263,-10" hai0="45,48,52,59,61,124,127,128,129,130" /><INIT seed="7,1,0,3,5,22" ten="147,293,307,253" oya="3" hai0="75,101,115,69,52,98,59,71,112,131,64,92,91" hai1="100,89,127,72,24,17,36,55,20,45,31,37,27" hai2="132,80,12,85,90,122,8,107,14,99,121,88,116" hai3="0,28,70,120,104,93,39,126,58,86,79,54,44"/><W63/><G120/><N who="2" m="46185" /><F132/><W57/><G126/><T97/><D75/><U56/><E127/><V25/><F116/><W10/><G104/><T106/><D131/><U65/><E72/><V50/><F25/><W15/><G0/><T66/><D66/><U109/><E109/><V53/><F8/><W61/><G70/><T18/><D64/><U84/><E100/><N who="2" m="62879" /><F88/><N who="3" m="53399" /><G39/><T129/><D129/><U48/><E45/><AGARI ba="1,0" hai="12,14,45,50,53,80,85,90" m="62879,46185" machi="45" ten="30,1000,0" yaku="13,1" doraHai="22" who="2" fromWho="1" sc="147,0,293,-13,307,13,253,0" owari="147,-35.0,280,8.0,320,42.0,253,-15.0" /></mjloggm>