<mjloggm ver="2.3"><GO type="169" lobby="0"/><UN n0="%E3%82%82%E3%82%81%E3%82%93%E3%81%AA%E3%81%A1%E3%82%83%E3%81%84" n1="%E3%81%A8%E3%81%B3%E3%81%BE%E3%82%8B" n2="%E5%B0%B1%E6%B4%BB%E7%94%9F%40%E5%B7%9D%E6%9D%91%E8%BB%8D%E5%9B%A3" n3="%E3%83%89%E3%83%BC%E3%83%AB%E3%83%9F%E3%83%BC" dan="17,16,18,16" rate="2131.43,2067.81,2305.37,2114.57" sx="F,M,M,M"/><TAIKYOKU oya="0"/><INIT seed="0,0,0,4,0,69" ten="250,250,250,250" oya="0" hai0="43,128,84,32,133,81,116,127,87,46,112,45,68" hai1="4,38,124,92,17,123,121,14,108,36,18,7,44" hai2="33,93,130,71,90,53,94,103,48,119,30,8,76" hai3="78,47,75,98,97,74,60,19,96,34,70,12,29"/><T86/><D116/><U132/><E132/><V134/><F71/><W100/><G34/><T106/><D112/><U49/><E124/><V56/><F119/><W3/><G29/><T95/><D106/><U135/><E135/><V23/><F33/><W82/><G3/><T59/><D68/><U91/><E108/><V80/><F134/><W62/><G100/><T50/><D133/><U31/><E31/><V85/><F130/><W125/><G125/><T107/><D107/><U37/><E7/><V88/><F8/><W104/><G104/><T66/><D127/><U61/><E61/><V67/><F67/><W120/><G120/><T114/><D114/><U40/><E4/><V110/><F110/><W27/><G27/><T118/><D32/><U28/><E28/><V21/><F103/><W6/><G6/><T52/><D128/><U83/><E83/><V115/><F30/><W101/><G101/><T0/><D0/><U102/><E102/><V73/><REACH who="2" step="1"/><F115/><REACH who="2" ten="250,250,240,250" step="2"/><W22/><G70/><T99/><D118/><U9/><REACH who="1" step="1"/><E17/><REACH who="1" ten="250,240,240,250" step="2"/><V41/><F41/><W77/><G19/><T63/><D81/><U16/><E16/><V35/><F35/><W129/><G82/><T58/><D43/><U26/><E26/><V65/><F65/><W24/><G24/><T57/><D66/><U2/><E2/><V55/><F55/><W105/><G129/><T10/><D52/><U79/><E79/><V13/><F13/><W113/><G105/><T39/><D95/><U5/><E5/><V111/><F111/><W89/><G113/><T15/><D15/><U64/><E64/><RYUUKYOKU ba="0,2" sc="250,-15,240,15,240,15,250,-15" hai1="9,14,18,36,37,38,40,44,49,91,92,121,123" hai2="21,23,48,53,56,73,76,80,85,88,90,93,94" /><INIT seed="1,1,2,3,2,32" ten="235,255,255,235" oya="1" hai0="0,110,40,64,73,113,98,45,91,60,88,42,18" hai1="128,131,132,36,47,108,122,84,38,52,112,9,97" hai2="125,63,134,130,99,34,75,72,115,54,44,127,39" hai3="109,1,85,58,89,69,119,86,11,8,118,2,49"/><U29/><E122/><V81/><F34/><W80/><G69/><T101/><D113/><U71/><E112/><V83/><F115/><W116/><G109/><T59/><D110/><U104/><E71/><V100/><F39/><W111/><G111/><T126/><D126/><N who="2" m="48138" /><F44/><W41/><G86/><T120/><D73/><N who="2" m="28234" /><F54/><N who="3" m="32079" /><G41/><T124/><D124/><U30/><E132/><V14/><F14/><W56/><G56/><T82/><D120/><U121/><E121/><V22/><F22/><W20/><G20/><T23/><D0/><AGARI ba="1,2" hai="0,1,2,8,11,80,85,89,116,118,119" m="32079" machi="0" ten="40,8000,1" yaku="12,1,52,3" doraHai="32" who="3" fromWho="0" sc="235,-83,255,0,255,0,235,103" /><INIT seed="2,0,0,1,5,109" ten="152,255,255,338" oya="2" hai0="9,98,3,107,18,51,88,91,6,80,131,25,105" hai1="13,135,99,119,68,112,111,115,79,29,130,70,30" hai2="17,72,23,46,57,43,81,129,21,85,127,26,49" hai3="34,4,28,32,104,96,41,102,47,108,75,84,2"/><V106/><F127/><W12/><G75/><T74/><D131/><U16/><E119/><V87/><F106/><W83/><G2/><T125/><D125/><U36/><E36/><V92/><F129/><W95/><G104/><T122/><D122/><U117/><E117/><V89/><F72/><W54/><G54/><T67/><D67/><U101/><E130/><V20/><REACH who="2" step="1"/><F57/><REACH who="2" ten="152,255,245,338" step="2"/><W7/><G108/><T61/><D107/><U35/><E111/><V120/><F120/><W65/><G34/><T39/><D105/><U69/><E35/><V22/><F22/><W50/><G32/><T124/><D74/><U60/><E70/><V133/><F133/><W44/><G28/><T40/><D124/><U103/><E68/><V121/><F121/><W63/><G47/><T14/><D39/><U82/><E135/><V27/><F27/><W86/><G12/><T66/><D25/><U5/><E30/><V76/><AGARI ba="0,1" hai="17,20,21,23,26,43,46,49,76,81,85,87,89,92" machi="76" ten="20,7800,0" yaku="1,1,0,1,7,1,8,1,53,0" doraHai="109" doraHaiUra="126" who="2" fromWho="2" sc="152,-26,255,-26,245,88,338,-26" /><INIT seed="2,1,0,0,5,49" ten="126,229,333,312" oya="2" hai0="72,97,83,115,128,66,124,30,54,39,68,95,16" hai1="8,130,60,118,94,120,42,125,7,133,122,86,26" hai2="76,9,98,132,45,91,90,50,103,20,23,112,5" hai3="2,21,121,44,78,14,35,25,81,71,106,69,93"/><V22/><F112/><W116/><G106/><T43/><D115/><U33/><E118/><V48/><F76/><W56/><G2/><T29/><D124/><U102/><E125/><V1/><F50/><W57/><G121/><T3/><D3/><U0/><E42/><V58/><F58/><W131/><G35/><T10/><D128/><U47/><E47/><V73/><F73/><W40/><G14/><T37/><D66/><U134/><E60/><V117/><F132/><N who="1" m="50793" /><E130/><V92/><REACH who="2" step="1"/><F117/><REACH who="2" ten="126,229,323,312" step="2"/><W12/><G57/><T123/><D72/><U107/><E120/><V59/><F59/><W82/><G56/><T67/><D123/><U36/><E122/><V80/><F80/><W127/><G82/><T17/><D83/><U15/><E36/><V38/><F38/><W84/><G116/><T77/><D37/><U46/><E46/><V28/><F28/><W6/><G127/><T74/><D39/><U101/><E107/><V108/><F108/><W53/><G131/><T41/><D74/><U113/><E113/><V27/><F27/><W126/><G126/><T24/><D24/><U110/><E26/><V55/><AGARI ba="1,1" hai="1,5,9,20,22,23,45,48,55,90,91,92,98,103" machi="55" ten="30,18000,2" yaku="1,1,0,1,52,1,53,3" doraHai="49" doraHaiUra="18" who="2" fromWho="2" sc="126,-61,229,-61,323,193,312,-61" /><INIT seed="2,2,0,0,3,70" ten="65,168,516,251" oya="2" hai0="59,57,108,96,39,60,71,54,117,74,86,12,47" hai1="10,122,77,29,65,64,68,49,102,94,129,33,133" hai2="80,20,11,25,67,83,123,41,82,22,111,0,114" hai3="30,106,88,100,45,121,127,131,36,24,62,110,104"/><V56/><F123/><W95/><G121/><T4/><D74/><U73/><E122/><V32/><F32/><W8/><G8/><T118/><D108/><U99/><E133/><V115/><F111/><W132/><G62/><T76/><D71/><U91/><E29/><V103/><F103/><W37/><G45/><T28/><D28/><U6/><E33/><V18/><F41/><W97/><G110/><T89/><D76/><U55/><E68/><V3/><F22/><W27/><G27/><T116/><D96/><U90/><E77/><V19/><F19/><W113/><G106/><T42/><D59/><U21/><E73/><V9/><F56/><W1/><G1/><T75/><D75/><U101/><E21/><V126/><F67/><W107/><G107/><T50/><D12/><N who="1" m="5207" /><E101/><V128/><F128/><W93/><G104/><T43/><D4/><U112/><E112/><V35/><F35/><W44/><G113/><T40/><REACH who="0" step="1"/><D60/><REACH who="0" ten="55,168,516,251" step="2"/><U15/><E129/><V58/><F3/><W135/><G131/><T31/><D31/><U51/><E15/><V2/><F2/><W130/><G130/><T53/><D53/><U23/><E55/><V38/><F58/><W124/><G132/><T87/><D87/><U81/><E65/><V16/><F0/><W125/><G135/><T5/><D5/><U78/><E64/><V79/><F79/><W34/><G44/><T7/><D7/><U46/><E46/><V14/><F114/><W84/><AGARI ba="2,1" hai="24,30,34,36,37,84,88,93,95,97,100,124,125,127" machi="84" ten="30,8000,1" yaku="0,1,18,1,52,2,54,1" doraHai="70" who="3" fromWho="3" sc="55,-22,168,-22,516,-42,251,96" /><INIT seed="3,0,0,0,4,30" ten="33,146,474,347" oya="3" hai0="117,71,45,87,9,86,112,14,116,99,18,59,54" hai1="40,28,131,46,88,27,56,19,123,60,102,49,111" hai2="128,22,13,32,29,23,94,75,129,38,2,7,50" hai3="8,17,115,95,36,72,98,41,43,101,0,10,83"/><W66/><G115/><T79/><D71/><U90/><E123/><V35/><F75/><W1/><G66/><T16/><D112/><U6/><E131/><N who="2" m="50251" /><F38/><W74/><G95/><T21/><D117/><U120/><E120/><V48/><F2/><W4/><G101/><T67/><D116/><U34/><E102/><V78/><F78/><N who="3" m="44487" /><G98/><T125/><D125/><U91/><E111/><V105/><F105/><W53/><G53/><T20/><D79/><U104/><E104/><V93/><F93/><W31/><G43/><T132/><D132/><U89/><E6/><V68/><F94/><W92/><G92/><T62/><D99/><U124/><E124/><V24/><F68/><W133/><G74/><T122/><D9/><U15/><N who="1" m="23040" /><DORA hai="127" /><U119/><E119/><V77/><F77/><W11/><G133/><T114/><D114/><U108/><E108/><V110/><F110/><W135/><G31/><T58/><D45/><U25/><E25/><V103/><F103/><W33/><G135/><T106/><D106/><U134/><E134/><V47/><F50/><W80/><G80/><T55/><D122/><U118/><E118/><V73/><F73/><W113/><G113/><T126/><D126/><U84/><E84/><V3/><F48/><W82/><G36/><T51/><REACH who="0" step="1"/><D67/><REACH who="0" ten="23,146,474,347" step="2"/><U44/><E46/><V52/><F47/><W76/><G8/><T107/><D107/><U70/><E70/><V39/><F39/><W65/><G10/><T96/><D96/><U64/><E64/><V130/><F130/><W81/><G65/><T12/><AGARI ba="0,1" hai="12,14,16,18,20,21,51,54,55,58,59,62,86,87" machi="12" ten="20,12000,2" yaku="1,1,0,1,7,1,9,1,8,1,54,1,53,0" doraHai="30,127" doraHaiUra="61,100" who="0" fromWho="0" sc="23,130,146,-30,474,-30,347,-60" /><INIT seed="4,0,0,4,4,49" ten="153,116,444,287" oya="0" hai0="31,15,74,123,34,90,73,45,94,75,79,109,107" hai1="30,115,37,0,59,121,88,98,128,17,113,87,19" hai2="25,65,119,28,132,117,89,61,44,12,64,26,40" hai3="112,85,4,29,32,58,68,83,101,100,124,47,52"/><T72/><D123/><U54/><E121/><V111/><F111/><W10/><G68/><T91/><D109/><U116/><E116/><N who="2" m="44619" /><F132/><W56/><G29/><T16/><D107/><U129/><E37/><N who="2" m="21519" /><F12/><N who="3" m="5191" /><G32/><T9/><D45/><U93/><E0/><V104/><F104/><W14/><G14/><T78/><N who="0" m="18432" /><DORA hai="135" /><T38/><D38/><U108/><E30/><V43/><F43/><W133/><G133/><T13/><D91/><U130/><E108/><V62/><F89/><N who="3" m="51391" /><G112/><N who="1" m="43082" /><E98/><V102/><F102/><N who="3" m="39531" /><G124/><T76/><D15/><U35/><E35/><N who="2" m="20879" /><F26/><W99/><G99/><T5/><D31/><U20/><E20/><V22/><F22/><W95/><G95/><T70/><D34/><U1/><E1/><V127/><F127/><W7/><G7/><T6/><REACH who="0" step="1"/><D70/><REACH who="0" ten="143,116,444,287" step="2"/><U24/><E24/><V21/><F21/><W96/><G96/><AGARI ba="0,1" hai="5,6,9,13,16,76,78,79,90,94,96" m="18432" machi="96" ten="70,12000,1" yaku="1,1,2,1,54,1,53,0" doraHai="49,135" doraHaiUra="46,39" who="0" fromWho="3" sc="143,130,116,0,444,0,287,-120" /><INIT seed="4,1,0,2,0,40" ten="273,116,444,167" oya="0" hai0="126,5,110,41,27,100,31,62,13,64,63,29,111" hai1="109,57,4,120,129,123,44,127,94,125,32,21,59" hai2="6,121,47,96,103,61,74,36,115,3,79,43,84" hai3="135,11,95,9,34,18,45,30,70,106,20,89,72"/><T38/><D126/><N who="1" m="48139" /><E32/><V101/><F115/><W134/><G70/><T80/><D100/><U56/><E109/><N who="0" m="41481" /><D31/><U2/><E129/><V124/><F124/><W0/><G72/><T39/><D80/><U24/><E94/><V75/><F61/><N who="0" m="23050" /><D64/><U117/><E117/><V53/><F75/><W105/><G89/><T8/><D41/><U16/><E4/><V12/><F53/><W14/><G95/><T119/><D119/><U50/><E2/><V132/><F3/><W114/><G105/><T85/><D85/><U90/><E90/><V99/><F74/><W83/><G106/><T23/><AGARI ba="1,0" hai="5,8,13,23,27,29,38,39" m="23050,41481" machi="23" ten="30,1500,0" yaku="10,1" doraHai="40" who="0" fromWho="0" sc="273,18,116,-6,444,-6,167,-6" /><INIT seed="4,2,0,0,3,22" ten="291,110,438,161" oya="0" hai0="111,120,5,126,19,106,119,107,60,27,116,2,133" hai1="128,41,104,94,130,71,58,63,46,42,39,67,117" hai2="33,118,55,125,79,51,80,90,74,114,53,127,57" hai3="97,88,34,132,77,12,1,64,14,47,87,72,36"/><T96/><D120/><U0/><E104/><V18/><F33/><W21/><G1/><T86/><D133/><U110/><E0/><V108/><F108/><W35/><G72/><T85/><D111/><U89/><E110/><V99/><F114/><W82/><G64/><T15/><D126/><U109/><E109/><V84/><F99/><W44/><G132/><T129/><D129/><U10/><E10/><V70/><F70/><W100/><G34/><T101/><D106/><U113/><E117/><V135/><F135/><W105/><G35/><T134/><D134/><U75/><E75/><V48/><F18/><W49/><G36/><T56/><D5/><U66/><E113/><V121/><F121/><W11/><G77/><T20/><D2/><U61/><E94/><V54/><F118/><W32/><G32/><T43/><D43/><N who="1" m="22911" /><E89/><V131/><F131/><AGARI ba="2,0" hai="41,42,58,61,63,66,67,71,128,130,131" m="22911" machi="131" ten="30,3900,0" yaku="19,1,34,2" doraHai="22" who="1" fromWho="2" sc="291,0,110,45,438,-45,161,0" /><INIT seed="5,0,0,1,1,127" ten="291,155,393,161" oya="1" hai0="13,27,12,125,63,58,50,18,94,57,67,21,40" hai1="126,121,75,28,76,0,4,62,43,37,116,82,98" hai2="39,7,89,45,99,81,123,118,10,36,100,120,95" hai3="68,41,16,103,49,66,32,65,97,29,1,108,102"/><U132/><E116/><V134/><F134/><W2/><G108/><T71/><D125/><U90/><E121/><V86/><F118/><W111/><G111/><T8/><D12/><U87/><E126/><V109/><F109/><W25/><G103/><T48/><D94/><U79/><E132/><V34/><F34/><W60/><G66/><T55/><D40/><U47/><E28/><V74/><F74/><W19/><G2/><T26/><D26/><U51/><E76/><V15/><REACH who="2" step="1"/><F45/><REACH who="2" ten="291,155,383,161" step="2"/><N who="3" m="25775" /><G1/><T131/><D131/><U129/><E129/><V107/><F107/><AGARI ba="0,1" hai="16,19,25,29,32,60,65,68,97,102,107" m="25775" machi="107" ten="30,2000,0" yaku="25,1,54,1" doraHai="127" who="3" fromWho="2" sc="291,0,155,0,383,-20,161,30" /><INIT seed="6,0,0,1,5,71" ten="291,155,363,191" oya="2" hai0="78,65,104,63,20,92,130,76,79,102,43,50,58" hai1="95,9,11,25,132,108,33,7,51,97,81,122,109" hai2="5,77,35,120,113,30,56,90,111,121,116,28,0" hai3="88,127,105,49,10,101,131,67,48,34,18,2,47"/><V134/><F77/><W96/><G34/><T41/><D130/><U66/><E66/><V62/><F113/><W44/><G131/><T133/><D133/><U37/><E132/><V26/><F134/><W8/><G127/><T59/><D104/><U119/><E119/><V12/><F30/><W27/><G67/><T84/><D20/><U103/><E122/><V22/><F111/><W40/><G2/><T39/><D39/><U55/><E81/><V3/><F3/><W29/><G18/><T93/><D84/><U24/><E9/><V117/><F90/><W32/><REACH who="3" step="1"/><G88/><REACH who="3" ten="291,155,363,181" step="2"/><T15/><D102/><U89/><E89/><V46/><F0/><W128/><G128/><T14/><D65/><U125/><E125/><V73/><F35/><W69/><G69/><T82/><D82/><U135/><E135/><V52/><F5/><W31/><G31/><T86/><D78/><U38/><E108/><V112/><F28/><W87/><G87/><T61/><D86/><U53/><E109/><V106/><F116/><W124/><G124/><T94/><D93/><U91/><E91/><V19/><F117/><W85/><G85/><T100/><D100/><U80/><E80/><V99/><F120/><W72/><G72/><T16/><D16/><U45/><E53/><AGARI ba="0,1" hai="8,10,27,29,32,40,44,47,48,49,53,96,101,105" machi="53" ten="30,2000,0" yaku="1,1,7,1,53,0" doraHai="71" doraHaiUra="60" who="3" fromWho="1" sc="291,0,155,-20,363,0,181,30" /><INIT seed="7,0,0,1,5,57" ten="291,135,363,211" oya="3" hai0="66,89,20,98,104,42,82,7,35,9,72,120,97" hai1="50,17,26,23,106,123,1,76,55,128,54,110,122" hai2="125,102,58,75,56,112,63,52,46,77,135,29,34" hai3="12,130,114,86,33,39,119,108,24,47,2,117,118"/><W96/><G2/><T83/><D120/><U127/><E110/><V64/><F112/><W32/><G12/><T105/><D35/><U61/><E106/><V109/><F109/><W36/><G47/><T6/><D42/><U121/><E1/><V71/><F135/><W4/><G4/><T74/><D20/><U81/><E128/><V62/><F125/><W79/><G96/><T65/><REACH who="0" step="1"/><D89/><REACH who="0" ten="281,135,363,211" step="2"/><U94/><E127/><V80/><F34/><W8/><G33/><T43/><D43/><U124/><E124/><V53/><F29/><W0/><G32/><T73/><D73/><U93/><E54/><V87/><F75/><W134/><G108/><T129/><D129/><U14/><E14/><V113/><F113/><W40/><G130/><T101/><D101/><U115/><E115/><V5/><F102/><W15/><G114/><T27/><D27/><U95/><E76/><V84/><F53/><W45/><G79/><T19/><D19/><U78/><E78/><V99/><F77/><W41/><G15/><T68/><D68/><U88/><E88/><V91/><F71/><W126/><G126/><T51/><D51/><U60/><REACH who="1" step="1"/><E81/><REACH who="1" ten="281,125,363,211" step="2"/><V90/><F91/><W49/><G117/><T30/><D30/><U16/><E16/><V107/><F90/><W131/><G118/><T132/><D132/><U3/><E3/><V18/><F18/><W38/><G0/><T103/><D103/><U111/><E111/><V31/><F31/><W25/><G119/><T85/><D85/><U133/><E133/><V11/><F87/><W59/><G86/><T10/><AGARI ba="0,2" hai="6,7,9,10,65,66,72,74,82,83,97,98,104,105" machi="10" ten="25,8000,1" yaku="1,1,5,1,0,1,22,2,53,0" doraHai="57" doraHaiUra="69" who="0" fromWho="0" sc="281,100,125,-20,363,-20,211,-40" owari="381,48.0,105,-39.0,343,14.0,171,-23.0" /></mjloggm>