<mjloggm ver="2.3"><GO type="225" lobby="0"/><UN n0="%E3%83%A9%E3%82%A4%E3%82%AB%40" n1="%28%2A%C2%B4%33%EF%BD%80%2A%29" n2="%E3%82%A6%E3%83%AB%E3%83%88%E3%83%A9%E7%AB%8B%E7%9B%B4" n3="%74%61%6B%75%61%6B%61" dan="16,16,17,16" rate="2070.43,2090.78,2115.02,2111.67" sx="M,F,M,M"/><TAIKYOKU oya="0"/><INIT seed="0,0,0,5,3,45" ten="250,250,250,250" oya="0" hai0="125,2,32,50,113,11,81,97,131,43,66,49,77" hai1="17,96,130,7,103,111,63,1,72,14,25,110,95" hai2="92,112,4,36,104,48,30,39,91,56,42,20,27" hai3="53,93,128,124,54,24,74,41,34,90,52,121,115"/><T57/><D113/><U122/><E122/><V132/><F104/><W79/><G115/><T26/><D125/><U61/><E72/><V80/><F112/><W9/><G124/><T6/><D131/><U117/><E117/><V84/><F132/><W127/><G127/><T68/><D68/><U83/><E130/><V55/><F4/><W75/><G128/><T44/><D97/><U116/><E116/><V120/><F120/><W101/><G101/><T89/><D89/><U98/><E25/><V5/><F5/><W51/><G79/><T70/><D70/><U129/><E83/><V102/><F102/><W35/><G9/><T86/><D66/><U88/><E7/><V69/><F69/><W0/><G0/><T18/><D18/><U60/><E1/><V22/><F42/><W73/><G24/><T126/><D126/><U13/><E129/><V33/><REACH who="2" step="1"/><F80/><REACH who="2" ten="250,250,240,250" step="2"/><W31/><G121/><T8/><D6/><U107/><REACH who="1" step="1"/><E14/><REACH who="1" ten="250,240,240,250" step="2"/><V82/><F82/><W19/><G74/><T134/><D2/><U99/><E99/><V105/><F105/><W23/><G73/><T21/><D134/><U135/><E135/><V58/><F58/><W12/><G75/><T133/><D133/><U119/><E119/><V37/><AGARI ba="0,2" hai="20,22,27,30,33,36,37,39,48,55,56,84,91,92" machi="37" ten="30,4000,0" yaku="1,1,0,1,52,1,53,0" doraHai="45" doraHaiUra="109" who="2" fromWho="2" sc="250,-20,240,-10,240,60,250,-10" /><INIT seed="1,0,0,2,1,15" ten="230,230,300,240" oya="1" hai0="73,81,33,2,48,26,109,105,53,36,82,8,37" hai1="127,3,83,45,74,104,14,108,13,124,75,7,32" hai2="99,86,133,54,68,10,49,16,89,69,122,94,80" hai3="123,129,29,20,107,9,25,102,40,106,118,47,128"/><U35/><E104/><V72/><F72/><N who="1" m="27689" /><E83/><V24/><F122/><W55/><G123/><T79/><D105/><U87/><E87/><V95/><F133/><W34/><G118/><T66/><D82/><U64/><E64/><V30/><F30/><W0/><G55/><T31/><D66/><U111/><E45/><N who="2" m="27951" /><F24/><W1/><G20/><T119/><D119/><U110/><E3/><N who="3" m="1098" /><G9/><T113/><D113/><U97/><E97/><V19/><F19/><W126/><G126/><N who="1" m="48170" /><E7/><V51/><F51/><N who="3" m="27111" /><G102/><T12/><D2/><U17/><E14/><N who="2" m="7255" /><F95/><W57/><G107/><T22/><D33/><U23/><AGARI ba="0,0" hai="13,17,23,32,35,108,110,111" m="48170,27689" machi="23" ten="40,12000,1" yaku="14,1,10,1,18,1,52,1" doraHai="15" who="1" fromWho="1" sc="230,-40,230,120,300,-40,240,-40" /><INIT seed="1,1,0,1,2,116" ten="190,350,260,200" oya="1" hai0="26,132,65,72,112,92,54,27,100,32,59,99,36" hai1="130,124,7,63,120,103,55,93,64,87,113,10,8" hai2="86,105,28,98,90,12,117,67,24,121,83,80,70" hai3="110,97,17,1,42,81,34,46,58,6,45,23,16"/><U88/><E113/><V22/><F117/><W127/><G110/><T109/><D112/><U131/><E124/><V41/><F41/><W77/><G34/><T111/><D132/><U30/><E30/><V118/><F118/><W66/><G127/><T43/><D65/><U123/><E103/><V107/><F121/><W20/><G97/><T2/><D2/><U3/><E10/><V52/><F67/><W31/><G31/><T15/><D72/><U75/><E55/><V69/><F83/><W79/><G6/><T129/><D129/><N who="1" m="49163" /><E75/><V104/><F12/><N who="3" m="9223" /><G1/><T14/><D36/><U102/><E102/><V119/><F119/><W21/><G21/><T60/><D43/><U57/><AGARI ba="1,0" hai="3,7,8,57,63,64,87,88,93,120,123" m="49163" machi="57" ten="30,11700,0" yaku="19,1,52,2,54,1" doraHai="116" who="1" fromWho="1" sc="190,-40,350,120,260,-40,200,-40" /><INIT seed="1,2,0,4,0,97" ten="150,470,220,160" oya="1" hai0="79,48,102,60,84,28,112,110,90,73,16,64,72" hai1="96,104,101,109,132,120,0,86,3,89,5,116,111" hai2="87,40,32,38,4,99,10,70,124,134,77,51,121" hai3="8,103,75,22,25,88,133,49,62,80,13,42,11"/><U41/><E120/><V9/><F9/><W56/><G133/><T57/><D112/><U44/><E116/><V39/><F32/><W35/><G35/><T43/><D110/><N who="1" m="41995" /><E5/><V81/><F70/><W45/><G103/><T30/><D102/><U21/><E132/><V58/><F124/><W106/><G106/><T46/><D79/><U108/><N who="1" m="42003" /><U114/><DORA hai="118" /><E21/><V117/><F121/><W66/><G13/><T6/><D6/><U18/><E18/><V63/><F99/><W76/><REACH who="3" step="1"/><G88/><REACH who="3" ten="150,470,220,150" step="2"/><T31/><REACH who="0" step="1"/><D16/><AGARI ba="2,1" hai="8,11,16,22,25,42,45,49,56,62,66,75,76,80" machi="16" ten="30,7700,0" yaku="1,1,2,1,7,1,54,1,53,0" doraHai="97,118" doraHaiUra="50,93" who="3" fromWho="0" sc="150,-83,470,0,220,0,150,93" /><INIT seed="2,0,0,2,1,72" ten="67,470,220,243" oya="2" hai0="103,96,28,10,53,71,65,7,88,21,80,14,76" hai1="36,90,15,86,79,73,4,98,52,82,110,123,16" hai2="34,5,25,67,55,23,30,125,92,22,60,117,135" hai3="3,128,115,18,20,35,78,108,89,44,66,26,68"/><V58/><F117/><W102/><G3/><T0/><D71/><U99/><E36/><V48/><F125/><W133/><G108/><T37/><D37/><U39/><E110/><V42/><F135/><W12/><G128/><T119/><D119/><U50/><E39/><V11/><F42/><W46/><G89/><T56/><D65/><U94/><E4/><V114/><F92/><W49/><G49/><T100/><D0/><U107/><E123/><V19/><F19/><W6/><G6/><T83/><D83/><U77/><E107/><V45/><REACH who="2" step="1"/><F114/><REACH who="2" ten="67,470,210,243" step="2"/><W32/><G18/><T43/><D43/><U105/><E105/><V101/><F101/><W27/><G102/><T1/><D1/><AGARI ba="0,1" hai="1,5,11,22,23,25,30,34,45,48,55,58,60,67" machi="1" ten="30,2900,0" yaku="1,1,7,1,53,0" doraHai="72" doraHaiUra="97" who="2" fromWho="0" sc="67,-29,470,0,210,39,243,0" /><INIT seed="2,1,0,5,1,108" ten="38,470,249,243" oya="2" hai0="98,61,8,67,43,120,36,0,65,23,48,117,42" hai1="56,70,78,18,100,22,66,72,7,115,29,112,125" hai2="85,129,32,45,110,94,2,116,3,82,133,17,106" hai3="84,53,105,107,54,63,10,113,81,62,9,49,16"/><V55/><F116/><W35/><G35/><T30/><D120/><U73/><E70/><V19/><F106/><W50/><G84/><T58/><D117/><U37/><E37/><V126/><F32/><W6/><G81/><T68/><D36/><U80/><E100/><V95/><F110/><W99/><G99/><T44/><D42/><U97/><E97/><V40/><F129/><W132/><G16/><N who="2" m="6217" /><F126/><W87/><G87/><T38/><D38/><U25/><E125/><V111/><F111/><W21/><G21/><T14/><D0/><U92/><E92/><N who="2" m="35371" /><F133/><W13/><G132/><T86/><D98/><U46/><E72/><V118/><F118/><W121/><G121/><T12/><D86/><U1/><E29/><V93/><F93/><W75/><G6/><T114/><D114/><U33/><E33/><V90/><F55/><W57/><G13/><T128/><D128/><U76/><E76/><V88/><F90/><W26/><G75/><T69/><D69/><U59/><E66/><V47/><F47/><W39/><G39/><T109/><D109/><U4/><E46/><V24/><F24/><W123/><G26/><N who="0" m="16735" /><D8/><N who="3" m="3177" /><G123/><T104/><D104/><U51/><E1/><V119/><F119/><W127/><G127/><T74/><D74/><U122/><E122/><V130/><F130/><W79/><G107/><T64/><D68/><U101/><E101/><V27/><F27/><W134/><G134/><T20/><D20/><U103/><E103/><V124/><F124/><W60/><G105/><T34/><D34/><U28/><E73/><V83/><F83/><W41/><G41/><RYUUKYOKU ba="1,0" sc="38,15,470,-15,249,15,243,-15" hai0="12,14,43,44,48,58,61,64,65,67" hai2="2,3,40,45,82,85,88" /><INIT seed="2,2,0,4,0,115" ten="53,455,264,228" oya="2" hai0="45,63,0,44,133,83,61,12,75,131,121,5,93" hai1="8,36,92,29,126,78,118,11,31,52,65,58,67" hai2="43,101,56,19,54,110,18,119,16,49,33,80,112" hai3="81,1,55,120,113,100,21,96,103,86,85,7,72"/><V68/><F68/><W42/><G120/><T95/><D121/><U46/><E118/><V17/><F112/><W38/><G55/><T40/><D133/><U64/><E126/><V41/><F119/><W79/><G21/><T47/><D131/><U6/><E78/><V48/><F33/><W51/><G51/><T4/><D0/><U77/><E77/><V39/><F39/><W94/><G103/><T99/><D40/><U28/><E36/><V125/><F125/><W37/><G37/><T107/><D107/><U129/><E129/><V50/><F110/><W102/><G102/><T114/><D114/><U127/><E127/><V66/><F66/><W62/><G62/><N who="0" m="23563" /><D75/><U57/><E92/><N who="0" m="35401" /><D83/><U22/><E22/><V97/><F80/><W32/><G32/><T109/><D109/><U14/><E11/><V90/><F90/><W84/><G113/><T132/><D132/><U23/><E23/><V20/><F97/><W13/><G1/><T69/><D69/><U130/><E130/><V108/><F101/><W91/><G38/><T27/><D27/><U135/><E135/><V128/><F128/><W24/><G24/><T73/><D73/><U117/><E117/><V82/><F82/><W60/><G42/><N who="2" m="15881" /><F108/><W2/><G2/><T35/><D35/><U74/><E74/><V53/><F53/><W70/><G100/><T98/><D12/><AGARI ba="2,0" hai="12,16,17,18,19,20,48,49,50,54,56" m="15881" machi="12" ten="30,2900,0" yaku="8,1,54,1" doraHai="115" who="2" fromWho="0" sc="53,-35,455,0,264,35,228,0" /><INIT seed="2,3,0,1,2,112" ten="18,455,299,228" oya="2" hai0="16,100,73,111,18,21,41,48,120,99,44,58,82" hai1="108,36,6,28,77,97,8,43,19,23,56,102,50" hai2="11,72,2,46,5,40,61,127,122,83,116,98,45" hai3="12,91,95,106,33,65,17,26,93,90,71,24,52"/><V37/><F122/><W123/><G106/><T29/><D120/><U14/><E108/><V55/><F127/><W86/><G123/><T3/><D111/><U63/><E77/><V88/><F116/><W66/><G71/><T87/><D3/><U104/><E36/><V129/><F129/><W132/><G132/><T133/><D73/><U126/><E126/><V117/><F117/><W54/><G33/><T62/><D133/><U131/><E131/><V13/><F13/><W84/><G17/><T105/><D29/><U124/><E124/><V68/><F46/><W35/><G35/><T9/><D9/><U130/><E130/><V70/><F98/><W1/><REACH who="3" step="1"/><G12/><REACH who="3" ten="18,455,299,218" step="2"/><T103/><D103/><U89/><E102/><V74/><F70/><W79/><G79/><T125/><D125/><U38/><E104/><V109/><F109/><W110/><G110/><T7/><D7/><U27/><E19/><V115/><F115/><W119/><G119/><T53/><REACH who="0" step="1"/><D21/><REACH who="0" ten="8,455,299,218" step="2"/><U134/><E23/><V81/><F5/><W113/><G113/><T121/><D121/><U85/><E6/><V67/><F2/><AGARI ba="3,2" hai="1,2,24,26,52,54,65,66,84,86,90,91,93,95" machi="2" ten="25,6400,0" yaku="1,1,22,2,54,1,53,0" doraHai="112" doraHaiUra="30" who="3" fromWho="2" sc="8,0,455,0,299,-73,218,93" /><INIT seed="3,0,0,1,0,52" ten="8,455,226,311" oya="3" hai0="2,18,84,28,13,86,96,41,17,10,77,99,44" hai1="43,39,4,122,109,108,92,103,45,135,129,21,78" hai2="76,56,115,57,73,26,116,30,61,3,35,124,64" hai3="114,54,79,133,23,40,82,65,29,104,110,87,31"/><W113/><G104/><T106/><D2/><U68/><E122/><V49/><F115/><W88/><G133/><T117/><D117/><U90/><E135/><V37/><F37/><W14/><G65/><T94/><D106/><U102/><E68/><V8/><F116/><W98/><G40/><T126/><D126/><U132/><E132/><V105/><F105/><W15/><G110/><N who="1" m="42602" /><E129/><V51/><F124/><W11/><G113/><T83/><D28/><U16/><E4/><V50/><F76/><W55/><G114/><T60/><D60/><U58/><E78/><V70/><REACH who="2" step="1"/><F73/><REACH who="2" ten="8,455,216,311" step="2"/><W107/><G107/><T38/><D38/><U19/><E39/><V121/><F121/><W22/><G79/><T111/><D111/><U93/><E102/><V128/><F128/><W24/><G88/><N who="0" m="53527" /><D18/><U85/><E103/><V120/><F120/><W12/><G31/><T34/><D34/><U131/><E16/><V69/><F69/><W59/><G29/><T97/><D17/><U27/><E19/><V47/><F47/><W80/><G24/><T62/><D62/><U112/><E27/><V67/><F67/><W66/><G66/><T95/><D44/><U36/><E131/><V71/><F71/><W89/><G89/><T101/><D41/><U7/><E112/><V118/><F118/><W74/><G74/><T127/><D127/><U75/><E90/><V48/><N who="2" m="12288" /><DORA hai="33" /><V1/><F1/><W5/><G54/><T125/><D125/><U9/><E75/><V20/><F20/><W130/><G55/><T119/><D119/><U81/><E36/><V134/><F134/><RYUUKYOKU ba="0,1" sc="8,15,455,-15,216,15,311,-15" hai0="10,13,77,83,84,95,96,97,99,101" hai2="3,8,26,30,35,56,57,61,64,70" owari="23,-48.0,450,55.0,231,-17.0,296,10.0" /></mjloggm>