<mjloggm ver="2.3"><GO type="169" lobby="0"/><UN n0="%74%75%67%61%6D%69" n1="%E9%BB%92%E7%8C%AB%73%69%6E" n2="%41%6B%6B%69%79" n3="%E3%83%88%E3%83%88%E3%83%AA%E5%85%88%E7%94%9F%31%39%E6%AD%B3" dan="16,16,16,19" rate="2118.05,2135.19,2146.48,2276.43" sx="M,M,M,F"/><TAIKYOKU oya="0"/><INIT seed="0,0,0,5,5,37" ten="250,250,250,250" oya="0" hai0="29,104,134,74,130,52,97,50,91,61,133,31,126" hai1="12,92,17,16,48,122,111,57,47,106,22,115,102" hai2="108,113,116,28,89,124,6,82,27,21,117,25,86" hai3="38,5,8,26,4,99,40,18,23,70,119,42,76"/><T11/><D74/><U101/><E122/><V80/><F113/><W110/><G119/><T114/><D114/><U127/><E115/><V3/><F124/><W132/><G70/><T34/><D126/><U129/><E106/><V51/><F108/><W39/><G110/><T1/><D130/><U72/><E111/><V56/><F82/><W78/><G132/><N who="0" m="50795" /><D61/><U71/><E71/><V13/><F3/><W64/><G64/><T30/><D11/><U20/><E72/><V90/><F90/><W85/><G39/><T63/><D63/><U41/><E129/><V88/><F89/><W44/><G85/><T53/><D1/><U54/><E92/><V75/><F75/><W112/><G112/><T73/><D73/><U32/><E32/><V59/><F27/><W10/><G99/><T14/><D14/><N who="1" m="9239" /><E127/><V81/><F81/><W15/><REACH who="3" step="1"/><G42/><REACH who="3" ten="250,250,250,240" step="2"/><T103/><D53/><U120/><E120/><V49/><F116/><W36/><G36/><T62/><D52/><U84/><E84/><V118/><F118/><W94/><G94/><T7/><D97/><U65/><E65/><V66/><F66/><W24/><G24/><T55/><D104/><U121/><E121/><V135/><F135/><W67/><G67/><T98/><D98/><U83/><E83/><V77/><F117/><W128/><G128/><T68/><D55/><U19/><E54/><V87/><F87/><W105/><G105/><T109/><D68/><U100/><E57/><V131/><F131/><W60/><G60/><T2/><D109/><U46/><E46/><V93/><F56/><W45/><G45/><RYUUKYOKU ba="0,1" sc="250,-15,250,15,250,-15,240,15" hai1="12,17,19,22,41,47,48,100,101,102" hai3="4,5,8,10,15,18,23,26,38,40,44,76,78" /><INIT seed="1,1,1,5,2,3" ten="235,265,235,255" oya="1" hai0="73,115,29,8,34,56,118,68,98,77,83,134,93" hai1="7,113,82,13,10,120,92,75,104,18,11,16,125" hai2="50,86,32,91,72,4,41,131,65,109,62,19,6" hai3="114,48,110,14,37,71,15,87,88,124,108,78,43"/><U26/><E104/><V44/><F72/><W55/><G114/><T121/><D115/><U130/><E113/><V85/><F32/><W79/><G71/><T117/><D121/><U53/><E120/><V31/><F31/><W105/><G105/><T22/><D68/><U70/><E70/><V58/><F131/><W24/><G124/><T49/><D34/><U57/><E125/><V39/><F109/><N who="3" m="42091" /><G24/><T102/><D134/><U112/><E112/><V99/><F39/><W132/><G43/><T90/><D22/><U80/><E130/><V5/><F19/><W46/><G37/><T35/><D29/><U84/><E75/><V97/><F86/><W25/><G25/><T17/><D35/><U128/><E128/><V51/><F50/><W107/><G107/><T12/><REACH who="0" step="1"/><D102/><REACH who="0" ten="225,265,235,255" step="2"/><U66/><E26/><V2/><REACH who="2" step="1"/><F2/><REACH who="2" ten="225,265,225,255" step="2"/><W103/><G132/><T119/><D119/><U101/><E101/><V33/><F33/><W60/><G103/><T129/><D129/><U23/><E18/><V67/><F67/><W94/><G14/><T69/><D69/><U111/><E66/><V61/><F61/><W126/><G126/><T81/><D81/><AGARI ba="1,3" hai="4,5,6,41,44,51,58,62,65,81,85,91,97,99" machi="81" ten="40,12000,2" yaku="1,1,8,1,52,3,53,1" doraHai="3" doraHaiUra="63" who="2" fromWho="0" sc="225,-123,265,0,225,153,255,0" /><INIT seed="2,0,0,0,4,26" ten="102,265,378,255" oya="2" hai0="101,13,134,25,29,41,8,36,63,123,76,98,110" hai1="86,39,45,107,6,75,1,126,96,0,35,130,27" hai2="34,71,48,55,72,20,93,24,82,31,33,102,73" hai3="30,60,99,135,62,124,97,61,46,14,103,67,83"/><V116/><F71/><W125/><G135/><T66/><D123/><U120/><E120/><V78/><F73/><W95/><G67/><T127/><D134/><U17/><E86/><V111/><F116/><W80/><G46/><T119/><D119/><U108/><E17/><V5/><F5/><W69/><G69/><T54/><D127/><N who="3" m="48713" /><G14/><T37/><D76/><U43/><E126/><V7/><F7/><W10/><G10/><T52/><D110/><U4/><E108/><V65/><F65/><W57/><G57/><N who="0" m="37231" /><D41/><U87/><E1/><V132/><F132/><W44/><G44/><T32/><D37/><U112/><E0/><V74/><F74/><W106/><G30/><T3/><D3/><U50/><E39/><V49/><F111/><W89/><AGARI ba="0,0" hai="60,61,62,80,83,89,95,97,99,103,106" m="48713" machi="89" ten="30,1100,0" yaku="18,1" doraHai="26" who="3" fromWho="3" sc="102,-3,265,-3,378,-5,255,11" /><INIT seed="3,0,0,0,3,73" ten="99,262,373,266" oya="3" hai0="86,24,104,32,52,103,25,124,42,101,111,6,76" hai1="127,121,130,119,112,108,10,2,77,134,120,44,85" hai2="105,47,90,126,113,94,95,20,30,92,3,5,70" hai3="8,135,55,128,60,71,15,31,43,115,97,38,114"/><W96/><G128/><T99/><D124/><U21/><E112/><V84/><F105/><W16/><G135/><T23/><D111/><U75/><E85/><V35/><F70/><W125/><G125/><T87/><D42/><U48/><E21/><V22/><F35/><W19/><G31/><T50/><D6/><N who="1" m="1367" /><E127/><V9/><F113/><W61/><G43/><T91/><D101/><U40/><E108/><V89/><F126/><W46/><G38/><T83/><D32/><U39/><E48/><V123/><F123/><W0/><G0/><T63/><D63/><U79/><E79/><V81/><F47/><W1/><G1/><T72/><D23/><U26/><E26/><V12/><F3/><W41/><G41/><T88/><D87/><U62/><E62/><N who="3" m="24170" /><G71/><T132/><D132/><U131/><E119/><V58/><F58/><W45/><G114/><T51/><D51/><U11/><E11/><V100/><F100/><W36/><G36/><T74/><D74/><U68/><E68/><V64/><F64/><W110/><G110/><T82/><D91/><U17/><E17/><N who="3" m="6730" /><G55/><T66/><D66/><U69/><E69/><V37/><F37/><W107/><G107/><T116/><D116/><U4/><E134/><V78/><F22/><W129/><G115/><T122/><D122/><N who="1" m="47211" /><E4/><V33/><F33/><W98/><G129/><T56/><AGARI ba="0,0" hai="24,25,50,52,56,72,76,82,83,86,88,99,103,104" machi="56" ten="20,8000,1" yaku="0,1,7,1,52,1,54,2" doraHai="73" who="0" fromWho="0" sc="99,80,262,-20,373,-20,266,-40" /><INIT seed="4,0,0,5,0,28" ten="179,242,353,226" oya="0" hai0="95,4,13,72,41,56,62,109,77,111,38,105,122" hai1="125,97,18,129,100,107,42,44,59,6,54,76,26" hai2="101,75,81,83,66,70,37,79,84,21,3,17,93" hai3="34,115,57,43,104,78,45,130,58,7,12,40,88"/><T55/><D105/><U94/><E129/><V22/><F37/><W132/><G104/><T27/><D122/><U120/><E120/><V16/><F3/><W102/><G102/><T10/><D95/><U119/><E119/><V20/><F66/><W29/><G130/><T46/><REACH who="0" step="1"/><D27/><REACH who="0" ten="169,242,353,226" step="2"/><U48/><E107/><V69/><F93/><W23/><G115/><T123/><D123/><U135/><E26/><V133/><F133/><W33/><G132/><T131/><D131/><U87/><E94/><V126/><F126/><W121/><G121/><T9/><D9/><U103/><E125/><V65/><F101/><W0/><G23/><T8/><D8/><U49/><E100/><V134/><F134/><W110/><G33/><T53/><D53/><U50/><E54/><V19/><F65/><W35/><G34/><T73/><D73/><U63/><E103/><V5/><F75/><W25/><G35/><T31/><D31/><U90/><E135/><V15/><F83/><AGARI ba="0,1" hai="4,10,13,38,41,46,55,56,62,72,77,83,109,111" machi="83" ten="40,2000,0" yaku="1,1,53,0" doraHai="28" doraHaiUra="24" who="0" fromWho="2" sc="169,30,242,0,353,-20,226,0" /><INIT seed="4,1,0,0,5,70" ten="199,242,333,226" oya="0" hai0="118,79,4,76,47,14,58,84,104,89,66,46,32" hai1="62,132,125,94,86,117,100,45,23,15,110,127,69" hai2="130,108,26,30,131,56,93,123,52,128,55,135,6" hai3="24,105,95,12,75,27,22,59,28,115,67,7,51"/><T48/><D118/><U116/><E110/><V72/><F72/><W71/><G105/><T107/><D32/><U101/><E132/><V13/><F123/><W90/><G75/><T5/><D107/><U21/><E45/><N who="0" m="16905" /><D104/><U96/><E100/><V53/><F108/><W106/><G106/><T18/><D48/><U17/><E23/><V10/><F93/><W36/><G36/><T73/><D73/><U87/><E87/><V20/><REACH who="2" step="1"/><F135/><REACH who="2" ten="199,242,323,226" step="2"/><W77/><G95/><N who="0" m="54695" /><D79/><U35/><E116/><V134/><F134/><W74/><G77/><T39/><D76/><U8/><E117/><V92/><F92/><W102/><G74/><T57/><D4/><U109/><E109/><V61/><AGARI ba="1,1" hai="6,10,13,20,26,30,52,53,55,56,61,128,130,131" machi="61" ten="30,7900,0" yaku="1,1,0,1,19,1,54,1,53,0" doraHai="70" doraHaiUra="119" who="2" fromWho="2" sc="199,-40,242,-21,323,92,226,-21" /><INIT seed="5,0,0,1,5,110" ten="159,221,415,205" oya="1" hai0="14,45,48,18,97,88,79,82,129,65,43,21,12" hai1="103,23,73,115,112,1,32,127,61,47,31,117,38" hai2="95,100,52,111,36,54,63,71,6,49,42,66,37" hai3="104,41,2,77,75,68,119,125,78,11,120,118,105"/><U123/><E117/><N who="3" m="44554" /><G68/><T22/><D129/><U55/><E123/><V59/><F6/><N who="3" m="1495" /><G120/><T40/><D65/><U25/><E127/><V86/><F86/><W126/><G41/><T96/><D40/><N who="1" m="22935" /><E73/><V91/><F91/><W83/><G78/><T56/><D56/><N who="1" m="34975" /><E103/><V19/><F111/><W67/><G67/><T34/><D34/><U80/><E80/><V57/><F57/><W39/><G39/><T128/><D128/><U62/><E62/><V109/><F19/><W102/><G102/><T0/><D0/><U130/><E1/><V60/><F95/><W27/><G27/><T4/><D88/><U28/><E130/><V122/><F100/><W64/><G64/><T5/><D5/><U7/><E7/><V101/><F101/><W135/><G135/><T113/><D97/><U13/><E13/><V16/><F122/><W107/><AGARI ba="0,0" hai="75,77,83,104,105,107,125,126" m="1495,44554" machi="107" ten="40,2700,0" yaku="12,1,23,1" doraHai="110" who="3" fromWho="3" sc="159,-7,221,-13,415,-7,205,27" /><INIT seed="6,0,0,3,4,93" ten="152,208,408,232" oya="2" hai0="9,2,95,105,47,70,64,125,108,112,41,4,51" hai1="72,75,54,92,3,0,110,65,91,23,20,123,127" hai2="101,113,126,28,97,40,13,67,79,46,103,87,135" hai3="66,31,5,56,16,25,32,35,77,55,45,73,26"/><V84/><F113/><W29/><G66/><T80/><D108/><U30/><E110/><V50/><F135/><W76/><G73/><T134/><D112/><U61/><E127/><V107/><F126/><W62/><G5/><T118/><D125/><U74/><E123/><V43/><F28/><W78/><G45/><T6/><D134/><U59/><E30/><V18/><F67/><W38/><G38/><T52/><D118/><U53/><E53/><V69/><F69/><W111/><G111/><T121/><D105/><U11/><E54/><V81/><F101/><W44/><G44/><T106/><D106/><U88/><E91/><V33/><F33/><W71/><G71/><T19/><D121/><U68/><E68/><V94/><F107/><W15/><REACH who="3" step="1"/><G77/><REACH who="3" ten="152,208,408,222" step="2"/><T86/><D64/><U122/><E122/><V117/><F117/><W120/><G120/><T49/><D70/><U83/><E72/><V1/><F1/><W132/><G132/><T128/><D4/><N who="1" m="1415" /><E3/><V131/><F43/><W114/><G114/><T14/><D2/><U39/><E39/><V34/><F46/><W124/><G124/><T17/><D128/><U57/><E74/><V100/><F40/><W7/><G7/><T27/><D6/><U36/><E36/><V10/><F79/><W42/><G42/><T85/><D41/><U116/><E116/><V104/><F104/><W102/><G102/><T24/><D47/><U90/><E75/><V89/><F103/><W22/><AGARI ba="0,1" hai="15,16,22,25,26,29,31,32,35,55,56,62,76,78" machi="22" ten="20,8000,1" yaku="1,1,0,1,7,1,9,1,54,1,53,0" doraHai="93" doraHaiUra="96" who="3" fromWho="3" sc="152,-20,208,-20,408,-40,222,90" /><INIT seed="7,0,0,4,0,9" ten="132,188,368,312" oya="3" hai0="3,11,94,57,10,127,44,124,58,70,122,107,65" hai1="53,87,1,129,27,72,40,80,79,111,6,68,48" hai2="21,105,4,125,116,24,101,77,119,52,46,132,69" hai3="16,12,54,63,75,22,114,123,29,128,8,2,95"/><W66/><G123/><T76/><D122/><U135/><E111/><V37/><F69/><W7/><G75/><T67/><D107/><U31/><E68/><V84/><F125/><W78/><G78/><T104/><D104/><U62/><E129/><V30/><F132/><W108/><G128/><T99/><D76/><U90/><E1/><V118/><F4/><W15/><G108/><T98/><D70/><U102/><E6/><V55/><F101/><W110/><G110/><T0/><D94/><U96/><E40/><V86/><F105/><W120/><G120/><T81/><REACH who="0" step="1"/><D44/><REACH who="0" ten="122,188,368,312" step="2"/><N who="1" m="27783" /><E79/><V33/><F77/><W42/><G114/><T88/><D88/><U35/><E90/><V50/><F118/><W41/><G95/><T121/><D121/><U32/><E72/><V18/><F116/><W17/><G29/><T45/><D45/><U38/><E31/><V39/><F30/><W115/><G115/><T126/><D126/><U97/><E135/><V19/><F119/><W64/><G54/><T51/><D51/><U47/><E47/><V134/><F39/><W59/><G64/><T130/><D130/><U25/><E38/><V112/><F37/><W117/><G117/><T83/><AGARI ba="0,1" hai="0,3,10,11,57,58,65,67,81,83,98,99,124,127" machi="83" ten="25,12000,2" yaku="1,1,0,1,22,2,53,2" doraHai="9" doraHaiUra="133" who="0" fromWho="0" sc="122,130,188,-30,368,-30,312,-60" owari="252,5.0,158,-34.0,338,44.0,252,-15.0" /></mjloggm>