<mjloggm ver="2.3"><GO type="169" lobby="0"/><UN n0="%E3%82%AD%E3%83%9F%E3%82%BF%E3%83%9E%E3%82%B4" n1="%53%74%65%61%6C%74%68%47" n2="%E5%B0%B1%E6%B4%BB%E7%94%9F%40%E5%B7%9D%E6%9D%91%E8%BB%8D%E5%9B%A3" n3="%E3%81%84%E3%81%AC%E3%81%98%E3%82%83%E3%82%89%EF%BC%94" dan="17,16,18,18" rate="2088.13,2036.29,2280.93,2188.69" sx="M,M,M,M"/><TAIKYOKU oya="0"/><INIT seed="0,0,0,1,5,56" ten="250,250,250,250" oya="0" hai0="4,38,50,89,47,71,129,61,85,96,19,34,23" hai1="2,25,118,76,44,127,108,3,79,20,45,119,104" hai2="39,69,113,73,70,105,125,84,124,97,41,122,66" hai3="53,54,29,116,74,10,101,103,117,62,5,90,21"/><T114/><D34/><U31/><E108/><V57/><F73/><W95/><G74/><T77/><D129/><U49/><E104/><V26/><F122/><W33/><G33/><T100/><D38/><U42/><E127/><V58/><F105/><W16/><G29/><T94/><D4/><U120/><E120/><V75/><F75/><W68/><G117/><T17/><D77/><U86/><E79/><V72/><F72/><W91/><G116/><T11/><D11/><U130/><E130/><V134/><F97/><N who="3" m="57599" /><G68/><N who="2" m="26217" /><F26/><N who="3" m="14631" /><G90/><T80/><D114/><U110/><E110/><V82/><F82/><W121/><G121/><T37/><D37/><U98/><E98/><V9/><F84/><W51/><G54/><T15/><D19/><U112/><E112/><V132/><F9/><W107/><G107/><T22/><D71/><U64/><E119/><V46/><F113/><W1/><G51/><T6/><D6/><U123/><E118/><V35/><F35/><W67/><G67/><T63/><D23/><U13/><E123/><V18/><F18/><W52/><G53/><AGARI ba="0,0" hai="15,17,22,47,50,53,61,63,80,85,89,94,96,100" machi="53" ten="30,11600,0" yaku="7,1,8,1,52,2" doraHai="56" who="0" fromWho="3" sc="250,116,250,0,250,0,250,-116" /><INIT seed="0,1,0,1,3,110" ten="366,250,250,134" oya="0" hai0="30,50,35,75,128,55,41,65,111,78,95,88,9" hai1="67,82,62,36,33,97,10,76,16,108,105,37,0" hai2="121,3,125,66,119,107,115,127,5,86,92,11,19" hai3="54,101,84,68,100,47,103,94,39,120,42,24,18"/><T109/><D128/><U29/><E108/><N who="0" m="41545" /><D65/><U12/><E0/><V7/><F107/><W4/><G68/><T96/><D41/><U22/><E10/><V14/><F92/><W131/><G131/><T116/><D9/><U17/><E17/><V72/><F86/><W26/><G120/><T56/><D116/><U59/><E105/><V87/><F87/><W52/><G4/><T8/><D8/><U99/><E37/><V124/><F72/><W43/><G43/><T32/><D30/><U135/><E135/><V106/><F106/><W80/><G94/><T45/><D56/><U129/><E129/><V90/><F66/><W27/><REACH who="3" step="1"/><G18/><REACH who="3" ten="366,250,250,124" step="2"/><T6/><D6/><U40/><E40/><V93/><F121/><W69/><G69/><T20/><D20/><U13/><E36/><V48/><F7/><W70/><G70/><T79/><D35/><U113/><E33/><V77/><F5/><W61/><G61/><T15/><D32/><U34/><E34/><V91/><F19/><W38/><G38/><T64/><D64/><U51/><E16/><V81/><F124/><W44/><G44/><T73/><D73/><U63/><E62/><V117/><F125/><W123/><G123/><T118/><D75/><U130/><E63/><V122/><F122/><W25/><N who="3" m="6144" /><DORA hai="89" /><W98/><G98/><T46/><D118/><U83/><E130/><V60/><F117/><W58/><G58/><N who="0" m="33143" /><D15/><U1/><E13/><V132/><F14/><W74/><G74/><T134/><D45/><U104/><E12/><V133/><F119/><W102/><N who="3" m="25600" /><DORA hai="85" /><W57/><G57/><RYUUKYOKU ba="1,1" sc="366,-10,250,-10,250,-10,124,30" hai3="39,42,47,52,54,80,84" /><INIT seed="1,2,1,5,5,22" ten="356,240,240,154" oya="1" hai0="0,60,100,2,122,50,74,55,109,62,33,102,8" hai1="82,34,49,10,105,47,119,89,45,70,127,4,118" hai2="134,124,17,1,86,15,46,35,14,48,42,126,69" hai3="51,111,6,59,20,11,31,21,78,85,91,27,99"/><U72/><E127/><N who="2" m="48683" /><F1/><W131/><G111/><T40/><D74/><U24/><E105/><V52/><F69/><W95/><G131/><T71/><D33/><U114/><E114/><V30/><F134/><W84/><G78/><T63/><D71/><U125/><E125/><V66/><F66/><W104/><G104/><T129/><D109/><U97/><E70/><V56/><F86/><W117/><G117/><T37/><D129/><U3/><E47/><V87/><F87/><W80/><G80/><T58/><D122/><U19/><E97/><V25/><F17/><W67/><G21/><T79/><D79/><U23/><E34/><V65/><F65/><W135/><G135/><T39/><D8/><U92/><E92/><V121/><F121/><W68/><G68/><T94/><D94/><U57/><E57/><V108/><F108/><W81/><G81/><T53/><D2/><U115/><E115/><V28/><F28/><W107/><G107/><T96/><D0/><U130/><E130/><V13/><F13/><N who="3" m="5367" /><G67/><T132/><D132/><U54/><REACH who="1" step="1"/><E72/><REACH who="1" ten="356,230,240,154" step="2"/><V75/><F75/><W38/><G38/><AGARI ba="2,2" hai="14,15,25,30,35,38,42,46,48,52,56" m="48683" machi="38" ten="30,3900,0" yaku="18,1,52,1,54,1" doraHai="22" who="2" fromWho="3" sc="356,0,230,0,240,65,154,-45" /><INIT seed="2,0,0,3,3,113" ten="356,230,305,109" oya="2" hai0="120,57,112,9,100,34,48,15,2,36,96,88,24" hai1="39,60,27,126,62,111,114,12,127,53,31,77,13" hai2="71,122,51,110,26,40,61,116,58,118,83,59,66" hai3="33,42,29,17,125,76,132,3,95,46,91,11,104"/><V49/><F83/><W102/><G125/><N who="1" m="47626" /><E111/><V10/><F10/><W89/><G132/><T28/><D36/><U67/><E114/><V103/><F103/><W123/><G123/><T44/><D120/><U37/><E77/><V107/><F107/><W14/><G104/><T45/><D2/><U82/><E82/><V54/><F26/><W56/><G76/><T117/><D117/><N who="2" m="45162" /><F122/><W55/><G3/><T85/><D112/><U25/><E27/><V41/><F110/><W94/><G33/><T74/><D74/><U101/><E101/><V72/><F72/><W79/><G29/><T63/><D100/><U128/><E128/><V64/><F64/><W65/><G65/><T121/><D96/><U84/><E25/><V22/><F22/><W75/><G79/><T0/><D0/><U87/><E31/><V131/><F131/><W16/><G75/><T35/><D121/><U1/><E1/><V73/><F73/><W90/><G17/><T98/><D98/><U7/><E7/><V78/><F78/><W47/><G102/><T6/><D34/><U21/><E21/><V124/><F124/><W19/><G19/><T81/><D48/><N who="2" m="18506" /><F71/><W115/><G115/><T8/><D9/><U23/><E23/><V18/><F18/><W30/><G30/><T80/><D80/><U69/><E13/><V4/><F4/><W134/><G11/><T68/><D68/><U20/><E12/><V43/><F43/><W109/><G109/><T135/><D35/><U119/><E20/><V5/><F5/><W108/><G108/><T86/><D24/><U52/><E119/><RYUUKYOKU ba="0,0" sc="356,-10,230,-10,305,30,109,-10" hai2="40,41,54,58,59,61,66" /><INIT seed="2,1,0,4,0,131" ten="346,220,335,99" oya="2" hai0="3,78,117,129,55,36,112,28,26,47,5,59,124" hai1="121,97,83,27,135,108,44,110,33,10,2,8,107" hai2="126,89,79,133,37,1,116,56,82,64,46,24,51" hai3="61,102,76,104,70,75,100,80,103,50,95,98,13"/><V58/><F1/><W71/><G50/><T32/><D129/><U45/><E121/><V40/><F116/><W21/><G61/><T94/><D124/><U130/><E130/><V65/><F126/><W34/><G34/><T92/><D112/><U63/><E63/><V86/><F133/><W132/><G132/><T72/><D59/><U20/><E33/><V91/><F37/><W66/><G66/><T29/><D29/><U68/><E68/><V23/><F58/><W57/><G57/><T123/><D55/><U88/><E135/><V113/><F113/><W0/><G0/><T99/><D99/><U105/><E2/><V9/><F9/><N who="1" m="3689" /><E107/><V77/><F56/><W118/><G118/><T42/><D123/><U30/><E105/><V6/><F6/><W11/><G21/><T93/><D117/><U115/><E115/><V39/><F39/><W17/><REACH who="3" step="1"/><G104/><REACH who="3" ten="346,220,335,89" step="2"/><T25/><D3/><U73/><E44/><V12/><F65/><W14/><G14/><T15/><D32/><U85/><E45/><V122/><F12/><W67/><G67/><T96/><D15/><U4/><E20/><V119/><F64/><W87/><G87/><T134/><D134/><U114/><E85/><N who="2" m="50359" /><F119/><W38/><G38/><T111/><D47/><U120/><E114/><V125/><F125/><W74/><G74/><T35/><D36/><U127/><E73/><V48/><F48/><W49/><G49/><T54/><D72/><U41/><E127/><V52/><F122/><W7/><G7/><T109/><D5/><U43/><E4/><V128/><F46/><W81/><G81/><RYUUKYOKU ba="1,1" sc="346,-10,220,-10,335,-10,89,30" hai3="11,13,17,70,71,75,76,80,95,98,100,102,103" /><INIT seed="3,2,1,1,4,2" ten="336,210,325,119" oya="3" hai0="76,41,85,103,87,116,83,5,128,102,125,60,21" hai1="48,100,61,18,99,129,34,13,70,45,124,37,50" hai2="118,133,0,105,108,16,20,33,29,73,11,67,111" hai3="114,53,28,64,39,15,131,24,32,82,56,8,63"/><W69/><G114/><T132/><D116/><U98/><E124/><V12/><F105/><W115/><G115/><T92/><D41/><U120/><E120/><V25/><F73/><W58/><G131/><T49/><D5/><U22/><E37/><V4/><F67/><W107/><G39/><T117/><D49/><U54/><E34/><V51/><F118/><W134/><G134/><T9/><D9/><U62/><E129/><V30/><F51/><W66/><G107/><T97/><D21/><U40/><E70/><V44/><F44/><W93/><G69/><T113/><D60/><N who="1" m="23147" /><E100/><N who="0" m="38441" /><D125/><U123/><E123/><V7/><F133/><W65/><G93/><T72/><D117/><U52/><E40/><V112/><F112/><W19/><REACH who="3" step="1"/><G82/><REACH who="3" ten="336,210,325,109" step="2"/><N who="0" m="47303" /><D113/><U17/><E18/><V55/><F30/><W36/><G36/><T71/><D71/><U130/><E130/><V121/><F121/><W75/><G75/><T80/><D128/><U127/><E127/><V86/><F29/><W59/><AGARI ba="2,2" hai="8,15,19,24,28,32,53,56,58,59,63,64,65,66" machi="59" ten="30,6000,0" yaku="1,1,0,1,53,1" doraHai="2" doraHaiUra="31" who="3" fromWho="3" sc="336,-22,210,-22,325,-22,109,86" /><INIT seed="3,3,0,3,1,12" ten="314,188,303,195" oya="3" hai0="83,104,67,1,5,49,135,19,24,50,7,40,125" hai1="32,93,34,89,6,37,97,87,124,85,45,25,131" hai2="116,82,0,31,80,96,13,30,15,42,111,109,55" hai3="63,20,52,14,38,43,103,81,48,108,53,73,132"/><W35/><G35/><T92/><D104/><U62/><E124/><V11/><F42/><W29/><G132/><T23/><D135/><U58/><E131/><V60/><F116/><W9/><G108/><N who="2" m="41545" /><F0/><W61/><G38/><T78/><D125/><U106/><E6/><N who="2" m="3319" /><F96/><W75/><G103/><T94/><D67/><U117/><E117/><V74/><F15/><W21/><G43/><T70/><D70/><U127/><E127/><V77/><F82/><W107/><G107/><T98/><D1/><U27/><E37/><V99/><F99/><W59/><G29/><T44/><D50/><U95/><E106/><V69/><F55/><W128/><G128/><T3/><D3/><U90/><E97/><V68/><F69/><W84/><G75/><T28/><D94/><U39/><E27/><V46/><F46/><N who="3" m="27671" /><G73/><T51/><D51/><U54/><E39/><V101/><F101/><W76/><G63/><T33/><D33/><U79/><E79/><V10/><F10/><W113/><G113/><T65/><D28/><U115/><E115/><V88/><F88/><W41/><G41/><T105/><D105/><U100/><E100/><V36/><F36/><W121/><G121/><T110/><D110/><U91/><E45/><V133/><F133/><W66/><G53/><T71/><D71/><U119/><E119/><V18/><F60/><W118/><G118/><T22/><D40/><U47/><E47/><V126/><F126/><W120/><G120/><T8/><D78/><U64/><E54/><V112/><F112/><W56/><G56/><T26/><D44/><U86/><E34/><RYUUKYOKU ba="3,0" sc="314,-15,188,15,303,-15,195,15" hai1="25,32,58,62,64,85,86,87,89,90,91,93,95" hai3="9,14,20,21,59,61,66,76,81,84" /><INIT seed="3,4,0,0,4,5" ten="299,203,288,210" oya="3" hai0="95,101,96,121,49,29,17,89,50,62,102,11,117" hai1="42,123,36,133,78,104,97,13,35,41,31,106,57" hai2="69,71,21,110,120,72,56,27,68,18,85,88,92" hai3="60,58,91,52,30,113,44,37,38,22,76,15,122"/><W45/><G122/><T111/><D111/><U135/><E123/><V124/><F120/><W114/><G76/><T107/><D117/><U47/><E78/><V109/><F72/><W81/><G81/><T46/><D29/><U125/><E125/><V20/><F124/><W54/><G91/><T131/><D131/><U77/><E77/><V55/><REACH who="2" step="1"/><F20/><REACH who="2" ten="299,203,278,210" step="2"/><W132/><G22/><T43/><D121/><U112/><E135/><V75/><F75/><W130/><G132/><T32/><D32/><U33/><E133/><V67/><F67/><W3/><G130/><T74/><D74/><U82/><E35/><V64/><F64/><W80/><G114/><T7/><D107/><U128/><E33/><V100/><F100/><W118/><G113/><T126/><D101/><U39/><E106/><V70/><N who="2" m="17920" /><DORA hai="108" /><V23/><F23/><W14/><G118/><T63/><D102/><U48/><E104/><V8/><F8/><W105/><G105/><T94/><D126/><U40/><E112/><V12/><F12/><W134/><G134/><T87/><D11/><U10/><E128/><V119/><F119/><W98/><G15/><T66/><D66/><U51/><E13/><V83/><F83/><W4/><G80/><T86/><D95/><U93/><E82/><V6/><F6/><W28/><G14/><T1/><D7/><U116/><E10/><V24/><F24/><W115/><G115/><T9/><D9/><U127/><E116/><V16/><F16/><W53/><G4/><T25/><D17/><U0/><E127/><V99/><F99/><W26/><G26/><RYUUKYOKU ba="4,1" sc="299,-10,203,-10,278,30,210,-10" hai2="18,21,27,55,56,85,88,92,109,110" /><INIT seed="4,5,1,3,4,61" ten="289,193,308,200" oya="0" hai0="113,133,111,3,35,40,115,106,7,2,126,8,118" hai1="88,26,132,95,13,134,68,91,6,54,110,43,53" hai2="100,25,108,78,83,97,23,125,102,45,92,94,98" hai3="56,4,80,59,48,103,117,71,124,20,22,109,77"/><T18/><D106/><U31/><E110/><V44/><F125/><W89/><G71/><T127/><D40/><U72/><E72/><V90/><F108/><W42/><G109/><T116/><D35/><U70/><E43/><V114/><F114/><N who="0" m="43530" /><D18/><U122/><E122/><V21/><F90/><N who="1" m="34345" /><E95/><V47/><REACH who="2" step="1"/><F25/><REACH who="2" ten="289,193,298,200" step="2"/><W46/><G89/><T66/><D111/><U50/><E26/><V39/><F39/><W24/><G24/><T135/><D126/><U107/><E31/><V37/><F37/><W1/><G124/><T14/><D127/><U65/><E107/><V16/><F16/><W51/><G117/><T105/><D105/><U86/><E134/><V64/><F64/><W29/><G29/><T60/><D116/><U62/><E132/><N who="0" m="50761" /><D118/><U128/><E65/><V123/><F123/><W49/><G103/><T99/><D99/><U101/><E101/><V12/><F12/><W74/><G1/><T82/><D82/><U10/><E13/><V112/><F112/><W81/><G81/><T9/><D3/><U19/><E19/><V17/><F17/><W58/><REACH who="3" step="1"/><G4/><REACH who="3" ten="289,193,298,190" step="2"/><T79/><D2/><U32/><E6/><V38/><F38/><AGARI ba="5,3" hai="20,22,38,42,46,48,49,51,56,58,59,74,77,80" machi="38" ten="40,2600,0" yaku="1,1,2,1,53,0" doraHai="61" doraHaiUra="93" who="3" fromWho="2" sc="289,0,193,0,298,-41,190,71" /><INIT seed="5,0,0,3,0,31" ten="289,193,257,261" oya="1" hai0="90,20,127,83,67,57,40,95,130,55,46,29,43" hai1="71,37,45,114,121,87,27,61,134,126,74,77,7" hai2="131,132,15,49,98,60,89,52,79,118,106,96,108" hai3="124,22,128,100,117,28,92,105,17,65,56,122,25"/><U101/><E121/><V68/><F108/><W99/><G122/><T5/><D130/><U66/><E134/><V81/><F118/><W44/><G128/><T94/><D127/><U85/><E126/><V36/><F36/><W39/><G124/><T76/><D5/><U109/><E114/><V93/><F131/><W135/><G135/><T33/><D33/><U30/><E109/><V23/><F132/><W10/><G117/><T2/><D2/><U1/><E101/><V80/><F68/><W110/><G110/><T63/><D76/><U59/><E74/><V34/><F34/><W129/><G129/><T9/><D9/><U103/><E103/><V115/><F60/><N who="3" m="38023" /><G105/><T111/><D83/><N who="2" m="31818" /><F79/><W84/><G84/><T26/><D95/><U12/><E1/><V35/><F35/><W120/><G120/><T119/><D119/><U82/><E85/><N who="2" m="52399" /><F106/><W42/><G10/><T53/><D111/><U8/><E71/><V133/><F133/><W86/><G86/><N who="0" m="52567" /><D46/><U113/><E113/><V38/><F38/><W64/><G64/><T51/><D67/><U14/><E37/><V88/><F88/><W50/><G39/><T125/><D125/><U0/><REACH who="1" step="1"/><E45/><REACH who="1" ten="289,183,257,261" step="2"/><N who="2" m="27695" /><F115/><W62/><G100/><T102/><D102/><U112/><E112/><V48/><F98/><W11/><G99/><T6/><D57/><U32/><AGARI ba="0,1" hai="0,7,8,12,14,27,30,32,59,61,66,77,82,87" machi="32" ten="20,7800,0" yaku="1,1,0,1,7,1,52,1,53,0" doraHai="31" doraHaiUra="123" who="1" fromWho="1" sc="289,-26,183,88,257,-26,261,-26" /><INIT seed="5,1,0,0,1,107" ten="263,271,231,235" oya="1" hai0="67,23,6,114,82,2,51,25,1,50,16,116,115" hai1="24,0,7,84,117,112,56,21,31,54,37,61,35" hai2="58,9,70,5,81,119,91,55,13,131,74,36,95" hai3="94,121,104,63,68,123,39,128,89,69,42,62,132"/><U118/><E37/><V85/><F131/><W65/><G104/><T3/><D6/><U96/><E112/><N who="0" m="43049" /><D116/><U64/><E84/><V46/><F70/><W100/><G100/><T8/><D67/><U87/><E87/><V126/><F126/><W83/><G128/><T43/><D8/><U26/><E96/><V38/><F46/><W14/><G132/><T45/><D82/><U28/><E0/><V135/><F135/><W18/><G83/><T12/><D12/><U15/><REACH who="1" step="1"/><E64/><REACH who="1" ten="263,261,231,235" step="2"/><V52/><F119/><W59/><G65/><T57/><D3/><U99/><E99/><V40/><F40/><W80/><G42/><T10/><D2/><U125/><E125/><V75/><F55/><W109/><G39/><T120/><D1/><U110/><E110/><V127/><F127/><W22/><G109/><T105/><D43/><U133/><E133/><V48/><F38/><W77/><G123/><T98/><D120/><U19/><E19/><V41/><F41/><W101/><G18/><T17/><D98/><U102/><E102/><V113/><F36/><W66/><G101/><T44/><D17/><U30/><E30/><V88/><F113/><W73/><G121/><T33/><D16/><U90/><E90/><V106/><F106/><W29/><G89/><T4/><D105/><U34/><E34/><V122/><F122/><W124/><G124/><T71/><D33/><U92/><E92/><V86/><AGARI ba="1,1" hai="5,9,13,48,52,58,74,75,81,85,86,88,91,95" machi="86" ten="20,12000,2" yaku="0,1,7,1,52,2,54,2" doraHai="107" who="2" fromWho="2" sc="263,-31,261,-61,231,133,235,-31" /><INIT seed="6,0,0,0,1,113" ten="232,200,364,204" oya="2" hai0="63,112,96,116,10,0,130,85,82,23,24,31,69" hai1="42,47,26,115,59,7,35,99,103,34,91,9,28" hai2="56,6,122,72,102,107,15,8,32,13,17,55,124" hai3="61,74,84,83,51,62,123,33,126,29,121,135,101"/><V43/><F72/><W105/><G74/><T92/><D112/><U95/><E115/><V41/><F32/><W14/><G126/><T66/><D130/><U106/><E59/><V133/><F133/><W114/><G114/><T30/><D10/><U108/><E108/><V88/><F107/><W18/><G135/><T77/><D0/><U64/><E64/><V119/><F119/><W50/><G105/><T89/><D116/><U37/><E35/><V78/><F78/><W1/><G1/><T48/><D48/><U86/><E9/><V73/><F102/><W21/><G101/><T12/><D12/><U3/><E3/><V70/><F70/><W44/><G61/><T46/><D46/><U45/><E47/><V104/><F104/><W67/><G29/><AGARI ba="0,0" hai="23,24,29,30,31,63,66,69,77,82,85,89,92,96" machi="29" ten="30,1000,0" yaku="7,1" doraHai="113" who="0" fromWho="3" sc="232,10,200,0,364,0,204,-10" /><INIT seed="7,0,0,5,0,50" ten="242,200,364,194" oya="3" hai0="39,20,35,99,81,72,68,27,63,123,83,24,127" hai1="109,87,16,126,82,120,98,2,37,104,48,36,47" hai2="131,75,93,23,73,14,31,129,79,66,128,9,8" hai3="97,89,3,12,45,26,92,88,53,102,69,117,29"/><W85/><G117/><T106/><D39/><U111/><E120/><V132/><F132/><W65/><G3/><T114/><D127/><U22/><E2/><V34/><F66/><W0/><G0/><T86/><D72/><N who="2" m="27722" /><F79/><W58/><G69/><T112/><D123/><U96/><E126/><V76/><F76/><W130/><G130/><T134/><D134/><U122/><E122/><V115/><F115/><W56/><G12/><T38/><D38/><U57/><E37/><V15/><F93/><N who="3" m="58671" /><G65/><T80/><D86/><U40/><E104/><V32/><F14/><W74/><G74/><T4/><D4/><U78/><E111/><V43/><F43/><W59/><G89/><T41/><D41/><U133/><E133/><V52/><F9/><W1/><G1/><T91/><D91/><U107/><E107/><V64/><F64/><W103/><G103/><N who="0" m="62847" /><D20/><U84/><E84/><V100/><F100/><W105/><G105/><T61/><D68/><U113/><E113/><N who="0" m="43625" /><D27/><N who="1" m="14791" /><E36/><V118/><F118/><W90/><G90/><T110/><D110/><U94/><E109/><V60/><F8/><W95/><G95/><T6/><D6/><U44/><E94/><V70/><F70/><W17/><G17/><T71/><D71/><U30/><E40/><V19/><F31/><AGARI ba="0,0" hai="24,31,35,61,63,80,81,83" m="43625,62847" machi="31" ten="30,2000,0" yaku="15,1,11,1" doraHai="50" who="0" fromWho="2" sc="242,20,200,0,364,-20,194,0" owari="262,6.0,200,-20.0,344,45.0,194,-31.0" /></mjloggm>