<mjloggm ver="2.3"><GO type="225" lobby="0"/><UN n0="%E7%AB%B6%E9%A6%AC%E7%A0%94%E7%A9%B6%E6%89%80" n1="%73%61%72%61%6B" n2="%E3%82%A6%E3%83%AB%E3%83%88%E3%83%A9%E7%AB%8B%E7%9B%B4" n3="%68%61%6E%65%31%35%30%30" dan="19,16,17,17" rate="2288.92,2155.19,2107.24,2156.01" sx="M,M,M,M"/><TAIKYOKU oya="0"/><INIT seed="0,0,0,1,2,123" ten="250,250,250,250" oya="0" hai0="129,118,127,112,29,130,34,62,5,1,31,131,71" hai1="87,122,60,104,12,96,51,84,109,27,41,35,74" hai2="133,79,47,33,49,94,116,69,11,3,95,90,80" hai3="18,43,66,124,4,23,113,26,107,86,117,45,28"/><T77/><D118/><U22/><E74/><V67/><F33/><W15/><G117/><T65/><D112/><U6/><E122/><V111/><F116/><W103/><G113/><T55/><D127/><U128/><E128/><V93/><F133/><W17/><G124/><T72/><D55/><U58/><E35/><V44/><F90/><W73/><G73/><T132/><D132/><U135/><E135/><V97/><F97/><W13/><G66/><T38/><D38/><U8/><E109/><V110/><F67/><W101/><G4/><T125/><D125/><U119/><E119/><V89/><F89/><W68/><G68/><T91/><D91/><U61/><E96/><V85/><F69/><W75/><G75/><T83/><REACH who="0" step="1"/><D34/><REACH who="0" ten="240,250,250,250" step="2"/><U10/><E41/><V102/><F102/><W53/><G53/><T88/><D88/><U48/><E48/><V64/><F64/><W81/><G103/><T126/><D126/><U14/><E51/><V134/><F134/><W120/><G120/><T105/><D105/><U106/><E106/><V36/><F36/><W42/><G101/><T76/><D76/><U46/><E104/><V59/><F47/><W115/><G107/><T16/><D16/><N who="3" m="6249" /><G115/><T56/><D56/><U52/><E46/><V82/><F59/><W37/><G43/><T121/><D121/><U70/><E70/><V32/><F32/><W9/><G37/><T100/><D100/><U19/><E61/><V40/><REACH who="2" step="1"/><F82/><REACH who="2" ten="240,250,240,250" step="2"/><W63/><G45/><T39/><D39/><U24/><E24/><V20/><F20/><W108/><G26/><T25/><D25/><RYUUKYOKU ba="0,2" sc="240,10,250,10,240,10,250,-30" hai0="1,5,29,31,62,65,71,72,77,83,129,130,131" hai1="6,8,10,12,14,19,22,27,52,58,60,84,87" hai2="3,11,40,44,49,79,80,85,93,94,95,110,111" /><INIT seed="0,1,2,1,2,47" ten="250,260,250,220" oya="0" hai0="78,5,7,0,42,90,61,71,23,17,65,80,49" hai1="133,76,48,82,30,44,112,18,40,33,11,132,128" hai2="34,62,31,92,10,127,36,89,122,120,72,20,28" hai3="4,91,2,79,74,124,84,97,116,111,83,109,115"/><T126/><D126/><U100/><E112/><V87/><F34/><W35/><G35/><T85/><D0/><U9/><E128/><V102/><F36/><W38/><G38/><T125/><D125/><U67/><E67/><V69/><F72/><W95/><G124/><T6/><D78/><U114/><E114/><V99/><F127/><W25/><G115/><T55/><D42/><U50/><E100/><V16/><F10/><N who="3" m="2327" /><G25/><T130/><D130/><U117/><E117/><V37/><F37/><W51/><G51/><N who="1" m="19498" /><E18/><V22/><F69/><W101/><G116/><T103/><D103/><U12/><E12/><V24/><F62/><W14/><G14/><T77/><D77/><U1/><E1/><V45/><F45/><W86/><G86/><T26/><REACH who="0" step="1"/><D6/><REACH who="0" ten="240,260,250,220" step="2"/><U19/><E76/><V46/><F122/><W129/><G129/><T63/><D63/><U104/><E132/><V64/><F120/><W118/><G118/><T108/><D108/><U81/><E133/><V110/><F110/><W27/><G111/><T94/><D94/><U88/><E104/><V32/><F92/><W73/><G109/><T53/><D53/><U39/><E82/><V121/><F121/><W8/><G79/><T68/><D68/><U123/><E123/><V96/><F102/><W59/><G101/><T21/><D21/><U60/><E60/><V75/><F22/><W41/><G95/><T57/><AGARI ba="1,3" hai="5,7,17,23,26,49,55,57,61,65,71,80,85,90" machi="57" ten="20,12000,1" yaku="1,1,0,1,7,1,52,1,53,1" doraHai="47" doraHaiUra="66" who="0" fromWho="0" sc="240,153,260,-41,250,-41,220,-41" /><INIT seed="0,2,0,5,1,61" ten="393,219,209,179" oya="0" hai0="128,31,130,125,17,0,120,23,132,13,115,64,113" hai1="37,29,127,34,112,43,67,100,88,5,114,96,1" hai2="110,122,82,38,45,66,92,68,62,46,36,109,84" hai3="20,30,95,9,126,59,91,19,8,101,28,111,106"/><T33/><D64/><U74/><E74/><V86/><F92/><W14/><G106/><T75/><D75/><U32/><E127/><V116/><F86/><W51/><G101/><T81/><D81/><U117/><E117/><V119/><F122/><W7/><G126/><T97/><D97/><U27/><E34/><V41/><F84/><W22/><G111/><N who="2" m="42505" /><F82/><W21/><G51/><T49/><D49/><U24/><E24/><V4/><F4/><W26/><G59/><T79/><D79/><U3/><E88/><V77/><F77/><W135/><G135/><T12/><D125/><U78/><E78/><V90/><F90/><W83/><G83/><T25/><D120/><U80/><E80/><V2/><F2/><N who="1" m="521" /><E5/><V60/><F60/><W72/><G72/><T57/><D57/><U94/><E94/><V87/><F87/><W89/><G89/><T85/><D85/><U105/><E67/><V134/><F134/><W104/><G104/><T98/><D98/><U18/><E18/><V10/><F10/><N who="3" m="4447" /><G95/><T76/><D76/><U108/><E108/><V55/><F55/><W42/><G42/><AGARI ba="2,0" hai="36,38,41,42,45,46,62,66,68,116,119" m="42505" machi="42" ten="30,8000,1" yaku="14,1,23,1,34,2,52,1" doraHai="61" who="2" fromWho="3" sc="393,0,219,0,209,86,179,-86" /><INIT seed="1,0,0,4,1,27" ten="393,219,295,93" oya="1" hai0="15,127,22,45,34,20,16,80,8,42,50,72,48" hai1="103,110,120,90,119,56,35,39,65,94,4,33,43" hai2="79,118,87,74,25,59,105,121,47,53,19,52,130" hai3="66,95,37,116,75,31,114,108,40,133,68,26,86"/><U100/><E120/><V77/><F74/><W46/><G75/><T111/><D34/><U29/><E119/><V82/><F105/><W14/><G116/><T125/><D111/><U23/><E110/><V17/><F121/><W109/><G114/><T38/><D38/><U97/><E4/><V76/><F118/><W69/><G133/><T101/><D101/><U73/><E73/><V135/><F135/><W112/><G112/><T2/><D50/><U24/><E103/><V81/><F130/><W9/><G69/><T57/><D57/><U64/><E64/><V83/><F87/><W60/><G95/><T98/><D98/><U113/><E113/><V28/><F47/><W12/><G86/><T41/><D41/><U62/><REACH who="1" step="1"/><E90/><REACH who="1" ten="393,209,295,93" step="2"/><V78/><F78/><W6/><REACH who="3" step="1"/><G14/><REACH who="3" ten="393,209,295,83" step="2"/><T1/><D1/><U13/><E13/><V132/><F132/><W88/><G88/><T71/><D2/><U7/><E7/><V70/><F79/><W21/><AGARI ba="0,2" hai="6,9,12,21,26,31,37,40,46,60,66,68,108,109" machi="21" ten="30,4000,0" yaku="1,1,0,1,52,1,53,0" doraHai="27" doraHaiUra="99" who="3" fromWho="3" sc="393,-10,209,-20,295,-10,83,60" /><INIT seed="2,0,0,0,2,130" ten="383,189,285,143" oya="2" hai0="114,22,1,88,131,111,91,10,68,78,41,62,39" hai1="30,18,76,59,40,15,13,60,5,104,46,102,33" hai2="83,116,20,64,94,65,31,19,134,36,110,28,17" hai3="127,75,32,84,129,80,9,55,82,35,54,89,16"/><V6/><F36/><W0/><G127/><T66/><D114/><U135/><E76/><V14/><F116/><W85/><G75/><T124/><D124/><U74/><E74/><V24/><F110/><W44/><G129/><T26/><D131/><U56/><E33/><V81/><F6/><W67/><G67/><N who="2" m="25673" /><F94/><W51/><G0/><T72/><D111/><U29/><E104/><V93/><F93/><W53/><G35/><T70/><D70/><U108/><E102/><V101/><F101/><W34/><G34/><T58/><D68/><U87/><E87/><V107/><F134/><W79/><G32/><T109/><D109/><U3/><E3/><V63/><F63/><W57/><G57/><N who="1" m="22090" /><E135/><V97/><F97/><W52/><REACH who="3" step="1"/><G53/><REACH who="3" ten="383,189,285,133" step="2"/><T125/><D125/><U7/><E108/><V122/><F122/><W133/><G133/><T49/><D1/><U25/><E46/><V38/><F38/><W2/><G2/><T105/><D39/><U98/><E40/><V73/><F73/><W92/><G92/><T71/><D41/><U77/><E60/><V99/><F107/><W95/><G95/><T96/><D105/><U12/><E98/><V106/><F99/><W61/><G61/><T23/><D96/><U11/><E7/><V115/><F106/><W43/><G43/><T86/><D72/><U118/><E118/><V45/><F115/><W123/><G123/><T126/><D126/><U117/><E117/><V21/><F45/><W69/><G69/><T128/><D71/><U121/><E121/><V48/><F48/><W90/><G90/><T103/><D91/><RYUUKYOKU ba="0,1" sc="383,-15,189,-15,285,15,133,15" hai2="14,17,19,20,21,24,28,31,81,83" hai3="9,16,44,51,52,54,55,79,80,82,84,85,89" /><INIT seed="2,1,1,0,5,32" ten="368,174,300,148" oya="2" hai0="99,55,62,8,12,95,10,64,59,135,93,123,70" hai1="51,33,23,116,83,50,28,128,61,130,68,119,44" hai2="40,82,132,73,30,6,18,17,85,107,37,105,110" hai3="27,49,81,100,60,97,5,57,98,117,54,29,41"/><V84/><F30/><W3/><G117/><N who="1" m="45130" /><E33/><V106/><F132/><W48/><G81/><T46/><D123/><U67/><E83/><V109/><F73/><W103/><G41/><T31/><D135/><U24/><E44/><N who="2" m="23567" /><F6/><W63/><G60/><T69/><D31/><U118/><E118/><V1/><F1/><W111/><G111/><N who="2" m="42505" /><F84/><W114/><G114/><T79/><D79/><AGARI ba="1,1" hai="17,18,79,82,85,105,106,107" m="42505,23567" machi="79" ten="40,3900,0" yaku="14,1,10,1" doraHai="32" who="2" fromWho="0" sc="368,-42,174,0,300,52,148,0" /><INIT seed="2,2,0,0,3,121" ten="326,174,352,148" oya="2" hai0="11,53,120,123,112,36,96,50,23,2,94,5,39" hai1="103,111,22,6,110,19,124,31,84,7,58,69,134" hai2="27,126,16,29,0,95,33,88,3,78,15,101,9" hai3="92,61,4,68,133,37,122,115,135,81,90,113,28"/><V91/><F126/><W18/><G28/><T14/><D112/><N who="3" m="43081" /><G4/><T70/><D70/><U51/><E69/><V130/><F130/><W76/><G18/><T34/><D34/><U52/><E124/><V21/><F78/><W129/><G37/><T32/><D32/><U10/><E103/><V107/><F107/><W12/><G12/><T87/><D39/><U40/><E134/><N who="3" m="51210" /><G61/><T118/><D36/><U85/><E40/><V83/><F83/><W45/><G45/><T55/><D55/><U106/><E106/><V26/><F3/><W99/><G68/><T114/><D114/><U64/><E64/><V63/><F63/><W44/><G44/><T72/><D72/><U82/><E31/><V20/><F0/><W73/><G129/><T119/><D87/><N who="1" m="33355" /><E82/><V24/><F33/><W59/><G59/><T56/><D2/><U132/><E10/><V62/><F62/><W100/><G122/><T65/><D65/><U35/><E35/><V46/><F46/><W43/><G43/><T8/><D8/><U48/><E48/><V117/><F117/><N who="0" m="44554" /><D23/><N who="2" m="8778" /><F29/><W67/><G67/><T17/><D5/><U128/><E128/><V89/><F101/><AGARI ba="2,0" hai="73,76,81,90,92,99,100,101" m="51210,43081" machi="101" ten="30,7700,0" yaku="11,1,20,1,34,2" doraHai="121" who="3" fromWho="2" sc="326,0,174,0,352,-83,148,83" /><AGARI ba="2,0" hai="11,14,17,50,53,56,94,96,101,120,123" m="44554" machi="101" ten="30,1000,0" yaku="12,1" doraHai="121" who="0" fromWho="2" sc="326,10,174,0,269,-10,231,0" /><INIT seed="3,0,0,2,2,23" ten="336,174,259,231" oya="3" hai0="119,60,130,59,33,25,84,21,48,125,114,38,103" hai1="97,11,16,101,82,110,19,113,98,77,123,56,131" hai2="129,42,91,5,73,35,39,72,7,115,30,109,69" hai3="28,108,122,100,0,43,87,22,112,15,50,70,3"/><W94/><G70/><T126/><D38/><U24/><E123/><V10/><F69/><W92/><G122/><T117/><D33/><U31/><E113/><V55/><F115/><W54/><G112/><T17/><D114/><U128/><E110/><V62/><F109/><W57/><G108/><T99/><D48/><U2/><E56/><V95/><F7/><W29/><G43/><T132/><D84/><U133/><E133/><V80/><F129/><N who="1" m="49737" /><E2/><V93/><F93/><W26/><G29/><T90/><D90/><U32/><E11/><V58/><F80/><W53/><G94/><N who="0" m="58871" /><D132/><U107/><E98/><V83/><F83/><W102/><G15/><T116/><D130/><U1/><E1/><V27/><F42/><W67/><G67/><T47/><D47/><U127/><E127/><N who="0" m="48649" /><D119/><U66/><E66/><AGARI ba="0,0" hai="17,21,25,59,60,66,116,117" m="48649,58871" machi="66" ten="30,2000,0" yaku="18,1,52,1" doraHai="23" who="0" fromWho="1" sc="336,20,174,-20,259,0,231,0" owari="356,46.0,154,-35.0,259,6.0,231,-17.0" /></mjloggm>