<mjloggm ver="2.3"><GO type="169" lobby="0"/><UN n0="%6D%6F%65%2E%6E" n1="%E3%81%BB%E3%81%97%E3%81%AE%E3%81%99%E3%81%9A%E3%81%BF" n2="%53%74%65%69%6E%73" n3="%E3%82%A6%E3%83%AB%E3%83%88%E3%83%A9%E7%AB%8B%E7%9B%B4" dan="16,16,16,18" rate="2083.56,2035.37,2126.13,2240.83" sx="F,F,M,M"/><TAIKYOKU oya="0"/><INIT seed="0,0,0,0,4,13" ten="250,250,250,250" oya="0" hai0="69,6,1,99,23,83,45,47,123,39,94,35,22" hai1="63,115,109,20,21,100,73,42,131,10,51,60,108" hai2="64,86,66,110,87,82,43,52,46,2,68,133,116" hai3="16,53,127,104,70,49,92,37,126,95,27,125,5"/><T28/><D123/><U56/><E73/><V129/><F2/><W74/><G37/><T30/><D69/><U130/><E115/><V72/><F110/><N who="1" m="42601" /><E100/><V93/><F133/><W75/><G104/><T135/><D135/><U105/><E105/><V50/><F129/><N who="1" m="49161" /><E10/><V3/><F3/><W19/><G5/><T55/><D6/><U44/><E63/><V79/><F116/><W134/><G70/><T26/><D1/><U58/><E58/><V85/><F68/><W8/><G134/><T25/><D35/><U18/><E18/><N who="3" m="6698" /><G8/><T91/><D39/><U29/><E29/><V114/><F114/><W36/><G36/><T132/><D132/><U81/><E81/><V34/><F34/><W57/><G27/><T62/><D83/><U11/><E11/><V80/><F93/><AGARI ba="0,0" hai="49,53,57,74,75,92,93,95,125,126,127" m="6698" machi="93" ten="40,8000,1" yaku="18,1,52,3,54,1" doraHai="13" who="3" fromWho="2" sc="250,0,250,0,250,-80,250,80" /><INIT seed="1,0,0,3,3,70" ten="250,250,170,330" oya="1" hai0="29,11,95,9,132,78,1,101,34,80,25,43,6" hai1="69,35,4,19,130,79,72,74,133,99,28,86,22" hai2="114,89,127,131,40,85,2,20,50,48,61,112,100" hai3="84,108,107,32,67,16,51,38,82,53,55,88,30"/><U115/><E115/><N who="2" m="44075" /><F2/><W63/><G108/><T116/><D116/><U24/><E69/><V135/><F20/><W23/><G107/><T118/><D118/><U7/><E130/><V125/><F100/><W96/><G96/><T14/><D132/><U134/><E99/><V92/><F135/><N who="1" m="51721" /><E86/><V91/><F131/><W59/><G38/><T113/><D113/><U122/><E122/><V129/><F129/><W98/><G98/><T33/><D101/><U102/><E102/><V109/><F109/><W26/><REACH who="3" step="1"/><G51/><REACH who="3" ten="250,250,170,320" step="2"/><T124/><D124/><U119/><E119/><V3/><F50/><W31/><G31/><T87/><D43/><U36/><E36/><V58/><F125/><W68/><G68/><T105/><D105/><U117/><E117/><V44/><F127/><W66/><G66/><T75/><D29/><U65/><E65/><V49/><F49/><W64/><G64/><T54/><D54/><U60/><E28/><V71/><F71/><W15/><AGARI ba="0,1" hai="15,16,23,26,30,32,53,55,59,63,67,82,84,88" machi="15" ten="20,12000,2" yaku="1,1,0,1,7,1,54,2,53,1" doraHai="70" doraHaiUra="77" who="3" fromWho="3" sc="250,-30,250,-60,170,-30,320,130" /><INIT seed="2,0,0,0,4,35" ten="220,190,140,450" oya="2" hai0="128,109,82,50,14,100,95,38,111,119,89,4,68" hai1="18,131,20,40,104,39,85,6,84,134,54,5,78" hai2="37,135,28,126,87,49,12,130,107,90,8,43,45" hai3="67,124,41,70,34,24,2,94,72,75,116,27,47"/><V65/><F126/><W118/><G94/><T122/><D38/><U51/><E104/><V66/><F130/><W92/><G92/><T46/><D122/><U0/><E131/><V17/><F135/><W63/><G27/><T93/><D128/><U64/><E64/><V56/><F107/><W11/><G124/><T98/><D68/><U69/><E69/><V105/><F105/><W53/><G53/><T57/><D119/><U113/><E113/><V99/><F99/><W55/><G55/><T16/><D4/><U31/><E31/><V123/><F123/><W96/><G96/><T15/><D82/><U33/><E33/><V133/><F133/><W76/><G24/><T30/><D30/><U59/><E134/><V32/><F28/><W62/><G62/><T44/><D57/><U108/><E108/><N who="0" m="41545" /><D50/><U42/><E39/><V71/><F32/><W117/><G34/><T13/><D16/><U48/><E48/><V121/><F71/><W125/><G76/><T106/><D106/><U9/><E78/><V29/><F29/><W21/><G21/><T88/><D100/><U25/><REACH who="1" step="1"/><E5/><REACH who="1" ten="220,180,140,450" step="2"/><V79/><F79/><W1/><G125/><T110/><D110/><U23/><E23/><V80/><F121/><W10/><G10/><T36/><D36/><U77/><E77/><V26/><F37/><N who="3" m="21935" /><G11/><T22/><D22/><U103/><E103/><V81/><F66/><W60/><G60/><T127/><D127/><U86/><AGARI ba="0,1" hai="0,6,9,18,20,25,40,42,51,54,59,84,85,86" machi="86" ten="30,4000,0" yaku="1,1,0,1,52,1,53,0" doraHai="35" doraHaiUra="129" who="1" fromWho="1" sc="220,-10,180,50,140,-20,450,-10" /><INIT seed="3,0,0,0,0,32" ten="210,230,120,440" oya="3" hai0="36,70,4,20,116,25,54,134,105,128,77,94,100" hai1="1,117,59,28,87,115,79,119,16,23,30,135,122" hai2="57,11,41,47,50,101,55,10,74,126,60,73,68" hai3="88,7,6,81,8,129,113,120,67,125,52,76,15"/><W39/><G113/><T13/><D116/><N who="1" m="44619" /><E122/><V106/><F126/><W56/><G120/><T133/><D105/><U37/><E37/><V121/><F121/><W98/><G39/><T63/><D36/><U12/><E115/><V103/><F68/><W69/><G129/><T109/><D109/><U48/><E135/><N who="0" m="51721" /><D77/><U66/><E1/><V18/><F106/><W58/><G125/><T108/><D108/><U132/><E132/><V21/><F73/><W97/><G7/><T38/><D38/><U112/><E112/><V107/><F74/><W102/><G69/><T72/><D72/><U40/><E66/><V64/><F64/><W130/><G130/><T65/><D54/><N who="1" m="32199" /><E40/><V124/><F124/><W91/><G67/><T80/><D128/><U44/><E44/><V22/><F22/><W83/><G58/><T85/><D100/><N who="2" m="38474" /><F107/><W99/><G102/><T104/><D104/><U19/><E19/><V43/><F41/><W92/><G76/><T82/><D4/><U93/><E79/><V26/><AGARI ba="0,0" hai="10,11,18,21,26,43,47,50,55,57,60" m="38474" machi="26" ten="30,1100,0" yaku="8,1" doraHai="32" who="2" fromWho="2" sc="210,-3,230,-3,120,11,440,-5" /><INIT seed="4,0,0,5,0,44" ten="207,227,131,435" oya="0" hai0="70,125,26,63,53,78,131,38,101,39,118,117,1" hai1="80,8,98,130,74,124,104,71,132,43,123,28,96" hai2="51,2,66,97,94,29,64,57,32,50,120,83,21" hai3="95,109,77,6,4,5,56,47,19,42,40,105,33"/><T37/><D1/><U46/><E123/><V45/><F32/><W49/><G105/><T86/><D101/><U7/><E71/><V82/><F2/><W87/><G33/><T107/><D107/><U133/><E130/><V55/><F120/><W10/><G109/><T11/><D131/><U129/><E129/><V59/><F82/><N who="3" m="47567" /><G56/><N who="0" m="35215" /><D26/><U126/><E28/><V20/><F83/><W114/><G114/><T108/><D86/><U23/><E23/><N who="2" m="8779" /><F29/><W34/><G34/><T84/><D84/><U58/><E58/><N who="2" m="22027" /><F51/><W110/><G110/><T48/><D78/><U9/><E80/><V25/><F25/><W128/><G128/><T100/><D108/><U119/><E74/><V67/><F67/><W93/><G42/><T52/><D70/><U17/><E43/><V113/><F113/><W3/><G3/><T89/><D37/><U60/><E104/><V16/><F16/><W81/><G81/><T102/><D38/><U27/><E17/><V35/><F35/><W106/><G106/><T112/><D39/><U69/><E69/><V14/><F14/><AGARI ba="0,0" hai="4,5,6,10,14,19,40,47,49,93,95" m="47567" machi="14" ten="30,2000,0" yaku="8,1,52,1" doraHai="44" who="3" fromWho="2" sc="207,0,227,0,131,-20,435,20" /><INIT seed="5,0,0,4,0,53" ten="207,227,111,455" oya="1" hai0="9,85,4,12,58,8,19,82,91,48,100,134,45" hai1="46,41,32,26,86,29,70,110,99,81,35,113,131" hai2="72,117,23,77,130,89,57,80,64,115,78,133,67" hai3="106,54,94,34,75,47,102,76,62,33,129,14,1"/><U39/><E46/><V61/><F117/><W112/><G1/><T38/><D134/><U132/><E132/><V107/><F133/><W126/><G106/><T60/><D100/><U28/><E70/><V40/><F107/><W104/><G104/><T15/><D38/><U3/><E3/><V135/><F135/><W119/><G76/><T120/><D120/><U65/><E65/><V2/><F2/><W95/><G75/><T101/><D101/><U50/><E39/><V98/><F130/><W18/><G95/><T24/><D24/><U97/><E113/><V121/><F121/><W44/><G44/><T88/><D45/><U83/><E110/><V16/><F40/><W111/><G111/><T31/><D31/><U56/><E41/><V63/><F115/><W122/><G122/><T30/><D30/><U5/><E5/><V84/><F98/><N who="3" m="59735" /><G112/><T109/><D48/><U114/><E114/><V73/><F73/><W118/><G129/><T11/><D109/><U36/><E36/><V37/><F37/><W124/><G34/><T93/><D4/><U0/><E0/><V128/><F72/><W127/><G33/><T20/><D12/><U68/><E131/><V92/><F92/><W125/><G124/><T87/><D11/><U13/><E35/><V22/><F22/><N who="3" m="11607" /><G47/><T55/><AGARI ba="0,0" hai="8,9,15,19,20,55,58,60,82,85,87,88,91,93" machi="55" ten="20,8000,1" yaku="0,1,7,1,8,1,52,1,54,1" doraHai="53" who="0" fromWho="0" sc="207,80,227,-40,111,-20,455,-20" /><INIT seed="6,0,0,0,1,98" ten="287,187,91,435" oya="2" hai0="57,48,129,0,124,71,19,15,84,25,105,135,116" hai1="2,41,22,108,13,106,67,28,85,46,86,39,30" hai2="94,83,126,12,44,61,11,122,24,72,59,104,87" hai3="115,75,6,107,42,74,119,81,112,113,26,99,103"/><V92/><F122/><W76/><G119/><T134/><D71/><U43/><E108/><V62/><F104/><W32/><G6/><T125/><D0/><U49/><E106/><V27/><F72/><N who="3" m="43143" /><G42/><T68/><D68/><U69/><E2/><V77/><F126/><N who="0" m="48746" /><D105/><U97/><E97/><V36/><F61/><W5/><G5/><T34/><D129/><U110/><E110/><V23/><F44/><W114/><G114/><T31/><D116/><U73/><E73/><V100/><F36/><W14/><G14/><T54/><D84/><U128/><E128/><V4/><F100/><W7/><G7/><T58/><D58/><U45/><E67/><N who="2" m="39391" /><F27/><W79/><G79/><T89/><D89/><U88/><E69/><V90/><F77/><W8/><G8/><AGARI ba="0,0" hai="8,15,19,25,31,34,48,54,57,134,135" m="48746" machi="8" ten="30,1000,0" yaku="18,1" doraHai="98" who="0" fromWho="3" sc="287,10,187,0,91,0,435,-10" /><INIT seed="7,0,0,2,4,77" ten="297,187,91,425" oya="3" hai0="128,63,135,81,34,57,59,38,76,66,91,88,48" hai1="0,24,101,54,32,27,60,40,50,80,111,110,29" hai2="7,64,39,116,70,73,103,94,68,11,75,33,56" hai3="93,37,45,127,125,83,89,20,46,121,108,26,119"/><W12/><G119/><T25/><D38/><U13/><E0/><V115/><F116/><W92/><G12/><T22/><D34/><U3/><E3/><V134/><F115/><W78/><G121/><T58/><D128/><U123/><E123/><V44/><F134/><W6/><G6/><T122/><D122/><U74/><E101/><V112/><F112/><W42/><G46/><T1/><D1/><U97/><E97/><V15/><F33/><W2/><G2/><T43/><D135/><U31/><E13/><V71/><F64/><W85/><G108/><T5/><D5/><U107/><E107/><V117/><F117/><W47/><G47/><N who="0" m="25727" /><D76/><U36/><E36/><V49/><F56/><N who="0" m="21610" /><D81/><U35/><E110/><V124/><F124/><N who="3" m="47691" /><G78/><T106/><D106/><U62/><E111/><V23/><F39/><W104/><G104/><T53/><D66/><U72/><E72/><V109/><F109/><W86/><G86/><T8/><D8/><U52/><E74/><V19/><F103/><W99/><G99/><T61/><D61/><U41/><E50/><V18/><F94/><W84/><G84/><T130/><D130/><U9/><E9/><V17/><REACH who="2" step="1"/><F23/><REACH who="2" ten="297,187,81,425" step="2"/><W14/><G20/><T82/><D22/><U126/><E126/><V96/><F96/><W87/><G93/><T102/><D102/><U132/><E132/><V131/><F131/><W79/><G92/><T67/><D67/><U90/><E32/><V4/><F4/><W30/><G37/><T69/><D59/><U100/><E100/><V51/><F51/><W95/><G95/><T98/><D98/><RYUUKYOKU ba="0,1" sc="297,-10,187,-10,81,30,425,-10" hai2="7,11,15,17,18,19,44,49,68,70,71,73,75" owari="287,9.0,177,-22.0,111,-39.0,425,52.0" /></mjloggm>