<mjloggm ver="2.3"><GO type="169" lobby="0"/><UN n0="%E5%B9%B3%E4%BA%95%E9%8A%80%E4%BA%8C" n1="%E7%A7%81%E3%81%AF%E3%81%8C%E3%81%A1%E3%81%BB%E3%82%82" n2="%E3%82%A6%E3%83%AB%E3%83%88%E3%83%A9%E7%AB%8B%E7%9B%B4" n3="%E5%A4%A9%E8%8B%A6%E4%BD%8D" dan="17,17,17,16" rate="2105.03,2189.04,2214.06,2095.49" sx="M,M,M,F"/><TAIKYOKU oya="0"/><INIT seed="0,0,0,3,1,5" ten="250,250,250,250" oya="0" hai0="47,133,78,120,106,117,98,12,129,4,14,6,70" hai1="128,64,30,110,38,58,82,29,32,105,123,61,108" hai2="20,109,76,43,44,102,100,103,111,55,56,35,48" hai3="79,41,89,93,84,16,1,67,3,130,33,36,94"/><T52/><D120/><U73/><E123/><V71/><F35/><W13/><G33/><T85/><D117/><U132/><E105/><V69/><F76/><W68/><G130/><T92/><D129/><U122/><E38/><V60/><REACH who="2" step="1"/><F20/><REACH who="2" ten="250,250,240,250" step="2"/><W97/><G79/><T113/><D78/><U9/><E128/><V135/><F135/><W45/><G68/><AGARI ba="0,1" hai="43,44,48,55,56,60,68,69,71,100,102,103,109,111" machi="68" ten="40,1300,0" yaku="1,1,53,0" doraHai="5" doraHaiUra="134" who="2" fromWho="3" sc="250,0,250,0,240,23,250,-13" /><INIT seed="1,0,0,0,4,56" ten="250,250,263,237" oya="1" hai0="32,81,33,36,61,53,30,25,20,67,95,17,68" hai1="82,122,66,52,132,12,99,38,46,2,111,55,101" hai2="44,80,130,48,119,85,9,129,79,78,0,70,114" hai3="39,117,121,91,123,69,112,35,103,107,19,31,27"/><U28/><E2/><V102/><F102/><W18/><G18/><BYE who="3" /><T106/><D36/><U118/><E118/><V87/><F70/><W50/><G50/><T51/><D106/><U134/><E122/><V10/><F114/><W116/><G116/><T127/><D127/><U62/><E82/><N who="2" m="47319" /><F0/><W42/><G42/><T23/><D81/><U29/><E12/><V41/><F119/><W64/><G64/><T26/><REACH who="0" step="1"/><D95/><REACH who="0" ten="240,250,263,237" step="2"/><N who="1" m="58623" /><E38/><UN n3="%E5%A4%A9%E8%8B%A6%E4%BD%8D" /><V37/><F37/><W94/><G117/><T88/><D88/><U98/><E111/><V77/><F77/><W73/><G91/><T57/><AGARI ba="0,1" hai="17,20,23,25,26,30,32,33,51,53,57,61,67,68" machi="57" ten="20,5200,0" yaku="1,1,0,1,7,1,52,1,53,0" doraHai="56" doraHaiUra="86" who="0" fromWho="0" sc="240,62,250,-26,263,-13,237,-13" /><INIT seed="2,0,0,2,2,91" ten="302,224,250,224" oya="2" hai0="118,8,102,44,76,24,78,74,101,104,84,86,34" hai1="133,125,65,32,15,5,100,31,59,85,135,7,57" hai2="29,13,45,73,17,51,80,14,103,54,64,23,61" hai3="47,50,39,69,68,113,48,11,105,95,123,30,56"/><V107/><F29/><W79/><G105/><T6/><D118/><U109/><E109/><V22/><F103/><W111/><G123/><T33/><D74/><U21/><E125/><V94/><F107/><W71/><G111/><T26/><D104/><U52/><E100/><V82/><F73/><W106/><G106/><T116/><D116/><U93/><E32/><V97/><F23/><W117/><G117/><T28/><D44/><U130/><E130/><V25/><F82/><W119/><G119/><T4/><D8/><U63/><E135/><V9/><F80/><W114/><G79/><T127/><D28/><U124/><E124/><AGARI ba="0,0" hai="4,6,24,26,33,34,76,78,84,86,101,102,124,127" machi="124" ten="25,1600,0" yaku="22,2" doraHai="91" who="0" fromWho="1" sc="302,16,224,-16,250,0,224,0" /><INIT seed="3,0,0,0,1,72" ten="318,208,250,224" oya="3" hai0="12,118,62,7,130,73,27,14,92,4,41,11,119" hai1="20,103,98,80,75,70,108,29,124,77,48,90,39" hai2="61,66,126,121,15,46,129,91,45,135,132,37,97" hai3="28,78,109,105,9,19,22,117,99,100,112,89,23"/><W8/><G117/><T115/><D130/><U55/><E108/><V86/><F37/><W84/><G109/><T49/><D115/><U3/><E124/><V131/><F97/><W33/><G112/><T67/><D73/><U34/><E3/><V88/><F15/><W79/><G33/><T63/><D27/><U114/><E70/><V17/><F17/><W95/><G28/><T51/><D92/><U53/><E39/><V59/><F91/><W6/><G9/><T31/><D11/><U58/><E114/><V1/><F1/><W71/><G71/><T93/><D93/><U18/><E90/><V133/><F121/><W54/><G54/><T40/><D67/><U13/><E55/><V30/><F30/><AGARI ba="0,0" hai="4,7,12,14,30,31,40,41,49,51,62,63,118,119" machi="30" ten="25,1600,0" yaku="22,2" doraHai="72" who="0" fromWho="2" sc="318,16,208,0,250,-16,224,0" /><INIT seed="4,0,0,5,3,123" ten="334,208,234,224" oya="0" hai0="14,128,131,120,65,105,48,5,32,109,94,10,71" hai1="111,46,99,124,118,79,18,6,29,7,76,103,0" hai2="90,113,135,9,42,83,52,89,35,60,81,129,22" hai3="62,114,19,13,34,100,80,21,88,16,72,82,31"/><T69/><D120/><U63/><E118/><V84/><F35/><W56/><G114/><T50/><D105/><U26/><E18/><V121/><F121/><W86/><G100/><T49/><D32/><U77/><E124/><V73/><F129/><N who="0" m="49738" /><D65/><U53/><E111/><V102/><F102/><W1/><G1/><T117/><D117/><U85/><E85/><V37/><F135/><W25/><G72/><T67/><D67/><U115/><E0/><V27/><F42/><W108/><G19/><T70/><D94/><U92/><E115/><V95/><F37/><W55/><REACH who="3" step="1"/><G80/><REACH who="3" ten="334,208,234,214" step="2"/><T15/><D15/><U11/><E11/><V132/><F83/><W127/><G127/><T126/><D126/><U43/><E6/><V40/><F9/><W2/><G2/><T97/><D97/><U74/><E7/><V98/><F81/><W91/><G91/><T38/><D38/><U23/><E74/><V39/><F90/><W133/><G133/><T45/><D109/><AGARI ba="0,1" hai="13,16,21,25,31,34,55,56,62,82,86,88,108,109" machi="109" ten="40,8000,1" yaku="1,1,52,2,54,2,53,0" doraHai="123" doraHaiUra="130" who="3" fromWho="0" sc="334,-80,208,0,234,0,214,90" /><INIT seed="5,0,0,5,4,72" ten="254,208,234,304" oya="1" hai0="59,87,82,116,123,118,40,113,126,95,60,78,117" hai1="52,17,76,102,71,79,29,69,25,61,81,101,114" hai2="107,10,56,28,20,66,92,57,132,3,111,124,46" hai3="91,50,55,48,83,89,108,77,37,65,21,30,75"/><U6/><E6/><V23/><F107/><W13/><G37/><T22/><D113/><U49/><E114/><V93/><F111/><W11/><G65/><T104/><D104/><U120/><E120/><V128/><F3/><W99/><G99/><T96/><D123/><U47/><E69/><V129/><F66/><W67/><G67/><T38/><D126/><U127/><E71/><V42/><F10/><W39/><G39/><T110/><D110/><U131/><E127/><V112/><F28/><W109/><G50/><T106/><D106/><U134/><E29/><V98/><F124/><W84/><G75/><T122/><D122/><U2/><E2/><V80/><F80/><W41/><G41/><T27/><D40/><N who="1" m="24807" /><E81/><V24/><F112/><W19/><G108/><T103/><D38/><U44/><E134/><V121/><F132/><W53/><G53/><T45/><D45/><U26/><E131/><V36/><F121/><W35/><G35/><T125/><D125/><U63/><E44/><V34/><F34/><W62/><G62/><N who="1" m="23562" /><E52/><V58/><F46/><N who="3" m="28055" /><G109/><T12/><D60/><U7/><E7/><V15/><F42/><W94/><G94/><T9/><D59/><U86/><E86/><V18/><F36/><W133/><G133/><T73/><D73/><U64/><E64/><V70/><F93/><W1/><G1/><T5/><D117/><U33/><E33/><V51/><F70/><W119/><G119/><T115/><D115/><U8/><E102/><N who="2" m="60743" /><F51/><W135/><G135/><T4/><D4/><U85/><E101/><V88/><F88/><N who="3" m="33867" /><G30/><AGARI ba="0,0" hai="5,9,12,22,27,30,78,82,87,95,96,103,116,118" machi="30" ten="30,2000,0" yaku="7,1,52,1" doraHai="72" who="0" fromWho="3" sc="254,20,208,0,234,0,304,-20" /><INIT seed="6,0,0,1,5,124" ten="274,208,234,284" oya="2" hai0="61,78,65,40,19,18,46,11,43,112,135,92,114" hai1="69,41,67,23,77,32,50,109,60,17,48,88,118" hai2="37,132,2,34,35,85,102,98,103,20,129,96,4" hai3="91,70,127,63,84,99,119,123,111,0,15,113,64"/><V33/><F37/><W94/><G0/><T8/><D135/><U131/><E32/><V93/><F132/><W86/><G119/><T36/><D78/><U126/><E77/><V81/><F4/><W38/><G38/><T76/><D76/><U122/><E118/><V100/><F2/><W25/><G123/><T87/><D43/><U3/><E3/><V24/><F129/><W29/><G127/><T54/><D54/><U10/><E10/><V110/><F110/><W117/><G117/><T133/><D133/><U128/><E109/><V31/><REACH who="2" step="1"/><F93/><REACH who="2" ten="274,208,224,284" step="2"/><W12/><G111/><T66/><D92/><U68/><E126/><V56/><F56/><W121/><G121/><T42/><D36/><U16/><E122/><V6/><F6/><W57/><G70/><T115/><D115/><U22/><E68/><V130/><F130/><W21/><G113/><T39/><D39/><U52/><E69/><V45/><F45/><W9/><G12/><T82/><D46/><U125/><E125/><V116/><F116/><W107/><G107/><T101/><D112/><U44/><E44/><V72/><F72/><W134/><G134/><T55/><D114/><U89/><E41/><V106/><F106/><W1/><G1/><T104/><D42/><U58/><E58/><V71/><F71/><W49/><G15/><T75/><D40/><U59/><E59/><V28/><F28/><W51/><G9/><T90/><D8/><U62/><E52/><V7/><F7/><W30/><G29/><T13/><D11/><U53/><E53/><V97/><F97/><W27/><G27/><RYUUKYOKU ba="0,1" sc="274,-30,208,10,224,10,284,10" hai1="16,17,22,23,48,50,60,62,67,88,89,128,131" hai2="20,24,31,33,34,35,81,85,96,98,100,102,103" hai3="21,25,30,49,51,57,63,64,84,86,91,94,99" /><INIT seed="6,1,1,5,2,56" ten="244,218,234,294" oya="2" hai0="128,134,79,29,66,22,17,83,61,117,82,23,67" hai1="94,16,63,3,71,110,7,101,126,59,97,54,72" hai2="91,127,125,118,87,60,68,102,57,53,135,47,24" hai3="49,73,76,44,32,86,96,123,116,37,129,77,95"/><V50/><F102/><W35/><G116/><T81/><D117/><U98/><E72/><V58/><F118/><W74/><G123/><T89/><D128/><U121/><E121/><V11/><F24/><W39/><G129/><T64/><D134/><U0/><E110/><V120/><F120/><W25/><G76/><T104/><D104/><U27/><E7/><V15/><F135/><W30/><G35/><T26/><D89/><N who="1" m="55503" /><E71/><V14/><F58/><W34/><G32/><T80/><D80/><U19/><E19/><V46/><F46/><W107/><G107/><T8/><D8/><U18/><E18/><N who="2" m="8543" /><F15/><W31/><G31/><T99/><D99/><U45/><E45/><V131/><F68/><W75/><G86/><T88/><D88/><U65/><E65/><N who="2" m="39055" /><F131/><W85/><G39/><T130/><D130/><U119/><E119/><V100/><F100/><W41/><G37/><T51/><D79/><U10/><E10/><V124/><F124/><W6/><G6/><T105/><D105/><N who="1" m="63671" /><E126/><V36/><F36/><W21/><G34/><T28/><D28/><U106/><E106/><V4/><F4/><W48/><G85/><T92/><D29/><U33/><E33/><V108/><F108/><W103/><G77/><T69/><D17/><U70/><E70/><V55/><F55/><W114/><G49/><T9/><D51/><U84/><E84/><V40/><F53/><W93/><G74/><T1/><D69/><U12/><E12/><V38/><F50/><W133/><G133/><T78/><D78/><U112/><E112/><V13/><F13/><W5/><G75/><RYUUKYOKU ba="1,1" sc="244,-15,218,15,234,15,294,-15" hai1="0,3,16,27,54,59,63" hai2="38,40,47,87,91,125,127" /><INIT seed="6,2,1,2,1,54" ten="229,233,249,279" oya="2" hai0="67,26,76,101,107,53,108,32,25,83,103,128,3" hai1="33,73,110,7,119,31,36,74,98,37,131,65,70" hai2="134,69,68,41,62,120,30,77,18,132,16,117,129" hai3="99,34,0,92,40,72,93,23,111,96,42,21,85"/><V100/><F120/><W47/><G34/><T71/><D108/><U59/><E59/><V15/><F117/><W102/><G72/><N who="1" m="27754" /><E98/><V122/><F122/><W104/><G0/><T24/><D128/><U121/><E7/><V84/><F100/><N who="3" m="60527" /><G111/><T29/><D3/><U38/><E121/><V135/><F129/><W43/><G104/><T114/><D114/><U56/><E56/><V60/><F30/><W14/><G47/><T28/><D25/><N who="1" m="18671" /><E110/><V61/><F41/><W39/><G39/><T133/><D28/><U46/><E46/><V20/><F18/><N who="3" m="10455" /><G23/><T55/><D29/><U78/><E78/><V75/><F75/><W19/><G19/><T88/><D76/><U115/><E131/><V8/><F20/><W86/><AGARI ba="2,1" hai="40,42,43,85,86,92,96,102" m="10455,60527" machi="86" ten="30,1100,0" yaku="8,1" doraHai="54" who="3" fromWho="3" sc="229,-5,233,-5,249,-7,279,27" /><INIT seed="7,0,0,3,1,108" ten="224,228,242,306" oya="3" hai0="36,26,67,99,134,120,9,89,56,50,43,2,79" hai1="42,83,75,131,13,78,121,90,17,37,38,59,57" hai2="135,97,92,52,61,127,22,23,64,6,33,14,69" hai3="115,15,91,30,122,48,55,44,24,116,133,111,51"/><W20/><G116/><T45/><D120/><U53/><E121/><V124/><F33/><W46/><G122/><T88/><D134/><U106/><E106/><V104/><F52/><W18/><G133/><T94/><D79/><U105/><E42/><V85/><F85/><W11/><G115/><T60/><D26/><U21/><E105/><V119/><F104/><W87/><G111/><T102/><D2/><U19/><E59/><V31/><F31/><W5/><G51/><T54/><D9/><U125/><E125/><N who="2" m="48203" /><F119/><W32/><G46/><AGARI ba="0,0" hai="36,43,45,46,50,54,56,60,67,88,89,94,99,102" machi="46" ten="30,2000,0" yaku="7,1,54,1" doraHai="108" who="0" fromWho="3" sc="224,20,228,0,242,0,306,-20" /><INIT seed="8,0,0,5,3,72" ten="244,228,242,286" oya="0" hai0="111,78,29,91,127,118,107,13,51,58,22,125,30" hai1="1,121,123,96,100,128,77,28,86,11,25,38,31" hai2="81,88,97,103,5,41,44,18,112,66,67,83,98" hai3="26,104,89,62,101,71,116,92,7,95,102,90,117"/><T63/><D107/><U134/><E38/><V119/><F112/><W130/><G7/><T69/><D118/><N who="3" m="45673" /><G26/><T48/><D111/><U3/><E86/><V122/><F83/><W133/><G130/><T61/><D69/><U52/><E77/><V17/><F98/><N who="3" m="57623" /><G133/><T4/><D78/><U87/><E87/><V80/><F18/><W27/><G27/><T21/><D4/><U135/><E52/><V94/><F17/><W14/><G14/><T47/><D13/><U45/><E45/><V124/><F44/><W42/><G42/><T113/><D47/><U9/><E128/><V110/><F41/><W2/><G2/><N who="1" m="522" /><E96/><V85/><F97/><N who="3" m="57583" /><G104/><T93/><D113/><U49/><E49/><V12/><F119/><W23/><G23/><T39/><D39/><U64/><E64/><AGARI ba="0,0" hai="62,64,71,101,102" m="57583,57623,45673" machi="64" ten="30,1000,0" yaku="16,1" doraHai="72" who="3" fromWho="1" sc="244,0,228,-10,242,0,286,10" /><INIT seed="9,0,0,4,5,6" ten="244,218,242,296" oya="1" hai0="106,98,86,127,26,111,25,74,5,15,95,103,81" hai1="104,97,40,52,55,14,35,33,126,135,28,9,56" hai2="110,79,38,53,100,73,31,80,92,123,125,58,18" hai3="85,51,65,19,47,60,108,88,32,67,30,102,129"/><U4/><E40/><V13/><F110/><W8/><G108/><T12/><D111/><U48/><E28/><V3/><F3/><W50/><G102/><T120/><D127/><U16/><E126/><V89/><F38/><W43/><G129/><T59/><D120/><U66/><E66/><V101/><F31/><W36/><G65/><T61/><D12/><U72/><E72/><V39/><F39/><W69/><G30/><T93/><D93/><U132/><E4/><V119/><F119/><W94/><REACH who="3" step="1"/><G32/><REACH who="3" ten="244,218,242,286" step="2"/><T49/><D103/><N who="1" m="62575" /><E55/><V10/><F125/><W116/><G116/><T71/><D106/><U27/><E27/><V91/><F101/><W84/><G84/><T76/><D86/><U64/><E64/><V44/><F100/><W113/><G113/><T133/><D25/><U83/><E83/><V131/><F80/><W134/><G134/><AGARI ba="0,1" hai="9,14,16,33,35,48,52,56,132,134,135" m="62575" machi="134" ten="30,11600,0" yaku="20,1,52,1,54,2" doraHai="6" who="1" fromWho="3" sc="244,0,218,126,242,0,286,-116" owari="244,4.0,344,45.0,242,-16.0,170,-33.0" /></mjloggm>