<mjloggm ver="2.3"><GO type="169" lobby="0"/><UN n0="%74%61%6B%61%79%79%79%79" n1="%E3%82%A6%E3%83%AB%E3%83%88%E3%83%A9%E7%AB%8B%E7%9B%B4" n2="%E9%BA%BB%E9%9B%80%E3%81%AE%E6%89%89" n3="%E3%81%BF%E3%81%A3%E3%81%8D%E3%83%BC" dan="16,18,16,16" rate="2064.52,2260.55,2121.14,2108.36" sx="M,M,M,M"/><TAIKYOKU oya="0"/><INIT seed="0,0,0,1,0,130" ten="250,250,250,250" oya="0" hai0="67,110,44,120,49,126,55,106,40,80,124,103,123" hai1="4,34,25,15,77,19,8,28,38,2,83,53,81" hai2="6,47,116,14,58,41,32,43,59,3,125,46,50" hai3="5,119,73,135,10,100,85,91,117,36,96,48,9"/><T69/><D106/><U57/><E38/><V112/><F32/><W12/><G36/><N who="0" m="21511" /><D103/><U60/><REACH who="1" step="1"/><E77/><REACH who="1" ten="250,240,250,250" step="2"/><V107/><F116/><W21/><G117/><T108/><D80/><U66/><E66/><V39/><F112/><W20/><G119/><T76/><D76/><U33/><E33/><V52/><F125/><N who="0" m="48234" /><D67/><U0/><E0/><V23/><F3/><W54/><G100/><T95/><D69/><U11/><AGARI ba="0,1" hai="2,4,8,11,15,19,25,28,34,53,57,60,81,83" machi="11" ten="20,5200,0" yaku="1,1,0,1,7,1,53,1" doraHai="130" doraHaiUra="22" who="1" fromWho="1" sc="250,-26,240,62,250,-13,250,-13" /><INIT seed="1,0,0,0,0,64" ten="224,302,237,237" oya="1" hai0="82,106,96,42,18,132,49,125,39,40,56,65,116" hai1="36,29,108,12,21,135,85,51,69,118,5,109,83" hai2="97,16,19,28,7,126,105,86,32,71,114,62,27" hai3="55,75,1,67,41,119,104,53,44,43,47,72,127"/><U2/><E36/><V98/><F114/><W134/><G104/><T89/><D116/><U73/><E73/><V121/><F121/><W14/><G1/><T25/><D39/><U94/><E118/><V107/><F126/><W133/><G14/><T74/><D74/><U70/><E94/><V6/><F86/><W24/><G24/><T103/><D132/><U38/><E38/><V15/><F19/><W23/><G23/><T131/><D131/><U95/><E95/><V13/><F13/><W11/><G11/><T68/><D125/><U101/><E101/><N who="2" m="62639" /><F98/><W57/><G119/><T128/><D128/><U60/><E60/><V0/><F0/><W90/><G90/><T129/><D129/><U77/><E51/><V37/><F107/><W9/><G9/><T34/><D18/><N who="1" m="10439" /><E29/><V84/><F84/><W102/><G102/><T8/><D8/><N who="1" m="2103" /><E135/><V76/><F76/><W78/><G78/><T48/><D89/><U123/><E123/><V63/><F63/><W100/><G100/><T92/><D82/><U111/><AGARI ba="0,0" hai="69,70,77,83,85,108,109,111" m="2103,10439" machi="111" ten="30,11700,0" yaku="14,1,10,1,52,2" doraHai="64" who="1" fromWho="1" sc="224,-39,302,117,237,-39,237,-39" /><INIT seed="1,1,0,3,5,48" ten="185,419,198,198" oya="1" hai0="81,90,76,39,25,54,62,36,52,130,88,10,102" hai1="98,35,20,129,21,40,131,55,61,85,115,44,66" hai2="13,42,109,45,16,41,24,7,78,19,59,27,28" hai3="77,56,105,50,95,11,51,125,99,134,118,6,135"/><U46/><E35/><V103/><F109/><W108/><G105/><T3/><D102/><U104/><E115/><V4/><F103/><W100/><G108/><T2/><D62/><U107/><E85/><V89/><F78/><W110/><G110/><T114/><D114/><U83/><E83/><V86/><F59/><W15/><G125/><T122/><D122/><U17/><E98/><V96/><F96/><W29/><G118/><T0/><D10/><U18/><E61/><V22/><F19/><W8/><G29/><T64/><D64/><U112/><E40/><V82/><F42/><W133/><G77/><T80/><D3/><U31/><E112/><V14/><F14/><W101/><G101/><T93/><D76/><U57/><E57/><V116/><F27/><W75/><G75/><T23/><D23/><U70/><E31/><V69/><F69/><W126/><G126/><T127/><D25/><U12/><E12/><V79/><F79/><W60/><REACH who="3" step="1"/><G8/><REACH who="3" ten="185,419,198,188" step="2"/><T67/><D127/><U71/><E107/><V38/><REACH who="2" step="1"/><F116/><REACH who="2" ten="185,419,188,188" step="2"/><W132/><N who="3" m="33792" /><DORA hai="119" /><W121/><G121/><T84/><D0/><U117/><E117/><V43/><F43/><W113/><G113/><T97/><D2/><U9/><E104/><V34/><AGARI ba="1,2" hai="4,7,13,16,22,24,28,34,38,41,45,82,86,89" machi="34" ten="20,8000,1" yaku="1,1,0,1,7,1,54,1,53,1" doraHai="48,119" doraHaiUra="30,124" who="2" fromWho="2" sc="185,-21,419,-41,188,103,188,-21" /><INIT seed="2,0,0,3,1,129" ten="164,378,291,167" oya="2" hai0="110,47,118,103,8,88,16,20,74,125,27,53,78" hai1="120,87,9,3,45,28,75,97,32,135,91,104,37" hai2="106,56,54,117,98,108,105,1,10,119,15,116,35" hai3="126,79,55,96,11,44,93,38,113,65,84,94,69"/><V127/><F35/><W6/><G126/><T42/><D110/><U102/><E120/><V62/><F1/><W14/><G113/><T89/><D125/><U29/><E135/><V24/><F127/><W18/><G69/><T107/><D53/><U90/><E90/><V40/><F108/><W33/><G33/><T86/><D118/><U5/><E32/><V124/><F124/><W111/><G65/><T123/><D123/><U21/><E21/><V133/><F133/><W70/><G70/><T73/><D73/><U76/><E87/><V58/><F24/><W36/><G111/><T92/><D8/><U22/><E91/><V64/><F40/><W48/><G6/><T132/><D132/><U34/><E22/><V83/><F83/><W121/><G121/><T25/><D25/><U57/><E57/><V2/><F98/><W131/><G131/><T41/><D89/><U100/><E100/><V81/><F81/><W115/><G115/><T67/><D67/><U19/><E19/><V95/><F95/><W85/><G93/><T59/><D59/><U51/><E51/><V61/><REACH who="2" step="1"/><F2/><REACH who="2" ten="164,378,281,167" step="2"/><W7/><G96/><N who="0" m="61927" /><D47/><U109/><E109/><V30/><F30/><W26/><G94/><T80/><AGARI ba="0,1" hai="16,20,27,41,42,74,78,80,86,88,92" m="61927" machi="80" ten="30,4000,0" yaku="24,1,54,2" doraHai="129" who="0" fromWho="0" sc="164,50,378,-10,281,-20,167,-10" /><INIT seed="3,0,0,5,0,9" ten="214,368,261,157" oya="3" hai0="60,131,122,17,21,73,32,43,55,90,62,38,71" hai1="109,39,15,102,126,111,114,27,92,98,125,57,41" hai2="51,100,46,95,36,85,2,76,86,124,48,7,13" hai3="70,58,113,63,135,6,20,59,53,56,75,106,99"/><W101/><G113/><T29/><D122/><U23/><E114/><V50/><F124/><N who="1" m="47721" /><E57/><V33/><F33/><W133/><G75/><T130/><D73/><U0/><E0/><V89/><F2/><W24/><G6/><T74/><D74/><U19/><E39/><V22/><F36/><W87/><G87/><T67/><D32/><U30/><E41/><V26/><F100/><W128/><G128/><N who="0" m="49195" /><D29/><U78/><E78/><V4/><F46/><W61/><G70/><T80/><D80/><U14/><E30/><V52/><F52/><W110/><G110/><AGARI ba="0,0" hai="14,15,19,23,27,92,98,102,109,110,111" m="47721" machi="110" ten="30,7700,0" yaku="14,1,18,1,52,2" doraHai="9" who="1" fromWho="3" sc="214,0,368,77,261,0,157,-77" /><INIT seed="4,0,0,4,3,28" ten="214,445,261,80" oya="0" hai0="43,32,89,29,81,103,95,44,101,67,79,37,51" hai1="0,60,72,73,80,86,49,52,15,27,113,7,56" hai2="129,108,35,84,112,24,1,75,34,50,54,93,111" hai3="131,132,70,135,121,133,102,110,61,23,30,97,46"/><T78/><D37/><U22/><E0/><V82/><F75/><W12/><G110/><T88/><D67/><U104/><E104/><V48/><F1/><W19/><G46/><T4/><D4/><U117/><E113/><V91/><F24/><W45/><G45/><T26/><D79/><U13/><E117/><V124/><F112/><W107/><G121/><T59/><D59/><U85/><E73/><V20/><F20/><W25/><G131/><T2/><D2/><U33/><E33/><V92/><F124/><W53/><G53/><T8/><D8/><U116/><E116/><V130/><F82/><W96/><G96/><T106/><D106/><U62/><E72/><V47/><F50/><W123/><G123/><T55/><D55/><U122/><E122/><V18/><F18/><W65/><REACH who="3" step="1"/><G135/><REACH who="3" ten="214,445,261,70" step="2"/><T99/><D89/><U119/><E52/><V98/><F111/><W77/><G77/><T17/><REACH who="0" step="1"/><D17/><REACH who="0" ten="204,445,261,70" step="2"/><N who="1" m="12751" /><E119/><V120/><F108/><W40/><G40/><T58/><D58/><U115/><E56/><V6/><F120/><W16/><G16/><T74/><AGARI ba="0,2" hai="26,29,32,43,44,51,74,78,81,88,95,99,101,103" machi="74" ten="20,18000,2" yaku="1,1,0,1,7,1,52,1,54,1,53,1" doraHai="28" doraHaiUra="31" who="0" fromWho="0" sc="204,200,445,-60,261,-60,70,-60" /><INIT seed="4,1,0,2,1,77" ten="404,385,201,10" oya="0" hai0="24,12,84,124,54,104,108,3,79,88,50,62,91" hai1="15,1,97,36,68,23,129,4,43,28,57,56,5" hai2="75,89,133,22,86,49,135,128,90,125,87,26,67" hai3="18,48,7,17,100,33,16,20,45,82,25,74,35"/><T32/><D3/><U118/><E68/><V10/><F75/><W76/><G100/><T105/><D105/><U99/><E118/><V109/><F109/><W120/><G120/><T114/><D104/><U42/><E1/><V103/><F103/><W31/><REACH who="3" step="1"/><G7/><REACH who="3" ten="404,385,201,0" step="2"/><T132/><D108/><U27/><E4/><V83/><F133/><W115/><G115/><T39/><D114/><U37/><E5/><V51/><F135/><W30/><G30/><T122/><D132/><U93/><E28/><V46/><F128/><W53/><AGARI ba="1,1" hai="16,17,18,20,25,31,33,35,45,48,53,74,76,82" machi="53" ten="30,7900,0" yaku="1,1,0,1,52,1,54,1,53,0" doraHai="77" doraHaiUra="96" who="3" fromWho="3" sc="404,-40,385,-21,201,-21,0,92" /><INIT seed="5,0,0,1,1,98" ten="364,364,180,92" oya="1" hai0="52,45,117,55,110,6,75,116,43,104,122,22,11" hai1="112,108,51,124,40,33,79,7,81,16,83,65,66" hai2="103,38,126,131,127,119,62,34,132,32,107,93,87" hai3="94,106,73,64,113,36,90,67,19,69,135,74,28"/><U26/><E112/><V105/><F38/><W3/><G36/><T41/><D75/><U133/><E133/><V13/><F119/><W57/><G106/><T54/><D104/><U4/><E124/><N who="2" m="47659" /><F13/><W82/><G3/><T130/><D22/><N who="1" m="13639" /><E33/><N who="2" m="12907" /><F132/><W44/><G135/><T114/><D11/><U77/><E108/><V2/><F2/><W21/><G113/><T29/><D29/><U50/><E81/><V48/><F131/><W20/><G28/><T109/><D6/><N who="1" m="2091" /><E83/><V30/><F30/><W88/><G82/><T59/><D114/><U0/><E0/><V31/><F31/><W27/><G73/><T60/><D130/><U102/><E102/><V18/><F18/><W72/><G74/><T42/><D45/><N who="1" m="25895" /><E51/><V125/><F125/><W39/><G72/><T35/><D35/><U128/><E128/><V92/><F48/><W23/><G39/><T37/><D37/><U121/><E121/><V80/><F62/><W101/><G44/><T47/><D47/><U58/><E58/><V129/><F129/><W17/><G57/><T134/><D134/><U95/><E95/><N who="2" m="36427" /><F103/><W15/><G69/><T91/><D122/><U96/><E96/><V111/><F111/><N who="0" m="42506" /><D91/><AGARI ba="0,0" hai="80,87,91,105,107" m="36427,12907,47659" machi="91" ten="30,1000,0" yaku="18,1" doraHai="98" who="2" fromWho="0" sc="364,-10,364,0,180,10,92,0" /><INIT seed="6,0,0,4,2,79" ten="354,364,190,92" oya="2" hai0="39,74,96,12,103,60,124,47,52,37,89,14,121" hai1="132,100,6,88,90,18,85,75,129,122,23,66,130" hai2="115,33,99,120,45,41,30,94,133,10,7,83,4" hai3="48,107,5,36,112,24,95,70,31,42,17,56,67"/><V110/><F120/><W50/><G107/><T22/><D74/><U87/><E75/><V108/><F115/><W25/><G112/><T73/><D73/><U26/><E122/><V106/><F106/><W125/><G125/><T111/><D121/><U80/><E132/><V59/><F133/><W40/><G5/><T113/><D111/><U38/><E38/><V62/><F30/><W105/><G105/><T16/><D113/><U91/><E100/><V65/><F33/><W93/><G70/><T128/><D128/><N who="1" m="49259" /><E66/><V51/><F83/><W29/><G56/><T46/><D39/><U78/><E6/><V86/><F86/><W98/><G36/><T20/><D37/><U43/><E43/><V123/><F123/><W57/><G57/><N who="0" m="34855" /><D103/><U1/><E87/><V82/><F82/><W97/><REACH who="3" step="1"/><G17/><REACH who="3" ten="354,364,190,82" step="2"/><N who="0" m="10279" /><D124/><U3/><AGARI ba="0,1" hai="1,3,18,23,26,78,80,85,88,90,91" m="49259" machi="3" ten="40,5200,0" yaku="19,1,52,1,54,1" doraHai="79" who="1" fromWho="1" sc="354,-13,364,62,190,-26,82,-13" /><INIT seed="7,0,0,0,3,75" ten="341,426,164,69" oya="3" hai0="82,103,123,17,74,108,28,7,56,71,25,117,4" hai1="6,46,10,58,36,79,105,54,130,111,29,73,45" hai2="76,48,3,8,32,5,55,42,113,129,35,66,125" hai3="53,50,37,59,120,110,31,134,115,99,15,49,116"/><W44/><G116/><T13/><D71/><U90/><E105/><V85/><F113/><W95/><G120/><T22/><D123/><U80/><E29/><V39/><F129/><W107/><G107/><T24/><D117/><U97/><E111/><V109/><F109/><W106/><G106/><T118/><D108/><U47/><E130/><V77/><F66/><W122/><G110/><T87/><D74/><U30/><E30/><V69/><F69/><W26/><G122/><T86/><D118/><U51/><E90/><V127/><F42/><W43/><G115/><T96/><D56/><U12/><REACH who="1" step="1"/><E97/><REACH who="1" ten="341,416,164,69" step="2"/><V126/><F39/><AGARI ba="0,1" hai="6,10,12,36,39,45,46,47,51,54,58,73,79,80" machi="39" ten="40,5200,0" yaku="1,1,2,1,52,1,53,0" doraHai="75" doraHaiUra="112" who="1" fromWho="2" sc="341,0,416,62,164,-52,69,0" owari="341,14.0,478,58.0,112,-29.0,69,-43.0" /></mjloggm>