<mjloggm ver="2.3"><GO type="169" lobby="0"/><UN n0="%64%65%61%69%75%70%2E%63" n1="%E5%90%89%E5%B2%A1%E8%81%96%E6%81%B5" n2="%E3%82%A6%E3%83%AB%E3%83%88%E3%83%A9%E7%AB%8B%E7%9B%B4" n3="%E3%80%93%E5%AE%AE%E6%A3%AE%E3%81%82%E3%81%8A%E3%81%84%E3%80%93" dan="17,17,18,16" rate="2240.87,2133.39,2222.39,2132.57" sx="M,F,M,F"/><TAIKYOKU oya="0"/><INIT seed="0,0,0,1,0,72" ten="250,250,250,250" oya="0" hai0="78,68,57,89,13,132,0,80,124,130,31,135,1" hai1="123,117,41,75,59,118,134,103,53,66,52,7,55" hai2="54,85,3,17,94,69,113,112,65,46,24,121,101" hai3="25,86,33,77,18,39,49,110,119,16,84,4,67"/><T5/><D68/><U29/><E75/><V64/><F3/><W58/><G39/><T9/><D130/><U15/><E123/><V106/><F121/><W116/><G4/><T35/><D124/><U20/><E134/><N who="0" m="51241" /><D89/><U81/><E41/><V61/><F65/><W40/><G40/><T109/><D109/><U131/><E131/><V95/><F106/><W120/><G110/><T108/><D108/><U128/><E128/><V6/><F6/><W56/><G120/><T107/><D107/><U38/><E38/><V11/><F94/><W43/><G43/><T97/><D97/><U34/><E34/><V74/><F101/><W14/><G67/><T91/><D91/><U47/><E103/><V23/><F95/><W115/><G115/><T70/><D70/><U99/><E99/><V90/><F90/><W21/><G33/><T79/><D57/><U126/><E126/><V105/><F105/><W114/><G114/><T125/><D125/><U83/><E117/><V76/><F112/><W93/><G116/><T98/><D98/><U27/><E47/><V12/><F113/><W42/><G119/><T63/><D63/><N who="1" m="38271" /><E118/><V122/><F122/><W100/><G100/><T88/><D88/><U51/><E51/><N who="2" m="29047" /><F61/><W111/><G111/><T28/><D79/><U22/><E55/><V129/><F69/><W96/><G96/><T30/><D35/><U50/><E53/><V2/><F129/><W37/><G93/><T71/><D71/><U45/><E52/><V26/><F64/><W73/><G58/><T48/><D48/><U36/><E50/><V82/><F74/><AGARI ba="0,0" hai="0,1,5,9,13,28,30,31,74,78,80" m="51241" machi="74" ten="30,5800,0" yaku="6,1,20,1,52,1" doraHai="72" who="0" fromWho="2" sc="250,58,250,0,250,-58,250,0" /><INIT seed="0,1,0,4,4,20" ten="308,250,192,250" oya="0" hai0="3,114,31,26,120,107,72,48,109,115,50,102,97" hai1="130,36,19,40,53,125,80,35,91,99,95,94,63" hai2="8,59,89,93,117,81,65,119,116,75,41,121,43" hai3="18,32,111,25,68,44,118,66,47,39,46,85,77"/><T113/><D120/><U45/><E35/><V51/><F121/><W6/><G118/><T78/><D3/><U1/><E1/><V0/><F81/><W55/><G111/><T108/><D78/><U60/><E125/><V12/><F75/><W122/><G122/><T16/><D72/><U131/><E80/><V96/><F0/><W103/><G39/><T61/><D61/><U34/><E34/><V58/><F65/><W84/><G6/><T88/><D16/><U126/><E126/><V21/><F21/><N who="3" m="13495" /><G68/><T98/><D98/><U17/><E17/><V112/><F112/><W2/><G2/><T54/><D88/><N who="1" m="55751" /><E53/><N who="2" m="32063" /><F59/><W24/><G32/><T13/><D13/><U104/><E104/><V38/><F38/><W22/><G66/><T129/><D129/><N who="1" m="49163" /><E19/><AGARI ba="1,0" hai="8,12,19,41,43,89,93,96,116,117,119" m="32063" machi="19" ten="30,1000,0" yaku="12,1" doraHai="20" who="2" fromWho="1" sc="308,0,250,-13,192,13,250,0" /><INIT seed="1,0,0,0,2,106" ten="308,237,205,250" oya="1" hai0="110,130,109,132,60,40,96,57,56,73,10,78,124" hai1="49,135,4,129,51,58,25,112,16,77,1,7,50" hai2="13,97,88,103,45,53,102,92,8,71,66,118,20" hai3="86,55,95,59,61,3,83,72,79,116,105,18,47"/><U69/><E69/><V30/><F118/><W64/><G116/><T82/><D130/><U126/><E112/><V111/><F111/><W68/><G105/><T52/><D132/><U39/><E135/><V133/><F133/><W46/><G3/><T15/><D124/><U21/><E39/><V24/><F66/><W0/><G0/><T5/><D40/><U43/><E126/><V85/><F71/><W115/><G115/><T117/><D117/><U81/><E129/><V98/><F45/><W14/><G95/><T9/><D96/><N who="2" m="36970" /><F53/><W41/><G41/><T114/><D114/><U11/><E4/><AGARI ba="0,0" hai="4,8,13,20,24,30,85,88,92,102,103" m="36970" machi="4" ten="30,2000,0" yaku="8,1,54,1" doraHai="106" who="2" fromWho="1" sc="308,0,237,-20,205,20,250,0" /><INIT seed="2,0,0,4,4,111" ten="308,217,225,250" oya="2" hai0="26,45,119,129,83,103,130,104,25,81,105,135,121" hai1="78,54,40,41,59,6,3,60,49,24,10,66,64" hai2="52,133,114,39,132,109,68,58,50,16,13,9,118" hai3="32,71,53,36,128,94,90,19,44,1,51,95,2"/><V21/><F118/><W79/><G71/><T108/><D108/><U100/><E100/><V69/><F109/><W46/><G32/><T61/><D121/><U98/><E98/><V80/><F39/><W22/><G128/><N who="0" m="49259" /><D135/><N who="2" m="51786" /><F114/><W11/><G79/><T122/><D122/><U34/><E78/><V88/><F9/><W12/><G94/><T96/><D119/><U97/><E97/><V76/><F76/><W75/><G75/><T116/><D116/><U28/><REACH who="1" step="1"/><E66/><REACH who="1" ten="308,207,225,250" step="2"/><V20/><F20/><W99/><G36/><T70/><D96/><U77/><E77/><V35/><F35/><W110/><G110/><T56/><D103/><U117/><E117/><V29/><F29/><W62/><G22/><T87/><D105/><U131/><E131/><V15/><F15/><W107/><G107/><T92/><D104/><U93/><E93/><V7/><F7/><W4/><G4/><T5/><D92/><U55/><E55/><V106/><F106/><W37/><G95/><T67/><D5/><U47/><AGARI ba="0,1" hai="3,6,10,24,28,34,40,41,47,49,54,59,60,64" machi="47" ten="20,2700,0" yaku="1,1,0,1,7,1,53,0" doraHai="111" doraHaiUra="101" who="1" fromWho="1" sc="308,-7,207,37,225,-13,250,-7" /><INIT seed="3,0,0,4,5,88" ten="301,244,212,243" oya="3" hai0="47,131,129,4,22,105,111,64,86,29,127,52,80" hai1="65,114,75,79,23,10,63,74,85,82,20,53,113" hai2="7,9,37,38,73,119,0,14,39,91,70,44,19" hai3="49,46,12,42,100,33,133,98,68,126,125,118,2"/><W51/><G2/><T41/><D105/><U122/><E122/><V61/><F119/><W103/><G118/><T106/><D106/><U72/><E53/><V95/><F73/><W93/><G33/><T130/><D111/><U8/><E23/><V78/><F78/><W90/><G68/><T35/><D127/><N who="3" m="48649" /><G133/><T24/><D64/><U96/><E20/><V108/><F108/><W71/><G71/><T132/><D132/><U117/><E117/><V123/><F123/><W77/><G77/><N who="0" m="46351" /><D4/><U89/><E10/><V134/><F134/><W97/><G12/><T34/><D52/><U121/><E8/><V135/><F135/><W15/><G15/><T11/><D11/><U30/><E30/><V107/><F0/><W18/><G18/><T27/><D27/><U92/><REACH who="1" step="1"/><E121/><REACH who="1" ten="301,234,212,243" step="2"/><V58/><F19/><W54/><G98/><T28/><D28/><U94/><E94/><V16/><F107/><W120/><G120/><T110/><D110/><U59/><AGARI ba="0,1" hai="59,63,65,72,74,75,79,82,85,89,92,96,113,114" machi="59" ten="30,4000,0" yaku="1,1,0,1,52,1,53,0" doraHai="88" doraHaiUra="6" who="1" fromWho="1" sc="301,-10,234,50,212,-10,243,-20" /><INIT seed="4,0,0,3,4,12" ten="291,284,202,223" oya="0" hai0="45,16,1,51,134,56,112,10,65,29,128,127,97" hai1="34,42,14,32,50,116,94,60,123,24,99,87,40" hai2="28,131,21,44,95,132,35,53,88,38,86,67,111" hai3="46,96,72,6,82,57,11,3,103,63,66,76,115"/><T119/><D119/><U133/><E116/><V113/><F111/><W85/><G115/><T18/><D112/><U5/><E123/><V4/><F113/><W59/><G46/><T20/><D128/><U122/><E122/><V52/><F132/><W68/><REACH who="3" step="1"/><G72/><REACH who="3" ten="291,284,202,213" step="2"/><T105/><D134/><U62/><E133/><V22/><F131/><W74/><G74/><T135/><D135/><U121/><E121/><V2/><F38/><W33/><G33/><T80/><D45/><U64/><E32/><V36/><F36/><W49/><G49/><T130/><D130/><U101/><E50/><V117/><F117/><W126/><G126/><T108/><D127/><U100/><E34/><V27/><F67/><W114/><G114/><T124/><D124/><U70/><E64/><V120/><F120/><W91/><G91/><T69/><D51/><U30/><E62/><V41/><F41/><W25/><G25/><T93/><D65/><U48/><E60/><V84/><F44/><W43/><G43/><T90/><D90/><U106/><E42/><V78/><F53/><W17/><G17/><T129/><D16/><U9/><E40/><V110/><F52/><W7/><G7/><T71/><D18/><U81/><E48/><V13/><F110/><W15/><G15/><T58/><D108/><U89/><E24/><V118/><F118/><W102/><G102/><T26/><D26/><U55/><E55/><V75/><F75/><W83/><G83/><T61/><D61/><U54/><E54/><V0/><F35/><W125/><G125/><T107/><D129/><U73/><E73/><RYUUKYOKU ba="0,1" sc="291,-10,284,-10,202,-10,213,30" hai3="3,6,11,57,59,63,66,68,76,82,85,96,103" /><INIT seed="5,1,1,5,0,110" ten="281,274,192,243" oya="1" hai0="60,21,120,123,12,43,130,22,104,109,20,134,90" hai1="23,94,63,85,112,132,70,135,34,117,14,42,0" hai2="80,98,35,97,131,105,92,11,38,125,58,89,17" hai3="52,128,29,118,82,4,71,1,93,78,16,30,8"/><U67/><E117/><V121/><F35/><W57/><G71/><T96/><D109/><U113/><E0/><V31/><F121/><N who="0" m="46666" /><D130/><U102/><E34/><V81/><F38/><W103/><G128/><T77/><D134/><N who="1" m="51243" /><E42/><V74/><F131/><W9/><G118/><T106/><D43/><U91/><E102/><V19/><F125/><W126/><G126/><T15/><D77/><U114/><E14/><N who="0" m="5161" /><D60/><U99/><E23/><V39/><F39/><W88/><G103/><T124/><D124/><U73/><E73/><V46/><F74/><W108/><G108/><T83/><D83/><U7/><E7/><V56/><F80/><W59/><G9/><T13/><D13/><U100/><E100/><N who="2" m="62615" /><F81/><W24/><G82/><T116/><D116/><U50/><E50/><V68/><F11/><W33/><G78/><T41/><D41/><U127/><E127/><V37/><F37/><W129/><G129/><T27/><D27/><U115/><N who="1" m="28672" /><DORA hai="26" /><U36/><E36/><V2/><F2/><W75/><G75/><T64/><D106/><U69/><E69/><V133/><F68/><W10/><G4/><T44/><D104/><U28/><E28/><V62/><F31/><W3/><G33/><T79/><D22/><U95/><E95/><V65/><F133/><W47/><G93/><T6/><D21/><U49/><E49/><V76/><F92/><W66/><G3/><T101/><D20/><U53/><E53/><V72/><F72/><W48/><G52/><T111/><D101/><U86/><AGARI ba="1,1" hai="63,67,70,85,86,91,94,99" m="28672,51243" machi="86" ten="60,18000,2" yaku="20,1,15,1,52,4" doraHai="110,26" who="1" fromWho="1" sc="281,-61,274,193,192,-61,243,-61" /><INIT seed="5,2,0,3,1,61" ten="220,467,131,182" oya="1" hai0="82,104,52,2,14,71,86,3,120,75,42,59,60" hai1="9,18,13,79,5,38,27,50,41,62,55,95,78" hai2="16,34,36,11,10,19,54,85,68,96,40,35,57" hai3="53,29,23,64,67,80,135,134,56,39,125,26,24"/><U108/><E108/><V33/><F68/><W43/><G125/><T70/><D104/><U49/><E38/><V92/><F85/><W118/><G118/><T69/><D75/><U132/><E132/><N who="3" m="50730" /><G80/><T66/><D120/><U115/><E115/><V48/><F40/><W130/><G130/><T47/><D14/><U20/><E62/><V58/><F36/><W133/><N who="3" m="50738" /><W114/><DORA hai="124" /><G114/><T74/><D74/><U117/><E117/><V106/><F106/><W131/><G131/><T30/><D30/><U8/><E41/><V32/><N who="2" m="8192" /><DORA hai="93" /><V6/><F58/><W83/><G83/><T77/><REACH who="0" step="1"/><D52/><REACH who="0" ten="210,467,131,182" step="2"/><U123/><E55/><V112/><F112/><W7/><G26/><T81/><D81/><U28/><E123/><V72/><F72/><W98/><G53/><T119/><D119/><U1/><E95/><V100/><REACH who="2" step="1"/><F11/><REACH who="2" ten="210,467,121,182" step="2"/><W4/><G43/><T73/><D73/><U0/><E9/><V22/><F22/><W103/><G23/><T99/><D99/><U76/><E8/><V116/><F116/><W127/><G98/><T107/><D107/><U102/><E20/><V109/><F109/><W15/><G127/><T44/><D44/><U101/><E101/><V121/><F121/><W89/><G103/><T113/><D113/><U51/><E102/><V65/><F65/><W37/><G67/><T122/><D122/><U105/><E105/><V25/><F25/><W111/><G111/><T63/><D63/><U126/><E126/><V90/><F90/><W46/><G89/><T128/><D128/><U94/><E27/><V12/><AGARI ba="2,2" hai="6,10,12,16,19,48,54,57,92,96,100" m="8192" machi="12" ten="60,12000,2" yaku="1,1,5,1,0,1,52,1,54,1,53,1" doraHai="61,124,93" doraHaiUra="129,87,97" who="2" fromWho="2" sc="210,-32,467,-62,121,146,182,-32" /><INIT seed="6,0,0,1,2,131" ten="178,405,267,150" oya="2" hai0="18,128,74,30,121,79,92,33,60,99,98,39,88" hai1="29,116,7,54,75,120,96,133,59,68,36,85,102" hai2="77,93,4,57,9,109,134,100,50,111,49,108,105" hai3="124,25,89,6,52,46,117,2,103,62,23,132,55"/><V76/><F105/><W107/><G117/><T91/><D121/><U114/><E75/><V61/><F100/><W31/><G124/><T17/><D39/><U86/><E116/><V126/><F126/><W110/><G110/><T78/><D128/><U90/><E68/><V123/><F123/><W51/><G132/><T35/><D60/><U122/><E29/><V11/><F93/><W40/><G89/><T129/><D129/><U97/><E36/><V66/><F134/><W64/><G2/><T73/><D30/><U8/><E133/><V26/><F26/><W83/><G6/><T21/><D21/><U27/><E27/><V130/><F130/><W69/><REACH who="3" step="1"/><G83/><REACH who="3" ten="178,405,267,140" step="2"/><T118/><D118/><U70/><E7/><V32/><F4/><W3/><G3/><T80/><REACH who="0" step="1"/><D92/><REACH who="0" ten="168,405,267,140" step="2"/><U44/><E120/><V72/><F111/><W12/><G12/><T115/><D115/><U28/><E114/><V0/><F109/><W13/><G13/><T113/><D113/><U5/><E122/><V65/><F108/><W82/><G82/><AGARI ba="0,2" hai="17,18,33,35,73,74,78,79,80,82,88,91,98,99" machi="82" ten="25,6400,0" yaku="1,1,22,2,54,1,53,0" doraHai="131" doraHaiUra="34" who="0" fromWho="3" sc="168,84,405,0,267,0,140,-64" /><INIT seed="7,0,0,0,5,19" ten="252,405,267,76" oya="3" hai0="29,96,43,97,117,91,51,58,123,22,102,56,121" hai1="39,3,84,89,111,71,129,40,55,53,20,131,126" hai2="41,124,17,113,15,70,49,63,25,35,31,127,109" hai3="14,6,114,66,48,18,47,34,26,112,87,13,2"/><W95/><G66/><T135/><D117/><U74/><E74/><V32/><F109/><W11/><G95/><T21/><D29/><U64/><E3/><V10/><F113/><N who="3" m="43627" /><G87/><T45/><D135/><U99/><E99/><N who="0" m="37961" /><D123/><U54/><E40/><V128/><F128/><W8/><G48/><N who="0" m="26687" /><D121/><U107/><E39/><V72/><F72/><W46/><G2/><T4/><D102/><U101/><E101/><V106/><F106/><W80/><G80/><T68/><D68/><U83/><E64/><V9/><F70/><W33/><G26/><T77/><D77/><U132/><E71/><V119/><F49/><W93/><G93/><T42/><D4/><U44/><E129/><V100/><F100/><W60/><G60/><T37/><D37/><U118/><E107/><V82/><F63/><W78/><G78/><T122/><D122/><U24/><E24/><V1/><F82/><W125/><G125/><T30/><D30/><U5/><E126/><V90/><F127/><W105/><G105/><T75/><D75/><U104/><E104/><V79/><F124/><W61/><G61/><T116/><D116/><U94/><E83/><V73/><F119/><W36/><G36/><T7/><D7/><U86/><E5/><N who="2" m="1199" /><F90/><W57/><G57/><N who="0" m="22123" /><D91/><U115/><E86/><V88/><F88/><W98/><G98/><T92/><D92/><U134/><E131/><V65/><F65/><W0/><G0/><T12/><D12/><U52/><E84/><V85/><F85/><W81/><G81/><T108/><D108/><U23/><N who="1" m="13312" /><DORA hai="130" /><U16/><E111/><V120/><F120/><RYUUKYOKU ba="0,0" sc="252,15,405,-15,267,-15,76,15" hai0="21,22,42,51" hai3="6,8,11,13,14,18,33,34,46,47" /><INIT seed="7,1,0,0,0,18" ten="267,390,252,91" oya="3" hai0="5,87,95,97,16,39,8,3,35,71,17,26,4" hai1="51,109,12,9,46,91,98,37,55,78,45,122,56" hai2="54,58,2,135,107,53,81,14,43,110,93,34,125" hai3="50,101,79,126,60,113,25,90,40,104,83,121,62"/><W115/><G121/><T84/><D39/><U23/><E122/><V31/><F107/><W86/><G126/><T36/><D36/><U57/><E109/><V77/><F2/><W44/><G104/><T75/><D75/><U112/><E23/><V118/><F110/><W64/><G101/><T49/><D71/><U13/><E112/><N who="3" m="43082" /><G25/><T92/><D35/><U114/><E114/><V63/><F118/><W11/><G11/><T127/><D127/><U72/><E13/><V48/><F125/><W42/><G42/><T47/><D5/><U103/><E91/><V22/><F43/><W131/><G131/><T120/><D120/><U65/><E78/><V82/><F77/><W130/><G130/><T89/><D26/><U6/><E72/><V85/><F34/><W105/><G105/><T24/><D24/><U70/><E70/><V134/><F134/><W21/><G21/><T124/><D124/><U108/><E37/><V94/><F135/><W66/><G79/><T123/><D123/><U119/><E119/><V111/><F111/><W15/><G15/><T61/><D8/><U133/><E133/><V80/><F14/><W33/><G33/><T30/><D3/><U29/><E29/><V106/><F106/><W19/><G19/><T1/><D16/><U59/><E108/><V28/><F22/><W32/><G32/><T102/><D17/><U27/><E27/><V68/><F31/><W38/><G38/><T69/><D30/><U116/><E116/><V73/><F28/><W129/><G129/><T76/><D1/><U41/><E12/><V10/><F10/><RYUUKYOKU ba="1,0" sc="267,-10,390,-10,252,-10,91,30" hai3="40,44,50,60,62,64,66,83,86,90" /><INIT seed="7,2,0,3,0,111" ten="257,380,242,121" oya="3" hai0="123,134,125,68,22,33,28,30,59,8,55,133,75" hai1="124,67,113,31,73,29,128,121,103,32,4,106,80" hai2="53,130,127,92,1,23,35,135,110,13,108,19,39" hai3="37,26,66,42,70,40,81,6,90,10,54,20,50"/><W61/><G37/><T77/><D68/><U112/><E121/><V3/><F39/><W64/><G64/><T0/><D33/><U16/><E124/><V58/><F35/><W94/><G81/><N who="0" m="45247" /><D123/><U47/><E128/><V87/><F135/><N who="0" m="51722" /><D125/><U99/><E67/><V114/><F114/><N who="1" m="44137" /><E4/><V116/><F116/><W132/><G132/><T27/><D0/><N who="2" m="74" /><F130/><W48/><G6/><T79/><D8/><U118/><E118/><V96/><F96/><W101/><G10/><T2/><D2/><U51/><E32/><V86/><F86/><W109/><G109/><T129/><D129/><U12/><E73/><V76/><F76/><W41/><G101/><T100/><D79/><U83/><E31/><V78/><F78/><W82/><G82/><T49/><D100/><U126/><E29/><AGARI ba="2,0" hai="22,27,28,29,30,49,55,59" m="51722,45247" machi="29" ten="30,1000,0" yaku="20,1" doraHai="111" who="0" fromWho="1" sc="257,16,380,-16,242,0,121,0" owari="273,7.0,364,47.0,242,-16.0,121,-38.0" /></mjloggm>