<mjloggm ver="2.3"><GO type="169" lobby="0"/><UN n0="%E3%82%A6%E3%83%AB%E3%83%88%E3%83%A9%E7%AB%8B%E7%9B%B4" n1="%E7%A7%81%E3%81%AF%E3%81%8C%E3%81%A1%E3%81%BB%E3%82%82" n2="%E3%80%87%E3%80%87%E3%81%8A%E3%83%BC%E3%81%98" n3="%6B%69%79%6F%6B" dan="18,16,16,16" rate="2209.63,2119.91,2062.29,2076.69" sx="M,M,F,M"/><TAIKYOKU oya="0"/><INIT seed="0,0,0,2,1,52" ten="250,250,250,250" oya="0" hai0="13,32,130,19,14,31,134,26,64,106,120,21,22" hai1="127,65,111,44,28,58,135,37,118,125,40,23,67" hai2="54,119,74,128,18,24,99,132,57,79,113,43,33" hai3="90,55,88,6,96,103,121,15,4,70,131,12,133"/><T101/><D120/><U9/><E118/><V91/><F119/><W87/><G121/><T35/><D106/><U53/><E9/><V39/><F113/><W49/><G70/><T17/><D101/><U94/><E111/><V122/><F122/><W38/><G38/><T105/><D105/><U76/><E76/><V62/><F132/><W89/><G133/><T1/><D134/><U48/><E94/><V73/><F79/><W3/><G131/><T29/><D64/><U75/><E75/><V102/><F128/><W124/><G87/><T47/><D47/><U42/><E135/><V27/><F27/><W11/><G124/><N who="1" m="47690" /><E40/><V30/><F91/><W63/><G63/><T92/><D92/><U66/><E23/><V114/><F114/><W116/><G116/><T60/><D60/><N who="1" m="35919" /><E28/><N who="0" m="10825" /><D130/><U93/><E93/><V34/><F34/><N who="0" m="12842" /><D1/><U20/><E20/><N who="0" m="7785" /><D26/><U2/><E2/><V56/><F43/><W36/><G3/><T109/><D109/><U5/><E5/><V25/><F73/><W16/><G103/><T69/><D69/><U80/><E80/><V41/><F74/><W51/><G96/><T46/><D46/><U104/><E104/><V117/><F117/><W83/><G83/><T100/><D100/><U108/><E108/><V85/><F99/><W82/><G82/><T78/><D78/><U107/><E107/><V61/><F102/><W129/><G129/><T86/><D86/><U68/><E68/><V50/><F85/><W7/><G90/><T115/><D115/><U95/><E95/><V123/><F33/><W0/><G0/><T97/><D97/><RYUUKYOKU ba="0,0" sc="250,15,250,15,250,-15,250,-15" hai0="13,14,17,19" hai1="37,42,44,48,65,66,67" /><INIT seed="0,1,0,0,2,82" ten="265,265,235,235" oya="0" hai0="53,42,32,60,111,46,97,67,61,25,64,122,134" hai1="133,7,29,19,126,40,83,102,121,104,44,73,106" hai2="26,81,17,66,94,39,5,88,115,35,65,51,63" hai3="20,4,110,99,78,84,14,59,91,8,23,50,100"/><T117/><D117/><U112/><E121/><V11/><F39/><W3/><G110/><T128/><D122/><U76/><E29/><V123/><F123/><W72/><G72/><T12/><D128/><U24/><E133/><V57/><F115/><W10/><G78/><T77/><D134/><U0/><E112/><V45/><F81/><W116/><G116/><T31/><D111/><U16/><E24/><V6/><F35/><W92/><G59/><T101/><D77/><U27/><E27/><V105/><F105/><W93/><G50/><T114/><D12/><U90/><E90/><V62/><F11/><W1/><REACH who="3" step="1"/><G1/><REACH who="3" ten="265,265,235,225" step="2"/><T56/><D114/><U18/><E126/><V130/><F130/><W69/><G69/><T55/><D46/><U127/><E127/><V79/><F45/><W132/><G132/><T89/><D42/><U124/><E124/><V54/><F79/><W108/><G108/><T103/><D89/><U80/><E102/><V98/><F51/><W33/><G33/><T30/><D103/><U48/><REACH who="1" step="1"/><E83/><REACH who="1" ten="265,255,235,225" step="2"/><V37/><F37/><W109/><G109/><T125/><D125/><U86/><E86/><V95/><F57/><W15/><G15/><T68/><REACH who="0" step="1"/><D31/><REACH who="0" ten="255,255,235,225" step="2"/><U34/><E34/><V9/><F26/><W58/><G58/><T113/><D113/><U135/><E135/><V87/><F87/><W75/><G75/><T70/><D70/><U74/><E74/><V22/><F98/><W118/><G118/><T71/><D71/><U28/><E28/><V129/><F129/><W85/><G85/><T52/><D52/><U96/><E96/><RYUUKYOKU ba="1,3" sc="255,10,255,10,235,-30,225,10" hai0="25,30,32,53,55,56,60,61,64,67,68,97,101" hai1="0,7,16,18,19,40,44,48,73,76,80,104,106" hai3="3,4,8,10,14,20,23,84,91,92,93,99,100" /><INIT seed="0,2,3,4,0,44" ten="265,265,205,235" oya="0" hai0="119,38,131,83,126,46,80,87,98,125,101,39,104" hai1="114,63,8,54,84,123,26,124,134,73,28,132,27" hai2="23,2,65,96,112,42,66,92,69,35,117,31,72" hai3="105,113,102,12,47,7,10,4,111,81,16,34,100"/><T108/><D119/><U55/><E73/><V58/><F112/><W118/><G113/><T130/><D130/><U127/><E114/><V30/><F72/><W62/><G118/><T20/><D20/><U52/><E123/><V86/><F117/><W5/><G34/><T22/><D22/><U50/><E8/><V93/><F2/><W48/><G111/><T128/><D108/><U57/><E84/><V21/><F42/><N who="3" m="24695" /><G105/><T85/><D46/><N who="1" m="27735" /><E54/><V37/><F37/><W88/><G62/><T122/><D122/><U43/><E43/><V78/><F35/><W40/><G40/><T116/><D116/><U70/><E70/><V91/><F69/><W60/><G60/><T94/><D104/><U51/><E63/><N who="2" m="38135" /><F66/><W36/><G36/><T68/><D68/><U64/><E64/><V18/><F21/><W129/><G129/><N who="0" m="49739" /><D38/><U59/><E59/><V103/><F78/><W1/><G1/><T45/><D45/><U90/><E90/><V24/><AGARI ba="2,3" hai="18,23,24,30,31,86,91,92,93,96,103" m="38135" machi="24" ten="30,1100,0" yaku="8,1" doraHai="44" who="2" fromWho="2" sc="265,-7,265,-5,205,47,235,-5" /><INIT seed="1,0,0,1,4,124" ten="258,260,252,230" oya="1" hai0="11,24,4,36,108,122,57,74,68,63,14,125,60" hai1="66,83,97,64,114,72,95,42,120,127,51,39,1" hai2="44,89,21,106,8,81,93,82,6,113,27,90,38" hai3="56,73,52,85,130,16,40,71,112,41,65,35,28"/><U69/><E120/><V7/><F106/><W48/><G112/><T88/><D108/><U50/><E114/><V84/><F113/><W49/><G73/><T15/><D125/><U0/><E127/><V119/><F119/><W121/><G121/><T30/><D36/><U47/><E1/><V92/><F38/><W19/><G35/><T32/><D74/><U37/><E0/><V29/><F44/><W54/><G28/><T75/><D75/><U129/><E39/><V87/><REACH who="2" step="1"/><F6/><REACH who="2" ten="258,260,242,230" step="2"/><W133/><G133/><T12/><D122/><U9/><E37/><V135/><F135/><W61/><G130/><T103/><D4/><U132/><E132/><V115/><F115/><W109/><G109/><T62/><D11/><U70/><E47/><V118/><F118/><W99/><G41/><T23/><D68/><U25/><E42/><V101/><F101/><W46/><G71/><T45/><D103/><U104/><E9/><V102/><F102/><W76/><G40/><T134/><D45/><U78/><E104/><V58/><F58/><W86/><G46/><T17/><D134/><U67/><E129/><V94/><F94/><W18/><G18/><T100/><D57/><U26/><E69/><V117/><F117/><W20/><G19/><T110/><D110/><U131/><E131/><V10/><F10/><W96/><G16/><T107/><D107/><U43/><E43/><V128/><F128/><W105/><G105/><T126/><D126/><U77/><E70/><V116/><F116/><W22/><G56/><T98/><D100/><N who="1" m="60479" /><E77/><V5/><F5/><W80/><G80/><RYUUKYOKU ba="0,1" sc="258,10,260,10,242,10,230,-30" hai0="12,14,15,17,23,24,30,32,60,62,63,88,98" hai1="25,26,50,51,64,66,67,72,78,83" hai2="7,8,21,27,29,81,82,84,87,89,90,92,93" /><INIT seed="1,1,1,0,1,62" ten="268,270,252,200" oya="1" hai0="85,124,11,119,14,29,67,52,97,16,86,92,107" hai1="44,31,23,129,83,78,100,18,99,127,84,64,27" hai2="130,3,109,123,33,80,118,115,112,32,133,8,46" hai3="53,28,41,68,126,128,50,122,94,0,25,131,72"/><U66/><E129/><N who="3" m="49738" /><G122/><T37/><D119/><U38/><E127/><V1/><F46/><N who="3" m="25935" /><G126/><T101/><D124/><U51/><E38/><V105/><F80/><W5/><G72/><T93/><D37/><U4/><E4/><V117/><F130/><W60/><G94/><T110/><D110/><U40/><REACH who="1" step="1"/><E31/><REACH who="1" ten="268,260,252,200" step="2"/><V58/><F117/><W95/><G5/><T96/><D29/><U114/><E114/><V132/><F118/><W65/><G0/><T48/><D107/><AGARI ba="1,2" hai="18,23,27,40,44,51,64,66,78,83,84,99,100,107" machi="107" ten="30,11600,0" yaku="1,1,7,1,52,2,53,0" doraHai="62" doraHaiUra="59" who="1" fromWho="0" sc="268,-119,260,139,252,0,200,0" /><INIT seed="1,2,0,2,3,32" ten="149,399,252,200" oya="1" hai0="14,122,48,24,10,49,131,39,25,127,126,111,0" hai1="108,115,27,38,18,54,58,104,79,4,53,46,30" hai2="103,85,102,13,55,87,84,135,80,81,112,91,37" hai3="109,134,100,82,6,119,101,33,31,92,23,67,74"/><U57/><E104/><V130/><F37/><W12/><G109/><T89/><D39/><U124/><E115/><V36/><F36/><W8/><G134/><T59/><D111/><U86/><E18/><V69/><F69/><W65/><G119/><T93/><D131/><U70/><E70/><V20/><F112/><W52/><G33/><T98/><D122/><U114/><E114/><V34/><F34/><W61/><G74/><T129/><D129/><U96/><E96/><V43/><F130/><W9/><G82/><N who="2" m="31849" /><F43/><W44/><G9/><T73/><D73/><U29/><E108/><V3/><F3/><W88/><G31/><T110/><D110/><U75/><E38/><V17/><F135/><W26/><G26/><T41/><D0/><U71/><E71/><V63/><F91/><W60/><G23/><T78/><D78/><U90/><E90/><V72/><F72/><W97/><G61/><T107/><D107/><U11/><E75/><V1/><F1/><W125/><G125/><T116/><D116/><U94/><E124/><V105/><F105/><W19/><G6/><N who="0" m="3415" /><D127/><U123/><E123/><V42/><F42/><W120/><G120/><T106/><D106/><U5/><E79/><V99/><F99/><W51/><G67/><T76/><D76/><U40/><E40/><V133/><F133/><W68/><AGARI ba="2,0" hai="8,12,19,44,51,52,60,65,68,88,92,97,100,101" machi="68" ten="20,5200,0" yaku="0,1,7,1,54,2" doraHai="32" who="3" fromWho="3" sc="149,-15,399,-28,252,-15,200,58" /><INIT seed="2,0,0,1,4,90" ten="134,371,237,258" oya="2" hai0="60,66,68,115,125,29,124,53,7,110,127,132,27" hai1="4,103,102,135,118,19,15,112,6,116,56,37,32" hai2="51,62,91,99,119,120,58,74,48,52,64,134,38" hai3="111,26,131,96,113,12,117,55,23,105,122,109,72"/><V13/><F74/><W39/><G122/><T9/><D53/><U21/><E32/><V3/><F3/><W92/><G117/><T10/><D10/><U35/><E35/><V89/><F119/><W87/><G39/><T5/><D5/><U31/><E31/><V24/><F120/><W45/><G72/><T65/><D65/><U83/><E37/><V20/><F134/><W84/><G131/><T61/><D61/><U86/><E135/><V88/><F38/><W63/><G105/><T33/><D132/><U81/><E112/><V54/><F13/><W46/><G113/><T8/><D8/><U80/><E118/><V101/><F54/><W77/><G12/><T128/><D115/><U2/><E2/><V28/><REACH who="2" step="1"/><F64/><REACH who="2" ten="134,371,227,258" step="2"/><W30/><G55/><T49/><D128/><U50/><E116/><V43/><F43/><W95/><G46/><T70/><D49/><U42/><E42/><V0/><F0/><W25/><G45/><T104/><D66/><U93/><E4/><V130/><F130/><W59/><G63/><T82/><D60/><U71/><E6/><V108/><F108/><W69/><G111/><T94/><D110/><U85/><E50/><V98/><F98/><W79/><G109/><T78/><D125/><U47/><E47/><V57/><F57/><W36/><G59/><T40/><D127/><U17/><E56/><V123/><F123/><W100/><G36/><T75/><D124/><U16/><E15/><V133/><F133/><W97/><G97/><T121/><D121/><U73/><E73/><V18/><F18/><W67/><G96/><RYUUKYOKU ba="0,1" sc="134,-10,371,-10,227,30,258,-10" hai2="20,24,28,48,51,52,58,62,88,89,91,99,101" /><INIT seed="2,1,1,0,0,58" ten="124,361,257,248" oya="2" hai0="69,130,133,64,49,63,103,92,26,35,74,81,115" hai1="11,98,66,93,111,39,78,83,88,34,24,4,47" hai2="30,134,27,45,18,29,75,65,107,72,97,31,33" hai3="14,19,21,59,13,51,105,95,132,119,76,116,100"/><V6/><F134/><W112/><G105/><T84/><D115/><U3/><E111/><V43/><F6/><W68/><G68/><T38/><D38/><U90/><E66/><V131/><F131/><W77/><G132/><T73/><D133/><U121/><E121/><V101/><F65/><W85/><G112/><T125/><D130/><U62/><E62/><V16/><F33/><W99/><G13/><T123/><D125/><U10/><E10/><V1/><F1/><W114/><G114/><T70/><D70/><U22/><E34/><V89/><F89/><W113/><G113/><T52/><D123/><U54/><E90/><V94/><F107/><W102/><G102/><T7/><D7/><U5/><E5/><V41/><F41/><W96/><G96/><T135/><D135/><U108/><E108/><V48/><REACH who="2" step="1"/><F27/><REACH who="2" ten="124,361,247,248" step="2"/><W57/><G119/><T56/><D26/><U53/><E24/><V80/><F80/><W71/><G116/><T46/><D35/><U25/><E83/><V86/><F86/><W106/><G106/><T0/><D0/><U91/><E91/><V124/><F124/><W36/><G85/><T128/><D128/><U28/><E78/><V9/><F9/><W109/><G77/><N who="0" m="46127" /><D103/><U37/><E54/><V12/><F12/><W126/><G126/><T120/><D120/><U117/><E117/><V79/><F79/><W17/><G76/><T129/><D129/><U50/><AGARI ba="1,2" hai="3,4,11,22,25,28,37,39,47,50,53,88,93,98" machi="50" ten="30,2000,0" yaku="0,1,54,1" doraHai="58" who="1" fromWho="1" sc="124,-6,361,43,247,-11,248,-6" /><INIT seed="3,0,0,5,1,40" ten="118,404,236,242" oya="3" hai0="20,39,119,18,27,32,60,117,54,48,100,97,24" hai1="111,10,13,81,86,82,91,120,87,7,23,98,22" hai2="5,78,92,89,66,84,113,115,110,3,19,50,11" hai3="65,49,76,43,8,95,94,105,34,44,132,12,133"/><W122/><G105/><T108/><D39/><U77/><E120/><V59/><F110/><W15/><G122/><T131/><D131/><U53/><E111/><V14/><F66/><W107/><G107/><T42/><D108/><U46/><E98/><V79/><F79/><W29/><G65/><T127/><D42/><U55/><E55/><V56/><F56/><W74/><G15/><T73/><D60/><U126/><E126/><V36/><F36/><W103/><G103/><T37/><D73/><U129/><E129/><V6/><F6/><W16/><G29/><T112/><D37/><U128/><E128/><V21/><REACH who="2" step="1"/><F78/><REACH who="2" ten="118,404,226,242" step="2"/><W123/><G123/><T62/><D127/><U28/><E28/><V134/><F134/><N who="3" m="51819" /><G34/><T17/><D32/><U1/><E1/><V90/><F90/><W31/><G31/><T51/><D119/><U0/><E0/><V75/><F75/><W101/><G101/><T121/><D117/><U33/><E33/><V45/><F45/><W96/><G96/><T125/><D125/><U99/><E99/><V114/><F114/><W109/><G109/><T72/><D112/><U58/><E46/><V2/><F2/><W102/><G102/><T67/><D97/><U83/><E83/><AGARI ba="0,1" hai="8,12,16,43,44,49,74,76,83,94,95" m="51819" machi="83" ten="30,5800,0" yaku="20,1,52,1,54,1" doraHai="40" who="3" fromWho="1" sc="118,0,404,-58,226,0,242,68" /><INIT seed="3,1,0,2,5,49" ten="118,346,226,310" oya="3" hai0="21,93,60,104,99,8,103,12,124,129,19,29,31" hai1="102,44,133,89,128,130,40,121,1,68,6,77,34" hai2="59,126,38,127,56,62,53,76,114,79,48,26,36" hai3="109,110,66,91,135,37,125,17,73,71,118,95,74"/><W47/><G118/><T94/><D129/><U111/><E89/><V28/><F114/><W105/><G105/><T7/><D124/><N who="2" m="47658" /><F38/><W22/><G125/><T78/><D78/><U14/><E14/><V13/><F13/><W69/><G135/><T101/><D60/><U86/><E86/><V58/><F36/><W27/><G37/><T3/><REACH who="0" step="1"/><D104/><REACH who="0" ten="108,346,226,310" step="2"/><U23/><E77/><N who="2" m="29771" /><F62/><W96/><G74/><T80/><D80/><U98/><E130/><V50/><F50/><W83/><G73/><T131/><D131/><U57/><E128/><V119/><F119/><W24/><G83/><T2/><D2/><U30/><E1/><V42/><F42/><W97/><G95/><T54/><D54/><U45/><E40/><V120/><F120/><W15/><G66/><T51/><D51/><U107/><E121/><V108/><F108/><N who="3" m="41579" /><G71/><T67/><D67/><U55/><E107/><V117/><F117/><W70/><G70/><T65/><D65/><U63/><E68/><V132/><F132/><W32/><G69/><T87/><D87/><U4/><E133/><V11/><F53/><W84/><G84/><T92/><D92/><U33/><E55/><V115/><F48/><W41/><G97/><AGARI ba="1,1" hai="3,7,8,12,19,21,29,31,93,94,97,99,101,103" machi="97" ten="40,2600,0" yaku="1,1,9,1,53,0" doraHai="49" doraHaiUra="116" who="0" fromWho="3" sc="108,39,346,0,226,0,310,-29" /><INIT seed="4,0,0,3,2,105" ten="147,346,226,281" oya="0" hai0="40,118,93,88,53,30,117,4,13,41,8,100,94" hai1="59,113,57,18,115,69,77,33,103,125,36,102,96" hai2="134,83,76,129,124,50,108,104,97,22,27,45,48" hai3="67,101,37,90,60,49,21,99,54,82,110,123,3"/><T130/><D130/><U86/><E69/><V119/><F129/><W66/><G110/><T114/><D114/><N who="1" m="43531" /><E36/><V58/><F108/><W68/><G123/><T107/><D107/><U74/><E33/><V43/><F124/><W39/><G3/><T0/><D0/><U62/><E125/><V95/><F104/><W15/><G67/><T25/><D117/><U16/><E86/><V42/><F134/><W31/><G101/><N who="1" m="38410" /><E96/><V47/><F119/><W29/><G29/><T20/><D118/><U63/><E59/><V2/><F58/><W5/><G99/><N who="0" m="59511" /><D53/><N who="1" m="34095" /><E63/><V85/><F2/><W128/><G128/><T17/><D30/><U70/><E70/><V120/><F120/><W1/><G39/><T127/><D127/><U11/><E11/><V78/><F78/><W10/><G37/><T121/><D121/><U12/><E12/><V89/><F27/><W28/><G1/><T6/><D6/><U80/><AGARI ba="0,0" hai="16,18,74,77,80" m="34095,38410,43531" machi="80" ten="30,7900,0" yaku="15,1,11,1,52,1,54,1" doraHai="105" who="1" fromWho="1" sc="147,-39,346,79,226,-20,281,-20" /><INIT seed="5,0,0,1,4,101" ten="108,425,206,261" oya="1" hai0="111,4,15,92,36,76,53,16,100,3,62,95,64" hai1="5,38,41,82,22,49,39,28,60,32,94,51,129" hai2="37,45,1,90,134,27,103,127,71,50,81,48,96" hai3="10,102,99,93,135,126,98,58,29,121,113,122,131"/><U12/><E32/><V120/><F120/><W112/><G58/><T114/><D111/><U46/><E129/><V67/><F1/><W132/><G29/><T74/><D114/><N who="3" m="44137" /><G10/><T116/><D116/><U91/><E82/><V30/><F127/><W31/><G31/><T73/><D36/><U20/><E60/><V34/><F134/><N who="3" m="51243" /><G126/><T97/><D4/><U56/><E38/><V55/><F37/><W87/><G131/><T47/><D3/><U33/><E33/><V44/><F71/><W77/><G99/><T14/><D97/><N who="1" m="57567" /><E39/><V110/><F110/><W24/><G24/><T108/><D108/><U59/><E28/><V9/><F9/><W17/><G17/><T105/><D16/><N who="1" m="10247" /><E5/><V2/><F2/><W13/><G13/><T40/><D14/><U26/><E51/><V83/><F30/><W128/><G128/><T124/><D15/><U78/><E22/><V68/><F34/><W80/><AGARI ba="0,0" hai="77,80,87,93,98,102,121,122" m="51243,44137" machi="80" ten="40,8000,1" yaku="15,1,20,1,34,2" doraHai="101" who="3" fromWho="3" sc="108,-20,425,-40,206,-20,261,80" /><INIT seed="6,0,0,0,1,17" ten="88,385,186,341" oya="2" hai0="16,19,69,39,88,65,49,61,21,11,128,78,104" hai1="57,72,3,114,6,86,107,113,94,24,68,63,131" hai2="77,47,40,35,20,83,121,37,100,87,117,119,105" hai3="28,41,79,102,126,46,109,133,36,70,31,10,130"/><V122/><F35/><W32/><G109/><T123/><D123/><U98/><E68/><V110/><F110/><W84/><G126/><T95/><D39/><U7/><E72/><V59/><F59/><W4/><G130/><T44/><D104/><U108/><E108/><V75/><F87/><W8/><G133/><T38/><D38/><U42/><E42/><V81/><F81/><W29/><G70/><T22/><D78/><U62/><E62/><V112/><F112/><W55/><G102/><T9/><D128/><U91/><E24/><V127/><F127/><W96/><G96/><T48/><D48/><U97/><E3/><V71/><F71/><W124/><G124/><T45/><D45/><U53/><E131/><V2/><F2/><W116/><G116/><N who="2" m="44617" /><F20/><W89/><G79/><T1/><D1/><U54/><E54/><V60/><F60/><W93/><G55/><T74/><D74/><U82/><E107/><V134/><F134/><W67/><G67/><T90/><D22/><U129/><E129/><V99/><AGARI ba="0,0" hai="37,40,47,75,77,83,99,100,105,121,122" m="44617" machi="99" ten="30,1500,0" yaku="23,1" doraHai="17" who="2" fromWho="2" sc="88,-5,385,-5,186,15,341,-5" /><INIT seed="6,1,0,1,5,70" ten="83,380,201,336" oya="2" hai0="33,107,56,118,108,1,71,104,38,69,92,121,114" hai1="77,50,52,91,117,41,90,25,46,94,36,125,73" hai2="127,29,35,65,119,19,135,93,124,79,37,10,48" hai3="105,9,115,120,0,110,122,4,32,12,123,63,66"/><V60/><F119/><W6/><G110/><T101/><D56/><U83/><E117/><V20/><F79/><W42/><G105/><T2/><D92/><U80/><E125/><N who="2" m="48203" /><F135/><W106/><G106/><T87/><D87/><U7/><E83/><V53/><F10/><W45/><G32/><T74/><D101/><U126/><E126/><V49/><F93/><W85/><G115/><T22/><D22/><U23/><E7/><V8/><F8/><W96/><G96/><T130/><D118/><U40/><E40/><V98/><F98/><W39/><G85/><T112/><D108/><U17/><E94/><V100/><F100/><W13/><REACH who="3" step="1"/><G6/><REACH who="3" ten="83,380,201,326" step="2"/><T72/><D33/><U21/><REACH who="1" step="1"/><E21/><REACH who="1" ten="83,370,201,326" step="2"/><V68/><F35/><W59/><AGARI ba="1,2" hai="0,4,9,12,13,39,42,45,59,63,66,120,122,123" machi="59" ten="30,7900,0" yaku="1,1,2,1,0,1,52,1,53,0" doraHai="70" doraHaiUra="99" who="3" fromWho="3" sc="83,-21,370,-21,201,-40,326,102" /><INIT seed="7,0,0,1,2,123" ten="62,349,161,428" oya="3" hai0="35,80,41,66,101,30,1,94,89,44,59,50,3" hai1="27,31,86,65,126,5,120,97,39,111,79,23,29" hai2="77,18,122,24,70,60,78,92,36,21,8,63,119" hai3="108,48,58,113,114,131,132,54,25,0,69,57,12"/><W43/><G0/><T110/><D35/><U116/><E65/><V11/><F36/><W2/><G2/><T32/><D32/><U82/><E39/><V51/><F119/><W117/><G117/><T28/><D1/><U52/><E116/><V17/><F70/><W15/><G69/><T7/><D3/><U47/><E120/><V22/><F122/><W38/><G108/><T129/><D129/><U26/><E5/><V135/><F135/><W95/><G132/><T72/><D7/><U83/><E126/><V93/><F51/><W118/><G131/><T61/><D110/><U45/><E97/><V68/><F68/><W10/><G118/><T103/><D72/><U74/><E111/><V33/><F33/><W100/><G25/><AGARI ba="0,0" hai="8,11,17,18,21,22,24,25,60,63,77,78,92,93" machi="25" ten="25,3200,0" yaku="22,2,8,1" doraHai="123" who="2" fromWho="3" sc="62,0,349,0,161,32,428,-32" owari="62,-44.0,349,15.0,193,-21.0,396,50.0" /></mjloggm>