<mjloggm ver="2.3"><GO type="169" lobby="0"/><UN n0="%6E%65%77%E3%81%9F%E3%81%91%E3%81%93%E3%81%9E%E3%81%86" n1="%E9%BB%92%E7%8C%AB%73%69%6E" n2="%E3%82%82%E3%81%BF%E3%81%82%E3%81%92" n3="%E3%82%A6%E3%83%AB%E3%83%88%E3%83%A9%E7%AB%8B%E7%9B%B4" dan="16,16,16,17" rate="2130.89,2093.56,2023.27,2202.86" sx="M,M,M,M"/><TAIKYOKU oya="0"/><INIT seed="0,0,0,5,0,42" ten="250,250,250,250" oya="0" hai0="75,95,110,115,135,116,64,74,61,132,112,9,108" hai1="26,92,130,8,84,22,17,44,7,20,21,133,6" hai2="2,125,62,124,55,99,78,50,96,15,31,34,129" hai3="43,68,101,1,69,106,131,25,13,16,93,39,72"/><T5/><D95/><U60/><E130/><V107/><F2/><W113/><G1/><T94/><D94/><U97/><E133/><N who="0" m="51273" /><D116/><U128/><E128/><V118/><F118/><W91/><G72/><N who="0" m="27691" /><D5/><U66/><E84/><V37/><F37/><W40/><G68/><N who="0" m="41999" /><D9/><U117/><E6/><V88/><F129/><W10/><G69/><T126/><D126/><U119/><E119/><V28/><F125/><W90/><G131/><T86/><D86/><U46/><E117/><V23/><F124/><W57/><G93/><T41/><D41/><U114/><E7/><V120/><F99/><W109/><G43/><T83/><D83/><U32/><E8/><V58/><F96/><W73/><G40/><T122/><D122/><U49/><E92/><V102/><F120/><W4/><G10/><T87/><D87/><U65/><E97/><V38/><F102/><W11/><G101/><T45/><D45/><U134/><E134/><V111/><F78/><W80/><G80/><T63/><D63/><U0/><E60/><V70/><F62/><W85/><G11/><T27/><D27/><U123/><E26/><V48/><F70/><W56/><G25/><T79/><D79/><U103/><E103/><V3/><F58/><W30/><G85/><T35/><D35/><U14/><E32/><V127/><F34/><W104/><G73/><T59/><D59/><U105/><E123/><V121/><F121/><W82/><G57/><T81/><D81/><U98/><E46/><V33/><F33/><W76/><G56/><T67/><D67/><U54/><E66/><V24/><F127/><RYUUKYOKU ba="0,0" sc="250,30,250,-10,250,-10,250,-10" hai0="108,110,112,115" /><INIT seed="0,1,0,0,2,28" ten="280,240,240,240" oya="0" hai0="103,92,99,70,30,22,67,21,54,134,20,7,115" hai1="11,80,110,26,4,93,15,124,131,101,77,132,1" hai2="24,114,81,69,129,88,39,97,66,8,13,84,50" hai3="127,113,32,96,87,116,85,126,86,18,104,42,51"/><T128/><D115/><U57/><E110/><V123/><F123/><W89/><G18/><T23/><D128/><U47/><E131/><V27/><F114/><W46/><G116/><T12/><D134/><U105/><E105/><V64/><F39/><W68/><G68/><T52/><D70/><U74/><E132/><V29/><F129/><W58/><G113/><T117/><D67/><U76/><E76/><V109/><F109/><W34/><G58/><T106/><D106/><U72/><E124/><N who="3" m="47658" /><G89/><T5/><D117/><U120/><E47/><V40/><F69/><W6/><G6/><N who="0" m="2059" /><D12/><U100/><E15/><V3/><F3/><W122/><G122/><T56/><D56/><U98/><E120/><V53/><F40/><W130/><G130/><T0/><D0/><U60/><E100/><AGARI ba="1,0" hai="32,34,42,46,51,85,86,87,96,100,104" m="47658" machi="100" ten="30,3900,0" yaku="18,1,52,2" doraHai="28" who="3" fromWho="1" sc="280,0,240,-42,240,0,240,42" /><INIT seed="1,0,0,5,3,59" ten="280,198,240,282" oya="1" hai0="79,96,25,119,36,130,39,126,85,103,112,71,44" hai1="8,52,48,57,58,60,31,20,16,97,69,107,81" hai2="78,14,7,101,49,12,27,89,88,110,53,21,121" hai3="1,37,46,114,100,22,13,42,131,33,84,26,9"/><U5/><E69/><V63/><F110/><W124/><G114/><T76/><D112/><U50/><E31/><V135/><F135/><W2/><G100/><T11/><D119/><U61/><E107/><V41/><F78/><W6/><G131/><T72/><D71/><U115/><E97/><V104/><F104/><W80/><G124/><T73/><D126/><U132/><E132/><V62/><F101/><W32/><G33/><T67/><D67/><N who="1" m="39311" /><E115/><V116/><F41/><W99/><G99/><T90/><D72/><U10/><E81/><V66/><F66/><W15/><G1/><T129/><D73/><U43/><E5/><V77/><F77/><W23/><G32/><T106/><D76/><U91/><E91/><N who="2" m="34891" /><F121/><W109/><G80/><T117/><D79/><U34/><E34/><V30/><F116/><W108/><G6/><T19/><D117/><U18/><E18/><V17/><F7/><W65/><G109/><T51/><D130/><U54/><E43/><V35/><F35/><W87/><G42/><T102/><D129/><U133/><E133/><V111/><F111/><W120/><G108/><T28/><D103/><U93/><E93/><V113/><F113/><W24/><G120/><T70/><D70/><U64/><E64/><V75/><F75/><W105/><G65/><T83/><D106/><U0/><E0/><V68/><F68/><W4/><G105/><T94/><D102/><U40/><E40/><V122/><F122/><W47/><G2/><T56/><D39/><U92/><E92/><V3/><F3/><W55/><G37/><T38/><D36/><RYUUKYOKU ba="0,0" sc="280,0,198,0,240,0,282,0" /><INIT seed="2,1,0,3,1,99" ten="280,198,240,282" oya="2" hai0="9,23,27,38,22,54,71,125,60,106,95,66,48" hai1="135,98,112,114,56,87,16,134,29,67,24,7,86" hai2="88,30,81,84,94,122,20,62,17,128,90,42,33" hai3="80,100,39,131,101,28,63,14,76,55,37,13,49"/><V115/><F122/><W47/><G28/><T6/><D38/><U2/><E2/><V119/><F119/><W89/><G39/><T83/><D106/><U36/><E36/><V118/><F118/><W21/><G37/><T12/><D125/><U113/><E7/><V78/><F128/><W75/><G131/><T108/><D108/><U126/><E126/><V52/><F42/><W59/><G89/><T32/><D83/><U70/><E70/><V46/><F115/><W116/><G116/><T85/><D32/><U103/><E67/><V73/><F33/><W43/><REACH who="3" step="1"/><G21/><REACH who="3" ten="280,198,240,272" step="2"/><T117/><D117/><U120/><E29/><V72/><F30/><W79/><G79/><T15/><D22/><N who="1" m="13383" /><E120/><V51/><F90/><W18/><G18/><T41/><D23/><U121/><E121/><V123/><F123/><W1/><G1/><T110/><D110/><U102/><E114/><V61/><REACH who="2" step="1"/><F73/><REACH who="2" ten="280,198,230,272" step="2"/><W35/><G35/><T4/><D41/><U82/><E113/><V93/><F93/><W3/><G3/><T127/><D95/><U105/><E112/><V91/><F91/><W96/><G96/><T50/><D127/><U57/><E98/><V45/><F45/><W132/><G132/><T109/><D109/><U8/><E134/><V34/><F34/><W64/><G64/><T107/><D66/><U130/><E135/><V92/><F92/><W133/><G133/><T0/><D107/><U65/><E105/><V19/><F19/><W26/><G26/><AGARI ba="1,2" hai="17,20,26,46,51,52,61,62,72,78,81,84,88,94" machi="26" ten="30,11600,0" yaku="1,1,7,1,54,2,53,0" doraHai="99" doraHaiUra="111" who="2" fromWho="3" sc="280,0,198,0,230,139,272,-119" /><INIT seed="2,2,0,4,5,88" ten="280,198,369,153" oya="2" hai0="58,5,27,81,23,67,46,54,17,107,102,61,82" hai1="80,6,65,45,63,110,31,56,70,52,126,69,22" hai2="60,128,108,35,47,50,3,71,100,91,49,121,9" hai3="117,51,74,96,1,112,84,37,129,105,83,8,55"/><V125/><F121/><W103/><G129/><T101/><D5/><U24/><E110/><V122/><F122/><W40/><G117/><T97/><D102/><U106/><E126/><V15/><F108/><W98/><G112/><T113/><D113/><U109/><E109/><V42/><F125/><W62/><G62/><T79/><D46/><U87/><E106/><V66/><F128/><W18/><G98/><T111/><D111/><U120/><E120/><V64/><F35/><W4/><G18/><T13/><D79/><U30/><E30/><V130/><F100/><W123/><G123/><T115/><D115/><U43/><E65/><V16/><F66/><W39/><G40/><T20/><REACH who="0" step="1"/><D67/><REACH who="0" ten="270,198,369,153" step="2"/><U36/><E6/><V92/><F130/><W72/><G39/><T99/><D99/><U29/><REACH who="1" step="1"/><E31/><AGARI ba="2,1" hai="13,17,20,23,27,31,54,58,61,81,82,97,101,107" machi="31" ten="30,2000,0" yaku="1,1,7,1,53,0" doraHai="88" doraHaiUra="133" who="0" fromWho="1" sc="270,36,198,-26,369,0,153,0" /><INIT seed="3,0,0,0,5,29" ten="306,172,369,153" oya="3" hai0="44,108,111,90,60,130,14,95,132,107,110,113,73" hai1="21,109,24,46,30,37,114,2,126,51,82,55,112" hai2="135,4,31,119,58,45,23,118,87,48,28,22,125" hai3="70,102,69,53,133,27,17,81,25,65,13,91,68"/><W19/><G102/><T104/><D44/><U88/><E109/><V77/><F125/><W86/><G133/><T52/><D132/><U84/><E126/><V80/><F135/><W66/><G53/><T10/><D113/><U6/><REACH who="1" step="1"/><E37/><REACH who="1" ten="306,162,369,153" step="2"/><V94/><F119/><W97/><G97/><T9/><D110/><U3/><E3/><V57/><F118/><W106/><G106/><T103/><D111/><U98/><E98/><V76/><F4/><W32/><G19/><T59/><D108/><U50/><E50/><V71/><F48/><W16/><G17/><T42/><D107/><U124/><E124/><V120/><F120/><W34/><G25/><T33/><D104/><U115/><E115/><V62/><F31/><W15/><G15/><T7/><D14/><U127/><E127/><V20/><F28/><W89/><G27/><T36/><D36/><U41/><E41/><V75/><F62/><W54/><G54/><T122/><D52/><U117/><E117/><V26/><F26/><W5/><G5/><T92/><D42/><U79/><E79/><V74/><F77/><W96/><G96/><T0/><D7/><U18/><E18/><V83/><F76/><W63/><G91/><T11/><D0/><U128/><E128/><V1/><F1/><W12/><G12/><T134/><D130/><U129/><E129/><V121/><F121/><W56/><REACH who="3" step="1"/><G66/><REACH who="3" ten="306,162,369,143" step="2"/><T67/><D67/><U8/><AGARI ba="0,2" hai="2,6,8,21,24,30,46,51,55,82,84,88,112,114" machi="8" ten="30,4000,0" yaku="1,1,0,1,54,1,53,0" doraHai="29" doraHaiUra="105" who="1" fromWho="1" sc="306,-10,162,60,369,-10,143,-20" /><INIT seed="4,0,0,5,3,64" ten="296,222,359,123" oya="0" hai0="65,60,11,21,2,39,97,70,101,130,9,45,3" hai1="96,105,6,134,48,30,87,51,63,52,8,88,15" hai2="31,34,117,38,73,56,114,27,29,135,26,86,28" hai3="90,77,132,100,126,62,33,14,78,19,7,111,83"/><T47/><D130/><U76/><E134/><V20/><F73/><W69/><G111/><T121/><D121/><U84/><E30/><N who="2" m="19807" /><F38/><W98/><G7/><T67/><D21/><U61/><E51/><V91/><F56/><W99/><G33/><T124/><D124/><U106/><E106/><V44/><F44/><W104/><G132/><T79/><D79/><U93/><E105/><V127/><F135/><W49/><G49/><T115/><D115/><U125/><E125/><V58/><F58/><W107/><G126/><T12/><D65/><U109/><E109/><V131/><F127/><W46/><G46/><T80/><D80/><U43/><E43/><V25/><F91/><W72/><G78/><T50/><D39/><U4/><E4/><V57/><F86/><N who="1" m="32809" /><E76/><V82/><F57/><AGARI ba="0,0" hai="6,8,15,48,52,57,61,63,88,93,96" m="32809" machi="57" ten="30,3900,0" yaku="8,1,54,2" doraHai="64" who="1" fromWho="2" sc="296,0,222,39,359,-39,123,0" /><INIT seed="5,0,0,0,5,101" ten="296,261,320,123" oya="1" hai0="66,72,94,104,78,40,56,110,82,17,119,54,127" hai1="37,69,1,0,23,120,128,70,103,88,26,84,65" hai2="45,11,9,59,15,122,61,27,118,117,112,63,109" hai3="52,33,38,21,77,115,13,106,25,111,135,42,5"/><U108/><E120/><V34/><F109/><W47/><G111/><T133/><D110/><U41/><E108/><V134/><F122/><W62/><G115/><T131/><D119/><U48/><E37/><V53/><F134/><W50/><G135/><T14/><D133/><U8/><E128/><V121/><F112/><W132/><G132/><T113/><D113/><U68/><E65/><V43/><F121/><W7/><G77/><T95/><D66/><U31/><E103/><V126/><F126/><W100/><G33/><T91/><D127/><U10/><E10/><V67/><F34/><W36/><G62/><T29/><D29/><U32/><E8/><V116/><F27/><W57/><G13/><T85/><D40/><U22/><E22/><V16/><F9/><W24/><G38/><T20/><D95/><U35/><E35/><V74/><F74/><W73/><G73/><T125/><D125/><U12/><E41/><V90/><F90/><W6/><REACH who="3" step="1"/><G21/><REACH who="3" ten="296,261,320,113" step="2"/><T60/><D131/><U39/><E39/><V28/><F118/><W89/><G89/><T58/><D60/><U75/><E75/><V96/><F63/><W98/><AGARI ba="0,1" hai="5,6,7,24,25,36,42,47,50,52,57,98,100,106" machi="98" ten="30,7900,0" yaku="1,1,0,1,52,1,54,1,53,0" doraHai="101" doraHaiUra="30" who="3" fromWho="3" sc="296,-20,261,-39,320,-20,113,89" /><INIT seed="6,0,0,4,3,52" ten="276,222,300,202" oya="2" hai0="84,26,58,39,92,101,13,31,24,45,61,132,67" hai1="63,21,77,107,73,43,128,36,57,6,30,102,17" hai2="104,72,56,87,60,112,94,42,83,40,38,22,127" hai3="97,120,119,76,9,12,35,125,103,27,28,25,86"/><V78/><F104/><W55/><G125/><T88/><D132/><U62/><E30/><V11/><F112/><W74/><G120/><T18/><D101/><U108/><E108/><V105/><F105/><W133/><G133/><T8/><REACH who="0" step="1"/><D31/><REACH who="0" ten="266,222,300,202" step="2"/><U2/><E102/><V115/><F127/><W122/><G103/><T130/><D130/><U71/><E128/><V44/><F115/><W117/><G28/><T65/><D65/><U19/><E107/><V29/><F29/><W114/><G114/><T106/><D106/><U96/><E6/><V33/><F33/><W82/><G35/><T99/><D99/><U134/><E96/><V118/><F118/><W32/><G97/><T135/><D135/><U123/><E134/><V7/><F42/><AGARI ba="0,1" hai="8,13,18,24,26,39,42,45,58,61,67,84,88,92" machi="42" ten="40,5200,0" yaku="1,1,52,1,54,1,53,0" doraHai="52" doraHaiUra="49" who="0" fromWho="2" sc="266,62,222,0,300,-52,202,0" /><INIT seed="7,0,0,0,2,90" ten="328,222,248,202" oya="3" hai0="18,66,42,116,47,53,50,128,2,12,21,77,112" hai1="1,27,30,20,26,133,14,40,75,80,93,54,29" hai2="67,84,56,49,68,60,74,31,107,76,19,106,51" hai3="52,69,25,109,34,43,121,113,0,15,33,58,100"/><W23/><G121/><T61/><D128/><U88/><E1/><V86/><F31/><W45/><G69/><T10/><D112/><U8/><E133/><V3/><F3/><W4/><G0/><T7/><D116/><U48/><E40/><V89/><F74/><W115/><G100/><T16/><D77/><U125/><E125/><V117/><F76/><W124/><G124/><T120/><D120/><U63/><E75/><V24/><F86/><W99/><G99/><T6/><D2/><U119/><E119/><V87/><F87/><W78/><G78/><T65/><D42/><U110/><E110/><V134/><F134/><W104/><G104/><T114/><D114/><N who="3" m="43529" /><G109/><T131/><D131/><U35/><E80/><V64/><F117/><W9/><G45/><T111/><D111/><U102/><E102/><V132/><F132/><W55/><G43/><T28/><D28/><U85/><E63/><V91/><F67/><N who="0" m="25610" /><D61/><U41/><E41/><V96/><F107/><W82/><G82/><T101/><D101/><U73/><E73/><V130/><F106/><W71/><G71/><T127/><D127/><U122/><E122/><V62/><F130/><W94/><G94/><T81/><D81/><U98/><E98/><V103/><F68/><W79/><G79/><T105/><D105/><U59/><E14/><AGARI ba="0,0" hai="6,7,10,12,14,16,18,21,47,50,53" m="25610" machi="14" ten="30,2000,0" yaku="8,1,54,1" doraHai="90" who="0" fromWho="1" sc="328,20,222,-20,248,0,202,0" owari="348,45.0,202,-20.0,248,5.0,202,-30.0" /></mjloggm>