<mjloggm ver="2.3"><GO type="169" lobby="0"/><UN n0="%E3%83%95%E3%82%A7%E3%83%AB%E3%83%8A%E3%83%B3%E3%83%89" n1="%E3%81%B1%E3%83%BC%E3%81%9D%E3%82%93" n2="%73%61%74" n3="%E3%82%A6%E3%83%AB%E3%83%88%E3%83%A9%E7%AB%8B%E7%9B%B4" dan="17,16,16,17" rate="2191.94,2065.30,2073.79,2194.36" sx="M,M,M,M"/><TAIKYOKU oya="0"/><INIT seed="0,0,0,5,4,76" ten="250,250,250,250" oya="0" hai0="115,135,61,8,48,10,28,35,105,33,53,55,38" hai1="36,52,83,56,60,16,107,112,32,43,134,74,67" hai2="58,116,100,77,120,45,117,2,118,92,72,14,101" hai3="104,39,42,133,79,1,31,113,41,123,7,11,34"/><T46/><D115/><U95/><E107/><V68/><F2/><W23/><G113/><T88/><D105/><U3/><E112/><V125/><F68/><W22/><G104/><T6/><D38/><U29/><E134/><V93/><F58/><W106/><G106/><T99/><D135/><U102/><E3/><V73/><F45/><W54/><G133/><T124/><D124/><U62/><E36/><V18/><F18/><W90/><G79/><T78/><D78/><U80/><E43/><V37/><F14/><W40/><G39/><T25/><D35/><U87/><E74/><N who="2" m="28779" /><F37/><W108/><G108/><T97/><D88/><N who="1" m="53663" /><E32/><V119/><F118/><W24/><G123/><T9/><REACH who="0" step="1"/><D6/><REACH who="0" ten="240,250,250,250" step="2"/><U84/><E102/><V127/><F77/><W89/><G89/><T12/><D12/><U98/><E98/><N who="2" m="59463" /><F120/><W15/><G15/><T85/><D85/><U4/><E84/><V96/><AGARI ba="0,1" hai="93,96,101,116,117,119,125,127" m="59463,28779" machi="96" ten="40,5200,0" yaku="12,1,34,2" doraHai="76" who="2" fromWho="2" sc="240,-26,250,-13,250,62,250,-13" /><INIT seed="1,0,0,5,4,97" ten="214,237,312,237" oya="1" hai0="103,47,39,50,30,41,119,26,114,7,87,34,29" hai1="77,130,113,82,107,73,22,42,44,105,6,79,131" hai2="5,80,37,2,98,83,31,96,84,99,90,62,116" hai3="51,134,4,16,122,101,8,89,126,21,94,0,15"/><U60/><E22/><V125/><F37/><W43/><G122/><T52/><D114/><U71/><E113/><V120/><F116/><W112/><G112/><T117/><D30/><U23/><E23/><V54/><F120/><W109/><G109/><T121/><D121/><U86/><E6/><V76/><F31/><W28/><G28/><T67/><D7/><U18/><E18/><V88/><F125/><W56/><G126/><T55/><D67/><N who="1" m="41447" /><E86/><V118/><F118/><W108/><G108/><T85/><D55/><U40/><E79/><V49/><F62/><W11/><G134/><T128/><D128/><N who="1" m="49195" /><E42/><V106/><F106/><W91/><G11/><T135/><D87/><U3/><E3/><V14/><F2/><W102/><G91/><T68/><D119/><U58/><E58/><N who="2" m="33103" /><F80/><W63/><G43/><T100/><D117/><U27/><E27/><V104/><F104/><W24/><G0/><T36/><D41/><U69/><E69/><V45/><F45/><W57/><G57/><T93/><D68/><U127/><E127/><V17/><F5/><W66/><G51/><AGARI ba="0,0" hai="40,44,51,73,77,82,105,107" m="49195,41447" machi="51" ten="30,1500,0" yaku="19,1" doraHai="97" who="1" fromWho="3" sc="214,0,237,15,312,0,237,-15" /><INIT seed="1,1,0,2,1,105" ten="214,252,312,222" oya="1" hai0="128,11,97,13,56,102,66,50,69,71,93,73,106" hai1="36,43,29,100,7,115,2,35,118,5,125,53,10" hai2="133,85,26,74,109,60,94,70,101,49,132,64,22" hai3="104,33,1,99,130,45,65,12,24,55,3,15,6"/><U76/><E118/><V96/><F109/><W42/><G55/><T83/><D128/><U62/><E5/><V92/><F74/><W98/><G130/><T41/><D106/><U119/><E119/><V123/><F123/><W18/><G65/><T126/><D126/><U80/><E115/><V8/><F8/><N who="3" m="4119" /><G104/><T72/><D71/><U88/><E100/><V77/><F49/><W63/><G63/><T108/><D69/><U75/><E125/><V47/><F47/><W111/><G45/><T34/><D34/><U82/><E29/><V48/><F48/><W0/><G98/><T90/><D108/><U30/><E30/><V91/><F77/><W84/><G84/><T38/><D38/><U89/><E35/><V58/><REACH who="2" step="1"/><F70/><REACH who="2" ten="214,252,302,222" step="2"/><W39/><G39/><T59/><D72/><U19/><E82/><V51/><F51/><W17/><G42/><T25/><D41/><U78/><E78/><V79/><F79/><W134/><G111/><T86/><D83/><U135/><E43/><V81/><F81/><W67/><G134/><T16/><D50/><U61/><E135/><V44/><F44/><W116/><G116/><T32/><D11/><U113/><E36/><V9/><F9/><W57/><G57/><T87/><D59/><U14/><E62/><V31/><AGARI ba="1,1" hai="22,26,31,58,60,64,85,91,92,94,96,101,132,133" machi="31" ten="30,12000,2" yaku="1,1,0,1,25,2,53,2" doraHai="105" doraHaiUra="129" who="2" fromWho="2" sc="214,-31,252,-61,302,133,222,-31" /><INIT seed="2,0,0,2,0,8" ten="183,191,435,191" oya="2" hai0="113,127,27,134,9,32,7,79,94,129,49,120,57" hai1="28,108,29,16,74,106,67,13,34,37,12,3,122" hai2="115,111,46,103,0,135,4,71,11,83,101,117,91" hai3="109,6,78,35,21,105,48,81,42,77,86,2,110"/><V15/><F117/><W87/><G35/><T41/><D120/><U10/><E37/><V100/><F115/><W65/><G65/><T123/><D123/><U112/><E74/><V24/><F135/><W20/><G105/><T14/><D113/><U130/><E106/><V93/><F71/><W64/><G64/><T61/><D134/><U80/><E80/><V89/><F111/><N who="3" m="42507" /><G6/><T75/><D127/><U126/><E67/><V47/><F0/><W63/><G63/><T99/><D129/><U90/><E90/><V85/><REACH who="2" step="1"/><F24/><REACH who="2" ten="183,191,425,191" step="2"/><W88/><G2/><T128/><D27/><N who="1" m="18719" /><E108/><V76/><F76/><W40/><G78/><T51/><D79/><U59/><E112/><V43/><F43/><W98/><G42/><T58/><D41/><U125/><E122/><V39/><F39/><W5/><G40/><T18/><D128/><U95/><E130/><V97/><AGARI ba="0,1" hai="4,11,15,46,47,83,85,89,91,93,97,100,101,103" machi="97" ten="30,11700,0" yaku="1,1,0,1,8,1,52,1,53,0" doraHai="8" doraHaiUra="38" who="2" fromWho="2" sc="183,-39,191,-39,425,127,191,-39" /><INIT seed="2,1,0,1,0,76" ten="144,152,552,152" oya="2" hai0="128,2,123,101,105,115,85,49,55,132,46,26,18" hai1="14,73,63,111,122,50,9,104,99,135,41,11,47" hai2="58,96,131,54,79,117,92,83,28,74,133,106,59" hai3="95,12,38,22,68,10,80,4,94,6,60,67,37"/><V21/><F117/><W52/><G6/><T134/><D123/><U64/><E111/><V13/><F131/><W24/><G38/><T19/><D115/><U36/><E135/><N who="0" m="51753" /><D128/><U112/><E112/><V114/><F114/><W109/><G37/><T121/><D121/><U97/><E122/><V42/><F133/><W44/><G109/><T29/><D85/><U45/><E73/><V62/><F106/><W107/><G107/><T75/><D2/><U125/><E125/><V88/><F42/><W0/><G0/><T66/><D66/><U31/><E31/><V102/><F59/><W130/><G130/><T116/><D75/><U108/><E108/><V84/><F13/><W5/><G5/><T91/><D91/><U35/><E35/><V7/><F7/><W69/><G69/><T27/><D116/><U3/><E3/><V78/><REACH who="2" step="1"/><F74/><REACH who="2" ten="144,152,542,152" step="2"/><W129/><G4/><T61/><D105/><U56/><E104/><V77/><F77/><W86/><G12/><T43/><D43/><U87/><E14/><V39/><F39/><W100/><G129/><T16/><D27/><AGARI ba="1,1" hai="21,27,28,54,58,62,78,79,83,84,88,92,96,102" machi="27" ten="40,12000,1" yaku="1,1,8,1,52,1,54,1,53,1" doraHai="76" doraHaiUra="82" who="2" fromWho="0" sc="144,-123,152,0,542,133,152,0" /><INIT seed="2,2,0,2,1,81" ten="21,152,675,152" oya="2" hai0="130,82,20,59,61,131,8,77,84,132,11,120,37" hai1="133,40,39,91,1,38,14,6,13,134,10,54,46" hai2="95,55,126,89,92,27,103,5,99,100,58,25,33" hai3="4,47,72,129,34,115,45,15,71,90,19,24,122"/><V41/><F126/><W35/><G71/><T98/><D120/><U104/><E38/><V96/><F41/><W101/><G101/><T75/><D37/><U85/><E104/><V76/><F33/><W109/><G72/><T87/><D132/><N who="1" m="50795" /><E54/><V119/><F119/><W56/><G56/><T105/><D20/><U127/><E127/><V111/><F111/><W117/><G90/><T49/><D49/><U114/><E114/><V53/><F76/><W31/><G47/><T48/><D48/><U125/><E125/><V2/><F2/><W83/><G45/><T93/><D105/><U36/><E36/><V52/><F5/><W97/><G4/><T86/><D11/><U106/><E106/><V57/><F103/><W22/><G22/><T70/><D8/><U69/><E69/><V94/><F94/><AGARI ba="2,0" hai="1,6,10,13,14,39,40,46,85,91,94" m="50795" machi="94" ten="30,2000,0" yaku="20,1,52,1" doraHai="81" who="1" fromWho="2" sc="21,0,152,26,675,-26,152,0" /><INIT seed="3,0,0,3,1,52" ten="21,178,649,152" oya="3" hai0="46,11,67,94,117,73,129,86,16,110,17,25,26" hai1="69,54,39,15,77,112,122,92,107,13,53,7,80" hai2="127,133,55,57,30,44,121,10,79,70,51,47,88" hai3="37,75,113,109,23,19,29,84,31,50,102,24,42"/><W12/><G75/><T134/><D73/><U34/><E107/><V125/><F79/><W61/><G37/><T62/><D117/><U33/><E69/><V68/><F30/><W45/><G113/><T40/><D110/><U59/><E39/><V135/><F10/><W18/><G109/><T126/><D134/><N who="2" m="51210" /><F88/><W118/><G118/><T100/><D126/><N who="2" m="48138" /><F121/><W63/><G102/><T32/><D129/><U65/><E33/><V105/><F105/><W27/><G84/><T95/><D95/><U131/><E92/><V43/><F44/><W14/><G29/><T41/><D32/><U132/><E34/><V111/><F111/><W124/><G124/><T28/><D28/><U108/><E108/><V114/><F114/><W128/><G27/><T0/><D0/><U36/><E112/><V58/><F57/><W66/><G45/><T1/><D1/><U98/><E122/><V85/><F85/><W76/><G76/><T104/><D104/><U97/><E77/><V81/><F81/><W48/><G19/><T99/><D86/><U116/><E80/><V22/><F22/><W78/><G18/><N who="0" m="7275" /><D11/><U89/><E116/><V90/><F90/><W72/><G78/><T20/><D46/><U5/><E132/><V3/><F3/><W96/><G72/><T49/><D20/><U123/><E123/><V60/><AGARI ba="0,0" hai="43,47,51,55,58,60,68,70" m="48138,51210" machi="60" ten="30,8000,1" yaku="20,1,18,1,34,2,52,1" doraHai="52" who="2" fromWho="2" sc="21,-20,178,-20,649,80,152,-40" /><INIT seed="4,0,0,1,3,94" ten="1,158,729,112" oya="0" hai0="102,43,9,51,2,131,125,71,59,132,123,68,4" hai1="60,21,0,35,19,70,106,14,25,97,93,115,75" hai2="62,6,32,112,107,34,29,113,92,45,128,46,64" hai3="88,96,76,61,54,11,39,83,130,66,69,24,79"/><T104/><D123/><U50/><E75/><V80/><F107/><W10/><G39/><T100/><D132/><U67/><E0/><V120/><F120/><W86/><G130/><T36/><D131/><U5/><E115/><N who="2" m="44107" /><F128/><W74/><G54/><T53/><D125/><U116/><E116/><V49/><F6/><W38/><G38/><T40/><D102/><N who="1" m="62799" /><E93/><V73/><F92/><N who="3" m="56327" /><G69/><T117/><D117/><U124/><E50/><V56/><F29/><W57/><G74/><T101/><D43/><U44/><E44/><N who="2" m="17003" /><F49/><W72/><G72/><T105/><D40/><U58/><E5/><V33/><F33/><W91/><G24/><T1/><D36/><U122/><E122/><V20/><F20/><W23/><G23/><T13/><D101/><U12/><E35/><V48/><F48/><W108/><G108/><T31/><D31/><U77/><E70/><V114/><F114/><W78/><AGARI ba="0,0" hai="10,11,57,61,66,76,78,79,83,86,91" m="56327" machi="78" ten="30,4000,0" yaku="8,1,52,1,54,1" doraHai="94" who="3" fromWho="3" sc="1,-20,158,-10,729,-10,112,40" owari="-19,-52.0,148,-25.0,719,82.0,152,-5.0" /></mjloggm>