<mjloggm ver="2.3"><GO type="169" lobby="0"/><UN n0="%E3%83%AD%E3%83%B3%E3%82%88%E3%82%8A%E8%A8%BC%E6%8B%A0" n1="%E7%99%BD%E9%B9%BF%E6%84%9B%E8%8E%89" n2="%6D%61%63%6A%72" n3="%E3%83%88%E3%83%88%E3%83%AA%E5%85%88%E7%94%9F%31%39%E6%AD%B3" dan="17,18,18,19" rate="2193.22,2191.52,2280.68,2289.67" sx="M,F,M,F"/><TAIKYOKU oya="0"/><INIT seed="0,0,0,1,0,73" ten="250,250,250,250" oya="0" hai0="74,28,23,85,113,40,119,17,65,108,130,5,49" hai1="7,89,47,98,90,0,112,110,53,14,41,25,58" hai2="79,126,96,33,135,93,50,61,38,87,34,78,29" hai3="92,97,132,13,27,105,43,114,123,11,76,103,70"/><T15/><D74/><U30/><E0/><V64/><F38/><W10/><G114/><T57/><D113/><U60/><E110/><V101/><F126/><W63/><G132/><T133/><D119/><U134/><E134/><V51/><F135/><W121/><G43/><T59/><D133/><U46/><E112/><V9/><F9/><W55/><G92/><T109/><D130/><U128/><E128/><V116/><F116/><W31/><G76/><T69/><D69/><U131/><E131/><V84/><F34/><W124/><G124/><T4/><D28/><U71/><E71/><V2/><F2/><W22/><G10/><T62/><D85/><N who="2" m="32842" /><F33/><W104/><G104/><T18/><D18/><U117/><E117/><V77/><F29/><W37/><G37/><T1/><D1/><U16/><E7/><V82/><F82/><W75/><G75/><T6/><REACH who="0" step="1"/><D40/><REACH who="0" ten="240,250,250,250" step="2"/><U44/><E41/><V42/><F42/><W19/><G70/><T54/><AGARI ba="0,1" hai="4,5,6,15,17,23,49,54,57,59,62,65,108,109" machi="54" ten="40,7800,0" yaku="1,1,2,1,0,1,53,0" doraHai="73" doraHaiUra="83" who="0" fromWho="0" sc="240,88,250,-26,250,-26,250,-26" /><INIT seed="0,1,0,2,1,69" ten="328,224,224,224" oya="0" hai0="14,7,118,52,43,95,19,64,44,85,86,49,131" hai1="132,125,96,116,120,93,84,79,17,65,99,9,67" hai2="128,63,88,1,54,13,110,117,34,25,92,74,101" hai3="18,35,26,57,11,6,24,90,46,66,41,103,104"/><T112/><D112/><U5/><E116/><V111/><F1/><W100/><G104/><T83/><D118/><U106/><E120/><V8/><F117/><W33/><G90/><N who="0" m="53719" /><D131/><U77/><E106/><V10/><F74/><W22/><G57/><T12/><D64/><U126/><E132/><V91/><F128/><W28/><G66/><T47/><D7/><U31/><E31/><V78/><F78/><W39/><REACH who="3" step="1"/><G35/><REACH who="3" ten="328,224,224,214" step="2"/><T82/><D47/><U58/><E58/><N who="2" m="35287" /><F91/><W23/><G23/><N who="0" m="11751" /><D14/><AGARI ba="1,1" hai="6,11,14,18,22,24,26,28,33,39,41,46,100,103" machi="14" ten="30,3900,0" yaku="1,1,7,1,52,1,53,0" doraHai="69" doraHaiUra="60" who="3" fromWho="0" sc="328,-42,224,0,224,0,214,52" /><INIT seed="1,0,0,0,5,33" ten="286,224,224,266" oya="1" hai0="32,126,116,43,19,54,95,127,132,133,29,38,104" hai1="37,70,71,17,108,73,84,64,6,27,30,65,109" hai2="113,89,41,21,22,16,91,80,100,111,60,3,72" hai3="87,124,129,98,128,39,105,40,110,97,125,25,115"/><U75/><E37/><V53/><F111/><N who="1" m="42569" /><E6/><V94/><F113/><W134/><G110/><T42/><D104/><U82/><E17/><V49/><F3/><W67/><G67/><N who="1" m="25674" /><E84/><N who="2" m="50311" /><F72/><N who="1" m="27721" /><E82/><V8/><F100/><W76/><G39/><T26/><D116/><U77/><E77/><V107/><F107/><W1/><G105/><T122/><D122/><U5/><E5/><V99/><F8/><W0/><G87/><T114/><D114/><U101/><E101/><V51/><F16/><W4/><G4/><T50/><D19/><U117/><E117/><V55/><F41/><W48/><G115/><T131/><D43/><U90/><E90/><V52/><F60/><W83/><G83/><T44/><D42/><U13/><E13/><V119/><F119/><W7/><G7/><T12/><D12/><U28/><E27/><V103/><F103/><W74/><G25/><T81/><D81/><U78/><E78/><V88/><F91/><W120/><G76/><T20/><D38/><U10/><E10/><V62/><F62/><W24/><G24/><T36/><D36/><U121/><E121/><V47/><F53/><W93/><G74/><T23/><D26/><U57/><E57/><AGARI ba="0,0" hai="21,22,47,49,51,52,55,57,88,94,99" m="50311" machi="57" ten="30,3900,0" yaku="8,1,54,2" doraHai="33" who="2" fromWho="1" sc="286,0,224,-39,224,39,266,0" /><INIT seed="2,0,0,0,1,12" ten="286,185,263,266" oya="2" hai0="86,44,65,125,87,104,60,118,11,18,124,112,51" hai1="47,101,43,79,127,61,107,23,135,126,8,14,26" hai2="75,31,13,71,84,9,98,3,10,69,77,66,41" hai3="114,70,80,94,108,19,17,76,121,24,27,39,34"/><V119/><F119/><W72/><G121/><T99/><D112/><U52/><E135/><V89/><F75/><W42/><G70/><T73/><D73/><U48/><E79/><V105/><F66/><W36/><G114/><T92/><D104/><U5/><E101/><V56/><F77/><W6/><G108/><T63/><D118/><U128/><E107/><V106/><F31/><W49/><G49/><T115/><D115/><U85/><E85/><V78/><F78/><W123/><G123/><T81/><D87/><U2/><E2/><V55/><F41/><W83/><G94/><T129/><D86/><U32/><E32/><V88/><F9/><W15/><G80/><T122/><D81/><U110/><E128/><V7/><F3/><W64/><G64/><T58/><D63/><U109/><E61/><V59/><F59/><W33/><G6/><T20/><D11/><U30/><REACH who="1" step="1"/><E43/><REACH who="1" ten="286,175,263,266" step="2"/><V46/><F105/><W68/><G34/><T103/><D129/><U22/><E22/><V74/><F74/><W37/><G42/><T53/><REACH who="0" step="1"/><D122/><REACH who="0" ten="276,175,263,266" step="2"/><U120/><E120/><V93/><F106/><W117/><G72/><T1/><D1/><U54/><E54/><V100/><F84/><W116/><G116/><T35/><D35/><U4/><E4/><V132/><F7/><W90/><G117/><T0/><D0/><U111/><AGARI ba="0,2" hai="5,8,14,23,26,30,47,48,52,109,110,111,126,127" machi="111" ten="40,8000,1" yaku="1,1,0,1,14,1,54,1,53,0" doraHai="12" doraHaiUra="62" who="1" fromWho="1" sc="276,-20,175,100,263,-40,266,-20" /><INIT seed="3,0,0,3,4,43" ten="256,275,223,246" oya="3" hai0="63,26,123,17,106,128,76,120,41,1,117,103,88" hai1="70,32,127,49,34,126,125,23,87,93,84,56,46" hai2="78,130,74,4,68,67,6,90,72,77,110,85,75" hai3="28,2,98,38,133,94,7,55,119,95,124,53,16"/><W37/><G119/><T66/><D117/><U71/><E56/><V116/><F116/><W109/><G133/><T24/><D1/><U92/><E23/><V101/><F68/><N who="1" m="26153" /><E92/><V105/><F67/><W118/><G118/><T122/><D128/><U64/><E64/><V69/><F69/><W48/><G124/><T131/><D131/><U3/><E3/><V8/><F6/><W18/><G109/><T45/><D76/><N who="2" m="29290" /><F8/><W114/><G114/><T129/><D129/><U15/><E93/><N who="2" m="54479" /><F4/><W50/><G7/><T102/><D17/><U30/><E15/><V14/><F14/><W20/><G2/><T91/><D63/><U31/><E31/><V51/><F51/><W96/><G28/><T111/><D66/><U115/><E115/><V81/><F130/><W107/><G107/><T21/><D111/><U89/><E89/><V12/><F12/><W132/><G132/><T9/><D9/><U42/><E32/><V25/><F25/><AGARI ba="0,0" hai="25,30,34,42,46,49,84,87,125,126,127" m="26153" machi="25" ten="40,2600,0" yaku="18,1,52,1" doraHai="43" who="1" fromWho="2" sc="256,0,275,26,223,-26,246,0" /><INIT seed="4,0,0,4,4,110" ten="256,301,197,246" oya="0" hai0="10,34,117,103,48,119,120,40,33,28,8,115,53" hai1="54,118,0,97,113,127,134,3,24,25,128,133,43" hai2="20,18,4,68,14,86,76,98,123,55,108,130,96" hai3="22,26,85,37,101,92,63,121,122,32,93,36,64"/><T109/><D120/><N who="3" m="46185" /><G32/><T95/><D109/><U5/><E43/><V49/><F123/><W57/><G85/><T75/><D75/><U6/><E97/><V74/><F108/><W58/><G58/><T13/><D40/><U19/><E54/><V90/><F130/><W17/><G101/><T9/><D13/><U84/><E84/><V45/><F68/><W42/><G42/><T111/><D111/><U94/><E94/><AGARI ba="0,0" hai="17,22,26,36,37,57,63,64,92,93,94" m="46185" machi="94" ten="30,1000,0" yaku="13,1" doraHai="110" who="3" fromWho="1" sc="256,0,301,-10,197,0,246,10" /><INIT seed="5,0,0,2,3,12" ten="256,291,197,256" oya="1" hai0="49,64,110,25,70,63,19,55,93,100,134,86,135" hai1="0,122,96,36,2,67,59,69,124,27,77,88,89" hai2="30,29,14,34,95,80,116,72,87,84,101,127,128" hai3="107,112,9,47,40,21,91,99,44,6,121,17,58"/><U123/><E69/><V83/><F116/><W53/><G121/><T109/><D100/><U7/><E36/><V26/><F127/><W129/><G112/><T39/><D39/><U75/><E124/><V10/><F128/><W104/><G129/><T43/><D43/><U131/><E131/><V51/><F30/><W78/><G78/><T23/><D93/><U90/><E96/><V48/><F72/><W50/><G91/><T16/><D86/><U130/><E130/><V103/><F83/><W57/><G57/><T60/><D60/><U61/><E27/><V46/><F84/><W11/><G47/><T52/><D55/><U62/><E62/><V118/><F95/><W102/><G6/><T42/><D42/><U74/><E7/><V114/><F114/><W98/><G98/><T31/><D110/><U33/><E33/><V54/><F48/><W94/><G107/><T85/><D85/><U56/><E89/><V92/><F92/><W97/><G97/><T4/><D4/><U115/><E61/><V20/><F34/><W73/><G73/><T82/><D82/><U37/><E37/><V68/><F68/><W120/><G120/><T41/><D41/><U125/><E125/><V18/><REACH who="2" step="1"/><F118/><REACH who="2" ten="256,291,187,256" step="2"/><W117/><G117/><T35/><D109/><U22/><E115/><V66/><F66/><W65/><G65/><T119/><D119/><U113/><E113/><V1/><F1/><W24/><G94/><T132/><D35/><U5/><E67/><V76/><AGARI ba="0,1" hai="10,14,18,20,26,29,46,51,54,76,80,87,101,103" machi="76" ten="20,12000,2" yaku="1,1,0,1,7,1,8,1,52,1,53,1" doraHai="12" doraHaiUra="8" who="2" fromWho="2" sc="256,-30,291,-60,187,130,256,-30" /><INIT seed="6,0,0,0,5,115" ten="226,231,317,226" oya="2" hai0="108,50,4,13,112,102,45,99,76,95,31,84,94" hai1="9,55,28,129,78,98,18,67,107,85,69,37,32" hai2="16,97,5,53,0,83,100,61,116,105,73,111,96" hai3="26,93,130,3,2,75,52,86,6,48,87,117,89"/><V46/><F116/><W127/><G75/><T20/><D108/><U80/><E37/><V62/><F111/><W49/><G117/><T58/><D112/><U120/><E120/><V119/><F119/><W8/><G130/><T113/><D113/><U110/><E110/><V91/><F97/><W70/><G70/><T90/><D76/><U128/><E55/><V54/><F5/><W44/><G127/><T74/><D74/><U60/><E18/><V59/><F0/><W12/><G87/><T21/><D58/><U125/><E9/><V47/><F16/><W15/><G2/><T63/><D63/><U51/><E51/><V122/><F122/><W65/><G65/><T126/><D126/><U56/><E56/><V77/><F91/><W124/><G124/><T134/><D134/><U64/><E64/><V11/><F11/><W132/><G132/><T101/><D101/><N who="1" m="62903" /><E125/><V121/><F121/><W24/><REACH who="3" step="1"/><G49/><REACH who="3" ten="226,231,317,216" step="2"/><T43/><D31/><U29/><E28/><V25/><F73/><W114/><G114/><T27/><D27/><AGARI ba="0,1" hai="27,29,32,60,67,69,78,80,85,128,129" m="62903" machi="27" ten="30,1000,0" yaku="25,1" doraHai="115" who="1" fromWho="0" sc="226,-10,231,20,317,0,216,0" /><AGARI ba="0,0" hai="3,6,8,12,15,24,26,27,44,48,52,86,89,93" machi="27" ten="40,2600,0" yaku="1,1,54,1,53,0" doraHai="115" doraHaiUra="133" who="3" fromWho="0" sc="216,-26,251,0,317,0,216,26" /><INIT seed="7,0,0,0,4,126" ten="190,251,317,242" oya="3" hai0="11,55,31,22,27,77,1,18,24,73,109,127,128" hai1="56,90,93,75,53,57,45,116,34,124,20,121,44" hai2="48,82,106,118,108,97,64,81,28,60,33,68,61" hai3="54,66,49,25,134,79,2,89,13,131,50,15,130"/><W65/><G2/><T78/><D109/><U83/><E34/><V76/><F108/><W135/><G79/><T41/><D73/><U52/><E121/><V5/><F61/><W103/><G89/><T4/><D41/><U42/><E124/><V123/><F5/><W85/><G85/><T26/><D127/><U104/><E104/><V102/><F48/><N who="3" m="18539" /><G54/><N who="1" m="21098" /><E75/><N who="2" m="43167" /><F82/><W8/><G25/><T110/><D55/><U125/><E125/><V94/><F94/><W10/><G103/><T71/><D71/><U88/><E116/><V51/><F51/><W46/><G46/><N who="1" m="18026" /><E42/><V6/><F123/><W107/><G107/><T117/><D117/><U113/><E113/><V47/><F47/><W19/><G65/><T99/><D110/><U63/><E63/><V29/><F60/><W35/><G35/><T58/><D58/><U95/><E83/><V101/><F106/><W100/><G100/><T80/><D80/><U84/><E20/><V111/><F33/><W67/><G67/><T119/><D119/><U17/><E17/><V3/><F111/><W120/><G66/><T40/><D40/><U14/><E14/><V72/><F72/><W43/><G43/><T70/><D70/><U32/><E32/><V0/><F0/><W122/><G122/><T9/><D26/><U115/><E115/><V7/><F64/><W39/><G120/><T62/><D62/><U12/><E12/><V87/><F3/><W114/><G13/><N who="0" m="7487" /><D27/><U133/><E56/><V86/><F68/><W69/><G69/><T37/><D37/><U74/><E57/><V36/><F118/><W96/><G114/><RYUUKYOKU ba="0,0" sc="190,0,251,0,317,0,242,0" owari="190,-31.0,251,5.0,317,42.0,242,-16.0" /></mjloggm>