<mjloggm ver="2.3"><GO type="225" lobby="0"/><UN n0="%53%65%6E%61%72" n1="%E3%82%AD%E3%83%A0%E3%83%A9%E3%83%86" n2="%E3%82%A6%E3%83%AB%E3%83%88%E3%83%A9%E7%AB%8B%E7%9B%B4" n3="%E6%B3%95%E6%94%BF%E5%A4%A7%E5%AD%A6%EF%BC%93%E5%B9%B4" dan="17,16,17,16" rate="2120.36,2054.03,2106.89,2145.40" sx="M,M,M,M"/><TAIKYOKU oya="0"/><INIT seed="0,0,0,2,0,14" ten="250,250,250,250" oya="0" hai0="74,62,48,106,65,97,10,26,33,39,20,56,19" hai1="129,23,9,95,124,84,130,79,115,101,125,70,109" hai2="99,89,94,133,49,55,64,27,61,77,25,128,102" hai3="72,83,46,110,36,92,32,41,108,17,53,66,100"/><T47/><D74/><U12/><E70/><V15/><F128/><N who="1" m="49257" /><E109/><N who="3" m="42090" /><G32/><T118/><D118/><U4/><E115/><V127/><F127/><N who="1" m="48713" /><E23/><V113/><F113/><W107/><G107/><T93/><D106/><U6/><E79/><V38/><F38/><W45/><G66/><T7/><D33/><U126/><N who="1" m="48721" /><U119/><DORA hai="63" /><E119/><V87/><F77/><N who="3" m="44455" /><G17/><T13/><D39/><U86/><E4/><V37/><F37/><W121/><G121/><T96/><D93/><U75/><E75/><V11/><F94/><W59/><G46/><T112/><D112/><U60/><E60/><V103/><F61/><N who="3" m="36079" /><G92/><T30/><D7/><U51/><E51/><V50/><F49/><W90/><G100/><T104/><D104/><U85/><E101/><V78/><F102/><W28/><G28/><T29/><D30/><U42/><E42/><AGARI ba="0,0" hai="10,13,19,20,26,29,42,47,48,56,62,65,96,97" machi="42" ten="30,11600,0" yaku="7,1,8,1,52,2" doraHai="14,63" who="0" fromWho="1" sc="250,116,250,-116,250,0,250,0" /><INIT seed="0,1,0,0,4,123" ten="366,134,250,250" oya="0" hai0="16,66,54,73,12,47,92,49,93,69,27,8,43" hai1="135,30,134,62,52,101,86,76,117,84,133,127,60" hai2="33,63,91,17,50,124,15,32,59,103,95,9,24" hai3="131,34,129,51,53,67,72,125,3,37,119,4,87"/><T121/><D121/><U83/><E117/><V61/><F124/><W23/><G72/><T39/><D73/><U35/><E127/><V107/><F107/><W89/><G34/><T128/><D128/><N who="3" m="49225" /><G125/><T99/><D27/><N who="1" m="18911" /><E101/><V55/><F103/><W6/><G37/><T22/><D22/><U11/><E11/><V77/><F77/><W45/><G119/><T31/><D31/><U58/><E84/><V98/><F63/><AGARI ba="1,0" hai="52,58,60,62,63,76,83,86,133,134,135" m="18911" machi="63" ten="30,2000,0" yaku="20,1,54,1" doraHai="123" who="1" fromWho="2" sc="366,0,134,23,250,-23,250,0" /><INIT seed="1,0,0,5,5,95" ten="366,157,227,250" oya="1" hai0="102,76,130,28,97,49,78,67,33,17,64,62,5" hai1="26,99,74,85,60,15,118,24,10,135,124,133,98" hai2="53,131,57,134,77,47,36,50,44,117,63,128,39" hai3="79,2,0,4,75,89,100,123,27,111,87,108,61"/><U29/><E74/><V66/><F77/><W110/><G123/><T113/><D113/><U13/><E118/><V107/><F107/><W20/><G4/><T1/><D130/><N who="2" m="49706" /><F117/><W46/><G100/><T3/><D17/><N who="1" m="8375" /><E124/><V51/><F134/><N who="1" m="51209" /><E85/><V31/><F31/><W94/><G46/><T82/><D49/><U132/><N who="1" m="51217" /><U34/><DORA hai="88" /><E26/><V14/><F14/><W41/><G41/><AGARI ba="0,0" hai="36,39,41,44,47,50,51,53,57,63,66" m="49706" machi="41" ten="30,3900,0" yaku="19,1,34,2" doraHai="95,88" who="2" fromWho="3" sc="366,0,157,0,227,39,250,-39" /><INIT seed="2,0,0,1,5,11" ten="366,157,266,211" oya="2" hai0="59,91,60,66,42,114,21,23,51,30,22,34,125" hai1="123,117,72,26,53,104,133,57,67,74,129,63,47" hai2="52,50,107,96,93,105,6,78,14,110,16,0,89" hai3="121,39,65,43,80,116,135,118,15,27,111,70,100"/><V95/><F110/><W28/><G121/><T101/><D114/><U48/><E104/><V31/><F31/><W106/><G111/><T10/><D125/><U44/><E117/><V62/><F62/><N who="3" m="40247" /><G80/><T38/><D38/><U131/><E123/><V120/><F120/><W73/><G73/><T92/><D101/><U3/><E3/><V82/><F95/><W19/><G43/><T128/><D128/><N who="1" m="49227" /><E133/><V112/><F6/><W4/><G4/><T49/><D10/><U126/><E126/><V76/><F0/><W8/><G39/><T102/><D102/><U108/><E108/><V113/><F107/><W12/><G12/><T132/><D132/><U127/><E127/><V46/><F105/><W130/><G135/><T55/><D34/><U25/><E47/><V54/><F54/><W87/><G87/><N who="0" m="52351" /><D42/><U2/><E2/><V13/><F13/><W69/><G69/><T124/><D124/><U81/><E81/><V109/><F109/><W61/><G61/><T122/><D122/><U103/><E103/><V85/><F78/><W58/><G58/><N who="0" m="37143" /><D49/><U7/><E7/><V90/><F76/><W71/><G71/><T9/><D9/><AGARI ba="0,0" hai="9,14,16,46,50,52,82,85,89,90,93,96,112,113" machi="9" ten="30,18000,2" yaku="7,1,25,2,52,1,54,2" doraHai="11" who="2" fromWho="0" sc="366,-180,157,0,266,180,211,0" /><INIT seed="2,1,0,0,0,60" ten="186,157,446,211" oya="2" hai0="51,78,37,58,61,94,22,100,119,76,38,70,92" hai1="109,128,0,127,80,113,49,102,62,71,36,48,28" hai2="13,64,23,34,135,69,43,66,120,98,53,114,85" hai3="110,91,20,46,67,82,3,123,124,1,26,65,103"/><V19/><F120/><W99/><G123/><T96/><D119/><U33/><E113/><V72/><F72/><W16/><G110/><T47/><D70/><U84/><E36/><V55/><F34/><W104/><G124/><T12/><D92/><U122/><E0/><V116/><F69/><W30/><G46/><T2/><D2/><U7/><E7/><V52/><F116/><W79/><G3/><T6/><D38/><U105/><E109/><V81/><F114/><W111/><G1/><T59/><D37/><U73/><E73/><V17/><F135/><W27/><G91/><T41/><D59/><U44/><E44/><V121/><F121/><W129/><G129/><T39/><D39/><U56/><E127/><V57/><F57/><W50/><G50/><T14/><D22/><U9/><E9/><N who="2" m="6319" /><F98/><W68/><G68/><T112/><D112/><U88/><E128/><V15/><F43/><W21/><G111/><T107/><D107/><U29/><E122/><V11/><F11/><W90/><G90/><AGARI ba="1,0" hai="15,19,23,52,53,55,64,66,81,85,90" m="6319" machi="90" ten="30,11600,0" yaku="8,1,52,2,54,1" doraHai="60" who="2" fromWho="3" sc="186,0,157,0,446,119,211,-119" /><INIT seed="2,2,0,2,0,97" ten="186,157,565,92" oya="2" hai0="29,62,19,66,37,58,32,55,54,52,107,61,39" hai1="100,109,35,68,17,104,40,92,120,65,122,73,14" hai2="5,22,128,2,105,51,129,102,33,81,20,16,94" hai3="91,11,115,88,87,80,135,71,23,83,64,69,0"/><V59/><F33/><W101/><G135/><T43/><D107/><U45/><E73/><V85/><F105/><W42/><G115/><T114/><D19/><U21/><E109/><V8/><F51/><W84/><G42/><T119/><D29/><U124/><E124/><V24/><F59/><W46/><G46/><N who="0" m="23935" /><D32/><U41/><E35/><V47/><F47/><W127/><G127/><T112/><D119/><U13/><E104/><V98/><REACH who="2" step="1"/><F22/><REACH who="2" ten="186,157,555,92" step="2"/><W110/><G110/><T78/><D37/><U31/><E45/><V89/><AGARI ba="2,1" hai="2,5,8,16,20,24,81,85,89,94,98,102,128,129" machi="89" ten="30,12000,1" yaku="1,1,2,1,0,1,52,1,54,1,53,0" doraHai="97" doraHaiUra="49" who="2" fromWho="2" sc="186,-42,157,-42,555,136,92,-42" /><INIT seed="2,3,0,2,5,71" ten="144,115,691,50" oya="2" hai0="80,122,78,76,28,41,8,84,135,38,40,12,114" hai1="43,14,81,96,93,92,16,106,99,13,17,105,130" hai2="21,10,5,74,30,39,62,132,70,79,86,20,103" hai3="116,57,51,1,119,121,4,55,126,49,109,100,37"/><V75/><F132/><W82/><G121/><T18/><D122/><U65/><E65/><V129/><F129/><W124/><G100/><T35/><D114/><U23/><E130/><V88/><F103/><W42/><G4/><T64/><D135/><U24/><E43/><V46/><F30/><W85/><G1/><T102/><D102/><N who="1" m="60687" /><E106/><V91/><F62/><W111/><G51/><T117/><D117/><N who="3" m="45129" /><G85/><T11/><D64/><U107/><E105/><V7/><F70/><W134/><G82/><T67/><D67/><U77/><E17/><V60/><F60/><W125/><G134/><T89/><D11/><U29/><E107/><V47/><F10/><W44/><AGARI ba="3,0" hai="37,42,44,49,55,57,109,111,124,125,126" m="45129" machi="44" ten="40,8000,1" yaku="18,1,34,2,52,1" doraHai="71" who="3" fromWho="3" sc="144,-23,115,-23,691,-43,50,89" /><INIT seed="3,0,0,2,3,55" ten="121,92,648,139" oya="3" hai0="84,81,105,11,86,96,72,98,110,113,127,17,67" hai1="131,56,4,64,58,43,0,54,94,104,62,50,2" hai2="33,119,52,42,47,16,63,125,85,22,103,121,66" hai3="10,102,57,59,114,19,8,32,118,109,99,93,134"/><W41/><G114/><T12/><D113/><U30/><E104/><V24/><F33/><W69/><G69/><T51/><D110/><U80/><E131/><V1/><F1/><W135/><G32/><T35/><D35/><U108/><E108/><V106/><F119/><W126/><G109/><T45/><D127/><U37/><E30/><V9/><F106/><W5/><G118/><T23/><D72/><U89/><E80/><V48/><F103/><W13/><G41/><N who="0" m="25007" /><D105/><U31/><E31/><V88/><F9/><W14/><REACH who="3" step="1"/><G126/><REACH who="3" ten="121,92,648,129" step="2"/><T122/><D122/><U132/><E132/><AGARI ba="0,1" hai="5,8,10,13,14,19,57,59,93,99,102,132,134,135" machi="132" ten="40,12000,1" yaku="1,1,2,1,20,1,52,2,53,0" doraHai="55" doraHaiUra="100" who="3" fromWho="1" sc="121,0,92,-120,648,0,129,130" owari="121,-28.0,-28,-53.0,648,75.0,259,6.0" /></mjloggm>