<mjloggm ver="2.3"><GO type="169" lobby="0"/><UN n0="%E3%83%88%E3%83%88%E3%83%AA%E5%85%88%E7%94%9F%31%39%E6%AD%B3" n1="%E6%97%85%E4%BA%BA%E3%81%A1%E3%82%88%E3%81%99%E3%81%91" n2="%E3%82%8F%E3%81%9F%E5%9D%8A%E2%98%86" n3="%57%49%4E%E7%A5%9E" dan="19,17,16,16" rate="2293.56,2167.81,2156.47,2079.60" sx="F,M,M,M"/><TAIKYOKU oya="0"/><INIT seed="0,0,0,2,1,108" ten="250,250,250,250" oya="0" hai0="71,11,116,53,115,82,101,42,72,111,106,29,13" hai1="81,66,12,36,100,23,74,105,125,20,35,45,109" hai2="40,65,89,122,46,80,79,55,92,8,10,62,102" hai3="31,130,121,5,3,98,99,44,85,26,43,123,120"/><T58/><D116/><U34/><E109/><V49/><F122/><W90/><G130/><T68/><D111/><U17/><E125/><V24/><F102/><W119/><G119/><T56/><D115/><U6/><E66/><V117/><F117/><W59/><G59/><T51/><D29/><U118/><E118/><V128/><F128/><W60/><G60/><T70/><D42/><U96/><E36/><V33/><F33/><N who="3" m="20727" /><G5/><T57/><D101/><U83/><E45/><V94/><F24/><W104/><G3/><T103/><D103/><U114/><E20/><V107/><F107/><W129/><G104/><T1/><D1/><U38/><E38/><V47/><F47/><W22/><G22/><T131/><D106/><U127/><E127/><V88/><F55/><W126/><G126/><T48/><D131/><U41/><E41/><V30/><F30/><W93/><G129/><T7/><REACH who="0" step="1"/><D53/><REACH who="0" ten="240,250,250,250" step="2"/><U4/><E35/><V84/><F40/><W39/><AGARI ba="0,1" hai="39,43,44,85,90,93,98,99,120,121,123" m="20727" machi="39" ten="30,1100,0" yaku="13,1" doraHai="108" who="3" fromWho="3" sc="240,-5,250,-3,250,-3,250,21" /><INIT seed="1,0,0,3,0,118" ten="235,247,247,271" oya="1" hai0="60,90,32,9,99,112,126,27,58,59,7,82,113" hai1="73,93,104,117,17,42,8,41,76,94,131,38,48" hai2="123,15,0,70,98,47,64,133,92,50,69,116,132" hai3="114,56,85,12,75,68,83,91,13,129,77,3,119"/><U89/><E117/><V121/><F0/><W10/><G119/><T24/><D126/><U134/><E104/><V1/><F1/><W102/><G68/><T40/><D40/><U20/><E38/><V26/><F116/><W115/><G129/><T125/><D125/><U80/><E131/><V71/><F26/><W101/><G3/><T62/><D99/><U55/><E8/><V31/><F31/><W122/><G122/><T2/><D90/><U111/><E134/><N who="2" m="51819" /><F15/><W135/><G135/><T5/><D82/><U100/><E100/><N who="2" m="60487" /><F64/><W107/><G115/><T65/><D7/><U72/><E72/><V22/><F22/><W74/><G114/><T103/><D103/><U105/><E105/><V97/><F97/><W36/><G107/><T78/><D27/><U35/><E35/><V29/><F29/><W14/><G12/><T23/><D32/><U110/><E94/><V25/><F25/><W49/><G14/><T106/><D106/><U21/><E21/><V57/><F57/><W79/><G56/><T86/><D59/><N who="1" m="33255" /><E20/><V61/><F61/><W43/><G13/><T96/><D96/><N who="1" m="57391" /><E17/><V88/><F88/><W128/><G91/><T124/><D62/><U34/><E34/><V63/><F63/><W45/><G128/><T44/><D124/><U4/><E4/><V95/><F95/><W52/><G102/><T130/><D130/><U53/><E73/><V87/><F87/><W46/><G75/><T11/><D11/><U54/><E80/><V28/><F28/><W30/><G74/><T16/><D44/><N who="3" m="17001" /><G83/><N who="0" m="47479" /><D113/><U67/><E67/><V37/><F37/><RYUUKYOKU ba="0,0" sc="235,15,247,-15,247,15,271,-15" hai0="2,5,9,16,23,24,58,60,65,112" hai2="47,50,69,70,71,121,123" /><INIT seed="2,1,0,0,3,110" ten="250,232,262,256" oya="2" hai0="86,129,14,65,59,119,5,27,21,43,70,87,102" hai1="84,7,48,75,2,47,20,112,63,130,16,69,42" hai2="33,111,121,116,72,61,125,98,80,131,91,76,52" hai3="114,8,1,4,45,79,36,37,117,93,41,133,13"/><V68/><F33/><W12/><G117/><T78/><D70/><U103/><E75/><V46/><F121/><W23/><G133/><T44/><D119/><U100/><E130/><V94/><F116/><W9/><G79/><T55/><D129/><U101/><E112/><V92/><F131/><W66/><G114/><T17/><D65/><U122/><E122/><V56/><F111/><W38/><G66/><T104/><D78/><U57/><E69/><V83/><F68/><W108/><G108/><T96/><D5/><U18/><E7/><V118/><F118/><W109/><G109/><T62/><REACH who="0" step="1"/><D27/><REACH who="0" ten="240,232,262,256" step="2"/><U85/><E2/><V135/><F135/><W49/><G1/><T77/><D77/><U120/><E120/><V64/><F125/><W25/><G4/><T95/><D95/><U28/><E28/><V10/><F76/><W3/><G93/><T26/><D26/><N who="1" m="14599" /><E18/><V19/><F72/><W132/><G3/><T35/><D35/><U89/><E89/><V128/><F92/><W6/><G132/><T15/><D15/><U115/><E115/><V67/><F67/><AGARI ba="1,1" hai="42,47,48,57,63,67,84,85,100,101,103" m="14599" machi="67" ten="30,2000,0" yaku="8,1,54,1" doraHai="110" who="1" fromWho="2" sc="240,0,232,33,262,-23,256,0" /><INIT seed="3,0,0,2,4,35" ten="240,265,239,256" oya="3" hai0="16,118,10,4,1,119,69,40,75,27,54,17,6" hai1="114,67,130,112,41,59,45,51,113,56,97,85,68" hai2="21,39,134,72,102,83,12,76,109,116,18,42,60" hai3="2,57,127,3,65,88,123,80,74,87,82,0,111"/><W89/><G123/><T55/><D75/><U50/><E85/><V108/><F116/><N who="0" m="44586" /><D54/><N who="1" m="31839" /><E97/><V14/><F102/><W64/><G127/><T120/><D40/><U71/><E130/><V38/><F134/><W19/><G111/><N who="2" m="42569" /><F42/><W36/><G36/><N who="2" m="13865" /><F60/><AGARI ba="0,0" hai="41,45,50,59,60,67,68,71,112,113,114" m="31839" machi="60" ten="30,2000,0" yaku="34,2" doraHai="35" who="1" fromWho="2" sc="240,0,265,20,239,-20,256,0" /><INIT seed="4,0,0,1,3,122" ten="240,285,219,256" oya="0" hai0="99,76,27,17,22,124,5,43,4,121,42,54,63" hai1="65,103,134,53,69,92,16,117,23,11,66,129,60" hai2="107,72,97,100,88,102,56,71,33,86,130,82,31" hai3="51,52,120,58,87,28,83,110,19,59,41,40,126"/><T70/><D121/><U24/><E117/><V46/><F71/><W25/><G120/><T123/><D123/><U39/><E39/><V113/><F113/><W127/><G110/><T7/><D124/><N who="3" m="47657" /><G19/><T114/><D114/><U20/><E134/><V104/><F46/><W108/><G108/><T95/><D76/><U18/><E129/><V34/><F130/><W35/><G58/><N who="0" m="35287" /><D70/><U9/><E65/><V3/><F3/><W0/><G0/><T85/><D85/><U119/><E53/><V94/><F56/><W44/><G59/><T12/><D12/><U61/><E61/><V8/><F8/><W6/><G6/><N who="0" m="1539" /><T74/><DORA hai="112" /><D74/><U109/><E119/><V78/><REACH who="2" step="1"/><F31/><REACH who="2" ten="240,285,209,256" step="2"/><W128/><G128/><T98/><D98/><AGARI ba="0,1" hai="33,34,72,78,82,86,88,94,97,98,100,102,104,107" machi="98" ten="40,12000,2" yaku="1,1,2,1,9,1,24,2,54,1,53,0" doraHai="122,112" doraHaiUra="37,55" who="2" fromWho="0" sc="240,-120,285,0,209,130,256,0" /><INIT seed="5,0,0,4,5,78" ten="120,285,339,256" oya="1" hai0="106,107,133,10,118,82,92,63,85,3,71,7,132" hai1="116,1,51,102,50,21,73,97,81,47,114,20,38" hai2="77,35,59,48,13,135,33,86,117,41,96,134,46" hai3="128,88,120,75,57,79,119,55,76,29,22,9,60"/><U40/><E116/><V49/><F117/><W115/><G119/><T123/><D118/><RYUUKYOKU type="kaze4" ba="0,0" sc="120,0,285,0,339,0,256,0" /><INIT seed="5,1,0,3,3,34" ten="120,285,339,256" oya="1" hai0="42,55,50,131,120,97,20,23,9,96,37,43,107" hai1="21,104,65,134,111,99,41,128,64,133,74,84,24" hai2="116,38,110,78,14,59,87,32,103,101,118,49,36" hai3="46,66,135,48,25,18,88,119,60,22,63,51,92"/><U33/><E74/><V79/><F32/><W17/><G135/><N who="1" m="51722" /><E33/><V114/><F110/><W16/><G119/><T102/><D131/><U35/><E35/><V6/><F114/><W69/><G63/><T57/><D120/><U129/><E111/><V2/><F14/><W28/><REACH who="3" step="1"/><G46/><REACH who="3" ten="120,285,339,246" step="2"/><T68/><D68/><U121/><E121/><V61/><F61/><W127/><G127/><T44/><D42/><U5/><E41/><V132/><F132/><W47/><G47/><T27/><D27/><U93/><E129/><V95/><F116/><W56/><G56/><T83/><D83/><U45/><E45/><V94/><F59/><W125/><G125/><T13/><REACH who="0" step="1"/><D97/><AGARI ba="1,1" hai="16,17,18,22,25,28,48,51,60,66,69,88,92,97" machi="97" ten="40,5200,0" yaku="1,1,54,2,53,0" doraHai="34" doraHaiUra="0" who="3" fromWho="0" sc="120,-55,285,0,339,0,246,65" /><INIT seed="6,0,0,3,3,21" ten="65,285,339,311" oya="2" hai0="76,79,35,110,115,16,15,116,89,126,44,86,5" hai1="13,104,67,60,14,43,48,108,37,117,7,113,62" hai2="32,41,75,29,128,88,51,39,25,102,85,111,121" hai3="31,132,11,120,47,52,103,20,93,80,105,96,53"/><V81/><F121/><W125/><G120/><T4/><D110/><U56/><E108/><V65/><F111/><W8/><G132/><T18/><D35/><U98/><E117/><V63/><F128/><W133/><G133/><T30/><D116/><U57/><E37/><V34/><F75/><W92/><G125/><T129/><D126/><U42/><E113/><V69/><F102/><W114/><G114/><T33/><D115/><U64/><E48/><V131/><F131/><W94/><G80/><T112/><D112/><U36/><E36/><V55/><F39/><W27/><G47/><T82/><D129/><U119/><E119/><V23/><REACH who="2" step="1"/><F41/><REACH who="2" ten="65,285,329,311" step="2"/><W87/><G87/><T68/><D68/><U12/><E7/><V24/><F24/><W83/><REACH who="3" step="1"/><G83/><REACH who="3" ten="65,285,329,301" step="2"/><T72/><D72/><U122/><E122/><V1/><F1/><W26/><G26/><T40/><D82/><U49/><E43/><V0/><F0/><W101/><G101/><T9/><D86/><U50/><E42/><V84/><F84/><W97/><G97/><T95/><D40/><U58/><E98/><V71/><F71/><W61/><G61/><T17/><D44/><AGARI ba="0,2" hai="23,25,29,32,34,44,51,55,63,65,69,81,85,88" machi="44" ten="30,11600,0" yaku="1,1,7,1,52,1,54,1,53,0" doraHai="21" doraHaiUra="123" who="2" fromWho="0" sc="65,-116,285,0,329,136,301,0" owari="-51,-55.0,285,-11.0,465,56.0,301,10.0" /></mjloggm>