<mjloggm ver="2.3"><GO type="169" lobby="0"/><UN n0="%E5%8F%A3%E5%86%85%E7%82%8E%E3%81%8C%E3%81%A7%E3%81%8D%E3%81%A6%E3%82%8B" n1="%E3%82%A8%E3%83%83%E3%83%95%E3%82%A7%E3%83%AB%E5%A1%94" n2="%E3%81%82%E3%82%89%E3%81%8C%E3%81%8D%E3%81%82%E3%82%84%E3%81%9B" n3="%E3%83%88%E3%83%88%E3%83%AA%E5%85%88%E7%94%9F%31%39%E6%AD%B3" dan="17,16,18,19" rate="2169.85,2173.06,2222.67,2271.31" sx="F,M,F,F"/><TAIKYOKU oya="0"/><INIT seed="0,0,0,4,1,99" ten="250,250,250,250" oya="0" hai0="134,116,5,28,92,17,3,18,91,56,108,24,39" hai1="55,32,130,8,107,58,131,41,33,79,124,76,104" hai2="4,117,42,84,25,50,53,125,11,36,93,126,106" hai3="57,119,13,114,110,103,109,94,82,112,81,118,46"/><T85/><D116/><N who="3" m="44585" /><G57/><T35/><D39/><U61/><E41/><V38/><F117/><W66/><G66/><T89/><D134/><U49/><E8/><V64/><F106/><N who="1" m="40489" /><E49/><V113/><F113/><N who="3" m="43627" /><G46/><T62/><D108/><N who="3" m="41577" /><G13/><T132/><D132/><U34/><E124/><V71/><F64/><W74/><G74/><T1/><D89/><U128/><AGARI ba="0,0" hai="32,33,34,55,58,61,76,79,128,130,131" m="40489" machi="128" ten="50,1600,0" yaku="19,1" doraHai="99" who="1" fromWho="1" sc="250,-8,250,16,250,-4,250,-4" /><INIT seed="1,0,0,0,4,106" ten="242,266,246,246" oya="1" hai0="90,67,68,48,10,28,72,61,27,18,65,38,76" hai1="13,102,60,134,63,8,113,100,78,112,120,53,129" hai2="81,75,99,117,110,71,3,111,116,132,33,54,25" hai3="51,36,6,29,50,126,69,101,62,128,42,95,45"/><U104/><E120/><V41/><F41/><W30/><G128/><T37/><D67/><U127/><E129/><V44/><F71/><W114/><G114/><T20/><D90/><U88/><E78/><V55/><F3/><W109/><G109/><N who="2" m="41481" /><F132/><W39/><G126/><T34/><D10/><U43/><E43/><V35/><F99/><W70/><G6/><T98/><D98/><U93/><E127/><V49/><F54/><W118/><G42/><T94/><D94/><U97/><E134/><V56/><F56/><W14/><G95/><T12/><REACH who="0" step="1"/><D48/><REACH who="0" ten="232,266,246,246" step="2"/><U1/><E113/><V57/><F117/><W46/><G118/><T89/><D89/><U7/><E112/><V19/><F116/><W107/><G50/><T84/><D84/><U15/><E104/><V64/><F64/><W0/><G51/><T32/><D32/><U86/><E86/><V66/><F66/><W125/><G107/><T83/><AGARI ba="0,1" hai="12,18,20,27,28,34,37,38,61,65,68,72,76,83" machi="83" ten="30,4000,0" yaku="1,1,0,1,52,1,53,0" doraHai="106" doraHaiUra="85" who="0" fromWho="0" sc="232,50,266,-20,246,-10,246,-10" /><INIT seed="2,0,0,4,4,128" ten="282,246,236,236" oya="2" hai0="103,66,21,79,119,75,12,123,62,54,7,67,61" hai1="57,2,5,100,96,4,35,9,44,17,50,52,36" hai2="113,40,15,112,76,43,37,14,124,109,91,26,74" hai3="134,129,95,18,3,25,89,33,72,80,78,122,27"/><V22/><F124/><W48/><G122/><T107/><D123/><U115/><E115/><V98/><F109/><W28/><G3/><T58/><D119/><U121/><E121/><V84/><F98/><W65/><G129/><T111/><D111/><U8/><E35/><V116/><F116/><W83/><G83/><T77/><D75/><U19/><E44/><V102/><F102/><W0/><G0/><T10/><D54/><U104/><REACH who="1" step="1"/><E36/><REACH who="1" ten="282,236,236,236" step="2"/><V42/><F37/><W23/><G33/><T64/><D64/><U70/><E70/><V108/><F108/><W93/><G65/><T34/><D34/><U125/><E125/><V130/><F130/><W60/><G72/><T73/><D73/><U106/><E106/><V90/><F113/><W30/><G30/><T24/><D107/><U53/><E53/><V97/><F74/><W135/><G28/><T45/><D45/><U120/><E120/><V38/><F38/><W101/><G135/><T87/><D66/><U71/><E71/><V39/><F39/><W63/><G134/><T110/><D67/><U118/><E118/><V47/><F47/><W117/><G117/><T92/><D110/><U131/><E131/><V81/><F112/><W59/><G59/><T82/><D58/><U132/><E132/><V85/><F43/><W94/><G101/><T31/><D103/><U1/><AGARI ba="0,1" hai="1,2,4,5,8,9,17,19,50,52,57,96,100,104" machi="1" ten="20,12000,2" yaku="1,1,0,1,7,1,9,1,54,1,53,2" doraHai="128" doraHaiUra="6" who="1" fromWho="1" sc="282,-30,236,130,236,-60,236,-30" /><INIT seed="3,0,0,0,5,115" ten="252,366,176,206" oya="3" hai0="95,65,76,112,114,30,118,28,55,9,105,24,85" hai1="59,15,27,1,93,42,47,80,41,69,81,14,56" hai2="58,61,54,8,120,72,77,0,109,129,49,74,37" hai3="26,34,4,122,107,5,17,102,2,128,88,133,29"/><W44/><G122/><T43/><D118/><U25/><E69/><V35/><F35/><W116/><G128/><T104/><D65/><U130/><E130/><V46/><F120/><W7/><G133/><T11/><D43/><U111/><E1/><V36/><F129/><W66/><G116/><T108/><D108/><U113/><E111/><V91/><F109/><W68/><G44/><T31/><D24/><U20/><E47/><V19/><F91/><W23/><G88/><N who="0" m="53647" /><D55/><U63/><E93/><V97/><F97/><W67/><G2/><T126/><D76/><U99/><E99/><V92/><F92/><W83/><G83/><T3/><D126/><U98/><E98/><V82/><F74/><W89/><G89/><T127/><D127/><U70/><E70/><V121/><F121/><W53/><G53/><T94/><D94/><U125/><E125/><V48/><F48/><W117/><G117/><T12/><D3/><U39/><E39/><V123/><F123/><W6/><N who="3" m="1024" /><DORA hai="101" /><W64/><G68/><T87/><D87/><U131/><E131/><V110/><F110/><W45/><G45/><T57/><D57/><U16/><E59/><V103/><F0/><W21/><REACH who="3" step="1"/><G17/><REACH who="3" ten="252,366,176,196" step="2"/><N who="0" m="8351" /><D9/><U78/><E81/><V84/><F8/><W90/><G90/><T50/><D112/><U51/><E113/><V86/><F46/><W62/><G62/><T79/><D114/><U32/><E63/><V38/><F61/><W100/><G100/><T33/><D30/><U75/><E80/><V134/><F103/><W60/><G60/><T119/><D28/><U124/><E124/><RYUUKYOKU ba="0,1" sc="252,-10,366,-10,176,-10,196,30" hai3="21,23,26,29,34,64,66,67,102,107" /><INIT seed="3,1,1,5,1,32" ten="242,356,166,226" oya="3" hai0="35,75,70,98,33,71,107,51,68,40,13,7,102" hai1="95,45,79,128,58,47,88,129,66,130,41,105,85" hai2="101,83,54,2,4,117,108,134,20,5,81,64,91" hai3="113,111,6,72,10,46,55,87,56,116,86,74,23"/><W53/><G113/><T21/><D75/><U25/><E105/><V135/><F117/><W90/><G116/><T61/><D61/><N who="1" m="38199" /><E79/><V16/><F108/><W115/><G115/><T92/><D92/><U44/><E25/><N who="2" m="14471" /><F64/><W8/><G111/><T29/><D29/><U63/><E63/><V28/><F28/><W17/><G72/><T9/><REACH who="0" step="1"/><D21/><REACH who="0" ten="232,356,166,226" step="2"/><U57/><E57/><V36/><F134/><W124/><G74/><T114/><D114/><U104/><E104/><V109/><F135/><W89/><G56/><T94/><D94/><U96/><E96/><V65/><F109/><W39/><G23/><T1/><D1/><U62/><E62/><V118/><F2/><W0/><G86/><T77/><D77/><U59/><E59/><V26/><F118/><W106/><G106/><T82/><D82/><U78/><E78/><V84/><F81/><W48/><G87/><T34/><D34/><U42/><AGARI ba="1,2" hai="41,42,44,45,47,85,88,95,128,129,130" m="38199" machi="42" ten="40,2700,0" yaku="19,1,54,1" doraHai="32" who="1" fromWho="1" sc="232,-8,356,50,166,-8,226,-14" /><INIT seed="4,0,0,3,2,103" ten="224,406,158,212" oya="0" hai0="29,9,80,36,124,82,102,81,84,72,105,57,63" hai1="6,109,40,100,27,17,52,116,135,53,123,35,121" hai2="58,51,86,44,99,62,13,78,46,21,94,117,112" hai3="28,33,126,93,16,22,115,128,65,89,122,25,68"/><T45/><D72/><U104/><E6/><V8/><F112/><W59/><G115/><T43/><D124/><U133/><E40/><V31/><F117/><W20/><G126/><T7/><D29/><U129/><E116/><V24/><F86/><W75/><G75/><T132/><D132/><U3/><E3/><V4/><F78/><W74/><G74/><T48/><D36/><U95/><E95/><V42/><F51/><W34/><G68/><T55/><D102/><U11/><E129/><V111/><F111/><W96/><G128/><T0/><REACH who="0" step="1"/><D105/><REACH who="0" ten="214,406,158,212" step="2"/><U91/><E104/><V60/><F42/><W15/><G122/><T87/><AGARI ba="0,1" hai="0,7,9,43,45,48,55,57,63,80,81,82,84,87" machi="87" ten="30,6000,0" yaku="1,1,2,1,0,1,53,0" doraHai="103" doraHaiUra="14" who="0" fromWho="0" sc="214,70,406,-20,158,-20,212,-20" /><INIT seed="4,1,0,1,4,65" ten="284,386,138,192" oya="0" hai0="9,113,3,43,49,95,36,103,81,111,52,118,8" hai1="131,47,82,87,84,76,107,12,135,86,122,37,66" hai2="23,67,94,133,57,62,124,109,0,64,46,80,55" hai3="75,15,39,34,60,17,24,32,25,121,42,5,21"/><T56/><D118/><U53/><E66/><V71/><F109/><W116/><G75/><T18/><D111/><U58/><E122/><V54/><F0/><W79/><G79/><T112/><D81/><U99/><E131/><V98/><F124/><W50/><G39/><T115/><D18/><U28/><E28/><V2/><F2/><W70/><G116/><T110/><D3/><U10/><E135/><V22/><F133/><W30/><G60/><T33/><D33/><U130/><E130/><V89/><F71/><W114/><G70/><T93/><D110/><U48/><E99/><V59/><F46/><W35/><G50/><T77/><D77/><U14/><E107/><V74/><F74/><W101/><G42/><T126/><D126/><U4/><E37/><V88/><F64/><W6/><G101/><T97/><D93/><U16/><E58/><V38/><F67/><W63/><G63/><T40/><D40/><U90/><E76/><V31/><F31/><N who="3" m="19567" /><G114/><T129/><D129/><U102/><E102/><V41/><F41/><W132/><G132/><T117/><D117/><U96/><E96/><V83/><F38/><W19/><G35/><T1/><D1/><U20/><AGARI ba="1,0" hai="4,10,12,14,16,20,47,48,53,82,84,86,87,90" machi="20" ten="20,5200,0" yaku="0,1,7,1,8,1,54,1" doraHai="65" who="1" fromWho="1" sc="284,-27,386,55,138,-14,192,-14" /><INIT seed="5,0,0,1,5,125" ten="257,441,124,178" oya="1" hai0="69,135,132,101,91,56,119,19,62,25,0,13,15" hai1="112,131,36,116,12,58,109,66,33,97,31,128,20" hai2="78,88,84,38,87,60,46,53,16,40,27,48,7" hai3="42,115,59,55,127,35,89,4,47,61,94,90,17"/><U83/><E33/><V39/><F7/><W73/><G127/><T50/><D119/><U57/><E116/><V43/><F39/><W102/><G73/><T85/><D0/><U11/><E36/><V104/><F104/><W122/><G122/><T26/><D101/><U121/><E121/><V72/><F72/><W114/><G35/><T52/><D69/><U86/><E97/><V81/><F38/><N who="3" m="21975" /><G4/><T9/><D13/><U22/><E112/><N who="3" m="43050" /><G17/><T124/><D62/><N who="1" m="38223" /><E58/><V41/><F60/><W30/><G30/><T103/><D103/><U79/><E31/><V8/><F8/><W107/><G94/><N who="0" m="54639" /><D124/><U54/><E54/><V21/><REACH who="2" step="1"/><F43/><REACH who="2" ten="257,441,114,178" step="2"/><W93/><G107/><T2/><D2/><U29/><E109/><V51/><F51/><W100/><G90/><T37/><D37/><U99/><E11/><V6/><F6/><W75/><G75/><T1/><D1/><U68/><E79/><V18/><F18/><W76/><G76/><T34/><D34/><U129/><E29/><V14/><F14/><W67/><G67/><T111/><D111/><U105/><E12/><V130/><F130/><W44/><G44/><T82/><D19/><U23/><E105/><V28/><F28/><W110/><G110/><T106/><D106/><U117/><E131/><V134/><F134/><W24/><G24/><T71/><D132/><U133/><E133/><V98/><F98/><AGARI ba="0,1" hai="55,59,61,89,93,98,100,102" m="43050,21975" machi="98" ten="30,1000,0" yaku="15,1" doraHai="125" who="3" fromWho="2" sc="257,0,441,0,114,-10,178,20" /><INIT seed="6,0,0,2,1,72" ten="257,441,104,198" oya="2" hai0="49,91,129,90,12,19,63,60,132,62,9,95,55" hai1="25,111,10,78,13,29,105,33,32,135,122,113,14" hai2="3,102,84,67,27,74,44,83,89,0,108,70,117" hai3="71,50,124,24,8,125,101,64,94,7,34,16,31"/><V116/><F108/><W11/><G50/><T54/><D129/><U106/><E78/><V36/><F102/><W134/><G134/><T128/><D128/><U40/><E40/><V20/><F74/><W130/><G130/><T46/><D132/><U80/><E80/><V104/><F104/><W98/><G64/><T47/><D95/><U23/><E106/><V42/><F67/><W4/><G71/><T99/><D99/><U35/><E105/><V6/><F70/><W26/><G26/><T85/><D85/><U5/><E135/><V115/><F115/><W68/><G68/><T58/><D47/><U103/><E103/><V121/><F121/><W15/><REACH who="3" step="1"/><G7/><REACH who="3" ten="257,441,104,188" step="2"/><T45/><D46/><U96/><E5/><V79/><F89/><AGARI ba="0,1" hai="9,12,19,45,49,54,55,58,60,62,63,89,90,91" machi="89" ten="40,1300,0" yaku="8,1" doraHai="72" who="0" fromWho="2" sc="257,23,441,0,104,-13,188,0" /><INIT seed="7,0,0,3,0,71" ten="280,441,91,188" oya="3" hai0="60,23,74,109,68,107,1,72,88,87,69,106,81" hai1="55,113,37,128,33,35,131,132,70,4,50,13,53" hai2="130,83,112,118,110,25,54,95,77,89,24,17,6" hai3="82,19,62,44,39,123,3,47,93,84,66,56,86"/><W16/><G123/><T100/><D109/><U30/><E37/><V103/><F6/><W52/><G3/><T111/><D111/><U65/><E113/><V8/><F110/><W51/><G39/><T116/><D116/><U20/><E132/><V29/><F118/><W124/><G124/><T127/><D1/><U28/><E55/><V102/><F130/><N who="1" m="49705" /><E65/><V21/><F112/><W36/><G36/><T58/><D23/><U18/><E70/><V38/><F38/><W27/><G47/><T76/><D88/><U115/><E4/><V48/><F83/><W7/><G7/><T101/><D87/><U15/><E15/><V108/><F108/><W121/><G121/><T97/><D72/><U61/><E61/><V49/><F77/><N who="3" m="46159" /><G27/><T105/><D105/><U75/><E75/><V63/><F63/><W104/><G104/><T22/><D127/><U64/><E64/><V90/><F90/><AGARI ba="0,0" hai="16,19,44,51,52,56,62,66,86,90,93" m="46159" machi="90" ten="30,5800,0" yaku="8,1,54,2" doraHai="71" who="3" fromWho="2" sc="280,0,441,0,91,-58,188,58" /><INIT seed="7,1,0,1,0,5" ten="280,441,33,246" oya="3" hai0="84,63,135,98,29,51,82,10,39,36,20,12,83" hai1="122,37,11,94,8,58,13,127,42,70,60,57,90" hai2="64,14,6,72,85,17,125,65,117,55,73,31,103" hai3="93,34,68,114,75,0,100,46,2,69,80,113,32"/><W7/><G93/><T96/><D135/><U99/><E122/><V134/><F117/><W78/><G100/><T87/><D39/><U133/><E133/><V53/><F134/><W48/><G48/><T50/><D36/><U128/><E128/><V107/><F107/><W61/><G46/><T111/><D111/><U79/><E79/><V47/><F125/><W66/><G68/><T24/><D63/><U1/><E127/><V49/><F73/><W76/><G76/><N who="0" m="46183" /><D51/><U59/><E1/><V130/><F72/><W71/><G71/><T119/><D50/><U54/><E70/><V62/><F130/><W4/><G4/><N who="0" m="3143" /><D119/><U43/><E37/><V23/><F103/><W19/><G19/><T116/><D116/><U129/><E129/><V109/><F109/><W86/><G86/><T102/><D102/><U3/><E43/><V88/><F31/><W35/><G7/><T118/><D118/><U21/><E42/><V101/><F101/><W25/><REACH who="3" step="1"/><G25/><REACH who="3" ten="280,441,33,236" step="2"/><T45/><D45/><U41/><E59/><V97/><F97/><W110/><G110/><T52/><D52/><U126/><E58/><V105/><F105/><W56/><G56/><T124/><D124/><U89/><E126/><V121/><F121/><W15/><G15/><T44/><D44/><U9/><E94/><N who="2" m="54543" /><F6/><W30/><G30/><T115/><D115/><AGARI ba="1,1" hai="0,2,32,34,35,61,66,69,75,78,80,113,114,115" machi="115" ten="50,12000,1" yaku="1,1,15,1,23,2,53,1" doraHai="5" doraHaiUra="74" who="3" fromWho="0" sc="280,-123,441,0,33,0,236,133" /><INIT seed="7,2,0,5,3,26" ten="157,441,33,369" oya="3" hai0="75,1,131,69,40,115,30,55,102,98,56,85,76" hai1="95,125,106,112,78,29,129,87,73,100,107,96,130" hai2="9,2,109,61,128,97,21,105,63,133,132,65,119" hai3="104,68,120,126,70,5,127,50,82,66,121,64,117"/><W92/><G104/><N who="1" m="39978" /><E29/><V20/><F20/><W7/><G92/><T108/><D131/><N who="1" m="50187" /><E112/><V36/><F128/><W51/><REACH who="3" step="1"/><G82/><REACH who="3" ten="157,441,33,359" step="2"/><T33/><D115/><U41/><E125/><V49/><F105/><W39/><G39/><T53/><D108/><U84/><E41/><V57/><F36/><W79/><G79/><T37/><D76/><U32/><E32/><V83/><F109/><W60/><G60/><T45/><D33/><U67/><E67/><V35/><F35/><W124/><G124/><T111/><D111/><U110/><E110/><V10/><F83/><AGARI ba="2,1" hai="73,78,83,84,87,95,96,100" m="50187,39978" machi="83" ten="30,3900,0" yaku="19,1,34,2" doraHai="26" who="1" fromWho="2" sc="157,0,441,55,33,-45,359,0" owari="157,-24.0,496,59.0,-12,-51.0,359,16.0" /></mjloggm>