<mjloggm ver="2.3"><GO type="169" lobby="0"/><UN n0="%E5%B0%B1%E6%B4%BB%E7%94%9F%40%E5%B7%9D%E6%9D%91%E8%BB%8D%E5%9B%A3" n1="%E3%82%89%E3%81%84%E3%81%B5%E3%81%8C%E3%83%BC%E3%81%A9%E3%81%99%E3%81%8D" n2="%4A%69%6D%6E%65%79" n3="%E3%83%88%E3%82%B7%E3%83%95%E3%83%BC%E3%83%8B" dan="19,18,16,16" rate="2365.52,2143.18,2031.56,2144.37" sx="M,F,M,M"/><TAIKYOKU oya="0"/><INIT seed="0,0,0,5,4,74" ten="250,250,250,250" oya="0" hai0="75,119,80,9,49,35,114,86,106,13,91,92,54" hai1="58,37,47,101,78,28,64,115,73,129,41,38,125" hai2="76,96,12,4,56,10,7,116,2,14,87,18,19" hai3="6,60,70,83,20,59,61,29,108,46,26,22,110"/><T109/><D114/><U24/><E115/><V17/><F116/><W33/><G6/><T57/><D119/><U44/><E101/><V84/><F96/><W93/><G93/><T1/><D35/><U25/><E125/><V104/><F104/><W124/><G124/><T69/><D69/><U79/><E73/><V94/><F87/><W55/><G46/><T117/><D106/><U42/><E129/><V53/><F4/><W82/><G61/><T65/><D117/><U3/><E3/><V112/><F112/><W81/><REACH who="3" step="1"/><G70/><REACH who="3" ten="250,250,250,240" step="2"/><T113/><D113/><U99/><E99/><V63/><F94/><W95/><G95/><T66/><D1/><U128/><E128/><V40/><F40/><W98/><G98/><T90/><D109/><AGARI ba="0,1" hai="20,22,26,29,33,55,59,60,81,82,83,108,109,110" machi="109" ten="40,2600,0" yaku="1,1,14,1,53,0" doraHai="74" doraHaiUra="131" who="3" fromWho="0" sc="250,-26,250,0,250,0,240,36" /><INIT seed="1,0,0,3,1,0" ten="224,250,250,276" oya="1" hai0="127,4,6,35,92,24,31,94,85,41,79,48,39" hai1="128,71,12,88,78,117,59,21,107,58,56,81,47" hai2="15,98,51,38,62,34,124,125,126,28,57,112,104" hai3="108,23,70,76,118,109,113,87,49,74,25,89,63"/><U55/><E71/><V115/><F38/><W119/><G113/><N who="2" m="43593" /><F15/><W111/><G76/><T26/><D39/><U64/><E107/><V29/><F51/><W10/><G74/><T69/><D69/><U45/><E117/><N who="3" m="44554" /><G49/><T116/><D116/><U54/><E128/><V120/><F120/><W17/><G63/><T75/><D75/><U103/><E64/><N who="2" m="38991" /><F34/><W40/><G40/><T16/><D127/><U105/><E105/><V99/><F104/><W93/><G70/><T11/><D79/><U84/><E103/><V133/><F133/><W7/><G111/><T100/><D92/><U129/><E129/><V97/><AGARI ba="0,0" hai="28,29,97,98,99,124,125,126" m="38991,43593" machi="97" ten="40,2700,0" yaku="18,1,11,1" doraHai="0" who="2" fromWho="2" sc="224,-7,250,-13,250,27,276,-7" /><INIT seed="2,0,0,1,5,132" ten="217,237,277,269" oya="2" hai0="11,120,104,118,98,80,29,116,84,44,85,22,81" hai1="42,94,0,103,51,5,114,106,131,34,125,68,124" hai2="20,35,121,41,57,33,123,101,99,73,24,56,63" hai3="93,2,27,54,10,83,92,53,28,134,71,117,32"/><V45/><F73/><W49/><G117/><N who="0" m="45163" /><D44/><N who="1" m="26007" /><E114/><V110/><F110/><W79/><G71/><T59/><D59/><U91/><E68/><V43/><F35/><W21/><G134/><T74/><D11/><U12/><E34/><V17/><F33/><W76/><G32/><T36/><D36/><U128/><E106/><V50/><F43/><W46/><G54/><T96/><D29/><U75/><E0/><V65/><REACH who="2" step="1"/><F57/><REACH who="2" ten="217,237,267,269" step="2"/><W72/><G72/><T6/><D74/><U4/><E75/><V60/><F60/><W69/><G69/><T26/><D120/><U130/><E103/><V39/><F39/><W133/><G133/><T55/><D55/><U7/><E12/><V102/><F102/><W23/><G53/><T97/><D104/><AGARI ba="0,1" hai="17,20,24,41,45,50,56,63,65,99,101,104,121,123" machi="104" ten="30,2900,0" yaku="1,1,7,1,53,0" doraHai="132" doraHaiUra="89" who="2" fromWho="0" sc="217,-29,237,0,267,39,269,0" /><INIT seed="2,1,0,0,2,67" ten="188,237,306,269" oya="2" hai0="61,111,75,49,126,114,34,135,109,63,41,23,84" hai1="97,11,12,73,117,62,77,33,18,105,31,82,108" hai2="13,0,21,130,118,6,55,69,1,44,9,47,58" hai3="66,102,19,2,131,43,53,98,115,39,26,52,133"/><V40/><F118/><W90/><G2/><T7/><D75/><U50/><E108/><N who="0" m="41545" /><D34/><U70/><E117/><V65/><F130/><W4/><G4/><T112/><D7/><U25/><E50/><V89/><F89/><W14/><G26/><T46/><D23/><U68/><REACH who="1" step="1"/><E62/><REACH who="1" ten="188,227,306,269" step="2"/><N who="0" m="23561" /><D135/><U8/><E8/><V76/><F9/><W92/><G133/><T116/><D116/><U74/><E74/><V121/><F121/><W10/><G10/><T120/><D120/><U56/><E56/><V32/><F58/><W22/><G131/><T94/><D126/><U45/><E45/><V30/><F44/><W91/><G115/><T87/><D94/><U16/><E16/><V104/><F47/><W38/><G19/><T80/><D80/><U54/><E54/><V15/><F55/><W122/><G53/><T110/><D110/><U99/><E99/><V27/><F6/><W86/><G52/><T83/><D87/><U81/><E81/><V106/><F40/><W5/><G43/><T29/><D29/><U103/><AGARI ba="1,1" hai="11,12,18,25,31,33,68,70,73,77,82,97,103,105" machi="103" ten="30,8000,1" yaku="1,1,0,1,52,2,53,1" doraHai="67" doraHaiUra="100" who="1" fromWho="1" sc="188,-21,227,93,306,-41,269,-21" /><INIT seed="3,0,0,1,3,20" ten="167,320,265,248" oya="3" hai0="35,114,100,5,1,119,31,129,125,26,118,29,58" hai1="79,130,108,60,30,62,101,87,80,95,41,86,0" hai2="18,19,84,47,120,99,113,34,54,75,89,61,8" hai3="127,66,133,4,131,107,72,65,11,52,63,21,78"/><W40/><G107/><T135/><D100/><U24/><E0/><V112/><F75/><W128/><G133/><T38/><D38/><U117/><E41/><V92/><F34/><W12/><G127/><T98/><D98/><U93/><E108/><V91/><F120/><W97/><G40/><T134/><D58/><U7/><E7/><V28/><F28/><W123/><G123/><T36/><D36/><U17/><E17/><V70/><F47/><W105/><G78/><T23/><D125/><U76/><E130/><N who="3" m="49706" /><G72/><T2/><D129/><U42/><E42/><V109/><F109/><W53/><G66/><T3/><D5/><U94/><E117/><N who="0" m="44553" /><D114/><U111/><E111/><V22/><F8/><W126/><G126/><T56/><D56/><U37/><E37/><V6/><F6/><W16/><G97/><T88/><D88/><U50/><E50/><V96/><F96/><W102/><G102/><T106/><D106/><U90/><E101/><V121/><F121/><W14/><G105/><T104/><D104/><U39/><E39/><V81/><F19/><W122/><G122/><T77/><D77/><U59/><E79/><V57/><REACH who="2" step="1"/><F70/><AGARI ba="0,0" hai="4,11,12,14,16,21,52,53,63,65,70" m="49706" machi="70" ten="30,5800,0" yaku="19,1,54,2" doraHai="20" who="3" fromWho="2" sc="167,0,320,0,265,-58,248,58" /><INIT seed="3,1,0,2,4,93" ten="167,320,207,306" oya="3" hai0="11,79,62,13,60,45,15,104,17,70,55,101,32" hai1="83,81,50,35,36,34,63,130,39,105,7,98,132" hai2="76,53,61,67,24,113,21,27,92,43,69,133,19" hai3="126,84,127,65,106,68,48,29,73,26,59,47,56"/><W82/><G73/><T46/><D32/><U71/><E7/><V116/><F113/><W118/><G118/><T9/><D79/><U3/><E3/><V2/><F116/><W23/><G106/><T131/><D131/><U90/><E50/><V14/><F2/><W22/><G68/><T115/><D115/><U28/><E132/><V42/><F133/><W77/><G65/><T128/><D128/><U86/><E83/><V66/><F67/><W102/><G102/><T5/><D70/><U114/><E130/><V1/><F1/><W10/><G10/><T123/><D123/><U88/><E114/><V96/><F76/><W12/><G12/><T100/><D104/><U78/><E78/><V52/><F43/><W16/><G22/><T54/><REACH who="0" step="1"/><D17/><REACH who="0" ten="157,320,207,306" step="2"/><U97/><E105/><V120/><F120/><W129/><G129/><T110/><D110/><U117/><E35/><V64/><F64/><W134/><G134/><T122/><D122/><U37/><E34/><V107/><F107/><W99/><G16/><T124/><D124/><U112/><E117/><V49/><F42/><N who="3" m="24695" /><G127/><T75/><D75/><U57/><E71/><V135/><F135/><W121/><G121/><T111/><D111/><U44/><E112/><V80/><F69/><W51/><G126/><T85/><D85/><U30/><E86/><V119/><F119/><W58/><G51/><T41/><D41/><U95/><E39/><V4/><F19/><W89/><G77/><T91/><D91/><U25/><E37/><V6/><F49/><W40/><G40/><T103/><D103/><U74/><E36/><RYUUKYOKU ba="1,1" sc="157,15,320,-15,207,-15,306,15" hai0="5,9,11,13,15,45,46,54,55,60,62,100,101" hai3="23,26,29,56,58,59,82,84,89,99" /><INIT seed="3,2,1,2,0,102" ten="172,305,192,321" oya="3" hai0="101,6,28,79,33,130,17,104,44,107,114,63,10" hai1="47,69,103,93,30,96,131,31,50,135,129,60,122" hai2="94,51,3,29,14,82,65,2,49,18,16,67,78" hai3="134,4,37,108,42,116,74,125,8,39,123,25,24"/><W88/><G123/><T113/><D130/><N who="1" m="49675" /><E122/><V34/><F34/><W55/><G116/><T75/><D101/><U71/><E135/><V5/><F29/><N who="1" m="10761" /><E60/><V36/><F36/><W62/><G74/><T83/><D17/><U19/><E19/><V112/><F112/><N who="0" m="43114" /><D63/><U1/><E1/><V132/><F132/><W70/><G62/><T66/><D66/><U110/><E110/><V106/><F65/><W0/><G108/><T117/><D117/><U89/><E89/><V12/><F67/><W11/><G134/><T120/><D120/><U133/><E133/><V84/><F2/><W64/><G64/><T115/><D115/><U118/><E118/><V80/><F3/><W91/><G0/><N who="0" m="327" /><D44/><U72/><E72/><V45/><F45/><W105/><G4/><T35/><D28/><U21/><E21/><V61/><F61/><W32/><G32/><AGARI ba="2,1" hai="32,33,35,75,79,83,104,107" m="327,43114" machi="32" ten="30,7700,0" yaku="11,1,23,1,52,2" doraHai="102" who="0" fromWho="3" sc="172,93,305,0,192,0,321,-83" /><INIT seed="4,0,0,5,2,67" ten="265,305,192,238" oya="0" hai0="130,20,9,74,121,71,22,40,23,47,97,64,120" hai1="49,114,65,108,36,111,31,58,123,28,82,12,107" hai2="112,69,77,88,103,4,52,89,53,6,42,15,35" hai3="100,3,5,55,85,19,1,60,2,113,134,115,99"/><T127/><D74/><U39/><E123/><V43/><F35/><W91/><G134/><T96/><D127/><U48/><E107/><V27/><F112/><N who="3" m="43083" /><G19/><T94/><D130/><U128/><E12/><V84/><F69/><W101/><G99/><T87/><D87/><U41/><E82/><N who="2" m="47183" /><F103/><N who="3" m="39499" /><G5/><N who="2" m="2153" /><F15/><W54/><G60/><T68/><D96/><U18/><E111/><V73/><F73/><W126/><G126/><T38/><D64/><U59/><E18/><V32/><F32/><W14/><G14/><T76/><D76/><U51/><E65/><V33/><F33/><W66/><G66/><T131/><D131/><U83/><E108/><V13/><F13/><W129/><G129/><T0/><D0/><U119/><E128/><V16/><F16/><W125/><G125/><T116/><D116/><U104/><E119/><V29/><F29/><W8/><G8/><T86/><D9/><U132/><E28/><V63/><F27/><W124/><G124/><T106/><D120/><U17/><E31/><V26/><F26/><W75/><G75/><T90/><D121/><U37/><E114/><V50/><F63/><W56/><G56/><T109/><D109/><U34/><E58/><N who="2" m="33047" /><F53/><W62/><G62/><T61/><D61/><U110/><E110/><V80/><F80/><AGARI ba="0,0" hai="1,2,3,54,55,80,85,91" m="39499,43083" machi="80" ten="40,1300,0" yaku="15,1" doraHai="67" who="3" fromWho="2" sc="265,0,305,0,192,-13,238,13" /><INIT seed="5,0,0,5,3,46" ten="265,305,179,251" oya="1" hai0="96,64,99,1,15,83,9,116,61,88,84,80,85" hai1="79,21,57,50,101,58,51,60,22,129,124,72,117" hai2="113,54,102,25,104,38,87,74,6,130,121,67,32" hai3="131,118,98,62,12,2,92,26,70,65,126,89,8"/><U106/><E117/><V108/><F108/><W43/><G118/><T63/><D1/><U5/><E5/><V66/><F121/><W17/><G131/><T81/><D116/><U7/><E7/><V105/><F74/><W56/><G126/><T40/><D40/><U45/><E124/><V44/><F130/><W114/><G114/><T100/><D100/><U115/><E129/><V27/><F113/><W68/><G2/><T125/><D125/><U112/><E106/><V30/><F6/><W3/><G3/><T48/><D48/><U95/><E79/><V4/><F4/><W132/><G132/><T11/><D15/><U24/><E72/><V23/><F87/><N who="0" m="33354" /><D64/><N who="1" m="38927" /><E58/><V122/><F122/><W34/><G43/><T128/><D128/><U29/><E22/><V76/><F76/><W119/><G119/><T53/><D53/><N who="1" m="29903" /><E51/><V16/><F38/><W14/><G70/><T91/><D63/><U86/><E86/><V10/><F44/><W110/><G68/><T35/><D61/><U13/><E13/><V41/><F41/><W28/><G110/><T135/><D35/><U73/><E73/><V123/><F123/><W31/><G14/><T19/><D135/><U90/><E90/><N who="0" m="34345" /><D11/><U111/><E111/><V77/><F10/><W52/><G65/><T134/><D134/><U71/><E71/><V133/><F133/><W109/><G109/><T49/><D49/><U36/><E36/><V59/><F77/><W42/><G42/><T78/><D78/><U120/><E120/><V97/><F105/><W33/><G33/><T127/><D127/><U18/><E115/><RYUUKYOKU ba="0,0" sc="265,10,305,-30,179,10,251,10" hai0="9,19,80,81,83,96,99" hai2="16,23,25,27,30,32,54,59,66,67,97,102,104" hai3="8,12,17,26,28,31,34,52,56,62,89,92,98" /><INIT seed="6,1,0,3,1,33" ten="275,275,189,261" oya="2" hai0="31,132,80,51,71,11,2,73,24,28,130,93,53" hai1="134,23,68,14,63,46,69,49,92,9,82,113,89" hai2="119,118,124,44,39,60,135,128,21,126,58,107,8" hai3="103,54,122,105,13,91,129,98,43,26,123,59,87"/><V18/><F107/><W48/><G129/><T15/><D71/><U95/><E113/><V84/><F128/><W125/><G125/><N who="2" m="48233" /><F84/><W111/><G111/><T27/><D2/><U81/><E134/><V74/><F74/><W85/><G85/><T75/><D75/><U72/><E72/><V78/><F78/><W65/><G65/><T38/><D38/><U94/><E69/><V37/><F8/><W90/><G90/><T96/><D80/><N who="1" m="30827" /><E23/><V79/><F79/><W10/><G26/><N who="0" m="9771" /><D73/><U64/><E63/><V76/><F76/><W19/><G43/><T114/><D114/><U97/><E64/><N who="2" m="38935" /><F135/><W61/><G61/><T52/><D132/><U66/><E66/><V56/><F56/><W133/><G133/><T17/><D130/><U22/><E22/><V55/><F55/><N who="0" m="21066" /><D51/><U108/><E68/><V109/><F109/><W7/><G123/><T77/><D77/><U45/><E108/><V83/><F83/><N who="3" m="49663" /><G122/><T32/><D32/><U70/><E70/><V101/><F101/><AGARI ba="1,0" hai="11,15,17,28,31,93,96,101" m="21066,9771" machi="101" ten="30,2000,0" yaku="8,1,54,1" doraHai="33" who="0" fromWho="2" sc="275,23,275,0,189,-23,261,0" /><INIT seed="7,0,0,0,1,0" ten="298,275,166,261" oya="3" hai0="101,23,6,120,34,53,50,104,90,56,113,129,97" hai1="39,69,126,87,102,31,119,76,81,109,79,27,16" hai2="18,125,29,30,14,117,66,86,15,19,98,127,24" hai3="62,107,49,70,133,65,7,68,84,35,37,72,103"/><W28/><G84/><T57/><D34/><U63/><E109/><V1/><F98/><N who="3" m="61943" /><G49/><T89/><D120/><U112/><E39/><V132/><F66/><W21/><G21/><T32/><D32/><U40/><E40/><V45/><F45/><W59/><G59/><T74/><D74/><U83/><E112/><V43/><F43/><W128/><G128/><T51/><D113/><U22/><E126/><V17/><F86/><W75/><G133/><T80/><D6/><U124/><E124/><N who="2" m="47691" /><F132/><W95/><G95/><T64/><D129/><U73/><E119/><V42/><F42/><W96/><G96/><T100/><D100/><U10/><E102/><V60/><F60/><N who="3" m="39975" /><G7/><T11/><D80/><U3/><E69/><V52/><F52/><W82/><G82/><T48/><D23/><U134/><E63/><V135/><F135/><W105/><G105/><T13/><D64/><U131/><E131/><V26/><F1/><W121/><G121/><T116/><D116/><U54/><E54/><V110/><F110/><W130/><G130/><T111/><D111/><U77/><E134/><V115/><F117/><W122/><G122/><T38/><D38/><U61/><E61/><V5/><F115/><W93/><G93/><N who="0" m="58543" /><D56/><U118/><E118/><V47/><F47/><W2/><G37/><T4/><D104/><U106/><E106/><V67/><F67/><N who="3" m="41335" /><G2/><T78/><D78/><N who="1" m="46583" /><E3/><V20/><F5/><W114/><G114/><T71/><D71/><U46/><E46/><V91/><F91/><AGARI ba="0,0" hai="4,11,13,48,50,51,53,57,89,90,91" m="58543" machi="91" ten="30,2000,0" yaku="8,1,52,1" doraHai="0" who="0" fromWho="2" sc="298,20,275,0,166,-20,261,0" owari="318,41.0,275,8.0,146,-35.0,261,-14.0" /></mjloggm>