<mjloggm ver="2.3"><GO type="169" lobby="0"/><UN n0="%E3%83%96%E3%83%AB%E3%83%96%E3%83%AB%E3%83%8F%E3%83%BC%E3%83%84" n1="%E3%81%AF%E3%81%92%E3%81%A1%E3%82%87%E3%81%8F" n2="%E3%82%A6%E3%83%AB%E3%83%88%E3%83%A9%E7%AB%8B%E7%9B%B4" n3="%73%68%61%70%65%6C%65%72" dan="17,18,17,17" rate="2149.04,2250.51,2119.74,2132.03" sx="M,M,M,M"/><TAIKYOKU oya="0"/><INIT seed="0,0,0,5,1,56" ten="250,250,250,250" oya="0" hai0="45,33,16,91,4,42,119,78,44,53,71,126,82" hai1="6,55,30,83,99,61,18,101,12,115,94,98,85" hai2="64,38,2,117,27,46,121,66,14,132,58,19,113" hai3="63,15,0,25,59,10,90,105,69,108,133,76,51"/><T3/><D119/><U102/><E115/><V74/><F2/><W28/><G0/><T129/><D33/><U97/><E30/><V39/><F74/><W127/><G105/><T104/><D104/><U11/><E6/><V60/><F113/><W86/><G69/><T36/><D126/><U57/><REACH who="1" step="1"/><E102/><REACH who="1" ten="250,240,250,250" step="2"/><V34/><F117/><W32/><G127/><T116/><D4/><U67/><E67/><V1/><F66/><W41/><G108/><T35/><D116/><U31/><E31/><V73/><F64/><W20/><G32/><T134/><D35/><U47/><E47/><V9/><F46/><W23/><G28/><T93/><D45/><U37/><E37/><V8/><F39/><W43/><G133/><T92/><D134/><U49/><E49/><V96/><F38/><W118/><G51/><T128/><D129/><U88/><AGARI ba="0,1" hai="11,12,18,55,57,61,83,85,88,94,97,98,99,101" machi="88" ten="20,12000,2" yaku="1,1,0,1,7,1,8,1,52,1,54,1,53,1" doraHai="56" doraHaiUra="50" who="1" fromWho="1" sc="250,-60,240,130,250,-30,250,-30" /><INIT seed="1,0,0,0,1,67" ten="190,370,220,220" oya="1" hai0="84,5,80,98,13,62,88,135,37,35,2,31,126" hai1="4,123,21,79,50,33,107,3,44,0,109,24,120" hai2="116,93,97,105,19,89,42,95,81,7,9,108,83" hai3="10,55,27,113,22,102,40,127,65,43,29,103,91"/><U117/><E107/><V32/><F32/><W121/><G121/><T30/><D37/><U125/><E117/><V16/><F105/><W61/><G113/><T68/><D2/><U119/><E119/><V101/><F116/><W87/><G55/><T129/><D35/><U96/><E33/><V75/><F42/><W12/><G40/><T90/><D126/><U47/><E96/><V131/><F108/><W58/><G43/><T114/><D114/><U71/><E79/><V25/><F131/><W133/><G133/><T99/><D129/><U118/><E118/><V64/><F64/><W92/><REACH who="3" step="1"/><G127/><REACH who="3" ten="190,370,220,210" step="2"/><T14/><D135/><U15/><E125/><V82/><F75/><W115/><G115/><T8/><D62/><U74/><E74/><V77/><F77/><W66/><G66/><T70/><D90/><U69/><E120/><V63/><F63/><W53/><G53/><T52/><D52/><U38/><E123/><V124/><F124/><W128/><G128/><T94/><D14/><U134/><E15/><N who="2" m="5567" /><F25/><W112/><G112/><T60/><D60/><U28/><E24/><V6/><F6/><AGARI ba="0,1" hai="6,10,12,22,27,29,58,61,65,87,91,92,102,103" machi="6" ten="30,7700,0" yaku="1,1,7,1,8,1,53,1" doraHai="67" doraHaiUra="26" who="3" fromWho="2" sc="190,0,370,0,220,-77,210,87" /><INIT seed="2,0,0,5,2,27" ten="190,370,143,297" oya="2" hai0="65,90,37,127,93,63,30,36,49,77,21,18,25" hai1="51,14,70,3,95,113,131,125,112,115,33,130,62" hai2="53,23,42,44,107,28,47,75,50,2,91,97,124" hai3="123,58,88,35,52,80,29,17,135,61,134,9,117"/><V84/><F75/><W85/><G123/><T81/><D127/><U26/><E3/><V78/><F2/><W133/><G117/><T64/><D49/><U132/><E125/><V1/><F1/><W102/><G102/><T46/><D64/><N who="1" m="41239" /><E132/><V15/><F124/><W118/><G118/><T71/><D46/><U114/><E114/><V8/><F78/><W7/><G17/><T73/><REACH who="0" step="1"/><D18/><REACH who="0" ten="180,370,143,297" step="2"/><U111/><E51/><V72/><F47/><W40/><G40/><T56/><D56/><U66/><E66/><V60/><F42/><W39/><G39/><T6/><D6/><U69/><E112/><V74/><F60/><W110/><G110/><T12/><D12/><U100/><E14/><V83/><F15/><N who="3" m="5567" /><G35/><T116/><D116/><U99/><E111/><V120/><F120/><W22/><G22/><T109/><D109/><U19/><E19/><V10/><F8/><W34/><G34/><T4/><D4/><U11/><E11/><V76/><F10/><W89/><G29/><T119/><D119/><U86/><E33/><V87/><F23/><W57/><G57/><T103/><D103/><U129/><E100/><N who="2" m="62863" /><F28/><W0/><G0/><T13/><D13/><U105/><E113/><V122/><F122/><W128/><G135/><T59/><D59/><U5/><E5/><V106/><F106/><W79/><G134/><T92/><D92/><U41/><E105/><V67/><F67/><W98/><G133/><T16/><D16/><U31/><E31/><V104/><F104/><W121/><G121/><T45/><D45/><U108/><E115/><V96/><F44/><RYUUKYOKU ba="0,1" sc="180,30,370,-10,143,-10,297,-10" hai0="21,25,30,36,37,63,65,71,73,77,81,90,93" /><INIT seed="3,1,1,4,5,31" ten="210,360,133,287" oya="3" hai0="59,101,87,4,40,51,82,99,93,47,35,23,106" hai1="109,119,24,15,96,131,29,124,64,46,80,5,70" hai2="78,77,89,17,125,61,91,122,18,66,135,110,98" hai3="127,73,36,44,26,41,108,97,49,85,32,16,37"/><W10/><G73/><T94/><D35/><U126/><E109/><V81/><F110/><W88/><G108/><T79/><D23/><U95/><E131/><V71/><F125/><W84/><G127/><T90/><D4/><U114/><E114/><V62/><F135/><W128/><G128/><T107/><REACH who="0" step="1"/><D59/><REACH who="0" ten="200,360,133,287" step="2"/><U21/><E21/><V13/><F71/><W54/><G32/><T27/><D27/><U63/><E24/><V25/><F25/><W129/><G129/><T83/><D83/><U121/><E80/><V69/><F81/><W123/><G123/><T113/><D113/><U133/><E5/><V20/><F69/><W0/><G26/><T102/><D102/><U74/><E70/><V134/><F20/><W39/><G0/><T120/><D120/><U38/><E121/><V57/><F122/><W104/><G10/><T1/><D1/><U6/><E6/><V75/><F57/><W130/><G16/><T19/><D19/><U52/><E124/><V118/><F18/><W92/><G130/><T117/><D117/><U67/><E126/><V22/><F17/><W30/><G30/><T116/><D116/><U103/><E103/><V7/><F118/><W60/><G104/><T3/><D3/><U45/><E29/><V43/><F22/><W56/><AGARI ba="1,2" hai="36,37,39,41,44,49,54,56,60,84,85,88,92,97" machi="56" ten="40,3900,0" yaku="0,1,54,1" doraHai="31" who="3" fromWho="3" sc="200,-14,360,-14,133,-14,287,62" /><INIT seed="3,2,0,2,2,123" ten="186,346,119,349" oya="3" hai0="50,76,71,101,85,117,66,23,26,128,14,87,135" hai1="83,29,97,42,132,88,27,81,80,39,3,55,125" hai2="7,130,98,108,6,110,111,10,129,64,131,70,96" hai3="74,105,41,103,95,107,36,60,25,19,90,61,104"/><W121/><G74/><T67/><D117/><U11/><E125/><V5/><F10/><W134/><G121/><T33/><D33/><U22/><E132/><V49/><F49/><W86/><G134/><T44/><D135/><U4/><E39/><V43/><F43/><W12/><G25/><T45/><D71/><U53/><REACH who="1" step="1"/><E42/><REACH who="1" ten="186,336,119,349" step="2"/><V102/><F102/><W112/><G112/><T31/><D101/><U69/><E69/><V15/><F15/><W47/><REACH who="3" step="1"/><G103/><REACH who="3" ten="186,336,119,339" step="2"/><T73/><D128/><U38/><E38/><V75/><F75/><W52/><G52/><T30/><D73/><U37/><E37/><V46/><F46/><W13/><G13/><T91/><D44/><U0/><E0/><V99/><F70/><W2/><G2/><T20/><D14/><U34/><E34/><V113/><REACH who="2" step="1"/><F64/><REACH who="2" ten="186,336,109,339" step="2"/><W35/><G35/><T82/><D66/><U59/><E59/><V94/><F94/><AGARI ba="2,3" hai="3,4,11,22,27,29,53,55,80,81,83,88,94,97" machi="94" ten="40,5200,0" yaku="1,1,54,1,53,1" doraHai="123" doraHaiUra="16" who="1" fromWho="2" sc="186,0,336,88,109,-58,339,0" /><INIT seed="4,0,0,2,4,54" ten="186,424,51,339" oya="0" hai0="119,29,17,102,23,68,36,109,129,6,33,85,31" hai1="88,21,20,82,89,53,95,116,132,15,67,128,76" hai2="74,41,37,118,24,86,55,57,87,12,0,97,75" hai3="133,108,92,50,52,104,110,46,115,30,112,39,59"/><T120/><D119/><U121/><E121/><V47/><F0/><W93/><G104/><T125/><D68/><U126/><E126/><V94/><F118/><W56/><G30/><T66/><D36/><U81/><E128/><V69/><F69/><W25/><G25/><T90/><D33/><U14/><E132/><V18/><F24/><W124/><G124/><T107/><D120/><U5/><E67/><V1/><F1/><W117/><G117/><T65/><D6/><U127/><E127/><V113/><F113/><N who="3" m="43595" /><G133/><T83/><D109/><N who="3" m="42089" /><G39/><T99/><D129/><U2/><E2/><V100/><F75/><W45/><G45/><T98/><D125/><U42/><E95/><AGARI ba="0,0" hai="46,50,52,56,59,92,93,95" m="42089,43595" machi="95" ten="30,7700,0" yaku="15,1,52,2,54,1" doraHai="54" who="3" fromWho="1" sc="186,0,424,-77,51,0,339,77" /><INIT seed="5,0,0,5,3,79" ten="186,347,51,416" oya="1" hai0="72,0,110,73,64,123,125,74,82,75,131,26,28" hai1="6,118,78,34,43,38,88,54,99,81,50,53,9" hai2="11,108,109,32,135,120,37,61,33,117,42,121,49" hai3="57,27,41,23,18,1,95,76,102,112,101,93,25"/><U21/><E34/><N who="2" m="13419" /><F49/><W70/><G70/><T59/><D110/><N who="2" m="42602" /><F61/><W80/><G1/><T129/><D125/><U58/><E118/><V17/><F42/><W15/><G112/><T133/><D133/><U113/><E113/><V40/><F40/><W60/><G41/><T29/><D123/><N who="2" m="47178" /><F37/><W134/><G134/><T127/><D127/><U87/><E21/><V132/><F117/><W44/><G44/><T22/><D0/><U100/><E38/><V115/><F115/><W20/><G102/><T48/><D29/><U124/><E124/><V8/><F17/><W105/><G105/><T39/><D39/><U119/><E119/><V92/><F92/><W116/><G116/><T107/><D107/><U122/><E122/><V89/><F89/><W4/><G101/><T16/><D64/><U83/><E43/><V97/><F97/><W71/><G71/><T111/><D111/><U5/><E54/><V13/><F13/><W84/><G4/><T66/><D66/><U77/><E6/><V47/><F47/><W35/><G35/><T91/><D59/><U128/><E100/><V2/><F2/><W24/><G93/><T7/><D7/><U94/><E5/><V36/><F36/><W67/><G95/><T3/><D3/><U12/><E12/><V68/><F68/><W96/><G96/><T56/><N who="0" m="18432" /><DORA hai="65" /><T114/><D114/><U52/><E53/><V10/><AGARI ba="0,0" hai="8,10,11,132,135" m="47178,42602,13419" machi="10" ten="40,8000,1" yaku="28,2,34,2" doraHai="79,65" who="2" fromWho="2" sc="186,-20,347,-40,51,80,416,-20" /><INIT seed="6,0,0,3,5,132" ten="166,307,131,396" oya="2" hai0="9,128,48,42,16,89,120,74,0,111,25,65,52" hai1="102,96,84,41,44,10,57,116,53,61,58,14,99" hai2="64,85,20,56,26,109,45,119,22,19,92,95,35" hai3="15,131,12,126,31,40,18,135,124,93,108,98,24"/><V113/><F119/><W50/><G108/><T110/><D120/><U123/><E123/><V13/><F109/><W68/><G68/><T90/><D74/><U62/><E116/><V60/><F113/><W107/><G107/><T133/><D133/><U79/><E79/><V70/><F35/><W75/><G75/><T97/><D110/><U67/><E84/><V49/><F85/><W94/><G135/><T117/><D117/><U114/><E102/><V37/><F37/><W103/><G93/><N who="0" m="56495" /><D0/><U5/><E114/><V23/><F70/><W32/><G131/><T118/><D65/><U11/><E10/><V121/><F121/><W112/><G112/><T127/><D42/><U115/><E115/><V39/><F39/><AGARI ba="0,0" hai="5,11,14,39,41,44,53,57,58,61,62,67,96,99" machi="39" ten="30,1000,0" yaku="7,1" doraHai="132" who="1" fromWho="2" sc="166,0,307,10,131,-10,396,0" /><INIT seed="7,0,0,1,3,56" ten="166,317,121,396" oya="3" hai0="83,5,129,99,2,44,7,134,49,81,43,40,131" hai1="116,91,135,52,12,90,29,34,87,112,117,14,86" hai2="130,126,24,68,37,66,59,15,113,121,54,80,48" hai3="36,103,42,110,0,23,111,57,39,11,60,114,120"/><W73/><G73/><T98/><D2/><U17/><E34/><V13/><F113/><W69/><G69/><T75/><D134/><U78/><E78/><V50/><F126/><W107/><G42/><T8/><D8/><U82/><E29/><V41/><F130/><W19/><G120/><T123/><D75/><U26/><E26/><V33/><F121/><W95/><G107/><T62/><D49/><U4/><E4/><V1/><F1/><W67/><G114/><T105/><D44/><U30/><E30/><V51/><F80/><W84/><G0/><T76/><D105/><U102/><E102/><V28/><F13/><W109/><G11/><T93/><D93/><U25/><E25/><V18/><F41/><W9/><G9/><T32/><D76/><U10/><E14/><V132/><F37/><W31/><G31/><T92/><D92/><U72/><E72/><V27/><F27/><N who="3" m="14847" /><G103/><T115/><D115/><U46/><E135/><V119/><F132/><W20/><G20/><T47/><D123/><U63/><E112/><V61/><REACH who="2" step="1"/><F119/><REACH who="2" ten="166,317,111,396" step="2"/><W22/><G110/><T97/><D40/><U70/><E116/><V53/><F53/><W127/><G111/><T3/><D43/><U64/><E117/><V96/><F96/><W21/><G39/><T74/><D97/><U89/><E87/><V77/><F77/><W100/><G36/><T55/><D98/><U16/><E17/><V128/><F128/><W85/><G109/><T104/><D129/><U124/><E124/><V71/><F71/><N who="3" m="42471" /><G127/><T118/><D131/><U35/><E12/><V65/><F65/><RYUUKYOKU ba="0,1" sc="166,-10,317,-10,111,30,396,-10" hai2="15,18,24,28,33,48,50,51,54,59,61,66,68" owari="156,-24.0,307,11.0,141,-36.0,396,49.0" /></mjloggm>