<mjloggm ver="2.3"><GO type="169" lobby="0"/><UN n0="%6F%77%61%72%69%2D" n1="%E3%81%A9%E3%81%84%E3%83%BC%E3%82%93" n2="%E7%B4%94%EF%BC%93%E9%BE%8D%E9%96%80" n3="%E5%B0%B1%E6%B4%BB%E7%94%9F%40%E5%B7%9D%E6%9D%91%E8%BB%8D%E5%9B%A3" dan="16,16,17,19" rate="2081.48,2076.97,2139.70,2350.64" sx="M,M,F,M"/><TAIKYOKU oya="0"/><INIT seed="0,0,0,3,3,129" ten="250,250,250,250" oya="0" hai0="28,88,29,50,2,25,35,80,61,69,45,22,109" hai1="106,0,44,1,83,13,128,55,39,124,47,64,115" hai2="41,42,74,51,14,27,135,70,30,59,75,52,37" hai3="125,114,10,12,66,34,33,123,130,53,113,24,87"/><T107/><D2/><U77/><E106/><V112/><F112/><W79/><G66/><T7/><D7/><U21/><E115/><V76/><F135/><W3/><G53/><T92/><D107/><U100/><E124/><V40/><F37/><W94/><G79/><T32/><D29/><U56/><E100/><V17/><F70/><W122/><G87/><T62/><D80/><U90/><E90/><V16/><F76/><W117/><G94/><T121/><D121/><N who="3" m="46089" /><G130/><T19/><D109/><U67/><E64/><V26/><F17/><N who="3" m="8343" /><G125/><T6/><D6/><U105/><E67/><V72/><REACH who="2" step="1"/><F30/><REACH who="2" ten="250,250,240,250" step="2"/><W57/><G117/><T4/><D28/><U93/><E39/><V73/><N who="2" m="18432" /><DORA hai="120" /><V11/><AGARI ba="0,1" hai="11,14,16,26,27,40,41,42,51,52,59" m="18432" machi="11" ten="60,16000,3" yaku="1,1,4,1,0,1,54,2,53,4" doraHai="129,120" doraHaiUra="101,104" who="2" fromWho="2" sc="250,-80,250,-40,240,170,250,-40" /><INIT seed="1,0,0,0,0,71" ten="170,210,410,210" oya="1" hai0="49,0,124,121,41,99,81,76,82,47,73,59,60" hai1="10,56,132,79,133,15,92,86,33,54,7,93,37" hai2="122,11,70,43,27,61,96,98,67,113,31,129,64" hai3="83,58,120,62,128,66,110,51,135,3,108,22,16"/><U28/><E33/><V84/><F122/><W97/><G3/><T29/><D124/><U1/><E28/><V118/><F118/><W74/><G120/><T104/><D0/><U13/><E37/><V131/><F113/><W30/><G30/><T78/><D29/><U25/><E25/><V9/><F67/><W39/><G39/><T105/><D99/><N who="2" m="37930" /><F84/><W48/><G128/><N who="2" m="49225" /><F43/><W116/><G116/><T18/><D18/><U50/><E79/><V87/><F87/><W55/><G135/><N who="1" m="51786" /><E86/><V112/><F112/><W134/><G97/><T115/><D115/><U40/><E40/><V126/><F126/><W107/><G107/><T103/><D103/><U63/><E63/><V34/><AGARI ba="0,0" hai="9,11,27,31,34,61,64,70" m="49225,37930" machi="34" ten="30,1100,0" yaku="19,1" doraHai="71" who="2" fromWho="2" sc="170,-3,210,-5,410,11,210,-3" /><INIT seed="2,0,0,2,4,36" ten="167,205,421,207" oya="2" hai0="9,66,112,40,135,118,20,27,96,120,52,98,107" hai1="125,59,10,73,38,18,75,31,88,93,25,109,89" hai2="100,129,30,3,17,51,92,83,43,35,15,22,60" hai3="50,81,49,94,34,122,128,124,24,26,134,70,99"/><V58/><F129/><W101/><G122/><T68/><D120/><U63/><E38/><V114/><F114/><W133/><G70/><T119/><D112/><U11/><E109/><V55/><F3/><W1/><G1/><T65/><D135/><N who="3" m="51721" /><G128/><T28/><D9/><U85/><E125/><V79/><F35/><W42/><G124/><T116/><D107/><U105/><E105/><V64/><F30/><W121/><G121/><T95/><D68/><U33/><E11/><V5/><F5/><W57/><G81/><T16/><D40/><U29/><E29/><V8/><F8/><W77/><G77/><T37/><D37/><U111/><E111/><V113/><F113/><W90/><G101/><T4/><D4/><U103/><E103/><V7/><F7/><W80/><G80/><T126/><D126/><U48/><E48/><V2/><F2/><W82/><G82/><T6/><D6/><U13/><REACH who="1" step="1"/><E89/><REACH who="1" ten="167,195,421,207" step="2"/><V32/><F100/><W86/><G34/><T104/><D104/><U84/><E84/><V21/><F32/><W12/><G86/><T19/><D28/><U71/><E71/><V76/><F76/><W56/><G50/><T91/><D98/><U132/><E132/><V127/><F51/><W97/><G97/><T78/><D78/><U123/><E123/><V14/><F127/><W39/><G39/><T61/><D19/><U87/><E87/><V23/><F79/><W117/><G117/><T0/><D0/><U53/><AGARI ba="0,1" hai="10,13,18,25,31,33,53,59,63,73,75,85,88,93" machi="53" ten="20,5200,0" yaku="1,1,0,1,7,1,54,1,53,0" doraHai="36" doraHaiUra="46" who="1" fromWho="1" sc="167,-13,195,62,421,-26,207,-13" /><INIT seed="3,0,0,0,3,88" ten="154,257,395,194" oya="3" hai0="69,2,51,23,119,86,85,25,120,132,13,44,42" hai1="0,20,65,72,110,59,116,1,75,8,52,93,49" hai2="74,103,36,21,123,28,60,95,89,90,3,126,124" hai3="87,7,10,113,98,5,122,77,35,111,129,14,34"/><W58/><G122/><T43/><D119/><U84/><E116/><V101/><F3/><W73/><G73/><T24/><D2/><U94/><E110/><V135/><F36/><W47/><G113/><T11/><D69/><U32/><E32/><V108/><F74/><W82/><G111/><T9/><D132/><U53/><E1/><V27/><F108/><W68/><G68/><T128/><D128/><U99/><E65/><V92/><F135/><W134/><G129/><T6/><D9/><U133/><E133/><V48/><F123/><W40/><G134/><T130/><D130/><U19/><E84/><N who="2" m="52295" /><F60/><W63/><G98/><T38/><D120/><U66/><E66/><V18/><F48/><W80/><G80/><T55/><D38/><U15/><E94/><V112/><F18/><W115/><G115/><T61/><D25/><U78/><E78/><V109/><F109/><W56/><G7/><T41/><REACH who="0" step="1"/><D61/><REACH who="0" ten="144,257,395,194" step="2"/><U39/><E0/><V62/><F62/><W31/><G31/><AGARI ba="0,1" hai="6,11,13,23,24,31,41,42,43,44,51,55,85,86" machi="31" ten="40,5200,0" yaku="1,1,2,1,8,1,53,0" doraHai="88" doraHaiUra="91" who="0" fromWho="3" sc="144,62,257,0,395,0,194,-52" /><INIT seed="4,0,0,5,2,114" ten="206,257,395,142" oya="0" hai0="105,54,83,107,48,123,1,52,5,102,68,42,51" hai1="109,35,135,15,71,47,64,12,38,129,13,75,113" hai2="66,77,67,43,60,96,119,62,19,133,111,117,41" hai3="46,40,70,76,80,17,86,84,120,65,101,29,100"/><T85/><D68/><U33/><E75/><V124/><F111/><W81/><G120/><T56/><D42/><U58/><E109/><V18/><F77/><W69/><G29/><T26/><D123/><U10/><E113/><V61/><F124/><W14/><G65/><N who="2" m="24585" /><F96/><W112/><G112/><T25/><D5/><U121/><E71/><V106/><F106/><W2/><G2/><T53/><D1/><U23/><E23/><V74/><F74/><W95/><G69/><T16/><D53/><U116/><E121/><V28/><F28/><W9/><G95/><T55/><D55/><U132/><E129/><V99/><F99/><W122/><G70/><T115/><D115/><U24/><E10/><V8/><F133/><N who="1" m="51273" /><E24/><V7/><F7/><W126/><G126/><T27/><D107/><U92/><E92/><V21/><F8/><W90/><REACH who="3" step="1"/><G122/><REACH who="3" ten="206,257,395,132" step="2"/><T11/><D105/><U131/><E131/><V82/><F82/><W30/><G30/><T94/><D94/><U97/><E35/><V39/><F39/><AGARI ba="0,1" hai="9,14,17,39,40,46,76,80,81,84,86,90,100,101" machi="39" ten="30,2000,0" yaku="1,1,7,1,53,0" doraHai="114" doraHaiUra="3" who="3" fromWho="2" sc="206,0,257,0,395,-20,132,30" /><INIT seed="5,0,0,1,4,84" ten="206,257,375,162" oya="1" hai0="110,38,87,39,91,27,82,74,75,8,122,125,127" hai1="52,106,90,65,78,113,48,131,61,33,1,77,14" hai2="2,109,107,89,123,73,59,32,6,3,130,94,104" hai3="132,119,66,105,121,29,51,16,41,7,47,103,34"/><U112/><E1/><V99/><F109/><W129/><G121/><T96/><D110/><U21/><E33/><V114/><F123/><W128/><G7/><T35/><D122/><U83/><E106/><V67/><F32/><W97/><G132/><T24/><D8/><U40/><E40/><V85/><F73/><N who="0" m="27658" /><D35/><U54/><E131/><V13/><F130/><W9/><G119/><T76/><D96/><U118/><E118/><V93/><F114/><N who="1" m="44137" /><E21/><V86/><F13/><W28/><G66/><T98/><D98/><U45/><E14/><V111/><F111/><W116/><G116/><T69/><D69/><N who="1" m="42159" /><E54/><V134/><F134/><W92/><G105/><T25/><D76/><U17/><E17/><V37/><F67/><W23/><G9/><T72/><N who="0" m="27666" /><T46/><DORA hai="126" /><D46/><U88/><E78/><V102/><F2/><W115/><G115/><T15/><D15/><U135/><E135/><V12/><F3/><W31/><REACH who="3" step="1"/><G34/><REACH who="3" ten="206,257,375,152" step="2"/><T10/><D10/><U26/><E26/><AGARI ba="0,1" hai="16,23,26,28,29,31,41,47,51,92,97,103,128,129" machi="26" ten="40,8000,1" yaku="1,1,2,1,52,2,54,1,53,0" doraHai="84,126" doraHaiUra="56,79" who="3" fromWho="1" sc="206,0,257,-80,375,0,152,90" /><INIT seed="6,0,0,3,2,102" ten="206,177,375,242" oya="2" hai0="38,117,135,23,15,18,12,98,35,40,77,92,94" hai1="4,64,110,32,75,24,28,81,56,67,128,41,116" hai2="11,79,27,8,57,84,7,33,55,25,129,103,44" hai3="122,132,58,87,93,49,123,68,19,97,17,106,5"/><V112/><F33/><W120/><G68/><T88/><D135/><U66/><E116/><V26/><F112/><W61/><G132/><T46/><D35/><U39/><E110/><V96/><F129/><W107/><G5/><T80/><D94/><U10/><E128/><V53/><F44/><W99/><G49/><T31/><D31/><U86/><E75/><V45/><F45/><W133/><G133/><T105/><D105/><U74/><E74/><V30/><F30/><W47/><G47/><T22/><D117/><U108/><E108/><V48/><F55/><W36/><G36/><T73/><REACH who="0" step="1"/><D15/><REACH who="0" ten="196,177,375,242" step="2"/><U109/><E109/><V0/><F0/><W113/><G106/><T104/><D104/><U82/><E41/><V111/><F111/><W91/><G107/><T1/><D1/><U59/><E39/><V3/><F3/><W90/><G113/><T89/><D89/><U21/><E32/><V54/><F103/><W118/><G118/><T130/><D130/><U60/><E59/><V51/><F57/><W34/><G34/><T62/><D62/><U100/><E100/><V115/><F115/><W9/><G58/><T43/><D43/><U83/><REACH who="1" step="1"/><E86/><REACH who="1" ten="196,167,375,242" step="2"/><V29/><F84/><W134/><G87/><T6/><D6/><U37/><E37/><V63/><F29/><W16/><G134/><T14/><D14/><AGARI ba="0,2" hai="4,10,14,21,24,28,56,60,64,66,67,81,82,83" machi="14" ten="40,2600,0" yaku="1,1,8,1,53,0" doraHai="102" doraHaiUra="114" who="1" fromWho="0" sc="196,-26,167,46,375,0,242,0" /><INIT seed="7,0,0,2,2,124" ten="170,213,375,242" oya="3" hai0="98,46,71,89,43,112,7,52,54,92,53,6,75" hai1="94,104,30,86,113,19,85,70,17,49,91,118,99" hai2="35,76,8,130,65,102,34,67,120,16,20,27,84" hai3="64,50,62,18,31,1,123,117,133,29,36,47,41"/><W9/><G133/><T44/><D71/><U122/><E70/><V105/><F130/><W57/><G123/><T22/><D75/><U78/><E118/><V126/><F105/><W45/><G117/><T42/><D112/><U95/><E122/><V14/><F102/><W116/><G116/><T128/><D128/><U3/><E3/><V4/><F120/><W93/><G93/><T15/><D22/><U69/><E69/><V2/><F126/><W25/><G25/><T58/><D58/><U33/><E113/><V60/><F60/><W88/><G88/><T110/><D110/><U59/><E104/><V32/><F76/><W0/><G0/><T24/><D24/><U131/><E30/><N who="2" m="19551" /><F84/><W48/><G36/><T55/><N who="0" m="13312" /><DORA hai="132" /><T129/><D129/><U56/><E49/><V5/><F5/><N who="0" m="1546" /><D15/><U106/><E106/><V109/><F109/><W90/><G1/><T12/><D12/><U79/><E33/><AGARI ba="0,0" hai="2,4,8,14,16,20,33,34,35,65,67" m="19551" machi="33" ten="30,2000,0" yaku="24,1,54,1" doraHai="124,132" who="2" fromWho="1" sc="170,0,213,-20,375,20,242,0" owari="170,-33.0,193,-21.0,395,50.0,242,4.0" /></mjloggm>