<mjloggm ver="2.3"><GO type="169" lobby="0"/><UN n0="%E3%82%A6%E3%83%AB%E3%83%88%E3%83%A9%E7%AB%8B%E7%9B%B4" n1="%E3%82%B8%E3%83%A7%E3%83%BC%E3%82%BF%E3%82%AF%E3%83%8F%E3%82%A4" n2="%3D%4A%61%6D" n3="%E6%9E%97%E9%9D%92" dan="18,17,16,16" rate="2222.25,2167.80,2066.25,2016.77" sx="M,F,M,M"/><TAIKYOKU oya="0"/><INIT seed="0,0,0,5,1,6" ten="250,250,250,250" oya="0" hai0="115,17,132,52,78,118,48,11,59,16,45,32,64" hai1="95,26,46,135,69,134,68,66,119,122,96,39,127" hai2="83,100,56,37,10,15,130,123,4,99,62,82,21" hai3="38,53,51,107,54,43,121,76,91,125,77,108,44"/><T126/><D32/><U71/><E26/><V81/><F37/><W103/><G125/><T42/><D115/><U55/><E119/><V114/><F114/><W34/><G34/><T57/><D118/><U129/><E122/><V79/><F130/><W24/><G121/><T41/><D132/><N who="1" m="50731" /><E95/><V110/><F110/><W50/><G108/><T20/><D126/><U75/><E96/><V18/><F123/><W3/><G3/><T101/><D101/><U98/><E98/><V27/><F79/><W72/><G24/><N who="0" m="14343" /><D78/><U93/><E93/><V19/><F19/><W30/><G30/><T58/><D64/><U109/><E75/><V29/><F4/><W106/><G72/><T94/><D94/><U92/><E92/><N who="2" m="58471" /><F83/><W74/><G74/><T36/><D36/><U97/><E97/><V87/><F87/><W40/><G103/><T35/><D35/><U84/><E84/><V13/><F13/><AGARI ba="0,0" hai="11,13,17,41,42,45,48,52,57,58,59" m="14343" machi="13" ten="30,11600,0" yaku="8,1,52,1,54,2" doraHai="6" who="0" fromWho="2" sc="250,116,250,0,250,-116,250,0" /><INIT seed="0,1,0,5,3,133" ten="366,250,134,250" oya="0" hai0="16,109,72,46,118,11,39,71,21,124,134,73,102" hai1="56,40,127,49,103,82,15,10,116,33,107,64,114" hai2="20,83,36,96,79,122,18,52,68,3,57,132,108" hai3="97,69,84,113,85,7,28,26,4,98,22,24,86"/><T99/><D118/><U50/><E116/><V129/><F122/><W106/><G69/><T12/><D71/><U104/><E33/><V62/><F3/><W131/><G113/><T90/><D134/><U112/><E82/><V123/><F132/><W54/><G131/><T32/><D32/><U130/><E130/><V55/><F129/><W27/><G106/><T80/><D109/><U121/><E121/><V31/><F36/><W23/><G54/><T34/><D34/><U92/><E40/><V51/><F108/><W19/><G19/><T76/><D90/><U111/><E111/><V75/><F123/><W93/><G93/><T110/><D110/><U128/><E128/><V95/><F31/><W67/><G67/><T135/><D135/><U14/><E64/><V70/><F51/><W89/><G89/><T6/><D46/><U38/><E56/><V74/><F75/><W42/><G42/><T115/><D39/><U126/><E38/><V65/><F70/><W37/><G37/><T41/><D41/><U81/><E81/><V44/><F44/><W5/><G28/><T35/><D35/><U25/><E103/><V66/><F66/><W45/><REACH who="3" step="1"/><G45/><REACH who="3" ten="366,250,134,240" step="2"/><T91/><D91/><U100/><E92/><V8/><F68/><W48/><G48/><T87/><D115/><U2/><E114/><V78/><F79/><W43/><G43/><T58/><D58/><U117/><E112/><V13/><F8/><W105/><G105/><T29/><D29/><U60/><E10/><V0/><F0/><W9/><G9/><T77/><D11/><U94/><E2/><RYUUKYOKU ba="1,1" sc="366,-15,250,-15,134,15,240,15" hai2="13,18,20,52,55,57,62,65,74,78,83,95,96" hai3="4,5,7,22,23,24,26,27,84,85,86,97,98" /><INIT seed="1,2,1,5,0,51" ten="351,235,149,255" oya="1" hai0="106,85,53,52,86,61,32,11,69,59,18,13,130" hai1="62,48,56,2,131,45,117,7,124,111,94,118,100" hai2="88,43,41,75,37,127,26,40,102,25,76,0,64" hai3="50,5,58,108,89,36,93,83,23,104,116,34,91"/><U92/><E124/><V73/><F37/><W135/><G34/><T96/><D32/><U10/><E131/><V120/><F0/><W109/><G36/><T6/><D130/><U87/><E111/><N who="3" m="42570" /><G104/><T77/><D69/><U105/><E105/><V97/><F120/><W39/><G39/><T112/><D112/><U42/><E92/><V20/><F127/><W19/><G5/><T14/><D77/><U115/><E115/><V81/><F73/><W90/><G135/><T9/><REACH who="0" step="1"/><D53/><REACH who="0" ten="341,235,149,255" step="2"/><U55/><REACH who="1" step="1"/><E87/><REACH who="1" ten="341,225,149,255" step="2"/><V107/><F75/><W114/><G114/><T3/><D3/><U67/><E67/><V27/><F64/><W65/><G65/><T60/><D60/><U125/><E125/><V123/><F123/><W79/><G116/><T31/><D31/><U1/><E1/><V133/><F133/><W74/><G93/><T66/><D66/><U17/><E17/><V30/><F76/><W33/><G79/><T29/><D29/><U78/><E78/><V8/><F30/><W47/><G74/><T44/><D44/><U132/><E132/><V35/><F107/><W22/><G47/><T95/><D95/><U70/><E70/><V71/><F71/><W16/><G83/><T54/><D54/><U113/><E113/><V99/><F81/><W110/><G110/><T128/><D128/><U38/><E38/><V80/><F80/><W101/><G19/><T49/><D49/><U63/><E63/><V12/><F41/><W4/><G50/><T122/><D122/><U24/><E24/><V103/><F43/><W15/><G16/><T129/><D129/><RYUUKYOKU ba="2,3" sc="341,15,225,15,149,-15,255,-15" hai0="6,9,11,13,14,18,52,59,61,85,86,96,106" hai1="2,7,10,42,45,48,55,56,62,94,100,117,118" /><INIT seed="1,3,3,3,2,64" ten="356,240,134,240" oya="1" hai0="123,80,43,98,79,112,0,8,90,69,47,94,62" hai1="1,52,4,56,63,53,45,6,30,116,5,61,25" hai2="99,68,24,55,65,37,96,40,122,27,29,36,10" hai3="101,115,13,35,39,18,82,60,100,34,106,77,105"/><U130/><E116/><V125/><F122/><W76/><G115/><T17/><D112/><U114/><E114/><V91/><F125/><W126/><G126/><T93/><D123/><U58/><E130/><V16/><F55/><W81/><G39/><T108/><D108/><U42/><E1/><V33/><F40/><W21/><G60/><T110/><D110/><U86/><E86/><V127/><F127/><W117/><G117/><T131/><D131/><U85/><E85/><V7/><F96/><W75/><G101/><T32/><D32/><U2/><E2/><V71/><F65/><W104/><REACH who="3" step="1"/><G100/><REACH who="3" ten="356,240,134,230" step="2"/><T57/><D62/><U87/><E87/><AGARI ba="3,4" hai="13,18,21,34,35,75,76,77,81,82,87,104,105,106" machi="87" ten="40,2600,0" yaku="1,1,2,1,53,0" doraHai="64" doraHaiUra="111" who="3" fromWho="1" sc="356,0,240,-35,134,0,230,75" /><INIT seed="2,0,0,3,0,37" ten="356,205,134,305" oya="2" hai0="80,122,43,47,71,117,56,132,17,57,18,54,90" hai1="28,95,126,73,124,29,1,35,59,38,7,89,125" hai2="21,6,82,2,119,87,19,112,104,26,48,16,77" hai3="103,134,12,64,53,135,22,107,31,13,4,94,68"/><V24/><F112/><W3/><G3/><T36/><D122/><U81/><E38/><V27/><F119/><W70/><G107/><T34/><D34/><U92/><E35/><V30/><F104/><W25/><G64/><T79/><D132/><N who="3" m="50729" /><G53/><T74/><D71/><N who="3" m="27177" /><G4/><T93/><D117/><U52/><E7/><V85/><F87/><W72/><G72/><T106/><D106/><U61/><E1/><V66/><F66/><W121/><G121/><T20/><D54/><U76/><REACH who="1" step="1"/><E95/><REACH who="1" ten="356,195,134,305" step="2"/><V115/><F115/><W127/><G127/><T58/><REACH who="0" step="1"/><D20/><REACH who="0" ten="346,195,134,305" step="2"/><U120/><E120/><V69/><F21/><W118/><G118/><T99/><AGARI ba="0,2" hai="17,18,36,43,47,56,57,58,74,79,80,90,93,99" machi="99" ten="30,8000,1" yaku="1,1,2,1,0,1,52,1,53,1" doraHai="37" doraHaiUra="40" who="0" fromWho="0" sc="346,100,195,-20,134,-40,305,-20" /><INIT seed="3,0,0,2,3,76" ten="446,175,94,285" oya="3" hai0="102,43,104,1,133,75,50,5,11,61,91,92,118" hai1="34,90,109,40,31,46,116,132,69,120,55,73,53" hai2="80,67,125,59,128,32,105,96,30,3,100,113,0" hai3="28,130,10,12,114,48,82,23,93,26,110,98,38"/><W112/><G38/><T29/><D118/><U111/><E73/><V63/><F113/><W25/><G130/><T115/><D75/><U9/><E120/><V57/><F128/><W108/><G48/><T13/><D133/><U41/><E69/><V134/><F134/><W135/><G135/><T18/><D29/><U33/><E132/><V54/><F125/><W49/><G49/><T88/><D104/><U47/><E9/><V106/><F106/><W89/><G26/><T52/><D115/><U22/><E22/><V85/><F30/><W56/><G56/><N who="0" m="34951" /><D1/><U119/><E31/><V99/><F96/><W24/><G24/><T74/><D74/><U37/><E90/><N who="0" m="34345" /><D18/><U65/><E65/><V123/><F32/><W62/><G62/><T39/><D39/><AGARI ba="0,0" hai="33,34,37,39,40,41,46,47,53,55,109,111,116,119" machi="39" ten="25,1600,0" yaku="22,2" doraHai="76" who="1" fromWho="0" sc="446,-16,175,16,94,0,285,0" /><INIT seed="4,0,0,4,1,90" ten="430,191,94,285" oya="0" hai0="50,99,8,23,122,41,31,105,118,19,15,77,46" hai1="5,29,16,21,40,88,91,52,133,45,81,79,1" hai2="57,53,110,132,74,54,112,127,11,75,89,38,83" hai3="107,70,97,63,27,64,67,135,32,44,85,51,18"/><T108/><D122/><U95/><E133/><V0/><F38/><W87/><G135/><T65/><D118/><U69/><E69/><V33/><F33/><W94/><G67/><T100/><D108/><U17/><E29/><V114/><F110/><W56/><G107/><T80/><D65/><U36/><E91/><V58/><F132/><W78/><G78/><T72/><REACH who="0" step="1"/><D31/><REACH who="0" ten="420,191,94,285" step="2"/><U62/><E21/><AGARI ba="0,1" hai="8,15,19,21,23,41,46,50,72,77,80,99,100,105" machi="21" ten="40,7700,0" yaku="1,1,2,1,53,1" doraHai="90" doraHaiUra="4" who="0" fromWho="1" sc="420,87,191,-77,94,0,285,0" /><INIT seed="4,1,0,3,3,69" ten="507,114,94,285" oya="0" hai0="90,24,33,34,32,84,85,36,75,81,31,56,106" hai1="20,5,80,88,30,49,135,73,59,130,1,105,117" hai2="70,71,99,46,124,25,96,86,131,28,52,10,44" hai3="114,17,57,67,58,2,132,118,66,125,123,119,100"/><T23/><D106/><U54/><E117/><N who="3" m="44554" /><G17/><T134/><D134/><U35/><E35/><V94/><F124/><W78/><G78/><T111/><D111/><U21/><E135/><V122/><F122/><W91/><G91/><T83/><D75/><U11/><E105/><V126/><F126/><W95/><G95/><T27/><D56/><N who="3" m="21609" /><G100/><T0/><D0/><U13/><E130/><V133/><F133/><W97/><G97/><T60/><D60/><U110/><E110/><V19/><F131/><W26/><G26/><T16/><REACH who="0" step="1"/><D36/><REACH who="0" ten="497,114,94,285" step="2"/><U14/><E1/><V101/><F71/><W51/><G2/><T127/><D127/><U38/><E38/><V48/><F70/><W116/><G125/><T76/><AGARI ba="1,1" hai="16,23,24,27,31,32,33,34,76,81,83,84,85,90" machi="76" ten="20,7800,0" yaku="1,1,0,1,7,1,54,1,53,0" doraHai="69" doraHaiUra="55" who="0" fromWho="0" sc="497,91,114,-27,94,-27,285,-27" /><INIT seed="4,2,0,0,2,56" ten="588,87,67,258" oya="0" hai0="0,30,69,43,57,71,108,18,3,7,35,24,117" hai1="20,14,54,133,123,47,65,70,128,96,64,29,31" hai2="53,32,127,88,12,8,67,113,1,79,51,42,11" hai3="52,99,21,46,76,15,120,132,102,44,41,81,72"/><T62/><D117/><U63/><E123/><V2/><F32/><W23/><G132/><T37/><D108/><U40/><E133/><V111/><F111/><W122/><G15/><T100/><D100/><U90/><E128/><V58/><F127/><W80/><G80/><T105/><D105/><U75/><E75/><V45/><F113/><W50/><G122/><T26/><D43/><U101/><E90/><V28/><F28/><W121/><G120/><T83/><D37/><U27/><E54/><V85/><F67/><W59/><G121/><T9/><D3/><U13/><E31/><V106/><F106/><W126/><G126/><T131/><D131/><U118/><E65/><V134/><F11/><W33/><G33/><T78/><D24/><U19/><E19/><V66/><F66/><W115/><G115/><T16/><D71/><U77/><E77/><V95/><F79/><W17/><G17/><T38/><D38/><U60/><E118/><V107/><F107/><W61/><REACH who="3" step="1"/><G46/><REACH who="3" ten="588,87,67,248" step="2"/><T68/><D18/><U130/><E130/><V114/><F114/><W10/><G10/><T55/><D16/><U48/><E14/><V82/><F82/><W91/><G91/><T5/><D5/><U135/><E13/><V36/><F134/><W6/><G6/><AGARI ba="2,1" hai="1,2,6,8,12,36,42,45,51,53,58,85,88,95" machi="6" ten="30,2000,0" yaku="7,1,54,1" doraHai="56" who="2" fromWho="3" sc="588,0,87,0,67,36,248,-26" /><INIT seed="5,0,0,0,0,128" ten="588,87,103,222" oya="1" hai0="133,54,116,125,134,62,9,37,106,46,2,1,19" hai1="126,51,87,127,11,60,50,15,38,80,77,27,13" hai2="58,75,83,31,92,6,86,74,132,97,113,49,8" hai3="89,105,20,96,61,70,34,72,47,5,56,109,101"/><U130/><E38/><V36/><F36/><W82/><G34/><T12/><D106/><U25/><E130/><V18/><F113/><W17/><G70/><T76/><D116/><U135/><E60/><V108/><F108/><W32/><G32/><T39/><D125/><N who="1" m="47627" /><E135/><N who="0" m="51721" /><D76/><U28/><E15/><V10/><F31/><W16/><G17/><T68/><D39/><U73/><E73/><V117/><F117/><W107/><G5/><T93/><D93/><U41/><E41/><V63/><F49/><N who="1" m="18441" /><E28/><V102/><F18/><AGARI ba="0,0" hai="11,13,18,25,27,77,80,87" m="18441,47627" machi="18" ten="30,1500,0" yaku="18,1" doraHai="128" who="1" fromWho="2" sc="588,0,87,15,103,-15,222,0" /><INIT seed="5,1,0,3,5,103" ten="588,102,88,222" oya="1" hai0="96,56,89,31,40,53,121,85,54,1,129,110,24" hai1="16,126,74,69,22,34,77,14,72,28,84,64,87" hai2="86,37,125,50,105,63,62,29,124,18,3,79,101" hai3="32,113,39,111,7,27,75,21,23,48,91,41,66"/><U102/><E69/><V4/><F37/><W45/><G75/><T15/><D1/><U130/><E64/><V35/><F50/><W65/><G111/><T42/><D110/><U81/><E126/><N who="2" m="48747" /><F18/><W116/><G7/><T134/><D129/><U60/><E130/><V67/><F86/><W33/><G91/><T97/><D134/><U11/><E34/><V99/><F79/><W106/><G106/><T122/><D15/><U51/><E60/><V46/><F46/><W68/><G27/><T36/><D36/><U133/><E133/><V90/><F90/><W26/><G26/><T12/><D12/><U44/><E102/><V5/><F63/><W80/><G68/><T0/><D0/><U78/><E28/><V76/><F76/><W120/><G120/><T109/><D109/><U135/><E135/><V49/><F49/><W114/><G48/><T58/><D85/><U25/><E77/><V8/><F4/><W104/><G39/><T20/><D89/><U52/><REACH who="1" step="1"/><E74/><REACH who="1" ten="588,92,88,222" step="2"/><V9/><F29/><W100/><G100/><T70/><D70/><U61/><E61/><V13/><F35/><W43/><G33/><T57/><D122/><U94/><E94/><V17/><F62/><W98/><G32/><T10/><D121/><U73/><E73/><V92/><F67/><W71/><G66/><T82/><D31/><U30/><AGARI ba="1,1" hai="11,14,16,22,25,30,44,51,52,72,78,81,84,87" machi="30" ten="20,12000,1" yaku="1,1,0,1,7,1,54,2,53,0" doraHai="103" doraHaiUra="132" who="1" fromWho="1" sc="588,-41,92,133,88,-41,222,-41" /><INIT seed="5,2,0,1,2,72" ten="547,225,47,181" oya="1" hai0="99,18,80,120,1,107,20,70,5,132,28,62,117" hai1="78,111,19,131,101,116,11,31,130,113,9,58,98" hai2="60,26,67,55,96,38,109,88,77,122,104,73,103" hai3="50,64,57,84,94,128,129,49,123,87,79,48,69"/><U124/><E116/><V25/><F122/><W30/><G123/><T21/><D5/><U83/><E113/><V65/><F38/><W35/><G69/><T93/><D1/><U34/><E124/><V17/><F109/><W51/><G30/><T112/><D107/><U85/><E111/><V24/><F17/><W23/><G35/><T119/><D28/><U105/><E58/><V95/><F55/><W126/><G23/><T86/><D21/><U82/><E82/><V8/><F8/><W68/><G68/><T43/><D43/><U2/><E19/><V134/><F134/><W127/><G94/><T27/><D112/><U114/><E114/><V44/><F44/><W102/><G102/><T10/><D10/><U37/><E37/><V115/><F115/><W41/><G41/><T14/><D132/><U39/><E39/><V100/><F60/><N who="3" m="37903" /><G79/><T4/><D62/><U46/><E46/><V61/><F61/><W66/><N who="3" m="12288" /><DORA hai="54" /><W91/><G66/><T29/><D70/><U47/><E47/><V22/><F22/><W40/><G40/><T135/><D135/><U13/><E2/><V42/><F103/><W45/><G45/><T3/><D120/><U15/><E34/><V33/><F42/><W71/><G71/><T97/><D3/><U121/><E121/><V56/><F33/><W118/><G118/><T74/><D119/><U6/><E31/><V110/><F110/><W52/><G52/><T63/><D29/><U125/><E11/><V106/><F56/><W0/><G0/><T108/><D117/><U12/><E125/><N who="3" m="47626" /><G91/><T7/><D108/><RYUUKYOKU ba="2,0" sc="547,-15,225,15,47,-15,181,15" hai1="6,9,12,13,15,78,83,85,98,101,105,130,131" hai3="84,87,128,129" /><INIT seed="5,3,0,2,0,4" ten="532,240,32,196" oya="1" hai0="72,80,108,9,104,27,79,70,21,12,26,34,31" hai1="75,49,107,19,46,8,76,11,54,73,90,10,121" hai2="14,16,112,89,102,132,62,1,25,37,128,105,6" hai3="33,97,119,55,85,58,91,39,94,48,82,101,129"/><U56/><E121/><V66/><F37/><W18/><G39/><T118/><D104/><U74/><E107/><V88/><F132/><W64/><G33/><T63/><D108/><U67/><E90/><V130/><F25/><W68/><G129/><N who="2" m="49769" /><F112/><W69/><G119/><T98/><D98/><U93/><E93/><V95/><F105/><W127/><G127/><T23/><D118/><U22/><E67/><V42/><F42/><W81/><G64/><T24/><D70/><U30/><E30/><V124/><F124/><W38/><G38/><T122/><D122/><U84/><E84/><V135/><F135/><W43/><G43/><T115/><D115/><U109/><E109/><V99/><F6/><W117/><G117/><T96/><D72/><U47/><REACH who="1" step="1"/><E76/><REACH who="1" ten="532,230,32,196" step="2"/><V133/><F133/><W65/><G65/><T7/><D79/><U114/><E114/><V60/><F1/><W29/><G29/><T83/><D31/><U116/><E116/><V92/><F66/><W3/><G3/><T15/><D34/><U45/><E45/><V28/><F28/><W50/><G91/><N who="2" m="34889" /><F95/><W35/><G94/><T20/><D96/><U71/><E71/><V44/><F44/><W126/><G97/><T123/><D123/><U113/><E113/><V0/><F0/><W111/><G69/><T13/><D83/><U120/><E120/><V32/><F32/><W86/><G35/><T57/><D80/><U61/><E61/><V77/><F77/><W110/><G110/><T17/><D63/><U100/><E100/><V40/><F40/><W106/><G111/><T131/><D131/><RYUUKYOKU ba="3,1" sc="532,-15,230,15,32,15,196,-15" hai1="8,10,11,19,22,46,47,49,54,56,73,74,75" hai2="14,16,60,62,92,99,102" /><INIT seed="5,4,1,1,4,41" ten="517,245,47,181" oya="1" hai0="64,83,66,103,99,55,3,32,77,100,113,21,45" hai1="79,107,119,126,42,67,54,35,125,94,88,52,122" hai2="74,49,0,124,50,93,44,1,36,110,4,18,26" hai3="31,15,115,135,19,123,85,96,127,116,133,8,63"/><U81/><E119/><V87/><F74/><W82/><G123/><T108/><D32/><U102/><E35/><V84/><F110/><W59/><G116/><T130/><D3/><U117/><E117/><V29/><F124/><N who="1" m="47721" /><E67/><V114/><F18/><W6/><G127/><T106/><D100/><U43/><E102/><V73/><F73/><W20/><G96/><T17/><D108/><U131/><E107/><V62/><F62/><W72/><G72/><T12/><D113/><U33/><E33/><V11/><F0/><W34/><G115/><T90/><D90/><U120/><E131/><V69/><F69/><W92/><G34/><T30/><D30/><U91/><E79/><V105/><F105/><W60/><G31/><T2/><D130/><U10/><E10/><V27/><F114/><W89/><G92/><T132/><D64/><U46/><E81/><V51/><F29/><W104/><G104/><T71/><D66/><U24/><E24/><V75/><F75/><W134/><G59/><T121/><D77/><U40/><E91/><V80/><F93/><W128/><G128/><T7/><D83/><U58/><E58/><V65/><F65/><W95/><G82/><T129/><D129/><U25/><E25/><AGARI ba="4,1" hai="6,8,15,19,20,25,60,63,85,89,95,133,134,135" machi="25" ten="40,1300,0" yaku="20,1" doraHai="41" who="3" fromWho="1" sc="517,0,245,-25,47,0,181,35" /><INIT seed="6,0,0,5,0,99" ten="517,220,47,216" oya="2" hai0="127,85,33,39,111,34,66,98,0,114,7,20,119" hai1="55,49,27,117,57,102,5,135,47,124,42,61,125" hai2="26,104,71,60,65,18,64,68,32,76,86,58,73" hai3="28,109,83,13,3,88,17,29,12,132,50,133,38"/><V72/><F58/><W52/><G38/><T43/><D85/><U96/><E117/><V48/><F48/><W30/><G3/><T16/><D66/><U106/><E135/><N who="3" m="51786" /><G109/><T97/><D111/><U22/><E5/><V35/><F86/><N who="3" m="50271" /><G17/><T21/><D21/><U1/><E1/><V14/><F76/><W79/><G79/><T131/><D16/><U81/><E81/><V23/><F104/><W41/><G41/><T95/><D43/><U51/><E51/><V134/><F134/><W129/><G129/><T31/><D131/><U40/><E40/><V45/><F45/><AGARI ba="0,0" hai="12,13,28,29,30,45,50,52" m="50271,51786" machi="45" ten="30,3900,0" yaku="20,1,54,2" doraHai="99" who="3" fromWho="2" sc="517,0,220,0,47,-39,216,39" /><INIT seed="7,0,0,2,4,114" ten="517,220,8,255" oya="3" hai0="98,83,46,15,99,52,61,75,10,72,117,56,105" hai1="118,16,62,8,134,131,26,24,115,6,40,132,13" hai2="55,116,38,109,123,23,4,125,64,28,20,106,54" hai3="65,79,80,3,81,86,27,73,34,68,103,9,29"/><W88/><G103/><T96/><D117/><U121/><E121/><V130/><F64/><W0/><REACH who="3" step="1"/><G9/><REACH who="3" ten="517,220,8,245" step="2"/><T19/><D10/><U93/><E8/><V58/><F58/><W36/><G36/><T18/><D56/><U7/><E134/><V122/><F4/><W110/><G110/><T57/><D57/><U91/><E132/><V82/><F28/><W120/><G120/><T104/><D104/><U21/><E7/><V111/><F82/><W48/><G48/><T51/><D105/><U92/><E6/><V44/><F106/><W2/><G2/><T63/><D83/><U135/><E135/><V39/><F20/><W22/><G22/><T50/><D50/><U101/><E101/><V85/><F23/><W17/><G17/><T113/><D19/><U126/><E16/><V90/><F90/><W66/><G66/><T119/><D18/><U76/><E21/><V31/><F31/><W71/><G71/><T84/><D51/><U32/><E91/><V42/><F85/><W35/><G35/><T95/><D84/><U108/><E32/><V5/><F5/><W77/><G77/><T129/><D99/><U124/><E76/><V43/><F44/><W87/><G87/><T107/><D96/><U25/><E108/><V78/><F78/><W47/><G47/><T59/><D98/><U37/><E37/><V127/><F130/><W53/><G53/><T100/><D52/><U67/><E67/><V97/><F97/><W128/><G128/><T69/><D129/><U70/><E131/><V74/><F74/><N who="0" m="28202" /><D100/><U49/><E70/><V14/><F14/><RYUUKYOKU ba="0,1" sc="517,-15,220,-15,8,15,245,15" hai2="38,39,42,43,54,55,109,111,116,122,123,125,127" hai3="0,3,27,29,34,65,68,73,79,80,81,86,88" /><INIT seed="7,1,1,1,5,8" ten="502,205,23,260" oya="3" hai0="106,71,101,32,22,123,72,76,51,132,130,109,131" hai1="62,73,99,70,2,134,19,117,90,92,112,87,20" hai2="0,15,10,23,81,3,57,80,119,66,42,26,31" hai3="74,128,115,27,94,69,135,14,1,65,110,44,75"/><W58/><G58/><T83/><D32/><U35/><E35/><V104/><F104/><W13/><G1/><T50/><D71/><U16/><E2/><V118/><F66/><W98/><G115/><T111/><D123/><U86/><E73/><V52/><F42/><W97/><G65/><T103/><D132/><U28/><E134/><V67/><F67/><W46/><G69/><T29/><D22/><U85/><E70/><V124/><F0/><W53/><G53/><T18/><D18/><U114/><E62/><V17/><F124/><W6/><G6/><T126/><D29/><U12/><E117/><V4/><F119/><W39/><G135/><T30/><D30/><U102/><E28/><V79/><F79/><W49/><G49/><N who="0" m="18443" /><D126/><U96/><REACH who="1" step="1"/><E19/><REACH who="1" ten="502,195,23,260" step="2"/><V127/><F127/><W11/><G110/><N who="0" m="41995" /><D106/><AGARI ba="1,2" hai="12,16,20,85,86,87,90,92,96,99,102,106,112,114" machi="106" ten="40,8000,1" yaku="1,1,52,1,54,1,53,2" doraHai="8" doraHaiUra="93" who="1" fromWho="0" sc="502,-83,195,103,23,0,260,0" owari="419,52.0,298,10.0,23,-48.0,260,-14.0" /></mjloggm>