<mjloggm ver="2.3"><GO type="169" lobby="0"/><UN n0="%E3%81%A1%E3%82%83%E3%81%93%E3%81%93" n1="%E3%81%94%E3%82%8A%E3%81%94%E3%82%8A%E3%81%94%E3%82%8A%E3%82%89" n2="%E3%82%A6%E3%83%AB%E3%83%88%E3%83%A9%E7%AB%8B%E7%9B%B4" n3="%7A%65%52%6F" dan="16,16,17,18" rate="2119.41,2120.48,2200.63,2222.43" sx="F,M,M,M"/><TAIKYOKU oya="0"/><INIT seed="0,0,0,5,2,6" ten="250,250,250,250" oya="0" hai0="17,63,45,97,26,114,15,65,100,72,9,16,43" hai1="78,38,11,133,106,20,27,3,1,66,47,89,48" hai2="25,115,129,130,75,87,74,7,55,29,88,59,69" hai3="50,131,126,128,32,112,36,13,41,102,28,22,104"/><T57/><D72/><U52/><E106/><V96/><F96/><N who="3" m="61511" /><G36/><T86/><D114/><U24/><E38/><V125/><F69/><W121/><G112/><T82/><D45/><U95/><E133/><V110/><F7/><W92/><G92/><N who="0" m="58407" /><D43/><U21/><E78/><V68/><F68/><W127/><G121/><T123/><D123/><U90/><E66/><V76/><F115/><W107/><G107/><T39/><D39/><U8/><E3/><V42/><F42/><W105/><G105/><T2/><D2/><U19/><E1/><V61/><F125/><N who="3" m="47627" /><G32/><T64/><D64/><U101/><E101/><V12/><F12/><W67/><G67/><T71/><D71/><U116/><E116/><V34/><F110/><W31/><G50/><T73/><D73/><U99/><REACH who="1" step="1"/><E90/><REACH who="1" ten="250,240,250,250" step="2"/><V10/><F76/><W109/><G109/><T119/><D119/><U103/><E103/><V85/><F88/><W51/><G131/><T93/><D93/><U35/><E35/><V4/><F130/><W113/><G128/><T56/><D56/><U5/><E5/><V53/><F129/><W83/><G113/><T18/><D26/><U49/><E49/><V14/><F75/><W108/><G51/><T0/><D0/><U80/><E80/><V124/><F74/><W60/><G83/><T77/><AGARI ba="0,1" hai="9,15,16,17,18,57,63,65,77,82,86" m="58407" machi="77" ten="30,6000,0" yaku="8,1,52,1,54,1" doraHai="6" who="0" fromWho="0" sc="250,70,240,-20,250,-20,250,-20" /><INIT seed="0,1,0,2,5,12" ten="320,220,230,230" oya="0" hai0="84,16,37,115,81,26,8,86,2,64,63,24,119" hai1="135,92,94,71,131,76,101,69,40,11,5,105,109" hai2="46,25,102,74,108,21,99,106,67,30,58,128,130" hai3="10,125,126,112,36,77,6,85,93,111,33,53,7"/><T129/><D119/><U23/><E76/><V83/><F108/><W91/><G112/><T13/><D115/><U124/><E40/><V90/><F46/><W0/><G111/><T32/><D37/><U134/><E109/><V118/><F118/><W132/><G132/><N who="1" m="50730" /><E23/><V88/><F74/><W70/><G70/><N who="1" m="26634" /><E131/><N who="2" m="50219" /><F83/><W14/><G33/><T116/><D116/><U43/><E43/><V60/><AGARI ba="1,0" hai="21,25,30,58,60,67,88,90,99,102,106" m="50219" machi="60" ten="30,2000,0" yaku="19,1,54,1" doraHai="12" who="2" fromWho="2" sc="320,-11,220,-6,230,23,230,-6" /><INIT seed="1,0,0,3,0,64" ten="309,214,253,224" oya="1" hai0="4,63,50,86,28,67,57,124,1,131,87,15,75" hai1="40,100,45,22,70,96,10,109,58,134,81,18,127" hai2="77,46,104,128,119,103,8,116,11,56,39,129,90" hai3="92,74,32,80,68,5,89,107,49,112,93,7,113"/><U118/><E118/><V51/><F77/><W102/><G68/><T59/><D75/><U69/><E109/><V91/><F39/><W35/><G49/><T9/><D124/><U19/><E134/><V99/><F56/><W55/><G55/><N who="0" m="31991" /><D1/><U135/><E135/><V2/><F91/><W123/><G123/><T122/><D131/><N who="2" m="50250" /><F90/><W34/><G107/><T13/><D28/><U105/><E127/><V38/><F38/><W61/><G61/><T42/><D42/><U41/><E58/><V12/><F2/><W20/><G102/><T95/><D122/><U47/><E10/><N who="2" m="3627" /><F12/><W114/><G74/><T73/><D73/><U23/><E81/><V111/><F111/><W25/><G80/><T121/><D121/><U52/><E52/><AGARI ba="0,0" hai="46,51,52,99,103,104,116,119" m="3627,50250" machi="52" ten="30,2000,0" yaku="19,1,54,1" doraHai="64" who="2" fromWho="1" sc="309,0,214,-20,253,20,224,0" /><INIT seed="2,0,0,3,4,61" ten="309,194,273,224" oya="2" hai0="88,49,58,29,108,115,113,104,100,127,7,111,40" hai1="71,89,43,24,97,9,22,37,32,80,11,55,105" hai2="128,15,33,130,47,106,26,79,118,41,67,6,103" hai3="132,12,2,124,120,70,16,20,69,36,25,64,66"/><V56/><F79/><W17/><G2/><T72/><D72/><U131/><E32/><V75/><F75/><W107/><G120/><T116/><D29/><U129/><E71/><V38/><F118/><W5/><G107/><T95/><D7/><U54/><E43/><V99/><F33/><W1/><G36/><T76/><D127/><U8/><E37/><V48/><F26/><W91/><G5/><T134/><D134/><U84/><E97/><V51/><F15/><W46/><G1/><T3/><D3/><U68/><E68/><V35/><F6/><W63/><G124/><T14/><D14/><U122/><E105/><V31/><F31/><W30/><G46/><N who="0" m="25799" /><D58/><U119/><E122/><V78/><F78/><W50/><G50/><T77/><D116/><U96/><E96/><V125/><F35/><W44/><G44/><T57/><D57/><U85/><E119/><V23/><F23/><W4/><G132/><T74/><D100/><U34/><E34/><V53/><F125/><W87/><G4/><T121/><D104/><U126/><E126/><V112/><F112/><W110/><G110/><N who="0" m="42027" /><D121/><U28/><E131/><N who="2" m="50219" /><F38/><W102/><G102/><T94/><D74/><U60/><E129/><V135/><F135/><W19/><G12/><T62/><D113/><U27/><E27/><V109/><F109/><W90/><G87/><T45/><D115/><U18/><E85/><V21/><F21/><W123/><G123/><T98/><D95/><U81/><E81/><V101/><F101/><W10/><G10/><T117/><D117/><U65/><E28/><V86/><F86/><RYUUKYOKU ba="0,0" sc="309,-30,194,10,273,10,224,10" hai1="8,9,11,18,22,24,54,55,60,65,80,84,89" hai2="41,47,48,51,53,56,67,99,103,106" hai3="16,17,19,20,25,30,63,64,66,69,70,90,91" /><INIT seed="2,1,0,1,1,66" ten="279,204,283,234" oya="2" hai0="24,99,63,29,37,47,124,20,112,115,56,34,1" hai1="107,133,71,86,41,31,67,120,58,60,70,11,61" hai2="10,51,80,42,128,14,105,21,102,91,84,36,75" hai3="73,82,126,16,111,130,106,52,45,74,79,44,12"/><V127/><F36/><W113/><G111/><T9/><D124/><U54/><E107/><V104/><F127/><W81/><G126/><T32/><D1/><U6/><E31/><V123/><F123/><W4/><G106/><T33/><D9/><U114/><E114/><V131/><F21/><W109/><G113/><T90/><D37/><U97/><E120/><V72/><F51/><W134/><G109/><T94/><REACH who="0" step="1"/><D47/><REACH who="0" ten="269,204,283,234" step="2"/><U49/><E133/><V22/><F131/><W93/><G130/><T27/><D27/><U100/><E11/><V125/><F128/><W57/><G134/><T92/><D92/><U15/><E15/><V35/><F105/><W46/><G93/><T43/><D43/><U55/><E41/><V64/><F42/><W108/><G108/><T2/><D2/><U0/><E0/><V83/><F10/><W30/><G4/><T68/><D68/><U23/><E6/><V118/><F125/><W38/><G38/><T48/><D48/><U3/><E3/><V59/><F14/><W25/><G12/><T7/><D7/><U76/><E71/><V122/><F122/><W40/><G40/><T28/><D28/><U50/><E49/><V26/><F26/><W69/><G69/><T53/><AGARI ba="1,1" hai="20,24,29,32,33,34,53,56,63,90,94,99,112,115" machi="53" ten="30,4000,0" yaku="1,1,0,1,53,1" doraHai="66" doraHaiUra="87" who="0" fromWho="0" sc="269,53,204,-11,283,-21,234,-11" /><INIT seed="3,0,0,3,0,55" ten="322,193,262,223" oya="3" hai0="52,54,115,135,6,96,5,13,99,71,104,79,47" hai1="45,51,94,16,76,91,123,68,64,118,120,48,98" hai2="106,100,90,77,69,0,75,85,33,72,49,65,129" hai3="29,8,53,17,11,134,50,28,95,110,40,56,80"/><W57/><G134/><T14/><D135/><U105/><E118/><V22/><F0/><W107/><G107/><T86/><D71/><U101/><E64/><V113/><F33/><W131/><G131/><T43/><D104/><U12/><E68/><V59/><F69/><W74/><G110/><T1/><D1/><U92/><E76/><V124/><F113/><W70/><G70/><T21/><D21/><U9/><E51/><V25/><F77/><W108/><G108/><T36/><D115/><U63/><E63/><V31/><F129/><W62/><G74/><T126/><D126/><U20/><E9/><N who="3" m="3658" /><G80/><T34/><D34/><U127/><E127/><V82/><F124/><W116/><G116/><T35/><D35/><U42/><REACH who="1" step="1"/><E105/><REACH who="1" ten="322,183,262,223" step="2"/><V88/><F106/><W30/><G40/><T133/><D43/><U27/><E27/><V26/><F26/><W23/><G95/><T109/><D133/><U10/><E10/><V46/><F25/><N who="3" m="14575" /><G62/><T66/><D109/><U121/><E121/><V58/><F82/><W102/><G102/><T37/><D79/><U128/><E128/><V73/><F100/><W130/><G130/><T114/><D114/><U18/><E18/><V15/><F49/><W89/><G89/><T97/><D36/><U44/><E44/><AGARI ba="0,1" hai="28,29,30,44,50,53,56,57" m="14575,3658" machi="44" ten="30,5800,0" yaku="8,1,52,2" doraHai="55" who="3" fromWho="1" sc="322,0,183,-58,262,0,223,68" /><INIT seed="3,1,0,3,2,59" ten="322,125,262,291" oya="3" hai0="124,101,82,68,23,116,55,110,9,98,93,62,76" hai1="57,40,3,123,39,72,125,128,80,97,113,96,63" hai2="26,112,47,15,77,75,14,117,0,131,38,135,41" hai3="2,53,71,106,24,50,81,21,121,90,31,32,108"/><W111/><G121/><T22/><D110/><N who="3" m="42025" /><G106/><T6/><D116/><U8/><E123/><V83/><F117/><W84/><G2/><T120/><D124/><U74/><E113/><V109/><F112/><W66/><G66/><T46/><D120/><U78/><E72/><V51/><F109/><W35/><G71/><T119/><D119/><U87/><E128/><V48/><F131/><W16/><G31/><T67/><D46/><AGARI ba="1,0" hai="16,21,24,32,35,46,50,53,81,84,90" m="42025" machi="46" ten="30,5800,0" yaku="14,1,10,1,54,1" doraHai="59" who="3" fromWho="0" sc="322,-61,125,0,262,0,291,61" /><INIT seed="3,2,0,3,1,70" ten="261,125,262,352" oya="3" hai0="29,92,3,10,34,17,50,78,133,52,59,91,94" hai1="117,0,96,26,110,33,11,75,122,25,18,101,47" hai2="24,130,126,2,90,13,61,32,99,121,43,16,6" hai3="115,39,54,76,64,53,106,57,1,135,112,134,21"/><W67/><G21/><T22/><D133/><N who="3" m="50697" /><G76/><T107/><D107/><U127/><E117/><V30/><F130/><W12/><G12/><T98/><D78/><U51/><E75/><V129/><F129/><W5/><G5/><T85/><D29/><U87/><E122/><V109/><F90/><W93/><G93/><T68/><D34/><U42/><E110/><V105/><F99/><W63/><G1/><T88/><D68/><U7/><E127/><V69/><F105/><W123/><G106/><T31/><D31/><U72/><E72/><V95/><F95/><W83/><G83/><T111/><D111/><U19/><E87/><V125/><F109/><W80/><G80/><T35/><D35/><U114/><E114/><N who="3" m="43562" /><G123/><T102/><D3/><U84/><E84/><V116/><F6/><W128/><G128/><T65/><D10/><U9/><E9/><N who="2" m="6191" /><F2/><W74/><G74/><T49/><D102/><U28/><REACH who="1" step="1"/><E25/><REACH who="1" ten="261,115,262,352" step="2"/><V60/><F24/><W89/><G89/><T118/><D91/><U113/><E113/><V77/><F121/><W58/><G39/><T4/><D85/><U73/><E73/><V8/><F77/><W71/><G71/><T56/><D88/><U23/><E23/><V46/><F69/><W15/><G15/><T120/><D22/><U48/><E48/><AGARI ba="2,1" hai="48,53,54,57,58,63,64,67" m="43562,50697" machi="48" ten="30,5800,0" yaku="20,1,34,2" doraHai="70" who="3" fromWho="1" sc="261,0,115,-64,262,0,352,74" /><INIT seed="3,3,0,5,2,120" ten="261,51,262,426" oya="3" hai0="29,65,23,36,13,84,5,76,54,48,92,41,85" hai1="61,47,44,37,8,135,53,42,82,16,102,128,98" hai2="30,74,67,31,64,56,27,90,20,73,119,116,10" hai3="24,57,49,14,69,46,26,129,111,34,123,52,28"/><W130/><G69/><T4/><D65/><U62/><E128/><N who="3" m="49258" /><G123/><T6/><D36/><U107/><E135/><V80/><F10/><W70/><G70/><T117/><D117/><U11/><E82/><V109/><F80/><W95/><G14/><T99/><D41/><U121/><E121/><V114/><F90/><W104/><G104/><T94/><D76/><U35/><E35/><V58/><F20/><W122/><G122/><T124/><D124/><U33/><E33/><V39/><F27/><N who="3" m="18719" /><G111/><T19/><D29/><U68/><E68/><V18/><F18/><W59/><G95/><N who="0" m="36395" /><D99/><U91/><E91/><V101/><F101/><W12/><G12/><T3/><D3/><U112/><E112/><V32/><F32/><W79/><G79/><T9/><D9/><U86/><E86/><V22/><F22/><W51/><G59/><AGARI ba="3,0" hai="4,5,6,13,19,23,48,54,59,84,85" m="36395" machi="59" ten="30,1000,0" yaku="8,1" doraHai="120" who="0" fromWho="3" sc="261,19,51,0,262,0,426,-19" /><INIT seed="4,0,0,2,3,134" ten="280,51,262,407" oya="0" hai0="88,36,131,5,14,12,87,0,97,48,2,72,22" hai1="94,93,86,104,1,69,55,80,58,64,70,51,101" hai2="6,81,25,17,98,7,39,133,19,112,8,105,57" hai3="3,27,23,11,100,99,82,76,46,21,90,91,128"/><T61/><D36/><U119/><E1/><V9/><F39/><W95/><G128/><T20/><D72/><U33/><E119/><V47/><F105/><W67/><G67/><T4/><D2/><U84/><E33/><V83/><F112/><W26/><G46/><T62/><D97/><U124/><E124/><V10/><F133/><W106/><G26/><T96/><D96/><U53/><E64/><V37/><F37/><W45/><G45/><T54/><D131/><U50/><E104/><V132/><F132/><W75/><G27/><T13/><D22/><U107/><E107/><V130/><F47/><W40/><G40/><T117/><D117/><U127/><E80/><V92/><F57/><W85/><G91/><T109/><D20/><U74/><E74/><V66/><F66/><W123/><G123/><T120/><D109/><U43/><E58/><V65/><F65/><W42/><G42/><T35/><D35/><U111/><E43/><V89/><F130/><W114/><G114/><T38/><D38/><U29/><E29/><V116/><F116/><W135/><G135/><T16/><D120/><U108/><REACH who="1" step="1"/><E127/><REACH who="1" ten="280,41,262,407" step="2"/><V24/><F83/><W79/><G76/><T78/><D0/><U34/><E34/><V73/><F81/><W71/><G71/><T60/><D78/><U121/><E121/><V59/><F73/><W18/><G3/><T103/><D61/><U110/><E110/><V49/><F59/><W122/><G122/><T63/><D62/><U115/><E115/><V52/><F52/><W15/><AGARI ba="0,1" hai="11,15,18,21,23,75,79,82,85,90,95,99,100,106" machi="15" ten="30,4000,0" yaku="0,1,24,2" doraHai="134" who="3" fromWho="3" sc="280,-20,41,-10,262,-10,407,50" /><INIT seed="5,0,0,5,0,38" ten="260,31,252,457" oya="1" hai0="50,68,125,85,107,129,40,119,92,51,7,60,35" hai1="49,30,45,53,21,126,123,70,131,1,58,134,112" hai2="44,76,26,72,100,4,77,83,15,56,18,23,24" hai3="61,114,2,66,36,28,14,48,91,47,78,11,82"/><U133/><E1/><V132/><F100/><W6/><G36/><T97/><D35/><U130/><E123/><V116/><F116/><W69/><G28/><T67/><D119/><U75/><E75/><V46/><F132/><N who="1" m="50793" /><E30/><V59/><F72/><W62/><G62/><T93/><D129/><N who="1" m="49163" /><E21/><N who="2" m="11487" /><F4/><W115/><G91/><T34/><D7/><U101/><E101/><V65/><F65/><W32/><G32/><T104/><D34/><U127/><E112/><V74/><F74/><W80/><G2/><T29/><D29/><U121/><E121/><V39/><F39/><W0/><G0/><T54/><D104/><U20/><E20/><V96/><F26/><W128/><G128/><T13/><D107/><U86/><E86/><N who="2" m="48487" /><F96/><W27/><G27/><T120/><D97/><U99/><E99/><V124/><F24/><W71/><G115/><T87/><D85/><U42/><E70/><V88/><F23/><W64/><G114/><T110/><D87/><U81/><E81/><V17/><F77/><W25/><G25/><T105/><D120/><U117/><E117/><V95/><F95/><W10/><G78/><T52/><D92/><U102/><E102/><V19/><F88/><W3/><G82/><T9/><D93/><U122/><E122/><V108/><F108/><W84/><G84/><T55/><D110/><U106/><E106/><V8/><F8/><W33/><G80/><T63/><D105/><U90/><E90/><V22/><F22/><W89/><G89/><T135/><D9/><U16/><E16/><V31/><F19/><W118/><G33/><T79/><D135/><RYUUKYOKU ba="0,0" sc="260,-10,31,30,252,-10,457,-10" hai1="42,45,49,53,58,126,127" /><INIT seed="5,1,0,0,2,4" ten="250,61,242,447" oya="1" hai0="133,110,108,29,38,119,53,7,52,120,129,54,89" hai1="80,76,94,117,83,103,41,134,26,15,34,105,115" hai2="16,92,5,42,21,135,101,126,45,33,111,118,113" hai3="104,0,3,43,88,17,24,13,39,36,50,99,14"/><U25/><E117/><V127/><F33/><W22/><G0/><T77/><D119/><U19/><E105/><V98/><F111/><W84/><G3/><T75/><D38/><U64/><E115/><V31/><F31/><W85/><G85/><T71/><D71/><U48/><E64/><V1/><F118/><W66/><G66/><T37/><D37/><U61/><E134/><V128/><F135/><W47/><G14/><T28/><D133/><U102/><E61/><V60/><F60/><W23/><G99/><T6/><D129/><U12/><E34/><V124/><F128/><W32/><G104/><T132/><D132/><U123/><E123/><V109/><F109/><W78/><G78/><T44/><D44/><N who="1" m="25615" /><E15/><N who="2" m="9375" /><F113/><W81/><G32/><T131/><D131/><U51/><E51/><N who="2" m="27063" /><F1/><W106/><G106/><T112/><D75/><U35/><E35/><V100/><F5/><N who="0" m="1546" /><D112/><U8/><E76/><V10/><F10/><W116/><G116/><T59/><D77/><U56/><E56/><V96/><F96/><W18/><AGARI ba="1,0" hai="13,17,18,22,23,24,36,39,43,47,50,81,84,88" machi="18" ten="20,2700,0" yaku="0,1,7,1,54,1" doraHai="4" who="3" fromWho="3" sc="250,-8,61,-14,242,-8,447,30" /><INIT seed="6,0,0,2,3,44" ten="242,47,234,477" oya="2" hai0="103,109,13,65,71,1,64,10,28,4,107,96,37" hai1="73,36,74,118,82,111,120,92,48,46,126,7,91" hai2="79,80,124,117,45,59,104,78,35,84,23,85,47" hai3="121,95,87,66,14,90,125,70,89,54,9,40,0"/><V20/><F104/><W76/><G121/><T77/><D109/><U53/><E120/><V33/><F124/><W31/><G0/><T134/><D134/><U29/><E111/><V63/><F117/><W43/><G76/><T94/><D28/><U19/><E118/><V5/><F5/><W8/><G8/><T2/><D37/><U57/><E126/><V34/><F59/><W38/><G38/><T51/><D71/><U97/><E7/><V30/><F63/><W55/><G31/><T81/><D107/><U122/><E122/><V6/><F6/><W52/><G125/><T132/><D132/><U41/><E29/><V27/><REACH who="2" step="1"/><F20/><REACH who="2" ten="242,47,224,477" step="2"/><W99/><G70/><T3/><D2/><U119/><E119/><V98/><F98/><W24/><G99/><T22/><D1/><U88/><REACH who="1" step="1"/><E19/><REACH who="1" ten="242,37,224,477" step="2"/><V26/><F26/><W116/><G24/><T127/><D127/><U21/><E21/><V60/><F60/><W15/><G116/><T101/><D22/><U130/><E130/><V50/><F50/><W67/><G9/><T108/><D51/><U32/><E32/><V12/><F12/><W72/><G15/><T18/><D13/><U106/><E106/><V102/><F102/><W17/><G14/><T49/><D101/><U115/><E115/><V68/><F68/><W114/><G114/><T133/><D49/><U75/><E75/><V11/><F11/><W58/><G72/><N who="0" m="43175" /><D18/><U56/><E56/><V135/><F135/><W69/><G17/><T61/><D133/><U62/><E62/><V25/><F25/><W128/><G69/><N who="0" m="42127" /><D65/><N who="3" m="24585" /><G58/><T100/><D100/><RYUUKYOKU ba="0,2" sc="242,10,37,10,224,10,477,-30" hai0="3,4,10,94,96,103,108" hai1="36,41,46,48,53,57,73,74,82,88,91,92,97" hai2="23,27,30,33,34,35,45,47,78,79,80,84,85" /><INIT seed="6,1,2,2,3,9" ten="252,47,234,447" oya="2" hai0="56,65,101,26,51,33,15,99,19,115,128,44,88" hai1="119,84,107,70,80,25,22,66,35,3,20,83,60" hai2="61,112,55,118,14,11,17,24,103,8,110,6,43" hai3="30,79,2,109,41,13,125,74,27,59,16,117,32"/><V58/><F118/><W10/><G117/><T132/><D115/><U126/><E119/><V34/><F112/><W108/><G125/><T97/><D128/><U123/><E123/><V92/><F110/><W0/><G41/><T62/><D132/><U87/><E3/><V36/><F36/><W114/><G114/><T93/><D33/><U86/><E126/><V37/><F37/><W94/><G2/><T81/><D26/><U89/><E107/><V12/><F43/><W82/><G94/><T38/><D38/><U53/><E35/><V1/><F1/><W5/><G59/><T105/><D81/><U76/><E53/><V52/><F24/><W127/><G127/><T69/><D69/><U116/><E116/><V73/><F73/><W23/><AGARI ba="1,2" hai="0,5,10,13,16,23,27,30,32,74,79,82,108,109" machi="23" ten="20,12000,2" yaku="0,1,7,1,24,2,52,1,54,1" doraHai="9" who="3" fromWho="3" sc="252,-31,47,-31,234,-61,447,143" /><INIT seed="7,0,0,5,5,25" ten="221,16,173,590" oya="3" hai0="65,108,1,105,26,64,44,123,35,28,43,2,56" hai1="20,85,58,22,70,112,104,100,82,21,80,118,94" hai2="103,23,42,97,47,130,115,132,61,62,5,88,75" hai3="134,3,63,17,125,87,13,129,90,133,106,12,32"/><W15/><G3/><T91/><D123/><U69/><E112/><V54/><F75/><W16/><G106/><T4/><D105/><U71/><E104/><V83/><F115/><W96/><G125/><T18/><D108/><U11/><E118/><V126/><F126/><W78/><G129/><T89/><D65/><U98/><E11/><V93/><F5/><W72/><G32/><T29/><D29/><U102/><E58/><V120/><F132/><N who="3" m="50795" /><G96/><T59/><D59/><U124/><E124/><V67/><F54/><W92/><G63/><T114/><D114/><U135/><E98/><V31/><F67/><W14/><G14/><T99/><D18/><U73/><E135/><V113/><F113/><W74/><G74/><T39/><D99/><U37/><E73/><V57/><F57/><W34/><G34/><T45/><D45/><U109/><E94/><V7/><F120/><W6/><G6/><T128/><D128/><U84/><E37/><V117/><F7/><W95/><G95/><T131/><D131/><U30/><E30/><V24/><F117/><W60/><G60/><N who="0" m="37895" /><D4/><U110/><E110/><V10/><F10/><W77/><G72/><T33/><D33/><U8/><E8/><V40/><F130/><W0/><G0/><T68/><D68/><U81/><E109/><V121/><F121/><W53/><G53/><T46/><D46/><U41/><E41/><V101/><F42/><W119/><G119/><T9/><D9/><U122/><E122/><V79/><F40/><W116/><G116/><T111/><D111/><U52/><E52/><V36/><F97/><RYUUKYOKU ba="0,0" sc="221,10,16,10,173,-30,590,10" hai0="1,2,26,28,35,39,43,44,89,91" hai1="20,21,22,69,70,71,80,81,82,84,85,100,102" hai3="12,13,15,16,17,77,78,87,90,92" owari="231,3.0,26,-47.0,143,-26.0,600,70.0" /></mjloggm>