<mjloggm ver="2.3"><GO type="169" lobby="0"/><UN n0="%68%69%6D%69%79%6F" n1="%E8%A5%BF%E6%9C%A8%E9%87%8E%E7%9C%9F%E5%A7%AB%EF%BC%9F" n2="%E3%83%88%E3%83%88%E3%83%AA%E5%85%88%E7%94%9F%31%39%E6%AD%B3" n3="%76%65%74%65%72%69%6E%61" dan="16,16,19,16" rate="2066.68,2089.68,2297.39,2040.33" sx="M,F,F,M"/><TAIKYOKU oya="0"/><INIT seed="0,0,0,0,2,61" ten="250,250,250,250" oya="0" hai0="126,14,91,8,83,28,7,98,19,133,113,94,85" hai1="123,130,92,42,11,66,31,36,90,104,18,135,21" hai2="125,20,67,0,115,108,128,15,65,60,44,57,109" hai3="72,12,63,78,87,52,49,95,53,58,64,54,41"/><T3/><D113/><U102/><E123/><V48/><F115/><W62/><G72/><T107/><D133/><U103/><E104/><V119/><F0/><W121/><G121/><T27/><D126/><U30/><E130/><V51/><F128/><W122/><G122/><T40/><D40/><U79/><E79/><V120/><F120/><W82/><G95/><T35/><D107/><U86/><E135/><V114/><F114/><W105/><G105/><T117/><D117/><U59/><E36/><V129/><F129/><W6/><G62/><T132/><D132/><U1/><E11/><V45/><F20/><W26/><G26/><T34/><D34/><U110/><E1/><V16/><F125/><W77/><G77/><T43/><D43/><U101/><E110/><N who="2" m="42603" /><F51/><W80/><G82/><T9/><REACH who="0" step="1"/><D83/><REACH who="0" ten="240,250,250,250" step="2"/><U37/><E42/><N who="2" m="24599" /><F119/><W106/><G106/><T24/><D24/><N who="1" m="14391" /><E37/><V84/><F45/><W33/><G33/><T97/><AGARI ba="0,1" hai="3,7,8,9,14,19,27,28,35,85,91,94,97,98" machi="97" ten="30,6000,0" yaku="1,1,0,1,53,1" doraHai="61" doraHaiUra="89" who="0" fromWho="0" sc="240,70,250,-20,250,-20,250,-20" /><INIT seed="0,1,0,5,0,77" ten="310,230,230,230" oya="0" hai0="29,50,37,10,132,46,26,86,32,74,57,61,34" hai1="54,58,40,99,129,21,20,118,13,88,89,9,100" hai2="115,44,98,19,35,94,79,7,36,73,66,83,109" hai3="39,112,75,114,51,105,23,84,124,81,123,113,25"/><T104/><D74/><U71/><E129/><V48/><F115/><W76/><G39/><T22/><D104/><U119/><E71/><V93/><F35/><W2/><G2/><T101/><D132/><U31/><E40/><V53/><F109/><W24/><G123/><T69/><D101/><U130/><E130/><V90/><F36/><W108/><G108/><T78/><D69/><U6/><E119/><V111/><F111/><W91/><G124/><T18/><D37/><U28/><E118/><V5/><F66/><W82/><G105/><T27/><D10/><U0/><E0/><V72/><F72/><W43/><REACH who="3" step="1"/><G23/><REACH who="3" ten="310,230,230,220" step="2"/><T103/><D34/><U3/><E21/><V33/><F33/><W64/><G64/><T15/><D32/><U63/><E3/><V14/><REACH who="2" step="1"/><F93/><REACH who="2" ten="310,230,220,220" step="2"/><W96/><G96/><T122/><D122/><U59/><E31/><V102/><F102/><W121/><G121/><T17/><D103/><U67/><E28/><V41/><F41/><W52/><G52/><T87/><D29/><U128/><E128/><V134/><F134/><W126/><G126/><T131/><D131/><U16/><E20/><AGARI ba="1,2" hai="5,7,14,19,20,44,48,53,73,79,83,90,94,98" machi="20" ten="30,7700,0" yaku="1,1,7,1,52,1,53,1" doraHai="77" doraHaiUra="42" who="2" fromWho="1" sc="310,0,230,-80,220,100,220,0" /><INIT seed="1,0,0,2,5,105" ten="310,150,320,220" oya="1" hai0="52,94,134,93,60,34,21,120,123,39,42,88,78" hai1="27,121,124,35,44,117,72,61,70,32,20,64,33" hai2="13,50,104,54,23,45,18,125,47,51,122,57,99" hai3="67,81,41,56,10,100,92,84,106,24,8,118,133"/><U130/><E121/><N who="0" m="46665" /><D34/><U66/><E117/><V115/><F122/><W0/><G133/><T36/><D134/><U95/><E124/><V83/><F125/><W89/><G118/><T53/><D78/><U38/><E130/><V6/><F115/><W113/><G113/><T16/><D94/><U3/><E66/><V132/><F132/><W30/><G106/><T112/><D112/><U77/><E95/><V97/><F104/><W98/><G0/><T111/><D111/><U7/><E20/><V26/><F57/><W11/><G41/><T79/><D79/><U49/><E49/><V114/><F114/><W103/><G103/><T128/><D128/><U63/><E63/><V46/><F46/><W14/><G67/><T75/><D75/><U43/><E27/><V65/><F65/><W71/><G56/><N who="0" m="34823" /><D53/><U1/><REACH who="1" step="1"/><E7/><REACH who="1" ten="310,140,320,220" step="2"/><V102/><F6/><N who="3" m="3351" /><G71/><T4/><D4/><U2/><E2/><V12/><F50/><W87/><G84/><N who="0" m="52359" /><D42/><U91/><E91/><V116/><F116/><W62/><G62/><T55/><D55/><U82/><AGARI ba="0,1" hai="1,3,32,33,35,38,43,44,61,64,70,72,77,82" machi="82" ten="40,18000,2" yaku="1,1,0,1,33,3,52,1,53,0" doraHai="105" doraHaiUra="110" who="1" fromWho="1" sc="310,-60,140,190,320,-60,220,-60" /><INIT seed="1,1,0,0,4,69" ten="250,330,260,160" oya="1" hai0="104,131,7,126,19,87,5,36,12,8,17,56,109" hai1="58,26,101,84,70,20,112,79,10,86,35,43,132" hai2="88,29,97,125,4,108,78,89,106,111,107,39,27" hai3="21,102,66,62,47,9,82,60,13,91,68,6,34"/><U115/><E70/><V130/><F130/><W74/><G34/><T75/><D75/><U18/><E132/><V22/><F125/><W0/><G102/><T25/><D104/><U1/><E101/><V94/><F78/><W73/><G60/><T48/><D131/><U93/><E43/><V122/><F122/><W100/><G100/><T103/><D126/><U38/><E84/><V83/><F39/><W110/><G110/><N who="2" m="42025" /><F4/><W133/><G133/><T135/><D135/><U77/><E77/><V67/><F67/><W64/><G66/><T96/><D36/><U40/><E40/><V23/><F23/><W53/><G0/><T42/><D109/><U117/><E117/><V59/><F59/><W3/><G21/><N who="0" m="13503" /><D87/><AGARI ba="1,0" hai="22,27,29,83,87,88,89,94,97,106,107" m="42025" machi="87" ten="30,2000,0" yaku="14,1,54,1" doraHai="69" who="2" fromWho="0" sc="250,-23,330,0,260,23,160,0" /><INIT seed="2,0,0,3,4,132" ten="227,330,283,160" oya="2" hai0="135,41,91,102,105,62,8,114,90,49,76,33,121" hai1="83,103,11,118,74,112,98,126,119,66,22,54,106" hai2="57,99,117,17,13,80,86,129,73,51,101,58,3" hai3="6,37,23,133,96,120,104,78,97,19,95,32,9"/><V7/><F117/><W18/><G120/><T52/><D121/><U1/><E112/><V28/><F129/><W4/><G32/><T77/><D114/><U42/><E42/><V109/><F73/><W128/><G37/><T35/><D135/><U26/><E66/><V81/><F109/><W124/><G133/><T127/><D41/><U69/><E69/><V0/><F28/><W72/><G128/><T16/><D105/><U12/><E1/><V10/><F51/><W82/><G4/><T113/><D113/><U65/><E65/><V46/><F46/><W5/><G6/><T45/><D102/><U67/><E67/><V34/><F34/><W20/><G104/><T55/><D127/><U123/><E123/><V93/><F80/><W40/><G40/><T2/><D35/><U92/><E54/><V88/><REACH who="2" step="1"/><F3/><REACH who="2" ten="227,330,273,160" step="2"/><W107/><G124/><T100/><D33/><U31/><E83/><V53/><F53/><W44/><G44/><T115/><D115/><U75/><E74/><V59/><F59/><W15/><G107/><T50/><D2/><U84/><E75/><V111/><F111/><W29/><G29/><T24/><D55/><U125/><E119/><V85/><F85/><W71/><G71/><T48/><D48/><U116/><E116/><V21/><AGARI ba="0,1" hai="0,7,10,13,17,21,57,58,81,86,88,93,99,101" machi="21" ten="20,7800,0" yaku="1,1,0,1,7,1,54,1,53,0" doraHai="132" doraHaiUra="47" who="2" fromWho="2" sc="227,-26,330,-26,273,88,160,-26" /><INIT seed="2,1,0,2,5,94" ten="201,304,361,134" oya="2" hai0="127,14,67,88,79,95,108,4,50,55,76,73,15" hai1="61,3,131,85,37,9,13,98,123,87,81,53,92" hai2="126,72,109,45,58,56,114,112,19,86,41,77,39" hai3="28,65,18,8,116,29,122,132,121,25,83,0,32"/><V101/><F72/><W46/><G65/><T78/><D108/><U7/><E37/><V40/><F109/><W6/><G116/><T57/><D127/><U80/><E131/><V75/><F75/><W134/><G46/><T17/><D67/><U111/><E111/><V34/><F126/><W44/><G44/><T82/><D4/><U103/><E123/><V48/><F40/><W10/><G83/><N who="1" m="31818" /><E3/><V27/><F101/><W11/><G29/><T70/><D70/><U47/><E61/><V89/><F77/><W63/><G63/><T16/><D14/><U90/><E53/><V23/><F34/><W59/><G59/><T22/><D17/><U128/><E47/><V20/><F39/><W33/><G33/><T74/><D74/><U42/><E42/><V115/><REACH who="2" step="1"/><F23/><REACH who="2" ten="201,304,351,134" step="2"/><W51/><G10/><T102/><REACH who="0" step="1"/><D102/><REACH who="0" ten="191,304,351,134" step="2"/><U21/><E103/><V31/><F31/><W124/><G124/><T60/><D60/><U118/><E118/><V119/><F119/><W93/><G121/><T84/><AGARI ba="1,2" hai="15,16,22,50,55,57,73,76,78,79,82,84,88,95" machi="84" ten="20,16000,3" yaku="1,1,0,1,7,1,25,2,54,2,53,1" doraHai="94" doraHaiUra="106" who="0" fromWho="0" sc="191,183,304,-41,351,-81,134,-41" /><INIT seed="3,0,0,0,2,104" ten="374,263,270,93" oya="3" hai0="67,121,48,8,73,17,85,37,120,57,132,19,131" hai1="25,62,98,70,82,60,18,129,99,105,0,35,87" hai2="86,102,41,130,68,84,14,79,109,32,90,34,77" hai3="135,46,75,114,103,112,65,88,113,51,24,45,30"/><W107/><G135/><T81/><D37/><U49/><E0/><V23/><F68/><W31/><G65/><T5/><D132/><U127/><E127/><V94/><F109/><W6/><G6/><T36/><D36/><U66/><E129/><V91/><F130/><W95/><G31/><T33/><D131/><U26/><E26/><V80/><F41/><W100/><G107/><T55/><D33/><U40/><E98/><N who="2" m="59735" /><F34/><W29/><G75/><T16/><D67/><U56/><E40/><V64/><F32/><W20/><G30/><T10/><D73/><U11/><E49/><V133/><F64/><W119/><G119/><T7/><D10/><U122/><E11/><V78/><F14/><W118/><G118/><T115/><D115/><U124/><E124/><V15/><F15/><W9/><G9/><T58/><D58/><U21/><E122/><V27/><F27/><W63/><G63/><T89/><REACH who="0" step="1"/><D5/><REACH who="0" ten="364,263,270,93" step="2"/><U93/><E35/><V39/><F39/><W28/><G29/><T123/><D123/><U43/><E56/><V52/><F23/><W108/><G108/><T116/><D116/><U59/><E59/><V61/><F133/><W76/><G46/><T54/><D54/><U3/><E21/><V12/><F52/><W69/><G69/><T111/><D111/><U96/><E70/><V92/><F61/><W97/><REACH who="3" step="1"/><G76/><REACH who="3" ten="364,263,270,83" step="2"/><T38/><D38/><U117/><E62/><V128/><F128/><W13/><G13/><AGARI ba="0,2" hai="7,8,13,16,17,19,48,55,57,81,85,89,120,121" machi="13" ten="40,2600,0" yaku="1,1,54,1,53,0" doraHai="104" doraHaiUra="72" who="0" fromWho="3" sc="364,46,263,0,270,0,83,-26" /><INIT seed="4,0,0,4,1,95" ten="410,263,270,57" oya="0" hai0="113,22,111,40,99,124,104,23,134,116,45,101,21" hai1="6,98,20,125,110,119,112,29,2,16,84,118,97" hai2="52,8,127,120,60,90,100,51,31,88,78,17,39" hai3="76,11,42,38,75,83,46,126,12,82,15,69,106"/><T19/><D116/><U80/><E110/><V43/><F120/><W18/><G126/><T44/><D124/><U71/><E125/><V70/><F127/><W93/><G106/><T130/><D111/><U63/><E71/><V56/><F78/><W123/><G123/><T135/><D113/><U89/><E63/><V105/><F31/><W41/><G69/><T91/><D130/><U10/><E29/><V37/><F37/><W115/><G115/><T132/><D91/><U49/><E49/><V35/><F35/><W4/><G42/><T129/><D129/><U61/><E61/><V36/><F36/><W54/><G83/><T122/><D122/><U96/><REACH who="1" step="1"/><E112/><REACH who="1" ten="410,253,270,57" step="2"/><V1/><F39/><W73/><G38/><N who="0" m="21527" /><D45/><U24/><AGARI ba="0,1" hai="2,6,10,16,20,24,80,84,89,96,97,98,118,119" machi="24" ten="30,12000,2" yaku="1,1,0,1,52,3,54,1,53,1" doraHai="95" doraHaiUra="81" who="1" fromWho="1" sc="410,-60,253,130,270,-30,57,-30" /><INIT seed="5,0,0,0,5,2" ten="350,383,240,27" oya="1" hai0="94,108,47,40,65,84,63,43,64,128,135,78,127" hai1="130,42,45,116,29,23,124,102,54,90,119,69,4" hai2="117,134,10,89,66,51,27,38,32,46,85,57,121" hai3="122,103,24,48,31,5,62,61,18,37,91,30,133"/><U36/><E69/><V39/><F121/><W126/><G122/><T33/><D33/><U118/><E102/><V112/><F117/><W123/><G123/><T3/><D108/><U131/><E124/><V132/><F112/><W35/><G126/><T19/><D127/><U111/><E111/><V12/><F57/><W13/><G37/><T86/><D3/><U60/><E90/><V1/><F66/><W109/><G109/><T72/><D72/><U25/><E60/><V21/><F1/><W17/><G103/><T104/><D104/><U125/><E54/><N who="2" m="30071" /><F32/><W96/><G31/><T20/><D128/><N who="1" m="49195" /><E125/><V68/><F68/><W53/><G133/><N who="2" m="51305" /><F21/><W70/><G70/><T7/><D135/><U97/><E97/><V34/><F27/><W101/><G91/><T71/><D64/><U44/><E45/><V107/><F34/><W93/><G62/><T59/><D71/><U87/><E87/><V15/><F15/><W58/><REACH who="3" step="1"/><G61/><REACH who="3" ten="350,383,240,17" step="2"/><T73/><D63/><U26/><E118/><V106/><F39/><W28/><G28/><T6/><D65/><U99/><E29/><V114/><F38/><W75/><G75/><T16/><D73/><U8/><E36/><V41/><F114/><W49/><G49/><T79/><D79/><U14/><E116/><V80/><F106/><W110/><G110/><T115/><D78/><U74/><E74/><V77/><F107/><W67/><G67/><T82/><D115/><U76/><E76/><V113/><F113/><W11/><AGARI ba="0,1" hai="5,11,13,17,18,24,30,35,48,53,58,93,96,101" machi="11" ten="30,4000,0" yaku="1,1,0,1,52,1,53,0" doraHai="2" doraHaiUra="83" who="3" fromWho="3" sc="350,-10,383,-20,240,-10,17,50" /><INIT seed="6,0,0,3,4,108" ten="340,363,230,67" oya="2" hai0="50,1,68,121,3,83,37,85,34,123,25,69,11" hai1="90,74,78,15,103,101,46,130,8,133,53,82,126" hai2="84,18,96,60,127,41,29,116,97,22,114,104,120" hai3="115,65,87,14,35,57,45,52,61,24,43,23,128"/><V10/><F116/><W0/><G0/><T31/><D37/><U44/><E130/><V73/><F73/><W94/><G128/><T59/><D121/><U9/><E133/><V102/><F120/><W117/><G117/><T26/><D123/><U118/><E126/><V47/><F127/><W63/><G35/><T16/><D1/><U28/><E8/><V13/><F96/><W80/><G94/><T2/><D2/><U66/><E28/><V70/><F84/><W131/><G131/><T62/><D50/><U92/><E66/><V134/><F134/><W40/><G14/><T89/><D3/><U30/><E30/><V6/><F29/><W122/><G122/><T5/><D5/><U4/><E118/><V124/><F124/><W76/><G115/><T56/><D56/><U107/><E53/><V32/><F32/><W48/><REACH who="3" step="1"/><G63/><REACH who="3" ten="340,363,230,57" step="2"/><T112/><D62/><U51/><E15/><N who="2" m="5591" /><F114/><W88/><G88/><T33/><D112/><U132/><E90/><V98/><F60/><W129/><G129/><T67/><D34/><U42/><E92/><V75/><F97/><W113/><G113/><T100/><D33/><U36/><E132/><V135/><F135/><W39/><G39/><T20/><D100/><U109/><E107/><V77/><F77/><W105/><G105/><T106/><D106/><U7/><E109/><V49/><F75/><W27/><G27/><T19/><D26/><U64/><E103/><V99/><F99/><W93/><G93/><T119/><D25/><U71/><E101/><V125/><F125/><W110/><G110/><T111/><D111/><RYUUKYOKU ba="0,1" sc="340,-15,363,-15,230,15,57,15" hai2="13,18,22,41,47,49,70,98,102,104" hai3="23,24,40,43,45,48,52,57,61,65,76,80,87" /><INIT seed="6,1,1,5,0,11" ten="325,348,245,72" oya="2" hai0="19,114,52,90,4,117,69,78,122,58,45,6,55" hai1="120,123,135,21,14,3,33,111,130,38,99,36,113" hai2="15,34,134,76,12,110,94,60,63,30,57,75,13" hai3="124,70,73,131,101,86,29,35,91,44,20,54,106"/><V83/><F134/><W10/><G131/><T77/><D122/><U107/><RYUUKYOKU type="yao9" ba="1,1" sc="325,0,348,0,245,0,72,0" hai1="3,14,21,33,36,38,99,107,111,113,120,123,130,135" /><INIT seed="6,2,1,4,1,30" ten="325,348,245,72" oya="2" hai0="96,70,23,97,92,110,111,59,56,121,89,39,7" hai1="19,54,91,51,85,48,57,76,135,21,42,14,80" hai2="129,108,98,127,18,50,47,32,120,94,61,131,90" hai3="105,2,104,49,65,1,123,82,52,133,10,62,16"/><V27/><F120/><W5/><G133/><T99/><D70/><U38/><E135/><V74/><F74/><W60/><G123/><T106/><D121/><U77/><E38/><V88/><F127/><W86/><G1/><T33/><D39/><U35/><E35/><V20/><F108/><W78/><G62/><T101/><D7/><U63/><E42/><V124/><F124/><W12/><G2/><T31/><D23/><U126/><E126/><V26/><F61/><W93/><G93/><T46/><D46/><U122/><E122/><V9/><F90/><W112/><G5/><T81/><D81/><U28/><E28/><V34/><F9/><W4/><G4/><T66/><D97/><U118/><E118/><V116/><F27/><W37/><G37/><T134/><D134/><U44/><E51/><V15/><F26/><W109/><G109/><T3/><D3/><U100/><E100/><V103/><F103/><W79/><G79/><T95/><D106/><U43/><AGARI ba="2,1" hai="14,19,21,43,44,48,54,57,63,76,77,80,85,91" machi="43" ten="20,2700,0" yaku="0,1,7,1,8,1" doraHai="30" who="1" fromWho="1" sc="325,-9,348,43,245,-15,72,-9" /><INIT seed="7,0,0,1,4,101" ten="316,391,230,63" oya="3" hai0="17,64,109,1,79,68,115,65,114,5,93,21,41" hai1="16,99,110,33,129,95,35,12,38,74,31,102,42" hai2="112,61,69,127,113,117,46,91,126,90,13,24,108" hai3="14,123,73,82,10,26,23,103,19,28,75,107,121"/><W78/><REACH who="3" step="1"/><G75/><REACH who="3" ten="316,391,230,53" step="2"/><T97/><D114/><U53/><E74/><V120/><F112/><W76/><G76/><T128/><D115/><U85/><E110/><V2/><F113/><W7/><G7/><T36/><D79/><U106/><E129/><V48/><F108/><W131/><G131/><T92/><D109/><U56/><E35/><V125/><F125/><W43/><G43/><T80/><D128/><U100/><E42/><V116/><F126/><W83/><G83/><T105/><D80/><U15/><E33/><V4/><F127/><W6/><G6/><T9/><D41/><U29/><E38/><V51/><F4/><W32/><G32/><T133/><D5/><U58/><E12/><V37/><F13/><W60/><G60/><T57/><D36/><U52/><E15/><V54/><F37/><W104/><G104/><T130/><D105/><U94/><E106/><V98/><F61/><W72/><G72/><T34/><D130/><U62/><E62/><V84/><F117/><W63/><G63/><T124/><D34/><U3/><E3/><V11/><F116/><W8/><G8/><T89/><D9/><U71/><E71/><V0/><F69/><W77/><G77/><T55/><D68/><U45/><E102/><V134/><F11/><W96/><AGARI ba="0,1" hai="10,14,19,23,26,28,73,78,82,96,103,107,121,123" machi="96" ten="30,12000,1" yaku="21,2,0,1,52,1,53,1" doraHai="101" doraHaiUra="22" who="3" fromWho="3" sc="316,-40,391,-40,230,-40,53,130" /><INIT seed="7,1,0,5,1,75" ten="276,351,190,183" oya="3" hai0="135,122,98,20,97,92,74,101,84,67,63,55,121" hai1="117,87,100,134,50,132,95,42,11,118,57,53,109" hai2="40,114,79,32,1,125,36,5,78,22,24,110,58" hai3="33,116,76,93,133,43,38,16,130,127,61,15,10"/><W68/><G116/><N who="1" m="44650" /><E109/><V0/><F32/><W91/><G33/><T47/><D74/><U17/><E42/><V102/><F114/><W34/><G34/><T39/><D135/><U41/><E41/><V89/><F125/><W105/><G105/><T115/><D115/><U66/><E66/><V70/><F70/><W65/><G127/><T103/><D84/><U62/><E62/><V131/><F40/><W81/><G133/><T113/><D113/><U80/><E95/><V126/><F126/><W54/><G130/><T69/><D39/><U9/><E100/><V6/><F131/><W3/><G3/><T73/><D73/><U94/><E94/><V106/><F36/><W128/><G128/><T8/><D8/><N who="1" m="3147" /><E17/><V119/><F119/><W26/><G54/><T88/><D20/><U52/><E53/><V85/><F110/><W14/><G43/><T108/><D108/><U51/><E51/><V120/><F1/><W30/><G38/><T99/><D99/><U82/><E82/><N who="2" m="49335" /><F0/><W111/><G111/><T31/><D31/><U7/><E7/><N who="2" m="2571" /><F106/><W96/><G14/><T44/><D103/><U104/><E104/><V4/><F102/><W90/><G91/><AGARI ba="1,0" hai="50,52,57,80,87,91,132,134" m="3147,44650" machi="91" ten="30,2000,0" yaku="12,1,54,1" doraHai="75" who="1" fromWho="3" sc="276,0,351,23,190,0,183,-23" owari="276,8.0,374,47.0,190,-21.0,160,-34.0" /></mjloggm>