<mjloggm ver="2.3"><GO type="169" lobby="0"/><UN n0="%67%6F%75%73%69" n1="%E3%82%A6%E3%83%AB%E3%83%88%E3%83%A9%E7%AB%8B%E7%9B%B4" n2="%E3%83%8D%E3%83%BC%E3%83%A0%E3%83%AC%E3%82%B9%EF%BC%97" n3="%3D%4A%61%6D" dan="18,18,16,16" rate="2189.52,2261.04,2084.25,2086.58" sx="M,M,M,M"/><TAIKYOKU oya="0"/><INIT seed="0,0,0,5,1,33" ten="250,250,250,250" oya="0" hai0="86,16,37,116,90,98,7,93,108,87,118,24,20" hai1="9,131,2,125,11,44,40,132,51,15,8,101,3" hai2="97,134,63,100,61,71,49,14,26,106,67,78,121" hai3="109,91,102,65,113,4,84,128,75,18,103,32,79"/><T70/><D37/><U117/><E117/><V66/><F121/><W127/><G32/><T19/><D70/><U120/><E120/><V94/><F134/><W12/><G113/><T85/><D108/><U30/><E131/><V13/><F78/><W54/><G128/><T27/><REACH who="0" step="1"/><D7/><REACH who="0" ten="240,250,250,250" step="2"/><U89/><E132/><V111/><F111/><W31/><G109/><T95/><D95/><U17/><E125/><V83/><F94/><W126/><G4/><T48/><D48/><U72/><E101/><V82/><F49/><W41/><G103/><T0/><D0/><U112/><E112/><V124/><F124/><W122/><G102/><T135/><D135/><U34/><E2/><V69/><F83/><W38/><G38/><T88/><D88/><U80/><E3/><V59/><F82/><W105/><G91/><T1/><D1/><U107/><E89/><V25/><F71/><W21/><G127/><T62/><D62/><U130/><E130/><V46/><F69/><W42/><G126/><T114/><D114/><U55/><E107/><V23/><F63/><W104/><G104/><T60/><D60/><U92/><E92/><V115/><F115/><W68/><G68/><T28/><D28/><U74/><E80/><V35/><F106/><W129/><G105/><T6/><D6/><U96/><E30/><V45/><F100/><W50/><G31/><T29/><D29/><U22/><E34/><V53/><F35/><W5/><G129/><T57/><D57/><U119/><E119/><V58/><F59/><W133/><G133/><T56/><D56/><N who="1" m="32895" /><E96/><V10/><F97/><RYUUKYOKU ba="0,1" sc="240,15,250,15,250,-15,250,-15" hai0="16,19,20,24,27,85,86,87,90,93,98,116,118" hai1="8,9,11,15,17,22,40,44,72,74" /><INIT seed="0,1,1,1,4,61" ten="255,265,235,235" oya="0" hai0="78,94,28,20,124,126,42,70,3,41,73,56,114" hai1="76,9,134,4,24,81,34,26,109,10,91,59,1" hai2="62,77,14,87,133,0,39,57,8,11,19,84,106" hai3="30,23,132,79,86,135,2,102,117,18,16,13,105"/><T83/><D70/><U92/><E109/><V12/><F0/><W60/><G2/><T54/><D3/><U53/><E10/><V44/><F106/><W93/><G117/><T17/><D28/><U123/><E134/><V63/><F133/><W118/><G118/><T43/><D94/><U45/><E34/><V122/><F122/><W65/><G30/><T31/><D31/><U129/><E129/><V85/><F77/><W120/><G120/><T101/><D101/><U52/><E123/><V121/><F121/><W40/><G40/><T7/><D7/><U111/><E111/><V127/><F127/><N who="0" m="48682" /><D114/><U15/><E1/><V100/><F100/><W37/><G37/><T116/><D116/><U47/><E26/><V33/><F33/><W29/><G29/><T32/><D32/><U27/><E24/><V75/><F75/><W99/><G18/><T35/><D35/><U108/><E27/><V38/><F44/><W95/><G105/><T125/><D125/><U21/><E108/><V90/><F90/><W46/><G46/><T98/><D98/><U48/><E45/><V97/><F97/><W80/><REACH who="3" step="1"/><G95/><REACH who="3" ten="255,265,235,225" step="2"/><T51/><D42/><U110/><E92/><V119/><F119/><W112/><G112/><T104/><D104/><U50/><E110/><V103/><F38/><W128/><G128/><T68/><D43/><U36/><E36/><V130/><F39/><W88/><G88/><T64/><D41/><U22/><REACH who="1" step="1"/><E91/><REACH who="1" ten="255,255,235,225" step="2"/><V67/><F130/><W5/><G5/><T69/><D20/><U49/><E49/><V107/><F107/><W66/><G66/><RYUUKYOKU ba="1,3" sc="255,-15,255,15,235,-15,225,15" hai1="4,9,15,21,22,47,48,50,52,53,59,76,81" hai3="13,16,23,60,65,79,80,86,93,99,102,132,135" /><INIT seed="1,2,3,1,3,109" ten="240,270,220,240" oya="1" hai0="66,7,39,35,22,19,25,26,72,113,73,36,49" hai1="83,87,103,40,94,23,104,58,88,89,62,63,53" hai2="48,118,13,71,100,56,12,108,124,128,2,121,45" hai3="60,119,1,54,4,69,59,64,79,135,130,85,8"/><U6/><E6/><V97/><F71/><W38/><G135/><T122/><D66/><U17/><E40/><V131/><F2/><W82/><G38/><T90/><D7/><U30/><E104/><V99/><F121/><W102/><G102/><T47/><D113/><U132/><E132/><V50/><F118/><W77/><G130/><T78/><D122/><U125/><E125/><V117/><F117/><W98/><G98/><T28/><D90/><U32/><E32/><V68/><F68/><W37/><G37/><T57/><D57/><U93/><E30/><V75/><F75/><W127/><G119/><T51/><D51/><N who="1" m="31039" /><E103/><V91/><F108/><W115/><G127/><T106/><D106/><U21/><E21/><V120/><F120/><W43/><G43/><T46/><D46/><U67/><E67/><V34/><F34/><W95/><G95/><N who="1" m="36362" /><E89/><V33/><F33/><W5/><G5/><T101/><D101/><U116/><E116/><V70/><F70/><W15/><G77/><T55/><REACH who="0" step="1"/><D72/><REACH who="0" ten="230,270,220,240" step="2"/><U76/><E88/><V14/><F91/><W84/><G115/><T41/><D41/><U10/><E10/><V86/><F124/><W112/><G112/><T3/><D3/><U81/><E81/><AGARI ba="2,4" hai="19,22,25,26,28,35,36,39,47,49,55,73,78,81" machi="81" ten="40,1300,0" yaku="1,1,53,0" doraHai="109" doraHaiUra="61" who="0" fromWho="1" sc="230,59,270,-19,220,0,240,0" /><INIT seed="2,0,0,4,4,72" ten="289,251,220,240" oya="2" hai0="41,42,3,110,98,26,65,82,73,75,91,7,76" hai1="0,108,34,12,101,88,55,69,11,71,126,129,36" hai2="113,115,105,37,45,33,104,97,38,46,131,118,56" hai3="20,107,63,21,62,50,123,96,95,79,10,44,64"/><V133/><F33/><W57/><G107/><T78/><D65/><U109/><E0/><V68/><F68/><W19/><G123/><T40/><D110/><U2/><E2/><V23/><F118/><W92/><G92/><T13/><D3/><U84/><E34/><V49/><F56/><W116/><G116/><T124/><D124/><U16/><E36/><N who="2" m="13931" /><F23/><W30/><G62/><T130/><D130/><U18/><E129/><V132/><F131/><W32/><G32/><T52/><D26/><U1/><E1/><V39/><F97/><W87/><G10/><T9/><D52/><U114/><E114/><N who="2" m="43531" /><F49/><W89/><G30/><T112/><D112/><U120/><E120/><V102/><F102/><W83/><REACH who="3" step="1"/><G19/><REACH who="3" ten="289,251,220,230" step="2"/><T43/><N who="0" m="10240" /><DORA hai="15" /><T59/><D9/><U119/><E11/><V54/><F39/><W28/><G28/><T5/><D5/><U135/><E119/><V31/><F31/><W24/><G24/><T77/><D7/><U128/><E128/><V17/><F17/><W106/><G106/><N who="2" m="41065" /><F54/><AGARI ba="0,1" hai="20,21,44,50,54,57,63,64,79,83,87,89,95,96" machi="54" ten="30,7700,0" yaku="1,1,7,1,8,1,52,1,53,0" doraHai="72,15" doraHaiUra="22,125" who="3" fromWho="2" sc="289,0,251,0,220,-77,230,87" /><INIT seed="3,0,0,0,5,51" ten="289,251,143,317" oya="3" hai0="130,40,23,2,97,87,13,86,16,48,113,18,77" hai1="26,38,115,25,1,79,99,80,124,103,120,49,0" hai2="8,20,128,135,17,110,33,84,107,7,35,58,98" hai3="132,66,131,96,82,31,111,56,5,29,106,122,91"/><W95/><G122/><T108/><D2/><U61/><E38/><V100/><F110/><W59/><G132/><T70/><D70/><U119/><E115/><V102/><F135/><W52/><G131/><T15/><D130/><U94/><E120/><V36/><F128/><W104/><G111/><T27/><D108/><U55/><E124/><V4/><F36/><W24/><G5/><T46/><D113/><U41/><E119/><V44/><F102/><W60/><G82/><T30/><D97/><U109/><E109/><V47/><F35/><W74/><G74/><T92/><D77/><U28/><E61/><V37/><F33/><W34/><REACH who="3" step="1"/><G31/><REACH who="3" ten="289,251,143,307" step="2"/><T75/><D75/><U10/><E28/><V14/><F4/><W83/><G83/><T64/><D30/><U112/><E80/><V11/><F7/><W101/><G101/><T43/><D18/><U127/><E103/><V89/><F100/><W105/><G105/><T68/><D92/><U67/><E94/><V69/><F107/><W125/><G125/><T90/><D16/><U39/><E127/><V121/><F121/><W42/><G42/><T118/><D43/><U45/><E112/><V63/><F17/><W133/><G133/><T62/><D40/><U71/><E41/><V73/><F73/><W65/><G65/><T72/><D64/><U6/><E39/><V117/><F37/><W78/><G78/><T9/><D72/><U126/><E126/><V21/><F117/><W19/><G19/><T129/><D129/><U116/><E116/><V32/><F89/><W50/><AGARI ba="0,1" hai="24,29,34,50,52,56,59,60,66,91,95,96,104,106" machi="50" ten="20,18000,2" yaku="1,1,0,1,7,1,52,1,54,1,53,2" doraHai="51" doraHaiUra="54" who="3" fromWho="3" sc="289,-60,251,-60,143,-60,307,190" /><INIT seed="3,1,0,5,1,133" ten="229,191,83,497" oya="3" hai0="75,6,20,43,124,5,78,94,69,91,83,106,95" hai1="103,113,47,109,93,120,14,107,17,70,31,13,32" hai2="85,46,88,126,87,15,35,51,74,90,63,84,44" hai3="33,24,80,36,101,128,2,86,50,115,26,29,57"/><W61/><G36/><T41/><D69/><U127/><E107/><V65/><F74/><W97/><G2/><T38/><D106/><U42/><E70/><V4/><F35/><W134/><G115/><T123/><D123/><U100/><E120/><V105/><F105/><W114/><G114/><T108/><D108/><U118/><E113/><V76/><F76/><W27/><G50/><T25/><D94/><U72/><E72/><V34/><F34/><W81/><G81/><T12/><D12/><U89/><E109/><V132/><F132/><W53/><G128/><T52/><D41/><U54/><E54/><V0/><F0/><W10/><G10/><T3/><D43/><U79/><E79/><V125/><F15/><W40/><G40/><T16/><D38/><U11/><E118/><V59/><F4/><W58/><G58/><T135/><D135/><U121/><E121/><V119/><F119/><W23/><G33/><T21/><D21/><U49/><E14/><V104/><F104/><W48/><G61/><T30/><D30/><U8/><E8/><V131/><F131/><W55/><G55/><T18/><D52/><U73/><E31/><V77/><F77/><N who="3" m="46351" /><G134/><T9/><D18/><U45/><E32/><V110/><F110/><W1/><G1/><T64/><D64/><U129/><E17/><V116/><F116/><W22/><G29/><T39/><D39/><U28/><E28/><V92/><F51/><W37/><G37/><T19/><D6/><U122/><E129/><V98/><F90/><W111/><G111/><T82/><D3/><U62/><E49/><RYUUKYOKU ba="1,0" sc="229,-15,191,-15,83,15,497,15" hai2="44,46,59,63,65,84,85,87,88,92,98,125,126" hai3="22,23,24,26,27,48,53,57,97,101" /><INIT seed="3,2,0,4,5,120" ten="214,176,98,512" oya="3" hai0="37,25,20,92,82,55,73,30,53,6,130,45,84" hai1="68,46,80,96,101,41,108,77,93,72,34,95,107" hai2="85,7,38,28,40,36,128,76,47,112,111,32,2" hai3="21,78,71,49,133,124,126,118,83,70,104,54,48"/><W29/><G104/><T106/><D106/><U123/><E123/><V1/><F112/><W15/><G118/><T131/><D6/><U35/><E68/><V98/><F36/><W4/><G133/><T65/><D65/><U122/><E122/><V110/><F128/><N who="0" m="49194" /><D92/><U115/><E115/><V63/><F98/><W102/><G102/><T99/><D99/><U12/><E12/><V33/><F63/><W23/><G49/><T114/><D73/><U60/><E60/><V113/><F113/><W100/><G100/><T132/><D132/><U5/><E5/><V64/><F64/><W66/><G66/><T58/><D58/><U61/><E61/><V10/><F1/><W116/><G116/><T31/><D31/><U127/><E95/><V94/><F28/><W86/><G29/><T74/><D74/><U135/><E93/><V87/><F87/><W121/><G121/><T97/><D97/><U59/><E59/><V22/><F22/><N who="3" m="8203" /><G15/><T26/><D26/><U117/><E135/><V119/><F119/><W3/><G3/><T103/><D103/><U18/><E117/><V17/><F17/><W57/><G4/><T134/><D134/><U109/><E18/><V24/><F24/><W75/><G75/><T8/><D114/><U89/><E107/><V88/><REACH who="2" step="1"/><F76/><REACH who="2" ten="214,176,88,512" step="2"/><W62/><G62/><T51/><D37/><N who="1" m="21807" /><E77/><V0/><F0/><W9/><G9/><T52/><D8/><U14/><E72/><V79/><F79/><AGARI ba="2,1" hai="20,25,30,45,51,52,53,55,79,82,84" m="49194" machi="79" ten="30,2000,0" yaku="19,1,54,1" doraHai="120" who="0" fromWho="2" sc="214,36,176,0,88,-26,512,0" /><INIT seed="4,0,0,2,1,32" ten="250,176,62,512" oya="0" hai0="9,113,132,64,39,14,71,24,86,5,119,92,2" hai1="11,107,16,106,12,80,115,103,63,19,70,133,97" hai2="135,83,105,30,50,88,43,82,123,51,41,120,79" hai3="37,31,3,76,62,0,95,101,23,66,125,126,99"/><T25/><D39/><U69/><E133/><V10/><F105/><W104/><G76/><T53/><D119/><U35/><E115/><V54/><F30/><W110/><G37/><T122/><D122/><U90/><E35/><V131/><F135/><W21/><G104/><T109/><D132/><U56/><E106/><V91/><F10/><W67/><G67/><T45/><D113/><U72/><E19/><V127/><F79/><W78/><G78/><T75/><D75/><U65/><REACH who="1" step="1"/><E72/><REACH who="1" ten="250,166,62,512" step="2"/><V8/><F131/><W93/><G110/><T48/><D109/><U42/><E42/><V134/><F134/><W55/><G126/><T121/><D121/><U129/><E129/><V15/><F127/><W40/><G40/><T100/><D25/><U112/><E112/><V85/><F123/><W18/><G125/><T52/><D24/><U108/><E108/><V118/><F120/><W59/><G18/><T20/><D20/><U29/><E29/><V102/><F118/><W74/><G74/><T6/><D6/><U44/><E44/><V84/><F102/><W130/><G23/><T96/><D5/><U111/><E111/><V49/><F54/><W26/><G130/><T17/><D53/><U89/><E89/><V57/><F57/><W128/><G128/><T117/><D117/><U98/><E98/><V58/><F58/><W7/><G7/><AGARI ba="0,1" hai="7,8,15,41,43,49,50,51,82,83,84,85,88,91" machi="7" ten="40,5200,0" yaku="9,1,8,1,54,1" doraHai="32" who="2" fromWho="3" sc="250,0,166,0,62,62,512,-52" /><INIT seed="5,0,0,5,4,58" ten="250,166,124,460" oya="1" hai0="95,82,120,40,13,74,97,68,84,88,11,7,65" hai1="132,67,47,100,53,34,99,39,101,25,51,3,128" hai2="109,134,130,24,30,49,46,27,66,129,105,111,76" hai3="61,112,73,62,122,2,107,98,59,119,1,0,123"/><U114/><E3/><V12/><F105/><W16/><G119/><T92/><D120/><N who="3" m="46121" /><G73/><T103/><D40/><U86/><E114/><V94/><F76/><W83/><G112/><T115/><D115/><U33/><E128/><N who="2" m="49259" /><F66/><W78/><G59/><T117/><D117/><U71/><E132/><V56/><F56/><W70/><G70/><T90/><D74/><U104/><E101/><V22/><F94/><W29/><G29/><T21/><D21/><U52/><E39/><V19/><F134/><W96/><G16/><T43/><D43/><U93/><E67/><V48/><F48/><W75/><G98/><N who="0" m="57607" /><D68/><U54/><E71/><V31/><F49/><W23/><G23/><T121/><D121/><U127/><E51/><V17/><F46/><W133/><G133/><T50/><D50/><U4/><E47/><V116/><F116/><W113/><G113/><T64/><AGARI ba="0,0" hai="7,11,13,64,65,82,84,90,95,97,103" m="57607" machi="64" ten="30,2000,0" yaku="8,1,54,1" doraHai="58" who="0" fromWho="0" sc="250,20,166,-10,124,-5,460,-5" /><INIT seed="6,0,0,1,4,24" ten="270,156,119,455" oya="2" hai0="3,112,92,98,110,103,0,45,37,102,9,124,66" hai1="91,81,130,94,43,77,4,44,55,39,68,128,40" hai2="8,59,134,118,11,33,15,25,7,90,2,121,51" hai3="52,49,10,105,116,21,46,86,48,79,18,99,131"/><V114/><F118/><W120/><G131/><N who="1" m="50218" /><E68/><V53/><F121/><W73/><G73/><T13/><D110/><U89/><E4/><V29/><F114/><W65/><G65/><T88/><D112/><U42/><E55/><V107/><F134/><W12/><G116/><T28/><D66/><U126/><E126/><V129/><F129/><W54/><G120/><T30/><D124/><U80/><E80/><V35/><F107/><W69/><G69/><T95/><D102/><U108/><E108/><V1/><F35/><W5/><G99/><T20/><D20/><U115/><E115/><V38/><F38/><W84/><G79/><T109/><D109/><U71/><E71/><V125/><F125/><W63/><G63/><T19/><D0/><U75/><E91/><V64/><F64/><W83/><G83/><T16/><D19/><U127/><E127/><V106/><F106/><W100/><G100/><T101/><D3/><U104/><E104/><V6/><F15/><N who="3" m="9439" /><G105/><T117/><D117/><U32/><E32/><V76/><F90/><W26/><G26/><T111/><D111/><U57/><E57/><AGARI ba="0,0" hai="5,10,12,46,48,49,52,54,57,84,86" m="9439" machi="57" ten="30,2000,0" yaku="8,1,54,1" doraHai="24" who="3" fromWho="1" sc="270,0,156,-20,119,0,455,20" /><INIT seed="7,0,0,3,3,30" ten="270,136,119,475" oya="3" hai0="133,12,27,34,114,130,119,56,11,120,129,8,63" hai1="10,70,6,69,112,89,40,123,85,17,94,45,90" hai2="13,9,108,76,65,84,125,95,81,128,50,72,18" hai3="135,29,5,54,86,77,37,113,1,36,126,66,107"/><W58/><G107/><T38/><D56/><U62/><E123/><V60/><F108/><W93/><G29/><T24/><D63/><U105/><E105/><V41/><F128/><W59/><G86/><T39/><D39/><U117/><E112/><V57/><F125/><W32/><G32/><T3/><D38/><U110/><E110/><V2/><F2/><W79/><G93/><T82/><D82/><U109/><E109/><V71/><F71/><W131/><G5/><T67/><D67/><U21/><E90/><V28/><F28/><W102/><G54/><T51/><D51/><U91/><E91/><V127/><F127/><W16/><G102/><T31/><D120/><U0/><E62/><V78/><F95/><W43/><G1/><T23/><D119/><U33/><E33/><V35/><F35/><W49/><G43/><T52/><D133/><U121/><E121/><V103/><F103/><W115/><G49/><T48/><D114/><U61/><E61/><V92/><F92/><W83/><G83/><T96/><D48/><N who="1" m="26663" /><E117/><V42/><F72/><W47/><G47/><T4/><D96/><U134/><E134/><V53/><F76/><W14/><G131/><T44/><D44/><U98/><E98/><V15/><F15/><W68/><G126/><T20/><D34/><U124/><E124/><V26/><F26/><W118/><G118/><T97/><D97/><U101/><E101/><V99/><F99/><W88/><G115/><T46/><D129/><U7/><E7/><V122/><F122/><W87/><G113/><T22/><D130/><U80/><E94/><RYUUKYOKU ba="0,0" sc="270,-15,136,15,119,15,475,-15" hai1="0,6,10,17,21,69,70,80,85,89" hai2="9,13,18,41,42,50,53,57,60,65,78,81,84" owari="255,6.0,151,-25.0,134,-37.0,460,56.0" /></mjloggm>