<mjloggm ver="2.3"><GO type="169" lobby="0"/><UN n0="%E9%88%B4%E5%B1%8B%E5%86%85%E4%BA%94%E6%9B%B2" n1="%E5%B0%B1%E6%B4%BB%E7%94%9F%40%E5%B7%9D%E6%9D%91%E8%BB%8D%E5%9B%A3" n2="%E3%83%A9%E3%83%83%E3%82%AD%E3%83%BC%E3%83%89%E3%83%83%E3%82%B0" n3="%E3%81%B3%E3%82%8A%E3%81%B3%E3%82%8A%E2%98%86%E3%83%93%E3%83%AA%E3%83%BC" dan="16,19,17,17" rate="2077.82,2367.62,2178.17,2157.17" sx="M,M,F,M"/><TAIKYOKU oya="0"/><INIT seed="0,0,0,3,1,71" ten="250,250,250,250" oya="0" hai0="19,105,7,50,96,76,28,43,128,104,4,15,33" hai1="22,42,88,44,122,135,69,108,60,5,118,72,133" hai2="34,109,30,78,6,125,99,12,98,84,26,8,103" hai3="54,110,102,120,119,14,23,91,89,130,100,117,56"/><T90/><D76/><U25/><E122/><V112/><F112/><W68/><G68/><T39/><D50/><U83/><E118/><V24/><F125/><W21/><G120/><T74/><D74/><U1/><E108/><V38/><F38/><W18/><G110/><T113/><D113/><U111/><E111/><V57/><F109/><W59/><G14/><T80/><D105/><U65/><E5/><V31/><F57/><W27/><G27/><T9/><D104/><U32/><E32/><V66/><F66/><W77/><G77/><T20/><D4/><U129/><E1/><V75/><F75/><W115/><G115/><T93/><D80/><U73/><E73/><V116/><F116/><W82/><G82/><T79/><D79/><U61/><E61/><V101/><F78/><W121/><G121/><T37/><D43/><U106/><E106/><V126/><F84/><W53/><REACH who="3" step="1"/><G18/><REACH who="3" ten="250,250,250,240" step="2"/><T114/><D114/><U132/><E72/><V16/><F126/><W134/><G134/><T86/><D28/><U85/><E129/><AGARI ba="0,1" hai="21,23,53,54,56,59,89,91,100,102,117,119,129,130" machi="129" ten="25,3200,0" yaku="1,1,22,2,53,0" doraHai="71" doraHaiUra="13" who="3" fromWho="1" sc="250,0,250,-32,250,0,240,42" /><INIT seed="1,0,0,2,3,113" ten="250,218,250,282" oya="1" hai0="130,2,94,56,121,32,78,29,24,115,62,47,104" hai1="65,58,68,120,75,114,84,61,71,69,10,124,34" hai2="105,133,41,42,103,108,82,90,45,17,79,0,22" hai3="100,112,87,15,46,16,107,18,9,96,125,93,40"/><U25/><E75/><V21/><F0/><W127/><G112/><T83/><D104/><U110/><E114/><V64/><F64/><W4/><G107/><T101/><D2/><U7/><E120/><V12/><F133/><W126/><REACH who="3" step="1"/><G87/><REACH who="3" ten="250,218,250,272" step="2"/><T88/><D115/><U63/><E110/><V50/><F108/><W129/><G129/><T73/><D130/><U134/><E134/><V3/><F3/><W128/><G128/><T59/><D121/><U43/><E124/><V49/><F90/><W31/><G31/><T27/><D101/><U117/><E43/><V38/><F103/><W81/><G81/><T1/><D83/><U39/><E39/><AGARI ba="0,1" hai="4,9,15,16,18,39,40,46,93,96,100,125,126,127" machi="39" ten="40,5200,0" yaku="1,1,18,1,54,1,53,0" doraHai="113" doraHaiUra="74" who="3" fromWho="1" sc="250,0,218,-52,250,0,272,62" /><INIT seed="2,0,0,5,0,59" ten="250,166,250,334" oya="2" hai0="55,118,107,3,51,135,73,67,6,11,30,119,53" hai1="110,50,90,87,68,2,58,89,18,66,16,62,15" hai2="27,88,45,124,131,120,70,132,37,7,101,69,84" hai3="97,47,13,104,10,54,1,111,93,40,26,121,36"/><V19/><F120/><W74/><G121/><T79/><D107/><U31/><E2/><V134/><F131/><W20/><G1/><T52/><D30/><U46/><E110/><V86/><F124/><W29/><G74/><T128/><D128/><U61/><E31/><V81/><F101/><W8/><G104/><T24/><D24/><U60/><E68/><V133/><F7/><W109/><G54/><T22/><D22/><N who="1" m="11551" /><E18/><V64/><F84/><W92/><G92/><T123/><D123/><U75/><E75/><V112/><F112/><W80/><G80/><T41/><D73/><U63/><E87/><V94/><F81/><W83/><G83/><T42/><D79/><U108/><E108/><N who="3" m="41546" /><G13/><T130/><D130/><U14/><E14/><V105/><F105/><W100/><AGARI ba="0,0" hai="8,10,20,26,29,36,40,47,93,97,100" m="41546" machi="100" ten="30,1100,0" yaku="14,1" doraHai="59" who="3" fromWho="3" sc="250,-3,166,-3,250,-5,334,11" /><INIT seed="3,0,0,2,1,133" ten="247,163,245,345" oya="3" hai0="98,86,1,132,127,73,93,71,104,29,33,81,47" hai1="116,106,48,24,32,61,35,110,59,9,2,108,112" hai2="21,126,90,103,11,89,54,124,0,102,125,80,99" hai3="43,14,128,107,74,85,72,69,76,10,111,51,91"/><W45/><G107/><T105/><D1/><U82/><E112/><V101/><F54/><W88/><G69/><T78/><D71/><U134/><E106/><V113/><F113/><W4/><G128/><T92/><D33/><U129/><E134/><V53/><F53/><W8/><G8/><T55/><D132/><U38/><E38/><V57/><F57/><W84/><G111/><T40/><D55/><U65/><E129/><V115/><F115/><W67/><G67/><T114/><D29/><U79/><E116/><V42/><F42/><W56/><G56/><T117/><D114/><U46/><E24/><V58/><F58/><W27/><G27/><T41/><D41/><U66/><E66/><V26/><F11/><W119/><G119/><T94/><D117/><U25/><E25/><V15/><F15/><W60/><G60/><T44/><D44/><U22/><E22/><V37/><F37/><W63/><G63/><T109/><D109/><U52/><E35/><V19/><F0/><W17/><G17/><T6/><D6/><U36/><E36/><V50/><F50/><W118/><G118/><T16/><D16/><U123/><E32/><V121/><F121/><W23/><G23/><T30/><D30/><U135/><E135/><V120/><F120/><W20/><G20/><T7/><D7/><N who="1" m="1271" /><E123/><V3/><F3/><W49/><G49/><T28/><D28/><U70/><E70/><V39/><F39/><W83/><G91/><N who="2" m="34825" /><F80/><AGARI ba="0,0" hai="4,10,14,43,45,51,72,74,76,80,83,84,85,88" machi="80" ten="30,11600,0" yaku="7,1,25,2,54,1" doraHai="133" who="3" fromWho="2" sc="247,0,163,0,245,-116,345,116" /><INIT seed="3,1,0,0,0,85" ten="247,163,129,461" oya="3" hai0="25,36,91,20,90,88,42,39,78,60,66,104,115" hai1="86,116,67,135,0,52,62,80,113,89,112,123,102" hai2="46,17,61,98,122,95,110,43,33,69,2,30,84" hai3="97,51,14,108,106,15,59,34,9,70,74,13,56"/><W101/><G70/><T100/><D78/><U124/><E0/><V45/><F122/><W44/><G34/><T35/><D42/><U12/><E123/><V103/><F110/><W55/><G74/><T81/><D81/><U1/><E1/><V63/><F2/><W132/><G9/><T54/><D54/><U118/><E102/><V57/><F69/><W31/><G31/><T28/><D20/><U120/><E120/><V94/><F61/><W21/><G21/><T16/><D16/><U114/><E135/><V27/><F17/><W109/><G132/><T130/><D130/><U71/><E124/><V29/><F29/><W133/><G133/><T93/><D93/><U38/><E38/><V87/><F95/><W129/><G129/><T99/><D115/><U49/><REACH who="1" step="1"/><E12/><REACH who="1" ten="247,153,129,461" step="2"/><V83/><F83/><W96/><G109/><T126/><REACH who="0" step="1"/><D126/><REACH who="0" ten="237,153,129,461" step="2"/><U6/><E6/><V117/><F117/><W68/><G108/><T26/><D26/><U40/><E40/><V23/><F43/><W11/><G11/><T41/><D41/><U24/><E24/><V58/><F33/><W121/><G121/><T119/><D119/><U73/><E73/><V111/><F111/><W48/><G15/><T105/><D105/><U3/><E3/><V134/><F134/><W79/><G14/><T32/><D32/><U92/><E92/><V65/><F94/><W8/><G13/><T19/><D19/><U18/><E18/><V72/><F72/><W82/><G8/><T75/><D75/><U7/><E7/><V10/><F30/><W107/><G107/><T53/><D53/><RYUUKYOKU ba="1,2" sc="237,15,153,15,129,-15,461,-15" hai0="25,28,35,36,39,60,66,88,90,91,99,100,104" hai1="49,52,62,67,71,80,86,89,112,113,114,116,118" /><INIT seed="4,2,2,3,5,71" ten="252,168,114,446" oya="0" hai0="112,80,20,73,47,42,76,18,7,41,0,130,90" hai1="15,55,2,117,27,64,104,93,116,106,38,113,60" hai2="48,40,92,31,16,44,81,86,89,124,126,87,83" hai3="132,72,58,79,125,17,85,25,69,110,118,21,101"/><T34/><D41/><U26/><E2/><V29/><F126/><W39/><G110/><T114/><D34/><U66/><E113/><V94/><F124/><W115/><G69/><T43/><D43/><U97/><E38/><V22/><F31/><W99/><G39/><N who="0" m="21983" /><D90/><U11/><E106/><V78/><REACH who="2" step="1"/><F29/><REACH who="2" ten="252,168,104,446" step="2"/><W61/><G125/><T134/><D134/><U50/><E116/><V4/><F4/><W111/><G132/><T14/><D130/><U120/><E117/><V28/><F28/><W70/><G118/><T119/><D119/><U62/><E120/><V105/><F105/><W51/><G115/><N who="0" m="44075" /><D7/><N who="1" m="3583" /><E104/><V128/><F128/><W5/><G5/><T108/><D108/><U53/><E26/><AGARI ba="2,3" hai="16,22,26,40,44,48,78,81,83,86,87,89,92,94" machi="26" ten="30,7700,0" yaku="1,1,7,1,8,1,54,1,53,0" doraHai="71" doraHaiUra="30" who="2" fromWho="1" sc="252,0,168,-83,104,113,446,0" /><INIT seed="5,0,0,2,1,52" ten="252,85,217,446" oya="1" hai0="27,126,116,18,29,90,24,4,103,6,70,130,71" hai1="56,68,64,32,92,57,128,85,77,118,15,132,97" hai2="36,30,20,31,46,105,107,34,131,63,127,101,134" hai3="112,2,12,89,109,108,100,82,44,79,42,121,47"/><U83/><E118/><V113/><F134/><W54/><G121/><T117/><D103/><U25/><E132/><V49/><F127/><W123/><G2/><T98/><D18/><U1/><E1/><V111/><F111/><W22/><G123/><T80/><D126/><U114/><E114/><V72/><F72/><W19/><G112/><T93/><D130/><U55/><E128/><V17/><F131/><W48/><G89/><T125/><D125/><U13/><E68/><V61/><F113/><W115/><G100/><T96/><D29/><U60/><E32/><V122/><F122/><W75/><G115/><T102/><D117/><U124/><E25/><V129/><F129/><W35/><G35/><T39/><D116/><U50/><E124/><V76/><F76/><W91/><G91/><AGARI ba="0,0" hai="13,15,50,55,56,57,60,64,77,83,85,91,92,97" machi="91" ten="30,11600,0" yaku="7,1,8,1,52,2" doraHai="52" who="1" fromWho="3" sc="252,0,85,116,217,0,446,-116" /><INIT seed="5,1,0,2,2,60" ten="252,201,217,330" oya="1" hai0="8,30,78,2,85,39,121,0,128,68,15,111,16" hai1="94,67,75,50,92,112,130,55,82,34,25,28,73" hai2="64,43,40,47,119,87,41,21,124,31,11,81,113" hai3="76,86,106,99,98,104,134,101,27,56,19,80,66"/><U45/><E112/><V91/><F119/><W14/><G134/><T105/><D39/><U116/><E116/><V17/><F113/><W58/><G27/><T9/><D105/><U26/><E130/><V114/><F114/><W129/><G129/><T49/><D128/><U83/><E26/><N who="2" m="16847" /><F124/><W10/><G66/><T42/><D68/><U5/><E5/><V52/><F64/><W100/><AGARI ba="1,0" hai="10,14,19,56,58,76,80,86,98,99,100,101,104,106" machi="100" ten="30,2000,0" yaku="0,1,9,1" doraHai="60" who="3" fromWho="3" sc="252,-6,201,-11,217,-6,330,23" /><INIT seed="6,0,0,2,3,39" ten="246,190,211,353" oya="2" hai0="83,63,36,9,90,20,19,121,51,101,73,41,48" hai1="56,71,119,105,109,47,23,126,95,35,102,34,33" hai2="8,58,24,57,68,135,123,97,12,98,130,61,66" hai3="111,129,74,84,89,15,78,40,17,107,96,46,133"/><V79/><F123/><W77/><G111/><T87/><D73/><U28/><E71/><V10/><F135/><W11/><G74/><T70/><D121/><U42/><E109/><V14/><F130/><W59/><G129/><T2/><D101/><U4/><E126/><V93/><F79/><W27/><G133/><T124/><D124/><U49/><E119/><V115/><F115/><W120/><G120/><T82/><D82/><U52/><E4/><V128/><F128/><W60/><G27/><T53/><D9/><U91/><E105/><V29/><F68/><W21/><G11/><N who="2" m="4137" /><F58/><W103/><G89/><T116/><D2/><U118/><E118/><V108/><F108/><W80/><G84/><T44/><D116/><U31/><E102/><N who="2" m="60719" /><F98/><W88/><G88/><T38/><D63/><U54/><E23/><AGARI ba="0,0" hai="12,14,23,24,29,57,61,66" m="60719,4137" machi="23" ten="30,2900,0" yaku="25,1,8,1" doraHai="39" who="2" fromWho="1" sc="246,0,190,-29,211,29,353,0" /><INIT seed="6,1,0,2,4,55" ten="246,161,240,353" oya="2" hai0="96,99,25,94,27,9,49,108,123,129,71,95,48" hai1="80,2,83,115,44,82,41,64,74,66,0,19,24" hai2="61,86,109,93,88,53,133,15,131,106,18,97,58" hai3="134,87,29,69,26,122,35,36,72,101,42,39,91"/><V37/><F37/><W79/><G122/><T113/><D71/><U52/><E74/><V111/><F133/><W56/><G69/><T16/><D123/><U76/><E76/><V46/><F131/><W102/><G79/><T103/><D129/><U125/><E115/><V73/><F73/><W62/><G72/><T120/><D113/><U51/><E125/><V30/><F30/><W90/><G90/><T3/><D108/><N who="2" m="41546" /><F46/><W89/><G89/><T100/><D120/><U59/><E0/><V20/><F106/><W21/><G35/><T84/><D84/><AGARI ba="1,0" hai="15,18,20,53,58,61,84,86,88,93,97" m="41546" machi="84" ten="30,5800,0" yaku="10,1,52,1,54,1" doraHai="55" who="2" fromWho="0" sc="246,-61,161,0,240,61,353,0" /><INIT seed="6,2,0,4,1,73" ten="185,161,301,353" oya="2" hai0="13,85,50,37,125,104,69,43,0,87,70,21,120" hai1="30,35,77,108,67,12,97,126,123,27,81,58,72" hai2="88,82,1,114,98,20,133,96,33,83,131,118,46" hai3="47,71,111,59,76,117,42,110,29,68,130,48,80"/><V105/><F118/><W119/><G29/><T75/><D0/><U101/><E126/><V116/><F33/><W54/><G130/><T92/><D37/><U24/><E108/><N who="3" m="41514" /><G80/><T122/><D75/><U100/><E123/><V39/><F116/><N who="3" m="44619" /><G76/><T91/><D104/><U103/><E27/><V99/><F1/><W113/><G113/><T7/><D125/><U109/><E109/><V94/><F114/><W9/><G9/><T74/><D74/><U17/><E67/><V106/><F20/><W79/><G79/><T135/><D122/><U34/><E58/><V16/><F16/><W44/><G44/><T107/><D120/><U5/><E35/><V129/><F133/><W102/><G102/><T84/><D135/><U127/><E127/><V51/><F39/><AGARI ba="2,0" hai="39,42,47,48,54,59,68,71" m="44619,41514" machi="39" ten="30,2000,0" yaku="34,2" doraHai="73" who="3" fromWho="2" sc="185,0,161,0,301,-26,353,26" /><INIT seed="7,0,0,2,4,30" ten="185,161,275,379" oya="3" hai0="76,21,1,74,102,68,129,39,44,59,92,26,36" hai1="131,12,65,55,116,63,3,61,70,57,14,31,99" hai2="38,4,46,80,60,124,9,23,75,67,47,88,20" hai3="33,111,77,122,64,34,53,115,89,10,32,7,52"/><W81/><G122/><T6/><D68/><U86/><E116/><V84/><F124/><W125/><G89/><T85/><D74/><U100/><E131/><V42/><F46/><W25/><G25/><T22/><D22/><U49/><E3/><V8/><F8/><W18/><G18/><T110/><D129/><U106/><E31/><V91/><F91/><W40/><G40/><T2/><D110/><U98/><E98/><V130/><F130/><W126/><G64/><T128/><D128/><U93/><E106/><V73/><F73/><N who="3" m="43183" /><G115/><T62/><D76/><U105/><E105/><V90/><F90/><W133/><G133/><T11/><D1/><U45/><REACH who="1" step="1"/><E86/><REACH who="1" ten="185,151,275,379" step="2"/><V69/><F75/><W29/><G29/><T101/><D85/><U95/><E95/><V121/><F121/><W109/><G53/><AGARI ba="0,1" hai="12,14,45,49,53,55,57,61,63,65,70,93,99,100" machi="53" ten="30,3900,0" yaku="1,1,7,1,53,1" doraHai="30" doraHaiUra="54" who="1" fromWho="3" sc="185,0,151,49,275,0,379,-39" owari="185,-31.0,200,-20.0,275,8.0,340,43.0" /></mjloggm>