<mjloggm ver="2.3"><GO type="169" lobby="0"/><UN n0="%E7%B4%B3%E5%A3%AB%E3%81%AE%E5%97%9C%E3%81%BF%E3%81%9F%E3%81%84%E3%82%80" n1="%E5%B0%91%E5%A5%B3%E3%83%95%E3%82%A1%E3%82%A4%E3%83%88" n2="%E3%81%8F%E3%81%86%E3%81%9F%E3%82%8D" n3="%E3%82%A6%E3%83%AB%E3%83%88%E3%83%A9%E7%AB%8B%E7%9B%B4" dan="16,17,18,18" rate="2100.64,2120.35,2166.05,2222.45" sx="M,F,M,M"/><TAIKYOKU oya="0"/><INIT seed="0,0,0,3,3,63" ten="250,250,250,250" oya="0" hai0="23,99,36,64,46,54,97,111,18,37,28,134,56" hai1="107,129,95,75,38,47,87,81,19,16,6,77,80" hai2="122,21,59,126,96,110,72,104,123,22,17,3,124" hai3="86,29,31,42,74,14,117,78,82,120,85,41,40"/><T60/><D134/><U55/><E107/><V50/><F72/><W25/><G117/><T9/><D111/><U76/><E129/><V34/><F104/><W27/><G14/><T26/><D46/><U128/><E128/><V131/><F96/><W105/><G105/><T32/><D9/><U12/><E95/><V94/><F94/><W15/><G15/><T44/><D44/><U132/><E132/><V10/><F131/><W130/><G130/><T92/><D54/><U127/><E127/><N who="2" m="48683" /><F110/><W114/><G114/><T61/><D61/><U0/><E12/><N who="2" m="7319" /><F3/><W43/><N who="3" m="10240" /><DORA hai="102" /><W71/><G71/><T108/><D108/><U33/><E33/><V133/><F133/><W62/><G62/><T100/><REACH who="0" step="1"/><D97/><REACH who="0" ten="240,250,250,250" step="2"/><U69/><E47/><V98/><F98/><W39/><G39/><T68/><D68/><U5/><E38/><V11/><F11/><W66/><G120/><T53/><D53/><U2/><E55/><N who="2" m="32247" /><F34/><W35/><G66/><T115/><D115/><U58/><E69/><V84/><F123/><W30/><REACH who="3" step="1"/><G35/><REACH who="3" ten="240,250,250,240" step="2"/><T48/><D48/><U4/><E0/><V91/><F122/><W79/><G79/><T67/><D67/><U8/><E2/><V88/><F22/><W135/><G135/><T52/><D52/><U13/><E8/><V118/><F21/><W119/><G119/><T103/><D103/><U109/><E109/><V51/><F118/><W89/><G89/><N who="2" m="34377" /><F51/><W113/><G113/><T49/><D49/><U121/><E121/><V83/><F84/><AGARI ba="0,2" hai="25,27,29,30,31,74,78,82,84,85,86" m="10240" machi="84" ten="60,8000,1" yaku="1,1,53,3" doraHai="63,102" doraHaiUra="106,20" who="3" fromWho="2" sc="240,0,250,0,250,-80,240,100" /><INIT seed="1,0,0,5,1,72" ten="240,250,170,340" oya="1" hai0="69,61,65,8,51,45,135,22,70,64,58,101,92" hai1="5,32,128,23,59,6,54,29,91,60,100,71,77" hai2="102,35,110,81,48,107,125,49,42,40,46,75,41" hai3="131,114,38,14,56,39,94,113,108,132,124,7,122"/><U68/><E32/><V28/><F110/><W67/><G7/><T85/><D135/><U76/><E71/><V116/><F116/><W104/><G14/><T133/><D133/><U99/><E68/><V105/><F125/><W52/><G94/><T9/><D22/><U3/><E128/><V10/><F10/><W33/><G67/><T121/><D121/><U30/><E3/><V96/><F107/><W126/><G56/><T0/><D0/><U74/><E74/><V16/><F16/><W82/><G82/><T89/><D101/><U97/><E100/><V87/><F75/><W1/><G52/><T44/><D58/><U63/><E91/><V118/><F118/><W11/><G11/><T31/><D31/><N who="1" m="11787" /><E63/><V36/><F36/><W62/><G62/><T20/><D20/><U88/><E23/><V15/><F15/><W19/><G39/><T117/><D117/><U79/><E88/><V84/><F48/><W115/><G114/><T103/><D103/><U83/><E83/><V120/><F120/><W123/><G123/><T43/><D45/><U47/><E47/><V106/><F106/><W34/><G115/><T130/><D130/><U86/><E86/><V112/><F112/><W98/><G124/><T93/><D93/><U50/><E60/><AGARI ba="0,0" hai="8,9,43,44,51,60,61,64,65,69,70,85,89,92" machi="60" ten="40,1300,0" yaku="9,1" doraHai="72" who="0" fromWho="1" sc="240,13,250,-13,170,0,340,0" /><INIT seed="2,0,0,5,1,76" ten="253,237,170,340" oya="2" hai0="110,112,7,59,39,128,19,90,78,71,56,10,61" hai1="116,31,57,60,3,17,43,87,113,93,29,127,1" hai2="117,107,16,91,30,126,44,69,101,129,6,100,77" hai3="50,83,66,97,103,111,67,106,22,23,41,49,32"/><V65/><F117/><W109/><G32/><T114/><D39/><U79/><E43/><V25/><F126/><W35/><G35/><T118/><D110/><N who="3" m="41993" /><G83/><T14/><D128/><U13/><E113/><V102/><F129/><W133/><G133/><T85/><D78/><U38/><E38/><V132/><F77/><W27/><G23/><T74/><D74/><U34/><E116/><V46/><F132/><W115/><G115/><T119/><D71/><U75/><E75/><V24/><F107/><W54/><G41/><T80/><D118/><U86/><E127/><V53/><F6/><W8/><G8/><T123/><D123/><U47/><E34/><V33/><F53/><W28/><G50/><T108/><D108/><U51/><E1/><V36/><F36/><W95/><G95/><T0/><D59/><AGARI ba="0,0" hai="22,27,28,49,54,59,66,67,97,103,106" m="41993" machi="59" ten="30,1000,0" yaku="14,1" doraHai="76" who="3" fromWho="0" sc="253,-10,237,0,170,0,340,10" /><INIT seed="3,0,0,0,3,69" ten="243,237,170,350" oya="3" hai0="103,42,117,52,6,107,18,38,91,25,99,98,72" hai1="9,132,80,123,129,39,59,50,90,66,1,63,96" hai2="122,75,16,119,12,112,135,84,94,110,126,128,116" hai3="57,48,124,125,93,0,43,21,26,15,87,79,3"/><W104/><G104/><T62/><D117/><U28/><E123/><V105/><RYUUKYOKU type="yao9" ba="0,0" sc="243,0,237,0,170,0,350,0" hai2="12,16,75,84,94,105,110,112,116,119,122,126,128,135" /><INIT seed="3,1,0,1,4,32" ten="243,237,170,350" oya="3" hai0="103,73,121,126,116,94,62,135,117,7,78,70,31" hai1="112,76,98,120,118,14,75,90,17,84,40,74,10" hai2="22,36,23,104,20,59,8,53,13,24,35,77,34" hai3="134,52,21,102,64,119,114,11,4,72,115,125,49"/><W71/><G72/><T26/><D121/><U37/><E120/><V12/><F104/><W1/><G119/><T82/><D126/><U48/><E112/><V99/><F36/><W25/><G134/><T29/><D135/><U41/><E37/><V43/><F77/><W110/><G125/><T83/><D31/><U86/><E98/><V33/><F43/><W54/><G110/><T97/><D83/><U50/><E118/><V89/><F99/><W130/><G130/><T15/><D70/><U9/><E76/><V95/><F95/><W51/><G102/><T63/><D63/><U19/><E14/><N who="2" m="5739" /><F89/><AGARI ba="1,0" hai="9,10,17,19,40,41,48,50,74,75,84,86,89,90" machi="89" ten="25,1600,0" yaku="22,2" doraHai="32" who="1" fromWho="2" sc="243,0,237,19,170,-19,350,0" /><INIT seed="4,0,0,4,0,61" ten="243,256,151,350" oya="0" hai0="97,23,31,53,21,126,7,109,105,55,90,66,125" hai1="101,52,56,134,88,14,38,118,34,8,9,40,117" hai2="46,113,69,107,26,5,47,2,24,32,45,122,82" hai3="13,129,73,51,85,116,70,93,89,6,123,81,25"/><T68/><D7/><U12/><E34/><V43/><F122/><W64/><G116/><T119/><D119/><U11/><E101/><V135/><F107/><W22/><G129/><T128/><D128/><U102/><E102/><V121/><F121/><W95/><G73/><T16/><D105/><U120/><E120/><V75/><F113/><W54/><G70/><T80/><D31/><U48/><E134/><V1/><F135/><W103/><G103/><T108/><D23/><U86/><E118/><V131/><F131/><W44/><G64/><T0/><D0/><U104/><E104/><V20/><F32/><W15/><G123/><T59/><D68/><U42/><E117/><V92/><F69/><W76/><G6/><T110/><D66/><U63/><E38/><V106/><F106/><W35/><G35/><T84/><D97/><U72/><E72/><V71/><F71/><W36/><G36/><T27/><REACH who="0" step="1"/><D53/><REACH who="0" ten="233,256,151,350" step="2"/><N who="1" m="34191" /><E8/><V133/><F1/><W79/><G15/><T67/><D67/><U99/><E9/><V17/><F2/><W60/><G13/><T87/><D87/><U4/><E99/><V115/><F115/><W91/><G22/><T3/><D3/><U57/><E14/><V74/><F74/><W78/><G25/><T124/><D124/><U96/><E96/><V10/><F75/><W50/><G85/><T77/><D77/><U41/><E86/><V127/><F127/><W30/><G79/><T58/><D58/><U19/><E4/><V100/><F133/><W39/><G78/><T112/><D112/><U111/><E11/><V33/><F33/><RYUUKYOKU type="nm" ba="0,1" sc="233,-40,256,-20,151,80,350,-20" hai0="16,21,27,55,59,80,84,90,108,109,110,125,126" /><INIT seed="4,1,1,0,3,94" ten="193,236,231,330" oya="0" hai0="91,118,112,17,101,117,18,60,6,99,80,108,102" hai1="121,129,24,73,3,74,135,130,116,30,120,62,43" hai2="128,95,23,107,10,0,111,31,86,38,114,14,68" hai3="113,76,133,28,48,42,87,81,33,59,26,103,27"/><T124/><D6/><U13/><E3/><V58/><F68/><W122/><G113/><T131/><D112/><U39/><E116/><V29/><F114/><W9/><G133/><T77/><D60/><U41/><E13/><V21/><F107/><W40/><G122/><N who="1" m="47210" /><E62/><V16/><F38/><W82/><G103/><T19/><D124/><U35/><E39/><V56/><F111/><W1/><G1/><T89/><D131/><N who="1" m="50187" /><E135/><V46/><F128/><W66/><G9/><T54/><D108/><U61/><E61/><V84/><F46/><W93/><G27/><T8/><D8/><U105/><E105/><V125/><F125/><W32/><G26/><T132/><D132/><U115/><E115/><V96/><F0/><W20/><G48/><T126/><D126/><U25/><E25/><V110/><F110/><W53/><G66/><T72/><D54/><U104/><E104/><V64/><F64/><W100/><G53/><T11/><D11/><U55/><E55/><V65/><F65/><W70/><G42/><AGARI ba="1,1" hai="24,30,35,41,42,43,73,74" m="50187,47210" machi="42" ten="30,1000,0" yaku="19,1" doraHai="94" who="1" fromWho="3" sc="193,0,236,23,231,0,330,-13" /><INIT seed="5,0,0,5,5,66" ten="193,259,231,317" oya="1" hai0="22,48,119,106,40,30,127,21,108,25,130,97,5" hai1="129,27,113,59,112,70,3,115,122,64,49,133,43" hai2="60,132,57,88,10,135,117,33,44,77,39,74,14" hai3="50,26,91,71,34,20,2,61,53,105,38,126,123"/><U82/><E122/><V121/><F121/><W18/><G123/><T89/><D119/><U95/><E3/><V118/><F117/><W102/><G2/><T125/><D130/><U87/><E129/><V79/><F33/><W23/><G38/><T84/><D108/><U69/><E133/><N who="2" m="51275" /><F118/><W58/><G34/><T99/><D5/><U17/><E95/><V80/><F39/><W72/><G72/><T100/><D99/><U93/><E93/><V29/><F44/><W96/><G126/><T9/><D9/><U104/><E104/><V6/><F29/><W78/><G78/><T15/><D15/><U51/><E43/><V37/><F37/><W68/><G91/><T131/><D131/><U85/><E85/><N who="2" m="50215" /><F74/><W109/><G109/><T32/><D40/><U13/><E27/><V98/><F98/><W111/><G111/><T73/><D73/><U62/><E51/><V12/><F14/><W4/><G4/><T81/><REACH who="0" step="1"/><D48/><REACH who="0" ten="183,259,231,317" step="2"/><U16/><E49/><V7/><F6/><W128/><G128/><T24/><D24/><U110/><E110/><V42/><F42/><W92/><G50/><T86/><D86/><U45/><E45/><V28/><F28/><W8/><G8/><T120/><D120/><U41/><E41/><V103/><F103/><W75/><G75/><T94/><D94/><U63/><E13/><V114/><F114/><W65/><G92/><T46/><D46/><U35/><E113/><V134/><F134/><W11/><G11/><T36/><D36/><U31/><E115/><V107/><F107/><N who="3" m="63943" /><G26/><T116/><D116/><U90/><E112/><RYUUKYOKU ba="0,1" sc="183,15,259,-15,231,15,317,-15" hai0="21,22,25,30,32,81,84,89,97,100,106,125,127" hai2="7,10,12,57,60,77,79" /><INIT seed="6,1,1,4,1,60" ten="198,244,246,302" oya="2" hai0="91,9,52,79,47,32,134,94,6,70,116,18,128" hai1="25,5,129,20,83,107,103,8,124,135,118,106,97" hai2="21,48,46,54,16,39,66,4,64,11,111,81,2" hai3="122,123,92,28,33,95,37,127,131,76,101,30,96"/><V84/><F39/><W43/><G76/><T3/><D32/><U14/><E118/><V55/><F55/><W38/><G131/><T125/><D116/><U10/><E129/><V77/><F111/><W59/><G59/><T31/><D31/><U110/><E110/><V0/><F2/><W29/><G33/><T93/><D128/><U7/><E124/><V34/><F34/><W114/><G43/><T73/><D134/><U12/><E135/><V126/><F126/><W87/><G127/><T100/><D100/><U27/><E83/><V13/><AGARI ba="1,1" hai="0,4,11,13,16,21,46,48,54,64,66,77,81,84" machi="13" ten="20,12000,1" yaku="0,1,7,1,52,2,54,1" doraHai="60" who="2" fromWho="2" sc="198,-41,244,-41,246,133,302,-41" /><INIT seed="6,2,0,1,4,113" ten="157,203,379,261" oya="2" hai0="18,117,46,50,41,65,84,99,30,55,114,133,89" hai1="57,86,4,34,119,31,51,134,125,100,60,49,40" hai2="61,66,108,121,36,21,78,76,80,64,107,91,115" hai3="110,128,135,122,131,72,35,62,16,5,88,94,69"/><V109/><F121/><W111/><G35/><T67/><D114/><U68/><E68/><V52/><F115/><W87/><G122/><T43/><D133/><U112/><E112/><V8/><F107/><W73/><G5/><T2/><D2/><U126/><E134/><V22/><F36/><W24/><G62/><T25/><D99/><U130/><E130/><N who="3" m="49706" /><G69/><T90/><D18/><U106/><E4/><V37/><F37/><W75/><G135/><T0/><D0/><U45/><E51/><V104/><F61/><W19/><G24/><T82/><D117/><U38/><E38/><V127/><F66/><W23/><G23/><T53/><D43/><U10/><E10/><V58/><F64/><W9/><G19/><T3/><D3/><U120/><E120/><V123/><F22/><W47/><G47/><T13/><D13/><AGARI ba="2,0" hai="9,13,16,72,73,75,87,88,94,110,111" m="49706" machi="13" ten="40,5200,0" yaku="19,1,54,2" doraHai="113" who="3" fromWho="0" sc="157,-58,203,0,379,0,261,58" /><INIT seed="7,0,0,3,2,29" ten="99,203,379,319" oya="3" hai0="63,126,36,132,121,51,1,18,100,41,54,9,32" hai1="60,135,46,70,129,124,92,58,93,91,84,68,82" hai2="76,114,12,79,122,73,61,94,42,39,27,117,107" hai3="47,130,103,88,89,11,64,28,65,40,66,74,20"/><W101/><G74/><T24/><D100/><N who="3" m="38473" /><G130/><T7/><D63/><U14/><E135/><V81/><F107/><W37/><G37/><T109/><D41/><U99/><E124/><V45/><F117/><W55/><G40/><T112/><D36/><U21/><E93/><V85/><F114/><W25/><G11/><T50/><D121/><U5/><E46/><V128/><F128/><W62/><G62/><T0/><D51/><AGARI ba="0,0" hai="20,25,28,47,51,55,64,65,66,88,89" m="38473" machi="51" ten="30,2900,0" yaku="8,1,54,1" doraHai="29" who="3" fromWho="0" sc="99,-29,203,0,379,0,319,29" /><INIT seed="7,1,0,2,2,46" ten="70,203,379,348" oya="3" hai0="35,79,55,95,128,40,56,68,77,61,80,99,97" hai1="59,83,63,0,23,21,102,1,10,64,45,104,28" hai2="103,106,8,96,39,5,52,135,7,119,100,120,93" hai3="25,36,122,41,124,90,49,115,30,118,9,4,6"/><W94/><G122/><T71/><D35/><U121/><E23/><V12/><F119/><W86/><G118/><T107/><D128/><U48/><E102/><N who="2" m="60687" /><F39/><W126/><G36/><T62/><D40/><U47/><E45/><V78/><F106/><W88/><G115/><T108/><D108/><U50/><E50/><V38/><F38/><W65/><G65/><T76/><D107/><U20/><E20/><V22/><F135/><W2/><G6/><N who="2" m="2057" /><F120/><W89/><G49/><T87/><D71/><U73/><E10/><V33/><F33/><N who="3" m="20687" /><G41/><T123/><D123/><U116/><E83/><V37/><F37/><W91/><G2/><T70/><D70/><U92/><E92/><V82/><F22/><W74/><G74/><T57/><D68/><U43/><E28/><V125/><F52/><W133/><G133/><T117/><D117/><U17/><E48/><V15/><F125/><N who="3" m="48235" /><G4/><T66/><D99/><U109/><E64/><V19/><F15/><W130/><G130/><T29/><D29/><U53/><E43/><V32/><F32/><W85/><G9/><T113/><D113/><U72/><E104/><V114/><F114/><W16/><G16/><T11/><D11/><U111/><E17/><V81/><F78/><W54/><G54/><T3/><D3/><U31/><E0/><V24/><F24/><W67/><G67/><T69/><D69/><U27/><E1/><V101/><AGARI ba="1,0" hai="8,12,19,81,82,100,101,103" m="2057,60687" machi="101" ten="30,1100,0" yaku="8,1" doraHai="46" who="2" fromWho="2" sc="70,-4,203,-4,379,14,348,-6" owari="66,-43.0,199,-20.0,393,49.0,342,14.0" /></mjloggm>