<mjloggm ver="2.3"><GO type="169" lobby="0"/><UN n0="%4C%41%50%44" n1="%E3%81%84%E3%81%AA%E3%81%97%E3%82%93%E3%80%82" n2="%E3%82%A6%E3%83%AB%E3%83%88%E3%83%A9%E7%AB%8B%E7%9B%B4" n3="%E3%81%8A%E3%81%98%E3%81%95%E3%82%93" dan="17,17,16,16" rate="2149.93,2143.95,2167.22,2121.49" sx="M,M,M,M"/><TAIKYOKU oya="0"/><INIT seed="0,0,0,4,3,89" ten="250,250,250,250" oya="0" hai0="82,130,1,122,56,124,134,49,48,4,95,61,14" hai1="94,79,77,60,13,78,120,106,23,88,65,59,37" hai2="7,114,81,113,133,70,67,99,90,58,11,50,51" hai3="105,86,36,76,40,16,5,107,112,118,3,111,45"/><T104/><D122/><U123/><E37/><V115/><F70/><W117/><G112/><T35/><D104/><U75/><E106/><V121/><F121/><W66/><G107/><T21/><D35/><U109/><E109/><V97/><F133/><W83/><G105/><T64/><D134/><U116/><E116/><V93/><F81/><W17/><G111/><T30/><D124/><U85/><REACH who="1" step="1"/><E75/><REACH who="1" ten="250,240,250,250" step="2"/><V38/><F38/><W27/><G118/><T20/><D130/><U62/><E62/><V119/><F119/><W101/><G117/><T42/><D61/><U84/><E84/><V54/><F51/><W0/><G86/><T91/><D49/><U103/><E103/><V24/><F114/><W15/><G101/><T80/><D48/><U69/><E69/><V129/><F129/><W126/><G36/><T128/><D128/><U110/><E110/><V31/><F115/><W98/><G126/><T41/><D41/><U74/><E74/><V12/><F113/><W87/><G87/><T25/><D42/><U63/><E63/><V32/><REACH who="2" step="1"/><F99/><REACH who="2" ten="250,240,240,250" step="2"/><W44/><G98/><T131/><D131/><U18/><AGARI ba="0,2" hai="13,18,23,59,60,65,77,78,79,85,88,94,120,123" machi="18" ten="30,7900,0" yaku="1,1,0,1,52,1,54,1,53,0" doraHai="89" doraHaiUra="127" who="1" fromWho="1" sc="250,-39,240,99,240,-20,250,-20" /><INIT seed="1,0,0,1,3,47" ten="211,339,220,230" oya="1" hai0="118,12,10,23,124,40,36,99,7,80,42,95,52" hai1="133,11,96,97,79,100,43,129,54,8,102,120,61" hai2="69,3,121,17,82,81,5,83,0,59,63,33,13" hai3="89,119,62,37,2,128,6,57,44,71,125,73,1"/><U74/><E120/><V130/><F121/><W131/><G125/><T22/><D124/><U75/><E133/><V4/><F69/><W108/><G108/><T29/><D118/><U135/><E135/><V68/><F68/><W27/><G119/><T34/><D34/><U24/><E129/><N who="3" m="49738" /><G71/><T30/><D80/><U66/><E43/><N who="0" m="16425" /><D36/><U9/><E54/><V31/><F130/><W16/><G44/><T18/><D52/><U21/><E79/><V88/><F33/><W14/><G37/><T110/><D110/><U98/><E74/><V70/><F70/><W85/><G73/><T105/><D105/><U116/><E75/><V117/><F117/><W112/><G27/><N who="0" m="14807" /><D23/><U94/><E102/><AGARI ba="0,0" hai="7,10,12,29,30,95,99,102" m="14807,16425" machi="102" ten="30,1000,0" yaku="8,1" doraHai="47" who="0" fromWho="1" sc="211,10,339,-10,220,0,230,0" /><INIT seed="2,0,0,0,2,28" ten="221,329,220,230" oya="2" hai0="83,85,22,6,40,84,131,16,112,57,20,55,95" hai1="94,118,39,93,97,0,21,75,73,80,98,121,113" hai2="12,114,89,102,14,42,63,31,2,23,103,134,101" hai3="30,58,68,69,67,7,71,127,100,54,119,43,78"/><V10/><F114/><W41/><G119/><T120/><D112/><U52/><E0/><V56/><F134/><W48/><G78/><T4/><D120/><U53/><E39/><V11/><F42/><N who="3" m="15883" /><G30/><T79/><D40/><U65/><E113/><V51/><F51/><N who="3" m="31071" /><G100/><T91/><D131/><U90/><E118/><V125/><F125/><W9/><G9/><N who="2" m="3081" /><F89/><W110/><G7/><T92/><D92/><U37/><E37/><V130/><F130/><W111/><G127/><T88/><D79/><U105/><E105/><V49/><F49/><W96/><G96/><T1/><D1/><U13/><E65/><N who="2" m="39143" /><F2/><W35/><G35/><T86/><D86/><U104/><E104/><V70/><F70/><N who="3" m="27243" /><G48/><N who="0" m="30951" /><D22/><U47/><E121/><V117/><F117/><W64/><G64/><T123/><D123/><U108/><E75/><V38/><F38/><W50/><G50/><T106/><D106/><U116/><E73/><V45/><F31/><W59/><G71/><T82/><D82/><U32/><E116/><V44/><F14/><AGARI ba="0,0" hai="4,6,14,16,20,83,84,85,88,91,95" m="30951" machi="14" ten="30,7700,0" yaku="25,1,8,1,54,2" doraHai="28" who="0" fromWho="2" sc="221,77,329,0,220,-77,230,0" /><INIT seed="3,0,0,3,4,71" ten="298,329,143,230" oya="3" hai0="55,39,122,32,101,11,7,2,43,105,42,18,61" hai1="67,104,8,45,47,73,126,38,77,127,118,41,109" hai2="50,29,129,76,19,132,4,44,99,69,133,79,16" hai3="72,52,13,114,124,54,56,36,24,9,130,117,112"/><W89/><G117/><T80/><D18/><N who="2" m="6698" /><F69/><W27/><G72/><T131/><D55/><U63/><E104/><V87/><F29/><W125/><G130/><T119/><D42/><N who="1" m="22743" /><E8/><V83/><F4/><N who="3" m="3239" /><G36/><T78/><D61/><U40/><E77/><V92/><F129/><W34/><G89/><T84/><D32/><U113/><E73/><V93/><F79/><W60/><G54/><T107/><D131/><U53/><E118/><V62/><F62/><W51/><G60/><T20/><D122/><U100/><E100/><V17/><N who="2" m="6706" /><V0/><DORA hai="49" /><F0/><W1/><G1/><T10/><D101/><U111/><E113/><N who="3" m="43626" /><G34/><T25/><D119/><U59/><E67/><V3/><F3/><W88/><G88/><T14/><D2/><U75/><E75/><V98/><F98/><W68/><G68/><T134/><D105/><U120/><E120/><V96/><F96/><W74/><G74/><T135/><D107/><U31/><E31/><V5/><F99/><W86/><G86/><T58/><D84/><U48/><E40/><N who="2" m="24839" /><F5/><W121/><G121/><T66/><D7/><U97/><E97/><V65/><F65/><W102/><G102/><T64/><D66/><U37/><E63/><V94/><F94/><W23/><G23/><T106/><D64/><U115/><E115/><V46/><F46/><W26/><G125/><AGARI ba="0,0" hai="37,41,47,48,53,59,109,111,125,126,127" m="22743" machi="125" ten="30,12000,2" yaku="18,1,34,2,52,3" doraHai="71,49" who="1" fromWho="3" sc="298,0,329,120,143,0,230,-120" /><INIT seed="4,0,0,4,0,12" ten="298,449,143,110" oya="0" hai0="67,61,54,117,80,107,5,100,87,47,19,51,134" hai1="21,34,133,42,129,57,0,26,82,119,68,105,24" hai2="25,86,44,77,130,1,23,3,72,111,106,123,27" hai3="70,14,115,118,46,102,83,60,122,59,36,120,64"/><T96/><D117/><U71/><E0/><V132/><F72/><W66/><G118/><T35/><D134/><U127/><E105/><V89/><F106/><W110/><G110/><T126/><D126/><U79/><E119/><V94/><F123/><N who="3" m="47147" /><G102/><T48/><D35/><U65/><E34/><V31/><F111/><W85/><G14/><T69/><D5/><U101/><E101/><V40/><F132/><W62/><G115/><T128/><D128/><U63/><E26/><V55/><F77/><N who="3" m="46319" /><G46/><T53/><D19/><U112/><E42/><V49/><F130/><W33/><G33/><T99/><D100/><U10/><E112/><V98/><F27/><W109/><G109/><T45/><REACH who="0" step="1"/><D107/><REACH who="0" ten="288,449,143,110" step="2"/><U15/><E127/><V84/><F1/><W131/><G131/><T97/><D97/><U16/><E129/><V52/><F3/><W2/><G2/><T50/><D50/><U6/><E133/><V90/><REACH who="2" step="1"/><F98/><REACH who="2" ten="288,449,133,110" step="2"/><W103/><G103/><T18/><D18/><U11/><E11/><V108/><F108/><W116/><G116/><T114/><D114/><U29/><E6/><V124/><F124/><W28/><G28/><T75/><D75/><AGARI ba="0,2" hai="10,15,16,21,24,29,57,63,65,68,71,75,79,82" machi="75" ten="30,3900,0" yaku="7,1,52,1,54,1" doraHai="12" who="1" fromWho="0" sc="288,-39,449,59,133,0,110,0" /><INIT seed="5,0,0,2,3,19" ten="249,508,133,110" oya="1" hai0="109,52,7,105,103,42,28,118,84,79,16,114,39" hai1="37,75,2,134,43,10,99,74,0,119,82,15,31" hai2="26,73,49,110,9,40,90,44,126,78,81,23,62" hai3="54,91,61,11,131,12,66,92,100,76,33,124,98"/><U29/><E119/><V25/><F126/><W27/><G124/><T94/><D28/><U121/><E121/><V20/><F110/><W128/><G76/><T107/><D7/><U117/><E117/><V87/><F9/><W72/><G72/><T46/><D109/><U125/><E125/><V17/><F62/><W70/><G54/><T101/><D101/><U36/><E99/><V32/><F32/><W86/><G27/><T13/><D114/><U129/><E82/><V34/><F34/><W127/><G33/><T112/><D112/><U88/><E88/><V96/><F96/><W93/><REACH who="3" step="1"/><G127/><REACH who="3" ten="249,508,133,100" step="2"/><T69/><D79/><U63/><E74/><V132/><F132/><W50/><G50/><T71/><D52/><U120/><E75/><V51/><F51/><W133/><G133/><T56/><D118/><U77/><E134/><V83/><F73/><W95/><G95/><T135/><D94/><U60/><E63/><V38/><F38/><W59/><G59/><T111/><D56/><U64/><E60/><V65/><F78/><W113/><G113/><T89/><D135/><U57/><E37/><V104/><F104/><W58/><G58/><T4/><D107/><U80/><E36/><V14/><F65/><W97/><G97/><T21/><D111/><U116/><E57/><V130/><F130/><W47/><G47/><T35/><D35/><U6/><E64/><V41/><F41/><W106/><G106/><T115/><D115/><U67/><E43/><V18/><F26/><W108/><G108/><T3/><D105/><U48/><E77/><V123/><F123/><RYUUKYOKU ba="0,1" sc="249,-15,508,-15,133,15,100,15" hai2="14,17,18,20,23,25,40,44,49,81,83,87,90" hai3="11,12,61,66,70,86,91,92,93,98,100,128,131" /><INIT seed="6,1,1,3,3,41" ten="234,493,148,115" oya="2" hai0="71,109,133,106,85,129,51,122,47,90,35,130,87" hai1="68,54,42,77,78,10,43,30,101,4,3,24,75" hai2="125,44,16,61,98,31,105,107,13,9,27,15,45" hai3="134,58,36,116,64,11,33,127,5,14,115,93,66"/><V69/><F125/><W123/><G116/><T88/><D122/><U59/><E68/><V73/><F73/><W38/><G123/><T89/><D109/><U97/><E43/><V48/><F48/><W57/><G127/><T104/><D35/><U49/><E42/><V65/><F15/><W55/><G33/><T100/><D71/><U8/><E8/><V132/><F132/><W128/><G134/><T29/><D29/><U2/><E2/><V46/><REACH who="2" step="1"/><F98/><REACH who="2" ten="234,493,138,115" step="2"/><W110/><G110/><T91/><D133/><U28/><E75/><V124/><F124/><W113/><G128/><T70/><D51/><U112/><E49/><V56/><F56/><N who="3" m="21611" /><G55/><T60/><D129/><U117/><E59/><V23/><AGARI ba="1,2" hai="9,13,16,23,27,31,44,45,46,61,65,69,105,107" machi="23" ten="30,24000,3" yaku="1,1,0,1,52,3,54,1,53,2" doraHai="41" doraHaiUra="103" who="2" fromWho="2" sc="234,-81,493,-81,138,263,115,-81" /><INIT seed="6,2,0,4,5,112" ten="153,412,401,34" oya="2" hai0="3,117,104,34,40,33,55,84,66,23,119,116,32" hai1="8,31,71,132,39,15,10,59,94,114,79,115,26" hai2="92,43,30,77,22,131,72,124,95,51,123,48,83" hai3="130,97,76,122,47,1,80,90,0,53,52,9,18"/><V56/><F123/><W50/><G122/><T7/><D104/><U75/><E71/><V46/><F131/><W19/><G130/><T78/><D40/><U100/><E39/><V110/><F124/><W108/><G108/><T5/><D66/><U67/><E132/><V38/><F110/><W41/><G53/><T128/><D128/><U63/><E79/><V17/><F30/><W89/><G89/><T107/><D107/><U88/><E75/><V11/><F11/><W101/><G90/><T70/><D70/><U60/><E60/><V27/><REACH who="2" step="1"/><F56/><REACH who="2" ten="153,412,391,34" step="2"/><W99/><G0/><T82/><D3/><U126/><E126/><V42/><F42/><W25/><G41/><T14/><D116/><U21/><E100/><V93/><AGARI ba="2,1" hai="17,22,27,38,43,46,48,51,72,77,83,92,93,95" machi="93" ten="30,6000,0" yaku="1,1,0,1,53,1" doraHai="112" doraHaiUra="106" who="2" fromWho="2" sc="153,-22,412,-22,391,76,34,-22" /><INIT seed="6,3,0,2,1,79" ten="131,390,467,12" oya="2" hai0="58,33,53,133,13,94,124,129,14,3,83,122,64" hai1="40,10,26,118,67,43,117,2,134,93,87,78,16" hai2="105,56,47,108,103,77,115,120,25,86,24,89,121" hai3="131,61,37,102,119,128,51,73,20,36,30,92,35"/><V60/><F77/><W15/><G35/><T55/><D3/><U49/><E134/><V9/><F120/><W101/><G73/><T6/><D33/><U95/><E67/><V46/><F121/><W21/><G119/><T1/><D1/><U69/><E69/><V84/><F105/><W63/><G51/><T70/><D70/><U107/><E107/><V8/><F103/><N who="3" m="39435" /><G15/><T109/><D94/><U17/><E2/><V59/><F108/><W75/><G92/><T88/><D14/><U57/><E117/><V74/><F74/><W38/><G75/><T68/><D68/><U110/><E110/><V96/><F96/><W98/><G98/><T34/><D34/><U130/><E130/><N who="3" m="49706" /><G30/><T54/><D129/><U50/><E118/><V12/><F12/><W112/><G112/><T72/><D72/><U45/><E10/><V4/><F115/><W76/><G76/><T22/><D109/><U80/><E17/><V116/><F116/><W135/><G135/><T39/><D13/><U126/><E126/><V81/><F89/><W65/><G65/><T100/><D88/><U111/><E111/><V127/><F127/><W0/><G0/><T32/><D124/><U85/><E85/><V104/><F104/><W62/><AGARI ba="3,0" hai="20,21,36,37,38,61,62,63" m="49706,39435" machi="62" ten="40,5200,0" yaku="28,2,19,1" doraHai="79" who="3" fromWho="3" sc="131,-16,390,-16,467,-29,12,61" /><INIT seed="7,0,0,3,2,7" ten="115,374,438,73" oya="3" hai0="82,120,29,41,81,87,99,44,86,91,64,24,47" hai1="123,20,32,58,84,96,109,95,110,97,113,48,6" hai2="54,22,62,125,93,68,21,104,49,60,77,130,108" hai3="115,51,102,121,16,72,19,56,50,111,88,4,124"/><W33/><G121/><T100/><D64/><U25/><E32/><V42/><F104/><W127/><G33/><T98/><D120/><U65/><E123/><V94/><F108/><W9/><G111/><T2/><D2/><U45/><E113/><V15/><F68/><W112/><G72/><T14/><D14/><U116/><E116/><V30/><F42/><W101/><G88/><N who="0" m="51279" /><D41/><U40/><E6/><V39/><F39/><W129/><G129/><T135/><D135/><U119/><E119/><V31/><F77/><W12/><G102/><T105/><D105/><U78/><E78/><V38/><F38/><W37/><G37/><T13/><D13/><U80/><E80/><V66/><F125/><N who="3" m="48203" /><G101/><T17/><D29/><U69/><E69/><V128/><F130/><W1/><G19/><T57/><D57/><U71/><E71/><V103/><F128/><W73/><G73/><T134/><D134/><U10/><E10/><V59/><F31/><W67/><G67/><T118/><D118/><U92/><E92/><V5/><F30/><W131/><G131/><T18/><D18/><U53/><E65/><V126/><F66/><W28/><G28/><T107/><D107/><U3/><E3/><V11/><F126/><W89/><G89/><T63/><D100/><U114/><E114/><N who="3" m="43562" /><G56/><T90/><D90/><N who="1" m="53703" /><E109/><V79/><F79/><W27/><G27/><T70/><D24/><U106/><E110/><V122/><F122/><W55/><G55/><T43/><D17/><N who="1" m="12431" /><E106/><V61/><F103/><W23/><AGARI ba="0,0" hai="1,4,9,12,16,23,50,51" m="43562,48203" machi="23" ten="30,11700,0" yaku="18,1,15,1,52,1,54,1" doraHai="7" who="3" fromWho="3" sc="115,-39,374,-39,438,-39,73,117" /><INIT seed="7,1,0,5,1,69" ten="76,335,399,190" oya="3" hai0="5,41,40,44,71,65,109,76,125,101,75,83,3" hai1="116,48,27,80,121,132,73,114,62,134,23,81,52" hai2="78,84,126,16,74,22,37,8,50,42,32,13,66" hai3="82,95,15,35,88,113,28,119,31,21,100,53,115"/><W54/><G119/><T92/><D109/><U87/><E121/><V107/><F37/><W91/><G100/><T117/><D40/><U57/><E116/><V58/><F74/><W127/><G127/><T103/><D117/><U20/><E114/><N who="3" m="43530" /><G82/><T49/><D125/><U17/><E73/><V38/><F38/><W24/><G91/><T59/><D71/><U79/><E81/><N who="2" m="47159" /><F107/><W19/><G31/><T25/><D25/><U70/><E70/><V29/><F126/><W61/><G61/><T122/><D122/><U108/><E108/><V0/><F0/><W43/><G43/><T64/><D59/><U112/><E112/><V98/><F98/><AGARI ba="1,0" hai="15,19,21,24,28,35,53,54,88,95,98" m="43530" machi="98" ten="30,2900,0" yaku="15,1,54,1" doraHai="69" who="3" fromWho="2" sc="76,0,335,0,399,-32,190,32" /><INIT seed="7,2,0,2,3,53" ten="76,335,367,222" oya="3" hai0="64,51,2,50,125,6,123,71,88,46,92,96,67" hai1="70,24,83,118,22,82,131,3,37,91,115,54,126" hai2="130,110,85,31,48,12,109,84,47,113,23,35,73" hai3="30,8,98,14,52,97,108,135,33,76,5,103,40"/><W95/><G135/><T90/><D123/><U1/><E70/><V20/><F73/><W112/><G112/><T129/><D129/><U116/><E115/><V42/><F35/><W25/><G108/><T65/><D125/><U16/><E37/><V10/><F113/><W80/><G40/><T43/><D71/><U124/><E54/><V78/><F130/><W86/><G98/><T134/><D134/><U63/><E63/><V68/><F68/><W127/><G52/><T55/><D2/><N who="1" m="523" /><E91/><V87/><F109/><W61/><G61/><T57/><REACH who="0" step="1"/><D6/><REACH who="0" ten="66,335,367,222" step="2"/><U77/><E131/><V94/><F110/><W117/><G127/><N who="1" m="48682" /><E83/><N who="2" m="47223" /><F94/><W128/><G128/><T107/><D107/><U4/><E4/><N who="2" m="3143" /><F31/><W120/><G120/><T105/><D105/><U122/><E122/><V0/><F0/><W44/><G117/><T49/><D49/><U17/><E17/><V27/><F27/><W56/><G80/><T32/><D32/><U74/><AGARI ba="2,1" hai="16,22,24,74,77,82,116,118" m="48682,523" machi="74" ten="40,2700,0" yaku="18,1,54,1" doraHai="53" who="1" fromWho="1" sc="66,-9,335,43,367,-9,222,-15" owari="57,-44.0,378,47.0,358,16.0,207,-19.0" /></mjloggm>