<mjloggm ver="2.3"><GO type="169" lobby="0"/><UN n0="%E3%82%A6%E3%83%AB%E3%83%88%E3%83%A9%E7%AB%8B%E7%9B%B4" n1="%4D%72%2E%6E%69%6B%75%39" n2="%4A%55%4E%4B%45%52%53" n3="%4B%52%65%72%65%65%65%4E" dan="18,17,17,16" rate="2256.17,2181.69,2178.94,2113.64" sx="M,M,M,M"/><TAIKYOKU oya="0"/><INIT seed="0,0,0,3,4,68" ten="250,250,250,250" oya="0" hai0="67,77,126,20,71,64,47,133,95,131,3,74,25" hai1="107,24,18,22,113,9,23,51,127,134,58,16,36" hai2="122,61,13,125,90,40,65,98,50,54,129,103,82" hai3="120,59,39,15,73,30,124,32,118,38,92,93,101"/><T31/><D3/><U88/><E107/><V80/><F122/><W97/><G118/><T33/><D74/><U0/><E127/><V117/><F125/><W119/><G119/><T99/><D77/><U109/><E109/><V55/><F117/><W79/><G124/><T85/><D126/><U8/><E134/><V52/><F129/><W45/><G32/><T91/><D131/><U14/><E113/><V17/><F40/><W42/><G30/><T130/><D130/><U83/><E0/><V62/><F50/><W76/><G120/><T132/><D47/><U19/><E36/><V27/><F27/><W44/><G59/><T56/><D71/><U105/><E105/><V84/><F82/><W10/><G73/><T78/><D33/><U111/><E19/><V26/><F26/><W94/><G94/><T102/><D78/><U29/><E29/><V35/><F65/><W49/><G92/><T21/><D21/><U1/><E1/><V110/><F110/><W116/><G116/><T104/><REACH who="0" step="1"/><D56/><REACH who="0" ten="240,250,250,250" step="2"/><U2/><E2/><V106/><REACH who="2" step="1"/><F35/><REACH who="2" ten="240,250,240,250" step="2"/><W34/><G34/><T6/><D6/><U4/><E4/><V53/><N who="2" m="13312" /><DORA hai="69" /><V72/><F72/><W135/><G79/><T60/><D60/><U46/><E111/><V12/><F12/><W96/><G76/><T37/><D37/><U115/><E115/><V112/><F112/><W100/><G39/><T48/><D48/><U70/><E51/><V57/><F57/><W108/><G49/><T81/><D81/><U123/><E58/><V89/><F89/><W121/><G108/><T114/><D114/><RYUUKYOKU ba="0,2" sc="240,15,250,-15,240,15,250,-15" hai0="20,25,31,64,67,85,91,95,99,102,104,132,133" hai2="13,17,61,62,80,84,90,98,103,106" /><INIT seed="0,1,2,1,3,96" ten="255,235,255,235" oya="0" hai0="1,6,135,72,60,128,86,91,50,36,66,112,10" hai1="118,28,103,4,25,81,55,89,61,94,43,105,46" hai2="129,67,49,127,56,63,124,22,77,39,11,59,107" hai3="111,48,13,117,116,45,31,123,104,69,2,27,125"/><T126/><D36/><U58/><E118/><V122/><F39/><W16/><G2/><T88/><D72/><U24/><E4/><V5/><F122/><W109/><G123/><T100/><D112/><U21/><E81/><V7/><F129/><W32/><G104/><T34/><D34/><U97/><E25/><V78/><F107/><W84/><G69/><T131/><D126/><N who="2" m="48170" /><F22/><N who="3" m="11535" /><G125/><T3/><D100/><U74/><E74/><V70/><F5/><W35/><G35/><T65/><D135/><U114/><E114/><V133/><F133/><W90/><G90/><T52/><D3/><U9/><E9/><V119/><F119/><W87/><G116/><T23/><D23/><U17/><E28/><V41/><F41/><N who="3" m="24623" /><G117/><T12/><D1/><U30/><E30/><V18/><F18/><W115/><G115/><T53/><D91/><U132/><E132/><V8/><F8/><W106/><G106/><T26/><D131/><U19/><E19/><V130/><F130/><W92/><G92/><N who="0" m="54295" /><D128/><U99/><E99/><V47/><F11/><W85/><G32/><T95/><D95/><U15/><E105/><V134/><F7/><W0/><G0/><T73/><D73/><U64/><E15/><V121/><F134/><W79/><G31/><T42/><D26/><U82/><E82/><V54/><F121/><W62/><G27/><T76/><D76/><AGARI ba="1,2" hai="47,49,54,56,59,63,67,70,76,77,78" m="48170" machi="76" ten="30,1000,0" yaku="18,1" doraHai="96" who="2" fromWho="0" sc="255,-13,235,0,255,33,235,0" /><INIT seed="1,0,0,3,1,46" ten="242,235,288,235" oya="1" hai0="9,6,28,58,1,7,70,26,99,90,57,31,45" hai1="97,96,117,49,2,81,33,22,12,42,38,121,94" hai2="63,54,132,126,14,86,53,119,88,55,109,5,78" hai3="118,3,101,15,110,43,21,102,51,122,128,34,87"/><U133/><E33/><V131/><F119/><W40/><G122/><T56/><D70/><U44/><E2/><V76/><F109/><W41/><G3/><T0/><D99/><U19/><E117/><V4/><F131/><W30/><G118/><T79/><D79/><N who="2" m="30250" /><F132/><W112/><G112/><T32/><D90/><U68/><E133/><V52/><F126/><W64/><G128/><T24/><D45/><U65/><E121/><V13/><F63/><W39/><G39/><T67/><D67/><U134/><E134/><V105/><F105/><W107/><G107/><T48/><D6/><N who="2" m="2666" /><F55/><W17/><G110/><T91/><D91/><U10/><E81/><AGARI ba="0,0" hai="13,14,52,53,54,81,86,88" m="2666,30250" machi="81" ten="30,3900,0" yaku="8,1,54,2" doraHai="46" who="2" fromWho="1" sc="242,0,235,-39,288,39,235,0" /><INIT seed="2,0,0,2,2,47" ten="242,196,327,235" oya="2" hai0="28,40,3,66,1,77,39,74,104,114,60,107,134" hai1="112,61,87,16,25,42,116,65,91,119,50,55,43" hai2="71,121,80,97,49,27,127,84,78,103,129,95,86" hai3="108,13,18,111,8,98,92,123,90,19,105,4,99"/><V125/><F71/><W126/><G123/><T37/><D114/><U58/><E112/><V21/><F121/><W79/><G79/><T96/><D28/><U106/><E106/><V51/><F129/><W5/><G126/><N who="2" m="48137" /><F86/><W68/><G68/><N who="0" m="42055" /><D134/><U10/><E119/><V109/><F109/><N who="3" m="42059" /><G5/><T14/><D14/><N who="1" m="7255" /><E25/><V132/><F132/><W81/><G81/><N who="0" m="45239" /><D107/><U57/><E116/><V131/><F131/><W0/><G13/><T11/><D11/><U130/><E130/><V29/><AGARI ba="0,0" hai="21,27,29,49,51,78,80,84,95,97,103" m="48137" machi="29" ten="30,6000,0" yaku="18,1,52,2" doraHai="47" who="2" fromWho="2" sc="242,-20,196,-20,327,60,235,-20" /><INIT seed="2,1,0,4,1,80" ten="222,176,387,215" oya="2" hai0="19,132,26,76,4,62,73,118,55,85,25,10,77" hai1="78,81,86,11,72,133,67,89,99,66,129,9,117" hai2="103,84,94,113,83,5,36,56,106,41,98,34,14" hai3="93,105,116,65,8,24,57,47,92,112,37,39,32"/><V104/><F34/><W2/><G116/><T1/><D73/><U18/><E117/><V6/><F113/><W30/><G105/><T49/><D132/><U13/><E129/><V123/><F123/><W45/><G112/><T12/><D62/><U70/><E133/><V95/><F36/><W54/><G65/><T69/><D69/><U22/><E99/><V75/><F41/><W52/><G39/><T74/><D74/><U17/><E70/><V0/><F0/><W3/><G3/><T101/><D101/><U51/><E51/><V48/><F75/><W27/><G27/><N who="0" m="10251" /><D1/><U96/><E96/><V109/><F109/><W115/><G115/><T111/><D111/><U128/><E128/><V58/><F98/><W121/><G121/><T60/><D60/><U44/><E44/><V102/><F48/><W125/><G37/><T108/><D118/><U107/><E107/><V131/><F131/><W135/><G135/><T59/><D108/><U7/><E18/><V124/><F104/><W63/><G2/><T122/><D122/><U16/><E17/><V71/><F71/><W46/><G125/><T87/><D19/><U20/><E20/><V50/><F106/><W90/><G8/><T43/><D43/><U100/><E100/><V53/><F103/><W97/><REACH who="3" step="1"/><G93/><REACH who="3" ten="222,176,387,205" step="2"/><T120/><D120/><U35/><E11/><N who="2" m="4463" /><F95/><W79/><G79/><AGARI ba="1,1" hai="4,10,12,49,55,59,76,77,79,85,87" m="10251" machi="79" ten="30,3900,0" yaku="8,1,52,2" doraHai="80" who="0" fromWho="3" sc="222,52,176,0,387,0,205,-42" /><INIT seed="3,0,0,5,3,12" ten="274,176,387,163" oya="3" hai0="56,43,13,6,26,22,72,2,81,79,135,44,75" hai1="47,31,54,8,73,40,92,4,29,53,114,69,77" hai2="108,45,52,63,89,61,131,64,15,84,7,124,3" hai3="129,128,14,70,10,97,99,1,126,134,35,86,105"/><W21/><G70/><T83/><D135/><U19/><E69/><V59/><F3/><W103/><G134/><T122/><D56/><U11/><E114/><V121/><F108/><W115/><G115/><T50/><D2/><U91/><E77/><V23/><F121/><W27/><G126/><T119/><D119/><U49/><E73/><V112/><F112/><W98/><G86/><T82/><D122/><U30/><E4/><V66/><F131/><N who="3" m="50251" /><G35/><T28/><D82/><U18/><E11/><V39/><F39/><W96/><G1/><T0/><D0/><U55/><E8/><V116/><F124/><W46/><G46/><T123/><D123/><U104/><E104/><V106/><F106/><W5/><G99/><AGARI ba="0,0" hai="18,19,29,30,31,40,47,49,53,54,55,91,92,99" machi="99" ten="40,5200,0" yaku="8,1,52,2" doraHai="12" who="1" fromWho="3" sc="274,0,176,52,387,0,163,-52" /><INIT seed="4,0,0,0,2,62" ten="274,228,387,111" oya="0" hai0="107,12,59,92,105,1,112,83,86,99,8,43,42" hai1="5,126,46,51,41,85,104,55,24,40,11,18,17" hai2="108,28,66,3,29,116,87,80,95,73,27,123,114" hai3="109,57,0,6,50,7,70,47,67,102,100,79,84"/><T128/><D1/><U89/><E104/><V36/><F108/><W25/><G109/><T21/><D112/><U122/><E122/><V48/><F36/><W134/><G134/><T69/><D69/><U4/><E126/><V115/><F3/><W44/><G70/><T111/><D128/><U91/><E91/><V101/><F123/><W106/><G106/><T72/><D72/><U53/><E53/><V26/><F116/><W81/><G0/><T15/><D111/><U34/><E34/><V13/><F13/><W65/><G25/><T45/><D21/><N who="1" m="13367" /><E17/><V58/><F73/><W39/><G39/><T118/><D118/><U129/><E129/><V117/><F117/><W49/><G57/><T82/><D59/><U23/><E23/><V52/><F114/><W130/><G130/><T127/><D127/><U76/><E76/><V135/><F135/><W60/><G60/><T120/><D120/><U31/><E31/><V63/><F115/><W132/><G132/><T110/><D110/><U64/><E64/><N who="3" m="24650" /><G102/><T54/><D15/><N who="1" m="5607" /><E5/><N who="3" m="1546" /><G100/><T124/><D107/><U93/><AGARI ba="0,0" hai="40,41,46,51,55,85,89,93" m="5607,13367" machi="93" ten="30,1100,0" yaku="8,1" doraHai="62" who="1" fromWho="1" sc="274,-5,228,11,387,-3,111,-3" /><INIT seed="5,0,0,0,4,78" ten="269,239,384,108" oya="1" hai0="106,75,22,82,73,110,61,14,101,88,67,9,52" hai1="46,40,0,17,23,12,4,53,56,62,125,83,11" hai2="84,26,128,39,13,120,68,16,124,132,95,65,43" hai3="135,31,77,25,92,127,60,111,48,18,70,30,1"/><U72/><E125/><V112/><F120/><W115/><G111/><T102/><D106/><U15/><E72/><V134/><F124/><W29/><G127/><T107/><D107/><U35/><E35/><V76/><F128/><W126/><G126/><T93/><D22/><U8/><E83/><N who="2" m="47207" /><F26/><W37/><G115/><T98/><D110/><U34/><E34/><V116/><F116/><W100/><G37/><T114/><D114/><U38/><REACH who="1" step="1"/><E11/><REACH who="1" ten="269,229,384,108" step="2"/><V33/><F33/><W85/><G135/><T59/><D75/><U10/><E10/><V6/><F132/><W57/><G1/><AGARI ba="0,1" hai="0,1,4,8,12,15,17,23,38,40,46,53,56,62" machi="1" ten="40,2000,0" yaku="1,1,53,0" doraHai="78" doraHaiUra="63" who="1" fromWho="3" sc="269,0,229,30,384,0,108,-20" /><INIT seed="5,1,0,5,0,77" ten="269,259,384,88" oya="1" hai0="131,101,128,17,98,110,25,90,5,92,56,118,122" hai1="62,49,123,134,73,109,3,94,9,12,24,70,95" hai2="59,48,50,80,51,40,135,88,111,1,126,61,43" hai3="102,129,115,60,26,65,97,85,36,84,35,0,64"/><U2/><E123/><V105/><F111/><W19/><G0/><T117/><D5/><U75/><E109/><V125/><F1/><W10/><G115/><T31/><D110/><U83/><E24/><V44/><F105/><W121/><G36/><T27/><D122/><U54/><E3/><V28/><F28/><W79/><G129/><N who="0" m="49739" /><D17/><U63/><E2/><V108/><F135/><W124/><G124/><N who="2" m="47721" /><F43/><W6/><G121/><T66/><D66/><U37/><E37/><V113/><F113/><W72/><G72/><T21/><D56/><U96/><E134/><V103/><F103/><W132/><G132/><T91/><D27/><U32/><E32/><V127/><F108/><W78/><G19/><T82/><D91/><U15/><E15/><V76/><F88/><W71/><G65/><T116/><D90/><U87/><E73/><N who="2" m="43023" /><F127/><W22/><G79/><T120/><D120/><U133/><E75/><V16/><F16/><W4/><G78/><T34/><D34/><U42/><E133/><V119/><F119/><W93/><G35/><T30/><D30/><U13/><E13/><V99/><F99/><W14/><REACH who="3" step="1"/><G4/><REACH who="3" ten="269,259,384,78" step="2"/><T33/><D33/><U46/><E96/><V23/><F23/><W41/><G41/><T104/><D118/><U47/><E42/><V55/><AGARI ba="1,1" hai="40,44,48,50,51,55,59,61" m="43023,47721" machi="55" ten="30,2000,0" yaku="18,1,52,1" doraHai="77" who="2" fromWho="2" sc="269,-6,259,-11,384,33,78,-6" /><INIT seed="6,0,0,5,4,103" ten="263,248,417,72" oya="2" hai0="85,120,39,81,46,11,97,50,87,94,129,63,16" hai1="15,67,88,61,95,123,6,53,101,127,116,130,44" hai2="110,82,100,96,40,84,105,24,60,108,91,119,68" hai3="27,86,114,29,4,41,92,125,10,117,42,23,43"/><V109/><F40/><W113/><G117/><T22/><D39/><U77/><E116/><V104/><F24/><W111/><G111/><T0/><D129/><U5/><E127/><V66/><F119/><W34/><G34/><T131/><D131/><U18/><E123/><V124/><F124/><W21/><G21/><T1/><D63/><U89/><E77/><V78/><F91/><N who="1" m="34889" /><E67/><V98/><F96/><W8/><G125/><T56/><D56/><N who="1" m="34959" /><E44/><V80/><F80/><W70/><G70/><T102/><D120/><U47/><E47/><V3/><F3/><W35/><G35/><T33/><D33/><U36/><E36/><V128/><F128/><W14/><G10/><T19/><D1/><U135/><E135/><V72/><F72/><W76/><G92/><AGARI ba="0,0" hai="60,66,68,78,82,84,92,98,100,104,105,108,109,110" machi="92" ten="40,7700,0" yaku="10,1,52,2" doraHai="103" who="2" fromWho="3" sc="263,0,248,0,417,77,72,-77" owari="263,6.0,248,-15.0,494,60.0,-5,-51.0" /></mjloggm>