<mjloggm ver="2.3"><GO type="169" lobby="0"/><UN n0="%E3%82%AB%E3%83%9D%E3%83%8D%E5%9B%A3%E3%81%AE%E5%85%84%E8%B2%B4" n1="%E3%82%A6%E3%83%AB%E3%83%88%E3%83%A9%E7%AB%8B%E7%9B%B4" n2="%4D%61%73%61%4D%61%73%61" n3="%50%6F%6B%65%70%6F%6B%65" dan="18,17,16,16" rate="2166.89,2238.69,2071.89,2053.78" sx="M,M,F,M"/><TAIKYOKU oya="0"/><INIT seed="0,0,0,0,3,78" ten="250,250,250,250" oya="0" hai0="69,52,36,88,3,123,15,70,47,63,94,28,114" hai1="74,49,44,128,105,24,16,115,91,118,97,113,22" hai2="116,59,133,39,1,56,2,61,119,126,107,38,92" hai3="73,80,81,111,40,46,65,121,104,32,67,20,109"/><T129/><D3/><N who="2" m="1034" /><F107/><W55/><G73/><T85/><D129/><U64/><E64/><N who="3" m="24650" /><G32/><T0/><D0/><U77/><E118/><N who="2" m="45099" /><F133/><W11/><G104/><T82/><D114/><U37/><E37/><N who="2" m="13835" /><F126/><W14/><G20/><T66/><D123/><U60/><E60/><V108/><F108/><N who="3" m="41547" /><G55/><T131/><D131/><U58/><E128/><V117/><F61/><W106/><G106/><T72/><D28/><U48/><E105/><V25/><N who="2" m="45107" /><V68/><DORA hai="27" /><F68/><W125/><G121/><T83/><D70/><U54/><E49/><V10/><F10/><W86/><G86/><T50/><D72/><U134/><E134/><V5/><F5/><N who="3" m="3439" /><G125/><T93/><D36/><AGARI ba="0,0" hai="36,40,46,80,81" m="3439,41547,24650" machi="36" ten="30,3900,0" yaku="14,1,52,2" doraHai="78,27" who="3" fromWho="0" sc="250,-39,250,0,250,0,250,39" /><INIT seed="1,0,0,5,4,80" ten="211,250,250,289" oya="1" hai0="40,134,14,129,53,19,51,120,76,107,93,56,10" hai1="20,34,130,113,1,60,135,0,89,133,68,52,29" hai2="5,124,100,57,118,33,4,79,31,41,92,83,65" hai3="15,62,102,72,49,77,64,22,88,108,121,38,96"/><U9/><E34/><V6/><F118/><W84/><G108/><T85/><D107/><U25/><E113/><V55/><F124/><W3/><G3/><T42/><D129/><U95/><E130/><V26/><F65/><W59/><G121/><T43/><D134/><N who="1" m="51211" /><E9/><V122/><F122/><W126/><G38/><T74/><D120/><U90/><E90/><V123/><F123/><W12/><G126/><T54/><D74/><U18/><E29/><V39/><F39/><W48/><G72/><T128/><D128/><U24/><E24/><V21/><F41/><W125/><G125/><T115/><D115/><U45/><E45/><V98/><F33/><W44/><G77/><T66/><D66/><N who="1" m="41031" /><E52/><V94/><F94/><N who="3" m="58647" /><G22/><T78/><REACH who="0" step="1"/><D53/><REACH who="0" ten="201,250,250,289" step="2"/><U114/><E114/><V99/><F55/><N who="3" m="30119" /><G48/><T87/><D87/><AGARI ba="0,1" hai="0,1,18,20,25,87,89,95" m="41031,51211" machi="87" ten="30,2900,0" yaku="20,1,52,1" doraHai="80" who="1" fromWho="0" sc="201,-29,250,39,250,0,289,0" /><INIT seed="1,1,0,5,2,95" ten="172,289,250,289" oya="1" hai0="62,51,106,64,42,89,27,90,131,76,123,33,91" hai1="53,69,134,31,2,114,28,119,50,71,61,24,1" hai2="47,86,108,3,57,79,74,12,10,124,59,35,112" hai3="67,102,87,122,85,70,15,14,25,120,135,75,72"/><U115/><E119/><V8/><F35/><W103/><G67/><T97/><D131/><U110/><E134/><V94/><F74/><W128/><G70/><T37/><D76/><U13/><E13/><V66/><F108/><W121/><G25/><T46/><D123/><U111/><E50/><V58/><F3/><N who="1" m="1033" /><E53/><V20/><F124/><W92/><G92/><T63/><D37/><U133/><E133/><V98/><F112/><N who="1" m="43049" /><E61/><V0/><F0/><W129/><G122/><T19/><D62/><U40/><E40/><V22/><F66/><W18/><G18/><T109/><D109/><N who="1" m="41483" /><E24/><V82/><F47/><W125/><REACH who="3" step="1"/><G135/><REACH who="3" ten="172,289,250,279" step="2"/><T65/><D65/><U39/><E39/><V56/><F94/><W52/><G52/><T16/><D27/><U36/><E36/><V45/><F82/><W127/><AGARI ba="1,1" hai="14,15,72,75,85,87,102,103,120,121,125,127,128,129" machi="127" ten="25,6400,0" yaku="1,1,0,1,22,2,53,0" doraHai="95" doraHaiUra="7" who="3" fromWho="3" sc="172,-17,289,-33,250,-17,279,77" /><INIT seed="2,0,0,4,2,113" ten="155,256,233,356" oya="2" hai0="21,57,60,38,78,48,45,40,98,104,134,13,82" hai1="29,127,23,110,20,50,74,106,88,73,9,4,10" hai2="62,79,64,51,114,99,123,35,18,37,69,95,3" hai3="63,125,7,132,67,8,34,52,92,80,115,85,14"/><V47/><F114/><W128/><G115/><T33/><D33/><U59/><E106/><V76/><F123/><W77/><G128/><T109/><D109/><U43/><E43/><V55/><F35/><W39/><G39/><T116/><D134/><U1/><E50/><V97/><F3/><W100/><G132/><T22/><D38/><U66/><E59/><V126/><F126/><W24/><G125/><T32/><D32/><U75/><E66/><V5/><F5/><W105/><G105/><T6/><D116/><U68/><E68/><V46/><F99/><W117/><G117/><T108/><D98/><U83/><E127/><V94/><F94/><W107/><G107/><T121/><D108/><U103/><E103/><V16/><F37/><W27/><G34/><T53/><D121/><U89/><E23/><V2/><F2/><W124/><G124/><T31/><D31/><U90/><E10/><V17/><REACH who="2" step="1"/><F46/><REACH who="2" ten="155,256,223,356" step="2"/><W56/><G92/><T101/><D104/><U44/><E44/><V93/><F93/><W122/><G122/><T15/><D101/><AGARI ba="0,1" hai="16,17,18,47,51,55,62,64,69,76,79,95,97,101" machi="101" ten="40,3900,0" yaku="1,1,54,1,53,0" doraHai="113" doraHaiUra="131" who="2" fromWho="0" sc="155,-39,256,0,223,49,356,0" /><INIT seed="2,1,0,4,5,96" ten="116,256,272,356" oya="2" hai0="24,101,98,47,62,85,12,23,16,108,75,128,117" hai1="106,103,19,60,81,2,32,35,70,1,112,72,33" hai2="115,34,28,104,41,114,87,20,88,30,83,82,100" hai3="118,42,44,27,71,46,105,51,80,0,49,91,8"/><V127/><F34/><W92/><G118/><T58/><D75/><U129/><E19/><V134/><F127/><W77/><G71/><T18/><D108/><U54/><E54/><V55/><F41/><W126/><G126/><T6/><D128/><U73/><E112/><V130/><F130/><W86/><G105/><T5/><D85/><U95/><E95/><V111/><F134/><W65/><G65/><T120/><D47/><U76/><E73/><V45/><F111/><W14/><G0/><T90/><D90/><U131/><E131/><V36/><F82/><W68/><G27/><T123/><D117/><U99/><E129/><V93/><F104/><W26/><G26/><T102/><D123/><U11/><E11/><V63/><F36/><W89/><G68/><T113/><D113/><U109/><E109/><V43/><F43/><N who="3" m="24735" /><G92/><T121/><D121/><U119/><E119/><V59/><F45/><W38/><G38/><T52/><D120/><U107/><E107/><V39/><F39/><W48/><G51/><T13/><D98/><U125/><E125/><V29/><REACH who="2" step="1"/><F20/><REACH who="2" ten="116,256,262,356" step="2"/><W61/><G42/><T9/><D6/><U53/><E53/><V122/><F122/><W22/><G46/><T56/><D58/><U116/><E116/><V57/><F57/><W97/><G80/><T25/><D25/><U69/><E69/><V7/><F7/><W4/><G4/><T133/><D133/><U110/><E110/><V94/><F94/><W40/><G40/><T50/><D62/><U17/><E60/><V135/><F135/><W15/><G61/><T21/><AGARI ba="1,1" hai="5,9,12,13,16,18,21,23,24,50,52,56,101,102" machi="21" ten="20,16000,3" yaku="5,1,0,1,7,1,8,1,52,2,54,2" doraHai="96" who="0" fromWho="0" sc="116,173,256,-41,262,-81,356,-41" /><INIT seed="3,0,0,4,0,30" ten="289,215,181,315" oya="3" hai0="91,18,56,72,2,10,5,58,111,40,100,64,20" hai1="82,69,99,102,85,44,114,93,113,65,71,92,73" hai2="77,98,41,103,55,79,120,88,125,23,48,87,50" hai3="81,34,39,49,94,46,117,53,3,43,22,59,90"/><W6/><G117/><T118/><D111/><U119/><E65/><V31/><F125/><W42/><G42/><T7/><D118/><U80/><E44/><V60/><F120/><W1/><G34/><T21/><D72/><U109/><E119/><V57/><F31/><W124/><G124/><T101/><D40/><U32/><E32/><V104/><F23/><W47/><G47/><T86/><D5/><U123/><E69/><V29/><F29/><W9/><G81/><T127/><D20/><U84/><E71/><V35/><F35/><W28/><G22/><T38/><D38/><U68/><E68/><V130/><F130/><W0/><REACH who="3" step="1"/><G28/><REACH who="3" ten="289,215,181,305" step="2"/><T116/><D116/><U126/><E126/><V15/><F41/><W75/><G75/><T16/><D21/><U66/><E82/><V12/><F77/><W132/><G132/><T112/><D127/><U135/><E80/><V33/><F33/><W51/><G51/><T89/><D10/><U17/><E135/><V78/><F79/><W62/><G62/><T54/><D112/><U45/><E73/><V63/><F78/><W128/><G128/><T83/><D83/><U107/><E113/><V70/><F48/><W8/><G8/><T96/><D64/><U131/><E66/><N who="2" m="41311" /><F60/><W52/><G52/><T19/><D54/><U13/><E114/><V106/><F50/><W61/><G61/><T95/><D58/><U14/><E131/><V122/><F55/><W110/><G110/><T26/><D56/><U37/><E109/><V76/><F57/><W129/><G129/><T11/><D26/><U97/><E45/><RYUUKYOKU ba="0,1" sc="289,15,215,-15,181,-15,305,15" hai0="2,7,11,16,18,19,86,89,91,95,96,100,101" hai3="0,1,3,6,9,39,43,46,49,53,59,90,94" /><INIT seed="3,1,1,4,3,90" ten="304,200,166,320" oya="3" hai0="9,73,7,57,94,134,60,1,83,70,61,75,86" hai1="84,0,93,5,41,91,22,97,31,96,50,28,16" hai2="107,124,2,29,13,128,55,87,71,82,48,119,111" hai3="106,79,34,92,53,12,47,15,95,130,80,76,45"/><W123/><G123/><T8/><D134/><U23/><E5/><V116/><F2/><W4/><G106/><T64/><D8/><U37/><E37/><V121/><F121/><W14/><G34/><T81/><D81/><U69/><E69/><V127/><F111/><W103/><G103/><T46/><D46/><N who="3" m="17417" /><G130/><T89/><REACH who="0" step="1"/><D83/><REACH who="0" ten="294,200,166,320" step="2"/><U35/><E0/><V74/><F82/><W131/><G131/><T27/><D27/><U19/><E35/><V115/><F128/><W114/><G80/><T6/><D6/><U25/><E41/><V20/><F119/><W109/><G109/><T72/><D72/><U38/><E38/><V67/><F74/><W44/><G4/><T39/><D39/><U98/><E50/><V113/><F48/><N who="3" m="28807" /><G114/><T17/><D17/><U51/><E51/><V135/><F116/><W24/><G24/><AGARI ba="1,2" hai="16,19,22,23,24,25,28,31,84,91,93,96,97,98" machi="24" ten="40,8000,1" yaku="9,1,8,1,52,1,54,1" doraHai="90" who="1" fromWho="3" sc="294,0,200,103,166,0,320,-83" /><INIT seed="4,0,0,4,3,17" ten="294,303,166,237" oya="0" hai0="61,130,110,112,27,87,134,22,80,53,7,56,44" hai1="64,8,50,132,81,122,40,55,77,78,37,125,94" hai2="98,123,16,5,62,18,115,90,57,72,4,21,59" hai3="33,89,75,128,54,14,116,11,34,2,10,109,28"/><T23/><D134/><U60/><E122/><V31/><F123/><W49/><G75/><T41/><D130/><U25/><E125/><V68/><F72/><W47/><G109/><T12/><D112/><U126/><E126/><V102/><F115/><W95/><G128/><T91/><D110/><U100/><E8/><V105/><F68/><W84/><G116/><T69/><D69/><U119/><E119/><V124/><F124/><W114/><G114/><T15/><D7/><U88/><E100/><V99/><F31/><W121/><G121/><T86/><D86/><U45/><E25/><N who="2" m="14503" /><F18/><W30/><G2/><T43/><D22/><U113/><E81/><V65/><F59/><W70/><G70/><T96/><D96/><N who="2" m="36906" /><F102/><W82/><G82/><T20/><D20/><U67/><E132/><V111/><F105/><W46/><G46/><T101/><D101/><U83/><E83/><V97/><F111/><W0/><G0/><T3/><D3/><U39/><E39/><V73/><F73/><W118/><G118/><T9/><D44/><U76/><E37/><V24/><F24/><W36/><G36/><T32/><D32/><U120/><E120/><V106/><F106/><W131/><G131/><T107/><D107/><U79/><E113/><V74/><F74/><W51/><G34/><T58/><D56/><U35/><N who="1" m="19456" /><DORA hai="63" /><U66/><E35/><V42/><F42/><N who="0" m="15882" /><D9/><N who="3" m="3081" /><G33/><T29/><AGARI ba="0,0" hai="12,15,23,27,29,53,58,61,80,87,91" m="15882" machi="29" ten="30,3000,0" yaku="8,1,52,1" doraHai="17,63" who="0" fromWho="0" sc="294,30,303,-10,166,-10,237,-10" /><INIT seed="4,1,0,2,3,108" ten="324,293,156,227" oya="0" hai0="18,36,4,78,70,39,22,16,47,122,130,24,67" hai1="76,121,93,27,12,23,82,80,125,135,61,56,95" hai2="83,94,34,134,102,55,106,41,11,127,73,75,112" hai3="126,128,40,3,129,1,20,25,101,33,29,119,88"/><T45/><D122/><U52/><E121/><V2/><F127/><W69/><G69/><T44/><D130/><U62/><E135/><V37/><F134/><W19/><G119/><T109/><D109/><U86/><E125/><V63/><F34/><W91/><G126/><T74/><D4/><U42/><E42/><V48/><F63/><W120/><G120/><T13/><D78/><U8/><E62/><V15/><F2/><W32/><G101/><T17/><D74/><U104/><E104/><V28/><F28/><W65/><G65/><T46/><D67/><U50/><E82/><V111/><F111/><W133/><G40/><T117/><D70/><U107/><E107/><V79/><F75/><W26/><G133/><T84/><D117/><U60/><E60/><V10/><F10/><W43/><G43/><T6/><D6/><N who="1" m="3095" /><E50/><V53/><F53/><W87/><G33/><T35/><D35/><U51/><E51/><V21/><F21/><W72/><G72/><T113/><D36/><U0/><E0/><N who="3" m="74" /><G87/><T68/><D68/><U30/><AGARI ba="1,0" hai="23,27,30,52,56,61,76,80,86,93,95" m="3095" machi="30" ten="30,2000,0" yaku="8,1,54,1" doraHai="108" who="1" fromWho="1" sc="324,-11,293,23,156,-6,227,-6" /><INIT seed="5,0,0,0,1,5" ten="313,316,150,221" oya="1" hai0="100,24,28,125,98,10,60,39,61,20,126,107,31" hai1="64,123,121,109,40,33,7,63,76,43,44,135,93" hai2="95,25,49,116,78,27,13,77,132,58,66,68,59" hai3="47,46,124,4,101,42,130,106,103,50,84,80,2"/><U15/><E33/><V133/><F116/><W1/><G124/><N who="0" m="47723" /><D39/><U72/><E72/><V96/><F68/><W35/><G35/><T22/><D10/><U79/><E43/><V94/><F49/><W8/><G130/><T65/><D65/><U74/><E74/><V29/><F13/><W113/><G113/><T120/><D120/><U41/><E41/><V12/><F12/><W110/><G110/><T97/><D97/><U32/><E32/><V131/><F96/><W127/><G127/><T111/><D111/><U117/><E117/><V108/><F66/><W92/><G106/><T81/><D81/><U45/><E15/><V51/><F51/><W115/><G115/><T119/><D119/><U89/><E7/><V26/><F108/><W128/><G128/><T0/><D0/><U30/><E40/><V17/><F17/><W122/><G122/><T21/><D28/><U48/><E30/><V118/><F118/><W90/><G1/><T23/><AGARI ba="0,0" hai="20,21,22,23,24,31,60,61,98,100,107" m="47723" machi="23" ten="30,1100,0" yaku="18,1" doraHai="5" who="0" fromWho="0" sc="313,11,316,-5,150,-3,221,-3" /><INIT seed="6,0,0,1,4,99" ten="324,311,147,218" oya="2" hai0="114,97,45,108,42,96,24,41,1,127,119,61,16" hai1="44,109,72,118,131,78,73,69,59,77,80,10,12" hai2="107,116,89,8,133,65,68,46,26,34,28,53,110" hai3="33,3,93,64,100,20,106,60,79,23,101,9,29"/><V35/><F116/><W104/><G79/><T15/><D108/><U88/><E69/><V85/><F133/><W51/><G51/><T63/><D1/><U81/><E109/><V132/><F132/><W95/><G3/><T30/><D114/><U55/><E131/><V123/><F123/><W49/><G49/><T91/><D127/><U135/><E135/><V50/><F110/><W102/><G9/><T31/><D119/><U75/><E44/><V52/><F107/><W2/><G2/><T82/><D24/><U18/><E118/><V122/><F122/><W25/><G106/><T58/><D45/><U11/><E88/><V105/><F105/><W43/><G43/><T134/><D134/><U66/><E66/><V113/><F113/><W22/><REACH who="3" step="1"/><G104/><REACH who="3" ten="324,311,147,208" step="2"/><T54/><D42/><U128/><E128/><V129/><F129/><W126/><G126/><T90/><D41/><U57/><E11/><V62/><F8/><W120/><G120/><T32/><D32/><U39/><E39/><V56/><F35/><W14/><G14/><T4/><D15/><U125/><E125/><V5/><F5/><W98/><G98/><T38/><D96/><U112/><E112/><V130/><F130/><W17/><G17/><T76/><D97/><U71/><E77/><V37/><F37/><W40/><G40/><T27/><D76/><U117/><E78/><V0/><F0/><W6/><G6/><T70/><D4/><U84/><E117/><V83/><REACH who="2" step="1"/><F53/><REACH who="2" ten="324,311,137,208" step="2"/><W87/><G87/><N who="0" m="50551" /><D54/><U111/><E55/><V7/><F7/><W13/><G13/><T92/><D38/><RYUUKYOKU ba="0,2" sc="324,-15,311,-15,137,15,208,15" hai2="26,28,34,46,50,52,56,62,65,68,83,85,89" hai3="20,22,23,25,29,33,60,64,93,95,100,101,102" /><INIT seed="6,1,2,3,3,107" ten="309,296,152,223" oya="2" hai0="50,102,59,126,47,66,86,80,16,33,17,114,51" hai1="135,10,11,65,76,4,72,84,35,117,121,71,79" hai2="97,68,118,38,32,130,19,52,115,112,104,88,14" hai3="45,12,21,13,131,99,18,39,40,119,2,93,110"/><V23/><F118/><W116/><G110/><T90/><D33/><U78/><E35/><V41/><F130/><W25/><G131/><T129/><D114/><N who="2" m="43562" /><F32/><W64/><G2/><T31/><D126/><U8/><E117/><V54/><F68/><W123/><G123/><T77/><D31/><U101/><E71/><V134/><F134/><W113/><G113/><T89/><D102/><U100/><E4/><V111/><F111/><W29/><G64/><T85/><D90/><U122/><E135/><V49/><F104/><W43/><G43/><T6/><D6/><U0/><E0/><V120/><F120/><N who="1" m="46185" /><E72/><V74/><F74/><W3/><G3/><T132/><D132/><U42/><E65/><V55/><F38/><W128/><G12/><T30/><D30/><U127/><E127/><V103/><F103/><N who="1" m="39497" /><E42/><V92/><F41/><W95/><G128/><T108/><D108/><U124/><E124/><V5/><F5/><W91/><REACH who="3" step="1"/><G93/><REACH who="3" ten="309,296,152,213" step="2"/><T83/><D66/><U133/><E133/><V60/><F60/><W105/><G105/><T24/><D129/><U37/><E37/><V63/><F63/><W9/><AGARI ba="1,3" hai="9,13,18,21,25,29,39,40,45,91,95,99,116,119" machi="9" ten="20,2700,0" yaku="1,1,0,1,7,1,53,0" doraHai="107" doraHaiUra="81" who="3" fromWho="3" sc="309,-8,296,-8,152,-14,213,60" /><INIT seed="7,0,0,0,0,13" ten="301,288,138,273" oya="3" hai0="102,126,65,129,98,70,107,115,24,3,79,48,28" hai1="42,88,104,74,83,120,36,84,27,119,78,110,12" hai2="97,77,66,20,35,53,134,62,40,32,18,64,101" hai3="133,121,135,29,22,10,82,14,131,80,112,132,113"/><W92/><G121/><T114/><D3/><U118/><E110/><V44/><F134/><W23/><G92/><T54/><D79/><U85/><E104/><V0/><F77/><W130/><G82/><T127/><D129/><N who="3" m="49161" /><G80/><T56/><D65/><U122/><E42/><V111/><F0/><W50/><G50/><T43/><D70/><U67/><E67/><V93/><F111/><W128/><G128/><T91/><D91/><U60/><E60/><V52/><F35/><W94/><G94/><T63/><D43/><U6/><E36/><V21/><F32/><W89/><G89/><T86/><D86/><N who="1" m="33387" /><E27/><V38/><F21/><N who="3" m="7691" /><G29/><T95/><D63/><U71/><E71/><V69/><REACH who="2" step="1"/><F66/><REACH who="2" ten="301,288,128,273" step="2"/><W34/><G34/><T116/><D28/><U45/><E78/><V30/><F30/><W33/><G33/><T19/><D24/><AGARI ba="0,1" hai="18,20,24,38,40,44,52,53,62,64,69,93,97,101" machi="24" ten="30,7700,0" yaku="1,1,7,1,52,1,54,1,53,0" doraHai="13" doraHaiUra="1" who="2" fromWho="0" sc="301,-77,288,0,128,87,273,0" /><INIT seed="8,0,0,2,0,38" ten="224,288,215,273" oya="0" hai0="61,107,129,41,94,50,103,86,31,3,0,56,7" hai1="24,126,6,84,87,55,45,109,114,17,70,100,111" hai2="4,63,135,117,23,25,131,75,77,49,113,10,130" hai3="105,54,108,30,98,19,93,99,5,27,90,13,73"/><T83/><D107/><U37/><E70/><V79/><F113/><W124/><G108/><T95/><D129/><N who="2" m="49162" /><F75/><W102/><G124/><T119/><D119/><U29/><E6/><V76/><F135/><W97/><G73/><T40/><D31/><U65/><E17/><N who="2" m="12527" /><F117/><W32/><G5/><T57/><D7/><U53/><E65/><V64/><F49/><W112/><G54/><N who="0" m="31959" /><D3/><U122/><E55/><V92/><F92/><N who="0" m="35370" /><D0/><U115/><E100/><V28/><F28/><W127/><G127/><T67/><D103/><U134/><E134/><V59/><F79/><AGARI ba="0,0" hai="40,41,56,61,67,79,83,86" m="35370,31959" machi="79" ten="30,5800,0" yaku="8,1,52,2" doraHai="38" who="0" fromWho="2" sc="224,58,288,0,215,-58,273,0" /><INIT seed="8,1,0,4,1,80" ten="282,288,157,273" oya="0" hai0="47,57,104,82,15,75,41,116,100,85,44,65,21" hai1="33,25,37,9,134,71,95,114,52,29,43,105,6" hai2="8,45,64,66,92,59,7,12,17,94,77,63,118" hai3="112,53,18,83,120,89,5,40,1,26,38,106,86"/><T23/><D75/><U14/><E105/><V135/><F135/><W111/><G112/><T109/><D116/><U131/><E71/><V103/><F118/><W99/><G111/><T69/><D69/><U3/><E43/><V50/><F66/><W119/><G119/><T96/><D109/><U22/><E37/><V108/><F108/><W46/><G120/><T56/><D44/><U123/><E123/><V91/><F103/><W24/><G53/><T129/><D129/><U110/><E110/><V42/><F77/><W78/><G18/><T34/><D34/><U113/><E131/><V11/><REACH who="2" step="1"/><F91/><REACH who="2" ten="282,288,147,273" step="2"/><W51/><G78/><T62/><D15/><AGARI ba="1,1" hai="7,8,11,12,15,17,42,45,50,59,63,64,92,94" machi="15" ten="30,7700,0" yaku="1,1,2,1,7,1,8,1,53,0" doraHai="80" doraHaiUra="31" who="2" fromWho="0" sc="282,-80,288,0,147,90,273,0" /><INIT seed="9,0,0,0,0,105" ten="202,288,237,273" oya="1" hai0="6,42,90,103,38,108,79,117,35,58,19,28,25" hai1="85,78,32,88,36,94,130,69,18,123,72,120,92" hai2="64,112,43,98,91,37,16,13,59,0,47,131,126" hai3="15,12,113,3,70,76,9,122,11,14,21,77,99"/><U73/><E69/><V40/><F112/><W97/><G113/><T53/><D108/><U128/><E32/><V93/><F0/><W132/><G70/><T96/><D117/><U31/><E31/><V82/><F131/><N who="1" m="50217" /><E36/><V75/><F126/><W135/><G122/><N who="1" m="46634" /><E78/><N who="3" m="30314" /><G21/><T24/><D6/><U111/><E111/><V106/><F43/><W121/><G121/><T63/><D79/><U116/><E116/><V33/><F33/><W30/><G30/><T50/><D38/><U115/><E115/><V51/><F82/><W62/><G62/><T45/><D90/><N who="1" m="53327" /><E18/><V84/><F37/><W67/><G67/><T60/><D60/><U34/><E34/><V49/><F64/><W89/><G3/><T109/><D109/><U23/><E23/><V52/><F106/><W57/><G57/><T46/><D46/><U27/><E27/><V65/><F65/><W124/><G124/><T17/><REACH who="0" step="1"/><D24/><REACH who="0" ten="192,288,237,273" step="2"/><U127/><E127/><V129/><F129/><W114/><G114/><T104/><AGARI ba="0,1" hai="17,19,25,28,35,42,45,50,53,58,63,96,103,104" machi="104" ten="20,5200,0" yaku="1,1,2,1,0,1,7,1,53,0" doraHai="105" doraHaiUra="10" who="0" fromWho="0" sc="192,62,288,-26,237,-13,273,-13" /><INIT seed="10,0,0,1,1,119" ten="254,262,224,260" oya="2" hai0="55,36,35,130,54,113,39,9,97,43,82,8,59" hai1="1,25,53,46,48,65,2,94,99,5,32,71,58" hai2="75,67,49,40,92,10,12,15,111,11,121,89,23" hai3="117,116,68,14,110,29,18,114,88,104,98,132,81"/><V61/><F121/><W128/><G110/><T51/><D35/><U30/><E5/><V13/><F75/><W100/><G68/><T77/><D113/><U108/><E71/><V133/><F133/><W79/><G128/><T102/><D130/><U90/><E108/><V70/><F111/><W0/><G0/><T78/><D54/><U123/><E123/><V31/><F40/><W16/><G132/><T134/><D134/><U124/><E124/><V105/><F105/><W109/><G109/><T101/><D78/><U125/><E125/><V91/><F49/><W21/><G114/><T76/><D76/><U118/><E118/><N who="3" m="45674" /><G14/><T4/><D9/><U41/><REACH who="1" step="1"/><E65/><REACH who="1" ten="254,252,224,260" step="2"/><V86/><REACH who="2" step="1"/><F89/><REACH who="2" ten="254,252,214,260" step="2"/><W22/><G88/><T135/><D135/><U38/><AGARI ba="0,2" hai="1,2,25,30,32,38,41,46,48,53,58,90,94,99" machi="38" ten="20,8000,1" yaku="1,1,2,1,0,1,7,1,53,1" doraHai="119" doraHaiUra="26" who="1" fromWho="1" sc="254,-20,252,100,214,-40,260,-20" owari="234,-17.0,352,46.0,174,-33.0,240,4.0" /></mjloggm>