<mjloggm ver="2.3"><GO type="169" lobby="0"/><UN n0="%E6%8E%A8%E7%A9%BA%EF%BC%B0" n1="%E6%97%85%E4%BA%BA%E3%81%A1%E3%82%88%E3%81%99%E3%81%91" n2="%6D%75%6B%69%74%74%69" n3="%E3%83%88%E3%83%88%E3%83%AA%E5%85%88%E7%94%9F%31%39%E6%AD%B3" dan="16,17,18,19" rate="2160.70,2165.85,2237.20,2286.97" sx="F,M,M,F"/><TAIKYOKU oya="0"/><INIT seed="0,0,0,2,2,99" ten="250,250,250,250" oya="0" hai0="65,4,98,3,90,56,8,39,118,124,34,85,86" hai1="100,88,28,35,95,127,66,131,129,0,120,84,77" hai2="26,44,94,89,55,32,117,123,78,15,70,45,60" hai3="20,81,54,92,1,83,12,31,18,133,10,64,43"/><T108/><D118/><U132/><E120/><V102/><F123/><W97/><G133/><T82/><D34/><U63/><E132/><V49/><F117/><W53/><G43/><T19/><D39/><U79/><E0/><V6/><F78/><W13/><G1/><T48/><D124/><U122/><E122/><V113/><F113/><W130/><G130/><N who="1" m="49674" /><E127/><V23/><F32/><W11/><G64/><T38/><D38/><U73/><E73/><V103/><F70/><W69/><G69/><T30/><D30/><U71/><E100/><N who="2" m="38443" /><F60/><W87/><G31/><T37/><D37/><U93/><E93/><V51/><F15/><W67/><G67/><T76/><D108/><U2/><E2/><V27/><F23/><W126/><G126/><T62/><D98/><U47/><E47/><V96/><F6/><W105/><G105/><T116/><D116/><U17/><E17/><V16/><F16/><N who="3" m="8223" /><G20/><T109/><D109/><U68/><E68/><V29/><F29/><W21/><G21/><T119/><D119/><U24/><AGARI ba="0,0" hai="24,28,35,63,66,71,77,79,84,88,95" m="49674" machi="24" ten="30,2000,0" yaku="19,1,54,1" doraHai="99" who="1" fromWho="1" sc="250,-10,250,20,250,-5,250,-5" /><INIT seed="1,0,0,3,4,52" ten="240,270,245,245" oya="1" hai0="135,82,19,14,134,79,78,73,131,7,24,62,92" hai1="40,13,71,98,122,34,47,70,114,116,4,72,125" hai2="87,60,117,31,38,51,84,49,126,106,46,36,81" hai3="104,115,48,128,8,12,121,17,27,32,22,30,69"/><U133/><E114/><V120/><F120/><W16/><G104/><T75/><D7/><U129/><E122/><V56/><F117/><W102/><G69/><T96/><D24/><U43/><E116/><V94/><F106/><W124/><G102/><N who="0" m="60679" /><D62/><U103/><E72/><V127/><F31/><W10/><G121/><T105/><D19/><U44/><E34/><V68/><F68/><W110/><G115/><T119/><D14/><U109/><E129/><V20/><F20/><N who="3" m="11271" /><G48/><N who="2" m="18505" /><F94/><W50/><G50/><T85/><D119/><U111/><E125/><N who="2" m="47627" /><F46/><N who="1" m="17449" /><E133/><N who="0" m="50697" /><D105/><N who="1" m="63735" /><E70/><V123/><F123/><W101/><G124/><T0/><D0/><U132/><E71/><V11/><F11/><N who="3" m="4139" /><G101/><T57/><D57/><U90/><E132/><V37/><F81/><W77/><G128/><T63/><D63/><U2/><E2/><V5/><F5/><W1/><G1/><T3/><D3/><U76/><E4/><V35/><F35/><W53/><G32/><T54/><D131/><U112/><E112/><V45/><F45/><W66/><G30/><T113/><D113/><U59/><E13/><V28/><F28/><W42/><G27/><T9/><D9/><U61/><E76/><N who="0" m="29225" /><D54/><AGARI ba="0,0" hai="36,37,38,54,56,60,84,87" m="47627,18505" machi="54" ten="40,2600,0" yaku="18,1,52,1" doraHai="52" who="2" fromWho="0" sc="240,-26,270,0,245,26,245,0" /><INIT seed="2,0,0,0,2,54" ten="214,270,271,245" oya="2" hai0="24,70,28,84,68,90,21,112,12,19,50,110,122" hai1="111,38,79,92,35,104,59,7,101,22,103,89,43" hai2="58,126,47,61,8,128,15,86,20,16,33,120,11" hai3="113,130,83,10,65,123,49,56,81,63,118,76,29"/><V117/><F120/><W52/><G123/><T77/><D112/><U3/><E35/><V17/><F117/><W121/><G121/><T99/><D122/><U4/><E111/><V132/><F33/><W62/><G118/><T34/><D110/><U100/><E104/><V107/><F107/><W94/><G113/><T0/><D77/><U57/><E79/><V25/><F126/><W97/><G130/><T2/><D99/><U14/><E38/><V1/><F128/><W27/><G10/><T75/><D75/><U40/><E40/><V69/><F132/><W46/><G63/><T114/><D114/><U80/><E80/><V129/><F129/><W18/><G18/><T6/><D50/><U88/><E43/><V37/><F69/><W135/><G76/><T26/><D26/><U105/><E105/><V13/><F1/><W41/><G41/><T108/><D108/><U66/><E66/><N who="2" m="39223" /><F37/><W95/><G95/><N who="0" m="54727" /><D0/><U60/><E60/><V9/><F47/><W119/><G135/><T131/><D131/><U67/><E67/><V115/><F115/><W127/><G127/><T102/><D102/><U44/><E44/><V48/><F48/><W64/><G64/><T82/><D82/><U116/><E3/><V96/><F96/><W91/><REACH who="3" step="1"/><G119/><REACH who="3" ten="214,270,271,235" step="2"/><T31/><D28/><U93/><E116/><V125/><F125/><W42/><G42/><T98/><D70/><U78/><E78/><V109/><F109/><W106/><G106/><T5/><D68/><U53/><E92/><V87/><F11/><W39/><G39/><T133/><D133/><U124/><E124/><RYUUKYOKU ba="0,1" sc="214,-15,270,-15,271,15,235,15" hai2="8,9,13,15,16,17,20,25,86,87" hai3="27,29,46,49,52,56,62,65,81,83,91,94,97" /><INIT seed="2,1,1,0,0,115" ten="199,255,286,250" oya="2" hai0="117,129,15,120,58,87,25,109,1,40,2,113,46" hai1="124,130,108,77,105,66,98,36,59,110,18,34,86" hai2="119,44,14,134,95,30,72,23,70,17,75,123,12" hai3="61,9,20,80,111,97,54,103,53,85,13,89,43"/><V71/><F123/><W35/><G35/><T27/><D120/><U83/><E36/><V114/><F114/><W31/><G111/><T47/><D113/><U78/><E34/><V99/><F134/><W122/><G122/><T8/><D109/><N who="1" m="42091" /><E130/><V19/><F30/><W11/><G43/><T52/><D129/><U6/><E124/><V131/><F131/><W135/><G135/><T84/><D117/><U100/><E6/><V65/><F44/><N who="0" m="16938" /><D1/><U90/><E18/><V128/><F128/><W51/><G61/><AGARI ba="1,1" hai="59,61,66,77,78,83,86,90,98,100,105" m="42091" machi="61" ten="30,1000,0" yaku="14,1" doraHai="115" who="1" fromWho="3" sc="199,0,255,23,286,0,250,-13" /><INIT seed="3,0,0,5,1,21" ten="199,278,286,237" oya="3" hai0="102,130,74,4,94,1,18,43,11,49,59,128,68" hai1="72,120,54,47,22,62,134,17,36,30,64,42,19" hai2="10,91,58,14,109,116,110,124,135,122,106,96,83" hai3="3,104,81,56,133,82,119,38,88,125,28,41,37"/><W97/><G119/><T98/><D74/><U63/><E120/><V114/><F116/><W24/><G3/><T26/><D68/><U50/><E72/><V40/><F114/><W90/><G133/><T53/><REACH who="0" step="1"/><D43/><REACH who="0" ten="189,278,286,237" step="2"/><U112/><E134/><V108/><F40/><W45/><G125/><T79/><D79/><U123/><E112/><V12/><F124/><W16/><G38/><T76/><D76/><U84/><E123/><V7/><F122/><W103/><G56/><T71/><D71/><U67/><E42/><V132/><F58/><W87/><G90/><T99/><D99/><U57/><E36/><V105/><F135/><W78/><G78/><T66/><D66/><U5/><E64/><V69/><F69/><W89/><G89/><T80/><D80/><U111/><E67/><V29/><F132/><W13/><G88/><T25/><D25/><U107/><E57/><V46/><F83/><W0/><G87/><T8/><D8/><U39/><E84/><V126/><F91/><W61/><G82/><T85/><D85/><U23/><E39/><V44/><F126/><W27/><G81/><T34/><D34/><U131/><E47/><V70/><F70/><W117/><G117/><T100/><D100/><U101/><E101/><V92/><F46/><W60/><G27/><T86/><D86/><U9/><E9/><V6/><F44/><W51/><G37/><T48/><D48/><U73/><E50/><V129/><F10/><N who="3" m="6199" /><G0/><T31/><D31/><U113/><E30/><V65/><F29/><W95/><G104/><T52/><D52/><U93/><E54/><RYUUKYOKU ba="0,1" sc="189,15,278,-15,286,-15,237,15" hai0="1,4,11,18,26,49,53,59,94,98,102,128,130" hai3="24,28,41,45,51,60,61,95,97,103" /><INIT seed="3,1,1,0,1,2" ten="204,263,271,252" oya="3" hai0="86,20,84,6,75,19,131,48,43,22,25,107,41" hai1="58,10,3,90,72,38,99,80,88,46,73,93,52" hai2="85,13,44,78,33,95,57,134,120,55,112,110,82" hai3="29,127,74,12,81,100,117,40,122,102,5,91,51"/><W15/><G117/><T65/><D75/><U64/><E64/><V70/><F112/><W128/><G122/><T28/><D107/><U132/><E132/><V83/><F70/><W121/><G121/><T54/><D131/><U87/><E38/><V39/><F120/><W69/><G69/><T105/><D105/><U62/><REACH who="1" step="1"/><E46/><REACH who="1" ten="204,253,271,252" step="2"/><V103/><F44/><W47/><G47/><N who="0" m="27935" /><D65/><U79/><E79/><V50/><F78/><W53/><G128/><T126/><D126/><U16/><E16/><V66/><F39/><W35/><G127/><T96/><D6/><AGARI ba="1,2" hai="3,6,10,52,58,62,72,73,80,87,88,90,93,99" machi="6" ten="40,8000,1" yaku="1,1,52,1,54,2,53,0" doraHai="2" doraHaiUra="119" who="1" fromWho="0" sc="204,-83,253,103,271,0,252,0" /><INIT seed="4,0,0,5,3,118" ten="121,356,271,252" oya="0" hai0="106,83,112,61,63,133,100,26,46,134,34,9,122" hai1="73,85,98,42,78,11,44,111,123,55,80,1,96" hai2="20,89,36,125,91,17,33,48,72,76,120,70,128" hai3="15,27,23,62,40,10,121,25,127,56,132,2,116"/><T94/><D106/><U0/><E111/><V3/><F36/><W93/><G116/><T81/><D9/><U12/><E123/><V43/><F70/><W69/><G69/><T49/><D112/><U135/><E135/><N who="0" m="51721" /><D34/><U88/><E55/><V64/><F3/><W19/><G132/><T21/><D122/><U107/><E12/><V101/><F33/><W37/><G121/><T47/><D94/><U114/><E114/><V124/><F120/><W41/><G127/><N who="2" m="48713" /><F128/><W119/><G119/><T59/><D100/><U104/><E104/><V51/><F101/><W109/><G109/><T102/><D102/><U79/><E79/><V22/><F64/><W82/><G37/><T4/><D4/><U90/><E90/><N who="2" m="34315" /><F43/><N who="3" m="16459" /><G2/><T115/><D115/><U53/><E107/><V39/><F39/><W31/><G93/><T28/><D61/><U117/><E117/><V108/><F108/><W95/><G95/><T24/><D24/><U30/><E1/><V8/><F8/><W58/><G62/><T66/><D49/><N who="2" m="19018" /><F17/><W65/><G25/><T16/><D28/><U54/><E30/><V129/><F129/><W113/><G113/><T18/><D18/><U97/><E0/><V35/><F35/><W29/><G29/><T32/><D32/><U45/><E11/><V105/><F105/><W92/><G92/><T99/><D99/><U7/><E7/><V71/><F71/><W14/><G14/><T130/><D130/><U60/><E42/><V5/><F5/><W75/><G65/><T103/><D103/><U126/><E126/><V67/><F67/><W87/><G31/><RYUUKYOKU ba="0,0" sc="121,15,356,-15,271,15,252,-15" hai0="16,21,26,46,47,59,63,66,81,83" hai2="20,22,72,76" /><INIT seed="4,1,0,1,4,47" ten="136,341,286,237" oya="0" hai0="133,46,21,57,131,117,121,54,72,32,31,37,118" hai1="29,48,111,60,40,19,61,77,110,56,24,93,71" hai2="50,1,49,92,101,124,53,84,35,96,39,26,105" hai3="3,62,107,30,51,97,65,125,120,134,127,2,14"/><T106/><D121/><U66/><E19/><V23/><F39/><W68/><G120/><T9/><D106/><U114/><E114/><V20/><F1/><W90/><G134/><T130/><D32/><U108/><E77/><V67/><F124/><N who="3" m="47691" /><G30/><T33/><D33/><U59/><E93/><V17/><F67/><W42/><G14/><T55/><D72/><U12/><E12/><V22/><F35/><W103/><G90/><T52/><D9/><U132/><E132/><V75/><F75/><W16/><G16/><T104/><D133/><U81/><E81/><V135/><F135/><W79/><G79/><T44/><D104/><U0/><E0/><V102/><F102/><W95/><G107/><T70/><D21/><U73/><E73/><V6/><F6/><W94/><G94/><T119/><D31/><U5/><E5/><V76/><F76/><W18/><G18/><T25/><D25/><U64/><E24/><V129/><F129/><N who="0" m="49162" /><D70/><U34/><E34/><V74/><F74/><W122/><G122/><T86/><D86/><U45/><E29/><V91/><REACH who="2" step="1"/><F50/><REACH who="2" ten="136,341,276,237" step="2"/><W43/><G3/><T80/><D80/><U7/><E7/><V15/><F15/><W58/><G2/><T13/><D13/><U87/><E87/><V8/><F8/><W109/><G51/><N who="0" m="30879" /><D37/><U36/><E36/><V116/><F116/><N who="0" m="29698" /><T98/><DORA hai="41" /><D98/><U113/><E71/><V11/><F11/><W85/><G68/><T89/><D89/><U100/><E100/><V10/><F10/><W123/><G123/><T63/><D63/><U82/><E113/><V27/><F27/><RYUUKYOKU ba="1,1" sc="136,10,341,10,276,10,237,-30" hai0="44,46,54,55" hai1="40,45,48,56,59,60,61,64,66,82,108,110,111" hai2="17,20,22,23,26,49,53,84,91,92,96,101,105" /><INIT seed="4,2,1,0,4,113" ten="146,351,286,207" oya="0" hai0="93,29,58,101,41,32,80,35,67,68,54,17,69" hai1="95,100,86,38,71,65,51,10,122,28,109,1,46" hai2="59,88,92,23,99,133,36,105,11,90,85,103,134" hai3="125,121,111,42,50,114,27,102,115,56,20,128,108"/><T16/><D41/><U57/><E109/><N who="3" m="42058" /><G128/><T60/><D80/><U104/><E122/><V55/><F36/><W87/><G125/><T132/><D132/><N who="2" m="50794" /><F11/><W78/><G121/><T52/><D29/><U66/><E104/><V9/><F9/><W19/><G102/><T73/><D73/><U4/><E71/><V6/><F6/><W18/><G18/><T72/><D72/><U31/><E38/><V131/><F131/><W62/><G87/><T129/><D129/><U110/><E110/><V24/><F85/><W127/><G78/><T75/><D75/><U40/><E65/><V130/><F105/><W21/><G21/><T5/><D5/><U34/><E34/><V96/><F96/><W14/><G14/><T63/><D67/><U119/><E100/><V123/><F123/><W49/><G127/><T37/><D37/><U25/><E25/><V26/><F130/><W76/><G76/><T43/><D101/><U112/><E112/><N who="3" m="43050" /><G42/><T0/><D43/><U30/><E86/><V39/><F39/><W13/><G27/><N who="2" m="10281" /><F23/><W48/><G48/><AGARI ba="2,1" hai="48,55,59,88,90,92,99,103" m="10281,50794" machi="48" ten="30,2000,0" yaku="20,1,54,1" doraHai="113" who="2" fromWho="3" sc="146,0,351,0,286,36,207,-26" /><INIT seed="5,0,0,4,2,39" ten="146,351,322,181" oya="1" hai0="86,85,56,3,32,76,122,17,135,89,67,54,102" hai1="88,83,128,119,35,15,112,29,11,73,26,10,30" hai2="101,84,28,21,48,82,75,6,37,55,103,57,60" hai3="121,125,127,27,120,107,14,93,22,124,13,79,9"/><U59/><E119/><V42/><F75/><W20/><G107/><T68/><D3/><U134/><E112/><V98/><F37/><W108/><G79/><T38/><D32/><U2/><E128/><V126/><F126/><W115/><G93/><T77/><D38/><U44/><E134/><V110/><F110/><W63/><G63/><T36/><D36/><U70/><E70/><V43/><F6/><W64/><G64/><T95/><D135/><U132/><E132/><V129/><F129/><W105/><G105/><T123/><D67/><U69/><E69/><V131/><F131/><W109/><G115/><T16/><D68/><U99/><E2/><V74/><F74/><W104/><G104/><T47/><D47/><U65/><E30/><V49/><F98/><W71/><G71/><T33/><D33/><U106/><E59/><V66/><F28/><N who="3" m="17511" /><G22/><T92/><D56/><U117/><E73/><V87/><F21/><W94/><G94/><T78/><D54/><U34/><E34/><V111/><F111/><N who="3" m="42571" /><G14/><T133/><D133/><U45/><E15/><V130/><F130/><W40/><G40/><N who="2" m="15401" /><F66/><W113/><G113/><T19/><D102/><N who="2" m="38922" /><F87/><W31/><G31/><T97/><D97/><U114/><E65/><V8/><F8/><W41/><G41/><T4/><D4/><AGARI ba="0,0" hai="4,9,13,120,121,124,125,127" m="42571,17511" machi="4" ten="40,5200,0" yaku="18,1,34,2" doraHai="39" who="3" fromWho="0" sc="146,-52,351,0,322,0,181,52" /><INIT seed="6,0,0,2,4,9" ten="94,351,322,233" oya="2" hai0="60,80,73,19,95,86,57,20,123,15,79,38,25" hai1="62,27,114,69,105,118,130,99,75,91,35,43,113" hai2="8,16,48,116,77,58,115,40,96,49,34,71,30" hai3="7,84,100,119,23,121,126,36,109,74,65,127,102"/><V117/><F71/><W28/><G119/><T42/><D123/><U87/><E118/><V78/><F117/><W56/><G74/><T33/><D38/><U44/><E75/><V124/><F116/><W70/><G121/><T106/><D106/><U5/><E130/><V90/><F115/><W18/><G36/><T12/><D42/><U129/><E129/><V93/><F124/><N who="3" m="47659" /><G70/><T0/><D0/><U122/><E5/><V10/><F34/><W135/><G135/><T104/><D104/><U22/><E122/><V17/><F30/><W82/><G28/><T85/><D33/><U53/><E35/><V3/><F3/><W94/><G94/><T107/><D107/><U98/><E105/><V54/><F40/><W133/><G7/><T1/><D1/><U134/><E134/><V68/><F68/><W51/><G109/><T31/><D31/><N who="1" m="17911" /><E69/><V39/><F39/><W131/><G131/><T29/><D29/><U72/><E72/><V50/><F10/><W24/><G51/><N who="2" m="19529" /><F8/><W41/><G41/><T4/><D4/><U6/><E6/><V47/><F47/><W59/><G59/><T88/><REACH who="0" step="1"/><D73/><REACH who="0" ten="84,351,322,233" step="2"/><U26/><E43/><V55/><F55/><AGARI ba="0,1" hai="12,15,19,20,25,55,57,60,79,80,85,86,88,95" machi="55" ten="30,12000,2" yaku="1,1,2,1,7,1,8,1,52,2,54,1,53,0" doraHai="9" doraHaiUra="92" who="0" fromWho="2" sc="84,130,351,0,322,-120,233,0" /><INIT seed="7,0,0,3,5,89" ten="214,351,202,233" oya="3" hai0="36,80,39,58,77,122,22,0,123,56,18,12,86" hai1="60,21,2,45,28,129,46,16,112,119,114,135,53" hai2="31,14,65,40,108,3,97,10,37,98,85,15,88" hai3="38,55,126,102,107,70,32,48,61,90,128,81,127"/><W121/><G121/><T76/><D0/><U20/><E129/><V62/><F108/><W133/><G32/><T92/><D123/><U99/><E135/><V117/><F117/><W94/><G38/><T82/><D122/><U44/><E119/><V13/><F31/><W125/><G128/><T49/><D36/><U35/><E2/><V74/><F74/><W66/><G133/><T24/><D39/><U51/><E60/><V23/><F37/><W9/><G9/><T68/><D68/><U26/><E99/><N who="2" m="37899" /><F3/><W64/><G102/><T101/><D101/><U34/><E21/><V105/><F105/><W96/><G81/><T6/><D92/><U57/><E28/><V95/><F40/><W54/><G64/><T7/><D49/><U134/><E134/><V103/><F103/><W115/><G54/><T130/><D130/><U106/><E106/><V104/><F104/><W79/><G107/><T43/><D43/><U11/><E11/><V78/><F78/><W69/><G79/><T109/><D109/><U17/><E17/><N who="2" m="10671" /><F10/><W93/><G69/><T41/><D41/><U116/><E116/><V113/><F113/><AGARI ba="0,0" hai="16,20,26,34,35,44,45,46,51,53,57,112,113,114" machi="113" ten="40,2600,0" yaku="15,1,54,1" doraHai="89" who="1" fromWho="2" sc="214,0,351,26,202,-26,233,0" owari="214,-19.0,377,48.0,176,-32.0,233,3.0" /></mjloggm>