<mjloggm ver="2.3"><GO type="169" lobby="0"/><UN n0="%4B%61%72%61%75%6D%61" n1="%E3%81%AF%E3%81%92%E3%81%A1%E3%82%87%E3%81%8F" n2="%4B%E3%80%82" n3="%E3%82%A6%E3%83%AB%E3%83%88%E3%83%A9%E7%AB%8B%E7%9B%B4" dan="16,17,18,17" rate="2111.04,2185.71,2254.31,2192.99" sx="M,M,M,M"/><TAIKYOKU oya="0"/><INIT seed="0,0,0,1,2,39" ten="250,250,250,250" oya="0" hai0="79,57,128,122,6,3,49,17,109,28,108,12,121" hai1="112,21,87,2,75,123,5,97,13,10,118,8,120" hai2="22,66,64,68,61,106,11,53,30,113,37,1,24" hai3="83,130,58,117,103,77,69,86,14,56,29,124,34"/><T27/><D57/><U20/><E75/><V91/><F113/><W95/><G69/><T88/><D49/><U131/><E87/><V135/><F135/><W132/><G34/><N who="0" m="20767" /><D88/><U35/><E97/><V90/><F106/><W82/><G117/><T23/><D79/><U15/><E35/><V80/><F37/><W74/><G83/><T89/><D89/><U50/><E50/><V125/><F1/><W110/><G86/><T65/><D65/><U73/><E73/><V105/><F11/><W98/><G82/><T7/><D128/><U94/><E94/><V47/><F105/><W31/><G95/><T92/><D92/><U70/><E70/><V101/><F101/><W38/><G58/><T54/><D54/><U71/><E71/><V18/><F66/><W0/><G56/><T60/><D60/><U33/><E33/><V100/><F100/><W129/><G103/><T9/><D7/><U19/><E131/><V62/><F80/><W48/><G77/><T107/><D107/><U134/><E5/><V114/><F62/><W85/><G48/><T119/><D119/><U52/><E118/><V46/><F91/><W81/><G81/><T93/><D93/><U16/><E52/><V26/><F90/><W4/><G130/><T102/><D102/><U67/><E67/><V45/><F53/><W111/><G129/><T59/><D59/><U72/><E72/><V76/><F76/><W41/><G74/><T133/><D133/><U96/><E134/><V25/><F61/><W42/><G132/><T104/><D104/><U51/><E96/><V99/><F99/><RYUUKYOKU ba="0,0" sc="250,30,250,-10,250,-10,250,-10" hai0="3,6,9,12,17,23,108,109,121,122" /><INIT seed="0,1,0,3,5,96" ten="280,240,240,240" oya="0" hai0="97,116,25,52,82,59,13,81,19,32,45,42,125" hai1="4,130,89,3,84,104,105,28,43,18,113,106,127" hai2="49,94,79,102,11,120,64,110,68,57,90,36,66" hai3="108,10,53,55,69,119,99,0,24,34,29,91,103"/><T50/><D125/><U117/><E117/><V47/><F120/><W44/><G119/><T71/><D71/><U65/><E28/><V35/><F35/><W77/><G108/><T7/><D116/><U75/><E75/><V15/><F110/><W21/><G69/><T27/><D7/><U30/><E30/><V26/><F36/><W56/><G77/><T17/><D32/><U20/><E65/><V8/><F79/><W100/><G34/><T40/><D40/><U76/><E76/><V6/><F68/><W121/><G10/><N who="0" m="6327" /><D97/><U112/><E43/><V78/><F78/><W37/><G0/><T1/><D1/><U129/><E127/><V122/><F57/><W63/><G121/><T9/><D9/><U67/><E67/><V93/><F8/><W123/><G123/><T74/><D74/><U39/><E39/><V22/><F122/><W92/><G37/><T135/><D135/><U54/><E54/><N who="3" m="20490" /><G44/><T38/><D38/><U48/><E4/><V2/><F2/><W72/><G72/><T73/><D73/><U124/><E3/><V109/><F109/><W86/><G99/><T115/><D115/><N who="1" m="44107" /><E124/><V80/><F64/><AGARI ba="1,0" hai="21,24,29,56,63,64,86,91,92,100,103" m="20490" machi="64" ten="30,3900,0" yaku="8,1,52,2" doraHai="96" who="3" fromWho="2" sc="280,0,240,0,240,-42,240,42" /><INIT seed="1,0,0,5,4,86" ten="280,240,198,282" oya="1" hai0="4,132,36,131,116,74,70,11,10,35,60,68,48" hai1="73,105,43,58,8,129,62,37,110,82,16,25,72" hai2="15,59,80,54,30,99,120,67,27,45,133,79,31" hai3="96,21,1,42,114,47,134,33,107,24,63,29,32"/><U83/><E105/><V53/><F120/><W75/><G75/><T55/><D74/><U90/><E129/><V2/><F2/><W52/><G1/><T88/><D35/><U49/><E37/><V123/><F123/><W118/><G134/><T78/><D78/><U39/><E39/><V93/><F133/><W9/><G9/><T115/><D115/><U122/><E122/><V17/><F67/><W3/><G3/><T124/><D36/><U46/><E110/><V28/><F45/><W23/><G33/><T77/><D77/><U102/><E102/><V112/><F27/><W65/><G42/><T111/><D116/><U95/><E73/><V109/><F109/><W113/><G21/><T57/><D111/><U135/><E72/><V103/><F112/><W12/><G23/><T34/><D34/><U100/><E100/><V0/><F0/><W85/><G12/><N who="0" m="5191" /><D11/><U89/><E135/><V125/><F125/><W6/><G6/><T51/><D132/><U108/><E108/><V92/><F92/><W26/><G26/><T104/><D104/><U127/><E127/><V128/><F128/><W66/><G118/><T50/><D131/><U20/><E8/><V56/><F79/><W98/><G107/><T94/><D124/><U126/><E126/><V76/><F76/><W61/><G113/><T119/><D119/><U101/><E101/><V44/><F80/><N who="1" m="30761" /><E95/><V71/><F71/><W91/><G114/><T97/><D70/><U38/><E38/><V14/><F103/><W81/><G32/><T7/><D68/><U106/><E106/><V69/><F69/><RYUUKYOKU ba="0,0" sc="280,15,240,15,198,-15,282,-15" hai0="7,48,50,51,55,57,60,88,94,97" hai1="16,20,25,43,46,49,58,62,89,90" /><INIT seed="1,1,0,5,0,121" ten="295,255,183,267" oya="1" hai0="123,37,24,1,80,118,83,117,61,100,32,135,104" hai1="3,31,112,58,93,17,46,60,21,34,55,14,98" hai2="20,53,85,65,72,84,8,11,79,103,106,5,2" hai3="41,97,71,45,131,43,124,12,15,42,92,132,133"/><U120/><E120/><V109/><F65/><W25/><G71/><T107/><D123/><U108/><E112/><V33/><F33/><W7/><G131/><T62/><D32/><U28/><E3/><V57/><F72/><W128/><G128/><T134/><D24/><U88/><E34/><V75/><F75/><W87/><G124/><T126/><D1/><U36/><REACH who="1" step="1"/><E108/><REACH who="1" ten="295,245,183,267" step="2"/><V91/><F109/><W67/><G133/><T19/><D135/><U22/><E22/><V66/><F20/><W115/><G132/><T38/><D134/><U99/><E99/><V90/><F11/><W73/><G97/><T111/><D111/><U89/><E89/><V51/><F90/><W68/><G115/><T95/><D126/><U77/><E77/><V69/><F79/><W39/><G43/><AGARI ba="1,1" hai="14,17,21,28,31,36,43,46,55,58,60,88,93,98" machi="43" ten="40,7700,0" yaku="1,1,54,1,53,1" doraHai="121" doraHaiUra="10" who="1" fromWho="3" sc="295,0,245,90,183,0,267,-80" /><INIT seed="1,2,0,5,5,10" ten="295,335,183,187" oya="1" hai0="38,126,85,55,48,131,7,123,24,135,100,119,66" hai1="51,1,73,44,31,117,4,130,37,21,95,104,70" hai2="61,3,103,86,83,17,60,14,94,81,93,54,20" hai3="52,87,43,118,76,29,18,92,46,41,12,45,90"/><U132/><E104/><V68/><F3/><W57/><G29/><T30/><D119/><U106/><E106/><V9/><F68/><W133/><G133/><T64/><D38/><U35/><E70/><V129/><F129/><W75/><G118/><T72/><D72/><U121/><E37/><V122/><F122/><W71/><G71/><T32/><D135/><U116/><E73/><V102/><F81/><W124/><G124/><T40/><D40/><N who="3" m="15433" /><G76/><T65/><D123/><U99/><E130/><V56/><F61/><N who="3" m="36007" /><G75/><T28/><D28/><U111/><E35/><V96/><F20/><AGARI ba="2,0" hai="12,18,20,45,46,87,90,92" m="36007,15433" machi="20" ten="30,3900,0" yaku="8,1,52,1,54,1" doraHai="10" who="3" fromWho="2" sc="295,0,335,0,183,-45,187,45" /><INIT seed="2,0,0,2,2,130" ten="295,335,138,232" oya="2" hai0="62,46,47,43,53,41,45,64,102,79,105,26,81" hai1="57,80,6,88,128,33,123,20,101,16,29,30,23" hai2="70,18,24,59,110,131,117,118,65,121,37,34,71" hai3="86,122,35,124,67,83,103,132,49,77,78,96,133"/><V14/><F121/><W27/><G122/><T66/><D105/><U73/><E123/><V107/><F37/><W11/><G67/><T129/><D102/><U2/><E33/><V109/><F107/><W21/><G35/><T93/><D93/><U38/><E128/><V63/><F131/><W126/><G11/><T15/><D26/><U125/><E101/><V44/><F24/><W28/><G49/><N who="0" m="28863" /><D15/><U50/><E23/><V84/><F84/><W32/><G78/><T39/><D81/><U3/><E38/><V1/><F34/><W25/><G25/><T5/><D5/><U97/><E73/><V90/><F90/><W82/><G82/><T92/><D92/><U68/><E68/><N who="2" m="26155" /><F1/><W104/><REACH who="3" step="1"/><G32/><REACH who="3" ten="295,335,138,222" step="2"/><T61/><D79/><U13/><E80/><V135/><F14/><W113/><G113/><T89/><D129/><U12/><E12/><V7/><F7/><W31/><G31/><T9/><D9/><U99/><E6/><V120/><F18/><W54/><G54/><T100/><D66/><U87/><E2/><V55/><F120/><W40/><G40/><T22/><D64/><U51/><E3/><V10/><F10/><W85/><G85/><T36/><D22/><U116/><E20/><V72/><F72/><W108/><G108/><N who="2" m="41577" /><F135/><AGARI ba="0,1" hai="21,27,28,77,83,86,96,103,104,124,126,132,133,135" machi="135" ten="40,8000,1" yaku="1,1,20,1,52,3,53,0" doraHai="130" doraHaiUra="8" who="3" fromWho="2" sc="295,0,335,0,138,-80,222,90" /><INIT seed="3,0,0,0,3,72" ten="295,335,58,312" oya="3" hai0="46,38,49,118,56,0,130,26,27,50,128,90,21" hai1="67,81,62,10,17,15,42,92,107,39,1,31,23" hai2="16,53,35,86,12,135,79,74,22,87,8,28,80" hai3="113,123,54,131,32,9,85,134,59,58,55,43,89"/><W40/><G32/><T20/><D0/><U98/><E107/><V94/><F135/><W116/><G116/><T111/><D118/><U120/><E120/><V109/><F109/><W108/><G123/><T19/><D111/><U91/><E39/><V6/><F94/><W127/><G113/><T126/><D126/><U64/><E42/><V102/><F102/><W2/><G131/><N who="0" m="50219" /><D56/><U73/><E1/><V97/><F97/><W14/><G2/><T63/><D63/><U51/><E51/><V36/><F36/><W83/><G134/><T76/><D90/><U66/><E31/><V112/><F112/><W11/><G127/><T110/><D76/><U93/><E93/><V114/><F114/><W125/><G125/><T84/><D84/><U24/><E73/><V47/><F47/><W7/><G108/><T75/><D75/><U95/><E95/><V30/><F53/><W29/><G29/><N who="0" m="17607" /><D110/><U3/><E81/><V78/><F35/><W68/><G68/><T124/><D124/><U99/><E3/><V101/><F101/><W45/><G11/><T4/><D4/><N who="1" m="3527" /><E62/><V104/><F104/><W106/><G106/><T33/><D33/><U25/><E99/><V133/><F133/><W34/><G34/><T96/><D96/><U132/><E132/><V121/><F121/><W71/><G71/><T88/><D88/><U13/><AGARI ba="0,0" hai="13,17,23,24,25,64,66,67,91,92,98" m="3527" machi="13" ten="30,1100,0" yaku="8,1" doraHai="72" who="1" fromWho="1" sc="295,-3,335,11,58,-3,312,-5" /><INIT seed="4,0,0,2,0,3" ten="292,346,55,307" oya="0" hai0="68,6,46,59,85,101,123,88,26,112,0,51,55" hai1="115,37,99,34,79,10,121,48,14,89,122,1,98" hai2="107,24,120,95,36,91,42,94,74,75,25,100,82" hai3="132,20,62,39,97,76,72,54,35,29,113,12,114"/><T7/><D68/><U28/><E37/><V23/><F120/><W32/><G39/><T110/><D123/><U83/><E1/><V106/><F94/><W71/><G132/><T60/><D0/><U65/><E115/><V92/><F95/><W50/><G97/><T53/><D112/><N who="3" m="43113" /><G76/><T56/><D110/><U40/><E65/><V47/><F75/><W63/><G72/><T57/><D101/><U77/><E77/><V66/><F66/><W33/><G71/><T105/><D105/><U49/><E49/><V103/><F103/><W13/><G29/><T52/><D26/><U102/><E89/><V9/><F23/><W81/><G81/><N who="0" m="49199" /><D57/><U90/><E90/><V61/><F107/><W69/><G69/><T17/><D17/><U18/><E99/><V126/><F106/><W64/><G12/><T84/><D84/><U133/><E133/><V58/><F100/><W5/><G13/><T104/><D104/><U130/><E98/><V45/><F25/><W31/><G35/><T11/><D11/><U109/><E102/><V70/><F24/><W67/><G33/><T127/><D127/><U129/><E109/><V2/><F126/><W44/><G32/><T22/><D22/><U43/><E34/><V30/><F70/><W8/><G20/><T41/><D41/><N who="1" m="15947" /><E28/><V93/><F30/><W118/><G31/><T15/><D15/><U116/><E122/><V134/><F134/><W135/><G135/><T131/><D131/><N who="1" m="50187" /><E121/><V124/><F124/><W16/><G118/><T27/><D27/><U19/><E116/><V86/><F2/><N who="3" m="55" /><G16/><T111/><D111/><RYUUKYOKU ba="0,0" sc="292,15,346,-15,55,-15,307,15" hai0="6,7,46,51,52,53,55,56,59,60" hai3="44,50,54,62,63,64,67" /><INIT seed="4,1,0,1,2,59" ten="307,331,40,322" oya="0" hai0="95,27,17,44,63,51,83,42,98,72,76,80,84" hai1="50,56,23,35,54,11,79,90,70,115,62,24,8" hai2="9,116,18,87,5,45,14,99,13,81,127,73,112" hai3="78,41,25,82,28,65,126,91,101,102,36,108,113"/><T94/><D72/><U132/><E35/><V104/><F112/><W131/><G108/><T134/><D134/><U124/><E132/><V16/><F127/><W60/><G131/><T129/><D129/><U31/><E124/><V122/><F122/><W37/><G91/><T86/><D98/><U69/><E115/><V46/><F73/><W133/><G133/><T0/><D0/><U58/><E79/><V117/><F116/><W75/><G126/><T48/><D48/><U93/><E69/><V109/><F117/><W67/><G67/><T92/><D63/><U30/><E30/><V53/><F109/><W12/><G12/><T119/><D119/><U103/><E70/><V71/><F71/><W107/><G113/><T47/><D47/><U26/><E26/><V4/><F99/><W118/><G118/><T61/><D61/><U43/><E103/><V29/><F29/><W3/><G3/><T34/><D34/><U97/><E43/><V130/><F104/><W121/><G121/><T55/><D42/><U1/><E1/><V6/><F53/><AGARI ba="1,0" hai="8,11,23,24,31,50,53,54,56,58,62,90,93,97" machi="53" ten="30,3900,0" yaku="7,1,8,1,52,1" doraHai="59" who="1" fromWho="2" sc="307,0,331,42,40,-42,322,0" owari="307,-9.0,373,47.0,-2,-50.0,322,12.0" /></mjloggm>