<mjloggm ver="2.3"><GO type="169" lobby="0"/><UN n0="%E3%82%A6%E3%83%AB%E3%83%88%E3%83%A9%E7%AB%8B%E7%9B%B4" n1="%64%65%61%69%75%70%2E%63" n2="%E6%96%9C%E3%82%81%37%37%E5%BA%A6" n3="%E6%89%8B%E6%89%93%E3%81%A1%E3%81%8D%E3%81%97%E3%82%81%E3%82%93" dan="18,17,16,16" rate="2250.58,2231.61,2033.32,2044.65" sx="M,M,M,M"/><TAIKYOKU oya="0"/><INIT seed="0,0,0,1,4,88" ten="250,250,250,250" oya="0" hai0="55,45,89,21,13,128,20,10,106,102,120,35,133" hai1="34,77,19,101,57,11,0,14,124,49,23,85,12" hai2="132,50,112,39,122,61,27,59,37,115,109,66,68" hai3="110,67,17,62,31,93,126,116,25,83,96,86,42"/><T65/><D120/><U69/><E69/><V6/><F122/><W99/><G116/><T91/><D35/><U51/><E124/><V105/><F105/><W3/><G110/><T130/><D65/><U16/><E34/><V44/><F27/><W87/><G3/><T75/><D75/><U40/><E0/><V103/><F103/><W111/><G111/><T26/><D133/><U48/><E101/><V125/><F6/><W76/><G42/><T52/><D102/><U78/><E40/><N who="2" m="24839" /><F109/><W36/><G36/><N who="2" m="13897" /><F132/><W9/><G9/><T108/><D106/><U53/><REACH who="1" step="1"/><E85/><REACH who="1" ten="250,240,250,250" step="2"/><V64/><F125/><W135/><G135/><T80/><D108/><U41/><E41/><V15/><F115/><W54/><G126/><T1/><D1/><U74/><E74/><V38/><F112/><W63/><G87/><T29/><D130/><U43/><E43/><V5/><F68/><W123/><G86/><T118/><D128/><U90/><E90/><V79/><F38/><W81/><G123/><T56/><D118/><U30/><E30/><V28/><F28/><W131/><G31/><T4/><D80/><U82/><E82/><V71/><F71/><W18/><G83/><T84/><D84/><U22/><E22/><V94/><F79/><AGARI ba="0,1" hai="11,12,14,16,19,23,48,49,51,53,57,77,78,79" machi="79" ten="40,5200,0" yaku="1,1,8,1,54,1,53,0" doraHai="88" doraHaiUra="113" who="1" fromWho="2" sc="250,0,240,62,250,-52,250,0" /><INIT seed="1,0,0,5,2,79" ten="250,302,198,250" oya="1" hai0="129,20,125,131,1,25,2,3,77,12,8,40,74" hai1="88,130,29,27,90,114,46,63,69,5,59,93,71" hai2="55,19,103,120,61,96,72,100,113,28,134,42,75" hai3="32,10,102,89,83,37,57,105,115,106,123,109,78"/><U108/><E114/><V104/><F120/><W65/><G37/><T121/><D40/><U58/><E130/><N who="0" m="49673" /><D77/><U62/><E46/><V43/><F134/><W16/><G32/><T30/><D74/><U126/><E126/><V91/><F113/><W23/><G123/><T22/><D121/><U38/><E38/><V73/><F28/><W94/><G102/><T44/><D44/><U98/><E5/><V92/><F19/><W52/><G65/><T14/><D125/><U66/><E108/><V127/><F103/><W111/><G10/><T95/><D95/><U6/><E6/><V116/><F116/><W70/><G70/><T51/><D51/><U64/><REACH who="1" step="1"/><E90/><REACH who="1" ten="250,292,198,250" step="2"/><V47/><F127/><W132/><G115/><T24/><D8/><U21/><AGARI ba="0,1" hai="21,27,29,58,59,62,63,64,66,69,71,88,93,98" machi="21" ten="20,18000,2" yaku="1,1,2,1,0,1,7,1,9,1,54,1,53,0" doraHai="79" doraHaiUra="81" who="1" fromWho="1" sc="250,-60,292,190,198,-60,250,-60" /><INIT seed="1,1,0,2,1,86" ten="190,482,138,190" oya="1" hai0="14,17,36,96,37,71,74,93,12,123,126,115,10" hai1="62,102,13,29,128,87,85,113,92,135,0,24,109" hai2="73,59,88,91,64,44,132,105,95,94,118,100,26" hai3="101,45,57,42,81,30,82,80,114,1,51,125,46"/><U77/><E113/><V117/><F73/><W67/><G1/><T90/><D115/><U23/><E0/><V25/><F105/><W4/><G114/><T50/><D126/><U65/><E128/><V5/><F132/><W69/><G69/><T20/><D123/><U89/><E135/><V131/><F131/><W41/><G4/><T28/><D71/><U83/><E109/><V66/><F5/><W70/><G70/><T34/><D74/><U55/><E102/><V97/><F100/><W43/><G30/><T98/><D34/><U76/><E55/><V78/><F78/><W18/><G125/><T40/><D98/><U104/><E104/><V16/><F44/><W58/><G101/><T3/><D3/><U52/><E52/><V84/><F59/><N who="3" m="22539" /><G51/><T2/><D2/><U60/><E65/><N who="2" m="25195" /><F118/><W6/><G6/><T9/><D50/><U127/><E127/><V33/><F33/><W35/><G35/><T108/><D108/><U63/><E13/><V32/><F32/><W129/><G67/><T31/><D37/><U15/><REACH who="1" step="1"/><E15/><REACH who="1" ten="190,472,138,190" step="2"/><V56/><F117/><W120/><G129/><T121/><D14/><U124/><E124/><V116/><F116/><W8/><G120/><T54/><D121/><U53/><E53/><V27/><F56/><W122/><G122/><T110/><D110/><U19/><E19/><AGARI ba="1,1" hai="16,19,25,26,27,84,88,91,94,95,97" m="25195" machi="19" ten="30,8000,1" yaku="8,1,52,2,54,2" doraHai="86" who="2" fromWho="1" sc="190,0,472,-83,138,93,190,0" /><INIT seed="2,0,0,2,2,93" ten="190,389,231,190" oya="2" hai0="82,113,108,49,83,122,112,123,129,104,45,19,53" hai1="5,72,89,61,63,134,69,118,40,36,96,130,14" hai2="4,125,102,78,85,84,126,33,114,21,11,109,121" hai3="17,56,64,106,131,127,42,20,119,47,62,48,117"/><V50/><F114/><W110/><G106/><T60/><D104/><U124/><E118/><V135/><F33/><W111/><G17/><T41/><D83/><U51/><E72/><V38/><F38/><W57/><G20/><T34/><D19/><U13/><E36/><V86/><F121/><W116/><G127/><T44/><D82/><U75/><E75/><V7/><F135/><W66/><G131/><T25/><D25/><U27/><E130/><V79/><F109/><N who="3" m="41483" /><G66/><T24/><D24/><U132/><E124/><N who="2" m="47723" /><F21/><W90/><G90/><T35/><D35/><U55/><E132/><V80/><F102/><W22/><G22/><T0/><D0/><U59/><E134/><V37/><F4/><W97/><G97/><T77/><D34/><U6/><E5/><V3/><F79/><W133/><G133/><T39/><D77/><U1/><E6/><V2/><F85/><W9/><G9/><T8/><D8/><U98/><E89/><V15/><F86/><W101/><G101/><T46/><D108/><U32/><E32/><V65/><F65/><W94/><G94/><T95/><D95/><U103/><E103/><V128/><F128/><W43/><G43/><N who="0" m="22655" /><D129/><U18/><E96/><V23/><F23/><W105/><G105/><T87/><D87/><U100/><E98/><V92/><F92/><W88/><G88/><T120/><D113/><U73/><E100/><V71/><F2/><W68/><AGARI ba="0,0" hai="42,47,48,56,57,62,64,68,116,117,119" m="41483" machi="68" ten="40,5200,0" yaku="14,1,34,2" doraHai="93" who="3" fromWho="3" sc="190,-13,389,-13,231,-26,190,52" /><INIT seed="3,0,0,1,1,129" ten="177,376,205,242" oya="3" hai0="47,68,116,97,21,24,125,108,106,73,131,50,16" hai1="53,111,11,44,90,87,107,112,36,134,133,100,118" hai2="12,74,37,19,135,10,41,18,62,23,20,64,0" hai3="39,79,34,80,40,94,117,45,66,4,110,69,96"/><W35/><G117/><T15/><D116/><U7/><E112/><V29/><F74/><W26/><G110/><T81/><D68/><U85/><E118/><V52/><F37/><W126/><G126/><T122/><D122/><U28/><E28/><V127/><F41/><W8/><G26/><T98/><D131/><U60/><E111/><V49/><F127/><W46/><G46/><T1/><D1/><U42/><E100/><V120/><F120/><W86/><G66/><T104/><D108/><U132/><E107/><V25/><F0/><W105/><G69/><T91/><D125/><U124/><E124/><V48/><F135/><W93/><G105/><T77/><D98/><U5/><E90/><V43/><F43/><W33/><REACH who="3" step="1"/><G96/><REACH who="3" ten="177,376,205,232" step="2"/><T123/><D123/><U70/><E70/><V22/><F64/><W55/><G55/><T75/><D24/><U76/><E53/><V113/><F113/><W65/><G65/><T88/><D106/><U92/><E44/><V57/><REACH who="2" step="1"/><F10/><REACH who="2" ten="177,376,195,232" step="2"/><W95/><G95/><T27/><D104/><U61/><E92/><V119/><F119/><W103/><G103/><T54/><D97/><U30/><E11/><V9/><F9/><W31/><G31/><T102/><D102/><U56/><E133/><V38/><F38/><W89/><G89/><T32/><D88/><U78/><E36/><V71/><F71/><W58/><G58/><T17/><D91/><U84/><E132/><V128/><F128/><W114/><G114/><T14/><D54/><U63/><E134/><V3/><F3/><AGARI ba="0,2" hai="3,4,8,33,34,35,39,40,45,79,80,86,93,94" machi="3" ten="40,2000,0" yaku="1,1,53,0" doraHai="129" doraHaiUra="109" who="3" fromWho="2" sc="177,0,376,0,195,-20,232,40" /><INIT seed="3,1,0,0,1,16" ten="177,376,175,272" oya="3" hai0="88,112,114,18,134,49,126,102,9,34,39,44,66" hai1="95,108,40,19,109,89,86,38,28,41,25,1,127" hai2="62,94,74,103,46,37,70,4,79,11,72,111,59" hai3="73,14,12,5,32,121,118,124,55,123,100,120,119"/><W13/><G73/><T42/><D34/><U80/><E1/><V27/><F111/><N who="1" m="42569" /><E127/><V83/><F72/><W56/><G124/><T130/><D126/><U132/><E132/><V7/><F70/><W58/><G32/><T122/><D102/><U128/><E128/><V75/><F75/><W133/><G133/><T26/><D134/><U61/><E38/><V65/><F4/><W36/><G36/><T81/><D122/><U129/><E129/><V91/><F103/><W43/><G43/><T98/><D130/><U82/><E19/><V116/><F116/><W63/><G5/><T105/><D105/><U47/><E61/><V97/><F27/><W20/><G100/><T125/><D125/><U106/><E106/><V113/><F113/><W115/><G115/><N who="0" m="44075" /><D66/><U23/><E47/><V77/><F46/><W52/><REACH who="3" step="1"/><G20/><REACH who="3" ten="177,376,175,262" step="2"/><N who="0" m="13591" /><D39/><U96/><E82/><V69/><F83/><W30/><G30/><T22/><D9/><U71/><E80/><V2/><F37/><W21/><G21/><T76/><D22/><U57/><E23/><V33/><F33/><W48/><AGARI ba="1,1" hai="12,13,14,48,52,55,56,58,63,118,119,120,121,123" machi="48" ten="40,7800,0" yaku="1,1,0,1,54,1,53,0" doraHai="16" doraHaiUra="110" who="3" fromWho="3" sc="177,-27,376,-27,175,-27,262,91" /><INIT seed="3,2,0,0,1,73" ten="150,349,148,353" oya="3" hai0="52,102,120,131,101,123,92,34,82,67,79,119,117" hai1="126,18,125,108,111,76,12,11,94,5,121,54,103" hai2="93,58,38,87,0,9,48,95,31,19,43,22,6" hai3="71,113,1,81,49,33,118,134,41,129,14,45,13"/><W55/><G118/><N who="0" m="45067" /><D67/><U99/><E121/><N who="0" m="46665" /><D52/><U64/><E64/><V28/><F38/><W44/><G33/><T83/><D34/><U112/><E112/><V50/><F50/><W80/><G113/><T40/><D40/><U74/><E54/><V100/><F100/><N who="0" m="38506" /><D131/><U127/><E18/><V66/><F31/><W35/><G129/><T60/><D60/><U57/><E57/><V114/><F28/><W89/><G35/><T61/><D61/><U90/><E103/><V42/><F114/><W116/><G1/><T133/><D133/><U130/><E130/><V109/><F66/><W115/><G134/><T85/><D83/><AGARI ba="2,0" hai="5,11,12,74,76,83,90,94,99,108,111,125,126,127" machi="83" ten="50,3200,0" yaku="18,1,52,1" doraHai="73" who="1" fromWho="0" sc="150,-38,349,38,148,0,353,0" /><INIT seed="4,0,0,2,3,8" ten="112,387,148,353" oya="0" hai0="93,55,39,108,47,91,104,132,115,61,37,72,71" hai1="82,100,120,103,76,41,62,21,105,111,11,30,14" hai2="125,101,54,64,9,127,27,31,128,102,4,49,69" hai3="5,85,48,67,83,63,44,15,43,22,50,46,110"/><T17/><D104/><U116/><E116/><V16/><F69/><W121/><G110/><T123/><D123/><U80/><E111/><V70/><F70/><W20/><G121/><T53/><D108/><U32/><E32/><N who="2" m="20607" /><F64/><W122/><G122/><T81/><D115/><U0/><E0/><N who="2" m="135" /><F128/><W94/><G94/><T119/><D132/><U2/><E2/><V38/><F38/><W126/><G126/><N who="2" m="48137" /><F16/><W25/><G25/><T28/><D119/><U59/><E59/><AGARI ba="0,0" hai="49,54,59,101,102" m="48137,135,20607" machi="59" ten="30,1000,0" yaku="18,1" doraHai="8" who="2" fromWho="1" sc="112,0,387,-10,148,10,353,0" /><INIT seed="5,0,0,0,1,115" ten="112,377,158,353" oya="1" hai0="90,60,110,18,118,12,75,52,102,22,133,71,6" hai1="37,116,40,96,107,10,45,49,84,132,39,67,62" hai2="92,87,63,36,131,98,32,27,2,69,97,123,81" hai3="7,129,46,48,19,88,100,1,130,47,121,35,93"/><U122/><E116/><V0/><F123/><W72/><G121/><T56/><D110/><U51/><E122/><V111/><F111/><W21/><G72/><T65/><D133/><U30/><E132/><V76/><F36/><W29/><G100/><T99/><D75/><U11/><E51/><V126/><F126/><W82/><G82/><T106/><D6/><U3/><E84/><V101/><F131/><N who="3" m="50187" /><G7/><T38/><D38/><U8/><E3/><V59/><F69/><W86/><G1/><T94/><D118/><U58/><REACH who="1" step="1"/><E30/><REACH who="1" ten="112,367,158,353" step="2"/><V55/><F2/><W25/><G48/><T66/><REACH who="0" step="1"/><D71/><REACH who="0" ten="102,367,158,353" step="2"/><U83/><E83/><V5/><F81/><W33/><G29/><T34/><D34/><AGARI ba="0,2" hai="19,21,25,33,34,35,46,47,86,88,93" m="50187" machi="34" ten="30,2000,0" yaku="19,1,54,1" doraHai="115" who="3" fromWho="0" sc="102,-20,367,0,158,0,353,40" /><INIT seed="6,0,0,4,4,2" ten="82,367,158,393" oya="2" hai0="15,110,98,51,35,29,32,31,79,106,63,5,74" hai1="22,128,111,3,48,73,54,40,88,122,125,36,70" hai2="77,97,101,114,65,42,34,11,117,27,133,7,135" hai3="108,20,121,67,4,127,107,16,109,87,56,43,50"/><V91/><F117/><W118/><G121/><T26/><D74/><U78/><E111/><V100/><F65/><W112/><G118/><T66/><D79/><U83/><E70/><V113/><F42/><W59/><G107/><T131/><D110/><U69/><E69/><V132/><F77/><W17/><G127/><T44/><D131/><U80/><E125/><V85/><F27/><W102/><G102/><N who="2" m="39529" /><F97/><W68/><G68/><T53/><D98/><U99/><E3/><N who="2" m="511" /><F34/><W13/><G67/><T19/><D106/><U47/><E128/><V72/><F72/><W37/><G37/><T46/><D46/><U89/><E122/><V52/><F52/><W95/><G43/><T57/><D35/><U24/><E83/><AGARI ba="0,0" hai="83,85,91,113,114,132,133,135" m="511,39529" machi="83" ten="40,3900,0" yaku="20,1,52,1" doraHai="2" who="2" fromWho="1" sc="82,0,367,-39,158,39,393,0" /><INIT seed="6,1,0,3,0,64" ten="82,328,197,393" oya="2" hai0="40,94,29,95,57,2,101,31,72,103,52,127,105" hai1="130,134,124,0,6,83,42,132,93,77,82,122,106" hai2="61,89,97,116,128,110,26,120,9,88,118,85,43" hai3="113,54,70,66,44,11,50,121,30,39,3,125,14"/><V104/><F120/><W12/><G121/><T69/><D2/><U65/><E122/><V80/><F43/><W10/><G39/><T19/><D72/><U108/><E108/><V133/><F110/><W35/><G125/><T119/><D127/><U36/><E106/><V45/><F45/><W63/><G113/><T4/><D4/><U90/><E124/><V17/><F133/><W23/><G35/><T111/><D111/><U5/><E65/><V78/><F128/><W20/><G3/><T131/><D131/><U46/><E130/><V27/><F61/><W84/><G84/><T75/><D75/><N who="1" m="43327" /><E83/><V25/><F104/><W96/><G96/><T34/><D119/><U33/><E33/><V123/><F123/><W13/><G30/><T135/><D135/><N who="1" m="51755" /><E0/><V16/><F118/><W86/><G86/><AGARI ba="1,0" hai="5,6,36,42,46,86,90,93" m="51755,43327" machi="86" ten="30,1000,0" yaku="20,1" doraHai="64" who="1" fromWho="3" sc="82,0,328,13,197,0,393,-13" /><INIT seed="7,0,0,5,0,124" ten="82,341,197,380" oya="3" hai0="47,75,104,84,86,26,49,74,135,80,64,24,115" hai1="15,33,61,37,109,48,9,20,107,128,65,5,43" hai2="29,92,52,98,6,132,53,97,82,23,83,4,113" hai3="38,95,50,16,25,67,13,90,72,41,11,10,57"/><W118/><G72/><T27/><D135/><U18/><E109/><V60/><F113/><W88/><G118/><T58/><D104/><U21/><E107/><V2/><F132/><W100/><G38/><T17/><D115/><U134/><E134/><V56/><F2/><W96/><G25/><T99/><D99/><U42/><E37/><V129/><F129/><W1/><G1/><T31/><D31/><U44/><E33/><V110/><F110/><W131/><G131/><T12/><D75/><U112/><E112/><V106/><F106/><W81/><G10/><T68/><D68/><U116/><E116/><V127/><F127/><W78/><G78/><T28/><D74/><U8/><E128/><V101/><F97/><W59/><G67/><T69/><D69/><U35/><E35/><V55/><F23/><W130/><G130/><T87/><D28/><U73/><E73/><V39/><F39/><W14/><G14/><T102/><D102/><U71/><REACH who="1" step="1"/><E43/><REACH who="1" ten="82,331,197,380" step="2"/><V94/><F94/><W19/><G41/><T117/><D117/><U103/><E103/><V122/><F29/><W126/><G126/><T30/><D30/><U111/><E111/><V125/><F122/><W76/><G95/><T119/><D119/><U89/><E89/><V46/><F125/><W79/><G90/><T85/><N who="0" m="21504" /><DORA hai="63" /><T70/><D70/><U120/><E120/><V34/><F34/><W36/><G36/><T51/><D80/><U66/><E66/><V93/><F83/><W7/><G81/><T0/><D0/><AGARI ba="0,1" hai="0,5,8,9,15,18,20,21,42,44,48,61,65,71" machi="0" ten="30,7700,0" yaku="1,1,7,1,52,1,53,1" doraHai="124,63" doraHaiUra="40,54" who="1" fromWho="0" sc="82,-77,331,87,197,0,380,0" owari="5,-49.0,418,51.0,197,-20.0,380,18.0" /></mjloggm>