<mjloggm ver="2.3"><GO type="169" lobby="0"/><UN n0="%E5%B0%B1%E6%B4%BB%E7%94%9F%40%E5%B7%9D%E6%9D%91%E8%BB%8D%E5%9B%A3" n1="%E7%94%9F%E8%82%89%E3%81%A7%E3%81%99%E3%82%88" n2="%E9%AD%94%E7%8E%8B%E3%81%93%E3%81%A3%E3%81%BA%E3%81%B1%E3%82%93" n3="%E3%82%86%E3%81%86%E5%A0%95%E5%A4%A9%E4%BD%BF" dan="19,16,16,16" rate="2337.29,2154.75,2041.99,2171.89" sx="M,M,M,F"/><TAIKYOKU oya="0"/><INIT seed="0,0,0,4,2,46" ten="250,250,250,250" oya="0" hai0="113,105,99,37,87,132,116,78,9,117,21,93,38" hai1="76,90,56,71,128,126,53,62,19,134,35,104,3" hai2="80,110,111,82,44,79,81,8,54,69,26,32,1" hai3="106,107,59,129,49,89,16,11,96,25,123,5,2"/><T33/><D33/><U24/><E3/><V83/><F69/><W39/><G39/><T63/><D113/><U36/><E36/><V122/><F122/><W121/><G129/><T72/><D132/><U45/><E104/><V18/><F44/><W57/><G57/><T22/><D72/><U130/><E126/><V13/><F54/><N who="3" m="32207" /><G89/><T50/><D105/><U73/><E134/><V52/><F1/><W84/><G84/><T47/><D38/><U108/><E71/><V20/><F32/><W41/><G96/><T67/><D37/><U17/><E90/><V114/><F114/><W92/><G92/><T6/><D87/><U118/><E45/><V70/><F70/><W51/><G51/><T109/><D78/><U124/><E124/><V91/><F52/><W119/><G41/><T55/><D109/><N who="2" m="41482" /><F91/><W61/><G61/><T43/><D116/><U74/><E108/><V95/><F95/><W4/><G4/><T94/><D117/><U66/><E53/><V68/><F68/><W48/><G48/><T31/><D94/><U30/><E118/><V127/><F127/><W131/><G131/><N who="1" m="50218" /><E76/><V77/><F83/><W34/><G119/><T103/><D55/><U115/><E115/><V15/><F79/><W60/><G60/><T23/><D63/><U120/><E120/><N who="3" m="46154" /><G34/><T65/><REACH who="0" step="1"/><D31/><REACH who="0" ten="240,250,250,250" step="2"/><U125/><E125/><V42/><F77/><W102/><G102/><T75/><D75/><AGARI ba="0,1" hai="17,19,24,30,35,56,62,66,73,74,75" m="50218" machi="75" ten="30,1000,0" yaku="19,1" doraHai="46" who="1" fromWho="0" sc="240,-10,250,20,250,0,250,0" /><INIT seed="1,0,0,5,0,87" ten="230,270,250,250" oya="1" hai0="13,36,59,20,77,109,14,58,126,24,111,15,45" hai1="98,100,112,133,56,65,17,57,104,72,41,53,60" hai2="6,79,4,122,0,8,117,116,84,9,63,120,46" hai3="76,115,105,128,81,62,101,40,10,55,75,11,25"/><U34/><E112/><V18/><F46/><W107/><G115/><T28/><D77/><U67/><E133/><V71/><F79/><W131/><G25/><T121/><D126/><U26/><E72/><V3/><F18/><W31/><G31/><T49/><D36/><U80/><E80/><V127/><F127/><W12/><G40/><T90/><D121/><U66/><E41/><V92/><F92/><W130/><G101/><T54/><REACH who="0" step="1"/><D90/><REACH who="0" ten="220,270,250,250" step="2"/><U135/><E135/><V88/><F122/><W119/><G119/><T93/><D93/><U114/><E114/><V30/><F120/><W102/><G102/><T89/><D89/><U39/><E39/><V43/><F117/><W110/><G110/><AGARI ba="0,1" hai="13,14,15,20,24,28,45,49,54,58,59,109,110,111" machi="110" ten="40,2600,0" yaku="1,1,14,1,53,0" doraHai="87" doraHaiUra="69" who="0" fromWho="3" sc="220,36,270,0,250,0,250,-26" /><INIT seed="2,0,0,5,2,99" ten="256,270,250,224" oya="2" hai0="90,66,115,75,46,83,55,80,8,33,109,41,82" hai1="129,79,117,106,65,116,135,100,108,114,10,44,133" hai2="120,127,92,52,5,132,97,1,31,61,74,69,24" hai3="45,28,88,89,86,47,57,36,50,77,3,134,81"/><V23/><F120/><W72/><G3/><T71/><D33/><U40/><E114/><V73/><F127/><W4/><G4/><T76/><D115/><U20/><E108/><V17/><F132/><N who="1" m="50761" /><E129/><V124/><F124/><W131/><G134/><T67/><D109/><U105/><E79/><V98/><F31/><W37/><G131/><T18/><D71/><U121/><E121/><V93/><F1/><W70/><G70/><T21/><D8/><U25/><E65/><V59/><F5/><W107/><G107/><T130/><D55/><U122/><E10/><V29/><F29/><W123/><G28/><T110/><D110/><U35/><E35/><V87/><F69/><W112/><G112/><T0/><D0/><U2/><E2/><V119/><F87/><W26/><G26/><T49/><D130/><U19/><E122/><V51/><F51/><W6/><G6/><T56/><D90/><N who="3" m="34921" /><G72/><T104/><D104/><N who="1" m="40043" /><E100/><N who="2" m="60455" /><F119/><W103/><G103/><T34/><D34/><U64/><E64/><V22/><F22/><W95/><G123/><T78/><D75/><U42/><E42/><V63/><F74/><W96/><G36/><AGARI ba="0,0" hai="19,20,25,36,40,44,116,117" m="40043,50761" machi="36" ten="30,1000,0" yaku="20,1" doraHai="99" who="1" fromWho="3" sc="256,0,270,10,250,0,224,-10" /><INIT seed="3,0,0,2,3,53" ten="256,280,250,214" oya="3" hai0="37,16,32,99,98,109,8,122,44,20,71,97,135" hai1="90,52,17,83,79,11,124,123,92,63,111,1,130" hai2="84,117,118,95,21,36,93,86,62,113,58,100,31" hai3="56,85,25,72,107,28,129,110,108,82,38,30,70"/><W91/><G70/><T39/><D32/><U19/><E123/><V3/><F3/><W26/><G107/><T60/><D122/><U104/><E104/><V67/><F36/><W49/><G38/><T22/><D109/><N who="3" m="42089" /><G129/><T120/><D120/><U101/><E101/><V114/><F118/><W128/><G128/><T18/><D135/><U35/><E35/><V133/><F133/><W116/><G116/><T66/><D8/><U103/><E103/><V134/><F134/><W59/><G49/><T61/><D44/><U87/><E111/><V119/><F119/><W54/><G54/><T131/><D131/><U105/><E105/><V55/><F117/><W13/><G13/><T121/><D121/><U5/><E124/><V27/><F95/><W0/><G72/><T51/><D51/><U29/><E29/><N who="3" m="11370" /><G0/><T81/><D81/><U23/><E23/><V48/><F114/><W80/><G82/><T45/><D45/><U4/><E130/><V50/><F113/><W46/><G46/><T41/><D41/><U125/><E125/><V7/><F7/><W34/><G34/><T132/><D132/><U10/><E5/><V112/><F112/><W106/><G106/><T42/><D42/><U127/><E127/><V78/><F78/><W96/><G96/><T33/><D33/><U40/><E40/><V24/><F24/><AGARI ba="0,0" hai="24,25,26,56,59,80,85,91" m="11370,42089" machi="24" ten="30,11600,0" yaku="14,1,10,1,52,2" doraHai="53" who="3" fromWho="2" sc="256,0,280,0,250,-116,214,116" /><INIT seed="3,1,0,4,1,5" ten="256,280,134,330" oya="3" hai0="25,12,37,2,94,104,33,88,65,58,13,69,55" hai1="125,133,23,91,131,11,35,24,135,111,4,36,54" hai2="19,97,17,99,56,47,82,86,89,121,123,53,67" hai3="81,6,50,51,120,59,22,106,42,30,119,8,132"/><W75/><G120/><N who="2" m="46153" /><F67/><W32/><G106/><T15/><D104/><U90/><E36/><V29/><F29/><W129/><G119/><T116/><D2/><U79/><E111/><V107/><F47/><W45/><G32/><T31/><D116/><U68/><E68/><V87/><F87/><W117/><G117/><T40/><D69/><U78/><E35/><V46/><F46/><W34/><G34/><T21/><D65/><U49/><E125/><V70/><F70/><W0/><G129/><T83/><D83/><U109/><E131/><V112/><F112/><W122/><G122/><T10/><D37/><U52/><E109/><V57/><F57/><W48/><G59/><T16/><D40/><U130/><E130/><V105/><F105/><W110/><G132/><N who="1" m="50762" /><E79/><V128/><F128/><W71/><G71/><T41/><D41/><U126/><E78/><V73/><F73/><W61/><G110/><T39/><D39/><U114/><E114/><V28/><F28/><W7/><G75/><T44/><D44/><N who="1" m="27687" /><E54/><V127/><F127/><W103/><G45/><T80/><D80/><U113/><E113/><V66/><F66/><W38/><G81/><T20/><D33/><U9/><E126/><V62/><F107/><W64/><G64/><T96/><D21/><U74/><E74/><V3/><F3/><N who="3" m="95" /><G22/><T98/><D98/><AGARI ba="1,0" hai="17,19,53,56,62,82,86,89,97,98,99" m="46153" machi="98" ten="30,1000,0" yaku="13,1" doraHai="5" who="2" fromWho="0" sc="256,-13,280,0,134,13,330,0" /><INIT seed="4,0,0,3,4,13" ten="243,280,147,330" oya="0" hai0="68,23,16,57,87,81,15,135,97,111,91,50,0" hai1="35,125,96,124,46,130,29,79,42,28,61,62,104" hai2="39,3,74,122,32,127,75,19,45,4,22,118,43" hai3="67,47,72,78,65,86,27,20,131,21,129,93,126"/><T110/><D68/><U10/><E130/><N who="3" m="49674" /><G72/><T44/><D0/><U132/><E79/><V109/><F122/><W121/><G121/><T84/><D135/><U48/><E10/><V58/><F109/><N who="0" m="41482" /><D57/><U133/><E104/><V9/><F118/><W2/><G2/><T52/><D87/><U116/><E96/><AGARI ba="0,0" hai="15,16,23,44,50,52,81,84,91,96,97" m="41482" machi="96" ten="30,11600,0" yaku="10,1,52,1,54,2" doraHai="13" who="0" fromWho="1" sc="243,116,280,-116,147,0,330,0" /><INIT seed="4,1,0,4,4,60" ten="359,164,147,330" oya="0" hai0="127,44,87,83,41,79,123,26,98,32,77,29,91" hai1="50,33,122,103,23,131,63,78,39,90,101,84,133" hai2="16,70,10,117,17,54,18,56,59,113,15,31,73" hai3="30,53,96,93,20,75,118,135,105,110,21,37,128"/><T3/><D123/><U0/><E39/><V119/><F73/><W68/><G53/><T46/><D3/><U19/><E33/><V22/><F70/><W92/><G92/><T42/><D127/><U14/><E0/><V99/><F113/><W97/><G93/><T120/><D120/><U36/><E36/><V71/><F71/><W45/><G45/><T4/><D4/><U81/><E122/><V51/><F99/><W80/><G80/><T115/><D115/><U8/><E131/><V134/><F134/><W107/><G30/><T35/><D35/><U109/><E109/><V82/><F82/><W100/><G68/><T94/><D46/><U124/><E124/><V104/><F104/><W72/><G37/><T40/><REACH who="0" step="1"/><D44/><REACH who="0" ten="349,164,147,330" step="2"/><U28/><E133/><V114/><F114/><W43/><G135/><T61/><D61/><U112/><E63/><V9/><F119/><W67/><G118/><T116/><D116/><U108/><E112/><V95/><F117/><W24/><G110/><T52/><D52/><U65/><E108/><V27/><F59/><W85/><G43/><T126/><D126/><U102/><E50/><V55/><F55/><W13/><G128/><T5/><D5/><U47/><E47/><V88/><REACH who="2" step="1"/><F10/><REACH who="2" ten="349,164,137,330" step="2"/><W62/><G62/><T25/><D25/><U6/><E8/><V58/><F58/><W12/><G24/><T125/><D125/><U86/><E6/><V130/><F130/><W89/><G13/><T57/><D57/><U129/><E129/><V38/><F38/><W106/><G12/><T66/><D66/><U48/><E65/><RYUUKYOKU ba="1,2" sc="349,15,164,-15,137,15,330,-15" hai0="26,29,32,40,41,42,77,79,83,87,91,94,98" hai2="9,15,16,17,18,22,27,31,51,54,56,88,95" /><INIT seed="4,2,2,5,1,34" ten="364,149,152,315" oya="0" hai0="129,99,13,93,30,36,94,37,28,73,18,10,70" hai1="131,35,6,79,67,113,123,100,17,87,122,75,55" hai2="96,85,54,22,64,3,2,14,39,46,65,72,68" hai3="126,104,8,4,103,90,110,98,0,119,91,60,32"/><T58/><D70/><U132/><E35/><V84/><F72/><W33/><G119/><T15/><D73/><U106/><E75/><V76/><F96/><W88/><G110/><T9/><D99/><U118/><E118/><V41/><F54/><W26/><G26/><T29/><D129/><U130/><E106/><V83/><F85/><W51/><G51/><T108/><D108/><U47/><E100/><V49/><F39/><N who="0" m="14922" /><D18/><U71/><E17/><V81/><F81/><W80/><G80/><T111/><D58/><U86/><E79/><V127/><F127/><W40/><G40/><T21/><D21/><U120/><E6/><V97/><F97/><W128/><G126/><T124/><D124/><U61/><E113/><V31/><F68/><W57/><REACH who="3" step="1"/><G128/><REACH who="3" ten="364,149,152,305" step="2"/><N who="1" m="49194" /><E132/><V125/><F125/><W117/><G117/><T56/><D111/><U101/><E101/><V44/><F83/><W116/><G116/><T105/><D30/><U63/><E63/><V77/><F31/><W45/><G45/><T66/><D29/><U109/><E109/><V50/><F46/><W19/><G19/><T114/><D28/><U74/><E74/><V38/><F44/><W25/><G25/><T5/><D114/><U78/><E78/><V52/><F77/><W133/><G133/><T112/><D112/><U134/><E134/><V115/><F76/><W27/><G27/><T95/><D5/><U53/><E47/><V24/><F24/><W121/><G121/><T59/><D15/><U12/><E12/><V48/><F14/><W135/><G135/><T62/><D13/><U69/><E69/><RYUUKYOKU ba="2,3" sc="364,-15,149,15,152,-15,305,15" hai1="53,55,61,67,71,86,87,120,122,123" hai3="0,4,8,32,33,57,60,88,90,91,98,103,104" /><INIT seed="5,3,3,4,4,90" ten="349,164,137,320" oya="1" hai0="123,112,135,101,87,44,54,30,23,103,40,3,2" hai1="1,120,48,128,67,108,117,37,26,94,62,15,11" hai2="49,19,111,122,53,110,83,56,129,55,24,109,95" hai3="104,35,13,66,36,116,82,75,28,7,18,81,92"/><U119/><E120/><V8/><F129/><W39/><G104/><T57/><D112/><U69/><E37/><V106/><F122/><W105/><G105/><T85/><D2/><U96/><E128/><V73/><F106/><W25/><G7/><T131/><D3/><U58/><E1/><V47/><F95/><W107/><G107/><T33/><D33/><U74/><E74/><V76/><F111/><W51/><G66/><T98/><D135/><U88/><E26/><V43/><F55/><W133/><G133/><T20/><D123/><U29/><E29/><V115/><F115/><W93/><G51/><N who="0" m="27015" /><D98/><U126/><E126/><V63/><REACH who="2" step="1"/><F24/><REACH who="2" ten="349,164,127,320" step="2"/><W97/><G93/><T45/><D54/><U64/><E108/><V125/><F125/><W10/><G116/><T127/><D127/><U38/><E117/><V22/><F22/><W60/><G81/><T31/><D20/><U14/><E119/><V41/><F41/><W9/><G9/><T72/><D23/><U16/><E64/><V32/><F32/><W121/><G121/><T118/><D131/><U5/><E69/><V61/><F61/><W52/><G52/><T17/><D118/><U4/><E67/><V91/><F91/><N who="3" m="55455" /><G60/><T78/><D103/><U71/><E71/><V68/><F68/><W70/><G70/><T89/><D101/><U46/><E62/><V132/><F132/><W80/><G80/><T6/><D89/><U100/><E100/><V65/><F65/><W50/><G82/><T114/><D114/><U77/><E11/><V84/><F84/><W34/><G35/><T130/><D85/><RYUUKYOKU ba="3,4" sc="349,-10,164,-10,127,30,320,-10" hai2="8,19,43,47,49,53,56,63,73,76,83,109,110" /><INIT seed="6,4,4,3,1,92" ten="339,154,157,310" oya="2" hai0="104,59,109,118,5,24,61,44,14,1,129,60,131" hai1="99,87,3,112,97,65,126,120,38,39,86,75,43" hai2="8,37,125,46,16,121,127,48,117,73,53,34,22" hai3="98,7,74,96,79,72,40,31,23,30,33,64,89"/><V119/><F73/><W80/><G33/><T32/><D109/><U67/><E75/><V51/><F121/><W66/><G40/><T81/><D104/><U54/><E3/><V114/><F34/><W123/><G123/><T88/><D1/><U102/><E120/><V2/><F37/><W27/><G7/><T19/><D44/><U115/><E54/><V49/><F114/><N who="1" m="43561" /><E126/><N who="2" m="48139" /><F8/><W25/><G89/><T29/><D5/><U106/><E43/><N who="2" m="24671" /><F2/><W130/><G130/><N who="0" m="49675" /><D118/><N who="2" m="45066" /><F53/><W36/><G36/><T4/><D4/><U113/><N who="1" m="43569" /><U133/><DORA hai="84" /><E133/><V26/><AGARI ba="4,4" hai="16,22,26,49,51" m="45066,24671,48139" machi="26" ten="30,3000,0" yaku="18,1,54,1" doraHai="92,84" who="2" fromWho="2" sc="339,-14,154,-14,157,82,310,-14" /><INIT seed="6,5,0,5,5,37" ten="325,140,239,296" oya="2" hai0="58,57,17,63,42,48,99,61,35,64,117,56,26" hai1="84,75,111,79,100,120,88,25,131,125,108,85,65" hai2="121,22,73,123,114,80,43,90,51,77,40,129,86" hai3="20,92,29,89,23,109,16,55,94,36,69,119,124"/><V127/><F127/><W128/><G69/><T10/><D117/><U11/><E125/><V41/><F114/><W107/><G107/><T1/><D1/><U82/><E65/><V96/><F129/><W135/><G119/><T98/><D35/><U68/><E68/><V31/><F51/><W54/><G124/><T27/><D10/><U9/><E131/><V134/><F134/><W38/><G128/><T71/><D17/><U74/><E120/><V7/><F7/><W34/><G34/><T78/><D78/><U18/><E100/><V32/><F32/><W3/><G3/><T115/><D115/><U105/><E105/><V133/><F133/><W0/><G0/><T72/><D72/><U14/><E11/><V24/><REACH who="2" step="1"/><F96/><REACH who="2" ten="325,140,229,296" step="2"/><N who="0" m="36906" /><D71/><U83/><REACH who="1" step="1"/><E25/><REACH who="1" ten="325,130,229,296" step="2"/><N who="0" m="9225" /><D64/><U130/><E130/><V52/><F52/><W46/><G55/><T132/><D132/><U87/><E87/><V53/><F53/><W39/><G54/><T45/><AGARI ba="5,2" hai="42,45,48,56,57,58,61,63" m="9225,36906" machi="45" ten="40,2700,0" yaku="8,1,52,1" doraHai="37" who="0" fromWho="0" sc="325,62,130,-12,229,-18,296,-12" /><INIT seed="7,0,0,0,5,98" ten="387,118,211,284" oya="3" hai0="133,97,95,37,25,31,10,36,70,53,73,127,114" hai1="85,26,78,46,8,123,76,124,60,69,0,126,131" hai2="19,111,38,90,62,7,2,103,94,45,93,43,99" hai3="58,79,28,116,115,50,119,24,47,113,112,18,106"/><W72/><G106/><T40/><D73/><U122/><E85/><V86/><F111/><W104/><G104/><T118/><D70/><U120/><E46/><V130/><F130/><W63/><G18/><T52/><D118/><U110/><E110/><V66/><F7/><W4/><G4/><T105/><D105/><U74/><E26/><V88/><F2/><W13/><G13/><T84/><D84/><U39/><E39/><V83/><F19/><W65/><G79/><T27/><D10/><U68/><E131/><V64/><REACH who="2" step="1"/><F62/><REACH who="2" ten="387,118,201,284" step="2"/><W33/><G72/><T117/><D31/><U55/><E55/><AGARI ba="0,1" hai="24,28,33,47,50,55,58,63,65,112,113,115,116,119" machi="55" ten="40,2000,0" yaku="15,1" doraHai="98" who="3" fromWho="1" sc="387,0,118,-20,201,0,284,30" /><INIT seed="7,1,0,0,1,97" ten="387,98,201,314" oya="3" hai0="111,126,19,130,56,135,78,85,107,6,65,46,13" hai1="112,0,133,62,68,50,67,28,121,81,17,20,4" hai2="54,128,82,93,29,88,102,64,42,3,95,100,10" hai3="24,9,104,8,116,63,57,98,1,120,117,14,105"/><W66/><G120/><T74/><D74/><U37/><E37/><V109/><F109/><W40/><G40/><T87/><D107/><U18/><E121/><V79/><F42/><W60/><G60/><N who="0" m="38023" /><D111/><U76/><E112/><V134/><F134/><W15/><G1/><T106/><D106/><U103/><E133/><V51/><F64/><W31/><G105/><T114/><D114/><U127/><E127/><V58/><F128/><W124/><G124/><T123/><D123/><U47/><E28/><V75/><F29/><W72/><G72/><T2/><D2/><U12/><E0/><V25/><F25/><W26/><G116/><T80/><D126/><U110/><E110/><V45/><F95/><W86/><G86/><N who="0" m="48407" /><D6/><U91/><E91/><V119/><F119/><W55/><G117/><T11/><D135/><U38/><E38/><V35/><F35/><W113/><G66/><T132/><D132/><U73/><E4/><V83/><F83/><W52/><G113/><T36/><D130/><U70/><E70/><V96/><REACH who="2" step="1"/><F45/><REACH who="2" ten="387,98,191,314" step="2"/><W129/><G129/><T118/><D118/><U27/><E47/><V101/><F101/><N who="3" m="62519" /><G31/><T131/><D131/><U49/><REACH who="1" step="1"/><E103/><REACH who="1" ten="387,88,191,314" step="2"/><V59/><F59/><N who="3" m="35303" /><G24/><T53/><D36/><U90/><E90/><V43/><F43/><W84/><G26/><T39/><D39/><U69/><E69/><V94/><F94/><W92/><G92/><T89/><D89/><U61/><E61/><V21/><F21/><W44/><G44/><T71/><D71/><U33/><E33/><V30/><F30/><W22/><G22/><T122/><D122/><RYUUKYOKU ba="1,2" sc="387,10,88,10,191,10,314,-30" hai0="11,13,19,46,53,85,87" hai1="12,17,18,20,27,49,50,62,67,68,73,76,81" hai2="3,10,51,54,58,75,79,82,88,93,96,100,102" owari="417,52.0,98,-40.0,201,-20.0,284,8.0" /></mjloggm>