<mjloggm ver="2.3"><GO type="169" lobby="0"/><UN n0="%5A%5A%5A%5A%5A" n1="%E3%82%83%E3%82%87%E3%81%83" n2="%E3%83%88%E3%83%88%E3%83%AA%E5%85%88%E7%94%9F%31%39%E6%AD%B3" n3="%E3%81%A1%E3%82%83%E3%82%8D%E3%82%84" dan="16,16,19,16" rate="2146.77,2112.19,2292.23,2103.21" sx="M,M,F,M"/><TAIKYOKU oya="0"/><INIT seed="0,0,0,0,2,109" ten="250,250,250,250" oya="0" hai0="80,51,62,12,44,14,126,49,20,56,112,0,67" hai1="46,33,73,94,57,25,39,82,70,24,76,103,90" hai2="100,85,130,68,48,34,124,27,92,106,64,43,117" hai3="133,72,128,1,125,13,127,6,19,89,37,15,61"/><T41/><D0/><U10/><E70/><V79/><F130/><W5/><G72/><T113/><D80/><U111/><E111/><V119/><F124/><N who="3" m="47691" /><G37/><T131/><D126/><U93/><E33/><V129/><F129/><W28/><G128/><T55/><D131/><U99/><E57/><V52/><F43/><W88/><G133/><T83/><D83/><U63/><E63/><N who="2" m="39967" /><F79/><W121/><G61/><T115/><REACH who="0" step="1"/><D20/><REACH who="0" ten="240,250,250,250" step="2"/><U31/><E82/><V8/><F34/><W97/><G121/><T9/><D9/><U116/><E10/><V16/><F8/><W40/><G1/><T108/><D108/><U77/><E73/><V122/><F122/><W98/><G5/><T134/><D134/><U47/><E76/><V29/><F117/><W11/><G11/><T32/><D32/><U96/><E77/><V66/><F119/><W123/><G6/><T23/><D23/><U4/><E4/><V45/><F106/><W91/><G123/><T3/><D3/><U54/><E116/><V74/><F74/><W132/><G132/><T87/><D87/><U105/><E105/><V104/><F104/><W60/><G97/><T95/><D95/><U101/><E94/><V65/><F85/><W107/><G98/><T118/><D118/><U22/><E96/><V84/><F84/><W17/><G107/><T53/><D53/><U102/><E54/><V42/><F52/><W86/><G86/><T71/><AGARI ba="0,1" hai="12,14,41,44,49,51,55,56,62,67,71,112,113,115" machi="71" ten="30,12000,1" yaku="1,1,0,1,52,3,53,0" doraHai="109" doraHaiUra="2" who="0" fromWho="0" sc="240,130,250,-40,250,-40,250,-40" /><INIT seed="0,1,0,4,5,80" ten="370,210,210,210" oya="0" hai0="98,64,109,60,66,1,10,32,118,117,121,128,36" hai1="51,5,104,19,101,59,86,25,42,22,96,54,35" hai2="69,75,2,111,133,71,18,67,131,26,14,65,27" hai3="68,119,70,20,9,113,127,45,94,78,77,23,52"/><T76/><D121/><U97/><E35/><V108/><F75/><W56/><G119/><T24/><D36/><U129/><E129/><V46/><F2/><W102/><G113/><T92/><D128/><U0/><E97/><V126/><F131/><W55/><G127/><T53/><D76/><N who="3" m="29289" /><G68/><N who="2" m="26185" /><F46/><W34/><G34/><T106/><D106/><U135/><E135/><V8/><F133/><W89/><G70/><T112/><D112/><U100/><E100/><V43/><F43/><W110/><G110/><N who="2" m="42025" /><F126/><W30/><G102/><T91/><D109/><U31/><E42/><V44/><F44/><W28/><G9/><T99/><D1/><U38/><E38/><V7/><F7/><W82/><G82/><T124/><D124/><U48/><E5/><V103/><F103/><W115/><G115/><T74/><D74/><U122/><E0/><V72/><F72/><W37/><G45/><T105/><D10/><U62/><E122/><V90/><F90/><W3/><G37/><T39/><D39/><U17/><E17/><V130/><F130/><W12/><G3/><T87/><D105/><U6/><E6/><V125/><F125/><W107/><G107/><T120/><D120/><U16/><E19/><V4/><F4/><W21/><G12/><T73/><D73/><U49/><REACH who="1" step="1"/><E31/><REACH who="1" ten="370,200,210,210" step="2"/><N who="3" m="11818" /><G56/><N who="0" m="34831" /><D118/><U29/><E29/><V134/><F134/><W57/><G57/><T47/><D117/><U79/><E79/><V132/><F132/><W116/><G116/><T11/><D32/><U58/><E58/><V15/><F15/><W123/><G123/><T33/><D33/><U13/><E13/><RYUUKYOKU ba="1,1" sc="370,-30,200,10,210,10,210,10" hai1="16,22,25,48,49,51,54,59,62,86,96,101,104" hai2="8,14,18,26,27,65,67" hai3="20,21,23,52,55,89,94" /><INIT seed="1,2,1,4,0,73" ten="340,210,220,220" oya="1" hai0="7,132,135,13,82,9,122,129,119,80,67,59,12" hai1="87,123,58,64,62,86,106,128,77,98,11,79,20" hai2="43,94,70,56,74,48,104,131,65,89,29,72,75" hai3="91,15,71,85,18,49,57,52,32,116,33,21,47"/><U54/><E128/><V78/><F104/><W36/><G71/><T95/><D119/><U17/><E123/><V28/><F131/><W63/><G116/><T105/><D105/><U92/><E106/><V111/><F111/><W83/><REACH who="3" step="1"/><G36/><REACH who="3" ten="340,210,220,210" step="2"/><T41/><D129/><U50/><E11/><V27/><F70/><W38/><G38/><T46/><D122/><U31/><E31/><V6/><F29/><W51/><G51/><T42/><D9/><U69/><E86/><V4/><F74/><W107/><G107/><T0/><D135/><U115/><E87/><V22/><F72/><W30/><G30/><T99/><D132/><U34/><E115/><V81/><F48/><W100/><G100/><T24/><D99/><U127/><E127/><V102/><F102/><W124/><G124/><T125/><D125/><U126/><E126/><V120/><F120/><W19/><G19/><T130/><D130/><U109/><E109/><V133/><F133/><W40/><AGARI ba="2,2" hai="15,18,21,32,33,40,47,49,52,57,63,83,85,91" machi="40" ten="20,5200,0" yaku="1,1,0,1,7,1,54,1,53,0" doraHai="73" doraHaiUra="112" who="3" fromWho="3" sc="340,-15,210,-28,220,-15,210,78" /><INIT seed="2,0,0,5,0,58" ten="325,182,205,288" oya="2" hai0="95,120,118,15,89,133,71,132,27,0,63,96,112" hai1="75,36,50,25,17,111,94,28,38,108,110,76,124" hai2="78,40,121,114,49,10,92,129,23,55,6,123,66" hai3="116,62,4,97,126,47,19,100,2,12,104,29,74"/><V44/><F114/><W13/><G116/><T134/><D112/><U77/><E124/><V48/><F129/><W59/><G126/><T70/><D120/><U5/><E5/><V51/><F23/><W79/><G47/><T81/><D0/><U106/><E106/><V54/><F78/><N who="1" m="30313" /><E75/><V52/><F92/><W26/><G79/><T41/><D41/><U90/><E50/><N who="2" m="19563" /><F10/><W39/><G39/><T7/><D27/><U135/><E135/><V9/><F9/><W60/><G74/><T109/><D109/><U85/><E17/><V11/><F11/><N who="3" m="4199" /><G2/><T91/><D118/><U22/><AGARI ba="0,0" hai="22,25,28,36,38,85,90,94,108,110,111" m="30313" machi="22" ten="40,1500,0" yaku="14,1" doraHai="58" who="1" fromWho="1" sc="325,-4,182,15,205,-7,288,-4" /><INIT seed="3,0,0,1,2,125" ten="321,197,198,284" oya="3" hai0="3,96,89,4,86,73,105,62,110,115,71,20,12" hai1="128,60,17,129,39,94,26,11,120,50,134,108,114" hai2="38,46,31,112,133,127,78,49,28,88,23,69,65" hai3="80,61,33,44,135,59,41,132,123,21,100,68,30"/><W90/><G123/><T55/><D73/><U72/><E120/><V117/><F112/><W54/><G33/><T91/><D115/><U22/><E39/><V52/><F117/><W99/><G68/><T70/><D110/><U104/><E104/><V37/><F127/><W106/><G80/><T97/><D3/><U116/><E114/><V121/><F121/><W131/><G90/><T25/><D4/><U119/><E72/><V98/><F133/><N who="3" m="51275" /><G21/><T63/><D12/><N who="1" m="7327" /><E134/><V130/><F78/><W48/><G30/><T51/><D105/><U56/><E50/><V34/><F34/><W118/><G118/><N who="1" m="45098" /><E94/><V40/><F38/><W92/><G92/><N who="0" m="54327" /><D71/><U0/><E0/><V101/><F69/><W5/><G5/><T64/><D70/><U109/><E26/><V14/><F37/><W19/><G19/><N who="0" m="12447" /><D64/><N who="1" m="38919" /><E22/><V113/><F23/><W1/><G1/><T43/><D43/><U79/><E79/><V2/><F2/><W47/><G47/><N who="0" m="28159" /><D91/><U13/><E13/><V81/><F14/><W95/><G106/><T58/><D58/><U83/><E83/><V53/><F113/><W10/><G10/><T93/><D93/><U66/><E66/><V24/><F65/><W103/><G103/><T107/><D107/><U84/><E84/><N who="2" m="50191" /><F28/><W75/><G75/><T6/><D6/><U102/><E102/><V18/><F18/><W111/><G111/><AGARI ba="0,0" hai="108,109,111,128,129" m="38919,45098,7327" machi="111" ten="30,7700,0" yaku="14,1,12,1,52,2" doraHai="125" who="1" fromWho="3" sc="321,0,197,77,198,0,284,-77" /><INIT seed="4,0,0,3,4,12" ten="321,274,198,207" oya="0" hai0="75,98,22,51,83,64,73,125,129,62,60,128,3" hai1="86,68,74,71,32,5,81,90,95,50,100,4,131" hai2="76,49,120,24,11,8,87,52,93,102,0,108,99" hai3="130,72,55,70,103,97,53,82,54,1,116,63,10"/><T18/><D3/><U28/><E131/><N who="0" m="50249" /><D125/><U30/><E71/><V85/><F108/><W23/><G116/><T21/><D98/><N who="1" m="59487" /><E74/><N who="0" m="28169" /><D83/><U110/><E68/><V56/><F120/><W123/><G130/><T88/><D51/><U37/><E37/><V115/><F115/><W124/><G124/><T44/><D44/><U127/><E32/><V106/><F106/><W39/><G39/><T119/><D119/><U48/><E110/><V41/><F41/><W31/><G82/><T19/><D88/><U25/><E127/><V121/><F121/><W135/><G135/><T15/><D64/><U77/><E90/><V9/><F76/><W58/><G70/><T36/><D36/><U96/><E96/><V65/><F0/><W35/><G35/><T46/><D46/><U69/><E69/><V38/><F65/><W113/><G72/><T33/><D33/><U94/><E94/><V84/><F38/><W42/><G113/><T80/><D80/><U66/><E66/><V79/><F79/><W134/><G42/><T29/><D29/><U109/><E30/><V34/><F34/><W126/><G126/><T104/><D104/><U114/><E114/><V118/><F118/><W111/><G111/><T133/><D133/><U17/><E28/><V20/><F85/><W91/><G134/><T61/><D61/><U57/><E109/><V78/><F78/><W92/><G123/><T117/><D117/><U107/><E107/><V13/><F84/><W26/><G91/><T2/><D2/><U16/><E86/><V7/><F87/><W101/><G101/><T132/><D132/><RYUUKYOKU ba="0,0" sc="321,10,274,-30,198,10,207,10" hai0="15,18,19,21,22,60,62" hai2="7,8,9,11,13,20,24,49,52,56,93,99,102" hai3="1,10,23,26,31,53,54,55,58,63,92,97,103" /><INIT seed="4,1,0,4,3,57" ten="331,244,208,217" oya="0" hai0="12,54,126,8,19,112,108,24,56,2,48,74,133" hai1="104,110,20,88,64,76,30,115,127,65,70,38,131" hai2="77,66,91,129,93,10,130,69,106,68,61,116,0" hai3="31,67,59,123,46,53,75,6,121,84,119,44,4"/><T96/><D74/><U125/><E110/><V43/><F106/><W60/><G119/><T86/><D108/><U40/><E104/><V50/><F116/><W7/><G75/><T25/><D112/><U78/><E131/><N who="2" m="50187" /><F77/><N who="1" m="29801" /><E70/><N who="2" m="42319" /><F43/><W36/><G31/><T111/><D111/><U98/><E115/><V117/><F117/><W102/><G102/><T105/><D133/><U103/><E103/><V73/><F50/><W114/><G114/><T55/><D126/><N who="1" m="48139" /><E40/><V18/><F73/><W26/><G26/><N who="0" m="10347" /><D2/><U37/><E20/><V90/><F90/><W71/><G84/><T41/><D105/><U28/><E65/><V132/><F132/><W92/><G92/><T80/><D96/><U72/><E64/><V13/><F0/><W45/><REACH who="3" step="1"/><G36/><REACH who="3" ten="331,244,208,207" step="2"/><N who="1" m="13930" /><E72/><V120/><F120/><W94/><G94/><AGARI ba="1,1" hai="28,30,88,94,98" m="13930,48139,29801" machi="94" ten="40,2600,0" yaku="18,1,54,1" doraHai="57" who="1" fromWho="3" sc="331,0,244,39,208,0,207,-29" /><INIT seed="5,0,0,5,4,94" ten="331,283,208,178" oya="1" hai0="100,134,5,42,76,72,92,117,15,115,126,59,132" hai1="32,47,78,105,116,21,112,71,36,16,69,108,113" hai2="3,89,124,110,60,35,68,2,24,130,55,27,65" hai3="8,121,73,7,46,45,37,75,109,95,63,20,19"/><U119/><E32/><V29/><F110/><W54/><G109/><T131/><D42/><N who="1" m="22983" /><E108/><V31/><F130/><W22/><G121/><T106/><D117/><U66/><E78/><V44/><F124/><W6/><G95/><T91/><D5/><U87/><E87/><V81/><F55/><W90/><G90/><T128/><D15/><U64/><E105/><V133/><F133/><N who="0" m="51306" /><D59/><U38/><E38/><V17/><F17/><W34/><G34/><T79/><D126/><U97/><E97/><V99/><F44/><W26/><G63/><T4/><D4/><U74/><E74/><V104/><F81/><W122/><G122/><T0/><D0/><U118/><E21/><N who="2" m="15503" /><F89/><W120/><G120/><T25/><D25/><U62/><E16/><V114/><F114/><N who="1" m="44137" /><E66/><V84/><F84/><W86/><G86/><N who="0" m="52343" /><D115/><U82/><E82/><V77/><F77/><N who="0" m="29770" /><D72/><U1/><E1/><V13/><F13/><W18/><G26/><T58/><D58/><AGARI ba="0,0" hai="58,62,64,69,71,116,118,119" m="44137,22983" machi="58" ten="40,7700,0" yaku="15,1,34,2" doraHai="94" who="1" fromWho="0" sc="331,-77,283,77,208,0,178,0" /><INIT seed="5,1,0,1,1,73" ten="254,360,208,178" oya="1" hai0="15,20,96,75,11,101,79,2,121,83,45,8,132" hai1="14,22,120,76,71,5,55,23,51,49,108,47,56" hai2="117,3,116,134,17,10,109,39,126,60,123,65,90" hai3="131,99,127,86,26,25,122,18,94,52,67,42,43"/><U104/><E71/><V24/><F109/><W77/><G122/><T69/><D121/><U66/><E104/><V1/><F123/><W80/><G131/><T130/><D132/><U84/><E108/><V0/><F39/><W29/><G127/><T31/><D130/><U6/><E120/><V72/><F134/><W30/><G67/><T95/><D69/><U98/><E98/><V54/><F126/><W62/><G42/><T111/><D111/><U113/><E113/><V40/><F40/><W110/><G110/><T129/><D129/><U57/><E57/><V35/><F54/><W119/><G43/><T124/><D124/><U53/><E66/><V105/><F105/><W88/><G119/><T93/><D45/><U91/><E76/><V63/><F72/><W103/><G103/><T48/><D48/><U50/><E50/><V7/><F90/><W9/><G9/><T78/><D78/><U41/><E41/><V82/><F63/><W27/><G18/><T36/><D36/><U135/><E135/><V133/><F133/><W74/><G74/><T87/><D2/><N who="2" m="1130" /><F17/><W115/><G115/><T37/><D37/><U106/><E106/><V44/><F44/><W107/><G107/><T59/><D59/><AGARI ba="1,0" hai="25,26,27,29,30,52,59,62,77,80,86,88,94,99" machi="59" ten="40,8000,1" yaku="8,1,52,1,54,2" doraHai="73" who="3" fromWho="0" sc="254,-83,360,0,208,0,178,83" /><INIT seed="6,0,0,1,4,71" ten="171,360,208,261" oya="2" hai0="87,49,51,59,81,27,8,44,7,18,68,103,11" hai1="56,19,36,100,14,70,24,26,119,86,45,58,29" hai2="5,28,131,61,88,79,126,104,10,40,0,74,125" hai3="33,20,16,3,84,108,117,63,109,47,112,73,107"/><V72/><F104/><W39/><G117/><T30/><D68/><U67/><E70/><V134/><F131/><W31/><G73/><T69/><D69/><U98/><E119/><V110/><F134/><W129/><G107/><T92/><D18/><U2/><E2/><V41/><F110/><W62/><G3/><T38/><D38/><U76/><E45/><V53/><F28/><W32/><G129/><T43/><D103/><U95/><E36/><V90/><F61/><W120/><G120/><T82/><D92/><U21/><E67/><V127/><F53/><W132/><G84/><T77/><D82/><N who="1" m="47431" /><E24/><V54/><F54/><W50/><G39/><T35/><D7/><U123/><E123/><V34/><F34/><W17/><G31/><T85/><D85/><U23/><AGARI ba="0,0" hai="14,19,21,23,26,29,56,58,95,98,100" m="47431" machi="23" ten="30,1100,0" yaku="8,1" doraHai="71" who="1" fromWho="1" sc="171,-3,360,11,208,-5,261,-3" /><INIT seed="7,0,0,2,4,59" ten="168,371,203,258" oya="3" hai0="132,40,43,104,117,13,105,126,62,54,102,87,98" hai1="63,36,39,14,130,24,111,46,15,112,23,74,99" hai2="69,57,48,129,92,76,21,133,103,42,124,94,16" hai3="135,33,119,47,79,20,100,44,106,82,107,30,114"/><W128/><G119/><T123/><D117/><U0/><E111/><V121/><F69/><W81/><G33/><T97/><D123/><U35/><E0/><V101/><F121/><W90/><G30/><T115/><D132/><U68/><E74/><V31/><F133/><W8/><G8/><T127/><D13/><U91/><E112/><V52/><F129/><W84/><G20/><T34/><D34/><U75/><E75/><V26/><F124/><W60/><G44/><T86/><D115/><U49/><E35/><V122/><F122/><W96/><G47/><T131/><D131/><U89/><E14/><V1/><F76/><W55/><G114/><T72/><D72/><U45/><E15/><V77/><F77/><W116/><G116/><T7/><D7/><U38/><E130/><V118/><F1/><W134/><G128/><T28/><D28/><U27/><E68/><V108/><F108/><W51/><G106/><T61/><D54/><U58/><E24/><N who="2" m="14375" /><F42/><W125/><G107/><T19/><D19/><N who="1" m="12799" /><E49/><V9/><F9/><W93/><G51/><T37/><D102/><N who="2" m="38922" /><F118/><W110/><G110/><T88/><D88/><U95/><E91/><V25/><F31/><W18/><G125/><T80/><D80/><U5/><E5/><V71/><F71/><W32/><G32/><T17/><D17/><U29/><E29/><V11/><F11/><W73/><G18/><T50/><D50/><U66/><E38/><AGARI ba="0,0" hai="37,38,40,43,61,62,86,87,97,98,104,105,126,127" machi="38" ten="25,6400,0" yaku="22,2,52,2" doraHai="59" who="0" fromWho="1" sc="168,64,371,-64,203,0,258,0" owari="232,-17.0,307,41.0,203,-30.0,258,6.0" /></mjloggm>