<mjloggm ver="2.3"><GO type="169" lobby="0"/><UN n0="%6B%61%6D%6F%73%68%69%6E" n1="%6D%61%63%6A%72" n2="%E3%82%A6%E3%83%AB%E3%83%88%E3%83%A9%E7%AB%8B%E7%9B%B4" n3="%68%61%7A%75%6B%69%38%39" dan="17,18,17,16" rate="2153.68,2223.99,2149.80,2117.75" sx="M,M,M,F"/><TAIKYOKU oya="0"/><INIT seed="0,0,0,4,0,106" ten="250,250,250,250" oya="0" hai0="94,69,96,83,41,111,77,67,87,15,104,63,71" hai1="22,123,0,93,124,20,132,31,112,79,134,133,61" hai2="42,95,74,119,54,6,52,102,3,135,39,58,55" hai3="11,70,29,107,60,125,98,21,127,32,86,30,68"/><T118/><D118/><U16/><E123/><V114/><F114/><W48/><G86/><T64/><D111/><U25/><E112/><V108/><F108/><W130/><G48/><T99/><D104/><U10/><E79/><V37/><F119/><W56/><G130/><T23/><D41/><U12/><E61/><V7/><F135/><W82/><G82/><T13/><D23/><U4/><E93/><V2/><F58/><W51/><G11/><T110/><D110/><U33/><E124/><V73/><F95/><W126/><G32/><AGARI ba="0,0" hai="0,4,10,12,16,20,22,25,31,32,33,132,133,134" machi="32" ten="40,8000,1" yaku="20,1,34,3,54,1" doraHai="106" who="1" fromWho="3" sc="250,0,250,80,250,0,250,-80" /><INIT seed="1,0,0,1,4,16" ten="250,330,250,170" oya="1" hai0="104,72,95,20,30,117,134,4,64,36,102,39,132" hai1="38,69,86,63,61,56,1,128,87,82,135,37,73" hai2="122,96,33,19,93,89,76,9,94,14,77,18,115" hai3="27,48,111,32,98,84,120,108,99,85,97,15,7"/><U17/><E1/><V68/><F122/><W79/><G120/><T109/><D72/><U21/><E73/><V91/><F115/><W28/><G48/><T106/><D117/><U92/><E128/><V71/><F33/><W116/><G116/><T107/><D4/><U90/><E69/><V41/><F41/><W25/><G25/><N who="0" m="16679" /><D64/><U60/><E135/><N who="0" m="51753" /><D109/><N who="3" m="42057" /><G79/><T110/><D110/><U119/><E119/><V62/><F62/><W65/><G65/><T0/><D0/><U5/><E5/><V113/><F113/><W59/><G59/><T131/><D131/><U35/><E35/><V13/><F68/><W45/><G45/><T80/><D80/><U66/><E38/><N who="0" m="14377" /><D95/><U44/><E44/><V67/><F67/><W126/><G126/><T26/><D26/><N who="1" m="14639" /><E37/><V129/><F71/><W103/><G103/><AGARI ba="0,0" hai="102,103,104,106,107" m="14377,51753,16679" machi="103" ten="40,2600,0" yaku="20,1,52,1" doraHai="16" who="0" fromWho="3" sc="250,26,330,0,250,0,170,-26" /><INIT seed="2,0,0,0,0,67" ten="276,330,250,144" oya="2" hai0="116,86,40,126,118,45,50,89,35,61,105,36,69" hai1="46,41,104,51,11,30,107,110,111,70,71,37,101" hai2="112,48,17,129,130,22,18,25,12,66,60,4,75" hai3="92,64,98,78,109,85,68,127,33,81,23,87,131"/><V47/><F75/><W14/><G33/><T76/><D105/><N who="1" m="40523" /><E101/><V8/><F112/><W34/><G34/><T99/><D35/><U28/><E51/><V44/><F4/><W2/><G2/><T94/><D126/><U6/><E28/><V103/><F103/><W108/><G127/><T91/><D76/><U55/><E55/><V100/><F100/><W96/><G131/><T77/><D77/><U39/><E30/><V123/><F123/><W135/><G135/><T95/><REACH who="0" step="1"/><D50/><REACH who="0" ten="266,330,250,144" step="2"/><U119/><E37/><V10/><F48/><W124/><G124/><T21/><D21/><U121/><E121/><V128/><REACH who="2" step="1"/><F8/><REACH who="2" ten="266,330,240,144" step="2"/><W88/><G109/><N who="1" m="41482" /><E119/><V83/><F83/><W15/><G108/><T49/><D49/><U97/><E97/><V27/><F27/><W120/><G120/><T106/><D106/><U122/><E122/><V38/><F38/><W20/><G96/><T42/><D42/><U73/><E73/><V84/><F84/><W117/><G117/><T113/><D113/><U31/><E11/><V114/><F114/><W134/><G98/><T16/><D16/><U57/><E6/><V0/><F0/><W80/><G80/><T24/><D24/><U52/><E31/><V5/><F5/><W43/><G43/><T53/><D53/><U26/><E26/><V93/><F93/><W115/><G115/><T63/><D63/><U7/><E7/><V13/><F13/><W9/><G14/><T79/><D79/><U54/><E54/><V19/><F19/><N who="3" m="8687" /><G134/><T1/><D1/><U72/><E72/><V133/><F133/><W58/><G78/><RYUUKYOKU ba="0,2" sc="266,10,330,10,240,10,144,-30" hai0="36,40,45,61,69,86,89,91,94,95,99,116,118" hai1="39,41,46,52,57,70,71" hai2="10,12,17,18,22,25,44,47,60,66,128,129,130" /><INIT seed="2,1,2,0,1,52" ten="276,340,250,114" oya="2" hai0="119,59,37,101,90,121,45,60,82,47,91,39,117" hai1="27,18,131,16,105,3,104,62,106,77,24,10,115" hai2="83,34,29,8,9,95,15,49,32,38,58,2,134" hai3="111,124,25,130,109,123,13,76,14,42,93,94,98"/><V36/><F134/><W125/><G123/><T50/><D101/><U92/><E77/><V87/><F95/><N who="3" m="36363" /><G98/><T72/><D121/><U122/><E115/><V41/><F2/><W65/><G76/><T99/><D99/><U30/><E122/><V11/><F15/><N who="3" m="5643" /><G25/><T53/><D72/><U6/><E131/><V22/><F22/><W89/><G42/><N who="0" m="23007" /><D82/><U4/><E4/><V103/><F103/><W129/><G65/><N who="0" m="39071" /><D91/><U66/><E92/><V116/><F116/><N who="0" m="44618" /><D90/><U110/><E24/><V70/><F29/><W120/><G89/><T20/><D20/><U97/><E97/><V102/><F102/><W19/><G19/><T85/><D85/><U128/><E18/><V55/><F70/><W126/><G120/><T57/><D37/><U28/><E16/><V75/><F75/><W35/><G35/><T43/><D43/><U107/><E107/><V73/><F73/><W44/><G44/><AGARI ba="1,2" hai="44,45,50,53,57" m="44618,39071,23007" machi="44" ten="30,8000,1" yaku="12,1,34,2,52,2" doraHai="52" who="0" fromWho="3" sc="276,103,340,0,250,0,114,-83" /><INIT seed="3,0,0,5,1,85" ten="379,340,250,31" oya="3" hai0="131,126,44,38,73,25,88,17,19,105,37,101,69" hai1="97,64,89,36,54,29,111,68,132,82,56,27,123" hai2="127,9,59,75,104,102,1,62,90,122,74,72,18" hai3="6,87,76,110,3,84,70,78,21,14,32,113,107"/><W7/><G113/><T83/><D69/><U92/><E111/><V57/><F102/><W67/><G107/><T114/><D131/><U119/><E36/><V99/><F104/><W109/><G32/><T106/><D126/><U43/><E43/><V12/><F127/><W103/><G103/><T124/><D124/><U80/><E123/><V24/><F1/><W5/><G3/><T15/><D114/><U42/><E42/><V91/><F122/><W45/><G45/><T129/><D129/><U94/><E132/><V47/><F99/><W33/><G33/><T96/><D106/><U26/><E119/><V49/><F24/><W31/><G67/><T118/><D118/><U117/><E64/><V22/><F22/><W11/><G70/><T61/><D44/><U50/><E26/><V71/><F71/><W4/><G21/><T112/><D112/><U8/><E117/><V93/><F93/><W40/><G40/><T65/><D25/><U134/><E134/><V125/><F125/><W39/><G31/><T16/><D15/><U133/><E133/><V130/><F130/><W60/><G60/><T55/><D65/><U10/><E92/><V95/><F95/><W0/><G39/><T51/><D61/><U41/><E41/><N who="2" m="24815" /><F62/><W23/><G23/><T46/><D73/><U121/><E121/><V52/><F52/><W28/><G28/><T115/><D115/><U77/><E68/><V30/><F30/><W48/><G48/><T98/><D98/><U86/><E80/><V53/><F53/><W135/><G135/><T58/><D46/><U79/><E29/><RYUUKYOKU ba="0,0" sc="379,15,340,-15,250,15,31,-15" hai0="16,17,19,37,38,51,55,58,83,88,96,101,105" hai2="9,12,18,57,59,72,74,75,90,91" /><INIT seed="4,1,0,4,2,69" ten="394,325,265,16" oya="0" hai0="131,96,7,0,88,29,23,22,41,80,78,49,37" hai1="85,52,18,81,126,43,125,115,90,135,60,19,73" hai2="62,114,86,119,32,70,111,61,45,28,64,108,72" hai3="91,57,50,56,68,116,93,97,10,82,134,6,47"/><T77/><D131/><U31/><E135/><V94/><F72/><W26/><G134/><T128/><D0/><U112/><E31/><V66/><F114/><N who="1" m="43561" /><E73/><V38/><F86/><W122/><G68/><T30/><D7/><U99/><E99/><V117/><F94/><W59/><G116/><N who="2" m="44617" /><F28/><W101/><G122/><T20/><D37/><U48/><E43/><N who="2" m="22775" /><F32/><W58/><N who="3" m="14336" /><DORA hai="84" /><W105/><G26/><T124/><D124/><N who="1" m="47723" /><E60/><N who="2" m="23147" /><F70/><W83/><G105/><T67/><D96/><U79/><E79/><V65/><AGARI ba="1,0" hai="64,65,66,108,111" m="23147,22775,44617" machi="65" ten="40,8000,1" yaku="12,1,34,2,52,1" doraHai="69,84" who="2" fromWho="2" sc="394,-41,325,-21,265,83,16,-21" owari="353,46.0,304,-10.0,348,15.0,-5,-51.0" /></mjloggm>