<mjloggm ver="2.3"><GO type="169" lobby="0"/><UN n0="%E4%B8%8A%E6%AE%B5%E9%9D%92%E3%83%86%E3%83%B3" n1="%E3%83%88%E3%83%88%E3%83%AA%E5%85%88%E7%94%9F%31%39%E6%AD%B3" n2="%E3%82%83%E3%82%87%E3%81%83" n3="%74%65%40%72%73" dan="18,18,17,16" rate="2144.45,2265.52,2158.13,2111.02" sx="M,F,M,M"/><TAIKYOKU oya="0"/><INIT seed="0,0,0,4,0,132" ten="250,250,250,250" oya="0" hai0="93,107,118,27,68,73,51,49,63,88,39,130,111" hai1="25,81,32,55,60,53,105,133,38,45,108,110,123" hai2="96,74,134,103,26,56,127,124,61,19,85,75,95" hai3="1,125,12,129,104,0,37,90,114,84,79,6,86"/><T62/><D118/><U18/><E123/><V102/><F102/><W72/><G104/><T120/><D120/><U91/><E105/><V82/><F134/><W112/><G90/><T40/><D107/><U11/><E133/><V67/><F19/><W70/><G12/><T77/><D39/><U14/><E60/><V7/><F7/><W4/><G37/><T64/><D130/><U131/><E131/><V9/><F9/><W44/><G44/><T101/><D101/><U106/><E106/><V22/><F75/><W31/><G31/><T128/><D128/><U115/><E115/><V50/><F74/><W122/><G72/><T92/><D92/><U69/><E69/><V21/><F50/><W20/><G20/><T99/><D111/><U54/><E32/><V87/><F87/><W76/><G129/><T17/><D40/><U34/><E34/><V24/><F22/><W33/><G33/><T35/><D62/><U58/><E25/><V43/><F43/><W71/><G122/><T97/><D97/><U80/><E58/><V135/><F135/><W100/><G100/><T78/><D17/><U15/><E38/><V113/><F113/><W30/><G30/><N who="0" m="19935" /><D73/><U8/><E45/><V46/><F46/><W48/><G48/><T2/><D2/><U98/><E108/><V36/><F36/><W66/><G66/><T121/><D121/><U3/><E3/><V29/><F26/><W117/><G117/><T10/><D10/><U42/><E110/><V119/><F119/><W126/><AGARI ba="0,0" hai="0,1,4,6,70,71,76,79,84,86,112,114,125,126" machi="126" ten="25,8000,1" yaku="0,1,22,2,52,2" doraHai="132" who="3" fromWho="3" sc="250,-40,250,-20,250,-20,250,80" /><INIT seed="1,0,0,3,1,57" ten="210,230,230,330" oya="1" hai0="60,120,73,12,124,69,61,50,46,71,94,65,58" hai1="134,105,87,33,15,3,112,24,96,56,99,108,13" hai2="45,68,82,110,43,103,35,67,130,8,53,89,22" hai3="72,117,118,119,5,92,127,88,62,11,55,49,32"/><U126/><E3/><V9/><F35/><W66/><G32/><T28/><D73/><U40/><E112/><V16/><F110/><W77/><G127/><T70/><D28/><N who="1" m="19591" /><E87/><V80/><F130/><W101/><G101/><T7/><D124/><U76/><E76/><V115/><F103/><W84/><G77/><T132/><D94/><U51/><E105/><V114/><F53/><W14/><G72/><T129/><D129/><U95/><E99/><V91/><F82/><W34/><G34/><T30/><D30/><U6/><E6/><V97/><F91/><W19/><G55/><N who="0" m="33887" /><D12/><N who="1" m="4683" /><E56/><V104/><F68/><N who="0" m="26218" /><D7/><U21/><E21/><V27/><F67/><W59/><G49/><T54/><D120/><U81/><E81/><V37/><F104/><W25/><G25/><T86/><D86/><U109/><E126/><V79/><F97/><W41/><G41/><T38/><D132/><U64/><E64/><V0/><F89/><W63/><G63/><T131/><D131/><U98/><E134/><V29/><F29/><W1/><G5/><T122/><D122/><U36/><E51/><V111/><F0/><AGARI ba="0,0" hai="0,1,11,14,19,59,62,66,84,88,92,117,118,119" machi="0" ten="40,5200,0" yaku="12,1,52,1,54,1" doraHai="57" who="3" fromWho="2" sc="210,0,230,0,230,-52,330,52" /><INIT seed="2,0,0,0,1,92" ten="210,230,178,382" oya="2" hai0="16,95,50,99,21,97,134,27,135,60,73,102,18" hai1="5,39,61,3,53,103,29,19,15,26,40,120,80" hai2="37,68,90,48,17,121,65,116,10,74,124,105,44" hai3="64,59,2,46,100,91,75,81,107,84,35,119,66"/><V104/><F116/><W71/><G71/><T128/><D73/><U67/><E120/><V88/><F121/><W112/><G119/><T36/><D36/><U8/><E53/><V13/><F37/><W131/><G2/><T49/><D128/><U82/><E103/><V20/><F74/><W69/><G131/><T6/><D6/><U130/><E130/><V4/><F124/><W85/><G84/><T12/><D60/><U24/><E40/><V89/><F68/><W34/><G69/><T94/><D134/><U41/><E41/><V132/><F65/><W23/><G23/><N who="0" m="11655" /><D135/><U98/><E39/><V106/><F132/><W125/><G125/><T101/><AGARI ba="0,0" hai="18,21,27,49,50,94,95,97,99,101,102" m="11655" machi="101" ten="30,7900,0" yaku="8,1,52,2,54,1" doraHai="92" who="0" fromWho="0" sc="210,79,230,-20,178,-39,382,-20" /><INIT seed="3,0,0,5,0,13" ten="289,210,139,362" oya="3" hai0="127,11,28,107,85,44,50,39,89,67,55,84,97" hai1="15,126,4,95,82,53,36,25,77,35,122,49,131" hai2="119,72,61,81,3,92,48,56,63,6,88,104,134" hai3="76,32,74,18,70,52,58,29,51,23,111,114,98"/><W120/><G120/><T135/><D127/><U33/><E122/><V16/><F119/><W105/><G114/><T123/><D135/><U1/><E1/><V60/><F104/><W93/><G70/><T118/><D118/><U121/><E121/><V73/><F134/><W75/><G105/><T128/><D128/><U125/><E36/><V14/><F6/><W124/><G124/><N who="1" m="47722" /><E95/><V41/><F3/><W8/><G111/><T17/><D28/><U115/><E115/><V9/><F81/><W112/><G112/><T96/><D84/><U133/><E25/><V24/><F24/><W99/><G99/><T38/><D67/><U80/><E80/><V59/><F41/><W71/><G71/><T79/><D79/><U30/><E30/><V116/><F116/><W117/><G76/><T130/><D130/><U10/><E131/><V83/><F48/><W86/><G117/><T0/><D0/><U91/><E91/><V62/><F83/><W68/><G68/><T31/><D31/><U26/><E26/><V42/><F42/><W54/><G86/><T21/><D123/><U69/><E69/><V101/><F101/><W113/><G113/><T103/><D96/><U110/><E110/><V7/><F7/><W43/><G98/><T57/><D97/><U37/><E37/><V27/><F27/><N who="3" m="18495" /><G93/><T108/><D108/><U45/><E133/><V20/><N who="2" m="15360" /><DORA hai="90" /><V102/><F102/><W109/><G109/><T47/><D107/><U46/><E46/><V12/><F72/><AGARI ba="0,0" hai="4,10,15,33,35,45,49,53,72,77,82" m="47722" machi="72" ten="30,1000,0" yaku="18,1" doraHai="13,90" who="1" fromWho="2" sc="289,0,210,10,139,-10,362,0" /><INIT seed="4,0,0,0,3,36" ten="289,220,129,362" oya="0" hai0="107,96,97,67,65,80,18,134,43,1,63,13,92" hai1="29,60,102,61,132,129,84,19,88,53,54,58,127" hai2="100,81,12,46,4,117,39,24,76,73,57,2,16" hai3="11,115,70,25,9,122,41,128,86,118,27,23,6"/><T78/><D1/><U28/><E129/><V87/><F100/><W83/><G128/><T110/><D134/><U48/><E132/><V50/><F117/><W55/><G70/><T42/><D107/><U94/><E127/><V98/><F24/><W33/><G118/><T7/><D7/><U121/><E121/><V35/><F35/><W114/><G122/><T10/><D110/><U113/><E113/><N who="3" m="43018" /><G33/><T34/><D34/><U30/><E102/><V47/><F98/><N who="0" m="37994" /><D92/><U125/><E125/><V40/><F57/><W64/><G64/><N who="0" m="24651" /><D63/><U105/><E105/><V131/><F131/><W44/><G55/><T116/><D116/><U111/><E111/><V133/><F133/><W124/><G124/><T56/><D56/><U108/><E108/><V17/><F87/><AGARI ba="0,0" hai="10,13,18,42,43,78,80,87" m="24651,37994" machi="87" ten="30,5800,0" yaku="8,1,52,2" doraHai="36" who="0" fromWho="2" sc="289,58,220,0,129,-58,362,0" /><INIT seed="4,1,0,4,5,56" ten="347,220,71,362" oya="0" hai0="54,11,74,131,120,18,87,14,40,77,86,69,63" hai1="112,80,43,25,53,75,37,21,50,36,101,65,76" hai2="92,49,95,124,48,66,116,45,85,22,19,33,84" hai3="38,135,122,28,130,90,133,64,89,51,44,71,97"/><T82/><D120/><U35/><E35/><V15/><F33/><W16/><G28/><T103/><D131/><U8/><E112/><V88/><F124/><W127/><G127/><T0/><D40/><U73/><E73/><V6/><F116/><W110/><G130/><T81/><D0/><U121/><E121/><V62/><F6/><W126/><G126/><T59/><D103/><U52/><E101/><V4/><F4/><W67/><G110/><T129/><D129/><U114/><E114/><V7/><F7/><W111/><G38/><T117/><D117/><U107/><E107/><V105/><F105/><W39/><G39/><T72/><REACH who="0" step="1"/><D69/><REACH who="0" ten="337,220,71,362" step="2"/><U29/><E43/><V98/><F45/><W78/><G71/><T128/><D128/><U60/><E37/><V58/><REACH who="2" step="1"/><F85/><REACH who="2" ten="337,220,61,362" step="2"/><W115/><G122/><T108/><D108/><U3/><E3/><V119/><F119/><W24/><G111/><T100/><D100/><AGARI ba="1,2" hai="15,19,22,48,49,58,62,66,84,88,92,95,98,100" machi="100" ten="30,8000,1" yaku="1,1,7,1,8,1,52,1,54,1,53,0" doraHai="56" doraHaiUra="20" who="2" fromWho="0" sc="337,-83,220,0,61,103,362,0" /><INIT seed="5,0,0,4,4,51" ten="254,220,164,362" oya="1" hai0="116,61,109,4,54,66,88,52,98,107,132,77,38" hai1="121,125,57,105,31,78,28,120,129,23,36,35,110" hai2="24,117,90,114,26,18,63,50,103,6,55,11,100" hai3="75,124,127,96,126,21,130,41,19,64,69,122,115"/><U81/><E105/><V89/><F117/><W30/><G122/><T45/><D109/><U29/><E36/><V33/><F63/><N who="3" m="40095" /><G115/><T119/><D77/><U0/><E35/><V39/><F39/><W133/><G133/><T5/><D132/><U134/><E134/><V104/><F104/><W46/><G75/><T91/><D107/><U7/><E110/><V92/><F90/><W83/><G83/><T10/><D98/><U2/><E129/><V94/><F94/><W102/><G30/><T131/><D131/><U135/><E125/><V106/><F106/><W14/><G130/><T76/><D76/><U111/><E111/><V113/><F33/><W12/><G96/><T48/><D38/><U67/><E135/><V20/><F26/><N who="3" m="14655" /><G102/><T85/><D91/><U34/><E34/><V3/><F89/><W70/><G70/><T99/><D99/><U93/><E93/><V37/><F37/><AGARI ba="0,0" hai="12,14,37,41,46,124,126,127" m="14655,40095" machi="37" ten="30,1000,0" yaku="18,1" doraHai="51" who="3" fromWho="2" sc="254,0,220,0,164,-10,362,10" /><INIT seed="6,0,0,3,3,93" ten="254,220,154,372" oya="2" hai0="10,76,125,64,74,92,0,120,80,110,7,97,133" hai1="33,27,128,122,108,49,111,134,69,87,78,23,113" hai2="109,19,46,72,130,60,126,71,103,100,70,31,37" hai3="121,55,4,84,94,65,123,34,75,90,119,6,96"/><V82/><F31/><W2/><G75/><T68/><D110/><U18/><E69/><V101/><F126/><W99/><G34/><T44/><D120/><U86/><E122/><V95/><F130/><W61/><G119/><T106/><D133/><U58/><E134/><V107/><F107/><W24/><G24/><T102/><D125/><U39/><E39/><V51/><F37/><W59/><G2/><T16/><D44/><U28/><E128/><V22/><F109/><W77/><G77/><T35/><D16/><U8/><E113/><V66/><F82/><W47/><G123/><T30/><D92/><U14/><E78/><V104/><F104/><W9/><G9/><T25/><D64/><U117/><E117/><V73/><F71/><AGARI ba="0,0" hai="0,7,10,25,30,35,68,71,74,76,80,97,102,106" machi="71" ten="40,8000,1" yaku="33,3,52,1" doraHai="93" who="0" fromWho="2" sc="254,80,220,0,154,-80,372,0" /><INIT seed="7,0,0,4,5,126" ten="334,220,74,372" oya="3" hai0="77,3,88,124,108,27,67,41,64,34,31,39,59" hai1="33,55,56,103,112,71,43,1,58,91,60,17,116" hai2="94,101,4,81,49,120,35,73,74,10,107,54,9" hai3="80,26,96,92,97,12,66,40,19,134,48,15,87"/><W132/><G66/><T29/><D108/><U131/><E33/><V122/><F9/><W95/><G26/><T14/><D3/><U99/><E1/><V98/><F73/><W62/><G62/><T5/><D77/><U20/><E112/><V65/><F65/><W44/><G92/><T79/><D79/><U11/><E11/><V28/><F49/><W121/><G121/><T30/><D124/><U24/><E116/><V89/><F54/><W53/><G40/><T23/><D39/><U118/><E118/><V135/><F135/><N who="3" m="51755" /><G19/><T25/><D41/><U36/><E71/><V50/><F50/><W16/><G15/><T127/><D127/><U70/><E70/><V113/><F113/><W8/><G95/><T72/><D72/><U114/><E114/><V119/><F119/><W117/><G117/><T76/><D30/><U0/><E0/><V133/><F133/><W102/><G102/><T110/><D110/><U46/><E58/><V37/><F37/><W111/><G111/><T7/><D59/><U93/><REACH who="1" step="1"/><E103/><REACH who="1" ten="334,210,74,372" step="2"/><V69/><F69/><W78/><AGARI ba="0,1" hai="8,12,16,44,48,53,78,80,87,96,97" m="51755" machi="78" ten="30,3000,0" yaku="20,1,54,1" doraHai="126" who="3" fromWho="3" sc="334,-10,210,-10,74,-10,372,40" owari="324,12.0,200,-20.0,64,-44.0,412,52.0" /></mjloggm>