<mjloggm ver="2.3"><GO type="169" lobby="0"/><UN n0="%6D%6D%6A%61%6E%67%6B%69" n1="%E3%82%A6%E3%83%AB%E3%83%88%E3%83%A9%E7%AB%8B%E7%9B%B4" n2="%49%53%53%4F%4E%34" n3="%E7%B5%90%E5%9F%8E%E6%98%8E%E6%97%A5%E5%A5%88" dan="16,18,17,16" rate="2124.94,2213.03,2137.12,2019.65" sx="M,M,M,F"/><TAIKYOKU oya="0"/><INIT seed="0,0,0,0,4,80" ten="250,250,250,250" oya="0" hai0="48,115,8,38,47,118,12,117,58,94,1,26,132" hai1="83,122,92,75,6,71,49,81,116,21,37,20,108" hai2="100,68,36,70,127,119,65,99,128,98,96,73,112" hai3="101,50,5,133,63,105,72,43,18,15,46,85,39"/><T25/><D115/><U88/><E37/><V22/><F112/><W30/><G72/><T64/><D132/><U86/><E71/><V0/><F36/><W104/><G133/><T77/><D1/><U13/><E116/><V51/><F51/><W10/><G30/><T124/><D124/><U34/><E34/><V45/><F22/><N who="1" m="8809" /><E75/><V3/><F73/><W106/><G63/><N who="0" m="38007" /><D38/><U62/><E122/><V29/><F65/><W19/><G101/><T114/><D114/><U84/><E62/><V69/><F100/><W107/><N who="3" m="26624" /><DORA hai="97" /><W91/><REACH who="3" step="1"/><G39/><REACH who="3" ten="250,250,250,240" step="2"/><T53/><D118/><U109/><E49/><V78/><F119/><W59/><G59/><T42/><D117/><U131/><E131/><V134/><F128/><W33/><G33/><T2/><D48/><U54/><E109/><V125/><F134/><W52/><G52/><T44/><D53/><U66/><E54/><V14/><F29/><W82/><AGARI ba="0,1" hai="5,10,15,18,19,43,46,50,82,85,91" m="26624" machi="82" ten="60,8000,1" yaku="1,1,0,1,52,1,53,1" doraHai="80,97" doraHaiUra="57,76" who="3" fromWho="3" sc="250,-40,250,-20,250,-20,240,90" /><INIT seed="1,0,0,5,1,95" ten="210,230,230,330" oya="1" hai0="73,39,63,10,13,30,17,69,80,107,57,120,12" hai1="116,15,122,18,14,92,46,98,42,65,91,56,36" hai2="27,23,113,59,128,127,129,78,6,35,58,19,118" hai3="40,28,100,105,131,99,85,124,34,67,26,121,2"/><U50/><E116/><V64/><F118/><W41/><G121/><T38/><D69/><U25/><E122/><V84/><F127/><W125/><G2/><T97/><D30/><U89/><E25/><V60/><F113/><W123/><G123/><T53/><D120/><U5/><E5/><V44/><F6/><W9/><G131/><N who="2" m="50249" /><F44/><W43/><G9/><T101/><REACH who="0" step="1"/><D13/><REACH who="0" ten="200,230,230,330" step="2"/><U135/><E135/><V110/><F110/><W47/><G124/><T31/><D31/><U134/><E134/><V81/><F35/><W104/><G125/><T79/><AGARI ba="0,1" hai="10,12,17,38,39,53,57,63,73,79,80,97,101,107" machi="79" ten="30,4000,0" yaku="1,1,0,1,52,1,53,0" doraHai="95" doraHaiUra="87" who="0" fromWho="0" sc="200,50,230,-20,230,-10,330,-10" /><INIT seed="2,0,0,0,1,71" ten="250,210,220,320" oya="2" hai0="70,1,115,29,56,79,27,35,112,119,4,132,87" hai1="23,62,48,78,85,83,42,111,118,124,100,63,25" hai2="104,9,36,53,107,12,52,57,20,68,133,5,0" hai3="127,15,129,121,98,6,77,31,134,105,19,74,113"/><V11/><F68/><W14/><G121/><T32/><D70/><U28/><E118/><V84/><F133/><W117/><G117/><T2/><D56/><U47/><E111/><V34/><F34/><W51/><G134/><T50/><D50/><U88/><E124/><V3/><F20/><W80/><G127/><T49/><D49/><U120/><E120/><V76/><F36/><W16/><G129/><T26/><D87/><U114/><E114/><V75/><F75/><W7/><G31/><T126/><D79/><U81/><REACH who="1" step="1"/><E100/><REACH who="1" ten="250,200,220,320" step="2"/><V38/><F38/><W82/><G113/><T101/><D101/><U130/><E130/><V102/><F102/><W45/><G45/><T58/><D119/><U66/><E66/><V95/><F107/><W73/><G105/><T64/><D126/><U8/><E8/><V106/><F104/><W89/><G73/><AGARI ba="0,1" hai="23,25,28,42,47,48,62,63,73,78,81,83,85,88" machi="73" ten="30,7700,0" yaku="1,1,7,1,54,1,53,1" doraHai="71" doraHaiUra="21" who="1" fromWho="3" sc="250,0,200,87,220,0,320,-77" /><INIT seed="3,0,0,3,5,41" ten="250,287,220,243" oya="3" hai0="108,51,38,21,118,121,27,125,33,71,40,25,99" hai1="0,32,37,113,30,135,111,45,46,19,114,54,56" hai2="100,59,84,34,98,26,52,67,128,63,47,7,64" hai3="60,10,2,13,127,92,1,119,17,4,6,122,123"/><W110/><G92/><T82/><D71/><U5/><E37/><V79/><F128/><W9/><G60/><T88/><D118/><U39/><E39/><V24/><F7/><W134/><G119/><T109/><D121/><N who="3" m="46089" /><G134/><T70/><D70/><U74/><E74/><V55/><F34/><W22/><G127/><T29/><D38/><U89/><E32/><V35/><F35/><W53/><G53/><T15/><D15/><U86/><E0/><V57/><F84/><W72/><G72/><T50/><D50/><U58/><E5/><V42/><F79/><W130/><G110/><T78/><D78/><U105/><E105/><V91/><F91/><W94/><G94/><T3/><D3/><U28/><E111/><V83/><F83/><W76/><G76/><T75/><D75/><U87/><E54/><V85/><F85/><W132/><G132/><T48/><D125/><U62/><E135/><V61/><F42/><W49/><G49/><T12/><D51/><U101/><E89/><V14/><F14/><N who="3" m="5431" /><G130/><T107/><D108/><U11/><E101/><V16/><F16/><W81/><G81/><T68/><D82/><U44/><E19/><V69/><F69/><W93/><G93/><N who="0" m="56743" /><D107/><U73/><E73/><V120/><F120/><W43/><G43/><T129/><D68/><U80/><E80/><V112/><F100/><W133/><G133/><T90/><D90/><U66/><E86/><V23/><F98/><W103/><G103/><T131/><D109/><U117/><E87/><V97/><F97/><W8/><G2/><T116/><D131/><U102/><E117/><RYUUKYOKU ba="0,0" sc="250,-10,287,-10,220,-10,243,30" hai3="1,4,8,10,13,17,22" /><INIT seed="3,1,0,5,2,45" ten="240,277,210,273" oya="3" hai0="124,17,11,88,99,3,69,127,29,58,21,43,68" hai1="32,117,63,47,13,95,73,81,55,111,50,101,33" hai2="108,65,20,1,35,34,42,125,107,6,72,51,52" hai3="92,24,90,44,77,98,25,102,116,36,118,60,16"/><W100/><G77/><T80/><D29/><U62/><E111/><V87/><F108/><W64/><G102/><T38/><D3/><U133/><E133/><V41/><F107/><W120/><G120/><T110/><D11/><U94/><E117/><V104/><F104/><W105/><G36/><T22/><D22/><U9/><E33/><V14/><F72/><W54/><G54/><T96/><D43/><U132/><E32/><V12/><F65/><W30/><G44/><T46/><D46/><U121/><E121/><V59/><F1/><W85/><G25/><T0/><D0/><U103/><E132/><V123/><F123/><W134/><G134/><T26/><D38/><U130/><E130/><V49/><F87/><W135/><G135/><T106/><D106/><U109/><E109/><V112/><F112/><W82/><G82/><T78/><D110/><U61/><E81/><V75/><F75/><W119/><G119/><T97/><D78/><U115/><E115/><V8/><F125/><N who="0" m="48202" /><D58/><U113/><E113/><V79/><F79/><W31/><G31/><T39/><D39/><U126/><E126/><V76/><F76/><W66/><G30/><T56/><D56/><U93/><REACH who="1" step="1"/><E73/><REACH who="1" ten="240,267,210,273" step="2"/><V19/><F35/><W129/><G116/><T57/><D80/><U131/><E131/><V37/><F34/><W86/><G129/><T91/><D57/><U67/><E67/><V28/><F37/><W114/><G118/><T89/><AGARI ba="1,1" hai="17,21,26,68,69,88,89,91,96,97,99" m="48202" machi="89" ten="40,2700,0" yaku="18,1,54,1" doraHai="45" who="0" fromWho="0" sc="240,40,267,-8,210,-8,273,-14" /><INIT seed="4,0,0,0,5,112" ten="280,259,202,259" oya="0" hai0="66,125,26,133,130,89,97,12,63,59,53,117,19" hai1="55,128,123,36,31,30,77,1,25,95,98,33,44" hai2="92,8,105,124,82,69,41,132,107,81,50,86,120" hai3="35,15,110,74,46,16,11,115,116,100,79,43,39"/><T109/><D130/><U37/><E123/><V42/><F69/><W7/><G116/><T113/><D113/><U68/><E1/><V106/><F120/><W62/><G110/><T4/><D125/><U5/><E128/><V20/><F124/><W51/><G115/><T90/><D133/><U65/><E5/><V9/><F20/><W22/><G35/><T14/><D117/><U61/><E31/><V29/><F50/><W122/><G122/><T13/><D4/><U60/><E77/><V75/><F92/><W40/><G62/><T101/><D53/><U121/><E121/><V3/><F86/><W84/><G100/><T88/><D26/><U67/><E55/><V114/><F114/><W47/><G74/><T119/><D119/><U134/><E44/><V23/><F23/><W127/><G127/><T48/><D48/><U87/><E87/><V34/><F29/><W64/><G64/><T111/><REACH who="0" step="1"/><D19/><REACH who="0" ten="270,259,202,259" step="2"/><U49/><E49/><V85/><F132/><W94/><G7/><T80/><D80/><U6/><E6/><V118/><F81/><W56/><G51/><T2/><D2/><U17/><E17/><V70/><F82/><W54/><G54/><T72/><D72/><U93/><E134/><V102/><F3/><W129/><G129/><T83/><D83/><U91/><REACH who="1" step="1"/><E95/><AGARI ba="0,1" hai="12,13,14,59,63,66,88,89,90,95,97,101,109,111" machi="95" ten="40,7700,0" yaku="1,1,54,1,53,1" doraHai="112" doraHaiUra="96" who="0" fromWho="1" sc="270,87,259,-77,202,0,259,0" /><INIT seed="4,1,0,4,5,37" ten="357,182,202,259" oya="0" hai0="87,113,47,81,39,29,98,54,41,88,123,128,11" hai1="24,30,56,111,42,108,109,91,118,106,25,122,100" hai2="121,61,83,114,14,62,99,36,116,28,8,2,18" hai3="12,46,75,70,63,57,23,105,3,130,55,92,9"/><T127/><D113/><U66/><E122/><V10/><F121/><W32/><G105/><T107/><D123/><U58/><E118/><V4/><F116/><W44/><G32/><T16/><D128/><U35/><E100/><V60/><F114/><W68/><G75/><T76/><D29/><U17/><E106/><V82/><F28/><W125/><G130/><T72/><D54/><U79/><E79/><V15/><F36/><W65/><G125/><T22/><D11/><U34/><E66/><V38/><F38/><W48/><G44/><T74/><D127/><U53/><E91/><V33/><F33/><W94/><G3/><T64/><D64/><U73/><E73/><V31/><F31/><W134/><G134/><T45/><D45/><U43/><E35/><V78/><F99/><W13/><G68/><T52/><D52/><U86/><E86/><V96/><F96/><W90/><G70/><T6/><D6/><U124/><E124/><V85/><REACH who="2" step="1"/><F82/><REACH who="2" ten="357,182,192,259" step="2"/><W5/><G90/><T93/><REACH who="0" step="1"/><D107/><REACH who="0" ten="347,182,192,259" step="2"/><U115/><E115/><V20/><F20/><W110/><G13/><AGARI ba="1,2" hai="13,16,22,39,41,47,72,74,76,81,87,88,93,98" machi="13" ten="30,18000,2" yaku="1,1,2,1,7,1,52,1,54,2,53,0" doraHai="37" doraHaiUra="120" who="0" fromWho="3" sc="347,203,182,0,192,0,259,-183" /><AGARI ba="1,0" hai="2,4,8,10,13,14,15,18,60,61,62,78,83,85" machi="13" ten="40,1300,0" yaku="1,1,53,0" doraHai="37" doraHaiUra="120" who="2" fromWho="3" sc="550,0,182,0,192,13,76,-13" /><INIT seed="4,2,0,0,4,2" ten="550,182,205,63" oya="0" hai0="0,30,26,23,60,35,109,100,128,88,78,108,111" hai1="116,102,104,94,6,61,70,17,41,49,85,58,96" hai2="18,15,44,8,62,92,14,69,51,105,98,77,3" hai3="117,25,53,87,103,90,64,112,80,66,129,54,36"/><T50/><D78/><U32/><E32/><V93/><F3/><W12/><G36/><T43/><D100/><U40/><E116/><V99/><F77/><W124/><G117/><T24/><D0/><U132/><E132/><V95/><F105/><W131/><G112/><T47/><D128/><N who="3" m="49225" /><G124/><T130/><D130/><U1/><E70/><V11/><F62/><W39/><G39/><T45/><D60/><U125/><E125/><V52/><REACH who="2" step="1"/><F69/><REACH who="2" ten="550,182,195,63" step="2"/><W56/><G103/><T82/><D109/><U79/><E61/><V114/><F114/><W22/><G12/><T126/><D126/><U65/><E104/><V48/><F48/><N who="3" m="30759" /><G54/><T67/><D111/><U101/><E101/><V46/><F46/><W75/><G75/><T37/><D108/><U38/><E102/><V20/><F20/><W55/><G55/><T9/><D23/><U21/><E21/><V71/><F71/><W74/><G74/><T118/><D118/><U19/><E38/><V4/><AGARI ba="2,1" hai="4,8,11,14,15,18,44,51,52,92,93,95,98,99" machi="4" ten="30,8000,1" yaku="1,1,0,1,8,1,52,1,54,1,53,0" doraHai="2" doraHaiUra="59" who="2" fromWho="2" sc="550,-42,182,-22,195,96,63,-22" /><INIT seed="5,0,0,3,4,12" ten="508,160,291,41" oya="1" hai0="61,51,64,39,10,83,24,66,84,0,54,27,33" hai1="20,28,106,117,108,17,35,23,25,99,114,107,55" hai2="113,98,45,57,119,116,58,30,104,82,50,125,87" hai3="52,95,31,60,76,135,120,126,85,81,112,44,9"/><U15/><E117/><V2/><F2/><W68/><G120/><T75/><D75/><U79/><E114/><V134/><F30/><W19/><G112/><T29/><D39/><U80/><E108/><V130/><F113/><W56/><G135/><T132/><D61/><U47/><E99/><V3/><F3/><W5/><G126/><T89/><D132/><U65/><E65/><V4/><F4/><W127/><G127/><T42/><D42/><U88/><E47/><V22/><F134/><W69/><G31/><T67/><D24/><U97/><E55/><V70/><F70/><W11/><G95/><T102/><D102/><U91/><E35/><V73/><F73/><W1/><REACH who="3" step="1"/><G44/><REACH who="3" ten="508,160,291,31" step="2"/><N who="0" m="28007" /><D29/><U14/><E107/><V90/><F125/><W43/><G43/><T59/><D59/><U21/><E106/><V63/><F57/><W133/><G133/><T16/><D33/><U128/><E128/><V124/><F58/><W34/><G34/><T122/><D122/><U110/><E110/><V78/><F45/><W103/><G103/><T49/><D0/><U115/><E115/><V123/><F104/><W18/><G18/><T6/><D6/><U93/><E93/><V100/><F123/><W71/><G71/><T46/><D46/><U109/><E109/><V101/><F124/><W86/><G86/><T32/><D84/><N who="1" m="48159" /><E97/><V62/><F98/><W111/><G111/><T118/><D32/><U37/><E37/><V74/><F74/><W121/><G121/><T36/><D36/><U7/><E7/><V131/><F131/><W129/><G129/><T26/><D118/><RYUUKYOKU ba="0,1" sc="508,-15,160,15,291,-15,31,15" hai1="14,15,17,20,21,23,25,28,88,91" hai3="1,5,9,11,19,52,56,60,68,69,76,81,85" /><INIT seed="5,1,1,5,2,110" ten="493,175,276,46" oya="1" hai0="113,58,47,128,86,60,135,107,71,30,100,75,21" hai1="41,39,93,76,97,11,57,69,91,79,119,61,20" hai2="67,116,4,32,1,8,40,35,23,70,72,92,9" hai3="27,95,28,84,49,118,24,83,82,124,31,34,19"/><U26/><E119/><V90/><F116/><W12/><G124/><T53/><D75/><U63/><E39/><V133/><F72/><W16/><G118/><T66/><D113/><U52/><E41/><V0/><F40/><W36/><G36/><T108/><D108/><U7/><E63/><V121/><F121/><W2/><G2/><T6/><D6/><U64/><E64/><V45/><F45/><W98/><G49/><T74/><D74/><U99/><E99/><V59/><F59/><W43/><G43/><T55/><D107/><U33/><E33/><V130/><F23/><W87/><G34/><T73/><D73/><U78/><E69/><V65/><F65/><W10/><G98/><T3/><D100/><U126/><E126/><V112/><F67/><W127/><G127/><T50/><D71/><U56/><E56/><V101/><F70/><W117/><G117/><T102/><D102/><U94/><E94/><V29/><F101/><W42/><G42/><T37/><D66/><U122/><E122/><V109/><F92/><W48/><G95/><T125/><D58/><U15/><E78/><V51/><F32/><W88/><G10/><T38/><D60/><U14/><E14/><V62/><F8/><W134/><G134/><T80/><D135/><U68/><E68/><V106/><F9/><W105/><G105/><T17/><D37/><U81/><E81/><V129/><F106/><W111/><G111/><T5/><D38/><U115/><E115/><V96/><F112/><W13/><G48/><T131/><D125/><U132/><E132/><V114/><F133/><RYUUKYOKU ba="1,1" sc="493,-15,175,15,276,-15,46,15" hai1="7,11,15,20,26,52,57,61,76,79,91,93,97" hai3="12,13,16,19,24,27,28,31,82,83,84,87,88" /><INIT seed="5,2,1,5,0,115" ten="478,190,261,61" oya="1" hai0="110,31,32,86,117,120,15,107,5,96,124,28,72" hai1="44,127,41,97,7,76,65,11,104,91,82,80,39" hai2="92,78,135,51,122,121,56,75,52,34,112,33,67" hai3="108,93,37,95,100,73,123,128,30,1,38,22,61"/><U129/><E129/><V99/><F112/><W79/><G108/><T9/><D110/><U69/><E127/><V55/><F67/><W25/><G123/><T45/><D72/><U71/><E65/><V131/><F131/><W62/><G128/><T19/><D117/><U42/><E42/><V125/><F125/><W10/><G79/><T118/><D118/><U27/><E27/><V29/><F135/><W134/><G73/><T4/><D32/><U63/><E63/><V53/><F53/><W6/><G134/><T20/><D45/><U14/><E82/><V35/><F29/><W74/><G74/><T50/><D50/><U105/><E91/><V24/><F24/><W132/><G132/><T57/><D28/><U109/><E109/><V85/><F85/><W18/><G18/><T60/><D86/><U126/><E126/><V102/><REACH who="2" step="1"/><F55/><REACH who="2" ten="478,190,251,61" step="2"/><W12/><G1/><T26/><D124/><U3/><E14/><V68/><F68/><N who="1" m="26185" /><E97/><V133/><F133/><W58/><G62/><T46/><D96/><U0/><E0/><V116/><F116/><W13/><G13/><T106/><D15/><U103/><E103/><V114/><F114/><W84/><G84/><T36/><D26/><U48/><E48/><V49/><F49/><W66/><REACH who="3" step="1"/><G95/><REACH who="3" ten="478,190,251,51" step="2"/><T16/><D60/><U130/><E130/><V21/><F21/><W81/><G81/><AGARI ba="2,3" hai="33,34,35,51,52,56,75,78,81,92,99,102,121,122" machi="81" ten="40,2600,0" yaku="1,1,54,1,53,0" doraHai="115" doraHaiUra="70" who="2" fromWho="3" sc="478,0,190,0,251,62,51,-32" /><INIT seed="6,0,0,1,5,67" ten="478,190,313,19" oya="2" hai0="112,123,25,118,2,70,84,131,3,31,121,113,119" hai1="42,63,77,73,72,32,39,56,1,129,92,20,41" hai2="114,19,22,101,34,87,108,110,15,4,115,21,86" hai3="59,16,75,64,130,50,94,28,9,37,45,98,6"/><V83/><F34/><W71/><G75/><T125/><D125/><U80/><E32/><V14/><F101/><W40/><G130/><T78/><D78/><U99/><E1/><N who="0" m="9" /><D84/><N who="2" m="32298" /><F83/><W88/><G28/><T7/><D7/><U11/><E73/><V74/><F74/><W109/><G109/><N who="2" m="42089" /><F4/><W69/><G6/><T26/><D70/><U97/><E92/><V106/><F106/><W36/><G36/><T12/><D12/><N who="2" m="4650" /><F19/><W122/><G122/><N who="0" m="46603" /><D131/><U68/><E80/><V117/><F117/><N who="0" m="44554" /><D31/><U134/><E72/><V107/><F107/><W65/><G16/><T17/><D17/><U18/><E18/><V58/><F58/><W103/><G9/><T38/><D38/><U24/><E11/><V102/><F102/><W89/><G65/><T0/><D0/><U135/><E39/><V54/><F54/><W127/><G127/><T47/><D47/><U13/><E129/><V91/><F91/><W8/><G8/><T51/><D51/><U53/><E53/><V61/><F61/><W66/><G66/><T95/><D95/><U96/><E63/><V116/><F116/><W124/><G124/><T33/><D33/><U132/><E13/><V81/><F81/><W93/><G37/><T30/><D30/><U90/><E90/><V126/><F126/><W105/><G105/><T46/><D46/><U29/><E56/><V57/><F57/><W44/><G44/><T133/><D26/><U111/><E111/><V82/><F82/><W60/><REACH who="3" step="1"/><G103/><REACH who="3" ten="478,190,313,9" step="2"/><T85/><D85/><AGARI ba="0,1" hai="40,45,50,59,60,64,69,71,85,88,89,93,94,98" machi="85" ten="30,12000,2" yaku="1,1,2,1,7,1,52,2,54,1,53,0" doraHai="67" doraHaiUra="104" who="3" fromWho="0" sc="478,-120,190,0,313,0,9,130" /><INIT seed="7,0,0,4,4,42" ten="358,190,313,139" oya="3" hai0="104,73,78,93,33,110,114,119,122,8,0,53,63" hai1="69,116,46,62,61,14,99,17,36,5,35,79,102" hai2="82,103,10,94,129,105,37,6,108,49,72,80,28" hai3="90,91,118,44,18,56,125,131,70,68,23,92,41"/><W22/><G118/><T25/><D93/><N who="1" m="58735" /><E36/><V86/><F37/><W134/><G134/><T1/><D53/><U133/><E35/><V60/><F60/><N who="1" m="23145" /><E69/><V48/><F72/><W2/><G2/><T74/><D78/><U11/><E133/><V54/><F54/><W20/><G125/><T7/><D63/><U30/><E116/><V89/><F129/><W115/><G56/><T81/><D104/><U65/><E65/><V132/><F132/><W76/><G115/><T71/><D71/><U106/><E106/><V21/><F108/><W12/><G131/><T45/><D73/><U57/><E57/><V126/><F126/><W77/><G70/><T38/><D110/><U121/><E121/><V52/><F52/><W117/><G68/><T111/><D111/><U88/><E46/><V128/><F128/><W34/><G34/><T127/><D0/><U85/><E30/><V64/><F64/><W9/><G117/><T83/><D127/><U101/><E101/><V19/><F28/><W27/><G27/><T39/><D25/><U55/><E55/><V47/><F105/><W98/><REACH who="3" step="1"/><G91/><REACH who="3" ten="358,190,313,129" step="2"/><T15/><D1/><U50/><E88/><V97/><F89/><W43/><G43/><T84/><D114/><U16/><E50/><AGARI ba="0,1" hai="9,12,18,20,22,23,41,44,50,76,77,90,92,98" machi="50" ten="40,7700,0" yaku="1,1,8,1,52,1,53,0" doraHai="42" doraHaiUra="113" who="3" fromWho="1" sc="358,0,190,-77,313,0,129,87" /><INIT seed="7,1,0,5,5,63" ten="358,113,313,216" oya="3" hai0="81,102,57,73,121,45,86,126,5,114,26,34,47" hai1="0,69,28,113,60,32,20,106,62,85,40,41,33" hai2="111,94,120,131,104,110,70,50,118,59,132,93,88" hai3="17,107,100,14,116,95,119,11,19,99,82,68,8"/><W18/><G68/><T108/><D108/><U7/><E106/><V109/><F70/><W29/><G29/><T44/><D121/><U128/><E69/><V115/><F120/><W23/><G107/><T53/><D73/><U76/><E113/><V61/><F104/><W12/><REACH who="3" step="1"/><G82/><REACH who="3" ten="358,113,313,206" step="2"/><T103/><D114/><U71/><E28/><V6/><F115/><W25/><AGARI ba="1,1" hai="8,11,12,14,17,18,19,23,25,95,99,100,116,119" machi="25" ten="20,18000,2" yaku="1,1,2,1,0,1,7,1,9,1,53,1" doraHai="63" doraHaiUra="89" who="3" fromWho="3" sc="358,-61,113,-61,313,-61,206,193" owari="297,10.0,52,-45.0,252,-15.0,399,50.0" /></mjloggm>