<mjloggm ver="2.3"><GO type="169" lobby="0"/><UN n0="%E3%83%88%E3%83%88%E3%83%AA%E5%85%88%E7%94%9F%31%39%E6%AD%B3" n1="%E3%81%94%E3%82%8A%E3%81%94%E3%82%8A%E3%81%94%E3%82%8A%E3%82%89" n2="%E8%B6%85%E3%82%A4%E3%83%B3%E3%82%BF%E3%83%BC%E3%83%8D%E3%83%83%E3%83%88" n3="%43" dan="18,16,17,16" rate="2285.55,2110.04,2177.17,2017.59" sx="F,M,M,M"/><TAIKYOKU oya="0"/><INIT seed="0,0,0,2,4,59" ten="250,250,250,250" oya="0" hai0="37,15,132,123,135,74,36,134,98,25,48,5,34" hai1="20,103,23,105,43,100,87,128,104,49,130,12,70" hai2="38,93,66,0,69,71,35,40,75,39,81,62,111" hai3="126,6,8,47,133,58,60,32,28,121,131,80,108"/><T122/><D74/><U50/><E70/><V46/><F93/><W54/><G126/><T44/><D98/><U41/><E87/><V56/><F111/><W29/><G108/><T31/><D5/><U112/><REACH who="1" step="1"/><E12/><REACH who="1" ten="250,240,250,250" step="2"/><V117/><F69/><W125/><G125/><T83/><D15/><U118/><E118/><V101/><F71/><W102/><G121/><N who="0" m="46091" /><D83/><U19/><E19/><V63/><F81/><W65/><G80/><T99/><D99/><U68/><E68/><V85/><F117/><W18/><G18/><T26/><D26/><U96/><E96/><V1/><F0/><W124/><G124/><T78/><D78/><U91/><E91/><V90/><F1/><W129/><G102/><T9/><D9/><U4/><E4/><V57/><F101/><W3/><G6/><T116/><D116/><U16/><E16/><V97/><F97/><W61/><G8/><T11/><D11/><U79/><E79/><V82/><F75/><W73/><G3/><T114/><D114/><AGARI ba="0,1" hai="20,23,41,43,49,50,100,103,104,105,112,114,128,130" machi="114" ten="25,3200,0" yaku="1,1,22,2,53,0" doraHai="59" doraHaiUra="67" who="1" fromWho="0" sc="250,-32,240,42,250,0,250,0" /><INIT seed="1,0,0,0,3,40" ten="218,282,250,250" oya="1" hai0="48,43,129,38,133,106,130,118,9,22,4,87,125" hai1="32,92,127,14,11,63,58,24,29,115,18,116,82" hai2="23,60,65,35,112,124,44,55,64,104,49,39,28" hai3="83,52,99,50,61,73,135,41,101,53,51,1,6"/><U70/><E116/><V45/><F104/><W80/><G135/><T95/><D118/><U27/><E115/><V15/><F112/><W42/><G1/><T86/><D106/><U33/><E127/><V17/><F124/><W107/><G6/><T134/><D125/><U20/><E70/><V122/><F122/><W31/><G31/><T81/><D38/><U102/><E82/><V120/><F120/><W66/><G42/><T126/><D22/><U132/><E132/><N who="0" m="50793" /><D95/><U75/><E75/><V56/><F39/><W5/><G5/><T46/><D126/><U74/><E74/><V10/><F35/><W88/><G41/><T111/><D111/><U90/><E27/><N who="2" m="16511" /><F60/><W85/><G73/><T119/><D119/><U94/><E94/><V109/><F109/><W0/><G0/><N who="0" m="135" /><D81/><U36/><E36/><V62/><F62/><W117/><G117/><T34/><D34/><U7/><E102/><V8/><F8/><W84/><G83/><T67/><D67/><AGARI ba="0,0" hai="10,15,17,44,45,49,55,56,64,65,67" m="16511" machi="67" ten="30,3900,0" yaku="8,1,52,2" doraHai="40" who="2" fromWho="0" sc="218,-39,282,0,250,39,250,0" /><INIT seed="2,0,0,2,0,31" ten="179,282,289,250" oya="2" hai0="121,125,117,80,57,98,30,3,50,85,84,36,17" hai1="70,104,93,82,60,66,107,5,27,8,41,95,42" hai2="111,97,89,64,37,45,47,20,35,54,11,72,134" hai3="15,21,9,13,33,73,51,129,123,18,25,110,4"/><V55/><F72/><W91/><G73/><T62/><D121/><U86/><E104/><V114/><F114/><W135/><G123/><T1/><D36/><U0/><E107/><V46/><F37/><W14/><G110/><T40/><D125/><U52/><E27/><V115/><F115/><W38/><G38/><T68/><D68/><U26/><E26/><V128/><F35/><W44/><G129/><T61/><D117/><U122/><E122/><V112/><F112/><W78/><G135/><T96/><D30/><U79/><REACH who="1" step="1"/><E52/><REACH who="1" ten="179,272,289,250" step="2"/><V16/><F55/><W12/><G25/><T83/><D40/><AGARI ba="0,1" hai="0,5,8,40,41,42,60,66,70,79,82,86,93,95" machi="40" ten="40,2600,0" yaku="1,1,2,1,53,0" doraHai="31" doraHaiUra="10" who="1" fromWho="0" sc="179,-26,272,36,289,0,250,0" /><INIT seed="3,0,0,1,3,128" ten="153,308,289,250" oya="3" hai0="95,80,38,14,87,55,45,63,39,100,108,61,2" hai1="28,17,19,129,0,50,111,29,125,105,53,40,72" hai2="36,130,83,104,77,16,5,113,112,126,93,103,135" hai3="99,65,120,7,122,117,106,89,21,49,91,118,94"/><W47/><G7/><T13/><D2/><U15/><E105/><V67/><F36/><W44/><G65/><T33/><D33/><U22/><E72/><N who="2" m="43431" /><F16/><W115/><G115/><T73/><D108/><U1/><E129/><V110/><F67/><W96/><G106/><T121/><D121/><U90/><E111/><V76/><F5/><W56/><G94/><T32/><D32/><U82/><E125/><V25/><F25/><W6/><G6/><T124/><D124/><U74/><E40/><V4/><F4/><W119/><G119/><T64/><D73/><U62/><E62/><V11/><F11/><W75/><G75/><T123/><D123/><U84/><E74/><V114/><F110/><W109/><G109/><T51/><D39/><U102/><E102/><V132/><F130/><W37/><G37/><T9/><D38/><U60/><E60/><V98/><F126/><W8/><G8/><T54/><D54/><U59/><E0/><V57/><F57/><W131/><G131/><T85/><D63/><U20/><E1/><V88/><F76/><W69/><G56/><N who="0" m="36903" /><D80/><U86/><E86/><AGARI ba="0,0" hai="86,88,93,98,103,104,112,113,114,132,135" m="43431" machi="86" ten="30,12000,2" yaku="24,1,34,2,52,2,54,1" doraHai="128" who="2" fromWho="1" sc="153,0,308,-120,289,120,250,0" /><INIT seed="4,0,0,4,3,55" ten="153,188,409,250" oya="0" hai0="98,75,33,124,104,77,23,41,48,134,123,7,5" hai1="53,45,84,96,64,131,126,58,46,118,62,83,36" hai2="37,127,70,94,88,105,95,51,108,1,18,111,68" hai3="40,132,110,15,28,27,102,109,4,14,85,50,135"/><T78/><D123/><U129/><E118/><V122/><F37/><W130/><G102/><T79/><D33/><U116/><E116/><V44/><F105/><W89/><G130/><N who="1" m="49674" /><E96/><V114/><F1/><W43/><G109/><T107/><D75/><U39/><E84/><V90/><F122/><W92/><G110/><T20/><D134/><N who="3" m="51241" /><G4/><N who="0" m="1611" /><D124/><U63/><E83/><V119/><F119/><W8/><G8/><T82/><D104/><U57/><E126/><V19/><F127/><W112/><G112/><T86/><D107/><U99/><E99/><V54/><F114/><W120/><G120/><T17/><D98/><U16/><E16/><V52/><F51/><W12/><G50/><T32/><D32/><AGARI ba="0,0" hai="12,14,15,27,28,32,40,43,85,89,92" m="51241" machi="32" ten="30,1000,0" yaku="20,1" doraHai="55" who="3" fromWho="0" sc="153,-10,188,0,409,0,250,10" /><INIT seed="5,0,0,1,1,98" ten="143,188,409,260" oya="1" hai0="0,5,52,42,74,130,99,63,88,95,32,57,90" hai1="65,67,58,132,49,15,134,7,12,48,120,108,112" hai2="129,115,128,78,116,102,126,50,53,103,20,135,68" hai3="59,93,92,21,97,47,70,60,121,73,22,87,8"/><U44/><E120/><V39/><F39/><W72/><G121/><T54/><D32/><U64/><E108/><V133/><F68/><W69/><G69/><T109/><D109/><U118/><E112/><V35/><F35/><W86/><G70/><T79/><D130/><N who="2" m="50282" /><F116/><W117/><G117/><T14/><D0/><U125/><E118/><V66/><F66/><W113/><G73/><T46/><D74/><U111/><E111/><V37/><F37/><W96/><G72/><T31/><D31/><U29/><E29/><V83/><F20/><W10/><G59/><T110/><D79/><U100/><E100/><N who="2" m="38443" /><F115/><W76/><G22/><T91/><D54/><U119/><E119/><V2/><F2/><W85/><G21/><T71/><D71/><U9/><E67/><V11/><F11/><W127/><G8/><N who="0" m="4367" /><D110/><U56/><E9/><V30/><F30/><W61/><G10/><T82/><D82/><U41/><E65/><V25/><F25/><W124/><G113/><T123/><D123/><U51/><E64/><V131/><F131/><W3/><G3/><T43/><D46/><U107/><E15/><V104/><F104/><W84/><G47/><T24/><D24/><U94/><E12/><V16/><F16/><W27/><G27/><T89/><AGARI ba="0,0" hai="42,43,52,57,63,88,89,90,91,95,99" m="4367" machi="89" ten="30,4000,0" yaku="8,1,54,2" doraHai="98" who="0" fromWho="0" sc="143,40,188,-20,409,-10,260,-10" /><INIT seed="6,0,0,3,3,15" ten="183,168,399,250" oya="2" hai0="115,81,119,5,75,134,51,126,60,116,99,68,117" hai1="73,77,0,72,1,61,114,49,42,37,38,108,123" hai2="13,28,67,33,89,112,87,10,62,78,63,19,135" hai3="14,17,44,69,70,94,118,21,39,92,26,125,59"/><V52/><F112/><W45/><G118/><T12/><D115/><U18/><E114/><V130/><F135/><W43/><G125/><T6/><D126/><U88/><E77/><V58/><F130/><W124/><G124/><T98/><D134/><U100/><E100/><V128/><F128/><W133/><G133/><T7/><D51/><U20/><E61/><V74/><F74/><N who="1" m="28777" /><E49/><V90/><F28/><W122/><G122/><T71/><D12/><U34/><E34/><V102/><F102/><W121/><G121/><T54/><D54/><U2/><E42/><V107/><F107/><W110/><G110/><T29/><D29/><U127/><E123/><V103/><F103/><W57/><G44/><T16/><D16/><U105/><E105/><V131/><F33/><W3/><G43/><T93/><D60/><U109/><E127/><V80/><F131/><W55/><G17/><T64/><D64/><U47/><E88/><V27/><F27/><W120/><G26/><T132/><D132/><U83/><E83/><V95/><F95/><W8/><G92/><T66/><D66/><U50/><E50/><V111/><F111/><W22/><G94/><T11/><D11/><U91/><E91/><V56/><AGARI ba="0,0" hai="10,13,19,52,56,58,62,63,67,78,80,87,89,90" machi="56" ten="20,12000,1" yaku="0,1,7,1,8,1,52,1,54,1" doraHai="15" who="2" fromWho="2" sc="183,-40,168,-40,399,120,250,-40" /><INIT seed="6,1,0,3,5,108" ten="143,128,519,210" oya="2" hai0="82,72,112,104,75,27,26,11,12,74,66,57,38" hai1="129,105,21,125,3,110,134,31,29,59,120,107,124" hai2="52,133,91,17,114,115,127,13,102,44,25,85,36" hai3="54,1,131,73,5,50,28,47,67,53,95,64,6"/><V126/><F25/><W16/><G131/><T97/><D38/><U45/><E110/><V132/><F102/><W8/><G73/><T83/><D112/><N who="2" m="43050" /><F36/><W71/><G71/><T99/><D57/><U118/><E3/><V135/><F52/><W98/><G53/><T60/><D27/><U22/><E118/><V4/><F44/><W123/><G123/><T77/><D26/><U10/><E120/><V48/><F48/><W19/><G54/><T100/><D99/><U0/><E31/><V68/><F4/><W92/><G6/><T24/><D24/><U76/><E29/><V119/><F68/><W41/><G28/><T42/><D42/><U93/><E45/><V70/><F70/><W30/><G30/><T84/><D100/><U23/><E107/><V51/><F51/><W88/><G19/><T49/><D104/><U9/><E105/><V89/><F119/><W86/><G16/><T94/><D49/><U46/><E46/><V79/><F79/><W103/><AGARI ba="1,0" hai="1,5,8,41,47,50,64,67,86,88,92,95,98,103" machi="103" ten="20,2700,0" yaku="0,1,7,1,54,1" doraHai="108" who="3" fromWho="3" sc="143,-8,128,-8,519,-14,210,30" /><INIT seed="7,0,0,3,2,104" ten="135,120,505,240" oya="3" hai0="76,3,38,17,51,42,121,123,130,29,127,27,6" hai1="86,70,107,103,13,16,53,99,116,39,131,101,58" hai2="112,72,44,48,56,65,73,114,110,52,0,111,78" hai3="11,108,117,15,34,30,20,119,109,10,37,87,122"/><W75/><G75/><T35/><D51/><U82/><E70/><V91/><F0/><W77/><G37/><T84/><D84/><U94/><E39/><V28/><F28/><W7/><G122/><T4/><D4/><U46/><E131/><V33/><F33/><W92/><G92/><T105/><D130/><U134/><E134/><V62/><F91/><W25/><G87/><T8/><D127/><U22/><E116/><N who="3" m="44618" /><G77/><T113/><D113/><N who="2" m="43626" /><F73/><W118/><G118/><T50/><D76/><N who="1" m="46407" /><E107/><V126/><F126/><W14/><G34/><T61/><D105/><U115/><E115/><V26/><F26/><W64/><G64/><T19/><D121/><U55/><E46/><V120/><F120/><W67/><G67/><T106/><D106/><U83/><E83/><AGARI ba="0,0" hai="44,48,52,56,62,65,72,78,83,110,111" m="43626" machi="83" ten="30,3900,0" yaku="15,1,52,1,54,1" doraHai="104" who="2" fromWho="1" sc="135,0,120,-39,505,39,240,0" owari="135,-26.0,81,-42.0,544,64.0,240,4.0" /></mjloggm>