<mjloggm ver="2.3"><GO type="169" lobby="0"/><UN n0="%E5%B0%B1%E6%B4%BB%E7%94%9F%40%E5%B7%9D%E6%9D%91%E8%BB%8D%E5%9B%A3" n1="%43%52%41%5A%59%42%45%45" n2="%3D%E8%93%AC%E8%8E%B1%E5%B1%B1%E8%BC%9D%E5%A4%9C%3D" n3="%E3%82%AB%E3%83%9C%E3%83%81%E3%83%A3%E3%82%BF%E3%83%8D" dan="18,18,16,16" rate="2329.31,2224.29,2024.91,2209.96" sx="M,M,F,M"/><TAIKYOKU oya="0"/><INIT seed="0,0,0,3,0,68" ten="250,250,250,250" oya="0" hai0="121,131,47,116,7,98,20,89,87,34,125,45,95" hai1="26,50,70,42,64,93,80,102,62,73,37,27,130" hai2="117,33,113,14,75,31,2,123,10,59,32,21,23" hai3="134,60,4,85,3,53,1,48,36,30,46,51,77"/><T25/><D121/><U82/><E130/><V74/><F123/><W128/><G128/><T84/><D116/><U124/><E124/><V94/><F113/><W76/><G134/><T81/><D131/><U90/><E102/><V135/><F75/><W112/><G112/><T35/><D125/><U52/><E73/><V111/><F74/><W56/><G30/><T13/><D35/><U88/><E90/><V119/><F94/><W109/><G109/><T118/><D84/><N who="1" m="52359" /><E82/><V39/><F39/><W92/><G77/><T72/><D72/><U22/><E22/><N who="2" m="8203" /><F59/><W19/><G19/><T41/><D34/><N who="2" m="13418" /><F31/><W38/><G48/><T43/><D118/><N who="2" m="45066" /><F135/><W115/><G115/><T105/><D105/><U67/><E67/><V114/><F114/><W122/><G122/><T110/><D110/><U5/><E80/><V65/><F65/><W133/><G133/><T61/><D61/><U79/><E79/><V18/><F111/><W6/><G76/><T120/><D120/><U17/><E64/><V126/><F126/><W54/><G92/><T108/><D108/><U24/><E62/><V132/><F132/><W28/><G28/><N who="0" m="17447" /><D81/><U86/><E86/><V129/><F129/><W104/><G85/><T97/><D87/><U0/><E50/><V15/><F15/><W99/><G99/><T103/><D98/><U55/><E26/><V69/><F69/><W44/><G104/><T91/><D91/><U127/><E27/><V78/><F78/><W29/><G29/><T66/><D103/><U57/><E127/><V106/><F106/><W49/><G60/><T16/><D97/><RYUUKYOKU ba="0,0" sc="250,-15,250,-15,250,15,250,15" hai2="2,10,14,18" hai3="1,3,4,6,36,38,44,46,49,51,53,54,56" /><INIT seed="1,1,0,4,2,96" ten="235,235,265,265" oya="1" hai0="29,54,107,103,40,132,13,62,56,101,27,16,92" hai1="68,48,30,113,44,117,49,88,121,78,23,66,41" hai2="86,36,34,124,98,85,14,125,60,79,118,82,39" hai3="63,77,95,57,12,133,80,73,35,102,74,90,99"/><U100/><E121/><V58/><F118/><W20/><G133/><T11/><D107/><U72/><E117/><V70/><F70/><W59/><G35/><T122/><D132/><U127/><E113/><V115/><F115/><W128/><G128/><T26/><D122/><U38/><E127/><N who="2" m="48715" /><F34/><W5/><G74/><T111/><D111/><U43/><E100/><N who="0" m="38473" /><D29/><U131/><E131/><V45/><F45/><W3/><G3/><T4/><D4/><U21/><E30/><V64/><F86/><W2/><G2/><T6/><D6/><U7/><E7/><V31/><F31/><W94/><G63/><T97/><D40/><U67/><E68/><V134/><F134/><W109/><G109/><T76/><D76/><U32/><E32/><V69/><F69/><W61/><G61/><T24/><D24/><U123/><E78/><V19/><F98/><W28/><G28/><T33/><D33/><U110/><E110/><V89/><F79/><W53/><G53/><T120/><D120/><U135/><E123/><V65/><F65/><W10/><G20/><AGARI ba="1,0" hai="14,19,20,36,39,58,60,64,82,85,89" m="48715" machi="20" ten="30,1000,0" yaku="18,1" doraHai="96" who="2" fromWho="3" sc="235,0,235,0,265,13,265,-13" /><INIT seed="2,0,0,4,4,96" ten="235,235,278,252" oya="2" hai0="43,11,74,123,0,107,111,10,26,45,122,4,87" hai1="16,8,53,68,90,104,57,131,9,83,85,60,91" hai2="118,99,127,80,76,21,105,29,14,117,70,46,22" hai3="30,3,129,108,119,38,112,121,59,64,28,35,102"/><V20/><F70/><W39/><G119/><T2/><D111/><U135/><E104/><V72/><F127/><W51/><G121/><T73/><D87/><U110/><E110/><V34/><F14/><W62/><G108/><T124/><D124/><U114/><E114/><V55/><F55/><W37/><G112/><T42/><D26/><U31/><E31/><V100/><REACH who="2" step="1"/><F46/><REACH who="2" ten="235,235,268,252" step="2"/><W19/><G3/><T84/><D45/><U63/><E68/><V93/><F93/><W15/><G129/><T69/><D107/><U113/><E131/><V94/><F94/><W98/><G15/><T56/><D69/><U65/><E113/><V7/><F7/><W88/><G64/><T33/><D4/><U17/><E65/><V79/><F79/><W106/><G106/><T1/><D1/><U6/><E6/><V125/><F125/><W97/><G59/><T50/><D2/><U13/><E13/><V12/><F12/><W81/><G81/><T25/><D0/><U66/><E66/><V132/><F132/><W115/><G115/><T126/><D56/><U109/><E135/><V103/><F103/><W101/><G102/><T134/><D134/><U54/><E109/><V52/><F52/><N who="1" m="20073" /><E57/><V36/><F36/><W18/><G38/><T77/><D126/><U92/><E63/><V40/><F40/><W5/><G62/><T128/><D128/><U95/><E60/><V61/><F61/><W120/><G39/><T27/><D77/><U23/><E92/><V130/><F130/><W71/><G37/><T89/><D122/><U24/><E95/><V133/><F133/><RYUUKYOKU ba="0,1" sc="235,-10,235,-10,268,30,252,-10" hai2="20,21,22,29,34,72,76,80,99,100,105,117,118" /><INIT seed="2,1,1,2,3,134" ten="225,225,298,242" oya="2" hai0="109,108,10,123,94,69,83,127,87,16,32,55,105" hai1="128,112,80,29,56,63,46,129,92,85,79,21,101" hai2="51,66,98,57,132,11,96,122,18,23,14,61,50" hai3="125,91,121,117,22,97,100,0,40,9,42,30,72"/><V39/><F132/><W13/><G117/><T89/><D105/><U41/><E112/><V65/><F39/><W33/><G121/><T31/><D69/><U75/><E29/><V119/><F119/><W34/><G72/><T12/><D123/><U110/><E110/><N who="0" m="42601" /><D127/><U27/><E21/><V7/><F122/><W133/><G133/><T126/><D126/><U84/><E27/><V43/><F65/><W59/><G125/><T2/><D2/><U15/><E15/><V38/><F38/><W37/><G37/><T64/><D64/><N who="1" m="39015" /><E92/><V86/><F86/><W102/><G0/><T114/><D114/><U135/><E101/><N who="3" m="39018" /><G34/><T44/><D31/><U74/><E74/><V116/><F116/><W104/><G33/><T58/><D32/><U118/><E135/><V17/><F17/><W115/><G104/><T35/><D35/><U68/><E68/><V99/><REACH who="2" step="1"/><F43/><REACH who="2" ten="225,225,288,242" step="2"/><W28/><G42/><T77/><D87/><U70/><E118/><V71/><F71/><W76/><G40/><T54/><D16/><U53/><E70/><V47/><F47/><W36/><G36/><T4/><D44/><U90/><E41/><V67/><F67/><W103/><G30/><T48/><D58/><U52/><E46/><V60/><F60/><W120/><G120/><T78/><D48/><U5/><E84/><V6/><F6/><W24/><G115/><T81/><D55/><N who="1" m="21067" /><E5/><V62/><F62/><W88/><G59/><T20/><D54/><U1/><E75/><V95/><F95/><N who="3" m="58815" /><G28/><T8/><D94/><U82/><E85/><V130/><F130/><W3/><G76/><RYUUKYOKU ba="1,2" sc="225,-10,225,-10,288,30,242,-10" hai2="7,11,14,18,23,50,51,57,61,66,96,98,99" /><INIT seed="2,2,2,3,5,113" ten="215,215,318,232" oya="2" hai0="55,104,73,59,6,67,86,21,28,37,66,24,126" hai1="108,117,7,94,38,19,97,118,50,64,103,17,48" hai2="49,90,93,96,80,43,44,65,135,111,47,12,32" hai3="39,74,119,79,61,112,98,3,8,91,101,72,14"/><V10/><F32/><W89/><G112/><T121/><D73/><U125/><E38/><V77/><F135/><W63/><G3/><T115/><D104/><U107/><E108/><V131/><F131/><W46/><G63/><T69/><D115/><U53/><E64/><V18/><F111/><W25/><G25/><T120/><D37/><U31/><E31/><V58/><F65/><W129/><G129/><T57/><D126/><U75/><E75/><V62/><F62/><W70/><G70/><T15/><D69/><U109/><E109/><V124/><F124/><W100/><G61/><T87/><D120/><U45/><E7/><V82/><F58/><N who="0" m="22026" /><D55/><U4/><E4/><V84/><F47/><W2/><G2/><T105/><D105/><U88/><E125/><V106/><F106/><W68/><G68/><T23/><D121/><U132/><E132/><V54/><F82/><W114/><G114/><T33/><D33/><U41/><E53/><AGARI ba="2,2" hai="10,12,18,43,44,49,53,54,77,80,84,90,93,96" machi="53" ten="40,2000,0" yaku="8,1" doraHai="113" who="2" fromWho="1" sc="215,0,215,-26,318,46,232,0" /><INIT seed="2,3,0,3,3,45" ten="215,189,364,232" oya="2" hai0="126,32,38,49,30,112,123,82,40,95,39,129,111" hai1="89,66,44,91,55,94,63,117,92,25,6,75,130" hai2="128,132,60,116,41,4,22,50,8,99,10,102,73" hai3="93,33,53,65,64,104,20,88,96,68,58,56,57"/><V97/><F116/><W76/><G33/><T13/><D123/><U51/><E117/><V103/><F73/><W42/><G68/><T61/><D112/><U26/><E75/><V81/><F132/><W115/><G115/><T59/><D82/><U78/><E78/><V0/><F8/><W15/><G42/><T17/><D111/><U21/><E130/><V106/><F128/><W125/><G125/><T114/><D114/><U113/><E113/><V90/><F60/><W133/><G133/><T5/><D5/><U48/><E6/><V118/><F118/><W62/><G104/><T74/><D74/><U119/><E119/><V28/><F90/><W134/><G134/><T29/><D32/><U84/><E21/><V71/><F71/><W127/><G127/><T1/><D1/><U70/><REACH who="1" step="1"/><E48/><REACH who="1" ten="215,179,364,232" step="2"/><V67/><F50/><W135/><G76/><T108/><D129/><U7/><E7/><V46/><F22/><W100/><G135/><T12/><D126/><U124/><E124/><V83/><F4/><W131/><G131/><T77/><D77/><U52/><E52/><V3/><F3/><W121/><G121/><T72/><D72/><U87/><AGARI ba="3,1" hai="25,26,44,51,55,63,66,70,84,87,89,91,92,94" machi="87" ten="20,8000,1" yaku="1,1,0,1,7,1,9,1,52,1,53,0" doraHai="45" doraHaiUra="37" who="1" fromWho="1" sc="215,-23,179,99,364,-43,232,-23" /><INIT seed="3,0,0,0,0,51" ten="192,278,321,209" oya="3" hai0="116,80,14,56,8,121,12,54,110,70,47,105,100" hai1="99,83,5,89,27,64,66,106,132,78,4,82,34" hai2="124,15,97,65,117,67,17,32,122,48,53,113,112" hai3="43,57,96,36,28,69,61,3,81,2,60,72,7"/><W76/><G28/><T22/><D121/><U37/><E37/><V111/><F117/><W10/><G69/><T91/><D116/><U20/><E34/><V126/><F32/><W108/><G2/><T31/><D70/><U35/><E35/><V88/><F122/><W39/><G39/><T58/><D110/><U40/><E40/><V46/><F111/><W1/><G1/><T101/><D105/><U71/><E132/><V103/><F67/><W44/><G108/><T131/><D47/><U0/><E0/><V63/><F63/><W135/><G135/><T38/><D38/><U50/><E71/><V25/><F25/><W9/><G9/><T55/><D31/><U74/><E64/><V75/><F75/><W102/><REACH who="3" step="1"/><G57/><REACH who="3" ten="192,278,321,199" step="2"/><T129/><D8/><U95/><E5/><V52/><F113/><W104/><AGARI ba="0,1" hai="3,7,10,36,43,44,60,61,72,76,81,96,102,104" machi="104" ten="20,18000,2" yaku="1,1,2,1,0,1,7,1,25,2,53,0" doraHai="51" doraHaiUra="13" who="3" fromWho="3" sc="192,-60,278,-60,321,-60,199,190" /><INIT seed="3,1,0,4,4,126" ten="132,218,261,389" oya="3" hai0="2,135,7,128,93,25,121,21,129,115,80,67,103" hai1="14,4,86,22,87,98,28,91,35,13,70,38,54" hai2="58,73,16,64,123,11,3,65,113,108,101,0,24" hai3="51,120,111,30,82,130,1,71,45,92,55,95,61"/><W114/><G120/><T18/><D121/><U60/><E38/><V119/><F123/><W134/><G114/><T83/><D67/><U109/><E35/><V118/><F113/><W57/><G1/><T42/><D115/><U110/><E98/><V59/><F108/><N who="1" m="41577" /><E4/><V5/><F73/><W19/><G111/><T52/><D42/><U127/><E127/><V125/><F125/><W78/><G134/><T79/><D135/><U124/><E124/><V26/><F101/><W10/><G30/><T15/><D2/><U68/><E86/><V56/><F16/><W39/><G71/><N who="1" m="27178" /><E60/><V53/><F53/><W34/><G34/><T133/><D133/><U8/><E8/><V76/><F11/><W50/><G39/><T20/><D52/><U99/><E99/><V17/><F5/><W6/><G61/><T88/><D103/><U90/><E54/><V63/><F63/><W23/><G10/><N who="0" m="4575" /><D20/><U66/><E66/><V40/><F40/><W74/><G6/><T72/><D72/><U44/><E44/><V49/><F49/><W47/><G47/><T37/><D79/><U96/><E96/><V105/><F76/><W31/><G51/><T32/><D32/><U46/><E46/><V100/><F118/><W12/><G45/><T97/><D37/><U117/><E117/><V104/><F119/><W36/><G36/><T94/><D94/><N who="1" m="54623" /><E91/><V77/><F77/><W43/><G43/><T122/><D122/><U106/><E106/><V84/><F105/><W27/><G95/><T132/><D132/><U62/><E62/><V116/><F104/><W33/><G92/><RYUUKYOKU ba="1,0" sc="132,10,218,10,261,-30,389,10" hai0="18,21,25,80,83,88,93,97,128,129" hai1="13,14,22,28" hai3="12,19,23,27,31,33,50,55,57,74,78,82,130" /><INIT seed="3,2,0,2,1,115" ten="142,228,231,399" oya="3" hai0="72,18,87,96,27,95,135,124,3,84,83,97,79" hai1="36,14,105,29,5,98,109,54,25,47,133,69,31" hai2="111,32,123,4,2,19,49,104,82,7,26,67,99" hai3="68,12,50,76,65,120,106,78,59,53,130,39,34"/><W125/><G120/><T77/><D3/><U75/><E75/><V121/><F111/><W63/><G34/><T86/><D27/><U42/><E69/><V112/><F112/><W66/><G130/><T90/><D18/><U57/><E109/><V38/><F38/><W41/><G125/><T52/><D124/><U10/><E133/><V11/><F7/><W43/><G106/><T28/><D28/><U48/><REACH who="1" step="1"/><E25/><REACH who="1" ten="142,218,231,399" step="2"/><V13/><F26/><W92/><G68/><T15/><D135/><U56/><E56/><V110/><F110/><W114/><G114/><T44/><D15/><U119/><E119/><V127/><F127/><W30/><G12/><T132/><D132/><U107/><E107/><V0/><F0/><W91/><G59/><T40/><D40/><U55/><E55/><V45/><F2/><W134/><G53/><T101/><D44/><U23/><E23/><V37/><F104/><W94/><G134/><T9/><D52/><U8/><E8/><V17/><F45/><W88/><G43/><T46/><D46/><U70/><E70/><V33/><F33/><W24/><G41/><T6/><D9/><U16/><E16/><V20/><F32/><W126/><G24/><T64/><D6/><U128/><E128/><V60/><F19/><W122/><G126/><T51/><D51/><U62/><E62/><V102/><F49/><W58/><G50/><T103/><D64/><U61/><E61/><V108/><F108/><W22/><G66/><T21/><D21/><U85/><E85/><N who="0" m="32873" /><D79/><N who="3" m="30249" /><G39/><T100/><AGARI ba="2,1" hai="72,77,83,87,90,95,96,97,100,101,103" m="32873" machi="100" ten="30,8000,1" yaku="35,5" doraHai="115" who="0" fromWho="0" sc="142,96,218,-22,231,-22,399,-42" /><INIT seed="4,0,0,0,3,62" ten="238,196,209,357" oya="0" hai0="63,85,13,27,33,95,11,70,43,102,0,98,23" hai1="108,129,88,106,113,90,105,58,47,87,55,31,46" hai2="16,29,15,10,37,133,48,59,26,116,2,36,100" hai3="66,107,53,5,57,122,60,118,40,121,44,92,41"/><T78/><D0/><U7/><E108/><V111/><F111/><W124/><G107/><T39/><D39/><U135/><E135/><V38/><F133/><W54/><G5/><T125/><D43/><U34/><E7/><V86/><F116/><W81/><G92/><T94/><D33/><U127/><E127/><V130/><F130/><W126/><G81/><T67/><D125/><N who="3" m="48233" /><G41/><T77/><D85/><U17/><E129/><V32/><F100/><W101/><G101/><T82/><D82/><U49/><E113/><V132/><F132/><W45/><G118/><T30/><REACH who="0" step="1"/><D94/><REACH who="0" ten="228,196,209,357" step="2"/><U61/><E34/><V112/><F86/><W75/><G75/><T9/><D9/><U76/><E106/><V18/><F112/><W117/><G117/><T64/><D64/><U120/><E105/><V71/><F2/><W65/><G66/><T50/><D50/><U28/><E49/><V97/><F37/><N who="3" m="21519" /><G65/><T131/><D131/><U83/><E83/><V73/><F38/><W42/><G54/><T123/><D123/><U93/><E120/><V52/><F36/><AGARI ba="0,1" hai="36,42,45,53,57,60,121,122" m="21519,48233" machi="36" ten="30,3900,0" yaku="18,1,34,2" doraHai="62" who="3" fromWho="2" sc="228,0,196,0,209,-39,357,49" /><INIT seed="5,0,0,1,2,52" ten="228,196,170,406" oya="1" hai0="59,51,78,72,12,74,8,130,104,28,19,1,122" hai1="87,9,129,101,126,131,132,118,121,79,119,71,42" hai2="32,36,33,49,92,69,106,27,99,7,47,26,29" hai3="64,65,93,43,22,94,3,113,57,80,82,77,70"/><U54/><E121/><V31/><F69/><W117/><G3/><T14/><D104/><U102/><E71/><V98/><F106/><W125/><G70/><T38/><D38/><U112/><E42/><V114/><F114/><W10/><G113/><T48/><D1/><U124/><E9/><V63/><F36/><W56/><G77/><T44/><D28/><U84/><E54/><V16/><F7/><W81/><G125/><N who="1" m="48234" /><E112/><V24/><F63/><W83/><G83/><T128/><D78/><U62/><E62/><V46/><F46/><W4/><G22/><T61/><D122/><U95/><E132/><V76/><F76/><W5/><G117/><N who="1" m="44554" /><E79/><V109/><F109/><W11/><G80/><T21/><D44/><U127/><E127/><V116/><F116/><W13/><REACH who="3" step="1"/><G13/><REACH who="3" ten="228,196,170,396" step="2"/><T120/><D14/><U45/><E131/><V25/><F31/><W35/><G35/><T2/><D2/><U100/><E129/><V96/><F33/><W110/><G110/><T123/><D128/><U53/><E95/><V55/><REACH who="2" step="1"/><F16/><REACH who="2" ten="228,196,160,396" step="2"/><W30/><G30/><T86/><D19/><U40/><E40/><AGARI ba="0,2" hai="4,5,10,11,40,43,56,57,64,65,81,82,93,94" machi="40" ten="25,12000,2" yaku="1,1,22,2,8,1,52,2,53,0" doraHai="52" doraHaiUra="50" who="3" fromWho="1" sc="228,0,196,-120,160,0,396,140" /><INIT seed="6,0,0,1,5,114" ten="228,76,160,536" oya="2" hai0="100,68,36,72,130,43,123,54,69,96,63,6,40" hai1="124,41,38,2,109,46,44,57,55,121,48,135,111" hai2="104,3,29,78,17,80,37,50,102,90,0,33,61" hai3="42,79,53,1,85,23,92,32,76,125,108,51,128"/><V10/><F37/><W60/><G32/><T31/><D72/><U99/><E2/><V28/><F90/><N who="3" m="53327" /><G1/><T18/><D130/><U20/><E20/><V118/><F118/><W27/><G125/><T73/><D73/><U113/><E99/><V93/><F104/><W13/><G13/><T89/><D68/><U58/><E113/><V75/><F61/><W105/><G108/><T65/><D31/><U129/><E124/><V131/><F131/><W35/><G35/><T22/><D6/><U127/><E127/><V21/><F33/><W82/><G82/><T8/><D8/><U30/><E30/><V74/><F74/><W110/><G110/><N who="1" m="41994" /><E129/><V34/><F34/><W97/><G97/><T25/><D36/><U133/><E121/><V132/><F50/><W119/><G119/><T98/><D98/><U115/><E115/><V67/><F67/><W117/><G117/><T87/><D54/><U56/><AGARI ba="0,0" hai="38,41,44,46,48,55,56,57,58,133,135" m="41994" machi="56" ten="40,2700,0" yaku="34,2" doraHai="114" who="1" fromWho="1" sc="228,-7,76,27,160,-13,536,-7" /><INIT seed="7,0,0,0,2,102" ten="221,103,147,529" oya="3" hai0="70,123,105,40,93,30,94,54,16,82,79,65,117" hai1="0,113,129,99,89,57,32,74,115,10,76,19,116" hai2="107,24,44,69,128,37,97,91,108,36,53,67,85" hai3="27,61,5,88,126,132,29,100,81,68,75,33,1"/><W13/><G100/><T35/><D105/><U124/><E32/><V12/><F108/><W55/><G55/><T130/><D54/><U18/><E129/><V118/><F118/><W72/><G13/><T15/><D93/><U49/><E116/><V21/><F12/><W42/><G132/><T41/><D94/><U58/><E124/><V17/><F128/><W119/><G119/><T106/><D106/><U50/><E99/><V39/><F69/><W112/><G126/><T4/><D65/><U48/><E89/><V78/><F67/><W64/><G112/><N who="1" m="43082" /><E10/><V121/><F78/><W20/><G20/><T92/><D16/><N who="1" m="6187" /><E0/><V114/><F114/><W96/><G42/><T66/><D41/><U28/><E28/><V80/><F97/><W110/><G110/><T109/><D30/><U104/><E104/><V51/><F107/><W103/><G81/><T26/><D82/><U90/><E90/><V127/><F127/><W77/><G88/><T25/><D35/><U31/><E31/><V43/><F121/><W84/><G96/><T60/><D40/><U8/><E8/><V133/><F133/><W38/><G29/><T134/><D134/><U6/><E6/><V22/><F22/><W3/><G33/><T46/><D4/><U23/><E23/><V98/><F98/><W45/><G5/><T120/><D130/><U59/><E76/><V52/><AGARI ba="0,0" hai="17,21,24,36,37,39,43,44,51,52,53,80,85,91" machi="52" ten="40,2700,0" yaku="0,1,54,1" doraHai="102" who="2" fromWho="2" sc="221,-7,103,-7,147,27,529,-13" owari="214,1.0,96,-40.0,174,-23.0,516,62.0" /></mjloggm>