<mjloggm ver="2.3"><GO type="169" lobby="0"/><UN n0="%E5%B0%B1%E6%B4%BB%E7%94%9F%40%E5%B7%9D%E6%9D%91%E8%BB%8D%E5%9B%A3" n1="%E9%A7%84%E5%A6%B9" n2="%E3%83%8F%E3%82%A4%E3%83%86%E3%83%B3%E3%83%9C%E3%83%BC" n3="%E3%81%88%E3%81%8F%EF%BC%A0%7A%65%72%6F" dan="18,17,16,16" rate="2284.12,2165.75,2079.06,2041.00" sx="M,F,M,M"/><TAIKYOKU oya="0"/><INIT seed="0,0,0,2,4,57" ten="250,250,250,250" oya="0" hai0="87,123,34,61,95,29,51,11,94,103,105,82,65" hai1="135,85,133,81,132,127,48,129,50,109,78,10,7" hai2="116,27,53,3,21,89,84,80,40,102,75,88,125" hai3="36,104,44,110,33,99,126,92,122,124,46,113,67"/><T37/><D123/><U79/><E109/><V19/><F75/><W108/><G33/><T24/><D37/><U106/><E127/><N who="3" m="48682" /><G104/><T120/><D120/><U42/><E129/><V98/><F3/><W86/><G122/><T68/><D51/><N who="1" m="19499" /><E106/><V130/><F130/><W111/><G113/><T117/><D117/><U69/><E69/><V59/><F40/><W115/><G115/><T76/><REACH who="0" step="1"/><D11/><REACH who="0" ten="240,250,250,250" step="2"/><U47/><E42/><V100/><F116/><W15/><G36/><T112/><D112/><U6/><E47/><V64/><F125/><W12/><G44/><T91/><D91/><N who="1" m="51631" /><E6/><V4/><F4/><W5/><G5/><T2/><D2/><AGARI ba="0,1" hai="2,7,10,78,79,132,133,135" m="51631,19499" machi="2" ten="30,1000,0" yaku="20,1" doraHai="57" who="1" fromWho="0" sc="240,-10,250,20,250,0,250,0" /><INIT seed="1,0,0,3,3,22" ten="230,270,250,250" oya="1" hai0="65,5,86,32,80,73,97,81,10,6,123,131,9" hai1="103,39,0,15,21,42,47,76,85,3,45,135,35" hai2="110,41,93,24,19,79,113,129,50,106,55,107,48" hai3="74,89,57,90,96,126,46,84,92,69,26,72,2"/><U60/><E35/><V17/><F110/><W58/><G69/><T104/><D32/><U40/><E135/><V30/><F129/><W1/><G46/><T4/><D131/><U117/><E117/><V11/><F79/><W94/><G126/><T101/><D123/><U12/><E103/><V116/><F41/><W37/><G37/><T31/><D65/><U44/><E60/><V133/><F113/><W16/><G1/><T82/><D73/><U43/><E39/><V91/><F48/><W25/><G2/><T105/><D105/><U7/><E12/><V56/><F133/><W102/><G102/><T98/><D98/><U33/><E33/><V23/><F116/><W29/><G29/><T120/><D120/><U127/><E127/><V83/><F83/><W14/><G72/><T75/><D75/><U53/><E53/><V59/><F59/><N who="3" m="22539" /><G74/><T134/><D134/><U36/><E36/><V119/><F119/><W63/><G63/><T122/><D122/><U87/><E0/><V70/><F70/><W71/><G71/><T95/><D31/><U78/><E3/><V54/><F54/><W27/><G14/><T28/><D28/><U109/><E109/><V108/><F108/><W68/><G68/><T132/><D132/><U38/><E38/><V13/><F30/><W20/><AGARI ba="0,0" hai="16,20,25,26,27,84,89,90,92,94,96" m="22539" machi="20" ten="30,8000,1" yaku="8,1,52,3,54,1" doraHai="22" who="3" fromWho="3" sc="230,-20,270,-40,250,-20,250,80" /><INIT seed="2,0,0,2,5,1" ten="210,230,230,330" oya="2" hai0="113,98,14,114,127,108,21,24,44,34,0,124,17" hai1="122,78,107,130,76,25,27,23,118,43,57,88,91" hai2="7,35,70,80,66,12,120,63,8,89,74,45,15" hai3="106,42,50,133,48,38,101,3,126,81,18,39,125"/><V40/><F120/><W109/><G109/><T82/><D44/><U32/><E118/><V49/><F35/><W62/><G133/><T16/><D98/><U10/><E107/><V99/><F99/><N who="3" m="61759" /><G3/><T68/><D82/><U60/><E32/><V83/><F89/><N who="1" m="34377" /><E130/><V86/><F86/><W31/><G31/><N who="0" m="19815" /><D68/><U53/><E122/><V123/><F123/><W37/><G62/><T52/><D52/><N who="1" m="33831" /><E43/><V93/><F93/><W26/><G81/><T119/><D108/><U54/><E10/><V67/><F67/><W33/><G42/><T94/><D94/><U111/><E27/><V65/><F65/><W64/><G64/><T59/><D59/><U115/><E115/><N who="0" m="44041" /><D119/><U5/><E111/><V102/><F102/><W121/><G121/><T36/><D36/><U51/><E5/><V134/><F134/><W28/><G39/><T131/><D131/><U90/><N who="1" m="34385" /><U22/><DORA hai="69" /><E54/><V112/><F112/><W87/><G38/><T96/><D96/><U72/><E72/><V13/><REACH who="2" step="1"/><F74/><REACH who="2" ten="210,230,220,330" step="2"/><W29/><G87/><T6/><D17/><N who="1" m="12495" /><E23/><V128/><F128/><W55/><G18/><T100/><D100/><U75/><E75/><V116/><F116/><W97/><G97/><T129/><D129/><U58/><AGARI ba="0,1" hai="51,53,58,76,78" m="12495,33831,34385" machi="58" ten="30,4000,0" yaku="8,1,54,2" doraHai="1,69" who="1" fromWho="1" sc="210,-10,230,50,220,-20,330,-10" /><INIT seed="3,0,0,1,0,57" ten="200,280,200,320" oya="3" hai0="89,98,109,51,114,1,130,13,104,101,58,71,132" hai1="67,73,21,95,27,14,72,50,22,10,48,121,80" hai2="64,83,0,31,126,117,45,75,8,99,134,19,2" hai3="110,100,65,116,41,62,122,81,115,119,52,53,97"/><W84/><G115/><T6/><D71/><U77/><E121/><V32/><F117/><W20/><G122/><T12/><D109/><U26/><E72/><V123/><F123/><W135/><G135/><T70/><D70/><U86/><E73/><V111/><F134/><W133/><G133/><T29/><D29/><N who="1" m="17615" /><E95/><V4/><F111/><W93/><G110/><T46/><D130/><U38/><E38/><V61/><F126/><W131/><G131/><T25/><D25/><U37/><E37/><V69/><F19/><W9/><G9/><T49/><D114/><U90/><E67/><V66/><F66/><W44/><G116/><T88/><D1/><U43/><E43/><V79/><F45/><W55/><G119/><T33/><D33/><U60/><E60/><V74/><F74/><W124/><G124/><T56/><D132/><U107/><E107/><V85/><F85/><W35/><G35/><T105/><D6/><N who="1" m="3415" /><E77/><V92/><F32/><W28/><G41/><T82/><D98/><U103/><E103/><V63/><F63/><W47/><G84/><T102/><D46/><U39/><E39/><V129/><F129/><W78/><G78/><T34/><D34/><U16/><AGARI ba="0,0" hai="16,22,27,48,50,80,86,90" m="3415,17615" machi="16" ten="30,2000,0" yaku="8,1,54,1" doraHai="57" who="1" fromWho="1" sc="200,-5,280,20,200,-5,320,-10" /><INIT seed="4,0,0,1,1,114" ten="195,300,195,310" oya="0" hai0="34,12,74,42,83,81,127,22,66,76,119,113,7" hai1="54,84,62,82,10,121,124,3,68,108,14,5,126" hai2="43,109,58,52,70,19,110,89,79,59,16,111,46" hai3="50,94,9,15,117,100,72,93,123,56,64,112,122"/><T27/><D113/><U55/><E108/><V88/><F70/><W131/><G112/><T73/><D127/><N who="1" m="48683" /><E121/><N who="3" m="46090" /><G131/><T21/><D119/><U47/><E47/><V39/><F79/><W61/><G117/><T65/><D42/><U4/><E4/><V25/><F59/><W101/><G72/><T103/><D103/><N who="3" m="39497" /><G50/><T38/><D38/><U63/><E3/><V95/><F25/><W125/><G125/><T35/><D7/><AGARI ba="0,0" hai="7,9,15,56,61,64,93,94" m="39497,46090" machi="7" ten="30,1000,0" yaku="13,1" doraHai="114" who="3" fromWho="0" sc="195,-10,300,0,195,0,310,10" /><INIT seed="5,0,0,4,0,91" ten="185,300,195,320" oya="1" hai0="80,14,32,84,45,109,16,70,90,77,115,121,42" hai1="103,69,46,100,12,61,37,62,88,27,28,116,33" hai2="122,39,110,60,99,133,113,119,57,17,31,76,105" hai3="83,11,82,55,36,86,125,71,9,47,44,54,56"/><U118/><E12/><V74/><F122/><W66/><G125/><T96/><D32/><U21/><E33/><V129/><F119/><W26/><G26/><T73/><D70/><U112/><E112/><V106/><F110/><W75/><G75/><T87/><D109/><U35/><E35/><V18/><F39/><W48/><G71/><T130/><D115/><U8/><E8/><N who="3" m="3146" /><G36/><T85/><D130/><U51/><E37/><V114/><F31/><W38/><G38/><T34/><D34/><U6/><E6/><V43/><F129/><W3/><G3/><T128/><D128/><U111/><E69/><V131/><F131/><W67/><G54/><T20/><D121/><U30/><E30/><V1/><F1/><W72/><G72/><T58/><D58/><U78/><E78/><V68/><F68/><W2/><G2/><T19/><D19/><U53/><E111/><V98/><F43/><W101/><G101/><N who="1" m="38986" /><E118/><V65/><F114/><W4/><G4/><T127/><D127/><U104/><E104/><V135/><F113/><W23/><G23/><T63/><D63/><U89/><E116/><V50/><F106/><W5/><G5/><T10/><D10/><U117/><E117/><V134/><F105/><W40/><G40/><T108/><D108/><U94/><E89/><V124/><F124/><W64/><G82/><T49/><REACH who="0" step="1"/><D96/><AGARI ba="0,0" hai="21,27,28,46,51,53,61,62,88,94,96" m="38986" machi="96" ten="30,5800,0" yaku="8,1,52,1,54,1" doraHai="91" who="1" fromWho="0" sc="185,-58,300,58,195,0,320,0" /><INIT seed="5,1,0,1,0,81" ten="127,358,195,320" oya="1" hai0="13,75,70,84,46,14,34,112,7,85,135,21,9" hai1="11,131,37,40,20,78,10,32,49,73,66,4,58" hai2="2,134,106,82,61,93,17,126,99,110,123,80,45" hai3="115,52,38,67,56,5,23,77,42,130,107,12,88"/><U96/><E32/><V22/><F123/><W62/><G130/><T103/><D34/><U109/><E131/><V102/><F110/><W122/><G122/><T129/><D75/><U31/><E109/><V27/><F2/><W8/><G115/><T74/><D74/><U16/><E31/><V64/><F134/><W121/><G121/><T72/><D72/><U59/><E37/><V83/><F126/><W98/><G77/><T26/><D129/><U132/><E132/><V114/><F45/><W133/><G133/><T105/><D70/><U19/><E19/><V89/><F114/><W125/><G125/><T120/><D135/><U111/><E96/><V39/><F39/><W87/><G23/><T28/><D112/><U69/><E69/><V91/><F106/><W76/><G107/><T54/><D120/><U25/><E10/><V113/><F113/><W92/><G38/><T90/><D90/><U128/><E66/><V94/><F94/><W18/><G42/><T47/><D14/><U104/><E104/><V124/><F124/><W30/><G30/><T68/><D68/><U65/><E65/><V35/><F35/><W1/><G67/><T43/><D54/><U55/><E40/><V79/><F79/><W53/><G53/><T15/><D15/><N who="1" m="5607" /><E111/><V97/><F97/><W6/><G1/><T57/><D57/><AGARI ba="1,0" hai="17,22,27,57,61,64,80,82,83,89,91,93,99,102" machi="57" ten="40,1300,0" yaku="8,1" doraHai="81" who="2" fromWho="0" sc="127,-16,358,0,195,16,320,0" /><INIT seed="6,0,0,5,1,76" ten="111,358,211,320" oya="2" hai0="98,119,104,129,62,25,1,107,81,89,111,116,72" hai1="55,69,14,29,126,9,5,37,61,51,32,19,22" hai2="83,95,17,7,10,2,99,103,135,50,123,112,117" hai3="60,49,85,93,48,106,130,20,121,53,115,120,86"/><V41/><F123/><W80/><G106/><N who="0" m="40491" /><D1/><U28/><E126/><V78/><F117/><N who="0" m="45130" /><D62/><U91/><E37/><V23/><F112/><W88/><G130/><T36/><D36/><U66/><E91/><V102/><F135/><W56/><G115/><T74/><D25/><U13/><E32/><V90/><F50/><N who="3" m="19563" /><G121/><T18/><D18/><U124/><E124/><V16/><F41/><W35/><G35/><T65/><D65/><U6/><E5/><V8/><F8/><W57/><G120/><T58/><D58/><AGARI ba="0,0" hai="6,9,13,14,19,22,28,29,51,55,58,61,66,69" machi="58" ten="30,1000,0" yaku="7,1" doraHai="76" who="1" fromWho="0" sc="111,-10,358,10,211,0,320,0" /><INIT seed="7,0,0,1,1,128" ten="101,368,211,320" oya="3" hai0="47,132,37,44,79,102,78,129,26,82,18,69,67" hai1="8,55,27,127,111,60,30,125,95,66,87,50,70" hai2="25,94,10,106,19,100,122,2,121,84,63,54,13" hai3="36,123,73,7,45,41,24,98,28,38,75,105,71"/><W68/><G123/><T107/><D129/><U59/><E111/><V104/><F2/><W16/><G7/><T108/><D108/><U109/><E109/><V42/><F42/><W40/><G16/><T93/><D107/><U96/><E87/><V11/><F11/><W43/><G43/><T53/><D69/><N who="3" m="26697" /><G24/><T72/><D132/><U120/><E8/><V1/><F1/><W112/><G28/><T115/><D115/><U4/><E4/><V34/><F25/><W85/><G85/><T86/><D67/><U52/><E55/><V97/><F34/><W99/><G112/><T6/><D6/><U74/><E74/><V134/><F134/><W117/><G117/><T14/><D26/><U116/><E120/><N who="2" m="46187" /><F84/><W9/><G9/><T57/><D37/><U114/><E116/><V58/><AGARI ba="0,0" hai="10,13,19,54,58,63,94,97,100,104,106" m="46187" machi="58" ten="30,1100,0" yaku="13,1" doraHai="128" who="2" fromWho="2" sc="101,-3,368,-3,211,11,320,-5" owari="98,-40.0,365,46.0,222,-18.0,315,12.0" /></mjloggm>