<mjloggm ver="2.3"><GO type="169" lobby="0"/><UN n0="%E3%81%A1%E3%81%B3%E3%81%A6%E3%81%A4" n1="%E6%A2%85%E3%83%88%E3%83%A9%E5%85%84%E5%BC%9F" n2="%E3%82%A6%E3%83%AB%E3%83%88%E3%83%A9%E7%AB%8B%E7%9B%B4" n3="%40%7A%61%6B%75%72%6F%40" dan="16,16,18,17" rate="2128.33,2001.19,2187.85,2199.26" sx="M,M,M,M"/><TAIKYOKU oya="0"/><INIT seed="0,0,0,4,0,90" ten="250,250,250,250" oya="0" hai0="55,103,63,88,79,92,7,86,102,99,0,2,21" hai1="45,62,51,26,91,4,110,76,38,66,16,115,43" hai2="106,5,109,73,123,128,114,132,29,105,111,129,24" hai3="98,134,74,116,101,127,84,27,69,39,47,61,22"/><T32/><D32/><U97/><E110/><N who="2" m="41995" /><F5/><W80/><G127/><T100/><D7/><U112/><E4/><V13/><F13/><W33/><G134/><T34/><D34/><U70/><E76/><V94/><F24/><W9/><G9/><T124/><D124/><U37/><E97/><V25/><F25/><W17/><G74/><T12/><D63/><U95/><E91/><V107/><F29/><W40/><G116/><T30/><D55/><U122/><E122/><V31/><F31/><W42/><G42/><T87/><D30/><U68/><E70/><V104/><F104/><W75/><G75/><T48/><D48/><U121/><E121/><V108/><F108/><W8/><G8/><T50/><D50/><U113/><REACH who="1" step="1"/><E95/><REACH who="1" ten="250,240,250,250" step="2"/><V60/><F123/><W89/><G69/><T78/><D0/><U131/><E131/><V64/><F73/><W126/><G126/><T125/><D2/><U85/><E85/><N who="0" m="32265" /><D125/><U6/><E6/><V14/><F129/><W59/><G33/><T71/><D71/><U81/><E81/><V135/><F128/><W93/><G80/><T57/><D57/><U46/><E46/><V23/><F107/><W119/><G119/><T28/><D28/><U15/><E15/><V18/><F106/><W20/><G84/><T118/><D118/><U72/><E72/><V77/><F105/><W117/><G117/><T83/><D83/><U120/><E120/><V49/><F77/><W3/><G3/><T52/><D52/><U96/><E96/><V36/><F14/><W1/><G1/><T44/><D44/><U35/><E35/><RYUUKYOKU ba="0,1" sc="250,15,240,15,250,-15,250,-15" hai0="12,21,78,79,88,92,99,100,102,103" hai1="16,26,37,38,43,45,51,62,66,68,112,113,115" /><INIT seed="0,1,1,0,2,94" ten="265,255,235,235" oya="0" hai0="102,50,104,135,7,25,134,61,97,70,96,22,75" hai1="57,92,40,90,124,10,3,76,23,55,89,60,17" hai2="103,8,38,32,98,41,78,65,91,46,33,42,99" hai3="115,88,56,118,77,82,126,108,52,132,66,4,122"/><T43/><D75/><U121/><E124/><V95/><F78/><W68/><G118/><T29/><D7/><U27/><E121/><V100/><F65/><W74/><G115/><T45/><D70/><U130/><E130/><V48/><F91/><W9/><G108/><T128/><D128/><U123/><E123/><V19/><F38/><W131/><G132/><T114/><D114/><U58/><E76/><V87/><F87/><W1/><G131/><T86/><D61/><U73/><E73/><V28/><F42/><W107/><G126/><T15/><D86/><U31/><E40/><V84/><F84/><W106/><G122/><T67/><D67/><U112/><E112/><V72/><F72/><W110/><G110/><T117/><D117/><U54/><E92/><V69/><F28/><W21/><G21/><T80/><D80/><U0/><E3/><V39/><F39/><W120/><G120/><T129/><D129/><U24/><E0/><V34/><F69/><W133/><G133/><N who="0" m="50699" /><D15/><U37/><E37/><V14/><REACH who="2" step="1"/><F34/><REACH who="2" ten="265,255,225,235" step="2"/><W13/><G66/><T44/><D44/><U105/><E57/><V119/><F119/><W30/><G68/><T2/><D2/><U101/><E58/><V113/><F113/><W93/><G1/><T12/><D12/><U71/><E71/><V125/><F125/><W49/><G30/><T20/><D20/><U79/><E23/><V59/><F59/><W62/><G62/><T51/><D51/><U26/><E60/><V83/><F83/><W85/><AGARI ba="1,2" hai="4,9,13,49,52,56,74,77,82,85,88,93,106,107" machi="85" ten="20,5200,0" yaku="0,1,7,1,54,2" doraHai="94" who="3" fromWho="3" sc="265,-27,255,-14,225,-14,235,75" /><INIT seed="1,0,0,2,2,23" ten="238,241,211,310" oya="1" hai0="41,18,89,37,65,6,90,7,109,0,91,75,44" hai1="57,85,120,131,92,100,63,30,21,2,22,119,107" hai2="14,110,104,116,70,1,133,82,64,19,27,24,125" hai3="135,60,112,77,108,56,127,130,11,40,9,103,66"/><U12/><E119/><V106/><F116/><W20/><G112/><T29/><D75/><U115/><E120/><V117/><F117/><W132/><G108/><T122/><D109/><U111/><E115/><V121/><F121/><W76/><G127/><T134/><D122/><U87/><E107/><V97/><F110/><W45/><G103/><T61/><D0/><U10/><E2/><V51/><F1/><W50/><G130/><T49/><D134/><N who="3" m="51241" /><G20/><T128/><D128/><U35/><E35/><V48/><F133/><W3/><G3/><T67/><D18/><U114/><E114/><V25/><F125/><W34/><G34/><T98/><D98/><N who="1" m="59463" /><E111/><V99/><F104/><W93/><G93/><T72/><D72/><U73/><E73/><V36/><F36/><W84/><G84/><N who="1" m="32330" /><E30/><V59/><F106/><W13/><G9/><T113/><D113/><U95/><E95/><V52/><F82/><W43/><G40/><T86/><D29/><U53/><E131/><V105/><F105/><W15/><G15/><T46/><D86/><U33/><E33/><V55/><F70/><W88/><G88/><T38/><D38/><U101/><E101/><V71/><F71/><W5/><AGARI ba="0,0" hai="5,11,13,43,45,50,56,60,66,76,77" m="51241" machi="5" ten="30,1100,0" yaku="20,1" doraHai="23" who="3" fromWho="3" sc="238,-3,241,-5,211,-3,310,11" /><INIT seed="2,0,0,4,3,8" ten="235,236,208,321" oya="2" hai0="129,56,113,28,128,76,53,97,65,85,12,0,60" hai1="34,21,102,43,47,46,19,94,50,121,74,13,66" hai2="130,71,96,18,84,103,105,52,117,11,67,36,68" hai3="41,23,3,44,10,35,99,33,87,118,45,133,82"/><V48/><F117/><W88/><G118/><T80/><D0/><U69/><E74/><V37/><F130/><W59/><G133/><T39/><D39/><U1/><E34/><V49/><F49/><W4/><G44/><T58/><D28/><U31/><E1/><V30/><F30/><W5/><G5/><T93/><D113/><U126/><E31/><V114/><F114/><W29/><G99/><T63/><REACH who="0" step="1"/><D12/><REACH who="0" ten="225,236,208,321" step="2"/><U116/><E116/><V64/><F37/><W120/><G29/><T32/><D32/><U135/><E135/><V115/><F36/><W124/><G3/><T100/><AGARI ba="0,1" hai="53,56,58,60,63,65,76,80,85,93,97,100,128,129" machi="100" ten="30,7900,0" yaku="1,1,0,1,53,2" doraHai="8" doraHaiUra="57" who="0" fromWho="0" sc="225,89,236,-20,208,-39,321,-20" /><INIT seed="3,0,0,2,2,31" ten="314,216,169,301" oya="3" hai0="20,55,76,123,97,116,60,74,105,128,11,107,62" hai1="28,34,111,119,134,3,79,61,121,73,104,64,118" hai2="102,48,43,58,130,133,85,35,40,94,112,53,57" hai3="5,86,101,103,89,117,135,124,129,68,47,65,82"/><W114/><G117/><T127/><D116/><N who="1" m="44587" /><E121/><V72/><F72/><W120/><G5/><T69/><D76/><U96/><E111/><V63/><F112/><W39/><G39/><T71/><D11/><U109/><E109/><V98/><F130/><W95/><G47/><T19/><D74/><U92/><E104/><V54/><F133/><W17/><G17/><T32/><D32/><U25/><E3/><V80/><REACH who="2" step="1"/><F35/><REACH who="2" ten="314,216,159,301" step="2"/><W126/><G135/><T83/><D128/><U100/><E134/><V108/><F108/><W42/><G114/><T131/><D131/><U122/><E73/><V110/><F110/><W14/><G129/><T12/><D123/><U99/><E122/><V91/><AGARI ba="0,1" hai="40,43,48,53,54,57,58,63,80,85,91,94,98,102" machi="91" ten="20,12000,2" yaku="1,1,0,1,7,1,8,1,53,2" doraHai="31" doraHaiUra="38" who="2" fromWho="2" sc="314,-30,216,-30,159,130,301,-60" /><INIT seed="4,0,0,3,2,103" ten="284,186,289,241" oya="0" hai0="114,66,98,77,25,83,73,132,96,54,106,119,16" hai1="18,57,43,70,99,21,125,79,42,60,65,85,116" hai2="90,122,80,24,6,3,63,71,62,107,93,30,41" hai3="38,120,118,105,92,13,97,27,69,108,87,109,36"/><T35/><D119/><U12/><E125/><V49/><F107/><W89/><G69/><T104/><D66/><U22/><E116/><V74/><F71/><W55/><G118/><T126/><D126/><U127/><E70/><V52/><F41/><W20/><G13/><T121/><D121/><U68/><E68/><V58/><F122/><W111/><G120/><T7/><D7/><U4/><E127/><V94/><F6/><W110/><N who="3" m="27648" /><DORA hai="8" /><W9/><G9/><T67/><D67/><U84/><E4/><V134/><F3/><W130/><G55/><T59/><D114/><U14/><E99/><V32/><F134/><W64/><G64/><T112/><D112/><U33/><E33/><V15/><F15/><N who="1" m="5673" /><E79/><V40/><F74/><W113/><G113/><T10/><D132/><U31/><E18/><V23/><F32/><W29/><REACH who="3" step="1"/><G130/><REACH who="3" ten="284,186,289,231" step="2"/><T26/><D10/><U124/><E124/><V1/><F1/><W133/><G133/><T39/><D26/><N who="1" m="16847" /><E22/><V131/><F131/><W37/><G37/><T17/><D39/><U19/><E19/><V102/><F23/><W5/><G5/><T128/><D128/><U86/><AGARI ba="0,1" hai="42,43,57,60,65,84,85,86" m="16847,5673" machi="86" ten="30,7900,0" yaku="8,1,52,3" doraHai="103,8" who="1" fromWho="1" sc="284,-39,186,89,289,-20,231,-20" /><INIT seed="5,0,0,4,3,119" ten="245,275,269,211" oya="1" hai0="130,27,86,127,53,42,46,105,3,135,107,2,0" hai1="83,90,132,120,56,61,15,70,12,14,48,95,55" hai2="16,5,21,98,100,97,68,29,85,1,18,22,88" hai3="63,104,59,19,26,84,50,13,62,109,121,11,74"/><U125/><E132/><V47/><F68/><W112/><G109/><T103/><D135/><U23/><E125/><V75/><F75/><W87/><G104/><T7/><D127/><U91/><E120/><V67/><F67/><W28/><G74/><T76/><D130/><U102/><E70/><V38/><F1/><W20/><G112/><T111/><D111/><U33/><E33/><V36/><F5/><W115/><G115/><T124/><D124/><U31/><E102/><V41/><F38/><W101/><G101/><T118/><D118/><U30/><E61/><V69/><F69/><W114/><G121/><T106/><D53/><U80/><E23/><V6/><F6/><W110/><G110/><T54/><D54/><U77/><E77/><V32/><F32/><W79/><G114/><T39/><D27/><U43/><E43/><V4/><F4/><W73/><G73/><T34/><D34/><U99/><E90/><V117/><F117/><W116/><G79/><T25/><D25/><U60/><E60/><N who="3" m="23082" /><G116/><T65/><D65/><U128/><E128/><V122/><F122/><W49/><G59/><T40/><D40/><U51/><E48/><AGARI ba="0,0" hai="11,13,19,20,26,28,48,49,50,84,87" m="23082" machi="48" ten="30,1000,0" yaku="8,1" doraHai="119" who="3" fromWho="1" sc="245,0,275,-10,269,0,211,10" /><INIT seed="6,0,0,0,0,121" ten="245,265,269,221" oya="2" hai0="18,11,74,134,117,27,51,129,100,5,67,21,111" hai1="123,53,47,98,70,71,104,89,83,122,23,33,43" hai2="102,55,63,78,133,130,56,4,62,82,69,132,99" hai3="24,68,126,29,34,20,28,31,65,41,59,112,114"/><V85/><F130/><W15/><G68/><T73/><D129/><U37/><E33/><V38/><F38/><W92/><G41/><T49/><D111/><U17/><E83/><V6/><F69/><W106/><G106/><T124/><D117/><U119/><E119/><V86/><F86/><W12/><G92/><T81/><D124/><U32/><E32/><V8/><F63/><W95/><G95/><T76/><D74/><U44/><E47/><V115/><F115/><N who="3" m="44075" /><G59/><T58/><D100/><N who="1" m="62487" /><E53/><V110/><F110/><W25/><G65/><T42/><D42/><U135/><E89/><V96/><F4/><W52/><G52/><T75/><D75/><U13/><E135/><V93/><REACH who="2" step="1"/><F99/><REACH who="2" ten="245,265,259,221" step="2"/><W10/><G126/><T57/><D134/><U35/><E71/><V108/><F108/><W101/><G101/><T66/><D66/><U40/><E70/><V54/><F54/><W72/><G72/><T113/><D113/><U128/><E40/><V118/><F118/><W26/><G10/><T46/><D67/><U48/><E128/><V30/><F30/><W19/><G31/><T116/><D116/><U125/><E125/><V105/><F105/><W1/><G1/><AGARI ba="0,1" hai="1,6,8,55,56,62,78,82,85,93,96,102,132,133" machi="1" ten="40,2000,0" yaku="1,1,53,0" doraHai="121" doraHaiUra="109" who="2" fromWho="3" sc="245,0,265,0,259,30,221,-20" /><INIT seed="6,1,0,0,3,60" ten="245,265,289,201" oya="2" hai0="108,111,80,89,52,15,19,61,0,116,29,1,18" hai1="123,98,103,91,32,6,22,72,16,49,50,82,69" hai2="39,85,130,110,47,133,92,131,25,94,79,2,109" hai3="114,122,125,42,4,24,77,26,44,102,23,117,56"/><V106/><F106/><W20/><G117/><T93/><D116/><U112/><E69/><V10/><F25/><W115/><G122/><T33/><D29/><U62/><E32/><V88/><F133/><W76/><G125/><T121/><D33/><U5/><E123/><V100/><F79/><W9/><G102/><T99/><D18/><U135/><E112/><N who="3" m="43050" /><G56/><T126/><D126/><U12/><E62/><V71/><F71/><W41/><G41/><T11/><D121/><U31/><E31/><V63/><F63/><W132/><G132/><T3/><REACH who="0" step="1"/><D80/><REACH who="0" ten="235,265,289,201" step="2"/><U34/><E34/><V17/><F17/><N who="3" m="12303" /><G9/><T27/><D27/><U36/><E135/><V78/><F10/><W81/><G81/><T83/><D83/><U127/><E82/><V64/><F78/><W30/><G4/><T51/><D51/><AGARI ba="1,1" hai="23,26,30,42,44,51,76,77" m="12303,43050" machi="51" ten="30,2000,0" yaku="15,1,11,1" doraHai="60" who="3" fromWho="0" sc="235,-23,265,0,289,0,201,33" /><INIT seed="7,0,0,5,4,120" ten="212,265,289,234" oya="3" hai0="110,14,79,104,42,54,81,118,56,95,129,50,30" hai1="87,21,23,76,131,2,62,51,53,91,26,60,39" hai2="9,67,108,3,114,61,99,18,33,123,58,45,19" hai3="46,69,41,83,38,57,34,16,88,77,105,37,102"/><W125/><G69/><T55/><D104/><U72/><E39/><V98/><F108/><W128/><G128/><T36/><D118/><U80/><E2/><V28/><F33/><W27/><G125/><T115/><D129/><U15/><E15/><V1/><F28/><W130/><G130/><T0/><D0/><U29/><E23/><V10/><F114/><W103/><G38/><T117/><D117/><U94/><REACH who="1" step="1"/><E131/><REACH who="1" ten="212,255,289,234" step="2"/><V111/><F1/><W78/><G34/><T17/><D115/><U32/><E32/><V44/><F3/><W109/><G37/><T135/><D110/><U122/><E122/><V113/><F111/><W22/><G22/><T11/><D135/><U106/><E106/><V24/><F123/><W92/><G105/><T25/><D36/><U116/><E116/><V73/><F113/><W86/><G109/><T89/><D25/><U6/><E6/><V7/><F7/><W112/><G27/><T107/><D107/><U97/><E97/><V127/><F99/><W133/><G133/><T96/><D30/><U134/><E134/><V8/><F98/><W64/><G16/><N who="2" m="6185" /><F24/><W119/><G119/><T90/><D42/><U31/><E31/><V101/><F9/><W59/><G41/><T35/><D35/><U82/><E82/><V5/><F8/><W47/><G83/><T20/><D20/><U52/><E52/><V132/><F10/><W75/><G112/><T124/><D124/><U66/><E66/><V93/><F67/><W48/><G64/><T43/><D43/><U4/><E4/><V49/><F5/><W12/><G12/><RYUUKYOKU ba="0,1" sc="212,-10,255,30,289,-10,234,-10" hai1="21,26,29,51,53,60,62,72,76,80,87,91,94" /><INIT seed="8,1,1,5,0,104" ten="202,285,279,224" oya="0" hai0="100,46,113,92,97,98,115,91,131,81,88,111,17" hai1="126,9,71,82,95,28,101,79,132,74,6,20,122" hai2="84,52,65,94,105,110,43,45,53,80,34,130,112" hai3="57,25,123,64,96,23,10,41,124,1,75,87,60"/><T32/><D32/><U51/><E122/><V11/><F105/><W129/><G124/><T99/><D46/><U5/><E71/><V18/><F34/><W120/><G129/><T49/><D49/><U4/><E132/><V14/><F110/><W114/><G114/><N who="0" m="43531" /><D17/><U22/><E9/><V56/><F112/><W67/><G41/><T55/><D55/><N who="2" m="21066" /><F130/><W76/><G64/><T3/><D3/><U33/><E126/><V36/><F36/><W117/><G10/><T70/><D70/><U89/><E101/><V108/><F108/><W21/><G1/><T128/><D111/><U116/><E116/><V13/><F94/><W107/><G117/><T103/><D128/><U85/><E51/><N who="2" m="27071" /><F14/><W93/><G120/><T50/><D50/><U78/><E79/><N who="2" m="46111" /><F65/><W47/><G67/><T0/><D0/><U15/><E15/><V62/><F62/><W44/><G60/><T48/><D48/><U90/><E89/><N who="0" m="34377" /><D131/><U119/><E119/><V31/><F31/><W2/><G2/><T7/><D7/><U54/><E54/><V73/><F56/><W30/><G21/><T38/><D38/><U42/><E42/><V121/><F121/><W61/><G123/><T68/><D68/><U63/><E63/><V19/><F19/><W127/><G127/><T134/><D134/><U37/><E37/><V83/><F18/><W12/><G25/><T118/><D118/><U109/><E109/><V135/><F135/><W77/><G30/><T8/><D8/><U29/><E28/><V102/><F11/><W133/><G133/><T40/><D40/><U27/><AGARI ba="1,1" hai="4,5,6,20,22,27,29,33,74,78,82,85,90,95" machi="27" ten="30,4000,0" yaku="5,1,0,1,52,1" doraHai="104" who="1" fromWho="1" sc="202,-21,285,53,279,-11,224,-11" owari="181,-32.0,338,44.0,268,7.0,213,-19.0" /></mjloggm>