<mjloggm ver="2.3"><GO type="169" lobby="0"/><UN n0="%E3%83%96%E3%83%AB%E3%83%96%E3%83%AB%E3%83%8F%E3%83%BC%E3%83%84" n1="%E7%AB%8B%E8%8F%AF%E5%A5%8F" n2="%E3%82%A6%E3%83%AB%E3%83%88%E3%83%A9%E7%AB%8B%E7%9B%B4" n3="%E3%83%AB%E3%83%8D%E3%82%B9%E3%82%BF" dan="16,16,18,17" rate="2095.09,2089.83,2274.88,2089.56" sx="M,F,M,M"/><TAIKYOKU oya="0"/><INIT seed="0,0,0,1,4,99" ten="250,250,250,250" oya="0" hai0="22,80,76,7,18,40,33,9,126,113,123,2,36" hai1="47,51,130,44,52,73,132,59,54,85,114,102,64" hai2="60,53,135,56,91,74,58,95,111,25,88,92,35" hai3="3,12,41,61,71,86,127,107,124,34,118,55,42"/><T96/><D113/><U101/><E73/><V23/><F74/><W121/><G3/><T10/><D123/><U0/><E0/><V84/><F35/><W48/><G107/><T112/><D112/><U90/><E114/><V103/><F111/><W16/><G34/><T5/><D33/><U106/><E106/><V43/><F135/><W81/><G118/><T131/><D131/><U134/><E130/><V133/><F133/><N who="1" m="51305" /><E64/><V66/><F43/><W122/><G61/><T30/><D30/><U4/><E4/><V129/><F129/><W89/><G71/><T17/><D126/><N who="3" m="48169" /><G55/><T19/><D22/><U24/><E24/><V100/><F25/><W72/><G72/><N who="0" m="43015" /><D96/><U6/><E6/><V1/><F1/><W39/><G39/><T117/><D5/><U63/><E44/><V49/><F23/><N who="3" m="11655" /><G48/><T68/><D68/><U38/><E38/><V97/><AGARI ba="0,0" hai="49,53,56,58,60,66,84,88,91,92,95,97,100,103" machi="97" ten="20,12000,2" yaku="0,1,7,1,8,1,52,2,54,1" doraHai="99" who="2" fromWho="2" sc="250,-60,250,-30,250,120,250,-30" /><INIT seed="1,0,0,4,3,92" ten="190,220,370,220" oya="1" hai0="38,90,47,84,65,29,46,12,64,43,71,28,53" hai1="87,76,69,54,121,7,117,62,11,110,119,133,1" hai2="135,78,20,10,35,132,26,32,83,107,68,129,128" hai3="77,89,41,127,63,124,60,19,13,52,99,36,50"/><U88/><E121/><V45/><F68/><W85/><G36/><T112/><D112/><U51/><E76/><V23/><F45/><W95/><G41/><T56/><D47/><U82/><E133/><N who="2" m="51275" /><F107/><W103/><G77/><T57/><D12/><U66/><REACH who="1" step="1"/><E110/><REACH who="1" ten="190,210,370,220" step="2"/><V86/><F10/><N who="3" m="6583" /><G127/><T100/><D38/><U37/><E37/><V27/><F129/><W55/><G124/><T34/><D43/><U75/><E75/><V25/><F128/><W105/><G55/><T73/><D53/><U91/><E91/><V108/><F108/><W74/><G74/><T48/><D90/><U30/><E30/><V120/><F120/><W102/><G102/><T44/><D100/><U114/><E114/><V6/><F6/><W58/><G105/><T115/><D73/><U40/><E40/><V70/><F78/><W101/><G103/><T4/><D4/><U9/><E9/><V126/><F126/><W18/><G18/><T67/><D115/><U59/><AGARI ba="0,1" hai="1,7,11,51,54,59,62,66,69,82,87,88,117,119" machi="59" ten="20,7800,0" yaku="1,1,0,1,7,1,54,1,53,0" doraHai="92" doraHaiUra="125" who="1" fromWho="1" sc="190,-26,210,88,370,-26,220,-26" /><INIT seed="1,1,0,1,4,105" ten="164,298,344,194" oya="1" hai0="126,26,57,31,4,71,114,127,99,74,102,42,101" hai1="83,59,20,108,72,0,122,50,120,52,130,38,88" hai2="94,77,117,110,67,36,119,70,35,39,22,65,30" hai3="18,131,56,12,103,98,7,58,29,3,34,75,109"/><U124/><E0/><V78/><F22/><W61/><G109/><T32/><D114/><U24/><E38/><V82/><F94/><W80/><G131/><T90/><D71/><U53/><E130/><V21/><F21/><W45/><G45/><T92/><D42/><U55/><E108/><V40/><F110/><W16/><G3/><T66/><D4/><U49/><E124/><N who="0" m="47657" /><D74/><U60/><E49/><V73/><F67/><W15/><G75/><T133/><D133/><U51/><E51/><V135/><F78/><W69/><G69/><T5/><D5/><U81/><E81/><V63/><F135/><W28/><G7/><T11/><D11/><U48/><E48/><V128/><F128/><W97/><G61/><AGARI ba="1,0" hai="26,31,32,57,61,66,90,92,99,101,102" m="47657" machi="61" ten="30,1000,0" yaku="18,1" doraHai="105" who="0" fromWho="3" sc="164,13,298,0,344,0,194,-13" /><INIT seed="2,0,0,1,3,78" ten="177,298,344,181" oya="2" hai0="15,57,132,123,24,10,111,83,73,55,93,75,41" hai1="14,16,27,99,13,1,125,65,115,106,59,51,22" hai2="118,79,92,53,94,3,30,84,7,31,131,87,52" hai3="91,121,35,120,80,50,134,135,43,64,72,25,12"/><V4/><F3/><W96/><G64/><T18/><D123/><U95/><E1/><V114/><F131/><W122/><G12/><T110/><D132/><U2/><E2/><V47/><F79/><N who="3" m="44135" /><G35/><T6/><D41/><U67/><E106/><V5/><F47/><W44/><G25/><T101/><D101/><U102/><E115/><V128/><F4/><W90/><G50/><T54/><D93/><U126/><E67/><V34/><F128/><W112/><G44/><T40/><D40/><U45/><E59/><V127/><F34/><W105/><G43/><T100/><D100/><U98/><E98/><V56/><F56/><W119/><G119/><T71/><D71/><U82/><E65/><V26/><F26/><W17/><G17/><T109/><D83/><U86/><E126/><V39/><F127/><W29/><G29/><T133/><D133/><N who="3" m="50697" /><G112/><T42/><D42/><N who="1" m="25015" /><E125/><V89/><F114/><W28/><G28/><T20/><D54/><U9/><E9/><V81/><F118/><W113/><G113/><T116/><REACH who="0" step="1"/><D116/><REACH who="0" ten="167,298,344,181" step="2"/><U77/><AGARI ba="0,1" hai="13,14,16,22,27,77,82,86,95,99,102" m="25015" machi="77" ten="30,4000,0" yaku="8,1,52,1,54,1" doraHai="78" who="1" fromWho="1" sc="167,-10,298,50,344,-20,181,-10" /><INIT seed="3,0,0,2,0,1" ten="157,348,324,171" oya="3" hai0="44,88,24,127,110,55,65,17,115,74,39,81,69" hai1="112,28,21,5,13,0,90,7,19,11,111,126,131" hai2="56,118,31,9,108,58,75,93,101,35,107,47,80" hai3="132,92,68,45,25,2,116,119,10,114,67,18,61"/><W100/><G114/><T15/><D110/><U105/><E111/><V76/><F118/><W63/><G132/><T102/><D115/><U97/><E112/><V49/><F108/><W94/><G45/><T48/><D127/><U84/><E126/><V34/><F34/><W30/><G63/><N who="0" m="40127" /><D102/><U79/><E131/><V124/><F124/><W66/><G66/><T83/><D24/><U125/><E125/><V72/><F72/><W16/><G94/><T103/><D103/><U106/><E79/><V86/><F31/><W128/><G128/><T51/><D51/><U59/><E28/><V135/><F35/><W73/><G73/><T41/><D88/><U134/><E134/><V64/><F64/><W53/><G53/><T71/><D71/><U23/><E97/><V85/><F85/><W6/><G119/><T52/><D55/><U121/><E121/><V123/><F123/><W54/><G54/><T37/><D37/><U3/><E59/><V20/><F58/><W95/><G95/><T87/><D87/><U4/><E23/><V43/><F56/><W133/><G116/><T46/><D74/><U77/><E77/><V33/><F75/><W122/><G122/><T12/><D12/><U57/><E57/><V40/><F135/><W89/><G133/><T22/><D81/><U32/><E32/><V42/><F80/><W98/><G100/><T78/><D83/><N who="1" m="49439" /><E0/><V27/><F101/><W82/><G82/><T38/><D78/><U29/><E29/><V130/><F76/><W113/><G113/><T60/><D60/><U120/><E120/><V8/><F130/><RYUUKYOKU ba="0,0" sc="157,10,348,10,324,-30,171,10" hai0="15,17,22,38,39,41,44,46,48,52" hai1="3,4,5,7,11,13,19,21,105,106" hai3="2,6,10,16,18,25,30,61,67,68,89,92,98" /><INIT seed="3,1,0,1,2,98" ten="167,358,294,181" oya="3" hai0="134,32,82,6,117,70,45,56,89,33,53,88,39" hai1="64,66,55,37,97,129,132,63,67,124,74,128,133" hai2="131,25,116,41,19,93,12,102,7,111,110,135,5" hai3="65,62,130,14,83,46,113,22,38,73,90,106,77"/><W123/><G113/><T28/><D117/><U36/><E74/><V57/><F116/><W58/><G123/><T49/><D134/><N who="1" m="51819" /><E97/><V68/><F68/><W0/><G0/><T31/><D70/><U24/><E24/><V40/><F25/><W81/><G130/><N who="1" m="50282" /><E124/><V21/><F57/><AGARI ba="1,0" hai="36,37,55,57,63,64,66,67" m="50282,51819" machi="57" ten="40,8000,1" yaku="20,1,19,1,34,2" doraHai="98" who="1" fromWho="2" sc="167,0,358,83,294,-83,181,0" /><INIT seed="4,0,0,1,3,27" ten="167,441,211,181" oya="0" hai0="22,58,95,115,94,41,48,25,54,64,75,84,6" hai1="32,35,10,57,125,69,98,72,18,87,113,5,93" hai2="103,118,126,23,135,65,71,79,15,81,36,62,70" hai3="34,43,50,114,86,128,134,74,21,107,83,59,76"/><T24/><D75/><U44/><E69/><V60/><F36/><W130/><G34/><T120/><D120/><U67/><E72/><V42/><F42/><W108/><G108/><T12/><D115/><U31/><E125/><V9/><F103/><W1/><G1/><T40/><D25/><U133/><E113/><V39/><F39/><W92/><G114/><T20/><D64/><U89/><E18/><V51/><F51/><W14/><G107/><T111/><D111/><U124/><E124/><V13/><F135/><W78/><G134/><T11/><D20/><U8/><E44/><V102/><F102/><W96/><G78/><T99/><D84/><U29/><E133/><V38/><F38/><W104/><G104/><T46/><D99/><U90/><E32/><V52/><F23/><W116/><G116/><T101/><D101/><U0/><E35/><V129/><F129/><W66/><G66/><T100/><D100/><U123/><E123/><V2/><F71/><W63/><G96/><T68/><D40/><U55/><E67/><V16/><F118/><W121/><G43/><T30/><REACH who="0" step="1"/><D68/><REACH who="0" ten="157,441,211,181" step="2"/><U17/><E87/><N who="2" m="48575" /><F65/><W56/><G121/><T28/><D28/><U110/><E110/><V73/><F70/><W106/><G74/><T3/><D3/><U19/><E0/><V109/><F2/><W53/><G86/><T105/><D105/><U37/><E29/><V82/><F109/><W7/><G106/><T122/><D122/><U47/><E31/><V131/><F73/><W88/><G21/><T112/><D112/><U33/><E98/><V119/><F119/><RYUUKYOKU ba="0,1" sc="157,30,441,-10,211,-10,181,-10" hai0="6,11,12,22,24,30,41,46,48,54,58,94,95" /><INIT seed="4,1,1,0,0,58" ten="187,431,201,171" oya="0" hai0="66,113,30,56,6,4,133,122,35,68,24,32,117" hai1="1,132,124,76,64,88,98,16,92,77,12,36,84" hai2="41,134,123,37,61,57,96,3,49,34,5,125,29" hai3="114,80,110,101,115,45,33,112,82,79,18,19,106"/><T20/><D68/><U121/><E36/><V107/><F123/><W71/><G33/><T100/><D117/><U27/><E1/><V78/><F125/><W40/><G110/><T8/><D122/><U55/><E124/><V9/><F134/><W0/><G0/><T81/><D133/><U22/><E64/><V60/><F49/><W111/><G111/><T129/><D113/><U51/><E132/><V74/><F57/><W17/><G71/><T99/><D81/><U48/><E121/><V130/><F130/><W54/><G54/><T42/><D42/><U31/><E98/><V89/><F29/><W94/><G106/><T90/><D90/><U69/><E69/><V87/><F34/><W127/><G127/><T120/><D6/><U50/><REACH who="1" step="1"/><E55/><REACH who="1" ten="187,421,201,171" step="2"/><V7/><F96/><N who="3" m="59543" /><G79/><T91/><D120/><U83/><E83/><N who="2" m="45527" /><F107/><W59/><G59/><T131/><D129/><U26/><E26/><V10/><F37/><AGARI ba="1,2" hai="17,18,19,37,40,45,80,82,112,114,115" m="59543" machi="37" ten="40,1300,0" yaku="15,1" doraHai="58" who="3" fromWho="2" sc="187,0,421,0,201,-16,171,36" /><INIT seed="5,0,0,4,2,125" ten="187,421,185,207" oya="1" hai0="88,57,26,101,3,6,108,37,10,51,123,59,86" hai1="8,115,18,87,49,134,69,89,98,103,66,118,7" hai2="90,53,73,65,92,36,2,29,120,52,105,91,109" hai3="21,119,9,17,79,58,43,116,110,82,56,117,28"/><U42/><E118/><V35/><F105/><W47/><G110/><T55/><D108/><U126/><E126/><V63/><F109/><W78/><G9/><T132/><D132/><U12/><E134/><V33/><F120/><W122/><G28/><T99/><D37/><U96/><E115/><V41/><F73/><W72/><G79/><T131/><D123/><U64/><E69/><V97/><F2/><W77/><G78/><T121/><D26/><U61/><E61/><V81/><F41/><W31/><G31/><T74/><D74/><U75/><E75/><V76/><F36/><N who="3" m="21991" /><G122/><T50/><D121/><U22/><E42/><V84/><F76/><W34/><G34/><T106/><D57/><U113/><E49/><V67/><F67/><N who="1" m="25641" /><E113/><V62/><F29/><W19/><G19/><T114/><D50/><U85/><E103/><V130/><F33/><W128/><G17/><T94/><REACH who="0" step="1"/><D114/><REACH who="0" ten="177,421,185,207" step="2"/><U4/><E4/><V15/><F63/><W83/><G72/><T13/><D13/><N who="1" m="9551" /><E85/><V100/><F84/><W30/><G117/><T111/><D111/><U40/><E40/><V46/><F62/><W44/><G116/><T68/><D68/><U129/><E87/><V20/><F15/><W39/><G119/><T133/><D133/><U38/><E38/><V25/><F25/><W127/><G39/><T107/><D107/><U14/><E12/><V124/><F124/><W104/><G127/><T70/><D70/><U102/><E14/><V93/><F46/><W32/><G104/><T80/><D80/><U95/><E7/><V23/><F81/><W54/><G83/><RYUUKYOKU ba="0,1" sc="177,30,421,-10,185,-10,207,-10" hai0="3,6,10,51,55,59,86,88,94,99,101,106,131" /><INIT seed="6,1,1,3,1,34" ten="207,411,175,197" oya="2" hai0="74,88,58,111,93,40,128,109,27,127,56,105,19" hai1="122,62,90,24,52,75,49,131,116,91,81,79,13" hai2="78,133,55,135,95,104,121,77,5,107,80,98,129" hai3="59,41,118,23,76,82,73,42,119,61,108,102,110"/><V120/><F5/><W99/><G110/><T25/><D105/><N who="2" m="40522" /><F55/><W89/><G108/><T124/><D74/><U132/><E116/><V69/><F69/><W48/><G89/><T114/><D40/><U36/><E36/><V0/><F0/><W92/><G23/><N who="0" m="13567" /><D128/><U26/><E131/><V68/><F68/><W57/><G42/><T117/><D114/><U125/><E62/><V20/><F20/><W31/><G31/><T10/><D117/><U65/><E65/><V123/><F129/><W64/><REACH who="3" step="1"/><G59/><REACH who="3" ten="207,411,175,187" step="2"/><T134/><D56/><U32/><E32/><V115/><F115/><W54/><G54/><T87/><D58/><U103/><E52/><V47/><F47/><AGARI ba="1,2" hai="41,47,48,57,61,64,73,76,82,92,99,102,118,119" machi="47" ten="40,1300,0" yaku="1,1,53,0" doraHai="34" doraHaiUra="16" who="3" fromWho="2" sc="207,0,411,0,175,-16,187,36" /><INIT seed="7,0,0,4,4,79" ten="207,411,159,223" oya="3" hai0="49,68,84,114,92,6,60,87,18,78,73,27,26" hai1="29,48,107,108,131,132,22,112,116,97,125,63,61" hai2="57,45,28,44,8,123,30,19,134,15,82,36,129" hai3="58,130,32,115,2,20,35,47,0,90,1,41,71"/><W98/><G71/><T122/><D122/><U56/><E108/><V55/><F129/><W75/><G130/><T50/><D73/><U127/><E131/><V111/><F111/><W66/><G75/><T24/><D68/><U37/><E37/><V133/><F123/><W105/><G115/><T72/><D72/><U52/><E112/><V74/><F36/><W101/><G20/><T62/><D6/><U11/><E11/><V53/><F45/><W135/><G135/><T80/><D18/><U43/><E132/><N who="2" m="50795" /><F44/><W25/><G25/><T4/><D4/><U23/><E116/><V93/><F93/><W88/><G35/><T89/><D114/><U46/><E61/><AGARI ba="0,0" hai="24,26,27,49,50,60,61,62,78,80,84,87,89,92" machi="61" ten="40,2600,0" yaku="8,1,52,1" doraHai="79" who="0" fromWho="1" sc="207,26,411,-26,159,0,223,0" owari="233,3.0,385,49.0,159,-34.0,223,-18.0" /></mjloggm>