<mjloggm ver="2.3"><GO type="169" lobby="0"/><UN n0="%E3%82%A6%E3%83%AB%E3%83%88%E3%83%A9%E7%AB%8B%E7%9B%B4" n1="%E3%83%A9%E3%83%83%E3%82%AD%E3%83%BC%E3%83%89%E3%83%83%E3%82%B0" n2="%E8%82%89%E2%98%86%E6%A3%92%E5%A4%AA%E9%83%8E" n3="%E3%83%A1%E3%82%AC%E3%83%B3%E3%83%86" dan="17,16,16,16" rate="2115.83,2134.54,2178.78,2067.26" sx="M,M,M,F"/><TAIKYOKU oya="0"/><INIT seed="0,0,0,4,3,2" ten="250,250,250,250" oya="0" hai0="105,17,5,68,124,41,33,130,23,87,88,107,81" hai1="60,16,84,127,93,36,48,122,38,34,13,32,43" hai2="57,114,53,133,90,117,98,46,50,115,119,61,94" hai3="85,64,89,67,45,106,103,59,20,3,111,19,77"/><T80/><D33/><U97/><E122/><V123/><F123/><W113/><G111/><T51/><D68/><U44/><E127/><V134/><F90/><W54/><G113/><T96/><D124/><U26/><E60/><V42/><F98/><W76/><G3/><T7/><D130/><U72/><E84/><V11/><F11/><W1/><G45/><N who="0" m="26031" /><D105/><U24/><E72/><V40/><F40/><W15/><G103/><T79/><D107/><U49/><E49/><V126/><F94/><N who="3" m="54575" /><G1/><T86/><D96/><U30/><E26/><AGARI ba="0,0" hai="5,7,17,23,26,79,80,81,86,87,88" m="26031" machi="26" ten="30,11600,0" yaku="8,1,52,2,54,1" doraHai="2" who="0" fromWho="1" sc="250,116,250,-116,250,0,250,0" /><INIT seed="0,1,0,4,3,132" ten="366,134,250,250" oya="0" hai0="121,96,82,14,25,115,75,54,55,3,68,22,23" hai1="127,35,83,97,60,111,8,17,94,1,26,105,87" hai2="79,57,112,120,5,19,37,129,124,99,123,103,119" hai3="74,116,91,18,9,42,16,13,58,31,95,67,7"/><T49/><D3/><U33/><E105/><V72/><F37/><W109/><G116/><T71/><D121/><U47/><E111/><V53/><F5/><W27/><G109/><T46/><D115/><U29/><E47/><V76/><F112/><W117/><G74/><T135/><D135/><U4/><E17/><V122/><F19/><W69/><G69/><T126/><D14/><U30/><E30/><V92/><F72/><W41/><G117/><T36/><D36/><U62/><E35/><V98/><F119/><W65/><G7/><T50/><D96/><U66/><E66/><N who="3" m="25098" /><G31/><T78/><D126/><U52/><E52/><V45/><F45/><W6/><G58/><T10/><D10/><U51/><E51/><V84/><F57/><W70/><G70/><T64/><D64/><U0/><E0/><V34/><F53/><W2/><G2/><T59/><REACH who="0" step="1"/><D22/><REACH who="0" ten="356,134,250,250" step="2"/><U24/><E127/><V134/><F124/><W100/><G9/><T101/><D101/><U73/><E1/><V32/><F134/><W80/><G100/><T20/><D20/><U48/><E8/><V118/><F118/><W130/><G13/><T63/><D63/><U85/><E60/><V21/><F21/><W89/><G27/><T11/><D11/><U28/><E26/><V88/><F99/><N who="3" m="57839" /><G6/><T40/><D40/><U108/><E4/><V15/><F15/><W125/><G125/><T44/><D44/><U110/><E108/><V38/><F38/><W106/><G41/><T114/><D114/><U12/><E110/><V104/><F129/><W102/><G130/><T81/><D81/><RYUUKYOKU ba="1,1" sc="356,15,134,-15,250,15,250,-15" hai0="23,25,46,49,50,54,55,59,68,71,75,78,82" hai2="32,34,76,79,84,88,92,98,103,104,120,122,123" /><INIT seed="0,2,1,5,0,41" ten="371,119,265,235" oya="0" hai0="20,77,106,133,7,104,109,98,92,40,8,61,123" hai1="17,66,84,85,25,48,64,9,30,120,15,125,80" hai2="81,18,51,19,114,105,126,63,57,39,113,83,134" hai3="46,0,36,29,82,23,21,74,32,35,127,129,78"/><T45/><D123/><U79/><E120/><V96/><F39/><W128/><G127/><T53/><D77/><U62/><E125/><V103/><F126/><W60/><G60/><T111/><D20/><N who="3" m="7753" /><G0/><T122/><D122/><U101/><E101/><V6/><F134/><W52/><G29/><T95/><D133/><U75/><E64/><V34/><F34/><W90/><G90/><T1/><D53/><U132/><E132/><V87/><F6/><W108/><G36/><T31/><D61/><U14/><E14/><V118/><F83/><W119/><G119/><T71/><D71/><U47/><E25/><V121/><F118/><W107/><G107/><T67/><D67/><U55/><REACH who="1" step="1"/><E30/><REACH who="1" ten="371,109,265,235" step="2"/><V73/><F121/><W124/><G124/><T27/><D27/><U89/><E89/><V93/><F103/><W44/><G108/><T88/><D31/><U10/><E10/><V68/><F68/><AGARI ba="2,2" hai="9,15,17,47,48,55,62,66,68,75,79,80,84,85" machi="68" ten="30,7700,0" yaku="1,1,7,1,52,1,53,1" doraHai="41" doraHaiUra="72" who="1" fromWho="2" sc="371,0,109,103,265,-83,235,0" /><INIT seed="1,0,0,3,3,33" ten="371,212,182,235" oya="1" hai0="15,11,63,38,102,40,66,128,112,1,26,5,84" hai1="64,45,125,41,127,110,52,109,67,32,108,12,25" hai2="57,7,76,47,68,85,55,60,23,51,124,27,74" hai3="113,80,54,101,49,122,22,2,13,100,59,21,91"/><U46/><E12/><V79/><F68/><W31/><G113/><T4/><D112/><U0/><E0/><V89/><F74/><W132/><G122/><T48/><D38/><N who="1" m="21687" /><E25/><V65/><F124/><N who="1" m="47689" /><E32/><V92/><REACH who="2" step="1"/><F7/><REACH who="2" ten="371,212,172,235" step="2"/><W131/><G132/><T62/><D5/><U93/><E93/><V86/><F86/><W98/><G98/><T17/><D84/><U14/><E14/><V81/><F81/><W42/><G13/><T53/><D15/><U114/><E114/><V6/><F6/><W75/><G80/><T35/><D4/><U130/><E130/><V119/><F119/><W78/><G75/><T44/><D128/><U50/><AGARI ba="0,1" hai="46,50,52,64,67,108,109,110" m="47689,21687" machi="50" ten="40,18000,2" yaku="14,1,10,1,18,1,34,2,54,1" doraHai="33" who="1" fromWho="1" sc="371,-60,212,190,172,-60,235,-60" /><INIT seed="1,1,0,4,1,19" ten="311,402,112,175" oya="1" hai0="46,60,17,110,21,30,14,13,59,67,74,1,123" hai1="31,10,4,23,122,12,121,118,134,76,92,5,129" hai2="70,112,71,106,33,107,28,84,11,73,29,66,45" hai3="115,117,37,35,32,34,94,119,80,69,77,95,88"/><U65/><E76/><V72/><F11/><W40/><G69/><T133/><D1/><U43/><E43/><V109/><F45/><N who="3" m="23695" /><G115/><T63/><D74/><N who="2" m="28778" /><F84/><N who="3" m="50183" /><G77/><T44/><D110/><U104/><E104/><N who="2" m="39979" /><F66/><W39/><G39/><T78/><D133/><U22/><E65/><V68/><F33/><W42/><G42/><T124/><D124/><U57/><E57/><V15/><F15/><W27/><G27/><N who="0" m="16751" /><D123/><U64/><E64/><V89/><F89/><W79/><G79/><T24/><D78/><U20/><E122/><V25/><F25/><W41/><G41/><T125/><D125/><U108/><E121/><V131/><F109/><W126/><G126/><T87/><D63/><U103/><E108/><V102/><F102/><W75/><G75/><T7/><D87/><U116/><E134/><V62/><F62/><W58/><G58/><T2/><D2/><U111/><E111/><V83/><F83/><W56/><G56/><T135/><D135/><U132/><E132/><V99/><F99/><W82/><G82/><T18/><D24/><U96/><E31/><N who="2" m="11851" /><F112/><W38/><G38/><T100/><D100/><U120/><E120/><V90/><F90/><W16/><G16/><N who="0" m="6251" /><D14/><U3/><REACH who="1" step="1"/><E129/><AGARI ba="1,0" hai="68,70,71,129,131" m="11851,39979,28778" machi="129" ten="50,3200,0" yaku="28,2" doraHai="19" who="2" fromWho="1" sc="311,0,402,-35,112,35,175,0" /><INIT seed="2,0,0,2,0,54" ten="311,367,147,175" oya="2" hai0="11,85,127,104,82,129,78,20,68,83,116,6,25" hai1="9,63,51,36,69,48,58,14,4,115,117,1,50" hai2="53,124,21,102,109,42,45,62,95,71,0,15,44" hai3="99,33,49,96,91,114,35,80,112,88,120,125,55"/><V40/><F0/><W3/><G120/><T97/><D68/><U110/><E110/><V18/><F109/><W29/><G3/><T111/><D111/><U57/><E36/><V19/><F124/><W26/><G35/><T65/><D127/><U8/><E115/><N who="3" m="44074" /><G125/><T73/><D129/><U132/><E117/><V5/><F5/><W98/><G80/><T130/><D130/><U75/><E75/><V38/><F102/><W66/><G66/><T34/><D34/><U119/><E119/><V86/><F19/><W94/><G94/><T105/><D65/><U74/><E74/><V113/><F113/><W24/><G26/><T16/><D97/><N who="3" m="24833" /><W43/><DORA hai="7" /><G43/><N who="2" m="16425" /><F71/><W101/><G101/><T70/><D70/><U47/><E132/><V76/><F38/><W59/><AGARI ba="0,0" hai="24,29,33,49,55,59,88,91" m="24833,44074" machi="59" ten="40,5200,0" yaku="11,1,52,1,54,1" doraHai="54,7" who="3" fromWho="3" sc="311,-13,367,-13,147,-26,175,52" /><INIT seed="3,0,0,2,4,8" ten="298,354,121,227" oya="3" hai0="81,119,18,104,98,50,129,14,125,127,40,107,24" hai1="70,131,79,90,49,59,114,35,117,89,0,26,56" hai2="95,80,5,13,48,33,34,4,92,109,32,115,73" hai3="53,39,91,86,66,83,28,132,128,85,78,101,76"/><W46/><G66/><T31/><D119/><U63/><E0/><V112/><F109/><W106/><G28/><T108/><D81/><U102/><E114/><V72/><F80/><N who="3" m="47255" /><G53/><T57/><D98/><U36/><E36/><V75/><F48/><W69/><G46/><N who="0" m="25927" /><D57/><U47/><E70/><V21/><F21/><W41/><G41/><T74/><D74/><U43/><E102/><V64/><F64/><W29/><G29/><T11/><D108/><U2/><E2/><V10/><REACH who="2" step="1"/><F5/><REACH who="2" ten="298,354,111,227" step="2"/><W97/><G39/><T3/><D129/><U61/><E49/><V12/><F12/><W133/><G128/><T15/><D15/><U94/><E131/><V99/><F99/><N who="3" m="61759" /><G69/><T17/><D18/><U105/><E117/><V122/><F122/><W130/><G130/><T87/><D3/><U27/><E27/><V120/><F120/><W100/><G76/><T84/><D24/><U30/><E26/><V62/><F62/><W71/><G71/><T110/><D110/><U126/><E61/><V55/><F55/><W58/><G58/><T118/><D118/><U51/><E63/><V88/><F88/><N who="1" m="33897" /><E56/><V82/><F82/><W16/><G16/><T113/><D31/><U111/><E30/><V20/><F20/><W45/><G45/><T44/><D44/><U38/><E47/><V65/><F65/><W135/><G132/><T77/><D77/><U103/><E59/><V67/><F67/><W93/><AGARI ba="0,1" hai="83,86,91,93,97,100,133,135" m="61759,47255" machi="93" ten="30,3000,0" yaku="34,2" doraHai="8" who="3" fromWho="3" sc="298,-10,354,-10,111,-10,227,40" /><INIT seed="3,1,0,1,2,37" ten="288,344,101,267" oya="3" hai0="56,60,10,128,71,4,67,90,2,12,0,101,115" hai1="59,55,62,125,11,78,113,14,25,9,26,23,5" hai2="41,21,120,83,33,8,35,79,51,45,122,52,85" hai3="76,112,3,24,38,123,135,64,57,88,49,129,16"/><W47/><G112/><T96/><D128/><U130/><E113/><V6/><F21/><N who="3" m="13351" /><G38/><T27/><D115/><U32/><E130/><V17/><F17/><W97/><G3/><T86/><D71/><U65/><E125/><V110/><F110/><W39/><G39/><T84/><D27/><U34/><E78/><V134/><F134/><W20/><G123/><T105/><REACH who="0" step="1"/><D86/><REACH who="0" ten="278,344,101,267" step="2"/><U111/><E111/><V46/><F122/><W81/><G129/><T127/><D127/><U63/><E26/><V70/><F70/><W91/><G135/><T19/><D19/><U40/><E25/><V80/><F120/><W95/><G20/><T132/><D132/><U98/><E23/><V72/><F83/><AGARI ba="1,1" hai="0,2,4,10,12,56,60,67,83,84,90,96,101,105" machi="83" ten="30,2000,0" yaku="1,1,7,1,53,0" doraHai="37" doraHaiUra="121" who="0" fromWho="2" sc="278,33,344,0,101,-23,267,0" /><INIT seed="4,0,0,5,0,127" ten="311,344,78,267" oya="0" hai0="40,82,31,100,3,25,53,18,26,91,30,90,87" hai1="83,89,122,104,121,102,117,21,11,123,2,134,129" hai2="93,84,110,35,36,9,32,92,126,62,29,23,128" hai3="70,130,108,58,64,6,0,34,74,76,28,12,38"/><T52/><D3/><U15/><E117/><V67/><F36/><W131/><G108/><T99/><D40/><U69/><E69/><V73/><F73/><W101/><G38/><T5/><D5/><U78/><E134/><V19/><F110/><W115/><G115/><T57/><D91/><U60/><E60/><V135/><F126/><W106/><G58/><T133/><D133/><U72/><E21/><V77/><F135/><W41/><G41/><T55/><D57/><U112/><E89/><V124/><F124/><W79/><G12/><T56/><D56/><U44/><E15/><V20/><F9/><N who="3" m="2247" /><G74/><T54/><N who="0" m="13312" /><DORA hai="118" /><T37/><D37/><U95/><E95/><V111/><F35/><W109/><G109/><T94/><D18/><U65/><E65/><V45/><F32/><W27/><G79/><T113/><D113/><U71/><E71/><V10/><F10/><W33/><G76/><T116/><D116/><U120/><E44/><V68/><F45/><W39/><G34/><T48/><D48/><U7/><N who="1" m="30720" /><DORA hai="96" /><U105/><E112/><V86/><F111/><W22/><G39/><T43/><D43/><U85/><E102/><V80/><F62/><N who="3" m="40215" /><G22/><T49/><D49/><U8/><E8/><V61/><F23/><W125/><G125/><T88/><D90/><U63/><E63/><V66/><F61/><W132/><G132/><T24/><AGARI ba="0,0" hai="24,25,26,30,31,82,87,88,94,99,100" m="13312" machi="24" ten="50,12000,1" yaku="0,1,8,1,52,1,54,2" doraHai="127,118,96" who="0" fromWho="0" sc="311,120,344,-40,78,-40,267,-40" /><INIT seed="4,1,0,3,4,130" ten="431,304,38,227" oya="0" hai0="41,110,14,101,42,0,48,91,18,104,63,109,133" hai1="58,2,9,89,74,8,108,66,51,71,23,47,102" hai2="38,105,1,116,43,17,46,79,39,13,129,24,59" hai3="64,111,95,50,5,49,72,131,3,16,53,37,19"/><T68/><D0/><U100/><E74/><V29/><F105/><W32/><G111/><T99/><D91/><U20/><E108/><N who="0" m="41577" /><D48/><U132/><E132/><V96/><F1/><W33/><G37/><T73/><D73/><U82/><E71/><V57/><F39/><W76/><G64/><N who="0" m="40991" /><D133/><U25/><E2/><V103/><F116/><W84/><G72/><T44/><D44/><U87/><E20/><AGARI ba="1,0" hai="14,18,20,41,42,99,101,104" m="40991,41577" machi="20" ten="30,1500,0" yaku="10,1" doraHai="130" who="0" fromWho="1" sc="431,18,304,-18,38,0,227,0" /><INIT seed="4,2,0,1,1,51" ten="449,286,38,227" oya="0" hai0="47,89,97,35,122,134,43,100,67,23,27,24,42" hai1="44,38,116,94,99,75,121,19,29,130,48,114,66" hai2="87,59,107,5,11,9,37,132,64,1,126,78,115" hai3="135,31,71,108,58,33,32,96,86,128,13,45,113"/><T28/><D134/><U119/><E75/><V34/><F34/><W92/><G71/><T72/><D72/><U104/><E104/><V15/><F107/><W41/><G108/><T49/><D89/><U73/><E73/><V110/><F37/><W109/><G109/><T69/><D122/><U90/><E130/><V124/><F110/><W0/><G0/><T4/><D4/><U91/><E38/><V98/><F98/><W54/><G113/><T17/><D67/><U84/><E66/><V14/><F115/><W129/><G135/><T7/><D7/><U56/><E56/><V63/><F132/><W101/><G13/><T3/><D3/><U76/><E76/><V39/><F39/><N who="3" m="21695" /><G86/><T18/><D69/><U57/><E57/><V36/><F36/><W103/><G103/><T68/><D68/><U117/><E121/><V12/><F78/><W21/><G21/><T6/><D6/><U95/><E29/><V70/><F87/><W52/><G31/><T127/><D127/><U83/><E114/><V93/><F93/><W131/><G54/><T50/><D18/><U46/><E19/><V8/><REACH who="2" step="1"/><F70/><REACH who="2" ten="449,286,28,227" step="2"/><W82/><G82/><T10/><D97/><U53/><E83/><V79/><F79/><W80/><G80/><T105/><D105/><U25/><E119/><V30/><F30/><W88/><G101/><T112/><D100/><U16/><E117/><V65/><F65/><W60/><AGARI ba="2,1" hai="32,33,52,58,60,88,92,96,128,129,131" m="21695" machi="60" ten="30,7900,0" yaku="19,1,52,1,54,2" doraHai="51" who="3" fromWho="3" sc="449,-41,286,-22,28,-22,227,95" /><INIT seed="5,0,0,3,5,26" ten="408,264,6,322" oya="1" hai0="97,120,44,59,78,106,4,80,49,27,17,104,63" hai1="66,50,11,3,52,93,81,87,123,43,16,25,77" hai2="90,127,37,22,115,45,39,64,18,96,19,119,110" hai3="105,33,101,58,89,60,56,116,130,0,98,42,72"/><U133/><E123/><V85/><F110/><W124/><G0/><T15/><D27/><U28/><E133/><V5/><F119/><W79/><G130/><T88/><D4/><U71/><E43/><V36/><F45/><W82/><G116/><T108/><D108/><U12/><E3/><V62/><F5/><W92/><G124/><T70/><D70/><U131/><E131/><V34/><F34/><W61/><G42/><T38/><D38/><U40/><E40/><V23/><F127/><W118/><G33/><T74/><D49/><U112/><E112/><V99/><F115/><W107/><G118/><T129/><D44/><N who="1" m="27719" /><E71/><V2/><F2/><W30/><G30/><T103/><D106/><U91/><E66/><V8/><F8/><W14/><G14/><T125/><D125/><U83/><E77/><V7/><F7/><W9/><G9/><T41/><D41/><U48/><E48/><V21/><F85/><N who="3" m="52271" /><G107/><T113/><D113/><U69/><E69/><V51/><F51/><W94/><G94/><T1/><D1/><U128/><E128/><V24/><F90/><W47/><G47/><T73/><D73/><U13/><E13/><V86/><F86/><W126/><G126/><T55/><D129/><U75/><E75/><V109/><F109/><W68/><G68/><T10/><D120/><U95/><E95/><V114/><F114/><W46/><G46/><T135/><D135/><U76/><E76/><V32/><F32/><W102/><G102/><T117/><D117/><U134/><E134/><V84/><F84/><W122/><G122/><T35/><D35/><AGARI ba="0,0" hai="11,12,16,25,28,35,81,83,87,91,93" m="27719" machi="35" ten="30,11600,0" yaku="6,1,52,1,54,2" doraHai="26" who="1" fromWho="0" sc="408,-116,264,116,6,0,322,0" /><INIT seed="5,1,0,1,4,115" ten="292,380,6,322" oya="1" hai0="27,38,131,36,58,1,4,99,70,14,122,61,96" hai1="40,42,69,50,28,43,81,3,106,120,13,95,5" hai2="107,12,21,39,128,86,20,112,49,60,111,19,127" hai3="89,94,93,65,47,88,84,119,68,78,26,54,87"/><U77/><E106/><V98/><F39/><W100/><G68/><T109/><D70/><U52/><E69/><V126/><F111/><W23/><G65/><T97/><D1/><U48/><E120/><V44/><F112/><W46/><G78/><T132/><D109/><U82/><E28/><V101/><F60/><W56/><G100/><T59/><D122/><U2/><E95/><V133/><F86/><W75/><G75/><T57/><D131/><U22/><E50/><V64/><F64/><W66/><G66/><T71/><D132/><U37/><E37/><V108/><F108/><W102/><G102/><T29/><D71/><U53/><E53/><N who="2" m="29863" /><F133/><W110/><G119/><T25/><D61/><U79/><E2/><V114/><F114/><W11/><G11/><T10/><REACH who="0" step="1"/><D29/><REACH who="0" ten="282,380,6,322" step="2"/><U73/><E3/><V30/><F30/><N who="3" m="17759" /><G110/><T72/><D72/><U121/><E73/><V63/><F63/><AGARI ba="1,1" hai="46,47,54,56,63,84,87,88,89,93,94" m="17759" machi="63" ten="30,2000,0" yaku="8,1,54,1" doraHai="115" who="3" fromWho="2" sc="282,0,380,0,6,-23,322,33" owari="282,-12.0,380,48.0,-17,-52.0,355,16.0" /></mjloggm>