<mjloggm ver="2.3"><GO type="169" lobby="0"/><UN n0="%E8%97%8D%E8%91%89" n1="%64%6F%75%6D%6F%6B%75%6E" n2="%E3%83%88%E3%83%88%E3%83%AA%E5%85%88%E7%94%9F%31%39%E6%AD%B3" n3="%66%75%6A%69%62%6F%6B%75" dan="16,16,18,16" rate="2139.52,2153.50,2270.48,2070.40" sx="M,M,F,M"/><TAIKYOKU oya="0"/><INIT seed="0,0,0,2,3,106" ten="250,250,250,250" oya="0" hai0="125,51,22,63,38,55,96,107,121,29,32,9,69" hai1="80,14,53,49,10,17,41,20,104,19,30,129,57" hai2="13,131,115,117,133,56,42,120,78,79,3,72,65" hai3="73,90,40,28,128,82,88,7,12,18,97,44,68"/><T76/><D121/><U66/><E129/><V21/><F3/><W60/><G128/><T45/><D125/><U124/><E124/><V36/><F131/><W70/><G28/><T4/><D38/><U116/><E104/><V74/><F115/><W8/><G97/><T27/><D76/><U33/><E116/><V100/><F120/><W47/><G47/><T84/><D84/><U46/><E33/><V31/><F100/><W86/><G73/><N who="2" m="28265" /><F56/><W118/><G118/><T23/><D9/><U89/><E66/><V135/><F65/><W67/><G70/><T132/><D4/><U87/><E30/><V71/><F71/><W59/><G68/><T92/><D132/><N who="2" m="50762" /><F117/><W54/><G67/><N who="0" m="41215" /><D92/><U2/><E2/><V127/><F127/><W62/><G59/><T123/><D123/><U1/><E1/><V39/><F13/><W109/><G12/><T37/><D37/><N who="2" m="14410" /><F42/><W50/><G40/><T108/><D108/><U24/><E57/><V105/><F105/><W0/><G0/><T98/><D98/><U134/><E134/><V130/><F130/><W5/><G109/><T77/><D77/><U95/><E41/><V102/><F102/><AGARI ba="0,0" hai="22,23,27,29,32,45,51,55,96,102,107" m="41215" machi="102" ten="30,1500,0" yaku="25,1" doraHai="106" who="0" fromWho="2" sc="250,15,250,0,250,-15,250,0" /><INIT seed="0,1,0,3,3,18" ten="265,250,235,250" oya="0" hai0="104,37,79,101,51,1,27,3,111,49,114,12,43" hai1="128,60,122,53,61,47,57,32,133,31,23,20,41" hai2="78,77,75,4,7,102,35,45,124,109,132,22,120" hai3="84,98,48,63,36,40,116,33,126,11,99,95,30"/><T127/><D114/><U56/><E122/><V129/><F120/><W17/><G116/><T94/><D127/><U15/><E133/><V59/><F35/><W42/><G36/><T62/><D79/><N who="2" m="30218" /><F75/><W83/><G126/><T118/><D118/><U19/><E128/><V0/><F0/><W67/><G33/><T71/><D37/><U134/><E32/><V10/><F10/><W25/><G30/><T29/><D3/><U135/><E134/><V38/><F38/><W107/><G107/><T89/><D1/><U13/><E135/><V14/><F102/><W115/><G115/><T24/><D12/><U73/><E73/><V86/><F45/><W64/><G99/><N who="0" m="61503" /><D24/><N who="1" m="16775" /><E41/><V74/><F129/><W130/><G42/><T105/><D43/><U92/><E92/><V81/><F74/><W85/><G95/><T66/><D105/><U44/><E15/><V26/><F132/><W9/><G40/><T106/><D106/><U90/><E90/><N who="2" m="51535" /><F14/><W123/><G130/><T39/><D39/><U110/><E110/><V65/><F109/><W72/><G72/><T93/><D111/><U112/><E112/><V82/><F82/><W69/><G83/><T50/><D89/><U52/><AGARI ba="1,0" hai="13,19,23,44,47,52,53,56,57,60,61" m="16775" machi="52" ten="30,7900,0" yaku="8,1,52,2,54,1" doraHai="18" who="1" fromWho="1" sc="265,-40,250,82,235,-21,250,-21" /><INIT seed="1,0,0,1,2,94" ten="225,332,214,229" oya="1" hai0="37,72,44,77,84,67,45,70,7,20,69,74,49" hai1="111,88,15,14,65,66,48,62,51,27,112,39,86" hai2="26,36,16,75,99,76,30,33,4,127,25,59,22" hai3="83,60,58,24,1,53,104,97,114,13,52,105,28"/><U121/><E121/><V32/><F36/><W50/><G1/><T56/><D7/><U47/><E112/><V41/><F41/><W117/><G114/><T85/><D37/><U129/><E39/><V68/><F68/><W113/><G113/><T87/><D20/><U71/><E66/><V38/><F38/><W10/><G117/><T90/><D77/><U109/><E27/><V3/><F76/><W130/><G83/><T103/><D103/><U124/><E124/><V93/><F75/><W40/><G40/><T19/><D19/><U9/><E129/><V81/><F81/><W108/><G108/><N who="1" m="41546" /><E47/><V123/><F123/><W95/><G130/><T98/><D67/><U118/><E118/><V29/><F127/><W17/><G53/><T82/><D56/><U57/><E71/><V2/><F59/><W12/><G12/><N who="1" m="4650" /><E9/><V119/><F119/><W23/><REACH who="3" step="1"/><G60/><REACH who="3" ten="225,332,214,219" step="2"/><T64/><D64/><U5/><E5/><V128/><F128/><W79/><G79/><T43/><D43/><U63/><E62/><V89/><F4/><W126/><G126/><T8/><D82/><AGARI ba="0,1" hai="48,51,57,63,65,82,86,88" m="4650,41546" machi="82" ten="30,5800,0" yaku="14,1,10,1,54,1" doraHai="94" who="1" fromWho="0" sc="225,-58,332,68,214,0,219,0" /><INIT seed="1,1,0,3,2,22" ten="167,400,214,219" oya="1" hai0="124,10,17,26,86,89,92,123,88,87,128,59,41" hai1="71,33,115,60,0,103,109,3,46,43,57,74,65" hai2="18,32,1,61,39,122,125,68,72,114,6,45,69" hai3="36,5,78,56,67,121,91,97,37,126,135,42,100"/><U35/><E115/><V95/><F95/><W48/><G121/><T111/><D111/><U29/><E74/><V82/><F45/><W53/><G78/><T133/><D124/><U62/><E109/><V102/><F61/><W76/><G76/><T117/><D117/><U28/><E103/><V105/><F102/><W27/><G5/><T101/><D123/><U129/><E129/><V130/><F82/><W96/><G126/><T112/><D112/><U40/><E71/><V11/><F18/><W25/><G67/><T4/><D133/><U106/><E106/><V8/><F11/><W20/><G91/><T54/><D41/><U119/><E46/><V14/><F14/><W99/><G100/><T51/><D101/><U110/><E110/><V44/><F8/><W16/><G135/><T12/><D128/><U98/><E98/><V94/><F94/><W13/><REACH who="3" step="1"/><G42/><REACH who="3" ten="167,400,214,209" step="2"/><T108/><D108/><U107/><E65/><V84/><F125/><W93/><G93/><N who="0" m="54423" /><D4/><U52/><E107/><V116/><F6/><W79/><G79/><T2/><D2/><U24/><E119/><V7/><F116/><W15/><G15/><T55/><D55/><U90/><E90/><V104/><F105/><W63/><G63/><T58/><D26/><AGARI ba="1,1" hai="13,16,20,25,26,27,36,37,48,53,56,96,97,99" machi="26" ten="40,12000,2" yaku="1,1,52,3,54,1,53,1" doraHai="22" doraHaiUra="49" who="3" fromWho="0" sc="167,-123,400,0,214,0,209,133" /><INIT seed="2,0,0,5,0,71" ten="44,400,214,342" oya="2" hai0="104,129,99,132,2,89,7,126,22,41,30,4,88" hai1="26,69,15,67,82,27,127,112,134,107,72,44,33" hai2="32,102,1,39,105,115,110,64,49,66,20,86,83" hai3="73,42,16,62,65,98,90,11,46,93,37,119,24"/><V76/><F115/><W123/><G119/><T121/><D121/><U108/><E107/><V131/><F32/><W125/><G123/><T59/><D129/><U106/><E106/><V28/><F1/><W85/><G125/><T111/><D126/><U118/><E33/><V80/><F131/><W48/><G73/><T61/><D111/><U50/><E127/><V84/><F110/><W103/><G11/><T60/><D132/><U52/><E118/><V19/><F28/><W13/><G13/><T120/><D120/><U6/><E112/><V58/><F39/><W56/><G24/><T114/><D114/><U35/><E35/><V34/><F34/><W25/><G25/><T74/><D74/><U43/><E134/><V101/><F105/><W122/><G16/><T109/><D109/><U75/><E26/><N who="2" m="14623" /><F49/><W81/><REACH who="3" step="1"/><G122/><REACH who="3" ten="44,400,214,332" step="2"/><T57/><D2/><U68/><E72/><V53/><F101/><W21/><G21/><T117/><D22/><U8/><E27/><V95/><F102/><W29/><G29/><T130/><D117/><U31/><E108/><V38/><F86/><W94/><G94/><T128/><D30/><U97/><E31/><V63/><F95/><W12/><G12/><T92/><D92/><U70/><E97/><V135/><F135/><W54/><G54/><T23/><D104/><U36/><E75/><V40/><F83/><W10/><G10/><T79/><D23/><U124/><E82/><V18/><F18/><W5/><G5/><T47/><D7/><U51/><E124/><V0/><F0/><W55/><G55/><N who="0" m="33855" /><D4/><U17/><E6/><RYUUKYOKU ba="0,1" sc="44,-15,400,-15,214,15,332,15" hai2="38,40,53,58,63,64,66,76,80,84" hai3="37,42,46,48,56,62,65,81,85,90,93,98,103" /><INIT seed="2,1,1,1,1,97" ten="29,385,229,347" oya="2" hai0="98,81,77,84,49,64,63,125,122,70,66,16,110" hai1="119,9,59,42,133,51,13,134,23,132,29,78,0" hai2="104,45,40,105,114,62,36,48,58,1,115,80,39" hai3="44,76,65,47,52,61,43,54,35,24,135,123,46"/><V118/><F1/><W71/><G24/><T67/><D110/><U33/><E119/><V7/><F7/><W112/><G35/><T88/><D122/><U96/><E78/><V50/><F80/><W19/><G19/><T53/><D125/><U86/><E0/><V30/><F30/><W87/><G87/><T103/><D77/><U83/><E33/><V74/><F74/><W5/><G5/><T18/><D66/><U108/><E108/><V75/><F75/><W14/><G14/><T12/><D64/><U90/><E96/><V127/><F105/><W128/><G76/><T129/><D129/><U126/><E126/><V38/><F104/><W3/><G3/><T94/><REACH who="0" step="1"/><D12/><REACH who="0" ten="19,385,229,347" step="2"/><U85/><E13/><V69/><F127/><W21/><G128/><T6/><D6/><U37/><E134/><V106/><F118/><W11/><G65/><T82/><D82/><U34/><E83/><V26/><F114/><W117/><G112/><T111/><D111/><U89/><E133/><V101/><F115/><W55/><G123/><T73/><D73/><U60/><E132/><V72/><F72/><W102/><G135/><T8/><D8/><U25/><E9/><V22/><F69/><W31/><G11/><T93/><D93/><U20/><E25/><V68/><F68/><W57/><G71/><T121/><D121/><U120/><E120/><V4/><F4/><W124/><G124/><T99/><D99/><U91/><E86/><V113/><F113/><W116/><G116/><T100/><D100/><U17/><E85/><V92/><F26/><W79/><G117/><RYUUKYOKU ba="1,2" sc="19,30,385,-10,229,-10,347,-10" hai0="16,18,49,53,63,67,70,81,84,88,94,98,103" /><INIT seed="3,2,2,3,3,133" ten="49,375,219,337" oya="3" hai0="131,130,108,66,61,14,72,33,27,80,50,123,113" hai1="15,55,125,36,70,52,94,122,41,60,134,59,4" hai2="29,118,53,38,71,32,8,63,75,96,119,126,114" hai3="64,42,102,129,91,107,105,106,24,120,110,49,51"/><W74/><G120/><T88/><D123/><U23/><E125/><V2/><F114/><W22/><G74/><T13/><D108/><U20/><E70/><V18/><F18/><W115/><G115/><T76/><D113/><U21/><E134/><V58/><F75/><W67/><G110/><T116/><D116/><U0/><E0/><V34/><F96/><W117/><G117/><T5/><D50/><U25/><E36/><V57/><F29/><W7/><G102/><T62/><D5/><U111/><E41/><V89/><F89/><W43/><G7/><T95/><D14/><U54/><E111/><V81/><F81/><W9/><G9/><T73/><D13/><U68/><E68/><V16/><F71/><W35/><G35/><N who="2" m="13353" /><F38/><W12/><G12/><T101/><D101/><U121/><E121/><V31/><F31/><W40/><G91/><T79/><D79/><U98/><E122/><V90/><F90/><W39/><G39/><T109/><D109/><U135/><E135/><V17/><F57/><W128/><G51/><T85/><D72/><U26/><E4/><N who="2" m="1047" /><F119/><W78/><G49/><T93/><D93/><U37/><E37/><V46/><F46/><W11/><G11/><T44/><D44/><U83/><E83/><V127/><F118/><W30/><REACH who="3" step="1"/><G78/><REACH who="3" ten="49,375,219,327" step="2"/><T28/><REACH who="0" step="1"/><D61/><REACH who="0" ten="39,375,219,327" step="2"/><U69/><E15/><V132/><F132/><W45/><G45/><T19/><D19/><U3/><E3/><V104/><F17/><W48/><G48/><T112/><D112/><U100/><E60/><V97/><F16/><W10/><G10/><T47/><D47/><RYUUKYOKU ba="2,4" sc="39,10,375,-30,219,10,327,10" hai0="27,28,33,62,66,73,76,80,85,88,95,130,131" hai2="53,58,63,97,104,126,127" hai3="22,24,30,40,42,43,64,67,105,106,107,128,129" /><INIT seed="3,3,4,3,4,3" ten="49,345,229,337" oya="3" hai0="45,112,130,79,109,62,74,96,104,81,94,34,39" hai1="56,89,114,99,106,14,117,54,28,65,20,69,73" hai2="35,31,18,55,122,126,0,60,75,76,30,49,98" hai3="131,37,51,19,40,92,10,110,70,111,1,91,105"/><W119/><G119/><T7/><D109/><N who="3" m="41481" /><G70/><T95/><D130/><U134/><E73/><V5/><F126/><W53/><G131/><T67/><D34/><U12/><E69/><V121/><F60/><W82/><G105/><T68/><D112/><U84/><E65/><V59/><F35/><W80/><G37/><T6/><D104/><U102/><E117/><V9/><F18/><W118/><G40/><T113/><D113/><U58/><E58/><V125/><F125/><W46/><G118/><T88/><REACH who="0" step="1"/><D95/><REACH who="0" ten="39,345,229,337" step="2"/><U41/><E114/><V85/><F121/><W25/><G92/><T33/><D33/><U36/><E106/><V43/><F122/><W47/><G80/><T27/><D27/><U107/><E107/><V64/><F31/><W90/><G82/><T86/><D86/><U87/><E84/><V15/><F30/><W128/><G128/><T93/><D93/><U2/><E87/><V103/><F85/><W24/><G24/><T120/><D120/><U108/><E28/><V100/><F75/><W57/><G25/><T61/><D61/><U66/><E108/><V63/><F63/><W124/><G124/><T4/><D4/><U77/><E99/><V42/><F5/><N who="3" m="1327" /><G19/><T127/><D127/><U101/><E134/><V133/><F133/><W8/><G8/><T83/><D83/><U48/><E20/><V116/><F9/><W123/><G123/><T129/><D129/><U72/><E72/><V132/><F132/><W21/><G21/><T16/><D16/><U11/><E11/><V26/><F116/><W44/><AGARI ba="3,5" hai="44,46,47,51,53,57,90,91" m="1327,41481" machi="44" ten="30,6000,0" yaku="14,1,10,1,52,1" doraHai="3" who="3" fromWho="3" sc="39,-23,345,-23,229,-23,337,119" /><INIT seed="3,4,0,2,2,56" ten="16,322,206,456" oya="3" hai0="101,100,72,95,115,60,77,15,9,16,122,62,88" hai1="39,79,0,6,81,71,92,128,116,91,106,119,53" hai2="47,126,114,117,14,11,50,25,111,20,96,103,131" hai3="17,27,7,82,23,113,70,132,67,42,69,58,32"/><W93/><G113/><T133/><D122/><U22/><E71/><V13/><F114/><W87/><G7/><T74/><D115/><U110/><E39/><V64/><F117/><N who="1" m="45129" /><E0/><V108/><F131/><W127/><G42/><T105/><D133/><U76/><E6/><V61/><F126/><W4/><G4/><T1/><D1/><U34/><E34/><V75/><F75/><W51/><G127/><T55/><D74/><U63/><E106/><V97/><F11/><W68/><G93/><T118/><D118/><U123/><E123/><V24/><F24/><W49/><G32/><T84/><D55/><U89/><E110/><N who="2" m="42027" /><F50/><W21/><G132/><T38/><D38/><U5/><E5/><V31/><F47/><W8/><G8/><T19/><D19/><U29/><E29/><V98/><F103/><N who="0" m="39498" /><D72/><U26/><E128/><V124/><F124/><W44/><G44/><T30/><D105/><U65/><E53/><V94/><F94/><W112/><G112/><T90/><D77/><U78/><E81/><V40/><F40/><W36/><G36/><T107/><D107/><U35/><E35/><V85/><F85/><W48/><G23/><T66/><D66/><U57/><E92/><V125/><F125/><W3/><G3/><T121/><D121/><U99/><E99/><V33/><F33/><W18/><G18/><T134/><D134/><U28/><AGARI ba="4,0" hai="22,26,28,57,63,65,76,78,79,89,91" m="45129" machi="28" ten="30,2000,0" yaku="12,1,52,1" doraHai="56" who="1" fromWho="1" sc="16,-9,322,32,206,-9,456,-14" /><INIT seed="4,0,0,3,1,35" ten="7,354,197,442" oya="0" hai0="40,107,79,108,48,103,59,14,81,91,75,123,0" hai1="16,66,99,114,82,15,134,100,132,19,56,109,54" hai2="61,27,2,85,58,53,67,110,93,101,88,31,104" hai3="49,69,65,43,72,29,3,84,86,26,112,7,74"/><T130/><D123/><U94/><E109/><V119/><F110/><W45/><G69/><T116/><D116/><U120/><E120/><V121/><F121/><W77/><G65/><T111/><D130/><U97/><E114/><V95/><F119/><W117/><G117/><T32/><D32/><U64/><E82/><V73/><F73/><W5/><G74/><T124/><D124/><U122/><E122/><V89/><F104/><W39/><G112/><T126/><D126/><U50/><E97/><V60/><F101/><W8/><G7/><T38/><D14/><U76/><E76/><V113/><F113/><W87/><G49/><T92/><D38/><U17/><REACH who="1" step="1"/><E15/><REACH who="1" ten="7,344,197,442" step="2"/><V9/><F93/><W10/><G77/><T24/><D0/><U63/><E63/><V70/><F89/><W36/><G3/><T42/><D24/><U1/><E1/><V102/><F102/><W34/><G26/><T131/><D131/><U4/><E4/><V105/><F105/><W46/><G5/><T18/><D18/><U41/><E41/><N who="0" m="15977" /><D48/><U37/><E37/><V127/><F127/><W78/><G36/><T28/><D28/><U115/><E115/><V21/><F2/><W96/><G29/><T11/><D11/><U12/><E12/><V71/><F9/><W25/><G8/><T51/><D51/><U118/><E118/><V128/><F128/><W55/><G10/><T47/><D47/><U30/><E30/><V133/><F71/><W57/><G39/><T98/><D59/><U20/><E20/><V13/><F13/><W80/><G57/><T62/><D62/><RYUUKYOKU ba="0,1" sc="7,10,344,10,197,10,442,-30" hai0="75,79,81,91,92,98,103,107,108,111" hai1="16,17,19,50,54,56,64,66,94,99,100,132,134" hai2="21,27,31,53,58,60,61,67,70,85,88,95,133" /><INIT seed="4,1,1,1,0,43" ten="17,354,207,412" oya="0" hai0="96,31,132,88,111,86,112,65,106,92,100,117,12" hai1="27,91,77,123,104,120,131,47,109,74,98,110,3" hai2="51,9,90,17,10,35,14,6,79,26,114,73,135" hai3="134,62,67,32,4,33,13,102,15,63,83,25,54"/><T126/><D117/><U133/><E3/><V75/><F114/><W122/><G134/><T40/><D112/><U11/><E11/><V41/><F135/><W118/><G118/><T84/><D132/><U105/><E27/><V108/><F108/><N who="1" m="41577" /><E47/><V55/><F41/><W22/><G122/><N who="1" m="46634" /><E133/><V128/><F79/><W99/><G54/><T45/><D111/><U28/><E28/><V23/><F128/><W20/><G83/><T2/><D2/><U101/><E131/><V68/><F68/><W103/><G25/><T81/><D31/><U60/><E60/><V80/><F35/><W42/><G42/><T78/><D65/><U61/><E61/><V38/><F38/><W34/><G34/><T50/><REACH who="0" step="1"/><D12/><REACH who="0" ten="7,354,207,412" step="2"/><U94/><E101/><V124/><F14/><W44/><G15/><T87/><D87/><U76/><E74/><V89/><F73/><W59/><G103/><T48/><D48/><U53/><E98/><V0/><F75/><W39/><G99/><T36/><D36/><U72/><E72/><V127/><F0/><W97/><G39/><T49/><D49/><U70/><E70/><V58/><F51/><W7/><G97/><T57/><D57/><U115/><E115/><V8/><F58/><W121/><G59/><T69/><D69/><U95/><E53/><V52/><F55/><W24/><G102/><T125/><AGARI ba="1,2" hai="40,45,50,78,81,84,86,88,92,96,100,106,125,126" machi="125" ten="30,11700,0" yaku="1,1,0,1,52,1,54,1,53,0" doraHai="43" doraHaiUra="116" who="0" fromWho="0" sc="7,140,354,-40,207,-40,412,-40" /><INIT seed="4,2,0,1,4,124" ten="147,314,167,372" oya="0" hai0="53,14,79,62,121,0,91,90,130,4,123,66,31" hai1="46,106,108,99,114,74,67,40,54,125,73,26,34" hai2="59,12,32,52,89,134,35,86,110,10,28,13,16" hai3="69,33,21,101,27,39,100,24,97,80,96,127,84"/><T49/><D79/><U94/><E108/><V111/><F134/><W47/><G69/><T95/><D31/><U129/><E106/><V18/><F32/><W64/><G64/><T87/><D0/><U102/><E125/><V133/><F133/><W58/><G33/><T30/><D30/><U85/><E67/><V77/><F77/><W50/><G39/><T22/><D90/><U119/><E26/><N who="3" m="9770" /><G21/><T104/><D104/><U71/><E34/><V36/><F36/><W6/><G6/><T51/><D51/><U117/><E71/><V11/><F28/><W3/><G3/><T78/><D78/><U42/><E74/><V48/><F35/><W63/><G127/><T68/><D4/><U82/><E73/><V57/><F57/><W75/><G75/><T19/><REACH who="0" step="1"/><D130/><REACH who="0" ten="137,314,167,372" step="2"/><U70/><E129/><V41/><REACH who="2" step="1"/><F41/><REACH who="2" ten="137,314,157,372" step="2"/><W128/><G128/><T60/><D60/><U115/><E40/><V61/><F61/><W23/><G63/><T44/><AGARI ba="2,2" hai="14,19,22,44,49,53,62,66,68,87,91,95,121,123" machi="44" ten="20,3900,0" yaku="1,1,0,1,7,1,53,0" doraHai="124" doraHaiUra="92" who="0" fromWho="0" sc="137,65,314,-15,157,-15,372,-15" /><INIT seed="4,3,0,0,2,40" ten="202,299,142,357" oya="0" hai0="121,38,4,105,61,116,78,12,1,50,103,66,68" hai1="30,112,122,104,77,41,51,8,89,27,99,127,126" hai2="33,82,111,67,108,114,90,42,134,117,133,107,110" hai3="3,80,124,46,24,65,31,83,101,37,57,113,2"/><T95/><D116/><U9/><E122/><V129/><F33/><W69/><G69/><T55/><D121/><U109/><E109/><V17/><F17/><W115/><G124/><N who="1" m="47658" /><E77/><V22/><F22/><N who="3" m="15767" /><G101/><T81/><D105/><U97/><E104/><V131/><F67/><W11/><G57/><T18/><D38/><U32/><E89/><V98/><F42/><N who="3" m="22863" /><G65/><T70/><D70/><U84/><E112/><N who="3" m="43082" /><G11/><N who="1" m="4170" /><E84/><N who="2" m="50455" /><F117/><W94/><G94/><T13/><D95/><U120/><E120/><V74/><F74/><W20/><G20/><T21/><D103/><U35/><E35/><V7/><F114/><W48/><G48/><T132/><D21/><U49/><E41/><V75/><F75/><W86/><G86/><T72/><D50/><AGARI ba="3,0" hai="27,30,32,49,50,51,97,99" m="4170,47658" machi="50" ten="30,1000,0" yaku="18,1" doraHai="40" who="1" fromWho="0" sc="202,-19,299,19,142,0,357,0" /><INIT seed="5,0,0,0,0,1" ten="183,318,142,357" oya="1" hai0="107,115,123,101,100,17,97,76,120,58,109,72,116" hai1="129,86,103,0,122,64,65,69,80,19,14,60,119" hai2="56,110,83,37,87,22,49,53,34,66,30,89,113" hai3="74,15,59,78,33,133,7,95,8,5,18,36,20"/><U125/><E122/><N who="0" m="46633" /><D109/><U84/><E119/><V43/><F110/><W24/><G36/><T4/><D115/><U45/><E64/><V96/><F34/><W93/><G74/><T10/><D17/><U112/><E0/><V73/><F113/><W91/><G78/><T135/><D116/><U114/><E86/><V44/><F73/><W121/><G121/><T16/><D16/><U40/><E103/><V2/><F2/><W134/><G33/><T98/><D58/><U25/><E25/><V124/><F124/><W50/><G50/><T70/><D70/><U92/><E92/><N who="3" m="35402" /><G91/><T39/><D39/><U42/><E42/><V71/><F96/><N who="0" m="36970" /><D107/><U55/><E55/><V6/><F22/><W62/><G134/><T51/><D51/><U117/><E125/><V31/><REACH who="2" step="1"/><F6/><REACH who="2" ten="183,318,132,357" step="2"/><N who="3" m="3479" /><G133/><T102/><D135/><U94/><E114/><V3/><F3/><W79/><G79/><T47/><D76/><N who="1" m="46087" /><E112/><V127/><F127/><W75/><G75/><T88/><D72/><U130/><E117/><V68/><F68/><W27/><G27/><T77/><D77/><U67/><E69/><V105/><F105/><W85/><G85/><T54/><D4/><U21/><E21/><V46/><F46/><W48/><G48/><N who="0" m="28959" /><D10/><U63/><E45/><V26/><F26/><W111/><G111/><T106/><D106/><U99/><E99/><V128/><F128/><W9/><G9/><T81/><D102/><U32/><E130/><V41/><F41/><W35/><G35/><T52/><D101/><U132/><E129/><V57/><F57/><W108/><G108/><T12/><D100/><RYUUKYOKU ba="0,1" sc="183,-15,318,-15,132,15,357,15" hai2="30,31,37,43,44,49,53,56,66,71,83,87,89" hai3="5,7,18,20,24,59,62" /><INIT seed="6,1,1,0,4,95" ten="168,303,147,372" oya="2" hai0="82,14,17,114,130,11,85,86,52,131,44,58,75" hai1="0,104,65,90,68,10,89,134,53,97,66,12,1" hai2="8,118,30,2,91,38,105,122,110,74,98,35,126" hai3="135,101,79,127,78,132,128,94,47,36,88,16,28"/><V102/><RYUUKYOKU type="yao9" ba="1,1" sc="168,0,303,0,147,0,372,0" hai2="2,8,30,35,38,74,91,98,102,105,110,118,122,126" /><INIT seed="6,2,1,2,5,90" ten="168,303,147,372" oya="2" hai0="81,84,106,26,52,119,2,45,38,27,109,135,34" hai1="130,68,23,101,80,67,11,74,107,82,116,20,9" hai2="76,41,126,96,8,93,59,85,102,1,30,58,49" hai3="103,115,4,18,55,43,75,131,65,122,112,28,108"/><V60/><F126/><W7/><G108/><T118/><D109/><U40/><E40/><V13/><F1/><W17/><G122/><T54/><D106/><U46/><E46/><N who="2" m="25807" /><F30/><W121/><G121/><T61/><D2/><U37/><E68/><V98/><F98/><W25/><G75/><T35/><D135/><U15/><E107/><V33/><F33/><N who="0" m="12298" /><D61/><U78/><E37/><V64/><F59/><W36/><G65/><T32/><N who="0" m="12306" /><T71/><DORA hai="127" /><D71/><U50/><E74/><V100/><F100/><W44/><G103/><T21/><D38/><U70/><E101/><V105/><F105/><W6/><G55/><N who="0" m="21035" /><D21/><U114/><E70/><V77/><F85/><W10/><G28/><T53/><N who="0" m="21043" /><T69/><DORA hai="0" /><D69/><U31/><E31/><V134/><F134/><W62/><G62/><T5/><D5/><AGARI ba="2,1" hai="5,8,13,58,60,64,76,77,93,96,102" m="25807" machi="5" ten="30,5800,0" yaku="8,1,52,2" doraHai="90,127,0" who="2" fromWho="0" sc="168,-64,303,0,147,74,372,0" /><INIT seed="6,3,0,1,3,40" ten="104,303,221,372" oya="2" hai0="45,78,18,51,99,97,129,115,11,74,92,121,29" hai1="127,43,9,132,130,112,89,76,131,61,124,32,66" hai2="84,109,122,49,90,128,65,123,105,2,75,39,87" hai3="120,91,69,3,62,6,116,58,70,80,126,133,30"/><V68/><F39/><W21/><G116/><T55/><D115/><U57/><E32/><V59/><F2/><W27/><G120/><T12/><D121/><U7/><E76/><V103/><F75/><W56/><G126/><N who="1" m="48170" /><E89/><V35/><F35/><W15/><G3/><T114/><D114/><U44/><E9/><V34/><F34/><W104/><G104/><T42/><D129/><N who="1" m="49163" /><E7/><V71/><F71/><W98/><G58/><T110/><D110/><U8/><E8/><V108/><F68/><W85/><G98/><T5/><D29/><U22/><E112/><V23/><F105/><W101/><G101/><T88/><D5/><U48/><E22/><V1/><F1/><W94/><G69/><T100/><D74/><U24/><E24/><V83/><F128/><W107/><G107/><T93/><REACH who="0" step="1"/><D78/><REACH who="0" ten="94,303,221,372" step="2"/><U41/><E132/><V36/><F108/><W81/><G6/><T4/><D4/><U72/><E72/><V64/><F109/><W134/><G30/><T47/><D47/><U60/><E60/><V25/><F123/><W46/><G62/><T79/><D79/><U53/><AGARI ba="3,1" hai="41,43,44,48,53,57,61,66" m="49163,48170" machi="53" ten="30,8000,1" yaku="18,1,19,1,34,2,52,1" doraHai="40" who="1" fromWho="1" sc="94,-23,303,99,221,-43,372,-23" /><INIT seed="7,0,0,0,0,1" ten="71,402,178,349" oya="3" hai0="45,9,121,38,80,37,86,52,129,40,28,11,119" hai1="74,48,122,77,68,59,92,41,70,78,17,73,42" hai2="35,93,34,24,18,75,128,10,114,81,117,98,7" hai3="62,71,130,127,124,20,72,4,22,109,91,79,53"/><W107/><G107/><T25/><D119/><U76/><E122/><V36/><F117/><W66/><G130/><T113/><D121/><U47/><E70/><V94/><F36/><W15/><G109/><T8/><D129/><U27/><E68/><V101/><F114/><W100/><G100/><T89/><D113/><U104/><E104/><V96/><F128/><W69/><G69/><T65/><D65/><U135/><E135/><V23/><F75/><W31/><G31/><T61/><D38/><U131/><E131/><V51/><F51/><W110/><G110/><T46/><D46/><U3/><E3/><V29/><F81/><N who="3" m="45287" /><G91/><T103/><D103/><U102/><E42/><V87/><F87/><W5/><G53/><T99/><D99/><N who="1" m="59751" /><E74/><V13/><F35/><W116/><G116/><T26/><D28/><U82/><E73/><V84/><F84/><W115/><G115/><T83/><D83/><U44/><E82/><V32/><F32/><W90/><G90/><T85/><D85/><U125/><E125/><N who="3" m="48202" /><G15/><T105/><D105/><U30/><E30/><V57/><F98/><W95/><G95/><T108/><D108/><U49/><E59/><V120/><F57/><W2/><G2/><T60/><D26/><U55/><E17/><V97/><F120/><W21/><AGARI ba="0,0" hai="4,5,20,21,22,62,66,71" m="48202,45287" machi="21" ten="30,6000,0" yaku="18,1,52,2" doraHai="1" who="3" fromWho="3" sc="71,-20,402,-20,178,-20,349,60" owari="51,-45.0,382,18.0,158,-24.0,409,51.0" /></mjloggm>