<mjloggm ver="2.3"><GO type="169" lobby="0"/><UN n0="%E3%82%AA%E3%82%A6%E3%83%99%E3%82%A4" n1="%E3%82%AB%E3%83%A9%E3%82%B9%E3%81%AE%E5%AD%90" n2="%E3%82%A6%E3%83%AB%E3%83%88%E3%83%A9%E7%AB%8B%E7%9B%B4" n3="%E9%9B%B2%E9%9B%80%E3%81%AE%E5%9B%80%E3%82%8A" dan="16,17,17,17" rate="2170.82,2194.40,2217.31,2097.71" sx="M,F,M,M"/><TAIKYOKU oya="0"/><INIT seed="0,0,0,1,1,56" ten="250,250,250,250" oya="0" hai0="3,68,131,21,89,36,4,15,64,82,27,67,74" hai1="45,121,39,58,62,47,55,97,125,23,84,135,6" hai2="11,42,19,123,85,24,9,44,52,29,134,118,65" hai3="100,94,80,10,57,40,48,46,98,120,86,76,17"/><T30/><D36/><U95/><E121/><V28/><F65/><W122/><REACH who="3" step="1"/><G57/><REACH who="3" ten="250,250,250,240" step="2"/><T78/><D131/><U72/><E58/><V53/><F123/><W14/><AGARI ba="0,1" hai="10,14,17,40,46,48,76,80,86,94,98,100,120,122" machi="14" ten="30,8000,1" yaku="21,2,2,1,0,1,53,1" doraHai="56" doraHaiUra="91" who="3" fromWho="3" sc="250,-40,250,-20,250,-20,240,90" /><INIT seed="1,0,0,4,2,18" ten="210,230,230,330" oya="1" hai0="0,46,83,130,112,3,78,22,66,44,32,61,120" hai1="121,127,74,64,134,79,34,86,6,4,111,99,88" hai2="40,116,128,123,8,45,126,105,103,68,9,39,104" hai3="110,29,71,35,69,72,85,107,36,2,26,82,94"/><U125/><E34/><V49/><F123/><W53/><G2/><T12/><D32/><U55/><E121/><V17/><F116/><W70/><G107/><T7/><D112/><U91/><E134/><V57/><F103/><W54/><G110/><T27/><D120/><U93/><E111/><V50/><F128/><W124/><G124/><N who="1" m="47690" /><E64/><V89/><F89/><W84/><G36/><T51/><D130/><U23/><E55/><N who="2" m="31991" /><F49/><W62/><G72/><T20/><D3/><U115/><E115/><V21/><F8/><W30/><G30/><T87/><D0/><U75/><E79/><V122/><F9/><W11/><G11/><N who="0" m="4223" /><D27/><U76/><E76/><V52/><F52/><W1/><G1/><T10/><D10/><U80/><E75/><V15/><F122/><W98/><G82/><T67/><D46/><U108/><E74/><V59/><F59/><W81/><G81/><T33/><D33/><U106/><E106/><V96/><F105/><W114/><G114/><T37/><D37/><U92/><E108/><V97/><F104/><W31/><G35/><T13/><D13/><U77/><E80/><V65/><F126/><W14/><G14/><T38/><D38/><U47/><E77/><V16/><F17/><W119/><G119/><T102/><D102/><U113/><E47/><V25/><F15/><W133/><G29/><T129/><D129/><U101/><E113/><V118/><F118/><W19/><G31/><T90/><D78/><U42/><E101/><V48/><F39/><W56/><G19/><T131/><D131/><U132/><E91/><V41/><F41/><RYUUKYOKU ba="0,0" sc="210,-10,230,-10,230,30,330,-10" hai2="16,21,25,40,45,48,65,68,96,97" /><INIT seed="2,1,0,1,5,4" ten="200,220,260,320" oya="2" hai0="87,15,42,52,123,41,74,3,37,120,22,48,57" hai1="80,108,119,7,102,109,75,66,2,11,97,99,50" hai2="45,82,36,125,73,10,94,111,65,25,122,110,62" hai3="35,103,69,104,106,100,44,90,58,33,6,116,72"/><V134/><F122/><W67/><G116/><T112/><D112/><U38/><E119/><V18/><F94/><W98/><G58/><T91/><D74/><U132/><E38/><V23/><F125/><W53/><G90/><T40/><D3/><U64/><E132/><V51/><F36/><W24/><G53/><T84/><D84/><U126/><E126/><V54/><F134/><W13/><G44/><T32/><D32/><U56/><E50/><V19/><F82/><W31/><G72/><T63/><D37/><U43/><E43/><V89/><F89/><W9/><G35/><T81/><D63/><U39/><E39/><V46/><F46/><W83/><G83/><T93/><D81/><U55/><E55/><V34/><F34/><W127/><G127/><T78/><D78/><N who="1" m="44127" /><E56/><V96/><F96/><N who="1" m="36937" /><E102/><V0/><F73/><W79/><G79/><T130/><REACH who="0" step="1"/><D130/><REACH who="0" ten="190,220,260,320" step="2"/><U105/><E105/><V60/><F60/><N who="3" m="40167" /><G103/><T86/><D86/><U20/><E2/><V115/><F115/><W85/><G85/><T133/><D133/><U70/><E70/><V114/><F114/><W76/><G76/><T59/><D59/><U5/><E66/><V17/><F62/><W88/><G88/><T28/><D28/><U47/><E64/><V1/><F65/><W68/><G68/><T131/><D131/><U29/><E29/><N who="2" m="17599" /><F0/><W124/><G124/><T118/><D118/><U49/><E47/><V128/><F128/><W27/><G106/><T8/><D8/><U21/><E11/><V135/><F135/><W12/><G104/><T95/><D95/><U71/><E71/><RYUUKYOKU ba="1,1" sc="190,15,220,-15,260,15,320,-15" hai0="15,22,40,41,42,48,52,57,87,91,93,120,123" hai2="1,10,17,18,19,45,51,54,110,111" /><INIT seed="2,2,1,2,2,52" ten="205,205,275,305" oya="2" hai0="42,97,33,79,5,7,54,120,111,88,2,68,27" hai1="132,34,90,100,98,65,82,19,62,43,11,25,124" hai2="46,15,123,17,96,80,45,112,84,122,50,107,121" hai3="38,118,31,23,110,95,29,77,66,48,35,28,47"/><V0/><F0/><W81/><G118/><T128/><D68/><U94/><E132/><V92/><F107/><W10/><G38/><T73/><D120/><U39/><E124/><V57/><F112/><W83/><G35/><T53/><D42/><U13/><E39/><V4/><F4/><W102/><G110/><T105/><D105/><U125/><E43/><V70/><F70/><W60/><G10/><T106/><D111/><U37/><E37/><V104/><F104/><W26/><G83/><T63/><D106/><U93/><E125/><V117/><F117/><W8/><G8/><T109/><D109/><U36/><E36/><V12/><F57/><N who="3" m="37135" /><G81/><T130/><D79/><U71/><E82/><V74/><F74/><W58/><G77/><T55/><D73/><U134/><E134/><V40/><F46/><W87/><G58/><N who="0" m="35279" /><D2/><U18/><E34/><V135/><F135/><W72/><G72/><T75/><D75/><U119/><E119/><V101/><REACH who="2" step="1"/><F17/><REACH who="2" ten="205,205,265,305" step="2"/><W3/><G3/><T56/><D5/><U116/><E116/><V99/><F99/><N who="3" m="59775" /><G87/><T127/><D7/><U61/><E19/><V49/><F49/><W114/><G114/><T32/><D127/><U22/><E71/><V30/><F30/><W20/><G48/><T16/><D56/><U24/><E65/><V91/><AGARI ba="2,2" hai="12,15,40,45,50,80,84,91,92,96,101,121,122,123" machi="91" ten="30,3000,0" yaku="1,1,0,1,53,0" doraHai="52" doraHaiUra="69" who="2" fromWho="2" sc="205,-12,205,-12,265,56,305,-12" /><INIT seed="2,3,0,4,4,19" ten="193,193,321,293" oya="2" hai0="70,135,93,11,126,92,14,123,36,6,17,79,7" hai1="71,72,41,75,104,63,42,80,34,76,15,29,98" hai2="1,5,13,33,51,84,54,128,77,26,48,78,31" hai3="110,74,105,30,112,69,0,99,60,20,102,115,130"/><V21/><F128/><W132/><G130/><T39/><D70/><U9/><E72/><V117/><F117/><W24/><G0/><T108/><D123/><U32/><E32/><V124/><F124/><W134/><G74/><T116/><D108/><U118/><E118/><V129/><F129/><W37/><G37/><T120/><D116/><U35/><E35/><V73/><F73/><W40/><G40/><T55/><D120/><U131/><E131/><V58/><F51/><W18/><G110/><T96/><D79/><U106/><E106/><V114/><F84/><W109/><G109/><T88/><D39/><U57/><E71/><V68/><F68/><W4/><G4/><T23/><D36/><U43/><E34/><V133/><F133/><N who="3" m="51307" /><G18/><N who="0" m="8543" /><D126/><U27/><E29/><V8/><F114/><W81/><G81/><T107/><D107/><U87/><E27/><V28/><F28/><W25/><G25/><N who="0" m="14575" /><D135/><U56/><E75/><V119/><F119/><W47/><G47/><T2/><D2/><U122/><E122/><V127/><F127/><W53/><G69/><T22/><D22/><U113/><E113/><V86/><F33/><W62/><G112/><T89/><D55/><U101/><E63/><N who="3" m="24106" /><G115/><T64/><D64/><U46/><E46/><V125/><F1/><W61/><N who="3" m="24114" /><W12/><DORA hai="97" /><G53/><T3/><D3/><U50/><E50/><V91/><REACH who="2" step="1"/><F125/><REACH who="2" ten="193,193,311,293" step="2"/><W38/><G38/><T94/><D96/><U16/><AGARI ba="3,1" hai="9,15,16,41,42,43,56,57,76,80,87,98,101,104" machi="16" ten="30,4000,0" yaku="0,1,52,1,54,1" doraHai="19,97" who="1" fromWho="1" sc="193,-13,193,59,311,-23,293,-13" /><INIT seed="3,0,0,3,0,15" ten="180,252,288,280" oya="3" hai0="123,68,28,65,4,58,75,115,129,86,53,12,40" hai1="100,19,22,71,14,80,31,114,122,57,113,73,127" hai2="82,120,49,60,102,126,24,51,66,83,88,92,45" hai3="76,27,110,17,94,131,77,117,96,67,3,84,8"/><W46/><G117/><T7/><D75/><U42/><E122/><V107/><F126/><W74/><G110/><T11/><D123/><U61/><E127/><V95/><F107/><W125/><G125/><T41/><D115/><U36/><E71/><V35/><F102/><W128/><G74/><T9/><D28/><U38/><E100/><V29/><F95/><W103/><G67/><T132/><D132/><U85/><E73/><V109/><F109/><W81/><G46/><T106/><D106/><U59/><E59/><V91/><F91/><N who="3" m="51599" /><G3/><T130/><D65/><U10/><E38/><V135/><F135/><W69/><G69/><T25/><D25/><U63/><E63/><V13/><F13/><N who="3" m="7335" /><G27/><T105/><D105/><U112/><E42/><V72/><F120/><W18/><G18/><N who="0" m="8463" /><D68/><U111/><E36/><V101/><F45/><W6/><G6/><N who="0" m="2091" /><D11/><U23/><E111/><V32/><F24/><W26/><G26/><T39/><D39/><U0/><E0/><V62/><F29/><W124/><G124/><T99/><D99/><U134/><E134/><V121/><F66/><W2/><G2/><T54/><D86/><U104/><E31/><V89/><F121/><W56/><G56/><T98/><D98/><U93/><E104/><V52/><F72/><W33/><G33/><T119/><D119/><U37/><E37/><V34/><F34/><W48/><G48/><T1/><D1/><U47/><E47/><V16/><F32/><W44/><G44/><T108/><D108/><U79/><E57/><V50/><F35/><W30/><G30/><T20/><D58/><RYUUKYOKU ba="0,0" sc="180,-10,252,-10,288,-10,280,30" hai3="76,77,94,96,103,128,131" /><INIT seed="3,1,0,3,5,43" ten="170,242,278,310" oya="3" hai0="86,30,48,73,13,50,131,52,118,85,132,9,61" hai1="66,55,81,29,31,92,130,70,101,120,46,58,123" hai2="80,108,114,110,107,111,109,69,14,99,25,20,79" hai3="100,4,74,63,62,26,87,106,82,10,83,32,39"/><W18/><G39/><T125/><D73/><U105/><E105/><V28/><F69/><W38/><G38/><T51/><D118/><U21/><E130/><V112/><N who="2" m="27648" /><DORA hai="34" /><V96/><F14/><W16/><G100/><T122/><D122/><U7/><E123/><V49/><F49/><N who="0" m="19050" /><D61/><U78/><E120/><V115/><REACH who="2" step="1"/><F107/><REACH who="2" ten="170,242,268,310" step="2"/><W64/><G106/><T15/><D131/><U84/><E70/><V95/><F95/><W93/><G93/><T3/><D3/><U75/><E92/><V54/><F54/><W19/><G64/><T72/><D15/><U12/><E55/><V98/><F98/><W24/><G82/><T23/><D132/><U53/><E81/><V47/><F47/><W67/><G67/><T6/><D125/><U5/><E46/><V44/><F44/><W77/><G74/><AGARI ba="1,1" hai="20,25,28,74,79,80,96,99,112,114,115" m="27648" machi="74" ten="70,4500,0" yaku="1,1,14,1,53,0" doraHai="43,34" doraHaiUra="102,89" who="2" fromWho="3" sc="170,0,242,0,268,58,310,-48" /><INIT seed="4,0,0,3,3,26" ten="170,242,326,262" oya="0" hai0="22,75,25,101,31,59,123,24,105,125,93,63,76" hai1="92,116,23,38,79,99,91,81,98,114,84,18,9" hai2="36,90,112,45,11,89,39,30,134,65,54,87,60" hai3="119,34,48,51,115,35,71,12,103,44,106,70,85"/><T126/><D123/><U28/><E116/><V50/><F134/><W40/><G119/><T73/><D105/><U66/><E38/><V120/><F120/><W6/><G115/><T3/><D3/><U49/><E114/><V108/><F108/><W124/><G124/><N who="0" m="47723" /><D76/><U47/><E66/><V107/><F107/><W62/><G106/><T8/><D8/><U117/><E117/><V122/><F122/><W77/><G103/><T55/><D25/><U17/><E9/><V61/><F89/><W7/><G7/><T16/><D16/><N who="1" m="6251" /><E99/><AGARI ba="0,0" hai="22,24,31,55,59,63,73,75,93,99,101" m="47723" machi="99" ten="30,2900,0" yaku="18,1,52,1" doraHai="26" who="0" fromWho="1" sc="170,29,242,-29,326,0,262,0" /><INIT seed="4,1,0,1,3,81" ten="199,213,326,262" oya="0" hai0="3,5,7,60,10,11,45,8,34,127,85,84,25" hai1="121,21,88,49,30,61,31,57,68,15,38,128,47" hai2="53,28,66,120,1,20,46,129,119,98,67,77,58" hai3="96,87,135,16,78,116,73,76,80,4,56,104,92"/><T114/><D114/><U112/><E121/><V36/><F1/><W13/><G116/><T132/><D132/><U134/><E112/><V89/><F77/><W44/><G135/><T70/><D127/><U72/><E134/><V35/><F35/><W9/><G104/><T33/><D45/><U0/><E72/><V83/><F129/><W22/><G56/><T117/><D117/><U110/><E0/><V50/><F120/><W133/><G133/><T48/><D48/><U24/><E38/><V100/><F119/><W39/><G76/><T26/><D3/><U94/><E68/><V106/><F28/><W107/><G107/><T29/><D60/><U122/><E122/><V102/><F102/><W124/><G124/><T90/><D70/><U19/><E110/><V75/><F20/><W27/><G73/><T131/><D131/><U95/><E95/><V108/><F108/><W69/><G69/><T32/><D90/><U91/><E128/><V103/><F103/><N who="3" m="60807" /><G39/><T123/><D29/><U65/><E91/><V52/><F36/><W126/><G126/><T125/><D123/><U101/><E101/><V118/><F118/><W14/><G44/><T86/><D125/><U23/><E23/><V51/><F75/><W71/><G71/><T12/><REACH who="0" step="1"/><D12/><AGARI ba="1,0" hai="4,9,12,13,14,16,22,27,78,80,87" m="60807" machi="12" ten="30,3900,0" yaku="8,1,52,1,54,1" doraHai="81" who="3" fromWho="0" sc="199,-42,213,0,326,0,262,42" /><INIT seed="5,0,0,3,3,35" ten="157,213,326,304" oya="1" hai0="120,22,118,121,6,68,107,109,29,125,101,45,95" hai1="76,0,5,50,81,19,84,75,91,93,83,28,37" hai2="110,52,30,58,74,92,14,88,51,8,32,55,128" hai3="60,62,9,70,44,38,94,41,42,108,31,26,33"/><U72/><E37/><V66/><F74/><W90/><G108/><T63/><D109/><U99/><E28/><V103/><F128/><W123/><G123/><T23/><D118/><U86/><E19/><V12/><F32/><W2/><G42/><T127/><D107/><U73/><E50/><V18/><F30/><W133/><G133/><T131/><D45/><U78/><E5/><V134/><F134/><W113/><G113/><T122/><D131/><U11/><E11/><V1/><F1/><AGARI ba="0,0" hai="0,1,72,73,75,76,78,81,83,84,86,91,93,99" machi="1" ten="40,7700,0" yaku="9,1,52,2" doraHai="35" who="1" fromWho="2" sc="157,0,213,77,326,-77,304,0" /><INIT seed="5,1,0,1,5,114" ten="157,290,249,304" oya="1" hai0="43,70,79,86,102,54,59,97,61,124,14,49,94" hai1="53,92,127,3,104,27,56,68,25,116,66,91,100" hai2="57,67,133,1,2,120,34,78,103,46,40,106,82" hai3="15,88,24,71,39,33,76,18,44,19,9,26,58"/><U30/><E3/><V125/><F57/><W115/><G71/><T101/><D124/><U48/><E127/><V74/><F125/><W131/><G115/><T22/><D70/><U16/><E116/><V17/><F17/><W32/><G131/><T0/><D0/><U60/><E104/><V95/><F67/><W6/><G76/><T64/><D43/><U130/><E100/><V52/><F52/><W109/><G58/><T129/><D129/><U126/><E126/><V55/><F55/><W135/><G109/><T113/><D113/><U118/><E118/><V10/><F95/><W45/><G39/><T132/><D132/><U28/><E130/><V42/><F42/><W80/><G135/><T98/><D86/><U93/><E93/><V107/><F133/><W5/><G80/><T111/><D79/><U134/><E134/><V73/><F120/><W8/><REACH who="3" step="1"/><G15/><REACH who="3" ten="157,290,249,294" step="2"/><T65/><D111/><U119/><E119/><V36/><F1/><W20/><G20/><T38/><D38/><U72/><E72/><V12/><F12/><W7/><G7/><T4/><D61/><U11/><E68/><V99/><F74/><W37/><G37/><T50/><D49/><U63/><E63/><V105/><F34/><W122/><G122/><T23/><D22/><U89/><E48/><V81/><F81/><W47/><G47/><T62/><D62/><U29/><E66/><V75/><F73/><W123/><G123/><T21/><D21/><U96/><E89/><AGARI ba="1,1" hai="5,6,8,9,18,19,24,26,32,33,44,45,88,89" machi="89" ten="25,6400,0" yaku="1,1,22,2,54,1,53,0" doraHai="114" doraHaiUra="90" who="3" fromWho="1" sc="157,0,290,-67,249,0,294,77" /><INIT seed="6,0,0,3,2,29" ten="157,223,249,371" oya="2" hai0="63,43,131,8,17,111,51,36,112,107,89,65,10" hai1="106,120,99,48,105,74,56,9,78,110,62,92,77" hai2="123,27,5,18,58,103,4,80,39,122,69,115,45" hai3="32,117,96,12,46,54,95,102,86,113,67,124,98"/><V6/><F69/><W28/><G117/><T30/><D107/><U24/><E110/><V26/><F103/><W13/><G124/><T119/><D111/><U101/><E120/><V23/><F39/><W72/><G72/><T75/><D75/><U47/><E9/><V73/><F45/><W7/><G113/><T35/><D36/><U81/><E78/><V129/><F73/><W60/><G86/><T41/><D119/><U57/><E57/><V88/><F58/><W91/><G7/><T16/><D112/><U0/><E0/><V53/><F53/><W42/><G54/><T21/><D131/><U37/><E37/><V70/><F88/><W93/><G28/><T19/><D89/><U79/><E79/><V134/><F80/><W34/><G13/><T132/><D132/><U76/><E76/><V85/><F85/><W49/><G12/><T2/><D2/><U52/><REACH who="1" step="1"/><E24/><REACH who="1" ten="157,213,249,371" step="2"/><V44/><F27/><W59/><AGARI ba="0,1" hai="32,34,42,46,49,59,60,67,91,93,95,96,98,102" machi="59" ten="20,5200,0" yaku="0,1,7,1,52,2" doraHai="29" who="3" fromWho="3" sc="157,-13,213,-13,249,-26,371,62" /><INIT seed="7,0,0,2,2,99" ten="144,200,223,433" oya="3" hai0="5,71,24,0,30,104,128,92,44,19,85,31,132" hai1="40,84,21,47,90,55,4,65,107,42,103,61,82" hai2="81,39,52,56,68,9,111,133,63,1,109,48,2" hai3="131,91,15,11,75,34,112,79,6,54,76,126,135"/><W51/><G91/><T66/><D132/><U46/><E4/><V102/><F81/><W17/><G76/><T121/><D121/><U22/><E55/><V94/><F9/><W125/><G34/><T27/><D104/><U116/><E116/><V72/><F72/><W113/><G131/><T33/><D44/><U69/><E107/><V108/><F133/><W105/><G105/><T110/><D110/><U64/><E64/><V87/><F39/><W96/><G96/><T26/><D85/><U74/><E74/><V100/><F1/><W122/><G122/><T117/><D92/><U106/><E106/><V23/><F23/><W101/><G79/><T36/><D36/><U59/><E69/><V16/><F2/><W67/><G75/><T12/><D66/><U89/><E89/><V60/><F94/><W29/><G67/><T98/><D98/><U115/><E115/><V130/><F87/><W41/><G135/><T78/><D78/><U123/><E123/><V38/><F38/><W70/><G70/><T32/><D71/><U25/><E22/><V129/><F68/><W124/><G113/><T8/><D117/><U28/><E103/><N who="2" m="39467" /><F130/><W10/><G112/><T97/><D97/><U120/><E120/><V119/><F119/><W35/><G101/><T88/><D88/><U13/><E90/><V86/><F129/><W80/><G80/><T114/><D114/><U53/><E84/><V93/><F86/><W49/><G11/><N who="0" m="2471" /><D128/><U20/><E82/><V14/><F93/><W50/><G10/><T3/><D3/><U62/><E65/><V45/><F109/><RYUUKYOKU ba="0,0" sc="144,30,200,-10,223,-10,433,-10" hai0="8,12,19,24,26,27,30,31,32,33" owari="174,-33.0,190,-21.0,213,1.0,423,53.0" /></mjloggm>