<mjloggm ver="2.3"><GO type="169" lobby="0"/><UN n0="%E3%83%AA%E3%83%81%E3%83%A3%21%21" n1="%E3%83%88%E3%83%88%E3%83%AA%E5%85%88%E7%94%9F%31%39%E6%AD%B3" n2="%67%73%6B%67%33" n3="%E3%83%93%E3%82%B9%E3%82%AF%E3%83%89%E3%83%BC%E3%83%AB" dan="17,19,17,17" rate="2204.01,2309.25,2205.72,2113.24" sx="M,F,M,F"/><TAIKYOKU oya="0"/><INIT seed="0,0,0,4,1,126" ten="250,250,250,250" oya="0" hai0="89,40,106,21,108,34,13,75,30,121,94,26,96" hai1="1,48,27,98,9,39,122,100,120,45,130,20,114" hai2="11,51,103,54,57,59,17,132,65,63,70,6,134" hai3="123,76,67,36,101,81,129,79,78,43,7,85,74"/><T25/><D121/><U3/><E39/><V125/><F103/><W46/><G123/><T119/><D119/><U14/><E114/><V55/><F17/><W37/><G37/><T53/><D75/><U31/><E130/><V52/><F125/><W90/><G67/><T83/><D108/><U131/><E131/><V50/><REACH who="2" step="1"/><F55/><REACH who="2" ten="250,250,240,250" step="2"/><W15/><G101/><T58/><D106/><U112/><E122/><V22/><F22/><W29/><G29/><T82/><D40/><U118/><E120/><V62/><F62/><W56/><G129/><T117/><D117/><U73/><E118/><V102/><F102/><W68/><G68/><T0/><D0/><AGARI ba="0,1" hai="0,6,11,50,51,52,54,57,59,63,65,70,132,134" machi="0" ten="40,8000,1" yaku="1,1,9,1,54,1,53,1" doraHai="126" doraHaiUra="64" who="2" fromWho="0" sc="250,-80,250,0,240,90,250,0" /><INIT seed="1,0,0,4,1,56" ten="170,250,330,250" oya="1" hai0="101,57,86,62,45,89,135,119,133,35,3,99,74" hai1="53,118,11,60,61,71,8,124,51,64,72,81,108" hai2="48,75,107,22,83,97,128,2,54,31,1,23,123" hai3="47,29,43,134,58,13,116,39,110,132,105,68,95"/><U117/><E124/><V42/><F42/><W85/><G105/><T34/><D119/><U49/><E72/><V106/><F123/><W98/><G68/><T69/><D74/><U40/><E81/><V73/><F83/><W103/><G85/><T46/><D3/><U7/><E8/><V6/><F97/><W9/><G116/><N who="1" m="44650" /><E11/><V33/><F33/><W70/><G70/><T52/><D69/><N who="1" m="42119" /><E7/><V131/><F48/><N who="1" m="18505" /><E40/><V130/><F31/><W5/><G29/><T111/><D34/><U19/><E19/><V77/><F77/><W93/><G93/><T17/><D35/><U113/><E113/><V41/><F41/><W66/><G95/><N who="0" m="54711" /><D17/><U26/><E26/><V55/><F131/><W115/><G98/><T92/><D111/><U94/><E94/><V4/><AGARI ba="0,0" hai="1,2,4,6,22,23,54,55,73,75,106,107,128,130" machi="4" ten="25,3200,0" yaku="0,1,22,2" doraHai="56" who="2" fromWho="2" sc="170,-8,250,-16,330,32,250,-8" /><INIT seed="2,0,0,5,5,98" ten="162,234,362,242" oya="2" hai0="105,119,107,103,73,66,74,118,101,68,108,43,33" hai1="65,110,19,6,130,40,85,89,45,27,69,51,35" hai2="116,76,81,0,49,25,4,37,39,26,57,1,41" hai3="92,13,82,95,64,87,17,21,88,121,15,7,24"/><V8/><F116/><N who="0" m="44586" /><D33/><U23/><E110/><V79/><F1/><W104/><G104/><N who="0" m="40011" /><D43/><U126/><E130/><V48/><F79/><W125/><G125/><T120/><D120/><U100/><E126/><V16/><F57/><W32/><G64/><T9/><D9/><U84/><E35/><V44/><F39/><W133/><G133/><T94/><D94/><U63/><E89/><V29/><F29/><W114/><G114/><T38/><D38/><U60/><E6/><V86/><REACH who="2" step="1"/><F26/><REACH who="2" ten="162,234,352,242" step="2"/><W75/><G121/><T78/><D108/><U30/><E30/><V59/><F59/><W2/><G75/><N who="0" m="28683" /><D78/><U18/><E27/><V129/><F129/><W113/><G113/><T72/><D72/><U134/><E134/><V127/><F127/><W111/><G111/><T83/><D83/><U53/><E45/><V47/><F47/><W122/><G122/><T93/><D93/><U67/><E67/><V115/><F115/><W20/><G2/><T52/><D52/><U128/><E53/><V31/><F31/><N who="3" m="17799" /><G32/><T28/><D28/><U22/><E128/><V71/><F71/><W11/><AGARI ba="0,1" hai="7,11,13,15,17,21,82,87,88,92,95" m="17799" machi="11" ten="30,2000,0" yaku="8,1,54,1" doraHai="98" who="3" fromWho="3" sc="162,-5,234,-5,352,-10,242,30" /><INIT seed="3,0,0,5,0,103" ten="157,229,342,272" oya="3" hai0="30,86,47,124,23,82,77,3,107,42,52,8,110" hai1="45,121,32,10,109,85,19,16,0,74,126,98,50" hai2="101,116,22,79,73,18,49,25,29,9,118,37,39" hai3="129,100,51,53,108,90,96,69,48,27,91,113,33"/><W31/><G113/><T81/><D110/><U59/><E121/><V97/><F39/><W44/><G108/><T67/><D124/><U135/><E109/><V4/><F37/><W64/><G51/><T130/><D67/><U1/><E74/><V89/><F89/><W21/><G21/><T66/><D66/><U83/><E32/><V58/><F73/><W28/><G28/><T36/><D130/><U104/><E135/><V117/><F79/><W131/><G129/><T76/><D107/><U106/><E59/><V71/><F71/><W6/><G6/><T133/><D133/><U78/><E126/><V72/><F72/><W112/><G112/><T14/><D3/><U26/><E26/><V60/><F49/><W75/><G75/><T115/><D115/><U62/><E62/><V2/><F18/><W122/><G122/><T20/><D30/><U88/><E78/><V12/><F2/><N who="1" m="1129" /><E98/><V7/><F7/><W102/><G102/><T46/><D81/><U127/><E16/><V120/><F120/><W5/><G5/><T43/><D76/><U40/><E127/><V15/><F15/><W84/><G84/><T92/><D92/><U134/><E134/><V65/><REACH who="2" step="1"/><F118/><REACH who="2" ten="157,229,332,272" step="2"/><W128/><G128/><T13/><D13/><N who="1" m="7607" /><E40/><V56/><F56/><W105/><G131/><T63/><D43/><U132/><E132/><V61/><F61/><AGARI ba="0,1" hai="27,31,33,44,48,53,61,64,69,90,91,96,100,105" machi="61" ten="40,7700,0" yaku="25,2,52,1" doraHai="103" who="3" fromWho="2" sc="157,0,229,0,332,-77,272,87" /><INIT seed="3,1,0,4,0,63" ten="157,229,255,359" oya="3" hai0="128,59,130,90,32,54,46,61,49,133,38,91,80" hai1="108,121,45,31,68,82,85,8,29,129,57,76,0" hai2="41,93,97,135,126,3,16,50,13,42,104,48,14" hai3="113,64,84,28,134,62,117,60,43,105,20,24,35"/><W6/><G117/><T25/><D32/><U125/><E121/><V78/><F3/><W94/><G113/><T56/><D25/><U124/><E68/><V66/><F104/><W107/><G62/><N who="0" m="36119" /><D80/><U79/><E108/><V98/><F126/><N who="1" m="48745" /><E129/><N who="0" m="49769" /><D90/><N who="1" m="51511" /><E45/><V4/><F135/><W12/><G134/><T99/><D91/><U30/><E57/><V119/><F119/><W11/><G43/><N who="0" m="22903" /><D99/><U109/><E109/><V7/><F78/><W15/><G84/><T111/><D133/><U55/><E8/><V18/><F93/><W131/><G94/><T1/><D1/><U100/><E0/><V27/><REACH who="2" step="1"/><F27/><REACH who="2" ten="157,229,245,359" step="2"/><W40/><G131/><T53/><D111/><U103/><E79/><V96/><F96/><W22/><G107/><T123/><D123/><U37/><E76/><V101/><F101/><W34/><G105/><T75/><D75/><U47/><E100/><V26/><F26/><W73/><G73/><T114/><D114/><U10/><E103/><V86/><F86/><W116/><G116/><T5/><D5/><U88/><E88/><V19/><F19/><W39/><G6/><T58/><D58/><U74/><E74/><V115/><F115/><W21/><G24/><T70/><D70/><U36/><E10/><V9/><F9/><W52/><G11/><T92/><D92/><U33/><E33/><V23/><F23/><W95/><G35/><T122/><D122/><U51/><AGARI ba="1,1" hai="29,30,31,36,37,47,51,55" m="51511,48745" machi="51" ten="40,1500,0" yaku="18,1" doraHai="63" who="1" fromWho="1" sc="157,-5,229,28,245,-5,359,-8" /><INIT seed="4,0,0,3,5,130" ten="152,257,240,351" oya="0" hai0="1,15,16,75,34,19,65,97,121,106,10,79,27" hai1="61,51,18,58,28,60,123,53,114,113,20,108,100" hai2="49,8,104,23,96,64,55,14,62,99,98,87,126" hai3="81,131,125,128,102,122,59,56,89,29,77,63,95"/><T47/><D121/><U71/><E123/><V88/><F126/><W46/><G122/><T13/><D1/><U92/><E108/><V133/><F133/><W45/><G29/><T0/><D0/><U24/><E71/><V35/><F35/><W82/><G102/><T118/><D118/><U93/><E18/><V22/><F104/><W73/><G82/><T2/><D2/><U112/><E100/><V31/><F62/><AGARI ba="0,0" hai="20,24,28,51,53,58,60,61,62,92,93,112,113,114" machi="62" ten="40,2600,0" yaku="15,1,11,1" doraHai="130" who="1" fromWho="2" sc="152,0,257,26,240,-26,351,0" /><INIT seed="5,0,0,0,0,15" ten="152,283,214,351" oya="1" hai0="76,72,121,55,74,96,124,113,46,8,53,130,47" hai1="135,52,100,128,111,134,91,51,77,93,66,7,32" hai2="75,67,119,25,109,129,37,65,38,108,88,5,104" hai3="4,71,90,86,70,20,18,11,23,54,92,83,34"/><U1/><E32/><V126/><F5/><W85/><G23/><T61/><D76/><U87/><E128/><V27/><F104/><W102/><G34/><T9/><D96/><U80/><E111/><V45/><F75/><W60/><G54/><T82/><D82/><U107/><E66/><V99/><F129/><W17/><G20/><T68/><D130/><U2/><E100/><V89/><F45/><W58/><G70/><T73/><D68/><U120/><E107/><V41/><F99/><W57/><G71/><T81/><D81/><U50/><E50/><V35/><F35/><W62/><G60/><T31/><D31/><U13/><E13/><V123/><F41/><W6/><G102/><T56/><D121/><U103/><E103/><V132/><F123/><W98/><G98/><T131/><D131/><U39/><E39/><V21/><F21/><W69/><G69/><T116/><D116/><U24/><E24/><V10/><F10/><N who="0" m="4202" /><D124/><U115/><E7/><V79/><F79/><W114/><G4/><T40/><D113/><U42/><E42/><V117/><REACH who="2" step="1"/><F132/><REACH who="2" ten="152,283,204,351" step="2"/><N who="1" m="50729" /><E120/><V44/><F44/><W59/><G6/><T43/><D43/><U14/><E115/><V106/><F106/><W63/><G114/><T49/><D46/><N who="1" m="27767" /><E14/><V95/><F95/><W22/><G92/><T3/><D40/><U36/><E36/><V133/><F133/><W48/><G11/><T125/><D3/><N who="1" m="1035" /><E93/><V33/><F33/><W30/><G22/><T101/><D125/><AGARI ba="0,1" hai="25,27,37,38,65,67,88,89,108,109,117,119,125,126" machi="125" ten="25,6400,0" yaku="1,1,22,2,54,1,53,0" doraHai="15" doraHaiUra="29" who="2" fromWho="0" sc="152,-64,283,0,204,74,351,0" /><INIT seed="6,0,0,1,1,43" ten="88,283,278,351" oya="2" hai0="123,97,42,96,77,0,84,8,9,24,111,19,134" hai1="114,124,48,59,36,52,26,1,18,4,69,60,25" hai2="58,49,10,82,127,76,64,54,81,27,11,107,99" hai3="109,65,80,95,135,33,126,63,90,98,106,6,104"/><V12/><F127/><W116/><G33/><T119/><D111/><U71/><E124/><V31/><F64/><W61/><G126/><T66/><D123/><U46/><E114/><V17/><F11/><W121/><G109/><T56/><D134/><U83/><E36/><V3/><F3/><W35/><G35/><T29/><D119/><U79/><E4/><V100/><REACH who="2" step="1"/><F76/><REACH who="2" ten="88,283,268,351" step="2"/><W115/><G65/><T7/><D9/><U21/><E1/><V112/><F112/><W92/><G115/><T75/><D8/><U105/><E105/><V34/><AGARI ba="0,1" hai="10,12,17,27,31,34,49,54,58,81,82,99,100,107" machi="34" ten="20,3900,0" yaku="1,1,0,1,7,1,53,0" doraHai="43" doraHaiUra="88" who="2" fromWho="2" sc="88,-13,283,-13,268,49,351,-13" /><INIT seed="6,1,0,5,5,82" ten="75,270,317,338" oya="2" hai0="33,55,135,59,53,8,89,37,80,69,88,123,127" hai1="12,38,77,34,91,57,126,98,62,106,51,39,23" hai2="63,112,1,0,81,76,132,128,46,48,129,75,14" hai3="32,50,19,131,97,94,133,16,122,113,124,78,36"/><V118/><F118/><W45/><G122/><T4/><D123/><U64/><E34/><V54/><F14/><W60/><G36/><T42/><D69/><U21/><E126/><V56/><F112/><W87/><G32/><T11/><D127/><U71/><E77/><V92/><F92/><W68/><G124/><T95/><D33/><U6/><E21/><V117/><F117/><W3/><G3/><T67/><D135/><U103/><E91/><V114/><F114/><W102/><G133/><T96/><D67/><U93/><E106/><V17/><F17/><W111/><G111/><T20/><D37/><U43/><E71/><V130/><REACH who="2" step="1"/><F132/><REACH who="2" ten="75,270,307,338" step="2"/><W120/><G113/><T5/><D5/><U90/><E6/><V25/><F25/><W109/><G120/><T24/><D42/><AGARI ba="1,1" hai="0,1,42,46,48,54,56,63,75,76,81,128,129,130" machi="42" ten="40,7700,0" yaku="1,1,19,1,53,1" doraHai="82" doraHaiUra="41" who="2" fromWho="0" sc="75,-80,270,0,307,90,338,0" owari="-5,-51.0,270,-13.0,397,50.0,338,14.0" /></mjloggm>