<mjloggm ver="2.3"><GO type="169" lobby="0"/><UN n0="%E6%9D%BE%E5%B3%B6" n1="%64%65%61%69%75%70%2E%63" n2="%E3%83%88%E3%83%88%E3%83%AA%E5%85%88%E7%94%9F%31%39%E6%AD%B3" n3="%E3%83%AA%E3%82%B5%E3%81%95%E3%81%BE" dan="16,16,18,16" rate="2071.68,2138.23,2297.39,2055.94" sx="M,M,F,F"/><TAIKYOKU oya="0"/><INIT seed="0,0,0,4,1,58" ten="250,250,250,250" oya="0" hai0="88,9,122,72,52,18,79,22,19,24,108,124,67" hai1="119,90,73,94,39,78,65,114,110,5,113,44,64" hai2="25,36,80,62,95,115,96,121,77,97,38,57,105" hai3="117,49,71,134,107,43,46,15,82,12,45,21,69"/><T0/><D122/><U3/><E119/><V54/><F121/><W74/><G117/><T89/><D124/><U116/><E116/><V7/><F115/><W135/><G107/><T2/><D108/><U103/><E103/><V20/><F7/><W63/><G74/><T4/><D67/><U112/><E110/><V133/><F105/><W84/><G46/><T92/><D79/><U127/><E127/><V41/><F133/><N who="3" m="50699" /><G21/><T33/><D72/><U48/><E39/><V85/><F41/><W34/><G34/><T11/><D33/><U101/><E101/><V47/><F47/><W16/><G63/><T6/><D92/><U87/><E5/><V128/><F128/><W14/><G16/><T13/><REACH who="0" step="1"/><D52/><REACH who="0" ten="240,250,250,250" step="2"/><N who="1" m="29703" /><E3/><V126/><F126/><W125/><G125/><T130/><D130/><U42/><E42/><V17/><REACH who="2" step="1"/><F97/><REACH who="2" ten="240,250,240,250" step="2"/><W104/><G104/><T70/><D70/><U131/><E131/><V120/><F120/><W61/><G71/><T28/><D28/><U23/><E114/><V59/><F59/><W98/><G98/><T132/><D132/><U37/><E113/><V31/><F31/><W29/><G29/><T66/><D66/><U60/><E112/><V56/><F56/><W51/><G69/><T111/><D111/><U109/><E109/><V86/><F86/><W100/><G84/><T26/><D26/><U123/><E87/><V10/><F10/><AGARI ba="0,2" hai="0,2,4,6,9,10,11,13,18,19,22,24,88,89" machi="10" ten="30,12000,1" yaku="1,1,7,1,9,1,54,1,53,1" doraHai="58" doraHaiUra="8" who="0" fromWho="2" sc="240,140,250,0,240,-120,250,0" /><INIT seed="0,1,0,2,0,57" ten="380,250,120,250" oya="0" hai0="17,51,13,85,109,135,113,116,2,70,42,34,107" hai1="24,50,37,63,32,55,72,105,53,129,126,133,121" hai2="8,44,131,7,45,103,108,54,114,80,1,99,65" hai3="10,33,111,48,46,59,38,118,67,88,71,60,16"/><T62/><D116/><U102/><E37/><V79/><F114/><W83/><G118/><T36/><D34/><U11/><E72/><V82/><F108/><W35/><G111/><T29/><D29/><U124/><E121/><V123/><F123/><W20/><G71/><T112/><D107/><U122/><E122/><V31/><F131/><W93/><G38/><T90/><D2/><U49/><E129/><V4/><F31/><W84/><G93/><T9/><D135/><U106/><E11/><V30/><F4/><W21/><G21/><T68/><D109/><U15/><E15/><V101/><F82/><W47/><G47/><T69/><D36/><U76/><E76/><V94/><F101/><W128/><G128/><T75/><D75/><U39/><E39/><V52/><F30/><W3/><G3/><T22/><D9/><U77/><E77/><V89/><F103/><W87/><G84/><T95/><D51/><U117/><E102/><V27/><F27/><W110/><G110/><T56/><REACH who="0" step="1"/><D42/><REACH who="0" ten="370,250,120,250" step="2"/><U61/><E32/><V25/><F1/><W92/><G10/><T98/><D98/><U104/><E104/><V58/><F8/><W130/><G130/><T18/><D18/><U43/><E117/><V120/><F120/><W119/><G119/><T134/><D134/><U81/><E133/><V96/><F96/><W40/><G83/><T78/><D78/><U26/><E81/><V115/><F79/><W64/><G67/><AGARI ba="1,1" hai="13,17,22,56,62,67,68,69,70,85,90,95,112,113" machi="67" ten="40,12000,1" yaku="1,1,52,1,53,3" doraHai="57" doraHaiUra="66" who="0" fromWho="3" sc="370,133,250,0,120,0,250,-123" /><INIT seed="0,2,0,2,4,60" ten="503,250,120,127" oya="0" hai0="91,78,82,32,55,44,107,13,98,70,119,52,86" hai1="72,41,57,88,108,23,19,31,26,80,16,18,81" hai2="93,133,58,36,40,121,104,111,132,28,83,59,125" hai3="12,126,102,33,122,127,50,100,99,1,84,56,4"/><T22/><D32/><U43/><E108/><V129/><F121/><W6/><G122/><T39/><D119/><U62/><E72/><V114/><F104/><W25/><G1/><T85/><D70/><U8/><E8/><V27/><F114/><W92/><G102/><T14/><D39/><U105/><E105/><V95/><F111/><W46/><G84/><T48/><D107/><U101/><E101/><V47/><F129/><W53/><G12/><T123/><D98/><U75/><E75/><V42/><F83/><N who="1" m="31817" /><E88/><V68/><F68/><W0/><G0/><T38/><D38/><U3/><E3/><V74/><F74/><W135/><G135/><N who="2" m="51785" /><F95/><W131/><G131/><T73/><D73/><U71/><E71/><V96/><F125/><N who="3" m="47627" /><G56/><T124/><D124/><U5/><E5/><V61/><F59/><W35/><G35/><T49/><D123/><U51/><E51/><V67/><F36/><W130/><G130/><T21/><D86/><U34/><E34/><N who="2" m="20767" /><F47/><W77/><G77/><T69/><D69/><U116/><E116/><V112/><F112/><W109/><G109/><T76/><D76/><U64/><AGARI ba="2,0" hai="16,18,19,23,26,31,41,43,57,62,64" m="31817" machi="64" ten="30,4000,0" yaku="8,1,52,1,54,1" doraHai="60" who="1" fromWho="1" sc="503,-22,250,46,120,-12,127,-12" /><INIT seed="1,0,0,5,0,64" ten="481,296,108,115" oya="1" hai0="102,50,86,63,23,99,93,100,71,69,16,38,127" hai1="134,47,19,84,9,6,91,111,7,130,35,72,39" hai2="128,103,1,92,101,5,75,125,14,17,74,94,53" hai3="31,132,25,106,89,118,59,119,42,126,87,66,30"/><U73/><E35/><V56/><F128/><W114/><G114/><T117/><D117/><N who="3" m="44553" /><G106/><T33/><D33/><U21/><E130/><V122/><F122/><W98/><G98/><T22/><D38/><U70/><E134/><V12/><F125/><W82/><G132/><T77/><D127/><U46/><E70/><V67/><F1/><W60/><G126/><T108/><D108/><U55/><E111/><V105/><F105/><W52/><G42/><T80/><D100/><U18/><E39/><V115/><F115/><W135/><G135/><T76/><D23/><U61/><E72/><V97/><F67/><W27/><G27/><T4/><D4/><U24/><E73/><V83/><F5/><W123/><G123/><T10/><D10/><U29/><E61/><V131/><F131/><W44/><G25/><T45/><D63/><U85/><E85/><V90/><F75/><W78/><G89/><T0/><D76/><U96/><E96/><N who="2" m="59543" /><F74/><W40/><G66/><T129/><D129/><U15/><E29/><V112/><F17/><W124/><G124/><T110/><D110/><U120/><E120/><V32/><F112/><W95/><G95/><T57/><D57/><U3/><E3/><V109/><F109/><W104/><G104/><T8/><D8/><U68/><E6/><V133/><F133/><W107/><G107/><T81/><D81/><N who="1" m="49551" /><E7/><V113/><F113/><W11/><G11/><T28/><D0/><U13/><E24/><V37/><F32/><W116/><N who="3" m="44561" /><W36/><AGARI ba="0,0" hai="30,31,36,40,44,52,59,60,78,82,87" m="44561" machi="36" ten="40,5200,0" yaku="4,1,12,1,54,1" doraHai="64" who="3" fromWho="3" sc="481,-13,296,-26,108,-13,115,52" /><INIT seed="2,0,0,0,3,76" ten="468,270,95,167" oya="2" hai0="4,104,90,30,103,75,10,54,5,100,67,125,71" hai1="77,82,120,19,126,92,7,17,25,50,24,117,31" hai2="69,55,85,116,72,123,108,109,20,9,114,119,78" hai3="89,95,131,27,56,44,52,11,37,46,101,51,62"/><V74/><F69/><W130/><G101/><T127/><D75/><N who="2" m="28714" /><F55/><W81/><G81/><T34/><D90/><U121/><E50/><V96/><F20/><W0/><G37/><T58/><D104/><U106/><E17/><V14/><F14/><W29/><G0/><T33/><D67/><U105/><E19/><V73/><F9/><W2/><G11/><T6/><D71/><U111/><E24/><V115/><F123/><W88/><G46/><T70/><D70/><U21/><E25/><V110/><F73/><W12/><G12/><T49/><D10/><U18/><E21/><V107/><F78/><W68/><G2/><T118/><D118/><N who="2" m="45098" /><F85/><W8/><G8/><T132/><D30/><U133/><E18/><V45/><F45/><W112/><G68/><T32/><REACH who="0" step="1"/><D132/><REACH who="0" ten="458,270,95,167" step="2"/><U39/><E133/><V93/><F107/><W35/><G89/><AGARI ba="0,1" hai="89,93,96,108,109,110,114,115" m="45098,28714" machi="89" ten="40,12000,1" yaku="14,1,10,1,34,2" doraHai="76" who="2" fromWho="3" sc="458,0,270,0,95,130,167,-120" /><INIT seed="2,1,0,3,0,25" ten="458,270,225,47" oya="2" hai0="40,18,41,117,33,124,58,37,0,109,38,111,23" hai1="45,123,21,12,108,67,53,54,3,9,84,28,105" hai2="131,85,104,89,61,14,74,70,96,87,62,10,50" hai3="80,26,65,103,92,34,52,69,64,47,20,63,66"/><V86/><F74/><W39/><G34/><T134/><D117/><U46/><E105/><V4/><F131/><W122/><G122/><T115/><D33/><U19/><E108/><N who="0" m="41545" /><D0/><U30/><E3/><V13/><F70/><W43/><G103/><T68/><D68/><U118/><E118/><V72/><F72/><W114/><G114/><T73/><D73/><U88/><E67/><V97/><F104/><W6/><G6/><T98/><D98/><N who="2" m="37994" /><F89/><W49/><G80/><T51/><D134/><U7/><E123/><V126/><F126/><W95/><G92/><T17/><D115/><U36/><E36/><N who="0" m="13929" /><D124/><U110/><E110/><V112/><F112/><W130/><G95/><T22/><D58/><U93/><E7/><N who="2" m="3295" /><F50/><W71/><G71/><T35/><D35/><U113/><E113/><V90/><F90/><W107/><G107/><T129/><D129/><U120/><E120/><V128/><F128/><W116/><G116/><T133/><D51/><N who="1" m="28911" /><E9/><AGARI ba="1,0" hai="4,9,14,61,62,85,86,87" m="3295,37994" machi="9" ten="30,1500,0" yaku="8,1" doraHai="25" who="2" fromWho="1" sc="458,0,270,-18,225,18,47,0" /><INIT seed="2,2,0,0,4,131" ten="458,252,243,47" oya="2" hai0="28,68,29,74,113,125,3,43,21,130,84,92,134" hai1="129,123,54,98,26,127,91,114,96,135,15,17,53" hai2="60,76,85,81,12,99,93,6,116,61,111,108,55" hai3="11,80,65,38,124,105,109,107,89,83,82,32,132"/><V30/><F116/><W120/><G32/><T79/><D113/><U44/><E114/><V104/><F104/><W18/><G38/><T102/><D68/><U2/><E2/><V66/><F30/><W110/><G18/><T24/><D3/><U117/><E117/><V40/><F40/><W87/><G11/><T9/><D74/><U8/><E129/><V59/><F6/><W58/><G58/><T101/><D130/><U75/><E75/><V126/><F12/><W78/><G65/><T97/><D134/><U122/><E135/><V47/><F126/><W10/><G10/><T94/><D9/><U88/><E127/><V57/><REACH who="2" step="1"/><F47/><REACH who="2" ten="458,252,233,47" step="2"/><W86/><G124/><T33/><D43/><U7/><E44/><V100/><AGARI ba="2,1" hai="55,57,59,60,61,66,76,81,85,93,99,100,108,111" machi="100" ten="30,6000,0" yaku="1,1,2,1,0,1,53,0" doraHai="131" doraHaiUra="36" who="2" fromWho="2" sc="458,-22,252,-22,233,76,47,-22" /><INIT seed="2,3,0,0,1,64" ten="436,230,309,25" oya="2" hai0="31,3,59,2,24,119,10,85,87,111,62,79,39" hai1="78,1,21,114,26,101,97,72,107,69,105,103,66" hai2="37,65,38,115,45,94,128,84,63,93,17,20,81" hai3="126,91,16,32,40,77,9,50,4,15,47,104,76"/><V43/><F115/><W28/><G126/><T58/><D39/><U55/><E114/><V5/><F38/><W14/><G104/><T116/><D111/><U113/><E113/><V73/><F5/><W0/><G14/><T61/><D79/><U11/><E55/><V90/><F73/><W98/><G98/><T54/><D10/><U133/><E133/><V19/><F128/><W46/><G91/><T127/><D127/><U18/><E78/><V135/><F135/><W12/><G12/><T30/><D54/><U88/><E72/><V102/><F102/><W23/><G47/><T112/><D112/><U33/><E33/><V118/><F118/><W131/><G131/><T13/><D13/><U106/><E11/><V96/><F20/><W52/><REACH who="3" step="1"/><G40/><REACH who="3" ten="436,230,309,15" step="2"/><T60/><D60/><U108/><E1/><V49/><F63/><W25/><AGARI ba="3,1" hai="0,4,9,15,16,23,25,28,32,46,50,52,76,77" machi="25" ten="30,12000,2" yaku="1,1,2,1,0,1,24,2,54,2,53,0" doraHai="64" doraHaiUra="80" who="3" fromWho="3" sc="436,-33,230,-33,309,-63,15,139" /><INIT seed="3,0,0,1,3,82" ten="403,197,246,154" oya="3" hai0="32,60,134,73,79,132,47,128,24,44,70,42,46" hai1="122,74,93,124,71,110,75,90,30,15,130,127,80" hai2="81,63,87,27,48,69,61,96,41,16,116,135,129" hai3="108,68,19,65,58,117,9,125,6,22,56,83,33"/><W78/><G117/><T119/><D119/><U38/><E38/><V106/><F116/><W12/><G33/><T77/><D128/><U72/><E71/><V103/><F69/><W55/><G125/><N who="1" m="48202" /><E30/><V111/><F111/><W118/><G118/><T59/><D70/><U1/><E1/><V39/><F39/><W2/><G108/><T86/><D73/><U34/><E15/><V94/><F129/><W49/><G68/><T66/><D42/><U120/><E34/><V123/><F106/><W101/><G101/><T36/><D36/><U23/><E23/><N who="2" m="13799" /><F135/><N who="0" m="51754" /><D24/><U91/><E130/><V131/><F123/><N who="1" m="47145" /><E110/><V8/><F8/><W21/><G65/><T25/><D25/><U98/><E91/><N who="2" m="51695" /><F131/><W50/><G22/><T115/><D32/><U88/><E90/><V99/><F99/><W35/><G35/><T52/><D115/><U43/><E43/><V100/><F100/><W113/><G113/><T97/><D97/><U62/><E62/><V7/><F7/><W133/><G133/><T40/><D40/><U121/><E121/><V0/><F0/><W10/><G9/><T31/><D31/><U89/><E89/><V105/><F105/><W20/><G21/><T45/><D77/><AGARI ba="0,0" hai="72,74,75,77,80,88,93,98" m="47145,48202" machi="77" ten="30,7700,0" yaku="18,1,34,2,54,1" doraHai="82" who="1" fromWho="0" sc="403,-77,197,77,246,0,154,0" /><INIT seed="4,0,0,2,2,125" ten="326,274,246,154" oya="0" hai0="43,112,122,59,117,132,95,58,90,99,57,107,109" hai1="75,114,55,20,135,40,76,108,26,74,106,14,94" hai2="120,22,41,61,19,12,119,54,48,44,45,128,123" hai3="11,49,7,72,0,18,89,64,46,70,32,6,98"/><T82/><D122/><U115/><E106/><V97/><F119/><W38/><G72/><T68/><D117/><U87/><E108/><V60/><F128/><W84/><G38/><T124/><D112/><N who="1" m="43051" /><E135/><V80/><F120/><W52/><G32/><T101/><D124/><U130/><E130/><V129/><F129/><W121/><G121/><T131/><D68/><U81/><E40/><V28/><F123/><W113/><G98/><T96/><D131/><U69/><E69/><V31/><F80/><W42/><G113/><T3/><D3/><U4/><E55/><V134/><F134/><W105/><G105/><T103/><D109/><U27/><E94/><V8/><F97/><W62/><G7/><T9/><D132/><U1/><E1/><V2/><F2/><W110/><G18/><T23/><D9/><N who="1" m="4391" /><E27/><V13/><F61/><W127/><G127/><T16/><D43/><U21/><E21/><V77/><F60/><W15/><G110/><T78/><D101/><U63/><E63/><V118/><F118/><W5/><G42/><T102/><D102/><U37/><E37/><V34/><F34/><W83/><G0/><T100/><D100/><U66/><E66/><V116/><F116/><W126/><G126/><T133/><D133/><U65/><E65/><V56/><F41/><W36/><REACH who="3" step="1"/><G6/><REACH who="3" ten="326,274,246,144" step="2"/><T29/><D29/><AGARI ba="0,1" hai="20,26,29,74,75,76,81,87" m="4391,43051" machi="29" ten="30,2000,0" yaku="15,1,11,1" doraHai="125" who="1" fromWho="0" sc="326,-20,274,30,246,0,144,0" /><INIT seed="5,0,0,5,1,50" ten="306,304,246,144" oya="1" hai0="7,64,46,52,1,79,106,83,18,15,49,125,86" hai1="99,101,24,61,21,71,42,94,89,13,38,60,4" hai2="121,93,100,107,124,76,129,85,32,104,74,102,80" hai3="31,58,91,119,84,98,116,0,70,34,56,9,33"/><U19/><E71/><V23/><F32/><W29/><G70/><T111/><D106/><N who="2" m="40490" /><F23/><W96/><G0/><T69/><D125/><U44/><E4/><V54/><F54/><W41/><G41/><T51/><D111/><U43/><E43/><V2/><F2/><W115/><G115/><T36/><D36/><U45/><E45/><V66/><F66/><W87/><G91/><T82/><D7/><U81/><REACH who="1" step="1"/><E24/><REACH who="1" ten="306,294,246,144" step="2"/><V40/><F40/><W55/><REACH who="3" step="1"/><G9/><REACH who="3" ten="306,294,246,134" step="2"/><N who="0" m="6511" /><D69/><U20/><E20/><V105/><F124/><W95/><G95/><T103/><D1/><U132/><E132/><V131/><F105/><W27/><G27/><T127/><D127/><U75/><E75/><V133/><F133/><W47/><G47/><T114/><D114/><U130/><E130/><N who="2" m="49675" /><F121/><W3/><G3/><T11/><D11/><U26/><E26/><V118/><F118/><W22/><G22/><T5/><D5/><U30/><E30/><V12/><F12/><W126/><G126/><T120/><D120/><U73/><E73/><V35/><F35/><W110/><G110/><T88/><D46/><U6/><E6/><V17/><F17/><W37/><G37/><T112/><D112/><U14/><E14/><V67/><F74/><W53/><AGARI ba="0,2" hai="29,31,33,34,53,55,56,58,84,87,96,98,116,119" machi="53" ten="25,12000,2" yaku="1,1,0,1,22,2,52,2,53,0" doraHai="50" doraHaiUra="57" who="3" fromWho="3" sc="306,-30,294,-60,246,-30,134,140" /><INIT seed="6,0,0,2,4,3" ten="276,234,216,274" oya="2" hai0="54,134,66,125,99,127,23,120,80,89,10,83,122" hai1="117,107,57,16,25,103,5,53,97,36,109,58,81" hai2="116,37,30,124,4,106,9,94,129,14,78,101,26" hai3="13,17,65,79,15,90,75,12,49,43,115,95,131"/><V46/><F116/><W11/><G131/><T35/><D35/><U1/><E117/><V102/><F129/><W47/><G115/><T82/><D66/><U77/><E36/><V59/><F106/><W64/><G79/><T21/><D10/><U121/><E109/><V22/><F124/><N who="0" m="47690" /><D54/><U7/><E1/><V0/><F78/><W85/><G75/><T114/><D134/><U73/><E121/><N who="0" m="46697" /><D114/><U39/><E39/><V87/><F37/><W19/><G13/><T52/><D52/><U48/><REACH who="1" step="1"/><E57/><REACH who="1" ten="276,224,216,274" step="2"/><V69/><F69/><W68/><G68/><T112/><D112/><U118/><E118/><V130/><F130/><W74/><G74/><T62/><D62/><U31/><E31/><V70/><F70/><W6/><G49/><T67/><D67/><U34/><E34/><V119/><F119/><W92/><G64/><T123/><D123/><U110/><E110/><V105/><F59/><W88/><G65/><T50/><D50/><U132/><E132/><V111/><F111/><W96/><G47/><T128/><D128/><U126/><E126/><V29/><F46/><W84/><G43/><T76/><D76/><U44/><E44/><V113/><F113/><W61/><G61/><T100/><D89/><U104/><E104/><AGARI ba="0,1" hai="21,23,80,82,83,99,100,104" m="46697,47690" machi="104" ten="40,1300,0" yaku="18,1" doraHai="3" who="0" fromWho="1" sc="276,23,224,-13,216,0,274,0" /><INIT seed="7,0,0,0,4,61" ten="299,211,216,274" oya="3" hai0="131,21,124,65,73,43,3,87,12,77,106,98,13" hai1="102,94,128,11,32,93,81,48,91,107,30,9,112" hai2="122,15,135,5,74,27,14,47,25,56,90,103,2" hai3="132,42,7,76,82,80,26,96,126,70,54,24,113"/><W134/><G113/><T67/><D3/><U55/><E107/><V53/><F74/><W68/><G126/><T115/><D124/><U44/><E112/><V39/><F2/><W99/><G7/><T38/><D115/><U10/><E128/><V52/><F135/><N who="3" m="51755" /><G42/><T104/><D73/><U51/><E32/><V78/><F78/><W46/><G46/><T0/><D0/><U101/><E30/><V69/><F103/><N who="1" m="39433" /><E51/><N who="2" m="28799" /><F69/><N who="3" m="26731" /><G54/><T110/><D110/><U23/><E23/><V49/><F122/><W6/><G6/><T117/><D43/><U33/><E33/><V41/><F5/><W108/><G76/><T1/><D1/><U59/><E44/><V133/><F39/><W119/><G119/><T64/><D38/><U71/><E71/><V28/><F41/><W40/><G40/><T114/><D114/><U88/><E91/><V18/><F133/><W35/><G35/><T4/><D117/><U29/><E29/><V118/><F118/><W8/><G8/><N who="1" m="2050" /><U86/><AGARI ba="0,0" hai="48,55,59,81,86,88,93,94" m="2050,39433" machi="86" ten="40,5200,0" yaku="4,1,8,1,54,1" doraHai="61" who="1" fromWho="1" sc="299,-13,211,52,216,-13,274,-26" /><INIT seed="8,0,0,1,5,132" ten="286,263,203,248" oya="0" hai0="9,48,89,49,27,75,81,68,23,99,119,14,60" hai1="57,12,103,80,29,104,83,133,123,93,52,17,116" hai2="32,47,58,55,86,84,126,108,1,46,91,112,4" hai3="35,38,88,127,34,28,115,118,3,67,85,53,26"/><T134/><D119/><U76/><E116/><V65/><F108/><W105/><G115/><T40/><D134/><U71/><E71/><V6/><F32/><W54/><G118/><T74/><D74/><U98/><E133/><V82/><F112/><W51/><G105/><T73/><D75/><U120/><E29/><V8/><F65/><W113/><G113/><T37/><D37/><U130/><E104/><V13/><F126/><W94/><G3/><T41/><D73/><U18/><E130/><V10/><REACH who="2" step="1"/><F86/><REACH who="2" ten="286,263,193,248" step="2"/><W30/><G127/><T135/><D135/><U16/><E123/><V102/><F102/><W69/><G67/><T101/><D101/><U61/><E120/><V92/><F92/><W2/><G35/><T59/><D68/><U25/><E25/><V64/><F64/><W20/><G34/><T7/><D81/><N who="1" m="31307" /><E76/><V109/><F109/><W100/><G100/><T97/><D27/><U62/><E62/><AGARI ba="0,1" hai="1,4,6,8,10,13,46,47,55,58,62,82,84,91" machi="62" ten="30,2000,0" yaku="1,1,7,1,53,0" doraHai="132" doraHaiUra="15" who="2" fromWho="1" sc="286,0,263,-20,193,30,248,0" /><INIT seed="9,0,0,0,2,27" ten="286,243,223,248" oya="1" hai0="105,41,50,120,30,75,125,112,95,10,127,121,35" hai1="91,115,70,13,0,28,133,81,53,71,113,61,26" hai2="15,58,98,29,18,42,101,48,55,123,100,69,93" hai3="85,44,38,67,34,80,76,117,87,46,77,7,39"/><U82/><E0/><V31/><F123/><N who="0" m="47178" /><D75/><U106/><E106/><V17/><F69/><W107/><G117/><T99/><D105/><U88/><E13/><V8/><F100/><W89/><G107/><T21/><D10/><U73/><E73/><V97/><F97/><W66/><G34/><T37/><D37/><U92/><E53/><V16/><F42/><W12/><G12/><T3/><D3/><U62/><E26/><V24/><F24/><W94/><G7/><AGARI ba="0,0" hai="7,8,15,16,17,18,29,31,48,55,58,93,98,101" machi="7" ten="40,8000,1" yaku="8,1,52,2,54,1" doraHai="27" who="2" fromWho="3" sc="286,0,243,0,223,80,248,-80" owari="286,9.0,243,-16.0,303,40.0,168,-33.0" /></mjloggm>