<mjloggm ver="2.3"><GO type="169" lobby="0"/><UN n0="%E3%83%A4%E3%82%B3%E3%83%96%E3%82%B3%E3%83%BC%E3%82%A8%E3%83%B3" n1="%E3%82%B4%E3%83%9F%E3%82%AF%E3%82%BA%E4%B8%83%E6%AE%B5" n2="%E3%82%82%E3%82%81%E3%82%93%E3%81%AA%E3%81%A1%E3%82%83%E3%81%84" n3="%E3%82%A6%E3%83%AB%E3%83%88%E3%83%A9%E7%AB%8B%E7%9B%B4" dan="16,17,18,18" rate="2162.57,2174.51,2172.67,2216.95" sx="M,F,F,M"/><TAIKYOKU oya="0"/><INIT seed="0,0,0,3,0,42" ten="250,250,250,250" oya="0" hai0="118,47,5,0,3,92,54,112,117,88,129,19,108" hai1="124,16,77,11,111,69,101,87,64,74,116,97,23" hai2="29,26,58,82,32,115,21,36,107,121,81,50,35" hai3="38,45,39,114,63,71,48,119,72,22,9,86,125"/><T41/><D112/><U68/><E116/><V56/><F36/><W89/><G72/><T90/><D129/><U126/><E74/><V100/><F115/><W78/><G78/><T70/><D70/><U133/><E111/><V110/><F121/><W67/><G119/><T120/><D120/><U109/><E109/><V102/><F110/><W128/><G125/><N who="1" m="48234" /><E133/><V76/><F81/><W80/><G128/><T135/><D135/><U13/><E64/><V20/><F107/><W94/><G114/><T28/><D28/><U44/><E87/><V30/><F82/><W75/><G22/><T79/><D79/><U34/><E34/><V62/><F76/><W130/><G130/><T73/><D73/><U134/><E134/><V6/><F50/><W31/><G31/><T131/><D131/><U8/><E44/><V18/><F6/><W123/><G123/><T85/><D108/><U93/><E77/><V2/><F2/><W24/><G75/><T95/><D5/><N who="1" m="3215" /><E11/><V37/><F37/><W96/><G9/><T122/><D122/><U105/><E105/><V15/><F21/><W10/><G10/><T49/><D118/><U84/><E84/><V46/><F46/><W4/><G4/><T99/><D117/><U91/><E91/><V132/><F132/><W127/><G127/><T59/><REACH who="0" step="1"/><D19/><REACH who="0" ten="240,250,250,250" step="2"/><U98/><E68/><V65/><F30/><W27/><G71/><T25/><D25/><N who="1" m="14567" /><E69/><N who="2" m="42167" /><F35/><W55/><G24/><T12/><D12/><U66/><E97/><V40/><F32/><W57/><G27/><T103/><D103/><U43/><E43/><V60/><F40/><RYUUKYOKU ba="0,1" sc="240,10,250,10,250,-30,250,10" hai0="0,3,41,47,49,54,59,85,88,90,92,95,99" hai1="66,93,98,101" hai3="38,39,45,48,55,57,63,67,80,86,89,94,96" /><INIT seed="0,1,1,5,1,75" ten="250,260,220,260" oya="0" hai0="117,123,135,54,124,60,114,27,41,58,109,118,32" hai1="88,38,23,53,62,105,57,70,26,121,69,65,93" hai2="98,55,42,24,30,21,122,92,14,50,73,84,130" hai3="103,49,17,80,81,133,127,18,116,33,82,45,56"/><T8/><D123/><U25/><E121/><V104/><F73/><W28/><G116/><T89/><D114/><U86/><E105/><V106/><F122/><W29/><G127/><T19/><D124/><U16/><E38/><V107/><F130/><W10/><G133/><T126/><D135/><U76/><E76/><V59/><F42/><W37/><G37/><T3/><D126/><U66/><E66/><V11/><F84/><W1/><G103/><T119/><D41/><U77/><E77/><V6/><REACH who="2" step="1"/><F92/><REACH who="2" ten="250,260,210,260" step="2"/><W102/><G81/><T40/><D40/><U99/><E86/><V39/><F39/><W35/><G82/><T43/><D43/><U97/><E97/><AGARI ba="1,2" hai="6,11,14,21,24,30,50,55,59,97,98,104,106,107" machi="97" ten="40,1300,0" yaku="1,1,53,0" doraHai="75" doraHaiUra="79" who="2" fromWho="1" sc="250,0,260,-16,210,36,260,0" /><INIT seed="1,0,0,4,3,39" ten="250,244,246,260" oya="1" hai0="56,23,104,16,88,115,59,112,63,85,68,19,89" hai1="122,127,7,14,41,50,35,1,30,8,82,36,22" hai2="102,38,33,93,11,34,133,92,17,61,114,129,18" hai3="134,96,6,131,90,74,79,60,44,9,46,81,15"/><U107/><E122/><V119/><F38/><W111/><G111/><T47/><D104/><U21/><E107/><V126/><F119/><W32/><G32/><T94/><D68/><U77/><E36/><V87/><F129/><W45/><G134/><T98/><D47/><N who="1" m="25967" /><E1/><V95/><F102/><W103/><G131/><T91/><D59/><U97/><E127/><V48/><F133/><W106/><G60/><T64/><D19/><U57/><E97/><V117/><F117/><W99/><G99/><T109/><D109/><U108/><E108/><V132/><F132/><W84/><REACH who="3" step="1"/><G45/><REACH who="3" ten="250,244,246,250" step="2"/><T78/><D115/><U51/><E35/><V101/><F61/><W105/><G105/><T29/><D112/><U12/><E30/><V55/><F33/><W58/><G58/><T130/><D29/><U3/><E3/><V70/><F34/><W65/><G65/><T128/><D130/><U24/><E12/><V43/><F114/><W73/><G73/><T42/><D128/><U113/><E113/><V27/><F70/><W110/><G110/><T28/><D28/><U52/><E24/><V69/><F69/><W123/><G123/><T4/><D98/><U125/><E125/><V13/><F126/><W20/><G20/><T10/><D56/><U80/><E80/><AGARI ba="0,1" hai="6,9,15,44,46,74,79,80,81,84,90,96,103,106" machi="80" ten="30,3900,0" yaku="1,1,7,1,53,1" doraHai="39" doraHaiUra="100" who="3" fromWho="1" sc="250,0,244,-39,246,0,250,49" /><INIT seed="2,0,0,3,2,82" ten="250,205,246,299" oya="2" hai0="26,119,93,131,61,53,3,89,124,134,8,30,42" hai1="17,104,68,31,110,90,125,133,87,67,84,1,37" hai2="106,100,98,4,63,55,0,39,11,27,58,41,73" hai3="24,6,18,74,66,97,2,69,77,121,47,75,59"/><V105/><F73/><W25/><G69/><T108/><D124/><U95/><E37/><V20/><F39/><W132/><G121/><T32/><D134/><U127/><E1/><V114/><F41/><W7/><G132/><T123/><D123/><U129/><E133/><V120/><F120/><W71/><G71/><T115/><D131/><U102/><E129/><V118/><F114/><W14/><G75/><T101/><D101/><U96/><E110/><V15/><F118/><W135/><G135/><T54/><D108/><U45/><E45/><V51/><F51/><W48/><G77/><T111/><D115/><U103/><E103/><V44/><F44/><W29/><G97/><T85/><D42/><U81/><E17/><V60/><F60/><N who="3" m="38175" /><G74/><T76/><D76/><U28/><E67/><V5/><F5/><N who="3" m="1547" /><G29/><T52/><D119/><U112/><E68/><V83/><F83/><W122/><G2/><T56/><D111/><U99/><E112/><V128/><F128/><W33/><G33/><T9/><REACH who="0" step="1"/><D3/><REACH who="0" ten="240,205,246,299" step="2"/><U117/><E117/><V70/><F0/><W80/><G122/><T72/><D72/><U88/><REACH who="1" step="1"/><E99/><REACH who="1" ten="240,195,246,299" step="2"/><V64/><F98/><W62/><G47/><T91/><D91/><U10/><E10/><AGARI ba="0,2" hai="8,9,10,26,30,32,52,53,54,56,61,85,89,93" machi="10" ten="40,5200,0" yaku="1,1,52,1,54,1,53,0" doraHai="82" doraHaiUra="19" who="0" fromWho="1" sc="240,72,195,-52,246,0,299,0" /><INIT seed="3,0,0,4,1,82" ten="312,143,246,299" oya="3" hai0="116,79,90,7,74,110,117,15,37,30,132,18,16" hai1="48,45,17,77,113,81,26,53,91,8,51,24,120" hai2="61,13,50,84,92,71,122,23,10,0,35,32,29" hai3="56,106,12,96,64,86,2,88,100,20,125,4,72"/><W41/><G125/><T102/><D37/><U11/><E120/><V128/><F122/><W99/><G72/><T38/><D38/><U3/><E113/><V5/><F128/><W54/><G2/><T19/><D132/><U42/><E91/><V34/><F50/><W9/><G41/><T22/><D110/><U80/><E3/><V78/><F71/><W93/><G20/><T123/><D123/><U83/><E77/><V133/><F61/><W33/><G64/><T131/><D131/><U67/><E67/><V66/><F66/><W130/><G130/><T57/><D79/><U114/><E114/><V31/><F133/><W108/><G108/><T28/><D74/><U127/><E127/><V39/><F39/><W73/><G73/><T62/><D102/><U52/><E42/><V43/><F43/><W85/><REACH who="3" step="1"/><G33/><REACH who="3" ten="312,143,246,289" step="2"/><T44/><D117/><U27/><REACH who="1" step="1"/><E17/><REACH who="1" ten="312,133,246,289" step="2"/><V129/><F129/><W21/><G21/><T40/><D22/><U98/><E98/><V118/><F0/><W75/><G75/><T6/><D116/><U134/><E134/><V1/><F118/><W115/><G115/><T121/><D121/><U126/><E126/><V69/><F1/><W76/><G76/><T94/><D19/><U58/><AGARI ba="0,2" hai="8,11,24,26,27,45,48,51,52,53,58,80,81,83" machi="58" ten="30,7900,0" yaku="1,1,0,1,8,1,54,1,53,0" doraHai="82" doraHaiUra="124" who="1" fromWho="1" sc="312,-20,133,99,246,-20,289,-39" /><INIT seed="4,0,0,3,3,95" ten="292,232,226,250" oya="0" hai0="59,109,12,85,50,107,96,51,52,118,55,128,135" hai1="10,93,74,28,56,94,123,20,5,70,119,129,25" hai2="63,31,65,22,114,75,80,16,115,34,117,15,77" hai3="1,91,35,90,133,46,60,92,42,105,62,87,30"/><T112/><D118/><U69/><E123/><V36/><F36/><W9/><G133/><T110/><D135/><U27/><E119/><V3/><F117/><W17/><G105/><T41/><D41/><U18/><E74/><V24/><REACH who="2" step="1"/><F3/><REACH who="2" ten="292,232,216,250" step="2"/><W100/><G1/><T26/><D110/><U67/><E129/><V11/><F11/><W6/><G9/><T64/><D128/><U131/><E131/><V73/><F73/><W2/><G2/><T121/><D109/><U127/><E127/><V76/><F76/><W37/><G37/><T61/><D121/><U32/><E70/><AGARI ba="0,1" hai="15,16,22,24,31,34,63,65,70,75,77,80,114,115" machi="70" ten="40,8000,1" yaku="1,1,54,1,53,2" doraHai="95" doraHaiUra="108" who="2" fromWho="1" sc="292,0,232,-80,216,90,250,0" /><INIT seed="5,0,0,3,0,133" ten="292,152,306,250" oya="1" hai0="16,45,98,70,110,112,35,43,46,28,25,75,134" hai1="96,108,59,67,31,6,18,4,52,51,121,53,44" hai2="34,61,12,60,68,73,114,104,41,109,66,24,7" hai3="50,117,95,23,94,38,116,86,36,130,65,10,22"/><U77/><E121/><V33/><F109/><W20/><G130/><T47/><D70/><U13/><E108/><V132/><F73/><W81/><G65/><T97/><D75/><U39/><E31/><V8/><F132/><W5/><G50/><T128/><D112/><U64/><E77/><V54/><F114/><W125/><G94/><T26/><D128/><U74/><E74/><V80/><F41/><W3/><G95/><T32/><D134/><U91/><E39/><V124/><F80/><W115/><G115/><T84/><D43/><U62/><E91/><V118/><F104/><W17/><G17/><T15/><D84/><U103/><E67/><V72/><F118/><N who="3" m="45675" /><G125/><T87/><D87/><U30/><E30/><V90/><F124/><W85/><G85/><T100/><D98/><U11/><REACH who="1" step="1"/><E64/><REACH who="1" ten="292,142,306,250" step="2"/><V56/><F66/><W42/><G42/><T122/><D110/><U93/><AGARI ba="0,1" hai="4,6,11,13,18,44,51,52,53,59,62,93,96,103" machi="93" ten="20,18000,2" yaku="1,1,2,1,0,1,7,1,8,1,54,1,53,0" doraHai="133" doraHaiUra="113" who="1" fromWho="1" sc="292,-60,142,190,306,-60,250,-60" /><INIT seed="5,1,0,5,0,102" ten="232,332,246,190" oya="1" hai0="6,116,122,18,121,50,88,65,12,13,14,20,11" hai1="5,48,38,84,74,117,80,56,127,28,92,75,89" hai2="131,17,96,118,79,24,51,23,30,54,22,64,134" hai3="101,49,97,69,53,87,16,126,107,26,68,21,7"/><U2/><E117/><V77/><F118/><W124/><G7/><T114/><D65/><U19/><E38/><V81/><F134/><W61/><G87/><T132/><D116/><U93/><E127/><N who="3" m="48682" /><G61/><T123/><D132/><U128/><E128/><V72/><F131/><W39/><G39/><T135/><D135/><U94/><E28/><V111/><F111/><W113/><G113/><T63/><D63/><U52/><REACH who="1" step="1"/><E19/><REACH who="1" ten="232,322,246,190" step="2"/><V10/><F17/><W98/><G98/><T45/><D114/><U99/><E99/><V40/><F96/><W42/><G42/><T133/><D133/><U47/><E47/><AGARI ba="1,1" hai="16,21,26,47,49,53,68,69,97,101,107" m="48682" machi="47" ten="30,3900,0" yaku="18,1,52,1,54,1" doraHai="102" who="3" fromWho="1" sc="232,0,322,-42,246,0,190,52" /><INIT seed="6,0,0,1,4,111" ten="232,280,246,242" oya="2" hai0="36,96,115,69,74,104,23,63,59,71,56,44,42" hai1="55,18,40,51,95,77,45,16,128,86,131,67,50" hai2="121,20,107,105,94,135,39,68,28,112,60,134,93" hai3="91,65,75,122,5,76,80,11,72,32,25,61,125"/><V78/><F121/><W106/><G122/><T70/><D74/><U117/><E117/><V109/><F39/><W17/><G91/><T82/><D82/><N who="1" m="47439" /><E67/><N who="2" m="41063" /><F78/><W113/><G17/><T114/><D23/><U133/><E133/><N who="2" m="50699" /><F109/><W73/><G106/><N who="2" m="40457" /><F112/><N who="0" m="43050" /><D63/><U85/><E131/><V87/><F87/><W33/><G113/><T101/><AGARI ba="0,0" hai="36,42,44,56,59,69,70,71,96,101,104" m="43050" machi="101" ten="40,8000,1" yaku="15,1,52,3" doraHai="111" who="0" fromWho="0" sc="232,80,280,-20,246,-40,242,-20" /><INIT seed="7,0,0,2,5,103" ten="312,260,206,222" oya="3" hai0="80,74,116,12,113,22,114,43,23,67,123,63,6" hai1="87,122,117,35,127,17,112,7,124,79,39,108,68" hai2="73,32,104,58,83,29,90,13,84,106,26,105,33" hai3="62,34,14,19,47,89,125,8,64,100,9,128,129"/><W57/><G34/><T98/><D123/><U88/><E68/><V54/><F13/><W53/><G125/><N who="1" m="48202" /><E39/><V37/><F37/><W70/><G100/><T31/><D116/><U101/><E35/><V99/><F33/><W94/><G47/><T119/><D119/><U3/><E17/><V78/><F99/><W25/><G25/><T91/><D43/><U120/><E7/><V18/><F18/><W46/><G46/><T27/><D74/><U71/><E71/><V45/><F45/><W92/><G8/><T20/><D12/><U0/><E3/><V95/><REACH who="2" step="1"/><F106/><REACH who="2" ten="312,260,196,222" step="2"/><W135/><G135/><T48/><D98/><U76/><E117/><V28/><F28/><W61/><REACH who="3" step="1"/><G89/><REACH who="3" ten="312,260,196,212" step="2"/><T134/><D91/><U15/><E101/><V52/><F52/><W49/><G49/><AGARI ba="0,2" hai="26,29,32,49,54,58,73,78,83,84,90,95,104,105" machi="49" ten="30,7700,0" yaku="1,1,7,1,52,2,53,0" doraHai="103" doraHaiUra="56" who="2" fromWho="3" sc="312,0,260,0,196,97,212,-77" owari="312,41.0,260,-14.0,293,9.0,135,-36.0" /></mjloggm>