<mjloggm ver="2.3"><GO type="169" lobby="0"/><UN n0="%E3%81%8A%E3%81%8B%E3%81%B0" n1="%E5%9B%BD%E5%A3%AB%E7%84%A1%E6%95%B5" n2="%E3%82%A6%E3%83%AB%E3%83%88%E3%83%A9%E7%AB%8B%E7%9B%B4" n3="%E7%A0%B2%E3%81%AE%E4%B8%8A%E3%81%AE%E3%81%82%E3%81%AE%E5%A8%98" dan="16,16,18,16" rate="2109.00,2121.66,2292.06,2108.28" sx="F,M,M,F"/><TAIKYOKU oya="0"/><INIT seed="0,0,0,3,2,107" ten="250,250,250,250" oya="0" hai0="52,37,95,22,15,85,123,100,36,111,51,125,55" hai1="13,54,45,66,99,24,126,28,5,40,104,62,88" hai2="18,32,56,110,120,93,21,121,124,4,135,80,92" hai3="133,98,2,12,30,129,16,83,71,41,48,17,86"/><T31/><D123/><U50/><E126/><V87/><F32/><W79/><G2/><T108/><D125/><U134/><E134/><V11/><F124/><W19/><G133/><T84/><D55/><U101/><E5/><V53/><F135/><W43/><G129/><T109/><D100/><U128/><E13/><V81/><F110/><W8/><G71/><T114/><D114/><U131/><E40/><V112/><F112/><W35/><G35/><T119/><D119/><U106/><E88/><V78/><F81/><W96/><G30/><T49/><D49/><U39/><E39/><N who="0" m="14921" /><D95/><U73/><E73/><V90/><F121/><W10/><G10/><T58/><D15/><U97/><E97/><N who="3" m="37482" /><G48/><T60/><D51/><U65/><E106/><V117/><F117/><W116/><G116/><T72/><D72/><U132/><E132/><V94/><F120/><W20/><G20/><T122/><D122/><U103/><E101/><V23/><F23/><W29/><G29/><T26/><AGARI ba="0,0" hai="22,26,31,52,58,60,84,85,108,109,111" m="14921" machi="26" ten="40,7800,0" yaku="14,1,10,1,54,1" doraHai="107" who="0" fromWho="0" sc="250,78,250,-26,250,-26,250,-26" /><INIT seed="0,1,0,3,4,30" ten="328,224,224,224" oya="0" hai0="67,92,40,6,99,110,119,16,25,47,95,54,68" hai1="55,56,114,101,127,96,27,93,8,98,80,77,46" hai2="115,104,116,23,109,48,19,1,118,41,18,124,20" hai3="90,61,107,128,53,11,73,105,97,78,121,63,126"/><T36/><D119/><U57/><E127/><V133/><F104/><W5/><G126/><T113/><D113/><U4/><E114/><V58/><F124/><W64/><G121/><T22/><D110/><U31/><E46/><V37/><F115/><W130/><G73/><T131/><D131/><N who="3" m="50217" /><G78/><T33/><D33/><U108/><E55/><V71/><F71/><W123/><G123/><T60/><D99/><U79/><E79/><V112/><F112/><W88/><G53/><T35/><D6/><U38/><E38/><V85/><F1/><N who="3" m="431" /><G61/><T0/><D0/><U14/><E108/><V106/><F41/><W102/><G107/><T82/><D35/><U75/><E98/><V84/><F106/><W3/><G3/><T135/><D135/><U24/><E27/><V34/><F34/><AGARI ba="1,0" hai="4,8,14,24,31,34,56,57,75,77,80,93,96,101" machi="34" ten="30,2000,0" yaku="7,1,52,1" doraHai="30" who="1" fromWho="2" sc="328,0,224,23,224,-23,224,0" /><INIT seed="1,0,0,0,0,46" ten="328,247,201,224" oya="1" hai0="130,12,77,6,55,112,23,75,83,11,57,22,76" hai1="109,24,98,7,8,124,16,128,51,62,40,44,114" hai2="78,108,0,90,45,88,43,30,29,105,39,100,64" hai3="35,14,74,104,93,91,103,111,87,38,84,89,123"/><U27/><E114/><V2/><F108/><W10/><G38/><T97/><D112/><U53/><E109/><V116/><F116/><W68/><G68/><T117/><D117/><U110/><E110/><V9/><F64/><W79/><G35/><T131/><D97/><U3/><E128/><N who="0" m="49193" /><D77/><U58/><E124/><V72/><F100/><W82/><G14/><T94/><D94/><U126/><E126/><V85/><F105/><W13/><G13/><T71/><D71/><U37/><E16/><V69/><F69/><W81/><G10/><T31/><D31/><U61/><E98/><V17/><F0/><W115/><G111/><T113/><D113/><U99/><E99/><V60/><F60/><AGARI ba="0,0" hai="6,11,12,22,23,55,57,60,75,76,83" m="49193" machi="60" ten="30,1000,0" yaku="19,1" doraHai="46" who="0" fromWho="2" sc="328,10,247,0,201,-10,224,0" /><INIT seed="2,0,0,0,1,45" ten="338,247,191,224" oya="2" hai0="60,38,5,71,44,120,21,135,19,55,50,46,9" hai1="58,3,77,97,122,105,63,31,124,69,68,40,75" hai2="94,88,84,30,54,100,130,33,49,27,34,65,14" hai3="86,22,25,52,117,98,79,12,112,29,59,51,43"/><V106/><F130/><W103/><G112/><T128/><D120/><U23/><E3/><V42/><F42/><W92/><G117/><T56/><D135/><U127/><E122/><V133/><F133/><W131/><G131/><T11/><D128/><U118/><E40/><V4/><F65/><W61/><G12/><T110/><D110/><U96/><E77/><V1/><F1/><W132/><G132/><T32/><D32/><U73/><E118/><V129/><F129/><W107/><G107/><T72/><D72/><U0/><E0/><V89/><F34/><W24/><G24/><T67/><D5/><U134/><E134/><V35/><F35/><W20/><G20/><T15/><D46/><U83/><E83/><V99/><F89/><W66/><G43/><AGARI ba="0,0" hai="9,11,15,19,21,38,43,44,50,55,56,60,67,71" machi="43" ten="40,5200,0" yaku="24,2,52,1" doraHai="45" who="0" fromWho="3" sc="338,52,247,0,191,0,224,-52" /><INIT seed="3,0,0,0,5,92" ten="390,247,191,172" oya="3" hai0="96,66,70,15,55,84,2,121,16,31,88,52,103" hai1="47,9,122,32,29,98,28,11,128,134,6,36,1" hai2="125,106,130,85,101,49,124,45,73,120,82,71,123" hai3="105,56,79,57,7,26,18,109,27,87,44,108,65"/><W40/><G105/><T129/><D121/><N who="2" m="46666" /><F71/><W95/><G7/><T75/><D2/><U97/><E122/><V135/><F73/><W25/><G18/><T126/><D75/><U119/><E119/><V38/><F38/><W60/><G57/><T20/><D126/><U5/><E36/><V107/><F130/><W69/><G69/><T102/><D129/><U93/><E47/><V110/><F110/><N who="3" m="42603" /><G79/><T59/><D70/><U76/><E76/><N who="2" m="46279" /><F135/><W90/><G25/><N who="0" m="16807" /><D66/><U46/><E128/><V51/><F107/><W115/><G115/><T37/><D37/><AGARI ba="0,0" hai="26,27,37,40,44,56,60,65,87,90,95" m="42603" machi="37" ten="30,2900,0" yaku="14,1,10,1" doraHai="92" who="3" fromWho="0" sc="390,-29,247,0,191,0,172,29" /><INIT seed="3,1,0,1,5,1" ten="361,247,191,201" oya="3" hai0="69,126,59,21,79,12,48,0,131,56,2,13,10" hai1="38,44,71,80,33,6,110,61,5,73,41,4,17" hai2="37,76,125,132,42,18,117,51,40,96,66,105,63" hai3="111,100,19,26,24,97,11,55,3,64,25,127,90"/><W14/><G127/><T99/><D69/><U15/><E33/><V87/><F117/><W52/><G3/><T115/><D79/><U116/><E116/><V88/><F37/><W8/><G111/><T98/><D48/><U106/><E106/><V70/><F132/><W9/><G64/><T130/><D21/><U109/><E73/><V62/><F125/><W39/><G39/><T113/><D126/><U83/><E61/><V89/><F63/><W122/><G122/><T94/><D10/><N who="3" m="4201" /><G100/><T29/><D29/><U108/><E71/><V82/><F18/><W86/><G97/><T23/><D23/><AGARI ba="1,0" hai="4,5,6,15,17,23,38,41,44,80,83,108,109,110" machi="23" ten="50,8000,1" yaku="14,1,52,3" doraHai="1" who="1" fromWho="0" sc="361,-83,247,83,191,0,201,0" /><INIT seed="4,0,0,4,0,5" ten="278,330,191,201" oya="0" hai0="113,23,38,52,61,133,102,48,0,13,36,100,18" hai1="129,93,54,90,26,31,116,103,78,79,88,107,112" hai2="71,12,104,95,14,7,81,109,83,126,50,115,11" hai3="17,122,34,135,98,87,15,8,29,132,3,55,4"/><T105/><D113/><U21/><E112/><V80/><F104/><W117/><G98/><T47/><D133/><N who="3" m="51273" /><G87/><T43/><D0/><U131/><E116/><V28/><F71/><W108/><G55/><T27/><D105/><U123/><E123/><V25/><F115/><W92/><G92/><T2/><D2/><U106/><E54/><V1/><F109/><W82/><G82/><T30/><D36/><U97/><E107/><V42/><F126/><W66/><G66/><T63/><D38/><U49/><E49/><V51/><F95/><W59/><G59/><N who="0" m="35047" /><D63/><U10/><E10/><AGARI ba="0,0" hai="10,13,18,23,27,30,43,47,48,100,102" m="35047" machi="10" ten="30,5800,0" yaku="8,1,52,1,54,1" doraHai="5" who="0" fromWho="1" sc="278,58,330,-58,191,0,201,0" /><INIT seed="4,1,0,4,5,111" ten="336,272,191,201" oya="0" hai0="127,28,108,25,6,30,53,8,64,48,19,35,91" hai1="132,49,130,126,50,54,107,76,20,60,109,65,103" hai2="29,123,110,42,74,16,15,14,133,81,51,75,67" hai3="106,118,116,70,13,82,37,105,0,80,52,120,31"/><T84/><D127/><U34/><E34/><V47/><F123/><W2/><G120/><T129/><D129/><U56/><E109/><V119/><F110/><W27/><G70/><T40/><D108/><U97/><E126/><V32/><F133/><W83/><G37/><T10/><D40/><U22/><E132/><V11/><F119/><W100/><G13/><T125/><D125/><U68/><E130/><V93/><F67/><W9/><G100/><T135/><D135/><U26/><E76/><V18/><F81/><W102/><G102/><T78/><D64/><U72/><E72/><V85/><F29/><W115/><G115/><T45/><D78/><U122/><E122/><V21/><REACH who="2" step="1"/><F32/><REACH who="2" ten="336,272,181,201" step="2"/><W114/><G31/><T33/><D30/><N who="1" m="17735" /><E65/><V41/><F41/><W95/><G82/><T1/><D33/><U4/><E68/><V24/><F24/><W71/><G27/><T55/><D35/><U104/><E107/><V94/><F94/><W69/><G95/><T134/><D28/><U98/><E104/><V99/><F99/><W128/><G116/><T59/><D25/><U73/><E98/><V43/><F43/><W113/><G118/><T90/><D134/><U61/><E97/><V46/><F46/><W39/><G128/><T89/><D45/><U101/><E103/><V63/><F63/><W88/><G113/><T44/><D44/><U79/><E101/><V12/><F12/><W38/><G114/><T87/><D55/><U96/><E54/><V17/><F17/><W58/><G52/><T23/><D19/><U86/><E61/><V3/><F3/><RYUUKYOKU ba="1,1" sc="336,-10,272,-10,181,30,201,-10" hai2="11,14,15,16,18,21,42,47,51,74,75,85,93" /><INIT seed="5,2,1,0,4,61" ten="326,262,211,191" oya="1" hai0="119,89,10,126,83,93,108,105,110,70,51,45,48" hai1="101,58,131,20,62,72,125,23,87,3,104,1,118" hai2="120,19,17,77,84,50,122,35,107,6,59,130,79" hai3="124,28,34,29,113,94,90,30,114,46,26,54,82"/><U57/><E72/><V37/><F37/><W112/><G124/><T63/><D119/><U31/><E118/><V67/><F107/><W36/><G82/><T18/><D105/><U123/><E123/><V64/><F35/><W98/><REACH who="3" step="1"/><G54/><REACH who="3" ten="326,262,211,181" step="2"/><T85/><D126/><U47/><E125/><V115/><F122/><W74/><G74/><T13/><D83/><U0/><E131/><V129/><F120/><W132/><G132/><T76/><D110/><U40/><E40/><AGARI ba="2,2" hai="26,28,29,30,34,36,40,46,90,94,98,112,113,114" machi="40" ten="40,2600,0" yaku="1,1,15,1,53,0" doraHai="61" doraHaiUra="102" who="3" fromWho="1" sc="326,0,262,-32,211,0,181,52" /><INIT seed="6,0,0,3,2,26" ten="326,230,211,233" oya="2" hai0="7,87,75,63,9,4,56,23,53,67,48,43,29" hai1="112,57,126,102,113,80,116,120,32,91,101,97,111" hai2="24,27,127,8,105,103,78,93,125,129,47,44,108" hai3="33,5,28,22,133,119,74,72,66,52,61,59,16"/><V49/><F105/><W121/><G119/><T89/><D75/><U14/><E116/><V135/><F129/><W90/><G121/><T83/><D43/><U68/><E68/><V124/><F135/><W95/><G5/><T118/><D118/><U25/><E120/><V11/><F78/><W41/><G41/><T55/><D55/><U99/><E111/><V69/><F69/><W130/><G130/><T79/><D79/><U0/><E0/><V104/><F104/><W117/><G117/><T70/><REACH who="0" step="1"/><D9/><REACH who="0" ten="316,230,211,233" step="2"/><N who="2" m="3658" /><F108/><W131/><G131/><T85/><D85/><U39/><E99/><N who="2" m="59887" /><F47/><W54/><G133/><T81/><D81/><U35/><E80/><V86/><F86/><W107/><G72/><T110/><D110/><U21/><E97/><V36/><F36/><W71/><G74/><T94/><D94/><U2/><E39/><V1/><F1/><W45/><G107/><T84/><D84/><U3/><E2/><V76/><F76/><W115/><G45/><T123/><D123/><U134/><E3/><V6/><F6/><W88/><G95/><T18/><D18/><U58/><E134/><V60/><F60/><W42/><G16/><T30/><D30/><U34/><E113/><V19/><F19/><W20/><G115/><T12/><D12/><U98/><E14/><V50/><F50/><W106/><G61/><T100/><D100/><U114/><E112/><V40/><AGARI ba="0,1" hai="24,27,40,44,49,124,125,127" m="59887,3658" machi="40" ten="40,2100,0" yaku="18,1" doraHai="26" who="2" fromWho="2" sc="316,-7,230,-7,211,31,233,-7" /><INIT seed="6,1,0,4,2,27" ten="309,223,242,226" oya="2" hai0="112,86,54,119,93,125,59,94,85,120,37,132,72" hai1="14,70,134,83,8,122,58,61,130,68,47,18,127" hai2="75,107,64,38,73,25,40,117,9,129,26,0,78" hai3="55,95,50,100,11,98,34,104,71,102,63,121,15"/><V123/><F117/><W17/><G121/><T111/><D120/><U114/><E122/><V52/><F107/><W56/><G34/><T87/><D111/><U67/><E114/><V45/><F123/><W99/><REACH who="3" step="1"/><G71/><REACH who="3" ten="309,223,242,216" step="2"/><T21/><D112/><U82/><E70/><V30/><F129/><W53/><G53/><T20/><D54/><U44/><E68/><V57/><F64/><W6/><G6/><T43/><D119/><U4/><E130/><V76/><F73/><W3/><G3/><T124/><D72/><U7/><E7/><V22/><F75/><W35/><G35/><T39/><D125/><U46/><E127/><V116/><F116/><W69/><G69/><T81/><D124/><U12/><REACH who="1" step="1"/><E134/><REACH who="1" ten="309,213,242,216" step="2"/><V33/><F0/><W41/><G41/><T29/><D43/><U74/><E74/><V90/><F40/><W10/><G10/><AGARI ba="1,2" hai="4,8,10,12,14,18,44,46,47,58,61,67,82,83" machi="10" ten="40,2600,0" yaku="1,1,8,1,53,0" doraHai="27" doraHaiUra="135" who="1" fromWho="3" sc="309,0,213,49,242,0,216,-29" /><INIT seed="7,0,0,0,3,61" ten="309,262,242,187" oya="3" hai0="115,103,134,8,112,63,32,82,30,45,126,77,11" hai1="71,56,57,133,4,110,1,41,94,86,107,22,130" hai2="121,13,53,100,88,10,98,64,81,6,2,47,50" hai3="0,127,99,23,90,38,104,111,33,79,66,105,58"/><W26/><G33/><T124/><D134/><U17/><E71/><V92/><F121/><W68/><G38/><T120/><D120/><U78/><E107/><V80/><F2/><W9/><G68/><T75/><D103/><U27/><E110/><V52/><F64/><W85/><G111/><T131/><D131/><U70/><E70/><V37/><F37/><W43/><G43/><T95/><D95/><U72/><E130/><V60/><F100/><W16/><G79/><T97/><D97/><U28/><E72/><V87/><F98/><W3/><G127/><N who="0" m="48683" /><D63/><U69/><E133/><V14/><F14/><W55/><G99/><T54/><D30/><U102/><E28/><V42/><F60/><W7/><G66/><T113/><D32/><U96/><E69/><V18/><F18/><W21/><G21/><T132/><D132/><U67/><E67/><V76/><F92/><W83/><REACH who="3" step="1"/><G3/><REACH who="3" ten="309,262,242,177" step="2"/><T39/><D54/><U93/><E41/><AGARI ba="0,1" hai="8,11,39,41,45,75,77,82,112,113,115" m="48683" machi="41" ten="40,5200,0" yaku="15,1,11,1,18,1" doraHai="61" who="0" fromWho="1" sc="309,62,262,-52,242,0,177,0" owari="371,47.0,210,-19.0,242,4.0,177,-32.0" /></mjloggm>