<mjloggm ver="2.3"><GO type="169" lobby="0"/><UN n0="%E5%B0%B1%E6%B4%BB%E7%94%9F%40%E5%B7%9D%E6%9D%91%E8%BB%8D%E5%9B%A3" n1="%4A%69%6D%6E%65%79" n2="%E9%96%A2%E6%A0%B9%E3%82%AA%E3%82%A6%E3%83%A0" n3="%42%6C%61%63%6B%43%61%74" dan="19,16,16,16" rate="2339.64,2013.55,2142.03,2019.65" sx="M,M,M,M"/><TAIKYOKU oya="0"/><INIT seed="0,0,0,5,0,72" ten="250,250,250,250" oya="0" hai0="99,31,120,20,65,50,57,92,122,84,126,63,17" hai1="134,105,60,23,61,112,58,121,46,36,27,68,78" hai2="87,111,28,55,32,52,4,48,67,44,25,119,15" hai3="80,12,71,1,2,73,76,69,102,56,90,123,7"/><T104/><D126/><U131/><E121/><V103/><F67/><W16/><G123/><T59/><D104/><U53/><E105/><V6/><F119/><W124/><G102/><T77/><D31/><U66/><E134/><V107/><F111/><W5/><G124/><T3/><D3/><U108/><E108/><V128/><F128/><W64/><G2/><T100/><D50/><U74/><E131/><V51/><F103/><W83/><G56/><T91/><D59/><U0/><E0/><V45/><F107/><W127/><G127/><T93/><REACH who="0" step="1"/><D77/><REACH who="0" ten="240,250,250,250" step="2"/><U9/><E78/><V29/><F29/><W113/><G1/><T35/><D35/><U47/><E58/><V14/><F87/><W19/><G71/><T39/><D39/><U42/><E68/><V49/><F48/><W13/><G69/><T109/><D109/><U97/><E36/><V30/><F28/><W34/><G34/><T129/><D129/><U98/><E47/><V116/><F116/><W41/><G76/><T85/><D85/><U79/><E79/><V26/><F30/><W54/><G73/><T117/><D117/><U95/><E74/><V70/><F70/><W106/><G106/><T125/><D125/><U33/><E33/><AGARI ba="0,1" hai="4,6,14,15,25,26,32,33,44,45,49,51,52,55" machi="33" ten="25,3200,0" yaku="22,2,54,1" doraHai="72" who="2" fromWho="1" sc="240,0,250,-32,250,42,250,0" /><INIT seed="1,0,0,5,4,115" ten="240,218,292,250" oya="1" hai0="132,79,56,29,24,122,127,84,124,71,100,70,5" hai1="86,61,117,1,99,123,47,125,74,126,19,97,20" hai2="87,11,110,8,40,83,3,106,48,73,41,121,111" hai3="55,65,90,38,18,104,54,25,107,9,69,66,81"/><U28/><E74/><V34/><F121/><W39/><G38/><T92/><D122/><U75/><E123/><V43/><F34/><W23/><G39/><T129/><D5/><U119/><E75/><V72/><F106/><W76/><G90/><T51/><D129/><U60/><E1/><V16/><F48/><W50/><G9/><T77/><D132/><U96/><E28/><V4/><F87/><W88/><G54/><T109/><D109/><N who="2" m="41482" /><F83/><W95/><G81/><T7/><D7/><U0/><E0/><V53/><F53/><W30/><G76/><T67/><D79/><U114/><E86/><V98/><F98/><W112/><G112/><T57/><D77/><U14/><E114/><V101/><F101/><W85/><G30/><T37/><D37/><U58/><E47/><V44/><F44/><W17/><G17/><T59/><D51/><U134/><E134/><V32/><F32/><W113/><G113/><T78/><D78/><U45/><E45/><V35/><F35/><W105/><REACH who="3" step="1"/><G69/><REACH who="3" ten="240,218,292,240" step="2"/><T22/><D71/><U93/><E93/><V62/><F11/><W49/><G49/><T116/><D70/><U133/><E133/><V31/><F31/><W80/><G80/><T135/><D135/><U21/><E61/><V103/><F16/><W27/><G27/><T10/><D92/><U64/><REACH who="1" step="1"/><E20/><REACH who="1" ten="240,208,292,240" step="2"/><V82/><F62/><W12/><G12/><T91/><D22/><U26/><E26/><V46/><F3/><W89/><G89/><T120/><D91/><U108/><E108/><V118/><F72/><W2/><G2/><T94/><D24/><RYUUKYOKU ba="0,2" sc="240,-15,208,15,292,-15,240,15" hai1="14,19,21,58,60,64,96,97,99,117,119,125,126" hai3="18,23,25,50,55,65,66,85,88,95,104,105,107" /><INIT seed="1,1,2,5,0,7" ten="225,223,277,255" oya="1" hai0="129,93,73,13,108,11,46,32,35,77,39,119,83" hai1="44,127,102,120,30,33,98,69,65,130,126,117,37" hai2="131,40,116,82,124,60,135,62,94,31,109,49,22" hai3="0,134,110,5,125,9,41,48,36,89,68,2,97"/><U75/><E117/><V3/><F3/><W115/><G115/><T66/><D119/><U42/><E120/><V23/><F116/><W132/><G68/><T87/><D108/><U63/><E75/><V85/><F109/><W70/><G110/><T55/><D129/><U16/><E130/><V38/><F38/><W47/><G70/><T74/><D66/><U26/><REACH who="1" step="1"/><E16/><REACH who="1" ten="225,213,277,255" step="2"/><V122/><F122/><W25/><G125/><T92/><D74/><U86/><E86/><V121/><F85/><W29/><G134/><T57/><D73/><U112/><E112/><V8/><F131/><W114/><G132/><T101/><D35/><U4/><E4/><V45/><F135/><W24/><G114/><T56/><D32/><U100/><E100/><V118/><F121/><W78/><G2/><T80/><D101/><U103/><E103/><V17/><F17/><W54/><G0/><T53/><D87/><U107/><AGARI ba="1,3" hai="26,30,33,37,42,44,63,65,69,98,102,107,126,127" machi="107" ten="30,18000,2" yaku="1,1,0,1,25,2,23,2,53,0" doraHai="7" doraHaiUra="51" who="1" fromWho="1" sc="225,-61,213,213,277,-61,255,-61" /><INIT seed="1,2,0,4,3,92" ten="164,426,216,194" oya="1" hai0="53,41,15,27,23,95,34,12,75,134,19,108,30" hai1="103,121,70,1,78,37,104,133,112,132,56,118,107" hai2="21,66,110,39,31,86,55,22,65,49,83,109,116" hai3="128,9,10,113,26,105,43,5,52,16,114,7,29"/><U24/><E118/><V44/><F116/><W77/><G128/><T60/><D75/><U124/><E121/><V126/><F39/><W135/><G135/><N who="1" m="51786" /><E112/><V17/><F126/><W94/><G105/><T122/><D108/><N who="2" m="41578" /><F31/><W0/><G43/><T51/><D134/><U63/><E70/><V97/><F97/><W90/><G77/><T69/><D122/><U117/><E1/><V20/><F17/><W38/><G38/><T119/><D41/><U123/><E117/><V102/><F102/><W62/><G16/><T93/><D119/><U81/><E37/><V106/><F106/><W36/><G36/><T54/><D12/><U98/><E123/><V47/><F47/><W80/><G80/><T120/><D120/><U58/><E124/><V85/><F85/><W72/><G72/><T101/><D101/><U4/><E4/><V129/><F129/><W6/><G114/><T40/><D40/><U100/><E24/><V3/><F3/><W68/><G113/><T33/><D33/><U88/><E103/><V28/><F28/><W45/><G0/><T130/><D130/><U42/><E42/><V74/><F74/><W82/><G68/><T57/><D69/><U8/><E8/><V125/><F125/><W71/><G71/><T87/><D87/><N who="1" m="48567" /><E58/><AGARI ba="2,0" hai="15,19,23,27,30,34,51,53,54,57,58,60,93,95" machi="58" ten="30,1000,0" yaku="7,1" doraHai="92" who="0" fromWho="1" sc="164,16,426,-16,216,0,194,0" /><INIT seed="2,0,0,5,2,131" ten="180,410,216,194" oya="2" hai0="7,70,134,30,23,40,29,9,15,130,44,17,85" hai1="104,128,124,99,22,133,18,88,31,36,120,105,41" hai2="62,26,60,126,135,107,64,108,112,89,78,86,51" hai3="63,80,4,43,106,48,69,66,28,59,84,103,55"/><V81/><F112/><W8/><G28/><T71/><D130/><U76/><E128/><V37/><F37/><W65/><G65/><T38/><D134/><U79/><E31/><V121/><F121/><W115/><G115/><T132/><D132/><U118/><E133/><V53/><F135/><W67/><G67/><T93/><D71/><U72/><E120/><V96/><F126/><W56/><G106/><T127/><D70/><U92/><E124/><V83/><F108/><W46/><G103/><T1/><D127/><U50/><E36/><V47/><F64/><W45/><G45/><T54/><D54/><U87/><E118/><V34/><F107/><W95/><G95/><T24/><D85/><U13/><E72/><V82/><F34/><W0/><REACH who="3" step="1"/><G43/><REACH who="3" ten="180,410,216,184" step="2"/><T102/><D30/><U39/><E105/><V21/><F82/><W77/><AGARI ba="0,1" hai="0,4,8,46,48,55,56,59,63,66,69,77,80,84" machi="77" ten="20,8000,1" yaku="1,1,2,1,0,1,7,1,53,1" doraHai="131" doraHaiUra="49" who="3" fromWho="3" sc="180,-20,410,-20,216,-40,184,90" /><INIT seed="3,0,0,2,3,81" ten="160,390,176,274" oya="3" hai0="0,26,33,120,99,2,105,123,50,21,82,18,32" hai1="77,11,43,41,131,107,12,31,101,68,61,92,66" hai2="110,94,34,7,129,119,54,22,88,71,56,74,97" hai3="96,28,35,1,104,24,57,135,9,102,114,48,3"/><W19/><G114/><T27/><D105/><U10/><E107/><V125/><F34/><W44/><G135/><T111/><D99/><U38/><E38/><V64/><F74/><W113/><G113/><T15/><D50/><U55/><E131/><V117/><F129/><W46/><G57/><T76/><D111/><U116/><E116/><V124/><F110/><W36/><G36/><T39/><D39/><U17/><E31/><V95/><F7/><W91/><G46/><T130/><D130/><U67/><E67/><V70/><F95/><W128/><G128/><T108/><D108/><U109/><E77/><V30/><F119/><W75/><G75/><T83/><D76/><U58/><E109/><V62/><F64/><W112/><G112/><T103/><D103/><U29/><E29/><V14/><F117/><W47/><G47/><T79/><D79/><U90/><E11/><V60/><F60/><W121/><G121/><T45/><D45/><U84/><REACH who="1" step="1"/><E101/><REACH who="1" ten="160,380,176,274" step="2"/><V69/><REACH who="2" step="1"/><F30/><REACH who="2" ten="160,380,166,274" step="2"/><W115/><G115/><T51/><D120/><U37/><E37/><V5/><F5/><W53/><G28/><T25/><D123/><U40/><E40/><V126/><F126/><W8/><G104/><T65/><D65/><U100/><E100/><V52/><F52/><W118/><G53/><T85/><D33/><U134/><E134/><V6/><F6/><W59/><G35/><T122/><D32/><U93/><E93/><V86/><F86/><W16/><G118/><T78/><D122/><U23/><E23/><V98/><F98/><W20/><G96/><T89/><D85/><RYUUKYOKU ba="0,2" sc="160,-15,380,15,166,15,274,-15" hai1="10,12,17,41,43,55,58,61,66,68,84,90,92" hai2="14,22,54,56,62,69,70,71,88,94,97,124,125" /><INIT seed="4,1,2,5,0,17" ten="145,395,181,259" oya="0" hai0="126,84,6,113,34,58,64,28,40,44,74,43,127" hai1="83,80,118,101,89,4,120,7,45,106,123,86,22" hai2="57,33,107,121,18,85,77,100,52,82,79,2,103" hai3="71,15,29,104,124,133,99,62,97,14,0,108,16"/><T10/><D74/><U68/><E68/><V91/><F2/><W12/><G0/><T8/><D113/><U125/><E118/><V26/><F121/><W112/><G108/><T87/><D34/><U55/><E125/><N who="0" m="47625" /><D28/><U13/><E80/><V88/><F107/><W36/><G124/><T122/><D122/><U38/><E4/><V102/><F79/><W81/><G36/><N who="0" m="21511" /><D43/><U73/><E73/><V114/><F114/><W21/><G112/><T35/><D35/><U49/><E38/><V9/><F33/><W27/><G81/><T32/><D32/><U5/><E120/><V69/><F69/><W95/><G104/><T31/><D31/><U134/><E123/><V19/><F19/><W56/><G29/><T131/><D131/><U20/><E106/><V51/><REACH who="2" step="1"/><F9/><REACH who="2" ten="145,395,171,259" step="2"/><N who="0" m="3690" /><D6/><U54/><E5/><V94/><F94/><W70/><G95/><T117/><D117/><U128/><E7/><V30/><F30/><W1/><G1/><T135/><D135/><U111/><E134/><V37/><F37/><W46/><G133/><T116/><D116/><U60/><E128/><V41/><F41/><W92/><G71/><T105/><D105/><U23/><E111/><V61/><F61/><AGARI ba="1,3" hai="58,61,64,84,87" m="3690,21511,47625" machi="61" ten="30,1500,0" yaku="18,1" doraHai="17" who="0" fromWho="2" sc="145,48,395,0,171,-18,259,0" /><INIT seed="4,2,0,4,4,11" ten="193,395,153,259" oya="0" hai0="83,23,27,14,28,80,116,128,64,103,99,52,114" hai1="122,30,96,73,93,61,131,101,79,119,106,51,124" hai2="21,69,67,17,55,111,65,13,59,70,87,5,3" hai3="71,66,60,10,46,38,81,72,105,89,18,102,130"/><T107/><D116/><U75/><E119/><V29/><F111/><W34/><G130/><T56/><D128/><U49/><E131/><V9/><F70/><W117/><G117/><T98/><D114/><U15/><E122/><V127/><F127/><W40/><G34/><T31/><D64/><U112/><E112/><V113/><F69/><W54/><G102/><T104/><D31/><U115/><E115/><V110/><F110/><W68/><G105/><T41/><D41/><U126/><E30/><V43/><F43/><W76/><G71/><T82/><D14/><U32/><E32/><V2/><F2/><W48/><G89/><T118/><D118/><U33/><E33/><V22/><F113/><W1/><G1/><T63/><REACH who="0" step="1"/><D99/><REACH who="0" ten="183,395,153,259" step="2"/><U4/><E15/><V123/><F123/><W57/><G40/><T45/><D45/><U121/><E121/><V84/><F29/><W94/><G46/><T19/><D19/><U108/><E108/><V132/><F67/><W92/><REACH who="3" step="1"/><G38/><REACH who="3" ten="183,395,153,249" step="2"/><T16/><D16/><U20/><E124/><V42/><F42/><W36/><G36/><T35/><D35/><U88/><E126/><V125/><F125/><W47/><G47/><T134/><D134/><U26/><E4/><V39/><F39/><W44/><G44/><T120/><D120/><U77/><E96/><V8/><F132/><W129/><G129/><T85/><D85/><N who="2" m="32842" /><F65/><W12/><AGARI ba="2,2" hai="10,12,18,48,54,57,60,66,68,72,76,81,92,94" machi="12" ten="30,4000,0" yaku="1,1,0,1,52,1,53,0" doraHai="11" doraHaiUra="86" who="3" fromWho="3" sc="183,-22,395,-12,153,-12,249,66" /><INIT seed="5,0,0,0,4,51" ten="161,383,141,315" oya="1" hai0="109,112,44,79,34,38,105,108,28,132,49,93,126" hai1="80,42,55,48,135,118,123,25,63,27,15,129,10" hai2="1,54,71,23,84,66,6,99,90,70,24,31,29" hai3="57,77,101,60,7,61,83,87,41,124,0,89,127"/><U17/><E118/><V26/><F99/><W50/><G101/><T2/><D105/><U13/><E123/><V94/><F66/><W91/><G0/><T37/><D2/><U106/><E106/><V59/><F6/><W47/><G7/><T68/><D68/><U21/><E129/><V53/><F1/><W40/><G40/><T14/><D112/><U130/><E130/><V95/><F95/><W73/><G61/><T18/><D38/><U56/><E135/><V76/><F76/><W134/><G134/><T64/><D37/><U100/><E100/><V120/><F120/><W33/><G33/><T65/><D79/><U115/><E115/><V104/><F104/><W114/><G114/><T30/><D126/><N who="3" m="48169" /><G73/><T116/><D116/><U16/><E80/><V20/><REACH who="2" step="1"/><F54/><AGARI ba="0,0" hai="41,47,50,54,57,60,77,83,87,89,91" m="48169" machi="54" ten="30,2000,0" yaku="18,1,52,1" doraHai="51" who="3" fromWho="2" sc="161,0,383,0,141,-20,315,20" /><INIT seed="6,0,0,1,0,36" ten="161,383,121,335" oya="2" hai0="23,100,30,96,102,29,119,91,134,116,131,55,124" hai1="59,84,128,45,3,113,60,130,121,75,129,5,27" hai2="26,15,41,28,51,81,132,1,47,135,114,9,109" hai3="97,89,38,68,117,50,82,69,78,66,74,46,94"/><V70/><F70/><W2/><G117/><N who="0" m="45131" /><D134/><N who="2" m="51242" /><F1/><W64/><G2/><T49/><D131/><U6/><E121/><V48/><F109/><W127/><G127/><T13/><D124/><U83/><E113/><V133/><F114/><W12/><G38/><T11/><D23/><U56/><E75/><V105/><F81/><W53/><REACH who="3" step="1"/><G12/><REACH who="3" ten="161,383,121,325" step="2"/><T112/><D112/><U39/><E3/><V43/><F133/><W126/><G126/><T85/><D13/><U61/><E27/><V33/><F105/><W16/><G16/><T0/><D0/><U17/><E17/><N who="2" m="8431" /><F51/><W71/><AGARI ba="0,1" hai="46,50,53,64,66,68,69,71,74,78,82,89,94,97" machi="71" ten="30,2000,0" yaku="1,1,0,1,53,0" doraHai="36" doraHaiUra="110" who="3" fromWho="3" sc="161,-5,383,-5,121,-10,325,30" /><INIT seed="7,0,0,4,1,131" ten="156,378,111,355" oya="3" hai0="96,108,128,5,22,45,3,80,73,104,40,105,30" hai1="71,16,92,49,93,52,11,41,126,37,46,135,78" hai2="14,103,31,86,0,70,33,83,121,1,54,112,107" hai3="129,15,72,106,100,6,97,123,90,9,62,29,119"/><W19/><G119/><T58/><D58/><U27/><E71/><V59/><F70/><W77/><G123/><T81/><D81/><U124/><E135/><V113/><F121/><W32/><G129/><T10/><D96/><U133/><E133/><V65/><F65/><W118/><G118/><T64/><D64/><U82/><E11/><V117/><F117/><W115/><G115/><N who="2" m="44105" /><F14/><W12/><G90/><T68/><D68/><U125/><E16/><V101/><F31/><W57/><G77/><N who="0" m="44079" /><D108/><U21/><E21/><V47/><F47/><W130/><G72/><T25/><D128/><U134/><E134/><V79/><F33/><W76/><G76/><T35/><D22/><U88/><E88/><V7/><F7/><W39/><G39/><AGARI ba="0,0" hai="3,5,10,25,30,35,39,40,45,104,105" m="44079" machi="39" ten="30,3900,0" yaku="25,1,33,2" doraHai="131" who="0" fromWho="3" sc="156,39,378,0,111,0,355,-39" owari="195,-20.0,378,47.0,111,-39.0,316,12.0" /></mjloggm>