<mjloggm ver="2.3"><GO type="169" lobby="0"/><UN n0="%E3%82%A6%E3%83%AB%E3%83%88%E3%83%A9%E7%AB%8B%E7%9B%B4" n1="%6D%6F%6E%6F%2D%31%34" n2="%E3%82%AC%E3%83%A9%E3%82%AF%E3%82%BF%E5%B8%9D%E7%8E%8B" n3="%E3%82%AC%E3%83%8F%E3%83%A9%E3%81%95%E3%82%93%E3%81%AE%E5%A6%B9" dan="16,18,16,16" rate="2163.14,2174.08,2061.92,2092.97" sx="M,M,M,F"/><TAIKYOKU oya="0"/><INIT seed="0,0,0,1,3,40" ten="250,250,250,250" oya="0" hai0="64,81,117,99,113,2,37,122,78,127,120,50,121" hai1="77,103,3,12,5,110,33,90,88,126,24,111,29" hai2="69,55,38,63,0,86,84,116,76,105,11,94,57" hai3="61,35,83,106,23,30,108,79,135,25,31,72,131"/><T129/><D37/><U45/><E3/><V17/><F105/><W4/><G108/><N who="1" m="41514" /><E103/><V65/><F116/><W56/><G106/><T124/><D2/><U109/><E77/><V107/><F107/><W43/><G135/><T60/><D117/><U71/><E71/><V125/><F38/><W44/><G4/><T96/><D113/><U130/><E130/><V100/><F125/><N who="0" m="48202" /><D129/><U104/><E104/><V54/><F76/><W98/><G98/><T62/><D50/><U85/><E85/><N who="2" m="32875" /><F69/><W7/><G7/><T32/><D32/><U74/><E74/><V118/><F0/><W8/><G131/><T51/><D51/><U89/><E126/><V115/><F115/><W28/><G8/><T91/><D91/><N who="1" m="23299" /><U70/><DORA hai="13" /><E70/><V19/><F118/><W114/><G35/><T93/><D93/><U6/><N who="1" m="41522" /><U68/><DORA hai="112" /><E68/><V20/><F11/><W80/><G80/><T1/><D1/><U16/><E45/><V75/><F75/><W53/><REACH who="3" step="1"/><G114/><REACH who="3" ten="250,250,250,240" step="2"/><T101/><D99/><U97/><E97/><N who="2" m="59447" /><F20/><AGARI ba="0,1" hai="5,6,12,16,20,24,29,33" m="23299,41522" machi="20" ten="50,8000,1" yaku="14,1,52,1,54,2" doraHai="40,13,112" who="1" fromWho="2" sc="250,0,250,90,250,-80,240,0" /><INIT seed="1,0,0,3,3,4" ten="250,340,170,240" oya="1" hai0="114,102,10,99,66,13,85,63,40,61,113,135,14" hai1="5,118,93,88,50,119,11,26,41,124,20,65,1" hai2="83,54,44,107,33,104,53,117,80,57,126,19,132" hai3="46,12,34,123,9,56,21,133,37,51,67,52,116"/><U98/><E124/><V62/><F117/><W81/><G34/><T134/><D40/><U108/><E108/><V128/><F126/><W125/><G125/><T39/><D85/><U8/><E65/><V58/><F44/><W77/><G123/><T122/><D39/><U73/><E73/><V84/><F33/><W22/><G116/><T32/><D32/><U31/><E41/><V7/><F132/><N who="0" m="50730" /><D14/><U69/><E69/><V112/><F128/><W103/><G103/><T127/><D122/><U23/><E23/><V86/><F7/><W16/><G133/><T111/><D111/><U68/><E68/><V36/><F19/><W43/><G67/><T2/><D2/><U71/><E71/><V45/><F45/><W48/><REACH who="3" step="1"/><G37/><REACH who="3" ten="250,340,170,230" step="2"/><T35/><D35/><U3/><E119/><V105/><F36/><W0/><G0/><T27/><D127/><U42/><E118/><V90/><F112/><W121/><G121/><T82/><D66/><U92/><E3/><V38/><F38/><W89/><G89/><T110/><D110/><U49/><E1/><V120/><F120/><W131/><G131/><T55/><D114/><U109/><E109/><V91/><REACH who="2" step="1"/><F107/><REACH who="2" ten="250,340,160,230" step="2"/><W25/><G25/><T87/><D27/><U17/><E26/><V15/><F15/><W94/><G94/><N who="0" m="58743" /><D113/><U59/><E93/><V79/><F79/><W100/><G100/><T129/><D129/><U6/><E92/><V101/><F101/><W75/><AGARI ba="0,2" hai="9,12,16,21,22,43,46,48,51,52,56,75,77,81" machi="75" ten="20,12000,2" yaku="1,1,0,1,7,1,52,1,54,2,53,0" doraHai="4" doraHaiUra="29" who="3" fromWho="3" sc="250,-30,340,-60,160,-30,230,140" /><INIT seed="2,0,0,5,3,57" ten="220,280,130,370" oya="2" hai0="95,33,110,27,127,129,123,134,23,62,9,119,92" hai1="85,111,17,88,42,18,86,7,118,84,45,20,135" hai2="14,59,1,28,108,38,19,15,52,10,78,81,109" hai3="5,120,68,67,74,104,130,22,41,90,11,63,49"/><V71/><F38/><W32/><G104/><T69/><D123/><U51/><E118/><V82/><F28/><W122/><G32/><T53/><D33/><U36/><E135/><V93/><F71/><W107/><G107/><T76/><D134/><U48/><E111/><V0/><F93/><W58/><G74/><T30/><D110/><U124/><E124/><V102/><F102/><W125/><G125/><T70/><D127/><U131/><E7/><V105/><F105/><W91/><G22/><T47/><D119/><U2/><E2/><V16/><F59/><W35/><G35/><T133/><D133/><U72/><E72/><V99/><F99/><W40/><G130/><T12/><D129/><U106/><E106/><V115/><F115/><W97/><G40/><T117/><D76/><U113/><E113/><V79/><REACH who="2" step="1"/><F52/><REACH who="2" ten="220,280,120,370" step="2"/><W94/><G120/><T34/><D70/><U29/><E36/><V24/><F24/><W121/><G122/><T114/><D114/><U64/><E29/><V77/><F77/><W60/><G121/><T31/><D31/><U54/><E131/><V6/><F6/><W98/><G41/><T73/><D69/><U21/><E64/><V101/><F101/><W50/><G98/><T8/><D95/><N who="1" m="54663" /><E18/><V55/><F55/><W103/><G103/><T89/><D92/><U132/><E132/><V65/><F65/><W39/><G39/><T96/><D96/><U116/><E17/><V13/><F13/><N who="3" m="5359" /><G91/><T112/><D12/><U43/><E116/><V46/><F46/><W37/><G37/><T80/><D89/><U87/><E43/><RYUUKYOKU ba="0,1" sc="220,-30,280,10,120,10,370,10" hai1="20,21,42,45,48,51,54,85,86,87" hai2="0,1,10,14,15,16,19,78,79,81,82,108,109" hai3="49,50,58,60,63,67,68,90,94,97" /><INIT seed="2,1,1,4,3,78" ten="190,290,130,380" oya="2" hai0="103,11,134,58,27,9,44,72,25,3,23,100,50" hai1="119,60,29,107,15,4,81,116,126,133,49,79,68" hai2="87,37,90,57,41,67,118,115,36,17,110,56,54" hai3="75,74,91,71,89,111,112,80,45,131,0,38,85"/><V121/><F115/><W95/><G71/><T34/><D72/><U70/><E107/><V83/><F118/><W73/><G0/><T53/><D134/><U97/><E29/><V125/><F121/><W76/><G38/><T21/><D34/><U93/><E133/><V47/><F125/><W84/><G45/><T18/><D3/><U102/><E126/><V94/><F37/><W19/><G19/><N who="0" m="12479" /><D58/><U86/><E49/><V120/><F120/><W64/><G64/><T59/><D59/><U105/><E60/><V106/><F106/><W33/><G33/><T16/><D18/><U13/><E70/><V48/><F110/><W135/><G111/><T51/><D51/><U10/><E68/><V127/><F127/><W30/><G30/><T132/><D132/><U46/><E46/><V8/><F94/><N who="3" m="54567" /><G135/><T108/><D108/><U63/><E63/><V6/><F6/><W32/><G32/><T82/><D82/><U61/><E61/><N who="2" m="38319" /><F36/><W40/><G40/><T7/><D7/><U104/><E104/><V130/><F130/><W39/><G39/><T26/><D26/><U66/><E66/><V124/><F124/><W69/><G69/><T2/><D2/><U35/><E35/><V55/><F56/><W52/><G112/><T12/><D12/><AGARI ba="1,1" hai="8,12,17,41,47,48,54,55,83,87,90" m="38319" machi="12" ten="30,2900,0" yaku="8,1,52,1" doraHai="78" who="2" fromWho="0" sc="190,-32,290,0,130,42,380,0" /><INIT seed="2,2,0,0,4,25" ten="158,290,172,380" oya="2" hai0="95,4,10,87,32,0,127,24,48,120,75,71,12" hai1="116,60,130,119,118,16,108,100,114,121,55,112,67" hai2="42,70,40,80,26,133,61,98,13,49,30,5,8" hai3="64,52,46,36,17,51,125,122,106,94,18,76,57"/><V3/><F133/><W74/><G106/><T83/><D120/><U81/><E100/><V6/><F80/><W124/><G122/><T21/><D127/><N who="3" m="48713" /><G94/><T77/><D71/><U23/><E121/><V126/><F126/><W73/><G76/><T44/><D95/><U2/><E2/><V53/><F3/><W35/><G35/><T79/><D79/><U82/><E55/><V11/><F70/><W102/><G102/><T103/><D103/><U88/><E82/><V29/><F61/><N who="3" m="37935" /><G36/><T37/><D37/><U111/><E130/><V62/><F62/><W105/><G105/><T43/><D75/><AGARI ba="2,0" hai="17,18,46,51,52,73,74,75" m="37935,48713" machi="75" ten="30,2000,0" yaku="18,1,54,1" doraHai="25" who="3" fromWho="0" sc="158,-26,290,0,172,0,380,26" /><INIT seed="3,0,0,5,0,34" ten="132,290,172,406" oya="3" hai0="23,88,0,53,40,122,100,52,101,37,3,87,24" hai1="4,65,102,123,124,79,111,48,96,17,73,51,131" hai2="75,127,119,81,58,64,14,27,46,125,78,11,44" hai3="66,20,68,71,90,82,97,18,105,77,133,135,98"/><W29/><G29/><T110/><D122/><U6/><E123/><V83/><F119/><W128/><G128/><T57/><D110/><U41/><E65/><V85/><F27/><W103/><G66/><T118/><D118/><U2/><E6/><V92/><F92/><W121/><G121/><T35/><D35/><U26/><E111/><V95/><F95/><W12/><G90/><T132/><D132/><N who="3" m="50761" /><G98/><T38/><D38/><U116/><E41/><V31/><F31/><W91/><G91/><T8/><D40/><U13/><E96/><V33/><F33/><W19/><G18/><T72/><D37/><U42/><E17/><V89/><F127/><W16/><G19/><T22/><D72/><AGARI ba="0,0" hai="12,16,20,68,71,72,77,82,97,103,105" m="50761" machi="72" ten="30,2900,0" yaku="20,1,54,1" doraHai="34" who="3" fromWho="0" sc="132,-29,290,0,172,0,406,29" /><INIT seed="3,1,0,0,2,75" ten="103,290,172,435" oya="3" hai0="66,56,112,27,49,65,74,106,135,22,73,71,131" hai1="90,92,4,64,95,126,89,81,14,25,37,10,60" hai2="130,13,11,115,2,38,43,18,46,69,119,108,45" hai3="26,15,34,44,58,117,36,31,102,124,3,42,63"/><W116/><G3/><T1/><D1/><U91/><E37/><V35/><F108/><W105/><G124/><T7/><D106/><U114/><E114/><V12/><F115/><W77/><G15/><T55/><D112/><U40/><E40/><V29/><F119/><W111/><G111/><T28/><D131/><U83/><E25/><V118/><F69/><W33/><G33/><T78/><D135/><U76/><E83/><V52/><F118/><W100/><G100/><T98/><D7/><U122/><E126/><V0/><F12/><W41/><G41/><T109/><D109/><U113/><E122/><V8/><F8/><W103/><G103/><T104/><D71/><U39/><E39/><V9/><F9/><W121/><G121/><T120/><D120/><U48/><E48/><V80/><F80/><W93/><G105/><T32/><D32/><U24/><E24/><V82/><F82/><W19/><G19/><T70/><D70/><U17/><E4/><V72/><F72/><N who="0" m="27754" /><D78/><U110/><E110/><V61/><F130/><W85/><G77/><T21/><D21/><U62/><E113/><V123/><F123/><W57/><G57/><T16/><D28/><U50/><E50/><N who="2" m="28759" /><F61/><N who="1" m="23657" /><E64/><N who="0" m="24681" /><D98/><U6/><E6/><V132/><F132/><W54/><G102/><T107/><D107/><U88/><N who="1" m="22528" /><DORA hai="87" /><U84/><AGARI ba="1,0" hai="10,14,17,76,81,84,92,95" m="22528,23657" machi="84" ten="40,16000,3" yaku="4,1,8,1,52,5,54,1" doraHai="75,87" who="1" fromWho="1" sc="103,-41,290,163,172,-41,435,-81" /><INIT seed="4,0,0,5,4,42" ten="62,453,131,354" oya="0" hai0="0,69,11,120,130,20,52,4,93,28,131,56,32" hai1="127,22,83,9,62,27,24,26,134,95,44,39,46" hai2="116,103,100,70,53,113,60,75,117,16,17,119,18" hai3="2,63,86,124,41,50,122,94,114,110,96,125,101"/><T8/><D69/><U106/><E106/><V5/><F75/><W1/><G110/><T64/><D64/><U109/><E39/><V47/><F5/><W74/><G74/><T15/><D120/><U111/><E22/><V21/><F113/><W6/><G114/><T38/><D38/><U68/><E83/><V90/><F90/><W37/><G37/><T104/><D104/><U33/><E33/><V128/><F128/><N who="0" m="49194" /><D32/><U118/><E118/><V19/><F70/><W3/><G122/><T72/><D72/><U14/><E62/><V102/><F60/><W89/><G63/><N who="0" m="36231" /><D93/><U57/><E68/><V58/><F58/><W77/><G77/><T25/><D11/><U71/><E95/><V129/><F129/><W76/><G76/><T99/><D99/><U98/><E98/><V92/><F92/><W65/><G65/><T108/><D108/><U121/><E9/><V51/><REACH who="2" step="1"/><F18/><REACH who="2" ten="62,453,121,354" step="2"/><W59/><G59/><T13/><AGARI ba="0,1" hai="0,4,8,13,15,20,25,28" m="36231,49194" machi="13" ten="30,3000,0" yaku="19,1,54,1" doraHai="42" who="0" fromWho="0" sc="62,40,453,-10,121,-10,354,-10" /><INIT seed="4,1,0,2,4,133" ten="102,443,111,344" oya="0" hai0="134,76,128,109,8,75,71,82,88,60,27,69,80" hai1="98,105,113,23,64,9,33,45,1,56,61,51,55" hai2="62,24,66,6,10,32,17,50,114,13,73,40,101" hai3="59,11,121,35,112,103,110,91,36,119,28,84,58"/><T132/><D128/><U130/><E33/><V38/><F38/><W92/><G110/><T57/><D109/><U14/><E1/><V68/><F73/><W131/><G119/><T37/><D37/><U46/><E130/><V89/><F114/><W34/><G131/><T19/><D8/><U44/><E113/><V115/><F115/><W96/><G112/><T81/><D19/><U22/><E105/><V5/><F89/><W72/><G72/><T126/><D27/><U99/><E23/><V95/><F40/><W48/><G36/><T65/><D82/><U107/><E107/><V15/><F15/><W31/><G121/><T108/><D108/><U21/><E21/><V54/><F54/><W87/><G11/><T100/><D100/><U93/><E99/><V122/><F50/><W123/><G123/><T129/><D129/><U67/><E22/><V125/><F122/><W104/><G104/><T0/><D0/><U43/><E67/><V118/><F118/><W29/><G103/><T120/><D120/><U83/><E83/><V135/><F135/><N who="0" m="51754" /><D126/><U25/><E25/><V52/><F125/><W116/><G116/><T4/><D4/><N who="1" m="3367" /><E43/><V3/><F6/><W20/><G35/><T94/><D80/><U53/><E64/><V102/><F95/><W117/><G34/><T42/><D42/><U86/><E86/><AGARI ba="1,0" hai="57,60,65,69,71,75,76,81,86,88,94" m="51754" machi="86" ten="30,2900,0" yaku="20,1,54,1" doraHai="133" who="0" fromWho="1" sc="102,32,443,-32,111,0,344,0" /><INIT seed="4,2,0,2,2,132" ten="134,411,111,344" oya="0" hai0="126,22,14,122,112,73,39,103,17,31,52,21,29" hai1="104,30,16,42,56,98,70,92,65,116,71,23,7" hai2="37,0,84,100,15,78,124,131,91,6,12,109,32" hai3="87,130,27,67,105,3,66,57,44,26,134,4,59"/><T38/><D122/><U101/><E116/><V80/><F109/><W28/><G105/><T90/><D73/><U75/><E75/><V64/><F131/><W113/><G134/><T77/><D77/><U20/><E42/><V25/><F100/><W41/><G130/><T99/><D112/><U102/><E7/><V54/><F64/><W97/><G113/><T1/><D1/><U43/><E43/><V135/><F135/><W49/><G97/><T85/><D126/><U10/><E10/><V86/><F37/><W114/><G114/><T24/><D31/><U69/><E102/><V76/><F0/><W111/><G4/><T96/><D52/><U123/><E123/><V93/><F54/><W125/><G111/><T13/><D13/><U34/><E34/><V107/><F107/><W115/><G125/><T133/><D133/><U2/><E2/><V46/><F32/><W58/><G3/><T36/><REACH who="0" step="1"/><D103/><REACH who="0" ten="124,411,111,344" step="2"/><U63/><E104/><V11/><F124/><W119/><G115/><T60/><D60/><U8/><E30/><V33/><F15/><W128/><G128/><T95/><AGARI ba="2,1" hai="14,17,21,22,24,29,36,38,39,85,90,95,96,99" machi="95" ten="30,3000,0" yaku="1,1,0,1,53,0" doraHai="132" doraHaiUra="127" who="0" fromWho="0" sc="124,46,411,-12,111,-12,344,-12" /><INIT seed="4,3,0,5,3,32" ten="170,399,99,332" oya="0" hai0="60,123,109,23,59,74,76,12,117,8,33,84,52" hai1="22,0,11,14,53,94,55,38,80,29,91,37,30" hai2="86,44,1,28,125,40,132,10,67,35,66,31,129" hai3="50,71,56,34,83,45,115,118,4,27,130,43,17"/><T25/><D123/><U73/><E38/><V79/><F132/><W68/><G118/><T108/><D117/><U54/><E37/><V47/><F125/><W112/><G4/><T133/><D33/><U51/><E0/><V131/><F10/><W90/><G56/><T105/><D105/><U57/><E80/><N who="2" m="47391" /><F1/><W3/><G3/><T120/><D74/><U82/><E82/><V104/><F104/><W111/><G111/><N who="0" m="42571" /><D120/><U110/><E73/><V122/><F122/><W97/><G130/><N who="2" m="49673" /><F35/><W77/><G90/><T5/><D133/><U127/><E127/><V16/><F16/><W75/><G97/><T92/><D92/><U39/><E39/><N who="2" m="21535" /><F47/><W81/><G81/><N who="0" m="47143" /><D25/><N who="1" m="16567" /><E110/><V41/><F41/><W78/><G78/><T19/><D23/><U100/><E30/><AGARI ba="3,0" hai="28,30,31,66,67" m="21535,49673,47391" machi="30" ten="30,1000,0" yaku="19,1" doraHai="32" who="2" fromWho="1" sc="170,0,399,-19,99,19,332,0" /><INIT seed="5,0,0,2,4,126" ten="170,380,118,332" oya="1" hai0="27,119,106,72,5,60,51,128,108,102,45,120,25" hai1="30,92,97,22,62,28,38,1,95,77,41,8,131" hai2="125,36,107,86,81,70,133,52,103,10,3,110,71" hai3="29,87,85,39,11,134,47,80,58,115,99,54,16"/><U12/><E77/><V130/><F110/><W56/><G115/><T96/><D119/><U84/><E1/><V121/><F121/><W88/><G134/><T7/><D108/><U111/><E111/><V79/><F36/><W68/><G68/><T48/><D72/><U35/><E35/><V2/><F125/><W43/><G29/><T24/><D120/><U123/><E41/><V46/><F133/><W32/><G32/><T49/><D128/><U91/><E131/><V4/><F130/><W31/><G31/><T21/><D45/><U101/><E38/><V74/><F2/><W42/><G99/><T109/><D109/><U112/><E112/><V94/><F52/><W9/><G9/><T89/><D89/><U59/><E22/><V116/><F116/><W117/><G117/><T57/><REACH who="0" step="1"/><D21/><REACH who="0" ten="160,380,118,332" step="2"/><U65/><REACH who="1" step="1"/><E123/><REACH who="1" ten="160,370,118,332" step="2"/><V26/><F10/><W122/><G122/><T73/><D73/><U67/><E67/><AGARI ba="0,2" hai="5,7,24,25,27,48,49,51,57,60,67,96,102,106" machi="67" ten="40,1300,0" yaku="1,1,53,0" doraHai="126" doraHaiUra="14" who="0" fromWho="1" sc="160,33,370,-13,118,0,332,0" /><INIT seed="6,0,0,1,3,85" ten="193,357,118,332" oya="2" hai0="68,8,11,70,15,40,75,26,126,110,31,96,35" hai1="91,41,1,108,106,88,4,100,83,129,7,61,22" hai2="104,76,135,2,57,71,42,44,66,81,62,49,119" hai3="95,103,46,3,59,111,87,24,64,69,30,125,60"/><V56/><F104/><W98/><G111/><T28/><D110/><U134/><E108/><V33/><F33/><W54/><G3/><T19/><D75/><U39/><E83/><V52/><F2/><W132/><G132/><T63/><D31/><U23/><E61/><N who="2" m="35975" /><F81/><W131/><G131/><T74/><D74/><U94/><E106/><V122/><F76/><W107/><G46/><T99/><D40/><U32/><E32/><V73/><F73/><W93/><G87/><T101/><D96/><U89/><E41/><V113/><F113/><W77/><G125/><T37/><D126/><U55/><E39/><V67/><F135/><W118/><G118/><T58/><D37/><U14/><E1/><V25/><F25/><W9/><G9/><T109/><D8/><N who="1" m="4359" /><E7/><V43/><F119/><W84/><G84/><T92/><D109/><U127/><E129/><V6/><F6/><W17/><G17/><T90/><REACH who="0" step="1"/><D101/><REACH who="0" ten="183,357,118,332" step="2"/><U51/><E127/><V38/><F122/><W36/><G36/><T5/><D5/><U124/><E134/><V130/><F130/><W53/><G77/><T21/><D21/><N who="1" m="7691" /><E100/><V128/><F128/><W123/><G123/><T79/><D79/><U72/><E72/><V29/><F29/><W16/><G30/><T10/><D10/><U50/><E124/><V82/><F38/><W116/><G116/><T86/><D86/><N who="1" m="52503" /><E51/><V120/><F120/><W105/><G103/><T45/><D45/><AGARI ba="0,1" hai="45,50,55,89,91" m="52503,7691,4359" machi="45" ten="30,8000,1" yaku="8,1,52,3,54,1" doraHai="85" who="1" fromWho="0" sc="183,-80,357,90,118,0,332,0" /><INIT seed="7,0,0,3,3,103" ten="103,447,118,332" oya="3" hai0="129,123,119,116,61,86,58,40,18,83,94,109,76" hai1="9,88,130,21,124,52,108,65,49,73,97,125,71" hai2="134,45,113,133,19,111,66,38,105,35,17,132,63" hai3="41,75,3,31,102,72,7,27,47,44,62,93,114"/><W78/><G114/><T110/><D40/><U2/><E73/><V24/><F111/><N who="0" m="42506" /><D18/><U122/><E122/><V126/><F113/><W48/><G62/><T26/><D26/><U127/><E21/><V36/><F126/><W33/><G78/><T22/><D22/><U55/><E130/><V74/><F105/><W87/><G7/><T13/><D13/><U81/><E55/><V50/><F74/><W117/><G117/><N who="0" m="45131" /><D58/><N who="1" m="33039" /><E9/><V89/><F89/><W43/><G3/><T69/><D61/><N who="1" m="40367" /><E108/><V85/><F85/><W53/><G53/><T46/><D46/><U4/><E4/><V90/><F90/><W100/><G100/><T128/><D69/><U96/><E2/><V10/><F10/><W39/><G87/><AGARI ba="0,0" hai="81,87,88,96,97,124,125,127" m="40367,33039" machi="87" ten="30,3900,0" yaku="18,1,54,2" doraHai="103" who="1" fromWho="3" sc="103,0,447,39,118,0,332,-39" owari="103,-40.0,486,59.0,118,-28.0,293,9.0" /></mjloggm>