<mjloggm ver="2.3"><GO type="169" lobby="0"/><UN n0="%E3%83%8D%E3%83%B2%E3%81%92%E3%82%8D%E3%81%A3%E3%83%94" n1="%E3%81%82%E3%81%84%E3%81%A0%E3%81%A6" n2="%E3%82%A6%E3%83%AB%E3%83%88%E3%83%A9%E7%AB%8B%E7%9B%B4" n3="%6F%66" dan="16,16,16,16" rate="2042.40,2151.63,2172.27,2054.29" sx="M,M,M,M"/><TAIKYOKU oya="0"/><INIT seed="0,0,0,1,0,23" ten="250,250,250,250" oya="0" hai0="64,59,13,97,8,98,128,80,121,132,78,31,134" hai1="76,17,53,54,45,42,66,63,96,43,109,102,125" hai2="10,18,7,106,29,124,100,129,120,22,30,37,95" hai3="20,24,86,108,94,16,26,84,68,55,1,79,104"/><T39/><D121/><U127/><E76/><V46/><F106/><W48/><G68/><T49/><D39/><U103/><E17/><V118/><F120/><W77/><G108/><T0/><D0/><U114/><E96/><V133/><F100/><W5/><G104/><T130/><D31/><U81/><E81/><V38/><F38/><W28/><G5/><T70/><D70/><U21/><E21/><V44/><F44/><N who="3" m="28039" /><G1/><T50/><D98/><U115/><E45/><V2/><F95/><W88/><G86/><N who="0" m="48407" /><D97/><U113/><E109/><V19/><F46/><W51/><G51/><N who="0" m="19467" /><D59/><N who="1" m="37247" /><E102/><V105/><F105/><W62/><G62/><T9/><D64/><U65/><E65/><V58/><F58/><W6/><G6/><N who="0" m="3223" /><D9/><U52/><E103/><V116/><F37/><W123/><G123/><T71/><D71/><U15/><E15/><V34/><F34/><W35/><G35/><T33/><D33/><U82/><E82/><V92/><F2/><W41/><G41/><AGARI ba="0,0" hai="41,42,43,52,53,54,113,114,115,125,127" m="37247" machi="41" ten="40,8000,1" yaku="11,1,34,2,54,1" doraHai="23" who="1" fromWho="3" sc="250,0,250,80,250,0,250,-80" /><INIT seed="1,0,0,0,2,20" ten="250,330,250,170" oya="1" hai0="25,70,4,65,133,131,122,58,2,14,75,42,18" hai1="52,115,17,63,135,98,37,80,106,27,40,90,35" hai2="13,36,128,81,97,3,26,78,79,102,125,114,64" hai3="1,73,9,56,39,113,45,28,86,99,101,29,124"/><U49/><E115/><V127/><F3/><W74/><G124/><N who="2" m="47689" /><F36/><W104/><G113/><T84/><D75/><U120/><E135/><V126/><F126/><W117/><G117/><T123/><D133/><U77/><E120/><V61/><F114/><W51/><G39/><T55/><D42/><U48/><E37/><V116/><F116/><W23/><G56/><T7/><D2/><U72/><E40/><V24/><F13/><W21/><G21/><N who="0" m="13495" /><D84/><U76/><E76/><N who="2" m="29227" /><F81/><W19/><G86/><T132/><D131/><U121/><E121/><N who="0" m="46089" /><D132/><U105/><E35/><V103/><F128/><W94/><G74/><T12/><D65/><U66/><E72/><V43/><F43/><W44/><G104/><T88/><D88/><U11/><E105/><N who="2" m="63695" /><F103/><W6/><G73/><T82/><D82/><U107/><E106/><V32/><F32/><W33/><G33/><T41/><D41/><U54/><E107/><V34/><F34/><W15/><REACH who="3" step="1"/><G51/><REACH who="3" ten="250,330,250,160" step="2"/><N who="0" m="31103" /><D70/><AGARI ba="0,1" hai="24,26,61,64,70" m="63695,29227,47689" machi="70" ten="30,3900,0" yaku="18,1,52,2" doraHai="20" who="2" fromWho="0" sc="250,-39,330,0,250,49,160,0" /><INIT seed="2,0,0,3,3,26" ten="211,330,299,160" oya="2" hai0="53,3,60,87,86,108,41,72,29,79,77,13,120" hai1="130,68,90,117,47,44,102,33,36,21,15,67,116" hai2="127,35,64,0,131,134,109,43,54,98,85,135,34" hai3="129,112,8,73,32,46,48,61,70,122,75,24,88"/><V132/><F43/><W6/><G122/><T1/><D120/><U45/><E33/><V63/><F0/><W82/><G129/><T51/><D41/><U4/><E102/><V103/><F131/><W91/><G112/><T25/><D108/><U81/><E36/><V78/><F54/><W27/><G27/><T57/><D13/><U2/><E2/><V11/><F109/><W59/><G70/><T20/><D72/><U100/><E100/><V49/><F49/><W52/><G24/><T16/><D1/><U96/><E68/><N who="2" m="42015" /><F11/><W104/><G32/><T76/><D3/><U71/><E71/><V95/><F127/><W39/><G104/><T5/><D5/><U113/><E67/><V19/><F19/><W58/><G58/><N who="0" m="33087" /><D16/><U18/><E113/><V17/><F17/><W22/><G22/><T10/><D10/><U62/><E4/><V30/><F30/><W38/><G38/><T119/><D119/><U37/><E37/><V92/><F78/><W107/><G107/><T99/><D99/><U97/><E130/><V101/><F85/><W50/><G50/><T9/><D9/><U123/><E123/><V124/><F124/><W12/><G39/><T133/><D86/><N who="1" m="50511" /><E116/><V114/><F114/><W66/><REACH who="3" step="1"/><G73/><REACH who="3" ten="211,330,299,150" step="2"/><T56/><D56/><U106/><E106/><V110/><F110/><W42/><G42/><T126/><D126/><U93/><E117/><V74/><F74/><W105/><G105/><T128/><D128/><U83/><E21/><V40/><F40/><W23/><G23/><T118/><D118/><U94/><E96/><AGARI ba="0,1" hai="34,35,92,95,96,98,101,103,132,134,135" m="42015" machi="96" ten="30,1500,0" yaku="20,1" doraHai="26" who="2" fromWho="1" sc="211,0,330,-15,299,25,150,0" /><INIT seed="2,1,0,4,4,109" ten="211,315,324,150" oya="2" hai0="108,35,39,32,60,6,73,72,112,68,43,75,62" hai1="34,40,36,54,104,105,84,55,116,135,90,30,130" hai2="113,28,87,82,76,49,92,128,133,58,23,100,95" hai3="98,70,37,91,15,134,121,8,46,4,50,12,29"/><V77/><F113/><W125/><G70/><T16/><D108/><U2/><E2/><V18/><F128/><W27/><G125/><T131/><D131/><U74/><E74/><V48/><F133/><W122/><G37/><T67/><D112/><U89/><E116/><V38/><F38/><W97/><G134/><T63/><D63/><U59/><E34/><V85/><F28/><W26/><G26/><T0/><D16/><U129/><E30/><V53/><F100/><W33/><G15/><T51/><D51/><U44/><E36/><V24/><REACH who="2" step="1"/><F49/><REACH who="2" ten="211,315,314,150" step="2"/><W22/><G122/><T96/><D39/><U106/><E135/><V79/><F79/><W45/><G121/><T120/><D120/><U52/><E130/><V19/><F19/><W69/><G33/><T3/><D35/><U57/><E129/><V124/><F124/><W11/><G50/><T10/><D32/><U1/><E89/><V93/><F93/><W111/><G91/><T101/><D101/><U132/><E90/><V42/><F42/><W14/><G111/><T117/><D43/><U13/><E40/><V118/><F118/><W17/><G17/><T126/><D117/><U78/><E78/><V47/><F47/><W86/><G46/><T31/><D31/><U21/><E44/><V107/><F107/><W66/><G45/><T81/><D126/><U9/><E105/><V61/><F61/><W7/><G7/><T114/><D62/><U80/><E106/><V119/><F119/><W41/><G41/><T123/><D123/><U65/><E104/><V88/><F88/><W64/><G4/><RYUUKYOKU ba="1,1" sc="211,-10,315,-10,314,30,150,-10" hai2="18,23,24,48,53,58,76,77,82,85,87,92,95" /><INIT seed="2,2,1,4,1,7" ten="201,305,344,140" oya="2" hai0="129,70,100,115,83,68,90,76,31,6,99,103,133" hai1="104,34,80,55,50,41,52,1,46,125,110,93,22" hai2="101,48,75,78,14,5,21,39,20,134,89,47,24" hai3="35,43,73,127,109,114,64,11,33,91,29,123,66"/><V16/><F39/><W92/><G73/><T18/><D115/><U107/><E34/><V95/><F134/><W98/><G123/><T63/><D133/><U44/><E110/><V122/><F122/><W59/><G109/><T81/><D129/><U42/><E1/><V19/><F101/><W26/><G127/><T84/><D31/><U4/><E4/><V113/><F113/><W87/><G114/><T53/><D6/><U30/><E93/><V38/><F38/><W135/><G43/><T51/><D18/><U71/><E71/><V60/><F60/><W96/><G35/><T111/><D111/><U36/><E80/><V12/><F78/><W118/><G118/><T0/><D0/><U108/><E108/><V10/><F75/><W23/><G33/><T25/><D25/><U15/><E30/><V85/><F48/><W128/><G128/><T49/><D49/><U132/><E125/><V8/><F47/><W106/><G106/><T116/><D116/><U62/><E62/><V28/><F21/><W94/><G59/><T121/><D121/><U40/><E40/><V79/><F79/><W97/><G135/><T2/><D2/><U65/><E65/><N who="3" m="25194" /><G11/><T117/><D63/><U17/><REACH who="1" step="1"/><E132/><REACH who="1" ten="201,295,344,140" step="2"/><V88/><F5/><W61/><G61/><T27/><D117/><U102/><E102/><AGARI ba="2,2" hai="23,26,29,87,91,92,94,96,97,98,102" m="25194" machi="102" ten="30,1000,0" yaku="8,1" doraHai="7" who="3" fromWho="1" sc="201,0,295,-16,344,0,140,36" /><INIT seed="3,0,0,2,2,96" ten="201,279,344,176" oya="3" hai0="72,121,95,69,14,84,85,89,8,17,101,0,123" hai1="117,115,53,134,113,24,74,5,128,57,37,130,45" hai2="33,107,25,100,59,44,52,27,124,98,108,118,132" hai3="32,58,90,42,102,15,9,103,106,36,119,86,49"/><W35/><G119/><T78/><D69/><U2/><E74/><V48/><F118/><W93/><G106/><T56/><D0/><U129/><E117/><V135/><F108/><W12/><G36/><T126/><D126/><U77/><E77/><V94/><F124/><W7/><G35/><T71/><D71/><U26/><E2/><V70/><F70/><W63/><G32/><T111/><D111/><U104/><E5/><V105/><F44/><N who="3" m="25751" /><G15/><T73/><D73/><U99/><E134/><N who="2" m="51243" /><F33/><W34/><G34/><T67/><D72/><U81/><E81/><V62/><F48/><W6/><G6/><T65/><D101/><N who="1" m="62527" /><E45/><V92/><F107/><W87/><G86/><T4/><D4/><U131/><E37/><V68/><F68/><W16/><G7/><T23/><D8/><U125/><E125/><V88/><F105/><W55/><AGARI ba="0,0" hai="9,12,16,55,58,63,87,90,93,102,103" m="25751" machi="55" ten="30,11700,0" yaku="8,1,52,2,54,1" doraHai="96" who="3" fromWho="3" sc="201,-39,279,-39,344,-39,176,117" /><INIT seed="3,1,0,3,3,107" ten="162,240,305,293" oya="3" hai0="91,24,43,124,38,37,87,126,44,69,122,62,71" hai1="74,80,95,52,104,86,105,117,8,41,46,90,135" hai2="101,1,49,51,17,68,59,85,75,133,76,45,82" hai3="29,34,120,118,112,21,35,115,9,47,0,7,94"/><W131/><G118/><T55/><D122/><U114/><E114/><N who="3" m="43562" /><G47/><T4/><D38/><U36/><E135/><V28/><F68/><W96/><G94/><T26/><D4/><U73/><E117/><V25/><F133/><W97/><G97/><T108/><D108/><U54/><E8/><V92/><F1/><W83/><G83/><T22/><D55/><U33/><E33/><N who="3" m="12298" /><G96/><T88/><D62/><U132/><E132/><V27/><F59/><W53/><G53/><T57/><D57/><U56/><E54/><V39/><F51/><W60/><G60/><T103/><D103/><U102/><E102/><V13/><F92/><W129/><G120/><T61/><D61/><U113/><E113/><V70/><F82/><W16/><G29/><N who="0" m="17559" /><D26/><AGARI ba="1,0" hai="0,7,9,16,21,26,129,131" m="12298,43562" machi="26" ten="30,5800,0" yaku="34,2,54,1" doraHai="107" who="3" fromWho="0" sc="162,-61,240,0,305,0,293,61" /><INIT seed="3,2,0,0,4,14" ten="101,240,305,354" oya="3" hai0="18,112,26,107,48,56,51,80,123,96,118,129,74" hai1="75,116,87,12,100,8,79,34,73,36,27,65,19" hai2="111,83,85,66,135,6,71,32,40,127,90,121,133" hai3="63,68,31,38,125,105,50,82,89,88,110,57,130"/><W43/><G105/><T5/><D123/><U64/><E36/><V93/><F32/><W134/><G68/><T37/><D118/><U16/><E100/><V94/><F40/><W28/><G38/><T29/><D37/><U124/><E116/><V41/><F41/><W55/><G130/><T24/><D5/><U128/><E128/><V72/><F6/><W7/><G7/><T131/><D112/><U117/><E117/><V119/><F119/><W101/><G101/><T17/><D131/><U1/><E73/><V44/><F44/><N who="3" m="25887" /><G134/><T95/><D107/><U46/><E75/><V47/><F47/><W115/><G115/><T76/><D129/><U13/><E1/><V132/><F121/><W70/><G70/><T23/><D26/><U81/><E46/><V49/><F71/><W25/><G125/><T15/><D56/><U10/><E124/><V103/><F127/><W109/><G82/><T4/><D4/><U97/><E97/><N who="2" m="59831" /><F49/><W78/><G78/><T52/><D52/><U120/><E120/><V99/><F66/><W21/><G31/><AGARI ba="2,0" hai="8,10,12,13,16,19,27,31,34,64,65,79,81,87" machi="31" ten="40,8000,1" yaku="9,1,52,2,54,1" doraHai="14" who="1" fromWho="3" sc="101,0,240,86,305,0,354,-86" /><INIT seed="4,0,0,0,3,46" ten="101,326,305,268" oya="0" hai0="119,98,111,92,128,94,56,80,104,49,35,17,9" hai1="125,48,40,7,23,78,16,89,13,39,8,99,37" hai2="5,73,18,54,58,112,51,42,34,121,50,84,2" hai3="4,86,81,120,133,66,11,131,83,117,26,107,90"/><T19/><D119/><U96/><E125/><V63/><F73/><W75/><G117/><T1/><D35/><U3/><E78/><V85/><F121/><W118/><G118/><T110/><D128/><U60/><E60/><V115/><F34/><W74/><G66/><T44/><D56/><U65/><E65/><V59/><F18/><N who="0" m="6666" /><D80/><U45/><REACH who="1" step="1"/><E89/><REACH who="1" ten="101,316,305,268" step="2"/><V25/><F63/><W130/><G90/><T70/><D70/><U87/><E87/><V21/><F85/><W68/><G86/><T20/><D98/><AGARI ba="0,1" hai="3,7,8,13,16,23,37,39,40,45,48,96,98,99" machi="98" ten="40,8000,1" yaku="1,1,52,1,54,1,53,1" doraHai="46" doraHaiUra="33" who="1" fromWho="0" sc="101,-80,316,90,305,0,268,0" /><INIT seed="5,0,0,1,0,114" ten="21,406,305,268" oya="1" hai0="90,121,127,30,84,79,47,2,126,58,18,106,64" hai1="51,34,128,91,112,110,98,32,1,103,71,86,48" hai2="19,36,102,62,75,21,74,56,131,109,25,99,92" hai3="65,13,104,12,61,49,63,67,100,120,38,125,54"/><U134/><E134/><V33/><F109/><W113/><G38/><T122/><D2/><U59/><E59/><V41/><F131/><W9/><G104/><T133/><D106/><U69/><E110/><V52/><REACH who="2" step="1"/><F33/><REACH who="2" ten="21,406,295,268" step="2"/><W135/><G120/><N who="0" m="46187" /><D30/><U80/><E128/><V53/><F53/><W81/><G54/><T72/><D18/><U43/><E112/><V39/><F39/><W15/><G135/><T20/><D20/><U40/><E1/><V117/><F117/><W93/><G125/><N who="0" m="47627" /><D133/><U119/><E119/><V73/><F73/><W70/><G113/><T10/><D10/><U76/><E32/><V115/><F115/><W68/><G9/><T111/><D111/><U95/><E34/><V116/><F116/><W88/><G67/><T5/><D5/><U7/><E7/><V16/><F16/><W27/><G65/><T35/><D35/><U50/><REACH who="1" step="1"/><E76/><REACH who="1" ten="21,396,295,268" step="2"/><V4/><F4/><W28/><G28/><T87/><D72/><U101/><E101/><V17/><F17/><W42/><G100/><T29/><D29/><U108/><E108/><V37/><F37/><W55/><G68/><AGARI ba="0,2" hai="40,43,48,50,51,68,69,71,80,86,91,95,98,103" machi="68" ten="40,2000,0" yaku="1,1,53,0" doraHai="114" doraHaiUra="3" who="1" fromWho="3" sc="21,0,396,40,295,0,268,-20" /><INIT seed="5,1,0,3,2,4" ten="21,436,295,248" oya="1" hai0="104,87,50,77,122,102,94,59,98,89,25,73,97" hai1="118,34,42,48,103,72,13,99,84,30,54,44,115" hai2="65,33,61,128,6,21,131,66,47,79,90,107,71" hai3="5,119,126,123,129,55,19,29,88,105,18,53,15"/><U108/><E118/><V114/><F33/><W80/><G105/><T96/><D25/><U74/><E34/><V85/><F107/><W52/><G123/><T120/><D50/><U127/><E30/><V28/><F66/><W69/><G69/><T12/><D59/><U78/><E74/><V132/><F79/><W32/><G126/><T68/><D68/><U1/><E1/><V130/><F132/><W100/><G100/><T135/><D12/><U56/><E72/><V36/><F6/><W67/><G67/><T76/><D135/><U92/><E127/><V111/><F111/><W38/><G38/><T112/><D112/><U43/><E108/><V121/><F121/><N who="0" m="46698" /><D77/><U26/><E26/><V16/><F28/><W8/><G32/><T83/><AGARI ba="1,0" hai="73,76,83,87,89,94,96,97,98,102,104" m="46698" machi="83" ten="30,7900,0" yaku="24,1,13,1,34,2" doraHai="4" who="0" fromWho="0" sc="21,82,436,-40,295,-21,248,-21" /><INIT seed="6,0,0,3,5,64" ten="103,396,274,227" oya="2" hai0="0,117,62,71,107,6,77,36,91,39,100,34,99" hai1="106,61,70,26,87,88,29,38,14,80,86,120,90" hai2="37,133,122,44,30,28,12,72,13,63,132,92,125" hai3="127,27,55,50,17,79,131,40,111,135,84,54,113"/><V103/><F72/><W76/><G111/><T22/><D91/><U21/><E38/><N who="0" m="14377" /><D22/><U57/><E106/><V11/><F122/><W116/><G116/><T56/><D77/><U49/><E70/><V82/><F82/><W32/><G131/><T102/><D102/><U10/><E49/><V41/><F63/><W69/><G127/><T31/><D56/><U66/><E120/><V83/><F125/><W114/><G135/><N who="2" m="51785" /><F83/><N who="3" m="47207" /><G79/><T23/><D23/><U108/><E108/><V47/><F13/><W89/><G89/><N who="1" m="34410" /><E80/><V48/><F92/><W59/><G17/><AGARI ba="0,0" hai="10,14,17,21,26,29,57,61,66,86,87" m="34410" machi="17" ten="30,2000,0" yaku="8,1,54,1" doraHai="64" who="1" fromWho="3" sc="103,0,396,20,274,0,227,-20" /><INIT seed="7,0,0,3,3,28" ten="103,416,274,207" oya="3" hai0="86,90,32,85,35,101,70,30,48,65,134,96,45" hai1="9,91,103,114,76,66,78,8,94,110,113,71,131" hai2="97,123,6,59,67,104,80,46,77,117,51,36,130" hai3="2,53,34,119,93,22,72,79,57,38,132,18,25"/><W5/><G132/><T118/><D118/><U26/><E110/><V14/><F117/><W1/><G38/><T27/><D134/><U128/><E103/><V95/><F104/><W87/><G119/><T31/><D65/><U63/><E26/><V47/><F36/><W135/><G135/><T84/><D70/><U74/><E8/><N who="2" m="4375" /><F130/><N who="1" m="49705" /><E9/><V133/><F123/><W13/><G72/><T62/><D62/><U0/><E0/><V49/><F133/><W99/><G87/><T115/><D90/><U69/><E69/><V122/><F122/><W20/><G79/><N who="1" m="30250" /><E74/><V3/><F51/><W82/><G82/><T68/><D68/><U125/><E125/><V124/><F3/><W19/><G5/><T52/><D115/><U88/><E91/><V29/><F95/><W50/><REACH who="3" step="1"/><G34/><REACH who="3" ten="103,416,274,197" step="2"/><T83/><D83/><U58/><E71/><V54/><F80/><W12/><G12/><T111/><D111/><U81/><E81/><V37/><F77/><W89/><AGARI ba="0,1" hai="1,2,13,18,19,20,22,25,50,53,57,89,93,99" machi="89" ten="20,3900,0" yaku="1,1,0,1,7,1,53,0" doraHai="28" doraHaiUra="126" who="3" fromWho="3" sc="103,-13,416,-13,274,-13,197,49" /><INIT seed="7,1,0,4,1,58" ten="90,403,261,246" oya="3" hai0="95,75,83,134,73,21,133,35,59,101,60,1,15" hai1="31,20,68,5,29,108,4,13,19,82,38,103,9" hai2="8,11,128,109,33,77,65,131,130,116,72,18,41" hai3="24,57,110,48,39,61,32,123,96,50,28,121,91"/><W99/><G39/><T64/><D1/><U114/><E38/><V98/><F116/><W36/><G36/><T6/><D35/><U71/><E103/><V105/><F109/><W76/><G110/><T42/><D42/><U63/><E108/><V40/><F33/><W125/><G125/><T46/><D46/><U102/><E102/><N who="2" m="62679" /><F65/><W30/><G76/><T74/><D83/><U135/><E68/><V119/><F119/><W93/><G28/><T79/><D79/><U124/><E71/><V0/><F8/><W43/><G99/><T22/><D95/><U90/><E63/><V118/><F118/><W70/><G70/><T47/><D47/><U52/><E52/><V113/><F113/><W54/><REACH who="3" step="1"/><G43/><REACH who="3" ten="90,403,261,236" step="2"/><T78/><D78/><U7/><E124/><V87/><F41/><W56/><G56/><T120/><D120/><AGARI ba="1,1" hai="24,30,32,48,50,54,57,61,91,93,96,120,121,123" machi="120" ten="40,3900,0" yaku="1,1,52,1,53,0" doraHai="58" doraHaiUra="100" who="3" fromWho="0" sc="90,-42,403,0,261,0,236,52" /><INIT seed="7,2,0,5,0,130" ten="48,403,261,288" oya="3" hai0="42,63,10,98,119,76,77,52,8,64,90,58,14" hai1="88,78,1,103,28,36,99,85,69,67,129,66,11" hai2="75,70,97,62,122,55,74,112,57,17,29,118,114" hai3="27,73,51,68,54,95,120,72,93,87,53,50,134"/><W135/><G120/><T37/><D119/><U43/><E129/><V48/><F118/><W82/><G68/><T31/><D37/><U23/><E78/><V124/><F29/><W100/><G27/><T33/><D42/><U46/><E69/><V30/><F30/><W132/><G100/><T123/><D123/><U107/><E28/><V108/><F108/><W89/><G51/><T104/><D33/><U116/><E116/><V6/><F122/><W7/><G7/><T9/><D31/><U91/><E23/><V109/><F109/><W41/><G41/><T25/><D25/><U105/><E91/><V80/><F6/><W81/><G54/><T26/><D26/><U125/><E105/><V102/><F17/><W34/><G34/><T13/><D104/><U59/><E59/><V86/><F124/><W49/><G49/><T40/><D40/><U0/><E125/><V84/><F75/><N who="3" m="28747" /><G95/><T61/><D98/><U24/><E24/><V127/><F127/><W115/><G115/><N who="2" m="44073" /><F70/><W47/><AGARI ba="2,0" hai="47,50,53,81,82,87,89,93,132,134,135" m="28747" machi="47" ten="40,12000,1" yaku="20,1,52,3" doraHai="130" who="3" fromWho="3" sc="48,-42,403,-42,261,-42,288,126" owari="6,-49.0,361,16.0,219,-18.0,414,51.0" /></mjloggm>