<mjloggm ver="2.3"><GO type="169" lobby="0"/><UN n0="%3D%E8%93%AC%E8%8E%B1%E5%B1%B1%E8%BC%9D%E5%A4%9C%3D" n1="%60%E3%83%BB%CF%89%E3%83%BB%29%79%2D%7E" n2="%E3%81%B8%E6%82%A0%E6%82%A0%E7%B4%AB%E3%81%B8" n3="%E5%B0%B1%E6%B4%BB%E7%94%9F%40%E5%B7%9D%E6%9D%91%E8%BB%8D%E5%9B%A3" dan="16,16,16,18" rate="2039.09,2047.24,2083.87,2287.67" sx="F,M,F,M"/><TAIKYOKU oya="0"/><INIT seed="0,0,0,2,1,72" ten="250,250,250,250" oya="0" hai0="26,54,37,117,88,105,59,120,0,43,95,89,14" hai1="119,80,4,110,70,79,104,126,51,23,78,130,25" hai2="40,38,17,36,12,85,69,48,21,111,33,107,8" hai3="96,9,46,133,99,45,50,73,125,5,29,128,123"/><T116/><D0/><U20/><E70/><V77/><F107/><W81/><G125/><T27/><D120/><U101/><E119/><V67/><F33/><W76/><G133/><T19/><D105/><U112/><E126/><V42/><F69/><W131/><G29/><T60/><D37/><U39/><E39/><V22/><F67/><W10/><G10/><T97/><D43/><U98/><E110/><V52/><F111/><W114/><G114/><T100/><D117/><U32/><E112/><V92/><F38/><W84/><G73/><T91/><REACH who="0" step="1"/><D116/><REACH who="0" ten="240,250,250,250" step="2"/><U58/><E104/><V35/><F36/><W2/><G123/><T122/><D122/><U49/><E130/><N who="3" m="49706" /><G46/><T108/><D108/><U63/><E32/><V7/><F42/><AGARI ba="0,1" hai="2,5,9,42,45,50,76,81,84,96,99" m="49706" machi="42" ten="30,2000,0" yaku="19,1,52,1" doraHai="72" who="3" fromWho="2" sc="240,0,250,0,250,-20,250,30" /><INIT seed="1,0,0,5,5,31" ten="240,250,230,280" oya="1" hai0="10,55,135,33,79,89,30,0,132,34,83,27,90" hai1="112,64,65,88,85,14,47,9,99,127,17,58,104" hai2="50,70,77,16,130,101,56,18,11,28,82,67,100" hai3="128,95,123,8,134,23,110,96,72,25,35,26,71"/><U117/><E117/><V53/><F70/><W3/><G72/><T84/><D55/><U57/><E112/><V29/><F67/><W116/><G71/><T36/><D36/><U4/><E127/><V92/><F130/><W15/><G123/><T80/><D34/><U40/><E104/><V37/><F37/><W120/><G120/><T114/><D114/><U129/><E99/><V46/><F18/><W125/><G3/><T75/><D90/><U105/><E105/><V107/><F107/><W12/><G35/><T97/><D97/><U39/><E129/><V49/><F29/><W74/><G74/><T94/><D94/><U20/><E64/><V52/><F28/><W60/><G110/><T13/><REACH who="0" step="1"/><D0/><REACH who="0" ten="230,250,230,280" step="2"/><U102/><E102/><V124/><F92/><W2/><G2/><T68/><D68/><U63/><E65/><V122/><F122/><W66/><G128/><T59/><D59/><U109/><E109/><V44/><F56/><W45/><G95/><T51/><D51/><U41/><E40/><V69/><F69/><W113/><G66/><T98/><D98/><U103/><E103/><V24/><F124/><W91/><G96/><T21/><D21/><U54/><E54/><V7/><F101/><W118/><G23/><T48/><D48/><U19/><E20/><N who="2" m="13319" /><F100/><W81/><G125/><T108/><D108/><U133/><E58/><V126/><F126/><W73/><G113/><T76/><D76/><U61/><E57/><V22/><F22/><W121/><G121/><T87/><D87/><U115/><E115/><V86/><F11/><W93/><G8/><RYUUKYOKU ba="0,1" sc="230,15,250,-15,230,15,280,-15" hai0="10,13,27,30,33,75,79,80,83,84,89,132,135" hai2="7,44,46,49,50,52,53,77,82,86" /><INIT seed="2,1,1,5,4,97" ten="245,235,245,265" oya="2" hai0="70,37,8,91,31,90,11,81,42,38,88,55,73" hai1="87,59,14,83,131,44,76,103,68,13,24,104,105" hai2="65,129,128,18,130,111,98,33,123,102,75,3,35" hai3="40,94,78,7,107,134,27,51,82,67,106,17,100"/><V49/><F123/><W101/><G134/><T125/><D70/><U109/><E68/><V23/><F75/><W74/><G7/><T4/><D125/><U0/><E0/><V118/><F3/><W52/><G40/><T122/><D122/><U30/><E109/><V72/><F72/><W80/><G67/><T53/><D31/><U29/><E131/><V5/><F5/><W112/><G112/><T2/><D11/><U127/><E127/><V36/><F36/><W93/><G107/><T99/><D99/><U25/><E44/><V62/><F49/><W121/><G106/><T28/><D28/><U50/><E50/><V19/><F111/><W69/><G69/><T79/><REACH who="0" step="1"/><D37/><REACH who="0" ten="235,235,245,265" step="2"/><U89/><E30/><V108/><F108/><W22/><G121/><T48/><D48/><U126/><E29/><V21/><F118/><W96/><G80/><T85/><D85/><U26/><E87/><V60/><F62/><W119/><G119/><T34/><D34/><N who="2" m="12810" /><F23/><W20/><G20/><T32/><D32/><U66/><E126/><V120/><F21/><W6/><G6/><T92/><D92/><U9/><E104/><N who="2" m="63575" /><F120/><W114/><G114/><T57/><D57/><AGARI ba="1,2" hai="18,19,57,60,65,128,129,130" m="63575,12810" machi="57" ten="40,3900,0" yaku="19,1,52,1" doraHai="97" who="2" fromWho="0" sc="235,-42,235,0,245,62,265,0" /><INIT seed="2,2,0,3,5,23" ten="193,235,307,265" oya="2" hai0="58,67,118,116,51,0,69,91,36,84,18,81,73" hai1="52,64,3,104,74,121,34,92,115,103,123,71,2" hai2="70,24,93,17,133,19,117,100,125,129,39,20,124" hai3="47,83,14,63,30,9,61,11,55,114,79,22,113"/><V60/><F117/><N who="0" m="45162" /><D36/><U78/><E115/><N who="3" m="44042" /><G47/><T12/><D0/><U53/><E104/><V89/><F39/><W108/><G108/><T86/><D69/><U126/><E126/><N who="2" m="48747" /><F100/><W28/><G55/><N who="1" m="21066" /><E34/><V33/><F33/><W32/><G32/><T122/><D51/><U13/><E13/><V96/><F133/><W75/><G11/><T112/><D112/><U107/><E107/><V15/><F129/><W77/><G77/><T88/><D73/><U45/><E45/><V31/><F15/><W97/><G97/><T102/><D102/><U42/><E42/><V38/><F38/><W57/><G22/><N who="0" m="11591" /><D122/><U68/><E74/><V98/><F96/><W1/><G1/><T49/><D49/><U72/><E2/><V110/><F110/><W134/><G134/><T95/><D58/><U46/><E3/><V127/><N who="2" m="48755" /><V54/><DORA hai="27" /><F54/><N who="3" m="33975" /><G63/><T90/><D67/><AGARI ba="2,0" hai="17,19,20,24,31,60,67,70,89,93,98" m="48755" machi="67" ten="40,7700,0" yaku="18,1,52,2" doraHai="23,27" who="2" fromWho="0" sc="193,-83,235,0,307,83,265,0" /><INIT seed="2,3,0,3,3,111" ten="110,235,390,265" oya="2" hai0="46,36,124,132,57,53,65,40,31,107,44,134,135" hai1="15,20,115,101,49,66,91,85,1,87,6,39,23" hai2="104,83,4,122,42,90,47,54,73,74,17,19,75" hai3="80,14,24,89,52,28,70,68,10,59,78,117,126"/><V26/><F104/><W102/><G126/><T110/><D107/><U3/><E39/><V127/><F122/><W22/><G102/><T81/><D31/><U13/><E101/><V108/><F127/><W30/><G89/><T69/><D81/><U29/><E91/><V129/><F129/><W116/><G28/><T18/><D18/><U96/><E29/><V123/><F123/><W61/><G70/><T16/><D16/><U82/><E82/><V67/><F4/><W95/><G95/><T103/><D103/><U55/><E49/><V7/><F7/><W100/><G68/><T86/><D86/><U88/><E6/><V121/><F108/><W32/><G32/><T105/><D105/><U131/><E88/><V9/><F67/><W60/><G60/><N who="0" m="40103" /><D124/><U33/><E33/><V119/><F42/><W64/><G100/><T118/><D110/><U8/><E87/><N who="2" m="50559" /><F19/><W43/><G43/><T45/><D118/><U98/><E3/><V125/><F125/><W5/><REACH who="3" step="1"/><G64/><REACH who="3" ten="110,235,390,255" step="2"/><T21/><D21/><U99/><E66/><V41/><F121/><W27/><G27/><T72/><D72/><AGARI ba="3,1" hai="5,10,14,22,24,30,52,59,61,72,78,80,116,117" machi="72" ten="30,3900,0" yaku="1,1,7,1,54,1,53,0" doraHai="111" doraHaiUra="84" who="3" fromWho="0" sc="110,-48,235,0,390,0,255,58" /><INIT seed="3,0,0,1,4,62" ten="62,235,390,313" oya="3" hai0="30,84,134,121,99,127,0,115,129,110,125,38,104" hai1="59,113,130,107,120,23,16,135,32,111,91,105,11" hai2="36,72,75,19,124,82,88,132,35,117,98,15,57" hai3="69,6,126,8,79,74,29,52,73,17,22,26,100"/><W128/><G69/><T51/><D51/><U86/><E113/><V92/><F35/><W44/><G126/><T133/><D99/><U90/><E120/><V34/><F34/><W24/><G128/><T66/><D66/><U55/><E32/><V83/><F36/><W42/><G100/><T39/><D84/><U68/><E68/><V80/><F117/><W46/><G79/><T60/><D60/><U37/><E37/><V131/><F131/><W18/><G46/><T50/><D50/><U9/><E130/><V7/><F132/><W70/><G70/><T109/><D30/><U64/><E135/><V21/><F124/><W77/><G77/><T71/><D125/><U106/><E111/><V58/><REACH who="2" step="1"/><F7/><REACH who="2" ten="62,235,380,313" step="2"/><W65/><G6/><T14/><D39/><U85/><E106/><V54/><F54/><W108/><G52/><T27/><D134/><U87/><E105/><V63/><F63/><W10/><G108/><T31/><D110/><U112/><E107/><V119/><F119/><W123/><G123/><T4/><D4/><U12/><E55/><V1/><F1/><W93/><G42/><T102/><D0/><U3/><E3/><V47/><F47/><W95/><G44/><T33/><D127/><U13/><E112/><V41/><F41/><W43/><G43/><T89/><D133/><U114/><E114/><V40/><F40/><W81/><G29/><T28/><D115/><U20/><E16/><V78/><F78/><W56/><G18/><T101/><D129/><U116/><E116/><V53/><F53/><W61/><G17/><T45/><D121/><RYUUKYOKU ba="0,1" sc="62,-10,235,-10,380,30,313,-10" hai2="15,19,21,57,58,72,75,80,82,83,88,92,98" /><INIT seed="4,1,1,2,2,122" ten="52,225,410,303" oya="0" hai0="83,70,17,12,99,41,30,114,86,53,28,19,134" hai1="33,80,14,52,77,109,2,92,24,38,20,16,64" hai2="93,57,36,73,117,88,47,39,61,78,126,72,106" hai3="67,29,27,7,127,63,55,129,105,0,124,50,108"/><T85/><D70/><U74/><E109/><V130/><F106/><W102/><G108/><T118/><D118/><U87/><E64/><V66/><F117/><W42/><G42/><T46/><D134/><U58/><E2/><V60/><F130/><W25/><G129/><T9/><D114/><U119/><E119/><V65/><F126/><W8/><G102/><T133/><D133/><U90/><E38/><V75/><F78/><W23/><G105/><T79/><D99/><U131/><E131/><V18/><F18/><W89/><G89/><T45/><D19/><U107/><E107/><V3/><F3/><W128/><G128/><T40/><D53/><U10/><E33/><V15/><F15/><W6/><G6/><T43/><REACH who="0" step="1"/><D85/><REACH who="0" ten="42,225,410,303" step="2"/><U81/><E52/><V13/><F72/><W116/><G116/><T54/><D54/><U111/><E74/><V94/><F75/><W31/><G67/><T82/><D82/><U100/><E80/><V11/><F73/><W4/><G63/><T34/><D34/><U49/><E81/><V59/><F61/><W5/><G5/><T110/><D110/><U125/><E111/><V95/><F65/><W115/><G7/><T71/><D71/><U35/><E35/><V104/><F60/><W62/><G62/><T56/><D56/><U91/><E58/><V76/><F66/><W48/><G115/><T98/><D98/><U113/><E113/><V101/><F59/><W135/><G135/><T68/><D68/><U44/><E87/><V112/><F112/><W84/><G84/><T132/><D132/><U97/><E97/><RYUUKYOKU ba="1,2" sc="42,30,225,-10,410,-10,303,-10" hai0="9,12,17,28,30,40,41,43,45,46,79,83,86" /><INIT seed="4,2,2,2,2,63" ten="72,215,400,293" oya="0" hai0="117,14,27,42,109,89,33,3,51,30,69,77,115" hai1="32,107,96,118,19,79,54,127,68,53,80,70,29" hai2="13,73,37,135,24,31,50,75,95,55,110,98,64" hai3="9,74,47,49,60,11,15,82,5,88,108,130,125"/><T120/><D3/><U0/><E118/><V81/><F37/><W94/><G108/><T92/><D117/><U132/><E0/><V134/><F110/><W93/><G130/><T45/><D120/><U23/><E32/><V102/><F64/><W12/><G125/><T22/><D115/><U8/><E29/><V83/><F13/><W129/><G129/><T86/><D109/><U7/><E127/><V10/><F10/><W97/><G60/><T123/><D123/><U58/><E132/><N who="2" m="50731" /><F83/><W36/><G36/><T67/><D77/><U46/><E8/><V105/><F81/><W126/><G126/><T104/><D104/><U85/><E7/><V6/><F95/><N who="3" m="56551" /><G82/><T114/><D114/><U2/><E2/><V131/><F6/><N who="3" m="3127" /><G74/><T76/><D76/><U4/><E80/><V44/><F131/><W48/><G48/><T111/><D111/><U20/><E79/><V106/><F105/><W38/><G38/><T113/><D113/><U52/><E107/><V71/><F71/><W103/><G103/><T90/><D90/><U41/><E68/><V43/><F43/><AGARI ba="2,2" hai="5,11,15,43,47,49,93,94" m="3127,56551" machi="43" ten="30,2000,0" yaku="8,1,54,1" doraHai="63" who="3" fromWho="2" sc="72,0,215,0,400,-26,293,46" /><INIT seed="5,0,0,3,1,121" ten="72,215,374,339" oya="1" hai0="72,11,106,91,1,12,54,6,73,103,53,129,26" hai1="3,45,117,96,134,90,68,2,71,30,52,43,5" hai2="39,108,104,105,42,127,115,93,85,17,102,0,48" hai3="56,125,7,69,118,88,86,36,94,60,124,126,14"/><U49/><E117/><V99/><F39/><W112/><G118/><T58/><D129/><U67/><E134/><V89/><F0/><W8/><G36/><T35/><D91/><U40/><E30/><V113/><F17/><W25/><G69/><T109/><D109/><U132/><E132/><V92/><F48/><W37/><G37/><T33/><D103/><U27/><E27/><V114/><F42/><W61/><G112/><T16/><D106/><N who="2" m="41066" /><F127/><W81/><G25/><T29/><D35/><U100/><E100/><V133/><F133/><W131/><G131/><T66/><D66/><U50/><E90/><V116/><F116/><W80/><REACH who="3" step="1"/><G61/><REACH who="3" ten="72,215,374,329" step="2"/><T13/><D13/><U20/><E68/><V46/><F46/><W38/><G38/><T63/><REACH who="0" step="1"/><D54/><AGARI ba="0,1" hai="7,8,14,54,56,60,80,81,86,88,94,124,125,126" machi="54" ten="40,5200,0" yaku="1,1,18,1,54,1,53,0" doraHai="121" doraHaiUra="15" who="3" fromWho="0" sc="72,-52,215,0,374,0,329,62" /><INIT seed="6,0,0,5,2,126" ten="20,215,374,391" oya="2" hai0="42,100,30,99,40,117,105,68,14,66,75,127,101" hai1="133,132,4,33,46,26,114,23,80,58,27,12,89" hai2="93,37,95,65,43,63,112,85,24,59,122,50,6" hai3="116,134,107,15,5,0,1,48,92,34,109,120,130"/><V19/><F112/><W96/><G107/><T113/><D42/><U2/><E58/><V88/><F37/><W124/><G34/><T45/><D14/><U74/><E89/><V119/><F119/><W9/><G116/><T118/><D101/><U31/><E80/><N who="2" m="49191" /><F6/><W115/><G109/><T94/><D94/><U131/><E46/><N who="2" m="25951" /><F122/><W54/><G120/><T82/><D113/><U20/><E74/><V104/><F104/><W76/><G124/><T90/><D127/><U86/><E114/><V47/><F47/><W32/><G32/><T61/><D30/><U135/><E33/><V72/><F72/><W83/><G115/><T57/><D57/><U51/><E2/><V29/><F29/><W22/><G134/><T38/><REACH who="0" step="1"/><D90/><REACH who="0" ten="10,215,374,391" step="2"/><U35/><E31/><V16/><F24/><W73/><G15/><T129/><D129/><U103/><E27/><V62/><F63/><W108/><G130/><T21/><D21/><U110/><E131/><V10/><F10/><W25/><G108/><T102/><D102/><U128/><E26/><V98/><F95/><W123/><G22/><T52/><D52/><U111/><E23/><V41/><F41/><W3/><G25/><T84/><D84/><U71/><E20/><V49/><F49/><W78/><G123/><T18/><D18/><U125/><E128/><V87/><F87/><W70/><G3/><T17/><D17/><U55/><E125/><V28/><F28/><W121/><G1/><T97/><D97/><U91/><E132/><V60/><F60/><W39/><G96/><T56/><D56/><U53/><E133/><RYUUKYOKU ba="0,1" sc="10,15,215,-15,374,15,391,-15" hai0="38,40,45,61,66,68,75,82,99,100,105,117,118" hai2="16,19,59,62,65,93,98" /><INIT seed="6,1,1,2,3,21" ten="25,200,389,376" oya="2" hai0="95,126,131,121,78,94,58,84,18,109,4,100,52" hai1="68,53,36,57,46,62,129,17,111,70,124,35,3" hai2="77,47,71,105,27,73,5,102,6,79,89,66,107" hai3="0,56,2,122,28,80,88,120,90,11,16,97,44"/><V1/><F6/><W101/><G2/><T115/><D131/><U99/><E3/><V31/><F89/><W54/><G44/><T86/><D126/><U26/><E111/><V45/><F45/><W112/><G112/><T13/><D115/><U38/><E129/><V51/><F102/><W34/><G80/><T24/><D121/><U50/><E124/><V32/><F79/><W82/><G82/><T7/><D109/><U91/><E35/><V74/><F51/><W114/><G114/><T23/><D78/><U130/><E130/><V128/><F47/><W64/><G64/><T8/><D4/><U119/><E119/><V49/><F49/><W72/><G72/><N who="2" m="27753" /><F77/><W10/><G10/><T22/><D22/><N who="1" m="13647" /><E38/><V98/><F98/><W59/><G59/><T60/><REACH who="0" step="1"/><D94/><REACH who="0" ten="15,200,389,376" step="2"/><N who="1" m="56799" /><E36/><V93/><F93/><W85/><G34/><T87/><D87/><U61/><E70/><V33/><F32/><W103/><G85/><T20/><D20/><U14/><E68/><V9/><F128/><W67/><G120/><T65/><D65/><U15/><E62/><AGARI ba="1,2" hai="1,5,9,27,31,33,62,66,71,105,107" m="27753" machi="62" ten="30,5800,0" yaku="33,2,52,1" doraHai="21" who="2" fromWho="1" sc="15,0,200,-61,389,81,376,0" /><INIT seed="6,2,0,5,5,0" ten="15,139,470,376" oya="2" hai0="13,83,87,54,26,135,69,74,33,17,80,104,128" hai1="39,11,47,59,64,1,125,40,110,62,24,75,43" hai2="99,127,12,7,98,31,95,93,66,53,51,65,121" hai3="100,111,45,132,35,61,27,60,102,89,14,91,113"/><V114/><F114/><W21/><G111/><T52/><D104/><U134/><E110/><V79/><F127/><W107/><G132/><T28/><D69/><U120/><E134/><V92/><F79/><W41/><G113/><T4/><D135/><U94/><E125/><V112/><F31/><W131/><G35/><T71/><D128/><U29/><E75/><V48/><F51/><N who="3" m="27055" /><G107/><T3/><D71/><U129/><E129/><V101/><F121/><W19/><G131/><T63/><D63/><N who="3" m="24137" /><G27/><T9/><D74/><U96/><E120/><V105/><F105/><W2/><G2/><T85/><D85/><U15/><E43/><V122/><F122/><W109/><G109/><T57/><D57/><U46/><E1/><V106/><F106/><W58/><G58/><T10/><REACH who="0" step="1"/><D80/><REACH who="0" ten="5,139,470,376" step="2"/><U77/><E59/><N who="2" m="33191" /><F112/><W103/><AGARI ba="2,1" hai="14,19,21,89,91,100,102,103" m="24137,27055" machi="103" ten="30,1100,0" yaku="8,1" doraHai="0" who="3" fromWho="3" sc="5,-5,139,-5,470,-7,376,27" /><INIT seed="7,0,0,0,3,48" ten="0,134,463,403" oya="3" hai0="132,29,92,110,46,14,47,55,86,98,74,87,108" hai1="26,40,23,94,43,5,80,122,54,37,31,9,30" hai2="3,8,32,57,81,6,71,129,107,45,65,72,113" hai3="38,28,124,106,79,44,130,102,20,131,50,96,34"/><W133/><G38/><T73/><D29/><U119/><E23/><V7/><F6/><W77/><G34/><T88/><D88/><U75/><E94/><V111/><F111/><W59/><G124/><T56/><D132/><U120/><E26/><V25/><F113/><W116/><G133/><T2/><D2/><U83/><E43/><V82/><F81/><W97/><G116/><T70/><D14/><U16/><E40/><V123/><F57/><W41/><G97/><T64/><D64/><U0/><E16/><V49/><F49/><W18/><G28/><T112/><D112/><U52/><E0/><V135/><F45/><N who="0" m="16906" /><D70/><U84/><E30/><N who="2" m="19535" /><F135/><W39/><G130/><T15/><D74/><U17/><E31/><V22/><F22/><W58/><G131/><T63/><D73/><U117/><E75/><V90/><F90/><W10/><G10/><T78/><D15/><U13/><E9/><V91/><F91/><W76/><REACH who="3" step="1"/><G39/><REACH who="3" ten="0,134,463,393" step="2"/><T89/><D78/><U42/><E37/><V35/><F129/><W68/><G68/><T114/><D114/><U125/><E117/><V127/><F127/><W24/><AGARI ba="0,1" hai="18,20,24,41,44,50,58,59,76,77,79,96,102,106" machi="24" ten="30,3000,0" yaku="1,1,0,1,53,0" doraHai="48" doraHaiUra="33" who="3" fromWho="3" sc="0,-10,134,-10,463,-10,393,40" owari="-10,-51.0,124,-28.0,453,56.0,433,23.0" /></mjloggm>