<mjloggm ver="2.3"><GO type="169" lobby="0"/><UN n0="%67%6F%73%68%69%6B%6B%75" n1="%47%E9%9B%80" n2="%E3%83%88%E3%83%88%E3%83%AA%E5%85%88%E7%94%9F%31%39%E6%AD%B3" n3="%6D%75%6B%69%74%74%69" dan="17,16,19,17" rate="2174.68,2186.89,2324.37,2192.01" sx="F,M,F,M"/><TAIKYOKU oya="0"/><INIT seed="0,0,0,4,1,68" ten="250,250,250,250" oya="0" hai0="38,70,42,32,94,117,59,26,54,92,93,116,24" hai1="119,134,34,97,11,39,100,99,22,135,61,83,91" hai2="45,62,1,5,78,80,71,124,46,47,41,85,114" hai3="121,130,3,0,53,128,90,29,63,56,10,122,4"/><T131/><D70/><U104/><E34/><V74/><F114/><W35/><G3/><T9/><D131/><N who="3" m="50217" /><G90/><T76/><D76/><U33/><E33/><V77/><F124/><W55/><G55/><T64/><D64/><U57/><E11/><N who="2" m="2479" /><F85/><W127/><G127/><T36/><D42/><U51/><E51/><V17/><F17/><W118/><G118/><T40/><D40/><U20/><E119/><V89/><F89/><W86/><G86/><T84/><D84/><U123/><E83/><V16/><F16/><W75/><G75/><T102/><D102/><U79/><E79/><V115/><F78/><W88/><G88/><T98/><D98/><U129/><E129/><V112/><F46/><W108/><G108/><T69/><D69/><U120/><E91/><V15/><F47/><W48/><G63/><T49/><D9/><U13/><E13/><V109/><F15/><W66/><G66/><T23/><D116/><U30/><E61/><V72/><F109/><W126/><G126/><T95/><N who="0" m="23552" /><DORA hai="132" /><T25/><D117/><U28/><E57/><V96/><F96/><W18/><G18/><T67/><D67/><U21/><E100/><V107/><F72/><W65/><G65/><T52/><D54/><U6/><E6/><V101/><F62/><W31/><G35/><T2/><D2/><U111/><E20/><V125/><F71/><W37/><G37/><N who="0" m="14443" /><D32/><U7/><E39/><N who="2" m="21695" /><F125/><W133/><G0/><T19/><D52/><U113/><E111/><V103/><F103/><W73/><G53/><T110/><D110/><U12/><E99/><N who="2" m="61887" /><F74/><W43/><G73/><RYUUKYOKU ba="0,0" sc="250,15,250,-15,250,15,250,-15" hai0="19,23,24,25,26,49,59" hai2="77,80,112,115" /><INIT seed="0,1,0,1,5,33" ten="265,235,265,235" oya="0" hai0="28,116,16,118,81,30,96,76,128,34,123,91,6" hai1="77,61,18,44,51,104,32,95,74,71,57,121,19" hai2="135,130,48,106,11,65,39,42,102,12,111,52,103" hai3="27,60,9,99,53,46,68,94,10,17,50,21,49"/><T2/><D123/><U92/><E104/><V80/><F111/><W64/><REACH who="3" step="1"/><G50/><REACH who="3" ten="265,235,265,225" step="2"/><T114/><D114/><U122/><E121/><V47/><F48/><W45/><G45/><T79/><D128/><U35/><E122/><V97/><F47/><W124/><G124/><T13/><D116/><U23/><E44/><V20/><F39/><W131/><G131/><T63/><D118/><U126/><E51/><V105/><F130/><W40/><G40/><T69/><D34/><U72/><E126/><V90/><F42/><W15/><G15/><T82/><D69/><U89/><E71/><V24/><F12/><W87/><G87/><T86/><D63/><U125/><E61/><V1/><F106/><W22/><G22/><T38/><D38/><U55/><E23/><V78/><F20/><W117/><G117/><T98/><D96/><U62/><E62/><V59/><F97/><W115/><G115/><T41/><D41/><U127/><E57/><V112/><F59/><W101/><AGARI ba="1,1" hai="9,10,17,21,27,46,49,53,60,64,68,94,99,101" machi="101" ten="20,8000,1" yaku="21,2,0,1,7,1,53,1" doraHai="33" doraHaiUra="93" who="3" fromWho="3" sc="265,-41,235,-21,265,-21,225,93" /><INIT seed="1,0,0,0,1,100" ten="224,214,244,318" oya="1" hai0="120,107,46,110,72,59,73,64,94,14,78,119,41" hai1="51,33,124,23,95,25,65,126,76,113,19,34,105" hai2="96,0,89,67,1,21,134,18,63,36,2,29,80" hai3="10,28,45,16,77,117,68,70,85,17,112,50,30"/><U133/><E76/><V81/><F36/><W26/><G112/><T52/><D119/><U38/><E38/><V116/><F116/><W43/><G117/><T15/><D110/><U39/><E39/><V53/><F134/><W24/><G70/><T130/><D64/><U5/><E65/><V87/><F29/><N who="3" m="11371" /><G68/><T121/><D130/><U31/><E113/><V9/><F53/><W6/><G6/><T12/><D78/><U128/><E5/><V83/><F9/><W91/><G77/><T60/><D94/><U4/><E4/><V84/><F96/><W114/><G114/><T101/><D46/><U20/><E95/><V40/><F40/><W135/><G135/><T108/><D41/><U58/><E133/><V97/><F97/><W131/><G131/><T75/><REACH who="0" step="1"/><D108/><REACH who="0" ten="214,214,244,318" step="2"/><U69/><E128/><V48/><F67/><W79/><G79/><T132/><D132/><U129/><E129/><V55/><F81/><W42/><G42/><T54/><D54/><N who="1" m="32095" /><E69/><V103/><F83/><W66/><G66/><T62/><D62/><U8/><E34/><V82/><F63/><W109/><G109/><T127/><D127/><N who="1" m="48683" /><E33/><V49/><F55/><W106/><G43/><T37/><D37/><U22/><E31/><V98/><F80/><W35/><G35/><T123/><D123/><U71/><E71/><V61/><F61/><W118/><G118/><T11/><D11/><U44/><E44/><V74/><F82/><W57/><G10/><T27/><D27/><U47/><E47/><V32/><F32/><W99/><G45/><T115/><D115/><U125/><E125/><RYUUKYOKU ba="0,1" sc="214,30,214,-10,244,-10,318,-10" hai0="12,14,15,52,59,60,72,73,75,101,107,120,121" /><INIT seed="2,1,1,3,1,12" ten="244,204,234,308" oya="2" hai0="51,117,69,47,7,8,120,102,85,74,53,63,92" hai1="46,83,116,3,77,29,14,75,111,67,22,110,119" hai2="20,44,49,45,27,124,39,11,70,82,58,103,23" hai3="32,84,61,107,95,113,18,106,66,65,13,36,93"/><V6/><F70/><W71/><G36/><T134/><D74/><U68/><E3/><V128/><F128/><W62/><G32/><T41/><D120/><U24/><E46/><V89/><F124/><W56/><G113/><T86/><D134/><U125/><E125/><V101/><F20/><W108/><G108/><T4/><D117/><U98/><E98/><V54/><F82/><W115/><G115/><T104/><D104/><U114/><E114/><V38/><F89/><W43/><G43/><T105/><D105/><U122/><E122/><V80/><F80/><W60/><G60/><T91/><D102/><U31/><E29/><V99/><F38/><W129/><G129/><T73/><D73/><U0/><E0/><V33/><F33/><W118/><G118/><T78/><D8/><U131/><E131/><V88/><F39/><W10/><REACH who="3" step="1"/><G95/><REACH who="3" ten="244,204,234,298" step="2"/><T100/><D63/><N who="1" m="40063" /><E119/><V87/><F49/><W72/><G72/><T121/><D121/><U26/><E116/><V17/><F54/><W5/><G5/><T55/><D7/><U52/><E52/><V57/><F6/><W40/><G40/><T127/><D4/><U42/><E42/><V25/><F11/><W126/><G126/><T35/><D35/><U9/><E111/><V97/><F23/><W94/><G94/><T34/><D34/><U50/><E50/><V76/><F101/><W135/><G135/><T30/><D127/><U64/><E110/><V81/><F103/><W132/><G132/><T79/><D55/><U96/><E83/><V16/><F81/><W2/><G2/><T15/><D53/><RYUUKYOKU ba="1,2" sc="244,-10,204,-10,234,-10,298,30" hai3="10,13,18,56,61,62,65,66,71,84,93,106,107" /><INIT seed="3,2,2,1,4,83" ten="234,194,224,328" oya="3" hai0="91,85,58,122,133,119,76,64,43,15,71,56,134" hai1="16,69,61,55,57,98,117,41,60,19,112,106,37" hai2="42,84,5,46,96,111,35,74,77,29,100,82,130" hai3="65,103,23,81,131,87,115,38,13,7,36,101,31"/><W63/><G115/><T118/><D122/><U66/><E112/><V51/><F111/><W10/><G131/><T104/><D104/><U3/><E3/><V88/><F130/><W127/><G127/><T114/><D114/><U94/><E106/><V107/><F5/><W22/><G38/><T70/><D76/><U99/><E99/><V30/><F35/><W120/><G36/><T17/><D43/><U125/><E125/><V47/><F47/><W128/><G128/><T50/><D58/><U73/><E73/><V62/><F62/><W6/><G120/><T12/><D12/><U2/><E2/><V27/><F27/><N who="3" m="16887" /><G7/><T68/><D64/><U129/><E129/><V0/><F0/><W109/><G23/><N who="0" m="11711" /><D56/><U93/><E93/><AGARI ba="2,2" hai="29,30,42,46,51,74,77,82,84,88,93,96,100,107" machi="93" ten="30,8000,1" yaku="7,1,24,2,52,1,54,1" doraHai="83" who="2" fromWho="1" sc="234,0,194,-86,224,106,328,0" /><INIT seed="4,0,0,3,3,27" ten="234,108,330,328" oya="0" hai0="90,95,2,109,49,57,133,119,122,40,93,125,80" hai1="73,44,14,86,66,85,103,21,130,15,126,110,11" hai2="1,121,37,45,89,75,46,19,99,59,25,7,18" hai3="50,53,3,113,48,76,94,56,5,106,87,55,34"/><T116/><D2/><U26/><E73/><V74/><F121/><W127/><G106/><T54/><D122/><U108/><E66/><V22/><F1/><W51/><G34/><T32/><D125/><U111/><E126/><V20/><F7/><W101/><G127/><T60/><D133/><U9/><E103/><V105/><F37/><W112/><G3/><T17/><D32/><U41/><E130/><V43/><F59/><W71/><G5/><T114/><D114/><N who="3" m="44137" /><G71/><T42/><D109/><U62/><E62/><V104/><F89/><N who="3" m="53567" /><G101/><T77/><D95/><U67/><E67/><V78/><F99/><W115/><N who="3" m="44145" /><W123/><DORA hai="97" /><G123/><T10/><D60/><U30/><E15/><V31/><F25/><W68/><G68/><T24/><D116/><U28/><E9/><V128/><F43/><W83/><G56/><T98/><D119/><U124/><E124/><V35/><F35/><W96/><G96/><T33/><D33/><U23/><E23/><V88/><F78/><W39/><G39/><T29/><D10/><U63/><E63/><V52/><F88/><W72/><AGARI ba="0,0" hai="48,50,51,53,55,72,76,83" m="53567,44145" machi="72" ten="50,1600,0" yaku="15,1" doraHai="27,97" who="3" fromWho="3" sc="234,-8,108,-4,330,-4,328,16" /><INIT seed="5,0,0,1,4,22" ten="226,104,326,344" oya="1" hai0="40,93,120,97,25,5,108,86,105,79,56,34,118" hai1="0,100,109,111,49,116,64,51,92,87,82,67,7" hai2="127,32,113,60,96,18,62,23,128,65,80,126,115" hai3="81,63,117,37,27,114,54,33,55,69,10,131,39"/><U53/><E116/><V47/><F32/><W52/><G117/><T3/><D108/><N who="1" m="41547" /><E0/><V12/><F128/><W68/><G131/><T101/><D120/><U41/><E41/><V94/><F80/><W75/><G114/><N who="2" m="43529" /><F47/><W129/><G129/><T1/><D5/><U29/><E7/><V24/><F12/><W8/><G75/><T48/><D118/><U43/><E43/><V123/><F123/><W78/><G78/><T2/><D79/><N who="1" m="46559" /><E29/><V133/><F133/><W44/><G81/><T84/><D105/><U76/><E76/><V6/><F6/><W14/><G39/><T46/><REACH who="0" step="1"/><D56/><REACH who="0" ten="216,104,326,344" step="2"/><N who="1" m="32815" /><E51/><V30/><F18/><W11/><G37/><T134/><D134/><U83/><E83/><V19/><F19/><W112/><G112/><T9/><D9/><U26/><E26/><V70/><F62/><W91/><G27/><T16/><D16/><U132/><E132/><V20/><F20/><W124/><G11/><T59/><D59/><U135/><E135/><V102/><AGARI ba="0,1" hai="23,24,30,60,65,70,94,96,102,126,127" m="43529" machi="102" ten="30,4000,0" yaku="15,1,11,1,52,1" doraHai="22" who="2" fromWho="2" sc="216,-10,104,-20,326,50,344,-10" /><INIT seed="6,0,0,0,3,105" ten="206,84,376,334" oya="2" hai0="100,15,31,49,121,127,0,14,119,103,99,111,47" hai1="131,4,9,113,24,78,116,83,97,68,72,44,98" hai2="50,108,129,26,128,36,13,17,8,61,46,12,16" hai3="33,32,28,66,80,74,114,67,59,7,75,43,18"/><V86/><F36/><W29/><G7/><T52/><D0/><U87/><E116/><V126/><F126/><W71/><G71/><T60/><D111/><U115/><E68/><V2/><F2/><W30/><G43/><T57/><D121/><U42/><E24/><V38/><F38/><W120/><G120/><T133/><D133/><U117/><E117/><V82/><F108/><W102/><G102/><T132/><D132/><U79/><E131/><V22/><F61/><W85/><G114/><T84/><D127/><U110/><E110/><V45/><F26/><W1/><G1/><T96/><D31/><U54/><E54/><V70/><F70/><W65/><G18/><T124/><D84/><U118/><E118/><V135/><F135/><W134/><G59/><T20/><D20/><U77/><E9/><V62/><F62/><W21/><G21/><T91/><D91/><U69/><E4/><V48/><F48/><W125/><G125/><T101/><D119/><U56/><E56/><V41/><REACH who="2" step="1"/><F46/><REACH who="2" ten="206,84,366,334" step="2"/><W25/><G134/><T95/><D124/><U122/><E69/><V130/><F130/><W58/><G25/><T81/><D60/><U63/><E63/><V19/><F19/><W90/><REACH who="3" step="1"/><G58/><REACH who="3" ten="206,84,366,324" step="2"/><T51/><D57/><U89/><E122/><V10/><F10/><W109/><G109/><T34/><D49/><N who="1" m="26775" /><E115/><V106/><F106/><W64/><N who="3" m="16896" /><DORA hai="23" /><W93/><G93/><T35/><D95/><N who="1" m="54719" /><E113/><V5/><F5/><W88/><G88/><AGARI ba="0,2" hai="8,12,13,16,17,22,41,45,50,82,86,88,128,129" machi="88" ten="40,12000,1" yaku="1,1,54,2,53,2" doraHai="105,23" doraHaiUra="39,6" who="2" fromWho="3" sc="206,0,84,0,366,140,324,-120" /><INIT seed="6,1,0,4,0,12" ten="206,84,506,204" oya="2" hai0="84,103,89,31,91,135,133,72,98,116,35,123,105" hai1="15,65,71,82,81,27,14,102,5,74,95,64,110" hai2="104,63,107,53,113,2,7,117,34,126,66,124,132" hai3="54,118,36,56,96,101,61,62,86,134,120,49,94"/><V37/><F117/><W111/><G118/><T97/><D35/><U75/><E110/><V131/><F34/><W69/><G111/><T43/><D31/><U70/><E95/><V44/><F113/><W51/><G120/><T29/><D29/><U78/><E5/><V47/><F131/><W1/><G36/><T24/><D24/><U121/><E27/><V76/><F132/><W17/><G1/><T10/><D123/><U21/><E21/><V122/><F122/><W22/><G134/><N who="0" m="51211" /><D43/><U93/><E121/><V85/><F7/><W109/><G109/><T112/><D112/><U4/><E4/><V68/><F2/><W129/><G129/><T16/><D72/><U41/><E93/><V50/><F85/><W11/><G11/><T130/><D130/><U6/><E6/><V100/><F76/><W33/><G33/><T115/><D115/><U39/><E41/><N who="2" m="22575" /><F100/><W67/><REACH who="3" step="1"/><G86/><REACH who="3" ten="206,84,506,194" step="2"/><T128/><D84/><U23/><E39/><V83/><F124/><W9/><G9/><T55/><D10/><U79/><E23/><V40/><F126/><W73/><G73/><T125/><D125/><U20/><E20/><V92/><F104/><W8/><G8/><T32/><D32/><U3/><E3/><V90/><F107/><W127/><G127/><T25/><D128/><U108/><E108/><V26/><F83/><W52/><G52/><T46/><D116/><U18/><E102/><V60/><F53/><W87/><G87/><T45/><D105/><U80/><E82/><V28/><F40/><W42/><G42/><T58/><D103/><U13/><E13/><AGARI ba="1,1" hai="13,17,22,49,51,54,56,61,62,67,69,94,96,101" machi="13" ten="30,8000,1" yaku="1,1,6,1,7,1,52,1,53,1" doraHai="12" doraHaiUra="99" who="3" fromWho="1" sc="206,0,84,-83,506,0,194,93" /><INIT seed="7,0,0,0,4,118" ten="206,1,506,287" oya="3" hai0="28,69,91,85,121,97,46,76,3,9,134,5,0" hai1="96,14,23,17,47,127,107,70,49,31,114,73,60" hai2="48,11,75,131,113,34,43,50,20,115,112,88,56" hai3="124,71,109,80,7,132,110,10,54,102,68,123,98"/><W93/><G123/><T26/><D134/><U8/><E73/><V100/><F34/><W55/><G132/><T77/><D69/><N who="3" m="26697" /><G80/><T32/><D121/><U90/><E114/><V58/><F75/><W82/><G82/><T125/><D125/><U117/><E127/><V27/><F100/><W99/><G99/><T72/><D72/><U18/><E117/><V64/><F88/><N who="3" m="55591" /><G124/><T79/><D46/><U135/><E135/><V16/><F131/><W2/><G102/><T37/><D37/><U103/><E31/><V87/><F87/><W25/><G25/><T86/><D3/><U30/><E30/><V63/><F43/><W119/><G119/><T89/><D97/><U83/><E60/><N who="2" m="37895" /><F11/><W35/><G35/><T24/><D26/><U6/><E70/><V51/><F51/><W57/><G57/><T95/><D79/><U12/><E6/><V39/><F39/><W81/><G81/><AGARI ba="0,0" hai="0,5,9,24,28,32,76,77,81,85,86,89,91,95" machi="81" ten="30,1000,0" yaku="7,1" doraHai="118" who="0" fromWho="3" sc="206,10,1,0,506,0,287,-10" owari="216,-18.0,1,-50.0,506,60.0,277,8.0" /></mjloggm>