<mjloggm ver="2.3"><GO type="169" lobby="0"/><UN n0="%E3%82%A6%E3%83%AB%E3%83%88%E3%83%A9%E7%AB%8B%E7%9B%B4" n1="%E9%9C%9E%E3%83%B6%E4%B8%98%E8%A9%A9%E9%9B%A8" n2="%E3%81%B2%E3%81%90%E3%81%A1" n3="%E4%BB%A3%E6%89%93%E3%81%A1%E3%81%AE%E7%A5%9E%E6%A7%98" dan="17,16,16,17" rate="2188.83,2086.72,2082.95,2193.61" sx="M,F,M,M"/><TAIKYOKU oya="0"/><INIT seed="0,0,0,5,1,97" ten="250,250,250,250" oya="0" hai0="62,51,105,12,49,130,13,94,77,85,45,53,74" hai1="67,27,60,9,128,100,109,76,80,43,113,129,26" hai2="99,20,48,6,115,0,70,56,34,3,65,30,72" hai3="114,111,31,127,7,61,11,119,125,1,83,133,88"/><T68/><D105/><U79/><E109/><V126/><F115/><W123/><G114/><T44/><D130/><N who="1" m="50283" /><E113/><V134/><F126/><N who="3" m="48139" /><G119/><T112/><D112/><U131/><E43/><V58/><F134/><W38/><G38/><T135/><D135/><U75/><E79/><V117/><F117/><W124/><G124/><T82/><D68/><N who="1" m="42087" /><E9/><V101/><F72/><W52/><G133/><T8/><D62/><U42/><E42/><V22/><F70/><W23/><G111/><T121/><D121/><U57/><E57/><V24/><F56/><N who="3" m="34951" /><G123/><T116/><D116/><U54/><E54/><V15/><F65/><W59/><G59/><T71/><D71/><U25/><N who="1" m="50291" /><U33/><DORA hai="37" /><E100/><V118/><F118/><W89/><G83/><T86/><D94/><U28/><AGARI ba="0,0" hai="25,26,27,28,33,75,76,80" m="42087,50291" machi="28" ten="40,1500,0" yaku="19,1" doraHai="97,37" who="1" fromWho="1" sc="250,-7,250,15,250,-4,250,-4" /><INIT seed="1,0,0,4,4,46" ten="243,265,246,246" oya="1" hai0="89,73,44,28,88,32,94,116,95,118,41,134,17" hai1="111,79,15,76,126,112,97,113,119,135,51,48,59" hai2="83,114,56,11,120,4,100,43,8,55,3,49,45" hai3="22,2,0,129,31,103,93,127,66,30,125,85,21"/><U61/><E119/><V74/><F120/><W58/><G66/><T33/><D73/><U86/><E126/><N who="3" m="48138" /><G58/><T117/><D134/><U99/><E135/><V16/><F114/><W37/><G37/><T50/><D17/><U128/><E128/><V133/><F133/><W60/><G60/><T39/><D39/><U24/><E111/><V106/><F106/><W5/><G129/><T105/><D105/><U35/><E112/><V20/><F100/><W104/><G104/><T67/><D67/><U12/><E113/><V27/><F11/><N who="3" m="2471" /><G2/><T80/><D80/><U115/><E115/><V7/><F7/><W72/><G72/><T47/><D28/><N who="3" m="10793" /><G85/><T131/><D131/><U13/><E35/><V14/><F74/><W18/><G18/><T75/><D75/><U36/><E36/><V64/><F64/><W38/><G38/><T132/><D132/><U25/><E79/><V108/><F83/><W19/><G19/><T78/><D78/><U98/><E76/><V29/><F108/><W69/><G69/><T53/><D44/><U52/><E86/><V130/><F130/><W92/><G92/><T62/><D95/><U71/><E71/><V96/><F96/><AGARI ba="0,0" hai="21,22,93,96,103" m="10793,2471,48138" machi="96" ten="30,1000,0" yaku="18,1" doraHai="46" who="3" fromWho="2" sc="243,0,265,0,246,-10,246,10" /><INIT seed="2,0,0,5,5,134" ten="243,265,236,256" oya="2" hai0="7,75,84,4,17,34,111,122,36,117,43,97,19" hai1="39,1,91,30,55,101,45,94,99,22,46,14,113" hai2="2,93,110,87,49,52,67,38,102,88,15,23,41" hai3="81,63,98,74,61,125,89,54,3,135,118,107,58"/><V126/><F2/><W104/><G118/><T51/><D36/><U28/><E113/><V47/><F110/><W71/><G135/><T64/><D75/><U73/><E1/><V65/><F102/><W11/><G74/><T27/><D64/><U66/><E73/><V130/><F130/><W59/><G71/><T127/><D97/><U31/><E66/><V32/><F32/><W8/><G3/><T50/><D84/><U115/><E115/><V0/><F0/><W5/><G5/><T68/><D68/><U120/><E120/><V72/><F72/><W100/><G107/><T33/><D43/><U13/><E39/><V18/><REACH who="2" step="1"/><F126/><REACH who="2" ten="243,265,226,256" step="2"/><W53/><G125/><T108/><D127/><U9/><E101/><V95/><F95/><W112/><G112/><T37/><D122/><U128/><E128/><V20/><F20/><W56/><G100/><T116/><D37/><U96/><E22/><V44/><AGARI ba="0,1" hai="15,18,23,38,41,44,47,49,52,65,67,87,88,93" machi="44" ten="20,12000,1" yaku="1,1,0,1,7,1,54,2,53,0" doraHai="134" doraHaiUra="124" who="2" fromWho="2" sc="243,-40,265,-40,226,130,256,-40" /><INIT seed="2,1,0,4,0,81" ten="203,225,356,216" oya="2" hai0="123,53,75,26,45,7,67,41,25,44,56,3,116" hai1="73,34,29,60,124,20,38,55,114,96,98,85,39" hai2="109,83,62,112,17,31,100,88,30,130,131,76,89" hai3="28,24,107,52,132,82,49,78,16,77,13,37,125"/><V10/><F112/><W110/><G37/><T134/><D75/><U33/><E73/><V32/><F100/><W129/><G107/><T84/><D3/><U64/><E114/><V93/><F109/><W35/><G110/><T65/><D7/><U63/><E124/><V122/><F122/><W9/><G125/><T6/><D6/><U102/><E20/><V4/><F17/><W0/><G129/><N who="2" m="49161" /><F62/><W12/><G0/><T105/><D105/><U19/><E19/><V95/><F95/><W51/><G132/><T127/><D134/><U50/><E64/><V104/><F104/><W126/><G126/><T47/><D127/><U15/><E15/><N who="2" m="5575" /><F32/><W57/><G13/><T91/><D41/><U119/><E29/><N who="2" m="10763" /><F93/><W97/><G97/><T22/><D123/><U46/><E102/><V42/><F42/><W113/><G113/><T120/><D120/><U8/><E33/><V2/><F2/><W71/><G71/><T59/><D116/><U74/><E34/><V90/><F90/><W68/><G68/><T86/><D91/><U87/><E98/><V1/><F1/><W58/><G82/><T108/><D108/><U70/><E96/><V118/><F118/><W66/><G66/><N who="0" m="25099" /><D53/><AGARI ba="1,0" hai="9,12,16,24,28,35,49,51,52,53,57,58,77,78" machi="53" ten="40,5200,0" yaku="9,1,54,2" doraHai="81" who="3" fromWho="0" sc="203,-55,225,0,356,0,216,55" /><INIT seed="3,0,0,5,4,134" ten="148,225,356,271" oya="3" hai0="7,3,10,21,28,92,122,103,56,117,62,61,111" hai1="29,51,116,91,79,80,108,88,107,68,66,78,37" hai2="133,2,124,35,105,58,76,18,86,16,13,59,25" hai3="64,9,110,101,120,49,73,11,50,41,53,54,83"/><W63/><G120/><T114/><D122/><U38/><E108/><V85/><F105/><W1/><G110/><T67/><D111/><U129/><E107/><V106/><F106/><W74/><G41/><T125/><D117/><U19/><E129/><V127/><F133/><W15/><G101/><T81/><D114/><U44/><E116/><V22/><F2/><W0/><G63/><T119/><D119/><U115/><E115/><V55/><F58/><W45/><G64/><T4/><D4/><U131/><E131/><V126/><F76/><W17/><G11/><T31/><D81/><U40/><E29/><N who="2" m="19887" /><F18/><W32/><G32/><T132/><D132/><U90/><E19/><V123/><F123/><W46/><REACH who="3" step="1"/><G83/><REACH who="3" ten="148,225,356,261" step="2"/><T24/><D62/><AGARI ba="0,1" hai="13,16,22,55,59,62,85,86,124,126,127" m="19887" machi="62" ten="30,8000,1" yaku="18,1,52,3,54,1" doraHai="134" who="2" fromWho="0" sc="148,-80,225,0,356,90,261,0" /><INIT seed="4,0,0,1,5,1" ten="68,225,446,261" oya="0" hai0="16,55,92,6,15,132,38,98,29,49,95,94,33" hai1="111,45,12,51,86,21,28,23,61,58,46,102,32" hai2="97,57,125,60,108,62,52,128,120,114,39,34,115" hai3="69,68,84,129,73,88,7,124,43,5,44,70,31"/><T9/><D38/><U85/><E111/><V59/><F34/><W89/><G73/><T20/><D132/><U78/><E32/><V48/><F108/><W121/><G31/><T99/><D29/><U22/><E28/><V71/><F97/><W110/><G110/><T135/><D33/><U14/><E102/><V105/><F105/><W126/><G121/><T96/><D135/><U112/><E112/><N who="2" m="43051" /><F120/><W74/><G74/><T104/><D104/><U4/><E78/><V8/><F128/><W116/><G116/><T107/><D107/><U75/><E75/><V113/><F8/><W117/><G117/><T63/><D63/><U13/><E4/><N who="3" m="1610" /><G84/><N who="1" m="32362" /><E51/><V72/><F72/><W67/><G67/><AGARI ba="0,0" hai="12,13,14,21,22,23,45,46,58,61,67" m="32362" machi="67" ten="30,1000,0" yaku="8,1" doraHai="1" who="1" fromWho="3" sc="68,0,225,10,446,0,261,-10" /><INIT seed="5,0,0,3,0,64" ten="68,235,446,251" oya="1" hai0="6,95,83,98,132,124,86,36,114,63,33,2,53" hai1="102,8,117,106,126,115,47,28,21,123,52,13,93" hai2="110,49,78,38,120,97,133,15,41,37,104,60,70" hai3="88,108,48,105,58,103,23,55,3,69,12,29,82"/><U24/><E117/><V112/><F120/><W39/><G3/><T67/><D33/><U42/><E123/><V92/><F110/><W74/><G108/><T71/><D36/><U94/><E126/><V131/><F104/><W130/><G39/><T4/><D124/><U122/><E115/><V101/><F112/><W50/><G130/><T89/><D114/><U40/><E122/><V121/><F121/><W27/><G69/><T7/><D132/><U1/><E1/><V34/><F34/><W73/><G105/><T96/><D2/><U77/><E77/><V18/><F131/><W0/><G103/><T113/><D113/><U125/><E125/><V61/><F133/><W59/><G0/><T76/><REACH who="0" step="1"/><D53/><REACH who="0" ten="58,235,446,251" step="2"/><U30/><E52/><V22/><F38/><W109/><G109/><T62/><D62/><U44/><E42/><V11/><F37/><W25/><G55/><T5/><N who="0" m="1024" /><DORA hai="87" /><T107/><D107/><U31/><E40/><V118/><F60/><W43/><G43/><T81/><D81/><U90/><E106/><V84/><F61/><W127/><G82/><T26/><D26/><U80/><E80/><V9/><F41/><W16/><G127/><T134/><D134/><U99/><E24/><V116/><F116/><W14/><G27/><T111/><D111/><U19/><E8/><V54/><F9/><W56/><G25/><T17/><D17/><U129/><E129/><V32/><F18/><W10/><G10/><T20/><D20/><U68/><REACH who="1" step="1"/><E68/><REACH who="1" ten="58,225,446,251" step="2"/><V85/><F70/><W135/><G135/><T128/><D128/><U46/><E46/><RYUUKYOKU ba="0,2" sc="58,15,225,15,446,-15,251,-15" hai0="63,67,71,76,83,86,89,95,96,98" hai1="13,19,21,28,30,31,44,47,90,93,94,99,102" /><INIT seed="5,1,2,5,0,116" ten="73,240,431,236" oya="1" hai0="113,85,62,122,70,88,65,125,73,109,114,121,133" hai1="49,60,131,107,58,46,0,98,11,118,25,42,33" hai2="66,117,10,32,76,39,54,24,130,22,128,92,8" hai3="100,18,80,101,17,2,72,115,134,4,15,71,105"/><U106/><E118/><V68/><F117/><W120/><G71/><T44/><D73/><U83/><E131/><N who="2" m="50219" /><F32/><W78/><G115/><N who="0" m="44043" /><D109/><U93/><E83/><V3/><F39/><W27/><G134/><T75/><D75/><U59/><E59/><V110/><F110/><W90/><G105/><T132/><D125/><U30/><E11/><V14/><F76/><W19/><G2/><T135/><D44/><U23/><E0/><V1/><F54/><W95/><G120/><N who="0" m="46187" /><D85/><U13/><E13/><V51/><F14/><W127/><G127/><T67/><D88/><U91/><E33/><V28/><F1/><W29/><G90/><T7/><D7/><U87/><E87/><V16/><F3/><W57/><G4/><T111/><D111/><U112/><E112/><V103/><F103/><W89/><G100/><T55/><D55/><AGARI ba="1,2" hai="23,25,30,42,46,49,55,58,60,91,93,98,106,107" machi="55" ten="30,1500,0" yaku="7,1" doraHai="116" who="1" fromWho="0" sc="73,-18,240,38,431,0,236,0" /><INIT seed="5,2,0,4,1,40" ten="55,278,431,236" oya="1" hai0="129,33,50,74,19,53,95,131,76,92,105,80,133" hai1="111,90,109,43,124,82,29,84,99,15,130,45,119" hai2="24,35,116,89,38,91,77,2,120,106,94,121,47" hai3="9,25,101,103,70,41,72,87,39,22,112,58,69"/><U1/><E119/><V18/><F2/><W7/><G72/><T3/><D33/><U63/><E124/><V132/><F116/><W6/><G112/><T85/><D3/><U12/><E1/><V44/><F106/><W27/><G58/><T11/><D105/><U46/><E130/><V61/><F132/><W125/><G87/><T104/><D104/><U8/><E29/><V54/><F77/><W66/><G125/><T57/><D133/><U134/><E134/><V107/><F107/><W23/><G41/><T123/><D123/><U62/><E99/><V118/><F118/><W102/><G39/><T68/><D68/><N who="3" m="26217" /><G66/><T83/><D11/><U86/><E43/><V71/><F71/><W88/><G88/><N who="0" m="51263" /><D19/><U13/><E90/><V0/><F0/><W28/><G9/><T20/><D20/><N who="3" m="7721" /><G28/><T26/><D26/><AGARI ba="2,0" hai="6,7,25,26,27,101,102,103" m="7721,26217" machi="26" ten="40,2600,0" yaku="28,2" doraHai="40" who="3" fromWho="0" sc="55,-32,278,0,431,0,236,32" /><INIT seed="6,0,0,5,2,10" ten="23,278,431,268" oya="2" hai0="28,101,67,35,75,1,95,108,64,17,97,66,54" hai1="73,34,33,124,130,19,12,126,55,77,120,70,49" hai2="8,30,56,118,11,60,121,82,5,134,25,84,107" hai3="31,128,16,127,68,44,116,91,6,94,86,78,76"/><V69/><F118/><W52/><G68/><T135/><D135/><U81/><E70/><V47/><F107/><W111/><G111/><T61/><D108/><U131/><E120/><V100/><F69/><W42/><G116/><T110/><D110/><U112/><E112/><V2/><F121/><W113/><G113/><T85/><D75/><U83/><E83/><V129/><F100/><W98/><G6/><T32/><D1/><U123/><E123/><V14/><F47/><W79/><G31/><T133/><D133/><U3/><E3/><V80/><F134/><W15/><G127/><N who="1" m="48682" /><E55/><V18/><F129/><N who="1" m="49161" /><E49/><V59/><F60/><W103/><G128/><T89/><D28/><U74/><E74/><V125/><F80/><N who="3" m="49607" /><G42/><T46/><D17/><U48/><E48/><V23/><REACH who="2" step="1"/><F125/><REACH who="2" ten="23,278,421,268" step="2"/><W21/><G44/><T40/><D61/><U27/><E27/><V122/><F122/><W102/><G52/><T39/><REACH who="0" step="1"/><D54/><REACH who="0" ten="13,278,421,268" step="2"/><U65/><E65/><V90/><AGARI ba="0,2" hai="2,5,8,11,14,18,23,25,30,56,59,82,84,90" machi="90" ten="20,7800,0" yaku="1,1,0,1,7,1,52,1,53,0" doraHai="10" doraHaiUra="109" who="2" fromWho="2" sc="13,-26,278,-26,421,98,268,-26" owari="-13,-51.0,252,5.0,519,62.0,242,-16.0" /></mjloggm>