<mjloggm ver="2.3"><GO type="169" lobby="0"/><UN n0="%E3%82%B7%E3%83%A3%E3%83%BC%E3%83%AA%E3%83%97%E3%83%88%E3%83%A9" n1="%73%65%69%6C" n2="%E3%81%86%E3%81%91%E3%81%AA%E3%81%8C%E3%81%99%E3%81%9C" n3="%E3%83%88%E3%83%88%E3%83%AA%E5%85%88%E7%94%9F%31%39%E6%AD%B3" dan="17,17,17,17" rate="2196.60,2168.49,2195.38,2182.15" sx="M,M,F,F"/><TAIKYOKU oya="0"/><INIT seed="0,0,0,0,0,120" ten="250,250,250,250" oya="0" hai0="17,11,53,87,92,47,78,89,104,25,97,8,0" hai1="9,68,106,99,57,50,114,34,121,128,96,131,102" hai2="30,29,83,41,95,135,113,51,124,39,38,59,22" hai3="134,77,122,3,115,60,126,5,26,133,36,85,110"/><T91/><D104/><U109/><E121/><V48/><F113/><W12/><G122/><T65/><D78/><U75/><E68/><V10/><F135/><W54/><G115/><T101/><D65/><U130/><E114/><V23/><F41/><W14/><G36/><T21/><D0/><U79/><E34/><V35/><F10/><N who="3" m="2367" /><G126/><T62/><D47/><U88/><E9/><V18/><F18/><W73/><G73/><T32/><D32/><U40/><E40/><V19/><F19/><W132/><G26/><T103/><D103/><U69/><E69/><V94/><F35/><W84/><G60/><T45/><D101/><U76/><E75/><V111/><F124/><W105/><G54/><T74/><D74/><U90/><E57/><V1/><F59/><W67/><G67/><T13/><D13/><N who="3" m="5225" /><G105/><T37/><D37/><U61/><E50/><V98/><F1/><W58/><G58/><N who="0" m="35151" /><D45/><U4/><E61/><V116/><F39/><W82/><G85/><T107/><D107/><U56/><E56/><V16/><F38/><W15/><G15/><T93/><AGARI ba="0,0" hai="8,11,17,21,25,87,89,91,92,93,97" m="35151" machi="93" ten="30,3000,0" yaku="25,1,8,1" doraHai="120" who="0" fromWho="0" sc="250,30,250,-10,250,-10,250,-10" /><INIT seed="0,1,0,3,2,41" ten="280,240,240,240" oya="0" hai0="45,84,70,129,14,99,56,122,114,116,42,47,110" hai1="133,26,65,52,19,11,105,61,63,5,10,29,126" hai2="101,44,120,49,104,119,16,108,15,23,95,109,37" hai3="107,60,27,134,9,85,17,89,112,35,33,94,79"/><T93/><D70/><U53/><E126/><V68/><F120/><W113/><G107/><T66/><D114/><U103/><E133/><V54/><F119/><W31/><G134/><T30/><D122/><U96/><E19/><V58/><F68/><W123/><G123/><T3/><D3/><U51/><E5/><V118/><F118/><W90/><G35/><T0/><D0/><U115/><E115/><V38/><F104/><W87/><G79/><T128/><D116/><U34/><E53/><V7/><F7/><W92/><REACH who="3" step="1"/><G60/><REACH who="3" ten="280,240,240,230" step="2"/><N who="0" m="38151" /><D110/><N who="2" m="42602" /><F58/><W71/><G71/><T88/><D42/><U1/><E63/><V4/><F4/><W55/><G55/><T67/><D67/><U81/><E1/><V39/><F39/><W125/><G125/><T40/><D40/><U6/><E6/><V2/><F2/><W28/><G28/><T83/><D30/><U20/><E34/><V77/><F77/><W57/><G57/><T121/><D121/><U131/><E29/><V12/><F38/><W91/><G91/><N who="0" m="51615" /><D14/><AGARI ba="1,1" hai="9,14,17,27,31,33,85,87,89,90,92,94,112,113" machi="14" ten="40,2600,0" yaku="1,1,9,1,53,0" doraHai="41" doraHaiUra="132" who="3" fromWho="0" sc="280,-29,240,0,240,0,230,39" /><INIT seed="1,0,0,0,5,39" ten="251,240,240,269" oya="1" hai0="97,29,30,134,18,107,115,80,4,47,2,135,128" hai1="37,77,125,90,38,6,70,66,110,83,60,82,8" hai2="11,48,114,92,19,75,0,130,52,94,49,33,62" hai3="100,121,23,81,21,53,118,41,58,103,111,44,63"/><U123/><E123/><V35/><F75/><W26/><G121/><T15/><D115/><U127/><E110/><V131/><F114/><W57/><G111/><T108/><D108/><U9/><E90/><V105/><F105/><W113/><G113/><T120/><D4/><U87/><E82/><V104/><F104/><W78/><G58/><T16/><D18/><U129/><E129/><V101/><F62/><W109/><G118/><T3/><D80/><U86/><E86/><V46/><F0/><N who="0" m="42" /><D120/><U71/><E71/><V59/><F35/><W122/><G122/><T61/><D61/><U5/><E5/><V126/><F33/><W28/><G21/><N who="0" m="11423" /><D47/><U99/><E99/><V25/><F101/><W55/><G55/><T95/><D107/><U45/><E9/><V67/><F67/><W74/><REACH who="3" step="1"/><G109/><REACH who="3" ten="251,240,240,259" step="2"/><T65/><D65/><U116/><E116/><V93/><F131/><W133/><G133/><N who="0" m="50699" /><D128/><U132/><E132/><V106/><F130/><W89/><G89/><AGARI ba="0,1" hai="29,30,89,95,97" m="50699,11423,42" machi="89" ten="30,2000,0" yaku="20,1,54,1" doraHai="39" who="0" fromWho="3" sc="251,30,240,0,240,0,259,-20" /><INIT seed="2,0,0,0,2,105" ten="281,240,240,239" oya="2" hai0="8,21,52,84,48,126,99,74,81,9,115,82,61" hai1="86,113,134,85,73,72,44,57,3,39,118,123,79" hai2="71,117,69,100,75,111,42,90,19,46,6,97,76" hai3="12,91,50,70,62,125,65,93,114,130,43,26,32"/><V94/><F117/><W89/><G130/><T37/><D37/><U58/><E118/><V35/><F19/><W124/><G114/><T107/><D115/><U59/><E113/><V60/><F111/><W88/><G12/><T98/><D126/><N who="3" m="48745" /><G43/><T53/><D21/><U109/><E109/><V112/><F112/><W18/><G50/><T119/><D107/><U120/><E3/><V77/><F35/><W63/><G63/><T135/><D74/><N who="1" m="28779" /><E79/><V54/><F6/><W92/><G32/><T20/><D20/><AGARI ba="0,0" hai="18,20,26,62,65,70,88,89,91,92,93" m="48745" machi="20" ten="30,2000,0" yaku="18,1,54,1" doraHai="105" who="3" fromWho="0" sc="281,-20,240,0,240,0,239,20" /><INIT seed="3,0,0,0,3,40" ten="261,240,240,259" oya="3" hai0="13,125,43,10,88,55,111,108,36,22,34,75,58" hai1="114,130,91,94,68,31,80,4,46,93,24,44,134" hai2="99,128,98,131,48,51,120,76,27,133,60,14,92" hai3="3,0,78,9,107,12,19,39,96,113,49,37,121"/><W118/><G113/><T56/><D75/><U116/><E114/><V65/><F120/><W25/><G118/><T23/><D34/><U87/><E116/><V63/><F133/><W79/><G121/><T7/><D125/><U72/><E134/><V35/><F76/><W29/><G78/><T89/><D58/><U70/><E130/><V105/><F14/><W127/><G127/><T71/><D71/><U122/><E4/><V81/><F81/><W8/><G79/><T6/><D6/><U69/><E122/><V77/><F77/><W16/><G19/><T59/><D59/><U95/><REACH who="1" step="1"/><E72/><REACH who="1" ten="261,230,240,259" step="2"/><V20/><F131/><W110/><G110/><T32/><D111/><U21/><AGARI ba="0,1" hai="21,24,31,44,46,68,69,70,80,87,91,93,94,95" machi="21" ten="40,8000,1" yaku="1,1,2,1,0,1,52,2,53,0" doraHai="40" doraHaiUra="57" who="1" fromWho="1" sc="261,-20,230,90,240,-20,259,-40" /><INIT seed="4,0,0,3,5,124" ten="241,320,220,219" oya="0" hai0="6,101,81,105,48,1,19,45,107,36,49,86,14" hai1="97,15,10,44,96,133,59,33,34,53,75,99,120" hai2="71,67,90,127,114,113,64,9,42,80,89,131,57" hai3="129,69,106,93,74,28,87,76,85,63,38,68,117"/><T83/><D36/><U30/><E120/><V130/><F127/><W50/><G38/><T73/><D1/><U128/><E75/><V2/><F71/><W18/><G106/><T79/><D6/><U20/><E44/><V82/><F9/><W60/><G28/><T91/><D101/><U134/><E20/><V52/><F2/><W8/><G50/><T109/><D49/><N who="1" m="31151" /><E128/><N who="2" m="49195" /><F42/><W103/><G8/><T31/><D31/><U108/><E30/><V58/><F58/><W4/><G68/><T61/><D61/><U46/><E46/><V32/><F32/><W72/><G63/><T12/><D12/><U95/><E34/><V100/><F100/><W104/><G60/><T66/><D66/><N who="2" m="25130" /><F52/><W70/><G103/><T102/><D102/><N who="1" m="60703" /><E33/><V43/><F57/><W11/><G129/><T121/><D121/><U110/><E108/><V51/><F51/><W116/><G11/><N who="0" m="6623" /><D109/><U21/><E110/><V88/><F43/><W132/><G69/><T35/><D35/><U5/><E21/><V98/><F98/><W27/><G70/><T47/><D47/><U40/><E40/><V135/><F135/><AGARI ba="0,0" hai="5,10,15,97,99,133,134,135" m="60703,31151" machi="135" ten="30,1000,0" yaku="20,1" doraHai="124" who="1" fromWho="2" sc="241,0,320,10,220,-10,219,0" /><INIT seed="5,0,0,2,4,66" ten="241,330,210,219" oya="1" hai0="124,46,99,95,59,56,5,128,26,100,4,57,45" hai1="30,39,114,14,112,62,94,81,38,74,51,111,115" hai2="76,47,126,6,86,29,64,11,131,93,106,119,133" hai3="129,60,27,68,132,41,22,19,28,70,49,25,21"/><U73/><E111/><V34/><F119/><W135/><G60/><T121/><D124/><U120/><E120/><V84/><F106/><W44/><REACH who="3" step="1"/><G129/><REACH who="3" ten="241,330,210,209" step="2"/><T97/><D128/><U91/><E62/><V2/><F131/><W54/><G54/><T50/><D121/><U125/><E114/><V7/><F126/><W104/><G104/><T36/><D36/><U105/><E115/><V130/><F130/><W92/><G92/><T88/><D26/><U87/><E105/><V17/><F64/><W53/><G53/><T98/><D50/><U107/><E107/><V55/><F55/><W12/><G12/><T80/><D80/><U1/><E14/><V109/><F93/><W16/><G16/><T65/><D65/><U52/><E94/><V42/><F109/><W33/><G33/><T90/><D100/><U71/><E112/><V82/><F17/><W35/><G35/><T72/><D72/><U43/><E125/><V67/><F67/><W127/><G127/><T103/><D103/><U32/><E74/><V37/><F7/><N who="0" m="2634" /><D95/><U101/><E73/><V116/><F116/><W77/><G77/><T15/><D15/><U69/><E39/><V78/><F76/><W83/><G83/><T63/><D63/><U79/><E79/><V102/><F102/><W31/><G31/><T123/><D123/><U0/><E101/><V20/><F34/><W18/><G18/><T24/><D24/><U134/><E38/><V40/><F40/><W3/><G3/><T118/><D118/><U113/><E0/><V117/><F117/><W122/><G122/><T75/><D75/><RYUUKYOKU ba="0,1" sc="241,15,330,-15,210,-15,209,15" hai0="45,46,56,57,59,88,90,97,98,99" hai3="19,21,22,25,27,28,41,44,49,68,70,132,135" /><INIT seed="6,1,1,1,4,71" ten="256,315,195,224" oya="2" hai0="135,99,40,14,36,93,24,110,23,96,41,134,56" hai1="92,35,120,46,57,32,27,97,22,28,66,112,89" hai2="88,114,116,54,115,68,58,59,102,20,63,105,1" hai3="108,72,103,0,87,34,9,51,52,132,39,111,81"/><V15/><F116/><W76/><G34/><T13/><D110/><U69/><E120/><V47/><F1/><W26/><G132/><N who="0" m="50731" /><D56/><U11/><E69/><V85/><F68/><W82/><G26/><T18/><D99/><U67/><E112/><N who="2" m="43051" /><F105/><W31/><G39/><T100/><D36/><U37/><E11/><V61/><F102/><W128/><G31/><N who="0" m="17823" /><D13/><U113/><E113/><V49/><F59/><W25/><G25/><T74/><D74/><U5/><E57/><V50/><F15/><W75/><G103/><T55/><D55/><U77/><E66/><V43/><F20/><AGARI ba="1,1" hai="14,18,20,40,41,93,96,100" m="17823,50731" machi="20" ten="30,1000,0" yaku="20,1" doraHai="71" who="0" fromWho="2" sc="256,23,315,0,195,-13,224,0" /><INIT seed="7,0,0,5,2,61" ten="279,315,182,224" oya="3" hai0="78,58,66,120,79,26,16,3,76,90,6,12,43" hai1="8,115,116,80,41,70,56,110,107,34,85,39,57" hai2="95,35,18,88,29,100,68,123,33,114,119,117,113" hai3="15,65,51,126,24,40,87,131,98,92,128,2,36"/><W4/><G36/><T22/><D120/><U42/><E110/><V72/><F72/><W133/><G2/><T19/><D43/><U46/><E70/><V67/><F123/><W25/><G87/><T54/><D3/><U125/><E107/><V93/><F18/><W11/><G133/><T102/><D102/><U47/><E115/><N who="2" m="44043" /><F100/><N who="3" m="60487" /><G126/><T0/><D0/><U109/><E109/><V73/><F95/><W53/><G40/><T38/><D38/><U48/><E34/><N who="2" m="12811" /><F73/><W69/><G51/><T132/><D132/><U129/><E125/><V37/><F29/><W122/><G53/><T84/><D6/><U31/><E31/><V89/><F37/><W104/><G104/><T112/><D112/><U49/><E39/><V30/><F30/><W130/><G122/><T101/><D101/><U103/><E103/><V13/><F13/><W96/><G96/><T77/><D77/><U52/><E42/><V121/><F121/><W1/><G1/><T23/><D54/><U7/><E41/><V10/><F10/><W106/><G106/><T99/><D99/><U97/><E97/><N who="2" m="57511" /><F89/><W105/><G105/><T27/><D12/><U5/><E8/><V108/><F108/><W124/><G124/><T135/><D135/><U71/><E5/><V74/><F74/><W75/><G75/><T17/><D17/><U82/><E7/><V91/><F91/><W63/><AGARI ba="0,0" hai="4,11,15,24,25,63,65,69,128,130,131" m="60487" machi="63" ten="40,3900,0" yaku="19,1,52,1" doraHai="61" who="3" fromWho="3" sc="279,-13,315,-13,182,-13,224,39" /><INIT seed="7,1,0,4,4,123" ten="266,302,169,263" oya="3" hai0="9,7,54,125,110,101,62,58,18,49,47,95,135" hai1="61,76,92,13,5,53,103,97,72,77,114,56,57" hai2="129,23,20,88,21,27,116,68,25,122,12,69,43" hai3="102,65,39,15,134,29,35,24,17,44,78,73,85"/><W28/><G73/><T84/><D125/><U33/><E33/><V50/><F116/><W75/><G75/><T86/><D135/><U19/><E114/><V91/><F122/><W32/><G134/><T82/><D110/><U66/><E5/><V8/><F43/><W113/><G113/><T40/><D18/><U109/><E72/><V133/><F133/><W46/><G39/><T118/><D118/><U51/><E109/><V67/><F50/><W41/><G41/><T26/><D26/><U130/><E130/><V64/><F23/><AGARI ba="1,0" hai="13,19,23,51,53,56,57,61,66,76,77,92,97,103" machi="23" ten="30,2000,0" yaku="7,1,8,1" doraHai="123" who="1" fromWho="2" sc="266,0,302,23,169,-23,263,0" owari="266,7.0,325,42.0,146,-35.0,263,-14.0" /></mjloggm>