<mjloggm ver="2.3"><GO type="169" lobby="0"/><UN n0="%E3%83%96%E3%83%AB%E3%83%96%E3%83%AB%E3%83%8F%E3%83%BC%E3%83%84" n1="%E3%82%A6%E3%83%AB%E3%83%88%E3%83%A9%E7%AB%8B%E7%9B%B4" n2="%E5%AE%AE%E6%B0%B8%E7%85%A7%28%E4%BB%A3%E7%90%86%29" n3="%55%4E%4B%4F%63%68%61%6E" dan="16,18,16,17" rate="2099.13,2275.91,2159.13,2177.88" sx="M,M,M,M"/><TAIKYOKU oya="0"/><INIT seed="0,0,0,0,4,93" ten="250,250,250,250" oya="0" hai0="7,3,91,37,26,62,100,80,89,17,33,83,10" hai1="102,39,52,49,42,84,45,119,61,40,135,131,117" hai2="99,98,108,130,15,48,43,13,46,6,81,126,41" hai3="44,77,22,23,12,88,86,95,68,4,72,127,24"/><T96/><D37/><U109/><E84/><V113/><F108/><W134/><G68/><T63/><D63/><U64/><E102/><V92/><F130/><W104/><G134/><T56/><D83/><U20/><E20/><V67/><F126/><W66/><G127/><T65/><D80/><U14/><E14/><N who="2" m="5131" /><F113/><W94/><G104/><T74/><D74/><U50/><E109/><V82/><F6/><W101/><G66/><T78/><D78/><U112/><E135/><V116/><F116/><W105/><G105/><T97/><D17/><U123/><E123/><V25/><F67/><W0/><G0/><T53/><D65/><U57/><E131/><V59/><F59/><W29/><G72/><T121/><D121/><U54/><E112/><V38/><F38/><W69/><G69/><T73/><D73/><U31/><E31/><V133/><F25/><W76/><G44/><T35/><D35/><U21/><E21/><V19/><F19/><N who="3" m="10599" /><G4/><T122/><D122/><U75/><E75/><V5/><F5/><W28/><G28/><T58/><D58/><N who="1" m="33047" /><E42/><N who="2" m="15883" /><F133/><W87/><G87/><T79/><D79/><U16/><E16/><V36/><F36/><W124/><G124/><T51/><D33/><U71/><AGARI ba="0,0" hai="39,40,45,49,54,57,61,64,71,117,119" m="33047" machi="71" ten="30,7900,0" yaku="24,1,34,2,54,1" doraHai="93" who="1" fromWho="1" sc="250,-39,250,79,250,-20,250,-20" /><INIT seed="1,0,0,5,0,98" ten="211,329,230,230" oya="1" hai0="83,18,48,2,97,49,79,67,100,111,64,87,133" hai1="103,40,120,96,30,106,37,89,53,99,114,75,123" hai2="12,60,101,55,63,130,38,126,1,88,107,50,16" hai3="24,92,134,105,76,23,35,84,61,28,115,66,81"/><U46/><E114/><V128/><F1/><W7/><G115/><T78/><D2/><U116/><E116/><V125/><F38/><W29/><G134/><T54/><D111/><U9/><E75/><V56/><F88/><W47/><G105/><T86/><D133/><U33/><E9/><N who="2" m="6159" /><F101/><W52/><G7/><T62/><D18/><U90/><E53/><N who="2" m="33807" /><F63/><W32/><G92/><T26/><D26/><U0/><E0/><V71/><F71/><W129/><G129/><N who="2" m="49769" /><F107/><W121/><G121/><T108/><D108/><U104/><E90/><V13/><F13/><W43/><G28/><T45/><D48/><U72/><E72/><V5/><F5/><W20/><G35/><T135/><D135/><U122/><E89/><V6/><F6/><W73/><G73/><T27/><D27/><N who="1" m="18655" /><E123/><V131/><N who="2" m="49777" /><V34/><DORA hai="8" /><F34/><W70/><REACH who="3" step="1"/><G52/><REACH who="3" ten="211,329,230,220" step="2"/><T119/><D119/><U14/><E122/><V85/><F85/><W17/><G17/><T102/><D87/><U69/><E120/><V94/><F94/><W4/><G4/><T11/><D86/><U124/><E106/><V10/><F10/><W19/><G19/><T51/><D54/><U118/><E104/><V3/><F3/><W132/><G132/><T77/><D11/><U42/><E118/><V31/><F31/><W127/><G127/><T57/><D83/><U39/><E124/><V41/><F41/><W65/><G65/><T117/><D67/><U44/><E42/><V74/><F74/><W113/><G113/><T22/><D64/><U95/><E40/><V36/><F36/><AGARI ba="0,1" hai="20,23,24,29,32,36,43,47,61,66,70,76,81,84" machi="36" ten="30,3900,0" yaku="1,1,7,1,53,1" doraHai="98,8" doraHaiUra="110,80" who="3" fromWho="2" sc="211,0,329,0,230,-39,220,49" /><INIT seed="2,0,0,2,3,56" ten="211,329,191,269" oya="2" hai0="126,22,109,66,3,20,17,116,6,98,135,71,30" hai1="65,97,61,85,108,91,54,125,34,83,59,2,130" hai2="35,107,90,133,96,120,131,115,63,27,28,43,16" hai3="119,26,105,39,128,95,18,101,45,50,82,69,92"/><V117/><F115/><W104/><G119/><T134/><D116/><U78/><E2/><V60/><F120/><W118/><G118/><T73/><D73/><U42/><E34/><V12/><F117/><W7/><G39/><T67/><D109/><U40/><E108/><V21/><F131/><W19/><G7/><T94/><D30/><U52/><E125/><V122/><F122/><W75/><G69/><T121/><D121/><U4/><E4/><V33/><F133/><W114/><G95/><T29/><D29/><U24/><E24/><V84/><F33/><W36/><G36/><T15/><D126/><U44/><E130/><V51/><F96/><W37/><G37/><T10/><D20/><U93/><E40/><V57/><F107/><W111/><G104/><T62/><REACH who="0" step="1"/><D67/><REACH who="0" ten="201,329,191,269" step="2"/><U5/><E5/><V79/><F79/><W132/><G128/><T124/><D124/><U25/><E25/><V41/><F51/><AGARI ba="0,1" hai="42,44,51,52,54,59,61,65,78,83,85,91,93,97" machi="51" ten="30,7700,0" yaku="7,1,8,1,52,1,54,1" doraHai="56" who="1" fromWho="2" sc="201,0,329,87,191,-77,269,0" /><INIT seed="3,0,0,1,2,92" ten="201,416,114,269" oya="3" hai0="112,6,97,25,73,34,40,77,1,133,113,24,42" hai1="76,53,94,16,29,35,120,23,57,72,55,118,32" hai2="71,3,114,125,126,20,131,67,79,60,132,44,50" hai3="47,48,75,74,12,51,7,10,65,56,128,58,0"/><W80/><G128/><T111/><D111/><U59/><E120/><V106/><F114/><N who="0" m="44138" /><D133/><U4/><E4/><V49/><F3/><W37/><G65/><T52/><D77/><U110/><E29/><V117/><F132/><W82/><G37/><T43/><D73/><U33/><E76/><V14/><F117/><W18/><G74/><T108/><D6/><U68/><E68/><V28/><F131/><W63/><G75/><T15/><D15/><U119/><E72/><V45/><F79/><W66/><G56/><N who="1" m="21578" /><E94/><V54/><F106/><W64/><G64/><T30/><D24/><N who="1" m="14439" /><E110/><V86/><F86/><W19/><G48/><T84/><D84/><U22/><E22/><V69/><F14/><W17/><REACH who="3" step="1"/><G0/><REACH who="3" ten="201,416,114,259" step="2"/><T5/><D1/><U31/><E118/><V83/><F69/><W107/><G107/><T13/><D108/><U130/><E119/><V109/><F109/><W62/><G62/><T38/><D38/><U93/><E130/><V41/><F60/><W105/><G105/><T88/><D5/><U100/><E35/><V98/><F67/><W27/><G27/><T121/><D13/><U123/><E33/><V21/><F71/><W2/><G2/><T89/><D121/><U36/><E36/><V39/><F39/><W87/><G87/><T101/><D25/><U99/><E123/><V46/><F50/><W91/><G91/><T115/><D34/><U85/><E85/><V11/><F49/><W116/><G116/><T78/><D89/><U26/><E32/><V122/><F122/><W103/><G103/><T8/><D101/><U9/><E100/><RYUUKYOKU ba="0,1" sc="201,-10,416,-10,114,-10,259,30" hai3="7,10,12,17,18,19,47,51,58,63,66,80,82" /><INIT seed="3,1,1,3,3,38" ten="191,406,104,289" oya="3" hai0="92,133,126,63,84,59,74,13,47,46,117,102,3" hai1="61,105,70,21,62,18,109,27,49,10,6,33,120" hai2="1,85,11,73,31,87,26,24,91,67,132,28,68" hai3="35,95,9,40,104,56,128,90,45,66,76,135,48"/><W107/><G35/><T36/><D3/><U72/><E120/><V19/><F73/><W4/><G128/><T96/><D74/><U52/><E72/><V55/><F132/><W123/><G135/><T93/><D117/><U5/><E105/><V25/><F67/><W112/><G112/><T57/><D126/><U39/><E39/><V2/><F68/><W81/><G123/><T37/><D133/><U114/><E114/><V83/><F55/><W89/><G66/><T7/><D7/><U78/><E78/><V15/><F1/><W131/><G131/><T51/><D13/><N who="1" m="9423" /><E5/><V94/><REACH who="2" step="1"/><F2/><REACH who="2" ten="191,406,94,289" step="2"/><W115/><G115/><T121/><D121/><U86/><E52/><V124/><F124/><W75/><G56/><T71/><D71/><U50/><E70/><V60/><F60/><W0/><REACH who="3" step="1"/><G90/><AGARI ba="1,2" hai="11,15,19,24,25,26,28,31,83,85,87,90,91,94" machi="90" ten="40,8000,1" yaku="1,1,8,1,53,3" doraHai="38" doraHaiUra="20" who="2" fromWho="3" sc="191,0,406,0,94,103,289,-83" /><INIT seed="4,0,0,1,1,21" ten="191,406,197,206" oya="0" hai0="13,124,79,26,114,113,20,66,27,44,118,83,84" hai1="22,23,129,134,51,56,101,49,10,85,45,16,25" hai2="33,91,96,69,123,109,131,81,12,0,82,5,111" hai3="102,47,54,37,121,133,48,115,42,88,65,99,32"/><T78/><D118/><U61/><E129/><V106/><F123/><W116/><G116/><T19/><D124/><U119/><E134/><V76/><F131/><W72/><G133/><T58/><D78/><U120/><E120/><V125/><F0/><W74/><G121/><T108/><D108/><U105/><E105/><V135/><F135/><W89/><G115/><N who="0" m="44043" /><D44/><U110/><E110/><V34/><F69/><W104/><G32/><T59/><D66/><U86/><E101/><N who="2" m="62759" /><F12/><W127/><G127/><T90/><D90/><U80/><E10/><V57/><F57/><AGARI ba="0,0" hai="13,19,20,26,27,57,58,59,79,83,84" m="44043" machi="57" ten="30,5800,0" yaku="15,1,52,2" doraHai="21" who="0" fromWho="2" sc="191,58,406,0,197,-58,206,0" /><INIT seed="4,1,0,3,0,18" ten="249,406,139,206" oya="0" hai0="48,109,101,97,51,72,65,75,24,38,122,69,61" hai1="67,74,50,55,37,120,118,131,11,20,125,6,28" hai2="46,99,134,62,17,63,49,47,102,100,119,95,40" hai3="53,129,13,104,52,108,39,31,5,36,43,27,26"/><T15/><D122/><U0/><E67/><V32/><F134/><W82/><G108/><T64/><D109/><U29/><E37/><V71/><F119/><W76/><G104/><T93/><D38/><U22/><E74/><V92/><F32/><W78/><G129/><T56/><D48/><U77/><E77/><V10/><F71/><W90/><G90/><T45/><D64/><U128/><E118/><V86/><F86/><W113/><G113/><T4/><D69/><U105/><E105/><V111/><F111/><W7/><G13/><T12/><D12/><U70/><E70/><V117/><F117/><W30/><REACH who="3" step="1"/><G82/><REACH who="3" ten="249,406,139,196" step="2"/><T34/><D15/><U121/><E128/><V42/><F10/><W130/><G130/><T44/><D4/><U58/><E131/><V57/><F95/><W91/><G91/><T106/><D106/><U9/><E6/><V107/><F107/><W60/><G60/><T133/><D133/><U2/><E11/><V89/><F63/><W127/><G127/><T25/><D101/><U112/><E9/><V126/><F126/><W3/><G3/><T85/><D93/><U114/><E125/><V124/><F124/><W132/><G132/><T116/><D61/><U110/><E110/><V66/><REACH who="2" step="1"/><F17/><REACH who="2" ten="249,406,129,196" step="2"/><W115/><G115/><T83/><D116/><U80/><E114/><V59/><F59/><W135/><G135/><T103/><D56/><U35/><E58/><V33/><F33/><W16/><G16/><T123/><D83/><U8/><E80/><V88/><F88/><W1/><G1/><T94/><D94/><U98/><E0/><RYUUKYOKU ba="1,2" sc="249,-15,406,-15,129,15,196,15" hai2="40,42,46,47,49,57,62,66,89,92,99,100,102" hai3="5,7,26,27,30,31,36,39,43,52,53,76,78" /><INIT seed="5,2,2,1,1,7" ten="234,391,144,211" oya="1" hai0="129,101,25,16,104,47,91,68,49,122,12,124,106" hai1="39,54,135,5,69,40,48,97,118,134,41,10,90" hai2="110,96,85,60,42,126,117,93,35,53,13,74,89" hai3="64,6,65,84,44,92,77,34,98,59,80,113,50"/><U33/><E33/><V87/><F110/><W51/><G34/><T1/><D1/><U8/><E69/><V30/><F117/><W62/><G113/><T11/><D68/><U71/><E71/><V70/><F74/><W121/><G121/><T9/><D101/><U23/><E23/><V31/><F126/><W55/><G6/><T111/><D111/><U63/><E63/><V114/><F114/><W0/><G0/><T100/><D100/><U24/><E24/><V15/><F42/><N who="1" m="16489" /><E5/><V14/><F35/><W78/><G78/><T20/><D124/><U17/><E17/><V115/><F115/><W2/><G2/><T43/><D122/><U112/><E39/><V130/><F130/><W108/><G108/><T120/><D129/><U88/><E90/><V4/><F4/><W95/><G98/><T19/><D120/><U3/><E3/><V73/><F73/><W75/><G75/><T28/><D91/><U127/><E127/><V21/><F70/><W58/><REACH who="3" step="1"/><G65/><REACH who="3" ten="234,391,144,201" step="2"/><T76/><D76/><U67/><E67/><V57/><REACH who="2" step="1"/><F21/><REACH who="2" ten="234,391,134,201" step="2"/><W32/><G32/><T125/><D125/><U18/><E112/><V132/><F132/><W109/><G109/><T37/><D37/><U123/><E123/><V66/><F66/><W79/><G79/><T128/><D128/><U107/><E135/><V27/><F27/><W83/><G83/><T36/><D36/><U116/><E134/><V38/><F38/><W26/><G26/><T131/><D131/><U103/><E118/><V29/><AGARI ba="2,4" hai="13,14,15,29,30,31,53,57,60,85,87,89,93,96" machi="29" ten="30,7900,0" yaku="1,1,0,1,8,1,53,1" doraHai="7" doraHaiUra="86" who="2" fromWho="2" sc="234,-22,391,-41,134,125,201,-22" /><INIT seed="6,0,0,2,2,108" ten="212,350,259,179" oya="2" hai0="134,4,81,13,66,128,112,37,118,28,32,26,67" hai1="10,96,14,64,106,35,94,31,15,8,78,83,23" hai2="21,39,93,135,110,115,123,133,95,114,119,97,76" hai3="20,87,92,53,75,5,3,51,129,61,107,84,131"/><V121/><F39/><W82/><G107/><T36/><D118/><U0/><E35/><V73/><F21/><W2/><G61/><T58/><D128/><N who="3" m="49225" /><G5/><T52/><D134/><N who="2" m="51210" /><F110/><W130/><N who="3" m="49233" /><W27/><DORA hai="80" /><G92/><N who="2" m="35401" /><F97/><W44/><G75/><T109/><D36/><U33/><E23/><V55/><F55/><W48/><G48/><T45/><D37/><U62/><E33/><V54/><F54/><W89/><G84/><T88/><D45/><U34/><E34/><V57/><F57/><W1/><G1/><T102/><D102/><U68/><E96/><V132/><F119/><W17/><AGARI ba="0,0" hai="2,3,17,20,27,44,51,53,82,87,89" m="49233" machi="17" ten="40,2700,0" yaku="19,1,52,1" doraHai="108,80" who="3" fromWho="3" sc="212,-7,350,-7,259,-13,179,27" /><INIT seed="7,0,0,4,0,103" ten="205,343,246,206" oya="3" hai0="59,1,135,19,44,82,93,34,30,133,113,16,46" hai1="69,127,38,21,2,131,15,56,27,18,66,89,61" hai2="53,11,90,24,78,97,130,12,33,74,110,4,123" hai3="99,37,22,96,117,79,92,112,105,120,35,6,116"/><W45/><G35/><T20/><D1/><U17/><E38/><V122/><F110/><W32/><G32/><T65/><D113/><U67/><E2/><V134/><F130/><W62/><G120/><N who="2" m="46121" /><F53/><W118/><G112/><T40/><D34/><U42/><E42/><V129/><F134/><N who="0" m="51210" /><D82/><U71/><E127/><V83/><F129/><W48/><G37/><N who="0" m="21519" /><D46/><U84/><E67/><V125/><F125/><W77/><G6/><T73/><D73/><U126/><E126/><V54/><F54/><W39/><G39/><T132/><N who="0" m="51218" /><T43/><DORA hai="72" /><D43/><U91/><E91/><V87/><F97/><W31/><G62/><N who="0" m="38111" /><D93/><U108/><E131/><V8/><F8/><W3/><G3/><T47/><D47/><U68/><E108/><V107/><F24/><AGARI ba="0,0" hai="16,19,20,24,30" m="38111,21519,51218" machi="24" ten="40,2600,0" yaku="20,1,54,1" doraHai="103,72" who="0" fromWho="2" sc="205,26,343,0,246,-26,206,0" owari="231,3.0,343,44.0,220,-18.0,206,-29.0" /></mjloggm>