<mjloggm ver="2.3"><GO type="169" lobby="0"/><UN n0="%47%E3%83%A8%E9%BE%8D%E9%96%80" n1="%E5%B0%B1%E6%B4%BB%E7%94%9F%40%E5%B7%9D%E6%9D%91%E8%BB%8D%E5%9B%A3" n2="%E3%81%AD%E3%81%8D%E3%81%9B%40" n3="%4C%53%E9%99%BD" dan="17,18,17,16" rate="2182.49,2279.43,2120.22,2098.08" sx="M,M,F,M"/><TAIKYOKU oya="0"/><INIT seed="0,0,0,3,0,16" ten="250,250,250,250" oya="0" hai0="120,5,44,36,110,115,47,62,122,33,131,43,90" hai1="24,7,2,127,93,100,64,22,40,59,56,15,25" hai2="105,31,57,130,29,32,35,55,13,72,1,71,128" hai3="45,26,94,85,112,9,133,106,69,124,91,101,74"/><T75/><D115/><U118/><E2/><V99/><F71/><W123/><G123/><T68/><D131/><N who="2" m="50218" /><F72/><W11/><G112/><T102/><D33/><N who="2" m="12874" /><F1/><W46/><G69/><T50/><D75/><U3/><E3/><V81/><F81/><W125/><G74/><T116/><D102/><U111/><E111/><V23/><F105/><W95/><G106/><T53/><D110/><U80/><E80/><V19/><F99/><N who="3" m="59647" /><G26/><T28/><D116/><U30/><E25/><V77/><F77/><W87/><G45/><T135/><D28/><U10/><E118/><V63/><AGARI ba="0,0" hai="13,19,23,29,31,55,57,63" m="12874,50218" machi="63" ten="30,2000,0" yaku="19,1,52,1" doraHai="16" who="2" fromWho="2" sc="250,-10,250,-5,250,20,250,-5" /><INIT seed="1,0,0,2,1,106" ten="240,245,270,245" oya="1" hai0="100,10,55,105,103,77,30,15,21,133,68,132,94" hai1="58,27,3,89,80,91,87,76,42,67,70,25,38" hai2="8,0,12,39,62,23,18,51,86,130,74,120,78" hai3="72,118,131,46,97,126,31,124,90,128,45,11,37"/><U28/><E70/><V66/><F120/><W125/><G118/><T116/><D116/><U1/><E38/><V81/><F130/><N who="3" m="49707" /><G31/><T65/><D105/><U129/><E42/><V114/><F114/><W43/><G45/><T101/><D77/><U102/><E102/><V113/><F113/><W95/><G11/><T19/><D55/><U32/><E27/><V33/><F33/><W98/><G98/><T134/><D94/><U84/><E129/><V52/><F39/><W61/><G61/><N who="0" m="39983" /><D30/><U17/><E17/><V104/><F104/><W35/><G35/><T112/><D112/><U53/><E67/><V73/><F8/><AGARI ba="0,0" hai="8,10,15,19,21,100,101,103,132,133,134" m="39983" machi="8" ten="40,1300,0" yaku="20,1" doraHai="106" who="0" fromWho="2" sc="240,13,245,0,270,-13,245,0" /><INIT seed="2,0,0,3,4,20" ten="253,245,257,245" oya="2" hai0="94,130,107,105,123,4,33,55,91,64,127,58,115" hai1="31,16,78,63,102,122,133,74,73,93,80,8,131" hai2="46,124,135,9,3,1,53,128,76,23,13,2,87" hai3="56,41,10,21,43,0,59,89,34,86,97,18,47"/><V108/><F124/><W110/><G34/><T40/><D127/><U71/><E131/><V118/><F118/><W81/><G110/><T109/><D123/><U96/><E133/><V79/><F135/><W5/><G97/><T14/><D33/><U12/><E122/><V42/><F128/><W119/><G119/><T120/><D120/><U113/><E113/><V132/><F132/><W17/><G17/><T19/><D115/><U66/><REACH who="1" step="1"/><E31/><REACH who="1" ten="253,235,257,245" step="2"/><V44/><F108/><W37/><REACH who="3" step="1"/><G43/><REACH who="3" ten="253,235,257,235" step="2"/><T62/><D40/><U70/><E70/><V88/><F42/><W30/><G30/><T106/><D130/><U38/><E38/><V29/><F29/><W95/><G95/><T36/><D109/><U101/><E101/><V77/><F3/><W103/><G103/><T60/><D36/><U6/><E6/><V24/><F2/><W121/><G121/><T68/><D4/><U32/><E32/><V126/><F1/><W99/><G99/><T51/><D94/><U57/><E57/><V92/><F126/><W75/><G75/><AGARI ba="0,2" hai="8,12,16,63,66,71,73,74,75,78,80,93,96,102" machi="75" ten="30,7700,0" yaku="1,1,7,1,54,1,53,1" doraHai="20" doraHaiUra="7" who="1" fromWho="3" sc="253,0,235,97,257,0,235,-77" /><INIT seed="3,0,0,1,4,95" ten="253,332,257,158" oya="3" hai0="18,56,135,125,13,103,78,44,104,68,127,30,25" hai1="85,114,108,60,28,80,23,134,73,97,7,121,26" hai2="34,115,72,14,109,101,54,20,64,123,82,74,98" hai3="105,106,19,122,71,32,37,100,58,129,128,6,46"/><W12/><G71/><T3/><D3/><U0/><E114/><V38/><F115/><W133/><G122/><T62/><D135/><U84/><E121/><V10/><F34/><W118/><G118/><T43/><D78/><U39/><E39/><V132/><F123/><W70/><G70/><T69/><D13/><U9/><E134/><V49/><F38/><W88/><G133/><T63/><D18/><U59/><E108/><V112/><F109/><W11/><G32/><N who="0" m="20559" /><D63/><U2/><E2/><V47/><F132/><W92/><G58/><T40/><D40/><U50/><E50/><V77/><F20/><W76/><G76/><T55/><D103/><U113/><E113/><V36/><F64/><W57/><G100/><T99/><D99/><U17/><E73/><V131/><F36/><W61/><G19/><T33/><D104/><U29/><E97/><V81/><F112/><W15/><G15/><T66/><D33/><U22/><E22/><V41/><F41/><W75/><G75/><T79/><D79/><U91/><E84/><V119/><F119/><W111/><G111/><T48/><D43/><U51/><E51/><V83/><F74/><W35/><G35/><T116/><D116/><U96/><E96/><V86/><F72/><W130/><G37/><T16/><D16/><U94/><E80/><V53/><F82/><W27/><G27/><T67/><D69/><U45/><E45/><V102/><F83/><W124/><G46/><T120/><D120/><U107/><E107/><V1/><F47/><W5/><G106/><T31/><D31/><U65/><AGARI ba="0,0" hai="0,7,9,17,23,26,28,29,59,60,65,85,91,94" machi="65" ten="20,2700,0" yaku="5,1,0,1,7,1" doraHai="95" who="1" fromWho="1" sc="253,-7,332,27,257,-7,158,-13" /><INIT seed="4,0,0,4,1,16" ten="246,359,250,145" oya="0" hai0="95,62,1,61,107,128,11,23,65,80,135,64,25" hai1="50,91,29,118,59,85,66,33,10,121,127,132,73" hai2="79,26,2,120,106,101,51,12,105,78,112,86,104" hai3="60,54,28,87,76,96,110,42,4,90,130,131,57"/><T6/><D135/><U20/><E73/><V17/><F2/><W115/><G115/><T39/><D128/><N who="3" m="49193" /><G110/><T116/><D116/><U45/><E33/><V67/><F112/><W74/><G74/><T35/><D107/><U46/><E132/><V84/><F120/><W83/><G42/><T124/><D124/><U114/><E127/><V9/><F101/><W99/><G28/><T81/><D39/><U47/><E10/><V108/><F108/><W93/><G4/><T19/><D95/><U49/><E114/><V75/><F67/><W41/><G41/><T36/><D36/><U30/><E30/><V38/><F38/><W18/><G18/><T44/><D44/><U5/><E5/><V58/><F75/><W89/><G96/><T55/><D55/><U133/><E133/><V109/><F109/><W126/><G126/><T24/><D35/><U111/><E121/><V122/><F122/><W70/><G70/><T129/><D129/><U43/><E111/><V48/><F17/><W22/><G22/><T32/><D32/><U14/><E14/><V92/><F12/><W21/><G21/><T88/><D25/><N who="1" m="16551" /><E118/><V31/><F26/><W98/><G98/><T68/><REACH who="0" step="1"/><D88/><AGARI ba="0,0" hai="54,57,60,76,83,87,88,89,90,93,99" m="49193" machi="88" ten="30,2000,0" yaku="19,1,54,1" doraHai="16" who="3" fromWho="0" sc="246,-20,359,0,250,0,145,20" /><INIT seed="5,0,0,5,2,10" ten="226,359,250,165" oya="1" hai0="99,102,51,61,113,3,133,33,6,68,57,66,95" hai1="14,110,17,124,69,89,23,29,44,58,21,38,56" hai2="98,5,74,101,41,65,121,79,1,90,16,55,128" hai3="31,18,80,122,64,2,48,34,7,59,70,26,60"/><U123/><E69/><V129/><F121/><W12/><G122/><T125/><D113/><U96/><E123/><V42/><F65/><W53/><G80/><T126/><D133/><U0/><E0/><V20/><F5/><W4/><REACH who="3" step="1"/><G2/><REACH who="3" ten="226,359,250,155" step="2"/><T8/><D33/><U118/><E110/><V116/><F1/><W27/><G27/><T15/><D3/><U36/><E118/><V49/><F128/><W120/><G120/><T11/><D11/><AGARI ba="0,1" hai="4,7,11,12,18,26,31,34,48,53,59,60,64,70" machi="11" ten="30,7700,0" yaku="1,1,7,1,52,1,53,1" doraHai="10" doraHaiUra="54" who="3" fromWho="0" sc="226,-77,359,0,250,0,155,87" /><INIT seed="6,0,0,3,5,96" ten="149,359,250,242" oya="2" hai0="135,6,42,13,43,7,25,49,70,24,11,52,105" hai1="38,61,4,50,115,128,31,53,108,48,69,103,72" hai2="133,71,118,64,102,114,104,15,110,112,54,20,73" hai3="36,89,62,131,56,9,84,33,81,22,27,3,47"/><V132/><F73/><W2/><G131/><T12/><D135/><N who="2" m="51786" /><F118/><W98/><G33/><T67/><D105/><U123/><E72/><V51/><F71/><W111/><G111/><T127/><D127/><U101/><E38/><V90/><F64/><W58/><G9/><T17/><D70/><U122/><E115/><N who="2" m="44075" /><F90/><W78/><G56/><T19/><D67/><U0/><E128/><V63/><F63/><W119/><G119/><T124/><D124/><U107/><E108/><V76/><F76/><W57/><G57/><T126/><D126/><U106/><E61/><V130/><F130/><W65/><G78/><T39/><D39/><U121/><E69/><V41/><F41/><W79/><G36/><T5/><D42/><U92/><E48/><V30/><F15/><W23/><G79/><T29/><D43/><U86/><E50/><V82/><F82/><W46/><G81/><T87/><D87/><U32/><E53/><V35/><F35/><W116/><G84/><T99/><D99/><U59/><E121/><V55/><F51/><W60/><G116/><T97/><D97/><U26/><E122/><V14/><F14/><W45/><G62/><T40/><D40/><U28/><E32/><V120/><F120/><W94/><G27/><N who="0" m="10315" /><D49/><U8/><E26/><N who="2" m="16711" /><F110/><W80/><G80/><T75/><D75/><U117/><E123/><V21/><F21/><W125/><G125/><T68/><D68/><U77/><E117/><V83/><F83/><W34/><G34/><T16/><D52/><U66/><E77/><V93/><F104/><W134/><G134/><T74/><D74/><RYUUKYOKU ba="0,0" sc="149,-15,359,-15,250,15,242,15" hai2="54,55,93,102" hai3="2,3,22,23,45,46,47,58,60,65,89,94,98" /><INIT seed="6,1,0,1,3,20" ten="134,344,265,257" oya="2" hai0="62,44,56,17,109,43,90,125,86,129,76,106,40" hai1="28,105,100,37,1,120,71,77,133,99,46,32,48" hai2="12,61,127,119,9,49,11,94,35,124,80,85,52" hai3="91,38,84,81,101,26,102,73,107,113,97,123,5"/><V42/><F119/><W87/><G38/><T117/><D117/><U112/><E48/><V89/><F35/><W16/><G5/><T111/><D129/><U93/><E93/><V34/><F34/><W116/><G116/><T79/><D125/><N who="2" m="48202" /><F61/><W0/><G0/><T6/><D106/><U68/><E112/><V39/><F39/><W88/><G123/><T72/><D72/><U63/><E63/><V121/><F121/><W78/><G113/><T60/><D6/><U64/><E64/><V59/><F42/><W2/><G2/><T30/><D30/><U7/><E133/><V45/><F59/><W41/><G41/><T57/><D17/><U104/><E120/><V74/><F12/><W25/><G16/><T128/><D128/><U130/><E130/><V55/><F55/><W23/><G23/><T50/><D40/><U33/><E33/><V95/><F95/><N who="3" m="54783" /><G102/><T14/><D14/><U131/><E131/><V54/><F54/><W15/><G15/><T4/><D4/><U18/><E32/><V108/><F108/><W75/><G75/><T27/><D43/><U65/><E65/><V19/><F19/><W58/><G58/><T83/><D56/><U21/><E18/><V29/><F29/><W3/><G3/><T103/><D57/><U8/><E37/><V126/><F126/><W67/><G67/><T122/><D122/><U98/><E28/><V82/><F74/><W47/><G47/><T10/><D44/><U13/><E46/><V69/><F69/><W132/><G132/><T66/><D109/><U114/><E71/><V118/><F118/><RYUUKYOKU ba="1,0" sc="134,-15,344,-15,265,15,257,15" hai2="9,11,45,49,52,80,82,85,89,94" hai3="25,26,73,78,81,84,88,97,101,107" /><INIT seed="6,2,0,2,1,49" ten="119,329,280,272" oya="2" hai0="121,45,31,19,9,5,7,67,115,1,83,90,72" hai1="126,110,117,3,24,89,88,40,59,54,109,105,21" hai2="97,124,57,129,112,47,123,102,100,56,14,80,101" hai3="104,92,36,52,51,26,17,33,75,134,96,118,66"/><V76/><F123/><W70/><G118/><T61/><D121/><U60/><E105/><V69/><F69/><W37/><G75/><T50/><D115/><U93/><E3/><V71/><F71/><W120/><G120/><T58/><D31/><U135/><E117/><V68/><F68/><W94/><G134/><T38/><D38/><U22/><E135/><V98/><F112/><W82/><G82/><T85/><D72/><U64/><E126/><V127/><F129/><W43/><G43/><T48/><D48/><U0/><E0/><V12/><F47/><W44/><G104/><T111/><D111/><U131/><E40/><V4/><F4/><W2/><G2/><T35/><D35/><U125/><E131/><V86/><F98/><W132/><G132/><T30/><D30/><U84/><E125/><N who="2" m="48203" /><F97/><W16/><G92/><T27/><D1/><U95/><E64/><V116/><F116/><W99/><G99/><T63/><D63/><U133/><E133/><V79/><F79/><W41/><G36/><T119/><D119/><U78/><E78/><V32/><F32/><W106/><G106/><T39/><D39/><U128/><E128/><V114/><F114/><W6/><G6/><T53/><D27/><U130/><E130/><V25/><F25/><W20/><G33/><T34/><D34/><U91/><E24/><V74/><F74/><W62/><G96/><T29/><D29/><U77/><E77/><V108/><F108/><N who="1" m="41577" /><E84/><V87/><F87/><W15/><G94/><T103/><D103/><U13/><E13/><AGARI ba="2,0" hai="12,13,14,56,57,76,80,86,100,101,102" m="48203" machi="13" ten="30,1500,0" yaku="18,1" doraHai="49" who="2" fromWho="1" sc="119,0,329,-21,280,21,272,0" /><AGARI ba="2,0" hai="5,7,9,13,19,45,50,53,58,61,67,83,85,90" machi="13" ten="40,8000,1" yaku="25,2,8,1,52,1" doraHai="49" who="0" fromWho="1" sc="119,80,308,-80,301,0,272,0" /><INIT seed="6,3,0,3,1,122" ten="199,228,301,272" oya="2" hai0="91,31,98,94,52,123,27,11,1,62,67,108,81" hai1="112,65,104,133,36,13,82,77,124,34,89,56,46" hai2="28,8,101,95,119,129,83,74,44,39,47,50,20" hai3="131,105,97,18,23,41,116,128,132,100,12,15,51"/><V93/><F119/><W19/><G116/><T26/><D123/><U7/><E104/><V64/><F39/><W90/><G132/><T96/><D108/><U58/><E34/><V42/><F64/><W53/><G90/><T21/><D1/><U45/><E36/><V117/><F117/><W4/><G4/><T54/><D11/><N who="1" m="4351" /><E112/><V134/><F101/><W70/><G70/><T63/><D81/><U114/><E114/><V75/><F83/><W86/><G86/><T59/><D27/><U92/><E133/><V125/><F50/><W25/><G41/><T110/><D110/><U78/><E124/><V32/><F20/><W2/><G2/><T107/><D107/><U69/><E69/><V80/><F80/><W60/><G60/><T40/><D40/><U38/><E38/><V84/><F42/><W35/><G35/><T99/><D54/><U130/><E130/><N who="3" m="49706" /><G19/><T57/><AGARI ba="3,0" hai="21,26,31,52,57,59,62,63,67,91,94,96,98,99" machi="57" ten="20,5200,0" yaku="0,1,7,1,8,1,54,1" doraHai="122" who="0" fromWho="0" sc="199,61,228,-16,301,-29,272,-16" /><INIT seed="7,0,0,0,1,84" ten="260,212,272,256" oya="3" hai0="100,85,126,104,59,24,63,15,114,124,120,96,32" hai1="129,107,60,117,51,14,108,22,103,62,44,102,72" hai2="1,106,20,54,105,45,109,29,75,66,121,47,89" hai3="123,93,78,133,118,38,91,94,79,41,31,52,127"/><W74/><G118/><T58/><D120/><U122/><E108/><V46/><F1/><W36/><G123/><T83/><D114/><U2/><E2/><V33/><F75/><W81/><G78/><T4/><D4/><U16/><E72/><V69/><F109/><W0/><G0/><T17/><D32/><U125/><E122/><V134/><F33/><W98/><G133/><T65/><D24/><U28/><E117/><V19/><F29/><W39/><G127/><T90/><REACH who="0" step="1"/><D59/><REACH who="0" ten="250,212,272,256" step="2"/><U71/><E71/><V27/><F69/><W5/><G5/><T119/><D119/><U115/><E115/><V53/><F121/><W50/><G38/><T87/><D87/><U88/><E129/><V70/><F70/><W86/><G39/><T113/><D113/><U77/><E28/><V7/><F7/><W11/><G36/><T111/><D111/><U23/><E125/><V37/><F37/><W48/><G31/><T57/><D57/><U64/><E64/><V42/><F66/><W110/><G110/><T68/><D68/><U6/><E6/><V73/><F73/><W40/><G74/><T132/><D132/><U10/><E60/><V49/><F134/><W101/><G86/><T82/><D82/><U135/><E62/><V92/><F47/><W18/><G81/><T55/><D55/><N who="1" m="30183" /><E135/><V9/><F53/><W130/><G52/><T67/><D67/><U43/><E43/><V34/><F42/><W12/><G41/><T30/><D30/><U128/><E128/><V95/><F54/><W61/><G40/><T35/><D35/><U25/><E25/><RYUUKYOKU ba="0,1" sc="250,30,212,-10,272,-10,256,-10" hai0="15,17,58,63,65,83,85,90,96,100,104,124,126" /><INIT seed="8,1,1,0,3,2" ten="280,202,262,246" oya="0" hai0="71,6,4,63,21,86,38,16,80,81,74,130,110" hai1="101,117,94,112,75,31,93,111,42,44,10,17,132" hai2="84,121,45,113,54,25,35,57,124,20,64,106,115" hai3="67,122,107,47,103,123,104,43,95,105,33,19,127"/><T96/><D38/><U29/><E111/><V51/><F121/><N who="3" m="46091" /><G127/><T65/><D130/><U55/><E75/><V26/><F106/><W70/><G33/><T98/><D110/><U92/><E112/><V126/><F35/><W68/><G67/><T1/><D74/><U40/><E132/><V78/><F78/><W22/><G95/><T48/><D48/><N who="1" m="29063" /><E101/><V114/><F84/><W69/><G103/><T118/><D118/><U91/><E91/><V0/><F0/><W82/><G82/><T90/><D80/><U102/><E102/><V108/><F108/><W73/><G73/><T135/><D135/><U85/><E85/><V13/><F124/><W12/><G104/><T34/><D34/><U109/><E109/><V24/><F126/><W30/><G30/><N who="1" m="11274" /><E117/><V7/><F114/><W11/><G11/><T56/><D71/><U66/><E66/><V79/><F113/><W97/><G97/><N who="0" m="37483" /><D1/><U9/><E9/><V72/><F115/><W37/><AGARI ba="1,1" hai="12,19,22,37,43,47,68,69,70,105,107" m="46091" machi="37" ten="40,1500,0" yaku="13,1" doraHai="2" who="3" fromWho="3" sc="280,-8,202,-5,262,-5,246,28" /><INIT seed="9,0,0,3,1,94" ten="272,197,257,274" oya="1" hai0="116,15,132,90,48,70,10,17,60,56,130,33,76" hai1="27,5,24,34,16,49,96,123,82,81,114,1,106" hai2="32,71,91,126,134,50,51,103,129,102,105,95,93" hai3="79,23,43,9,65,122,46,53,92,64,77,86,52"/><U8/><E114/><V30/><F71/><W107/><G107/><T69/><D116/><U3/><E123/><V66/><F66/><W112/><G112/><T28/><D130/><U26/><E1/><V54/><F129/><W85/><G23/><T121/><D121/><U22/><E49/><V133/><F126/><W44/><G92/><N who="2" m="35401" /><F91/><W47/><G47/><T104/><D104/><U12/><REACH who="1" step="1"/><E34/><REACH who="1" ten="272,187,257,274" step="2"/><V119/><F119/><W87/><G122/><T18/><D33/><U125/><E125/><V59/><F51/><W75/><G79/><T110/><D48/><U124/><E124/><V11/><F32/><W101/><G77/><T4/><D76/><U135/><E135/><V62/><F134/><W78/><G78/><T2/><D132/><U63/><E63/><V117/><F133/><W35/><G35/><T61/><D61/><U20/><E20/><V7/><F62/><W120/><G120/><T21/><D2/><U40/><E40/><V131/><F117/><W29/><G43/><T84/><D21/><U108/><E108/><V13/><F131/><W38/><G38/><T14/><D110/><U37/><E37/><V118/><F118/><W99/><G44/><T6/><D60/><U36/><E36/><V113/><F113/><W31/><G46/><T89/><D69/><U88/><E88/><V83/><F50/><W58/><G101/><AGARI ba="0,1" hai="3,5,8,12,16,22,24,26,27,81,82,96,101,106" machi="101" ten="40,7700,0" yaku="1,1,52,1,54,1,53,0" doraHai="94" doraHaiUra="72" who="1" fromWho="3" sc="272,0,187,87,257,0,274,-77" /><INIT seed="9,1,0,3,3,77" ten="272,274,257,197" oya="1" hai0="42,132,62,26,97,23,69,65,30,84,54,94,36" hai1="35,24,71,76,95,10,21,83,27,31,63,13,46" hai2="129,4,133,88,9,108,6,52,33,50,115,1,8" hai3="96,57,101,25,127,43,86,89,79,119,85,114,104"/><U44/><E71/><V116/><F116/><W47/><G127/><T18/><D132/><U67/><E95/><V7/><F108/><W73/><G119/><T37/><D42/><U91/><E91/><V120/><F120/><W135/><G135/><T48/><D84/><N who="1" m="48231" /><E35/><V0/><F133/><W74/><G114/><T98/><D30/><U45/><E24/><V55/><F115/><W28/><G57/><T38/><REACH who="0" step="1"/><D94/><REACH who="0" ten="262,274,257,197" step="2"/><U70/><E70/><V68/><F68/><W126/><G86/><T82/><D82/><U29/><E29/><V113/><F113/><W16/><G126/><T61/><D61/><U3/><E3/><V122/><F0/><W100/><G28/><T12/><D12/><U11/><E13/><V81/><F1/><W125/><G125/><T17/><D17/><U59/><AGARI ba="1,1" hai="10,11,21,27,31,44,45,46,59,63,67" m="48231" machi="59" ten="30,3000,0" yaku="8,1,52,1" doraHai="77" who="1" fromWho="1" sc="262,-11,274,43,257,-11,197,-11" owari="251,5.0,317,41.0,246,-15.0,186,-31.0" /></mjloggm>