<mjloggm ver="2.3"><GO type="169" lobby="0"/><UN n0="%67%6F%6D%75" n1="%73%61%74" n2="%33%31%6A%69%6E" n3="%E3%82%A6%E3%83%AB%E3%83%88%E3%83%A9%E7%AB%8B%E7%9B%B4" dan="16,16,16,17" rate="2008.08,2081.39,2139.43,2196.41" sx="M,M,F,M"/><TAIKYOKU oya="0"/><INIT seed="0,0,0,4,5,106" ten="250,250,250,250" oya="0" hai0="95,39,77,123,51,76,5,41,43,4,110,70,102" hai1="87,59,90,48,65,129,86,55,15,68,35,9,17" hai2="132,115,89,47,12,25,24,83,10,67,121,31,52" hai3="36,109,19,6,128,60,104,44,38,3,54,71,131"/><T11/><D123/><U0/><E129/><V37/><F121/><W61/><G104/><T111/><D70/><U96/><E35/><V30/><F115/><W56/><G6/><N who="0" m="2667" /><D11/><U74/><E0/><V122/><F67/><N who="3" m="41455" /><G19/><T100/><D51/><U45/><E68/><V75/><F122/><W49/><G3/><T103/><D95/><U40/><E65/><V97/><F132/><W21/><G21/><T80/><D80/><U46/><E74/><V78/><F97/><W34/><G34/><T32/><D39/><N who="3" m="14889" /><G109/><N who="0" m="41483" /><D32/><U53/><E46/><V130/><F37/><W2/><G2/><T64/><D64/><AGARI ba="0,0" hai="44,49,54,56,60,64,128,131" m="14889,41455" machi="64" ten="30,2000,0" yaku="34,2" doraHai="106" who="3" fromWho="0" sc="250,-20,250,0,250,0,250,20" /><INIT seed="1,0,0,0,4,125" ten="230,250,250,270" oya="1" hai0="80,119,98,14,111,30,63,67,46,89,45,35,126" hai1="78,38,39,101,11,34,87,0,131,85,109,122,97" hai2="16,135,37,77,31,57,1,36,130,92,72,47,66" hai3="71,24,132,106,25,84,6,96,42,91,115,117,75"/><U70/><E70/><V3/><F135/><W26/><G71/><T134/><D119/><U12/><E122/><V127/><F127/><W15/><G115/><T95/><D134/><U8/><E34/><V27/><F130/><W112/><G112/><T83/><D30/><U21/><E131/><V118/><F118/><W62/><G75/><T120/><D35/><U79/><E0/><V4/><F92/><W113/><G113/><T29/><D29/><U65/><E65/><V124/><F124/><W58/><G42/><T43/><D46/><U50/><E50/><V18/><F57/><W17/><G6/><T9/><D111/><U48/><E48/><V7/><F66/><W116/><G132/><T55/><D55/><U73/><E73/><V61/><F61/><W94/><G106/><T88/><D89/><U51/><E51/><V13/><F47/><W129/><G129/><T104/><D104/><U23/><E101/><V103/><F103/><W40/><G40/><T110/><D110/><U2/><E2/><N who="2" m="523" /><F77/><W22/><REACH who="3" step="1"/><G96/><REACH who="3" ten="230,250,250,260" step="2"/><T100/><D98/><U86/><E97/><V53/><F72/><W20/><G20/><T76/><D43/><U56/><E21/><N who="2" m="15855" /><F7/><W102/><G102/><T105/><D100/><U107/><E107/><V49/><F4/><W32/><G32/><T82/><D105/><U108/><E108/><V133/><F133/><W68/><G68/><T28/><D126/><U59/><E109/><V5/><F5/><W114/><G114/><T81/><D76/><U52/><E79/><V33/><F33/><W121/><G121/><T10/><D120/><RYUUKYOKU ba="0,1" sc="230,-10,250,-10,250,-10,260,30" hai3="15,17,22,24,25,26,58,62,84,91,94,116,117" /><INIT seed="2,1,1,4,4,25" ten="220,240,240,290" oya="2" hai0="37,66,121,17,92,8,123,6,103,80,111,57,48" hai1="59,1,112,72,130,42,108,55,73,120,74,94,77" hai2="46,9,11,104,116,132,49,24,106,22,82,85,5" hai3="4,133,88,114,41,124,119,54,61,51,45,129,76"/><V117/><F132/><W19/><G119/><T71/><D37/><U56/><E1/><V102/><F117/><W96/><G4/><T127/><D71/><U69/><E69/><V7/><F116/><W87/><G129/><T110/><D80/><U39/><E120/><V53/><F102/><W52/><G124/><T26/><D127/><U131/><E112/><V30/><F7/><W35/><G35/><T98/><D26/><U33/><E33/><V81/><F81/><W18/><G133/><T43/><D17/><N who="3" m="6153" /><G114/><T89/><D103/><U84/><E108/><N who="0" m="41513" /><D66/><U13/><E13/><V63/><F63/><W21/><G21/><T31/><D31/><U68/><E68/><V16/><F9/><W79/><G96/><T109/><D109/><U83/><E94/><V90/><REACH who="2" step="1"/><F30/><REACH who="2" ten="220,240,230,290" step="2"/><W38/><G61/><T115/><D8/><U128/><E128/><V86/><F86/><W32/><G87/><T95/><D6/><U20/><E131/><V113/><F113/><W36/><G79/><T135/><D115/><U12/><E130/><V28/><F28/><W34/><G76/><T67/><D123/><U122/><E122/><V23/><F23/><W78/><G78/><T93/><D121/><U107/><E74/><V134/><F134/><W58/><G32/><T91/><D135/><U15/><E73/><V2/><AGARI ba="1,2" hai="2,5,11,16,22,24,46,49,53,82,85,90,104,106" machi="2" ten="20,12000,1" yaku="1,1,0,1,7,1,54,1,53,1" doraHai="25" doraHaiUra="50" who="2" fromWho="2" sc="220,-41,240,-41,230,143,290,-41" /><INIT seed="2,2,0,2,0,26" ten="179,199,373,249" oya="2" hai0="37,44,8,120,134,94,32,50,7,70,29,51,18" hai1="78,73,86,15,4,2,103,41,114,99,62,39,55" hai2="96,89,110,81,83,64,54,132,40,1,30,42,53" hai3="100,129,9,58,47,3,113,74,38,19,6,115,27"/><V112/><F112/><W24/><G100/><T14/><D120/><U28/><E114/><V133/><F1/><W85/><G85/><T12/><D134/><N who="2" m="51818" /><F64/><W92/><G92/><T126/><D126/><U109/><E109/><V67/><F67/><W118/><G58/><T121/><D121/><U57/><E15/><V80/><F30/><W35/><G24/><T49/><D94/><U10/><E86/><V122/><F122/><W43/><G118/><T61/><D61/><U21/><E41/><N who="2" m="15979" /><F110/><W131/><G74/><T0/><D70/><U123/><E39/><V72/><F72/><W79/><G115/><T88/><D37/><U13/><E2/><V16/><F16/><W90/><G113/><T5/><D44/><U17/><E123/><V46/><F46/><W108/><G19/><T106/><D18/><U77/><E73/><V97/><F89/><W52/><G90/><T116/><D0/><U45/><E45/><V127/><F127/><W33/><G108/><T68/><D68/><U91/><E91/><V104/><F104/><W111/><G111/><T75/><D106/><U11/><E28/><V60/><F60/><W102/><G47/><T25/><D75/><U59/><E59/><V22/><F22/><W63/><G63/><T36/><D88/><U71/><E71/><V87/><F87/><W119/><G3/><T76/><D36/><U66/><E66/><V23/><F23/><W56/><G38/><T20/><D20/><U69/><E69/><V124/><F124/><W117/><G43/><T125/><D125/><U98/><E21/><V82/><F82/><RYUUKYOKU ba="2,0" sc="179,-10,199,-10,373,30,249,-10" hai2="53,54,80,81,83,96,97" /><INIT seed="2,3,0,3,0,35" ten="169,189,403,239" oya="2" hai0="123,105,69,16,17,130,77,62,41,124,20,55,39" hai1="13,86,71,29,19,7,65,68,72,52,131,14,102" hai2="64,132,127,129,32,61,104,11,93,111,4,63,21" hai3="101,96,47,26,80,100,92,27,84,89,8,22,118"/><V0/><F129/><W48/><G118/><T59/><D124/><U28/><E72/><V116/><F127/><W81/><G8/><T58/><D123/><U94/><E131/><V133/><F116/><W15/><G15/><T95/><D105/><U6/><E65/><V38/><F38/><W34/><G34/><T2/><D130/><U114/><E114/><V46/><F32/><W40/><G81/><T49/><BYE who="2" /><D69/><U12/><E19/><V43/><F43/><W23/><G23/><T78/><D2/><U53/><E86/><V44/><F44/><W60/><G60/><T25/><D39/><U88/><E88/><V82/><F82/><W115/><G115/><T73/><D73/><UN n2="%33%31%6A%69%6E" /><U85/><E85/><V128/><F46/><W103/><REACH who="3" step="1"/><G27/><REACH who="3" ten="169,189,403,229" step="2"/><T112/><D112/><U37/><E14/><N who="2" m="5479" /><F21/><W75/><G75/><T135/><D20/><U134/><E6/><V109/><F63/><W67/><G67/><T91/><D25/><U76/><E13/><V3/><F61/><W113/><G113/><T9/><D9/><U120/><E12/><V74/><F64/><W1/><G1/><N who="2" m="585" /><F74/><W126/><G126/><T45/><D62/><U18/><E7/><V97/><F128/><W106/><G106/><T30/><D77/><U33/><E76/><V110/><F104/><W56/><G56/><T90/><D59/><U125/><E33/><V36/><F36/><W107/><G107/><T10/><D58/><U50/><E37/><V31/><F31/><AGARI ba="3,1" hai="22,26,31,40,47,48,80,84,89,92,96,100,101,103" machi="31" ten="30,3900,0" yaku="1,1,7,1,8,1,53,0" doraHai="35" doraHaiUra="70" who="3" fromWho="2" sc="169,0,189,0,403,-48,229,58" /><INIT seed="3,0,0,2,5,119" ten="169,189,355,287" oya="3" hai0="89,129,25,62,110,117,102,77,127,8,32,92,59" hai1="5,26,30,100,82,91,111,108,48,13,44,87,75" hai2="116,122,11,17,72,19,7,6,52,78,86,54,123" hai3="101,47,49,64,109,21,66,58,67,0,134,121,42"/><W36/><G0/><T94/><D117/><U112/><E112/><V10/><F116/><W97/><G134/><T132/><D132/><U68/><E68/><V118/><F118/><W40/><G109/><T99/><D110/><U37/><E37/><V90/><F78/><W106/><G21/><T15/><D129/><U31/><E75/><V124/><F72/><W83/><G83/><T98/><D127/><U28/><E100/><V125/><F90/><W105/><G105/><T38/><D38/><U46/><E46/><V115/><REACH who="2" step="1"/><F86/><REACH who="2" ten="169,189,345,287" step="2"/><W12/><G101/><T85/><D77/><U39/><E87/><V33/><F33/><W80/><G97/><T45/><D85/><U27/><E91/><V61/><F61/><W63/><G63/><T20/><D32/><U57/><E111/><V126/><F126/><W84/><G84/><T114/><D62/><U88/><E88/><V71/><F71/><W131/><G80/><T135/><D89/><U23/><E108/><V3/><F3/><W50/><G131/><T79/><D79/><U43/><E82/><V120/><F120/><W96/><G121/><T9/><D99/><U34/><E34/><V24/><F24/><W128/><G128/><T70/><D98/><U55/><E26/><V18/><F18/><W76/><G76/><T41/><D25/><U35/><E35/><V53/><F53/><N who="3" m="32055" /><G12/><T2/><D15/><U22/><E27/><V107/><F107/><W113/><G106/><T73/><D2/><U130/><E130/><V95/><F95/><W69/><G96/><T103/><D102/><U1/><E1/><RYUUKYOKU ba="0,1" sc="169,-15,189,15,345,15,287,-15" hai1="5,13,22,23,28,30,31,39,43,44,48,55,57" hai2="6,7,10,11,17,19,52,54,115,122,123,124,125" /><INIT seed="4,1,1,4,3,11" ten="154,204,360,272" oya="0" hai0="22,67,118,60,84,75,64,41,23,50,121,37,111" hai1="106,131,85,91,126,34,68,116,108,62,132,19,125" hai2="78,53,96,101,36,26,122,55,76,128,83,63,58" hai3="99,93,88,54,102,9,89,86,7,81,5,39,110"/><T4/><D118/><U130/><E34/><V32/><F122/><W70/><G39/><T38/><D75/><U21/><E106/><V107/><F36/><W104/><G70/><T10/><D121/><U112/><E116/><V73/><F128/><N who="1" m="49193" /><E108/><V109/><F109/><W15/><G110/><T82/><D111/><U105/><E105/><V49/><F78/><W115/><G115/><T30/><D38/><U3/><E3/><V113/><F113/><W46/><G46/><N who="0" m="25935" /><D37/><U69/><E112/><V127/><F127/><N who="1" m="48649" /><E62/><V18/><F32/><W74/><G54/><T103/><D103/><U31/><E31/><V71/><F53/><W14/><G5/><T61/><D60/><U45/><E45/><V13/><F63/><W59/><G59/><N who="0" m="36927" /><D67/><U100/><E100/><V98/><F71/><W20/><G74/><T2/><D2/><U56/><E56/><V44/><F58/><W87/><G20/><T135/><D30/><U48/><E48/><V80/><F49/><W79/><G79/><T90/><D82/><N who="1" m="49591" /><E132/><V43/><F107/><W57/><G57/><T95/><D135/><U123/><E123/><V1/><F1/><AGARI ba="1,1" hai="1,7,9,14,15,81,86,87,88,89,93,99,102,104" machi="1" ten="30,7700,0" yaku="7,1,52,2,54,1" doraHai="11" who="3" fromWho="2" sc="154,0,204,0,360,-80,272,90" /><INIT seed="5,0,0,4,0,100" ten="154,204,280,362" oya="1" hai0="9,31,134,80,121,38,0,63,97,10,42,51,81" hai1="40,67,8,26,12,119,53,116,133,120,107,85,112" hai2="79,114,125,20,109,113,54,44,89,104,13,87,94" hai3="83,117,25,34,101,74,110,69,86,124,3,98,84"/><U46/><E120/><V115/><F109/><W37/><G3/><T131/><D38/><U68/><E112/><V95/><F125/><W82/><G37/><T70/><D31/><U64/><E133/><V129/><F129/><W45/><G69/><T106/><D131/><U33/><E53/><V1/><F1/><W93/><G34/><T111/><D0/><U27/><E85/><V103/><F79/><W59/><G45/><T35/><D51/><U50/><E107/><V29/><F54/><W58/><G74/><T108/><D63/><U66/><E68/><V2/><F2/><W126/><G25/><T11/><D35/><U88/><E88/><N who="2" m="53535" /><F44/><W62/><G110/><T14/><D70/><U47/><E47/><V55/><F55/><W5/><G117/><T71/><D71/><U39/><E39/><V122/><F122/><W41/><G41/><T127/><D42/><U102/><E102/><V18/><F29/><W96/><G101/><T28/><D28/><U90/><E90/><V72/><F72/><W7/><G93/><T22/><D121/><U15/><E15/><V132/><F132/><W21/><G62/><T123/><D134/><U130/><E130/><V77/><F77/><W19/><G124/><T61/><D127/><U92/><E92/><V75/><F75/><W24/><G126/><T17/><D61/><U48/><E48/><V57/><F57/><W52/><G58/><T60/><D60/><U118/><REACH who="1" step="1"/><E33/><REACH who="1" ten="154,194,280,362" step="2"/><V36/><F36/><W128/><G52/><T32/><D32/><U30/><E30/><V99/><F89/><W43/><G86/><RYUUKYOKU ba="0,1" sc="154,-15,194,15,280,15,362,-15" hai1="8,12,26,27,40,46,50,64,66,67,116,118,119" hai2="13,18,20,95,99,103,104,113,114,115" /><INIT seed="5,1,1,0,0,41" ten="139,209,295,347" oya="1" hai0="108,10,97,6,51,39,11,45,15,79,34,129,133" hai1="22,121,93,126,61,56,100,111,59,37,71,69,8" hai2="122,25,30,105,32,110,0,35,52,113,62,131,18" hai3="21,98,65,42,99,76,58,57,60,13,135,27,73"/><U74/><E74/><V85/><F110/><W80/><G135/><T26/><D108/><U91/><E37/><V102/><F122/><W64/><G42/><T53/><D133/><U4/><E111/><V75/><F131/><W78/><G13/><T114/><D129/><U123/><E126/><V81/><F32/><W128/><G128/><T63/><D114/><U14/><E100/><V16/><F0/><W24/><G78/><T54/><D79/><U47/><E59/><V66/><F75/><W5/><G5/><T33/><D26/><U84/><E47/><V40/><F52/><W86/><G27/><T116/><D116/><U17/><E121/><V101/><F40/><W2/><G2/><T90/><D11/><U109/><E109/><V125/><F125/><W46/><G46/><T31/><D31/><U9/><E9/><V103/><F113/><W38/><G38/><T127/><D39/><U68/><E123/><V67/><F67/><W83/><G83/><T112/><D112/><U117/><E117/><V118/><F105/><W28/><G73/><T77/><D77/><U49/><E49/><V29/><F29/><W134/><G134/><T89/><D127/><U88/><E91/><N who="0" m="34825" /><D97/><U107/><E107/><V20/><F35/><W95/><G95/><T44/><D63/><AGARI ba="1,1" hai="21,24,28,57,58,60,63,64,65,76,80,86,98,99" machi="63" ten="40,2600,0" yaku="9,1,8,1" doraHai="41" who="3" fromWho="0" sc="139,-29,209,0,295,0,347,39" /><INIT seed="6,0,0,5,3,39" ten="110,209,295,386" oya="2" hai0="121,72,64,119,110,62,67,13,74,81,120,47,89" hai1="133,104,48,32,77,14,23,20,36,5,102,70,19" hai2="60,123,130,98,132,46,106,99,28,63,27,16,40" hai3="86,68,3,9,135,100,10,129,15,112,95,122,54"/><V117/><F123/><W105/><G68/><T34/><D34/><U57/><E36/><V134/><F117/><W45/><G122/><T37/><D110/><U24/><E70/><V83/><F83/><W78/><G105/><T113/><D119/><U1/><E133/><N who="2" m="51307" /><F16/><W97/><G3/><T84/><D113/><U6/><E77/><V108/><F108/><W50/><G135/><T125/><D125/><U124/><E124/><V52/><F130/><W33/><G33/><T94/><D13/><U96/><E32/><N who="2" m="20511" /><F106/><W73/><G129/><T87/><D81/><U116/><E116/><V101/><F101/><W75/><G10/><T69/><D87/><U111/><E1/><V2/><F2/><W61/><G86/><T107/><D107/><U71/><E111/><V92/><F52/><W82/><G112/><T90/><D120/><U91/><E91/><N who="2" m="55583" /><F99/><W0/><G0/><T93/><D121/><U25/><E25/><V42/><F46/><W26/><G26/><T8/><D47/><U128/><E128/><V66/><F63/><W7/><G61/><T29/><D62/><U109/><E109/><V127/><F127/><W88/><G100/><T51/><D93/><U21/><E24/><V22/><F22/><N who="1" m="8809" /><E5/><V58/><AGARI ba="0,0" hai="40,42,58,60,66" m="55583,20511,51307" machi="58" ten="30,6000,0" yaku="20,1,52,2" doraHai="39" who="2" fromWho="2" sc="110,-20,209,-20,295,60,386,-20" /><INIT seed="6,1,0,2,3,108" ten="90,189,355,366" oya="2" hai0="94,72,46,82,114,34,58,107,134,37,127,95,118" hai1="32,39,25,60,27,133,126,33,80,120,7,53,124" hai2="55,91,128,110,16,99,26,44,48,56,115,22,36" hai3="5,122,64,63,84,41,17,50,52,75,117,111,103"/><V45/><F115/><W101/><G75/><T10/><D10/><U8/><E39/><V97/><F128/><W96/><G5/><T92/><D58/><N who="1" m="34895" /><E133/><V43/><F110/><W85/><G41/><T105/><D46/><U132/><E132/><V77/><F77/><W121/><G117/><T59/><D59/><U86/><E33/><V104/><F104/><N who="0" m="40010" /><D37/><U3/><E32/><V0/><F0/><W65/><G96/><T123/><D34/><U18/><E18/><V90/><F90/><W135/><G85/><T24/><D24/><U19/><E19/><V125/><F125/><N who="1" m="48233" /><E120/><V28/><F91/><AGARI ba="1,0" hai="3,7,8,25,27,80,86,91" m="48233,34895" machi="91" ten="30,1000,0" yaku="18,1" doraHai="108" who="1" fromWho="2" sc="90,0,189,13,355,-13,366,0" /><INIT seed="7,0,0,2,5,91" ten="90,202,342,366" oya="3" hai0="22,98,23,127,128,9,106,85,77,92,35,117,101" hai1="84,97,59,31,63,39,26,100,126,19,113,6,108" hai2="40,0,134,130,24,70,131,5,27,4,51,44,112" hai3="116,20,8,37,38,86,2,65,129,105,122,135,1"/><W118/><G86/><T62/><D127/><U114/><E39/><V103/><F70/><W72/><G20/><T52/><D128/><N who="2" m="49194" /><F0/><W45/><G129/><T34/><D117/><N who="3" m="45161" /><G8/><T58/><D9/><U47/><E19/><V49/><F112/><W54/><G54/><T12/><D23/><U57/><E84/><V16/><F134/><W79/><G45/><T25/><D12/><U76/><E57/><V43/><F103/><W83/><G135/><T14/><D14/><U64/><E47/><N who="2" m="25831" /><F27/><W88/><G88/><T48/><D48/><U32/><E76/><V46/><F46/><W121/><G65/><T96/><D85/><U61/><E61/><V41/><F41/><W102/><G102/><T66/><D66/><U82/><E82/><V56/><F56/><W50/><G50/><T7/><D7/><U17/><E6/><V36/><F36/><N who="3" m="13931" /><G105/><T125/><D77/><U11/><E11/><V15/><F24/><W3/><AGARI ba="0,0" hai="1,2,3,72,79,83,121,122" m="13931,45161" machi="3" ten="40,2100,0" yaku="23,1" doraHai="91" who="3" fromWho="3" sc="90,-7,202,-7,342,-7,366,21" owari="83,-42.0,195,-20.0,335,14.0,387,48.0" /></mjloggm>