<mjloggm ver="2.3"><GO type="169" lobby="0"/><UN n0="%65%69%6B%31" n1="%6D%61%65%2D%30%31%32%37" n2="%E3%82%A6%E3%83%AB%E3%83%88%E3%83%A9%E7%AB%8B%E7%9B%B4" n3="%68%61%6B%75%30%37" dan="18,16,18,17" rate="2219.87,2109.04,2222.33,2193.41" sx="M,M,M,M"/><TAIKYOKU oya="0"/><INIT seed="0,0,0,4,0,2" ten="250,250,250,250" oya="0" hai0="102,101,125,60,35,26,122,80,131,36,42,97,72" hai1="96,41,83,27,55,99,24,63,84,22,57,14,44" hai2="77,75,16,46,19,133,6,127,120,59,114,126,68" hai3="135,121,104,45,54,98,1,23,116,47,25,79,30"/><T31/><D122/><U119/><E119/><V115/><F68/><W52/><G116/><T10/><D131/><U71/><E71/><V76/><F120/><W51/><G121/><T11/><D125/><N who="2" m="47626" /><F133/><W129/><G1/><T43/><D102/><U40/><E14/><V0/><F59/><W82/><G135/><T108/><D108/><U132/><E132/><V130/><F130/><W32/><G129/><T134/><D134/><U58/><E58/><V73/><F46/><W88/><G32/><T50/><D36/><U85/><E85/><V61/><F61/><W81/><G104/><T5/><D60/><U112/><E112/><N who="2" m="43051" /><F6/><W34/><G34/><T87/><D72/><N who="2" m="27722" /><F0/><W117/><G117/><T65/><D65/><U106/><E106/><V74/><F74/><W33/><G33/><T39/><D50/><U3/><E3/><V90/><F90/><W124/><G124/><T92/><D39/><U9/><E9/><V13/><F13/><W7/><G7/><T110/><D110/><U94/><E44/><V70/><F70/><W53/><G47/><T100/><D11/><U15/><E15/><V111/><F111/><W56/><G56/><T64/><D64/><U123/><E123/><V128/><F128/><W78/><G51/><T20/><D35/><U49/><E49/><V62/><F62/><W103/><G45/><T118/><D118/><U69/><E69/><V18/><AGARI ba="0,0" hai="16,18,19,76,77" m="27722,43051,47626" machi="18" ten="40,8000,1" yaku="28,2,18,1,54,1" doraHai="2" who="2" fromWho="2" sc="250,-40,250,-20,250,80,250,-20" /><INIT seed="1,0,0,2,3,23" ten="210,230,330,230" oya="1" hai0="131,126,26,48,119,133,17,20,95,97,71,118,0" hai1="1,88,72,31,127,77,58,111,130,30,18,14,90" hai2="67,12,52,86,98,132,32,108,93,116,47,8,112" hai3="41,110,122,87,43,92,79,96,121,29,15,50,9"/><U104/><E1/><V78/><F116/><W38/><G38/><T109/><D71/><U120/><E120/><V106/><F32/><W115/><G115/><T55/><D0/><U60/><E104/><V99/><F106/><W69/><G69/><T125/><D109/><U7/><E7/><V24/><F108/><W21/><G110/><T135/><D55/><U81/><E130/><V33/><F67/><W107/><G107/><T84/><D84/><U105/><E105/><V46/><F132/><N who="0" m="50762" /><D48/><U76/><E127/><N who="0" m="48649" /><D131/><U134/><E134/><V85/><F52/><W45/><G87/><T74/><D74/><U83/><E111/><V13/><F86/><W61/><G50/><T2/><D2/><U42/><E42/><V49/><F85/><W129/><G43/><T56/><D56/><U51/><E51/><V123/><F49/><W5/><G41/><T54/><D54/><U113/><E113/><V114/><F112/><W36/><G129/><T75/><D75/><U53/><E77/><V82/><F78/><W100/><G79/><T62/><D62/><U66/><E53/><V19/><F114/><W57/><G57/><T64/><D64/><U25/><E83/><V34/><F82/><W101/><G61/><T73/><D73/><U44/><E44/><V3/><F47/><W68/><G68/><T27/><D27/><U102/><E102/><AGARI ba="0,0" hai="17,20,26,95,97,102,118,119" m="48649,50762" machi="102" ten="30,3900,0" yaku="20,1,18,1,52,1" doraHai="23" who="0" fromWho="1" sc="210,39,230,-39,330,0,230,0" /><INIT seed="2,0,0,3,2,105" ten="249,191,330,230" oya="2" hai0="58,127,108,72,119,57,112,20,61,114,113,38,81" hai1="59,51,41,15,5,40,35,99,110,133,23,34,106" hai2="22,4,115,69,123,96,117,13,120,130,3,134,47" hai3="27,79,104,129,107,118,111,128,84,53,78,0,18"/><V73/><F47/><W100/><G0/><T83/><D38/><U29/><E110/><V76/><F13/><W91/><G53/><T98/><D108/><U135/><E5/><V33/><F22/><N who="3" m="13783" /><G111/><T90/><D127/><U103/><E15/><V56/><F56/><W45/><G45/><T116/><D20/><U92/><E23/><V101/><F4/><W60/><G60/><T6/><D6/><U121/><E121/><V66/><F66/><W109/><G118/><N who="0" m="45099" /><D57/><U49/><E106/><N who="3" m="40490" /><G100/><T93/><D72/><U25/><E35/><V7/><F73/><W131/><G109/><T62/><D62/><U1/><E1/><V122/><F33/><W95/><AGARI ba="0,0" hai="78,79,84,91,95,128,129,131" m="40490,13783" machi="95" ten="40,1500,0" yaku="19,1" doraHai="105" who="3" fromWho="3" sc="249,-4,191,-4,330,-7,230,15" /><INIT seed="3,0,0,0,4,99" ten="245,187,323,245" oya="3" hai0="23,52,51,29,31,109,108,64,8,113,132,71,95" hai1="133,128,94,116,50,44,21,47,3,1,16,90,84" hai2="57,134,118,86,69,72,41,33,12,85,88,130,32" hai3="120,112,25,34,125,46,35,5,81,45,67,97,106"/><W62/><G112/><T129/><D113/><U14/><E133/><V89/><F69/><W74/><G120/><T42/><D42/><U60/><E128/><V7/><F72/><W59/><G125/><T80/><D132/><U127/><E127/><V114/><F114/><W36/><G5/><T2/><D129/><U98/><E116/><V126/><F118/><W20/><G74/><T48/><D48/><U4/><E60/><V37/><F130/><W100/><G81/><T38/><D38/><U30/><E30/><V68/><F68/><W79/><G79/><T117/><D117/><U96/><E44/><V15/><F134/><W102/><G102/><T10/><D80/><U40/><REACH who="1" step="1"/><E4/><REACH who="1" ten="245,177,323,245" step="2"/><V92/><F7/><W39/><G46/><T26/><D31/><U110/><E110/><V82/><F126/><W53/><G39/><T73/><D29/><U18/><E18/><V75/><F37/><W77/><G36/><T83/><D109/><U13/><E13/><V135/><F12/><W66/><G45/><T17/><D108/><U58/><E58/><V54/><F15/><W103/><G62/><T43/><D17/><U9/><E9/><V105/><F57/><W121/><G59/><T6/><D10/><U111/><E111/><V63/><F63/><W24/><G67/><T122/><D64/><U78/><E78/><V19/><F19/><W87/><G66/><T49/><D71/><U124/><E124/><V101/><F135/><W123/><G77/><T0/><D6/><U65/><E65/><V56/><F56/><W70/><G70/><T76/><D76/><RYUUKYOKU ba="0,1" sc="245,-10,177,30,323,-10,245,-10" hai1="1,3,14,16,21,40,47,50,84,90,94,96,98" /><INIT seed="4,1,1,0,1,94" ten="235,207,313,235" oya="0" hai0="10,49,44,117,26,79,40,59,82,133,91,13,88" hai1="103,20,15,66,114,4,111,60,112,89,104,61,14" hai2="132,24,121,36,100,83,30,0,53,102,68,16,90" hai3="48,50,128,106,113,76,109,78,129,85,75,107,64"/><T134/><D117/><U6/><E111/><V18/><F121/><W125/><G109/><T2/><D26/><U58/><E89/><V116/><F0/><W45/><G75/><T84/><D2/><U17/><E61/><V86/><F68/><W120/><G120/><T47/><D59/><U12/><E6/><V77/><F36/><W42/><G113/><N who="1" m="43626" /><E4/><V126/><F90/><N who="0" m="34346" /><D47/><U21/><E21/><V9/><F116/><W70/><G125/><T124/><D124/><U81/><E81/><V96/><F126/><W22/><G22/><T122/><D122/><U8/><E8/><V71/><F9/><W135/><G70/><T43/><D43/><U1/><E1/><V23/><F71/><W67/><G42/><T39/><D39/><U108/><E108/><V52/><F83/><W35/><G35/><T95/><D10/><U25/><E25/><V130/><F24/><W51/><G51/><T5/><D5/><U73/><E73/><V123/><F123/><W105/><G50/><T31/><D13/><U33/><E33/><V127/><F127/><W34/><G34/><T119/><D119/><U3/><E3/><V56/><F23/><W92/><G48/><T37/><D37/><U19/><E20/><V110/><F110/><W74/><G67/><T99/><D31/><U118/><E118/><V101/><F30/><W41/><G64/><T29/><D29/><U28/><E28/><V57/><F18/><W72/><G41/><T7/><D7/><U93/><E104/><V62/><F16/><W46/><G106/><T97/><D95/><U63/><E63/><RYUUKYOKU ba="1,1" sc="235,15,207,15,313,-15,235,-15" hai0="40,44,49,79,82,84,97,99,133,134" hai1="12,14,15,17,19,58,60,66,93,103" /><INIT seed="4,2,1,2,1,8" ten="250,222,298,220" oya="0" hai0="45,11,128,57,99,130,54,28,111,107,0,81,132" hai1="56,38,129,55,117,6,100,70,71,51,40,48,84" hai2="27,86,36,53,62,76,89,68,122,61,135,112,87" hai3="29,10,98,131,102,33,114,72,42,94,106,47,95"/><T21/><D132/><U1/><E1/><V75/><F36/><W41/><G72/><T35/><D35/><U73/><E73/><V101/><F122/><W22/><G33/><T133/><D133/><U126/><E100/><V124/><F135/><W125/><G114/><T65/><D65/><U90/><E117/><V113/><F101/><W104/><G131/><N who="0" m="50219" /><D45/><U26/><E6/><V110/><F110/><W120/><G125/><T44/><D44/><U13/><E38/><V66/><F124/><W31/><G120/><T20/><D81/><U50/><E40/><V69/><F69/><W105/><G42/><T92/><D28/><U67/><E126/><V85/><F113/><W25/><G95/><T9/><D107/><U3/><E3/><V15/><F112/><W58/><G58/><T96/><D96/><U7/><E26/><V24/><F24/><W74/><G31/><T121/><D111/><U46/><E46/><V127/><F127/><W88/><G74/><T63/><D121/><U32/><E32/><V78/><F75/><W118/><G118/><T91/><D0/><U5/><E129/><V64/><F68/><W109/><G109/><T108/><D108/><U83/><E71/><V103/><F85/><W77/><G77/><T17/><D21/><U115/><E115/><V80/><F78/><W79/><G79/><T60/><D63/><N who="1" m="40319" /><E5/><V18/><F76/><W82/><G82/><T4/><D4/><U97/><E97/><V59/><F80/><W134/><G134/><T93/><D93/><U16/><E7/><V34/><F34/><W119/><G98/><RYUUKYOKU ba="2,1" sc="250,15,222,15,298,-15,220,-15" hai0="9,11,17,20,54,57,60,91,92,99" hai1="13,16,48,50,51,55,56,83,84,90" /><INIT seed="4,3,1,0,5,36" ten="265,237,283,205" oya="0" hai0="80,88,75,43,51,59,1,7,114,17,66,67,31" hai1="63,47,53,135,55,56,115,13,42,38,70,77,58" hai2="104,87,113,71,54,91,121,117,79,4,12,96,81" hai3="19,28,112,0,127,130,68,132,134,124,92,48,40"/><T86/><D114/><U100/><E100/><V123/><F71/><W74/><G74/><T45/><D31/><U129/><E77/><V34/><F34/><W61/><G0/><T102/><D75/><U89/><E89/><V37/><F37/><W122/><G28/><T11/><D102/><U97/><E97/><V83/><F54/><W10/><G92/><T126/><D126/><N who="3" m="48169" /><G10/><T101/><D101/><U50/><E13/><V23/><F23/><W8/><G8/><T110/><D110/><U108/><E108/><V20/><F20/><W9/><G9/><T26/><REACH who="0" step="1"/><D59/><REACH who="0" ten="255,237,283,205" step="2"/><N who="1" m="33207" /><E115/><V29/><F113/><W5/><G112/><T22/><AGARI ba="3,2" hai="1,7,11,17,22,26,43,45,51,66,67,80,86,88" machi="22" ten="30,11700,0" yaku="1,1,0,1,52,1,54,1,53,0" doraHai="36" doraHaiUra="109" who="0" fromWho="0" sc="255,146,237,-42,283,-42,205,-42" /><INIT seed="4,4,0,0,4,14" ten="401,195,241,163" oya="0" hai0="24,16,96,37,33,55,78,9,76,58,12,20,51" hai1="27,18,66,40,95,48,131,49,11,109,72,118,117" hai2="41,38,47,61,19,13,23,82,22,107,90,8,56" hai3="71,67,80,128,81,135,112,103,28,62,105,45,6"/><T129/><D33/><U132/><E109/><V121/><F107/><W91/><G112/><T122/><D122/><U17/><E72/><V10/><F121/><W39/><G135/><T101/><D37/><U119/><E132/><V30/><F90/><W124/><G128/><T7/><REACH who="0" step="1"/><D129/><REACH who="0" ten="391,195,241,163" step="2"/><U69/><E131/><V106/><F106/><AGARI ba="4,1" hai="7,9,12,16,20,24,51,55,58,76,78,96,101,106" machi="106" ten="30,18000,2" yaku="1,1,2,1,7,1,52,1,54,1,53,1" doraHai="14" doraHaiUra="4" who="0" fromWho="2" sc="391,202,195,0,241,-192,163,0" /><INIT seed="4,5,0,2,3,76" ten="593,195,49,163" oya="0" hai0="1,15,11,121,104,48,103,28,46,87,17,12,53" hai1="116,23,99,111,94,90,58,61,71,19,21,85,63" hai2="105,80,93,95,77,2,64,44,43,115,119,32,57" hai3="6,16,129,130,79,82,39,128,73,133,38,120,126"/><T84/><D121/><U108/><E116/><V127/><F115/><W92/><G120/><T67/><D1/><U109/><E71/><V34/><F105/><W60/><G6/><T74/><D74/><U131/><E131/><V123/><F123/><W26/><G133/><T78/><D67/><U51/><E51/><V0/><F127/><W35/><G126/><T52/><D28/><U66/><E63/><V8/><F119/><W29/><G92/><T132/><D132/><U113/><E113/><V54/><F64/><W3/><G3/><T107/><D103/><U24/><E23/><V98/><F32/><W25/><G60/><T112/><D112/><U41/><E41/><V100/><F34/><W31/><G16/><T125/><D125/><U101/><REACH who="1" step="1"/><E111/><REACH who="1" ten="593,185,49,163" step="2"/><V10/><F43/><W134/><G134/><T4/><D48/><U27/><E27/><V69/><F69/><W122/><G122/><T62/><D62/><U75/><E75/><V72/><F44/><W96/><G96/><T88/><D46/><U5/><E5/><V9/><REACH who="2" step="1"/><F95/><AGARI ba="5,1" hai="19,21,24,58,61,66,85,90,94,95,99,101,108,109" machi="95" ten="30,3900,0" yaku="1,1,7,1,53,1" doraHai="76" doraHaiUra="86" who="1" fromWho="2" sc="593,0,185,64,49,-54,163,0" owari="593,70.0,249,5.0,-5,-51.0,163,-24.0" /></mjloggm>