<mjloggm ver="2.3"><GO type="169" lobby="0"/><UN n0="%E5%B0%B1%E6%B4%BB%E7%94%9F%40%E5%B7%9D%E6%9D%91%E8%BB%8D%E5%9B%A3" n1="%E9%9B%80%E6%A5%B5%E3%81%AE%E3%81%B8" n2="%E3%83%94%E3%82%AB%E5%90%BE%E9%83%8E" n3="%6D%6F%6E%6F%2D%31%34" dan="18,16,16,16" rate="2254.02,2073.57,2097.02,2155.92" sx="M,F,M,M"/><TAIKYOKU oya="0"/><INIT seed="0,0,0,5,1,103" ten="250,250,250,250" oya="0" hai0="45,16,18,75,99,113,125,55,86,56,92,77,91" hai1="132,44,119,39,63,130,122,6,87,54,48,35,131" hai2="40,51,115,79,70,23,61,24,101,34,60,127,42" hai3="105,111,25,104,88,133,49,20,74,89,28,93,30"/><T102/><D113/><U68/><E35/><V84/><F34/><W50/><G74/><T1/><D1/><U21/><E6/><V120/><F120/><W43/><G111/><T135/><D125/><U3/><E3/><V112/><F127/><W0/><G0/><T110/><D135/><U65/><E119/><V19/><F112/><W52/><G30/><T9/><D45/><U118/><E118/><V98/><F115/><W121/><G133/><T57/><D9/><U7/><E87/><V126/><F51/><W114/><G114/><T37/><D37/><U2/><E21/><V62/><F70/><W117/><G117/><T82/><D57/><U17/><E17/><V46/><F46/><W11/><G11/><T116/><D110/><U59/><E132/><V85/><F126/><W38/><G38/><T95/><REACH who="0" step="1"/><D116/><REACH who="0" ten="240,250,250,250" step="2"/><U90/><E122/><V69/><F69/><W67/><G121/><T83/><D83/><U76/><E39/><V53/><F42/><W72/><G43/><T32/><D32/><U5/><E2/><V123/><F40/><W10/><G10/><T71/><D71/><U64/><E68/><V27/><F123/><W124/><G124/><T31/><D31/><U97/><E59/><V13/><F53/><W129/><G52/><T8/><D8/><U100/><E54/><V36/><F36/><W58/><G58/><T78/><D78/><U15/><E76/><V106/><F79/><W128/><G28/><T47/><D47/><U14/><E44/><V22/><F23/><W80/><G20/><T81/><D81/><U109/><E109/><RYUUKYOKU ba="0,1" sc="240,15,250,-15,250,15,250,-15" hai0="16,18,55,56,75,77,82,86,91,92,95,99,102" hai2="13,19,22,24,27,60,61,62,84,85,98,101,106" /><INIT seed="0,1,1,3,1,64" ten="255,235,265,235" oya="0" hai0="78,41,8,83,67,65,43,115,20,14,108,82,34" hai1="27,32,85,75,37,81,17,79,55,71,4,28,23" hai2="103,135,124,96,133,5,13,70,33,24,105,9,126" hai3="6,51,35,62,90,72,44,117,40,58,60,42,104"/><T86/><D34/><U3/><E37/><V54/><F54/><W99/><G72/><T106/><D106/><U47/><E71/><V59/><F59/><W93/><G104/><T88/><D115/><U15/><E47/><V68/><F33/><W18/><G35/><T87/><D108/><U102/><E55/><V74/><F24/><W128/><G128/><T89/><D20/><U119/><E102/><V114/><F74/><W111/><G111/><T21/><D21/><U127/><E127/><N who="2" m="48683" /><F114/><W110/><G117/><T11/><D78/><U38/><E38/><V118/><F118/><W112/><G6/><T125/><D125/><U98/><E98/><V57/><F57/><W91/><G112/><T92/><D92/><U80/><E119/><V120/><F120/><W31/><G31/><T131/><REACH who="0" step="1"/><D14/><REACH who="0" ten="245,235,265,235" step="2"/><U52/><E79/><V39/><F39/><W2/><G93/><T29/><D29/><U46/><E15/><V53/><F13/><W130/><G110/><T134/><D134/><U26/><E28/><V123/><F123/><W76/><G76/><T113/><D113/><U10/><E32/><V48/><F135/><W1/><G130/><AGARI ba="1,2" hai="8,11,41,43,65,67,82,83,86,87,88,89,130,131" machi="130" ten="25,9600,0" yaku="1,1,22,2,54,1,53,0" doraHai="64" doraHaiUra="109" who="0" fromWho="3" sc="245,119,235,0,265,0,235,-99" /><INIT seed="0,2,0,4,4,107" ten="364,235,265,136" oya="0" hai0="115,74,2,128,1,101,86,42,35,81,78,120,92" hai1="45,67,134,28,64,21,19,129,59,52,20,110,18" hai2="38,84,122,83,44,93,66,30,63,50,7,60,29" hai3="113,90,15,102,87,4,135,95,98,94,73,11,58"/><T96/><D35/><U61/><E110/><V132/><F38/><W9/><G113/><T88/><D115/><U75/><E129/><V40/><F122/><W36/><G36/><T119/><D119/><U111/><E111/><V76/><F132/><W23/><G135/><T133/><D133/><U39/><E134/><V46/><F46/><W8/><G73/><T51/><D128/><U123/><E123/><V31/><F66/><W62/><REACH who="3" step="1"/><G23/><REACH who="3" ten="364,235,265,126" step="2"/><T79/><D120/><U89/><E75/><V53/><F53/><AGARI ba="2,1" hai="4,8,9,11,15,53,58,62,87,90,94,95,98,102" machi="53" ten="30,7700,0" yaku="1,1,2,1,7,1,8,1,53,0" doraHai="107" doraHaiUra="33" who="3" fromWho="2" sc="364,0,235,0,265,-83,126,93" /><INIT seed="1,0,0,4,3,91" ten="364,235,182,219" oya="1" hai0="24,82,98,120,123,64,7,126,28,18,115,87,124" hai1="5,96,85,74,93,62,78,41,88,49,67,90,42" hai2="122,30,106,135,92,89,105,132,117,76,107,29,79" hai3="21,125,22,39,104,26,65,80,27,46,45,34,75"/><U50/><E78/><N who="2" m="29739" /><F117/><W54/><G80/><T84/><D64/><U86/><E74/><V58/><F58/><W6/><G104/><T63/><D7/><U113/><E113/><V102/><F102/><W77/><G77/><T13/><D63/><U109/><E5/><V19/><F19/><W108/><G75/><T0/><D0/><U72/><E72/><V111/><F122/><N who="0" m="46634" /><D98/><U101/><E109/><V36/><F36/><W9/><G108/><T12/><D82/><U10/><E10/><V103/><F103/><W23/><G39/><T127/><D115/><U16/><E16/><V69/><F69/><W71/><G65/><T43/><D43/><U38/><E38/><V130/><F111/><W60/><G71/><T66/><D66/><U100/><E96/><N who="2" m="57359" /><F130/><W97/><G60/><T3/><D3/><U51/><E41/><V73/><F73/><W57/><G97/><T129/><D129/><U20/><E42/><V4/><F4/><W52/><G54/><T56/><D56/><N who="1" m="37319" /><E20/><V47/><F47/><W94/><G46/><T1/><D1/><U8/><E8/><V112/><F112/><W25/><G45/><T59/><D59/><U33/><E33/><V134/><AGARI ba="0,0" hai="29,30,105,106,107,132,134,135" m="57359,29739" machi="134" ten="40,2700,0" yaku="20,1,52,1" doraHai="91" who="2" fromWho="2" sc="364,-7,235,-13,182,27,219,-7" /><INIT seed="2,0,0,2,2,100" ten="357,222,209,212" oya="2" hai0="18,32,134,127,45,67,17,34,36,110,108,106,13" hai1="20,123,30,96,2,29,1,111,82,64,121,81,124" hai2="125,44,98,79,12,87,10,71,78,119,11,69,112" hai3="104,60,53,130,33,120,54,118,47,6,3,99,80"/><V75/><F119/><W22/><G33/><T15/><D67/><U91/><E111/><N who="0" m="42537" /><D127/><U27/><E124/><V0/><F125/><W39/><G120/><N who="1" m="46154" /><E64/><V73/><F87/><W7/><G130/><T63/><D63/><U42/><E42/><V126/><F126/><W55/><G60/><T4/><D106/><U107/><E30/><V24/><F24/><W84/><G3/><N who="1" m="1034" /><E91/><V74/><F0/><W46/><G39/><T72/><D72/><U77/><E77/><V19/><F112/><W51/><G118/><T109/><D134/><U28/><E28/><V105/><F11/><W101/><G22/><N who="0" m="11567" /><D109/><U5/><E5/><V21/><F10/><W128/><G128/><T131/><D131/><U114/><E114/><V117/><F117/><W92/><G104/><T25/><D45/><N who="3" m="16905" /><G51/><T41/><D41/><U26/><E26/><V52/><F71/><W90/><AGARI ba="0,0" hai="6,7,53,54,55,80,84,90,92,99,101" m="16905" machi="90" ten="30,1100,0" yaku="8,1" doraHai="100" who="3" fromWho="3" sc="357,-3,222,-3,209,-5,212,11" /><INIT seed="3,0,0,2,3,109" ten="354,219,204,223" oya="3" hai0="123,97,5,32,119,14,20,17,36,118,110,44,60" hai1="54,18,29,114,77,2,68,111,43,107,95,28,80" hai2="40,126,0,131,105,70,122,26,47,85,35,56,132" hai3="64,22,30,103,51,104,86,102,48,101,120,87,135"/><W13/><G120/><T34/><D60/><U93/><E107/><V21/><F70/><W16/><G104/><T128/><D97/><U83/><E68/><V53/><F105/><W24/><G135/><T33/><D36/><U59/><E2/><V117/><F35/><W127/><G127/><T91/><D91/><U92/><E43/><V63/><F0/><W12/><G12/><T11/><D44/><U37/><E37/><V81/><F126/><W96/><G96/><T98/><D98/><U27/><E114/><V62/><F62/><W6/><G6/><T23/><D110/><U78/><E18/><V108/><F108/><W79/><G64/><T66/><D66/><U61/><E111/><V121/><F117/><N who="0" m="44554" /><D123/><U88/><E88/><V25/><F132/><W90/><G86/><T4/><D128/><U100/><E100/><V19/><F131/><W116/><G79/><N who="1" m="30218" /><E27/><V75/><F26/><W58/><G58/><T15/><D14/><U41/><E41/><V72/><F122/><W42/><G42/><T46/><D46/><U69/><E69/><V74/><F121/><W115/><G115/><T1/><D5/><U8/><E8/><AGARI ba="0,0" hai="1,4,8,11,15,17,20,23,32,33,34" m="44554" machi="8" ten="40,2600,0" yaku="34,2" doraHai="109" who="0" fromWho="1" sc="354,26,219,-26,204,0,223,0" /><INIT seed="4,0,0,3,4,130" ten="380,193,204,223" oya="0" hai0="83,101,133,19,85,65,67,88,3,66,122,41,14" hai1="80,44,89,76,55,135,11,52,126,87,109,117,106" hai2="119,29,16,33,128,5,73,53,51,79,123,9,99" hai3="62,84,98,59,17,28,26,102,32,94,134,22,23"/><T95/><D3/><U69/><E69/><V39/><F39/><W43/><G43/><T60/><D122/><U24/><E106/><V13/><F123/><W92/><G134/><T74/><D41/><U131/><E109/><V96/><F128/><W54/><G32/><T31/><D31/><U121/><E131/><V45/><F119/><W75/><G75/><T81/><D133/><U1/><E117/><V118/><F118/><W27/><G84/><T97/><D74/><U127/><E135/><V116/><F116/><W113/><G113/><T46/><D46/><U91/><E121/><V111/><F111/><W61/><G94/><T15/><D15/><U63/><E24/><V72/><F72/><W93/><G92/><T7/><D7/><N who="1" m="1519" /><E44/><V34/><F34/><W125/><G125/><N who="1" m="47626" /><E63/><AGARI ba="0,0" hai="17,22,23,26,27,28,54,59,61,62,63,93,98,102" machi="63" ten="30,2000,0" yaku="7,1,8,1" doraHai="130" who="3" fromWho="1" sc="380,0,193,-20,204,0,223,20" /><INIT seed="5,0,0,1,2,69" ten="380,173,204,243" oya="1" hai0="19,98,61,12,91,13,9,77,109,63,27,76,65" hai1="129,114,0,67,47,107,62,32,120,33,51,58,43" hai2="59,4,22,95,87,38,55,5,11,74,116,135,90" hai3="41,6,45,105,104,3,20,53,10,78,68,48,123"/><U25/><E107/><V46/><F74/><W132/><G132/><T14/><D109/><U93/><E0/><V127/><F116/><W112/><G112/><T75/><D75/><U131/><E114/><V84/><F135/><W97/><G68/><T8/><D27/><U18/><E120/><V60/><F127/><W118/><G118/><T134/><D134/><U15/><E93/><V85/><F22/><W106/><G20/><T49/><D49/><U37/><E25/><V82/><F11/><W121/><G78/><T52/><D65/><U23/><REACH who="1" step="1"/><E51/><REACH who="1" ten="380,163,204,243" step="2"/><N who="2" m="29175" /><F38/><W130/><G123/><T26/><D26/><U44/><E44/><V21/><F82/><W79/><G121/><T28/><D13/><U119/><E119/><V88/><F95/><W66/><G106/><T2/><D14/><U40/><E40/><V81/><F81/><W35/><G105/><T54/><D2/><U89/><E89/><V117/><F117/><W71/><G41/><T80/><D12/><U64/><E64/><N who="2" m="38943" /><F21/><W108/><G104/><T100/><D91/><AGARI ba="0,1" hai="4,5,84,85,87,88,90,91" m="38943,29175" machi="91" ten="30,2000,0" yaku="8,1,54,1" doraHai="69" who="2" fromWho="0" sc="380,-20,163,0,204,30,243,0" /><INIT seed="6,0,0,0,0,24" ten="360,163,234,243" oya="2" hai0="29,12,65,105,63,21,33,95,22,10,71,62,17" hai1="39,111,97,118,9,113,73,48,54,128,50,120,104" hai2="11,0,60,47,125,75,43,93,6,86,38,91,109" hai3="35,99,106,135,79,87,25,46,58,16,53,123,127"/><V132/><F125/><W13/><G123/><T28/><D105/><U66/><E97/><V102/><F132/><W119/><G135/><T96/><D33/><U70/><E9/><V112/><F112/><W81/><G127/><T76/><D76/><U92/><E92/><V103/><F109/><W134/><G46/><T8/><D8/><U26/><E26/><V3/><F3/><W59/><G58/><N who="0" m="37079" /><D63/><U68/><E54/><V101/><F75/><W78/><G119/><T130/><D130/><U94/><E94/><V2/><F2/><W133/><G134/><T32/><D32/><U7/><E66/><V85/><REACH who="2" step="1"/><F60/><REACH who="2" ten="360,163,224,243" step="2"/><W131/><G133/><T4/><D71/><U77/><E111/><V55/><F55/><W19/><G131/><T44/><D44/><U72/><E128/><V56/><F56/><W90/><G53/><T122/><D122/><U124/><E120/><V18/><F18/><W126/><G59/><T51/><D51/><U88/><E50/><V30/><F30/><N who="0" m="11882" /><D17/><U15/><E48/><V45/><F45/><W67/><G19/><T20/><D20/><U114/><E124/><V52/><F52/><W74/><G126/><T41/><D41/><U110/><E110/><V84/><AGARI ba="0,1" hai="0,6,11,38,43,47,84,85,86,91,93,101,102,103" machi="84" ten="30,3000,0" yaku="1,1,0,1,53,0" doraHai="24" doraHaiUra="14" who="2" fromWho="2" sc="360,-10,163,-10,224,40,243,-10" /><INIT seed="6,1,0,4,1,30" ten="350,153,264,233" oya="2" hai0="27,70,62,64,43,91,33,81,15,83,77,84,46" hai1="82,3,96,92,127,109,10,75,113,66,0,7,78" hai2="9,106,118,116,41,94,97,53,42,107,121,131,79" hai3="87,18,67,21,132,24,58,108,120,37,11,125,13"/><V98/><F121/><W102/><G37/><T74/><D15/><U130/><E113/><V59/><F131/><W38/><G38/><T5/><D5/><U123/><E127/><V49/><F79/><W14/><G125/><T99/><D99/><U93/><E130/><V50/><F94/><W71/><G108/><T56/><D27/><U65/><E109/><V89/><F59/><W69/><G132/><T115/><D115/><U2/><E123/><V111/><F111/><W28/><G87/><T90/><D33/><U54/><E54/><V124/><F124/><W103/><G120/><T8/><D8/><U61/><E92/><V39/><F39/><W85/><G85/><T73/><D73/><U88/><REACH who="1" step="1"/><E61/><REACH who="1" ten="350,143,264,233" step="2"/><V23/><F53/><W110/><G110/><T40/><D62/><U129/><E129/><V6/><F107/><W44/><G103/><T114/><D64/><AGARI ba="1,1" hai="0,2,3,7,10,64,65,66,75,78,82,88,93,96" machi="64" ten="40,2600,0" yaku="1,1,54,1,53,0" doraHai="30" doraHaiUra="122" who="1" fromWho="0" sc="350,-29,143,39,264,0,233,0" /><INIT seed="7,0,0,4,3,121" ten="321,182,264,233" oya="3" hai0="65,122,86,106,7,93,1,110,60,25,116,67,64" hai1="90,118,91,15,98,45,28,12,16,134,26,24,41" hai2="68,104,22,76,18,44,66,58,59,46,113,89,120" hai3="5,32,52,21,33,115,103,85,88,119,61,50,70"/><W37/><G37/><T38/><D110/><U128/><E118/><V124/><F104/><W135/><G119/><T109/><D109/><U29/><E128/><V71/><F113/><W69/><G103/><T102/><D38/><U131/><E131/><V31/><F31/><W101/><G101/><T3/><D122/><U34/><E134/><V6/><F6/><W132/><G5/><T72/><D72/><U73/><E73/><V74/><F120/><W47/><G21/><T27/><D106/><U55/><E55/><V39/><F39/><W92/><G115/><T48/><D60/><U129/><E129/><V75/><F74/><W96/><G96/><T127/><D127/><U35/><E98/><V111/><F111/><W99/><G85/><T81/><D48/><U42/><REACH who="1" step="1"/><E45/><REACH who="1" ten="321,172,264,233" step="2"/><N who="2" m="17515" /><F75/><W57/><G135/><T108/><D116/><U100/><E100/><V63/><F124/><W20/><G132/><T8/><D102/><U9/><E9/><V62/><F66/><W126/><G126/><T11/><D67/><U77/><E77/><V117/><F76/><W40/><REACH who="3" step="1"/><G20/><REACH who="3" ten="321,172,264,223" step="2"/><T13/><D11/><U78/><E78/><V87/><F117/><W30/><G30/><T114/><D8/><U14/><E14/><V97/><F97/><W49/><G49/><T54/><D13/><U105/><E105/><V43/><F22/><W17/><G17/><AGARI ba="0,2" hai="12,15,16,17,24,26,28,29,34,35,41,42,90,91" machi="17" ten="25,6400,0" yaku="1,1,22,2,54,1,53,0" doraHai="121" doraHaiUra="51" who="1" fromWho="3" sc="321,0,172,84,264,0,223,-64" owari="321,42.0,256,-14.0,264,6.0,159,-34.0" /></mjloggm>