<mjloggm ver="2.3"><GO type="169" lobby="0"/><UN n0="%E3%82%A6%E3%83%AB%E3%83%88%E3%83%A9%E7%AB%8B%E7%9B%B4" n1="%E6%8C%AF%E8%BE%BC%E5%A4%AA%E9%99%BD" n2="%63%72%69%74%74%65%72" n3="%E3%82%8A%E3%82%81%E3%82%8D" dan="18,16,17,16" rate="2224.10,2146.17,2153.85,2155.46" sx="M,M,M,M"/><TAIKYOKU oya="0"/><INIT seed="0,0,0,3,3,3" ten="250,250,250,250" oya="0" hai0="97,14,87,38,33,62,42,19,25,81,9,70,34" hai1="37,85,44,66,131,105,59,54,89,111,51,28,55" hai2="119,26,86,0,115,30,56,5,117,60,120,90,124" hai3="127,17,92,75,46,47,10,73,109,82,107,40,49"/><T76/><D38/><U31/><E111/><V112/><F120/><W83/><G109/><T7/><D42/><U67/><E105/><V102/><F102/><W125/><G107/><T80/><D97/><U113/><E131/><V27/><F124/><N who="3" m="47691" /><G92/><T130/><D130/><U88/><E113/><V18/><F18/><W108/><G108/><T103/><D103/><U1/><E1/><V16/><F27/><W32/><G32/><T100/><D100/><U116/><E116/><N who="2" m="44619" /><F0/><W84/><G47/><T101/><D101/><U98/><E37/><V95/><F5/><W63/><G63/><T106/><D106/><U129/><E129/><V57/><F16/><W35/><G35/><T21/><REACH who="0" step="1"/><D81/><REACH who="0" ten="240,250,250,250" step="2"/><N who="3" m="30729" /><G84/><T61/><D61/><N who="1" m="36095" /><E98/><V20/><F60/><W74/><G74/><T126/><D126/><U11/><E85/><V79/><F112/><W8/><G73/><T53/><D53/><U132/><E67/><AGARI ba="0,1" hai="7,9,14,19,21,25,33,34,62,67,70,76,80,87" machi="67" ten="40,3900,0" yaku="1,1,52,1,53,0" doraHai="3" doraHaiUra="69" who="0" fromWho="1" sc="240,49,250,-39,250,0,250,0" /><INIT seed="0,1,0,4,2,131" ten="289,211,250,250" oya="0" hai0="79,100,4,113,18,29,90,86,36,110,64,120,88" hai1="112,122,15,51,17,32,65,135,125,7,16,67,134" hai2="6,130,40,98,33,82,61,55,2,50,60,30,21" hai3="48,71,103,111,62,99,8,0,109,97,27,89,53"/><T22/><D113/><U92/><E122/><V80/><F33/><W38/><G38/><T94/><D120/><U19/><E32/><V1/><F130/><W119/><G119/><T35/><D36/><U69/><E112/><V37/><F37/><W26/><G89/><T118/><D118/><U23/><E125/><V121/><F40/><W91/><G91/><T96/><D110/><N who="3" m="41993" /><G8/><T5/><D64/><N who="1" m="24651" /><E69/><V66/><F98/><N who="3" m="37387" /><G62/><T133/><D133/><N who="1" m="50699" /><E92/><V107/><F121/><W105/><G71/><T114/><D35/><U78/><E78/><V57/><F107/><W39/><G39/><T106/><D114/><U46/><E7/><V75/><F6/><W73/><G105/><T54/><D79/><U59/><E59/><V24/><F57/><W58/><G58/><T49/><D90/><U52/><AGARI ba="1,0" hai="15,16,17,19,23,46,51,52" m="50699,24651" machi="52" ten="30,12000,2" yaku="20,1,52,3,54,2" doraHai="131" who="1" fromWho="1" sc="289,-61,211,123,250,-31,250,-31" /><INIT seed="1,0,0,0,4,93" ten="228,334,219,219" oya="1" hai0="73,58,26,59,107,121,37,76,25,68,42,43,91" hai1="65,82,33,77,119,20,23,83,55,50,95,35,86" hai2="8,129,64,124,103,89,2,104,60,85,39,31,97" hai3="88,90,117,134,67,100,102,132,51,0,34,133,72"/><U17/><E119/><V19/><F124/><W32/><G117/><T3/><D68/><U61/><E23/><V13/><F129/><W123/><G123/><T92/><D107/><U98/><E83/><V15/><F39/><W125/><G125/><T69/><D69/><U127/><E127/><V111/><F111/><W74/><G67/><T16/><D3/><U75/><E75/><N who="3" m="28714" /><G51/><T70/><D70/><U78/><E78/><V62/><F31/><W118/><G0/><T38/><D76/><U18/><E18/><V105/><F105/><W36/><G36/><T116/><D73/><U54/><E54/><V126/><F126/><W130/><G130/><T44/><D116/><U56/><E50/><V109/><F109/><W28/><G118/><T45/><D121/><U21/><E21/><V49/><F49/><W6/><G6/><T135/><D135/><U106/><E65/><V22/><F2/><W53/><G53/><T52/><D16/><U14/><REACH who="1" step="1"/><E106/><REACH who="1" ten="228,324,219,219" step="2"/><V10/><F64/><W110/><G110/><T29/><D29/><U115/><E115/><V71/><F22/><W66/><G66/><T113/><D113/><U7/><E7/><N who="2" m="3231" /><F71/><W131/><G28/><T101/><D59/><U94/><E94/><N who="2" m="54575" /><F62/><W57/><G131/><T4/><D38/><U84/><E84/><V27/><F60/><W99/><G57/><T128/><D58/><U46/><E46/><V11/><F11/><W79/><G134/><T48/><D45/><U81/><E81/><V24/><F10/><W9/><G133/><T63/><D37/><U12/><E12/><V122/><F122/><RYUUKYOKU ba="0,1" sc="228,-15,324,15,219,15,219,-15" hai1="14,17,20,33,35,55,56,61,77,82,86,95,98" hai2="15,19,24,27,97,103,104" /><INIT seed="1,1,1,3,5,32" ten="213,339,234,204" oya="1" hai0="40,64,18,22,4,33,20,90,19,82,25,13,68" hai1="93,88,61,119,10,0,125,30,101,50,132,73,38" hai2="66,99,108,102,15,52,100,111,1,14,86,130,104" hai3="94,51,105,7,107,11,131,69,117,92,129,115,74"/><U83/><E119/><V27/><F130/><N who="3" m="49675" /><G115/><T95/><D40/><U123/><E123/><V36/><F36/><W98/><G117/><T24/><D33/><U110/><E38/><V58/><F66/><W114/><G114/><T72/><D68/><U96/><E30/><V39/><F39/><W85/><G69/><T135/><D135/><U91/><E132/><V46/><F46/><W70/><G74/><T112/><D112/><U9/><E125/><V78/><F1/><N who="3" m="495" /><G70/><T28/><D64/><U80/><E110/><N who="2" m="42027" /><F102/><N who="3" m="60759" /><G51/><T75/><D82/><N who="1" m="31275" /><E0/><V8/><F78/><W29/><G29/><T35/><REACH who="0" step="1"/><D4/><REACH who="0" ten="203,339,234,204" step="2"/><U63/><E73/><V3/><F27/><W76/><G76/><T127/><D127/><U37/><E37/><V120/><F120/><W45/><G45/><T126/><D126/><U53/><E63/><N who="2" m="36295" /><F86/><AGARI ba="1,2" hai="13,18,19,20,22,24,25,28,35,72,75,86,90,95" machi="86" ten="30,2000,0" yaku="1,1,7,1,53,0" doraHai="32" doraHaiUra="56" who="0" fromWho="2" sc="203,43,339,0,234,-23,204,0" /><INIT seed="2,0,0,0,2,51" ten="246,339,211,204" oya="2" hai0="58,113,106,18,38,30,6,13,75,33,21,69,125" hai1="129,119,133,128,110,76,17,134,131,11,87,46,127" hai2="116,49,88,71,95,90,100,2,37,81,1,132,114" hai3="23,78,63,84,67,118,97,70,53,44,52,47,103"/><V96/><F114/><W60/><G118/><T45/><D69/><U4/><E76/><V50/><F116/><W5/><G5/><T79/><D106/><U109/><E119/><V94/><F37/><W9/><G9/><T83/><D113/><U85/><E46/><V122/><F122/><W34/><G34/><T57/><D125/><U12/><E85/><V20/><F71/><W120/><G120/><T32/><D6/><U28/><E87/><V55/><F132/><N who="1" m="50793" /><E127/><V77/><F100/><W82/><G23/><T102/><D102/><U56/><E56/><V135/><F135/><W61/><G67/><T8/><D45/><N who="3" m="17481" /><G70/><T89/><D89/><U66/><E66/><V72/><F20/><W10/><G10/><T62/><D57/><U7/><E28/><V130/><F130/><W107/><G107/><T59/><D58/><U43/><E43/><V123/><F123/><W39/><G39/><T86/><D38/><U29/><E29/><V22/><F22/><W27/><G27/><T99/><D21/><N who="1" m="11431" /><E7/><V40/><F40/><W91/><G103/><T73/><D30/><U112/><E112/><V92/><F49/><W3/><G3/><AGARI ba="0,0" hai="3,4,11,109,110,128,129,131" m="11431,50793" machi="3" ten="40,8000,1" yaku="19,1,20,1,34,2" doraHai="51" who="1" fromWho="3" sc="246,0,339,80,211,0,204,-80" /><INIT seed="3,0,0,2,1,75" ten="246,419,211,124" oya="3" hai0="42,21,74,77,39,57,129,105,16,65,9,27,31" hai1="131,82,130,90,133,92,61,121,99,86,106,5,126" hai2="64,94,97,68,93,19,107,55,123,14,40,81,104" hai3="25,91,41,48,84,24,38,109,8,20,7,127,124"/><W53/><G109/><T30/><D105/><U47/><E5/><V26/><F123/><W103/><G103/><T80/><D129/><N who="1" m="49163" /><E47/><V43/><F26/><W134/><G134/><T32/><D42/><U37/><E37/><V13/><F68/><W58/><G41/><T45/><D45/><U29/><E61/><V71/><F71/><W108/><G38/><T132/><D39/><U51/><E51/><V128/><F64/><W23/><G108/><T114/><D114/><U6/><E6/><V117/><F117/><W87/><G87/><T67/><D132/><U69/><E29/><V0/><F128/><W62/><G62/><T70/><D70/><U17/><E17/><V120/><F120/><W88/><G25/><T96/><D31/><U111/><E69/><V95/><F0/><W83/><G91/><T12/><D57/><U125/><E111/><V98/><F55/><W60/><G60/><T101/><REACH who="0" step="1"/><D32/><REACH who="0" ten="236,419,211,124" step="2"/><U44/><E44/><V34/><F34/><W73/><G73/><T36/><D36/><U22/><E133/><V76/><F40/><W10/><G24/><T72/><D72/><U1/><E121/><V35/><F35/><W2/><REACH who="3" step="1"/><G8/><REACH who="3" ten="236,419,211,114" step="2"/><T11/><D11/><U112/><E112/><V116/><F43/><W102/><G102/><T28/><D28/><U46/><E106/><V119/><F104/><W50/><G50/><T52/><D52/><U66/><E22/><AGARI ba="0,2" hai="2,7,10,20,22,23,48,53,58,83,84,88,124,127" machi="22" ten="40,3900,0" yaku="1,1,54,1,53,0" doraHai="75" doraHaiUra="118" who="3" fromWho="1" sc="236,0,419,-39,211,0,114,59" /><INIT seed="3,1,0,0,2,23" ten="236,380,211,173" oya="3" hai0="1,111,118,55,117,84,129,81,42,32,131,98,53" hai1="124,34,127,9,133,64,45,28,25,47,103,128,49" hai2="60,44,100,76,13,33,95,94,88,132,96,30,0" hai3="4,75,87,56,68,125,130,90,21,14,8,101,2"/><W120/><G120/><T82/><D32/><U37/><E128/><N who="0" m="49225" /><D1/><U59/><E103/><V106/><F0/><W113/><G130/><T27/><D111/><U26/><E133/><V15/><F132/><W126/><G113/><T41/><D98/><U107/><E107/><V11/><F76/><W114/><G114/><T93/><D93/><U6/><E37/><V74/><F74/><W58/><G75/><T18/><D84/><U38/><E38/><V62/><F106/><W122/><G101/><T40/><D18/><U35/><E64/><V89/><F100/><W48/><G68/><T99/><D99/><U70/><E70/><V86/><F44/><N who="1" m="16969" /><E59/><V65/><F65/><W54/><G122/><T91/><D91/><U51/><E28/><V57/><F57/><W119/><G58/><T12/><D12/><N who="1" m="5175" /><E51/><V19/><REACH who="2" step="1"/><F15/><REACH who="2" ten="236,380,201,173" step="2"/><W36/><G36/><T115/><D115/><U43/><E43/><V29/><F29/><W112/><G112/><T121/><D121/><U24/><E49/><V104/><F104/><W67/><G67/><T61/><D40/><U7/><E7/><V79/><F79/><W72/><G72/><T20/><D41/><U78/><E78/><V50/><F50/><W31/><G119/><T80/><D42/><U105/><E105/><V5/><F5/><W16/><REACH who="3" step="1"/><G31/><REACH who="3" ten="236,380,201,163" step="2"/><N who="0" m="17895" /><D118/><U97/><E97/><V22/><F22/><W108/><G108/><T10/><D117/><U83/><E35/><V116/><F116/><W73/><G73/><T71/><D71/><U17/><E34/><V123/><F123/><W66/><G66/><T109/><D109/><RYUUKYOKU ba="1,2" sc="236,-15,380,-15,201,15,163,15" hai2="11,13,19,30,33,60,62,86,88,89,94,95,96" hai3="2,4,8,14,16,21,48,54,56,87,90,125,126" /><INIT seed="3,2,2,1,0,124" ten="221,365,216,178" oya="3" hai0="52,44,135,20,33,97,30,89,23,82,37,88,6" hai1="10,131,24,1,87,95,79,120,78,62,101,132,29" hai2="100,66,0,98,94,59,60,127,117,106,21,80,46" hai3="35,83,96,110,111,99,133,28,75,109,121,74,49"/><W42/><G121/><T53/><D135/><U68/><E120/><V19/><F117/><W73/><G133/><T70/><D70/><U63/><E132/><V134/><F134/><W130/><G130/><T32/><D6/><U123/><E123/><V61/><F127/><W103/><G83/><T18/><D37/><U36/><E36/><V56/><F0/><W72/><N who="3" m="18432" /><DORA hai="50" /><W122/><G122/><T54/><D33/><U39/><E39/><V15/><F46/><N who="3" m="25815" /><G103/><T38/><D32/><U65/><E131/><V81/><REACH who="2" step="1"/><F106/><REACH who="2" ten="221,365,206,178" step="2"/><W113/><G113/><T107/><D107/><U57/><E1/><V116/><F116/><W126/><G126/><T4/><D44/><U58/><E10/><V76/><F76/><W93/><G93/><N who="0" m="56487" /><D38/><U51/><E95/><V25/><F25/><AGARI ba="2,3" hai="25,28,35,96,99,109,110,111" m="25815,18432" machi="25" ten="70,6800,0" yaku="14,1,10,1" doraHai="124,50" who="3" fromWho="2" sc="221,0,365,0,206,-74,178,104" /><INIT seed="3,3,0,2,5,59" ten="221,365,132,282" oya="3" hai0="87,129,35,70,3,98,105,131,18,30,44,1,5" hai1="39,60,103,4,96,8,25,108,110,29,20,109,71" hai2="67,43,76,62,93,38,17,65,54,0,22,88,33" hai3="55,45,68,51,11,116,128,127,46,83,120,37,75"/><W123/><G116/><T84/><D70/><U16/><E39/><V40/><F33/><W80/><G128/><T21/><D44/><U73/><E73/><V9/><F76/><W28/><G127/><T6/><D87/><U130/><E130/><N who="0" m="49673" /><D84/><U26/><E26/><V85/><F38/><W57/><G28/><T66/><D66/><N who="2" m="25098" /><F9/><W24/><G24/><N who="0" m="18887" /><D98/><U31/><E60/><V49/><F0/><N who="0" m="74" /><D105/><N who="1" m="63719" /><E71/><V119/><F119/><W121/><G68/><T50/><D50/><U58/><E58/><N who="2" m="35159" /><F49/><W117/><G117/><T7/><D7/><U82/><E82/><V48/><F48/><W34/><G75/><T74/><D74/><U101/><E101/><V69/><F69/><W27/><G80/><T104/><D104/><U99/><E99/><V107/><F107/><W92/><G83/><T111/><D111/><U63/><E63/><V125/><F125/><W12/><G37/><T118/><D118/><U113/><E110/><V61/><F61/><W102/><G102/><T19/><D19/><U89/><E109/><V47/><F47/><W122/><G122/><T14/><AGARI ba="3,0" hai="5,6,14,18,21" m="74,18887,49673" machi="14" ten="30,4000,0" yaku="19,1,34,2" doraHai="59" who="0" fromWho="0" sc="221,49,365,-13,132,-13,282,-23" /><INIT seed="4,0,0,4,5,2" ten="270,352,119,259" oya="0" hai0="91,79,116,25,70,60,64,77,85,28,63,86,16" hai1="99,36,39,44,125,29,114,32,123,111,90,119,19" hai2="23,78,33,3,76,6,10,18,65,87,92,42,0" hai3="105,7,95,13,27,134,69,20,15,102,43,52,106"/><T24/><D116/><U51/><E111/><V98/><F0/><W80/><G134/><T48/><D48/><U21/><E119/><V97/><F33/><W121/><G121/><T1/><D1/><U55/><E123/><V130/><F130/><W118/><G118/><T8/><D63/><U104/><E125/><V62/><F42/><W122/><G122/><T9/><D86/><U4/><E29/><V38/><F38/><W88/><G69/><T129/><D129/><U56/><E32/><V107/><F107/><W110/><G43/><T126/><D126/><U53/><E4/><V14/><F87/><N who="3" m="50279" /><G105/><T50/><D50/><U17/><E17/><V89/><REACH who="2" step="1"/><F98/><REACH who="2" ten="270,352,109,259" step="2"/><W37/><G106/><T74/><D74/><U73/><E73/><V115/><F115/><W132/><G37/><T54/><D85/><U59/><E114/><V131/><F131/><W112/><G110/><T57/><D79/><U49/><E104/><V5/><F5/><W103/><G7/><T12/><D77/><U75/><E75/><V45/><F45/><W94/><G112/><T100/><D100/><U11/><E44/><V133/><F133/><W84/><G132/><T81/><D91/><U30/><E39/><V68/><AGARI ba="0,1" hai="3,6,10,14,18,23,62,65,68,76,78,89,92,97" machi="68" ten="20,5200,0" yaku="1,1,0,1,7,1,52,1,53,0" doraHai="2" doraHaiUra="46" who="2" fromWho="2" sc="270,-26,352,-13,109,62,259,-13" /><INIT seed="5,0,0,4,3,113" ten="244,339,171,246" oya="1" hai0="83,78,71,29,5,7,24,95,129,14,80,26,79" hai1="82,19,25,34,116,120,109,42,12,59,134,37,51" hai2="56,28,75,103,65,101,18,20,39,43,66,90,6" hai3="45,93,111,40,69,36,99,44,17,46,87,84,112"/><U27/><E120/><V102/><F75/><W50/><G112/><T114/><D114/><U61/><E134/><V106/><F106/><W121/><G111/><T128/><D95/><U23/><E37/><V3/><F39/><W30/><G69/><T73/><D71/><U94/><E34/><V48/><F3/><W86/><G121/><T122/><D122/><U62/><E116/><V119/><F119/><W89/><G30/><T22/><D26/><U91/><E82/><V1/><F1/><W88/><G36/><T81/><D14/><U105/><E105/><V70/><F70/><W68/><G68/><T35/><D35/><U52/><E109/><V76/><F6/><W64/><G64/><T0/><D0/><U55/><E42/><V98/><F76/><W127/><G127/><T100/><D100/><U10/><E55/><N who="2" m="31847" /><F28/><W41/><G17/><T21/><D21/><U60/><E10/><V13/><F43/><N who="3" m="16459" /><G50/><T31/><D31/><U135/><REACH who="1" step="1"/><E135/><REACH who="1" ten="244,329,171,246" step="2"/><V131/><F131/><N who="0" m="50250" /><D81/><AGARI ba="0,1" hai="44,45,46,81,84,86,87,88,89,93,99" m="16459" machi="81" ten="30,2000,0" yaku="8,1,54,1" doraHai="113" who="3" fromWho="0" sc="244,-20,329,0,171,0,246,30" /><INIT seed="6,0,0,0,4,101" ten="224,329,171,276" oya="2" hai0="39,80,43,5,63,111,132,57,36,51,108,12,29" hai1="13,83,60,14,104,50,110,89,7,88,61,129,117" hai2="59,86,73,52,58,125,64,53,81,55,34,85,118" hai3="16,76,9,3,112,98,6,105,72,107,2,62,130"/><V131/><F118/><W82/><G130/><T32/><D32/><U20/><E110/><V33/><F131/><W90/><G3/><T91/><D29/><U68/><E117/><V56/><F64/><W8/><G112/><T113/><D91/><N who="1" m="34891" /><E104/><V1/><F1/><W97/><G62/><N who="1" m="24170" /><E68/><V133/><F133/><W134/><G134/><T99/><D12/><U65/><E65/><V100/><F125/><W94/><REACH who="3" step="1"/><G98/><REACH who="3" ten="224,329,171,266" step="2"/><T23/><D99/><U70/><E129/><V96/><F73/><W44/><G44/><T102/><D132/><U79/><E70/><V48/><F48/><W135/><G135/><T42/><D63/><U78/><E50/><V67/><F67/><W21/><G21/><T87/><D23/><U26/><E83/><V123/><F123/><W17/><G17/><T30/><D80/><U45/><E45/><V49/><F49/><W119/><G119/><T75/><D113/><U103/><E7/><V18/><F18/><W27/><G27/><T121/><D5/><U0/><E0/><V77/><REACH who="2" step="1"/><F86/><REACH who="2" ten="224,329,161,266" step="2"/><W124/><G124/><T92/><D87/><U41/><E41/><N who="0" m="15369" /><D51/><U47/><E47/><V25/><F25/><W93/><G93/><AGARI ba="0,2" hai="33,34,52,53,55,56,58,59,77,81,85,93,96,100" machi="93" ten="40,12000,1" yaku="1,1,54,1,53,2" doraHai="101" doraHaiUra="28" who="2" fromWho="3" sc="224,0,329,0,161,140,266,-120" /><INIT seed="6,1,0,4,2,121" ten="224,329,301,146" oya="2" hai0="105,52,127,83,43,31,48,49,39,51,46,102,94" hai1="97,20,0,9,58,8,53,116,3,84,12,41,90" hai2="76,93,69,70,27,1,135,74,23,50,4,120,36" hai3="118,80,115,26,37,79,85,21,5,117,86,111,35"/><V59/><F120/><W98/><G37/><T82/><D105/><U81/><E116/><V114/><F36/><W113/><G5/><T112/><D127/><U60/><E3/><V15/><F1/><W14/><G35/><T29/><D112/><N who="3" m="43081" /><G14/><T22/><D39/><U100/><E0/><V108/><F114/><W96/><G26/><N who="0" m="16599" /><D31/><U104/><E41/><V62/><F50/><N who="0" m="19562" /><D43/><U78/><E12/><V38/><F15/><W6/><G21/><T55/><D55/><U95/><REACH who="1" step="1"/><E20/><REACH who="1" ten="224,319,301,146" step="2"/><V63/><F23/><W66/><G6/><T129/><D129/><U33/><E33/><V124/><F4/><W122/><G122/><T110/><D110/><U107/><E107/><V13/><F108/><W7/><G111/><T128/><D128/><U64/><E64/><V91/><F13/><W44/><G7/><T109/><D109/><U131/><E131/><V10/><F10/><W40/><G66/><T19/><D19/><U67/><E67/><V123/><F123/><W106/><G40/><T47/><D47/><U18/><E18/><V61/><F27/><W103/><G44/><T45/><D45/><U65/><E65/><V125/><F124/><W2/><G2/><T89/><D102/><U30/><E30/><V92/><F125/><W57/><G117/><T25/><D25/><U126/><E126/><V134/><F70/><W133/><G118/><T71/><D71/><U24/><E24/><V32/><F69/><W54/><G103/><T34/><D34/><U16/><E16/><V56/><F32/><W119/><G106/><T17/><D17/><U88/><E88/><RYUUKYOKU ba="1,1" sc="224,15,319,15,301,-15,146,-15" hai0="46,51,52,82,83,89,94" hai1="8,9,53,58,60,78,81,84,90,95,97,100,104" /><INIT seed="7,2,1,5,5,41" ten="239,334,286,131" oya="3" hai0="80,60,32,29,124,73,52,53,40,2,112,43,108" hai1="44,120,47,79,101,46,25,50,31,5,62,122,12" hai2="51,65,28,102,58,23,4,27,74,26,91,55,57" hai3="126,90,132,95,33,133,42,19,111,121,135,84,83"/><W89/><G121/><T14/><D2/><U8/><E120/><V131/><F74/><W7/><G126/><T92/><D108/><U68/><E122/><V69/><F69/><W11/><G111/><T127/><D112/><U85/><E101/><V118/><F118/><W17/><G33/><T113/><D113/><U9/><E9/><V71/><F71/><W94/><G42/><T45/><D43/><N who="1" m="24863" /><E62/><N who="2" m="38103" /><F131/><W66/><G66/><T59/><D53/><U123/><E68/><V37/><F37/><W30/><G30/><T16/><D92/><N who="3" m="35369" /><G89/><T75/><D29/><U38/><E38/><V72/><F72/><W93/><N who="3" m="35377" /><W13/><AGARI ba="2,1" hai="7,11,13,17,19,83,84,90,132,133,135" m="35377" machi="13" ten="40,3900,0" yaku="4,1,20,1" doraHai="41" who="3" fromWho="3" sc="239,-15,334,-15,286,-15,131,55" /><INIT seed="7,3,0,4,3,114" ten="224,319,271,186" oya="3" hai0="92,79,88,7,78,87,12,30,42,27,0,35,130" hai1="9,10,64,100,68,125,85,53,121,47,116,97,105" hai2="84,6,23,2,65,70,99,101,113,63,55,60,31" hai3="112,66,40,1,119,71,127,48,58,122,51,94,91"/><W16/><G122/><T115/><D130/><U128/><E121/><V38/><F38/><W5/><G112/><T75/><D115/><U45/><E128/><V33/><F113/><W69/><G127/><T89/><D75/><U20/><E125/><V108/><F108/><W74/><G74/><T73/><D73/><U135/><E135/><V14/><F2/><W25/><G119/><T117/><D117/><U18/><E116/><V72/><F72/><W111/><G111/><T77/><D42/><U61/><E85/><V126/><F126/><W22/><G1/><T131/><D131/><U39/><E47/><V32/><F84/><W28/><G5/><T59/><D0/><U123/><E123/><V103/><F103/><W8/><G40/><T96/><D59/><U62/><E62/><V81/><F81/><W17/><G69/><T4/><REACH who="0" step="1"/><D12/><REACH who="0" ten="214,319,271,186" step="2"/><U98/><E68/><V129/><F14/><N who="3" m="7239" /><G71/><T110/><D110/><U104/><E39/><V109/><F109/><W67/><G28/><T46/><D46/><U44/><E44/><V83/><F31/><W13/><G13/><T120/><D120/><U86/><E45/><V52/><F70/><W50/><G58/><T93/><AGARI ba="3,1" hai="4,7,27,30,35,77,78,79,87,88,89,92,93,96" machi="93" ten="30,7900,0" yaku="1,1,0,1,54,1,53,1" doraHai="114" doraHaiUra="24" who="0" fromWho="0" sc="214,98,319,-23,271,-23,186,-42" owari="312,41.0,296,10.0,248,-15.0,144,-36.0" /></mjloggm>