<mjloggm ver="2.3"><GO type="169" lobby="0"/><UN n0="%E2%80%A0%58%54%45%4E%44%E2%80%A0" n1="%E7%AB%8B%E8%8F%AF%E5%A5%8F" n2="%E3%82%A6%E3%83%AB%E3%83%88%E3%83%A9%E7%AB%8B%E7%9B%B4" n3="%E9%BB%92%E7%8C%AB%EF%BC%BE%EF%BC%8D%EF%BC%BE" dan="17,16,17,16" rate="2196.53,2129.38,2125.44,2092.27" sx="F,F,M,M"/><TAIKYOKU oya="0"/><INIT seed="0,0,0,1,1,68" ten="250,250,250,250" oya="0" hai0="60,47,98,115,11,17,65,105,111,76,44,1,14" hai1="125,100,133,29,123,21,117,66,54,39,135,48,0" hai2="131,112,67,15,88,20,41,94,63,83,3,96,59" hai3="91,62,73,8,23,9,75,58,71,85,129,31,72"/><T84/><D115/><U116/><E0/><V132/><F3/><W22/><G71/><T90/><D111/><U78/><E123/><V70/><F112/><W128/><G31/><T69/><D1/><U95/><E78/><V25/><F131/><W43/><G43/><T49/><D76/><U120/><E120/><V121/><F121/><W126/><G126/><T81/><D44/><U18/><E29/><V130/><F130/><W107/><G107/><T79/><D79/><U35/><E35/><V12/><F132/><N who="1" m="50761" /><E66/><V89/><F70/><W55/><G129/><T110/><D110/><U4/><E4/><V77/><F41/><W134/><G134/><T27/><D27/><N who="1" m="14775" /><E125/><V10/><F10/><W93/><REACH who="3" step="1"/><G128/><REACH who="3" ten="250,250,250,240" step="2"/><T99/><REACH who="0" step="1"/><D105/><REACH who="0" ten="240,250,250,240" step="2"/><U108/><E108/><V38/><F77/><W32/><G32/><T122/><D122/><U40/><E117/><V53/><F25/><W109/><G109/><T101/><D101/><U86/><E116/><V5/><F89/><W64/><G64/><T57/><D57/><U74/><E100/><V87/><F67/><W2/><G2/><T16/><D16/><U106/><E106/><V124/><F124/><W46/><G46/><T34/><D34/><U118/><E118/><V119/><F119/><W37/><G37/><T33/><D33/><U45/><E74/><V50/><F38/><W24/><G24/><T104/><D104/><U113/><E113/><V82/><F59/><W56/><G56/><T114/><D114/><U61/><E39/><V26/><F26/><W51/><G51/><T19/><D19/><U102/><E102/><RYUUKYOKU ba="0,2" sc="240,15,250,-15,250,-15,240,15" hai0="11,14,17,47,49,60,65,69,81,84,90,98,99" hai3="8,9,22,23,55,58,62,72,73,75,85,91,93" /><INIT seed="0,1,2,3,5,38" ten="255,235,235,255" oya="0" hai0="99,16,92,66,27,40,130,87,128,64,0,41,42" hai1="4,78,10,72,75,108,67,19,60,77,115,74,53" hai2="50,123,104,63,122,56,118,20,84,2,82,97,120" hai3="81,85,17,93,86,54,35,105,102,14,22,37,32"/><T24/><D0/><U129/><E108/><V59/><F2/><W36/><G105/><T90/><D16/><U114/><E129/><N who="0" m="49769" /><D99/><U101/><E19/><V89/><F118/><W124/><G124/><T116/><D116/><U23/><E23/><V103/><F50/><W112/><G112/><N who="1" m="43050" /><E53/><V8/><F8/><W49/><G32/><T106/><D106/><U113/><N who="1" m="43058" /><U13/><DORA hai="62" /><E101/><V80/><F20/><W98/><G35/><T94/><D92/><U33/><E33/><V133/><F133/><W15/><G15/><T48/><D48/><U69/><AGARI ba="1,2" hai="4,10,13,60,67,69,72,74,75,77,78" m="43058" machi="69" ten="50,3200,0" yaku="11,1,52,1" doraHai="38,62" who="1" fromWho="1" sc="255,-17,235,55,235,-9,255,-9" /><INIT seed="1,0,0,3,3,37" ten="238,290,226,246" oya="1" hai0="59,84,88,101,46,69,130,64,114,89,108,55,29" hai1="19,15,12,39,51,26,53,105,63,36,33,10,58" hai2="60,47,3,86,80,128,93,103,48,95,42,96,7" hai3="115,65,49,76,92,122,32,110,61,132,91,72,74"/><U121/><E105/><V30/><F128/><W83/><G32/><T2/><D2/><U97/><E121/><V112/><F112/><W52/><G122/><T79/><D114/><U119/><E119/><V8/><F30/><W126/><G115/><T135/><D130/><U131/><E131/><V123/><F123/><W16/><G110/><T6/><D108/><U120/><E120/><V62/><REACH who="2" step="1"/><F95/><REACH who="2" ten="238,290,216,246" step="2"/><W90/><G92/><T129/><D29/><U25/><E33/><V107/><F107/><W94/><G94/><T78/><D129/><U102/><E102/><V38/><F38/><W82/><G126/><T11/><D101/><U43/><E36/><V127/><F127/><W117/><G117/><T27/><D135/><U18/><E39/><V125/><F125/><W4/><G132/><T106/><D106/><U50/><E97/><V45/><F45/><W98/><G98/><T70/><D46/><N who="1" m="25951" /><E63/><V34/><F34/><W57/><G61/><T100/><D100/><U134/><E134/><V24/><F24/><W35/><G35/><T104/><D27/><U23/><AGARI ba="0,1" hai="10,12,15,18,19,23,25,26,51,53,58" m="25951" machi="23" ten="30,3000,0" yaku="8,1,52,1" doraHai="37" who="1" fromWho="1" sc="238,-10,290,40,216,-10,246,-10" /><INIT seed="1,1,0,0,4,119" ten="228,330,206,236" oya="1" hai0="18,127,77,63,81,35,21,49,109,76,22,129,135" hai1="11,94,98,26,121,61,24,41,10,126,28,17,60" hai2="56,117,134,95,112,37,46,9,97,12,131,78,74" hai3="19,88,51,50,93,45,115,84,96,4,130,133,47"/><U16/><E126/><V99/><F117/><W102/><G115/><T5/><D35/><U1/><E41/><V87/><F112/><W15/><G133/><T58/><D135/><U23/><E1/><V122/><F134/><W33/><G130/><T75/><D129/><U124/><E124/><V52/><F131/><W68/><G68/><T128/><D128/><U107/><E107/><V42/><F74/><W101/><G33/><T85/><D127/><U43/><E43/><V118/><F118/><W54/><G4/><T65/><D109/><U0/><E0/><V125/><F125/><W57/><G50/><T59/><D5/><U92/><E98/><V70/><F70/><W108/><G102/><T90/><D75/><U38/><E23/><N who="0" m="8713" /><D18/><U27/><E27/><V120/><F87/><W66/><G66/><N who="0" m="39287" /><D49/><U71/><E71/><V132/><F78/><W72/><G72/><T83/><D81/><U30/><REACH who="1" step="1"/><E38/><REACH who="1" ten="228,320,206,236" step="2"/><V113/><F132/><W110/><G110/><T13/><D13/><U44/><E44/><V80/><F113/><W105/><REACH who="3" step="1"/><G108/><REACH who="3" ten="228,320,206,226" step="2"/><T34/><D34/><U6/><E6/><V40/><F37/><W82/><G82/><T29/><D83/><U114/><E114/><V104/><F80/><W67/><G67/><T25/><D65/><U31/><E31/><V53/><F42/><W3/><G3/><T116/><D29/><U103/><E103/><V106/><F40/><W100/><G100/><T20/><D116/><U73/><E73/><V8/><F53/><W89/><G89/><T39/><D90/><U2/><E2/><V36/><F52/><RYUUKYOKU ba="1,2" sc="228,-15,320,15,206,-15,226,15" hai1="10,11,16,17,24,26,28,30,60,61,92,94,121" hai3="15,19,45,47,51,54,57,84,88,93,96,101,105" /><INIT seed="1,2,2,3,4,126" ten="213,335,191,241" oya="1" hai0="55,82,116,88,44,40,67,32,18,99,111,50,23" hai1="131,17,101,13,58,5,47,36,65,83,129,16,54" hai2="42,49,106,59,127,94,29,0,121,71,86,124,37" hai3="21,35,130,87,48,69,77,84,80,135,117,7,39"/><U81/><E101/><V78/><F71/><W28/><G39/><T62/><D116/><U96/><E96/><V125/><F106/><W25/><G135/><T60/><D32/><U20/><E5/><V108/><F121/><W33/><G117/><T30/><D111/><U24/><E65/><V52/><F108/><W53/><G69/><T98/><D30/><U64/><E64/><V74/><F0/><W105/><G105/><T102/><D40/><U79/><E47/><N who="2" m="24015" /><F29/><W14/><G87/><N who="0" m="50295" /><D102/><U93/><E93/><V119/><F119/><W120/><G120/><T27/><D67/><U31/><E36/><V122/><F122/><W75/><G75/><T133/><D133/><U66/><E66/><V85/><F94/><W51/><G51/><T107/><D107/><U61/><E17/><V97/><F97/><AGARI ba="2,2" hai="18,23,27,44,50,55,60,62,97,98,99" m="50295" machi="97" ten="30,2000,0" yaku="8,1,54,1" doraHai="126" who="0" fromWho="2" sc="213,46,335,0,191,-26,241,0" /><INIT seed="2,0,0,4,3,16" ten="259,335,165,241" oya="2" hai0="77,106,18,4,52,57,32,112,101,94,102,37,120" hai1="65,127,45,42,38,41,67,79,98,122,47,3,88" hai2="80,40,23,134,36,69,1,2,75,44,34,116,60" hai3="11,29,115,123,100,53,61,72,111,66,133,5,7"/><V104/><F116/><W51/><G123/><T27/><D120/><U10/><E122/><V82/><F34/><W121/><G121/><T126/><D112/><U135/><E127/><V124/><F124/><W9/><G111/><T54/><D126/><U110/><E110/><V31/><F104/><W43/><G72/><T71/><D71/><U17/><E135/><V131/><F134/><W128/><G133/><T117/><D37/><U49/><E79/><V58/><F69/><W95/><G29/><T48/><D106/><U70/><E70/><V20/><F131/><W114/><G43/><T99/><D117/><U35/><E35/><V59/><F59/><W6/><G128/><T96/><D4/><U89/><E3/><V28/><F1/><W63/><G95/><T85/><D32/><U76/><E76/><V92/><F92/><W26/><G26/><T107/><D85/><U56/><E98/><V0/><F0/><W87/><G87/><T97/><D77/><U118/><E118/><V46/><F2/><W91/><G100/><T129/><D129/><U113/><E113/><N who="3" m="43018" /><G91/><T84/><D84/><U8/><E56/><V62/><F58/><N who="3" m="37175" /><G63/><N who="0" m="36263" /><D102/><U12/><REACH who="1" step="1"/><E8/><REACH who="1" ten="259,325,165,241" step="2"/><V33/><F33/><W30/><G11/><T73/><D107/><U68/><E68/><V90/><F90/><AGARI ba="0,1" hai="10,12,17,38,41,42,45,47,49,65,67,88,89,90" machi="90" ten="40,2600,0" yaku="1,1,54,1,53,0" doraHai="16" doraHaiUra="50" who="1" fromWho="2" sc="259,0,325,36,165,-26,241,0" /><INIT seed="3,0,0,2,5,51" ten="259,361,139,241" oya="3" hai0="31,25,116,85,2,105,42,133,68,121,17,110,109" hai1="93,101,97,4,123,108,98,18,70,7,126,37,50" hai2="119,73,128,0,87,132,115,57,129,63,103,33,112" hai3="131,19,91,64,78,120,99,65,29,43,59,38,60"/><W102/><G120/><T90/><D121/><U125/><E123/><V117/><F87/><W61/><G131/><N who="2" m="50249" /><F103/><W94/><G78/><T13/><D116/><N who="2" m="44618" /><F73/><W15/><G29/><T28/><D68/><U89/><E108/><N who="0" m="41577" /><D2/><U88/><E70/><V21/><F21/><W62/><G43/><T77/><D105/><U35/><E35/><V54/><F0/><W39/><G62/><T75/><D133/><U80/><E37/><V118/><N who="2" m="44626" /><V9/><DORA hai="45" /><F9/><W55/><G64/><T71/><D71/><U56/><E18/><V76/><F76/><W5/><G5/><T8/><D42/><U36/><E36/><V81/><F81/><W113/><G113/><N who="2" m="43593" /><F33/><W32/><G32/><T47/><D75/><U24/><E24/><V135/><AGARI ba="0,0" hai="54,57,63,132,135" m="43593,44626,50249" machi="135" ten="50,8000,1" yaku="19,1,34,2,52,1" doraHai="51,45" who="2" fromWho="2" sc="259,-20,361,-20,139,80,241,-40" /><INIT seed="4,0,0,3,4,107" ten="239,341,219,201" oya="0" hai0="48,83,93,7,54,131,101,130,106,19,1,105,116" hai1="94,95,12,32,98,127,97,28,65,135,6,31,18" hai2="27,26,71,112,75,125,66,92,99,72,41,57,33" hai3="46,84,82,104,120,15,2,126,53,29,61,118,79"/><T9/><D116/><U113/><E127/><V40/><F71/><W111/><G2/><T16/><D93/><U91/><E135/><V77/><F77/><W11/><G118/><T108/><D108/><U59/><E6/><V76/><F76/><W123/><G111/><T124/><D124/><U4/><E4/><V68/><F68/><W87/><G126/><T63/><D63/><U47/><E32/><V133/><F125/><W69/><G104/><T22/><D83/><U134/><E134/><V5/><F5/><W35/><G87/><T74/><D19/><U85/><E113/><V88/><F133/><W122/><G29/><T44/><D74/><U43/><E65/><V24/><F33/><W109/><G35/><T58/><D44/><U42/><E59/><V121/><F121/><W55/><G46/><T52/><D54/><U89/><E85/><V49/><F112/><W25/><G25/><N who="0" m="14535" /><D101/><U132/><E132/><V102/><F102/><W3/><G3/><T8/><D9/><U67/><E67/><V114/><F114/><W13/><G109/><T21/><D21/><U30/><E47/><V117/><F117/><W56/><G69/><T36/><D36/><U60/><E60/><V73/><REACH who="2" step="1"/><F49/><REACH who="2" ten="239,341,209,201" step="2"/><W96/><G123/><T90/><D90/><U23/><AGARI ba="0,1" hai="12,18,23,28,30,31,42,43,89,91,94,95,97,98" machi="23" ten="30,4000,0" yaku="0,1,9,1,8,1" doraHai="107" who="1" fromWho="1" sc="239,-20,341,50,209,-10,201,-10" /><INIT seed="5,0,0,4,5,131" ten="219,391,199,191" oya="1" hai0="130,106,57,18,91,56,22,35,23,61,48,44,59" hai1="133,5,72,110,52,19,94,113,50,62,134,47,51" hai2="26,70,30,24,108,13,67,135,4,8,112,124,71" hai3="79,64,14,96,68,115,83,63,80,95,128,85,16"/><U46/><E72/><V43/><F108/><W125/><G128/><T107/><D130/><U28/><E5/><V77/><F124/><W17/><G115/><T27/><D35/><U39/><E28/><V36/><F112/><W117/><G125/><T29/><D61/><U84/><E113/><V73/><F67/><W10/><G117/><T126/><D126/><U69/><E110/><V60/><F60/><W0/><G0/><T102/><D91/><U74/><E74/><V119/><F119/><W55/><G55/><T81/><D81/><U98/><E84/><V97/><F97/><W65/><G65/><T116/><D102/><U76/><E76/><V82/><F26/><W3/><G3/><T34/><D116/><U37/><E19/><V32/><REACH who="2" step="1"/><F135/><REACH who="2" ten="219,391,189,191" step="2"/><N who="1" m="51721" /><E62/><V58/><F58/><W41/><G64/><T25/><REACH who="0" step="1"/><D34/><REACH who="0" ten="209,391,189,191" step="2"/><U6/><E69/><V87/><F87/><W31/><G63/><T122/><D122/><U86/><E86/><V75/><F75/><W40/><G68/><T53/><AGARI ba="0,2" hai="18,22,23,25,27,29,44,48,53,56,57,59,106,107" machi="53" ten="30,2000,0" yaku="1,1,0,1,53,0" doraHai="131" doraHaiUra="105" who="0" fromWho="0" sc="209,40,391,-10,189,-5,191,-5" /><INIT seed="6,0,0,4,1,130" ten="249,381,184,186" oya="2" hai0="97,12,61,74,113,28,30,77,18,52,133,4,22" hai1="60,66,104,126,25,56,9,34,87,128,120,111,75" hai2="32,41,24,11,124,102,33,93,106,44,7,81,129" hai3="80,62,83,94,85,78,123,135,88,68,82,40,36"/><V21/><F106/><W26/><G123/><T122/><D122/><U16/><E120/><V118/><F118/><W73/><G36/><T100/><D113/><U27/><E111/><V8/><F129/><W57/><G40/><T13/><D133/><U48/><E75/><V65/><F124/><W70/><G135/><T92/><D74/><U47/><E126/><V134/><F134/><W53/><G70/><T15/><D77/><U72/><E72/><V79/><F65/><W43/><G43/><T59/><REACH who="0" step="1"/><D4/><REACH who="0" ten="239,381,184,186" step="2"/><U35/><E128/><V39/><F8/><W71/><G73/><T109/><D109/><U86/><E9/><V37/><F37/><W131/><G78/><T119/><D119/><U91/><E104/><V98/><F79/><W6/><G6/><T101/><D101/><U125/><E125/><V38/><F38/><W132/><G131/><T5/><D5/><U49/><E91/><V95/><F95/><W89/><G132/><T121/><D121/><U29/><E87/><V3/><REACH who="2" step="1"/><F81/><REACH who="2" ten="239,381,174,186" step="2"/><W45/><G94/><T23/><D23/><U31/><E66/><V64/><F64/><W67/><G83/><T112/><D112/><U127/><E127/><V51/><F51/><W42/><G67/><T76/><D76/><U20/><E48/><V54/><F54/><W116/><G116/><T17/><D17/><AGARI ba="0,2" hai="3,7,11,17,21,24,32,33,39,41,44,93,98,102" machi="17" ten="30,2900,0" yaku="1,1,7,1,53,0" doraHai="130" doraHaiUra="114" who="2" fromWho="0" sc="239,-29,381,0,174,49,186,0" /><INIT seed="6,1,0,3,0,61" ten="210,381,223,186" oya="2" hai0="100,68,65,95,67,134,127,63,39,66,13,133,111" hai1="55,109,126,31,41,53,10,75,74,94,79,5,33" hai2="9,117,54,36,57,49,20,129,106,0,116,30,24" hai3="88,82,25,92,135,43,98,72,78,48,34,87,103"/><V60/><F36/><W122/><G122/><T42/><D111/><U132/><E109/><V3/><F106/><W99/><G135/><N who="0" m="51723" /><D127/><U70/><E126/><V26/><F129/><W114/><G114/><T76/><D76/><U23/><E33/><V90/><F90/><W46/><G99/><N who="0" m="59519" /><D13/><U124/><E79/><V86/><F86/><W19/><G34/><T89/><D89/><U11/><E75/><V108/><F108/><W47/><G47/><AGARI ba="1,0" hai="39,42,47,63,65,66,67,68" m="59519,51723" machi="47" ten="30,7700,0" yaku="20,1,52,3" doraHai="61" who="0" fromWho="3" sc="210,80,381,0,223,0,186,-80" /><INIT seed="7,0,0,4,0,80" ten="290,381,223,106" oya="3" hai0="122,78,61,16,49,90,20,69,129,45,26,54,1" hai1="89,0,86,34,82,11,66,102,101,110,96,31,8" hai2="10,76,22,116,94,83,97,93,14,130,21,3,133" hai3="7,128,4,35,13,113,121,126,36,104,125,24,25"/><W60/><G104/><T32/><D122/><U12/><E110/><V52/><F3/><W88/><G36/><T106/><D1/><U41/><E0/><V112/><F116/><W42/><G121/><T9/><D106/><U2/><E2/><V77/><F112/><W43/><G113/><T55/><D129/><U5/><E8/><V95/><F130/><W114/><G114/><T100/><D100/><U73/><E73/><V92/><F52/><W65/><G128/><T29/><D78/><N who="2" m="30314" /><F83/><W107/><G107/><T117/><D9/><U27/><E66/><V75/><F75/><W132/><G132/><T115/><D117/><U33/><E41/><N who="3" m="15370" /><G35/><T74/><D74/><U17/><E5/><N who="3" m="2122" /><G13/><T51/><D115/><U63/><E63/><V67/><F133/><W62/><G88/><T120/><D90/><U109/><E109/><V111/><F111/><W39/><G39/><T119/><D119/><U87/><E33/><V28/><F67/><W38/><G38/><T79/><D79/><U56/><E56/><V124/><F94/><W50/><G50/><N who="0" m="29007" /><D120/><U6/><E6/><V57/><F95/><W70/><G62/><T85/><D61/><U84/><E102/><V108/><F93/><AGARI ba="0,0" hai="11,12,17,27,31,34,82,84,86,87,89,93,96,101" machi="93" ten="30,7700,0" yaku="7,1,52,3" doraHai="80" who="1" fromWho="2" sc="290,0,381,77,223,-77,106,0" owari="290,9.0,458,55.0,146,-25.0,106,-39.0" /></mjloggm>