<mjloggm ver="2.3"><GO type="169" lobby="0"/><UN n0="%E5%B0%B1%E6%B4%BB%E7%94%9F%40%E5%B7%9D%E6%9D%91%E8%BB%8D%E5%9B%A3" n1="%E2%99%AA%E7%B5%90%E6%9C%88%E3%82%86%E3%81%8B%E3%82%8A%E2%99%AA" n2="%E9%88%B4%E5%B1%8B%E5%86%85%E4%BA%94%E6%9B%B2" n3="%63%68%61%72%68%69%6D%65" dan="19,18,16,16" rate="2360.75,2187.39,2078.08,2088.77" sx="M,F,M,F"/><TAIKYOKU oya="0"/><INIT seed="0,0,0,5,5,38" ten="250,250,250,250" oya="0" hai0="107,35,7,29,46,13,117,126,130,135,102,103,63" hai1="99,39,75,58,22,105,26,125,113,83,53,80,74" hai2="11,81,5,62,128,73,89,50,69,109,68,24,133" hai3="42,20,90,101,45,82,129,67,25,33,66,18,56"/><T110/><D117/><U70/><E70/><V36/><F36/><W108/><G108/><T31/><D130/><U54/><E39/><V8/><F8/><W76/><G129/><T6/><D126/><U97/><E125/><V93/><F128/><W134/><G134/><T47/><D107/><U48/><E113/><V64/><F133/><W95/><G101/><T59/><D135/><U12/><E12/><V77/><F24/><W60/><G33/><T21/><D35/><U106/><E48/><V111/><F50/><W122/><G122/><T119/><D119/><U65/><E58/><V10/><F69/><W3/><G3/><T71/><D71/><U127/><E127/><V27/><F27/><W55/><G82/><T84/><D84/><U104/><E26/><V123/><F123/><W30/><G76/><T15/><D110/><N who="2" m="41994" /><F5/><W115/><G30/><T44/><D59/><U132/><E22/><V87/><AGARI ba="0,0" hai="10,11,62,64,68,73,77,81,87,89,93" m="41994" machi="87" ten="30,1100,0" yaku="14,1" doraHai="38" who="2" fromWho="2" sc="250,-5,250,-3,250,11,250,-3" /><INIT seed="1,0,0,2,1,34" ten="245,247,261,247" oya="1" hai0="6,103,35,51,82,27,78,77,120,9,49,107,44" hai1="106,91,46,79,67,74,121,2,97,71,39,123,90" hai2="126,122,52,101,102,100,53,124,12,118,41,55,94" hai3="70,62,72,130,24,16,98,5,92,17,48,84,22"/><U56/><E56/><V65/><F122/><W87/><G130/><T38/><D120/><U59/><E59/><V10/><F118/><W114/><G72/><T1/><D78/><U21/><E90/><V73/><F73/><W86/><G114/><T32/><D51/><U30/><E91/><V36/><F65/><W131/><G131/><T60/><D60/><N who="1" m="40423" /><E21/><V15/><F94/><W132/><G132/><T3/><D49/><U135/><E135/><V57/><F57/><W116/><G116/><T11/><D27/><U105/><E30/><V7/><REACH who="2" step="1"/><F12/><REACH who="2" ten="245,247,251,247" step="2"/><W95/><G95/><T117/><D117/><U125/><E123/><V113/><F113/><W110/><G70/><T66/><D66/><U133/><E106/><V69/><F69/><W14/><G110/><T54/><D107/><U23/><E121/><V45/><AGARI ba="0,1" hai="7,10,15,36,41,45,52,53,55,100,101,102,124,126" machi="45" ten="40,8000,1" yaku="1,1,0,1,54,1,53,1" doraHai="34" doraHaiUra="0" who="2" fromWho="2" sc="245,-20,247,-40,251,90,247,-20" /><INIT seed="2,0,0,2,0,130" ten="225,207,341,227" oya="2" hai0="120,28,53,77,115,46,25,40,36,70,37,20,125" hai1="48,62,14,105,135,113,5,127,90,78,126,55,1" hai2="89,21,7,39,92,123,134,57,119,56,79,4,61" hai3="111,52,114,26,91,18,0,19,101,15,6,35,59"/><V64/><F39/><W112/><G111/><T66/><D120/><U95/><E105/><V128/><F123/><W42/><G42/><T87/><D115/><N who="3" m="44073" /><G101/><T117/><D125/><U10/><E113/><V100/><F100/><W67/><G67/><T13/><D117/><U50/><E78/><V102/><F102/><W129/><G0/><T51/><D13/><U43/><E1/><V106/><F106/><W60/><G129/><T116/><D116/><U49/><E135/><V82/><F134/><W86/><G6/><T122/><D122/><U34/><E34/><V32/><F32/><W85/><G85/><T24/><D24/><U75/><E75/><V11/><F21/><W93/><G15/><T41/><D37/><U73/><E73/><V103/><F103/><W118/><G118/><T97/><D97/><U58/><REACH who="1" step="1"/><E43/><REACH who="1" ten="225,197,341,227" step="2"/><V44/><F119/><W47/><G47/><T33/><D33/><U29/><E29/><AGARI ba="0,1" hai="18,19,26,29,35,52,59,60,86,91,93" m="44073" machi="29" ten="30,2000,0" yaku="11,1,54,1" doraHai="130" who="3" fromWho="1" sc="225,0,197,-20,341,0,227,30" /><INIT seed="3,0,0,3,0,11" ten="225,177,341,257" oya="3" hai0="49,97,68,71,32,134,28,90,60,135,24,51,52" hai1="122,56,2,6,1,26,17,16,61,77,78,103,44" hai2="80,95,55,46,86,88,36,39,31,109,108,3,101" hai3="96,42,130,131,87,14,107,35,120,29,18,45,48"/><W127/><G120/><T118/><D118/><U53/><E122/><V7/><F31/><W65/><G127/><T38/><D38/><U27/><E2/><V98/><F3/><W113/><G113/><T34/><D34/><U63/><E1/><V20/><F7/><W132/><G132/><N who="0" m="50731" /><D60/><U12/><E103/><V70/><F70/><W105/><G65/><T33/><D33/><U8/><E44/><V15/><F55/><W37/><G37/><T117/><D51/><U4/><E63/><V116/><F116/><W13/><G29/><T47/><D117/><U93/><E93/><AGARI ba="0,0" hai="24,28,32,47,49,52,68,71,90,93,97" m="50731" machi="93" ten="30,2000,0" yaku="20,1,54,1" doraHai="11" who="0" fromWho="1" sc="225,20,177,-20,341,0,257,0" /><INIT seed="4,0,0,1,3,106" ten="245,157,341,257" oya="0" hai0="96,70,5,13,26,69,65,63,102,14,4,88,6" hai1="67,46,126,105,7,78,66,44,68,103,33,121,101" hai2="47,75,54,91,98,11,34,16,23,111,124,0,48" hai3="116,58,45,29,108,113,30,114,76,77,117,120,132"/><T2/><D2/><U135/><E121/><V19/><F34/><W59/><G108/><T86/><D70/><U115/><E33/><V17/><F111/><W21/><G120/><T60/><D63/><U95/><E105/><V41/><F75/><W1/><G45/><T39/><D39/><U51/><E68/><V61/><F124/><W18/><G1/><T94/><REACH who="0" step="1"/><D26/><REACH who="0" ten="235,157,341,257" step="2"/><U79/><E126/><V22/><F0/><W72/><G117/><T87/><D87/><U89/><E135/><V74/><F74/><W38/><G38/><T25/><D25/><U32/><E115/><V127/><F127/><W35/><G132/><T31/><D31/><U40/><E51/><V52/><F61/><W84/><G116/><T10/><D10/><U20/><E67/><V129/><F11/><W71/><G71/><T107/><AGARI ba="0,1" hai="4,5,6,13,14,60,65,69,86,88,94,96,102,107" machi="107" ten="30,6000,0" yaku="1,1,0,1,54,1,53,0" doraHai="106" doraHaiUra="134" who="0" fromWho="0" sc="235,70,157,-20,341,-20,257,-20" /><INIT seed="4,1,0,5,2,47" ten="305,137,321,237" oya="0" hai0="64,26,59,32,118,91,7,6,45,111,48,29,34" hai1="41,62,37,80,115,63,99,123,124,93,84,20,18" hai2="79,50,21,103,129,96,97,78,114,75,95,43,5" hai3="82,88,113,23,122,61,4,68,65,76,105,117,25"/><T120/><D120/><U2/><E2/><V89/><F75/><W35/><G117/><T46/><D118/><U0/><E0/><V54/><F43/><W49/><G113/><T27/><D111/><U109/><E109/><V98/><F114/><W8/><G122/><T9/><D46/><U67/><E123/><V58/><F129/><W74/><G105/><T130/><D130/><U53/><E124/><V12/><F98/><W83/><G35/><T81/><D59/><U87/><E37/><V55/><F55/><W14/><G83/><T71/><D64/><U17/><E41/><V134/><F134/><W110/><G110/><T28/><D71/><U135/><E135/><V128/><F128/><W1/><G1/><T108/><D108/><U90/><E115/><V133/><F133/><W39/><G39/><T31/><D31/><U16/><E53/><V42/><F42/><W121/><G121/><T100/><D100/><U52/><E67/><V104/><F5/><W102/><G102/><T131/><D131/><U19/><E84/><V3/><F3/><W85/><G74/><T70/><D70/><U44/><E44/><V112/><F112/><W132/><G132/><T33/><D33/><U116/><E116/><V11/><F11/><W127/><G127/><T38/><D38/><U51/><N who="1" m="4096" /><DORA hai="92" /><U30/><E30/><V60/><F60/><N who="1" m="23081" /><E20/><V66/><F66/><W56/><G23/><T119/><D119/><U24/><E24/><V69/><F69/><W15/><G25/><T36/><D36/><U40/><E40/><V77/><F21/><W94/><G68/><RYUUKYOKU ba="1,0" sc="305,-10,137,-10,321,30,237,-10" hai2="12,50,54,58,77,78,79,89,95,96,97,103,104" /><INIT seed="5,2,0,2,0,101" ten="295,127,351,227" oya="1" hai0="68,1,135,14,61,99,57,103,77,54,16,25,37" hai1="50,69,87,91,65,4,19,123,46,108,39,92,17" hai2="104,134,122,111,64,95,38,28,106,131,116,130,29" hai3="85,94,115,11,105,23,119,120,33,45,84,24,32"/><U8/><E123/><V88/><F38/><W93/><G120/><T21/><D135/><U15/><E39/><V110/><F64/><W125/><G125/><T13/><D1/><U113/><E113/><V3/><F3/><W117/><G115/><T49/><D37/><U20/><E108/><V80/><F80/><W121/><G121/><T78/><D68/><U89/><E69/><V90/><F122/><W18/><G105/><T128/><D128/><N who="2" m="49194" /><F116/><N who="3" m="44619" /><G45/><T129/><D129/><U66/><E91/><N who="2" m="34859" /><F95/><N who="3" m="36363" /><G11/><T5/><D61/><U31/><E31/><N who="2" m="11851" /><F134/><W2/><G2/><T126/><D126/><U63/><E63/><V53/><F53/><W47/><G47/><T67/><D67/><U82/><E92/><V6/><F6/><W97/><G97/><T58/><D58/><U60/><E60/><V43/><F43/><W102/><G102/><T55/><D55/><N who="1" m="30167" /><E4/><V26/><F26/><AGARI ba="2,0" hai="8,15,17,19,20,26,65,66,82,87,89" m="30167" machi="26" ten="30,2900,0" yaku="25,1,8,1" doraHai="101" who="1" fromWho="2" sc="295,0,127,35,351,-35,227,0" /><INIT seed="5,3,0,2,4,72" ten="295,162,316,227" oya="1" hai0="89,42,29,36,25,67,81,4,119,19,95,20,129" hai1="10,121,64,33,115,9,74,60,127,105,99,11,118" hai2="90,125,66,86,51,73,88,100,101,49,35,131,70" hai3="92,14,0,108,3,54,61,71,79,116,126,110,40"/><U75/><E118/><V84/><F73/><W107/><G126/><T41/><D36/><U114/><E121/><V68/><F35/><W133/><G133/><T120/><D119/><U83/><E127/><V122/><F125/><W77/><G116/><T30/><D129/><U12/><E33/><V44/><F44/><W103/><G107/><T97/><D120/><U32/><E32/><V106/><F122/><W15/><G40/><N who="0" m="15467" /><D4/><U113/><E12/><V98/><F98/><W18/><G103/><N who="0" m="60863" /><D67/><U135/><E135/><V52/><F66/><W102/><G102/><T63/><D63/><U26/><E26/><V96/><F96/><W58/><G92/><T1/><D1/><U123/><E123/><V57/><F131/><W53/><G61/><T13/><D13/><U94/><E105/><V22/><F106/><W62/><G62/><T85/><AGARI ba="3,0" hai="19,20,25,29,30,81,85,89" m="60863,15467" machi="85" ten="30,1100,0" yaku="8,1" doraHai="72" who="0" fromWho="0" sc="295,20,162,-8,316,-6,227,-6" /><INIT seed="6,0,0,4,2,18" ten="315,154,310,221" oya="2" hai0="97,134,22,4,34,46,71,23,135,121,98,128,13" hai1="93,96,109,104,126,26,44,0,124,55,58,85,127" hai2="84,6,28,89,36,12,81,62,45,87,78,54,69" hai3="90,30,103,8,66,88,61,50,83,105,99,115,70"/><V118/><F118/><W113/><G50/><T129/><D71/><U2/><E109/><V119/><F119/><W72/><G8/><N who="0" m="4231" /><D34/><U63/><E44/><V95/><F36/><W21/><G72/><T91/><D46/><U73/><E73/><V7/><F69/><W77/><G77/><T60/><D60/><U40/><E40/><V57/><F28/><W10/><G10/><T11/><D11/><U101/><REACH who="1" step="1"/><E26/><REACH who="1" ten="315,144,310,221" step="2"/><V82/><F45/><W17/><G30/><T1/><D121/><U92/><E92/><V106/><F106/><W102/><G83/><T132/><D129/><U24/><E24/><V20/><F95/><W108/><G108/><T49/><D128/><U116/><E116/><V14/><F12/><N who="3" m="9383" /><G103/><T41/><D1/><U76/><E76/><V48/><F84/><W131/><G131/><T32/><D91/><AGARI ba="0,1" hai="0,2,55,58,63,85,91,93,96,101,104,124,126,127" machi="91" ten="40,2600,0" yaku="1,1,18,1,53,0" doraHai="18" doraHaiUra="16" who="1" fromWho="0" sc="315,-26,144,36,310,0,221,0" /><INIT seed="7,0,0,3,4,105" ten="289,180,310,221" oya="3" hai0="37,120,36,54,59,19,79,82,135,48,29,13,71" hai1="58,5,108,57,63,38,46,70,21,124,128,23,15" hai2="10,52,2,84,8,20,129,69,131,42,91,115,94" hai3="27,107,9,34,81,41,112,130,4,33,111,67,60"/><W134/><G134/><T30/><D120/><U117/><E108/><V18/><F115/><W47/><G111/><T78/><D71/><U68/><E124/><V64/><F42/><W80/><G112/><T6/><D6/><U100/><E128/><N who="2" m="49227" /><F2/><W119/><G130/><T76/><D135/><U16/><E117/><V32/><F32/><W51/><G119/><T83/><D37/><U103/><E5/><V11/><F64/><W90/><G107/><T86/><D36/><U96/><E23/><V102/><F69/><W26/><G34/><T89/><REACH who="0" step="1"/><D82/><REACH who="0" ten="279,180,310,221" step="2"/><U3/><E3/><V93/><F102/><W118/><G118/><T12/><D12/><U45/><E103/><V7/><F7/><W72/><G81/><T121/><D121/><U50/><E38/><V104/><F104/><W28/><G27/><T99/><D99/><U113/><E113/><V75/><F94/><W98/><G98/><T24/><D24/><U133/><E133/><V62/><F93/><W31/><G26/><T85/><D85/><U97/><E70/><V132/><F132/><W73/><G33/><T56/><D56/><U43/><E97/><V61/><F84/><N who="3" m="50439" /><G31/><T17/><D17/><U126/><E126/><V101/><F18/><W92/><G92/><T116/><D116/><U1/><E1/><V65/><F101/><W44/><G28/><T106/><D106/><U40/><E96/><V123/><F123/><W77/><G4/><T110/><D110/><U14/><E14/><V127/><F127/><W0/><G0/><T22/><AGARI ba="0,1" hai="13,19,22,29,30,48,54,59,76,78,79,83,86,89" machi="22" ten="30,7900,0" yaku="1,1,0,1,8,1,53,1" doraHai="105" doraHaiUra="53" who="0" fromWho="0" sc="279,89,180,-20,310,-20,221,-39" owari="368,47.0,160,-34.0,290,9.0,182,-22.0" /></mjloggm>