<mjloggm ver="2.3"><GO type="169" lobby="0"/><UN n0="%38%37%73%65%66" n1="%E3%81%B7%E3%82%93%E3%81%B7%E3%82%93%EF%BC%81" n2="%E6%A1%9C%E4%BA%95%E3%81%95%E3%82%93" n3="%E3%83%88%E3%83%88%E3%83%AA%E5%85%88%E7%94%9F%31%39%E6%AD%B3" dan="18,16,17,19" rate="2218.91,2057.35,2155.08,2288.10" sx="M,M,M,F"/><TAIKYOKU oya="0"/><INIT seed="0,0,0,2,3,110" ten="250,250,250,250" oya="0" hai0="18,13,84,88,8,68,48,129,46,89,97,130,54" hai1="23,42,73,71,82,64,86,0,133,10,113,92,50" hai2="69,125,107,35,27,43,108,16,4,115,15,120,44" hai3="79,112,132,85,7,3,77,72,34,124,101,127,114"/><T21/><D68/><U51/><E73/><V58/><F69/><W17/><G34/><T78/><D78/><N who="3" m="29705" /><G17/><T122/><D122/><U109/><E82/><V24/><F107/><W31/><G31/><T105/><D21/><U117/><E64/><V131/><F120/><W33/><G33/><T67/><D67/><U128/><E42/><V103/><F103/><W40/><G40/><T41/><D105/><U57/><E10/><V12/><F35/><W104/><G7/><T25/><D25/><U74/><E86/><V22/><F108/><W11/><G11/><T9/><D9/><U19/><E19/><V5/><F58/><W6/><G6/><T80/><D41/><U1/><E57/><V32/><F32/><W116/><G3/><T126/><D126/><N who="3" m="48169" /><G85/><T47/><D47/><U83/><E1/><V91/><F125/><W28/><G28/><T62/><D62/><U87/><E0/><V134/><F44/><W55/><G55/><T111/><D111/><U37/><E87/><V98/><F43/><W52/><G52/><T106/><D106/><U45/><E45/><V119/><F27/><W36/><G36/><T59/><D59/><U95/><E71/><V70/><F70/><W26/><G26/><T66/><REACH who="0" step="1"/><D66/><REACH who="0" ten="240,250,250,250" step="2"/><U81/><E23/><V93/><F22/><W30/><G104/><T20/><D20/><U94/><E109/><V2/><F24/><W56/><G56/><T100/><D100/><U14/><E50/><V90/><F5/><W60/><G101/><T63/><D63/><U61/><E51/><V121/><F4/><W49/><G60/><RYUUKYOKU ba="0,1" sc="240,30,250,-10,250,-10,250,-10" hai0="8,13,18,46,48,54,80,84,88,89,97,129,130" /><INIT seed="0,1,1,0,4,55" ten="270,240,240,240" oya="0" hai0="25,120,13,112,26,79,60,96,29,127,1,125,16" hai1="49,33,76,131,54,119,7,93,43,57,20,72,115" hai2="83,81,34,61,129,56,91,63,27,103,59,105,95" hai3="109,107,77,5,106,70,97,92,82,67,111,0,114"/><T4/><D112/><U85/><E33/><V68/><F68/><W132/><G114/><T28/><D79/><U118/><E72/><V23/><F34/><W52/><G132/><T24/><D96/><U134/><E115/><V48/><F48/><W51/><G67/><T69/><D69/><U110/><E134/><V75/><F105/><W50/><G50/><T126/><D60/><N who="2" m="23114" /><F103/><W41/><G41/><T30/><D120/><U2/><E110/><N who="3" m="41994" /><G70/><T133/><D133/><U130/><E43/><V104/><F104/><W36/><G36/><T65/><D65/><U39/><E39/><V22/><F75/><N who="3" m="43327" /><G5/><T87/><D87/><U8/><E20/><N who="2" m="7723" /><F27/><W10/><G10/><N who="0" m="4295" /><D1/><U38/><E38/><V40/><F40/><W58/><G0/><T46/><D46/><U123/><E123/><V35/><F35/><W45/><G45/><T135/><D135/><U19/><E119/><V102/><F102/><AGARI ba="1,1" hai="51,52,58,92,97,102,106,107" m="43327,41994" machi="102" ten="30,3900,0" yaku="14,1,52,1,54,1" doraHai="55" who="3" fromWho="2" sc="270,0,240,0,240,-42,240,52" /><INIT seed="1,0,0,2,0,133" ten="270,240,198,292" oya="1" hai0="83,64,30,22,28,105,41,24,113,49,8,55,107" hai1="66,9,132,18,67,7,5,65,33,118,23,114,20" hai2="14,19,129,29,72,127,94,84,99,0,1,96,104" hai3="116,3,40,6,117,74,46,93,86,11,77,120,68"/><U88/><E114/><V109/><F72/><W45/><G120/><T38/><D113/><U36/><E118/><N who="3" m="45674" /><G68/><T52/><D64/><U56/><E132/><V15/><F29/><W98/><G74/><T58/><D30/><U102/><E33/><V48/><F104/><W126/><G126/><T106/><D8/><U92/><E36/><V108/><F129/><W54/><G54/><T70/><D70/><U134/><E134/><V2/><F84/><W128/><G128/><T121/><D121/><U43/><E43/><V89/><F99/><W35/><G35/><T130/><D130/><U81/><E56/><V47/><F127/><W75/><G75/><T95/><D95/><U76/><E102/><V53/><REACH who="2" step="1"/><F19/><REACH who="2" ten="270,240,188,292" step="2"/><W21/><G86/><T62/><D107/><U131/><E131/><V111/><AGARI ba="0,1" hai="0,1,2,14,15,47,48,53,89,94,96,108,109,111" machi="111" ten="40,8000,1" yaku="1,1,2,1,0,1,14,1,53,0" doraHai="133" doraHaiUra="79" who="2" fromWho="2" sc="270,-20,240,-40,188,90,292,-20" /><INIT seed="2,0,0,2,2,14" ten="250,200,278,272" oya="2" hai0="77,135,4,82,41,8,67,50,59,100,3,38,2" hai1="1,105,87,42,21,69,61,23,22,91,104,88,58" hai2="114,12,36,79,54,95,89,9,92,78,37,68,97" hai3="134,81,47,76,99,90,49,19,48,86,75,65,26"/><V15/><F68/><W96/><G134/><T5/><D135/><U66/><E1/><V62/><F114/><W73/><G65/><T57/><D100/><U130/><E130/><V117/><F117/><W98/><G73/><T110/><D50/><U128/><E128/><V29/><F29/><W28/><G19/><T24/><D24/><U107/><E42/><V52/><F62/><W101/><G101/><T11/><D67/><U18/><E87/><V118/><F118/><W119/><G119/><T13/><D13/><U129/><E129/><V0/><F0/><W6/><G6/><T10/><D10/><U71/><E71/><V126/><F9/><W84/><G47/><N who="0" m="23991" /><D110/><U93/><E69/><V116/><F116/><W34/><REACH who="3" step="1"/><G84/><REACH who="3" ten="250,200,278,262" step="2"/><T123/><D123/><U72/><E72/><AGARI ba="0,1" hai="2,3,4,5,8,11,57,59,72,77,82" m="23991" machi="72" ten="30,1000,0" yaku="25,1" doraHai="14" who="0" fromWho="1" sc="250,20,200,-10,278,0,262,0" /><INIT seed="3,0,0,1,3,85" ten="270,190,278,262" oya="3" hai0="49,74,53,100,109,0,42,94,68,103,47,17,37" hai1="89,39,41,55,5,131,77,86,13,112,123,126,117" hai2="60,90,58,25,12,76,36,99,22,8,38,93,50" hai3="83,71,127,101,135,95,132,108,24,70,128,84,88"/><W124/><G128/><T40/><D74/><U15/><E123/><V66/><F76/><W46/><G108/><T35/><D35/><U125/><E112/><V23/><F50/><W116/><G116/><T121/><D0/><U67/><E67/><V32/><F32/><W129/><G129/><T44/><D121/><U9/><E131/><V113/><F113/><W34/><G46/><T48/><D68/><N who="3" m="26153" /><G101/><T107/><D107/><U111/><E111/><V64/><F64/><W21/><G83/><T28/><D28/><U33/><E33/><V63/><F63/><W75/><G75/><T31/><D31/><U56/><E117/><V16/><REACH who="2" step="1"/><F23/><REACH who="2" ten="270,190,268,262" step="2"/><W1/><G34/><T52/><D109/><U73/><E77/><V4/><AGARI ba="0,1" hai="4,8,12,16,22,25,36,38,58,60,66,90,93,99" machi="4" ten="20,12000,2" yaku="1,1,2,1,0,1,7,1,52,1,54,1,53,0" doraHai="85" doraHaiUra="133" who="2" fromWho="2" sc="270,-30,190,-30,268,130,262,-60" /><INIT seed="4,0,0,1,1,14" ten="240,160,398,202" oya="0" hai0="116,42,52,32,46,17,8,123,70,87,31,72,47" hai1="86,39,2,120,71,112,1,55,99,103,12,106,21" hai2="132,24,101,122,22,107,68,13,135,127,117,16,73" hai3="74,38,57,109,69,93,126,121,19,76,67,58,4"/><T82/><D116/><U11/><E120/><V91/><F122/><W37/><G121/><T79/><D70/><U96/><E39/><V78/><F68/><W25/><G109/><T56/><D123/><U129/><E71/><V43/><F43/><W34/><G69/><T114/><D114/><U64/><E64/><V51/><F117/><W108/><G108/><T89/><D32/><U65/><E65/><V10/><F127/><W105/><G105/><T36/><D31/><U29/><E129/><V61/><F61/><W98/><G126/><T30/><D30/><U75/><E75/><V59/><F91/><W94/><G4/><T26/><D47/><U110/><E110/><V88/><F88/><W97/><G34/><T35/><D35/><U95/><E86/><V18/><F51/><W48/><G76/><T63/><D8/><U27/><E55/><V92/><F59/><W119/><G74/><T100/><D100/><U66/><E66/><V115/><F107/><W62/><G119/><T33/><D33/><U104/><E112/><V133/><F115/><W7/><G7/><T118/><D118/><U6/><REACH who="1" step="1"/><E106/><REACH who="1" ten="240,150,398,202" step="2"/><V53/><F53/><N who="3" m="31911" /><G37/><T5/><D72/><U77/><E77/><V80/><F92/><N who="3" m="35435" /><G38/><T3/><D79/><U90/><AGARI ba="0,1" hai="1,2,6,11,12,21,27,29,90,95,96,99,103,104" machi="90" ten="20,2700,0" yaku="1,1,0,1,7,1,53,0" doraHai="14" doraHaiUra="128" who="1" fromWho="1" sc="240,-13,150,37,398,-7,202,-7" /><INIT seed="5,0,0,1,5,15" ten="227,187,391,195" oya="1" hai0="83,116,79,91,109,65,9,117,23,126,24,13,48" hai1="27,50,82,121,47,118,131,29,51,125,66,120,76" hai2="85,42,14,20,133,57,69,119,1,31,34,90,45" hai3="19,87,16,107,2,114,101,17,11,80,104,106,92"/><U54/><E118/><V102/><F69/><W61/><G114/><T59/><D109/><U49/><E131/><V40/><F1/><W32/><G32/><T74/><D126/><U30/><E125/><V71/><F71/><W100/><G92/><T105/><D105/><U36/><E36/><V108/><F108/><W39/><G39/><T3/><D3/><U56/><E30/><V43/><F133/><W96/><G96/><T10/><D10/><U37/><E37/><V113/><F113/><W130/><G130/><T8/><D8/><U0/><E0/><V110/><F110/><W6/><REACH who="3" step="1"/><G61/><REACH who="3" ten="227,187,391,185" step="2"/><T70/><D117/><U134/><E134/><V5/><F34/><W44/><G44/><T41/><D116/><U33/><E121/><V68/><F45/><W127/><G127/><T94/><D94/><U103/><E120/><V35/><F35/><W12/><G12/><T58/><D13/><U21/><E33/><V67/><F14/><W135/><G135/><T84/><D24/><U77/><E103/><V97/><F102/><W18/><N who="3" m="4096" /><DORA hai="4" /><W78/><AGARI ba="0,1" hai="2,6,11,78,80,87,100,101,104,106,107" m="4096" machi="78" ten="50,24000,4" yaku="1,1,4,1,0,1,52,5,54,1,53,2" doraHai="15,4" doraHaiUra="98,128" who="3" fromWho="3" sc="227,-60,187,-120,391,-60,185,250" /><INIT seed="6,0,0,4,0,135" ten="167,67,331,435" oya="2" hai0="94,37,73,60,87,30,113,46,17,106,81,120,34" hai1="2,51,115,134,107,64,48,80,77,56,44,88,126" hai2="86,98,105,99,0,42,72,8,55,59,26,4,103" hai3="61,33,53,67,7,31,45,21,62,25,68,118,125"/><V27/><F72/><W96/><G118/><T63/><D106/><U23/><E2/><V129/><F129/><W130/><G130/><T16/><D73/><U102/><E134/><V19/><F42/><W43/><G7/><T11/><D120/><U50/><E115/><V90/><F90/><W10/><BYE who="2" /><G125/><UN n2="%E6%A1%9C%E4%BA%95%E3%81%95%E3%82%93" /><T29/><D94/><U114/><E114/><V22/><F86/><W40/><G10/><T54/><D63/><U101/><E77/><V66/><F98/><W131/><G131/><T127/><D34/><U119/><E119/><V71/><F71/><W100/><G21/><T95/><D127/><U69/><E69/><V65/><REACH who="2" step="1"/><F27/><REACH who="2" ten="167,67,321,435" step="2"/><W128/><G128/><T108/><D87/><U123/><E123/><V13/><F13/><W9/><G9/><T41/><D11/><U20/><E107/><V24/><F24/><W1/><G1/><T84/><D113/><U121/><E121/><V76/><F76/><W133/><G133/><T132/><D132/><U124/><E101/><V112/><F112/><W93/><G40/><T78/><D41/><U122/><E122/><V74/><F74/><W110/><BYE who="2" /><G43/><UN n2="%E6%A1%9C%E4%BA%95%E3%81%95%E3%82%93" /><T49/><D78/><U79/><E102/><V12/><F12/><W57/><G68/><T18/><D84/><N who="1" m="50183" /><E79/><V82/><F82/><W15/><G15/><T35/><D81/><U85/><E85/><V36/><F36/><W5/><G25/><T28/><D37/><U6/><E44/><V3/><F3/><W32/><G96/><T70/><D70/><U111/><E56/><V104/><F104/><W52/><G57/><T39/><D39/><RYUUKYOKU ba="0,1" sc="167,-10,67,-10,321,30,435,-10" hai2="0,4,8,19,22,26,55,59,65,66,99,103,105" /><INIT seed="6,1,1,5,5,129" ten="157,57,351,425" oya="2" hai0="14,128,108,92,116,124,9,99,30,122,37,43,77" hai1="76,119,49,113,101,73,72,112,3,52,85,123,102" hai2="104,0,100,109,33,55,41,69,15,134,17,121,83" hai3="27,95,47,53,42,39,19,98,106,7,94,66,58"/><V82/><F121/><W105/><G66/><T26/><D122/><U59/><E3/><V118/><F118/><W131/><G95/><T23/><D108/><U68/><E68/><V16/><F0/><W126/><G131/><T34/><D128/><U61/><E123/><V127/><F33/><W40/><G126/><T132/><D132/><U125/><E119/><V84/><F69/><W78/><G7/><T20/><D124/><U107/><E125/><V114/><F127/><W4/><G4/><T67/><D77/><U6/><E6/><V81/><F41/><W75/><G40/><T12/><D67/><U117/><E117/><V56/><F109/><W111/><G111/><T97/><D14/><U96/><E101/><V51/><F114/><N who="1" m="44137" /><E61/><V1/><F1/><W62/><G78/><T29/><D116/><U110/><E110/><V50/><F134/><W13/><G27/><T22/><D30/><U38/><E38/><V91/><F50/><W87/><G87/><T24/><D24/><U79/><E85/><V63/><F63/><W70/><G75/><AGARI ba="1,1" hai="49,52,59,72,73,75,76,79,96,102,107" m="44137" machi="75" ten="30,2000,0" yaku="15,1,54,1" doraHai="129" who="1" fromWho="3" sc="157,0,57,33,351,0,425,-23" /><INIT seed="7,0,0,0,5,103" ten="157,90,351,402" oya="3" hai0="48,23,47,93,66,113,90,116,37,59,126,64,117" hai1="3,92,42,19,123,11,41,27,68,122,18,56,114" hai2="29,43,46,82,49,83,16,87,104,78,17,13,44" hai3="94,120,72,101,15,84,118,107,25,35,2,131,121"/><W96/><G2/><T129/><D37/><U63/><E68/><V88/><F29/><N who="3" m="19887" /><G15/><T32/><D32/><U106/><E114/><V1/><F1/><W130/><G118/><T108/><D108/><U39/><E39/><V62/><F104/><W60/><G72/><T76/><D113/><U8/><E3/><V119/><F119/><W105/><G105/><T54/><D126/><U97/><E106/><V79/><F62/><W30/><G30/><T40/><D129/><N who="3" m="49161" /><G60/><T24/><D76/><U125/><E125/><V127/><F127/><W6/><G6/><T112/><D112/><U26/><E122/><V9/><F82/><W89/><AGARI ba="0,0" hai="84,89,94,96,101,107,120,121" m="49161,19887" machi="89" ten="30,3000,0" yaku="19,1,52,1" doraHai="103" who="3" fromWho="3" sc="157,-10,90,-10,351,-10,402,30" owari="147,-25.0,80,-42.0,341,14.0,432,53.0" /></mjloggm>