<mjloggm ver="2.3"><GO type="169" lobby="0"/><UN n0="%E3%81%99%E3%81%BF%E3%82%84%E3%81%AB" n1="%E3%82%A6%E3%83%AB%E3%83%88%E3%83%A9%E7%AB%8B%E7%9B%B4" n2="%67%6F%64%61%69" n3="%E5%85%83%E6%B0%97%E4%B8%80%E7%99%BA" dan="18,18,16,16" rate="2153.35,2203.93,2079.96,2131.24" sx="M,M,M,F"/><TAIKYOKU oya="0"/><INIT seed="0,0,0,2,3,56" ten="250,250,250,250" oya="0" hai0="28,134,74,129,40,18,1,89,115,82,63,67,68" hai1="85,7,41,29,27,6,17,55,103,33,130,64,122" hai2="87,131,42,24,13,70,39,36,32,76,53,25,127" hai3="81,2,124,78,112,62,19,133,73,96,114,0,110"/><T23/><D115/><U88/><E122/><V107/><F107/><W75/><G75/><T132/><D1/><U15/><E130/><V43/><F70/><W59/><G110/><T14/><D129/><U30/><E30/><V52/><F32/><W11/><G124/><T65/><D40/><U91/><E103/><V48/><F76/><W8/><G133/><T113/><D113/><U90/><E41/><V4/><F4/><W16/><G112/><T22/><D67/><U38/><E38/><V123/><F48/><W105/><G114/><T121/><D121/><U92/><E64/><V108/><F108/><W5/><G105/><T120/><D120/><U84/><E55/><V109/><F87/><W31/><G31/><T99/><D99/><U86/><REACH who="1" step="1"/><E92/><REACH who="1" ten="250,240,250,250" step="2"/><V80/><F123/><W77/><G0/><T102/><D102/><U21/><AGARI ba="0,1" hai="6,7,15,17,21,27,29,33,84,85,86,88,90,91" machi="21" ten="30,8000,1" yaku="1,1,2,1,0,1,54,1,53,1" doraHai="56" doraHaiUra="9" who="1" fromWho="1" sc="250,-40,240,90,250,-20,250,-20" /><INIT seed="1,0,0,2,5,47" ten="210,330,230,230" oya="1" hai0="90,38,104,126,21,39,129,50,15,93,70,36,112" hai1="135,31,102,58,35,128,127,61,94,13,9,71,124" hai2="123,46,20,83,62,106,18,43,109,24,121,68,105" hai3="16,133,75,97,3,17,44,2,45,54,40,131,10"/><U41/><E71/><V110/><F83/><W130/><G75/><T27/><D112/><U29/><E41/><V76/><F76/><W0/><G133/><T111/><D104/><N who="2" m="40042" /><F62/><W96/><G54/><T120/><D70/><U95/><E128/><N who="3" m="49194" /><G45/><T55/><D129/><U73/><E73/><V7/><F7/><W92/><G10/><T22/><D111/><N who="2" m="42506" /><F68/><W116/><G116/><T99/><D126/><U98/><E135/><V19/><F18/><N who="3" m="7275" /><G92/><T12/><D120/><U59/><E95/><V67/><F67/><W69/><G69/><T85/><D99/><U72/><E72/><V74/><F74/><W32/><G32/><T48/><D48/><AGARI ba="0,0" hai="19,20,24,43,46,48,121,123" m="42506,40042" machi="48" ten="30,2000,0" yaku="14,1,52,1" doraHai="47" who="2" fromWho="0" sc="210,-20,330,0,230,20,230,0" /><AGARI ba="0,0" hai="0,2,3,40,44,48,96,97" m="7275,49194" machi="48" ten="40,5200,0" yaku="19,1,52,1,54,1" doraHai="47" who="3" fromWho="0" sc="190,-52,330,0,250,0,230,52" /><INIT seed="2,0,0,1,1,31" ten="138,330,250,282" oya="2" hai0="44,89,125,66,12,114,64,45,82,65,110,25,33" hai1="121,122,37,42,53,115,67,3,17,28,119,70,2" hai2="22,79,132,120,93,52,72,91,0,133,38,100,62" hai3="131,20,111,118,134,43,87,81,63,106,60,71,126"/><V16/><F120/><W56/><G118/><T48/><D114/><U130/><E115/><V34/><F0/><W88/><G106/><T9/><D110/><U27/><E119/><V1/><F1/><W78/><G111/><T112/><D112/><U7/><E17/><V74/><F38/><W11/><G126/><T4/><D125/><U50/><E130/><V117/><F117/><W26/><G131/><T39/><D39/><U40/><E40/><V95/><F100/><W13/><G43/><T129/><D129/><U54/><E54/><V5/><F5/><W108/><G108/><T94/><D82/><U8/><E2/><V103/><F103/><W135/><G71/><T107/><D107/><U73/><E73/><N who="2" m="28267" /><F79/><W36/><G36/><T84/><REACH who="0" step="1"/><D48/><REACH who="0" ten="128,330,250,282" step="2"/><U51/><E51/><V46/><F133/><W14/><G134/><T41/><D41/><U35/><E42/><V127/><F132/><W47/><G135/><T68/><D68/><U80/><E37/><V101/><F127/><W104/><G104/><T24/><D24/><U97/><E80/><V123/><F123/><W76/><G26/><T85/><D85/><U98/><E122/><V92/><F92/><W10/><G87/><T99/><D99/><U15/><E121/><V105/><F95/><W55/><G81/><T109/><D109/><U96/><E96/><V116/><F93/><W59/><G78/><T21/><D21/><N who="1" m="15471" /><E98/><V77/><F105/><W90/><G76/><T32/><D32/><U124/><E35/><V6/><F34/><W30/><G20/><T19/><D19/><U69/><E124/><RYUUKYOKU ba="0,1" sc="128,30,330,-10,250,-10,282,-10" hai0="4,9,12,25,33,44,45,64,65,66,84,89,94" /><INIT seed="3,1,1,4,4,36" ten="158,320,240,272" oya="3" hai0="135,111,2,76,1,66,29,17,32,23,16,21,134" hai1="119,128,103,39,20,124,120,115,114,34,80,37,105" hai2="52,3,31,0,112,101,99,18,87,92,24,4,27" hai3="85,61,42,10,88,96,8,132,70,77,81,67,44"/><W86/><G96/><T129/><D76/><U5/><E20/><N who="0" m="7753" /><D66/><U46/><E5/><V98/><F112/><W62/><G62/><T40/><D40/><U130/><E34/><V15/><F18/><N who="0" m="7274" /><D111/><U47/><E80/><V11/><F87/><W79/><G132/><N who="0" m="50731" /><D129/><U127/><E105/><V126/><F98/><W73/><G77/><T131/><D131/><U75/><E75/><V63/><F99/><W64/><G64/><T91/><D91/><U109/><E103/><V72/><F101/><W57/><G70/><T84/><D84/><U38/><E38/><V45/><F72/><W13/><G73/><T22/><N who="0" m="7761" /><T95/><DORA hai="59" /><D95/><U93/><E93/><V19/><F92/><W117/><G79/><T113/><D113/><U50/><E109/><V14/><F45/><W48/><G86/><T97/><D97/><U116/><E50/><V56/><F63/><W6/><G81/><T110/><D110/><U53/><E53/><V118/><F52/><W43/><G88/><T25/><AGARI ba="1,1" hai="1,2,25,29,32" m="50731,7274,7761" machi="25" ten="40,8000,1" yaku="20,1,34,2,54,1" doraHai="36,59" who="0" fromWho="0" sc="158,93,320,-21,240,-21,272,-41" /><INIT seed="4,0,0,2,1,11" ten="251,299,219,231" oya="0" hai0="64,82,81,5,88,62,19,94,134,66,24,45,132" hai1="131,20,48,123,54,7,85,33,23,34,68,12,1" hai2="65,126,10,110,130,0,86,52,95,41,113,71,109" hai3="103,84,96,69,75,77,50,18,29,100,87,32,53"/><T43/><D5/><U25/><E68/><V74/><F74/><W121/><G121/><T21/><D134/><U60/><E60/><V61/><F41/><W56/><G69/><T28/><D28/><U51/><E85/><V76/><F113/><W16/><G75/><T90/><D132/><U17/><E51/><V55/><F126/><W111/><G111/><T79/><D79/><U114/><E48/><V92/><F130/><W58/><G32/><N who="1" m="12394" /><E54/><V72/><F95/><N who="3" m="58399" /><G29/><T38/><D90/><U104/><E104/><V116/><F116/><W59/><G103/><T27/><D27/><U115/><E123/><V15/><F0/><W42/><G42/><T57/><REACH who="0" step="1"/><D66/><REACH who="0" ten="241,299,219,231" step="2"/><U30/><E131/><V98/><F76/><W105/><G77/><T36/><D36/><U125/><E125/><V39/><F39/><W101/><G101/><T78/><D78/><U118/><E118/><V93/><F109/><W112/><G112/><T37/><D37/><U4/><E4/><V117/><F110/><W107/><G107/><T35/><D35/><U6/><E6/><V26/><F117/><W3/><G105/><T31/><D31/><U80/><E7/><V2/><F26/><W89/><G3/><T129/><D129/><U135/><E1/><V120/><F2/><W13/><G18/><T102/><D102/><U73/><E135/><V9/><F120/><W44/><G89/><T97/><AGARI ba="0,1" hai="19,21,24,38,43,45,57,62,64,81,82,88,94,97" machi="97" ten="20,12000,1" yaku="1,1,0,1,7,1,54,1,53,1" doraHai="11" doraHaiUra="14" who="0" fromWho="0" sc="241,130,299,-40,219,-40,231,-40" /><INIT seed="4,1,0,4,2,42" ten="371,259,179,191" oya="0" hai0="82,25,113,84,15,125,49,134,14,111,97,121,63" hai1="60,12,47,10,89,101,133,92,91,76,99,79,54" hai2="110,36,77,27,86,106,1,11,43,112,90,75,58" hai3="124,119,30,40,23,29,8,21,122,0,114,117,65"/><T51/><D121/><U103/><E133/><V64/><F112/><W66/><G114/><T18/><D113/><U56/><E91/><V16/><F106/><W78/><G78/><T57/><D134/><U102/><REACH who="1" step="1"/><E47/><REACH who="1" ten="371,249,179,191" step="2"/><V32/><F90/><W105/><G119/><T45/><D45/><U70/><E70/><V93/><F110/><W95/><G117/><T35/><D111/><U107/><E107/><V52/><F77/><W9/><G105/><T129/><D129/><U100/><N who="1" m="25600" /><DORA hai="34" /><U20/><E20/><V135/><F135/><W116/><G116/><T44/><D44/><U67/><E67/><V53/><F64/><W4/><G66/><T28/><D125/><U68/><E68/><V41/><F32/><W6/><G124/><T127/><D127/><U24/><E24/><V85/><F27/><W87/><G65/><T96/><D35/><U69/><E69/><V73/><F36/><W71/><G71/><T37/><D37/><U126/><E126/><V115/><F115/><W98/><G23/><T72/><D25/><U88/><E88/><V19/><F58/><W94/><G21/><T108/><D57/><U5/><AGARI ba="1,1" hai="5,10,12,54,56,60,76,79,89,92,99" m="25600" machi="5" ten="40,8000,1" yaku="1,1,0,1,8,1,53,1" doraHai="42,34" doraHaiUra="2,13" who="1" fromWho="1" sc="371,-41,249,93,179,-21,191,-21" /><INIT seed="5,0,0,4,5,120" ten="330,342,158,170" oya="1" hai0="75,46,38,61,123,101,49,85,78,5,48,56,117" hai1="97,41,70,96,50,104,31,94,28,110,36,66,130" hai2="42,14,68,23,32,62,114,0,27,12,33,124,84" hai3="91,107,108,77,131,34,24,60,122,43,92,86,9"/><U132/><E130/><V106/><F106/><W72/><G122/><T126/><D75/><U74/><E74/><V119/><F119/><W98/><G131/><T65/><D123/><U111/><E132/><V15/><F42/><W128/><G128/><T53/><D117/><U79/><E79/><V8/><F68/><W100/><G43/><T1/><D101/><U71/><E36/><V47/><F47/><W10/><G60/><T3/><D126/><U64/><E104/><V19/><F84/><W45/><G45/><T83/><D38/><U112/><E41/><V87/><F87/><W54/><G54/><T99/><D5/><U37/><E37/><V125/><F62/><W67/><G67/><T69/><REACH who="0" step="1"/><D99/><REACH who="0" ten="320,342,158,170" step="2"/><U40/><E97/><V59/><F114/><W52/><G72/><T22/><D22/><U16/><E112/><V93/><F124/><W95/><G100/><T113/><D113/><U90/><E96/><V21/><F125/><W121/><G121/><T102/><D102/><U134/><E134/><V18/><F93/><W35/><G95/><T127/><D127/><U103/><E94/><V6/><F59/><W44/><G107/><T2/><D2/><U81/><E103/><V55/><F55/><AGARI ba="0,1" hai="1,3,46,48,49,53,55,56,61,65,69,78,83,85" machi="55" ten="30,2000,0" yaku="1,1,7,1,53,0" doraHai="120" doraHaiUra="13" who="0" fromWho="2" sc="320,30,342,0,158,-20,170,0" /><INIT seed="6,0,0,2,0,70" ten="350,342,138,170" oya="2" hai0="51,49,58,119,27,114,80,108,106,4,129,104,118" hai1="103,54,41,78,35,63,69,81,95,57,93,2,45" hai2="48,125,89,66,77,22,68,47,32,60,135,20,43" hai3="13,7,0,101,116,46,30,21,42,107,97,8,71"/><V76/><F125/><W74/><G116/><N who="0" m="44587" /><D108/><U115/><E35/><V25/><F135/><W120/><G71/><T99/><D114/><U98/><E2/><V130/><F130/><W55/><G74/><T96/><D129/><U53/><E69/><V62/><F32/><W113/><G120/><T87/><D4/><U65/><E95/><V44/><F62/><W36/><G113/><T12/><D12/><U61/><E61/><V31/><F89/><W52/><REACH who="3" step="1"/><G13/><REACH who="3" ten="350,342,138,160" step="2"/><T83/><D27/><AGARI ba="0,1" hai="0,7,8,21,27,30,36,42,46,52,55,97,101,107" machi="27" ten="40,8000,1" yaku="1,1,2,1,52,1,54,1,53,0" doraHai="70" doraHaiUra="85" who="3" fromWho="0" sc="350,-80,342,0,138,0,160,90" /><INIT seed="7,0,0,1,5,99" ten="270,342,138,250" oya="3" hai0="100,59,97,107,108,89,42,92,125,9,51,34,62" hai1="93,82,76,109,54,64,20,69,22,113,85,66,56" hai2="130,79,35,75,72,63,30,4,70,94,65,41,129" hai3="13,105,91,116,47,83,78,58,11,50,12,103,118"/><W117/><G58/><T127/><D34/><U29/><E109/><V80/><F94/><W24/><G91/><T87/><D9/><U27/><E69/><V44/><F72/><W18/><G24/><T134/><D108/><U0/><E0/><V123/><F123/><W2/><G2/><T121/><D134/><U31/><E113/><V7/><F7/><W98/><G13/><T45/><D121/><U96/><E22/><V52/><F52/><W36/><G36/><T10/><D10/><U23/><E20/><V43/><F43/><W135/><G135/><T28/><D28/><U53/><E31/><V67/><F67/><N who="1" m="25641" /><E56/><V8/><F30/><W26/><G26/><T101/><D101/><AGARI ba="0,0" hai="23,27,29,53,54,76,82,85,93,96,101" m="25641" machi="101" ten="30,2000,0" yaku="8,1,52,1" doraHai="99" who="1" fromWho="0" sc="270,-20,342,20,138,0,250,0" owari="250,5.0,362,46.0,138,-36.0,250,-15.0" /></mjloggm>