<mjloggm ver="2.3"><GO type="169" lobby="0"/><UN n0="%E6%8E%A8%E7%A9%BA%EF%BC%B0" n1="%68%69%72%6F%5F%6A%63%6B" n2="%E3%82%A6%E3%83%AB%E3%83%88%E3%83%A9%E7%AB%8B%E7%9B%B4" n3="%E2%91%A3%E3%82%BB%E3%83%B3%E3%83%81" dan="17,16,17,17" rate="2228.34,2065.23,2168.33,2177.90" sx="F,M,M,M"/><TAIKYOKU oya="0"/><INIT seed="0,0,0,1,2,26" ten="250,250,250,250" oya="0" hai0="61,63,59,36,104,5,105,77,19,69,75,41,112" hai1="132,85,51,18,86,97,65,50,99,131,83,102,14" hai2="34,125,124,3,22,101,27,7,9,4,55,108,111" hai3="16,133,32,53,31,81,72,96,0,23,114,79,64"/><T115/><D5/><U120/><E120/><V25/><F101/><W122/><G114/><T117/><D117/><U6/><E6/><V42/><F55/><W121/><G0/><T37/><D77/><U13/><E132/><V2/><F42/><W130/><G133/><T128/><D41/><U87/><E131/><V116/><F116/><W129/><G64/><T15/><D75/><U134/><E134/><V52/><F52/><W66/><G66/><T28/><D15/><N who="1" m="5643" /><E65/><V118/><F118/><W95/><G53/><T58/><D19/><U67/><E67/><V30/><F7/><W33/><G33/><T92/><D92/><N who="1" m="58663" /><E18/><N who="2" m="12503" /><F2/><W106/><G106/><T74/><D74/><U84/><E99/><V88/><F88/><AGARI ba="0,0" hai="50,51,83,84,85,86,87,88" m="58663,5643" machi="88" ten="30,2000,0" yaku="8,1,54,1" doraHai="26" who="1" fromWho="2" sc="250,0,250,20,250,-20,250,0" /><INIT seed="1,0,0,2,2,81" ten="250,270,230,250" oya="1" hai0="37,32,11,66,2,3,26,67,77,111,76,52,17" hai1="90,15,72,24,134,7,68,21,79,39,119,34,18" hai2="53,97,64,105,92,78,57,106,129,120,69,101,83" hai3="4,0,73,107,56,62,46,85,42,43,95,47,128"/><U49/><E68/><V48/><F120/><W71/><G73/><T20/><D37/><U51/><E119/><V121/><F121/><W87/><G107/><T36/><D36/><U75/><E39/><V14/><F129/><W88/><G71/><T33/><D111/><U9/><E134/><V41/><F41/><N who="3" m="15371" /><G0/><T45/><D11/><U93/><E79/><V19/><F64/><N who="3" m="38983" /><G128/><T122/><D122/><U131/><E131/><V91/><F69/><W30/><G4/><T103/><D103/><U130/><E130/><V60/><F60/><W89/><G30/><T31/><D31/><N who="1" m="19815" /><E75/><V116/><F116/><W112/><G112/><T80/><D17/><U100/><E100/><V114/><F114/><W117/><G117/><T40/><D40/><U22/><E22/><V6/><F6/><W102/><G102/><T1/><D20/><U125/><E72/><V96/><F106/><W74/><G74/><T86/><D26/><U124/><E51/><V16/><REACH who="2" step="1"/><F14/><REACH who="2" ten="250,270,220,250" step="2"/><W35/><G35/><T63/><D63/><U98/><E49/><V108/><F108/><W13/><G13/><T10/><D2/><U28/><E28/><V38/><F38/><W82/><AGARI ba="0,1" hai="46,47,82,85,87,88,89,95" m="38983,15371" machi="82" ten="30,7900,0" yaku="8,1,52,2,54,1" doraHai="81" who="3" fromWho="3" sc="250,-20,270,-39,220,-20,250,89" /><INIT seed="2,0,0,0,5,102" ten="230,231,200,339" oya="2" hai0="14,47,52,16,77,55,39,1,53,74,116,66,93" hai1="75,117,49,2,121,124,33,131,17,27,30,86,88" hai2="36,21,59,134,5,130,72,11,34,82,122,98,54" hai3="109,111,104,113,19,101,103,78,110,8,50,23,129"/><V45/><F34/><W38/><G38/><T91/><D1/><U97/><E117/><V9/><F122/><W48/><G129/><T63/><D116/><U79/><E121/><V15/><F130/><W12/><G113/><T106/><D74/><U94/><E131/><V107/><F134/><W62/><G78/><T56/><D77/><U6/><E124/><V51/><F72/><W3/><G62/><T60/><D106/><U69/><E69/><V65/><F82/><W125/><G125/><T67/><D39/><U24/><E24/><V114/><F114/><W126/><G126/><T80/><D80/><U108/><E108/><V0/><F21/><W73/><G73/><T18/><D47/><U83/><E49/><N who="3" m="19050" /><G104/><T64/><D14/><U35/><E35/><V81/><F81/><W40/><G40/><T46/><D46/><U61/><E61/><N who="0" m="23625" /><D56/><U84/><E6/><AGARI ba="0,0" hai="3,6,8,12,19,23,101,103,109,110,111" m="19050" machi="6" ten="40,1300,0" yaku="14,1" doraHai="102" who="3" fromWho="1" sc="230,0,231,-13,200,0,339,13" /><INIT seed="3,0,0,3,2,44" ten="230,218,200,352" oya="3" hai0="114,49,128,130,52,70,21,94,96,61,20,76,1" hai1="15,25,71,83,29,28,38,59,110,0,101,90,120" hai2="117,127,133,106,19,24,56,14,72,60,135,65,99" hai3="91,108,37,45,55,8,92,34,67,104,97,64,88"/><W81/><G34/><T16/><D1/><U122/><E38/><V48/><F72/><W98/><G108/><T9/><D76/><U62/><E0/><V33/><F117/><W57/><G104/><T63/><D114/><U23/><E110/><V50/><F127/><W105/><G105/><T109/><D109/><U100/><E71/><V32/><F99/><W6/><G45/><N who="0" m="27695" /><D70/><U53/><E122/><V39/><F39/><W5/><G37/><T87/><D87/><U47/><E120/><V74/><F74/><W115/><G115/><T124/><D124/><U134/><E134/><N who="2" m="51211" /><F106/><W111/><G111/><T73/><D73/><U89/><E29/><N who="2" m="19495" /><F33/><W3/><G5/><T102/><D130/><U116/><E116/><V69/><F69/><W82/><G82/><T118/><D128/><U46/><E15/><V54/><F65/><W78/><G78/><T121/><D118/><U132/><E132/><V18/><F18/><W17/><G17/><T79/><D79/><U103/><E90/><V42/><F42/><W7/><G7/><T41/><D41/><U75/><E75/><V13/><F13/><W126/><G126/><T30/><D121/><U35/><E35/><V10/><AGARI ba="0,0" hai="10,14,19,48,50,54,56,60" m="19495,51211" machi="10" ten="30,4000,0" yaku="20,1,52,2" doraHai="44" who="2" fromWho="2" sc="230,-10,218,-10,200,40,352,-20" /><INIT seed="4,0,0,4,0,130" ten="220,208,240,332" oya="0" hai0="20,40,62,19,107,78,132,103,30,86,11,21,2" hai1="24,100,96,28,80,44,16,61,71,118,126,85,7" hai2="125,90,133,59,32,87,114,123,0,135,77,18,58" hai3="53,33,111,38,79,35,97,75,65,31,106,17,4"/><T49/><D62/><U48/><E118/><V83/><F123/><W47/><G17/><T129/><D129/><U15/><E126/><V39/><F39/><W41/><G53/><T6/><D107/><U43/><E7/><V109/><F109/><W73/><G111/><T128/><D128/><U81/><E81/><V117/><F32/><N who="3" m="12363" /><G31/><T76/><D103/><U95/><E28/><V105/><F0/><W36/><G79/><T54/><D40/><U45/><E45/><V29/><F29/><W55/><G55/><T64/><D64/><U67/><E24/><V14/><F105/><W127/><G127/><T119/><D119/><U112/><E112/><V1/><F1/><W50/><G50/><T101/><D101/><U122/><E122/><V113/><F77/><W120/><G120/><T10/><D30/><U57/><E71/><V37/><F37/><W56/><G56/><N who="2" m="21545" /><F125/><W70/><G4/><T98/><D54/><U26/><E26/><V102/><F102/><N who="3" m="62799" /><G36/><T69/><D6/><U3/><E3/><V124/><F124/><W116/><G116/><T115/><D2/><U63/><E63/><AGARI ba="0,0" hai="38,41,47,63,65,70,73,75" m="62799,12363" machi="63" ten="30,2000,0" yaku="33,2" doraHai="130" who="3" fromWho="1" sc="220,0,208,-20,240,0,332,20" /><INIT seed="5,0,0,5,3,54" ten="220,188,240,352" oya="1" hai0="93,8,86,55,42,108,58,72,57,119,14,33,1" hai1="64,51,111,130,99,103,88,133,110,123,10,77,84" hai2="118,61,20,80,39,90,134,78,65,100,104,6,21" hai3="75,53,30,117,28,12,98,122,105,102,70,69,89"/><U43/><E123/><V96/><F39/><W91/><G122/><T50/><D72/><U79/><E64/><V44/><F118/><W7/><G75/><T16/><D108/><N who="1" m="41515" /><E10/><V49/><F90/><W131/><G117/><T31/><D119/><U73/><E43/><V34/><F34/><W19/><G7/><T23/><D42/><U132/><E51/><V47/><F6/><W38/><G38/><T40/><D40/><U101/><E101/><V107/><F107/><W87/><G131/><T112/><D112/><U126/><E73/><V114/><F114/><W3/><G3/><T26/><D1/><U13/><E13/><V5/><F5/><W62/><G70/><T106/><D106/><N who="1" m="63871" /><E130/><V56/><F134/><N who="1" m="51817" /><E126/><V121/><F121/><W0/><G0/><T83/><D93/><AGARI ba="0,0" hai="77,79,84,88,93" m="51817,63871,41515" machi="93" ten="30,12000,1" yaku="10,1,20,1,34,2,54,1" doraHai="54" who="1" fromWho="0" sc="220,-120,188,120,240,0,352,0" /><INIT seed="5,1,0,1,4,86" ten="100,308,240,352" oya="1" hai0="126,1,80,38,13,112,27,54,78,5,16,91,31" hai1="92,108,57,84,2,19,88,94,82,122,10,128,20" hai2="3,135,15,26,109,37,111,123,39,89,104,107,34" hai3="75,50,124,40,98,22,55,53,62,99,65,63,47"/><U9/><E122/><V61/><F15/><W114/><G75/><T97/><D112/><U102/><E128/><V103/><F61/><W73/><G73/><T30/><D38/><U118/><E118/><V134/><F3/><W90/><G114/><T51/><D126/><U43/><E108/><N who="2" m="41547" /><F103/><W45/><G124/><T106/><D1/><U87/><E2/><V131/><F89/><W67/><G22/><T72/><D5/><U0/><E0/><V129/><F26/><W79/><G79/><T36/><D36/><N who="2" m="13898" /><F34/><W48/><G90/><T117/><D117/><U59/><E43/><AGARI ba="1,0" hai="40,43,45,47,48,50,53,55,62,63,65,67,98,99" machi="43" ten="25,3200,0" yaku="22,2,8,1" doraHai="86" who="3" fromWho="1" sc="100,0,308,-35,240,0,352,35" /><INIT seed="6,0,0,4,2,66" ten="100,273,240,387" oya="2" hai0="98,61,5,55,69,80,14,83,47,46,31,116,78" hai1="86,108,111,79,27,51,119,123,65,67,10,73,127" hai2="15,110,24,125,33,43,88,76,95,120,85,59,117" hai3="38,11,30,19,84,53,0,37,90,52,32,89,124"/><V58/><F120/><W93/><G124/><T75/><D116/><U8/><E119/><V70/><F117/><W130/><G130/><T63/><D31/><U39/><E39/><V3/><F3/><W62/><G32/><T134/><D134/><U82/><E127/><V50/><F70/><W4/><G30/><T133/><D133/><U81/><E123/><V115/><F125/><W1/><G1/><T23/><D98/><U54/><E67/><V18/><F115/><W7/><G7/><T48/><D83/><U64/><E64/><V20/><F110/><W40/><G40/><T104/><D104/><U131/><E131/><V21/><F33/><W132/><G132/><T106/><D106/><U129/><E129/><V135/><F135/><W17/><G17/><T41/><D69/><U91/><E65/><V87/><F76/><W128/><G128/><T6/><D6/><U77/><E27/><V107/><F107/><W74/><G74/><T122/><D122/><U72/><E111/><V71/><F71/><W12/><G90/><T114/><D114/><U102/><E102/><V57/><F87/><W22/><G53/><T49/><REACH who="0" step="1"/><D23/><REACH who="0" ten="90,273,240,387" step="2"/><U113/><E113/><V68/><F68/><W26/><G4/><T29/><D29/><U112/><E112/><V35/><F35/><W56/><G93/><T42/><D42/><U13/><E108/><V126/><F126/><W101/><G22/><T105/><D105/><U36/><E82/><V44/><F21/><W45/><G19/><T103/><D103/><U60/><E36/><V92/><F24/><W118/><G38/><RYUUKYOKU ba="0,1" sc="90,15,273,-15,240,15,387,-15" hai0="5,14,41,46,47,48,49,55,61,63,75,78,80" hai2="15,18,20,43,44,50,57,58,59,85,88,92,95" /><INIT seed="6,1,1,3,5,72" ten="105,258,255,372" oya="2" hai0="52,9,106,112,44,69,51,31,66,26,37,14,81" hai1="65,83,41,45,29,55,32,127,47,130,103,38,115" hai2="25,124,1,27,117,99,102,97,70,56,77,17,73" hai3="20,82,123,132,133,57,120,114,108,110,30,116,60"/><V18/><F70/><W85/><G30/><T131/><D131/><U40/><E103/><V125/><F1/><W75/><G20/><T10/><D106/><U49/><E32/><V105/><F117/><W76/><G57/><T22/><D112/><U135/><E29/><V93/><F56/><W19/><G19/><T43/><D81/><U42/><E83/><N who="2" m="45487" /><F18/><W80/><G60/><T0/><D0/><U126/><E115/><V92/><F17/><W54/><G54/><T122/><D122/><N who="3" m="46633" /><G116/><T74/><D74/><U63/><E130/><V8/><F8/><W98/><G98/><T78/><D78/><U107/><E107/><V4/><F4/><W12/><G12/><T88/><D88/><U50/><E135/><N who="3" m="51786" /><G114/><T104/><D104/><U64/><E64/><V46/><F46/><W61/><G61/><T21/><D21/><U129/><E129/><V35/><F35/><W79/><AGARI ba="1,1" hai="75,76,79,80,82,85,108,110" m="51786,46633" machi="79" ten="40,8000,1" yaku="20,1,34,2,52,2" doraHai="72" who="3" fromWho="3" sc="105,-21,258,-21,255,-41,372,93" /><INIT seed="7,0,0,3,5,49" ten="84,237,214,465" oya="3" hai0="80,39,95,20,91,16,69,25,125,70,133,64,54" hai1="33,74,106,135,77,72,101,110,21,100,85,132,92" hai2="40,124,10,86,56,71,11,108,45,38,93,57,9" hai3="3,79,117,97,84,98,12,75,89,68,42,78,116"/><W2/><G68/><T28/><D39/><U130/><E33/><V127/><F71/><W119/><G42/><T17/><D133/><N who="1" m="51275" /><E21/><V120/><F108/><W50/><G12/><T76/><D125/><N who="2" m="48202" /><F120/><W52/><G75/><N who="1" m="28714" /><E110/><V29/><F29/><W23/><G23/><T66/><D70/><U122/><E122/><V123/><F123/><W121/><G121/><T6/><D6/><U112/><E112/><V35/><F35/><W53/><G50/><T62/><D69/><U48/><E48/><V44/><F44/><W47/><G47/><T88/><D76/><N who="3" m="29225" /><G89/><AGARI ba="0,0" hai="9,10,11,38,40,45,56,57,86,89,93" m="48202" machi="89" ten="30,1000,0" yaku="18,1" doraHai="49" who="2" fromWho="3" sc="84,0,237,0,214,10,465,-10" owari="84,-42.0,237,4.0,224,-18.0,455,56.0" /></mjloggm>