<mjloggm ver="2.3"><GO type="169" lobby="0"/><UN n0="%6B%75%72%6F%30%32%34%34" n1="%E8%82%89%E2%98%86%E6%A3%92%E5%A4%AA%E9%83%8E" n2="%E3%81%BE%E3%81%8A%E3%81%BD%E3%82%93" n3="%E5%B0%B1%E6%B4%BB%E7%94%9F%40%E5%B7%9D%E6%9D%91%E8%BB%8D%E5%9B%A3" dan="16,16,16,18" rate="2090.97,2114.71,2105.18,2313.00" sx="M,M,F,M"/><TAIKYOKU oya="0"/><INIT seed="0,0,0,2,5,35" ten="250,250,250,250" oya="0" hai0="2,5,68,94,82,37,104,60,130,0,49,93,81" hai1="122,131,90,69,50,83,80,27,46,84,22,47,14" hai2="38,4,100,1,121,7,55,66,29,43,106,114,67" hai3="23,73,74,3,134,19,10,34,9,17,117,75,102"/><T13/><D104/><U18/><E69/><V25/><F114/><W31/><G117/><T115/><D115/><U59/><E122/><V44/><F4/><W103/><G134/><T65/><D37/><U126/><E126/><V113/><F113/><W87/><G87/><T119/><D119/><U97/><E131/><V127/><F127/><W70/><G70/><T28/><D130/><U135/><E135/><V125/><F125/><W53/><G53/><T98/><D28/><U96/><E83/><V12/><F12/><W6/><G10/><T85/><D49/><U120/><E120/><V20/><F121/><W72/><N who="3" m="18944" /><DORA hai="45" /><W123/><G19/><T21/><D93/><U112/><E112/><V128/><F128/><W107/><G107/><T62/><D62/><U48/><E59/><V89/><F89/><W118/><G118/><T61/><D61/><U105/><E27/><V32/><F55/><W30/><G123/><T108/><D108/><U79/><E105/><V39/><F39/><W78/><G78/><T91/><D81/><U40/><E79/><V36/><F36/><W116/><G116/><T95/><D95/><U71/><E71/><V15/><F100/><W129/><G129/><T41/><D41/><AGARI ba="0,0" hai="14,18,22,40,41,46,47,48,50,80,84,90,96,97" machi="41" ten="30,8000,1" yaku="7,1,9,1,8,1,52,2" doraHai="35,45" who="1" fromWho="0" sc="250,-80,250,80,250,0,250,0" /><INIT seed="1,0,0,3,2,19" ten="170,330,250,250" oya="1" hai0="17,58,102,133,52,7,97,85,70,75,119,11,92" hai1="124,132,113,21,26,33,82,22,41,42,72,123,59" hai2="4,83,105,134,69,10,43,47,55,120,25,88,56" hai3="0,90,107,76,54,45,37,68,122,126,49,114,39"/><U3/><E123/><V9/><F105/><W38/><G107/><T1/><D75/><U23/><E3/><V32/><F69/><W130/><G0/><T60/><D119/><U112/><E132/><V44/><F134/><W115/><G76/><T40/><D133/><U106/><E106/><V125/><F125/><W96/><G122/><T73/><D73/><U24/><E124/><V98/><F4/><W84/><G96/><T66/><D40/><N who="1" m="15467" /><E33/><V127/><F127/><W81/><G126/><T111/><D111/><U89/><E72/><V65/><F65/><W20/><G68/><T31/><D31/><U103/><E103/><V95/><F83/><W94/><G81/><T50/><D85/><N who="1" m="50359" /><E113/><V116/><F116/><W35/><G35/><T27/><D70/><U77/><E112/><V30/><F120/><W61/><G61/><T13/><D1/><U53/><E77/><V78/><F78/><W6/><G6/><T86/><D86/><U5/><E5/><V29/><F29/><W135/><G135/><T34/><D34/><U108/><E108/><V118/><F118/><W74/><G74/><T2/><D2/><U63/><AGARI ba="0,0" hai="21,22,23,24,26,53,59,63" m="50359,15467" machi="63" ten="30,11700,0" yaku="8,1,52,3" doraHai="19" who="1" fromWho="1" sc="170,-39,330,117,250,-39,250,-39" /><INIT seed="1,1,0,4,5,58" ten="131,447,211,211" oya="1" hai0="6,46,100,12,84,65,90,79,17,19,133,1,101" hai1="97,60,87,44,77,57,28,13,82,96,72,94,110" hai2="132,119,34,35,120,26,126,93,64,88,55,11,61" hai3="39,49,0,10,5,52,14,68,37,69,30,56,42"/><U98/><E44/><V29/><F119/><W127/><G127/><T7/><D133/><U16/><E28/><V45/><F126/><W109/><G109/><T104/><D1/><U21/><E110/><V54/><F132/><W125/><G125/><T107/><D79/><U108/><E108/><V117/><F117/><W89/><G0/><T47/><D65/><N who="1" m="39055" /><E72/><V114/><F114/><W95/><G30/><T129/><D84/><U48/><E48/><V75/><F75/><W135/><G135/><T130/><D12/><U122/><E122/><V112/><F112/><W73/><G73/><T76/><REACH who="0" step="1"/><D76/><REACH who="0" ten="121,447,211,211" step="2"/><U66/><E66/><V116/><F120/><W91/><G14/><T134/><D134/><U86/><E86/><V63/><F116/><W50/><G5/><T99/><D99/><U121/><E121/><V115/><F64/><W3/><G3/><T62/><D62/><U85/><E85/><V123/><F115/><W81/><G81/><T40/><D40/><U2/><E2/><V80/><F80/><W106/><G42/><T4/><D4/><U102/><AGARI ba="1,1" hai="13,16,21,77,82,87,94,96,97,98,102" m="39055" machi="102" ten="30,6000,0" yaku="8,1,52,1,54,1" doraHai="58" who="1" fromWho="1" sc="121,-21,447,73,211,-21,211,-21" /><INIT seed="1,2,0,4,0,103" ten="100,520,190,190" oya="1" hai0="82,64,72,81,111,20,88,18,113,56,122,112,131" hai1="42,23,121,46,126,107,130,92,86,106,7,115,8" hai2="125,38,89,29,134,96,99,116,93,95,128,44,69" hai3="67,85,1,57,62,36,21,5,129,79,13,16,47"/><U78/><E121/><V101/><F69/><W51/><G36/><T87/><D111/><U53/><E115/><V108/><F108/><W76/><G129/><T123/><D131/><U83/><E130/><V58/><F128/><W2/><G2/><T105/><D64/><U15/><E126/><V114/><F116/><W37/><G37/><T73/><D56/><U110/><E110/><V55/><F125/><W61/><G61/><T109/><D109/><U124/><E124/><V48/><F134/><W49/><G49/><T31/><D31/><U102/><E53/><V77/><F114/><N who="0" m="44138" /><D105/><U11/><E11/><V6/><F29/><W50/><G50/><T9/><D9/><U26/><E92/><V41/><F77/><W40/><G1/><T97/><D97/><U133/><E102/><V60/><F38/><W45/><G45/><T104/><D104/><U52/><E52/><V35/><F35/><W34/><G34/><T63/><D63/><U117/><E133/><V74/><F74/><N who="0" m="28778" /><D18/><N who="1" m="12663" /><E117/><V90/><F6/><W43/><G5/><T71/><D71/><U32/><E32/><V10/><F10/><W59/><G59/><T91/><D20/><U80/><E80/><N who="0" m="30825" /><D87/><U0/><E0/><V19/><F19/><W75/><G75/><T33/><D33/><U120/><E120/><AGARI ba="2,0" hai="88,91,120,122,123" m="30825,28778,44138" machi="120" ten="40,12000,2" yaku="28,2,13,1,34,2,54,1" doraHai="103" who="0" fromWho="1" sc="100,126,520,-126,190,0,190,0" /><INIT seed="2,0,0,5,5,119" ten="226,394,190,190" oya="2" hai0="26,35,28,74,88,32,127,11,72,116,37,20,51" hai1="31,12,62,38,39,57,84,55,129,9,114,40,53" hai2="86,108,95,102,29,24,65,121,56,104,22,109,42" hai3="135,47,1,103,61,128,46,94,68,111,19,69,110"/><V118/><F118/><W75/><G1/><T80/><D37/><U131/><E31/><V97/><F42/><W59/><G75/><T36/><D36/><U52/><E84/><V112/><F112/><W96/><G128/><N who="1" m="49226" /><E114/><V130/><F130/><W113/><G135/><T5/><D116/><U106/><E106/><V58/><F58/><W79/><G79/><T120/><D127/><U123/><E40/><V23/><F23/><W13/><G113/><T21/><D21/><U34/><E34/><V93/><F86/><W49/><G69/><T25/><D35/><U81/><E81/><V117/><F117/><W105/><G105/><T6/><D6/><N who="1" m="3127" /><E123/><V134/><F134/><W10/><G68/><T16/><D120/><U30/><E30/><V101/><F121/><W4/><G4/><T3/><REACH who="0" step="1"/><D51/><REACH who="0" ten="216,394,190,190" step="2"/><U43/><E39/><V76/><F76/><W91/><G49/><T98/><D98/><U71/><E71/><V54/><F65/><W63/><G96/><T64/><D64/><N who="1" m="38991" /><E38/><V60/><REACH who="2" step="1"/><F102/><REACH who="2" ten="216,394,180,190" step="2"/><W48/><G103/><T83/><D83/><U107/><E43/><V41/><F41/><W67/><G67/><T14/><D14/><U132/><E132/><V2/><F2/><W85/><G13/><T73/><D73/><U77/><E77/><V45/><F45/><W0/><G47/><T33/><D33/><U70/><E70/><V78/><F78/><W15/><G0/><T8/><D8/><U44/><E44/><V90/><F90/><W82/><G46/><T50/><D50/><U18/><E107/><V87/><F87/><AGARI ba="0,2" hai="3,5,11,16,20,25,26,28,32,72,74,80,87,88" machi="87" ten="40,5200,0" yaku="1,1,54,2,53,0" doraHai="119" doraHaiUra="92" who="0" fromWho="2" sc="216,72,394,0,180,-52,190,0" /><INIT seed="3,0,0,1,4,60" ten="288,394,128,190" oya="3" hai0="98,33,123,12,63,91,90,8,65,116,93,3,49" hai1="31,53,81,44,20,23,132,76,70,27,14,119,129" hai2="75,89,120,108,29,104,46,16,51,43,99,47,2" hai3="113,57,69,41,7,133,94,18,32,80,22,72,58"/><W54/><G32/><T48/><D3/><U130/><E70/><V121/><F2/><W111/><G69/><T38/><D38/><U88/><E132/><V112/><F75/><W83/><G113/><T0/><D116/><U79/><E119/><V11/><F29/><W86/><G133/><T19/><D123/><N who="2" m="47178" /><F108/><W118/><G118/><T6/><D33/><U61/><E20/><V24/><F47/><W103/><G72/><T26/><D90/><U107/><E107/><V30/><F30/><W126/><G126/><T17/><D26/><U62/><E14/><N who="2" m="7263" /><F24/><N who="3" m="14423" /><G41/><T35/><D35/><U77/><E44/><V105/><F112/><W64/><G7/><T25/><D25/><U97/><E53/><V21/><F21/><W115/><G115/><T36/><D36/><U127/><E127/><V13/><F13/><W68/><G68/><T10/><D17/><U96/><E96/><V56/><F56/><AGARI ba="0,0" hai="0,6,8,10,12,19,48,49,56,63,65,91,93,98" machi="56" ten="30,2000,0" yaku="7,1,52,1" doraHai="60" who="0" fromWho="2" sc="288,20,394,0,128,-20,190,0" /><INIT seed="4,0,0,0,3,132" ten="308,394,108,190" oya="0" hai0="18,59,14,108,68,48,43,27,69,2,50,97,72" hai1="123,24,85,39,66,79,118,86,47,49,107,121,57" hai2="11,83,36,81,115,130,46,54,82,84,51,63,127" hai3="0,92,42,60,56,64,38,105,17,111,21,25,87"/><T44/><D72/><U128/><E107/><V19/><F130/><W101/><G0/><T33/><D2/><U74/><E39/><V133/><F133/><W113/><G113/><T78/><D78/><U110/><E118/><V58/><F115/><W103/><G105/><T90/><D108/><U3/><E110/><V1/><F36/><W65/><G111/><T37/><D33/><U99/><E128/><V109/><F109/><W15/><G65/><T16/><D27/><U80/><E3/><V94/><F94/><W131/><G131/><T71/><D59/><U106/><E24/><V98/><F98/><W135/><G135/><T117/><D117/><U102/><E57/><V112/><F112/><W26/><G42/><T52/><D52/><U45/><E66/><V29/><F29/><W125/><G38/><T9/><REACH who="0" step="1"/><D18/><REACH who="0" ten="298,394,108,190" step="2"/><U35/><E35/><V126/><F1/><W12/><G26/><T34/><D34/><U104/><E123/><V62/><F19/><W4/><G25/><T8/><D8/><U88/><E121/><V20/><F11/><W31/><G31/><T30/><D30/><U53/><E74/><V55/><F20/><W61/><G56/><T41/><D41/><U114/><E114/><V119/><F119/><W73/><G73/><T22/><D22/><U7/><E53/><N who="2" m="19979" /><F58/><W93/><G21/><T23/><D23/><U76/><E79/><N who="2" m="46143" /><F46/><W116/><G17/><T13/><D13/><U67/><E47/><V32/><F32/><W77/><G77/><T100/><D100/><U40/><E45/><V5/><F5/><W91/><G4/><RYUUKYOKU ba="0,1" sc="298,30,394,-10,108,-10,190,-10" hai0="9,14,16,37,43,44,48,50,68,69,71,90,97" /><INIT seed="4,1,1,4,5,37" ten="328,384,98,180" oya="0" hai0="115,97,109,18,12,129,32,4,70,98,94,79,57" hai1="20,74,1,64,107,2,110,126,7,11,73,95,43" hai2="113,52,33,58,111,92,55,41,80,108,116,48,29" hai3="133,15,122,10,128,46,14,104,81,117,77,24,63"/><T71/><D32/><U118/><E110/><V50/><F113/><W21/><G104/><T61/><D115/><U112/><E107/><V42/><F33/><W19/><G117/><T76/><D129/><U45/><E118/><V101/><F29/><W6/><G133/><T36/><D36/><U25/><E2/><V99/><F116/><W87/><G128/><T35/><D35/><U66/><E112/><V34/><F34/><W96/><G122/><T119/><D4/><U28/><E126/><V124/><F124/><W106/><G63/><T31/><D31/><U67/><REACH who="1" step="1"/><E95/><REACH who="1" ten="328,374,98,180" step="2"/><V123/><F123/><W100/><REACH who="3" step="1"/><G46/><REACH who="3" ten="328,374,98,170" step="2"/><T88/><D119/><U23/><E23/><V8/><F111/><W114/><G114/><T75/><D109/><U125/><E125/><V5/><F108/><W121/><G121/><T49/><D61/><U47/><E47/><N who="2" m="27743" /><F80/><W30/><G30/><T131/><D131/><U127/><E127/><V84/><F84/><W51/><G51/><AGARI ba="1,3" hai="1,7,11,20,25,28,43,45,51,64,66,67,73,74" machi="51" ten="40,5200,0" yaku="1,1,52,1,53,1" doraHai="37" doraHaiUra="39" who="1" fromWho="3" sc="328,0,374,85,98,0,170,-55" /><INIT seed="5,0,0,2,4,55" ten="328,459,98,115" oya="1" hai0="74,94,70,16,52,113,31,66,43,108,131,39,105" hai1="14,34,37,129,13,92,19,116,103,104,57,5,49" hai2="122,107,6,109,64,47,91,62,58,73,106,11,88" hai3="15,29,33,38,2,97,132,71,10,87,118,22,40"/><U72/><E37/><V60/><F73/><W45/><G71/><T18/><D105/><U121/><E34/><V101/><F109/><W1/><G132/><T63/><D108/><U115/><E72/><V56/><F122/><W133/><G133/><T95/><D74/><U128/><E104/><V8/><F47/><W28/><G33/><T7/><D31/><U89/><E116/><V65/><REACH who="2" step="1"/><F6/><REACH who="2" ten="328,459,88,115" step="2"/><W4/><G118/><T120/><D7/><U50/><E5/><V111/><F111/><W3/><G22/><T44/><D120/><U17/><E121/><V96/><F96/><W93/><REACH who="3" step="1"/><G87/><REACH who="3" ten="328,459,88,105" step="2"/><T53/><D131/><U114/><E129/><V46/><F46/><W84/><G84/><T76/><D44/><U75/><E128/><V54/><F54/><W125/><G125/><T117/><D52/><U9/><E75/><V24/><F24/><W35/><G35/><T20/><D53/><U102/><E115/><V12/><F12/><W79/><G79/><T51/><D76/><U135/><E114/><V127/><F127/><W80/><G80/><T124/><D124/><U119/><E135/><V0/><F0/><W123/><G123/><T98/><D113/><U59/><E119/><V126/><F126/><W99/><G99/><T25/><D98/><U61/><E14/><V27/><F27/><W86/><G86/><T67/><D25/><U36/><E13/><V110/><F110/><W100/><AGARI ba="0,2" hai="1,2,3,4,10,15,28,29,38,40,45,93,97,100" machi="100" ten="30,2000,0" yaku="1,1,0,1,53,0" doraHai="55" doraHaiUra="78" who="3" fromWho="3" sc="328,-5,459,-10,88,-5,105,40" /><INIT seed="6,0,0,0,3,30" ten="323,449,83,145" oya="2" hai0="110,39,125,38,54,123,16,50,98,3,19,14,49" hai1="82,62,113,24,78,112,4,60,109,135,93,61,97" hai2="88,84,92,101,12,29,17,124,64,70,114,102,67" hai3="11,106,76,119,37,55,25,46,21,10,41,69,40"/><V23/><F124/><W2/><G106/><T129/><D3/><U73/><E109/><V31/><F114/><N who="1" m="44137" /><E24/><V27/><F31/><W81/><G69/><T44/><D110/><U71/><E4/><V133/><F133/><W47/><G55/><T34/><D123/><U83/><E83/><V36/><F36/><W68/><G68/><T89/><D129/><U59/><E71/><V48/><F48/><W105/><G105/><T126/><D50/><U58/><E135/><V8/><REACH who="2" step="1"/><F67/><REACH who="2" ten="323,449,73,145" step="2"/><W96/><G119/><T87/><D39/><U9/><E62/><AGARI ba="0,1" hai="8,12,17,23,27,29,62,64,70,84,88,92,101,102" machi="62" ten="40,7700,0" yaku="1,1,2,1,54,1,53,0" doraHai="30" doraHaiUra="32" who="2" fromWho="1" sc="323,0,449,-77,73,87,145,0" /><INIT seed="6,1,0,5,2,129" ten="323,372,160,145" oya="2" hai0="18,94,4,134,20,50,7,95,40,9,77,126,35" hai1="71,52,31,118,19,121,78,57,128,82,119,108,51" hai2="88,83,97,73,81,91,65,47,46,25,105,132,86" hai3="8,131,93,48,75,99,84,68,43,90,39,107,110"/><V102/><F65/><W112/><G39/><T0/><D126/><U70/><E108/><V55/><F25/><W66/><G110/><T42/><D77/><U38/><E38/><V122/><F47/><W28/><G75/><T53/><D7/><U6/><E128/><V24/><F24/><W113/><G131/><T33/><D134/><U17/><E31/><V127/><F55/><W96/><G28/><T61/><D61/><U76/><E6/><V114/><F46/><N who="3" m="25695" /><G107/><T26/><D95/><U37/><E37/><V116/><F116/><W23/><G8/><T27/><D94/><U59/><E121/><V125/><F122/><W45/><G45/><T13/><D27/><U72/><E78/><N who="2" m="44239" /><F114/><N who="3" m="44139" /><G23/><T5/><D5/><U98/><E98/><N who="3" m="37418" /><G66/><T79/><D79/><U11/><E11/><V58/><F58/><W100/><G100/><T87/><D35/><U44/><E59/><V10/><F10/><W69/><AGARI ba="1,0" hai="68,69,84,90,93" m="37418,44139,25695" machi="69" ten="30,2000,0" yaku="15,1,11,1" doraHai="129" who="3" fromWho="3" sc="323,-6,372,-6,160,-11,145,23" /><INIT seed="7,0,0,0,1,135" ten="317,366,149,168" oya="3" hai0="7,46,89,8,129,11,108,19,68,62,45,73,90" hai1="105,35,51,54,64,15,127,99,37,98,24,83,72" hai2="87,43,132,63,48,128,94,121,32,41,5,23,111" hai3="114,27,22,38,85,16,75,91,58,117,40,109,106"/><W125/><G75/><T130/><D108/><U26/><E37/><V126/><F111/><W86/><G117/><T9/><D73/><U49/><E64/><V17/><F32/><W92/><G106/><T44/><D19/><U21/><E35/><V101/><F132/><W84/><G109/><T34/><D34/><U120/><E120/><V103/><F121/><W28/><G114/><T13/><D62/><U25/><E105/><V65/><F128/><N who="0" m="49258" /><D68/><U55/><E72/><V42/><F5/><W1/><G1/><T102/><D102/><U82/><E15/><V61/><F48/><W0/><G0/><T123/><D123/><U39/><E26/><V4/><F4/><W71/><G71/><T124/><D124/><U97/><E127/><V18/><F126/><W3/><G3/><T30/><D30/><N who="1" m="17679" /><E25/><V116/><F116/><W119/><G119/><T93/><D93/><U2/><E39/><V33/><F33/><W79/><G125/><T70/><D70/><U115/><E115/><V59/><F61/><W52/><G28/><T122/><D122/><U12/><E12/><N who="2" m="9639" /><F18/><W107/><G107/><T6/><D13/><U47/><E2/><V112/><F112/><W10/><G10/><T77/><D77/><U131/><E131/><V53/><F65/><W81/><G38/><T104/><D104/><U67/><E67/><V14/><F14/><W60/><G40/><N who="2" m="10241" /><V118/><DORA hai="133" /><F118/><W50/><G60/><T57/><D57/><AGARI ba="0,0" hai="47,49,51,54,55,57,82,83,97,98,99" m="17679" machi="57" ten="30,1000,0" yaku="8,1" doraHai="135,133" who="1" fromWho="0" sc="317,-10,366,10,149,0,168,0" owari="307,11.0,376,47.0,149,-35.0,168,-23.0" /></mjloggm>