<mjloggm ver="2.3"><GO type="169" lobby="0"/><UN n0="%75%6C%61%73%75" n1="%E5%8D%97%E5%9B%BD%E9%9B%80" n2="%E3%82%A6%E3%83%AB%E3%83%88%E3%83%A9%E7%AB%8B%E7%9B%B4" n3="%E5%A4%A9%E7%85%A7" dan="16,18,18,16" rate="2055.21,2232.82,2256.45,2123.27" sx="M,M,M,M"/><TAIKYOKU oya="0"/><INIT seed="0,0,0,3,0,8" ten="250,250,250,250" oya="0" hai0="88,10,104,132,61,56,58,3,32,106,52,26,50" hai1="126,7,2,103,19,128,67,92,81,45,102,78,117" hai2="53,0,62,21,100,46,36,16,90,71,66,11,5" hai3="87,9,121,76,27,39,25,77,37,112,59,96,63"/><T14/><D132/><U57/><E117/><V94/><F100/><W54/><G121/><T109/><D3/><U72/><E128/><V13/><F53/><W4/><G112/><T73/><D73/><U1/><E126/><V97/><F46/><W131/><G131/><T114/><D114/><U122/><E122/><V80/><F80/><W60/><G60/><T15/><D109/><U43/><E2/><V98/><REACH who="2" step="1"/><F36/><REACH who="2" ten="250,250,240,250" step="2"/><W127/><G39/><T123/><D123/><U84/><E102/><V108/><F108/><W107/><G37/><T68/><D104/><U29/><E103/><V18/><F18/><W85/><G107/><T48/><D106/><U12/><E19/><V35/><F35/><W28/><G77/><T64/><D32/><U135/><E45/><V133/><F133/><W130/><G76/><T116/><D116/><U75/><E81/><V101/><F101/><W30/><G130/><T65/><D88/><U20/><E135/><V111/><F111/><W89/><G30/><T93/><D93/><U47/><E92/><V44/><F44/><W129/><G129/><T17/><D65/><U70/><E67/><V120/><F120/><W33/><G33/><T86/><D17/><U99/><E29/><V34/><F34/><W49/><G28/><T55/><D64/><U42/><E78/><V83/><F83/><W38/><G38/><T95/><D55/><U23/><E47/><V51/><F51/><W134/><G49/><T110/><D50/><U115/><E115/><V91/><F91/><W82/><G134/><T31/><D48/><U22/><E43/><RYUUKYOKU ba="0,1" sc="250,-10,250,-10,240,30,250,-10" hai2="0,5,11,13,16,21,62,66,71,90,94,97,98" /><INIT seed="1,1,1,1,4,94" ten="240,240,270,240" oya="1" hai0="34,63,46,133,90,37,51,32,11,17,15,48,20" hai1="95,88,40,6,49,66,82,68,128,35,120,55,16" hai2="113,50,119,22,112,126,23,81,60,98,118,19,53" hai3="130,100,110,127,28,79,89,83,105,85,77,26,33"/><U71/><E120/><V30/><F126/><W42/><G127/><T109/><D133/><U14/><E35/><V56/><F81/><W102/><G130/><T45/><D109/><U43/><E6/><V10/><F10/><W18/><G110/><T41/><D37/><U106/><E106/><V96/><F30/><W21/><G42/><T67/><D90/><U107/><E107/><V44/><F119/><W58/><G58/><T115/><D115/><N who="2" m="44106" /><F118/><W73/><G79/><T91/><D91/><U47/><E128/><V39/><F39/><W104/><G104/><T54/><REACH who="0" step="1"/><D20/><REACH who="0" ten="230,240,270,240" step="2"/><N who="2" m="7722" /><F19/><W108/><G108/><T116/><D116/><U38/><E38/><V87/><F87/><W1/><G73/><T13/><D13/><U0/><E14/><V36/><F36/><W31/><G77/><T3/><D3/><U121/><E0/><V29/><F29/><W84/><G1/><T117/><D117/><U12/><E12/><V124/><F124/><W99/><G84/><T64/><D64/><AGARI ba="1,2" hai="44,50,53,56,60,64,96,98" m="7722,44106" machi="64" ten="30,3900,0" yaku="11,1,52,2" doraHai="94" who="2" fromWho="0" sc="230,-42,240,0,270,62,240,0" /><INIT seed="2,0,0,3,0,55" ten="188,240,332,240" oya="2" hai0="67,68,27,93,105,40,36,51,107,100,99,16,8" hai1="52,71,9,122,33,32,125,63,81,73,5,45,69" hai2="30,111,4,109,13,43,46,92,96,42,10,2,41" hai3="110,84,12,56,47,80,7,131,34,127,115,50,124"/><V62/><F30/><W82/><G34/><T95/><D36/><U126/><E122/><V25/><F25/><W130/><G7/><T60/><D105/><U78/><E32/><V6/><F6/><W28/><G28/><T11/><D11/><U1/><E33/><V29/><F29/><W14/><G110/><N who="2" m="41993" /><F62/><W0/><G0/><T121/><D121/><U128/><E128/><N who="3" m="49194" /><G115/><T118/><D118/><U89/><E89/><N who="2" m="55311" /><F2/><W76/><G82/><T101/><D27/><U129/><E129/><V97/><F97/><W135/><G135/><T79/><D40/><U75/><E75/><V86/><F86/><W49/><G14/><T65/><D60/><U112/><E112/><V119/><F119/><W20/><G20/><T23/><D23/><U70/><REACH who="1" step="1"/><E45/><AGARI ba="0,0" hai="4,10,13,41,42,43,45,46" m="55311,41993" machi="45" ten="30,2900,0" yaku="14,1,10,1" doraHai="55" who="2" fromWho="1" sc="188,0,240,-29,332,29,240,0" /><INIT seed="2,1,0,3,2,3" ten="188,211,361,240" oya="2" hai0="67,116,56,95,80,31,52,109,18,125,92,105,13" hai1="97,5,43,6,133,114,115,59,39,0,107,23,48" hai2="71,36,2,100,113,29,16,122,58,104,77,64,51" hai3="126,9,123,49,94,26,99,11,37,134,110,108,30"/><V127/><F113/><W15/><G37/><T25/><D105/><U7/><E0/><V85/><F122/><W78/><G123/><T62/><D109/><U46/><E133/><V32/><F127/><W17/><G78/><T117/><D125/><U90/><E23/><V53/><F2/><W38/><G38/><T111/><D111/><N who="3" m="42537" /><G49/><T19/><D80/><U57/><E57/><V14/><F36/><W50/><G50/><T132/><D132/><U130/><E130/><V101/><F104/><W70/><G70/><T124/><D124/><U91/><E91/><V1/><F1/><W27/><G126/><T35/><D67/><U10/><E10/><V119/><F119/><N who="0" m="45642" /><D18/><U86/><E97/><V112/><F112/><W44/><G44/><T74/><D74/><U89/><E107/><V66/><F71/><W75/><G75/><T45/><D45/><U28/><E28/><V98/><F29/><W102/><G134/><T68/><D68/><U40/><E90/><V4/><F77/><W129/><G129/><T96/><D96/><U24/><E24/><V73/><F98/><W120/><G120/><T21/><AGARI ba="1,0" hai="13,19,21,25,31,35,52,56,62,92,95" m="45642" machi="21" ten="30,2000,0" yaku="12,1,54,1" doraHai="3" who="0" fromWho="0" sc="188,23,211,-6,361,-11,240,-6" /><INIT seed="3,0,0,5,1,67" ten="211,205,350,234" oya="3" hai0="57,116,109,105,91,61,72,13,12,18,5,121,36" hai1="4,100,107,114,53,125,42,68,94,104,23,9,26" hai2="74,85,60,51,135,90,118,63,40,16,58,1,39" hai3="45,130,32,112,80,43,133,15,108,119,89,25,52"/><W56/><G119/><T49/><D36/><U2/><E114/><V35/><F1/><W84/><G112/><T122/><D105/><U0/><E0/><V111/><F35/><W46/><G130/><T21/><D72/><U134/><E134/><V62/><F39/><W33/><G133/><T30/><D116/><U79/><E125/><V20/><F74/><W127/><G127/><T48/><D30/><U92/><E79/><V28/><F135/><W66/><G66/><T113/><D113/><U78/><E78/><V117/><F111/><W106/><G106/><T102/><D102/><U87/><E42/><V98/><F98/><W73/><G73/><T81/><D109/><U93/><E68/><V14/><F28/><W129/><G129/><T29/><D29/><U99/><E53/><V24/><F24/><W82/><G82/><T69/><D69/><U86/><REACH who="1" step="1"/><E107/><REACH who="1" ten="211,195,350,234" step="2"/><V59/><F117/><W27/><G108/><T110/><D110/><U55/><E55/><V37/><F118/><W7/><G33/><T34/><D34/><U77/><E77/><V126/><F126/><W19/><G32/><T70/><D70/><U103/><E103/><V11/><F40/><W3/><G3/><T31/><D122/><U41/><E41/><V123/><F123/><W88/><G89/><T22/><D91/><U17/><AGARI ba="0,1" hai="2,4,9,17,23,26,86,87,92,93,94,99,100,104" machi="17" ten="30,2000,0" yaku="1,1,0,1,53,0" doraHai="67" doraHaiUra="64" who="1" fromWho="1" sc="211,-5,195,30,350,-5,234,-10" /><INIT seed="4,0,0,5,3,32" ten="206,225,345,224" oya="0" hai0="118,102,42,74,131,33,115,45,103,43,55,54,71" hai1="27,104,80,129,63,95,7,39,126,31,50,125,123" hai2="135,120,87,15,133,96,117,62,122,134,8,124,105" hai3="38,69,94,58,40,100,61,132,37,90,56,51,110"/><T52/><D118/><U93/><E123/><V0/><F124/><W67/><G100/><N who="0" m="38443" /><D74/><U49/><E104/><V119/><F96/><W128/><G94/><T113/><D33/><U59/><E39/><N who="3" m="14858" /><G90/><T89/><D71/><U83/><E7/><N who="2" m="1127" /><F105/><W130/><G110/><T41/><D89/><U73/><E129/><N who="3" m="49770" /><G132/><T72/><D72/><U114/><E73/><V24/><F87/><W84/><G84/><T70/><D70/><U109/><E109/><V17/><F24/><W25/><G25/><T47/><D131/><U53/><E95/><V116/><F62/><W99/><G99/><T81/><D81/><U21/><E93/><V108/><F108/><W11/><G11/><AGARI ba="0,0" hai="11,15,17,116,117,119,120,122,133,134,135" m="1127" machi="11" ten="40,8000,1" yaku="12,1,20,1,34,2,52,1" doraHai="32" who="2" fromWho="3" sc="206,0,225,0,345,80,224,-80" /><INIT seed="5,0,0,5,2,48" ten="206,225,425,144" oya="1" hai0="40,13,82,73,43,23,96,39,130,52,118,98,115" hai1="1,134,113,31,26,49,112,81,28,126,129,79,89" hai2="59,58,35,119,72,133,20,60,45,77,36,2,62" hai3="87,116,0,3,42,83,92,69,7,117,132,76,102"/><U120/><E120/><V107/><F35/><W80/><G69/><T108/><D108/><U122/><E122/><V54/><F107/><W70/><G70/><T61/><D118/><U55/><E1/><V12/><F2/><W44/><G132/><T121/><D39/><U109/><E134/><V94/><F119/><W127/><G127/><T88/><D115/><N who="1" m="44107" /><E126/><V34/><F34/><W63/><G63/><T123/><D130/><U86/><E129/><V33/><F33/><W38/><G3/><T41/><D121/><U47/><E109/><V95/><F133/><W135/><G135/><T6/><D73/><N who="1" m="43247" /><E26/><V93/><F72/><W11/><G102/><T16/><D123/><U71/><E71/><V14/><F77/><W104/><G104/><T84/><D6/><U101/><E101/><V85/><F85/><W5/><G5/><T25/><D25/><U111/><E111/><V4/><F4/><W22/><G92/><AGARI ba="0,0" hai="28,31,47,49,55,86,89,92" m="43247,44107" machi="92" ten="30,2900,0" yaku="15,1,52,1" doraHai="48" who="1" fromWho="3" sc="206,0,225,29,425,0,144,-29" /><INIT seed="5,1,0,5,5,77" ten="206,254,425,115" oya="1" hai0="85,21,64,69,75,61,123,108,81,51,104,0,118" hai1="84,90,96,124,135,60,70,10,26,134,5,129,65" hai2="29,25,98,103,99,87,3,63,6,12,44,92,54" hai3="93,72,39,35,67,32,101,8,30,121,106,58,107"/><U132/><E96/><V28/><F3/><W95/><G72/><T89/><D108/><U112/><E112/><V11/><F87/><W40/><G39/><T20/><D118/><U42/><E42/><V38/><F38/><W111/><G40/><T52/><D123/><U47/><E47/><V125/><F125/><W91/><G111/><T105/><D0/><U62/><E62/><V9/><F25/><W94/><G30/><T128/><D128/><U16/><E124/><V71/><F71/><W33/><G8/><T80/><D20/><N who="1" m="13575" /><E129/><V55/><F11/><W76/><G76/><T34/><D34/><U116/><E116/><V4/><F4/><W131/><G131/><T18/><D75/><U13/><E84/><V59/><F99/><W120/><G91/><AGARI ba="1,0" hai="5,10,13,60,65,70,90,91,132,134,135" m="13575" machi="91" ten="30,2900,0" yaku="20,1,54,1" doraHai="77" who="1" fromWho="3" sc="206,0,254,32,425,0,115,-32" /><INIT seed="5,2,0,1,1,65" ten="206,286,425,83" oya="1" hai0="96,32,19,55,53,59,5,132,111,127,135,57,122" hai1="3,93,129,121,64,39,74,41,116,69,49,10,102" hai2="107,33,48,100,83,26,22,70,128,23,104,12,44" hai3="91,90,81,6,126,86,131,84,29,21,13,123,34"/><U11/><E121/><V37/><F37/><W17/><G123/><T68/><D32/><U108/><E116/><V54/><F70/><W105/><G105/><T1/><D5/><U87/><E74/><V125/><F128/><W88/><G131/><T89/><D1/><U56/><E129/><V113/><F113/><W115/><G115/><T79/><D79/><U120/><E120/><V14/><F125/><W63/><G126/><T47/><D68/><U62/><E3/><V45/><F33/><W97/><G34/><T24/><D111/><U18/><E18/><V117/><F117/><W20/><G6/><T85/><D96/><N who="1" m="59663" /><E87/><V130/><F130/><W134/><G134/><T36/><D36/><U7/><E7/><V106/><F100/><W60/><G91/><T27/><D19/><U94/><E94/><V133/><F133/><W0/><G0/><T58/><D122/><U52/><E108/><V82/><F106/><W8/><G97/><T78/><D127/><U4/><E4/><V61/><F104/><W30/><G30/><T46/><D85/><U38/><E38/><V109/><F107/><W16/><G29/><T118/><D118/><U9/><E9/><V35/><F35/><W112/><G112/><T31/><D31/><U72/><E72/><V103/><F109/><W28/><G28/><T75/><D132/><U43/><E43/><V119/><F119/><W51/><G51/><T25/><D135/><U66/><E66/><V50/><F48/><W95/><G8/><T98/><D75/><U76/><E76/><V15/><F50/><W110/><G110/><RYUUKYOKU ba="2,0" sc="206,-15,286,15,425,-15,83,15" hai1="10,11,39,41,49,52,56,62,64,69" hai3="13,16,17,20,21,60,63,81,84,86,88,90,95" /><INIT seed="5,3,0,1,3,67" ten="191,301,410,98" oya="1" hai0="117,26,82,99,91,90,38,124,85,51,12,84,44" hai1="66,63,47,111,108,77,105,112,104,57,72,93,79" hai2="80,73,17,25,87,7,36,107,19,4,1,130,127" hai3="70,75,39,135,69,22,106,119,65,64,50,28,71"/><U94/><E112/><V54/><F107/><N who="1" m="41033" /><E47/><V121/><F73/><W115/><G106/><T2/><D2/><U132/><E132/><V97/><F36/><W0/><G75/><T125/><D117/><U81/><E79/><V58/><F1/><W131/><G0/><T11/><D38/><U95/><E57/><V86/><F97/><W123/><G123/><T78/><D99/><U46/><E46/><V43/><F58/><W92/><G39/><T31/><D31/><U5/><E5/><V34/><F7/><W40/><G115/><T83/><D26/><U101/><E63/><V29/><F4/><W103/><G135/><T18/><REACH who="0" step="1"/><D78/><REACH who="0" ten="181,301,410,98" step="2"/><U110/><E66/><V15/><F25/><W133/><G133/><T55/><AGARI ba="3,1" hai="11,12,18,44,51,55,82,83,84,85,90,91,124,125" machi="55" ten="30,12000,2" yaku="1,1,2,1,0,1,9,1,25,2,53,0" doraHai="67" doraHaiUra="61" who="0" fromWho="0" sc="181,139,301,-63,410,-33,98,-33" /><INIT seed="6,0,0,5,2,23" ten="320,238,377,65" oya="2" hai0="116,108,103,84,79,10,55,45,128,121,41,115,92" hai1="100,25,88,16,37,119,40,66,118,1,98,89,78" hai2="111,52,93,11,21,91,106,70,63,134,12,15,24" hai3="109,105,29,113,53,77,57,0,3,81,101,135,61"/><V94/><F106/><W122/><G122/><T43/><D115/><U90/><E1/><V35/><F35/><W65/><G109/><T14/><D121/><U74/><E66/><V31/><F134/><W49/><G135/><T112/><D128/><U26/><E40/><V104/><F104/><W75/><G113/><T71/><D71/><U110/><E37/><V34/><F111/><W28/><G28/><T80/><D116/><U76/><E110/><V123/><F123/><W130/><G130/><T62/><D112/><U97/><E74/><V50/><F34/><W83/><G83/><T127/><D127/><U68/><E68/><V82/><F63/><W18/><G18/><T58/><D45/><U85/><E85/><N who="2" m="50615" /><F70/><W96/><REACH who="3" step="1"/><G29/><REACH who="3" ten="320,238,377,55" step="2"/><T38/><D108/><U87/><E16/><N who="2" m="8223" /><F15/><W20/><G20/><T120/><D14/><U73/><E118/><V32/><F32/><W59/><AGARI ba="0,1" hai="0,3,49,53,57,59,61,65,75,77,81,96,101,105" machi="59" ten="20,2700,0" yaku="1,1,0,1,7,1,53,0" doraHai="23" doraHaiUra="42" who="3" fromWho="3" sc="320,-7,238,-7,377,-13,55,37" /><INIT seed="7,0,0,2,5,83" ten="313,231,364,92" oya="3" hai0="52,76,100,8,35,77,32,98,95,16,102,134,101" hai1="71,75,54,62,44,131,94,74,122,49,40,50,135" hai2="132,36,112,43,56,5,12,22,78,14,61,20,107" hai3="97,82,24,129,117,65,41,46,133,111,60,125,120"/><W38/><G120/><T89/><D134/><U33/><E122/><V70/><F107/><W27/><G117/><T93/><D35/><U48/><E33/><V15/><F70/><W68/><G133/><T0/><D0/><U79/><E75/><V3/><F132/><W99/><G125/><T108/><D32/><U23/><E74/><V53/><F112/><W73/><G129/><T91/><D108/><U26/><E26/><V51/><F36/><W1/><G1/><T18/><D52/><U57/><E94/><V21/><F3/><W128/><G128/><T130/><D130/><U13/><E79/><V104/><F104/><W115/><G115/><T10/><D101/><U59/><E23/><V116/><F116/><W4/><G4/><T64/><D98/><U6/><E13/><V81/><F5/><W66/><G66/><AGARI ba="0,0" hai="8,10,16,18,64,66,76,77,89,91,93,95,100,102" machi="66" ten="25,6400,0" yaku="22,2,8,1,54,1" doraHai="83" who="0" fromWho="3" sc="313,64,231,0,364,0,92,-64" owari="377,48.0,231,-17.0,364,16.0,28,-47.0" /></mjloggm>