<mjloggm ver="2.3"><GO type="169" lobby="0"/><UN n0="%E3%82%A2%E3%83%99%E3%83%8E%E3%83%9F%E3%82%AF%E3%82%B9" n1="%67%6F%73%68%69%6B%6B%75" n2="%E5%A5%88%E8%90%BD%E3%81%AE%E7%8E%8B" n3="%E3%83%88%E3%83%88%E3%83%AA%E5%85%88%E7%94%9F%31%39%E6%AD%B3" dan="16,17,16,19" rate="2039.48,2187.21,2171.24,2309.59" sx="F,F,M,F"/><TAIKYOKU oya="0"/><INIT seed="0,0,0,2,5,35" ten="250,250,250,250" oya="0" hai0="129,93,96,78,64,109,41,116,75,108,122,51,5" hai1="3,68,46,11,69,84,134,117,59,95,85,15,107" hai2="32,76,12,17,112,53,113,54,111,29,72,36,52" hai3="38,125,13,103,83,33,86,81,9,133,101,22,135"/><T10/><D116/><U8/><E107/><V121/><F121/><W91/><G33/><T63/><D122/><U58/><E117/><V74/><F36/><W39/><G125/><T89/><D129/><U31/><E134/><N who="3" m="51210" /><G22/><T26/><D26/><U124/><E31/><V92/><F111/><N who="0" m="42570" /><D78/><U47/><E95/><V119/><F92/><W130/><G81/><T131/><D131/><U115/><E15/><V55/><F119/><W14/><G14/><T100/><D75/><U77/><E77/><V79/><F76/><W80/><G80/><T4/><D100/><N who="3" m="38473" /><G130/><T56/><D10/><U30/><E30/><V42/><F79/><W94/><G83/><T132/><D132/><U88/><E88/><V62/><F74/><W102/><N who="3" m="38481" /><W97/><DORA hai="70" /><G86/><T98/><D98/><U43/><E124/><V45/><F72/><W7/><AGARI ba="0,0" hai="7,9,13,38,39,91,94,97" m="38481,51210" machi="7" ten="40,5200,0" yaku="20,1,52,2" doraHai="35,70" who="3" fromWho="3" sc="250,-26,250,-13,250,-13,250,52" /><INIT seed="1,0,0,3,4,102" ten="224,237,237,302" oya="1" hai0="21,73,47,28,100,131,46,116,82,7,31,39,103" hai1="10,66,71,59,69,20,134,17,125,36,23,86,16" hai2="60,38,48,55,62,40,132,90,104,85,19,98,128" hai3="54,33,9,130,121,106,67,111,88,64,117,4,6"/><U81/><E125/><V99/><F128/><W68/><G121/><T61/><D116/><U92/><E134/><V75/><F75/><W119/><G33/><T72/><D131/><U14/><E36/><V32/><F32/><W42/><G130/><T0/><D61/><U120/><E120/><V123/><F123/><W124/><G124/><T108/><D108/><U11/><E92/><V122/><F132/><W126/><G126/><T87/><D72/><U135/><E135/><V107/><F122/><W63/><G111/><T3/><D21/><U93/><E93/><V65/><F40/><W26/><G42/><T52/><D39/><U24/><E66/><V105/><F38/><W49/><G64/><T96/><D73/><U56/><E71/><V34/><F34/><W30/><G26/><T13/><D0/><U115/><E69/><V129/><F19/><W83/><G30/><N who="0" m="11307" /><D96/><U80/><E115/><V91/><F129/><W113/><G106/><T114/><D3/><U53/><E59/><V57/><F62/><W1/><G6/><T97/><D97/><U84/><E81/><V51/><F51/><W74/><G113/><T112/><D112/><U110/><E110/><V79/><F79/><W78/><REACH who="3" step="1"/><G88/><REACH who="3" ten="224,237,237,292" step="2"/><N who="0" m="51319" /><D114/><U58/><E24/><V118/><F91/><W101/><G101/><T5/><D5/><U25/><E25/><V133/><F133/><W15/><G15/><T77/><D77/><U8/><E14/><V70/><REACH who="2" step="1"/><F118/><REACH who="2" ten="224,237,227,292" step="2"/><W18/><G18/><T127/><D127/><U45/><E17/><V2/><F2/><W41/><G41/><T12/><D7/><RYUUKYOKU ba="0,2" sc="224,-15,237,-15,227,15,292,15" hai2="48,55,57,60,65,70,85,90,98,99,104,105,107" hai3="1,4,9,49,54,63,67,68,74,78,83,117,119" /><INIT seed="2,1,2,2,4,41" ten="209,222,242,307" oya="2" hai0="112,2,11,68,106,100,91,97,74,37,36,57,96" hai1="134,123,76,17,75,81,16,14,77,64,126,133,85" hai2="122,38,25,103,70,51,105,73,109,125,26,84,121" hai3="114,46,90,32,98,67,20,52,4,78,135,71,48"/><V58/><F38/><W49/><G32/><T95/><D112/><U131/><E126/><V45/><F70/><W1/><G114/><T22/><D68/><U118/><E118/><V120/><F73/><W132/><G78/><T24/><D74/><U42/><E131/><V113/><F113/><W117/><G117/><T60/><D11/><U19/><E123/><V92/><F125/><W44/><G20/><T7/><D7/><U127/><E127/><V34/><F34/><W83/><G71/><T35/><D2/><U69/><E42/><V54/><F109/><W128/><G67/><T12/><D12/><U94/><E94/><V62/><F105/><W88/><G128/><T40/><D40/><U43/><E43/><V21/><F21/><W53/><G83/><T23/><D23/><U29/><E29/><V124/><F124/><W107/><G107/><T6/><D6/><U102/><E102/><V111/><F111/><W129/><G129/><T55/><REACH who="0" step="1"/><D35/><REACH who="0" ten="199,222,242,307" step="2"/><U110/><E14/><V82/><F122/><W0/><G4/><T115/><D115/><U61/><E110/><V39/><F121/><W63/><G98/><T9/><D9/><U33/><E33/><V80/><F120/><W28/><G28/><AGARI ba="1,3" hai="22,24,28,36,37,55,57,60,91,95,96,97,100,106" machi="28" ten="30,2000,0" yaku="1,1,7,1,53,0" doraHai="41" doraHaiUra="66" who="0" fromWho="3" sc="199,53,222,0,242,0,307,-23" /><INIT seed="3,0,0,1,4,48" ten="252,222,242,284" oya="3" hai0="46,66,11,60,84,29,13,33,38,3,26,111,58" hai1="23,35,97,79,65,55,36,129,115,107,86,67,103" hai2="85,12,93,32,71,82,77,16,17,87,117,116,20" hai3="113,47,45,73,88,110,78,119,89,134,96,42,14"/><W6/><G113/><T30/><D111/><U131/><E35/><V22/><F71/><W10/><G119/><T90/><D29/><U19/><E36/><V2/><F2/><W5/><G110/><T43/><D3/><U83/><E115/><V15/><F32/><W106/><G134/><T61/><D61/><U49/><E131/><V108/><F108/><W95/><G106/><T74/><D74/><U1/><E1/><V75/><F75/><W76/><G73/><T112/><D112/><U128/><E128/><V130/><F130/><W31/><G31/><T34/><D34/><U104/><E107/><V57/><F57/><W135/><G135/><T124/><D124/><U21/><E129/><V118/><F118/><W122/><G122/><T105/><D105/><U126/><E126/><V68/><F68/><W51/><G6/><T24/><D30/><U37/><E37/><V7/><F7/><W94/><G47/><T125/><D33/><U99/><E99/><AGARI ba="0,0" hai="5,10,14,42,45,51,76,78,88,89,94,95,96,99" machi="99" ten="30,11600,0" yaku="7,1,9,1,8,1,54,1" doraHai="48" who="3" fromWho="1" sc="252,0,222,-116,242,0,284,116" /><INIT seed="3,1,0,1,0,97" ten="252,106,242,400" oya="3" hai0="14,128,48,134,62,80,100,9,40,111,122,124,38" hai1="44,32,103,81,26,50,98,25,20,117,129,16,36" hai2="102,76,10,119,55,74,21,75,66,104,135,51,22" hai3="113,87,101,85,71,61,29,39,130,15,79,94,53"/><W52/><G113/><T23/><D122/><U49/><E129/><V92/><F104/><W118/><G118/><T8/><D38/><U35/><E117/><V60/><F135/><W126/><G39/><T125/><D134/><U88/><E36/><V132/><F132/><W109/><G130/><T123/><D123/><U67/><E67/><V42/><F42/><W0/><G0/><T121/><D121/><U105/><E26/><V89/><F10/><W72/><G126/><T93/><D128/><U27/><E25/><V41/><F41/><W133/><G133/><T120/><D80/><U73/><E50/><V82/><F74/><W96/><G29/><T57/><D23/><U83/><E83/><V84/><F102/><W18/><G72/><T64/><D120/><U28/><E28/><V17/><F17/><W7/><G7/><T115/><D115/><U77/><E88/><V6/><F6/><W107/><G109/><T33/><D111/><U131/><REACH who="1" step="1"/><E131/><REACH who="1" ten="252,96,242,400" step="2"/><V5/><F119/><W56/><G71/><T110/><D110/><U45/><E45/><V65/><F65/><W54/><G79/><T46/><D125/><U11/><E11/><V19/><F76/><W2/><G61/><T95/><D9/><U69/><E69/><V78/><F60/><W114/><G114/><T59/><D124/><U4/><E4/><V112/><F5/><W116/><G116/><T24/><D62/><U106/><E106/><V127/><F127/><W108/><G107/><T37/><D37/><U34/><E34/><V58/><F112/><W70/><G108/><T30/><D33/><RYUUKYOKU ba="1,1" sc="252,-10,96,30,242,-10,400,-10" hai1="16,20,27,32,35,44,49,73,77,81,98,103,105" /><INIT seed="4,2,1,5,5,126" ten="242,126,232,390" oya="0" hai0="102,118,94,90,35,11,48,25,8,57,101,84,104" hai1="34,66,62,134,30,12,16,0,117,114,40,23,59" hai2="56,123,85,103,131,129,92,70,105,119,63,60,43" hai3="107,113,120,26,4,112,18,61,42,58,81,5,65"/><T122/><D118/><U100/><E134/><V132/><F132/><W47/><G107/><T75/><D122/><U128/><E117/><V93/><F119/><W39/><G120/><T55/><D75/><U31/><E0/><V79/><F123/><W2/><G2/><T22/><D35/><U86/><E114/><N who="3" m="44138" /><G81/><T44/><D44/><U111/><E111/><V53/><F43/><W9/><G9/><T80/><D104/><U13/><E34/><V116/><F116/><W38/><G38/><T67/><D67/><U64/><E64/><V68/><F105/><W130/><G130/><N who="2" m="49673" /><F63/><W72/><G72/><T69/><D69/><N who="2" m="26730" /><F103/><N who="0" m="39434" /><D80/><AGARI ba="2,1" hai="53,56,60,79,80,85,92,93" m="26730,49673" machi="80" ten="30,7700,0" yaku="19,1,52,3" doraHai="126" who="2" fromWho="0" sc="242,-83,126,0,232,93,390,0" /><INIT seed="5,0,0,5,5,58" ten="159,126,325,390" oya="1" hai0="22,74,31,39,66,95,52,70,36,115,67,83,86" hai1="92,78,89,61,25,8,7,71,124,64,114,6,94" hai2="5,60,105,111,134,49,76,88,81,102,30,34,0" hai3="29,48,90,91,117,47,85,68,121,16,63,55,18"/><U41/><E114/><V10/><F111/><W17/><G121/><T46/><D115/><U106/><E124/><V37/><F37/><W73/><G73/><T135/><D135/><U21/><E106/><V4/><F4/><W1/><G1/><T100/><D74/><U44/><E78/><V40/><F134/><W3/><G3/><T14/><D39/><U104/><E104/><V123/><F123/><W69/><G117/><T77/><D36/><U84/><E94/><V97/><F60/><W23/><G69/><T128/><D128/><U11/><E7/><V57/><F88/><N who="3" m="33835" /><G85/><T53/><D70/><U80/><E92/><V107/><F107/><W2/><G68/><T98/><D46/><U19/><REACH who="1" step="1"/><E6/><REACH who="1" ten="159,116,325,390" step="2"/><V126/><F126/><W43/><G2/><T56/><D53/><U42/><E42/><V59/><F40/><W62/><G43/><T118/><D118/><U15/><E15/><V72/><F105/><W122/><G122/><T112/><D112/><U103/><E103/><V110/><F102/><W50/><G50/><AGARI ba="0,1" hai="8,11,19,21,25,41,44,50,61,64,71,80,84,89" machi="50" ten="30,5800,0" yaku="1,1,7,1,52,1,53,0" doraHai="58" doraHaiUra="51" who="1" fromWho="3" sc="159,0,116,68,325,0,390,-58" /><INIT seed="5,1,0,4,0,34" ten="159,184,325,332" oya="1" hai0="10,47,42,108,86,54,106,102,114,14,115,62,48" hai1="75,67,134,4,119,76,120,98,70,74,17,60,7" hai2="65,50,103,89,129,2,55,73,25,6,49,85,80" hai3="87,96,81,94,59,124,12,66,13,21,122,32,38"/><U46/><E120/><V128/><F65/><W58/><G122/><T77/><D108/><U133/><E119/><V84/><F73/><W9/><G32/><T22/><D22/><U78/><E17/><V45/><F103/><W19/><G38/><T107/><D77/><U116/><E116/><V8/><F25/><W40/><G40/><T11/><D86/><U28/><E28/><V23/><F23/><W127/><G66/><T36/><D62/><U52/><E98/><V0/><F50/><W33/><G33/><T69/><D69/><U131/><E131/><N who="2" m="50251" /><F85/><W24/><G127/><T132/><D132/><N who="1" m="50795" /><E76/><V126/><F126/><W79/><G124/><T105/><D102/><U99/><E99/><V111/><F111/><W93/><G13/><AGARI ba="1,0" hai="0,2,6,8,13,45,49,55,80,84,89" m="50251" machi="13" ten="30,3900,0" yaku="19,1,52,2" doraHai="34" who="2" fromWho="3" sc="159,0,184,0,325,42,332,-42" /><INIT seed="6,0,0,0,5,97" ten="159,184,367,290" oya="2" hai0="88,135,17,26,89,73,85,52,91,53,35,125,61" hai1="83,43,41,20,109,62,24,66,114,94,30,8,124" hai2="107,7,92,106,56,98,0,38,81,51,54,87,12" hai3="32,71,110,115,2,65,31,126,37,119,55,93,95"/><V128/><F38/><W105/><RYUUKYOKU type="yao9" ba="0,0" sc="159,0,184,0,367,0,290,0" hai3="2,31,32,37,55,65,71,93,95,105,110,115,119,126" /><INIT seed="6,1,0,0,5,64" ten="159,184,367,290" oya="2" hai0="15,119,88,71,21,72,86,91,104,23,90,14,110" hai1="129,106,35,57,120,131,58,46,100,5,20,135,84" hai2="50,123,17,10,99,117,81,40,74,16,83,55,114" hai3="61,24,6,36,68,107,63,28,97,108,48,13,80"/><V37/><F123/><W49/><G108/><T11/><D110/><U113/><E35/><V0/><F117/><W122/><G122/><T115/><D72/><U44/><E120/><V92/><F114/><W56/><G36/><T41/><D115/><U67/><E5/><V73/><F40/><W96/><G80/><T62/><D104/><U8/><E8/><V89/><F37/><W34/><G6/><T94/><D41/><U102/><E113/><V82/><F0/><W124/><G124/><T109/><D109/><U33/><E84/><V132/><F132/><W31/><G13/><T26/><D119/><U7/><E67/><V12/><REACH who="2" step="1"/><F17/><REACH who="2" ten="159,184,357,290" step="2"/><W78/><G31/><N who="0" m="17871" /><D71/><U103/><E135/><V59/><AGARI ba="1,1" hai="10,12,16,50,55,59,73,74,81,82,83,89,92,99" machi="59" ten="30,6000,0" yaku="1,1,0,1,54,1,53,0" doraHai="64" doraHaiUra="133" who="2" fromWho="2" sc="159,-21,184,-21,357,73,290,-21" /><INIT seed="6,2,0,2,1,53" ten="138,163,430,269" oya="2" hai0="96,134,93,83,125,75,89,25,119,46,113,102,97" hai1="23,30,133,4,115,32,50,16,114,127,36,80,69" hai2="63,3,130,70,109,52,0,20,54,59,9,21,57" hai3="132,84,116,90,118,66,87,129,17,95,7,2,10"/><V55/><F70/><W79/><G129/><T85/><D46/><U31/><E36/><V37/><F37/><W41/><G132/><T45/><D45/><U43/><E69/><V49/><F130/><W61/><G41/><T126/><D25/><U108/><E108/><V78/><F109/><W34/><G34/><T5/><D5/><U62/><E133/><V76/><F9/><W47/><G47/><T124/><D134/><U60/><E127/><V98/><F98/><W15/><G84/><T42/><D42/><U65/><E80/><V111/><F111/><W81/><G79/><N who="2" m="30249" /><F3/><W38/><G81/><T123/><D123/><U121/><E4/><V27/><F0/><W33/><G33/><T131/><D131/><U110/><E121/><V13/><F13/><W73/><G73/><T107/><D75/><U105/><E105/><V28/><F21/><W92/><G92/><T51/><D51/><U11/><E11/><V56/><F49/><W88/><G90/><N who="0" m="51519" /><D113/><N who="1" m="43019" /><E32/><V40/><F40/><W22/><G38/><T6/><D6/><U103/><E103/><V74/><F74/><W26/><G2/><T8/><D8/><U71/><E110/><V18/><F28/><W112/><G112/><T128/><D128/><U24/><E62/><AGARI ba="2,0" hai="18,20,27,52,54,55,56,57,59,62,63" m="30249" machi="62" ten="40,12000,1" yaku="8,1,52,3,54,1" doraHai="53" who="2" fromWho="1" sc="138,0,163,-126,430,126,269,0" /><INIT seed="6,3,0,4,1,117" ten="138,37,556,269" oya="2" hai0="99,51,62,20,40,93,107,42,120,111,70,119,101" hai1="122,134,1,8,59,109,24,53,72,126,94,74,12" hai2="60,88,31,114,39,26,110,47,50,124,44,112,33" hai3="54,11,67,129,125,79,81,34,18,7,113,100,6"/><V103/><F103/><W68/><G34/><T91/><D111/><U36/><E109/><V71/><F110/><W82/><G129/><T95/><D120/><U45/><E122/><V43/><F124/><W90/><G125/><T38/><D38/><U17/><E134/><V23/><F33/><W135/><G135/><T5/><D119/><U25/><E1/><V108/><F108/><W130/><G130/><T48/><D107/><U29/><E126/><V105/><F105/><W106/><G113/><T121/><D121/><U0/><E0/><V123/><F123/><W35/><G35/><T3/><D3/><U75/><E36/><V27/><F27/><W102/><G54/><T85/><D5/><U4/><E45/><V127/><F127/><W16/><G106/><T80/><D80/><U98/><E4/><V21/><F21/><W15/><G67/><T57/><D20/><U10/><E10/><V13/><F13/><W69/><G90/><T84/><D84/><U2/><E2/><V61/><F88/><W28/><G28/><T128/><D70/><N who="3" m="27241" /><G82/><T87/><D87/><U73/><N who="1" m="18432" /><DORA hai="92" /><U66/><E66/><V58/><F71/><W22/><G18/><T56/><D128/><U131/><E29/><V30/><F30/><W9/><G7/><T116/><D116/><U14/><E14/><V46/><F112/><W133/><G133/><T118/><D118/><U41/><E131/><V52/><F114/><W115/><G115/><T89/><D85/><U77/><E77/><V37/><F37/><W96/><G6/><T55/><D55/><U63/><E41/><RYUUKYOKU ba="3,0" sc="138,-15,37,15,556,15,269,-15" hai1="8,12,17,24,25,53,59,63,94,98" hai2="23,26,31,39,43,44,46,47,50,52,58,60,61" /><INIT seed="6,4,0,2,4,30" ten="123,52,571,254" oya="2" hai0="108,130,83,44,43,22,104,61,135,70,85,53,131" hai1="110,125,28,93,3,101,11,119,66,105,117,54,74" hai2="5,55,58,122,29,90,56,106,124,82,31,100,0" hai3="1,103,41,84,21,45,79,62,97,35,134,127,9"/><V39/><F39/><W60/><G35/><T77/><D108/><U17/><E125/><V25/><F31/><W63/><G127/><T109/><D109/><U26/><E105/><V102/><F122/><W115/><G134/><T111/><D111/><U86/><E74/><V27/><F27/><W68/><G115/><T114/><D114/><U46/><E110/><V78/><F90/><W24/><G1/><T73/><D135/><U128/><E128/><N who="0" m="49193" /><D104/><U121/><E66/><V6/><F58/><W94/><G9/><T118/><D118/><U91/><E101/><V47/><F47/><W48/><G68/><T126/><D126/><U67/><E67/><V107/><F107/><W50/><G50/><T51/><D22/><U89/><E89/><V72/><F124/><W92/><G92/><T10/><D10/><U20/><E121/><V98/><F102/><W75/><G75/><T129/><N who="0" m="49201" /><T37/><DORA hai="116" /><D70/><U123/><E123/><V99/><F99/><W52/><G84/><T12/><D12/><U65/><E65/><V34/><F0/><W49/><G79/><T38/><D73/><U8/><E8/><V4/><F4/><W40/><G48/><AGARI ba="4,0" hai="5,6,25,29,34,48,55,56,72,78,82,98,100,106" machi="48" ten="30,2900,0" yaku="7,1,52,1" doraHai="30,116" who="2" fromWho="3" sc="123,0,52,0,571,41,254,-41" /><INIT seed="6,5,0,3,2,67" ten="123,52,612,213" oya="2" hai0="24,123,89,108,75,109,82,99,56,46,84,58,31" hai1="81,131,33,63,117,16,17,70,65,130,21,37,50" hai2="45,32,127,74,98,47,122,10,51,83,105,40,44" hai3="2,80,121,55,29,93,38,54,49,69,88,94,112"/><V129/><F122/><W11/><G121/><T133/><D133/><U42/><E117/><V86/><F32/><W71/><G38/><T128/><D123/><U77/><E33/><V116/><F74/><W15/><G2/><T110/><D128/><N who="1" m="49195" /><E37/><V8/><F129/><W68/><G112/><T85/><D75/><N who="1" m="43199" /><E21/><V0/><F127/><W6/><G29/><T64/><D46/><AGARI ba="5,0" hai="16,17,42,46,50,63,65,70" m="43199,49195" machi="46" ten="30,3900,0" yaku="19,1,52,1,54,1" doraHai="67" who="1" fromWho="0" sc="123,-54,52,54,612,0,213,0" /><INIT seed="7,0,0,3,0,92" ten="69,106,612,213" oya="3" hai0="23,76,101,88,6,0,87,111,79,96,122,3,100" hai1="20,62,89,85,31,114,15,117,78,9,63,103,95" hai2="58,94,1,51,24,107,128,33,82,43,50,26,11" hai3="133,46,67,112,71,19,121,61,65,4,27,72,40"/><W113/><G121/><T30/><D111/><U5/><E114/><N who="3" m="44138" /><G72/><T66/><D122/><U16/><E117/><V39/><F107/><W91/><G133/><T10/><D0/><U44/><E31/><V73/><F73/><W98/><G4/><T13/><D101/><U105/><E78/><V29/><F128/><W21/><G67/><T8/><D66/><U34/><E34/><V120/><F120/><W109/><G91/><T35/><D35/><U48/><E103/><V108/><F33/><W132/><G132/><T116/><D116/><U115/><E105/><V75/><F75/><W41/><G41/><T123/><D123/><U64/><E64/><V106/><F43/><W68/><G68/><T42/><D42/><N who="1" m="24599" /><E115/><V84/><F1/><W54/><G54/><T126/><D126/><U69/><E69/><V83/><F108/><W86/><G86/><T52/><D52/><U127/><E127/><V104/><F84/><W119/><G119/><T49/><D49/><U60/><E63/><V59/><F51/><W130/><G130/><T55/><D55/><U45/><E45/><V99/><F50/><N who="3" m="26951" /><G109/><T32/><D32/><U37/><E37/><V57/><F39/><W12/><G61/><T81/><D30/><U17/><E5/><V18/><F29/><W80/><G65/><T110/><D110/><U36/><E36/><V97/><F59/><W77/><G77/><T28/><D28/><U56/><E56/><V47/><F47/><W22/><G71/><T125/><D125/><U134/><E134/><V124/><F124/><W90/><G90/><T14/><D3/><RYUUKYOKU ba="0,0" sc="69,-10,106,30,612,-10,213,-10" hai1="9,15,16,17,20,60,62,85,89,95" owari="59,-44.0,136,-26.0,602,70.0,203,0.0" /></mjloggm>