<mjloggm ver="2.3"><GO type="225" lobby="0"/><UN n0="%E3%82%A6%E3%83%AB%E3%83%88%E3%83%A9%E7%AB%8B%E7%9B%B4" n1="%E3%83%A9%E3%82%A4%E3%82%AB%40" n2="%E3%82%B7%E3%83%B3%E3%83%87%E3%83%AB%E3%83%A9" n3="%E5%8F%8B%E6%B2%A2" dan="17,16,16,16" rate="2103.75,2057.24,2164.28,2104.25" sx="M,M,F,M"/><TAIKYOKU oya="0"/><INIT seed="0,0,0,3,4,89" ten="250,250,250,250" oya="0" hai0="113,17,69,19,4,107,25,48,62,15,74,16,82" hai1="5,114,84,86,21,76,53,14,20,26,115,49,73" hai2="10,122,29,83,125,58,43,111,128,85,6,100,134" hai3="33,108,44,119,132,93,131,65,79,67,31,1,0"/><T81/><D107/><U71/><E71/><V11/><F111/><W9/><G119/><T98/><D113/><N who="1" m="43019" /><E73/><V91/><F122/><W88/><G79/><T106/><D74/><U27/><E27/><V103/><F128/><W92/><G131/><T30/><D48/><U124/><E124/><V95/><F125/><W50/><G108/><T12/><D4/><U123/><E123/><V120/><F120/><W8/><G33/><T130/><D130/><U52/><E53/><V126/><F126/><W56/><G31/><T80/><D69/><U32/><E32/><V39/><F134/><W60/><G132/><T28/><D62/><U101/><E101/><V116/><F116/><W133/><G133/><T135/><D135/><U41/><E41/><V66/><F29/><N who="0" m="11370" /><D106/><U37/><E37/><V45/><F83/><W77/><G77/><T102/><D25/><U97/><E76/><V40/><F40/><N who="3" m="24839" /><G1/><T59/><D59/><N who="1" m="33167" /><E26/><V127/><F127/><W112/><G112/><T34/><D34/><U35/><E35/><V3/><REACH who="2" step="1"/><F11/><REACH who="2" ten="250,250,240,250" step="2"/><N who="3" m="4171" /><G0/><T129/><D129/><U24/><E20/><V63/><AGARI ba="0,1" hai="3,6,10,39,43,45,58,63,66,85,91,95,100,103" machi="63" ten="30,4000,0" yaku="1,1,0,1,52,1,53,0" doraHai="89" doraHaiUra="78" who="2" fromWho="2" sc="250,-20,250,-10,240,50,250,-10" /><INIT seed="1,0,0,1,1,77" ten="230,240,290,240" oya="1" hai0="86,21,45,7,103,73,130,49,31,76,33,18,120" hai1="78,32,108,46,107,109,54,17,93,66,116,113,50" hai2="129,126,70,89,44,42,61,85,135,63,110,15,30" hai3="118,20,87,105,121,106,101,12,23,27,64,97,14"/><U84/><E113/><V52/><F110/><N who="1" m="42601" /><E116/><V0/><F0/><W56/><G121/><T9/><D73/><U38/><E107/><V65/><F129/><W68/><G118/><T41/><D130/><U119/><E119/><V40/><F135/><W72/><G72/><T28/><D120/><U123/><E123/><V74/><F126/><W94/><G68/><T43/><D103/><U117/><E117/><V99/><F74/><W48/><G23/><T102/><D102/><U81/><E32/><V3/><F3/><W47/><G105/><T11/><D43/><N who="1" m="22903" /><E66/><V35/><F65/><W91/><G47/><T67/><D67/><U111/><N who="1" m="42609" /><U58/><DORA hai="55" /><E93/><V29/><F35/><W82/><G106/><T98/><D33/><U95/><E95/><V13/><F70/><W5/><G5/><T88/><D7/><U80/><E80/><V132/><F132/><W104/><G104/><T75/><D75/><U100/><E100/><V59/><F40/><W16/><G64/><T8/><D76/><U71/><E71/><V4/><F42/><W37/><G37/><T62/><D41/><U133/><E17/><V19/><F19/><W69/><G69/><T2/><D18/><U6/><E6/><V36/><F4/><W96/><G96/><T131/><D98/><U112/><E112/><V114/><F99/><W90/><G101/><T122/><D2/><U124/><E124/><V10/><F114/><W115/><G115/><T24/><D122/><U60/><E60/><V34/><F61/><W134/><G134/><AGARI ba="0,0" hai="50,54,58,78,81,84,133,134" m="22903,42609" machi="134" ten="40,12000,1" yaku="14,1,10,1,52,2" doraHai="77,55" who="1" fromWho="3" sc="230,0,240,120,290,0,240,-120" /><INIT seed="1,1,0,4,3,35" ten="230,360,290,120" oya="1" hai0="129,93,101,97,72,29,102,12,92,123,107,127,27" hai1="120,74,111,130,114,14,44,45,94,17,58,124,54" hai2="116,75,99,60,20,67,69,118,79,61,11,16,105" hai3="46,82,80,81,106,56,59,39,68,19,125,3,7"/><U89/><E114/><V122/><F122/><W0/><G68/><T71/><D72/><U119/><E120/><V43/><F43/><W76/><G106/><T31/><D123/><U90/><E119/><V49/><F49/><W117/><G7/><T134/><D71/><U34/><E124/><V103/><F60/><W100/><G100/><T51/><D127/><U53/><E130/><V21/><F21/><W87/><G125/><T33/><D129/><U30/><E111/><V10/><F79/><W135/><G19/><T26/><D134/><U48/><E74/><V37/><F37/><W110/><G110/><T38/><D38/><U112/><E112/><V6/><F75/><W24/><G24/><T95/><D51/><N who="1" m="31071" /><E34/><V41/><F41/><W32/><G32/><T108/><D108/><U133/><E30/><V62/><F62/><W4/><G4/><T65/><D65/><U52/><E133/><V98/><F98/><W78/><G135/><T64/><D64/><U8/><E94/><V113/><F113/><W13/><G13/><T57/><D12/><U28/><E28/><V84/><F84/><W47/><G39/><T73/><D73/><U115/><E115/><V86/><F86/><W128/><G87/><T109/><D109/><U96/><E96/><V77/><F77/><W1/><G128/><T131/><D131/><U83/><E83/><V42/><F42/><W36/><G36/><T5/><D101/><U23/><E23/><V40/><F40/><W91/><G91/><T50/><D107/><U104/><E104/><V9/><F6/><W88/><G88/><RYUUKYOKU ba="1,0" sc="230,-15,360,15,290,15,120,-15" hai1="8,14,17,44,45,48,52,53,89,90" hai2="9,10,11,16,20,61,67,69,99,103,105,116,118" /><INIT seed="1,2,0,3,5,70" ten="215,375,305,105" oya="1" hai0="16,41,18,64,78,106,99,104,32,44,52,94,4" hai1="84,135,6,29,122,131,121,71,95,26,24,115,30" hai2="13,9,120,61,83,25,117,27,103,79,125,127,49" hai3="54,134,101,75,50,72,105,37,80,69,96,59,2"/><U15/><E115/><V97/><F117/><W130/><G69/><T124/><D32/><N who="1" m="20519" /><E71/><V46/><F120/><N who="1" m="46185" /><E95/><N who="2" m="58815" /><F61/><W55/><G2/><T114/><D114/><U62/><E84/><N who="2" m="48255" /><F127/><W100/><G134/><T67/><D4/><U21/><E62/><V111/><F111/><W88/><G130/><T36/><D78/><U128/><E135/><V8/><F125/><W89/><G50/><T35/><D35/><U0/><E0/><V65/><F65/><W110/><G80/><T56/><D124/><U86/><E86/><V93/><F93/><W126/><G126/><T68/><D104/><U57/><E57/><V39/><F39/><W40/><G59/><T51/><D106/><U91/><E91/><V73/><F73/><W47/><G105/><T10/><D67/><U116/><E116/><V129/><F129/><W31/><G96/><T132/><D132/><U123/><E123/><V19/><F8/><AGARI ba="2,0" hai="6,8,15,21,26,30,128,131" m="46185,20519" machi="8" ten="30,2900,0" yaku="34,2" doraHai="70" who="1" fromWho="2" sc="215,0,375,35,305,-35,105,0" /><INIT seed="1,3,0,5,5,18" ten="215,410,270,105" oya="1" hai0="39,61,126,63,54,79,8,59,114,122,57,69,4" hai1="111,112,67,33,14,19,46,115,76,133,94,17,32" hai2="5,97,85,113,107,13,34,108,37,15,90,74,38" hai3="7,102,51,87,117,75,95,89,41,82,47,68,71"/><U125/><E133/><V20/><F108/><W2/><G2/><T103/><D114/><U56/><E111/><V72/><F113/><W101/><G117/><T49/><D126/><U86/><E125/><V55/><F34/><W80/><G75/><T30/><D39/><U65/><E46/><V70/><F70/><W110/><G110/><T120/><D79/><U29/><E29/><V6/><F55/><W81/><G68/><T88/><D103/><U93/><E56/><V3/><F3/><W73/><G71/><T77/><D77/><U40/><E76/><V52/><F52/><W104/><G73/><T60/><D30/><U36/><E86/><V1/><F1/><W58/><G104/><T31/><D31/><U28/><E28/><V43/><F107/><W21/><G7/><T26/><D26/><U128/><E36/><V53/><F53/><W123/><G123/><N who="0" m="47147" /><D88/><U109/><E109/><V0/><F90/><W50/><G58/><N who="0" m="33103" /><D69/><U135/><E112/><V44/><F38/><W22/><G50/><T118/><D118/><U116/><E115/><V23/><F72/><W27/><G27/><T131/><D131/><U64/><E128/><V127/><F74/><W134/><G134/><T98/><D98/><U12/><E135/><V62/><F97/><W24/><G24/><T132/><D132/><U119/><E67/><V99/><F99/><W83/><N who="3" m="20480" /><DORA hai="42" /><W35/><G35/><T45/><D45/><U124/><E124/><V96/><F44/><W106/><G106/><T48/><D48/><U121/><E121/><V129/><F127/><W130/><G130/><RYUUKYOKU ba="3,0" sc="215,10,410,10,270,-30,105,10" hai0="4,8,57,59,60,61,63" hai1="12,14,17,19,32,33,40,64,65,93,94,116,119" hai3="21,22,41,47,51,87,89,95,101,102" /><INIT seed="1,4,0,5,1,103" ten="225,420,240,115" oya="1" hai0="5,99,49,56,119,72,12,34,40,108,53,83,2" hai1="35,125,110,25,71,16,63,54,106,123,114,111,20" hai2="30,76,7,102,33,135,113,92,74,23,6,96,43" hai3="42,77,88,118,44,62,129,81,11,3,75,104,28"/><U66/><E114/><V38/><F135/><W9/><G28/><T68/><D119/><U134/><E123/><V128/><F33/><W57/><G118/><T109/><D2/><U55/><E134/><V46/><F128/><W93/><G129/><T87/><D34/><U15/><E125/><V24/><REACH who="2" step="1"/><F113/><REACH who="2" ten="225,420,230,115" step="2"/><W19/><G3/><T4/><D109/><U80/><E35/><V98/><F98/><W60/><G60/><T21/><D108/><U27/><E63/><V67/><F67/><W47/><G47/><T14/><D99/><U91/><E66/><V52/><F52/><W105/><G62/><T124/><D53/><U18/><E55/><V117/><F117/><W32/><G32/><T107/><D124/><U112/><E54/><V51/><F51/><W58/><G58/><T130/><D49/><U10/><E112/><V22/><F22/><W64/><G64/><T8/><D21/><U61/><E20/><V41/><F41/><W17/><G57/><T73/><D40/><U131/><E131/><V86/><F86/><W84/><G9/><T13/><D56/><U45/><E10/><V37/><F37/><W94/><G11/><N who="0" m="4199" /><D130/><U132/><E110/><V120/><F120/><W95/><G42/><T0/><D87/><U39/><E111/><V122/><F122/><W126/><G126/><T133/><D133/><U115/><E132/><V101/><F101/><W31/><G44/><T1/><D8/><U85/><E45/><V59/><F59/><W70/><G70/><T48/><D0/><U29/><E71/><V79/><F79/><W26/><G77/><RYUUKYOKU ba="4,1" sc="225,-10,420,-10,230,30,115,-10" hai2="6,7,23,24,30,38,43,46,74,76,92,96,102" /><INIT seed="2,5,1,4,4,23" ten="215,410,260,105" oya="2" hai0="132,9,33,129,4,69,14,59,34,84,100,95,114" hai1="62,35,11,116,118,50,85,24,106,31,18,131,80" hai2="27,124,115,75,104,79,93,111,7,13,71,52,0" hai3="86,74,83,125,92,42,94,108,8,38,32,29,77"/><V55/><F115/><W88/><G38/><T102/><D69/><U119/><E106/><V54/><F104/><W123/><G42/><T130/><D114/><U128/><E62/><V134/><F0/><W96/><G108/><T58/><D132/><U65/><E65/><V15/><F71/><W51/><G125/><T6/><D84/><U36/><E50/><V19/><F134/><W57/><G123/><T39/><D39/><U64/><E64/><V5/><F124/><W20/><G20/><T12/><D95/><U10/><E36/><V43/><F43/><W113/><G113/><T60/><D9/><U25/><E25/><V2/><F2/><W45/><G57/><T133/><D133/><U78/><E18/><V70/><F70/><W89/><G8/><T121/><REACH who="0" step="1"/><D60/><REACH who="0" ten="205,410,260,105" step="2"/><U44/><E11/><V68/><F68/><W120/><G120/><AGARI ba="5,2" hai="4,6,12,14,33,34,58,59,100,102,120,121,129,130" machi="120" ten="25,6400,0" yaku="1,1,2,1,22,2,53,0" doraHai="23" doraHaiUra="26" who="0" fromWho="3" sc="205,99,410,0,260,0,105,-79" /><INIT seed="3,0,0,0,1,65" ten="304,410,260,26" oya="3" hai0="52,21,1,86,92,18,24,17,10,53,25,107,51" hai1="41,98,55,32,82,49,39,111,83,116,2,30,108" hai2="117,61,26,60,94,57,27,11,12,134,70,105,8" hai3="129,132,66,76,0,74,85,124,133,128,135,97,4"/><W119/><G0/><T87/><D107/><U75/><E116/><V127/><F105/><W36/><G4/><T59/><D1/><U48/><E2/><V50/><F117/><W115/><G119/><T68/><D68/><U54/><E39/><V43/><F134/><W121/><G36/><T3/><D3/><U29/><E98/><V62/><F127/><W96/><G66/><T73/><D73/><U37/><E37/><V72/><F72/><W91/><G115/><T122/><D122/><U34/><E75/><V16/><F70/><W90/><G121/><T71/><D71/><U123/><E41/><V88/><F8/><W42/><G42/><T44/><D92/><U106/><E106/><V33/><F33/><W112/><G112/><T114/><D114/><U120/><AGARI ba="0,0" hai="29,30,32,34,48,49,54,55,82,83,108,111,120,123" machi="120" ten="25,3200,0" yaku="0,1,22,2" doraHai="65" who="1" fromWho="1" sc="304,-8,410,32,260,-8,26,-16" owari="296,10.0,442,54.0,252,-15.0,10,-49.0" /></mjloggm>