<mjloggm ver="2.3"><GO type="169" lobby="0"/><UN n0="%E3%82%A6%E3%83%AB%E3%83%88%E3%83%A9%E7%AB%8B%E7%9B%B4" n1="%E3%82%B7%E3%83%A5%E3%83%9E%E3%82%A4%E3%82%B1%E3%83%AB" n2="%23%53%69%6C%76%65%72" n3="%E3%82%B8%E3%83%A3%E3%83%83%E3%82%AB%EF%BD%9E%E3%83%AB" dan="18,17,17,16" rate="2259.78,2149.18,2129.42,2140.47" sx="M,M,M,F"/><TAIKYOKU oya="0"/><INIT seed="0,0,0,2,2,111" ten="250,250,250,250" oya="0" hai0="46,88,77,31,8,51,69,7,54,29,58,125,37" hai1="42,134,107,82,9,21,101,59,128,110,39,124,80" hai2="90,99,36,95,18,0,20,62,103,11,71,87,3" hai3="27,84,14,104,75,108,97,56,126,52,106,50,105"/><T25/><D125/><U19/><E110/><V34/><F34/><W65/><G75/><T100/><D69/><U79/><E124/><V121/><F36/><W55/><G108/><T57/><D100/><U72/><E128/><V86/><F86/><W16/><G126/><T117/><D117/><U40/><E134/><V112/><F121/><W24/><G65/><T109/><D109/><U130/><E130/><V98/><F98/><W47/><G97/><T135/><D135/><U60/><E9/><V66/><F11/><W74/><G74/><T22/><D77/><U23/><E39/><V1/><F112/><W83/><G55/><T131/><D131/><U13/><E80/><V49/><F49/><W61/><G56/><T115/><D115/><U93/><E107/><V43/><F43/><W4/><G4/><T45/><D31/><U15/><E93/><V41/><F41/><W118/><G61/><T127/><D127/><U132/><E101/><V76/><F76/><W96/><G96/><T102/><D102/><U53/><E132/><V35/><F35/><W120/><G120/><T122/><D122/><U81/><E82/><V70/><F70/><W6/><G6/><T89/><D57/><U63/><E60/><V48/><F48/><W2/><G2/><N who="0" m="119" /><D58/><U113/><E113/><V116/><F116/><W119/><G118/><T28/><D28/><U64/><E64/><V133/><F133/><W114/><G114/><T5/><D5/><U78/><E78/><V123/><F123/><W94/><G119/><T92/><D92/><U38/><E38/><V33/><F71/><RYUUKYOKU ba="0,0" sc="250,15,250,15,250,-15,250,-15" hai0="22,25,29,37,45,46,51,54,88,89" hai1="13,15,19,21,23,40,42,53,59,63,72,79,81" /><INIT seed="0,1,0,2,2,85" ten="265,265,235,235" oya="0" hai0="50,122,19,28,39,46,12,94,95,26,34,100,64" hai1="62,25,47,110,21,4,111,121,84,70,135,48,20" hai2="107,65,113,97,78,77,56,76,49,105,119,37,68" hai3="41,13,45,6,89,11,131,58,88,98,57,15,118"/><T116/><D116/><U10/><E121/><V126/><F113/><W35/><G118/><T106/><D122/><U31/><E135/><V130/><F119/><W75/><G75/><T36/><D64/><U9/><E21/><V133/><F37/><W129/><G35/><T18/><D106/><U61/><E84/><V92/><F68/><W72/><G72/><T8/><D19/><U103/><E103/><V55/><F65/><W91/><G98/><T59/><D59/><U90/><E90/><V40/><F40/><W30/><G15/><T93/><REACH who="0" step="1"/><D100/><REACH who="0" ten="255,265,235,235" step="2"/><U82/><E70/><V112/><F107/><W108/><G30/><T38/><D38/><U7/><E111/><V33/><F105/><W99/><G108/><T3/><D3/><U17/><E110/><V0/><F0/><W1/><G1/><T32/><D32/><U63/><E17/><V86/><F33/><W79/><G99/><T2/><D2/><U132/><E4/><V117/><F97/><W42/><G79/><T83/><D83/><U52/><E7/><V54/><F117/><W134/><G134/><T27/><D27/><U101/><E132/><V24/><F24/><W109/><G109/><T74/><D74/><U123/><E123/><V16/><F133/><W114/><G114/><T124/><D124/><U128/><E101/><V60/><F126/><W14/><G14/><T73/><D73/><U44/><E82/><V96/><F112/><W102/><G102/><T43/><AGARI ba="1,1" hai="8,12,18,26,28,34,36,39,43,46,50,93,94,95" machi="43" ten="30,3000,0" yaku="1,1,0,1,53,0" doraHai="85" doraHaiUra="80" who="0" fromWho="0" sc="255,43,265,-11,235,-11,235,-11" /><INIT seed="0,2,0,2,3,1" ten="298,254,224,224" oya="0" hai0="58,51,81,19,95,33,75,79,31,45,34,18,100" hai1="90,117,65,102,94,16,50,48,98,35,110,78,17" hai2="132,108,29,21,70,135,91,114,22,62,125,103,93" hai3="131,47,130,109,80,24,74,107,64,10,99,57,89"/><T7/><D58/><U104/><E117/><V4/><F114/><W101/><G109/><T123/><D123/><U129/><E110/><V42/><F108/><W0/><G24/><T71/><D71/><U46/><E129/><V118/><F103/><W120/><G120/><T76/><D76/><U105/><E35/><V36/><F118/><W8/><G47/><T96/><D7/><U133/><E133/><N who="2" m="51275" /><F125/><W106/><G106/><T122/><D122/><U124/><E124/><V32/><F4/><W39/><G39/><T25/><REACH who="0" step="1"/><D33/><REACH who="0" ten="288,254,224,224" step="2"/><U30/><E78/><V23/><F32/><W44/><G0/><T112/><D112/><U56/><E56/><V84/><F70/><W28/><G130/><T111/><D111/><U113/><E113/><V2/><F2/><W73/><G57/><T26/><D26/><U69/><E69/><V66/><F66/><W92/><G64/><T82/><D82/><U6/><E65/><V11/><F62/><W87/><G80/><T83/><D83/><U55/><E6/><V13/><F29/><W115/><G28/><T77/><D77/><U128/><E30/><V119/><F119/><W127/><G131/><T40/><AGARI ba="2,1" hai="18,19,25,31,34,40,45,51,75,79,81,95,96,100" machi="40" ten="20,7800,0" yaku="1,1,0,1,7,1,53,1" doraHai="1" doraHaiUra="43" who="0" fromWho="0" sc="288,94,254,-28,224,-28,224,-28" /><INIT seed="0,3,0,5,1,72" ten="382,226,196,196" oya="0" hai0="64,6,14,113,61,78,106,55,132,73,88,57,110" hai1="100,30,82,11,75,16,44,53,103,129,0,39,29" hai2="15,38,93,63,42,12,5,50,24,45,95,1,23" hai3="71,83,33,21,115,60,92,118,86,114,121,25,124"/><T19/><D113/><U133/><E129/><V43/><F1/><W128/><G118/><T26/><D106/><U56/><E133/><V27/><F38/><W22/><G33/><T48/><D132/><U90/><E0/><V3/><F3/><W130/><G92/><T123/><D123/><U91/><E75/><V68/><F68/><W117/><G117/><T125/><D125/><U20/><E39/><V8/><F43/><W122/><G124/><T76/><D73/><U77/><E44/><V67/><F24/><W107/><G107/><T97/><D6/><U2/><E2/><V17/><REACH who="2" step="1"/><F15/><REACH who="2" ten="382,226,186,196" step="2"/><W108/><G25/><T126/><D26/><U36/><E36/><V13/><F13/><W46/><G71/><T81/><D126/><U116/><E116/><V87/><F87/><W85/><G115/><T99/><D110/><U54/><E30/><V84/><F84/><W102/><G114/><T58/><D99/><U80/><E29/><V47/><F47/><W9/><G46/><T18/><D18/><U112/><E16/><V101/><F101/><W134/><G102/><T98/><D98/><U28/><E112/><V70/><AGARI ba="3,1" hai="5,8,12,17,23,27,42,45,50,63,67,70,93,95" machi="70" ten="20,2700,0" yaku="1,1,0,1,7,1,53,0" doraHai="72" doraHaiUra="120" who="2" fromWho="2" sc="382,-16,226,-10,186,46,196,-10" /><INIT seed="1,0,0,5,3,8" ten="366,216,232,186" oya="1" hai0="80,34,19,127,83,107,23,17,119,0,122,115,72" hai1="76,81,91,67,21,131,33,110,11,56,92,124,4" hai2="106,7,100,66,109,46,69,113,59,53,102,25,35" hai3="39,95,62,74,51,84,54,63,2,125,22,123,73"/><U97/><E33/><V82/><F106/><W16/><G123/><T26/><D83/><U15/><E124/><V116/><F69/><W40/><G2/><T14/><D80/><U1/><E131/><V5/><F116/><W44/><G125/><T49/><D49/><U93/><E110/><V32/><F109/><W133/><G133/><T134/><D19/><U24/><E93/><V129/><F129/><W114/><G114/><T71/><D17/><U120/><E120/><V126/><F113/><W47/><G84/><T101/><D23/><U64/><E1/><V36/><F126/><W55/><G95/><T61/><D61/><U41/><E41/><V50/><F35/><W43/><G43/><T3/><D26/><U38/><E38/><V112/><F112/><W130/><G130/><T117/><D101/><U86/><REACH who="1" step="1"/><E56/><REACH who="1" ten="366,206,232,186" step="2"/><V68/><F36/><W87/><G39/><T52/><D0/><U28/><AGARI ba="0,1" hai="4,11,15,21,24,28,64,67,76,81,86,91,92,97" machi="28" ten="20,18000,2" yaku="1,1,2,1,0,1,7,1,8,1,52,1,53,0" doraHai="8" doraHaiUra="30" who="1" fromWho="1" sc="366,-60,206,190,232,-60,186,-60" /><INIT seed="1,1,0,4,2,17" ten="306,396,172,126" oya="1" hai0="91,55,117,90,111,110,119,107,115,10,129,93,46" hai1="71,12,124,112,20,34,29,133,4,122,41,60,33" hai2="61,58,83,2,85,134,48,74,35,88,15,126,76" hai3="113,1,0,99,95,109,23,66,130,3,65,24,127"/><U102/><E112/><V77/><F2/><W125/><G113/><T118/><D46/><U84/><E122/><V45/><F35/><W44/><G44/><T39/><D39/><U59/><E71/><V108/><F108/><N who="0" m="41514" /><D55/><U101/><E41/><N who="2" m="24623" /><F134/><W27/><G109/><T18/><D10/><U56/><E133/><V54/><F74/><W57/><G27/><T68/><D18/><U132/><E132/><V89/><F126/><N who="3" m="48139" /><G57/><T96/><D68/><U28/><E84/><N who="2" m="50207" /><F15/><W13/><G13/><T87/><D115/><U26/><E12/><V123/><F123/><W42/><G42/><T49/><D49/><U92/><E4/><V105/><F105/><W121/><G121/><T21/><D107/><U81/><E124/><V72/><F72/><W120/><G120/><T8/><D8/><U79/><E59/><V51/><F51/><W43/><G43/><T78/><D119/><U53/><E56/><V62/><F61/><W82/><G82/><AGARI ba="1,0" hai="54,58,62,76,77,82,85,89" m="50207,24623" machi="82" ten="30,2000,0" yaku="8,1,54,1" doraHai="17" who="2" fromWho="3" sc="306,0,396,0,172,23,126,-23" /><INIT seed="2,0,0,5,0,97" ten="306,396,195,103" oya="2" hai0="100,122,84,121,93,63,114,30,50,24,22,74,127" hai1="16,118,40,20,83,6,8,96,88,129,70,106,69" hai2="33,123,68,66,39,111,15,18,87,80,4,125,0" hai3="27,78,124,53,5,131,55,105,44,103,41,104,95"/><V72/><F123/><W82/><G124/><T1/><D74/><U116/><E129/><V99/><F72/><W81/><G131/><T126/><D1/><U37/><E40/><V119/><F39/><W94/><G5/><T91/><D114/><U92/><E37/><V86/><F119/><W67/><G67/><T42/><D63/><U14/><E106/><V107/><F33/><W7/><G7/><T46/><REACH who="0" step="1"/><D100/><REACH who="0" ten="296,396,195,103" step="2"/><U43/><E116/><V73/><F73/><W47/><G78/><T10/><D10/><U128/><E118/><V58/><F0/><W36/><G36/><T45/><D45/><U117/><E128/><V65/><F125/><AGARI ba="0,1" hai="22,24,30,42,46,50,84,91,93,121,122,125,126,127" machi="125" ten="40,2600,0" yaku="1,1,18,1,53,0" doraHai="97" doraHaiUra="56" who="0" fromWho="2" sc="296,36,396,0,195,-26,103,0" /><INIT seed="3,0,0,5,3,47" ten="332,396,169,103" oya="3" hai0="134,111,99,23,18,1,16,124,78,97,105,76,9" hai1="107,102,104,44,72,3,58,77,2,51,73,71,5" hai2="14,60,13,65,4,125,95,81,68,32,100,85,59" hai3="35,30,114,62,86,19,63,11,116,64,55,17,108"/><W126/><G116/><T133/><D111/><U42/><E71/><V15/><F32/><W113/><G108/><T127/><D23/><U31/><E31/><V82/><F125/><W46/><G126/><T54/><D54/><U131/><E131/><V128/><F128/><W26/><G86/><T49/><D1/><U69/><E69/><V119/><F68/><W52/><G55/><T87/><D87/><U93/><E2/><V103/><F4/><W25/><G62/><T39/><D39/><U83/><E72/><V27/><F27/><W118/><G118/><T45/><D45/><U109/><E109/><V28/><F28/><W57/><G25/><T10/><D105/><U129/><E129/><V24/><F24/><W94/><G94/><T70/><D70/><U37/><E51/><AGARI ba="0,0" hai="9,10,16,18,49,51,76,78,97,99,124,127,133,134" machi="51" ten="25,8000,1" yaku="22,2,52,2,54,1" doraHai="47" who="0" fromWho="1" sc="332,80,396,-80,169,0,103,0" /><INIT seed="4,0,0,4,1,62" ten="412,316,169,103" oya="0" hai0="123,33,1,21,45,56,57,97,106,90,27,113,36" hai1="112,49,65,100,22,15,52,130,10,3,128,47,72" hai2="19,12,129,109,55,114,50,16,41,64,126,61,37" hai3="8,20,58,9,29,26,107,51,4,117,80,30,131"/><T119/><D33/><U87/><E72/><V122/><F122/><W115/><G107/><T73/><D123/><U48/><E100/><V2/><F2/><W60/><G117/><T91/><D1/><U93/><E112/><V63/><F109/><W79/><G115/><T74/><D119/><U46/><E3/><V32/><F32/><W28/><G51/><T42/><D113/><U108/><E22/><V39/><F114/><W53/><G131/><N who="1" m="50218" /><E108/><V135/><F63/><W40/><G40/><T23/><D106/><U69/><E87/><V34/><F34/><W0/><REACH who="3" step="1"/><G9/><REACH who="3" ten="412,316,169,93" step="2"/><T104/><D104/><U95/><E49/><V18/><F39/><W31/><G31/><T92/><D36/><U35/><E10/><V75/><F41/><W44/><G44/><T78/><D45/><U89/><E46/><V17/><F37/><W86/><AGARI ba="0,1" hai="0,4,8,20,26,28,29,30,53,58,60,79,80,86" machi="86" ten="20,2700,0" yaku="1,1,0,1,7,1,53,0" doraHai="62" doraHaiUra="84" who="3" fromWho="3" sc="412,-13,316,-7,169,-7,93,37" /><INIT seed="5,0,0,3,0,36" ten="399,309,162,130" oya="1" hai0="55,53,76,38,32,113,28,72,71,10,20,122,9" hai1="87,17,5,74,88,135,115,27,69,132,24,124,89" hai2="103,61,31,104,52,100,112,19,62,68,117,11,123" hai3="2,6,131,95,119,57,129,22,42,8,44,134,70"/><U12/><E74/><V34/><F123/><W0/><G70/><T92/><D32/><U73/><E73/><V133/><F117/><W110/><G110/><T50/><D38/><U56/><E69/><V83/><F104/><W116/><G2/><T65/><D113/><U3/><E115/><V90/><F68/><W105/><G105/><T13/><D122/><U7/><E124/><V54/><F31/><W120/><G120/><T98/><D76/><U25/><E56/><V4/><F34/><W77/><G57/><T78/><D78/><U35/><E35/><V1/><F112/><W21/><G95/><T33/><D72/><U84/><E3/><V85/><F133/><N who="1" m="51273" /><E17/><V16/><F100/><W59/><G59/><T37/><D33/><U126/><E126/><V81/><F81/><W86/><G134/><T40/><D71/><U128/><E128/><N who="3" m="49226" /><G86/><N who="1" m="32810" /><E12/><N who="2" m="5223" /><F103/><W127/><G77/><T109/><D13/><U23/><E23/><N who="3" m="8714" /><G127/><T93/><D20/><U97/><E97/><V63/><F1/><W125/><G125/><T111/><D98/><U47/><E47/><V108/><F108/><W45/><G45/><T18/><D111/><U26/><N who="1" m="6144" /><DORA hai="60" /><U64/><E64/><V118/><F118/><N who="3" m="45099" /><G44/><T107/><D109/><U46/><E46/><V51/><F51/><W30/><G30/><T29/><D50/><U114/><E114/><V99/><F99/><W102/><G102/><T91/><D29/><U101/><E101/><V39/><F39/><W80/><G80/><T43/><D28/><U106/><E106/><V75/><F75/><W48/><G48/><T66/><D107/><RYUUKYOKU ba="0,0" sc="399,-30,309,10,162,10,130,10" hai1="5,7,88,89" hai2="16,19,52,54,61,62,63,83,85,90" hai3="0,6,8,42" /><INIT seed="5,1,0,4,0,69" ten="369,319,172,140" oya="1" hai0="70,129,52,113,130,2,119,135,27,81,73,120,10" hai1="57,108,56,101,59,88,91,90,94,122,109,6,95" hai2="74,29,42,134,126,41,50,21,31,89,75,97,106" hai3="4,35,51,83,64,100,65,9,7,98,117,30,125"/><U24/><E122/><V18/><F106/><W67/><G125/><T0/><D119/><U28/><E6/><V47/><F126/><W72/><G117/><T23/><D70/><U16/><E101/><V54/><F134/><W102/><G35/><T131/><D113/><U86/><E16/><V103/><F75/><W55/><G30/><N who="2" m="11273" /><F103/><N who="3" m="39467" /><G72/><T78/><D135/><U115/><E115/><V36/><F36/><W58/><G98/><T124/><D124/><U128/><E128/><V43/><F74/><W79/><G9/><T44/><D10/><U116/><E116/><V48/><F97/><W61/><G83/><T8/><D8/><U20/><REACH who="1" step="1"/><E86/><REACH who="1" ten="369,309,172,140" step="2"/><V39/><F18/><W32/><G4/><T34/><D120/><U71/><E71/><V22/><F39/><W92/><G7/><T37/><D130/><U107/><E107/><V99/><F48/><W11/><G11/><T17/><D129/><U96/><E96/><V132/><F132/><W111/><G51/><N who="0" m="28775" /><D131/><U68/><E68/><V26/><F26/><W33/><G61/><T133/><D133/><U40/><E40/><V80/><F99/><W62/><G62/><T38/><D38/><U123/><E123/><V104/><F104/><W15/><G32/><T66/><D37/><U105/><E105/><V53/><F42/><W49/><G33/><T46/><D34/><U12/><E12/><V82/><F43/><W25/><G15/><T76/><D17/><U114/><E114/><V85/><F82/><W45/><G49/><T3/><D81/><U60/><E60/><V127/><F127/><W19/><G19/><RYUUKYOKU ba="1,1" sc="369,-15,309,15,172,15,140,-15" hai1="20,24,28,56,57,59,88,90,91,94,95,108,109" hai2="21,22,41,47,50,53,54,80,85,89" /><INIT seed="5,2,1,3,0,86" ten="354,324,187,125" oya="1" hai0="15,61,105,12,51,46,14,50,91,111,21,66,122" hai1="92,106,120,4,94,9,74,17,58,113,102,59,78" hai2="33,8,67,109,72,10,129,25,83,24,53,134,52" hai3="126,73,20,84,44,80,81,18,133,85,36,29,69"/><U108/><E120/><V118/><F109/><W60/><G73/><T48/><D111/><U55/><E108/><V26/><F118/><W95/><G29/><T35/><D35/><U39/><E39/><V64/><F33/><W49/><G36/><T89/><D105/><U56/><E113/><V13/><F72/><W19/><G126/><T45/><D21/><U128/><E128/><V11/><F129/><W75/><G75/><T71/><D122/><U103/><E17/><V63/><F134/><W132/><G95/><T99/><D99/><U101/><E106/><V100/><F100/><W131/><G131/><T34/><D34/><U125/><E125/><V1/><F1/><W123/><G123/><T16/><D16/><N who="3" m="6185" /><G20/><T98/><D98/><U112/><E112/><V43/><F43/><N who="3" m="24735" /><G60/><T119/><D119/><U110/><E110/><V54/><F83/><N who="3" m="31819" /><G69/><T130/><D130/><U96/><E78/><V65/><F63/><W88/><G132/><T28/><D28/><U79/><E79/><V27/><F27/><W47/><G84/><T114/><D114/><U22/><E74/><V87/><REACH who="2" step="1"/><F87/><REACH who="2" ten="354,324,177,125" step="2"/><W62/><G133/><T7/><D15/><AGARI ba="2,2" hai="8,10,11,13,15,24,25,26,52,53,54,64,65,67" machi="15" ten="50,32000,5" yakuman="41" doraHai="86" doraHaiUra="2" who="2" fromWho="0" sc="354,-326,324,0,177,346,125,0" /><INIT seed="6,0,0,1,5,67" ten="28,324,523,125" oya="2" hai0="62,101,44,15,51,65,30,98,5,130,53,74,57" hai1="36,33,93,107,25,71,4,34,32,94,126,106,115" hai2="29,10,124,133,16,125,118,56,110,24,81,22,105" hai3="111,59,26,79,60,114,61,58,1,39,73,97,87"/><V35/><F105/><W37/><G111/><T82/><D130/><U78/><E36/><V43/><F56/><W75/><G1/><T11/><D74/><U55/><E78/><V40/><F118/><W99/><G87/><T116/><D116/><U104/><E4/><V31/><F110/><W80/><G26/><T88/><D30/><U27/><E115/><V90/><F133/><W89/><G89/><T72/><D72/><U95/><E126/><V42/><F10/><W23/><G23/><T103/><REACH who="0" step="1"/><D82/><REACH who="0" ten="18,324,523,125" step="2"/><U20/><E34/><V76/><F31/><W49/><G114/><T46/><D46/><U119/><E33/><V12/><REACH who="2" step="1"/><F90/><REACH who="2" ten="18,324,513,125" step="2"/><W127/><G127/><T6/><D6/><U123/><E119/><V120/><F120/><W0/><G60/><T100/><D100/><U135/><E123/><V19/><F19/><W96/><G61/><T134/><D134/><U47/><E135/><V64/><F64/><W48/><G59/><T129/><D129/><U77/><E47/><V128/><F128/><W112/><G58/><T63/><D63/><U8/><E32/><V108/><F108/><W2/><G112/><T21/><D21/><U50/><E20/><V18/><F18/><W66/><G66/><T83/><D83/><U132/><E132/><V7/><F7/><W14/><G80/><T84/><D84/><AGARI ba="0,2" hai="12,16,22,24,29,35,40,42,43,76,81,84,124,125" machi="84" ten="40,3900,0" yaku="1,1,54,1,53,0" doraHai="67" doraHaiUra="122" who="2" fromWho="0" sc="18,-39,324,0,513,59,125,0" owari="-21,-52.0,324,12.0,572,67.0,125,-27.0" /></mjloggm>