<mjloggm ver="2.3"><GO type="169" lobby="0"/><UN n0="%E5%A5%B3%E5%AD%90%E5%8A%9B%E2%98%86%E3%81%94%E3%82%8A%E3%82%89" n1="%E6%8C%AF%E8%BE%BC%E5%A4%AA%E9%99%BD" n2="%E3%82%A6%E3%83%AB%E3%83%88%E3%83%A9%E7%AB%8B%E7%9B%B4" n3="%E7%89%8C%E5%BB%83%E4%BA%BA" dan="17,16,18,17" rate="2192.31,2142.30,2227.28,2161.02" sx="F,M,M,M"/><TAIKYOKU oya="0"/><INIT seed="0,0,0,3,0,9" ten="250,250,250,250" oya="0" hai0="18,3,33,129,46,75,25,121,82,48,88,65,63" hai1="107,73,122,30,24,127,44,22,123,79,52,64,51" hai2="96,41,60,45,115,39,112,32,118,72,36,42,86" hai3="97,131,133,113,111,58,17,101,69,10,66,67,100"/><T134/><D121/><U95/><E107/><V55/><F86/><W1/><G113/><T91/><D3/><U35/><E127/><V5/><F96/><W90/><G69/><T38/><D38/><U2/><E2/><V102/><F102/><W98/><G111/><T43/><D134/><U49/><E64/><V23/><F23/><W109/><G109/><T128/><D75/><U85/><E73/><V74/><F5/><W59/><G1/><T126/><D126/><U80/><E95/><V108/><F108/><W93/><G131/><N who="0" m="50251" /><D82/><U81/><E81/><V53/><F45/><W117/><G117/><T7/><D7/><U125/><E125/><V120/><F60/><N who="3" m="38167" /><G98/><T54/><D43/><U6/><E6/><V94/><F94/><W47/><G47/><T71/><D18/><U19/><REACH who="1" step="1"/><E51/><REACH who="1" ten="250,240,250,250" step="2"/><V21/><F74/><W89/><G93/><T99/><D99/><U87/><E87/><V31/><F72/><W116/><G97/><T14/><D14/><AGARI ba="0,1" hai="14,19,22,24,30,35,44,49,52,79,80,85,122,123" machi="14" ten="30,8000,1" yaku="1,1,7,1,52,1,54,1,53,1" doraHai="9" doraHaiUra="8" who="1" fromWho="0" sc="250,-80,240,90,250,0,250,0" /><INIT seed="1,0,0,4,0,0" ten="170,330,250,250" oya="1" hai0="64,111,23,94,2,18,79,67,83,116,65,122,108" hai1="119,72,75,17,8,98,40,112,34,27,24,90,19" hai2="93,60,56,131,105,101,97,47,106,127,16,33,25" hai3="103,113,84,104,130,128,37,5,70,52,132,53,42"/><U22/><E112/><V43/><F131/><N who="3" m="50219" /><G70/><T82/><D116/><U20/><E119/><V1/><F1/><W45/><G113/><T51/><D122/><U57/><E34/><V58/><F127/><W89/><G132/><T81/><D2/><U110/><E110/><N who="0" m="42025" /><D94/><U31/><E40/><V125/><F125/><W114/><G114/><T9/><D9/><U63/><E31/><V123/><F123/><W61/><G61/><T85/><D51/><U88/><E8/><V59/><F60/><W30/><G30/><T36/><D36/><U100/><E72/><V39/><REACH who="2" step="1"/><F33/><REACH who="2" ten="170,330,240,250" step="2"/><W120/><G120/><T121/><D121/><U115/><E115/><V14/><F14/><AGARI ba="0,1" hai="14,18,23,64,65,67,79,81,82,83,85" m="42025" machi="14" ten="30,1000,0" yaku="14,1" doraHai="0" who="0" fromWho="2" sc="170,20,330,0,240,-10,250,0" /><INIT seed="2,0,0,0,1,89" ten="190,330,230,250" oya="2" hai0="19,47,94,20,59,106,62,32,128,123,77,132,57" hai1="38,81,76,58,17,11,90,135,78,117,60,15,79" hai2="5,100,127,99,129,80,133,25,130,30,8,14,53" hai3="91,36,50,95,6,28,86,9,33,107,10,92,3"/><V70/><F70/><W98/><G36/><T31/><D106/><U29/><E135/><V0/><F133/><W121/><G121/><T131/><D123/><U37/><E117/><V67/><F67/><W63/><G10/><T66/><D132/><U21/><E38/><V4/><F127/><W26/><G50/><T116/><D116/><U24/><E37/><V110/><F110/><W118/><G118/><T73/><D32/><U82/><E90/><V119/><F119/><W88/><G107/><T124/><D124/><U56/><REACH who="1" step="1"/><E56/><REACH who="1" ten="190,320,230,250" step="2"/><V115/><F115/><W51/><REACH who="3" step="1"/><G51/><REACH who="3" ten="190,320,230,240" step="2"/><T108/><D131/><U27/><E27/><V113/><F25/><W49/><G49/><T114/><D128/><U41/><E41/><V54/><F130/><W97/><G97/><T75/><D114/><U42/><E42/><V87/><F99/><W12/><G12/><T83/><D108/><U126/><E126/><V44/><F14/><W55/><G55/><AGARI ba="0,2" hai="11,15,17,21,24,29,55,58,60,76,78,79,81,82" machi="55" ten="40,2600,0" yaku="1,1,8,1,53,0" doraHai="89" doraHaiUra="125" who="1" fromWho="3" sc="190,0,320,46,230,0,240,-26" /><INIT seed="3,0,0,4,5,124" ten="190,366,230,214" oya="3" hai0="83,11,106,51,24,98,36,52,29,48,123,33,46" hai1="71,67,134,2,26,130,68,115,93,40,126,95,94" hai2="92,111,3,85,65,89,12,4,101,86,9,57,128" hai3="66,43,131,82,50,125,129,58,79,64,116,61,16"/><W120/><G116/><T135/><D123/><U84/><E115/><V56/><F111/><W23/><G120/><T113/><D135/><U99/><E2/><V110/><F110/><W100/><G100/><T107/><D36/><U35/><E126/><V62/><F101/><W102/><G102/><T30/><D98/><U44/><E84/><V108/><F108/><W76/><G125/><T38/><D38/><U112/><E99/><V49/><F3/><W32/><G32/><T60/><D30/><U90/><E90/><V81/><F128/><N who="3" m="49227" /><G66/><T6/><D113/><U75/><E67/><V97/><F81/><W37/><G37/><T42/><D83/><U15/><E134/><V21/><F21/><W96/><G96/><T8/><D60/><U122/><E35/><V59/><F49/><W34/><G34/><T13/><REACH who="0" step="1"/><D8/><REACH who="0" ten="180,366,230,214" step="2"/><U117/><E130/><V20/><REACH who="2" step="1"/><F20/><REACH who="2" ten="180,366,220,214" step="2"/><W72/><G82/><T54/><D54/><U91/><E112/><V5/><F5/><W103/><G103/><T22/><D22/><U63/><E122/><V27/><F27/><N who="3" m="14823" /><G72/><T10/><D10/><U39/><E75/><V121/><F121/><W25/><G25/><T80/><D80/><U127/><E26/><V105/><F105/><W19/><G19/><T118/><D118/><U74/><E117/><V28/><F28/><W104/><G104/><T132/><D132/><U45/><E74/><V133/><F133/><W119/><G119/><T18/><D18/><U47/><E127/><V73/><F73/><W109/><G109/><T70/><D70/><AGARI ba="0,2" hai="4,9,12,56,57,59,62,65,70,85,86,89,92,97" machi="70" ten="40,2600,0" yaku="1,1,53,1" doraHai="124" doraHaiUra="1" who="2" fromWho="0" sc="180,-26,366,0,220,46,214,0" /><INIT seed="4,0,0,2,0,101" ten="154,366,266,214" oya="0" hai0="10,26,102,99,18,116,135,58,65,41,107,113,70" hai1="124,50,132,114,57,40,62,30,134,88,100,98,37" hai2="78,13,45,0,39,119,72,104,93,120,16,55,68" hai3="123,46,60,19,61,59,54,32,9,84,49,73,125"/><T66/><D116/><U67/><E37/><V76/><F68/><W47/><G73/><T21/><D70/><U15/><E124/><V2/><F120/><W111/><G32/><T127/><D127/><U85/><E30/><V4/><F104/><W95/><G111/><T43/><D135/><N who="1" m="51755" /><E15/><V79/><F119/><W128/><G128/><T24/><D113/><U28/><E28/><V64/><F64/><W31/><G31/><T51/><D26/><U3/><E3/><V56/><F72/><W11/><G123/><T133/><D133/><U121/><E121/><V106/><F106/><W17/><G84/><T94/><D10/><N who="3" m="3593" /><G95/><T8/><D8/><U38/><E38/><V117/><F93/><W5/><G5/><T129/><D129/><U14/><E14/><V109/><F13/><W87/><G87/><T12/><D12/><U97/><E100/><V48/><F39/><W36/><G36/><T29/><D29/><U81/><E114/><V27/><F4/><W86/><G86/><T20/><D20/><U22/><E22/><V118/><F0/><W34/><G34/><T42/><REACH who="0" step="1"/><D107/><REACH who="0" ten="144,366,266,214" step="2"/><U83/><E83/><V69/><F27/><W89/><G125/><T122/><D122/><U77/><E77/><V92/><F78/><W35/><G35/><T75/><D75/><U105/><E105/><V53/><F69/><W108/><G19/><T74/><D74/><U126/><E126/><V90/><F16/><W33/><G17/><T7/><D7/><U91/><E81/><V110/><F118/><W112/><G33/><T1/><D1/><U131/><E131/><RYUUKYOKU ba="0,1" sc="144,30,366,-10,266,-10,214,-10" hai0="18,21,24,41,42,43,51,58,65,66,94,99,102" /><INIT seed="4,1,1,5,2,38" ten="174,356,256,204" oya="0" hai0="11,48,45,103,2,131,66,1,15,35,12,88,29" hai1="13,113,58,92,67,5,7,55,53,43,3,16,21" hai2="80,19,109,120,71,34,9,126,37,101,70,98,110" hai3="119,116,90,134,33,23,20,62,56,41,83,75,99"/><T102/><D131/><U50/><E113/><V63/><F19/><W40/><G33/><T68/><D35/><U81/><E3/><V30/><F9/><W84/><G75/><T91/><D29/><U76/><E67/><V78/><F120/><W104/><G119/><T24/><D24/><U8/><E21/><N who="3" m="8266" /><G104/><T132/><D132/><U39/><E55/><V32/><F126/><W42/><G116/><T49/><D68/><U60/><E92/><V72/><F37/><W47/><G99/><T22/><D22/><U121/><E39/><V10/><F10/><W57/><G134/><T128/><D11/><U106/><E106/><N who="2" m="63799" /><F70/><W31/><G31/><T130/><D45/><N who="1" m="25919" /><E121/><V85/><F85/><AGARI ba="1,1" hai="5,7,8,13,16,53,58,60,76,81,85" m="25919" machi="85" ten="30,3900,0" yaku="8,1,52,1,54,1" doraHai="38" who="1" fromWho="2" sc="174,0,356,52,256,-42,204,0" /><INIT seed="5,0,0,3,0,36" ten="174,408,214,204" oya="1" hai0="77,94,26,118,9,3,48,10,100,105,115,83,89" hai1="96,128,16,24,127,124,52,31,18,129,53,12,130" hai2="70,64,73,35,66,104,108,74,51,44,29,1,6" hai3="39,46,72,8,85,54,113,40,68,126,123,37,120"/><U43/><E43/><V62/><F104/><W45/><G72/><T76/><D118/><U58/><E96/><V71/><F108/><W28/><G28/><T99/><D115/><U11/><E18/><V55/><F1/><W42/><G113/><T49/><D26/><U97/><E97/><V69/><F6/><W132/><G132/><T50/><D3/><U0/><E0/><V93/><F35/><W125/><G8/><T15/><D105/><U27/><E27/><V59/><F29/><W114/><G114/><T134/><D134/><U60/><E53/><V25/><F25/><W119/><G85/><T117/><D117/><U23/><AGARI ba="0,0" hai="11,12,16,23,24,31,52,58,60,124,127,128,129,130" machi="23" ten="40,12000,1" yaku="0,1,19,1,54,2" doraHai="36" who="1" fromWho="1" sc="174,-40,408,120,214,-40,204,-40" /><INIT seed="5,1,0,0,0,121" ten="134,528,174,164" oya="1" hai0="29,38,39,88,81,103,47,86,9,82,48,66,77" hai1="89,51,104,65,74,75,26,96,118,90,20,46,69" hai2="14,78,18,111,73,102,97,33,79,116,61,15,54" hai3="122,105,68,11,16,32,28,120,134,34,114,23,27"/><U123/><E123/><N who="3" m="47146" /><G68/><T19/><D103/><U44/><E44/><V57/><F33/><N who="3" m="20639" /><G105/><T4/><D29/><U83/><E118/><V67/><F111/><W71/><G71/><T133/><D66/><U76/><E75/><V98/><F116/><W84/><G84/><T21/><D133/><U62/><E96/><V1/><F1/><W92/><G92/><T60/><D60/><U12/><E12/><V87/><F73/><W135/><G11/><T58/><D58/><U53/><E104/><V107/><F97/><W59/><G59/><T117/><D117/><U129/><E129/><V93/><F107/><W119/><G114/><T110/><D110/><U113/><REACH who="1" step="1"/><E113/><REACH who="1" ten="134,518,174,164" step="2"/><V100/><F98/><W6/><G119/><T64/><D47/><U13/><E13/><V17/><F15/><N who="3" m="9631" /><G6/><T112/><D4/><U52/><E52/><V36/><F54/><W99/><G99/><T128/><D112/><U91/><E91/><V85/><F102/><W106/><G106/><T109/><D128/><U108/><E108/><V31/><F100/><W2/><G2/><T70/><D109/><U49/><E49/><V5/><F85/><W41/><G41/><T7/><D48/><U95/><E95/><V115/><F93/><W30/><G34/><T63/><D7/><U72/><E72/><V55/><F5/><W37/><G37/><T10/><D39/><U124/><E124/><V80/><F36/><W125/><G125/><T3/><D38/><U131/><E131/><V35/><F115/><W56/><G56/><T22/><D3/><U132/><E132/><V126/><F57/><RYUUKYOKU ba="1,1" sc="134,-15,518,15,174,-15,164,15" hai1="20,26,46,51,53,62,65,69,74,76,83,89,90" hai3="30,32,134,135" /><INIT seed="5,2,1,5,5,17" ten="119,533,159,179" oya="1" hai0="5,63,130,84,36,118,93,70,100,116,129,35,86" hai1="42,96,4,29,57,74,22,20,62,104,60,98,13" hai2="14,18,117,101,111,43,9,119,79,3,71,88,28" hai3="97,40,66,11,75,115,7,109,46,122,95,85,92"/><U108/><E74/><V47/><F111/><W50/><G75/><T77/><D36/><U72/><E72/><V112/><F79/><W113/><G109/><T106/><D35/><U10/><E108/><V33/><F71/><W25/><G122/><T59/><D70/><U87/><E104/><V45/><F101/><W12/><G66/><T91/><D5/><U99/><E29/><V131/><F131/><N who="0" m="50186" /><D59/><U56/><E42/><V76/><F76/><W44/><G44/><T124/><D124/><U102/><E87/><V110/><F47/><W8/><G11/><T38/><D63/><U15/><E15/><V103/><F3/><W55/><G40/><T26/><D26/><U133/><E102/><V120/><F103/><W69/><G69/><T89/><D38/><U54/><REACH who="1" step="1"/><E133/><REACH who="1" ten="119,523,159,179" step="2"/><V73/><F14/><W39/><G85/><T58/><D77/><U53/><AGARI ba="2,2" hai="4,10,13,20,22,53,54,56,57,60,62,96,98,99" machi="53" ten="30,18000,2" yaku="1,1,2,1,0,1,9,1,8,1,52,2,53,0" doraHai="17" doraHaiUra="90" who="1" fromWho="1" sc="119,-62,523,206,159,-62,179,-62" /><INIT seed="5,3,0,5,2,13" ten="57,729,97,117" oya="1" hai0="113,27,116,17,19,67,121,30,66,22,9,76,37" hai1="14,58,62,20,103,128,86,65,40,108,46,43,126" hai2="48,119,74,133,132,68,12,73,75,77,111,98,57" hai3="100,123,70,33,60,135,99,39,94,45,7,91,16"/><U25/><E128/><V131/><F68/><W51/><G123/><T84/><D116/><U42/><E126/><V81/><F111/><W101/><G33/><T109/><D113/><U114/><E114/><V47/><F119/><W44/><G7/><T63/><D109/><U117/><E117/><V34/><F34/><W79/><G79/><T120/><D37/><U78/><E103/><V134/><F131/><W23/><G39/><T29/><D121/><U1/><E14/><V0/><F0/><W129/><G129/><T82/><D120/><U87/><E1/><V115/><F115/><W130/><G130/><T64/><D63/><U106/><E106/><V93/><F57/><W104/><G135/><T56/><D56/><U90/><E108/><V89/><REACH who="2" step="1"/><F12/><AGARI ba="3,0" hai="9,12,17,19,22,27,29,30,64,66,67,76,82,84" machi="12" ten="40,5200,0" yaku="8,1,52,2" doraHai="13" who="0" fromWho="2" sc="57,61,729,0,97,-61,117,0" /><INIT seed="6,0,0,4,4,78" ten="118,729,36,117" oya="2" hai0="23,5,50,49,117,22,56,60,83,18,16,119,93" hai1="103,53,39,130,8,17,122,96,113,29,21,105,107" hai2="80,82,116,47,84,95,127,24,118,131,38,51,110" hai3="134,19,86,79,31,27,35,75,13,129,74,68,58"/><V65/><F38/><W1/><G68/><T112/><D112/><U32/><E39/><V87/><F118/><N who="0" m="45066" /><D5/><U6/><E130/><V48/><F116/><W46/><G58/><T102/><D83/><N who="2" m="31786" /><F131/><W89/><G46/><T55/><D102/><U128/><E128/><V88/><F127/><W42/><G27/><N who="0" m="14791" /><D93/><U63/><E107/><V10/><F110/><W92/><G19/><T125/><D125/><U15/><E113/><V14/><F65/><W100/><G42/><T72/><D72/><U0/><E122/><V98/><F24/><AGARI ba="0,0" hai="18,23,24,49,50,55,56,60" m="14791,45066" machi="24" ten="30,2000,0" yaku="12,1,54,1" doraHai="78" who="0" fromWho="2" sc="118,20,729,0,36,-20,117,0" /><INIT seed="7,0,0,5,2,49" ten="138,729,16,117" oya="3" hai0="54,122,46,127,63,117,91,95,77,11,62,65,9" hai1="56,87,85,102,89,50,132,17,104,15,92,20,67" hai2="30,21,33,14,3,134,35,39,41,72,103,34,37" hai3="97,45,25,19,42,1,4,118,111,116,76,75,84"/><W12/><G25/><T69/><D117/><U60/><E132/><V8/><F72/><W133/><G84/><T0/><D0/><U99/><E50/><V90/><F103/><W64/><G64/><T61/><D77/><U105/><REACH who="1" step="1"/><E87/><REACH who="1" ten="138,719,16,117" step="2"/><V124/><F134/><W28/><G133/><T55/><D122/><U22/><E22/><V108/><F108/><W47/><G111/><T120/><D63/><U125/><E125/><V86/><F124/><W130/><G130/><T135/><D61/><U16/><E16/><V53/><F39/><W66/><G19/><T94/><D62/><U32/><E32/><V70/><F70/><W68/><G75/><T119/><D69/><U112/><E112/><V106/><F106/><AGARI ba="0,1" hai="15,17,20,56,60,67,85,89,92,99,102,104,105,106" machi="106" ten="30,3900,0" yaku="1,1,7,1,53,1" doraHai="49" doraHaiUra="13" who="1" fromWho="2" sc="138,0,719,49,16,-39,117,0" owari="138,-6.0,768,86.0,-23,-52.0,117,-28.0" /></mjloggm>