<mjloggm ver="2.3"><GO type="169" lobby="0"/><UN n0="%41%79%6F%75%46" n1="%E3%83%97%E3%83%A9%E3%83%81%E3%83%8A%E3%83%A0" n2="%E7%82%8E%E3%81%AE%E3%82%B7%E3%83%A5%E3%83%AC%E3%83%B3" n3="%E3%83%88%E3%83%88%E3%83%AA%E5%85%88%E7%94%9F%31%39%E6%AD%B3" dan="17,17,16,19" rate="2223.96,2153.48,2141.68,2327.15" sx="M,M,M,F"/><TAIKYOKU oya="0"/><INIT seed="0,0,0,1,0,33" ten="250,250,250,250" oya="0" hai0="76,115,49,100,77,75,7,57,15,21,29,52,96" hai1="71,30,43,10,67,107,134,61,133,113,8,51,83" hai2="59,94,86,50,40,66,60,126,9,35,116,11,62" hai3="39,26,118,93,5,31,4,95,32,20,82,98,6"/><T41/><D115/><U27/><E107/><V38/><F126/><W0/><G118/><T58/><D75/><U106/><E106/><V17/><F116/><W74/><G39/><T79/><D41/><U111/><E111/><V103/><F35/><W44/><G44/><T114/><D114/><U64/><E64/><V110/><F110/><W120/><G120/><T87/><D29/><U92/><E113/><V91/><F38/><W124/><G124/><T16/><D7/><U97/><E83/><V80/><F17/><W19/><G74/><T108/><D108/><U65/><E65/><V68/><F40/><W72/><G72/><T28/><D28/><U3/><E51/><V84/><F50/><W117/><G82/><T88/><D58/><U105/><E43/><V25/><F25/><W121/><G121/><T123/><D123/><U36/><E105/><V128/><F128/><W78/><G78/><T101/><D96/><U135/><E3/><V104/><F104/><W127/><G95/><AGARI ba="0,0" hai="15,16,21,49,52,57,76,77,79,87,88,95,100,101" machi="95" ten="40,18000,2" yaku="25,2,8,1,54,3" doraHai="33" who="0" fromWho="3" sc="250,180,250,0,250,0,250,-180" /><INIT seed="0,1,0,0,0,127" ten="430,250,250,70" oya="0" hai0="80,82,134,22,110,13,128,23,115,97,102,107,108" hai1="2,40,123,119,29,98,48,96,45,6,25,124,69" hai2="53,3,106,84,116,32,91,56,28,94,135,38,9" hai3="121,36,99,112,126,122,1,18,59,92,77,64,14"/><T47/><D115/><U27/><E123/><V8/><F106/><W75/><G112/><T52/><D134/><U70/><E119/><V118/><F135/><W31/><G1/><T73/><D128/><U81/><E27/><N who="2" m="18463" /><F38/><W57/><G36/><T87/><D73/><U79/><E98/><V21/><F21/><W35/><G126/><T74/><D74/><U33/><E124/><V93/><F93/><W88/><G31/><T16/><D23/><U117/><E117/><N who="2" m="45163" /><F3/><W44/><G35/><T55/><D82/><U12/><E96/><V17/><F17/><W42/><G64/><T72/><D72/><U76/><E76/><V63/><AGARI ba="1,0" hai="8,9,53,56,63,84,91,94" m="45163,18463" machi="63" ten="30,1100,0" yaku="12,1" doraHai="127" who="2" fromWho="2" sc="430,-6,250,-4,250,14,70,-4" /><INIT seed="1,0,0,4,0,23" ten="424,246,264,66" oya="1" hai0="94,69,55,17,29,38,111,81,93,116,123,58,32" hai1="24,9,67,72,1,46,96,109,37,13,89,102,39" hai2="126,117,41,74,43,87,97,83,5,118,68,112,101" hai3="48,125,134,110,105,91,82,51,42,66,49,84,122"/><U77/><E109/><V124/><F68/><W133/><G122/><T107/><D69/><U128/><E128/><V132/><F5/><W61/><G105/><T95/><D116/><N who="2" m="44650" /><F41/><W62/><G110/><T4/><D111/><U78/><E67/><V52/><F43/><W28/><G125/><N who="2" m="48233" /><F52/><W119/><G119/><T15/><D107/><U25/><E72/><V106/><F132/><N who="3" m="50795" /><G28/><T56/><D38/><U53/><E102/><V34/><F34/><W98/><G98/><T14/><D123/><U20/><E1/><V11/><F11/><W127/><G127/><T99/><D58/><U64/><E64/><V8/><F8/><W47/><G61/><T73/><D4/><N who="1" m="3239" /><E20/><V63/><F63/><W19/><G19/><T12/><D17/><U16/><E16/><V79/><F112/><W10/><G10/><T44/><D29/><U3/><E3/><V57/><F57/><AGARI ba="0,0" hai="42,47,48,49,51,57,62,66,82,84,91" m="50795" machi="57" ten="30,1000,0" yaku="20,1" doraHai="23" who="3" fromWho="2" sc="424,0,246,0,264,-10,66,10" /><INIT seed="2,0,0,0,5,3" ten="424,246,254,76" oya="2" hai0="95,16,1,114,111,113,75,94,81,49,31,6,28" hai1="76,53,44,30,123,131,69,4,82,109,91,110,37" hai2="9,41,79,116,34,107,134,45,43,20,56,68,121" hai3="101,85,117,61,63,120,26,33,57,65,39,129,118"/><V14/><F34/><W108/><G120/><T58/><D75/><U132/><E69/><V42/><F68/><W0/><G39/><T130/><D81/><U105/><E105/><V32/><F32/><W70/><G108/><T104/><D104/><U77/><E132/><V25/><F121/><W135/><G135/><T2/><D58/><U29/><E131/><V90/><F116/><W92/><G129/><T103/><D130/><U23/><E91/><V27/><F107/><W93/><G0/><T100/><D49/><U64/><E64/><V15/><F134/><W97/><G85/><T98/><D16/><U18/><E77/><V21/><F79/><W12/><G92/><T89/><D89/><U7/><E123/><V17/><F45/><W13/><G33/><T127/><D127/><U40/><E53/><V73/><F73/><W36/><G36/><T83/><D83/><U122/><E122/><V51/><F90/><W67/><REACH who="3" step="1"/><G26/><REACH who="3" ten="424,246,254,66" step="2"/><N who="2" m="9737" /><F14/><AGARI ba="0,1" hai="12,13,14,57,61,63,65,67,70,93,97,101,117,118" machi="14" ten="40,5200,0" yaku="1,1,53,2" doraHai="3" doraHaiUra="59" who="3" fromWho="2" sc="424,0,246,0,254,-52,66,62" /><INIT seed="3,0,0,0,3,29" ten="424,246,202,128" oya="3" hai0="66,15,4,125,9,87,30,16,89,42,124,90,54" hai1="114,64,83,127,26,53,50,103,93,131,76,126,63" hai2="59,88,32,47,14,57,128,115,133,10,82,98,44" hai3="80,132,13,91,39,71,108,85,78,122,45,21,101"/><W12/><G122/><T5/><D66/><U129/><E26/><V92/><F115/><W58/><G71/><T3/><D42/><U72/><E114/><V38/><F128/><N who="1" m="49225" /><E93/><V36/><F36/><W60/><G132/><T22/><D5/><U84/><E103/><V0/><F133/><W27/><G108/><T11/><D54/><U100/><E100/><V24/><F0/><W134/><G134/><T74/><D74/><U73/><E50/><V99/><F82/><W17/><G101/><T20/><D89/><U70/><E53/><V51/><F99/><W86/><G45/><T107/><D107/><U28/><E28/><V75/><F75/><AGARI ba="0,0" hai="63,64,70,72,73,75,76,83,84,126,127" m="49225" machi="75" ten="30,1000,0" yaku="19,1" doraHai="29" who="1" fromWho="2" sc="424,0,246,10,202,-10,128,0" /><INIT seed="4,0,0,0,1,68" ten="424,256,192,128" oya="0" hai0="15,83,34,112,58,39,29,86,38,12,48,100,24" hai1="119,33,52,131,134,36,44,17,16,6,93,129,95" hai2="61,56,114,47,59,67,43,35,92,5,103,8,97" hai3="66,107,31,128,116,89,125,21,51,96,84,37,108"/><T99/><D112/><U3/><E33/><V80/><F35/><W79/><G116/><T87/><D87/><U23/><E119/><V70/><F80/><W41/><G108/><T53/><D15/><U126/><E17/><V69/><F69/><W122/><G128/><N who="1" m="49226" /><E126/><V111/><F114/><W94/><G125/><T1/><D1/><U30/><E30/><V49/><REACH who="2" step="1"/><F111/><REACH who="2" ten="424,256,182,128" step="2"/><W73/><G122/><T77/><D12/><AGARI ba="0,1" hai="5,8,12,43,47,49,56,59,61,67,70,92,97,103" machi="12" ten="30,3900,0" yaku="1,1,2,1,7,1,53,0" doraHai="68" doraHaiUra="135" who="2" fromWho="0" sc="424,-39,256,0,182,49,128,0" /><INIT seed="5,0,0,5,3,48" ten="385,256,231,128" oya="1" hai0="55,81,33,71,91,45,129,83,128,90,15,37,56" hai1="127,86,68,43,50,122,16,89,57,27,1,96,110" hai2="59,120,134,7,132,14,40,133,31,102,66,47,94" hai3="87,126,106,39,84,60,103,123,92,116,30,73,13"/><U75/><E122/><V70/><F120/><W49/><G123/><T52/><D71/><U72/><E68/><V77/><F70/><W2/><G39/><T67/><D33/><U12/><E1/><V61/><F31/><W34/><G2/><T125/><D125/><U35/><E127/><V18/><F77/><W118/><G73/><T93/><D67/><U112/><E112/><V51/><F7/><W24/><G126/><T46/><D15/><U85/><E85/><V23/><F94/><W74/><G74/><T135/><D135/><U6/><E6/><V64/><REACH who="2" step="1"/><F102/><REACH who="2" ten="385,256,221,128" step="2"/><W20/><G92/><T32/><D93/><N who="1" m="54455" /><E110/><V10/><F10/><W114/><G114/><T62/><D32/><U98/><E35/><V109/><F109/><W104/><G103/><T76/><D91/><U100/><E100/><V78/><F78/><W11/><G34/><T17/><D90/><U121/><E121/><V130/><F130/><W69/><G116/><T8/><D129/><U22/><E22/><V79/><F79/><W95/><G118/><T101/><D101/><U0/><E75/><V131/><F131/><W42/><G95/><T36/><D128/><U105/><E72/><V113/><F113/><W80/><G80/><T41/><D76/><U107/><E96/><V3/><F3/><W54/><G87/><T26/><D8/><U58/><E98/><V88/><F88/><W44/><G84/><T82/><D82/><U115/><E0/><V124/><F124/><W19/><REACH who="3" step="1"/><G69/><REACH who="3" ten="385,256,221,118" step="2"/><T25/><D83/><U53/><E115/><V38/><F38/><N who="0" m="14954" /><D81/><U111/><E111/><RYUUKYOKU ba="0,2" sc="385,-15,256,-15,221,15,118,15" hai2="14,18,23,40,47,51,59,61,64,66,132,133,134" hai3="11,13,19,20,24,30,42,44,49,54,60,104,106" /><INIT seed="6,1,2,2,4,43" ten="370,241,236,133" oya="2" hai0="131,41,133,62,94,30,111,98,113,47,36,51,102" hai1="123,15,11,44,100,61,34,31,106,14,48,49,66" hai2="128,37,92,70,7,87,95,46,124,130,81,76,115" hai3="24,68,22,65,5,55,97,26,86,39,135,85,117"/><V8/><F70/><W122/><G117/><T3/><D111/><U6/><E123/><V107/><F107/><W12/><G122/><T9/><D113/><U21/><E49/><V126/><F115/><W125/><G39/><T25/><D133/><U101/><E106/><V93/><F37/><W58/><G135/><T71/><D131/><N who="2" m="50218" /><F46/><W108/><G108/><T82/><D82/><U35/><E35/><V73/><F8/><W38/><G38/><T77/><D77/><U10/><E34/><V53/><F53/><W40/><G40/><T90/><D36/><U23/><E31/><V52/><F52/><W4/><G125/><N who="2" m="48233" /><F7/><W79/><G68/><T110/><D110/><U120/><E120/><V20/><F20/><N who="1" m="7753" /><E61/><V119/><F119/><W28/><G24/><T127/><D127/><U50/><E50/><V56/><F56/><W63/><G28/><T88/><D25/><U72/><E66/><V57/><F57/><W134/><G26/><T19/><D30/><U83/><E11/><V45/><F45/><W18/><G65/><T67/><D3/><U114/><E114/><V116/><F116/><W109/><G109/><T121/><D121/><U17/><E6/><N who="3" m="2666" /><G134/><T105/><D105/><U74/><E10/><V89/><AGARI ba="1,2" hai="73,76,81,87,89,92,93,95" m="48233,50218" machi="89" ten="40,12000,1" yaku="19,1,18,1,34,2" doraHai="43" who="2" fromWho="2" sc="370,-41,241,-41,236,143,133,-41" /><INIT seed="6,2,0,2,3,133" ten="329,200,379,92" oya="2" hai0="70,38,103,95,123,36,75,67,119,53,55,4,72" hai1="78,63,45,94,82,27,76,71,10,30,87,24,41" hai2="116,48,47,93,83,16,106,54,35,8,15,84,49" hai3="99,58,65,39,74,56,59,101,129,13,91,113,114"/><V105/><F116/><W52/><G39/><T85/><D123/><U5/><E78/><V111/><F111/><W29/><G74/><T97/><D119/><U11/><E11/><V26/><F93/><W34/><G129/><T18/><D4/><U73/><E30/><V1/><F1/><W7/><G91/><T64/><D70/><U33/><E33/><V98/><F98/><W109/><G109/><T40/><D40/><U120/><E120/><V127/><F127/><W102/><G65/><T117/><D117/><U132/><E132/><V23/><F35/><W0/><G0/><T81/><D38/><U112/><E112/><N who="3" m="43114" /><G102/><T90/><D36/><U20/><E20/><V121/><F49/><N who="3" m="30735" /><G29/><T3/><D3/><U12/><E73/><V89/><REACH who="2" step="1"/><F121/><REACH who="2" ten="329,200,369,92" step="2"/><W131/><G34/><T44/><D97/><U122/><E94/><V92/><F92/><N who="3" m="58599" /><G131/><T57/><D95/><U108/><E122/><V25/><F25/><W110/><G110/><T69/><D103/><U107/><E108/><V50/><F50/><W2/><G2/><T88/><D81/><U124/><E27/><V43/><F43/><W37/><G37/><T96/><D96/><U61/><E24/><V66/><F66/><W130/><G130/><T31/><D67/><U128/><E128/><V42/><F42/><W17/><G7/><AGARI ba="2,1" hai="7,8,15,16,23,26,47,48,54,83,84,89,105,106" machi="7" ten="30,5800,0" yaku="1,1,7,1,54,1,53,0" doraHai="133" doraHaiUra="134" who="2" fromWho="3" sc="329,0,200,0,369,74,92,-64" /><INIT seed="6,3,0,1,1,77" ten="329,200,443,28" oya="2" hai0="21,44,106,50,129,17,39,113,132,38,26,33,23" hai1="13,15,80,47,75,1,126,72,110,34,64,108,12" hai2="40,79,101,127,65,43,99,24,53,91,30,58,22" hai3="6,112,63,16,69,115,104,76,41,133,54,57,61"/><V49/><F127/><W86/><G104/><T123/><D33/><U93/><E1/><V36/><F36/><W130/><G130/><T19/><D123/><U25/><E64/><V103/><F79/><W48/><G133/><T46/><D106/><U100/><E126/><V9/><F65/><W59/><G6/><T114/><D132/><U0/><E0/><V42/><F9/><W28/><G28/><T37/><D129/><U14/><E47/><V45/><F58/><W90/><G76/><T78/><D78/><U62/><E62/><V83/><F99/><W32/><G32/><T97/><D97/><U10/><E72/><V55/><F55/><W60/><G41/><T88/><D88/><U116/><E75/><V73/><F73/><W87/><G69/><T66/><D66/><U11/><E116/><V96/><F96/><W67/><G86/><AGARI ba="3,0" hai="22,24,30,40,42,43,45,49,53,83,86,91,101,103" machi="86" ten="40,3900,0" yaku="8,1,52,1" doraHai="77" who="2" fromWho="3" sc="329,0,200,0,443,48,28,-48" owari="329,13.0,200,-20.0,491,59.0,-20,-52.0" /></mjloggm>