<mjloggm ver="2.3"><GO type="169" lobby="0"/><UN n0="%73%69%6E%73%69%73%74" n1="%54%4F%52" n2="%E9%AB%98%E7%AD%89%E9%81%8A%E6%B0%91" n3="%E3%82%A6%E3%83%AB%E3%83%88%E3%83%A9%E7%AB%8B%E7%9B%B4" dan="18,16,16,16" rate="2195.81,2086.62,2071.58,2147.00" sx="M,M,M,M"/><TAIKYOKU oya="0"/><INIT seed="0,0,0,2,4,38" ten="250,250,250,250" oya="0" hai0="34,99,51,68,37,131,48,108,35,3,102,126,10" hai1="49,97,77,0,130,91,61,120,92,96,135,122,89" hai2="36,118,18,27,81,117,23,32,15,129,105,11,21" hai3="31,46,47,90,56,8,79,100,98,6,133,72,20"/><T1/><D37/><U134/><E0/><V42/><F105/><W69/><G69/><T2/><D68/><U109/><E61/><V52/><F129/><W24/><G133/><N who="1" m="50698" /><E49/><V65/><F65/><W12/><G72/><T124/><D131/><U26/><E26/><V75/><F32/><N who="0" m="12330" /><D10/><U33/><E33/><V86/><F75/><W54/><G79/><T127/><D108/><U107/><E130/><V123/><F123/><N who="1" m="47145" /><E109/><V132/><F132/><W55/><G90/><N who="1" m="34314" /><E107/><AGARI ba="0,0" hai="1,2,3,48,51,99,102,107,124,126,127" m="12330" machi="107" ten="40,2000,0" yaku="18,1" doraHai="38" who="0" fromWho="1" sc="250,20,250,-20,250,0,250,0" /><INIT seed="0,1,0,2,0,71" ten="270,230,250,250" oya="0" hai0="57,62,78,40,102,81,50,103,97,118,126,53,65" hai1="73,24,134,82,43,25,10,63,132,128,68,129,70" hai2="90,98,85,77,130,127,8,7,31,115,19,64,38" hai3="133,1,37,14,109,28,124,47,105,121,48,104,114"/><T20/><D118/><U12/><E43/><V44/><F115/><W42/><G14/><T88/><D126/><U84/><E73/><V96/><F31/><W111/><G1/><T54/><D40/><U16/><E24/><V23/><F64/><W26/><G48/><T131/><D131/><N who="1" m="50251" /><E25/><V95/><F130/><W99/><G99/><T94/><D20/><U91/><E63/><V17/><F127/><W36/><G124/><T113/><D113/><U61/><E61/><V0/><F77/><W6/><G6/><T11/><D11/><U22/><E10/><V83/><F19/><W110/><G114/><T67/><D67/><U76/><E76/><V13/><F44/><W100/><G100/><T72/><REACH who="0" step="1"/><D54/><REACH who="0" ten="260,230,250,250" step="2"/><U32/><E32/><V18/><F23/><N who="3" m="15455" /><G121/><T59/><AGARI ba="1,1" hai="50,53,57,59,62,65,72,78,81,88,94,97,102,103" machi="59" ten="20,7800,0" yaku="1,1,0,1,7,1,54,1,53,0" doraHai="71" doraHaiUra="4" who="0" fromWho="0" sc="260,91,230,-27,250,-27,250,-27" /><INIT seed="0,2,0,5,5,37" ten="351,203,223,223" oya="0" hai0="88,96,95,39,115,90,133,99,73,128,80,2,22" hai1="106,13,30,105,18,134,131,14,57,5,109,15,125" hai2="24,77,116,94,50,48,26,85,54,68,81,75,82" hai3="38,44,110,126,83,46,43,6,113,60,36,40,119"/><T0/><D115/><U79/><E109/><V55/><F68/><W9/><G119/><T92/><D128/><U29/><E131/><V86/><F116/><W19/><G110/><T123/><D123/><U118/><E118/><V70/><F70/><W17/><G113/><T34/><D34/><U74/><E125/><V58/><F94/><W129/><G129/><T25/><D39/><U124/><E124/><V107/><F107/><W66/><G83/><T28/><REACH who="0" step="1"/><D133/><REACH who="0" ten="341,203,223,223" step="2"/><U103/><E134/><V21/><F75/><W56/><REACH who="3" step="1"/><G126/><REACH who="3" ten="341,203,223,213" step="2"/><T11/><D11/><U121/><E121/><V127/><F127/><W76/><G76/><AGARI ba="2,2" hai="0,2,22,25,28,73,76,80,88,90,92,95,96,99" machi="76" ten="40,7700,0" yaku="1,1,9,1,54,1,53,0" doraHai="37" doraHaiUra="101" who="0" fromWho="3" sc="341,103,203,0,223,0,213,-83" /><INIT seed="0,3,0,4,3,48" ten="444,203,223,130" oya="0" hai0="16,114,109,33,101,28,19,69,43,40,10,124,17" hai1="79,50,13,44,62,65,61,20,29,111,0,66,25" hai2="87,73,23,95,21,56,82,6,14,64,9,130,15" hai3="7,84,86,3,18,98,77,32,100,41,81,63,105"/><T93/><D114/><U90/><E0/><V52/><F130/><W47/><G32/><T60/><D124/><U126/><E126/><V76/><F64/><W4/><G18/><T22/><D109/><U115/><E111/><V55/><F73/><W36/><G63/><N who="1" m="24074" /><E79/><V104/><F104/><W51/><G51/><T38/><D33/><U46/><E46/><V127/><F127/><W35/><G35/><T67/><D38/><U78/><E78/><V133/><F133/><W58/><G58/><N who="0" m="37271" /><D10/><U108/><E108/><V107/><F107/><W119/><G119/><T37/><D37/><U128/><E128/><V12/><F56/><W102/><G102/><T34/><D34/><U72/><E72/><V99/><F23/><W74/><REACH who="3" step="1"/><G7/><REACH who="3" ten="444,203,223,120" step="2"/><T129/><D129/><U53/><E115/><V88/><REACH who="2" step="1"/><F21/><REACH who="2" ten="444,203,213,120" step="2"/><W24/><G24/><N who="0" m="16407" /><D69/><U42/><E66/><V75/><F75/><W30/><G30/><T94/><D101/><U135/><E65/><V113/><F113/><W49/><G49/><T118/><D118/><U5/><E50/><V134/><F134/><W103/><G103/><T68/><D68/><U54/><E29/><V59/><F59/><W106/><G106/><T110/><D110/><U27/><E20/><V8/><F8/><AGARI ba="3,2" hai="3,4,8,36,41,47,74,77,81,84,86,98,100,105" machi="8" ten="40,8000,1" yaku="1,1,25,2,53,1" doraHai="48" doraHaiUra="92" who="3" fromWho="2" sc="444,0,203,0,213,-89,120,109" /><INIT seed="1,0,0,0,3,18" ten="444,203,124,229" oya="1" hai0="68,62,101,72,11,59,121,103,135,0,8,43,40" hai1="87,107,112,32,114,51,65,67,94,50,82,14,86" hai2="24,99,70,113,26,15,100,46,77,42,27,132,106" hai3="28,19,81,66,79,83,52,30,9,20,53,78,88"/><U54/><E107/><V5/><F132/><W124/><G66/><T16/><D68/><U13/><E32/><V63/><F113/><W133/><G9/><N who="0" m="3659" /><D72/><U58/><E94/><V115/><F115/><W131/><G133/><T134/><D0/><U102/><E102/><V122/><F122/><W95/><G131/><T4/><D4/><U108/><E108/><V7/><F15/><N who="3" m="9343" /><G124/><T118/><D118/><U117/><E117/><V48/><REACH who="2" step="1"/><F77/><REACH who="2" ten="444,203,114,229" step="2"/><N who="3" m="29195" /><G83/><T41/><D121/><U3/><E3/><V97/><F97/><N who="3" m="57575" /><G81/><T38/><D134/><U123/><E123/><V127/><F127/><W69/><G69/><T85/><D135/><U116/><E116/><V76/><F76/><W130/><G130/><T84/><D85/><U80/><E112/><V125/><F125/><W45/><G45/><T10/><D84/><U34/><E114/><V47/><F47/><W109/><G109/><T60/><D38/><U74/><E74/><V89/><F89/><W31/><AGARI ba="0,1" hai="28,30,31,52,53" m="57575,29195,9343" machi="31" ten="30,7900,0" yaku="8,1,52,1,54,2" doraHai="18" who="3" fromWho="3" sc="444,-20,203,-39,114,-20,229,89" /><INIT seed="2,0,0,3,0,10" ten="424,164,94,318" oya="2" hai0="43,42,108,135,32,14,73,66,117,62,114,36,103" hai1="94,129,134,100,97,76,54,72,57,3,124,9,132" hai2="104,74,33,64,26,87,45,48,79,56,6,113,91" hai3="85,118,7,84,44,93,41,101,81,37,29,51,2"/><V120/><F113/><W116/><G29/><T128/><D114/><U89/><E124/><V27/><F120/><W92/><G2/><T83/><D32/><U12/><E3/><V96/><F6/><W15/><G37/><T130/><D108/><U133/><E129/><V98/><F33/><W95/><G85/><T122/><D122/><U63/><E76/><V86/><F74/><W31/><G31/><T105/><D135/><U68/><E72/><V0/><F0/><W19/><G101/><T119/><D83/><U107/><E68/><V13/><F104/><W8/><REACH who="3" step="1"/><G19/><REACH who="3" ten="424,164,94,308" step="2"/><T112/><D103/><U65/><E100/><V71/><F86/><W126/><G126/><T99/><D36/><U127/><E127/><V131/><F131/><W53/><G53/><T23/><D128/><U88/><E54/><N who="2" m="29967" /><F79/><AGARI ba="0,1" hai="7,8,15,41,44,51,79,81,84,92,93,95,116,118" machi="79" ten="40,8000,1" yaku="1,1,25,2,52,1,53,0" doraHai="10" doraHaiUra="50" who="3" fromWho="2" sc="424,0,164,0,94,-80,308,90" /><INIT seed="3,0,0,3,0,88" ten="424,164,14,398" oya="3" hai0="38,56,108,93,102,9,59,101,118,15,63,62,61" hai1="19,58,105,125,95,53,122,80,26,66,131,7,18" hai2="12,97,42,57,25,52,67,46,60,49,87,16,35" hai3="90,106,103,70,130,123,14,112,72,27,116,92,24"/><W55/><G123/><T31/><D108/><U39/><E105/><V129/><F129/><W37/><G116/><T76/><D38/><U127/><E39/><V107/><F87/><N who="3" m="52319" /><G112/><T83/><D31/><U119/><E122/><V1/><F1/><W65/><G37/><T104/><D104/><U91/><E119/><V32/><F25/><W71/><G71/><T2/><D2/><U23/><E131/><V45/><F107/><W22/><G130/><T109/><D109/><U29/><E66/><V98/><F35/><W78/><G55/><T115/><D115/><U8/><E80/><V82/><F32/><W124/><G124/><N who="1" m="47690" /><E7/><V5/><F5/><W54/><G54/><T100/><D118/><U0/><E8/><N who="2" m="6151" /><F82/><N who="3" m="45383" /><G65/><T21/><D21/><U132/><E132/><V113/><F113/><W128/><G70/><T13/><D13/><U73/><E73/><V77/><F77/><W96/><G128/><T41/><D76/><U64/><E64/><V99/><F42/><W43/><G43/><T51/><D41/><U36/><E36/><V6/><F6/><W133/><G133/><T86/><D51/><N who="1" m="31039" /><E0/><V81/><F81/><W75/><G75/><T134/><D134/><U47/><E47/><AGARI ba="0,0" hai="45,46,47,49,52,57,60,67,97,98,99" m="6151" machi="47" ten="30,3900,0" yaku="8,1,54,2" doraHai="88" who="2" fromWho="1" sc="424,0,164,-39,14,39,398,0" /><INIT seed="4,0,0,1,3,12" ten="424,125,53,398" oya="0" hai0="56,115,37,31,68,130,38,44,124,35,49,52,28" hai1="109,25,95,45,17,14,127,62,108,122,2,106,83" hai2="32,126,70,119,111,97,0,41,98,33,67,23,131" hai3="29,21,72,125,76,79,48,24,22,57,77,7,58"/><T27/><D115/><U134/><E106/><V87/><F111/><W39/><G39/><T61/><D124/><U46/><E122/><V36/><F126/><W101/><G125/><T8/><D130/><U55/><E127/><V10/><F131/><W128/><G128/><T9/><D31/><U18/><E2/><V116/><F87/><W43/><G72/><T107/><D107/><U103/><E134/><V20/><F67/><W11/><G101/><T94/><D94/><U102/><E109/><V82/><F70/><W69/><G69/><T88/><D88/><U84/><E108/><V47/><F82/><W91/><G22/><N who="2" m="8233" /><F0/><W34/><G34/><N who="2" m="13417" /><F10/><W86/><G43/><N who="0" m="22647" /><D37/><U132/><E132/><V118/><AGARI ba="0,0" hai="36,41,47,97,98,116,118,119" m="13417,8233" machi="118" ten="40,1500,0" yaku="12,1" doraHai="12" who="2" fromWho="2" sc="424,-7,125,-4,53,15,398,-4" /><INIT seed="5,0,0,3,4,61" ten="417,121,68,394" oya="1" hai0="107,111,91,75,98,42,38,19,54,12,118,24,6" hai1="41,100,92,125,87,30,88,112,102,57,65,1,0" hai2="86,44,46,14,122,72,71,62,34,28,25,17,120" hai3="128,27,108,129,101,133,37,110,2,84,55,135,23"/><U58/><E125/><V22/><F72/><W13/><G37/><T18/><D111/><N who="3" m="42537" /><G101/><N who="1" m="39018" /><E0/><V119/><F119/><W115/><G84/><T89/><D118/><U85/><E1/><V4/><F86/><W39/><G55/><T51/><D75/><U97/><E112/><V109/><F109/><W20/><G39/><T40/><D107/><U99/><E30/><V127/><F127/><W124/><G2/><T64/><D24/><U103/><E41/><V131/><F4/><W96/><G96/><N who="1" m="36938" /><E103/><V7/><F7/><W53/><G53/><T52/><D6/><U66/><E87/><V43/><F44/><W132/><G124/><T15/><D98/><U81/><E81/><V29/><F29/><N who="3" m="17639" /><G115/><T90/><D38/><U73/><E73/><V94/><F94/><W95/><G95/><T74/><D74/><U126/><E126/><V104/><F104/><W3/><G3/><T134/><D89/><U35/><E35/><V114/><F114/><W50/><G50/><T33/><D33/><U123/><E123/><V117/><F117/><W106/><G106/><T82/><D51/><U93/><E93/><V32/><F32/><W26/><G13/><T36/><D36/><U76/><E76/><V11/><F34/><W70/><G70/><T130/><D82/><U48/><E48/><N who="2" m="26719" /><F122/><W16/><AGARI ba="0,0" hai="16,23,26,128,129,132,133,135" m="17639,42537" machi="16" ten="40,8000,1" yaku="20,1,34,2,54,1" doraHai="61" who="3" fromWho="3" sc="417,-20,121,-40,68,-20,394,80" /><INIT seed="6,0,0,1,4,6" ten="397,81,48,474" oya="2" hai0="130,133,106,50,107,15,111,121,127,57,129,110,25" hai1="37,39,20,104,78,67,31,105,5,10,70,93,77" hai2="1,40,72,12,122,131,24,53,18,101,28,7,120" hai3="112,118,87,23,86,52,94,35,30,90,62,61,84"/><V115/><F72/><W22/><G118/><T0/><D25/><U116/><E116/><V43/><F101/><W21/><G112/><T64/><D15/><U19/><E31/><V36/><F53/><W80/><G35/><T48/><D57/><U82/><E77/><V126/><F36/><W63/><G30/><T13/><D13/><U66/><E39/><V102/><F102/><W88/><G86/><T69/><D0/><U14/><E37/><V55/><F55/><AGARI ba="0,0" hai="21,22,23,52,55,61,62,63,80,84,87,88,90,94" machi="55" ten="40,5200,0" yaku="8,1,54,2" doraHai="6" who="3" fromWho="2" sc="397,0,81,0,48,-52,474,52" owari="397,20.0,81,-32.0,-4,-50.0,526,62.0" /></mjloggm>