<mjloggm ver="2.3"><GO type="169" lobby="0"/><UN n0="%E3%82%A6%E3%83%AB%E3%83%88%E3%83%A9%E7%AB%8B%E7%9B%B4" n1="%E3%82%B8%E3%83%A3%E3%82%B9%E3%82%BF%E3%82%A6%E3%82%A7%E3%82%A4" n2="%61%72%61%66%61%69" n3="%E6%BA%9D%E5%86%85%E5%A4%A7%E6%A8%B9" dan="18,17,17,16" rate="2248.32,2227.80,2220.03,2085.62" sx="M,M,F,F"/><TAIKYOKU oya="0"/><INIT seed="0,0,0,0,4,94" ten="250,250,250,250" oya="0" hai0="87,44,65,63,1,73,102,29,50,32,5,42,4" hai1="91,114,34,55,127,101,70,27,88,103,134,58,72" hai2="15,105,95,61,128,112,82,14,38,26,85,18,53" hai3="25,124,23,104,16,131,7,46,133,115,118,99,132"/><T90/><D73/><U33/><E70/><V13/><F105/><W123/><G118/><T92/><D1/><U97/><E72/><V17/><F38/><W110/><G115/><T122/><D122/><U28/><E114/><V100/><F112/><W19/><G123/><T106/><D29/><U107/><E134/><N who="3" m="51818" /><G110/><T120/><D32/><U111/><E127/><V121/><F128/><W9/><G46/><T71/><REACH who="0" step="1"/><D120/><REACH who="0" ten="240,250,250,250" step="2"/><U119/><E119/><V109/><F121/><W41/><G124/><T35/><D35/><U76/><E34/><V78/><F109/><W59/><G131/><T117/><D117/><U21/><E111/><V77/><F18/><W108/><G108/><T75/><D75/><U89/><E33/><V40/><F17/><W24/><G19/><T126/><D126/><U83/><E103/><V6/><F6/><W31/><G31/><T43/><D43/><U74/><REACH who="1" step="1"/><E91/><REACH who="1" ten="240,240,250,250" step="2"/><V47/><F100/><W57/><G23/><T125/><D125/><U60/><AGARI ba="0,2" hai="21,27,28,55,58,60,74,76,83,88,89,97,101,107" machi="60" ten="20,12000,2" yaku="1,1,2,1,0,1,7,1,52,1,54,1,53,0" doraHai="94" doraHaiUra="129" who="1" fromWho="1" sc="240,-60,240,140,250,-30,250,-30" /><INIT seed="1,0,0,1,1,134" ten="180,380,220,220" oya="1" hai0="98,119,24,67,53,16,111,91,64,122,103,110,37" hai1="113,2,56,44,73,34,128,125,38,96,107,50,74" hai2="68,126,101,81,70,45,20,19,49,41,115,33,83" hai3="130,23,106,22,36,112,58,54,100,46,90,35,7"/><U80/><E113/><V15/><F33/><W27/><G112/><T114/><D119/><U47/><E34/><V32/><F115/><W120/><G120/><T55/><D37/><U18/><E2/><V17/><F32/><W121/><G121/><T88/><D114/><U124/><E128/><V78/><F101/><W12/><G130/><T108/><D122/><U62/><E38/><V1/><F1/><W63/><G35/><T60/><D55/><U133/><E133/><V86/><F126/><N who="1" m="48745" /><E18/><V11/><F81/><W117/><G117/><T13/><D53/><N who="1" m="34063" /><E80/><V28/><F28/><W25/><G54/><T57/><D24/><AGARI ba="0,0" hai="11,15,17,19,20,24,41,45,49,68,70,78,83,86" machi="24" ten="30,1000,0" yaku="7,1" doraHai="134" who="2" fromWho="0" sc="180,-10,380,0,220,10,220,0" /><INIT seed="2,0,0,0,4,61" ten="170,380,230,220" oya="2" hai0="42,82,94,128,108,0,30,41,116,70,34,66,100" hai1="52,47,62,11,60,10,32,56,125,24,45,117,120" hai2="33,135,130,122,121,36,59,119,3,101,31,13,49" hai3="12,86,14,79,48,26,89,87,25,81,103,7,55"/><V95/><F36/><W50/><G103/><T4/><D108/><U105/><E117/><V71/><F3/><W58/><G50/><T16/><D128/><U37/><E105/><V97/><F71/><W113/><G113/><T110/><D110/><U68/><E125/><V57/><F119/><W102/><G102/><T96/><D116/><U114/><E114/><V29/><F130/><W51/><G51/><T77/><D4/><U88/><E120/><V132/><F13/><W78/><G78/><T115/><D0/><U9/><E37/><V64/><F33/><W5/><G14/><T106/><D94/><U38/><E38/><V107/><F107/><W23/><G12/><T133/><D133/><N who="2" m="51274" /><F49/><W21/><G26/><N who="0" m="18775" /><D115/><U67/><REACH who="1" step="1"/><E88/><REACH who="1" ten="170,370,230,220" step="2"/><V39/><F39/><W85/><G85/><T80/><D106/><U53/><E53/><V99/><F99/><W27/><G27/><T90/><D96/><U40/><E40/><V22/><F121/><W63/><G25/><T93/><D100/><U1/><E1/><V124/><F124/><W83/><G83/><T43/><D82/><U69/><E69/><V129/><F129/><W91/><G81/><T126/><D126/><U123/><E123/><V104/><F104/><W92/><G91/><T54/><D90/><U111/><E111/><V73/><F122/><W20/><G89/><T17/><D54/><U65/><E65/><V19/><F73/><W18/><G55/><T112/><D112/><U35/><E35/><V6/><F64/><W118/><G118/><T127/><D127/><U2/><E2/><V15/><F101/><RYUUKYOKU ba="0,1" sc="170,-10,370,30,230,-10,220,-10" hai1="9,10,11,24,32,45,47,52,56,60,62,67,68" /><INIT seed="3,1,1,5,3,66" ten="160,400,220,210" oya="3" hai0="57,72,1,5,44,82,96,69,87,100,95,93,108" hai1="91,109,62,37,115,22,110,4,126,2,20,24,81" hai2="33,99,107,88,23,27,76,7,94,54,41,123,28" hai3="104,30,105,56,73,50,60,46,21,67,16,15,129"/><W85/><G73/><T130/><D108/><N who="1" m="41579" /><E115/><V52/><F123/><W78/><G129/><T84/><D130/><U97/><E37/><V8/><F76/><W135/><G135/><T43/><D69/><U38/><E38/><V134/><F134/><W128/><G128/><T111/><D111/><U112/><E112/><V45/><F107/><W10/><G78/><T36/><D57/><U71/><E126/><V25/><F25/><W124/><G124/><T11/><REACH who="0" step="1"/><D95/><REACH who="0" ten="150,400,220,210" step="2"/><N who="1" m="56575" /><E81/><V51/><REACH who="2" step="1"/><F33/><REACH who="2" ten="150,400,210,210" step="2"/><W48/><G105/><T114/><D114/><U89/><E24/><V80/><F80/><W64/><G104/><T127/><D127/><U75/><E75/><V68/><F68/><W113/><G113/><T53/><D53/><U133/><E71/><V92/><F92/><W118/><G118/><T90/><D90/><U132/><E89/><V9/><F9/><W12/><G10/><T77/><AGARI ba="1,3" hai="1,5,11,36,43,44,72,77,82,84,87,93,96,100" machi="77" ten="30,7900,0" yaku="1,1,0,1,25,2,53,0" doraHai="66" doraHaiUra="59" who="0" fromWho="0" sc="150,112,400,-21,210,-21,210,-40" /><INIT seed="4,0,0,1,4,9" ten="262,379,189,170" oya="0" hai0="70,39,26,8,52,101,99,6,127,135,110,131,104" hai1="79,11,125,61,116,81,129,3,23,18,96,46,30" hai2="120,107,100,94,2,20,24,134,33,105,27,111,86" hai3="65,49,85,55,124,19,54,72,35,10,83,43,40"/><T108/><D39/><U68/><E116/><V77/><F2/><W47/><G72/><T122/><D122/><U82/><E125/><V57/><F111/><N who="0" m="42538" /><D70/><U115/><E129/><V118/><F120/><W1/><G35/><T56/><D135/><U132/><E132/><V17/><F118/><W5/><G124/><T44/><D127/><U38/><E96/><V109/><F109/><W71/><G19/><T123/><D123/><U114/><E30/><V63/><F134/><W112/><G112/><N who="1" m="43050" /><E61/><V98/><F77/><W95/><G95/><T14/><D26/><N who="1" m="14711" /><E68/><V31/><REACH who="2" step="1"/><F86/><REACH who="2" ten="262,379,179,170" step="2"/><W113/><G113/><T34/><D131/><U103/><E79/><V45/><F45/><W29/><G47/><T21/><D44/><U7/><E103/><V48/><F48/><W119/><G49/><N who="0" m="30735" /><D34/><U76/><E76/><V133/><F133/><W91/><G119/><T22/><AGARI ba="0,1" hai="6,8,14,21,22,99,101,104" m="30735,42538" machi="22" ten="30,6000,0" yaku="10,1,52,1,54,1" doraHai="9" who="0" fromWho="0" sc="262,70,379,-20,179,-20,170,-20" /><INIT seed="4,1,0,3,5,42" ten="332,359,159,150" oya="0" hai0="6,97,55,114,51,120,26,85,45,127,74,36,63" hai1="34,7,95,61,89,91,16,35,8,69,57,41,112" hai2="105,32,47,122,135,133,100,12,29,33,59,80,102" hai3="73,134,88,121,125,64,98,46,38,2,104,23,50"/><T5/><D74/><U71/><E41/><V13/><F59/><W65/><G2/><T79/><D120/><U24/><E71/><V58/><F58/><W52/><G121/><T22/><D36/><U129/><E69/><V56/><F56/><W132/><G73/><T54/><D114/><U118/><E118/><V14/><F122/><W9/><G125/><T66/><D127/><U119/><E119/><V39/><F80/><W37/><G9/><T76/><D66/><N who="3" m="25705" /><G23/><T111/><D111/><U28/><E35/><N who="2" m="13387" /><F29/><W30/><G30/><T25/><D63/><U103/><E129/><V130/><F105/><W20/><G20/><T113/><D113/><U96/><E112/><V84/><F84/><W90/><G104/><T0/><D0/><U82/><E82/><V10/><F10/><W124/><G124/><T94/><D85/><U31/><E31/><V18/><F18/><W67/><G67/><T3/><D3/><U123/><E123/><V101/><F39/><W131/><G131/><T126/><D126/><U49/><E16/><V83/><F83/><W109/><G109/><T48/><D22/><U93/><E93/><V117/><F117/><W108/><G108/><T53/><D94/><U81/><E81/><V1/><F1/><W17/><G17/><T110/><D110/><U19/><E19/><V115/><F115/><W106/><G38/><T128/><D128/><U99/><E61/><V21/><F21/><W116/><G37/><T27/><D27/><U86/><E86/><V62/><F130/><W78/><G116/><T40/><D26/><U43/><E24/><RYUUKYOKU ba="1,0" sc="332,0,359,0,159,0,150,0" /><INIT seed="5,2,0,4,2,69" ten="332,359,159,150" oya="1" hai0="99,59,80,49,20,88,84,66,124,131,22,42,1" hai1="46,58,26,29,89,93,61,71,108,129,94,133,5" hai2="76,43,91,10,130,48,54,15,27,63,57,52,73" hai3="68,127,6,83,134,119,90,114,3,50,105,45,104"/><U98/><E71/><V11/><F130/><W122/><G122/><T37/><D1/><U77/><E129/><V34/><F73/><W8/><G114/><T60/><D131/><U35/><E133/><V111/><F111/><W72/><G134/><T23/><D124/><U106/><E106/><V118/><F118/><W9/><G127/><T28/><D99/><U55/><E5/><V87/><F76/><W75/><G119/><T51/><REACH who="0" step="1"/><D28/><REACH who="0" ten="322,359,159,150" step="2"/><U128/><E128/><V81/><F43/><W126/><G126/><T40/><D40/><U44/><E108/><V38/><F38/><W7/><G3/><T121/><D121/><U110/><E110/><V117/><F117/><W113/><G113/><T64/><D64/><U19/><E77/><V56/><REACH who="2" step="1"/><F15/><REACH who="2" ten="322,359,149,150" step="2"/><W17/><G75/><T62/><D62/><U16/><REACH who="1" step="1"/><E94/><REACH who="1" ten="322,349,149,150" step="2"/><V125/><F125/><W21/><G104/><T25/><D25/><U74/><E74/><V4/><F4/><W115/><G105/><T86/><D86/><U0/><E0/><V33/><F33/><W30/><G6/><T24/><D24/><U2/><E2/><V132/><F132/><W103/><G7/><T41/><D41/><U95/><E95/><V97/><F97/><W116/><G115/><T107/><D107/><U112/><E112/><V36/><F36/><W101/><G116/><T100/><D100/><U13/><E13/><V53/><F53/><W102/><G72/><T65/><D65/><U96/><E96/><V135/><F135/><W85/><G103/><T70/><D70/><U67/><E67/><V120/><F120/><RYUUKYOKU ba="2,3" sc="322,10,349,10,149,10,150,-30" hai0="20,22,23,37,42,49,51,59,60,66,80,84,88" hai1="16,19,26,29,35,44,46,55,58,61,89,93,98" hai2="10,11,27,34,48,52,54,56,57,63,81,87,91" /><INIT seed="5,3,3,3,0,11" ten="332,359,159,120" oya="1" hai0="123,74,56,80,71,133,121,75,10,33,27,81,29" hai1="24,19,73,130,44,122,23,107,64,13,85,93,118" hai2="20,76,84,119,2,45,68,39,37,18,135,82,124" hai3="21,98,47,58,8,46,105,91,117,36,7,63,55"/><U116/><E107/><V132/><F119/><W67/><G117/><T90/><D71/><U103/><E73/><N who="0" m="27657" /><D133/><N who="2" m="51274" /><F124/><W104/><G21/><T126/><D126/><U53/><E122/><N who="0" m="46601" /><D90/><N who="1" m="53455" /><E130/><V30/><F2/><W111/><G111/><T49/><D10/><N who="1" m="6583" /><E116/><V22/><F45/><W48/><G36/><T96/><D96/><U72/><E72/><V16/><F30/><W9/><G47/><T94/><D94/><U128/><E128/><V95/><F95/><W42/><G9/><T102/><D102/><U97/><E64/><V40/><F40/><W43/><G105/><T115/><D115/><U54/><E118/><V1/><F1/><W69/><G69/><T50/><D56/><U77/><E77/><V14/><F68/><W3/><REACH who="3" step="1"/><G91/><REACH who="3" ten="332,359,159,110" step="2"/><T129/><D129/><U66/><E44/><V109/><F109/><W87/><G87/><T79/><D79/><U38/><E38/><V120/><F120/><W28/><G28/><T106/><D106/><U100/><E97/><V127/><F127/><W78/><G78/><T17/><D17/><N who="1" m="12399" /><E103/><AGARI ba="3,4" hai="3,7,8,42,43,46,48,55,58,63,67,98,103,104" machi="103" ten="40,1300,0" yaku="1,1,53,0" doraHai="11" doraHaiUra="26" who="3" fromWho="1" sc="332,0,359,-22,159,0,110,62" /><INIT seed="6,0,0,1,5,2" ten="332,337,159,172" oya="2" hai0="18,50,71,135,35,100,36,70,108,24,0,5,74" hai1="113,61,58,63,86,105,98,15,3,104,11,34,131" hai2="4,126,118,47,14,110,107,25,54,8,133,12,95" hai3="59,56,26,65,130,49,9,62,77,73,17,92,103"/><V87/><F107/><W124/><G130/><T94/><D50/><U21/><E34/><V134/><F118/><W127/><G77/><T123/><D94/><U31/><E131/><V122/><F122/><W27/><G73/><T91/><D91/><U38/><E38/><V19/><F110/><W80/><G80/><T125/><D18/><U69/><E69/><V82/><F126/><N who="3" m="48171" /><G49/><T42/><D125/><U53/><E113/><V20/><F95/><W52/><G59/><T32/><D123/><U29/><E86/><V109/><F109/><W39/><G39/><T102/><D102/><U83/><E83/><V117/><F117/><W7/><G65/><T121/><D121/><U68/><E3/><V84/><F25/><W41/><G41/><T51/><D24/><U28/><E21/><V33/><F33/><W10/><G17/><T128/><D51/><U88/><E68/><V30/><F30/><W90/><G10/><T16/><D74/><U101/><E105/><V1/><F1/><N who="3" m="239" /><G103/><T116/><D100/><U97/><E61/><V23/><F23/><W112/><G112/><T78/><D35/><U13/><E11/><V44/><F84/><AGARI ba="0,0" hai="26,27,52,56,62,84,90,92" m="239,48171" machi="84" ten="30,3900,0" yaku="18,1,52,1,54,1" doraHai="2" who="3" fromWho="2" sc="332,0,337,0,159,-39,172,39" /><INIT seed="7,0,0,3,5,15" ten="332,337,120,211" oya="3" hai0="75,80,115,134,17,58,121,110,10,30,50,88,24" hai1="22,111,52,0,129,108,4,79,51,46,35,109,34" hai2="73,31,12,124,107,43,16,99,105,82,126,42,117" hai3="13,100,102,83,101,123,33,41,130,92,120,70,37"/><W66/><G33/><T36/><D36/><U125/><E79/><V132/><F117/><W86/><G66/><T127/><D110/><U20/><E129/><V95/><F31/><W28/><G28/><T5/><D121/><N who="3" m="46665" /><G70/><T81/><D75/><U61/><E125/><V1/><F1/><W131/><G41/><T26/><D127/><U97/><E97/><V19/><F132/><W78/><G13/><N who="0" m="5327" /><D134/><U11/><REACH who="1" step="1"/><E61/><REACH who="1" ten="332,327,120,211" step="2"/><V60/><F60/><W114/><G114/><T116/><D115/><U98/><E98/><V54/><F54/><W8/><G37/><T57/><D116/><U71/><E71/><V122/><F122/><W2/><G2/><T25/><D30/><U7/><E7/><V113/><F113/><W106/><G106/><T85/><D17/><U56/><E56/><N who="0" m="21609" /><D50/><U72/><E72/><V3/><F3/><W27/><G8/><T76/><D76/><U62/><E62/><V18/><F12/><W94/><G27/><T9/><D9/><U112/><E112/><V93/><F19/><W128/><AGARI ba="0,1" hai="78,83,86,92,94,100,101,102,128,130,131" m="46665" machi="128" ten="40,7800,0" yaku="19,1,34,2" doraHai="15" who="3" fromWho="3" sc="332,-26,327,-26,120,-26,211,88" /><INIT seed="7,1,0,5,2,92" ten="306,301,94,299" oya="3" hai0="11,37,10,28,56,123,2,6,43,93,13,46,120" hai1="45,69,30,15,114,126,106,104,54,1,41,58,85" hai2="64,103,22,24,76,98,32,131,33,29,82,38,71" hai3="50,125,73,60,75,8,27,113,121,19,119,5,99"/><W77/><G121/><T63/><D93/><U68/><E1/><V80/><F38/><W61/><G119/><T88/><D88/><U49/><E30/><V34/><F131/><W55/><G113/><T42/><D42/><U107/><E114/><V90/><F90/><W14/><G125/><T133/><D28/><U81/><E15/><V0/><F0/><W66/><G77/><T83/><D83/><U79/><REACH who="1" step="1"/><E126/><REACH who="1" ten="306,291,94,299" step="2"/><V53/><F53/><W86/><G86/><T135/><D135/><U12/><E12/><V72/><F82/><W26/><G99/><T51/><D133/><U112/><E112/><V111/><F111/><W44/><G73/><T96/><D96/><U57/><E57/><V127/><F127/><W110/><G75/><T65/><D37/><AGARI ba="1,1" hai="37,41,45,49,54,58,68,69,79,81,85,104,106,107" machi="37" ten="40,1300,0" yaku="1,1,53,0" doraHai="92" doraHaiUra="21" who="1" fromWho="0" sc="306,-16,291,26,94,0,299,0" owari="290,-11.0,317,42.0,94,-41.0,299,10.0" /></mjloggm>