<mjloggm ver="2.3"><GO type="169" lobby="0"/><UN n0="%E3%82%B5%E3%83%B3%E3%83%9E%E9%81%93%E6%A5%BD%E4%BB%A3%E8%A1%A8" n1="%E3%82%A6%E3%83%AB%E3%83%88%E3%83%A9%E7%AB%8B%E7%9B%B4" n2="%62%61%6B%61%73%65" n3="%E3%81%9F%E3%81%8C%E3%82%84%E3%81%99" dan="16,18,17,16" rate="2091.12,2263.70,2213.12,2124.87" sx="M,M,F,M"/><TAIKYOKU oya="0"/><INIT seed="0,0,0,1,2,92" ten="250,250,250,250" oya="0" hai0="35,78,105,6,14,33,132,86,93,104,54,134,110" hai1="20,133,47,55,21,66,116,36,59,0,101,118,120" hai2="4,121,34,100,102,106,99,81,107,40,84,11,88" hai3="122,77,91,74,16,18,5,87,9,46,98,26,68"/><T41/><D41/><U38/><E0/><V1/><F40/><W19/><G68/><T94/><D6/><U83/><E120/><V3/><F121/><W24/><G74/><T75/><D14/><U51/><E133/><N who="0" m="51305" /><D54/><U8/><E8/><V126/><F126/><W57/><G122/><T124/><D35/><U73/><E101/><V60/><F34/><W48/><G57/><T56/><D56/><U130/><E73/><V97/><F60/><W112/><G112/><T42/><D42/><U45/><E83/><V29/><F29/><W65/><G65/><T61/><D61/><U113/><E51/><V109/><F109/><W23/><G77/><T131/><D33/><U63/><E59/><V22/><F22/><W10/><G5/><T128/><D124/><U53/><E63/><V89/><F89/><W25/><G23/><T79/><D75/><U85/><E66/><V108/><F108/><W96/><G46/><T64/><D64/><U76/><E47/><V127/><F127/><W12/><G48/><T13/><D13/><AGARI ba="0,0" hai="1,3,4,11,13,81,84,88,97,99,100,102,106,107" machi="13" ten="30,8000,1" yaku="7,1,9,1,52,2,54,1" doraHai="92" who="2" fromWho="0" sc="250,-80,250,0,250,80,250,0" /><INIT seed="1,0,0,1,4,122" ten="170,250,330,250" oya="1" hai0="38,51,41,12,58,1,79,25,90,42,63,23,55" hai1="10,26,91,111,14,113,128,83,105,119,40,135,97" hai2="0,66,89,84,127,29,110,4,43,77,106,120,93" hai3="121,50,22,56,18,92,33,20,101,69,130,95,32"/><U65/><E113/><V9/><F120/><W36/><G36/><T64/><D1/><U45/><E119/><V129/><F106/><W72/><G69/><T87/><D79/><U126/><E128/><V68/><F129/><W21/><G72/><T88/><D12/><U19/><E126/><V86/><F127/><W54/><G130/><T60/><D60/><U74/><E135/><V16/><F29/><W116/><G121/><T30/><D38/><U8/><E65/><V2/><F43/><W44/><G116/><T62/><D62/><U28/><E8/><V103/><F103/><W133/><G133/><T24/><D24/><U61/><E61/><V81/><F68/><W15/><G33/><T124/><D124/><U131/><E131/><V109/><F66/><W100/><G32/><T112/><D112/><U76/><E111/><N who="2" m="42507" /><F16/><W123/><G123/><T3/><D3/><AGARI ba="0,0" hai="0,2,3,4,9,77,81,84,86,89,93" m="42507" machi="3" ten="30,7700,0" yaku="14,1,52,3" doraHai="122" who="2" fromWho="0" sc="170,-77,250,0,330,77,250,0" /><INIT seed="2,0,0,5,5,123" ten="93,250,407,250" oya="2" hai0="27,110,98,82,117,18,67,80,59,108,57,129,4" hai1="113,54,91,32,72,58,96,92,5,13,99,24,85" hai2="14,17,31,102,8,55,37,15,2,128,71,111,76" hai3="22,131,39,124,30,88,49,90,125,36,106,21,65"/><V130/><F37/><W107/><G49/><T26/><D4/><U115/><E72/><V133/><F71/><W29/><REACH who="3" step="1"/><G65/><REACH who="3" ten="93,250,407,240" step="2"/><T38/><D67/><U74/><E115/><V79/><F55/><W77/><G77/><T101/><D38/><U1/><E113/><V47/><F79/><W10/><G10/><T63/><D63/><U116/><E54/><V84/><F76/><W94/><G94/><T134/><D59/><U114/><E92/><V62/><F62/><W35/><G35/><T56/><D57/><U86/><E32/><V109/><F47/><W53/><G53/><T89/><D56/><U97/><E114/><V120/><F2/><W61/><G61/><T64/><D64/><U87/><E1/><V41/><F41/><W34/><G34/><T52/><D52/><U135/><E58/><V60/><F60/><W132/><G132/><T83/><D134/><U12/><E135/><V16/><F133/><W50/><G50/><T78/><D78/><U43/><E43/><V51/><F51/><W100/><G100/><T105/><D89/><U122/><E91/><V20/><F102/><W42/><G42/><T118/><D129/><AGARI ba="0,1" hai="21,22,29,30,36,39,88,90,106,107,124,125,129,131" machi="129" ten="25,6400,0" yaku="1,1,22,2,54,1,53,0" doraHai="123" doraHaiUra="33" who="3" fromWho="0" sc="93,-64,250,0,407,0,240,74" /><INIT seed="3,0,0,0,3,22" ten="29,250,407,314" oya="3" hai0="61,71,51,131,114,23,86,18,46,81,107,126,129" hai1="102,25,92,83,43,48,53,16,32,8,115,90,75" hai2="88,63,87,54,99,20,72,40,36,42,97,108,24" hai3="128,52,82,133,79,9,76,6,78,120,70,19,77"/><W69/><G19/><T85/><D114/><U15/><E115/><V17/><F108/><W80/><G120/><T3/><D3/><U62/><E43/><N who="2" m="16427" /><F72/><W113/><G113/><T1/><D1/><U58/><E102/><V30/><F36/><W98/><G98/><T134/><D107/><U41/><E75/><V96/><F54/><W95/><G95/><T60/><D134/><U56/><E83/><N who="2" m="49279" /><F63/><W111/><G133/><T10/><D10/><U84/><E41/><V44/><F44/><W21/><G9/><T59/><D71/><U64/><E32/><V29/><AGARI ba="0,0" hai="17,20,24,29,30,96,97,99" m="49279,16427" machi="29" ten="30,4000,0" yaku="8,1,52,1,54,1" doraHai="22" who="2" fromWho="2" sc="29,-10,250,-10,407,40,314,-20" /><INIT seed="4,0,0,3,0,88" ten="19,240,447,294" oya="0" hai0="132,38,90,67,112,54,48,123,107,114,58,69,77" hai1="95,18,27,61,134,30,89,55,76,102,113,79,84" hai2="9,72,64,66,15,56,65,128,122,98,93,19,51" hai3="78,110,60,96,57,49,40,92,82,75,8,119,124"/><T126/><D107/><U5/><E134/><V45/><F72/><W81/><G81/><T34/><D34/><U71/><E5/><V70/><F70/><W86/><G110/><T130/><D77/><U1/><E1/><V39/><F39/><W91/><G124/><T104/><D104/><U109/><E109/><V24/><F128/><W42/><G119/><T6/><D6/><U83/><E18/><V103/><F122/><W99/><G8/><T7/><D7/><U118/><E118/><V129/><F129/><W108/><G108/><T43/><D130/><U101/><E113/><N who="0" m="43625" /><D90/><U0/><E0/><V80/><F80/><W10/><G10/><T46/><D123/><U105/><E105/><V28/><F56/><W94/><G75/><T135/><D126/><U4/><E4/><V44/><REACH who="2" step="1"/><F51/><REACH who="2" ten="19,240,437,294" step="2"/><W131/><G49/><T26/><D26/><U32/><E27/><V20/><AGARI ba="0,1" hai="9,15,19,20,24,28,44,45,64,65,66,93,98,103" machi="20" ten="30,8000,1" yaku="1,1,2,1,0,1,8,1,52,1,53,0" doraHai="88" doraHaiUra="33" who="2" fromWho="2" sc="19,-40,240,-20,437,90,294,-20" owari="-21,-52.0,220,-18.0,527,63.0,274,7.0" /></mjloggm>