<mjloggm ver="2.3"><GO type="169" lobby="0"/><UN n0="%53%42%E9%81%8A%E6%88%B2" n1="%5A%75%74%74%61%6B%61" n2="%6D%75%6B%69%74%74%69" n3="%E3%83%88%E3%83%88%E3%83%AA%E5%85%88%E7%94%9F%31%39%E6%AD%B3" dan="16,17,17,18" rate="2039.90,2155.25,2218.07,2289.06" sx="M,M,M,F"/><TAIKYOKU oya="0"/><INIT seed="0,0,0,4,1,94" ten="250,250,250,250" oya="0" hai0="63,47,23,129,124,14,29,113,86,99,87,60,108" hai1="10,71,28,22,83,32,35,117,109,37,57,92,13" hai2="114,25,33,115,82,78,36,135,48,8,95,111,51" hai3="58,41,98,74,62,75,50,21,131,110,44,17,101"/><T80/><D113/><U19/><E71/><V103/><F36/><W134/><G110/><T76/><D129/><U40/><E117/><V16/><F111/><W39/><G134/><T55/><D108/><U66/><E109/><V26/><F135/><W130/><G39/><T27/><D124/><U49/><E37/><V123/><F123/><W84/><G84/><N who="0" m="48135" /><D14/><U89/><E83/><V15/><F33/><W70/><G70/><T59/><D47/><U73/><E73/><V30/><F115/><W2/><G2/><T125/><D125/><U46/><E66/><V128/><F114/><W118/><G118/><T102/><D60/><U88/><E89/><V65/><F65/><W122/><G122/><T56/><D56/><U6/><E57/><V12/><F128/><N who="3" m="49195" /><G58/><T81/><D81/><U105/><E105/><V132/><F132/><W120/><G62/><T38/><D38/><U85/><REACH who="1" step="1"/><E28/><REACH who="1" ten="250,240,250,250" step="2"/><V97/><F30/><W107/><G120/><T104/><D104/><U18/><E18/><V43/><F16/><W90/><G90/><T93/><AGARI ba="0,1" hai="23,27,29,55,59,63,86,87,93,99,102" m="48135" machi="93" ten="30,3000,0" yaku="8,1,52,1" doraHai="94" who="0" fromWho="0" sc="250,40,240,-10,250,-10,250,-10" /><INIT seed="0,1,0,1,3,52" ten="290,230,240,240" oya="0" hai0="88,22,101,16,30,47,63,37,77,9,26,100,124" hai1="29,74,59,115,36,44,4,118,135,98,34,119,72" hai2="93,13,76,1,97,20,70,68,48,66,18,0,91" hai3="23,67,125,27,109,127,130,123,41,113,82,110,103"/><T117/><D117/><U114/><E4/><V111/><F111/><N who="3" m="42507" /><G103/><T17/><D77/><U57/><E135/><V83/><F48/><W24/><G41/><T128/><D128/><U80/><E98/><V126/><F126/><N who="3" m="48139" /><G82/><T96/><D124/><U122/><E122/><V120/><F120/><W112/><G123/><T15/><D37/><U51/><E36/><V134/><F134/><W40/><G40/><T131/><D47/><U62/><E62/><V7/><F66/><W133/><G133/><T8/><D131/><U33/><E29/><V69/><REACH who="2" step="1"/><F7/><REACH who="2" ten="290,230,230,240" step="2"/><W87/><G130/><T53/><D63/><U60/><E60/><V81/><F81/><W78/><G67/><T43/><D43/><U58/><E118/><V42/><F42/><W90/><G112/><N who="1" m="43050" /><E119/><V73/><AGARI ba="1,1" hai="0,1,13,18,20,68,69,70,73,76,83,91,93,97" machi="73" ten="30,4000,0" yaku="1,1,0,1,53,1" doraHai="52" doraHaiUra="79" who="2" fromWho="2" sc="290,-21,230,-11,230,53,240,-11" /><INIT seed="1,0,0,0,2,81" ten="269,219,283,229" oya="1" hai0="60,72,82,100,125,23,121,57,69,132,61,39,8" hai1="71,66,130,88,122,40,108,36,21,25,70,29,37" hai2="48,9,64,118,19,67,107,79,55,113,83,44,87" hai3="92,6,65,5,104,24,109,129,1,112,51,12,91"/><U123/><E130/><V42/><F118/><W56/><G112/><T86/><D72/><U53/><E108/><V50/><F107/><W101/><G1/><T115/><D115/><U33/><E33/><V78/><F113/><W32/><G109/><T126/><D132/><U111/><E111/><V3/><F78/><W16/><G129/><T41/><D69/><U20/><E53/><V59/><REACH who="2" step="1"/><F3/><REACH who="2" ten="269,219,273,229" step="2"/><W49/><G104/><T131/><D131/><U96/><E123/><V14/><AGARI ba="0,1" hai="9,14,19,42,44,48,50,55,59,64,67,79,83,87" machi="14" ten="30,8000,1" yaku="1,1,2,1,0,1,8,1,52,1,53,0" doraHai="81" doraHaiUra="31" who="2" fromWho="2" sc="269,-20,219,-40,273,90,229,-20" /><INIT seed="2,0,0,3,0,84" ten="249,179,363,209" oya="2" hai0="31,41,56,62,43,58,114,127,74,50,47,15,6" hai1="44,79,5,54,87,82,45,67,115,123,109,23,116" hai2="135,133,33,117,77,118,110,78,51,131,81,36,16" hai3="119,88,55,75,24,26,105,68,107,132,122,29,91"/><V9/><F36/><W64/><G119/><T48/><D114/><U92/><E116/><V93/><F33/><W106/><G122/><T30/><D74/><U112/><E123/><V63/><F131/><W17/><G75/><T12/><D127/><U113/><E109/><V70/><F110/><W89/><G132/><N who="2" m="50761" /><F51/><W8/><G55/><T86/><D86/><U111/><E111/><V65/><F93/><W100/><G100/><T71/><D71/><U39/><E67/><V121/><F121/><W37/><G37/><T95/><D95/><U49/><E5/><V40/><F40/><W61/><REACH who="3" step="1"/><G29/><REACH who="3" ten="249,179,363,199" step="2"/><T126/><D31/><U38/><E38/><V76/><F118/><W46/><G46/><T108/><D30/><U60/><E44/><V57/><F117/><W102/><G102/><T80/><D108/><U85/><E39/><V130/><F130/><W18/><G18/><T32/><D47/><U35/><E115/><V134/><F134/><W21/><G21/><T96/><D32/><U0/><E35/><V27/><F16/><W125/><G125/><T97/><D126/><U101/><E23/><V52/><F52/><W99/><G99/><T11/><D97/><U25/><E113/><V28/><F28/><W73/><G73/><T7/><D96/><U13/><E112/><V3/><F65/><W20/><G20/><T103/><D103/><U98/><E98/><V72/><F72/><W124/><G124/><T120/><D120/><U34/><E34/><V1/><F9/><W59/><G59/><T128/><D128/><U22/><E101/><V129/><F129/><RYUUKYOKU ba="0,1" sc="249,-10,179,-10,363,-10,199,30" hai3="8,17,24,26,61,64,68,88,89,91,105,106,107" /><INIT seed="3,1,1,3,0,46" ten="239,169,353,229" oya="3" hai0="133,102,20,51,64,60,87,108,123,39,93,100,24" hai1="134,116,12,129,61,114,119,90,23,99,42,36,110" hai2="54,71,48,0,4,3,10,135,121,124,18,8,19" hai3="92,86,97,81,85,84,74,22,68,33,80,47,76"/><W66/><G33/><T44/><D123/><U59/><E114/><V52/><F71/><W6/><G6/><T70/><D39/><U96/><E110/><V73/><F73/><W106/><G68/><T127/><D108/><U113/><E113/><V88/><F121/><W77/><G66/><T103/><D133/><U131/><E134/><V37/><F37/><W117/><G22/><T34/><D34/><U49/><E36/><V43/><F135/><W31/><G31/><T62/><D127/><U21/><E42/><V45/><F124/><W83/><G47/><T112/><D112/><U1/><E1/><V26/><F3/><W56/><G56/><T32/><D32/><U122/><E49/><N who="2" m="26815" /><F0/><W9/><G9/><N who="2" m="3689" /><F4/><W40/><G40/><N who="0" m="24967" /><D64/><N who="1" m="38975" /><E122/><V107/><F107/><W55/><G55/><N who="2" m="21033" /><F26/><W35/><G35/><T5/><D5/><U125/><E125/><V7/><F7/><W91/><G117/><N who="1" m="45130" /><E12/><V120/><F120/><W75/><G106/><T41/><D70/><U128/><E99/><V16/><F48/><W50/><G50/><T115/><D115/><U126/><E126/><V105/><F105/><W104/><G104/><T132/><D132/><U130/><N who="1" m="32768" /><DORA hai="13" /><U53/><E53/><V82/><F82/><AGARI ba="1,1" hai="74,75,76,77,80,81,82,83,84,85,86,91,92,97" machi="82" ten="40,18000,2" yaku="9,1,35,6" doraHai="46,13" who="3" fromWho="2" sc="239,0,169,0,353,-183,229,193" /><INIT seed="3,2,0,2,2,119" ten="239,169,170,422" oya="3" hai0="108,90,133,57,74,14,83,76,78,113,4,105,79" hai1="32,87,125,120,135,92,103,29,91,59,19,22,31" hai2="44,71,13,11,101,67,69,127,17,50,16,131,130" hai3="77,68,39,24,80,9,118,35,8,60,51,123,107"/><W95/><G118/><T114/><D57/><U134/><E32/><V109/><F109/><W66/><G107/><T7/><D108/><U106/><E125/><V43/><F127/><W2/><G39/><T48/><D48/><U116/><E116/><V15/><F101/><W81/><G123/><T129/><D14/><U86/><E120/><V30/><F30/><W58/><G2/><T34/><D34/><U84/><E106/><V111/><F111/><W27/><G95/><T20/><D20/><U70/><E70/><V28/><F28/><N who="1" m="10825" /><E103/><V52/><F43/><W110/><G35/><T63/><D63/><U62/><E135/><V53/><F67/><W132/><G132/><T124/><D124/><U47/><E47/><V37/><F37/><W122/><G122/><T115/><D133/><U26/><E134/><V49/><F44/><W96/><G96/><T128/><D105/><U46/><E46/><V65/><F65/><AGARI ba="2,0" hai="19,22,26,59,62,65,84,86,87,91,92" m="10825" machi="65" ten="30,1000,0" yaku="8,1" doraHai="119" who="1" fromWho="2" sc="239,0,169,16,170,-16,422,0" /><INIT seed="4,0,0,1,2,106" ten="239,185,154,422" oya="0" hai0="29,18,77,118,47,11,40,107,87,100,130,59,23" hai1="96,88,80,119,82,53,9,73,17,66,114,108,46" hai2="61,65,93,55,62,92,41,81,38,25,84,115,103" hai3="52,128,44,37,71,117,134,75,105,101,125,60,127"/><T120/><D118/><U36/><E119/><V124/><F115/><W94/><G117/><T21/><D120/><U20/><E108/><V3/><F3/><W43/><G105/><T51/><D130/><U111/><E111/><V30/><F124/><N who="3" m="47691" /><G75/><T91/><D77/><U54/><E66/><V76/><F55/><W67/><G134/><T31/><D100/><U2/><E114/><V122/><F122/><W39/><G94/><N who="0" m="54655" /><D107/><U68/><E68/><V69/><F62/><N who="3" m="40439" /><G101/><T7/><D7/><U22/><E82/><V26/><F103/><W50/><G128/><T132/><D132/><U5/><E17/><V98/><F98/><W74/><G74/><T28/><D59/><AGARI ba="0,0" hai="37,39,43,44,50,52,59,60" m="40439,47691" machi="59" ten="30,7700,0" yaku="18,1,34,2,54,1" doraHai="106" who="3" fromWho="0" sc="239,-77,185,0,154,0,422,77" /><INIT seed="5,0,0,2,5,28" ten="162,185,154,499" oya="1" hai0="83,134,97,46,119,104,124,21,86,8,34,91,105" hai1="60,5,78,20,81,84,133,31,0,12,88,128,45" hai2="121,11,70,52,85,42,102,25,23,113,127,19,39" hai3="111,13,63,101,106,41,114,10,73,51,54,44,100"/><U40/><E133/><V27/><F121/><W50/><G111/><T32/><D119/><U6/><E128/><V29/><F70/><W94/><G73/><T37/><D8/><U4/><E0/><V66/><F66/><W82/><G106/><T2/><D2/><U117/><E117/><V115/><F127/><W17/><G114/><N who="2" m="43529" /><F102/><W130/><G130/><T92/><D124/><U116/><E116/><V55/><F85/><W89/><G63/><T109/><D109/><U118/><E118/><V125/><F125/><W61/><G61/><T48/><D37/><U90/><E60/><V65/><F65/><W67/><G82/><T24/><D134/><U132/><E132/><V93/><F93/><W59/><G67/><T1/><D1/><U99/><E99/><AGARI ba="0,0" hai="10,13,17,41,44,50,51,54,59,89,94,99,100,101" machi="99" ten="30,2000,0" yaku="7,1,8,1" doraHai="28" who="3" fromWho="1" sc="162,0,185,-20,154,0,499,20" /><INIT seed="6,0,0,5,4,75" ten="162,165,154,519" oya="2" hai0="65,111,94,60,116,52,31,36,90,129,85,0,120" hai1="97,87,25,67,37,56,99,89,130,71,19,22,15" hai2="108,103,91,40,121,39,35,102,93,20,84,132,74" hai3="18,62,5,105,17,33,83,98,77,79,50,11,64"/><V135/><F121/><W47/><G33/><T3/><D120/><U23/><E37/><V110/><F35/><W4/><G105/><T124/><D111/><N who="2" m="42538" /><F20/><W104/><G104/><T29/><D36/><U123/><E71/><V86/><F74/><W55/><G83/><T2/><D124/><U80/><E130/><V131/><F131/><W117/><G117/><T81/><D129/><U32/><E32/><V82/><F40/><W100/><G98/><T28/><D116/><U48/><E123/><V24/><F24/><W92/><G92/><T66/><REACH who="0" step="1"/><D94/><REACH who="0" ten="152,165,154,519" step="2"/><U30/><E67/><V95/><F39/><W63/><G100/><N who="2" m="38441" /><F95/><W13/><G17/><T88/><D88/><AGARI ba="0,1" hai="82,84,86,88,91,93,132,135" m="38441,42538" machi="88" ten="30,11600,0" yaku="10,1,34,2,54,1" doraHai="75" who="2" fromWho="0" sc="152,-116,165,0,154,126,519,0" /><INIT seed="6,1,0,1,2,86" ten="36,165,280,519" oya="2" hai0="34,4,25,122,90,116,56,99,57,83,67,30,127" hai1="106,123,129,130,92,45,31,68,59,73,75,5,61" hai2="33,108,53,76,49,103,111,24,94,80,23,0,71" hai3="119,104,84,22,62,42,113,19,79,131,20,38,37"/><V39/><F39/><W134/><G119/><T58/><D122/><U70/><E106/><V101/><F71/><N who="1" m="27177" /><E123/><V133/><F0/><W21/><G104/><T77/><D127/><U117/><E31/><N who="2" m="17823" /><F33/><W9/><G113/><T51/><D116/><U47/><E5/><V115/><F94/><W72/><G131/><N who="1" m="50186" /><E117/><V118/><F118/><W55/><G72/><N who="1" m="27722" /><E92/><V85/><F115/><W18/><G20/><T40/><D4/><U98/><E98/><V82/><F82/><W15/><G55/><AGARI ba="1,0" hai="45,47,55,59,61" m="27722,50186,27177" machi="55" ten="40,1300,0" yaku="19,1" doraHai="86" who="1" fromWho="3" sc="36,0,165,16,280,0,519,-16" /><INIT seed="7,0,0,4,2,36" ten="36,181,280,503" oya="3" hai0="20,85,99,17,93,51,131,125,65,82,105,34,92" hai1="29,63,66,89,95,132,0,84,32,68,50,103,23" hai2="62,55,106,72,78,6,11,130,60,31,57,44,43" hai3="86,8,117,56,91,59,15,96,5,70,35,54,1"/><W129/><G117/><T112/><D34/><U45/><E0/><N who="2" m="455" /><F106/><W88/><G70/><T7/><D7/><U90/><E132/><V107/><F107/><W18/><G35/><T94/><D65/><U119/><E32/><V64/><F31/><W41/><G129/><T123/><D131/><U24/><E119/><V25/><F25/><W128/><G128/><T118/><D118/><U80/><E103/><V104/><F104/><W58/><G41/><T120/><D51/><U2/><E2/><V97/><F97/><W4/><G1/><T122/><D20/><U109/><E109/><V19/><F19/><W10/><G10/><T40/><D17/><U42/><E95/><V14/><F14/><W47/><G96/><T75/><D40/><U46/><E46/><V81/><F130/><W71/><G71/><T134/><D75/><U69/><E69/><V102/><F102/><W121/><G121/><T124/><D134/><U114/><E114/><V79/><F79/><AGARI ba="0,0" hai="23,24,29,42,45,50,63,66,68,79,80,84,89,90" machi="79" ten="30,2000,0" yaku="7,1,52,1" doraHai="36" who="1" fromWho="2" sc="36,0,181,20,280,-20,503,0" owari="36,-46.0,201,-20.0,260,6.0,503,60.0" /></mjloggm>