<mjloggm ver="2.3"><GO type="169" lobby="0"/><UN n0="%61%74%75%6F%68%61%74%61" n1="%E3%83%95%E3%82%A7%E3%83%AB%E3%83%8A%E3%83%B3%E3%83%89" n2="%E3%82%A6%E3%83%AB%E3%83%88%E3%83%A9%E7%AB%8B%E7%9B%B4" n3="%E8%87%AA%E7%A7%B0%E6%9C%80%E5%BC%B7%E9%9B%80%E5%A3%AB%EF%BC%93" dan="16,16,18,17" rate="2085.21,2075.79,2269.83,2232.35" sx="M,M,M,M"/><TAIKYOKU oya="0"/><INIT seed="0,0,0,3,3,0" ten="250,250,250,250" oya="0" hai0="62,30,40,54,85,120,42,78,87,3,45,116,97" hai1="83,21,110,89,79,101,33,43,125,23,44,7,93" hai2="58,88,114,132,104,15,37,26,77,117,98,94,57" hai3="129,51,2,16,6,25,11,91,72,14,38,4,107"/><T48/><D116/><U59/><E33/><V68/><F114/><W109/><G38/><T106/><D120/><U119/><E119/><V102/><F117/><W82/><G107/><T90/><D30/><U73/><E110/><V128/><F37/><W75/><G109/><T133/><D133/><U70/><E70/><V24/><F68/><W36/><G36/><T29/><D29/><U35/><E35/><V60/><F128/><W55/><G129/><T111/><D111/><U84/><E125/><V5/><F77/><W81/><G2/><T76/><D3/><U39/><E59/><V121/><F58/><W103/><G103/><T52/><D106/><U56/><E101/><V92/><F104/><W12/><G25/><T18/><D18/><U134/><E134/><V49/><F49/><W19/><G75/><T63/><D97/><U41/><E41/><N who="0" m="15977" /><D87/><U31/><E31/><V131/><F131/><W100/><G100/><T17/><D17/><N who="3" m="6729" /><G91/><T22/><D22/><U50/><E39/><V80/><F121/><W28/><G28/><T1/><D1/><U8/><REACH who="1" step="1"/><E56/><REACH who="1" ten="250,240,250,250" step="2"/><V47/><F57/><N who="3" m="33023" /><G72/><T96/><D63/><U13/><AGARI ba="0,1" hai="7,8,13,21,23,43,44,50,73,79,83,84,89,93" machi="13" ten="20,5200,0" yaku="1,1,0,1,7,1,52,1,53,0" doraHai="0" doraHaiUra="112" who="1" fromWho="1" sc="250,-26,240,62,250,-13,250,-13" /><INIT seed="1,0,0,2,3,7" ten="224,302,237,237" oya="1" hai0="101,25,36,99,120,48,62,121,89,13,12,74,29" hai1="37,132,33,58,103,129,83,56,63,15,113,128,47" hai2="49,38,66,127,69,8,20,44,109,11,98,45,2" hai3="16,34,3,78,135,88,23,1,5,68,27,21,64"/><U57/><E33/><V79/><F109/><W93/><G34/><T42/><D36/><U30/><E30/><V80/><F127/><W86/><G135/><T24/><D74/><U114/><E103/><V100/><F2/><W51/><G78/><T133/><D89/><U119/><E83/><V94/><F38/><W26/><G5/><T59/><D133/><U105/><E105/><V116/><F116/><W107/><G107/><T65/><D12/><U122/><E132/><V96/><F69/><W14/><G14/><T22/><D25/><U117/><E15/><V18/><F66/><W110/><G110/><T118/><D118/><N who="1" m="45067" /><E122/><V84/><F98/><W10/><G10/><N who="2" m="3625" /><F49/><W131/><G131/><N who="1" m="50250" /><E63/><V70/><F70/><W61/><REACH who="3" step="1"/><G51/><REACH who="3" ten="224,302,237,227" step="2"/><T108/><D108/><U0/><E0/><V123/><F123/><W95/><G95/><N who="0" m="58623" /><D13/><AGARI ba="0,1" hai="13,18,20,44,45,79,80,84,94,96,100" m="3625" machi="13" ten="30,7700,0" yaku="8,1,52,3" doraHai="7" who="2" fromWho="0" sc="224,-77,302,0,237,87,227,0" /><INIT seed="2,0,0,0,2,44" ten="147,302,324,227" oya="2" hai0="133,53,57,131,87,123,16,115,15,22,10,84,52" hai1="100,105,30,54,110,98,91,93,33,59,0,72,96" hai2="66,92,82,24,5,12,126,13,31,83,17,41,48" hai3="68,47,63,76,89,109,120,20,86,97,51,32,55"/><V1/><F126/><W101/><G32/><T35/><D35/><U113/><E110/><V18/><F66/><W102/><G109/><T119/><D123/><U132/><E132/><V25/><F92/><W58/><G120/><T21/><D115/><U75/><E113/><V73/><F73/><W9/><G68/><T85/><D133/><U46/><E0/><V125/><F125/><W36/><G36/><T3/><D131/><U114/><E114/><V116/><F116/><W107/><G9/><T88/><D119/><U106/><E106/><V80/><F1/><W122/><G122/><T39/><D39/><U69/><E46/><N who="2" m="25679" /><F5/><W135/><G135/><T79/><D79/><U134/><E134/><V104/><F31/><W121/><G121/><T70/><D70/><U28/><E28/><V29/><F29/><W45/><G45/><T81/><D53/><U11/><E11/><N who="2" m="6303" /><F104/><W117/><G117/><T6/><REACH who="0" step="1"/><D21/><AGARI ba="0,0" hai="13,18,21,24,25,80,82,83" m="6303,25679" machi="21" ten="30,2900,0" yaku="8,1,52,1" doraHai="44" who="2" fromWho="0" sc="147,-29,302,0,324,29,227,0" /><INIT seed="2,1,0,1,3,47" ten="118,302,353,227" oya="2" hai0="54,92,53,24,82,128,28,44,113,56,99,129,52" hai1="81,85,70,46,97,132,121,40,5,39,109,65,90" hai2="93,37,106,133,101,8,50,119,72,134,107,26,67" hai3="78,66,89,57,63,21,17,87,96,45,77,2,22"/><V14/><F37/><W79/><G2/><T68/><D68/><U62/><E109/><V118/><F72/><W104/><G104/><T4/><D113/><U112/><E112/><V64/><F26/><W84/><G22/><T111/><D111/><U10/><E132/><V6/><F93/><N who="3" m="56367" /><G45/><T32/><D4/><U127/><E127/><V110/><F110/><W131/><G131/><N who="0" m="50251" /><D44/><U100/><E121/><V25/><F25/><AGARI ba="1,0" hai="17,21,25,57,63,66,77,78,79,84,87" m="56367" machi="25" ten="30,1000,0" yaku="8,1" doraHai="47" who="3" fromWho="2" sc="118,0,302,0,353,-13,227,13" /><INIT seed="3,0,0,4,5,78" ten="118,302,340,240" oya="3" hai0="93,43,95,23,132,65,125,0,60,131,61,91,92" hai1="101,59,85,47,114,5,130,107,128,67,117,18,56" hai2="54,82,116,21,102,1,135,80,36,100,134,37,110" hai3="81,57,10,15,46,42,124,104,25,79,108,45,73"/><W19/><G104/><T83/><D0/><U96/><E114/><V28/><F1/><W123/><G123/><T20/><D132/><N who="2" m="50730" /><F116/><W11/><G124/><T69/><D125/><U94/><E117/><V26/><F54/><W76/><G108/><T109/><D109/><U17/><E5/><V71/><F71/><W87/><G25/><T88/><D131/><N who="1" m="50219" /><E47/><V27/><F110/><W2/><G2/><T12/><D43/><U86/><E86/><V7/><F7/><W55/><G10/><T33/><D33/><U29/><E29/><V9/><F9/><W49/><G73/><T24/><D61/><N who="1" m="38311" /><E59/><V50/><F50/><W129/><G129/><T72/><D12/><U89/><AGARI ba="0,0" hai="17,18,85,89,94,96,101,107" m="38311,50219" machi="89" ten="30,1100,0" yaku="19,1" doraHai="78" who="1" fromWho="1" sc="118,-3,302,11,340,-3,240,-5" /><INIT seed="4,0,0,2,0,78" ten="115,313,337,235" oya="0" hai0="55,85,17,113,23,41,102,39,91,27,99,9,50" hai1="76,30,133,12,75,66,7,120,11,26,92,107,89" hai2="40,112,49,108,44,67,20,10,35,3,82,110,131" hai3="6,93,2,34,65,64,42,46,104,24,84,5,117"/><T126/><D113/><U72/><E120/><V81/><F35/><W95/><G117/><T106/><D126/><U69/><E107/><V51/><F67/><W71/><G104/><T134/><D134/><U32/><E133/><V105/><F105/><W86/><G34/><T52/><D39/><U43/><E43/><V60/><F60/><W114/><G114/><T77/><D77/><U101/><E101/><V53/><F112/><W48/><G24/><T14/><D41/><U61/><REACH who="1" step="1"/><E76/><REACH who="1" ten="115,303,337,235" step="2"/><V116/><F40/><W128/><G128/><T94/><REACH who="0" step="1"/><D50/><REACH who="0" ten="105,303,337,235" step="2"/><U111/><E111/><V98/><F51/><W15/><G48/><T80/><D80/><U25/><E25/><V31/><F82/><W132/><G42/><T21/><D21/><U122/><E122/><V16/><F81/><W56/><G132/><T29/><AGARI ba="0,2" hai="9,14,17,23,27,29,52,55,85,91,94,99,102,106" machi="29" ten="20,12000,1" yaku="1,1,0,1,7,1,54,1,53,1" doraHai="78" doraHaiUra="100" who="0" fromWho="0" sc="105,140,303,-40,337,-40,235,-40" /><INIT seed="4,1,0,0,4,31" ten="245,263,297,195" oya="0" hai0="117,81,84,59,62,18,78,4,131,2,25,34,93" hai1="110,39,58,41,69,5,12,82,106,35,15,56,124" hai2="74,20,11,40,125,10,54,51,57,90,104,123,17" hai3="76,52,13,42,28,83,122,77,79,30,116,14,73"/><T109/><D117/><U67/><E110/><V49/><F123/><W133/><G116/><T50/><D109/><U127/><E69/><V132/><F104/><W29/><G133/><T100/><D131/><U134/><E134/><V115/><F74/><W80/><G122/><T16/><D50/><U60/><E106/><V98/><F132/><W46/><G73/><T87/><D4/><U66/><E82/><N who="3" m="31274" /><G42/><T105/><D105/><U126/><E5/><V118/><F115/><W27/><G27/><T70/><D70/><U108/><E108/><V101/><F101/><W111/><G111/><T130/><D2/><U37/><E35/><V120/><F125/><W33/><G33/><T71/><D71/><U91/><E91/><V1/><F1/><W3/><G3/><T99/><D87/><U21/><E41/><V6/><F6/><W92/><G92/><T7/><D7/><U119/><E119/><V48/><F120/><W88/><G88/><T121/><D121/><U114/><E114/><V22/><F118/><W32/><G32/><T64/><REACH who="0" step="1"/><D130/><REACH who="0" ten="235,263,297,195" step="2"/><U38/><E38/><V23/><F49/><AGARI ba="1,1" hai="13,14,28,29,30,46,49,52,76,77,79" m="31274" machi="49" ten="40,2600,0" yaku="8,1,54,1" doraHai="31" who="3" fromWho="2" sc="235,0,263,0,297,-29,195,39" /><INIT seed="5,0,0,5,4,108" ten="235,263,268,234" oya="1" hai0="47,93,39,120,71,111,112,75,74,7,115,35,94" hai1="36,103,5,114,52,33,130,105,0,85,101,13,41" hai2="65,10,125,129,44,54,15,56,119,84,133,109,17" hai3="42,6,27,21,82,43,121,37,70,30,18,16,28"/><U91/><E0/><V124/><F109/><W24/><G70/><T48/><D111/><U116/><E116/><V72/><F72/><N who="0" m="27690" /><D71/><U131/><E33/><V23/><F119/><W135/><G121/><T77/><D35/><U34/><E34/><V123/><F123/><W22/><G37/><T88/><D77/><U58/><E41/><V98/><F129/><N who="1" m="49161" /><E36/><V102/><F133/><W53/><G135/><T87/><D39/><U46/><E46/><V90/><F65/><W92/><G6/><T76/><D76/><U79/><E79/><V96/><F10/><W26/><G82/><T83/><D7/><U118/><E118/><V104/><F44/><W97/><G53/><N who="0" m="29855" /><D120/><U62/><E13/><V110/><F98/><W55/><G55/><T127/><D127/><U126/><E126/><V67/><F67/><W12/><G42/><T1/><D1/><U3/><E3/><V2/><F2/><W113/><G43/><T78/><D78/><U61/><E5/><V86/><F110/><W69/><G69/><T80/><D80/><N who="1" m="49575" /><E62/><V57/><F125/><W107/><G12/><T100/><D100/><N who="1" m="38475" /><E105/><V81/><F124/><W4/><G107/><T128/><D128/><U89/><E89/><N who="2" m="51343" /><F54/><W73/><G4/><T9/><D9/><U59/><E58/><V25/><F15/><W45/><G45/><T40/><D40/><U19/><E19/><V11/><F11/><W106/><G106/><T64/><D64/><U38/><E38/><V8/><F8/><W122/><G27/><T132/><D132/><U50/><E61/><V99/><F104/><W60/><G122/><RYUUKYOKU ba="0,0" sc="235,15,263,15,268,-15,234,-15" hai0="83,87,88,93,94,112,115" hai1="50,52,59,114" /><INIT seed="5,1,0,1,1,86" ten="250,278,253,219" oya="1" hai0="102,100,25,58,94,111,39,61,81,7,45,31,126" hai1="74,15,72,105,118,10,46,106,68,16,80,53,71" hai2="121,19,96,107,88,89,17,109,1,8,123,117,6" hai3="2,112,64,62,73,27,114,98,34,83,128,116,12"/><U84/><E118/><V115/><F117/><W132/><G2/><T33/><D111/><U133/><E133/><V99/><F109/><W85/><G116/><T87/><D126/><U11/><E106/><V135/><F135/><W101/><G73/><T22/><D7/><U30/><E105/><V95/><F115/><N who="3" m="44075" /><G132/><T69/><D69/><U125/><E125/><V60/><F60/><W97/><G128/><T113/><D113/><U134/><E134/><V52/><F52/><W56/><G101/><T38/><D33/><U92/><E30/><V37/><F37/><W91/><G12/><T110/><D110/><U93/><E71/><V3/><F107/><W120/><G120/><T28/><D28/><AGARI ba="1,0" hai="27,28,34,56,62,64,83,85,91,97,98" m="44075" machi="28" ten="30,2000,0" yaku="15,1,52,1" doraHai="86" who="3" fromWho="0" sc="250,-23,278,0,253,0,219,23" /><INIT seed="6,0,0,1,3,92" ten="227,278,253,242" oya="2" hai0="110,54,79,115,32,63,8,105,38,106,71,72,27" hai1="49,4,68,113,34,1,19,134,50,53,30,93,46" hai2="69,14,51,0,102,74,90,118,83,86,94,112,70" hai3="36,99,121,100,75,11,73,96,2,130,77,21,41"/><V98/><F0/><W3/><G121/><T111/><D110/><U13/><E68/><V114/><F118/><W120/><G120/><T128/><D111/><U24/><E113/><N who="2" m="43627" /><F51/><W64/><G64/><T123/><D123/><U82/><E134/><V23/><F74/><W85/><G41/><T48/><D115/><U131/><E131/><V65/><F65/><W88/><G36/><T25/><D38/><U109/><E109/><V67/><F67/><W55/><G130/><T7/><D71/><N who="2" m="27146" /><F23/><W31/><G55/><T15/><D63/><U127/><E50/><V22/><F22/><W40/><G40/><T62/><D62/><U78/><E1/><V101/><F14/><W80/><G3/><T18/><D128/><U37/><E37/><V56/><F56/><W52/><G52/><T43/><D43/><U20/><E53/><V28/><F28/><W9/><G73/><T97/><D72/><U58/><E58/><V125/><F125/><W107/><G2/><T133/><D133/><U47/><E49/><V129/><F129/><W5/><G5/><T10/><D32/><U135/><E4/><V33/><F33/><W126/><G126/><T29/><D29/><U103/><E135/><V76/><AGARI ba="0,0" hai="76,83,86,90,94,98,101,102" m="27146,43627" machi="76" ten="30,3000,0" yaku="15,1,52,1" doraHai="92" who="2" fromWho="2" sc="227,-10,278,-10,253,30,242,-10" /><INIT seed="6,1,0,2,3,117" ten="217,268,283,232" oya="2" hai0="19,31,108,57,95,75,96,8,23,114,97,17,77" hai1="12,34,129,52,100,121,122,10,86,88,87,15,24" hai2="42,81,104,92,72,85,48,56,99,79,29,131,20" hai3="18,118,111,133,83,54,49,4,51,37,66,93,89"/><V47/><F131/><W130/><G118/><T63/><D108/><U103/><E129/><V39/><F39/><W22/><G37/><T50/><D114/><U25/><E34/><V59/><F104/><W105/><G105/><T55/><D75/><U41/><E41/><V35/><F35/><W28/><G111/><T125/><D125/><U60/><E60/><V98/><F72/><W3/><G133/><T78/><D97/><N who="2" m="36874" /><F92/><W61/><G130/><T120/><D120/><N who="1" m="46187" /><E87/><V44/><F44/><W36/><G36/><T71/><D71/><U11/><E15/><V134/><F134/><W107/><G107/><T112/><D112/><U101/><E52/><V33/><F33/><W113/><G54/><T110/><D110/><U106/><E106/><V65/><F65/><W68/><G66/><T126/><D126/><U94/><E11/><V91/><F79/><N who="0" m="30218" /><D63/><U76/><E76/><V124/><F124/><W45/><G61/><T73/><D8/><U7/><AGARI ba="1,0" hai="7,10,12,24,25,86,88,94,100,101,103" m="46187" machi="7" ten="30,8000,1" yaku="13,1,52,3,54,1" doraHai="117" who="1" fromWho="1" sc="217,-21,268,83,283,-41,232,-21" /><INIT seed="7,0,0,1,3,108" ten="196,351,242,211" oya="3" hai0="81,95,60,93,133,100,23,36,55,120,45,101,64" hai1="39,4,57,25,107,123,97,126,8,114,50,75,71" hai2="111,76,130,72,30,52,70,65,67,17,129,132,32" hai3="124,78,127,115,112,9,102,6,19,84,44,77,86"/><W92/><G19/><T85/><D120/><U54/><E39/><V2/><F2/><W62/><G62/><T35/><D35/><U119/><E71/><V99/><F17/><W63/><G63/><T34/><D34/><U135/><E75/><V83/><F70/><W31/><G31/><T117/><D117/><U89/><E123/><V1/><F1/><W11/><G44/><T29/><D133/><U109/><E109/><V68/><F132/><W43/><G43/><T53/><D36/><U96/><E119/><V13/><F13/><W37/><G37/><T47/><D60/><U14/><E126/><N who="3" m="48170" /><G102/><N who="0" m="39531" /><D64/><U51/><E51/><V61/><F67/><W46/><G46/><N who="0" m="17419" /><D23/><U0/><E50/><V128/><F68/><W80/><G92/><N who="0" m="35403" /><D29/><U87/><E14/><V18/><F30/><W28/><G28/><T113/><D113/><N who="3" m="43593" /><G6/><T24/><D24/><U3/><E114/><V74/><F61/><W48/><G48/><T22/><D22/><U82/><E4/><V118/><F32/><W134/><G134/><T49/><D49/><U106/><E135/><V7/><F7/><W88/><G84/><T21/><D21/><U41/><E41/><V20/><F20/><W91/><G77/><AGARI ba="0,0" hai="53,55,77,81,85" m="35403,17419,39531" machi="77" ten="30,1000,0" yaku="8,1" doraHai="108" who="0" fromWho="3" sc="196,10,351,0,242,0,211,-10" owari="206,-19.0,351,45.0,242,4.0,201,-30.0" /></mjloggm>