<mjloggm ver="2.3"><GO type="169" lobby="0"/><UN n0="%E8%87%AA%E7%A7%B0%E6%9C%80%E5%BC%B7%E9%9B%80%E5%A3%AB%EF%BC%93" n1="%E3%82%84%E3%81%B7%E3%83%BC" n2="%E3%82%A6%E3%83%AB%E3%83%88%E3%83%A9%E7%AB%8B%E7%9B%B4" n3="%5A%75%74%74%61%6B%61" dan="17,16,18,17" rate="2226.02,2031.21,2281.43,2202.18" sx="M,M,M,M"/><TAIKYOKU oya="0"/><INIT seed="0,0,0,0,0,61" ten="250,250,250,250" oya="0" hai0="72,104,84,6,121,122,90,83,105,109,30,119,75" hai1="71,26,67,24,78,2,94,28,29,115,65,116,99" hai2="79,128,23,35,110,86,11,42,76,32,124,3,9" hai3="88,98,130,114,89,93,97,47,27,59,46,45,5"/><T96/><D6/><U77/><E116/><V120/><F120/><N who="0" m="46186" /><D30/><U95/><E2/><V68/><F86/><W34/><G130/><T4/><D4/><U132/><E71/><V85/><F85/><W82/><G114/><T87/><D119/><U7/><E7/><V103/><F68/><W112/><G112/><T111/><D84/><U52/><E115/><V50/><F23/><W33/><G82/><T108/><D96/><U107/><E107/><AGARI ba="0,0" hai="72,75,83,87,90,104,105,107,108,109,111" m="46186" machi="107" ten="40,12000,1" yaku="14,1,10,1,34,2" doraHai="61" who="0" fromWho="1" sc="250,120,250,-120,250,0,250,0" /><INIT seed="0,1,0,5,2,10" ten="370,130,250,250" oya="0" hai0="123,120,65,46,85,20,109,2,117,70,89,3,64" hai1="75,25,24,133,40,9,88,23,95,66,22,131,128" hai2="47,44,108,72,101,19,67,134,1,97,76,78,13" hai3="6,119,37,71,79,91,32,104,55,69,121,59,116"/><T135/><D117/><U7/><E75/><V82/><F1/><W35/><G37/><T105/><D105/><U31/><E133/><V100/><F108/><W58/><G79/><T14/><D135/><U68/><E40/><V63/><F78/><W92/><G104/><T38/><D109/><U93/><E66/><V0/><F0/><W17/><G6/><T12/><D38/><U90/><E68/><V126/><F126/><W61/><G121/><T110/><D110/><U53/><E53/><V124/><F124/><W26/><G71/><T132/><D132/><U18/><E95/><V125/><F134/><W28/><G69/><T48/><D3/><U5/><E5/><V73/><F73/><W127/><G127/><T49/><D2/><U36/><E36/><V111/><F111/><W30/><G59/><T52/><D70/><U99/><REACH who="1" step="1"/><E90/><REACH who="1" ten="370,120,250,250" step="2"/><V33/><F72/><W103/><G103/><T45/><D120/><U113/><E113/><V96/><F101/><W21/><G119/><T62/><D123/><U50/><E50/><V34/><F100/><W27/><G116/><T94/><D62/><U15/><AGARI ba="1,1" hai="7,9,15,18,22,23,24,25,31,88,93,99,128,131" machi="15" ten="30,7900,0" yaku="1,1,0,1,52,1,54,1,53,0" doraHai="10" doraHaiUra="57" who="1" fromWho="1" sc="370,-40,120,92,250,-21,250,-21" /><INIT seed="1,0,0,2,3,35" ten="330,212,229,229" oya="1" hai0="25,97,58,59,114,50,112,36,23,30,130,122,128" hai1="98,39,7,92,69,41,99,132,37,107,125,12,26" hai2="28,87,93,103,105,15,51,75,29,22,121,2,116" hai3="10,133,82,134,117,88,79,18,34,14,5,11,70"/><U83/><E69/><V47/><F116/><W16/><G117/><T43/><D36/><U135/><E26/><V55/><F75/><W27/><G70/><T86/><D122/><U24/><E24/><V100/><F2/><W76/><G79/><T67/><D86/><U32/><E32/><V40/><F121/><W68/><G68/><T91/><D91/><U95/><E107/><V80/><F105/><W3/><G88/><T131/><D97/><U102/><E125/><V13/><F40/><W106/><G106/><T78/><D78/><U8/><E83/><V9/><F22/><W85/><REACH who="3" step="1"/><G18/><REACH who="3" ten="330,212,229,219" step="2"/><T4/><D4/><U33/><E95/><V74/><F93/><W66/><G66/><T115/><D67/><U20/><E99/><V63/><F100/><W90/><G90/><T46/><AGARI ba="0,1" hai="23,25,30,43,46,50,58,59,112,114,115,128,130,131" machi="46" ten="40,2700,0" yaku="0,1,19,1" doraHai="35" who="0" fromWho="0" sc="330,37,212,-13,229,-7,219,-7" /><INIT seed="2,0,0,3,3,34" ten="367,199,222,212" oya="2" hai0="50,125,96,99,110,37,3,4,134,85,72,46,30" hai1="69,65,42,29,6,88,64,7,131,22,68,105,54" hai2="86,95,15,5,104,0,119,35,132,126,113,94,133" hai3="90,36,74,130,135,118,84,17,103,92,51,31,115"/><V44/><F113/><W38/><G118/><T107/><D72/><U116/><E116/><V20/><F119/><W55/><G115/><T25/><D37/><U13/><E105/><V106/><F35/><W124/><G124/><T71/><D71/><U123/><E42/><V1/><F126/><W19/><G135/><N who="2" m="51785" /><F44/><W77/><G130/><T101/><D134/><U52/><E131/><V16/><F5/><N who="1" m="1545" /><E69/><V43/><F43/><W56/><G31/><T24/><D125/><U121/><E68/><V66/><F66/><N who="1" m="25705" /><E29/><V57/><F57/><W26/><G103/><T12/><D96/><U128/><E128/><V102/><F94/><W79/><G74/><T53/><D110/><U28/><E28/><V80/><F95/><W45/><G38/><T83/><D12/><U59/><E59/><V39/><F39/><W63/><G36/><T62/><D62/><U98/><E123/><V111/><F111/><W129/><G129/><T48/><D30/><U122/><E122/><V8/><F8/><W117/><G117/><T10/><REACH who="0" step="1"/><D48/><REACH who="0" ten="357,199,222,212" step="2"/><U67/><E121/><V120/><F120/><W41/><G26/><T58/><D58/><U97/><E97/><N who="2" m="61519" /><F106/><W109/><G109/><T81/><D81/><U60/><E60/><V23/><F23/><W100/><G100/><T9/><D9/><U78/><E22/><V73/><F73/><W108/><G108/><T49/><D49/><U75/><E75/><V14/><F14/><W76/><AGARI ba="0,1" hai="17,19,41,45,51,55,56,63,76,77,79,84,90,92" machi="76" ten="30,2000,0" yaku="0,1,8,1" doraHai="34" who="3" fromWho="3" sc="357,-5,199,-5,222,-10,212,30" /><INIT seed="3,0,0,1,4,20" ten="352,194,212,242" oya="3" hai0="9,71,103,56,106,7,107,135,96,130,31,19,102" hai1="48,86,80,118,134,101,41,100,104,114,88,120,46" hai2="22,81,15,94,35,51,124,29,2,127,30,42,38" hai3="119,14,32,98,121,5,75,125,97,87,92,128,93"/><W123/><G32/><T34/><D71/><U82/><E114/><V116/><F38/><W50/><G119/><T13/><D135/><U79/><E120/><V12/><F2/><W1/><G1/><T6/><D130/><U90/><E134/><V39/><F39/><W64/><G75/><T0/><D0/><U131/><E118/><V112/><F35/><W132/><G132/><T49/><D49/><U60/><E131/><V26/><F116/><W61/><G128/><T52/><D34/><U24/><E104/><V11/><F112/><W23/><G125/><N who="2" m="48201" /><F81/><W47/><G87/><T108/><D108/><U55/><E90/><V65/><F65/><W78/><G78/><T21/><D107/><U117/><E117/><V36/><F36/><W129/><G129/><T109/><D103/><U110/><E110/><V83/><F83/><W45/><G5/><T85/><D85/><U62/><E24/><N who="2" m="16535" /><F94/><W67/><G14/><N who="2" m="5161" /><F11/><W57/><G23/><T3/><D3/><U28/><E80/><V43/><F51/><W74/><G74/><T66/><D66/><U58/><E79/><V59/><F59/><W105/><G105/><T73/><D73/><U68/><E68/><V70/><F70/><W126/><G126/><T95/><D106/><U4/><E62/><V133/><F133/><W122/><G67/><T63/><D109/><U77/><E77/><V111/><F111/><W113/><G113/><T10/><D10/><U99/><E82/><V33/><AGARI ba="0,0" hai="26,30,33,42,43" m="5161,16535,48201" machi="33" ten="30,4000,0" yaku="18,1,52,2" doraHai="20" who="2" fromWho="2" sc="352,-10,194,-10,212,40,242,-20" /><INIT seed="4,0,0,5,5,63" ten="342,184,252,222" oya="0" hai0="108,61,69,116,34,110,102,88,83,96,86,65,122" hai1="123,50,56,7,46,33,71,58,128,52,57,59,72" hai2="24,131,15,9,17,43,60,129,32,35,77,125,118" hai3="27,14,37,19,20,95,68,135,31,103,11,113,115"/><T10/><D116/><U74/><E33/><N who="2" m="12875" /><F43/><W6/><G37/><T16/><D34/><U93/><E7/><V100/><F100/><W85/><G135/><T107/><REACH who="0" step="1"/><D122/><REACH who="0" ten="332,184,252,222" step="2"/><U105/><E123/><V4/><F118/><W127/><G115/><T121/><D121/><U80/><E128/><V134/><F134/><W87/><G113/><T28/><D28/><U126/><E126/><V79/><F125/><W119/><G127/><T8/><D8/><U1/><E74/><V109/><F9/><W130/><G130/><T112/><D112/><U133/><E72/><V82/><F131/><W73/><G73/><T41/><D41/><U21/><E133/><V91/><F129/><W106/><G119/><T81/><D81/><U44/><E80/><V90/><F82/><W36/><G31/><T78/><D78/><U25/><E21/><V89/><F79/><W2/><G20/><T55/><D55/><U13/><E52/><V23/><F77/><W75/><G75/><T94/><D94/><U22/><E93/><V53/><F53/><W104/><G95/><T101/><D101/><U18/><E22/><V64/><F23/><W48/><G103/><T67/><D67/><U49/><E25/><V26/><F24/><W45/><G27/><T5/><D5/><U120/><E120/><V84/><F26/><W30/><G30/><T51/><D51/><U114/><E49/><V3/><F4/><W97/><G6/><T42/><D42/><U47/><E114/><V12/><F64/><W124/><G48/><T98/><D98/><U76/><E50/><V54/><F54/><RYUUKYOKU ba="0,1" sc="332,30,184,-10,252,-10,222,-10" hai0="10,16,61,65,69,83,86,88,96,102,107,108,110" /><INIT seed="4,1,1,3,0,111" ten="362,174,242,212" oya="0" hai0="15,51,124,106,90,70,98,55,75,108,57,126,25" hai1="91,105,88,52,48,42,128,125,49,77,74,24,131" hai2="135,115,30,134,68,127,62,63,40,71,41,129,36" hai3="7,60,100,3,64,33,65,17,21,54,58,5,93"/><T56/><D75/><U104/><E77/><V29/><F36/><W47/><G33/><T76/><D70/><U133/><E74/><V44/><F44/><W130/><G130/><N who="1" m="49706" /><E125/><N who="0" m="48233" /><D76/><U61/><E133/><V120/><F127/><W123/><G123/><T10/><D108/><U67/><E24/><V132/><F129/><W87/><G3/><T39/><D39/><U109/><E109/><V23/><F23/><W118/><G118/><T59/><D25/><U80/><E42/><N who="2" m="16491" /><F115/><W20/><G20/><T38/><D38/><U11/><E11/><V113/><F113/><W53/><G65/><T97/><D90/><N who="1" m="34347" /><E80/><V69/><F120/><W37/><G87/><T79/><D79/><U6/><E6/><N who="3" m="2058" /><G47/><N who="0" m="28159" /><D106/><N who="1" m="41067" /><E52/><N who="3" m="20074" /><G37/><T13/><D13/><U18/><E18/><AGARI ba="1,1" hai="10,15,18,56,57,59,97,98" m="28159,48233" machi="18" ten="30,1500,0" yaku="18,1" doraHai="111" who="0" fromWho="1" sc="362,28,174,-18,242,0,212,0" /><INIT seed="4,2,0,0,3,57" ten="390,156,242,212" oya="0" hai0="95,75,109,79,134,100,39,6,86,40,18,31,72" hai1="129,4,23,2,103,91,74,35,34,42,10,105,118" hai2="106,116,20,43,92,27,0,117,15,77,127,49,21" hai3="80,44,112,69,60,52,130,19,9,22,111,85,13"/><T67/><D31/><U90/><E118/><V28/><F106/><W96/><G111/><T3/><D109/><U102/><E74/><V17/><F77/><W63/><G112/><T99/><D134/><U119/><E119/><N who="2" m="45643" /><F92/><W115/><G115/><T81/><D18/><U84/><E42/><V120/><F43/><W66/><G130/><T45/><D67/><U32/><E129/><V25/><F49/><N who="3" m="28711" /><G69/><T8/><AGARI ba="2,0" hai="3,6,8,39,40,45,72,75,79,81,86,95,99,100" machi="8" ten="30,1500,0" yaku="0,1" doraHai="57" who="0" fromWho="0" sc="390,21,156,-7,242,-7,212,-7" /><INIT seed="4,3,0,2,3,48" ten="411,149,235,205" oya="0" hai0="41,130,27,75,61,67,97,119,32,91,2,113,65" hai1="52,101,85,73,117,24,13,43,55,72,86,127,15" hai2="124,77,129,59,118,114,36,88,135,90,3,70,22" hai3="98,30,35,71,47,78,133,112,64,84,6,109,51"/><T100/><D119/><U34/><E117/><V37/><F118/><W0/><G109/><T23/><D2/><U19/><E43/><V80/><F70/><W122/><G133/><T63/><D75/><U1/><E1/><V132/><F3/><W16/><G112/><T99/><D32/><U25/><E101/><V102/><F102/><W105/><G122/><T103/><D113/><U111/><E34/><V44/><F114/><W116/><G116/><T94/><D41/><U54/><E111/><V4/><F4/><W107/><G84/><N who="1" m="32362" /><E19/><V69/><F69/><W40/><G78/><T104/><D130/><U20/><E20/><V33/><F22/><W11/><G98/><T83/><D83/><U26/><E127/><V29/><F124/><W74/><G74/><AGARI ba="3,0" hai="13,15,24,25,26,52,54,55,72,73,74" m="32362" machi="74" ten="40,12000,2" yaku="28,2,52,3,54,1" doraHai="48" who="1" fromWho="3" sc="411,0,149,129,235,0,205,-129" /><INIT seed="5,0,0,5,1,101" ten="411,278,235,76" oya="1" hai0="133,67,5,79,55,40,110,75,35,21,115,17,39" hai1="86,85,98,33,92,72,54,111,78,15,109,70,14" hai2="56,52,100,12,0,77,126,103,43,41,27,8,57" hai3="129,80,22,9,48,29,90,10,74,2,84,38,58"/><U37/><E33/><V122/><F0/><W87/><G38/><T34/><D110/><U83/><E70/><V117/><F117/><W30/><G74/><T113/><D5/><U97/><E37/><V19/><F122/><W47/><G129/><T25/><D67/><U23/><E54/><V66/><F77/><W42/><G2/><T94/><D133/><U62/><E62/><N who="2" m="38223" /><F126/><W125/><G125/><T1/><D1/><U107/><E14/><V45/><F27/><W134/><G134/><T76/><D94/><U131/><E23/><V26/><F26/><W46/><G47/><N who="0" m="23967" /><D55/><U114/><E15/><V135/><F135/><W116/><G116/><T20/><D75/><U53/><E53/><V106/><F106/><W119/><G119/><T59/><D59/><U50/><E50/><N who="2" m="26943" /><F41/><W68/><G68/><T61/><D61/><AGARI ba="0,0" hai="8,12,19,52,56,61,100,103" m="26943,38223" machi="61" ten="30,2000,0" yaku="8,1,54,1" doraHai="101" who="2" fromWho="0" sc="411,-20,278,0,235,20,76,0" /><INIT seed="6,0,0,0,2,127" ten="391,278,255,76" oya="2" hai0="97,4,74,7,39,124,100,36,53,95,70,132,79" hai1="64,102,26,20,50,103,58,112,31,110,68,85,121" hai2="94,116,18,33,88,30,27,120,119,133,61,25,0" hai3="54,16,86,76,101,42,49,57,93,38,59,40,117"/><V55/><F0/><W69/><G117/><T135/><D70/><U23/><E110/><V84/><F120/><W81/><G69/><T24/><D124/><U11/><E112/><V82/><F133/><N who="0" m="51274" /><D24/><U5/><E121/><V80/><F80/><W19/><G38/><N who="0" m="14379" /><D53/><N who="1" m="32055" /><E64/><V131/><F131/><W60/><G42/><T9/><D9/><U2/><E2/><V12/><F27/><W51/><G49/><T115/><D115/><U104/><E104/><V89/><F55/><W6/><G6/><T29/><D29/><U3/><E3/><V130/><F130/><W129/><G129/><T22/><D22/><U92/><E23/><V75/><F61/><W43/><G43/><T125/><D125/><U35/><E35/><V113/><F113/><W106/><G106/><T128/><D128/><U48/><E48/><V99/><REACH who="2" step="1"/><F75/><REACH who="2" ten="391,278,245,76" step="2"/><W108/><G108/><T90/><D100/><U15/><E68/><V44/><F44/><W111/><G111/><T73/><D74/><U83/><E83/><AGARI ba="0,1" hai="4,7,73,79,83,90,95,97" m="14379,51274" machi="83" ten="30,1000,0" yaku="20,1" doraHai="127" who="0" fromWho="1" sc="391,20,278,-10,245,0,76,0" /><INIT seed="7,0,0,5,0,127" ten="411,268,245,76" oya="3" hai0="80,22,63,86,32,112,106,28,14,120,73,105,45" hai1="47,118,57,131,117,101,78,7,65,13,100,77,133" hai2="58,72,113,104,95,110,0,55,30,97,39,111,9" hai3="60,20,5,52,121,75,84,98,56,71,81,24,128"/><W91/><G121/><T2/><D73/><U64/><E47/><V29/><F104/><W108/><G108/><T132/><D2/><U90/><E90/><V69/><F69/><W51/><G75/><T67/><D120/><U74/><E74/><V83/><F39/><W87/><G5/><T42/><D112/><U46/><E46/><V125/><F113/><W103/><G87/><T115/><D32/><U89/><E89/><V53/><F125/><W61/><G71/><T93/><D115/><U135/><E13/><V62/><F53/><W44/><G128/><T124/><D124/><U59/><E7/><V17/><F30/><W41/><G61/><T119/><D119/><U107/><E107/><V16/><F29/><W68/><G68/><T35/><D35/><U43/><E43/><V99/><F99/><W102/><REACH who="3" step="1"/><G98/><REACH who="3" ten="411,268,245,66" step="2"/><T50/><D63/><U6/><E6/><N who="2" m="1223" /><F111/><W116/><G116/><T129/><D86/><U96/><E96/><V40/><F110/><W21/><G21/><T54/><D22/><U134/><E134/><V36/><F72/><W37/><G37/><T11/><D132/><U26/><E131/><V1/><F36/><W94/><G94/><T66/><D93/><U31/><E135/><V130/><F130/><W18/><AGARI ba="0,1" hai="18,20,24,41,44,51,52,56,60,81,84,91,102,103" machi="18" ten="20,18000,2" yaku="1,1,0,1,7,1,8,1,54,1,53,1" doraHai="127" doraHaiUra="76" who="3" fromWho="3" sc="411,-60,268,-60,245,-60,66,190" /><INIT seed="7,1,0,2,4,49" ten="351,208,185,256" oya="3" hai0="127,76,20,74,132,26,64,81,112,85,29,50,10" hai1="83,48,39,115,105,34,126,54,55,134,87,121,130" hai2="62,28,118,51,102,104,57,18,67,129,59,8,72" hai3="122,44,101,120,77,42,52,110,17,95,88,6,19"/><W100/><G110/><T113/><D132/><U30/><E121/><V58/><F118/><W103/><G77/><T13/><D127/><U119/><E39/><V16/><F72/><W78/><G78/><T111/><D111/><U53/><E134/><V35/><F129/><W38/><G6/><T106/><D106/><U12/><E105/><V89/><F104/><W27/><G19/><N who="2" m="7209" /><F35/><W73/><G73/><T11/><D74/><U25/><E130/><V125/><F125/><W92/><G95/><T128/><D128/><U107/><E107/><V45/><F102/><W63/><G17/><T93/><D64/><U135/><E126/><V90/><F28/><W131/><G27/><T91/><D50/><U24/><E135/><V56/><F8/><W82/><G82/><T22/><D22/><N who="1" m="15671" /><E24/><V94/><F94/><W65/><G131/><T37/><D37/><U61/><E34/><V98/><F98/><W71/><G122/><T41/><D41/><U2/><E2/><V14/><F14/><W3/><G3/><T33/><D33/><U66/><E119/><V15/><F15/><W99/><G120/><T123/><D123/><U68/><E12/><V114/><F114/><N who="0" m="44138" /><D13/><U47/><E115/><V117/><F117/><W0/><G0/><T32/><D32/><U84/><E84/><V108/><F108/><W109/><G109/><T97/><AGARI ba="1,0" hai="10,11,20,26,29,76,81,85,91,93,97" m="44138" machi="97" ten="30,2000,0" yaku="15,1,11,1" doraHai="49" who="0" fromWho="0" sc="351,23,208,-6,185,-6,256,-11" owari="374,47.0,202,-20.0,179,-32.0,245,5.0" /></mjloggm>