<mjloggm ver="2.3"><GO type="169" lobby="0"/><UN n0="%E7%A7%81%E3%81%AF%E3%81%8C%E3%81%A1%E3%81%BB%E3%82%82" n1="%74%61%72%6F%33%39%30%30" n2="%E3%82%A6%E3%83%AB%E3%83%88%E3%83%A9%E7%AB%8B%E7%9B%B4" n3="%E3%82%8C%E3%82%93%E3%82%89%E3%81%8F" dan="17,16,17,16" rate="2218.21,2110.15,2191.25,2117.04" sx="M,M,M,M"/><TAIKYOKU oya="0"/><INIT seed="0,0,0,0,5,19" ten="250,250,250,250" oya="0" hai0="39,41,76,16,101,47,129,132,121,30,104,75,128" hai1="29,74,10,82,77,32,100,73,21,85,2,83,134" hai2="36,9,110,118,90,96,4,50,60,22,116,6,122" hai3="44,49,57,109,45,59,25,87,34,133,88,64,3"/><T65/><D121/><U58/><E32/><V63/><F36/><W48/><G109/><T14/><D30/><U98/><E134/><V103/><F122/><W111/><G111/><T106/><D132/><U78/><E58/><V117/><F110/><W86/><G3/><T8/><D65/><U53/><E53/><V52/><F90/><W114/><G114/><T1/><D101/><U69/><E69/><V12/><F6/><W13/><G133/><T72/><D72/><U70/><E70/><V71/><F71/><W54/><G13/><T67/><D67/><U11/><E85/><V24/><F96/><W95/><G86/><T66/><D66/><U93/><E2/><V108/><F103/><W105/><G105/><T51/><D51/><U46/><E46/><N who="2" m="27735" /><F108/><W5/><G5/><T102/><D102/><U15/><E15/><V7/><F7/><W0/><G0/><T113/><D113/><U125/><E125/><V28/><AGARI ba="0,0" hai="4,9,12,22,24,28,60,63,116,117,118" m="27735" machi="28" ten="30,4000,0" yaku="12,1,52,1,54,1" doraHai="19" who="2" fromWho="2" sc="250,-20,250,-10,250,40,250,-10" /><INIT seed="1,0,0,0,3,97" ten="230,240,290,240" oya="1" hai0="108,94,0,18,64,79,59,76,47,24,52,25,16" hai1="107,84,7,73,113,63,71,36,102,19,120,12,135" hai2="54,20,10,45,44,98,4,134,80,56,67,14,38" hai3="81,132,42,85,92,55,70,111,65,89,32,121,69"/><U61/><E113/><V131/><F38/><W90/><G121/><T9/><D108/><U28/><E73/><V117/><F117/><W124/><G111/><T101/><D0/><U49/><E36/><V83/><F131/><W43/><G32/><T15/><D47/><U87/><E120/><V105/><F67/><W17/><G124/><T130/><D64/><U82/><E7/><V99/><F134/><W72/><G132/><T60/><D130/><U5/><E5/><V48/><F20/><W27/><G55/><T133/><D133/><U96/><E135/><V86/><F83/><W114/><G114/><T22/><D25/><U88/><E71/><V3/><F3/><W2/><G2/><T58/><D59/><U23/><E28/><V126/><F126/><W77/><G70/><T125/><D125/><U37/><E37/><V34/><F34/><W50/><G50/><T74/><D74/><U26/><E26/><V116/><F116/><W119/><G119/><T129/><D129/><U30/><E30/><V35/><F35/><W66/><G66/><T29/><D29/><U115/><E115/><V95/><F99/><AGARI ba="0,0" hai="9,15,16,18,22,24,52,58,60,76,79,94,99,101" machi="99" ten="40,8000,1" yaku="8,1,52,1,54,2" doraHai="97" who="0" fromWho="2" sc="230,80,240,0,290,-80,240,0" /><INIT seed="2,0,0,1,2,117" ten="310,240,210,240" oya="2" hai0="11,73,34,112,63,28,81,8,50,38,18,60,89" hai1="99,59,84,14,51,46,108,88,90,106,79,133,19" hai2="15,45,48,69,116,2,32,122,56,23,21,80,102" hai3="61,3,53,0,26,71,77,52,101,7,66,75,70"/><V111/><F69/><W65/><G101/><T67/><D38/><U36/><E108/><V78/><F2/><W27/><G77/><T96/><D112/><U86/><E133/><V4/><F32/><W47/><G75/><T135/><D135/><U98/><E36/><V128/><F116/><W72/><G72/><T33/><D60/><U5/><E59/><V41/><F111/><W10/><G47/><T64/><D64/><U103/><E5/><V9/><F128/><W114/><G114/><T124/><D124/><U115/><E115/><V110/><F110/><W107/><G107/><T39/><D39/><U74/><E74/><V130/><F130/><W126/><G126/><T17/><D28/><U85/><E79/><V13/><F122/><W109/><G109/><T76/><D50/><U57/><E57/><V42/><F42/><W25/><REACH who="3" step="1"/><G3/><REACH who="3" ten="310,240,210,230" step="2"/><T83/><D76/><U123/><E103/><V91/><F102/><W37/><G37/><T31/><D73/><U68/><E106/><V131/><F131/><W97/><G97/><T118/><D96/><U94/><E99/><V95/><F56/><W6/><G6/><T16/><D118/><U134/><E134/><V132/><F132/><W100/><G100/><T93/><D89/><N who="1" m="55631" /><E68/><V54/><F41/><W87/><G87/><T43/><D43/><N who="1" m="25055" /><E90/><V30/><F78/><W104/><G104/><T121/><D121/><U92/><E123/><V120/><F120/><W49/><G49/><T127/><D127/><U12/><E85/><N who="2" m="50599" /><F48/><W44/><G44/><T24/><D63/><AGARI ba="0,1" hai="0,7,10,25,26,27,52,53,61,63,65,66,70,71" machi="63" ten="40,5200,0" yaku="1,1,9,1,54,1,53,0" doraHai="117" doraHaiUra="113" who="3" fromWho="0" sc="310,-52,240,0,210,0,230,62" /><INIT seed="3,0,0,3,2,16" ten="258,240,210,292" oya="3" hai0="2,114,130,104,76,7,134,57,113,52,94,121,78" hai1="15,81,131,65,129,83,10,60,3,92,6,116,23" hai2="135,40,29,26,63,35,126,125,95,22,85,133,119" hai3="87,96,20,70,115,86,56,33,118,112,49,98,103"/><W84/><G33/><T37/><D37/><U45/><E116/><V132/><F40/><W111/><G70/><T36/><D36/><U91/><E45/><V9/><F63/><W66/><G118/><T123/><D104/><U42/><E42/><V43/><F43/><W27/><G111/><T88/><D134/><U89/><E131/><V13/><F119/><W79/><G98/><N who="0" m="57671" /><D130/><U128/><E128/><V122/><F85/><W19/><G79/><N who="0" m="30251" /><D2/><U120/><E120/><V75/><F95/><W117/><G117/><T17/><D17/><U5/><E129/><V44/><F44/><W47/><G66/><T101/><D7/><U71/><E6/><N who="2" m="3255" /><F75/><W12/><G56/><T41/><D41/><U82/><E92/><V4/><F122/><W97/><G97/><T48/><D101/><U11/><E91/><V93/><F93/><N who="3" m="58767" /><G115/><AGARI ba="0,0" hai="48,52,57,113,114,115,121,123" m="30251,57671" machi="115" ten="30,3900,0" yaku="11,1,54,2" doraHai="16" who="0" fromWho="3" sc="258,39,240,0,210,0,292,-39" /><INIT seed="4,0,0,5,1,65" ten="297,240,210,253" oya="0" hai0="91,83,88,22,133,104,33,20,134,120,27,18,44" hai1="121,66,14,103,51,50,60,52,40,109,132,118,21" hai2="11,43,38,117,125,29,16,101,67,97,5,49,130" hai3="31,87,92,4,80,119,61,126,34,12,106,122,13"/><T98/><D120/><U94/><E121/><V116/><F29/><W72/><G122/><T127/><D33/><U45/><E109/><V90/><F38/><W102/><G119/><N who="2" m="45641" /><F130/><W37/><G37/><T62/><D127/><U96/><E132/><N who="0" m="50793" /><D44/><U115/><E115/><V19/><F125/><W82/><G126/><T35/><D35/><U114/><E114/><V28/><F28/><W95/><G106/><T3/><D3/><U73/><E118/><V32/><F32/><W93/><G72/><T123/><D123/><U105/><E73/><V68/><F90/><W58/><G34/><T124/><D124/><U2/><E2/><N who="2" m="439" /><F49/><W70/><G31/><N who="0" m="17895" /><D83/><U57/><E105/><N who="2" m="63663" /><F43/><W6/><G82/><T69/><D104/><U75/><E75/><V55/><F55/><W39/><G39/><T113/><D98/><U10/><E21/><V107/><F107/><W63/><G80/><T78/><D78/><U84/><E84/><V64/><F64/><N who="3" m="41247" /><G87/><T108/><D108/><U56/><E50/><V24/><F24/><W89/><G89/><T7/><D113/><U71/><REACH who="1" step="1"/><E40/><REACH who="1" ten="297,230,210,253" step="2"/><V128/><F128/><W129/><G129/><T41/><D41/><U85/><E85/><V54/><F54/><W23/><G23/><T111/><D111/><U99/><E99/><V9/><F9/><W53/><G102/><T74/><D74/><U8/><E8/><V79/><F79/><W1/><G1/><T46/><D22/><U42/><E42/><V25/><F25/><W135/><G135/><T81/><D81/><U26/><E26/><V36/><F36/><W110/><G110/><RYUUKYOKU ba="0,1" sc="297,-30,230,10,210,10,253,10" hai1="10,14,45,51,52,56,57,60,66,71,94,96,103" hai2="16,19,67,68" hai3="4,6,12,13,53,58,61,92,93,95" /><INIT seed="5,1,1,4,2,4" ten="267,240,220,263" oya="1" hai0="27,20,44,37,52,9,28,2,90,86,112,69,107" hai1="8,15,111,110,41,62,102,6,124,85,61,120,13" hai2="67,32,53,83,121,113,104,10,93,71,97,76,51" hai3="106,123,103,43,19,100,94,14,87,17,108,25,3"/><U22/><E120/><V130/><F121/><W54/><G3/><T36/><D107/><U30/><E124/><V109/><F109/><N who="1" m="41481" /><E102/><V38/><F38/><W55/><G106/><T126/><D69/><U79/><E41/><V48/><F32/><W81/><G43/><T57/><D44/><U75/><E75/><V46/><F104/><W78/><G123/><T50/><D126/><U42/><E42/><V96/><F130/><W128/><G128/><T101/><D101/><N who="3" m="38985" /><G108/><T45/><D45/><U91/><E79/><V118/><F118/><W12/><G25/><T127/><D127/><U18/><E30/><V70/><F113/><W132/><G94/><AGARI ba="1,1" hai="6,8,13,15,18,22,61,62,85,91,94" m="41481" machi="94" ten="30,2900,0" yaku="10,1,52,1" doraHai="4" who="1" fromWho="3" sc="267,0,240,42,220,0,263,-32" /><INIT seed="5,2,0,2,2,91" ten="267,282,220,231" oya="1" hai0="86,75,35,103,109,41,29,1,50,44,60,24,121" hai1="123,39,47,58,105,27,20,42,22,71,110,52,0" hai2="46,61,94,57,69,111,95,55,97,127,13,63,130" hai3="131,38,51,84,79,25,92,125,74,106,133,76,68"/><U10/><E123/><V64/><F111/><W65/><G38/><T62/><D75/><U56/><E71/><V48/><F130/><W7/><G106/><T88/><D109/><U114/><E110/><V6/><F127/><W21/><G74/><T119/><D119/><U124/><E105/><V28/><F28/><W115/><G115/><T102/><D1/><U59/><E114/><V89/><F97/><W128/><G7/><T53/><D121/><U99/><E124/><V16/><F89/><N who="3" m="53287" /><G125/><T118/><D118/><U12/><E0/><V14/><F6/><W40/><G133/><T108/><D108/><U113/><E99/><V90/><F90/><W15/><G15/><T77/><D77/><U19/><E113/><V4/><F4/><W122/><G122/><T98/><D41/><U116/><E116/><V82/><F82/><W85/><G85/><T30/><D30/><U101/><E101/><V31/><F31/><N who="3" m="17839" /><G65/><T87/><D87/><U2/><E2/><V93/><REACH who="2" step="1"/><F16/><REACH who="2" ten="267,282,210,231" step="2"/><W36/><G79/><T70/><D103/><U73/><E20/><V78/><F78/><W135/><G76/><T9/><D102/><U132/><E73/><V104/><F104/><W32/><G131/><T5/><D98/><U107/><E107/><V17/><F17/><W8/><G128/><T112/><D112/><U34/><E22/><V120/><F120/><W43/><G32/><T129/><D129/><U54/><E34/><V26/><F26/><W67/><G8/><T81/><D70/><U126/><E126/><V83/><F83/><W11/><G11/><T33/><D33/><RYUUKYOKU ba="2,1" sc="267,15,282,-15,210,15,231,-15" hai0="5,9,24,29,35,44,50,53,60,62,81,86,88" hai2="13,14,46,48,55,57,61,63,64,69,93,94,95" /><INIT seed="6,3,1,4,3,19" ten="282,267,225,216" oya="2" hai0="18,3,116,34,109,21,42,131,46,1,51,92,4" hai1="134,107,72,133,38,35,0,132,49,97,74,64,135" hai2="89,112,123,111,125,124,54,12,78,45,17,86,16" hai3="14,6,7,27,128,105,24,10,117,31,23,67,90"/><V53/><F123/><W5/><G105/><T93/><D34/><U63/><E38/><V25/><F78/><W60/><G117/><T39/><D109/><U130/><E130/><V69/><F69/><W81/><G128/><T40/><D131/><U120/><E120/><V28/><F111/><W75/><G27/><T82/><D82/><U11/><E35/><V77/><F77/><W83/><G75/><T26/><D116/><U62/><E133/><V80/><F112/><W52/><G52/><N who="2" m="20073" /><F12/><W48/><G48/><T94/><REACH who="0" step="1"/><D4/><REACH who="0" ten="272,267,225,216" step="2"/><U100/><E134/><V103/><F45/><AGARI ba="3,2" hai="1,3,18,21,26,39,40,42,45,46,51,92,93,94" machi="45" ten="40,5200,0" yaku="1,1,2,1,52,1,53,0" doraHai="19" doraHaiUra="76" who="0" fromWho="2" sc="272,81,267,0,225,-61,216,0" /><INIT seed="7,0,0,4,1,76" ten="353,267,164,216" oya="3" hai0="109,42,124,43,108,127,23,96,111,70,74,5,22" hai1="107,10,65,123,54,50,62,84,117,95,55,89,37" hai2="82,63,131,31,114,69,94,115,20,52,64,116,105" hai3="75,25,122,15,46,12,113,60,68,1,72,7,3"/><W33/><G122/><T100/><D74/><U97/><E123/><V17/><F105/><W13/><G113/><N who="2" m="43017" /><F116/><W134/><G134/><T34/><D5/><U73/><E37/><V44/><F31/><W92/><G92/><N who="0" m="58375" /><D34/><U11/><E73/><V80/><F94/><W19/><G46/><T39/><D70/><U93/><E107/><V135/><F135/><W91/><G91/><T18/><D39/><U90/><E117/><V101/><F101/><W85/><G85/><T99/><D99/><U14/><E50/><N who="2" m="28743" /><F131/><W118/><G118/><T119/><D119/><U77/><E95/><V61/><F61/><W0/><G75/><T56/><D56/><U83/><E62/><V40/><F40/><W104/><G104/><T98/><D42/><U29/><E29/><V87/><F87/><W71/><G60/><T130/><D130/><U129/><E129/><V53/><F53/><W126/><G72/><T67/><D43/><U9/><E55/><V36/><F36/><W132/><G132/><T120/><D120/><U24/><E54/><V38/><F38/><W81/><G71/><T88/><D109/><U110/><E110/><V57/><F69/><W49/><G68/><T121/><D121/><U86/><E86/><V4/><F4/><W79/><G7/><T66/><D108/><U125/><E84/><V6/><F6/><W78/><G78/><T21/><D111/><U16/><E77/><V41/><F41/><W59/><G79/><T47/><D98/><U106/><E97/><V27/><AGARI ba="0,0" hai="17,20,27,57,63,64,80,82" m="28743,43017" machi="27" ten="30,7900,0" yaku="15,1,52,2,54,1" doraHai="76" who="2" fromWho="2" sc="353,-20,267,-20,164,79,216,-39" owari="333,43.0,247,5.0,243,-16.0,177,-32.0" /></mjloggm>