<mjloggm ver="2.3"><GO type="169" lobby="0"/><UN n0="%E5%B0%B1%E6%B4%BB%E7%94%9F%40%E5%B7%9D%E6%9D%91%E8%BB%8D%E5%9B%A3" n1="%E9%88%B4%E5%B1%8B%E5%86%85%E4%BA%94%E6%9B%B2" n2="%68%61%72%75%72%75%39%31" n3="%E7%A0%B2%E3%81%AE%E4%B8%8A%E3%81%AE%E3%81%82%E3%81%AE%E5%A8%98" dan="19,16,17,16" rate="2334.39,2070.70,2180.89,2188.80" sx="M,M,M,F"/><TAIKYOKU oya="0"/><INIT seed="0,0,0,4,0,89" ten="250,250,250,250" oya="0" hai0="26,49,1,41,17,56,18,6,52,107,81,101,54" hai1="112,2,118,92,53,110,131,77,16,28,117,7,106" hai2="21,87,13,130,85,98,134,135,82,105,36,83,63" hai3="34,23,33,58,128,115,78,97,30,32,103,123,66"/><T68/><D68/><U10/><E106/><V71/><F36/><W70/><G70/><T60/><D41/><U108/><E77/><V65/><F130/><W14/><G115/><T4/><D81/><N who="2" m="30730" /><F21/><W109/><G109/><N who="1" m="42090" /><E131/><V74/><F13/><W57/><G123/><T88/><D107/><U50/><E112/><V55/><F55/><W111/><G66/><T40/><D40/><U8/><E28/><V67/><F67/><W119/><G119/><T22/><D101/><U86/><E50/><V12/><F12/><W61/><G111/><T31/><D1/><U120/><E53/><V47/><F47/><W51/><G128/><T73/><D73/><U25/><E120/><V42/><F42/><W94/><G78/><T91/><D17/><U0/><E0/><V20/><F20/><W76/><G76/><T38/><D38/><U11/><E10/><V29/><F29/><W132/><G14/><T79/><D79/><U100/><E11/><V72/><F72/><W90/><G23/><T69/><D31/><U19/><E25/><V93/><F105/><W116/><G30/><T95/><D69/><U102/><E118/><V124/><F74/><W127/><G116/><T3/><D3/><U44/><E117/><V122/><F122/><W59/><G51/><T62/><D91/><N who="1" m="53367" /><E44/><V43/><F43/><W45/><G45/><N who="0" m="27695" /><D62/><U96/><E102/><V75/><F75/><W104/><G61/><T9/><D9/><U114/><E114/><V37/><F37/><W121/><G121/><T35/><D35/><U80/><E80/><V99/><F63/><W126/><G132/><RYUUKYOKU ba="0,0" sc="250,10,250,10,250,-30,250,10" hai0="4,6,18,22,26,54,56,60,88,95" hai1="2,7,8,16,19,96,100" hai3="32,33,34,57,58,59,90,94,97,103,104,126,127" /><INIT seed="0,1,0,2,2,72" ten="260,260,220,260" oya="0" hai0="26,35,44,63,100,40,130,93,69,82,96,119,128" hai1="49,29,111,5,36,43,88,122,3,113,129,101,87" hai2="104,22,134,1,55,107,91,97,120,83,66,58,32" hai3="85,121,98,53,0,50,21,9,47,13,17,115,70"/><T27/><D119/><U39/><E122/><V37/><F32/><W68/><G121/><T6/><D6/><U123/><E123/><V19/><F37/><W52/><G115/><T125/><D125/><U132/><E113/><V71/><F120/><W116/><G116/><T41/><D41/><U99/><E29/><V20/><F1/><W112/><G112/><T75/><D35/><U62/><E5/><V114/><F114/><W109/><G109/><T23/><D63/><U10/><E111/><V79/><F66/><W48/><G98/><T14/><D69/><U118/><E118/><V124/><F71/><W89/><G0/><T81/><D14/><U46/><E10/><V56/><F124/><W4/><G21/><T127/><D127/><U24/><E3/><V65/><F65/><W80/><G4/><T16/><D27/><U38/><E24/><V74/><F56/><AGARI ba="1,0" hai="9,13,17,47,48,50,52,53,56,68,70,80,85,89" machi="56" ten="30,7700,0" yaku="7,1,25,2,54,1" doraHai="72" who="3" fromWho="2" sc="260,0,260,0,220,-80,260,80" /><INIT seed="1,0,0,2,3,74" ten="260,260,140,340" oya="1" hai0="63,121,46,110,19,47,38,20,107,83,113,116,45" hai1="126,25,5,15,60,100,125,49,59,6,99,123,93" hai2="42,16,22,71,130,86,96,108,24,132,30,117,61" hai3="55,2,12,73,14,85,43,51,36,18,9,111,65"/><U21/><E123/><V72/><F117/><W28/><G73/><T11/><D116/><U26/><E26/><V29/><F72/><W3/><G111/><T109/><D113/><U68/><E68/><V31/><F108/><N who="0" m="41578" /><D107/><U41/><E15/><V91/><F130/><W122/><G65/><T78/><D11/><U89/><E89/><V76/><F132/><W97/><G28/><T133/><D133/><U57/><E126/><V23/><F42/><W17/><G122/><T92/><D63/><U101/><E101/><V4/><F4/><W119/><G119/><T102/><D38/><U70/><E70/><V56/><F71/><W114/><G114/><T44/><D44/><U54/><E125/><V106/><F23/><W88/><G97/><N who="0" m="59687" /><D121/><U75/><E75/><V90/><F106/><W79/><G43/><T34/><D34/><U135/><E135/><V98/><F98/><W52/><G36/><T13/><D83/><U82/><E82/><N who="2" m="47431" /><F96/><W40/><G2/><T35/><D35/><U103/><E103/><V131/><F131/><W129/><G3/><T27/><D27/><U94/><E94/><V134/><F134/><W0/><G0/><T104/><D104/><U77/><E41/><V127/><F127/><W39/><G39/><T105/><D105/><U32/><E32/><V67/><AGARI ba="0,0" hai="16,22,24,29,30,31,56,61,67,90,91" m="47431" machi="67" ten="30,4000,0" yaku="8,1,52,1,54,1" doraHai="74" who="2" fromWho="2" sc="260,-10,260,-20,140,40,340,-10" /><INIT seed="2,0,0,3,2,117" ten="250,240,180,330" oya="2" hai0="47,94,28,38,127,29,88,131,36,122,16,21,18" hai1="134,135,78,30,41,69,82,43,92,7,14,63,79" hai2="108,31,116,50,11,56,9,130,93,25,103,81,40" hai3="89,129,61,44,115,75,107,54,39,27,91,128,48"/><V124/><F116/><W100/><G75/><T33/><D122/><U53/><E30/><V66/><F124/><W105/><G115/><T114/><D33/><U110/><E110/><V59/><F130/><N who="3" m="50283" /><G39/><T106/><D106/><N who="3" m="40457" /><G100/><T22/><D114/><U55/><E92/><V19/><F81/><W90/><G61/><T58/><D47/><U84/><E79/><V4/><F19/><W101/><G101/><T24/><D131/><U109/><E109/><V65/><F108/><W5/><G27/><N who="0" m="14759" /><D36/><U23/><E53/><N who="2" m="31799" /><F40/><W12/><G12/><T87/><D38/><U70/><E70/><V49/><F49/><W80/><G5/><T113/><D113/><U125/><E125/><V35/><F4/><W120/><G80/><T112/><D112/><U51/><E63/><N who="2" m="38143" /><F66/><W73/><G73/><T52/><D127/><U42/><E69/><V3/><F3/><W74/><G74/><T71/><D71/><U57/><REACH who="1" step="1"/><E23/><REACH who="1" ten="250,230,180,330" step="2"/><V72/><F72/><W126/><G126/><T118/><D118/><U68/><E68/><V17/><F35/><W83/><G83/><T37/><D37/><U13/><E13/><V119/><F119/><W104/><G104/><T133/><D133/><U0/><E0/><V8/><F31/><W67/><G67/><T86/><D86/><U15/><E15/><N who="2" m="7399" /><F25/><W98/><G98/><AGARI ba="0,1" hai="9,11,93,98,103" m="7399,38143,31799" machi="98" ten="30,1500,0" yaku="8,1" doraHai="117" who="2" fromWho="3" sc="250,0,230,0,180,25,330,-15" /><INIT seed="2,1,0,2,3,95" ten="250,230,205,315" oya="2" hai0="20,22,9,124,123,46,66,127,120,135,63,109,84" hai1="13,130,105,93,121,53,131,3,78,59,1,26,102" hai2="114,119,19,6,106,94,107,52,72,32,108,27,74" hai3="76,134,8,12,96,49,42,125,103,88,56,54,80"/><V101/><F114/><W55/><G134/><T62/><D135/><U25/><E105/><V85/><F119/><W117/><G117/><T41/><D9/><U79/><E13/><V67/><F67/><W118/><G125/><N who="0" m="48203" /><D84/><U14/><E14/><V61/><F6/><W99/><G118/><T37/><D22/><U70/><E70/><V17/><F108/><W87/><G42/><T89/><D20/><U45/><E45/><V68/><F68/><W83/><G103/><T48/><D89/><U126/><E126/><V116/><F116/><W77/><G54/><T51/><D109/><U92/><E102/><V16/><F106/><W28/><G28/><T43/><D63/><U44/><E44/><V113/><F113/><W111/><G111/><T98/><D98/><N who="3" m="37417" /><G80/><T30/><D30/><U15/><E53/><V91/><F107/><W23/><G23/><T31/><D31/><U36/><E93/><V64/><F101/><W57/><G57/><N who="0" m="37199" /><D43/><U40/><E40/><V47/><F32/><W38/><G38/><T69/><D69/><U33/><E36/><V0/><F72/><W100/><G100/><T5/><D120/><U35/><E59/><N who="2" m="36927" /><F74/><W81/><G81/><T11/><D123/><U75/><E121/><V112/><F112/><W122/><G122/><T34/><D34/><U24/><E75/><V104/><F104/><W50/><G50/><T110/><D110/><U4/><E35/><V129/><F0/><AGARI ba="1,0" hai="0,5,11,37,41,46,48,51" m="37199,48203" machi="0" ten="30,1000,0" yaku="18,1" doraHai="95" who="0" fromWho="2" sc="250,13,230,0,205,-13,315,0" /><INIT seed="3,0,0,0,3,62" ten="263,230,192,315" oya="3" hai0="94,56,42,14,49,90,20,38,80,113,100,4,119" hai1="87,11,61,104,31,108,68,107,30,43,34,76,122" hai2="7,45,132,60,57,110,102,44,71,0,121,125,99" hai3="51,41,101,92,91,53,131,47,126,29,77,19,81"/><W105/><G131/><T130/><D119/><U32/><E43/><V13/><F110/><W96/><G126/><T85/><D130/><U16/><E108/><V129/><F129/><W9/><G29/><T114/><D38/><U63/><E76/><V58/><F125/><W97/><G41/><T84/><D100/><U37/><E87/><V128/><F128/><W74/><G9/><T2/><D2/><U124/><E11/><V55/><F132/><W39/><G19/><T135/><D135/><U35/><E124/><V109/><F109/><W120/><REACH who="3" step="1"/><G39/><REACH who="3" ten="263,230,192,305" step="2"/><T133/><D133/><U70/><E37/><V6/><F121/><AGARI ba="0,1" hai="47,51,53,74,77,81,91,92,96,97,101,105,120,121" machi="121" ten="40,3900,0" yaku="1,1,2,1,53,0" doraHai="62" doraHaiUra="54" who="3" fromWho="2" sc="263,0,230,0,192,-39,305,49" /><INIT seed="3,1,0,0,2,8" ten="263,230,153,354" oya="3" hai0="127,62,35,86,50,10,31,97,25,69,11,26,0" hai1="45,105,22,56,128,89,68,84,55,81,120,91,39" hai2="67,37,30,92,57,54,65,129,111,36,123,17,47" hai3="29,99,114,41,110,103,75,21,132,61,94,59,125"/><W107/><G114/><T33/><D127/><U87/><E105/><V53/><F111/><W131/><G125/><T73/><D73/><U28/><E68/><V76/><F76/><W79/><G132/><T63/><D0/><U15/><E120/><V90/><F30/><W64/><G131/><T109/><D109/><U77/><E128/><V117/><F117/><W14/><G110/><T122/><D122/><U74/><E74/><V126/><F123/><W12/><G41/><T4/><D86/><U7/><E39/><V113/><F113/><W101/><G101/><T104/><D50/><U130/><E130/><V100/><F100/><W43/><G43/><T102/><D63/><U72/><E72/><V20/><F126/><W6/><G6/><T40/><D40/><U38/><E38/><V78/><F78/><W119/><G107/><T27/><D35/><U112/><E112/><V124/><F124/><W32/><G32/><T60/><D60/><U83/><E45/><V42/><F37/><W135/><G135/><T115/><D115/><U66/><E66/><V106/><F106/><W58/><G58/><T48/><D48/><U51/><E28/><V2/><F2/><W133/><G133/><T5/><D5/><U71/><E71/><V118/><F118/><W49/><G49/><T19/><D19/><N who="1" m="10623" /><E7/><V3/><F3/><W108/><G108/><T82/><D4/><U96/><E77/><V1/><F1/><W121/><G121/><T52/><D69/><U46/><E46/><V23/><F129/><W70/><G70/><T116/><D33/><U85/><E91/><RYUUKYOKU ba="1,0" sc="263,-10,230,30,153,-10,354,-10" hai1="51,55,56,81,83,84,85,87,89,96" /><INIT seed="4,2,0,3,3,127" ten="253,260,143,344" oya="0" hai0="55,96,44,131,115,10,1,11,34,116,77,45,60" hai1="88,99,122,106,7,129,41,67,12,73,25,87,113" hai2="114,28,62,109,27,81,100,128,52,18,50,68,64" hai3="134,70,130,21,86,0,38,74,117,53,94,51,118"/><T89/><D34/><U49/><E73/><V124/><F109/><W37/><G74/><T13/><D116/><U31/><E122/><V103/><F124/><W24/><G0/><T42/><D77/><U101/><E67/><V82/><F114/><W85/><G70/><T48/><D115/><U6/><E113/><V17/><F128/><W90/><G134/><T107/><D131/><U46/><E12/><V36/><F36/><W3/><G3/><T98/><D1/><U133/><E129/><V33/><F100/><W108/><G108/><T123/><D11/><U2/><E133/><V59/><F103/><W32/><G32/><T57/><D107/><U93/><REACH who="1" step="1"/><E2/><REACH who="1" ten="253,250,143,344" step="2"/><V26/><REACH who="2" step="1"/><F26/><REACH who="2" ten="253,250,133,344" step="2"/><W79/><G130/><T120/><D123/><U112/><E112/><V119/><F119/><W23/><G118/><T65/><D120/><U102/><E102/><V76/><F76/><W91/><G117/><T72/><D89/><U104/><E104/><V14/><F14/><W80/><G79/><T40/><D72/><U54/><E54/><V92/><F92/><W20/><G24/><T95/><D95/><U121/><E121/><V111/><F111/><W19/><G53/><T58/><D42/><U61/><E61/><V22/><F22/><AGARI ba="2,2" hai="6,7,22,25,31,41,46,49,87,88,93,99,101,106" machi="22" ten="30,3900,0" yaku="1,1,7,1,54,1,53,0" doraHai="127" doraHaiUra="8" who="1" fromWho="2" sc="253,0,250,65,133,-45,344,0" /><INIT seed="5,0,0,3,3,23" ten="253,315,88,344" oya="1" hai0="105,50,12,98,30,75,135,80,40,63,17,0,91" hai1="31,6,125,39,97,44,131,46,66,38,120,4,36" hai2="88,64,130,73,85,74,99,114,100,56,82,11,61" hai3="13,134,33,84,48,126,113,58,71,19,15,128,25"/><U34/><E120/><V35/><F130/><W67/><G71/><T133/><D0/><U43/><E66/><V49/><F114/><W76/><G76/><T111/><D111/><U52/><E131/><V104/><F35/><W101/><G101/><T103/><D30/><U86/><E97/><V127/><F127/><W96/><G96/><T28/><D28/><U94/><E125/><V60/><F49/><W70/><G70/><T20/><D63/><U65/><E65/><V117/><F117/><W77/><G128/><T92/><D40/><U102/><E102/><V45/><F45/><W51/><G33/><T121/><D121/><U83/><E94/><V123/><F123/><W42/><G134/><T55/><D80/><U62/><E46/><V32/><F32/><W119/><G119/><T87/><REACH who="0" step="1"/><D75/><REACH who="0" ten="243,315,88,344" step="2"/><U27/><E39/><V112/><F112/><W106/><G42/><T109/><D109/><U54/><E36/><V47/><F47/><AGARI ba="0,1" hai="12,17,20,47,50,55,87,91,92,98,103,105,133,135" machi="47" ten="40,1300,0" yaku="1,1,53,0" doraHai="23" doraHaiUra="116" who="0" fromWho="2" sc="243,23,315,0,88,-13,344,0" /><INIT seed="6,0,0,4,3,100" ten="266,315,75,344" oya="2" hai0="22,33,67,120,43,65,20,39,40,110,130,117,92" hai1="12,128,54,72,1,49,127,115,32,91,134,96,98" hai2="14,103,125,16,15,121,25,29,71,37,47,101,113" hai3="73,89,90,7,77,114,124,41,38,34,24,23,27"/><V69/><F121/><W84/><G124/><T6/><D33/><U52/><E72/><V122/><F122/><W85/><G114/><T80/><D110/><U97/><E1/><V8/><F113/><W26/><G7/><T86/><D120/><U94/><E32/><V83/><F125/><W3/><G3/><T4/><D39/><U66/><E66/><N who="0" m="25097" /><D130/><U119/><E127/><V5/><F83/><W59/><G34/><T79/><D92/><U123/><E123/><V21/><F101/><W19/><G41/><N who="0" m="15947" /><D117/><U102/><E119/><V105/><F47/><W109/><G38/><T107/><D107/><U99/><E115/><V87/><F87/><W75/><G109/><T61/><D61/><U129/><E128/><V13/><F37/><W48/><G75/><T116/><D116/><U60/><E129/><V36/><F36/><W11/><G77/><T51/><D51/><U81/><E60/><V76/><F76/><W44/><G59/><T131/><D131/><U62/><E62/><V111/><F111/><W104/><G73/><T30/><D30/><U112/><E112/><V93/><F93/><N who="3" m="54439" /><G104/><T35/><D35/><U133/><E49/><V68/><REACH who="2" step="1"/><F29/><REACH who="2" ten="266,315,65,344" step="2"/><W9/><G85/><T53/><D53/><U42/><E52/><V2/><F2/><W108/><G108/><T78/><D78/><U31/><E54/><V10/><F10/><W70/><G9/><T17/><D22/><U118/><E118/><V55/><F55/><W46/><G11/><T106/><D106/><U58/><E42/><V45/><F45/><W64/><G44/><T88/><D79/><RYUUKYOKU ba="0,1" sc="266,15,315,-15,65,15,344,-15" hai0="4,6,17,20,80,86,88" hai2="5,8,13,14,15,16,21,25,68,69,71,103,105" /><INIT seed="6,1,1,2,5,34" ten="281,300,80,329" oya="2" hai0="82,30,33,70,13,50,45,17,48,71,52,126,132" hai1="23,67,115,72,73,93,74,15,11,100,7,10,113" hai2="20,102,88,58,112,129,42,39,49,130,75,14,35" hai3="54,19,65,36,86,37,9,47,105,66,56,125,25"/><V27/><F112/><N who="1" m="43081" /><E67/><V101/><F75/><W123/><G105/><T5/><D5/><U6/><E23/><V134/><F134/><W64/><G123/><T41/><D132/><U68/><E68/><V107/><F35/><W31/><G125/><T29/><D126/><U84/><E100/><V4/><F39/><W91/><G47/><T38/><D38/><U92/><E84/><V81/><F107/><W128/><G128/><N who="2" m="49257" /><F14/><AGARI ba="1,1" hai="6,7,10,11,14,15,72,73,74,92,93" m="43081" machi="14" ten="40,1300,0" yaku="15,1" doraHai="34" who="1" fromWho="2" sc="281,0,300,26,80,-16,329,0" /><INIT seed="7,0,0,3,2,61" ten="281,326,64,329" oya="3" hai0="0,90,33,53,12,48,73,92,9,46,14,1,62" hai1="30,24,3,63,34,38,108,115,116,124,18,47,78" hai2="125,8,135,41,67,26,69,29,77,6,96,39,106" hai3="127,129,72,2,21,17,64,79,126,133,13,7,111"/><W114/><G114/><T60/><D73/><U5/><E108/><V75/><F125/><N who="3" m="47627" /><G133/><T94/><D33/><U4/><E124/><V52/><F135/><W83/><G129/><T57/><D62/><U71/><E115/><V128/><F128/><W59/><G111/><T93/><D14/><U84/><E116/><V58/><F58/><W120/><G120/><T102/><D102/><U22/><E38/><V68/><F52/><W42/><G42/><T130/><D130/><U107/><E107/><V87/><F87/><W40/><G40/><T123/><D123/><U56/><E71/><V104/><F96/><W32/><G32/><T16/><REACH who="0" step="1"/><D90/><REACH who="0" ten="271,326,64,329" step="2"/><U95/><E34/><V100/><F100/><W82/><G82/><T91/><D91/><U134/><E134/><V44/><F69/><W54/><G64/><AGARI ba="0,1" hai="0,1,9,12,16,46,48,53,57,60,64,92,93,94" machi="64" ten="40,8000,1" yaku="1,1,52,1,54,1,53,1" doraHai="61" doraHaiUra="10" who="0" fromWho="3" sc="271,90,326,0,64,0,329,-80" owari="361,46.0,326,13.0,64,-44.0,249,-15.0" /></mjloggm>