<mjloggm ver="2.3"><GO type="169" lobby="0"/><UN n0="%E8%8B%BA%E3%83%90%E3%83%8A%E3%83%8A" n1="%E8%99%8E%E7%9A%AE%E7%8C%AB" n2="%E3%82%A6%E3%83%AB%E3%83%88%E3%83%A9%E7%AB%8B%E7%9B%B4" n3="%E7%A5%9E%E6%A5%BD%E5%9D%82%E3%82%86%E3%81%8B" dan="16,16,18,16" rate="2117.34,2140.30,2209.71,2067.34" sx="M,M,M,M"/><TAIKYOKU oya="0"/><INIT seed="0,0,0,2,3,121" ten="250,250,250,250" oya="0" hai0="28,14,105,70,48,110,80,16,35,25,115,39,78" hai1="10,52,64,77,72,63,6,106,15,99,47,120,122" hai2="30,59,46,68,49,1,7,133,82,13,18,93,100" hai3="53,90,45,9,83,91,29,2,95,125,5,96,65"/><T111/><D115/><U37/><E106/><V123/><F68/><W135/><G135/><T41/><D105/><U71/><E99/><V58/><F123/><W98/><G125/><T134/><D134/><U112/><E112/><V88/><F133/><W26/><G65/><T69/><D39/><U130/><E130/><V94/><F30/><W4/><G4/><T34/><D34/><U86/><E86/><N who="2" m="50263" /><F7/><W126/><G126/><T19/><D41/><U116/><E116/><V132/><F1/><W36/><G83/><T11/><D48/><U114/><E114/><V60/><F132/><W129/><G129/><T109/><D19/><U8/><E8/><N who="2" m="6439" /><F100/><W124/><G124/><T33/><D33/><U57/><E77/><V118/><F118/><W62/><G36/><T32/><D32/><U3/><E72/><AGARI ba="0,0" hai="11,14,16,25,28,35,69,70,72,78,80,109,110,111" machi="72" ten="40,18000,2" yaku="14,1,10,1,52,3,54,1" doraHai="121" who="0" fromWho="1" sc="250,180,250,-180,250,0,250,0" /><INIT seed="0,1,0,3,0,2" ten="430,70,250,250" oya="0" hai0="26,118,66,4,61,57,79,99,63,50,116,3,11" hai1="69,42,91,127,104,16,100,25,111,54,5,46,36" hai2="29,101,78,71,51,14,35,60,119,20,80,49,15" hai3="64,133,34,108,83,109,67,9,31,131,97,74,30"/><T76/><D99/><U125/><E69/><V103/><F35/><W6/><G131/><T96/><D96/><U124/><E111/><N who="3" m="42570" /><G133/><T122/><D122/><U32/><E91/><V117/><F60/><W81/><G97/><T107/><D107/><U62/><E100/><V72/><F71/><W0/><G34/><T129/><D129/><U37/><E104/><V38/><F38/><W65/><G74/><T19/><D50/><U95/><E95/><V27/><F49/><W22/><G22/><T39/><D39/><U12/><E36/><V82/><F51/><W18/><G18/><T40/><D40/><U21/><E32/><V43/><F43/><W113/><G113/><T70/><D118/><N who="2" m="45066" /><F82/><AGARI ba="1,0" hai="0,6,9,30,31,64,65,67,81,82,83" m="42570" machi="82" ten="30,2000,0" yaku="14,1,52,1" doraHai="2" who="3" fromWho="2" sc="430,0,70,0,250,-23,250,23" /><INIT seed="1,0,0,1,5,17" ten="430,70,227,273" oya="1" hai0="30,102,78,23,98,14,64,107,122,40,132,41,80" hai1="84,57,77,50,26,42,10,129,91,106,110,81,7" hai2="115,100,39,121,31,133,87,70,3,85,97,134,37" hai3="90,32,16,21,6,65,1,38,15,18,63,69,28"/><U74/><E129/><V2/><F70/><W117/><G38/><N who="2" m="14345" /><F31/><W82/><G117/><T36/><D132/><N who="2" m="50794" /><F121/><W51/><G51/><T125/><D122/><U72/><E106/><N who="2" m="63759" /><F115/><W49/><G49/><T54/><D125/><U96/><E110/><V119/><F119/><W76/><G90/><T19/><D30/><U8/><E96/><V79/><F87/><W104/><G104/><T27/><D64/><U71/><E71/><V120/><F120/><W60/><G60/><T111/><D111/><U135/><E135/><V48/><F48/><W103/><G103/><T83/><D54/><U12/><E8/><V126/><F126/><W124/><G124/><T105/><D105/><U130/><E130/><V46/><F46/><W56/><G69/><T131/><D131/><U101/><E101/><V53/><F53/><W116/><G116/><T113/><D113/><U59/><E72/><V24/><F24/><N who="3" m="16399" /><G32/><T89/><D27/><U123/><E123/><V25/><F25/><W47/><G47/><T0/><D36/><U93/><REACH who="1" step="1"/><E26/><REACH who="1" ten="430,60,227,273" step="2"/><V34/><F85/><N who="3" m="48327" /><G1/><T112/><D0/><U128/><E128/><V35/><F2/><W44/><G44/><AGARI ba="0,1" hai="7,10,12,42,44,50,57,59,74,77,81,84,91,93" machi="44" ten="40,3900,0" yaku="1,1,53,1" doraHai="17" doraHaiUra="9" who="1" fromWho="3" sc="430,0,60,49,227,0,273,-39" /><INIT seed="1,1,0,4,4,53" ten="430,109,227,234" oya="1" hai0="62,43,100,67,113,95,128,101,41,93,65,37,54" hai1="70,76,63,51,89,79,8,110,61,126,29,7,32" hai2="6,14,59,117,107,86,120,69,73,77,118,91,112" hai3="15,78,123,72,9,64,23,105,25,33,36,68,80"/><U75/><E126/><V135/><F69/><W129/><G123/><T66/><D113/><U114/><E114/><V96/><F14/><W87/><G36/><T125/><D125/><U17/><E17/><V38/><F6/><W18/><G129/><T90/><D128/><U133/><E133/><V98/><F38/><W42/><G42/><N who="0" m="15883" /><D37/><U103/><E103/><N who="0" m="39497" /><D90/><U82/><E76/><V97/><F112/><W30/><G105/><T108/><D108/><U27/><E110/><V52/><F107/><W24/><G64/><T132/><D132/><U21/><E70/><V83/><F120/><W49/><G49/><T121/><D121/><U119/><E119/><V81/><REACH who="2" step="1"/><F135/><REACH who="2" ten="430,109,217,234" step="2"/><W134/><G68/><T116/><D116/><U5/><E5/><V34/><F34/><W48/><G134/><T130/><D130/><U22/><E32/><V12/><F12/><W60/><G33/><T102/><D102/><U45/><E22/><V131/><F131/><W122/><G23/><T3/><D3/><U50/><E7/><V4/><F4/><W74/><G15/><T57/><AGARI ba="1,1" hai="54,57,62,65,66,67,93,95" m="39497,15883" machi="57" ten="40,2700,0" yaku="8,1,52,1" doraHai="53" who="0" fromWho="0" sc="430,40,109,-14,217,-8,234,-8" /><INIT seed="2,0,0,5,4,72" ten="470,95,209,226" oya="2" hai0="64,14,60,65,54,108,98,53,75,40,2,10,31" hai1="23,109,120,105,45,67,91,128,51,6,82,9,33" hai2="66,117,124,129,42,104,69,59,106,135,30,24,48" hai3="37,76,88,127,52,119,93,99,19,61,36,0,77"/><V84/><F117/><W107/><G119/><T44/><D2/><U87/><E33/><V112/><F112/><W25/><G0/><T133/><D75/><U101/><E109/><V79/><F129/><W94/><G107/><T103/><D108/><U78/><E128/><V81/><F124/><W118/><G118/><T63/><D31/><U130/><E130/><V114/><F114/><W5/><G5/><T41/><D133/><U116/><E116/><V3/><F3/><W80/><G127/><T97/><D14/><U126/><E126/><V13/><F135/><W74/><G77/><T46/><D10/><U122/><E67/><V29/><F29/><W55/><G93/><T86/><D86/><U68/><E68/><V70/><F13/><W92/><G92/><T47/><D47/><U15/><E23/><V27/><F27/><W123/><G123/><T1/><D1/><U49/><E91/><V102/><F66/><W58/><G55/><T134/><D134/><U125/><E125/><V21/><F106/><W83/><G83/><T28/><D28/><U38/><E38/><V115/><F115/><W43/><G43/><T56/><D56/><U113/><E113/><V35/><F35/><W50/><G50/><T95/><D95/><U11/><E11/><V4/><F4/><W89/><G89/><T110/><D110/><U71/><E71/><V90/><F90/><W32/><G32/><T16/><D103/><U62/><E62/><V39/><F39/><W8/><G8/><T111/><D111/><U20/><E20/><AGARI ba="0,0" hai="19,20,25,36,37,52,58,61,74,76,80,88,94,99" machi="20" ten="40,8000,1" yaku="25,2,52,1,54,2" doraHai="72" who="3" fromWho="1" sc="470,0,95,-80,209,0,226,80" /><INIT seed="3,0,0,1,1,92" ten="470,15,209,306" oya="3" hai0="3,102,12,108,66,126,44,60,75,58,88,27,67" hai1="22,93,19,120,39,62,100,32,114,117,40,81,61" hai2="132,14,90,63,33,131,31,89,84,51,97,115,101" hai3="116,133,36,86,109,0,91,77,74,54,42,41,69"/><W52/><G116/><T135/><D3/><U10/><E114/><V29/><F115/><W21/><G0/><T23/><D75/><U87/><E120/><V46/><F131/><W4/><G69/><T1/><D1/><U111/><E32/><V30/><F132/><W28/><G4/><T127/><D135/><U18/><E117/><V9/><F33/><W110/><G133/><T59/><D108/><N who="3" m="41577" /><G77/><T78/><D78/><U76/><E111/><V112/><F63/><W125/><G74/><T104/><D12/><N who="1" m="7447" /><E40/><N who="3" m="15466" /><G36/><T55/><D44/><U113/><E39/><V5/><F112/><W122/><G122/><T20/><D88/><N who="2" m="33898" /><F84/><W124/><G21/><T57/><D20/><U118/><E118/><V11/><F11/><W64/><G28/><T47/><D23/><U24/><E113/><V7/><F7/><W71/><G64/><T106/><D66/><U79/><E79/><V68/><F68/><W80/><G71/><T17/><D67/><U35/><E35/><V121/><F121/><W73/><G73/><T134/><D134/><U72/><E72/><V107/><F31/><W98/><G98/><AGARI ba="0,0" hai="19,22,24,61,62,76,81,87,93,98,100" m="7447" machi="98" ten="30,2000,0" yaku="8,1,52,1" doraHai="92" who="1" fromWho="3" sc="470,0,15,20,209,0,306,-20" /><INIT seed="4,0,0,3,5,34" ten="470,35,209,286" oya="0" hai0="58,77,55,50,7,9,103,86,24,95,130,109,27" hai1="28,81,68,129,72,56,15,122,29,53,23,47,21" hai2="125,54,64,135,49,17,11,39,79,63,37,65,128" hai3="33,111,46,99,3,91,43,73,60,4,57,45,98"/><T51/><D130/><U120/><E122/><V36/><F79/><W44/><G73/><T132/><D132/><U104/><E120/><V105/><F105/><W59/><G111/><T127/><D127/><U8/><E104/><V25/><F17/><W62/><G33/><T31/><D109/><U92/><E68/><V0/><F25/><W41/><G4/><T121/><D121/><U42/><E129/><V110/><F110/><W16/><G16/><T83/><D51/><N who="1" m="27127" /><E92/><V90/><F90/><W102/><G91/><T69/><D69/><U117/><E72/><V52/><F11/><W112/><G112/><T6/><D31/><N who="1" m="11851" /><E81/><V82/><F0/><W74/><G74/><T84/><D84/><U114/><E114/><V124/><F82/><W106/><G98/><N who="0" m="59871" /><D9/><U133/><E133/><V78/><F135/><W80/><G3/><T131/><D131/><U107/><E107/><V61/><F128/><W96/><G99/><T22/><D22/><U38/><E38/><V101/><F101/><W1/><G1/><T2/><D2/><U66/><E117/><V70/><F78/><W71/><G71/><T113/><D113/><U12/><E66/><N who="2" m="25707" /><F70/><W119/><G80/><T32/><D32/><U26/><E26/><AGARI ba="0,0" hai="6,7,24,26,27,50,55,58,77,83,86" m="59871" machi="26" ten="30,1500,0" yaku="8,1" doraHai="34" who="0" fromWho="1" sc="470,15,35,-15,209,0,286,0" /><INIT seed="4,1,0,0,1,125" ten="485,20,209,286" oya="0" hai0="8,89,0,53,59,27,91,49,61,21,52,36,90" hai1="48,75,71,99,117,93,115,96,109,84,66,124,122" hai2="20,74,131,104,37,17,116,30,31,100,111,81,56" hai3="120,86,5,46,102,107,18,98,106,69,25,62,87"/><T76/><D36/><U123/><E48/><V15/><F15/><W1/><G107/><T42/><D76/><U121/><E66/><V134/><F134/><W133/><G133/><T2/><D42/><U103/><E71/><V22/><F56/><W113/><G113/><T72/><D72/><U55/><E55/><V129/><F37/><W119/><G119/><T13/><D13/><U41/><E41/><V16/><F111/><W73/><G73/><T29/><REACH who="0" step="1"/><D8/><REACH who="0" ten="475,20,209,286" step="2"/><U127/><E109/><V50/><F74/><W97/><G1/><T118/><D118/><U12/><E117/><V128/><F116/><W63/><G120/><T60/><D60/><U68/><E12/><V4/><F129/><W83/><G63/><T114/><D114/><U38/><E75/><V35/><F131/><W57/><G62/><T95/><D95/><N who="1" m="58783" /><E38/><V45/><F128/><W94/><G94/><T78/><D78/><U77/><E115/><V7/><F104/><W101/><G106/><T64/><D64/><U3/><E3/><V54/><F50/><W39/><G39/><T92/><D92/><U82/><E68/><V58/><F81/><W112/><G112/><T110/><D110/><U9/><E9/><V80/><F80/><W26/><G83/><T23/><D23/><U105/><E105/><V44/><F54/><W32/><G69/><T65/><D65/><U51/><E51/><V24/><F22/><W79/><G79/><T11/><D11/><U126/><E121/><V28/><F20/><W33/><G33/><T19/><D19/><N who="2" m="7242" /><F35/><W130/><G32/><T135/><D135/><RYUUKYOKU ba="1,1" sc="475,15,20,15,209,-15,286,-15" hai0="0,2,21,27,29,49,52,53,59,61,89,90,91" hai1="77,82,84,93,99,122,123,124,126,127" /><INIT seed="4,2,1,3,2,15" ten="490,35,194,271" oya="0" hai0="128,2,79,134,3,106,24,9,4,54,49,56,112" hai1="94,107,121,123,127,109,46,41,45,102,57,111,39" hai2="8,1,126,35,125,18,17,118,64,32,108,90,135" hai3="76,88,87,114,60,47,37,120,62,34,53,75,31"/><T113/><D128/><U124/><E94/><V26/><F64/><W29/><G114/><N who="0" m="44139" /><D134/><U80/><E80/><V51/><F51/><W92/><G120/><N who="1" m="46154" /><E102/><V40/><F40/><W6/><G6/><T89/><D106/><U105/><E107/><V33/><F90/><W103/><G103/><T65/><D65/><U43/><E105/><V22/><F108/><N who="1" m="41545" /><E57/><V7/><F135/><W96/><G75/><T20/><D79/><U83/><E83/><V27/><F118/><W81/><G34/><T38/><D89/><U52/><E52/><V63/><F63/><N who="3" m="24107" /><G37/><AGARI ba="2,1" hai="37,39,41,43,45,46,124,127" m="41545,46154" machi="37" ten="30,3900,0" yaku="23,1,34,2" doraHai="15" who="1" fromWho="3" sc="490,0,35,55,194,0,271,-45" /><INIT seed="5,0,0,2,0,31" ten="490,90,194,226" oya="1" hai0="15,14,8,5,123,102,2,96,133,46,106,62,55" hai1="93,112,81,103,52,98,68,69,64,111,6,75,12" hai2="76,114,121,32,87,3,83,109,125,85,39,37,58" hai3="99,36,53,84,67,43,41,34,119,113,70,38,118"/><U110/><E112/><V57/><F109/><N who="1" m="41481" /><E64/><V130/><F121/><W77/><G113/><T134/><D123/><U26/><E26/><V95/><F3/><W80/><G99/><T65/><D55/><U19/><E6/><V74/><F114/><W27/><G53/><T25/><D25/><U79/><E52/><V40/><F130/><W86/><G86/><T63/><D46/><U20/><AGARI ba="0,0" hai="12,19,20,68,69,75,79,81,93,98,103" m="41481" machi="20" ten="30,1500,0" yaku="10,1" doraHai="31" who="1" fromWho="1" sc="490,-5,90,15,194,-5,226,-5" /><INIT seed="5,1,0,5,3,86" ten="485,105,189,221" oya="1" hai0="66,96,65,61,88,35,111,124,48,63,115,23,47" hai1="131,76,41,85,3,105,24,2,71,56,134,110,70" hai2="120,62,133,27,22,12,122,97,39,60,114,99,100" hai3="43,127,40,21,45,64,92,108,37,54,126,51,8"/><U118/><E118/><V106/><F39/><W31/><G8/><T102/><D35/><U116/><E116/><V19/><F133/><W93/><G108/><T32/><D111/><U101/><E110/><V113/><F99/><W6/><G6/><T25/><D32/><U98/><E134/><V78/><F78/><W72/><G72/><T95/><D115/><N who="2" m="44042" /><F12/><W119/><G64/><N who="0" m="24683" /><D102/><U29/><E131/><V55/><F55/><W53/><G53/><N who="0" m="29855" /><D124/><U59/><E41/><V0/><F0/><W130/><G43/><T5/><D5/><U4/><E56/><V103/><F103/><W11/><G119/><T18/><AGARI ba="1,0" hai="18,23,25,61,63,88,95,96" m="29855,24683" machi="18" ten="30,4000,0" yaku="8,1,52,1,54,1" doraHai="86" who="0" fromWho="0" sc="485,43,105,-21,189,-11,221,-11" /><INIT seed="6,0,0,1,5,133" ten="528,84,178,210" oya="2" hai0="59,89,73,120,3,31,109,57,121,7,26,16,43" hai1="34,88,114,19,56,28,12,125,40,126,41,33,1" hai2="111,118,66,45,36,103,83,52,54,113,11,69,9" hai3="92,39,106,60,105,71,87,29,25,104,102,115,80"/><V21/><F118/><W4/><G39/><T78/><D109/><U65/><E1/><V99/><F111/><W44/><G4/><T122/><D43/><U112/><E88/><V18/><F113/><N who="1" m="43625" /><E56/><V47/><F69/><W2/><G2/><T49/><D89/><U15/><E65/><V14/><F66/><N who="3" m="41415" /><G92/><T68/><D68/><U129/><E129/><V135/><F135/><W70/><G44/><N who="2" m="16969" /><F36/><W128/><G128/><T77/><D16/><U85/><E85/><V107/><F107/><W27/><G27/><T79/><D73/><U94/><E94/><N who="2" m="58871" /><F83/><W131/><G131/><T62/><D49/><U17/><E28/><V0/><F0/><W116/><G70/><T81/><D81/><U38/><E38/><V82/><F82/><W55/><G115/><T84/><D84/><U64/><E64/><V53/><AGARI ba="0,0" hai="9,11,14,18,21,52,53,54" m="58871,16969" machi="53" ten="30,3000,0" yaku="8,1,54,1" doraHai="133" who="2" fromWho="2" sc="528,-10,84,-10,178,30,210,-10" /><INIT seed="6,1,0,5,3,107" ten="518,74,208,200" oya="2" hai0="86,35,116,69,79,130,76,126,93,59,68,128,121" hai1="87,111,119,75,15,19,24,27,91,41,18,122,78" hai2="39,105,71,64,56,134,72,117,133,3,66,80,95" hai3="49,109,30,10,77,44,12,62,108,103,73,89,17"/><V97/><F117/><W22/><G103/><T14/><D116/><U102/><E119/><V58/><F39/><W16/><G30/><T6/><D121/><U57/><E122/><V46/><F46/><W21/><G10/><N who="0" m="4439" /><D126/><U45/><E111/><V54/><F3/><W123/><G123/><T90/><D35/><U129/><E129/><N who="0" m="49769" /><D59/><U38/><E102/><V88/><F105/><W82/><G89/><T51/><D51/><U104/><E104/><V112/><F58/><W20/><G62/><T5/><D5/><U98/><E98/><V84/><F71/><AGARI ba="1,0" hai="68,69,71,76,79,86,90,93" m="49769,4439" machi="71" ten="30,1000,0" yaku="19,1" doraHai="107" who="0" fromWho="2" sc="518,13,74,0,208,-13,200,0" /><INIT seed="7,0,0,1,5,1" ten="531,74,195,200" oya="3" hai0="86,81,16,29,28,114,100,47,15,82,131,12,32" hai1="132,78,71,39,31,109,84,10,128,35,13,6,85" hai2="76,46,77,44,75,18,126,99,51,57,110,69,33" hai3="123,127,130,80,52,118,119,40,124,21,72,67,90"/><W42/><G123/><T87/><D131/><U62/><E109/><V17/><F69/><W59/><G21/><T79/><D32/><U88/><E128/><V106/><F33/><W0/><G0/><T117/><D117/><U134/><E39/><V129/><F110/><W113/><G113/><T104/><D114/><U49/><E78/><V63/><F129/><W108/><G130/><T73/><D73/><U48/><E84/><V11/><F126/><N who="3" m="48171" /><G108/><T60/><D104/><U107/><E107/><V103/><F75/><W91/><G67/><T94/><D60/><U43/><E43/><N who="3" m="16426" /><G72/><T19/><D47/><U7/><E31/><N who="0" m="11849" /><D100/><U70/><E35/><V45/><F51/><W24/><G24/><T98/><D98/><U65/><E71/><V30/><F30/><W95/><G80/><N who="0" m="30827" /><D94/><U56/><E70/><V3/><F3/><W26/><G26/><T53/><D53/><U120/><E120/><V74/><F74/><W4/><G4/><N who="1" m="1578" /><E134/><V23/><F106/><W2/><G2/><T14/><D79/><U135/><E132/><V37/><F77/><W8/><G119/><T27/><D27/><U66/><E135/><V34/><F76/><W61/><G118/><T22/><D22/><U125/><E125/><V38/><F38/><W105/><G105/><T97/><D97/><U25/><E25/><V55/><F37/><W101/><G95/><T9/><D9/><U5/><E66/><V64/><F64/><W83/><G83/><AGARI ba="0,0" hai="5,10,13,48,49,56,62,65,83,85,88" m="1578" machi="83" ten="30,12000,2" yaku="8,1,52,4,54,1" doraHai="1" who="1" fromWho="3" sc="531,0,74,120,195,0,200,-120" owari="531,63.0,194,-21.0,195,0.0,80,-42.0" /></mjloggm>