<mjloggm ver="2.3"><GO type="169" lobby="0"/><UN n0="%E3%83%AA%E3%83%BC%E3%83%81%EF%BC%91" n1="%77%6F%6E%64%65%72%32" n2="%E3%82%A6%E3%83%AB%E3%83%88%E3%83%A9%E7%AB%8B%E7%9B%B4" n3="%E3%82%B8%E3%83%A3%E3%82%B9%E3%83%9F%E3%83%B3%E7%8E%8B%E5%AD%90" dan="16,16,17,16" rate="2114.37,2059.59,2197.38,2089.60" sx="M,M,M,M"/><TAIKYOKU oya="0"/><INIT seed="0,0,0,1,1,91" ten="250,250,250,250" oya="0" hai0="28,78,7,56,86,134,75,125,82,3,19,120,69" hai1="52,70,92,114,5,53,4,24,0,25,90,36,66" hai2="129,63,38,41,59,64,115,68,121,80,51,21,119" hai3="33,89,77,106,26,1,22,43,58,113,60,98,46"/><T123/><D69/><U17/><E36/><V72/><F72/><W62/><G113/><T126/><D28/><U61/><E114/><V2/><F2/><W49/><G1/><T111/><D19/><U13/><E4/><V47/><F80/><W71/><G33/><T96/><D7/><U100/><E100/><V84/><F84/><W127/><G127/><N who="0" m="48651" /><D3/><U97/><E5/><V103/><F103/><W128/><G128/><T109/><D96/><U79/><E79/><V107/><F107/><W95/><G106/><T16/><D56/><N who="1" m="37159" /><E0/><V8/><F8/><W9/><G71/><T102/><D102/><U130/><E130/><V101/><F101/><W93/><G9/><T12/><D75/><U45/><E70/><V74/><F74/><W117/><G117/><T27/><D27/><N who="1" m="10315" /><E45/><V135/><F129/><W76/><G93/><T48/><D134/><U31/><E31/><V112/><F135/><W34/><G34/><T6/><D6/><U32/><E32/><V99/><F119/><W85/><G85/><T30/><D30/><U88/><E90/><V20/><F99/><W11/><G11/><AGARI ba="0,0" hai="11,13,17,52,53,88,92,97" m="10315,37159" machi="11" ten="30,7700,0" yaku="8,1,52,1,54,2" doraHai="91" who="1" fromWho="3" sc="250,0,250,77,250,0,250,-77" /><INIT seed="1,0,0,0,1,25" ten="250,327,250,173" oya="1" hai0="133,117,13,34,38,28,22,131,96,115,14,80,77" hai1="40,52,70,120,11,45,60,37,113,23,81,87,118" hai2="99,103,51,112,76,92,91,19,0,32,121,85,86" hai3="62,49,31,106,114,125,102,68,1,63,33,110,130"/><U46/><E118/><V3/><F121/><W30/><G114/><T100/><D115/><U119/><E113/><V43/><F112/><W104/><G1/><T61/><D117/><U134/><E119/><V2/><F32/><W90/><G33/><T21/><D38/><U53/><E120/><V71/><F71/><W97/><G110/><T17/><D34/><U4/><E134/><V15/><F76/><W27/><G130/><T54/><D133/><U36/><E23/><V73/><F73/><W66/><G125/><T101/><D131/><U93/><E93/><V84/><F51/><W111/><G111/><T47/><D96/><U69/><E81/><V75/><F43/><W5/><G5/><T122/><D122/><U41/><E87/><V128/><F75/><W94/><G27/><T57/><D47/><N who="1" m="17931" /><E11/><V79/><F79/><W88/><G49/><T24/><REACH who="0" step="1"/><D14/><REACH who="0" ten="240,327,250,173" step="2"/><U12/><E12/><V78/><F128/><W65/><G104/><T26/><D26/><U72/><E4/><V10/><REACH who="2" step="1"/><F78/><REACH who="2" ten="240,327,240,173" step="2"/><W124/><G124/><T108/><D108/><U44/><E72/><AGARI ba="0,2" hai="13,17,21,22,24,28,54,57,61,72,77,80,100,101" machi="72" ten="30,3900,0" yaku="1,1,7,1,52,1,53,0" doraHai="25" doraHaiUra="67" who="0" fromWho="1" sc="240,59,327,-39,240,0,173,0" /><INIT seed="2,0,0,0,4,86" ten="299,288,240,173" oya="2" hai0="84,130,81,31,68,35,61,89,52,17,19,7,124" hai1="131,9,79,28,73,107,53,76,56,82,128,88,51" hai2="110,50,59,119,101,96,117,69,27,5,2,103,12" hai3="132,48,36,45,23,62,21,60,0,47,39,83,66"/><V120/><F69/><W106/><G132/><T74/><D74/><U72/><E107/><V97/><F2/><W80/><G106/><T58/><D68/><U30/><E9/><V40/><F120/><W33/><G0/><T67/><D7/><U41/><E41/><V1/><F1/><W26/><G48/><T116/><D116/><U94/><E76/><V126/><F126/><W135/><G26/><T37/><D124/><U102/><E102/><V70/><F70/><W57/><G57/><T115/><D37/><U71/><E73/><V109/><F27/><W64/><REACH who="3" step="1"/><G135/><REACH who="3" ten="299,288,240,163" step="2"/><T3/><D3/><U13/><E71/><V114/><F59/><W111/><G111/><N who="2" m="42505" /><F114/><W38/><G38/><T46/><D115/><U99/><REACH who="1" step="1"/><E13/><REACH who="1" ten="299,278,240,163" step="2"/><V85/><F12/><W49/><G49/><T14/><D14/><U65/><E65/><V11/><F119/><W18/><G18/><T121/><D19/><U4/><E4/><V95/><F117/><W54/><G54/><T24/><D17/><U125/><E125/><V92/><F50/><W75/><G75/><T91/><D67/><U129/><AGARI ba="0,2" hai="28,30,51,53,56,72,79,82,88,94,99,128,129,131" machi="129" ten="30,12000,2" yaku="1,1,0,1,19,1,52,1,54,1,53,1" doraHai="86" doraHaiUra="87" who="1" fromWho="1" sc="299,-30,278,140,240,-60,163,-30" /><INIT seed="3,0,0,0,4,114" ten="269,418,180,133" oya="3" hai0="127,109,49,104,120,65,76,92,53,62,27,106,13" hai1="91,77,71,66,31,55,107,12,25,74,39,56,121" hai2="132,69,38,88,64,15,128,3,124,10,37,35,135" hai3="51,123,99,48,72,54,68,78,115,116,50,89,34"/><W7/><G115/><T97/><D120/><U58/><E91/><V103/><F103/><W14/><G123/><T98/><D127/><U16/><E39/><V59/><F69/><W36/><G36/><T42/><D109/><U8/><E107/><V84/><F35/><W47/><G116/><T6/><D42/><U113/><E113/><V23/><F23/><W79/><G34/><T112/><D112/><U105/><E105/><V70/><F70/><W86/><G68/><T22/><D76/><N who="3" m="29225" /><G99/><T102/><D98/><U17/><E71/><V96/><F3/><W118/><G118/><T134/><D134/><N who="2" m="51242" /><F96/><W81/><G72/><T82/><D82/><U29/><E77/><V61/><F124/><W21/><G7/><T126/><D126/><U57/><E74/><V9/><F128/><W125/><G125/><T67/><D67/><U44/><E66/><V119/><F119/><W108/><G108/><T46/><D6/><U111/><E111/><V117/><F117/><W26/><G14/><T90/><D13/><N who="1" m="7207" /><E25/><V18/><F9/><W24/><G24/><T131/><D131/><U33/><E33/><V11/><F11/><W95/><G81/><AGARI ba="0,0" hai="10,15,18,37,38,59,61,64,81,84,88" m="51242" machi="81" ten="30,2000,0" yaku="20,1,54,1" doraHai="114" who="2" fromWho="3" sc="269,0,418,0,180,20,133,-20" /><INIT seed="4,0,0,3,4,123" ten="269,418,200,113" oya="0" hai0="92,75,104,79,81,71,111,17,22,115,129,21,85" hai1="93,0,5,23,89,102,38,40,52,32,63,33,99" hai2="6,133,59,13,18,130,90,67,37,29,119,124,64" hai3="84,42,110,87,101,15,77,10,126,125,108,44,86"/><T134/><D71/><U69/><E69/><V80/><F6/><W74/><G101/><T100/><D115/><U27/><E40/><V53/><F37/><W61/><G61/><T73/><D129/><U103/><E38/><V135/><F29/><W4/><G74/><T131/><D131/><U83/><E0/><V24/><F24/><W98/><G98/><T34/><D34/><U107/><E5/><V51/><F124/><N who="3" m="47723" /><G77/><T109/><D134/><N who="2" m="51210" /><F119/><W30/><G30/><T117/><D117/><U3/><E83/><V122/><F122/><W127/><N who="3" m="47731" /><W16/><DORA hai="114" /><G4/><T54/><D104/><U88/><E3/><V72/><F130/><W36/><AGARI ba="0,0" hai="10,15,16,36,42,44,84,86,87,108,110" m="47731" machi="36" ten="50,8000,1" yaku="18,1,52,2,54,1" doraHai="123,114" who="3" fromWho="3" sc="269,-40,418,-20,200,-20,113,80" /><INIT seed="5,0,0,0,4,8" ten="229,398,180,193" oya="1" hai0="18,56,119,51,67,35,111,99,123,28,122,44,61" hai1="27,45,38,19,70,125,78,46,110,31,3,92,72" hai2="89,33,88,4,40,135,5,112,132,87,48,60,118" hai3="23,69,9,59,37,127,85,57,47,34,63,43,66"/><U29/><E3/><V117/><F33/><W16/><G34/><T100/><D119/><N who="2" m="45578" /><F60/><W121/><G121/><T90/><D111/><U41/><E70/><V64/><F64/><W133/><G133/><N who="2" m="51273" /><F112/><W36/><G127/><T74/><D74/><U21/><E125/><V91/><F87/><W102/><G37/><T113/><D113/><U53/><E110/><V129/><F129/><W84/><G9/><T11/><D35/><U39/><E92/><V7/><F48/><W10/><G10/><T65/><D65/><U12/><E78/><V30/><F30/><W75/><G75/><T130/><D28/><U68/><E72/><V54/><F54/><W62/><G102/><T52/><D130/><U98/><E98/><V1/><F40/><W94/><G94/><T97/><D99/><U120/><E68/><V6/><F6/><W58/><REACH who="3" step="1"/><G62/><REACH who="3" ten="229,398,180,183" step="2"/><T76/><D100/><U81/><E120/><V80/><F80/><W126/><G126/><T128/><D123/><U17/><E81/><V20/><F20/><W2/><G2/><AGARI ba="0,1" hai="1,2,4,5,7,88,89,91" m="51273,45578" machi="2" ten="40,8000,1" yaku="28,2,20,1,54,1" doraHai="8" who="2" fromWho="3" sc="229,0,398,0,180,90,183,-80" /><INIT seed="6,0,0,1,4,131" ten="229,398,270,103" oya="2" hai0="41,27,113,32,49,112,105,94,15,70,134,107,111" hai1="29,62,77,53,47,132,126,72,0,56,1,63,14" hai2="31,37,25,24,60,33,54,68,96,124,66,43,109" hai3="71,79,133,86,106,128,16,129,114,18,3,85,2"/><V59/><F124/><W28/><G106/><T61/><D111/><U118/><E118/><V102/><F109/><W26/><G71/><T90/><D15/><U4/><E29/><V44/><F25/><W11/><G79/><T30/><D61/><U78/><E126/><V64/><REACH who="2" step="1"/><F68/><REACH who="2" ten="229,398,260,103" step="2"/><W36/><G26/><T65/><D70/><U51/><E72/><V84/><F84/><W115/><G28/><T135/><D27/><U101/><E0/><N who="3" m="42" /><G36/><T122/><D30/><U34/><E1/><V38/><F38/><W9/><G86/><T8/><D122/><U75/><E75/><V20/><F20/><W80/><G85/><T57/><D32/><U116/><E34/><V93/><AGARI ba="0,1" hai="24,31,33,37,43,44,54,59,60,64,66,93,96,102" machi="93" ten="20,3900,0" yaku="1,1,0,1,7,1,53,0" doraHai="131" doraHaiUra="104" who="2" fromWho="2" sc="229,-13,398,-13,260,49,103,-13" /><INIT seed="6,1,0,4,1,81" ten="216,385,309,90" oya="2" hai0="101,73,67,62,59,12,56,107,45,104,121,116,129" hai1="130,128,60,70,21,61,123,126,82,66,127,124,29" hai2="97,92,74,0,18,75,4,54,6,5,2,19,95" hai3="117,16,78,83,27,36,94,28,133,7,120,17,85"/><V109/><F109/><W31/><G133/><T37/><D121/><U47/><E82/><V53/><F97/><W55/><G117/><T35/><D73/><U32/><E32/><V42/><F6/><W134/><G134/><T30/><D56/><U135/><E29/><V20/><F20/><W40/><G120/><T34/><D116/><U76/><E21/><V39/><F42/><W58/><G7/><T113/><D113/><U9/><E9/><V65/><F65/><W49/><G31/><T22/><D129/><N who="1" m="49771" /><E76/><V24/><REACH who="2" step="1"/><F39/><REACH who="2" ten="216,385,299,90" step="2"/><W87/><G36/><T44/><D37/><U100/><E123/><V108/><F108/><W80/><G40/><T106/><D35/><U71/><E100/><V122/><F122/><W89/><REACH who="3" step="1"/><G80/><REACH who="3" ten="216,385,299,80" step="2"/><T1/><D30/><U131/><E131/><V77/><F77/><W102/><G102/><T111/><D101/><U86/><E135/><V3/><F3/><W91/><G91/><T119/><D1/><U96/><E127/><V26/><AGARI ba="1,2" hai="0,2,4,5,18,19,24,26,53,54,74,75,92,95" machi="26" ten="25,18000,2" yaku="1,1,0,1,22,2,53,2" doraHai="81" doraHaiUra="51" who="2" fromWho="2" sc="216,-61,385,-61,299,203,80,-61" /><INIT seed="6,2,0,4,0,89" ten="155,324,502,19" oya="2" hai0="124,54,77,62,11,26,102,3,37,18,96,51,98" hai1="44,121,118,34,32,133,30,5,75,53,28,126,72" hai2="78,22,110,134,81,8,13,60,130,16,27,73,69" hai3="25,63,123,74,107,114,12,36,82,83,135,105,33"/><V112/><F112/><W0/><G0/><T92/><D37/><U94/><E121/><V119/><F119/><W88/><G123/><T103/><D124/><U80/><E118/><V47/><F130/><W45/><G114/><T23/><D77/><U57/><E5/><V61/><F134/><W50/><G36/><T15/><D3/><U101/><E44/><V79/><F110/><W104/><G135/><T122/><D122/><U24/><E133/><V97/><F78/><W85/><G63/><T9/><D62/><U90/><E101/><V111/><F111/><W66/><G66/><T116/><D116/><U128/><E128/><V17/><F69/><W41/><G12/><T65/><D65/><U7/><E7/><V106/><F106/><W40/><G74/><T117/><D117/><U127/><E80/><V108/><F108/><W29/><REACH who="3" step="1"/><G82/><REACH who="3" ten="155,324,502,9" step="2"/><T52/><D15/><U56/><E72/><V125/><F81/><W109/><G109/><T84/><D51/><U55/><E75/><V21/><F13/><W19/><G19/><T76/><D18/><U2/><E2/><V6/><F17/><W95/><G95/><T71/><D92/><U58/><E94/><V46/><F16/><W115/><G115/><T59/><D11/><U39/><E39/><V99/><F8/><W131/><G131/><T10/><D9/><U38/><E38/><V87/><F73/><W86/><G86/><T100/><D10/><U113/><E113/><V70/><F87/><W67/><G67/><T4/><D84/><U14/><E14/><V64/><F64/><W91/><G91/><RYUUKYOKU ba="2,1" sc="155,-10,324,-10,502,-10,9,30" hai3="25,29,33,40,41,45,50,83,85,88,104,105,107" /><INIT seed="7,3,1,4,2,124" ten="145,314,492,39" oya="3" hai0="106,81,12,45,4,91,69,130,15,73,49,99,72" hai1="94,127,31,114,131,42,3,60,103,122,92,48,19" hai2="129,104,5,90,59,41,134,33,32,83,135,118,133" hai3="2,120,71,95,128,123,93,54,70,84,98,8,11"/><W67/><G128/><T111/><D69/><U18/><E60/><V61/><F129/><W126/><G126/><T108/><D130/><U16/><E31/><V25/><F104/><W116/><G116/><T86/><D73/><U110/><E3/><V36/><F118/><W14/><G54/><T87/><D72/><U0/><E0/><V77/><F90/><W75/><G75/><T34/><D34/><U100/><E131/><V26/><F5/><W6/><G84/><T27/><D27/><N who="2" m="10250" /><F41/><W125/><G125/><T47/><D47/><U50/><E127/><V7/><F7/><W29/><G29/><T121/><D121/><U65/><E110/><V44/><F44/><W62/><G71/><T79/><D99/><U82/><E114/><V76/><F36/><W78/><G78/><N who="2" m="30313" /><F83/><W20/><G20/><T9/><D106/><U101/><E122/><V40/><F40/><W17/><REACH who="3" step="1"/><G93/><REACH who="3" ten="145,314,492,29" step="2"/><T112/><D87/><U88/><E42/><V43/><F43/><W56/><G56/><T74/><D79/><U37/><E37/><V115/><F115/><W52/><G52/><AGARI ba="3,2" hai="32,33,52,59,61,133,134,135" m="30313,10250" machi="52" ten="40,2600,0" yaku="20,1,54,1" doraHai="124" who="2" fromWho="3" sc="145,0,314,0,492,55,29,-35" owari="145,-25.0,314,11.0,547,65.0,-6,-51.0" /></mjloggm>