<mjloggm ver="2.3"><GO type="169" lobby="0"/><UN n0="%E3%81%8F%E3%82%8A%74%6F%E3%82%8A%E3%81%99" n1="%E3%82%A6%E3%83%AB%E3%83%88%E3%83%A9%E7%AB%8B%E7%9B%B4" n2="%E7%8E%96%E7%91%9B" n3="%E2%85%A8%E3%81%AE%E4%BC%91%E6%97%A5" dan="16,18,17,16" rate="2233.21,2238.28,2134.09,2161.37" sx="M,M,M,M"/><TAIKYOKU oya="0"/><INIT seed="0,0,0,5,3,119" ten="250,250,250,250" oya="0" hai0="36,102,95,62,120,82,75,104,63,109,70,26,105" hai1="112,111,24,67,131,8,81,130,28,98,99,15,85" hai2="113,135,115,101,97,71,59,49,18,40,10,100,19" hai3="91,23,41,11,128,78,21,89,39,55,22,30,123"/><T87/><D36/><U5/><E111/><V133/><F71/><W35/><G128/><N who="1" m="49194" /><E67/><V72/><F72/><W92/><G78/><N who="0" m="44383" /><D70/><U108/><E108/><V69/><F69/><W60/><G11/><T13/><D13/><U52/><E52/><N who="2" m="32143" /><F40/><W124/><G124/><T32/><D104/><U57/><E57/><V9/><F9/><W74/><G74/><T42/><D42/><U129/><E112/><V93/><F101/><W80/><G60/><T132/><D120/><U43/><E43/><V58/><F58/><W51/><G41/><T12/><D12/><U114/><E114/><N who="2" m="43531" /><F10/><W14/><G39/><T127/><D127/><U107/><E107/><V83/><F83/><W31/><G123/><T56/><D56/><U68/><E68/><V37/><F37/><W79/><G14/><T0/><D63/><U46/><E46/><V50/><F50/><W84/><G35/><T103/><D105/><U73/><E73/><V90/><F100/><W1/><G1/><T47/><D47/><U29/><N who="1" m="49202" /><U125/><DORA hai="77" /><E125/><V25/><F25/><W88/><REACH who="3" step="1"/><G92/><REACH who="3" ten="250,250,250,240" step="2"/><T16/><D62/><U117/><E15/><V86/><F93/><W61/><G61/><T76/><D0/><U106/><E8/><V122/><F122/><W118/><G118/><T33/><D95/><U6/><E117/><V64/><F64/><W4/><G4/><T20/><D109/><U45/><E5/><V17/><F135/><W27/><G27/><T134/><D33/><U65/><E6/><V96/><F133/><W121/><G121/><T110/><D32/><U94/><E106/><RYUUKYOKU ba="0,1" sc="250,-15,250,-15,250,15,240,15" hai2="17,18,19,86,90,96,97" hai3="21,22,23,30,31,51,55,79,80,84,88,89,91" /><INIT seed="1,1,1,2,0,16" ten="235,235,265,255" oya="1" hai0="37,82,61,69,5,74,123,125,135,33,39,48,43" hai1="47,4,122,90,83,84,134,15,52,67,65,120,99" hai2="2,112,58,118,7,31,107,1,116,57,17,68,109" hai3="53,103,63,126,10,32,19,104,129,85,14,55,87"/><U66/><E134/><V92/><F107/><W80/><G129/><T130/><D33/><U9/><REACH who="1" step="1"/><E99/><REACH who="1" ten="235,225,265,255" step="2"/><V78/><F118/><W89/><G126/><T131/><D125/><U94/><E94/><V12/><F92/><W114/><G114/><T70/><D135/><U51/><AGARI ba="1,2" hai="4,9,15,47,51,52,65,66,67,83,84,90,120,122" machi="51" ten="30,6000,0" yaku="1,1,0,1,54,1,53,0" doraHai="16" doraHaiUra="115" who="1" fromWho="1" sc="235,-21,225,83,265,-21,255,-21" /><INIT seed="1,2,0,4,0,56" ten="214,308,244,234" oya="1" hai0="17,135,25,90,51,74,40,81,29,60,63,129,111" hai1="99,47,5,42,11,101,78,132,122,91,114,55,50" hai2="123,86,84,92,110,133,31,95,20,10,79,67,43" hai3="126,3,120,15,44,68,27,26,117,57,118,76,13"/><U87/><E132/><V45/><F123/><W16/><G68/><T108/><D135/><U112/><E122/><V41/><F133/><W127/><G44/><N who="0" m="25991" /><D17/><U58/><E78/><V9/><F110/><N who="0" m="42026" /><D129/><U116/><E116/><N who="3" m="44650" /><G57/><T18/><D18/><U14/><E87/><V82/><F67/><W38/><G38/><T70/><D70/><U1/><E91/><V37/><F37/><W96/><G96/><T107/><D107/><U80/><E80/><V33/><F33/><W72/><G76/><N who="0" m="44183" /><D90/><U28/><E28/><V121/><F121/><W21/><G72/><T119/><D119/><U0/><E114/><V59/><F82/><W4/><G120/><T102/><D102/><U65/><E112/><V62/><F79/><W134/><G134/><T113/><D113/><U7/><E7/><V100/><F100/><W22/><G4/><T24/><D24/><N who="3" m="9257" /><G3/><T12/><D12/><N who="3" m="4681" /><G16/><T124/><D124/><AGARI ba="2,0" hai="21,22,124,126,127" m="4681,9257,44650" machi="124" ten="40,12000,2" yaku="28,2,18,1,12,1,34,2" doraHai="56" who="3" fromWho="0" sc="214,-126,308,0,244,0,234,126" /><INIT seed="2,0,0,1,0,53" ten="88,308,244,360" oya="2" hai0="4,25,24,93,81,101,31,127,50,29,42,103,75" hai1="131,82,51,16,2,61,9,30,62,73,79,39,33" hai2="60,52,23,58,77,46,40,56,122,97,130,47,17" hai3="38,96,14,78,11,135,86,128,114,28,13,34,94"/><V64/><F122/><W3/><G128/><T113/><D113/><U87/><E39/><V19/><F130/><W104/><G135/><T106/><D4/><U10/><E131/><V125/><F125/><W44/><G114/><T71/><D71/><U43/><E33/><V66/><F77/><W95/><G34/><T123/><D106/><U57/><E30/><V12/><F64/><W74/><G28/><T6/><D6/><U120/><E120/><V7/><F40/><W100/><G44/><T105/><D105/><U91/><E2/><V36/><F36/><W63/><G38/><T1/><D1/><U98/><E73/><V89/><F7/><W54/><G95/><T65/><D65/><U108/><E108/><V109/><F109/><W18/><G14/><T15/><D93/><N who="1" m="56639" /><E10/><N who="2" m="6295" /><F97/><W70/><G3/><T107/><D15/><N who="1" m="7279" /><E43/><V124/><F89/><W27/><G70/><T0/><D42/><U118/><E118/><V80/><F80/><N who="3" m="47383" /><G74/><T59/><D107/><U21/><E21/><V67/><F67/><W119/><G119/><T69/><D0/><U116/><E116/><V72/><F124/><W111/><G111/><T117/><D69/><U76/><E76/><V41/><F41/><W83/><G83/><T22/><D127/><U84/><E84/><V37/><F37/><W129/><G129/><T32/><D123/><U45/><E45/><V88/><F72/><W92/><G104/><T55/><REACH who="0" step="1"/><D117/><REACH who="0" ten="78,308,244,360" step="2"/><U126/><E126/><V110/><F110/><W8/><G54/><AGARI ba="0,1" hai="51,54,57,61,62,79,82,87" m="7279,56639" machi="54" ten="30,3900,0" yaku="8,1,52,1,54,1" doraHai="53" who="1" fromWho="3" sc="78,0,308,49,244,0,360,-39" /><INIT seed="3,0,0,2,1,43" ten="78,357,244,321" oya="3" hai0="51,19,3,124,78,108,64,134,40,41,58,55,6" hai1="57,122,65,20,111,71,70,106,42,46,129,87,83" hai2="34,52,53,72,60,49,25,44,18,28,56,109,81" hai3="115,33,13,62,120,77,69,128,96,14,102,126,73"/><W76/><G120/><T98/><D108/><U11/><E106/><V67/><F109/><W22/><G115/><T17/><D134/><U21/><E122/><V104/><F104/><W101/><G128/><T29/><D78/><U133/><E111/><V15/><F72/><W37/><G126/><T38/><D29/><U84/><E11/><V63/><F81/><W68/><G33/><T23/><D64/><U97/><E97/><V116/><F116/><W7/><G37/><T125/><D17/><U79/><E57/><V107/><F107/><W110/><G110/><T114/><D98/><U80/><E133/><V127/><F127/><N who="0" m="48714" /><D114/><U92/><E92/><V36/><F36/><W74/><G96/><T5/><D3/><U123/><E123/><V117/><F117/><W93/><G93/><T0/><D0/><U27/><E65/><V35/><F35/><W132/><G62/><T85/><D85/><U130/><E130/><V48/><REACH who="2" step="1"/><F67/><REACH who="2" ten="78,357,234,321" step="2"/><W10/><G74/><T86/><D38/><U82/><E129/><V75/><F75/><W54/><G73/><T91/><D5/><U31/><E82/><V59/><F59/><W90/><G7/><T16/><D6/><U100/><E80/><V135/><F135/><W45/><G132/><T94/><D19/><U95/><E83/><V30/><F30/><W121/><G121/><T113/><D113/><U24/><E31/><V50/><F50/><W103/><G77/><T112/><D112/><U131/><E79/><V88/><F88/><W8/><G76/><T32/><D32/><U9/><E131/><V119/><F119/><RYUUKYOKU ba="0,1" sc="78,15,357,-15,234,15,321,-15" hai0="16,23,40,41,51,55,58,86,91,94" hai2="15,18,25,28,34,44,48,49,52,53,56,60,63" /><INIT seed="4,1,1,1,1,4" ten="93,342,249,306" oya="0" hai0="35,101,94,18,15,126,91,106,27,129,92,23,46" hai1="119,110,6,2,53,96,48,104,13,108,123,25,89" hai2="1,52,20,120,43,117,57,132,81,54,130,58,31" hai3="61,69,66,93,100,131,97,114,17,128,47,103,26"/><T118/><D118/><U65/><E2/><V62/><F120/><W72/><G72/><T82/><D129/><N who="3" m="49737" /><G114/><T73/><D126/><U70/><E65/><V102/><F130/><W21/><G47/><T22/><D35/><U113/><E70/><V19/><F132/><W10/><G10/><N who="0" m="6519" /><D106/><U38/><E13/><V78/><F1/><W32/><G32/><T56/><D73/><U29/><E6/><V67/><F117/><W79/><G79/><T98/><D46/><U115/><E38/><V116/><F116/><W95/><G103/><N who="0" m="60871" /><D56/><N who="1" m="32807" /><E123/><V133/><F102/><W111/><G111/><T112/><D112/><N who="1" m="43083" /><E119/><V44/><F133/><W16/><G17/><T50/><D50/><U9/><E9/><V11/><F31/><W122/><G122/><T99/><D27/><U135/><E135/><V90/><F11/><W64/><G64/><T86/><AGARI ba="1,1" hai="22,23,82,86,91,94,99,101" m="60871,6519" machi="86" ten="30,3000,0" yaku="8,1,52,1" doraHai="4" who="0" fromWho="0" sc="93,43,342,-11,249,-11,306,-11" /><INIT seed="4,2,0,1,2,105" ten="136,331,238,295" oya="0" hai0="98,51,79,59,23,84,32,93,0,45,77,35,130" hai1="123,38,90,116,14,125,31,53,33,109,50,6,100" hai2="17,107,47,73,48,91,94,56,4,113,81,60,124" hai3="71,2,62,63,102,76,46,64,111,37,12,119,65"/><T44/><D130/><U135/><E100/><V16/><F107/><W22/><G111/><T74/><D0/><U52/><E53/><V133/><F113/><W75/><G119/><T20/><D84/><U103/><E14/><V122/><F122/><W92/><G2/><T54/><D59/><U61/><E61/><V57/><F133/><W9/><G22/><T21/><D45/><U86/><E50/><V18/><F4/><W104/><G104/><T25/><D74/><U29/><E52/><V95/><F124/><W89/><G102/><T28/><REACH who="0" step="1"/><D32/><REACH who="0" ten="126,331,238,295" step="2"/><U82/><E86/><N who="2" m="50639" /><F73/><W112/><G75/><T121/><D121/><U88/><E33/><V40/><F57/><W115/><G46/><T85/><D85/><U110/><E123/><V101/><F101/><AGARI ba="2,1" hai="20,21,23,25,28,35,44,51,54,77,79,93,98,101" machi="101" ten="40,3900,0" yaku="1,1,53,1" doraHai="105" doraHaiUra="96" who="0" fromWho="2" sc="126,55,331,0,238,-45,295,0" /><INIT seed="4,3,0,1,5,80" ten="181,331,193,295" oya="0" hai0="12,15,124,121,75,34,112,31,105,133,48,22,45" hai1="89,50,10,65,60,130,7,1,57,3,122,96,41" hai2="32,126,79,29,93,78,17,128,35,51,88,53,125" hai3="42,74,58,54,43,63,28,70,21,83,109,134,114"/><T9/><D105/><U92/><E122/><V113/><F128/><W23/><G109/><T33/><D121/><U85/><E130/><V97/><F113/><W110/><G110/><T132/><D112/><U67/><E1/><V44/><F17/><W94/><G114/><T98/><D75/><U131/><E131/><V127/><REACH who="2" step="1"/><F29/><REACH who="2" ten="181,331,183,295" step="2"/><W25/><G28/><T71/><D31/><U39/><E7/><V56/><F56/><W86/><G58/><T108/><D108/><U117/><E57/><V19/><F19/><W52/><G70/><T90/><D71/><U6/><E6/><V82/><F82/><W59/><G83/><T129/><D129/><U66/><E117/><V46/><F46/><W111/><G59/><T40/><D133/><U119/><E119/><V5/><F5/><W11/><G111/><T81/><D81/><U55/><E67/><V68/><F68/><W77/><G134/><T18/><D132/><U61/><E66/><V0/><F0/><W106/><G25/><T102/><D124/><U84/><E3/><V115/><F115/><W16/><G16/><T72/><D72/><U123/><E65/><V14/><F14/><W69/><G74/><T30/><D30/><U26/><E26/><V103/><F103/><W76/><G69/><T101/><D101/><U100/><E100/><V116/><F116/><W91/><G63/><T104/><REACH who="0" step="1"/><D90/><REACH who="0" ten="171,331,183,295" step="2"/><N who="1" m="55319" /><E123/><V20/><F20/><N who="3" m="7755" /><G106/><T118/><D118/><U37/><E89/><V107/><F107/><W2/><G91/><T64/><D64/><U8/><E61/><V120/><F120/><W99/><G11/><RYUUKYOKU ba="3,2" sc="171,15,331,-15,183,15,295,-15" hai0="9,12,15,18,22,33,34,40,45,48,98,102,104" hai2="32,35,44,51,53,78,79,88,93,97,125,126,127" /><INIT seed="4,4,2,4,5,76" ten="186,316,198,280" oya="0" hai0="42,27,100,116,74,72,10,53,121,134,5,105,84" hai1="127,61,80,122,135,54,89,6,58,56,14,83,40" hai2="23,106,41,123,46,117,19,110,108,98,47,87,88" hai3="2,97,18,118,32,130,92,93,78,30,95,16,69"/><T75/><D121/><U71/><E71/><V49/><F123/><W99/><G118/><T7/><D116/><U65/><E122/><V114/><F117/><W94/><G130/><T21/><D134/><U8/><E127/><V25/><F114/><W96/><G69/><T115/><D115/><U129/><E129/><V79/><F79/><W91/><G2/><T112/><D112/><U22/><E135/><V85/><F85/><W59/><G78/><T57/><D42/><U133/><E133/><V103/><REACH who="2" step="1"/><F46/><REACH who="2" ten="186,316,188,280" step="2"/><W68/><G68/><T124/><D84/><U24/><E40/><V20/><F20/><W28/><G32/><T26/><D124/><U62/><E89/><V63/><F63/><W44/><G44/><T125/><D125/><U52/><E65/><V1/><F1/><W9/><G9/><T67/><D67/><U31/><AGARI ba="4,3" hai="6,8,14,22,24,31,52,54,56,58,61,62,80,83" machi="31" ten="20,12000,2" yaku="0,1,7,1,9,1,8,1,52,2,54,1" doraHai="76" who="1" fromWho="1" sc="186,-64,316,162,188,-34,280,-34" /><INIT seed="5,0,0,0,0,135" ten="122,478,154,246" oya="1" hai0="64,3,1,102,80,22,58,31,114,44,54,132,42" hai1="115,69,37,53,61,66,106,116,75,14,47,16,52" hai2="96,107,81,85,108,12,36,24,56,77,6,82,129" hai3="63,9,15,86,50,105,26,90,65,125,28,18,113"/><U128/><E106/><V55/><F36/><W87/><G113/><T119/><D119/><U109/><E75/><V122/><F108/><W46/><G105/><T32/><D32/><U29/><E116/><V78/><F122/><W76/><G125/><T134/><D64/><U4/><E4/><V73/><F129/><W91/><G28/><T123/><D102/><U23/><E128/><V104/><F96/><W62/><G26/><T33/><D33/><U11/><E115/><V7/><F24/><W112/><G76/><T88/><D123/><U0/><E109/><V120/><F7/><W13/><G13/><T127/><D127/><U68/><E68/><V19/><F6/><W2/><G2/><T35/><D22/><U40/><E0/><V43/><F43/><W79/><G79/><T60/><D114/><U101/><E101/><V21/><F120/><W30/><G30/><T95/><D80/><U110/><E110/><V72/><REACH who="2" step="1"/><F85/><REACH who="2" ten="122,478,144,246" step="2"/><W49/><G87/><N who="0" m="52639" /><D31/><U84/><E84/><V103/><F103/><W17/><G86/><T20/><D35/><U89/><E29/><V99/><F99/><W59/><G112/><T130/><D130/><U126/><E37/><V93/><F93/><W118/><G118/><T51/><D20/><U25/><E23/><V71/><F71/><W45/><G91/><T97/><D97/><U133/><E89/><V100/><F100/><W98/><G90/><T38/><D38/><U34/><E69/><V131/><F131/><W124/><G98/><T94/><D94/><U92/><E92/><V74/><F74/><W39/><G39/><RYUUKYOKU ba="0,1" sc="122,15,478,-15,144,15,246,-15" hai0="1,3,42,44,51,54,58,60,132,134" hai2="12,19,21,55,56,72,73,77,78,81,82,104,107" /><INIT seed="6,1,1,3,0,120" ten="137,463,159,231" oya="2" hai0="110,82,58,8,89,96,126,100,91,40,105,68,38" hai1="113,21,41,75,60,80,10,79,95,123,116,115,112" hai2="25,49,6,67,69,28,43,52,0,37,87,101,86" hai3="35,51,111,130,94,78,62,26,77,15,76,93,84"/><V16/><F101/><W14/><G111/><T50/><D68/><U17/><E116/><V74/><F74/><W55/><G130/><T71/><D71/><U9/><E123/><V99/><F99/><W2/><G2/><T102/><D110/><U135/><E135/><V39/><F0/><W34/><G62/><T70/><D70/><U3/><E3/><V129/><F6/><W85/><G51/><T124/><D38/><U106/><E106/><V66/><F129/><W22/><G55/><N who="0" m="32119" /><D40/><U45/><E95/><N who="3" m="36362" /><G22/><T20/><D8/><U64/><E60/><N who="2" m="40135" /><F67/><W19/><G19/><T134/><D102/><U61/><E61/><V47/><F37/><W133/><G26/><T83/><D20/><U1/><E64/><V11/><F28/><W92/><N who="3" m="36370" /><W13/><DORA hai="31" /><G133/><T90/><D134/><U122/><E1/><V12/><F25/><W98/><G98/><T127/><AGARI ba="1,1" hai="82,83,89,90,91,96,100,105,124,126,127" m="32119" machi="127" ten="40,1500,0" yaku="18,1" doraHai="120,31" who="0" fromWho="0" sc="137,28,463,-5,159,-8,231,-5" /><INIT seed="7,0,0,4,4,95" ten="165,458,151,226" oya="3" hai0="56,112,121,3,89,93,110,58,85,20,35,45,96" hai1="59,25,11,41,109,46,123,84,18,8,125,79,74" hai2="102,30,51,120,36,14,94,2,135,99,28,105,118" hai3="72,1,0,68,92,126,52,65,63,10,38,66,4"/><W132/><G132/><T57/><D35/><U113/><E74/><V34/><F36/><W23/><G126/><T80/><D110/><U50/><E113/><V26/><F135/><W16/><G38/><T40/><D121/><U21/><E109/><V71/><F2/><W98/><G72/><T97/><D3/><U116/><E123/><V124/><F124/><W60/><G1/><T129/><D129/><U88/><E116/><V122/><F118/><W77/><G77/><T61/><D112/><U111/><E111/><V76/><F71/><W15/><G52/><N who="0" m="33927" /><D20/><U114/><E114/><V100/><F76/><W117/><G117/><T19/><D19/><U48/><E125/><V55/><F30/><W47/><G47/><T87/><D40/><U127/><E127/><V103/><F14/><W106/><G106/><T91/><D45/><N who="1" m="25647" /><E59/><AGARI ba="0,0" hai="57,58,59,80,85,87,89,91,93,96,97" m="33927" machi="59" ten="30,7700,0" yaku="8,1,52,2,54,1" doraHai="95" who="0" fromWho="1" sc="165,77,458,-77,151,0,226,0" owari="242,4.0,381,48.0,151,-35.0,226,-17.0" /></mjloggm>