<mjloggm ver="2.3"><GO type="169" lobby="0"/><UN n0="%E3%81%8D%E3%81%A4%E3%83%BC%E3%81%AD" n1="%69%6E%66%6F%31%32%33" n2="%E3%83%88%E3%83%88%E3%83%AA%E5%85%88%E7%94%9F%31%39%E6%AD%B3" n3="%E5%A4%A9%E9%AD%94%E5%A4%AA%E9%83%8E" dan="16,16,19,16" rate="2129.04,2115.48,2291.02,2027.92" sx="M,M,F,M"/><TAIKYOKU oya="0"/><INIT seed="0,0,0,4,0,36" ten="250,250,250,250" oya="0" hai0="56,85,19,118,5,123,87,125,8,70,32,100,134" hai1="27,76,6,55,83,97,81,129,67,10,91,68,106" hai2="29,112,107,30,135,11,2,69,64,115,133,104,124" hai3="102,98,128,86,89,77,88,51,78,4,16,120,31"/><T33/><D123/><U58/><E129/><V9/><F64/><W43/><G120/><T95/><D118/><U59/><E68/><V103/><F69/><W52/><G43/><T35/><D70/><U61/><E27/><V24/><F103/><W75/><G75/><T38/><D38/><U23/><E23/><V20/><F107/><W116/><G128/><T28/><D134/><N who="2" m="51210" /><F104/><W14/><G4/><T65/><D19/><U108/><E108/><V3/><F124/><W105/><G89/><T40/><D28/><N who="2" m="10858" /><F20/><W53/><G31/><T37/><D125/><U84/><E106/><V44/><F44/><W130/><G130/><T82/><D82/><U109/><E109/><V49/><F49/><W80/><G53/><T0/><D65/><U72/><E97/><V110/><F24/><W15/><G15/><T26/><D56/><U25/><E25/><V94/><F94/><W117/><G116/><T126/><D26/><U127/><E127/><V12/><F110/><W48/><G48/><T113/><D126/><U50/><E67/><V45/><F45/><W99/><G99/><T47/><REACH who="0" step="1"/><D113/><REACH who="0" ten="240,250,250,250" step="2"/><N who="2" m="43594" /><F11/><N who="3" m="6239" /><G117/><T17/><D17/><AGARI ba="0,1" hai="2,3,9,12,17" m="43594,10858,51210" machi="17" ten="30,3900,0" yaku="20,1,34,2" doraHai="36" who="2" fromWho="0" sc="240,-39,250,0,250,49,250,0" /><INIT seed="1,0,0,0,1,26" ten="201,250,299,250" oya="1" hai0="81,132,121,89,90,9,72,68,70,55,14,123,54" hai1="24,4,17,78,94,95,45,20,84,112,93,100,76" hai2="42,69,82,102,126,124,8,58,62,83,107,27,1" hai3="118,108,37,67,47,66,120,91,34,56,131,119,97"/><U110/><E112/><V87/><F69/><W71/><G34/><T2/><D132/><U61/><E110/><V28/><F42/><N who="3" m="22991" /><G97/><T92/><D2/><U39/><E4/><N who="2" m="1039" /><F87/><W86/><G120/><N who="0" m="46155" /><D72/><U18/><E61/><V64/><F102/><W25/><G25/><T115/><D115/><U43/><E100/><V111/><F107/><W31/><G86/><N who="0" m="50383" /><D68/><U38/><E38/><V32/><F111/><W23/><G56/><T22/><D22/><U11/><REACH who="1" step="1"/><E84/><REACH who="1" ten="201,240,299,250" step="2"/><V79/><F62/><W6/><G108/><T30/><D70/><U74/><E74/><V12/><F124/><W51/><G71/><T127/><D127/><U13/><AGARI ba="0,1" hai="11,13,17,18,20,24,39,43,45,76,78,93,94,95" machi="13" ten="30,3000,0" yaku="1,1,0,1,53,0" doraHai="26" doraHaiUra="77" who="1" fromWho="1" sc="201,-10,240,40,299,-10,250,-10" /><INIT seed="1,1,0,4,2,102" ten="191,280,289,240" oya="1" hai0="40,115,130,13,46,123,73,76,47,77,90,25,41" hai1="61,44,107,118,74,75,36,119,99,122,43,87,38" hai2="58,91,85,22,49,51,89,67,108,62,34,53,81" hai3="32,121,12,128,94,26,80,132,133,19,66,112,48"/><U100/><E122/><V83/><F34/><W95/><G121/><T114/><D123/><U16/><E36/><V134/><F108/><W116/><G112/><T65/><D130/><U78/><E61/><V88/><F134/><W2/><G116/><T59/><D13/><U106/><E106/><V124/><F124/><W72/><G2/><T30/><D90/><U98/><E98/><V96/><F96/><W110/><G110/><T5/><D5/><U70/><E70/><V24/><F83/><W84/><G72/><T1/><D73/><U113/><E113/><V54/><F54/><W57/><G128/><T31/><D59/><U117/><REACH who="1" step="1"/><E16/><REACH who="1" ten="191,270,289,240" step="2"/><V27/><F51/><W82/><G19/><T71/><D71/><U135/><E135/><V97/><F97/><W33/><G48/><T7/><D25/><U0/><E0/><V9/><F27/><W3/><G26/><T126/><D1/><U23/><E23/><V10/><F22/><W8/><G3/><T129/><D129/><U111/><E111/><V131/><F24/><W120/><G120/><T17/><D17/><U37/><E37/><V4/><F131/><W18/><G133/><T15/><D15/><U109/><E109/><V11/><REACH who="2" step="1"/><F4/><REACH who="2" ten="191,270,279,240" step="2"/><W69/><G132/><T79/><D7/><U50/><E50/><V68/><AGARI ba="1,2" hai="9,10,11,49,53,58,62,67,68,81,85,88,89,91" machi="68" ten="30,7900,0" yaku="1,1,2,1,0,1,54,1,53,0" doraHai="102" doraHaiUra="92" who="2" fromWho="2" sc="191,-21,270,-40,279,102,240,-21" /><INIT seed="2,0,0,5,2,91" ten="170,230,381,219" oya="2" hai0="9,82,78,0,34,7,52,3,6,58,74,37,4" hai1="54,70,10,123,60,66,111,71,19,119,98,18,118" hai2="11,33,112,116,126,47,85,110,105,12,88,73,62" hai3="75,56,1,77,28,76,40,31,132,27,20,23,25"/><V48/><F112/><W109/><G109/><T36/><D34/><U104/><E111/><V131/><F110/><W38/><G132/><T51/><REACH who="0" step="1"/><D9/><REACH who="0" ten="160,230,381,219" step="2"/><U46/><E10/><V101/><F11/><W5/><G1/><AGARI ba="0,1" hai="0,1,3,4,6,7,36,37,51,52,58,74,78,82" machi="1" ten="40,8000,1" yaku="1,1,2,1,54,1,53,1" doraHai="91" doraHaiUra="53" who="0" fromWho="3" sc="160,90,230,0,381,0,219,-80" /><INIT seed="3,0,0,2,1,78" ten="250,230,381,139" oya="3" hai0="104,45,35,98,134,66,126,19,51,129,55,131,34" hai1="49,38,94,70,67,36,127,105,132,109,108,26,56" hai2="123,28,59,96,135,61,1,114,97,63,33,31,130" hai3="24,99,48,82,84,80,21,54,13,6,115,16,44"/><W102/><G115/><T68/><D126/><U52/><E105/><V11/><F114/><W88/><G80/><T128/><D134/><U10/><E94/><V8/><F135/><W27/><REACH who="3" step="1"/><G6/><REACH who="3" ten="250,230,381,129" step="2"/><T77/><D131/><U9/><E132/><V15/><F130/><W107/><AGARI ba="0,1" hai="13,16,21,24,27,44,48,54,82,84,88,99,102,107" machi="107" ten="20,24000,3" yaku="1,1,2,1,0,1,7,1,52,1,54,2,53,1" doraHai="78" doraHaiUra="79" who="3" fromWho="3" sc="250,-80,230,-80,381,-80,129,250" /><INIT seed="3,1,0,2,1,95" ten="170,150,301,379" oya="3" hai0="134,21,4,25,54,67,2,46,83,99,28,13,72" hai1="60,100,85,63,93,105,126,82,124,51,11,65,39" hai2="120,116,10,19,98,35,71,62,86,18,104,118,70" hai3="76,106,41,102,125,135,115,96,20,33,114,29,47"/><W88/><G33/><T27/><D134/><U113/><E39/><V61/><F35/><W57/><G135/><T78/><D67/><U121/><E121/><V112/><F112/><W9/><G76/><T3/><D4/><U92/><E113/><V45/><F120/><W49/><G125/><N who="1" m="48234" /><E51/><V44/><F86/><W48/><G9/><T1/><D13/><U109/><E109/><V17/><F10/><W119/><G119/><T103/><D27/><U53/><E53/><V129/><F129/><W43/><G88/><T128/><D128/><U108/><E108/><V131/><F131/><W77/><G77/><T22/><D54/><U30/><E30/><V117/><F104/><W69/><G69/><N who="2" m="26121" /><F98/><W79/><G79/><T66/><D66/><U84/><E84/><V38/><F38/><W101/><G101/><T68/><D68/><N who="1" m="42023" /><E63/><AGARI ba="1,0" hai="17,18,19,44,45,61,62,63,116,117,118" m="26121" machi="63" ten="40,2600,0" yaku="28,2" doraHai="95" who="2" fromWho="1" sc="170,0,150,-29,301,29,379,0" /><INIT seed="4,0,0,0,4,78" ten="170,121,330,379" oya="0" hai0="110,75,38,130,15,122,49,94,55,124,113,95,18" hai1="53,89,97,11,61,57,36,54,111,118,133,35,47" hai2="98,119,114,21,116,90,6,103,42,29,25,87,30" hai3="19,32,5,72,70,96,93,39,92,1,26,20,43"/><T50/><D122/><U107/><E111/><V33/><F114/><W85/><G72/><T77/><D38/><U27/><E118/><V99/><F42/><W100/><G70/><T69/><D69/><U45/><E133/><V101/><F6/><W102/><G32/><T120/><D120/><U134/><E134/><V16/><F99/><W3/><G5/><T51/><D113/><U76/><E76/><V104/><F101/><W44/><REACH who="3" step="1"/><G85/><REACH who="3" ten="170,121,330,369" step="2"/><T123/><D123/><U127/><E35/><V73/><F73/><W81/><G81/><T41/><D110/><U82/><E82/><N who="2" m="49527" /><F33/><W8/><G8/><T106/><D75/><U128/><E11/><V14/><F25/><W67/><G67/><T23/><D41/><U86/><E27/><V31/><F116/><W125/><G125/><T64/><D124/><U13/><E86/><V40/><F40/><W56/><G56/><T84/><D64/><U83/><E57/><V0/><F119/><W34/><G34/><T129/><D55/><U7/><E54/><V17/><F0/><W9/><G9/><T112/><D112/><U24/><E24/><V59/><F59/><W46/><G46/><T4/><D4/><U80/><E53/><V108/><F108/><W74/><G74/><T71/><D71/><U37/><E47/><V52/><F52/><W60/><G60/><T63/><D63/><U126/><E45/><V48/><F21/><W109/><G109/><T22/><D22/><U88/><E127/><V10/><F10/><W131/><G131/><T105/><D130/><U135/><E126/><V68/><F68/><RYUUKYOKU ba="0,1" sc="170,-10,121,-10,330,-10,369,30" hai3="1,3,19,20,26,39,43,44,92,93,96,100,102" /><INIT seed="5,1,1,0,3,29" ten="160,111,320,399" oya="1" hai0="25,103,83,24,65,50,100,61,64,40,80,132,53" hai1="39,68,27,129,51,85,30,118,90,95,127,6,79" hai2="22,34,69,62,4,113,76,86,45,58,84,3,93" hai3="15,13,121,74,72,21,11,122,56,106,37,120,2"/><U92/><E118/><V46/><F69/><W128/><G106/><T31/><D132/><U89/><E39/><V67/><F34/><W16/><G37/><T77/><D40/><U55/><E68/><V57/><F113/><W78/><G2/><T107/><D107/><U73/><E129/><V105/><F105/><W20/><G78/><T71/><D65/><U96/><E127/><V0/><F4/><W126/><G126/><T82/><D77/><U35/><E6/><V66/><F76/><W47/><G47/><T26/><D31/><U104/><E104/><V10/><F10/><W112/><G128/><T54/><REACH who="0" step="1"/><D50/><REACH who="0" ten="150,111,320,399" step="2"/><U1/><E1/><V17/><F3/><W32/><G122/><T7/><D7/><U131/><E131/><V102/><F66/><W94/><G121/><T117/><D117/><U97/><E73/><V135/><F135/><W63/><G74/><T19/><D19/><U38/><E38/><V116/><F0/><W60/><G16/><T23/><D23/><U8/><E8/><V124/><F124/><W101/><G11/><T87/><D87/><N who="2" m="33322" /><F22/><W123/><G21/><T44/><D44/><N who="2" m="17002" /><F17/><W134/><G20/><T9/><D9/><U99/><REACH who="1" step="1"/><E79/><REACH who="1" ten="150,101,320,399" step="2"/><V14/><F116/><W18/><G120/><T119/><D119/><U75/><E75/><V130/><F130/><W133/><G123/><T110/><D110/><U114/><E114/><V115/><F115/><W48/><G112/><T12/><D12/><U42/><E42/><V41/><F41/><W49/><G15/><T91/><D91/><U28/><E28/><V88/><F14/><RYUUKYOKU ba="1,3" sc="150,15,101,15,320,-15,399,-15" hai0="24,25,26,53,54,61,64,71,80,82,83,100,103" hai1="27,30,35,51,55,85,89,90,92,95,96,97,99" /><INIT seed="5,2,3,0,2,99" ten="165,116,305,384" oya="1" hai0="68,79,114,121,74,133,71,87,66,28,131,39,12" hai1="88,51,44,34,42,22,61,64,31,130,93,103,52" hai2="26,135,50,46,14,0,53,41,75,62,119,101,3" hai3="7,73,107,47,95,6,48,100,132,5,70,76,58"/><U94/><E130/><V35/><F119/><W97/><G70/><T2/><D131/><U18/><E34/><V59/><F75/><W106/><G132/><T38/><D133/><U120/><E120/><V11/><F135/><W113/><G113/><T86/><D114/><U25/><E42/><V45/><F35/><W33/><G33/><T89/><D121/><U117/><E117/><V124/><F124/><W81/><REACH who="3" step="1"/><G58/><REACH who="3" ten="165,116,305,374" step="2"/><T112/><D112/><U85/><E31/><V109/><F109/><W102/><G102/><T10/><D71/><U60/><E64/><V84/><F101/><W13/><G13/><T36/><D68/><U98/><AGARI ba="2,4" hai="18,22,25,44,51,52,60,61,85,88,93,94,98,103" machi="98" ten="30,12000,1" yaku="0,1,8,1,52,1,54,2" doraHai="99" who="1" fromWho="1" sc="165,-42,116,166,305,-42,374,-42" /><INIT seed="5,3,0,0,5,18" ten="123,282,263,332" oya="1" hai0="32,5,9,100,72,125,105,52,37,4,41,34,42" hai1="33,120,88,24,132,133,43,98,75,31,13,124,64" hai2="0,112,127,22,10,92,96,93,16,57,65,30,103" hai3="135,113,73,61,97,56,131,80,60,21,67,15,63"/><U69/><E75/><V11/><F127/><W8/><G135/><T111/><D111/><U25/><E120/><V119/><F119/><W81/><G131/><T14/><D125/><U28/><E124/><V95/><F30/><W78/><G81/><T59/><D72/><U40/><E13/><V29/><F29/><W54/><G113/><T7/><D105/><U129/><E129/><V79/><F79/><W84/><G73/><T89/><D100/><U2/><E2/><V94/><F112/><W39/><G39/><T121/><D121/><U116/><E116/><V49/><F0/><W107/><G67/><T36/><D89/><U104/><E43/><V118/><F118/><W108/><G108/><T48/><D42/><U134/><E40/><V114/><F114/><W115/><G115/><T122/><D122/><U77/><E77/><V101/><F101/><W66/><G66/><T130/><D130/><U19/><E19/><V23/><F23/><W86/><G86/><T109/><D109/><U17/><E17/><V99/><F99/><W35/><G21/><T110/><D110/><U74/><E74/><V71/><F71/><W126/><G35/><T106/><D106/><U82/><E82/><V27/><F49/><N who="3" m="30799" /><G126/><T1/><D1/><U51/><E51/><V90/><F103/><N who="3" m="62959" /><G63/><AGARI ba="3,0" hai="10,11,16,22,27,57,63,65,90,92,93,94,95,96" machi="63" ten="40,5200,0" yaku="8,1,52,1,54,1" doraHai="18" who="2" fromWho="3" sc="123,0,282,0,263,61,332,-61" /><INIT seed="6,0,0,4,2,93" ten="123,282,324,271" oya="2" hai0="109,57,96,114,103,19,31,75,69,21,7,26,54" hai1="133,71,64,60,59,127,39,132,67,91,84,123,107" hai2="78,131,40,118,53,87,98,11,23,45,101,82,128" hai3="72,43,108,37,129,8,117,110,112,3,51,17,50"/><V106/><F118/><W126/><G72/><T105/><D109/><U97/><E39/><V52/><F23/><W56/><G3/><T38/><D38/><U49/><E127/><V122/><F122/><W47/><G8/><T62/><D75/><U79/><E79/><V121/><F121/><W63/><G17/><T20/><D114/><U0/><E0/><V1/><F40/><W77/><G77/><T134/><D134/><U22/><E22/><V46/><F46/><N who="3" m="23919" /><G117/><T44/><D44/><U119/><E119/><V36/><F36/><W41/><G129/><N who="2" m="49737" /><F45/><W116/><G116/><T100/><D7/><AGARI ba="0,0" hai="1,7,11,52,53,78,82,87,98,101,106" m="49737" machi="7" ten="30,5800,0" yaku="19,1,52,1,54,1" doraHai="93" who="2" fromWho="0" sc="123,-58,282,0,324,58,271,0" /><INIT seed="6,1,0,5,4,13" ten="65,282,382,271" oya="2" hai0="31,106,28,107,95,1,134,75,41,21,4,96,98" hai1="11,57,97,37,61,103,60,121,24,93,29,115,12" hai2="51,123,15,38,67,64,14,122,132,48,130,131,100" hai3="92,81,8,65,9,66,120,119,109,79,49,40,129"/><V2/><F100/><W20/><G109/><T87/><D41/><U25/><E37/><V77/><F38/><W110/><G110/><T85/><D21/><U27/><E115/><V124/><F77/><W78/><G120/><T63/><D63/><U91/><E121/><V112/><F2/><W126/><G126/><T36/><D1/><U116/><E116/><V10/><F10/><W18/><G129/><T5/><D36/><U43/><E43/><V86/><F86/><W71/><G71/><T6/><D95/><U69/><E69/><V32/><F32/><W23/><G92/><T135/><D75/><U73/><E73/><V89/><F89/><W59/><G119/><T50/><D50/><U62/><E103/><V68/><F68/><W125/><G125/><T16/><REACH who="0" step="1"/><D6/><REACH who="0" ten="55,282,382,271" step="2"/><U127/><E127/><V47/><F124/><W26/><G49/><T76/><D76/><U55/><E29/><V17/><F47/><W80/><G79/><T114/><D114/><U52/><E57/><V70/><F70/><W58/><G59/><T7/><D7/><AGARI ba="1,1" hai="7,11,12,24,25,27,52,55,60,61,62,91,93,97" machi="7" ten="40,2600,0" yaku="8,1,54,1" doraHai="13" who="1" fromWho="0" sc="55,-29,282,39,382,0,271,0" /><INIT seed="7,0,0,3,4,20" ten="26,321,382,271" oya="3" hai0="53,35,71,112,57,44,92,63,132,68,52,43,41" hai1="55,34,104,85,16,27,122,100,81,6,118,83,105" hai2="59,60,79,13,54,98,130,103,19,62,116,76,114" hai3="77,22,38,31,88,72,96,28,14,90,26,117,42"/><W115/><G117/><T11/><D11/><U108/><E108/><V125/><F116/><W113/><G38/><T74/><D92/><U73/><E118/><V89/><F114/><N who="3" m="43531" /><G42/><T9/><D9/><U134/><E122/><V78/><F130/><W1/><G1/><T101/><D101/><U61/><E134/><V5/><F125/><W12/><G31/><T32/><D74/><U69/><E6/><V58/><F5/><W106/><G106/><T102/><D102/><U0/><E0/><V133/><F133/><W2/><G2/><T67/><D132/><U94/><E73/><V30/><F30/><W4/><G4/><T25/><D25/><U131/><E131/><V80/><F103/><W15/><G96/><T97/><D97/><U110/><E110/><V107/><F107/><W45/><G45/><T129/><D112/><U123/><E123/><V120/><F120/><W93/><G93/><T50/><D129/><U21/><E34/><V126/><F126/><W135/><G135/><T111/><D35/><U24/><E83/><AGARI ba="0,0" hai="12,14,15,22,26,28,72,77,83,88,90" m="43531" machi="83" ten="30,5800,0" yaku="15,1,52,1,54,1" doraHai="20" who="3" fromWho="1" sc="26,0,321,-58,382,0,271,58" /><INIT seed="7,1,0,0,0,38" ten="26,263,382,329" oya="3" hai0="63,89,44,109,111,91,17,98,121,1,112,35,42" hai1="76,123,41,26,65,0,19,128,6,52,81,120,30" hai2="103,8,39,88,71,124,77,115,100,92,7,66,37" hai3="69,79,40,68,118,107,23,59,14,13,108,56,58"/><W126/><G107/><T97/><D63/><U20/><E65/><V25/><F77/><W78/><G118/><T72/><D17/><U27/><E52/><V75/><F75/><W74/><G108/><T127/><D44/><U16/><E41/><V113/><F124/><W95/><G126/><T106/><D42/><U130/><E81/><V53/><F25/><W82/><G79/><T31/><D31/><U101/><E101/><N who="2" m="38987" /><F53/><W134/><G134/><T94/><D94/><U116/><E76/><V15/><F66/><W12/><G40/><T122/><D98/><U135/><E135/><V49/><F49/><W36/><G36/><T32/><D97/><U117/><E6/><V34/><F34/><W129/><G129/><N who="1" m="49770" /><E0/><V99/><F71/><W96/><REACH who="3" step="1"/><G23/><REACH who="3" ten="26,263,382,319" step="2"/><T132/><D91/><AGARI ba="1,1" hai="12,13,14,56,58,59,68,69,74,78,82,91,95,96" machi="91" ten="40,12000,1" yaku="1,1,2,1,53,3" doraHai="38" doraHaiUra="55" who="3" fromWho="0" sc="26,-123,263,0,382,0,319,133" owari="-97,-60.0,263,-14.0,382,18.0,452,56.0" /></mjloggm>