<mjloggm ver="2.3"><GO type="169" lobby="0"/><UN n0="%E9%AE%AB%E5%B3%B6%E5%AE%8F%E6%98%8C%CE%B1" n1="%E3%81%9F%E3%81%BE%E3%81%94%E3%81%AE%E3%81%8A%E3%81%98%E3%81%95%E3%82%93" n2="%E3%82%A6%E3%83%AB%E3%83%88%E3%83%A9%E7%AB%8B%E7%9B%B4" n3="%E3%81%BE%E3%81%82%E3%81%BC%E3%81%86%E5%A4%A7%E4%BD%90" dan="16,16,17,16" rate="2172.02,2116.83,2142.01,2113.75" sx="M,M,M,F"/><TAIKYOKU oya="0"/><INIT seed="0,0,0,1,1,25" ten="250,250,250,250" oya="0" hai0="4,134,31,129,112,83,1,34,125,81,130,131,65" hai1="56,64,119,50,84,110,100,49,37,79,111,75,94" hai2="99,27,122,117,67,73,24,40,10,53,11,92,90" hai3="97,69,120,35,126,43,8,41,121,89,88,39,46"/><T102/><D112/><U98/><E119/><V62/><F122/><N who="3" m="47211" /><G126/><T72/><D125/><U77/><E37/><V109/><F73/><W93/><G69/><T22/><D134/><U19/><E75/><V128/><F40/><N who="3" m="22815" /><G35/><T86/><D72/><U3/><E3/><V105/><F105/><W28/><G28/><T30/><D34/><U17/><E64/><V5/><F109/><N who="1" m="41481" /><E56/><V57/><F128/><W32/><G32/><T70/><D102/><U59/><E59/><V12/><F117/><W87/><G8/><N who="0" m="2063" /><D22/><U103/><E103/><V108/><F108/><W76/><G76/><N who="1" m="29258" /><E84/><V54/><F11/><W68/><G68/><T82/><D86/><U26/><E26/><AGARI ba="0,0" hai="5,10,12,24,26,27,53,54,57,62,67,90,92,99" machi="26" ten="40,1300,0" yaku="8,1" doraHai="25" who="2" fromWho="1" sc="250,0,250,-13,250,13,250,0" /><INIT seed="1,0,0,1,5,96" ten="250,237,263,250" oya="1" hai0="23,81,40,35,55,73,58,15,111,57,9,66,14" hai1="27,86,115,7,46,8,134,120,6,92,105,63,45" hai2="69,101,41,108,13,135,116,47,22,95,5,121,124" hai3="29,68,16,61,3,82,72,20,70,43,122,87,31"/><U71/><E120/><V74/><F121/><W78/><G3/><T127/><D35/><U119/><E115/><V98/><F116/><W114/><G114/><T67/><D127/><U33/><E119/><V113/><F113/><W110/><G110/><T91/><D111/><U123/><E105/><V79/><F108/><W126/><G126/><T37/><D37/><U56/><E71/><V36/><F124/><W112/><G112/><T34/><D34/><U12/><E134/><V88/><F69/><W10/><G10/><T97/><D73/><U129/><E129/><V17/><F135/><W21/><G43/><T60/><D40/><U39/><E6/><V102/><REACH who="2" step="1"/><F5/><REACH who="2" ten="250,237,253,250" step="2"/><W118/><G70/><T38/><D38/><U128/><E123/><V103/><F103/><W125/><G68/><T89/><D67/><U90/><E39/><V80/><AGARI ba="0,1" hai="13,17,22,36,41,47,74,79,80,88,95,98,101,102" machi="80" ten="30,12000,2" yaku="1,1,0,1,52,2,54,1,53,1" doraHai="96" doraHaiUra="93" who="2" fromWho="2" sc="250,-30,237,-60,253,130,250,-30" /><INIT seed="2,0,0,3,4,49" ten="220,177,383,220" oya="2" hai0="125,6,11,24,31,76,78,112,37,127,119,100,39" hai1="15,97,126,25,79,132,17,82,32,80,9,52,16" hai2="63,95,10,59,123,93,91,47,43,74,19,89,124" hai3="130,110,121,65,107,2,70,51,122,23,45,22,34"/><V88/><F74/><W131/><G34/><T3/><D112/><U14/><E132/><V99/><F124/><N who="0" m="47690" /><D119/><U55/><E126/><V84/><F123/><W42/><G2/><T115/><D115/><U64/><E64/><V96/><F10/><W108/><G107/><T134/><D134/><U28/><E97/><V69/><F69/><W117/><G22/><N who="0" m="15767" /><D100/><U92/><E92/><V13/><F84/><W7/><G23/><T116/><D116/><U75/><E82/><V4/><F4/><W77/><G7/><T109/><D109/><N who="3" m="42089" /><G77/><AGARI ba="0,0" hai="3,6,11,37,39,76,77,78" m="15767,47690" machi="77" ten="30,1000,0" yaku="18,1" doraHai="49" who="0" fromWho="3" sc="220,10,177,0,383,0,220,-10" /><INIT seed="3,0,0,2,5,56" ten="230,177,383,210" oya="3" hai0="83,46,58,26,19,44,42,105,103,8,134,40,55" hai1="61,114,120,116,133,74,77,49,128,2,115,104,124" hai2="28,57,25,7,11,63,100,85,72,80,33,113,9" hai3="110,130,22,81,71,13,66,118,70,117,92,5,95"/><W21/><G130/><T106/><D134/><U121/><E77/><V23/><F113/><N who="1" m="43017" /><E2/><V59/><F72/><W35/><G81/><T67/><D67/><U87/><E87/><V126/><F126/><W32/><G13/><T15/><D83/><U69/><E104/><V39/><F39/><W127/><G66/><T43/><D103/><U38/><E74/><V53/><F100/><W109/><REACH who="3" step="1"/><G5/><REACH who="3" ten="230,177,383,200" step="2"/><T119/><D119/><U132/><E116/><V50/><F7/><W101/><G101/><T20/><D106/><U64/><E128/><V52/><F33/><W48/><G48/><N who="0" m="31079" /><D105/><U37/><E124/><AGARI ba="0,1" hai="21,22,32,35,70,71,92,95,109,110,117,118,124,127" machi="124" ten="25,4800,0" yaku="1,1,22,2,53,0" doraHai="56" doraHaiUra="3" who="3" fromWho="1" sc="230,0,177,-48,383,0,200,58" /><INIT seed="3,1,0,4,5,117" ten="230,129,383,258" oya="3" hai0="130,75,49,99,67,111,37,50,10,90,12,97,28" hai1="93,29,87,32,61,118,123,127,13,133,45,27,56" hai2="15,78,135,3,102,5,89,64,17,134,91,112,71" hai3="65,132,124,51,95,82,83,101,39,103,33,4,94"/><W8/><G33/><T113/><D75/><U110/><E118/><V120/><F112/><W92/><G39/><T35/><D113/><U69/><E110/><V55/><F78/><W53/><G65/><T122/><D122/><U52/><E133/><V84/><F102/><N who="3" m="38923" /><G124/><T11/><D130/><U36/><E127/><V16/><F64/><W96/><G132/><N who="2" m="50729" /><F71/><W81/><G8/><T114/><D37/><U77/><E69/><V59/><F3/><W7/><G96/><T62/><D111/><U30/><E30/><V106/><F106/><W63/><G63/><T73/><D73/><U38/><E123/><V105/><F105/><W34/><G34/><T98/><D114/><U24/><E24/><V44/><F120/><W85/><G85/><T129/><D129/><U1/><E1/><V40/><F84/><W108/><G108/><T6/><D11/><U14/><E36/><N who="2" m="21511" /><F5/><W115/><G115/><T79/><D79/><U126/><E126/><V20/><F17/><W107/><G107/><T80/><D35/><U31/><E31/><V26/><F26/><W19/><G19/><T9/><D28/><U66/><E66/><V128/><F128/><W131/><G131/><T23/><D23/><U70/><E70/><V109/><F109/><W74/><G74/><T58/><D9/><U21/><E32/><V119/><F119/><W72/><G72/><T57/><D58/><AGARI ba="1,0" hai="4,7,51,53,58,81,82,83,92,94,95" m="38923" machi="58" ten="30,1500,0" yaku="8,1" doraHai="117" who="3" fromWho="0" sc="230,-18,129,0,383,0,258,18" /><INIT seed="3,2,0,2,0,37" ten="212,129,383,276" oya="3" hai0="46,13,100,32,107,50,39,22,79,72,89,69,0" hai1="28,41,66,43,134,104,38,54,62,45,49,1,51" hai2="48,91,73,95,128,124,14,47,17,35,25,36,68" hai3="122,44,87,31,9,77,52,67,40,123,3,74,19"/><W4/><G67/><T27/><D0/><U42/><E104/><V12/><F36/><N who="3" m="21511" /><G87/><T23/><D69/><N who="1" m="42199" /><E1/><V82/><F68/><W5/><G5/><T26/><D32/><U112/><E28/><V81/><F128/><W83/><G19/><T55/><D39/><U118/><E112/><V30/><F73/><W111/><G111/><T78/><D72/><U65/><E134/><V18/><F14/><W102/><G102/><T132/><D132/><U70/><E118/><V34/><F18/><W127/><G127/><T115/><D115/><U98/><E98/><V110/><F124/><W103/><G103/><T117/><D117/><U63/><E38/><V7/><F7/><W96/><G96/><T71/><D71/><U85/><E85/><V61/><F17/><W8/><G8/><T16/><D13/><U113/><E113/><V120/><F12/><W80/><G80/><T90/><D100/><U94/><E94/><V92/><F82/><W58/><G31/><T6/><D6/><U76/><E76/><N who="0" m="29225" /><D107/><U10/><E10/><V93/><F110/><W105/><G105/><T106/><D106/><U129/><E129/><V84/><F81/><W126/><G126/><T64/><D64/><U75/><E75/><V130/><F93/><W57/><G57/><AGARI ba="2,0" hai="41,42,43,45,49,51,54,57,63,65,70" m="42199" machi="57" ten="30,16000,3" yaku="35,5,52,3" doraHai="37" who="1" fromWho="3" sc="212,0,129,166,383,0,276,-166" /><INIT seed="4,0,0,3,0,59" ten="212,295,383,110" oya="0" hai0="121,95,61,123,45,0,19,130,109,129,76,102,34" hai1="29,84,101,69,3,91,86,70,107,31,77,88,51" hai2="5,118,64,104,23,117,85,36,124,8,116,58,2" hai3="132,92,120,83,22,111,35,1,47,78,119,105,134"/><T81/><D0/><U9/><E77/><V108/><F104/><W72/><G111/><T133/><D34/><U87/><E51/><V4/><F108/><W11/><G119/><T49/><D109/><U97/><E3/><V65/><F36/><W21/><G35/><T126/><D126/><U39/><E39/><V48/><F124/><W27/><G105/><T40/><D133/><N who="3" m="51305" /><G120/><T55/><D19/><U75/><E75/><V32/><F32/><W38/><G92/><T71/><D102/><U15/><E31/><V7/><F85/><W127/><G127/><T125/><D125/><U67/><E29/><V103/><F103/><W37/><G37/><N who="0" m="21647" /><D95/><U122/><E122/><N who="0" m="46601" /><D81/><U16/><REACH who="1" step="1"/><E67/><REACH who="1" ten="212,285,383,110" step="2"/><V50/><F65/><W41/><G27/><T26/><D76/><U94/><E94/><V66/><F64/><W33/><G33/><T25/><D26/><U128/><E128/><N who="0" m="49257" /><D25/><U114/><E114/><V18/><F2/><W73/><G72/><T57/><D71/><AGARI ba="0,1" hai="9,15,16,69,70,71,84,86,87,88,91,97,101,107" machi="71" ten="40,8000,1" yaku="1,1,54,2,53,1" doraHai="59" doraHaiUra="93" who="1" fromWho="0" sc="212,-80,285,90,383,0,110,0" /><INIT seed="5,0,0,1,2,42" ten="132,375,383,110" oya="1" hai0="68,39,104,133,31,107,19,90,55,78,30,128,1" hai1="73,17,82,69,92,65,23,85,9,125,38,109,108" hai2="43,48,83,44,79,34,45,113,32,26,96,129,130" hai3="101,70,5,99,126,115,131,66,29,81,13,98,52"/><U6/><E125/><V62/><F62/><W63/><G126/><T75/><D39/><U119/><E119/><V106/><F26/><W64/><G131/><N who="2" m="50185" /><F113/><W2/><G115/><T10/><D68/><U24/><E38/><N who="2" m="21623" /><F96/><W88/><G2/><T14/><D128/><U135/><E135/><V54/><F106/><W28/><G5/><T35/><D133/><U123/><E123/><V110/><F110/><N who="1" m="42601" /><E65/><N who="3" m="25194" /><G70/><T124/><D124/><U33/><E33/><V36/><F36/><W121/><G121/><T132/><D132/><U102/><E73/><AGARI ba="0,0" hai="32,34,45,48,54,73,79,83" m="21623,50185" machi="73" ten="30,3900,0" yaku="19,1,52,2" doraHai="42" who="2" fromWho="1" sc="132,0,375,-39,383,39,110,0" /><INIT seed="6,0,0,4,2,43" ten="132,336,422,110" oya="2" hai0="74,16,9,88,21,127,73,34,111,93,30,122,52" hai1="5,130,99,63,50,24,53,40,119,69,6,71,116" hai2="117,77,85,103,124,12,37,48,126,92,66,128,47" hai3="25,45,121,4,91,75,29,57,58,56,76,87,28"/><V27/><F37/><W26/><G121/><T107/><D122/><U17/><E130/><V44/><F117/><W54/><G75/><T33/><D107/><U8/><E40/><V39/><F66/><W125/><G76/><T123/><D123/><U55/><E99/><V96/><F128/><W62/><G125/><N who="2" m="48233" /><F27/><N who="3" m="10251" /><G4/><T23/><D127/><U97/><E97/><V36/><F12/><W102/><G102/><T86/><D111/><U32/><E32/><V46/><F48/><N who="3" m="28943" /><G62/><T120/><D120/><U15/><E71/><V83/><AGARI ba="0,0" hai="36,39,44,46,47,77,83,85,92,96,103" m="48233" machi="83" ten="40,12000,1" yaku="18,1,52,3" doraHai="43" who="2" fromWho="2" sc="132,-40,336,-40,422,120,110,-40" /><INIT seed="6,1,0,1,0,60" ten="92,296,542,70" oya="2" hai0="0,9,90,95,68,25,113,69,110,24,76,124,89" hai1="34,73,28,106,94,116,123,104,101,97,13,88,130" hai2="49,31,30,2,22,29,120,15,70,111,47,23,66" hai3="127,43,129,132,1,48,99,92,56,134,80,39,57"/><V72/><F72/><W93/><G1/><T32/><D110/><U131/><E13/><V103/><F2/><W71/><G71/><T18/><D124/><U20/><E28/><V105/><F111/><W65/><G39/><T6/><D113/><U114/><E20/><V87/><F120/><W63/><G127/><T102/><D76/><U46/><E34/><V77/><F103/><W59/><G129/><T37/><D37/><U125/><E46/><V8/><F105/><W58/><G80/><T107/><D107/><U54/><E54/><V11/><F70/><W112/><G112/><T50/><D50/><U7/><E7/><V17/><F66/><N who="3" m="39271" /><G43/><T135/><D135/><N who="3" m="51753" /><G92/><T10/><D32/><U21/><E106/><V19/><F77/><W75/><G75/><T109/><D109/><U55/><E73/><V40/><F87/><W86/><G86/><T42/><D42/><U16/><E125/><V119/><F119/><W121/><G121/><T85/><D102/><U118/><E123/><V98/><F98/><W133/><N who="3" m="51761" /><W74/><DORA hai="64" /><G74/><T52/><D89/><U126/><E126/><V67/><F40/><W128/><G128/><T115/><D115/><U81/><E114/><V41/><F41/><W78/><G78/><T14/><REACH who="0" step="1"/><D52/><REACH who="0" ten="82,296,542,70" step="2"/><U33/><E55/><V62/><F49/><W51/><G65/><T35/><D35/><U3/><E131/><V79/><F79/><W122/><G122/><T45/><D45/><U26/><E130/><V83/><F47/><W82/><G82/><T38/><D38/><U4/><E81/><V61/><F83/><RYUUKYOKU ba="1,1" sc="82,15,296,-15,542,-15,70,15" hai0="0,6,9,10,14,18,24,25,68,69,85,90,95" hai3="48,51,57,58,59,93,99" /><INIT seed="7,2,1,5,3,13" ten="97,281,527,85" oya="3" hai0="25,71,49,44,37,133,58,87,100,36,15,39,96" hai1="53,40,6,113,9,31,105,80,78,135,131,1,104" hai2="8,126,16,4,62,115,70,47,82,57,111,42,110" hai3="112,74,73,5,91,125,11,124,38,81,114,66,2"/><W54/><G38/><T118/><D118/><U130/><E113/><N who="3" m="43626" /><G66/><T72/><D72/><N who="3" m="27753" /><G54/><T88/><D71/><U68/><E68/><V93/><F70/><W108/><G108/><T45/><D133/><U79/><E40/><V101/><F42/><W51/><G51/><T41/><D25/><U63/><E135/><V21/><F62/><W3/><G3/><T67/><D15/><U109/><E31/><V29/><F111/><W94/><G81/><T75/><D75/><U132/><E80/><V107/><F82/><W95/><G95/><T24/><D24/><U35/><E109/><V14/><F93/><W90/><G90/><T33/><D33/><U116/><E35/><V46/><F110/><W64/><G64/><T32/><D32/><U27/><E132/><V0/><F0/><W99/><AGARI ba="2,1" hai="2,5,11,91,94,99,124,125" m="27753,43626" machi="99" ten="40,2100,0" yaku="15,1" doraHai="13" who="3" fromWho="3" sc="97,-9,281,-9,527,-9,85,37" /><INIT seed="7,3,0,3,1,128" ten="88,272,518,122" oya="3" hai0="101,127,106,90,135,32,53,19,91,15,112,125,99" hai1="119,88,58,24,8,35,13,107,21,68,52,133,31" hai2="73,28,17,113,104,97,98,102,60,70,27,95,49" hai3="56,14,89,61,50,116,42,126,63,10,132,124,130"/><W100/><G132/><T82/><D32/><U83/><E68/><V111/><F73/><W44/><G130/><T37/><D37/><U3/><E107/><V5/><F5/><W77/><G116/><T43/><D43/><U109/><E109/><V7/><F7/><N who="3" m="3423" /><G100/><T0/><D0/><U46/><E3/><V62/><F111/><W75/><G89/><N who="0" m="33803" /><D112/><U45/><E35/><V57/><F70/><W79/><G75/><T48/><D82/><U65/><E65/><V38/><F38/><W105/><G105/><T64/><D64/><U66/><E66/><V86/><F102/><W40/><G42/><T123/><D123/><U67/><E67/><V74/><F74/><W23/><G23/><T84/><D84/><N who="1" m="50207" /><E133/><V36/><F104/><W16/><G79/><T39/><D39/><U9/><E119/><V92/><F113/><W122/><G122/><T114/><D114/><U6/><E9/><V110/><F110/><W1/><G1/><T54/><D15/><U80/><E80/><V129/><F129/><W2/><G2/><T115/><D115/><U120/><E120/><V26/><F97/><W87/><G87/><T34/><D34/><U85/><E85/><V59/><F98/><W121/><G77/><T103/><D103/><U134/><E134/><V93/><F86/><W29/><G121/><T18/><D135/><U33/><E33/><V76/><F76/><W22/><G40/><T20/><D20/><U69/><E69/><V11/><F93/><W71/><G71/><T94/><D106/><U12/><E12/><N who="2" m="7327" /><F95/><W4/><G22/><T72/><D72/><RYUUKYOKU ba="3,0" sc="88,-10,272,30,518,-10,122,-10" hai1="6,8,13,21,24,31,45,46,52,58" owari="78,-42.0,302,10.0,508,61.0,112,-29.0" /></mjloggm>