<mjloggm ver="2.3"><GO type="169" lobby="0"/><UN n0="%43%2E%43%2E%E3%82%B5%E3%83%90%E3%82%B7%E3%82%A2" n1="%EF%BC%92%E5%B9%B4%E7%9B%AE%E3%81%AE%EF%BD%83" n2="%E3%83%88%E3%83%88%E3%83%AA%E5%85%88%E7%94%9F%31%39%E6%AD%B3" n3="%E3%81%A9%E3%81%84%E3%83%BC%E3%82%93" dan="16,16,19,17" rate="2076.85,2014.58,2307.14,2145.90" sx="F,M,F,M"/><TAIKYOKU oya="0"/><INIT seed="0,0,0,0,2,134" ten="250,250,250,250" oya="0" hai0="133,35,115,101,7,94,20,63,41,120,93,5,21" hai1="107,87,66,128,42,27,78,56,62,29,125,43,52" hai2="45,129,103,71,111,90,95,44,79,100,13,67,26" hai3="1,31,61,74,2,119,68,18,70,106,122,99,24"/><T130/><D115/><U131/><E107/><V108/><F129/><W124/><G70/><T76/><D120/><U37/><E125/><V97/><F79/><W81/><G124/><T109/><D35/><U84/><E66/><V121/><F121/><W116/><G18/><T49/><D130/><N who="1" m="49707" /><E37/><V38/><F26/><W0/><G122/><T89/><D76/><U104/><E104/><V47/><F38/><W57/><G57/><T114/><D114/><U32/><E78/><V110/><REACH who="2" step="1"/><F13/><REACH who="2" ten="250,250,240,250" step="2"/><W14/><G14/><T30/><D133/><U22/><E32/><V50/><F50/><W10/><G119/><T127/><D127/><U73/><E73/><V33/><F33/><W112/><G116/><T36/><D36/><U59/><E59/><V25/><F25/><W58/><G112/><T105/><D49/><U51/><E51/><V102/><F102/><W83/><G58/><T96/><D101/><U40/><AGARI ba="0,1" hai="22,27,29,40,42,43,52,56,62,84,87" m="49707" machi="40" ten="30,2000,0" yaku="19,1,54,1" doraHai="134" who="1" fromWho="1" sc="250,-10,250,30,240,-5,250,-5" /><INIT seed="1,0,0,4,2,65" ten="240,280,235,245" oya="1" hai0="102,61,91,71,121,34,78,95,72,38,21,16,47" hai1="9,56,30,51,85,62,59,26,12,92,22,77,111" hai2="48,60,20,49,82,76,110,109,69,32,115,28,94" hai3="96,35,4,8,43,73,128,103,107,19,129,2,123"/><U15/><E111/><N who="2" m="42507" /><F32/><W98/><G123/><T29/><D121/><U55/><E77/><V87/><F115/><W126/><G73/><T133/><D133/><U74/><E74/><V1/><F1/><W45/><G35/><T18/><D102/><U14/><E85/><V33/><F33/><W24/><G126/><T125/><D34/><U46/><E92/><V86/><F28/><W44/><G98/><T5/><D5/><U25/><E25/><V124/><F20/><N who="3" m="13343" /><G43/><T23/><D29/><U119/><E119/><V88/><F124/><W39/><G39/><T57/><D38/><U122/><E122/><V93/><F93/><W100/><G100/><T117/><D95/><U0/><E0/><V81/><F94/><W3/><G3/><T99/><D117/><U84/><E84/><V116/><F116/><W89/><G89/><T36/><D91/><U132/><E132/><V7/><F7/><W120/><G120/><T104/><D72/><U114/><E114/><V27/><F27/><W134/><G134/><T41/><D36/><U106/><E106/><V131/><F131/><AGARI ba="0,0" hai="2,4,8,44,45,96,103,107,128,129,131" m="13343" machi="131" ten="30,1000,0" yaku="19,1" doraHai="65" who="3" fromWho="2" sc="240,0,280,0,235,-10,245,10" /><INIT seed="2,0,0,5,4,45" ten="240,280,225,255" oya="2" hai0="15,82,31,55,6,108,4,89,100,80,26,96,63" hai1="21,14,110,48,61,34,79,25,129,37,85,133,56" hai2="74,84,68,123,121,42,98,46,116,60,135,3,107" hai3="102,16,22,20,36,2,23,39,28,40,114,41,57"/><V86/><F116/><W134/><G2/><T13/><D108/><U109/><E37/><V19/><F74/><W18/><G102/><T77/><D89/><U81/><E133/><V130/><F3/><W47/><G28/><T24/><D63/><U93/><E129/><V53/><F130/><W83/><G134/><T126/><D126/><U50/><E34/><V112/><F135/><W131/><G131/><T43/><D55/><U38/><E38/><V8/><F112/><W29/><G29/><T111/><D111/><N who="1" m="42507" /><E93/><V117/><F117/><W75/><G57/><T70/><D70/><U51/><E14/><V113/><F113/><W103/><G103/><T71/><D71/><U17/><E61/><V64/><F42/><W119/><G119/><T128/><D128/><U78/><E56/><V44/><F44/><W59/><G59/><T95/><D43/><U33/><E33/><V101/><F123/><W92/><G92/><T7/><D15/><U132/><E132/><V87/><F121/><W12/><G114/><T69/><D69/><U91/><AGARI ba="0,0" hai="17,21,25,48,50,51,78,79,81,85,91" m="42507" machi="91" ten="30,7900,0" yaku="14,1,52,3" doraHai="45" who="1" fromWho="1" sc="240,-20,280,79,225,-39,255,-20" /><INIT seed="3,0,0,1,2,96" ten="220,359,186,235" oya="3" hai0="128,17,49,42,35,8,44,61,64,57,113,115,63" hai1="117,81,82,93,39,3,26,100,105,34,129,95,43" hai2="48,101,88,7,85,90,4,54,120,53,18,78,109" hai3="19,70,52,119,62,15,135,6,66,79,98,28,46"/><W86/><G119/><T106/><D128/><U112/><E3/><V124/><F109/><W71/><G135/><T116/><D116/><U59/><E39/><V24/><F124/><W75/><G75/><T80/><D35/><U67/><E43/><V89/><F120/><W55/><G71/><T37/><D106/><U27/><E117/><V30/><F18/><W107/><G28/><T5/><D17/><U58/><E34/><V2/><F2/><W102/><G6/><T73/><D49/><U56/><E67/><V32/><F54/><W130/><G130/><T11/><D63/><U134/><E129/><V0/><F0/><W97/><G97/><T133/><D133/><U51/><E58/><V16/><F101/><W110/><G110/><T99/><D99/><U10/><E100/><V122/><F122/><W23/><REACH who="3" step="1"/><G46/><REACH who="3" ten="220,359,186,225" step="2"/><T74/><D74/><U12/><E134/><V1/><F16/><W118/><G118/><T38/><D5/><U77/><E112/><V29/><F29/><W21/><G21/><T83/><D73/><U68/><E68/><V111/><F111/><W45/><G45/><T87/><D113/><U91/><E10/><V123/><F123/><W31/><G31/><T13/><D11/><U41/><E59/><N who="2" m="33191" /><F1/><W33/><G33/><T72/><D115/><U76/><E56/><V22/><F32/><W14/><G14/><T65/><D13/><U47/><E12/><V36/><F36/><W69/><G69/><T20/><D38/><U103/><E47/><V125/><F125/><W60/><G60/><N who="0" m="37903" /><D37/><U92/><E105/><V9/><F9/><RYUUKYOKU ba="0,1" sc="220,-15,359,-15,186,15,225,15" hai2="4,7,22,24,30,78,85,88,89,90" hai3="15,19,23,52,55,62,66,70,79,86,98,102,107" /><INIT seed="3,1,1,3,3,1" ten="205,344,201,240" oya="3" hai0="67,55,111,50,16,77,88,127,54,23,118,72,125" hai1="10,69,85,60,81,66,76,35,56,134,9,64,15" hai2="120,6,29,7,20,46,42,90,65,26,108,19,45" hai3="0,21,43,86,70,22,36,100,68,2,107,13,119"/><W105/><G119/><T80/><D118/><U47/><E134/><V93/><F108/><W117/><G117/><T41/><D111/><U52/><E35/><V82/><F120/><W12/><G86/><N who="0" m="50247" /><D67/><U8/><E69/><V101/><F65/><W74/><G100/><T98/><D98/><U114/><E114/><V28/><F82/><W49/><G49/><T34/><D34/><U58/><E47/><N who="2" m="17931" /><F42/><W84/><G84/><T132/><D41/><U129/><E129/><V39/><F39/><W73/><REACH who="3" step="1"/><G43/><REACH who="3" ten="205,344,201,230" step="2"/><T92/><D50/><N who="1" m="30743" /><E64/><V112/><F101/><W91/><G91/><T40/><D40/><U131/><E131/><V48/><F48/><W57/><G57/><T95/><D125/><U130/><E130/><V38/><F112/><W59/><G59/><T121/><D127/><U89/><E89/><V115/><F115/><W109/><G109/><T106/><D72/><U4/><AGARI ba="1,2" hai="4,8,9,10,15,58,60,66,76,81,85" m="30743" machi="4" ten="30,4000,0" yaku="8,1,52,1,54,1" doraHai="1" who="1" fromWho="1" sc="205,-11,344,63,201,-11,230,-21" /><INIT seed="4,0,0,2,1,92" ten="194,407,190,209" oya="0" hai0="128,110,117,37,34,57,121,39,8,47,60,72,58" hai1="70,43,111,30,81,97,48,98,118,65,13,38,84" hai2="85,113,77,36,9,7,87,76,79,106,63,112,24" hai3="23,71,46,52,69,135,96,33,6,14,123,0,61"/><T50/><D34/><U16/><E38/><N who="0" m="14345" /><D8/><U132/><E111/><V108/><F108/><W32/><G123/><T66/><D72/><U78/><E118/><V27/><F36/><W89/><G135/><T64/><D110/><U31/><E132/><V22/><F63/><W29/><G33/><T11/><D11/><N who="1" m="6207" /><E70/><V53/><F53/><W5/><G5/><T93/><D93/><U51/><E65/><N who="0" m="25193" /><D117/><U109/><E109/><V74/><F74/><W88/><G96/><N who="1" m="36970" /><E43/><V75/><F75/><W4/><G32/><T59/><D128/><U18/><E18/><V62/><F106/><W67/><G0/><T115/><D115/><U82/><E82/><V44/><F113/><W122/><G122/><T120/><D60/><U15/><E15/><N who="2" m="5567" /><F62/><W119/><G14/><T1/><D1/><U101/><E101/><V125/><F112/><W116/><G119/><T130/><D130/><U105/><E105/><V10/><F24/><W91/><G116/><T99/><D99/><U124/><E124/><V41/><F125/><W86/><G86/><T21/><D21/><U95/><E95/><V104/><F104/><W35/><G35/><T94/><D94/><U103/><E103/><V20/><F10/><W134/><G134/><T107/><D107/><U114/><E114/><V68/><F20/><W12/><G71/><T127/><D127/><U55/><E31/><N who="2" m="17911" /><F68/><W17/><G29/><T90/><D120/><U49/><E30/><V45/><F41/><W83/><G83/><T100/><D121/><U25/><E25/><V28/><F28/><W73/><G73/><T129/><D129/><RYUUKYOKU ba="0,0" sc="194,-30,407,10,190,10,209,10" hai1="48,49,51,55,78,81,84" hai2="44,45,76,77,79,85,87" hai3="4,6,12,17,23,46,52,61,67,69,88,89,91" /><INIT seed="5,1,0,3,4,70" ten="164,417,200,219" oya="1" hai0="127,129,12,19,86,9,56,94,77,102,132,85,13" hai1="24,67,58,14,30,105,64,92,119,134,76,40,78" hai2="91,133,101,57,104,4,28,89,126,117,122,29,49" hai3="36,1,111,63,21,20,22,115,72,17,27,130,81"/><U109/><E105/><V32/><F117/><W131/><G1/><T71/><D71/><U48/><E119/><V42/><F122/><W15/><G111/><T53/><D129/><N who="3" m="49161" /><G36/><T100/><D127/><U39/><E109/><V75/><F75/><W55/><G115/><T69/><D69/><U0/><E0/><V125/><F133/><W97/><G97/><T45/><D132/><U60/><E14/><V108/><F108/><W84/><G72/><T88/><D45/><U116/><E39/><V18/><F4/><W87/><G87/><T47/><D47/><U50/><E67/><V106/><F18/><W46/><G27/><T90/><D13/><U35/><E40/><V68/><F68/><W73/><G73/><T2/><D77/><U38/><E38/><V44/><F57/><N who="3" m="35263" /><G46/><T26/><D26/><U31/><E31/><N who="2" m="11851" /><F32/><W51/><G51/><N who="0" m="30783" /><D2/><U34/><E34/><V98/><F104/><W82/><G82/><AGARI ba="1,0" hai="9,12,19,82,85,86,88,90,94,100,102" m="30783" machi="82" ten="30,2000,0" yaku="8,1,54,1" doraHai="70" who="0" fromWho="3" sc="164,23,417,0,200,0,219,-23" /><INIT seed="6,0,0,3,3,99" ten="187,417,200,196" oya="2" hai0="104,41,86,13,64,2,56,52,129,18,128,133,121" hai1="119,1,39,55,81,51,70,3,89,131,92,30,78" hai2="118,103,38,122,22,63,125,79,10,23,109,80,42" hai3="113,24,43,37,97,112,28,59,8,67,76,130,0"/><V116/><F122/><W65/><G130/><N who="0" m="50283" /><D2/><U105/><E3/><V61/><F125/><W69/><G76/><T87/><D121/><U58/><E70/><V54/><F109/><W14/><G69/><T12/><D133/><U35/><E39/><V85/><F103/><W135/><G0/><T114/><D114/><N who="3" m="44137" /><G135/><T25/><D64/><U45/><E105/><V110/><F110/><W44/><G97/><T127/><D41/><U19/><E35/><V94/><F94/><W111/><G59/><T62/><D104/><U126/><E92/><V46/><F10/><W134/><G134/><T117/><D117/><U47/><E1/><V66/><F116/><W106/><G106/><T74/><D74/><U7/><E119/><V31/><F118/><W91/><G91/><T32/><D127/><U48/><E81/><V34/><F79/><W21/><G111/><T132/><D132/><U88/><E88/><V102/><F102/><W16/><AGARI ba="0,0" hai="8,14,16,21,24,28,37,43,44,65,67" m="44137" machi="16" ten="30,4000,0" yaku="15,1,11,1,54,1" doraHai="99" who="3" fromWho="3" sc="187,-10,417,-10,200,-20,196,40" /><INIT seed="7,0,0,2,5,58" ten="177,407,180,236" oya="3" hai0="73,11,2,28,31,19,103,130,39,93,101,35,133" hai1="74,47,104,22,83,128,98,100,84,60,76,41,10" hai2="46,4,66,68,112,34,91,37,135,86,29,111,26" hai3="115,116,108,16,72,61,92,75,54,1,18,80,45"/><W44/><G1/><T109/><D109/><U23/><E128/><V55/><F111/><W99/><G116/><T8/><D130/><U65/><E10/><V71/><F112/><W17/><G108/><T126/><D39/><U125/><E125/><V25/><F135/><W79/><G115/><T6/><D133/><U62/><E84/><V0/><F66/><W56/><REACH who="3" step="1"/><G75/><REACH who="3" ten="177,407,180,226" step="2"/><T14/><D73/><U21/><REACH who="1" step="1"/><E65/><REACH who="1" ten="177,397,180,226" step="2"/><V87/><F0/><W132/><G132/><T81/><D126/><U124/><E124/><V78/><F87/><W105/><G105/><T42/><D2/><U3/><E3/><V40/><F86/><W13/><G13/><T59/><D14/><U5/><E5/><V94/><F4/><W53/><G53/><T118/><D6/><U129/><E129/><V77/><F55/><W32/><G32/><T51/><D35/><U107/><E107/><V120/><F34/><W117/><G117/><T85/><D118/><U90/><E90/><AGARI ba="0,2" hai="16,17,18,44,45,54,56,61,72,79,80,90,92,99" machi="90" ten="40,7700,0" yaku="1,1,52,1,54,1,53,0" doraHai="58" doraHaiUra="67" who="3" fromWho="1" sc="177,0,397,-77,180,0,226,97" owari="177,-32.0,320,12.0,180,-22.0,323,42.0" /></mjloggm>