<mjloggm ver="2.3"><GO type="169" lobby="0"/><UN n0="%E3%83%88%E3%83%88%E3%83%AA%E5%85%88%E7%94%9F%31%39%E6%AD%B3" n1="%67%6F%75%73%69" n2="%53%42%E9%81%8A%E6%88%B2" n3="%E2%98%85%E9%A2%A8%E3%81%AE%E8%B0%B7%E2%98%85" dan="19,16,16,16" rate="2298.78,2112.07,2048.65,2156.45" sx="F,M,M,M"/><TAIKYOKU oya="0"/><INIT seed="0,0,0,4,0,50" ten="250,250,250,250" oya="0" hai0="100,34,31,3,66,5,60,11,29,77,46,92,33" hai1="99,74,30,56,127,1,119,55,95,42,49,19,37" hai2="107,91,75,2,12,21,130,87,134,54,13,70,32" hai3="0,135,124,97,35,82,64,36,113,6,14,120,108"/><T121/><D121/><U122/><E122/><V68/><F75/><W43/><G97/><T9/><D77/><U84/><E74/><V94/><F2/><W44/><G82/><T133/><D133/><U81/><E119/><V110/><F32/><W111/><G64/><T39/><D11/><U45/><E1/><V118/><F107/><W53/><G53/><T96/><D31/><U41/><E127/><V101/><F101/><W88/><G88/><T102/><D29/><U71/><E71/><V89/><F134/><W131/><G44/><T85/><D85/><U93/><E30/><V25/><F118/><W105/><G43/><T67/><D67/><U78/><E99/><V112/><F94/><W117/><G14/><T72/><D72/><U116/><E116/><V76/><F87/><W7/><G7/><T20/><D20/><U38/><E19/><V27/><F21/><W79/><G79/><T58/><REACH who="0" step="1"/><D102/><REACH who="0" ten="240,250,250,250" step="2"/><U18/><E84/><V125/><F76/><W126/><G6/><T115/><D115/><U80/><E78/><V132/><F112/><W28/><G28/><T98/><D98/><U22/><E22/><V40/><F132/><W17/><G17/><T104/><D104/><U51/><E18/><V109/><F27/><W26/><G26/><T59/><D59/><U123/><E56/><V128/><F25/><W83/><G126/><T23/><D23/><U69/><E81/><V63/><F125/><W65/><G83/><T62/><D62/><U86/><E80/><V103/><F103/><W129/><G65/><T48/><D48/><U73/><E49/><RYUUKYOKU ba="0,1" sc="240,30,250,-10,250,-10,250,-10" hai0="3,5,9,33,34,39,46,58,60,66,92,96,100" /><INIT seed="0,1,1,3,0,86" ten="270,240,240,240" oya="0" hai0="25,75,93,26,34,43,66,41,70,65,81,5,67" hai1="56,55,97,131,45,48,30,106,51,83,6,126,71" hai2="89,103,32,57,91,53,117,52,47,118,4,0,132" hai3="46,20,87,90,77,98,49,17,135,64,109,68,94"/><T92/><D5/><U112/><E71/><V31/><F132/><W37/><G37/><T134/><D70/><U63/><E126/><V99/><F47/><W54/><G135/><T124/><D134/><U114/><E131/><V14/><F0/><W61/><G109/><T130/><D130/><U18/><E6/><V88/><F31/><W39/><G39/><T79/><D124/><U44/><E30/><V9/><F32/><W29/><G29/><T107/><D107/><U33/><E33/><V115/><F115/><W122/><G122/><T16/><D34/><U36/><E36/><V73/><F73/><W40/><G77/><T42/><REACH who="0" step="1"/><D16/><REACH who="0" ten="260,240,240,240" step="2"/><U59/><E18/><V1/><F1/><W129/><G129/><T102/><D102/><U22/><E106/><V35/><F35/><W12/><REACH who="3" step="1"/><G40/><REACH who="3" ten="260,240,240,230" step="2"/><T116/><D116/><N who="2" m="44650" /><F57/><W95/><G95/><AGARI ba="1,3" hai="25,26,41,42,43,65,66,67,75,79,81,92,93,95" machi="95" ten="40,2000,0" yaku="1,1,53,0" doraHai="86" doraHaiUra="50" who="0" fromWho="3" sc="260,53,240,0,240,0,230,-23" /><AGARI ba="1,0" hai="4,9,14,52,53,88,89,91,95,99,103" m="44650" machi="95" ten="30,12000,2" yaku="12,1,52,3,54,2" doraHai="86" who="2" fromWho="3" sc="313,0,240,0,240,120,207,-120" /><INIT seed="0,2,0,2,3,72" ten="313,240,360,87" oya="0" hai0="114,47,37,64,11,16,125,63,99,78,102,40,84" hai1="2,82,109,31,38,122,27,57,106,56,18,1,44" hai2="13,8,108,85,77,52,80,19,12,42,129,133,134" hai3="104,53,51,116,112,6,34,17,110,68,119,58,70"/><T79/><D114/><U0/><E106/><V123/><F123/><W28/><G112/><T91/><D125/><U71/><E71/><V92/><F108/><W45/><G104/><T29/><D29/><U124/><E122/><V9/><F129/><W55/><G110/><T98/><D98/><U61/><E109/><V21/><F42/><W118/><G34/><T74/><D74/><U130/><E130/><V90/><F52/><W87/><G28/><T121/><D121/><U131/><E131/><V20/><F20/><W111/><G111/><T75/><D75/><U95/><E124/><V67/><F67/><W22/><G6/><T24/><D99/><U120/><E120/><V127/><F127/><W76/><G55/><T10/><D102/><U89/><E18/><V3/><F3/><W65/><G65/><T117/><D117/><U7/><E7/><V41/><F41/><W48/><G48/><N who="0" m="26727" /><D11/><U50/><E82/><V86/><REACH who="2" step="1"/><F13/><REACH who="2" ten="313,240,350,87" step="2"/><W33/><G45/><T93/><D37/><U101/><E38/><V4/><F4/><W96/><G33/><T128/><D128/><U35/><E61/><V54/><F54/><W5/><G5/><T126/><D126/><U103/><E44/><V73/><F73/><W59/><G119/><T14/><D24/><U26/><E27/><V107/><F107/><W115/><G118/><T15/><D15/><U66/><E66/><V43/><F43/><W83/><G116/><T60/><D60/><U100/><E50/><V105/><F105/><W69/><G115/><T49/><D49/><U97/><AGARI ba="2,1" hai="0,1,2,26,31,35,56,57,89,95,97,100,101,103" machi="97" ten="40,1500,0" yaku="0,1" doraHai="72" who="1" fromWho="1" sc="313,-9,240,31,350,-6,87,-6" /><INIT seed="1,0,0,0,0,67" ten="304,271,344,81" oya="1" hai0="119,3,68,99,11,123,94,46,122,54,130,53,52" hai1="90,22,106,129,25,80,51,33,125,6,110,112,121" hai2="118,132,58,12,102,27,39,71,1,17,13,76,83" hai3="55,41,135,100,50,62,104,116,109,20,66,23,16"/><U30/><E106/><V44/><F118/><W7/><G41/><T128/><D119/><U34/><E121/><N who="0" m="46089" /><D3/><U120/><E120/><V28/><F1/><W31/><G135/><T19/><D11/><U98/><E112/><V32/><F132/><W9/><G116/><T21/><D46/><U131/><E51/><V134/><F134/><W61/><G109/><T4/><D4/><U40/><E40/><V70/><F13/><W24/><G104/><T108/><D108/><U5/><E110/><V2/><F2/><W18/><G100/><N who="0" m="60535" /><D68/><U97/><E125/><V42/><F58/><W103/><G103/><T133/><D133/><U79/><E5/><V48/><F102/><W26/><G31/><T56/><D56/><U73/><E6/><V91/><F91/><W126/><G66/><T105/><D105/><U8/><E90/><V114/><F114/><W101/><G101/><T60/><D60/><U29/><E8/><V78/><F48/><W74/><G126/><T89/><D89/><U92/><E92/><V47/><F47/><W82/><G9/><T65/><D65/><U14/><E30/><V96/><F28/><W0/><G7/><T59/><D59/><U117/><E117/><V43/><F44/><N who="3" m="28103" /><G0/><T57/><D57/><U84/><E33/><V113/><F32/><W38/><G38/><T15/><AGARI ba="0,0" hai="15,19,21,52,53,54,128,130" m="60535,46089" machi="15" ten="40,2700,0" yaku="13,1,54,1" doraHai="67" who="0" fromWho="0" sc="304,27,271,-13,344,-7,81,-7" /><INIT seed="2,0,0,3,5,135" ten="331,258,337,74" oya="2" hai0="10,24,34,110,33,85,28,58,1,129,65,48,91" hai1="23,43,128,18,90,130,80,106,29,47,31,51,95" hai2="71,92,93,44,74,75,66,78,16,120,42,19,99" hai3="38,104,97,102,30,126,87,108,9,36,114,116,73"/><V100/><F120/><W79/><G30/><T17/><D110/><U61/><E106/><V115/><F115/><W68/><G68/><T49/><D34/><U6/><E6/><V134/><F134/><W21/><G114/><T119/><D129/><N who="1" m="49771" /><E80/><V0/><F0/><W46/><G116/><T39/><D39/><U133/><E61/><V59/><F71/><W40/><G108/><T83/><D119/><U109/><E133/><V20/><F78/><W3/><G21/><T5/><D65/><U101/><E101/><V98/><F75/><W81/><G38/><T89/><D58/><U63/><E63/><N who="2" m="38271" /><F74/><W84/><REACH who="3" step="1"/><G126/><REACH who="3" ten="331,258,337,64" step="2"/><T112/><D112/><U122/><E109/><V76/><F20/><W53/><G53/><T70/><D70/><U67/><E122/><V96/><F76/><W32/><G32/><T50/><D28/><U57/><E67/><V15/><F100/><W14/><G14/><N who="0" m="5455" /><D33/><U77/><E29/><V103/><F15/><W7/><AGARI ba="0,1" hai="3,7,9,36,40,46,73,79,81,84,87,97,102,104" machi="7" ten="30,8000,1" yaku="1,1,0,1,25,2,53,1" doraHai="135" doraHaiUra="37" who="3" fromWho="3" sc="331,-20,258,-20,337,-40,64,90" /><INIT seed="3,0,0,4,2,29" ten="311,238,297,154" oya="3" hai0="85,55,135,24,81,20,64,31,87,77,51,4,106" hai1="62,86,82,25,16,92,112,61,59,15,14,2,19" hai2="120,43,33,68,5,98,80,27,91,9,12,22,84" hai3="1,0,42,44,114,48,57,28,126,69,34,72,115"/><W104/><G69/><T133/><D106/><U65/><E2/><V99/><F68/><W58/><G72/><T50/><D64/><U40/><E112/><V89/><F120/><W127/><G104/><T10/><D85/><U118/><E118/><V134/><F134/><N who="0" m="51210" /><D55/><U117/><E117/><V90/><F43/><W30/><G48/><T101/><D101/><U107/><E40/><V111/><F111/><W97/><G42/><T47/><D47/><U129/><E129/><V125/><F125/><W124/><G124/><T71/><D71/><U131/><E131/><V123/><F123/><W63/><G44/><T13/><AGARI ba="0,0" hai="4,10,13,20,24,31,50,51,77,81,87" m="51210" machi="13" ten="30,1100,0" yaku="20,1" doraHai="29" who="0" fromWho="0" sc="311,11,238,-3,297,-3,154,-5" /><INIT seed="4,0,0,0,2,50" ten="322,235,294,149" oya="0" hai0="132,41,64,79,60,8,22,83,123,68,100,19,12" hai1="9,40,96,24,5,13,118,116,121,89,113,124,59" hai2="31,119,14,2,52,115,92,110,75,55,67,62,0" hai3="90,117,134,10,47,109,76,17,33,39,102,95,28"/><T128/><D123/><U4/><E121/><V21/><F110/><W46/><G117/><T69/><D128/><U49/><E124/><V36/><F75/><W1/><G109/><T103/><D69/><U104/><E5/><V71/><F36/><W93/><G134/><T125/><D125/><U23/><E113/><V130/><F115/><W91/><G76/><T20/><D132/><U70/><E70/><V15/><F130/><W129/><G102/><T26/><D41/><U57/><E57/><V35/><F35/><W80/><G80/><T112/><D22/><U42/><E116/><V66/><F119/><W54/><G39/><T45/><D45/><U114/><E118/><V105/><F105/><W86/><G129/><T27/><D27/><U11/><E11/><V107/><F107/><W72/><G72/><T43/><D43/><U88/><E104/><V18/><F31/><W82/><G82/><T30/><REACH who="0" step="1"/><D112/><REACH who="0" ten="312,235,294,149" step="2"/><U97/><E42/><V34/><F71/><W111/><G111/><T78/><D78/><U99/><E114/><V44/><F21/><W25/><G47/><T73/><AGARI ba="0,1" hai="8,12,19,20,26,30,60,64,68,73,79,83,100,103" machi="73" ten="20,3900,0" yaku="1,1,0,1,7,1,53,0" doraHai="50" doraHaiUra="126" who="0" fromWho="0" sc="312,49,235,-13,294,-13,149,-13" /><INIT seed="4,1,0,1,0,130" ten="361,222,281,136" oya="0" hai0="51,52,66,1,71,49,111,3,60,40,92,105,89" hai1="18,91,9,14,73,46,36,75,93,86,35,29,23" hai2="87,81,100,85,34,50,41,48,115,37,16,39,64" hai3="22,42,119,127,114,121,70,54,15,110,116,53,12"/><T133/><D105/><U56/><E36/><V95/><F34/><W135/><G70/><T118/><D118/><U44/><E35/><V19/><F64/><W94/><G42/><T7/><D111/><U21/><E73/><V113/><F95/><W124/><G22/><T59/><D133/><U31/><E75/><V45/><F100/><W38/><G94/><T109/><D109/><U99/><E23/><V6/><F6/><W120/><G110/><T57/><D7/><U98/><E56/><V5/><F5/><W4/><G4/><T88/><D89/><U112/><E112/><N who="2" m="43083" /><F87/><W76/><G114/><T104/><D104/><U78/><E78/><N who="2" m="46263" /><F50/><W26/><G76/><T13/><D13/><U90/><E98/><V108/><F108/><W134/><REACH who="3" step="1"/><G26/><REACH who="3" ten="361,222,281,126" step="2"/><T107/><D107/><U128/><E21/><V47/><F39/><AGARI ba="1,1" hai="12,15,38,39,53,54,116,119,120,121,124,127,134,135" machi="39" ten="25,16000,3" yaku="1,1,2,1,22,2,52,2,53,2" doraHai="130" doraHaiUra="129" who="3" fromWho="2" sc="361,0,222,0,281,-163,126,173" /><INIT seed="5,0,0,1,1,73" ten="361,222,118,299" oya="1" hai0="18,92,113,90,112,45,72,49,95,106,22,81,131" hai1="11,104,47,31,7,24,60,130,108,117,39,135,133" hai2="85,100,114,119,128,126,20,17,34,10,0,54,69" hai3="121,58,23,50,1,51,3,91,86,40,57,105,99"/><U37/><E104/><V75/><F75/><W4/><G121/><T26/><D106/><U102/><E102/><V30/><F119/><W67/><G4/><T98/><D131/><U44/><E117/><V68/><F128/><W14/><G105/><T59/><D59/><U89/><E130/><V12/><F126/><W42/><G99/><T111/><D111/><U94/><E60/><V8/><F100/><W35/><G35/><T79/><REACH who="0" step="1"/><D95/><REACH who="0" ten="351,222,118,299" step="2"/><U110/><E110/><V28/><F69/><W103/><G58/><T38/><D38/><U83/><E39/><V93/><F68/><W48/><G57/><T107/><D107/><U25/><E37/><V77/><F114/><W134/><G42/><AGARI ba="0,1" hai="18,22,26,42,45,49,72,79,81,90,92,98,112,113" machi="42" ten="40,5200,0" yaku="1,1,52,1,53,1" doraHai="73" doraHaiUra="74" who="0" fromWho="3" sc="351,62,222,0,118,0,299,-52" /><INIT seed="6,0,0,3,2,49" ten="413,222,118,247" oya="2" hai0="90,55,27,133,101,67,36,121,57,105,111,7,81" hai1="118,122,86,134,38,106,11,78,19,62,92,4,73" hai2="88,9,51,94,112,48,58,83,108,10,76,80,117" hai3="68,16,50,79,107,130,22,110,41,123,72,56,125"/><V34/><F34/><W126/><G68/><T135/><D111/><U85/><E38/><V52/><F117/><W114/><G123/><T127/><D121/><U84/><E122/><V6/><F112/><W46/><G107/><T95/><D36/><U69/><E106/><V124/><F124/><N who="3" m="47723" /><G110/><T20/><D67/><U119/><E19/><V59/><F108/><W61/><G130/><T18/><D127/><U91/><E69/><V0/><F9/><W120/><G120/><T71/><D71/><U13/><E134/><N who="0" m="51209" /><D7/><U35/><E35/><V131/><F131/><W2/><G2/><T66/><D66/><U37/><E37/><V40/><F76/><W43/><G79/><T25/><D81/><U23/><E78/><V102/><F102/><W103/><G103/><T45/><D45/><U97/><E118/><V31/><F31/><W54/><G72/><T63/><D105/><U5/><E73/><V99/><F40/><N who="3" m="24903" /><G114/><T1/><D1/><U8/><E119/><V115/><F115/><W44/><G44/><T30/><D101/><U129/><E129/><V116/><F116/><W74/><G74/><T29/><D27/><AGARI ba="0,0" hai="16,22,27,41,43,54,56,61" m="24903,47723" machi="27" ten="30,3900,0" yaku="18,1,52,1,54,1" doraHai="49" who="3" fromWho="0" sc="413,-39,222,0,118,0,247,39" /><INIT seed="7,0,0,4,0,36" ten="374,222,118,286" oya="3" hai0="0,22,111,100,47,92,115,68,52,48,16,132,127" hai1="62,109,61,87,59,60,82,26,98,28,107,55,79" hai2="91,27,112,66,97,120,93,134,37,95,31,84,53" hai3="89,88,102,1,25,99,108,13,46,122,38,50,118"/><W110/><G38/><T24/><D111/><N who="3" m="42537" /><G1/><T10/><D68/><U58/><E109/><V101/><F37/><W117/><G25/><T9/><D132/><U67/><E107/><V23/><F134/><W124/><G124/><T73/><D73/><U41/><E98/><V106/><F112/><W18/><G122/><T86/><D127/><U42/><REACH who="1" step="1"/><E62/><REACH who="1" ten="374,212,118,286" step="2"/><V2/><F120/><W104/><G118/><T76/><D115/><U72/><E72/><V129/><F129/><W7/><G117/><T125/><D125/><U56/><E56/><V29/><F2/><W65/><G65/><T8/><D0/><U123/><E123/><V14/><F66/><W3/><G3/><T80/><D100/><U35/><AGARI ba="0,1" hai="26,28,35,41,42,55,58,59,60,61,67,79,82,87" machi="35" ten="20,8000,1" yaku="1,1,0,1,7,1,52,2,53,0" doraHai="36" doraHaiUra="15" who="1" fromWho="1" sc="374,-20,212,90,118,-20,286,-40" owari="354,45.0,302,10.0,98,-40.0,246,-15.0" /></mjloggm>