<mjloggm ver="2.3"><GO type="169" lobby="0"/><UN n0="%79%75%2D%2D%2D%2D%2D%75" n1="%E7%89%8C%E5%BB%83%E4%BA%BA" n2="%E5%B0%B1%E6%B4%BB%E7%94%9F%40%E5%B7%9D%E6%9D%91%E8%BB%8D%E5%9B%A3" n3="%6E%6F%2E%6E%61%6D%65" dan="16,17,19,16" rate="2185.83,2184.32,2332.41,2044.03" sx="M,M,M,F"/><TAIKYOKU oya="0"/><INIT seed="0,0,0,0,3,81" ten="250,250,250,250" oya="0" hai0="10,104,70,15,98,95,122,35,23,19,66,116,46" hai1="114,37,100,96,7,84,102,119,47,49,21,57,79" hai2="92,40,50,90,24,14,13,32,55,76,12,33,4" hai3="85,2,72,8,97,28,106,88,118,3,80,127,48"/><T52/><D116/><U31/><E119/><V87/><F4/><W69/><G118/><T61/><D122/><U38/><E114/><V101/><F40/><W78/><G127/><T110/><D35/><U107/><E102/><V132/><F132/><W0/><G69/><T125/><D125/><U43/><E57/><V123/><F123/><W91/><G28/><T9/><D104/><U62/><E62/><V44/><F101/><N who="3" m="62767" /><G91/><T29/><D29/><U73/><E73/><V71/><F71/><W1/><G48/><T129/><D129/><U60/><E60/><V93/><F76/><W18/><G0/><T89/><REACH who="0" step="1"/><D110/><REACH who="0" ten="240,250,250,250" step="2"/><U133/><E31/><V11/><F33/><W109/><G109/><T59/><D59/><U26/><E133/><V83/><F32/><W134/><G134/><T51/><AGARI ba="0,1" hai="9,10,15,19,23,46,51,52,61,66,70,89,95,98" machi="51" ten="30,6000,0" yaku="1,1,0,1,54,1,53,0" doraHai="81" doraHaiUra="113" who="0" fromWho="0" sc="240,70,250,-20,250,-20,250,-20" /><INIT seed="0,1,0,4,4,10" ten="310,230,230,230" oya="0" hai0="52,124,8,119,72,56,108,17,18,112,62,114,19" hai1="38,55,128,57,54,116,133,60,3,86,117,40,21" hai2="39,1,16,29,67,132,65,34,107,41,22,53,76" hai3="35,120,84,121,99,101,61,51,123,75,70,68,28"/><T105/><D119/><U64/><E3/><V102/><F1/><W98/><G75/><T11/><D72/><U81/><E133/><V130/><F76/><W92/><G84/><T85/><D105/><U125/><E125/><V7/><F7/><W47/><G61/><T100/><D124/><U36/><E128/><V113/><F113/><W94/><G28/><T14/><D108/><U32/><E32/><V46/><F130/><W26/><G26/><T15/><D100/><U45/><E38/><V66/><F132/><W69/><G35/><T59/><D85/><U63/><E21/><V12/><F53/><W111/><G111/><T104/><D104/><U5/><E5/><V88/><F88/><N who="3" m="55559" /><G69/><T71/><D71/><U118/><REACH who="1" step="1"/><E63/><REACH who="1" ten="310,220,230,230" step="2"/><V89/><F34/><W127/><G127/><T24/><D56/><U80/><E80/><V30/><REACH who="2" step="1"/><F89/><AGARI ba="1,1" hai="36,40,45,54,55,57,60,64,81,86,89,116,117,118" machi="89" ten="40,1300,0" yaku="1,1,53,0" doraHai="10" doraHaiUra="91" who="1" fromWho="2" sc="310,0,220,26,230,-16,230,0" /><INIT seed="1,0,0,3,1,109" ten="310,246,214,230" oya="1" hai0="6,32,56,23,132,60,39,125,119,67,38,77,99" hai1="55,21,98,92,42,13,90,52,50,100,20,130,123" hai2="75,116,28,33,103,76,68,107,112,66,115,87,18" hai3="49,64,126,14,43,73,34,47,105,57,30,91,124"/><U51/><E123/><V45/><F116/><W12/><G73/><T88/><D119/><U104/><E130/><V4/><F4/><W93/><G105/><T63/><D32/><U114/><E42/><V81/><F45/><W121/><G121/><T59/><D77/><U94/><E104/><V127/><F127/><N who="3" m="48683" /><G30/><T29/><D132/><U101/><E114/><N who="2" m="43563" /><F18/><W17/><G17/><T31/><D6/><U95/><E95/><V37/><F37/><W117/><G34/><T97/><D125/><U83/><E83/><V22/><F33/><W120/><G120/><T128/><D128/><U113/><E113/><V11/><F11/><W84/><G117/><T54/><D38/><U16/><E21/><V7/><F7/><W70/><G70/><T53/><D39/><U74/><E74/><V46/><F46/><W110/><G110/><T8/><D8/><U89/><E101/><V135/><F135/><W2/><G2/><T71/><D23/><U27/><E13/><V1/><F1/><W118/><G118/><T65/><D71/><U48/><E100/><V108/><F108/><W79/><G12/><T58/><D58/><U40/><E40/><V24/><F75/><W44/><G14/><T111/><D111/><U85/><AGARI ba="0,0" hai="16,20,27,48,50,51,52,55,85,89,90,92,94,98" machi="85" ten="30,11700,0" yaku="0,1,8,1,54,2" doraHai="109" who="1" fromWho="1" sc="310,-39,246,117,214,-39,230,-39" /><INIT seed="1,1,0,1,2,61" ten="271,363,175,191" oya="1" hai0="102,22,26,69,19,118,21,18,38,131,57,39,9" hai1="32,27,5,73,53,117,104,116,55,114,100,3,67" hai2="59,80,41,97,42,35,120,63,25,130,86,135,95" hai3="122,128,110,71,13,108,90,7,51,30,50,79,94"/><U74/><E114/><V70/><F120/><W47/><G122/><T72/><D69/><U54/><E3/><V44/><F70/><W83/><G128/><T119/><D131/><U33/><E5/><V12/><F130/><W103/><G71/><T92/><D72/><U40/><E40/><V91/><F135/><W64/><G103/><T82/><D82/><U8/><E8/><V23/><F35/><W121/><G121/><T66/><D9/><U58/><E100/><V15/><F44/><W123/><G123/><T113/><D113/><U34/><E104/><V14/><F80/><W43/><G30/><T89/><D102/><U101/><E101/><V65/><REACH who="2" step="1"/><F97/><REACH who="2" ten="271,363,165,191" step="2"/><W93/><G83/><T28/><D119/><U84/><E117/><V11/><F11/><W24/><G47/><T36/><D118/><U132/><E116/><V56/><F56/><W85/><G110/><T46/><D46/><U75/><E132/><V10/><F10/><W88/><G108/><T20/><D57/><U2/><E2/><V107/><F107/><W37/><G7/><T112/><D112/><U109/><E109/><V96/><F96/><W1/><G1/><T87/><D38/><U49/><E84/><V81/><F81/><W4/><G85/><T31/><D36/><U125/><E34/><V98/><F98/><W115/><G37/><T133/><D39/><U106/><E106/><V105/><F105/><W0/><G0/><T52/><D133/><U134/><E33/><V129/><F129/><W126/><G115/><T60/><D87/><U29/><E134/><V45/><F45/><RYUUKYOKU ba="1,1" sc="271,-10,363,-10,165,30,191,-10" hai2="12,14,15,23,25,41,42,59,63,65,86,91,95" /><INIT seed="2,2,1,3,4,135" ten="261,353,195,181" oya="2" hai0="118,32,110,47,65,36,55,6,85,50,95,48,2" hai1="83,127,20,82,42,34,17,11,88,134,103,93,1" hai2="16,94,4,64,76,99,126,9,35,97,109,45,18" hai3="87,133,41,40,79,8,124,125,56,112,86,108,57"/><V89/><F35/><W130/><G108/><T52/><D32/><U14/><E34/><V22/><F109/><W113/><G133/><T128/><D110/><U38/><E134/><V104/><F64/><W71/><G71/><T43/><D6/><U116/><E116/><V19/><F76/><W60/><G8/><T92/><D2/><U111/><E111/><V61/><F61/><W74/><G74/><T13/><D13/><U106/><E106/><V25/><F126/><N who="3" m="48747" /><G130/><T80/><D65/><U78/><E103/><V91/><F45/><W63/><G63/><T44/><D128/><U100/><E100/><V5/><F104/><W3/><G3/><T67/><D67/><U28/><E1/><V117/><F117/><W53/><G57/><T68/><D68/><U77/><E11/><V54/><F54/><W119/><G119/><T98/><D118/><U131/><E131/><V114/><F114/><N who="3" m="44139" /><G79/><T121/><D55/><U49/><E78/><V59/><F59/><W29/><G29/><T23/><D52/><U115/><E28/><N who="2" m="17463" /><F9/><W10/><G10/><T129/><D129/><U66/><E66/><V75/><F75/><W24/><G24/><T123/><D47/><N who="1" m="24023" /><E77/><V73/><F73/><W33/><G33/><T39/><D44/><U12/><E115/><V37/><F37/><W102/><G102/><T101/><D39/><U15/><E127/><V69/><F69/><W84/><AGARI ba="2,1" hai="40,41,53,56,60,84,86,87" m="44139,48747" machi="84" ten="40,8000,1" yaku="18,1,11,1,52,3" doraHai="135" who="3" fromWho="3" sc="261,-22,353,-22,195,-42,181,96" /><INIT seed="3,0,0,0,0,78" ten="239,331,153,277" oya="3" hai0="40,57,62,30,38,120,133,98,80,107,49,28,111" hai1="6,15,50,1,90,69,86,104,61,96,44,68,53" hai2="93,34,67,27,103,8,117,105,3,12,23,82,70" hai3="35,18,110,84,106,19,102,134,95,39,25,20,17"/><W91/><G134/><T26/><D120/><U130/><E1/><V94/><F117/><W47/><G110/><T126/><D111/><U4/><E130/><V21/><F3/><W55/><G35/><T64/><D133/><U118/><E118/><V83/><F34/><W101/><G106/><T135/><D135/><U129/><E129/><V37/><F37/><W81/><G95/><N who="2" m="36361" /><F70/><W51/><REACH who="3" step="1"/><G39/><REACH who="3" ten="239,331,153,267" step="2"/><T16/><D38/><U113/><E104/><V65/><F105/><W52/><G52/><T11/><D107/><U87/><E53/><V54/><F54/><W59/><G59/><T132/><D57/><U71/><E71/><V41/><F41/><W100/><AGARI ba="0,1" hai="17,18,19,20,25,47,51,55,81,84,91,100,101,102" machi="100" ten="30,11700,0" yaku="1,1,0,1,8,1,52,1,53,0" doraHai="78" doraHaiUra="112" who="3" fromWho="3" sc="239,-39,331,-39,153,-39,267,127" /><INIT seed="3,1,0,3,0,86" ten="200,292,114,394" oya="3" hai0="53,28,68,113,123,75,30,100,49,24,111,4,27" hai1="134,107,61,31,1,26,7,131,33,122,36,90,3" hai2="15,132,106,65,67,43,82,23,55,10,69,16,125" hai3="50,34,94,58,38,66,74,112,101,119,121,129,71"/><W105/><RYUUKYOKU type="yao9" ba="1,0" sc="200,0,292,0,114,0,394,0" hai3="34,38,50,58,66,71,74,94,101,105,112,119,121,129" /><INIT seed="3,2,0,4,3,17" ten="200,292,114,394" oya="3" hai0="81,114,36,27,10,85,97,40,32,84,5,12,120" hai1="18,87,127,67,21,86,25,23,78,61,133,129,110" hai2="54,1,50,62,43,45,15,82,22,83,8,77,74" hai3="69,28,41,66,89,24,11,51,134,107,55,63,38"/><W16/><G134/><T118/><D120/><U95/><E133/><V96/><F1/><W115/><G115/><T13/><D118/><U103/><E110/><V125/><F125/><W93/><G107/><T6/><D114/><U4/><E127/><V47/><F96/><W44/><G11/><T33/><D36/><U116/><E116/><V132/><F132/><W46/><G16/><T56/><D40/><U80/><E129/><V19/><F82/><W0/><G0/><T76/><D56/><U92/><E103/><V122/><F122/><W7/><G7/><T58/><D58/><N who="1" m="37303" /><E4/><V98/><F98/><W111/><G111/><T131/><D131/><U39/><E39/><V29/><F29/><W79/><G79/><T20/><D97/><U35/><E35/><V101/><F101/><W57/><G44/><T72/><D72/><U2/><E2/><V3/><F3/><W109/><G109/><T73/><D73/><U71/><E71/><V64/><F8/><W65/><G65/><T52/><D6/><U105/><E87/><V34/><F34/><N who="3" m="20743" /><G89/><T123/><D123/><U48/><E105/><V121/><F121/><W99/><G99/><T128/><D128/><U70/><E70/><V14/><F14/><W102/><G102/><T49/><D13/><N who="1" m="9423" /><E48/><V91/><F91/><W68/><G68/><T31/><D84/><U9/><E9/><V135/><F135/><W59/><G69/><T30/><D31/><AGARI ba="2,0" hai="23,25,31,78,80,86,92,95" m="9423,37303" machi="31" ten="30,3900,0" yaku="8,1,52,2" doraHai="17" who="1" fromWho="0" sc="200,-45,292,45,114,0,394,0" /><INIT seed="4,0,0,5,2,94" ten="155,337,114,394" oya="0" hai0="46,80,36,2,26,125,76,123,102,6,121,61,90" hai1="91,111,30,99,8,120,28,59,63,57,55,107,122" hai2="50,131,54,23,83,119,95,40,35,114,78,44,48" hai3="135,100,129,53,47,9,86,4,0,12,108,33,132"/><T112/><D112/><U10/><E111/><V130/><F114/><W41/><G108/><T13/><D125/><U128/><E107/><V89/><F35/><W116/><G116/><T22/><D2/><U3/><E3/><V75/><F119/><W101/><G129/><T113/><D113/><U110/><E110/><V88/><F23/><W84/><G33/><T97/><D90/><U25/><E128/><V31/><F31/><W49/><G53/><T69/><D36/><U45/><E45/><V14/><F14/><W16/><G101/><T124/><D46/><U27/><E91/><V77/><F77/><W82/><G100/><T134/><D134/><N who="3" m="51241" /><G82/><T106/><D124/><U51/><E51/><V60/><F60/><W67/><G67/><T81/><D61/><U17/><E63/><V71/><F71/><W92/><G92/><T62/><D62/><U34/><E34/><V20/><F89/><W52/><G41/><T133/><D69/><U24/><E55/><V29/><F40/><W5/><G5/><T11/><D133/><U37/><E27/><V7/><F7/><W65/><G65/><T15/><D15/><U117/><E117/><V109/><F109/><W38/><G38/><T103/><D103/><U39/><E17/><V68/><F68/><W85/><G85/><N who="0" m="48263" /><D81/><U1/><E1/><V93/><F48/><W64/><G64/><T19/><D102/><U73/><E73/><V32/><F32/><W43/><G43/><T104/><D104/><U21/><E39/><V74/><F74/><W56/><G47/><T96/><D106/><U115/><E37/><RYUUKYOKU ba="0,0" sc="155,15,337,-15,114,-15,394,15" hai0="6,11,13,19,22,26,96,97,121,123" hai3="0,4,9,12,16,49,52,56,84,86" /><INIT seed="4,1,0,2,1,126" ten="170,322,99,409" oya="0" hai0="6,58,17,21,44,47,7,94,2,86,16,29,35" hai1="117,38,74,42,93,97,63,114,62,84,78,128,37" hai2="109,39,77,15,43,105,50,20,68,1,125,11,89" hai3="101,10,54,83,120,115,102,51,96,99,123,8,112"/><T106/><D106/><U118/><E74/><V61/><F125/><W34/><G83/><T48/><D35/><U88/><E38/><V32/><F32/><W4/><G34/><T18/><D29/><U13/><E37/><V26/><F105/><N who="3" m="63655" /><G54/><N who="0" m="32071" /><D2/><U132/><E42/><V53/><F109/><W14/><G51/><T0/><D0/><U80/><E13/><V71/><F77/><W131/><G131/><T45/><D21/><U55/><E128/><V72/><F72/><W90/><G90/><AGARI ba="1,0" hai="6,7,16,17,18,44,45,47,86,90,94" m="32071" machi="90" ten="30,2900,0" yaku="8,1,54,1" doraHai="126" who="0" fromWho="3" sc="170,32,322,0,99,0,409,-32" /><INIT seed="4,2,0,2,2,131" ten="202,322,99,377" oya="0" hai0="133,57,28,130,78,94,30,89,80,76,5,116,24" hai1="27,129,118,48,58,132,121,25,83,102,20,82,128" hai2="41,122,38,107,114,91,115,39,101,100,15,111,42" hai3="113,112,110,92,9,126,70,31,52,21,120,59,7"/><T29/><D116/><U33/><E118/><V103/><F15/><W55/><G110/><T46/><D130/><N who="1" m="50283" /><E102/><V35/><F111/><W11/><G126/><T36/><D5/><U109/><E121/><V19/><F19/><W96/><G70/><T106/><D106/><U88/><E33/><V56/><F56/><W98/><G120/><T81/><D133/><U108/><E27/><V85/><F35/><W60/><G55/><T74/><D57/><U1/><E1/><V44/><F107/><W47/><G47/><T135/><D135/><U37/><E37/><V87/><F122/><W75/><G75/><T0/><D0/><U13/><E13/><V77/><F77/><W3/><G11/><T86/><D46/><U40/><E83/><V10/><F10/><W127/><G127/><T50/><D50/><U79/><E88/><V22/><F22/><W72/><G72/><T2/><D36/><N who="2" m="13866" /><F44/><W63/><G63/><T12/><D12/><U124/><E40/><N who="2" m="15467" /><F91/><W34/><G34/><T69/><D69/><U6/><E6/><V45/><F45/><W123/><G123/><T17/><D2/><U66/><E124/><V119/><F119/><W23/><G23/><T51/><D51/><U26/><E48/><V54/><F54/><W117/><G117/><T62/><D62/><N who="1" m="38231" /><E26/><V99/><F99/><W71/><G98/><T125/><D125/><U93/><E93/><V18/><F18/><W84/><G96/><N who="0" m="57423" /><D17/><N who="1" m="12431" /><E132/><V53/><F53/><W16/><G3/><T64/><D24/><U8/><E8/><V105/><F105/><W4/><G9/><T97/><D97/><RYUUKYOKU ba="2,0" sc="202,10,322,10,99,10,377,-30" hai0="28,29,30,64,74,76,78,80,81,86" hai1="79,82,108,109" hai2="85,87,100,101,103,114,115" /><INIT seed="4,3,0,4,5,111" ten="212,332,109,347" oya="0" hai0="76,72,42,73,132,125,0,41,83,19,48,71,95" hai1="89,40,93,80,99,116,120,57,44,101,118,77,117" hai2="49,129,2,74,7,24,82,43,11,1,50,10,105" hai3="78,22,35,97,103,135,45,56,87,119,100,102,131"/><T62/><D0/><U51/><E120/><V17/><F129/><W23/><G119/><T67/><D125/><U63/><E101/><V54/><F105/><W53/><G131/><T61/><D132/><U121/><E121/><V14/><F43/><W65/><G35/><T109/><D109/><U9/><E9/><V84/><F74/><W107/><G135/><T70/><D95/><U27/><E27/><V36/><F36/><W113/><G97/><T98/><D98/><U104/><E104/><V122/><F122/><W20/><G107/><T47/><D19/><U4/><E4/><V5/><F24/><W58/><G65/><T110/><D110/><U25/><E25/><V16/><F50/><N who="3" m="28879" /><G113/><T6/><D6/><U115/><E115/><V96/><F96/><W128/><G128/><T91/><D91/><U134/><E134/><V108/><F108/><W86/><G78/><T124/><D124/><U37/><E37/><V114/><F114/><W92/><G92/><T31/><D31/><U3/><E3/><V33/><F33/><W13/><G13/><T75/><REACH who="0" step="1"/><D41/><REACH who="0" ten="202,332,109,347" step="2"/><U32/><E117/><V69/><F14/><W123/><G123/><T60/><D60/><U29/><E29/><V30/><F30/><W112/><G112/><T81/><D81/><U85/><E32/><V34/><F34/><W38/><G103/><T64/><AGARI ba="3,1" hai="42,47,48,61,62,64,67,70,71,72,73,75,76,83" machi="64" ten="30,6000,0" yaku="1,1,0,1,9,1,53,0" doraHai="111" doraHaiUra="90" who="0" fromWho="0" sc="202,79,332,-23,109,-23,347,-23" /><INIT seed="4,4,0,1,3,120" ten="281,309,86,324" oya="0" hai0="54,106,123,18,12,76,23,28,96,30,60,37,57" hai1="55,114,6,14,67,15,62,77,40,104,49,134,38" hai2="42,109,48,102,115,100,16,87,117,66,108,105,129" hai3="56,101,11,93,27,35,17,131,125,82,58,44,68"/><T21/><D123/><U19/><E104/><V8/><F66/><W24/><G68/><T83/><D37/><U71/><E134/><V43/><F115/><W3/><G131/><T124/><D124/><U32/><E32/><V2/><F129/><W119/><G119/><T86/><D106/><U39/><E77/><V132/><F117/><W61/><G125/><T107/><D107/><U88/><E114/><V118/><F118/><W122/><G122/><T13/><REACH who="0" step="1"/><D96/><REACH who="0" ten="271,309,86,324" step="2"/><U91/><E39/><V10/><F105/><W89/><G101/><T50/><D50/><U22/><E38/><V70/><F132/><W103/><G103/><T46/><D46/><U41/><E40/><V34/><F48/><W98/><G44/><T1/><D1/><U63/><E41/><V130/><F130/><W31/><G98/><T45/><D45/><U47/><E47/><V110/><F100/><W128/><G3/><T111/><D111/><U92/><E49/><V94/><F2/><W72/><G128/><T79/><D79/><U80/><E91/><V25/><F42/><W20/><G89/><T84/><D84/><U113/><E113/><V126/><F43/><W7/><G72/><T95/><D95/><U4/><E92/><V75/><F126/><W112/><G93/><T0/><D0/><U135/><E135/><V133/><F75/><W74/><G112/><T78/><D78/><U81/><E88/><N who="2" m="53535" /><F133/><W33/><G74/><T90/><D90/><U65/><E63/><V26/><F102/><W69/><G61/><T116/><D116/><U5/><E62/><V127/><F127/><RYUUKYOKU ba="4,1" sc="271,30,309,-10,86,-10,324,-10" hai0="12,13,18,21,23,28,30,54,57,60,76,83,86" /><INIT seed="4,5,1,3,1,108" ten="301,299,76,314" oya="0" hai0="71,26,72,9,135,83,20,100,2,27,119,69,31" hai1="99,85,82,52,115,90,38,47,76,79,35,84,122" hai2="87,131,46,16,68,134,18,48,109,123,92,128,88" hai3="50,45,8,22,129,44,75,4,40,42,32,10,1"/><T106/><D119/><U73/><E35/><V101/><F109/><W60/><G129/><N who="2" m="49737" /><F123/><W64/><G32/><T102/><D135/><U53/><E122/><V125/><F68/><W43/><G75/><T17/><D71/><U15/><E73/><V33/><F33/><W30/><G10/><T25/><D69/><U70/><E70/><V130/><N who="2" m="49745" /><V117/><DORA hai="113" /><F117/><W104/><G104/><T39/><D39/><U61/><E99/><N who="2" m="59623" /><F134/><W19/><G30/><T133/><D31/><U28/><E61/><V36/><F36/><W56/><REACH who="3" step="1"/><G44/><REACH who="3" ten="301,299,76,304" step="2"/><T132/><D106/><U105/><E28/><V89/><F125/><W37/><G37/><T77/><D132/><U78/><E105/><V7/><F7/><W74/><G74/><T98/><D133/><U59/><E38/><V112/><F112/><W67/><G67/><T126/><D126/><U3/><E115/><V29/><F29/><W62/><G62/><T66/><D66/><U34/><E34/><V63/><F63/><W58/><G58/><T93/><D9/><U51/><E59/><V14/><F14/><AGARI ba="5,2" hai="1,4,8,14,19,22,40,42,43,45,50,56,60,64" machi="14" ten="30,3900,0" yaku="1,1,7,1,53,1" doraHai="108,113" doraHaiUra="0,120" who="3" fromWho="2" sc="301,0,299,0,76,-54,304,74" /><INIT seed="5,0,0,1,4,51" ten="301,299,22,378" oya="1" hai0="131,44,101,43,20,77,0,74,118,2,88,83,99" hai1="22,113,12,106,30,126,92,14,49,54,37,100,1" hai2="98,52,48,26,135,125,23,72,87,129,46,85,75" hai3="39,80,70,107,95,97,19,11,4,66,32,41,103"/><U63/><E1/><V16/><F129/><W108/><G108/><T6/><D118/><U109/><E37/><V5/><F125/><W13/><G80/><T42/><D131/><U31/><E126/><V65/><F135/><W73/><G73/><T123/><D123/><U122/><E122/><V25/><F5/><W53/><G32/><T57/><D43/><U28/><E106/><V67/><F75/><W124/><G124/><T96/><D20/><U34/><E34/><V104/><F72/><W134/><G134/><T111/><D111/><U119/><E119/><V33/><F33/><W91/><G66/><N who="2" m="25097" /><F104/><W110/><G70/><T55/><D6/><U62/><E113/><V115/><F115/><W81/><G81/><T86/><D44/><N who="1" m="27943" /><E109/><V68/><F68/><W64/><G64/><T94/><D42/><U38/><E38/><V93/><F26/><W120/><G41/><T132/><D132/><U61/><E22/><V58/><F46/><W60/><G39/><T90/><D90/><AGARI ba="0,0" hai="16,23,25,48,52,58,85,87,90,93,98" m="25097" machi="90" ten="30,7700,0" yaku="8,1,52,1,54,2" doraHai="51" who="2" fromWho="0" sc="301,-77,299,0,22,77,378,0" /><INIT seed="6,0,0,2,1,65" ten="224,299,99,378" oya="2" hai0="119,4,8,25,134,79,116,130,72,33,95,36,64" hai1="40,103,123,132,60,114,133,63,32,82,43,9,75" hai2="124,6,46,93,111,98,83,131,105,11,125,10,20" hai3="96,28,121,50,128,113,76,90,29,110,87,1,7"/><V17/><F105/><W18/><G110/><T106/><D106/><U117/><E32/><V78/><F111/><W3/><G121/><T58/><D36/><U13/><E117/><N who="0" m="45129" /><D134/><U30/><E123/><V57/><F131/><W109/><G90/><T42/><D42/><N who="1" m="15915" /><E30/><V102/><F46/><W16/><G16/><T122/><D122/><U127/><E103/><V31/><F31/><W135/><G87/><T37/><D37/><U115/><E127/><N who="2" m="48715" /><F57/><W51/><G50/><T55/><D130/><U59/><E63/><V39/><F39/><W73/><G96/><T52/><D25/><U77/><E60/><V56/><F56/><W34/><G18/><T69/><D33/><U38/><E59/><V67/><F67/><W89/><G89/><T88/><D79/><U99/><E99/><V21/><F17/><W112/><G28/><T129/><D129/><U26/><E38/><V19/><F19/><W35/><G29/><T15/><D72/><U49/><E26/><V70/><F70/><W61/><G73/><T62/><D58/><U45/><E45/><V68/><F68/><W126/><G61/><T54/><D54/><U47/><E47/><V101/><F101/><W41/><G109/><T108/><D108/><U27/><E27/><V24/><F24/><W92/><G128/><T44/><D44/><U12/><E49/><V2/><F11/><W66/><G66/><T86/><AGARI ba="0,0" hai="4,8,15,52,55,62,64,69,86,88,95" m="45129" machi="86" ten="30,7900,0" yaku="12,1,52,1,54,2" doraHai="65" who="0" fromWho="0" sc="224,79,299,-20,99,-39,378,-20" /><INIT seed="7,0,0,3,2,134" ten="303,279,60,358" oya="3" hai0="31,101,21,100,26,11,74,107,28,121,41,128,39" hai1="123,65,60,2,131,59,49,95,72,52,125,117,3" hai2="24,46,48,75,27,36,14,17,132,6,38,126,124" hai3="76,23,118,22,96,40,44,15,113,0,87,106,81"/><W58/><G118/><T33/><D121/><U19/><E123/><V103/><F132/><W10/><G0/><T80/><D128/><U67/><E72/><V83/><F103/><W78/><G113/><T110/><D110/><U98/><E131/><V69/><F69/><W111/><G111/><T9/><D39/><U54/><E117/><V70/><F70/><W91/><G58/><T30/><D41/><U130/><E130/><V79/><F38/><W7/><G106/><T115/><D115/><U88/><E125/><V16/><F36/><W29/><G29/><N who="0" m="10763" /><D33/><U50/><E67/><V89/><F89/><W112/><G112/><T57/><D107/><U68/><REACH who="1" step="1"/><E19/><REACH who="1" ten="303,269,60,358" step="2"/><V18/><F6/><W120/><G120/><T90/><D74/><U42/><E42/><V1/><F1/><W53/><G40/><T8/><D57/><AGARI ba="0,1" hai="2,3,49,50,52,54,57,59,60,65,68,88,95,98" machi="57" ten="30,12000,2" yaku="1,1,7,1,9,1,54,2,53,1" doraHai="134" doraHaiUra="84" who="1" fromWho="0" sc="303,-120,269,130,60,0,358,0" owari="183,-22.0,399,50.0,60,-44.0,358,16.0" /></mjloggm>