<mjloggm ver="2.3"><GO type="169" lobby="0"/><UN n0="%E3%83%8F%E3%83%8D%E3%83%A0%E3%83%BC%E3%83%B3%E2%98%85%E6%B2%B3%E7%AB%A5" n1="%67%6F%69%73%75%62%61%69" n2="%E5%B0%B1%E6%B4%BB%E7%94%9F%40%E5%B7%9D%E6%9D%91%E8%BB%8D%E5%9B%A3" n3="%6B%61%6D%6F%73%68%69%6E" dan="17,16,19,17" rate="2123.77,2161.02,2321.25,2134.27" sx="M,M,M,M"/><TAIKYOKU oya="0"/><INIT seed="0,0,0,2,5,112" ten="250,250,250,250" oya="0" hai0="92,79,24,22,15,84,88,106,108,51,114,23,111" hai1="96,60,75,113,127,124,11,2,26,82,105,81,45" hai2="122,103,28,134,42,74,131,48,1,73,68,44,50" hai3="25,8,77,90,41,21,47,39,53,128,102,43,125"/><T7/><D114/><U126/><E113/><V117/><F1/><W58/><G128/><T94/><D106/><U71/><E75/><V40/><F68/><W93/><G125/><T133/><D79/><U118/><E118/><V54/><F122/><W83/><G102/><T85/><D133/><U109/><E109/><N who="0" m="42057" /><D51/><U98/><E45/><V87/><F131/><W32/><G32/><T12/><D7/><N who="1" m="1527" /><E26/><V59/><F103/><W55/><G8/><T52/><D52/><U56/><E71/><V76/><F42/><W89/><G43/><T95/><D22/><U61/><E61/><V64/><F64/><W57/><G55/><T6/><D6/><U66/><E105/><V33/><F134/><W116/><G53/><T38/><D38/><U17/><E17/><V120/><F120/><W10/><G77/><T4/><D4/><U104/><E104/><V9/><F9/><W86/><G10/><T123/><D123/><U129/><E129/><V69/><F74/><W30/><REACH who="3" step="1"/><G116/><REACH who="3" ten="250,250,250,240" step="2"/><T3/><D3/><U19/><E127/><V110/><F117/><W97/><AGARI ba="0,1" hai="21,25,30,39,41,47,57,58,83,86,89,90,93,97" machi="97" ten="20,8000,1" yaku="1,1,2,1,0,1,7,1,53,1" doraHai="112" doraHaiUra="20" who="3" fromWho="3" sc="250,-40,250,-20,250,-20,240,90" /><INIT seed="1,0,0,2,4,93" ten="210,230,230,330" oya="1" hai0="85,32,55,58,91,5,18,79,52,48,75,87,124" hai1="86,73,43,88,127,118,50,111,53,131,56,108,135" hai2="63,126,34,6,59,28,95,112,84,115,99,19,133" hai3="23,109,71,36,104,39,77,72,117,100,13,66,74"/><U20/><E118/><V132/><F6/><W78/><G117/><T22/><D32/><U64/><E73/><V129/><F129/><W107/><G13/><T45/><D124/><U35/><E35/><V9/><F126/><W123/><G23/><T49/><D5/><U90/><E127/><V27/><F84/><W116/><G123/><T14/><D75/><U89/><E131/><V92/><F19/><W51/><G51/><T31/><D79/><U15/><E135/><N who="2" m="51787" /><F9/><W69/><G109/><N who="1" m="42058" /><E64/><N who="2" m="39039" /><F92/><W62/><G116/><T83/><D85/><U103/><E103/><AGARI ba="0,0" hai="27,28,34,95,99,103,112,115" m="39039,51787" machi="103" ten="30,2000,0" yaku="20,1,52,1" doraHai="93" who="2" fromWho="1" sc="210,0,230,-20,230,20,330,0" /><INIT seed="2,0,0,2,4,73" ten="210,210,250,330" oya="2" hai0="7,35,36,130,5,77,95,20,52,114,10,122,38" hai1="42,110,41,126,93,71,102,69,127,4,49,103,6" hai2="121,133,81,135,30,123,88,65,84,31,19,98,21" hai3="28,89,94,17,107,33,54,120,16,39,112,12,64"/><V90/><F65/><W85/><G120/><N who="2" m="46153" /><F31/><W108/><G39/><T34/><D95/><U80/><E93/><N who="2" m="56615" /><F30/><W83/><G107/><T29/><D29/><U74/><E49/><V18/><F21/><W72/><G112/><T50/><D20/><U57/><E57/><V117/><F117/><W124/><G64/><T37/><D122/><U48/><E48/><V87/><F18/><W118/><G118/><T109/><D114/><U129/><E74/><V66/><F19/><W113/><G113/><T99/><D99/><U116/><E116/><V134/><F66/><W45/><G17/><T9/><D130/><U79/><E129/><V91/><F87/><W22/><G28/><T53/><D50/><U8/><E8/><V106/><F106/><W75/><G33/><T62/><D37/><U70/><E70/><V44/><F44/><W55/><G45/><T32/><D32/><U56/><E56/><V0/><F0/><W13/><G75/><T2/><D2/><U100/><E69/><V51/><F51/><W63/><G72/><T11/><D11/><U47/><E71/><V68/><F68/><W76/><G13/><T96/><D62/><U132/><E47/><V128/><F91/><W61/><G63/><T26/><D26/><U27/><E27/><V40/><F40/><W23/><G22/><T92/><D38/><U105/><E41/><V14/><F14/><W1/><G1/><T43/><D36/><U97/><E42/><V58/><F58/><W86/><G61/><T59/><D59/><U104/><E105/><V111/><F128/><W60/><G12/><RYUUKYOKU ba="0,0" sc="210,-10,210,-10,250,30,330,-10" hai2="81,84,90,111,133,134,135" /><INIT seed="2,1,0,0,1,62" ten="200,200,280,320" oya="2" hai0="134,133,90,8,123,14,28,132,77,97,52,118,37" hai1="47,99,117,15,1,76,33,23,30,85,20,78,80" hai2="115,67,42,21,135,56,84,72,40,110,89,122,66" hai3="38,24,11,18,70,106,61,95,13,100,44,4,0"/><V6/><F72/><W125/><G106/><T75/><D123/><U34/><E117/><V43/><F122/><W46/><G125/><T111/><D37/><U53/><E1/><V59/><F115/><W119/><G119/><T127/><D118/><U17/><E76/><V113/><F113/><W32/><G38/><T26/><D127/><U91/><E30/><V131/><F135/><W60/><G100/><T9/><D111/><U7/><E7/><V81/><F110/><W45/><G95/><N who="0" m="56567" /><D77/><U5/><E5/><V58/><F131/><W57/><G70/><T31/><D75/><U54/><E23/><V74/><F74/><W68/><G68/><T86/><D86/><U39/><E39/><V19/><REACH who="2" step="1"/><F6/><REACH who="2" ten="200,200,270,320" step="2"/><W16/><G0/><T102/><D134/><U104/><E34/><V120/><F120/><W27/><G32/><T22/><D133/><U25/><E33/><V2/><F2/><W107/><G4/><T116/><D132/><U129/><E129/><V126/><F126/><W114/><G114/><T63/><D116/><U112/><E112/><V103/><F103/><W87/><G107/><T94/><D102/><U73/><E104/><V48/><F48/><W108/><G108/><T55/><D31/><U83/><E73/><V36/><F36/><W50/><G18/><N who="0" m="8527" /><D63/><U41/><E17/><V10/><F10/><W49/><G61/><T88/><D8/><U130/><E130/><V64/><F64/><N who="3" m="38927" /><G50/><T29/><D29/><U93/><E15/><AGARI ba="1,1" hai="15,19,21,40,42,43,56,58,59,66,67,81,84,89" machi="15" ten="40,12000,1" yaku="1,1,8,1,52,2,53,0" doraHai="62" doraHaiUra="96" who="2" fromWho="1" sc="200,0,200,-123,270,133,320,0" /><INIT seed="2,2,0,4,1,49" ten="200,77,403,320" oya="2" hai0="8,81,30,51,79,70,33,16,100,88,116,2,27" hai1="124,93,44,59,97,117,47,107,68,32,3,85,80" hai2="119,75,132,130,84,108,57,135,20,31,63,37,62" hai3="66,0,99,38,118,98,48,53,78,131,14,64,34"/><V26/><F37/><W42/><G0/><T10/><D70/><U83/><E68/><V105/><F75/><W7/><G118/><T5/><D116/><U17/><E117/><V43/><F119/><W58/><G34/><T9/><D100/><U89/><E107/><V24/><F105/><W133/><G131/><T73/><D51/><U61/><E124/><V94/><F130/><W67/><G133/><N who="2" m="51273" /><F43/><W56/><G78/><T82/><D82/><U122/><E122/><V77/><F108/><W95/><G58/><T102/><D102/><U72/><E72/><V101/><F26/><W35/><G35/><T19/><D88/><U40/><E3/><V69/><F69/><W114/><G114/><T134/><D134/><U28/><E28/><V12/><F12/><W60/><G38/><T71/><D71/><U41/><E32/><V55/><F77/><W46/><G95/><T96/><D96/><U74/><E74/><V23/><F23/><W110/><REACH who="3" step="1"/><G110/><REACH who="3" ten="200,77,403,310" step="2"/><T15/><REACH who="0" step="1"/><D19/><REACH who="0" ten="190,77,403,310" step="2"/><U115/><E17/><V121/><F121/><W104/><G104/><T25/><D25/><U39/><E115/><V91/><F101/><W123/><G123/><T29/><D29/><U6/><E80/><V4/><F94/><W52/><G52/><T22/><AGARI ba="2,2" hai="2,5,8,9,10,15,16,22,27,30,33,73,79,81" machi="22" ten="20,12000,2" yaku="1,1,0,1,7,1,24,2,54,1,53,0" doraHai="49" doraHaiUra="125" who="0" fromWho="0" sc="190,146,77,-32,403,-62,310,-32" /><INIT seed="3,0,0,2,1,17" ten="336,45,341,278" oya="3" hai0="71,5,105,129,14,41,90,18,89,85,64,6,70" hai1="98,48,62,112,53,16,110,31,106,122,28,13,43" hai2="27,61,29,82,52,9,42,91,107,111,133,80,46" hai3="87,134,30,74,50,132,19,25,7,114,26,0,32"/><W96/><G74/><T84/><D105/><U120/><E112/><V40/><F107/><W65/><G114/><T100/><D100/><U88/><E110/><V20/><F111/><W67/><G96/><T37/><D129/><U56/><E43/><N who="2" m="16427" /><F133/><N who="3" m="51307" /><G50/><T93/><D41/><U119/><E119/><V47/><F9/><N who="3" m="2279" /><G87/><T59/><D37/><U22/><E62/><V109/><F109/><W36/><G36/><T57/><D64/><U72/><E72/><V24/><F24/><W131/><G131/><T113/><D113/><U58/><E58/><N who="0" m="22025" /><D70/><U116/><E116/><V39/><F39/><W125/><G125/><T60/><D60/><U44/><E44/><N who="2" m="16939" /><F91/><W77/><G77/><T104/><D104/><U101/><REACH who="1" step="1"/><E88/><REACH who="1" ten="336,35,341,278" step="2"/><V3/><F61/><W34/><G34/><T126/><D126/><U1/><E1/><V4/><F3/><W117/><G117/><T123/><D71/><U33/><E33/><V8/><F80/><W81/><G81/><N who="0" m="49327" /><D123/><AGARI ba="0,1" hai="13,16,22,28,31,48,53,56,98,101,106,120,122,123" machi="123" ten="40,5200,0" yaku="1,1,52,1,54,1,53,0" doraHai="17" doraHaiUra="69" who="1" fromWho="0" sc="336,-52,35,62,341,0,278,0" /><INIT seed="4,0,0,0,3,110" ten="284,97,341,278" oya="0" hai0="111,39,37,64,71,118,20,87,112,78,75,129,32" hai1="54,62,127,93,27,68,90,11,41,86,66,58,97" hai2="99,33,56,44,116,45,109,134,117,73,40,49,15" hai3="16,24,7,69,128,126,91,60,30,95,28,108,101"/><T50/><D87/><U125/><E41/><V0/><F0/><W104/><G108/><T65/><D20/><U106/><E11/><V102/><F73/><W8/><G128/><T12/><D12/><U81/><E106/><V25/><F109/><W92/><G126/><T98/><D98/><U105/><E105/><V13/><F134/><W46/><G104/><T107/><D50/><U48/><REACH who="1" step="1"/><E27/><REACH who="1" ten="284,87,341,278" step="2"/><V89/><F25/><W72/><G24/><T114/><D107/><U82/><E82/><V52/><F40/><W10/><G95/><T14/><D111/><U63/><E63/><V3/><F3/><W19/><G92/><T131/><D14/><U55/><E55/><V94/><F15/><W6/><G60/><T34/><D118/><U77/><AGARI ba="0,1" hai="48,54,58,62,66,68,77,81,86,90,93,97,125,127" machi="77" ten="30,2000,0" yaku="1,1,0,1,53,0" doraHai="110" doraHaiUra="119" who="1" fromWho="1" sc="284,-10,87,30,341,-5,278,-5" /><INIT seed="5,0,0,2,3,115" ten="274,117,336,273" oya="1" hai0="42,63,112,62,15,20,71,61,114,13,70,106,126" hai1="130,53,49,96,108,134,94,125,14,73,78,85,46" hai2="82,68,99,92,39,103,75,12,19,66,88,29,77" hai3="72,91,47,32,64,110,59,56,95,37,48,22,81"/><U101/><E125/><V6/><F39/><W124/><G32/><T76/><D76/><U113/><E113/><N who="0" m="43625" /><D126/><U97/><E130/><V23/><F6/><W8/><G124/><T50/><D106/><U121/><E121/><V54/><F29/><W123/><G37/><T0/><D0/><U5/><E134/><V122/><F122/><W98/><G123/><T40/><D20/><U90/><E108/><V84/><F54/><W109/><G8/><T83/><D83/><U11/><E73/><V58/><F68/><N who="0" m="26154" /><D50/><U10/><E78/><V18/><F18/><W41/><G22/><T120/><D120/><U44/><E44/><V111/><F111/><W26/><G110/><T16/><D16/><U129/><E129/><V104/><F58/><W43/><G59/><T3/><D3/><U35/><E35/><V45/><F45/><W86/><G72/><T38/><D38/><U74/><E74/><V60/><F60/><N who="0" m="15362" /><T31/><DORA hai="80" /><D31/><U131/><E131/><V127/><F127/><W51/><G109/><T21/><D21/><U67/><E67/><AGARI ba="0,0" hai="12,19,23,66,67,75,77,82,84,88,92,99,103,104" machi="67" ten="40,8000,1" yaku="24,2,52,1,54,1" doraHai="115,80" who="2" fromWho="1" sc="274,0,117,-80,336,80,273,0" /><INIT seed="6,0,0,1,1,99" ten="274,37,416,273" oya="2" hai0="115,23,47,108,89,107,76,80,126,62,36,100,92" hai1="10,19,94,77,49,51,131,84,112,128,4,101,116" hai2="74,54,38,58,125,118,82,117,67,3,127,30,11" hai3="133,114,119,73,71,27,1,61,69,5,129,39,17"/><V8/><F38/><W9/><G61/><T78/><D108/><U88/><E116/><N who="2" m="44651" /><F67/><W59/><G59/><T13/><D115/><U134/><E112/><V25/><F82/><W123/><G17/><T29/><D126/><N who="2" m="48138" /><F74/><W105/><G27/><T130/><D130/><U64/><E134/><V72/><F72/><W109/><G9/><N who="2" m="3657" /><F58/><W124/><G5/><T50/><D80/><U111/><E64/><V32/><F54/><W102/><G102/><T132/><D100/><U97/><E111/><V121/><F121/><W33/><AGARI ba="0,0" hai="1,33,39,69,71,73,105,109,114,119,123,124,129,133" machi="33" ten="0,32000,5" yakuman="47" doraHai="99" who="3" fromWho="3" sc="274,-80,37,-80,416,-160,273,320" owari="194,-21.0,-43,-54.0,256,6.0,593,69.0" /></mjloggm>