<mjloggm ver="2.3"><GO type="169" lobby="0"/><UN n0="%E3%81%A1%E3%81%AA%E3%81%A4%E7%84%A1%E5%8F%8C%EF%BC%81" n1="%E3%83%88%E3%83%88%E3%83%AA%E5%85%88%E7%94%9F%31%39%E6%AD%B3" n2="%E3%81%82%E3%81%9A%E3%82%8C%EF%BC%A0%E7%BE%BD%E7%94%9F%E3%82%AA%E3%82%BF" n3="%64%64%6D%75" dan="16,19,16,16" rate="2057.60,2305.29,2162.76,2098.37" sx="M,F,M,M"/><TAIKYOKU oya="0"/><INIT seed="0,0,0,5,2,61" ten="250,250,250,250" oya="0" hai0="7,114,54,132,88,13,27,97,135,126,57,77,47" hai1="22,92,117,1,100,81,21,12,120,40,44,28,124" hai2="64,127,116,134,35,73,37,30,103,121,102,74,23" hai3="96,8,5,58,91,125,93,113,2,24,122,130,17"/><T14/><D114/><U78/><E117/><V104/><F35/><W79/><G113/><T99/><D126/><U26/><E1/><V53/><F37/><W106/><G125/><T75/><D47/><U0/><E0/><V111/><F127/><W83/><G130/><T16/><D7/><U95/><E120/><V76/><F134/><W51/><G106/><T94/><D99/><U133/><E133/><N who="0" m="51273" /><D77/><U65/><E124/><V49/><F111/><W68/><G68/><T67/><D75/><U70/><E100/><V110/><F110/><W59/><G122/><T55/><D67/><U108/><E108/><V52/><F104/><W119/><G119/><T32/><D55/><U128/><E128/><V39/><F39/><W66/><G51/><N who="0" m="30943" /><D32/><U20/><E65/><V4/><F74/><W105/><G105/><T29/><D16/><N who="1" m="10375" /><E20/><V109/><F73/><W112/><G112/><T19/><D29/><U80/><E78/><V9/><F109/><W48/><G66/><T89/><D89/><U25/><E25/><V38/><F38/><W60/><G24/><T56/><D56/><U45/><E70/><V107/><F107/><W131/><G131/><T86/><D97/><U15/><E15/><V3/><F3/><W63/><G59/><T46/><D46/><N who="1" m="18027" /><E40/><V50/><F116/><W72/><G17/><T69/><D69/><U11/><E11/><V31/><F121/><W42/><G42/><T71/><D71/><U10/><E10/><V43/><F76/><W123/><G123/><T34/><D34/><U18/><E28/><V90/><F103/><W41/><G41/><RYUUKYOKU ba="0,0" sc="250,10,250,10,250,-30,250,10" hai0="13,14,19,27,86,88,94" hai1="18,22,26,80,81,92,95" hai3="2,5,8,48,58,60,63,72,79,83,91,93,96" /><INIT seed="0,1,0,4,4,82" ten="260,260,220,260" oya="0" hai0="98,127,32,9,2,49,20,108,50,31,103,37,74" hai1="34,117,79,80,92,15,17,53,120,125,113,55,33" hai2="135,73,132,60,63,47,11,123,129,81,110,24,99" hai3="19,42,18,94,44,83,122,7,54,69,14,133,68"/><T70/><D37/><U102/><E117/><V116/><F123/><W41/><G122/><T23/><D70/><U38/><E120/><V93/><F116/><W30/><G30/><T67/><D74/><U28/><E38/><V52/><F129/><W26/><G133/><N who="2" m="51273" /><F110/><W36/><G42/><T21/><D67/><U134/><E134/><V75/><F11/><W115/><G115/><T65/><D65/><U105/><E105/><V45/><F24/><W111/><G111/><T106/><D127/><U29/><E125/><V71/><F71/><W96/><G83/><T87/><D108/><U25/><E113/><V90/><F81/><W78/><G78/><T12/><D2/><U13/><E13/><V107/><F107/><W91/><G7/><T51/><D32/><U85/><E29/><V97/><F97/><W27/><G54/><T66/><D66/><U35/><E35/><V104/><F104/><W10/><G27/><T57/><D31/><U40/><E40/><V58/><F63/><W46/><G46/><AGARI ba="1,0" hai="45,46,47,52,58,60,73,75,90,93,99" m="51273" machi="46" ten="30,2000,0" yaku="20,1,54,1" doraHai="82" who="2" fromWho="3" sc="260,0,260,0,220,23,260,-23" /><INIT seed="1,0,0,0,5,42" ten="260,260,243,237" oya="1" hai0="53,59,124,3,117,104,108,132,64,21,97,13,72" hai1="10,131,110,88,89,84,118,4,33,50,99,81,127" hai2="98,30,54,93,95,27,90,16,96,38,77,44,70" hai3="80,71,20,105,68,128,63,5,67,79,91,101,51"/><U52/><E118/><V32/><F70/><W130/><G105/><T109/><D117/><U103/><E33/><V87/><F77/><W123/><G101/><T57/><D3/><U47/><E131/><N who="3" m="50218" /><G123/><T135/><D72/><U62/><E127/><V7/><F7/><W100/><G100/><T24/><D124/><U41/><E110/><V78/><F78/><W6/><G91/><T92/><D104/><U36/><E62/><V133/><F133/><N who="0" m="51274" /><D13/><N who="1" m="5319" /><E36/><V56/><F95/><W18/><G51/><T23/><D109/><U29/><E29/><V85/><F85/><N who="3" m="48287" /><G71/><T76/><D108/><U25/><E25/><AGARI ba="0,0" hai="5,6,18,20,25,63,67,68" m="48287,50218" machi="25" ten="30,1000,0" yaku="19,1" doraHai="42" who="3" fromWho="1" sc="260,0,260,-10,243,0,237,10" /><INIT seed="2,0,0,5,4,104" ten="260,250,243,247" oya="2" hai0="1,103,35,19,97,40,46,30,106,96,90,134,126" hai1="109,88,23,113,0,62,128,15,8,22,125,6,28" hai2="83,38,91,33,123,117,99,94,13,36,87,54,3" hai3="60,53,77,82,100,95,14,120,2,101,24,12,85"/><V44/><F33/><W130/><G120/><T73/><D1/><U17/><E113/><V67/><F3/><W7/><G130/><T121/><D121/><U48/><E109/><V63/><F117/><W93/><G2/><T118/><D118/><U5/><E128/><V84/><F123/><W10/><G14/><T68/><D68/><U131/><E131/><V86/><F13/><W49/><G60/><T47/><D134/><U65/><E125/><V114/><F114/><W26/><G95/><T107/><D126/><U108/><E108/><V102/><F38/><W11/><G11/><T135/><D135/><U29/><E5/><V80/><F36/><W39/><G39/><T57/><D107/><U111/><E48/><N who="2" m="28935" /><F102/><N who="3" m="39531" /><G93/><T20/><D103/><U110/><E110/><V37/><F37/><W98/><G98/><T43/><D97/><U116/><E116/><V50/><F50/><W70/><G70/><T72/><D96/><U129/><E129/><V105/><F105/><W32/><G32/><T27/><D35/><U18/><E111/><V16/><F16/><W89/><G77/><T74/><D106/><U69/><REACH who="1" step="1"/><E88/><REACH who="1" ten="260,240,243,247" step="2"/><N who="2" m="55751" /><F83/><W75/><G89/><T78/><D90/><U9/><E9/><V81/><F80/><W76/><G7/><T115/><D115/><U92/><E92/><V41/><F41/><W61/><G10/><T64/><D43/><U31/><E31/><V71/><F81/><W52/><G49/><T79/><D30/><U122/><E122/><V55/><F91/><W51/><G82/><T56/><D40/><U4/><E4/><V45/><F45/><RYUUKYOKU ba="0,1" sc="260,-15,240,15,243,15,247,-15" hai1="0,6,8,15,17,18,22,23,28,29,62,65,69" hai2="55,63,67,71,84,86,87" /><INIT seed="2,1,1,0,1,60" ten="245,255,258,232" oya="2" hai0="106,3,6,79,49,98,132,74,28,114,0,104,56" hai1="62,83,4,48,67,85,91,70,11,121,112,33,108" hai2="37,42,15,59,90,27,101,44,96,58,41,25,117" hai3="61,19,2,115,82,119,110,126,31,130,57,113,26"/><V87/><F117/><W123/><G2/><T8/><D114/><N who="3" m="43529" /><G119/><T45/><D132/><U9/><E112/><V16/><F42/><W69/><G123/><T20/><D3/><U39/><E39/><V102/><F102/><W54/><G130/><T95/><D56/><U68/><E33/><V134/><F134/><W72/><G110/><T107/><D79/><U128/><E108/><V7/><F7/><W127/><G69/><T109/><D74/><U32/><E32/><V88/><F27/><W124/><G19/><T46/><D109/><U73/><E128/><V53/><F25/><W64/><G82/><T131/><D131/><U14/><E121/><V40/><F40/><W5/><G5/><T81/><D81/><U105/><E105/><V10/><F87/><W120/><G120/><T50/><D106/><U36/><E36/><V55/><F55/><W21/><G72/><T34/><D107/><U52/><E73/><V1/><F1/><W100/><G100/><T24/><D104/><U125/><E68/><V66/><F66/><AGARI ba="1,1" hai="21,26,31,54,57,61,64,66,124,126,127" m="43529" machi="66" ten="40,8000,1" yaku="18,1,11,1,52,2" doraHai="60" who="3" fromWho="2" sc="245,0,255,0,258,-83,232,93" /><INIT seed="3,0,0,2,2,3" ten="245,255,175,325" oya="3" hai0="36,80,47,28,54,75,109,97,108,113,58,120,38" hai1="124,45,129,59,100,87,126,123,115,62,67,117,13" hai2="52,20,4,46,134,2,8,60,68,105,118,110,89" hai3="0,5,26,19,70,24,98,131,43,12,106,130,122"/><W85/><G122/><T40/><D120/><U66/><E123/><V61/><F118/><W35/><G70/><T27/><D38/><U49/><E100/><V11/><F105/><W14/><G43/><T33/><D113/><U112/><E87/><V125/><F134/><W37/><G37/><T76/><REACH who="0" step="1"/><D97/><REACH who="0" ten="235,255,175,325" step="2"/><U50/><E112/><V91/><F125/><W119/><G98/><T121/><D121/><U93/><E115/><V31/><F110/><W79/><G119/><T74/><D74/><U102/><E117/><V10/><F68/><W92/><G85/><T116/><D116/><U103/><E126/><V65/><F65/><W94/><G131/><T6/><D6/><U84/><E129/><V132/><F132/><W55/><G130/><T99/><D99/><U81/><E67/><V82/><F2/><W135/><G135/><T78/><D78/><U21/><E124/><V88/><F82/><W23/><G79/><T44/><D44/><U34/><E45/><V71/><F71/><W64/><G64/><T73/><D73/><U1/><E1/><V86/><F86/><W29/><G106/><T42/><D42/><U69/><E69/><V101/><F101/><N who="1" m="38409" /><E93/><V17/><F4/><W107/><G107/><T96/><D96/><U22/><E81/><V127/><F127/><W51/><G94/><T63/><AGARI ba="0,1" hai="27,28,33,36,40,47,54,58,63,75,76,80,108,109" machi="63" ten="30,2000,0" yaku="1,1,0,1,53,0" doraHai="3" doraHaiUra="95" who="0" fromWho="0" sc="235,30,255,-5,175,-5,325,-10" /><INIT seed="4,0,0,3,3,54" ten="265,250,170,315" oya="0" hai0="134,91,75,38,98,82,4,24,80,78,67,60,92" hai1="18,44,84,124,55,100,50,76,79,41,83,97,20" hai2="131,71,33,86,69,22,65,8,13,64,106,43,15" hai3="26,96,30,11,102,111,58,62,117,6,34,1,42"/><T94/><D38/><U48/><E124/><V87/><F33/><W68/><G117/><T72/><D134/><U119/><E119/><V90/><F106/><W122/><G122/><T129/><D129/><U74/><E74/><V28/><F131/><W23/><G68/><T12/><D24/><U40/><E79/><V63/><F43/><W110/><G42/><T112/><D112/><U31/><E31/><V70/><F28/><W49/><G49/><T59/><D94/><U114/><E114/><V120/><F120/><W61/><G61/><T93/><D93/><N who="1" m="58415" /><E48/><V133/><F133/><W46/><G46/><T107/><D107/><U101/><E101/><V29/><F29/><W85/><G85/><T17/><D75/><U115/><E115/><V109/><F109/><W130/><G34/><T77/><D72/><U103/><E103/><V9/><F22/><W53/><REACH who="3" step="1"/><G130/><REACH who="3" ten="265,250,170,305" step="2"/><T81/><REACH who="0" step="1"/><D4/><REACH who="0" ten="255,250,170,305" step="2"/><U10/><E40/><V39/><F39/><W125/><G125/><T47/><D47/><U73/><E73/><V108/><F108/><W128/><G128/><T0/><D0/><U25/><E41/><V37/><F37/><W104/><AGARI ba="0,2" hai="1,6,11,23,26,30,53,58,62,96,102,104,110,111" machi="104" ten="20,5200,0" yaku="1,1,0,1,7,1,52,1,53,0" doraHai="54" doraHaiUra="113" who="3" fromWho="3" sc="255,-26,250,-13,170,-13,305,72" /><INIT seed="5,0,0,0,5,36" ten="229,237,157,377" oya="1" hai0="108,134,94,93,19,39,49,76,116,65,69,54,64" hai1="106,26,80,51,28,133,86,29,83,17,50,129,120" hai2="74,23,63,88,81,113,61,66,90,11,33,118,107" hai3="128,77,73,38,62,124,102,4,68,59,40,12,85"/><U95/><E120/><V78/><F33/><W8/><G68/><T24/><D108/><U71/><E106/><V55/><F118/><W34/><G34/><T1/><D116/><U10/><E71/><V30/><F107/><W131/><G124/><T84/><D1/><U14/><E129/><V82/><F113/><W130/><G102/><T6/><D6/><U67/><E67/><V20/><F11/><W92/><G73/><T126/><D39/><U25/><E133/><V72/><F55/><N who="3" m="34175" /><G38/><T15/><D126/><U32/><E95/><V114/><F114/><W111/><G40/><T5/><D5/><U97/><E97/><V46/><F46/><W57/><G57/><T125/><D69/><U100/><E100/><V122/><F122/><W89/><G77/><T117/><D76/><U75/><E75/><V16/><F30/><W2/><G111/><T110/><D110/><U115/><E115/><V79/><F66/><W119/><G119/><T58/><D117/><U35/><REACH who="1" step="1"/><E83/><REACH who="1" ten="229,227,157,377" step="2"/><V48/><F48/><W123/><G123/><T45/><D134/><U21/><E21/><V109/><F109/><W43/><G130/><T103/><D103/><U9/><E9/><V44/><F44/><W41/><G131/><T98/><D64/><U3/><E3/><V56/><F56/><W47/><G128/><T53/><D65/><U7/><E7/><V91/><REACH who="2" step="1"/><F23/><REACH who="2" ten="229,227,147,377" step="2"/><W60/><G47/><T112/><D45/><U18/><E18/><V99/><F99/><W132/><G132/><T104/><D98/><U13/><E13/><AGARI ba="0,2" hai="13,16,20,61,63,72,74,78,79,81,82,88,90,91" machi="13" ten="40,8000,1" yaku="1,1,9,1,54,2,53,0" doraHai="36" doraHaiUra="101" who="2" fromWho="1" sc="229,0,227,-80,147,100,377,0" /><INIT seed="6,0,0,1,2,15" ten="229,147,247,377" oya="2" hai0="6,41,123,105,115,22,78,102,90,73,11,62,121" hai1="92,85,97,63,122,120,57,76,71,56,64,99,89" hai2="107,95,133,70,81,79,50,33,7,66,43,96,84" hai3="119,54,51,59,24,80,130,113,110,29,35,55,2"/><V91/><F33/><W60/><G119/><T19/><D115/><U116/><E116/><V49/><F133/><W14/><G110/><T131/><D131/><U12/><E120/><V112/><F112/><W16/><G2/><T127/><D127/><U100/><E122/><V125/><F125/><W40/><G113/><T118/><D118/><U44/><E76/><V20/><F7/><W77/><G40/><T45/><D62/><U42/><E97/><V3/><F3/><W129/><G54/><T117/><D117/><U37/><REACH who="1" step="1"/><E12/><REACH who="1" ten="229,137,247,377" step="2"/><V30/><F96/><W47/><G130/><T101/><D78/><U26/><E26/><V74/><F79/><W32/><G129/><T8/><D123/><U25/><E25/><V39/><F74/><W69/><G24/><T53/><D73/><U36/><E36/><V134/><F39/><W5/><G14/><T104/><D121/><U48/><E48/><V86/><F50/><W0/><G51/><T13/><D13/><U28/><E28/><V46/><F30/><W61/><G29/><T87/><D87/><U109/><E109/><V17/><F86/><W128/><G128/><T4/><D105/><AGARI ba="0,1" hai="37,42,44,56,57,63,64,71,85,89,92,99,100,105" machi="105" ten="30,3900,0" yaku="1,1,7,1,53,1" doraHai="15" doraHaiUra="38" who="1" fromWho="0" sc="229,-39,137,49,247,0,377,0" /><INIT seed="7,0,0,5,1,107" ten="190,186,247,377" oya="3" hai0="124,115,81,114,90,41,83,77,31,6,82,135,9" hai1="105,99,27,68,53,19,102,106,88,34,74,71,39" hai2="35,87,86,38,32,36,13,7,25,85,131,64,122" hai3="108,119,24,103,55,18,65,100,104,129,57,125,20"/><W128/><G119/><T97/><D135/><U61/><E88/><V62/><F131/><N who="3" m="50251" /><G104/><T132/><D132/><U48/><E105/><V67/><F122/><W14/><G125/><T15/><D124/><U21/><E39/><V134/><F134/><W89/><G65/><T40/><D77/><U80/><E61/><V11/><F25/><W42/><G42/><T58/><D31/><U91/><E34/><V3/><F3/><W50/><G108/><T45/><D58/><U0/><E0/><V75/><F75/><W93/><G24/><T110/><D110/><U118/><E118/><V96/><F96/><AGARI ba="0,0" hai="14,18,20,50,55,57,89,93,96,100,103" m="50251" machi="96" ten="30,1500,0" yaku="19,1" doraHai="107" who="3" fromWho="2" sc="190,0,186,0,247,-15,377,15" owari="190,-21.0,186,-31.0,232,3.0,392,49.0" /></mjloggm>