<mjloggm ver="2.3"><GO type="169" lobby="0"/><UN n0="%E6%9F%9A%E6%AF%94%E6%A5%93%E4%BB%81" n1="%40%75" n2="%E3%82%A6%E3%83%AB%E3%83%88%E3%83%A9%E7%AB%8B%E7%9B%B4" n3="%E9%96%83%E5%85%89%E3%81%AE%E6%8C%87%E5%9C%A7%E5%B8%AB" dan="17,16,18,16" rate="2152.85,2063.18,2258.01,2062.39" sx="M,F,M,F"/><TAIKYOKU oya="0"/><INIT seed="0,0,0,3,5,10" ten="250,250,250,250" oya="0" hai0="2,76,24,54,81,90,78,89,121,102,69,91,75" hai1="104,43,30,116,4,53,101,86,38,128,72,122,65" hai2="20,124,13,103,26,8,49,59,105,17,41,45,16" hai3="70,133,35,37,118,93,57,12,95,7,5,83,42"/><T88/><D121/><U44/><E44/><V1/><F1/><W48/><G70/><T74/><D69/><U98/><E86/><V50/><F124/><W28/><G118/><T114/><D114/><U129/><E43/><V123/><F123/><W108/><G108/><T0/><D102/><U23/><E53/><N who="2" m="32183" /><F105/><W47/><G5/><T134/><D134/><U96/><E38/><V36/><F36/><W34/><G83/><T112/><D112/><U61/><E65/><V58/><F58/><W33/><G28/><T127/><D127/><U51/><E61/><V92/><F92/><W80/><G80/><T32/><D76/><U77/><E51/><V119/><F119/><W67/><G133/><T15/><D75/><U87/><E116/><V135/><F135/><W21/><G67/><T39/><D39/><U115/><E72/><V131/><F131/><W62/><G62/><T132/><D54/><U9/><E122/><V60/><F60/><W52/><REACH who="3" step="1"/><G7/><REACH who="3" ten="250,250,250,240" step="2"/><T6/><D132/><U99/><E4/><N who="2" m="3207" /><F103/><W68/><G68/><T113/><D113/><U109/><E101/><V107/><F107/><W106/><G106/><T19/><D74/><U120/><E104/><V94/><F94/><W71/><G71/><T130/><D130/><U100/><E100/><V111/><F111/><W64/><G64/><T55/><D81/><U31/><E109/><V85/><F85/><W117/><G117/><T25/><D78/><U126/><E77/><V18/><AGARI ba="0,1" hai="16,17,18,20,26,41,45,49" m="3207,32183" machi="18" ten="30,4000,0" yaku="8,1,52,1,54,1" doraHai="10" who="2" fromWho="2" sc="250,-20,250,-10,250,50,240,-10" /><INIT seed="1,0,0,2,2,4" ten="230,240,300,230" oya="1" hai0="118,21,130,18,111,97,74,33,66,127,31,12,69" hai1="56,47,95,129,17,92,58,45,61,121,38,0,49" hai2="101,128,72,108,105,20,71,75,35,134,67,16,39" hai3="14,62,46,106,76,109,7,78,126,86,113,29,3"/><U123/><E129/><V40/><F35/><W132/><G113/><T100/><D118/><U99/><E0/><V80/><F40/><W131/><G106/><T112/><D112/><U26/><E38/><V73/><F39/><W44/><G3/><T116/><D116/><U32/><E123/><V89/><F108/><W83/><G109/><T54/><D74/><U36/><E36/><V13/><F134/><W91/><G132/><T10/><D130/><U9/><E32/><V48/><F48/><W119/><G126/><T133/><D133/><U41/><E121/><V70/><F67/><W52/><G29/><T98/><D111/><U120/><E47/><N who="3" m="17962" /><G119/><T84/><D127/><U5/><E5/><V19/><F101/><W88/><G78/><T77/><D54/><N who="1" m="34007" /><E56/><V59/><F59/><N who="3" m="35175" /><G131/><T57/><D69/><U125/><E125/><V85/><F105/><W51/><G51/><T65/><D65/><U135/><E135/><V6/><F6/><W117/><G117/><T15/><D57/><U93/><E120/><V102/><F128/><W87/><G87/><T23/><D66/><U63/><E63/><V28/><F71/><W24/><G24/><T34/><D34/><U60/><E60/><V55/><F70/><W114/><G114/><T110/><D110/><U79/><E79/><V115/><F115/><W27/><G27/><N who="0" m="16895" /><D33/><U124/><E124/><V81/><F73/><W22/><G7/><N who="0" m="3167" /><D84/><U50/><E50/><V68/><F75/><W122/><G122/><T42/><D77/><U94/><E26/><N who="2" m="14599" /><F72/><W30/><G76/><T64/><D64/><U96/><E95/><RYUUKYOKU ba="0,0" sc="230,-10,240,30,300,-10,230,-10" hai1="9,17,41,45,49,92,93,94,96,99" /><INIT seed="1,1,0,4,2,111" ten="220,270,290,220" oya="1" hai0="15,57,64,116,107,10,81,95,120,4,7,69,72" hai1="5,114,82,121,40,123,89,92,24,70,135,78,122" hai2="119,85,115,124,133,62,97,47,22,9,49,108,33" hai3="104,118,46,101,41,127,25,42,58,80,93,12,36"/><U65/><E40/><V96/><F33/><W32/><G127/><T13/><D107/><U44/><E44/><V113/><F119/><W20/><G104/><T94/><D116/><U43/><E43/><V29/><F108/><W105/><G105/><T112/><D69/><U31/><E135/><V102/><F124/><W126/><G126/><T83/><D120/><U14/><E114/><N who="2" m="43531" /><F133/><W56/><G32/><T0/><D0/><U117/><E117/><V38/><F38/><W50/><G36/><T77/><D112/><U60/><E5/><V23/><F62/><W129/><G42/><T26/><D26/><U48/><E48/><V90/><F9/><W61/><G50/><T52/><D64/><U63/><E63/><V67/><F67/><W18/><G61/><T79/><D13/><U75/><E14/><V99/><F102/><W110/><G101/><T87/><D7/><U11/><E11/><V103/><F103/><W34/><G12/><T109/><D109/><U54/><E54/><N who="2" m="30015" /><F29/><W35/><G34/><T128/><D128/><U55/><E55/><V98/><N who="2" m="24576" /><DORA hai="28" /><V84/><F84/><W17/><G129/><T106/><D106/><U1/><E1/><V71/><F71/><W30/><G35/><T91/><D52/><U39/><E39/><V76/><F76/><W51/><G30/><T125/><D125/><U8/><E8/><V3/><F3/><W53/><G110/><T88/><D57/><U2/><E2/><V45/><F45/><W37/><G46/><T66/><D66/><U68/><E68/><V132/><F132/><W73/><G118/><RYUUKYOKU ba="1,0" sc="220,15,270,-15,290,15,220,-15" hai0="4,10,15,72,77,79,81,83,87,88,91,94,95" hai2="22,23,85,90" /><INIT seed="2,2,0,2,3,2" ten="235,255,305,205" oya="2" hai0="83,88,32,13,57,19,128,38,7,49,127,1,81" hai1="80,12,106,101,124,75,126,67,45,50,79,82,3" hai2="129,70,10,104,122,29,39,135,78,133,33,118,62" hai3="43,68,44,47,25,119,131,117,77,132,6,54,113"/><V51/><F39/><W74/><G74/><T31/><D38/><U11/><E3/><V84/><F118/><W111/><G77/><T63/><D128/><U5/><E67/><V20/><F33/><W109/><G131/><T48/><D127/><N who="1" m="48683" /><E101/><V95/><F104/><W9/><G68/><T115/><D115/><U65/><E65/><V105/><F105/><W96/><G113/><T108/><D108/><N who="3" m="41545" /><G132/><T103/><D103/><U30/><E30/><V99/><F122/><W4/><G25/><T97/><D31/><U130/><E106/><V37/><F37/><N who="3" m="21615" /><G96/><T66/><D32/><U89/><E130/><V98/><F98/><W24/><G24/><T27/><D1/><U94/><E79/><V41/><F78/><W123/><G123/><T73/><D73/><U116/><E75/><V59/><F99/><W86/><G86/><T36/><D36/><U93/><E116/><N who="3" m="44618" /><G9/><N who="0" m="4287" /><D81/><N who="1" m="31339" /><E89/><N who="2" m="53671" /><F70/><W61/><G61/><T85/><D97/><U90/><E90/><V64/><F129/><W114/><G114/><T28/><D28/><U53/><AGARI ba="2,0" hai="5,11,12,45,50,53,93,94" m="31339,48683" machi="53" ten="30,2000,0" yaku="18,1,52,1" doraHai="2" who="1" fromWho="1" sc="235,-7,255,26,305,-12,205,-7" /><INIT seed="3,0,0,3,1,134" ten="228,281,293,198" oya="3" hai0="57,101,132,78,70,129,5,64,71,11,48,19,24" hai1="7,131,133,90,81,59,69,16,38,126,75,74,36" hai2="79,18,39,8,123,10,42,15,47,68,45,105,9" hai3="60,22,135,80,61,63,33,92,98,119,23,96,87"/><W89/><G33/><T4/><D132/><U120/><E69/><V72/><F105/><W102/><G119/><T20/><D129/><U1/><E133/><V108/><F68/><W67/><G135/><T117/><D117/><U37/><E120/><V86/><F72/><W65/><REACH who="3" step="1"/><G98/><REACH who="3" ten="228,281,293,188" step="2"/><T12/><D101/><U32/><E32/><V41/><F123/><W2/><G2/><T122/><D122/><U93/><E1/><V82/><REACH who="2" step="1"/><F108/><REACH who="2" ten="228,281,283,188" step="2"/><W88/><G88/><T26/><D71/><U103/><E90/><V85/><F85/><W6/><G6/><T124/><D4/><U53/><E7/><V0/><F0/><W118/><G118/><T116/><D116/><U99/><E75/><V50/><AGARI ba="0,2" hai="8,9,10,15,18,39,41,42,45,47,50,79,82,86" machi="50" ten="20,2700,0" yaku="1,1,0,1,7,1,53,0" doraHai="134" doraHaiUra="94" who="2" fromWho="2" sc="228,-7,281,-7,283,47,188,-13" /><INIT seed="4,0,0,2,5,135" ten="221,274,330,175" oya="0" hai0="63,15,9,109,111,71,103,117,23,116,58,82,86" hai1="10,40,78,29,107,112,53,60,115,104,0,31,44" hai2="73,94,4,54,122,76,3,74,51,5,101,24,19" hai3="16,106,37,70,50,69,67,119,72,95,77,7,56"/><T92/><D71/><U26/><E78/><V108/><F108/><N who="0" m="41546" /><D23/><U84/><E84/><V123/><F94/><W12/><G106/><T59/><D103/><U57/><E10/><V42/><F42/><W124/><G37/><T131/><D131/><U90/><E90/><V65/><F65/><W27/><G119/><T105/><D92/><U68/><E0/><V22/><F101/><W55/><G95/><T8/><D105/><U25/><E25/><V113/><F113/><N who="1" m="43593" /><E68/><V49/><F76/><W79/><G7/><N who="0" m="3487" /><D9/><U38/><E31/><V45/><F22/><AGARI ba="0,0" hai="22,26,29,38,40,44,53,57,60,104,107" m="43593" machi="22" ten="30,2000,0" yaku="15,1,11,1" doraHai="135" who="1" fromWho="2" sc="221,0,274,20,330,-20,175,0" /><INIT seed="5,0,0,5,3,135" ten="221,294,310,175" oya="1" hai0="17,8,95,28,132,124,22,46,103,12,29,47,85" hai1="56,134,120,61,4,116,87,15,105,93,119,44,76" hai2="113,19,115,67,55,100,43,122,25,70,82,20,69" hai3="71,60,39,108,127,78,5,75,126,37,89,27,26"/><U133/><E120/><V34/><F122/><W7/><G108/><T3/><D132/><N who="1" m="50795" /><E105/><V32/><F43/><W86/><G78/><T65/><D65/><U18/><E4/><N who="3" m="1610" /><G75/><T48/><D3/><U110/><E44/><V49/><F82/><N who="3" m="49367" /><G60/><T130/><D130/><U131/><E131/><V117/><F100/><W6/><G71/><T92/><D8/><N who="1" m="6503" /><E93/><V51/><F51/><W83/><G83/><T64/><D48/><U21/><E21/><V102/><F117/><W80/><G80/><T125/><D64/><N who="1" m="38951" /><E110/><V88/><F67/><W31/><N who="3" m="1618" /><W24/><DORA hai="121" /><G31/><T91/><D29/><U59/><E59/><V54/><F70/><W104/><G104/><T81/><D28/><U128/><E128/><V79/><F69/><W58/><G58/><T68/><D68/><U63/><E63/><V16/><F34/><W62/><G62/><T38/><D38/><U66/><E66/><V35/><F32/><W14/><G14/><T106/><D106/><U101/><E101/><V118/><F102/><W2/><G2/><T57/><D57/><U23/><E23/><N who="2" m="13543" /><F35/><W41/><G41/><T30/><D30/><U53/><E53/><N who="2" m="19979" /><F118/><W107/><G107/><T114/><D81/><AGARI ba="0,0" hai="76,81,87,116,119" m="38951,6503,50795" machi="81" ten="30,1500,0" yaku="20,1" doraHai="135,121" who="1" fromWho="0" sc="221,-15,294,15,310,0,175,0" /><INIT seed="5,1,0,2,0,100" ten="206,309,310,175" oya="1" hai0="74,3,53,14,99,72,66,52,108,96,2,0,82" hai1="76,75,55,77,126,49,111,79,97,73,113,35,110" hai2="56,129,46,61,115,119,50,133,27,98,1,70,54" hai3="18,65,10,17,9,39,67,19,11,31,116,94,28"/><U62/><E35/><V44/><F119/><W60/><G116/><T91/><D108/><N who="1" m="41515" /><E62/><V63/><F1/><W29/><G39/><T21/><D66/><N who="3" m="25097" /><G60/><T107/><D21/><U38/><E38/><V68/><F98/><W48/><G94/><T132/><D14/><U20/><E20/><V47/><F27/><W32/><G32/><T101/><D132/><U135/><E49/><AGARI ba="1,0" hai="9,10,11,17,18,19,28,29,31,48,49" m="25097" machi="49" ten="40,8000,1" yaku="29,2,28,2,8,1" doraHai="100" who="3" fromWho="1" sc="206,0,309,-83,310,0,175,83" /><INIT seed="6,0,0,4,2,86" ten="206,226,310,258" oya="2" hai0="50,94,57,124,96,85,68,71,69,13,33,22,97" hai1="37,12,105,53,1,122,106,17,135,98,126,117,55" hai2="4,6,45,8,0,46,123,107,31,14,49,2,64" hai3="111,34,44,27,9,10,112,104,30,32,26,75,134"/><V121/><F107/><W70/><G111/><T74/><D74/><U101/><E1/><V93/><F64/><W48/><G134/><T66/><D33/><U125/><E117/><V19/><F31/><W95/><G104/><T38/><D38/><U62/><E37/><V63/><F63/><W87/><G75/><T92/><D124/><N who="1" m="47723" /><E135/><V84/><F19/><W20/><G70/><T65/><D65/><U61/><E106/><V51/><F84/><W128/><G128/><T81/><D66/><U5/><E5/><V102/><F93/><N who="0" m="35946" /><D68/><U82/><E82/><V113/><F102/><W89/><G112/><T119/><D119/><U114/><E122/><V103/><F103/><W133/><G133/><T131/><D131/><U99/><E99/><V77/><F113/><W11/><REACH who="3" step="1"/><G27/><REACH who="3" ten="206,226,310,248" step="2"/><T78/><D69/><U79/><E114/><V127/><F127/><W42/><AGARI ba="0,1" hai="9,10,11,20,26,30,32,34,42,44,48,87,89,95" machi="42" ten="30,7900,0" yaku="1,1,2,1,0,1,52,1,53,0" doraHai="86" doraHaiUra="115" who="3" fromWho="3" sc="206,-20,226,-20,310,-39,248,89" /><INIT seed="7,0,0,3,3,38" ten="186,206,271,337" oya="3" hai0="29,117,104,106,62,78,66,110,124,55,35,103,20" hai1="5,54,125,132,59,36,69,2,131,15,116,22,43" hai2="111,49,97,34,85,90,108,115,99,7,70,113,95" hai3="41,11,98,102,52,0,9,31,71,91,12,107,114"/><W13/><G0/><T134/><D110/><U74/><E69/><V80/><F34/><W57/><G71/><T84/><D117/><U72/><E116/><V122/><F7/><W4/><G31/><T40/><D134/><U56/><E132/><V30/><F30/><W42/><G91/><T79/><D124/><U51/><E2/><V76/><F49/><W89/><G89/><T121/><D121/><U16/><E125/><V133/><F70/><W48/><G114/><N who="2" m="43529" /><F133/><W58/><G58/><N who="0" m="37207" /><D104/><U81/><E131/><V65/><F65/><W96/><G96/><N who="2" m="36937" /><F122/><W126/><G126/><T39/><D106/><U23/><E5/><AGARI ba="0,0" hai="4,5,9,11,12,13,41,42,48,52,57,98,102,107" machi="5" ten="30,12000,1" yaku="7,1,9,1,52,2,54,1" doraHai="38" who="3" fromWho="1" sc="186,0,206,-120,271,0,337,120" owari="186,-21.0,86,-41.0,271,7.0,457,55.0" /></mjloggm>