<mjloggm ver="2.3"><GO type="169" lobby="0"/><UN n0="%64%6F%6E%63%68%61%6E%33" n1="%6C%67%32%31" n2="%79%61%67%69%30%32%32%30" n3="%E3%83%88%E3%83%88%E3%83%AA%E5%85%88%E7%94%9F%31%39%E6%AD%B3" dan="18,17,16,18" rate="2230.34,2135.78,2133.05,2306.98" sx="M,M,M,F"/><TAIKYOKU oya="0"/><INIT seed="0,0,0,5,3,89" ten="250,250,250,250" oya="0" hai0="17,133,8,11,49,114,87,47,124,58,1,106,99" hai1="125,69,76,66,10,9,91,53,45,67,25,121,100" hai2="79,98,16,48,122,42,7,33,77,20,60,107,109" hai3="75,135,72,52,115,27,71,81,101,86,28,19,32"/><T41/><D114/><U82/><E121/><V118/><F33/><W131/><G115/><T73/><D73/><U12/><E125/><V129/><F122/><W83/><G71/><T120/><D120/><U84/><E100/><V30/><F118/><W44/><G131/><T74/><D74/><U113/><E113/><V112/><F112/><W59/><G135/><T22/><D124/><U2/><E2/><V40/><F30/><W94/><G81/><T64/><D133/><U56/><E69/><V18/><F7/><W70/><G44/><T6/><D8/><U54/><E25/><V126/><F126/><W62/><G70/><T117/><D117/><U93/><E45/><V97/><F129/><W111/><G19/><T50/><D106/><U43/><E43/><V105/><F48/><W26/><G26/><T4/><D4/><U34/><E34/><V63/><REACH who="2" step="1"/><F20/><REACH who="2" ten="250,250,240,250" step="2"/><W85/><G32/><T104/><D49/><U15/><E9/><V68/><F68/><W80/><G28/><T127/><D127/><U38/><E38/><V95/><F95/><W108/><G94/><T103/><D22/><U123/><E123/><V57/><F57/><W31/><G59/><T51/><D51/><U0/><E0/><V39/><F39/><W35/><G31/><T37/><D37/><U21/><E21/><V23/><F23/><W78/><G35/><T110/><D6/><U55/><E56/><V130/><F130/><W119/><G119/><T29/><D29/><U61/><E10/><V46/><F46/><W96/><G27/><T116/><D47/><U88/><E93/><RYUUKYOKU ba="0,1" sc="250,-10,250,-10,240,30,250,-10" hai2="16,18,40,42,60,63,77,79,97,98,105,107,109" /><INIT seed="1,1,1,3,3,43" ten="240,240,270,240" oya="1" hai0="115,120,127,100,46,126,38,68,97,25,4,5,135" hai1="128,121,74,80,54,18,89,49,47,66,63,16,51" hai2="37,125,39,28,20,106,79,111,12,52,112,30,11" hai3="102,1,31,29,40,19,113,78,45,77,87,98,14"/><U10/><E121/><V90/><F106/><W110/><G1/><T118/><D115/><U42/><E128/><V114/><F79/><W91/><G113/><N who="2" m="43625" /><F111/><W75/><G110/><T65/><D118/><U130/><E130/><V96/><F125/><N who="0" m="47626" /><D120/><U131/><E131/><V108/><F108/><W35/><G75/><T134/><D25/><U23/><E10/><V94/><F52/><W0/><G0/><T60/><D38/><N who="2" m="14346" /><F20/><N who="3" m="11383" /><G35/><T3/><D46/><N who="1" m="27959" /><E74/><V67/><F67/><W17/><G78/><T32/><D32/><U109/><E109/><V71/><F71/><W64/><G77/><T88/><D3/><U34/><E34/><V124/><F124/><W84/><G64/><T48/><D48/><U56/><E23/><V21/><F21/><W9/><G40/><T15/><D15/><U104/><E104/><V53/><F53/><W27/><G45/><T6/><D100/><U99/><E80/><V93/><F93/><AGARI ba="1,1" hai="4,5,6,60,65,68,88,93,97,134,135" m="47626" machi="93" ten="40,2600,0" yaku="18,1,54,1" doraHai="43" who="0" fromWho="2" sc="240,39,240,0,270,-29,240,0" /><AGARI ba="1,0" hai="16,18,42,47,51,56,63,66,89,93,99" m="27959" machi="93" ten="30,11600,0" yaku="8,1,52,2,54,1" doraHai="43" who="1" fromWho="2" sc="279,0,240,116,241,-116,240,0" /><INIT seed="1,2,0,3,5,89" ten="279,356,125,240" oya="1" hai0="53,77,41,0,34,120,40,56,25,32,45,60,38" hai1="129,59,54,135,61,50,112,39,70,28,103,83,2" hai2="121,23,101,52,58,95,51,44,22,115,64,99,11" hai3="62,117,1,85,29,75,71,72,21,124,20,110,79"/><U24/><E112/><V17/><F121/><W66/><G1/><T15/><D0/><U16/><E2/><V116/><F116/><W12/><G117/><T63/><D120/><U36/><E103/><V86/><F115/><W94/><G110/><T97/><D41/><U88/><E135/><V78/><F64/><W107/><G107/><T31/><D77/><U87/><E129/><V27/><F11/><W18/><G124/><T109/><D109/><U92/><E70/><V105/><F105/><W49/><G29/><T55/><D15/><U93/><E16/><N who="2" m="12743" /><F78/><W96/><G21/><T37/><D37/><U48/><E39/><V8/><F8/><W100/><G79/><T127/><D127/><U57/><E36/><V3/><F3/><W106/><G85/><T10/><D10/><U68/><E68/><V104/><F104/><W33/><G33/><T90/><D32/><U119/><E119/><V125/><F125/><W26/><G26/><T130/><D130/><U80/><E80/><V126/><F126/><W98/><REACH who="3" step="1"/><G49/><REACH who="3" ten="279,356,125,230" step="2"/><N who="1" m="19050" /><E59/><V111/><F111/><W9/><G9/><T7/><D56/><U5/><E5/><V132/><F132/><W123/><G123/><T67/><D7/><U35/><E35/><V4/><F4/><W118/><G118/><T134/><D134/><U128/><E128/><V74/><F74/><W43/><G43/><T82/><D34/><U76/><E76/><V122/><F122/><W6/><G6/><T73/><D73/><U133/><E133/><V114/><F114/><W81/><G81/><T131/><D131/><U19/><E28/><RYUUKYOKU ba="2,1" sc="279,-15,356,15,125,-15,230,15" hai1="19,24,54,57,61,83,87,88,92,93" hai3="12,18,20,62,66,71,72,75,94,96,98,100,106" /><INIT seed="1,3,1,4,3,126" ten="264,371,110,245" oya="1" hai0="81,59,14,46,51,3,127,99,94,5,77,26,112" hai1="13,132,15,30,67,24,52,56,48,95,133,35,82" hai2="108,68,130,104,57,34,54,116,109,86,79,128,76" hai3="42,64,117,129,120,121,97,17,115,101,85,84,131"/><U125/><E125/><V9/><F68/><W10/><G64/><T33/><D127/><U134/><E95/><V88/><F34/><W11/><G42/><T69/><D69/><U106/><E106/><V75/><F104/><N who="3" m="63535" /><G17/><T8/><D112/><U22/><E67/><V40/><F40/><W103/><G11/><T43/><D59/><U36/><E36/><V20/><F116/><W83/><G10/><T102/><D26/><U87/><REACH who="1" step="1"/><E35/><REACH who="1" ten="264,361,110,245" step="2"/><V50/><F9/><W2/><G117/><T113/><D33/><U7/><E7/><V53/><F20/><W100/><G115/><T71/><D113/><U12/><E12/><V55/><F75/><W29/><G2/><T91/><D71/><U89/><AGARI ba="3,2" hai="13,15,22,24,30,48,52,56,82,87,89,132,133,134" machi="89" ten="30,11700,0" yaku="1,1,0,1,20,1,54,1,53,0" doraHai="126" doraHaiUra="90" who="1" fromWho="1" sc="264,-42,361,146,110,-42,245,-42" /><INIT seed="1,4,0,0,0,66" ten="222,507,68,203" oya="1" hai0="105,73,56,49,0,122,57,7,106,81,47,128,115" hai1="70,103,135,14,90,25,52,13,17,80,59,120,10" hai2="68,87,97,21,119,19,15,71,43,34,125,55,100" hai3="42,9,93,98,18,82,27,1,92,54,129,20,77"/><U127/><E120/><V33/><F119/><W78/><G129/><T58/><D115/><U76/><E135/><V26/><F43/><W96/><G42/><T94/><D128/><U72/><E127/><V121/><F121/><W40/><G40/><T50/><D0/><U69/><E103/><V113/><F125/><W117/><G117/><T23/><D7/><U28/><E90/><V65/><F113/><W51/><G1/><T32/><D32/><U3/><E3/><V41/><F41/><W5/><G5/><T8/><D8/><U123/><E123/><V130/><F130/><W86/><G9/><T104/><D94/><N who="3" m="36457" /><G78/><T11/><D11/><U36/><E14/><V118/><F118/><W29/><G29/><T53/><D23/><U110/><E36/><V38/><F38/><W24/><G24/><T131/><D131/><U64/><E64/><V16/><F65/><W44/><AGARI ba="4,0" hai="18,20,27,44,51,54,77,82,86,96,98" m="36457" machi="44" ten="30,1100,0" yaku="8,1" doraHai="66" who="3" fromWho="3" sc="222,-7,507,-9,68,-7,203,23" /><INIT seed="2,0,0,3,3,77" ten="215,498,61,226" oya="2" hai0="15,115,105,43,92,125,95,56,64,22,20,48,108" hai1="133,5,21,75,91,102,55,4,23,32,71,101,122" hai2="123,61,0,93,98,60,47,19,126,34,42,132,107" hai3="110,54,119,88,39,58,74,50,96,2,9,6,73"/><V29/><F123/><W31/><G119/><T51/><D115/><U26/><E122/><V41/><F107/><W83/><G39/><T10/><D105/><U27/><E55/><V25/><F0/><W7/><G110/><T72/><D72/><U24/><E75/><V62/><F132/><W69/><G69/><T11/><D56/><U65/><E65/><V99/><F126/><W109/><G109/><T13/><D108/><U131/><E71/><V8/><F42/><W59/><G7/><T84/><D84/><U63/><E63/><V57/><F57/><W46/><G58/><T114/><D114/><U3/><E91/><V67/><F67/><W113/><G113/><T38/><D64/><U78/><E78/><V33/><F33/><W130/><G130/><T86/><D86/><U129/><E27/><V14/><REACH who="2" step="1"/><F93/><REACH who="2" ten="215,498,51,226" step="2"/><W90/><G59/><T124/><D43/><U28/><E32/><V106/><F106/><W49/><G54/><T45/><D45/><U87/><E3/><V40/><F40/><W16/><G46/><T121/><D121/><U44/><E133/><V17/><F17/><W52/><G16/><T81/><D38/><AGARI ba="0,1" hai="8,14,19,25,29,34,38,41,47,60,61,62,98,99" machi="38" ten="40,2000,0" yaku="1,1,53,0" doraHai="77" doraHaiUra="82" who="2" fromWho="0" sc="215,-20,498,0,51,30,226,0" /><BYE who="3" /><INIT seed="2,1,0,3,3,97" ten="195,498,81,226" oya="2" hai0="102,57,6,7,30,121,77,18,72,66,70,43,49" hai1="129,126,117,89,14,54,68,88,93,125,131,31,19" hai2="33,76,127,67,15,5,86,65,56,134,110,8,111" hai3="60,59,50,107,25,38,9,3,22,37,45,28,92"/><V84/><F84/><W118/><G118/><T79/><BYE who="2" /><D121/><UN n3="%E3%83%88%E3%83%88%E3%83%AA%E5%85%88%E7%94%9F%31%39%E6%AD%B3" /><U114/><E68/><V109/><F109/><W2/><G107/><T85/><D72/><U90/><E31/><V74/><F74/><W17/><G37/><UN n2="%79%61%67%69%30%32%32%30" /><T112/><D112/><U101/><E117/><V69/><F69/><W96/><G38/><T27/><D18/><U63/><E114/><V24/><F134/><W35/><G9/><T23/><D70/><U10/><E54/><V95/><F127/><N who="1" m="48649" /><E63/><V120/><F120/><W1/><G50/><T105/><D43/><U13/><E13/><V81/><F95/><W32/><G45/><T116/><D116/><U51/><E51/><V42/><F42/><W130/><G130/><N who="1" m="49674" /><E101/><V78/><F78/><W20/><G20/><T29/><D77/><U39/><E39/><V62/><REACH who="2" step="1"/><F65/><REACH who="2" ten="195,498,71,226" step="2"/><W123/><G123/><T64/><D79/><U71/><E71/><V99/><F99/><AGARI ba="1,1" hai="10,14,19,88,89,90,93,99" m="49674,48649" machi="99" ten="30,3900,0" yaku="18,1,19,1,54,1" doraHai="97" who="1" fromWho="2" sc="195,0,498,52,71,-42,226,0" /><INIT seed="3,0,0,4,2,69" ten="195,550,29,226" oya="3" hai0="74,25,101,83,71,13,122,108,79,60,80,100,7" hai1="131,109,134,63,111,73,53,32,68,41,95,78,9" hai2="128,110,26,61,3,81,92,82,33,58,87,66,98" hai3="125,72,16,67,64,40,19,112,117,99,127,93,103"/><W8/><G112/><T133/><D122/><U48/><E32/><V91/><F3/><W12/><G117/><T2/><D2/><U29/><E29/><V36/><F110/><W88/><G72/><T135/><D108/><U70/><E9/><V34/><F128/><W45/><G19/><T59/><D71/><U104/><E104/><V106/><F36/><N who="3" m="21639" /><G103/><T17/><D7/><U1/><E95/><V47/><F47/><W15/><G15/><T0/><D0/><U89/><E131/><V129/><F129/><W51/><G51/><T10/><D25/><U94/><E1/><V116/><F116/><W84/><G99/><T24/><D24/><U57/><E73/><V54/><F54/><W11/><G11/><T49/><D49/><U119/><E119/><V115/><F115/><W121/><G121/><T28/><D28/><U30/><E30/><V21/><F106/><W27/><G27/><T126/><D83/><U124/><E109/><V85/><F82/><W56/><G56/><T31/><D31/><U18/><E68/><V114/><F114/><W75/><G75/><T43/><D100/><U123/><E70/><V96/><F34/><W120/><G120/><T38/><D101/><U42/><E123/><V5/><F33/><W4/><G4/><T37/><D43/><U23/><E48/><V55/><F5/><W46/><G46/><T77/><D77/><U62/><E78/><N who="2" m="46263" /><F66/><W39/><G39/><N who="0" m="14859" /><D60/><U105/><E63/><V97/><F87/><W132/><G132/><N who="0" m="50763" /><D59/><U20/><E134/><V90/><F90/><W44/><G44/><T22/><D10/><RYUUKYOKU ba="0,0" sc="195,10,550,-30,29,10,226,10" hai0="13,17,22,74,79,80,126" hai2="21,26,55,58,61,91,92,96,97,98" hai3="8,12,16,64,67,84,88,93,125,127" /><INIT seed="3,1,0,4,0,65" ten="205,520,39,236" oya="3" hai0="0,125,127,26,62,50,41,28,53,93,86,45,121" hai1="109,89,118,63,57,27,129,16,112,111,35,69,61" hai2="91,6,12,8,24,39,126,85,60,117,135,54,36" hai3="115,108,87,71,79,31,107,47,55,59,3,134,95"/><W70/><G115/><T66/><D121/><U116/><E112/><V17/><F117/><N who="1" m="45161" /><E129/><V30/><F135/><W7/><G107/><T98/><D86/><U21/><E69/><N who="3" m="26122" /><G31/><T14/><D0/><U18/><E35/><V100/><F126/><N who="0" m="48138" /><D14/><U110/><E57/><V103/><F39/><W77/><G7/><T20/><D66/><U81/><E18/><V76/><F76/><N who="3" m="29259" /><G87/><AGARI ba="1,0" hai="16,21,27,61,63,81,87,89,109,110,111" m="45161" machi="87" ten="40,5200,0" yaku="14,1,12,1,54,1" doraHai="65" who="1" fromWho="3" sc="205,0,520,55,39,0,236,-55" /><INIT seed="4,0,0,1,1,44" ten="205,575,39,181" oya="0" hai0="86,41,116,39,127,25,14,100,7,80,52,3,12" hai1="60,50,87,109,71,8,5,123,18,34,68,4,70" hai2="29,89,104,42,129,23,106,96,0,16,130,107,84" hai3="88,64,48,63,98,95,77,11,105,66,19,125,40"/><T59/><D116/><U119/><E119/><V76/><F0/><W47/><G125/><T51/><D127/><U91/><E109/><V108/><F29/><W32/><G32/><T17/><D100/><U35/><E123/><V135/><F108/><W92/><G105/><T28/><D3/><U57/><E50/><V81/><F42/><W65/><G77/><T133/><D133/><U83/><E18/><V55/><F55/><W85/><G11/><T56/><D39/><U102/><E102/><V45/><F45/><W9/><G9/><T31/><D7/><U131/><E131/><V21/><F21/><W72/><G72/><T94/><D94/><U120/><E120/><V13/><F135/><W111/><G19/><T2/><D2/><U27/><E27/><V61/><F61/><W124/><G124/><T79/><D41/><U99/><E99/><V53/><F53/><W10/><G10/><T121/><D121/><U6/><REACH who="1" step="1"/><E8/><REACH who="1" ten="205,565,39,181" step="2"/><V103/><REACH who="2" step="1"/><F76/><REACH who="2" ten="205,565,29,181" step="2"/><W122/><G111/><T78/><D78/><U132/><E132/><V38/><F38/><W101/><G122/><T20/><D79/><U73/><E73/><V58/><F58/><AGARI ba="0,2" hai="40,47,48,58,63,64,65,66,85,88,92,95,98,101" machi="58" ten="30,7700,0" yaku="7,1,8,1,52,1,54,1" doraHai="44" who="3" fromWho="2" sc="205,0,565,0,29,-77,181,97" owari="205,-19.0,565,66.0,-48,-55.0,278,8.0" /></mjloggm>