<mjloggm ver="2.3"><GO type="169" lobby="0"/><UN n0="%E3%82%B1%E3%83%AD%E3%82%B1%E3%83%AD%E3%81%AE%E3%81%A4%E3%81%88" n1="%E3%81%B6%E3%81%A3%E3%81%A8%E3%81%B3%E3%82%AB%E3%83%BC%E3%83%89" n2="%E3%81%A9%E3%82%84%E3%81%A9%E3%82%84%31%35%39" n3="%E3%82%A6%E3%83%AB%E3%83%88%E3%83%A9%E7%AB%8B%E7%9B%B4" dan="16,17,16,17" rate="2052.14,2191.83,2059.85,2191.71" sx="M,M,M,M"/><TAIKYOKU oya="0"/><INIT seed="0,0,0,0,2,83" ten="250,250,250,250" oya="0" hai0="94,27,113,55,20,130,103,23,88,129,112,74,16" hai1="109,19,45,122,67,0,111,58,46,54,102,15,2" hai2="39,69,104,12,37,91,105,6,71,41,33,1,75" hai3="96,40,28,116,101,120,53,63,97,64,21,119,128"/><T47/><D74/><U43/><E122/><V3/><F75/><W50/><G40/><T7/><D7/><U90/><E102/><V24/><F12/><W106/><G120/><T100/><D23/><U87/><E67/><V60/><F91/><W132/><G128/><N who="0" m="49259" /><D47/><U80/><E2/><N who="2" m="523" /><F6/><W42/><G42/><T48/><D100/><U99/><E99/><V107/><F41/><W36/><G36/><N who="2" m="13897" /><F60/><W82/><G132/><T135/><D103/><U98/><E98/><V133/><F133/><W121/><G97/><T73/><D73/><U110/><E0/><V8/><F8/><W62/><G121/><T79/><D79/><U59/><E43/><V77/><F77/><W30/><G96/><N who="0" m="57415" /><D135/><U85/><E85/><V81/><F81/><W32/><G82/><T9/><D9/><N who="1" m="6639" /><E46/><V5/><F5/><W89/><G101/><T127/><D113/><U108/><N who="1" m="27648" /><DORA hai="126" /><U92/><E92/><V22/><F22/><W29/><G21/><T131/><D112/><U65/><E65/><V52/><F52/><W17/><G64/><T114/><D114/><U56/><E45/><V86/><F86/><W34/><G53/><AGARI ba="0,0" hai="53,54,56,58,59,80,87,90" m="27648,6639" machi="53" ten="60,3900,0" yaku="14,1,52,1" doraHai="83,126" who="1" fromWho="3" sc="250,0,250,39,250,0,250,-39" /><INIT seed="1,0,0,4,2,74" ten="250,289,250,211" oya="1" hai0="97,134,45,59,60,71,58,109,123,23,132,103,120" hai1="81,51,94,2,69,12,31,101,17,99,88,70,15" hai2="91,85,79,7,116,66,30,6,121,86,67,87,104" hai3="135,43,125,22,33,25,35,107,115,92,38,21,98"/><U52/><E2/><V77/><F116/><W112/><G107/><T39/><D109/><U124/><E124/><V34/><F121/><N who="0" m="46666" /><D23/><U24/><E70/><V37/><F37/><W13/><G43/><N who="0" m="22783" /><D103/><U50/><E50/><V28/><F104/><W130/><G38/><T78/><D97/><U49/><E49/><V133/><F133/><N who="0" m="51306" /><D78/><N who="2" m="29706" /><F91/><W26/><G98/><T122/><N who="0" m="46674" /><T42/><DORA hai="10" /><D42/><U76/><E69/><V19/><F19/><W56/><G92/><T14/><D14/><U100/><E100/><V84/><F84/><W0/><G135/><T63/><D63/><U61/><E61/><V3/><F34/><W8/><G0/><T129/><D129/><U95/><E95/><V62/><F62/><W113/><G130/><T75/><D75/><U65/><E101/><V93/><F93/><W47/><G115/><T46/><D46/><N who="1" m="27767" /><E17/><V131/><F131/><W90/><G47/><T110/><D110/><U111/><E111/><V11/><F3/><W96/><G112/><T102/><D102/><U48/><E48/><V83/><F83/><W29/><G113/><T40/><D40/><U41/><E41/><V64/><F11/><W27/><G8/><T80/><D80/><U126/><E81/><V72/><F72/><W16/><G35/><T44/><D44/><U73/><E73/><V55/><F55/><W127/><G33/><T119/><D119/><U114/><E114/><V117/><F117/><W1/><G1/><T89/><D89/><U20/><E76/><V32/><F32/><W54/><G90/><T68/><D60/><U108/><E88/><RYUUKYOKU ba="0,0" sc="250,15,289,-15,250,15,211,-15" hai0="58,59,68,71" hai2="6,7,28,30,64,66,67,85,86,87" /><INIT seed="2,1,0,1,5,7" ten="265,274,265,196" oya="2" hai0="2,110,42,112,13,23,53,52,15,124,3,6,129" hai1="127,69,31,105,62,1,28,122,87,25,63,130,118" hai2="29,104,39,44,126,51,103,64,131,8,37,48,114" hai3="50,36,34,83,80,16,81,56,55,67,78,65,43"/><V97/><F114/><W77/><G34/><T46/><D112/><U58/><E118/><V41/><F131/><W119/><G119/><T84/><D129/><U108/><E127/><V70/><F126/><W98/><G36/><T32/><D32/><U132/><E132/><V54/><F29/><W45/><G98/><T116/><D116/><U107/><E1/><V89/><F89/><W35/><G35/><T111/><D124/><U5/><E5/><V91/><F91/><W73/><G16/><N who="0" m="10639" /><D84/><U92/><E87/><V26/><F26/><W117/><G117/><T120/><D120/><U61/><E62/><V115/><F115/><W27/><G27/><T76/><D76/><U121/><E58/><V47/><REACH who="2" step="1"/><F8/><REACH who="2" ten="265,274,255,196" step="2"/><W11/><G11/><N who="0" m="4599" /><D2/><U60/><E130/><V49/><F49/><W10/><G10/><T102/><D3/><U14/><E25/><V109/><F109/><N who="0" m="41482" /><D102/><U33/><E108/><V88/><F88/><W4/><G78/><T0/><D0/><U72/><E121/><V75/><F75/><W74/><G74/><T135/><D135/><U90/><E122/><V12/><F12/><W59/><G73/><T93/><D93/><U21/><E14/><V125/><F125/><W68/><G77/><T101/><D101/><U134/><E92/><V86/><F86/><W57/><G4/><T20/><D20/><U30/><E21/><V71/><F71/><W22/><G68/><T18/><D18/><U19/><E19/><V82/><F82/><W17/><G50/><AGARI ba="1,1" hai="42,46,50,52,53" m="41482,4599,10639" machi="50" ten="30,7700,0" yaku="14,1,52,1,54,2" doraHai="7" who="0" fromWho="3" sc="265,90,274,0,255,0,196,-80" /><INIT seed="3,0,0,1,3,90" ten="355,274,255,116" oya="3" hai0="27,33,70,89,20,112,118,102,93,23,55,7,4" hai1="95,31,68,119,46,82,21,115,134,14,84,28,71" hai2="100,63,66,17,76,94,130,117,104,85,38,75,43" hai3="36,58,52,45,108,96,99,10,109,114,128,74,126"/><W77/><G114/><T50/><D118/><U80/><E115/><V19/><F117/><W121/><G121/><T47/><D112/><U25/><E119/><V120/><F130/><W13/><G128/><T101/><D70/><U62/><E134/><V3/><F3/><W11/><G126/><T73/><D73/><U12/><E46/><V0/><F0/><W97/><G77/><T54/><D33/><U131/><E131/><V9/><F9/><W29/><G74/><T88/><D89/><U41/><E41/><V8/><F8/><W44/><G29/><N who="0" m="17639" /><D55/><U86/><E21/><V40/><F38/><W30/><G30/><T48/><D48/><U6/><E25/><V116/><F116/><W124/><G124/><T18/><D18/><U42/><E42/><V105/><F105/><W64/><G64/><T15/><D23/><U78/><E62/><V59/><F19/><W32/><G32/><T2/><D2/><U60/><E60/><V65/><F17/><W5/><G11/><N who="0" m="4583" /><D7/><U113/><E6/><V53/><F66/><W133/><G133/><T129/><D129/><U98/><E113/><V16/><F65/><W87/><G87/><AGARI ba="0,0" hai="47,50,54,87,88,93,101,102" m="4583,17639" machi="87" ten="30,3900,0" yaku="8,1,52,1,54,1" doraHai="90" who="0" fromWho="3" sc="355,39,274,0,255,0,116,-39" /><INIT seed="4,0,0,0,3,12" ten="394,274,255,77" oya="0" hai0="50,43,16,3,31,13,53,97,109,25,0,30,36" hai1="42,28,33,24,9,6,85,41,84,90,62,131,130" hai2="26,58,107,15,93,79,103,75,106,119,101,56,81" hai3="120,59,92,27,87,117,76,129,118,70,123,124,20"/><T65/><D109/><U45/><E62/><V40/><F40/><W127/><G59/><T2/><D65/><U61/><E61/><V14/><F26/><W10/><G92/><T18/><D13/><N who="1" m="5303" /><E42/><V48/><F93/><W95/><G95/><T60/><D60/><U72/><E72/><V73/><F48/><W100/><G87/><T98/><D36/><U78/><E90/><V114/><F79/><W133/><G100/><T38/><D38/><U63/><E63/><V23/><F23/><W102/><G76/><T68/><D68/><U54/><E54/><V116/><REACH who="2" step="1"/><F81/><REACH who="2" ten="394,274,245,77" step="2"/><W49/><G49/><T91/><D43/><U67/><E78/><V21/><F21/><W134/><G102/><T104/><D25/><U108/><E24/><V66/><F66/><W5/><G70/><T80/><D80/><U128/><E67/><V121/><F121/><N who="3" m="46667" /><G129/><T110/><D50/><U11/><E41/><V94/><F94/><W135/><G118/><T125/><D53/><U39/><E131/><V34/><F34/><W69/><G117/><T52/><D52/><U132/><E33/><V99/><F99/><W29/><G69/><T44/><D97/><U47/><E130/><V17/><F17/><W55/><G55/><T96/><D18/><U105/><E128/><V37/><F37/><W64/><G64/><T122/><D16/><U57/><E39/><V4/><F4/><W126/><G10/><T1/><D96/><U51/><E11/><V82/><F82/><W86/><G86/><T113/><D98/><U74/><E85/><V77/><F77/><W71/><G71/><RYUUKYOKU ba="0,1" sc="394,-15,274,-15,245,15,77,15" hai2="14,15,56,58,73,75,101,103,106,107,114,116,119" hai3="5,20,27,29,124,126,127,133,134,135" /><INIT seed="5,1,1,0,0,50" ten="379,259,260,92" oya="1" hai0="34,16,86,128,124,43,118,117,85,2,5,23,24" hai1="102,87,28,79,101,18,0,1,51,77,38,49,95" hai2="108,14,59,9,13,36,125,62,131,126,91,30,46" hai3="42,105,15,96,122,47,64,60,97,69,94,78,103"/><U27/><E38/><V88/><F108/><W4/><G122/><T35/><D43/><U115/><E115/><V7/><F131/><W61/><G78/><T26/><D86/><U82/><E79/><V31/><F14/><W67/><G15/><T114/><D85/><U25/><E1/><V81/><F46/><W68/><G4/><T120/><D114/><U112/><E0/><V17/><F7/><W71/><G96/><T74/><D74/><U93/><E18/><V37/><F37/><W29/><G29/><N who="2" m="10761" /><F36/><W56/><REACH who="3" step="1"/><G105/><REACH who="3" ten="379,259,260,82" step="2"/><T92/><D120/><U32/><E112/><V75/><F75/><W89/><G89/><T127/><D128/><U104/><E27/><V119/><F91/><W33/><G33/><T123/><D26/><U109/><E104/><V52/><F88/><W80/><G80/><T8/><D123/><U48/><E109/><V133/><F81/><W21/><G21/><T66/><D92/><U73/><E73/><V84/><F84/><W39/><AGARI ba="1,2" hai="39,42,47,56,60,61,64,67,68,69,71,94,97,103" machi="39" ten="20,5200,0" yaku="1,1,0,1,7,1,53,1" doraHai="50" doraHaiUra="54" who="3" fromWho="3" sc="379,-14,259,-27,260,-14,82,75" /><INIT seed="6,0,0,1,3,13" ten="365,232,246,157" oya="2" hai0="85,100,1,55,95,131,0,33,112,10,72,117,35" hai1="48,80,29,62,116,32,127,64,39,97,65,19,57" hai2="82,17,3,71,27,90,81,102,26,15,52,66,78" hai3="50,111,2,49,89,120,84,114,125,115,74,73,121"/><V11/><F3/><W101/><G2/><T86/><D72/><N who="3" m="27753" /><G49/><T129/><D117/><U109/><E109/><V126/><F126/><W94/><G50/><T77/><D112/><N who="3" m="43049" /><G111/><T124/><D124/><U134/><E116/><V67/><F102/><W8/><G8/><T54/><D100/><U113/><E97/><V36/><F36/><W46/><G46/><T4/><D0/><U61/><E39/><V59/><F90/><W98/><G125/><T128/><D77/><U123/><E48/><N who="2" m="31111" /><F78/><W37/><G37/><T44/><D44/><U76/><E123/><V47/><F71/><W83/><AGARI ba="0,0" hai="83,84,89,94,98,101,120,121" m="43049,27753" machi="83" ten="30,7900,0" yaku="15,1,11,1,34,2" doraHai="13" who="3" fromWho="3" sc="365,-20,232,-20,246,-39,157,79" /><INIT seed="7,0,0,1,4,61" ten="345,212,207,236" oya="3" hai0="51,0,14,77,129,108,23,83,122,86,73,46,107" hai1="54,27,103,125,38,134,114,36,100,87,49,110,31" hai2="62,32,112,35,67,81,64,47,96,76,17,95,11" hai3="6,2,93,16,43,12,92,109,34,21,42,60,28"/><W101/><G109/><T65/><D0/><U75/><E75/><V115/><F47/><W13/><G2/><T104/><D129/><U30/><E110/><V9/><F96/><N who="3" m="59527" /><G34/><N who="2" m="12841" /><F95/><W59/><G28/><T85/><D122/><U130/><E130/><V80/><F17/><N who="3" m="10407" /><G6/><T88/><D73/><U52/><E87/><N who="2" m="48519" /><F81/><W89/><G89/><T15/><D88/><U4/><E4/><V121/><F121/><W25/><G25/><T127/><D104/><U113/><E27/><V132/><F132/><W91/><G91/><T56/><D14/><U68/><E134/><V126/><F126/><W44/><G44/><T48/><D127/><U97/><E125/><V102/><F102/><W98/><G98/><T133/><D46/><U105/><E97/><V57/><F67/><N who="3" m="39327" /><G93/><T19/><D107/><U40/><E105/><V39/><F39/><W84/><G84/><T72/><D133/><U55/><E68/><V135/><F135/><W123/><G123/><T74/><D85/><U78/><E78/><V8/><F112/><N who="1" m="43113" /><E100/><V58/><F115/><W70/><G70/><T79/><D108/><U26/><E103/><V45/><F45/><W41/><G41/><T90/><D74/><U119/><E119/><V24/><F24/><W111/><G111/><T116/><D116/><U69/><E69/><V117/><F117/><W10/><AGARI ba="0,0" hai="10,13,16,42,43" m="39327,10407,59527" machi="10" ten="30,6000,0" yaku="8,1,52,1,54,1" doraHai="61" who="3" fromWho="3" sc="345,-20,212,-20,207,-20,236,60" /><INIT seed="7,1,0,5,4,42" ten="325,192,187,296" oya="3" hai0="117,70,38,111,58,91,3,92,97,28,54,29,133" hai1="131,35,86,21,103,67,118,130,5,2,48,63,26" hai2="47,123,109,89,24,77,49,105,101,87,78,51,62" hai3="45,135,4,106,46,127,134,56,116,88,27,122,43"/><W15/><G106/><T8/><D70/><U74/><E74/><V113/><F109/><W11/><G122/><T110/><D38/><U65/><E118/><V16/><F113/><W115/><G116/><T114/><D117/><U128/><E35/><V99/><F123/><W40/><G115/><T76/><D114/><U66/><E103/><V6/><F6/><W39/><G127/><T17/><D133/><N who="3" m="50697" /><G56/><T13/><D76/><U129/><E131/><V18/><F62/><W73/><G73/><T60/><D3/><U119/><E119/><V126/><F126/><W52/><G52/><T22/><D28/><N who="1" m="17487" /><E86/><V94/><F51/><N who="3" m="27047" /><G88/><T100/><D91/><U69/><E48/><V90/><F90/><W71/><G27/><T57/><D57/><U96/><E96/><V33/><F33/><W30/><G30/><T20/><D110/><U64/><E64/><V81/><F105/><W75/><G75/><T93/><D111/><U7/><E69/><AGARI ba="1,0" hai="4,11,15,39,43,46,69,71" m="27047,50697" machi="69" ten="30,5800,0" yaku="20,1,52,2" doraHai="42" who="3" fromWho="1" sc="325,0,192,-61,187,0,296,61" owari="325,13.0,131,-37.0,187,-21.0,357,45.0" /></mjloggm>