<mjloggm ver="2.3"><GO type="169" lobby="0"/><UN n0="%E5%BC%B1%E5%B0%8F%E9%9B%80%E8%8D%98%E5%BA%97%E5%93%A1" n1="%E3%83%92%E3%83%84%E3%83%AB%E3%82%B9%E3%83%9A%E3%83%AB%E3%82%AC%E3%83%BC" n2="%E3%82%B9%E3%82%B1%E3%83%BC%E3%82%BF%E3%83%BC" n3="%E3%82%A6%E3%83%AB%E3%83%88%E3%83%A9%E7%AB%8B%E7%9B%B4" dan="16,17,16,16" rate="2119.91,2143.16,2107.55,2178.02" sx="M,M,M,M"/><TAIKYOKU oya="0"/><INIT seed="0,0,0,3,0,111" ten="250,250,250,250" oya="0" hai0="52,106,31,46,18,90,60,108,28,131,133,113,101" hai1="30,42,40,53,27,86,4,126,79,128,6,43,33" hai2="1,75,62,134,50,8,103,98,112,92,122,70,13" hai3="5,57,56,104,54,84,97,17,63,22,34,32,38"/><T109/><D131/><U20/><E128/><V127/><F122/><W119/><G38/><T58/><D133/><U77/><E126/><V74/><F127/><W14/><G119/><T51/><D113/><U116/><E116/><V78/><F1/><W9/><G104/><T3/><D3/><U94/><E33/><V69/><F134/><W2/><G97/><N who="0" m="61743" /><D90/><N who="1" m="53591" /><E53/><V123/><F123/><W87/><G34/><T35/><D18/><U61/><E61/><V117/><F117/><W39/><G39/><T71/><D71/><U7/><AGARI ba="0,0" hai="4,6,7,20,27,30,40,42,43,77,79" m="53591" machi="7" ten="30,1100,0" yaku="8,1" doraHai="111" who="1" fromWho="1" sc="250,-5,250,11,250,-3,250,-3" /><INIT seed="1,0,0,1,2,92" ten="245,261,247,247" oya="1" hai0="97,66,64,84,17,22,62,80,1,112,57,123,135" hai1="40,34,58,98,133,60,0,18,52,94,3,77,65" hai2="93,10,47,43,14,100,36,4,16,63,32,122,8" hai3="108,115,48,70,99,61,24,73,91,72,75,45,38"/><U56/><E34/><V79/><F122/><W130/><G38/><T86/><D123/><U85/><E133/><V83/><F32/><W20/><G115/><T53/><D112/><U30/><E30/><V129/><F129/><W11/><G11/><T51/><D135/><U44/><E18/><V25/><F63/><W125/><G108/><T39/><D39/><U118/><E118/><V76/><F25/><W59/><G70/><T131/><D1/><U117/><E117/><V74/><F79/><W42/><G125/><T82/><D131/><U54/><E85/><N who="0" m="32873" /><D97/><U88/><E77/><V33/><F33/><W126/><G126/><T106/><D106/><U46/><E65/><N who="0" m="25193" /><D62/><U89/><E89/><V107/><F107/><W113/><G113/><T35/><D35/><U78/><E78/><V37/><F37/><W2/><G2/><T71/><D71/><U90/><E90/><V69/><F69/><W114/><G114/><T50/><D50/><U128/><E128/><V116/><F116/><W23/><G130/><T13/><AGARI ba="0,0" hai="13,17,22,51,53,57,80,82" m="25193,32873" machi="13" ten="30,1100,0" yaku="8,1" doraHai="92" who="0" fromWho="0" sc="245,11,261,-5,247,-3,247,-3" /><INIT seed="2,0,0,4,5,128" ten="256,256,244,244" oya="2" hai0="67,59,44,104,3,60,77,85,81,64,106,76,84" hai1="50,68,1,23,99,75,62,27,15,115,87,14,95" hai2="73,69,36,46,129,114,92,37,31,4,120,127,58" hai3="48,134,16,132,26,98,32,24,89,118,20,94,10"/><V86/><F73/><W90/><G118/><T96/><D3/><U18/><E1/><V42/><F31/><W45/><G10/><T53/><D96/><U34/><E75/><V52/><F4/><W17/><G90/><T21/><D21/><U72/><E72/><V38/><F86/><W123/><G123/><T63/><D44/><U113/><E87/><V49/><F92/><W9/><G9/><T2/><D2/><U57/><E68/><V39/><F120/><W91/><G91/><T130/><D130/><U47/><E34/><V78/><F78/><W43/><REACH who="3" step="1"/><G16/><REACH who="3" ten="256,256,244,234" step="2"/><T93/><D77/><U30/><E18/><V80/><F129/><W97/><G97/><T56/><D53/><U124/><E15/><V51/><F80/><W100/><G100/><T133/><D76/><U101/><E14/><V107/><F107/><W121/><G121/><T6/><D81/><U11/><E11/><V35/><F52/><W28/><AGARI ba="0,1" hai="17,20,24,26,28,32,43,45,48,89,94,98,132,134" machi="28" ten="30,7900,0" yaku="1,1,0,1,52,2,53,0" doraHai="128" doraHaiUra="5" who="3" fromWho="3" sc="256,-20,256,-20,244,-39,234,89" /><INIT seed="3,0,0,5,2,46" ten="236,236,205,323" oya="3" hai0="106,107,10,89,29,73,13,1,111,68,30,19,76" hai1="18,99,8,47,54,97,118,108,92,74,9,83,51" hai2="86,130,125,37,44,64,85,11,49,121,101,24,2" hai3="28,79,129,50,104,115,133,103,116,63,43,25,95"/><W26/><G116/><T124/><D68/><U88/><E118/><V90/><F130/><W81/><G115/><T12/><D1/><U102/><E108/><V77/><F125/><W75/><G133/><T114/><D111/><U4/><E18/><V82/><F121/><W69/><G95/><T93/><D114/><U65/><E65/><V58/><F37/><W132/><G132/><T134/><D134/><U60/><E60/><V98/><F24/><W72/><G26/><T33/><D124/><U78/><REACH who="1" step="1"/><E4/><REACH who="1" ten="236,226,205,323" step="2"/><V94/><F11/><W131/><G63/><T56/><D10/><U17/><E17/><V20/><F64/><W109/><G109/><T53/><D19/><U128/><E128/><V117/><F117/><W39/><G131/><T61/><D61/><U119/><E119/><V48/><F20/><W21/><G21/><T52/><D30/><U27/><E27/><V122/><F122/><W41/><G25/><T123/><D29/><U14/><E14/><V105/><F2/><W16/><G16/><T5/><D123/><U113/><E113/><V7/><F7/><W42/><G28/><T62/><D5/><U87/><E87/><V32/><F32/><W45/><G129/><T91/><D62/><U6/><E6/><V22/><F22/><W70/><G75/><T23/><D73/><U38/><E38/><V34/><F34/><W96/><REACH who="3" step="1"/><G39/><REACH who="3" ten="236,226,205,313" step="2"/><T31/><D31/><U55/><E55/><AGARI ba="0,2" hai="41,42,43,45,50,55,69,70,72,79,81,96,103,104" machi="55" ten="40,7700,0" yaku="1,1,2,1,52,1,53,0" doraHai="46" doraHaiUra="135" who="3" fromWho="1" sc="236,0,226,-77,205,0,313,97" /><INIT seed="3,1,0,3,2,77" ten="236,149,205,410" oya="3" hai0="106,78,9,4,132,128,111,3,109,117,60,99,29" hai1="19,1,47,92,70,80,115,98,123,41,135,113,56" hai2="131,68,126,134,28,129,51,24,121,33,114,100,130" hai3="118,27,64,35,8,96,21,16,44,57,97,20,53"/><W59/><G118/><T54/><D117/><U72/><E70/><V116/><F116/><W71/><G35/><T62/><D128/><U91/><E123/><V93/><F68/><W83/><G71/><T50/><D132/><U52/><E135/><V58/><F134/><W102/><G8/><T10/><D29/><U12/><E1/><V32/><F114/><W94/><G64/><T95/><D10/><U103/><E47/><V26/><F100/><W79/><G97/><T107/><D78/><U112/><E41/><V40/><F93/><W30/><G53/><T61/><D107/><U85/><E72/><V31/><F126/><W69/><G44/><T36/><D36/><U74/><E74/><V49/><F40/><W84/><G69/><T34/><D34/><U87/><E87/><V88/><F121/><W43/><G43/><T46/><REACH who="0" step="1"/><D106/><REACH who="0" ten="226,149,205,410" step="2"/><U45/><E45/><V105/><F105/><W104/><G104/><T120/><D120/><U25/><E25/><AGARI ba="1,1" hai="16,20,21,25,27,30,57,59,79,83,84,94,96,102" machi="25" ten="30,11600,0" yaku="7,1,8,1,52,1,54,1" doraHai="77" who="3" fromWho="1" sc="226,0,149,-119,205,0,410,129" /><INIT seed="3,2,0,3,3,81" ten="226,30,205,539" oya="3" hai0="108,103,126,131,69,76,35,116,80,49,96,113,130" hai1="50,109,88,43,106,20,84,71,117,100,115,114,41" hai2="99,54,128,15,129,70,23,74,134,105,59,91,64" hai3="72,45,102,86,62,66,82,125,107,55,1,14,122"/><W79/><G1/><T6/><D69/><U87/><E71/><V77/><F134/><W32/><G32/><T67/><D35/><U19/><E109/><V93/><F105/><W92/><G125/><T90/><D67/><U56/><E117/><V73/><F77/><W31/><G31/><T33/><D33/><U27/><E106/><V26/><F15/><W12/><G55/><T47/><D6/><U57/><E100/><V44/><F44/><W24/><G24/><T40/><D116/><U10/><E10/><V101/><F70/><W29/><G29/><T63/><D63/><U89/><E114/><V42/><F42/><N who="1" m="15881" /><E115/><V121/><F64/><W68/><G45/><T127/><D113/><U25/><E25/><V5/><F5/><W65/><G65/><T83/><D90/><N who="1" m="34923" /><E50/><N who="2" m="31191" /><F101/><W21/><G107/><N who="0" m="63975" /><D108/><U123/><E123/><V78/><F121/><W18/><G122/><T94/><D127/><U17/><E19/><N who="2" m="12671" /><F78/><W95/><G102/><T104/><D76/><U98/><E98/><V13/><F73/><W37/><G72/><T97/><D104/><U9/><E9/><V112/><F74/><W119/><G119/><T124/><D126/><U118/><E118/><V7/><F112/><W36/><G37/><T52/><D124/><U75/><E75/><V34/><F34/><W2/><G36/><T85/><D97/><U8/><E8/><N who="2" m="4255" /><F99/><W133/><G2/><T3/><D3/><U38/><E38/><V11/><F11/><W4/><G12/><T16/><D16/><U111/><E111/><V28/><F28/><W132/><G4/><T61/><D40/><RYUUKYOKU ba="2,0" sc="226,-30,30,10,205,10,539,10" hai1="17,20,27,56,57,84,87" hai2="91,93,128,129" hai3="14,18,21,62,66,68,79,82,86,92,95,132,133" /><INIT seed="3,3,0,3,0,91" ten="196,40,215,549" oya="3" hai0="44,70,107,117,25,12,15,32,95,114,54,93,21" hai1="111,127,16,43,129,18,30,135,123,66,34,3,27" hai2="55,28,49,133,56,118,99,67,36,132,108,40,46" hai3="41,119,2,103,126,31,63,87,116,77,98,26,51"/><W125/><G2/><T45/><D117/><U102/><E43/><V105/><F28/><W9/><G9/><T17/><D107/><U97/><E123/><V120/><F118/><W20/><G63/><T23/><D32/><U72/><E72/><V79/><F79/><W50/><G87/><T59/><D70/><U65/><E3/><V10/><F10/><W42/><G77/><T89/><D114/><U7/><E7/><V24/><F24/><W62/><G62/><N who="0" m="36215" /><D12/><U106/><E111/><V5/><F5/><W68/><G68/><T112/><D112/><U14/><E129/><V4/><F4/><W110/><G110/><T73/><D73/><U57/><E127/><N who="3" m="48650" /><G51/><T83/><D83/><U69/><E69/><V60/><F108/><W121/><G121/><T61/><D61/><U84/><E135/><V47/><F120/><W71/><G71/><T128/><D128/><U92/><E57/><V53/><F133/><W86/><G50/><T48/><D89/><U122/><E122/><V94/><F132/><W29/><G119/><T109/><D109/><U82/><E106/><V78/><F105/><W33/><G33/><T124/><D124/><U101/><E101/><V38/><F38/><W90/><G116/><T131/><D131/><U113/><E113/><V85/><F36/><W88/><G103/><T134/><D134/><U39/><E39/><V19/><F49/><W130/><G130/><T13/><D13/><U75/><E75/><V11/><F60/><W74/><G74/><T115/><D115/><U0/><E0/><V96/><F78/><W52/><G90/><RYUUKYOKU ba="3,0" sc="196,0,40,0,215,0,549,0" /><INIT seed="4,4,0,4,2,9" ten="196,40,215,549" oya="0" hai0="114,95,14,25,49,56,64,118,84,71,87,68,89" hai1="124,134,2,85,43,132,108,37,30,65,58,109,104" hai2="47,46,41,21,127,13,133,92,32,73,24,61,99" hai3="103,15,57,80,110,81,115,97,69,44,82,106,123"/><T94/><D118/><U83/><E2/><V130/><F73/><W31/><G69/><T63/><D114/><U40/><E30/><V29/><F127/><W98/><G31/><T135/><D135/><N who="1" m="51755" /><E104/><V79/><F79/><W27/><G27/><T76/><D25/><U51/><E85/><V129/><F133/><W66/><G44/><T1/><D1/><U131/><E83/><V77/><F77/><W96/><G110/><N who="1" m="42602" /><E124/><V112/><F112/><W100/><G106/><T45/><D14/><U42/><E131/><V117/><F13/><W22/><G123/><T18/><D18/><U70/><E70/><V120/><F120/><W78/><G78/><T125/><D125/><U11/><E11/><V10/><F10/><W35/><G35/><T33/><D33/><U38/><E65/><V74/><F32/><W126/><G126/><T107/><D107/><U34/><E34/><V26/><F29/><W54/><G66/><T28/><D28/><U50/><E58/><V0/><F0/><W20/><G20/><T19/><D19/><U67/><E67/><V101/><F21/><W121/><G121/><T12/><D12/><U88/><E88/><V90/><F90/><W23/><G23/><T93/><D76/><U36/><AGARI ba="4,0" hai="36,37,38,40,42,43,50,51" m="42602,51755" machi="36" ten="50,8000,1" yaku="28,2,20,1,34,2" doraHai="9" who="1" fromWho="1" sc="196,-44,40,92,215,-24,549,-24" /><INIT seed="5,0,0,2,2,87" ten="152,132,191,525" oya="1" hai0="96,59,26,68,122,113,33,71,70,58,46,61,2" hai1="28,15,117,82,110,92,114,112,18,0,126,38,88" hai2="80,76,48,119,100,133,23,81,107,116,108,109,102" hai3="31,129,52,127,30,25,40,51,11,85,6,128,44"/><U27/><E117/><N who="2" m="45131" /><F23/><W94/><G127/><T4/><D113/><N who="1" m="43627" /><E126/><V5/><F5/><W132/><G132/><T95/><D122/><U121/><E121/><V66/><F48/><W37/><G94/><T91/><D46/><U99/><E110/><N who="2" m="42603" /><F66/><W22/><G85/><T34/><D26/><U83/><E38/><V62/><F62/><W39/><G31/><T89/><D89/><U65/><E0/><V9/><F9/><W118/><G118/><T56/><REACH who="0" step="1"/><D61/><REACH who="0" ten="142,132,191,525" step="2"/><U130/><E130/><V74/><F133/><W63/><G63/><T69/><N who="0" m="17408" /><DORA hai="106" /><T1/><D1/><U78/><E78/><N who="2" m="44119" /><F107/><W93/><G39/><T111/><D111/><U16/><E65/><V14/><F14/><W86/><G37/><T57/><N who="0" m="14336" /><DORA hai="98" /><T60/><D60/><U103/><E103/><V21/><F102/><W10/><G129/><T77/><D77/><U47/><E47/><V12/><F100/><W20/><G44/><T43/><D43/><U64/><E64/><V29/><F12/><W123/><G40/><T135/><D135/><U97/><E97/><V131/><F131/><W72/><G128/><T73/><D73/><U90/><E90/><V55/><F76/><W53/><G123/><T115/><D115/><U17/><E15/><V79/><F79/><W45/><G45/><T19/><D19/><N who="1" m="4867" /><U125/><DORA hai="42" /><E125/><V104/><F104/><W24/><G53/><T124/><D124/><U134/><E134/><V54/><F54/><W13/><G52/><T75/><D75/><U101/><E101/><V105/><F55/><W49/><G72/><T36/><D36/><RYUUKYOKU ba="0,1" sc="142,15,132,15,191,-15,525,-15" hai0="2,4,33,34,91,95,96" hai1="27,28,82,83,88,92,99" /><INIT seed="5,1,1,0,3,105" ten="157,147,176,510" oya="1" hai0="63,103,77,118,83,82,102,116,76,47,95,44,40" hai1="7,36,109,55,50,120,111,13,84,68,91,81,119" hai2="52,121,88,75,78,112,51,71,106,43,64,85,130" hai3="2,59,117,115,90,89,9,66,123,35,58,57,24"/><U46/><E119/><N who="0" m="45609" /><D63/><U22/><E120/><V100/><F121/><W14/><G2/><T94/><D40/><U135/><E135/><V61/><F43/><W8/><G115/><T39/><D39/><U26/><E36/><V126/><F112/><W33/><G66/><T125/><D125/><U5/><E68/><V80/><F126/><W21/><G14/><T73/><D47/><U93/><E93/><N who="0" m="35337" /><D44/><U113/><E113/><V53/><F130/><W60/><G59/><T62/><D62/><U16/><REACH who="1" step="1"/><E26/><REACH who="1" ten="157,137,176,510" step="2"/><V37/><F37/><W31/><G24/><T48/><D48/><U28/><E28/><V122/><F122/><W131/><G31/><T41/><D41/><U0/><E0/><V3/><F3/><W127/><G123/><T32/><D32/><U19/><E19/><V79/><F51/><W104/><G33/><T30/><D30/><U49/><E49/><V23/><F71/><W4/><G35/><T15/><D15/><U10/><E10/><V134/><F61/><W124/><G60/><T70/><D70/><U17/><E17/><V34/><F34/><W42/><G9/><T129/><D129/><U65/><E65/><V92/><F64/><W96/><G8/><T67/><D67/><U54/><E54/><V87/><F52/><W29/><G29/><T86/><AGARI ba="1,2" hai="73,76,77,82,83,86,102,103" m="35337,45609" machi="86" ten="30,4000,0" yaku="34,2,52,1" doraHai="105" who="0" fromWho="0" sc="157,63,137,-21,176,-11,510,-11" /><INIT seed="6,0,0,0,3,54" ten="220,116,165,499" oya="2" hai0="134,14,69,41,35,27,9,2,15,86,70,92,60" hai1="18,80,126,111,96,8,74,0,109,42,29,62,36" hai2="63,87,112,75,45,76,115,84,106,100,40,33,39" hai3="5,3,121,101,97,58,11,12,34,55,51,57,114"/><V135/><F33/><W30/><G121/><T46/><D134/><U28/><E126/><V107/><F135/><W25/><G114/><N who="2" m="43561" /><F75/><W50/><G3/><T118/><D118/><U38/><E96/><N who="2" m="61703" /><F76/><W133/><G133/><T53/><D2/><U26/><E62/><V20/><F107/><W21/><G34/><T82/><D92/><U125/><E125/><V99/><F99/><W79/><G79/><T1/><D1/><U88/><E74/><V122/><F122/><W91/><G91/><T90/><D35/><U47/><E36/><V32/><F32/><W119/><G119/><T4/><D27/><U93/><E80/><V83/><F83/><W130/><G130/><T56/><D15/><U59/><E59/><N who="3" m="22538" /><G55/><T48/><AGARI ba="0,0" hai="4,9,14,41,46,48,53,56,60,69,70,82,86,90" machi="48" ten="20,2700,0" yaku="0,1,7,1,52,1" doraHai="54" who="0" fromWho="0" sc="220,27,116,-7,165,-13,499,-7" /><INIT seed="7,0,0,0,0,122" ten="247,109,152,492" oya="3" hai0="40,34,32,54,35,113,135,98,37,99,79,46,76" hai1="71,80,132,9,74,2,41,82,23,92,133,16,1" hai2="121,5,20,96,70,15,22,60,129,43,111,64,67" hai3="25,100,109,114,61,72,119,103,107,26,7,66,85"/><W56/><G72/><T14/><D135/><U47/><E71/><V125/><F111/><W90/><G109/><T83/><D113/><U115/><E115/><V117/><F117/><W39/><G39/><T36/><D37/><U38/><E92/><V4/><F67/><W94/><G119/><T97/><D14/><U127/><E127/><V30/><F43/><W21/><G114/><T51/><D83/><U10/><E10/><V8/><F5/><W126/><G126/><T108/><D108/><U19/><E19/><V110/><F110/><W58/><G107/><T6/><D6/><U112/><E112/><V77/><F77/><W49/><G7/><T120/><D120/><U50/><E38/><V87/><F87/><W57/><G26/><T18/><D18/><U118/><E118/><V81/><F81/><W131/><G131/><T45/><AGARI ba="0,0" hai="32,34,35,36,40,45,46,51,54,76,79,97,98,99" machi="45" ten="40,1500,0" yaku="0,1" doraHai="122" who="0" fromWho="0" sc="247,15,109,-4,152,-4,492,-7" owari="262,6.0,105,-39.0,148,-25.0,485,58.0" /></mjloggm>