<mjloggm ver="2.3"><GO type="225" lobby="0"/><UN n0="%E3%82%B7%E3%83%B3%E3%83%87%E3%83%AB%E3%83%A9" n1="%E8%85%B9%E7%97%9B%E3%81%BD%E3%81%A3%E3%81%8F%E3%82%93" n2="%E3%81%AF%E3%82%8B%E3%81%A3%E3%81%B4%E2%99%AA" n3="%E3%82%A6%E3%83%AB%E3%83%88%E3%83%A9%E7%AB%8B%E7%9B%B4" dan="16,18,16,17" rate="2162.00,2285.76,2093.89,2105.77" sx="F,M,F,M"/><TAIKYOKU oya="0"/><INIT seed="0,0,0,5,1,5" ten="250,250,250,250" oya="0" hai0="41,0,61,77,118,56,57,18,131,122,42,97,112" hai1="9,27,98,130,81,40,76,58,123,20,71,8,12" hai2="38,63,74,25,101,2,24,119,1,113,109,43,124" hai3="84,64,14,135,52,6,82,30,44,46,79,26,107"/><T87/><D112/><U95/><E71/><V49/><F113/><W120/><G107/><T32/><D118/><U10/><E123/><V67/><F74/><W92/><G64/><T29/><D122/><U83/><E130/><V127/><F38/><W126/><G120/><T34/><D131/><U62/><E12/><V23/><F101/><W15/><G126/><N who="2" m="48169" /><F25/><W73/><G135/><T111/><D111/><U60/><E40/><V89/><F109/><W103/><G73/><T53/><D0/><U16/><E76/><V33/><F33/><W50/><G46/><T99/><D32/><U45/><E45/><N who="2" m="25791" /><F89/><W110/><G110/><T114/><D114/><U28/><E28/><N who="2" m="17439" /><F119/><W70/><G70/><AGARI ba="0,0" hai="1,2,63,67,70" m="17439,25791,48169" machi="70" ten="30,1000,0" yaku="18,1" doraHai="5" who="2" fromWho="3" sc="250,0,250,0,250,10,250,-10" /><INIT seed="1,0,0,0,5,57" ten="250,250,260,240" oya="1" hai0="124,126,133,100,1,28,132,78,36,130,42,73,102" hai1="20,35,131,85,38,58,12,15,3,56,125,9,120" hai2="110,46,89,103,90,27,127,55,26,41,8,128,6" hai3="87,53,76,91,49,92,116,16,40,13,67,118,109"/><U33/><E38/><V21/><F110/><W50/><G109/><T68/><D1/><U59/><E120/><V25/><F103/><N who="0" m="39466" /><D28/><U93/><E3/><V43/><F127/><N who="0" m="48682" /><D68/><U105/><E105/><V75/><F75/><W135/><G135/><N who="0" m="51787" /><D36/><U65/><E125/><V80/><F128/><W54/><G76/><T34/><D34/><U77/><E131/><V61/><F80/><W108/><G108/><T98/><D42/><N who="2" m="15882" /><F6/><W60/><G40/><T95/><D130/><U86/><E33/><V113/><F8/><N who="3" m="6183" /><G54/><T121/><D121/><U107/><E35/><V19/><F113/><W84/><G53/><T114/><D114/><U44/><E9/><V72/><F72/><W23/><G23/><T22/><D22/><U31/><E20/><V69/><F69/><N who="3" m="42215" /><G87/><T7/><D7/><U115/><E86/><V4/><F4/><W37/><G37/><T97/><D95/><U119/><E93/><V32/><F32/><W52/><G52/><T29/><D29/><U79/><E31/><V111/><F111/><W47/><G47/><T45/><D45/><U62/><E44/><V63/><F46/><W129/><G129/><T88/><D88/><N who="2" m="33898" /><F55/><W66/><G66/><T94/><D94/><U18/><E115/><V10/><F10/><W24/><G24/><AGARI ba="0,0" hai="19,21,24,25,26,27,61,63" m="33898,15882" machi="24" ten="30,7700,0" yaku="8,1,52,2,54,1" doraHai="57" who="2" fromWho="3" sc="250,0,250,0,260,77,240,-77" /><INIT seed="2,0,0,1,2,15" ten="250,250,337,163" oya="2" hai0="83,134,22,41,94,11,98,70,5,82,105,73,120" hai1="2,38,108,68,4,36,127,67,128,104,71,110,97" hai2="122,76,85,13,19,20,99,35,49,78,81,115,72" hai3="111,32,3,79,6,56,26,90,135,77,58,34,45"/><V0/><F122/><W117/><G117/><T118/><D120/><U88/><E128/><V43/><F0/><W125/><G3/><T63/><D134/><U112/><E112/><V40/><F35/><W91/><G26/><T66/><D118/><U84/><E127/><V44/><F115/><W102/><G45/><T54/><D105/><U53/><E53/><V64/><F64/><W21/><G21/><T16/><D41/><U24/><E24/><V50/><F99/><W39/><G102/><N who="0" m="60759" /><D73/><U92/><E4/><V133/><F133/><W113/><G6/><T51/><D70/><N who="1" m="26667" /><E67/><V106/><F106/><W130/><G135/><T33/><D33/><U57/><E57/><V123/><F123/><W116/><G116/><T9/><D63/><U14/><E14/><V48/><F72/><W132/><G132/><T29/><D29/><U59/><E59/><V86/><F43/><W7/><G7/><T103/><D103/><N who="1" m="62575" /><E2/><V61/><F61/><W52/><G52/><T121/><D66/><U124/><E124/><V131/><F131/><W93/><G130/><T126/><D126/><U62/><E62/><V18/><F18/><W23/><G125/><T96/><D96/><U31/><E31/><V74/><F74/><W1/><G113/><T27/><D121/><U25/><E38/><V55/><F55/><W95/><G39/><T8/><D5/><U101/><E36/><V87/><F87/><W17/><G1/><T47/><AGARI ba="0,0" hai="8,9,11,16,22,27,47,51,54,82,83" m="60759" machi="47" ten="30,4000,0" yaku="8,1,52,1,54,1" doraHai="15" who="0" fromWho="0" sc="250,40,250,-10,337,-20,163,-10" /><INIT seed="3,0,0,2,1,24" ten="290,240,317,153" oya="3" hai0="93,102,108,78,55,10,100,122,38,2,91,83,20" hai1="48,27,119,19,57,121,28,12,52,94,98,31,79" hai2="106,95,77,112,74,103,61,49,64,109,50,36,129" hai3="4,126,85,80,114,35,76,89,124,7,45,68,134"/><W62/><G35/><T58/><D108/><U101/><E121/><V86/><F36/><W44/><G114/><T41/><D122/><U18/><E119/><V0/><F0/><W59/><G68/><T29/><D38/><U1/><E1/><V21/><F109/><W46/><G134/><T33/><D33/><U70/><E70/><V111/><F111/><W13/><G13/><T115/><D41/><U133/><E79/><V128/><F74/><W8/><G8/><T66/><D66/><U117/><E133/><V63/><F106/><W107/><G107/><T127/><D127/><U71/><E71/><V87/><F77/><W90/><G126/><T15/><D2/><U82/><E82/><V69/><F63/><W130/><G124/><T23/><D23/><N who="1" m="13823" /><E117/><V6/><F6/><N who="3" m="2091" /><G130/><N who="2" m="50281" /><F21/><AGARI ba="0,0" hai="12,18,21,28,31,48,52,57,94,98,101" m="13823" machi="21" ten="30,7700,0" yaku="8,1,52,2,54,1" doraHai="24" who="1" fromWho="2" sc="290,0,240,77,317,-77,153,0" owari="290,9.0,317,42.0,240,-16.0,153,-35.0" /></mjloggm>