<mjloggm ver="2.3"><GO type="169" lobby="0"/><UN n0="%E3%82%A6%E3%83%AB%E3%83%88%E3%83%A9%E7%AB%8B%E7%9B%B4" n1="%E6%B0%B4%E7%84%A1%E7%BF%A0" n2="%6F%6E%65%73%74%61%72" n3="%E3%81%93%E3%81%8D%E3%81%BE%E3%82%8D" dan="18,16,17,16" rate="2201.59,2060.05,2138.69,2141.50" sx="M,F,M,M"/><TAIKYOKU oya="0"/><INIT seed="0,0,0,1,3,37" ten="250,250,250,250" oya="0" hai0="70,13,65,83,95,26,8,0,114,99,112,97,6" hai1="115,36,128,81,62,49,102,60,2,79,4,126,92" hai2="87,43,47,93,42,109,41,116,66,104,76,113,118" hai3="21,129,53,25,72,44,10,58,134,1,100,30,27"/><T69/><D26/><U117/><E117/><N who="2" m="45163" /><F104/><W7/><G129/><T35/><D35/><U9/><E128/><V23/><F109/><W84/><G134/><T57/><D57/><U103/><E126/><V85/><F113/><W101/><G72/><T105/><D83/><U89/><E115/><V96/><F66/><W52/><G27/><T20/><D105/><U120/><E120/><V24/><F47/><W38/><G84/><N who="2" m="32329" /><F76/><W51/><REACH who="3" step="1"/><G38/><REACH who="3" ten="250,250,250,240" step="2"/><T22/><D112/><U55/><E36/><V106/><F106/><W94/><G94/><T40/><D95/><U82/><E82/><V3/><F3/><W39/><G39/><T78/><D0/><U90/><E81/><V11/><F11/><W123/><G123/><T59/><D8/><U110/><E2/><V121/><F121/><W34/><G34/><T16/><D114/><U56/><E92/><V125/><F125/><W111/><G111/><T17/><D99/><U86/><E110/><V33/><F33/><W68/><G68/><T61/><D97/><U14/><E9/><V124/><F124/><W74/><G74/><T32/><D32/><U31/><E31/><N who="2" m="17823" /><F93/><W18/><G18/><T28/><D70/><U133/><E86/><V63/><F96/><W88/><G88/><T71/><D17/><U50/><E90/><V132/><F132/><W12/><G12/><T131/><D131/><U73/><E89/><V107/><F107/><W91/><G91/><T64/><D71/><U127/><E127/><V54/><F63/><AGARI ba="0,1" hai="1,7,10,21,25,30,44,51,52,53,58,63,100,101" machi="63" ten="30,3900,0" yaku="1,1,7,1,54,1,53,0" doraHai="37" doraHaiUra="67" who="3" fromWho="2" sc="250,0,250,0,250,-39,240,49" /><INIT seed="1,0,0,0,3,5" ten="250,250,211,289" oya="1" hai0="133,32,129,63,124,56,83,68,100,70,23,82,93" hai1="55,10,57,51,33,34,19,35,40,67,110,25,64" hai2="97,81,58,80,41,102,0,87,75,28,17,130,7" hai3="118,54,101,111,6,72,42,106,120,48,96,13,8"/><U78/><E78/><V107/><F130/><W2/><G118/><T125/><D32/><U76/><E76/><V84/><F75/><W62/><G111/><T20/><D129/><U131/><E131/><V1/><F28/><W89/><G120/><T53/><D133/><U122/><E122/><V14/><F7/><W95/><G72/><T91/><D100/><U45/><E110/><V3/><F41/><W74/><G74/><T115/><D115/><U127/><E127/><N who="0" m="48713" /><D20/><U135/><E135/><V128/><F128/><W92/><G42/><T49/><D23/><U105/><E105/><V114/><F58/><W90/><G2/><T46/><D70/><U98/><E98/><V50/><F50/><W47/><REACH who="3" step="1"/><G62/><REACH who="3" ten="250,250,211,279" step="2"/><T79/><D63/><U77/><E40/><V9/><REACH who="2" step="1"/><F114/><REACH who="2" ten="250,250,201,279" step="2"/><W18/><G18/><T26/><D49/><U113/><E51/><V12/><F12/><W109/><G109/><T59/><D26/><U61/><E25/><V66/><F66/><W73/><G73/><T11/><D53/><U21/><E55/><V27/><F27/><W86/><G86/><AGARI ba="0,2" hai="0,1,3,9,14,17,80,81,84,86,87,97,102,107" machi="86" ten="40,2600,0" yaku="1,1,52,1,53,0" doraHai="5" doraHaiUra="119" who="2" fromWho="3" sc="250,0,250,0,201,46,279,-26" /><INIT seed="2,0,0,2,4,51" ten="250,250,247,253" oya="2" hai0="65,23,61,90,54,110,2,1,60,73,129,101,55" hai1="80,108,106,30,107,49,19,52,120,68,17,75,98" hai2="15,128,53,131,33,37,31,85,116,26,25,122,79" hai3="4,77,58,113,71,66,121,72,117,14,82,84,42"/><V87/><F116/><W22/><G117/><T9/><D73/><U12/><E68/><V109/><F37/><W133/><G121/><T27/><D101/><U69/><E69/><V74/><F122/><W13/><G133/><T29/><D110/><U43/><E30/><N who="2" m="19663" /><F109/><W127/><G127/><T0/><D129/><N who="2" m="49738" /><F15/><W96/><G71/><T83/><D9/><U18/><E12/><V50/><F79/><W47/><G113/><T134/><D134/><U35/><E35/><N who="2" m="20983" /><F74/><W123/><G123/><T118/><D118/><U104/><E120/><V16/><F16/><W62/><G72/><T36/><D36/><U126/><E108/><V40/><F40/><W48/><G14/><T32/><D32/><U81/><E43/><V132/><F132/><W21/><G96/><T86/><REACH who="0" step="1"/><D65/><REACH who="0" ten="240,250,247,253" step="2"/><U45/><E75/><V11/><F11/><AGARI ba="0,1" hai="4,11,13,21,22,42,47,48,58,62,66,77,82,84" machi="11" ten="40,5200,0" yaku="25,2,8,1" doraHai="51" who="3" fromWho="2" sc="240,0,250,0,247,-52,253,62" /><INIT seed="3,0,0,0,5,87" ten="240,250,195,315" oya="3" hai0="105,89,17,59,62,131,24,118,44,52,29,49,126" hai1="112,88,74,117,30,13,92,37,78,9,2,64,114" hai2="23,102,54,111,127,67,22,57,10,11,81,121,34" hai3="77,19,100,113,120,25,68,7,35,65,82,125,96"/><W108/><G120/><T14/><D118/><U135/><E37/><V70/><F34/><W66/><G125/><T69/><D105/><U15/><E117/><V5/><F111/><W109/><G113/><T110/><D110/><N who="3" m="42601" /><G7/><T48/><D131/><U119/><E119/><V40/><F102/><W4/><G4/><T129/><D129/><U28/><E2/><V76/><F40/><W3/><G3/><T132/><D132/><U63/><E135/><V51/><F22/><N who="3" m="13535" /><G35/><T103/><D103/><U38/><E38/><V124/><F57/><W106/><G68/><T32/><D69/><U27/><E74/><AGARI ba="0,0" hai="65,66,74,77,82,96,100,106" m="13535,42601" machi="74" ten="30,2900,0" yaku="14,1,10,1" doraHai="87" who="3" fromWho="1" sc="240,0,250,-29,195,0,315,29" /><INIT seed="3,1,0,0,5,128" ten="240,221,195,344" oya="3" hai0="81,114,126,106,39,60,108,46,19,105,11,3,34" hai1="85,43,95,27,92,109,131,31,52,102,110,28,133" hai2="103,129,10,48,37,35,26,72,100,99,23,125,115" hai3="68,54,80,112,117,75,8,76,70,12,83,113,61"/><W124/><G117/><T96/><D108/><N who="1" m="41579" /><E43/><V84/><F37/><W69/><G124/><T65/><D34/><U57/><E131/><V20/><F72/><W73/><G54/><T122/><D122/><U53/><E133/><V16/><F35/><W9/><G61/><T111/><D111/><U24/><E85/><V121/><F115/><W38/><G38/><T89/><D126/><U40/><E40/><V5/><F125/><W45/><G45/><T41/><D114/><U51/><E53/><V71/><F71/><W13/><G69/><T101/><D89/><U78/><E78/><AGARI ba="1,0" hai="8,9,12,13,68,70,73,75,76,78,80,83,112,113" machi="78" ten="25,2400,0" yaku="22,2" doraHai="128" who="3" fromWho="1" sc="240,0,221,-27,195,0,344,27" /><INIT seed="3,2,0,2,0,53" ten="240,194,195,371" oya="3" hai0="88,115,0,32,20,25,67,38,131,105,75,116,55" hai1="96,97,6,15,40,95,103,112,18,71,30,78,109" hai2="54,59,8,68,114,57,102,125,107,132,110,43,61" hai3="81,106,83,91,46,90,80,127,39,13,7,128,134"/><W69/><G69/><T89/><D116/><U120/><E112/><V49/><F114/><W93/><G134/><T42/><D32/><U31/><E120/><V45/><F132/><W48/><G39/><T101/><D115/><U44/><E71/><V63/><F110/><W62/><G127/><T123/><D123/><U129/><E109/><V117/><F117/><W121/><G128/><T73/><D0/><U85/><E6/><V34/><F34/><W1/><G1/><T3/><D3/><U17/><E129/><V24/><F24/><W122/><G106/><T41/><D67/><U111/><E18/><V86/><F68/><W51/><G121/><T70/><D70/><U100/><E85/><V124/><F86/><W64/><G122/><T26/><D101/><U28/><E78/><V5/><F8/><N who="3" m="4255" /><G62/><T47/><D105/><U52/><E111/><V130/><F5/><W74/><G64/><T37/><D131/><U29/><E52/><V76/><F76/><W56/><G93/><T82/><D55/><U66/><E66/><V50/><F130/><W21/><G74/><T84/><D75/><U77/><E77/><V10/><F10/><W98/><G21/><T135/><D73/><U133/><E133/><V4/><F4/><W35/><G35/><T27/><D135/><U60/><E60/><N who="2" m="23115" /><F107/><W113/><G113/><T22/><D22/><N who="1" m="11583" /><E95/><V92/><F124/><W72/><G72/><T16/><D89/><U99/><N who="1" m="7680" /><DORA hai="87" /><U12/><E12/><V9/><F125/><W118/><G91/><T11/><D11/><U33/><E33/><V79/><F9/><RYUUKYOKU ba="2,0" sc="240,15,194,15,195,-15,371,-15" hai0="16,20,25,26,27,37,38,41,42,47,82,84,88" hai1="40,44,96,97,99,100,103" /><INIT seed="4,3,0,4,3,13" ten="255,209,180,356" oya="0" hai0="109,131,67,119,82,25,88,14,31,55,103,106,1" hai1="89,18,49,75,54,73,97,46,76,98,11,135,111" hai2="77,52,117,36,37,38,16,74,20,114,92,78,41" hai3="44,87,7,127,56,116,126,96,48,95,3,64,130"/><T59/><D1/><U40/><E111/><V17/><F114/><W68/><G116/><T133/><D119/><U85/><E135/><V71/><F117/><W118/><G118/><T6/><D131/><U21/><E11/><V47/><F71/><W120/><G120/><T57/><D133/><U128/><E40/><V50/><F74/><W79/><G68/><T86/><D109/><U19/><E128/><V107/><F107/><W65/><G130/><T134/><D134/><U32/><E32/><V110/><F110/><W132/><G132/><T104/><D67/><U22/><E75/><V121/><F121/><W60/><G64/><T35/><D103/><U34/><E34/><V30/><F30/><W83/><G7/><T129/><D129/><U81/><E76/><V53/><F92/><W69/><G69/><T45/><D45/><U72/><E72/><V123/><F123/><W27/><G27/><T84/><D84/><U12/><E73/><V108/><F108/><W62/><G62/><T122/><D122/><U29/><E29/><V9/><F9/><W99/><G3/><T58/><D55/><U102/><E102/><V43/><F53/><N who="3" m="29831" /><G95/><T113/><D113/><U100/><E100/><V90/><F90/><W42/><G42/><N who="2" m="15881" /><F20/><W4/><G4/><T23/><REACH who="0" step="1"/><D6/><REACH who="0" ten="245,209,180,356" step="2"/><U2/><REACH who="1" step="1"/><E2/><REACH who="1" ten="245,199,180,356" step="2"/><V10/><F77/><W26/><G79/><T94/><D94/><U125/><E125/><V61/><F78/><N who="3" m="46583" /><G126/><T28/><D28/><U0/><E0/><V115/><F115/><W105/><G127/><T39/><D39/><U8/><E8/><V124/><F124/><RYUUKYOKU ba="3,2" sc="245,15,199,15,180,-15,356,-15" hai0="14,23,25,31,35,57,58,59,82,86,88,104,106" hai1="12,18,19,21,22,46,49,54,81,85,89,97,98" /><INIT seed="4,4,2,1,2,117" ten="260,214,165,341" oya="0" hai0="125,75,14,126,24,20,119,105,97,65,32,41,70" hai1="29,79,48,103,39,71,17,2,10,96,108,114,49" hai2="37,98,127,90,82,9,60,102,88,73,128,55,106" hai3="122,34,115,86,130,99,35,80,54,110,13,124,38"/><T51/><D75/><U64/><E39/><V69/><F37/><W5/><G38/><T78/><D78/><U118/><E108/><V18/><F128/><W21/><G110/><T74/><D74/><U36/><E36/><V116/><F127/><N who="0" m="48650" /><D14/><U121/><E118/><V76/><F116/><W92/><G124/><T68/><D32/><U46/><E29/><V53/><F69/><W101/><G115/><T67/><D119/><U26/><E79/><V27/><F60/><W4/><G130/><T72/><D72/><U112/><E2/><V12/><REACH who="2" step="1"/><F27/><REACH who="2" ten="260,214,155,341" step="2"/><W135/><G135/><T28/><D68/><U57/><E71/><V1/><F1/><W52/><G13/><T83/><D70/><U23/><E26/><V33/><F33/><W19/><G34/><T81/><D67/><U50/><E64/><V40/><F40/><W43/><G35/><T47/><D65/><U93/><E114/><V133/><F133/><W131/><G43/><T132/><D132/><U44/><E112/><V104/><F104/><W134/><G134/><T7/><D105/><U111/><E111/><V100/><F100/><W95/><G131/><T107/><D107/><U15/><E103/><V45/><F45/><W66/><G66/><T129/><D129/><U89/><E46/><V63/><F63/><W0/><G0/><T25/><D25/><N who="1" m="14575" /><E44/><V8/><F8/><W123/><G101/><T91/><D47/><U61/><E61/><V94/><F94/><W113/><G95/><N who="0" m="56575" /><D41/><U85/><E93/><V120/><F120/><W30/><G113/><T42/><D42/><U22/><E121/><RYUUKYOKU ba="4,3" sc="260,-10,214,-10,155,30,341,-10" hai2="9,12,18,53,55,73,76,82,88,90,98,102,106" /><INIT seed="5,5,3,3,5,106" ten="250,204,185,331" oya="1" hai0="128,70,39,64,113,60,67,98,33,3,32,35,89" hai1="118,135,9,87,73,22,15,29,4,134,107,6,127" hai2="115,123,7,31,88,119,78,133,69,42,74,131,100" hai3="63,51,132,55,25,53,103,130,62,104,5,71,108"/><U80/><E118/><V105/><F119/><W11/><G108/><T34/><D39/><U76/><E107/><V122/><F69/><W36/><G36/><T92/><D3/><U10/><E127/><V58/><F42/><W91/><G130/><T18/><D113/><U21/><E87/><V41/><F41/><W61/><G132/><N who="1" m="50730" /><E29/><V111/><F111/><W13/><G103/><T112/><D112/><U2/><AGARI ba="5,3" hai="2,4,6,9,10,15,21,22,73,76,80" m="50730" machi="2" ten="30,3000,0" yaku="20,1,52,1" doraHai="106" who="1" fromWho="1" sc="250,-15,204,75,185,-15,331,-15" /><INIT seed="5,6,0,0,1,66" ten="235,279,170,316" oya="1" hai0="100,89,131,114,122,52,8,39,95,80,62,83,130" hai1="125,65,73,53,60,74,108,3,24,92,67,94,79" hai2="43,2,22,97,124,64,104,135,110,41,25,32,112" hai3="126,1,90,17,118,132,0,10,86,75,133,111,96"/><U44/><E3/><V70/><F2/><W20/><G75/><T26/><D39/><U29/><E125/><V31/><F110/><W129/><G126/><T103/><D8/><U42/><E53/><V18/><F124/><W30/><G118/><T27/><D27/><U68/><E67/><V4/><F4/><W98/><G111/><T23/><D114/><U6/><E6/><V33/><F135/><N who="3" m="51787" /><G129/><N who="0" m="49163" /><D122/><U36/><E108/><V117/><F117/><W84/><G84/><T99/><D83/><U81/><REACH who="1" step="1"/><E74/><REACH who="1" ten="235,269,170,316" step="2"/><V12/><F112/><W58/><G1/><T56/><D80/><U19/><E19/><AGARI ba="6,1" hai="19,23,26,52,56,62,89,95,99,100,103" m="49163" machi="19" ten="30,3900,0" yaku="25,1,19,1,54,1" doraHai="66" who="0" fromWho="1" sc="235,67,269,-57,170,0,316,0" /><INIT seed="6,0,0,5,0,65" ten="302,212,170,316" oya="2" hai0="26,0,114,14,112,119,81,107,38,93,72,7,2" hai1="115,129,124,113,90,52,21,49,133,125,127,17,36" hai2="97,100,25,80,116,6,41,75,88,18,28,3,55" hai3="20,102,42,105,54,24,134,135,56,123,78,120,29"/><V110/><F116/><W85/><G42/><T62/><D107/><U96/><E36/><V98/><F110/><W19/><G102/><T58/><D38/><U79/><E79/><V104/><F41/><W16/><G105/><T94/><D26/><N who="1" m="14639" /><E133/><N who="3" m="50698" /><G78/><N who="0" m="44231" /><D14/><U73/><E73/><V31/><F75/><W86/><G19/><T70/><D70/><U57/><E129/><V132/><F132/><W77/><G29/><T130/><D130/><U66/><E66/><V5/><F55/><W10/><G10/><N who="0" m="2407" /><D2/><U95/><AGARI ba="0,0" hai="49,52,57,90,95,96,113,115,124,125,127" m="14639" machi="95" ten="40,2700,0" yaku="18,1,54,1" doraHai="65" who="1" fromWho="1" sc="302,-7,212,27,170,-13,316,-7" /><INIT seed="7,0,0,0,3,108" ten="295,239,157,309" oya="3" hai0="54,38,63,113,105,126,45,29,101,99,47,79,115" hai1="120,77,41,81,48,27,70,89,9,85,111,26,11" hai2="69,71,5,56,103,98,135,130,44,8,110,67,23" hai3="118,0,66,75,57,72,119,39,28,88,55,114,3"/><W59/><G39/><T109/><D109/><U96/><E120/><V35/><F130/><W32/><G66/><T53/><D126/><U74/><E70/><V20/><F135/><W19/><G28/><T6/><D79/><U31/><E111/><V49/><F35/><W131/><G32/><T22/><D6/><U91/><E91/><V102/><F110/><W12/><G131/><T16/><D29/><U100/><E48/><V33/><F33/><W40/><G40/><T58/><D53/><U42/><E42/><V36/><F36/><W46/><G46/><T17/><D17/><U97/><E97/><V1/><F71/><W133/><G133/><T13/><D38/><U52/><E52/><V82/><F69/><W87/><G75/><T68/><D68/><U128/><E41/><V127/><F82/><W121/><G72/><T90/><D90/><U93/><E128/><V76/><F76/><W116/><G121/><T61/><D61/><U106/><E27/><V51/><F127/><W92/><G57/><T62/><D62/><U25/><E25/><V84/><F84/><W129/><G129/><T21/><D21/><AGARI ba="0,0" hai="9,11,21,26,31,74,77,81,85,89,93,96,100,106" machi="21" ten="30,3900,0" yaku="7,1,24,2" doraHai="108" who="1" fromWho="0" sc="295,-39,239,39,157,0,309,0" owari="256,-14.0,278,8.0,157,-34.0,309,40.0" /></mjloggm>