<mjloggm ver="2.3"><GO type="169" lobby="0"/><UN n0="%E3%81%97%E3%81%A1%E3%81%8B%E3%81%97%E3%82%85%E3%81%8F" n1="%79%61%66%75%74%65%6E" n2="%67%61%7A%79%75" n3="%E3%82%A6%E3%83%AB%E3%83%88%E3%83%A9%E7%AB%8B%E7%9B%B4" dan="17,16,16,18" rate="2224.61,2072.34,2071.11,2256.51" sx="M,M,M,M"/><TAIKYOKU oya="0"/><INIT seed="0,0,0,2,1,69" ten="250,250,250,250" oya="0" hai0="121,68,134,101,47,22,27,90,34,11,44,74,43" hai1="105,2,79,124,89,45,1,107,13,128,114,97,106" hai2="38,80,59,30,7,122,95,9,110,3,73,132,87" hai3="126,119,18,4,14,93,50,108,53,56,88,20,112"/><T17/><D121/><U71/><E71/><V21/><F122/><W52/><G112/><T133/><D68/><U19/><E114/><V91/><F132/><N who="0" m="50794" /><D74/><U33/><E33/><V72/><F110/><W10/><G108/><T123/><D123/><U16/><E128/><V5/><F5/><W6/><G126/><T31/><D101/><U84/><E124/><V62/><F30/><W86/><G119/><T118/><D118/><U98/><E79/><V66/><F21/><W0/><G0/><T78/><D78/><U115/><E115/><V83/><F83/><W75/><G75/><T12/><D90/><U26/><E26/><V65/><F65/><W99/><G10/><T61/><D61/><U131/><E131/><V39/><F73/><W28/><G28/><T77/><D77/><U70/><E70/><V63/><F63/><N who="3" m="36231" /><G99/><T92/><D92/><U85/><E98/><V109/><F109/><W113/><G113/><T116/><D116/><U96/><E105/><V42/><F42/><W35/><G35/><T15/><D43/><U104/><E106/><V130/><F130/><W129/><G129/><T23/><D34/><U117/><E117/><V25/><F25/><W24/><G24/><T48/><D48/><U102/><E102/><V37/><F72/><W94/><G94/><T54/><D54/><U135/><E135/><V60/><F95/><W40/><G40/><T111/><D111/><U8/><E107/><V49/><F62/><W76/><G76/><T32/><D32/><U100/><E104/><V46/><F49/><W120/><G120/><T67/><D67/><RYUUKYOKU ba="0,0" sc="250,10,250,-30,250,10,250,10" hai0="11,12,15,17,22,23,27,31,44,47" hai2="3,7,9,37,38,39,46,59,60,66,80,87,91" hai3="4,6,14,18,20,50,53,86,88,93" /><INIT seed="0,1,0,0,2,55" ten="260,220,260,260" oya="0" hai0="25,78,76,46,61,26,40,65,128,58,4,93,68" hai1="72,114,73,90,85,101,49,123,20,38,32,30,43" hai2="29,131,6,116,105,16,112,8,98,66,111,84,113" hai3="104,0,59,2,135,36,69,91,23,34,22,12,127"/><T33/><D128/><U48/><E32/><V15/><F66/><W88/><G69/><T54/><D4/><U89/><E123/><V21/><F84/><W110/><G34/><T52/><D54/><U47/><E114/><V71/><F71/><W108/><G36/><T87/><D93/><U96/><E72/><V107/><F98/><W97/><G127/><T70/><D70/><U7/><E73/><V115/><F105/><W31/><G135/><T100/><D100/><U81/><E7/><V37/><F107/><W124/><G124/><T63/><D33/><U62/><E62/><V39/><F131/><W45/><G45/><T79/><REACH who="0" step="1"/><D87/><REACH who="0" ten="250,220,260,260" step="2"/><U86/><E86/><V94/><F94/><W132/><G104/><T129/><D129/><U24/><REACH who="1" step="1"/><E90/><REACH who="1" ten="250,210,260,260" step="2"/><V64/><F112/><W51/><G91/><T125/><D125/><U95/><AGARI ba="1,2" hai="20,24,30,38,43,47,48,49,81,85,89,95,96,101" machi="95" ten="20,5200,0" yaku="1,1,2,1,0,1,7,1,53,0" doraHai="55" doraHaiUra="75" who="1" fromWho="1" sc="250,-27,210,75,260,-14,260,-14" /><INIT seed="1,0,0,4,0,73" ten="223,285,246,246" oya="1" hai0="11,92,84,116,61,101,53,97,7,30,107,39,5" hai1="122,93,74,18,87,65,120,16,90,110,25,100,79" hai2="63,67,113,40,124,38,111,33,126,29,8,133,3" hai3="60,35,77,62,66,48,115,57,131,86,19,81,105"/><U47/><E65/><V99/><F113/><W34/><G115/><T119/><D39/><U4/><E4/><N who="2" m="1055" /><F111/><W9/><G131/><T15/><D5/><U1/><E1/><V27/><F99/><W6/><G105/><T69/><D30/><U85/><E110/><V44/><F133/><W37/><G37/><T68/><D53/><U64/><E64/><V134/><F134/><W32/><G19/><T78/><D107/><U22/><E100/><V31/><F31/><W95/><G95/><T88/><D101/><U10/><E74/><V132/><F132/><W45/><G62/><T51/><D51/><U102/><E102/><V59/><F59/><W23/><G23/><T123/><D123/><U26/><E47/><V71/><AGARI ba="0,0" hai="27,29,33,38,40,44,63,67,71,124,126" m="1055" machi="71" ten="30,1100,0" yaku="23,1" doraHai="73" who="2" fromWho="2" sc="223,-3,285,-5,246,11,246,-3" /><INIT seed="2,0,0,3,1,18" ten="220,280,257,243" oya="2" hai0="39,54,56,7,28,135,16,103,5,134,110,29,0" hai1="90,42,78,6,66,73,89,83,10,86,58,14,125" hai2="88,128,67,3,70,33,44,94,124,64,76,84,92" hai3="35,87,74,32,85,62,69,53,95,96,77,100,38"/><V24/><F3/><W21/><G38/><T105/><D39/><U127/><E42/><V101/><F33/><W107/><G87/><T4/><D0/><U119/><E119/><V111/><F70/><W99/><G99/><N who="0" m="61695" /><D110/><U45/><E45/><V8/><F8/><W120/><G120/><T43/><D43/><U91/><REACH who="1" step="1"/><E73/><REACH who="1" ten="220,270,257,243" step="2"/><V15/><F44/><W121/><G121/><T48/><D135/><U109/><E109/><V133/><F111/><W114/><G74/><T126/><D134/><U11/><E11/><V131/><F133/><W9/><G9/><T68/><D126/><U115/><E115/><V71/><F124/><W51/><G114/><T57/><D68/><U34/><E34/><V132/><F132/><W47/><G35/><T65/><D57/><U75/><E75/><V116/><F116/><W59/><G32/><T55/><D56/><U97/><E97/><N who="2" m="59559" /><F71/><W19/><G69/><T41/><D41/><U17/><E17/><V40/><F40/><W98/><G98/><T2/><D16/><U60/><AGARI ba="0,1" hai="6,10,14,58,60,66,78,83,86,89,90,91,125,127" machi="60" ten="30,2000,0" yaku="1,1,0,1,53,0" doraHai="18" doraHaiUra="102" who="1" fromWho="1" sc="220,-5,270,30,257,-10,243,-5" /><INIT seed="3,0,0,0,3,64" ten="215,300,247,238" oya="3" hai0="35,65,66,96,41,123,124,52,99,116,133,6,135" hai1="114,27,23,76,58,87,103,49,32,36,69,107,105" hai2="98,122,11,15,24,51,85,4,79,75,88,73,77" hai3="125,17,95,59,0,48,111,106,72,100,9,83,121"/><W68/><G121/><T21/><D123/><U55/><E114/><V2/><F122/><W47/><G106/><T86/><D35/><U74/><E32/><V12/><F73/><W62/><G125/><T129/><D116/><U71/><E74/><V8/><F75/><W14/><G0/><T102/><D41/><U31/><E36/><V56/><F2/><W42/><G111/><T70/><D129/><U54/><E54/><N who="2" m="31839" /><F98/><W61/><G100/><T63/><D66/><U33/><E33/><V1/><F24/><W7/><G95/><T18/><D6/><U5/><E5/><N who="2" m="3087" /><F1/><W40/><G40/><T132/><D124/><U118/><E118/><V108/><F108/><W101/><G101/><T92/><D99/><U45/><E58/><V53/><F53/><W16/><G68/><T22/><D18/><U82/><REACH who="1" step="1"/><E103/><REACH who="1" ten="215,290,247,238" step="2"/><V90/><F90/><W26/><G61/><N who="0" m="40239" /><D86/><U19/><E19/><V119/><F119/><W13/><G62/><T97/><D97/><U57/><E57/><AGARI ba="0,1" hai="21,22,52,57,63,92,96,102,132,133,135" m="40239" machi="57" ten="30,3900,0" yaku="20,1,52,1,54,1" doraHai="64" who="0" fromWho="1" sc="215,49,290,-39,247,0,238,0" /><INIT seed="4,0,0,5,1,22" ten="264,251,247,238" oya="0" hai0="20,2,54,51,124,72,121,94,53,84,114,57,21" hai1="78,52,26,89,69,44,118,8,61,47,0,50,106" hai2="107,99,13,105,16,30,126,122,92,85,1,14,18" hai3="6,59,115,83,37,75,109,123,5,112,131,79,125"/><T135/><D121/><U116/><E106/><V117/><F122/><W12/><G123/><T101/><D72/><U97/><E78/><V98/><F1/><W77/><G109/><T15/><D2/><U56/><E69/><V58/><F30/><W7/><G37/><T81/><D114/><N who="3" m="43561" /><G79/><T17/><D135/><U40/><E47/><V60/><F117/><W48/><G131/><T70/><D70/><U55/><E40/><V74/><F74/><W42/><G125/><T103/><D124/><U87/><E97/><N who="2" m="36875" /><F126/><W134/><G134/><T29/><D94/><U86/><E86/><V4/><F4/><W82/><G82/><T104/><D104/><U80/><E0/><V11/><F105/><W10/><G59/><T23/><D53/><U111/><E111/><V24/><F107/><W62/><G62/><T120/><D120/><U130/><E130/><V67/><F92/><W90/><G90/><N who="0" m="51471" /><D29/><U66/><E55/><V36/><F85/><W34/><G34/><T35/><D35/><U64/><E64/><V76/><F76/><W45/><AGARI ba="0,0" hai="5,6,7,10,12,42,45,48,75,77,83" m="43561" machi="45" ten="30,1100,0" yaku="15,1" doraHai="22" who="3" fromWho="3" sc="264,-5,251,-3,247,-3,238,11" /><INIT seed="5,0,0,5,5,1" ten="259,248,244,249" oya="1" hai0="33,79,21,106,8,118,96,84,43,25,83,111,19" hai1="55,52,132,10,37,27,116,18,85,44,129,42,125" hai2="64,7,28,31,119,59,32,20,77,78,39,57,100" hai3="24,127,131,130,48,47,6,45,102,23,73,109,30"/><U88/><E116/><V66/><F119/><W46/><G73/><T36/><D118/><U105/><E105/><V34/><F20/><W26/><G109/><T41/><D111/><U104/><E104/><V70/><F39/><W108/><G108/><T38/><D33/><U14/><E125/><V121/><F100/><W13/><G127/><T22/><D38/><U74/><E74/><V51/><F51/><W11/><G102/><T134/><D134/><U115/><E115/><V103/><F103/><W12/><G26/><T123/><D106/><U91/><E129/><N who="3" m="49162" /><G13/><T65/><D96/><U60/><E132/><V61/><F61/><W4/><G48/><T86/><D123/><U0/><E0/><V97/><F97/><W90/><G90/><T126/><D86/><U49/><E37/><V71/><F121/><W99/><G99/><T135/><D135/><U76/><E27/><V114/><F114/><W133/><G133/><T122/><D122/><U98/><E98/><V101/><F101/><W63/><G63/><T3/><D126/><U54/><REACH who="1" step="1"/><E60/><REACH who="1" ten="259,238,244,249" step="2"/><V29/><F29/><W17/><AGARI ba="0,1" hai="4,6,11,12,17,23,24,30,45,46,47" m="49162" machi="17" ten="30,4000,0" yaku="19,1,52,2" doraHai="1" who="3" fromWho="3" sc="259,-10,238,-20,244,-10,249,50" /><INIT seed="6,0,0,0,4,124" ten="249,218,234,299" oya="2" hai0="37,91,34,65,120,122,48,39,133,28,86,115,126" hai1="114,93,36,116,88,72,64,31,40,4,58,20,61" hai2="104,82,15,8,87,70,74,131,41,84,101,10,107" hai3="100,85,59,135,24,134,111,83,16,52,94,121,2"/><V49/><F70/><W79/><G2/><T7/><D7/><U3/><E116/><V13/><F131/><W110/><G121/><T108/><D108/><U18/><E72/><V123/><F123/><W75/><G100/><T118/><D65/><U9/><E114/><V19/><F74/><W73/><G94/><T113/><D126/><U68/><E31/><V46/><F87/><W60/><G85/><T81/><D133/><N who="3" m="50697" /><G75/><T129/><D118/><U43/><E36/><N who="0" m="13897" /><D48/><U99/><REACH who="1" step="1"/><E68/><REACH who="1" ten="249,208,234,299" step="2"/><V130/><F130/><W98/><G73/><T29/><D129/><U128/><E128/><V78/><REACH who="2" step="1"/><F101/><REACH who="2" ten="249,208,224,299" step="2"/><W76/><G111/><T97/><D122/><U62/><E62/><V50/><F50/><W105/><G110/><T38/><D38/><U132/><E132/><V56/><F56/><W44/><G59/><T35/><D120/><U55/><E55/><V95/><F95/><W89/><G60/><T112/><D112/><U106/><E106/><V1/><F1/><W26/><G52/><T69/><D69/><U80/><E80/><V17/><AGARI ba="0,2" hai="8,10,13,15,17,19,41,46,49,78,82,84,104,107" machi="17" ten="20,7800,0" yaku="1,1,0,1,7,1,9,1,53,0" doraHai="124" doraHaiUra="92" who="2" fromWho="2" sc="249,-26,208,-26,224,98,299,-26" /><INIT seed="6,1,0,4,2,50" ten="223,182,322,273" oya="2" hai0="75,62,57,45,43,71,131,68,97,65,117,39,14" hai1="58,96,78,130,124,26,118,66,23,21,37,107,29" hai2="11,41,111,109,52,28,13,36,27,59,3,40,87" hai3="61,102,1,5,99,48,42,83,127,20,80,19,7"/><V129/><F3/><W94/><G127/><T135/><D75/><U115/><E118/><V22/><F36/><W88/><G61/><T128/><D97/><U46/><E124/><V112/><F87/><N who="3" m="50303" /><G80/><T18/><D135/><U85/><E130/><N who="0" m="49705" /><D117/><U32/><E115/><V12/><F112/><W84/><G84/><T72/><D72/><U122/><E122/><V100/><F100/><W69/><G69/><N who="0" m="26699" /><D14/><N who="2" m="5738" /><F11/><W126/><G1/><T30/><D30/><U17/><E78/><V49/><F129/><W56/><G126/><T134/><D134/><U114/><E114/><V79/><F79/><W108/><G108/><AGARI ba="1,0" hai="22,27,28,40,41,49,52,59,108,109,111" m="5738" machi="108" ten="30,5800,0" yaku="10,1,52,1,54,1" doraHai="50" who="2" fromWho="3" sc="223,0,182,0,322,61,273,-61" /><INIT seed="6,2,0,1,5,85" ten="223,182,383,212" oya="2" hai0="89,45,115,66,12,57,129,84,11,105,30,19,58" hai1="48,132,108,37,0,124,50,93,97,7,27,91,131" hai2="72,24,65,73,78,29,69,96,113,94,3,9,54" hai3="20,123,35,36,43,74,112,56,44,21,61,4,17"/><V53/><F65/><W109/><G35/><T42/><D105/><U51/><E108/><V49/><F69/><W63/><G123/><T101/><D101/><U59/><E132/><V103/><F54/><W104/><G104/><T13/><D115/><U67/><E131/><V127/><F78/><W38/><G109/><T99/><D99/><U77/><E124/><V116/><F116/><W6/><G74/><T110/><D110/><U39/><E77/><V68/><F113/><W95/><G112/><T75/><D75/><U34/><E0/><V60/><F60/><W102/><G38/><T114/><D114/><U100/><E7/><V2/><F68/><W33/><G33/><T125/><D129/><U81/><E81/><V22/><F2/><W118/><G21/><T106/><D106/><U40/><E40/><V86/><F86/><W55/><G63/><T23/><D66/><U117/><E117/><V70/><F70/><W16/><G17/><N who="0" m="8351" /><D30/><U128/><E128/><V120/><F127/><W119/><G119/><T64/><D64/><U47/><E47/><V18/><F120/><W10/><G10/><T107/><D107/><U82/><E82/><V76/><F9/><W79/><G79/><T130/><D125/><U121/><E121/><V126/><F126/><W92/><G118/><T41/><D130/><U1/><E1/><V88/><F3/><W32/><G32/><T111/><D111/><U28/><E100/><V71/><F72/><W15/><G102/><T83/><D42/><U134/><E134/><V8/><F73/><W90/><G95/><T135/><D135/><RYUUKYOKU ba="2,0" sc="223,10,182,10,383,-30,212,10" hai0="13,19,23,41,45,57,58,83,84,89" hai1="27,28,34,37,39,48,50,51,59,67,91,93,97" hai3="4,6,15,16,20,36,43,44,55,56,61,90,92" /><INIT seed="7,3,0,0,0,103" ten="233,192,353,222" oya="3" hai0="126,91,25,99,50,4,59,53,85,102,87,84,123" hai1="1,16,28,57,127,11,21,86,106,107,44,14,83" hai2="88,55,61,122,67,33,90,77,124,12,60,51,109" hai3="23,121,45,37,52,112,93,78,48,13,101,132,24"/><W98/><G121/><T46/><D123/><U5/><E127/><V68/><F33/><W26/><G112/><T64/><D126/><U65/><E44/><V79/><F109/><W41/><G132/><T95/><D4/><U58/><E28/><V2/><F2/><W6/><G78/><T81/><D25/><U71/><E71/><V89/><F124/><W119/><G119/><T129/><D129/><U94/><E94/><V42/><F42/><W128/><G128/><T0/><D0/><U17/><E17/><V75/><F75/><W8/><REACH who="3" step="1"/><G23/><REACH who="3" ten="233,192,353,212" step="2"/><T70/><D70/><U73/><E73/><V131/><F122/><W113/><G113/><T92/><D81/><U72/><E72/><V100/><F131/><W29/><G29/><T116/><D116/><U54/><E65/><V19/><F68/><W80/><G80/><T30/><D30/><U49/><E58/><AGARI ba="3,1" hai="6,8,13,24,26,37,41,45,48,52,58,93,98,101" machi="58" ten="30,5800,0" yaku="1,1,7,1,54,1,53,0" doraHai="103" doraHaiUra="18" who="3" fromWho="1" sc="233,0,192,-67,353,0,212,77" /><INIT seed="7,4,0,5,2,65" ten="233,125,353,289" oya="3" hai0="20,80,89,103,2,6,124,98,36,130,88,45,12" hai1="73,51,41,18,106,49,135,15,58,120,133,126,94" hai2="4,52,66,29,118,9,42,1,26,71,62,87,39" hai3="111,17,79,3,112,55,121,95,90,117,115,119,47"/><W8/><G47/><T123/><D123/><U83/><E120/><V31/><F52/><W93/><G121/><T91/><D124/><U40/><E106/><V59/><F118/><W14/><G79/><T44/><D2/><U134/><E94/><V105/><F59/><W56/><G3/><T43/><D130/><U97/><E97/><V128/><F29/><W13/><G111/><T76/><D45/><U54/><E73/><V129/><F105/><W28/><G28/><T46/><D46/><U22/><E83/><V110/><F42/><W77/><G77/><T113/><D113/><N who="3" m="43593" /><G14/><T50/><D36/><U61/><E126/><V32/><F39/><W75/><G75/><T0/><D0/><U48/><E15/><V125/><F125/><W21/><G8/><N who="0" m="4119" /><D20/><U10/><E10/><V70/><F87/><N who="3" m="52447" /><G95/><N who="0" m="58847" /><D76/><U64/><E18/><V7/><F7/><W5/><G5/><T11/><D11/><U107/><E22/><V24/><F24/><W86/><G86/><AGARI ba="4,0" hai="43,44,50,80,86,88,89,91" m="58847,4119" machi="86" ten="30,2000,0" yaku="8,1,54,1" doraHai="65" who="0" fromWho="3" sc="233,32,125,0,353,0,289,-32" owari="265,7.0,125,-37.0,353,44.0,257,-14.0" /></mjloggm>