<mjloggm ver="2.3"><GO type="169" lobby="0"/><UN n0="%E7%B7%92%E6%96%B9%E6%99%BA%E7%B5%B5%E9%87%8C%2B" n1="%73%69%72%6F%75%75%75" n2="%E3%82%A6%E3%83%AB%E3%83%88%E3%83%A9%E7%AB%8B%E7%9B%B4" n3="%55%4E%4B%4F%63%68%61%6E" dan="16,16,18,17" rate="2074.97,2135.87,2215.30,2209.59" sx="M,M,M,M"/><TAIKYOKU oya="0"/><INIT seed="0,0,0,5,2,98" ten="250,250,250,250" oya="0" hai0="120,11,4,29,99,26,107,18,27,59,80,28,35" hai1="53,68,15,76,74,56,115,113,71,65,102,75,1" hai2="95,128,119,7,32,66,86,36,47,34,94,8,92" hai3="24,110,93,16,10,124,121,62,105,61,78,91,20"/><T30/><D120/><U73/><E1/><V103/><F128/><W114/><G114/><N who="1" m="43530" /><E65/><V55/><F119/><W63/><G121/><T67/><D67/><U17/><E76/><V127/><F66/><W0/><G110/><T126/><D126/><U52/><E102/><V6/><F103/><W19/><G105/><T118/><D118/><U125/><E125/><V106/><F106/><W44/><G78/><T132/><D132/><U40/><E40/><V21/><F86/><W22/><G124/><T116/><D116/><U23/><E53/><V90/><F90/><W108/><G108/><T58/><D99/><U57/><E57/><V2/><F55/><W70/><G44/><T72/><D107/><U9/><E9/><V88/><F88/><W41/><G41/><T45/><D45/><U85/><E85/><V25/><F47/><W13/><G70/><T60/><D59/><U104/><E104/><V112/><F112/><W81/><G81/><T37/><D37/><U39/><E39/><V42/><F42/><W3/><REACH who="3" step="1"/><G10/><REACH who="3" ten="250,250,250,240" step="2"/><T129/><D80/><U50/><AGARI ba="0,1" hai="15,17,23,50,52,56,68,71,73,74,75" m="43530" machi="50" ten="40,2700,0" yaku="11,1,54,1" doraHai="98" who="1" fromWho="1" sc="250,-13,250,37,250,-7,240,-7" /><INIT seed="1,0,0,2,5,79" ten="237,287,243,233" oya="1" hai0="95,57,8,120,101,34,78,20,41,129,36,53,104" hai1="80,107,21,28,10,75,135,44,127,99,123,23,85" hai2="40,67,29,22,68,130,35,19,18,98,66,0,4" hai3="12,17,125,103,76,121,39,58,31,100,96,133,92"/><U118/><E123/><V33/><F40/><W60/><G121/><T82/><D120/><U117/><E75/><V26/><F68/><W77/><G133/><T134/><D34/><N who="2" m="12810" /><F98/><W24/><G125/><T111/><D134/><U15/><E135/><V52/><F52/><W37/><G100/><T73/><D129/><U93/><E107/><V42/><F42/><W108/><G108/><T126/><D111/><U86/><E86/><V106/><F67/><W46/><G46/><T87/><D126/><U3/><E127/><V90/><F90/><W89/><G89/><N who="0" m="53695" /><D8/><U131/><E131/><V50/><F50/><W27/><G39/><T59/><D20/><U2/><E117/><V5/><F66/><W49/><G49/><T9/><D9/><U70/><E70/><V113/><F106/><W81/><G37/><T54/><D41/><U65/><E118/><V132/><F132/><W16/><G31/><T25/><D25/><U11/><E65/><V7/><F130/><W105/><G105/><T69/><D69/><U6/><E44/><V30/><F113/><W64/><G17/><N who="2" m="6153" /><F30/><W128/><G128/><T47/><D36/><U71/><E28/><V83/><F83/><W13/><G81/><T88/><D88/><U14/><E71/><V116/><F116/><W74/><G74/><T91/><D91/><N who="1" m="53487" /><E80/><V110/><F110/><W55/><G76/><T43/><D43/><U72/><E99/><V84/><F84/><W1/><G77/><T56/><D47/><U124/><E72/><V63/><F0/><N who="1" m="41" /><E124/><V122/><F122/><W61/><G1/><T32/><D32/><RYUUKYOKU ba="0,0" sc="237,10,287,10,243,10,233,-30" hai0="53,54,56,57,59,73,78,82,101,104" hai1="6,10,11,14,15,21,23" hai2="4,5,7,22,26,29,63" /><INIT seed="1,1,0,2,2,17" ten="247,297,253,203" oya="1" hai0="42,72,29,79,131,104,117,66,115,81,83,18,96" hai1="124,32,88,92,100,2,14,22,64,93,126,105,0" hai2="75,119,125,110,51,30,97,70,19,40,85,59,127" hai3="86,106,47,37,95,34,5,54,36,35,82,7,9"/><U49/><E32/><V134/><F75/><W89/><G106/><T90/><D117/><U23/><E64/><V39/><F70/><W3/><G7/><T46/><D115/><U21/><E14/><V109/><F119/><W4/><G4/><T63/><D131/><U77/><E77/><V55/><F30/><W8/><G8/><T108/><D108/><N who="2" m="41578" /><F97/><W129/><G129/><T41/><D104/><U71/><E71/><V67/><F85/><W87/><G37/><T28/><D18/><U61/><E61/><N who="2" m="38335" /><F19/><W60/><G60/><T58/><D41/><U13/><E13/><V122/><F122/><W38/><G38/><T1/><D1/><U84/><E105/><V26/><F26/><W107/><G36/><T111/><D111/><U135/><E49/><V11/><F11/><W91/><G107/><T69/><D69/><U68/><E68/><V25/><F25/><W20/><G35/><T99/><D99/><N who="1" m="59495" /><E135/><V44/><F134/><W43/><G34/><T114/><D114/><U101/><E101/><V33/><F33/><W45/><G9/><T73/><D73/><U112/><E112/><V10/><F10/><W74/><G74/><T103/><D103/><U52/><E52/><V116/><F116/><W121/><G54/><T130/><D130/><U80/><E93/><V16/><F16/><W98/><G95/><N who="0" m="56439" /><D83/><U133/><E133/><V113/><F113/><W31/><G82/><T123/><D123/><U62/><E62/><V24/><F24/><W15/><G121/><T118/><D118/><U27/><E27/><V76/><F76/><W6/><G6/><RYUUKYOKU ba="1,0" sc="247,10,297,10,253,10,203,-30" hai0="28,29,42,46,58,63,66,72,79,81" hai1="0,2,21,22,23,80,84,88,124,126" hai2="39,40,44,51,55,125,127" /><INIT seed="1,2,0,0,1,115" ten="257,307,263,173" oya="1" hai0="133,95,117,127,7,72,22,45,58,88,104,119,77" hai1="26,74,46,34,113,4,91,5,44,130,89,36,43" hai2="51,3,135,31,11,105,68,65,94,56,75,109,85" hai3="28,79,0,99,17,9,121,97,73,66,23,132,90"/><U76/><E113/><V8/><F75/><W47/><G121/><T108/><D104/><U33/><E130/><V41/><F105/><W70/><G132/><T64/><D7/><U71/><E71/><V29/><F68/><W14/><G90/><T21/><D133/><U125/><E125/><V98/><F109/><W55/><G66/><T48/><D77/><U82/><E4/><V37/><F37/><W123/><G123/><T59/><D72/><U116/><E116/><V118/><F118/><W114/><G70/><T129/><D108/><U83/><E46/><N who="2" m="26063" /><F85/><W92/><G92/><T1/><D1/><U40/><E40/><V103/><F3/><W10/><G0/><T20/><D129/><U78/><E5/><V110/><F110/><W126/><G126/><T16/><D127/><U35/><REACH who="1" step="1"/><E26/><REACH who="1" ten="257,297,263,173" step="2"/><V12/><F135/><W63/><G114/><T67/><D119/><U93/><E93/><V62/><F12/><W6/><G14/><T57/><D117/><U42/><E42/><V2/><F2/><W15/><G15/><T124/><D124/><U50/><E50/><V120/><F120/><W13/><G13/><T96/><D45/><U111/><E111/><V87/><F8/><W54/><G10/><T69/><D69/><U25/><E25/><V18/><F11/><W100/><G9/><T39/><D39/><U107/><E107/><V112/><F112/><W52/><G47/><T38/><D38/><U80/><E80/><V27/><F27/><W53/><G6/><T61/><D48/><U24/><E24/><V122/><F122/><W86/><G23/><RYUUKYOKU ba="2,1" sc="257,-10,297,30,263,-10,173,-10" hai1="33,34,35,36,43,44,74,76,78,82,83,89,91" /><INIT seed="1,3,1,5,1,44" ten="247,327,253,163" oya="1" hai0="60,120,115,73,45,80,23,4,27,89,18,70,30" hai1="55,119,99,72,93,22,113,97,65,21,64,14,112" hai2="51,125,90,26,29,38,127,33,83,91,77,3,57" hai3="85,134,58,19,78,117,48,110,105,54,9,39,53"/><U129/><E119/><V11/><F38/><W52/><G117/><T25/><D115/><U100/><E72/><V94/><F3/><W75/><G75/><T47/><D4/><U6/><E129/><V86/><F11/><W13/><G110/><T87/><D120/><U121/><E121/><V12/><F12/><W36/><G134/><T82/><D70/><U107/><E113/><V126/><F94/><W76/><G105/><T116/><D116/><U49/><E112/><V98/><F98/><W71/><G71/><T5/><D5/><U104/><E104/><V96/><F96/><W34/><G34/><T16/><D60/><U46/><E22/><V56/><F56/><W66/><G66/><T43/><D47/><U130/><E130/><V8/><F8/><W103/><G103/><T59/><D59/><U101/><REACH who="1" step="1"/><E21/><REACH who="1" ten="247,317,253,163" step="2"/><V79/><F127/><W41/><G39/><T95/><D73/><U2/><E2/><V81/><F126/><W92/><G36/><T118/><D118/><U114/><E114/><V84/><F125/><W24/><G24/><T17/><REACH who="0" step="1"/><D27/><REACH who="0" ten="237,317,253,163" step="2"/><U40/><E40/><V102/><F26/><W108/><G41/><T61/><D61/><U1/><E1/><V88/><F33/><W68/><G68/><T20/><D20/><U42/><E42/><V35/><F35/><W111/><G111/><T62/><D62/><U133/><E133/><V122/><F122/><W106/><G108/><T32/><D32/><U124/><E124/><V28/><F28/><W69/><G69/><T132/><D132/><U123/><E123/><V63/><F29/><RYUUKYOKU ba="3,3" sc="237,15,317,15,253,-15,163,-15" hai0="16,17,18,23,25,30,43,45,80,82,87,89,95" hai1="6,14,46,49,55,64,65,93,97,99,100,101,107" /><INIT seed="1,4,3,2,0,89" ten="252,332,238,148" oya="1" hai0="27,33,115,51,52,41,7,124,6,23,80,122,82" hai1="96,65,91,72,69,73,123,59,34,64,16,108,99" hai2="22,75,18,77,17,112,84,9,111,47,117,38,43" hai3="55,103,3,133,87,74,78,50,68,37,88,70,101"/><U86/><E123/><V79/><F117/><W71/><G37/><T113/><D33/><U102/><E34/><V15/><F111/><W132/><G3/><T8/><D122/><U49/><E69/><V105/><F112/><W1/><G1/><T25/><D124/><U14/><E108/><V32/><F75/><W135/><G78/><T44/><D113/><U48/><E73/><V56/><F32/><W116/><G74/><T76/><D115/><U126/><E72/><V45/><F105/><W12/><G12/><N who="0" m="5143" /><D7/><U119/><E126/><V67/><F47/><N who="3" m="28127" /><G116/><T93/><D76/><U97/><E102/><V121/><F121/><W35/><G35/><T94/><D41/><U127/><E127/><V61/><F84/><W95/><AGARI ba="4,3" hai="68,70,71,87,88,95,101,103,132,133,135" m="28127" machi="95" ten="40,5200,0" yaku="20,1,52,1,54,1" doraHai="89" who="3" fromWho="3" sc="252,-17,332,-30,238,-17,148,94" /><INIT seed="2,0,0,4,0,38" ten="235,302,221,242" oya="2" hai0="33,9,76,105,127,45,116,100,39,29,131,132,83" hai1="75,5,58,34,36,80,103,7,88,6,78,68,108" hai2="60,104,3,0,19,96,130,52,111,22,110,120,67" hai3="11,119,18,37,54,20,98,115,124,99,48,87,129"/><V81/><F120/><W94/><G119/><T123/><D123/><U57/><E68/><V122/><F122/><W128/><G37/><T97/><D116/><U102/><E34/><V23/><F130/><N who="3" m="50283" /><G11/><T113/><D131/><U32/><E32/><V14/><F81/><W118/><G124/><T91/><D127/><U61/><E36/><V31/><F67/><W4/><G4/><T16/><D113/><U85/><E108/><N who="2" m="41515" /><F96/><W42/><G118/><T66/><D66/><U72/><E58/><N who="2" m="34887" /><F104/><W62/><G87/><T93/><D132/><U26/><E75/><V64/><F64/><W27/><G98/><T125/><D125/><U56/><E56/><V74/><F74/><W69/><G69/><T43/><D33/><U71/><E71/><V50/><F50/><W30/><G62/><T47/><D47/><U2/><E72/><V17/><F31/><W46/><G115/><T79/><D29/><U8/><E102/><V101/><F101/><N who="3" m="60663" /><G30/><T135/><D135/><U41/><E103/><V106/><F106/><W21/><G54/><T86/><D105/><U24/><E78/><V84/><F84/><W109/><G109/><T121/><D121/><U35/><E85/><V82/><F82/><W49/><G49/><T10/><D79/><U63/><E61/><V117/><F117/><W12/><G48/><T51/><D39/><U13/><E63/><V44/><F44/><W59/><G46/><T112/><D112/><U65/><E65/><V107/><F107/><W114/><G114/><T133/><D133/><U40/><E57/><V77/><F77/><W89/><G59/><RYUUKYOKU ba="0,0" sc="235,-10,302,-10,221,30,242,-10" hai2="0,3,14,17,19,22,23" /><INIT seed="2,1,0,2,0,52" ten="225,292,251,232" oya="2" hai0="17,101,98,3,95,2,92,57,43,128,1,40,22" hai1="76,123,26,54,9,32,75,37,25,64,33,97,116" hai2="6,5,15,107,104,112,89,120,118,102,73,7,124" hai3="126,129,125,134,79,83,12,46,49,61,69,86,58"/><V132/><F112/><W130/><G69/><T53/><D128/><N who="3" m="49257" /><G12/><T23/><D92/><U60/><E116/><V48/><F118/><W91/><G91/><T13/><REACH who="0" step="1"/><D23/><REACH who="0" ten="215,292,251,232" step="2"/><U131/><E33/><V41/><F107/><W47/><G134/><T74/><D74/><U113/><E32/><V42/><F73/><W111/><G111/><T119/><D119/><U4/><E75/><V93/><F132/><W80/><G80/><T110/><D110/><U70/><E123/><V39/><F104/><W63/><G126/><T135/><D135/><U122/><E122/><V71/><F93/><W85/><G125/><T108/><D108/><U51/><E131/><V55/><F124/><W68/><G85/><T21/><D21/><U34/><E34/><V18/><F120/><W36/><G86/><T31/><D31/><U45/><E113/><V78/><F5/><W10/><G83/><T30/><D30/><U100/><E100/><V127/><F6/><W105/><G105/><T72/><D72/><U28/><E28/><V133/><F7/><W82/><G82/><T44/><D44/><U103/><E103/><V115/><F102/><W19/><G47/><T27/><D27/><U90/><E26/><V87/><F127/><W106/><G46/><T84/><D84/><U14/><E25/><V11/><F133/><W0/><G106/><T88/><D88/><U50/><E90/><V114/><F89/><W66/><G79/><T24/><D24/><U117/><E76/><V121/><F78/><W99/><G99/><T59/><D59/><U16/><E117/><V29/><F121/><RYUUKYOKU ba="1,1" sc="215,30,292,-10,251,-10,232,-10" hai0="1,2,3,13,17,22,40,43,53,57,95,98,101" /><INIT seed="3,2,1,4,3,88" ten="245,282,241,222" oya="3" hai0="55,67,80,1,105,21,71,124,127,23,12,15,34" hai1="18,28,101,116,37,62,3,53,39,33,82,96,61" hai2="57,110,14,126,2,91,98,95,113,16,50,128,0" hai3="17,133,54,13,32,70,107,97,81,109,51,42,10"/><W92/><G70/><T11/><D105/><U134/><E3/><V120/><F113/><W117/><G117/><T47/><D71/><U79/><E134/><V29/><F29/><W36/><G133/><T118/><D67/><U125/><E125/><N who="0" m="48201" /><D34/><U123/><E123/><V8/><F126/><W31/><G109/><T112/><D112/><U74/><E116/><V87/><F128/><W78/><G107/><T40/><D55/><U129/><E129/><V64/><F110/><W41/><G36/><N who="0" m="21895" /><D118/><U9/><E53/><V73/><F73/><W25/><G54/><T132/><D132/><U45/><E33/><V115/><F115/><W72/><REACH who="3" step="1"/><G51/><REACH who="3" ten="245,282,241,212" step="2"/><T83/><D1/><U131/><E39/><V27/><F50/><W103/><AGARI ba="2,2" hai="10,13,17,25,31,32,41,42,72,78,81,92,97,103" machi="103" ten="20,12000,1" yaku="1,1,2,1,0,1,7,1,52,1,53,0" doraHai="88" doraHaiUra="84" who="3" fromWho="3" sc="245,-42,282,-42,241,-42,212,146" /><INIT seed="3,3,0,4,2,11" ten="203,240,199,358" oya="3" hai0="115,99,26,9,4,25,48,5,113,76,65,110,63" hai1="127,41,103,46,0,1,36,128,84,90,105,123,132" hai2="96,61,108,92,16,60,73,71,52,86,38,85,54" hai3="107,13,40,116,82,34,72,7,44,81,95,111,45"/><W119/><G107/><T55/><D76/><U93/><E123/><V80/><F38/><W89/><G34/><T74/><D74/><U125/><E132/><V37/><F37/><W101/><G101/><T21/><D110/><U114/><E114/><V83/><F108/><W3/><G3/><T12/><D4/><U68/><E68/><V118/><F73/><W10/><G111/><T22/><D99/><N who="1" m="61695" /><E128/><V124/><F71/><W39/><G45/><T109/><D109/><U28/><E28/><V94/><F96/><W58/><G58/><N who="0" m="37111" /><D115/><U18/><E18/><V126/><REACH who="2" step="1"/><F16/><REACH who="2" ten="203,240,189,358" step="2"/><W47/><G72/><T134/><D113/><U62/><E36/><V49/><F49/><W53/><G116/><AGARI ba="3,1" hai="52,54,60,61,80,83,85,86,92,94,116,118,124,126" machi="116" ten="25,6400,0" yaku="1,1,22,2,54,1,53,0" doraHai="11" doraHaiUra="97" who="2" fromWho="3" sc="203,0,240,0,189,83,358,-73" /><INIT seed="4,0,0,4,2,12" ten="203,240,272,285" oya="0" hai0="117,122,124,115,106,50,65,77,108,45,95,27,130" hai1="133,33,4,5,67,32,24,76,68,97,64,10,23" hai2="22,131,58,28,8,129,6,102,75,19,63,17,135" hai3="86,128,90,26,101,7,18,31,3,41,112,71,39"/><T132/><D122/><U113/><E76/><V93/><F75/><W99/><G112/><T69/><D117/><U36/><E36/><V55/><F135/><W79/><G79/><T34/><D106/><U96/><E133/><V43/><F43/><W70/><G128/><N who="2" m="49225" /><F28/><W100/><G100/><T98/><D130/><U125/><E113/><V54/><F22/><W80/><G7/><T25/><D132/><U107/><E125/><V94/><F55/><W88/><G90/><T56/><D69/><U29/><E5/><V35/><F35/><W42/><G3/><T84/><D34/><U126/><E126/><V134/><F134/><W110/><G110/><T111/><D115/><U66/><E96/><N who="2" m="59663" /><F94/><W49/><G39/><T82/><D124/><U81/><E81/><V61/><F61/><W16/><G70/><T83/><D83/><U0/><E68/><V116/><F116/><W46/><G42/><N who="0" m="24887" /><D111/><U14/><E33/><V103/><F103/><W105/><G71/><T40/><D40/><U15/><E107/><V52/><F54/><W73/><G73/><T38/><D38/><U51/><E32/><AGARI ba="0,0" hai="16,18,26,31,32,41,46,49,80,86,88,99,101,105" machi="32" ten="30,8000,1" yaku="7,1,52,2,54,2" doraHai="12" who="3" fromWho="1" sc="203,0,240,-80,272,0,285,80" /><INIT seed="5,0,0,1,2,55" ten="203,160,272,365" oya="1" hai0="28,97,115,106,108,67,66,48,27,24,63,46,79" hai1="135,13,40,110,20,77,76,91,60,53,98,61,86" hai2="114,37,36,73,50,52,41,87,116,15,59,12,99" hai3="44,85,71,125,102,88,130,34,7,16,105,92,62"/><U96/><E135/><V31/><F73/><W111/><G111/><T81/><D108/><U38/><E110/><V122/><F116/><W121/><G121/><T32/><D115/><U47/><E13/><V35/><F122/><W75/><G7/><T9/><D9/><U10/><E10/><V82/><F114/><W120/><G34/><T100/><D27/><U133/><E133/><V70/><F70/><W19/><G130/><T118/><D118/><U72/><E20/><V5/><F5/><W90/><G125/><T65/><D81/><U58/><E72/><V42/><F37/><W112/><G112/><T4/><D79/><U89/><E61/><V17/><F36/><W101/><G120/><T25/><D25/><U126/><E126/><V0/><F0/><W109/><G109/><T18/><D18/><U113/><E113/><V78/><F31/><W26/><G26/><T124/><D4/><U11/><E11/><N who="2" m="6303" /><F35/><W64/><G75/><T103/><D100/><U127/><E127/><V2/><F2/><W45/><G101/><T43/><REACH who="0" step="1"/><D124/><REACH who="0" ten="193,160,272,365" step="2"/><U14/><E14/><V94/><F15/><W1/><G1/><T119/><D119/><U51/><E77/><V84/><F82/><W132/><G132/><T6/><D6/><U129/><E76/><V29/><F78/><W21/><G19/><T117/><D117/><U57/><E91/><N who="2" m="55775" /><F29/><W39/><G16/><T33/><D33/><U123/><E123/><V56/><F87/><W95/><G85/><T134/><D134/><U54/><E129/><V74/><F84/><N who="3" m="52231" /><G90/><T30/><D30/><U22/><E22/><RYUUKYOKU ba="0,1" sc="193,15,160,15,272,-15,365,-15" hai0="24,28,32,43,46,48,63,65,66,67,97,103,106" hai1="38,40,47,51,53,54,57,58,60,86,89,96,98" /><INIT seed="5,1,1,5,0,30" ten="208,175,257,350" oya="1" hai0="115,78,120,107,95,72,126,105,62,42,47,49,38" hai1="44,132,109,14,125,98,8,36,81,131,20,74,34" hai2="110,33,9,61,55,35,79,1,100,40,12,94,26" hai3="102,99,106,59,7,101,80,2,22,60,134,57,130"/><U10/><E98/><V63/><F110/><W51/><G130/><T50/><D38/><U43/><E131/><V0/><F40/><W15/><G134/><T82/><D115/><U67/><E132/><V6/><F79/><W28/><G2/><T21/><D126/><U93/><E125/><V69/><F61/><W13/><G101/><T48/><D120/><U27/><E93/><V11/><F55/><W121/><G121/><T88/><D62/><U18/><E67/><V123/><F63/><W70/><G51/><T53/><D21/><U122/><E122/><V56/><F56/><W39/><G39/><T133/><D133/><U87/><E74/><V117/><F100/><W25/><G80/><T41/><D50/><U23/><E109/><V89/><F89/><W104/><G104/><T112/><D112/><U5/><E34/><N who="2" m="12811" /><F69/><W65/><G57/><T86/><REACH who="0" step="1"/><D41/><REACH who="0" ten="198,175,257,350" step="2"/><U4/><E23/><V66/><F123/><W114/><G114/><T91/><D91/><U97/><E20/><V127/><F127/><W103/><G22/><T45/><AGARI ba="1,2" hai="42,45,47,48,49,53,72,78,82,86,88,95,105,107" machi="45" ten="20,5200,0" yaku="1,1,0,1,7,1,54,1,53,0" doraHai="30" doraHaiUra="17" who="0" fromWho="0" sc="198,75,175,-27,257,-14,350,-14" /><INIT seed="6,0,0,4,0,3" ten="273,148,243,336" oya="2" hai0="105,13,43,54,72,48,98,79,116,51,100,93,127" hai1="82,53,107,56,36,18,9,112,83,128,85,89,32" hai2="44,106,76,102,30,6,94,5,62,86,25,15,45" hai3="70,57,55,117,38,104,41,49,123,90,40,103,39"/><V80/><F106/><W124/><G90/><T97/><D127/><U0/><E32/><V134/><F134/><W113/><G103/><T52/><D116/><U59/><E36/><V110/><F110/><W67/><G104/><T66/><D66/><U129/><E107/><V131/><F131/><W20/><G20/><T75/><D43/><N who="3" m="16457" /><G117/><T126/><D126/><U74/><E112/><V46/><F15/><W50/><G123/><T60/><D60/><U92/><E59/><V21/><F62/><N who="3" m="40311" /><G124/><T16/><D79/><U84/><E74/><V121/><F121/><W42/><G113/><T118/><D118/><U65/><E65/><V17/><F17/><W135/><G135/><T99/><D75/><U23/><E128/><V7/><F94/><W61/><G42/><T111/><D72/><U58/><E129/><V69/><F69/><W8/><G8/><N who="0" m="6183" /><D111/><U115/><E115/><V31/><F31/><W101/><G101/><AGARI ba="0,0" hai="5,6,7,21,25,30,44,45,46,76,80,86,101,102" machi="101" ten="40,12000,1" yaku="8,1,52,3" doraHai="3" who="2" fromWho="3" sc="273,0,148,0,243,120,336,-120" /><INIT seed="6,1,0,1,2,31" ten="273,148,363,216" oya="2" hai0="76,99,119,2,44,85,105,80,129,88,84,123,51" hai1="66,135,34,27,71,113,3,122,130,12,7,72,8" hai2="11,115,131,114,125,70,116,97,43,25,65,98,100" hai3="13,126,103,30,108,17,78,20,55,9,54,63,50"/><V60/><F116/><W102/><G108/><T22/><D123/><U24/><E72/><V16/><F131/><W26/><G126/><T38/><D129/><U53/><E130/><V58/><F125/><W120/><G120/><T18/><D2/><U107/><E107/><V111/><F111/><W96/><G78/><T82/><D119/><U64/><E122/><V59/><F43/><W15/><G63/><T90/><D38/><U4/><E113/><V133/><F133/><W37/><G37/><T39/><D39/><U45/><E135/><V83/><F83/><W117/><G117/><T28/><D28/><U134/><E134/><V19/><F98/><W41/><G41/><T93/><D105/><U92/><E24/><V91/><F91/><W128/><G128/><T124/><D124/><U95/><E4/><V29/><F59/><W46/><G55/><T42/><D22/><U48/><E3/><V49/><F49/><W61/><G61/><T73/><REACH who="0" step="1"/><D18/><REACH who="0" ten="263,148,363,216" step="2"/><U56/><E71/><V69/><F70/><W1/><G1/><T67/><D67/><U112/><E112/><N who="2" m="43051" /><F11/><W33/><G96/><AGARI ba="1,1" hai="42,44,51,73,76,80,82,84,85,88,90,93,96,99" machi="96" ten="40,2600,0" yaku="1,1,54,1,53,0" doraHai="31" doraHaiUra="109" who="0" fromWho="3" sc="263,39,148,0,363,0,216,-29" /><INIT seed="7,0,0,1,2,58" ten="302,148,363,187" oya="3" hai0="131,118,72,4,60,101,11,96,19,134,37,92,6" hai1="71,56,25,66,39,70,9,41,106,33,28,123,100" hai2="15,47,16,34,52,22,57,74,98,14,64,99,102" hai3="112,90,113,12,32,127,49,31,126,21,43,82,40"/><W35/><G82/><T132/><D118/><U120/><E56/><V42/><F34/><N who="3" m="12843" /><G90/><T115/><D131/><U59/><E59/><V44/><F74/><W114/><G49/><T130/><D72/><U103/><E9/><V10/><F64/><W61/><G61/><T27/><D130/><U5/><E5/><N who="2" m="3407" /><F42/><N who="3" m="15915" /><G12/><T105/><D37/><U129/><E129/><V75/><F75/><W51/><G51/><T97/><D27/><AGARI ba="0,0" hai="21,27,31,112,113,114,126,127" m="15915,12843" machi="27" ten="40,2000,0" yaku="15,1" doraHai="58" who="3" fromWho="0" sc="302,-20,148,0,363,0,187,20" /><INIT seed="7,1,0,5,0,121" ten="282,148,363,207" oya="3" hai0="70,100,84,93,129,98,59,16,27,58,17,43,22" hai1="112,85,95,119,19,72,51,49,79,103,99,133,64" hai2="38,23,105,73,41,35,125,7,115,53,30,61,12" hai3="45,116,132,33,114,6,113,89,107,55,101,110,31"/><W102/><G116/><T120/><D70/><U77/><E112/><N who="3" m="43114" /><G6/><T80/><D120/><U40/><E133/><V47/><F7/><W104/><G89/><T0/><D0/><U68/><E72/><V76/><F35/><W46/><G55/><T13/><D43/><U42/><E119/><V62/><F53/><W111/><G31/><T96/><D96/><U130/><E130/><V82/><F30/><W108/><G33/><T86/><D129/><U52/><E68/><V71/><F76/><W122/><G122/><T5/><D5/><U15/><E64/><V97/><F41/><W44/><G132/><T28/><D17/><U92/><E77/><V1/><F1/><W39/><G39/><T48/><D48/><U50/><E42/><V106/><F38/><W26/><G26/><T87/><REACH who="0" step="1"/><D80/><REACH who="0" ten="272,148,363,207" step="2"/><U123/><E40/><V127/><F82/><W34/><G34/><AGARI ba="1,1" hai="13,16,22,27,28,34,58,59,84,86,87,93,98,100" machi="34" ten="40,5200,0" yaku="1,1,2,1,54,1,53,0" doraHai="121" doraHaiUra="67" who="0" fromWho="3" sc="272,65,148,0,363,0,207,-55" owari="337,14.0,148,-35.0,363,46.0,152,-25.0" /></mjloggm>