<mjloggm ver="2.3"><GO type="169" lobby="0"/><UN n0="%74%65%40%72%73" n1="%E9%87%8E%E3%80%85%E5%AE%AE%E8%97%8D" n2="%E3%82%A6%E3%83%AB%E3%83%88%E3%83%A9%E7%AB%8B%E7%9B%B4" n3="%E3%83%AD%E3%83%B3%E3%82%88%E3%82%8A%E8%A8%BC%E6%8B%A0" dan="16,18,17,17" rate="2139.95,2195.10,2127.74,2218.73" sx="M,F,M,M"/><TAIKYOKU oya="0"/><INIT seed="0,0,0,3,3,2" ten="250,250,250,250" oya="0" hai0="37,47,114,40,123,133,34,121,131,58,102,93,51" hai1="75,16,66,41,99,101,108,17,49,115,11,35,4" hai2="69,124,92,71,3,21,106,54,88,120,113,28,104" hai3="110,24,125,23,31,36,5,38,65,70,127,77,111"/><T84/><D114/><U12/><E75/><V132/><F3/><W60/><G77/><T44/><D34/><U52/><E35/><V117/><F120/><W89/><G89/><T97/><D133/><U68/><E115/><V74/><F74/><W105/><G105/><T98/><D58/><U82/><E41/><V0/><F0/><W87/><G87/><T45/><D131/><U33/><E33/><V109/><F109/><N who="3" m="41483" /><G5/><T95/><D47/><U15/><E108/><V85/><F132/><W62/><G62/><T1/><D84/><U91/><E66/><V53/><F113/><W122/><G122/><T56/><D56/><N who="1" m="32783" /><E68/><V134/><F134/><W50/><G50/><T27/><D27/><U59/><E59/><V55/><F117/><W13/><G13/><T86/><D86/><N who="1" m="50647" /><E12/><V130/><F130/><W39/><AGARI ba="0,0" hai="23,24,31,36,38,39,60,65,70,125,127" m="41483" machi="39" ten="40,1500,0" yaku="14,1" doraHai="2" who="3" fromWho="3" sc="250,-7,250,-4,250,-4,250,15" /><INIT seed="1,0,0,5,0,40" ten="243,246,246,265" oya="1" hai0="128,50,14,106,51,129,21,62,4,117,103,126,37" hai1="7,47,11,26,59,83,70,82,134,124,74,44,12" hai2="31,127,78,39,27,96,10,114,107,91,73,77,35" hai3="131,105,13,133,36,23,17,76,25,89,52,2,38"/><U9/><E70/><V101/><F127/><W53/><G2/><T63/><D37/><U125/><E134/><V58/><F114/><W87/><G105/><T33/><D33/><U123/><E123/><V46/><F73/><W112/><G112/><T41/><D126/><N who="1" m="48747" /><E59/><V121/><F121/><W65/><G133/><T1/><D117/><U97/><E26/><V108/><F108/><W68/><G131/><N who="0" m="50251" /><D1/><N who="1" m="239" /><E97/><V109/><F109/><W135/><G135/><T115/><D115/><U56/><E56/><V66/><F10/><W90/><G68/><T92/><D106/><U69/><E69/><V18/><F18/><W72/><G65/><T80/><D80/><N who="1" m="30763" /><E74/><V79/><F91/><W119/><G76/><T75/><D75/><U0/><E0/><V93/><F58/><W132/><G119/><T34/><D34/><U110/><E110/><V113/><F66/><W99/><G132/><T122/><D122/><U29/><E29/><V84/><F113/><W43/><G72/><T111/><D111/><U61/><E61/><V28/><F28/><W3/><G3/><T6/><D63/><U98/><E98/><V94/><REACH who="2" step="1"/><F84/><REACH who="2" ten="243,246,236,265" step="2"/><W85/><G85/><T32/><D103/><U45/><E45/><V22/><F22/><W118/><G87/><T95/><D21/><U54/><E54/><V88/><F88/><W48/><G90/><T67/><D32/><U55/><E55/><V104/><F104/><W16/><G89/><T64/><D67/><U71/><E71/><V8/><F8/><W130/><G23/><T120/><D64/><U116/><E116/><V60/><F60/><RYUUKYOKU ba="0,1" sc="243,-15,246,15,236,15,265,-15" hai1="11,12,44,47" hai2="27,31,35,39,46,77,78,79,93,94,96,101,107" /><INIT seed="1,1,1,5,4,115" ten="228,261,251,250" oya="1" hai0="79,21,59,23,32,24,84,38,107,113,105,126,86" hai1="123,5,114,2,49,119,99,102,56,106,73,131,98" hai2="95,27,96,61,88,40,30,81,121,110,130,103,13" hai3="133,9,90,8,41,111,129,43,65,19,48,35,76"/><U75/><E114/><V15/><F121/><W14/><G35/><T7/><D113/><U85/><E123/><V70/><F110/><W92/><G111/><T118/><D38/><U39/><E39/><V101/><F130/><W72/><G129/><T97/><D32/><U26/><E131/><V60/><F40/><W16/><G133/><T104/><D7/><U31/><E119/><V25/><F70/><W12/><G65/><T37/><D37/><U1/><E85/><N who="2" m="50223" /><F103/><W69/><G69/><T68/><D68/><U42/><E98/><V80/><F80/><W0/><G0/><T20/><D118/><U109/><E109/><V83/><F83/><W44/><G72/><T89/><D79/><U64/><E42/><V28/><F25/><W124/><G124/><T116/><D126/><U120/><E120/><V29/><F27/><W58/><G58/><T71/><D71/><U51/><E73/><V47/><F47/><W127/><G127/><T93/><D116/><U108/><E75/><V18/><F13/><W78/><G43/><T22/><REACH who="0" step="1"/><D59/><REACH who="0" ten="218,261,251,250" step="2"/><U4/><E108/><V33/><F33/><W112/><REACH who="3" step="1"/><G112/><REACH who="3" ten="218,261,251,240" step="2"/><T87/><D87/><AGARI ba="1,3" hai="8,9,12,14,16,19,41,44,48,76,78,87,90,92" machi="87" ten="30,12000,2" yaku="1,1,2,1,7,1,9,1,8,1,54,1,53,0" doraHai="115" doraHaiUra="77" who="3" fromWho="0" sc="218,-123,261,0,251,0,240,153" /><INIT seed="2,0,0,3,2,109" ten="95,261,251,393" oya="2" hai0="27,31,41,94,102,83,78,96,70,37,48,134,71" hai1="105,6,107,44,66,91,32,22,45,98,20,110,114" hai2="17,56,21,11,124,50,80,125,115,49,81,14,76" hai3="74,2,13,15,122,63,77,112,89,75,7,85,26"/><V9/><F56/><W108/><G122/><T86/><D37/><U54/><E32/><V79/><F21/><W8/><G108/><T30/><D134/><U95/><E66/><V12/><REACH who="2" step="1"/><F17/><REACH who="2" ten="95,261,241,393" step="2"/><W55/><G63/><T52/><D31/><U133/><E20/><V132/><F132/><W117/><G8/><T43/><D71/><U53/><E22/><V23/><F23/><W16/><G16/><T68/><D70/><U10/><E10/><V33/><F33/><W5/><G26/><T39/><D68/><U57/><E57/><V62/><F62/><W67/><G67/><T118/><D27/><U60/><E60/><V82/><F82/><W72/><G7/><T92/><D30/><U46/><E6/><V19/><F19/><W126/><G5/><T103/><D118/><U123/><E133/><V99/><F99/><W113/><G117/><T3/><D3/><U130/><E98/><V36/><F36/><W88/><G55/><T38/><D39/><U4/><E53/><V120/><F120/><W127/><G2/><T116/><D38/><U34/><E54/><V1/><F1/><W0/><G0/><T93/><D116/><U35/><E35/><V87/><F87/><W29/><G29/><T119/><D119/><U128/><E34/><V121/><F121/><W40/><G85/><T131/><D131/><U90/><E4/><V24/><F24/><W25/><G25/><T129/><D129/><U69/><E128/><V106/><F106/><W42/><G75/><T47/><D96/><U111/><E130/><V65/><F65/><W97/><G97/><RYUUKYOKU ba="0,1" sc="95,10,261,-30,241,10,393,10" hai0="41,43,47,48,52,78,83,86,92,93,94,102,103" hai2="9,11,12,14,49,50,76,79,80,81,115,124,125" hai3="13,15,40,42,72,74,77,88,89,112,113,126,127" /><INIT seed="2,1,1,0,1,116" ten="105,231,251,403" oya="2" hai0="12,85,19,121,13,27,133,51,96,113,28,8,114" hai1="15,68,6,60,32,14,45,55,132,71,64,83,100" hai2="54,21,62,57,98,22,41,23,5,70,50,79,42" hai3="46,94,10,7,134,40,119,63,0,131,69,24,130"/><V26/><F70/><W49/><G119/><T110/><D110/><U123/><E32/><V82/><F5/><W99/><G134/><T31/><D133/><U44/><E132/><V107/><F26/><W39/><G24/><T90/><D96/><U126/><E71/><V34/><F34/><W112/><G112/><T88/><D121/><U25/><E126/><V16/><F16/><W59/><G39/><T93/><D13/><U106/><E106/><V101/><REACH who="2" step="1"/><F62/><REACH who="2" ten="105,231,241,403" step="2"/><W35/><G35/><T127/><D127/><U80/><E25/><V9/><F9/><W95/><G69/><T1/><D1/><U102/><E6/><V87/><AGARI ba="1,2" hai="21,22,23,41,42,50,54,57,79,82,87,98,101,107" machi="87" ten="30,3000,0" yaku="1,1,0,1,53,0" doraHai="116" doraHaiUra="58" who="2" fromWho="2" sc="105,-11,231,-11,241,53,403,-11" /><INIT seed="2,2,0,3,2,73" ten="94,220,294,392" oya="2" hai0="54,45,66,14,49,59,102,30,68,27,87,112,63" hai1="104,23,120,94,70,50,55,82,32,2,84,78,95" hai2="52,135,75,41,3,111,113,125,124,12,34,80,29" hai3="20,110,97,0,19,67,114,10,25,74,117,57,62"/><V39/><F3/><W133/><G117/><T76/><D112/><U44/><E32/><V83/><F113/><W37/><G37/><T21/><D102/><U88/><E104/><V40/><F29/><W118/><G114/><T127/><D127/><N who="2" m="48714" /><F34/><W7/><G110/><T103/><D103/><U26/><E70/><V18/><F111/><W93/><G133/><T48/><D14/><U36/><E2/><V101/><F135/><W9/><G74/><T115/><D115/><U35/><E120/><V43/><F101/><W56/><G10/><T46/><REACH who="0" step="1"/><D49/><REACH who="0" ten="84,220,294,392" step="2"/><U6/><E36/><V22/><F39/><W119/><G119/><T129/><D129/><U60/><E6/><V86/><F75/><W116/><G118/><T92/><D92/><U128/><E128/><V64/><F64/><W65/><G116/><T58/><D58/><U69/><E95/><V51/><F86/><W38/><G38/><T1/><D1/><U123/><E69/><V77/><F77/><W126/><G126/><T33/><D33/><U134/><E35/><V99/><F99/><W31/><G67/><T108/><D108/><U132/><E123/><V47/><AGARI ba="2,1" hai="12,18,22,40,41,43,47,51,52,80,83" m="48714" machi="47" ten="30,3000,0" yaku="18,1,54,1" doraHai="73" who="2" fromWho="2" sc="84,-12,220,-12,294,46,392,-12" /><INIT seed="2,3,0,5,3,100" ten="72,208,340,380" oya="2" hai0="119,120,109,54,49,65,57,52,116,78,125,50,67" hai1="58,43,110,19,69,77,74,117,13,42,75,29,64" hai2="18,62,6,4,14,90,21,45,105,11,126,32,1" hai3="133,3,88,91,61,51,53,107,99,95,70,131,44"/><V20/><F45/><W97/><G3/><T89/><D78/><U135/><E117/><N who="0" m="45129" /><D109/><U46/><E69/><V134/><F62/><W63/><G131/><T83/><D83/><U31/><E110/><V132/><F90/><W82/><G133/><N who="2" m="51305" /><F105/><W36/><G36/><T121/><D89/><U38/><E43/><V102/><F102/><W118/><G118/><T26/><D125/><U0/><E0/><V59/><F59/><W24/><G70/><T127/><D26/><U2/><E2/><V129/><F126/><W10/><G10/><T71/><D127/><U76/><E76/><V124/><F124/><W94/><G107/><T16/><D16/><U80/><E75/><V17/><F129/><W8/><G8/><T9/><D9/><U25/><E135/><V111/><F111/><W5/><G5/><T33/><D33/><U115/><E80/><V34/><F6/><W30/><G82/><T12/><D12/><AGARI ba="3,0" hai="1,4,11,12,14,17,18,20,21,32,34" m="51305" machi="12" ten="30,5800,0" yaku="20,1,34,2" doraHai="100" who="2" fromWho="0" sc="72,-67,208,0,340,67,380,0" /><INIT seed="2,4,0,3,5,94" ten="5,208,407,380" oya="2" hai0="83,130,69,22,126,45,25,19,28,114,47,71,42" hai1="15,46,7,107,82,27,81,102,33,1,11,91,4" hai2="18,29,135,52,98,5,127,75,134,110,67,40,131" hai3="12,80,105,13,116,86,65,36,32,85,84,61,72"/><V87/><F75/><W73/><G116/><T96/><D114/><U30/><E46/><N who="0" m="17417" /><D130/><U90/><E4/><V106/><F40/><W129/><G32/><T118/><D118/><U49/><E49/><V38/><F38/><W31/><G31/><T43/><D71/><U8/><E102/><N who="2" m="62807" /><F5/><W2/><G2/><T123/><D126/><U54/><E107/><V34/><F131/><W124/><G129/><T115/><D115/><U119/><E119/><V3/><F3/><W125/><G105/><T108/><D69/><U10/><E54/><V121/><F121/><W93/><G36/><T21/><D108/><U57/><E57/><V78/><F52/><W6/><G6/><T20/><D123/><U41/><E41/><N who="0" m="15369" /><D83/><U117/><E1/><V132/><F127/><N who="3" m="48715" /><G80/><T58/><D58/><U51/><E117/><V128/><F110/><W44/><G44/><T112/><D112/><U56/><E56/><V103/><F128/><W39/><G39/><T101/><D28/><U97/><E30/><V17/><F29/><W14/><G93/><AGARI ba="4,0" hai="19,20,21,22,25,93,96,101" m="15369,17417" machi="93" ten="30,2000,0" yaku="8,1,52,1" doraHai="94" who="0" fromWho="3" sc="5,32,208,0,407,0,380,-32" /><INIT seed="3,0,0,3,3,34" ten="37,208,407,348" oya="3" hai0="0,51,13,110,93,129,119,133,19,7,83,67,97" hai1="56,42,107,112,14,77,104,88,43,22,30,108,92" hai2="96,103,71,5,126,98,68,64,130,65,55,58,135" hai3="25,47,23,41,128,44,85,123,24,90,66,127,121"/><W53/><G127/><T8/><D119/><U48/><E112/><V37/><F37/><W63/><G128/><T57/><D110/><U89/><E108/><V106/><F126/><W38/><G47/><T79/><D133/><U74/><E89/><V73/><F73/><W84/><G53/><T87/><D129/><U91/><E91/><V134/><F130/><W114/><G114/><T131/><D131/><U26/><E14/><V39/><F39/><W109/><G109/><T95/><D97/><U17/><E30/><V15/><F98/><W12/><G12/><T35/><D35/><U16/><E17/><V105/><F105/><W21/><G21/><T50/><D50/><U94/><E94/><V4/><F65/><W69/><G84/><T115/><D115/><U32/><E32/><V61/><F68/><W120/><REACH who="3" step="1"/><G23/><REACH who="3" ten="37,208,407,338" step="2"/><T72/><D87/><U10/><E22/><V122/><F15/><W54/><G54/><T36/><D36/><U33/><E33/><V2/><F122/><W118/><G118/><T28/><D67/><U60/><E74/><V113/><F113/><W3/><G3/><T62/><D0/><U18/><E43/><V101/><F2/><W125/><G125/><T1/><D1/><U86/><E42/><V20/><F20/><W82/><AGARI ba="0,1" hai="24,25,38,41,44,63,66,69,82,85,90,120,121,123" machi="82" ten="30,3000,0" yaku="1,1,0,1,53,0" doraHai="34" doraHaiUra="52" who="3" fromWho="3" sc="37,-10,208,-10,407,-10,338,40" /><INIT seed="3,1,0,2,3,110" ten="27,198,397,378" oya="3" hai0="91,85,106,8,53,119,69,80,77,131,13,59,99" hai1="70,14,123,113,49,9,25,16,56,130,60,31,88" hai2="122,66,7,0,74,67,10,57,24,6,93,109,129" hai3="124,72,120,104,38,19,117,87,52,45,73,90,86"/><W64/><G117/><T103/><D131/><U39/><E123/><V94/><F74/><W29/><G120/><T102/><D69/><U47/><E113/><V108/><F122/><W35/><G104/><T96/><D119/><U133/><E133/><V23/><F7/><W15/><G124/><T68/><D68/><U116/><E130/><V81/><F81/><W33/><G64/><N who="2" m="24617" /><F57/><W114/><G114/><T98/><D77/><U78/><E70/><V82/><F82/><W76/><G76/><T95/><D106/><U132/><E39/><V134/><F129/><W121/><G87/><T2/><D2/><U84/><E132/><V97/><F97/><W21/><G121/><T46/><D46/><U34/><E116/><V75/><F75/><W112/><G112/><T83/><D83/><U41/><E78/><V55/><F55/><W36/><G36/><T43/><D43/><U71/><E71/><V92/><F134/><W32/><G29/><T28/><D28/><U20/><E34/><V118/><F118/><W17/><G17/><T101/><D80/><N who="1" m="49159" /><E56/><V125/><F125/><W44/><G44/><T89/><D89/><U65/><E65/><V22/><F24/><W40/><G52/><T27/><D27/><U61/><AGARI ba="1,0" hai="9,14,16,20,25,31,41,47,49,60,61" m="49159" machi="61" ten="30,4000,0" yaku="8,1,54,2" doraHai="110" who="1" fromWho="1" sc="27,-11,198,43,397,-11,378,-21" /><INIT seed="4,0,0,4,5,32" ten="16,241,386,357" oya="0" hai0="8,9,40,76,75,57,70,65,66,77,61,88,125" hai1="68,120,4,95,22,23,48,71,60,107,116,87,64" hai2="102,41,2,126,78,25,114,97,45,29,127,18,134" hai3="124,5,119,35,15,131,56,58,94,37,82,117,84"/><T13/><D125/><U101/><E116/><V21/><F78/><W67/><G35/><T99/><D75/><U31/><E71/><V1/><F18/><W89/><G37/><T14/><D40/><U43/><E120/><V112/><F134/><W80/><G124/><N who="2" m="47657" /><F114/><W109/><G109/><T27/><D27/><U19/><E48/><N who="2" m="26671" /><F112/><W33/><G33/><T20/><D66/><U111/><E95/><AGARI ba="0,0" hai="1,2,21,25,29,95,97,102" m="26671,47657" machi="95" ten="30,3900,0" yaku="18,1,52,2" doraHai="32" who="2" fromWho="1" sc="16,0,241,-39,386,39,357,0" /><INIT seed="5,0,0,1,5,71" ten="16,202,425,357" oya="1" hai0="8,4,24,131,88,38,17,129,53,66,5,7,87" hai1="41,96,111,44,16,85,79,90,47,3,133,21,57" hai2="103,93,126,94,118,61,14,40,72,113,15,105,59" hai3="101,18,119,120,84,123,62,98,9,117,20,19,99"/><U91/><E3/><V86/><F72/><W51/><G62/><T6/><D66/><U56/><E133/><V82/><F118/><W28/><G51/><T108/><D108/><U76/><E111/><V75/><F75/><W109/><G84/><T124/><D124/><U49/><E96/><V67/><F126/><W26/><G109/><T114/><D114/><U74/><E91/><V78/><F113/><W92/><G99/><T97/><D38/><U29/><E29/><V32/><F32/><W25/><G9/><T33/><D97/><U1/><E1/><V13/><F105/><W50/><G50/><T12/><N who="0" m="1536" /><DORA hai="0" /><T83/><REACH who="0" step="1"/><D53/><REACH who="0" ten="6,202,425,357" step="2"/><U34/><E41/><V55/><F40/><W122/><G119/><T43/><D43/><U10/><E74/><V39/><F39/><W73/><G73/><T121/><D121/><U2/><E2/><V65/><F65/><W46/><G117/><T42/><D42/><U37/><E37/><V95/><F67/><W45/><G123/><T116/><D116/><U77/><E85/><V112/><F112/><W135/><G122/><T127/><D127/><U104/><E104/><V100/><AGARI ba="0,1" hai="13,14,15,55,59,61,78,82,86,93,94,95,100,103" machi="100" ten="40,2700,0" yaku="0,1,8,1" doraHai="71,0" who="2" fromWho="2" sc="6,-7,202,-13,425,37,357,-7" owari="-1,-50.0,189,-21.0,462,56.0,350,15.0" /></mjloggm>