<mjloggm ver="2.3"><GO type="169" lobby="0"/><UN n0="%E5%B0%B1%E6%B4%BB%E7%94%9F%40%E5%B7%9D%E6%9D%91%E8%BB%8D%E5%9B%A3" n1="%33%E5%B9%B4%E9%96%93%E6%9C%A8%E6%9A%AE%E5%85%AC%E5%BB%B6%E2%91%A4" n2="%E3%82%8C%E3%81%98%50" n3="%79%75%6D%69%6B%69%6B%61" dan="18,16,16,16" rate="2280.85,2111.10,2030.94,2091.30" sx="M,M,M,M"/><TAIKYOKU oya="0"/><INIT seed="0,0,0,5,1,36" ten="250,250,250,250" oya="0" hai0="100,86,80,35,65,78,18,101,13,118,128,132,75" hai1="69,102,71,70,115,91,120,87,68,2,116,34,32" hai2="113,27,17,85,109,38,64,108,12,105,52,135,16" hai3="126,55,94,58,22,62,106,84,3,5,107,6,49"/><T63/><D118/><U19/><E116/><V39/><F113/><W1/><G126/><T81/><D35/><U50/><E120/><V88/><F105/><W130/><G130/><T53/><D128/><U42/><E2/><V123/><F64/><W51/><G51/><T114/><D132/><U47/><E102/><V90/><F135/><W59/><G1/><T131/><D131/><U122/><E115/><V41/><F52/><W43/><G22/><T31/><D31/><U57/><E122/><V134/><F134/><W11/><G5/><T54/><D114/><U46/><E57/><V117/><F117/><W73/><G73/><T133/><D133/><U29/><E19/><V103/><F103/><W92/><G92/><T7/><D7/><U4/><E4/><V48/><F27/><W83/><G94/><T20/><D101/><U98/><E98/><V112/><F112/><W8/><G8/><T30/><D30/><U40/><E29/><V66/><F66/><W44/><REACH who="3" step="1"/><G59/><REACH who="3" ten="250,250,250,240" step="2"/><T93/><D93/><U72/><E72/><V124/><F124/><W15/><G15/><T96/><D100/><U33/><E71/><V89/><F123/><W45/><G45/><T77/><D96/><U95/><REACH who="1" step="1"/><E69/><AGARI ba="0,1" hai="13,18,20,53,54,63,65,69,75,77,78,80,81,86" machi="69" ten="30,1500,0" yaku="7,1" doraHai="36" who="0" fromWho="1" sc="250,25,250,-15,250,0,240,0" /><INIT seed="0,1,0,2,4,25" ten="275,235,250,240" oya="0" hai0="131,6,20,61,12,32,42,79,111,72,18,117,116" hai1="96,26,104,15,63,114,77,129,118,93,132,11,113" hai2="14,86,124,87,9,39,78,119,27,41,123,121,23" hai3="3,30,62,82,4,55,88,43,16,51,50,122,107"/><T125/><D72/><U128/><E118/><V94/><F124/><W31/><G107/><T37/><D79/><U54/><E104/><V48/><F39/><W81/><G4/><T95/><D37/><U135/><E77/><V97/><F119/><N who="0" m="45642" /><D61/><U36/><E36/><V115/><F115/><N who="1" m="44041" /><E26/><V74/><F74/><W2/><G122/><T29/><D95/><U52/><E63/><V22/><F121/><W85/><G62/><T91/><D91/><N who="1" m="55359" /><E15/><V75/><F75/><W7/><G7/><T71/><D71/><U112/><E11/><V109/><F78/><W110/><G55/><N who="1" m="21034" /><E112/><V100/><F9/><W70/><G70/><T92/><D42/><U57/><E57/><V49/><F41/><W108/><G43/><T67/><D67/><U34/><E34/><V58/><F58/><W89/><G85/><T83/><D83/><U59/><E59/><V80/><F87/><W44/><G44/><T133/><D92/><U47/><E47/><V98/><F86/><W56/><G56/><T65/><D65/><U53/><N who="1" m="21042" /><U28/><DORA hai="24" /><E28/><N who="2" m="17527" /><F80/><W130/><G130/><AGARI ba="1,0" hai="128,129,130,132,135" m="21042,55359,44041" machi="130" ten="40,5200,0" yaku="19,1,11,1,54,1" doraHai="25,24" who="1" fromWho="3" sc="275,0,235,55,250,0,240,-55" /><INIT seed="1,0,0,5,5,21" ten="275,290,250,185" oya="1" hai0="76,134,129,51,122,90,80,58,116,75,31,133,49" hai1="72,135,109,17,36,67,103,91,46,111,24,10,9" hai2="123,56,70,113,4,87,97,2,95,40,13,35,115" hai3="68,93,5,77,82,12,26,59,130,71,98,54,119"/><U92/><E72/><V61/><F35/><W50/><G130/><T3/><D116/><U104/><E104/><V23/><F123/><W120/><G120/><T30/><D3/><U6/><E103/><V125/><F125/><W66/><G119/><T83/><D122/><U55/><E67/><V44/><F2/><W60/><G71/><T28/><D129/><U107/><E107/><V108/><F87/><W27/><G12/><T124/><D124/><U131/><E135/><N who="0" m="51721" /><D58/><U126/><E126/><V132/><F108/><N who="1" m="41545" /><E131/><V47/><F70/><W84/><REACH who="3" step="1"/><G5/><REACH who="3" ten="275,290,250,175" step="2"/><T105/><D105/><U63/><E6/><V32/><F132/><W19/><G19/><T114/><D114/><U86/><E36/><V118/><F115/><W106/><G106/><T78/><D90/><AGARI ba="0,1" hai="26,27,50,54,59,60,66,68,77,82,84,90,93,98" machi="90" ten="30,7700,0" yaku="1,1,7,1,52,2,53,0" doraHai="21" doraHaiUra="37" who="3" fromWho="0" sc="275,-77,290,0,250,0,175,87" /><INIT seed="2,0,0,4,3,5" ten="198,290,250,262" oya="2" hai0="20,127,71,92,43,109,72,68,134,90,69,3,54" hai1="33,128,36,61,87,47,75,115,57,32,112,39,19" hai2="122,58,4,1,111,100,103,12,126,52,62,74,29" hai3="22,26,101,2,135,11,50,67,65,130,7,76,31"/><V119/><F119/><W18/><G135/><T110/><D72/><U10/><E75/><V83/><F122/><W17/><G130/><T63/><D3/><U132/><E132/><V80/><F126/><W106/><G76/><T13/><D134/><U98/><E128/><V64/><F1/><W133/><G133/><T114/><D114/><U30/><E87/><V96/><F29/><W59/><G106/><T51/><D127/><U44/><E98/><V21/><F74/><W34/><G101/><T94/><D43/><U91/><E91/><V6/><F103/><W60/><G50/><T125/><D125/><U108/><E108/><V82/><F64/><W16/><REACH who="3" step="1"/><G65/><REACH who="3" ten="198,290,250,252" step="2"/><T41/><D41/><U28/><E115/><V84/><F111/><W73/><G73/><T56/><D63/><U116/><E61/><V42/><F100/><W124/><G124/><T129/><D129/><U120/><E112/><V118/><F62/><W89/><G89/><T27/><D90/><U14/><E39/><V104/><F104/><W9/><G9/><T25/><D109/><U37/><E10/><V23/><F118/><W93/><G93/><T117/><D110/><U46/><E37/><V38/><F38/><W105/><G105/><T81/><D117/><U99/><E36/><V123/><F83/><W0/><G0/><T107/><D107/><U35/><E116/><V97/><F82/><W55/><G55/><T79/><D79/><U102/><E102/><V40/><F52/><W85/><G85/><T66/><D81/><U8/><E8/><V49/><F80/><W15/><AGARI ba="0,1" hai="2,7,11,15,16,17,18,22,26,31,34,59,60,67" machi="15" ten="20,16000,3" yaku="1,1,5,1,0,1,7,1,24,2,52,1,54,1,53,1" doraHai="5" doraHaiUra="24" who="3" fromWho="3" sc="198,-40,290,-40,250,-80,252,170" /><INIT seed="3,0,0,3,3,34" ten="158,250,170,422" oya="3" hai0="79,56,109,129,54,120,91,7,133,83,75,58,4" hai1="15,102,119,115,121,20,95,45,103,37,12,49,50" hai2="107,38,97,117,68,90,66,28,1,65,89,108,41" hai3="125,84,6,88,25,78,5,128,51,85,100,31,60"/><W63/><G128/><T112/><D120/><U48/><E115/><V76/><F117/><W104/><G125/><T18/><D129/><U62/><E121/><V57/><F68/><W94/><G51/><T14/><D112/><U13/><E62/><V131/><F131/><W73/><G84/><T42/><D109/><U16/><E119/><V126/><F126/><W86/><G86/><T21/><D133/><U71/><E71/><V44/><F108/><W122/><G122/><T118/><D118/><U70/><E70/><V110/><F110/><W82/><G6/><T80/><D42/><U36/><E36/><V81/><F28/><W114/><G5/><T27/><D58/><U8/><E37/><V96/><F1/><W124/><G124/><T99/><D14/><U135/><E135/><V9/><F9/><W93/><G93/><T132/><D132/><U59/><E59/><V32/><F32/><W53/><G53/><T52/><D54/><U74/><E74/><V3/><F3/><W77/><G77/><T11/><D11/><U64/><E64/><V26/><F66/><W39/><G39/><T33/><D33/><U87/><E8/><V98/><F107/><W10/><G10/><T24/><D24/><N who="1" m="14343" /><E45/><V123/><F123/><W0/><G0/><T113/><D113/><U43/><E43/><V101/><F26/><W61/><G114/><T69/><D69/><U111/><E111/><V106/><F65/><W29/><G25/><T130/><D130/><U17/><E17/><V40/><F38/><W92/><G104/><T19/><D18/><U23/><E23/><RYUUKYOKU ba="0,0" sc="158,-15,250,15,170,-15,422,15" hai1="12,13,15,48,49,50,87,95,102,103" hai3="29,31,60,61,63,73,78,82,85,88,92,94,100" /><INIT seed="3,1,0,2,3,25" ten="143,265,155,437" oya="3" hai0="50,76,9,56,52,121,101,119,73,38,29,55,58" hai1="51,61,45,108,135,40,95,110,24,134,87,117,94" hai2="81,72,5,36,77,132,92,28,97,43,80,96,85" hai3="12,111,59,125,106,69,133,90,115,21,103,48,105"/><W74/><G69/><T83/><D38/><U98/><E117/><V82/><F132/><N who="1" m="50729" /><E87/><V57/><F5/><W53/><G115/><T127/><D127/><U26/><E61/><V124/><F124/><W122/><G122/><T41/><D121/><U23/><E26/><V67/><F43/><W65/><G111/><N who="1" m="42538" /><E98/><V79/><F36/><W102/><G74/><T130/><D130/><U47/><E45/><V15/><F96/><W0/><G65/><T22/><D119/><U27/><E27/><V49/><F72/><W44/><G44/><T100/><D41/><U6/><E6/><V17/><F85/><W113/><G113/><T1/><D100/><U2/><E2/><V107/><F67/><W123/><G0/><T131/><D101/><U46/><E46/><V20/><F107/><W78/><G106/><T68/><D131/><U64/><E64/><V4/><F4/><W118/><G105/><T8/><D68/><U37/><E37/><V86/><F86/><W62/><G118/><T14/><D1/><U60/><E60/><V13/><F13/><W116/><G62/><T112/><D112/><U34/><E34/><V42/><F42/><W10/><G123/><T128/><D128/><U88/><E88/><N who="2" m="55431" /><F28/><AGARI ba="1,0" hai="23,24,28,40,47,51,94,95" m="42538,50729" machi="28" ten="30,3900,0" yaku="20,1,14,1,52,1" doraHai="25" who="1" fromWho="2" sc="143,0,265,42,155,-42,437,0" /><INIT seed="4,0,0,4,4,89" ten="143,307,113,437" oya="0" hai0="97,58,19,29,9,63,94,108,79,44,128,62,55" hai1="68,104,38,50,66,78,21,14,95,46,22,20,49" hai2="30,13,5,33,57,75,86,125,59,70,130,101,106" hai3="117,90,26,39,126,116,1,103,18,105,113,25,34"/><T73/><D128/><U2/><E2/><V120/><F75/><W133/><G39/><T111/><D29/><U119/><E119/><V88/><F120/><W23/><G1/><T91/><D63/><U54/><E104/><V24/><F70/><W115/><G90/><T135/><D135/><U83/><E38/><V76/><F125/><W47/><G47/><T71/><D71/><U72/><E66/><V81/><F130/><W15/><G126/><T11/><D44/><U82/><E68/><V118/><F118/><W60/><G60/><T67/><D67/><U69/><E50/><V102/><F76/><W51/><G51/><T85/><D73/><U131/><E82/><V134/><F134/><W100/><G100/><T43/><D43/><U28/><E28/><V80/><F80/><W65/><G65/><T123/><D123/><U107/><E107/><V37/><F37/><W31/><G26/><T84/><D79/><U122/><E69/><V114/><F114/><N who="3" m="43531" /><G133/><T42/><D42/><U93/><E131/><V41/><F41/><W129/><G129/><T92/><D84/><U8/><REACH who="1" step="1"/><E122/><REACH who="1" ten="143,297,113,437" step="2"/><V127/><F127/><W124/><G124/><T109/><REACH who="0" step="1"/><D19/><AGARI ba="0,1" hai="8,14,19,20,21,22,46,49,54,72,78,83,93,95" machi="19" ten="40,8000,1" yaku="1,1,2,1,52,2,53,1" doraHai="89" doraHaiUra="74" who="1" fromWho="0" sc="143,-80,297,90,113,0,437,0" /><INIT seed="5,0,0,1,0,15" ten="63,387,113,437" oya="1" hai0="48,77,64,35,24,66,30,25,123,27,7,86,37" hai1="121,1,63,81,116,2,120,46,3,109,61,90,102" hai2="55,6,103,101,13,108,19,9,69,84,85,26,23" hai3="130,118,4,38,91,16,132,49,87,60,82,51,114"/><U45/><E116/><V88/><F108/><W125/><G38/><T115/><D37/><U29/><E102/><N who="2" m="38923" /><F69/><W96/><G4/><T68/><D115/><U105/><E105/><V122/><F122/><W43/><G125/><T71/><D123/><U135/><E109/><V110/><F110/><W52/><G130/><T129/><D129/><U17/><E29/><V36/><F36/><W124/><G132/><T59/><D7/><U65/><E135/><V127/><F127/><W50/><G43/><T80/><D35/><U76/><E90/><V97/><F55/><W56/><G114/><T89/><D30/><U40/><E120/><V70/><F70/><W41/><G41/><T106/><D106/><U111/><E121/><V34/><F34/><W113/><G124/><T94/><D68/><U47/><E40/><V83/><F85/><W28/><G28/><T42/><D71/><U0/><E0/><V95/><F83/><W58/><G118/><T117/><D117/><U78/><E111/><V33/><F33/><W112/><G96/><T99/><REACH who="0" step="1"/><D59/><REACH who="0" ten="53,387,113,437" step="2"/><U11/><E47/><AGARI ba="0,1" hai="24,25,27,42,47,48,64,66,77,80,86,89,94,99" machi="47" ten="40,5200,0" yaku="1,1,2,1,8,1,53,0" doraHai="15" doraHaiUra="18" who="0" fromWho="1" sc="53,62,387,-52,113,0,437,0" /><INIT seed="6,0,0,0,4,90" ten="115,335,113,437" oya="2" hai0="78,58,28,133,121,124,91,46,6,64,76,24,3" hai1="83,97,57,56,113,93,132,2,99,37,88,80,105" hai2="117,19,59,81,9,47,126,12,87,129,30,119,62" hai3="15,67,63,60,51,127,5,86,41,22,74,25,13"/><V69/><F129/><W104/><G74/><T102/><D102/><U32/><E2/><V77/><F126/><W40/><G104/><T16/><D121/><U52/><E32/><V61/><F30/><W17/><G127/><T54/><D133/><U18/><E37/><V0/><F0/><W11/><G60/><N who="0" m="37911" /><D6/><U85/><E132/><V20/><F47/><W107/><G107/><T114/><D3/><U66/><E113/><V92/><F9/><W98/><G98/><N who="1" m="37386" /><E105/><V120/><F120/><W115/><G51/><N who="0" m="29047" /><D28/><U7/><E7/><V65/><REACH who="2" step="1"/><F92/><REACH who="2" ten="115,335,103,437" step="2"/><W73/><G11/><T94/><D124/><U96/><E18/><V29/><F29/><W75/><G17/><T4/><D4/><U71/><E93/><V82/><F82/><W49/><G5/><T39/><D39/><U43/><E83/><V116/><F116/><W10/><G10/><T111/><D111/><U26/><E80/><V103/><F103/><W42/><G115/><T130/><D130/><U131/><E131/><V95/><F95/><W89/><G75/><T50/><D114/><U123/><E123/><V45/><F45/><W79/><G73/><T122/><D122/><U35/><E35/><V125/><F125/><W72/><G72/><T23/><D50/><U68/><E96/><AGARI ba="0,1" hai="16,23,24,76,78,91,94,96" m="29047,37911" machi="96" ten="30,3900,0" yaku="8,1,52,1,54,1" doraHai="90" who="0" fromWho="1" sc="115,49,335,-39,103,0,437,0" /><INIT seed="7,0,0,1,3,78" ten="164,296,103,437" oya="3" hai0="91,27,66,94,9,44,20,83,135,112,22,67,101" hai1="86,63,79,113,77,104,74,18,58,49,97,15,13" hai2="51,59,128,129,68,76,75,120,100,134,127,34,25" hai3="131,107,64,90,105,52,57,103,4,62,17,11,46"/><W126/><G103/><T40/><D112/><U6/><E74/><V71/><F120/><W33/><G33/><T19/><D135/><U82/><E49/><V61/><F134/><W10/><G90/><T117/><D9/><U60/><E6/><V132/><F132/><W28/><G28/><T55/><D55/><U54/><E77/><V16/><F127/><W3/><G131/><T56/><D56/><U124/><E124/><V43/><F100/><W108/><G108/><T121/><D22/><U123/><E123/><V41/><F71/><W87/><G87/><T23/><D23/><U72/><E72/><V53/><F68/><W88/><G88/><T69/><D94/><U96/><E104/><V1/><F1/><W30/><G30/><T85/><D101/><U48/><E13/><V37/><F37/><W12/><G126/><T35/><D35/><U115/><E115/><V81/><F34/><W39/><G39/><T125/><D91/><U114/><E114/><V45/><REACH who="2" step="1"/><F41/><REACH who="2" ten="164,296,93,437" step="2"/><W111/><G111/><T29/><D40/><U84/><E113/><V31/><F31/><W92/><G3/><T47/><D29/><U106/><E106/><V109/><F109/><W102/><G107/><T119/><D69/><U130/><E130/><V42/><F42/><W89/><G105/><T73/><D125/><U98/><E86/><V70/><F70/><W133/><G102/><T110/><D110/><U21/><AGARI ba="0,1" hai="15,18,21,48,54,58,60,63,79,82,84,96,97,98" machi="21" ten="30,4000,0" yaku="0,1,8,1,52,1" doraHai="78" who="1" fromWho="1" sc="164,-10,296,50,93,-10,437,-20" owari="154,-25.0,346,15.0,83,-42.0,417,52.0" /></mjloggm>