<mjloggm ver="2.3"><GO type="169" lobby="0"/><UN n0="%E5%A4%A9%E8%8B%A6%E4%BD%8D" n1="%E4%B8%83%EF%BD%80%E3%83%BB%CF%89%E3%83%BB%29%E3%83%8E%EF%BC%81" n2="%E7%BE%8E%E6%A8%B9%E2%98%86%E3%81%95%E3%82%84%E3%81%8B" n3="%E3%82%A6%E3%83%AB%E3%83%88%E3%83%A9%E7%AB%8B%E7%9B%B4" dan="16,16,16,17" rate="2105.72,2163.18,2175.86,2127.93" sx="M,M,F,M"/><TAIKYOKU oya="0"/><INIT seed="0,0,0,4,0,130" ten="250,250,250,250" oya="0" hai0="59,12,102,49,27,118,5,57,90,55,76,35,48" hai1="67,85,46,116,65,97,69,63,34,110,73,30,38" hai2="18,60,99,89,70,20,96,104,62,125,44,33,45" hai3="123,10,1,41,115,122,133,37,93,109,6,129,86"/><T68/><D118/><U47/><E73/><V92/><F33/><W71/><G86/><T111/><D68/><U29/><E116/><V8/><F125/><W127/><G93/><T50/><D111/><U72/><E72/><V51/><F8/><W64/><G129/><T58/><D76/><U131/><E131/><V128/><F128/><W66/><G115/><T42/><D102/><U135/><E85/><V56/><F70/><W113/><G113/><T83/><D35/><U43/><E65/><V36/><F36/><W23/><G23/><T3/><D3/><U87/><E34/><V112/><F112/><W32/><G66/><T61/><D27/><U39/><E110/><V126/><F126/><W124/><G109/><T52/><D83/><U2/><E2/><V106/><F106/><W81/><G81/><T11/><D90/><U79/><E97/><V98/><F104/><W53/><G53/><N who="0" m="20555" /><D61/><U25/><E25/><V24/><F62/><N who="3" m="40343" /><G32/><T105/><D105/><U15/><E79/><V108/><F108/><W134/><G124/><T31/><D31/><U132/><E87/><N who="2" m="52287" /><F60/><W28/><G28/><T17/><D5/><U114/><E114/><V103/><F103/><W54/><G54/><AGARI ba="0,0" hai="18,20,24,44,45,51,54,56,96,98,99" m="52287" machi="54" ten="30,1000,0" yaku="8,1" doraHai="130" who="2" fromWho="3" sc="250,0,250,0,250,10,250,-10" /><INIT seed="1,0,0,1,1,135" ten="250,250,260,240" oya="1" hai0="41,128,110,76,28,25,95,16,44,119,17,12,10" hai1="118,93,36,122,123,80,52,131,45,66,65,67,2" hai2="82,84,71,129,109,58,4,6,120,60,132,49,15" hai3="26,24,102,73,42,113,54,105,8,48,23,91,100"/><U87/><E118/><V79/><F120/><W30/><G113/><T21/><D119/><U34/><E131/><V86/><F132/><W99/><G73/><T103/><D110/><U1/><E34/><V55/><F109/><W40/><G102/><T106/><D106/><U114/><E114/><V57/><F71/><W13/><G91/><T64/><D64/><U96/><E2/><V47/><F129/><W61/><G26/><T46/><D128/><U116/><E1/><V124/><F124/><W85/><G85/><T81/><D95/><U0/><E0/><V90/><F15/><W51/><G61/><T125/><D103/><U134/><E134/><V35/><F35/><W101/><G101/><T74/><D125/><U56/><E116/><V133/><F58/><W92/><G105/><T5/><REACH who="0" step="1"/><D44/><REACH who="0" ten="240,250,260,240" step="2"/><U69/><E69/><V62/><F133/><W37/><G92/><T9/><D9/><U32/><E67/><V33/><F33/><W77/><G8/><T126/><D126/><U72/><E66/><V3/><F3/><W68/><G100/><T111/><D111/><U63/><E32/><V115/><F115/><W94/><G94/><T98/><D98/><U83/><E96/><V39/><F47/><W97/><G99/><T75/><D75/><U88/><E65/><V121/><F86/><W107/><G97/><T27/><D27/><U117/><E117/><V127/><F84/><W53/><G107/><T78/><D78/><N who="1" m="44103" /><E93/><V108/><F79/><W19/><G77/><T130/><D130/><U31/><E45/><N who="2" m="28079" /><F108/><W104/><G104/><T43/><D43/><RYUUKYOKU ba="0,1" sc="240,30,250,-10,260,-10,240,-10" hai0="5,10,12,16,17,21,25,28,41,46,74,76,81" /><INIT seed="2,1,1,4,4,101" ten="270,240,250,230" oya="2" hai0="18,115,124,0,54,74,72,6,83,7,105,88,131" hai1="119,9,90,26,126,85,24,64,13,78,98,4,51" hai2="25,55,79,52,12,22,10,45,73,80,17,91,109" hai3="59,28,34,8,23,129,63,134,37,82,118,112,100"/><V65/><F109/><W27/><G118/><T47/><D115/><U39/><E119/><V49/><F65/><W87/><G112/><T31/><D124/><U60/><E39/><V125/><F125/><W93/><G37/><T68/><D68/><U92/><E126/><V19/><REACH who="2" step="1"/><F91/><REACH who="2" ten="270,240,240,230" step="2"/><W128/><G129/><T123/><D88/><U40/><E64/><V96/><F96/><W32/><G128/><T21/><D131/><U75/><E60/><V30/><F30/><W86/><G134/><T38/><D31/><U103/><E78/><V111/><F111/><W67/><G87/><T50/><D72/><U70/><E75/><V14/><F14/><W43/><G86/><T133/><D74/><U3/><E3/><V114/><F114/><W94/><G28/><T35/><D0/><U117/><E117/><V33/><F33/><W104/><G34/><T81/><D35/><U15/><E15/><V116/><F116/><W53/><G32/><T102/><D133/><U36/><E85/><V2/><F2/><W122/><G67/><T108/><D108/><U132/><E90/><V76/><F76/><W69/><G122/><T110/><D123/><U61/><E132/><V11/><F11/><W84/><G8/><T97/><D110/><U121/><E121/><V48/><F48/><W44/><G84/><T46/><D38/><U1/><E1/><V77/><F77/><W58/><G63/><T120/><D120/><U20/><E36/><V71/><F71/><W106/><G69/><T113/><D113/><U5/><E70/><V29/><F29/><W95/><G27/><RYUUKYOKU ba="1,2" sc="270,-10,240,-10,240,30,230,-10" hai2="10,12,17,19,22,25,45,49,52,55,73,79,80" /><INIT seed="2,2,2,5,2,106" ten="260,230,270,220" oya="2" hai0="135,48,130,16,73,60,63,29,8,126,50,92,5" hai1="78,43,99,77,89,88,105,101,34,1,115,96,109" hai2="58,9,120,84,134,85,6,57,127,112,68,37,26" hai3="74,65,33,25,70,40,111,24,46,20,128,41,19"/><V61/><F120/><W51/><G111/><T86/><D126/><U45/><E34/><V83/><F112/><W122/><G122/><T39/><D39/><U31/><E1/><V66/><F37/><W4/><G128/><T123/><D123/><U12/><E31/><V47/><F127/><W94/><G4/><T117/><D130/><U93/><E109/><V35/><F134/><W79/><G41/><T125/><D125/><U2/><E2/><V129/><F47/><W22/><G33/><T72/><D117/><U28/><E28/><V119/><F85/><W104/><G104/><T21/><D29/><U11/><E89/><V98/><F129/><W80/><G94/><T69/><D92/><U36/><REACH who="1" step="1"/><E115/><REACH who="1" ten="260,220,270,220" step="2"/><V102/><F119/><W54/><G40/><T131/><D131/><U44/><E44/><V121/><F121/><W118/><G118/><T64/><D135/><U82/><E82/><V100/><F83/><W75/><G80/><T55/><D63/><U91/><E91/><V62/><F61/><W133/><G133/><T90/><D90/><U53/><E53/><V30/><F62/><W52/><G54/><T23/><D55/><U113/><E113/><V42/><F42/><W7/><G52/><T124/><D124/><U108/><E108/><V59/><F30/><W38/><G46/><T18/><D60/><U110/><E110/><V95/><F35/><W103/><G65/><T132/><D64/><U15/><E15/><V13/><F66/><W3/><G3/><T71/><D132/><U114/><E114/><V67/><F67/><W87/><G25/><RYUUKYOKU ba="2,3" sc="260,-10,220,30,270,-10,220,-10" hai1="11,12,36,43,45,77,78,88,93,96,99,101,105" /><INIT seed="3,3,3,0,1,16" ten="250,250,260,210" oya="3" hai0="28,123,43,26,52,87,116,82,79,50,36,37,8" hai1="46,130,23,75,113,97,17,47,127,80,31,9,0" hai2="59,86,103,11,120,15,33,12,74,19,112,5,83" hai3="24,108,30,72,129,3,10,34,42,89,115,85,73"/><W66/><G115/><T77/><D123/><U45/><E113/><V57/><F112/><W54/><G42/><T29/><D116/><U69/><E69/><V71/><F71/><W48/><G66/><T70/><D70/><U110/><E110/><V22/><F33/><W128/><G108/><T121/><D121/><U125/><E130/><N who="3" m="50282" /><G10/><T21/><D8/><U133/><E133/><V94/><F74/><W39/><G39/><T55/><D79/><N who="1" m="44159" /><E97/><N who="2" m="59831" /><F120/><W62/><G62/><T13/><D13/><N who="1" m="9647" /><E31/><V126/><F126/><N who="1" m="48137" /><E9/><V67/><F67/><W68/><G68/><T38/><REACH who="0" step="1"/><D29/><REACH who="0" ten="240,250,260,210" step="2"/><U32/><E0/><V95/><F95/><N who="3" m="54703" /><G3/><T61/><D61/><U98/><E98/><V18/><F5/><W64/><G64/><T100/><D100/><U51/><E32/><V84/><F84/><W117/><G117/><T119/><D119/><U107/><E107/><V96/><F96/><W35/><G35/><T14/><D14/><U90/><E90/><AGARI ba="3,4" hai="11,12,15,18,19,22,57,59,83,86,90" m="59831" machi="90" ten="30,2000,0" yaku="8,1,52,1" doraHai="16" who="2" fromWho="1" sc="240,0,250,-29,260,69,210,0" /><INIT seed="4,0,0,1,1,50" ten="240,221,329,210" oya="0" hai0="116,119,120,24,91,99,65,27,105,62,11,36,0" hai1="131,57,25,56,45,12,122,54,100,20,18,128,134" hai2="133,127,130,81,92,26,79,23,76,53,60,71,5" hai3="40,15,35,55,17,44,85,95,114,107,48,66,16"/><T125/><D120/><U42/><E122/><V69/><F130/><N who="1" m="49705" /><E134/><V13/><F127/><W82/><G107/><T3/><D125/><U101/><E25/><V33/><F33/><W49/><G35/><T72/><D36/><N who="1" m="21703" /><E57/><V103/><F71/><W78/><G114/><T115/><D72/><U38/><E38/><V75/><F79/><W132/><G132/><T87/><D115/><U21/><E21/><V83/><F69/><W14/><G66/><T77/><D77/><U22/><E22/><V30/><F76/><W123/><G123/><T68/><D24/><U109/><E109/><V86/><F75/><W59/><REACH who="3" step="1"/><G95/><REACH who="3" ten="240,221,329,200" step="2"/><N who="0" m="54783" /><D105/><U28/><E28/><V34/><F30/><W124/><G124/><T19/><D65/><U8/><E20/><V73/><F23/><W96/><G96/><T118/><D99/><U1/><E1/><V32/><F32/><W135/><G135/><T89/><D0/><U2/><E2/><V110/><F34/><W104/><G104/><T94/><D3/><U108/><E108/><V74/><F110/><W51/><G51/><AGARI ba="0,1" hai="8,12,18,51,54,56,100,101" m="21703,49705" machi="51" ten="30,2000,0" yaku="19,1,52,1" doraHai="50" who="1" fromWho="3" sc="240,0,221,30,329,0,200,-20" /><INIT seed="5,0,0,5,2,70" ten="240,251,329,180" oya="1" hai0="45,104,89,4,111,54,106,15,92,128,68,134,6" hai1="78,126,59,76,79,27,82,122,124,129,93,131,24" hai2="103,83,28,19,62,16,67,121,100,3,63,9,116" hai3="60,53,0,113,118,135,48,71,110,32,46,23,18"/><U64/><E122/><V2/><F116/><W31/><G110/><T109/><D68/><U81/><E64/><V14/><F121/><W58/><G118/><T1/><D1/><U36/><E59/><N who="2" m="37343" /><F2/><W61/><G0/><T95/><D134/><U22/><E36/><V74/><F74/><W80/><G135/><T72/><D72/><U120/><E120/><V85/><F28/><W66/><G113/><T96/><D128/><N who="1" m="49227" /><E22/><N who="2" m="11543" /><F63/><W98/><G32/><T33/><D33/><U41/><E41/><V91/><F3/><W43/><G31/><T12/><D45/><U13/><E13/><AGARI ba="0,0" hai="9,13,19,83,85,91,100,103" m="11543,37343" machi="13" ten="30,2000,0" yaku="8,1,54,1" doraHai="70" who="2" fromWho="1" sc="240,0,251,-20,329,20,180,0" /><INIT seed="6,0,0,1,3,67" ten="240,231,349,180" oya="2" hai0="111,93,135,104,60,48,133,122,21,88,98,46,24" hai1="45,11,126,6,84,40,128,80,10,77,117,85,69" hai2="12,34,2,25,29,55,131,54,87,8,28,101,18" hai3="1,16,109,134,78,76,118,127,47,58,35,9,102"/><V114/><F114/><W44/><G35/><T30/><D122/><U51/><E117/><V96/><F131/><W37/><G118/><T23/><D104/><U108/><E128/><V50/><F2/><W59/><G109/><T4/><D4/><U90/><E108/><V61/><F29/><W71/><G1/><T43/><D60/><U129/><E129/><V38/><F38/><W106/><G37/><T83/><D111/><U15/><E126/><V103/><F87/><W74/><G106/><T3/><D3/><U33/><E33/><V7/><F7/><W66/><G74/><T56/><D56/><N who="3" m="21545" /><G127/><T32/><REACH who="0" step="1"/><D83/><REACH who="0" ten="230,231,349,180" step="2"/><N who="1" m="47215" /><E11/><V39/><F8/><W5/><G9/><T72/><D72/><U115/><E115/><V0/><F0/><W53/><G134/><AGARI ba="0,1" hai="21,23,24,30,32,43,46,48,88,93,98,133,134,135" machi="134" ten="40,8000,1" yaku="1,1,20,1,54,1,53,1" doraHai="67" doraHaiUra="41" who="0" fromWho="3" sc="230,90,231,0,349,0,180,-80" /><INIT seed="7,0,0,0,5,94" ten="320,231,349,100" oya="3" hai0="85,38,36,47,116,21,52,101,26,93,30,133,102" hai1="121,19,15,34,59,128,51,68,40,91,25,104,73" hai2="39,89,13,108,124,49,71,5,64,127,55,107,103" hai3="27,78,109,3,114,135,112,16,45,17,84,95,96"/><W24/><G3/><T58/><D116/><U1/><E68/><V86/><F39/><W7/><G109/><T125/><D125/><N who="2" m="48202" /><F108/><W72/><G72/><T70/><D70/><U76/><E104/><V123/><F103/><N who="3" m="60831" /><G7/><T20/><D133/><U119/><E1/><V37/><F37/><W18/><G45/><T90/><D36/><U118/><E121/><V129/><F129/><W126/><G126/><T69/><D69/><U57/><E128/><V8/><F107/><W79/><G135/><T81/><D38/><U130/><E130/><V98/><F123/><W120/><G120/><T117/><D117/><N who="1" m="44555" /><E91/><V29/><F29/><W11/><G11/><T0/><D0/><U67/><E67/><V99/><F64/><W10/><G10/><T132/><D47/><N who="1" m="26087" /><E76/><N who="3" m="29226" /><G84/><T4/><D4/><U134/><E73/><V61/><F71/><W31/><G31/><T115/><D132/><U43/><E43/><V9/><F9/><W122/><G122/><T6/><D6/><U42/><E42/><V113/><F113/><AGARI ba="0,0" hai="16,17,18,24,27,112,113,114" m="29226,60831" machi="113" ten="30,5800,0" yaku="15,1,52,1,54,1" doraHai="94" who="3" fromWho="2" sc="320,0,231,0,349,-58,100,58" /><INIT seed="7,1,0,1,1,68" ten="320,231,291,158" oya="3" hai0="83,99,3,37,84,48,71,109,131,119,86,20,92" hai1="52,25,93,17,135,31,59,89,118,105,55,34,74" hai2="130,40,5,108,121,120,54,87,124,133,38,101,22" hai3="111,16,72,4,75,12,126,115,82,117,69,36,13"/><W39/><G117/><T103/><D109/><U56/><E118/><V57/><F5/><W51/><G69/><T45/><D37/><N who="3" m="14409" /><G4/><T110/><D110/><U78/><E135/><V9/><F133/><W76/><G111/><T27/><D131/><U30/><E105/><V19/><F130/><W60/><G60/><T14/><D71/><U113/><E113/><V79/><F124/><W49/><G82/><T62/><D62/><U44/><E31/><V67/><F67/><W41/><G41/><T97/><D3/><U77/><E17/><V102/><F9/><W80/><G80/><T98/><D14/><N who="3" m="5737" /><G16/><N who="0" m="12679" /><D119/><U90/><E90/><V35/><F108/><W6/><G6/><T47/><D47/><U85/><E44/><V112/><F40/><W43/><G43/><N who="0" m="24639" /><D84/><U7/><E7/><V100/><F87/><W114/><G126/><T1/><D1/><U2/><E2/><V10/><F101/><W46/><G46/><T128/><D128/><U0/><E0/><V127/><F100/><W88/><G88/><AGARI ba="1,0" hai="83,86,88,92,97,98,99,103" m="24639,12679" machi="88" ten="30,3900,0" yaku="8,1,54,2" doraHai="68" who="0" fromWho="3" sc="320,42,231,0,291,0,158,-42" owari="362,46.0,231,-17.0,291,9.0,116,-38.0" /></mjloggm>