<mjloggm ver="2.3"><GO type="169" lobby="0"/><UN n0="%E8%8D%92%E5%B7%9D%E5%95%93%E5%90%BE" n1="%E6%B2%99%E7%B9%94%E3%83%90%E3%82%B8%E3%83%BC%E3%83%8A" n2="%E5%B0%B1%E6%B4%BB%E7%94%9F%40%E5%B7%9D%E6%9D%91%E8%BB%8D%E5%9B%A3" n3="%E5%88%87%E3%82%8A%E6%9C%AD" dan="16,16,19,18" rate="2091.71,2092.34,2346.03,2249.45" sx="M,F,M,M"/><TAIKYOKU oya="0"/><INIT seed="0,0,0,0,5,111" ten="250,250,250,250" oya="0" hai0="21,94,121,11,109,124,112,67,0,17,99,78,13" hai1="83,91,22,51,62,4,73,63,126,131,38,24,56" hai2="43,115,68,6,117,20,79,12,90,98,134,97,130" hai3="1,132,72,93,122,129,89,40,88,71,125,55,114"/><T23/><D121/><U5/><E38/><V42/><F68/><W106/><RYUUKYOKU type="yao9" ba="0,0" sc="250,0,250,0,250,0,250,0" hai3="1,40,55,71,72,88,89,93,106,114,122,125,129,132" /><INIT seed="0,1,0,5,2,8" ten="250,250,250,250" oya="0" hai0="91,70,97,21,90,28,16,5,30,20,43,17,4" hai1="51,95,100,12,87,104,2,55,68,31,134,82,40" hai2="113,63,86,10,127,48,75,22,61,62,36,19,78" hai3="72,7,23,39,18,67,38,93,25,128,14,106,118"/><T132/><D70/><U54/><E2/><V26/><F36/><W98/><G118/><T122/><D43/><U29/><E68/><V102/><F113/><W133/><G72/><T15/><D132/><U24/><E104/><V35/><F127/><W3/><G133/><T37/><D37/><U32/><E29/><N who="0" m="11369" /><D122/><U135/><E40/><V47/><F75/><W6/><G3/><T125/><D125/><U69/><E69/><V74/><F74/><W108/><G106/><T58/><D58/><U11/><E55/><V52/><F35/><W76/><G76/><T115/><D115/><U130/><E130/><V71/><F102/><W99/><G128/><T92/><D90/><N who="1" m="51575" /><E95/><V80/><F71/><W42/><G42/><T50/><D50/><U1/><E100/><V41/><F41/><W114/><G114/><T49/><D49/><U56/><E1/><V89/><F78/><W33/><G93/><T129/><D129/><U123/><E123/><V79/><F79/><W131/><G131/><T65/><D65/><U111/><E134/><V109/><F109/><W60/><G108/><T117/><D117/><U112/><E111/><V84/><F84/><W0/><G39/><T110/><D110/><U120/><E120/><V126/><F126/><W73/><G73/><T66/><D66/><U81/><E112/><V53/><F53/><W34/><G67/><T27/><AGARI ba="1,0" hai="4,5,15,16,17,20,21,27,91,92,97" m="11369" machi="27" ten="30,6000,0" yaku="8,1,52,1,54,1" doraHai="8" who="0" fromWho="0" sc="250,63,250,-21,250,-21,250,-21" /><INIT seed="0,2,0,0,0,33" ten="313,229,229,229" oya="0" hai0="80,45,55,113,76,35,84,111,72,69,124,133,95" hai1="25,67,81,23,121,39,132,36,90,10,60,57,42" hai2="30,40,61,127,27,105,116,103,51,28,50,63,5" hai3="79,20,7,59,19,54,24,117,12,15,112,29,64"/><T92/><D35/><U108/><E121/><V89/><F127/><W56/><G112/><T106/><D69/><U53/><E108/><V18/><F116/><W91/><G117/><T21/><D113/><U4/><E132/><V13/><F103/><W65/><G79/><T122/><D122/><U47/><E39/><V46/><F105/><W75/><G75/><T9/><D124/><U70/><E81/><V129/><F129/><W37/><G37/><T126/><D126/><U130/><E90/><V11/><F51/><W128/><G128/><T102/><D133/><U22/><E25/><V2/><F89/><W119/><G119/><T107/><D21/><U6/><E6/><V120/><F28/><W110/><G110/><T71/><D71/><U98/><E98/><V17/><F120/><W83/><G15/><T43/><D55/><U97/><E97/><V96/><F96/><W118/><G7/><T78/><D111/><U99/><E99/><V74/><F74/><W82/><G59/><T49/><D76/><U134/><E134/><V26/><F18/><W41/><G41/><T114/><D114/><U100/><E100/><V68/><F68/><W104/><G104/><T93/><D102/><U77/><E77/><V14/><F14/><W123/><G123/><T73/><D106/><U3/><E130/><V101/><F101/><W44/><G118/><T48/><D107/><U87/><E87/><V94/><F94/><W16/><G91/><T31/><D72/><U86/><E86/><V32/><F27/><W8/><G24/><T135/><D73/><U52/><E70/><RYUUKYOKU ba="2,0" sc="313,-15,229,15,229,15,229,-15" hai1="3,4,10,22,23,36,42,47,52,53,57,60,67" hai2="2,5,11,13,17,26,30,32,40,46,50,61,63" /><INIT seed="1,3,0,5,0,90" ten="298,244,244,214" oya="1" hai0="71,5,56,54,44,45,60,10,22,12,92,64,86" hai1="93,59,70,81,128,69,3,0,16,118,19,82,11" hai2="35,84,112,80,79,91,53,135,48,25,121,124,73" hai3="106,68,29,72,105,40,131,57,37,7,76,24,51"/><U28/><E118/><V78/><F121/><W26/><G68/><T61/><REACH who="0" step="1"/><D22/><REACH who="0" ten="288,244,244,214" step="2"/><U100/><E69/><V116/><F116/><W85/><G131/><T95/><D95/><U1/><E70/><V14/><F135/><W96/><G106/><T30/><D30/><U101/><E128/><V74/><F112/><W99/><G29/><T63/><D63/><U122/><E122/><V113/><F113/><W87/><G105/><T98/><D98/><U31/><E11/><V55/><F35/><W102/><G99/><T42/><D42/><U114/><E114/><V97/><F97/><W15/><G40/><T111/><D111/><U110/><E110/><V129/><F129/><W34/><G96/><T21/><D21/><U2/><E2/><V39/><F25/><W47/><G26/><T75/><D75/><U62/><E0/><V67/><F73/><W23/><G23/><T36/><D36/><U32/><E62/><V58/><F74/><W89/><G37/><T117/><D117/><U38/><E38/><V132/><F39/><W27/><G27/><T66/><D66/><U33/><E59/><V94/><F67/><W18/><G57/><T46/><D46/><U9/><E9/><V43/><F58/><W49/><G47/><T126/><D126/><U120/><E120/><V13/><F124/><W119/><G119/><T52/><D52/><U50/><E50/><V88/><F132/><W83/><G51/><T127/><D127/><U123/><E123/><V134/><F134/><W130/><G130/><T103/><D103/><U125/><E125/><V77/><F48/><RYUUKYOKU ba="3,1" sc="288,15,244,15,244,-15,214,-15" hai0="5,10,12,44,45,54,56,60,61,64,71,86,92" hai1="1,3,16,19,28,31,32,33,81,82,93,100,101" /><INIT seed="1,4,1,1,1,98" ten="303,259,229,199" oya="1" hai0="23,49,68,36,40,97,135,11,59,33,122,118,123" hai1="29,81,124,71,10,119,110,51,106,117,1,112,52" hai2="15,79,61,57,21,62,50,127,27,120,86,18,20" hai3="56,30,101,25,130,16,34,17,105,55,87,126,4"/><U69/><E112/><V73/><F73/><W72/><G72/><T134/><D33/><U90/><E106/><V111/><F120/><N who="0" m="46122" /><D11/><U121/><E121/><V100/><F111/><W47/><G130/><T26/><D68/><U88/><E110/><V93/><F127/><W115/><G115/><T19/><D118/><U39/><E39/><V6/><F6/><W37/><G126/><T89/><D36/><U53/><E29/><V76/><F50/><W0/><G4/><T66/><D66/><U63/><E51/><V128/><F128/><W74/><G74/><T82/><D82/><U12/><E81/><V28/><F62/><W42/><G87/><T78/><D78/><U44/><E44/><V132/><F132/><W91/><G91/><T85/><D85/><U58/><E124/><V48/><F48/><W131/><G0/><T5/><D59/><U7/><E1/><V46/><F46/><W129/><G129/><T95/><D5/><U109/><E109/><V41/><F41/><W133/><G133/><T104/><D104/><U60/><E71/><V113/><F113/><W22/><G34/><T32/><D32/><U2/><E2/><V103/><F79/><W65/><G65/><T94/><D94/><U3/><E3/><V24/><F15/><W84/><G84/><T107/><D107/><U9/><E69/><V43/><F43/><W70/><G70/><T13/><D13/><N who="1" m="5311" /><E119/><V125/><F125/><W108/><G108/><T75/><D75/><U96/><E117/><V31/><F76/><W99/><G131/><T14/><D14/><U38/><E12/><RYUUKYOKU ba="4,1" sc="303,15,259,-15,229,-15,199,15" hai0="19,23,26,40,49,89,95,97,134,135" hai3="16,17,22,25,30,37,42,47,55,56,99,101,105" /><INIT seed="2,5,1,0,0,68" ten="318,244,214,214" oya="2" hai0="112,85,39,90,23,28,76,21,125,63,48,11,88" hai1="29,124,22,53,52,9,79,105,115,38,34,75,98" hai2="44,6,100,113,15,12,126,99,104,43,16,132,91" hai3="50,96,54,14,84,61,120,101,110,119,65,114,7"/><V13/><F113/><W25/><G110/><T56/><D112/><U103/><E115/><V55/><F132/><W129/><G114/><T121/><D121/><U64/><E22/><V83/><F126/><W131/><G120/><T17/><D39/><U35/><E35/><V71/><F71/><W8/><G119/><T135/><D135/><U93/><E93/><V108/><F6/><W116/><G116/><T118/><D125/><U20/><E20/><V2/><F2/><W122/><G84/><T33/><D33/><U31/><E31/><V80/><F108/><W5/><G25/><T24/><D118/><U40/><E9/><V89/><F55/><W27/><G27/><N who="0" m="14767" /><D48/><U78/><E78/><V41/><F16/><W45/><G122/><T134/><D11/><U87/><E75/><V127/><F127/><W47/><G47/><T107/><D107/><U1/><E1/><V72/><F43/><W102/><G7/><T77/><D90/><U95/><E79/><V51/><REACH who="2" step="1"/><F72/><REACH who="2" ten="318,244,204,214" step="2"/><W70/><REACH who="3" step="1"/><G102/><REACH who="3" ten="318,244,204,204" step="2"/><T58/><D134/><U67/><E103/><V73/><F73/><W81/><G81/><AGARI ba="5,3" hai="12,13,15,41,44,51,80,81,83,89,91,99,100,104" machi="81" ten="40,2000,0" yaku="1,1,53,0" doraHai="68" doraHaiUra="32" who="2" fromWho="3" sc="318,0,244,0,204,65,204,-35" /><INIT seed="2,6,0,0,2,15" ten="318,244,269,169" oya="2" hai0="80,101,16,73,65,85,82,53,79,118,3,124,95" hai1="31,48,126,69,78,17,87,72,7,76,5,39,127" hai2="123,46,109,103,104,90,129,42,113,83,22,75,107" hai3="29,111,38,70,11,49,56,102,68,27,77,57,33"/><V135/><F123/><W67/><G38/><T94/><D3/><U32/><E39/><V71/><F71/><W61/><G111/><T9/><D65/><U60/><E72/><V105/><F113/><W106/><G77/><T114/><D114/><U37/><E37/><V58/><F109/><W26/><G11/><T62/><D101/><U119/><E119/><V115/><F115/><W108/><G108/><T1/><D1/><U134/><E31/><V44/><F103/><W20/><G49/><T13/><D124/><N who="1" m="47659" /><E32/><V40/><F135/><W63/><G102/><T131/><D131/><U14/><E134/><V12/><F129/><W130/><G106/><T125/><D118/><U24/><E24/><V121/><F58/><W100/><G100/><T23/><D125/><U128/><E48/><V21/><F121/><W18/><REACH who="3" step="1"/><G130/><REACH who="3" ten="318,244,269,159" step="2"/><T112/><D9/><U36/><E36/><V41/><F90/><W96/><G96/><T43/><D112/><U2/><E78/><V110/><F110/><W88/><G88/><T116/><D116/><U99/><E99/><V122/><F122/><W91/><G91/><T55/><D79/><U0/><E76/><V59/><F75/><W50/><G50/><T4/><D73/><U97/><E97/><V28/><F105/><W81/><G81/><T117/><D80/><U66/><E128/><V47/><F83/><W34/><G34/><T54/><D117/><U25/><E87/><V92/><F104/><W45/><G45/><T51/><D82/><U133/><E133/><V64/><F107/><W98/><G98/><T74/><D85/><RYUUKYOKU ba="6,1" sc="318,-10,244,-10,269,-10,159,30" hai3="18,20,26,27,29,33,56,57,61,63,67,68,70" /><INIT seed="3,7,1,0,5,56" ten="308,234,259,189" oya="3" hai0="25,104,18,3,113,13,88,73,94,110,121,36,63" hai1="5,71,22,15,105,133,130,89,37,46,124,42,52" hai2="97,83,127,16,101,68,49,112,21,98,100,86,119" hai3="33,26,84,95,44,24,54,87,7,0,55,99,59"/><W106/><G106/><T76/><D104/><U65/><E105/><V81/><F68/><W117/><G117/><T47/><D3/><U90/><E133/><V8/><F112/><W125/><G125/><T131/><D121/><U128/><E124/><V12/><F127/><W32/><G0/><T118/><D118/><U14/><E65/><V120/><F119/><W126/><G126/><T28/><D113/><U29/><E71/><V79/><F120/><W4/><G59/><T103/><D103/><N who="2" m="39498" /><F83/><W85/><G95/><T1/><D110/><U109/><E109/><V82/><F82/><W53/><G99/><N who="2" m="37897" /><F49/><W45/><G45/><T48/><D36/><U135/><E135/><V50/><F50/><W70/><G44/><T30/><D76/><U51/><E89/><V60/><F60/><W77/><G77/><T134/><D73/><U2/><E90/><V123/><F123/><W43/><G43/><T80/><D80/><U27/><E42/><V23/><AGARI ba="7,1" hai="8,12,16,21,23,79,81,86" m="37897,39498" machi="23" ten="30,2000,0" yaku="8,1,54,1" doraHai="56" who="2" fromWho="2" sc="308,-12,234,-12,259,51,189,-17" /><INIT seed="4,0,0,5,5,109" ten="296,222,310,172" oya="0" hai0="105,101,0,118,125,45,126,38,114,1,107,104,119" hai1="88,127,98,3,69,123,108,92,60,34,130,131,47" hai2="122,76,9,52,44,25,113,11,53,72,68,121,81" hai3="2,20,12,10,24,39,79,128,120,132,15,13,124"/><T115/><D101/><U74/><E34/><V73/><F68/><W5/><G39/><T48/><D48/><U99/><E3/><N who="0" m="1097" /><D45/><U40/><E108/><V102/><F25/><W89/><G79/><T103/><D103/><U97/><E123/><V65/><F102/><W110/><G110/><T94/><D94/><U26/><E26/><V17/><F17/><W27/><G89/><T41/><D41/><U43/><E127/><N who="0" m="48649" /><D38/><U106/><E106/><V46/><F81/><W78/><G78/><T133/><D133/><U49/><E40/><V59/><F76/><W19/><G124/><T31/><D31/><U56/><E69/><V71/><F71/><W32/><G132/><T55/><D55/><U64/><REACH who="1" step="1"/><E74/><REACH who="1" ten="296,212,310,172" step="2"/><V100/><F72/><W80/><G120/><T54/><D54/><U87/><AGARI ba="0,1" hai="43,47,49,56,60,64,87,88,92,97,98,99,130,131" machi="87" ten="30,8000,1" yaku="1,1,2,1,0,1,54,1,53,1" doraHai="109" doraHaiUra="85" who="1" fromWho="1" sc="296,-40,212,90,310,-20,172,-20" /><INIT seed="5,0,0,4,4,29" ten="256,302,290,152" oya="1" hai0="77,54,70,81,34,99,118,103,95,127,125,76,57" hai1="7,92,74,15,133,18,47,80,0,8,128,120,111" hai2="102,72,63,97,75,124,58,20,98,49,51,104,36" hai3="21,131,84,10,110,17,113,109,40,135,108,26,35"/><U44/><E120/><V1/><F36/><W94/><G113/><T64/><D118/><U32/><E133/><V117/><F1/><W134/><G40/><T4/><D4/><U45/><E128/><V43/><F117/><W85/><G94/><T62/><D34/><U55/><E111/><V56/><F124/><N who="0" m="47690" /><D81/><U115/><E115/><V79/><F79/><W65/><G65/><T59/><D70/><U68/><E68/><V116/><F116/><W83/><G85/><T107/><D107/><U41/><E32/><V87/><F87/><W52/><G131/><T114/><D114/><U14/><E14/><V9/><F63/><AGARI ba="0,0" hai="54,57,59,62,63,64,76,77,95,99,103" m="47690" machi="63" ten="30,1000,0" yaku="18,1" doraHai="29" who="0" fromWho="2" sc="256,10,302,0,290,-10,152,0" /><INIT seed="6,0,0,1,0,59" ten="266,302,280,152" oya="2" hai0="12,52,45,118,43,92,75,39,121,33,105,22,26" hai1="110,42,54,70,18,10,128,82,117,134,98,69,96" hai2="126,102,76,38,88,23,17,16,99,129,91,2,85" hai3="57,0,14,84,68,86,93,115,9,74,123,63,62"/><V65/><F2/><W81/><G123/><T55/><D105/><U4/><E110/><V15/><F38/><W114/><G0/><T48/><D75/><U7/><E117/><V46/><F129/><W13/><G74/><T124/><D121/><U58/><E42/><V20/><F126/><W78/><G68/><T35/><D124/><U83/><E134/><V94/><F65/><W116/><G116/><T27/><D118/><U50/><E18/><V119/><F119/><W106/><G106/><T127/><D127/><U113/><E113/><N who="3" m="43018" /><G57/><T3/><D3/><U103/><E4/><V41/><F76/><W104/><G104/><T80/><D80/><U64/><E70/><V79/><F41/><W28/><G28/><T6/><D35/><U40/><E40/><V61/><F46/><W90/><G14/><T89/><D33/><U101/><E82/><N who="2" m="47327" /><F61/><W72/><G72/><T120/><D120/><U111/><E128/><V135/><F135/><W30/><G30/><T95/><D39/><U5/><E83/><V31/><F31/><W122/><G122/><T37/><D37/><U71/><E71/><V109/><F109/><W44/><G44/><T77/><D45/><U36/><E36/><V29/><F29/><W25/><G25/><AGARI ba="0,0" hai="15,16,17,20,23,25,88,91,94,99,102" m="47327" machi="25" ten="30,5800,0" yaku="8,1,54,2" doraHai="59" who="2" fromWho="3" sc="266,0,302,0,280,58,152,-58" /><INIT seed="6,1,0,2,5,60" ten="266,302,338,94" oya="2" hai0="40,11,23,100,129,19,79,128,81,24,66,80,54" hai1="74,82,7,104,133,37,117,89,20,115,95,59,135" hai2="43,131,121,58,61,38,126,65,46,44,48,32,41" hai3="68,55,8,10,70,124,69,120,72,88,28,108,94"/><V114/><F32/><W90/><G108/><T101/><D40/><U63/><E117/><V93/><F121/><W67/><G120/><T56/><D11/><U71/><E104/><V77/><F114/><W113/><G72/><T62/><D54/><U73/><E37/><V12/><F77/><W97/><G124/><T52/><D66/><U91/><E71/><V132/><F132/><N who="1" m="50761" /><E7/><V106/><F106/><W42/><G42/><T105/><D81/><U4/><E4/><V107/><F107/><W5/><G28/><T27/><D27/><U92/><E82/><V6/><F126/><W98/><G113/><T15/><D24/><U112/><E20/><V111/><F111/><W123/><G123/><T122/><D122/><U31/><E115/><V14/><F131/><N who="0" m="50250" /><D105/><U33/><E112/><V21/><F21/><W30/><G30/><T26/><D26/><N who="1" m="18679" /><E92/><V57/><F6/><W76/><G76/><T49/><D49/><U35/><E35/><V45/><F45/><W2/><G10/><T29/><D29/><U125/><E125/><V99/><F57/><W118/><G118/><T87/><AGARI ba="1,0" hai="15,19,23,52,56,62,79,80,87,100,101" m="50250" machi="87" ten="30,2000,0" yaku="19,1,54,1" doraHai="60" who="0" fromWho="0" sc="266,23,302,-6,338,-11,94,-6" /><INIT seed="7,0,0,2,3,45" ten="289,296,327,88" oya="3" hai0="52,135,95,81,12,28,133,7,117,63,36,101,85" hai1="112,80,48,69,100,51,91,37,21,111,120,109,15" hai2="116,71,125,1,64,123,29,44,108,107,74,118,129" hai3="62,73,130,94,10,22,104,30,14,26,72,13,34"/><W132/><G104/><T39/><D117/><U92/><E37/><V77/><RYUUKYOKU type="yao9" ba="0,0" sc="289,0,296,0,327,0,88,0" hai2="1,29,44,64,71,74,77,107,108,116,118,123,125,129" /><INIT seed="7,1,0,0,2,99" ten="289,296,327,88" oya="3" hai0="85,69,49,54,109,131,15,0,12,114,17,128,135" hai1="74,102,65,43,64,121,76,122,107,1,90,48,113" hai2="27,13,101,42,125,53,78,45,127,60,16,117,71" hai3="4,103,120,82,59,22,58,28,126,87,46,40,9"/><W108/><G126/><N who="2" m="48137" /><F101/><W123/><G108/><T19/><D0/><U112/><E1/><V81/><F117/><W2/><G123/><T77/><D69/><U29/><E29/><V104/><F104/><W8/><G120/><T94/><D109/><U31/><E31/><V130/><F27/><W92/><G9/><T55/><D114/><N who="1" m="44139" /><E90/><V30/><F30/><W129/><G129/><T57/><D135/><U134/><E134/><V10/><F130/><N who="0" m="49706" /><D55/><U89/><E89/><V51/><F71/><W24/><G92/><T33/><D33/><U106/><E106/><V124/><F60/><W111/><G111/><T118/><D118/><U18/><E18/><N who="0" m="6665" /><D94/><U97/><E65/><V5/><F5/><W70/><G70/><T38/><D38/><U37/><E64/><V50/><F124/><W68/><G68/><T21/><D21/><U20/><E20/><V26/><F26/><W44/><G103/><T80/><AGARI ba="1,0" hai="12,15,49,54,57,77,80,85" m="6665,49706" machi="80" ten="30,1100,0" yaku="19,1" doraHai="99" who="0" fromWho="0" sc="289,14,296,-4,327,-4,88,-6" owari="303,10.0,292,-11.0,323,43.0,82,-42.0" /></mjloggm>