<mjloggm ver="2.3"><GO type="169" lobby="0"/><UN n0="%E3%83%88%E3%83%88%E3%83%AA%E5%85%88%E7%94%9F%31%39%E6%AD%B3" n1="%67%61%68%61%68%61%37" n2="%41%55%47%55%52%49" n3="%54%E3%83%BB%54%E3%83%BB%EF%BC%98" dan="19,16,16,16" rate="2273.86,2200.45,2026.31,2082.44" sx="F,M,M,M"/><TAIKYOKU oya="0"/><INIT seed="0,0,0,3,0,120" ten="250,250,250,250" oya="0" hai0="21,22,31,105,34,64,14,32,4,59,126,79,76" hai1="134,27,125,81,33,100,66,61,58,77,117,70,71" hai2="101,10,13,111,28,15,7,38,129,94,51,110,25" hai3="23,52,112,53,50,36,29,74,108,121,89,35,48"/><T118/><D105/><U54/><E117/><V46/><F38/><W75/><G35/><N who="0" m="13355" /><D59/><U2/><E2/><V0/><F129/><W3/><G112/><T78/><D64/><U87/><E134/><V18/><F101/><W99/><G3/><T95/><D95/><U85/><E125/><V116/><F94/><W103/><G89/><T45/><D14/><U107/><E71/><V115/><F115/><W69/><G23/><N who="0" m="8715" /><D31/><U44/><E87/><V104/><F104/><W55/><G29/><T49/><D4/><U124/><E124/><V40/><F116/><W83/><G36/><T63/><D63/><U41/><E54/><V24/><F15/><W47/><G69/><T12/><D12/><U113/><E58/><V130/><F130/><W80/><G55/><T43/><D126/><U57/><E57/><V20/><REACH who="2" step="1"/><F25/><REACH who="2" ten="250,250,240,250" step="2"/><W62/><G103/><T131/><D131/><U39/><E113/><V11/><AGARI ba="0,1" hai="0,7,10,11,13,18,20,24,28,40,46,51,110,111" machi="11" ten="30,12000,2" yaku="1,1,2,1,0,1,52,2,53,2" doraHai="120" doraHaiUra="5" who="2" fromWho="2" sc="250,-60,250,-30,240,130,250,-30" /><INIT seed="1,0,0,1,0,57" ten="190,220,370,220" oya="1" hai0="66,118,80,29,85,110,68,4,67,90,127,113,25" hai1="123,79,100,5,120,9,104,55,41,89,69,97,1" hai2="88,19,107,70,37,30,52,121,119,53,82,34,95" hai3="21,111,51,84,17,24,81,36,47,75,58,10,12"/><U46/><E55/><V135/><F119/><W115/><G75/><T2/><D113/><U98/><E89/><V83/><F121/><W26/><G115/><T92/><D118/><U93/><E93/><V3/><F3/><W50/><G111/><T27/><D110/><U124/><E98/><V96/><F135/><W126/><G126/><T8/><D127/><U133/><E124/><V44/><F70/><W23/><G36/><T78/><D68/><U105/><E133/><V35/><F107/><W61/><G23/><T125/><D125/><U77/><E105/><V109/><F109/><W18/><G26/><T59/><D59/><U40/><E40/><V62/><F53/><W94/><G94/><T65/><REACH who="0" step="1"/><D29/><REACH who="0" ten="180,220,370,220" step="2"/><U129/><E129/><V128/><F128/><W86/><G47/><T13/><D13/><U45/><E45/><V64/><F44/><W73/><G73/><AGARI ba="0,1" hai="2,4,8,25,27,65,66,67,73,78,80,85,90,92" machi="73" ten="40,1300,0" yaku="1,1,53,0" doraHai="57" doraHaiUra="102" who="0" fromWho="3" sc="180,23,220,0,370,0,220,-13" /><INIT seed="2,0,0,3,3,116" ten="203,220,370,207" oya="2" hai0="133,97,106,33,101,121,110,34,89,69,45,75,103" hai1="49,7,124,67,79,80,29,13,86,9,62,72,70" hai2="78,0,36,46,12,66,125,81,17,10,100,87,91" hai3="117,28,55,41,50,4,25,21,60,128,92,111,122"/><V54/><F125/><W37/><G117/><T134/><D110/><U27/><E124/><V99/><F66/><W118/><G111/><T107/><D75/><U71/><E49/><V15/><F0/><W52/><G118/><T40/><D89/><U23/><E72/><V129/><F129/><W39/><G128/><T11/><D11/><U82/><REACH who="1" step="1"/><E80/><REACH who="1" ten="203,210,370,207" step="2"/><V74/><F36/><W1/><G39/><T32/><D133/><U64/><E64/><V42/><F74/><W57/><G37/><T88/><D134/><U83/><E83/><V19/><F81/><W18/><G41/><T95/><D40/><U127/><E127/><V112/><F42/><W48/><G48/><T104/><D45/><U51/><E51/><V31/><F46/><W73/><G73/><T61/><D61/><U20/><E20/><V113/><F113/><W47/><G47/><T59/><D34/><U93/><E93/><V123/><F112/><W58/><G92/><T35/><D33/><U63/><E63/><V85/><F10/><W108/><G108/><T102/><D35/><U77/><E77/><V96/><F78/><W24/><G1/><T135/><D32/><U126/><E126/><V30/><F54/><W2/><G2/><T98/><D135/><U109/><E109/><V43/><F43/><W76/><G76/><T130/><D130/><U26/><E26/><V16/><F15/><W119/><G119/><T131/><D131/><U56/><AGARI ba="0,1" hai="7,9,13,23,27,29,56,62,67,70,71,79,82,86" machi="56" ten="20,2700,0" yaku="1,1,0,1,7,1,53,0" doraHai="116" doraHaiUra="84" who="1" fromWho="1" sc="203,-7,210,37,370,-13,207,-7" /><INIT seed="3,0,0,1,3,14" ten="196,247,357,200" oya="3" hai0="42,34,86,65,51,55,105,107,104,23,81,35,7" hai1="126,115,135,102,37,12,77,59,41,13,8,90,109" hai2="87,6,67,78,80,93,131,64,2,103,133,44,33" hai3="48,76,79,71,84,4,116,3,1,99,62,58,122"/><W130/><G122/><T94/><D42/><U25/><E115/><V95/><F33/><W100/><G116/><T73/><D73/><U10/><E109/><V92/><F133/><W69/><G130/><T43/><D43/><U18/><E135/><V70/><F131/><W19/><G48/><T28/><D65/><U31/><E126/><V68/><F103/><W113/><G113/><T27/><D7/><U119/><E77/><V11/><REACH who="2" step="1"/><F44/><REACH who="2" ten="196,247,347,200" step="2"/><W89/><G100/><T127/><D127/><U88/><E102/><V46/><F46/><W129/><G129/><T114/><D114/><U134/><E134/><V39/><F39/><W57/><G3/><T52/><D104/><U85/><E37/><V96/><F96/><W17/><G1/><T112/><D105/><U0/><E119/><V49/><F49/><W63/><G99/><T75/><D107/><U98/><E0/><V45/><F45/><W83/><G4/><T9/><D51/><U61/><E98/><V123/><F123/><W72/><G72/><T40/><D75/><U24/><E85/><V82/><F82/><W74/><G74/><T60/><D81/><U128/><E128/><V54/><F54/><W5/><G5/><T20/><D55/><U21/><E41/><V101/><F101/><W97/><G97/><T22/><D40/><U110/><E110/><V118/><F118/><W125/><G125/><T117/><D117/><U15/><E61/><V56/><F56/><W16/><G58/><N who="0" m="34887" /><D112/><U50/><E59/><V132/><F132/><W91/><G63/><T111/><D111/><U30/><E50/><RYUUKYOKU ba="0,1" sc="196,-10,247,-10,347,30,200,-10" hai2="2,6,11,64,67,68,70,78,80,87,92,93,95" /><INIT seed="4,1,1,2,0,94" ten="186,237,377,190" oya="0" hai0="126,134,43,44,75,28,110,112,123,84,111,14,9" hai1="18,17,36,73,98,33,93,72,61,53,96,131,101" hai2="109,100,120,128,26,10,132,103,47,71,68,117,48" hai3="113,74,30,105,106,122,57,46,42,87,35,81,124"/><T39/><D123/><U102/><E36/><V64/><F120/><W91/><G122/><T32/><D75/><U54/><E33/><V16/><F109/><N who="0" m="41482" /><D112/><U67/><E131/><V83/><F71/><W66/><G113/><T13/><D134/><U86/><E86/><V20/><F128/><W89/><G74/><T115/><D115/><U76/><E93/><V49/><F132/><W127/><G30/><T85/><D126/><N who="3" m="48169" /><G35/><T125/><D14/><U58/><E67/><V27/><F49/><N who="3" m="26839" /><G91/><T63/><D125/><U56/><E61/><AGARI ba="1,1" hai="57,61,66,81,87,89,105,106" m="26839,48169" machi="61" ten="30,1000,0" yaku="18,1" doraHai="94" who="3" fromWho="1" sc="186,0,237,-13,377,0,190,23" /><INIT seed="5,0,0,0,1,54" ten="186,224,377,213" oya="1" hai0="85,22,84,133,10,63,81,121,124,131,11,122,30" hai1="71,25,87,9,103,74,24,83,89,99,95,100,51" hai2="101,130,60,126,15,94,110,16,68,106,70,21,28" hai3="61,105,116,52,98,79,91,125,59,55,6,36,127"/><U109/><E71/><V132/><F110/><W62/><G36/><T39/><D39/><U69/><E69/><V34/><F132/><W38/><G38/><T58/><D133/><U114/><E109/><V12/><F130/><W27/><G116/><T92/><D131/><U88/><E114/><V119/><F126/><N who="3" m="48139" /><G79/><T50/><D50/><U18/><E74/><V26/><F94/><N who="3" m="56671" /><G105/><T135/><D135/><U102/><REACH who="1" step="1"/><E51/><REACH who="1" ten="186,214,377,213" step="2"/><V17/><F119/><W31/><G6/><T19/><D124/><U14/><AGARI ba="0,1" hai="9,14,18,24,25,83,87,88,89,95,99,100,102,103" machi="14" ten="30,12000,1" yaku="1,1,2,1,0,1,8,1,54,1,53,0" doraHai="54" doraHaiUra="48" who="1" fromWho="1" sc="186,-40,214,130,377,-40,213,-40" /><INIT seed="5,1,0,1,1,44" ten="146,344,337,173" oya="1" hai0="82,13,29,134,58,102,117,120,55,75,33,81,2" hai1="126,0,78,108,35,111,103,45,52,92,62,100,127" hai2="91,85,9,121,67,98,89,118,123,90,18,128,112" hai3="42,101,49,17,12,47,99,51,130,110,84,19,40"/><U71/><E0/><V72/><F118/><W106/><G110/><N who="1" m="42026" /><E35/><V43/><F72/><W61/><G130/><T46/><D2/><U38/><E78/><V133/><F67/><W131/><G131/><T88/><D117/><U50/><E38/><V32/><F128/><W37/><G19/><T129/><D129/><U125/><E92/><V24/><F43/><W68/><G84/><T109/><D109/><U59/><E71/><V74/><F74/><W83/><G83/><T60/><D134/><U41/><AGARI ba="1,0" hai="41,45,50,52,59,62,100,103,125,126,127" m="42026" machi="41" ten="40,12000,1" yaku="18,1,10,1,52,1,54,1" doraHai="44" who="1" fromWho="1" sc="146,-41,344,123,337,-41,173,-41" /><INIT seed="5,2,0,3,5,23" ten="105,467,296,132" oya="1" hai0="62,41,93,57,32,37,9,31,17,64,56,83,78" hai1="67,29,34,131,50,70,113,46,104,122,121,48,126" hai2="109,69,91,97,76,96,100,72,102,13,82,25,98" hai3="85,99,30,106,101,75,89,134,80,39,108,133,88"/><U1/><E104/><V130/><F69/><W60/><G39/><T103/><D37/><U123/><E1/><V44/><F109/><W63/><G108/><T74/><D41/><U116/><E34/><V95/><F130/><W107/><G30/><T35/><D56/><U129/><E116/><V15/><F44/><W68/><G68/><T20/><D9/><U49/><E113/><V2/><F2/><W21/><G21/><T11/><D11/><U132/><E126/><V125/><F125/><W128/><G128/><T10/><D10/><U110/><E70/><V92/><F25/><W90/><G107/><AGARI ba="2,0" hai="13,15,72,76,82,91,92,95,96,97,98,100,102,107" machi="107" ten="30,1000,0" yaku="7,1" doraHai="23" who="2" fromWho="3" sc="105,0,467,0,296,16,132,-16" /><INIT seed="6,0,0,4,2,68" ten="105,467,312,116" oya="2" hai0="65,54,119,26,66,112,107,45,105,74,9,11,126" hai1="43,3,59,64,10,42,50,94,76,71,44,23,135" hai2="130,52,55,128,132,57,28,22,115,82,51,100,14" hai3="49,80,117,1,104,90,62,92,122,118,113,36,2"/><V116/><F116/><W87/><G104/><T32/><D74/><U84/><E135/><V67/><F132/><W12/><G122/><T33/><D54/><U38/><E43/><V72/><F115/><W69/><G113/><T8/><D112/><U25/><E3/><V31/><F67/><N who="0" m="25610" /><D26/><U63/><E10/><V78/><F100/><W20/><G69/><T24/><D24/><U34/><E34/><N who="0" m="13417" /><D45/><U21/><E25/><V96/><F96/><W37/><G62/><T58/><D58/><U91/><E76/><V53/><F57/><W18/><G49/><T111/><D111/><U108/><E108/><V35/><F51/><W101/><G118/><T129/><D119/><U93/><E94/><V7/><F35/><W114/><G117/><T56/><D56/><U41/><E41/><V120/><F120/><W103/><G114/><T39/><D129/><N who="2" m="49770" /><F7/><W81/><G103/><T97/><D97/><U121/><E121/><V13/><F22/><W60/><G60/><T70/><D70/><U133/><E133/><V17/><F17/><W30/><G30/><AGARI ba="0,0" hai="13,14,28,30,31,52,53,55,72,78,82" m="49770" machi="30" ten="30,2900,0" yaku="19,1,54,1" doraHai="68" who="2" fromWho="3" sc="105,0,467,0,312,29,116,-29" /><INIT seed="6,1,0,1,5,102" ten="105,467,341,87" oya="2" hai0="14,5,18,15,59,55,130,65,23,87,113,90,100" hai1="70,94,129,47,50,115,19,72,92,51,114,103,101" hai2="42,35,7,112,120,108,0,99,79,121,122,69,30" hai3="117,133,21,91,45,17,53,68,58,27,64,116,111"/><V106/><F79/><W29/><G111/><T97/><D113/><N who="1" m="43019" /><E70/><V110/><F112/><W73/><G133/><T43/><D130/><U126/><E72/><V104/><F69/><W24/><G73/><T32/><D32/><U34/><E34/><V118/><F118/><W46/><G116/><T10/><D43/><U71/><E71/><V13/><F13/><W60/><G117/><T22/><D65/><U40/><E129/><V124/><F124/><W62/><REACH who="3" step="1"/><G91/><REACH who="3" ten="105,467,341,77" step="2"/><T134/><D134/><U48/><E126/><V80/><F110/><W39/><G39/><T89/><D87/><U105/><E103/><N who="2" m="62591" /><F108/><W131/><G131/><T125/><D125/><U61/><E101/><V11/><F42/><W3/><G3/><T52/><D55/><U128/><E105/><V135/><F135/><W81/><G81/><T123/><D123/><U77/><E128/><V54/><F80/><W9/><G9/><N who="0" m="4399" /><D100/><U85/><E94/><V63/><F54/><W31/><G31/><T76/><D76/><U78/><E92/><V66/><F106/><W25/><G25/><T8/><D8/><U96/><E78/><V12/><F0/><W86/><G86/><T88/><D97/><U67/><E85/><V98/><F98/><W41/><G41/><T109/><D109/><U82/><E96/><V16/><F121/><W107/><G107/><T4/><D4/><U1/><E82/><V49/><F122/><W20/><AGARI ba="1,1" hai="17,20,21,24,27,29,45,46,53,58,60,62,64,68" machi="20" ten="20,2700,0" yaku="1,1,0,1,7,1,53,0" doraHai="102" doraHaiUra="75" who="3" fromWho="3" sc="105,-8,467,-8,341,-14,77,40" /><INIT seed="7,0,0,3,2,64" ten="97,459,327,117" oya="3" hai0="15,94,78,39,19,37,8,113,115,84,27,96,55" hai1="100,57,79,121,97,112,134,93,12,128,58,17,24" hai2="75,11,31,38,22,67,92,14,42,101,120,2,116" hai3="41,60,54,72,53,69,25,89,48,63,83,51,132"/><W45/><G72/><T56/><D27/><U71/><E71/><V4/><F116/><W135/><G25/><T129/><D129/><U87/><E24/><V23/><F31/><W91/><G83/><N who="0" m="47223" /><D55/><U44/><E58/><V21/><F75/><W49/><G89/><N who="0" m="55375" /><D56/><U99/><E57/><V3/><F120/><W1/><G91/><T20/><D8/><U127/><E44/><V16/><F3/><W130/><G1/><T106/><D106/><U5/><E17/><V102/><F67/><N who="3" m="41191" /><G130/><T65/><D65/><U122/><E12/><V76/><F76/><W40/><G63/><T119/><D119/><U107/><E5/><V6/><F6/><W90/><G90/><T61/><D61/><U103/><E112/><AGARI ba="0,0" hai="15,19,20,37,39,112,113,115" m="55375,47223" machi="112" ten="30,2000,0" yaku="15,1,11,1" doraHai="64" who="0" fromWho="1" sc="97,20,459,-20,327,0,117,0" owari="117,-28.0,439,53.0,327,13.0,117,-38.0" /></mjloggm>