<mjloggm ver="2.3"><GO type="169" lobby="0"/><UN n0="%E3%82%A6%E3%83%AB%E3%83%88%E3%83%A9%E7%AB%8B%E7%9B%B4" n1="%E9%AD%94%E6%B3%95%E4%BD%BF%E3%81%84%E3%81%AE%E6%9C%9D" n2="%E3%81%93%E3%81%B0%E3%81%A3%E3%81%A1%E3%81%83" n3="%E7%B4%B3%E5%A3%AB%E3%81%AE%E5%97%9C%E3%81%BF%E3%81%9F%E3%81%84%E3%82%80" dan="17,16,18,16" rate="2175.61,2078.29,2204.88,2154.80" sx="M,M,M,M"/><TAIKYOKU oya="0"/><INIT seed="0,0,0,4,5,88" ten="250,250,250,250" oya="0" hai0="119,30,77,43,133,105,52,117,8,5,106,84,68" hai1="28,75,123,3,59,57,92,15,40,6,54,81,35" hai2="76,124,67,90,80,104,78,48,37,108,27,66,1" hai3="115,61,26,83,10,101,29,125,41,39,11,69,53"/><T42/><D30/><U19/><E3/><V100/><F37/><W97/><G115/><T22/><D22/><U85/><E75/><V130/><F1/><W45/><G125/><T121/><D84/><U135/><E6/><V73/><F108/><W33/><G83/><T4/><D8/><U129/><E40/><N who="0" m="15401" /><D77/><U98/><E35/><V128/><F124/><W112/><G112/><T63/><D63/><U16/><E28/><V94/><F78/><W36/><G36/><T70/><D52/><U58/><E123/><V95/><F27/><W24/><G24/><T109/><D121/><U110/><E110/><V71/><F71/><N who="0" m="27178" /><D109/><U74/><E54/><V23/><F23/><W91/><G91/><T93/><D93/><N who="2" m="35338" /><F90/><W132/><G11/><T87/><D87/><U7/><E85/><V44/><F44/><W86/><G86/><T18/><D18/><U17/><E59/><V82/><F82/><W89/><G89/><T60/><D60/><U127/><E127/><V102/><F48/><W79/><G79/><T107/><D133/><U14/><E58/><V21/><F21/><W72/><G69/><T118/><AGARI ba="0,0" hai="4,5,105,106,107,117,118,119" m="27178,15401" machi="118" ten="50,4800,0" yaku="28,2" doraHai="88" who="0" fromWho="0" sc="250,48,250,-16,250,-16,250,-16" /><INIT seed="0,1,0,1,1,0" ten="298,234,234,234" oya="0" hai0="51,95,69,122,129,83,29,50,102,20,59,111,15" hai1="94,76,103,113,68,118,22,75,34,52,100,44,101" hai2="71,106,131,84,12,24,109,33,96,3,128,11,92" hai3="6,105,112,4,55,87,110,67,10,43,25,2,21"/><T124/><D122/><U86/><E118/><V35/><F71/><W61/><G105/><T99/><D69/><U31/><E68/><V133/><F109/><W78/><G112/><T77/><D111/><U120/><E120/><V127/><F127/><W123/><G43/><T135/><D124/><U63/><E34/><V115/><F115/><W32/><G32/><T62/><D129/><N who="2" m="49738" /><F3/><W27/><G110/><T38/><D38/><U42/><E75/><V47/><F133/><W121/><G55/><T73/><D135/><U98/><E113/><V30/><F47/><W126/><G27/><T18/><REACH who="0" step="1"/><D29/><REACH who="0" ten="288,234,234,234" step="2"/><U57/><E31/><V114/><F114/><W88/><G126/><T28/><D28/><U60/><E22/><V8/><F33/><W36/><G21/><T132/><D132/><U54/><E63/><V46/><F35/><W17/><G36/><T56/><D56/><U70/><E70/><V5/><F30/><W80/><G61/><T53/><AGARI ba="1,1" hai="15,18,20,50,51,53,59,62,73,77,83,95,99,102" machi="53" ten="20,7800,0" yaku="1,1,0,1,7,1,53,1" doraHai="0" doraHaiUra="16" who="0" fromWho="0" sc="288,91,234,-27,234,-27,234,-27" /><INIT seed="0,2,0,4,5,61" ten="379,207,207,207" oya="0" hai0="19,129,116,122,127,134,37,74,120,69,66,78,72" hai1="117,40,115,110,98,64,135,55,29,0,105,68,123" hai2="24,112,97,20,104,18,133,17,33,114,34,67,79" hai3="96,83,23,4,131,11,130,119,46,15,113,12,3"/><T106/><RYUUKYOKU type="yao9" ba="2,0" sc="379,0,207,0,207,0,207,0" hai0="19,37,66,69,72,74,78,106,116,120,122,127,129,134" /><INIT seed="0,3,0,2,3,4" ten="379,207,207,207" oya="0" hai0="118,128,65,131,98,22,119,85,83,78,5,132,77" hai1="95,21,8,1,57,112,2,97,117,110,87,0,33" hai2="7,15,127,68,29,34,129,86,81,24,42,107,92" hai3="43,133,120,67,12,23,114,56,35,13,122,58,28"/><T26/><D65/><U30/><E117/><V48/><F107/><W99/><G114/><T104/><D5/><U93/><E110/><V105/><F105/><W96/><G35/><T40/><D40/><U66/><E112/><V76/><F68/><W71/><G71/><T37/><D37/><U17/><E33/><V103/><F129/><N who="0" m="49738" /><D22/><U91/><E30/><V59/><F127/><W49/><G43/><T109/><D26/><U75/><E75/><V102/><F92/><W74/><G67/><T14/><D14/><U62/><E8/><N who="2" m="4511" /><F59/><W53/><G28/><T36/><D36/><U94/><REACH who="1" step="1"/><E97/><REACH who="1" ten="379,197,207,207" step="2"/><V73/><F73/><W111/><G99/><T25/><D109/><U27/><AGARI ba="3,1" hai="0,1,2,17,21,27,57,62,66,87,91,93,94,95" machi="27" ten="30,7900,0" yaku="1,1,2,1,0,1,53,1" doraHai="4" doraHaiUra="82" who="1" fromWho="1" sc="379,-42,197,98,207,-23,207,-23" /><INIT seed="1,0,0,3,4,103" ten="337,295,184,184" oya="1" hai0="41,38,22,91,79,61,49,69,40,77,19,95,44" hai1="39,6,46,7,109,89,1,116,56,110,133,87,37" hai2="126,119,102,111,134,3,26,75,34,31,115,45,104" hai3="118,117,16,84,108,25,60,74,47,43,131,125,48"/><U17/><E116/><N who="3" m="44650" /><G74/><T2/><D2/><U130/><E133/><V9/><F119/><W33/><G108/><N who="1" m="41578" /><E130/><V105/><F111/><W73/><G73/><T0/><D0/><U58/><E17/><V13/><F134/><W4/><G4/><N who="1" m="1578" /><E1/><V82/><F3/><W55/><G125/><T36/><D36/><N who="1" m="13899" /><E46/><V98/><F126/><W32/><G131/><T30/><D38/><U94/><AGARI ba="0,0" hai="56,58,87,89,94" m="13899,1578,41578" machi="94" ten="40,3900,0" yaku="14,1,10,1" doraHai="103" who="1" fromWho="1" sc="337,-13,295,39,184,-13,184,-13" /><INIT seed="1,1,0,5,0,114" ten="324,334,171,171" oya="1" hai0="78,132,50,106,31,133,88,5,82,93,40,20,109" hai1="33,80,119,101,16,63,42,98,27,87,75,32,54" hai2="66,46,7,64,22,125,56,108,96,113,39,15,47" hai3="45,21,86,69,18,52,14,11,74,19,30,35,59"/><U128/><E119/><V41/><F108/><W103/><G74/><T91/><D5/><U70/><E75/><V112/><F125/><W10/><G69/><T131/><D106/><U111/><E128/><V71/><F96/><W129/><G129/><T135/><D109/><U72/><E72/><V130/><F130/><W29/><G35/><T34/><D34/><U89/><E42/><N who="2" m="22879" /><F22/><W65/><G103/><T3/><D3/><U12/><E27/><V118/><F15/><N who="3" m="7551" /><G65/><N who="2" m="25193" /><F7/><N who="3" m="3423" /><G45/><N who="0" m="25895" /><D131/><U13/><E13/><V8/><F8/><W0/><G86/><N who="0" m="48471" /><D93/><U126/><E70/><V105/><F105/><W104/><G0/><T116/><D116/><U37/><E111/><V26/><F71/><W134/><G104/><T9/><D9/><U85/><E33/><V102/><F102/><W2/><G2/><T120/><D120/><U110/><E110/><V58/><F118/><W79/><G79/><T43/><D43/><U38/><E32/><V127/><F127/><W99/><G99/><T100/><D100/><U48/><E126/><V94/><F94/><W122/><G122/><T73/><D73/><U49/><E85/><V25/><F113/><W6/><G6/><T36/><D36/><U44/><E98/><V57/><F112/><W90/><G90/><T95/><D95/><U61/><E101/><V77/><F77/><W23/><G23/><T24/><AGARI ba="1,0" hai="20,24,31,88,91,132,133,135" m="48471,25895" machi="24" ten="40,2700,0" yaku="20,1,54,1" doraHai="114" who="0" fromWho="0" sc="324,30,334,-14,171,-8,171,-8" /><INIT seed="2,0,0,1,0,16" ten="354,320,163,163" oya="2" hai0="106,52,53,120,36,81,131,42,51,28,60,76,4" hai1="24,10,87,49,25,94,107,17,46,115,126,80,97" hai2="108,57,113,103,95,109,61,90,18,112,84,125,7" hai3="93,110,15,35,101,37,2,99,128,124,114,116,56"/><V77/><F7/><W1/><G35/><T39/><D106/><U74/><E115/><V48/><F125/><W27/><G37/><T12/><D120/><U72/><E107/><V82/><F48/><W29/><G114/><T32/><D131/><U21/><E126/><V121/><F121/><W88/><G124/><T59/><D42/><U63/><E10/><V111/><F103/><W54/><G116/><T22/><D32/><U58/><E25/><V69/><F69/><W8/><G110/><T91/><D91/><U47/><E47/><V0/><F0/><W100/><G128/><T67/><D53/><U79/><E49/><V38/><F18/><W34/><G1/><T118/><D118/><U92/><E46/><V104/><F104/><W89/><G100/><T19/><D28/><U130/><E130/><V75/><REACH who="2" step="1"/><F38/><REACH who="2" ten="354,320,153,163" step="2"/><W117/><G2/><T33/><D4/><U65/><E17/><V83/><F83/><W14/><G117/><T102/><D102/><U123/><E123/><V98/><F98/><W31/><G101/><T133/><D39/><U5/><E5/><V43/><F43/><W26/><G93/><T23/><D19/><U6/><E6/><V127/><F127/><W41/><G41/><T122/><D51/><U71/><E94/><V134/><F134/><W11/><G99/><T85/><D36/><U129/><E129/><V20/><F20/><W30/><G30/><T132/><D122/><U135/><E135/><N who="0" m="51785" /><D33/><U86/><E71/><V119/><F119/><W40/><G40/><T62/><D12/><N who="3" m="4649" /><G34/><T55/><D62/><U66/><E63/><RYUUKYOKU ba="0,1" sc="354,15,320,-15,153,15,163,-15" hai0="22,23,52,55,59,60,67,76,81,85" hai2="57,61,75,77,82,84,90,95,108,109,111,112,113" /><INIT seed="2,1,1,3,2,115" ten="369,305,168,148" oya="2" hai0="85,104,82,6,0,76,56,129,53,101,102,13,90" hai1="132,94,110,134,68,2,93,65,60,118,112,21,123" hai2="74,127,98,25,50,22,91,89,135,96,3,130,119" hai3="73,70,48,27,86,80,28,71,24,113,81,92,51"/><V99/><F119/><W47/><G113/><T108/><D0/><U59/><E112/><V109/><F3/><W54/><G92/><T30/><D104/><U17/><E123/><V122/><F122/><W105/><G105/><T83/><D30/><U5/><E110/><V114/><F114/><W125/><G125/><T131/><D108/><U100/><E118/><V45/><F74/><W57/><G73/><T23/><D23/><U78/><E78/><V31/><F109/><W79/><G81/><T124/><D13/><U75/><E75/><V46/><F127/><W42/><REACH who="3" step="1"/><G27/><REACH who="3" ten="369,305,168,138" step="2"/><T15/><D124/><U20/><E94/><V7/><F99/><W111/><G111/><T87/><D131/><U4/><E93/><V34/><F130/><W29/><G29/><T128/><D128/><U84/><E84/><V14/><F98/><W10/><G10/><N who="0" m="4567" /><D129/><U35/><E100/><V9/><F96/><W36/><G36/><T88/><D76/><U95/><E95/><V120/><F120/><W33/><AGARI ba="1,2" hai="24,28,33,42,47,48,51,54,57,70,71,79,80,86" machi="33" ten="20,2700,0" yaku="1,1,0,1,7,1,53,0" doraHai="115" doraHaiUra="61" who="3" fromWho="3" sc="369,-8,305,-8,168,-14,138,50" /><INIT seed="3,0,0,0,3,135" ten="361,297,154,188" oya="3" hai0="36,76,102,123,87,34,125,29,121,85,35,58,95" hai1="15,122,60,89,99,51,30,119,57,109,39,90,107" hai2="79,20,134,45,106,18,118,22,44,86,78,110,47" hai3="94,7,65,26,80,49,5,6,0,50,82,28,27"/><W92/><G0/><T91/><D102/><U124/><E122/><V115/><F110/><W62/><G65/><T17/><D36/><U108/><E39/><V120/><F118/><W25/><G62/><T68/><D17/><U2/><E2/><V10/><F106/><W14/><G14/><T88/><D58/><U131/><E119/><V130/><F115/><W117/><G28/><T73/><D68/><U8/><E131/><V9/><F134/><W101/><G101/><T4/><D4/><U126/><E51/><N who="3" m="19466" /><G117/><T55/><D55/><N who="1" m="33855" /><E30/><V38/><F38/><W31/><G31/><T40/><D29/><U46/><E46/><V129/><F120/><W53/><G53/><T84/><D35/><U116/><E116/><V83/><F22/><W93/><AGARI ba="0,0" hai="5,6,7,25,26,27,80,82,92,93,94" m="19466" machi="93" ten="40,12000,1" yaku="29,2,28,2,8,1" doraHai="135" who="3" fromWho="3" sc="361,-40,297,-40,154,-40,188,120" /><INIT seed="3,1,0,0,4,77" ten="321,257,114,308" oya="3" hai0="92,56,113,20,11,3,106,54,90,32,49,115,48" hai1="68,31,118,93,66,26,30,15,0,12,88,4,47" hai2="59,28,94,89,123,33,83,75,55,57,2,124,63" hai3="64,129,62,44,131,39,73,99,24,116,81,51,52"/><W27/><G116/><T134/><D32/><U13/><E118/><V96/><F2/><W42/><G99/><T91/><D106/><U102/><E102/><V37/><F37/><W82/><G73/><T85/><D134/><U36/><E66/><V35/><F124/><W70/><G27/><T50/><D20/><U1/><E68/><V111/><F111/><W121/><G24/><T110/><D110/><U67/><E67/><V25/><F123/><W14/><G14/><T122/><D122/><U128/><E128/><N who="3" m="49226" /><G121/><T132/><D132/><U84/><E4/><V45/><F45/><AGARI ba="1,0" hai="39,42,44,45,51,52,62,64,70,81,82" m="49226" machi="45" ten="30,11600,0" yaku="19,1,52,2,54,1" doraHai="77" who="3" fromWho="2" sc="321,0,257,0,114,-119,308,119" owari="321,12.0,257,-14.0,-5,-51.0,427,53.0" /></mjloggm>