<mjloggm ver="2.3"><GO type="169" lobby="0"/><UN n0="%E3%81%AF%E3%81%92%E3%81%A1%E3%82%87%E3%81%8F" n1="%E3%83%81%E3%83%A5%E3%83%B3%E5%A4%AA" n2="%E4%BA%91%E5%92%8C%E5%B1%B1%E7%9A%84%E5%BD%BC%E7%AB%AF" n3="%E5%B0%B1%E6%B4%BB%E7%94%9F%40%E5%B7%9D%E6%9D%91%E8%BB%8D%E5%9B%A3" dan="18,16,16,18" rate="2251.82,2094.84,2064.97,2267.99" sx="M,M,F,M"/><TAIKYOKU oya="0"/><INIT seed="0,0,0,0,3,62" ten="250,250,250,250" oya="0" hai0="67,28,73,26,123,36,55,109,54,133,24,35,8" hai1="57,130,37,47,15,129,42,95,80,83,117,70,18" hai2="98,111,128,25,103,33,3,17,14,132,135,119,110" hai3="118,46,102,82,44,61,71,56,99,113,7,48,89"/><T124/><D123/><U19/><E117/><V115/><F115/><W49/><G118/><T90/><D36/><U120/><E120/><V21/><F119/><W30/><G7/><T16/><D73/><U72/><E70/><V91/><F128/><N who="1" m="49257" /><E95/><V121/><F121/><W74/><G30/><T63/><D124/><U53/><E72/><V59/><F91/><W114/><G89/><T58/><D133/><N who="2" m="51274" /><F3/><W134/><G74/><T112/><D112/><U9/><E19/><N who="2" m="12479" /><F33/><W40/><G82/><T2/><D109/><N who="2" m="41482" /><F59/><W125/><G125/><T122/><D122/><U39/><E39/><V11/><F98/><W127/><G71/><T20/><REACH who="0" step="1"/><D90/><REACH who="0" ten="240,250,250,250" step="2"/><U126/><E126/><V12/><F103/><W1/><G127/><T38/><D38/><U77/><E77/><V29/><F14/><W34/><G134/><T76/><D76/><U84/><E84/><V78/><F78/><W108/><G108/><T116/><D116/><U68/><E68/><V66/><F29/><W101/><G101/><T5/><AGARI ba="0,1" hai="2,5,8,16,20,24,26,28,35,54,55,58,63,67" machi="5" ten="30,18000,2" yaku="1,1,0,1,52,1,54,1,53,2" doraHai="62" doraHaiUra="50" who="0" fromWho="0" sc="240,190,250,-60,250,-60,250,-60" /><INIT seed="0,1,0,1,3,109" ten="430,190,190,190" oya="0" hai0="117,56,16,10,118,80,73,61,78,63,83,99,74" hai1="90,86,18,69,7,8,105,6,44,55,21,121,62" hai2="33,84,125,28,115,48,107,97,23,72,52,3,65" hai3="51,46,124,106,104,134,70,71,24,129,17,9,122"/><T81/><D99/><U112/><E105/><V57/><F72/><W27/><G129/><T89/><D63/><U47/><E121/><V102/><F33/><W38/><G38/><T131/><D131/><U76/><E76/><V4/><F125/><W114/><G134/><T59/><D59/><U113/><E69/><V128/><F128/><W30/><G9/><T123/><D123/><U68/><E68/><V98/><F65/><W54/><G17/><T101/><D101/><U45/><E62/><V64/><F64/><W92/><G92/><T82/><D89/><U133/><E133/><V1/><F115/><N who="1" m="44105" /><E55/><V88/><F4/><W39/><G54/><T110/><D110/><U108/><E8/><V91/><F97/><W60/><G60/><T66/><D74/><U100/><E100/><V12/><F91/><W96/><G96/><T32/><D10/><U94/><E108/><V13/><F13/><AGARI ba="1,0" hai="6,7,13,18,21,44,45,47,86,90,94" m="44105" machi="13" ten="30,7700,0" yaku="11,1,52,3" doraHai="109" who="1" fromWho="2" sc="430,0,190,80,190,-80,190,0" /><INIT seed="1,0,0,3,2,43" ten="430,270,110,190" oya="1" hai0="81,124,10,56,73,13,38,50,101,40,51,106,5" hai1="53,108,98,34,21,128,48,62,16,68,113,60,75" hai2="78,24,8,110,126,67,65,115,32,129,59,117,130" hai3="18,0,30,120,27,61,94,7,36,93,12,58,95"/><U20/><E113/><V15/><F117/><W41/><G120/><T64/><D124/><U23/><E75/><V70/><F126/><W133/><G133/><T127/><D127/><U118/><E34/><V4/><F115/><W131/><G131/><N who="2" m="50185" /><F110/><W112/><G112/><T33/><D33/><U77/><E118/><V96/><F70/><W57/><G57/><T91/><D101/><U28/><E68/><V31/><F78/><W85/><G7/><T123/><D106/><U86/><E128/><V22/><F96/><W114/><G0/><T72/><D123/><U17/><E98/><V52/><F32/><W55/><G85/><T66/><D38/><U29/><E108/><V69/><F69/><W109/><G109/><T26/><D26/><U125/><E125/><V87/><F87/><W45/><G114/><T99/><D72/><U49/><E86/><V54/><F54/><W111/><G111/><T90/><D81/><U74/><E74/><V88/><F88/><W71/><G71/><T134/><D134/><U107/><E107/><V76/><F76/><W37/><G37/><T102/><D102/><U47/><E77/><V9/><F9/><W39/><G39/><T104/><D104/><U116/><E116/><V105/><F105/><W42/><G42/><T97/><D97/><U63/><E49/><AGARI ba="0,0" hai="4,8,15,22,24,31,49,52,59,65,67" m="50185" machi="49" ten="30,2000,0" yaku="19,1,54,1" doraHai="43" who="2" fromWho="1" sc="430,0,270,-20,110,20,190,0" /><INIT seed="2,0,0,5,3,12" ten="430,250,130,190" oya="2" hai0="83,51,43,115,75,124,8,18,16,94,120,33,44" hai1="118,39,57,6,113,19,80,96,40,121,99,130,20" hai2="81,58,37,5,59,74,9,89,92,31,76,69,15" hai3="108,125,128,48,13,82,77,100,85,114,11,55,52"/><V32/><F69/><W116/><G108/><T65/><D120/><U23/><E121/><V22/><F37/><W7/><G125/><T119/><D115/><U41/><E118/><V30/><F32/><W95/><G128/><T1/><D33/><U117/><E117/><V133/><F133/><W17/><G116/><T112/><D112/><U29/><E113/><V134/><F134/><W54/><G114/><T42/><D119/><U91/><E130/><V45/><F45/><W101/><G95/><T38/><D124/><U61/><E6/><V111/><F111/><W123/><G123/><T79/><D65/><N who="1" m="39087" /><E39/><V70/><F70/><W71/><G71/><T49/><D94/><U63/><E63/><V126/><F126/><W106/><G106/><T109/><D109/><U98/><E23/><V78/><F78/><W132/><G132/><T10/><D10/><U25/><E29/><V129/><F129/><W60/><G60/><T34/><D34/><U88/><E80/><V0/><F31/><W28/><G28/><T103/><D103/><N who="3" m="39497" /><G7/><N who="0" m="1135" /><D43/><AGARI ba="0,0" hai="19,20,25,40,41,43,88,91,96,98,99" m="39087" machi="43" ten="30,3900,0" yaku="8,1,52,1,54,1" doraHai="12" who="1" fromWho="0" sc="430,-39,250,39,130,0,190,0" /><INIT seed="3,0,0,5,2,115" ten="391,289,130,190" oya="3" hai0="111,19,28,101,72,24,97,17,66,79,75,63,6" hai1="67,45,23,56,52,31,51,108,109,116,107,80,38" hai2="123,73,1,49,81,59,48,71,105,4,36,13,0" hai3="130,7,2,43,103,70,20,113,92,95,62,15,26"/><W37/><G2/><T68/><D6/><U82/><E107/><V69/><F105/><W131/><G113/><T3/><D3/><U118/><E31/><V102/><F36/><W91/><G37/><T86/><D86/><U58/><E23/><V30/><F123/><W87/><G43/><T120/><D111/><N who="1" m="42571" /><E38/><V22/><F102/><W135/><G135/><T11/><D120/><U134/><E134/><V98/><F98/><W85/><G7/><T54/><D54/><U93/><E93/><V34/><F34/><W94/><G15/><N who="0" m="7423" /><D19/><U16/><E16/><V10/><F1/><W9/><G9/><T76/><D75/><U18/><E18/><V50/><F59/><N who="1" m="22569" /><E67/><V5/><F5/><W64/><G20/><T12/><D12/><U90/><E90/><V44/><F44/><W57/><G26/><T33/><D72/><U126/><E126/><V61/><F61/><W114/><G114/><T119/><D76/><U127/><E127/><V29/><F29/><W124/><G124/><T60/><D60/><U35/><E35/><V122/><F122/><W89/><G70/><T129/><D79/><U88/><E88/><V100/><F100/><W121/><G121/><T112/><D101/><U8/><E8/><V65/><F65/><W47/><G47/><T78/><D66/><U77/><E77/><N who="2" m="44207" /><F0/><W53/><G64/><T46/><D78/><U117/><AGARI ba="0,0" hai="45,51,52,80,82,116,117,118" m="22569,42571" machi="117" ten="40,12000,2" yaku="12,1,14,1,52,3,54,1" doraHai="115" who="1" fromWho="1" sc="391,-30,289,120,130,-30,190,-60" /><INIT seed="4,0,0,1,5,45" ten="361,409,100,130" oya="0" hai0="44,64,3,38,46,87,103,135,125,49,66,39,4" hai1="21,12,78,27,22,20,98,92,85,118,37,77,110" hai2="130,69,40,26,95,18,43,106,30,76,13,88,9" hai3="59,94,113,120,57,105,42,33,115,109,117,121,89"/><T101/><D125/><U10/><E118/><V23/><F69/><W72/><G33/><T61/><D135/><U71/><E71/><V2/><F106/><W17/><G105/><T70/><D66/><U131/><E110/><V62/><F130/><W132/><G72/><T80/><D4/><N who="1" m="3143" /><E37/><V6/><F76/><N who="1" m="29289" /><E85/><V73/><F62/><W28/><G28/><T8/><D8/><U31/><E131/><V79/><F79/><W123/><G42/><T1/><D1/><U114/><E114/><N who="3" m="43530" /><G132/><T50/><D3/><U24/><E24/><V47/><F47/><W68/><G68/><T97/><D80/><U41/><E41/><V126/><F126/><W58/><G17/><T111/><D87/><U67/><E67/><V65/><F65/><W7/><G7/><T122/><D122/><U99/><E99/><V52/><F73/><W128/><G128/><T124/><D124/><U29/><E29/><V81/><F81/><W116/><G109/><T63/><D64/><U129/><E129/><V133/><F133/><W91/><G94/><T11/><D70/><U107/><E107/><V104/><F104/><W83/><G83/><T102/><D111/><U56/><E56/><V134/><F134/><W25/><G25/><T86/><D39/><U119/><E119/><AGARI ba="0,0" hai="57,58,59,89,91,116,117,119,120,121,123" m="43530" machi="119" ten="40,8000,1" yaku="28,2,13,1,15,1" doraHai="45" who="3" fromWho="1" sc="361,0,409,-80,100,0,130,80" /><INIT seed="5,0,0,1,2,77" ten="361,329,100,210" oya="1" hai0="88,31,27,117,103,46,21,81,80,62,86,91,98" hai1="33,11,20,60,55,110,9,38,2,111,36,57,71" hai2="65,1,82,28,126,59,79,116,83,32,61,51,25" hai3="41,85,89,124,22,76,84,115,73,19,68,125,135"/><U14/><E33/><V10/><F116/><W37/><G68/><T114/><D117/><U39/><E71/><V113/><F126/><W17/><G115/><T128/><D114/><U42/><E42/><V43/><F113/><W92/><G135/><T5/><D128/><U106/><E106/><V49/><F79/><W6/><G6/><T132/><D132/><U127/><E127/><N who="3" m="48714" /><G73/><T130/><D130/><U7/><E20/><V8/><F51/><W70/><G70/><T123/><D123/><U3/><REACH who="1" step="1"/><E11/><REACH who="1" ten="361,319,100,210" step="2"/><V96/><F10/><W129/><G22/><T15/><D21/><U72/><E72/><V54/><F43/><W24/><G24/><T109/><D27/><U121/><E121/><V74/><F74/><W99/><G41/><T30/><D109/><AGARI ba="0,1" hai="2,3,7,9,14,36,38,39,55,57,60,109,110,111" machi="109" ten="50,4800,0" yaku="1,1,10,1,53,0" doraHai="77" doraHaiUra="13" who="1" fromWho="0" sc="361,-48,319,58,100,0,210,0" /><INIT seed="5,1,0,5,0,98" ten="313,377,100,210" oya="1" hai0="69,4,102,10,66,62,41,103,48,111,131,118,82" hai1="115,29,47,63,3,26,68,89,87,133,73,74,94" hai2="109,77,112,45,84,16,117,42,58,33,113,97,95" hai3="17,46,24,5,93,7,34,107,104,96,31,88,43"/><U101/><E115/><N who="2" m="44107" /><F109/><W124/><G124/><T44/><D111/><U83/><E3/><V53/><F117/><W105/><REACH who="3" step="1"/><G17/><REACH who="3" ten="313,377,100,200" step="2"/><T8/><D118/><U76/><E133/><V99/><F16/><W126/><G126/><T57/><D131/><U38/><E38/><AGARI ba="1,1" hai="5,7,24,31,34,38,43,46,88,93,96,104,105,107" machi="38" ten="40,2600,0" yaku="1,1,54,1,53,0" doraHai="98" doraHaiUra="106" who="3" fromWho="1" sc="313,0,377,-29,100,0,200,39" /><INIT seed="6,0,0,4,4,111" ten="313,348,100,239" oya="2" hai0="90,3,24,74,85,108,56,132,125,36,32,72,31" hai1="82,99,45,112,29,34,116,11,97,42,81,84,106" hai2="21,121,55,19,25,10,53,71,6,123,12,8,129" hai3="93,109,48,51,22,113,0,131,114,50,28,60,30"/><V119/><F119/><W78/><G109/><T83/><D108/><U37/><E116/><V80/><F71/><W70/><G0/><T52/><D132/><U49/><E34/><V95/><F129/><W73/><G131/><T130/><D130/><U47/><E29/><V128/><F128/><W117/><G117/><T65/><D125/><U133/><E133/><V16/><F80/><N who="3" m="45135" /><G22/><T63/><D36/><U103/><E99/><V14/><REACH who="2" step="1"/><F95/><REACH who="2" ten="313,348,90,239" step="2"/><W115/><G93/><T38/><D83/><U7/><E82/><V110/><F110/><W91/><G91/><T86/><D90/><U1/><E81/><V134/><F134/><W120/><G120/><AGARI ba="0,1" hai="6,8,10,12,14,16,19,21,25,53,55,120,121,123" machi="120" ten="40,3900,0" yaku="1,1,54,1,53,0" doraHai="111" doraHaiUra="94" who="2" fromWho="3" sc="313,0,348,0,90,49,239,-39" /><INIT seed="6,1,0,5,2,97" ten="313,348,139,200" oya="2" hai0="24,119,73,42,116,105,94,8,19,125,99,44,109" hai1="62,85,7,55,46,134,120,95,59,60,86,9,4" hai2="26,106,102,5,114,45,30,133,66,121,65,52,57" hai3="22,35,64,37,122,129,77,107,18,74,92,34,6"/><V23/><F121/><W104/><G37/><T130/><D109/><U38/><E120/><V68/><F68/><W88/><G122/><T115/><D105/><U123/><E123/><V131/><F114/><W90/><G6/><T21/><D73/><U15/><E134/><V83/><F133/><W80/><G90/><T103/><D115/><U69/><E69/><V67/><F131/><W53/><G64/><T108/><D108/><U36/><E46/><V41/><F5/><W56/><G35/><T111/><D111/><U31/><E31/><V50/><F83/><W0/><G34/><T124/><D8/><U61/><E38/><V101/><REACH who="2" step="1"/><F106/><REACH who="2" ten="313,348,129,200" step="2"/><W25/><G129/><T91/><D130/><U54/><E4/><V82/><F82/><W81/><G80/><T1/><D116/><U49/><E36/><AGARI ba="1,1" hai="23,26,30,36,41,45,50,52,57,65,66,67,101,102" machi="36" ten="40,12000,1" yaku="1,1,52,2,54,1,53,0" doraHai="97" doraHaiUra="58" who="2" fromWho="1" sc="313,0,348,-123,129,133,200,0" /><INIT seed="6,2,0,2,5,91" ten="313,225,262,200" oya="2" hai0="104,117,27,79,8,112,108,120,92,77,98,23,74" hai1="87,10,37,53,114,125,57,55,84,66,124,41,88" hai2="44,132,127,22,128,9,81,18,69,0,65,60,34" hai3="31,51,105,111,82,42,49,83,95,40,115,52,126"/><V73/><F34/><W71/><G111/><T56/><D104/><U7/><E114/><V1/><F127/><N who="1" m="48713" /><E41/><N who="3" m="15978" /><G105/><T70/><D70/><U89/><E37/><V29/><F128/><W110/><G71/><T118/><D112/><U96/><E96/><V134/><F29/><W68/><G68/><T46/><D46/><U107/><E107/><V4/><F44/><N who="3" m="27687" /><G110/><T25/><D120/><U106/><E106/><V113/><F113/><W59/><G31/><T50/><D74/><U39/><E39/><V121/><F121/><W62/><G51/><T100/><D108/><U94/><E66/><V99/><F0/><W67/><G126/><T63/><D50/><N who="1" m="30903" /><E55/><V116/><F116/><W38/><G38/><T80/><D117/><U36/><E36/><V97/><F73/><W90/><G115/><T3/><D63/><U54/><E54/><V13/><REACH who="2" step="1"/><F81/><REACH who="2" ten="313,225,252,200" step="2"/><W24/><G24/><T109/><D80/><N who="1" m="49159" /><E10/><V85/><F85/><AGARI ba="2,1" hai="59,62,67,82,83,85,90,95" m="27687,15978" machi="85" ten="30,3900,0" yaku="8,1,52,1,54,1" doraHai="91" who="3" fromWho="2" sc="313,0,225,0,252,-45,200,55" /><INIT seed="7,0,0,2,5,116" ten="313,225,207,255" oya="3" hai0="42,22,128,74,83,87,118,33,112,29,59,106,60" hai1="98,53,3,6,91,122,21,76,71,99,111,70,27" hai2="130,107,5,62,68,20,31,110,85,7,56,32,89" hai3="57,84,15,23,25,100,125,61,24,4,132,38,92"/><W113/><G38/><T13/><D74/><U79/><E111/><V12/><F110/><W18/><G113/><T66/><D118/><U48/><E122/><V49/><F107/><W10/><G125/><T120/><D120/><U109/><E109/><V41/><F68/><W117/><G117/><T9/><D33/><U40/><E40/><V67/><F130/><W114/><G114/><T17/><D106/><U126/><E126/><V52/><F32/><W134/><G25/><N who="0" m="16567" /><D128/><U94/><E6/><V123/><F123/><W63/><G63/><T44/><D112/><U45/><E3/><V81/><F67/><W95/><G84/><T11/><D44/><U28/><E71/><V127/><F127/><W65/><G100/><T101/><D42/><U0/><E0/><V47/><F12/><W93/><AGARI ba="0,0" hai="4,10,15,18,23,24,57,61,65,92,93,95,132,134" machi="93" ten="30,1500,0" yaku="0,1" doraHai="116" who="3" fromWho="3" sc="313,-5,225,-5,207,-5,255,15" /><INIT seed="7,1,0,3,4,114" ten="308,220,202,270" oya="3" hai0="12,47,104,37,1,78,63,113,53,125,72,62,85" hai1="42,130,112,93,99,39,91,15,100,40,84,135,123" hai2="69,95,32,110,68,119,76,128,77,0,29,10,59" hai3="98,132,120,65,22,44,55,17,26,92,126,133,49"/><W3/><G120/><T16/><D104/><U71/><E71/><V115/><F110/><W51/><G3/><T97/><D72/><U70/><E70/><V58/><F115/><W67/><G126/><T109/><D109/><U80/><E123/><V45/><F128/><W127/><G127/><T131/><D1/><U101/><E135/><N who="3" m="51786" /><G51/><N who="0" m="28927" /><D37/><U121/><E121/><V2/><F45/><W75/><G75/><T41/><D41/><N who="1" m="15979" /><E130/><V108/><F108/><W19/><G19/><T79/><D97/><U4/><E112/><V23/><F32/><W38/><G38/><T94/><D131/><U90/><E39/><V56/><F119/><W46/><G46/><T9/><D125/><U36/><E36/><V89/><F69/><W86/><G86/><T81/><D94/><U102/><E102/><AGARI ba="1,0" hai="17,22,26,44,49,55,65,67,92,98,102" m="51786" machi="102" ten="30,1500,0" yaku="20,1" doraHai="114" who="3" fromWho="1" sc="308,0,220,-18,202,0,270,18" /><INIT seed="7,2,0,3,2,101" ten="308,202,202,288" oya="3" hai0="65,59,85,114,74,102,45,19,4,112,128,105,92" hai1="83,36,93,10,95,106,70,107,47,72,104,126,31" hai2="16,67,135,55,103,133,94,77,131,79,71,29,75" hai3="122,73,124,23,11,26,123,108,129,84,52,18,32"/><W97/><G73/><T96/><D128/><U56/><E126/><V88/><F131/><W42/><G129/><T111/><D111/><U100/><E70/><V27/><F103/><W33/><G42/><T1/><D74/><U17/><E31/><V38/><F38/><W76/><G97/><T12/><D45/><U39/><E100/><V91/><F16/><W20/><G76/><N who="2" m="29257" /><F75/><W130/><G84/><T117/><D4/><U125/><E125/><V22/><F55/><W78/><G78/><T50/><D1/><U127/><E127/><V64/><F91/><W87/><G87/><T24/><D24/><U0/><E83/><V68/><F68/><W63/><G124/><T13/><D117/><U113/><E113/><V41/><F41/><W82/><G82/><T58/><D65/><U118/><E118/><V25/><F25/><N who="3" m="14487" /><G108/><T62/><D85/><U49/><E72/><V69/><F69/><W110/><G110/><T7/><D92/><U115/><E115/><V46/><F46/><W80/><G80/><T8/><D62/><U109/><E56/><N who="0" m="21545" /><D50/><U57/><E57/><V90/><F71/><W86/><G130/><T34/><D112/><U3/><E109/><V37/><F37/><N who="1" m="14409" /><E0/><V28/><F28/><N who="3" m="17503" /><G33/><T116/><D114/><U9/><E3/><V98/><F90/><W5/><G32/><T61/><D34/><U51/><E51/><V99/><F99/><W43/><G86/><T44/><D116/><U81/><E81/><V14/><F14/><N who="3" m="5487" /><G43/><T35/><D35/><U54/><E9/><V53/><F53/><W15/><G15/><T120/><D13/><RYUUKYOKU ba="2,0" sc="308,-30,202,10,202,10,288,10" hai1="10,17,47,49,54,93,95,104,106,107" hai2="22,27,29,64,67,88,94,98,133,135" hai3="52,63,122,123" /><INIT seed="7,3,0,3,4,30" ten="278,212,212,298" oya="3" hai0="58,130,115,82,50,38,102,69,83,23,84,125,10" hai1="127,134,80,67,112,88,43,26,110,118,13,128,17" hai2="48,28,29,117,0,42,107,35,100,70,6,75,22" hai3="47,101,11,85,25,76,129,108,51,63,59,3,89"/><W116/><G116/><T34/><D38/><U111/><E118/><V39/><F117/><W104/><G129/><T86/><D34/><U124/><E112/><V120/><F39/><W19/><G76/><T18/><D69/><U95/><E134/><V40/><F75/><W71/><G71/><T113/><D125/><N who="1" m="48203" /><E128/><V92/><F120/><W5/><G108/><T52/><D10/><N who="1" m="6327" /><E80/><N who="0" m="30761" /><D102/><U15/><E67/><V114/><F114/><N who="0" m="43530" /><D130/><U73/><E73/><V78/><F70/><W9/><G101/><T36/><D36/><U132/><E132/><V61/><F35/><W16/><G104/><T12/><AGARI ba="3,0" hai="12,18,23,50,52,58,84,86" m="43530,30761" machi="12" ten="30,4000,0" yaku="15,1,11,1,54,1" doraHai="30" who="0" fromWho="0" sc="278,49,212,-13,212,-13,298,-23" owari="327,42.0,199,-20.0,199,-30.0,275,8.0" /></mjloggm>