<mjloggm ver="2.3"><GO type="169" lobby="0"/><UN n0="%68%61%7A%75%6B%69%38%39" n1="%E5%B0%B1%E6%B4%BB%E7%94%9F%40%E5%B7%9D%E6%9D%91%E8%BB%8D%E5%9B%A3" n2="%E3%81%84%E3%81%9F%E3%83%92%E3%83%AD" n3="%6D%75%6B%69%74%74%69" dan="16,18,16,17" rate="2108.94,2260.48,2118.81,2215.02" sx="F,M,M,M"/><TAIKYOKU oya="0"/><INIT seed="0,0,0,0,0,125" ten="250,250,250,250" oya="0" hai0="34,16,121,67,97,83,38,108,129,126,10,58,51" hai1="85,124,112,52,94,135,36,101,107,71,132,56,62" hai2="45,110,74,81,72,26,15,20,19,133,4,134,55" hai3="96,43,128,14,2,49,100,22,61,111,115,63,21"/><T127/><D121/><U6/><E36/><V86/><F110/><W75/><G2/><T8/><D38/><U1/><E124/><N who="0" m="47657" /><D34/><U46/><E71/><V104/><F104/><W84/><G75/><T33/><D33/><U90/><E112/><V93/><F93/><W88/><G115/><T68/><D68/><U12/><E1/><V130/><F74/><W23/><G111/><T24/><D108/><U18/><E6/><V41/><F55/><W102/><G14/><T70/><D83/><U66/><E101/><N who="3" m="39018" /><G96/><T28/><D97/><U113/><E107/><V78/><F72/><W60/><G128/><T109/><D109/><U103/><E103/><V17/><F130/><W91/><G84/><T59/><D129/><U114/><E46/><AGARI ba="0,0" hai="21,22,23,43,46,49,60,61,63,88,91" m="39018" machi="46" ten="40,2600,0" yaku="8,1,54,1" doraHai="125" who="3" fromWho="1" sc="250,0,250,-26,250,0,250,26" /><INIT seed="1,0,0,3,4,116" ten="250,224,250,276" oya="1" hai0="12,73,110,78,69,22,62,8,93,54,44,118,128" hai1="18,7,89,104,34,39,68,121,15,58,91,65,115" hai2="107,1,20,130,96,102,81,56,113,28,98,99,55" hai3="120,127,71,16,25,47,33,103,108,35,41,10,84"/><U135/><E68/><V100/><F1/><W29/><G71/><T38/><D118/><U83/><E39/><V132/><F130/><W75/><G75/><T2/><D2/><U94/><E104/><V117/><F117/><W31/><G103/><T101/><D110/><U9/><E34/><V4/><F132/><W43/><G108/><T60/><D128/><U57/><E135/><V23/><F4/><W14/><G127/><T85/><D73/><U109/><E115/><V0/><F0/><W114/><G114/><T134/><D22/><U17/><E121/><V24/><F113/><W129/><G129/><T27/><D27/><U92/><E83/><V6/><F6/><W131/><G131/><T67/><D101/><U126/><E126/><V49/><F100/><W105/><G105/><T123/><D134/><U112/><E112/><V79/><REACH who="2" step="1"/><F23/><REACH who="2" ten="250,224,240,276" step="2"/><W97/><G35/><T63/><D69/><U61/><E109/><V3/><F3/><W133/><G33/><T32/><D32/><U125/><E125/><V5/><F5/><W52/><G133/><T66/><D66/><U37/><E37/><V95/><F95/><W48/><G120/><T51/><D38/><U53/><E92/><V13/><F13/><W30/><G14/><T76/><D123/><U87/><REACH who="1" step="1"/><E89/><REACH who="1" ten="250,214,240,276" step="2"/><V45/><F45/><W11/><G47/><T72/><D44/><U19/><E19/><V111/><F111/><W46/><G16/><T122/><D122/><U124/><E124/><V80/><F80/><W42/><G46/><T88/><D88/><U90/><E90/><V74/><AGARI ba="0,2" hai="20,24,28,49,55,56,74,79,81,96,98,99,102,107" machi="74" ten="20,5200,0" yaku="1,1,5,1,0,1,7,1,53,0" doraHai="116" doraHaiUra="36" who="2" fromWho="2" sc="250,-13,214,-26,240,72,276,-13" /><INIT seed="2,0,0,1,0,80" ten="237,188,312,263" oya="2" hai0="15,52,44,85,113,54,76,45,19,46,36,28,22" hai1="56,39,133,96,75,58,109,70,12,0,23,135,123" hai2="108,29,99,122,90,89,72,64,98,111,41,13,6" hai3="53,65,78,42,61,107,40,129,11,97,121,26,8"/><V18/><F72/><W77/><G121/><T57/><D113/><U101/><E0/><V128/><F122/><W82/><G129/><T131/><D36/><U119/><E70/><V100/><F128/><W126/><G126/><T49/><D131/><U134/><E39/><V84/><F6/><W102/><G53/><T93/><D28/><U2/><E2/><V114/><F114/><W92/><G107/><T116/><D116/><U95/><E123/><V103/><F29/><W71/><G26/><T110/><D110/><N who="2" m="42026" /><F103/><W117/><G117/><T105/><D105/><U106/><E109/><V118/><F118/><W37/><G78/><T1/><D1/><U14/><E119/><V74/><F74/><W60/><G60/><T9/><D9/><U132/><E75/><V88/><F41/><W112/><G112/><T73/><D73/><U125/><E125/><V69/><F69/><W48/><G37/><T4/><D4/><U32/><E32/><V27/><F64/><W62/><G62/><T5/><D5/><U38/><E38/><V50/><F50/><W35/><G35/><T25/><D25/><U124/><E124/><V33/><F98/><W94/><G42/><T91/><D76/><U3/><E3/><V87/><F27/><W55/><G40/><T83/><D83/><U120/><E120/><V21/><F33/><W31/><G31/><T127/><D127/><U20/><N who="1" m="34304" /><DORA hai="81" /><U130/><E130/><V86/><F90/><W16/><G97/><T68/><D68/><U43/><E43/><V66/><F66/><W30/><G65/><T115/><D115/><RYUUKYOKU ba="0,0" sc="237,15,188,-15,312,15,263,-15" hai0="15,19,22,44,45,46,49,52,54,57,85,91,93" hai2="13,18,21,84,86,87,88,89,99,100" /><INIT seed="2,1,0,4,3,92" ten="252,173,327,248" oya="2" hai0="83,112,85,82,128,42,55,4,50,3,26,18,17" hai1="71,79,41,98,56,81,64,70,107,102,6,75,91" hai2="111,131,68,134,90,30,126,16,93,47,24,119,88" hai3="37,117,52,34,65,49,95,125,103,14,121,57,27"/><V2/><F119/><W43/><G117/><T127/><D112/><U72/><E72/><V77/><F77/><W105/><G105/><T15/><D128/><U35/><E35/><V113/><F113/><W54/><G121/><T58/><D127/><U69/><E6/><V53/><F68/><W36/><G125/><T130/><D130/><U135/><E135/><V116/><F116/><W67/><G14/><T12/><D3/><U46/><E91/><V109/><F131/><W115/><G115/><T13/><D4/><U7/><E7/><V114/><F2/><W40/><G27/><T29/><D42/><N who="3" m="15913" /><G95/><T60/><D60/><U48/><REACH who="1" step="1"/><E56/><REACH who="1" ten="252,163,327,248" step="2"/><V66/><F90/><W132/><G34/><T51/><D82/><U8/><E8/><V22/><F134/><W33/><G33/><T28/><D83/><U0/><E0/><V21/><F126/><W23/><G132/><T99/><D58/><U45/><E45/><V20/><F114/><W104/><G57/><T94/><D85/><U39/><E39/><V89/><F89/><W44/><G37/><T129/><D129/><U96/><E96/><V74/><F74/><W122/><G44/><T11/><D99/><U31/><E31/><V25/><F21/><W59/><G36/><T124/><D11/><U10/><E10/><V1/><F1/><W106/><G59/><T9/><D9/><U110/><E110/><V76/><F76/><W118/><G118/><T100/><D124/><U120/><E120/><V73/><F73/><W78/><G122/><T61/><D29/><U63/><AGARI ba="1,1" hai="41,46,48,63,64,69,70,71,75,79,81,98,102,107" machi="63" ten="30,4000,0" yaku="1,1,0,1,52,1,53,0" doraHai="92" doraHaiUra="32" who="1" fromWho="1" sc="252,-11,163,53,327,-21,248,-11" /><INIT seed="3,0,0,0,4,73" ten="241,216,306,237" oya="3" hai0="63,109,107,90,118,37,5,51,129,134,91,8,75" hai1="17,24,28,3,110,131,10,56,42,36,40,125,65" hai2="31,112,38,92,64,68,16,30,27,57,127,48,87" hai3="47,69,96,43,103,120,135,52,93,114,88,84,132"/><W79/><G114/><T126/><D51/><U54/><E110/><V86/><F38/><N who="3" m="22007" /><G120/><T26/><D63/><U19/><E131/><V111/><F111/><W4/><G69/><T101/><D90/><U14/><E125/><V32/><F127/><W18/><G4/><T6/><D91/><U1/><E65/><V67/><F31/><W95/><G18/><T85/><D85/><U2/><E19/><V130/><F130/><W99/><G52/><T122/><D6/><U20/><REACH who="1" step="1"/><E36/><REACH who="1" ten="241,206,306,237" step="2"/><V60/><F67/><W29/><G29/><T83/><D37/><U108/><E108/><V55/><F112/><W12/><G99/><T115/><D109/><U13/><E13/><V98/><F16/><W124/><G12/><T81/><D115/><U22/><E22/><V61/><F60/><AGARI ba="0,1" hai="1,2,3,10,14,17,20,24,28,40,42,54,56,60" machi="60" ten="40,2600,0" yaku="1,1,53,1" doraHai="73" doraHaiUra="9" who="1" fromWho="2" sc="241,0,206,36,306,-26,237,0" /><INIT seed="4,0,0,2,0,66" ten="241,242,280,237" oya="0" hai0="131,81,39,77,104,120,45,105,9,87,34,55,108" hai1="118,107,11,25,97,33,18,51,117,88,119,113,94" hai2="85,27,71,47,114,29,69,2,82,36,63,106,37" hai3="22,42,6,127,98,57,48,96,59,110,28,132,121"/><T68/><D120/><U73/><E73/><V134/><F2/><W61/><G110/><T16/><D34/><U129/><E129/><V41/><F106/><W10/><G121/><T32/><D32/><U83/><E113/><V67/><F114/><W122/><G122/><T44/><D131/><U70/><E70/><V128/><F128/><W116/><G116/><T89/><D108/><U80/><E107/><V31/><F37/><W125/><G132/><T133/><D133/><U7/><E51/><V111/><F111/><W15/><G28/><T58/><D68/><U103/><E103/><V115/><F115/><W24/><G42/><T50/><D58/><N who="3" m="22025" /><G48/><T79/><D104/><U0/><REACH who="1" step="1"/><E18/><REACH who="1" ten="241,232,280,237" step="2"/><V86/><F134/><W56/><G61/><T91/><D105/><U78/><E78/><V13/><F71/><W84/><G127/><T62/><D62/><U124/><E124/><V21/><F63/><W112/><G125/><T12/><D91/><U130/><E130/><V64/><F69/><W75/><G75/><T30/><D30/><AGARI ba="0,1" hai="0,7,11,25,30,33,80,83,88,94,97,117,118,119" machi="30" ten="40,5200,0" yaku="1,1,54,1,53,1" doraHai="66" doraHaiUra="1" who="1" fromWho="0" sc="241,-52,232,62,280,0,237,0" /><INIT seed="5,0,0,4,0,73" ten="189,294,280,237" oya="1" hai0="123,120,52,20,75,60,9,106,51,62,2,68,116" hai1="91,14,66,121,129,113,44,15,59,25,118,38,1" hai2="110,105,46,42,4,31,53,100,17,45,41,69,43" hai3="127,63,90,33,99,125,111,131,49,77,35,30,5"/><U112/><E1/><V109/><F69/><W78/><G111/><T27/><D116/><U47/><E118/><V67/><F67/><W21/><G131/><T117/><D117/><U104/><E104/><V84/><F4/><W71/><G5/><T82/><D106/><U24/><E121/><V88/><F31/><W107/><G49/><T28/><D2/><U0/><E0/><V133/><F133/><W102/><G90/><T114/><D114/><N who="1" m="44139" /><E91/><V101/><F105/><W86/><G86/><T39/><D39/><U8/><E15/><V95/><F110/><W96/><G99/><T92/><D9/><U74/><E74/><V40/><F109/><W119/><G119/><T7/><D7/><N who="1" m="3359" /><E129/><V72/><F72/><W132/><G132/><T64/><D92/><U22/><E25/><V128/><F128/><W50/><G50/><T108/><D108/><U76/><E38/><V48/><REACH who="2" step="1"/><F17/><REACH who="2" ten="189,294,270,237" step="2"/><W19/><G19/><T36/><D36/><AGARI ba="0,1" hai="36,40,41,42,43,45,46,48,53,84,88,95,100,101" machi="36" ten="40,5200,0" yaku="1,1,2,1,54,1,53,0" doraHai="73" doraHaiUra="126" who="2" fromWho="0" sc="189,-52,294,0,270,62,237,0" /><INIT seed="6,0,0,5,1,95" ten="137,294,332,237" oya="2" hai0="115,123,92,43,4,57,1,125,60,5,61,131,129" hai1="73,48,38,42,62,87,27,35,2,31,104,70,49" hai2="81,63,128,71,96,34,83,24,77,20,98,14,119" hai3="46,28,53,30,76,127,100,3,118,29,108,84,124"/><V75/><F119/><W19/><G118/><T36/><D123/><U97/><E73/><V90/><F34/><W85/><G108/><T8/><D115/><U68/><E2/><V72/><F14/><W45/><G3/><T0/><D125/><N who="3" m="48201" /><G100/><T99/><D43/><U69/><E87/><N who="3" m="33354" /><G76/><T9/><D36/><U74/><E74/><V82/><F82/><W7/><G7/><T130/><REACH who="0" step="1"/><D57/><REACH who="0" ten="127,294,332,237" step="2"/><U117/><E38/><V47/><F47/><N who="3" m="17931" /><G53/><T33/><D33/><U59/><E42/><V116/><F116/><W40/><G40/><T105/><D105/><U25/><E117/><V51/><F71/><W15/><G30/><T126/><D126/><U79/><E31/><V52/><F52/><W111/><G111/><T18/><D18/><U78/><E35/><V106/><F106/><W10/><AGARI ba="0,1" hai="10,15,19,28,29" m="17931,33354,48201" machi="10" ten="30,1100,0" yaku="18,1" doraHai="95" who="3" fromWho="3" sc="127,-3,294,-3,332,-5,237,21" /><INIT seed="7,0,0,3,3,134" ten="124,291,327,258" oya="3" hai0="61,112,105,39,84,81,87,60,107,13,27,83,101" hai1="120,22,45,93,88,46,70,131,47,49,35,132,6" hai2="53,25,62,21,19,17,71,68,37,63,76,24,117" hai3="66,2,18,55,43,108,127,73,103,104,116,65,64"/><W102/><G116/><T126/><D39/><U12/><E35/><V94/><F37/><W119/><G119/><T57/><D13/><U41/><E70/><V33/><F117/><W78/><G2/><T56/><D101/><U74/><E74/><V111/><F111/><W109/><G43/><T75/><D75/><U36/><E132/><V128/><F128/><W40/><G40/><T122/><D27/><U115/><E115/><V86/><F33/><W98/><G103/><T52/><D122/><U26/><E131/><V125/><F53/><W28/><G28/><T72/><D72/><U8/><E36/><V79/><F94/><W4/><G4/><T106/><D106/><U80/><E80/><V5/><F5/><W50/><G18/><T92/><D92/><U77/><E77/><V42/><F42/><W16/><G78/><T91/><D112/><U0/><E0/><V54/><F54/><W133/><G73/><T48/><D48/><U51/><E51/><V90/><F90/><W10/><G133/><T58/><D58/><U82/><E82/><V31/><F86/><W9/><G9/><T114/><D114/><U20/><E120/><V32/><F32/><W38/><G38/><T85/><D85/><N who="1" m="52367" /><E22/><V135/><F135/><W129/><G129/><T130/><D130/><U123/><E123/><V34/><F34/><W14/><REACH who="3" step="1"/><G127/><REACH who="3" ten="124,291,327,248" step="2"/><T3/><D91/><U110/><E110/><V89/><F89/><W99/><G99/><T69/><D3/><U118/><E118/><V121/><F121/><W11/><G11/><T23/><D126/><U29/><AGARI ba="0,1" hai="6,8,12,20,26,29,41,45,46,47,49" m="52367" machi="29" ten="30,4000,0" yaku="5,1,8,1,54,1" doraHai="134" who="1" fromWho="1" sc="124,-10,291,50,327,-10,248,-20" owari="114,-39.0,341,44.0,317,12.0,228,-17.0" /></mjloggm>