<mjloggm ver="2.3"><GO type="169" lobby="0"/><UN n0="%63%68%6F%6E%6A%69" n1="%E3%83%88%E3%83%88%E3%83%AA%E5%85%88%E7%94%9F%31%39%E6%AD%B3" n2="%E9%B7%BA%E6%A3%AE%E7%81%BC%2E" n3="%E3%82%86%E3%81%84%E3%81%A1%E3%82%83%E3%82%93%E3%81%AE%E3%83%91%E3%83%91" dan="16,18,16,18" rate="2161.59,2284.13,2158.90,2142.60" sx="M,F,F,M"/><TAIKYOKU oya="0"/><INIT seed="0,0,0,0,2,83" ten="250,250,250,250" oya="0" hai0="6,62,84,112,7,132,44,122,135,88,59,12,76" hai1="30,117,133,110,36,95,126,23,49,25,29,134,103" hai2="70,31,45,99,16,114,8,74,40,65,125,80,9" hai3="51,119,22,93,39,118,24,108,10,127,96,14,120"/><T17/><D122/><U77/><E117/><V121/><F114/><W20/><G39/><T60/><D112/><U85/><E36/><V73/><F31/><W48/><G120/><T18/><D76/><U21/><E110/><V52/><F65/><W90/><G108/><T104/><D104/><U97/><E126/><V58/><F70/><W105/><G127/><T123/><D123/><U113/><E113/><V37/><F125/><W38/><G38/><T72/><D72/><U41/><E41/><V1/><F99/><W129/><G129/><T63/><D59/><U43/><E43/><V98/><F98/><W32/><G32/><T79/><D79/><U28/><E49/><V46/><F46/><W66/><G66/><T13/><D44/><U81/><REACH who="1" step="1"/><E23/><REACH who="1" ten="250,240,250,250" step="2"/><V67/><F121/><W61/><G22/><N who="0" m="11559" /><D135/><AGARI ba="0,1" hai="21,25,28,29,30,77,81,85,95,97,103,133,134,135" machi="135" ten="40,5200,0" yaku="1,1,20,1,52,1,53,0" doraHai="83" doraHaiUra="87" who="1" fromWho="0" sc="250,-52,240,62,250,0,250,0" /><INIT seed="1,0,0,0,3,39" ten="198,302,250,250" oya="1" hai0="94,48,82,78,40,68,75,51,102,97,104,20,35" hai1="26,25,22,79,59,55,12,31,81,126,95,53,106" hai2="4,9,124,77,117,60,76,80,71,88,134,109,63" hai3="47,123,120,87,101,112,89,128,113,17,21,93,0"/><U99/><E106/><V18/><F117/><W52/><G0/><T13/><D35/><U85/><E126/><V10/><F109/><W135/><G128/><T30/><D68/><U107/><E107/><V116/><F134/><W8/><G8/><T19/><D30/><U32/><E59/><V14/><F124/><W11/><G11/><T37/><REACH who="0" step="1"/><D104/><REACH who="0" ten="188,302,250,250" step="2"/><U110/><E110/><V130/><F130/><W44/><G135/><T121/><D121/><U45/><E32/><V61/><F71/><W62/><G120/><T43/><D43/><U38/><E26/><V70/><F70/><W64/><G123/><T118/><D118/><U66/><E12/><V23/><F116/><W7/><G113/><T16/><D16/><U36/><E66/><V1/><F1/><W74/><G64/><T83/><D83/><U5/><E5/><V6/><F6/><W42/><G112/><T69/><D69/><U122/><E122/><V57/><F4/><W67/><G67/><T49/><D49/><U86/><E38/><V96/><F80/><W133/><G133/><T119/><D119/><U91/><REACH who="1" step="1"/><E99/><REACH who="1" ten="188,292,250,250" step="2"/><V92/><F96/><W108/><G7/><T84/><D84/><U33/><E33/><V56/><F14/><W100/><G108/><T90/><D90/><U98/><E98/><V111/><F111/><W72/><G87/><T29/><D29/><U27/><E27/><V28/><F88/><W105/><G89/><T50/><D50/><U46/><E46/><AGARI ba="0,2" hai="13,19,20,37,40,46,48,51,75,78,82,94,97,102" machi="46" ten="40,5200,0" yaku="1,1,52,1,53,1" doraHai="39" doraHaiUra="73" who="0" fromWho="1" sc="188,72,292,-52,250,0,250,0" /><INIT seed="2,0,0,3,5,107" ten="260,240,250,250" oya="2" hai0="6,18,33,130,94,42,39,135,26,31,123,11,91" hai1="27,15,79,37,108,132,116,22,95,1,73,88,38" hai2="49,9,59,51,16,68,7,28,71,104,17,122,64" hai3="41,50,14,102,133,65,25,10,113,62,55,5,19"/><V56/><F122/><W48/><G113/><T112/><D112/><U76/><E116/><V60/><F104/><W47/><G133/><T34/><D123/><U110/><E1/><V129/><F129/><W67/><G102/><T77/><D135/><U4/><E132/><V92/><F71/><W131/><G131/><T127/><D127/><U82/><E79/><V70/><F70/><W84/><G62/><T78/><D34/><U120/><E120/><V63/><F68/><W23/><REACH who="3" step="1"/><G84/><REACH who="3" ten="260,240,250,240" step="2"/><T45/><D130/><U101/><E101/><V75/><F60/><W2/><G2/><T97/><REACH who="0" step="1"/><D18/><REACH who="0" ten="250,240,250,240" step="2"/><U72/><E110/><V35/><F16/><W87/><G87/><T86/><D86/><U117/><E108/><V81/><F17/><W103/><G103/><T52/><D52/><U134/><E134/><V57/><F64/><W53/><G53/><T40/><D40/><U32/><E117/><V54/><F54/><W44/><AGARI ba="0,2" hai="5,10,14,19,23,25,41,44,47,48,50,55,65,67" machi="44" ten="20,5200,0" yaku="1,1,0,1,7,1,8,1,53,0" doraHai="107" doraHaiUra="85" who="3" fromWho="3" sc="250,-13,240,-13,250,-26,240,72" /><INIT seed="3,0,0,3,5,0" ten="237,227,224,312" oya="3" hai0="119,126,43,26,87,57,76,16,35,47,5,123,17" hai1="89,75,117,106,127,3,93,79,71,27,109,130,125" hai2="84,118,70,101,129,99,37,68,59,44,124,96,58" hai3="12,11,4,95,108,107,128,81,10,14,7,9,29"/><W50/><G107/><T38/><D119/><U19/><E71/><V78/><F118/><W34/><G128/><T13/><D123/><U120/><E3/><V32/><F32/><W132/><G132/><T82/><D126/><N who="1" m="48139" /><E117/><V51/><F37/><W116/><G116/><T69/><D69/><U133/><E27/><V113/><F113/><W21/><G34/><T73/><D57/><U36/><E19/><V122/><F68/><W31/><G108/><T80/><D35/><U83/><E36/><V67/><F70/><W53/><G11/><N who="0" m="4335" /><D26/><U2/><E2/><V41/><F59/><N who="3" m="33207" /><G21/><T1/><D1/><U55/><E55/><V72/><F129/><W15/><G15/><T64/><D64/><U110/><E130/><V92/><F67/><W24/><G24/><T18/><D38/><U98/><E120/><V33/><F122/><W115/><G115/><T88/><D73/><U104/><E133/><V8/><F72/><W134/><G81/><N who="0" m="49263" /><D76/><U46/><E46/><V61/><F78/><W49/><G134/><T77/><D77/><U74/><E74/><V97/><F124/><W111/><G111/><AGARI ba="0,0" hai="75,79,83,89,93,98,104,106,109,110,111" m="48139" machi="111" ten="30,7700,0" yaku="14,1,18,1,34,2" doraHai="0" who="1" fromWho="3" sc="237,0,227,77,224,0,312,-77" /><INIT seed="4,0,0,4,3,36" ten="237,304,224,235" oya="0" hai0="9,90,80,46,45,50,23,30,96,60,43,31,121" hai1="41,107,24,58,123,103,29,59,87,83,28,12,99" hai2="124,62,22,98,105,89,134,126,11,125,133,92,0" hai3="70,20,55,51,116,101,127,75,77,102,113,17,108"/><T6/><D121/><U115/><E123/><V49/><F105/><W100/><G116/><T63/><D46/><U81/><E115/><V119/><F119/><W120/><G120/><T104/><D104/><U86/><E12/><V66/><F22/><W95/><G70/><T5/><D31/><U84/><E41/><V65/><F49/><W37/><G37/><T111/><D111/><U79/><E86/><V15/><F0/><W21/><G108/><T54/><D54/><U71/><E71/><V67/><REACH who="2" step="1"/><F62/><REACH who="2" ten="237,304,214,235" step="2"/><N who="0" m="23594" /><D9/><U33/><E29/><V25/><F25/><W44/><G113/><T52/><D43/><U35/><E35/><V69/><F69/><W91/><G21/><T106/><D106/><U117/><E117/><V8/><F8/><W135/><G20/><T64/><D64/><U4/><REACH who="1" step="1"/><E4/><AGARI ba="0,1" hai="4,11,15,65,66,67,89,92,98,124,125,126,133,134" machi="4" ten="50,3200,0" yaku="1,1,18,1,53,0" doraHai="36" doraHaiUra="47" who="2" fromWho="1" sc="237,0,304,-32,214,42,235,0" /><INIT seed="5,0,0,0,2,94" ten="237,272,256,235" oya="1" hai0="111,45,100,72,73,77,126,10,119,48,43,59,22" hai1="106,99,71,4,87,121,75,101,61,108,63,123,30" hai2="0,133,37,74,117,15,91,86,60,52,114,128,113" hai3="82,122,41,102,26,132,125,54,23,55,78,13,9"/><U47/><E75/><V93/><F0/><W1/><G1/><T46/><D111/><U32/><E108/><V83/><F117/><W16/><G122/><T88/><D119/><U112/><E112/><N who="2" m="43115" /><F37/><W109/><G109/><T96/><D88/><U34/><E4/><V68/><F128/><W2/><G2/><T80/><D126/><U103/><E87/><V115/><F133/><W31/><G125/><T5/><D46/><U97/><E47/><V110/><F110/><W58/><G132/><T29/><D59/><U124/><E124/><V66/><N who="2" m="43123" /><V44/><DORA hai="7" /><F15/><W120/><G120/><T25/><D80/><U76/><E76/><N who="2" m="44439" /><F44/><W50/><G41/><T28/><D28/><U131/><E131/><V69/><F52/><N who="3" m="32023" /><G102/><T81/><D81/><U64/><E63/><V98/><F86/><AGARI ba="0,0" hai="9,13,16,23,26,31,54,55,78,82,86" m="32023" machi="86" ten="30,7700,0" yaku="8,1,52,1,54,2" doraHai="94,7" who="3" fromWho="2" sc="237,0,272,0,256,-77,235,77" /><INIT seed="6,0,0,4,5,63" ten="237,272,179,312" oya="2" hai0="21,121,60,130,13,112,27,30,95,73,17,61,104" hai1="106,129,93,119,72,97,96,7,47,76,110,31,15" hai2="37,80,99,105,45,28,82,118,84,12,32,5,42" hai3="64,33,70,88,3,40,79,134,52,66,94,19,36"/><V100/><F118/><W38/><G33/><T81/><D121/><U77/><E110/><V68/><F68/><W35/><G35/><T75/><D104/><U127/><E119/><V44/><F32/><W87/><G3/><T109/><D109/><U57/><E72/><V20/><F28/><W59/><G134/><T4/><D4/><U132/><E106/><V131/><F131/><W135/><G135/><T122/><D122/><U116/><E116/><V123/><F123/><W103/><G103/><T8/><D112/><U34/><E132/><V117/><F117/><W6/><G6/><T39/><D39/><U98/><E93/><V0/><F0/><W115/><G70/><T74/><D95/><U46/><E127/><V69/><F69/><W108/><G38/><T2/><D130/><U29/><E34/><V51/><F84/><W24/><G115/><T113/><D113/><U65/><E31/><V120/><F120/><W126/><G126/><T43/><D43/><U83/><E83/><V53/><REACH who="2" step="1"/><F5/><REACH who="2" ten="237,272,169,312" step="2"/><W16/><G108/><T9/><D2/><U114/><E29/><V91/><F91/><W86/><G86/><T89/><D89/><U54/><E129/><V107/><F107/><W67/><G79/><N who="0" m="44271" /><D75/><U124/><E114/><V128/><F128/><W18/><G36/><T62/><D74/><U23/><E7/><V90/><F90/><W50/><G40/><T14/><D30/><U85/><E77/><V92/><F92/><W55/><G24/><T101/><D101/><U48/><E76/><V125/><F125/><W41/><G41/><T133/><D133/><RYUUKYOKU ba="0,1" sc="237,10,272,-30,169,10,312,10" hai0="8,9,13,14,17,21,27,60,61,62" hai2="12,20,37,42,44,45,51,53,80,82,99,100,105" hai3="16,18,19,50,52,55,59,64,66,67,87,88,94" /><INIT seed="6,1,1,1,2,9" ten="247,242,179,322" oya="2" hai0="32,43,125,120,66,84,28,5,80,10,37,30,71" hai1="117,24,126,49,70,0,90,94,115,50,101,79,86" hai2="4,31,40,23,129,112,133,65,51,109,6,122,96" hai3="36,105,68,7,121,132,39,95,118,8,55,74,72"/><V87/><F122/><W67/><G121/><T57/><D120/><U62/><E117/><V11/><F112/><W116/><G105/><T59/><D125/><U103/><E0/><V85/><F129/><W38/><G95/><T97/><D30/><U106/><E115/><V127/><F127/><W128/><G55/><T119/><D119/><U89/><E79/><V22/><F133/><W124/><G124/><T98/><D59/><U110/><E110/><V130/><F130/><W17/><G17/><T42/><D71/><U15/><E106/><V131/><F131/><W52/><G52/><T21/><D32/><U113/><E113/><V54/><F65/><W46/><G46/><T69/><D69/><U60/><E24/><N who="2" m="16791" /><F40/><W64/><G64/><T88/><D37/><U76/><E76/><V33/><F33/><W83/><G132/><T19/><D43/><U27/><E27/><V91/><F23/><W47/><G128/><T13/><D28/><U114/><E70/><V45/><F109/><W63/><G118/><T102/><D42/><U77/><E77/><V35/><F35/><W3/><G116/><T81/><D81/><U16/><E126/><V104/><F104/><W92/><G83/><T93/><D80/><U82/><E114/><V1/><F4/><W73/><G38/><T14/><D102/><N who="1" m="38923" /><E62/><AGARI ba="1,1" hai="5,10,13,14,19,21,57,62,66,84,88,93,97,98" machi="62" ten="40,8000,1" yaku="8,1,52,2,54,1" doraHai="9" who="0" fromWho="1" sc="247,93,242,-83,179,0,322,0" /><INIT seed="7,0,0,0,3,81" ten="340,159,179,322" oya="3" hai0="27,114,51,25,100,26,116,58,88,8,92,32,13" hai1="55,78,129,95,22,107,91,62,110,44,68,5,3" hai2="123,14,20,66,103,42,118,57,85,18,12,87,52" hai3="71,84,106,59,125,34,64,53,36,11,93,112,130"/><W94/><G106/><T69/><D69/><U7/><E110/><V73/><F118/><W113/><G34/><T124/><D116/><U45/><E107/><V115/><F73/><W108/><G36/><T2/><D2/><U49/><E129/><V10/><F115/><N who="3" m="44107" /><G130/><T104/><D114/><U4/><E78/><V63/><F42/><W101/><G125/><T120/><D120/><U135/><E135/><V54/><F103/><W21/><G64/><T131/><D124/><U121/><E121/><V60/><F123/><W61/><G71/><T29/><D100/><U24/><E3/><V50/><F63/><W33/><G33/><T43/><D104/><U19/><E68/><V67/><F54/><W28/><G11/><T38/><D38/><U77/><E77/><V39/><F39/><W37/><G37/><T16/><D131/><U80/><E80/><V48/><F48/><W122/><G122/><T17/><D17/><U75/><E75/><V72/><F72/><W109/><G101/><T86/><REACH who="0" step="1"/><D58/><REACH who="0" ten="330,159,179,322" step="2"/><N who="1" m="35167" /><E49/><V41/><F50/><W82/><G108/><T132/><D132/><U1/><E1/><V99/><F41/><W90/><G109/><T83/><D83/><U46/><E4/><N who="2" m="3143" /><F99/><AGARI ba="0,1" hai="5,7,19,22,24,44,45,46,91,95,99" m="35167" machi="99" ten="30,2000,0" yaku="25,1,8,1" doraHai="81" who="1" fromWho="2" sc="330,0,159,30,179,-20,322,0" owari="330,43.0,189,-21.0,159,-34.0,322,12.0" /></mjloggm>