<mjloggm ver="2.3"><GO type="169" lobby="0"/><UN n0="%62%61%6B%61%73%65" n1="%E5%B0%B1%E6%B4%BB%E7%94%9F%40%E5%B7%9D%E6%9D%91%E8%BB%8D%E5%9B%A3" n2="%43%52%41%5A%59%42%45%45" n3="%E3%83%95%E3%83%B3%E3%83%8C" dan="16,19,17,16" rate="2053.42,2362.90,2138.79,2066.45" sx="F,M,M,M"/><TAIKYOKU oya="0"/><INIT seed="0,0,0,5,3,94" ten="250,250,250,250" oya="0" hai0="122,62,0,42,25,51,14,21,106,74,31,8,63" hai1="123,80,33,5,113,102,19,29,58,96,81,64,22" hai2="115,59,60,53,27,44,117,13,91,6,32,40,2" hai3="36,79,130,43,108,120,90,39,12,70,127,116,26"/><T73/><D122/><U105/><E123/><V98/><F115/><W9/><G120/><T107/><D0/><U131/><E113/><V97/><F2/><W99/><G116/><T126/><D126/><U103/><E131/><V41/><F117/><W49/><G127/><T114/><D114/><U125/><E125/><V111/><F111/><W132/><G70/><T118/><D118/><U66/><E5/><V50/><F32/><W4/><G108/><T35/><D35/><U72/><E102/><V87/><F27/><W1/><G132/><T48/><D74/><U100/><E100/><V54/><F6/><W7/><G79/><T121/><D73/><U82/><E72/><V86/><F13/><W76/><G76/><T30/><D121/><U52/><E29/><V57/><F86/><W119/><G130/><T134/><D42/><N who="2" m="16490" /><F57/><W75/><G26/><T78/><D78/><U38/><E38/><V24/><F24/><W56/><G75/><T47/><D25/><N who="1" m="14559" /><E105/><V61/><F61/><W34/><G34/><T45/><D14/><U16/><E33/><V68/><F68/><W89/><G119/><T85/><D21/><U23/><E23/><V28/><F28/><W104/><G36/><T10/><REACH who="0" step="1"/><D85/><REACH who="0" ten="240,250,250,250" step="2"/><U20/><E20/><V109/><F109/><W95/><G1/><T83/><D83/><AGARI ba="0,1" hai="44,50,53,54,59,60,83,87,91,97,98" m="16490" machi="83" ten="30,3900,0" yaku="8,1,52,2" doraHai="94" who="2" fromWho="0" sc="240,-39,250,0,250,49,250,0" /><INIT seed="1,0,0,1,3,109" ten="201,250,299,250" oya="1" hai0="12,71,80,42,6,29,28,64,16,52,95,97,60" hai1="61,48,103,82,72,90,65,100,15,34,27,31,93" hai2="130,20,59,32,132,37,106,46,99,22,117,127,121" hai3="17,10,43,91,83,77,57,66,112,19,3,8,125"/><U85/><E15/><V44/><F121/><W56/><G112/><T39/><D6/><U74/><E48/><V30/><F117/><W75/><G125/><T79/><D42/><U116/><E116/><V49/><F127/><W131/><G131/><T107/><D107/><U1/><E1/><V111/><F111/><W4/><G91/><T24/><D39/><U115/><E115/><V41/><F130/><W119/><G119/><T76/><D24/><U50/><E50/><V25/><F59/><W33/><G33/><T5/><D5/><U86/><E103/><V104/><F132/><W54/><G66/><T113/><D113/><U87/><E100/><V18/><F99/><W110/><G110/><T40/><D40/><U105/><E105/><V13/><F32/><W68/><G68/><T124/><D124/><U88/><REACH who="1" step="1"/><E85/><REACH who="1" ten="201,240,299,250" step="2"/><V36/><F37/><W53/><G43/><AGARI ba="0,1" hai="13,18,20,22,25,30,36,41,43,44,46,49,104,106" machi="43" ten="30,1000,0" yaku="7,1" doraHai="109" who="2" fromWho="3" sc="201,0,240,0,299,20,250,-10" /><INIT seed="2,0,0,1,0,15" ten="201,240,319,240" oya="2" hai0="122,125,129,127,80,45,94,114,133,34,63,107,126" hai1="115,58,28,27,6,22,64,33,42,113,2,29,54" hai2="55,70,123,86,32,44,49,134,12,104,100,4,41" hai3="103,10,120,1,128,110,13,87,11,117,69,85,47"/><V77/><F123/><W83/><G120/><T50/><D107/><U31/><E64/><V5/><F32/><W59/><G117/><T35/><D122/><U57/><E42/><V65/><F134/><W81/><G69/><T111/><D114/><U119/><E57/><V16/><F70/><W92/><G110/><T51/><D111/><U14/><E119/><V66/><F104/><W71/><G71/><T97/><D133/><U23/><E58/><V93/><F41/><W95/><G128/><T56/><D80/><U43/><E54/><V26/><F26/><W20/><G20/><T101/><D129/><U109/><E43/><V118/><F118/><W121/><G121/><T84/><D84/><U89/><E89/><N who="2" m="53431" /><F77/><W76/><G47/><T91/><D91/><U131/><E131/><V0/><F0/><W88/><G1/><T112/><D112/><N who="1" m="43083" /><E109/><V52/><F55/><W98/><G59/><T73/><D73/><U135/><E135/><V74/><F100/><W61/><G61/><T106/><D106/><U48/><E48/><N who="0" m="18473" /><D45/><U79/><E79/><V62/><F74/><W68/><G68/><T21/><D21/><N who="1" m="7691" /><E2/><V99/><F62/><W17/><G11/><AGARI ba="0,0" hai="6,11,14,27,28,29,31,33" m="7691,43083" machi="11" ten="30,2000,0" yaku="34,2" doraHai="15" who="1" fromWho="3" sc="201,0,240,20,319,0,240,-20" /><INIT seed="3,0,0,2,4,30" ten="201,260,319,220" oya="3" hai0="95,132,113,106,69,23,115,97,83,2,28,53,80" hai1="0,108,39,93,102,70,33,48,87,120,57,61,79" hai2="25,84,20,105,55,107,75,7,118,63,40,15,44" hai3="127,52,11,98,65,13,122,124,78,88,77,103,56"/><W12/><G122/><T35/><D2/><U114/><E0/><V8/><F75/><W76/><G65/><T46/><D106/><U24/><E39/><V81/><F118/><W50/><G103/><T3/><D3/><U60/><E114/><N who="0" m="43529" /><D69/><U92/><E120/><V74/><F74/><W123/><G123/><T9/><D9/><U104/><E108/><V100/><F100/><W101/><G101/><N who="0" m="60607" /><D23/><U51/><E79/><V18/><F63/><W5/><REACH who="3" step="1"/><G12/><REACH who="3" ten="201,260,319,210" step="2"/><T6/><D132/><U54/><E102/><V99/><F105/><W67/><G67/><T131/><D131/><U82/><E104/><V85/><F107/><W14/><G14/><T31/><D83/><U110/><E82/><V128/><F81/><W29/><G29/><T26/><D31/><U133/><E133/><V111/><F128/><W27/><G27/><T90/><D80/><U4/><E24/><V36/><F25/><W135/><G135/><T68/><D90/><U121/><E121/><V129/><F129/><W72/><G72/><T71/><D6/><U86/><E4/><V116/><F7/><W109/><G109/><T16/><D16/><U17/><E17/><V21/><F18/><W22/><G22/><T91/><D91/><U94/><E94/><AGARI ba="0,1" hai="5,11,13,50,52,56,76,77,78,88,94,98,124,127" machi="94" ten="40,7700,0" yaku="1,1,54,2,53,0" doraHai="30" doraHaiUra="34" who="3" fromWho="1" sc="201,0,260,-77,319,0,210,87" /><INIT seed="3,1,0,4,2,100" ten="201,183,319,297" oya="3" hai0="92,35,79,23,40,24,19,6,11,70,16,130,84" hai1="41,14,20,60,57,68,75,67,132,97,88,127,114" hai2="105,43,116,44,82,74,76,103,15,65,66,87,18" hai3="80,101,121,81,78,73,31,8,61,46,49,83,45"/><W55/><G121/><T10/><D130/><U34/><E34/><V96/><F116/><W25/><G8/><T112/><D70/><U85/><E114/><V72/><F72/><W110/><G110/><T48/><D112/><U63/><E75/><V47/><F74/><W104/><G61/><T0/><D35/><U126/><E41/><V12/><F44/><W113/><G113/><T71/><D71/><U99/><E132/><V77/><F76/><W3/><G3/><T123/><D123/><U32/><E32/><V21/><REACH who="2" step="1"/><F15/><REACH who="2" ten="201,183,309,297" step="2"/><W86/><G46/><T56/><D0/><U59/><E14/><V4/><F4/><W1/><G1/><T13/><D6/><U54/><E68/><V50/><AGARI ba="1,1" hai="12,18,21,43,47,50,65,66,77,82,87,96,103,105" machi="50" ten="20,12000,2" yaku="1,1,0,1,7,1,52,1,53,2" doraHai="100" doraHaiUra="62" who="2" fromWho="2" sc="201,-31,183,-31,309,133,297,-61" /><INIT seed="4,0,0,2,3,66" ten="170,152,442,236" oya="0" hai0="56,116,32,133,65,89,135,105,20,44,124,19,120" hai1="18,64,134,69,74,86,39,121,50,84,113,99,100" hai2="78,73,103,22,132,52,131,48,93,104,98,87,15" hai3="117,111,40,5,101,24,46,0,31,114,67,9,91"/><T127/><D32/><U47/><E74/><V59/><F132/><N who="0" m="50762" /><D105/><U71/><BYE who="3" /><E121/><V68/><F68/><W4/><G4/><T123/><D116/><UN n3="%E3%83%95%E3%83%B3%E3%83%8C" /><U119/><E119/><V43/><F131/><W102/><G111/><T11/><D89/><U109/><E134/><V88/><F43/><W72/><G117/><T21/><D44/><U7/><E109/><V62/><F62/><W27/><G114/><T108/><D65/><U118/><E39/><V58/><F58/><W16/><G72/><T130/><D56/><U97/><E118/><V94/><F73/><W125/><G125/><N who="0" m="48203" /><D108/><U122/><E7/><V96/><F78/><W95/><G67/><T129/><D11/><U75/><E75/><V23/><F104/><W10/><G27/><N who="0" m="14751" /><D21/><U49/><E64/><V29/><F23/><W35/><G46/><T33/><D33/><U90/><E47/><V79/><F22/><W42/><G42/><T82/><D82/><U1/><E90/><V115/><F88/><W81/><G40/><T128/><AGARI ba="0,0" hai="120,123,128,129,130" m="14751,48203,50762" machi="128" ten="40,48000,5" yakuman="39" doraHai="66" who="0" fromWho="0" sc="170,480,152,-160,442,-160,236,-160" owari="650,75.0,-8,-51.0,282,8.0,76,-32.0" /></mjloggm>