<mjloggm ver="2.3"><GO type="169" lobby="0"/><UN n0="%E3%83%88%E3%83%88%E3%83%AA%E5%85%88%E7%94%9F%31%39%E6%AD%B3" n1="%E3%81%8B%E3%81%AB%E3%83%9E%E3%82%B8%E3%83%B3" n2="%6E%65%77%E3%81%9F%E3%81%91%E3%81%93%E3%81%9E%E3%81%86" n3="%69%77%61%6E%6B%6F%66%75" dan="18,18,16,16" rate="2308.46,2239.52,2088.51,2122.96" sx="F,M,M,M"/><TAIKYOKU oya="0"/><INIT seed="0,0,0,0,0,34" ten="250,250,250,250" oya="0" hai0="133,41,32,110,121,114,102,16,115,96,52,100,47" hai1="66,12,97,85,91,23,65,77,119,105,17,126,79" hai2="59,80,69,5,35,129,3,9,64,128,124,39,95" hai3="116,10,131,4,74,78,28,30,134,88,132,107,86"/><T26/><D121/><U103/><E126/><V0/><F124/><W81/><G116/><T111/><D133/><N who="3" m="51305" /><G107/><T49/><D41/><U82/><E119/><V6/><F39/><W46/><G46/><T11/><D32/><U24/><E79/><V101/><F35/><W51/><G51/><T57/><D47/><U83/><REACH who="1" step="1"/><E24/><REACH who="1" ten="250,240,250,250" step="2"/><V1/><F129/><W70/><G131/><T50/><D26/><U22/><E22/><V98/><F128/><W54/><G70/><T36/><D114/><U18/><E18/><V14/><F69/><W40/><G40/><T122/><D115/><U117/><E117/><V15/><F80/><N who="3" m="45143" /><G54/><T29/><D52/><U68/><E68/><V53/><F64/><W108/><G108/><T67/><D67/><U58/><E58/><V89/><F101/><W84/><G84/><AGARI ba="0,1" hai="12,17,23,65,66,77,82,83,84,85,91,97,103,105" machi="84" ten="30,3900,0" yaku="1,1,7,1,53,1" doraHai="34" doraHaiUra="73" who="1" fromWho="3" sc="250,0,240,49,250,0,250,-39" /><INIT seed="1,0,0,5,1,76" ten="250,289,250,211" oya="1" hai0="9,0,41,32,132,31,34,23,82,73,16,5,18" hai1="12,103,53,14,21,2,44,93,30,62,130,83,90" hai2="87,25,134,99,20,66,22,96,45,48,33,121,47" hai3="86,124,128,43,64,88,89,17,129,126,67,69,35"/><U46/><E2/><V24/><F121/><W101/><G35/><N who="0" m="13355" /><D82/><U54/><E130/><N who="3" m="50282" /><G43/><T6/><D41/><U72/><E72/><V79/><F33/><W112/><G112/><T85/><D85/><N who="1" m="50495" /><E30/><V104/><F104/><W81/><G101/><T38/><D38/><U26/><E26/><V36/><F36/><W1/><G1/><N who="0" m="175" /><D73/><U106/><E21/><V108/><F134/><W4/><G4/><T97/><D97/><N who="1" m="59823" /><E106/><V15/><F96/><W98/><G17/><N who="0" m="6763" /><D132/><U63/><E62/><V116/><F99/><W102/><G89/><T13/><D0/><U3/><E3/><V10/><F66/><N who="3" m="25131" /><G69/><T110/><D110/><U39/><E39/><V135/><F108/><W131/><N who="3" m="50290" /><W27/><DORA hai="61" /><G27/><N who="0" m="16895" /><D6/><U77/><E77/><V127/><F135/><W11/><G102/><T8/><D8/><U84/><E84/><V40/><F10/><W59/><G11/><T56/><D56/><N who="1" m="35215" /><E46/><V100/><F47/><W120/><G59/><T52/><D52/><U133/><E133/><V95/><F45/><W50/><G98/><T113/><D113/><U105/><E105/><V51/><F40/><W114/><G114/><T118/><D13/><U80/><E80/><V107/><F15/><W28/><G50/><AGARI ba="0,0" hai="12,14,44,50,54" m="35215,59823,50495" machi="50" ten="30,2900,0" yaku="8,1,52,1" doraHai="76,61" who="1" fromWho="3" sc="250,0,289,29,250,0,211,-29" /><INIT seed="1,1,0,1,3,119" ten="250,318,250,182" oya="1" hai0="20,96,66,124,41,47,117,129,78,106,18,42,73" hai1="127,51,30,24,6,28,115,94,86,33,9,0,48" hai2="71,26,123,82,77,4,29,43,79,64,11,108,70" hai3="107,16,12,75,126,10,54,55,27,120,125,13,97"/><U2/><E115/><V88/><F108/><W134/><G75/><T95/><D117/><U5/><E127/><N who="3" m="48650" /><G134/><T122/><D124/><U57/><E57/><V93/><F43/><W84/><G27/><T39/><D106/><U100/><E30/><V17/><F17/><N who="3" m="8343" /><G84/><T46/><D129/><U113/><E113/><V131/><F131/><W53/><G120/><T133/><D133/><U45/><E45/><V22/><F123/><W85/><G85/><T50/><D122/><U111/><E111/><V62/><F71/><W74/><G74/><T15/><D73/><U110/><E110/><V1/><REACH who="2" step="1"/><F82/><REACH who="2" ten="250,318,240,182" step="2"/><W105/><G97/><AGARI ba="1,1" hai="1,4,11,22,26,29,62,64,70,77,79,88,93,97" machi="97" ten="30,7700,0" yaku="1,1,2,1,7,1,54,1,53,0" doraHai="119" doraHaiUra="98" who="2" fromWho="3" sc="250,0,318,0,240,90,182,-80" /><INIT seed="2,0,0,3,4,76" ten="250,318,330,102" oya="2" hai0="4,114,53,28,7,33,11,3,13,62,18,102,56" hai1="127,80,46,122,116,103,55,79,22,47,121,107,133" hai2="1,26,93,25,19,81,0,67,135,77,52,9,72" hai3="101,17,64,27,91,130,30,16,5,84,100,40,6"/><V92/><F135/><W20/><G130/><T23/><D114/><U113/><E113/><V94/><F67/><W105/><G40/><T87/><D4/><N who="3" m="1641" /><G64/><T110/><D110/><U78/><E133/><V29/><F25/><W118/><G105/><T57/><D102/><N who="3" m="39529" /><G118/><T104/><D104/><U21/><E116/><V37/><F37/><W82/><AGARI ba="0,0" hai="16,17,20,27,30,82,84,91" m="39529,1641" machi="82" ten="30,4000,0" yaku="8,1,52,1,54,1" doraHai="76" who="3" fromWho="3" sc="250,-10,318,-10,330,-20,102,40" /><INIT seed="3,0,0,2,3,83" ten="240,308,310,142" oya="3" hai0="44,100,14,62,90,126,129,103,40,117,57,6,96" hai1="34,74,95,69,11,93,80,42,53,65,21,0,31" hai2="45,124,111,85,105,84,119,134,36,107,20,104,12" hai3="2,59,116,128,133,115,58,55,10,25,94,29,28"/><W89/><G115/><T92/><D117/><U52/><E34/><V75/><F119/><W66/><G116/><T63/><D129/><U49/><E65/><V132/><F75/><W67/><G128/><T54/><D126/><U97/><E69/><V56/><F124/><W135/><G2/><T71/><D71/><U68/><E68/><V110/><F56/><N who="3" m="21547" /><G10/><N who="0" m="4439" /><D62/><U5/><E74/><V108/><F20/><N who="3" m="15399" /><G29/><T86/><D96/><U3/><E3/><V82/><F12/><W102/><G102/><N who="0" m="38955" /><D40/><U19/><E31/><V123/><F82/><W87/><G55/><T33/><D33/><U98/><E80/><V27/><F27/><W18/><G18/><T15/><D15/><U17/><E17/><V114/><F114/><W125/><G125/><T73/><D73/><U101/><E97/><V38/><F123/><W70/><G70/><T120/><D120/><U50/><E42/><N who="2" m="22727" /><F38/><W8/><G8/><T106/><D106/><U64/><E64/><V13/><F13/><W131/><G131/><T109/><D44/><U113/><E113/><V121/><F121/><W47/><G47/><T112/><D112/><U51/><E19/><V130/><F130/><W30/><G30/><T91/><D57/><U39/><E39/><V118/><F118/><W7/><G7/><T127/><D127/><U81/><E21/><V43/><F43/><W99/><G99/><N who="0" m="57751" /><D54/><N who="1" m="21099" /><E101/><V88/><F88/><W72/><G72/><T78/><D63/><U1/><E98/><V9/><F9/><W35/><G35/><T26/><D91/><U76/><E0/><V122/><F122/><W61/><G61/><RYUUKYOKU ba="0,0" sc="240,-30,308,10,310,10,142,10" hai1="1,5,11,49,50,51,76,81,93,95" hai2="84,85,104,105,107,108,110,111,132,134" hai3="66,67,87,89,94,133,135" /><INIT seed="3,1,0,1,3,14" ten="210,318,320,152" oya="3" hai0="41,38,95,111,91,97,52,69,94,118,101,72,16" hai1="90,63,134,24,99,33,3,126,6,15,83,70,103" hai2="29,115,114,73,48,93,88,9,104,87,31,22,25" hai3="57,19,42,67,129,36,7,32,122,56,116,13,2"/><W107/><G116/><T102/><D118/><U26/><E126/><V5/><F104/><W66/><G122/><T28/><D69/><U133/><E3/><V113/><F73/><W130/><G107/><T89/><D72/><U80/><E70/><V8/><F48/><W131/><G32/><T117/><D117/><U76/><E63/><V105/><F105/><W98/><G98/><N who="0" m="57679" /><D38/><U119/><E90/><V1/><REACH who="2" step="1"/><F8/><REACH who="2" ten="210,318,310,152" step="2"/><N who="3" m="2167" /><G36/><T0/><D111/><U45/><E119/><V86/><F86/><W124/><G124/><T78/><D41/><U100/><E99/><V64/><F64/><N who="3" m="24619" /><G42/><T43/><D43/><U44/><E134/><V20/><F20/><AGARI ba="1,1" hai="13,19,20,56,57,129,130,131" m="24619,2167" machi="20" ten="30,2900,0" yaku="19,1,52,1" doraHai="14" who="3" fromWho="2" sc="210,0,318,0,310,-32,152,42" /><INIT seed="3,2,0,1,0,115" ten="210,318,278,194" oya="3" hai0="107,6,16,73,47,42,31,4,7,1,67,34,66" hai1="99,111,25,55,3,79,98,75,109,22,27,10,89" hai2="37,82,128,19,91,112,123,5,30,0,13,59,94" hai3="101,51,45,127,11,97,53,2,117,96,58,114,40"/><W130/><G114/><T26/><D107/><U90/><E79/><V28/><F112/><W62/><G127/><T120/><D120/><U122/><E75/><V85/><F37/><W104/><G130/><T116/><D73/><U133/><E122/><V12/><F128/><W103/><G2/><T38/><D1/><U48/><E133/><V44/><F123/><W134/><G11/><T121/><D121/><U56/><E10/><N who="2" m="4175" /><F0/><W60/><G134/><T87/><D116/><U29/><E3/><V41/><F59/><W71/><G71/><T132/><D132/><U78/><E78/><N who="2" m="46295" /><F44/><W81/><G81/><T36/><D36/><U113/><E113/><V131/><F41/><W106/><REACH who="3" step="1"/><G62/><REACH who="3" ten="210,318,278,184" step="2"/><T102/><D4/><U24/><E111/><V119/><F131/><W69/><G69/><T52/><D6/><U50/><E109/><V49/><F49/><W93/><G93/><T105/><D7/><U118/><E48/><V61/><F61/><W84/><G84/><T46/><D87/><U72/><E72/><V32/><F32/><W135/><G135/><T39/><D39/><U21/><E50/><V126/><F126/><W17/><G17/><T110/><D16/><U74/><E74/><V80/><F80/><W92/><G92/><T8/><D110/><U18/><E18/><V64/><F19/><W86/><G86/><T100/><D8/><U125/><E125/><V33/><F33/><W15/><G15/><T23/><D34/><U9/><E9/><V70/><F13/><W95/><G95/><T77/><D77/><U108/><E108/><V83/><F94/><RYUUKYOKU ba="2,1" sc="210,-10,318,-10,278,-10,184,30" hai3="40,45,51,53,58,60,96,97,101,103,104,106,117" /><INIT seed="3,3,1,4,4,42" ten="200,308,268,214" oya="3" hai0="96,135,22,48,124,117,94,46,110,66,17,7,26" hai1="69,75,54,50,14,74,15,64,103,93,130,19,88" hai2="59,131,34,49,12,133,4,128,87,30,90,108,122" hai3="33,8,81,115,97,67,126,119,23,28,13,100,72"/><W84/><G115/><T40/><D117/><U10/><E103/><V105/><F105/><W21/><G119/><T39/><D110/><U37/><E37/><V16/><F108/><W32/><G72/><T61/><D135/><U44/><E130/><N who="2" m="49707" /><F133/><W1/><G126/><T5/><D39/><U68/><E64/><V104/><F104/><W116/><G116/><T82/><D82/><U111/><E111/><V9/><F122/><W114/><G114/><T70/><REACH who="0" step="1"/><D124/><REACH who="0" ten="190,308,268,214" step="2"/><U80/><E80/><V98/><F34/><W79/><G33/><T38/><D38/><U123/><E123/><V95/><F30/><W58/><G32/><T31/><D31/><U92/><E92/><V62/><F49/><W121/><G121/><T132/><D132/><U41/><E93/><V83/><F83/><W112/><G112/><T118/><D118/><U71/><E50/><V91/><F98/><W20/><G28/><T129/><D129/><U11/><E74/><V73/><F73/><W76/><G76/><T106/><D106/><U63/><E75/><V78/><F95/><W25/><G79/><T102/><AGARI ba="3,2" hai="5,7,17,22,26,40,46,48,61,66,70,94,96,102" machi="102" ten="20,5200,0" yaku="1,1,0,1,7,1,52,1,53,0" doraHai="42" doraHaiUra="35" who="0" fromWho="0" sc="190,81,308,-16,268,-16,214,-29" /><INIT seed="4,0,0,1,3,46" ten="271,292,252,185" oya="0" hai0="36,129,128,45,33,117,68,79,31,71,96,112,123" hai1="0,131,94,121,127,29,84,55,50,16,78,4,57" hai2="99,109,105,21,48,39,11,124,107,85,119,64,89" hai3="92,134,24,27,52,67,82,100,53,38,7,60,91"/><T30/><D112/><U23/><E121/><V88/><F39/><W111/><G111/><T126/><D123/><U12/><E127/><V13/><F124/><W17/><G38/><T108/><D126/><U8/><E131/><N who="0" m="50249" /><D117/><U74/><E29/><N who="0" m="10761" /><D33/><U3/><E74/><V125/><F125/><W59/><G7/><T133/><D133/><U81/><REACH who="1" step="1"/><E94/><REACH who="1" ten="271,282,252,185" step="2"/><V76/><F119/><W20/><G134/><T34/><D34/><U77/><E77/><V56/><F76/><W14/><G82/><T118/><D118/><U90/><E90/><V103/><F105/><W10/><G100/><T110/><D79/><U102/><E102/><V98/><F98/><N who="3" m="57631" /><G27/><AGARI ba="0,1" hai="0,3,4,8,12,16,23,27,50,55,57,78,81,84" machi="27" ten="30,7700,0" yaku="1,1,7,1,52,1,54,1,53,0" doraHai="46" doraHaiUra="70" who="1" fromWho="3" sc="271,0,282,87,252,0,185,-77" /><INIT seed="5,0,0,3,4,100" ten="271,369,252,108" oya="1" hai0="61,53,91,8,135,97,17,45,6,55,71,85,76" hai1="66,27,132,36,34,1,112,130,67,123,115,87,30" hai2="96,84,58,113,19,40,51,101,90,81,7,77,64" hai3="16,32,99,86,88,109,125,72,114,103,24,28,38"/><U134/><E123/><V104/><F7/><W94/><G109/><T31/><D135/><N who="1" m="51755" /><E130/><V5/><F5/><W56/><G114/><N who="1" m="43562" /><E1/><V124/><F113/><W4/><G125/><T127/><D76/><U57/><E36/><V118/><F124/><W106/><G4/><T43/><D31/><U75/><E75/><V37/><F118/><W35/><G38/><T49/><D127/><U131/><E131/><V11/><F37/><W110/><G110/><T52/><D17/><U78/><E57/><V129/><F129/><W116/><G116/><T68/><D97/><U21/><E34/><V93/><F64/><W111/><G111/><T62/><D71/><U102/><E102/><V117/><F117/><W0/><G0/><T23/><D23/><U14/><E14/><V121/><F121/><W18/><G35/><T60/><D68/><U73/><E73/><N who="2" m="43183" /><F58/><W128/><G128/><T9/><REACH who="0" step="1"/><D6/><REACH who="0" ten="261,369,252,108" step="2"/><U80/><AGARI ba="0,1" hai="21,27,30,66,67,78,80,87" m="43562,51755" machi="80" ten="40,3900,0" yaku="20,1,15,1" doraHai="100" who="1" fromWho="1" sc="261,-13,369,49,252,-13,108,-13" /><INIT seed="5,1,0,1,5,131" ten="248,418,239,95" oya="1" hai0="84,61,15,54,77,121,107,68,24,112,6,33,56" hai1="32,104,60,115,55,45,18,37,80,3,67,87,8" hai2="88,4,124,79,106,42,41,35,34,126,39,69,11" hai3="36,48,89,100,22,66,31,134,71,133,110,83,109"/><U81/><E32/><V43/><F69/><W64/><G36/><T95/><D107/><U82/><E104/><V103/><F39/><W93/><G100/><T116/><D116/><U26/><E115/><V85/><F79/><W120/><G120/><T16/><D112/><U119/><E119/><V108/><F108/><N who="3" m="41579" /><G83/><N who="0" m="47215" /><D68/><U111/><E111/><V5/><F103/><W51/><G31/><T92/><D33/><N who="2" m="12298" /><F106/><W47/><G22/><N who="0" m="13383" /><D121/><U113/><E113/><V122/><F11/><AGARI ba="1,0" hai="6,11,15,54,56,61,92,95" m="13383,47215" machi="11" ten="30,2000,0" yaku="8,1,54,1" doraHai="131" who="0" fromWho="2" sc="248,23,418,0,239,-23,95,0" /><INIT seed="6,0,0,0,2,69" ten="271,418,216,95" oya="2" hai0="12,51,14,55,79,59,113,116,135,60,57,10,99" hai1="40,49,97,121,73,77,90,37,9,15,25,4,19" hai2="72,56,75,28,84,86,18,20,7,107,27,124,91" hai3="101,115,109,129,48,85,120,80,61,26,63,133,119"/><V0/><F107/><W16/><G109/><T45/><D113/><U3/><E121/><V87/><F124/><W110/><G110/><T5/><D135/><U68/><E68/><V78/><F78/><W89/><G119/><T47/><D116/><U88/><E25/><V64/><F91/><W23/><G129/><T118/><D118/><U117/><E49/><V95/><F95/><W6/><G133/><T128/><D128/><U62/><E62/><V104/><F104/><W52/><G120/><T36/><D36/><U66/><E66/><V82/><F82/><W2/><G115/><T50/><D79/><U93/><E117/><V39/><F39/><W58/><G2/><T127/><D127/><U17/><E15/><V41/><F41/><W100/><REACH who="3" step="1"/><G6/><REACH who="3" ten="271,418,216,85" step="2"/><T32/><D5/><U21/><E4/><V13/><F7/><W54/><G54/><T38/><D55/><U11/><E3/><V126/><F0/><W98/><G98/><T43/><D99/><U111/><E97/><V30/><F126/><W31/><G31/><T1/><D1/><U96/><E96/><V70/><F28/><W71/><G71/><T125/><D125/><U103/><E111/><V34/><F70/><W8/><G8/><T92/><D10/><U53/><E9/><V44/><F30/><W122/><G122/><T130/><D130/><U132/><E11/><V102/><F102/><AGARI ba="0,1" hai="16,23,26,48,52,58,61,63,80,85,89,100,101,102" machi="102" ten="40,8000,1" yaku="1,1,8,1,54,2,53,0" doraHai="69" doraHaiUra="94" who="3" fromWho="2" sc="271,0,418,0,216,-80,85,90" /><INIT seed="7,0,0,4,0,35" ten="271,418,136,175" oya="3" hai0="132,129,16,90,107,53,0,26,45,116,13,109,118" hai1="121,119,76,131,110,47,113,86,60,127,128,98,4" hai2="122,5,79,66,41,83,96,72,103,104,31,44,58" hai3="9,28,106,73,18,7,88,57,81,46,20,43,2"/><W19/><G106/><T6/><D109/><U135/><E110/><V91/><F122/><W102/><G102/><T61/><D107/><U70/><E4/><V78/><F78/><N who="3" m="44239" /><G57/><T24/><D90/><U115/><E47/><V48/><F5/><W117/><G117/><N who="0" m="45163" /><D45/><U49/><E127/><V42/><F31/><W25/><G88/><T52/><D61/><U23/><E135/><V85/><F66/><W30/><G30/><T114/><D53/><U33/><E33/><V32/><F32/><W10/><G10/><N who="0" m="2375" /><D52/><U63/><E63/><V14/><F14/><W29/><G29/><T80/><D80/><U50/><E60/><V95/><F58/><W55/><G55/><AGARI ba="0,0" hai="41,42,44,48,55,72,79,83,85,91,95,96,103,104" machi="55" ten="30,3900,0" yaku="7,1,24,2" doraHai="35" who="2" fromWho="3" sc="271,0,418,0,136,39,175,-39" owari="271,7.0,418,51.0,175,-22.0,136,-36.0" /></mjloggm>