<mjloggm ver="2.3"><GO type="169" lobby="0"/><UN n0="%E3%82%B7%E3%83%A3%E3%83%BC%E3%83%AA%E3%83%97%E3%83%88%E3%83%A9" n1="%E3%82%82%E3%81%BF%E3%81%82%E3%81%92" n2="%E5%8D%97%E5%9B%BD%E9%9B%80" n3="%E3%82%A6%E3%83%AB%E3%83%88%E3%83%A9%E7%AB%8B%E7%9B%B4" dan="17,16,17,17" rate="2221.06,2130.42,2147.49,2117.55" sx="M,M,M,M"/><TAIKYOKU oya="0"/><INIT seed="0,0,0,1,3,69" ten="250,250,250,250" oya="0" hai0="60,126,47,120,8,66,107,108,58,82,105,97,119" hai1="22,11,36,41,40,88,130,86,26,127,3,115,101" hai2="123,51,131,17,102,45,100,79,133,72,106,92,122" hai3="62,44,81,27,28,39,0,19,76,91,80,70,37"/><T24/><D119/><U93/><E127/><V12/><F106/><W116/><G116/><T7/><D120/><U87/><E130/><V38/><F131/><W57/><G70/><T117/><D117/><U50/><E115/><V68/><F68/><W14/><G0/><T103/><D126/><U128/><E128/><V85/><F133/><W49/><G91/><T23/><D108/><U114/><E101/><V35/><F35/><W134/><G134/><T98/><D82/><U75/><E75/><V32/><F32/><W95/><G95/><T83/><D83/><U16/><E114/><V96/><F100/><W109/><G109/><T132/><D132/><U54/><E86/><V71/><F72/><W34/><G44/><T64/><D47/><U5/><REACH who="1" step="1"/><E36/><REACH who="1" ten="250,240,250,250" step="2"/><V48/><F85/><W29/><G39/><T4/><D98/><U18/><E18/><V99/><F99/><W6/><G37/><T25/><D4/><U78/><E78/><V42/><F79/><W52/><G76/><T53/><D107/><U31/><E31/><V124/><F124/><W55/><G29/><T21/><D97/><U104/><E104/><V73/><F73/><W13/><G6/><T33/><D103/><U90/><E90/><V110/><F110/><W43/><G19/><N who="0" m="12351" /><D105/><U56/><AGARI ba="0,1" hai="3,5,11,16,22,26,40,41,50,54,56,87,88,93" machi="56" ten="20,8000,1" yaku="1,1,0,1,7,1,54,2,53,0" doraHai="69" doraHaiUra="113" who="1" fromWho="1" sc="250,-40,240,90,250,-20,250,-20" /><INIT seed="1,0,0,2,5,8" ten="210,330,230,230" oya="1" hai0="109,92,102,36,38,2,12,39,95,43,108,121,16" hai1="51,111,110,118,119,9,34,45,86,130,31,66,33" hai2="15,69,115,72,128,20,70,11,37,80,75,106,71" hai3="40,83,134,93,116,53,58,74,44,18,117,7,61"/><U103/><E130/><V67/><F128/><W101/><G7/><T100/><D2/><U59/><E103/><N who="0" m="39465" /><D43/><U65/><E86/><V3/><F106/><W113/><G113/><T10/><D121/><U6/><E118/><V96/><F115/><W76/><G134/><T85/><D85/><U13/><E119/><V14/><F96/><W48/><REACH who="3" step="1"/><G18/><REACH who="3" ten="210,330,230,220" step="2"/><T132/><D132/><U104/><E6/><V126/><F3/><W107/><G107/><T88/><D88/><U0/><E104/><V28/><F126/><W127/><G127/><T123/><D123/><U124/><E0/><V56/><F37/><W1/><G1/><T25/><D25/><U133/><E124/><V122/><F122/><W82/><G82/><T77/><D77/><U35/><E133/><V114/><F114/><W62/><G62/><T27/><D27/><U105/><E105/><V73/><F80/><W91/><G91/><T68/><D38/><U29/><E29/><V112/><F112/><W22/><G22/><T81/><D81/><U94/><E31/><V55/><F28/><W63/><G63/><T84/><D36/><U54/><E94/><N who="0" m="35881" /><D39/><U120/><E120/><V19/><F11/><W50/><G50/><T90/><D90/><U99/><E9/><V125/><F125/><W46/><G46/><T57/><D16/><U79/><E45/><V47/><F47/><W78/><G78/><T32/><D10/><U17/><E79/><V41/><F20/><W131/><G131/><T21/><D21/><N who="1" m="11439" /><E99/><AGARI ba="0,1" hai="40,44,48,53,58,61,74,76,83,93,99,101,116,117" machi="99" ten="40,1300,0" yaku="1,1,53,0" doraHai="8" doraHaiUra="4" who="3" fromWho="1" sc="210,0,330,-13,230,0,220,23" /><INIT seed="2,0,0,5,5,69" ten="210,317,230,243" oya="2" hai0="18,13,83,12,5,57,54,93,6,66,73,45,133" hai1="131,60,109,129,120,29,77,56,50,15,31,62,27" hai2="72,23,49,68,11,118,124,127,128,108,86,14,28" hai3="48,65,38,70,90,94,63,41,106,123,99,91,7"/><V113/><F113/><W92/><G123/><T132/><D66/><U125/><E109/><V43/><F118/><W97/><G106/><T36/><D93/><U32/><E125/><N who="2" m="48203" /><F72/><W82/><G82/><T80/><D5/><U0/><E120/><V25/><F68/><W30/><G30/><T53/><D6/><U88/><E0/><V87/><F128/><N who="1" m="49225" /><E31/><V81/><F108/><W100/><G7/><T8/><D12/><U19/><E77/><V78/><F86/><W37/><G100/><T20/><D8/><N who="1" m="6631" /><E88/><V98/><F98/><W10/><G10/><T130/><D130/><U79/><E79/><V22/><F11/><W67/><G67/><T107/><D80/><U26/><E26/><V59/><F14/><W134/><G134/><T3/><D83/><U116/><E116/><V64/><F64/><W39/><G48/><N who="0" m="28815" /><D3/><U85/><E85/><V105/><F105/><W1/><G1/><T42/><D107/><U114/><E114/><V115/><F115/><W46/><AGARI ba="0,0" hai="37,38,39,41,46,63,65,70,90,91,92,94,97,99" machi="46" ten="30,8000,1" yaku="0,1,9,1,52,3" doraHai="69" who="3" fromWho="3" sc="210,-20,317,-20,230,-40,243,80" /><INIT seed="3,0,0,5,1,119" ten="190,297,190,323" oya="3" hai0="106,59,71,93,114,29,31,88,58,107,129,22,76" hai1="75,47,62,132,3,123,87,82,99,130,78,11,16" hai2="85,127,68,51,124,52,14,32,63,98,77,104,92" hai3="83,20,35,55,36,112,54,94,125,95,80,66,57"/><W102/><G35/><T60/><D129/><U26/><E130/><V117/><F117/><W110/><G36/><T105/><D76/><U48/><E132/><V90/><F32/><W74/><G74/><T134/><D134/><U64/><E3/><V109/><F109/><W72/><G72/><T111/><D111/><U42/><E99/><V4/><F4/><W133/><G125/><N who="2" m="48201" /><F14/><W9/><G112/><T115/><D71/><U33/><E33/><V37/><F37/><W28/><G9/><T113/><D22/><U13/><E75/><V19/><F19/><W41/><G41/><T0/><D0/><U128/><E128/><V8/><F8/><W15/><G15/><T6/><D6/><U49/><E26/><V25/><F25/><W86/><G20/><T24/><D24/><U43/><E43/><V38/><F38/><W5/><G5/><T65/><D58/><U18/><E49/><V67/><F77/><W100/><G28/><T46/><REACH who="0" step="1"/><D46/><REACH who="0" ten="180,297,190,323" step="2"/><U84/><E47/><N who="2" m="27775" /><F104/><W69/><G110/><T50/><D50/><U131/><E48/><V30/><F30/><W73/><G133/><T34/><D34/><U44/><E131/><V89/><F85/><AGARI ba="0,1" hai="29,31,59,60,65,85,88,93,105,106,107,113,114,115" machi="85" ten="50,8000,1" yaku="1,1,11,1,54,1,53,1" doraHai="119" doraHaiUra="53" who="0" fromWho="2" sc="180,90,297,0,190,-80,323,0" /><INIT seed="4,0,0,5,1,23" ten="270,297,110,323" oya="0" hai0="52,15,79,75,49,85,32,58,109,28,56,91,38" hai1="35,5,66,29,93,34,40,107,18,33,78,50,134" hai2="20,87,27,98,55,65,37,106,117,13,133,12,3" hai3="70,54,0,2,7,22,113,14,118,124,62,4,43"/><T74/><D38/><U129/><E107/><V131/><F131/><W71/><G43/><T125/><D125/><U24/><E78/><V41/><F133/><W104/><G54/><T135/><D135/><U82/><E82/><V42/><F117/><W111/><G22/><T51/><D109/><U110/><E66/><V36/><F3/><W121/><G14/><T31/><D15/><U10/><E110/><V96/><F65/><W90/><G90/><T112/><D112/><U72/><E72/><V97/><F106/><W67/><G62/><T92/><D79/><U103/><E93/><V19/><F37/><W89/><G89/><T130/><D130/><U44/><E103/><V122/><F122/><W16/><G67/><T8/><D8/><U61/><E134/><V108/><F108/><W77/><G77/><T132/><D132/><U120/><E120/><V48/><F87/><W84/><G84/><T128/><D128/><U68/><E129/><V99/><N who="2" m="24576" /><DORA hai="105" /><V64/><F64/><W119/><G104/><T94/><D32/><U9/><E68/><V25/><F13/><W127/><G111/><T53/><D94/><U45/><E61/><V123/><F123/><W6/><G121/><T26/><REACH who="0" step="1"/><D28/><REACH who="0" ten="260,297,110,323" step="2"/><U86/><E29/><V102/><F102/><W100/><G100/><T116/><D116/><U21/><E35/><V95/><F95/><W83/><G119/><T39/><D39/><U30/><E34/><V115/><F36/><W81/><G118/><T11/><D11/><U47/><E10/><V101/><F101/><W69/><G124/><T1/><D1/><RYUUKYOKU ba="0,1" sc="260,30,297,-10,110,-10,323,-10" hai0="26,31,49,51,52,53,56,58,74,75,85,91,92" /><INIT seed="4,1,1,0,1,108" ten="290,287,100,313" oya="0" hai0="112,103,71,105,91,93,33,46,129,113,17,115,4" hai1="94,133,95,11,54,106,69,127,104,121,49,40,84" hai2="22,74,53,64,39,99,47,23,122,79,58,110,123" hai3="10,56,21,55,120,63,48,14,1,36,60,114,44"/><T66/><D129/><U124/><E121/><V67/><F110/><W15/><G36/><T52/><D33/><U86/><E69/><V20/><F122/><W87/><G120/><T16/><D4/><U128/><E40/><V130/><F123/><W24/><G1/><T76/><D76/><U8/><E128/><V135/><F130/><W38/><G38/><T43/><D105/><N who="1" m="40555" /><E133/><V100/><F135/><W18/><G114/><T7/><D7/><U83/><E49/><V89/><F89/><W42/><G87/><N who="1" m="33322" /><E54/><V97/><F79/><W28/><G15/><T132/><D91/><U2/><E2/><V75/><F39/><W96/><G96/><N who="2" m="36937" /><F47/><W5/><G63/><N who="0" m="40415" /><D132/><U131/><E83/><V6/><F6/><AGARI ba="1,1" hai="5,6,10,14,18,21,24,28,42,44,48,55,56,60" machi="6" ten="40,1300,0" yaku="8,1" doraHai="108" who="3" fromWho="2" sc="290,0,287,0,100,-16,313,26" /><INIT seed="5,0,0,4,0,134" ten="290,287,84,339" oya="1" hai0="78,80,52,35,4,58,81,73,6,24,19,40,85" hai1="25,60,21,66,1,30,68,16,47,7,20,101,12" hai2="125,70,36,2,48,29,110,87,77,108,133,102,128" hai3="14,109,121,93,88,111,54,65,119,8,31,98,38"/><U61/><E101/><V96/><F36/><W15/><G121/><T51/><D40/><U28/><E60/><V3/><F70/><W92/><G38/><T112/><D112/><U99/><E99/><V105/><F133/><W83/><G65/><T95/><D95/><U107/><E107/><V124/><F29/><W5/><G119/><T37/><D37/><U56/><E30/><V127/><F48/><W97/><G83/><T131/><D131/><U41/><E1/><N who="2" m="11" /><F128/><W126/><G126/><N who="2" m="32257" /><V94/><DORA hai="10" /><F77/><W43/><G31/><T74/><D35/><U115/><E7/><V26/><F26/><W79/><G79/><T64/><D4/><U113/><REACH who="1" step="1"/><E68/><REACH who="1" ten="290,277,84,339" step="2"/><V129/><F129/><W75/><G5/><T84/><D6/><U123/><E123/><V100/><F100/><W57/><G98/><T32/><D51/><AGARI ba="0,1" hai="12,16,20,21,25,28,41,47,51,56,61,66,113,115" machi="51" ten="40,12000,1" yaku="1,1,52,1,54,1,53,2" doraHai="134,10" doraHaiUra="46,13" who="1" fromWho="0" sc="290,-120,277,130,84,0,339,0" /><INIT seed="5,1,0,3,1,85" ten="170,407,84,339" oya="1" hai0="79,41,10,122,32,28,63,102,118,2,14,44,47" hai1="67,80,26,121,13,123,27,42,69,36,73,4,101" hai2="117,17,77,29,8,23,18,72,58,62,95,133,84" hai3="131,49,30,24,135,75,38,126,103,106,108,15,112"/><U39/><E101/><V57/><F117/><W125/><G38/><T1/><D118/><U46/><E39/><V20/><F133/><W132/><G75/><T19/><D122/><U48/><E69/><V66/><F72/><W33/><G108/><T94/><D79/><U21/><E67/><V71/><F29/><W97/><G112/><T127/><D127/><N who="3" m="48649" /><G49/><T5/><D63/><U98/><E98/><V31/><F31/><W12/><G131/><T74/><D74/><U109/><E109/><V113/><F113/><W83/><G83/><T90/><D102/><U76/><E48/><V78/><F8/><W68/><G68/><T52/><D41/><U64/><E64/><V11/><F11/><W61/><G61/><T104/><D52/><U93/><E93/><V87/><F71/><W115/><G115/><T43/><D43/><U25/><E21/><V59/><F62/><W100/><G100/><T6/><D104/><U50/><E36/><V105/><F105/><W45/><G45/><T34/><D44/><U114/><E114/><V35/><F66/><W86/><G86/><T124/><D47/><U16/><E4/><V99/><F59/><W96/><G96/><N who="0" m="57431" /><D124/><U129/><E129/><V110/><F110/><W60/><G60/><T37/><D37/><U92/><E92/><V88/><F95/><W81/><G81/><T0/><D28/><U119/><E119/><V56/><F56/><W3/><G3/><N who="0" m="771" /><T111/><DORA hai="54" /><D111/><U22/><AGARI ba="1,0" hai="13,16,22,25,26,27,42,46,50,73,76,80,121,123" machi="22" ten="30,3000,0" yaku="0,1,54,1" doraHai="85,54" who="1" fromWho="1" sc="170,-11,407,33,84,-11,339,-11" /><INIT seed="5,2,0,2,2,33" ten="159,440,73,328" oya="1" hai0="24,32,44,3,13,14,12,129,106,2,107,91,92" hai1="83,103,78,98,0,116,111,126,79,59,118,34,61" hai2="48,93,76,31,15,100,101,105,58,30,94,55,127" hai3="20,9,87,88,135,72,51,22,120,42,54,109,62"/><U125/><E34/><V26/><F127/><N who="1" m="48649" /><E111/><V57/><F76/><N who="1" m="29225" /><E83/><V35/><F31/><W50/><G135/><T123/><D129/><U70/><E70/><V27/><F27/><W134/><G134/><T23/><D123/><U75/><E75/><V6/><F58/><W90/><G72/><T60/><D32/><U16/><E16/><V46/><F57/><W124/><G124/><T43/><D60/><U7/><E7/><V63/><F63/><W68/><G68/><T115/><D115/><U65/><E0/><V67/><F67/><W45/><G62/><T10/><D10/><U71/><E71/><V132/><F132/><W17/><G109/><T96/><D107/><AGARI ba="2,0" hai="59,61,65,98,103,107,116,118" m="29225,48649" machi="107" ten="30,1500,0" yaku="18,1" doraHai="33" who="1" fromWho="0" sc="159,-21,440,21,73,0,328,0" /><INIT seed="5,3,0,1,5,57" ten="138,461,73,328" oya="1" hai0="16,13,66,29,6,64,30,38,123,116,112,55,107" hai1="134,43,52,89,21,47,114,111,101,36,88,45,129" hai2="102,83,76,54,119,90,60,35,42,130,62,133,61" hai3="24,37,69,118,77,34,131,78,68,28,32,109,48"/><U33/><E114/><V25/><F119/><W104/><G37/><T63/><D116/><U120/><E120/><V113/><F113/><W86/><G118/><T93/><D112/><U67/><E134/><V87/><F133/><W50/><G109/><T9/><D107/><U95/><E129/><V10/><F130/><W98/><G131/><T99/><D38/><U117/><E111/><V46/><F102/><W15/><G15/><T22/><D123/><U59/><E33/><V80/><F10/><W100/><G34/><T8/><D8/><U121/><E121/><V135/><F135/><W85/><G69/><T73/><D73/><U0/><E0/><V106/><F106/><W39/><G39/><T53/><D30/><U125/><E125/><V40/><F25/><W17/><G17/><T81/><D29/><U92/><E117/><V31/><F31/><W124/><G124/><T96/><D81/><U75/><E75/><V14/><F14/><W58/><G58/><N who="0" m="35295" /><D53/><U1/><E1/><V108/><F35/><W49/><REACH who="3" step="1"/><G68/><REACH who="3" ten="138,461,73,318" step="2"/><T128/><D128/><U122/><E122/><V19/><F19/><W51/><N who="3" m="12288" /><DORA hai="97" /><W11/><G11/><T18/><D18/><U71/><E71/><V82/><F108/><W65/><G65/><N who="0" m="25195" /><D93/><U23/><E36/><V12/><F12/><AGARI ba="3,1" hai="6,9,12,13,16,22,96,99" m="25195,35295" machi="12" ten="30,3900,0" yaku="8,1,52,1,54,1" doraHai="57,97" who="0" fromWho="2" sc="138,58,461,0,73,-48,318,0" /><INIT seed="6,0,0,2,5,88" ten="196,461,25,318" oya="2" hai0="121,15,82,72,97,93,98,52,87,40,18,11,25" hai1="96,125,123,28,43,135,111,86,17,99,67,117,113" hai2="83,16,65,64,48,79,12,29,106,63,26,91,77" hai3="32,131,133,33,107,84,95,36,45,39,1,119,75"/><V34/><F106/><W71/><G95/><T58/><D121/><U51/><E111/><V44/><F91/><W5/><G45/><T122/><D122/><U89/><E113/><V47/><F47/><W129/><G5/><T21/><D72/><U19/><E125/><V14/><F14/><W73/><G84/><T76/><D40/><U115/><E135/><V68/><F65/><W8/><G8/><T118/><D118/><U59/><E115/><V9/><REACH who="2" step="1"/><F83/><REACH who="2" ten="196,461,15,318" step="2"/><W104/><G133/><T38/><D38/><U130/><E67/><V13/><F13/><W101/><G101/><N who="0" m="60591" /><D98/><U24/><E99/><V103/><F103/><W116/><G1/><T108/><D108/><U10/><E96/><V27/><F27/><W100/><G100/><T78/><D78/><U105/><E89/><V57/><F57/><W56/><G56/><T55/><D58/><U42/><E59/><V31/><F31/><AGARI ba="0,1" hai="11,15,18,21,25,31,52,55,76,82,87" m="60591" machi="31" ten="30,3900,0" yaku="8,1,52,1,54,1" doraHai="88" who="0" fromWho="2" sc="196,49,461,0,15,-39,318,0" owari="245,-15.0,461,55.0,-24,-52.0,318,12.0" /></mjloggm>