<mjloggm ver="2.3"><GO type="169" lobby="0"/><UN n0="%E5%B0%B1%E6%B4%BB%E7%94%9F%40%E5%B7%9D%E6%9D%91%E8%BB%8D%E5%9B%A3" n1="%46%75%6E%54%69%6D%65" n2="%E3%81%84%E3%81%AC%E3%81%98%E3%82%83%E3%82%89%EF%BC%94" n3="%E3%81%82%E3%81%B2%E3%82%8B%E3%81%95%E3%82%93" dan="18,16,18,16" rate="2264.37,2121.79,2180.68,2076.69" sx="M,M,M,M"/><TAIKYOKU oya="0"/><INIT seed="0,0,0,4,5,58" ten="250,250,250,250" oya="0" hai0="97,52,47,44,5,1,117,22,26,134,8,109,25" hai1="131,121,77,90,11,19,61,6,71,60,13,99,128" hai2="33,30,98,103,57,73,86,127,24,64,17,34,95" hai3="14,76,80,112,78,81,20,63,16,124,91,70,66"/><T107/><D117/><U113/><E121/><V23/><F73/><W51/><G112/><T89/><D134/><U27/><E113/><V29/><F127/><W69/><G124/><T12/><D109/><U84/><E71/><V132/><F132/><W102/><G70/><T96/><D1/><U72/><E72/><V125/><F125/><W31/><G102/><T43/><D26/><U110/><E110/><V50/><F34/><W54/><G31/><T101/><D43/><U74/><E74/><V83/><F33/><W56/><REACH who="3" step="1"/><G91/><REACH who="3" ten="250,250,250,240" step="2"/><T120/><D120/><U32/><E131/><V9/><F30/><W116/><G116/><T62/><D89/><U122/><E128/><V119/><F119/><W126/><G126/><T100/><D100/><U59/><E122/><V39/><F29/><W123/><G123/><T82/><D82/><AGARI ba="0,1" hai="14,16,20,51,54,56,63,66,69,76,78,80,81,82" machi="82" ten="40,8000,1" yaku="1,1,52,1,54,1,53,1" doraHai="58" doraHaiUra="46" who="3" fromWho="0" sc="250,-80,250,0,250,0,240,90" /><INIT seed="1,0,0,5,1,17" ten="170,250,250,330" oya="1" hai0="91,32,108,4,88,89,7,99,103,69,49,127,95" hai1="67,85,93,43,84,54,21,50,73,119,14,71,134" hai2="128,82,130,131,68,101,98,124,41,125,76,74,115" hai3="111,24,36,79,34,63,100,47,132,51,75,120,90"/><U114/><E114/><V0/><F68/><W104/><G120/><T61/><D108/><U8/><E119/><V29/><F0/><W38/><G132/><T92/><D127/><N who="2" m="48714" /><F41/><W117/><G111/><T5/><D32/><U107/><E107/><N who="2" m="63927" /><F29/><W126/><G117/><T123/><D123/><U46/><E73/><V37/><F37/><W102/><G38/><T28/><D28/><U22/><E134/><V86/><F115/><W110/><G36/><T44/><D61/><U118/><E118/><V60/><F60/><W48/><G75/><AGARI ba="0,0" hai="74,75,76,82,86,128,130,131" m="63927,48714" machi="75" ten="40,8000,1" yaku="19,1,18,1,34,2" doraHai="17" who="2" fromWho="3" sc="170,0,250,0,250,80,330,-80" /><INIT seed="2,0,0,0,0,51" ten="170,250,330,250" oya="2" hai0="135,53,66,4,98,123,43,96,118,77,133,127,73" hai1="56,47,28,84,129,38,115,85,11,37,54,70,21" hai2="13,49,44,116,91,134,41,68,125,57,45,124,119" hai3="5,36,131,9,126,99,86,117,26,71,120,114,1"/><V3/><F3/><W60/><G86/><T33/><D33/><U108/><E115/><V22/><F91/><W6/><G6/><T100/><D123/><U52/><E70/><V112/><F13/><W128/><G99/><T20/><D43/><U121/><E108/><V42/><F22/><W23/><G60/><T83/><D66/><U65/><E121/><V79/><F79/><W104/><G26/><T39/><D39/><U12/><E129/><V80/><F80/><W48/><G48/><T76/><D127/><N who="2" m="48714" /><F68/><W105/><G23/><T122/><D122/><U103/><E103/><V90/><F90/><W0/><G5/><T69/><D69/><U72/><E72/><V58/><F134/><N who="0" m="51210" /><D4/><N who="1" m="3175" /><E38/><N who="2" m="21559" /><F112/><W35/><G9/><T95/><D77/><U107/><E107/><V92/><F92/><W46/><G105/><T132/><D20/><U113/><E37/><V40/><F40/><W82/><G82/><T97/><D132/><U130/><E113/><V109/><F109/><W8/><G104/><T111/><D111/><U62/><E130/><N who="3" m="49706" /><G71/><T59/><D118/><AGARI ba="0,0" hai="42,45,49,57,58,116,118,119" m="21559,48714" machi="118" ten="30,5800,0" yaku="18,1,34,2" doraHai="51" who="2" fromWho="0" sc="170,-58,250,0,330,58,250,0" /><INIT seed="2,1,0,4,1,15" ten="112,250,388,250" oya="2" hai0="122,61,62,84,106,134,80,101,114,63,87,98,73" hai1="55,68,3,94,120,23,88,13,102,92,67,38,20" hai2="126,72,82,43,45,14,65,71,107,47,19,113,125" hai3="44,131,112,111,135,118,78,81,49,50,10,40,16"/><V4/><F113/><W0/><G118/><T17/><D114/><U129/><E3/><V85/><F107/><W109/><G112/><T57/><D122/><U70/><E38/><V103/><F103/><W35/><G35/><T74/><D134/><U79/><E120/><V117/><F117/><W96/><G131/><T7/><D7/><U105/><E79/><V34/><F34/><W33/><G33/><T86/><D57/><U133/><E105/><V66/><F72/><W36/><G135/><T22/><REACH who="0" step="1"/><D80/><REACH who="0" ten="102,250,388,250" step="2"/><U24/><E133/><V6/><F82/><W93/><G81/><T104/><D104/><U28/><E129/><V119/><F4/><W48/><G111/><T42/><D42/><U89/><E70/><V26/><F43/><W64/><G109/><T29/><D29/><U56/><E68/><V60/><F6/><W1/><G40/><T51/><D51/><U132/><E132/><V110/><F71/><W76/><G48/><T124/><D124/><U130/><E130/><V128/><F125/><W127/><G49/><T37/><D37/><U90/><E28/><V97/><F126/><W30/><G36/><T12/><AGARI ba="1,1" hai="12,17,22,61,62,63,73,74,84,86,87,98,101,106" machi="12" ten="30,4000,0" yaku="1,1,0,1,52,1,53,0" doraHai="15" doraHaiUra="39" who="0" fromWho="0" sc="102,53,250,-11,388,-21,250,-11" /><INIT seed="3,0,0,1,3,115" ten="155,239,367,239" oya="3" hai0="113,54,117,71,89,122,129,19,107,123,28,135,60" hai1="91,9,80,126,57,8,76,56,23,17,50,22,90" hai2="133,43,4,3,97,114,101,11,48,46,87,73,12" hai3="33,65,35,45,31,86,1,10,93,58,69,110,82"/><W96/><G69/><T26/><D113/><U70/><E126/><V53/><F114/><W88/><G110/><T106/><D129/><U25/><E70/><V40/><F73/><W66/><G45/><T132/><D19/><U99/><E76/><V67/><F133/><N who="0" m="51274" /><D89/><U94/><E9/><V118/><F118/><W14/><G1/><T104/><D54/><N who="1" m="31831" /><E8/><V112/><F112/><W51/><G31/><T6/><D6/><U29/><E57/><V41/><F67/><W124/><G124/><T72/><D72/><U5/><E5/><V119/><F119/><W121/><G121/><N who="0" m="46091" /><D117/><U116/><E116/><V128/><F128/><W7/><G35/><N who="0" m="20887" /><D107/><U64/><E64/><AGARI ba="0,0" hai="60,64,71,104,106" m="20887,46091,51274" machi="64" ten="30,2000,0" yaku="20,1,23,1" doraHai="115" who="0" fromWho="1" sc="155,20,239,-20,367,0,239,0" /><INIT seed="4,0,0,4,4,94" ten="175,219,367,239" oya="0" hai0="48,99,110,98,93,114,21,12,49,112,53,86,41" hai1="113,73,88,107,102,19,91,83,61,64,133,92,44" hai2="81,76,38,84,57,14,1,104,109,119,8,20,4" hai3="43,77,117,60,128,67,18,35,63,87,52,46,68"/><T59/><D110/><U3/><E3/><V23/><F109/><W69/><G117/><T55/><D41/><U115/><E133/><V79/><F38/><W122/><G35/><T58/><D86/><U120/><E120/><V36/><F36/><W33/><G33/><T97/><D93/><U124/><E124/><V123/><F104/><W70/><G128/><T24/><D12/><U30/><E107/><V2/><F123/><W89/><G122/><T50/><D49/><U118/><E118/><V126/><F126/><W54/><G77/><T95/><D95/><U28/><E102/><V62/><F119/><W27/><G69/><T134/><D134/><U85/><E44/><V45/><F45/><W7/><G7/><T47/><D47/><U31/><E19/><AGARI ba="0,0" hai="19,21,24,48,50,53,55,58,59,97,98,99,112,114" machi="19" ten="40,12000,1" yaku="9,1,52,3" doraHai="94" who="0" fromWho="1" sc="175,120,219,-120,367,0,239,0" /><INIT seed="4,1,0,0,4,130" ten="295,99,367,239" oya="0" hai0="68,47,38,16,133,31,20,116,107,87,77,110,44" hai1="98,95,40,115,29,69,39,114,57,75,12,134,112" hai2="48,104,105,59,58,129,8,24,15,27,17,21,63" hai3="1,78,64,45,18,61,88,10,50,36,83,119,123"/><T56/><D68/><U135/><E75/><V117/><F129/><W91/><G119/><T118/><D107/><U34/><E69/><V67/><F117/><W92/><G36/><T108/><D31/><U84/><E84/><V13/><F105/><W52/><G123/><T131/><D131/><U81/><E81/><V14/><F104/><W22/><G92/><T41/><D44/><N who="1" m="23583" /><E57/><V19/><F14/><W106/><G106/><T79/><D56/><U55/><E55/><AGARI ba="1,0" hai="8,13,15,17,19,21,24,27,48,55,58,59,63,67" machi="55" ten="40,1300,0" yaku="8,1" doraHai="130" who="2" fromWho="1" sc="295,0,99,-16,367,16,239,0" /><INIT seed="5,0,0,4,4,39" ten="295,83,383,239" oya="1" hai0="123,11,29,50,75,113,130,62,125,86,48,82,87" hai1="4,70,5,31,0,56,7,20,41,99,58,93,81" hai2="114,68,36,45,26,57,111,55,119,6,2,23,124" hai3="47,21,122,67,46,83,25,54,9,103,91,61,74"/><U27/><E70/><V22/><F111/><W79/><G122/><T77/><D113/><U19/><E0/><V51/><F119/><W102/><G91/><T13/><D125/><U131/><E131/><V8/><F114/><W64/><G64/><T37/><D37/><U30/><E81/><V53/><F124/><W33/><G33/><T43/><D29/><U135/><E135/><V76/><F68/><W98/><G9/><T35/><D35/><U15/><E41/><V107/><F107/><W73/><G74/><T126/><D43/><U85/><E85/><V115/><F115/><W34/><G54/><T32/><D86/><U42/><E42/><N who="2" m="22727" /><F26/><W65/><G65/><T38/><D87/><U80/><E80/><V28/><F28/><N who="1" m="10793" /><E27/><V72/><F55/><W89/><G34/><T127/><D38/><U118/><E118/><V14/><F14/><W129/><G25/><T97/><D32/><U134/><E134/><V108/><F108/><W88/><G83/><AGARI ba="0,0" hai="2,6,8,22,23,51,53,57,72,76,83" m="22727" machi="83" ten="30,2000,0" yaku="25,1,52,1" doraHai="39" who="2" fromWho="3" sc="295,0,83,0,383,20,239,-20" /><INIT seed="6,0,0,2,0,110" ten="295,83,403,219" oya="2" hai0="47,114,106,42,7,83,10,86,135,13,103,76,87" hai1="84,19,88,100,3,80,67,72,37,111,35,23,92" hai2="121,48,120,117,5,81,26,0,45,53,51,71,15" hai3="104,50,2,73,133,74,25,98,39,61,82,69,124"/><V99/><F0/><W60/><G39/><T85/><D135/><U36/><E111/><V49/><F117/><W14/><G2/><T4/><D4/><U66/><E35/><V91/><F71/><W24/><G124/><T105/><D114/><U68/><E3/><V116/><F116/><W1/><G1/><T95/><D95/><U64/><E68/><V93/><F121/><W90/><G133/><T52/><D52/><U128/><E128/><V56/><F120/><W43/><G74/><T97/><REACH who="0" step="1"/><D105/><REACH who="0" ten="285,83,403,219" step="2"/><U27/><REACH who="1" step="1"/><E100/><REACH who="1" ten="285,73,403,219" step="2"/><V96/><F93/><W44/><G104/><T112/><D112/><U38/><E38/><AGARI ba="0,2" hai="7,10,13,38,42,47,76,83,85,86,87,97,103,106" machi="38" ten="30,2000,0" yaku="1,1,7,1,53,0" doraHai="110" doraHaiUra="119" who="0" fromWho="1" sc="285,40,73,-20,403,0,219,0" /><INIT seed="7,0,0,1,5,103" ten="325,53,403,219" oya="3" hai0="81,32,35,86,26,14,22,93,129,63,41,79,100" hai1="111,58,37,40,29,10,109,131,88,62,27,57,85" hai2="11,25,12,38,9,47,98,133,76,118,125,17,15" hai3="39,78,55,60,43,49,34,70,56,115,113,18,44"/><W110/><G34/><T72/><D129/><U99/><E131/><V3/><F118/><W8/><G78/><T46/><D63/><U126/><E126/><V90/><F125/><W108/><G18/><T77/><D77/><U19/><E111/><N who="3" m="42538" /><G8/><T87/><D72/><U7/><E109/><V51/><F76/><W2/><G2/><T48/><D14/><U83/><E37/><V102/><F3/><W127/><G127/><T36/><D36/><U50/><E7/><V73/><F38/><W122/><G122/><T84/><D84/><U101/><E10/><V65/><F73/><W114/><G70/><T28/><D87/><U123/><E123/><V69/><F25/><W42/><G39/><T1/><D1/><U24/><E29/><V75/><F75/><W116/><G116/><T128/><D128/><U59/><E27/><V134/><F15/><W33/><G33/><T106/><D93/><U119/><E119/><V54/><F9/><W0/><G0/><T20/><D35/><U61/><E24/><V112/><F69/><W104/><G104/><T5/><D5/><U21/><E40/><AGARI ba="0,0" hai="40,42,43,44,49,55,56,60,113,114,115" m="42538" machi="40" ten="40,12000,1" yaku="15,1,10,1,34,2" doraHai="103" who="3" fromWho="1" sc="325,0,53,-120,403,0,219,120" owari="325,-7.0,-67,-57.0,403,50.0,339,14.0" /></mjloggm>