<mjloggm ver="2.3"><GO type="169" lobby="0"/><UN n0="%7A%6F%6F%31%39%36%34" n1="%E3%81%9E%E3%82%8B%E3%83%BC%E3%81%9F" n2="%E3%81%A1%E3%81%B3%E3%81%A6%E3%81%A4" n3="%E3%82%A6%E3%83%AB%E3%83%88%E3%83%A9%E7%AB%8B%E7%9B%B4" dan="17,16,16,18" rate="2230.54,2115.93,2130.24,2200.10" sx="M,M,M,M"/><TAIKYOKU oya="0"/><INIT seed="0,0,0,3,0,95" ten="250,250,250,250" oya="0" hai0="25,102,134,129,30,21,131,11,113,93,54,101,116" hai1="37,14,83,17,47,53,70,82,66,106,112,13,75" hai2="135,6,79,111,10,32,34,33,3,87,67,16,80" hai3="57,110,8,48,65,2,91,36,117,100,52,61,105"/><T130/><D116/><U40/><E112/><V124/><F124/><W20/><G117/><T85/><D113/><U133/><E14/><V126/><F126/><W98/><G110/><T4/><D134/><U1/><E1/><V72/><F111/><W59/><G36/><T9/><D54/><U49/><E106/><V27/><F67/><W51/><G20/><T71/><D71/><U43/><E43/><V44/><F135/><W86/><G8/><T64/><D64/><U56/><E75/><V76/><F44/><W128/><G2/><T74/><D74/><U127/><E127/><V125/><F125/><W90/><G128/><T45/><D45/><U39/><E39/><V123/><F123/><W7/><G7/><T96/><D85/><U118/><E118/><V108/><F108/><W68/><G86/><T63/><D63/><U31/><E31/><V41/><F41/><W12/><G12/><N who="0" m="5159" /><D11/><U81/><E133/><V77/><REACH who="2" step="1"/><F72/><REACH who="2" ten="250,250,240,250" step="2"/><W60/><REACH who="3" step="1"/><G48/><REACH who="3" ten="250,250,240,240" step="2"/><T38/><D38/><U97/><E37/><V24/><F24/><W78/><G78/><T103/><AGARI ba="0,2" hai="21,25,30,93,96,101,102,103,129,130,131" m="5159" machi="103" ten="40,3900,0" yaku="19,1,52,1" doraHai="95" who="0" fromWho="0" sc="250,59,250,-13,240,-13,240,-13" /><INIT seed="0,1,0,3,2,106" ten="309,237,227,227" oya="0" hai0="118,105,121,58,103,34,10,52,84,44,88,60,51" hai1="33,90,122,29,20,31,18,8,99,81,38,30,65" hai2="37,113,12,110,130,5,98,54,127,109,25,36,66" hai3="3,64,133,63,134,68,32,94,87,26,46,7,35"/><T6/><D34/><U14/><E38/><V21/><F113/><W102/><G7/><T97/><D121/><U75/><E122/><V125/><F66/><W85/><G3/><T17/><D17/><U114/><E114/><V108/><F130/><W53/><G53/><T74/><D74/><U57/><E33/><V70/><F70/><W11/><G11/><T56/><D118/><U124/><E124/><N who="2" m="47691" /><F98/><N who="3" m="59735" /><G46/><T47/><D47/><U45/><E45/><V59/><F12/><W78/><G35/><T126/><D126/><U128/><E128/><V77/><F77/><W67/><G67/><T115/><D115/><U135/><E135/><N who="3" m="51722" /><G78/><T13/><REACH who="0" step="1"/><D60/><REACH who="0" ten="299,237,227,227" step="2"/><U82/><E18/><N who="2" m="12471" /><F5/><W117/><G117/><T131/><D131/><U119/><E119/><V69/><F69/><W129/><G129/><T40/><D40/><U19/><E19/><V39/><F39/><W89/><G68/><T72/><D72/><U0/><E75/><V112/><F112/><W28/><G32/><T123/><D123/><U4/><E31/><V93/><F93/><AGARI ba="1,1" hai="6,10,13,44,51,52,56,58,84,88,93,97,103,105" machi="93" ten="30,12000,1" yaku="1,1,7,1,54,2,53,1" doraHai="106" doraHaiUra="48" who="0" fromWho="2" sc="299,133,237,0,227,-123,227,0" /><INIT seed="0,2,0,1,3,92" ten="432,237,104,227" oya="0" hai0="129,113,64,31,51,81,42,103,5,40,66,60,97" hai1="89,52,43,38,35,53,67,122,134,46,106,118,1" hai2="13,59,68,9,25,132,120,90,4,88,127,80,33" hai3="3,75,116,110,26,115,32,22,77,36,130,125,34"/><T0/><D113/><U117/><E1/><V6/><F68/><W15/><G77/><T114/><D114/><U102/><E35/><V112/><F120/><W65/><G65/><T93/><D129/><U85/><E122/><V87/><F112/><W57/><G57/><T23/><D66/><U100/><E134/><V48/><F132/><W14/><G22/><T7/><D81/><U28/><E28/><V119/><F119/><W50/><G50/><T54/><D0/><U69/><E102/><V10/><F127/><W109/><G26/><N who="0" m="16863" /><D54/><U56/><E100/><V61/><F48/><W39/><G39/><T94/><D94/><U73/><E106/><V58/><F90/><W11/><G32/><T128/><D128/><U70/><E73/><V105/><F105/><W124/><G124/><T27/><D27/><U21/><E21/><V135/><F135/><W29/><G75/><T20/><D20/><U47/><E70/><V12/><REACH who="2" step="1"/><F61/><REACH who="2" ten="432,237,94,227" step="2"/><W82/><G125/><T99/><D51/><U78/><E69/><V84/><F84/><W126/><G126/><T107/><D107/><U37/><E118/><V83/><F83/><W111/><G82/><T133/><D133/><U121/><E117/><V62/><F62/><W49/><G116/><T76/><D76/><U19/><E78/><V71/><F71/><W72/><G115/><T63/><D63/><U2/><E121/><V30/><AGARI ba="2,1" hai="4,6,9,10,12,13,25,30,33,58,59,80,87,88" machi="30" ten="30,12000,2" yaku="1,1,0,1,9,1,54,1,53,2" doraHai="92" doraHaiUra="55" who="2" fromWho="2" sc="432,-62,237,-32,94,136,227,-32" /><INIT seed="1,0,0,1,5,71" ten="370,205,230,195" oya="1" hai0="128,121,1,4,91,50,94,67,99,22,0,72,49" hai1="12,62,113,29,43,21,69,51,110,24,65,47,108" hai2="97,76,103,117,18,75,89,39,134,45,70,83,93" hai3="23,115,7,66,102,126,64,87,92,74,122,41,8"/><U6/><REACH who="1" step="1"/><E113/><REACH who="1" ten="370,195,230,195" step="2"/><V25/><F117/><W55/><G115/><T123/><D121/><U38/><E38/><V127/><F127/><W20/><G126/><T56/><D123/><U129/><E129/><V112/><F112/><W46/><G122/><T53/><D128/><U5/><E5/><V131/><F131/><W104/><G7/><T84/><D4/><U98/><E98/><V124/><F124/><W132/><G132/><T30/><D99/><U40/><E40/><V13/><F134/><W2/><G41/><T118/><D118/><U10/><AGARI ba="0,1" hai="6,10,12,21,24,29,43,47,51,62,65,69,108,110" machi="10" ten="30,11700,0" yaku="21,2,0,1,53,1" doraHai="71" doraHaiUra="16" who="1" fromWho="1" sc="370,-39,195,127,230,-39,195,-39" /><INIT seed="1,1,0,3,0,29" ten="331,322,191,156" oya="1" hai0="30,39,133,131,110,76,120,4,84,134,117,12,20" hai1="106,92,103,113,8,31,86,65,102,90,52,48,60" hai2="54,129,44,0,105,23,71,67,128,62,123,88,36" hai3="93,95,58,27,1,121,74,112,56,64,47,72,91"/><U45/><E113/><V89/><F105/><W2/><G27/><T14/><D39/><U11/><E31/><V85/><F0/><W75/><G47/><T18/><D117/><U81/><E106/><V10/><F10/><W98/><G112/><T80/><D110/><U50/><E50/><V24/><F123/><W3/><G121/><T119/><D119/><U83/><E83/><V41/><F54/><W46/><G46/><T82/><D131/><N who="2" m="50250" /><F85/><W118/><G118/><T70/><D70/><U43/><E43/><V77/><F77/><W96/><REACH who="3" step="1"/><G64/><REACH who="3" ten="331,322,191,146" step="2"/><T53/><D120/><U130/><E130/><V78/><F78/><W61/><G61/><T22/><D76/><U17/><E65/><V33/><F33/><W57/><G57/><T116/><D116/><U59/><E81/><V16/><AGARI ba="1,1" hai="16,23,24,36,41,44,62,67,71,88,89" m="50250" machi="16" ten="30,4000,0" yaku="19,1,54,2" doraHai="29" who="2" fromWho="2" sc="331,-11,322,-21,191,53,146,-11" /><INIT seed="2,0,0,2,2,70" ten="320,301,244,135" oya="2" hai0="54,37,86,47,113,53,34,112,1,4,31,50,57" hai1="132,109,6,43,38,103,26,46,51,0,88,59,24" hai2="3,22,2,130,17,90,30,87,27,13,102,58,81" hai3="133,116,108,123,63,8,45,126,64,115,73,85,66"/><V23/><F130/><W100/><G85/><T52/><D34/><U65/><E109/><V99/><REACH who="2" step="1"/><F58/><REACH who="2" ten="320,301,234,135" step="2"/><W36/><G108/><T94/><D57/><U5/><E59/><V107/><AGARI ba="0,1" hai="2,3,13,17,22,23,27,30,81,87,90,99,102,107" machi="107" ten="20,7800,0" yaku="1,1,2,1,0,1,7,1,53,0" doraHai="70" doraHaiUra="117" who="2" fromWho="2" sc="320,-26,301,-26,234,88,135,-26" /><INIT seed="2,1,0,1,1,60" ten="294,275,322,109" oya="2" hai0="50,130,58,32,83,13,118,69,44,15,127,61,81" hai1="133,8,80,12,95,20,120,108,65,82,43,49,85" hai2="107,109,39,27,78,122,22,3,124,74,135,33,4" hai3="73,6,0,125,84,129,100,67,99,110,9,46,30"/><V75/><RYUUKYOKU type="yao9" ba="1,0" sc="294,0,275,0,322,0,109,0" hai2="3,4,22,27,33,39,74,75,78,107,109,122,124,135" /><INIT seed="2,2,0,3,2,38" ten="294,275,322,109" oya="2" hai0="19,71,40,63,111,86,24,17,18,74,98,53,12" hai1="92,76,31,3,42,65,109,110,49,129,116,132,60" hai2="58,8,26,67,25,55,85,130,50,126,4,28,112" hai3="113,70,121,14,0,89,75,33,52,80,82,124,125"/><V7/><F112/><W134/><G14/><T13/><D74/><U73/><E3/><V107/><F107/><W122/><G89/><T20/><D111/><U9/><E116/><V1/><F130/><W119/><G52/><T47/><D98/><U72/><E129/><V39/><F126/><W114/><G82/><T2/><D2/><U10/><E132/><V11/><F39/><W99/><G99/><T46/><D86/><U95/><E31/><V64/><F85/><W35/><G80/><T29/><D47/><N who="1" m="25847" /><E9/><V15/><REACH who="2" step="1"/><F26/><REACH who="2" ten="294,275,312,109" step="2"/><W51/><G114/><T16/><D24/><U88/><E109/><V57/><F57/><W87/><G125/><T84/><D84/><U91/><E110/><V23/><AGARI ba="2,1" hai="1,4,7,8,11,15,23,25,28,50,55,58,64,67" machi="23" ten="20,3900,0" yaku="1,1,0,1,7,1,53,0" doraHai="38" doraHaiUra="133" who="2" fromWho="2" sc="294,-15,275,-15,312,55,109,-15" /><INIT seed="2,3,0,4,3,118" ten="279,260,367,94" oya="2" hai0="54,90,12,135,74,21,1,16,40,127,10,8,81" hai1="129,0,89,79,24,102,116,75,19,131,117,4,80" hai2="109,110,93,23,2,77,76,60,66,68,86,3,98" hai3="121,130,83,53,120,73,34,46,96,78,88,14,126"/><V113/><F113/><W50/><G130/><N who="1" m="49674" /><E4/><V111/><F23/><W7/><G34/><T44/><D135/><U133/><E0/><N who="2" m="43" /><F86/><W17/><G7/><T26/><D127/><U124/><E124/><V22/><F22/><W87/><G96/><T36/><D54/><U11/><E133/><V123/><F123/><W99/><G99/><T29/><D90/><AGARI ba="3,0" hai="60,66,68,76,77,90,93,98,109,110,111" m="43" machi="90" ten="40,3900,0" yaku="14,1,10,1" doraHai="118" who="2" fromWho="0" sc="279,-48,260,0,367,48,94,0" /><INIT seed="2,4,0,3,4,75" ten="231,260,415,94" oya="2" hai0="42,102,70,115,96,3,8,122,104,117,19,31,34" hai1="66,48,113,56,76,131,11,59,39,71,23,121,16" hai2="38,58,130,101,1,67,52,83,68,91,93,28,114" hai3="73,82,128,13,100,95,29,15,109,94,135,106,79"/><V118/><F38/><W65/><G65/><T103/><D19/><U43/><E113/><V74/><F114/><W88/><G29/><T125/><D122/><U87/><E121/><V17/><F1/><W77/><G15/><T84/><D117/><U133/><E39/><V47/><F47/><W25/><G13/><T5/><D125/><U112/><E71/><V33/><F101/><W40/><G40/><T97/><D84/><U89/><E66/><V26/><F118/><W35/><G25/><N who="0" m="18799" /><D42/><U4/><E4/><V22/><F67/><W81/><G35/><T51/><D51/><U44/><E131/><V20/><F68/><W2/><G2/><T69/><D115/><U36/><E133/><V132/><F130/><W21/><G21/><T123/><D123/><U72/><E11/><V80/><F74/><N who="3" m="43191" /><G128/><T99/><D99/><U57/><E112/><V12/><F132/><W7/><G7/><T49/><D49/><U78/><E72/><V0/><F0/><W61/><G61/><T10/><D10/><U62/><E62/><N who="2" m="36167" /><F33/><W60/><G60/><T18/><D18/><U41/><E41/><V86/><AGARI ba="4,0" hai="12,17,20,22,26,28,80,83,86,91,93" m="36167" machi="86" ten="30,3000,0" yaku="8,1,54,1" doraHai="75" who="2" fromWho="2" sc="231,-14,260,-14,415,42,94,-14" /><INIT seed="2,5,0,5,0,122" ten="217,246,457,80" oya="2" hai0="10,105,81,25,17,27,96,98,74,130,14,9,22" hai1="24,115,31,94,125,128,66,59,70,99,116,42,7" hai2="89,23,127,54,11,21,104,83,37,41,92,107,5" hai3="35,90,44,134,46,84,47,67,79,82,121,91,101"/><V72/><F127/><W48/><G121/><T68/><D68/><U120/><E115/><V38/><F107/><W4/><G35/><T6/><D130/><U80/><E116/><V58/><F104/><W18/><G134/><T52/><D105/><U43/><E70/><V97/><F38/><W55/><G101/><T102/><D102/><U65/><E65/><V20/><F37/><W62/><G4/><T28/><D74/><U133/><E80/><V110/><F41/><W45/><REACH who="3" step="1"/><G18/><REACH who="3" ten="217,246,457,70" step="2"/><T64/><D6/><U129/><E7/><V40/><F40/><W0/><G0/><T119/><D17/><U32/><E120/><V118/><F118/><W76/><G76/><T69/><D119/><U50/><E133/><V131/><F131/><W112/><G112/><T26/><D28/><U71/><E43/><V100/><F72/><W78/><G78/><T86/><D26/><U2/><E2/><V95/><F83/><W63/><G63/><T30/><D27/><U111/><E42/><V109/><F95/><W117/><G117/><T3/><D3/><U33/><E94/><V61/><REACH who="2" step="1"/><F100/><REACH who="2" ten="217,246,447,70" step="2"/><W39/><G39/><T93/><D93/><U124/><E129/><V77/><F77/><W29/><G29/><T114/><D30/><U16/><E31/><V132/><F132/><W57/><AGARI ba="5,2" hai="44,45,46,47,48,55,57,62,67,79,82,84,90,91" machi="57" ten="30,4000,0" yaku="1,1,0,1,8,1,53,0" doraHai="122" doraHaiUra="106" who="3" fromWho="3" sc="217,-15,246,-15,447,-25,70,75" /><INIT seed="3,0,0,2,5,16" ten="202,231,422,145" oya="3" hai0="47,126,64,55,110,29,12,61,132,26,67,0,114" hai1="41,75,120,108,95,54,9,83,56,117,36,35,128" hai2="65,62,57,59,39,17,129,115,112,135,111,134,34" hai3="13,21,105,37,69,20,104,80,60,7,50,123,52"/><W78/><G37/><T131/><D0/><U130/><E35/><V127/><F34/><W133/><G123/><T72/><D72/><U122/><E95/><V28/><F28/><W100/><G133/><N who="2" m="50697" /><F39/><W5/><G69/><T125/><D132/><U2/><E117/><V46/><F46/><W73/><G60/><T32/><D110/><U1/><E108/><V91/><F111/><W94/><G94/><T58/><D131/><N who="1" m="50219" /><E41/><V44/><F44/><W27/><G100/><T102/><D114/><U22/><E36/><V88/><F127/><N who="0" m="48650" /><D102/><U106/><E106/><V85/><F91/><W89/><G89/><T10/><D47/><U93/><E93/><N who="2" m="54415" /><F129/><W68/><G105/><T25/><D25/><U113/><E113/><V81/><F81/><W48/><G104/><T40/><D40/><U119/><E83/><V45/><F45/><W70/><G80/><T74/><D74/><U86/><E75/><V4/><F4/><AGARI ba="0,0" hai="4,10,12,26,29,32,55,58,61,64,67" m="48650" machi="4" ten="30,1000,0" yaku="18,1" doraHai="16" who="0" fromWho="2" sc="202,10,231,0,422,-10,145,0" /><INIT seed="4,0,0,4,0,133" ten="212,231,412,145" oya="0" hai0="115,25,27,120,100,89,68,134,4,54,135,86,124" hai1="40,82,102,109,129,94,59,87,72,103,127,42,18" hai2="67,123,31,88,9,50,70,26,30,107,99,46,62" hai3="128,35,61,16,17,41,116,21,73,36,122,38,29"/><T12/><D120/><U80/><E109/><V101/><F123/><W49/><G116/><T78/><D68/><U10/><E129/><V14/><F88/><W93/><G122/><T105/><D78/><U106/><E59/><V52/><F26/><W95/><G73/><T7/><D115/><U1/><E18/><AGARI ba="0,0" hai="9,14,18,30,31,46,50,52,62,67,70,99,101,107" machi="18" ten="30,2000,0" yaku="7,1,54,1" doraHai="133" who="2" fromWho="1" sc="212,0,231,-20,412,20,145,0" /><INIT seed="5,0,0,2,3,38" ten="212,211,432,145" oya="1" hai0="107,5,28,1,3,51,114,80,85,68,27,12,58" hai1="74,82,0,91,72,127,104,43,122,103,11,30,35" hai2="33,14,70,57,126,105,110,8,15,125,135,116,133" hai3="7,75,29,77,49,78,44,16,73,89,121,24,34"/><U65/><E122/><V90/><F70/><W98/><G121/><T119/><D68/><U41/><E65/><V109/><F105/><W97/><G7/><T84/><D107/><U25/><E127/><N who="2" m="48651" /><F33/><W112/><G112/><T37/><D37/><U64/><E64/><V95/><F57/><W100/><G89/><T19/><D5/><U42/><E11/><V76/><F76/><W115/><G115/><T129/><D85/><U131/><E0/><V106/><F106/><W132/><G132/><N who="2" m="50761" /><F116/><W54/><G78/><T102/><D119/><U62/><E62/><V113/><F113/><W36/><G77/><T21/><D114/><U63/><E63/><V130/><F130/><W118/><G118/><T2/><D129/><U117/><E117/><V53/><F53/><W23/><G36/><T101/><D58/><U50/><E131/><V134/><F134/><W56/><G56/><T87/><D51/><U86/><REACH who="1" step="1"/><E50/><REACH who="1" ten="212,201,432,145" step="2"/><V71/><F71/><W66/><G66/><T9/><D1/><U32/><E32/><V96/><F8/><W81/><G34/><T26/><D2/><U93/><E93/><V108/><AGARI ba="0,1" hai="14,15,90,95,96,108,109,110" m="50761,48651" machi="108" ten="40,2700,0" yaku="18,1,20,1" doraHai="38" who="2" fromWho="2" sc="212,-7,201,-13,432,37,145,-7" /><INIT seed="6,0,0,4,0,50" ten="205,188,469,138" oya="2" hai0="115,33,47,70,52,95,37,9,130,131,79,116,66" hai1="24,12,91,61,92,100,96,17,25,105,63,80,114" hai2="85,4,45,78,126,71,29,88,44,75,48,30,10" hai3="43,73,109,54,83,93,55,0,67,87,134,81,59"/><V135/><F71/><W56/><G109/><T11/><D33/><U41/><E114/><V18/><F126/><W46/><G0/><T121/><D115/><U16/><E41/><V19/><F135/><W51/><G134/><T8/><D121/><U97/><E80/><N who="3" m="30794" /><G73/><T124/><D124/><U84/><E84/><V49/><F78/><W103/><G67/><T64/><D79/><U3/><E3/><V20/><F4/><W32/><G32/><T90/><D116/><U31/><E17/><N who="2" m="6155" /><F10/><W53/><G103/><T38/><D38/><U108/><E108/><V106/><F20/><W68/><G68/><T86/><D37/><U128/><E128/><N who="0" m="49193" /><D70/><U74/><E74/><V127/><F106/><W5/><G5/><T21/><D21/><U65/><E65/><V132/><F75/><W6/><G6/><T104/><D104/><U82/><E82/><N who="2" m="49207" /><F127/><W112/><G112/><T107/><D107/><U76/><E76/><V2/><F2/><W125/><G125/><T1/><D1/><U110/><E110/><V117/><F117/><W98/><G98/><T26/><D26/><U133/><E133/><V111/><F111/><W94/><G94/><T60/><D66/><U34/><E25/><V35/><F35/><W69/><G69/><N who="0" m="42119" /><D8/><AGARI ba="0,0" hai="8,12,16,24,31,34,61,63,91,92,96,97,100,105" machi="8" ten="30,2000,0" yaku="7,1,54,1" doraHai="50" who="1" fromWho="0" sc="205,-20,188,20,469,0,138,0" /><INIT seed="7,0,0,4,5,54" ten="185,208,469,138" oya="3" hai0="69,20,9,1,89,123,10,46,125,130,105,104,79" hai1="128,48,106,70,116,92,34,100,66,53,73,17,86" hai2="5,65,14,80,111,59,107,98,15,122,113,43,95" hai3="18,90,109,21,135,58,44,71,110,82,72,120,8"/><W115/><G71/><T60/><D123/><U91/><E34/><V6/><F107/><W3/><G120/><T81/><D89/><U87/><E73/><V7/><F113/><W2/><G115/><T47/><D10/><U55/><E55/><V102/><F43/><W76/><G135/><T24/><D130/><U88/><E100/><V83/><F111/><N who="3" m="42507" /><G44/><T13/><D1/><N who="3" m="9" /><G90/><T37/><D125/><U26/><E91/><V77/><F122/><W27/><G8/><T97/><D47/><U132/><E88/><V23/><F23/><W4/><G4/><T84/><D46/><U134/><E128/><V35/><F35/><W39/><G39/><T112/><D37/><U133/><E133/><V30/><F30/><W99/><G99/><T129/><D97/><U40/><E40/><V74/><F83/><W108/><N who="3" m="42515" /><W121/><DORA hai="52" /><G121/><T127/><D127/><U103/><E134/><V36/><F36/><W61/><G61/><T49/><D129/><U75/><E70/><V56/><F56/><AGARI ba="0,0" hai="18,21,27,56,58,72,76,82" m="9,42515" machi="56" ten="50,12000,1" yaku="10,1,52,4" doraHai="54,52" who="3" fromWho="2" sc="185,0,208,0,469,-120,138,120" /><INIT seed="7,1,0,0,1,43" ten="185,208,349,258" oya="3" hai0="107,135,110,30,117,134,61,54,104,99,122,118,108" hai1="42,96,132,66,120,125,106,53,16,35,2,98,127" hai2="55,70,93,77,63,101,50,75,47,111,64,112,24" hai3="80,71,89,123,102,1,65,56,115,92,51,32,39"/><W15/><G1/><T18/><D30/><U126/><E120/><V85/><F111/><N who="0" m="42538" /><D18/><U78/><E132/><N who="0" m="50729" /><D54/><U109/><E109/><V6/><F112/><W45/><G32/><T21/><D21/><U31/><E2/><V28/><F75/><W119/><G15/><T33/><D33/><U97/><E66/><V130/><F130/><W124/><G65/><T114/><D61/><U10/><E53/><V133/><F133/><W52/><G52/><T7/><D7/><U82/><E42/><V0/><F101/><W79/><G102/><N who="0" m="62559" /><D114/><U68/><E68/><V116/><F116/><W38/><G119/><T26/><D26/><N who="1" m="18935" /><E10/><V40/><F6/><W46/><G115/><T83/><D122/><U20/><E20/><V95/><F40/><W12/><G123/><T11/><D11/><U57/><E57/><V49/><F49/><W17/><G51/><T88/><D107/><U5/><E5/><V48/><F48/><W86/><G56/><T13/><D13/><U59/><E59/><V9/><F9/><W128/><G12/><T105/><D105/><U58/><E58/><V113/><F113/><W121/><G71/><T34/><D34/><U37/><E37/><V22/><F0/><W62/><G38/><T3/><D3/><U91/><E16/><V8/><F8/><W103/><G17/><T94/><D83/><U14/><E14/><V4/><F4/><W84/><G80/><T76/><D76/><U69/><E69/><V67/><F67/><W129/><G79/><T41/><D41/><U74/><E106/><V29/><F29/><W23/><G121/><RYUUKYOKU ba="1,0" sc="185,10,208,10,349,10,258,-30" hai0="88,94,117,118" hai1="74,78,82,91,96,97,98,125,126,127" hai2="22,24,28,47,50,55,63,64,70,77,85,93,95" owari="195,-30.0,218,-18.0,359,45.0,228,3.0" /></mjloggm>