<mjloggm ver="2.3"><GO type="169" lobby="0"/><UN n0="%64%6F%75%6D%6F%6B%75%6E" n1="%E3%81%AC%E3%81%8F%E3%82%82%E3%82%8A" n2="%E2%98%85%E9%A2%A8%E3%81%AE%E8%B0%B7%E2%98%85" n3="%E5%B0%B1%E6%B4%BB%E7%94%9F%40%E5%B7%9D%E6%9D%91%E8%BB%8D%E5%9B%A3" dan="17,17,16,18" rate="2163.26,2174.63,2114.28,2299.24" sx="M,M,M,M"/><TAIKYOKU oya="0"/><INIT seed="0,0,0,0,5,62" ten="250,250,250,250" oya="0" hai0="25,32,22,1,122,17,67,126,11,119,116,84,52" hai1="113,49,129,3,114,88,110,105,108,4,123,106,9" hai2="54,33,96,109,64,103,28,68,77,125,53,43,94" hai3="83,85,39,27,8,50,82,133,120,59,61,46,100"/><T72/><D122/><U98/><E123/><V48/><F125/><W21/><G120/><T5/><D72/><U47/><E129/><V10/><F109/><N who="1" m="42089" /><E105/><V118/><F118/><W65/><G133/><T112/><D112/><N who="1" m="43115" /><E106/><V80/><F10/><W55/><G39/><T26/><D126/><U70/><E70/><V2/><F2/><W36/><G36/><T135/><D135/><U0/><E98/><V99/><F99/><W74/><G74/><T132/><D132/><U7/><E88/><V58/><F68/><W38/><G38/><T35/><D84/><U111/><N who="1" m="42097" /><U19/><DORA hai="56" /><E19/><V31/><F43/><W71/><G100/><T30/><D35/><U45/><E49/><V92/><F31/><W78/><G82/><T41/><D41/><U91/><E91/><V6/><F28/><W95/><G95/><T24/><D24/><U40/><E40/><V16/><F16/><N who="3" m="12711" /><G71/><T60/><REACH who="0" step="1"/><D52/><REACH who="0" ten="240,250,250,250" step="2"/><U131/><E131/><V124/><F54/><W115/><G115/><T15/><D15/><U34/><E34/><V51/><F33/><W104/><G85/><T66/><D66/><U37/><E37/><V90/><F53/><W76/><G55/><T44/><D44/><U130/><E130/><V127/><F64/><W23/><G65/><T128/><D128/><U63/><E47/><V134/><F127/><W102/><G46/><T14/><D14/><U97/><E45/><V13/><F124/><W79/><G50/><T69/><AGARI ba="0,1" hai="1,5,11,17,22,25,26,30,32,60,67,69,116,119" machi="69" ten="20,12000,1" yaku="1,1,0,1,7,1,52,2,53,0" doraHai="62,56" doraHaiUra="42,73" who="0" fromWho="0" sc="240,130,250,-40,250,-40,250,-40" /><INIT seed="0,1,0,2,0,35" ten="370,210,210,210" oya="0" hai0="1,74,77,103,38,29,24,53,14,98,36,70,56" hai1="34,131,58,57,31,50,100,13,54,23,16,7,96" hai2="6,9,112,42,27,84,41,120,71,67,86,39,55" hai3="76,121,0,82,48,114,108,33,113,69,44,61,90"/><T20/><D70/><U119/><E131/><V111/><F112/><W116/><G108/><T124/><D124/><U110/><E110/><V19/><F120/><W134/><G134/><T107/><D14/><U88/><E119/><V94/><F111/><W68/><G33/><T4/><D77/><U102/><E7/><V130/><F130/><W28/><G28/><T8/><REACH who="0" step="1"/><D74/><REACH who="0" ten="360,210,210,210" step="2"/><U18/><E58/><V65/><F71/><W11/><G69/><T104/><D104/><U106/><E106/><V87/><F27/><W5/><G76/><T45/><D45/><U22/><E34/><V49/><F39/><W66/><G116/><T95/><D95/><N who="1" m="56423" /><E31/><V10/><F94/><W59/><G68/><T12/><D12/><AGARI ba="1,1" hai="12,13,16,18,22,23,50,54,57,100,102" m="56423" machi="12" ten="30,3900,0" yaku="8,1,54,2" doraHai="35" who="1" fromWho="0" sc="360,-42,210,52,210,0,210,0" /><INIT seed="1,0,0,2,3,110" ten="318,262,210,210" oya="1" hai0="22,109,92,67,41,62,105,0,39,37,15,91,93" hai1="68,10,106,43,83,129,23,128,88,96,72,84,46" hai2="27,103,5,40,80,63,113,60,42,98,53,4,90" hai3="20,32,28,85,31,59,6,8,18,64,74,35,112"/><U50/><E68/><V58/><F113/><W17/><G74/><T76/><D0/><U55/><E72/><V2/><F2/><N who="3" m="87" /><G64/><T7/><D105/><U131/><E23/><V25/><F63/><W99/><G99/><T104/><D76/><U116/><E116/><V47/><F42/><W1/><G59/><T97/><D104/><U111/><E111/><V130/><F130/><W132/><G85/><T77/><D77/><U134/><E134/><V82/><F82/><W81/><G81/><T38/><D109/><U115/><E115/><V33/><F80/><W95/><G95/><T44/><D93/><U36/><E10/><V11/><F90/><W56/><G56/><T123/><D7/><U135/><E135/><V12/><F5/><W30/><G1/><T57/><REACH who="0" step="1"/><D123/><REACH who="0" ten="308,262,210,210" step="2"/><U124/><E106/><V78/><F78/><W19/><G132/><T102/><D102/><U108/><E108/><V29/><F103/><W71/><G112/><T87/><D87/><U73/><E73/><V54/><F98/><W89/><G89/><T3/><D3/><U119/><E96/><V125/><F4/><W127/><G127/><T117/><D117/><U126/><REACH who="1" step="1"/><E119/><REACH who="1" ten="308,252,210,210" step="2"/><V101/><F125/><W86/><G86/><T94/><D94/><U52/><E52/><V51/><F54/><W69/><G69/><T120/><D120/><U100/><E100/><V118/><F101/><W9/><G71/><T26/><D26/><U107/><E107/><V133/><F27/><N who="3" m="14735" /><G9/><T122/><D122/><U21/><E21/><V79/><F118/><W34/><AGARI ba="0,2" hai="18,19,28,30,31,32,34,35" m="14735,87" machi="34" ten="40,8000,1" yaku="35,5" doraHai="110" who="3" fromWho="3" sc="308,-20,252,-40,210,-20,210,100" /><INIT seed="2,0,0,5,4,95" ten="288,212,190,310" oya="2" hai0="77,45,76,122,88,51,32,128,105,39,108,62,66" hai1="113,92,37,3,125,97,20,23,109,21,9,19,70" hai2="112,6,41,17,102,14,111,61,120,16,104,64,106" hai3="58,124,27,52,55,10,35,1,15,71,30,0,34"/><V5/><F120/><W78/><G71/><T82/><D105/><U8/><E113/><V131/><F112/><W73/><G35/><T33/><D39/><U42/><E70/><V118/><F118/><W87/><G73/><T115/><D122/><U134/><E3/><V57/><F131/><W135/><G124/><T7/><D7/><U12/><E125/><V116/><F116/><W129/><G135/><T48/><D115/><U114/><E114/><V103/><F111/><W127/><G127/><T67/><D108/><U132/><E109/><V2/><F2/><W130/><G87/><T25/><D25/><U86/><E86/><V89/><F89/><W59/><G78/><T43/><D128/><N who="3" m="49257" /><G59/><T22/><D22/><U83/><E83/><V93/><F41/><W85/><G85/><N who="0" m="50231" /><D32/><U119/><E119/><V81/><F81/><W44/><G44/><N who="0" m="25631" /><D33/><U91/><REACH who="1" step="1"/><E9/><REACH who="1" ten="288,202,190,310" step="2"/><V68/><F68/><W117/><G117/><T56/><D67/><U40/><E40/><AGARI ba="0,1" hai="40,45,51,56,62,66,76,77" m="25631,50231" machi="40" ten="30,2000,0" yaku="8,1,54,1" doraHai="95" who="0" fromWho="1" sc="288,30,202,-20,190,0,310,0" /><INIT seed="3,0,0,5,4,118" ten="318,182,190,310" oya="3" hai0="3,132,47,128,38,51,24,14,67,33,35,120,2" hai1="105,43,119,50,4,28,86,110,26,6,17,90,9" hai2="11,68,81,65,79,125,40,55,74,78,44,92,91" hai3="100,75,23,39,82,71,112,111,62,96,30,94,95"/><W69/><G39/><T98/><D67/><U121/><E105/><V127/><F55/><W61/><G112/><T134/><D38/><U106/><E106/><V70/><F79/><W101/><G75/><T123/><D98/><U25/><E119/><V131/><F131/><W10/><G10/><T27/><D128/><U116/><E116/><V59/><F59/><W22/><G30/><T49/><D14/><U19/><E110/><V64/><F64/><W31/><G31/><T73/><D73/><U5/><E121/><V93/><F93/><W57/><G82/><T18/><D18/><N who="1" m="6667" /><E9/><V34/><F34/><W115/><G96/><T37/><D37/><U46/><E28/><V76/><F76/><W20/><G57/><T114/><REACH who="0" step="1"/><D47/><REACH who="0" ten="308,182,190,310" step="2"/><U117/><E117/><V88/><F65/><W87/><G111/><T72/><D72/><U84/><E84/><V133/><F74/><W0/><G87/><T85/><D85/><U13/><E13/><V102/><F44/><W77/><G115/><AGARI ba="0,1" hai="2,3,24,27,33,35,49,51,114,115,120,123,132,134" machi="115" ten="25,8000,1" yaku="1,1,22,2,52,2,53,0" doraHai="118" doraHaiUra="42" who="0" fromWho="3" sc="308,90,182,0,190,0,310,-80" /><INIT seed="4,0,0,1,3,19" ten="398,182,190,230" oya="0" hai0="83,127,77,104,4,21,43,135,125,0,113,129,102" hai1="76,123,118,82,92,111,62,48,124,87,23,11,17" hai2="41,128,57,116,63,52,115,98,79,47,8,2,45" hai3="18,33,131,112,66,120,101,22,51,59,119,107,12"/><T49/><D0/><U95/><E118/><V15/><F2/><W106/><G33/><T75/><D4/><U122/><E111/><V110/><F115/><W86/><G119/><T132/><D113/><U6/><E124/><N who="0" m="47689" /><D43/><U130/><E130/><V108/><F116/><W27/><G112/><T64/><D64/><U26/><E48/><V71/><F71/><W3/><G3/><T81/><D49/><U10/><E62/><V80/><F47/><W133/><G133/><N who="0" m="51275" /><D21/><U34/><E34/><V68/><F98/><W89/><G66/><T96/><D83/><U1/><REACH who="1" step="1"/><E11/><REACH who="1" ten="398,172,190,230" step="2"/><V100/><F128/><AGARI ba="0,1" hai="75,77,81,96,102,104,128,129" m="51275,47689" machi="128" ten="40,18000,2" yaku="30,2,18,1,20,1,23,1,34,2" doraHai="19" who="0" fromWho="2" sc="398,190,172,0,190,-180,230,0" /><INIT seed="4,1,0,0,3,27" ten="588,172,10,230" oya="0" hai0="86,72,75,48,100,83,67,52,8,54,126,116,1" hai1="112,111,37,38,46,11,34,76,107,35,79,119,131" hai2="63,132,66,44,113,114,57,26,60,70,81,78,84" hai3="10,45,31,90,89,99,98,24,115,110,88,12,104"/><T120/><D120/><U32/><E119/><V9/><F132/><W22/><G110/><T2/><D116/><U47/><E111/><V97/><F97/><N who="3" m="36875" /><G115/><N who="2" m="44041" /><F44/><N who="1" m="16937" /><E112/><V20/><F9/><W14/><G104/><T123/><D126/><U82/><E11/><V53/><F26/><W95/><G45/><T33/><D33/><U124/><E82/><V41/><F41/><W134/><G134/><T135/><D135/><U93/><E93/><V85/><F20/><W58/><G58/><T43/><D123/><U28/><E107/><V87/><AGARI ba="1,0" hai="53,57,60,63,66,70,78,81,84,85,87" m="44041" machi="87" ten="30,1100,0" yaku="15,1" doraHai="27" who="2" fromWho="2" sc="588,-6,172,-4,10,14,230,-4" /><INIT seed="5,0,0,4,1,22" ten="582,168,24,226" oya="1" hai0="33,24,120,73,119,67,83,91,107,23,90,123,117" hai1="121,84,76,44,134,58,103,49,94,6,101,63,98" hai2="125,126,0,64,42,15,93,39,114,81,46,60,65" hai3="129,106,48,18,75,10,35,89,3,108,12,82,4"/><U95/><E121/><N who="0" m="46665" /><D67/><U51/><E134/><V115/><F0/><W34/><G89/><T13/><D13/><U31/><E6/><V9/><F81/><W133/><G48/><T69/><D69/><U11/><E11/><V41/><F41/><W77/><G106/><T52/><D33/><U43/><E31/><V7/><F93/><W47/><G47/><T112/><D107/><U32/><E32/><V45/><F45/><W27/><G129/><T135/><D135/><U131/><E131/><V128/><F128/><W79/><G79/><N who="0" m="44527" /><D112/><N who="2" m="43050" /><F60/><W20/><G133/><T66/><D66/><AGARI ba="0,0" hai="7,9,15,39,42,46,64,65,66,125,126" m="43050" machi="66" ten="30,2000,0" yaku="15,1,11,1" doraHai="22" who="2" fromWho="0" sc="582,-20,168,0,24,20,226,0" /><INIT seed="6,0,0,5,3,118" ten="562,168,44,226" oya="2" hai0="11,26,117,128,33,46,135,76,95,9,12,88,29" hai1="18,126,20,65,127,102,44,101,62,110,66,42,16" hai2="51,91,25,50,39,83,31,37,112,36,123,122,59" hai3="63,54,3,43,131,79,56,113,60,92,15,70,93"/><V121/><F112/><W22/><G3/><T34/><D117/><U114/><E110/><V99/><F59/><W108/><G108/><T77/><D34/><U109/><E109/><V119/><F119/><W106/><G106/><T48/><D135/><U14/><E114/><V49/><F99/><W30/><G131/><T96/><D128/><U107/><E18/><V85/><REACH who="2" step="1"/><F39/><REACH who="2" ten="562,168,34,226" step="2"/><W0/><G56/><T58/><D58/><U21/><E126/><V2/><F2/><W40/><G0/><T7/><D9/><U5/><E127/><V6/><F6/><W4/><G4/><T81/><D81/><U55/><E5/><V97/><F97/><W87/><G70/><T13/><D13/><U94/><E14/><V90/><F90/><W1/><G1/><T57/><D57/><U69/><E69/><V35/><AGARI ba="0,1" hai="25,31,35,36,37,49,50,51,83,85,91,121,122,123" machi="35" ten="40,18000,2" yaku="1,1,0,1,52,3,53,1" doraHai="118" doraHaiUra="82" who="2" fromWho="2" sc="562,-60,168,-60,34,190,226,-60" /><INIT seed="6,1,0,5,0,49" ten="502,108,224,166" oya="2" hai0="46,89,117,94,107,32,112,7,87,33,61,0,17" hai1="135,105,128,69,48,114,122,31,125,104,27,44,81" hai2="54,29,109,53,36,30,43,28,130,92,10,4,14" hai3="111,42,132,121,63,106,103,86,83,126,11,85,9"/><V2/><F130/><W22/><G121/><T34/><D107/><U62/><E128/><V124/><F124/><W95/><G106/><T55/><D117/><U18/><E125/><V1/><F109/><W37/><G37/><T47/><D112/><U91/><E114/><V64/><F64/><W65/><G42/><T134/><D134/><U80/><E122/><V41/><F92/><W101/><G111/><T74/><D74/><U133/><E18/><V70/><F70/><W78/><G22/><T98/><D17/><U21/><E104/><V72/><F72/><W58/><G132/><N who="1" m="50762" /><E105/><V13/><F13/><W90/><REACH who="3" step="1"/><G126/><REACH who="3" ten="502,108,224,156" step="2"/><T24/><D34/><U56/><E69/><V123/><F123/><W102/><AGARI ba="1,1" hai="9,11,58,63,65,78,83,85,86,90,95,101,102,103" machi="102" ten="30,12000,2" yaku="1,1,2,1,0,1,8,1,53,2" doraHai="49" doraHaiUra="6" who="3" fromWho="3" sc="502,-31,108,-31,224,-61,156,133" /><INIT seed="7,0,0,1,0,101" ten="471,77,163,289" oya="3" hai0="42,123,47,1,21,102,69,84,39,4,26,5,0" hai1="38,30,16,81,11,3,13,75,89,43,85,51,20" hai2="129,113,133,62,130,6,95,91,52,35,126,56,127" hai3="2,128,88,74,135,36,8,120,92,117,49,22,46"/><W82/><G36/><T65/><D123/><U28/><E38/><V32/><F6/><W17/><G120/><T114/><D114/><U44/><E75/><V105/><F105/><W115/><G115/><T124/><D124/><N who="2" m="47658" /><F113/><W107/><G107/><T79/><D102/><U125/><E125/><V98/><F133/><W90/><G128/><AGARI ba="0,0" hai="32,35,52,56,62,91,95,98,128,129,130" m="47658" machi="128" ten="30,3900,0" yaku="19,1,18,1,54,1" doraHai="101" who="2" fromWho="3" sc="471,0,77,0,163,39,289,-39" owari="471,57.0,77,-42.0,202,-20.0,250,5.0" /></mjloggm>