<mjloggm ver="2.3"><GO type="169" lobby="0"/><UN n0="%E3%83%88%E3%83%88%E3%83%AA%E5%85%88%E7%94%9F%31%39%E6%AD%B3" n1="%E3%83%97%E3%83%A9%E3%83%81%E3%83%8A%E3%83%A0" n2="%E5%80%89%E6%A9%8B%EF%BC%A0%E4%BA%8B%E5%8B%99" n3="%E3%83%8C%E3%82%A2%E3%82%AF%E3%82%B7%E3%83%A7%E3%83%83%E3%83%88" dan="18,17,17,16" rate="2289.39,2179.43,2168.62,2118.24" sx="F,M,M,M"/><TAIKYOKU oya="0"/><INIT seed="0,0,0,3,4,101" ten="250,250,250,250" oya="0" hai0="89,0,71,20,44,53,127,70,41,99,86,118,13" hai1="97,54,12,18,24,72,5,117,80,128,78,123,82" hai2="94,92,52,66,30,45,77,43,96,74,1,129,79" hai3="88,68,38,67,134,65,48,35,111,14,98,100,33"/><T59/><D118/><U132/><E123/><V76/><F129/><W7/><G38/><T10/><D127/><U104/><E132/><V114/><F74/><W34/><G134/><T91/><D0/><U73/><E5/><V40/><F114/><W131/><G131/><T56/><D99/><U119/><E24/><V126/><F1/><W47/><G68/><T130/><D130/><U63/><E128/><V102/><F126/><W27/><G111/><T113/><D113/><U125/><E125/><V46/><F66/><W50/><G27/><T75/><D75/><U110/><E110/><V90/><F30/><W2/><G50/><T57/><D20/><U36/><E36/><V122/><F122/><W58/><G58/><T109/><D109/><U21/><E54/><V60/><F60/><W4/><G2/><T19/><D89/><U120/><E63/><V11/><F11/><W15/><G88/><T124/><D124/><U115/><E115/><V83/><F83/><W112/><G112/><T22/><D22/><U87/><E120/><V106/><F106/><W49/><G35/><T31/><D31/><U51/><E73/><V23/><F23/><W8/><G8/><T135/><D135/><U16/><E21/><V28/><F28/><W116/><G116/><T133/><D133/><U85/><E80/><V9/><F9/><W25/><G25/><T6/><D6/><U81/><E81/><V55/><F40/><W32/><G32/><T37/><REACH who="0" step="1"/><D53/><REACH who="0" ten="240,250,250,250" step="2"/><N who="2" m="20554" /><F43/><W42/><G42/><T121/><D121/><U61/><E72/><V62/><F62/><W69/><G33/><RYUUKYOKU ba="0,1" sc="240,15,250,-15,250,15,250,-15" hai0="10,13,19,37,41,44,56,57,59,70,71,86,91" hai2="45,46,76,77,79,90,92,94,96,102" /><INIT seed="0,1,1,0,3,49" ten="255,235,265,235" oya="0" hai0="13,35,81,58,7,120,4,21,83,80,47,48,39" hai1="70,2,72,119,123,36,56,71,57,52,40,79,117" hai2="116,14,37,41,45,9,5,99,17,129,74,115,125" hai3="114,92,61,69,118,93,54,128,12,28,106,26,75"/><T73/><D120/><U95/><E2/><V124/><F115/><W84/><G106/><T20/><D35/><U32/><E32/><V33/><F33/><W100/><G75/><T98/><D73/><U131/><E79/><V34/><F34/><W82/><G114/><T112/><D112/><U132/><E72/><V60/><F129/><W127/><G118/><N who="1" m="45066" /><E95/><V110/><F116/><W18/><G26/><T51/><D39/><U59/><E123/><V135/><F74/><W109/><G28/><T122/><D122/><U3/><E3/><V38/><F38/><W55/><G127/><T102/><D98/><U107/><E107/><V8/><F99/><W6/><G6/><N who="0" m="2091" /><D102/><U23/><E23/><N who="0" m="8777" /><D13/><U85/><E85/><V130/><F37/><W66/><G109/><T78/><D78/><U111/><E111/><V91/><F110/><W97/><G93/><T50/><D58/><N who="1" m="22635" /><E132/><V104/><F135/><W16/><G128/><T62/><D62/><N who="1" m="36199" /><E131/><V43/><F130/><W19/><REACH who="3" step="1"/><G12/><REACH who="3" ten="255,235,265,225" step="2"/><T96/><D96/><U31/><E31/><V76/><F104/><W121/><G121/><T46/><AGARI ba="1,2" hai="46,47,48,50,51,80,81,83" m="8777,2091" machi="46" ten="40,7800,0" yaku="28,2,8,1" doraHai="49" who="0" fromWho="0" sc="255,101,235,-27,265,-27,225,-27" /><INIT seed="0,2,0,0,1,66" ten="356,208,238,198" oya="0" hai0="104,55,25,62,75,134,18,35,5,73,92,121,131" hai1="135,100,36,74,32,89,0,111,69,77,124,4,120" hai2="63,41,28,16,96,116,99,90,98,93,23,125,123" hai3="11,65,14,33,133,126,87,72,85,103,130,37,47"/><T31/><D121/><U46/><RYUUKYOKU type="yao9" ba="2,0" sc="356,0,208,0,238,0,198,0" hai1="0,4,32,36,46,69,74,77,89,100,111,120,124,135" /><INIT seed="0,3,0,2,1,95" ten="356,208,238,198" oya="0" hai0="130,51,35,84,25,8,13,55,39,131,37,135,111" hai1="11,10,134,75,80,61,7,14,89,82,31,86,12" hai2="26,85,62,15,56,128,29,122,3,6,54,19,18" hai3="118,45,77,48,42,43,50,20,38,28,116,129,34"/><T41/><D135/><U22/><E134/><V107/><F122/><W23/><G34/><T69/><D69/><U58/><E75/><V74/><F74/><W101/><G28/><N who="0" m="19855" /><D41/><U21/><E80/><V98/><F128/><N who="0" m="49194" /><D84/><U72/><E31/><V83/><F3/><W49/><G101/><T78/><D78/><U68/><E68/><V92/><F107/><W44/><G77/><T57/><D111/><U71/><E71/><V123/><F123/><W93/><G93/><T109/><D109/><U2/><E72/><V59/><F6/><AGARI ba="3,0" hai="6,8,13,37,39,51,55,57" m="49194,19855" machi="6" ten="30,1500,0" yaku="19,1" doraHai="95" who="0" fromWho="2" sc="356,24,208,0,238,-24,198,0" /><INIT seed="0,4,0,2,4,101" ten="380,208,214,198" oya="0" hai0="102,6,16,69,131,20,105,130,119,59,109,55,127" hai1="58,84,22,67,47,54,1,5,24,14,71,106,116" hai2="21,13,134,108,73,31,77,23,110,66,8,98,99" hai3="50,80,115,112,90,82,28,81,128,70,7,118,53"/><T49/><D119/><U36/><E1/><V92/><F134/><W87/><G70/><T86/><D69/><U35/><E35/><V83/><F66/><W120/><G28/><T125/><D6/><U76/><E106/><V122/><F122/><W18/><G7/><T12/><D109/><U0/><E0/><V29/><F29/><W45/><G120/><T30/><D30/><U3/><E3/><V75/><F75/><W135/><G118/><T51/><D51/><U27/><E71/><V107/><F98/><W39/><G135/><T97/><REACH who="0" step="1"/><D86/><REACH who="0" ten="370,208,214,198" step="2"/><U78/><E84/><V62/><F31/><W114/><G39/><T89/><D89/><U64/><E36/><V56/><F110/><W26/><G128/><AGARI ba="4,1" hai="12,16,20,49,55,59,97,102,105,125,127,128,130,131" machi="128" ten="40,12000,1" yaku="1,1,19,1,52,1,54,1,53,0" doraHai="101" doraHaiUra="25" who="0" fromWho="3" sc="370,142,208,0,214,0,198,-132" /><INIT seed="0,5,0,1,4,41" ten="512,208,214,66" oya="0" hai0="66,122,40,102,54,118,55,6,69,31,25,71,130" hai1="116,109,74,121,42,46,8,50,85,65,34,77,44" hai2="3,129,48,63,60,97,90,13,4,120,62,29,80" hai3="33,45,75,32,23,103,57,98,38,91,101,111,16"/><T2/><D118/><U27/><E121/><V88/><F120/><W72/><G111/><T123/><D130/><U22/><E74/><V92/><F129/><W43/><G101/><T124/><D124/><U9/><E34/><V78/><F3/><W105/><G75/><T131/><D131/><U53/><E116/><V117/><F117/><W20/><G20/><T81/><D102/><U18/><E109/><V89/><F29/><W126/><G126/><T0/><D40/><U107/><E107/><V110/><F110/><W86/><G72/><T10/><D2/><U49/><E65/><V83/><F48/><W28/><G28/><T24/><D122/><U39/><E39/><V5/><F83/><AGARI ba="5,0" hai="8,9,18,22,27,42,44,46,49,50,53,77,83,85" machi="83" ten="40,5200,0" yaku="8,1,52,2" doraHai="41" who="1" fromWho="2" sc="512,0,208,67,214,-67,66,0" /><INIT seed="1,0,0,0,0,84" ten="512,275,147,66" oya="1" hai0="87,92,89,63,57,105,21,54,62,121,5,22,118" hai1="51,24,132,28,133,101,125,94,91,70,43,104,13" hai2="11,37,85,80,49,1,68,9,6,31,78,36,25" hai3="74,117,127,18,107,7,33,14,30,66,110,134,90"/><U83/><E70/><V126/><F68/><W61/><G107/><T123/><D105/><U93/><E13/><V81/><F126/><W2/><G74/><T88/><D118/><U71/><E71/><V29/><F11/><W103/><G103/><T17/><D5/><U67/><E67/><V128/><F128/><W3/><G134/><T73/><D73/><U12/><E12/><V131/><F131/><W130/><G130/><T109/><D109/><U47/><E104/><V4/><F4/><W40/><G110/><T0/><D0/><U8/><E8/><V98/><F98/><W129/><G129/><T69/><D69/><U50/><E125/><V120/><F120/><N who="0" m="46154" /><D63/><U10/><E10/><V72/><F49/><W100/><G40/><T86/><D17/><U58/><E101/><V56/><F56/><N who="3" m="37159" /><G100/><T95/><AGARI ba="0,0" hai="21,22,54,57,62,86,87,88,89,92,95" m="46154" machi="95" ten="30,7900,0" yaku="13,1,52,2,54,1" doraHai="84" who="0" fromWho="0" sc="512,79,275,-39,147,-20,66,-20" /><INIT seed="2,0,0,4,3,104" ten="591,236,127,46" oya="2" hai0="73,85,26,101,44,121,57,105,128,93,2,67,14" hai1="89,34,106,1,33,84,134,29,42,100,72,56,55" hai2="15,86,52,69,78,76,131,118,108,36,116,3,48" hai3="109,9,17,39,4,98,21,47,12,77,99,63,25"/><V31/><F3/><W54/><G109/><T103/><D121/><U75/><E42/><V110/><F36/><W74/><G63/><N who="0" m="38383" /><D73/><U64/><E1/><V58/><F69/><W60/><G60/><T80/><D2/><U68/><E34/><V102/><F131/><W95/><G95/><T92/><D105/><U129/><E134/><V19/><F102/><N who="0" m="38922" /><D26/><U11/><E11/><N who="2" m="6655" /><F31/><W87/><G54/><T50/><D14/><U23/><E33/><V16/><F16/><W88/><G77/><N who="2" m="29801" /><F86/><W83/><REACH who="3" step="1"/><G74/><REACH who="3" ten="591,236,127,36" step="2"/><T119/><D128/><U135/><E129/><V112/><F112/><W82/><G82/><T8/><D119/><U45/><E75/><V35/><F35/><W61/><G61/><T124/><D80/><U127/><E72/><V27/><F27/><W130/><G130/><T70/><D70/><U97/><E68/><V113/><F113/><W18/><G18/><T122/><D122/><U38/><E106/><V59/><F118/><W107/><G107/><T40/><D93/><U7/><E100/><V132/><F116/><W10/><G10/><T0/><D8/><U90/><E97/><V114/><F114/><W123/><G123/><T6/><D92/><U30/><E30/><V91/><F132/><W28/><G28/><T20/><D40/><AGARI ba="0,1" hai="4,9,12,17,21,25,39,40,47,83,87,88,98,99" machi="40" ten="40,5200,0" yaku="1,1,54,1,53,1" doraHai="104" doraHaiUra="43" who="3" fromWho="0" sc="591,-52,236,0,127,0,36,62" /><INIT seed="3,0,0,3,3,121" ten="539,236,127,98" oya="3" hai0="128,24,27,21,135,16,91,26,19,23,75,92,82" hai1="69,32,72,35,126,37,124,116,94,127,96,103,73" hai2="109,74,66,88,54,31,50,76,12,62,61,90,20" hai3="40,132,79,77,80,7,29,95,39,2,99,8,42"/><W111/><G132/><T11/><D135/><U58/><E37/><V56/><F109/><W0/><G0/><T25/><D128/><U4/><E69/><V71/><F76/><W17/><G39/><T131/><D131/><U38/><E38/><V48/><F74/><N who="1" m="28777" /><E116/><V9/><F48/><W60/><G111/><T44/><D75/><U87/><E4/><V65/><F31/><W84/><G79/><T63/><D82/><U5/><E5/><V107/><F20/><W125/><G125/><T34/><D34/><N who="1" m="12843" /><E58/><V47/><REACH who="2" step="1"/><F107/><REACH who="2" ten="539,236,117,98" step="2"/><W114/><G114/><T130/><D130/><U36/><E36/><V53/><F53/><W117/><G117/><T102/><D23/><U89/><E103/><V55/><F55/><W1/><G29/><T33/><D102/><U104/><E104/><V59/><F59/><W83/><G60/><T64/><D33/><U122/><E122/><V133/><F133/><W97/><G77/><T6/><D21/><U45/><E45/><V41/><F41/><W93/><G8/><T108/><D44/><U52/><E52/><V67/><F67/><W14/><G14/><N who="0" m="5495" /><D108/><U10/><E10/><V51/><F51/><W81/><G7/><AGARI ba="0,1" hai="7,9,12,47,50,54,56,61,62,65,66,71,88,90" machi="7" ten="30,3900,0" yaku="1,1,7,1,54,1,53,0" doraHai="121" doraHaiUra="134" who="2" fromWho="3" sc="539,0,236,0,117,49,98,-39" /><INIT seed="4,0,0,1,0,12" ten="539,236,166,59" oya="0" hai0="121,55,128,45,132,25,50,106,123,92,63,18,7" hai1="98,101,33,20,15,68,8,10,72,28,1,62,81" hai2="107,0,27,120,116,97,48,112,13,23,49,83,88" hai3="71,117,102,26,42,66,89,104,58,73,109,95,126"/><T70/><D106/><U52/><E1/><V93/><F0/><W80/><G71/><T51/><D7/><U38/><E38/><V54/><F120/><W94/><G66/><T96/><D128/><U43/><E43/><V125/><F112/><W30/><G58/><T118/><D118/><U56/><E72/><V115/><F115/><W5/><G42/><T113/><D113/><U36/><E36/><V131/><F131/><W108/><G117/><T4/><D4/><U61/><E81/><V100/><F125/><W21/><G126/><T14/><D132/><U90/><E90/><V9/><F83/><W78/><G95/><T119/><D25/><N who="1" m="18575" /><E15/><V47/><F116/><W84/><REACH who="3" step="1"/><G5/><REACH who="3" ten="539,236,166,49" step="2"/><T31/><D119/><U2/><E56/><V122/><F93/><W29/><G29/><T85/><D31/><U76/><E68/><V44/><F122/><W124/><G124/><T32/><D121/><U40/><E40/><V65/><F65/><W19/><G19/><T91/><D123/><U134/><E62/><V77/><F107/><W64/><G64/><N who="0" m="41247" /><D51/><U127/><E61/><V133/><F133/><W111/><G111/><T75/><D50/><U6/><E134/><V86/><F48/><W82/><G82/><N who="0" m="49591" /><D45/><U135/><E135/><V67/><F49/><W17/><G17/><T37/><D37/><U16/><E127/><V11/><F44/><W103/><G103/><N who="0" m="60807" /><D55/><U87/><E52/><V79/><F54/><W57/><G57/><T105/><D105/><N who="1" m="63671" /><E6/><V114/><F47/><W130/><G130/><T41/><D41/><U22/><E2/><V24/><F114/><RYUUKYOKU ba="0,1" sc="539,-10,236,-10,166,-10,49,30" hai3="21,26,30,73,78,80,84,89,94,102,104,108,109" /><INIT seed="5,1,1,5,2,69" ten="529,226,156,79" oya="1" hai0="73,130,67,5,93,98,132,90,101,66,117,120,22" hai1="123,84,8,78,134,99,37,126,65,105,45,6,47" hai2="18,20,28,109,39,62,114,27,64,19,106,7,15" hai3="122,77,125,35,127,48,46,119,61,85,112,36,135"/><U121/><E65/><V1/><F109/><W44/><G35/><T25/><D117/><U111/><E47/><V72/><F106/><W131/><G119/><T82/><D130/><U94/><E126/><N who="3" m="48138" /><G122/><T57/><D132/><U43/><E134/><V63/><F72/><W34/><G34/><T107/><D120/><U71/><E71/><V95/><F114/><W54/><G135/><T31/><D5/><U118/><E111/><V80/><F80/><W11/><G11/><T81/><D81/><U55/><E55/><V41/><F95/><W96/><G96/><T16/><D57/><U29/><E29/><V91/><F91/><W133/><G133/><T3/><D3/><U23/><E23/><V70/><F63/><W102/><G102/><T49/><D49/><U74/><E84/><V50/><F50/><N who="3" m="28999" /><G112/><T52/><D52/><U60/><E60/><V17/><F1/><W68/><G131/><T79/><D31/><U110/><E110/><V38/><REACH who="2" step="1"/><F41/><REACH who="2" ten="529,226,146,79" step="2"/><N who="3" m="22823" /><G77/><T116/><D116/><U115/><E118/><V13/><F13/><W103/><G103/><T104/><D107/><U10/><E115/><V87/><F87/><AGARI ba="1,2" hai="16,22,25,66,67,73,79,82,87,90,93,98,101,104" machi="87" ten="30,7700,0" yaku="7,1,24,2,54,1" doraHai="69" who="0" fromWho="2" sc="529,100,226,0,146,-80,79,0" /><INIT seed="6,0,0,3,1,10" ten="629,226,66,79" oya="2" hai0="65,128,134,73,4,64,109,60,96,20,25,42,97" hai1="106,62,23,63,16,22,13,49,35,48,102,88,104" hai2="84,44,5,28,121,66,118,112,135,12,103,27,108" hai3="72,46,95,50,119,37,26,69,41,87,129,89,113"/><V111/><F121/><W116/><G72/><T67/><D109/><N who="2" m="42058" /><F118/><W32/><G69/><T76/><D128/><U83/><E35/><V127/><F112/><W114/><G129/><T86/><D73/><U81/><E102/><V53/><F127/><W120/><G120/><T52/><D134/><U110/><E110/><V61/><F135/><W115/><G32/><T58/><D4/><U38/><E38/><V94/><F103/><W2/><G2/><T122/><D42/><U130/><E130/><V79/><F79/><W105/><G105/><T51/><D122/><U0/><E0/><V77/><F77/><W29/><G29/><N who="0" m="17575" /><D60/><U21/><E21/><N who="2" m="15471" /><F84/><W39/><REACH who="3" step="1"/><G26/><REACH who="3" ten="629,226,66,69" step="2"/><T125/><D125/><U54/><E106/><V123/><F123/><W93/><G93/><T91/><D76/><U82/><E104/><V45/><F94/><AGARI ba="0,1" hai="51,52,58,64,65,67,86,91,94,96,97" m="17575" machi="94" ten="30,2000,0" yaku="8,1,54,1" doraHai="10" who="0" fromWho="2" sc="629,30,226,0,66,-20,69,0" /><INIT seed="7,0,0,5,0,40" ten="659,226,46,69" oya="3" hai0="121,49,50,14,32,58,26,31,74,113,103,82,19" hai1="33,5,25,11,65,47,15,54,106,108,0,91,30" hai2="1,35,78,107,90,4,39,51,28,88,79,96,3" hai3="77,46,97,16,133,86,70,124,118,110,112,18,42"/><W48/><G70/><T27/><D121/><U9/><E106/><V134/><F39/><W135/><G110/><T101/><D113/><U45/><E65/><V69/><F69/><W66/><G66/><T55/><D27/><U67/><E67/><V37/><F37/><W120/><G120/><T2/><D2/><U64/><E64/><V100/><F134/><N who="3" m="51211" /><G112/><T56/><D82/><U59/><E91/><V114/><F114/><W117/><G124/><T68/><D74/><U119/><E119/><N who="3" m="45578" /><G97/><T41/><D68/><U122/><E108/><V52/><F79/><W87/><G86/><T93/><D93/><U123/><E123/><V12/><F78/><W116/><G116/><T131/><D131/><U128/><E128/><V13/><F1/><W57/><G57/><T84/><D84/><U125/><E125/><V53/><F3/><W98/><G98/><T126/><D126/><U24/><E24/><V95/><F35/><W7/><G7/><T132/><D132/><U60/><E122/><V29/><F107/><W109/><G109/><T104/><D104/><U63/><E63/><V76/><F76/><W36/><G36/><T34/><D34/><U21/><E33/><V43/><F43/><W23/><G23/><T73/><D73/><U6/><AGARI ba="0,0" hai="0,5,6,9,11,15,21,25,30,45,47,54,59,60" machi="6" ten="20,5200,0" yaku="0,1,7,1,52,2" doraHai="40" who="1" fromWho="1" sc="659,-13,226,52,46,-13,69,-26" owari="646,75.0,278,8.0,33,-47.0,43,-36.0" /></mjloggm>