<mjloggm ver="2.3"><GO type="169" lobby="0"/><UN n0="%E5%B0%B1%E6%B4%BB%E7%94%9F%40%E5%B7%9D%E6%9D%91%E8%BB%8D%E5%9B%A3" n1="%EF%BC%92%E5%B9%B4%E7%9B%AE%E3%81%AE%EF%BD%83" n2="%E8%A5%BF%E6%9D%91%E9%9B%84%E4%B8%80%E9%83%8E" n3="%74%65%40%72%73" dan="19,16,17,16" rate="2324.60,2034.62,2167.91,2176.07" sx="M,M,M,M"/><TAIKYOKU oya="0"/><INIT seed="0,0,0,1,2,129" ten="250,250,250,250" oya="0" hai0="115,25,68,61,5,118,114,126,124,54,90,125,132" hai1="18,24,99,70,117,133,13,102,67,128,46,103,122" hai2="65,50,48,2,3,78,135,84,64,30,107,108,31" hai3="33,20,49,101,100,121,79,95,43,7,119,12,60"/><T131/><D131/><U92/><E128/><V34/><F107/><W93/><G33/><T97/><D5/><U81/><E117/><V96/><F96/><W112/><G119/><T105/><D118/><U89/><E122/><V44/><F84/><W55/><G112/><N who="0" m="43051" /><D90/><U98/><E24/><V130/><F44/><N who="3" m="25759" /><G79/><T21/><D97/><U17/><E70/><V57/><F78/><W45/><G121/><T38/><D105/><U15/><E133/><V8/><F135/><W41/><G41/><T123/><D132/><U1/><E1/><V19/><F8/><N who="3" m="4127" /><G20/><T63/><D123/><U120/><E120/><V82/><F19/><W37/><G37/><T71/><D38/><U16/><E67/><V109/><F130/><W58/><G45/><T83/><D83/><U10/><E46/><V36/><F82/><W27/><G27/><T75/><D75/><U59/><E59/><V51/><F57/><W42/><G42/><T87/><D87/><U76/><E99/><V134/><F36/><W88/><G95/><T74/><D74/><U53/><E53/><V66/><F134/><W32/><G32/><T35/><D35/><U116/><E116/><V72/><F72/><W80/><G80/><T77/><D77/><U69/><E69/><N who="0" m="26697" /><D54/><U91/><E91/><V52/><F52/><W62/><G62/><N who="0" m="23563" /><D21/><N who="1" m="11407" /><E18/><V40/><F40/><W11/><G11/><T9/><D9/><U26/><E26/><AGARI ba="0,0" hai="25,26,124,125,126" m="23563,26697,43051" machi="26" ten="40,7700,0" yaku="28,2,18,1" doraHai="129" who="0" fromWho="1" sc="250,77,250,-77,250,0,250,0" /><INIT seed="0,1,0,3,0,11" ten="327,173,250,250" oya="0" hai0="115,40,18,16,95,132,53,68,66,43,61,72,77" hai1="35,36,15,133,59,128,106,31,85,123,60,0,45" hai2="30,102,19,42,112,67,32,76,58,90,24,20,111" hai3="3,22,64,34,93,113,13,7,114,4,134,48,69"/><T100/><D115/><U33/><E0/><V121/><F121/><W103/><G34/><T109/><D132/><U88/><E123/><V50/><F112/><W86/><G134/><T56/><D109/><U101/><E133/><V75/><F111/><W117/><G117/><T99/><D72/><U52/><E128/><V55/><F102/><W10/><G103/><T5/><D5/><U51/><E36/><V82/><F67/><W104/><G104/><T44/><D77/><U135/><E135/><V78/><F42/><W124/><G124/><T131/><D131/><U63/><E63/><V9/><F9/><W49/><G4/><T23/><D18/><U17/><E31/><V71/><F71/><W96/><G96/><T8/><D8/><U14/><E101/><V70/><F70/><W29/><G64/><T47/><D68/><U46/><E106/><V25/><F78/><W62/><G62/><T1/><D1/><U118/><E46/><N who="0" m="17449" /><D66/><U2/><E2/><V81/><F76/><W80/><G69/><T79/><D79/><U92/><E118/><V91/><F75/><W130/><G130/><T94/><D95/><U65/><E14/><AGARI ba="1,0" hai="14,16,23,40,43,53,56,61,94,99,100" m="17449" machi="14" ten="30,5800,0" yaku="8,1,52,1,54,1" doraHai="11" who="0" fromWho="1" sc="327,61,173,-61,250,0,250,0" /><INIT seed="0,2,0,2,5,11" ten="388,112,250,250" oya="0" hai0="63,119,131,123,54,35,124,127,17,109,81,102,79" hai1="72,45,95,64,5,57,23,86,110,28,58,97,19" hai2="69,90,13,18,116,125,38,66,118,59,82,121,52" hai3="16,67,91,1,105,55,10,111,101,126,53,47,88"/><T78/><D35/><U3/><E72/><V48/><F121/><W7/><G111/><T77/><D123/><U41/><E110/><V76/><F38/><W83/><G126/><T70/><D119/><N who="2" m="45610" /><F125/><N who="0" m="48202" /><D109/><U112/><E112/><V108/><F108/><W4/><G67/><N who="0" m="41343" /><D131/><U33/><E3/><V129/><F90/><W135/><G135/><T71/><D71/><U122/><E5/><V9/><F69/><W44/><G101/><T128/><D128/><U107/><E107/><V61/><F129/><W100/><G100/><T87/><D102/><U113/><E122/><V84/><F48/><N who="3" m="28807" /><G105/><T62/><D17/><U51/><E113/><V89/><F89/><N who="3" m="34379" /><G83/><T0/><D0/><U39/><E86/><V15/><F15/><N who="3" m="7287" /><G1/><T93/><D93/><U117/><E117/><V21/><F66/><W134/><G134/><T132/><D132/><U106/><E106/><V98/><F98/><W26/><G26/><T68/><D68/><U50/><E64/><V40/><F82/><W29/><G29/><T94/><D94/><U30/><E95/><V115/><F115/><W6/><G6/><T37/><D37/><U75/><E97/><V74/><F74/><W92/><G92/><T20/><D81/><U2/><E2/><V85/><F85/><W14/><G14/><T99/><D87/><U60/><E75/><V8/><F84/><W104/><G104/><T130/><D130/><U36/><E36/><V24/><F24/><W42/><G42/><T65/><D65/><N who="1" m="39055" /><E39/><V120/><F120/><W114/><G114/><T56/><D99/><U12/><E33/><V96/><F96/><RYUUKYOKU ba="2,0" sc="388,10,112,10,250,-30,250,10" hai0="20,54,56,62,77,78,79" hai1="12,19,23,28,30,41,45,50,51,58" hai3="4,7,47,55" /><INIT seed="0,3,0,0,4,122" ten="398,122,220,260" oya="0" hai0="16,118,133,46,59,24,120,7,41,88,110,12,98" hai1="90,96,134,33,115,39,19,26,121,112,5,63,116" hai2="36,102,101,61,49,86,10,114,78,104,93,37,40" hai3="126,28,84,127,55,108,113,43,22,44,94,83,130"/><T70/><D70/><U17/><E121/><V42/><F104/><W107/><G113/><N who="1" m="43594" /><E116/><V85/><F114/><W131/><G107/><T2/><D120/><U128/><E128/><N who="3" m="49194" /><G55/><T125/><D118/><U14/><E134/><V56/><F10/><W1/><G94/><N who="0" m="56647" /><D2/><U9/><E39/><V89/><F49/><N who="3" m="26783" /><G1/><T48/><D133/><U50/><E63/><V124/><F78/><W32/><G32/><T103/><D110/><U129/><E50/><V75/><F75/><W132/><G132/><T135/><D135/><U57/><E57/><V21/><F21/><W69/><G69/><T51/><D125/><U99/><E129/><V81/><F124/><W73/><G108/><T67/><D103/><N who="2" m="39434" /><F36/><W95/><G73/><T72/><D72/><U123/><E123/><V35/><F35/><W87/><G95/><T109/><D109/><U80/><E33/><V38/><F38/><W18/><G28/><T6/><D24/><U91/><E26/><V65/><F37/><W74/><G127/><T34/><D34/><U31/><E31/><V4/><F4/><W13/><G126/><T62/><D51/><U29/><E29/><V8/><F8/><AGARI ba="3,0" hai="6,7,8,12,16,41,46,48,59,62,67" m="56647" machi="8" ten="30,5800,0" yaku="8,1,54,2" doraHai="122" who="0" fromWho="2" sc="398,67,122,0,220,-67,260,0" /><INIT seed="0,4,0,4,5,132" ten="465,122,153,260" oya="0" hai0="73,65,124,22,27,120,64,30,75,52,61,112,49" hai1="41,134,92,9,109,107,60,56,77,6,47,119,2" hai2="66,45,113,39,7,24,67,97,90,93,23,125,105" hai3="51,32,13,14,98,4,28,38,48,62,50,99,89"/><T20/><D120/><U94/><E134/><V19/><F113/><W25/><G38/><T11/><D112/><U110/><E119/><V126/><F105/><W100/><G4/><T86/><D124/><N who="2" m="47722" /><F7/><W12/><G62/><T128/><D11/><U15/><E107/><V58/><F58/><W63/><G89/><T79/><D22/><U42/><E2/><V101/><F101/><W72/><G72/><T111/><D111/><N who="1" m="42507" /><E77/><V69/><F69/><W117/><G63/><T127/><D127/><U43/><E47/><V78/><F78/><W76/><G76/><T21/><D21/><U70/><E70/><V104/><F104/><W84/><G84/><T26/><D26/><U68/><E68/><V10/><F10/><W87/><G87/><T36/><D65/><AGARI ba="4,0" hai="6,9,15,41,42,43,56,60,65,92,94" m="42507" machi="65" ten="30,1000,0" yaku="14,1" doraHai="132" who="1" fromWho="0" sc="465,-22,122,22,153,0,260,0" /><INIT seed="1,0,0,5,0,3" ten="443,144,153,260" oya="1" hai0="94,36,123,2,105,31,112,15,8,20,33,97,102" hai1="4,101,43,19,86,110,133,12,132,27,126,10,87" hai2="34,131,23,60,35,48,106,135,111,99,84,51,80" hai3="28,54,109,116,68,63,96,115,81,32,57,69,17"/><U77/><E126/><V5/><F111/><W45/><G109/><T127/><D112/><U134/><E110/><V129/><F135/><W76/><G115/><T16/><D36/><U120/><E120/><V75/><F75/><W39/><G116/><T122/><D127/><U13/><E43/><V26/><F60/><W64/><G96/><T72/><D72/><U18/><E101/><N who="2" m="62783" /><F48/><W117/><G117/><T124/><D124/><U61/><E61/><V118/><F51/><W46/><G69/><T74/><D74/><U79/><E27/><V22/><F22/><W37/><G17/><T108/><D108/><U66/><E66/><V29/><F5/><W128/><G128/><N who="2" m="49225" /><F118/><W121/><G121/><N who="0" m="46091" /><D105/><U53/><E53/><V114/><F114/><W103/><G103/><T130/><D130/><U49/><E49/><V52/><F52/><W7/><G28/><T25/><D2/><U11/><E133/><V93/><F93/><W98/><G32/><AGARI ba="0,0" hai="8,15,16,20,25,31,32,33,94,97,102" m="46091" machi="32" ten="30,2000,0" yaku="13,1,54,1" doraHai="3" who="0" fromWho="3" sc="443,20,144,0,153,0,260,-20" /><INIT seed="2,0,0,4,1,67" ten="463,144,153,240" oya="2" hai0="62,109,69,124,46,129,73,32,68,78,7,10,98" hai1="28,123,53,39,37,13,31,27,48,119,4,14,9" hai2="133,122,127,49,41,134,95,83,51,100,132,36,90" hai3="19,110,101,89,18,77,43,56,45,116,38,96,30"/><V112/><F112/><W118/><G110/><T70/><D109/><U113/><E113/><V104/><F122/><W126/><G126/><T0/><D124/><U24/><E119/><V52/><F127/><W8/><G77/><T66/><D129/><U86/><E123/><V114/><F114/><W106/><G30/><T44/><D32/><U58/><E86/><V3/><F3/><W130/><G130/><T99/><D44/><U25/><E37/><V115/><F115/><W91/><G56/><T33/><D33/><U5/><REACH who="1" step="1"/><E39/><REACH who="1" ten="463,134,153,240" step="2"/><V29/><F36/><W102/><G38/><T72/><D98/><U105/><E105/><V11/><F104/><W21/><G96/><T111/><D111/><U125/><E125/><V50/><F134/><W97/><G97/><T93/><D46/><U85/><E85/><V88/><F133/><W121/><G106/><T103/><REACH who="0" step="1"/><D78/><REACH who="0" ten="453,134,153,240" step="2"/><U61/><E61/><V131/><F131/><W87/><G45/><T54/><D54/><U84/><E84/><V94/><F52/><W12/><G87/><T57/><AGARI ba="0,2" hai="0,7,10,57,62,66,68,69,70,72,73,93,99,103" machi="57" ten="30,8000,1" yaku="1,1,0,1,52,3,53,0" doraHai="67" doraHaiUra="15" who="0" fromWho="0" sc="453,100,134,-20,153,-40,240,-20" /><INIT seed="3,0,0,5,2,23" ten="553,114,113,220" oya="3" hai0="63,54,116,60,62,17,127,108,90,78,71,51,9" hai1="129,45,70,31,18,99,50,76,29,22,37,3,33" hai2="27,41,49,59,1,122,75,74,42,2,47,26,44" hai3="102,68,11,13,15,89,121,24,55,114,39,132,118"/><W83/><G118/><T56/><D116/><U57/><E70/><V52/><F122/><W8/><G114/><T94/><D108/><U126/><E126/><V43/><F1/><W30/><G68/><T28/><D127/><U80/><E3/><V34/><F2/><W79/><G121/><T64/><D78/><U125/><E125/><V53/><F44/><W0/><G132/><T35/><D35/><U73/><E37/><V130/><F130/><W69/><G69/><T6/><D17/><U72/><E129/><V14/><F14/><W93/><G102/><T36/><D28/><U123/><E123/><V128/><F128/><W65/><G65/><T66/><D36/><U109/><E109/><V110/><F110/><W67/><G67/><T21/><D21/><U103/><E57/><V25/><REACH who="2" step="1"/><F34/><REACH who="2" ten="553,114,103,220" step="2"/><W58/><G0/><T120/><D120/><U5/><E33/><V4/><F4/><W86/><G15/><N who="0" m="5559" /><D71/><U96/><E5/><V12/><F12/><W87/><G13/><T115/><D115/><U101/><E45/><V46/><F46/><W38/><G11/><T91/><D91/><U97/><E22/><V48/><AGARI ba="0,1" hai="25,26,27,41,42,43,47,48,49,52,53,59,74,75" machi="48" ten="40,12000,2" yaku="1,1,0,1,52,3,54,1,53,0" doraHai="23" doraHaiUra="7" who="2" fromWho="2" sc="553,-30,114,-30,103,130,220,-60" /><INIT seed="4,0,0,3,0,66" ten="523,84,233,160" oya="0" hai0="131,24,112,82,96,49,30,104,75,68,79,107,41" hai1="33,15,21,95,127,55,5,42,101,10,6,23,81" hai2="60,26,37,125,28,36,48,85,109,73,111,50,51" hai3="84,9,80,86,105,44,110,63,87,92,121,45,74"/><T132/><D112/><U123/><E123/><V3/><F73/><W25/><G121/><T126/><D126/><U39/><E127/><V12/><F3/><W108/><G105/><T47/><D131/><U106/><E33/><V122/><F122/><W61/><G92/><T0/><D0/><U102/><E106/><V17/><F60/><W91/><G9/><T69/><D132/><U34/><E34/><V135/><F135/><W117/><G117/><T22/><REACH who="0" step="1"/><D107/><REACH who="0" ten="513,84,233,160" step="2"/><U93/><E39/><V94/><F36/><W52/><G110/><T71/><D71/><U119/><E119/><V120/><F37/><W20/><G108/><T32/><D32/><U88/><E42/><V124/><F120/><W64/><G80/><T7/><D7/><U129/><E81/><V70/><F109/><W29/><G64/><T13/><D13/><U103/><E129/><V98/><F111/><W59/><G25/><T100/><AGARI ba="0,1" hai="22,24,30,41,47,49,68,69,75,79,82,96,100,104" machi="100" ten="30,12000,1" yaku="1,1,0,1,52,2,53,1" doraHai="66" doraHaiUra="38" who="0" fromWho="0" sc="513,130,84,-40,233,-40,160,-40" /><INIT seed="4,1,0,5,5,95" ten="643,44,193,120" oya="0" hai0="135,11,88,105,65,90,130,56,87,63,89,22,31" hai1="86,51,132,9,126,74,37,54,123,60,47,61,99" hai2="82,115,68,10,25,24,72,119,79,38,46,127,113" hai3="124,97,121,102,52,12,134,18,81,43,112,53,120"/><T77/><D105/><U106/><E74/><V103/><F68/><W4/><G134/><T1/><D135/><U15/><E132/><V48/><F38/><W101/><G124/><T14/><D130/><U13/><E123/><N who="3" m="47178" /><G112/><T76/><D1/><U107/><E37/><V49/><F119/><W23/><G43/><T45/><D45/><U98/><E126/><V73/><F127/><W70/><G70/><T57/><D57/><U117/><E117/><V64/><F64/><W16/><G4/><T59/><D59/><U92/><E107/><V128/><F128/><W83/><G102/><T78/><D31/><U69/><E15/><V2/><F103/><W62/><G18/><T35/><D35/><U21/><E106/><V26/><F2/><W41/><G41/><T125/><D125/><U39/><E39/><V84/><F49/><W6/><G6/><N who="0" m="3447" /><D22/><U122/><E122/><V91/><F10/><W8/><G8/><T20/><D20/><U40/><E69/><V133/><F133/><W19/><G19/><T114/><D114/><U104/><E21/><V29/><F29/><W96/><G101/><T118/><D118/><U30/><E30/><V108/><F115/><W111/><G111/><T93/><AGARI ba="1,0" hai="56,63,65,76,77,78,87,88,89,90,93" m="3447" machi="93" ten="30,3000,0" yaku="8,1,54,1" doraHai="95" who="0" fromWho="0" sc="643,33,44,-11,193,-11,120,-11" /><INIT seed="4,2,0,0,4,115" ten="676,33,182,109" oya="0" hai0="32,57,18,92,43,80,111,132,102,95,114,40,5" hai1="72,65,33,56,88,62,74,12,51,61,27,42,103" hai2="0,79,89,125,14,118,23,1,68,22,123,121,63" hai3="4,93,116,36,77,52,122,117,130,8,59,47,82"/><T96/><D114/><U45/><E103/><V128/><F79/><W9/><G9/><T124/><D32/><U109/><E109/><V83/><F63/><W75/><G130/><T94/><D111/><U50/><E12/><V15/><F89/><W86/><G122/><T107/><D124/><U133/><E133/><V131/><F83/><W31/><G31/><T66/><D132/><U100/><E100/><V41/><F41/><N who="3" m="22951" /><G86/><T21/><D5/><U112/><E112/><V84/><F84/><W108/><G93/><T37/><D37/><U70/><E51/><V53/><F125/><W134/><G108/><T10/><D10/><U49/><E49/><V135/><F135/><W29/><G29/><T54/><D80/><U44/><E44/><V39/><F15/><W105/><G105/><T78/><D78/><U97/><E33/><V60/><F14/><W19/><G19/><T25/><REACH who="0" step="1"/><D66/><REACH who="0" ten="666,33,182,109" step="2"/><U101/><E65/><V34/><F34/><W28/><G134/><T17/><D17/><U30/><E30/><V69/><F128/><W120/><G28/><T71/><D71/><U106/><E70/><V38/><F131/><W11/><G11/><T48/><AGARI ba="2,1" hai="18,21,25,40,43,48,54,57,92,94,95,96,102,107" machi="48" ten="30,3000,0" yaku="1,1,0,1,53,0" doraHai="115" doraHaiUra="113" who="0" fromWho="0" sc="666,46,33,-12,182,-12,109,-12" /><INIT seed="4,3,0,5,5,76" ten="712,21,170,97" oya="0" hai0="41,18,1,45,42,73,61,66,47,3,101,40,78" hai1="56,92,38,91,58,118,51,2,62,135,29,9,104" hai2="26,49,106,115,129,19,23,89,52,10,124,77,35" hai3="21,134,99,122,30,112,0,119,107,96,15,36,27"/><T28/><D28/><U7/><E118/><V111/><F106/><W59/><G119/><T63/><D101/><U55/><E135/><V65/><F111/><W84/><G134/><T75/><D18/><U95/><E104/><V116/><F115/><W48/><G36/><T6/><D6/><U127/><E127/><V13/><F129/><W82/><G112/><T16/><D16/><U31/><E38/><V33/><F65/><W94/><G0/><N who="0" m="75" /><D66/><U39/><E39/><V60/><F60/><N who="0" m="23114" /><D78/><U126/><E126/><V105/><F105/><W93/><G107/><T50/><D50/><U88/><E95/><N who="3" m="36362" /><G122/><T113/><D113/><U34/><E34/><V17/><F124/><W53/><G15/><T121/><D121/><U133/><E133/><V37/><F37/><W72/><G72/><AGARI ba="3,0" hai="40,41,42,45,47,72,73,75" m="23114,75" machi="72" ten="40,3900,0" yaku="28,2" doraHai="76" who="0" fromWho="3" sc="712,48,21,0,170,0,97,-48" /><INIT seed="4,4,0,0,5,20" ten="760,21,170,49" oya="0" hai0="117,81,132,9,63,88,29,15,91,33,99,51,3" hai1="133,52,68,79,122,97,72,107,49,66,14,28,41" hai2="16,84,23,6,39,70,90,83,56,57,74,24,135" hai3="36,75,31,45,7,32,8,43,27,55,17,102,131"/><T128/><D3/><U94/><E122/><V42/><F70/><W65/><G131/><T73/><D117/><U12/><E133/><V114/><F135/><W4/><G75/><T35/><D132/><U82/><E107/><V118/><F118/><W134/><G134/><T130/><D63/><U67/><E28/><V113/><F6/><W119/><G119/><T53/><D73/><U2/><E2/><V112/><F74/><W104/><G65/><T106/><D106/><U37/><E37/><V92/><F42/><W34/><G34/><T127/><D127/><U47/><E41/><V21/><F39/><W109/><G109/><T78/><D78/><U22/><E68/><V100/><F23/><W115/><G55/><T0/><D0/><U50/><E50/><V58/><F100/><W25/><G115/><T54/><D54/><U93/><E93/><AGARI ba="4,0" hai="16,21,24,56,57,58,83,84,90,92,93,112,113,114" machi="93" ten="50,6400,0" yaku="15,1,52,1,54,1" doraHai="20" who="2" fromWho="1" sc="760,0,21,-76,170,76,49,0" owari="760,86.0,-55,-56.0,246,5.0,49,-35.0" /></mjloggm>