<mjloggm ver="2.3"><GO type="169" lobby="0"/><UN n0="%E3%83%86%E3%83%AC%E3%83%93%E3%81%A3%E5%AD%90" n1="%E3%81%96%E3%82%8A%E3%81%8C%E3%81%AB%E3%81%A1%E3%82%83%E3%82%93" n2="%E2%85%A8%E3%81%AE%E4%BC%91%E6%97%A5" n3="%E5%B0%B1%E6%B4%BB%E7%94%9F%40%E5%B7%9D%E6%9D%91%E8%BB%8D%E5%9B%A3" dan="16,16,16,19" rate="2107.09,2099.70,2158.22,2361.77" sx="M,M,M,M"/><TAIKYOKU oya="0"/><INIT seed="0,0,0,4,2,78" ten="250,250,250,250" oya="0" hai0="15,11,74,20,88,2,18,26,92,58,133,47,8" hai1="25,31,63,44,122,64,45,51,84,39,4,118,108" hai2="131,43,1,129,12,65,103,135,27,109,94,97,116" hai3="95,125,85,126,69,57,10,38,117,56,114,61,21"/><T3/><D133/><U99/><E122/><V5/><F135/><W127/><G117/><T42/><D74/><U53/><E108/><V19/><F109/><W76/><G38/><T67/><D67/><U86/><E4/><V7/><F116/><W128/><G114/><T0/><D58/><U113/><E113/><V80/><F43/><W35/><G35/><T36/><REACH who="0" step="1"/><D26/><REACH who="0" ten="240,250,250,250" step="2"/><U71/><E118/><V115/><F27/><W17/><G57/><T28/><D28/><U112/><E112/><V55/><F65/><W73/><G73/><T72/><D72/><U29/><E64/><V46/><F115/><W16/><G69/><T13/><D13/><U120/><E71/><V83/><F1/><W81/><G128/><T34/><D34/><U105/><E120/><V52/><F131/><W101/><G10/><T70/><D70/><U91/><E45/><V124/><F46/><W40/><G21/><T98/><AGARI ba="0,1" hai="0,2,3,8,11,15,18,20,36,42,47,88,92,98" machi="98" ten="30,6000,0" yaku="1,1,0,1,54,1,53,0" doraHai="78" doraHaiUra="82" who="0" fromWho="0" sc="240,70,250,-20,250,-20,250,-20" /><INIT seed="0,1,0,4,5,77" ten="310,230,230,230" oya="0" hai0="99,29,44,81,66,135,76,121,109,21,130,123,79" hai1="85,114,128,119,48,15,22,127,60,56,84,0,27" hai2="95,37,92,31,9,38,74,101,57,17,107,124,3" hai3="35,82,16,78,87,113,2,133,118,53,28,62,13"/><T47/><D130/><U55/><E0/><V12/><F124/><W52/><G118/><T6/><D135/><U43/><E119/><V100/><F74/><W59/><G2/><T73/><D66/><U65/><E43/><V54/><F31/><W125/><G113/><T23/><D6/><U115/><E127/><V19/><F3/><W45/><G125/><T112/><D112/><N who="1" m="43051" /><E15/><V134/><F134/><W94/><G133/><T18/><D109/><U93/><E93/><V122/><F122/><W42/><G94/><T63/><D63/><U32/><E32/><V103/><F107/><W120/><G120/><T5/><D5/><U83/><E128/><V14/><F38/><W97/><G97/><T106/><D29/><N who="1" m="17655" /><E83/><V108/><F37/><W51/><G28/><T86/><D23/><U10/><E10/><V46/><F46/><AGARI ba="1,0" hai="46,48,55,56,60,65,84,85" m="17655,43051" machi="46" ten="30,1000,0" yaku="11,1" doraHai="77" who="1" fromWho="2" sc="310,0,230,13,230,-13,230,0" /><INIT seed="1,0,0,1,0,103" ten="310,243,217,230" oya="1" hai0="116,20,6,61,93,121,54,77,82,52,75,124,1" hai1="32,135,100,109,81,33,134,130,101,22,115,0,58" hai2="42,47,88,98,73,62,91,18,14,36,87,86,26" hai3="43,127,83,97,90,55,114,113,104,21,64,10,99"/><U84/><E0/><V112/><F73/><W79/><G64/><T132/><D116/><U16/><E115/><V125/><F112/><W28/><G43/><T105/><D105/><U46/><E46/><V95/><F125/><W40/><G40/><T66/><D124/><U108/><E58/><V120/><F120/><W37/><G37/><T8/><D121/><U53/><E53/><V102/><F26/><W65/><G65/><T118/><D118/><U56/><E56/><V12/><F62/><W24/><G127/><T111/><D111/><N who="1" m="42571" /><E100/><V126/><F126/><W35/><G35/><N who="1" m="13386" /><E101/><V63/><F63/><W34/><G55/><T30/><D132/><U106/><E106/><V45/><F45/><W15/><G104/><T110/><D110/><U44/><E44/><V70/><F70/><W74/><G34/><T123/><D123/><U80/><E130/><V128/><F128/><W107/><G107/><T13/><D93/><U41/><E41/><V50/><F36/><W29/><G113/><T85/><D75/><U94/><E94/><N who="2" m="58711" /><F18/><W89/><G114/><T31/><D54/><U60/><E60/><V117/><F117/><W131/><G131/><T5/><D52/><U133/><E84/><V119/><F119/><W23/><G99/><T7/><D61/><U96/><E96/><V69/><F69/><W57/><G97/><T39/><D39/><U68/><E68/><V67/><F67/><W122/><G57/><T2/><D66/><U9/><E9/><V19/><F19/><N who="3" m="8695" /><G122/><T129/><D129/><U92/><E92/><AGARI ba="0,0" hai="12,14,42,47,50,86,87,88,91,92,95" m="58711" machi="92" ten="30,2000,0" yaku="8,1,54,1" doraHai="103" who="2" fromWho="1" sc="310,0,243,-20,217,20,230,0" /><INIT seed="2,0,0,2,3,84" ten="310,223,237,230" oya="2" hai0="61,27,41,45,49,111,54,116,120,18,22,104,59" hai1="33,94,11,47,80,103,92,73,37,85,9,51,106" hai2="55,12,81,6,57,4,93,70,77,0,82,20,87" hai3="14,135,68,36,83,123,102,78,75,28,19,56,126"/><V125/><F125/><W7/><G126/><T60/><D120/><U23/><E33/><V128/><F128/><W130/><G135/><T46/><D104/><U40/><E73/><V69/><F0/><W107/><G68/><T95/><D111/><U108/><E108/><V65/><F65/><W24/><G36/><T67/><D116/><U134/><E134/><V100/><F70/><W62/><G130/><T35/><D35/><U32/><E32/><V121/><F69/><W131/><G131/><T44/><REACH who="0" step="1"/><D95/><REACH who="0" ten="300,223,237,230" step="2"/><U89/><E106/><V39/><F121/><W38/><G107/><T133/><D133/><U17/><E94/><V29/><F93/><W127/><G123/><T91/><D91/><U16/><E92/><V58/><F100/><W79/><G102/><T117/><D117/><U66/><E103/><V97/><F77/><W96/><G78/><T25/><D25/><U8/><E89/><V63/><F97/><W43/><G96/><T13/><D13/><U101/><E101/><V21/><F12/><W64/><G127/><T31/><D31/><U118/><E118/><V34/><F29/><W122/><G122/><T52/><D52/><U26/><E26/><V2/><F55/><W72/><G24/><T98/><D98/><U129/><E129/><V30/><F34/><W115/><G28/><T15/><D15/><U112/><E66/><V119/><F30/><W42/><G64/><T10/><D10/><U3/><E9/><V110/><F119/><W109/><G14/><T86/><D86/><U53/><E11/><V1/><F110/><W99/><G109/><RYUUKYOKU ba="0,1" sc="300,30,223,-10,237,-10,230,-10" hai0="18,22,27,41,44,45,46,49,54,59,60,61,67" /><INIT seed="3,1,1,4,1,129" ten="330,213,227,220" oya="3" hai0="89,133,92,86,16,47,55,38,122,5,94,71,56" hai1="15,36,76,18,67,21,33,54,131,4,85,120,106" hai2="61,60,107,14,69,90,13,79,87,113,51,49,64" hai3="44,66,116,29,27,91,8,128,20,58,82,12,134"/><W17/><G128/><T74/><D71/><U77/><E131/><V110/><F113/><W46/><G116/><T42/><D5/><U111/><E120/><V6/><F110/><W22/><G134/><T62/><D122/><U108/><E106/><V59/><F107/><W83/><G20/><T68/><D74/><U7/><E33/><V26/><F79/><W121/><G121/><T119/><D119/><U31/><E31/><V9/><F26/><W1/><G1/><T57/><D68/><U80/><E36/><V97/><F97/><W48/><G91/><T109/><D109/><N who="1" m="42059" /><E67/><V75/><F14/><W19/><G19/><T132/><D57/><U45/><E77/><V35/><F75/><W73/><G73/><T25/><REACH who="0" step="1"/><D94/><REACH who="0" ten="320,213,227,220" step="2"/><U30/><E4/><V101/><F69/><W3/><G3/><T98/><D98/><U72/><E7/><V78/><F59/><W10/><G46/><T127/><D127/><U52/><E45/><V124/><F6/><W23/><G58/><T41/><D41/><U130/><E130/><V70/><F70/><W81/><G66/><T135/><D135/><U65/><E65/><V32/><F124/><W34/><G34/><T43/><D43/><AGARI ba="1,2" hai="8,10,12,17,22,23,27,29,43,44,48,81,82,83" machi="43" ten="40,2000,0" yaku="8,1" doraHai="129" who="3" fromWho="0" sc="320,-23,213,0,227,0,220,43" /><INIT seed="3,2,0,5,2,14" ten="297,213,227,263" oya="3" hai0="0,125,19,135,58,90,98,4,88,114,107,15,44" hai1="97,74,57,118,63,87,67,129,62,25,32,45,82" hai2="83,71,132,28,70,78,8,6,30,101,36,91,51" hai3="31,64,76,7,40,110,126,80,29,26,21,117,68"/><W52/><G117/><T9/><D135/><U41/><E74/><V85/><F132/><W27/><G126/><T94/><D125/><U103/><E129/><V104/><F36/><W69/><G40/><T93/><D114/><U59/><E118/><V89/><F71/><W11/><G110/><T37/><D107/><U24/><E32/><V34/><F70/><W61/><G69/><T39/><D58/><U106/><E45/><V42/><F104/><W79/><G52/><T122/><D122/><U116/><E41/><V99/><F34/><W46/><G46/><T77/><D77/><U134/><E134/><V112/><F112/><W72/><G76/><T105/><D105/><U22/><E22/><V111/><F111/><W1/><REACH who="3" step="1"/><G27/><REACH who="3" ten="297,213,227,253" step="2"/><T16/><D44/><U86/><E116/><V123/><F42/><W66/><G66/><T13/><D37/><U48/><E48/><V102/><F51/><W35/><G35/><T131/><D39/><U109/><E109/><V20/><F123/><W47/><G47/><T115/><D115/><U127/><E127/><V55/><F55/><W53/><G53/><T121/><D121/><U65/><REACH who="1" step="1"/><E87/><REACH who="1" ten="297,203,227,253" step="2"/><V108/><F108/><W75/><G75/><T60/><D131/><U100/><E100/><V133/><F102/><W17/><AGARI ba="2,2" hai="1,7,11,17,21,26,29,31,61,64,68,72,79,80" machi="17" ten="20,7800,0" yaku="1,1,0,1,7,1,52,1,53,0" doraHai="14" doraHaiUra="49" who="3" fromWho="3" sc="297,-28,203,-28,227,-28,253,104" /><INIT seed="3,3,0,1,2,73" ten="269,175,199,357" oya="3" hai0="96,0,13,32,105,85,98,25,50,114,70,113,90" hai1="103,4,111,21,40,122,82,37,36,130,3,62,93" hai2="75,53,76,120,33,115,118,34,64,23,47,17,81" hai3="133,66,78,60,99,5,94,102,127,109,123,22,72"/><W28/><G123/><T12/><D0/><U39/><E122/><V27/><F120/><W117/><G117/><T132/><D70/><U106/><E111/><V87/><F118/><W69/><G127/><T57/><D132/><U45/><E93/><V119/><F115/><N who="0" m="44042" /><D32/><U71/><E21/><V83/><F64/><W2/><G133/><T74/><D74/><U97/><E130/><V58/><F47/><W84/><G72/><T126/><D25/><U49/><E82/><V134/><F134/><W79/><G109/><T67/><D126/><U42/><E42/><V135/><F135/><W55/><G55/><N who="0" m="31991" /><D67/><N who="1" m="41463" /><E49/><V131/><F131/><W104/><G28/><T112/><D112/><U10/><AGARI ba="3,0" hai="3,4,10,36,37,39,40,45,97,103,106" m="41463" machi="10" ten="30,2000,0" yaku="33,2" doraHai="73" who="1" fromWho="1" sc="269,-8,175,29,199,-8,357,-13" /><INIT seed="4,0,0,0,0,105" ten="261,204,191,344" oya="0" hai0="125,66,38,52,112,19,132,5,94,0,134,4,109" hai1="24,78,90,54,17,59,36,62,129,11,111,67,76" hai2="71,88,64,53,92,97,57,93,18,120,50,21,91" hai3="117,26,48,8,44,102,40,46,103,29,12,72,65"/><T9/><D38/><U16/><E111/><V35/><F35/><W79/><G117/><T6/><D109/><U128/><E36/><V119/><F119/><W127/><G127/><T14/><D125/><U31/><E90/><V15/><F120/><W114/><G114/><T23/><D66/><U69/><E78/><V1/><F1/><W82/><G65/><T98/><D112/><U70/><E76/><V43/><F43/><W131/><G46/><T74/><D74/><U121/><E121/><V101/><F64/><W133/><G131/><N who="1" m="50250" /><E11/><V99/><F71/><N who="1" m="27145" /><E67/><V130/><REACH who="2" step="1"/><F130/><REACH who="2" ten="261,204,181,344" step="2"/><W95/><G133/><T75/><D134/><U85/><E85/><V3/><F3/><W104/><G40/><T87/><D132/><U135/><E135/><V49/><F49/><W51/><G51/><T107/><D87/><U27/><E27/><V83/><F83/><W115/><G82/><T45/><D0/><U84/><E84/><V10/><F10/><W123/><G8/><T89/><D9/><U2/><E2/><V81/><F81/><W55/><G48/><T73/><D98/><U28/><E28/><V113/><F113/><W96/><G29/><T86/><D86/><U42/><E42/><V25/><F25/><W7/><G26/><T13/><D14/><U116/><E116/><V100/><AGARI ba="0,1" hai="15,18,21,50,53,57,88,91,92,93,97,99,100,101" machi="100" ten="20,12000,2" yaku="1,1,0,1,7,1,9,1,8,1,54,1,53,0" doraHai="105" doraHaiUra="61" who="2" fromWho="2" sc="261,-60,204,-30,181,130,344,-30" /><INIT seed="5,0,0,3,2,38" ten="201,174,311,314" oya="1" hai0="42,75,101,92,96,33,127,50,69,19,52,95,65" hai1="88,111,23,28,53,39,119,78,115,4,27,51,31" hai2="134,112,120,91,83,24,22,14,128,116,8,131,105" hai3="43,0,66,90,76,121,79,98,36,93,62,41,58"/><U55/><E119/><V103/><F120/><W114/><G121/><T61/><D33/><U45/><E115/><V86/><F116/><W13/><G0/><T29/><D29/><U132/><E132/><V123/><F123/><W16/><G114/><T87/><D75/><U6/><E111/><V30/><F134/><W59/><G59/><T11/><D127/><U107/><E107/><V34/><F112/><W104/><G104/><T84/><D42/><N who="3" m="15881" /><G36/><T48/><D48/><N who="1" m="28815" /><E39/><V110/><F110/><W133/><G133/><T7/><D19/><N who="1" m="12799" /><E78/><V47/><F47/><W126/><G126/><T73/><D73/><U56/><E88/><V99/><F34/><W15/><G15/><T9/><D9/><AGARI ba="0,0" hai="9,13,16,58,62,66,76,79,90,93,98" m="15881" machi="9" ten="30,8000,1" yaku="8,1,52,3,54,1" doraHai="38" who="3" fromWho="0" sc="201,-80,174,0,311,0,314,80" /><INIT seed="6,0,0,0,3,128" ten="121,174,311,394" oya="2" hai0="13,9,85,49,64,32,126,68,27,108,19,132,29" hai1="62,17,102,70,47,67,92,63,35,24,45,84,53" hai2="91,50,103,40,1,76,118,6,129,88,15,21,69" hai3="52,25,112,48,86,57,37,39,106,127,72,119,0"/><V28/><F118/><W74/><G0/><T51/><D108/><U115/><E115/><V23/><F129/><W44/><G106/><T78/><D126/><U124/><E124/><V42/><F69/><W82/><G127/><T59/><D68/><U22/><E35/><V113/><F1/><W43/><G119/><T55/><D64/><U105/><E105/><V95/><F113/><W99/><G112/><T36/><D36/><U130/><E130/><V96/><F76/><W3/><G3/><T125/><D125/><U8/><E8/><N who="2" m="4503" /><F50/><W90/><G39/><T4/><D78/><U83/><E92/><N who="2" m="56327" /><F103/><W60/><G99/><T109/><D109/><U116/><E102/><V79/><F79/><W123/><G123/><T10/><D85/><U26/><E116/><V110/><F110/><W66/><G25/><T2/><REACH who="0" step="1"/><D51/><REACH who="0" ten="111,174,311,394" step="2"/><U65/><E70/><AGARI ba="0,1" hai="37,43,44,48,52,57,60,66,70,72,74,82,86,90" machi="70" ten="30,7700,0" yaku="7,1,24,2,54,1" doraHai="128" who="3" fromWho="1" sc="111,0,174,-77,311,0,394,87" /><INIT seed="7,0,0,3,3,78" ten="111,97,311,481" oya="3" hai0="69,53,48,131,74,89,79,104,116,65,102,12,23" hai1="46,113,110,41,119,40,38,27,118,51,33,14,37" hai2="19,85,50,123,90,95,100,16,125,44,62,76,60" hai3="99,20,17,128,86,94,9,35,59,54,114,57,64"/><W61/><G114/><T5/><D116/><N who="1" m="44587" /><E14/><V18/><F125/><W0/><G35/><T24/><D131/><U42/><E27/><V115/><F115/><W129/><G0/><T108/><D108/><U36/><E33/><V47/><F123/><W29/><G9/><T39/><D39/><N who="1" m="14923" /><E113/><V31/><F31/><W124/><G124/><T98/><D89/><U3/><E3/><V6/><F6/><W10/><G10/><T49/><D79/><U22/><E22/><V58/><F100/><N who="3" m="60535" /><G86/><T43/><D74/><U56/><E110/><V126/><F126/><W133/><G133/><T117/><D117/><U80/><E80/><V122/><F122/><W21/><G17/><T91/><D91/><U88/><E88/><V72/><F72/><W101/><G101/><T77/><D77/><U8/><E8/><V45/><F76/><W83/><G83/><T112/><D112/><U106/><E106/><V134/><F134/><W71/><G71/><T130/><D130/><N who="3" m="50281" /><G29/><T75/><D75/><U63/><N who="1" m="14931" /><U96/><DORA hai="103" /><E96/><V67/><REACH who="2" step="1"/><F62/><AGARI ba="0,0" hai="20,21,54,57,59,61,62,64" m="50281,60535" machi="62" ten="30,1500,0" yaku="19,1" doraHai="78,103" who="3" fromWho="2" sc="111,0,97,0,311,-15,481,15" owari="111,-29.0,97,-40.0,296,10.0,496,59.0" /></mjloggm>