<mjloggm ver="2.3"><GO type="169" lobby="0"/><UN n0="%6B%69%79%6F%64%61%69" n1="%7A%65%52%6F" n2="%E5%B0%B1%E6%B4%BB%E7%94%9F%40%E5%B7%9D%E6%9D%91%E8%BB%8D%E5%9B%A3" n3="%E4%B8%80%E6%9C%AC%E5%A0%B4" dan="18,18,18,16" rate="2266.19,2248.70,2286.37,2075.81" sx="M,M,M,M"/><TAIKYOKU oya="0"/><INIT seed="0,0,0,0,5,98" ten="250,250,250,250" oya="0" hai0="112,27,16,1,81,57,14,134,71,131,115,86,74" hai1="132,76,15,40,99,12,133,66,130,64,103,55,95" hai2="111,125,18,44,75,45,5,68,72,135,61,109,41" hai3="105,7,127,52,39,80,118,35,93,97,102,21,11"/><T19/><D71/><U78/><E40/><V17/><F5/><W101/><G118/><T25/><D74/><N who="2" m="28202" /><F135/><N who="1" m="51785" /><E55/><V73/><F73/><W83/><G35/><T31/><D1/><U24/><E24/><V91/><F91/><W65/><G39/><T4/><D131/><U117/><E117/><V60/><F41/><W28/><G65/><N who="1" m="25194" /><E130/><V100/><F100/><W104/><G127/><T54/><D134/><U58/><E58/><V59/><F59/><W20/><G28/><T120/><D120/><U129/><E129/><V124/><F68/><W62/><G7/><T29/><D4/><U23/><E23/><V79/><F79/><AGARI ba="0,0" hai="12,15,76,78,79,95,99,103" m="25194,51785" machi="79" ten="30,2000,0" yaku="20,1,52,1" doraHai="98" who="1" fromWho="2" sc="250,0,250,20,250,-20,250,0" /><INIT seed="1,0,0,5,2,13" ten="250,270,230,250" oya="1" hai0="21,18,78,23,63,53,20,51,101,79,4,2,91" hai1="38,37,16,85,128,94,99,52,123,11,7,96,9" hai2="19,29,77,130,74,118,110,66,81,76,62,119,47" hai3="15,70,14,103,92,30,71,17,65,116,22,73,117"/><U90/><E123/><V89/><F110/><W88/><G73/><T54/><D101/><U120/><E120/><V32/><F130/><W125/><G30/><T105/><D105/><U0/><E128/><V113/><F113/><W84/><G125/><T69/><D2/><U126/><E126/><V124/><F124/><W114/><G114/><T41/><D4/><U86/><E86/><V12/><F77/><N who="0" m="29194" /><D69/><N who="3" m="26121" /><G65/><T60/><D91/><U25/><E52/><N who="0" m="20073" /><D18/><U97/><REACH who="1" step="1"/><E11/><REACH who="1" ten="250,260,230,250" step="2"/><V57/><F118/><N who="3" m="45675" /><G103/><T58/><D58/><U104/><E104/><V59/><F59/><W83/><G92/><T132/><D132/><U80/><E80/><V133/><F133/><W93/><G93/><T87/><D87/><U72/><E72/><V115/><F119/><W49/><G49/><T28/><D28/><U5/><E5/><V100/><F115/><W35/><G35/><T82/><D82/><U8/><E8/><V1/><F29/><W36/><G36/><T127/><D127/><U24/><E24/><AGARI ba="0,1" hai="14,15,17,22,24,83,84,88" m="45675,26121" machi="24" ten="30,3900,0" yaku="12,1,52,1,54,1" doraHai="13" who="3" fromWho="1" sc="250,0,260,-39,230,0,250,49" /><INIT seed="2,0,0,5,4,96" ten="250,221,230,299" oya="2" hai0="45,5,106,55,122,99,28,110,97,112,119,87,86" hai1="9,14,40,56,62,132,134,10,39,93,108,98,115" hai2="121,101,85,69,123,60,72,79,1,76,16,116,75" hai3="7,23,118,65,53,11,43,20,4,105,67,38,74"/><V26/><F1/><W70/><G74/><T37/><D122/><U2/><E115/><V131/><F116/><W49/><G118/><T73/><D73/><U107/><E107/><V44/><F131/><W17/><G105/><T92/><D110/><U6/><E108/><V57/><F69/><W89/><G89/><T81/><D112/><U33/><E33/><V34/><F72/><W58/><G17/><T46/><D37/><U30/><E30/><V61/><F61/><W100/><G100/><T114/><D106/><U113/><E113/><V18/><F75/><W102/><G102/><T27/><D5/><U80/><E80/><V52/><F101/><W66/><G7/><T117/><D114/><U19/><E40/><V91/><F121/><W48/><G38/><T12/><D12/><U59/><E39/><V104/><F104/><W63/><G70/><T24/><D81/><U84/><E84/><V128/><F128/><W0/><G43/><T29/><REACH who="0" step="1"/><D55/><REACH who="0" ten="240,221,230,299" step="2"/><U32/><E14/><V25/><F123/><W124/><G4/><T135/><D135/><U95/><E6/><V15/><F15/><W111/><G111/><T42/><D42/><U83/><E83/><N who="2" m="49599" /><F79/><W129/><G129/><T125/><D125/><U77/><E77/><V13/><F76/><W126/><G126/><T50/><D50/><N who="3" m="19561" /><G124/><T78/><D78/><U3/><E134/><V103/><F13/><W51/><G51/><T47/><D47/><U133/><E132/><V82/><F44/><W109/><G109/><T68/><D68/><U90/><E133/><V127/><F127/><W36/><G36/><RYUUKYOKU ba="0,1" sc="240,15,221,-15,230,-15,299,15" hai0="24,27,28,29,45,46,86,87,92,97,99,117,119" hai3="0,11,20,23,53,58,63,65,66,67" /><INIT seed="3,1,1,4,3,43" ten="255,206,215,314" oya="3" hai0="107,34,31,37,10,131,69,4,126,74,38,92,67" hai1="108,60,53,106,135,51,99,7,120,95,70,80,119" hai2="13,112,85,46,21,0,87,81,110,130,49,42,68" hai3="72,102,121,54,115,105,44,125,65,17,76,88,5"/><W59/><G5/><T33/><D92/><U28/><E120/><V127/><F112/><W117/><G117/><T123/><D10/><U93/><E106/><V97/><F0/><W58/><G121/><T64/><D4/><U27/><E135/><V52/><F68/><W9/><G76/><T82/><D64/><U47/><E108/><V55/><F110/><W83/><G72/><T134/><D82/><U25/><E7/><V20/><F127/><W91/><G105/><T71/><D67/><U89/><E70/><V30/><F130/><W29/><G29/><T124/><D31/><U101/><E80/><V128/><F128/><W78/><G102/><T62/><D62/><U104/><E119/><V133/><F133/><W16/><G125/><T122/><D107/><U15/><E15/><V98/><F85/><N who="3" m="48375" /><G115/><T79/><D79/><U23/><E60/><V86/><F30/><W6/><G6/><T35/><D35/><U48/><E27/><V118/><F118/><W2/><G2/><T8/><D8/><U63/><E63/><V40/><F86/><W114/><G114/><T100/><D100/><U3/><E3/><V113/><F113/><W129/><G65/><T32/><D32/><U24/><E89/><N who="2" m="51439" /><F40/><W66/><G66/><T73/><D131/><U36/><E36/><V22/><F13/><N who="3" m="7215" /><G129/><T111/><D111/><U41/><E25/><V19/><F19/><W109/><G109/><T77/><D77/><U57/><AGARI ba="1,1" hai="23,24,28,41,47,48,51,53,57,93,95,99,101,104" machi="57" ten="20,2700,0" yaku="0,1,7,1,52,1" doraHai="43" who="1" fromWho="1" sc="255,-8,206,40,215,-8,314,-14" /><INIT seed="4,0,0,2,3,98" ten="247,246,207,300" oya="0" hai0="73,65,103,14,82,94,107,91,20,62,25,74,32" hai1="63,29,13,2,124,117,96,122,5,72,70,79,41" hai2="37,11,50,16,134,40,120,15,95,23,21,105,130" hai3="86,67,39,6,33,87,66,126,59,56,19,133,31"/><T112/><D112/><U69/><E117/><V53/><F105/><W45/><G6/><T42/><D32/><U128/><E122/><V99/><F120/><W100/><G33/><T1/><D1/><U80/><E124/><V102/><F130/><W30/><G45/><T97/><D42/><U108/><E108/><V77/><F134/><W119/><G119/><T12/><D12/><U4/><E2/><V109/><F109/><W60/><G19/><T26/><D14/><U89/><E128/><V104/><F104/><W10/><G60/><T22/><D22/><U88/><E41/><V115/><F115/><W90/><G90/><T83/><D83/><U44/><E44/><V81/><F40/><W111/><G111/><T7/><D7/><U9/><E5/><V64/><F64/><W35/><G35/><T61/><D61/><U46/><E46/><N who="2" m="27863" /><F37/><W84/><G133/><T36/><D36/><U17/><E4/><V48/><F48/><W57/><G39/><T58/><D26/><U75/><E75/><V71/><F71/><W76/><G67/><T132/><D132/><U135/><E135/><V116/><F116/><W125/><G66/><T34/><D34/><U3/><E3/><V43/><F43/><W55/><G126/><T24/><D24/><U78/><E69/><V118/><F118/><W52/><G125/><T110/><D110/><U93/><E70/><V38/><F38/><W68/><G68/><T27/><D27/><U123/><E123/><V113/><F113/><W92/><G55/><T18/><D107/><U49/><E63/><V121/><F121/><RYUUKYOKU ba="0,0" sc="247,15,246,-15,207,15,300,-15" hai0="18,20,25,58,62,65,73,74,82,91,94,97,103" hai2="11,15,16,21,23,77,81,95,99,102" /><INIT seed="4,1,0,4,0,20" ten="262,231,222,285" oya="0" hai0="33,84,113,2,66,107,64,36,10,58,26,92,49" hai1="40,13,34,4,129,68,89,3,76,41,111,86,83" hai2="98,9,101,123,132,114,87,135,82,117,38,31,8" hai3="96,80,78,62,93,121,104,72,21,44,63,110,5"/><T65/><D36/><U50/><E111/><V22/><F38/><W51/><G110/><T39/><D39/><U130/><E3/><V45/><F123/><W15/><G104/><T24/><D107/><U120/><E68/><V85/><F114/><W102/><G121/><T79/><D33/><U17/><E4/><V75/><F75/><W48/><G48/><T37/><D37/><U60/><E60/><V54/><F54/><W27/><G15/><T14/><D2/><U99/><E34/><V52/><F9/><W125/><G5/><N who="0" m="3407" /><D113/><U74/><E99/><V100/><F8/><W133/><G133/><N who="2" m="51273" /><F98/><W90/><G102/><N who="2" m="39529" /><F82/><W7/><G7/><T0/><D0/><U19/><E120/><V97/><F97/><W118/><G96/><T105/><D105/><U115/><E115/><V122/><F122/><W69/><G80/><N who="0" m="47135" /><D92/><U108/><E108/><V28/><F117/><W61/><G118/><T94/><D94/><U81/><E83/><V134/><F134/><W43/><G72/><T59/><D49/><U106/><E50/><N who="2" m="28751" /><F31/><W77/><G93/><T18/><D18/><U35/><E19/><V91/><F91/><W71/><G90/><T25/><AGARI ba="1,0" hai="24,25,26,58,59,64,65,66" m="47135,3407" machi="25" ten="30,11700,0" yaku="8,1,52,3" doraHai="20" who="0" fromWho="0" sc="262,120,231,-40,222,-40,285,-40" /><INIT seed="4,2,0,3,0,129" ten="382,191,182,245" oya="0" hai0="10,9,93,132,24,75,31,36,40,33,18,28,104" hai1="127,105,71,13,48,100,39,1,110,135,116,86,11" hai2="98,89,113,60,59,43,85,27,121,87,125,2,38" hai3="97,65,95,46,73,26,14,106,103,55,107,102,69"/><T96/><D104/><U109/><E39/><V81/><F2/><W51/><G73/><T92/><D75/><U29/><E116/><V23/><F121/><W72/><G72/><T62/><D132/><U34/><E71/><V77/><F113/><W115/><G115/><T15/><D31/><U122/><E122/><V114/><F114/><W19/><G26/><T91/><D40/><U64/><E1/><V44/><F98/><W16/><G102/><T126/><D36/><U118/><E34/><V67/><F125/><W0/><G0/><T5/><D126/><U61/><E127/><V83/><F23/><W108/><G108/><T101/><D62/><U76/><E105/><V63/><F60/><W70/><G70/><T117/><D117/><U112/><E112/><V35/><F27/><W68/><G68/><T20/><D5/><U57/><E118/><V32/><AGARI ba="2,0" hai="32,35,38,43,44,59,63,67,77,81,83,85,87,89" machi="32" ten="30,1100,0" yaku="0,1" doraHai="129" who="2" fromWho="2" sc="382,-7,191,-5,182,17,245,-5" /><INIT seed="5,0,0,1,0,117" ten="375,186,199,240" oya="1" hai0="52,53,77,36,110,129,132,4,123,60,55,16,7" hai1="118,102,105,125,65,21,90,88,57,127,75,86,103" hai2="29,122,130,121,28,114,59,69,47,134,44,112,93" hai3="38,20,92,49,74,71,19,111,27,91,2,133,62"/><U116/><E57/><V46/><F69/><W31/><G111/><T119/><D36/><U0/><E65/><V84/><F130/><W34/><G38/><T43/><D43/><U35/><E21/><V81/><F93/><W25/><G74/><T3/><D3/><U51/><E51/><V24/><F134/><W83/><G83/><T68/><D119/><N who="1" m="45611" /><E35/><V66/><F59/><W124/><G124/><N who="1" m="47690" /><E0/><V11/><F11/><W22/><G2/><T128/><D55/><U54/><E54/><V94/><F94/><W72/><G133/><T5/><D132/><U63/><E63/><V41/><F66/><W104/><G49/><T30/><D30/><U126/><E75/><V135/><F135/><W109/><G72/><T100/><D60/><U95/><N who="1" m="47698" /><U96/><DORA hai="107" /><E105/><V97/><F41/><W80/><G104/><T120/><D52/><U10/><E10/><V85/><F24/><W13/><G71/><T58/><D68/><U33/><E33/><V9/><F9/><W113/><G34/><T26/><D53/><U50/><E50/><V87/><F81/><AGARI ba="0,0" hai="81,86,88,90,95,96,102,103" m="47698,45611" machi="81" ten="40,12000,1" yaku="18,1,34,2,54,1" doraHai="117,107" who="1" fromWho="2" sc="375,0,186,120,199,-120,240,0" /><INIT seed="5,1,0,5,3,110" ten="375,306,79,240" oya="1" hai0="56,28,58,83,32,25,70,76,7,82,92,112,55" hai1="13,53,109,85,21,19,49,122,24,98,2,129,96" hai2="51,91,48,75,84,9,59,135,123,131,40,18,79" hai3="74,5,81,54,52,128,104,106,44,118,111,100,130"/><U103/><E2/><V132/><F123/><W93/><G5/><T46/><D70/><U94/><E109/><V41/><F79/><N who="3" m="44279" /><G118/><T15/><D112/><U37/><E37/><V65/><F75/><W62/><G111/><T61/><D46/><U35/><E122/><V67/><F131/><N who="3" m="50219" /><G62/><T86/><D92/><U101/><E129/><V77/><F77/><W127/><G127/><T11/><D83/><U26/><E35/><V10/><F18/><W72/><G72/><T29/><D29/><U71/><E85/><V97/><F97/><N who="3" m="59439" /><G44/><T43/><D43/><U45/><REACH who="1" step="1"/><E71/><REACH who="1" ten="375,296,79,240" step="2"/><V30/><F84/><W113/><G113/><T116/><D116/><U27/><E27/><V42/><F132/><W133/><G133/><T3/><D3/><U124/><E124/><V31/><F135/><W114/><G114/><T117/><D117/><U89/><E89/><V121/><F91/><W12/><G12/><T39/><D39/><U23/><E23/><V102/><F121/><W108/><G108/><T4/><D32/><U34/><E34/><V66/><F102/><W95/><G95/><AGARI ba="1,1" hai="13,19,21,24,26,45,49,53,94,95,96,98,101,103" machi="95" ten="30,11600,0" yaku="1,1,7,1,9,1,8,1,53,0" doraHai="110" doraHaiUra="78" who="1" fromWho="3" sc="375,0,296,129,79,0,240,-119" /><INIT seed="5,2,0,0,1,9" ten="375,425,79,121" oya="1" hai0="126,123,103,83,67,37,127,22,84,60,74,44,131" hai1="111,49,34,18,4,104,42,115,76,117,50,122,86" hai2="35,43,27,130,112,78,13,41,93,53,21,97,7" hai3="87,10,79,36,62,40,102,99,24,68,15,134,52"/><U109/><E117/><V0/><F0/><W39/><G134/><T32/><D32/><U29/><E104/><V56/><F35/><W107/><G40/><T6/><D74/><U48/><E122/><V38/><F38/><W110/><G110/><N who="1" m="41994" /><E4/><V135/><F78/><W91/><G79/><T11/><D123/><U72/><E72/><V94/><F135/><W73/><G73/><T30/><D131/><U12/><E115/><V46/><F130/><W23/><G68/><T51/><D37/><U98/><E98/><V64/><F64/><W58/><G23/><T55/><D103/><U113/><E113/><V108/><F46/><W28/><G28/><T95/><D30/><U128/><E128/><V132/><F94/><W57/><G24/><T8/><D95/><U19/><E19/><N who="2" m="12735" /><F112/><W17/><G58/><T90/><D22/><N who="1" m="11591" /><E42/><V5/><F5/><W106/><G106/><T77/><D6/><U20/><E34/><V3/><F3/><W70/><G70/><T85/><D127/><U124/><E124/><V25/><F108/><W63/><G39/><T26/><D126/><U121/><E121/><V129/><F25/><W89/><G36/><T47/><D26/><N who="1" m="16583" /><E76/><V133/><F129/><W125/><G125/><T100/><D100/><U59/><E86/><V31/><F31/><W71/><G87/><T33/><D33/><U101/><E101/><N who="2" m="60591" /><F132/><W1/><G1/><T119/><D119/><U80/><E80/><V2/><F2/><W66/><AGARI ba="2,0" hai="10,15,17,52,57,62,63,66,71,89,91,99,102,107" machi="66" ten="30,4000,0" yaku="0,1,52,1,54,1" doraHai="9" who="3" fromWho="3" sc="375,-12,425,-22,79,-12,121,46" /><INIT seed="6,0,0,3,1,79" ten="363,403,67,167" oya="2" hai0="56,74,112,97,44,73,59,48,114,38,4,83,63" hai1="13,104,130,3,42,71,110,55,53,115,88,76,78" hai2="52,58,57,27,135,126,14,47,128,37,111,51,6" hai3="21,108,26,2,118,18,121,29,68,101,127,17,25"/><V132/><F111/><W62/><G101/><T84/><D38/><U67/><E3/><V1/><F1/><W33/><G68/><T123/><D123/><U61/><E110/><V40/><F27/><W82/><G108/><T103/><D4/><U7/><E104/><V60/><F6/><W116/><G121/><T64/><D56/><U10/><E42/><V105/><F105/><W119/><G62/><T24/><D24/><U89/><E130/><V117/><F14/><W35/><G82/><T54/><D114/><U49/><E55/><N who="2" m="33855" /><F117/><W50/><G50/><T34/><D34/><N who="3" m="12809" /><G127/><T75/><D112/><U102/><E102/><V39/><F126/><W129/><G129/><T31/><D31/><U107/><E107/><V120/><F120/><W69/><G69/><T30/><D30/><U11/><E11/><V66/><F128/><W72/><G72/><T43/><D103/><U70/><E70/><V0/><F0/><W46/><G2/><T5/><D5/><U80/><E115/><V91/><F91/><W28/><G46/><T8/><D8/><U99/><E78/><V93/><F93/><W131/><G131/><T100/><D100/><U122/><E122/><V109/><F109/><W23/><AGARI ba="0,0" hai="17,18,21,23,25,26,28,29,116,118,119" m="12809" machi="23" ten="40,2700,0" yaku="34,2" doraHai="79" who="3" fromWho="3" sc="363,-7,403,-7,67,-13,167,27" /><INIT seed="7,0,0,5,2,41" ten="356,396,54,194" oya="3" hai0="65,89,66,94,12,52,11,38,5,35,60,30,132" hai1="27,59,71,84,119,101,1,33,58,76,48,7,77" hai2="70,96,134,18,68,55,117,111,8,90,54,87,57" hai3="13,6,99,127,50,32,92,85,15,130,100,25,21"/><W120/><G32/><T40/><D132/><U126/><E71/><V83/><F111/><W51/><G120/><T69/><D35/><U23/><E33/><V108/><F108/><W121/><G127/><T63/><D30/><U135/><E119/><V9/><F134/><W34/><G34/><T91/><D38/><U102/><E135/><V53/><F117/><W44/><G51/><T62/><D40/><U56/><E1/><V129/><F129/><W75/><G75/><T17/><D91/><U80/><E7/><V128/><F128/><W81/><G6/><T97/><D69/><U133/><E133/><V16/><F57/><W123/><G130/><T24/><D52/><U4/><E4/><V39/><F39/><W114/><G114/><T49/><D49/><U31/><E126/><V122/><F122/><W109/><G109/><T125/><D125/><U95/><E77/><V78/><F70/><W82/><G82/><T98/><D98/><N who="1" m="59615" /><E102/><V74/><F68/><W2/><G2/><T61/><N who="0" m="15360" /><DORA hai="124" /><T72/><D72/><U112/><E112/><V43/><F43/><W47/><G50/><AGARI ba="0,0" hai="23,27,31,48,50,56,58,59,76,80,84" m="59615" machi="50" ten="30,1000,0" yaku="8,1" doraHai="41,124" who="1" fromWho="3" sc="356,0,396,10,54,0,194,-10" owari="356,16.0,406,51.0,54,-45.0,184,-22.0" /></mjloggm>