<mjloggm ver="2.3"><GO type="169" lobby="0"/><UN n0="%E3%81%84%E3%81%9F%E3%83%92%E3%83%AD" n1="%E5%B0%B1%E6%B4%BB%E7%94%9F%40%E5%B7%9D%E6%9D%91%E8%BB%8D%E5%9B%A3" n2="%E9%AE%AB%E5%B3%B6%E5%AE%8F%E6%98%8C%CE%B1" n3="%68%61%7A%75%6B%69%38%39" dan="16,18,16,16" rate="2121.10,2266.06,2086.13,2103.28" sx="M,M,M,F"/><TAIKYOKU oya="0"/><INIT seed="0,0,0,0,2,10" ten="250,250,250,250" oya="0" hai0="54,43,1,127,87,134,73,101,22,108,49,121,130" hai1="103,126,31,24,71,15,111,119,133,33,100,74,11" hai2="135,56,55,53,125,45,79,110,122,28,106,52,34" hai3="13,97,93,47,36,44,123,95,30,46,17,59,60"/><T99/><D73/><U78/><E71/><V124/><F106/><W27/><G123/><T75/><D75/><U4/><E119/><V131/><F122/><W116/><G116/><T82/><D121/><U41/><E126/><N who="2" m="48747" /><F79/><W68/><G68/><T16/><D1/><U114/><E114/><V32/><F110/><W81/><G81/><T6/><D6/><U0/><E111/><V51/><F135/><W50/><G36/><T77/><D134/><U20/><E133/><V14/><F131/><W62/><G93/><T118/><D118/><U129/><E129/><V57/><F28/><W25/><G50/><T21/><D130/><U12/><E41/><N who="2" m="25007" /><F14/><W2/><G2/><T37/><D127/><U76/><E33/><AGARI ba="0,0" hai="32,33,34,52,53,55,56,57" m="25007,48747" machi="33" ten="40,2600,0" yaku="18,1,54,1" doraHai="10" who="2" fromWho="1" sc="250,0,250,-26,250,26,250,0" /><INIT seed="1,0,0,4,3,86" ten="250,224,276,250" oya="1" hai0="93,102,98,71,54,84,92,113,82,27,64,77,101" hai1="94,117,24,133,11,125,79,61,43,60,33,132,15" hai2="16,111,114,32,47,87,3,70,57,100,80,44,45" hai3="22,95,38,40,128,5,26,109,41,72,67,9,29"/><U13/><E117/><V110/><F32/><W131/><G72/><T88/><D113/><U118/><E118/><V83/><F3/><W130/><G38/><T58/><D71/><U97/><E79/><V123/><F123/><W65/><G109/><N who="2" m="41481" /><F70/><W39/><G39/><T48/><D64/><N who="3" m="24649" /><G95/><T49/><D27/><U104/><E104/><V12/><F114/><W66/><N who="3" m="24657" /><W124/><DORA hai="14" /><G124/><T55/><REACH who="0" step="1"/><D93/><REACH who="0" ten="240,224,276,250" step="2"/><U4/><E125/><V81/><F57/><AGARI ba="0,1" hai="48,49,54,55,57,58,77,82,84,88,92,98,101,102" machi="57" ten="30,16000,3" yaku="1,1,2,1,7,1,9,1,8,1,52,1,54,1,53,2" doraHai="86,14" doraHaiUra="53,59" who="0" fromWho="2" sc="240,170,224,0,276,-160,250,0" /><INIT seed="2,0,0,2,0,91" ten="410,224,116,250" oya="2" hai0="89,134,109,88,55,28,13,129,108,111,44,67,19" hai1="51,116,123,127,57,9,115,84,56,132,8,75,36" hai2="107,66,22,42,62,18,87,79,70,6,53,119,34" hai3="20,82,30,5,103,83,117,68,40,128,105,14,121"/><V69/><F107/><W118/><G68/><T98/><D134/><U31/><E36/><V131/><F119/><W49/><G121/><T78/><D129/><U16/><E75/><V32/><F131/><W63/><G128/><T93/><D78/><U48/><E116/><V21/><F6/><W33/><G33/><T17/><D28/><U52/><E115/><V99/><F42/><W60/><G105/><T96/><D67/><U11/><E31/><V92/><F69/><W54/><G40/><T41/><D55/><N who="1" m="31847" /><E123/><V2/><F2/><W97/><G117/><T37/><D13/><N who="1" m="7207" /><E127/><V124/><F124/><W58/><G63/><T86/><D98/><U43/><E132/><V112/><F112/><W39/><G39/><T114/><D114/><U46/><E84/><V35/><F53/><W45/><G30/><T94/><AGARI ba="0,0" hai="17,19,37,41,44,86,88,89,93,94,96,108,109,111" machi="94" ten="40,8000,1" yaku="0,1,14,1,52,2,54,1" doraHai="91" who="0" fromWho="0" sc="410,80,224,-20,116,-40,250,-20" /><INIT seed="3,0,0,0,5,59" ten="490,204,76,230" oya="3" hai0="25,122,83,62,102,37,104,115,92,73,81,103,35" hai1="88,97,123,121,120,1,126,135,70,43,24,98,26" hai2="45,46,22,124,5,4,127,9,28,40,129,131,60" hai3="8,108,68,36,51,17,118,130,75,16,96,99,107"/><W42/><G118/><T128/><D37/><U61/><E1/><V29/><F40/><W110/><G75/><T56/><D122/><U72/><E72/><V132/><F46/><N who="3" m="26071" /><G36/><T12/><D104/><U76/><E76/><V87/><F45/><W32/><G32/><T116/><D128/><N who="2" m="49226" /><F87/><W18/><G130/><T86/><D116/><U91/><E43/><V41/><F41/><W13/><G68/><T6/><D115/><U82/><E126/><N who="2" m="48171" /><F60/><W67/><G67/><T38/><D38/><U105/><E82/><V53/><F53/><W71/><G71/><T0/><D0/><U48/><E48/><V49/><F49/><W79/><G79/><T133/><D73/><U77/><E77/><V69/><F69/><W15/><G107/><T63/><D83/><U113/><E70/><V109/><F109/><N who="3" m="42091" /><G15/><T34/><D12/><U31/><E120/><V30/><F132/><W66/><G66/><T114/><D133/><U65/><E65/><V64/><F64/><W21/><G21/><T101/><D34/><U44/><E135/><V80/><F80/><W95/><G99/><T57/><D35/><U117/><E121/><V2/><F5/><W47/><G47/><T100/><D6/><U93/><E44/><V33/><F33/><W55/><G55/><T85/><D86/><U20/><E98/><V39/><F39/><W54/><G54/><T78/><D85/><U58/><E97/><V14/><F2/><W10/><G13/><T84/><D84/><U119/><E123/><V89/><F89/><AGARI ba="0,0" hai="8,10,16,17,18,89,95,96" m="42091,26071" machi="89" ten="30,5800,0" yaku="14,1,10,1,54,1" doraHai="59" who="3" fromWho="2" sc="490,0,204,0,76,-58,230,58" /><INIT seed="3,1,0,2,4,34" ten="490,204,18,288" oya="3" hai0="85,122,52,28,46,114,113,11,97,54,37,126,23" hai1="117,78,127,86,120,91,124,115,10,134,93,39,30" hai2="50,53,60,106,128,65,22,35,125,7,61,43,59" hai3="18,109,62,121,105,108,4,9,77,84,58,71,55"/><W67/><G105/><T95/><D126/><N who="1" m="48171" /><E39/><V81/><F106/><W14/><G121/><T104/><D122/><U13/><E115/><V98/><F35/><W56/><G55/><T110/><D110/><N who="3" m="42601" /><G18/><T129/><D129/><U12/><E120/><V26/><F125/><W44/><G44/><T72/><D72/><U0/><E134/><V36/><F128/><W64/><G67/><T48/><D104/><U112/><E112/><V31/><F7/><W133/><G133/><T92/><D114/><U80/><E30/><V68/><F81/><AGARI ba="1,0" hai="4,9,14,56,58,62,64,71,77,81,84" m="42601" machi="81" ten="30,2900,0" yaku="14,1,10,1" doraHai="34" who="3" fromWho="2" sc="490,0,204,0,18,-32,288,32" owari="490,59.0,204,-20.0,-14,-51.0,320,12.0" /></mjloggm>