<mjloggm ver="2.3"><GO type="169" lobby="0"/><UN n0="%E3%81%A9%E3%82%93%E3%82%88%E3%81%8F" n1="%E3%81%91%E3%82%93%31%39%37%30" n2="%E3%83%A9%E3%83%83%E3%82%AD%E3%83%BC%E3%83%89%E3%83%83%E3%82%B0" n3="%E3%82%A6%E3%83%AB%E3%83%88%E3%83%A9%E7%AB%8B%E7%9B%B4" dan="17,17,16,17" rate="2143.95,2157.12,2103.12,2194.06" sx="M,M,M,M"/><TAIKYOKU oya="0"/><INIT seed="0,0,0,5,4,107" ten="250,250,250,250" oya="0" hai0="94,128,76,45,125,68,36,126,98,39,25,133,103" hai1="62,71,6,129,14,84,26,1,38,20,80,3,100" hai2="132,51,21,120,29,50,78,89,131,82,57,10,11" hai3="28,44,60,66,22,114,43,96,102,118,110,12,95"/><T134/><D68/><U32/><E38/><V53/><F120/><W83/><G110/><T130/><D25/><U97/><E129/><N who="0" m="49769" /><D76/><U104/><E14/><V85/><F132/><N who="0" m="50794" /><D45/><U119/><E119/><V77/><F131/><W115/><G118/><T49/><D49/><U91/><E6/><V24/><F51/><W33/><G33/><T106/><D106/><U27/><E27/><V59/><F59/><N who="3" m="37151" /><G12/><T112/><D112/><U74/><E32/><V124/><F78/><W56/><G56/><T109/><D109/><U54/><E71/><V121/><F121/><W55/><G43/><T105/><D105/><U13/><E13/><V73/><F73/><W58/><G44/><T23/><D23/><U122/><E74/><V15/><F77/><W9/><G22/><T5/><D5/><U41/><E122/><V88/><F11/><W64/><G9/><T108/><D108/><U48/><E41/><V34/><F34/><W17/><G115/><T75/><D75/><U81/><E62/><V127/><REACH who="2" step="1"/><F89/><REACH who="2" ten="250,250,240,250" step="2"/><W70/><G114/><T61/><D61/><U52/><E48/><V111/><F111/><W47/><G70/><T90/><D90/><U87/><E91/><V2/><F2/><W101/><G58/><T16/><D16/><AGARI ba="0,1" hai="10,15,16,21,24,29,50,53,57,82,85,88,124,127" machi="16" ten="40,5200,0" yaku="1,1,54,2,53,0" doraHai="107" doraHaiUra="0" who="2" fromWho="0" sc="250,-52,250,0,240,62,250,0" /><INIT seed="1,0,0,0,1,31" ten="198,250,302,250" oya="1" hai0="135,113,46,79,78,87,74,86,114,91,41,15,89" hai1="131,11,27,35,80,17,62,127,133,39,16,120,5" hai2="50,48,92,33,119,83,56,25,3,10,49,54,105" hai3="2,26,21,72,111,57,8,106,70,69,122,28,12"/><U19/><E39/><V93/><F105/><W51/><G72/><T112/><D135/><U36/><E120/><V60/><F119/><W84/><G106/><T124/><D74/><U117/><E36/><V4/><REACH who="2" step="1"/><F83/><REACH who="2" ten="198,250,292,250" step="2"/><W82/><G82/><T40/><D124/><U45/><E117/><V20/><F20/><W1/><G21/><T42/><D46/><U118/><E118/><V68/><F68/><W38/><G69/><T53/><D15/><U104/><E104/><V24/><F24/><W66/><G70/><T75/><D75/><U18/><E127/><V58/><F58/><W99/><G57/><T61/><D61/><U90/><E62/><V29/><AGARI ba="0,1" hai="3,4,10,25,29,33,48,49,50,54,56,60,92,93" machi="29" ten="30,4000,0" yaku="1,1,0,1,52,1,53,0" doraHai="31" doraHaiUra="77" who="2" fromWho="2" sc="198,-10,250,-20,292,50,250,-10" /><INIT seed="2,0,0,5,4,10" ten="188,230,342,240" oya="2" hai0="82,83,126,85,15,69,8,26,99,30,78,52,134" hai1="43,106,86,80,22,32,127,60,68,25,40,121,17" hai2="130,35,0,133,119,20,89,131,124,120,18,123,5" hai3="62,117,29,47,108,59,95,111,2,73,1,98,44"/><V104/><F104/><W50/><G73/><T64/><D126/><U84/><E106/><V92/><F119/><W122/><G29/><T11/><D134/><U109/><E127/><V42/><F42/><W66/><G122/><T88/><D69/><U38/><E121/><V97/><F124/><W76/><G76/><T49/><D64/><U113/><E113/><V125/><F125/><W27/><G27/><T118/><D118/><U56/><E68/><V48/><F48/><W37/><G37/><T96/><D8/><U110/><E32/><V41/><F41/><N who="3" m="24847" /><G47/><N who="0" m="27711" /><D26/><U87/><E80/><V6/><F133/><W51/><G51/><T13/><D30/><U70/><E70/><V9/><F5/><W7/><G7/><T135/><D135/><U61/><E38/><V116/><F116/><W75/><G75/><T79/><D15/><U72/><E72/><V53/><F35/><W14/><G14/><T33/><D33/><U65/><REACH who="1" step="1"/><E61/><REACH who="1" ten="188,220,342,240" step="2"/><V77/><F120/><W100/><G117/><T115/><D115/><U107/><E107/><V132/><F123/><W129/><G129/><T3/><D3/><U58/><E58/><V57/><F130/><W63/><G63/><T114/><D114/><U103/><E103/><V12/><F131/><W39/><G39/><T128/><D128/><U45/><E45/><V90/><F132/><W101/><G101/><T94/><D83/><U28/><E28/><V19/><F57/><W81/><G81/><T91/><D99/><U23/><E23/><N who="2" m="11719" /><F97/><W24/><G1/><T55/><D55/><U102/><E102/><V36/><F36/><RYUUKYOKU ba="0,1" sc="188,15,220,15,342,-15,240,-15" hai0="11,13,78,79,82,85,88,91,94,96" hai1="17,22,25,40,43,56,60,65,84,86,87,109,110" /><INIT seed="3,1,1,2,4,100" ten="203,235,327,225" oya="3" hai0="48,131,21,13,89,87,40,103,96,77,85,91,117" hai1="93,38,79,54,8,0,22,12,11,83,66,43,47" hai2="99,59,72,107,68,20,35,78,69,90,51,116,81" hai3="132,76,108,52,92,121,70,135,18,57,4,56,105"/><W80/><G70/><T114/><D117/><U125/><E125/><V30/><F116/><W71/><G71/><T46/><D131/><U50/><E66/><V61/><F35/><W110/><G4/><T53/><D114/><U109/><E109/><N who="3" m="42090" /><G121/><T86/><D77/><U15/><E93/><V55/><F51/><N who="3" m="30751" /><G105/><T58/><D21/><U23/><E0/><V98/><F68/><W134/><G92/><T64/><D64/><U60/><E60/><V10/><F69/><W88/><G57/><T94/><REACH who="0" step="1"/><D13/><REACH who="0" ten="193,235,327,225" step="2"/><U65/><E15/><V112/><F112/><W122/><G122/><T26/><D26/><U128/><E12/><V123/><F123/><W36/><G36/><AGARI ba="1,2" hai="36,40,46,48,53,58,85,86,87,89,91,94,96,103" machi="36" ten="40,1300,0" yaku="1,1,53,0" doraHai="100" doraHaiUra="101" who="0" fromWho="3" sc="193,36,235,0,327,0,225,-16" /><INIT seed="4,0,0,1,0,17" ten="229,235,327,209" oya="0" hai0="57,82,32,84,124,58,116,20,71,131,110,91,52" hai1="99,31,85,98,78,24,115,64,61,16,109,95,108" hai2="111,47,22,118,30,127,2,36,41,1,122,105,15" hai3="11,3,97,12,132,79,107,34,59,23,54,102,55"/><T112/><D116/><U53/><E53/><V6/><F105/><W33/><G132/><T4/><D32/><U75/><E75/><V83/><F122/><W49/><G79/><T133/><D133/><U62/><E115/><V35/><F118/><W76/><G3/><T101/><D112/><U46/><E46/><V125/><F111/><W128/><G128/><T104/><D131/><U93/><E78/><V29/><F83/><W86/><G76/><T103/><D71/><U73/><E85/><V106/><F106/><W14/><G86/><T92/><D104/><U114/><E73/><V96/><F96/><W69/><G69/><T18/><D4/><U87/><E87/><V134/><F134/><W129/><G129/><T10/><D10/><U123/><E114/><V121/><F121/><W120/><G120/><T50/><D124/><N who="2" m="47690" /><F35/><W45/><G14/><N who="0" m="9303" /><D110/><U130/><E130/><V21/><F21/><W70/><G70/><T28/><D28/><N who="2" m="10858" /><F22/><W25/><G12/><T80/><D58/><U39/><E123/><V77/><F77/><W63/><REACH who="3" step="1"/><G11/><AGARI ba="0,0" hai="1,2,6,11,15,36,41,47" m="10858,47690" machi="11" ten="30,1000,0" yaku="18,1" doraHai="17" who="2" fromWho="3" sc="229,0,235,0,327,10,209,-10" /><INIT seed="5,0,0,4,5,125" ten="229,235,337,199" oya="1" hai0="58,104,100,133,45,98,22,5,42,130,82,110,73" hai1="87,94,79,126,119,8,6,114,30,27,13,97,39" hai2="85,48,26,36,128,52,21,4,124,23,38,56,76" hai3="111,134,43,88,120,53,69,10,83,37,32,129,68"/><U46/><E119/><V59/><F124/><W84/><G32/><T91/><D110/><U49/><E126/><V72/><F72/><W132/><G120/><T29/><D133/><N who="3" m="51305" /><G111/><T101/><D101/><U70/><E114/><V54/><F4/><W103/><G103/><T86/><D5/><U71/><E39/><V18/><F128/><W66/><G66/><T77/><D58/><U33/><E79/><V31/><F85/><W25/><G25/><T65/><D65/><U14/><E14/><V34/><F76/><W47/><G10/><T117/><D117/><U92/><E87/><V75/><F75/><W9/><G9/><T63/><D63/><U60/><E60/><V78/><F78/><W2/><G2/><T15/><D15/><U11/><E11/><V115/><F115/><W107/><G107/><T116/><D116/><U62/><E62/><V35/><F35/><W102/><G102/><T55/><D22/><U17/><E6/><V109/><F109/><W7/><G7/><T74/><D74/><U127/><E127/><V123/><F123/><W96/><G96/><T105/><D105/><U51/><E97/><V57/><F34/><W99/><G99/><T113/><D113/><U112/><E112/><V24/><REACH who="2" step="1"/><F59/><REACH who="2" ten="229,235,327,199" step="2"/><W19/><G129/><T40/><D130/><U90/><E33/><V16/><F16/><W118/><G118/><T131/><D131/><U50/><E17/><V12/><F12/><W41/><G19/><T135/><D135/><U0/><E0/><V1/><F1/><W3/><G3/><T64/><D100/><U67/><E13/><RYUUKYOKU ba="0,1" sc="229,-10,235,-10,327,30,199,-10" hai2="18,21,23,24,26,31,36,38,48,52,54,56,57" /><INIT seed="6,1,1,4,4,80" ten="219,225,357,189" oya="2" hai0="32,117,37,125,29,64,115,47,113,121,46,48,97" hai1="9,26,0,85,31,40,95,44,5,45,111,68,90" hai2="25,60,96,16,4,134,20,130,15,131,103,93,116" hai3="70,110,18,52,6,50,30,12,1,133,39,75,99"/><V72/><F72/><W104/><G39/><T65/><D121/><U91/><E111/><V106/><F116/><W87/><G70/><T58/><D117/><U33/><E68/><V3/><F134/><W36/><G36/><T123/><D123/><U114/><E114/><N who="0" m="43529" /><D125/><U43/><E45/><N who="0" m="16905" /><D37/><U11/><E44/><V67/><F3/><W19/><G75/><T77/><D77/><U126/><E126/><V55/><F55/><W107/><G1/><T84/><D84/><U122/><E122/><V83/><F83/><W119/><G119/><T27/><D97/><U92/><E9/><V108/><F108/><W35/><G87/><AGARI ba="1,1" hai="0,5,11,26,31,33,40,43,85,87,90,91,92,95" machi="87" ten="30,7700,0" yaku="7,1,9,1,52,2" doraHai="80" who="1" fromWho="3" sc="219,0,225,90,357,0,189,-80" /><INIT seed="7,0,0,5,3,104" ten="219,315,357,109" oya="3" hai0="90,71,72,102,17,112,33,12,87,97,48,80,75" hai1="31,86,25,1,131,81,52,116,58,43,54,36,106" hai2="9,53,50,15,14,133,127,67,113,117,132,5,126" hai3="66,123,56,49,103,118,73,11,115,120,29,28,57"/><W105/><G118/><T65/><D33/><U55/><E1/><V23/><F67/><W109/><G105/><T84/><D112/><U111/><E111/><V62/><F62/><W110/><G103/><T0/><D0/><U24/><E106/><V68/><F68/><W10/><G49/><T76/><D65/><U77/><E131/><V101/><F101/><W125/><G66/><T38/><D71/><U89/><E25/><V44/><F113/><W83/><G83/><T4/><D4/><U92/><E43/><V78/><F78/><W20/><G115/><T124/><D124/><N who="2" m="47658" /><F117/><W21/><REACH who="3" step="1"/><G125/><REACH who="3" ten="219,315,357,99" step="2"/><T2/><D38/><U98/><E36/><V51/><F51/><W74/><AGARI ba="0,1" hai="10,11,20,21,28,29,56,57,73,74,109,110,120,123" machi="74" ten="25,18000,2" yaku="1,1,2,1,0,1,22,2,52,2,53,0" doraHai="104" doraHaiUra="60" who="3" fromWho="3" sc="219,-60,315,-60,357,-60,99,190" /><INIT seed="7,1,0,1,0,125" ten="159,255,297,289" oya="3" hai0="49,98,110,70,67,134,126,47,95,121,109,113,43" hai1="57,60,101,115,42,74,122,31,20,112,80,93,75" hai2="108,37,91,44,46,38,41,123,39,36,90,5,129" hai3="52,19,4,133,23,12,18,68,40,124,17,111,81"/><W6/><G68/><T50/><D121/><U118/><E122/><V28/><F108/><W15/><G124/><T66/><D126/><U1/><E1/><V9/><F129/><W107/><G107/><T63/><D134/><U35/><E35/><V76/><F123/><W3/><G3/><T88/><D113/><N who="1" m="43595" /><E42/><V116/><F116/><W96/><G40/><T32/><D32/><U132/><E118/><V106/><F106/><W82/><G133/><T97/><D67/><N who="1" m="39311" /><E80/><N who="3" m="30826" /><G111/><T34/><D34/><U72/><E132/><V53/><F76/><W86/><G86/><T13/><D13/><N who="3" m="5193" /><G96/><T69/><D69/><U59/><E59/><V71/><F71/><W104/><G104/><T79/><D79/><U56/><E56/><V10/><F28/><W120/><G120/><T94/><REACH who="0" step="1"/><D50/><REACH who="0" ten="149,255,297,289" step="2"/><U61/><E61/><V33/><F33/><W11/><G4/><T87/><D87/><U92/><E101/><AGARI ba="1,1" hai="43,47,49,63,66,70,88,94,95,97,98,101,109,110" machi="101" ten="30,7700,0" yaku="1,1,7,1,54,1,53,1" doraHai="125" doraHaiUra="58" who="0" fromWho="1" sc="149,90,255,-80,297,0,289,0" /><INIT seed="8,0,0,1,0,1" ten="239,175,297,289" oya="0" hai0="13,0,74,31,53,122,27,97,25,108,9,11,104" hai1="56,83,75,110,60,119,26,124,77,17,94,79,126" hai2="85,4,69,37,99,48,7,111,100,115,113,63,93" hai3="72,42,38,41,50,96,47,106,46,103,71,121,131"/><T36/><D122/><U54/><E110/><V23/><F37/><W15/><G71/><T21/><D74/><U91/><E119/><V14/><F111/><W66/><G72/><T81/><D108/><U35/><E79/><V34/><F34/><W55/><G66/><T39/><D81/><U116/><E116/><V109/><F109/><W132/><G131/><T2/><D2/><U117/><E117/><V90/><F48/><W95/><G132/><T134/><D134/><U24/><E35/><V129/><F129/><W112/><G112/><T44/><D0/><U12/><E126/><V125/><F125/><W84/><G121/><T78/><D78/><U133/><E133/><V135/><F135/><W107/><G84/><T89/><D9/><U65/><E65/><V52/><F69/><W123/><G123/><T118/><D27/><U68/><E68/><V51/><F63/><W57/><G15/><T105/><D118/><U80/><E80/><N who="2" m="49447" /><F115/><W43/><G43/><T30/><D30/><U128/><E128/><V22/><F113/><W19/><G19/><T88/><D104/><U3/><E3/><V49/><F49/><AGARI ba="0,0" hai="38,41,42,46,47,49,50,55,57,95,96,103,106,107" machi="49" ten="30,1000,0" yaku="7,1" doraHai="1" who="3" fromWho="2" sc="239,0,175,0,297,-10,289,10" /><INIT seed="9,0,0,4,4,80" ten="239,175,287,299" oya="1" hai0="93,40,113,100,22,39,95,84,4,7,82,34,31" hai1="132,2,86,51,117,52,105,101,29,71,87,23,35" hai2="42,79,126,62,57,131,120,41,89,81,135,14,77" hai3="111,76,46,83,13,72,116,109,92,133,73,60,54"/><U74/><E74/><V58/><F120/><W63/><G73/><T121/><D34/><U91/><E71/><V15/><F126/><W27/><G63/><T90/><D121/><U45/><E35/><V3/><F3/><W59/><G133/><T61/><D113/><U53/><E2/><V49/><F131/><W47/><G116/><T102/><D39/><U16/><E29/><V1/><F1/><W118/><G118/><T124/><D124/><U48/><E117/><V11/><F14/><W26/><G47/><T19/><D40/><N who="2" m="15466" /><F49/><W28/><G27/><T88/><D31/><U5/><E132/><V75/><F75/><W21/><G46/><T6/><D61/><U43/><E5/><N who="2" m="3567" /><F58/><W67/><G54/><N who="1" m="21098" /><E105/><V65/><F135/><W70/><G70/><T68/><D68/><U17/><E101/><N who="0" m="39017" /><D90/><U94/><E51/><V32/><F32/><W69/><G69/><T123/><D123/><U10/><E10/><V128/><F128/><W122/><G122/><T115/><D115/><U108/><E108/><V125/><F125/><W38/><G38/><T37/><D37/><U33/><E33/><V66/><F66/><W12/><G109/><T30/><D30/><U134/><E134/><V0/><F0/><W98/><G111/><T110/><D110/><U50/><E50/><V8/><F8/><W78/><G78/><T55/><D55/><U114/><E114/><V36/><F36/><W44/><G44/><T130/><D130/><U119/><E119/><V103/><F103/><AGARI ba="0,0" hai="12,13,21,26,28,59,60,67,72,76,83,92,98,103" machi="103" ten="30,3900,0" yaku="7,1,25,2" doraHai="80" who="3" fromWho="2" sc="239,0,175,0,287,-39,299,39" owari="239,-16.0,175,-32.0,248,5.0,338,43.0" /></mjloggm>