<mjloggm ver="2.3"><GO type="169" lobby="0"/><UN n0="%47%E9%9B%80" n1="%E3%81%BE%E3%81%82%E3%81%BC%E3%81%86%E5%A4%A7%E4%BD%90" n2="%E5%B0%B1%E6%B4%BB%E7%94%9F%40%E5%B7%9D%E6%9D%91%E8%BB%8D%E5%9B%A3" n3="%73%69%6E%73%69%73%74" dan="17,16,19,18" rate="2222.74,2096.65,2345.63,2196.88" sx="M,F,M,M"/><TAIKYOKU oya="0"/><INIT seed="0,0,0,2,0,84" ten="250,250,250,250" oya="0" hai0="34,68,79,134,47,33,29,54,52,99,123,82,113" hai1="120,9,77,93,91,19,119,109,104,122,10,36,76" hai2="73,86,83,50,85,18,112,8,128,46,25,108,78" hai3="40,97,71,67,105,96,59,130,1,107,0,11,21"/><T81/><D123/><U121/><E119/><V70/><F112/><W58/><G71/><T63/><D113/><U64/><E104/><V132/><F70/><W44/><G21/><T74/><D134/><U24/><E109/><V13/><F132/><W111/><G44/><T16/><D29/><U125/><E125/><V32/><F108/><W103/><G111/><T57/><D68/><U56/><E36/><V22/><F32/><W5/><G67/><T41/><D54/><U88/><E122/><V28/><REACH who="2" step="1"/><F128/><REACH who="2" ten="250,250,240,250" step="2"/><W115/><G130/><T90/><D33/><U6/><E121/><V15/><F15/><W20/><G0/><T37/><D34/><U49/><E120/><V23/><F23/><W51/><G20/><T55/><D55/><AGARI ba="0,1" hai="8,13,18,22,25,28,46,50,55,73,78,83,85,86" machi="55" ten="30,2000,0" yaku="1,1,7,1,53,0" doraHai="84" doraHaiUra="2" who="2" fromWho="0" sc="250,-20,250,0,240,30,250,0" /><INIT seed="1,0,0,1,1,120" ten="230,250,270,250" oya="1" hai0="53,15,79,42,7,98,135,118,26,121,49,92,76" hai1="85,18,6,119,86,77,132,126,58,45,34,67,122" hai2="134,5,78,35,100,131,91,63,94,57,129,61,12" hai3="14,110,66,113,47,54,125,90,109,124,102,116,50"/><U83/><E122/><V133/><F35/><W82/><G113/><T38/><D38/><U112/><E112/><V36/><F36/><W22/><G102/><T60/><D121/><U13/><E119/><V106/><F5/><W65/><G116/><T73/><D73/><U127/><E132/><N who="2" m="50795" /><F12/><W111/><G82/><T72/><D72/><U108/><E34/><V68/><F68/><W59/><G90/><T115/><D115/><U48/><E6/><V23/><F23/><W51/><G14/><T74/><D74/><U31/><E31/><V37/><F37/><W56/><G22/><T11/><D118/><U28/><E28/><V130/><F57/><N who="3" m="22091" /><G51/><T93/><D60/><U55/><E67/><AGARI ba="0,0" hai="47,50,54,65,66,67,109,110,111,124,125" m="22091" machi="67" ten="40,12000,2" yaku="14,1,34,2,52,3" doraHai="120" who="3" fromWho="1" sc="230,0,250,-120,270,0,250,120" /><INIT seed="2,0,0,2,4,83" ten="230,130,270,370" oya="2" hai0="127,47,99,72,45,19,111,54,108,117,101,109,77" hai1="125,78,74,135,97,71,80,24,41,20,104,64,8" hai2="52,79,3,57,10,53,126,26,42,112,110,85,69" hai3="32,59,106,35,100,107,70,31,103,66,86,49,4"/><V7/><F112/><W15/><G70/><T55/><D117/><U88/><E125/><V98/><F69/><W65/><G15/><T114/><D114/><U122/><E135/><V75/><F126/><W13/><G13/><T18/><D127/><U82/><E122/><V102/><F75/><W1/><G49/><T60/><D77/><U21/><E8/><V62/><F42/><W95/><G95/><T124/><D72/><U133/><E133/><V91/><F110/><W51/><G51/><T123/><D124/><U73/><E41/><V34/><F79/><W22/><G22/><T27/><D123/><U46/><E46/><N who="0" m="17417" /><D60/><U11/><E11/><V44/><F34/><W36/><G59/><T43/><D43/><U14/><E71/><V9/><F26/><W23/><G23/><N who="0" m="13815" /><D19/><U61/><E14/><V130/><F130/><W37/><G1/><T129/><D129/><U134/><E134/><V0/><F44/><W92/><G31/><T38/><D38/><U115/><E115/><V29/><F29/><W121/><G121/><T56/><D56/><U2/><E2/><V90/><F53/><W40/><G40/><T6/><D6/><U132/><E132/><V94/><F9/><W39/><G4/><T63/><D63/><U48/><E48/><V120/><F120/><W12/><G32/><T16/><D16/><U5/><E5/><V76/><F3/><W81/><G35/><T93/><AGARI ba="0,0" hai="54,55,93,99,101,108,109,111" m="13815,17417" machi="93" ten="40,1500,0" yaku="14,1" doraHai="83" who="0" fromWho="0" sc="230,15,130,-4,270,-7,370,-4" /><INIT seed="3,0,0,1,3,10" ten="245,126,263,366" oya="3" hai0="29,59,3,82,70,97,121,18,57,84,55,44,79" hai1="112,17,12,124,116,50,68,62,31,104,126,106,86" hai2="102,115,93,24,101,131,63,78,45,5,7,108,91" hai3="67,89,77,34,41,81,72,19,80,100,107,40,58"/><W15/><G34/><T46/><D70/><U22/><E112/><V47/><F108/><W76/><G89/><T14/><D3/><U30/><E50/><V38/><F38/><W13/><G107/><T114/><D121/><U105/><E116/><V20/><F78/><N who="3" m="30315" /><G100/><N who="2" m="38505" /><F63/><N who="3" m="38391" /><G72/><T88/><D29/><U74/><E74/><V119/><F131/><W85/><G85/><T53/><D114/><U9/><E86/><N who="2" m="52471" /><F119/><W51/><G19/><T54/><D97/><U2/><E2/><V16/><F115/><W49/><G49/><T90/><D59/><U26/><REACH who="1" step="1"/><E31/><REACH who="1" ten="245,116,263,366" step="2"/><V21/><F47/><N who="0" m="17962" /><D57/><U125/><E125/><V28/><F45/><N who="3" m="26023" /><G41/><T75/><D75/><U109/><E109/><V37/><F37/><W33/><G33/><T43/><D43/><U95/><E95/><V65/><F65/><AGARI ba="0,1" hai="9,12,17,22,26,30,62,65,68,104,105,106,124,126" machi="65" ten="50,6400,0" yaku="1,1,52,1,53,1" doraHai="10" doraHaiUra="25" who="1" fromWho="2" sc="245,0,116,74,263,-64,366,0" /><INIT seed="4,0,0,1,0,122" ten="245,190,199,366" oya="0" hai0="24,104,100,43,5,102,68,82,103,123,115,114,17" hai1="38,39,126,90,80,69,15,65,116,109,85,71,34" hai2="75,84,110,77,78,60,35,91,58,45,4,63,7" hai3="113,14,66,18,29,121,33,53,8,9,117,131,111"/><T105/><D123/><U108/><E116/><V127/><F35/><W81/><G117/><T26/><D5/><N who="2" m="2122" /><F110/><N who="1" m="42601" /><E15/><V25/><F127/><W83/><G53/><T67/><D43/><U32/><E90/><V120/><F75/><W22/><G66/><T76/><D67/><U56/><E85/><V27/><F45/><W130/><G121/><T55/><D55/><U42/><E80/><N who="2" m="49543" /><F120/><W16/><G81/><T107/><D68/><N who="1" m="26187" /><E126/><V13/><F13/><W101/><G83/><T3/><D3/><U44/><E39/><V6/><F6/><W86/><G18/><T37/><D37/><U10/><E56/><V88/><F58/><W72/><G86/><N who="0" m="48455" /><D17/><U73/><E65/><V132/><F88/><W30/><G16/><T31/><D31/><U134/><E134/><V20/><F132/><W89/><G29/><T93/><D93/><U54/><E54/><V50/><F78/><W125/><G30/><T12/><D12/><U124/><E124/><V41/><F77/><W48/><G125/><T95/><D95/><U64/><E64/><V0/><F0/><W1/><G14/><T51/><D24/><N who="2" m="9290" /><F20/><W97/><G1/><T70/><D70/><U36/><E10/><V46/><AGARI ba="0,0" hai="41,46,50,60,63" m="9290,49543,2122" machi="46" ten="30,1100,0" yaku="8,1" doraHai="122" who="2" fromWho="2" sc="245,-5,190,-3,199,11,366,-3" /><INIT seed="5,0,0,1,0,92" ten="240,187,210,363" oya="1" hai0="93,114,52,22,99,11,132,62,127,50,59,131,31" hai1="8,122,86,119,44,100,111,85,60,70,130,14,103" hai2="115,41,135,66,51,16,49,32,112,46,82,3,75" hai3="116,133,72,88,18,83,7,95,10,12,24,68,89"/><U0/><E0/><V87/><F32/><W96/><G68/><T37/><D37/><U73/><E73/><V56/><F3/><W55/><G133/><T43/><D132/><U98/><E122/><V109/><F75/><W17/><G116/><T79/><D79/><U26/><E119/><V30/><F30/><W54/><G72/><T117/><D117/><U94/><E130/><V48/><F109/><W65/><G65/><T77/><D77/><U105/><E111/><V34/><F34/><W69/><G69/><T106/><D106/><U120/><E120/><V107/><F107/><W91/><G83/><T5/><D131/><U63/><E26/><V13/><F135/><W84/><G84/><N who="1" m="32362" /><E70/><V134/><F66/><W23/><G7/><T42/><D114/><N who="2" m="43562" /><F56/><W39/><G39/><T129/><D129/><U90/><E44/><V9/><F134/><W45/><G45/><T123/><D123/><U125/><E125/><V81/><F81/><W40/><G40/><T108/><D127/><U76/><E76/><AGARI ba="0,0" hai="9,13,16,41,46,48,49,51,76,82,87" m="43562" machi="76" ten="30,3900,0" yaku="15,1,11,1,54,1" doraHai="92" who="2" fromWho="1" sc="240,0,187,-39,210,39,363,0" /><INIT seed="6,0,0,3,2,24" ten="240,148,249,363" oya="2" hai0="91,79,133,59,117,40,20,33,100,115,119,39,106" hai1="114,85,64,95,7,63,52,70,14,57,5,36,84" hai2="126,30,107,48,127,2,31,37,131,134,132,102,46" hai3="88,128,74,29,123,80,43,101,32,19,16,42,44"/><V97/><F2/><W58/><G123/><T99/><D33/><U75/><E75/><V96/><F37/><W77/><G101/><T35/><D35/><U116/><E116/><V6/><F6/><W54/><G128/><T15/><D79/><U72/><E72/><V71/><F97/><W109/><G109/><T3/><D3/><U89/><E36/><V69/><F131/><W73/><G73/><T129/><D129/><U28/><E114/><V12/><F12/><W4/><G4/><T61/><D91/><U50/><E85/><V17/><F17/><W111/><G111/><T90/><D90/><U21/><REACH who="1" step="1"/><E14/><REACH who="1" ten="240,138,249,363" step="2"/><V60/><F127/><W18/><G74/><T112/><D115/><U67/><E67/><V105/><F126/><W125/><G125/><T56/><D112/><U13/><E13/><V87/><F87/><W11/><G11/><T22/><D15/><U49/><E49/><V121/><F121/><W113/><G113/><T93/><D117/><U104/><E104/><V130/><F107/><W82/><G80/><T0/><D0/><U53/><E53/><N who="2" m="29847" /><F130/><W118/><G118/><T135/><D119/><U120/><E120/><V51/><F51/><W68/><G82/><T25/><D106/><U81/><E81/><V9/><F9/><W38/><G38/><T23/><D39/><U86/><E86/><V98/><F105/><W26/><G54/><T92/><D40/><U108/><E108/><V78/><F78/><W122/><G77/><T27/><D93/><U103/><E103/><V47/><F102/><W83/><G122/><T76/><D76/><RYUUKYOKU ba="0,1" sc="240,-10,138,30,249,-10,363,-10" hai1="5,7,21,28,50,52,57,63,64,70,84,89,95" /><INIT seed="7,1,1,4,2,39" ten="230,168,239,353" oya="3" hai0="102,1,38,103,72,88,110,50,74,84,49,54,78" hai1="17,36,105,30,42,91,11,77,87,29,24,116,9" hai2="129,111,58,35,132,40,43,61,15,0,107,100,14" hai3="47,32,76,28,112,128,93,101,96,86,41,106,52"/><W81/><G112/><T10/><D38/><U22/><E105/><V133/><F0/><W135/><G135/><N who="2" m="51785" /><F35/><W98/><G32/><T131/><D110/><U2/><E116/><V18/><F14/><W94/><G28/><T65/><D65/><U48/><E36/><V51/><F51/><W82/><G94/><T69/><D69/><U27/><E77/><V121/><F129/><W90/><G82/><T83/><D49/><U57/><E2/><V122/><F100/><W31/><G101/><T109/><D109/><U56/><E56/><V80/><F80/><W113/><G81/><T73/><D78/><U33/><E30/><V127/><F127/><W79/><G31/><T59/><REACH who="0" step="1"/><D131/><REACH who="0" ten="220,168,239,353" step="2"/><U3/><E3/><V125/><F111/><W126/><G79/><T117/><D117/><U118/><E118/><V64/><F125/><W99/><G76/><T63/><D63/><U55/><REACH who="1" step="1"/><E42/><REACH who="1" ten="220,158,239,353" step="2"/><N who="2" m="15915" /><F107/><W13/><G106/><T12/><D12/><U130/><E130/><V123/><F123/><W44/><G128/><T114/><D114/><U85/><E85/><V37/><F37/><W95/><G113/><T124/><D124/><U19/><E19/><V60/><F60/><W46/><G126/><T70/><D70/><U20/><E20/><AGARI ba="1,3" hai="15,18,20,58,61,64,121,122" m="15915,51785" machi="20" ten="30,7700,0" yaku="20,1,52,3" doraHai="39" who="2" fromWho="1" sc="220,0,158,-80,239,110,353,0" owari="220,-18.0,78,-42.0,349,15.0,353,45.0" /></mjloggm>