<mjloggm ver="2.3"><GO type="169" lobby="0"/><UN n0="%E6%9D%B1%E9%A2%A8%E3%82%B7%E3%83%A5%E3%83%83%E3%82%B7%E3%83%A5%E3%83%83" n1="%E6%97%A5%E6%9B%9C%E6%97%A5%E3%82%88%E3%82%8A%E3%81%AE%E4%BD%BF%E8%80%85" n2="%E3%82%AE%E3%82%AC%E3%83%9E%E3%82%A4%E3%83%B3" n3="%E3%82%A6%E3%83%AB%E3%83%88%E3%83%A9%E7%AB%8B%E7%9B%B4" dan="16,17,18,18" rate="2158.38,2178.30,2216.92,2208.67" sx="M,M,M,M"/><TAIKYOKU oya="0"/><INIT seed="0,0,0,4,5,85" ten="250,250,250,250" oya="0" hai0="6,4,10,73,105,19,94,38,72,128,9,55,54" hai1="52,97,68,93,134,64,124,42,15,62,0,25,125" hai2="7,95,127,60,79,31,111,2,135,98,122,106,45" hai3="5,123,114,16,107,66,23,22,109,76,86,71,24"/><T103/><D38/><U59/><E0/><V13/><F122/><W18/><G114/><T39/><D39/><U50/><E134/><V21/><F106/><W14/><G107/><T44/><D105/><U91/><E15/><V28/><F2/><W92/><G109/><T80/><D19/><U1/><E1/><V53/><F111/><W130/><G130/><T41/><D128/><U35/><REACH who="1" step="1"/><E42/><REACH who="1" ten="250,240,250,250" step="2"/><V47/><F13/><W3/><G3/><T51/><D41/><U78/><E78/><V87/><F79/><W118/><G76/><T96/><D80/><U17/><E17/><V57/><F135/><W12/><G12/><T58/><D6/><U11/><E11/><V129/><F7/><W120/><G5/><T126/><D4/><U63/><E63/><V82/><F129/><W70/><G118/><T89/><D9/><U112/><E112/><V99/><F60/><W36/><G123/><T43/><D10/><U30/><AGARI ba="0,1" hai="25,30,35,50,52,59,62,64,68,91,93,97,124,125" machi="30" ten="30,7900,0" yaku="1,1,0,1,52,1,54,1,53,0" doraHai="85" doraHaiUra="81" who="1" fromWho="1" sc="250,-39,240,89,250,-20,250,-20" /><INIT seed="1,0,0,5,0,83" ten="211,329,230,230" oya="1" hai0="2,106,110,96,130,0,129,23,93,13,118,65,68" hai1="127,94,100,59,30,8,62,24,29,80,19,44,41" hai2="43,38,16,35,37,22,11,51,66,4,116,56,14" hai3="111,34,113,124,82,25,73,7,72,78,10,84,3"/><U64/><E127/><V61/><F116/><W1/><G113/><T131/><D118/><U122/><E122/><V105/><F35/><W126/><G3/><T54/><D106/><U52/><E80/><V123/><F105/><W135/><G111/><T6/><D110/><U119/><E119/><V101/><F123/><W98/><G98/><T125/><D125/><N who="3" m="48233" /><G135/><T90/><D54/><U5/><E64/><V132/><F101/><W86/><G72/><T15/><D23/><U74/><E74/><V121/><F121/><W75/><G75/><T63/><REACH who="0" step="1"/><D15/><REACH who="0" ten="201,329,230,230" step="2"/><N who="1" m="7655" /><E24/><V69/><F132/><W45/><G45/><T128/><N who="0" m="33280" /><DORA hai="53" /><T109/><D109/><U39/><E44/><V20/><F20/><W47/><G47/><T77/><D77/><U58/><E52/><V114/><F114/><W33/><G33/><T55/><D55/><U18/><E41/><V60/><F43/><W95/><G34/><T48/><D48/><U104/><E104/><V76/><F51/><W120/><G25/><T50/><D50/><U71/><E39/><V46/><F76/><W28/><G120/><T70/><D70/><U99/><E71/><V133/><F46/><W85/><G28/><T115/><D115/><U26/><E29/><V103/><F133/><W42/><G42/><T89/><D89/><AGARI ba="0,1" hai="1,7,10,73,78,82,84,85,86,89,95" m="48233" machi="89" ten="30,7700,0" yaku="18,1,52,3" doraHai="83,53" who="3" fromWho="0" sc="201,-77,329,0,230,0,230,87" /><INIT seed="2,0,0,0,1,33" ten="124,329,230,317" oya="2" hai0="78,10,72,41,96,20,58,127,3,32,62,81,63" hai1="59,48,80,76,104,83,99,31,115,117,124,89,108" hai2="129,5,120,34,40,111,113,9,18,8,98,132,65" hai3="27,14,85,71,39,97,134,55,15,118,12,133,21"/><V79/><F120/><W122/><G39/><T101/><D32/><U54/><E115/><V100/><F113/><W69/><G118/><T119/><D119/><U43/><E117/><V91/><F34/><W0/><G0/><T125/><D41/><U44/><E108/><V70/><F40/><W23/><G122/><T102/><D20/><U66/><E124/><N who="0" m="47689" /><D58/><U135/><E135/><N who="3" m="51722" /><G85/><T45/><D45/><U73/><E31/><V60/><F132/><W93/><G55/><T116/><D116/><U126/><E126/><V84/><F79/><W38/><G38/><T123/><D123/><U94/><E66/><V103/><F18/><N who="3" m="12791" /><G21/><T67/><D67/><U82/><REACH who="1" step="1"/><E104/><REACH who="1" ten="124,319,230,317" step="2"/><V4/><F65/><W16/><G16/><T37/><D37/><AGARI ba="0,1" hai="37,43,44,48,54,59,73,76,80,82,83,89,94,99" machi="37" ten="30,12000,2" yaku="1,1,2,1,7,1,53,3" doraHai="33" doraHaiUra="77" who="1" fromWho="0" sc="124,-120,319,130,230,0,317,0" /><INIT seed="3,0,0,0,5,48" ten="4,449,230,317" oya="3" hai0="98,51,123,128,14,19,75,31,57,10,95,124,116" hai1="91,117,88,22,129,64,55,81,126,52,87,20,69" hai2="50,83,49,8,40,47,24,58,107,132,53,28,18" hai3="134,1,84,93,110,70,133,125,16,85,106,63,4"/><W135/><G106/><T80/><D116/><U59/><E126/><V33/><F132/><W44/><G125/><T68/><D68/><U32/><E32/><V26/><F107/><W35/><G35/><T108/><D124/><U112/><E112/><V62/><F83/><W130/><G130/><T119/><D119/><U21/><E117/><V114/><F114/><W115/><G115/><T97/><D128/><U43/><E129/><V73/><F73/><W76/><G4/><T17/><D123/><U41/><E69/><V0/><F0/><W92/><G1/><T3/><D3/><U78/><E64/><N who="2" m="38999" /><F33/><W27/><G44/><T74/><D108/><U109/><E109/><V46/><F28/><W37/><G37/><T60/><D31/><U111/><E111/><V96/><F96/><W56/><G70/><T90/><D51/><N who="1" m="31135" /><E55/><V29/><F29/><W30/><G30/><T61/><D75/><U82/><E82/><V42/><F42/><AGARI ba="0,0" hai="20,21,22,41,42,43,78,81,87,88,91" m="31135" machi="42" ten="30,7700,0" yaku="8,1,52,1,54,2" doraHai="48" who="1" fromWho="2" sc="4,0,449,77,230,-77,317,0" /><INIT seed="4,0,0,1,3,40" ten="4,526,153,317" oya="0" hai0="52,97,105,16,2,36,32,103,66,106,89,9,21" hai1="119,133,98,63,81,88,19,118,44,99,135,57,28" hai2="10,68,34,54,73,8,72,60,77,101,126,123,69" hai3="109,51,113,53,74,110,12,5,1,29,90,59,13"/><T121/><D121/><U64/><E28/><V127/><F123/><W0/><G74/><N who="2" m="28777" /><F34/><W115/><G29/><T58/><D32/><U14/><E44/><V18/><F77/><W78/><G78/><T25/><D66/><U71/><E71/><N who="2" m="27211" /><F101/><W128/><G128/><T93/><D36/><U30/><E30/><V91/><F91/><W56/><G90/><T129/><D129/><U124/><E124/><N who="2" m="47659" /><F18/><W7/><G53/><T39/><D39/><U108/><E108/><V49/><F60/><W107/><G51/><T87/><D2/><U94/><E99/><V62/><F62/><W122/><G122/><T112/><D9/><N who="1" m="6607" /><E81/><V61/><F61/><W24/><G1/><T120/><D120/><U45/><E45/><AGARI ba="0,0" hai="8,10,45,49,54" m="47659,27211,28777" machi="45" ten="40,2600,0" yaku="18,1,52,1" doraHai="40" who="2" fromWho="1" sc="4,0,526,-26,153,26,317,0" /><INIT seed="5,0,0,4,0,121" ten="4,500,179,317" oya="1" hai0="20,134,29,23,112,77,66,128,1,110,13,58,109" hai1="31,85,104,11,87,108,2,98,72,132,39,55,115" hai2="80,131,14,24,69,16,5,68,53,95,60,71,22" hai3="78,101,25,61,17,62,32,57,119,38,74,44,43"/><U82/><E72/><V41/><F41/><W35/><G119/><T34/><D77/><U120/><E120/><V47/><F80/><W33/><G101/><T45/><D45/><U48/><E39/><V114/><F95/><W52/><G78/><T37/><D37/><U30/><E108/><N who="0" m="41577" /><D58/><U92/><E104/><V111/><F111/><W133/><G133/><T56/><D56/><U105/><E105/><V4/><F60/><W12/><G74/><T40/><D40/><U9/><E132/><V28/><F53/><W89/><G89/><T76/><D76/><U15/><E2/><V91/><F47/><W42/><G42/><T103/><D103/><U118/><E118/><V81/><F91/><W27/><G61/><T51/><D66/><U73/><E73/><V129/><F81/><W113/><G113/><T63/><D51/><U107/><E107/><V26/><F114/><W127/><G127/><T64/><D112/><U6/><E55/><V46/><F26/><W86/><G86/><T116/><D116/><U94/><E48/><V90/><F90/><W122/><G122/><T99/><D134/><U19/><E82/><V125/><F125/><W54/><G54/><T59/><D1/><N who="1" m="207" /><E115/><V130/><REACH who="2" step="1"/><F46/><REACH who="2" ten="4,500,169,317" step="2"/><W49/><G62/><T106/><D128/><U50/><E92/><V0/><F0/><W88/><G88/><T96/><D106/><U124/><E124/><V117/><F117/><W7/><G44/><T67/><D67/><U135/><E94/><V84/><F84/><W75/><G43/><T10/><D34/><AGARI ba="0,1" hai="4,5,14,16,22,24,28,34,68,69,71,129,130,131" machi="34" ten="50,12000,2" yaku="1,1,19,1,54,1,53,3" doraHai="121" doraHaiUra="126" who="2" fromWho="0" sc="4,-120,500,0,169,130,317,0" owari="-116,-62.0,500,60.0,299,-10.0,317,12.0" /></mjloggm>