<mjloggm ver="2.3"><GO type="169" lobby="0"/><UN n0="%E6%96%87%E5%9B%9B%E9%83%8E" n1="%E3%82%A6%E3%83%AB%E3%83%88%E3%83%A9%E7%AB%8B%E7%9B%B4" n2="%E3%82%B8%E3%83%A3%E3%83%83%E3%82%AB%EF%BD%9E%E3%83%AB" n3="%32%32%31%34%38" dan="16,18,17,16" rate="2172.83,2215.99,2153.82,2006.99" sx="M,M,F,M"/><TAIKYOKU oya="0"/><INIT seed="0,0,0,1,3,109" ten="250,250,250,250" oya="0" hai0="134,73,35,53,106,49,55,28,71,47,123,110,70" hai1="58,21,17,0,82,11,3,4,15,44,29,108,105" hai2="12,88,48,118,59,104,24,41,57,101,76,119,38" hai3="113,128,2,20,122,61,52,36,78,79,34,7,121"/><T81/><D123/><N who="3" m="47113" /><G34/><T19/><D106/><U32/><E105/><V127/><F76/><N who="3" m="29227" /><G36/><T75/><D134/><U33/><E58/><V131/><F101/><W97/><G128/><T10/><D110/><U96/><E96/><V90/><F104/><W37/><G37/><T86/><D55/><U98/><E98/><V69/><F69/><W9/><G113/><T68/><D28/><U43/><E82/><V50/><F131/><W13/><G97/><T124/><D35/><N who="1" m="13387" /><E44/><V77/><F77/><W46/><G20/><T103/><D103/><U64/><E64/><V84/><F24/><W112/><G112/><T72/><D124/><U31/><E43/><V80/><F12/><W94/><G94/><T60/><D60/><U74/><E74/><V1/><F1/><N who="1" m="585" /><E108/><V65/><F127/><W93/><G93/><T99/><D99/><U39/><E39/><V45/><F90/><W40/><G40/><T95/><D95/><U120/><E120/><V83/><F83/><W116/><G61/><T18/><REACH who="0" step="1"/><D10/><REACH who="0" ten="240,250,250,250" step="2"/><U92/><E92/><V133/><F65/><W100/><G9/><T135/><D135/><U14/><AGARI ba="0,1" hai="4,11,14,15,17,21,29,31" m="585,13387" machi="14" ten="30,8000,1" yaku="35,5" doraHai="109" who="1" fromWho="1" sc="240,-40,250,90,250,-20,250,-20" /><INIT seed="1,0,0,2,2,46" ten="200,340,230,230" oya="1" hai0="37,13,36,59,33,98,58,135,125,40,90,54,96" hai1="110,31,134,116,124,15,119,47,87,122,24,68,69" hai2="41,99,85,95,128,57,66,45,53,43,107,42,100" hai3="30,21,92,17,56,20,76,60,18,88,6,78,28"/><U64/><E122/><V113/><F128/><W123/><G6/><T11/><D33/><U109/><E124/><V10/><F113/><W3/><G3/><T84/><D125/><U29/><E134/><V5/><F66/><N who="3" m="39175" /><G123/><T32/><D32/><U83/><E15/><V62/><F107/><W49/><G49/><T102/><D135/><U14/><E14/><N who="2" m="5455" /><F85/><N who="3" m="52239" /><G21/><T22/><D22/><U61/><E69/><V77/><F77/><N who="3" m="29803" /><G18/><T127/><D127/><U126/><E126/><V120/><F120/><W121/><G121/><T94/><D98/><U48/><E87/><V72/><F72/><W2/><G2/><T67/><D67/><U12/><E83/><V104/><F104/><W79/><N who="3" m="29811" /><W89/><DORA hai="1" /><G89/><T65/><D65/><U26/><E64/><V23/><F23/><W131/><G131/><T82/><D40/><U117/><E68/><V50/><AGARI ba="0,0" hai="41,42,43,45,50,53,57,62,95,99,100" m="5455" machi="50" ten="30,4000,0" yaku="8,1,52,2" doraHai="46,1" who="2" fromWho="2" sc="200,-10,340,-20,230,40,230,-10" /><INIT seed="2,0,0,4,3,51" ten="190,320,270,220" oya="2" hai0="50,54,30,83,80,10,121,8,62,18,34,126,67" hai1="107,43,111,19,92,81,27,93,35,123,89,131,79" hai2="15,40,97,115,94,2,118,113,25,106,104,116,46" hai3="119,3,36,84,133,55,110,69,128,77,63,73,31"/><V100/><F2/><W101/><G101/><T105/><D121/><U87/><E35/><V41/><F25/><W26/><G84/><T0/><D105/><U125/><E43/><V5/><F40/><W78/><G77/><T38/><D38/><U21/><E107/><V91/><F106/><W99/><G99/><T134/><D134/><U96/><E123/><V85/><F5/><W122/><G55/><T127/><D30/><U68/><E68/><V49/><REACH who="2" step="1"/><F15/><REACH who="2" ten="190,320,260,220" step="2"/><W70/><G26/><T29/><D0/><U17/><E27/><V14/><F14/><W86/><G3/><T98/><D127/><U130/><E125/><V44/><F44/><W61/><G122/><T103/><D126/><U65/><E17/><V13/><F13/><W56/><G133/><T22/><D18/><U9/><E19/><V37/><F37/><W102/><G36/><T42/><D42/><U53/><E130/><V32/><F32/><W129/><G128/><T24/><D34/><U109/><E131/><V59/><F59/><W117/><G56/><T47/><D24/><U64/><E111/><V58/><F58/><W11/><G110/><T75/><D29/><U135/><E109/><V76/><F76/><W6/><G78/><T112/><D47/><U66/><E135/><V23/><F23/><W52/><G31/><T48/><D22/><U132/><E21/><V45/><F45/><W95/><G129/><T71/><D71/><U60/><E132/><V7/><F7/><W88/><G6/><T39/><D39/><U74/><E79/><V12/><F12/><W108/><G70/><RYUUKYOKU ba="0,1" sc="190,-10,320,-10,260,30,220,-10" hai2="41,46,49,85,91,94,97,100,104,113,115,116,118" /><INIT seed="2,1,1,5,5,44" ten="180,310,290,210" oya="2" hai0="131,6,39,23,114,91,80,50,130,101,56,87,70" hai1="109,135,46,7,48,19,121,36,30,71,2,76,0" hai2="132,90,88,68,99,25,105,108,94,72,11,60,38" hai3="106,117,1,97,126,32,8,125,67,22,95,124,89"/><V9/><F38/><W79/><G117/><T133/><D114/><U29/><E36/><V92/><F105/><W28/><G32/><T110/><D39/><U41/><E71/><V104/><F104/><W102/><G67/><T116/><D70/><U66/><E66/><V81/><F132/><W26/><G79/><T123/><D123/><U107/><E107/><V4/><F108/><W55/><G55/><T57/><D101/><U86/><E19/><V20/><F60/><W118/><G118/><T34/><D116/><U84/><E84/><V24/><F68/><W127/><N who="3" m="31744" /><DORA hai="10" /><W54/><G54/><T53/><D34/><U31/><E7/><V16/><F25/><W119/><G119/><T49/><D6/><U120/><E109/><V21/><F21/><W73/><G73/><T42/><D110/><U75/><E75/><V122/><F122/><N who="1" m="47209" /><E135/><V12/><F9/><W100/><REACH who="3" step="1"/><G106/><REACH who="3" ten="180,310,290,200" step="2"/><T58/><D133/><U15/><E76/><V78/><F94/><W113/><G113/><T18/><D53/><U5/><E41/><V37/><F37/><W129/><G129/><N who="0" m="49163" /><D42/><U35/><E35/><V103/><AGARI ba="1,2" hai="4,11,12,16,20,24,72,78,81,88,90,92,99,103" machi="103" ten="20,12000,1" yaku="0,1,7,1,52,1,54,2" doraHai="44,10" who="2" fromWho="2" sc="180,-41,310,-41,290,143,200,-41" /><INIT seed="2,2,0,4,1,70" ten="139,269,433,159" oya="2" hai0="15,116,91,8,85,100,97,53,134,52,48,46,1" hai1="58,89,50,21,96,30,76,45,13,124,117,119,108" hai2="90,132,47,51,93,115,33,110,126,11,84,12,123" hai3="35,74,135,71,2,107,44,112,125,54,131,37,9"/><V31/><F123/><W101/><G54/><T118/><D1/><U20/><E108/><V77/><F115/><W26/><G44/><T88/><D134/><U59/><E124/><V65/><F132/><W41/><G26/><T24/><D24/><U18/><E76/><V10/><F126/><W99/><G9/><T62/><D62/><U111/><E111/><V39/><F110/><W121/><G99/><T120/><D53/><U81/><E117/><N who="0" m="45161" /><D85/><N who="1" m="50351" /><E96/><V129/><F65/><W42/><G101/><T113/><D113/><U40/><E119/><V86/><F129/><W69/><G131/><T83/><D120/><U98/><E98/><V38/><F10/><W5/><G121/><T36/><D36/><U109/><E109/><V60/><F60/><W67/><G37/><T16/><D83/><U78/><E59/><V128/><F128/><W130/><G130/><T68/><D68/><U114/><E58/><V95/><F31/><W133/><G71/><T0/><D0/><U22/><E114/><V29/><F29/><W82/><G112/><T14/><D15/><U32/><E32/><V87/><F33/><W64/><G35/><T25/><D25/><N who="1" m="16695" /><E78/><V4/><F95/><AGARI ba="2,0" hai="8,14,16,46,48,52,88,91,95,97,100" m="45161" machi="95" ten="30,7700,0" yaku="12,1,54,3" doraHai="70" who="0" fromWho="2" sc="139,83,269,0,433,-83,159,0" /><INIT seed="3,0,0,3,1,7" ten="222,269,350,159" oya="3" hai0="67,111,66,52,20,126,108,35,50,78,131,49,74" hai1="129,113,119,59,100,94,93,3,25,109,71,5,104" hai2="0,8,44,16,85,60,79,28,112,15,130,22,19" hai3="106,110,43,116,70,14,99,24,83,103,32,122,48"/><W2/><G116/><T26/><D35/><U46/><E59/><V81/><F130/><W1/><G122/><T31/><D50/><U120/><E25/><N who="2" m="16439" /><F0/><W61/><G110/><N who="0" m="42027" /><D131/><U27/><E94/><V132/><F132/><W47/><G83/><N who="0" m="45527" /><D126/><U135/><E46/><AGARI ba="0,0" hai="20,26,31,46,49,52,66,67" m="45527,42027" machi="46" ten="30,2000,0" yaku="14,1,54,1" doraHai="7" who="0" fromWho="1" sc="222,20,269,-20,350,0,159,0" /><INIT seed="4,0,0,3,3,3" ten="242,249,350,159" oya="0" hai0="76,4,72,29,10,124,131,93,44,112,13,53,52" hai1="12,105,20,37,26,6,9,39,96,103,133,43,122" hai2="40,14,32,36,24,19,98,51,104,83,92,48,74" hai3="59,34,71,45,108,56,27,2,95,88,18,115,16"/><T119/><D119/><U55/><E122/><V82/><F104/><W38/><G108/><T15/><D29/><U118/><E118/><V25/><F36/><W62/><G2/><T7/><D112/><U84/><E133/><V77/><F83/><W116/><G116/><T110/><D110/><U102/><E102/><V113/><F113/><W94/><G115/><T128/><D124/><U107/><E107/><V69/><F69/><W126/><G126/><T21/><D93/><U50/><E43/><V47/><F51/><W134/><G134/><T58/><D44/><U111/><E84/><V97/><F32/><W86/><G71/><T35/><D35/><U109/><E111/><V68/><F68/><W101/><G59/><T61/><D53/><U64/><E64/><V5/><F98/><W17/><G101/><T28/><D76/><U117/><E117/><V87/><F74/><W75/><G75/><T114/><D72/><U129/><E129/><N who="0" m="49737" /><D114/><U132/><E132/><V123/><F123/><W0/><G94/><T100/><D100/><U85/><E85/><V23/><F5/><N who="0" m="2122" /><D10/><U99/><E109/><V31/><F31/><W81/><G34/><T125/><D125/><U70/><E9/><V60/><F92/><W46/><G95/><T54/><D54/><U63/><E55/><V8/><F8/><W80/><G46/><T89/><D89/><U127/><E103/><V121/><F77/><W65/><G45/><T91/><D91/><U67/><E127/><V11/><F11/><W78/><G78/><T73/><D73/><U33/><E33/><V57/><F47/><RYUUKYOKU ba="0,0" sc="242,30,249,-10,350,-10,159,-10" hai0="13,15,21,28,52,58,61" /><INIT seed="4,1,0,4,1,132" ten="272,239,340,149" oya="0" hai0="38,124,48,34,21,62,65,98,50,75,52,26,59" hai1="81,83,102,39,32,74,23,120,127,130,64,44,11" hai2="31,95,56,76,129,94,109,100,88,7,125,106,93" hai3="97,119,51,12,63,16,108,104,111,85,117,91,107"/><T25/><D38/><U29/><E32/><V90/><F7/><W47/><G63/><T22/><D75/><U121/><E64/><V18/><F31/><W3/><G3/><T19/><D34/><U40/><E102/><V135/><F135/><W33/><G33/><T70/><D98/><U92/><E92/><V105/><F56/><W78/><G78/><T5/><D5/><U72/><E83/><V116/><F18/><W99/><G99/><T46/><D124/><U60/><E60/><V113/><F109/><W61/><G61/><T14/><REACH who="0" step="1"/><D22/><REACH who="0" ten="262,239,340,149" step="2"/><U131/><E127/><V4/><F4/><W96/><G97/><T10/><D10/><U112/><E11/><V114/><F125/><W67/><G96/><T45/><D45/><U1/><E74/><V35/><F35/><W68/><G47/><T9/><D9/><U80/><E72/><V84/><F116/><W73/><G73/><T101/><D101/><U55/><E44/><V17/><F100/><W41/><G117/><T49/><D49/><U37/><E39/><V15/><F15/><W54/><G12/><T110/><D110/><U58/><E37/><V6/><F6/><W57/><G108/><T69/><D69/><U43/><E1/><V133/><F133/><W82/><G111/><T79/><D79/><U126/><E126/><V122/><F76/><W24/><G119/><T13/><D13/><U53/><E23/><V134/><F134/><W87/><G68/><T123/><D123/><U20/><E20/><V2/><F122/><W27/><G51/><T103/><D103/><U115/><E58/><RYUUKYOKU ba="1,1" sc="262,15,239,15,340,-15,149,-15" hai0="14,19,21,25,26,46,48,50,52,59,62,65,70" hai1="29,40,43,53,55,80,81,112,115,120,121,130,131" /><INIT seed="4,2,1,0,5,38" ten="277,254,325,134" oya="0" hai0="6,92,28,84,2,88,8,53,79,89,23,68,80" hai1="81,129,134,50,124,66,78,49,11,39,4,21,18" hai2="94,60,127,10,30,63,76,14,117,119,114,103,132" hai3="123,74,67,77,5,73,121,125,32,71,62,69,91"/><T19/><D68/><U90/><E129/><V41/><F114/><W83/><G125/><T44/><D28/><U111/><E111/><V13/><F127/><W130/><G130/><T128/><D128/><U47/><E134/><V93/><F132/><W107/><G107/><T101/><D101/><U16/><E90/><V99/><F76/><W17/><G32/><T56/><D44/><U102/><E66/><V26/><F93/><W34/><G34/><T104/><D104/><U72/><E102/><V97/><F97/><W42/><G71/><T70/><D70/><U58/><E124/><V126/><F126/><W98/><G5/><T108/><D92/><U120/><E120/><V12/><F10/><W24/><G98/><T87/><D84/><U100/><E100/><V46/><F26/><W109/><G24/><T112/><D112/><U1/><E58/><V113/><F30/><W45/><G109/><T22/><D22/><U7/><E7/><V27/><F27/><W59/><G69/><T9/><D8/><U64/><E64/><V20/><F20/><W55/><G67/><T36/><D36/><U15/><E18/><V135/><F135/><W43/><G17/><T116/><D108/><U33/><E33/><V110/><F110/><W54/><G121/><T133/><D133/><U85/><E85/><V96/><F96/><W118/><G123/><T48/><D116/><N who="2" m="44618" /><F113/><W35/><G118/><T57/><D56/><U82/><E82/><V0/><F0/><W115/><G83/><T37/><D37/><AGARI ba="2,1" hai="12,13,14,37,41,46,60,63,94,99,103" m="44618" machi="37" ten="30,2000,0" yaku="12,1,52,1" doraHai="38" who="2" fromWho="0" sc="277,-26,254,0,325,36,134,0" /><INIT seed="5,0,0,4,0,65" ten="251,254,361,134" oya="1" hai0="56,67,109,79,7,46,134,30,9,75,52,73,35" hai1="64,43,4,29,130,12,16,122,23,17,3,96,45" hai2="58,31,124,104,21,128,27,106,55,39,131,34,81" hai3="129,47,26,0,33,101,36,69,103,13,113,125,114"/><U91/><E122/><V112/><F39/><W127/><G0/><T132/><D109/><U111/><E130/><N who="2" m="49707" /><F124/><N who="3" m="47691" /><G129/><T2/><D46/><U123/><E123/><V98/><F112/><N who="3" m="43115" /><G69/><T61/><D67/><U87/><E111/><V76/><F98/><W60/><G60/><T116/><D116/><U99/><E3/><V110/><F34/><W126/><N who="3" m="47699" /><W120/><DORA hai="78" /><G120/><T40/><D40/><U77/><E43/><V118/><F118/><W8/><G36/><T22/><D35/><U24/><E64/><V54/><F110/><W117/><G47/><T44/><D44/><U82/><E45/><V38/><F38/><W70/><G117/><T105/><D105/><N who="2" m="40554" /><F58/><W84/><G70/><T102/><D102/><U51/><E51/><V63/><F63/><W48/><G48/><T49/><D61/><U53/><E53/><V57/><F57/><W19/><G84/><AGARI ba="0,0" hai="21,27,31,54,55,76,81,84" m="40554,49707" machi="84" ten="30,2000,0" yaku="19,1,52,1" doraHai="65,78" who="2" fromWho="3" sc="251,0,254,0,361,20,134,-20" /><INIT seed="6,0,0,2,0,134" ten="251,254,381,114" oya="2" hai0="95,53,122,93,65,42,26,81,109,98,131,107,31" hai1="61,1,83,90,13,127,44,56,52,0,76,32,113" hai2="110,92,80,67,28,115,106,102,21,7,100,129,125" hai3="24,75,63,73,40,16,54,135,30,114,132,103,88"/><V85/><F110/><W78/><G103/><T48/><D109/><U23/><E32/><V51/><F106/><W49/><G114/><T11/><D122/><U60/><E113/><V39/><F39/><W77/><G40/><T74/><D42/><U97/><E44/><V112/><F129/><W6/><G6/><T79/><D131/><U36/><E36/><V94/><F7/><W64/><G16/><T117/><D65/><U89/><E61/><V27/><F112/><W91/><G63/><T121/><D121/><U105/><E127/><V82/><F125/><W19/><G19/><T57/><D117/><U41/><E41/><V46/><F67/><W37/><G64/><T70/><D70/><U29/><E13/><V50/><F50/><W12/><G12/><T87/><D74/><U22/><E22/><V34/><F34/><W104/><G104/><T111/><D111/><U59/><E59/><V43/><F80/><N who="3" m="45103" /><G37/><T68/><D68/><U116/><E116/><V99/><F115/><W55/><G78/><T35/><REACH who="0" step="1"/><D11/><REACH who="0" ten="241,254,381,114" step="2"/><U25/><E52/><V120/><F120/><W96/><G55/><T10/><D10/><U2/><E0/><V130/><F130/><W108/><G54/><T118/><D118/><U66/><E1/><V4/><F43/><W72/><G108/><T128/><D128/><U58/><E2/><V5/><F5/><W126/><G126/><T84/><D84/><N who="1" m="48231" /><E58/><V133/><F4/><W17/><G75/><T123/><D123/><U14/><E14/><V9/><F9/><W33/><G72/><T20/><D20/><U86/><E86/><RYUUKYOKU ba="0,1" sc="241,15,254,15,381,-15,114,-15" hai0="26,31,35,48,53,57,79,81,87,93,95,98,107" hai1="23,25,29,56,60,66,89,90,97,105" /><INIT seed="7,1,1,5,5,30" ten="256,269,366,99" oya="3" hai0="83,130,75,38,131,56,41,102,127,85,42,95,61" hai1="113,20,91,48,117,24,71,120,133,70,35,54,72" hai2="3,92,6,8,36,52,39,55,12,114,43,46,103" hai3="86,2,31,108,15,109,17,101,34,119,58,111,9"/><W26/><G119/><T78/><D127/><U124/><E120/><V112/><F39/><W87/><G101/><T107/><D107/><U100/><E35/><V28/><F28/><W132/><G132/><T88/><D102/><U77/><E100/><V45/><F12/><W53/><REACH who="3" step="1"/><G2/><REACH who="3" ten="256,269,366,89" step="2"/><T1/><D1/><U59/><E133/><V37/><F103/><W0/><G0/><T84/><D75/><U13/><E117/><V33/><F112/><W19/><G19/><T79/><D38/><U47/><E72/><V99/><F114/><W49/><AGARI ba="1,2" hai="9,15,17,26,31,34,49,53,58,86,87,108,109,111" machi="49" ten="30,11700,0" yaku="1,1,0,1,10,1,52,1,53,0" doraHai="30" doraHaiUra="76" who="3" fromWho="3" sc="256,-40,269,-40,366,-40,89,140" /><INIT seed="7,2,0,1,1,93" ten="216,229,326,229" oya="3" hai0="119,108,118,122,106,100,121,75,89,62,87,105,30" hai1="42,1,56,81,74,115,17,72,132,34,88,32,9" hai2="126,98,2,73,44,63,35,55,24,103,0,76,90" hai3="19,29,125,27,80,53,128,84,37,31,104,124,70"/><W99/><G70/><T64/><D30/><U14/><E1/><V52/><F126/><N who="3" m="48747" /><G37/><T96/><D108/><U60/><E115/><V71/><F76/><N who="3" m="46087" /><G128/><T67/><D67/><U61/><E132/><V13/><F90/><W135/><G135/><T127/><D127/><U43/><E74/><V130/><F73/><W120/><G120/><T5/><D75/><U112/><E112/><V134/><F134/><W68/><G68/><T15/><D106/><U8/><E72/><V7/><F130/><W79/><G79/><T109/><D109/><U117/><E117/><V50/><F13/><W107/><G53/><T3/><D3/><U58/><E34/><V23/><F55/><W33/><G29/><T16/><D5/><U57/><E32/><V10/><F35/><W6/><G6/><T101/><D100/><U4/><E4/><V39/><F39/><W102/><G19/><T38/><D38/><U36/><E36/><V129/><F129/><W133/><G133/><T65/><D65/><U26/><E26/><V91/><F7/><W66/><G66/><T40/><D40/><U97/><E43/><V94/><F52/><W41/><G41/><T11/><D122/><U116/><E42/><V48/><F71/><W123/><G123/><T20/><D121/><U110/><E116/><V22/><F0/><W18/><G18/><T59/><D11/><N who="1" m="6367" /><E110/><V131/><F2/><W45/><G45/><T46/><D46/><U111/><E111/><V83/><F44/><W21/><G33/><T25/><D25/><U54/><E54/><V77/><F131/><W12/><G12/><RYUUKYOKU ba="2,0" sc="216,15,229,-15,326,-15,229,15" hai0="15,16,20,59,62,64,87,89,96,101,105,118,119" hai3="21,27,31,99,102,104,107" /><INIT seed="7,3,0,3,0,34" ten="231,214,311,244" oya="3" hai0="109,5,102,41,36,60,85,35,19,31,127,32,86" hai1="122,53,1,33,99,71,95,123,12,76,26,61,45" hai2="100,119,129,80,111,9,125,23,64,49,135,57,118" hai3="28,52,88,65,73,18,16,8,22,110,47,51,6"/><W133/><G73/><T83/><D109/><U50/><E1/><V29/><F111/><W66/><G110/><T17/><D102/><U103/><E76/><V79/><F125/><W78/><G78/><T3/><D127/><U112/><E112/><V106/><F129/><W69/><G133/><T15/><D60/><U59/><E71/><V101/><F135/><W37/><G37/><T7/><D41/><U10/><E26/><V21/><F9/><W67/><G69/><T46/><D46/><U96/><E96/><V124/><F124/><W77/><G77/><T81/><D36/><U74/><E33/><V97/><F100/><W116/><G116/><T126/><D126/><U121/><E74/><V113/><F113/><W4/><G88/><T130/><D15/><U56/><REACH who="1" step="1"/><E61/><REACH who="1" ten="231,204,311,244" step="2"/><N who="2" m="37935" /><F97/><W108/><G108/><T63/><D130/><U75/><E75/><V90/><F79/><W105/><G105/><T48/><D3/><U62/><E62/><V89/><F118/><W131/><G131/><T82/><D63/><U115/><E115/><V93/><F106/><W87/><G87/><T72/><D72/><U43/><E43/><V13/><F119/><W20/><G28/><T14/><D31/><U55/><E55/><V27/><F29/><W24/><G8/><T39/><D14/><AGARI ba="3,1" hai="4,6,14,16,18,20,22,24,47,51,52,65,66,67" machi="14" ten="40,7700,0" yaku="8,1,54,2" doraHai="34" who="3" fromWho="0" sc="231,-86,204,0,311,0,244,96" owari="145,-35.0,204,-20.0,311,11.0,340,44.0" /></mjloggm>