<mjloggm ver="2.3"><GO type="169" lobby="0"/><UN n0="%E3%81%8A%E3%81%8B%E3%82%82%E3%81%A8" n1="%E3%82%A6%E3%83%AB%E3%83%88%E3%83%A9%E7%AB%8B%E7%9B%B4" n2="%61%64%70%31%30" n3="%64%64%6D%75" dan="18,17,17,16" rate="2207.75,2175.57,2235.00,2131.04" sx="M,M,M,M"/><TAIKYOKU oya="0"/><INIT seed="0,0,0,4,1,125" ten="250,250,250,250" oya="0" hai0="88,105,59,67,52,37,7,82,77,123,27,16,64" hai1="39,46,14,49,57,115,117,87,91,84,79,133,86" hai2="19,25,10,43,23,112,35,129,32,98,20,50,70" hai3="106,103,53,135,101,36,2,58,85,119,73,114,110"/><T121/><D105/><U126/><E117/><V6/><F70/><W34/><RYUUKYOKU type="yao9" ba="0,0" sc="250,0,250,0,250,0,250,0" hai3="2,34,36,53,58,73,85,101,103,106,110,114,119,135" /><INIT seed="0,1,0,2,0,39" ten="250,250,250,250" oya="0" hai0="114,48,63,110,38,108,100,107,78,70,104,121,33" hai1="83,69,59,93,7,122,120,25,95,106,3,22,36" hai2="26,51,109,15,102,13,124,118,14,11,17,135,71" hai3="32,34,134,116,77,88,0,12,92,21,132,47,20"/><T52/><D33/><U112/><E69/><V76/><F71/><W128/><G116/><T123/><D78/><U6/><E106/><N who="0" m="40489" /><D100/><U111/><E36/><V29/><F102/><W61/><G0/><T74/><D38/><U129/><E83/><V30/><F76/><W54/><G77/><T97/><D97/><U44/><E44/><V67/><F67/><W87/><G128/><T41/><D74/><U72/><E59/><V73/><F73/><W80/><G80/><T43/><D114/><U131/><E72/><V55/><F118/><W62/><G21/><T117/><D117/><U96/><E96/><V89/><F89/><W60/><G54/><T49/><D63/><U105/><E105/><V64/><F64/><W98/><G47/><N who="0" m="25727" /><D41/><U126/><E112/><V103/><F103/><W85/><G85/><T90/><D70/><U9/><E93/><V81/><F51/><W130/><G130/><T58/><D90/><U56/><E95/><V5/><F81/><W10/><G20/><T101/><D101/><U91/><E22/><V99/><F99/><W66/><G66/><T57/><D57/><U2/><E56/><V86/><F55/><W19/><REACH who="3" step="1"/><G98/><REACH who="3" ten="250,250,250,240" step="2"/><T40/><D40/><U1/><E131/><V53/><F53/><W42/><G42/><T46/><D46/><U16/><E129/><V115/><F86/><W127/><G127/><T8/><D8/><U28/><E126/><V133/><F124/><W31/><G31/><T68/><D68/><U27/><E28/><V50/><F30/><W24/><G24/><T65/><D65/><U84/><E9/><RYUUKYOKU ba="1,1" sc="250,15,250,-15,250,-15,240,15" hai0="49,52,58,108,110,121,123" hai3="10,12,19,32,34,60,61,62,87,88,92,132,134" /><INIT seed="0,2,1,5,0,57" ten="265,235,235,255" oya="0" hai0="113,46,40,73,93,117,122,128,109,37,66,34,107" hai1="10,88,129,97,17,63,125,62,7,42,48,103,76" hai2="25,74,22,110,104,4,78,67,111,30,100,28,35" hai3="12,0,91,39,112,119,68,96,52,124,59,132,14"/><T94/><RYUUKYOKU type="yao9" ba="2,1" sc="265,0,235,0,235,0,255,0" hai0="34,37,40,46,66,73,93,94,107,109,113,117,122,128" /><INIT seed="0,3,1,5,5,30" ten="265,235,235,255" oya="0" hai0="128,109,2,118,110,32,25,79,41,69,11,119,62" hai1="101,51,56,27,105,26,22,8,84,117,35,19,111" hai2="7,124,17,10,134,6,114,67,131,133,46,21,92" hai3="127,33,70,4,5,48,42,73,63,44,132,96,52"/><T59/><D79/><U106/><E117/><N who="0" m="44553" /><D41/><U43/><E111/><N who="0" m="42505" /><D128/><U39/><E39/><V88/><F114/><W40/><G73/><T121/><D121/><U130/><E130/><V107/><F107/><W82/><G82/><T75/><D75/><U87/><E8/><V37/><F67/><W23/><G23/><T112/><D112/><U12/><E26/><V103/><F103/><W71/><G71/><T16/><D69/><U72/><E72/><V38/><F46/><W122/><G70/><T34/><D2/><U78/><E78/><V61/><F61/><W54/><G63/><T86/><D86/><U120/><E120/><V0/><F6/><W66/><G4/><T29/><D11/><U24/><E87/><N who="2" m="52255" /><F124/><W94/><G5/><T14/><D14/><U99/><E12/><N who="2" m="9383" /><F131/><W98/><G127/><T3/><D3/><U15/><E15/><V18/><F18/><W31/><G122/><T55/><D16/><U36/><E84/><V104/><F104/><W49/><G42/><T57/><D57/><U126/><E106/><V129/><F129/><W13/><G13/><T135/><D34/><U116/><E116/><V47/><F47/><W80/><G40/><T89/><D89/><U102/><E126/><V113/><F113/><W123/><G44/><T100/><D100/><N who="1" m="62623" /><E35/><V1/><F1/><W85/><G33/><T68/><D68/><U60/><E27/><V50/><F50/><W76/><G49/><T20/><D32/><U65/><E51/><V91/><F91/><W58/><G48/><T125/><D125/><U90/><E90/><V97/><F97/><RYUUKYOKU ba="3,1" sc="265,10,235,10,235,10,255,-30" hai0="20,25,29,55,59,62,135" hai1="19,22,24,36,43,56,60,65,101,102" hai2="0,7,10,37,38,133,134" /><INIT seed="0,4,1,5,2,10" ten="275,245,245,225" oya="0" hai0="99,127,131,103,56,19,41,67,61,80,48,97,78" hai1="54,104,34,1,33,112,122,123,37,119,135,95,82" hai2="60,62,14,27,74,2,23,39,6,126,92,13,32" hai3="30,16,40,110,113,90,70,25,69,129,36,117,5"/><T109/><D127/><U89/><E54/><V50/><F39/><W49/><G117/><T68/><D131/><U31/><E31/><V87/><F74/><W121/><G113/><T85/><D109/><U88/><E82/><V55/><F32/><W11/><G36/><T83/><D83/><U51/><E51/><V132/><F2/><W28/><G129/><T133/><D133/><U21/><E21/><V63/><F6/><W130/><G130/><T81/><D81/><U66/><E95/><V9/><F9/><W98/><G110/><T96/><D19/><U18/><E18/><N who="2" m="12791" /><F126/><W64/><G64/><T38/><D38/><U115/><E66/><V77/><F132/><W105/><G105/><T59/><REACH who="0" step="1"/><D103/><REACH who="0" ten="265,245,245,225" step="2"/><U53/><E37/><V134/><F134/><W58/><G16/><T72/><D72/><U44/><E135/><V108/><F108/><W8/><G30/><T26/><D26/><U29/><E29/><V0/><F77/><W7/><G25/><T106/><D106/><U101/><E104/><V93/><F0/><W15/><G28/><T94/><D94/><N who="2" m="36458" /><F87/><W86/><G86/><T71/><D71/><U75/><E1/><V102/><F102/><W107/><G107/><T45/><AGARI ba="4,2" hai="41,45,48,56,59,61,67,68,78,80,85,96,97,99" machi="45" ten="30,3000,0" yaku="1,1,0,1,53,0" doraHai="10" doraHaiUra="125" who="0" fromWho="0" sc="265,62,245,-14,245,-14,225,-14" /><INIT seed="0,5,0,0,5,85" ten="327,231,231,211" oya="0" hai0="7,33,91,39,49,5,6,101,93,125,8,28,71" hai1="126,63,102,98,70,3,95,30,32,79,92,114,58" hai2="119,120,60,1,130,84,133,75,69,31,97,24,17" hai3="105,94,127,44,43,87,57,16,135,45,77,62,90"/><T37/><D71/><U100/><E3/><V22/><F75/><W59/><G105/><T83/><D125/><U9/><E126/><V51/><F120/><W121/><G127/><T12/><D101/><U10/><E114/><V129/><F1/><W23/><G135/><T34/><D83/><U123/><E70/><V107/><F133/><W52/><G121/><T124/><D124/><U108/><E79/><V53/><F84/><W67/><G77/><T104/><D104/><U134/><E134/><V19/><F119/><W13/><G43/><T50/><D50/><AGARI ba="5,0" hai="13,16,23,44,45,50,52,57,59,62,67,87,90,94" machi="50" ten="30,12000,2" yaku="7,1,25,2,8,1,52,1,54,2" doraHai="85" who="3" fromWho="0" sc="327,-135,231,0,231,0,211,135" /><INIT seed="1,0,0,2,5,87" ten="192,231,231,346" oya="1" hai0="32,111,33,81,97,129,12,3,26,70,90,46,13" hai1="120,56,80,27,98,83,31,34,15,63,7,88,130" hai2="29,19,0,6,124,110,96,23,47,118,4,77,49" hai3="10,82,22,20,112,101,131,126,64,92,99,104,36"/><U61/><E130/><V132/><F118/><W45/><G131/><T69/><D3/><U78/><E120/><V57/><F110/><W79/><G112/><T105/><D129/><U84/><E56/><V51/><F124/><W116/><G126/><T35/><D111/><U40/><E40/><V68/><F68/><N who="0" m="26218" /><D81/><U103/><E15/><N who="0" m="5705" /><D46/><U5/><E7/><V28/><F77/><W58/><G10/><T86/><D86/><U91/><E5/><V102/><F57/><W11/><G11/><T25/><D97/><U44/><E44/><V114/><F47/><W135/><G116/><T30/><D30/><U17/><E17/><V16/><F96/><W113/><G113/><T100/><D100/><U123/><E123/><V134/><F114/><W76/><G82/><T89/><D105/><U48/><E48/><V108/><F108/><W107/><G107/><T18/><D18/><U109/><E109/><V73/><F102/><W115/><G104/><T133/><D133/><U38/><E38/><V67/><F23/><W66/><G20/><T125/><D125/><U59/><E83/><V9/><F9/><W1/><G22/><T121/><D121/><U8/><E8/><V50/><F50/><W128/><G1/><T94/><D94/><N who="1" m="58839" /><E59/><V71/><F71/><W106/><G58/><T65/><D65/><U24/><E24/><AGARI ba="0,0" hai="24,25,26,32,33,35,89,90" m="5705,26218" machi="24" ten="40,8000,1" yaku="28,2,52,2" doraHai="87" who="0" fromWho="1" sc="192,80,231,-80,231,0,346,0" /><INIT seed="2,0,0,3,4,104" ten="272,151,231,346" oya="2" hai0="33,91,117,60,36,85,28,77,52,51,10,44,65" hai1="5,35,73,102,56,134,25,80,38,13,86,11,112" hai2="114,32,113,48,93,42,58,67,74,109,81,61,127" hai3="101,92,39,72,89,83,63,105,23,75,96,14,108"/><V87/><F32/><W31/><G39/><T111/><D111/><U16/><E112/><V4/><F127/><W130/><G108/><T47/><D117/><U119/><E119/><V37/><F109/><W69/><G130/><T27/><D77/><U54/><E38/><V107/><F107/><W8/><G83/><T71/><D10/><U97/><E134/><V64/><F37/><W132/><G132/><T15/><D15/><U100/><E73/><V129/><F129/><W88/><G89/><T24/><D24/><U133/><E133/><V55/><F4/><W50/><G50/><T99/><D99/><U66/><E66/><V120/><F120/><W49/><G49/><T68/><D68/><U98/><E98/><V43/><F67/><W3/><G3/><T78/><D78/><U12/><E25/><V21/><F74/><W128/><G128/><T106/><D106/><U1/><E35/><V95/><F21/><W53/><G69/><T131/><D131/><U26/><E26/><V94/><F113/><W20/><G31/><T6/><D6/><U22/><E97/><V34/><F34/><W103/><G23/><T125/><D125/><U30/><E30/><V0/><F0/><W17/><G20/><T40/><D85/><U110/><E1/><V46/><REACH who="2" step="1"/><F114/><REACH who="2" ten="272,151,221,346" step="2"/><W57/><G75/><T45/><D36/><U135/><E110/><V116/><F116/><W126/><G72/><T29/><D33/><U124/><E124/><V82/><F82/><W41/><G126/><T84/><D65/><U121/><E121/><V79/><AGARI ba="0,1" hai="42,43,46,48,55,58,61,64,79,81,87,93,94,95" machi="79" ten="30,6000,0" yaku="1,1,0,1,8,1,53,0" doraHai="104" doraHaiUra="2" who="2" fromWho="2" sc="272,-20,151,-20,221,70,346,-20" /><INIT seed="2,1,0,4,0,97" ten="252,131,291,326" oya="2" hai0="6,87,73,67,29,36,59,13,39,116,132,9,82" hai1="23,46,53,1,11,98,56,25,90,102,109,4,129" hai2="60,123,63,103,78,68,91,120,99,95,69,44,28" hai3="37,32,61,80,121,51,41,118,77,96,66,117,115"/><V52/><F78/><W124/><G121/><T93/><D132/><U10/><E109/><V108/><F108/><W42/><G124/><T64/><D116/><U107/><E129/><V114/><F114/><W22/><G32/><T40/><D29/><U31/><E11/><V20/><F69/><W30/><G37/><T48/><D93/><U85/><E46/><V12/><F68/><W38/><G38/><T127/><D127/><U110/><E110/><V7/><F123/><W8/><G8/><T92/><D92/><U76/><E76/><V75/><F75/><W88/><G115/><T21/><D73/><U45/><E45/><V57/><F44/><W94/><G51/><T17/><D39/><U5/><E5/><V111/><F111/><W33/><G33/><T14/><D36/><U65/><E65/><V54/><F120/><W83/><G83/><T105/><D105/><U125/><E125/><V3/><F3/><W24/><G118/><T112/><D112/><U49/><E85/><V27/><F12/><W0/><G0/><T55/><REACH who="0" step="1"/><D40/><REACH who="0" ten="242,131,291,326" step="2"/><U101/><REACH who="1" step="1"/><E107/><REACH who="1" ten="242,121,291,326" step="2"/><V71/><F99/><W15/><G117/><T106/><D106/><U18/><E18/><V134/><F7/><W50/><G42/><T35/><D35/><U72/><E72/><V43/><F43/><W126/><G41/><T89/><AGARI ba="1,2" hai="6,9,13,14,17,21,48,55,59,64,67,82,87,89" machi="89" ten="20,5200,0" yaku="1,1,0,1,7,1,8,1,53,0" doraHai="97" doraHaiUra="122" who="0" fromWho="0" sc="242,75,121,-14,291,-27,326,-14" /><INIT seed="3,0,0,3,4,0" ten="317,107,264,312" oya="3" hai0="73,22,109,65,92,104,124,70,10,40,127,74,14" hai1="97,102,59,42,120,129,47,53,12,13,105,29,63" hai2="9,21,118,31,24,16,58,128,90,126,100,82,75" hai3="8,3,43,115,50,38,56,101,18,5,98,26,86"/><W46/><G115/><T79/><D104/><U15/><E129/><V30/><F118/><W60/><G86/><T32/><D109/><U57/><E29/><V39/><F39/><W45/><G26/><T93/><D32/><U48/><E120/><V72/><F128/><W88/><G18/><T71/><D22/><U135/><E135/><V76/><F126/><N who="0" m="48170" /><D40/><U33/><E33/><V2/><F75/><N who="0" m="28682" /><D79/><U67/><REACH who="1" step="1"/><E12/><REACH who="1" ten="317,97,264,312" step="2"/><V54/><F31/><W103/><G45/><T6/><D70/><U20/><E20/><V123/><F123/><W117/><G117/><T69/><D71/><U17/><E17/><V1/><F30/><W66/><REACH who="3" step="1"/><G38/><AGARI ba="0,1" hai="13,15,38,42,47,48,53,57,59,63,67,97,102,105" machi="38" ten="30,3900,0" yaku="1,1,7,1,53,1" doraHai="0" doraHaiUra="68" who="1" fromWho="3" sc="317,0,97,49,264,0,312,-39" /><INIT seed="4,0,0,2,0,64" ten="317,146,264,273" oya="0" hai0="21,9,92,95,66,80,10,19,5,67,36,117,81" hai1="83,3,23,4,20,11,96,51,115,49,2,70,42" hai2="63,58,90,71,132,13,15,91,123,127,26,0,47" hai3="43,98,54,22,110,116,7,8,99,24,76,52,112"/><T38/><D5/><U85/><E2/><V101/><F0/><W31/><G116/><T130/><D21/><U114/><E96/><V53/><F123/><W119/><G119/><T39/><D117/><U120/><E120/><V32/><F127/><W60/><G110/><T87/><D19/><U72/><E72/><V33/><F132/><W55/><G112/><N who="1" m="43050" /><E70/><V93/><F71/><W48/><G60/><T133/><D133/><U73/><E73/><V78/><F78/><W82/><G43/><T77/><D130/><U105/><E105/><V27/><F33/><W16/><G31/><T56/><D56/><U135/><E135/><V134/><F47/><W100/><G48/><N who="1" m="18506" /><E42/><V6/><F32/><W57/><G57/><T28/><D39/><U84/><E84/><V1/><F1/><W35/><G100/><T131/><D87/><U113/><N who="1" m="43058" /><U40/><DORA hai="46" /><E40/><V89/><F134/><W118/><G35/><T68/><D68/><U129/><E129/><V12/><F6/><W59/><G59/><T69/><D69/><U88/><AGARI ba="0,0" hai="3,4,11,20,23,83,85,88" m="18506,43058" machi="88" ten="40,12000,2" yaku="15,1,11,1,52,3,54,1" doraHai="64,46" who="1" fromWho="1" sc="317,-60,146,120,264,-30,273,-30" /><INIT seed="5,0,0,2,1,127" ten="257,266,234,243" oya="1" hai0="10,26,100,7,92,76,97,43,4,116,94,122,14" hai1="89,17,135,48,105,9,98,93,55,46,57,79,3" hai2="75,88,119,112,54,129,60,45,1,13,131,37,87" hai3="61,18,85,73,53,2,16,11,32,41,77,29,67"/><U51/><E135/><V49/><F1/><W22/><G73/><T81/><D116/><U23/><E105/><V71/><F119/><W33/><G41/><T124/><D124/><U52/><E79/><V120/><F75/><W74/><G74/><T83/><D122/><U21/><E3/><V24/><F120/><W91/><G77/><T20/><D4/><U30/><E30/><V121/><F121/><W114/><G114/><T47/><D92/><U111/><E111/><V36/><F112/><W19/><G53/><T70/><D70/><U63/><E9/><V65/><F24/><W128/><G128/><N who="2" m="49225" /><F13/><W123/><G123/><T134/><D134/><U82/><E82/><AGARI ba="0,0" hai="36,37,45,49,54,60,65,71,82,87,88" m="49225" machi="82" ten="30,8000,1" yaku="19,1,52,3,54,1" doraHai="127" who="2" fromWho="1" sc="257,0,266,-80,234,80,243,0" /><INIT seed="6,0,0,0,0,135" ten="257,186,314,243" oya="2" hai0="15,17,72,9,0,74,18,78,129,77,7,45,54" hai1="118,120,43,52,125,128,37,98,99,108,24,22,92" hai2="70,5,75,100,42,46,112,65,8,47,133,130,86" hai3="107,23,116,19,127,49,21,122,88,79,111,14,87"/><V81/><F133/><W126/><G122/><T84/><D129/><U48/><E108/><V119/><F119/><W57/><G116/><T109/><D109/><U39/><E118/><V20/><F130/><W73/><G111/><T60/><D74/><U31/><E128/><V38/><F75/><W69/><G69/><T117/><D72/><U33/><E120/><V131/><F112/><W16/><G107/><T89/><D117/><U132/><E132/><V62/><F131/><W66/><G79/><N who="0" m="30219" /><D0/><U26/><E125/><N who="3" m="47626" /><G73/><T103/><D103/><U113/><E43/><V4/><F100/><W59/><G66/><T106/><D106/><U91/><E113/><V56/><F70/><W124/><N who="3" m="47634" /><W101/><DORA hai="115" /><G49/><N who="0" m="28975" /><D60/><U28/><REACH who="1" step="1"/><E98/><REACH who="1" ten="257,176,314,243" step="2"/><V93/><F42/><W94/><G101/><T61/><D61/><U55/><E55/><V50/><F62/><W82/><G82/><AGARI ba="0,1" hai="7,9,15,17,18,82,84,89" m="28975,30219" machi="82" ten="30,1000,0" yaku="8,1" doraHai="135,115" who="0" fromWho="3" sc="257,20,176,0,314,0,243,-10" /><INIT seed="7,0,0,0,0,53" ten="277,176,314,233" oya="3" hai0="109,92,40,112,134,90,12,82,108,74,30,38,125" hai1="14,98,129,111,45,102,121,113,68,11,104,96,124" hai2="42,120,31,22,34,115,107,67,1,64,97,79,41" hai3="127,119,23,15,6,85,71,81,21,32,83,123,8"/><W37/><G123/><T101/><D30/><U36/><E121/><V52/><F1/><W65/><G32/><T133/><D12/><U4/><E111/><N who="0" m="42569" /><D40/><N who="2" m="15466" /><F34/><W132/><G119/><T13/><D13/><U117/><E68/><V75/><F75/><W35/><G35/><T49/><D49/><U57/><E117/><V95/><F107/><W91/><G132/><N who="0" m="50795" /><D38/><U94/><E113/><V77/><F115/><W29/><G127/><T3/><D3/><U122/><E124/><V16/><F31/><W24/><G37/><T18/><D18/><U116/><E116/><V76/><F52/><W2/><G23/><T80/><D125/><U44/><E129/><V46/><F46/><W10/><G65/><T70/><D70/><U27/><E122/><V100/><F120/><W84/><G71/><T69/><D69/><U89/><E36/><V43/><F43/><W130/><G130/><T99/><D112/><U55/><REACH who="1" step="1"/><E27/><AGARI ba="0,0" hai="16,22,27,64,67,76,77,79,95,97,100" m="15466" machi="27" ten="30,2000,0" yaku="8,1,54,1" doraHai="53" who="2" fromWho="1" sc="277,0,176,-20,314,20,233,0" owari="277,8.0,156,-34.0,334,43.0,233,-17.0" /></mjloggm>