<mjloggm ver="2.3"><GO type="169" lobby="0"/><UN n0="%E3%82%A6%E3%83%AB%E3%83%88%E3%83%A9%E7%AB%8B%E7%9B%B4" n1="%E5%90%89%E5%B2%A1%E8%81%96%E6%81%B5" n2="%E9%BA%BB%E9%9B%80%E3%82%84%E3%82%81%E3%81%9F%E3%81%84" n3="%E3%81%86%E3%81%91%E3%81%AA%E3%81%8C%E3%81%99%E3%81%9C" dan="18,17,16,16" rate="2245.62,2124.26,2097.90,2115.73" sx="M,F,F,F"/><TAIKYOKU oya="0"/><INIT seed="0,0,0,0,2,107" ten="250,250,250,250" oya="0" hai0="38,10,135,59,5,47,104,42,6,62,19,75,61" hai1="111,9,30,129,71,123,102,101,131,56,86,25,94" hai2="41,21,39,114,29,23,106,93,127,15,116,27,0" hai3="35,88,85,87,43,63,92,98,58,22,57,7,11"/><T110/><D104/><U69/><E123/><V73/><F106/><W48/><G35/><T122/><D122/><U24/><E111/><V74/><F114/><W32/><G32/><T109/><D135/><U132/><E132/><V53/><F0/><W36/><G36/><T55/><D75/><U4/><E86/><V65/><F65/><W130/><G130/><N who="1" m="49674" /><E56/><V40/><F93/><W113/><G22/><T96/><D96/><N who="1" m="59543" /><E102/><V50/><F127/><W31/><G31/><T82/><D82/><U8/><E8/><V2/><F2/><W83/><G113/><T64/><D19/><U60/><E60/><V51/><F39/><W100/><G87/><T72/><D72/><U12/><E25/><V13/><F116/><W77/><G100/><T68/><REACH who="0" step="1"/><D10/><REACH who="0" ten="240,250,250,250" step="2"/><U97/><E97/><V89/><F29/><W112/><G112/><T18/><D18/><U37/><E37/><V78/><F74/><W117/><G117/><T95/><D95/><U125/><E125/><V45/><F73/><W33/><G33/><AGARI ba="0,1" hai="4,9,12,24,30,33,69,71" m="59543,49674" machi="33" ten="30,1000,0" yaku="19,1" doraHai="107" who="1" fromWho="3" sc="240,0,250,20,250,0,250,-10" /><INIT seed="1,0,0,1,5,86" ten="240,270,250,240" oya="1" hai0="1,101,26,10,130,128,43,40,20,17,108,135,9" hai1="34,59,129,18,29,47,67,13,125,118,60,82,123" hai2="119,93,132,23,31,115,95,75,103,46,64,68,85" hai3="114,38,117,102,105,76,66,5,14,49,25,126,32"/><U41/><E123/><V44/><F119/><W62/><G114/><T24/><D108/><U73/><E118/><V69/><F75/><W61/><G117/><T124/><D124/><U45/><E125/><V71/><F64/><W7/><G126/><T121/><D135/><U11/><E129/><N who="0" m="49769" /><D121/><U79/><REACH who="1" step="1"/><E41/><REACH who="1" ten="240,260,250,240" step="2"/><V77/><F115/><W53/><G38/><T8/><D43/><U133/><E133/><V51/><F132/><W81/><G66/><T106/><D40/><U99/><E99/><V2/><F71/><W42/><G42/><T39/><D39/><U72/><E72/><V12/><F69/><W3/><G3/><T22/><D1/><U83/><E83/><V87/><F68/><W63/><G81/><T112/><D112/><U88/><E88/><V120/><F120/><W98/><G76/><T109/><D109/><U48/><E48/><V92/><F51/><W80/><G80/><T131/><D131/><U30/><E30/><V37/><F31/><W89/><G89/><T50/><D50/><U74/><E74/><V16/><F37/><W70/><G70/><T107/><D101/><U6/><E6/><V55/><F103/><W27/><G7/><T19/><AGARI ba="0,1" hai="8,9,10,17,19,20,22,24,26,106,107" m="49769" machi="19" ten="30,1100,0" yaku="19,1" doraHai="86" who="0" fromWho="0" sc="240,21,260,-5,250,-3,240,-3" /><INIT seed="2,0,0,5,0,71" ten="261,255,247,237" oya="2" hai0="42,21,50,9,34,85,130,4,68,37,63,121,56" hai1="38,91,41,29,75,80,13,18,30,40,116,12,72" hai2="10,74,115,104,120,95,67,109,8,14,93,26,45" hai3="135,134,6,114,43,84,82,22,106,81,83,103,25"/><V51/><F115/><W66/><G66/><T59/><D34/><U101/><E116/><V123/><F104/><W126/><G6/><T32/><D32/><U90/><E101/><V2/><F74/><W112/><G43/><T128/><D121/><U27/><E27/><V54/><F2/><W125/><G22/><T33/><D33/><U28/><E18/><V53/><F67/><W55/><G55/><T102/><D102/><U131/><E131/><V132/><F132/><N who="3" m="50731" /><G25/><T133/><D85/><U58/><E58/><V127/><F127/><N who="3" m="48651" /><G84/><T62/><D21/><U87/><E87/><V57/><F109/><W11/><G11/><T98/><D9/><U24/><E24/><V31/><F123/><W61/><G61/><T39/><D4/><U124/><E124/><V92/><F14/><W118/><G118/><T77/><D63/><U17/><E28/><V94/><N who="2" m="23552" /><DORA hai="78" /><V47/><F120/><W108/><G108/><T16/><D62/><U117/><E17/><V5/><F5/><W3/><G3/><T69/><D16/><U88/><E29/><V79/><F45/><W111/><G111/><T7/><D7/><U86/><E30/><V36/><F36/><W70/><G70/><T100/><D37/><U89/><E117/><V119/><F119/><W48/><G48/><T23/><D39/><U1/><E1/><V99/><F54/><W64/><G64/><T97/><D68/><U44/><E40/><V96/><F47/><W60/><G60/><T105/><D133/><U65/><E65/><V0/><F0/><W35/><G35/><T49/><D42/><RYUUKYOKU ba="0,0" sc="261,-15,255,15,247,-15,237,15" hai1="12,13,38,41,44,72,75,80,86,88,89,90,91" hai3="81,82,83,103,106,112,114" /><INIT seed="3,1,0,4,2,129" ten="246,270,232,252" oya="3" hai0="79,2,38,5,107,10,31,97,47,67,99,27,49" hai1="22,121,83,51,68,130,81,66,58,70,39,44,125" hai2="24,100,4,61,54,55,11,92,64,57,21,132,91" hai3="23,12,62,34,135,3,80,116,17,76,73,56,8"/><W25/><G116/><T84/><D107/><U63/><E130/><V0/><F100/><W134/><G3/><T93/><D67/><U109/><E121/><V59/><F132/><N who="3" m="50731" /><G34/><T112/><D38/><U15/><E109/><V65/><F55/><N who="3" m="34079" /><G25/><T102/><D112/><U32/><E32/><V128/><F59/><W85/><G73/><T50/><D47/><U88/><E39/><V35/><F35/><W108/><G108/><T110/><D110/><U19/><E125/><V60/><F60/><W133/><N who="3" m="50739" /><W131/><DORA hai="37" /><G8/><T122/><D122/><U113/><E113/><V42/><F128/><AGARI ba="1,0" hai="12,17,23,76,80,85,128,131" m="34079,50739" machi="128" ten="40,12000,1" yaku="20,1,52,4" doraHai="129,37" who="3" fromWho="2" sc="246,0,270,0,232,-123,252,123" /><INIT seed="3,2,0,4,2,89" ten="246,270,109,375" oya="3" hai0="55,118,57,10,95,86,13,91,21,8,119,43,27" hai1="53,2,96,84,1,75,51,32,125,20,11,101,98" hai2="103,12,107,3,23,105,70,30,5,17,74,58,19" hai3="31,120,116,15,130,56,54,44,100,9,87,49,77"/><W29/><G120/><T73/><D73/><U129/><E75/><V45/><F70/><W72/><G116/><T41/><D119/><U79/><E32/><V52/><F74/><W38/><G130/><T42/><D118/><U50/><E50/><V71/><F71/><W61/><G72/><T4/><D10/><U83/><E129/><V59/><F45/><W135/><G100/><T114/><D114/><U106/><E125/><V126/><F126/><W69/><G135/><T64/><D64/><U124/><E124/><V92/><F19/><W97/><G97/><T111/><D111/><U36/><E36/><V34/><F59/><W133/><G38/><T25/><REACH who="0" step="1"/><D21/><REACH who="0" ten="236,270,109,375" step="2"/><U18/><E11/><V117/><F117/><W68/><G133/><T65/><D65/><U66/><E66/><V132/><F132/><W134/><G134/><T26/><D26/><U16/><E1/><V127/><F127/><W67/><G69/><T108/><D108/><U110/><E2/><V40/><F3/><W121/><G121/><T115/><D115/><U60/><E20/><V128/><F128/><W131/><G68/><T35/><D35/><U48/><E110/><V122/><F122/><W24/><G24/><T28/><D28/><U63/><E18/><V14/><F30/><W99/><G131/><T82/><D82/><U93/><E16/><V47/><F34/><W81/><G31/><T46/><D46/><U85/><E83/><V112/><F112/><W94/><G29/><T88/><D88/><U78/><E78/><V104/><F47/><W113/><G113/><T80/><D80/><RYUUKYOKU ba="2,1" sc="236,30,270,-10,109,-10,375,-10" hai0="4,8,13,25,27,41,42,43,55,57,86,91,95" /><INIT seed="4,3,1,1,2,114" ten="266,260,99,365" oya="0" hai0="86,58,103,105,44,106,72,64,65,33,102,81,68" hai1="9,124,77,69,38,66,51,125,93,43,35,67,91" hai2="40,62,29,28,45,101,92,115,23,96,98,80,15" hai3="19,17,83,70,94,110,76,24,10,117,57,131,90"/><T75/><D68/><U78/><E35/><V134/><F134/><W129/><G110/><T130/><D33/><U47/><E9/><V82/><F115/><W118/><G70/><T37/><D37/><U36/><E77/><V34/><F34/><W100/><G100/><N who="0" m="38443" /><D44/><U48/><E78/><V5/><F98/><N who="3" m="57687" /><G57/><T50/><D50/><N who="1" m="27007" /><E91/><V46/><F46/><W1/><G24/><T53/><D53/><U108/><E93/><V135/><F135/><W120/><G120/><T87/><D58/><U27/><E27/><V71/><F71/><W97/><G97/><T121/><D121/><U7/><E7/><V112/><F112/><W107/><G107/><N who="0" m="40971" /><D81/><U26/><E26/><V20/><F62/><W13/><G19/><T8/><D8/><U49/><E108/><V22/><F15/><W88/><G1/><T4/><D4/><U14/><E14/><V42/><F5/><W39/><G39/><N who="1" m="14890" /><E69/><V18/><F18/><W21/><G10/><T113/><D113/><U31/><E31/><V63/><F63/><W54/><G17/><T56/><D75/><U16/><E16/><V6/><F6/><W25/><G13/><T109/><D72/><U95/><E95/><V116/><F42/><W133/><G133/><T32/><D32/><U122/><E122/><V132/><F132/><W61/><G83/><T99/><D99/><U111/><E111/><V84/><F82/><W128/><G25/><T126/><D109/><U123/><E123/><V11/><F80/><W60/><G76/><T55/><D87/><U41/><E41/><V52/><F84/><W73/><G73/><RYUUKYOKU ba="3,1" sc="266,-10,260,30,99,-10,365,-10" hai1="48,49,51,66,67,124,125" /><INIT seed="5,4,1,3,2,57" ten="256,290,89,355" oya="1" hai0="40,113,33,85,6,20,114,23,65,18,29,82,11" hai1="7,92,73,79,109,27,87,90,76,71,10,84,37" hai2="22,74,127,31,8,95,104,43,133,61,132,38,68" hai3="130,2,129,49,54,19,102,69,88,13,34,115,120"/><U4/><E71/><V70/><F104/><W93/><G120/><T83/><D40/><U100/><E37/><V80/><F8/><W51/><G115/><T55/><D65/><U41/><E41/><V99/><F31/><W86/><G34/><T101/><D101/><U48/><E73/><V105/><F105/><W16/><G69/><T44/><D33/><U1/><E48/><V0/><F0/><W126/><G126/><T46/><D29/><U52/><E10/><V39/><F22/><N who="0" m="8234" /><D18/><N who="3" m="6697" /><G13/><N who="0" m="5367" /><D55/><U78/><E52/><V111/><F111/><W91/><G102/><T131/><D83/><U125/><E125/><V64/><F127/><W67/><G67/><T63/><D63/><U26/><E109/><V62/><F80/><N who="3" m="49223" /><G54/><T121/><D121/><U122/><E100/><N who="2" m="60543" /><F74/><W35/><G35/><T58/><D82/><U116/><E122/><V124/><F124/><W30/><G30/><T72/><D72/><U107/><E107/><V25/><F43/><W106/><G106/><T17/><D114/><U117/><E1/><V59/><F25/><W135/><G2/><T96/><D113/><U81/><E26/><V15/><F15/><W103/><G103/><T123/><D123/><U42/><E27/><V14/><F14/><W89/><G89/><T47/><D17/><U94/><E7/><V134/><F70/><W50/><G135/><N who="2" m="34561" /><V36/><DORA hai="112" /><F36/><W21/><G21/><T108/><D108/><U119/><E42/><V66/><AGARI ba="4,1" hai="38,39,59,61,62,64,66,68" m="34561,60543" machi="66" ten="40,5200,0" yaku="20,1,52,2" doraHai="57,112" who="2" fromWho="2" sc="256,-17,290,-30,89,74,355,-17" /><INIT seed="6,0,0,3,4,78" ten="239,260,163,338" oya="2" hai0="72,90,92,127,45,69,120,134,2,4,74,52,24" hai1="70,128,66,43,0,27,79,30,67,46,106,83,25" hai2="26,87,124,110,94,97,75,7,63,60,93,117,62" hai3="47,33,1,135,100,121,132,122,81,103,11,6,8"/><V118/><F124/><W98/><G33/><T28/><D69/><U40/><E40/><V53/><F75/><W116/><G116/><T77/><D120/><U48/><E0/><V17/><F110/><W61/><G11/><T10/><D134/><N who="3" m="51241" /><G103/><T36/><D127/><U115/><E106/><V76/><F7/><W105/><G61/><T29/><D77/><U126/><E126/><V57/><F118/><W41/><G81/><T55/><D29/><U80/><E115/><V44/><F44/><W133/><G133/><T18/><D18/><U42/><E128/><V95/><F117/><W112/><G112/><T86/><D55/><U101/><E101/><V54/><F97/><W37/><AGARI ba="0,0" hai="1,6,8,37,41,47,98,100,105,121,122" m="51241" machi="37" ten="30,2000,0" yaku="20,1,23,1" doraHai="78" who="3" fromWho="3" sc="239,-5,260,-5,163,-10,338,20" /><INIT seed="7,0,0,2,2,82" ten="234,255,153,358" oya="3" hai0="4,47,117,126,128,90,101,55,135,15,124,60,24" hai1="45,125,22,74,0,134,44,37,119,114,127,71,34" hai2="87,29,102,100,39,46,69,68,111,99,56,86,96" hai3="73,81,38,17,3,105,76,50,9,83,107,67,5"/><W106/><G50/><T32/><D101/><U20/><RYUUKYOKU type="yao9" ba="0,0" sc="234,0,255,0,153,0,358,0" hai1="0,20,22,34,37,44,45,71,74,114,119,125,127,134" /><INIT seed="7,1,0,4,5,74" ten="234,255,153,358" oya="3" hai0="6,65,1,92,113,110,2,27,38,87,58,57,21" hai1="123,52,99,55,33,115,43,30,17,75,102,130,19" hai2="48,129,61,36,16,106,96,70,0,134,105,124,15" hai3="39,93,62,13,95,118,77,125,90,76,69,104,114"/><W35/><G118/><T98/><D38/><U135/><E123/><V7/><F36/><W91/><G39/><T20/><D110/><U108/><E108/><V66/><F134/><W5/><G35/><T111/><D111/><U73/><E135/><V31/><F129/><W94/><G104/><T116/><D116/><U24/><E130/><V80/><F124/><W72/><G72/><T40/><D40/><U3/><E75/><V41/><F0/><W22/><G114/><T11/><D113/><U112/><E73/><V47/><F31/><W4/><G62/><T34/><D34/><U46/><E112/><V103/><F7/><W101/><G94/><T8/><D87/><U28/><E3/><V97/><F80/><W126/><G22/><T67/><D92/><U23/><E30/><V100/><REACH who="2" step="1"/><F15/><REACH who="2" ten="234,255,143,358" step="2"/><W51/><G13/><T29/><D29/><U9/><E115/><V86/><F86/><W59/><G5/><T68/><D6/><U128/><E28/><V132/><F132/><W26/><G4/><T50/><D1/><U49/><E128/><V82/><F82/><W54/><G126/><T32/><D2/><U25/><E33/><V117/><F117/><W63/><G125/><T89/><D32/><U53/><E19/><AGARI ba="1,1" hai="16,19,41,47,48,61,66,70,96,97,100,103,105,106" machi="19" ten="40,5200,0" yaku="1,1,9,1,54,1,53,0" doraHai="74" doraHaiUra="88" who="2" fromWho="1" sc="234,0,255,-55,143,65,358,0" owari="234,3.0,200,-30.0,208,-19.0,358,46.0" /></mjloggm>