<mjloggm ver="2.3"><GO type="169" lobby="0"/><UN n0="%E3%82%A6%E3%83%AB%E3%83%88%E3%83%A9%E7%AB%8B%E7%9B%B4" n1="%E5%A4%A9%E7%A9%BA%73%61%79%61" n2="%E3%83%8C%E3%82%A2%E3%82%AF%E3%82%B7%E3%83%A7%E3%83%83%E3%83%88" n3="%E3%81%BE%E3%81%8A%E3%81%BD%E3%82%93" dan="17,17,16,16" rate="2121.87,2149.37,2151.37,2107.24" sx="M,M,M,F"/><TAIKYOKU oya="0"/><INIT seed="0,0,0,0,5,111" ten="250,250,250,250" oya="0" hai0="88,5,134,38,75,91,77,113,102,107,85,57,34" hai1="59,45,108,8,46,69,70,93,84,123,112,44,51" hai2="12,52,48,122,98,115,53,83,87,23,66,47,0" hai3="14,11,103,127,19,65,27,31,61,72,54,73,2"/><T101/><D38/><U3/><E123/><V49/><F0/><W116/><G116/><T106/><D34/><U17/><E108/><V63/><F122/><W29/><G29/><T95/><D57/><U33/><E33/><V43/><F98/><W58/><G127/><T13/><D13/><U41/><E41/><V99/><F115/><W118/><G118/><T125/><D5/><U105/><E105/><N who="0" m="39945" /><D125/><U128/><E128/><V25/><F99/><W71/><G103/><N who="0" m="39435" /><D134/><U9/><E3/><V40/><F12/><W20/><G2/><T39/><D39/><U92/><E46/><V35/><F35/><W126/><G126/><T30/><D30/><U67/><E59/><N who="2" m="37247" /><F87/><W133/><G133/><T62/><D62/><AGARI ba="0,0" hai="11,14,19,20,27,31,54,58,61,62,65,71,72,73" machi="62" ten="30,1000,0" yaku="7,1" doraHai="111" who="3" fromWho="0" sc="250,-10,250,0,250,0,250,10" /><INIT seed="1,0,0,1,1,123" ten="240,250,250,260" oya="1" hai0="48,120,27,50,99,106,94,24,9,26,89,0,71" hai1="111,119,122,58,121,10,28,87,34,135,15,1,38" hai2="70,54,11,112,76,20,5,85,131,40,39,125,68" hai3="47,65,18,35,25,57,88,7,17,107,73,114,134"/><U75/><E119/><V61/><F39/><W133/><G107/><T44/><D120/><U46/><E75/><V30/><F40/><W103/><G103/><T43/><D71/><U55/><E1/><V79/><F131/><W60/><G73/><T62/><D106/><U77/><E135/><V32/><F32/><W124/><G7/><T6/><REACH who="0" step="1"/><D62/><REACH who="0" ten="230,250,250,260" step="2"/><U98/><E121/><V74/><F61/><W36/><G60/><T16/><D16/><U56/><E122/><V116/><F70/><W29/><G17/><T31/><D31/><U102/><E28/><V83/><F68/><W95/><G18/><T96/><D96/><U132/><E98/><V81/><F30/><W91/><G29/><T8/><D8/><U129/><E10/><V19/><F11/><W105/><G105/><T66/><D66/><U41/><E132/><V33/><F19/><W64/><G65/><T51/><AGARI ba="0,1" hai="0,6,9,24,26,27,43,44,48,50,51,89,94,99" machi="51" ten="30,4000,0" yaku="1,1,0,1,53,1" doraHai="123" doraHaiUra="2" who="0" fromWho="0" sc="230,50,250,-20,250,-10,260,-10" /><INIT seed="2,0,0,3,4,134" ten="280,230,240,250" oya="2" hai0="92,31,68,61,73,118,74,37,2,51,11,63,127" hai1="110,72,129,8,65,36,119,54,24,93,132,75,126" hai2="78,15,21,85,104,5,42,91,120,58,34,33,115" hai3="99,35,125,100,105,48,86,96,94,123,109,107,22"/><V71/><F71/><W87/><G35/><T60/><D37/><U3/><E24/><V13/><F104/><W32/><G32/><T26/><D68/><U41/><E8/><V102/><F102/><N who="3" m="62687" /><G48/><T25/><D118/><U70/><E93/><V84/><F115/><W19/><G19/><T38/><D38/><U113/><E54/><V20/><F42/><W59/><G59/><T131/><D131/><U30/><E65/><V69/><F69/><W124/><G22/><T128/><D128/><U79/><E79/><V16/><F120/><W29/><G29/><T76/><D76/><U43/><E43/><V89/><F58/><W57/><G57/><T77/><D77/><U133/><E30/><V108/><F78/><W121/><G109/><T47/><D60/><U53/><E53/><V64/><F64/><W114/><G114/><T111/><D61/><U88/><E41/><V80/><F108/><W7/><G7/><T106/><D63/><U95/><E36/><V81/><F5/><W52/><G52/><T98/><D51/><U23/><E133/><V40/><F40/><W46/><G46/><T135/><D47/><U130/><E132/><V122/><F122/><N who="3" m="46603" /><G107/><T0/><D106/><U45/><E130/><V10/><F10/><W27/><G27/><T18/><D25/><U9/><E129/><V17/><AGARI ba="0,0" hai="13,15,16,17,20,21,33,34,80,81,84,85,89,91" machi="17" ten="30,12000,1" yaku="0,1,32,3,54,1" doraHai="134" who="2" fromWho="2" sc="280,-40,230,-40,240,120,250,-40" /><INIT seed="2,1,0,4,1,99" ten="240,190,360,210" oya="2" hai0="73,32,63,82,125,5,3,22,121,132,30,77,44" hai1="55,60,71,76,9,43,33,106,51,56,34,68,80" hai2="131,53,74,118,75,64,19,25,120,27,108,97,109" hai3="40,66,41,47,101,20,98,87,69,115,84,107,70"/><V89/><F118/><W93/><G115/><T122/><D22/><U135/><E135/><V72/><F131/><W78/><G41/><T29/><D29/><U111/><E111/><V90/><F120/><W49/><G66/><T4/><D4/><U31/><E106/><V119/><F64/><W46/><G46/><T14/><D14/><U13/><E31/><V112/><F112/><W26/><G84/><T37/><D63/><U110/><E110/><V12/><F119/><W103/><G103/><T1/><D132/><U79/><E79/><V17/><F75/><W45/><G45/><T15/><D15/><U21/><E21/><V95/><F12/><W61/><G61/><T52/><D52/><U57/><E68/><V126/><F95/><W10/><G10/><T128/><D128/><U24/><E71/><V83/><F97/><W96/><G96/><T105/><D105/><U62/><E24/><V134/><F134/><W102/><G102/><T67/><D67/><U7/><E43/><V92/><F92/><W11/><G11/><T88/><D73/><U133/><E133/><V6/><F53/><W104/><G104/><T38/><D1/><U86/><E51/><V81/><F6/><W58/><G58/><T117/><D5/><U16/><REACH who="1" step="1"/><E7/><REACH who="1" ten="240,180,360,210" step="2"/><V42/><F42/><W2/><G107/><T124/><D121/><U54/><AGARI ba="1,1" hai="9,13,16,33,34,54,55,56,57,60,62,76,80,86" machi="54" ten="20,12000,2" yaku="1,1,2,1,0,1,7,1,9,1,54,1,53,0" doraHai="99" doraHaiUra="123" who="1" fromWho="1" sc="240,-31,180,133,360,-61,210,-31" /><INIT seed="3,0,0,2,5,134" ten="209,313,299,179" oya="3" hai0="36,107,25,4,53,96,112,117,0,26,44,31,18" hai1="49,50,42,28,97,72,30,63,119,73,74,64,89" hai2="87,94,106,85,105,2,32,79,23,21,11,90,71" hai3="12,10,66,118,48,51,61,116,9,122,114,34,46"/><W120/><G34/><T47/><D117/><U1/><E1/><V130/><F71/><W8/><G12/><T132/><D132/><U60/><E119/><N who="3" m="45610" /><G61/><T68/><D68/><U86/><E97/><V128/><F32/><W43/><G66/><T115/><D4/><U102/><E102/><V110/><F110/><W67/><G67/><T57/><D0/><U108/><E108/><V125/><F2/><W84/><G84/><T121/><D121/><N who="3" m="46697" /><G46/><T58/><D58/><U124/><E72/><V93/><F11/><W91/><G91/><T129/><D47/><U16/><E64/><V29/><F90/><W38/><G43/><N who="0" m="22631" /><D96/><U37/><E89/><V101/><F101/><W24/><G24/><T15/><D107/><U40/><E86/><V109/><F109/><W78/><G78/><T75/><D75/><U103/><E103/><V55/><F79/><W13/><G13/><T35/><D26/><U22/><E74/><V95/><F95/><W14/><G14/><T126/><D25/><U83/><E73/><V39/><F39/><W70/><G70/><T54/><D35/><U88/><E37/><V131/><F131/><W41/><G41/><T82/><D129/><U113/><E40/><V92/><F92/><W98/><G38/><T104/><D104/><U135/><E42/><V52/><F29/><W6/><G98/><T99/><D99/><U81/><E88/><V77/><F77/><W59/><G6/><T62/><D31/><U65/><E30/><V5/><F5/><W3/><G3/><T7/><D7/><U123/><E28/><V33/><F33/><RYUUKYOKU ba="0,0" sc="209,-10,313,-10,299,30,179,-10" hai2="21,23,52,55,85,87,93,94,105,106,125,128,130" /><INIT seed="4,1,0,5,0,124" ten="199,303,329,169" oya="0" hai0="23,27,133,17,130,6,131,36,5,16,127,42,4" hai1="22,119,25,91,30,90,100,45,46,83,109,106,60" hai2="96,34,85,78,64,122,80,10,134,88,73,111,37" hai3="40,43,69,51,44,24,13,123,7,97,67,112,14"/><T48/><D36/><U99/><E99/><V104/><BYE who="1" /><F34/><W47/><G112/><T56/><D127/><U129/><E129/><N who="0" m="49161" /><D133/><U63/><E63/><V95/><F37/><W12/><G7/><T105/><D105/><U72/><E72/><V66/><F122/><W121/><G97/><T102/><D102/><UN n1="%E5%A4%A9%E7%A9%BA%73%61%79%61" /><U108/><E119/><V116/><F116/><W82/><G82/><T74/><D74/><U125/><E125/><V0/><F134/><W26/><G69/><T52/><D42/><N who="3" m="15913" /><G67/><T1/><D17/><U103/><E100/><N who="2" m="62471" /><F111/><W20/><G20/><T87/><D87/><U93/><E103/><V11/><F11/><AGARI ba="1,0" hai="1,4,5,6,11,16,23,27,48,52,56" m="49161" machi="11" ten="30,18000,2" yaku="19,1,52,3,54,2" doraHai="124" who="0" fromWho="2" sc="199,183,303,0,329,-183,169,0" /><INIT seed="4,2,0,4,0,51" ten="382,303,146,169" oya="0" hai0="111,40,132,16,65,17,94,76,129,19,49,12,126" hai1="47,92,1,0,42,52,100,98,26,25,22,35,81" hai2="93,3,78,4,48,74,116,54,134,32,79,2,125" hai3="130,91,64,119,85,113,110,97,5,68,73,45,7"/><T10/><D129/><U50/><E81/><V80/><F32/><W57/><G130/><T46/><D126/><U33/><E26/><V106/><F106/><W56/><G73/><T29/><D132/><U14/><E14/><V31/><F31/><W75/><G75/><T107/><D107/><U18/><E33/><V101/><F79/><W84/><G110/><T60/><D111/><U24/><REACH who="1" step="1"/><E42/><REACH who="1" ten="382,293,146,169" step="2"/><V67/><F80/><W37/><G119/><T109/><D109/><U82/><E82/><V66/><F116/><W105/><G5/><T86/><D29/><AGARI ba="2,1" hai="0,1,18,22,24,25,29,35,47,50,52,92,98,100" machi="29" ten="40,5200,0" yaku="1,1,52,1,54,1,53,0" doraHai="51" doraHaiUra="135" who="1" fromWho="0" sc="382,-58,293,68,146,0,169,0" /><INIT seed="5,0,0,4,5,130" ten="324,361,146,169" oya="1" hai0="26,62,48,44,131,64,41,81,58,95,69,67,109" hai1="66,1,43,77,68,9,126,78,3,121,19,86,18" hai2="0,16,4,87,128,97,135,93,60,38,123,56,25" hai3="80,27,55,23,89,32,12,118,72,49,71,90,31"/><U61/><E121/><V42/><F38/><W10/><G118/><T11/><D109/><U59/><E126/><V124/><F42/><W53/><G71/><T20/><D131/><U36/><E36/><V73/><F73/><W51/><G72/><T106/><D106/><U50/><E86/><V102/><F123/><W75/><G75/><T57/><D81/><U115/><E115/><V35/><F128/><W94/><G32/><T54/><D11/><U21/><E19/><V85/><F4/><N who="3" m="3143" /><G80/><T15/><D15/><U6/><E1/><V107/><F0/><W30/><G30/><T91/><D67/><U117/><E117/><V40/><F40/><W119/><G119/><T47/><D69/><U34/><E34/><V84/><F124/><W39/><G39/><T2/><D41/><U96/><E96/><V22/><F35/><W83/><G83/><T63/><D48/><N who="3" m="18505" /><G90/><T103/><D2/><U105/><E105/><V17/><F107/><W5/><G5/><T24/><D103/><U122/><E122/><V104/><F104/><W132/><G132/><T114/><D114/><U14/><REACH who="1" step="1"/><E59/><REACH who="1" ten="324,351,146,169" step="2"/><V99/><F135/><W37/><G37/><T79/><D79/><U88/><E88/><V45/><F99/><AGARI ba="0,1" hai="23,27,31,53,55,89,94,99" m="18505,3143" machi="99" ten="30,1000,0" yaku="8,1" doraHai="130" who="3" fromWho="2" sc="324,0,351,0,146,-10,169,20" /><INIT seed="6,0,0,4,1,115" ten="324,351,136,189" oya="2" hai0="75,29,77,1,2,95,98,21,49,88,85,79,47" hai1="10,82,56,99,123,83,25,124,84,89,66,5,72" hai2="135,41,114,94,12,111,126,100,34,38,119,57,33" hai3="22,64,43,17,128,18,108,63,90,8,103,6,20"/><V96/><F119/><W133/><G108/><T31/><D75/><U112/><E112/><V27/><F114/><W32/><G103/><T24/><D31/><U19/><E123/><V104/><F111/><W28/><G43/><T54/><D1/><U113/><E113/><V69/><F69/><W59/><G128/><T74/><D2/><U51/><E124/><V48/><F126/><W35/><G133/><T70/><D74/><U93/><E72/><V16/><F135/><W36/><G36/><T55/><D70/><U9/><E82/><V58/><F104/><W46/><G46/><T71/><D71/><U78/><E5/><V3/><F3/><W81/><G28/><T4/><D4/><U44/><E66/><V131/><F131/><W80/><G8/><T45/><D85/><U117/><E56/><V62/><F27/><W121/><G6/><T67/><D67/><U50/><E117/><V97/><F97/><W23/><G121/><T68/><D68/><U15/><E25/><V122/><F122/><W106/><G106/><T130/><D130/><U42/><E10/><N who="2" m="6167" /><F38/><AGARI ba="0,0" hai="9,15,19,38,42,44,50,51,78,83,84,89,93,99" machi="38" ten="30,1000,0" yaku="7,1" doraHai="115" who="1" fromWho="2" sc="324,0,351,10,136,-10,189,0" /><INIT seed="7,0,0,3,1,47" ten="324,361,126,189" oya="3" hai0="21,32,108,83,23,91,121,36,39,7,131,29,60" hai1="56,78,118,58,5,48,76,26,34,66,20,11,12" hai2="109,126,124,50,74,6,93,107,117,119,90,114,8" hai3="54,98,15,82,35,41,75,43,63,19,30,9,31"/><W27/><G31/><T17/><D108/><U37/><E37/><V18/><F107/><W122/><G122/><T42/><D121/><U57/><E118/><V24/><F74/><W96/><G96/><T46/><D131/><U87/><E34/><V70/><F70/><W110/><G110/><T106/><D106/><U105/><E105/><V86/><F109/><W111/><G111/><T120/><D120/><U71/><E71/><V132/><F132/><W62/><G62/><T22/><D7/><U40/><E66/><V95/><F114/><W100/><G82/><T129/><D129/><U99/><E99/><V88/><F24/><W33/><G33/><T14/><D32/><U104/><E104/><V67/><F18/><W123/><G123/><T94/><D83/><N who="1" m="47591" /><E78/><V52/><F67/><W135/><G135/><T112/><D112/><U3/><E3/><N who="2" m="95" /><F90/><W44/><G75/><T45/><D60/><U73/><E73/><V16/><F95/><W55/><G55/><T97/><REACH who="0" step="1"/><D29/><REACH who="0" ten="314,361,126,189" step="2"/><N who="1" m="17607" /><E40/><AGARI ba="0,1" hai="14,17,21,22,23,36,39,40,42,45,46,91,94,97" machi="40" ten="40,2600,0" yaku="1,1,9,1,53,0" doraHai="47" doraHaiUra="80" who="0" fromWho="1" sc="314,36,361,-26,126,0,189,0" owari="350,44.0,335,14.0,126,-37.0,189,-21.0" /></mjloggm>