<mjloggm ver="2.3"><GO type="169" lobby="0"/><UN n0="%E3%82%A6%E3%83%AB%E3%83%88%E3%83%A9%E7%AB%8B%E7%9B%B4" n1="%E3%81%91%E3%82%93%31%39%37%30" n2="%E3%82%82%E3%82%81%E3%82%93%E3%81%AA%E3%81%A1%E3%82%83%E3%81%84" n3="%EF%BC%A4%EF%BC%B2%EF%BC%AF%EF%BC%B0" dan="18,16,18,18" rate="2208.04,2106.70,2176.52,2213.42" sx="M,M,F,M"/><TAIKYOKU oya="0"/><INIT seed="0,0,0,4,4,31" ten="250,250,250,250" oya="0" hai0="22,32,64,109,135,13,83,54,80,97,78,6,21" hai1="86,17,33,68,92,34,48,73,74,7,41,25,71" hai2="123,26,30,106,40,18,116,102,77,55,131,112,132" hai3="27,38,120,5,1,110,60,16,28,84,44,114,111"/><T82/><D135/><U19/><E7/><V10/><F112/><W90/><G114/><T70/><D109/><N who="3" m="41481" /><G120/><T49/><D32/><U91/><E41/><V85/><F55/><W61/><G5/><T129/><D129/><U134/><E48/><V124/><F85/><W126/><G1/><T65/><D78/><U14/><E134/><V59/><F26/><W72/><G72/><T107/><D107/><U12/><E25/><V98/><F59/><W50/><G38/><T87/><D87/><U45/><E86/><V67/><F10/><W76/><G76/><T36/><D36/><U117/><E92/><V15/><F106/><W3/><G3/><T94/><D70/><U133/><E133/><V103/><F77/><W43/><G16/><N who="0" m="10383" /><D22/><U125/><E45/><V93/><F132/><W39/><G39/><T101/><D6/><U42/><E42/><V57/><F40/><W20/><G126/><T0/><D0/><U88/><E117/><V119/><F119/><W130/><G130/><T29/><D29/><U96/><E96/><V46/><F30/><W105/><G105/><T8/><D8/><U37/><E37/><V58/><F131/><W66/><G66/><T4/><D4/><U127/><AGARI ba="0,0" hai="12,14,17,19,33,34,68,71,73,74,88,91,125,127" machi="127" ten="25,12000,2" yaku="0,1,22,2,52,2,54,1" doraHai="31" who="1" fromWho="1" sc="250,-60,250,120,250,-30,250,-30" /><INIT seed="1,0,0,4,0,72" ten="190,370,220,220" oya="1" hai0="44,114,133,17,47,119,120,77,129,97,92,90,3" hai1="0,89,54,105,124,128,115,86,113,76,1,121,56" hai2="91,48,130,125,104,38,103,111,43,96,127,87,11" hai3="28,116,6,53,79,122,57,39,73,88,108,24,41"/><U85/><E121/><V126/><F38/><W59/><G122/><T112/><D120/><U107/><E124/><V66/><F111/><W80/><G108/><T5/><D119/><U18/><E128/><V132/><F132/><W23/><G116/><T34/><D34/><U102/><E18/><V50/><F130/><W71/><G71/><T67/><D129/><U16/><E16/><V27/><F43/><W135/><G135/><T81/><D133/><U123/><E123/><V30/><F66/><W100/><G100/><T106/><D67/><U10/><E10/><V21/><REACH who="2" step="1"/><F11/><REACH who="2" ten="190,370,210,220" step="2"/><W70/><G41/><T101/><D114/><U131/><E131/><V37/><F37/><W52/><G39/><T40/><D40/><U93/><E113/><V60/><F60/><W36/><G36/><T117/><D112/><U14/><E115/><V65/><F65/><W32/><G70/><T46/><D117/><U82/><E105/><V31/><F31/><W9/><G53/><T69/><D69/><U49/><E107/><V78/><F78/><W29/><G29/><T55/><D55/><U13/><E102/><V2/><F2/><W12/><G52/><T61/><D61/><U118/><E118/><V62/><F62/><W83/><REACH who="3" step="1"/><G32/><REACH who="3" ten="190,370,210,210" step="2"/><T84/><D101/><U22/><E54/><V109/><F109/><W110/><G110/><T75/><D47/><U74/><E56/><V26/><F26/><W7/><G7/><T68/><D46/><U19/><E49/><V98/><F98/><W64/><G64/><T95/><D44/><U4/><E4/><V15/><F15/><RYUUKYOKU ba="0,2" sc="190,-15,370,-15,210,15,210,15" hai2="21,27,30,48,50,87,91,96,103,104,125,126,127" hai3="6,9,12,23,24,28,57,59,73,79,80,83,88" /><INIT seed="2,1,2,5,5,6" ten="175,355,225,225" oya="2" hai0="82,11,80,33,46,27,75,118,10,73,42,0,135" hai1="51,110,28,111,50,13,114,37,26,101,86,57,9" hai2="71,15,7,39,38,29,2,74,1,31,134,84,8" hai3="123,109,126,107,121,66,97,16,125,53,21,83,30"/><V79/><F134/><W65/><G30/><T24/><D135/><U76/><E37/><V68/><F84/><W119/><G119/><T129/><D129/><U131/><E131/><V88/><F88/><W25/><G109/><N who="1" m="41482" /><E114/><V81/><F15/><W87/><G53/><T14/><D118/><U23/><E101/><V93/><F93/><W47/><G47/><T105/><D105/><U48/><E57/><V77/><F7/><W12/><G25/><T4/><D33/><U89/><E76/><V34/><F34/><W122/><G97/><T103/><D103/><U64/><E64/><V116/><F116/><W102/><G102/><T96/><D96/><U3/><E3/><V85/><F85/><W94/><G94/><T40/><D4/><N who="1" m="3239" /><E51/><V32/><F32/><W124/><REACH who="3" step="1"/><G107/><REACH who="3" ten="175,355,225,215" step="2"/><T35/><D46/><U106/><E106/><V90/><F81/><AGARI ba="1,3" hai="23,26,28,48,50,81,86,89" m="3239,41482" machi="81" ten="30,2000,0" yaku="14,1,52,1" doraHai="6" who="1" fromWho="2" sc="175,0,355,53,225,-23,215,0" /><INIT seed="3,0,0,4,2,9" ten="175,408,202,215" oya="3" hai0="25,23,39,60,120,43,16,132,76,1,21,53,82" hai1="54,77,92,118,22,49,51,59,96,32,123,13,20" hai2="10,102,90,99,15,69,75,40,112,127,36,89,119" hai3="95,47,46,88,122,66,114,107,81,93,31,63,12"/><W2/><G2/><T121/><D132/><U126/><E123/><V57/><F69/><W7/><G107/><T3/><D43/><U128/><E32/><V97/><F119/><W44/><G114/><T55/><D39/><U70/><E70/><V115/><F75/><W86/><G122/><T48/><D1/><U37/><E37/><V18/><F127/><W64/><G31/><T62/><D3/><U5/><E128/><V27/><F97/><W94/><G63/><T4/><D4/><U131/><E131/><V110/><F110/><W52/><G52/><T8/><D8/><AGARI ba="0,0" hai="7,8,12,44,46,47,64,66,81,86,88,93,94,95" machi="8" ten="40,7700,0" yaku="8,1,52,1,54,1" doraHai="9" who="3" fromWho="0" sc="175,-77,408,0,202,0,215,77" /><INIT seed="3,1,0,2,5,91" ten="98,408,202,292" oya="3" hai0="101,6,98,45,15,35,25,44,29,28,43,62,3" hai1="67,47,52,114,48,105,20,86,93,131,7,57,34" hai2="132,68,119,121,130,9,115,89,33,12,10,100,70" hai3="19,134,66,27,112,49,85,60,76,13,94,83,26"/><W31/><G112/><T118/><D118/><U77/><E34/><V0/><F100/><W135/><G49/><T79/><D29/><U122/><E105/><V129/><F89/><W24/><G31/><T123/><D123/><U133/><E122/><V63/><F63/><W8/><REACH who="3" step="1"/><G94/><REACH who="3" ten="98,408,202,282" step="2"/><T73/><D28/><U111/><E93/><V59/><F115/><W125/><G125/><T4/><D62/><U92/><E92/><V128/><F121/><W72/><G72/><T54/><D73/><U117/><E48/><V108/><F128/><W38/><G38/><T127/><D127/><U65/><E131/><V32/><F129/><W2/><G2/><T64/><D3/><U37/><E37/><V97/><F0/><W21/><G21/><T58/><D35/><U109/><E20/><V107/><F33/><W22/><G22/><T110/><D44/><U46/><E47/><V84/><F32/><W23/><G23/><T53/><D45/><U18/><E46/><V69/><F130/><W40/><G40/><T82/><D43/><U36/><E36/><V74/><F74/><W102/><G102/><T55/><D101/><U14/><E114/><V81/><F107/><W1/><G1/><T71/><D25/><U30/><E30/><V126/><F126/><W120/><G120/><T56/><D15/><U96/><E14/><V95/><F12/><W78/><G78/><T116/><D79/><U17/><E77/><V104/><F104/><W80/><G80/><T39/><D82/><U75/><E75/><V106/><F106/><W16/><G16/><T87/><D39/><RYUUKYOKU ba="1,1" sc="98,-10,408,-10,202,-10,282,30" hai3="8,13,19,24,26,27,60,66,76,83,85,134,135" /><INIT seed="3,2,1,2,1,99" ten="88,398,192,312" oya="3" hai0="73,50,133,24,34,29,130,98,72,107,52,117,19" hai1="45,59,106,2,21,100,11,14,20,87,4,90,126" hai2="48,81,95,36,113,101,128,35,47,63,57,108,8" hai3="18,104,5,13,75,15,12,116,105,42,51,123,112"/><W43/><G75/><T82/><D117/><U62/><E126/><V96/><F113/><W17/><G116/><T40/><D130/><U1/><E1/><V49/><F128/><W83/><G51/><T119/><D119/><U127/><E127/><V30/><F108/><W39/><G83/><T132/><D40/><N who="3" m="15401" /><G112/><T76/><D19/><N who="3" m="7177" /><G5/><T110/><D73/><U68/><E68/><V125/><F125/><W115/><G115/><T56/><REACH who="0" step="1"/><D110/><REACH who="0" ten="78,398,192,312" step="2"/><U91/><E4/><V22/><F36/><W0/><G39/><T120/><D120/><U10/><E10/><V134/><F8/><W61/><G123/><T53/><D53/><U37/><E11/><V86/><F134/><W58/><G0/><T118/><D118/><U65/><E2/><V31/><F31/><W26/><G12/><T84/><D84/><U16/><E87/><V32/><F86/><W54/><G13/><T70/><D70/><U38/><E38/><V93/><F30/><W94/><G15/><T55/><D55/><U78/><E37/><V102/><F81/><W124/><G124/><T74/><D74/><U122/><E122/><V41/><F41/><W85/><G85/><T121/><D121/><U46/><E14/><V129/><F129/><W44/><G54/><T71/><D71/><U103/><E78/><V111/><F111/><W77/><G77/><T69/><D69/><U92/><E65/><V28/><F28/><W114/><G114/><T6/><D6/><U9/><E9/><V60/><F47/><W66/><G44/><T89/><D89/><U25/><E46/><V33/><F57/><RYUUKYOKU ba="2,2" sc="78,30,398,-10,192,-10,312,-10" hai0="24,29,34,50,52,56,72,76,82,98,107,132,133" /><INIT seed="4,3,2,4,5,39" ten="108,388,182,302" oya="0" hai0="23,6,107,126,75,102,133,27,127,97,4,129,1" hai1="98,86,84,88,90,63,17,8,0,33,85,108,125" hai2="87,7,103,41,24,79,111,89,128,9,51,56,3" hai3="37,70,10,73,64,92,68,31,74,15,52,62,101"/><T134/><D75/><U109/><E33/><V93/><F111/><W40/><G68/><T119/><D119/><U26/><E125/><N who="0" m="47625" /><D1/><U25/><E109/><V46/><F128/><W69/><G69/><T21/><D129/><U34/><E108/><V77/><F103/><W61/><G31/><N who="0" m="17903" /><D23/><U116/><E34/><V30/><REACH who="2" step="1"/><F56/><REACH who="2" ten="108,388,172,302" step="2"/><W49/><G101/><T58/><D58/><U106/><E116/><V2/><F2/><W78/><G70/><T72/><D72/><U13/><E0/><V76/><F76/><W60/><G78/><T35/><D35/><AGARI ba="3,3" hai="3,7,9,24,30,35,41,46,51,77,79,87,89,93" machi="35" ten="30,3900,0" yaku="1,1,7,1,52,1,53,0" doraHai="39" doraHaiUra="95" who="2" fromWho="0" sc="108,-48,388,0,172,78,302,0" /><INIT seed="5,0,0,2,3,12" ten="60,388,250,302" oya="1" hai0="120,96,8,113,47,70,134,45,123,33,73,116,91" hai1="32,99,69,92,98,60,39,49,87,108,86,5,83" hai2="88,114,58,13,3,37,40,27,31,35,10,77,117" hai3="129,16,15,2,7,29,81,42,85,4,0,67,30"/><U34/><E39/><V20/><F117/><W118/><G118/><T25/><D116/><U41/><E108/><V6/><F114/><W75/><G75/><T126/><D70/><U11/><E99/><V64/><F77/><W22/><G129/><T72/><D96/><U66/><E87/><V65/><F58/><W63/><G42/><T43/><D43/><U130/><E130/><V36/><F88/><N who="3" m="51247" /><G0/><T1/><D91/><U26/><E26/><V94/><F94/><W119/><G2/><T44/><D1/><U97/><E97/><V104/><F104/><W110/><G110/><T55/><D8/><U48/><E41/><V53/><F53/><W133/><G133/><T128/><D55/><U121/><E121/><N who="0" m="46665" /><D128/><U122/><E122/><V115/><F115/><W127/><G127/><T105/><D105/><U38/><E38/><N who="2" m="14955" /><F40/><W132/><G132/><T107/><D107/><U71/><E71/><V84/><F84/><W101/><G101/><T23/><D134/><U79/><E34/><V24/><F24/><W46/><G119/><T28/><D113/><U93/><E32/><V76/><F76/><W103/><G103/><T90/><D126/><U56/><E69/><V74/><F74/><N who="0" m="28778" /><D90/><N who="1" m="55607" /><E92/><V78/><F78/><W50/><G67/><T19/><D33/><U112/><E112/><V102/><F102/><W80/><G80/><T21/><D21/><U111/><E111/><V109/><F109/><W124/><G124/><T68/><D68/><U125/><E125/><V17/><AGARI ba="0,0" hai="3,6,10,13,17,20,27,31,35,64,65" m="14955" machi="17" ten="30,2000,0" yaku="24,1,52,1" doraHai="12" who="2" fromWho="2" sc="60,-5,388,-10,250,20,302,-5" /><INIT seed="6,0,0,3,2,109" ten="55,378,270,297" oya="2" hai0="42,29,92,96,60,37,8,45,23,128,91,80,81" hai1="78,132,105,30,14,24,32,25,12,5,31,116,99" hai2="110,2,118,129,71,103,56,3,122,18,93,28,98" hai3="77,9,115,119,7,88,33,11,64,50,17,10,102"/><V44/><F71/><W76/><G119/><T52/><D128/><U41/><E116/><V111/><F118/><W90/><G33/><T127/><D127/><U112/><E78/><N who="3" m="30314" /><G7/><T39/><D39/><U75/><E75/><V65/><F122/><W21/><G102/><T86/><D8/><U114/><E41/><V126/><F126/><W62/><G115/><N who="1" m="44074" /><E132/><V4/><F129/><W40/><G62/><T113/><D113/><U48/><E48/><V100/><F28/><W117/><G64/><T87/><D29/><U43/><E43/><V83/><F100/><W27/><G117/><T85/><REACH who="0" step="1"/><D23/><REACH who="0" ten="45,378,270,297" step="2"/><N who="1" m="15647" /><E5/><V95/><F4/><W130/><G130/><T84/><N who="0" m="21504" /><DORA hai="70" /><T22/><D22/><U120/><E120/><V26/><F111/><W51/><G9/><T38/><D38/><U101/><AGARI ba="0,1" hai="12,14,25,31,32,99,101,105" m="15647,44074" machi="101" ten="30,7900,0" yaku="15,1,52,3" doraHai="109,70" who="1" fromWho="1" sc="45,-20,378,89,270,-39,297,-20" /><INIT seed="7,0,0,2,4,77" ten="25,467,231,277" oya="3" hai0="133,106,87,104,80,93,41,69,111,45,101,15,109" hai1="115,92,8,25,68,3,112,17,73,62,134,110,60" hai2="38,58,122,129,75,9,84,128,76,29,91,66,63" hai3="102,59,131,65,125,130,96,54,16,14,85,19,105"/><W48/><G125/><T18/><D69/><U31/><E110/><V127/><F38/><W11/><G65/><T95/><D18/><U23/><E134/><V52/><F127/><W5/><REACH who="3" step="1"/><G85/><REACH who="3" ten="25,467,231,267" step="2"/><T72/><D15/><U70/><E73/><V82/><F122/><W12/><G12/><T86/><D45/><U40/><E115/><V88/><F29/><W46/><G46/><T21/><D21/><U4/><E31/><V121/><F121/><W113/><G113/><T132/><D41/><U103/><E40/><V28/><F28/><W124/><G124/><T67/><D67/><U74/><E74/><V107/><F9/><W49/><G49/><T126/><D126/><U81/><E112/><V1/><F1/><W94/><G94/><T98/><D72/><U44/><E44/><V83/><F107/><W32/><G32/><T97/><REACH who="0" step="1"/><D101/><REACH who="0" ten="15,467,231,267" step="2"/><U36/><E103/><V24/><F66/><W99/><G99/><T39/><D39/><U56/><E92/><V117/><F24/><W20/><G20/><T108/><D108/><U89/><E36/><V61/><F61/><W7/><G7/><T78/><D78/><U119/><E62/><V79/><F117/><W90/><G90/><T27/><D27/><U26/><E25/><V33/><F33/><W50/><G50/><T2/><D2/><U34/><E34/><V6/><F6/><W51/><G51/><T0/><D0/><U57/><E119/><V10/><F10/><W135/><G135/><T47/><D47/><U35/><E35/><V120/><F91/><W43/><G43/><T71/><D71/><RYUUKYOKU ba="0,2" sc="15,15,467,-15,231,-15,267,15" hai0="80,86,87,93,95,97,98,104,106,109,111,132,133" hai3="5,11,14,16,19,48,54,59,96,102,105,130,131" /><INIT seed="7,1,2,1,1,5" ten="30,452,216,282" oya="3" hai0="134,91,132,7,93,129,34,66,109,25,67,54,78" hai1="89,4,16,77,57,31,76,33,42,58,15,125,94" hai2="20,11,36,92,65,126,116,50,32,63,68,96,52" hai3="40,26,84,88,39,2,119,47,48,19,28,1,37"/><W6/><G119/><T122/><D93/><U87/><E125/><V100/><F32/><W130/><G130/><T38/><D78/><U75/><E4/><V22/><F116/><W128/><G128/><T81/><D81/><U107/><E107/><V60/><F126/><W135/><G135/><T9/><D91/><U104/><E104/><V41/><F60/><W13/><G37/><T55/><D25/><U27/><E42/><V86/><F86/><W69/><G69/><T110/><D7/><U8/><E75/><V123/><F123/><W131/><G131/><T106/><D34/><U64/><E64/><V79/><F79/><W61/><G6/><T82/><D82/><U24/><E24/><V90/><F100/><W99/><G99/><T74/><D129/><U14/><E14/><V101/><F11/><W118/><G61/><T62/><D74/><U56/><AGARI ba="1,2" hai="8,15,16,27,31,33,56,57,58,76,77,87,89,94" machi="56" ten="30,4000,0" yaku="0,1,52,1,54,1" doraHai="5" who="1" fromWho="1" sc="30,-11,452,63,216,-11,282,-21" owari="19,-48.0,515,61.0,205,-19.0,261,6.0" /></mjloggm>