<mjloggm ver="2.3"><GO type="169" lobby="0"/><UN n0="%76%65%74%65%72%69%6E%61" n1="%E3%83%88%E3%83%88%E3%83%AA%E5%85%88%E7%94%9F%31%39%E6%AD%B3" n2="%6D%6F%65%2E%6E" n3="%E3%81%8D%E3%82%8A%E3%82%84%E3%81%82%E3%81%8A%E3%81%84" dan="16,19,16,16" rate="2041.68,2282.73,2064.15,2055.33" sx="M,F,F,F"/><TAIKYOKU oya="0"/><INIT seed="0,0,0,2,5,55" ten="250,250,250,250" oya="0" hai0="47,116,1,45,61,78,33,84,60,22,103,18,50" hai1="72,101,15,4,98,126,86,97,49,52,85,124,11" hai2="76,65,21,123,64,10,91,121,54,41,119,112,99" hai3="39,62,16,35,109,133,118,59,34,104,73,79,2"/><T108/><D116/><U38/><E72/><V17/><F112/><W48/><G39/><T0/><D33/><U14/><E38/><V94/><F119/><W20/><G118/><T70/><D103/><U90/><E15/><V88/><F41/><W75/><G104/><T92/><D70/><U23/><E23/><V31/><F76/><W66/><G2/><T43/><D45/><U106/><E98/><V132/><F132/><W25/><G109/><T135/><D135/><U134/><E134/><V53/><F31/><W110/><G110/><T122/><D122/><U80/><REACH who="1" step="1"/><E86/><REACH who="1" ten="250,240,250,250" step="2"/><V63/><F21/><W125/><G75/><T37/><D108/><U120/><E120/><V46/><F121/><W26/><G34/><T100/><D37/><U68/><E68/><V28/><F123/><W117/><G35/><T51/><D0/><U5/><E5/><V58/><F99/><W12/><G133/><T57/><D1/><U113/><E113/><V44/><F10/><W67/><G117/><T6/><D6/><U69/><E69/><V127/><F127/><W129/><G125/><T82/><D100/><U105/><E105/><V81/><F28/><W83/><G129/><T71/><D71/><U131/><E131/><V8/><F8/><W130/><G130/><T111/><D111/><U32/><E32/><V107/><F107/><W77/><G73/><N who="0" m="43343" /><D22/><U102/><E102/><V128/><F128/><W24/><G20/><T115/><D115/><U7/><E7/><V30/><F30/><W56/><G12/><T114/><D114/><U93/><E93/><V27/><F94/><RYUUKYOKU ba="0,1" sc="250,-10,240,30,250,-10,250,-10" hai1="4,11,14,49,52,80,85,90,97,101,106,124,126" /><INIT seed="1,1,1,2,2,2" ten="240,270,240,240" oya="1" hai0="49,66,133,85,82,96,92,38,23,84,74,18,118" hai1="81,77,112,80,99,21,48,14,33,0,114,124,60" hai2="119,79,15,8,102,73,69,45,107,30,76,37,64" hai3="43,94,127,110,13,111,58,120,116,52,42,115,105"/><U31/><E0/><V50/><F119/><W19/><G120/><T72/><D118/><U29/><E124/><V28/><F37/><W128/><G105/><T132/><D38/><U39/><E39/><V59/><F69/><W121/><G121/><T41/><D66/><U130/><E33/><V35/><F102/><W93/><G115/><T12/><D41/><N who="3" m="15369" /><G128/><T17/><D49/><U55/><E130/><V83/><F107/><W4/><G127/><T106/><D106/><U104/><E60/><V56/><F79/><W25/><G25/><T36/><D36/><U117/><E117/><V10/><F10/><N who="3" m="4295" /><G19/><T32/><D32/><U44/><E29/><V123/><F123/><W126/><G126/><T65/><D18/><U135/><E80/><V5/><F35/><W68/><G68/><T7/><D74/><U20/><E135/><N who="0" m="51785" /><D65/><U67/><E67/><V46/><F64/><W53/><G53/><T57/><D72/><U27/><E20/><V54/><REACH who="2" step="1"/><F45/><REACH who="2" ten="240,270,230,240" step="2"/><W51/><G116/><T89/><D57/><AGARI ba="1,2" hai="5,8,15,28,30,46,50,54,56,57,59,73,76,83" machi="57" ten="40,5200,0" yaku="1,1,2,1,52,1,53,0" doraHai="2" doraHaiUra="22" who="2" fromWho="0" sc="240,-55,270,0,230,75,240,0" /><INIT seed="2,0,0,5,2,63" ten="185,270,305,240" oya="2" hai0="56,11,101,65,83,5,32,97,39,22,50,105,72" hai1="130,67,82,55,135,102,68,113,17,108,79,88,126" hai2="95,38,23,110,104,21,73,111,42,4,117,131,29" hai3="81,33,75,109,127,34,60,128,54,85,1,94,129"/><V78/><F104/><W90/><G1/><T93/><D39/><U45/><E113/><V106/><F106/><W123/><G123/><T18/><D32/><U71/><E108/><N who="2" m="41515" /><F117/><W86/><G75/><T61/><D50/><N who="1" m="29135" /><E102/><V28/><F131/><N who="3" m="50251" /><G127/><T51/><D51/><U16/><E130/><V107/><F107/><W62/><G109/><T47/><D47/><U115/><E71/><V114/><F114/><W69/><G54/><T59/><D105/><U6/><E6/><V9/><F42/><W70/><G60/><T132/><D132/><U76/><E115/><V12/><F38/><W7/><G7/><T26/><D83/><U134/><E126/><V48/><F95/><W98/><G86/><T87/><D87/><N who="1" m="50295" /><E67/><V43/><F73/><W112/><G112/><T52/><D72/><U40/><E68/><N who="3" m="26218" /><G62/><N who="0" m="36103" /><D5/><U41/><E41/><V37/><F37/><W64/><G64/><T46/><D46/><U103/><E40/><V92/><F43/><W116/><G116/><T44/><D44/><U125/><E125/><V133/><F4/><W120/><G120/><T31/><D11/><U74/><E74/><V99/><F9/><W25/><G25/><T8/><D8/><U15/><E134/><V89/><F133/><W35/><G35/><T49/><D49/><U2/><E135/><V14/><F48/><W53/><G53/><T24/><D24/><U30/><E2/><V13/><F78/><AGARI ba="0,0" hai="33,34,78,81,85,90,94,98" m="26218,50251" machi="78" ten="30,1000,0" yaku="19,1" doraHai="63" who="3" fromWho="2" sc="185,0,270,0,305,-10,240,10" /><INIT seed="3,0,0,0,1,112" ten="185,270,295,250" oya="3" hai0="134,50,122,71,2,68,27,84,46,130,74,62,91" hai1="90,118,109,10,104,65,6,129,4,32,70,119,22" hai2="30,25,59,42,126,77,121,95,37,80,81,102,40" hai3="35,120,17,55,78,98,31,66,51,20,89,124,85"/><W43/><G120/><T63/><D122/><U1/><E32/><V16/><F121/><W33/><G31/><T97/><D130/><U14/><E129/><V56/><F126/><W3/><G3/><T53/><D134/><U45/><E109/><V61/><F37/><W67/><G43/><N who="2" m="16425" /><F30/><W93/><G33/><T58/><D74/><U86/><E45/><V106/><F106/><W92/><G35/><T23/><D2/><U133/><E104/><V19/><F59/><W99/><G99/><T75/><D75/><U88/><E133/><V69/><F69/><W101/><G78/><T39/><D39/><U21/><E65/><V116/><F116/><N who="1" m="44585" /><E70/><V108/><F77/><W96/><G96/><T64/><D97/><U135/><E135/><V48/><F102/><W123/><G124/><T9/><D68/><U60/><E60/><V110/><F110/><W38/><G38/><T131/><D131/><U49/><E49/><V57/><F48/><W72/><G72/><T5/><D71/><U8/><E88/><V52/><F108/><W28/><G123/><T36/><D36/><U113/><E113/><V24/><F57/><W100/><G100/><T125/><D125/><U76/><E76/><V12/><F56/><W7/><G51/><T0/><D58/><U26/><E26/><V11/><F24/><N who="3" m="16391" /><G67/><T15/><D64/><U18/><E4/><V132/><F132/><W105/><G66/><T82/><D0/><U107/><E107/><V41/><F25/><W54/><G7/><T115/><D115/><U87/><E87/><V128/><F128/><W79/><G85/><RYUUKYOKU ba="0,0" sc="185,15,270,15,295,-15,250,-15" hai0="5,9,15,23,27,46,50,53,62,63,82,84,91" hai1="1,6,8,10,14,18,21,22,86,90" /><INIT seed="4,1,0,4,1,122" ten="200,285,280,235" oya="0" hai0="102,61,14,43,123,87,132,28,113,41,74,48,70" hai1="57,78,86,38,116,108,20,34,44,109,82,129,42" hai2="96,3,29,2,114,73,134,69,111,4,45,120,97" hai3="117,6,67,110,126,95,121,16,99,9,105,26,13"/><T66/><D123/><U72/><E116/><V71/><F120/><W33/><G121/><T124/><D113/><U84/><E34/><V85/><F73/><W40/><G117/><T24/><D74/><U0/><E129/><V90/><F114/><W133/><G105/><T22/><D132/><U55/><E0/><V5/><F134/><W100/><G133/><T76/><D124/><U130/><E130/><V31/><F85/><W58/><G110/><T27/><D102/><U25/><E86/><V12/><F45/><W30/><G126/><T10/><D27/><U37/><E37/><V60/><F60/><W101/><G40/><T75/><D75/><U83/><E83/><V107/><F90/><W11/><G58/><T23/><D23/><U63/><REACH who="1" step="1"/><E72/><REACH who="1" ten="200,275,280,235" step="2"/><V18/><F2/><W115/><G115/><T112/><D112/><U98/><E98/><V50/><F3/><W62/><G99/><T64/><D87/><U39/><E39/><V47/><F96/><W15/><G95/><T8/><D76/><U92/><E92/><V77/><F77/><W17/><G100/><T53/><D8/><U91/><E91/><V80/><F97/><W125/><G101/><T1/><D1/><U103/><E103/><V79/><F107/><W32/><G32/><T59/><REACH who="0" step="1"/><D66/><REACH who="0" ten="190,275,280,235" step="2"/><U51/><E51/><V49/><F50/><W119/><G125/><T52/><D52/><U88/><E88/><V21/><F49/><W54/><G54/><T36/><D36/><U19/><AGARI ba="1,2" hai="19,20,25,38,42,44,55,57,63,78,82,84,108,109" machi="19" ten="20,8000,1" yaku="1,1,0,1,7,1,52,2,53,0" doraHai="122" doraHaiUra="65" who="1" fromWho="1" sc="190,-41,275,103,280,-21,235,-21" /><INIT seed="5,0,0,0,0,125" ten="149,378,259,214" oya="1" hai0="67,71,87,120,84,115,83,45,135,76,11,14,8" hai1="47,18,118,12,55,66,19,124,51,114,99,40,96" hai2="104,23,48,32,126,41,35,82,39,134,74,94,20" hai3="17,38,95,75,63,70,86,28,49,22,34,27,60"/><U116/><E124/><V68/><F126/><W24/><G38/><T13/><D115/><U59/><E114/><V37/><F104/><W101/><G75/><T132/><D120/><U72/><E72/><V127/><F127/><W92/><G70/><T121/><D121/><U57/><E116/><V31/><F68/><W52/><G92/><T81/><D45/><U107/><E118/><V100/><F32/><W78/><G101/><T44/><D44/><U113/><E113/><V15/><F35/><W5/><G5/><T65/><REACH who="0" step="1"/><D71/><REACH who="0" ten="139,378,259,214" step="2"/><U30/><E47/><V117/><F117/><W77/><G77/><AGARI ba="0,1" hai="8,11,13,14,65,67,76,77,81,83,84,87,132,135" machi="77" ten="25,6400,0" yaku="1,1,2,1,22,2,53,0" doraHai="125" doraHaiUra="93" who="0" fromWho="3" sc="139,74,378,0,259,0,214,-64" /><INIT seed="6,0,0,2,4,83" ten="213,378,259,150" oya="2" hai0="85,62,67,71,135,118,32,107,25,99,97,64,42" hai1="101,115,34,26,55,16,95,20,124,49,114,54,74" hai2="33,72,108,21,117,68,129,31,45,105,15,86,116" hai3="18,11,22,17,60,132,104,63,6,50,51,46,77"/><V131/><F72/><W39/><G104/><T103/><D135/><U98/><E74/><V40/><F105/><W119/><G119/><T113/><D113/><N who="1" m="43019" /><E124/><V59/><F68/><W73/><G132/><T126/><D126/><U120/><E120/><V2/><F2/><W5/><G39/><T8/><D118/><U96/><E49/><V122/><F122/><W79/><G73/><T75/><D75/><U35/><E96/><V93/><F108/><W27/><G27/><T70/><D42/><U88/><E101/><V1/><F1/><W47/><REACH who="3" step="1"/><G22/><REACH who="3" ten="213,378,259,140" step="2"/><T133/><D133/><U10/><E10/><AGARI ba="0,1" hai="5,6,10,11,17,18,46,47,50,51,60,63,77,79" machi="10" ten="25,12000,2" yaku="1,1,2,1,22,2,8,1,53,2" doraHai="83" doraHaiUra="7" who="3" fromWho="1" sc="213,0,378,-120,259,0,140,130" /><INIT seed="7,0,0,0,5,9" ten="213,258,259,270" oya="3" hai0="37,88,46,31,131,74,56,12,59,29,109,53,107" hai1="25,75,45,130,1,42,101,5,117,134,30,81,7" hai2="19,92,54,72,71,10,67,11,52,94,103,129,49" hai3="15,122,90,132,78,85,61,41,22,105,27,110,43"/><W104/><G122/><T83/><D109/><U113/><E113/><V36/><F36/><W50/><G78/><T4/><D107/><U51/><E130/><V48/><F72/><W112/><G105/><T73/><D131/><U35/><E134/><V116/><F129/><W23/><G104/><T89/><D37/><U98/><E117/><V17/><F116/><W91/><G112/><T64/><D64/><U108/><E1/><V100/><F71/><W55/><G132/><T128/><D128/><U8/><E8/><V111/><REACH who="2" step="1"/><F67/><REACH who="2" ten="213,258,249,270" step="2"/><W62/><G110/><AGARI ba="0,1" hai="10,11,17,19,48,49,52,54,92,94,100,103,110,111" machi="110" ten="25,8000,1" yaku="1,1,2,1,22,2,54,1,53,0" doraHai="9" doraHaiUra="39" who="2" fromWho="3" sc="213,0,258,0,249,90,270,-80" owari="213,-19.0,258,6.0,339,44.0,190,-31.0" /></mjloggm>