<mjloggm ver="2.3"><GO type="169" lobby="0"/><UN n0="%63%68%63%6D%61%62%6F" n1="%E5%B0%B1%E6%B4%BB%E7%94%9F%40%E5%B7%9D%E6%9D%91%E8%BB%8D%E5%9B%A3" n2="%64%61%72%74%65%72" n3="%68%61%72%75%72%75%39%31" dan="16,18,16,16" rate="2054.20,2304.69,2117.66,2101.44" sx="M,M,M,M"/><TAIKYOKU oya="0"/><INIT seed="0,0,0,5,2,4" ten="250,250,250,250" oya="0" hai0="115,80,53,97,12,11,50,83,43,30,81,35,68" hai1="59,100,121,106,103,99,73,69,104,85,131,18,16" hai2="79,129,60,88,42,19,23,70,108,117,27,5,13" hai3="86,94,25,91,78,17,55,51,57,28,84,124,0"/><T64/><D115/><U65/><E73/><V9/><F108/><W98/><G124/><T132/><D132/><U75/><E75/><V96/><F129/><W6/><G17/><T24/><D43/><U89/><E69/><V38/><F117/><W40/><G40/><T95/><D68/><U22/><E131/><V107/><F79/><W48/><G48/><T110/><D64/><U72/><E72/><V123/><F123/><W128/><G128/><T122/><D122/><U127/><E127/><V118/><F118/><W87/><G0/><T76/><D110/><U33/><E33/><V134/><F134/><W77/><REACH who="3" step="1"/><G6/><REACH who="3" ten="250,250,250,240" step="2"/><T44/><D76/><U3/><E3/><V7/><F7/><W125/><G125/><T82/><N who="0" m="20480" /><DORA hai="26" /><T113/><D113/><U36/><E18/><V63/><F38/><W32/><AGARI ba="0,1" hai="25,28,32,51,55,57,77,78,84,86,87,91,94,98" machi="32" ten="30,8000,1" yaku="1,1,0,1,52,1,53,2" doraHai="4,26" doraHaiUra="21,93" who="3" fromWho="3" sc="250,-40,250,-20,250,-20,240,90" /><INIT seed="1,0,0,3,0,121" ten="210,230,230,330" oya="1" hai0="52,89,70,106,109,88,79,110,112,29,63,128,5" hai1="38,24,44,68,86,71,28,7,34,118,43,93,105" hai2="100,3,92,108,115,12,80,32,134,4,119,25,9" hai3="117,123,135,21,8,98,114,31,56,120,99,131,36"/><U97/><E118/><V30/><F119/><W16/><G117/><T124/><D112/><U47/><E47/><V69/><F69/><W126/><G114/><T2/><D70/><U49/><E49/><V41/><F115/><W78/><G36/><T107/><D79/><U10/><E86/><V130/><F134/><W64/><G78/><T62/><D29/><U45/><E45/><V102/><F130/><W116/><G116/><T48/><D2/><U14/><REACH who="1" step="1"/><E105/><REACH who="1" ten="210,220,230,330" step="2"/><N who="0" m="39945" /><D128/><U83/><E83/><V22/><F41/><W77/><G131/><T73/><D5/><U76/><E76/><V113/><F113/><W75/><G77/><T26/><D26/><U13/><E13/><V72/><F80/><W40/><G135/><T132/><D132/><U66/><E66/><V57/><F12/><W95/><G64/><T20/><D20/><U59/><E59/><V54/><F22/><W46/><G21/><T103/><D103/><AGARI ba="0,1" hai="7,10,14,24,28,34,38,43,44,68,71,93,97,103" machi="103" ten="30,2900,0" yaku="1,1,7,1,53,0" doraHai="121" doraHaiUra="55" who="1" fromWho="0" sc="210,-29,220,39,230,0,330,0" /><INIT seed="1,1,0,3,5,113" ten="181,259,230,330" oya="1" hai0="53,75,37,0,73,5,54,9,25,94,15,82,114" hai1="41,47,128,19,96,17,18,101,23,111,77,97,1" hai2="104,98,44,90,12,127,59,115,42,108,95,46,60" hai3="71,124,38,116,107,89,112,21,11,135,8,34,110"/><U85/><E1/><V133/><F115/><W63/><RYUUKYOKU type="yao9" ba="1,0" sc="181,0,259,0,230,0,330,0" hai3="8,11,21,34,38,63,71,89,107,110,112,116,124,135" /><INIT seed="1,2,0,1,5,29" ten="181,259,230,330" oya="1" hai0="65,41,117,39,0,74,82,42,70,49,84,48,91" hai1="47,134,44,93,52,79,88,97,40,2,1,27,37" hai2="28,83,26,89,90,132,102,101,31,60,46,7,68" hai3="123,8,16,129,58,99,36,12,10,13,32,126,116"/><U67/><E134/><V50/><F132/><W4/><G36/><T30/><D117/><U22/><E79/><V110/><F110/><W25/><G123/><T33/><D0/><U111/><E67/><V120/><F120/><W128/><G116/><T118/><D74/><U81/><E111/><V72/><F7/><W61/><G99/><T92/><D118/><U114/><E81/><V75/><F31/><N who="3" m="19567" /><G58/><T107/><D107/><U5/><E5/><V24/><F24/><W9/><G61/><T95/><D70/><U103/><E103/><V133/><F133/><W20/><G126/><T125/><D65/><U45/><E114/><V108/><F108/><W105/><G105/><T51/><D125/><U71/><E71/><V19/><F68/><W54/><G54/><T100/><D39/><U38/><E45/><V112/><F60/><W98/><G98/><T64/><D64/><U59/><E44/><V104/><F112/><W66/><G66/><T57/><D57/><U11/><E11/><AGARI ba="2,0" hai="4,8,9,10,11,12,13,16,20,128,129" m="19567" machi="11" ten="30,7700,0" yaku="34,2,52,1,54,1" doraHai="29" who="3" fromWho="1" sc="181,0,259,-83,230,0,330,83" /><INIT seed="2,0,0,5,3,13" ten="181,176,230,413" oya="2" hai0="59,55,5,26,47,93,19,118,126,100,35,115,87" hai1="77,123,134,107,132,131,57,106,70,105,72,45,27" hai2="42,116,80,112,40,14,110,62,23,34,86,15,111" hai3="20,129,36,63,22,69,16,43,130,18,65,102,114"/><V92/><F34/><W75/><G114/><T109/><D115/><U79/><E70/><V120/><F112/><W117/><G117/><T56/><D118/><U52/><E131/><N who="3" m="50186" /><G75/><T6/><D126/><U61/><E72/><V54/><F116/><W49/><G102/><T17/><D109/><N who="2" m="41482" /><F120/><W51/><G22/><T25/><D35/><U64/><E123/><V53/><F92/><W1/><G1/><T9/><D47/><U122/><E122/><V37/><F37/><W4/><G4/><N who="0" m="1643" /><D9/><U76/><E27/><N who="0" m="10249" /><D59/><U2/><E2/><V133/><F133/><N who="1" m="51305" /><E45/><V3/><F3/><W67/><G67/><AGARI ba="0,0" hai="52,57,61,64,67,76,77,79,105,106,107" m="51305" machi="67" ten="40,2600,0" yaku="20,1,54,1" doraHai="13" who="1" fromWho="3" sc="181,0,176,26,230,0,413,-26" /><INIT seed="3,0,0,5,2,131" ten="181,202,230,387" oya="3" hai0="100,85,60,69,124,7,120,13,68,10,114,25,46" hai1="30,122,97,105,108,4,117,56,116,34,51,130,98" hai2="106,42,14,43,128,88,89,41,109,54,104,118,80" hai3="27,134,22,65,87,1,17,63,62,18,132,93,12"/><W127/><G1/><T37/><D120/><U59/><E130/><V45/><F118/><W91/><G127/><T5/><D124/><U28/><E4/><V55/><F128/><W39/><G39/><T16/><D114/><U26/><E122/><V66/><F109/><W83/><G83/><T57/><D100/><U79/><E79/><V15/><F66/><W21/><REACH who="3" step="1"/><G63/><REACH who="3" ten="181,202,230,377" step="2"/><T44/><D37/><U90/><E116/><V0/><F0/><W9/><G9/><T19/><D69/><AGARI ba="0,1" hai="12,17,18,21,22,27,62,65,69,87,91,93,132,134" machi="69" ten="40,7700,0" yaku="1,1,52,2,53,0" doraHai="131" doraHaiUra="77" who="3" fromWho="0" sc="181,-77,202,0,230,0,377,87" /><INIT seed="3,1,0,5,0,129" ten="104,202,230,464" oya="3" hai0="19,97,23,94,8,98,48,70,104,12,93,126,10" hai1="113,72,106,43,2,77,6,66,42,133,73,46,107" hai2="62,51,131,86,29,92,18,95,9,109,127,45,37" hai3="24,124,16,35,47,1,60,69,134,81,135,75,11"/><W91/><G124/><T88/><D104/><N who="1" m="39979" /><E43/><V3/><F37/><W33/><G47/><T55/><D55/><U65/><E65/><V132/><F29/><W79/><G91/><T41/><D41/><U114/><E66/><V4/><F86/><W20/><G1/><T58/><D58/><U89/><E89/><V36/><F36/><W116/><G116/><T22/><D22/><U99/><E99/><V120/><F92/><W61/><G11/><T34/><D34/><N who="3" m="12809" /><G69/><T49/><D49/><U118/><E118/><V105/><F95/><W76/><G76/><T15/><D126/><U5/><E5/><V56/><F4/><W14/><G24/><T0/><D70/><U64/><E64/><V130/><F105/><W87/><G87/><T57/><D0/><U112/><E77/><V78/><F78/><W44/><G44/><T38/><D38/><N who="1" m="21847" /><E6/><V103/><F45/><W117/><G117/><T90/><REACH who="0" step="1"/><D15/><REACH who="0" ten="94,202,230,464" step="2"/><U54/><E54/><V30/><F3/><W119/><G119/><T71/><D71/><U128/><E2/><V123/><F51/><W74/><G14/><T63/><D63/><U21/><E21/><V115/><F56/><W67/><G67/><T59/><D59/><U28/><E28/><V31/><F62/><W50/><G50/><T40/><D40/><U25/><E25/><V122/><F31/><W96/><G61/><T53/><AGARI ba="1,1" hai="8,10,12,19,23,48,53,57,88,90,93,94,97,98" machi="53" ten="30,8000,1" yaku="1,1,0,1,9,1,8,1,54,1,53,0" doraHai="129" doraHaiUra="121" who="0" fromWho="0" sc="94,93,202,-21,230,-21,464,-41" /><INIT seed="4,0,0,4,4,63" ten="187,181,209,423" oya="0" hai0="40,55,83,61,80,105,73,3,124,94,28,76,78" hai1="30,89,90,112,110,85,79,8,36,77,127,21,81" hai2="20,7,33,22,1,51,41,102,86,27,126,46,42" hai3="103,58,17,29,26,47,70,67,65,9,54,82,123"/><T50/><D105/><U84/><E36/><V128/><F126/><W56/><G70/><T114/><D114/><U10/><E127/><V60/><F128/><W43/><G103/><T118/><D124/><U69/><E69/><V133/><F133/><W117/><G117/><T108/><D108/><U99/><E110/><V5/><F33/><W11/><G82/><T64/><D118/><U59/><E99/><V35/><F35/><W125/><G125/><T122/><D122/><U75/><E75/><V88/><F102/><W135/><G135/><T113/><D113/><U96/><E96/><V98/><F98/><W101/><G101/><T12/><D3/><U49/><E79/><N who="0" m="30249" /><D73/><U53/><E112/><V97/><F97/><W4/><G123/><T87/><D28/><U34/><E34/><V31/><F1/><W18/><G29/><T19/><D40/><U62/><E49/><V44/><F22/><N who="3" m="13647" /><G43/><T120/><D55/><U71/><E71/><V13/><F60/><W121/><G121/><T91/><D50/><U57/><E57/><N who="3" m="22122" /><G4/><T132/><D132/><U45/><E45/><V111/><F111/><W6/><G6/><T116/><D120/><U107/><E107/><V37/><F13/><N who="3" m="7471" /><G11/><N who="0" m="6559" /><D116/><U52/><E53/><V0/><F0/><W38/><G38/><T15/><D15/><U129/><E129/><V119/><F119/><W32/><G32/><T24/><D24/><N who="1" m="16655" /><E77/><V100/><F100/><W106/><G106/><T39/><D39/><U14/><E14/><V95/><AGARI ba="0,0" hai="5,7,20,27,31,37,41,42,44,46,51,86,88,95" machi="95" ten="20,2700,0" yaku="0,1,7,1,54,1" doraHai="63" who="2" fromWho="2" sc="187,-13,181,-7,209,27,423,-7" /><INIT seed="5,0,0,4,2,82" ten="174,174,236,416" oya="1" hai0="131,117,75,16,43,15,53,108,118,12,0,66,27" hai1="123,100,45,86,83,111,65,19,9,28,116,69,99" hai2="87,102,23,76,22,31,57,40,96,132,10,98,1" hai3="70,47,92,105,48,85,106,13,46,20,17,73,2"/><U4/><E123/><V68/><F68/><W14/><G2/><T6/><D75/><U109/><E116/><N who="0" m="44649" /><D43/><U90/><E28/><V44/><F132/><W77/><G70/><T127/><D66/><U33/><E33/><V49/><F1/><W128/><G128/><T124/><D108/><N who="1" m="41547" /><E45/><V62/><F10/><W93/><G20/><N who="2" m="7721" /><F31/><W120/><G17/><T89/><D89/><U107/><E19/><V78/><F102/><W95/><G48/><T135/><D53/><U72/><E72/><V88/><F78/><W112/><G73/><T64/><D64/><U125/><E125/><N who="0" m="48201" /><D135/><U59/><E69/><V55/><F76/><W133/><G77/><T79/><D79/><U26/><E26/><V52/><F55/><W3/><G133/><T24/><D131/><U38/><E38/><V121/><F121/><W80/><G120/><T94/><D94/><AGARI ba="0,0" hai="40,44,49,52,57,62,87,88,94,96,98" m="7721" machi="94" ten="30,7700,0" yaku="8,1,52,1,54,2" doraHai="82" who="2" fromWho="0" sc="174,-77,174,0,236,77,416,0" /><INIT seed="6,0,0,1,4,77" ten="97,174,313,416" oya="2" hai0="130,133,62,25,118,14,1,63,10,99,66,112,116" hai1="43,93,39,126,67,47,101,5,56,119,129,33,42" hai2="71,58,54,103,68,121,85,38,61,91,79,88,57" hai3="28,104,114,74,106,128,117,19,70,108,22,82,16"/><V109/><F121/><W96/><G108/><T51/><D1/><U102/><E33/><V11/><F109/><W34/><G117/><T132/><D25/><U3/><E43/><V55/><F38/><W135/><G74/><T26/><D26/><U49/><E119/><N who="0" m="45609" /><D14/><U45/><E129/><V27/><F103/><W80/><G96/><T87/><D10/><U95/><E126/><V72/><F11/><W105/><G70/><T52/><D130/><U35/><E35/><V83/><F27/><N who="3" m="18719" /><G128/><T100/><D66/><U50/><E39/><V86/><F72/><W120/><G120/><T21/><D21/><U134/><E5/><V8/><F8/><W53/><G53/><T41/><D41/><U84/><E42/><V37/><F37/><W75/><G75/><T9/><D9/><U64/><E3/><V69/><REACH who="2" step="1"/><F86/><REACH who="2" ten="97,174,303,416" step="2"/><W13/><G104/><T6/><D6/><U123/><E84/><V92/><F92/><W59/><G106/><T65/><D65/><U12/><E67/><V81/><F81/><W90/><G105/><N who="0" m="63647" /><D87/><U107/><E107/><V127/><F127/><W32/><G32/><T20/><D20/><U15/><E64/><V110/><F110/><W60/><G22/><T122/><D122/><U44/><E15/><V24/><F24/><W94/><G13/><T7/><D7/><U111/><E12/><V0/><F0/><W73/><G73/><T4/><D4/><U78/><E111/><V113/><F113/><W124/><G114/><T18/><D112/><U17/><E123/><V125/><F125/><W2/><G124/><T115/><D115/><RYUUKYOKU ba="0,1" sc="97,-10,174,-10,303,30,416,-10" hai2="54,55,57,58,61,68,69,71,79,83,85,88,91" /><INIT seed="6,1,1,3,5,78" ten="87,164,333,406" oya="2" hai0="2,20,21,71,127,126,112,68,61,99,58,75,95" hai1="129,108,11,79,47,50,114,132,46,113,105,60,84" hai2="37,90,135,4,36,6,102,91,67,3,117,57,64" hai3="8,25,43,33,35,110,31,13,116,34,0,66,131"/><V7/><F3/><W5/><G66/><N who="2" m="25129" /><F57/><W16/><G43/><T107/><D2/><U30/><E105/><V109/><F102/><W52/><G110/><T88/><D107/><U111/><E60/><V49/><F49/><W92/><G116/><T81/><D112/><U120/><E30/><V38/><F117/><W100/><G131/><T32/><D32/><U55/><E129/><V115/><F115/><N who="1" m="44041" /><E132/><V12/><F12/><W40/><G40/><T42/><D42/><U62/><E62/><V133/><F109/><W96/><G52/><N who="0" m="33991" /><D71/><U85/><E47/><V17/><F17/><W63/><G63/><T54/><D54/><U18/><E120/><V125/><F125/><N who="0" m="47626" /><D68/><U44/><E44/><V19/><F19/><W101/><G101/><T27/><D27/><U72/><E108/><V14/><F14/><W9/><AGARI ba="1,1" hai="0,5,8,9,13,16,25,31,33,34,35,92,96,100" machi="9" ten="20,2700,0" yaku="0,1,7,1,54,1" doraHai="78" who="3" fromWho="3" sc="87,-8,164,-8,333,-14,406,40" /><INIT seed="7,0,0,3,2,48" ten="79,156,319,446" oya="3" hai0="117,63,77,58,135,46,133,56,60,83,113,85,31" hai1="80,100,4,128,108,55,98,74,84,79,97,66,37" hai2="64,27,119,110,72,89,13,9,106,118,115,69,90" hai3="129,105,101,93,24,111,116,36,52,68,59,16,7"/><W25/><G68/><T112/><D31/><U44/><E74/><V1/><F72/><W26/><G36/><T2/><D2/><U43/><E66/><V125/><F106/><W121/><G105/><T126/><D117/><U61/><E128/><V73/><F73/><W33/><G33/><T53/><D126/><U20/><E4/><V76/><F76/><W6/><G116/><T30/><D30/><U82/><E82/><V81/><F1/><W131/><G121/><T107/><D107/><U23/><E97/><V38/><F38/><W39/><G39/><T34/><D34/><U109/><E20/><V102/><F102/><W75/><G75/><T11/><D11/><U91/><E23/><V57/><F69/><W17/><G111/><T71/><D71/><U92/><E79/><V95/><F81/><W18/><G93/><T15/><D15/><U104/><E80/><V65/><F110/><W123/><G101/><T88/><D77/><U28/><E28/><V50/><F89/><W41/><G41/><T5/><D5/><U127/><E127/><V130/><F90/><W42/><G42/><T78/><D78/><U10/><E10/><V51/><F9/><W12/><G12/><T47/><D133/><U70/><E70/><V35/><F13/><W29/><G29/><T134/><D113/><U22/><E22/><V94/><F115/><W114/><G114/><T8/><D112/><U132/><E132/><N who="0" m="50729" /><D8/><U49/><E108/><V86/><F119/><W21/><G129/><T103/><D103/><U40/><E109/><V62/><F118/><W14/><G131/><RYUUKYOKU ba="0,0" sc="79,30,156,-10,319,-10,446,-10" hai0="46,47,53,56,58,60,63,83,85,88" owari="109,-39.0,146,-25.0,309,11.0,436,53.0" /></mjloggm>