<mjloggm ver="2.3"><GO type="169" lobby="0"/><UN n0="%E6%B8%85%E7%AB%9C%E9%97%98%E5%A3%AB" n1="%E5%B0%8F%E7%89%A7%E6%84%9B%E4%BD%B3" n2="%E3%81%BB%E3%81%88%E3%82%89%E3%83%BC" n3="%E3%83%88%E3%83%88%E3%83%AA%E5%85%88%E7%94%9F%31%39%E6%AD%B3" dan="16,16,17,17" rate="2073.29,2069.25,2179.65,2207.89" sx="M,M,M,F"/><TAIKYOKU oya="0"/><INIT seed="0,0,0,3,5,78" ten="250,250,250,250" oya="0" hai0="19,91,124,8,101,32,95,24,61,54,63,26,132" hai1="129,73,69,58,92,15,36,53,13,31,110,43,28" hai2="59,128,9,133,106,68,62,51,97,5,3,29,122" hai3="4,100,120,67,64,115,42,116,82,94,44,105,45"/><T39/><D39/><U2/><BYE who="0" /><E2/><V16/><F122/><W84/><G115/><T65/><D65/><N who="3" m="25161" /><G105/><T93/><D93/><U130/><E130/><V119/><BYE who="1" /><F119/><W117/><G117/><T77/><D77/><U23/><E23/><V35/><F128/><W20/><G120/><T34/><D34/><U14/><E14/><V6/><F133/><W111/><G42/><T52/><D52/><U99/><E99/><V10/><F51/><W75/><G75/><T96/><D96/><U87/><E87/><V104/><F68/><W18/><G4/><T71/><D71/><U46/><E46/><N who="3" m="18026" /><G111/><UN n1="%E5%B0%8F%E7%89%A7%E6%84%9B%E4%BD%B3" /><T50/><D50/><U89/><E110/><V30/><F16/><W85/><G116/><T48/><D48/><U121/><E121/><V126/><F126/><W70/><G70/><T86/><D86/><U83/><E69/><V17/><F17/><W107/><G107/><T37/><D37/><U57/><E36/><V12/><F97/><N who="3" m="59447" /><G82/><T56/><D56/><U74/><E57/><V55/><REACH who="2" step="1"/><F30/><REACH who="2" ten="250,250,240,250" step="2"/><W135/><G135/><T47/><D47/><U49/><E28/><V108/><F108/><W134/><G134/><T27/><D27/><AGARI ba="0,1" hai="3,5,6,9,10,12,27,29,35,55,59,62,104,106" machi="27" ten="40,1300,0" yaku="1,1,53,0" doraHai="78" doraHaiUra="98" who="2" fromWho="0" sc="250,-13,250,0,240,23,250,0" /><AGARI ba="0,0" hai="18,20,27,84,85" m="59447,18026,25161" machi="27" ten="30,1000,0" yaku="8,1" doraHai="78" who="3" fromWho="0" sc="237,-10,250,0,263,0,250,10" /><INIT seed="1,0,0,4,3,58" ten="227,250,263,260" oya="1" hai0="12,28,110,87,39,29,38,31,91,22,40,73,43" hai1="109,66,121,50,23,99,61,132,83,17,59,128,122" hai2="15,111,116,86,54,74,71,115,90,105,10,76,127" hai3="112,32,92,117,24,26,49,75,100,131,46,101,133"/><U68/><E128/><V89/><F105/><W53/><G112/><T21/><D21/><U126/><E126/><V0/><F0/><W85/><G75/><T88/><D88/><N who="2" m="33898" /><F74/><W125/><G133/><T11/><D11/><U25/><E132/><V16/><F71/><W103/><G131/><T62/><D62/><U45/><E109/><V63/><F116/><W9/><G125/><T34/><D34/><U102/><E68/><V56/><F127/><W44/><G117/><T104/><D104/><U120/><E83/><N who="2" m="47463" /><F111/><W6/><G32/><T95/><D95/><U79/><E79/><V2/><F2/><W65/><G65/><T4/><D4/><U48/><REACH who="1" step="1"/><E45/><REACH who="1" ten="227,240,263,260" step="2"/><V108/><F108/><W7/><G44/><T70/><D70/><U52/><E52/><N who="2" m="34183" /><F115/><W119/><G119/><T67/><D67/><U30/><E30/><V27/><F54/><W69/><G69/><T5/><D5/><U3/><E3/><V96/><F96/><W47/><G6/><T18/><D18/><U93/><AGARI ba="0,1" hai="17,23,25,48,50,59,61,66,93,99,102,120,121,122" machi="93" ten="30,6000,0" yaku="1,1,0,1,52,1,53,0" doraHai="58" doraHaiUra="82" who="1" fromWho="1" sc="227,-20,240,70,263,-20,260,-20" /><INIT seed="1,1,0,0,3,118" ten="207,310,243,240" oya="1" hai0="87,67,84,27,114,102,4,103,46,92,30,55,20" hai1="129,25,79,96,15,7,57,123,122,77,105,64,16" hai2="97,17,104,58,6,29,9,56,35,73,50,33,106" hai3="0,40,112,131,110,81,115,28,85,8,125,21,13"/><U135/><E129/><V71/><F73/><W52/><G131/><T82/><D82/><U53/><E135/><V100/><F106/><W31/><G0/><T121/><D121/><U74/><E64/><V51/><F71/><W32/><G32/><T126/><D126/><U48/><E7/><V94/><F17/><W65/><G125/><T45/><D45/><U116/><E116/><V109/><F109/><W76/><G65/><T63/><D63/><U62/><E25/><V2/><F104/><W10/><G40/><T66/><D66/><U101/><E62/><V36/><F36/><W134/><G110/><T47/><D47/><U124/><E124/><V44/><F29/><W14/><G134/><T61/><D61/><U98/><E96/><V12/><F2/><W132/><G132/><T68/><D68/><U83/><E79/><V37/><F37/><W60/><G21/><AGARI ba="1,0" hai="15,16,21,48,53,57,74,77,83,98,101,105,122,123" machi="21" ten="30,11600,0" yaku="7,1,52,2,54,1" doraHai="118" who="1" fromWho="3" sc="207,0,310,119,243,0,240,-119" /><INIT seed="1,2,0,0,2,49" ten="207,429,243,121" oya="1" hai0="124,2,40,120,29,10,96,76,97,11,12,71,112" hai1="91,33,123,20,27,122,99,3,28,92,105,64,109" hai2="103,4,57,51,133,79,54,126,83,1,34,52,46" hai3="42,93,88,119,7,8,19,94,81,37,0,39,130"/><U48/><E3/><V95/><F34/><W82/><G130/><T129/><D129/><U53/><E105/><V131/><F131/><W25/><G119/><T107/><D107/><U6/><E6/><V59/><F133/><W56/><G93/><T87/><D87/><U18/><E64/><V72/><F126/><W15/><G25/><T60/><D60/><U108/><E122/><V36/><F36/><W110/><G110/><N who="1" m="42602" /><E123/><V84/><F1/><W35/><G35/><T70/><D70/><U89/><E91/><V43/><F4/><W9/><G37/><T31/><D31/><U104/><E104/><V24/><F24/><W47/><REACH who="3" step="1"/><G56/><REACH who="3" ten="207,429,243,111" step="2"/><T73/><D73/><U77/><E77/><V132/><F72/><W61/><G61/><T98/><D98/><AGARI ba="2,1" hai="0,7,8,9,15,19,39,42,47,81,82,88,94,98" machi="98" ten="30,3900,0" yaku="1,1,7,1,54,1,53,0" doraHai="49" doraHaiUra="125" who="3" fromWho="0" sc="207,-45,429,0,243,0,111,55" /><INIT seed="2,0,0,1,1,39" ten="162,429,243,166" oya="2" hai0="59,115,110,87,134,44,58,28,70,61,20,11,72" hai1="97,126,101,41,36,111,122,69,42,53,0,40,85" hai2="30,27,4,48,12,123,99,81,84,73,80,109,76" hai3="50,92,89,10,133,46,37,68,18,25,19,93,13"/><V17/><F123/><W45/><G68/><T24/><D24/><U1/><E36/><V65/><F99/><W91/><G133/><T62/><D62/><U47/><E69/><V49/><F4/><W52/><G37/><T100/><D100/><U108/><E122/><V56/><F109/><N who="1" m="42057" /><E126/><V131/><F131/><W16/><G45/><T119/><D119/><U129/><E129/><V130/><F130/><W26/><G92/><T82/><D82/><U15/><E85/><V14/><F65/><W120/><G120/><T57/><D57/><U67/><E67/><V51/><F56/><W3/><G3/><N who="1" m="1098" /><E15/><V23/><REACH who="2" step="1"/><F30/><REACH who="2" ten="162,429,233,166" step="2"/><W9/><G91/><AGARI ba="0,1" hai="12,14,17,23,27,48,49,51,73,76,80,81,84,91" machi="91" ten="40,3900,0" yaku="1,1,2,1,53,0" doraHai="39" doraHaiUra="102" who="2" fromWho="3" sc="162,0,429,0,233,49,166,-39" /><INIT seed="2,1,0,4,5,76" ten="162,429,282,127" oya="2" hai0="79,6,95,18,101,59,0,81,7,28,103,135,5" hai1="8,87,85,69,92,51,26,19,80,40,37,89,2" hai2="41,117,78,65,133,121,66,38,106,90,63,71,62" hai3="9,64,70,52,68,56,16,111,14,126,127,39,82"/><V108/><F106/><W99/><G39/><T93/><D93/><U110/><E69/><V50/><F78/><W98/><G111/><T32/><D32/><U1/><E110/><V27/><F108/><W36/><G36/><T75/><D75/><U34/><E37/><V57/><F117/><W43/><G43/><T15/><D15/><U45/><E34/><V115/><F115/><W102/><G64/><T49/><D49/><U20/><REACH who="1" step="1"/><E8/><REACH who="1" ten="162,419,282,127" step="2"/><V94/><F38/><W113/><G70/><T107/><D107/><U13/><E13/><V60/><F133/><W31/><G68/><T67/><D67/><U42/><E42/><V84/><F121/><W53/><G113/><T17/><D17/><U104/><E104/><V30/><F71/><W131/><G53/><T21/><D21/><U123/><E123/><V22/><F41/><W128/><G31/><T114/><D114/><U25/><E25/><V119/><F119/><W11/><G11/><T130/><D130/><U55/><E55/><AGARI ba="1,1" hai="22,27,30,50,55,57,60,62,63,65,66,84,90,94" machi="55" ten="40,2000,0" yaku="8,1" doraHai="76" who="2" fromWho="1" sc="162,0,419,-23,282,33,127,0" /><INIT seed="2,2,0,0,5,74" ten="162,396,315,127" oya="2" hai0="38,84,23,62,21,86,60,15,71,130,114,25,5" hai1="50,46,124,55,135,58,35,29,105,107,92,126,81" hai2="45,2,83,42,41,134,36,19,0,70,96,39,7" hai3="109,90,31,102,28,108,18,48,10,94,129,121,85"/><V53/><F70/><W8/><G121/><T131/><D131/><U88/><E135/><V79/><F134/><W77/><G129/><T16/><D16/><U47/><E81/><V95/><F19/><W68/><G68/><T54/><D54/><U78/><E78/><V44/><F53/><W11/><G102/><T104/><D104/><U97/><E105/><V89/><REACH who="2" step="1"/><F7/><REACH who="2" ten="162,396,305,127" step="2"/><W27/><G18/><T110/><D110/><U87/><E55/><UN n0="%E6%B8%85%E7%AB%9C%E9%97%98%E5%A3%AB" /><V100/><F100/><W3/><G108/><T26/><D114/><U64/><E64/><V57/><F57/><W112/><G109/><T73/><D73/><AGARI ba="2,1" hai="0,2,36,39,41,42,44,45,73,79,83,89,95,96" machi="73" ten="30,11600,0" yaku="1,1,7,1,9,1,52,1,53,0" doraHai="74" doraHaiUra="115" who="2" fromWho="0" sc="162,-122,396,0,305,132,127,0" /><INIT seed="2,3,0,0,2,112" ten="40,396,437,127" oya="2" hai0="49,10,93,72,30,128,121,71,104,32,115,61,101" hai1="108,56,48,5,41,110,109,133,80,87,6,60,0" hai2="131,21,66,111,98,46,100,78,7,14,113,86,4" hai3="54,53,31,29,134,57,127,102,37,27,77,68,83"/><V126/><F113/><W123/><G123/><T129/><D115/><U135/><E48/><V114/><F114/><W89/><G68/><T92/><D49/><U18/><E41/><V116/><F66/><W47/><G134/><N who="1" m="51210" /><E18/><V97/><F131/><N who="0" m="50250" /><D10/><U20/><E20/><V88/><F78/><W81/><G127/><T132/><D132/><U119/><E0/><V45/><F126/><W99/><G37/><T19/><D19/><U16/><E16/><N who="2" m="10391" /><F111/><N who="1" m="28417" /><U122/><DORA hai="13" /><E122/><V24/><F24/><W65/><G27/><N who="0" m="18527" /><D72/><U64/><E119/><V11/><F116/><W23/><G31/><T75/><D75/><U8/><E8/><V3/><F3/><W125/><G29/><T63/><D63/><U22/><E22/><V58/><F11/><W43/><G23/><T50/><D50/><U95/><E95/><N who="2" m="58463" /><F58/><W105/><G57/><T90/><D121/><U55/><E64/><V34/><F34/><W1/><G65/><N who="0" m="41391" /><D90/><AGARI ba="3,0" hai="5,6,55,56,60,80,87,90" m="28417,51210" machi="90" ten="40,2600,0" yaku="20,1,14,1" doraHai="112,13" who="1" fromWho="0" sc="40,-35,396,35,437,0,127,0" /><INIT seed="3,0,0,2,5,83" ten="5,431,437,127" oya="3" hai0="123,124,50,99,13,35,20,105,134,54,53,23,89" hai1="60,17,75,113,84,55,93,24,106,122,131,108,68" hai2="48,132,85,71,107,6,43,76,127,37,16,100,121" hai3="5,0,118,8,125,90,11,96,104,112,58,70,82"/><W45/><G112/><T22/><D123/><U59/><E113/><V94/><F71/><W56/><G70/><T111/><D35/><U26/><E122/><V18/><F121/><W31/><G118/><T116/><D116/><U101/><E75/><V86/><F37/><W102/><G125/><T15/><D124/><U73/><E73/><V95/><F6/><W61/><G31/><T64/><D64/><U115/><E115/><V46/><F107/><W12/><G45/><T65/><D65/><U103/><E68/><V27/><F132/><W98/><G61/><T21/><D134/><U80/><E106/><V33/><F127/><W129/><G129/><T52/><D105/><U128/><E108/><V51/><F33/><W109/><G109/><T91/><D111/><U49/><E128/><V69/><F69/><W133/><G133/><T135/><N who="0" m="5632" /><DORA hai="2" /><T39/><D39/><U63/><E131/><V19/><F27/><N who="1" m="10281" /><E17/><V10/><F10/><W38/><G38/><T79/><D135/><U40/><E93/><N who="2" m="35339" /><F100/><N who="1" m="38473" /><E40/><N who="2" m="24647" /><F76/><AGARI ba="0,0" hai="49,55,59,60,63,76,80,84" m="38473,10281" machi="76" ten="30,2000,0" yaku="8,1,52,1" doraHai="83,2" who="1" fromWho="2" sc="5,0,431,20,437,-20,127,0" /><INIT seed="4,0,0,2,0,12" ten="5,451,417,127" oya="0" hai0="11,91,46,103,37,111,69,32,14,1,24,96,43" hai1="133,74,0,134,7,104,61,52,132,2,57,38,33" hai2="123,130,40,23,120,48,58,49,22,131,110,79,71" hai3="9,106,113,101,102,3,20,60,128,115,112,92,93"/><T21/><D69/><U45/><E74/><V53/><F79/><W80/><G128/><N who="2" m="49193" /><F23/><W36/><G36/><T109/><D1/><U19/><E104/><V8/><F8/><W65/><G80/><T13/><D32/><U62/><E33/><V87/><F87/><W84/><G84/><T63/><D63/><U41/><E7/><V77/><F77/><W122/><G122/><N who="2" m="46633" /><F22/><W121/><G121/><T94/><D11/><U44/><E19/><V29/><F29/><W6/><G20/><T99/><D96/><U30/><E30/><V35/><F35/><W17/><G17/><N who="0" m="12335" /><D103/><N who="3" m="39433" /><G106/><T64/><D64/><U127/><E127/><V82/><F82/><W100/><G100/><T117/><D117/><U42/><E61/><V59/><F71/><W76/><G76/><T18/><D18/><U75/><E75/><V88/><F88/><W114/><G114/><T118/><D118/><U47/><E44/><N who="2" m="25607" /><F110/><AGARI ba="0,0" hai="13,14,37,43,46,91,94,99,109,110,111" m="12335" machi="110" ten="30,2900,0" yaku="10,1,52,1" doraHai="12" who="0" fromWho="2" sc="5,29,451,0,417,-29,127,0" /><INIT seed="4,1,0,0,0,0" ten="34,451,388,127" oya="0" hai0="83,126,81,73,117,14,44,64,101,53,61,26,48" hai1="75,134,60,110,17,51,10,31,113,102,22,122,98" hai2="30,114,57,20,46,6,99,131,5,16,123,128,89" hai3="115,72,92,93,36,49,39,111,55,118,91,77,69"/><T8/><D117/><U120/><E110/><V13/><F123/><W45/><G111/><T15/><D126/><U29/><E75/><V54/><F46/><W129/><G118/><T104/><D26/><U94/><E134/><V82/><F30/><W108/><G108/><T100/><D14/><U133/><E133/><V85/><F114/><W79/><G69/><T42/><D53/><U63/><E120/><V74/><F74/><W7/><G115/><T119/><D119/><U105/><E122/><V78/><F78/><W62/><G129/><N who="2" m="49737" /><F99/><W35/><G35/><T4/><D104/><U12/><E113/><V130/><N who="2" m="49745" /><V125/><DORA hai="135" /><F125/><W80/><G77/><T58/><REACH who="0" step="1"/><D73/><REACH who="0" ten="24,451,388,127" step="2"/><U66/><E105/><V84/><F84/><W11/><G55/><T70/><D70/><U47/><E29/><V3/><F3/><W96/><G72/><T116/><D116/><U106/><E106/><V103/><F103/><AGARI ba="1,1" hai="4,8,15,42,44,48,58,61,64,81,83,100,101,103" machi="103" ten="40,12000,1" yaku="1,1,8,1,52,1,53,1" doraHai="0,135" doraHaiUra="109,56" who="0" fromWho="2" sc="24,133,451,0,388,-123,127,0" /><INIT seed="4,2,0,1,2,113" ten="157,451,265,127" oya="0" hai0="115,134,106,31,44,117,83,38,85,69,75,13,10" hai1="73,92,97,8,12,48,0,63,116,36,128,21,77" hai2="45,26,108,105,91,51,50,4,100,56,55,24,39" hai3="131,80,46,22,76,43,58,133,3,1,40,94,102"/><T123/><D115/><U41/><E116/><V66/><F108/><W107/><G107/><T122/><D69/><U19/><E128/><V17/><F39/><W5/><G131/><T61/><D106/><U119/><E119/><V30/><F66/><W104/><G104/><T88/><D117/><U89/><E36/><V127/><F4/><W15/><G133/><T101/><D101/><U53/><E73/><V130/><F130/><W29/><G58/><T87/><D134/><U9/><E0/><V124/><F91/><W118/><G118/><T93/><D31/><U74/><E41/><V60/><F17/><W78/><G43/><T18/><D75/><U68/><E68/><V67/><F50/><W125/><G125/><T28/><D28/><U37/><E37/><V57/><F57/><W114/><G114/><T135/><D135/><U82/><E63/><V20/><REACH who="2" step="1"/><F26/><REACH who="2" ten="157,451,255,127" step="2"/><N who="3" m="16599" /><G78/><T27/><D61/><U109/><E109/><V120/><F120/><W14/><G5/><T96/><D27/><U62/><E62/><V49/><F49/><N who="3" m="26823" /><G3/><T11/><D123/><U42/><E42/><V52/><F52/><W16/><G1/><T54/><D38/><U112/><E112/><V129/><F129/><W86/><G16/><N who="0" m="8247" /><D122/><U47/><AGARI ba="2,1" hai="8,9,12,19,21,47,48,53,74,77,82,89,92,97" machi="47" ten="20,1500,0" yaku="0,1,7,1" doraHai="113" who="1" fromWho="1" sc="157,-9,451,31,255,-6,127,-6" /><INIT seed="5,0,0,0,1,125" ten="148,482,249,121" oya="1" hai0="31,21,45,30,121,54,34,16,109,13,46,131,80" hai1="66,102,29,12,36,38,5,20,41,48,73,117,79" hai2="10,93,114,49,65,104,52,135,82,103,40,96,119" hai3="53,51,9,133,14,67,78,99,90,27,6,15,63"/><U47/><E117/><V127/><F119/><W76/><G133/><T75/><D109/><U89/><E102/><V85/><F135/><W129/><G129/><T100/><D100/><U123/><E123/><V71/><F127/><W111/><G111/><T92/><D121/><U57/><E89/><V18/><F40/><W64/><G27/><T87/><D131/><U120/><E120/><V23/><F10/><W33/><G33/><T101/><D75/><U11/><E73/><V0/><F0/><W44/><G15/><T132/><D34/><U25/><E79/><V37/><F37/><W81/><G67/><T24/><D132/><U35/><E66/><V107/><F114/><W108/><G108/><T94/><D101/><U74/><E74/><V60/><F18/><W110/><G110/><T8/><D31/><U97/><E97/><V2/><F23/><W4/><G4/><T83/><D80/><U95/><E95/><V118/><F2/><W86/><REACH who="3" step="1"/><G99/><REACH who="3" ten="148,482,249,111" step="2"/><T70/><D70/><AGARI ba="0,1" hai="6,9,14,44,51,53,63,64,70,76,78,81,86,90" machi="70" ten="30,3900,0" yaku="1,1,2,1,7,1,53,0" doraHai="125" doraHaiUra="26" who="3" fromWho="0" sc="148,-39,482,0,249,0,111,49" /><INIT seed="6,0,0,2,3,6" ten="109,482,249,160" oya="2" hai0="59,41,87,94,128,3,55,39,103,104,1,121,27" hai1="29,10,112,90,4,113,64,124,18,80,40,21,82" hai2="81,51,107,100,123,118,96,13,15,33,37,28,62" hai3="65,120,105,49,17,42,58,135,20,95,84,23,78"/><V98/><F37/><W43/><G105/><T0/><D121/><U116/><E116/><V45/><F118/><W71/><G120/><T54/><D104/><U5/><E124/><V117/><F117/><W68/><G68/><T72/><D72/><U56/><E40/><V134/><F123/><W106/><G71/><T60/><D128/><U119/><E119/><V32/><F134/><W50/><G106/><T126/><D126/><U57/><E29/><V24/><F32/><W46/><G23/><T111/><D111/><U34/><E34/><V88/><F62/><N who="3" m="38103" /><G135/><T63/><D27/><N who="1" m="14775" /><E5/><V53/><REACH who="2" step="1"/><F98/><REACH who="2" ten="109,482,239,160" step="2"/><W125/><G125/><T16/><D39/><U110/><E110/><V101/><F101/><W114/><G50/><T92/><D103/><U73/><E113/><V75/><F75/><W26/><G114/><T83/><D41/><U36/><E36/><V52/><F52/><W8/><G43/><T131/><D131/><U122/><E112/><V66/><F66/><W93/><G49/><T44/><D60/><U25/><E122/><V91/><F91/><W74/><G74/><T47/><D55/><U9/><E64/><V108/><F108/><W12/><G42/><T70/><D70/><U115/><E115/><V89/><F89/><W69/><G69/><T99/><D99/><U109/><E109/><V97/><F97/><W2/><G78/><N who="0" m="46583" /><D16/><U7/><E73/><V85/><AGARI ba="0,1" hai="13,15,24,28,33,45,51,53,81,85,88,96,100,107" machi="85" ten="30,6000,0" yaku="1,1,0,1,54,1,53,0" doraHai="6" doraHaiUra="129" who="2" fromWho="2" sc="109,-20,482,-20,239,70,160,-20" /><INIT seed="6,1,0,2,4,135" ten="89,462,309,140" oya="2" hai0="71,1,77,16,15,11,53,38,76,66,3,88,67" hai1="36,17,54,126,125,134,21,10,99,32,60,29,81" hai2="7,49,112,123,130,93,95,98,72,19,62,97,124" hai3="128,37,127,89,9,105,116,27,41,75,34,45,4"/><V39/><F39/><W52/><G116/><T8/><D38/><U6/><E36/><V115/><F123/><W108/><G108/><T132/><D132/><U61/><E134/><V91/><F7/><W24/><G105/><T18/><D71/><U14/><E81/><V120/><F120/><W31/><G128/><T83/><D53/><U58/><E99/><V48/><F72/><W80/><G27/><T87/><D3/><N who="1" m="351" /><E60/><V100/><F130/><W0/><G127/><T25/><D1/><U50/><E61/><V104/><F62/><W12/><G52/><T74/><D25/><AGARI ba="1,0" hai="14,17,21,25,29,32,50,54,58,125,126" m="351" machi="25" ten="30,3900,0" yaku="24,1,52,2" doraHai="135" who="1" fromWho="0" sc="89,-42,462,42,309,0,140,0" /><INIT seed="7,0,0,5,1,125" ten="47,504,309,140" oya="3" hai0="75,121,9,10,54,119,111,8,73,130,69,47,83" hai1="22,39,82,94,93,36,124,21,40,14,90,91,52" hai2="99,97,18,132,116,72,85,12,63,19,127,13,58" hai3="56,28,16,3,117,34,32,46,2,66,113,79,84"/><W23/><G117/><T112/><D119/><U114/><E124/><V7/><F72/><W4/><G46/><T44/><D121/><U57/><E114/><V122/><F132/><W60/><G113/><T123/><D123/><U103/><E103/><V35/><F35/><W53/><G32/><T61/><D111/><U42/><E82/><V0/><F7/><W74/><G74/><T17/><D112/><U107/><E107/><V115/><F0/><W104/><G104/><T105/><D105/><U98/><E57/><V5/><F5/><W120/><G120/><T62/><D69/><U64/><E64/><V129/><F115/><W135/><G135/><T11/><N who="0" m="2560" /><DORA hai="133" /><T59/><D17/><U37/><E52/><V87/><F122/><W38/><G38/><T78/><D75/><U134/><E134/><V6/><F6/><W101/><G101/><T70/><D130/><U89/><E14/><V106/><F106/><W118/><G118/><T45/><REACH who="0" step="1"/><D70/><REACH who="0" ten="37,504,309,140" step="2"/><U71/><E71/><V1/><F116/><W126/><G4/><T26/><D26/><U20/><E98/><V51/><F129/><W68/><G16/><T41/><D41/><AGARI ba="0,1" hai="20,21,22,36,37,39,40,41,42,89,90,91,93,94" machi="41" ten="50,8000,1" yaku="29,2,28,2" doraHai="125,133" who="1" fromWho="0" sc="37,-80,504,90,309,0,140,0" owari="-43,-54.0,594,69.0,309,11.0,140,-26.0" /></mjloggm>