<mjloggm ver="2.3"><GO type="169" lobby="0"/><UN n0="%E3%81%8F%E3%81%BE%E3%81%95%E3%82%93%52" n1="%E3%82%A6%E3%83%AB%E3%83%88%E3%83%A9%E7%AB%8B%E7%9B%B4" n2="%53%74%65%69%6E%73" n3="%E8%97%8D%E8%91%89" dan="16,17,16,16" rate="2045.93,2181.05,2060.31,2144.57" sx="M,M,M,M"/><TAIKYOKU oya="0"/><INIT seed="0,0,0,0,4,21" ten="250,250,250,250" oya="0" hai0="5,121,100,117,4,119,107,132,74,58,72,46,86" hai1="96,93,114,127,7,38,56,97,31,134,33,70,6" hai2="1,65,28,111,29,110,54,92,116,52,34,115,43" hai3="113,24,40,53,68,105,108,12,39,89,60,48,101"/><T130/><D121/><U87/><E70/><V11/><F115/><W71/><G108/><N who="2" m="41513" /><F116/><W129/><G113/><T13/><D132/><U25/><E38/><V57/><F43/><W18/><G129/><T83/><D130/><U99/><E114/><V44/><F92/><W0/><G0/><T133/><D133/><U124/><E134/><V9/><F29/><W59/><G105/><T84/><D84/><U26/><E56/><V128/><F128/><W98/><G89/><T94/><D107/><U109/><E109/><V77/><F77/><W80/><G80/><T51/><D58/><U112/><E112/><V32/><F32/><W90/><G39/><T95/><D95/><U88/><REACH who="1" step="1"/><E26/><REACH who="1" ten="250,240,250,250" step="2"/><N who="2" m="18711" /><F1/><W122/><G122/><T35/><D117/><U22/><E22/><V81/><F44/><W102/><G71/><T82/><D46/><U76/><E76/><V135/><F135/><W17/><G68/><T61/><D35/><U131/><E131/><V47/><F47/><W30/><G59/><T14/><D119/><U67/><E67/><V85/><F65/><W49/><G24/><T10/><D14/><U27/><E27/><V50/><F54/><W3/><G12/><T91/><D13/><U126/><AGARI ba="0,1" hai="6,7,25,31,33,87,88,93,96,97,99,124,126,127" machi="126" ten="40,8000,1" yaku="1,1,0,1,18,1,52,1,54,1,53,0" doraHai="21" doraHaiUra="79" who="1" fromWho="1" sc="250,-40,240,90,250,-20,250,-20" /><INIT seed="1,0,0,2,3,84" ten="210,330,230,230" oya="1" hai0="16,103,58,42,82,77,13,5,76,79,25,104,99" hai1="95,63,116,74,81,31,61,128,52,127,115,46,65" hai2="66,130,83,7,15,98,112,22,94,18,59,35,14" hai3="109,80,126,132,19,33,26,39,54,12,107,102,101"/><U41/><E116/><V23/><F35/><W57/><G109/><T8/><D42/><U97/><E115/><V119/><F119/><W91/><G39/><T114/><D114/><U86/><E74/><V1/><F112/><W10/><G126/><T100/><D100/><U9/><E127/><V87/><F130/><W48/><G132/><T50/><D25/><U118/><E118/><V106/><F106/><W70/><G70/><T124/><D124/><U29/><E9/><V38/><F38/><W28/><REACH who="3" step="1"/><G107/><REACH who="3" ten="210,330,230,220" step="2"/><T71/><D71/><U68/><E128/><V2/><F2/><W96/><G96/><T21/><D104/><U51/><E41/><V135/><F98/><W121/><G121/><T56/><D99/><U117/><E117/><V133/><F1/><W32/><G32/><T134/><D134/><U6/><E6/><V125/><F7/><W129/><G129/><T34/><D34/><U11/><E68/><V17/><F125/><W73/><G73/><T72/><D5/><U3/><E3/><V60/><REACH who="2" step="1"/><F94/><REACH who="2" ten="210,330,220,220" step="2"/><W92/><G92/><T49/><D72/><U69/><E95/><V27/><F27/><W47/><G47/><T44/><D44/><U53/><E97/><V36/><F36/><W75/><G75/><T40/><D13/><U55/><E46/><V64/><F64/><W30/><G30/><T37/><D37/><U111/><E31/><V93/><F93/><W131/><G131/><T108/><D108/><U90/><E29/><V110/><F110/><W0/><G0/><T123/><D123/><U45/><E111/><V43/><F43/><RYUUKYOKU ba="0,2" sc="210,-15,330,-15,220,15,220,15" hai2="14,15,17,18,22,23,59,60,66,83,87,133,135" hai3="10,12,19,26,28,33,48,54,57,80,91,101,102" /><INIT seed="2,1,2,2,4,14" ten="195,315,235,235" oya="2" hai0="0,79,80,119,37,93,49,61,98,133,109,102,38" hai1="25,129,29,90,33,55,110,97,88,124,19,58,113" hai2="72,96,116,114,42,35,48,20,125,115,134,95,75" hai3="3,7,77,73,10,128,53,8,23,9,39,56,122"/><V62/><F35/><W131/><G122/><T69/><D109/><U5/><E113/><V64/><F116/><W118/><G118/><T32/><D119/><U54/><E5/><V21/><F134/><W45/><G23/><T63/><D133/><U60/><E110/><V34/><F34/><W50/><G73/><T1/><D32/><U83/><E129/><N who="3" m="49738" /><G77/><T99/><D49/><U132/><E132/><V2/><F125/><W70/><G70/><T24/><D24/><U31/><E124/><V15/><F2/><W22/><G22/><T71/><D79/><U67/><E31/><V106/><F106/><W18/><G18/><T16/><D80/><U76/><E19/><V107/><F107/><W105/><G105/><T28/><D28/><U135/><E135/><V87/><F21/><W27/><G27/><T85/><D85/><U26/><E26/><V101/><F75/><W121/><G121/><T89/><D102/><U65/><E90/><V40/><F72/><W92/><G92/><T57/><D89/><U100/><E88/><V51/><F87/><W74/><G74/><T126/><D126/><U130/><E130/><V104/><F104/><W12/><G3/><T68/><D93/><N who="1" m="58415" /><E83/><V47/><F20/><W86/><G86/><T123/><D123/><U117/><E76/><V52/><F15/><W46/><G39/><T91/><D91/><U44/><E117/><V78/><F78/><W17/><G7/><T59/><D69/><U30/><E30/><V94/><F94/><W112/><G112/><N who="2" m="43049" /><F51/><W41/><G41/><T103/><D103/><U127/><E127/><RYUUKYOKU ba="1,2" sc="195,0,315,0,235,0,235,0" hai0="0,1,16,37,38,57,59,61,63,68,71,98,99" hai1="25,29,33,44,54,55,58,60,65,67" hai2="40,42,47,48,52,62,64,95,96,101" hai3="8,9,10,12,17,45,46,50,53,56" /><INIT seed="2,2,2,0,4,47" ten="195,315,235,235" oya="2" hai0="71,93,81,32,90,42,63,116,118,104,21,24,27" hai1="30,49,123,135,69,119,12,73,53,131,110,2,66" hai2="82,122,41,34,97,111,56,64,20,22,92,17,19" hai3="124,35,23,15,45,78,106,59,76,6,31,120,114"/><V91/><F122/><W80/><G120/><T65/><D104/><U37/><RYUUKYOKU type="yao9" ba="2,2" sc="195,0,315,0,235,0,235,0" hai1="2,12,30,37,49,53,66,69,73,110,119,123,131,135" /><INIT seed="2,3,2,1,4,100" ten="195,315,235,235" oya="2" hai0="63,30,39,11,130,78,29,33,58,132,10,107,106" hai1="36,56,94,82,51,90,93,96,55,53,128,21,120" hai2="65,70,105,109,6,68,121,23,48,14,125,123,92" hai3="20,103,97,72,13,2,122,85,22,116,35,60,31"/><V59/><F105/><N who="0" m="39946" /><D39/><U74/><E36/><V126/><F109/><W81/><G116/><T111/><D78/><U43/><E128/><V26/><F92/><N who="3" m="58791" /><G35/><T19/><D33/><U7/><E120/><V28/><F6/><W0/><G122/><N who="2" m="46601" /><F14/><W110/><G2/><T133/><D111/><U114/><E114/><V80/><F80/><W5/><G0/><T45/><D45/><N who="1" m="26047" /><E74/><V18/><F28/><N who="0" m="10858" /><D19/><U77/><E7/><V50/><F65/><W134/><G72/><T83/><D83/><U64/><E82/><V15/><F15/><W84/><G110/><T108/><D108/><U40/><E77/><V131/><F131/><W34/><G34/><T71/><D71/><N who="2" m="27178" /><F59/><W8/><G85/><T17/><D17/><U69/><E69/><V25/><F25/><W57/><G31/><T129/><D129/><U49/><E94/><V38/><F38/><W112/><G112/><T102/><D102/><U113/><E113/><V135/><F135/><N who="0" m="51786" /><D130/><U119/><E93/><V37/><F37/><W104/><G134/><T101/><D101/><U95/><E95/><V12/><F26/><W88/><G104/><T75/><D75/><U47/><E96/><V115/><F115/><W46/><G46/><T89/><D89/><U9/><E90/><V16/><F18/><W91/><G91/><T62/><D62/><U87/><E47/><V118/><F118/><W86/><G86/><T42/><D42/><U1/><E119/><V98/><F98/><W117/><G117/><T27/><D27/><U127/><E87/><V73/><F73/><W76/><G76/><T61/><D61/><RYUUKYOKU ba="3,2" sc="195,10,315,-30,235,10,235,10" hai0="10,11,58,63" hai2="12,16,23,48,50,125,126" hai3="5,8,13,20,22,57,60,81,84,88" /><INIT seed="2,4,2,5,0,16" ten="205,285,245,245" oya="2" hai0="50,8,49,100,58,98,40,3,10,92,101,59,81" hai1="47,30,51,2,135,126,63,107,12,71,86,32,109" hai2="131,41,36,74,57,128,25,70,118,80,5,89,112" hai3="119,125,1,60,94,42,31,69,84,53,28,134,106"/><V99/><F118/><W15/><G106/><T129/><D129/><N who="2" m="49738" /><F70/><W14/><G119/><T4/><D100/><U117/><E2/><V62/><F112/><W95/><G1/><T122/><D122/><U7/><E117/><V54/><F5/><W93/><G125/><T104/><D104/><U37/><E37/><V11/><F11/><W133/><G42/><T46/><D10/><U115/><E7/><V20/><F74/><W105/><G105/><T77/><REACH who="0" step="1"/><D50/><REACH who="0" ten="195,285,245,245" step="2"/><U68/><E51/><V67/><F36/><W52/><G134/><T34/><D34/><U75/><E32/><V66/><F41/><W44/><G133/><T24/><D24/><U61/><E135/><V38/><F38/><W102/><G102/><T110/><D110/><U29/><E109/><V64/><F80/><W43/><G43/><T88/><D88/><U103/><E103/><V79/><F79/><W45/><G69/><T55/><D55/><U90/><E71/><V121/><F121/><W18/><G53/><T73/><AGARI ba="4,3" hai="3,4,8,40,46,49,58,59,73,77,81,92,98,101" machi="73" ten="20,5200,0" yaku="1,1,0,1,7,1,53,1" doraHai="16" doraHaiUra="78" who="0" fromWho="0" sc="195,94,285,-17,245,-30,245,-17" /><INIT seed="3,0,0,3,0,70" ten="289,268,215,228" oya="3" hai0="76,49,51,127,11,101,121,117,128,10,21,31,96" hai1="16,113,8,22,95,30,63,26,92,66,100,87,54" hai2="120,105,89,107,15,110,93,45,69,48,112,50,119" hai3="90,111,88,94,58,0,91,38,13,64,40,78,68"/><W7/><G0/><T34/><D34/><U81/><E113/><V19/><F112/><W4/><G68/><T43/><D117/><U109/><E54/><V72/><F119/><W79/><G111/><T122/><D127/><U85/><E109/><V2/><F2/><W74/><G74/><T39/><D128/><U114/><E114/><V52/><F110/><W98/><G38/><T28/><D76/><N who="3" m="29225" /><G40/><T131/><D131/><U1/><E1/><V6/><F72/><W108/><G108/><T9/><D21/><U124/><E124/><V125/><F125/><W59/><G13/><T133/><D133/><U84/><E81/><V97/><F120/><W56/><G64/><T129/><D129/><U75/><E75/><V27/><F69/><W53/><G53/><T73/><D73/><U57/><E100/><AGARI ba="0,0" hai="4,7,56,58,59,88,90,91,94,98,100" m="29225" machi="100" ten="30,2900,0" yaku="8,1,54,1" doraHai="70" who="3" fromWho="1" sc="289,0,268,-29,215,0,228,29" /><INIT seed="3,1,0,5,2,128" ten="289,239,215,257" oya="3" hai0="105,72,15,115,0,91,121,109,67,97,90,12,131" hai1="2,110,104,25,125,83,80,21,34,81,68,130,52" hai2="122,127,119,93,22,114,92,59,32,123,26,45,35" hai3="48,57,13,106,126,111,95,133,132,55,17,94,9"/><W4/><G126/><T49/><D0/><U87/><E34/><N who="2" m="12843" /><F119/><W37/><G37/><T75/><D67/><U78/><E68/><V7/><F114/><W113/><G113/><T124/><D115/><U39/><E39/><V29/><F127/><W99/><G106/><T120/><D49/><U85/><E2/><V69/><F69/><W56/><G111/><T6/><D124/><U82/><E104/><V86/><F7/><W44/><G4/><T112/><D6/><U66/><E66/><V46/><F59/><W102/><REACH who="3" step="1"/><G95/><REACH who="3" ten="289,239,215,247" step="2"/><N who="2" m="36425" /><F86/><W11/><G11/><T135/><D105/><U40/><E125/><V28/><F28/><W96/><G96/><T1/><D97/><U31/><E110/><V51/><F51/><W89/><G89/><T134/><D109/><U50/><E87/><V53/><F53/><W14/><G14/><T77/><D112/><U100/><E100/><V61/><F61/><W103/><G103/><T98/><D98/><U79/><E85/><V84/><F84/><W58/><AGARI ba="1,1" hai="9,13,17,44,48,55,56,57,58,94,99,102,132,133" machi="58" ten="30,11700,0" yaku="1,1,0,1,52,2,53,0" doraHai="128" doraHaiUra="20" who="3" fromWho="3" sc="289,-40,239,-40,215,-40,247,130" /><INIT seed="3,2,0,2,0,126" ten="249,199,175,377" oya="3" hai0="115,5,107,91,109,108,101,23,21,0,134,97,35" hai1="123,3,14,85,6,54,84,92,119,117,66,19,79" hai2="132,27,60,93,78,63,44,15,12,53,130,71,50" hai3="4,22,49,75,95,30,127,11,28,87,135,102,29"/><W64/><G127/><T120/><D120/><U72/><E123/><V2/><F2/><W43/><G75/><T122/><D122/><U8/><E66/><V9/><F132/><W39/><G39/><T113/><D35/><U45/><E92/><V106/><F106/><W111/><G135/><T7/><D134/><U83/><E54/><V55/><F130/><W40/><G64/><T31/><D91/><U90/><E45/><V114/><F114/><N who="0" m="43530" /><D0/><U125/><E125/><V82/><F27/><W68/><G68/><T37/><D37/><U124/><E124/><V18/><F93/><W32/><G32/><T26/><D23/><U47/><E47/><V17/><F55/><W81/><G22/><T33/><D33/><U110/><E110/><AGARI ba="2,0" hai="5,7,21,26,31,97,101,107,108,109,110" m="43530" machi="110" ten="30,2000,0" yaku="14,1,11,1" doraHai="126" who="0" fromWho="1" sc="249,26,199,-26,175,0,377,0" /><INIT seed="4,0,0,1,4,124" ten="275,173,175,377" oya="0" hai0="47,128,40,3,82,113,77,10,25,115,130,34,62" hai1="126,18,59,79,111,73,107,127,131,64,61,8,65" hai2="129,110,37,1,121,24,118,0,84,76,97,104,91" hai3="15,16,11,85,54,12,80,108,71,134,29,67,83"/><T43/><D62/><N who="1" m="37983" /><E107/><V89/><F110/><W132/><G108/><T92/><D92/><U49/><E111/><V116/><F121/><W55/><G29/><N who="0" m="19759" /><D3/><U2/><E79/><V21/><F37/><W5/><G71/><T4/><D4/><N who="1" m="1047" /><E49/><V133/><F133/><N who="3" m="51307" /><G67/><T120/><D10/><U114/><E18/><N who="2" m="12343" /><F76/><N who="3" m="46215" /><G83/><T45/><D120/><U38/><E38/><V88/><F84/><W28/><G28/><T87/><D47/><U46/><E46/><V96/><F104/><W119/><G119/><N who="2" m="45609" /><F129/><N who="0" m="49770" /><D40/><U26/><E131/><V75/><F75/><W94/><G94/><T7/><D7/><U123/><E73/><V58/><F0/><W56/><G5/><T23/><D23/><U102/><E123/><V32/><F1/><W13/><G11/><T52/><D52/><U109/><E109/><V50/><F32/><W90/><G55/><AGARI ba="0,0" hai="50,55,58,88,89,91,96,97" m="45609,12343" machi="55" ten="30,2000,0" yaku="12,1,54,1" doraHai="124" who="2" fromWho="3" sc="275,0,173,0,175,20,377,-20" /><INIT seed="5,0,0,3,1,128" ten="275,173,195,357" oya="1" hai0="91,127,86,82,35,99,44,69,118,59,103,40,36" hai1="55,89,13,79,70,66,100,98,41,46,24,96,130" hai2="95,122,113,120,53,5,27,131,80,29,105,110,78" hai3="107,7,8,135,25,111,19,9,42,93,116,34,61"/><U121/><E121/><V54/><F105/><W31/><G111/><T83/><D69/><U21/><E130/><V3/><F110/><W101/><G116/><T109/><D109/><U39/><E79/><V77/><F131/><W32/><G42/><T0/><D0/><U23/><E70/><V134/><F134/><W74/><G74/><T102/><D35/><U90/><E66/><V65/><F65/><W75/><G75/><T71/><D71/><U125/><E125/><V87/><F113/><W26/><G135/><T6/><D6/><U43/><E43/><V15/><F3/><W104/><G61/><T2/><D2/><U16/><E55/><V28/><F77/><W4/><G93/><T52/><D127/><U57/><E57/><V132/><F132/><W30/><G19/><T129/><D118/><U117/><E117/><V62/><F95/><W133/><G133/><T10/><D10/><U47/><E47/><V112/><F112/><W72/><G72/><T114/><D114/><U14/><E14/><V124/><F124/><W73/><G73/><T67/><D67/><U88/><REACH who="1" step="1"/><E100/><AGARI ba="0,0" hai="4,7,8,9,25,26,30,31,32,34,100,101,104,107" machi="100" ten="25,1600,0" yaku="22,2" doraHai="128" who="3" fromWho="1" sc="275,0,173,-16,195,0,357,16" /><INIT seed="6,0,0,5,1,67" ten="275,157,195,373" oya="2" hai0="84,29,82,112,85,115,2,11,20,46,54,16,62" hai1="24,97,109,1,61,53,63,14,47,105,77,116,55" hai2="89,121,65,122,75,80,37,88,31,133,69,22,131" hai3="101,104,118,100,98,40,130,64,19,127,60,36,123"/><V90/><F133/><W126/><G123/><T103/><D29/><U49/><E1/><V81/><F37/><W13/><G118/><T38/><D103/><U72/><E109/><V18/><F131/><W8/><G101/><T73/><D73/><U76/><E116/><V114/><F31/><W25/><G130/><T5/><D38/><U74/><E105/><V21/><F114/><N who="0" m="43562" /><D82/><U68/><E97/><V9/><F9/><W28/><G40/><T44/><D62/><U52/><E24/><V120/><F75/><W41/><G41/><T6/><D6/><U43/><E74/><V71/><F65/><W113/><G36/><T135/><D135/><U39/><E72/><V17/><F17/><W110/><G110/><T66/><D66/><U83/><E39/><V106/><F106/><W50/><G50/><N who="0" m="28999" /><D46/><U27/><E83/><N who="2" m="31819" /><F18/><W23/><G113/><T10/><D10/><U86/><E63/><V93/><F93/><W12/><G12/><AGARI ba="0,0" hai="2,5,11,12,16,20,84,85" m="28999,43562" machi="12" ten="30,2000,0" yaku="15,1,54,1" doraHai="67" who="0" fromWho="3" sc="275,20,157,0,195,0,373,-20" /><INIT seed="7,0,0,2,0,53" ten="295,157,195,353" oya="3" hai0="121,130,56,33,73,84,49,99,65,20,43,123,17" hai1="47,118,4,119,28,62,127,124,94,32,31,1,51" hai2="37,106,8,116,74,120,36,112,45,7,117,6,12" hai3="67,61,19,87,109,52,60,27,122,63,104,44,86"/><W110/><G104/><T108/><D108/><N who="3" m="41577" /><G122/><T58/><D73/><U90/><E4/><V11/><F120/><W66/><G27/><T18/><D33/><U115/><E1/><V132/><F106/><W29/><G19/><T131/><D65/><N who="3" m="24585" /><G29/><T88/><D99/><U111/><E111/><V10/><F112/><W79/><G79/><T71/><D71/><U114/><E28/><V57/><F132/><W59/><G44/><N who="0" m="25759" /><D17/><U97/><E31/><V46/><F74/><W40/><G40/><T69/><D69/><U54/><E32/><V13/><F11/><W100/><G100/><T91/><D91/><U89/><E89/><V34/><F34/><W93/><G93/><N who="0" m="54407" /><D121/><U0/><E0/><V134/><F134/><W105/><G105/><T80/><D80/><U101/><E101/><V75/><F75/><W38/><G38/><T2/><D2/><U15/><E15/><V68/><F68/><W103/><G103/><T3/><D3/><U9/><E9/><V85/><F85/><AGARI ba="0,0" hai="52,59,60,61,63,85,86,87" m="24585,41577" machi="85" ten="30,5800,0" yaku="10,1,52,1,54,1" doraHai="53" who="3" fromWho="2" sc="295,0,157,0,195,-58,353,58" owari="295,10.0,157,-24.0,137,-36.0,411,50.0" /></mjloggm>