<mjloggm ver="2.3"><GO type="169" lobby="0"/><UN n0="%E5%B2%A1%E6%9D%91%E9%9D%96%E5%B9%B8" n1="%E3%82%A6%E3%83%AB%E3%83%88%E3%83%A9%E7%AB%8B%E7%9B%B4" n2="%E3%81%8A%E3%81%8B%E3%81%B0" n3="%54%43%54" dan="16,18,16,17" rate="2093.96,2209.73,2092.82,2114.42" sx="M,M,M,M"/><TAIKYOKU oya="0"/><INIT seed="0,0,0,4,5,15" ten="250,250,250,250" oya="0" hai0="79,121,90,38,42,84,53,113,94,107,20,118,135" hai1="19,91,2,132,31,96,11,108,43,99,123,59,82" hai2="41,21,97,61,120,37,4,124,83,44,111,134,68" hai3="30,67,52,5,72,27,103,109,131,106,17,48,26"/><T93/><D121/><U6/><E123/><V114/><F120/><W87/><G72/><T63/><D118/><U122/><E122/><V0/><F114/><W36/><G109/><T54/><D113/><U46/><E108/><V89/><F111/><W101/><G36/><T104/><D135/><U7/><E132/><V45/><F134/><W23/><G131/><T73/><D73/><U25/><E7/><V126/><F44/><W24/><G5/><T64/><D79/><U86/><E59/><V119/><F119/><W33/><G106/><T39/><D42/><U95/><E82/><V88/><F97/><W62/><G26/><T117/><D117/><U110/><E110/><V34/><F34/><W70/><REACH who="3" step="1"/><G87/><REACH who="3" ten="250,250,250,240" step="2"/><T14/><D38/><U127/><E127/><V13/><F124/><W69/><G69/><T133/><D39/><U129/><E129/><V40/><F126/><W49/><G49/><T9/><D133/><U80/><E6/><V74/><F4/><W18/><G18/><N who="0" m="8527" /><D107/><U51/><E25/><V77/><F74/><W116/><G116/><T100/><D104/><U56/><E31/><V71/><F68/><W50/><G50/><T22/><D63/><U66/><E51/><V12/><F71/><W1/><G1/><T60/><D60/><U29/><E2/><V85/><F0/><W58/><AGARI ba="0,1" hai="17,23,24,27,30,33,48,52,58,62,67,70,101,103" machi="58" ten="20,12000,2" yaku="1,1,0,1,7,1,52,1,54,1,53,1" doraHai="15" doraHaiUra="57" who="3" fromWho="3" sc="250,-60,250,-30,250,-30,240,130" /><INIT seed="1,0,0,4,2,34" ten="190,220,220,370" oya="1" hai0="18,75,126,49,82,7,92,67,130,47,81,44,50" hai1="6,87,113,69,134,4,36,79,57,129,32,95,15" hai2="96,20,56,26,2,23,115,12,112,62,135,39,114" hai3="38,133,3,21,45,124,58,72,48,37,88,107,99"/><U41/><E69/><V120/><F120/><W42/><G72/><T30/><D30/><U93/><E113/><V91/><F135/><W94/><G133/><T17/><D67/><U52/><E134/><V78/><F39/><W122/><G122/><T100/><D130/><U73/><E32/><V24/><F78/><W55/><G124/><T64/><D64/><U22/><E129/><V111/><F111/><W110/><G110/><T98/><D126/><U10/><E73/><V101/><F91/><W31/><G107/><T0/><D75/><U51/><E6/><V25/><F12/><W70/><G70/><T53/><D7/><U33/><E33/><V63/><F2/><W85/><G3/><T83/><REACH who="0" step="1"/><D0/><REACH who="0" ten="180,220,220,370" step="2"/><U102/><E102/><V125/><F125/><W84/><REACH who="3" step="1"/><G38/><REACH who="3" ten="180,220,220,360" step="2"/><T90/><D90/><U54/><E36/><V97/><F101/><W104/><G104/><T89/><D89/><U19/><E4/><V43/><F115/><W131/><G131/><T11/><D11/><U108/><E10/><V118/><F114/><W59/><G59/><T68/><D68/><U28/><E57/><V128/><F128/><W119/><G119/><T9/><D9/><U132/><E108/><V35/><F112/><W123/><G123/><T71/><D71/><U29/><E132/><V40/><F118/><W74/><G74/><T105/><D105/><U13/><E79/><V46/><F56/><W14/><G14/><T127/><D127/><U27/><E15/><V8/><F8/><W16/><G16/><T103/><D103/><U117/><E19/><V66/><F26/><AGARI ba="0,2" hai="21,26,31,37,42,45,48,55,58,84,85,88,94,99" machi="26" ten="40,5200,0" yaku="1,1,6,1,54,1,53,0" doraHai="34" doraHaiUra="76" who="3" fromWho="2" sc="180,0,220,0,220,-52,360,72" /><INIT seed="2,0,0,2,2,88" ten="180,220,168,432" oya="2" hai0="93,36,30,119,72,113,86,74,63,37,104,109,56" hai1="111,76,28,91,80,69,50,54,105,85,77,132,70" hai2="1,71,102,9,68,62,107,17,135,121,99,26,115" hai3="27,7,40,33,92,21,51,49,84,3,18,108,2"/><V55/><F115/><W64/><G108/><T44/><D113/><U5/><E111/><V123/><F135/><W14/><G64/><T130/><D119/><U98/><E132/><V94/><F107/><W133/><G133/><T23/><D104/><U38/><E38/><V61/><F123/><W24/><G40/><T120/><D120/><U45/><E28/><V11/><F121/><W134/><G134/><T118/><D118/><U58/><E5/><V39/><F39/><W6/><G84/><T125/><D130/><U96/><E96/><V106/><F106/><W32/><G92/><T89/><D125/><U16/><E77/><V47/><F1/><N who="3" m="11" /><G51/><T100/><D109/><U41/><E16/><V114/><F114/><W97/><G49/><T57/><D57/><U128/><E128/><V8/><F68/><W25/><G97/><T29/><D36/><U81/><E105/><V131/><F131/><W43/><G43/><T82/><D23/><U116/><E116/><V112/><F112/><W127/><G127/><T90/><D100/><U87/><E98/><V126/><F126/><W10/><G6/><T15/><D37/><U79/><E91/><V59/><F71/><W46/><G46/><T65/><D44/><U42/><E42/><V95/><F47/><W117/><G117/><T83/><D83/><U101/><E101/><V0/><F0/><AGARI ba="0,0" hai="0,7,10,14,18,21,24,25,27,32,33" m="11" machi="0" ten="30,8000,1" yaku="35,5" doraHai="88" who="3" fromWho="2" sc="180,0,220,0,168,-80,432,80" /><INIT seed="3,0,0,5,4,65" ten="180,220,88,512" oya="3" hai0="24,105,94,10,32,4,117,22,21,107,25,115,109" hai1="78,80,116,18,43,52,127,34,56,70,39,46,35" hai2="84,118,37,45,91,26,60,0,58,9,23,41,61" hai3="27,95,97,119,135,3,54,130,69,103,31,13,44"/><W114/><G3/><T111/><D117/><U62/><E127/><V85/><F118/><W38/><G114/><T47/><D32/><U68/><E116/><V29/><F85/><W86/><G130/><T128/><D47/><U112/><E112/><V88/><F91/><W57/><G135/><T99/><D115/><U55/><E55/><V19/><F58/><W72/><G72/><T113/><D113/><U125/><E125/><V30/><F30/><W132/><G132/><T71/><D128/><U110/><E110/><N who="0" m="41993" /><D71/><U100/><E100/><V28/><F28/><W2/><G2/><T108/><D21/><U66/><E18/><V93/><REACH who="2" step="1"/><F19/><REACH who="2" ten="180,220,78,512" step="2"/><W42/><G86/><T73/><D108/><U106/><E70/><V101/><F101/><W133/><G69/><T76/><D73/><U50/><E106/><V126/><F126/><W131/><G119/><T15/><D76/><U14/><E14/><V90/><F90/><W96/><G31/><N who="0" m="17815" /><D25/><U102/><E102/><AGARI ba="0,1" hai="4,10,15,94,99,102,105,107" m="17815,41993" machi="102" ten="30,1000,0" yaku="14,1" doraHai="65" who="0" fromWho="1" sc="180,20,220,-10,78,0,512,0" /><INIT seed="4,0,0,4,0,90" ten="200,210,78,512" oya="0" hai0="80,96,85,31,134,92,121,23,126,39,113,11,4" hai1="72,52,63,98,60,127,71,93,53,110,2,15,82" hai2="30,87,95,88,10,104,79,86,0,114,83,8,35" hai3="20,59,81,62,132,76,112,125,43,12,33,42,97"/><T94/><D121/><U109/><E2/><V19/><F114/><W70/><G33/><T123/><D123/><U25/><E127/><V37/><F37/><W105/><G70/><T51/><D39/><U102/><E15/><V3/><F104/><W99/><G112/><T54/><D113/><U17/><E72/><V73/><F73/><W50/><G125/><T5/><D134/><U48/><E82/><V133/><F133/><W66/><G132/><T29/><D126/><U49/><E17/><V111/><F111/><W89/><G105/><T77/><D11/><U22/><E22/><V128/><F128/><W100/><G89/><T57/><D23/><U9/><E25/><V27/><REACH who="2" step="1"/><F8/><REACH who="2" ten="200,210,68,512" step="2"/><W1/><G43/><T47/><D4/><U7/><E9/><V46/><F46/><W14/><G42/><T78/><D5/><U119/><E7/><V120/><F120/><W84/><G1/><T45/><D47/><U56/><E110/><V41/><F41/><W103/><G20/><T55/><D45/><U65/><E109/><V36/><F36/><W122/><G122/><T67/><D29/><U34/><E34/><V124/><F124/><W131/><G131/><T115/><D31/><U91/><E119/><V32/><F32/><W107/><G107/><T106/><D106/><U68/><E68/><V61/><F61/><W129/><G129/><T116/><D115/><U135/><E135/><V74/><F74/><W26/><G62/><T44/><D116/><U69/><E63/><V38/><F38/><W21/><G50/><T16/><D51/><U75/><E48/><RYUUKYOKU ba="0,1" sc="200,-10,210,-10,68,30,512,-10" hai2="0,3,10,19,27,30,35,79,83,86,87,88,95" /><INIT seed="5,1,1,2,2,123" ten="190,200,98,502" oya="1" hai0="40,10,56,109,24,69,120,117,78,33,2,42,116" hai1="0,65,126,124,51,108,84,79,90,110,30,74,76" hai2="132,16,41,118,112,91,68,66,61,20,47,22,31" hai3="105,58,111,17,19,115,43,102,119,87,86,1,125"/><U44/><E0/><V77/><F118/><W18/><G1/><T71/><D78/><N who="1" m="29739" /><E65/><V92/><F77/><W101/><G119/><T97/><D97/><U95/><E30/><V114/><F31/><W15/><G115/><T75/><D75/><U13/><E13/><V128/><F128/><W70/><G70/><T99/><D99/><U94/><E94/><V21/><F132/><W82/><G105/><T106/><D106/><U57/><E57/><V26/><F114/><W62/><G43/><T11/><D2/><U14/><E14/><V67/><F67/><W9/><G125/><N who="1" m="48234" /><E74/><V129/><F129/><W121/><G15/><T104/><D104/><U48/><E48/><V34/><F34/><W28/><G28/><T38/><D56/><U113/><E113/><V29/><F112/><W12/><G58/><T73/><D73/><U72/><E72/><V98/><REACH who="2" step="1"/><F29/><REACH who="2" ten="190,200,88,502" step="2"/><W32/><G32/><T36/><D33/><U3/><E3/><V59/><F59/><W100/><G12/><T63/><D116/><U27/><E27/><V37/><AGARI ba="1,2" hai="16,20,21,22,26,37,41,47,61,66,68,91,92,98" machi="37" ten="20,5200,0" yaku="1,1,0,1,7,1,54,1,53,0" doraHai="123" doraHaiUra="25" who="2" fromWho="2" sc="190,-14,200,-27,88,75,502,-14" /><INIT seed="6,0,0,5,3,120" ten="176,173,163,488" oya="2" hai0="114,49,126,5,119,52,74,68,2,112,21,64,37" hai1="44,107,125,115,83,38,34,78,127,116,76,72,69" hai2="13,23,16,89,31,123,71,84,77,104,0,66,59" hai3="99,109,121,97,29,53,58,87,92,55,4,75,47"/><V61/><F123/><W1/><G75/><T70/><D74/><U98/><E69/><V27/><F104/><W48/><G121/><T108/><D37/><U42/><E78/><V17/><F0/><W26/><G109/><T111/><D126/><N who="1" m="48139" /><E115/><N who="0" m="44073" /><D119/><U14/><E14/><V15/><F77/><W82/><G1/><T134/><D134/><U117/><E34/><V105/><F105/><W41/><G4/><T91/><D91/><U67/><E67/><V80/><F15/><W81/><G92/><T20/><D5/><U35/><E35/><V62/><REACH who="2" step="1"/><F13/><REACH who="2" ten="176,173,153,488" step="2"/><W22/><G82/><T7/><D2/><U129/><E129/><V33/><F33/><W10/><G10/><T12/><D12/><U106/><E106/><V6/><F6/><W18/><G81/><T103/><D7/><U60/><E60/><V110/><F110/><N who="0" m="42026" /><D103/><AGARI ba="0,1" hai="38,42,44,72,76,83,98,103,107,116,117" m="48139" machi="103" ten="30,2000,0" yaku="18,1,23,1" doraHai="120" who="1" fromWho="0" sc="176,-20,173,30,153,0,488,0" /><INIT seed="7,0,0,2,3,15" ten="156,203,153,488" oya="3" hai0="26,103,125,109,91,80,112,88,89,37,82,42,122" hai1="95,24,1,25,48,6,12,113,78,47,7,2,19" hai2="9,86,66,108,5,11,102,41,106,50,64,71,46" hai3="92,124,72,59,54,29,55,31,84,30,22,20,69"/><W76/><G69/><T127/><D122/><U75/><E48/><V36/><F108/><W28/><G72/><T117/><D109/><U126/><E47/><V111/><F111/><W56/><G124/><N who="0" m="47691" /><D117/><U18/><E95/><V62/><F66/><W4/><G4/><T39/><D112/><U38/><E12/><V32/><F32/><W120/><G120/><T77/><D103/><U43/><E25/><V90/><F5/><W10/><G10/><T98/><D26/><U130/><E24/><V14/><F14/><W53/><G28/><T17/><D17/><U87/><E19/><V131/><F131/><W118/><G118/><T74/><D80/><U68/><E18/><V16/><F16/><W35/><G35/><T70/><D70/><U21/><E68/><V63/><F63/><W105/><G105/><T110/><D110/><U119/><E119/><V65/><F65/><W132/><G132/><T73/><D73/><U60/><E75/><V45/><F102/><W115/><G115/><T135/><D135/><U61/><E113/><V52/><F106/><W49/><G76/><T81/><D81/><AGARI ba="0,0" hai="9,11,36,41,45,46,50,52,62,64,71,81,86,90" machi="81" ten="30,2000,0" yaku="7,1,54,1" doraHai="15" who="2" fromWho="0" sc="156,-20,203,0,153,20,488,0" owari="136,-36.0,203,0.0,173,-23.0,488,59.0" /></mjloggm>