<mjloggm ver="2.3"><GO type="169" lobby="0"/><UN n0="%73%69%6E%73%69%73%74" n1="%74%65%40%72%73" n2="%E3%83%88%E3%83%88%E3%83%AA%E5%85%88%E7%94%9F%31%39%E6%AD%B3" n3="%E3%82%AF%E3%83%9E%E3%82%A6%E3%82%B6%E3%83%BC%EF%BC%92%E4%B8%96" dan="17,16,18,16" rate="2232.09,2115.58,2293.62,2004.43" sx="M,M,F,F"/><TAIKYOKU oya="0"/><INIT seed="0,0,0,3,3,61" ten="250,250,250,250" oya="0" hai0="45,4,48,58,107,0,31,32,81,47,113,124,75" hai1="51,93,16,122,37,103,9,100,25,42,29,131,82" hai2="62,7,87,66,119,38,98,70,43,15,2,44,40" hai3="120,8,90,88,20,132,115,123,6,28,30,110,57"/><T111/><D113/><U97/><E131/><V76/><F2/><W46/><G115/><T69/><D69/><U72/><E37/><V14/><F119/><W73/><G73/><T96/><D124/><U33/><E122/><N who="3" m="46634" /><G110/><T59/><D111/><U67/><E67/><V112/><F112/><W94/><G132/><T79/><D45/><U99/><E82/><V55/><F7/><W95/><G46/><T35/><D4/><U24/><E72/><V80/><F43/><W41/><G41/><T26/><D35/><U50/><E42/><V64/><F64/><W133/><G57/><T92/><D107/><U74/><E74/><V68/><F68/><W101/><G101/><T83/><D83/><U19/><E9/><V128/><F128/><W135/><G94/><T91/><REACH who="0" step="1"/><D0/><REACH who="0" ten="240,250,250,250" step="2"/><U5/><E5/><V60/><F44/><W104/><G104/><T36/><D36/><U127/><E127/><V39/><F38/><W22/><G135/><T129/><D129/><U121/><E121/><V114/><F114/><W10/><G6/><T130/><D130/><U12/><E12/><V126/><F126/><W117/><G133/><T17/><D17/><U116/><E116/><V56/><F39/><W134/><G134/><T34/><D34/><U27/><E33/><V1/><F1/><W106/><G106/><T125/><D125/><U11/><E29/><V118/><F118/><W54/><G30/><T21/><D21/><U109/><E109/><V71/><F71/><W53/><G22/><T63/><D63/><U23/><E23/><V13/><F40/><AGARI ba="0,1" hai="26,31,32,40,47,48,58,59,75,79,81,91,92,96" machi="40" ten="30,11600,0" yaku="1,1,7,1,53,2" doraHai="61" doraHaiUra="52" who="0" fromWho="2" sc="240,126,250,0,250,-116,250,0" /><INIT seed="0,1,0,4,2,112" ten="366,250,134,250" oya="0" hai0="134,92,126,43,9,33,19,37,15,28,79,95,133" hai1="99,20,76,68,7,32,47,14,78,87,62,96,104" hai2="115,81,90,94,65,50,89,101,31,107,35,113,82" hai3="114,132,42,29,102,83,46,111,98,8,3,86,30"/><T13/><D126/><U11/><E32/><V119/><F65/><W52/><G114/><N who="2" m="43529" /><F50/><W125/><G111/><T55/><D79/><U71/><E71/><V2/><F2/><W26/><G125/><T59/><D15/><U58/><E68/><V23/><F23/><W108/><G108/><T4/><D4/><U49/><E104/><V40/><F40/><W5/><G132/><N who="0" m="50795" /><D28/><U122/><E20/><V124/><F31/><W75/><G75/><T121/><D121/><U84/><E122/><V61/><F61/><W63/><G26/><T77/><D77/><N who="1" m="29803" /><E87/><N who="2" m="52575" /><F35/><W123/><G123/><T36/><D33/><U45/><E84/><N who="2" m="50319" /><F124/><W135/><G135/><T130/><D43/><N who="1" m="24767" /><E47/><V73/><F82/><W80/><G30/><T44/><D44/><U41/><E41/><V116/><F73/><W0/><G29/><T85/><D85/><U88/><E88/><V109/><F109/><W129/><G86/><T131/><D36/><U64/><AGARI ba="1,0" hai="7,11,14,58,62,64,96,99" m="24767,29803" machi="64" ten="30,1100,0" yaku="8,1" doraHai="112" who="1" fromWho="1" sc="366,-6,250,14,134,-4,250,-4" /><INIT seed="1,0,0,3,0,56" ten="360,264,130,246" oya="1" hai0="86,125,77,25,62,53,130,8,83,43,57,88,58" hai1="42,101,109,96,119,34,33,131,65,4,30,9,87" hai2="114,102,59,99,55,68,127,18,73,94,60,79,71" hai3="107,6,22,61,100,117,85,124,122,32,78,120,37"/><U70/><E119/><V112/><F127/><W17/><G32/><T123/><D125/><U105/><E131/><V133/><F133/><W92/><G107/><T1/><D130/><U29/><E42/><V69/><REACH who="2" step="1"/><F18/><REACH who="2" ten="360,264,120,246" step="2"/><W64/><G124/><T115/><D123/><U39/><E30/><V97/><F97/><W13/><G120/><T14/><D115/><U50/><E29/><V118/><F118/><W116/><G122/><T24/><D1/><U132/><E132/><V41/><F41/><W76/><G116/><T135/><D43/><U98/><E98/><V40/><F40/><W75/><G117/><T128/><D135/><U19/><E19/><V45/><F45/><W38/><G37/><T91/><D128/><U44/><E39/><V48/><F48/><W89/><G38/><T110/><D110/><U134/><E109/><V81/><AGARI ba="0,1" hai="55,59,60,68,69,71,73,79,81,94,99,102,112,114" machi="81" ten="40,5200,0" yaku="1,1,0,1,52,1,53,0" doraHai="56" doraHaiUra="15" who="2" fromWho="2" sc="360,-13,264,-26,120,62,246,-13" /><INIT seed="2,0,0,5,2,54" ten="347,238,182,233" oya="2" hai0="49,122,42,73,78,71,10,113,102,28,8,98,36" hai1="107,112,35,90,128,30,119,99,124,75,62,63,52" hai2="105,55,64,72,118,89,16,13,108,83,3,77,134" hai3="123,51,66,101,74,61,80,114,14,125,27,44,15"/><V45/><F118/><W68/><G123/><T106/><D122/><U33/><E119/><V23/><F3/><W117/><G117/><T21/><D71/><U0/><E0/><V110/><F105/><W9/><G125/><T12/><D36/><U41/><E124/><V129/><F129/><W115/><G101/><T29/><D113/><N who="3" m="43017" /><G27/><T2/><D2/><U57/><E112/><V18/><F134/><W43/><G9/><T133/><D133/><U65/><E75/><V56/><F64/><W37/><G37/><T1/><D8/><U93/><E128/><V31/><F45/><W126/><G126/><T38/><D21/><U32/><E41/><V132/><F132/><W130/><G130/><T26/><D26/><U60/><E107/><V19/><F89/><W88/><G88/><T97/><D97/><U96/><E96/><V24/><REACH who="2" step="1"/><F13/><REACH who="2" ten="347,238,172,233" step="2"/><W58/><G68/><T131/><D131/><U116/><E116/><V50/><AGARI ba="0,1" hai="16,18,19,23,24,31,50,55,56,72,77,83,108,110" machi="50" ten="30,18000,2" yaku="1,1,2,1,0,1,52,1,54,1,53,2" doraHai="54" doraHaiUra="120" who="2" fromWho="2" sc="347,-60,238,-60,172,190,233,-60" /><INIT seed="2,1,0,0,3,23" ten="287,178,362,173" oya="2" hai0="135,88,52,101,103,108,122,111,120,29,113,89,75" hai1="124,126,83,33,44,81,96,42,43,66,72,90,134" hai2="3,125,121,130,80,105,100,63,95,9,62,65,117" hai3="84,76,55,61,57,7,92,79,12,98,11,56,106"/><V97/><F117/><W128/><G128/><T87/><D29/><U39/><E33/><V74/><F121/><N who="0" m="46698" /><D113/><U109/><E109/><N who="0" m="42057" /><D52/><U5/><E5/><V85/><F130/><W68/><G68/><T114/><D114/><U22/><E134/><V70/><F125/><N who="1" m="48233" /><E66/><V112/><F112/><W17/><G106/><T45/><D45/><N who="1" m="23775" /><E72/><V47/><F74/><W54/><G84/><T116/><D116/><U73/><E73/><V94/><F62/><W132/><G132/><T67/><D67/><U21/><E90/><N who="0" m="34921" /><D75/><U30/><E96/><V48/><F3/><W77/><G98/><T15/><D15/><U31/><E22/><V41/><F9/><W37/><G37/><T38/><D38/><N who="1" m="21623" /><E31/><V34/><F34/><W78/><N who="3" m="19456" /><DORA hai="99" /><W0/><G0/><T58/><D58/><U110/><E110/><V118/><F118/><W16/><REACH who="3" step="1"/><G92/><REACH who="3" ten="287,178,362,163" step="2"/><T104/><D135/><U60/><E83/><V115/><F115/><W14/><G14/><T50/><D104/><U26/><E81/><V18/><F80/><W2/><G2/><T6/><D87/><U13/><E13/><V131/><F85/><W51/><AGARI ba="1,1" hai="7,11,12,16,17,51,54,55,56,57,61" m="19456" machi="51" ten="40,8000,1" yaku="1,1,0,1,8,1,54,1,53,0" doraHai="23,99" doraHaiUra="129,82" who="3" fromWho="3" sc="287,-21,178,-21,362,-41,163,93" /><INIT seed="3,0,0,1,2,75" ten="266,157,321,256" oya="3" hai0="105,35,26,115,34,122,95,127,30,108,48,68,93" hai1="44,72,6,45,87,12,92,23,85,10,63,41,134" hai2="42,24,135,1,94,38,32,49,124,83,31,96,82" hai3="5,13,109,15,64,98,78,128,129,117,62,67,27"/><W21/><G117/><T116/><D116/><U40/><E134/><V16/><F38/><W70/><G64/><T50/><D122/><U102/><E72/><V88/><F1/><W81/><G98/><T107/><D26/><U56/><E23/><N who="2" m="13415" /><F32/><W60/><G60/><T11/><D11/><U77/><E102/><V47/><F135/><W121/><G121/><T106/><D68/><U61/><E61/><V76/><F124/><W104/><G104/><T53/><D30/><U8/><E8/><V114/><F114/><W133/><G133/><T73/><D73/><U14/><E14/><V4/><F31/><N who="3" m="17903" /><G5/><T131/><D127/><U126/><E126/><V125/><F125/><W119/><G119/><T54/><D106/><U69/><E69/><V132/><F132/><W97/><G97/><T17/><D17/><U25/><E25/><V84/><F83/><W89/><G89/><T37/><D37/><U52/><E92/><V112/><F112/><W103/><G103/><T99/><D99/><U118/><E118/><V51/><F51/><W9/><G9/><T43/><D115/><U80/><REACH who="1" step="1"/><E87/><REACH who="1" ten="266,147,321,256" step="2"/><V46/><F4/><W57/><G70/><T28/><D107/><U101/><E101/><V18/><F18/><W65/><G15/><T130/><D105/><U123/><E123/><V90/><F46/><AGARI ba="0,1" hai="6,10,12,40,41,44,45,46,52,56,63,77,80,85" machi="46" ten="40,8000,1" yaku="1,1,8,1,52,1,54,1,53,0" doraHai="75" doraHaiUra="22" who="1" fromWho="2" sc="266,0,147,90,321,-80,256,0" /><INIT seed="4,0,0,5,0,13" ten="266,237,241,256" oya="0" hai0="101,78,91,61,57,19,14,36,73,75,39,6,28" hai1="133,111,62,48,77,70,34,9,67,116,79,127,51" hai2="115,121,18,23,47,35,46,119,74,89,118,132,50" hai3="15,105,10,123,84,56,32,96,64,43,38,106,109"/><T95/><D28/><U11/><E116/><N who="2" m="44587" /><F121/><W81/><G32/><T63/><D101/><U58/><E111/><V85/><F35/><W27/><G27/><T126/><D126/><U122/><E127/><V8/><F74/><W134/><G109/><T40/><D6/><U103/><E122/><V130/><F115/><W86/><G123/><T108/><D108/><U135/><E34/><V76/><F76/><N who="1" m="29257" /><E103/><V72/><F72/><W59/><G134/><N who="1" m="51210" /><E70/><V124/><F132/><W33/><G33/><T4/><D4/><U21/><E21/><V120/><F124/><W55/><G10/><AGARI ba="0,0" hai="9,10,11,48,51,58,62,67" m="51210,29257" machi="10" ten="30,1000,0" yaku="20,1" doraHai="13" who="1" fromWho="3" sc="266,0,237,10,241,0,256,-10" /><INIT seed="5,0,0,5,1,122" ten="266,247,241,246" oya="1" hai0="74,5,12,32,17,39,34,118,43,14,49,113,7" hai1="108,68,26,9,45,54,134,4,100,104,56,124,3" hai2="23,22,77,111,28,75,52,132,27,36,99,63,55" hai3="31,1,84,129,87,37,8,16,86,25,0,38,46"/><U64/><E134/><V102/><F132/><W116/><G129/><T10/><D39/><U70/><E124/><V15/><F111/><W133/><G133/><T103/><D74/><U93/><E108/><V35/><F36/><W91/><G116/><T65/><D65/><U67/><E104/><V33/><F75/><W66/><G91/><T62/><D62/><U19/><E45/><V125/><F77/><W58/><G37/><T76/><D76/><U50/><E70/><V13/><F125/><W85/><G46/><T117/><D49/><U96/><REACH who="1" step="1"/><E68/><REACH who="1" ten="266,237,241,246" step="2"/><V30/><F33/><W81/><G38/><T80/><D32/><U83/><E83/><V119/><F35/><W90/><G58/><T47/><D80/><U18/><E18/><V82/><F82/><W40/><G81/><T44/><D34/><U98/><E98/><V94/><F119/><W126/><G126/><T42/><D17/><U131/><E131/><V60/><F99/><W57/><G16/><T135/><D135/><U79/><E79/><V106/><F106/><W112/><G84/><T120/><D120/><U73/><E73/><V110/><F110/><W51/><G86/><T59/><D117/><U48/><E48/><V2/><F94/><W128/><G87/><T97/><D97/><U123/><E123/><V61/><F61/><W71/><G85/><T89/><D118/><U24/><E24/><V41/><F27/><W101/><G25/><T121/><D121/><U78/><E78/><V130/><F130/><W114/><G128/><T109/><D109/><U20/><AGARI ba="0,1" hai="3,4,9,19,20,26,50,54,56,64,67,93,96,100" machi="20" ten="30,6000,0" yaku="1,1,0,1,53,1" doraHai="122" doraHaiUra="88" who="1" fromWho="1" sc="266,-20,237,70,241,-20,246,-20" /><INIT seed="5,1,0,1,0,27" ten="246,307,221,226" oya="1" hai0="63,66,55,39,103,79,122,62,3,35,102,135,65" hai1="6,114,37,18,50,57,98,40,31,9,20,130,93" hai2="87,41,11,72,1,124,115,111,133,29,10,46,84" hai3="47,78,134,100,80,85,128,129,101,12,59,95,108"/><U86/><E114/><V52/><F111/><W125/><G108/><T64/><D3/><U21/><E130/><N who="3" m="50282" /><G59/><T105/><D39/><U51/><E86/><N who="2" m="32811" /><F1/><W15/><G125/><T132/><D35/><U58/><E37/><V81/><F72/><W49/><G134/><N who="0" m="51243" /><D79/><U33/><E33/><V14/><F133/><W60/><G60/><N who="0" m="23083" /><D105/><U45/><E51/><N who="2" m="28791" /><F124/><W56/><G56/><N who="1" m="21610" /><E31/><V69/><F69/><W23/><G23/><T0/><D0/><U54/><E54/><V38/><F38/><W16/><G95/><T8/><D55/><U109/><E109/><V91/><F115/><W94/><G94/><T116/><D116/><U7/><E9/><V22/><F41/><W74/><G74/><T73/><D8/><U30/><E30/><V32/><F32/><W90/><G78/><T117/><D117/><U118/><E118/><V120/><F120/><W126/><G126/><T42/><D73/><U123/><E123/><V113/><F113/><W61/><G61/><T5/><D42/><U76/><E76/><V70/><F70/><W77/><G77/><T25/><D122/><U107/><E107/><V131/><F131/><W112/><G112/><T104/><D104/><U68/><E68/><V44/><F44/><W127/><G127/><T17/><D64/><U106/><E106/><V13/><F11/><N who="3" m="6175" /><G15/><N who="2" m="5641" /><F10/><W88/><G90/><T4/><D65/><U110/><E110/><V82/><F91/><W53/><AGARI ba="1,0" hai="47,49,53,80,85,88,100,101" m="6175,50282" machi="53" ten="30,7900,0" yaku="25,1,19,1,54,2" doraHai="27" who="3" fromWho="3" sc="246,-21,307,-40,221,-21,226,82" /><INIT seed="6,0,0,1,4,103" ten="225,267,200,308" oya="2" hai0="86,27,92,39,1,48,60,68,127,133,25,42,41" hai1="40,56,124,132,93,12,19,113,18,21,125,81,79" hai2="112,17,134,84,88,63,118,65,44,87,89,38,35" hai3="57,90,106,30,52,107,0,36,111,26,16,130,23"/><V9/><F118/><W5/><G111/><T66/><D1/><U34/><E34/><V77/><F35/><W110/><G110/><T58/><D127/><N who="1" m="48715" /><E113/><V54/><F112/><W94/><G36/><T32/><D133/><U28/><E132/><V53/><F134/><W22/><G130/><T31/><D25/><N who="1" m="16431" /><E40/><V24/><F38/><W135/><G135/><T119/><D119/><U10/><E93/><N who="2" m="54407" /><F77/><W11/><G22/><T69/><D39/><U85/><E56/><N who="2" m="37095" /><F44/><W126/><G30/><T122/><D122/><U47/><E47/><V55/><F24/><W73/><G73/><T75/><D75/><U121/><E121/><V61/><F17/><AGARI ba="0,0" hai="10,12,17,18,19,79,81,85" m="16431,48715" machi="17" ten="30,1000,0" yaku="18,1" doraHai="103" who="1" fromWho="2" sc="225,0,267,10,200,-10,308,0" /><INIT seed="7,0,0,4,2,18" ten="225,277,190,308" oya="3" hai0="116,83,39,71,112,73,1,11,88,23,7,6,13" hai1="16,108,21,63,110,87,44,54,86,22,75,62,20" hai2="92,128,135,59,31,85,52,36,78,19,125,3,35" hai3="28,24,50,48,111,15,123,105,64,120,14,56,70"/><W8/><G70/><T32/><D116/><U79/><E75/><V76/><F36/><W115/><G105/><T114/><D71/><U67/><E110/><V2/><F128/><W30/><G111/><T131/><D39/><U0/><E0/><V37/><F37/><W130/><G130/><T49/><D131/><U90/><E108/><V57/><F57/><W84/><G115/><N who="0" m="44075" /><D32/><U12/><E79/><V109/><F109/><W91/><G24/><T9/><D49/><N who="3" m="19049" /><G120/><T34/><D34/><U134/><E134/><V55/><F135/><W103/><G103/><T40/><D40/><U27/><E44/><V100/><F125/><W129/><G123/><T126/><D126/><U113/><E113/><V46/><F46/><W58/><G14/><T77/><D88/><U72/><E72/><V124/><F124/><W45/><G45/><T95/><D95/><N who="1" m="54743" /><E54/><V68/><F68/><W101/><G101/><T60/><D60/><N who="1" m="23083" /><E67/><V119/><F119/><W65/><G129/><T43/><D43/><U96/><E96/><N who="2" m="59399" /><F2/><W117/><G117/><T41/><D41/><U33/><E33/><V127/><F3/><W93/><G58/><T26/><D26/><U74/><E74/><V51/><F127/><W66/><G56/><T29/><D29/><N who="1" m="17639" /><E87/><V121/><F121/><W17/><AGARI ba="0,0" hai="8,15,17,28,30,64,65,66,84,91,93" m="19049" machi="17" ten="30,1500,0" yaku="8,1" doraHai="18" who="3" fromWho="3" sc="225,-5,277,-5,190,-5,308,15" owari="220,-18.0,272,7.0,185,-31.0,323,42.0" /></mjloggm>