<mjloggm ver="2.3"><GO type="169" lobby="0"/><UN n0="%41%6B%6B%69%79" n1="%73%61%69%72%61%73%75" n2="%E3%83%88%E3%83%88%E3%83%AA%E5%85%88%E7%94%9F%31%39%E6%AD%B3" n3="%E3%81%8B%E3%81%8D" dan="16,17,18,18" rate="2075.00,2199.33,2284.90,2202.09" sx="M,M,F,M"/><TAIKYOKU oya="0"/><INIT seed="0,0,0,5,0,84" ten="250,250,250,250" oya="0" hai0="132,11,23,101,89,4,44,91,45,119,111,14,129" hai1="128,133,112,117,8,74,121,110,41,49,6,67,51" hai2="9,56,57,108,7,25,22,42,103,131,66,72,75" hai3="116,120,10,96,12,98,69,40,76,118,135,36,48"/><T83/><D119/><U106/><E74/><V24/><F108/><W13/><G36/><T127/><D129/><U54/><E117/><V18/><F131/><W134/><G69/><T34/><D34/><U65/><E106/><V58/><F66/><W99/><G120/><T38/><D38/><U115/><E128/><V125/><F125/><W71/><G71/><T62/><D127/><U3/><E121/><V77/><F77/><W113/><G113/><T33/><D33/><U1/><E110/><V124/><F124/><W31/><G31/><T60/><D132/><N who="3" m="50729" /><G76/><T20/><D101/><U39/><E39/><V85/><F42/><W46/><G12/><T94/><D111/><U32/><E32/><V37/><F37/><W29/><G29/><T43/><D83/><U104/><E104/><V82/><F103/><W73/><G73/><T78/><D78/><U64/><E1/><V35/><F25/><W16/><AGARI ba="0,0" hai="10,13,16,40,46,48,96,98,99,116,118" m="50729" machi="16" ten="30,2000,0" yaku="20,1,54,1" doraHai="84" who="3" fromWho="3" sc="250,-10,250,-5,250,-5,250,20" /><INIT seed="1,0,0,3,0,93" ten="240,245,245,270" oya="1" hai0="1,133,74,9,13,34,78,118,65,62,134,70,104" hai1="109,76,77,71,100,45,2,91,84,97,106,82,28" hai2="7,61,98,55,113,115,92,90,121,20,38,18,16" hai3="94,116,15,96,51,95,122,41,8,4,6,99,132"/><U12/><E2/><V29/><F121/><W63/><G122/><T59/><D118/><U30/><E71/><V111/><F38/><W129/><G129/><T117/><D117/><U73/><E109/><V68/><F111/><W57/><G132/><N who="0" m="50795" /><D34/><U102/><E102/><V131/><F131/><W43/><G4/><N who="0" m="1167" /><D13/><U25/><E76/><V75/><F75/><W17/><G6/><T0/><D0/><U10/><E45/><V22/><F7/><W53/><G116/><T79/><D104/><U87/><E87/><V135/><F135/><W86/><G86/><T14/><D14/><U83/><REACH who="1" step="1"/><E25/><REACH who="1" ten="240,235,245,270" step="2"/><N who="2" m="14471" /><F68/><W58/><G58/><T46/><D46/><U130/><E130/><V124/><F113/><W31/><G31/><T27/><D74/><U40/><E40/><N who="3" m="15434" /><G63/><N who="0" m="40255" /><D27/><U88/><E88/><N who="2" m="55559" /><F115/><W103/><G103/><T80/><D80/><U26/><E26/><N who="2" m="14679" /><F90/><W128/><G128/><T21/><D79/><U37/><E37/><V125/><F29/><W119/><G119/><T52/><D78/><U24/><E24/><V39/><F39/><W49/><G99/><T23/><AGARI ba="0,1" hai="21,23,52,59,62" m="40255,1167,50795" machi="23" ten="30,2000,0" yaku="20,1,54,1" doraHai="93" who="0" fromWho="0" sc="240,30,235,-10,245,-5,270,-5" /><INIT seed="2,0,0,5,1,97" ten="270,225,240,265" oya="2" hai0="119,20,94,127,65,25,133,34,49,5,67,53,26" hai1="72,109,77,102,35,40,75,19,85,43,122,66,29" hai2="115,15,41,96,18,62,36,106,132,112,28,48,126" hai3="100,33,114,104,13,57,16,99,60,129,0,58,31"/><V123/><F123/><W91/><G0/><T46/><D133/><U86/><E109/><V2/><F2/><W79/><G129/><T52/><D127/><U124/><E66/><V4/><F36/><W88/><G79/><T131/><D131/><U89/><E35/><V21/><F4/><W125/><G125/><T84/><D5/><U17/><E29/><V73/><F73/><W14/><G114/><T74/><D74/><U30/><E30/><V69/><F132/><W1/><G1/><T56/><D26/><U22/><E77/><V9/><F126/><W98/><G13/><T42/><D34/><U8/><E124/><V87/><F87/><W51/><G51/><T135/><D135/><U83/><E8/><V120/><F120/><W6/><G6/><T7/><D7/><U27/><E27/><N who="2" m="16495" /><F48/><W44/><G33/><T81/><D94/><U103/><E22/><V111/><F41/><W93/><G31/><N who="0" m="17831" /><D119/><U24/><E24/><V76/><F76/><W3/><G3/><T47/><D47/><U116/><E89/><V32/><F32/><W39/><G91/><N who="0" m="51599" /><D42/><U50/><E50/><AGARI ba="0,0" hai="46,49,50,52,53,56,65,67" m="51599,17831" machi="50" ten="30,2000,0" yaku="8,1,54,1" doraHai="97" who="0" fromWho="1" sc="270,20,225,-20,240,0,265,0" /><INIT seed="3,0,0,5,1,113" ten="290,205,240,265" oya="3" hai0="1,65,62,120,77,21,12,129,95,24,17,2,70" hai1="41,73,88,11,104,43,126,133,127,89,135,35,76" hai2="108,114,125,39,38,91,68,22,130,72,8,13,86" hai3="33,128,74,50,98,103,42,99,100,96,54,64,122"/><W119/><G119/><T31/><D120/><U60/><E35/><V48/><F114/><W118/><G118/><T132/><D132/><N who="1" m="50763" /><E104/><V121/><F121/><W112/><G112/><T28/><D28/><U34/><E34/><V131/><F68/><W93/><G122/><T15/><D15/><U16/><E60/><V90/><F72/><W6/><G33/><T102/><D129/><N who="2" m="49162" /><F108/><W87/><G74/><T26/><D26/><U7/><E76/><V56/><F22/><W49/><G128/><T44/><D77/><U53/><E73/><V0/><F0/><W55/><G64/><T52/><D102/><N who="3" m="38953" /><G6/><T29/><D29/><U110/><E53/><N who="3" m="19978" /><G42/><N who="1" m="15882" /><E110/><V94/><F56/><W58/><G58/><T59/><D95/><U115/><E115/><V84/><F48/><N who="3" m="18539" /><G87/><T51/><REACH who="0" step="1"/><D70/><REACH who="0" ten="280,205,240,265" step="2"/><U117/><E117/><V63/><F94/><AGARI ba="0,1" hai="93,94,96,98,99" m="18539,19978,38953" machi="94" ten="40,7700,0" yaku="28,2,8,1" doraHai="113" who="3" fromWho="2" sc="280,0,205,0,240,-77,265,87" /><INIT seed="3,1,0,5,4,30" ten="280,205,163,352" oya="3" hai0="42,32,128,0,108,102,44,18,15,124,83,2,60" hai1="120,61,50,65,89,78,25,129,92,55,16,41,106" hai2="49,12,84,31,123,100,27,116,80,72,58,97,121" hai3="54,35,56,112,68,63,134,19,6,38,126,66,45"/><W103/><G112/><T59/><D128/><U7/><E106/><V118/><F72/><W67/><G134/><T111/><D102/><U101/><E120/><N who="2" m="46155" /><F12/><W105/><G126/><T46/><D83/><U47/><E78/><N who="2" m="46103" /><F58/><W33/><G6/><T131/><D32/><U94/><E7/><V110/><F49/><N who="3" m="30799" /><G67/><T73/><D44/><U98/><E129/><V114/><F114/><W11/><G105/><T37/><D73/><U132/><E132/><V26/><F110/><N who="0" m="42026" /><D131/><U5/><E5/><V8/><F8/><W40/><G103/><T107/><D107/><U48/><E94/><N who="2" m="58423" /><F27/><W91/><G91/><T75/><D75/><U104/><E89/><V43/><F43/><W135/><G135/><T10/><D124/><U21/><E104/><V57/><F57/><W115/><G115/><T127/><D127/><U122/><E122/><V95/><F95/><W71/><G71/><T3/><D3/><U125/><E125/><V99/><F99/><W130/><G130/><T82/><D82/><U52/><E50/><V93/><F93/><W133/><G133/><T90/><D90/><U109/><E109/><V96/><F96/><W88/><G88/><T14/><D14/><AGARI ba="1,0" hai="11,14,19,33,35,38,40,45,63,66,68" m="30799" machi="14" ten="30,5800,0" yaku="24,1,52,2" doraHai="30" who="3" fromWho="0" sc="280,-61,205,0,163,0,352,61" /><INIT seed="3,2,0,5,3,125" ten="219,205,163,413" oya="3" hai0="112,15,6,123,118,44,14,12,41,30,88,48,106" hai1="57,21,120,9,26,75,116,86,20,124,24,45,121" hai2="93,31,79,63,127,114,90,73,62,87,65,71,1" hai3="105,34,25,77,81,64,68,16,40,117,99,7,37"/><W85/><G117/><T8/><D106/><U33/><E75/><V43/><F127/><W58/><G7/><T101/><D101/><U52/><E124/><V132/><F114/><W131/><G58/><T4/><D123/><U32/><E45/><V53/><F1/><W38/><G40/><T13/><D118/><U28/><E86/><V89/><F132/><W134/><G134/><T109/><D109/><U108/><E116/><V61/><F43/><W35/><G35/><T0/><D0/><U2/><E52/><V51/><F31/><N who="3" m="19823" /><G16/><T5/><D30/><N who="1" m="19543" /><E57/><V100/><F100/><N who="3" m="62623" /><G38/><T78/><D112/><U36/><E36/><V18/><F18/><W54/><G54/><T95/><REACH who="0" step="1"/><D78/><REACH who="0" ten="209,205,163,413" step="2"/><U102/><E102/><V3/><F3/><W91/><G77/><T126/><D126/><U50/><E108/><V119/><F119/><W130/><G37/><T128/><D128/><N who="3" m="49193" /><G64/><T122/><D122/><U27/><E121/><V135/><F135/><W84/><G84/><AGARI ba="2,1" hai="4,5,6,8,12,13,14,15,41,44,48,84,88,95" machi="84" ten="40,5200,0" yaku="1,1,8,1,54,1,53,0" doraHai="125" doraHaiUra="49" who="0" fromWho="3" sc="209,68,205,0,163,0,413,-58" /><INIT seed="4,0,0,1,4,66" ten="277,205,163,355" oya="0" hai0="72,130,50,42,11,89,40,48,81,60,7,37,22" hai1="68,124,95,129,80,107,94,126,100,75,20,71,122" hai2="44,67,87,114,35,84,128,6,1,132,106,121,41" hai3="58,4,97,65,8,55,0,47,43,56,91,98,53"/><T135/><D135/><U104/><E122/><V23/><F121/><W102/><G65/><T12/><D37/><U33/><E20/><V85/><F35/><W57/><G91/><T74/><D74/><U117/><E117/><V93/><F106/><N who="1" m="40489" /><E33/><V46/><F132/><W36/><G102/><T10/><D130/><U24/><E24/><V54/><F114/><W38/><G38/><T51/><D11/><U9/><E9/><V90/><F128/><W125/><G125/><N who="1" m="48234" /><E129/><V112/><F112/><W73/><G73/><T52/><D72/><U86/><E75/><V119/><F119/><W111/><G111/><T45/><D22/><U134/><E134/><V31/><F6/><W30/><G30/><T17/><D7/><U25/><E25/><N who="2" m="16831" /><F67/><W77/><G77/><T29/><D29/><U78/><E100/><V83/><F1/><W113/><G113/><T34/><D34/><U105/><N who="1" m="40497" /><U123/><DORA hai="110" /><E123/><V133/><F133/><W39/><G39/><T49/><D60/><U26/><E26/><V99/><F41/><W96/><AGARI ba="0,0" hai="0,4,8,36,43,47,53,55,56,57,58,96,97,98" machi="96" ten="30,1100,0" yaku="0,1" doraHai="66,110" who="3" fromWho="3" sc="277,-5,205,-3,163,-3,355,11" /><INIT seed="5,0,0,5,2,63" ten="272,202,160,366" oya="1" hai0="3,61,67,101,25,103,114,6,125,82,14,44,47" hai1="60,21,20,18,12,8,64,105,112,19,110,37,77" hai2="127,102,56,131,124,86,42,119,54,123,2,84,45" hai3="0,28,22,65,85,106,59,94,122,78,69,66,97"/><U55/><E37/><N who="2" m="21711" /><F2/><W117/><G122/><T27/><D3/><U80/><E105/><V32/><F32/><W31/><G0/><T40/><D125/><N who="2" m="48202" /><F123/><W53/><G69/><T89/><D114/><U33/><E110/><V43/><F119/><W23/><G106/><T41/><D89/><U81/><E33/><V76/><F131/><W35/><G35/><T10/><D82/><U132/><E132/><V93/><F43/><W115/><G115/><T46/><D27/><U15/><E112/><V73/><F76/><W34/><G34/><T133/><D25/><U39/><E39/><V95/><F73/><W38/><G38/><T100/><REACH who="0" step="1"/><D133/><REACH who="0" ten="262,202,160,366" step="2"/><U26/><E77/><V36/><F102/><N who="3" m="60727" /><G78/><T129/><D129/><U16/><REACH who="1" step="1"/><E55/><REACH who="1" ten="262,192,160,366" step="2"/><V17/><F54/><W49/><G53/><T29/><D29/><U79/><E79/><V104/><F104/><W135/><G31/><T109/><D109/><U120/><E120/><V57/><F36/><W88/><G28/><T126/><D126/><U51/><E51/><V92/><F86/><W13/><G49/><T87/><D87/><U11/><E11/><V134/><F84/><W83/><G135/><T50/><D50/><U116/><E116/><V107/><F107/><W111/><G111/><T98/><D98/><U72/><E72/><V71/><F134/><W118/><G118/><T7/><D7/><U30/><E30/><V24/><F17/><W48/><G117/><T113/><D113/><U96/><E96/><V52/><F52/><W68/><G85/><T1/><D1/><U121/><E121/><V9/><F9/><RYUUKYOKU ba="0,2" sc="262,15,192,15,160,-15,366,-15" hai0="6,10,14,40,41,44,46,47,61,67,100,101,103" hai1="8,12,15,16,18,19,20,21,26,60,64,80,81" /><INIT seed="5,1,2,3,0,58" ten="277,207,145,351" oya="1" hai0="100,134,132,87,38,128,99,122,75,41,13,113,53" hai1="18,88,111,0,73,79,64,4,6,80,106,114,118" hai2="27,45,62,102,110,77,52,33,37,92,1,97,121" hai3="68,71,29,44,15,69,105,31,108,25,101,129,124"/><U109/><E118/><V34/><F110/><N who="1" m="41993" /><E114/><V120/><F1/><W36/><G108/><T46/><D113/><U65/><E106/><V28/><F34/><W98/><G129/><T40/><D128/><U21/><E88/><V49/><F37/><W59/><G124/><T30/><D75/><U84/><E84/><V42/><F77/><W47/><G36/><T90/><D122/><U133/><E133/><V48/><REACH who="2" step="1"/><F62/><REACH who="2" ten="277,207,135,351" step="2"/><W123/><G123/><T76/><D134/><U16/><E0/><V74/><F74/><W86/><G71/><T5/><D76/><U135/><E135/><V89/><F89/><W61/><G69/><T3/><D90/><U12/><E18/><V81/><F81/><W7/><G68/><T126/><D3/><U96/><E96/><V43/><F43/><W60/><G98/><T72/><D41/><U94/><E94/><V23/><F23/><W70/><G70/><T107/><D40/><U63/><E63/><V55/><F55/><W54/><G61/><T83/><D53/><U22/><E21/><V9/><F9/><W26/><G60/><T19/><D19/><U85/><E73/><V125/><F125/><W66/><G54/><T127/><D127/><U20/><E22/><V51/><F51/><W117/><G105/><T17/><D72/><U103/><E103/><V8/><F8/><W131/><G101/><T93/><D99/><U2/><E2/><V35/><F35/><W78/><G78/><T10/><D100/><U32/><E32/><V119/><F119/><W115/><G117/><T95/><D126/><U82/><E82/><RYUUKYOKU ba="1,3" sc="277,-15,207,15,135,15,351,-15" hai1="4,6,12,16,20,64,65,79,80,85" hai2="27,28,33,42,45,48,49,52,92,97,102,120,121" /><INIT seed="5,2,3,0,3,62" ten="262,222,150,336" oya="1" hai0="7,69,126,131,129,25,88,49,35,96,106,43,61" hai1="67,57,74,54,9,87,100,81,102,110,1,32,66" hai2="107,51,64,99,13,115,50,53,94,58,46,59,83" hai3="132,84,91,112,71,76,40,36,90,47,135,72,16"/><U130/><E32/><V38/><F107/><W127/><G71/><T119/><D7/><U116/><E74/><V105/><F105/><W48/><G112/><T95/><D106/><U41/><E116/><V73/><F38/><W37/><G127/><T2/><D2/><U5/><E41/><V55/><F115/><W4/><G4/><T30/><D119/><U6/><E130/><V26/><F73/><W10/><G72/><T70/><D126/><U125/><E125/><V104/><F104/><W117/><G76/><T133/><D133/><N who="3" m="51273" /><G117/><T39/><D39/><N who="3" m="14921" /><G84/><T108/><D108/><U63/><E6/><V75/><F75/><W56/><G56/><T128/><D61/><U77/><REACH who="1" step="1"/><E110/><REACH who="1" ten="262,212,150,336" step="2"/><V68/><F55/><W18/><G18/><T3/><D3/><U80/><E80/><V17/><F83/><W103/><G103/><AGARI ba="2,4" hai="1,5,9,54,57,63,66,67,77,81,87,100,102,103" machi="103" ten="40,7700,0" yaku="1,1,52,2,53,0" doraHai="62" doraHaiUra="120" who="1" fromWho="3" sc="262,0,212,123,150,0,336,-83" /><INIT seed="5,3,0,5,0,120" ten="262,335,150,253" oya="1" hai0="135,119,15,2,81,12,89,106,18,114,95,72,48" hai1="59,53,39,88,126,128,31,127,84,14,109,97,85" hai2="123,34,58,121,51,96,105,79,66,28,94,50,83" hai3="113,52,108,40,68,92,54,118,64,117,11,75,3"/><U71/><E39/><V32/><F105/><W9/><G75/><T104/><D2/><U86/><E71/><V131/><F131/><W80/><G80/><T67/><D67/><U55/><E31/><V42/><F121/><W103/><G108/><T101/><D119/><N who="3" m="45577" /><G40/><T69/><D69/><U74/><E74/><V16/><F123/><W24/><G113/><T98/><D135/><U110/><E128/><V21/><F28/><W46/><G24/><T56/><D114/><U37/><E37/><V115/><F115/><W6/><G9/><T57/><D12/><U36/><E14/><V70/><F70/><W29/><G29/><T44/><D72/><U100/><E88/><V13/><F42/><W90/><G103/><T19/><D19/><U0/><E0/><V77/><F32/><W7/><G7/><T112/><D112/><U134/><E134/><V23/><F34/><W130/><G46/><T93/><D81/><U63/><E53/><V122/><F23/><W62/><G130/><T33/><D33/><U8/><E36/><V25/><F25/><W124/><G124/><N who="1" m="47658" /><E8/><V87/><F79/><W129/><G129/><T76/><D76/><U26/><E26/><V91/><REACH who="2" step="1"/><F122/><REACH who="2" ten="262,335,140,253" step="2"/><W73/><G73/><T111/><D106/><AGARI ba="3,1" hai="55,59,63,84,85,86,97,100,106,109,110" m="47658" machi="106" ten="30,5800,0" yaku="18,1,52,2" doraHai="120" who="1" fromWho="0" sc="262,-67,335,77,140,0,253,0" /><INIT seed="5,4,0,4,3,44" ten="195,412,140,253" oya="1" hai0="61,127,132,117,14,47,81,8,3,60,74,9,36" hai1="134,19,30,104,91,89,73,1,45,4,99,88,16" hai2="128,129,131,53,126,49,102,72,96,54,77,67,48" hai3="39,55,118,70,125,115,123,13,26,46,75,21,18"/><U32/><E73/><V135/><F135/><W76/><G123/><T83/><D117/><U119/><E119/><V31/><F126/><W35/><G118/><T56/><D132/><U57/><E1/><V52/><F31/><W120/><G120/><T80/><D74/><U41/><E4/><V100/><F67/><W111/><G111/><T43/><D127/><U64/><E134/><V59/><F59/><W28/><G70/><T79/><D79/><U133/><E133/><V94/><F102/><W93/><G125/><T103/><D103/><U107/><E30/><V66/><F66/><W50/><G115/><T65/><D3/><U84/><E84/><V15/><F15/><W29/><G39/><T113/><D113/><U0/><E32/><V78/><F78/><W68/><G68/><T97/><D97/><U110/><E0/><V92/><F94/><W17/><G35/><T101/><D101/><U37/><E99/><V34/><F34/><W38/><G38/><T121/><D121/><U58/><E58/><V10/><F10/><N who="3" m="6327" /><G76/><T42/><D42/><U116/><E110/><V25/><REACH who="2" step="1"/><F25/><REACH who="2" ten="195,412,130,253" step="2"/><W27/><G27/><T6/><D9/><U87/><E116/><V98/><F98/><W86/><G93/><T105/><D105/><U24/><E24/><V62/><F62/><W22/><G26/><T108/><D108/><U69/><E69/><V124/><F124/><W40/><G29/><T2/><D61/><N who="1" m="37935" /><E107/><V51/><F51/><W106/><G50/><T12/><AGARI ba="4,1" hai="2,6,8,12,14,36,43,47,56,60,65,80,81,83" machi="12" ten="30,1100,0" yaku="0,1" doraHai="44" who="0" fromWho="0" sc="195,33,412,-9,130,-7,253,-7" /><INIT seed="6,0,0,5,2,6" ten="228,403,123,246" oya="2" hai0="103,64,29,12,77,37,18,52,69,129,55,105,112" hai1="53,123,95,61,94,91,114,81,59,30,17,92,63" hai2="102,36,13,23,21,125,32,8,5,119,9,121,50" hai3="87,62,99,41,126,96,127,71,40,97,86,131,128"/><V15/><F36/><W109/><G71/><T58/><D37/><U70/><E114/><V7/><F119/><W80/><G62/><T82/><D112/><U117/><E30/><V44/><F121/><W98/><G109/><T67/><D69/><U106/><E106/><V75/><F32/><W113/><G113/><T83/><D29/><U79/><E117/><V116/><F116/><W135/><G135/><T130/><D103/><U38/><E38/><V134/><F134/><W76/><G86/><T133/><D105/><U115/><E115/><V100/><F75/><W10/><G10/><T47/><D47/><U60/><E91/><V88/><F125/><N who="3" m="47627" /><G99/><T89/><D89/><U20/><E70/><V104/><F88/><W90/><G90/><T45/><D45/><U26/><E123/><V19/><F104/><W54/><G54/><T46/><D46/><U107/><E107/><V49/><F44/><W25/><G25/><T4/><D4/><U78/><E81/><V1/><F1/><W85/><G85/><T14/><D133/><U111/><E111/><V101/><REACH who="2" step="1"/><F21/><REACH who="2" ten="228,403,113,246" step="2"/><W93/><G93/><T51/><D83/><U34/><E34/><V72/><F72/><W48/><G97/><T120/><D120/><U66/><E95/><V57/><F57/><W84/><G98/><T22/><D82/><U65/><E94/><V56/><F56/><W118/><G96/><T27/><D58/><N who="1" m="37111" /><E92/><V0/><AGARI ba="0,1" hai="0,5,7,8,9,13,15,19,23,49,50,100,101,102" machi="0" ten="30,11700,0" yaku="1,1,0,1,52,2,53,0" doraHai="6" doraHaiUra="42" who="2" fromWho="2" sc="228,-39,403,-39,113,127,246,-39" /><INIT seed="6,1,0,4,5,31" ten="189,364,240,207" oya="2" hai0="79,51,121,133,48,54,28,12,116,9,32,96,76" hai1="115,41,63,130,67,52,110,114,70,3,112,83,0" hai2="118,81,55,104,57,80,23,66,60,103,2,102,35" hai3="85,120,87,84,7,6,68,109,56,43,20,38,5"/><V131/><F118/><W97/><G68/><T29/><D121/><U33/><E110/><V134/><F2/><W27/><G109/><T22/><D133/><U89/><E130/><V19/><F35/><W111/><G111/><T101/><D116/><U91/><E41/><V4/><F4/><W17/><G120/><T122/><D122/><U73/><E33/><V123/><F123/><W126/><G126/><T69/><D69/><U78/><E52/><V62/><F134/><W72/><G72/><T15/><D32/><U127/><E127/><V125/><F131/><W124/><G124/><T34/><D34/><U14/><E14/><V1/><F1/><AGARI ba="1,0" hai="0,1,3,63,67,70,73,78,83,89,91,112,114,115" machi="1" ten="50,1600,0" yaku="15,1" doraHai="31" who="1" fromWho="2" sc="189,0,364,19,240,-19,207,0" /><INIT seed="7,0,0,5,0,108" ten="189,383,221,207" oya="3" hai0="102,79,52,3,8,65,66,18,119,91,16,131,23" hai1="54,125,134,45,103,61,83,117,101,1,40,67,20" hai2="70,72,6,98,93,114,42,99,34,112,26,130,11" hai3="46,94,55,50,109,90,19,126,44,38,29,105,24"/><W78/><G105/><T28/><D119/><U35/><E35/><V115/><F130/><W135/><G135/><T32/><D32/><U129/><E1/><V2/><F70/><W62/><G126/><T124/><D124/><U0/><E0/><V64/><F64/><N who="0" m="24682" /><D131/><U80/><E54/><V84/><F72/><W63/><G109/><T92/><D3/><U49/><E125/><V87/><F42/><W74/><G74/><T22/><D79/><U10/><E10/><V71/><F99/><N who="3" m="57815" /><G38/><T53/><D102/><U86/><E83/><V12/><F71/><W59/><G29/><T85/><D8/><U122/><E122/><V104/><F104/><W68/><G68/><T123/><D123/><U47/><E47/><N who="3" m="17962" /><G78/><T14/><D28/><U4/><E129/><V95/><F2/><W111/><G111/><T69/><D69/><U116/><E134/><V77/><F77/><W88/><G88/><T30/><D30/><U110/><E110/><V17/><F34/><W33/><G33/><T9/><D9/><U97/><E97/><V133/><F133/><W128/><G128/><T31/><D31/><U127/><E127/><V37/><F37/><W106/><G106/><T60/><D60/><U13/><E103/><N who="2" m="60879" /><F95/><W5/><G5/><T7/><D7/><U113/><E4/><V100/><F100/><W76/><G76/><T41/><D41/><U43/><E40/><V36/><F36/><W96/><G96/><T48/><D48/><U120/><E101/><V57/><F57/><W25/><G19/><T58/><D58/><N who="1" m="37303" /><E120/><V75/><F75/><W39/><G39/><RYUUKYOKU ba="0,0" sc="189,10,383,-30,221,10,207,10" hai0="14,16,18,22,23,52,53,85,91,92" hai2="6,11,12,17,26,84,87,112,114,115" hai3="24,25,50,55,59,62,63" /><INIT seed="7,1,0,4,4,10" ten="199,353,231,217" oya="3" hai0="14,66,18,34,64,109,87,35,25,127,93,123,4" hai1="29,116,47,102,92,113,58,36,54,100,128,74,97" hai2="33,84,42,122,32,117,16,104,1,129,112,20,126" hai3="6,75,134,68,103,28,45,78,121,89,55,61,53"/><W110/><G121/><T119/><D123/><U73/><E113/><V48/><F112/><W30/><G103/><T23/><D119/><U41/><E128/><V77/><F104/><W114/><G114/><T80/><D109/><U63/><E116/><V56/><F1/><W125/><G125/><T40/><D127/><U82/><E82/><V135/><F126/><W5/><G75/><T3/><D40/><U98/><E29/><N who="3" m="11370" /><G68/><T59/><D3/><U38/><E38/><V115/><F115/><W0/><G0/><T27/><D35/><U9/><E9/><V43/><F135/><W108/><G78/><T60/><D34/><U13/><E13/><N who="2" m="9231" /><F32/><W24/><G24/><N who="0" m="9291" /><D93/><AGARI ba="1,0" hai="36,41,47,54,58,63,73,74,92,93,97,98,100,102" machi="93" ten="30,2000,0" yaku="7,1,9,1" doraHai="10" who="1" fromWho="0" sc="199,-23,353,23,231,0,217,0" owari="176,-32.0,376,47.0,231,3.0,217,-18.0" /></mjloggm>