<mjloggm ver="2.3"><GO type="169" lobby="0"/><UN n0="%E5%B0%B1%E6%B4%BB%E7%94%9F%40%E5%B7%9D%E6%9D%91%E8%BB%8D%E5%9B%A3" n1="%4D%61%67%69%61" n2="%6B%69%79%6F%64%61%69" n3="%33%31%6A%69%6E" dan="19,16,18,16" rate="2336.84,2093.97,2226.51,2136.60" sx="M,M,M,F"/><TAIKYOKU oya="0"/><INIT seed="0,0,0,3,1,47" ten="250,250,250,250" oya="0" hai0="62,49,128,14,58,26,33,7,118,32,109,92,76" hai1="35,63,44,45,40,4,18,100,8,80,5,116,95" hai2="67,89,50,106,121,10,11,22,103,75,36,65,19" hai3="120,53,30,125,74,91,54,101,24,104,130,85,110"/><T77/><D118/><U133/><E116/><V46/><F36/><W61/><G110/><T126/><D128/><U127/><E35/><V68/><F75/><W43/><G130/><T27/><D126/><U97/><E127/><V135/><F121/><W60/><G125/><T111/><D92/><U2/><E133/><V132/><F103/><W69/><G43/><T79/><D7/><U48/><E63/><V3/><F106/><W41/><G41/><T78/><D14/><U57/><E57/><V9/><F3/><W66/><G74/><T83/><D49/><U105/><E80/><V72/><F72/><W96/><G61/><T124/><D124/><U73/><E73/><V6/><F6/><W59/><G59/><T119/><D119/><U90/><E5/><V17/><F17/><W64/><G64/><T56/><D77/><U93/><E18/><V99/><F68/><W87/><G120/><T1/><D1/><U108/><E108/><N who="0" m="41545" /><D83/><U123/><E123/><V134/><F50/><W55/><REACH who="3" step="1"/><G91/><REACH who="3" ten="250,250,250,240" step="2"/><T112/><D58/><U25/><E90/><V70/><F46/><W15/><G15/><T52/><D112/><U81/><E2/><V129/><F129/><W13/><G13/><T115/><D115/><U39/><E40/><V28/><F135/><W107/><G107/><T131/><D131/><U117/><E117/><V0/><F134/><W21/><AGARI ba="0,1" hai="21,24,30,53,54,55,60,66,69,85,87,96,101,104" machi="21" ten="30,2000,0" yaku="1,1,0,1,53,0" doraHai="47" doraHaiUra="42" who="3" fromWho="3" sc="250,-10,250,-5,250,-5,240,30" /><INIT seed="1,0,0,5,1,112" ten="240,245,245,270" oya="1" hai0="102,134,46,106,20,90,28,69,44,74,37,96,12" hai1="119,123,68,118,129,128,114,18,43,99,50,108,72" hai2="29,117,27,81,16,110,63,54,3,39,55,103,23" hai3="25,111,88,36,86,26,84,59,58,19,104,51,15"/><U87/><E72/><V41/><F3/><W83/><G36/><T89/><D69/><U4/><E114/><V30/><F110/><W93/><G104/><T57/><D74/><U8/><E68/><V42/><F117/><N who="1" m="44553" /><E99/><V14/><F30/><W2/><G2/><T73/><D73/><U105/><E105/><V97/><F81/><W11/><G111/><T92/><D37/><U22/><E87/><V94/><F39/><W79/><REACH who="3" step="1"/><G59/><REACH who="3" ten="240,245,245,260" step="2"/><T56/><D56/><U40/><E108/><V116/><F116/><W52/><AGARI ba="0,1" hai="11,15,19,25,26,51,52,58,79,83,84,86,88,93" machi="52" ten="30,12000,2" yaku="1,1,2,1,0,1,8,1,54,2,53,1" doraHai="112" doraHaiUra="76" who="3" fromWho="3" sc="240,-30,245,-60,245,-30,260,130" /><INIT seed="2,0,0,2,1,116" ten="210,185,215,390" oya="2" hai0="12,90,134,0,41,51,65,82,32,33,45,61,100" hai1="60,4,21,37,1,6,69,86,91,34,89,11,44" hai2="128,87,95,20,46,48,108,73,112,135,25,43,7" hai3="92,78,115,3,62,28,52,30,88,8,40,14,9"/><V114/><F73/><W53/><G115/><T58/><D0/><U29/><E34/><V27/><F27/><W93/><G78/><T111/><D111/><U77/><E6/><V80/><F108/><W107/><G107/><T38/><D134/><U16/><E29/><N who="3" m="11370" /><G40/><T132/><D132/><U102/><E102/><V126/><F135/><W66/><G3/><T72/><D100/><U85/><E37/><V130/><F126/><W129/><G129/><T122/><D122/><U35/><E35/><V71/><F71/><W84/><G92/><T94/><D38/><U55/><E44/><V47/><F95/><W63/><G9/><T24/><D24/><U97/><E97/><V106/><F106/><W119/><G119/><T18/><D82/><U133/><E133/><V101/><F101/><W96/><G96/><T13/><D72/><U2/><E2/><V31/><F7/><N who="3" m="3359" /><G66/><T109/><D13/><U76/><E69/><V99/><F99/><W123/><G123/><T68/><D68/><U26/><E86/><V56/><F56/><W49/><G53/><T67/><D67/><U39/><E39/><V57/><F57/><AGARI ba="0,0" hai="49,52,57,62,63,84,88,93" m="3359,11370" machi="57" ten="30,3900,0" yaku="8,1,54,2" doraHai="116" who="3" fromWho="2" sc="210,0,185,0,215,-39,390,39" /><INIT seed="3,0,0,1,2,63" ten="210,185,176,429" oya="3" hai0="11,45,38,18,112,10,80,62,131,79,75,122,31" hai1="59,83,21,119,57,113,24,29,104,6,134,5,88" hai2="26,1,76,56,51,132,125,3,108,12,49,7,99" hai3="126,9,53,106,87,67,61,66,23,36,28,114,64"/><W22/><G106/><T17/><D122/><U60/><E113/><V14/><F108/><W72/><G72/><T96/><D131/><U135/><E104/><V82/><F125/><W42/><G114/><T128/><D128/><U40/><E40/><V43/><F132/><N who="1" m="50729" /><E119/><V69/><F69/><W13/><G126/><T78/><D78/><U117/><E117/><V95/><F26/><W111/><G111/><T70/><D31/><U97/><E59/><V116/><F116/><W102/><G102/><T73/><D73/><U50/><E50/><V0/><F49/><W100/><G100/><T55/><D96/><U16/><E29/><V58/><F58/><N who="3" m="35023" /><G36/><T25/><D112/><U32/><E32/><V19/><F7/><N who="3" m="3263" /><G42/><T8/><D38/><U129/><E129/><V101/><F19/><W4/><G4/><T81/><D18/><U46/><E46/><V115/><F115/><W54/><G28/><T103/><D103/><U52/><E83/><V93/><F93/><AGARI ba="0,0" hai="5,6,16,21,24,52,57,60,88,93,97" m="50729" machi="93" ten="30,8000,1" yaku="25,1,20,1,54,3" doraHai="63" who="1" fromWho="2" sc="210,0,185,80,176,-80,429,0" /><INIT seed="4,0,0,5,0,132" ten="210,265,96,429" oya="0" hai0="123,112,122,20,54,71,134,76,86,1,109,6,56" hai1="4,133,69,11,113,105,79,37,74,116,117,58,73" hai2="101,47,111,32,28,108,46,114,9,59,88,81,64" hai3="66,0,42,13,36,92,35,106,19,124,84,24,118"/><T17/><D71/><U63/><E69/><V115/><F101/><W57/><G124/><T95/><D134/><U104/><E133/><V61/><F9/><W7/><G106/><T85/><D112/><N who="2" m="43050" /><F28/><W40/><G118/><T65/><D65/><U119/><E37/><V83/><F83/><W12/><G0/><T98/><D109/><N who="2" m="42058" /><F32/><W91/><G36/><T41/><D41/><U51/><E51/><V99/><F99/><W75/><G75/><T33/><D33/><U87/><E87/><AGARI ba="0,0" hai="46,47,59,61,64,81,87,88" m="42058,43050" machi="87" ten="30,2000,0" yaku="15,1,54,1" doraHai="132" who="2" fromWho="1" sc="210,0,265,-20,96,20,429,0" /><INIT seed="5,0,0,1,5,17" ten="210,245,116,429" oya="1" hai0="67,6,95,76,92,68,44,115,9,23,106,124,5" hai1="125,25,41,1,96,63,56,66,80,91,43,4,100" hai2="14,11,129,89,103,7,78,3,59,127,62,88,28" hai3="50,70,134,36,12,135,118,2,30,32,35,77,42"/><U46/><E125/><V101/><F127/><W71/><G2/><T49/><D106/><U22/><E1/><V47/><F129/><W40/><G118/><T117/><D115/><U82/><E4/><V75/><F3/><W27/><G36/><T116/><D76/><U110/><E110/><V72/><F28/><W97/><G12/><T34/><D34/><U112/><E112/><V83/><F72/><W51/><G77/><T87/><D68/><N who="3" m="26153" /><G97/><T37/><D67/><U31/><E91/><V85/><F47/><W107/><G107/><T102/><D37/><U15/><E15/><V48/><F48/><N who="3" m="18475" /><G35/><T130/><D130/><U21/><E22/><V10/><F10/><W133/><AGARI ba="0,0" hai="27,30,32,40,42,133,134,135" m="18475,26153" machi="133" ten="40,1500,0" yaku="20,1" doraHai="17" who="3" fromWho="3" sc="210,-4,245,-7,116,-4,429,15" /><INIT seed="6,0,0,4,0,12" ten="206,238,112,444" oya="2" hai0="116,8,88,95,112,54,81,94,69,1,82,26,115" hai1="107,85,40,32,5,86,36,128,133,48,80,51,37" hai2="71,90,126,114,129,84,33,135,99,130,47,87,46" hai3="7,9,11,102,123,108,125,60,72,18,120,39,41"/><V30/><F71/><W13/><G72/><T109/><D109/><U22/><E32/><V49/><F114/><N who="0" m="43562" /><D69/><U25/><E107/><V105/><F126/><W2/><G108/><T96/><D116/><U121/><E5/><V27/><F135/><W110/><G110/><T63/><D26/><U113/><E133/><V64/><F64/><W104/><G125/><T103/><D1/><U76/><E121/><V45/><F49/><W50/><G39/><T98/><D8/><U42/><E113/><V28/><F28/><W55/><G60/><T14/><D14/><U53/><E86/><V91/><F99/><W56/><G41/><T67/><D67/><U57/><E128/><V117/><F105/><W122/><G102/><T24/><D24/><U34/><E34/><V83/><REACH who="2" step="1"/><F117/><REACH who="2" ten="206,238,102,444" step="2"/><W0/><G104/><T92/><D63/><U89/><E51/><V6/><F6/><W44/><G120/><T16/><D54/><U58/><E37/><V17/><F17/><W19/><G19/><T66/><D66/><U73/><E36/><V74/><F74/><W78/><G123/><T20/><D16/><U23/><E48/><V75/><F75/><W62/><G122/><T59/><D59/><U65/><E65/><V70/><F70/><W4/><G18/><T106/><D20/><U10/><E23/><V15/><F15/><W111/><G13/><T61/><D61/><U43/><E57/><V127/><F127/><W35/><G50/><T68/><D68/><U131/><E58/><V101/><F101/><W100/><G56/><T93/><AGARI ba="0,1" hai="81,82,88,92,93,94,95,96,98,103,106" m="43562" machi="93" ten="40,8000,1" yaku="15,1,34,2,54,1" doraHai="12" who="0" fromWho="0" sc="206,90,238,-20,102,-40,444,-20" /><INIT seed="7,0,0,0,3,135" ten="296,218,62,424" oya="3" hai0="95,2,10,102,109,96,23,99,125,59,119,87,12" hai1="53,124,61,71,74,66,29,104,34,11,55,56,90" hai2="98,13,40,112,81,62,57,123,94,31,18,30,106" hai3="114,105,67,15,16,76,17,77,128,38,9,8,43"/><W48/><G38/><T46/><D2/><U89/><E74/><V91/><F106/><W118/><G105/><T4/><D125/><U115/><E124/><V83/><F112/><W25/><G118/><T78/><D109/><U49/><E115/><V75/><F123/><W42/><G128/><T5/><D119/><U72/><E72/><V52/><F75/><W103/><G103/><T92/><D59/><U130/><E130/><V21/><F40/><W27/><G67/><T117/><D117/><U97/><E11/><V132/><F132/><W1/><G114/><T126/><D126/><U73/><E73/><V47/><F47/><W32/><G32/><T80/><D23/><U41/><E55/><V6/><F6/><W121/><G48/><T7/><D46/><U35/><E35/><V120/><F120/><W14/><G1/><T26/><D26/><U64/><E64/><V51/><F51/><W131/><G131/><T63/><D63/><U19/><E19/><V45/><F45/><W86/><G86/><T110/><D110/><U24/><E41/><V39/><F39/><W129/><G129/><T122/><D122/><AGARI ba="0,0" hai="8,9,14,15,16,17,25,27,42,43,76,77,121,122" machi="122" ten="25,4800,0" yaku="22,2,54,1" doraHai="135" who="3" fromWho="0" sc="296,-48,218,0,62,0,424,48" owari="248,5.0,218,-18.0,62,-44.0,472,57.0" /></mjloggm>