<mjloggm ver="2.3"><GO type="169" lobby="0"/><UN n0="%E6%8E%A8%E7%A9%BA%EF%BC%B0" n1="%E3%83%88%E3%83%88%E3%83%AA%E5%85%88%E7%94%9F%31%39%E6%AD%B3" n2="%47%E9%9B%80" n3="%E3%83%A2%E3%83%A1%E3%83%B3%E3%83%9E%E3%82%B9%E3%83%86%E3%82%A3%E3%83%95" dan="17,18,17,17" rate="2239.19,2268.23,2146.42,2207.21" sx="F,F,M,F"/><TAIKYOKU oya="0"/><INIT seed="0,0,0,0,1,111" ten="250,250,250,250" oya="0" hai0="72,0,2,84,101,94,99,14,25,33,105,63,133" hai1="54,42,96,22,21,112,17,106,83,127,117,108,59" hai2="52,69,4,16,65,19,124,107,7,92,11,3,20" hai3="26,45,57,30,88,35,120,118,102,12,71,64,27"/><T60/><D72/><U128/><E117/><V10/><F107/><W109/><G118/><T114/><D114/><U1/><E1/><V115/><F65/><W125/><G109/><T55/><D133/><U13/><E108/><V34/><F69/><W58/><G125/><T43/><D43/><U98/><E127/><V93/><F34/><W135/><G135/><T24/><D14/><U85/><E128/><V126/><F20/><W78/><G78/><T41/><D41/><U18/><E42/><V67/><F67/><W82/><G102/><T44/><D44/><U73/><E106/><V131/><F3/><W86/><G45/><T39/><D39/><U32/><E32/><V50/><F50/><W53/><G120/><T100/><D84/><U110/><E73/><V62/><F131/><W103/><G103/><T90/><D33/><U97/><E112/><V77/><F77/><W89/><G89/><T56/><D105/><U87/><E83/><V31/><F31/><W116/><G116/><T28/><D28/><U74/><E74/><V122/><F62/><W9/><G27/><T80/><D80/><U79/><E79/><V113/><F52/><W46/><G46/><T36/><D55/><U75/><E75/><V66/><F66/><W6/><REACH who="3" step="1"/><G53/><REACH who="3" ten="250,250,250,240" step="2"/><T5/><D90/><U91/><E91/><V134/><F134/><W47/><G47/><T8/><D100/><U49/><E110/><V130/><F130/><W29/><G29/><T40/><D25/><AGARI ba="0,1" hai="13,17,18,21,22,25,49,54,59,85,87,96,97,98" machi="25" ten="40,1300,0" yaku="8,1" doraHai="111" who="1" fromWho="0" sc="250,-13,250,23,250,0,240,0" /><INIT seed="1,0,0,3,5,86" ten="237,273,250,240" oya="1" hai0="78,10,63,38,6,103,26,3,72,62,130,50,37" hai1="41,88,135,53,128,74,12,97,43,36,58,96,25" hai2="79,87,131,76,83,118,51,13,48,80,90,119,64" hai3="89,8,44,120,14,81,66,2,29,34,124,73,69"/><U15/><E74/><V126/><F64/><W94/><G2/><T70/><D130/><U110/><E128/><V32/><F131/><W82/><G120/><T28/><D103/><U9/><E135/><V22/><F32/><W54/><G124/><T59/><D70/><U55/><E110/><V39/><F39/><W111/><G111/><T92/><D92/><N who="1" m="56327" /><E36/><V121/><F121/><W99/><G73/><T35/><D50/><N who="1" m="31031" /><E15/><V18/><F126/><W31/><G66/><T45/><D59/><U129/><E129/><V17/><F13/><W52/><G69/><T4/><D4/><N who="1" m="3111" /><E97/><V115/><F87/><W112/><G112/><T20/><D37/><U123/><E123/><V1/><F1/><W71/><G71/><T98/><D98/><U134/><E134/><V68/><F68/><W30/><G34/><T16/><D38/><U5/><E5/><V127/><F127/><W42/><G14/><N who="0" m="9239" /><D45/><U104/><E104/><V27/><F22/><W56/><G8/><T0/><D3/><U60/><E25/><V91/><REACH who="2" step="1"/><F115/><REACH who="2" ten="237,273,240,240" step="2"/><W77/><G56/><AGARI ba="0,1" hai="41,43,55,56,60" m="3111,31031,56327" machi="56" ten="30,5800,0" yaku="8,1,52,1,54,1" doraHai="86" who="1" fromWho="3" sc="237,0,273,68,240,0,240,-58" /><INIT seed="1,1,0,1,5,104" ten="237,341,240,182" oya="1" hai0="106,62,25,16,99,114,129,133,19,28,46,13,38" hai1="97,132,111,123,60,82,18,85,110,41,115,22,128" hai2="54,55,71,56,87,107,108,57,36,90,98,58,130" hai3="95,9,31,125,117,12,81,50,109,83,131,64,42"/><U113/><E123/><V120/><F71/><W88/><G109/><N who="1" m="41482" /><E128/><V122/><F108/><W30/><G131/><T66/><D114/><U69/><E132/><V78/><F36/><W134/><G134/><T72/><D129/><U6/><E6/><V118/><F130/><W101/><G125/><T77/><D133/><U127/><E127/><V11/><F118/><W40/><G101/><T32/><D38/><U105/><E41/><V7/><F78/><W112/><G112/><T8/><D46/><U20/><E20/><V10/><F98/><W94/><G64/><T73/><D77/><N who="1" m="46287" /><E69/><V43/><F107/><W45/><G117/><T33/><D19/><U135/><E135/><V27/><F43/><W100/><G40/><T121/><D33/><U103/><E60/><V47/><F7/><W34/><G34/><T3/><D3/><U65/><E65/><V14/><F120/><W0/><G0/><T26/><D26/><AGARI ba="1,0" hai="18,22,26,97,103,105,113,115" m="46287,41482" machi="26" ten="30,2900,0" yaku="14,1,10,1" doraHai="104" who="1" fromWho="0" sc="237,-32,341,32,240,0,182,0" /><INIT seed="1,2,0,0,5,101" ten="205,373,240,182" oya="1" hai0="1,47,124,82,86,40,4,80,87,97,8,61,75" hai1="10,2,102,111,114,79,64,119,20,85,121,70,68" hai2="69,11,43,65,7,53,100,5,95,35,104,12,129" hai3="44,30,130,125,128,122,3,34,94,105,33,107,93"/><U109/><E114/><V135/><F35/><N who="3" m="13323" /><G30/><T59/><D124/><U57/><E119/><V127/><F127/><W6/><G125/><T14/><D1/><U76/><E121/><V16/><F43/><W45/><G122/><T115/><D115/><U60/><E20/><V78/><F78/><N who="1" m="29737" /><E85/><V106/><F53/><W113/><G6/><T22/><D75/><U73/><E73/><V13/><F5/><W38/><G3/><T108/><D108/><N who="1" m="41547" /><E102/><V67/><F129/><N who="3" m="49771" /><G113/><T112/><D112/><U28/><E28/><V54/><F135/><W9/><G9/><T81/><D22/><U133/><E133/><V26/><F26/><W74/><G74/><T51/><REACH who="0" step="1"/><D97/><REACH who="0" ten="195,373,240,182" step="2"/><U71/><E2/><V131/><F131/><W48/><G38/><T0/><D0/><U126/><E126/><V62/><F67/><AGARI ba="2,1" hai="4,8,14,40,47,51,59,61,67,80,81,82,86,87" machi="67" ten="40,2600,0" yaku="1,1,8,1,53,0" doraHai="101" doraHaiUra="92" who="0" fromWho="2" sc="195,42,373,0,240,-32,182,0" /><INIT seed="2,0,0,1,2,31" ten="237,373,208,182" oya="2" hai0="84,85,5,3,15,62,128,22,18,26,75,0,74" hai1="96,7,94,124,79,53,119,125,11,6,46,89,17" hai2="76,21,59,129,80,23,69,130,57,14,52,40,68" hai3="106,132,122,4,101,77,99,120,65,105,116,88,48"/><V33/><F40/><W58/><G116/><T133/><D128/><N who="2" m="49258" /><F59/><W97/><G132/><T35/><D133/><U42/><E119/><V28/><F14/><W86/><G4/><T1/><D62/><U91/><E79/><V113/><F113/><W63/><G77/><T71/><D71/><N who="2" m="27210" /><F28/><W108/><G108/><T98/><D98/><U60/><E53/><V37/><F37/><W34/><G34/><T43/><D43/><U126/><E60/><N who="2" m="35879" /><F33/><W121/><G48/><T16/><D74/><AGARI ba="0,0" hai="21,23,74,76,80" m="35879,27210,49258" machi="74" ten="30,2900,0" yaku="19,1,54,1" doraHai="31" who="2" fromWho="0" sc="237,-29,373,0,208,29,182,0" /><INIT seed="2,1,0,3,3,34" ten="208,373,237,182" oya="2" hai0="9,97,110,49,55,116,98,16,58,29,101,94,40" hai1="127,1,111,126,17,106,30,82,103,69,80,47,32" hai2="3,10,26,88,50,89,36,18,107,117,62,37,90" hai3="128,81,48,28,13,124,100,45,25,85,7,12,2"/><V38/><F107/><W93/><G128/><T42/><D110/><U68/><E111/><V67/><F117/><W56/><G124/><N who="1" m="47658" /><E1/><V86/><F50/><W41/><G2/><T39/><D116/><U65/><E30/><V64/><F26/><W79/><G56/><T125/><D125/><U118/><E32/><V21/><F21/><W60/><G60/><T5/><D39/><U0/><E0/><V114/><F114/><W132/><G132/><T27/><D98/><N who="1" m="61815" /><E65/><V105/><F105/><W71/><G71/><N who="1" m="27210" /><E47/><V92/><F67/><W23/><REACH who="3" step="1"/><G7/><REACH who="3" ten="208,373,237,172" step="2"/><T52/><D5/><U8/><E118/><V53/><F3/><W87/><G87/><T120/><D120/><U115/><E115/><V91/><F64/><W72/><G72/><T66/><D66/><U75/><E75/><V43/><F62/><W99/><AGARI ba="1,1" hai="12,13,23,25,28,41,45,48,79,81,85,93,99,100" machi="99" ten="30,4000,0" yaku="1,1,0,1,8,1,53,0" doraHai="34" doraHaiUra="6" who="3" fromWho="3" sc="208,-11,373,-11,237,-21,172,53" /><INIT seed="3,0,0,3,3,37" ten="197,362,216,225" oya="3" hai0="4,99,83,2,120,110,9,29,104,59,52,25,87" hai1="34,16,97,14,113,61,65,72,118,36,111,43,76" hai2="69,56,93,119,64,74,85,122,44,20,40,92,130" hai3="134,30,55,129,27,106,82,89,84,54,10,53,102"/><W125/><G134/><T81/><D110/><U7/><E113/><V33/><F33/><W73/><G129/><T35/><D120/><U132/><E34/><V109/><F74/><W105/><G125/><T3/><D3/><U135/><E111/><V6/><F69/><W50/><G73/><T42/><D42/><U49/><E36/><V63/><F109/><W90/><G102/><T112/><D112/><U26/><E118/><V124/><F119/><W18/><G89/><T8/><D8/><U75/><E7/><V133/><F6/><W48/><G106/><T128/><D128/><U77/><E26/><V80/><F130/><W131/><G105/><T107/><D99/><U22/><E75/><V60/><F60/><W115/><G115/><T96/><D96/><U88/><E72/><V127/><F133/><N who="1" m="51273" /><E49/><V123/><F20/><N who="3" m="15719" /><G131/><T94/><D94/><N who="1" m="56519" /><E43/><V67/><F93/><W1/><G1/><T78/><REACH who="0" step="1"/><D83/><REACH who="0" ten="187,362,216,225" step="2"/><U98/><E98/><V12/><F92/><W47/><G47/><T86/><D86/><U117/><E117/><V32/><F85/><W51/><G10/><T21/><D21/><U101/><E101/><V95/><F95/><W108/><G108/><T31/><D31/><U70/><AGARI ba="0,1" hai="14,16,22,61,65,70,76,77" m="56519,51273" machi="70" ten="30,4000,0" yaku="20,1,54,2" doraHai="37" who="1" fromWho="1" sc="187,-10,362,50,216,-10,225,-20" /><INIT seed="4,0,0,4,5,29" ten="177,412,206,205" oya="0" hai0="72,57,101,28,106,17,47,105,123,40,94,82,68" hai1="42,24,63,104,79,51,54,56,19,115,62,31,43" hai2="27,26,117,132,46,86,10,8,5,74,18,3,89" hai3="134,102,130,41,65,119,53,135,33,21,92,116,78"/><T85/><D123/><U64/><E104/><V67/><F74/><W90/><G102/><T100/><D68/><U50/><E115/><V16/><F67/><W109/><G109/><T66/><D28/><U34/><E79/><V48/><F117/><W108/><G108/><T39/><D72/><U52/><E19/><V73/><F73/><W35/><G65/><T71/><D71/><U93/><E62/><V14/><F18/><W76/><G41/><T60/><D101/><U125/><E125/><V81/><REACH who="2" step="1"/><F132/><REACH who="2" ten="177,412,196,205" step="2"/><N who="3" m="50731" /><G130/><T2/><D17/><U20/><E64/><V59/><F59/><W61/><G119/><T15/><D2/><U25/><E56/><V127/><F127/><W98/><G116/><T13/><D106/><U103/><E54/><AGARI ba="0,1" hai="3,5,8,10,14,16,26,27,46,48,54,81,86,89" machi="54" ten="30,8000,1" yaku="1,1,7,1,25,2,54,1,53,0" doraHai="29" doraHaiUra="70" who="2" fromWho="1" sc="177,0,412,-80,196,90,205,0" /><INIT seed="5,0,0,5,3,112" ten="177,332,286,205" oya="1" hai0="63,114,13,128,88,21,89,61,58,113,75,131,125" hai1="60,42,20,22,57,73,52,68,19,54,72,16,40" hai2="9,15,110,80,118,84,135,6,51,129,130,103,39" hai3="30,116,31,76,5,100,102,81,85,48,82,71,92"/><U62/><REACH who="1" step="1"/><E57/><REACH who="1" ten="177,322,286,205" step="2"/><V50/><F110/><W34/><G71/><AGARI ba="0,1" hai="16,19,20,22,40,42,52,54,60,62,68,71,72,73" machi="71" ten="25,18000,2" yaku="21,2,2,1,22,2,54,2,53,0" doraHai="112" doraHaiUra="83" who="1" fromWho="3" sc="177,0,322,190,286,0,205,-180" /><INIT seed="5,1,0,1,4,38" ten="177,512,286,25" oya="1" hai0="22,64,108,30,52,88,43,131,44,84,79,87,28" hai1="105,6,69,55,36,34,41,120,40,95,128,21,17" hai2="117,76,16,32,78,83,72,127,63,100,101,58,10" hai3="129,113,50,18,86,57,124,116,26,109,111,85,2"/><U103/><E120/><V0/><F32/><W24/><G2/><T112/><D108/><U56/><E105/><V61/><F117/><W107/><G107/><T115/><D64/><U9/><E69/><V27/><F127/><W97/><G124/><T23/><D79/><U7/><E34/><V53/><F78/><W121/><G121/><T39/><D131/><U114/><E36/><V77/><F77/><W29/><G113/><N who="0" m="43595" /><D84/><U47/><E47/><V81/><F81/><W98/><G129/><T126/><D126/><U110/><E110/><V102/><F0/><W93/><G116/><T37/><D37/><U65/><E65/><V80/><F80/><W11/><G111/><T91/><D91/><U134/><E134/><V8/><F63/><W130/><G109/><T35/><D35/><U3/><E128/><V19/><REACH who="2" step="1"/><F27/><REACH who="2" ten="177,512,276,25" step="2"/><W1/><G130/><T67/><D67/><U135/><E114/><V46/><F46/><W62/><G1/><T73/><D73/><U59/><E3/><V132/><F132/><W20/><G26/><T49/><D30/><U71/><E135/><V90/><F90/><W66/><G29/><T14/><D28/><U5/><E71/><V51/><F51/><W60/><G50/><T68/><D68/><U75/><E75/><V119/><F119/><W122/><G122/><T123/><D123/><U33/><E33/><V106/><F106/><W70/><G60/><T125/><D125/><U54/><E103/><V94/><F94/><W31/><G70/><T45/><D14/><U4/><E95/><AGARI ba="1,1" hai="22,23,39,43,44,45,49,52,87,88,95" m="43595" machi="95" ten="30,7700,0" yaku="15,1,52,1,54,2" doraHai="38" who="0" fromWho="1" sc="177,90,512,-80,276,0,25,0" /><INIT seed="6,0,0,0,0,113" ten="267,432,276,25" oya="2" hai0="3,97,135,69,40,88,130,94,80,117,60,14,77" hai1="16,74,30,6,39,41,24,48,121,35,81,124,19" hai2="125,44,110,107,131,134,105,132,82,106,34,73,20" hai3="83,13,12,55,115,68,43,31,1,28,102,108,23"/><V99/><F34/><W91/><G1/><T52/><D3/><U79/><E124/><V123/><F20/><W38/><G108/><T63/><D135/><N who="2" m="51754" /><F44/><W90/><G115/><T76/><D130/><U7/><E39/><V103/><F123/><W64/><G102/><T0/><D0/><U22/><E121/><V98/><F131/><W49/><G38/><T114/><D114/><U47/><E19/><V9/><F9/><W5/><G43/><T133/><D133/><U128/><E128/><V53/><F53/><W29/><G64/><T33/><D33/><U57/><E57/><V59/><F59/><N who="3" m="33263" /><G68/><T100/><D117/><U67/><E67/><V58/><F58/><W18/><G83/><T112/><D112/><U119/><E119/><V42/><F42/><W122/><G122/><T8/><D69/><U129/><E129/><V93/><F125/><W36/><G36/><T51/><D40/><U50/><E48/><V118/><F110/><W62/><G62/><N who="0" m="23595" /><D80/><U127/><E127/><V32/><F32/><W85/><G85/><T21/><D21/><U109/><E109/><V54/><F54/><W120/><G120/><T10/><D100/><U84/><E84/><V89/><F118/><W86/><G86/><T92/><D92/><U2/><E2/><V70/><F70/><W87/><G87/><T25/><D25/><AGARI ba="0,0" hai="6,7,16,22,24,25,30,35,41,47,50,74,79,81" machi="25" ten="30,2000,0" yaku="7,1,54,1" doraHai="113" who="1" fromWho="0" sc="267,-20,432,20,276,0,25,0" /><INIT seed="7,0,0,5,2,109" ten="247,452,276,25" oya="3" hai0="99,1,123,47,12,130,35,41,92,129,18,32,61" hai1="80,96,29,95,124,36,62,90,20,117,122,89,50" hai2="48,97,114,39,45,0,2,16,34,55,67,102,107" hai3="10,118,103,38,54,64,44,63,75,15,73,4,91"/><W70/><G118/><T116/><D123/><U5/><E36/><V127/><F34/><W52/><G103/><T25/><D1/><U17/><E122/><V14/><F39/><W94/><G38/><T104/><D116/><U79/><E117/><V53/><F67/><W119/><G119/><T27/><D104/><U72/><E124/><V51/><F127/><W23/><G23/><T93/><D61/><U78/><E29/><V43/><F43/><W128/><G128/><T13/><D99/><U58/><E5/><V24/><F24/><W86/><REACH who="3" step="1"/><G44/><REACH who="3" ten="247,452,276,15" step="2"/><T83/><D47/><U88/><E20/><V98/><F102/><W30/><G30/><T21/><D21/><U115/><E96/><V100/><F98/><W7/><G7/><T111/><D111/><U49/><E17/><V87/><F97/><W131/><G131/><T112/><D18/><U19/><E19/><V81/><F100/><W106/><G106/><T113/><REACH who="0" step="1"/><D41/><REACH who="0" ten="237,452,276,15" step="2"/><U110/><E110/><V6/><F107/><W68/><G68/><T22/><D22/><U65/><E58/><V46/><F6/><W126/><G126/><T121/><D121/><U82/><E95/><V66/><F16/><W11/><G11/><T74/><D74/><AGARI ba="0,2" hai="4,10,15,52,54,63,64,70,73,74,75,86,91,94" machi="74" ten="40,7700,0" yaku="1,1,54,1,53,1" doraHai="109" doraHaiUra="56" who="3" fromWho="0" sc="237,-77,452,0,276,0,15,97" /><INIT seed="7,1,0,5,4,61" ten="160,452,276,112" oya="3" hai0="45,7,33,17,65,107,78,70,97,48,35,129,120" hai1="69,103,88,15,58,99,64,38,94,111,12,77,50" hai2="85,87,84,74,66,96,121,132,108,106,133,30,115" hai3="23,128,118,18,102,39,89,130,51,131,116,112,67"/><W49/><G39/><T62/><D120/><U44/><E111/><V16/><F108/><W56/><G102/><T42/><D129/><N who="3" m="33025" /><W54/><DORA hai="25" /><G112/><T104/><D7/><U26/><E69/><V68/><F74/><W8/><G8/><T105/><D78/><U119/><E119/><N who="3" m="45610" /><G89/><T19/><REACH who="0" step="1"/><D97/><REACH who="0" ten="150,452,276,112" step="2"/><U127/><E77/><V2/><F121/><W93/><G93/><T80/><D80/><U46/><E38/><V14/><F96/><W53/><G67/><T92/><D92/><U101/><E101/><V63/><F66/><W4/><G4/><T57/><D57/><U100/><E103/><V134/><F68/><W126/><G126/><T28/><D28/><U41/><E127/><V20/><F115/><W13/><G56/><T43/><D43/><U34/><E100/><V125/><F125/><W60/><G60/><T31/><D31/><N who="1" m="19831" /><E58/><V59/><F59/><W71/><G71/><T10/><D10/><U81/><E64/><V82/><F63/><W98/><G98/><T91/><D91/><U114/><E114/><V1/><F82/><W95/><G95/><T47/><D47/><N who="1" m="25967" /><E81/><V3/><F30/><W6/><G6/><T27/><D27/><U24/><E24/><V117/><F117/><W124/><G124/><T40/><D40/><U73/><E46/><V79/><F79/><W22/><G22/><T29/><D29/><U76/><E44/><V90/><F90/><W0/><G0/><T110/><D110/><U36/><E36/><V135/><F132/><W122/><G122/><T55/><D55/><AGARI ba="1,1" hai="13,18,23,49,51,53,54,55" m="45610,33025" machi="55" ten="50,2400,0" yaku="19,1" doraHai="61,25" who="3" fromWho="0" sc="150,-27,452,0,276,0,112,37" /><INIT seed="7,2,0,1,4,133" ten="123,452,276,149" oya="3" hai0="63,3,91,44,51,96,65,104,41,50,5,37,24" hai1="99,106,72,83,42,103,35,64,26,97,80,111,115" hai2="125,15,130,9,49,112,12,69,90,56,78,43,121" hai3="55,127,67,120,108,20,75,123,19,89,31,10,109"/><W21/><G75/><T60/><D24/><U107/><E42/><V28/><F69/><W126/><G67/><T8/><D63/><U84/><E64/><V74/><F28/><W131/><G131/><T18/><D18/><U119/><E111/><N who="3" m="42570" /><G55/><T34/><D34/><U87/><E26/><V7/><F74/><W58/><G58/><T124/><D124/><N who="3" m="47657" /><G89/><T27/><D27/><U132/><E72/><V122/><F125/><W117/><G31/><T1/><D1/><U0/><E0/><N who="2" m="231" /><F90/><W6/><G117/><T68/><REACH who="0" step="1"/><D91/><REACH who="0" ten="113,452,276,149" step="2"/><U45/><E119/><V118/><F118/><W59/><G59/><T135/><D135/><U92/><E132/><V39/><F56/><W48/><G48/><T128/><D128/><U110/><E110/><V98/><F49/><W40/><G40/><T47/><D47/><U17/><E45/><V13/><F130/><W95/><G95/><T32/><D32/><U81/><E35/><V38/><F43/><W66/><G66/><T57/><D57/><U36/><E106/><V79/><F78/><W22/><G19/><T11/><D11/><U46/><E17/><V88/><F79/><W16/><G16/><T61/><D61/><U4/><E107/><V30/><F30/><W70/><G70/><T114/><D114/><U82/><E115/><V116/><F112/><W62/><G62/><T85/><D85/><U33/><E84/><V100/><F116/><W73/><G73/><T101/><AGARI ba="2,1" hai="3,5,8,37,41,44,50,51,60,65,68,96,101,104" machi="101" ten="30,4000,0" yaku="1,1,0,1,53,1" doraHai="133" doraHaiUra="93" who="0" fromWho="0" sc="113,56,452,-12,276,-12,149,-22" owari="169,-23.0,440,54.0,264,6.0,127,-37.0" /></mjloggm>