<mjloggm ver="2.3"><GO type="169" lobby="0"/><UN n0="%E3%81%B2%E3%81%90%E3%81%A1" n1="%E3%82%A6%E3%83%AB%E3%83%88%E3%83%A9%E7%AB%8B%E7%9B%B4" n2="%E2%98%85%E9%A2%A8%E3%81%AE%E8%B0%B7%E2%98%85" n3="%E3%81%84%E3%81%9F%E3%83%92%E3%83%AD" dan="16,17,16,17" rate="2079.94,2194.86,2161.12,2158.35" sx="M,M,M,M"/><TAIKYOKU oya="0"/><INIT seed="0,0,0,2,3,33" ten="250,250,250,250" oya="0" hai0="46,56,131,80,108,15,95,101,44,83,97,17,47" hai1="30,2,12,98,125,109,130,23,18,100,26,37,5" hai2="25,48,116,69,63,120,22,73,85,76,81,103,11" hai3="112,14,82,78,52,28,4,7,8,1,6,9,74"/><T27/><D131/><U92/><E37/><V21/><F120/><W43/><G112/><T16/><D108/><U59/><E130/><V132/><F132/><W126/><G126/><T114/><D114/><U40/><E40/><V77/><F116/><W133/><G133/><T34/><D34/><U86/><E109/><V102/><F76/><W75/><G6/><T38/><D38/><U79/><E125/><V35/><F35/><W104/><G104/><T122/><D122/><U88/><E59/><V111/><F22/><W129/><G129/><T115/><D115/><U57/><E57/><V72/><F72/><W65/><G28/><T99/><D27/><U41/><E41/><V128/><F128/><W117/><G117/><T24/><D24/><U70/><E70/><V121/><F69/><W36/><G65/><T124/><D124/><U50/><E50/><V0/><F63/><W61/><G75/><T71/><D71/><U45/><E45/><V113/><F48/><W31/><G31/><T53/><D97/><U64/><E64/><V49/><F49/><W123/><G123/><T60/><REACH who="0" step="1"/><D17/><REACH who="0" ten="240,250,250,250" step="2"/><U19/><E19/><N who="2" m="12479" /><F111/><W39/><G39/><T55/><D55/><U90/><E26/><V118/><F113/><W51/><G36/><T20/><AGARI ba="0,1" hai="15,16,20,44,46,47,53,56,60,80,83,95,99,101" machi="20" ten="30,11700,0" yaku="1,1,0,1,8,1,54,1,53,0" doraHai="33" doraHaiUra="134" who="0" fromWho="0" sc="240,127,250,-39,250,-39,250,-39" /><INIT seed="0,1,0,0,0,35" ten="367,211,211,211" oya="0" hai0="135,107,115,73,84,110,128,53,78,108,98,6,101" hai1="47,64,54,26,91,74,57,33,95,66,8,4,51" hai2="76,13,14,46,113,69,114,37,105,129,10,41,96" hai3="120,93,23,42,68,24,27,58,22,15,55,122,94"/><T127/><D115/><U3/><E74/><V88/><F69/><W102/><G68/><T134/><D6/><U18/><E47/><V63/><F63/><W21/><G42/><T70/><D70/><U71/><E71/><V121/><F121/><N who="3" m="46699" /><G15/><T109/><D53/><U32/><E32/><V39/><F39/><W75/><G75/><T86/><D128/><U77/><E77/><V119/><F129/><W61/><G102/><T17/><D17/><U117/><E117/><V130/><F130/><W7/><G7/><T116/><D127/><U45/><E45/><V31/><F31/><W131/><G131/><T62/><D62/><U82/><E82/><V126/><F126/><W56/><G58/><T97/><D116/><U79/><E79/><V34/><F119/><W90/><G94/><T59/><D59/><U38/><E38/><V85/><F14/><W9/><G9/><T30/><D30/><U5/><E5/><V72/><F13/><W44/><G44/><T49/><D49/><U60/><E51/><V100/><F10/><W50/><G50/><T80/><D97/><AGARI ba="1,0" hai="21,22,23,24,27,55,56,61,90,93,97" m="46699" machi="97" ten="30,1000,0" yaku="13,1" doraHai="35" who="3" fromWho="0" sc="367,-13,211,0,211,0,211,13" /><INIT seed="1,0,0,0,4,95" ten="354,211,211,224" oya="1" hai0="107,106,49,28,119,63,40,26,131,117,118,75,96" hai1="9,24,43,64,76,110,18,11,123,15,33,91,46" hai2="98,71,80,73,13,69,51,6,82,39,121,61,100" hai3="21,88,68,30,97,90,67,108,2,58,87,41,92"/><U109/><E76/><V70/><F39/><W77/><G2/><T130/><D75/><U34/><E64/><V60/><F121/><W32/><G108/><N who="1" m="41578" /><E91/><V35/><F35/><N who="1" m="13321" /><E46/><V37/><F37/><W0/><G0/><T113/><D113/><U105/><E43/><V1/><F1/><W78/><G32/><N who="0" m="20503" /><D63/><U83/><E83/><V125/><F125/><W86/><G41/><T114/><D114/><U57/><E57/><V3/><F3/><W7/><G7/><T93/><D49/><U94/><E94/><V27/><F27/><N who="3" m="16751" /><G68/><T132/><D40/><U19/><E105/><V126/><F126/><W42/><G42/><T23/><D107/><U16/><E123/><V135/><F51/><W8/><G8/><N who="1" m="3146" /><E24/><V55/><F61/><N who="3" m="38327" /><G87/><T104/><D104/><U62/><E62/><V124/><F60/><W38/><G38/><T85/><D85/><U112/><E112/><V36/><F71/><W128/><G77/><T29/><D106/><U20/><AGARI ba="0,0" hai="15,16,18,19,20" m="3146,13321,41578" machi="20" ten="40,12000,1" yaku="14,1,10,1,34,2,54,1" doraHai="95" who="1" fromWho="1" sc="354,-40,211,120,211,-40,224,-40" /><INIT seed="1,1,0,5,1,4" ten="314,331,171,184" oya="1" hai0="131,46,82,83,112,85,53,134,79,27,37,94,70" hai1="63,58,81,90,124,56,42,48,54,111,84,55,2" hai2="117,9,19,110,76,43,28,39,14,0,11,36,45" hai3="12,40,69,7,8,93,10,78,30,89,13,31,61"/><U33/><E33/><V92/><F117/><W106/><G106/><T26/><D112/><U75/><E124/><V25/><F110/><W57/><G69/><T127/><D70/><U73/><E111/><V15/><F0/><W35/><G78/><T49/><D131/><U88/><E2/><V87/><F39/><W118/><G40/><T71/><D71/><U38/><REACH who="1" step="1"/><E90/><REACH who="1" ten="314,321,171,184" step="2"/><V64/><F76/><W5/><G35/><T107/><D127/><U80/><E80/><V3/><F3/><W41/><G118/><T16/><D83/><U103/><E103/><V130/><F130/><W50/><G50/><T74/><D37/><U67/><E67/><V114/><F64/><W104/><G104/><T44/><D107/><U125/><E125/><V60/><F114/><W77/><G41/><T100/><D100/><U24/><E24/><V133/><F60/><W102/><G102/><T68/><D26/><U116/><E116/><V109/><F109/><W72/><G77/><T101/><D101/><U98/><E98/><V47/><F25/><W22/><G89/><T105/><D105/><U121/><E121/><V91/><F28/><W122/><G122/><T51/><D27/><U99/><E99/><V59/><F43/><W62/><G62/><T108/><D108/><U132/><E132/><V119/><F133/><W96/><G61/><T20/><D134/><U97/><E97/><V29/><F29/><W95/><G96/><T34/><D79/><U126/><E126/><V135/><F135/><W128/><G128/><T1/><D1/><U86/><E86/><V23/><F87/><RYUUKYOKU ba="1,1" sc="314,-10,321,30,171,-10,184,-10" hai1="38,42,48,54,55,56,58,63,73,75,81,84,88" /><INIT seed="1,2,1,0,4,47" ten="304,351,161,174" oya="1" hai0="85,28,4,54,107,51,133,67,118,105,59,1,62" hai1="65,33,36,103,40,119,5,77,115,83,112,61,37" hai2="25,80,7,130,9,8,17,32,34,88,66,27,3" hai3="60,13,101,64,48,39,87,76,45,104,43,20,124"/><U42/><E33/><N who="2" m="12907" /><F66/><W63/><G124/><T26/><D118/><U23/><E103/><V2/><F88/><W35/><G35/><T109/><D109/><U106/><E106/><V49/><F49/><W0/><G0/><N who="2" m="41" /><F80/><W95/><G39/><T75/><D75/><U117/><E83/><V55/><F55/><W53/><G43/><N who="1" m="16426" /><E77/><V72/><F72/><W50/><G50/><T121/><D121/><U81/><E81/><V128/><F17/><W73/><G73/><T31/><D133/><U96/><E96/><V116/><F116/><N who="1" m="44617" /><E5/><V134/><F134/><W91/><G76/><T135/><D135/><U127/><E127/><V94/><F94/><W41/><G41/><T29/><D85/><U12/><E37/><V122/><F122/><W126/><G126/><T57/><REACH who="0" step="1"/><D26/><REACH who="0" ten="294,351,161,174" step="2"/><N who="2" m="9738" /><F7/><W52/><G87/><T84/><D84/><U102/><E36/><V78/><F78/><W21/><G45/><T70/><D70/><U114/><E114/><V68/><F68/><W14/><G63/><T90/><D90/><U16/><E112/><V44/><F44/><W120/><G60/><T89/><D89/><U46/><E115/><V131/><AGARI ba="2,2" hai="8,9,128,130,131" m="9738,41,12907" machi="131" ten="40,8000,1" yaku="28,2,19,1,34,2" doraHai="47" who="2" fromWho="2" sc="294,-22,351,-42,161,106,174,-22" /><INIT seed="2,0,0,2,1,13" ten="272,309,267,152" oya="2" hai0="50,6,96,68,117,31,29,52,32,10,30,62,91" hai1="37,116,54,71,81,77,14,114,35,95,85,42,104" hai2="133,105,72,53,4,88,75,118,23,98,124,17,79" hai3="120,27,58,127,102,60,26,25,87,100,33,134,70"/><V108/><F118/><W36/><G33/><T86/><D117/><U19/><E35/><V56/><F133/><W130/><G36/><T119/><D119/><U16/><E104/><V90/><F124/><W115/><G70/><T40/><D96/><U111/><E71/><V80/><F75/><W65/><G120/><T45/><D32/><U28/><E116/><V21/><F21/><W74/><G74/><T12/><D68/><U67/><E67/><V51/><F108/><W83/><G127/><T3/><D3/><U121/><E28/><V57/><F57/><W44/><G134/><T131/><D131/><U9/><E114/><V2/><F4/><W89/><G130/><T5/><D5/><N who="1" m="3375" /><E37/><V76/><F76/><W7/><G115/><T20/><D20/><U69/><E42/><V24/><REACH who="2" step="1"/><F2/><REACH who="2" ten="272,309,257,152" step="2"/><W110/><G110/><T109/><D109/><U1/><E1/><V132/><F132/><W47/><G7/><T73/><D73/><U99/><E111/><V55/><F55/><W64/><G64/><T39/><D62/><U59/><E69/><V126/><F126/><W41/><REACH who="3" step="1"/><G41/><REACH who="3" ten="272,309,257,142" step="2"/><T66/><D66/><U8/><E121/><V101/><AGARI ba="0,2" hai="17,23,24,51,53,56,72,79,80,88,90,98,101,105" machi="101" ten="30,11700,0" yaku="1,1,0,1,52,1,54,1,53,0" doraHai="13" doraHaiUra="128" who="2" fromWho="2" sc="272,-39,309,-39,257,137,142,-39" /><INIT seed="2,1,0,0,0,51" ten="233,270,394,103" oya="2" hai0="95,112,32,102,93,3,2,61,107,39,64,50,34" hai1="23,133,26,12,56,86,58,29,59,57,43,69,128" hai2="96,68,88,114,120,74,99,123,111,73,110,19,94" hai3="124,55,101,62,28,14,60,22,108,7,48,42,21"/><V119/><F68/><W10/><G108/><N who="2" m="41513" /><F19/><W129/><G129/><T82/><D39/><U90/><E69/><V67/><F67/><W20/><G124/><T91/><D112/><U44/><E128/><V135/><F114/><W104/><G28/><T25/><D82/><U100/><E100/><V4/><F4/><W79/><G79/><T38/><D38/><U118/><E133/><V6/><F6/><W87/><G87/><T84/><D50/><U47/><E118/><V54/><F54/><W1/><G1/><T83/><D2/><U37/><N who="1" m="14336" /><DORA hai="98" /><U121/><E121/><N who="2" m="46667" /><F119/><W80/><G80/><T106/><D3/><U66/><E66/><V36/><F36/><W0/><G42/><T72/><D25/><U63/><E63/><V40/><F40/><W15/><G0/><T75/><D61/><U103/><E43/><V76/><F76/><W49/><G49/><T18/><D18/><U35/><E37/><V8/><F8/><W117/><G15/><T46/><D64/><U127/><E12/><V92/><F135/><W27/><G27/><T81/><D46/><U77/><E26/><V13/><F13/><W97/><REACH who="3" step="1"/><G117/><REACH who="3" ten="233,270,394,93" step="2"/><T45/><D34/><U52/><E35/><V126/><F126/><W130/><G130/><T116/><D32/><U24/><E127/><V31/><F31/><W9/><G9/><T11/><D11/><U115/><E77/><V70/><F70/><W53/><G53/><T113/><D116/><U89/><E52/><V134/><F134/><W125/><G125/><T65/><D65/><U109/><E109/><V5/><F5/><RYUUKYOKU ba="1,1" sc="233,-15,270,-15,394,15,93,15" hai2="73,74,88,92,94,96,99" hai3="7,10,14,20,21,22,48,55,60,62,97,101,104" /><INIT seed="2,2,1,1,5,110" ten="218,255,409,108" oya="2" hai0="130,26,103,135,1,49,35,27,128,74,120,19,25" hai1="73,114,126,125,124,36,58,91,23,96,42,119,20" hai2="111,116,17,7,118,18,75,93,107,66,65,62,24" hai3="112,106,113,12,56,5,129,37,55,100,81,34,121"/><V44/><F107/><W10/><G121/><T3/><D74/><U83/><E119/><V48/><F75/><W123/><G123/><T22/><D103/><U99/><E36/><V39/><F39/><W71/><G71/><T101/><D101/><U77/><E42/><V9/><F66/><W87/><G37/><T70/><D70/><U80/><E58/><V33/><F18/><W67/><G67/><T95/><D95/><U69/><E69/><V54/><F93/><W41/><G41/><T102/><D49/><U0/><E0/><N who="0" m="73" /><D102/><U21/><E114/><N who="3" m="44138" /><G34/><T60/><D60/><U133/><E133/><V16/><F65/><W86/><G129/><N who="0" m="49771" /><D120/><U79/><E91/><V84/><F116/><W127/><G127/><T122/><D122/><U134/><E134/><V98/><F118/><W82/><G100/><T117/><D135/><U29/><E29/><V68/><F62/><N who="3" m="36127" /><G106/><T53/><D53/><U2/><E2/><V28/><F54/><W115/><N who="3" m="44146" /><W14/><DORA hai="31" /><G12/><N who="0" m="9575" /><D117/><U6/><E126/><V45/><F68/><W78/><G82/><T50/><D50/><U97/><E125/><V15/><F48/><W47/><G47/><T63/><D63/><U8/><E124/><V40/><F45/><W76/><G78/><T4/><D4/><U94/><E80/><V131/><F7/><W52/><G52/><T30/><AGARI ba="2,1" hai="25,26,27,30,35" m="9575,49771,73" machi="30" ten="40,8000,1" yaku="19,1,34,2,52,1" doraHai="110,31" who="0" fromWho="0" sc="218,96,255,-22,409,-42,108,-22" /><INIT seed="3,0,0,5,5,95" ten="314,233,367,86" oya="3" hai0="110,71,38,68,133,96,120,82,89,5,60,56,21" hai1="128,58,0,131,19,107,117,74,73,32,135,134,7" hai2="88,43,15,63,121,106,118,76,87,85,45,34,62" hai3="6,51,22,44,93,47,54,100,57,1,122,20,111"/><W97/><G122/><T99/><D120/><U132/><E19/><V125/><F121/><W90/><G111/><T115/><D38/><U69/><E58/><V123/><F123/><W70/><G70/><T91/><D110/><U64/><E32/><V83/><F34/><W116/><G116/><T61/><D133/><U75/><E107/><V23/><F106/><W98/><G1/><T25/><D115/><U17/><E17/><N who="2" m="10687" /><F125/><W2/><G2/><T94/><D5/><U41/><E41/><V50/><F118/><W10/><G10/><T29/><D61/><N who="1" m="40079" /><E117/><V130/><F130/><N who="1" m="49705" /><E73/><V9/><F9/><AGARI ba="0,0" hai="0,7,9,74,75,132,134,135" m="49705,40079" machi="9" ten="40,5200,0" yaku="20,1,19,1,23,1" doraHai="95" who="1" fromWho="2" sc="314,0,233,52,367,-52,86,0" /><INIT seed="4,0,0,4,1,76" ten="314,285,315,86" oya="0" hai0="31,25,94,71,93,14,17,29,113,28,36,110,127" hai1="86,41,44,122,131,45,5,6,68,52,30,23,126" hai2="105,75,4,80,57,112,132,63,37,96,62,87,115" hai3="67,60,117,42,19,97,16,40,101,13,56,39,51"/><T119/><D71/><U64/><E122/><V58/><F75/><W129/><G117/><T91/><D36/><U88/><E131/><V49/><F37/><W3/><G3/><T125/><D113/><N who="2" m="43594" /><F132/><W59/><G129/><T55/><D119/><U95/><E126/><N who="0" m="48137" /><D110/><U27/><E64/><V83/><F87/><W120/><G120/><T50/><D25/><U32/><E68/><V48/><F4/><N who="1" m="1641" /><E32/><V72/><F72/><W61/><G39/><T103/><D103/><U99/><E41/><V35/><F35/><W15/><G51/><N who="2" m="19529" /><F96/><W84/><G84/><N who="0" m="52455" /><D94/><N who="1" m="54551" /><E52/><N who="2" m="34087" /><F105/><W11/><G97/><T38/><D38/><U130/><E130/><V134/><F134/><W70/><G70/><T107/><D107/><U82/><E82/><V133/><F133/><W65/><REACH who="3" step="1"/><G101/><AGARI ba="0,0" hai="23,27,30,44,45,95,99,101" m="54551,1641" machi="101" ten="30,2000,0" yaku="8,1,54,1" doraHai="76" who="1" fromWho="3" sc="314,0,285,20,315,0,86,-20" /><INIT seed="5,0,0,2,5,4" ten="314,305,315,66" oya="1" hai0="68,36,10,19,126,11,110,121,8,17,7,49,44" hai1="46,13,59,5,61,66,130,94,127,60,109,27,22" hai2="134,23,39,119,96,133,128,34,129,90,99,108,71" hai3="87,76,98,2,64,55,124,123,135,104,79,103,117"/><U25/><E130/><N who="2" m="50283" /><F71/><W57/><G123/><T6/><D110/><U48/><E127/><V67/><F67/><W102/><G124/><T89/><D126/><U0/><E109/><V62/><F62/><W65/><G117/><T14/><D68/><U83/><E0/><V20/><F34/><W24/><G135/><N who="2" m="51721" /><F39/><W74/><G74/><T72/><D72/><U3/><E3/><V1/><F1/><W38/><G38/><T131/><D36/><U84/><E94/><N who="2" m="56407" /><F108/><W37/><G37/><T125/><D125/><U56/><E61/><V78/><F119/><W107/><G2/><T120/><D131/><U58/><E60/><V114/><F114/><W16/><G87/><T88/><D120/><U28/><E66/><V43/><F43/><W51/><G65/><T47/><D121/><U80/><E27/><V54/><F54/><W106/><G64/><T73/><D73/><U35/><E84/><V31/><F78/><W69/><G69/><T70/><D70/><U9/><REACH who="1" step="1"/><E35/><REACH who="1" ten="314,295,315,66" step="2"/><V86/><F86/><W111/><G111/><T42/><D14/><U82/><E82/><V75/><F75/><W132/><G132/><T30/><D30/><U101/><E101/><V53/><F31/><W63/><G63/><T77/><D77/><U93/><E93/><V116/><F116/><W41/><G103/><T115/><D115/><U52/><AGARI ba="0,1" hai="5,9,13,22,25,28,46,48,52,56,58,59,80,83" machi="52" ten="30,12000,1" yaku="1,1,0,1,8,1,52,1,54,1,53,0" doraHai="4" doraHaiUra="100" who="1" fromWho="1" sc="314,-40,295,130,315,-40,66,-40" /><INIT seed="5,1,0,0,0,32" ten="274,425,275,26" oya="1" hai0="36,26,9,57,130,63,15,71,31,89,94,47,66" hai1="115,120,6,129,134,118,125,106,86,5,49,82,50" hai2="13,67,52,135,87,16,48,24,123,3,107,75,61" hai3="34,101,59,114,45,105,56,28,92,73,116,10,4"/><U74/><E74/><V98/><F75/><W37/><G73/><T35/><D130/><U97/><E120/><V55/><F123/><W22/><G34/><T38/><D71/><U109/><E118/><V2/><F24/><W25/><G105/><T68/><D68/><U64/><E64/><V42/><F42/><W69/><G69/><T78/><D78/><U126/><E115/><V102/><F55/><W112/><G116/><T121/><D47/><U1/><E5/><V81/><F61/><W77/><G77/><T29/><D29/><U21/><E21/><V60/><F60/><W117/><G117/><T127/><D127/><U43/><E134/><V14/><F14/><W113/><G101/><T58/><D58/><U19/><E19/><V44/><F67/><W72/><G92/><T27/><D27/><U23/><E23/><V85/><F135/><W41/><REACH who="3" step="1"/><G72/><REACH who="3" ten="274,425,275,16" step="2"/><T88/><D121/><U93/><E106/><V110/><F110/><W119/><G119/><T8/><D89/><U65/><E109/><V99/><F99/><W131/><G131/><T54/><D94/><U103/><E93/><V100/><F100/><W76/><G76/><T53/><D88/><U7/><E103/><V51/><F87/><W133/><G133/><T39/><REACH who="0" step="1"/><D8/><REACH who="0" ten="264,425,275,16" step="2"/><N who="1" m="2127" /><E129/><V122/><F122/><W40/><G40/><T17/><AGARI ba="1,2" hai="9,15,17,26,31,35,36,38,39,53,54,57,63,66" machi="17" ten="30,2000,0" yaku="1,1,0,1,53,0" doraHai="32" doraHaiUra="0" who="0" fromWho="0" sc="264,43,425,-11,275,-6,16,-6" /><INIT seed="6,0,0,5,1,58" ten="307,414,269,10" oya="2" hai0="53,72,69,114,87,71,46,75,19,32,34,101,14" hai1="64,36,12,41,47,99,125,118,113,65,20,1,82" hai2="97,81,119,92,45,10,40,89,22,83,60,37,122" hai3="112,94,79,54,62,73,51,11,98,91,78,39,61"/><V33/><F122/><W108/><G39/><T16/><D114/><U100/><E1/><V105/><F119/><W117/><G117/><T50/><D101/><U6/><E118/><V135/><F33/><W90/><G108/><T30/><D19/><U43/><E43/><V5/><F135/><W66/><G112/><T121/><D121/><U96/><E113/><V25/><F105/><W23/><G66/><T126/><D126/><U49/><E36/><V103/><F103/><W115/><G115/><T35/><D30/><U129/><E125/><V131/><F131/><W26/><G11/><T21/><REACH who="0" step="1"/><D87/><REACH who="0" ten="297,414,269,10" step="2"/><U7/><E100/><V106/><F106/><W120/><G120/><T104/><D104/><U133/><E129/><V86/><F86/><W0/><G0/><T9/><D9/><U124/><E124/><V127/><F127/><W123/><G123/><T15/><D15/><U85/><E12/><V84/><F84/><W56/><G90/><T59/><D59/><U44/><E85/><V93/><F93/><W3/><G3/><T17/><D17/><U95/><E95/><V132/><F132/><W38/><G38/><T2/><D2/><U48/><E133/><V102/><F102/><W77/><REACH who="3" step="1"/><G73/><AGARI ba="0,1" hai="14,16,21,32,34,35,46,50,53,69,71,72,73,75" machi="73" ten="50,3200,0" yaku="1,1,54,1,53,0" doraHai="58" doraHaiUra="52" who="0" fromWho="3" sc="297,42,414,0,269,0,10,-32" owari="339,14.0,414,51.0,269,-13.0,-22,-52.0" /></mjloggm>