<mjloggm ver="2.3"><GO type="169" lobby="0"/><UN n0="%70%61%6E%30%39%30%37" n1="%E5%B0%B1%E6%B4%BB%E7%94%9F%40%E5%B7%9D%E6%9D%91%E8%BB%8D%E5%9B%A3" n2="%28%EF%BC%BE%CF%89%EF%BC%BE%29%E5%9B%9B%E9%BA%BB%E5%B0%82" n3="%63%69%73%63%69%73" dan="16,18,17,16" rate="2110.71,2279.10,2217.19,2143.03" sx="M,M,F,M"/><TAIKYOKU oya="0"/><INIT seed="0,0,0,5,1,24" ten="250,250,250,250" oya="0" hai0="115,43,60,32,50,21,89,30,113,23,42,128,122" hai1="87,57,109,132,37,85,104,11,80,120,86,58,105" hai2="25,123,125,84,69,98,131,1,10,28,82,126,14" hai3="3,36,65,54,8,34,6,4,106,26,72,55,20"/><T5/><D122/><U9/><E37/><V13/><F69/><W79/><G106/><N who="1" m="41066" /><E80/><V127/><F131/><W39/><G34/><T61/><D128/><U108/><E120/><V81/><F98/><W78/><G65/><T129/><D129/><U101/><E101/><V95/><F95/><W67/><G67/><T100/><D100/><U99/><E99/><V64/><F64/><W2/><G26/><T18/><D32/><U66/><E66/><V51/><F51/><W48/><G48/><T29/><D5/><U103/><E103/><V110/><F110/><N who="1" m="42601" /><E132/><V91/><F82/><W124/><G20/><T12/><D50/><U77/><E77/><V68/><F68/><W27/><G27/><T107/><D107/><U96/><E96/><V73/><F73/><W53/><G53/><T46/><D89/><U90/><E90/><V38/><F38/><W31/><G8/><AGARI ba="0,0" hai="8,9,11,57,58,85,86,87" m="42601,41066" machi="8" ten="40,5200,0" yaku="28,2,14,1" doraHai="24" who="1" fromWho="3" sc="250,0,250,52,250,0,250,-52" /><INIT seed="1,0,0,1,0,9" ten="250,302,250,198" oya="1" hai0="50,79,18,121,37,4,119,43,86,102,103,15,97" hai1="82,39,108,130,2,107,135,47,81,41,123,1,114" hai2="44,77,62,71,132,21,90,75,51,131,127,66,128" hai3="80,94,105,8,60,95,42,99,24,64,87,30,84"/><U109/><E123/><V134/><F90/><W10/><G105/><T48/><D119/><U19/><E114/><V96/><F96/><W16/><G42/><T67/><D121/><U70/><E70/><V20/><F77/><W124/><G124/><T57/><D37/><U45/><E107/><V106/><F75/><W7/><G7/><T85/><D4/><U22/><E130/><N who="2" m="49707" /><F106/><W111/><G111/><N who="1" m="42570" /><E45/><V14/><F14/><W122/><G122/><T76/><D43/><U38/><E38/><V117/><F117/><W28/><G28/><T104/><D102/><U29/><E29/><V93/><F93/><W27/><G60/><T59/><D59/><U17/><E135/><N who="2" m="51755" /><F127/><W120/><G120/><T49/><D79/><U12/><E19/><V3/><F3/><AGARI ba="0,0" hai="1,2,3,12,17,22,39,41,47,81,82" m="42570" machi="3" ten="30,5800,0" yaku="14,1,10,1,52,1" doraHai="9" who="1" fromWho="2" sc="250,0,302,58,250,-58,198,0" /><INIT seed="1,1,0,0,0,59" ten="250,360,192,198" oya="1" hai0="30,27,66,78,91,48,110,99,115,25,64,54,2" hai1="114,83,19,57,10,132,36,127,56,106,129,73,0" hai2="29,108,117,75,87,96,116,33,111,40,15,131,60" hai3="95,134,38,12,67,51,113,101,58,42,63,34,102"/><U22/><E106/><V7/><F75/><W93/><G113/><T65/><D115/><U90/><E114/><V120/><F96/><W135/><G34/><T100/><D2/><U32/><E32/><V98/><F98/><W104/><G38/><T124/><D110/><N who="2" m="42026" /><F87/><W105/><G12/><T121/><D124/><U107/><E107/><N who="3" m="41034" /><G51/><T112/><D100/><N who="3" m="38505" /><G42/><T77/><D112/><U5/><E36/><V26/><F40/><W1/><G1/><T45/><D121/><U35/><E90/><V24/><F131/><W82/><G82/><T11/><D11/><U130/><E130/><V122/><F60/><W71/><G71/><T68/><D68/><U46/><E83/><V39/><F39/><W74/><G74/><T23/><D27/><U47/><E73/><V14/><F26/><W92/><G58/><T72/><D72/><U21/><E56/><V17/><F7/><W109/><G63/><T118/><D118/><N who="2" m="45674" /><F14/><W133/><G67/><T70/><D70/><U16/><E57/><V3/><F3/><W6/><G6/><T97/><D97/><U50/><E0/><V55/><F55/><W31/><G109/><T88/><D99/><U20/><E5/><V37/><F37/><W62/><G62/><T13/><D13/><U53/><E129/><V128/><F128/><W81/><G31/><T126/><D126/><U69/><E53/><V86/><F86/><W49/><G81/><T52/><D54/><U8/><E127/><V4/><F4/><W43/><G43/><T123/><D123/><U80/><E50/><V61/><F61/><W76/><G49/><RYUUKYOKU ba="1,0" sc="250,10,360,-30,192,10,198,10" hai0="23,25,30,45,48,52,64,65,66,77,78,88,91" hai2="15,17,24,29,33,120,122" hai3="76,92,93,95,133,134,135" /><INIT seed="2,2,0,5,3,45" ten="260,330,202,208" oya="2" hai0="35,113,122,91,125,70,39,85,48,108,102,115,67" hai1="5,116,118,133,25,43,19,28,29,132,20,82,79" hai2="22,58,119,86,124,127,88,23,56,92,30,123,80" hai3="99,47,60,103,112,41,129,1,31,104,81,0,24"/><V44/><F119/><N who="1" m="45609" /><E43/><V16/><F123/><W8/><G129/><T76/><D122/><U54/><E54/><V42/><F30/><N who="1" m="11881" /><E82/><V14/><F23/><W11/><G112/><T131/><D35/><U121/><E79/><V65/><F80/><W50/><G81/><T9/><D9/><U117/><E121/><V38/><REACH who="2" step="1"/><F65/><REACH who="2" ten="260,330,192,208" step="2"/><W10/><REACH who="3" step="1"/><G60/><REACH who="3" ten="260,330,192,198" step="2"/><N who="0" m="40295" /><D115/><U74/><E117/><V87/><F87/><W37/><G37/><T4/><D85/><U49/><E74/><V2/><F2/><W21/><AGARI ba="2,2" hai="0,1,8,10,11,21,24,31,41,47,50,99,103,104" machi="21" ten="30,4000,0" yaku="1,1,0,1,52,1,53,0" doraHai="45" doraHaiUra="69" who="3" fromWho="3" sc="260,-12,330,-12,192,-22,198,66" /><INIT seed="3,0,0,0,2,40" ten="248,318,170,264" oya="3" hai0="123,68,41,56,31,71,93,50,24,23,20,128,38" hai1="86,117,2,59,126,54,74,124,16,133,37,66,99" hai2="104,121,0,79,120,61,115,47,26,111,72,97,11" hai3="101,25,83,19,12,4,98,134,48,129,87,64,28"/><W132/><G129/><T75/><D123/><U73/><E2/><V105/><F115/><W33/><G64/><T130/><D75/><U58/><E37/><V52/><F111/><W80/><G4/><T30/><D38/><U62/><E133/><N who="3" m="51306" /><G48/><T122/><D122/><N who="2" m="47210" /><F26/><W55/><G55/><T92/><D41/><U1/><E1/><V78/><F97/><W119/><G87/><T63/><D50/><U51/><E86/><V15/><F0/><W135/><G119/><T88/><D24/><U70/><E99/><V17/><F61/><W39/><G39/><T36/><D36/><U21/><E70/><V43/><F43/><W116/><G116/><T113/><D63/><U76/><E117/><V22/><F72/><W96/><G135/><T107/><D107/><N who="2" m="41034" /><F11/><N who="3" m="6559" /><G98/><T131/><D131/><U95/><E76/><V10/><F10/><W81/><G81/><T45/><D113/><U84/><E84/><V32/><F32/><W8/><G8/><T29/><D130/><U106/><E74/><V110/><F110/><W67/><G67/><T35/><D35/><U109/><E73/><V53/><F53/><W114/><G114/><T57/><D128/><U69/><E109/><V49/><AGARI ba="0,0" hai="15,17,22,47,49,52,78,79" m="41034,47210" machi="49" ten="40,5200,0" yaku="13,1,52,1,54,1" doraHai="40" who="2" fromWho="2" sc="248,-13,318,-13,170,52,264,-26" /><INIT seed="4,0,0,1,0,124" ten="235,305,222,238" oya="0" hai0="18,60,119,6,59,24,58,53,123,76,121,57,63" hai1="22,111,0,79,98,48,55,69,134,33,44,25,100" hai2="11,77,104,20,128,19,61,72,56,34,16,68,62" hai3="8,87,21,50,43,105,5,101,14,13,27,74,38"/><T47/><D119/><U65/><E111/><V32/><F104/><W54/><G74/><T96/><D6/><U107/><E0/><V66/><F128/><W2/><G43/><T29/><D18/><U40/><E134/><V92/><F11/><W84/><G38/><T122/><D76/><U73/><E73/><V94/><F19/><W110/><G110/><T116/><D116/><U4/><E4/><V118/><F118/><W26/><G101/><T108/><D108/><U95/><E79/><V82/><F92/><W99/><G99/><T28/><D96/><U64/><E33/><V70/><F94/><W106/><G106/><T132/><D132/><U127/><E69/><V90/><F90/><W3/><G105/><T97/><D97/><U120/><E127/><V115/><F115/><W17/><G3/><T131/><D131/><U83/><E83/><V46/><F46/><W75/><G75/><T1/><D1/><U81/><E81/><V126/><F70/><W130/><G130/><T114/><D114/><U80/><E80/><V23/><F23/><W31/><G26/><T117/><D117/><U135/><E135/><V71/><F71/><W112/><G112/><T52/><D47/><U88/><E40/><V35/><F35/><N who="3" m="20991" /><G14/><T109/><D109/><U42/><E42/><V45/><F45/><AGARI ba="0,0" hai="2,5,8,13,17,21,45,50,54,84,87" m="20991" machi="45" ten="30,1000,0" yaku="24,1" doraHai="124" who="3" fromWho="2" sc="235,0,305,0,222,-10,238,10" /><INIT seed="5,0,0,3,3,67" ten="235,305,212,248" oya="1" hai0="10,34,84,99,33,87,88,16,79,82,18,50,94" hai1="43,104,125,115,97,60,5,45,117,3,57,20,105" hai2="51,75,135,44,85,123,46,70,73,72,103,58,48" hai3="59,24,110,83,64,119,7,112,31,127,98,29,35"/><U80/><E117/><V132/><F123/><W106/><G119/><T65/><D65/><U61/><E125/><V129/><F103/><W68/><G127/><T14/><D50/><N who="2" m="18986" /><F85/><W126/><G110/><T108/><D108/><U130/><E115/><V114/><F114/><W109/><G126/><T11/><D87/><U49/><E130/><V100/><F100/><W41/><G41/><T25/><D25/><U122/><E122/><V13/><F13/><AGARI ba="0,0" hai="10,11,13,14,16,18,33,34,79,82,84,88,94,99" machi="13" ten="40,5200,0" yaku="9,1,54,2" doraHai="67" who="0" fromWho="2" sc="235,52,305,0,212,-52,248,0" /><INIT seed="6,0,0,2,0,111" ten="287,305,160,248" oya="2" hai0="107,87,61,82,102,127,133,85,56,95,62,103,57" hai1="98,38,39,73,134,96,121,16,6,7,15,37,11" hai2="4,67,46,49,3,90,63,14,0,106,114,94,66" hai3="26,89,25,5,18,51,64,72,43,31,41,122,117"/><V20/><F106/><W79/><G117/><T55/><D107/><U2/><E73/><V135/><F135/><W59/><G122/><T86/><D133/><U45/><E134/><V105/><F105/><W80/><G5/><T93/><D127/><U69/><E69/><V78/><F114/><W10/><G89/><T113/><D113/><U68/><E68/><V53/><F78/><W97/><G97/><T101/><D82/><U47/><E121/><V42/><F66/><AGARI ba="0,0" hai="55,56,57,61,62,66,85,86,87,93,95,101,102,103" machi="66" ten="40,1300,0" yaku="8,1" doraHai="111" who="0" fromWho="2" sc="287,13,305,0,160,-13,248,0" /><INIT seed="7,0,0,0,1,39" ten="300,305,147,248" oya="3" hai0="64,104,61,4,26,42,41,74,16,62,106,66,97" hai1="69,83,114,11,25,30,72,8,56,50,34,6,15" hai2="121,112,116,48,53,127,119,134,45,86,73,57,60" hai3="28,78,118,52,71,98,117,55,20,1,125,99,44"/><W80/><G71/><T108/><D108/><U135/><E69/><V10/><F73/><W37/><G125/><T110/><D110/><U43/><E114/><V9/><F121/><W77/><G1/><T113/><D74/><U32/><E135/><V13/><F134/><W129/><G129/><T102/><D113/><U85/><E72/><V111/><F127/><W46/><G20/><N who="0" m="13575" /><D106/><U7/><E56/><V87/><F112/><W132/><G37/><T95/><D104/><U65/><E65/><N who="0" m="25193" /><D4/><N who="1" m="3463" /><E11/><V14/><F111/><W68/><G68/><T3/><D3/><U93/><E93/><V18/><F119/><W82/><G132/><T84/><D84/><U59/><E34/><V123/><F116/><W22/><G22/><T12/><D12/><U49/><E49/><V107/><F107/><W17/><G17/><T5/><D5/><U101/><E59/><V109/><F109/><W21/><G21/><T105/><D105/><U91/><E101/><V75/><F75/><W103/><REACH who="3" step="1"/><G103/><REACH who="3" ten="300,305,147,238" step="2"/><T63/><AGARI ba="0,1" hai="41,42,61,62,63,95,97,102" m="25193,13575" machi="63" ten="30,7900,0" yaku="8,1,52,2,54,1" doraHai="39" who="0" fromWho="0" sc="300,89,305,-20,147,-20,238,-39" owari="389,48.0,285,9.0,127,-37.0,199,-20.0" /></mjloggm>