<mjloggm ver="2.3"><GO type="169" lobby="0"/><UN n0="%43%2E%43%2E%E3%82%B5%E3%83%90%E3%82%B7%E3%82%A2" n1="%E5%B0%B1%E6%B4%BB%E7%94%9F%40%E5%B7%9D%E6%9D%91%E8%BB%8D%E5%9B%A3" n2="%E6%AC%A1%E5%85%83%E5%B9%B2%E6%B8%89" n3="%79%75%2D%2D%2D%2D%2D%75" dan="16,18,16,17" rate="2070.54,2277.48,2139.93,2188.90" sx="F,M,M,M"/><TAIKYOKU oya="0"/><INIT seed="0,0,0,1,0,8" ten="250,250,250,250" oya="0" hai0="89,51,71,122,94,41,132,3,35,108,25,68,102" hai1="1,30,56,72,131,20,117,46,69,87,31,54,65" hai2="104,99,84,52,50,0,74,2,75,121,18,125,106" hai3="38,91,62,45,112,96,23,48,90,129,22,64,59"/><T6/><D122/><U105/><E72/><V130/><F121/><W128/><G112/><T127/><D3/><U111/><E105/><V134/><F134/><W100/><G38/><T60/><D102/><U95/><E1/><V14/><F125/><W32/><G32/><T33/><D33/><U133/><E69/><V26/><F106/><W115/><G115/><T39/><D39/><U53/><E117/><V79/><F26/><W19/><G22/><T9/><D132/><U27/><E111/><V37/><F37/><W114/><G114/><T42/><D127/><U113/><E131/><N who="3" m="50250" /><G96/><T70/><D60/><U109/><E109/><V93/><F75/><W76/><G76/><T66/><D66/><U123/><E123/><V29/><F29/><W103/><G103/><T24/><D108/><U10/><E31/><V92/><F74/><W11/><G11/><T80/><D35/><U17/><E133/><V44/><F104/><W57/><G57/><T120/><D120/><U12/><E46/><V43/><F2/><W124/><G100/><T126/><D126/><U36/><E113/><V110/><F0/><W83/><G83/><T40/><D80/><U77/><E77/><V116/><F79/><W135/><G135/><T15/><REACH who="0" step="1"/><D51/><REACH who="0" ten="240,250,250,250" step="2"/><U107/><E36/><V58/><F110/><W28/><G124/><T55/><D55/><U81/><E81/><V73/><F116/><W21/><G48/><T88/><D88/><N who="1" m="53663" /><E107/><V78/><F73/><W4/><G91/><T97/><AGARI ba="0,1" hai="6,9,15,24,25,40,41,42,68,70,71,89,94,97" machi="97" ten="40,7800,0" yaku="1,1,0,1,52,1,53,0" doraHai="8" doraHaiUra="119" who="0" fromWho="0" sc="240,88,250,-26,250,-26,250,-26" /><INIT seed="0,1,0,4,4,73" ten="328,224,224,224" oya="0" hai0="101,56,24,98,133,32,116,2,124,28,30,89,78" hai1="84,35,111,11,9,54,107,0,66,40,105,19,123" hai2="36,25,60,33,106,58,76,46,131,99,69,108,134" hai3="42,41,93,74,129,14,81,18,39,87,115,29,86"/><T61/><D116/><U6/><E35/><V82/><F108/><W62/><G115/><T122/><D122/><U100/><E123/><V16/><F131/><W51/><G129/><T126/><D2/><U112/><E112/><V80/><F80/><W110/><G39/><T70/><D30/><U5/><E66/><V109/><F109/><W63/><G29/><T132/><D89/><U114/><E114/><V21/><F69/><W45/><G42/><T125/><D78/><U72/><E72/><V77/><F82/><W85/><G74/><T130/><D130/><U65/><E65/><V96/><F33/><W1/><G1/><T91/><D91/><U38/><E19/><V12/><F36/><W68/><G68/><T17/><D17/><U135/><E100/><V57/><F46/><W102/><G81/><T127/><N who="0" m="31744" /><DORA hai="118" /><T71/><D71/><U4/><E38/><V50/><F12/><W94/><G110/><T121/><D121/><U64/><E0/><V119/><F106/><W117/><G117/><T47/><D47/><U15/><E105/><V55/><F134/><W113/><G113/><T48/><D48/><U88/><E107/><V26/><F25/><W92/><REACH who="3" step="1"/><G102/><REACH who="3" ten="328,224,224,214" step="2"/><T20/><D70/><U23/><E111/><V27/><F119/><W104/><G104/><N who="0" m="63543" /><D32/><U90/><E90/><V67/><REACH who="2" step="1"/><F27/><REACH who="2" ten="328,224,214,214" step="2"/><W53/><G53/><AGARI ba="1,2" hai="20,24,28,53,56,61,132,133" m="63543,31744" machi="53" ten="60,2900,0" yaku="18,1" doraHai="73,118" who="0" fromWho="3" sc="328,52,224,0,214,0,214,-32" /><INIT seed="0,2,0,0,2,26" ten="380,224,214,182" oya="0" hai0="15,91,66,20,73,89,59,135,2,80,33,122,74" hai1="67,25,7,133,104,118,70,58,41,87,63,120,132" hai2="125,116,106,79,11,42,124,105,99,107,13,36,76" hai3="96,97,72,12,88,14,109,84,98,129,81,47,44"/><T108/><D122/><U85/><E104/><V101/><F36/><W24/><G109/><T69/><D2/><U18/><E118/><V31/><F42/><W50/><G129/><T103/><D33/><U46/><E7/><V102/><F116/><W119/><G72/><T61/><D108/><U51/><E120/><V75/><F31/><W78/><G119/><T32/><D32/><U40/><E40/><V112/><F112/><W114/><G114/><T22/><D103/><U3/><E3/><V64/><F64/><W6/><G78/><N who="2" m="29737" /><F13/><W43/><G6/><T95/><D135/><N who="1" m="51787" /><E70/><V117/><F11/><W83/><G83/><T90/><D69/><U37/><E37/><V71/><F71/><W57/><G44/><T35/><D35/><U39/><E39/><V65/><F65/><W4/><G4/><T28/><D73/><U130/><E130/><V121/><F117/><W17/><REACH who="3" step="1"/><G57/><REACH who="3" ten="380,224,214,172" step="2"/><T56/><D56/><U92/><E58/><V86/><F121/><W1/><G1/><T126/><D74/><U93/><E67/><V0/><F0/><W48/><G48/><T52/><D66/><U131/><E63/><V16/><F75/><W49/><G49/><T45/><D61/><U9/><E131/><V110/><F110/><W8/><G8/><T94/><D59/><U54/><E9/><V68/><F125/><W5/><G5/><T60/><D126/><U82/><E82/><V55/><F124/><W123/><G123/><T34/><D80/><U62/><E62/><V127/><F68/><W38/><G38/><T19/><D60/><U128/><E128/><RYUUKYOKU ba="2,1" sc="380,-10,224,-10,214,-10,172,30" hai3="12,14,17,24,43,47,50,81,84,88,96,97,98" /><INIT seed="1,3,1,4,5,0" ten="370,214,204,202" oya="1" hai0="118,96,18,49,109,53,2,32,61,10,23,30,26" hai1="19,120,51,86,1,6,80,62,131,85,102,74,117" hai2="50,48,101,132,100,119,90,21,9,97,88,44,31" hai3="76,20,127,78,41,83,105,98,128,43,3,133,39"/><U64/><E120/><V123/><F123/><W69/><G69/><T75/><D118/><U126/><E117/><V106/><F119/><W57/><G128/><T104/><D75/><U94/><E131/><V38/><F132/><W111/><G133/><T116/><D116/><U93/><E126/><V66/><F38/><W72/><G76/><T135/><D109/><U5/><E1/><V58/><F101/><W15/><G41/><T67/><D104/><U79/><E19/><V12/><F21/><W129/><G57/><T103/><D103/><U130/><E130/><V27/><F31/><W17/><G111/><T35/><D96/><U71/><E51/><V4/><F27/><W73/><G73/><T47/><D135/><U34/><E34/><V92/><F106/><W11/><G127/><T36/><D36/><U13/><E13/><V113/><F113/><W95/><G105/><T54/><D54/><U81/><E74/><V65/><F65/><W89/><G129/><T110/><D110/><U115/><E115/><V8/><F8/><W22/><REACH who="3" step="1"/><G3/><REACH who="3" ten="370,214,204,192" step="2"/><T112/><D2/><U99/><REACH who="1" step="1"/><E94/><REACH who="1" ten="370,204,204,192" step="2"/><V107/><F107/><W59/><G59/><T40/><D112/><U70/><E70/><V29/><F58/><W124/><G124/><T37/><D37/><U63/><E63/><V25/><F50/><W87/><G87/><T24/><D61/><U114/><E114/><V84/><F48/><W46/><AGARI ba="3,3" hai="11,15,17,20,22,39,43,46,72,78,83,89,95,98" machi="46" ten="30,2000,0" yaku="1,1,0,1,53,0" doraHai="0" doraHaiUra="33" who="3" fromWho="3" sc="370,-8,204,-13,204,-8,192,59" /><INIT seed="2,0,0,0,4,41" ten="362,191,196,251" oya="2" hai0="128,18,30,133,61,3,54,125,104,85,75,106,9" hai1="20,114,0,45,95,112,37,24,36,74,99,2,6" hai2="22,88,15,135,55,25,118,72,124,127,111,7,76" hai3="27,16,94,21,63,12,96,40,68,65,103,77,13"/><V105/><F118/><W122/><G122/><T78/><D75/><U100/><E74/><V51/><F105/><W134/><G134/><T69/><D133/><U1/><E6/><V71/><F71/><W84/><REACH who="3" step="1"/><G40/><REACH who="3" ten="362,191,196,241" step="2"/><T14/><D128/><U123/><E123/><V59/><F135/><W43/><G43/><T47/><D125/><N who="2" m="48202" /><F111/><W39/><G39/><T129/><D129/><U34/><E37/><V60/><F7/><W115/><G115/><T4/><D4/><U89/><E36/><V33/><F72/><W53/><G53/><T121/><D54/><U46/><E112/><V62/><F76/><W26/><G26/><T8/><D78/><U10/><E114/><V38/><F38/><W93/><G93/><T50/><D104/><U49/><E34/><V102/><F33/><W67/><G67/><T31/><D106/><U87/><E49/><V19/><F25/><W131/><G131/><T80/><D50/><U42/><E42/><V32/><F32/><W64/><G64/><T116/><D121/><U29/><REACH who="1" step="1"/><E10/><REACH who="1" ten="362,181,196,241" step="2"/><V5/><F5/><W23/><G23/><T81/><D9/><U35/><E35/><V109/><F109/><W73/><G73/><T117/><D8/><U92/><AGARI ba="0,2" hai="0,1,2,20,24,29,45,46,87,89,92,95,99,100" machi="92" ten="30,7900,0" yaku="1,1,0,1,52,2,53,0" doraHai="41" doraHaiUra="132" who="1" fromWho="1" sc="362,-20,181,99,196,-39,241,-20" /><INIT seed="3,0,0,2,2,84" ten="342,280,157,221" oya="3" hai0="118,131,62,52,114,85,8,69,49,76,86,92,61" hai1="115,91,26,102,12,9,68,98,28,60,108,51,94" hai2="109,80,124,89,120,125,83,53,33,21,104,64,134" hai3="31,127,133,15,46,111,82,100,47,16,36,99,54"/><W87/><G127/><T13/><D118/><U128/><E115/><V14/><F33/><W67/><G133/><T79/><D114/><U48/><E128/><V103/><F64/><W32/><G67/><T34/><D34/><U126/><E126/><N who="2" m="48747" /><F109/><W95/><G111/><T97/><D131/><U7/><E108/><V5/><F134/><W90/><G36/><T20/><D20/><U30/><E30/><V24/><F120/><W112/><G112/><T42/><D42/><U19/><E7/><V11/><F53/><W119/><G119/><T81/><D69/><U39/><E39/><V135/><F135/><W78/><G32/><T44/><D85/><U70/><E60/><V130/><F130/><W105/><G31/><T75/><D79/><U122/><E122/><V2/><F2/><W1/><G54/><T22/><D22/><U41/><E41/><V55/><F55/><W50/><G50/><T101/><REACH who="0" step="1"/><D75/><REACH who="0" ten="332,280,157,221" step="2"/><U121/><E121/><V73/><F73/><N who="3" m="43343" /><G1/><T88/><D88/><U37/><E70/><V66/><F89/><W45/><G47/><T74/><D74/><U113/><E68/><V123/><F123/><W77/><G77/><T40/><D40/><U129/><E113/><V93/><F21/><AGARI ba="0,1" hai="15,16,21,45,46,87,90,95,99,100,105" m="43343" machi="21" ten="30,5800,0" yaku="24,1,52,1,54,1" doraHai="84" who="3" fromWho="2" sc="332,0,280,0,157,-58,221,68" /><INIT seed="3,1,0,0,5,30" ten="332,280,99,289" oya="3" hai0="71,97,113,122,83,29,2,88,4,11,32,81,116" hai1="74,18,26,47,52,59,42,31,63,75,112,35,130" hai2="101,56,129,111,103,108,128,84,6,117,8,55,114" hai3="24,28,121,37,94,25,131,16,40,96,85,124,109"/><W46/><G121/><T73/><D116/><U21/><E112/><V14/><F117/><W1/><G1/><T17/><D122/><U60/><E60/><V38/><F114/><W15/><G124/><T22/><D113/><U120/><E130/><N who="2" m="50283" /><F84/><W3/><G3/><T49/><D71/><U10/><E10/><V107/><F38/><W50/><G131/><T70/><D70/><U19/><E120/><V39/><F39/><W89/><G109/><N who="2" m="42057" /><F107/><W98/><G37/><T5/><D5/><U119/><E119/><V41/><F41/><W66/><G66/><T27/><D49/><AGARI ba="1,0" hai="6,8,14,49,55,56,101,103" m="42057,50283" machi="49" ten="30,2000,0" yaku="19,1,14,1" doraHai="30" who="2" fromWho="0" sc="332,-23,280,0,99,23,289,0" /><INIT seed="4,0,0,5,1,66" ten="309,280,122,289" oya="0" hai0="57,28,60,72,23,106,52,22,97,117,134,95,99" hai1="86,122,9,3,100,94,2,17,84,110,69,51,0" hai2="50,98,11,16,112,4,123,59,62,49,79,46,65" hai3="54,26,77,8,119,101,63,39,25,103,34,111,67"/><T44/><D134/><U96/><E122/><V109/><F123/><W5/><G119/><T12/><D72/><U31/><E110/><V107/><F109/><W121/><G39/><T130/><D130/><U13/><E31/><V126/><F112/><W70/><G111/><T90/><D117/><U127/><E127/><V113/><F113/><W83/><G121/><T75/><D75/><U118/><E118/><V114/><F114/><W37/><G37/><T85/><D106/><U15/><E69/><V125/><F79/><W133/><G54/><T89/><D44/><U48/><E15/><V135/><F135/><W32/><G26/><N who="0" m="16471" /><D90/><U35/><E35/><V29/><F29/><W14/><G133/><T92/><D92/><U7/><E7/><V18/><F98/><W104/><G25/><T87/><D97/><U64/><E64/><V21/><F21/><W24/><G24/><T74/><D74/><U129/><E129/><V6/><F50/><W73/><REACH who="3" step="1"/><G104/><REACH who="3" ten="309,280,122,279" step="2"/><T42/><D42/><U1/><N who="1" m="512" /><DORA hai="20" /><U91/><REACH who="1" step="1"/><E84/><REACH who="1" ten="309,270,122,279" step="2"/><V41/><F126/><W38/><G38/><T88/><D89/><U40/><E40/><V68/><F125/><W27/><G27/><T128/><D128/><U61/><E61/><V116/><F41/><W36/><G36/><T53/><D53/><U47/><E47/><V105/><F46/><W71/><G71/><T78/><D78/><U120/><E120/><V55/><F116/><W108/><G108/><T56/><D56/><U102/><E102/><AGARI ba="0,2" hai="5,8,14,32,34,63,67,70,73,77,83,101,102,103" machi="102" ten="40,5200,0" yaku="1,1,52,1,53,1" doraHai="66,20" doraHaiUra="80,10" who="3" fromWho="1" sc="309,0,270,-52,122,0,279,72" /><INIT seed="5,0,0,2,1,72" ten="309,218,122,351" oya="1" hai0="56,67,43,61,110,111,93,8,28,98,75,21,135" hai1="122,87,82,46,38,128,20,95,92,105,116,77,125" hai2="66,48,108,1,55,16,54,121,13,124,22,36,130" hai3="50,51,118,74,120,71,42,85,101,47,90,88,69"/><U65/><E105/><V6/><F36/><W73/><G120/><T3/><D135/><U79/><E122/><V5/><F121/><W39/><G101/><T126/><D126/><U113/><E116/><V17/><F124/><W52/><G118/><T109/><D43/><U112/><E125/><V34/><F108/><W114/><G114/><N who="1" m="44138" /><E65/><V91/><F34/><W115/><G115/><T27/><D75/><U9/><E9/><V10/><F130/><W18/><G39/><T68/><D68/><U96/><E20/><V25/><F66/><W106/><G106/><T94/><D94/><N who="1" m="35883" /><E96/><V63/><F91/><W64/><G90/><T44/><D44/><U33/><E33/><V81/><F81/><W26/><G69/><T11/><REACH who="0" step="1"/><D3/><REACH who="0" ten="299,218,122,351" step="2"/><U30/><E128/><V103/><F1/><W23/><G71/><T40/><D40/><N who="1" m="22807" /><E30/><V102/><F102/><AGARI ba="0,1" hai="8,11,21,27,28,56,61,67,93,98,102,109,110,111" machi="102" ten="40,5200,0" yaku="1,1,25,2,53,0" doraHai="72" doraHaiUra="104" who="0" fromWho="2" sc="299,62,218,0,122,-52,351,0" /><INIT seed="6,0,0,2,3,133" ten="361,218,70,351" oya="2" hai0="0,22,23,85,88,106,135,78,39,40,32,111,92" hai1="109,82,36,93,125,34,43,128,64,76,115,29,95" hai2="74,7,110,70,69,9,123,4,100,48,72,49,44" hai3="63,60,99,58,53,119,80,47,103,129,21,62,124"/><V121/><F100/><W18/><G119/><T73/><D32/><U10/><E109/><V68/><F110/><W2/><G2/><T11/><D111/><U13/><E115/><V116/><F116/><W26/><G129/><T98/><D135/><U46/><E128/><V67/><F67/><W102/><G124/><T14/><D0/><U126/><E64/><V87/><F87/><W89/><G47/><T134/><D40/><U81/><E29/><V57/><F57/><W132/><G132/><T15/><D39/><U41/><E34/><V105/><F9/><W71/><G71/><T55/><D55/><U37/><E43/><V130/><F130/><W131/><G131/><T108/><D15/><U50/><E37/><V91/><F105/><W83/><G83/><N who="0" m="45519" /><D134/><U5/><E36/><V97/><F97/><W61/><G80/><T35/><D35/><U86/><REACH who="1" step="1"/><E82/><REACH who="1" ten="361,208,70,351" step="2"/><V19/><F70/><W77/><G77/><T6/><D108/><U38/><E38/><V56/><F56/><W127/><G58/><T96/><D106/><U52/><E52/><V117/><F117/><W79/><G53/><T104/><D104/><U45/><E45/><V42/><F42/><W25/><G79/><T54/><D54/><U59/><E59/><V114/><F44/><W94/><G61/><T30/><D30/><U84/><E84/><V17/><REACH who="2" step="1"/><F114/><REACH who="2" ten="361,208,60,351" step="2"/><W31/><G63/><T28/><D85/><U113/><E113/><V16/><F16/><W8/><G62/><T1/><D96/><U3/><E3/><V101/><F101/><W51/><G99/><T12/><D98/><RYUUKYOKU ba="0,2" sc="361,-15,208,15,60,15,351,-15" hai1="5,10,13,41,46,50,76,81,86,93,95,125,126" hai2="4,7,17,19,48,49,68,69,72,74,91,121,123" /><INIT seed="6,1,2,5,2,101" ten="346,223,75,336" oya="2" hai0="98,94,10,130,58,29,56,36,104,76,90,55,0" hai1="132,85,11,33,123,96,72,108,24,27,7,52,83" hai2="68,42,88,79,59,38,92,65,93,16,48,106,50" hai3="18,12,39,80,41,62,74,109,43,105,13,28,114"/><V118/><F118/><W67/><G109/><T45/><D76/><U78/><E108/><V69/><F38/><W112/><G28/><T126/><D104/><U75/><E132/><V21/><F79/><N who="3" m="44151" /><G105/><T8/><D0/><U89/><E123/><V49/><F106/><W3/><G3/><T99/><D36/><U97/><E33/><V9/><F69/><N who="3" m="42231" /><G13/><T15/><D130/><U87/><E75/><V119/><F68/><W26/><G26/><N who="1" m="9770" /><E72/><V133/><F133/><W31/><G31/><T70/><D29/><U81/><E52/><N who="2" m="32135" /><F119/><W124/><G124/><T63/><D126/><U135/><E135/><V127/><F127/><W40/><G40/><T46/><D70/><U23/><E23/><V116/><F65/><W122/><G122/><T110/><D110/><U91/><E78/><V25/><F116/><W14/><G14/><AGARI ba="1,2" hai="7,11,14,81,83,85,87,89,91,96,97" m="9770" machi="14" ten="30,1000,0" yaku="8,1" doraHai="101" who="1" fromWho="3" sc="346,0,223,33,75,0,336,-13" /><INIT seed="7,0,0,4,0,105" ten="346,256,75,323" oya="3" hai0="22,49,9,96,64,33,69,2,23,114,119,133,92" hai1="66,132,27,108,42,86,68,76,83,41,78,71,88" hai2="65,97,98,54,62,1,58,21,59,40,110,72,29" hai3="13,6,103,80,36,81,8,118,32,51,102,116,46"/><W74/><G36/><T101/><D119/><U12/><E108/><V35/><F1/><W120/><G120/><T15/><D33/><U31/><E132/><V28/><F35/><W129/><G32/><T3/><D3/><U95/><E76/><V85/><F110/><W117/><G129/><T135/><D2/><U61/><E71/><V75/><F40/><W60/><G60/><N who="0" m="40071" /><D49/><U99/><REACH who="1" step="1"/><E12/><REACH who="1" ten="346,246,75,323" step="2"/><V131/><F131/><W94/><G94/><T115/><D133/><U128/><E128/><V11/><F65/><W124/><G124/><T82/><D82/><U111/><E111/><V63/><F54/><W57/><G57/><T89/><D135/><U19/><E19/><V113/><F113/><W50/><G80/><T106/><D106/><U17/><E17/><V91/><F11/><W16/><G6/><T14/><D14/><U34/><AGARI ba="0,1" hai="27,31,34,41,42,61,66,68,78,83,86,88,95,99" machi="34" ten="20,5200,0" yaku="1,1,0,1,7,1,54,1,53,0" doraHai="105" doraHaiUra="112" who="1" fromWho="1" sc="346,-13,246,62,75,-13,323,-26" owari="333,43.0,308,11.0,62,-44.0,297,-10.0" /></mjloggm>