<mjloggm ver="2.3"><GO type="169" lobby="0"/><UN n0="%68%61%6B%75%30%37" n1="%E3%83%88%E3%83%88%E3%83%AA%E5%85%88%E7%94%9F%31%39%E6%AD%B3" n2="%4F%53%43%37%37%37" n3="%E3%81%8B%E3%81%AB%E3%83%9E%E3%82%B8%E3%83%B3" dan="16,19,16,19" rate="2067.55,2304.03,2092.25,2287.76" sx="M,F,M,M"/><TAIKYOKU oya="0"/><INIT seed="0,0,0,0,0,43" ten="250,250,250,250" oya="0" hai0="21,119,72,33,13,9,36,100,55,19,56,58,34" hai1="70,62,30,124,127,94,88,12,6,61,113,125,74" hai2="14,27,133,82,84,7,50,73,23,90,91,18,52" hai3="83,69,131,40,109,104,51,108,24,128,114,121,81"/><T22/><D119/><U54/><E74/><V63/><F73/><W20/><G104/><T11/><D72/><U35/><E113/><V37/><F37/><W118/><G69/><T67/><D36/><U64/><E35/><V57/><F133/><W96/><G96/><T25/><D100/><U132/><E30/><V0/><F0/><W123/><G114/><T97/><D97/><U134/><E6/><V48/><F90/><W45/><G118/><T38/><D38/><U3/><E3/><V112/><F112/><W10/><G10/><AGARI ba="0,0" hai="7,10,14,18,23,27,48,50,52,57,63,82,84,91" machi="10" ten="40,2600,0" yaku="8,1,54,1" doraHai="43" who="2" fromWho="3" sc="250,0,250,0,250,26,250,-26" /><INIT seed="1,0,0,2,3,16" ten="250,250,276,224" oya="1" hai0="101,94,4,92,100,133,84,97,107,40,54,93,75" hai1="30,47,29,48,62,96,132,64,70,7,130,55,82" hai2="118,89,50,39,90,43,11,125,21,57,108,37,111" hai3="33,5,79,121,105,126,42,81,128,115,41,124,56"/><U98/><E130/><V85/><F118/><W53/><G115/><T66/><D66/><U112/><E112/><V26/><F125/><W95/><G105/><T88/><D40/><U87/><E132/><V14/><F90/><W106/><G106/><T73/><D4/><U110/><E110/><N who="2" m="42027" /><F57/><W129/><G95/><N who="0" m="36427" /><D54/><U68/><E68/><V6/><F50/><N who="3" m="30775" /><G5/><T28/><D28/><U31/><REACH who="1" step="1"/><E7/><REACH who="1" ten="250,240,276,224" step="2"/><N who="2" m="3455" /><F43/><W20/><G42/><T52/><D133/><U65/><E65/><V123/><F123/><W78/><G41/><T15/><D52/><U13/><E13/><V61/><F6/><W119/><G121/><T72/><D15/><U25/><E25/><V127/><F127/><W71/><G71/><T104/><D101/><U22/><E22/><V103/><F103/><W36/><G20/><T23/><D23/><U109/><E109/><V99/><F99/><W32/><G126/><T76/><D100/><U135/><E135/><V77/><F39/><W27/><G36/><T60/><D60/><U34/><E34/><V12/><F37/><W134/><G33/><T86/><D97/><U114/><E114/><V44/><F61/><W10/><G134/><T9/><D9/><U83/><E83/><AGARI ba="0,1" hai="72,73,75,76,83,84,86,88,94,104,107" m="36427" machi="83" ten="40,12000,2" yaku="35,5,54,1" doraHai="16" who="0" fromWho="1" sc="250,130,240,-120,276,0,224,0" /><INIT seed="2,0,0,0,5,111" ten="380,120,276,224" oya="2" hai0="88,116,119,133,67,61,33,106,73,49,96,59,12" hai1="123,26,86,41,108,63,80,19,89,103,24,81,39" hai2="104,55,8,93,115,69,130,4,83,117,1,11,91" hai3="87,75,128,129,82,18,46,42,13,65,15,99,135"/><V118/><F104/><W134/><G75/><T127/><D73/><U40/><E108/><V98/><F69/><W53/><G65/><T48/><D33/><U0/><E0/><V2/><F130/><N who="3" m="50283" /><G53/><T21/><D133/><N who="3" m="50697" /><G99/><T27/><D96/><U131/><E131/><V45/><F115/><W100/><G100/><T97/><D97/><U28/><E123/><V17/><F83/><W47/><G18/><T6/><D67/><U72/><E103/><V20/><F55/><W84/><G84/><T54/><D54/><U56/><E72/><V77/><F77/><N who="3" m="46543" /><G47/><T25/><D106/><U62/><E19/><V64/><F64/><W114/><G114/><T58/><D58/><U78/><E78/><V107/><F107/><W79/><G79/><T14/><D59/><U92/><E56/><V105/><F105/><W50/><AGARI ba="0,0" hai="13,15,42,46,50" m="46543,50697,50283" machi="50" ten="30,2000,0" yaku="19,1,20,1" doraHai="111" who="3" fromWho="3" sc="380,-5,120,-5,276,-10,224,20" /><INIT seed="3,0,0,0,4,24" ten="375,115,266,244" oya="3" hai0="122,48,44,63,125,106,79,130,8,54,34,43,93" hai1="66,103,16,97,110,83,111,38,51,53,41,6,98" hai2="17,75,32,109,31,133,86,135,50,56,121,0,29" hai3="7,27,134,18,55,20,40,36,49,114,12,76,21"/><W91/><G114/><T116/><D106/><U42/><E6/><V13/><F0/><W11/><G134/><N who="2" m="51209" /><F75/><W59/><G76/><T94/><D122/><U112/><E112/><V115/><F115/><W57/><G36/><T72/><D116/><U118/><E118/><V60/><F32/><W128/><G128/><T105/><D105/><U80/><E66/><N who="2" m="39175" /><F121/><W45/><G40/><N who="1" m="15466" /><E38/><V132/><N who="2" m="51217" /><V89/><DORA hai="117" /><F50/><W39/><G39/><T120/><D48/><U5/><E5/><V88/><F89/><W46/><G46/><T113/><D44/><N who="1" m="27879" /><E103/><V64/><F64/><W74/><G74/><T119/><D113/><U67/><E67/><V3/><F3/><W4/><G91/><T26/><D119/><U96/><E111/><V65/><F65/><W123/><G123/><T100/><D34/><U84/><E110/><V58/><F58/><W33/><G33/><T69/><D120/><U101/><E101/><V82/><F109/><W87/><G87/><T102/><D102/><U107/><E107/><V22/><AGARI ba="0,0" hai="13,17,22,29,31,82,86,88" m="39175,51217" machi="22" ten="40,8000,1" yaku="20,1,52,2,54,1" doraHai="24,117" who="2" fromWho="2" sc="375,-20,115,-20,266,80,244,-40" /><INIT seed="4,0,0,0,0,126" ten="355,95,346,204" oya="0" hai0="67,72,33,51,63,43,10,24,41,124,123,104,85" hai1="103,86,58,97,106,96,99,74,132,8,100,35,92" hai2="76,61,47,28,20,39,91,56,87,84,15,133,101" hai3="50,4,68,81,53,114,82,0,36,62,44,69,112"/><T122/><D72/><U115/><E35/><V108/><F108/><W16/><G0/><T109/><D124/><U127/><E127/><V7/><F133/><W54/><G4/><T119/><D119/><U3/><E3/><V73/><F73/><W32/><G32/><T30/><D109/><U107/><E58/><V13/><F101/><N who="1" m="38985" /><E8/><V55/><F39/><W66/><G81/><T75/><D75/><U111/><E111/><V93/><F47/><W26/><G82/><T48/><D85/><U130/><E74/><V120/><F120/><W9/><G36/><T135/><D135/><U37/><E37/><V5/><F84/><W121/><G121/><T118/><D118/><U49/><E49/><V94/><F94/><W83/><G83/><T105/><D10/><U27/><E27/><N who="2" m="16487" /><F76/><W11/><G68/><T117/><D117/><U18/><E18/><V116/><F116/><W88/><G88/><T59/><D123/><U6/><E6/><AGARI ba="0,0" hai="5,6,7,13,15,55,56,61,87,91,93" m="16487" machi="6" ten="30,1000,0" yaku="8,1" doraHai="126" who="2" fromWho="1" sc="355,0,95,-10,346,10,204,0" /><INIT seed="5,0,0,4,4,135" ten="355,85,356,204" oya="1" hai0="54,96,129,11,86,112,48,68,108,49,12,90,114" hai1="4,22,20,39,95,36,67,69,82,38,37,132,113" hai2="17,47,134,28,80,21,9,121,74,8,70,83,85" hai3="26,24,91,84,58,88,56,99,98,77,104,124,87"/><U102/><N who="1" m="9216" /><DORA hai="97" /><U118/><E118/><V63/><F134/><W14/><G77/><T123/><D108/><U60/><E132/><V31/><F121/><W130/><G14/><T75/><D75/><U128/><E113/><V32/><F32/><W79/><G79/><T133/><D133/><U18/><E128/><V101/><F74/><W62/><G130/><T2/><D2/><U94/><E82/><V72/><F72/><W3/><G3/><T76/><D68/><U111/><E111/><V106/><F47/><W41/><G41/><T65/><D65/><U122/><E122/><V33/><F33/><W131/><G131/><T93/><D129/><U107/><E4/><V43/><F43/><W51/><G51/><T110/><D110/><U126/><E126/><V61/><F101/><W73/><G73/><T127/><D127/><U35/><E35/><V71/><F106/><W1/><G1/><T89/><D76/><U103/><E20/><V46/><F46/><W92/><G104/><T115/><D54/><U78/><E78/><N who="2" m="46231" /><F83/><N who="3" m="49183" /><G58/><T66/><D123/><U0/><E0/><V120/><F120/><W23/><G124/><T7/><D66/><U59/><E69/><V53/><F71/><W105/><G105/><T30/><D30/><N who="2" m="11306" /><F70/><W40/><G40/><T52/><D52/><U50/><E50/><V6/><F6/><W64/><G23/><T81/><AGARI ba="0,0" hai="7,11,12,48,49,81,86,89,90,93,96,112,114,115" machi="81" ten="30,2000,0" yaku="0,1,15,1" doraHai="135,97" who="0" fromWho="0" sc="355,20,85,-10,356,-5,204,-5" /><INIT seed="6,0,0,1,3,32" ten="375,75,351,199" oya="2" hai0="26,62,100,42,119,130,123,80,128,126,74,46,108" hai1="95,54,65,40,102,76,111,2,109,39,44,63,7" hai2="98,24,43,135,134,72,33,64,60,131,84,13,104" hai3="133,85,112,110,16,47,101,113,23,19,121,82,90"/><V3/><F72/><W35/><G35/><T83/><D108/><U71/><E95/><V53/><F131/><N who="0" m="50218" /><D123/><U70/><E70/><N who="2" m="42247" /><F13/><W89/><G110/><T12/><D126/><U114/><E114/><N who="3" m="44138" /><G133/><N who="2" m="50697" /><F43/><W91/><G121/><T78/><D100/><U68/><E68/><V117/><F117/><W21/><G101/><T51/><D119/><U1/><E1/><V8/><F98/><W38/><G38/><T120/><D26/><U69/><E69/><V37/><F84/><W6/><G6/><T22/><D62/><U45/><E45/><V48/><F104/><W25/><G47/><T96/><D96/><U4/><E4/><N who="2" m="1055" /><F37/><W49/><G49/><T93/><D120/><U77/><E77/><V11/><F11/><W58/><G58/><T50/><D50/><U67/><E67/><V10/><F10/><W36/><G36/><T14/><D78/><U28/><E54/><V99/><F99/><W97/><G97/><T27/><D74/><U125/><E102/><V86/><F86/><W52/><G52/><T106/><D106/><U5/><E76/><V105/><F105/><W59/><G59/><T124/><D42/><U75/><E75/><V18/><F33/><W122/><G122/><T132/><D46/><U41/><E41/><V129/><F129/><W87/><G85/><T115/><D115/><U66/><E66/><V116/><F116/><W81/><G87/><T57/><D57/><U56/><E56/><N who="2" m="32807" /><F24/><AGARI ba="0,0" hai="16,19,21,23,24,25,81,82,89,90,91" m="44138" machi="24" ten="30,3900,0" yaku="15,1,11,1,54,1" doraHai="32" who="3" fromWho="2" sc="375,0,75,0,351,-39,199,39" /><INIT seed="7,0,0,1,2,132" ten="375,75,312,238" oya="3" hai0="130,13,40,38,112,43,19,4,45,74,27,123,32" hai1="24,69,54,29,64,34,109,87,52,44,134,88,57" hai2="66,62,70,101,46,36,113,18,11,56,73,81,117" hai3="2,31,128,28,8,16,39,119,20,14,82,78,10"/><W50/><G39/><T37/><D123/><U125/><E134/><V92/><F117/><W105/><G105/><T85/><D74/><U98/><E109/><V41/><F113/><W89/><G119/><T59/><D112/><U84/><E69/><V100/><F92/><W124/><G128/><T103/><D130/><U0/><E0/><V129/><F129/><W93/><G50/><T1/><D103/><U91/><E98/><V76/><F18/><W68/><G68/><T23/><D59/><U131/><E131/><V110/><F110/><W97/><G124/><T79/><D85/><U15/><E125/><V118/><F118/><W25/><G2/><T3/><D79/><U61/><E15/><V5/><REACH who="2" step="1"/><F70/><REACH who="2" ten="375,75,302,238" step="2"/><W30/><REACH who="3" step="1"/><G8/><REACH who="3" ten="375,75,302,228" step="2"/><T47/><D32/><U94/><REACH who="1" step="1"/><E44/><REACH who="1" ten="375,65,302,228" step="2"/><V35/><F35/><W75/><AGARI ba="0,3" hai="10,14,16,20,25,28,30,31,75,78,82,89,93,97" machi="75" ten="20,18000,2" yaku="1,1,2,1,0,1,7,1,54,1,53,1" doraHai="132" doraHaiUra="95" who="3" fromWho="3" sc="375,-60,65,-60,302,-60,228,210" owari="315,12.0,5,-49.0,242,-16.0,438,53.0" /></mjloggm>