<mjloggm ver="2.3"><GO type="169" lobby="0"/><UN n0="%E9%96%83%E5%85%89%E3%81%AE%E6%8C%87%E5%9C%A7%E5%B8%AB" n1="%E3%81%98%E3%81%BF%E3%81%84%E3%81%A3%5A" n2="%E3%82%A6%E3%83%AB%E3%83%88%E3%83%A9%E7%AB%8B%E7%9B%B4" n3="%E7%A0%B2%E3%81%AE%E4%B8%8A%E3%81%AE%E3%81%82%E3%81%AE%E5%A8%98" dan="16,17,18,16" rate="2050.74,2143.29,2281.29,2111.75" sx="F,M,M,F"/><TAIKYOKU oya="0"/><INIT seed="0,0,0,1,2,14" ten="250,250,250,250" oya="0" hai0="5,86,93,108,72,48,36,59,60,30,88,38,104" hai1="19,128,92,74,124,52,63,96,112,131,4,134,126" hai2="97,78,65,47,118,55,18,28,37,102,100,40,27" hai3="121,80,10,32,62,0,122,7,84,45,46,57,101"/><T70/><D104/><U56/><E74/><V73/><F118/><W58/><G32/><T61/><D72/><U106/><E106/><V129/><F129/><N who="1" m="49737" /><E4/><V44/><F65/><W94/><G94/><T12/><D30/><U41/><E41/><V50/><F97/><W35/><G101/><T123/><D123/><N who="3" m="47113" /><G35/><T120/><D120/><U67/><E112/><V69/><F69/><W21/><G21/><T1/><D1/><U31/><E31/><V9/><F78/><N who="3" m="46103" /><G58/><T91/><D48/><U127/><E134/><V11/><F73/><W17/><G17/><T114/><D114/><U90/><E19/><V42/><F42/><W29/><G29/><T107/><D107/><U51/><E127/><V87/><F87/><W130/><G130/><T111/><D70/><AGARI ba="0,0" hai="51,52,56,63,67,70,90,92,96,124,126" m="49737" machi="70" ten="30,2000,0" yaku="19,1,54,1" doraHai="14" who="1" fromWho="0" sc="250,-20,250,20,250,0,250,0" /><INIT seed="1,0,0,3,0,11" ten="230,270,250,250" oya="1" hai0="28,2,79,42,68,23,80,93,5,123,128,87,101" hai1="74,71,133,44,19,117,59,112,37,64,46,118,103" hai2="53,81,85,105,107,119,115,24,13,96,97,132,73" hai3="7,69,122,27,131,102,25,82,125,34,8,111,108"/><U31/><E74/><V43/><F119/><W63/><G122/><T124/><D123/><U16/><E112/><V75/><F43/><W84/><G131/><T54/><D128/><U40/><E133/><V61/><F24/><W22/><G125/><T21/><D68/><U56/><E31/><V51/><F61/><W76/><G102/><T135/><D124/><U121/><E103/><V50/><F53/><W10/><G34/><T47/><D54/><U1/><E1/><V18/><F18/><W89/><G89/><T49/><D28/><U4/><E4/><V83/><F85/><W14/><G10/><T39/><D135/><U130/><E130/><V110/><F132/><W91/><G91/><T65/><D65/><U38/><E121/><V66/><F66/><N who="3" m="41183" /><G22/><T86/><D39/><U58/><E71/><V72/><F72/><W45/><G45/><T20/><D2/><U113/><E113/><V57/><F115/><W120/><G120/><T88/><D5/><U29/><E29/><V33/><F33/><W60/><G60/><T36/><D36/><U109/><E64/><V12/><REACH who="2" step="1"/><F57/><REACH who="2" ten="230,270,240,250" step="2"/><W95/><G27/><T52/><D42/><U55/><E59/><V116/><F116/><W100/><G25/><T90/><D86/><U15/><E40/><V26/><F26/><W9/><G111/><AGARI ba="0,1" hai="12,13,50,51,73,75,81,83,96,97,105,107,110,111" machi="111" ten="25,8000,1" yaku="1,1,22,2,52,2,53,0" doraHai="11" doraHaiUra="129" who="2" fromWho="3" sc="230,0,270,0,240,90,250,-80" /><INIT seed="2,0,0,4,0,67" ten="230,270,330,170" oya="2" hai0="15,90,91,88,66,83,45,70,65,51,39,109,28" hai1="98,113,73,24,21,124,12,53,18,10,77,8,75" hai2="56,128,17,55,14,103,63,101,61,50,100,84,19" hai3="3,132,120,4,119,48,9,5,13,57,43,102,115"/><V44/><F128/><W107/><G119/><T134/><D39/><U76/><E113/><V6/><F63/><W11/><G120/><T96/><D109/><U47/><E124/><V87/><F6/><W110/><G110/><T68/><D134/><U111/><E111/><V23/><REACH who="2" step="1"/><F19/><REACH who="2" ten="230,270,320,170" step="2"/><W49/><G115/><T125/><D125/><U93/><E75/><V26/><F26/><W92/><G132/><T112/><D112/><U20/><E73/><V117/><F117/><W79/><G5/><T37/><D28/><U104/><E24/><V74/><F74/><W81/><G4/><T34/><D34/><U80/><E18/><V71/><F71/><W94/><G3/><T46/><D15/><U52/><E12/><V60/><F60/><W129/><G13/><T22/><D68/><U42/><E104/><V54/><AGARI ba="0,1" hai="14,17,23,44,50,54,55,56,61,84,87,100,101,103" machi="54" ten="30,6000,0" yaku="1,1,0,1,8,1,53,0" doraHai="67" doraHaiUra="121" who="2" fromWho="2" sc="230,-20,270,-20,320,70,170,-20" /><INIT seed="2,1,0,0,4,129" ten="210,250,390,150" oya="2" hai0="90,9,30,1,98,96,109,94,91,75,101,61,3" hai1="108,13,130,81,49,55,43,77,79,131,14,29,99" hai2="102,19,57,123,34,54,46,12,76,65,103,126,22" hai3="64,45,8,16,127,42,60,26,92,21,134,119,23"/><V87/><F123/><W18/><G119/><T86/><D75/><U47/><E108/><V70/><F126/><W6/><G127/><T4/><D109/><U63/><E29/><V40/><F34/><W33/><G33/><T52/><D30/><U121/><E121/><V51/><F76/><W107/><G107/><T41/><D41/><U71/><E79/><V11/><F87/><W24/><G92/><T117/><D117/><U17/><E99/><V48/><F70/><W27/><G27/><T53/><D3/><U62/><E14/><V104/><F104/><W50/><G134/><T95/><REACH who="0" step="1"/><D61/><REACH who="0" ten="200,250,390,150" step="2"/><U78/><E63/><V118/><F118/><W125/><G125/><T36/><D36/><U32/><E32/><V84/><F40/><W82/><G82/><AGARI ba="1,1" hai="1,4,9,52,53,82,86,90,91,94,95,96,98,101" machi="82" ten="30,3900,0" yaku="1,1,7,1,54,1,53,0" doraHai="129" doraHaiUra="122" who="0" fromWho="3" sc="200,52,250,0,390,0,150,-42" /><INIT seed="3,0,0,1,2,58" ten="252,250,390,108" oya="3" hai0="130,101,97,124,80,116,50,20,108,69,71,107,100" hai1="111,129,17,79,34,90,0,92,89,1,44,63,83" hai2="78,30,5,105,102,25,93,60,39,132,38,104,27" hai3="74,87,42,19,66,16,84,115,122,85,82,118,22"/><W135/><G118/><T24/><D116/><U67/><E34/><V11/><F78/><W14/><G122/><T48/><D108/><U7/><E111/><V33/><F93/><W81/><G115/><T86/><D130/><U103/><E129/><V37/><F132/><W117/><G117/><T113/><D124/><U57/><E103/><V73/><F73/><W88/><G135/><T76/><D101/><U120/><E120/><V3/><F102/><W128/><G128/><T134/><D113/><U10/><E1/><V62/><REACH who="2" step="1"/><F27/><REACH who="2" ten="252,250,380,108" step="2"/><N who="3" m="14791" /><G74/><T119/><D134/><U64/><E92/><V40/><F40/><W65/><G42/><T125/><D119/><U6/><E90/><V45/><F45/><W28/><G28/><T109/><D109/><U52/><E89/><V77/><F77/><N who="3" m="46127" /><G85/><T98/><D86/><U55/><E79/><V70/><F70/><W121/><G121/><T123/><D71/><U13/><E83/><V72/><F72/><W43/><G43/><T61/><D80/><U112/><E112/><V75/><F75/><W96/><G96/><T35/><D69/><U51/><E0/><V95/><F95/><W31/><G31/><T53/><D98/><U94/><E94/><V4/><F4/><AGARI ba="0,1" hai="4,6,7,10,13,17,44,51,52,55,57,63,64,67" machi="4" ten="40,5200,0" yaku="8,1,52,1,54,1" doraHai="58" who="1" fromWho="2" sc="252,0,250,62,380,-52,108,0" /><INIT seed="4,0,0,3,4,53" ten="252,312,328,108" oya="0" hai0="100,6,43,67,62,81,133,41,58,111,63,34,39" hai1="120,7,17,85,16,38,9,21,82,84,97,69,50" hai2="47,20,32,54,66,115,124,19,40,118,18,134,103" hai3="86,112,87,131,117,122,57,1,79,129,71,88,99"/><T23/><D34/><U11/><E38/><V127/><F32/><W59/><G71/><T126/><D133/><U102/><E69/><V128/><F66/><W98/><G117/><T135/><D135/><U8/><E120/><V5/><F5/><W27/><G1/><T2/><D126/><U28/><E7/><V61/><F134/><W70/><G70/><T49/><D39/><U108/><E108/><V4/><F4/><W80/><G112/><T36/><D36/><U24/><E50/><V0/><F0/><W78/><G122/><T104/><D49/><U60/><E60/><V14/><F103/><W123/><G123/><T22/><D81/><U46/><E46/><V12/><F115/><W13/><G13/><T35/><D35/><U44/><E44/><V91/><F91/><W77/><G27/><T110/><D63/><U25/><E82/><V76/><F76/><W33/><G33/><T29/><D100/><U132/><E132/><V130/><F40/><N who="0" m="15434" /><D104/><U64/><E64/><V10/><F118/><W65/><G86/><N who="1" m="33386" /><E24/><V26/><F26/><W119/><G119/><T72/><D29/><U93/><AGARI ba="0,0" hai="8,9,11,16,17,21,25,28,93,97,102" m="33386" machi="93" ten="30,2000,0" yaku="8,1,54,1" doraHai="53" who="1" fromWho="1" sc="252,-10,312,20,328,-5,108,-5" /><INIT seed="5,0,0,5,2,54" ten="242,332,323,103" oya="1" hai0="69,132,128,61,110,4,48,56,9,101,124,40,111" hai1="30,91,58,23,133,103,104,22,95,43,73,78,18" hai2="105,88,7,42,32,130,24,44,127,68,113,10,84" hai3="49,79,53,112,135,64,102,41,80,25,114,96,55"/><U13/><E133/><V126/><F105/><W65/><G135/><T107/><D132/><U108/><E108/><V52/><F68/><W115/><G25/><T1/><D128/><U34/><E34/><V66/><F66/><W106/><G41/><T45/><D69/><U50/><E104/><V12/><F130/><W20/><G20/><T118/><D118/><U98/><E73/><V21/><F32/><W76/><G76/><T74/><D74/><U81/><E103/><V36/><F113/><W3/><G3/><T29/><D29/><U57/><E81/><V116/><F52/><W63/><G49/><T5/><D5/><U109/><E78/><V93/><REACH who="2" step="1"/><F116/><REACH who="2" ten="242,332,313,103" step="2"/><W77/><G65/><T97/><D124/><U27/><E109/><V31/><AGARI ba="0,1" hai="7,10,12,21,24,31,36,42,44,84,88,93,126,127" machi="31" ten="30,7900,0" yaku="1,1,2,1,0,1,54,1,53,0" doraHai="54" doraHaiUra="15" who="2" fromWho="2" sc="242,-20,332,-39,313,89,103,-20" /><INIT seed="6,0,0,3,0,117" ten="222,293,402,83" oya="2" hai0="27,99,124,132,133,66,60,77,114,84,79,36,40" hai1="121,86,118,26,120,43,35,46,19,7,103,74,28" hai2="52,70,104,125,62,83,25,0,64,21,76,71,97" hai3="32,107,81,113,102,127,108,122,92,90,82,94,58"/><V134/><F0/><W59/><G32/><T57/><D114/><U5/><E118/><V47/><F125/><W112/><G58/><T20/><D124/><U88/><E74/><V116/><F134/><N who="0" m="51818" /><D84/><U45/><E19/><V42/><F116/><W39/><G59/><T73/><D99/><U16/><E103/><V78/><F71/><W110/><G39/><T3/><D3/><U50/><E46/><V63/><F97/><N who="3" m="61903" /><G127/><T98/><D98/><U68/><E68/><V18/><F104/><W106/><G106/><T24/><D73/><U15/><E7/><V12/><F83/><N who="3" m="31755" /><G92/><T123/><D40/><U49/><E5/><V87/><F12/><W69/><G69/><T10/><D36/><U44/><E44/><V91/><F42/><W72/><G72/><T48/><D48/><U65/><E65/><V131/><F47/><W109/><G122/><N who="1" m="47210" /><E45/><V130/><F64/><W67/><G67/><T11/><D123/><U61/><E61/><V38/><F70/><W31/><G31/><N who="0" m="17799" /><D27/><U41/><E41/><V51/><F63/><W89/><G94/><T80/><D80/><N who="1" m="49223" /><E43/><V4/><F62/><W6/><G6/><T54/><D66/><U105/><E105/><V22/><F18/><W111/><N who="3" m="27648" /><DORA hai="9" /><W14/><G14/><T30/><D30/><U101/><E101/><V33/><F4/><W2/><G2/><T135/><D135/><U128/><E50/><V115/><F51/><W34/><G34/><T119/><D119/><U13/><E49/><V53/><F38/><W129/><G129/><T29/><D29/><U55/><E28/><V1/><F1/><RYUUKYOKU ba="0,0" sc="222,15,293,-15,402,-15,83,15" hai0="10,11,54,57,60,77,79" hai3="89,90,112,113" /><INIT seed="7,1,0,2,2,98" ten="237,278,387,98" oya="3" hai0="41,30,27,36,0,65,76,52,97,130,93,3,44" hai1="67,37,129,18,103,110,108,134,77,135,42,13,102" hai2="68,31,12,120,22,2,21,115,128,72,105,89,49" hai3="34,92,24,64,33,54,132,78,74,23,75,81,84"/><W55/><G64/><T121/><D121/><U104/><E104/><V11/><F89/><W117/><G117/><T70/><D76/><U66/><E77/><V9/><F49/><W48/><G132/><N who="1" m="50730" /><E129/><V106/><F12/><W73/><G92/><T87/><D87/><U131/><E131/><V14/><F14/><W88/><G78/><T50/><D65/><N who="1" m="24587" /><E42/><V51/><F72/><W60/><G60/><T109/><D70/><U61/><E37/><V46/><F68/><W56/><REACH who="3" step="1"/><G55/><REACH who="3" ten="237,278,387,88" step="2"/><T47/><D130/><U1/><E61/><V58/><F128/><W133/><G133/><T91/><REACH who="0" step="1"/><D109/><REACH who="0" ten="227,278,387,88" step="2"/><U29/><E110/><V126/><F106/><W114/><G114/><T4/><D4/><U8/><E108/><V94/><F105/><W82/><G82/><T62/><D62/><U95/><E95/><V99/><F94/><W6/><G6/><T59/><D59/><U45/><E45/><V7/><F58/><W83/><G83/><T19/><D19/><AGARI ba="1,2" hai="19,23,24,33,34,48,54,56,73,74,75,81,84,88" machi="19" ten="40,3900,0" yaku="1,1,54,1,53,0" doraHai="98" doraHaiUra="43" who="3" fromWho="0" sc="227,-42,278,0,387,0,88,62" /><INIT seed="7,2,0,0,5,69" ten="185,278,387,150" oya="3" hai0="47,115,72,83,32,55,16,42,86,64,79,76,15" hai1="24,7,44,123,103,39,11,93,77,9,120,60,85" hai2="48,46,101,22,3,10,134,92,121,114,23,50,26" hai3="0,5,80,65,63,94,71,70,117,31,56,49,82"/><W74/><G117/><T35/><D115/><U104/><E104/><V128/><F128/><W106/><G106/><T96/><D55/><U112/><E112/><V132/><F121/><W54/><G31/><T51/><D64/><U45/><E24/><V89/><F101/><W135/><G135/><T4/><D4/><U37/><E60/><V127/><F127/><W99/><G74/><T58/><D58/><U13/><E103/><V87/><F114/><W108/><G108/><T62/><D62/><U122/><E93/><V100/><F100/><W113/><G113/><T43/><D43/><U34/><E34/><V41/><F50/><W98/><G71/><T130/><D130/><U97/><E97/><V18/><F23/><W111/><G111/><T61/><D61/><U88/><E77/><V133/><F10/><W124/><G124/><T59/><D59/><U33/><E33/><V109/><F3/><W25/><G25/><T81/><D96/><U84/><E13/><V119/><F109/><W28/><G28/><T105/><D105/><U118/><E7/><V21/><F21/><AGARI ba="2,0" hai="15,16,21,32,35,42,47,51,72,76,79,81,83,86" machi="21" ten="30,2000,0" yaku="7,1,54,1" doraHai="69" who="0" fromWho="2" sc="185,26,278,0,387,-26,150,0" owari="211,-19.0,278,8.0,361,46.0,150,-35.0" /></mjloggm>