<mjloggm ver="2.3"><GO type="169" lobby="0"/><UN n0="%E3%82%A6%E3%83%AB%E3%83%88%E3%83%A9%E7%AB%8B%E7%9B%B4" n1="%74%6F%6E%6E%75%72%61" n2="%E3%83%8F%E3%83%9E%E3%83%BC" n3="%E3%81%8A%E3%81%AF%44%E3%83%9D%E3%83%86%E3%83%88" dan="18,16,18,16" rate="2257.03,2150.23,2180.07,2078.79" sx="M,M,M,F"/><TAIKYOKU oya="0"/><BYE who="3" /><INIT seed="0,0,0,0,5,89" ten="250,250,250,250" oya="0" hai0="56,31,14,57,67,98,24,17,103,115,53,76,40" hai1="65,45,88,37,68,34,15,127,42,9,78,72,47" hai2="112,55,49,69,102,135,93,122,10,41,4,43,121" hai3="29,129,106,116,58,85,12,5,20,126,18,87,64"/><T92/><D115/><UN n3="%E3%81%8A%E3%81%AF%44%E3%83%9D%E3%83%86%E3%83%88" /><U30/><E127/><V66/><F112/><W28/><G116/><T114/><D114/><U50/><E34/><V132/><F10/><W22/><G106/><T128/><D128/><U75/><E30/><V82/><F82/><W44/><G129/><T36/><D76/><U73/><E68/><V74/><F74/><W38/><G126/><T133/><D133/><N who="2" m="51274" /><F4/><W54/><G5/><T62/><D36/><U77/><E65/><V26/><F26/><W104/><G104/><T118/><D118/><U99/><E99/><N who="2" m="59759" /><F66/><W80/><G22/><T63/><D40/><N who="2" m="15434" /><F69/><W110/><G64/><T7/><D7/><U83/><E45/><AGARI ba="0,0" hai="45,49,55,121,122" m="15434,59759,51274" machi="45" ten="30,2000,0" yaku="20,1,52,1" doraHai="89" who="2" fromWho="1" sc="250,0,250,-20,250,20,250,0" /><INIT seed="1,0,0,0,3,88" ten="250,230,270,250" oya="1" hai0="108,106,43,46,44,22,61,112,39,134,78,107,83" hai1="14,35,0,91,101,4,94,65,122,129,75,109,80" hai2="117,116,96,127,47,130,56,99,71,70,67,11,82" hai3="54,31,32,29,79,86,9,58,1,133,25,3,92"/><U69/><E122/><V52/><F127/><W2/><G133/><T103/><D112/><U51/><E35/><V40/><F82/><W126/><G126/><T131/><D103/><U93/><E129/><V36/><F11/><W85/><G31/><T50/><D108/><U23/><E0/><V21/><F21/><W10/><G79/><T57/><D22/><U20/><E109/><V60/><F96/><W110/><G110/><T89/><D89/><U68/><E101/><V59/><F99/><W62/><G86/><T128/><D134/><U53/><E68/><N who="2" m="26155" /><F130/><N who="0" m="49706" /><D44/><N who="1" m="27879" /><E69/><V115/><F115/><W125/><G125/><T38/><D106/><U119/><E65/><V6/><F6/><W95/><REACH who="3" step="1"/><G85/><REACH who="3" ten="250,230,270,240" step="2"/><N who="0" m="48375" /><D107/><U132/><E132/><V7/><F7/><W24/><G24/><T123/><D123/><U34/><E34/><V64/><F64/><AGARI ba="0,1" hai="38,39,43,46,50,57,61,64" m="48375,49706" machi="64" ten="30,1000,0" yaku="19,1" doraHai="88" who="0" fromWho="2" sc="250,20,230,0,270,-10,240,0" /><INIT seed="2,0,0,1,3,77" ten="270,230,260,240" oya="2" hai0="79,97,46,16,115,62,48,21,99,20,13,126,27" hai1="12,59,42,60,82,28,124,1,30,111,44,33,105" hai2="24,122,81,117,5,98,43,18,73,95,96,65,17" hai3="8,72,64,134,91,130,102,75,23,78,34,128,94"/><V110/><F117/><W69/><G34/><T22/><D115/><U67/><E111/><V45/><F122/><W35/><G35/><T93/><D126/><U25/><E1/><V83/><F73/><W26/><G134/><T121/><D121/><U131/><E131/><V103/><F110/><W129/><G102/><T49/><D79/><U104/><E124/><V3/><F65/><W31/><G78/><T112/><D112/><U86/><E12/><V10/><F98/><N who="3" m="57695" /><G8/><T37/><D37/><U32/><E30/><V80/><REACH who="2" step="1"/><F24/><REACH who="2" ten="270,230,250,240" step="2"/><W87/><G64/><T7/><D99/><U2/><E33/><V101/><F101/><W11/><G75/><T90/><D27/><U127/><E127/><V120/><F120/><W36/><G72/><T51/><D97/><U84/><E84/><V88/><F88/><W55/><G87/><T53/><D90/><U85/><E85/><V106/><F106/><W76/><G26/><T56/><D93/><U50/><E105/><V0/><F0/><W57/><G129/><T135/><D135/><U107/><REACH who="1" step="1"/><E2/><REACH who="1" ten="270,220,250,240" step="2"/><V66/><F66/><W92/><G128/><T116/><D116/><U109/><E109/><V41/><F41/><W119/><G130/><T19/><D13/><U52/><E52/><V133/><F133/><W47/><G55/><T4/><D53/><U14/><E14/><V40/><F40/><W108/><G119/><T39/><D46/><U63/><E63/><V113/><F113/><W132/><G108/><T38/><D62/><U6/><E6/><N who="0" m="2089" /><D56/><U68/><E68/><V74/><F74/><W89/><G132/><RYUUKYOKU ba="0,2" sc="270,10,220,10,250,10,240,-30" hai0="16,19,20,21,22,38,39,48,49,51" hai1="25,28,32,42,44,50,59,60,67,82,86,104,107" hai2="3,5,10,17,18,43,45,80,81,83,95,96,103" /><INIT seed="2,1,2,4,3,73" ten="280,230,260,210" oya="2" hai0="127,130,97,93,95,1,22,124,19,65,6,30,10" hai1="72,23,40,55,35,118,42,54,62,61,64,20,32" hai2="116,71,77,59,104,107,49,57,112,100,53,14,50" hai3="37,26,51,68,76,96,29,126,67,133,45,102,78"/><V46/><F112/><W2/><G37/><T105/><D30/><U74/><REACH who="1" step="1"/><E64/><REACH who="1" ten="280,220,260,210" step="2"/><V3/><F116/><AGARI ba="1,3" hai="20,23,32,35,40,42,54,55,61,62,72,74,116,118" machi="116" ten="25,8000,1" yaku="21,2,2,1,22,2,53,0" doraHai="73" doraHaiUra="108" who="1" fromWho="2" sc="280,0,220,113,260,-83,210,0" /><INIT seed="3,0,0,3,0,128" ten="280,333,177,210" oya="3" hai0="25,62,130,22,26,23,89,30,27,18,15,71,91" hai1="87,112,108,113,132,76,117,34,126,86,95,102,92" hai2="114,88,29,116,97,59,77,131,44,100,119,21,57" hai3="35,51,82,20,118,127,24,37,75,84,55,104,5"/><W58/><G118/><T50/><D130/><U83/><E34/><V124/><F131/><W4/><G75/><T72/><D72/><U9/><E9/><V81/><F114/><W109/><G35/><T63/><D71/><U10/><E10/><V8/><F124/><W129/><G129/><T46/><D62/><U99/><E117/><V49/><F8/><W93/><G104/><T33/><D63/><U38/><E38/><V106/><F116/><W32/><G32/><T41/><REACH who="0" step="1"/><D27/><REACH who="0" ten="270,333,177,210" step="2"/><U13/><E126/><V115/><F119/><W110/><G127/><T43/><D43/><U122/><E122/><V123/><F123/><W17/><G37/><T80/><D80/><U7/><E112/><V3/><F115/><W79/><REACH who="3" step="1"/><G93/><REACH who="3" ten="270,333,177,200" step="2"/><T56/><D56/><U36/><E36/><V69/><F57/><W66/><G66/><T121/><D121/><U11/><E95/><V28/><F59/><W53/><G53/><T134/><D134/><U0/><E132/><V64/><F64/><W48/><G48/><T52/><D52/><U90/><E113/><V70/><F70/><W67/><G67/><T96/><D96/><U65/><E65/><V133/><F69/><W1/><G1/><T135/><D135/><U111/><E0/><V6/><F133/><W61/><G61/><T16/><AGARI ba="0,2" hai="15,16,18,22,23,25,26,30,33,41,46,50,89,91" machi="16" ten="20,5200,0" yaku="1,1,0,1,7,1,54,1,53,0" doraHai="128" doraHaiUra="78" who="0" fromWho="0" sc="270,72,333,-13,177,-13,200,-26" /><INIT seed="4,0,0,1,4,106" ten="342,320,164,174" oya="0" hai0="134,15,17,66,60,39,18,132,37,89,31,73,8" hai1="10,46,75,28,56,108,97,102,74,125,92,4,118" hai2="30,29,62,47,61,21,49,32,117,131,53,72,107" hai3="123,119,12,50,93,2,63,25,83,113,111,98,58"/><T64/><D31/><U120/><E118/><V48/><F107/><W121/><G119/><T78/><D89/><U51/><E108/><V38/><F38/><W16/><G2/><T1/><D1/><U67/><E120/><V71/><F32/><W13/><G113/><T91/><D91/><U85/><E28/><N who="2" m="10859" /><F72/><W45/><G83/><N who="0" m="45519" /><D18/><U77/><E125/><V81/><F71/><W52/><G111/><T103/><D66/><U126/><E126/><V122/><F131/><W105/><G105/><T133/><D103/><U65/><E65/><V3/><F3/><W54/><G121/><T6/><D17/><U104/><E56/><AGARI ba="0,0" hai="6,8,15,37,39,56,60,64,132,133,134" m="45519" machi="56" ten="30,2900,0" yaku="20,1,52,1" doraHai="106" who="0" fromWho="1" sc="342,29,320,-29,164,0,174,0" /><INIT seed="4,1,0,1,3,64" ten="371,291,164,174" oya="0" hai0="23,34,80,112,58,66,49,111,96,79,51,10,72" hai1="119,9,84,74,132,75,128,107,35,28,22,133,20" hai2="129,123,100,36,25,102,78,101,116,62,108,105,5" hai3="38,120,65,98,127,47,135,59,106,56,124,69,14"/><T73/><D34/><U13/><E107/><V39/><F105/><W126/><G14/><T94/><D72/><U24/><E84/><V46/><F108/><W53/><G98/><T19/><D112/><U95/><E95/><V11/><F123/><W68/><G106/><T15/><D111/><U103/><E103/><V83/><F129/><W90/><G90/><T99/><D99/><U42/><E42/><V77/><F77/><W2/><G2/><T17/><D58/><U61/><E61/><V16/><F116/><W134/><G120/><T21/><D66/><U60/><E60/><V1/><F62/><N who="3" m="38111" /><G56/><T125/><D125/><U26/><E119/><V115/><F115/><W89/><G89/><T114/><D114/><U18/><E75/><V86/><F25/><W93/><G93/><T6/><D94/><U30/><E74/><V97/><F97/><W109/><G109/><T55/><D96/><U7/><REACH who="1" step="1"/><E128/><REACH who="1" ten="371,281,164,174" step="2"/><V121/><F121/><W63/><G63/><T48/><D55/><U52/><E52/><V82/><F82/><W76/><G76/><T12/><D51/><U3/><AGARI ba="1,1" hai="3,7,9,13,18,20,22,24,26,28,30,35,132,133" machi="3" ten="30,12000,2" yaku="1,1,0,1,24,2,34,3,53,0" doraHai="64" doraHaiUra="37" who="1" fromWho="1" sc="371,-61,281,133,164,-31,174,-31" /><INIT seed="5,0,0,0,3,48" ten="310,414,133,143" oya="1" hai0="3,18,24,13,135,89,56,129,120,16,7,103,9" hai1="23,41,76,4,28,69,81,50,45,59,98,5,0" hai2="47,117,122,99,86,84,64,105,38,134,107,44,125" hai3="130,68,46,92,12,91,111,30,11,110,124,87,132"/><U95/><E69/><V82/><F117/><W126/><G68/><T57/><D129/><U35/><E35/><V102/><F122/><W37/><G130/><T97/><D135/><U113/><E113/><V22/><F134/><W70/><G70/><T90/><D120/><U118/><E118/><V40/><F125/><N who="3" m="48235" /><G30/><T51/><D24/><U10/><E5/><V27/><F64/><W80/><G92/><T72/><D72/><U109/><E109/><V15/><F15/><W127/><G132/><T65/><D65/><U108/><E108/><V25/><F105/><W106/><G106/><T77/><D77/><U1/><E59/><V14/><F14/><W60/><G60/><T61/><D61/><U67/><E67/><V62/><F62/><W43/><N who="3" m="48243" /><W75/><DORA hai="93" /><G75/><T8/><D18/><AGARI ba="0,0" hai="11,12,18,37,43,46,80,87,91,110,111" m="48243" machi="18" ten="40,1300,0" yaku="18,1" doraHai="48,93" who="3" fromWho="0" sc="310,-13,414,0,133,0,143,13" /><INIT seed="6,0,0,5,1,25" ten="297,414,133,156" oya="2" hai0="103,111,21,112,69,135,40,41,1,94,48,55,83" hai1="90,50,5,42,10,82,78,51,59,109,66,6,101" hai2="14,123,8,121,32,61,30,57,110,24,75,20,2" hai3="47,80,26,19,54,43,53,70,127,56,115,95,107"/><V45/><F75/><W97/><G70/><T89/><D1/><U0/><E101/><V98/><F110/><W28/><G107/><T117/><D69/><U71/><E71/><V3/><F45/><W129/><G129/><T7/><D111/><U113/><E109/><V106/><F106/><W79/><G19/><T37/><D37/><U46/><E6/><V38/><F38/><W33/><G127/><T86/><D112/><U105/><E105/><V100/><F100/><W9/><G9/><T64/><D64/><U126/><E90/><V63/><F98/><W77/><G56/><T72/><D135/><U23/><E23/><V114/><F63/><W76/><G80/><T31/><D7/><U99/><E99/><V12/><F114/><W87/><G87/><T91/><D103/><U49/><E126/><V15/><F57/><W35/><G35/><T122/><D122/><N who="2" m="46602" /><F61/><W104/><G104/><T88/><D72/><U96/><E96/><V62/><F62/><W134/><G115/><T81/><D81/><U27/><E113/><V17/><F8/><W119/><G119/><T128/><D117/><U13/><E59/><V65/><F65/><W120/><G120/><T131/><D131/><U124/><E66/><V84/><F84/><W52/><G134/><T11/><D128/><U93/><E124/><V44/><F44/><W116/><G116/><T130/><D130/><U73/><E46/><V118/><F118/><W92/><REACH who="3" step="1"/><G97/><REACH who="3" ten="297,414,133,146" step="2"/><N who="0" m="57543" /><D11/><U22/><E73/><V39/><F39/><AGARI ba="0,1" hai="26,28,33,39,43,47,52,53,54,76,77,79,92,95" machi="39" ten="40,8000,1" yaku="1,1,52,1,54,1,53,1" doraHai="25" doraHaiUra="29" who="3" fromWho="2" sc="297,0,414,0,133,-80,146,90" /><INIT seed="7,0,0,3,4,100" ten="297,414,53,236" oya="3" hai0="31,13,72,83,10,58,0,84,99,53,38,78,123" hai1="65,127,15,57,18,27,62,40,42,124,102,73,35" hai2="6,131,120,115,92,97,47,23,8,101,2,85,33" hai3="5,39,135,108,3,37,94,133,107,44,111,81,130"/><W19/><G130/><T80/><D123/><U67/><E73/><V79/><F33/><W25/><G94/><T70/><D70/><U34/><E67/><V68/><F68/><W50/><G81/><T89/><D38/><U88/><E102/><V29/><F131/><W132/><G107/><T32/><D0/><U17/><E88/><V119/><F115/><W1/><G19/><T116/><D116/><U105/><E105/><V128/><F119/><W74/><G74/><T103/><D31/><N who="1" m="19839" /><E35/><V64/><F128/><W69/><G69/><T109/><D32/><U48/><E48/><V118/><F118/><W4/><G25/><T28/><D28/><U61/><E61/><V87/><F120/><W56/><G56/><T63/><D109/><N who="3" m="42057" /><G50/><T52/><D53/><U43/><E15/><V30/><F30/><W114/><G114/><T106/><D13/><U41/><E41/><V122/><F122/><W22/><G22/><T98/><REACH who="0" step="1"/><D99/><REACH who="0" ten="287,414,53,236" step="2"/><U75/><E43/><V7/><F97/><W95/><G95/><T54/><D54/><U86/><E42/><V12/><F92/><W9/><G44/><T125/><D125/><U20/><E40/><V82/><F47/><W16/><G16/><T134/><D134/><U110/><E110/><V121/><F121/><W55/><G55/><T71/><D71/><U104/><E18/><V93/><F29/><W129/><G129/><T59/><D59/><U51/><E127/><V66/><F66/><W112/><G112/><T117/><D117/><U24/><E124/><V76/><F64/><W46/><G46/><T113/><D113/><RYUUKYOKU ba="0,1" sc="287,15,414,-15,53,-15,236,15" hai0="10,52,58,63,72,78,80,83,84,89,98,103,106" hai3="1,3,4,5,9,37,39,132,133,135" /><INIT seed="7,1,1,3,0,117" ten="302,399,38,251" oya="3" hai0="58,45,83,69,41,48,79,111,46,134,121,34,13" hai1="24,120,112,75,40,51,9,127,33,133,131,31,25" hai2="135,35,16,49,123,94,98,102,104,128,4,19,37" hai3="1,130,62,113,129,10,2,77,74,53,26,126,80"/><W39/><G39/><T86/><D111/><U103/><E120/><V36/><F35/><W132/><G113/><T114/><D34/><U6/><E75/><V71/><F135/><W12/><G132/><T8/><D69/><U81/><E133/><V68/><F128/><N who="3" m="49259" /><G126/><T84/><D134/><U18/><E103/><V0/><F68/><W88/><G26/><T17/><D114/><U101/><E101/><V67/><F71/><W23/><G23/><T44/><D121/><U55/><E40/><V92/><F67/><W27/><G27/><T21/><D86/><U107/><E107/><V119/><F119/><W28/><G28/><T15/><REACH who="0" step="1"/><D58/><REACH who="0" ten="292,399,38,251" step="2"/><N who="1" m="33151" /><E112/><V42/><F123/><W122/><G122/><T29/><D29/><U57/><E57/><V105/><F98/><W100/><G100/><T22/><D22/><U66/><E131/><V93/><F102/><W106/><G106/><T11/><D11/><U99/><E31/><V38/><F104/><W108/><G108/><T125/><D125/><U47/><E33/><V89/><F105/><W91/><G1/><T5/><AGARI ba="1,2" hai="5,8,13,15,17,21,41,44,45,46,48,79,83,84" machi="5" ten="20,12000,2" yaku="1,1,0,1,7,1,25,2,8,1,53,0" doraHai="117" doraHaiUra="30" who="0" fromWho="0" sc="292,143,399,-31,38,-31,251,-61" owari="435,53.0,368,17.0,7,-49.0,190,-21.0" /></mjloggm>