<mjloggm ver="2.3"><GO type="169" lobby="0"/><UN n0="%E3%82%A6%E3%83%AB%E3%83%88%E3%83%A9%E7%AB%8B%E7%9B%B4" n1="%E7%88%86%E5%BC%BE%E4%BA%94%E9%83%8E%EF%BC%92" n2="%E5%88%9D%E9%9F%B3%E3%83%9F%E3%82%AF" n3="%4D%69%73%6F%53%6F%75%70" dan="18,18,16,16" rate="2252.03,2268.35,2170.86,2049.42" sx="M,M,F,M"/><TAIKYOKU oya="0"/><INIT seed="0,0,0,3,4,114" ten="250,250,250,250" oya="0" hai0="4,129,48,85,5,132,69,82,22,105,77,36,19" hai1="34,24,97,128,62,122,120,64,21,46,88,126,94" hai2="1,38,41,28,103,112,57,2,93,56,16,15,13" hai3="101,54,119,9,17,133,70,45,43,11,81,20,73"/><T51/><D36/><U95/><E128/><V91/><F112/><W118/><G70/><T0/><D129/><U116/><E116/><V106/><F13/><W102/><G54/><T37/><D132/><U76/><E126/><V71/><F28/><W66/><G66/><T63/><D37/><U40/><E94/><V113/><F71/><W98/><G102/><T78/><D105/><U68/><E76/><V32/><F32/><W26/><G133/><T109/><D109/><U18/><REACH who="1" step="1"/><E34/><REACH who="1" ten="250,240,250,250" step="2"/><V74/><F93/><W59/><G119/><T58/><D78/><U90/><E90/><V42/><F91/><W23/><G118/><T127/><D127/><U44/><E44/><V125/><F125/><W84/><G45/><T53/><D69/><U3/><E3/><V110/><F1/><W61/><G81/><T111/><D111/><U121/><E121/><V47/><F2/><W30/><G101/><T115/><D115/><U29/><E29/><V135/><F113/><W10/><G30/><T14/><REACH who="0" step="1"/><D0/><REACH who="0" ten="240,240,250,250" step="2"/><U134/><E134/><V124/><F135/><W33/><G73/><T87/><D87/><U39/><AGARI ba="0,2" hai="18,21,24,39,40,46,62,64,68,88,95,97,120,122" machi="39" ten="20,5200,0" yaku="1,1,0,1,7,1,54,1,53,0" doraHai="114" doraHaiUra="25" who="1" fromWho="1" sc="240,-26,240,72,250,-13,250,-13" /><INIT seed="1,0,0,4,5,51" ten="214,312,237,237" oya="1" hai0="16,4,89,54,121,25,80,38,108,76,40,99,39" hai1="120,91,26,125,106,130,23,20,93,123,75,131,49" hai2="94,79,112,134,88,34,24,63,35,29,129,96,56" hai3="68,77,46,132,18,53,27,50,48,43,109,84,10"/><U95/><E106/><V111/><F111/><W126/><G68/><T60/><D4/><U5/><E75/><V21/><F129/><N who="1" m="49161" /><E5/><V3/><F3/><W45/><G109/><T85/><D40/><U81/><E20/><V42/><F134/><W8/><G132/><T90/><D108/><U11/><E11/><V118/><F118/><W22/><G126/><T13/><D121/><N who="1" m="46667" /><E125/><V101/><F112/><W28/><REACH who="3" step="1"/><G18/><REACH who="3" ten="214,312,237,227" step="2"/><T65/><D39/><U86/><E49/><V103/><F79/><W55/><G55/><T119/><D38/><U110/><E110/><V97/><F42/><W124/><G124/><T87/><D119/><U102/><E102/><V36/><F36/><W19/><G19/><AGARI ba="0,1" hai="19,23,26,81,86,91,93,95" m="46667,49161" machi="19" ten="30,1500,0" yaku="19,1" doraHai="51" who="1" fromWho="3" sc="214,0,312,25,237,0,227,-15" /><INIT seed="1,1,0,4,2,94" ten="214,337,237,212" oya="1" hai0="46,75,77,68,40,110,4,38,3,13,130,98,42" hai1="104,76,14,30,17,9,12,119,118,44,47,125,41" hai2="86,78,39,83,101,32,84,22,133,64,112,19,93" hai3="33,99,90,53,117,66,120,109,81,36,89,67,135"/><U45/><E104/><V24/><F39/><W15/><G120/><T111/><D13/><U85/><E125/><V116/><F116/><W8/><G36/><T95/><D42/><U87/><E30/><V37/><F37/><W61/><G33/><T88/><D68/><U108/><E41/><V51/><F133/><W134/><G109/><N who="0" m="41483" /><D130/><U123/><E123/><V74/><F112/><W16/><G117/><T107/><D107/><U124/><E124/><V82/><F64/><W48/><G81/><N who="0" m="45247" /><D4/><U70/><E70/><V60/><F60/><W10/><G10/><T97/><D3/><U6/><E108/><V2/><F2/><W113/><G113/><T59/><D59/><U11/><REACH who="1" step="1"/><E87/><AGARI ba="1,0" hai="38,40,46,87,88,95,97,98" m="45247,41483" machi="87" ten="30,7700,0" yaku="14,1,52,2,54,1" doraHai="94" who="0" fromWho="1" sc="214,80,337,-80,237,0,212,0" /><INIT seed="2,0,0,1,2,43" ten="294,257,237,212" oya="2" hai0="114,46,64,17,10,117,111,102,53,14,20,4,49" hai1="119,45,24,26,70,27,89,25,60,84,8,115,113" hai2="9,50,134,44,15,97,51,48,31,74,69,105,125" hai3="38,101,85,81,56,77,73,11,121,16,35,36,103"/><V80/><F69/><W21/><G35/><T109/><D114/><U132/><E119/><V118/><F118/><W3/><G121/><T90/><D117/><U78/><E78/><V52/><F125/><W112/><G112/><T106/><D64/><U37/><E132/><V116/><F116/><W47/><G38/><T67/><D67/><U86/><E86/><V19/><F134/><W124/><G56/><T68/><D68/><U30/><E8/><V2/><F2/><W87/><G124/><T58/><D102/><U107/><E107/><V133/><F133/><W96/><G103/><T55/><D90/><U33/><E60/><V57/><F105/><W135/><G135/><T79/><D79/><U63/><E63/><V28/><F74/><W0/><G0/><T120/><D106/><U72/><E72/><V100/><F80/><W1/><G1/><T59/><D120/><U93/><REACH who="1" step="1"/><E70/><REACH who="1" ten="294,247,237,212" step="2"/><V13/><F97/><W94/><G11/><T41/><D10/><U95/><E95/><V98/><F98/><W83/><G81/><T62/><REACH who="0" step="1"/><D4/><REACH who="0" ten="284,247,237,212" step="2"/><U12/><E12/><V54/><F13/><W88/><G3/><T82/><D82/><U91/><E91/><V76/><F100/><W23/><G101/><T104/><D104/><U66/><E66/><V110/><F76/><W126/><G126/><T127/><D127/><U92/><E92/><V7/><F7/><W18/><G77/><T130/><D130/><U75/><E75/><V131/><F131/><W99/><G73/><T42/><D42/><AGARI ba="0,2" hai="24,25,26,27,30,33,37,42,45,84,89,93,113,115" machi="42" ten="40,2600,0" yaku="1,1,52,1,53,0" doraHai="43" doraHaiUra="129" who="1" fromWho="0" sc="284,-26,247,46,237,0,212,0" /><INIT seed="3,0,0,2,1,17" ten="258,293,237,212" oya="3" hai0="85,70,124,90,44,98,0,72,23,46,94,86,129" hai1="131,127,93,135,58,10,71,5,49,97,68,104,15" hai2="61,76,134,108,8,74,34,27,6,32,130,106,52" hai3="91,132,38,114,122,47,80,75,67,60,11,12,118"/><W87/><G118/><T111/><D0/><U126/><E104/><V99/><F108/><W28/><G114/><T133/><D70/><U33/><E33/><V55/><F130/><W123/><G75/><T45/><D72/><U4/><E4/><V116/><F116/><W14/><G132/><T16/><D111/><U43/><E131/><V30/><F134/><W59/><G28/><T51/><D124/><N who="1" m="47659" /><E135/><V119/><F119/><W100/><G100/><T88/><D129/><U73/><E73/><V36/><F36/><W35/><G35/><T63/><D63/><U115/><E115/><V66/><F32/><W19/><G38/><T37/><D37/><U113/><E113/><V18/><F18/><W7/><REACH who="3" step="1"/><G47/><REACH who="3" ten="258,293,237,202" step="2"/><T41/><D133/><U26/><E43/><V81/><F106/><W83/><G83/><N who="0" m="49247" /><D98/><U92/><E97/><V42/><F99/><W110/><G110/><T56/><D56/><U112/><E112/><V82/><F42/><W128/><G128/><T40/><D40/><U101/><E71/><V22/><F81/><W79/><G79/><T84/><D84/><U95/><E68/><V107/><F107/><W2/><G2/><T3/><D3/><U1/><E1/><V65/><F34/><W53/><G53/><T102/><D102/><U77/><E77/><V29/><F29/><W64/><G64/><T96/><D96/><U89/><E101/><V117/><F117/><W103/><G103/><T21/><D46/><U125/><E125/><V9/><F65/><W13/><G13/><N who="0" m="9359" /><D45/><U105/><E105/><V39/><F39/><W24/><G24/><RYUUKYOKU ba="0,1" sc="258,15,293,-15,237,-15,202,15" hai0="23,41,44,51,85,90,94" hai3="7,11,12,14,19,59,60,67,80,87,91,122,123" /><INIT seed="3,1,1,0,0,66" ten="273,278,222,217" oya="3" hai0="58,119,27,0,18,109,10,7,61,75,52,67,124" hai1="26,89,45,110,113,38,132,71,9,120,17,15,29" hai2="77,70,3,78,1,95,60,117,114,84,82,88,121" hai3="98,22,102,56,74,39,37,107,92,8,97,123,80"/><W36/><G123/><T135/><D119/><U73/><E73/><V116/><F114/><W86/><G8/><T33/><D109/><U43/><E110/><V99/><F121/><W21/><G56/><T118/><D118/><U103/><E120/><V106/><F117/><W34/><G34/><T20/><D124/><U2/><E2/><V112/><F112/><W24/><G74/><T23/><D135/><U59/><E132/><V41/><F116/><W91/><REACH who="3" step="1"/><G24/><REACH who="3" ten="273,278,222,207" step="2"/><T28/><D75/><U53/><E113/><V49/><F1/><W35/><G35/><T85/><D33/><U51/><E103/><AGARI ba="1,2" hai="21,22,36,37,39,80,86,91,92,97,98,102,103,107" machi="103" ten="40,3900,0" yaku="1,1,53,1" doraHai="66" doraHaiUra="81" who="3" fromWho="1" sc="273,0,278,-42,222,0,207,62" /><INIT seed="3,2,0,0,1,120" ten="273,236,222,269" oya="3" hai0="81,48,55,134,112,58,129,15,21,39,22,87,53" hai1="126,38,113,83,91,82,19,8,44,43,12,27,9" hai2="130,59,72,30,114,11,50,118,54,69,117,107,92" hai3="103,42,32,66,20,3,125,36,131,101,28,67,88"/><W106/><G3/><T93/><D129/><U68/><E68/><V6/><F107/><W73/><G32/><T109/><D134/><U105/><E105/><V63/><F114/><W35/><G35/><T102/><D39/><U80/><E113/><V100/><F72/><W84/><G73/><T31/><D112/><U47/><E126/><V70/><F130/><W98/><G131/><T94/><D102/><U96/><E47/><V7/><F30/><W40/><G103/><T57/><D109/><U110/><E110/><V41/><F6/><W24/><G125/><T127/><D127/><U122/><E27/><V97/><F41/><W74/><G74/><T64/><D64/><U99/><E122/><V124/><F124/><W13/><G36/><T119/><D119/><U86/><REACH who="1" step="1"/><E9/><REACH who="1" ten="273,226,222,269" step="2"/><V71/><REACH who="2" step="1"/><F63/><REACH who="2" ten="273,226,212,269" step="2"/><W5/><G42/><T65/><D31/><U135/><E135/><V61/><F61/><W104/><G40/><T77/><D48/><U49/><E49/><V33/><F33/><W75/><G106/><T0/><D22/><U56/><E56/><V46/><F46/><W29/><G29/><T85/><D57/><U60/><E60/><V34/><F34/><W116/><G104/><T121/><D58/><U132/><E132/><V16/><F16/><W14/><G28/><T123/><D21/><U2/><E2/><AGARI ba="2,2" hai="2,7,11,50,54,59,69,70,71,92,97,100,117,118" machi="2" ten="40,2600,0" yaku="1,1,53,1" doraHai="120" doraHaiUra="51" who="2" fromWho="1" sc="273,0,226,-32,212,52,269,0" /><INIT seed="4,0,0,0,2,2" ten="273,194,264,269" oya="0" hai0="38,99,45,73,74,130,68,102,33,90,47,57,20" hai1="22,123,3,40,63,114,72,26,32,64,69,71,31" hai2="15,122,86,24,42,50,56,75,19,18,88,61,46" hai3="66,87,85,118,101,105,29,16,34,4,60,52,116"/><T49/><D33/><U117/><E123/><V25/><F75/><W96/><G87/><T120/><D68/><U39/><E117/><V43/><F43/><W55/><G116/><T98/><D120/><U93/><E93/><V113/><F113/><W84/><G84/><T62/><D130/><U14/><E114/><V1/><F1/><W51/><G118/><T107/><D38/><U115/><E115/><V9/><F18/><W58/><G85/><T23/><D74/><U11/><E72/><V108/><F108/><W104/><G104/><T109/><D73/><U21/><E71/><V111/><F111/><W35/><G55/><T83/><D109/><U41/><E39/><V5/><F5/><W13/><G4/><T124/><D124/><U76/><E76/><V65/><REACH who="2" step="1"/><F122/><REACH who="2" ten="273,194,254,269" step="2"/><W36/><G29/><T79/><D79/><U48/><E3/><V6/><F6/><W119/><G119/><T78/><D78/><U125/><E125/><V100/><F100/><W129/><G129/><T131/><D131/><U126/><E126/><V135/><F135/><W127/><G127/><T103/><D103/><U53/><E41/><V106/><F106/><W7/><G7/><T27/><D102/><U95/><E40/><V82/><AGARI ba="0,1" hai="9,15,19,24,25,42,46,50,56,61,65,82,86,88" machi="82" ten="20,8000,1" yaku="1,1,0,1,7,1,8,1,54,1,53,0" doraHai="2" doraHaiUra="97" who="2" fromWho="2" sc="273,-40,194,-20,254,90,269,-20" /><INIT seed="5,0,0,5,3,125" ten="233,174,344,249" oya="1" hai0="107,95,123,115,30,134,86,96,106,47,90,6,99" hai1="26,135,71,27,36,57,42,8,82,3,49,126,15" hai2="131,53,63,5,70,0,32,4,31,100,110,91,102" hai3="109,87,35,122,97,54,11,45,61,56,12,19,34"/><U113/><E71/><V62/><F110/><W66/><G122/><T46/><D115/><U88/><E3/><V79/><F79/><W40/><G109/><T78/><D134/><U77/><E113/><V20/><F32/><W85/><G35/><T67/><D123/><U25/><E36/><V121/><F121/><W50/><G34/><T52/><D67/><U2/><E2/><V132/><F132/><W13/><G97/><T80/><D30/><U128/><E135/><V69/><F20/><W129/><G129/><T130/><D130/><U93/><E126/><V127/><F31/><W74/><G74/><T51/><D6/><U24/><E128/><V75/><F75/><W14/><G14/><T60/><D60/><U98/><N who="1" m="6144" /><DORA hai="23" /><U17/><E42/><V104/><F104/><W18/><G40/><T124/><D124/><U101/><E49/><V59/><F70/><W48/><G48/><T39/><D39/><U89/><REACH who="1" step="1"/><E57/><REACH who="1" ten="233,164,344,249" step="2"/><V117/><F69/><W9/><AGARI ba="0,1" hai="9,11,12,13,18,19,45,50,54,56,61,66,85,87" machi="9" ten="20,5200,0" yaku="0,1,7,1,9,1,8,1" doraHai="125,23" who="3" fromWho="3" sc="233,-13,164,-26,344,-13,249,62" /><INIT seed="6,0,0,0,0,36" ten="220,138,331,311" oya="2" hai0="123,73,53,64,51,129,104,99,24,42,86,130,38" hai1="12,70,108,75,15,5,120,49,23,41,47,128,111" hai2="98,82,17,112,30,58,50,92,119,131,66,106,60" hai3="135,87,21,55,67,91,103,57,100,2,118,76,134"/><V127/><F119/><W107/><G118/><T61/><D73/><U94/><E70/><V126/><F106/><W96/><G2/><T33/><D86/><U74/><E128/><V8/><F131/><W109/><G100/><T133/><D123/><U77/><E120/><V71/><F30/><W101/><G101/><T97/><D97/><U7/><E94/><V10/><F82/><W124/><G109/><T95/><D133/><N who="3" m="50697" /><G67/><T59/><D104/><U16/><E12/><V125/><F112/><W110/><G110/><T34/><D24/><U69/><E69/><V105/><F105/><W114/><G114/><T80/><D80/><U78/><E111/><V27/><F50/><W68/><G68/><T93/><D93/><U84/><E108/><V3/><F3/><W13/><G76/><T79/><D79/><U1/><E1/><V37/><F37/><W121/><G121/><T14/><D130/><U72/><REACH who="1" step="1"/><E78/><REACH who="1" ten="220,128,331,311" step="2"/><V116/><F71/><W132/><G13/><T102/><D129/><U54/><E54/><V48/><F126/><W18/><G124/><T115/><D115/><U39/><E39/><V32/><F127/><W44/><G55/><T0/><D0/><U56/><E56/><V52/><F125/><W88/><G57/><N who="0" m="36911" /><D14/><U90/><E90/><V11/><F58/><W63/><G91/><T81/><D59/><U43/><E43/><V113/><F52/><W40/><G40/><T29/><D42/><U26/><E26/><V62/><F116/><W22/><G88/><T35/><D38/><U89/><E89/><V20/><F113/><W45/><G132/><RYUUKYOKU ba="0,1" sc="220,-10,128,30,331,-10,311,-10" hai1="5,7,15,16,23,41,47,49,72,74,75,77,84" /><INIT seed="7,1,1,4,1,16" ten="210,158,321,301" oya="3" hai0="4,6,32,115,106,98,133,125,47,109,112,42,33" hai1="35,56,48,54,63,113,66,59,5,88,28,77,52" hai2="128,103,101,110,19,86,95,117,134,43,120,34,68" hai3="111,67,96,116,36,78,49,17,21,132,39,75,105"/><W70/><G116/><T41/><D109/><U64/><E77/><V122/><F117/><W71/><G132/><T90/><D125/><U127/><E5/><V12/><F110/><W10/><G111/><T135/><D90/><U84/><E127/><V0/><F0/><W82/><G10/><T81/><D81/><U2/><E2/><V118/><F34/><N who="0" m="13418" /><D98/><U7/><E7/><N who="0" m="2601" /><D106/><U23/><E35/><V83/><F128/><W14/><G49/><N who="0" m="26863" /><D42/><U51/><E113/><AGARI ba="1,1" hai="112,113,115,133,135" m="26863,2601,13418" machi="113" ten="40,2600,0" yaku="15,1,11,1" doraHai="16" who="0" fromWho="1" sc="210,39,158,-29,321,0,301,0" owari="249,-15.0,129,-37.0,321,42.0,301,10.0" /></mjloggm>