<mjloggm ver="2.3"><GO type="169" lobby="0"/><UN n0="%E3%82%A6%E3%83%AB%E3%83%88%E3%83%A9%E7%AB%8B%E7%9B%B4" n1="%E4%BA%94%E3%81%B2%E3%82%83%E3%81%90%E3%81%88%E3%82%93" n2="%E6%B2%A2%E6%9D%91%E3%81%A8%E3%82%82%E3%81%8D%E3%83%BC" n3="%E3%81%A6%E3%81%83%E3%81%BF%E3%82%93" dan="18,16,17,17" rate="2248.96,2086.30,2139.80,2172.33" sx="M,M,F,M"/><TAIKYOKU oya="0"/><INIT seed="0,0,0,2,2,16" ten="250,250,250,250" oya="0" hai0="37,83,53,85,130,21,68,63,17,62,24,105,28" hai1="132,128,94,26,93,47,49,36,90,108,104,29,14" hai2="11,4,109,40,22,106,19,82,70,103,2,76,119" hai3="122,110,123,52,51,114,97,13,6,23,9,100,107"/><T75/><D130/><U77/><E104/><V89/><F109/><W99/><G114/><T50/><D37/><U65/><E36/><V44/><F70/><W33/><G33/><T74/><D105/><U55/><E108/><V43/><F119/><W35/><G35/><T45/><D68/><U7/><E128/><V116/><F116/><W80/><G110/><T18/><D74/><U42/><E132/><V48/><F89/><W78/><G97/><T72/><D75/><U58/><E77/><V0/><F103/><W34/><G34/><T101/><D72/><U95/><E65/><V126/><F126/><W81/><G23/><N who="0" m="15391" /><D101/><U56/><E90/><V84/><F106/><W79/><G79/><N who="0" m="46335" /><D17/><U25/><E42/><V31/><F31/><W66/><G66/><T120/><D120/><N who="3" m="46121" /><G78/><T124/><D124/><U54/><E29/><V1/><REACH who="2" step="1"/><F40/><REACH who="2" ten="250,250,240,250" step="2"/><W111/><G111/><T12/><AGARI ba="0,1" hai="12,18,21,45,50,53,62,63" m="46335,15391" machi="12" ten="30,6000,0" yaku="8,1,52,2" doraHai="16" who="0" fromWho="0" sc="250,70,250,-20,240,-20,250,-20" /><INIT seed="0,1,0,5,3,121" ten="320,230,220,230" oya="0" hai0="87,127,42,38,77,82,50,35,13,48,41,69,97" hai1="124,1,44,113,78,49,86,0,73,104,123,81,43" hai2="125,40,68,93,105,100,120,128,62,96,83,12,88" hai3="91,58,94,118,84,114,135,72,17,101,119,47,55"/><T108/><D35/><U85/><E123/><V6/><F120/><W26/><G72/><T15/><D69/><U75/><E124/><V122/><F122/><W36/><G114/><T11/><D127/><U106/><E113/><V21/><F125/><W131/><G131/><T27/><D27/><U133/><E133/><V54/><F128/><W59/><G135/><T80/><D97/><U103/><E86/><V19/><F40/><W2/><G2/><T14/><D38/><U79/><E103/><V52/><F6/><W110/><G110/><T117/><D117/><U24/><E24/><V53/><F83/><W71/><G71/><T126/><D126/><U76/><E76/><V99/><REACH who="2" step="1"/><F68/><REACH who="2" ten="320,230,210,230" step="2"/><W130/><G130/><T60/><D82/><U63/><E81/><V46/><F46/><W3/><G47/><T20/><D41/><U132/><E44/><V34/><F34/><W95/><G118/><T4/><D42/><U25/><E43/><V61/><AGARI ba="1,1" hai="12,19,21,52,53,54,61,62,88,93,96,99,100,105" machi="61" ten="30,7900,0" yaku="1,1,0,1,54,2,53,0" doraHai="121" doraHaiUra="28" who="2" fromWho="2" sc="320,-40,230,-21,210,92,230,-21" /><INIT seed="1,0,0,0,2,90" ten="280,209,302,209" oya="1" hai0="31,115,26,101,113,99,56,57,72,53,95,25,3" hai1="20,85,110,36,118,121,107,5,80,114,117,6,51" hai2="97,52,79,13,91,32,55,96,68,33,65,41,2" hai3="37,45,116,44,47,98,63,130,70,71,39,42,103"/><U54/><E36/><N who="3" m="13898" /><G98/><T84/><D72/><U61/><E114/><V127/><F2/><W82/><G82/><T89/><D3/><U7/><E121/><V75/><F127/><W48/><G103/><T128/><D128/><U15/><E107/><V4/><F41/><N who="3" m="24591" /><G130/><T16/><D26/><U62/><E110/><V35/><F75/><W1/><G1/><T112/><D53/><U133/><E133/><V58/><F79/><W17/><G17/><T28/><D16/><N who="1" m="10271" /><E118/><V74/><F74/><W22/><G22/><T49/><D49/><U122/><E122/><V93/><F97/><W132/><G132/><T19/><D19/><U102/><E102/><V129/><F68/><N who="3" m="26155" /><G116/><T135/><D135/><U50/><E117/><V10/><F129/><W120/><G120/><T83/><REACH who="0" step="1"/><D31/><REACH who="0" ten="270,209,302,209" step="2"/><U125/><E125/><V11/><F35/><AGARI ba="0,1" hai="25,28,35,56,57,83,84,89,95,99,101,112,113,115" machi="35" ten="40,5200,0" yaku="1,1,2,1,52,1,53,0" doraHai="90" doraHaiUra="60" who="0" fromWho="2" sc="270,62,209,0,302,-52,209,0" /><INIT seed="2,0,0,0,1,92" ten="332,209,250,209" oya="2" hai0="15,44,19,79,42,1,23,6,70,58,52,27,16" hai1="121,40,131,24,90,85,37,4,119,46,43,64,117" hai2="112,57,10,94,77,3,31,100,38,71,62,29,21" hai3="110,134,115,13,78,53,33,60,107,2,125,86,28"/><V87/><F112/><W50/><G2/><T127/><D70/><U12/><E121/><V54/><F38/><W26/><G110/><T103/><D127/><U83/><E131/><V106/><F106/><W101/><G125/><T91/><D79/><U0/><E0/><V82/><F71/><W128/><G128/><T80/><D103/><U109/><E109/><V129/><F129/><W59/><G134/><T35/><D1/><U34/><E64/><V124/><F124/><W49/><G115/><T76/><D91/><U63/><E63/><V61/><F61/><W7/><G78/><T114/><D6/><U84/><E43/><V111/><F111/><W105/><G86/><T73/><D114/><U98/><E98/><N who="2" m="59479" /><F3/><W65/><G50/><T133/><D133/><U88/><E4/><V123/><F123/><W22/><G7/><T47/><D42/><U48/><E12/><V8/><F21/><W89/><G89/><T113/><D113/><U135/><E135/><V104/><F104/><W81/><G81/><T5/><D5/><U9/><E9/><AGARI ba="0,0" hai="8,9,10,29,31,54,57,62,77,82,87" m="59479" machi="9" ten="30,2900,0" yaku="8,1,52,1" doraHai="92" who="2" fromWho="1" sc="332,0,209,-29,250,29,209,0" /><INIT seed="2,1,0,3,1,15" ten="332,180,279,209" oya="2" hai0="71,93,109,16,94,39,33,43,85,47,19,81,9" hai1="75,24,46,124,61,42,118,56,89,29,107,126,101" hai2="120,35,58,98,14,125,23,57,28,68,92,95,115" hai3="97,122,96,6,114,113,55,32,111,80,0,31,22"/><V135/><F120/><W117/><G122/><T69/><D33/><U8/><E118/><V45/><F68/><W20/><G80/><T100/><D109/><U17/><E75/><V129/><F115/><N who="3" m="44043" /><G55/><T103/><D9/><U133/><E133/><V53/><F135/><W123/><G123/><T26/><D26/><U78/><E78/><V90/><F129/><W12/><G97/><T5/><D5/><U44/><E44/><V106/><F106/><W67/><G96/><T51/><D39/><U99/><E89/><V134/><F125/><W104/><G67/><T128/><D128/><U77/><E77/><V82/><F82/><W1/><G104/><T132/><D132/><U62/><E8/><V84/><F134/><W116/><G111/><T48/><D81/><U34/><E17/><V11/><F35/><W10/><G32/><T112/><D112/><U36/><REACH who="1" step="1"/><E62/><REACH who="1" ten="332,170,279,209" step="2"/><V41/><F45/><W18/><G31/><T13/><D47/><U131/><E131/><V119/><F119/><N who="3" m="45643" /><G22/><T110/><D110/><U52/><AGARI ba="1,1" hai="24,29,34,36,42,46,52,56,61,99,101,107,124,126" machi="52" ten="30,4000,0" yaku="1,1,0,1,54,1,53,0" doraHai="15" doraHaiUra="7" who="1" fromWho="1" sc="332,-11,170,53,279,-21,209,-11" /><INIT seed="3,0,0,0,4,116" ten="321,223,258,198" oya="3" hai0="74,21,121,30,38,135,103,15,10,97,46,35,86" hai1="9,129,91,2,20,36,105,23,115,132,92,56,94" hai2="72,95,87,0,126,25,7,31,107,85,67,119,33" hai3="123,106,66,11,53,6,73,1,131,14,118,58,41"/><W110/><G118/><T68/><D74/><U28/><E105/><V57/><F119/><W48/><G106/><T61/><D21/><U79/><E36/><V89/><F72/><W133/><G133/><T127/><D86/><U18/><E115/><V62/><F107/><W50/><G131/><T109/><D109/><U117/><E132/><V44/><F126/><W98/><G73/><T82/><D82/><U59/><E129/><V45/><REACH who="2" step="1"/><F87/><REACH who="2" ten="321,223,248,198" step="2"/><W112/><G110/><T34/><D127/><U100/><E117/><V3/><F3/><W81/><G112/><T122/><D135/><U114/><E2/><V93/><F93/><W102/><G1/><T96/><D122/><U47/><E94/><V42/><F42/><W76/><G123/><T99/><D121/><U8/><E92/><V55/><F55/><W13/><G41/><T24/><D99/><U27/><E114/><V63/><F63/><W64/><G98/><T128/><D97/><U90/><E100/><V32/><F32/><W120/><G102/><T54/><D35/><U71/><E79/><V19/><F19/><W43/><G120/><T22/><D128/><U40/><E91/><V12/><F12/><W51/><G14/><T134/><D134/><U37/><E90/><V101/><F101/><W39/><G64/><N who="0" m="40975" /><D96/><U70/><E18/><V88/><F88/><W111/><G66/><T65/><D65/><U75/><E75/><V26/><F26/><W113/><G113/><T69/><D103/><U29/><E27/><V5/><F5/><W4/><G111/><T124/><D34/><U17/><E40/><RYUUKYOKU ba="0,1" sc="321,-10,223,-10,248,30,198,-10" hai2="0,7,25,31,33,44,45,57,62,67,85,89,95" /><INIT seed="4,1,1,1,4,125" ten="311,213,278,188" oya="0" hai0="132,50,31,0,63,84,118,98,128,2,41,83,28" hai1="103,108,38,16,116,11,35,4,40,18,21,127,47" hai2="119,109,89,49,6,36,32,23,61,73,131,1,112" hai3="100,10,20,88,95,126,43,114,78,120,44,55,102"/><T9/><D118/><U105/><E116/><V133/><RYUUKYOKU type="yao9" ba="1,1" sc="311,0,213,0,278,0,188,0" hai2="1,6,23,32,36,49,61,73,89,109,112,119,131,133" /><INIT seed="4,2,1,0,3,5" ten="311,213,278,188" oya="0" hai0="20,43,9,19,69,64,88,74,102,125,55,46,10" hai1="130,71,135,52,100,104,36,134,81,105,94,96,76" hai2="11,90,101,56,123,47,45,86,82,124,42,109,61" hai3="15,24,127,83,99,122,73,59,7,53,119,39,84"/><T40/><D74/><N who="1" m="43159" /><E71/><V118/><F109/><W72/><G122/><T31/><D69/><U33/><E36/><V63/><F123/><W80/><G127/><T121/><D121/><U1/><E33/><V6/><F124/><W8/><G119/><T108/><D125/><U48/><E1/><V120/><F120/><W110/><G110/><T38/><D108/><U70/><E70/><V111/><F101/><W27/><G39/><T29/><D64/><U12/><E12/><N who="2" m="5239" /><F118/><W106/><G106/><T115/><D102/><U77/><E77/><V65/><F111/><W35/><G99/><T66/><D66/><U54/><E54/><N who="2" m="33943" /><F42/><N who="0" m="15914" /><D38/><U23/><E23/><V133/><F133/><N who="1" m="50697" /><E130/><V89/><F90/><W25/><G35/><T4/><D4/><U50/><E50/><V0/><F0/><W78/><REACH who="3" step="1"/><G80/><REACH who="3" ten="311,213,278,178" step="2"/><T75/><D115/><U67/><E67/><V51/><F82/><W28/><G28/><T16/><D31/><U126/><E126/><V26/><F65/><W14/><G14/><T34/><D29/><U18/><E18/><V113/><F113/><W49/><AGARI ba="2,2" hai="7,8,15,24,25,27,49,53,59,72,73,78,83,84" machi="49" ten="30,4000,0" yaku="1,1,0,1,52,1,53,0" doraHai="5" doraHaiUra="13" who="3" fromWho="3" sc="311,-22,213,-12,278,-12,178,66" /><INIT seed="5,0,0,4,1,71" ten="289,201,266,244" oya="1" hai0="61,1,88,28,47,111,25,124,98,58,131,80,38" hai1="100,51,19,126,26,43,22,45,128,6,74,23,34" hai2="59,121,55,134,21,69,118,36,57,135,92,132,67" hai3="94,110,56,3,112,7,31,60,87,123,116,49,99"/><U10/><E34/><V101/><F121/><W106/><G110/><T62/><D1/><U63/><E128/><V78/><F78/><W115/><G123/><T0/><D0/><U133/><E126/><V130/><F130/><W104/><G31/><T27/><D111/><U77/><E133/><V42/><F118/><W48/><G7/><T86/><D131/><U82/><E100/><V11/><F11/><W17/><G3/><T32/><D124/><U5/><E63/><N who="2" m="40191" /><F21/><W91/><G17/><T113/><D113/><N who="3" m="43593" /><G116/><T79/><D25/><U29/><REACH who="1" step="1"/><E10/><REACH who="1" ten="289,191,266,244" step="2"/><V76/><F101/><N who="3" m="62527" /><G106/><T20/><D32/><U93/><E93/><V13/><F92/><W53/><AGARI ba="0,1" hai="48,49,53,56,60,87,91,94" m="62527,43593" machi="53" ten="30,1100,0" yaku="15,1" doraHai="71" who="3" fromWho="3" sc="289,-3,191,-5,266,-3,244,21" /><INIT seed="6,0,0,1,4,111" ten="286,186,263,265" oya="2" hai0="125,135,65,44,51,10,66,28,107,92,62,14,83" hai1="86,9,17,126,102,46,117,93,8,71,114,38,54" hai2="11,116,6,23,45,77,128,3,7,104,96,119,33" hai3="20,121,2,30,101,35,95,91,47,56,80,57,73"/><V112/><F33/><W68/><G2/><T64/><D107/><U39/><E71/><V59/><F128/><W134/><G121/><T52/><D125/><U13/><E117/><V133/><F133/><W42/><G68/><T84/><D135/><U76/><E126/><V127/><F127/><W5/><G5/><T106/><D106/><U113/><E102/><V79/><F7/><W63/><G35/><T34/><D34/><U90/><E76/><V37/><F59/><W69/><G69/><T67/><D28/><U82/><E9/><V105/><F23/><W99/><G134/><T29/><D29/><U88/><E90/><V58/><F58/><W43/><G47/><T61/><D92/><U32/><E32/><V130/><F130/><W89/><G57/><T21/><D66/><U122/><E122/><V19/><F19/><W124/><G73/><T48/><D48/><N who="1" m="28951" /><E93/><V41/><F105/><W26/><G124/><T109/><D21/><U36/><AGARI ba="0,0" hai="8,13,17,36,38,39,82,86,88,113,114" m="28951" machi="36" ten="40,8000,1" yaku="25,1,52,2,54,1" doraHai="111" who="1" fromWho="1" sc="286,-20,186,80,263,-40,265,-20" /><INIT seed="7,0,0,5,4,10" ten="266,266,223,245" oya="3" hai0="125,92,84,51,74,133,81,35,68,124,70,109,60" hai1="28,106,121,27,16,102,46,135,114,37,67,86,97" hai2="57,85,54,39,89,61,63,103,111,64,11,113,71" hai3="9,3,122,119,98,30,69,115,21,104,62,80,34"/><W100/><G119/><T77/><D35/><U72/><E121/><V110/><F113/><W88/><G122/><T90/><D109/><U118/><E72/><V7/><F39/><W130/><G115/><T41/><D133/><U99/><E114/><V22/><F22/><W8/><G130/><T53/><D41/><U129/><E135/><V66/><F103/><W58/><G3/><T24/><D24/><U12/><E129/><V23/><F23/><W1/><G1/><T101/><D101/><U123/><E123/><V42/><F42/><W82/><G34/><T105/><D105/><U94/><E86/><V132/><F132/><W19/><G69/><T116/><D116/><U126/><E67/><V79/><F79/><W107/><G30/><T56/><REACH who="0" step="1"/><D60/><REACH who="0" ten="256,266,223,245" step="2"/><U65/><E118/><V55/><F55/><W131/><G107/><T25/><D25/><U44/><E65/><V91/><F66/><W108/><G104/><T29/><D29/><U31/><E31/><V59/><F71/><AGARI ba="0,1" hai="51,53,56,68,70,71,74,77,81,84,90,92,124,125" machi="71" ten="40,2600,0" yaku="1,1,53,1" doraHai="10" doraHaiUra="75" who="0" fromWho="2" sc="256,36,266,0,223,-26,245,0" /><INIT seed="8,0,0,4,4,76" ten="292,266,197,245" oya="0" hai0="107,124,122,1,86,49,127,4,50,101,62,41,22" hai1="59,51,25,106,113,95,27,114,42,123,102,118,89" hai2="78,100,132,28,111,61,40,44,97,63,60,43,14" hai3="19,21,130,126,117,53,108,24,72,90,3,15,31"/><T91/><D122/><U37/><E37/><V46/><F111/><W79/><G117/><T7/><D101/><U47/><E123/><V16/><F132/><W17/><G3/><T129/><D107/><U64/><E102/><V94/><F28/><W0/><G0/><T57/><D22/><U20/><E106/><V68/><F78/><W109/><G126/><N who="0" m="48171" /><D129/><U55/><E64/><V36/><F68/><W54/><G90/><T65/><D41/><U12/><E12/><V8/><REACH who="2" step="1"/><F63/><REACH who="2" ten="292,266,187,245" step="2"/><W11/><G31/><T134/><D134/><U45/><E118/><V84/><F84/><W133/><G133/><T93/><D1/><U116/><E116/><V120/><F120/><W135/><G135/><T70/><D70/><U88/><E114/><V103/><F103/><W112/><G112/><T2/><D2/><U115/><E113/><V39/><AGARI ba="0,1" hai="8,14,16,36,39,40,43,44,46,60,61,94,97,100" machi="39" ten="20,8000,1" yaku="1,1,0,1,7,1,9,1,54,1,53,0" doraHai="76" doraHaiUra="73" who="2" fromWho="2" sc="292,-40,266,-20,187,90,245,-20" /><INIT seed="9,0,0,2,1,125" ten="252,246,277,225" oya="1" hai0="7,62,108,21,29,82,70,123,133,2,110,87,111" hai1="101,132,0,48,43,98,59,34,85,131,33,116,42" hai2="19,135,79,28,26,118,60,120,17,55,57,83,20" hai3="31,93,75,114,121,95,22,127,90,100,49,39,66"/><U13/><E116/><V77/><F120/><W51/><G121/><T27/><D133/><U107/><E0/><V68/><F135/><W56/><G114/><T102/><D123/><U53/><E132/><V97/><F118/><W9/><G39/><T109/><D109/><U67/><E131/><V36/><F36/><W4/><G75/><T69/><D102/><U122/><E122/><V12/><F68/><W14/><G127/><T126/><D126/><U63/><E13/><V86/><F97/><N who="3" m="59439" /><G31/><T76/><D7/><U72/><E72/><V103/><F103/><W38/><G38/><T81/><D2/><U47/><E85/><V16/><F79/><W46/><G22/><AGARI ba="0,0" hai="12,16,17,19,20,22,26,28,55,57,60,77,83,86" machi="22" ten="30,3900,0" yaku="7,1,8,1,54,1" doraHai="125" who="2" fromWho="3" sc="252,0,246,0,277,39,225,-39" owari="252,5.0,246,-15.0,316,41.0,186,-31.0" /></mjloggm>