<mjloggm ver="2.3"><GO type="169" lobby="0"/><UN n0="%E3%83%88%E3%83%88%E3%83%AA%E5%85%88%E7%94%9F%31%39%E6%AD%B3" n1="%E3%81%8B%E3%81%AB%E3%83%9E%E3%82%B8%E3%83%B3" n2="%69%6E%66%6F%31%32%33" n3="%E3%83%92%E3%83%AB%E3%83%99%E3%83%AB%E3%83%88" dan="18,18,16,17" rate="2309.87,2245.28,2102.67,2170.56" sx="F,M,M,M"/><TAIKYOKU oya="0"/><INIT seed="0,0,0,1,5,111" ten="250,250,250,250" oya="0" hai0="42,41,45,43,7,44,107,60,19,54,47,90,8" hai1="6,83,81,52,4,24,10,130,39,117,120,66,92" hai2="114,116,115,127,74,57,34,76,77,16,2,123,73" hai3="14,113,48,85,99,100,125,1,110,72,132,129,5"/><T53/><D107/><U35/><E120/><V33/><F123/><W122/><G72/><N who="2" m="27753" /><F57/><W9/><G122/><T65/><D90/><U56/><E117/><V133/><F16/><W31/><G110/><T124/><D19/><U29/><E39/><V103/><F103/><W134/><G85/><T105/><D105/><U80/><E66/><V40/><F40/><W50/><G31/><T28/><D28/><U11/><E92/><V71/><F71/><W21/><G21/><T88/><D124/><U91/><E91/><V109/><F109/><W131/><G14/><T118/><D118/><U96/><E96/><V30/><F116/><W119/><G125/><T27/><D27/><U3/><E130/><V23/><F2/><W0/><G0/><T17/><D17/><U86/><E86/><V25/><F127/><W55/><G119/><T121/><D121/><U36/><E36/><V20/><F133/><N who="3" m="51307" /><G113/><N who="2" m="43017" /><F25/><W22/><G22/><N who="2" m="8233" /><F30/><W61/><G61/><T68/><REACH who="0" step="1"/><D88/><REACH who="0" ten="240,250,250,250" step="2"/><U37/><E24/><V58/><F58/><W46/><G131/><T59/><D59/><U102/><E56/><V62/><F62/><W84/><G129/><T75/><D75/><U94/><E29/><V97/><F97/><W112/><G112/><T63/><D63/><U79/><E102/><V67/><F67/><W69/><G69/><T98/><D98/><U70/><E70/><V32/><AGARI ba="0,1" hai="32,33,34,76,77" m="8233,43017,27753" machi="32" ten="40,8000,1" yaku="28,2,52,3" doraHai="111" who="2" fromWho="2" sc="240,-40,250,-20,250,90,250,-20" /><INIT seed="1,0,0,5,3,59" ten="200,230,340,230" oya="1" hai0="52,85,41,130,29,76,61,116,17,45,73,67,48" hai1="92,82,0,120,19,11,77,69,43,135,12,97,18" hai2="109,106,15,74,25,22,117,6,10,93,122,91,38" hai3="118,102,126,114,110,107,71,54,44,131,30,34,123"/><U88/><E120/><V4/><F122/><W1/><G54/><T115/><D115/><U47/><E135/><V20/><F109/><W8/><G44/><T127/><D116/><U40/><E0/><V28/><F38/><W3/><G8/><T63/><D73/><U75/><E69/><V119/><F74/><W79/><G30/><T90/><D76/><U96/><E96/><V16/><F106/><W65/><G65/><T108/><D108/><U80/><E80/><V55/><F55/><W2/><G102/><T70/><D130/><U35/><E35/><V5/><F93/><W32/><G79/><T99/><D127/><U46/><E47/><V111/><F91/><W64/><G64/><T113/><D113/><U94/><E94/><V66/><F66/><W101/><G101/><T24/><D17/><U83/><E83/><V13/><F111/><W53/><G53/><T95/><D41/><U105/><E105/><V21/><F13/><W50/><G50/><T100/><D67/><U31/><E31/><V39/><F39/><W58/><G58/><T60/><D70/><U23/><REACH who="1" step="1"/><E46/><REACH who="1" ten="200,220,340,230" step="2"/><V87/><F87/><W81/><G81/><T42/><D42/><U56/><E56/><V57/><F57/><W104/><G2/><T49/><D49/><U112/><E112/><V84/><F84/><W98/><G98/><T72/><D72/><U26/><AGARI ba="0,1" hai="11,12,18,19,23,26,40,43,75,77,82,88,92,97" machi="26" ten="20,12000,1" yaku="1,1,0,1,7,1,54,1,53,1" doraHai="59" doraHaiUra="7" who="1" fromWho="1" sc="200,-40,220,130,340,-40,230,-40" /><INIT seed="1,1,0,3,5,40" ten="160,350,300,190" oya="1" hai0="43,42,94,21,9,109,4,101,33,31,10,14,87" hai1="125,132,95,98,52,19,44,100,59,93,34,106,133" hai2="53,118,89,56,61,48,117,49,79,15,124,134,120" hai3="22,108,121,57,115,38,75,1,65,116,92,27,99"/><U5/><E34/><V60/><F120/><W63/><G108/><T103/><D109/><U104/><E125/><V96/><F124/><W85/><G121/><T37/><D33/><U47/><E5/><V72/><F134/><N who="1" m="51817" /><E19/><V18/><F72/><W78/><G115/><T54/><D37/><U68/><E68/><V39/><F79/><W126/><G38/><T69/><D69/><U97/><E93/><V55/><F39/><W24/><G1/><T113/><D113/><U107/><E97/><V29/><F29/><W25/><G116/><T28/><D10/><U112/><E112/><V111/><F111/><W58/><G75/><T13/><D31/><U30/><E30/><V90/><F118/><W123/><G123/><T32/><D32/><U26/><E26/><V122/><F117/><W86/><G126/><T36/><D36/><U82/><E82/><V110/><F110/><W131/><G131/><T62/><D103/><U64/><E64/><V73/><F73/><W81/><G86/><T127/><D127/><U128/><E128/><V51/><F122/><W80/><G81/><T3/><D3/><U16/><E16/><V83/><F96/><W71/><REACH who="3" step="1"/><G22/><REACH who="3" ten="160,350,300,180" step="2"/><T76/><D87/><U135/><E135/><V12/><F83/><W8/><G8/><T11/><D21/><U102/><E100/><AGARI ba="1,1" hai="24,25,27,57,58,63,65,71,78,80,85,92,99,100" machi="100" ten="40,2600,0" yaku="1,1,53,1" doraHai="40" doraHaiUra="67" who="3" fromWho="1" sc="160,0,350,-29,300,0,180,39" /><INIT seed="2,0,0,5,0,55" ten="160,321,300,219" oya="2" hai0="107,108,111,14,119,82,67,2,129,84,132,46,74" hai1="41,54,53,89,76,22,39,101,15,35,3,20,57" hai2="88,127,63,113,7,118,81,66,61,37,71,34,97" hai3="123,109,49,36,42,110,47,93,91,65,85,26,115"/><V13/><F113/><W30/><G123/><T52/><D2/><U83/><E3/><V43/><F118/><W131/><G131/><T70/><D107/><U105/><E35/><V87/><F34/><W62/><G115/><T38/><D74/><U125/><E89/><V40/><F127/><W8/><G8/><T21/><D129/><U94/><E105/><V92/><F37/><W73/><G73/><T130/><D130/><U103/><E53/><V23/><F63/><W134/><G134/><T51/><D132/><U68/><E68/><V69/><F69/><W102/><G102/><T32/><D32/><U116/><E41/><V124/><F124/><W72/><G72/><T77/><D119/><U79/><E39/><V9/><REACH who="2" step="1"/><F23/><REACH who="2" ten="160,321,290,219" step="2"/><W75/><G36/><T24/><D38/><U104/><E20/><V12/><F12/><W10/><G26/><T126/><D14/><U1/><E22/><V128/><F128/><W48/><G48/><T16/><REACH who="0" step="1"/><D126/><REACH who="0" ten="150,321,290,219" step="2"/><U64/><E15/><V106/><F106/><W112/><G112/><T133/><D133/><U4/><E104/><V45/><F45/><W58/><G47/><T90/><D90/><AGARI ba="0,2" hai="7,9,13,40,43,61,66,71,81,87,88,90,92,97" machi="90" ten="30,11600,0" yaku="1,1,7,1,54,1,53,1" doraHai="55" doraHaiUra="78" who="2" fromWho="0" sc="150,-116,321,0,290,136,219,0" /><INIT seed="2,1,0,0,5,91" ten="34,321,426,219" oya="2" hai0="127,31,76,65,28,111,129,88,46,92,106,99,21" hai1="0,80,42,62,98,109,105,24,119,1,16,36,38" hai2="22,97,84,45,113,39,58,61,83,117,47,52,120" hai3="125,11,126,7,2,33,77,12,85,116,41,73,81"/><V72/><F113/><W87/><G33/><T124/><D106/><U66/><E119/><V35/><F35/><W53/><G116/><T23/><D76/><U107/><E109/><V10/><F117/><W110/><G110/><T26/><D111/><U75/><E0/><V57/><F72/><W59/><G41/><T34/><D129/><U101/><E107/><V17/><F39/><W14/><G85/><T6/><D6/><U121/><E1/><V67/><F10/><W18/><G73/><T103/><D65/><U122/><E80/><V78/><F97/><W20/><REACH who="3" step="1"/><G2/><REACH who="3" ten="34,321,426,209" step="2"/><T54/><D34/><U9/><E42/><V82/><F120/><W44/><G44/><T133/><D133/><U100/><E75/><V118/><F118/><W93/><G93/><N who="0" m="58863" /><D127/><U37/><E121/><V55/><F83/><W132/><G132/><T49/><D124/><U68/><E122/><V8/><F47/><W86/><G86/><N who="0" m="52247" /><D23/><U64/><E105/><V94/><F22/><W128/><G128/><T115/><D115/><U102/><E98/><V89/><F8/><W15/><G15/><T135/><D135/><U5/><E9/><V74/><F74/><W112/><G112/><T123/><D123/><U3/><E3/><V96/><F96/><W71/><G71/><T108/><D108/><U79/><E68/><V70/><F70/><W51/><AGARI ba="1,1" hai="7,11,12,14,18,20,51,53,59,77,81,87,125,126" machi="51" ten="30,4000,0" yaku="1,1,0,1,53,1" doraHai="91" doraHaiUra="48" who="3" fromWho="3" sc="34,-11,321,-11,426,-21,209,53" /><INIT seed="3,0,0,2,1,88" ten="23,310,405,262" oya="3" hai0="107,79,55,46,76,67,57,68,113,105,115,117,114" hai1="71,132,11,28,81,47,85,5,110,84,121,95,129" hai2="109,24,70,104,133,18,4,125,44,61,60,17,100" hai3="14,83,97,77,19,94,126,111,25,7,32,35,36"/><W15/><G36/><T90/><D46/><U89/><E121/><V78/><F4/><W96/><G126/><T2/><D2/><U131/><E110/><V37/><F109/><W66/><G111/><T48/><D117/><U21/><E71/><V98/><F133/><W72/><G66/><T116/><D116/><U120/><E120/><V43/><F125/><W82/><G82/><T54/><D67/><U63/><E63/><V53/><F78/><W65/><G65/><T40/><D40/><U29/><E47/><V92/><F70/><W23/><G97/><T8/><D68/><U74/><E74/><V118/><F118/><W108/><G108/><T9/><D90/><N who="1" m="53711" /><E21/><V102/><F61/><W69/><G69/><T101/><D101/><U6/><E6/><V106/><F102/><W64/><G64/><T91/><D91/><U51/><E51/><V122/><F122/><W45/><G45/><T62/><D62/><U93/><E81/><V31/><F104/><W30/><G7/><T130/><D113/><U75/><E75/><V3/><F3/><W52/><G52/><T38/><D48/><U41/><E41/><V22/><F106/><W99/><G99/><T112/><D112/><U39/><E39/><V16/><F60/><W10/><REACH who="3" step="1"/><G14/><REACH who="3" ten="23,310,405,252" step="2"/><T27/><D38/><U127/><E127/><V12/><F53/><W103/><AGARI ba="0,1" hai="10,15,19,23,25,30,32,35,72,77,83,94,96,103" machi="103" ten="20,12000,1" yaku="1,1,2,1,0,1,7,1,52,1,53,0" doraHai="88" doraHaiUra="86" who="3" fromWho="3" sc="23,-40,310,-40,405,-40,252,130" owari="-17,-52.0,270,-13.0,365,17.0,382,48.0" /></mjloggm>