<mjloggm ver="2.3"><GO type="169" lobby="0"/><UN n0="%E6%9C%89%E6%98%8E%E3%81%82%E3%82%8A%E3%81%82" n1="%E3%81%82%E3%81%84%E2%98%86%E3%81%BE%E3%81%84%E2%98%85%E3%81%BF%E3%83%BC" n2="%6A%61%6E%79" n3="%E5%B0%B1%E6%B4%BB%E7%94%9F%40%E5%B7%9D%E6%9D%91%E8%BB%8D%E5%9B%A3" dan="16,16,17,18" rate="2092.87,2077.14,2178.42,2265.71" sx="F,F,M,M"/><TAIKYOKU oya="0"/><INIT seed="0,0,0,2,0,61" ten="250,250,250,250" oya="0" hai0="26,12,36,116,90,123,103,40,19,134,56,100,74" hai1="66,31,0,132,130,91,98,62,51,32,63,22,20" hai2="64,43,49,4,76,27,102,126,41,14,88,35,108" hai3="23,30,24,9,131,82,69,106,71,5,81,128,2"/><T6/><D123/><U105/><E0/><V124/><F108/><W1/><G106/><T96/><D116/><U8/><E63/><V47/><F102/><W21/><G2/><T84/><D134/><U29/><E8/><N who="2" m="4359" /><F76/><W83/><REACH who="3" step="1"/><G23/><REACH who="3" ten="250,250,250,240" step="2"/><T55/><D74/><U133/><E105/><V7/><F35/><W53/><G53/><T44/><D55/><U16/><E32/><V70/><F126/><W38/><G38/><T72/><D72/><U54/><E22/><V75/><F124/><W135/><G135/><T73/><D73/><U121/><E133/><V89/><F75/><W48/><G48/><T15/><D36/><U59/><E132/><V13/><F49/><W79/><G79/><T111/><D40/><U117/><E130/><AGARI ba="0,1" hai="1,5,9,21,24,30,69,71,81,82,83,128,130,131" machi="130" ten="40,2600,0" yaku="1,1,19,1,53,0" doraHai="61" doraHaiUra="57" who="3" fromWho="1" sc="250,0,250,-26,250,0,240,36" /><INIT seed="1,0,0,1,5,116" ten="250,224,250,276" oya="1" hai0="108,64,88,17,80,111,43,30,70,135,102,48,41" hai1="76,94,130,40,29,56,124,44,101,50,45,122,14" hai2="133,100,96,77,98,115,81,72,90,10,67,51,125" hai3="85,61,87,32,92,129,93,35,86,63,97,84,131"/><U37/><E130/><V103/><F67/><W114/><N who="3" m="22016" /><DORA hai="33" /><W57/><G114/><T71/><D80/><U66/><E124/><V99/><F115/><W53/><G63/><T107/><D135/><U105/><E105/><V21/><F133/><W110/><G110/><T28/><D17/><U54/><E29/><V5/><F90/><W39/><G39/><T25/><D25/><U119/><E119/><V121/><F121/><W20/><G20/><T2/><D48/><U109/><E109/><V126/><F21/><W31/><G93/><T95/><D107/><U123/><E76/><V19/><F19/><W38/><G38/><T65/><D95/><U113/><E113/><V8/><F51/><W1/><G1/><T4/><D4/><U15/><E66/><V34/><F34/><W83/><G83/><T49/><D49/><U68/><E68/><V112/><F112/><W46/><G46/><T36/><D36/><U132/><E45/><V91/><F91/><W9/><G9/><N who="2" m="3689" /><F5/><W82/><G31/><T42/><D42/><U11/><E132/><V134/><F134/><W62/><G62/><T58/><D102/><U22/><E22/><V52/><F103/><W117/><G117/><T79/><D79/><U7/><REACH who="1" step="1"/><E15/><REACH who="1" ten="250,214,250,276" step="2"/><V106/><F125/><W60/><G35/><T0/><D58/><U128/><E128/><V18/><F126/><W127/><G32/><T47/><D47/><U120/><E120/><V78/><F106/><W13/><G127/><T24/><D24/><U118/><E118/><V69/><F77/><W6/><G129/><T73/><D73/><RYUUKYOKU ba="0,1" sc="250,15,214,15,250,-15,276,-15" hai0="0,2,28,30,41,43,64,65,70,71,88,108,111" hai1="7,11,14,37,40,44,50,54,56,94,101,122,123" /><INIT seed="1,1,1,5,5,77" ten="265,229,235,261" oya="1" hai0="44,34,43,16,20,37,112,130,122,49,66,50,18" hai1="81,131,99,109,59,7,62,64,79,61,86,4,110" hai2="73,21,87,6,15,100,46,35,126,70,96,23,28" hai3="30,57,125,80,111,133,127,78,132,0,14,53,47"/><U90/><E131/><V102/><F70/><W12/><G0/><T119/><D119/><U11/><E62/><V13/><F73/><W114/><G30/><T129/><D112/><U82/><E99/><V55/><F126/><N who="3" m="48139" /><G47/><T45/><D34/><U115/><E115/><V118/><F35/><W3/><G3/><T9/><D122/><U128/><E128/><N who="0" m="49257" /><D66/><U84/><REACH who="1" step="1"/><E4/><REACH who="1" ten="265,219,235,261" step="2"/><V60/><F6/><W52/><G114/><T1/><D1/><AGARI ba="1,2" hai="1,7,11,59,61,64,79,81,82,84,86,90,109,110" machi="1" ten="40,12000,1" yaku="1,1,2,1,52,2,53,0" doraHai="77" doraHaiUra="91" who="1" fromWho="0" sc="265,-123,219,143,235,0,261,0" /><INIT seed="1,2,0,4,1,35" ten="142,362,235,261" oya="1" hai0="17,18,62,75,134,45,34,50,10,101,129,88,14" hai1="6,15,73,20,80,65,102,52,0,57,96,1,47" hai2="19,110,114,84,5,112,63,11,108,46,7,97,26" hai3="36,89,127,43,104,90,130,109,83,40,49,106,25"/><U66/><E47/><V78/><F97/><W87/><G36/><T59/><D134/><U107/><E66/><V32/><F63/><W128/><G109/><N who="2" m="42089" /><F46/><N who="3" m="25799" /><G43/><T124/><D124/><U33/><E65/><V68/><F68/><W2/><G2/><T91/><D129/><N who="3" m="49769" /><G127/><T27/><D75/><U100/><E33/><V121/><F121/><W3/><G3/><T122/><D122/><U111/><E100/><V85/><F78/><W28/><G90/><T38/><D38/><U42/><E42/><V125/><F125/><W21/><AGARI ba="2,0" hai="21,25,28,83,87,89,104,106" m="49769,25799" machi="21" ten="30,1100,0" yaku="19,1" doraHai="35" who="3" fromWho="3" sc="142,-5,362,-7,235,-5,261,17" /><INIT seed="2,0,0,0,4,79" ten="137,355,230,278" oya="2" hai0="70,73,11,21,90,43,93,60,80,106,15,114,89" hai1="130,68,2,71,39,14,19,111,18,17,55,97,131" hai2="110,125,10,52,81,115,121,78,48,26,28,120,25" hai3="101,123,36,53,87,46,49,42,88,64,6,37,29"/><V135/><F115/><W58/><G123/><T103/><D114/><U112/><E112/><V8/><F135/><W51/><G101/><T91/><D43/><U33/><E2/><V7/><F125/><W72/><G72/><T59/><D70/><U76/><E39/><V74/><F110/><W128/><G128/><N who="1" m="49194" /><E33/><V124/><F124/><W67/><G29/><T54/><D106/><U32/><E32/><V27/><F28/><W30/><G30/><T4/><D103/><U107/><E76/><V0/><REACH who="2" step="1"/><F10/><REACH who="2" ten="137,355,220,278" step="2"/><W20/><G20/><T104/><D104/><U127/><E111/><V117/><F117/><W16/><G6/><T34/><D34/><U134/><E134/><V9/><F9/><W62/><G16/><T75/><D21/><U35/><E127/><V57/><AGARI ba="0,1" hai="0,7,8,25,26,27,48,52,57,74,78,81,120,121" machi="57" ten="30,12000,1" yaku="1,1,0,1,52,1,54,1,53,1" doraHai="79" doraHaiUra="5" who="2" fromWho="2" sc="137,-40,355,-40,220,130,278,-40" /><INIT seed="2,1,0,0,4,45" ten="97,315,350,238" oya="2" hai0="94,125,134,18,76,29,14,13,53,28,44,8,39" hai1="5,91,56,129,34,31,101,87,30,51,60,86,120" hai2="74,49,71,98,89,75,48,0,111,107,35,47,12" hai3="83,84,128,55,62,66,61,69,70,23,32,78,52"/><V2/><F35/><W124/><G32/><T59/><D134/><U73/><E73/><V126/><F71/><W67/><G124/><T132/><D132/><U10/><E101/><V116/><F116/><W27/><REACH who="3" step="1"/><G128/><REACH who="3" ten="97,315,350,228" step="2"/><T127/><D125/><U20/><E129/><V105/><F126/><W106/><G106/><T118/><D127/><U102/><E34/><V68/><F107/><W7/><G7/><T9/><D118/><U90/><E102/><V43/><F105/><W15/><G15/><T96/><D76/><U25/><E31/><AGARI ba="1,1" hai="23,27,31,52,55,61,62,66,67,69,70,78,83,84" machi="31" ten="30,7700,0" yaku="1,1,7,1,9,1,54,1,53,0" doraHai="45" doraHaiUra="11" who="3" fromWho="1" sc="97,0,315,-80,350,0,228,90" /><INIT seed="3,0,0,3,2,97" ten="97,235,350,318" oya="3" hai0="98,16,40,120,14,89,74,56,112,124,64,42,9" hai1="25,13,33,90,99,109,69,81,1,18,82,60,39" hai2="104,58,122,53,125,123,46,34,45,21,27,12,17" hai3="38,63,50,114,96,77,36,102,15,117,8,127,76"/><W28/><G117/><T110/><D120/><N who="2" m="46122" /><F125/><W85/><G114/><T101/><D112/><U57/><E1/><V62/><F104/><W113/><G113/><T87/><D110/><U5/><E39/><V31/><AGARI ba="0,0" hai="12,17,21,27,31,34,45,46,53,58,62" m="46122" machi="31" ten="30,1100,0" yaku="13,1" doraHai="97" who="2" fromWho="2" sc="97,-3,235,-3,350,11,318,-5" /><INIT seed="4,0,0,2,2,68" ten="94,232,361,313" oya="0" hai0="95,43,28,83,60,0,21,41,67,71,117,110,65" hai1="26,124,40,5,51,108,78,12,92,113,17,63,6" hai2="81,80,97,39,55,119,103,66,37,88,48,76,30" hai3="8,111,134,13,87,129,23,18,104,96,11,84,90"/><T112/><D117/><U77/><E108/><V53/><F119/><W10/><G111/><T116/><D116/><U114/><E26/><V115/><F66/><W14/><G134/><T120/><D120/><U128/><E63/><V126/><F30/><W89/><G129/><T42/><D110/><U16/><E17/><V47/><F115/><N who="1" m="44041" /><E128/><V34/><F34/><W99/><G104/><T85/><D112/><U31/><E31/><V57/><F126/><W1/><G1/><T86/><D0/><U82/><E92/><V75/><F81/><N who="3" m="49295" /><G14/><T132/><D132/><U69/><E69/><V91/><F91/><W118/><G118/><T61/><D95/><AGARI ba="0,0" hai="8,10,11,13,18,23,87,90,95,96,99" m="49295" machi="95" ten="30,1000,0" yaku="8,1" doraHai="68" who="3" fromWho="0" sc="94,-10,232,0,361,0,313,10" /><INIT seed="5,0,0,0,5,25" ten="84,232,361,323" oya="1" hai0="6,134,30,1,83,29,110,7,54,38,132,35,17" hai1="37,32,100,60,128,24,86,34,79,111,50,65,13" hai2="114,20,103,56,130,59,116,11,119,105,5,104,108" hai3="126,89,48,31,14,19,129,124,117,68,47,22,131"/><U109/><E37/><V101/><F108/><N who="1" m="41545" /><E100/><V23/><F11/><W33/><G68/><T27/><D110/><U63/><E13/><V21/><F114/><W102/><G102/><T64/><D64/><U12/><E50/><V3/><F21/><W42/><G89/><T51/><D38/><U10/><E24/><V80/><F3/><W87/><G87/><T28/><D83/><N who="1" m="47487" /><E128/><N who="3" m="49226" /><G117/><T58/><D17/><N who="1" m="8343" /><E60/><V81/><F130/><W122/><G122/><T99/><D99/><U112/><E112/><V97/><F97/><W82/><G82/><T84/><D84/><U78/><E78/><V4/><AGARI ba="0,0" hai="4,5,20,23,56,59,80,81,101,103,104,105,116,119" machi="4" ten="25,3200,0" yaku="0,1,22,2" doraHai="25" who="2" fromWho="2" sc="84,-8,232,-16,361,32,323,-8" /><INIT seed="6,0,0,5,4,12" ten="76,216,393,315" oya="2" hai0="59,96,8,32,70,69,88,115,46,128,92,39,29" hai1="121,55,111,99,20,119,31,103,27,77,101,2,98" hai2="118,1,102,79,87,131,129,0,124,16,3,15,33" hai3="50,106,90,47,66,9,52,19,94,122,13,62,134"/><V114/><F118/><W86/><G122/><T85/><D115/><U42/><E2/><V125/><F114/><W100/><G134/><T40/><D128/><N who="2" m="49226" /><F102/><W133/><G133/><T67/><D32/><U126/><E111/><V117/><F117/><W23/><G100/><T34/><D34/><U65/><E119/><V48/><F48/><W57/><G106/><T7/><D29/><U35/><E55/><V81/><F33/><W64/><REACH who="3" step="1"/><G9/><AGARI ba="0,0" hai="0,1,3,9,15,16,79,81,87,124,125" m="49226" machi="9" ten="40,7700,0" yaku="19,1,52,1,54,1" doraHai="12" who="2" fromWho="3" sc="76,0,216,0,393,77,315,-77" /><INIT seed="6,1,0,5,0,28" ten="76,216,470,238" oya="2" hai0="70,127,123,103,73,5,39,13,104,88,52,133,115" hai1="86,119,9,93,113,56,114,69,43,96,38,23,97" hai2="46,64,105,37,108,83,126,99,49,12,131,130,60" hai3="11,41,4,65,134,102,132,29,1,17,6,90,82"/><V100/><F126/><W77/><G102/><T81/><D5/><U95/><E69/><V36/><F83/><W116/><G116/><T76/><D13/><U98/><E119/><V106/><F12/><W124/><G124/><T35/><D52/><U107/><E107/><V7/><F7/><W22/><G65/><T87/><D70/><U16/><E9/><V63/><F106/><W54/><G41/><T42/><D42/><U91/><E56/><V80/><F80/><W118/><G6/><T24/><D39/><U8/><E8/><V112/><F112/><N who="1" m="43113" /><E43/><V101/><F108/><W68/><G68/><T40/><D40/><U120/><E38/><V67/><F105/><W48/><G29/><T20/><D115/><U44/><E44/><V62/><F62/><W128/><G128/><T19/><D127/><U84/><E120/><V51/><F99/><N who="1" m="37961" /><E93/><V59/><F59/><W14/><G118/><T94/><D123/><U74/><E74/><V50/><F50/><W53/><G48/><T89/><D89/><U75/><E75/><V110/><F51/><W85/><G90/><T30/><D133/><AGARI ba="1,0" hai="1,4,11,14,17,22,53,54,77,82,85,132,133,134" machi="133" ten="40,1300,0" yaku="20,1" doraHai="28" who="3" fromWho="0" sc="76,-16,216,0,470,0,238,16" /><INIT seed="7,0,0,1,5,98" ten="60,216,470,254" oya="3" hai0="3,33,119,127,1,39,38,115,107,12,40,70,57" hai1="125,46,16,15,44,31,35,47,13,106,90,65,89" hai2="50,113,29,116,10,62,55,105,7,61,48,133,112" hai3="66,84,101,18,117,20,59,120,92,69,58,85,126"/><W32/><G32/><T88/><D88/><N who="1" m="33899" /><E35/><V42/><F133/><W123/><G117/><T4/><D57/><U25/><E106/><V135/><F135/><W75/><G75/><T51/><D51/><U95/><E125/><V36/><F36/><N who="0" m="13866" /><D40/><U60/><E31/><V41/><F29/><W76/><G126/><T19/><D19/><U96/><E65/><V104/><F104/><W100/><G69/><T43/><D43/><U91/><E60/><V22/><F105/><W83/><G120/><T79/><D79/><U11/><E15/><V93/><F116/><W102/><G123/><T63/><D12/><U37/><E37/><V71/><F71/><W67/><G92/><T81/><D81/><U87/><E25/><V6/><F93/><W34/><G85/><AGARI ba="0,0" hai="11,13,16,44,46,47,85,87,91,95,96" m="33899" machi="85" ten="30,3900,0" yaku="8,1,54,2" doraHai="98" who="1" fromWho="3" sc="60,0,216,39,470,0,254,-39" owari="60,-44.0,255,6.0,470,56.0,215,-18.0" /></mjloggm>