<mjloggm ver="2.3"><GO type="169" lobby="0"/><UN n0="%E3%83%96%E3%83%AB%E3%83%96%E3%83%AB%E3%83%8F%E3%83%BC%E3%83%84" n1="%E3%83%87%E3%82%A3%E3%82%BD%E3%83%BC%E3%83%AB" n2="%E7%A7%81%E3%81%AF%E3%81%8C%E3%81%A1%E3%81%BB%E3%82%82" n3="%E3%82%A6%E3%83%AB%E3%83%88%E3%83%A9%E7%AB%8B%E7%9B%B4" dan="17,16,17,17" rate="2166.61,2050.46,2157.26,2199.78" sx="M,M,M,M"/><TAIKYOKU oya="0"/><INIT seed="0,0,0,2,3,19" ten="250,250,250,250" oya="0" hai0="85,25,28,77,62,4,38,79,23,88,9,55,101" hai1="20,7,84,104,18,50,93,95,103,48,10,131,31" hai2="89,124,80,72,102,113,107,119,75,29,116,49,86" hai3="45,68,97,21,27,37,122,130,108,76,8,98,83"/><T15/><D38/><U22/><E104/><V47/><F29/><W78/><G68/><T110/><D110/><U70/><E70/><V118/><F113/><W11/><G130/><T36/><D101/><U109/><E109/><V66/><F66/><W54/><G122/><T96/><D96/><U111/><E111/><V121/><F121/><W129/><G129/><T34/><D36/><U39/><E39/><V40/><F124/><W13/><G8/><T69/><D34/><U81/><E131/><V126/><F126/><W41/><G54/><T42/><D42/><U57/><E31/><V73/><F102/><W123/><G78/><T43/><D43/><U74/><E74/><V120/><F120/><W58/><G58/><N who="0" m="35167" /><D69/><U94/><E103/><V61/><F61/><W59/><G59/><T90/><D90/><N who="1" m="51471" /><E7/><V112/><F112/><W32/><G32/><T30/><D28/><U105/><E105/><AGARI ba="0,0" hai="40,47,49,72,73,75,80,86,89,105,107,116,118,119" machi="105" ten="50,1600,0" yaku="12,1" doraHai="19" who="2" fromWho="1" sc="250,0,250,-16,250,16,250,0" /><INIT seed="1,0,0,4,4,29" ten="250,234,266,250" oya="1" hai0="41,58,109,77,53,129,9,70,25,96,2,26,87" hai1="94,12,120,126,124,101,47,95,22,125,84,40,14" hai2="123,27,17,16,59,56,132,130,103,44,135,23,6" hai3="67,35,20,48,50,118,119,28,88,78,60,38,83"/><U15/><E120/><V51/><F123/><W107/><G38/><T19/><D70/><U57/><E57/><V43/><F130/><W1/><G1/><T112/><D41/><U111/><E111/><V116/><F116/><N who="3" m="44587" /><G20/><T63/><D112/><U32/><E101/><V24/><F6/><W89/><G107/><T117/><D2/><U8/><E22/><N who="2" m="13383" /><F103/><W82/><G28/><T13/><D109/><U79/><E8/><V30/><F17/><W127/><G35/><T99/><D129/><U104/><E104/><V114/><F114/><W80/><G78/><T49/><D117/><U76/><E32/><V18/><F18/><W74/><G74/><T64/><D25/><U133/><E133/><AGARI ba="0,0" hai="23,27,30,43,44,51,56,59,132,133,135" m="13383" machi="133" ten="30,2000,0" yaku="20,1,54,1" doraHai="29" who="2" fromWho="1" sc="250,0,234,-20,266,20,250,0" /><INIT seed="2,0,0,0,4,16" ten="250,214,286,250" oya="2" hai0="66,67,49,10,101,112,18,29,5,123,13,42,48" hai1="79,28,82,114,127,119,120,105,31,88,36,64,92" hai2="122,80,91,63,26,34,17,103,61,116,58,107,99" hai3="69,118,24,83,38,70,113,121,94,9,52,117,109"/><V3/><F3/><W89/><G83/><T39/><D112/><U106/><E36/><V33/><F116/><W134/><G9/><T130/><D130/><U97/><E119/><V0/><F0/><W71/><G121/><T124/><D124/><U72/><E114/><V62/><F122/><W96/><G38/><T11/><D29/><U85/><E120/><V74/><F58/><W131/><G113/><T98/><D39/><U1/><E127/><V65/><F65/><W93/><G131/><T15/><D123/><U135/><E1/><V102/><F102/><W40/><G40/><T14/><D14/><U23/><E135/><V81/><F81/><W4/><G4/><T35/><D35/><U30/><E64/><V86/><REACH who="2" step="1"/><F74/><REACH who="2" ten="250,214,276,250" step="2"/><W126/><G118/><T12/><D66/><U47/><E47/><V77/><F77/><W104/><G71/><T73/><D67/><U132/><E132/><V53/><F53/><W25/><G52/><T84/><D73/><U27/><REACH who="1" step="1"/><E72/><REACH who="1" ten="250,204,276,250" step="2"/><V128/><F128/><W68/><G134/><T56/><D10/><U111/><E111/><V59/><F59/><W21/><G109/><T46/><D5/><U20/><E20/><AGARI ba="0,2" hai="17,20,26,33,34,61,62,63,80,86,91,99,103,107" machi="20" ten="40,7700,0" yaku="1,1,52,1,53,1" doraHai="16" doraHaiUra="22" who="2" fromWho="1" sc="250,0,204,-77,276,97,250,0" /><INIT seed="2,1,0,0,0,22" ten="250,127,373,250" oya="2" hai0="41,87,18,116,66,79,37,127,43,38,52,104,15" hai1="97,110,75,23,85,114,122,123,94,64,20,26,7" hai2="61,11,98,65,76,40,0,17,83,19,53,27,48" hai3="30,102,32,112,115,103,109,124,50,51,12,59,63"/><V45/><F98/><W105/><G109/><T46/><D104/><U39/><E75/><V84/><F53/><W132/><G124/><T106/><D106/><U3/><E114/><V111/><F111/><W80/><G132/><T134/><D66/><U60/><E39/><V95/><F95/><W49/><G12/><T101/><D101/><U34/><E110/><V131/><F131/><W28/><G80/><T81/><D127/><U21/><E85/><V129/><F129/><W89/><G89/><T70/><D70/><U68/><E7/><V117/><F117/><W90/><G90/><T5/><D5/><U88/><REACH who="1" step="1"/><E3/><REACH who="1" ten="250,117,373,250" step="2"/><V92/><F0/><W10/><G115/><T2/><D2/><U107/><E107/><V47/><F84/><W96/><G105/><T125/><D125/><U72/><E72/><V16/><F76/><W9/><G112/><T78/><D78/><U29/><AGARI ba="1,1" hai="20,21,23,26,29,34,60,64,68,88,94,97,122,123" machi="29" ten="30,7900,0" yaku="1,1,0,1,52,1,54,1,53,0" doraHai="22" doraHaiUra="108" who="1" fromWho="1" sc="250,-21,117,92,373,-40,250,-21" /><INIT seed="3,0,0,0,2,60" ten="229,209,333,229" oya="3" hai0="68,115,74,53,16,92,131,66,72,89,120,105,100" hai1="44,101,128,111,106,121,75,79,107,46,1,51,86" hai2="122,63,34,125,102,19,114,6,59,17,123,69,108" hai3="134,18,25,104,10,67,41,50,20,7,23,65,73"/><W35/><G35/><T87/><D120/><U42/><E121/><V64/><F114/><W109/><G73/><T43/><D43/><U124/><E75/><V77/><F77/><W58/><G104/><T82/><D131/><U24/><E128/><V133/><F34/><W54/><G134/><T98/><D115/><U94/><E1/><V12/><F102/><W91/><G109/><T49/><D16/><U55/><E111/><V5/><F108/><W132/><G132/><T11/><D11/><U110/><E110/><V118/><F118/><W80/><G41/><T22/><D22/><U99/><E124/><V81/><F69/><W103/><G103/><T2/><D2/><U30/><E86/><V27/><F125/><W47/><G47/><T62/><REACH who="0" step="1"/><D105/><REACH who="0" ten="219,209,333,229" step="2"/><U52/><E55/><V95/><F6/><W71/><G23/><T61/><D61/><U90/><E107/><V119/><F5/><W83/><G71/><T113/><D113/><U28/><E24/><V33/><F27/><W21/><G21/><T88/><D88/><U117/><E79/><V76/><F33/><W126/><G126/><T57/><AGARI ba="0,1" hai="49,53,57,62,66,68,72,74,82,87,89,92,98,100" machi="57" ten="20,5200,0" yaku="1,1,0,1,7,1,52,1,53,0" doraHai="60" doraHaiUra="29" who="0" fromWho="0" sc="219,62,209,-13,333,-13,229,-26" /><INIT seed="4,0,0,4,2,96" ten="281,196,320,203" oya="0" hai0="85,109,120,80,106,12,102,82,129,8,116,15,128" hai1="74,52,41,98,31,28,110,18,68,5,26,104,79" hai2="71,10,89,43,36,66,45,119,0,57,56,27,42" hai3="22,60,2,67,3,131,70,32,38,9,1,34,62"/><T23/><D116/><U76/><E110/><V103/><F43/><W4/><G131/><N who="0" m="50251" /><D120/><U134/><E68/><V113/><F89/><W6/><G38/><T55/><D109/><U73/><E41/><V111/><F111/><W13/><G6/><T125/><D125/><U37/><E37/><V121/><F121/><W44/><G44/><T72/><D72/><U46/><E5/><V30/><F10/><W100/><G62/><T48/><D23/><U92/><E104/><V20/><F0/><W77/><G77/><T7/><D15/><U19/><E134/><V33/><F20/><W83/><G83/><T91/><D82/><U135/><E135/><V14/><F14/><W58/><G70/><T63/><D63/><U118/><E118/><V88/><F71/><W54/><G67/><T93/><D106/><U24/><E46/><V107/><F45/><W75/><G75/><T112/><D112/><U114/><E114/><V17/><F107/><W86/><G22/><T53/><D48/><U105/><E105/><V39/><F113/><W90/><G34/><T64/><D64/><U133/><E133/><V21/><F66/><W35/><G32/><T130/><D130/><U25/><E26/><V49/><F27/><W50/><G35/><T124/><D124/><U126/><E126/><V40/><F33/><W101/><G60/><T127/><D127/><U11/><E92/><V16/><F119/><W51/><G50/><T108/><D108/><U94/><E94/><V117/><F49/><W99/><G51/><T65/><D65/><U59/><E74/><V29/><F117/><RYUUKYOKU ba="0,0" sc="281,30,196,-10,320,-10,203,-10" hai0="7,8,12,53,55,80,85,91,93,102" /><INIT seed="4,1,0,5,5,85" ten="311,186,310,193" oya="0" hai0="76,46,96,102,65,87,100,127,30,63,54,45,27" hai1="129,42,130,9,97,17,64,79,43,2,62,51,26" hai2="5,49,91,12,58,80,53,72,95,19,123,84,71" hai3="69,3,126,92,24,121,105,106,11,116,86,36,109"/><T81/><D127/><U118/><E118/><V89/><F71/><W82/><G24/><T37/><D102/><U7/><E79/><V56/><F123/><W28/><G28/><T20/><D54/><U122/><E122/><V132/><F132/><W25/><G25/><T94/><REACH who="0" step="1"/><D37/><REACH who="0" ten="301,186,310,193" step="2"/><U113/><E130/><V0/><F0/><W60/><G36/><T104/><D104/><U23/><E129/><V99/><F72/><W67/><G106/><T22/><D22/><U52/><E113/><V41/><F41/><W38/><G105/><T124/><D124/><U120/><E120/><V133/><F133/><W59/><G38/><T13/><D13/><U115/><E115/><V14/><F14/><W1/><G3/><T98/><D98/><U90/><E64/><V125/><F125/><W70/><G67/><T135/><D135/><U134/><E134/><V8/><F5/><W131/><G1/><T77/><D77/><U107/><E107/><V16/><F19/><W108/><G126/><T119/><D119/><U39/><E39/><V50/><F50/><W110/><G116/><T10/><D10/><U93/><REACH who="1" step="1"/><E62/><REACH who="1" ten="301,176,310,193" step="2"/><V117/><F117/><W44/><G60/><T34/><D34/><U78/><E78/><V21/><F8/><W32/><G11/><T88/><D88/><U111/><E111/><V48/><F48/><W101/><G109/><T47/><D47/><AGARI ba="1,2" hai="2,7,9,17,23,26,42,43,47,51,52,90,93,97" machi="47" ten="30,8000,1" yaku="1,1,7,1,52,1,54,1,53,1" doraHai="85" doraHaiUra="40" who="1" fromWho="0" sc="301,-83,176,103,310,0,193,0" /><AGARI ba="1,0" hai="12,16,21,47,49,53,56,58,80,84,89,91,95,99" machi="47" ten="30,8000,1" yaku="7,1,8,1,52,2,54,1" doraHai="85" who="2" fromWho="0" sc="218,-80,279,0,310,80,193,0" /><INIT seed="5,0,0,2,1,13" ten="138,279,390,193" oya="1" hai0="129,109,6,82,55,99,32,68,133,15,28,74,126" hai1="123,95,26,61,119,63,122,125,59,16,104,7,128" hai2="14,24,20,44,47,77,23,100,127,9,78,76,94" hai3="3,102,53,0,19,62,33,114,98,25,54,51,91"/><U4/><E119/><V135/><F135/><W134/><G114/><T121/><D109/><U11/><E104/><V115/><F127/><W111/><G111/><T12/><D68/><U34/><E125/><V50/><F115/><W108/><G134/><T113/><D126/><U30/><E128/><V87/><F24/><W81/><G33/><T70/><D70/><U57/><E95/><V88/><F100/><W27/><G27/><T97/><D133/><U93/><E93/><V35/><F35/><W46/><G81/><T43/><D43/><U45/><E45/><V103/><F103/><W56/><G108/><T83/><D113/><U38/><E38/><V48/><F48/><W110/><G110/><T118/><D118/><U67/><E123/><V96/><F96/><W42/><G42/><T72/><D28/><U112/><E112/><V73/><F73/><W18/><G91/><T105/><D32/><U89/><E89/><V37/><F47/><W2/><REACH who="3" step="1"/><G25/><REACH who="3" ten="138,279,390,183" step="2"/><T116/><D116/><U22/><E122/><V39/><F39/><W58/><G58/><T71/><D71/><U130/><E130/><V31/><F37/><W49/><G49/><T79/><D121/><U66/><E11/><V21/><F31/><W132/><G132/><T41/><D129/><U10/><E10/><V60/><F9/><W92/><AGARI ba="0,1" hai="0,2,3,18,19,46,51,53,54,56,62,92,98,102" machi="92" ten="30,7900,0" yaku="1,1,0,1,52,2,53,0" doraHai="13" doraHaiUra="85" who="3" fromWho="3" sc="138,-20,279,-39,390,-20,183,89" /><INIT seed="6,0,0,5,1,17" ten="118,240,370,272" oya="2" hai0="3,46,103,11,126,79,132,43,89,27,5,130,109" hai1="45,110,48,75,106,28,20,32,40,39,83,2,107" hai2="98,135,7,108,118,122,23,123,102,10,55,61,81" hai3="54,51,36,9,35,115,131,52,119,42,87,84,90"/><V96/><F118/><W127/><G35/><T121/><D109/><U41/><E48/><V57/><F135/><W29/><G119/><T22/><D121/><U68/><E110/><V105/><F108/><W14/><G36/><T73/><D126/><U16/><E68/><V116/><F116/><W25/><G131/><T80/><D130/><U97/><E41/><V124/><F124/><W134/><G134/><T63/><D132/><U94/><E2/><V15/><F81/><W85/><G115/><T86/><D103/><U65/><E65/><V50/><F98/><W19/><G42/><T38/><D63/><U133/><E133/><V26/><REACH who="2" step="1"/><F61/><REACH who="2" ten="118,240,360,272" step="2"/><W53/><G127/><T69/><D69/><U21/><E83/><V114/><F114/><W78/><G78/><T33/><D33/><U31/><E75/><V129/><F129/><W93/><G85/><T60/><D60/><U95/><E107/><V91/><F91/><W111/><G87/><T44/><D86/><U18/><E106/><V70/><F70/><W104/><G104/><T34/><D34/><U113/><E113/><V30/><AGARI ba="0,1" hai="7,10,15,23,26,30,50,55,57,96,102,105,122,123" machi="30" ten="20,7800,0" yaku="1,1,0,1,7,1,52,1,53,0" doraHai="17" doraHaiUra="37" who="2" fromWho="2" sc="118,-26,240,-26,360,88,272,-26" /><INIT seed="6,1,0,1,3,91" ten="92,214,448,246" oya="2" hai0="52,111,128,17,46,35,72,87,70,68,117,121,67" hai1="132,83,118,115,113,26,30,85,12,131,63,39,47" hai2="48,97,78,76,133,69,1,28,88,20,116,66,105" hai3="34,64,43,45,84,3,90,4,37,9,129,56,22"/><V109/><F1/><W23/><G34/><T53/><D35/><U55/><E118/><V102/><F116/><W42/><G42/><T134/><D72/><U89/><E131/><V123/><F123/><W36/><G36/><T60/><D117/><U57/><E132/><V99/><F66/><W96/><G96/><T10/><D121/><U59/><E12/><V6/><F6/><W27/><G129/><T38/><D128/><U107/><E107/><V54/><F69/><W74/><G74/><T77/><D134/><U98/><E98/><V73/><F73/><W82/><G27/><T93/><D111/><U5/><E5/><V29/><F133/><W18/><G18/><T81/><D68/><U104/><E104/><V11/><F11/><W44/><G44/><T100/><D38/><U125/><E125/><V32/><F32/><W94/><G82/><T24/><D46/><U41/><REACH who="1" step="1"/><E59/><REACH who="1" ten="92,204,448,246" step="2"/><V108/><F99/><W75/><G56/><T51/><D70/><U65/><E65/><V40/><F105/><W62/><G64/><T61/><D67/><U16/><E16/><V58/><F102/><W124/><G4/><T120/><D120/><U15/><E15/><V114/><F109/><W8/><G3/><T14/><D24/><U122/><E122/><V13/><F13/><W110/><G124/><T21/><D10/><U130/><E130/><V127/><F127/><W112/><G8/><T135/><D135/><U126/><E126/><V0/><F58/><W92/><G9/><T119/><D119/><U79/><E79/><V7/><F108/><W33/><G110/><RYUUKYOKU ba="1,1" sc="92,-10,204,30,448,-10,246,-10" hai1="26,30,39,41,47,55,57,63,83,85,89,113,115" /><INIT seed="7,2,1,5,2,3" ten="82,234,438,236" oya="3" hai0="39,34,36,127,106,104,94,86,46,14,116,32,63" hai1="93,128,88,23,30,66,71,37,133,16,120,15,9" hai2="7,85,132,122,110,0,74,38,70,31,41,21,121" hai3="78,82,101,24,75,25,64,59,17,48,129,112,68"/><W8/><G68/><T18/><D46/><U79/><E120/><V58/><F74/><W119/><G119/><T2/><D63/><U99/><E37/><V10/><F70/><W26/><G112/><T76/><D94/><U22/><E128/><V92/><F58/><W98/><G129/><T113/><D86/><U109/><E109/><V117/><F110/><W108/><G108/><T35/><D76/><U55/><E133/><V19/><F31/><W5/><G64/><T29/><D29/><U77/><E71/><V33/><F33/><W52/><G17/><T49/><D49/><U126/><E126/><V28/><F28/><W115/><G115/><T61/><D61/><U80/><E66/><V81/><F92/><W123/><G123/><T73/><D14/><U57/><E30/><V118/><F132/><W72/><G72/><T124/><D18/><U62/><E79/><V51/><F38/><N who="0" m="14378" /><D73/><AGARI ba="2,1" hai="9,15,16,22,23,55,57,62,73,77,80,88,93,99" machi="73" ten="30,3900,0" yaku="7,1,54,2" doraHai="3" who="1" fromWho="0" sc="82,-45,234,55,438,0,236,0" owari="37,-46.0,289,9.0,438,53.0,236,-16.0" /></mjloggm>