<mjloggm ver="2.3"><GO type="169" lobby="0"/><UN n0="%E3%83%88%E3%83%8B%E3%83%BC%E2%98%85%E5%BD%A1" n1="%E3%83%A4%E3%82%B3%E3%83%96%E3%82%B3%E3%83%BC%E3%82%A8%E3%83%B3" n2="%E3%83%88%E3%83%88%E3%83%AA%E5%85%88%E7%94%9F%31%39%E6%AD%B3" n3="%72%61%69%72%75%40%54%4B" dan="17,17,19,16" rate="2184.86,2156.52,2317.27,2149.88" sx="M,M,F,M"/><TAIKYOKU oya="0"/><INIT seed="0,0,0,0,1,118" ten="250,250,250,250" oya="0" hai0="19,52,9,133,106,54,64,88,103,1,73,39,63" hai1="11,96,36,50,59,117,41,123,38,6,42,95,98" hai2="110,2,7,60,56,130,87,111,69,94,83,89,74" hai3="100,8,119,51,122,14,26,28,23,79,71,22,112"/><T107/><D73/><U67/><E117/><V40/><F69/><W44/><G112/><T128/><D39/><U66/><E59/><V82/><F130/><W131/><G119/><T13/><D128/><U72/><E72/><V127/><F127/><W68/><G131/><T37/><D37/><U80/><E80/><V49/><F2/><W109/><G109/><N who="2" m="41481" /><F7/><W58/><G79/><T45/><D133/><U114/><E114/><V81/><F49/><W25/><G58/><T33/><D33/><U34/><E34/><V35/><F35/><W78/><G78/><T21/><D45/><U62/><E50/><V12/><F12/><W18/><G122/><T93/><D107/><U53/><E123/><V84/><F40/><W120/><G120/><T27/><D1/><U4/><E62/><V46/><F46/><W10/><G100/><T48/><D48/><U15/><E15/><V86/><F74/><W17/><REACH who="3" step="1"/><G10/><REACH who="3" ten="250,250,250,240" step="2"/><T108/><D103/><U101/><E11/><V75/><F75/><W105/><G105/><T24/><D106/><U3/><E101/><V76/><F76/><W91/><G91/><T97/><D108/><U65/><E38/><V20/><F56/><W126/><G126/><T16/><D27/><U5/><E36/><V121/><F121/><W116/><G116/><T124/><D124/><U102/><E3/><V30/><F60/><W90/><G90/><T92/><D92/><U132/><E95/><V113/><F113/><W57/><G57/><AGARI ba="0,1" hai="9,13,16,19,21,24,52,54,57,63,64,88,93,97" machi="57" ten="30,12000,1" yaku="7,1,8,1,54,3" doraHai="118" who="0" fromWho="3" sc="250,130,250,0,250,0,240,-120" /><INIT seed="0,1,0,1,0,74" ten="380,250,250,120" oya="0" hai0="99,128,39,77,134,18,43,57,124,104,83,28,115" hai1="106,101,103,86,49,12,95,97,105,63,19,50,76" hai2="129,110,3,114,5,52,78,16,133,113,71,48,73" hai3="33,98,92,72,82,1,22,7,102,118,30,69,40"/><T42/><D115/><U44/><E63/><V93/><F71/><W35/><G118/><T53/><D128/><U122/><E122/><V84/><F129/><W125/><G69/><T75/><D134/><U120/><E120/><V32/><F32/><W41/><G125/><T96/><D124/><U81/><E50/><V54/><F133/><W29/><G35/><T108/><D108/><U60/><E60/><V87/><F110/><W25/><G33/><T68/><D68/><U11/><REACH who="1" step="1"/><E103/><REACH who="1" ten="380,240,250,120" step="2"/><V91/><F113/><W4/><G102/><T58/><D39/><U56/><E56/><V55/><F114/><W66/><G66/><T9/><D58/><U70/><E70/><V85/><F48/><W90/><G41/><AGARI ba="1,1" hai="11,12,19,41,44,49,76,81,86,95,97,101,105,106" machi="41" ten="30,7700,0" yaku="1,1,7,1,52,1,53,1" doraHai="74" doraHaiUra="38" who="1" fromWho="3" sc="380,0,240,90,250,0,120,-80" /><INIT seed="1,0,0,2,1,80" ten="380,330,250,40" oya="1" hai0="22,49,120,128,60,134,1,41,12,57,27,61,92" hai1="99,56,129,73,98,121,62,19,116,72,34,90,74" hai2="33,17,79,66,88,68,76,25,123,51,6,26,13" hai3="114,15,0,47,44,101,39,71,115,48,96,87,107"/><U9/><E34/><V38/><F123/><W110/><G0/><T135/><D1/><U100/><E121/><V2/><F38/><W133/><G71/><T65/><D120/><U130/><E116/><V3/><F3/><W31/><G110/><T132/><D12/><N who="1" m="7567" /><E90/><V36/><F36/><W32/><G133/><T119/><D119/><U83/><E83/><V8/><F51/><W86/><G39/><T28/><D92/><U64/><E100/><V127/><F127/><W122/><G122/><T10/><D10/><U69/><E69/><V124/><F124/><W109/><G109/><T5/><D5/><U105/><E105/><V125/><F125/><W37/><G37/><T113/><D128/><AGARI ba="0,0" hai="56,62,64,72,73,74,98,99,128,129,130" m="7567" machi="128" ten="40,2000,0" yaku="19,1" doraHai="80" who="1" fromWho="0" sc="380,-20,330,20,250,0,40,0" /><INIT seed="1,1,0,5,4,89" ten="360,350,250,40" oya="1" hai0="35,81,5,122,57,83,131,110,26,43,121,9,82" hai1="94,120,135,29,49,1,108,10,38,21,12,40,7" hai2="64,15,14,124,86,16,75,74,27,76,79,96,68" hai3="63,13,41,52,91,66,31,19,50,36,103,70,2"/><U18/><E38/><V37/><F37/><W69/><G2/><T119/><D119/><U62/><E120/><N who="0" m="46185" /><D110/><U73/><E73/><V117/><F117/><W48/><G70/><T128/><D43/><U97/><E135/><V67/><F27/><W93/><G31/><N who="0" m="19959" /><D57/><U47/><E108/><V78/><F124/><W17/><G103/><T23/><D23/><U102/><E29/><V8/><F86/><W114/><G114/><T101/><D101/><U127/><E127/><V20/><F96/><W80/><G80/><N who="0" m="20483" /><T125/><DORA hai="24" /><D125/><U105/><REACH who="1" step="1"/><E62/><REACH who="1" ten="360,340,250,40" step="2"/><V107/><F74/><W84/><G36/><T34/><D34/><U77/><E77/><V25/><F75/><W88/><G48/><T106/><D106/><AGARI ba="1,1" hai="1,7,10,12,18,21,40,47,49,94,97,102,105,106" machi="106" ten="40,7700,0" yaku="1,1,52,1,53,1" doraHai="89,24" doraHaiUra="11,112" who="1" fromWho="0" sc="360,-80,340,90,250,0,40,0" /><INIT seed="1,2,0,3,3,22" ten="280,430,250,40" oya="1" hai0="58,41,119,15,85,90,113,21,23,101,10,7,116" hai1="131,48,83,52,75,111,16,118,99,124,76,60,43" hai2="6,96,65,62,59,54,89,42,4,47,97,28,133" hai3="117,92,68,3,19,129,125,72,11,53,14,94,107"/><U123/><E123/><V33/><F133/><W79/><G53/><T32/><D113/><U49/><E118/><V30/><F6/><W87/><G19/><T64/><D32/><U56/><E124/><V0/><F0/><W121/><G14/><T130/><D130/><U27/><E131/><V126/><F4/><W20/><G20/><T100/><D41/><U50/><E99/><V84/><F126/><W35/><G11/><T36/><D36/><U81/><E81/><V109/><F109/><W9/><G9/><T80/><D119/><U127/><E127/><V67/><F30/><W104/><G87/><T86/><D116/><U51/><E111/><V18/><F18/><W17/><G17/><T115/><D115/><U66/><E43/><V91/><F33/><W34/><G79/><T78/><D101/><U70/><E48/><N who="2" m="26743" /><F28/><W82/><G82/><N who="0" m="49495" /><D100/><U45/><E70/><V103/><F103/><W26/><G94/><T69/><D69/><U12/><E27/><V93/><F97/><W8/><G26/><T132/><D132/><U108/><E108/><V46/><F46/><W110/><G8/><AGARI ba="2,0" hai="8,12,16,45,49,50,51,52,56,60,66,75,76,83" machi="8" ten="30,5800,0" yaku="7,1,54,2" doraHai="22" who="1" fromWho="3" sc="280,0,430,64,250,0,40,-64" owari="280,8.0,494,59.0,250,-15.0,-24,-52.0" /></mjloggm>