<mjloggm ver="2.3"><GO type="169" lobby="0"/><UN n0="%74%61%6B%65%2D%79%6F%75" n1="%7A%6F%6F%31%39%36%34" n2="%E3%81%BF%E3%81%A9%E3%82%8A%E7%89%A7%E5%A0%B4" n3="%E3%83%88%E3%83%88%E3%83%AA%E5%85%88%E7%94%9F%31%39%E6%AD%B3" dan="18,17,17,19" rate="2250.98,2189.48,2135.81,2321.56" sx="M,M,M,F"/><TAIKYOKU oya="0"/><INIT seed="0,0,0,4,4,2" ten="250,250,250,250" oya="0" hai0="34,126,119,46,5,29,70,130,112,97,104,32,95" hai1="55,54,88,27,128,100,85,134,124,102,23,62,83" hai2="75,19,107,93,87,122,129,78,98,86,114,41,84" hai3="105,80,71,115,135,67,73,14,28,50,30,53,42"/><T48/><D112/><U51/><E134/><V38/><F122/><W92/><G105/><T90/><D119/><U3/><E3/><V116/><F114/><W77/><G115/><T49/><D130/><U16/><E124/><V24/><F129/><W89/><G42/><T68/><D126/><U127/><E128/><V66/><F107/><W125/><G135/><T9/><D104/><U36/><E36/><V110/><F75/><W11/><G125/><T103/><D103/><U12/><E127/><V35/><F116/><W132/><G67/><T25/><D32/><U65/><E27/><V0/><F0/><W47/><G71/><T64/><D64/><U63/><E55/><V109/><F41/><W21/><G21/><T106/><D106/><U123/><E123/><V15/><F38/><W131/><G131/><T72/><D72/><U81/><E83/><V37/><F37/><W56/><G56/><T120/><D120/><U17/><E17/><V58/><F78/><W79/><G79/><T20/><D34/><U61/><E65/><V6/><F58/><AGARI ba="0,0" hai="12,16,23,51,54,58,61,62,63,81,85,88,100,102" machi="58" ten="40,5200,0" yaku="8,1,54,2" doraHai="2" who="1" fromWho="2" sc="250,0,250,52,250,-52,250,0" /><INIT seed="1,0,0,5,5,132" ten="250,302,198,250" oya="1" hai0="86,0,5,45,77,48,22,116,131,135,61,15,111" hai1="2,78,117,118,4,94,32,53,46,39,124,23,12" hai2="127,71,44,93,91,72,106,30,38,92,110,112,43" hai3="8,27,68,113,33,24,26,18,21,7,17,20,119"/><U126/><E32/><V95/><F106/><W51/><G68/><T35/><D116/><U42/><E94/><V34/><F71/><W67/><G67/><T122/><D135/><U87/><E53/><V103/><F72/><W83/><G113/><T133/><D133/><U65/><E65/><V29/><F112/><W98/><G83/><T75/><D111/><U55/><E55/><V90/><F110/><W3/><G51/><T80/><D131/><U70/><E70/><V9/><F103/><W96/><G96/><T81/><D122/><U109/><E109/><V76/><F76/><W1/><G98/><T107/><D35/><U37/><E37/><V74/><F74/><W58/><G58/><T19/><D107/><U123/><E123/><V63/><F63/><W31/><G119/><T79/><D61/><U104/><E104/><V115/><F115/><W88/><G88/><T62/><D62/><U13/><E2/><AGARI ba="0,0" hai="1,2,3,7,8,17,18,20,21,24,26,27,31,33" machi="2" ten="30,16000,3" yaku="7,1,9,1,35,6" doraHai="132" who="3" fromWho="1" sc="250,0,302,-160,198,0,250,160" /><INIT seed="2,0,0,4,1,132" ten="250,142,198,410" oya="2" hai0="102,131,70,88,49,23,14,124,59,32,114,26,20" hai1="47,62,92,111,127,118,33,60,64,12,67,109,78" hai2="19,119,3,112,28,58,106,100,107,6,44,87,126" hai3="90,15,121,75,17,96,55,65,76,11,41,36,101"/><V80/><F112/><W72/><G121/><T98/><D114/><U46/><E33/><V134/><F119/><W79/><G65/><T110/><D110/><N who="1" m="41995" /><E78/><V82/><F134/><W25/><G55/><T68/><D131/><U4/><E92/><V2/><F28/><W7/><G90/><T77/><D124/><U93/><E93/><V84/><F44/><N who="1" m="16937" /><E4/><V63/><F19/><W122/><G41/><T27/><D77/><U61/><E12/><V81/><F6/><W54/><G122/><T21/><D88/><U43/><E118/><V133/><F133/><W30/><G36/><T38/><D14/><U31/><E31/><V52/><F126/><W45/><G76/><T22/><D38/><U104/><E104/><V10/><F10/><W40/><G79/><T53/><D32/><U89/><E89/><V94/><F94/><W29/><G29/><T39/><D39/><U128/><E43/><V18/><F18/><W48/><G40/><T91/><D91/><U69/><E127/><V66/><F100/><W129/><G129/><T35/><D35/><U95/><E95/><V103/><F103/><W8/><G30/><T85/><N who="0" m="5120" /><DORA hai="9" /><T113/><D113/><U86/><E86/><N who="2" m="32811" /><F106/><W74/><G25/><T42/><D85/><U135/><E135/><V0/><F107/><N who="3" m="63911" /><G8/><T5/><D27/><U16/><E128/><V108/><F82/><W97/><G7/><T13/><D26/><U120/><E120/><V83/><F108/><W56/><G97/><T105/><D42/><U73/><E73/><V24/><F24/><W125/><G125/><T34/><D34/><RYUUKYOKU ba="0,0" sc="250,10,142,-30,198,10,410,10" hai0="5,13,49,53,59,68,70,98,102,105" hai2="0,2,3,52,58,63,66,80,81,83" hai3="11,15,17,45,48,54,56,72,74,75" /><INIT seed="2,1,0,0,4,112" ten="260,112,208,420" oya="2" hai0="37,22,36,135,133,9,78,132,100,66,23,40,71" hai1="52,12,75,43,126,56,118,26,86,103,116,14,39" hai2="62,15,47,122,99,46,53,91,123,4,85,20,16" hai3="35,19,67,81,7,42,1,131,82,13,24,44,8"/><V49/><F99/><W63/><G131/><T109/><D109/><U69/><E75/><V114/><F114/><W10/><G35/><T115/><D115/><U110/><E69/><V34/><F34/><W74/><G74/><T104/><D78/><U113/><E113/><V48/><F62/><W120/><G120/><T88/><D9/><U17/><E110/><V70/><F70/><W96/><G24/><T107/><D88/><U128/><E103/><V80/><REACH who="2" step="1"/><F4/><REACH who="2" ten="260,112,198,420" step="2"/><W11/><G96/><T64/><D71/><U127/><E128/><V76/><F76/><W98/><G98/><T83/><D133/><U5/><E5/><V6/><F6/><W79/><G79/><T125/><D135/><U105/><E105/><V18/><F18/><W111/><G111/><T41/><D132/><U106/><E106/><V68/><F68/><W38/><G63/><T25/><D104/><U3/><E127/><V87/><F87/><W60/><G60/><T55/><D107/><U93/><E126/><V32/><F32/><W102/><G102/><T57/><D100/><U59/><E86/><V117/><F117/><W29/><G29/><T92/><D125/><U51/><E17/><V90/><F90/><W89/><G89/><T0/><D66/><U65/><E65/><V50/><F50/><W130/><G130/><T58/><D64/><U108/><E51/><V54/><AGARI ba="1,1" hai="15,16,20,46,47,48,49,53,54,80,85,91,122,123" machi="54" ten="20,12000,1" yaku="1,1,0,1,7,1,9,1,54,1,53,0" doraHai="112" doraHaiUra="33" who="2" fromWho="2" sc="260,-41,112,-41,198,133,420,-41" /><INIT seed="2,2,0,1,5,130" ten="219,71,331,379" oya="2" hai0="57,127,49,43,109,40,111,93,2,62,119,123,77" hai1="29,74,71,135,83,1,108,122,24,0,66,53,98" hai2="64,79,65,22,28,67,13,38,23,17,131,41,4" hai3="45,51,103,59,120,101,37,89,91,5,30,68,82"/><V60/><F131/><W27/><G120/><T88/><D123/><U31/><E108/><N who="0" m="41545" /><D127/><U86/><E122/><V15/><F79/><W3/><G68/><T113/><D113/><U8/><E74/><V75/><F75/><W19/><G37/><T90/><D119/><U95/><E31/><V96/><F38/><W32/><G59/><T116/><D116/><U76/><E53/><V129/><F41/><W16/><G101/><T6/><D77/><U50/><E50/><V84/><F129/><W133/><G103/><T105/><D105/><U48/><E48/><V7/><F84/><W21/><G82/><T118/><D118/><U106/><E106/><V73/><F73/><W26/><G133/><T36/><D36/><U115/><E8/><V25/><F96/><W125/><G125/><T44/><D43/><U100/><E115/><V42/><F42/><W80/><G80/><T112/><D112/><U11/><E11/><N who="2" m="4607" /><F4/><W34/><G5/><T128/><D128/><U126/><E126/><V39/><F39/><W99/><G3/><T81/><D81/><U70/><E135/><V9/><F9/><W124/><G124/><T33/><D6/><U35/><E71/><V61/><AGARI ba="2,0" hai="13,17,22,23,25,28,60,61,64,65,67" m="4607" machi="61" ten="30,1500,0" yaku="8,1" doraHai="130" who="2" fromWho="2" sc="219,-7,71,-7,331,21,379,-7" /><INIT seed="2,3,0,4,0,12" ten="212,64,352,372" oya="2" hai0="102,67,128,68,108,117,55,66,0,78,106,115,3" hai1="39,32,79,114,52,94,88,107,76,29,4,126,2" hai2="44,90,42,36,124,65,34,133,53,16,101,105,112" hai3="121,92,41,33,57,73,84,46,91,37,74,20,47"/><V123/><F112/><W54/><G121/><T7/><D115/><U81/><E107/><V38/><F123/><W87/><G33/><T26/><D108/><U60/><E39/><V95/><F34/><W21/><G46/><T116/><D128/><U83/><E126/><V8/><F105/><W19/><G21/><T5/><D78/><U97/><E114/><V75/><F75/><W23/><G20/><T129/><D129/><U119/><E119/><N who="0" m="45641" /><D55/><U63/><E2/><N who="0" m="553" /><D26/><U6/><E29/><V11/><F101/><W49/><REACH who="3" step="1"/><G84/><REACH who="3" ten="212,64,352,362" step="2"/><T96/><D68/><U135/><E32/><V85/><F124/><W104/><G104/><T25/><D25/><AGARI ba="3,1" hai="19,23,25,37,41,47,49,54,57,73,74,87,91,92" machi="25" ten="30,3900,0" yaku="1,1,7,1,52,1,53,0" doraHai="12" doraHaiUra="93" who="3" fromWho="0" sc="212,-48,64,0,352,0,362,58" /><INIT seed="3,0,0,2,0,26" ten="164,64,352,420" oya="3" hai0="29,40,61,31,47,127,116,111,13,66,74,124,33" hai1="64,65,59,56,117,48,30,22,15,94,110,82,128" hai2="6,36,109,118,57,107,34,25,80,119,23,87,122" hai3="78,46,83,3,93,96,60,62,8,106,72,0,108"/><W28/><G106/><T133/><D116/><U79/><E110/><V63/><F109/><W135/><G108/><T132/><D111/><U20/><E128/><V24/><F36/><W120/><G120/><T18/><D74/><U17/><E117/><V90/><F107/><W95/><G135/><N who="0" m="51787" /><D33/><U58/><E94/><V97/><F122/><W86/><G72/><T69/><D18/><U42/><E42/><V101/><F6/><W125/><G125/><N who="0" m="48203" /><D13/><U52/><E82/><V5/><F5/><W39/><G8/><T115/><D115/><U9/><E79/><V92/><F24/><W134/><G134/><T45/><D45/><N who="1" m="27663" /><E9/><V19/><F34/><W121/><G121/><T88/><D88/><U55/><E55/><AGARI ba="0,0" hai="19,23,25,55,57,63,80,87,90,92,97,101,118,119" machi="55" ten="30,1000,0" yaku="7,1" doraHai="26" who="2" fromWho="1" sc="164,0,64,-10,352,10,420,0" /><INIT seed="4,0,0,4,1,23" ten="164,54,362,420" oya="0" hai0="83,102,10,88,66,35,77,113,106,128,11,18,47" hai1="126,112,110,130,108,76,85,34,70,78,120,26,90" hai2="87,37,41,84,91,28,62,17,131,22,81,100,115" hai3="82,73,132,31,2,125,67,6,127,105,42,74,51"/><T38/><D113/><U94/><E120/><V7/><F131/><W92/><G105/><T1/><D128/><U0/><E130/><V104/><F104/><W65/><G132/><T3/><D35/><U93/><E70/><V59/><F100/><W134/><G134/><T123/><D123/><U109/><E0/><V16/><F7/><W80/><G92/><T53/><D66/><U72/><E72/><V117/><F117/><W52/><G42/><T64/><D64/><U60/><E126/><N who="3" m="48138" /><G82/><T49/><D38/><U95/><E60/><V57/><F41/><W133/><G133/><T25/><D102/><U40/><E40/><V24/><F37/><W45/><G73/><T58/><D106/><U114/><E26/><V98/><F98/><W30/><G30/><T135/><D25/><U116/><E34/><V99/><F99/><W39/><G39/><T8/><D135/><U12/><E12/><V79/><F115/><N who="1" m="44073" /><E116/><V118/><F118/><W9/><G31/><T5/><D3/><U119/><E119/><V89/><F79/><AGARI ba="0,0" hai="2,6,9,45,51,52,65,67,74,79,80" m="48138" machi="79" ten="30,2000,0" yaku="18,1,54,1" doraHai="23" who="3" fromWho="2" sc="164,0,54,0,362,-20,420,20" /><AGARI ba="0,0" hai="76,78,79,85,90,93,94,95,108,109,110" m="44073" machi="79" ten="40,8000,1" yaku="15,1,11,1,34,2" doraHai="23" who="1" fromWho="2" sc="164,0,54,80,342,-80,440,0" /><INIT seed="5,0,0,3,2,97" ten="164,134,262,440" oya="1" hai0="92,12,76,88,49,5,27,54,4,79,107,96,11" hai1="2,131,60,82,40,44,58,111,69,51,70,119,22" hai2="77,28,47,36,128,52,115,74,26,64,87,42,41" hai3="89,65,101,117,135,78,63,53,93,124,59,112,46"/><U102/><E2/><V17/><F74/><W66/><G112/><T73/><D107/><U24/><E119/><V106/><F106/><W61/><G135/><T116/><D116/><U35/><E131/><V85/><F128/><W33/><G33/><T39/><D39/><U86/><E35/><V72/><F64/><W8/><G117/><T99/><D99/><U21/><E111/><V10/><F42/><W18/><G101/><T43/><D43/><U113/><E113/><V123/><F123/><W83/><G124/><T9/><D27/><U68/><E102/><V110/><F72/><W45/><G8/><T108/><D108/><U62/><E58/><V126/><F77/><W125/><G18/><T30/><D30/><U23/><REACH who="1" step="1"/><E24/><REACH who="1" ten="164,124,262,440" step="2"/><V50/><F110/><W130/><G59/><N who="0" m="33231" /><D73/><U29/><E29/><V100/><F100/><W6/><G130/><T16/><D11/><U56/><E56/><V37/><F115/><W133/><G125/><T129/><D129/><U91/><AGARI ba="0,1" hai="21,22,23,40,44,51,60,62,68,69,70,82,86,91" machi="91" ten="40,3900,0" yaku="1,1,0,1,53,0" doraHai="97" doraHaiUra="94" who="1" fromWho="1" sc="164,-13,124,49,262,-13,440,-13" /><INIT seed="5,1,0,2,0,55" ten="151,173,249,427" oya="1" hai0="16,89,99,64,77,24,13,79,9,112,116,74,38" hai1="48,71,129,105,84,50,14,25,3,67,6,118,57" hai2="83,59,135,134,46,92,60,125,10,103,102,30,61" hai3="76,69,39,66,1,117,70,128,124,110,85,119,42"/><U114/><E118/><N who="3" m="45066" /><G1/><T132/><D116/><U19/><E105/><V113/><F125/><W88/><G76/><T86/><D112/><U35/><E71/><V127/><F127/><W54/><G124/><T37/><D132/><U121/><E121/><V27/><F113/><W11/><G66/><T82/><D64/><U87/><E114/><V100/><F61/><W12/><G110/><T106/><D24/><U126/><E126/><V130/><F46/><N who="3" m="23903" /><G54/><T58/><D79/><U72/><E72/><V26/><F130/><W23/><G23/><T21/><D21/><N who="1" m="13503" /><E3/><V43/><F43/><W133/><G128/><T104/><D38/><U98/><E35/><V47/><F47/><W7/><G133/><T97/><D37/><U5/><E98/><V107/><F107/><W63/><G63/><T80/><D99/><U20/><E129/><V115/><F115/><W53/><G53/><T29/><D29/><U49/><E20/><V131/><F131/><W2/><G2/><T0/><D97/><U56/><E67/><N who="2" m="39327" /><F135/><W108/><G108/><T41/><D41/><U65/><E65/><V109/><F134/><W15/><G15/><T123/><D0/><U73/><E73/><V111/><F109/><W96/><G96/><T32/><D32/><U95/><E14/><V18/><F111/><W68/><G68/><T4/><D123/><U28/><E28/><V40/><F40/><W91/><G69/><T75/><D75/><U36/><E36/><V51/><F30/><W78/><G70/><T52/><D4/><N who="1" m="1643" /><E87/><V45/><F26/><W81/><AGARI ba="1,0" hai="7,11,12,78,81,85,88,91" m="23903,45066" machi="81" ten="30,2000,0" yaku="12,1,54,1" doraHai="55" who="3" fromWho="3" sc="151,-6,173,-11,249,-6,427,23" /><INIT seed="6,0,0,4,3,78" ten="145,162,243,450" oya="2" hai0="107,126,98,19,75,59,20,111,2,132,134,122,22" hai1="101,24,12,47,86,63,77,6,99,3,102,131,33" hai2="76,89,128,84,119,42,49,37,61,125,31,113,46" hai3="36,51,15,53,34,64,50,96,121,110,68,118,109"/><V11/><F119/><W65/><G34/><T90/><D122/><U71/><E3/><V30/><F113/><W48/><G36/><T23/><D111/><N who="3" m="42505" /><G15/><T115/><D115/><U35/><E131/><V97/><F128/><W29/><G96/><T94/><D126/><U120/><E120/><V95/><F125/><W27/><G27/><T54/><D2/><U45/><E102/><V81/><F37/><W60/><G29/><T130/><D130/><U18/><E6/><V124/><F124/><W83/><G83/><T114/><D114/><U104/><E35/><V52/><F11/><W38/><G121/><T44/><D75/><U69/><E69/><V13/><F13/><W67/><G118/><T1/><D1/><U0/><E0/><V39/><REACH who="2" step="1"/><F61/><REACH who="2" ten="145,162,233,450" step="2"/><N who="3" m="40047" /><G38/><T74/><D132/><U129/><E129/><V93/><F93/><W80/><G80/><T88/><D134/><U4/><E12/><V40/><F40/><W103/><G103/><T8/><D8/><U87/><E101/><V133/><F133/><W14/><G14/><T91/><D107/><U127/><E127/><V108/><F108/><W112/><G112/><T73/><D94/><U135/><E104/><V106/><F106/><W21/><G21/><T72/><D19/><U32/><E32/><V105/><F105/><W7/><G7/><T28/><D22/><U56/><E33/><V70/><F70/><W9/><G9/><T17/><D20/><U117/><E71/><V100/><F100/><W57/><AGARI ba="0,1" hai="48,50,51,53,57,60,64,65" m="40047,42505" machi="57" ten="40,2700,0" yaku="34,2" doraHai="78" who="3" fromWho="3" sc="145,-7,162,-7,233,-13,450,37" /><INIT seed="7,0,0,5,3,76" ten="138,155,220,487" oya="3" hai0="117,75,132,118,50,109,15,58,107,6,88,1,78" hai1="105,5,112,106,104,125,49,133,44,30,86,102,98" hai2="54,119,43,23,55,85,38,99,25,73,122,74,32" hai3="29,126,120,108,42,89,116,95,37,16,93,51,111"/><W71/><G116/><T20/><D109/><N who="3" m="42057" /><G120/><T41/><D132/><U45/><E112/><V80/><F99/><W83/><G71/><T69/><D69/><U129/><E133/><V84/><F43/><W62/><G37/><T63/><D1/><U81/><E129/><V40/><F40/><W33/><G126/><T47/><D107/><U67/><E125/><V72/><F32/><W77/><G62/><T8/><D88/><U128/><E128/><V131/><F84/><N who="3" m="48239" /><G16/><T17/><D78/><U101/><E67/><V68/><F38/><W121/><G121/><T92/><D92/><U2/><E30/><V10/><F68/><W56/><G89/><T97/><D97/><U14/><E2/><V123/><F25/><N who="3" m="18607" /><G56/><T65/><REACH who="0" step="1"/><D75/><REACH who="0" ten="128,155,220,487" step="2"/><U24/><E102/><V52/><F123/><W39/><G39/><T70/><D70/><U22/><E106/><V64/><F122/><W135/><G135/><T66/><D66/><U4/><E105/><V57/><F74/><W28/><G28/><T100/><D100/><U127/><E127/><V87/><F73/><W46/><AGARI ba="0,1" hai="42,46,51,93,95" m="18607,48239,42057" machi="46" ten="30,3000,0" yaku="10,1,52,1" doraHai="76" who="3" fromWho="3" sc="128,-10,155,-10,220,-10,487,40" owari="118,-38.0,145,-25.0,210,1.0,527,62.0" /></mjloggm>