<mjloggm ver="2.3"><GO type="169" lobby="0"/><UN n0="%63%6F%62%65%68%6F%70%65" n1="%4A%6F%75%72%6E%65%79" n2="%E3%82%A6%E3%83%AB%E3%83%88%E3%83%A9%E7%AB%8B%E7%9B%B4" n3="%E7%A9%BA%E6%B0%97%E8%AA%AD%E3%81%BF" dan="16,17,18,16" rate="2100.56,2204.94,2261.15,2011.54" sx="M,M,M,M"/><TAIKYOKU oya="0"/><INIT seed="0,0,0,1,4,49" ten="250,250,250,250" oya="0" hai0="19,0,47,13,48,58,55,134,4,80,90,127,66" hai1="83,102,68,128,101,87,30,73,40,15,70,56,7" hai2="52,131,81,17,84,61,65,122,24,79,38,133,124" hai3="14,29,119,88,60,28,26,107,3,63,130,85,104"/><T8/><D127/><U31/><E73/><V37/><F122/><W21/><G119/><T2/><D134/><U16/><E128/><V132/><F131/><W76/><G3/><T20/><D2/><U100/><E7/><V98/><F124/><W106/><G130/><T91/><D66/><U74/><E74/><V18/><F98/><W69/><G76/><T105/><D105/><U10/><E40/><V53/><F24/><W54/><G29/><T118/><D118/><U43/><E43/><V103/><F103/><W92/><G69/><T35/><D80/><U51/><E70/><N who="2" m="42287" /><F17/><W95/><G95/><T115/><D115/><U75/><E68/><V113/><F18/><W67/><G67/><T93/><D35/><U34/><E75/><V72/><F72/><W22/><G22/><T25/><D0/><U42/><E34/><V78/><F78/><W97/><G14/><T5/><D5/><U41/><E41/><V9/><F9/><W11/><G11/><T36/><D36/><N who="2" m="13930" /><F113/><W86/><REACH who="3" step="1"/><G63/><REACH who="3" ten="250,250,250,240" step="2"/><T23/><D23/><U12/><E12/><V111/><F111/><W120/><G120/><T59/><REACH who="0" step="1"/><D91/><REACH who="0" ten="240,250,250,240" step="2"/><U129/><E129/><V89/><F89/><W110/><G110/><T135/><D135/><AGARI ba="0,2" hai="52,53,79,81,84,132,133,135" m="13930,42287" machi="135" ten="30,7700,0" yaku="20,1,52,2,54,1" doraHai="49" who="2" fromWho="0" sc="240,-77,250,0,250,97,240,0" /><INIT seed="1,0,0,0,1,35" ten="163,250,347,240" oya="1" hai0="20,4,68,71,82,72,78,84,2,15,113,51,132" hai1="43,77,118,64,93,6,124,92,127,22,25,94,34" hai2="14,117,95,63,90,54,27,32,13,5,131,7,61" hai3="41,58,26,38,56,80,108,23,3,106,70,81,98"/><U111/><E118/><V101/><F101/><W19/><G70/><T39/><D113/><U66/><E34/><V36/><F36/><W17/><G38/><T128/><D128/><U89/><E77/><V121/><F121/><W60/><G108/><T76/><D39/><U123/><E123/><V37/><F37/><W44/><G3/><T11/><D132/><U75/><E75/><V47/><F117/><W120/><G120/><T79/><D51/><U53/><E43/><V49/><F27/><W105/><G106/><T74/><D74/><U67/><E111/><V52/><F32/><W100/><G56/><T119/><D119/><U24/><E6/><V97/><F131/><W83/><G19/><T87/><D72/><U18/><E53/><V112/><F112/><W12/><G26/><T69/><REACH who="0" step="1"/><D82/><REACH who="0" ten="153,250,347,240" step="2"/><U88/><REACH who="1" step="1"/><E25/><REACH who="1" ten="153,240,347,240" step="2"/><V28/><F5/><W0/><G41/><T125/><D125/><AGARI ba="0,2" hai="18,22,24,64,66,67,88,89,92,93,94,124,125,127" machi="125" ten="50,12000,1" yaku="1,1,2,1,18,1,54,1,53,0" doraHai="35" doraHaiUra="48" who="1" fromWho="0" sc="153,-120,240,140,347,0,240,0" /><INIT seed="1,1,0,2,2,32" ten="33,380,347,240" oya="1" hai0="22,55,75,87,10,105,113,123,7,133,129,72,2" hai1="37,110,19,33,69,21,6,35,51,134,122,94,85" hai2="73,18,65,106,42,29,39,54,109,117,92,45,58" hai3="41,79,57,30,90,63,64,86,102,126,116,83,88"/><U34/><E122/><V36/><F106/><W8/><G126/><T25/><D105/><U74/><E37/><V120/><F73/><W99/><G116/><T97/><D113/><U68/><E74/><V77/><F77/><W67/><G41/><T60/><D123/><U128/><E128/><V40/><F29/><W101/><G67/><T76/><D129/><U118/><E118/><V114/><F92/><W124/><G124/><T61/><D133/><U12/><E134/><V59/><F18/><W47/><G47/><T17/><D61/><U131/><E131/><V78/><F78/><W127/><G127/><T111/><D111/><U52/><E110/><V119/><F120/><W31/><G8/><T95/><D87/><U93/><E6/><V56/><F109/><W80/><G101/><T91/><D76/><U125/><E125/><V43/><F65/><W53/><G64/><T107/><D107/><U11/><E11/><V108/><F108/><W48/><G63/><T38/><D38/><N who="2" m="14378" /><F114/><W9/><G9/><T20/><D20/><U27/><E27/><V13/><F13/><W84/><REACH who="3" step="1"/><G79/><REACH who="3" ten="33,380,347,230" step="2"/><T104/><REACH who="0" step="1"/><D104/><AGARI ba="1,1" hai="30,31,48,53,57,80,83,84,86,88,90,99,102,104" machi="104" ten="30,12000,2" yaku="1,1,2,1,7,1,9,1,54,1,53,1" doraHai="32" doraHaiUra="100" who="3" fromWho="0" sc="33,-123,380,0,347,0,230,133" owari="-90,-59.0,380,48.0,347,-5.0,363,16.0" /></mjloggm>