<mjloggm ver="2.3"><GO type="169" lobby="0"/><UN n0="%E3%80%93%E5%AE%AE%E6%A3%AE%E3%81%82%E3%81%8A%E3%81%84%E3%80%93" n1="%E2%96%BD%E4%B8%8E%E4%BD%9C%28%E3%81%8A%E3%81%AB%E3%81%8E%E3%82%8A" n2="%6B%75%7A%75%6E" n3="%E3%83%88%E3%83%88%E3%83%AA%E5%85%88%E7%94%9F%31%39%E6%AD%B3" dan="16,17,17,19" rate="2115.08,2201.44,2122.52,2315.09" sx="F,M,M,F"/><TAIKYOKU oya="0"/><INIT seed="0,0,0,1,5,88" ten="250,250,250,250" oya="0" hai0="131,125,92,102,3,85,0,36,101,57,104,51,4" hai1="83,48,68,11,111,35,53,71,106,63,107,89,100" hai2="95,134,97,15,65,114,69,55,54,56,119,61,96" hai3="13,29,75,103,127,121,130,98,112,73,10,52,50"/><T67/><D36/><U105/><E100/><V118/><F114/><W110/><G112/><T31/><D125/><U34/><E111/><V25/><F134/><W120/><G110/><T58/><D131/><U76/><E11/><V81/><F81/><W44/><G29/><T74/><D74/><U123/><E123/><N who="3" m="47178" /><G130/><T91/><D31/><U113/><E113/><V22/><F15/><W99/><G99/><T46/><D104/><U115/><E115/><V42/><F42/><W23/><G23/><T1/><D4/><U133/><E89/><V84/><F84/><W37/><G37/><T77/><D77/><U33/><E63/><V72/><F72/><W122/><G127/><T9/><D9/><U16/><E16/><N who="2" m="12487" /><F97/><W116/><G116/><N who="2" m="44585" /><F69/><N who="1" m="26697" /><E133/><V124/><F124/><W108/><N who="3" m="47186" /><W79/><DORA hai="5" /><G79/><T40/><REACH who="0" step="1"/><D67/><REACH who="0" ten="240,250,250,250" step="2"/><U41/><E76/><V87/><F65/><W2/><G108/><T18/><D18/><U64/><E64/><V94/><F87/><W80/><G75/><T90/><D90/><U132/><E132/><V6/><F6/><N who="3" m="3287" /><G2/><T66/><D66/><U47/><E83/><V62/><F96/><W70/><G70/><T38/><D38/><U14/><E106/><V49/><F62/><W43/><G73/><T82/><D82/><U17/><E105/><V28/><F28/><W12/><G80/><T135/><D135/><U86/><E107/><V20/><F20/><W32/><G98/><T21/><D21/><N who="1" m="11447" /><E86/><V39/><F39/><W45/><G103/><AGARI ba="0,1" hai="0,1,3,40,46,51,57,58,85,91,92,101,102,103" machi="103" ten="40,3900,0" yaku="1,1,52,1,53,0" doraHai="88,5" doraHaiUra="126,109" who="0" fromWho="3" sc="240,49,250,0,250,0,250,-39" /><INIT seed="0,1,0,0,2,19" ten="289,250,250,211" oya="0" hai0="29,72,103,117,123,135,31,87,119,24,59,130,86" hai1="71,121,23,60,74,35,58,132,81,83,115,133,44" hai2="15,6,79,129,76,16,88,22,2,122,51,20,17" hai3="27,82,1,54,134,126,90,63,125,9,46,38,100"/><T105/><D72/><U107/><E121/><V70/><F122/><W114/><G114/><T92/><D123/><U7/><E35/><V102/><F70/><W95/><G134/><N who="1" m="51818" /><E74/><V69/><F69/><W42/><G100/><T26/><D135/><U127/><E127/><V110/><F110/><W118/><G118/><T32/><D130/><U62/><E107/><V55/><F129/><W91/><G82/><T96/><D59/><U8/><E44/><V67/><F67/><W21/><G9/><T101/><D101/><U40/><E40/><V77/><F102/><W41/><G1/><T113/><D113/><U120/><E120/><V109/><F109/><W50/><G63/><T28/><D28/><U106/><E106/><V65/><F65/><W49/><G38/><T36/><D36/><U3/><E71/><V37/><F37/><W94/><G126/><T73/><D73/><U30/><E60/><V56/><F2/><W104/><G104/><T98/><D98/><U18/><E30/><V11/><F88/><N who="3" m="33835" /><G125/><T78/><D105/><U124/><E124/><V33/><F33/><W80/><G80/><T89/><D78/><U52/><E115/><V61/><F61/><W112/><G112/><T48/><D48/><U84/><E84/><N who="0" m="32297" /><D103/><U12/><AGARI ba="1,0" hai="3,7,8,12,18,23,52,58,62,81,83" m="51818" machi="12" ten="30,4000,0" yaku="20,1,52,1,54,1" doraHai="19" who="1" fromWho="1" sc="289,-21,250,43,250,-11,211,-11" /><INIT seed="1,0,0,3,2,44" ten="268,293,239,200" oya="1" hai0="85,0,104,121,54,8,2,119,78,9,28,64,36" hai1="24,132,124,122,110,50,33,60,63,58,71,97,49" hai2="19,7,134,40,70,135,106,26,91,128,11,5,52" hai3="131,102,45,90,66,94,47,56,10,83,48,84,133"/><U51/><E122/><V18/><F106/><W42/><G131/><T65/><D104/><U20/><E33/><V88/><F70/><W113/><G133/><N who="2" m="50697" /><F40/><W67/><G113/><T129/><D119/><U41/><E132/><V27/><F128/><W13/><G56/><T81/><D129/><U72/><E72/><V82/><F82/><W111/><G111/><T98/><D36/><U116/><E116/><V127/><F127/><W69/><G69/><T107/><D28/><N who="1" m="17415" /><E71/><V112/><F112/><W74/><G74/><T39/><D39/><U77/><E124/><V118/><F118/><W1/><G1/><T31/><D31/><U53/><E110/><V93/><F91/><W79/><G102/><T109/><D121/><U80/><E63/><V15/><F52/><N who="3" m="29711" /><G94/><T25/><D107/><U99/><E41/><V105/><F105/><W22/><G22/><T95/><D109/><U57/><E77/><V59/><F59/><W75/><G75/><T123/><D123/><U62/><E80/><V23/><F26/><W96/><G79/><T17/><D78/><U76/><E76/><V55/><F55/><AGARI ba="0,0" hai="49,50,51,53,55,57,58,60,62,97,99" m="17415" machi="55" ten="30,11600,0" yaku="8,1,52,3" doraHai="44" who="1" fromWho="2" sc="268,0,293,116,239,-116,200,0" /><INIT seed="1,1,0,4,4,58" ten="268,409,123,200" oya="1" hai0="2,5,78,12,59,62,19,55,74,101,30,111,49" hai1="22,67,98,4,24,1,16,28,86,39,119,65,61" hai2="38,10,29,124,104,52,54,90,7,40,79,6,3" hai3="129,84,93,110,0,26,43,96,117,57,125,21,35"/><U112/><E112/><V99/><F124/><W82/><G35/><T18/><D111/><U83/><E39/><V91/><F7/><W20/><G0/><T32/><D101/><U92/><E119/><V13/><F3/><W132/><G125/><T80/><D2/><U105/><E105/><V122/><F122/><W121/><G110/><T45/><D32/><U15/><E1/><V14/><F29/><W130/><G121/><T44/><D30/><U50/><E4/><V100/><F14/><W48/><G132/><T66/><REACH who="0" step="1"/><D44/><REACH who="0" ten="258,409,123,200" step="2"/><U72/><E28/><V56/><F79/><N who="3" m="46175" /><G117/><T103/><D103/><U77/><E72/><V102/><F102/><W25/><G130/><T75/><D75/><U128/><E128/><V118/><F118/><W41/><G129/><T81/><D81/><U69/><E83/><V133/><F133/><W114/><G114/><T123/><D123/><U27/><E77/><V87/><F91/><W60/><G93/><T108/><D108/><U116/><E116/><V11/><F90/><W47/><G47/><T42/><D42/><U63/><E92/><V88/><F40/><W113/><G43/><T36/><D36/><U89/><E89/><V135/><F38/><W131/><G113/><T115/><D115/><U33/><E33/><V71/><F135/><W17/><G131/><T120/><D120/><U53/><E86/><V76/><F76/><W85/><G85/><T107/><D107/><U95/><E95/><V8/><F104/><W64/><G96/><T34/><D34/><U134/><E98/><V68/><F87/><W126/><G41/><RYUUKYOKU ba="1,1" sc="258,30,409,-10,123,-10,200,-10" hai0="5,12,18,19,45,49,55,59,62,66,74,78,80" /><INIT seed="2,2,1,3,4,98" ten="288,399,113,190" oya="2" hai0="82,130,106,131,34,17,93,83,0,60,81,61,52" hai1="14,55,38,88,108,36,12,15,33,126,45,10,110" hai2="25,120,18,8,7,94,37,79,121,9,11,123,63" hai3="118,64,124,53,49,85,57,104,111,39,95,67,86"/><V27/><F37/><N who="1" m="14441" /><E33/><V96/><F79/><W44/><G104/><T65/><D106/><U29/><E29/><V19/><F63/><W89/><G118/><T115/><D115/><U103/><E103/><V116/><F116/><W78/><G111/><N who="1" m="42538" /><E88/><V1/><F94/><W16/><G124/><T76/><D0/><U100/><E100/><V5/><F96/><W62/><G39/><T40/><D61/><U109/><E126/><V102/><F102/><W69/><G69/><T3/><D65/><U107/><E107/><V84/><F84/><W73/><G73/><T28/><D93/><U101/><E101/><V26/><F1/><W47/><G47/><T113/><D3/><U75/><E75/><V134/><F134/><W119/><G119/><T74/><D74/><U4/><E109/><V48/><F48/><AGARI ba="2,1" hai="4,10,12,14,15,45,48,55" m="42538,14441" machi="48" ten="30,1000,0" yaku="14,1" doraHai="98" who="1" fromWho="2" sc="288,0,399,26,113,-16,190,0" /><INIT seed="3,0,0,3,4,0" ten="288,425,97,190" oya="3" hai0="127,40,37,57,44,16,106,72,80,132,48,17,71" hai1="114,14,79,86,46,123,92,51,104,63,96,47,122" hai2="8,67,75,102,56,68,69,105,109,39,21,103,108" hai3="76,24,54,27,120,36,22,19,89,26,11,64,28"/><W134/><G120/><T15/><D106/><U3/><E3/><V95/><F105/><W13/><G134/><T90/><D132/><U110/><E104/><V97/><F75/><W50/><G36/><T85/><D127/><U45/><E114/><V23/><F39/><W59/><G76/><T25/><D71/><U62/><E110/><V7/><F103/><W111/><G111/><N who="2" m="42569" /><F56/><W81/><REACH who="3" step="1"/><G64/><REACH who="3" ten="288,425,97,180" step="2"/><T112/><D37/><U60/><E79/><V78/><F78/><W125/><G125/><T34/><D112/><U65/><E65/><V107/><F67/><W31/><G31/><T30/><D72/><U121/><E122/><V115/><F115/><W118/><G118/><T101/><D101/><U88/><E121/><V83/><F107/><W6/><G6/><T5/><REACH who="0" step="1"/><D57/><REACH who="0" ten="278,425,97,180" step="2"/><U113/><E123/><V49/><F69/><W129/><G129/><T9/><AGARI ba="0,2" hai="5,9,15,16,17,25,30,34,40,44,48,80,85,90" machi="9" ten="30,12000,2" yaku="1,1,2,1,0,1,52,1,54,1,53,2" doraHai="0" doraHaiUra="12" who="0" fromWho="0" sc="278,140,425,-30,97,-30,180,-60" /><INIT seed="4,0,0,5,2,132" ten="418,395,67,120" oya="0" hai0="5,124,13,125,90,67,114,48,85,81,22,46,51" hai1="59,32,84,17,24,29,117,1,52,115,97,129,131" hai2="93,103,94,58,43,111,69,38,71,66,91,127,60" hai3="96,15,77,73,30,31,122,99,118,25,87,135,74"/><T110/><D114/><U98/><E115/><V68/><F111/><W23/><G118/><T11/><D110/><U63/><E117/><V100/><F38/><W126/><G135/><T120/><D120/><U78/><E1/><V18/><F43/><W12/><G122/><T106/><D106/><U3/><E3/><V44/><F44/><W40/><G40/><T36/><D36/><U105/><E17/><V113/><F113/><W7/><G87/><T92/><D67/><U86/><E86/><V49/><F49/><W26/><G77/><N who="0" m="46255" /><D22/><U108/><E108/><V41/><F41/><W123/><G123/><T54/><D54/><U121/><E121/><V35/><F35/><W128/><G23/><T76/><D76/><U101/><REACH who="1" step="1"/><E98/><REACH who="1" ten="418,385,67,120" step="2"/><V37/><F18/><W14/><G96/><N who="0" m="57367" /><D46/><U57/><E57/><V47/><F47/><W19/><G99/><T79/><D79/><U28/><E28/><V116/><F116/><W119/><G119/><T50/><D5/><U109/><E109/><V80/><F58/><W16/><G7/><T62/><D13/><U82/><AGARI ba="0,1" hai="24,29,32,52,59,63,78,82,84,97,101,105,129,131" machi="82" ten="30,4000,0" yaku="1,1,0,1,54,1,53,0" doraHai="132" doraHaiUra="134" who="1" fromWho="1" sc="418,-20,385,50,67,-10,120,-10" /><INIT seed="5,0,0,5,2,63" ten="398,435,57,110" oya="1" hai0="34,101,26,65,107,130,2,54,111,98,36,22,40" hai1="11,43,17,25,42,24,118,79,82,76,23,27,48" hai2="45,117,61,57,19,123,56,15,115,110,88,103,126" hai3="77,72,99,91,21,86,131,41,33,69,14,37,114"/><U10/><E118/><V95/><F123/><W50/><G33/><T100/><D111/><U106/><E106/><V119/><F110/><W70/><G37/><T13/><D2/><U102/><E102/><V52/><F126/><W16/><G114/><T104/><D130/><U38/><E38/><V74/><F74/><W60/><G131/><T128/><D128/><U30/><E48/><V32/><F32/><W66/><G99/><T112/><D112/><U46/><E46/><V134/><F134/><W44/><G72/><T6/><D34/><U49/><E49/><V12/><F103/><W129/><G129/><T73/><D73/><U20/><E25/><V85/><F115/><W84/><G84/><T51/><D40/><U93/><E93/><V87/><F45/><W92/><REACH who="3" step="1"/><G77/><REACH who="3" ten="398,435,57,100" step="2"/><T39/><D98/><U96/><E96/><N who="2" m="57447" /><F119/><W109/><G109/><T62/><D39/><U122/><E122/><V94/><F117/><W53/><G53/><T116/><D36/><U78/><REACH who="1" step="1"/><E82/><REACH who="1" ten="398,425,57,100" step="2"/><V124/><F124/><W18/><G18/><T64/><D116/><U83/><E83/><V81/><F19/><W5/><G5/><T4/><D4/><U90/><E90/><V127/><F127/><W71/><AGARI ba="0,2" hai="14,16,21,41,44,50,60,66,69,70,71,86,91,92" machi="71" ten="20,8000,1" yaku="1,1,0,1,7,1,52,1,54,1,53,0" doraHai="63" doraHaiUra="108" who="3" fromWho="3" sc="398,-20,425,-40,57,-20,100,100" /><INIT seed="6,0,0,3,3,96" ten="378,385,37,200" oya="2" hai0="126,89,109,30,107,86,58,67,91,104,110,113,123" hai1="50,121,85,94,87,66,31,34,108,71,125,128,60" hai2="78,16,4,37,47,25,62,63,44,117,59,116,90" hai3="10,129,9,0,29,115,82,99,118,54,92,19,51"/><V61/><F4/><W52/><G118/><T39/><D39/><U32/><E108/><V106/><F106/><W38/><G38/><T55/><D123/><U15/><E121/><V76/><F116/><W11/><G129/><T103/><D67/><U17/><E128/><V46/><F117/><W28/><G0/><T111/><D30/><N who="3" m="11881" /><G115/><T18/><D113/><U64/><E64/><V23/><F37/><W2/><G2/><T3/><D3/><U22/><E125/><V100/><F100/><N who="3" m="60519" /><G82/><T13/><D126/><U7/><E7/><V8/><F8/><W134/><G134/><T95/><D89/><U48/><E34/><V135/><F135/><W114/><G114/><T119/><D103/><U101/><E32/><V132/><F132/><W120/><G120/><T127/><D127/><U5/><E5/><V112/><F112/><W36/><G36/><T122/><D122/><U131/><E31/><V70/><F70/><W56/><G54/><T75/><D75/><U93/><E131/><V83/><REACH who="2" step="1"/><F59/><REACH who="2" ten="378,385,27,200" step="2"/><W14/><AGARI ba="0,1" hai="9,10,11,14,19,51,52,56" m="60519,11881" machi="14" ten="30,4000,0" yaku="8,1,52,1,54,1" doraHai="96" who="3" fromWho="3" sc="378,-10,385,-10,27,-20,200,50" /><INIT seed="7,0,0,2,0,125" ten="368,375,7,250" oya="3" hai0="47,64,6,3,41,43,73,106,130,40,53,10,97" hai1="34,80,96,48,51,0,132,11,25,99,120,104,1" hai2="46,18,75,44,45,31,83,78,7,15,76,111,16" hai3="39,63,66,71,52,5,17,72,100,109,58,4,115"/><W98/><G115/><T42/><D64/><U77/><E120/><V23/><F111/><W79/><G109/><T56/><D73/><U119/><E104/><V29/><F75/><W86/><G72/><T107/><D130/><U81/><E34/><V114/><F114/><W21/><G39/><T102/><D106/><U28/><E28/><V123/><F123/><W60/><G79/><T24/><D24/><U61/><E25/><V22/><F7/><W116/><G116/><T57/><REACH who="0" step="1"/><D53/><REACH who="0" ten="358,375,7,250" step="2"/><U55/><E119/><V59/><F83/><W70/><G86/><T74/><D74/><U126/><E126/><V90/><F90/><W88/><G71/><T129/><D129/><U135/><E80/><V33/><F33/><W35/><G35/><T95/><D95/><U8/><E81/><V82/><F82/><W20/><G88/><T134/><D134/><N who="1" m="51243" /><E77/><V131/><F131/><W89/><G89/><T54/><D54/><U91/><E91/><V85/><F78/><W49/><G63/><T87/><D87/><U101/><E61/><V84/><F76/><W133/><G133/><T128/><D128/><U67/><E67/><V124/><F124/><W122/><G122/><T105/><D105/><N who="1" m="63655" /><E99/><V36/><F85/><W103/><G103/><T9/><D9/><N who="1" m="3659" /><E55/><V30/><F84/><W112/><G112/><T94/><D94/><U2/><AGARI ba="0,1" hai="0,1,2,48,51" m="3659,63655,51243" machi="2" ten="40,1500,0" yaku="20,1" doraHai="125" who="1" fromWho="1" sc="358,-4,375,25,7,-4,250,-7" owari="354,15.0,400,51.0,3,-50.0,243,-16.0" /></mjloggm>