<mjloggm ver="2.3"><GO type="169" lobby="0"/><UN n0="%7A%68%6B%64%73%68%67%79" n1="%E3%82%A6%E3%83%AB%E3%83%88%E3%83%A9%E7%AB%8B%E7%9B%B4" n2="%65%72%75%6D%69%6F%72%75" n3="%E3%81%A1%E3%82%83%E3%81%93%E3%81%93" dan="17,18,16,16" rate="2186.57,2227.06,2085.37,2086.97" sx="M,M,F,F"/><TAIKYOKU oya="0"/><INIT seed="0,0,0,5,5,134" ten="250,250,250,250" oya="0" hai0="0,121,82,93,37,15,92,100,110,62,65,111,39" hai1="19,17,74,132,105,123,106,113,98,102,4,126,48" hai2="122,9,118,77,41,7,3,45,87,103,16,89,38" hai3="83,116,52,29,88,112,135,12,58,63,32,94,79"/><T44/><D0/><U129/><E48/><V5/><F122/><W59/><G112/><T72/><D121/><U33/><E4/><V50/><F118/><W68/><G116/><T108/><D15/><U56/><E56/><V125/><F103/><W120/><G120/><T96/><D93/><U11/><E11/><V8/><F77/><W70/><G135/><T55/><D55/><U49/><E49/><V28/><F28/><W127/><G58/><N who="0" m="37079" /><D44/><U35/><E123/><V95/><F50/><W22/><G127/><T43/><D43/><U67/><E126/><V128/><F128/><W75/><G32/><T31/><D31/><U51/><E35/><V18/><REACH who="2" step="1"/><F125/><REACH who="2" ten="250,250,240,250" step="2"/><W27/><REACH who="3" step="1"/><G12/><AGARI ba="0,1" hai="3,5,7,8,9,12,16,18,38,41,45,87,89,95" machi="12" ten="30,7700,0" yaku="1,1,2,1,7,1,54,1,53,0" doraHai="134" doraHaiUra="57" who="2" fromWho="3" sc="250,0,250,0,240,87,250,-77" /><INIT seed="1,0,0,1,4,33" ten="250,250,327,173" oya="1" hai0="111,88,8,35,108,78,101,49,84,92,37,132,93" hai1="29,62,10,133,131,16,81,107,109,77,134,86,57" hai2="89,72,90,56,50,63,80,60,43,41,67,95,9" hai3="11,38,118,26,0,13,20,17,46,83,70,102,53"/><U30/><E107/><V25/><F72/><W68/><G118/><T18/><D37/><U64/><E131/><V59/><F25/><W61/><G102/><T73/><D35/><U21/><E10/><V12/><F80/><W99/><G99/><N who="0" m="59631" /><D49/><U19/><E19/><V94/><F94/><W119/><G119/><T114/><D18/><U15/><REACH who="1" step="1"/><E109/><REACH who="1" ten="250,240,327,173" step="2"/><N who="0" m="42057" /><D8/><U24/><E24/><V44/><F43/><W54/><G26/><T4/><D4/><U110/><E110/><V121/><F121/><W106/><G106/><T75/><D114/><U1/><E1/><V116/><F116/><W82/><G0/><T47/><D132/><AGARI ba="0,1" hai="15,16,21,29,30,57,62,64,77,81,86,132,133,134" machi="132" ten="40,7700,0" yaku="1,1,20,1,54,1,53,0" doraHai="33" doraHaiUra="31" who="1" fromWho="0" sc="250,-77,240,87,327,0,173,0" /><INIT seed="1,1,0,5,2,56" ten="173,327,327,173" oya="1" hai0="57,67,68,52,105,63,53,98,111,79,93,1,37" hai1="22,51,40,134,12,76,42,3,50,60,103,20,84" hai2="115,123,30,14,74,9,27,21,118,94,112,34,49" hai3="85,61,48,81,17,127,121,15,23,88,43,132,32"/><U114/><E3/><V95/><F74/><W97/><G121/><T80/><D111/><U54/><E114/><N who="2" m="43563" /><F123/><W131/><G127/><T135/><D135/><U108/><E134/><V0/><F118/><W47/><G131/><T83/><D105/><U71/><E103/><V126/><F126/><W101/><G32/><T77/><D37/><U29/><E108/><V110/><F110/><W117/><G117/><T104/><D104/><U19/><E51/><V66/><F66/><W91/><G132/><T72/><D1/><U133/><E133/><V35/><F49/><W2/><G2/><T122/><D122/><U100/><E100/><V26/><F0/><W125/><G125/><T119/><D119/><U73/><E73/><V86/><F86/><W99/><G101/><T18/><D18/><U120/><E120/><V6/><F34/><W128/><G128/><T65/><D65/><U7/><E7/><V96/><F96/><W24/><G24/><T92/><D92/><U28/><E71/><V39/><F39/><W16/><G17/><AGARI ba="1,0" hai="6,9,14,17,21,26,27,30,35,94,95" m="43563" machi="17" ten="30,1000,0" yaku="11,1" doraHai="56" who="2" fromWho="3" sc="173,0,327,0,327,13,173,-13" /><INIT seed="2,0,0,1,2,31" ten="173,327,340,160" oya="2" hai0="77,18,23,34,133,59,73,118,79,116,55,51,20" hai1="70,13,64,126,111,104,14,78,97,94,12,3,101" hai2="122,46,50,109,120,119,29,123,17,82,83,107,80" hai3="49,66,74,1,130,90,131,88,81,56,105,114,108"/><V45/><F119/><N who="0" m="45610" /><D133/><U86/><E3/><V75/><F107/><W30/><G1/><T52/><D73/><U135/><E111/><V121/><F109/><W7/><G108/><T54/><D23/><U53/><E126/><V106/><F106/><W25/><G7/><T9/><D9/><U115/><E115/><V5/><F5/><W124/><G124/><T68/><D68/><U98/><E135/><V132/><F132/><W89/><G105/><T40/><D34/><U92/><E53/><N who="0" m="20585" /><D40/><U93/><E70/><V26/><F17/><W117/><G117/><T95/><D95/><U4/><E64/><V42/><F75/><W10/><G10/><T28/><D28/><U0/><E0/><V22/><N who="2" m="30720" /><DORA hai="6" /><V32/><REACH who="2" step="1"/><F46/><REACH who="2" ten="173,327,330,160" step="2"/><W58/><G74/><T125/><D125/><U91/><E4/><V36/><F36/><W65/><G114/><T8/><D8/><U76/><REACH who="1" step="1"/><E104/><REACH who="1" ten="173,317,330,160" step="2"/><V103/><F103/><AGARI ba="0,2" hai="12,13,14,76,78,86,91,92,93,94,97,98,101,103" machi="103" ten="40,8000,1" yaku="1,1,2,1,9,1,8,1,53,0" doraHai="31,6" doraHaiUra="63,39" who="1" fromWho="2" sc="173,0,317,100,330,-80,160,0" /><INIT seed="3,0,0,3,4,104" ten="173,417,250,160" oya="3" hai0="77,114,0,60,113,102,76,41,20,7,66,84,68" hai1="101,117,21,110,100,123,15,65,27,47,14,39,130" hai2="103,83,78,29,57,1,96,50,97,31,121,119,111" hai3="106,52,49,26,81,54,2,64,90,71,25,38,112"/><W89/><G2/><T105/><D41/><U23/><E123/><V42/><F119/><W135/><G112/><N who="0" m="43115" /><D20/><U19/><E110/><V61/><F1/><W98/><G38/><T131/><D131/><U37/><E65/><V73/><F111/><W127/><G127/><T85/><D102/><U58/><E58/><V48/><F121/><W70/><G135/><T11/><D105/><U133/><E133/><V124/><F124/><W95/><G106/><T16/><D16/><U40/><E130/><V120/><F120/><W92/><G81/><T6/><D6/><U59/><E59/><V128/><F128/><W45/><G64/><T75/><D77/><U67/><E67/><V129/><F129/><W72/><G72/><T44/><D44/><U108/><E108/><V63/><F97/><W80/><G80/><AGARI ba="0,0" hai="0,7,11,60,66,68,75,76,80,84,85" m="43115" machi="80" ten="30,2000,0" yaku="11,1,52,1" doraHai="104" who="0" fromWho="3" sc="173,20,417,0,250,0,160,-20" /><INIT seed="4,0,0,5,3,64" ten="193,417,250,140" oya="0" hai0="41,12,120,18,16,87,118,65,123,119,73,54,92" hai1="51,47,1,105,72,26,56,17,29,60,102,107,71" hai2="21,52,132,79,6,2,78,93,125,112,35,62,83" hai3="129,100,86,134,94,8,34,70,13,122,31,33,111"/><T127/><D73/><U36/><E1/><V98/><F35/><W43/><G111/><T4/><D41/><U88/><E17/><N who="0" m="6761" /><D65/><N who="1" m="41383" /><E88/><V23/><F112/><W45/><G134/><T9/><D87/><U14/><E14/><V7/><F125/><W80/><G129/><T75/><D92/><U115/><E72/><V106/><F106/><W38/><G122/><N who="0" m="46635" /><D75/><U39/><E115/><V58/><F132/><W30/><G94/><T63/><D63/><U46/><E46/><V135/><F135/><W28/><G100/><T22/><D54/><N who="1" m="31839" /><E39/><V44/><F2/><W124/><G124/><T82/><D82/><U69/><E69/><V24/><F83/><W49/><G70/><T113/><D113/><U128/><E102/><N who="2" m="60751" /><F44/><W19/><REACH who="3" step="1"/><G38/><REACH who="3" ten="193,417,250,130" step="2"/><T108/><D127/><U101/><E101/><V95/><F95/><W42/><G42/><T11/><D108/><U74/><E36/><V96/><F96/><W40/><G40/><T90/><D119/><U0/><E107/><V37/><F37/><W68/><G68/><T61/><D118/><U133/><E105/><V116/><F116/><W97/><G97/><T32/><D32/><U89/><E133/><V81/><F81/><W84/><G84/><T50/><D90/><AGARI ba="0,1" hai="8,13,19,28,30,31,33,34,43,45,49,80,86,90" machi="90" ten="40,1300,0" yaku="1,1,53,0" doraHai="64" doraHaiUra="121" who="3" fromWho="0" sc="193,-13,417,0,250,0,130,23" /><INIT seed="5,0,0,1,3,106" ten="180,417,250,153" oya="1" hai0="21,98,111,109,75,58,85,32,70,117,107,19,110" hai1="78,18,92,73,122,42,50,15,125,72,12,121,0" hai2="80,100,63,79,11,33,119,105,54,113,116,22,77" hai3="14,134,61,16,1,128,62,35,76,6,118,38,131"/><U99/><E0/><V51/><F33/><W13/><G38/><T56/><D32/><U71/><E71/><V81/><F63/><W2/><G134/><T103/><D117/><U30/><E30/><V34/><F34/><W135/><G135/><T89/><D70/><U88/><E125/><V129/><F129/><N who="3" m="49739" /><G35/><T60/><D75/><U53/><E42/><V83/><F113/><W46/><G46/><T91/><D89/><U4/><E4/><V39/><F39/><W27/><G76/><T104/><D104/><U93/><E93/><V45/><F11/><N who="3" m="4343" /><G118/><T25/><REACH who="0" step="1"/><D60/><REACH who="0" ten="170,417,250,153" step="2"/><U114/><E72/><V102/><F105/><W57/><G61/><T49/><D49/><U124/><E73/><V52/><F116/><W37/><G37/><T112/><D112/><U123/><E78/><V44/><F119/><W120/><G120/><T29/><D29/><U69/><E114/><V86/><F79/><W48/><G48/><T9/><D9/><U82/><E50/><V23/><F77/><W84/><G62/><T24/><D24/><U10/><E123/><V47/><F51/><W108/><G27/><T126/><D126/><U26/><E124/><V127/><F127/><W96/><G96/><T41/><D41/><U130/><E26/><V66/><F54/><W94/><G84/><T68/><D68/><U65/><E53/><V43/><F52/><W28/><G28/><T31/><D31/><U20/><E69/><V87/><F43/><W101/><G94/><AGARI ba="0,1" hai="19,21,25,56,58,85,91,94,98,103,107,109,110,111" machi="94" ten="40,1300,0" yaku="1,1,53,0" doraHai="106" doraHaiUra="59" who="0" fromWho="3" sc="170,23,417,0,250,0,153,-13" /><INIT seed="6,0,0,5,0,16" ten="193,417,250,140" oya="2" hai0="76,93,45,20,52,133,90,103,121,92,31,55,108" hai1="69,25,131,86,26,102,12,14,0,116,37,61,4" hai2="120,67,132,15,124,106,117,57,23,114,135,88,56" hai3="105,40,112,126,83,84,71,54,109,128,30,77,1"/><V101/><F120/><W51/><G71/><T35/><D108/><U95/><E37/><V81/><F117/><W85/><G109/><T87/><D121/><U78/><E0/><V74/><F124/><W43/><G126/><T53/><D35/><U36/><E36/><V6/><F114/><W3/><G105/><T73/><D133/><N who="2" m="51274" /><F67/><W115/><G128/><T9/><D9/><U98/><E69/><V113/><F113/><N who="3" m="43595" /><G85/><T104/><D104/><U42/><E131/><V134/><F134/><W22/><G40/><T28/><D73/><U7/><E116/><V125/><F125/><W18/><G30/><T44/><D76/><U63/><E42/><V47/><F47/><N who="0" m="17994" /><D20/><U21/><E78/><V130/><F130/><W32/><G32/><T48/><D48/><U127/><E127/><V75/><F75/><W89/><G43/><T17/><D17/><N who="1" m="10423" /><E86/><N who="2" m="50255" /><F74/><W82/><G77/><T27/><D27/><N who="1" m="10251" /><E7/><V65/><F65/><W119/><G119/><T19/><D19/><U39/><E39/><V64/><F64/><W5/><G5/><T41/><D41/><U100/><E100/><V34/><F34/><W99/><G99/><AGARI ba="0,0" hai="28,31,52,53,55,87,90,92,93,99,103" m="17994" machi="99" ten="30,2000,0" yaku="8,1,54,1" doraHai="16" who="0" fromWho="3" sc="193,20,417,0,250,0,140,-20" /><INIT seed="7,0,0,0,4,87" ten="213,417,250,120" oya="3" hai0="123,96,97,119,40,120,104,81,126,31,24,55,56" hai1="58,1,77,111,61,91,88,26,38,135,62,109,63" hai2="60,116,65,48,66,19,70,47,41,22,39,76,131" hai3="130,106,18,86,28,2,51,125,114,110,128,102,13"/><W121/><G121/><T12/><D119/><U35/><E58/><V49/><F116/><W36/><G36/><T74/><D126/><U7/><E77/><V127/><F127/><W79/><G110/><T5/><D40/><U20/><E35/><V85/><F131/><N who="3" m="50219" /><G125/><T30/><D74/><U32/><E32/><V46/><F66/><W37/><G37/><T10/><D81/><U54/><E54/><V4/><F4/><W89/><G2/><T68/><D68/><U78/><E78/><V92/><F76/><W42/><G79/><T124/><D124/><U105/><E38/><V94/><F39/><W9/><G114/><T95/><D104/><U133/><E7/><V83/><F83/><N who="3" m="49375" /><G28/><T44/><D30/><U73/><E1/><V3/><F3/><W103/><G106/><T15/><D12/><U57/><E105/><V134/><F85/><W0/><G0/><T8/><D96/><U82/><E111/><V93/><F134/><W100/><G100/><T84/><D84/><U90/><E109/><V108/><F108/><W112/><G112/><T29/><D31/><N who="1" m="17863" /><E73/><V17/><F22/><W75/><G75/><T101/><D10/><U16/><E135/><V80/><F80/><W72/><G72/><T52/><D123/><U43/><E133/><V129/><F129/><W45/><AGARI ba="0,0" hai="9,13,18,42,45,51,102,103" m="49375,50219" machi="45" ten="30,3000,0" yaku="19,1,52,1" doraHai="87" who="3" fromWho="3" sc="213,-10,417,-10,250,-10,120,30" /><INIT seed="7,1,0,3,1,26" ten="203,407,240,150" oya="3" hai0="100,84,53,120,132,62,128,63,40,109,9,95,87" hai1="86,98,14,73,50,51,19,96,41,80,113,37,13" hai2="55,54,76,123,12,135,74,99,93,15,29,131,89" hai3="44,115,124,30,0,27,36,42,10,32,122,66,116"/><W108/><G122/><T5/><D120/><U45/><E73/><V38/><F131/><W28/><G116/><T134/><D109/><U31/><E113/><V121/><F38/><W77/><G115/><T49/><D128/><U125/><E125/><V127/><F127/><W16/><G124/><T107/><D40/><U118/><E14/><V64/><F64/><W101/><G108/><T119/><D119/><U81/><E81/><V57/><F135/><N who="0" m="51754" /><D107/><U4/><E4/><V6/><F29/><N who="3" m="11371" /><G32/><T67/><D100/><U88/><E31/><V48/><F6/><W112/><G112/><T21/><D21/><U2/><E2/><V23/><F23/><N who="3" m="13799" /><G101/><T103/><D103/><U133/><E133/><V82/><F121/><W72/><G0/><N who="0" m="167" /><D95/><U20/><E118/><V129/><F123/><W17/><G72/><T24/><D24/><U126/><E126/><V61/><F129/><W92/><G66/><T22/><D22/><U105/><E105/><V8/><F8/><W111/><G111/><T3/><D3/><U39/><E39/><V7/><F7/><W11/><G92/><T25/><D25/><U75/><E75/><V46/><AGARI ba="1,0" hai="12,15,46,48,54,55,57,61,74,76,82,89,93,99" machi="46" ten="20,1500,0" yaku="0,1,7,1" doraHai="26" who="2" fromWho="2" sc="203,-5,407,-5,240,18,150,-8" owari="198,-20.0,402,50.0,258,6.0,142,-36.0" /></mjloggm>