<mjloggm ver="2.3"><GO type="169" lobby="0"/><UN n0="%E3%82%A6%E3%83%AB%E3%83%88%E3%83%A9%E7%AB%8B%E7%9B%B4" n1="%E8%99%B9%E9%87%8E%E3%82%86%E3%82%81" n2="%E3%82%B7%E3%83%B3%E3%83%97%E3%83%AB%E3%81%AA%E3%83%AF%E3%82%AD%E3%82%AC" n3="%E3%81%BE%E3%83%BC%E3%81%8F%E3%81%96%E3%81%84%E3%82%93" dan="18,16,18,17" rate="2239.56,2065.85,2202.87,2188.12" sx="M,F,M,M"/><TAIKYOKU oya="0"/><INIT seed="0,0,0,2,1,131" ten="250,250,250,250" oya="0" hai0="16,88,59,4,110,36,54,29,80,5,14,23,51" hai1="43,101,13,86,70,116,72,11,55,44,30,94,15" hai2="73,49,12,64,83,57,27,10,60,93,106,41,7" hai3="35,17,52,128,47,32,31,40,74,97,76,39,3"/><T123/><D123/><U117/><E72/><V127/><F106/><W111/><G128/><T25/><D36/><U63/><E30/><V103/><F127/><W66/><G111/><T24/><D110/><U90/><E101/><V65/><F73/><W121/><G121/><T71/><D71/><U133/><E13/><V62/><F83/><W129/><G129/><T2/><D2/><U79/><E79/><V115/><F115/><W119/><G119/><T77/><D77/><U42/><E42/><V50/><F41/><W37/><G66/><T34/><REACH who="0" step="1"/><D25/><REACH who="0" ten="240,250,250,250" step="2"/><U61/><E70/><V95/><F27/><W56/><G39/><T89/><D89/><U33/><E116/><V19/><F103/><W38/><G38/><T98/><D98/><U87/><E90/><V105/><F105/><W46/><G3/><T26/><D26/><U1/><E1/><V20/><F93/><W104/><G76/><T114/><D114/><U0/><E94/><V82/><F95/><W132/><G97/><T81/><D81/><U48/><E117/><V118/><F82/><W113/><G104/><T78/><D78/><U102/><E0/><V18/><F118/><W109/><G113/><T21/><D21/><U22/><E22/><V91/><F91/><W125/><G109/><T135/><D135/><U107/><E133/><V53/><F20/><W130/><G132/><T28/><D28/><U124/><E107/><V92/><F92/><W58/><G31/><T100/><D100/><U84/><E102/><V6/><F10/><W134/><G130/><T85/><AGARI ba="0,1" hai="4,5,14,16,23,24,29,34,51,54,59,80,85,88" machi="85" ten="30,11700,0" yaku="1,1,0,1,54,2,53,0" doraHai="131" doraHaiUra="112" who="0" fromWho="0" sc="240,127,250,-39,250,-39,250,-39" /><INIT seed="0,1,0,3,4,58" ten="367,211,211,211" oya="0" hai0="53,107,51,105,80,111,34,24,15,45,40,62,59" hai1="109,73,110,83,26,90,121,95,119,16,86,0,94" hai2="31,71,112,129,25,23,22,39,55,3,92,38,84" hai3="17,57,42,19,64,11,97,108,96,113,56,103,114"/><T9/><D111/><N who="1" m="42507" /><E119/><V78/><F112/><W74/><G108/><T79/><D34/><U93/><E121/><V54/><F3/><W2/><G74/><T8/><D24/><U37/><E37/><V101/><F71/><W127/><G127/><T47/><D47/><U41/><E41/><V50/><F129/><W12/><G42/><T125/><D125/><U5/><E5/><V35/><F101/><W128/><G128/><T68/><D68/><U135/><E0/><V7/><F7/><W10/><G2/><T130/><D130/><U123/><E123/><V67/><F67/><W131/><G131/><T116/><D116/><U52/><E52/><V126/><F54/><W69/><G69/><T49/><D49/><U33/><E135/><V30/><F126/><W63/><G56/><T75/><REACH who="0" step="1"/><D8/><REACH who="0" ten="357,211,211,211" step="2"/><U132/><E132/><V82/><F38/><W66/><G113/><T102/><D102/><U4/><E33/><V21/><F39/><W106/><G114/><T117/><D117/><U20/><E26/><V81/><F25/><W134/><G134/><T65/><D65/><U1/><E20/><V72/><F35/><W48/><G48/><T104/><D104/><U46/><E46/><V89/><F50/><W118/><G118/><T91/><D91/><U124/><E90/><N who="2" m="51479" /><F55/><W87/><G66/><T115/><D115/><U122/><E124/><V36/><F36/><W60/><G103/><T99/><D99/><U98/><E98/><N who="2" m="57615" /><F30/><W28/><G28/><T133/><D133/><U29/><E29/><V43/><F31/><W88/><G106/><T6/><AGARI ba="1,1" hai="6,9,15,40,45,51,53,59,62,75,79,80,105,107" machi="6" ten="20,18000,2" yaku="1,1,5,1,0,1,7,1,52,1,53,1" doraHai="58" doraHaiUra="44" who="0" fromWho="0" sc="357,193,211,-61,211,-61,211,-61" /><INIT seed="0,2,0,5,5,70" ten="550,150,150,150" oya="0" hai0="97,22,13,129,88,54,50,19,47,33,130,121,39" hai1="94,61,71,118,11,77,6,81,64,89,98,84,27" hai2="12,14,78,103,99,116,49,69,123,45,68,92,26" hai3="10,111,115,125,55,0,25,52,67,91,85,29,34"/><T101/><D33/><U93/><E118/><V119/><F123/><W38/><G115/><T133/><D121/><U9/><E6/><V36/><F78/><W131/><G131/><N who="0" m="50187" /><D133/><U95/><E95/><V62/><F26/><W5/><G111/><T65/><D65/><U2/><E2/><V96/><F96/><W124/><G67/><T75/><D75/><U35/><E35/><V46/><F46/><W107/><G107/><N who="0" m="63919" /><D88/><U117/><E117/><N who="2" m="45131" /><F62/><W126/><REACH who="3" step="1"/><G38/><AGARI ba="2,0" hai="13,19,22,38,39,47,50,54" m="63919,50187" machi="38" ten="30,5800,0" yaku="19,1,52,2" doraHai="70" who="0" fromWho="3" sc="550,64,150,0,150,0,150,-64" /><INIT seed="0,3,0,1,2,100" ten="614,150,150,86" oya="0" hai0="28,58,77,72,124,11,123,71,50,31,10,61,131" hai1="24,68,107,76,60,110,95,2,21,127,6,134,51" hai2="34,105,8,89,74,119,104,120,23,46,129,16,121" hai3="9,88,93,79,55,125,48,5,102,12,59,97,53"/><T36/><D123/><U78/><E127/><V75/><F34/><W99/><G125/><T14/><D124/><U44/><E110/><V3/><F120/><W15/><G79/><T82/><D36/><U49/><E49/><V39/><F121/><W4/><G55/><T101/><D131/><U135/><E95/><V83/><F129/><W38/><G38/><T112/><D112/><U1/><E68/><V111/><F111/><W116/><G116/><T41/><D101/><U0/><E60/><V80/><F80/><W118/><G118/><T52/><D11/><U54/><E6/><N who="2" m="1119" /><F75/><W66/><G66/><T43/><D43/><U7/><E7/><V29/><F89/><W87/><G102/><T40/><D40/><U115/><E107/><V42/><F29/><W30/><G30/><T47/><REACH who="0" step="1"/><D71/><REACH who="0" ten="604,150,150,86" step="2"/><U22/><E115/><V67/><F119/><W65/><G65/><T113/><D113/><U13/><E0/><V109/><F67/><W45/><G45/><T37/><D37/><U114/><E1/><V32/><F109/><W96/><G4/><AGARI ba="3,1" hai="4,10,14,28,31,41,47,50,52,58,61,72,77,82" machi="4" ten="30,5800,0" yaku="1,1,7,1,54,1,53,0" doraHai="100" doraHaiUra="122" who="0" fromWho="3" sc="604,77,150,0,150,0,86,-67" /><INIT seed="0,4,0,1,1,120" ten="681,150,150,19" oya="0" hai0="47,19,14,4,30,41,82,100,108,105,113,65,101" hai1="97,114,96,60,7,38,27,34,3,59,6,78,107" hai2="10,133,67,110,26,11,32,0,42,119,74,88,93" hai3="135,39,56,33,43,91,13,69,2,49,85,21,25"/><T118/><D118/><U50/><E38/><V134/><F119/><W51/><G2/><T89/><D113/><U57/><E114/><V83/><F110/><W8/><G69/><T132/><D132/><N who="2" m="50794" /><F0/><W64/><G135/><T68/><D108/><U12/><E3/><V94/><F67/><W54/><G33/><T79/><D4/><U117/><E78/><N who="2" m="44503" /><F42/><W77/><G77/><T70/><D89/><U58/><E117/><V109/><F109/><W17/><G64/><T37/><D30/><U71/><E71/><V73/><F73/><W123/><G123/><T80/><D80/><U76/><E76/><V75/><F75/><W84/><G39/><T102/><D105/><U62/><E107/><V98/><F93/><W28/><REACH who="3" step="1"/><G91/><REACH who="3" ten="681,150,150,9" step="2"/><T81/><D65/><U48/><E34/><V36/><F36/><W1/><G1/><T61/><D79/><U86/><E48/><V104/><F104/><W103/><G103/><T127/><D70/><U5/><E50/><V9/><F32/><W90/><G90/><T106/><D106/><U115/><E115/><V15/><F26/><W122/><G122/><T22/><D68/><U126/><E27/><V53/><F53/><W112/><G112/><T66/><D66/><U92/><E60/><V111/><F111/><W99/><G99/><T125/><D61/><U52/><E97/><V72/><F72/><W40/><G40/><T45/><D37/><U31/><E96/><V46/><F15/><W20/><G20/><T18/><D41/><U24/><E12/><V55/><F55/><W44/><AGARI ba="4,1" hai="8,13,17,21,25,28,43,44,49,51,54,56,84,85" machi="44" ten="30,4000,0" yaku="1,1,0,1,8,1,53,0" doraHai="120" doraHaiUra="131" who="3" fromWho="3" sc="681,-24,150,-14,150,-14,9,62" /><INIT seed="1,0,0,5,0,100" ten="657,136,136,71" oya="1" hai0="0,11,110,32,60,72,119,45,111,36,134,135,30" hai1="89,94,47,90,86,54,78,58,124,87,8,44,37" hai2="123,33,22,49,82,34,125,24,62,51,73,130,16" hai3="76,68,102,96,114,46,63,25,98,133,1,71,13"/><U61/><E124/><V26/><F123/><W132/><G1/><T19/><D72/><U5/><E78/><V127/><F62/><W104/><G114/><T15/><D60/><U122/><E37/><V7/><F7/><W70/><G76/><T109/><D119/><U99/><E122/><V29/><F130/><W39/><G63/><T91/><D91/><U101/><E90/><V38/><F38/><W28/><G13/><T85/><D85/><U112/><E86/><V69/><F69/><W83/><G96/><T3/><D45/><U66/><E54/><V103/><F33/><N who="3" m="20623" /><G83/><T131/><D131/><U53/><E53/><V57/><F103/><W107/><G107/><T108/><D108/><U64/><E64/><V6/><F6/><W9/><G9/><T50/><D50/><U40/><E40/><AGARI ba="0,0" hai="39,40,46,68,70,71,98,102,104,132,133" m="20623" machi="40" ten="40,2600,0" yaku="23,1,52,1" doraHai="100" who="3" fromWho="1" sc="657,0,136,-26,136,0,71,26" /><INIT seed="2,0,0,2,3,45" ten="657,110,136,97" oya="2" hai0="43,124,2,72,18,68,120,36,71,31,110,115,97" hai1="49,12,7,84,104,44,26,52,79,14,59,28,35" hai2="58,93,46,96,94,135,121,57,91,129,63,111,132" hai3="11,24,90,108,56,70,53,117,64,83,77,98,48"/><V50/><F121/><W123/><G117/><T6/><D18/><U102/><E7/><V112/><F112/><W125/><G123/><T29/><D97/><U85/><E79/><V127/><F127/><W73/><G125/><T4/><D43/><U119/><E119/><V20/><F129/><W116/><G116/><T0/><D124/><U74/><E74/><V81/><F81/><W42/><G108/><T22/><D22/><U25/><E25/><V87/><F111/><W89/><G42/><T126/><D126/><U86/><E102/><V54/><F20/><W33/><G11/><T34/><D36/><U15/><REACH who="1" step="1"/><E104/><REACH who="1" ten="657,100,136,97" step="2"/><V21/><F21/><W37/><G24/><T16/><D72/><U109/><E109/><V80/><F94/><W75/><G75/><T101/><D110/><U60/><E60/><V41/><REACH who="2" step="1"/><F58/><AGARI ba="0,1" hai="12,14,15,26,28,35,44,49,52,58,59,84,85,86" machi="58" ten="40,5200,0" yaku="1,1,52,1,54,1,53,0" doraHai="45" doraHaiUra="19" who="1" fromWho="2" sc="657,0,100,62,136,-52,97,0" /><INIT seed="3,0,0,1,4,45" ten="657,162,84,97" oya="3" hai0="99,77,68,72,107,23,43,66,49,126,3,41,62" hai1="39,87,20,8,2,98,7,83,64,10,89,86,57" hai2="97,81,91,22,121,28,42,69,108,56,38,115,95" hai3="29,119,67,15,25,102,105,33,133,30,127,0,6"/><W71/><G119/><T37/><D3/><U63/><E39/><V48/><F115/><W110/><G127/><T103/><D126/><U11/><E98/><V14/><F69/><W35/><G133/><T21/><D37/><U47/><E47/><V130/><F108/><W65/><G110/><T100/><D100/><U26/><REACH who="1" step="1"/><E87/><REACH who="1" ten="657,152,84,97" step="2"/><V131/><F38/><W13/><G105/><T111/><D111/><U135/><E135/><V51/><F97/><W80/><G102/><T96/><D96/><U24/><E24/><V134/><F134/><W58/><G25/><T101/><D101/><U54/><E54/><V125/><F125/><W70/><G67/><T109/><D109/><U60/><E60/><V12/><F42/><W94/><G65/><T44/><D43/><U40/><E40/><V52/><F52/><W32/><G32/><T79/><D72/><U93/><E93/><V122/><F95/><W17/><G94/><T112/><D112/><U4/><E4/><V92/><F92/><W85/><G6/><T132/><D132/><U123/><E123/><V78/><F121/><W1/><G33/><T31/><D103/><U75/><E75/><V76/><F122/><W19/><G35/><T5/><D5/><U34/><E34/><V120/><F120/><W74/><G85/><T59/><D107/><U113/><E113/><V128/><F81/><W18/><G74/><T88/><D99/><U27/><E27/><V50/><F130/><W90/><G80/><T117/><D41/><U106/><E106/><V53/><F131/><W46/><G46/><T61/><D44/><RYUUKYOKU ba="0,1" sc="657,-10,152,30,84,-10,97,-10" hai1="2,7,8,10,11,20,26,57,63,64,83,86,89" /><INIT seed="4,1,1,3,3,56" ten="647,182,74,87" oya="0" hai0="62,87,108,125,20,79,98,123,74,3,82,12,106" hai1="38,132,5,89,26,133,71,15,70,122,118,127,61" hai2="119,34,128,60,17,121,84,44,45,37,46,131,99" hai3="48,49,109,91,0,23,96,115,93,105,117,110,92"/><T36/><D3/><U75/><E118/><V30/><F121/><W35/><G105/><T51/><D36/><U8/><E122/><V58/><F119/><W1/><G35/><T21/><D123/><U47/><E75/><V78/><F99/><W120/><G117/><T107/><D125/><U24/><E127/><V33/><F37/><W6/><G120/><T73/><D108/><U57/><E89/><V97/><F17/><W42/><G115/><T28/><D51/><U16/><E47/><V126/><F126/><W29/><G6/><T64/><D21/><N who="1" m="13351" /><E26/><V81/><F97/><W40/><G96/><T39/><D39/><U77/><E77/><V116/><F116/><W86/><G91/><T112/><D112/><U2/><E2/><V85/><F85/><W11/><G23/><T80/><D98/><U130/><E130/><N who="2" m="49707" /><F30/><W95/><G29/><T134/><D28/><U22/><E22/><V135/><F135/><N who="1" m="51785" /><E38/><V53/><AGARI ba="1,1" hai="33,34,44,45,46,53,58,60,78,81,84" m="49707" machi="53" ten="30,2000,0" yaku="19,1,52,1" doraHai="56" who="2" fromWho="2" sc="647,-11,182,-6,74,33,87,-6" /><INIT seed="5,0,0,5,2,133" ten="636,176,107,81" oya="1" hai0="63,118,51,101,25,117,65,66,67,64,72,129,9" hai1="114,3,22,36,19,43,89,122,131,11,54,81,85" hai2="26,75,127,92,110,39,52,35,107,2,135,31,30" hai3="59,38,48,49,12,24,113,115,76,57,105,37,106"/><U90/><E122/><V86/><F110/><W23/><G12/><T99/><D72/><U47/><E114/><N who="3" m="43530" /><G76/><T40/><D129/><U91/><E131/><V27/><F75/><W14/><G14/><T80/><D80/><U69/><E69/><V34/><F2/><W45/><G23/><T46/><D9/><U116/><E116/><V61/><F107/><N who="3" m="40971" /><G24/><T108/><D108/><U18/><E18/><V124/><F135/><W41/><G48/><T5/><D5/><U55/><E11/><V62/><F39/><AGARI ba="0,0" hai="37,38,39,41,45,49,57,59" m="40971,43530" machi="39" ten="40,1300,0" yaku="15,1" doraHai="133" who="3" fromWho="2" sc="636,0,176,0,107,-13,81,13" /><INIT seed="6,0,0,0,5,120" ten="636,176,94,94" oya="2" hai0="14,3,116,25,18,39,49,7,87,95,65,51,98" hai1="96,135,89,26,69,115,47,134,71,91,83,53,66" hai2="109,125,1,112,130,62,113,103,77,11,9,28,104" hai3="56,15,85,81,80,41,84,90,19,16,117,110,119"/><V111/><F125/><W73/><G73/><T123/><D39/><U20/><E115/><N who="2" m="44107" /><F130/><W68/><G68/><N who="1" m="26186" /><E66/><V46/><F62/><W133/><G133/><N who="1" m="50698" /><E96/><N who="2" m="61543" /><F28/><W70/><G70/><T52/><D25/><U4/><E4/><N who="2" m="1167" /><F77/><W48/><G110/><N who="2" m="41993" /><F46/><W43/><G117/><T118/><D118/><U2/><E2/><V55/><F55/><N who="3" m="31847" /><G119/><T88/><D52/><U64/><E64/><V36/><F11/><N who="3" m="6271" /><G19/><T59/><D18/><N who="1" m="12567" /><E83/><V58/><F58/><W107/><G107/><T122/><D59/><U79/><E79/><AGARI ba="0,0" hai="41,43,79,80,81,84,85,90" m="6271,31847" machi="79" ten="30,2000,0" yaku="8,1,54,1" doraHai="120" who="3" fromWho="1" sc="636,0,176,-20,94,0,94,20" /><INIT seed="7,0,0,3,3,83" ten="636,156,94,114" oya="3" hai0="38,50,55,40,123,127,129,97,88,113,45,39,4" hai1="22,93,54,58,49,109,77,125,23,128,74,82,44" hai2="7,71,99,107,103,24,119,130,133,76,67,86,75" hai3="102,70,98,60,36,85,78,110,5,105,20,90,8"/><W9/><G36/><T92/><D123/><U0/><E109/><V115/><F119/><W65/><G110/><T46/><D127/><U100/><E0/><V104/><F115/><W19/><G78/><T28/><D129/><U41/><E125/><V3/><F133/><W30/><G30/><T57/><D113/><U47/><E128/><V116/><F130/><W95/><REACH who="3" step="1"/><G5/><REACH who="3" ten="636,156,94,104" step="2"/><T27/><D4/><U6/><E6/><V1/><F116/><W62/><G62/><T91/><D39/><U31/><E31/><V35/><F7/><W135/><G135/><T25/><D28/><U120/><E120/><V18/><F76/><W29/><G29/><T84/><D38/><U131/><E131/><V52/><F1/><W51/><G51/><T112/><D112/><U56/><E77/><V21/><F3/><W111/><G111/><T121/><D121/><U14/><E49/><V26/><F35/><W126/><G126/><T101/><D50/><U16/><E74/><V32/><F75/><W87/><G87/><T43/><D84/><U81/><E16/><V33/><F86/><W42/><G42/><T124/><D43/><U114/><E41/><V34/><F34/><W59/><G59/><T69/><D40/><U61/><E56/><V17/><F33/><W134/><G134/><T10/><D57/><U132/><E114/><V89/><F32/><W108/><G108/><T72/><D124/><U73/><E73/><V117/><F17/><W64/><G64/><T63/><D72/><U122/><E132/><V79/><F67/><W37/><G37/><T53/><D63/><RYUUKYOKU ba="0,1" sc="636,-10,156,-10,94,-10,104,30" hai3="8,9,19,20,60,65,70,85,90,95,98,102,105" /><INIT seed="7,1,1,0,4,128" ten="626,146,84,134" oya="3" hai0="70,5,97,32,100,41,12,47,82,59,37,38,92" hai1="102,76,1,69,0,73,71,67,25,54,118,35,21" hai2="2,61,90,77,91,94,103,134,55,122,20,105,111" hai3="34,88,78,85,31,72,56,126,50,83,81,96,68"/><W17/><G68/><N who="1" m="26186" /><E21/><V16/><F111/><W49/><G126/><T28/><D70/><U75/><E54/><V14/><F122/><W42/><G96/><T101/><D38/><U62/><E62/><V116/><F116/><W95/><G42/><T129/><D129/><U79/><E67/><V120/><F120/><W57/><G17/><T87/><D59/><N who="3" m="22601" /><G34/><T3/><D3/><N who="1" m="1099" /><E118/><V121/><F121/><W125/><G72/><T10/><D32/><U108/><E108/><V27/><F2/><W98/><G125/><T7/><D28/><N who="1" m="19855" /><E79/><V110/><F77/><W24/><G78/><T19/><D101/><U52/><E52/><V131/><F110/><W30/><G24/><T74/><D74/><U135/><E76/><AGARI ba="1,1" hai="5,7,10,12,19,37,41,47,76,82,87,92,97,100" machi="76" ten="30,1000,0" yaku="7,1" doraHai="128" who="0" fromWho="1" sc="626,23,146,-13,84,0,134,0" owari="649,76.0,133,-27.0,84,-42.0,134,-7.0" /></mjloggm>