<mjloggm ver="2.3"><GO type="169" lobby="0"/><UN n0="%E7%89%A7%E5%A0%B4%E3%81%AE%E5%B0%91%E5%A5%B3" n1="%E5%AE%AE%E6%B0%B8%E2%80%90%E7%85%A7" n2="%E3%83%88%E3%83%88%E3%83%AA%E5%85%88%E7%94%9F%31%39%E6%AD%B3" n3="%6D%6F%6D%6F%39%31%36" dan="17,16,19,16" rate="2166.88,2048.02,2294.59,2088.44" sx="M,F,F,F"/><TAIKYOKU oya="0"/><INIT seed="0,0,0,1,2,26" ten="250,250,250,250" oya="0" hai0="62,52,120,127,98,48,33,99,27,13,94,36,128" hai1="103,92,2,55,56,46,131,77,116,51,107,67,4" hai2="53,68,90,115,32,79,102,133,69,7,47,12,100" hai3="109,88,83,16,84,37,31,119,96,71,57,106,130"/><T124/><D120/><U63/><E131/><V17/><F115/><W22/><G71/><T29/><D36/><U114/><E116/><V65/><F133/><W49/><G37/><T10/><D128/><U121/><E121/><V23/><F32/><W28/><G130/><T86/><D62/><U112/><E107/><V35/><F35/><W24/><G119/><T15/><D86/><U117/><E77/><V125/><F125/><N who="0" m="48202" /><D10/><U113/><E117/><V122/><F122/><W38/><G38/><T80/><D80/><U82/><E82/><V3/><F79/><W11/><G109/><T5/><D5/><U105/><E105/><V91/><F7/><W123/><G123/><T126/><N who="0" m="48210" /><T1/><DORA hai="21" /><D1/><U110/><E110/><V58/><F3/><W30/><G106/><T0/><D0/><U64/><E2/><V20/><F69/><W50/><G96/><N who="0" m="36907" /><D94/><U101/><E4/><V89/><F68/><W74/><G74/><T9/><D9/><U134/><E92/><V60/><F100/><W75/><G75/><T72/><D72/><U97/><E97/><V14/><F102/><W73/><G73/><T95/><D95/><U93/><E93/><V8/><F12/><N who="3" m="7199" /><G49/><AGARI ba="0,0" hai="8,14,17,20,23,47,49,53,58,60,65,89,90,91" machi="49" ten="40,1300,0" yaku="8,1" doraHai="26,21" who="2" fromWho="3" sc="250,0,250,0,250,13,250,-13" /><INIT seed="1,0,0,1,5,105" ten="250,250,263,237" oya="1" hai0="10,72,46,130,63,27,14,84,52,28,92,38,45" hai1="85,82,102,131,103,23,35,90,78,89,51,83,109" hai2="110,120,65,33,94,71,95,8,43,2,15,93,67" hai3="7,58,64,68,25,77,88,0,111,99,3,62,108"/><U114/><E35/><V39/><F120/><W41/><G77/><T91/><D130/><U134/><E114/><V34/><F2/><W119/><G119/><T66/><D38/><U26/><E131/><V69/><F110/><N who="3" m="42027" /><G41/><T56/><D72/><U127/><E109/><V121/><F121/><W129/><G129/><T118/><D118/><U50/><E127/><V47/><F67/><W122/><G122/><T117/><D117/><U125/><E134/><V32/><REACH who="2" step="1"/><F65/><REACH who="2" ten="250,250,253,237" step="2"/><W57/><G3/><T116/><D116/><U126/><E126/><V96/><F96/><W115/><G115/><T42/><D66/><U22/><E125/><V135/><F135/><W112/><G112/><T100/><D100/><U75/><E103/><V21/><F21/><W59/><G99/><T124/><D124/><U40/><E102/><V133/><F133/><W11/><G25/><T48/><D45/><U1/><E1/><V30/><F30/><W54/><G88/><T36/><D27/><U31/><E23/><V113/><F113/><W29/><G29/><T61/><REACH who="0" step="1"/><D28/><REACH who="0" ten="240,250,253,237" step="2"/><U73/><E31/><V16/><AGARI ba="0,2" hai="8,15,16,32,33,34,39,43,47,69,71,93,94,95" machi="16" ten="40,5200,0" yaku="1,1,0,1,54,1,53,0" doraHai="105" doraHaiUra="76" who="2" fromWho="2" sc="240,-13,250,-26,253,72,237,-13" /><INIT seed="2,0,0,2,3,123" ten="227,224,325,224" oya="2" hai0="50,45,99,68,20,100,5,59,64,63,75,13,11" hai1="2,1,33,104,115,101,39,93,60,87,53,65,28" hai2="54,90,105,48,78,0,121,30,14,72,92,135,109" hai3="21,127,58,9,6,76,82,57,120,29,94,24,36"/><V10/><F121/><W132/><G120/><T46/><D75/><U86/><E53/><V4/><F105/><W85/><G132/><T79/><D79/><U25/><E93/><V43/><F135/><W83/><G127/><T116/><D116/><U95/><E95/><V74/><F78/><W106/><G106/><T107/><D20/><U102/><E102/><V66/><F43/><W34/><G36/><T38/><D38/><U112/><E87/><V128/><F128/><W12/><G83/><T77/><D77/><U44/><E86/><V19/><F30/><W23/><G94/><T7/><REACH who="0" step="1"/><D5/><REACH who="0" ten="217,224,325,224" step="2"/><U32/><E32/><V96/><F74/><W88/><G76/><T103/><D103/><U89/><E89/><V47/><F72/><W124/><G124/><T81/><D81/><U130/><E130/><V126/><F126/><W49/><G34/><T22/><D22/><U114/><E39/><V97/><F90/><W62/><G23/><T3/><D3/><U8/><E8/><V67/><F0/><W52/><REACH who="3" step="1"/><G62/><REACH who="3" ten="217,224,325,214" step="2"/><T131/><D131/><U18/><E60/><V16/><F10/><W17/><G17/><T133/><D133/><U117/><E18/><V56/><F19/><W15/><G15/><T37/><D37/><U73/><E33/><V119/><F16/><W110/><G110/><T31/><D31/><U70/><E28/><V35/><F35/><W84/><G84/><T42/><D42/><U27/><E73/><V69/><F14/><W125/><G125/><T71/><D71/><U91/><E70/><V98/><F69/><W51/><G51/><RYUUKYOKU ba="0,2" sc="217,15,224,-15,325,-15,214,15" hai0="7,11,13,45,46,50,59,63,64,68,99,100,107" hai3="6,9,12,21,24,29,49,52,57,58,82,85,88" /><INIT seed="3,1,2,3,1,3" ten="232,209,310,229" oya="3" hai0="76,57,128,66,9,122,80,37,24,90,100,98,31" hai1="63,124,59,131,104,117,85,71,99,65,19,92,14" hai2="105,46,51,78,8,67,96,60,82,108,6,107,125" hai3="36,4,79,68,121,73,39,52,2,133,115,28,88"/><W126/><G121/><T17/><D122/><U114/><E114/><V93/><F108/><W56/><G115/><T27/><D128/><U95/><E131/><V119/><F125/><W49/><G68/><T77/><D37/><U44/><E124/><V40/><F119/><W118/><G126/><T101/><D100/><U109/><E109/><V58/><F93/><W64/><G64/><T35/><D90/><N who="1" m="53327" /><E104/><V120/><F96/><W55/><G118/><T75/><D76/><U135/><E71/><V29/><F29/><W111/><G111/><T47/><D47/><U94/><E135/><V26/><F26/><W42/><G133/><T91/><D91/><U32/><E32/><V70/><F70/><W83/><G42/><T22/><D9/><U74/><E74/><V34/><F34/><W113/><G28/><T54/><D66/><U18/><E18/><V97/><F97/><W86/><G55/><T134/><D134/><U130/><E130/><V43/><F43/><W23/><G23/><T45/><D45/><U102/><E44/><V30/><F30/><W62/><G62/><T53/><REACH who="0" step="1"/><D57/><REACH who="0" ten="222,209,310,229" step="2"/><U84/><E117/><V7/><F120/><W87/><G113/><T69/><D69/><U89/><E65/><V13/><REACH who="2" step="1"/><F7/><REACH who="2" ten="222,209,300,229" step="2"/><W129/><G129/><T123/><D123/><U50/><E99/><V0/><F0/><W11/><REACH who="3" step="1"/><G73/><AGARI ba="1,4" hai="6,8,13,40,46,51,58,60,67,73,78,82,105,107" machi="73" ten="30,7700,0" yaku="1,1,7,1,52,1,53,1" doraHai="3" doraHaiUra="1" who="2" fromWho="3" sc="222,0,209,0,300,120,229,-80" /><INIT seed="4,0,0,3,1,127" ten="222,209,420,149" oya="0" hai0="83,52,14,122,2,25,115,19,11,68,61,45,92" hai1="79,70,124,128,18,6,35,109,120,107,89,129,55" hai2="75,126,87,105,133,93,60,37,81,21,123,95,57" hai3="119,99,111,29,26,65,131,108,69,48,135,54,78"/><T39/><D122/><U23/><E35/><V91/><F123/><W88/><G119/><T33/><D115/><U34/><E34/><V0/><F0/><W22/><G135/><T49/><D92/><U17/><E120/><V44/><F105/><W40/><G78/><T12/><D2/><U82/><E124/><V73/><F126/><W101/><G40/><T117/><D117/><U43/><E70/><V4/><F4/><W20/><G131/><N who="1" m="50250" /><E107/><V110/><F75/><W76/><G76/><T1/><D1/><U56/><E6/><V28/><F73/><W104/><G20/><T67/><D83/><U94/><E43/><V90/><F81/><W130/><G130/><T16/><D39/><U80/><E109/><V63/><F37/><W84/><G65/><T47/><D33/><U85/><E23/><V8/><F21/><W112/><G69/><T7/><D25/><U103/><E103/><V66/><F110/><W106/><G112/><T116/><D116/><U77/><E82/><V27/><F133/><W50/><G50/><T102/><D102/><U134/><E134/><V51/><F51/><W9/><G9/><T59/><D7/><U41/><E41/><V97/><F8/><AGARI ba="0,0" hai="8,11,12,14,16,19,45,47,49,52,59,61,67,68" machi="8" ten="30,11600,0" yaku="7,1,9,1,54,2" doraHai="127" who="0" fromWho="2" sc="222,116,209,0,420,-116,149,0" /><INIT seed="4,1,0,5,4,14" ten="338,209,304,149" oya="0" hai0="39,127,12,135,16,82,78,26,48,76,33,68,73" hai1="63,20,120,115,61,107,104,72,129,4,87,103,51" hai2="57,11,56,77,102,45,34,96,46,80,32,65,35" hai3="66,124,118,106,41,13,123,25,74,130,5,10,109"/><T98/><D39/><U90/><E72/><V67/><F11/><W125/><G118/><T50/><D68/><U114/><E120/><V60/><F57/><W19/><G123/><T36/><D36/><U86/><E4/><V52/><F67/><W128/><G106/><T55/><D135/><U101/><E20/><V54/><F54/><W105/><G105/><N who="1" m="40522" /><E51/><V113/><F113/><N who="1" m="43017" /><E129/><N who="3" m="49770" /><G66/><T126/><D98/><U49/><E49/><V83/><F96/><W7/><G41/><T70/><D70/><U133/><E133/><V97/><F97/><W62/><G62/><N who="1" m="23562" /><E90/><V85/><F65/><W122/><G74/><T112/><D112/><U6/><E6/><N who="3" m="2058" /><G122/><T91/><D91/><U42/><E42/><V38/><F38/><W95/><G95/><T131/><D131/><U29/><E29/><V121/><F121/><W58/><G58/><T9/><D76/><U99/><E99/><V111/><F77/><W132/><G132/><T116/><D116/><U43/><E43/><V44/><F44/><W81/><G109/><T21/><D48/><U37/><E37/><V84/><F111/><W69/><G69/><T100/><D50/><U31/><E31/><V28/><F28/><W89/><G25/><T94/><D55/><U17/><E103/><V108/><F102/><W88/><G89/><T53/><D53/><U27/><E101/><V117/><F108/><W1/><G1/><T110/><D100/><U18/><E27/><V15/><F117/><W93/><G81/><N who="2" m="31305" /><F15/><W8/><G10/><T30/><D110/><U23/><E23/><V0/><F0/><W71/><G71/><RYUUKYOKU ba="1,0" sc="338,-30,209,10,304,10,149,10" hai1="17,18,86,87" hai2="32,34,35,45,46,52,56,60,84,85" hai3="8,13,19,88,93,124,125" /><INIT seed="5,2,0,1,4,116" ten="308,219,314,159" oya="1" hai0="64,8,102,131,66,4,77,79,106,21,127,52,29" hai1="1,28,110,111,108,115,33,40,9,90,51,135,63" hai2="34,91,70,67,76,46,92,87,119,82,26,120,22" hai3="98,130,88,114,44,62,24,73,27,11,117,68,61"/><U107/><E107/><V122/><F119/><W3/><G117/><T36/><D36/><U123/><E115/><V85/><F34/><W65/><G114/><T59/><D106/><U49/><E135/><V109/><F109/><W23/><G130/><T12/><D102/><U97/><E40/><V94/><F70/><W58/><G73/><T41/><D41/><U72/><E72/><V104/><F104/><W132/><G132/><T39/><D39/><U96/><E63/><V125/><F67/><N who="0" m="25642" /><D127/><U113/><E113/><V84/><F125/><W74/><G74/><T95/><D95/><N who="1" m="56439" /><E97/><V13/><F46/><W17/><G62/><N who="0" m="36199" /><D131/><U38/><E38/><V30/><F92/><W31/><G44/><T19/><D29/><U81/><E81/><V18/><F85/><W5/><G68/><T20/><D21/><U45/><E45/><V10/><AGARI ba="2,0" hai="10,13,18,22,26,30,76,82,84,87,91,94,120,122" machi="10" ten="20,5200,0" yaku="0,1,7,1,52,2" doraHai="116" who="2" fromWho="2" sc="308,-15,219,-28,314,58,159,-15" /><INIT seed="6,0,0,3,5,107" ten="293,191,372,144" oya="2" hai0="12,38,87,88,98,70,9,19,54,24,127,80,104" hai1="83,61,4,0,73,26,89,45,44,35,105,112,102" hai2="133,132,47,109,30,122,69,11,126,17,76,82,100" hai3="49,20,16,63,41,120,78,50,74,25,114,43,21"/><V118/><F118/><W59/><G120/><T94/><D127/><U3/><E112/><V91/><F122/><W1/><G114/><T103/><D38/><U131/><E131/><V31/><F69/><W75/><G1/><T134/><D134/><N who="2" m="51818" /><F100/><W27/><G78/><T110/><D110/><U39/><E89/><V125/><F91/><W129/><G129/><T66/><D54/><U10/><E61/><V32/><F47/><W92/><G92/><T46/><D46/><U96/><E0/><V60/><F60/><W113/><G113/><T85/><D66/><U34/><E26/><N who="2" m="18519" /><F31/><W7/><G7/><T128/><D128/><U62/><E62/><V121/><F121/><W119/><G119/><T68/><REACH who="0" step="1"/><D24/><REACH who="0" ten="283,191,372,144" step="2"/><U115/><E44/><V99/><F109/><W2/><G2/><T6/><D6/><U111/><E111/><V55/><F55/><W93/><G43/><T14/><D14/><U81/><E115/><V42/><F42/><W77/><G41/><T33/><D33/><U67/><E67/><V135/><F135/><W37/><G37/><T8/><D8/><U15/><E45/><V116/><F116/><W90/><G25/><T97/><D97/><U124/><E39/><V108/><F99/><N who="3" m="57783" /><G21/><T51/><D51/><N who="3" m="19465" /><G77/><AGARI ba="0,1" hai="9,12,19,68,70,77,80,85,87,88,94,98,103,104" machi="77" ten="30,7700,0" yaku="1,1,7,1,54,1,53,1" doraHai="107" doraHaiUra="95" who="0" fromWho="3" sc="283,87,191,0,372,0,144,-77" /><INIT seed="7,0,0,5,4,113" ten="370,191,372,67" oya="3" hai0="23,76,90,9,132,126,106,81,100,96,91,29,77" hai1="104,87,116,117,99,110,39,68,95,26,101,13,10" hai2="40,57,85,12,53,135,134,2,79,32,4,38,112" hai3="63,89,111,36,22,115,61,49,44,33,48,66,70"/><W82/><G33/><T80/><D132/><N who="2" m="50730" /><F112/><W14/><G115/><T7/><D126/><U5/><E110/><V92/><F32/><W103/><G111/><T123/><D123/><U11/><E68/><V114/><F114/><W108/><G108/><T27/><D77/><U73/><E39/><V131/><F131/><W56/><G103/><T24/><D27/><U72/><E26/><V88/><F2/><W50/><G22/><T94/><D106/><U86/><E86/><V67/><F67/><N who="3" m="41343" /><G89/><T118/><D118/><N who="1" m="45675" /><E11/><N who="2" m="4199" /><F79/><W25/><G14/><N who="0" m="5439" /><D76/><U124/><E124/><V109/><F109/><W19/><G19/><T41/><D41/><U60/><E60/><N who="2" m="35887" /><F40/><N who="3" m="22535" /><G82/><AGARI ba="0,0" hai="23,24,29,80,81,82,90,91,94,96,100" m="5439" machi="82" ten="30,1000,0" yaku="8,1" doraHai="113" who="0" fromWho="3" sc="370,10,191,0,372,0,67,-10" owari="380,48.0,191,-21.0,372,17.0,57,-44.0" /></mjloggm>