<mjloggm ver="2.3"><GO type="169" lobby="0"/><UN n0="%E3%83%88%E3%83%88%E3%83%AA%E5%85%88%E7%94%9F%31%39%E6%AD%B3" n1="%E9%9B%80%E6%A5%B5%E3%81%AE%E3%81%B8" n2="%3D%E5%9C%92%E5%9F%8E%E5%AF%BA%E6%80%9C%3D" n3="%65%61%73%79" dan="19,16,17,17" rate="2321.69,2086.95,2208.35,2186.45" sx="F,M,F,M"/><TAIKYOKU oya="0"/><INIT seed="0,0,0,2,2,35" ten="250,250,250,250" oya="0" hai0="70,114,11,127,15,132,73,45,42,55,117,41,95" hai1="1,108,13,7,20,116,112,8,0,82,85,87,84" hai2="9,125,68,113,65,75,115,46,19,17,129,92,29" hai3="66,43,99,93,49,77,123,47,134,110,131,36,53"/><T64/><D114/><U122/><E116/><V104/><F104/><W88/><G123/><T33/><D117/><U83/><E122/><V34/><F75/><W120/><G120/><T124/><D33/><U89/><E108/><V98/><F65/><W94/><G110/><T56/><D73/><U86/><E112/><V63/><F63/><W22/><G134/><T48/><D132/><U30/><REACH who="1" step="1"/><E82/><REACH who="1" ten="250,240,250,250" step="2"/><V130/><F113/><W100/><G131/><T18/><D124/><U14/><E14/><V26/><F125/><W118/><G118/><T69/><D127/><U106/><E106/><V32/><F115/><W71/><G77/><T91/><D64/><U39/><E39/><V58/><F130/><W72/><G66/><T80/><D80/><U40/><E40/><V57/><F129/><W76/><G36/><T59/><D42/><U5/><E5/><V126/><F126/><W51/><G43/><T78/><D78/><U10/><E10/><V90/><F9/><W128/><G128/><T37/><REACH who="0" step="1"/><D59/><REACH who="0" ten="240,240,250,250" step="2"/><U67/><E67/><V133/><F133/><W105/><G76/><T74/><D74/><U28/><E28/><V119/><F119/><W54/><G72/><T62/><D62/><U16/><E16/><V109/><F17/><W103/><G51/><T52/><D52/><U60/><E60/><V61/><F19/><W4/><G54/><T3/><D3/><U2/><E2/><V111/><F57/><W44/><G53/><T21/><D21/><U101/><E101/><V50/><F58/><W23/><G49/><T12/><D12/><U25/><AGARI ba="0,2" hai="0,1,7,8,13,20,25,30,83,84,85,86,87,89" machi="25" ten="30,8000,1" yaku="1,1,5,1,0,1,52,2,53,0" doraHai="35" doraHaiUra="107" who="1" fromWho="1" sc="240,-40,240,100,250,-20,250,-20" /><INIT seed="1,0,0,4,1,115" ten="200,340,230,230" oya="1" hai0="30,0,83,54,86,25,133,8,37,71,74,89,90" hai1="121,84,131,110,75,29,129,21,88,77,126,135,19" hai2="111,1,48,123,91,118,40,23,80,7,51,35,100" hai3="101,14,36,50,96,79,78,41,130,11,102,27,92"/><U87/><E121/><V32/><F100/><W15/><G130/><T99/><D71/><U104/><E135/><V45/><F111/><W127/><G36/><T94/><D37/><U128/><E126/><V122/><F7/><W116/><G127/><T65/><D133/><U113/><E113/><V117/><F1/><W132/><G132/><T34/><D65/><U22/><E104/><V60/><F60/><W119/><G102/><T69/><D69/><U52/><E110/><V39/><F23/><W134/><G134/><T59/><D74/><U18/><E75/><V70/><F70/><W13/><G27/><T114/><D114/><U26/><E77/><V3/><F3/><W5/><G41/><T31/><D31/><U76/><E76/><V44/><F39/><W66/><G66/><T120/><D120/><U12/><E52/><V105/><F80/><W58/><G79/><T109/><D109/><U97/><REACH who="1" step="1"/><E29/><REACH who="1" ten="200,330,230,230" step="2"/><V112/><F112/><W106/><G78/><T47/><D54/><U10/><E10/><V124/><F124/><W61/><G106/><T72/><D72/><U95/><AGARI ba="0,1" hai="12,18,19,21,22,26,84,87,88,95,97,128,129,131" machi="95" ten="40,12000,1" yaku="1,1,0,1,19,1,54,1,53,0" doraHai="115" doraHaiUra="103" who="1" fromWho="1" sc="200,-40,330,130,230,-40,230,-40" /><INIT seed="1,1,0,0,3,129" ten="160,460,190,190" oya="1" hai0="23,128,119,4,72,38,87,19,0,135,90,41,25" hai1="6,106,108,36,54,123,22,118,33,63,78,101,113" hai2="58,127,94,103,82,133,109,50,12,107,86,102,46" hai3="114,3,57,29,15,79,89,18,93,104,42,120,9"/><U117/><E33/><V7/><F109/><W5/><G120/><T49/><D119/><U112/><E36/><V51/><F107/><W130/><G104/><T115/><D115/><U116/><E6/><V100/><F127/><W124/><G114/><N who="1" m="44138" /><E22/><V126/><F126/><W39/><G130/><T66/><D72/><U55/><E78/><V34/><F58/><W31/><G124/><T96/><D128/><U16/><E16/><V91/><F50/><W67/><G79/><T95/><D38/><U10/><E10/><V99/><F34/><W122/><G42/><T56/><D0/><U105/><E101/><V11/><REACH who="2" step="1"/><F133/><REACH who="2" ten="160,460,180,190" step="2"/><W98/><G39/><T48/><D135/><U75/><E108/><V71/><F71/><W121/><G121/><T84/><D49/><U17/><E123/><V52/><AGARI ba="1,1" hai="7,11,12,46,51,52,82,86,91,94,99,100,102,103" machi="52" ten="20,8000,1" yaku="1,1,0,1,7,1,8,1,54,1,53,0" doraHai="129" doraHaiUra="74" who="2" fromWho="2" sc="160,-21,460,-41,180,93,190,-21" /><INIT seed="2,0,0,2,1,30" ten="139,419,273,169" oya="2" hai0="108,48,85,13,53,43,71,79,0,68,46,61,97" hai1="130,96,63,133,116,123,120,132,125,5,45,10,74" hai2="76,4,11,39,9,115,100,40,33,65,28,67,27" hai3="110,19,83,129,135,86,51,23,91,31,105,134,69"/><V127/><F127/><W32/><G110/><T3/><D108/><U82/><E125/><V49/><F115/><W52/><G69/><T121/><D121/><N who="1" m="46667" /><E130/><V25/><F39/><W119/><G105/><T81/><D71/><U88/><E116/><V94/><F11/><W44/><G129/><T99/><D0/><U2/><E63/><V47/><F27/><W70/><G70/><T90/><D3/><U101/><E45/><V80/><F94/><W34/><G119/><T72/><D13/><U24/><E24/><V64/><F100/><W131/><G31/><T17/><D17/><U114/><E114/><V58/><F58/><W78/><G78/><T35/><D35/><U112/><E112/><V93/><F93/><W38/><G38/><T75/><D75/><U124/><E124/><V54/><F54/><W8/><G8/><T36/><D79/><N who="1" m="44407" /><E88/><V1/><REACH who="2" step="1"/><F65/><REACH who="2" ten="139,419,263,169" step="2"/><W73/><G131/><T87/><D68/><U122/><E122/><V104/><F104/><AGARI ba="0,1" hai="2,5,10,96,101,104,132,133" m="44407,46667" machi="104" ten="30,2000,0" yaku="13,1,23,1" doraHai="30" who="1" fromWho="2" sc="139,0,419,30,263,-20,169,0" /><INIT seed="3,0,0,3,5,90" ten="139,449,243,169" oya="3" hai0="64,88,97,44,130,75,74,3,129,106,13,118,22" hai1="96,102,66,4,79,56,73,12,120,45,21,133,84" hai2="122,41,53,71,115,43,127,29,68,15,35,76,58" hai3="87,5,83,77,46,60,26,99,67,2,11,37,59"/><W51/><G37/><T1/><D118/><U47/><E73/><V0/><F0/><W109/><G109/><T119/><D119/><U81/><E120/><V93/><F76/><W34/><G99/><T62/><D44/><U6/><E133/><V65/><F29/><W52/><REACH who="3" step="1"/><G26/><REACH who="3" ten="139,449,243,159" step="2"/><T125/><D129/><U89/><E96/><V49/><F122/><W7/><G7/><T110/><D130/><U16/><E4/><V123/><F123/><W114/><G114/><T117/><D110/><U69/><E6/><V10/><F115/><W63/><G63/><T9/><D117/><U82/><E102/><V17/><F127/><W108/><G108/><T116/><D125/><U33/><E33/><AGARI ba="0,1" hai="2,5,11,33,34,46,51,52,59,60,67,77,83,87" machi="33" ten="40,3900,0" yaku="1,1,54,1,53,0" doraHai="90" doraHaiUra="112" who="3" fromWho="1" sc="139,0,449,-39,243,0,159,49" /><INIT seed="3,1,0,1,5,45" ten="139,410,243,208" oya="3" hai0="76,75,56,89,90,19,116,134,28,49,78,44,11" hai1="66,123,130,115,81,34,132,41,25,82,4,104,22" hai2="74,103,6,2,12,20,69,9,64,124,33,10,92" hai3="48,8,131,16,102,106,29,112,15,3,109,0,133"/><W110/><G112/><T51/><D116/><U119/><E115/><V129/><F74/><W60/><G133/><T61/><D134/><U113/><E113/><V53/><F33/><W58/><G131/><T40/><D28/><U135/><E34/><V95/><F103/><W24/><G48/><N who="0" m="18507" /><D75/><U43/><E130/><V127/><F53/><N who="3" m="33871" /><G106/><T125/><D44/><U55/><E104/><V77/><F77/><N who="0" m="29802" /><D40/><U50/><E41/><V23/><F69/><W71/><G102/><T38/><D38/><U86/><E43/><V93/><F64/><W14/><G71/><T108/><D108/><N who="3" m="41577" /><G15/><N who="0" m="7679" /><D125/><N who="2" m="48202" /><F129/><W87/><G87/><T118/><D118/><U42/><E86/><V47/><F47/><W105/><G105/><T111/><D111/><U13/><E119/><V37/><F37/><W85/><G85/><T35/><D35/><AGARI ba="1,0" hai="0,3,8,14,16,24,29,35" m="41577,33871" machi="35" ten="30,5800,0" yaku="14,1,10,1,54,1" doraHai="45" who="3" fromWho="0" sc="139,-61,410,0,243,0,208,61" /><INIT seed="3,2,0,3,4,97" ten="78,410,243,269" oya="3" hai0="14,86,48,20,17,59,122,75,63,101,25,51,91" hai1="66,76,6,73,94,58,61,74,22,124,83,70,77" hai2="105,111,46,55,37,47,96,0,62,121,113,78,126" hai3="2,54,120,21,95,41,135,60,102,129,107,42,10"/><W29/><G107/><T16/><D122/><U13/><E124/><V108/><F0/><W103/><G120/><T33/><D75/><U40/><E40/><N who="3" m="15466" /><G135/><T5/><D5/><U57/><E94/><V110/><F37/><W131/><G95/><T8/><D33/><U31/><E31/><V98/><F113/><W3/><G3/><T52/><D101/><U114/><E114/><V88/><F126/><W9/><G29/><T72/><D72/><U81/><REACH who="1" step="1"/><E22/><REACH who="1" ten="78,400,243,269" step="2"/><V69/><F121/><W117/><G21/><T49/><D63/><U26/><E26/><V130/><F62/><W12/><G117/><T32/><D32/><U80/><E80/><AGARI ba="2,1" hai="8,14,16,17,20,25,48,49,51,52,59,80,86,91" machi="80" ten="30,7700,0" yaku="7,1,8,1,54,2" doraHai="97" who="0" fromWho="1" sc="78,93,400,-83,243,0,269,0" /><INIT seed="4,0,0,0,0,33" ten="171,317,243,269" oya="0" hai0="97,112,110,58,106,62,59,47,22,121,117,125,77" hai1="93,5,120,13,116,127,86,49,103,96,123,2,101" hai2="130,126,1,54,109,113,98,102,57,82,17,72,135" hai3="8,56,104,34,84,133,21,70,38,55,122,114,124"/><T35/><D117/><U46/><E116/><V119/><F109/><W108/><RYUUKYOKU type="yao9" ba="0,0" sc="171,0,317,0,243,0,269,0" hai3="8,21,34,38,55,56,70,84,104,108,114,122,124,133" /><INIT seed="4,1,0,4,4,32" ten="171,317,243,269" oya="0" hai0="2,44,50,114,119,27,106,111,93,71,125,80,99" hai1="72,126,109,22,120,77,55,60,135,1,81,3,61" hai2="35,117,23,82,68,102,46,19,67,41,132,101,95" hai3="103,89,128,9,84,75,47,76,57,49,133,58,56"/><T107/><D119/><U90/><E109/><V88/><F35/><W86/><G75/><T45/><D71/><U14/><E120/><V121/><F132/><W112/><G133/><T118/><D118/><U28/><E135/><V5/><F121/><W25/><G112/><T31/><D111/><U42/><E42/><V24/><F82/><N who="3" m="47175" /><G128/><T98/><D114/><U39/><E126/><V79/><F79/><W130/><G130/><T37/><D125/><U30/><E39/><V40/><F40/><N who="3" m="24807" /><G103/><T18/><D2/><U123/><E123/><V85/><F117/><W94/><G25/><T104/><D37/><U110/><E110/><V38/><F67/><W21/><G21/><T69/><D69/><U127/><E127/><V78/><F78/><W74/><G74/><T34/><D80/><U129/><E129/><V87/><F87/><W115/><G115/><T53/><D45/><U66/><E81/><V4/><F68/><W96/><G96/><T0/><D0/><U108/><E3/><V26/><F26/><W92/><G92/><T33/><D33/><U97/><E1/><V11/><F11/><AGARI ba="1,0" hai="9,11,56,57,58,86,89,94" m="24807,47175" machi="11" ten="30,1000,0" yaku="8,1" doraHai="32" who="3" fromWho="2" sc="171,0,317,0,243,-13,269,13" /><INIT seed="5,0,0,0,5,135" ten="171,317,230,282" oya="1" hai0="40,13,18,44,50,23,14,117,22,32,133,55,51" hai1="72,87,25,70,17,105,48,37,34,104,106,101,3" hai2="108,45,93,82,81,86,62,80,53,84,115,118,65" hai3="57,107,54,97,75,58,6,85,132,111,38,36,12"/><U0/><E37/><V42/><F108/><W116/><G75/><T46/><D133/><U68/><E72/><V1/><F1/><W4/><G111/><T7/><D32/><U134/><E101/><V109/><F118/><W90/><G116/><T92/><D117/><U123/><E123/><V96/><F53/><W125/><G132/><T61/><D7/><U88/><E134/><V119/><F115/><W77/><G77/><T66/><D92/><U41/><E68/><V71/><F109/><W19/><G97/><T9/><REACH who="0" step="1"/><D13/><REACH who="0" ten="161,317,230,282" step="2"/><U127/><E0/><V39/><REACH who="2" step="1"/><F119/><REACH who="2" ten="161,317,220,282" step="2"/><W31/><G4/><T28/><D28/><N who="1" m="19727" /><E3/><V30/><F30/><W73/><G31/><T112/><D112/><U94/><E104/><V69/><F69/><AGARI ba="0,2" hai="9,14,18,22,23,40,44,46,50,51,55,61,66,69" machi="69" ten="30,2000,0" yaku="1,1,7,1,53,0" doraHai="135" doraHaiUra="74" who="0" fromWho="2" sc="161,40,317,0,220,-20,282,0" /><INIT seed="6,0,0,0,2,108" ten="201,317,200,282" oya="2" hai0="30,33,116,31,5,118,115,41,84,63,18,39,67" hai1="14,40,132,96,93,79,123,131,75,134,47,128,105" hai2="32,90,120,97,62,13,36,43,11,100,22,57,24" hai3="82,65,130,81,53,88,91,48,107,16,77,51,34"/><V8/><F32/><W111/><G111/><T61/><D5/><U127/><E105/><V23/><F120/><W122/><G122/><T6/><D6/><U126/><E123/><V112/><F112/><W102/><G34/><T85/><D115/><U104/><E104/><V70/><F70/><W59/><G65/><T68/><D61/><U133/><E14/><V69/><F69/><W117/><G117/><N who="0" m="45163" /><D18/><U114/><E114/><V25/><F43/><W46/><G102/><T129/><D129/><N who="1" m="49739" /><E79/><V64/><F36/><W21/><G107/><T4/><D4/><U113/><E75/><V26/><F100/><W92/><G91/><T78/><D33/><U0/><E0/><V121/><F121/><W52/><G77/><T10/><D10/><U98/><E113/><V87/><F97/><N who="1" m="37481" /><E93/><V29/><F13/><N who="3" m="9359" /><G130/><T50/><D39/><AGARI ba="0,0" hai="39,40,47,126,127,132,133,134" m="37481,49739" machi="39" ten="40,8000,1" yaku="30,2,20,1,19,1" doraHai="108" who="1" fromWho="0" sc="201,-80,317,80,200,0,282,0" /><INIT seed="7,0,0,0,3,13" ten="121,397,200,282" oya="3" hai0="104,6,86,11,106,85,99,121,31,39,69,3,23" hai1="95,38,94,21,73,80,113,82,90,19,2,28,79" hai2="48,51,127,37,117,63,84,91,126,10,32,1,118" hai3="100,81,33,14,35,12,0,42,108,103,52,59,115"/><W101/><G0/><T65/><D121/><U54/><E2/><V120/><F37/><W25/><G115/><T107/><D39/><U15/><E38/><V98/><F98/><W77/><G108/><T34/><D86/><U7/><E7/><N who="2" m="1391" /><F63/><W43/><G35/><T112/><D85/><U57/><E28/><V20/><F20/><W66/><G66/><T9/><D9/><U41/><E41/><V128/><F128/><W109/><G109/><T71/><D112/><U116/><E116/><N who="2" m="44651" /><F32/><W135/><G135/><T124/><D124/><N who="2" m="47658" /><F120/><W44/><G44/><T47/><D47/><U102/><E21/><V96/><F96/><W22/><G33/><T62/><D23/><U111/><E111/><V131/><F131/><W78/><G43/><T123/><D123/><U75/><E113/><V70/><F70/><W45/><G45/><T72/><D69/><U58/><E73/><V56/><F56/><W89/><G42/><T5/><D5/><U16/><E58/><V93/><AGARI ba="0,0" hai="48,51,84,91,93" m="47658,44651,1391" machi="93" ten="30,1100,0" yaku="18,1" doraHai="13" who="2" fromWho="2" sc="121,-3,397,-3,200,11,282,-5" owari="118,-38.0,394,49.0,211,-19.0,277,8.0" /></mjloggm>