<mjloggm ver="2.3"><GO type="169" lobby="0"/><UN n0="%31%33%36%74%6F%70" n1="%E3%82%A6%E3%83%AB%E3%83%88%E3%83%A9%E7%AB%8B%E7%9B%B4" n2="%63%75%72%72%65%6E%74" n3="%E3%81%BE%E3%82%8B%E3%81%A8%E3%83%BC" dan="17,18,16,16" rate="2170.05,2230.21,2084.87,2150.96" sx="M,M,M,M"/><TAIKYOKU oya="0"/><INIT seed="0,0,0,3,1,98" ten="250,250,250,250" oya="0" hai0="106,112,132,82,125,104,91,80,57,100,23,16,103" hai1="75,47,9,48,78,119,93,33,44,134,31,14,11" hai2="59,116,38,85,94,118,133,43,77,123,62,74,90" hai3="6,83,69,50,17,46,73,65,35,121,8,105,34"/><T24/><D112/><U124/><E119/><N who="2" m="45611" /><F123/><W60/><G121/><T29/><D106/><U129/><E129/><V126/><F126/><W122/><G122/><T36/><D36/><U97/><E124/><V0/><F0/><W89/><G17/><T18/><D104/><U76/><E134/><V95/><F133/><W41/><G105/><T92/><D132/><U15/><E33/><V68/><F68/><W128/><G128/><T28/><D125/><U32/><E32/><V87/><F74/><W37/><G50/><T22/><D57/><U19/><E31/><N who="0" m="11849" /><D82/><U40/><E47/><N who="2" m="24055" /><F77/><W127/><G127/><T42/><D80/><U117/><E75/><V110/><F110/><W51/><G51/><T55/><D55/><U13/><E117/><V131/><F131/><W114/><G114/><T20/><D42/><U5/><REACH who="1" step="1"/><E13/><REACH who="1" ten="250,240,250,250" step="2"/><V86/><F90/><AGARI ba="0,1" hai="5,9,11,14,15,19,40,44,48,76,78,90,93,97" machi="90" ten="30,7700,0" yaku="1,1,2,1,7,1,8,1,53,0" doraHai="98" doraHaiUra="64" who="1" fromWho="2" sc="250,0,240,87,250,-77,250,0" /><INIT seed="1,0,0,1,4,33" ten="250,327,173,250" oya="1" hai0="65,88,48,94,70,39,18,17,15,13,110,29,21" hai1="45,56,114,120,43,91,89,36,115,52,30,40,25" hai2="16,109,31,135,44,74,97,53,51,54,23,99,69" hai3="64,78,118,116,82,90,62,87,20,121,28,42,131"/><U67/><E120/><V66/><F74/><W14/><G121/><T130/><D39/><U58/><E91/><V2/><F2/><W86/><G131/><T134/><D110/><U129/><E89/><V72/><F72/><W96/><G42/><T108/><D108/><U46/><E129/><V50/><F135/><W0/><G96/><T22/><D134/><U85/><E85/><V63/><F31/><W35/><G35/><T103/><D103/><U81/><E81/><V34/><F34/><W8/><G0/><T93/><D130/><U32/><E67/><V104/><F104/><W98/><G98/><T75/><D75/><U77/><E77/><V41/><F41/><W61/><G28/><T113/><D113/><U5/><E5/><V126/><F126/><W132/><G20/><T105/><D105/><U12/><E12/><V133/><F109/><W37/><G37/><T38/><D38/><U27/><E27/><V19/><F19/><N who="3" m="8647" /><G64/><T111/><D29/><U49/><REACH who="1" step="1"/><E58/><REACH who="1" ten="250,317,173,250" step="2"/><V11/><F133/><W125/><G132/><T128/><D128/><U92/><E92/><V73/><F73/><W124/><G87/><T123/><D111/><U6/><E6/><V102/><F102/><W119/><G78/><T76/><D76/><U83/><E83/><V24/><REACH who="2" step="1"/><F11/><REACH who="2" ten="250,317,163,250" step="2"/><W107/><G107/><T112/><D123/><U106/><E106/><V68/><F68/><W95/><G82/><T26/><D70/><U122/><E122/><V3/><F3/><W55/><G125/><T101/><D101/><U7/><E7/><V84/><F84/><W60/><G124/><RYUUKYOKU ba="0,2" sc="250,-30,317,10,163,10,250,10" hai1="25,30,32,36,40,43,45,46,49,52,56,114,115" hai2="16,23,24,44,50,51,53,54,63,66,69,97,99" hai3="55,60,61,62,86,90,95,116,118,119" /><INIT seed="1,1,2,1,5,45" ten="220,327,173,260" oya="1" hai0="89,123,75,105,23,98,95,85,111,51,47,135,43" hai1="16,44,65,40,60,33,54,7,108,99,121,100,55" hai2="91,97,107,25,131,26,110,118,77,14,38,130,94" hai3="122,87,15,127,133,36,58,68,83,72,27,12,9"/><U76/><E121/><V0/><F0/><W67/><G68/><T6/><D123/><U56/><E33/><V28/><F118/><W11/><G36/><T18/><D135/><U1/><E108/><V57/><F110/><W115/><G72/><T52/><D75/><U19/><E76/><V41/><F77/><W3/><G122/><T74/><D74/><U109/><E109/><V34/><F14/><N who="3" m="5163" /><G3/><T20/><D111/><U17/><E7/><V73/><F73/><W125/><G115/><T70/><D70/><U63/><E63/><V101/><F41/><W79/><G27/><N who="0" m="14743" /><D105/><U132/><E132/><V22/><F38/><W116/><G133/><T39/><D39/><U50/><REACH who="1" step="1"/><E1/><REACH who="1" ten="220,317,173,260" step="2"/><V31/><F130/><W37/><G116/><T102/><D6/><U124/><E124/><N who="3" m="47690" /><G37/><T21/><D43/><U42/><E42/><V106/><F131/><W92/><G79/><T46/><D23/><U59/><E59/><V119/><F57/><W61/><G11/><T113/><D21/><U53/><E53/><V134/><F134/><W128/><G9/><T69/><D69/><U8/><E8/><V71/><F71/><W48/><G128/><T78/><D113/><U66/><E66/><V120/><F120/><W29/><G67/><T82/><D78/><U84/><E84/><V126/><F119/><W129/><G61/><T104/><D47/><U64/><E64/><V35/><F126/><W30/><G129/><T117/><D117/><U4/><E4/><V114/><F114/><W81/><G58/><T112/><D112/><U90/><E90/><N who="2" m="55511" /><F34/><W88/><G87/><RYUUKYOKU ba="1,3" sc="220,15,317,15,173,-15,260,-15" hai0="46,51,52,82,85,89,95,98,102,104" hai1="16,17,19,40,44,50,54,55,56,60,65,99,100" /><INIT seed="1,2,3,2,2,25" ten="235,332,158,245" oya="1" hai0="96,6,101,33,27,4,28,98,40,82,56,119,90" hai1="107,49,130,10,129,50,1,14,123,65,135,51,102" hai2="46,16,54,7,20,12,80,87,32,105,62,100,113" hai3="24,70,68,8,132,29,89,44,116,103,57,63,77"/><U23/><E123/><V42/><F113/><W59/><G116/><T112/><D119/><U26/><E1/><V79/><F32/><W19/><G132/><T48/><D112/><U81/><E135/><V74/><F7/><W93/><G103/><T133/><D133/><U66/><E81/><V124/><F124/><W2/><G77/><T72/><D98/><U91/><E91/><V61/><F54/><W30/><G44/><T94/><D72/><U121/><E121/><V3/><F3/><W75/><G75/><T37/><D37/><U109/><E109/><V131/><F131/><N who="1" m="50185" /><E107/><V55/><F55/><N who="3" m="34239" /><G70/><T126/><D126/><U73/><E73/><V41/><F41/><W78/><G68/><T45/><REACH who="0" step="1"/><D56/><REACH who="0" ten="225,332,158,245" step="2"/><U11/><E102/><V84/><F100/><W99/><G59/><T38/><D38/><U117/><E117/><V18/><F105/><W83/><G2/><T97/><D97/><U85/><E85/><AGARI ba="2,4" hai="4,6,27,28,33,40,45,48,82,85,90,94,96,101" machi="85" ten="40,5200,0" yaku="1,1,52,1,53,1" doraHai="25" doraHaiUra="31" who="0" fromWho="1" sc="225,98,332,-58,158,0,245,0" /><INIT seed="2,0,0,4,5,52" ten="323,274,158,245" oya="2" hai0="85,1,44,67,27,30,17,51,53,23,97,11,130" hai1="111,75,90,15,80,120,33,104,10,8,73,42,112" hai2="26,108,91,71,81,78,106,98,66,94,102,34,96" hai3="49,107,37,117,110,24,9,12,121,3,7,131,127"/><V133/><F133/><W47/><G117/><T93/><D130/><U46/><E112/><V39/><F39/><W119/><G121/><T59/><D85/><U65/><E120/><V56/><F108/><W87/><G119/><T50/><D1/><U68/><E111/><V62/><F34/><W103/><G110/><T5/><D5/><U134/><E104/><V83/><F26/><W61/><G131/><T116/><D116/><U70/><E33/><V77/><REACH who="2" step="1"/><F71/><REACH who="2" ten="323,274,148,245" step="2"/><W14/><G24/><T122/><D122/><U38/><E70/><V43/><F43/><W113/><G37/><T25/><D11/><U129/><E68/><V118/><F118/><W69/><G113/><T124/><D124/><U114/><E38/><V35/><F35/><W45/><G127/><T82/><D82/><AGARI ba="0,1" hai="56,62,66,77,78,81,82,83,91,94,96,98,102,106" machi="82" ten="40,12000,1" yaku="1,1,52,1,53,3" doraHai="52" doraHaiUra="79" who="2" fromWho="0" sc="323,-120,274,0,148,130,245,0" /><INIT seed="2,1,0,3,0,124" ten="203,274,278,245" oya="2" hai0="115,64,55,91,42,73,49,6,110,94,10,69,71" hai1="92,22,101,25,121,65,119,113,3,74,45,106,102" hai2="41,107,90,99,58,28,114,48,36,14,34,81,38" hai3="68,98,53,56,52,93,5,24,112,96,11,23,100"/><V19/><F114/><W51/><G68/><T80/><D115/><U118/><E3/><V59/><F28/><W128/><G112/><T33/><D33/><U127/><E127/><V2/><F34/><W78/><G78/><T17/><D110/><U8/><E74/><V54/><F2/><W13/><G98/><T39/><D17/><U125/><E106/><V123/><F123/><W7/><G53/><T122/><D64/><U135/><E135/><V111/><F111/><W103/><G7/><T46/><D122/><U134/><E134/><V86/><F41/><W130/><REACH who="3" step="1"/><G100/><REACH who="3" ten="203,274,278,235" step="2"/><T9/><D71/><U131/><E102/><V16/><F99/><W120/><G120/><T84/><D69/><U43/><E101/><V67/><F107/><W40/><G40/><T72/><D6/><U133/><E43/><V26/><F67/><W117/><G117/><T126/><D126/><U63/><E125/><V85/><F86/><W50/><G50/><T35/><D72/><U97/><E97/><V37/><F37/><W88/><G88/><T61/><D73/><U79/><E119/><V4/><F4/><W105/><G105/><T70/><D70/><U21/><E118/><V62/><F38/><W104/><G104/><T12/><D61/><U0/><E63/><V83/><F36/><W129/><G129/><T75/><D39/><U29/><E121/><V15/><F62/><W20/><G20/><T89/><D75/><U95/><E113/><V66/><F54/><W31/><AGARI ba="1,1" hai="5,11,13,23,24,31,51,52,56,93,96,103,128,130" machi="31" ten="30,12000,2" yaku="1,1,0,1,52,2,54,1,53,1" doraHai="124" doraHaiUra="18" who="3" fromWho="3" sc="203,-31,274,-31,278,-61,235,133" /><INIT seed="3,0,0,5,3,93" ten="172,243,217,368" oya="3" hai0="129,96,135,113,118,8,76,23,83,131,80,106,52" hai1="72,70,32,3,98,11,78,6,42,19,14,53,61" hai2="130,107,88,101,64,5,81,68,58,67,43,128,34" hai3="26,103,18,87,15,115,54,51,90,134,110,92,49"/><W108/><G115/><T132/><D23/><U59/><E70/><V71/><F34/><W17/><G134/><N who="0" m="51243" /><D8/><U24/><E42/><V41/><F5/><W86/><G103/><N who="0" m="62823" /><D118/><U22/><E98/><N who="2" m="61879" /><F88/><N who="3" m="53271" /><G26/><T75/><D113/><U84/><E84/><V66/><F81/><N who="3" m="49519" /><G51/><T117/><D117/><U89/><E89/><V30/><F30/><W95/><G95/><T12/><D12/><U56/><E56/><V47/><F47/><N who="3" m="27967" /><G15/><T112/><D112/><U111/><E72/><V122/><F122/><W94/><G94/><T36/><D36/><U2/><E2/><V63/><F71/><W104/><G104/><T125/><D83/><U126/><E3/><V48/><F68/><W57/><G57/><T38/><D38/><U82/><E59/><V62/><F48/><W37/><G37/><T1/><D1/><U35/><E35/><V31/><F31/><W99/><G99/><T28/><D28/><U29/><E29/><V46/><F58/><W0/><G0/><T7/><D52/><U10/><E53/><V45/><F45/><W120/><G120/><T60/><D60/><N who="2" m="23082" /><F46/><W79/><G79/><T133/><D133/><U97/><E78/><V102/><F43/><W100/><G100/><T50/><D50/><U39/><E61/><V124/><F102/><W77/><G77/><T55/><D55/><U20/><E39/><V116/><F41/><W9/><G9/><T40/><D40/><U85/><E11/><V13/><F116/><W16/><G17/><T4/><D125/><U74/><E126/><V27/><F124/><W109/><AGARI ba="0,0" hai="16,18,108,109,110" m="27967,49519,53271" machi="109" ten="30,11700,0" yaku="14,1,10,1,54,2" doraHai="93" who="3" fromWho="3" sc="172,-39,243,-39,217,-39,368,117" /><INIT seed="3,1,0,4,0,18" ten="133,204,178,485" oya="3" hai0="65,21,124,77,104,83,12,113,105,41,0,79,32" hai1="20,117,51,27,91,123,89,15,22,26,44,7,60" hai2="67,25,39,125,52,103,6,86,134,29,111,95,57" hai3="64,93,17,33,132,84,131,130,127,47,99,8,101"/><W129/><G33/><T106/><D32/><U40/><E123/><V74/><F39/><W94/><G64/><T59/><D0/><U75/><E75/><V81/><F67/><W55/><G47/><T35/><D35/><U80/><E117/><V98/><F125/><W85/><G55/><T28/><D124/><U14/><E60/><V24/><F134/><W31/><G31/><T49/><D113/><U96/><E96/><V11/><F111/><W109/><G127/><T76/><D65/><U13/><E7/><V72/><F29/><W53/><G53/><T23/><D28/><N who="1" m="17479" /><E80/><V62/><F74/><W54/><G54/><T69/><D69/><U73/><E73/><V10/><F72/><W68/><G68/><T16/><D59/><U3/><E3/><V70/><F70/><W34/><G34/><T126/><D126/><U66/><E66/><V119/><F119/><W30/><G30/><AGARI ba="1,0" hai="13,14,15,22,27,30,40,44,51,89,91" m="17479" machi="30" ten="30,3900,0" yaku="8,1,52,2" doraHai="18" who="1" fromWho="3" sc="133,0,204,42,178,0,485,-42" /><INIT seed="4,0,0,5,1,63" ten="133,246,178,443" oya="0" hai0="97,119,23,49,85,62,91,48,15,132,110,26,103" hai1="10,60,94,53,101,45,109,7,30,1,117,17,122" hai2="121,43,114,55,56,39,89,20,38,41,11,40,133" hai3="24,129,88,105,102,54,58,50,127,33,104,77,6"/><T74/><D74/><U79/><E109/><V28/><F121/><W44/><G77/><T2/><D2/><U113/><E117/><V81/><F114/><W13/><G127/><T130/><D119/><U31/><E122/><V34/><F34/><W86/><G129/><T22/><D110/><U75/><E113/><V106/><F106/><W76/><G76/><T36/><D36/><U35/><E35/><V37/><F133/><W42/><G102/><T21/><D132/><U82/><E17/><V61/><F11/><W87/><G87/><T66/><D130/><U73/><E73/><V18/><F28/><W84/><G84/><T80/><D15/><U59/><E45/><V64/><F89/><W118/><G118/><T93/><REACH who="0" step="1"/><D26/><REACH who="0" ten="123,246,178,443" step="2"/><U128/><E128/><V72/><F72/><W134/><G24/><T108/><D108/><U14/><E1/><V99/><F99/><W8/><G134/><T4/><D4/><U135/><E135/><V0/><F0/><W3/><G3/><T115/><D115/><U90/><E101/><V71/><F81/><W32/><G104/><T27/><D27/><U107/><E107/><V68/><F18/><W46/><G105/><T83/><D83/><U29/><E29/><V95/><F95/><W96/><G13/><T100/><D100/><U123/><E123/><V57/><REACH who="2" step="1"/><F20/><REACH who="2" ten="123,246,168,443" step="2"/><W116/><G6/><T67/><D67/><U78/><E78/><V65/><F65/><W69/><G116/><T16/><D16/><U25/><E25/><V5/><F5/><W9/><G33/><T52/><D52/><U111/><E111/><RYUUKYOKU ba="0,2" sc="123,10,246,10,168,10,443,-30" hai0="21,22,23,48,49,62,66,80,85,91,93,97,103" hai1="7,10,14,30,31,53,59,60,75,79,82,90,94" hai2="37,38,39,40,41,43,55,56,57,61,64,68,71" /><INIT seed="4,1,2,2,3,86" ten="133,256,178,413" oya="0" hai0="78,85,13,41,132,77,48,51,31,10,103,55,108" hai1="99,114,63,33,9,44,101,122,89,2,58,34,66" hai2="18,105,100,123,93,79,36,3,109,127,7,39,131" hai3="96,71,90,117,15,53,8,95,30,98,72,21,19"/><T121/><D121/><U82/><E122/><V120/><F109/><W32/><G72/><T118/><D118/><U52/><E114/><V61/><F18/><W76/><G71/><T29/><D132/><U81/><E2/><V130/><F79/><N who="0" m="30218" /><D108/><U67/><E9/><N who="2" m="2303" /><F127/><W134/><G32/><T49/><D103/><U128/><E128/><N who="2" m="49195" /><F61/><W111/><G134/><T20/><D41/><U45/><E33/><V69/><F69/><W106/><G117/><T133/><D133/><U94/><E34/><V60/><F60/><W92/><G111/><T73/><D73/><U135/><E135/><V6/><F6/><W35/><G106/><T116/><D116/><U104/><E104/><V83/><F83/><N who="1" m="31753" /><E101/><V126/><F126/><W56/><G76/><T12/><D85/><U37/><E37/><N who="2" m="14411" /><F93/><W64/><G35/><T62/><D20/><U11/><E11/><V110/><F110/><W68/><G68/><T65/><D65/><AGARI ba="1,2" hai="44,45,52,58,63,65,66,67,89,94,99" m="31753" machi="65" ten="30,3900,0" yaku="8,1,52,1,54,1" doraHai="86" who="1" fromWho="0" sc="133,-42,256,62,178,0,413,0" /><INIT seed="5,0,0,5,2,3" ten="91,318,178,413" oya="1" hai0="93,73,6,107,78,21,24,67,62,45,85,113,52" hai1="35,125,49,4,26,84,116,9,89,43,118,7,105" hai2="64,44,128,98,69,60,119,94,46,95,91,2,25" hai3="17,72,53,28,57,114,75,41,100,112,106,131,40"/><U77/><E105/><V90/><F119/><W63/><G28/><T123/><D107/><U58/><E77/><V31/><F128/><W30/><G30/><T48/><D113/><N who="3" m="43625" /><G131/><T12/><D123/><U16/><E125/><V117/><F2/><W134/><G134/><T66/><D73/><N who="3" m="28233" /><G17/><T115/><D115/><U14/><E35/><V133/><F133/><W109/><G109/><T103/><D62/><U108/><E108/><V1/><F1/><W82/><G82/><N who="0" m="47319" /><D93/><U51/><E118/><V132/><F117/><W104/><G104/><T126/><D103/><U47/><E116/><V5/><F5/><N who="1" m="2121" /><E26/><V111/><F132/><W8/><G8/><N who="0" m="4119" /><D126/><U11/><E11/><V56/><F69/><W79/><G79/><T80/><D80/><N who="1" m="49287" /><E51/><V129/><F111/><W54/><G106/><T65/><D24/><U70/><E70/><V102/><F129/><W23/><G100/><T121/><D121/><U135/><E135/><V120/><F120/><W37/><G37/><T19/><D21/><U22/><E58/><V0/><F0/><W88/><G23/><T76/><D76/><U86/><E22/><N who="2" m="15799" /><F102/><W87/><G57/><T68/><D68/><U20/><E20/><V110/><F110/><W59/><G59/><T96/><D96/><AGARI ba="0,0" hai="44,46,56,60,64,90,91,94,95,96,98" m="15799" machi="96" ten="30,1000,0" yaku="8,1" doraHai="3" who="2" fromWho="0" sc="91,-10,318,0,178,10,413,0" /><INIT seed="6,0,0,4,4,3" ten="81,318,188,413" oya="2" hai0="87,11,45,99,98,92,68,123,72,83,6,47,125" hai1="64,9,22,70,13,132,67,88,75,21,41,127,50" hai2="105,104,57,77,114,35,24,109,103,117,2,54,62" hai3="55,61,46,118,121,93,81,124,100,30,10,120,113"/><V133/><F117/><W34/><G118/><T79/><D68/><U42/><E75/><V95/><F2/><W15/><G34/><T17/><D125/><U110/><E110/><V129/><F77/><W36/><G30/><T111/><D123/><U119/><E119/><V48/><F109/><W5/><G124/><T29/><D111/><U97/><E127/><V116/><F116/><W122/><G113/><T96/><D29/><U90/><E70/><V73/><F73/><W86/><G36/><T32/><D32/><U115/><E115/><V7/><F7/><W44/><G100/><T8/><D8/><U53/><E132/><V28/><F114/><W131/><G93/><T102/><D17/><U37/><E37/><V60/><F133/><W4/><G131/><T49/><D47/><U71/><E71/><V85/><F129/><W107/><G107/><T23/><D23/><U20/><E97/><V101/><F101/><W134/><G134/><T106/><D72/><U27/><E27/><V69/><F69/><W82/><G5/><T108/><D106/><U0/><E0/><V43/><F43/><W26/><G26/><T89/><D102/><U39/><E39/><V74/><F74/><W52/><G86/><T112/><D112/><U38/><E38/><V58/><F48/><N who="3" m="28679" /><G61/><T65/><D65/><N who="1" m="25163" /><E42/><V19/><F19/><W33/><G33/><T84/><D108/><U25/><E25/><V80/><F103/><W14/><G14/><N who="0" m="5495" /><D99/><U66/><N who="1" m="25171" /><U56/><DORA hai="91" /><E41/><AGARI ba="0,0" hai="41,45,49,79,83,84,87,89,92,96,98" m="5495" machi="41" ten="30,7700,0" yaku="25,1,8,1,52,2" doraHai="3,91" who="0" fromWho="1" sc="81,77,318,-77,188,0,413,0" /><INIT seed="7,0,0,0,4,52" ten="158,241,188,413" oya="3" hai0="21,57,70,15,13,131,133,3,112,83,31,14,90" hai1="87,32,43,62,125,33,1,98,79,41,126,74,89" hai2="96,48,19,64,94,35,119,108,99,78,75,113,17" hai3="109,97,135,102,86,18,2,58,111,128,122,4,100"/><W24/><G122/><T81/><D70/><U127/><E1/><V92/><F35/><N who="1" m="13385" /><E98/><V10/><F108/><N who="3" m="41547" /><G135/><T66/><D133/><U28/><E28/><V76/><F113/><W115/><G115/><T26/><D112/><U80/><E62/><V5/><F119/><W106/><G128/><T69/><D69/><U22/><E22/><V44/><F64/><W38/><G38/><T34/><D3/><U116/><E116/><V117/><F117/><W121/><G121/><T63/><D131/><U12/><E12/><V77/><F75/><W29/><G18/><T55/><D34/><U11/><E11/><V124/><F124/><W27/><G102/><T20/><D20/><U68/><E68/><V130/><F130/><W71/><G71/><T85/><REACH who="0" step="1"/><D66/><REACH who="0" ten="148,241,188,413" step="2"/><U50/><E127/><V67/><F67/><W132/><G132/><T30/><D30/><U42/><E126/><V23/><F23/><W7/><G29/><T45/><D45/><U53/><E125/><V88/><F10/><W65/><G2/><T39/><D39/><U82/><E41/><N who="2" m="24591" /><F5/><N who="3" m="2123" /><G86/><T9/><D9/><U104/><E87/><V107/><F107/><W36/><G36/><T101/><D101/><AGARI ba="0,1" hai="17,19,76,77,78,88,92,94,96,99,101" m="24591" machi="101" ten="30,2000,0" yaku="8,1,54,1" doraHai="52" who="2" fromWho="0" sc="148,-20,241,0,188,30,413,0" owari="128,-37.0,241,4.0,218,-18.0,413,51.0" /></mjloggm>