<mjloggm ver="2.3"><GO type="169" lobby="0"/><UN n0="%E5%A4%A9%E9%AD%94%E5%A4%AA%E9%83%8E" n1="%E3%81%98%E3%81%BF%E3%81%84%E3%81%A3%5A" n2="%E3%82%B8%E3%83%A3%E3%83%83%E3%82%AB%EF%BD%9E%E3%83%AB" n3="%E3%82%A6%E3%83%AB%E3%83%88%E3%83%A9%E7%AB%8B%E7%9B%B4" dan="16,18,16,18" rate="2063.70,2207.05,2157.98,2245.35" sx="M,M,F,M"/><TAIKYOKU oya="0"/><INIT seed="0,0,0,3,2,10" ten="250,250,250,250" oya="0" hai0="105,50,20,93,51,87,91,41,28,40,113,0,19" hai1="120,48,49,42,18,73,100,88,67,74,134,78,62" hai2="15,99,80,33,116,59,109,32,54,86,104,79,17" hai3="77,5,9,112,61,106,70,122,94,85,7,6,84"/><T90/><D113/><U57/><E120/><V97/><F109/><W128/><G106/><T114/><D114/><U89/><E100/><V96/><F104/><W92/><G112/><T133/><D105/><U119/><E119/><V3/><F3/><W60/><G70/><T66/><D0/><U82/><E74/><V56/><F116/><W103/><G128/><T129/><D129/><U108/><E108/><V126/><F126/><W29/><G29/><T131/><D131/><U4/><E4/><V130/><F130/><W38/><G38/><T24/><D66/><U36/><E36/><V123/><F123/><W75/><G75/><T101/><D101/><U118/><E118/><V44/><F44/><W11/><G103/><T111/><D133/><U30/><E30/><V83/><F83/><W117/><G117/><T81/><D111/><U39/><E39/><V127/><F127/><W63/><G122/><T22/><D41/><U132/><E42/><V53/><F59/><W115/><G115/><T47/><D51/><N who="1" m="19531" /><E18/><V37/><F37/><W69/><G69/><T72/><D72/><U55/><E67/><V23/><REACH who="2" step="1"/><F54/><REACH who="2" ten="250,250,240,250" step="2"/><W21/><G77/><N who="0" m="46511" /><D93/><N who="3" m="35945" /><G21/><T64/><D64/><U43/><E43/><V1/><F1/><W13/><G11/><T58/><D58/><U124/><E124/><V45/><F45/><W76/><G76/><T135/><D135/><AGARI ba="0,1" hai="55,57,62,73,78,82,88,89,132,134,135" m="19531" machi="135" ten="30,2000,0" yaku="20,1,54,1" doraHai="10" who="1" fromWho="0" sc="250,-20,250,30,240,0,250,0" /><INIT seed="1,0,0,0,4,130" ten="230,280,240,250" oya="1" hai0="46,128,13,36,51,132,86,113,81,1,24,88,112" hai1="65,104,27,111,37,18,41,131,135,56,3,45,101" hai2="9,121,115,11,10,90,107,117,38,134,129,6,114" hai3="64,71,105,14,25,62,79,47,23,77,118,21,93"/><U67/><E3/><V42/><F107/><W82/><G105/><T103/><D1/><U50/><E101/><V30/><F121/><W26/><G118/><T75/><D36/><U5/><E5/><V57/><F117/><W98/><G47/><T108/><D128/><U2/><E2/><V52/><F129/><W34/><G34/><T74/><D103/><U20/><E104/><V110/><F30/><W44/><G44/><T63/><D63/><U53/><E131/><V4/><F110/><W15/><G26/><T35/><D108/><U19/><E111/><V106/><F106/><W124/><G124/><T126/><D126/><U76/><E76/><V54/><F90/><W85/><G79/><T29/><D13/><U39/><E39/><V17/><F17/><W12/><REACH who="3" step="1"/><G25/><REACH who="3" ten="230,280,240,240" step="2"/><T119/><D119/><U92/><E45/><V97/><F38/><W116/><G116/><T95/><D112/><U96/><E37/><V40/><F114/><W123/><G123/><T125/><D113/><U0/><E27/><V91/><F115/><W72/><G72/><T16/><D125/><U68/><E41/><V122/><F122/><W100/><AGARI ba="0,1" hai="12,14,15,21,23,62,64,71,77,82,85,93,98,100" machi="100" ten="30,4000,0" yaku="1,1,0,1,53,1" doraHai="130" doraHaiUra="89" who="3" fromWho="3" sc="230,-10,280,-20,240,-10,240,50" /><INIT seed="2,0,0,0,2,22" ten="220,260,230,290" oya="2" hai0="77,62,113,106,34,112,67,117,109,24,14,50,59" hai1="90,111,108,40,103,74,126,42,110,71,118,120,85" hai2="64,9,94,80,58,56,124,84,49,68,101,45,32" hai3="38,114,26,35,20,79,65,69,30,55,93,31,29"/><V131/><F124/><W18/><G38/><T125/><D106/><U41/><E118/><V11/><F131/><W8/><G79/><T10/><D125/><U102/><E126/><V27/><F68/><W76/><G76/><T86/><D117/><U23/><E74/><V127/><F127/><W4/><G65/><T15/><D109/><U87/><E71/><V134/><F134/><W73/><G73/><T70/><D15/><U5/><E5/><V99/><F32/><W51/><G93/><T63/><D50/><U3/><E3/><V92/><F94/><W104/><G104/><T119/><D119/><U66/><E66/><V57/><F64/><W37/><G37/><T12/><D12/><U81/><E120/><V129/><F27/><W33/><G69/><T121/><D121/><U6/><E6/><V96/><F96/><W53/><G53/><T43/><D43/><U47/><E87/><V48/><F129/><W130/><G130/><T16/><D63/><U122/><E122/><V133/><F133/><W135/><G135/><T25/><D70/><U7/><E7/><V17/><F17/><W98/><G98/><T72/><D72/><U36/><E42/><N who="2" m="24631" /><F11/><W91/><G114/><T97/><D97/><U28/><E41/><V1/><F9/><W105/><G105/><T61/><D34/><U52/><E52/><N who="2" m="31759" /><F1/><W54/><G54/><T89/><D113/><U83/><E83/><V0/><F0/><N who="3" m="7" /><G55/><T88/><D112/><U19/><E28/><N who="3" m="7170" /><W100/><DORA hai="95" /><G51/><T46/><D62/><U78/><E78/><AGARI ba="0,0" hai="57,58,78,80,84,92,99,101" m="31759,24631" machi="78" ten="30,5800,0" yaku="8,1,52,1,54,1" doraHai="22,95" who="2" fromWho="1" sc="220,0,260,-58,230,58,290,0" /><INIT seed="2,1,0,3,1,70" ten="220,202,288,290" oya="2" hai0="32,64,13,37,27,46,116,52,39,98,22,0,115" hai1="67,78,129,73,118,8,33,86,80,66,121,119,104" hai2="29,51,62,93,113,100,26,89,82,41,83,106,84" hai3="5,17,55,61,25,127,123,91,122,49,7,125,135"/><V95/><F113/><W6/><G61/><T90/><D0/><U45/><E121/><V85/><F106/><W131/><G49/><T2/><D2/><U92/><E33/><V72/><F72/><W68/><G55/><T77/><D115/><U31/><E31/><V112/><F112/><W133/><G68/><T74/><D64/><U16/><E104/><V124/><F124/><N who="3" m="47691" /><G91/><T71/><D71/><U109/><E129/><V53/><F62/><W54/><G54/><T24/><D77/><U58/><E67/><V43/><F100/><W76/><G76/><T42/><D74/><U111/><E58/><V126/><F126/><W38/><G38/><T134/><D116/><U19/><E66/><V36/><F43/><W21/><G131/><T87/><D98/><U59/><E59/><V99/><F41/><W75/><G75/><T57/><D37/><U103/><E45/><V60/><F60/><W107/><G107/><T30/><D13/><N who="1" m="7207" /><E19/><V4/><F36/><W28/><G17/><T65/><D65/><U35/><E35/><V1/><F51/><W79/><G79/><T114/><D114/><U20/><E103/><V94/><F53/><W108/><G108/><T44/><D42/><U56/><E56/><V128/><F128/><W96/><G96/><T102/><D39/><U10/><E111/><V34/><F99/><W88/><G88/><T40/><D40/><U110/><E109/><V97/><F97/><W18/><G18/><N who="0" m="12375" /><D102/><U11/><E110/><V12/><F89/><W48/><G48/><N who="0" m="30855" /><D134/><AGARI ba="1,0" hai="5,6,7,21,25,28,122,123,133,134,135" m="47691" machi="134" ten="40,8000,1" yaku="20,1,18,1,34,2" doraHai="70" who="3" fromWho="0" sc="220,-83,202,0,288,0,290,83" /><INIT seed="3,0,0,4,0,106" ten="137,202,288,373" oya="3" hai0="29,118,91,60,7,119,31,128,11,20,123,65,99" hai1="84,109,19,81,82,30,77,74,94,114,125,21,27" hai2="97,52,5,70,132,95,58,37,68,117,40,79,48" hai3="6,69,115,96,76,83,18,33,85,59,28,72,124"/><W133/><G69/><T78/><D123/><U32/><E109/><V73/><F117/><W55/><G115/><T12/><D128/><U35/><E125/><V62/><F5/><W56/><G133/><T42/><D42/><U113/><E94/><V47/><F132/><W111/><G124/><T130/><D130/><U41/><E41/><V134/><F134/><W66/><G6/><T16/><D78/><U4/><E4/><V105/><F105/><W75/><G111/><T2/><D119/><U43/><E43/><V102/><REACH who="2" step="1"/><F37/><REACH who="2" ten="137,202,278,373" step="2"/><W22/><G66/><T116/><D116/><U44/><E114/><V80/><AGARI ba="0,1" hai="40,47,48,52,58,62,68,70,73,79,80,95,97,102" machi="80" ten="30,12000,2" yaku="1,1,2,1,0,1,52,1,54,1,53,1" doraHai="106" doraHaiUra="98" who="2" fromWho="2" sc="137,-30,202,-30,278,130,373,-60" /><INIT seed="4,0,0,5,3,54" ten="107,172,408,313" oya="0" hai0="132,120,12,45,76,38,131,101,61,130,81,25,119" hai1="68,114,82,20,55,126,72,14,89,112,46,51,65" hai2="113,117,6,26,73,35,99,58,40,56,29,19,95" hai3="98,42,93,92,118,90,16,44,109,80,62,66,23"/><T48/><D38/><U97/><E126/><V103/><F73/><W69/><G109/><T121/><D119/><U0/><E0/><V34/><F117/><W96/><G80/><T85/><D132/><U52/><E65/><V4/><F35/><W11/><G11/><T24/><D12/><U135/><E68/><V1/><F40/><W17/><G23/><T74/><D101/><U94/><E135/><V50/><F113/><N who="1" m="43625" /><E55/><V10/><F4/><W70/><G70/><T36/><D36/><U49/><E49/><V133/><F133/><W60/><G60/><T15/><D15/><U32/><E32/><V87/><F50/><W129/><G129/><N who="0" m="49163" /><D61/><U33/><E33/><V125/><F125/><W88/><G118/><T27/><D74/><U122/><E122/><V5/><F5/><W41/><G41/><AGARI ba="0,0" hai="24,25,27,41,45,48,76,81,85,120,121" m="49163" machi="41" ten="30,1500,0" yaku="19,1" doraHai="54" who="0" fromWho="3" sc="107,15,172,0,408,0,313,-15" /><INIT seed="4,1,0,5,5,107" ten="122,172,408,298" oya="0" hai0="106,39,47,125,98,20,2,129,117,53,64,4,77" hai1="73,87,17,62,72,96,3,76,115,70,18,22,46" hai2="114,1,103,100,15,54,113,7,29,116,16,57,0" hai3="65,27,10,78,118,50,124,94,42,84,101,61,24"/><T135/><D117/><U33/><E33/><V69/><F69/><W32/><G32/><T25/><D64/><U89/><E3/><N who="2" m="1099" /><F29/><W80/><G118/><T92/><D106/><U119/><E119/><V35/><F35/><W26/><G124/><T56/><D125/><U104/><E115/><N who="2" m="44043" /><F7/><W52/><G10/><T126/><D126/><U13/><E46/><V51/><F116/><W68/><G42/><T45/><D135/><U34/><E34/><V97/><F97/><W8/><G8/><AGARI ba="1,0" hai="8,15,16,51,54,57,100,103" m="44043,1099" machi="8" ten="30,2000,0" yaku="15,1,54,1" doraHai="107" who="2" fromWho="3" sc="122,0,172,0,408,23,298,-23" /><INIT seed="5,0,0,0,0,28" ten="122,172,431,275" oya="1" hai0="68,4,21,113,36,130,124,55,48,118,81,5,65" hai1="129,100,52,42,17,18,123,64,77,58,31,103,62" hai2="59,78,35,98,84,115,105,71,39,135,112,46,116" hai3="13,83,94,45,87,88,107,119,23,7,8,11,49"/><U26/><E123/><V27/><F116/><W131/><G107/><T37/><D118/><U108/><E129/><V134/><F71/><W25/><G131/><T69/><D81/><U99/><E108/><V110/><F110/><W125/><G125/><T53/><D130/><U133/><E133/><N who="2" m="50699" /><F59/><W15/><G119/><T33/><D21/><U57/><E42/><N who="2" m="22879" /><F84/><W79/><G25/><T102/><D124/><U114/><E114/><N who="2" m="43563" /><F78/><W74/><G23/><T24/><D113/><U126/><E77/><V60/><F60/><W34/><G34/><T1/><D33/><U111/><E111/><V127/><F127/><W76/><G76/><T56/><D56/><U117/><E117/><V10/><F10/><W20/><G20/><T66/><D48/><U40/><E58/><V80/><F80/><W54/><REACH who="3" step="1"/><G11/><REACH who="3" ten="122,172,431,265" step="2"/><T6/><D24/><U3/><E26/><V41/><F27/><W38/><G38/><T67/><D1/><AGARI ba="0,1" hai="1,7,8,13,15,45,49,54,74,79,83,87,88,94" machi="1" ten="30,3900,0" yaku="1,1,7,1,54,1,53,0" doraHai="28" doraHaiUra="16" who="3" fromWho="0" sc="122,-39,172,0,431,0,265,49" /><INIT seed="6,0,0,3,0,100" ten="83,172,431,314" oya="2" hai0="102,63,51,115,26,75,8,44,118,77,5,45,126" hai1="101,31,128,47,110,84,61,22,18,105,127,108,76" hai2="54,94,17,9,6,33,55,34,3,50,70,12,129" hai3="104,97,66,35,59,24,112,10,72,42,89,39,135"/><V40/><F70/><W133/><G72/><T52/><D115/><U93/><E31/><V96/><F129/><W81/><G10/><T68/><D126/><U57/><E127/><V87/><F87/><N who="3" m="50415" /><G112/><T107/><D118/><U86/><E105/><V62/><F62/><N who="3" m="38239" /><G42/><T27/><D45/><U37/><E37/><V29/><F29/><W46/><G46/><T114/><D114/><U119/><E47/><V4/><F33/><W121/><G39/><T122/><D122/><U130/><E119/><V65/><F34/><W106/><G97/><T19/><D19/><U132/><E18/><V36/><F36/><W13/><G13/><T83/><D68/><U49/><E61/><V90/><F65/><W85/><G85/><T79/><D79/><U69/><E76/><V56/><F40/><W60/><G60/><T99/><REACH who="0" step="1"/><D63/><REACH who="0" ten="73,172,431,314" step="2"/><U124/><E69/><V109/><F109/><W88/><G121/><T123/><D123/><U95/><E124/><V131/><F131/><W117/><G117/><T71/><D71/><U120/><E120/><V43/><F43/><W14/><G135/><T53/><D53/><U64/><E132/><V73/><F55/><W91/><G133/><T2/><AGARI ba="0,1" hai="2,5,8,26,27,44,51,52,75,77,83,99,102,107" machi="2" ten="20,12000,2" yaku="1,1,0,1,7,1,52,1,54,1,53,1" doraHai="100" doraHaiUra="103" who="0" fromWho="0" sc="73,130,172,-30,431,-60,314,-30" /><INIT seed="7,0,0,0,3,83" ten="203,142,371,284" oya="3" hai0="112,14,55,135,12,113,110,22,5,18,117,72,127" hai1="10,29,111,31,69,108,34,103,104,88,109,93,126" hai2="54,119,8,28,3,94,63,6,42,30,15,25,41" hai3="32,107,85,91,86,114,38,56,133,92,51,101,125"/><W90/><G38/><T36/><D110/><U76/><E69/><V78/><F119/><W82/><G32/><T77/><D117/><U59/><E76/><V19/><F78/><W79/><G114/><N who="0" m="44139" /><D135/><U124/><E34/><V122/><F122/><W26/><G26/><T4/><D127/><N who="1" m="48683" /><E10/><V105/><F105/><W87/><G125/><T16/><D36/><U62/><E104/><V95/><F63/><W9/><G133/><T131/><D131/><U46/><E103/><V24/><F54/><N who="3" m="31839" /><G107/><T99/><D99/><U123/><E46/><V98/><F94/><N who="3" m="54623" /><G9/><N who="0" m="6223" /><D55/><N who="1" m="34175" /><E123/><V66/><F66/><W121/><G121/><T61/><D61/><U106/><E106/><V52/><F52/><W115/><G115/><T100/><D100/><AGARI ba="0,0" hai="79,82,85,86,91,92,100,101" m="54623,31839" machi="100" ten="30,11600,0" yaku="8,1,52,3" doraHai="83" who="3" fromWho="0" sc="203,-116,142,0,371,0,284,116" owari="87,-41.0,142,-26.0,371,17.0,400,50.0" /></mjloggm>