<mjloggm ver="2.3"><GO type="169" lobby="0"/><UN n0="%E8%90%8C%E3%81%88%E3%81%AF%E4%B8%96%E7%95%8C%E3%82%92%E6%95%91%E3%81%86" n1="%E3%83%88%E3%83%88%E3%83%AA%E5%85%88%E7%94%9F%31%39%E6%AD%B3" n2="%E3%81%AB%E3%82%87%E3%82%8D%E3%83%BC%E3%82%93%E8%A9%A6%E4%BD%9C%E6%A9%9F" n3="%E7%BE%A4%E9%9D%92%E6%97%A5%E5%92%8C%EF%BC%A0" dan="16,19,17,16" rate="2059.53,2273.98,2183.24,2103.02" sx="M,F,M,F"/><TAIKYOKU oya="0"/><INIT seed="0,0,0,4,5,38" ten="250,250,250,250" oya="0" hai0="10,65,46,100,99,102,4,30,77,54,11,59,118" hai1="12,87,22,16,52,21,95,43,72,57,42,84,103" hai2="64,85,111,36,123,67,131,113,62,104,6,24,40" hai3="90,112,9,132,109,53,119,98,63,8,114,31,81"/><T125/><D118/><U126/><E72/><V32/><F6/><W68/><G119/><T55/><D125/><U115/><E126/><V117/><F85/><N who="1" m="32841" /><E115/><V128/><F117/><W44/><G81/><T47/><D30/><U76/><E76/><V35/><F123/><W96/><G109/><T27/><D27/><U110/><E110/><V13/><F13/><W17/><G31/><T107/><D100/><U106/><E106/><V135/><F111/><W127/><G68/><T69/><D69/><U51/><E22/><V41/><F24/><W78/><G78/><T1/><D65/><N who="2" m="25162" /><F36/><W19/><G127/><T48/><D77/><U108/><E108/><V93/><F104/><W56/><G90/><T33/><D33/><N who="2" m="12874" /><F93/><W7/><G7/><T80/><D80/><U86/><E103/><V14/><F14/><W89/><G9/><T50/><REACH who="0" step="1"/><D10/><REACH who="0" ten="240,250,250,250" step="2"/><U105/><E105/><V5/><F113/><W134/><G8/><T3/><D3/><U18/><E18/><V121/><F5/><W75/><G19/><T88/><D88/><AGARI ba="0,1" hai="12,16,21,42,43,51,52,57,86,88,95" m="32841" machi="88" ten="30,12000,2" yaku="25,1,8,1,52,2,54,3" doraHai="38" who="1" fromWho="0" sc="240,-120,250,130,250,0,250,0" /><INIT seed="1,0,0,1,1,3" ten="120,380,250,250" oya="1" hai0="61,27,77,44,82,67,23,79,28,106,4,129,124" hai1="130,35,15,90,29,2,111,26,99,135,127,116,86" hai2="63,92,112,70,131,103,58,88,80,113,83,76,108" hai3="12,30,133,81,73,25,5,56,24,69,43,71,18"/><U119/><E2/><V16/><F108/><W1/><G133/><T102/><D129/><U49/><E135/><V107/><F131/><W123/><G123/><T10/><D124/><U93/><E127/><V38/><F38/><W110/><G43/><T54/><D54/><U31/><E130/><V120/><F120/><W39/><G39/><T48/><D102/><U122/><E122/><V41/><F41/><W85/><G73/><T20/><D106/><U72/><E72/><V50/><F50/><W94/><G94/><T0/><D20/><U9/><E111/><V40/><F40/><W66/><G25/><T96/><D96/><U36/><E36/><V115/><F70/><W121/><G121/><T57/><D48/><U97/><E31/><V51/><F51/><W114/><G114/><T22/><D44/><U125/><E125/><V37/><F37/><W109/><G56/><T6/><D6/><U34/><E34/><V7/><F7/><W60/><G71/><T128/><D128/><U64/><E64/><N who="2" m="39031" /><F76/><W65/><G65/><T46/><D46/><U74/><E74/><V59/><F59/><W33/><G5/><T105/><D105/><U118/><REACH who="1" step="1"/><E49/><REACH who="1" ten="120,370,250,250" step="2"/><V19/><F112/><W45/><G1/><T32/><REACH who="0" step="1"/><D77/><REACH who="0" ten="110,370,250,250" step="2"/><U132/><E132/><V134/><F134/><W104/><G110/><T91/><D91/><U21/><E21/><V95/><F115/><W68/><G109/><T14/><D14/><U13/><E13/><V126/><F126/><W101/><G12/><T47/><D47/><U84/><E84/><AGARI ba="0,2" hai="0,4,10,22,23,27,28,32,57,61,67,79,82,84" machi="84" ten="30,3900,0" yaku="1,1,7,1,52,1,53,0" doraHai="3" doraHaiUra="87" who="0" fromWho="1" sc="110,59,370,-39,250,0,250,0" /><INIT seed="2,0,0,3,1,14" ten="169,331,250,250" oya="2" hai0="65,51,122,0,19,3,107,18,130,35,108,11,16" hai1="132,20,28,92,118,79,2,12,67,78,32,22,76" hai2="121,127,101,112,100,7,134,17,62,110,30,49,25" hai3="66,64,59,124,102,117,116,133,57,9,38,5,81"/><V93/><F112/><W34/><G34/><T45/><D107/><U97/><E118/><V82/><F121/><W94/><G81/><T27/><D122/><U68/><E2/><V6/><F127/><W123/><G123/><T13/><D108/><U29/><E132/><V50/><F134/><W129/><G133/><T46/><D65/><U119/><E119/><V126/><F126/><W58/><G38/><T33/><D45/><U56/><E68/><V61/><F82/><W95/><G124/><T15/><D130/><U71/><E71/><V42/><F110/><W73/><G73/><T91/><D91/><U63/><E32/><N who="0" m="12361" /><D51/><N who="2" m="19466" /><F30/><N who="1" m="11881" /><E12/><N who="0" m="4681" /><D46/><U41/><E41/><V36/><F42/><W88/><G129/><T113/><D113/><U70/><E70/><V23/><F36/><W74/><G74/><T72/><D72/><U96/><E96/><N who="2" m="59407" /><F101/><AGARI ba="0,0" hai="20,22,56,63,67,76,78,79,92,97,101" m="11881" machi="101" ten="30,1000,0" yaku="8,1" doraHai="14" who="1" fromWho="2" sc="169,0,331,10,250,-10,250,0" /><INIT seed="3,0,0,4,1,70" ten="169,341,240,250" oya="3" hai0="114,60,120,53,14,39,18,11,34,19,8,135,78" hai1="102,27,28,106,129,79,85,21,101,48,1,37,2" hai2="124,92,74,47,117,105,90,77,9,12,134,63,99" hai3="32,121,112,113,43,91,42,133,25,82,93,128,55"/><W57/><G121/><T68/><D120/><U29/><E129/><V31/><F117/><W81/><G128/><T16/><D135/><U87/><E21/><V69/><F134/><W127/><G133/><T36/><D34/><U64/><E48/><V4/><F124/><W73/><G127/><T125/><D125/><U45/><E45/><V115/><F115/><W24/><G43/><T52/><D114/><U26/><E79/><V80/><F31/><W126/><G42/><T7/><D78/><U76/><E76/><V119/><F119/><W118/><G118/><T108/><D108/><U5/><E5/><V132/><F47/><W84/><G73/><T122/><D122/><U107/><REACH who="1" step="1"/><E64/><REACH who="1" ten="169,331,240,250" step="2"/><V67/><F132/><W72/><G126/><T103/><D8/><U89/><E89/><V54/><F54/><W94/><G112/><T17/><D7/><U41/><E41/><V40/><F40/><W116/><G116/><T0/><D103/><U38/><AGARI ba="0,1" hai="1,2,26,27,28,29,37,38,85,87,101,102,106,107" machi="38" ten="25,12000,2" yaku="1,1,0,1,22,2,52,2,53,0" doraHai="70" doraHaiUra="109" who="1" fromWho="1" sc="169,-30,331,130,240,-30,250,-60" /><INIT seed="4,0,0,3,2,83" ten="139,461,210,190" oya="0" hai0="60,71,10,126,13,37,97,114,63,116,118,18,32" hai1="47,58,1,101,112,109,25,121,23,2,94,57,3" hai2="132,130,14,106,64,96,67,61,89,30,127,36,107" hai3="85,42,128,76,6,0,117,105,59,7,31,102,123"/><T33/><D37/><U52/><E109/><V24/><F36/><W110/><G117/><T39/><D39/><U11/><E121/><V27/><F130/><W70/><G110/><T17/><D114/><U113/><E11/><V133/><F127/><W69/><G128/><T95/><D126/><U20/><E47/><V90/><F14/><W115/><G115/><N who="1" m="44106" /><E58/><V15/><F15/><W134/><G134/><N who="2" m="51817" /><F27/><W108/><G31/><T124/><D124/><U74/><E74/><V104/><F96/><W38/><G69/><T131/><D131/><U26/><E101/><V55/><F55/><W86/><G70/><T87/><D71/><U16/><E94/><V129/><F129/><W73/><G6/><T28/><D32/><U103/><E103/><V79/><F79/><W34/><G34/><T40/><D40/><U45/><E45/><V5/><F5/><W51/><G108/><T41/><D41/><U80/><E80/><V72/><F72/><W68/><G68/><T120/><D120/><U46/><E46/><V49/><F49/><W50/><G38/><T125/><D125/><U19/><E2/><V119/><F61/><AGARI ba="0,0" hai="1,3,16,19,20,23,25,26,52,57,61" m="44106" machi="61" ten="30,7700,0" yaku="15,1,11,1,54,2" doraHai="83" who="1" fromWho="2" sc="139,0,461,77,210,-77,190,0" /><INIT seed="5,0,0,1,4,10" ten="139,538,133,190" oya="1" hai0="72,63,92,61,41,46,96,7,113,11,58,107,55" hai1="85,76,120,81,117,123,71,36,94,97,126,80,98" hai2="4,91,53,95,122,35,124,17,22,56,103,70,27" hai3="43,47,52,130,57,127,60,93,21,24,48,99,45"/><U77/><E36/><V83/><F122/><W9/><G127/><T1/><D107/><U59/><E71/><V73/><F70/><W129/><G9/><T111/><D111/><U86/><E126/><V40/><F124/><W26/><G47/><T54/><D113/><U90/><E59/><V100/><F40/><W74/><G74/><T14/><D72/><U118/><REACH who="1" step="1"/><E98/><REACH who="1" ten="139,528,133,190" step="2"/><N who="2" m="57727" /><F35/><W116/><G57/><T75/><D96/><U2/><E2/><V32/><F32/><W38/><G38/><T65/><D1/><U6/><E6/><V19/><F4/><W20/><G99/><T134/><D58/><U131/><E131/><V121/><F121/><AGARI ba="0,1" hai="76,77,80,81,85,86,90,94,97,117,118,120,121,123" machi="121" ten="40,12000,1" yaku="1,1,9,1,34,3,53,0" doraHai="10" doraHaiUra="15" who="1" fromWho="2" sc="139,0,528,130,133,-120,190,0" /><INIT seed="5,1,0,5,2,79" ten="139,658,13,190" oya="1" hai0="38,19,105,102,2,85,41,68,95,53,74,106,16" hai1="92,104,58,43,128,61,63,100,120,48,8,64,127" hai2="42,107,14,86,111,84,114,50,96,82,4,118,25" hai3="93,49,55,133,36,24,119,97,28,101,23,5,91"/><U17/><E120/><V99/><F111/><W125/><G36/><T121/><D68/><U124/><E104/><V116/><F25/><W20/><G125/><N who="1" m="48202" /><E128/><V29/><F29/><W46/><G133/><T132/><D2/><U87/><E63/><V37/><F37/><W126/><G126/><T39/><D74/><U0/><E100/><V66/><F66/><W22/><G119/><T130/><D41/><U13/><E0/><V6/><F114/><W51/><G5/><N who="2" m="2153" /><F107/><W113/><G113/><T30/><D39/><U135/><E135/><V129/><F129/><W69/><G69/><T9/><D30/><U80/><E92/><V57/><F118/><W11/><G11/><T60/><D9/><U70/><E70/><V94/><F14/><W75/><G75/><T59/><D95/><U123/><E123/><V72/><F72/><W73/><G73/><T67/><D106/><U31/><E31/><V47/><F116/><W52/><G101/><T32/><D105/><U12/><E12/><V54/><F94/><W1/><G1/><T78/><D121/><U7/><E7/><V40/><F86/><W88/><G91/><T108/><D85/><U35/><E35/><V34/><F34/><W45/><AGARI ba="1,0" hai="20,22,23,24,28,45,46,49,51,52,55,88,93,97" machi="45" ten="20,12000,2" yaku="0,1,7,1,9,1,8,1,54,2" doraHai="79" who="3" fromWho="3" sc="139,-31,658,-61,13,-31,190,123" owari="108,-29.0,597,70.0,-18,-52.0,313,11.0" /></mjloggm>