<mjloggm ver="2.3"><GO type="169" lobby="0"/><UN n0="%70%6F%6E%5F%6B%61%73%75" n1="%E7%AC%B9%E9%A4%85" n2="%49%51%31%38%30%E7%9C%9F%E5%89%A3%E6%A7%98" n3="%E3%82%A6%E3%83%AB%E3%83%88%E3%83%A9%E7%AB%8B%E7%9B%B4" dan="16,16,16,18" rate="2126.36,2074.50,2119.36,2247.93" sx="M,M,M,M"/><TAIKYOKU oya="0"/><INIT seed="0,0,0,1,2,8" ten="250,250,250,250" oya="0" hai0="45,108,107,36,110,135,44,19,93,75,129,20,132" hai1="51,18,11,102,62,98,48,134,71,35,125,119,84" hai2="131,33,39,113,127,64,67,97,65,25,117,87,1" hai3="106,42,94,9,27,99,5,104,69,37,89,92,0"/><T115/><D115/><U126/><E119/><V74/><F1/><W34/><G69/><T57/><D107/><U116/><E116/><V40/><F74/><W120/><G120/><T90/><D75/><U111/><E111/><N who="0" m="42537" /><D57/><U103/><E35/><V83/><F117/><W53/><G37/><T17/><D17/><U133/><E84/><V58/><F113/><W54/><G42/><N who="0" m="22599" /><D45/><U60/><E11/><V29/><F58/><W122/><G122/><T100/><D100/><N who="1" m="38443" /><E18/><V30/><F39/><W63/><G106/><T72/><D72/><U66/><E98/><V85/><F97/><W80/><G99/><N who="0" m="57783" /><D129/><U114/><E114/><V81/><F131/><W77/><G104/><T13/><AGARI ba="0,0" hai="13,19,20,132,135" m="57783,22599,42537" machi="13" ten="30,6000,0" yaku="14,1,10,1,52,1" doraHai="8" who="0" fromWho="0" sc="250,60,250,-20,250,-20,250,-20" /><INIT seed="0,1,0,2,4,92" ten="310,230,230,230" oya="0" hai0="12,17,55,131,130,106,134,113,66,125,71,110,50" hai1="114,35,80,101,70,69,129,89,117,73,13,37,78" hai2="109,116,63,68,20,133,79,76,54,87,105,32,51" hai3="126,107,10,85,108,4,64,11,97,24,18,82,21"/><T5/><D113/><U9/><E117/><V43/><F32/><W30/><G108/><T127/><D106/><U48/><E37/><V52/><F109/><W77/><G126/><N who="0" m="48139" /><D110/><U115/><E35/><V128/><F133/><W98/><G107/><T86/><D5/><U0/><E0/><V49/><F105/><W31/><G64/><T74/><D74/><U42/><E101/><V124/><F124/><W90/><G77/><T38/><D38/><U62/><E89/><V3/><F3/><W56/><G56/><T7/><D7/><U96/><E129/><N who="0" m="49161" /><D86/><U121/><E73/><V102/><F87/><W112/><G112/><T135/><D66/><U14/><E115/><V58/><F128/><W61/><G61/><T36/><D36/><U2/><E121/><V15/><F63/><W39/><G39/><T59/><D71/><U1/><E70/><V57/><F68/><W53/><G53/><T84/><D84/><U60/><E60/><V122/><F54/><W65/><G65/><T40/><D40/><U123/><E62/><V132/><F43/><W23/><G4/><T93/><D93/><U99/><E69/><V75/><F52/><W26/><G18/><T46/><D59/><U94/><E114/><V111/><F58/><W44/><G44/><T104/><D104/><U16/><E42/><V41/><F57/><W28/><G28/><T47/><D46/><U8/><E48/><V119/><F41/><W83/><G85/><T33/><D33/><U100/><E2/><V67/><F51/><W6/><G6/><T22/><AGARI ba="1,0" hai="12,17,22,47,50,55,134,135" m="49161,48139" machi="22" ten="40,12000,1" yaku="30,2,18,1,19,1" doraHai="92" who="0" fromWho="0" sc="310,123,230,-41,230,-41,230,-41" /><INIT seed="0,2,0,3,0,89" ten="433,189,189,189" oya="0" hai0="73,115,58,50,6,70,83,31,10,65,99,27,29" hai1="88,34,69,123,86,48,119,105,80,38,72,28,104" hai2="124,4,79,102,20,3,8,49,61,64,95,97,0" hai3="107,68,103,91,131,5,113,35,56,18,109,47,117"/><T26/><D115/><U120/><E119/><V33/><F124/><W122/><G56/><T78/><D70/><U46/><E38/><V125/><F125/><W90/><G47/><T127/><D127/><U112/><E112/><V128/><F128/><W45/><G45/><T43/><D43/><U118/><E118/><V106/><F33/><W114/><G18/><T41/><D41/><U7/><E69/><V71/><F79/><W60/><G5/><T62/><D50/><U23/><E34/><V59/><F20/><W15/><G15/><T36/><D36/><U116/><E72/><V51/><F71/><W111/><G35/><T9/><D99/><U77/><E77/><V19/><F3/><W85/><G60/><T87/><D73/><U11/><E116/><V101/><F19/><W57/><G57/><T63/><D62/><U66/><E66/><V14/><F0/><W42/><G42/><T82/><D82/><U74/><E74/><V108/><F108/><N who="3" m="41547" /><G68/><T53/><D65/><U22/><E22/><V17/><F4/><W24/><G24/><N who="0" m="9259" /><D6/><U134/><E48/><N who="2" m="18507" /><F106/><W55/><G55/><T12/><D12/><U1/><E46/><V32/><F32/><W81/><G117/><T84/><D84/><U94/><E105/><V100/><AGARI ba="2,0" hai="8,14,17,59,61,64,95,97,100,101,102" m="18507" machi="100" ten="30,2000,0" yaku="8,1,52,1" doraHai="89" who="2" fromWho="2" sc="433,-12,189,-7,189,26,189,-7" /><INIT seed="1,0,0,1,3,80" ten="421,182,215,182" oya="1" hai0="45,29,106,60,90,34,128,107,92,87,11,63,21" hai1="129,23,42,35,1,39,12,79,64,55,65,58,22" hai2="97,6,132,123,125,121,50,134,25,53,101,70,31" hai3="85,4,59,7,3,133,13,18,104,94,71,73,86"/><U26/><E129/><V95/><F70/><W83/><G104/><T69/><D34/><U131/><E131/><V78/><F125/><W54/><G71/><T82/><D63/><U96/><E1/><V43/><F6/><W9/><G133/><N who="2" m="51305" /><F43/><W111/><G111/><T119/><D119/><U113/><E113/><V114/><F78/><W84/><G94/><T62/><D62/><U110/><E110/><V46/><F114/><W93/><G93/><T115/><D11/><U99/><E79/><V8/><F8/><W27/><G3/><T109/><D109/><U56/><E42/><V117/><F117/><W112/><G112/><T16/><D29/><U124/><E39/><V89/><F101/><W98/><G98/><N who="1" m="37418" /><E35/><AGARI ba="0,0" hai="25,31,35,46,50,53,89,95,97,121,123" m="51305" machi="35" ten="30,1000,0" yaku="20,1" doraHai="80" who="2" fromWho="1" sc="421,0,182,-10,215,10,182,0" /><INIT seed="2,0,0,1,0,40" ten="421,172,225,182" oya="2" hai0="101,81,79,114,116,84,125,37,51,13,115,122,82" hai1="17,11,36,118,119,121,93,39,49,100,105,64,74" hai2="132,86,33,43,55,19,113,77,50,72,124,94,110" hai3="104,30,83,38,117,3,135,97,44,61,4,14,131"/><V52/><F113/><W15/><G14/><T111/><D111/><U134/><E74/><V25/><F124/><W96/><G15/><T20/><D37/><U75/><E75/><V63/><F132/><W103/><G96/><T68/><D68/><U27/><E105/><V26/><F110/><W46/><G117/><T42/><D122/><U120/><E134/><V76/><F72/><W32/><G135/><T7/><D116/><U108/><E64/><V69/><F69/><W102/><G102/><T126/><D101/><U80/><E80/><N who="2" m="47367" /><F33/><W130/><G83/><T112/><D82/><U28/><E108/><V53/><F63/><W123/><G123/><T129/><D129/><N who="3" m="49161" /><G38/><T85/><D85/><U65/><E39/><V98/><F77/><W67/><G4/><T89/><D89/><U54/><E36/><V62/><F62/><W91/><G91/><T16/><D7/><U9/><E118/><V24/><F94/><W99/><G99/><T8/><D8/><U22/><E119/><V12/><F98/><W35/><G3/><T45/><AGARI ba="0,0" hai="13,16,20,42,45,51,79,81,84,112,114,115,125,126" machi="45" ten="40,5200,0" yaku="0,1,52,1,54,1" doraHai="40" who="0" fromWho="0" sc="421,52,172,-13,225,-26,182,-13" /><INIT seed="3,0,0,5,4,123" ten="473,159,199,169" oya="3" hai0="61,54,112,132,27,41,109,79,70,127,129,78,52" hai1="58,111,86,128,103,97,107,80,8,39,31,23,125" hai2="43,11,119,20,113,49,18,93,46,96,47,101,67" hai3="100,65,24,48,1,56,76,115,134,5,74,34,68"/><W118/><G115/><T81/><D109/><U131/><E39/><V77/><F119/><W15/><G118/><T38/><D129/><N who="1" m="49739" /><E125/><V0/><F113/><W87/><G74/><T2/><D132/><U35/><E35/><V73/><F73/><W62/><G1/><T88/><D79/><U32/><E32/><V30/><F0/><W89/><G76/><T122/><D54/><U90/><E111/><V42/><F77/><W98/><G134/><T75/><D81/><U57/><E8/><V64/><F30/><W7/><G15/><T60/><D60/><U121/><E121/><V126/><F11/><W44/><G68/><T94/><D94/><U95/><E107/><V108/><F108/><W13/><G13/><T12/><D27/><AGARI ba="0,0" hai="23,27,31,57,58,80,86,90,95,97,103" m="49739" machi="27" ten="30,1000,0" yaku="19,1" doraHai="123" who="1" fromWho="0" sc="473,-10,159,10,199,0,169,0" /><INIT seed="4,0,0,5,1,48" ten="463,169,199,169" oya="0" hai0="55,57,52,110,85,129,23,15,18,75,98,108,134" hai1="22,59,118,107,125,119,0,99,14,11,127,100,84" hai2="115,106,56,33,29,43,82,47,46,6,39,3,88" hai3="40,72,9,51,10,120,19,60,114,111,112,54,17"/><T28/><D75/><U2/><E84/><V101/><F115/><N who="3" m="44075" /><G72/><T27/><D134/><U123/><E123/><V66/><F106/><W77/><G77/><T102/><D85/><U94/><E107/><V74/><F101/><W128/><G111/><N who="0" m="42539" /><D57/><U130/><E130/><V44/><F29/><W126/><G128/><T109/><D129/><U31/><E59/><V13/><F33/><W63/><G40/><T122/><D122/><U104/><E104/><V36/><F13/><W69/><G120/><T1/><D1/><U131/><E131/><V62/><F39/><W70/><G126/><N who="1" m="48138" /><E31/><V93/><F74/><W25/><G63/><T73/><D73/><U103/><E103/><V116/><F116/><N who="1" m="44585" /><E22/><V92/><F82/><W78/><G78/><T21/><D109/><U97/><E97/><V124/><F124/><W91/><G91/><T45/><D45/><U135/><E135/><V113/><F113/><W34/><G60/><T87/><D87/><U90/><E100/><V133/><F133/><W68/><G34/><T8/><D23/><U89/><E89/><V26/><F88/><W24/><G69/><T58/><D58/><U20/><E20/><V121/><F121/><W80/><G70/><T30/><D30/><U71/><E71/><V12/><F46/><N who="3" m="28023" /><G68/><T81/><D81/><U76/><E76/><V83/><F47/><W53/><G80/><T16/><D28/><U35/><E35/><V61/><F83/><W79/><G79/><T64/><D64/><U49/><E49/><N who="2" m="26783" /><F66/><W5/><G9/><T4/><D4/><AGARI ba="0,0" hai="0,2,4,11,14,90,94,99" m="44585,48138" machi="4" ten="30,1000,0" yaku="18,1" doraHai="48" who="1" fromWho="0" sc="463,-10,169,10,199,0,169,0" /><INIT seed="5,0,0,2,3,106" ten="453,179,199,169" oya="1" hai0="68,58,76,117,111,7,127,122,119,52,63,93,135" hai1="123,46,121,110,105,81,131,54,99,45,72,92,77" hai2="31,128,32,17,61,13,78,82,103,29,86,39,85" hai3="97,57,9,69,115,34,40,71,75,64,36,28,4"/><U134/><E131/><V89/><F39/><W22/><G22/><T130/><D111/><U95/><E110/><V79/><F32/><W27/><G57/><T41/><D127/><U42/><E134/><V107/><F128/><W125/><G125/><T124/><D122/><U43/><E105/><V19/><F107/><W91/><G91/><T118/><D135/><U47/><E54/><V33/><F33/><W44/><G97/><T14/><D124/><U55/><E55/><V2/><F103/><W108/><G108/><T6/><D130/><U18/><E18/><V11/><F2/><N who="3" m="151" /><G115/><T12/><D76/><N who="2" m="29226" /><F17/><W15/><G15/><T83/><D83/><U8/><E8/><V67/><F85/><W70/><G64/><T53/><D93/><U16/><E16/><V26/><F26/><W88/><G88/><T25/><D25/><U51/><E46/><V10/><F10/><W3/><G3/><T112/><D112/><U120/><REACH who="1" step="1"/><E99/><REACH who="1" ten="453,169,199,169" step="2"/><V20/><F11/><W104/><G104/><T59/><D53/><U62/><E62/><V126/><F126/><W50/><G50/><AGARI ba="0,1" hai="42,43,45,47,50,51,72,77,81,92,95,120,121,123" machi="50" ten="40,12000,1" yaku="1,1,9,1,52,1,53,2" doraHai="106" doraHaiUra="90" who="1" fromWho="3" sc="453,0,169,130,199,0,169,-120" /><INIT seed="5,1,0,0,5,88" ten="453,299,199,49" oya="1" hai0="35,20,19,13,1,132,85,56,74,98,120,47,65" hai1="130,89,129,32,67,51,72,124,0,42,125,36,104" hai2="97,122,10,102,107,69,80,64,57,93,105,6,58" hai3="121,15,119,31,133,118,91,53,3,8,101,48,43"/><U7/><E32/><V59/><F122/><W81/><G3/><T21/><D35/><U60/><E104/><V94/><F80/><W54/><G121/><T113/><D74/><U87/><E72/><V83/><F83/><W39/><G133/><T62/><D1/><U68/><E36/><V49/><F49/><W86/><G31/><T14/><D113/><U84/><E7/><V134/><F134/><W76/><G101/><T22/><D132/><U37/><E0/><V23/><F107/><W108/><G108/><T50/><D14/><U100/><E37/><V79/><F79/><W66/><G66/><T34/><D34/><U99/><E100/><V110/><F110/><W106/><G106/><T123/><D85/><N who="1" m="32843" /><E51/><V135/><F135/><W30/><G30/><T18/><D123/><U78/><E42/><V52/><F52/><N who="3" m="20075" /><G39/><T38/><D38/><U16/><E78/><V17/><F64/><W90/><G119/><T46/><D50/><U44/><E44/><V29/><F29/><W131/><G118/><T4/><D47/><U112/><E112/><V109/><F69/><W103/><G103/><T128/><D46/><U115/><E115/><V11/><F109/><W12/><G48/><T2/><D2/><U9/><E130/><V73/><F6/><N who="3" m="3095" /><G131/><T63/><D128/><U117/><E117/><V127/><F73/><W95/><G43/><T61/><D120/><U82/><E129/><V24/><REACH who="2" step="1"/><F127/><REACH who="2" ten="453,299,189,49" step="2"/><W92/><G15/><T77/><D13/><N who="1" m="7215" /><E82/><V114/><F114/><W111/><G111/><T25/><D77/><U28/><E28/><V75/><F75/><RYUUKYOKU ba="1,1" sc="453,-30,299,10,189,10,49,10" hai1="60,67,68,89,99,124,125" hai2="10,11,17,23,24,57,58,59,93,94,97,102,105" hai3="76,81,86,90,91,92,95" /><INIT seed="5,2,1,3,1,106" ten="423,309,199,59" oya="1" hai0="32,48,22,84,49,101,95,112,61,45,43,41,134" hai1="0,87,27,42,69,35,44,135,97,75,123,7,107" hai2="40,124,131,105,66,77,26,127,67,38,132,133,104" hai3="82,31,78,55,68,52,86,39,10,3,2,128,74"/><U98/><E123/><V72/><F26/><W53/><G128/><T9/><D32/><U20/><E69/><V93/><F93/><W15/><G68/><T130/><D130/><U36/><E135/><N who="2" m="51787" /><F67/><W54/><G39/><T14/><D112/><U60/><E60/><V28/><F66/><W102/><N who="3" m="13312" /><DORA hai="62" /><W51/><G51/><T73/><D73/><U11/><E35/><V23/><F131/><W129/><G129/><T57/><D22/><U50/><E107/><N who="2" m="41035" /><F23/><W122/><G122/><T24/><D24/><U118/><E118/><V119/><F28/><W13/><G102/><T89/><D101/><U121/><E121/><V81/><F119/><W88/><G31/><T65/><D134/><U103/><E103/><V33/><F33/><W16/><REACH who="3" step="1"/><G15/><REACH who="3" ten="423,309,199,49" step="2"/><T46/><D14/><U71/><E50/><V76/><F38/><W111/><G111/><T21/><D48/><U70/><E70/><V6/><F40/><W110/><G110/><T108/><D43/><U99/><E71/><V4/><F127/><W29/><G29/><T18/><D108/><U59/><E42/><V90/><F124/><W19/><G19/><T92/><D49/><U58/><E36/><V79/><F6/><W8/><G8/><T47/><D41/><U56/><E11/><V64/><F4/><W126/><G126/><T117/><D9/><U113/><E7/><V80/><F64/><W109/><G109/><T5/><D5/><U115/><E115/><V120/><F120/><W83/><AGARI ba="2,2" hai="2,3,10,13,16,74,78,82,83,86,88" m="13312" machi="83" ten="40,12000,2" yaku="1,1,0,1,52,1,54,3,53,0" doraHai="106,62" doraHaiUra="17,116" who="3" fromWho="3" sc="423,-32,309,-62,199,-32,49,146" /><INIT seed="6,0,0,0,0,75" ten="391,247,167,195" oya="2" hai0="10,33,1,113,116,104,131,121,58,111,17,12,13" hai1="9,3,71,21,88,78,20,62,2,105,127,103,98" hai2="47,69,60,0,35,63,115,38,24,65,53,51,79" hai3="34,28,68,36,25,100,129,99,64,76,56,124,87"/><V8/><F115/><W84/><G36/><T97/><D111/><U11/><E127/><V49/><F35/><W61/><G129/><T43/><D121/><U29/><E78/><V15/><F0/><W44/><G124/><T85/><D1/><U7/><E88/><V86/><F24/><W6/><G6/><T40/><D33/><U59/><E71/><V112/><F112/><W94/><G44/><T5/><D131/><U130/><E130/><V46/><F60/><W82/><REACH who="3" step="1"/><G68/><REACH who="3" ten="391,247,167,185" step="2"/><T106/><D5/><U45/><E45/><V81/><F38/><W18/><G18/><T133/><D17/><U19/><E29/><V31/><F31/><W90/><G90/><T57/><D113/><U32/><E19/><V128/><F128/><W66/><G66/><T37/><D37/><U26/><E7/><V39/><F39/><W77/><G77/><T14/><D116/><U80/><E3/><V122/><F122/><W41/><G41/><T102/><D43/><U27/><E2/><V73/><F73/><AGARI ba="0,1" hai="25,28,34,56,61,64,73,76,82,84,87,94,99,100" machi="73" ten="30,7700,0" yaku="1,1,7,1,52,1,53,1" doraHai="75" doraHaiUra="93" who="3" fromWho="2" sc="391,0,247,0,167,-77,185,87" /><INIT seed="7,0,0,0,0,30" ten="391,247,90,272" oya="3" hai0="40,9,26,120,88,23,90,41,128,35,69,45,95" hai1="94,121,124,86,74,96,60,79,132,89,84,48,56" hai2="110,61,18,34,85,126,25,20,111,27,72,14,10" hai3="55,6,97,135,123,28,133,125,36,8,118,51,98"/><W66/><G36/><T13/><D35/><U83/><E121/><V119/><F85/><W93/><G118/><T49/><D120/><U1/><E132/><V43/><F61/><W92/><G66/><T24/><D69/><U70/><E1/><V114/><F43/><W37/><G28/><N who="0" m="17439" /><D26/><U107/><E124/><V65/><F65/><W73/><G125/><T78/><D78/><U102/><E70/><V63/><F63/><W12/><G37/><T38/><D128/><U115/><E115/><V58/><F58/><W64/><G64/><T2/><D2/><U22/><E22/><V7/><F72/><W50/><G73/><T33/><D33/><U103/><E103/><V112/><F126/><W100/><G123/><T53/><D90/><U82/><E48/><V4/><F119/><W15/><G51/><T105/><D105/><U77/><E56/><V57/><F4/><W131/><G50/><T17/><D38/><U59/><E59/><V122/><F57/><W106/><G106/><T46/><D46/><U75/><E60/><V91/><F91/><W67/><G67/><T11/><D9/><U52/><E52/><V109/><REACH who="2" step="1"/><F122/><REACH who="2" ten="391,247,80,272" step="2"/><W101/><G55/><T44/><D44/><U76/><E79/><V21/><F21/><W32/><G6/><T117/><D53/><U54/><E54/><V68/><F68/><W31/><G98/><AGARI ba="0,1" hai="74,75,76,77,82,83,84,86,89,94,96,98,102,107" machi="98" ten="30,16000,3" yaku="7,1,9,1,35,6" doraHai="30" who="1" fromWho="3" sc="391,0,247,170,80,0,272,-160" owari="391,19.0,417,52.0,80,-42.0,112,-29.0" /></mjloggm>