<mjloggm ver="2.3"><GO type="169" lobby="0"/><UN n0="%E3%83%9E%E3%83%A9%E3%83%A9%E3%83%BC%E2%99%82" n1="%E3%83%88%E3%83%88%E3%83%AA%E5%85%88%E7%94%9F%31%39%E6%AD%B3" n2="%E9%BB%84%E9%BE%8D%E5%85%84%E8%B2%B4" n3="%E7%90%B4%E6%B5%A6%E6%98%A5%E9%A6%99" dan="16,19,16,17" rate="2092.96,2308.94,2184.42,2152.57" sx="M,F,M,F"/><TAIKYOKU oya="0"/><INIT seed="0,0,0,4,4,25" ten="250,250,250,250" oya="0" hai0="45,38,54,71,133,113,88,13,100,50,83,58,120" hai1="129,115,102,66,123,40,33,64,60,99,98,39,121" hai2="61,80,130,89,103,106,86,2,87,27,95,97,24" hai3="36,41,75,3,35,15,128,55,62,67,78,131,17"/><T85/><D113/><U11/><E129/><N who="3" m="49738" /><G3/><T101/><D120/><U132/><E132/><V34/><F2/><W0/><G0/><T105/><D133/><U104/><E115/><V126/><F130/><W16/><G35/><T44/><D105/><U1/><E64/><V76/><F126/><W59/><G41/><T68/><D68/><U26/><E99/><V70/><F70/><W8/><G36/><T22/><D71/><N who="1" m="42439" /><E40/><V42/><F61/><W116/><G116/><T12/><D38/><U6/><E39/><V57/><F42/><W127/><G127/><T43/><D45/><U118/><E118/><V10/><F57/><W92/><G92/><T84/><D84/><U117/><E117/><V30/><F10/><W29/><G29/><AGARI ba="0,0" hai="1,6,11,26,29,33,98,102,104,121,123" m="42439" machi="29" ten="30,3900,0" yaku="25,1,23,1,52,1" doraHai="25" who="1" fromWho="3" sc="250,0,250,39,250,0,250,-39" /><INIT seed="1,0,0,0,3,38" ten="250,289,250,211" oya="1" hai0="87,135,118,111,116,69,68,64,113,11,109,91,36" hai1="72,41,0,20,124,10,90,84,66,114,123,77,133" hai2="99,119,89,19,75,78,94,80,44,46,29,126,62" hai3="65,52,12,73,88,108,83,55,9,16,5,26,30"/><U128/><E114/><V132/><F29/><W101/><G108/><N who="0" m="41547" /><D113/><U103/><E123/><V35/><F35/><W18/><G101/><T43/><D135/><U79/><E133/><V67/><F132/><W105/><G105/><T53/><D11/><U127/><E128/><V42/><F126/><N who="1" m="48169" /><E72/><V107/><F119/><N who="0" m="45610" /><D64/><U102/><E66/><V8/><F107/><W17/><G65/><T40/><D53/><U2/><E20/><V15/><REACH who="2" step="1"/><F42/><REACH who="2" ten="250,289,240,211" step="2"/><N who="0" m="15914" /><D36/><U25/><E41/><V120/><F120/><W3/><G3/><T122/><D122/><U82/><E0/><V51/><F51/><W74/><G74/><T31/><D31/><U85/><E2/><V6/><F6/><W96/><G73/><T134/><D134/><U129/><E129/><V125/><F125/><W14/><G14/><T37/><D37/><U50/><E50/><V7/><F7/><W34/><G34/><T58/><D58/><AGARI ba="0,1" hai="8,15,19,44,46,58,62,67,75,78,80,89,94,99" machi="58" ten="30,3900,0" yaku="1,1,7,1,53,1" doraHai="38" doraHaiUra="4" who="2" fromWho="0" sc="250,-39,289,0,240,49,211,0" /><INIT seed="2,0,0,0,2,32" ten="211,289,289,211" oya="2" hai0="117,92,109,120,106,116,68,19,93,104,50,49,28" hai1="112,124,78,2,11,21,20,60,22,12,115,37,126" hai2="89,129,114,75,77,58,81,79,118,35,31,27,122" hai3="0,131,121,36,56,134,76,125,85,86,87,64,52"/><V132/><F114/><N who="1" m="43561" /><E37/><V110/><F79/><W80/><G121/><T108/><D28/><U55/><E60/><V8/><F122/><W130/><G36/><T18/><D120/><U57/><E55/><V53/><F118/><W23/><G134/><T95/><D68/><U4/><E57/><V82/><F132/><W13/><G0/><T15/><D15/><U63/><E63/><V51/><F129/><N who="3" m="49163" /><G64/><T94/><D93/><U99/><E99/><V5/><F110/><N who="0" m="42602" /><D49/><U100/><E78/><V97/><F81/><W46/><G46/><T41/><D41/><U103/><E103/><V123/><F123/><W29/><G125/><N who="1" m="48234" /><E100/><V54/><F54/><W73/><G13/><AGARI ba="0,0" hai="2,4,11,12,13,20,21,22" m="48234,43561" machi="13" ten="40,8000,1" yaku="18,1,34,2,52,1" doraHai="32" who="1" fromWho="3" sc="211,0,289,80,289,0,211,-80" /><INIT seed="3,0,0,3,4,69" ten="211,369,289,131" oya="3" hai0="76,95,123,77,135,66,115,22,32,87,121,97,42" hai1="20,88,5,103,23,104,92,113,84,44,47,118,80" hai2="0,12,75,85,43,33,59,72,50,64,8,129,133" hai3="21,40,14,107,79,98,1,100,61,90,82,74,91"/><W10/><G1/><T89/><D32/><U67/><E113/><V116/><F33/><W62/><G21/><N who="1" m="8266" /><E104/><V124/><F0/><W2/><G2/><T9/><D9/><U108/><E108/><V134/><F64/><W110/><G110/><T38/><D22/><U48/><E67/><V7/><F116/><W6/><G40/><T78/><D135/><U99/><E118/><V57/><F57/><W125/><G125/><T35/><D66/><U130/><E130/><V68/><F68/><W41/><G41/><T19/><D35/><U26/><E26/><V45/><F59/><W105/><G105/><T73/><D19/><U25/><E25/><V3/><F3/><W63/><AGARI ba="0,0" hai="6,10,14,61,62,63,74,79,82,90,91,98,100,107" machi="63" ten="30,1500,0" yaku="0,1" doraHai="69" who="3" fromWho="3" sc="211,-5,369,-5,289,-5,131,15" /><INIT seed="3,1,0,3,4,94" ten="206,364,284,146" oya="3" hai0="40,102,124,11,130,92,12,1,106,128,34,127,88" hai1="6,64,82,3,73,132,49,115,45,2,135,98,16" hai2="70,14,100,0,17,4,121,9,52,134,85,44,65" hai3="109,93,77,61,26,5,27,32,50,43,62,117,78"/><W25/><G32/><T83/><D34/><U67/><E115/><V39/><F65/><N who="1" m="25161" /><E6/><V80/><F70/><W53/><G43/><T23/><D40/><N who="1" m="24743" /><E73/><V120/><F39/><W86/><G117/><T123/><D123/><U30/><E82/><V28/><F28/><W116/><G116/><T20/><D1/><U13/><E30/><V21/><F100/><W36/><G36/><T56/><D56/><U90/><E90/><V8/><F21/><N who="0" m="8266" /><D83/><U81/><E98/><V118/><F118/><W76/><G5/><N who="0" m="3183" /><D102/><U66/><E66/><V125/><F125/><N who="0" m="48202" /><D106/><U38/><E81/><V55/><F55/><W126/><G126/><T37/><D37/><U84/><E84/><AGARI ba="1,0" hai="84,88,92,128,130" m="48202,3183,8266" machi="84" ten="30,2000,0" yaku="18,1,54,1" doraHai="94" who="0" fromWho="1" sc="206,23,364,-23,284,0,146,0" /><INIT seed="4,0,0,2,0,96" ten="229,341,284,146" oya="0" hai0="78,58,12,4,110,129,29,102,86,23,99,48,76" hai1="135,108,71,65,18,123,121,5,47,36,15,126,40" hai2="127,0,91,90,43,33,132,128,9,24,97,52,14" hai3="62,104,42,1,2,85,120,7,87,119,130,134,37"/><T54/><D110/><U131/><E108/><V28/><F43/><W56/><G119/><T74/><D129/><U115/><E131/><V60/><F128/><W25/><G104/><T118/><D118/><U44/><E5/><V26/><F0/><W53/><G130/><T66/><D74/><U124/><E135/><V16/><F132/><W68/><G134/><T61/><D4/><U112/><E47/><V106/><F26/><W116/><G116/><T111/><D111/><U117/><E117/><V95/><F106/><W64/><G120/><N who="1" m="46154" /><E65/><V3/><F3/><W72/><G72/><T11/><D11/><N who="1" m="6527" /><E71/><V77/><F77/><W88/><G25/><N who="0" m="16575" /><D86/><U92/><E92/><V50/><F60/><W49/><G7/><T93/><D12/><U101/><E101/><V41/><F41/><W22/><G22/><T83/><D83/><U82/><E82/><V89/><REACH who="2" step="1"/><F127/><AGARI ba="0,0" hai="36,40,44,112,115,124,126,127" m="6527,46154" machi="127" ten="40,1300,0" yaku="18,1" doraHai="96" who="1" fromWho="2" sc="229,0,341,13,284,-13,146,0" /><INIT seed="5,0,0,2,4,5" ten="229,354,271,146" oya="1" hai0="111,122,27,116,107,2,85,64,88,82,125,73,55" hai1="76,42,23,46,26,56,100,91,119,50,59,63,110" hai2="104,30,129,10,127,51,25,77,44,118,21,0,37" hai3="75,106,19,134,29,52,117,94,35,61,120,79,95"/><U93/><E119/><V121/><F104/><W78/><G106/><T67/><D116/><U92/><E110/><V57/><F37/><W108/><G120/><T36/><D111/><U12/><E76/><V45/><F118/><W90/><G108/><T40/><D27/><U62/><E100/><V17/><F121/><W83/><G79/><T41/><D125/><U65/><E91/><V87/><F127/><W53/><G134/><T109/><D109/><U11/><E23/><V48/><F0/><W133/><G133/><T99/><D55/><U31/><E26/><V128/><F77/><W105/><G105/><T103/><D2/><U113/><E31/><V89/><F51/><W54/><G117/><T58/><D122/><U70/><E70/><V101/><F101/><W123/><G123/><T102/><D102/><U1/><E113/><V96/><F96/><W60/><G19/><T3/><D3/><U130/><E130/><N who="2" m="50283" /><F57/><W34/><G94/><N who="0" m="54543" /><D36/><U72/><E1/><V4/><F4/><W112/><G112/><T24/><D58/><U7/><E72/><V114/><F114/><W86/><REACH who="3" step="1"/><G29/><REACH who="3" ten="229,354,271,136" step="2"/><T15/><D107/><U16/><E7/><V69/><F30/><W43/><G43/><T20/><D41/><U126/><E126/><V84/><F17/><W74/><G74/><T22/><D73/><U124/><E124/><V14/><F84/><W38/><G38/><T13/><D40/><U81/><E81/><V71/><F87/><W6/><G6/><T97/><D82/><U28/><E28/><V18/><F18/><W132/><G132/><T39/><D39/><RYUUKYOKU ba="0,1" sc="229,-15,354,15,271,-15,136,15" hai1="11,12,16,42,46,50,56,59,62,63,65,92,93" hai3="34,35,52,53,54,60,61,75,78,83,86,90,95" /><INIT seed="5,1,1,0,5,93" ten="214,369,256,151" oya="1" hai0="125,135,64,24,60,6,40,109,101,53,99,105,132" hai1="73,36,35,85,39,122,111,31,86,108,120,37,91" hai2="96,118,123,112,32,94,134,119,97,34,65,15,58" hai3="30,14,66,117,62,0,95,49,16,45,69,72,46"/><U21/><E21/><V126/><F123/><N who="1" m="47145" /><E91/><V116/><F15/><W77/><G0/><T26/><D109/><N who="1" m="42059" /><E73/><V76/><F76/><W124/><G124/><T3/><D125/><U133/><E133/><N who="0" m="51273" /><D53/><U61/><E61/><V74/><F74/><W51/><G30/><T10/><D40/><U4/><E4/><V59/><F134/><W102/><G117/><T81/><D81/><U52/><E52/><V43/><F43/><W83/><G46/><T1/><D1/><U80/><E80/><V90/><F126/><W47/><G47/><T87/><D87/><N who="1" m="33291" /><E35/><V13/><F116/><W121/><G45/><T54/><D54/><U113/><E113/><V104/><F34/><W106/><G121/><T107/><D107/><U56/><E31/><V103/><F32/><W27/><G106/><T42/><D42/><U9/><E9/><V44/><F44/><W70/><G27/><T84/><D84/><U50/><E50/><V48/><F48/><W17/><G51/><T79/><D79/><U130/><E130/><V20/><F112/><W55/><G49/><T11/><D11/><U18/><E18/><V114/><F114/><W67/><G17/><T92/><D105/><U100/><E100/><V127/><F118/><W25/><G25/><T38/><D38/><U63/><E63/><V28/><F28/><W128/><G55/><T22/><D22/><U98/><E56/><AGARI ba="1,1" hai="3,6,10,24,26,56,60,64,92,99,101" m="51273" machi="56" ten="30,2000,0" yaku="20,1,52,1" doraHai="93" who="0" fromWho="1" sc="214,33,369,-23,256,0,151,0" /><INIT seed="6,0,0,3,1,74" ten="247,346,256,151" oya="2" hai0="8,104,56,131,106,44,7,65,100,13,50,69,60" hai1="38,72,111,37,28,73,11,122,77,103,102,124,14" hai2="63,81,47,98,133,125,0,120,59,25,89,97,127" hai3="110,36,80,105,123,48,32,40,31,61,132,12,20"/><V42/><F0/><W113/><G36/><T107/><D131/><U130/><E111/><V87/><F120/><W18/><G105/><T82/><D69/><U70/><E70/><V118/><F118/><W45/><G123/><T115/><D115/><U99/><E103/><V2/><F2/><W49/><G110/><T57/><D100/><U101/><E122/><V129/><F129/><W21/><G32/><T58/><REACH who="0" step="1"/><D82/><REACH who="0" ten="237,346,256,151" step="2"/><U66/><E102/><V24/><F125/><W68/><G80/><T17/><D17/><U55/><E101/><V135/><F127/><W51/><G113/><T88/><D88/><U1/><E124/><V27/><F133/><W54/><G68/><T30/><D30/><U16/><E28/><V23/><F135/><W85/><G132/><T29/><D29/><U34/><E16/><V22/><F97/><W90/><G31/><T128/><D128/><U15/><E99/><V52/><REACH who="2" step="1"/><F98/><REACH who="2" ten="237,346,246,151" step="2"/><W117/><G117/><T10/><D10/><U19/><E11/><V114/><F114/><W67/><G21/><T5/><D5/><U3/><E130/><V84/><F84/><W134/><G134/><T126/><D126/><U64/><E72/><V86/><F86/><W41/><G85/><T116/><D116/><U4/><E73/><V79/><F79/><W95/><G95/><T33/><D33/><U26/><E77/><V94/><F94/><W96/><G96/><T71/><D71/><U9/><E34/><V62/><F62/><W108/><G108/><T91/><D91/><U35/><E35/><V43/><F43/><AGARI ba="0,2" hai="7,8,13,43,44,50,56,57,58,60,65,104,106,107" machi="43" ten="40,2600,0" yaku="1,1,53,1" doraHai="74" doraHaiUra="46" who="0" fromWho="2" sc="237,46,346,0,246,-26,151,0" /><INIT seed="7,0,0,2,3,87" ten="283,346,220,151" oya="3" hai0="120,124,61,105,122,13,76,75,65,37,64,68,11" hai1="47,32,91,114,2,7,16,66,46,18,123,26,23" hai2="15,118,14,135,129,73,112,88,10,74,22,84,12" hai3="43,100,41,55,34,106,94,102,77,67,56,83,49"/><W86/><G34/><T79/><D13/><N who="1" m="9615" /><E123/><V20/><F74/><W30/><G30/><T119/><D11/><N who="1" m="2551" /><E66/><V59/><F73/><W99/><G67/><T0/><D119/><U81/><E18/><V21/><F118/><W52/><G106/><T93/><D124/><U17/><E17/><V36/><F36/><W28/><G28/><T98/><D93/><U69/><E69/><V1/><F1/><W101/><REACH who="3" step="1"/><G55/><REACH who="3" ten="283,346,220,141" step="2"/><T4/><D64/><U53/><E53/><V97/><F20/><W62/><G62/><T31/><D31/><U54/><E54/><V90/><F21/><W127/><G127/><T134/><D120/><U103/><E32/><V133/><F22/><W9/><G9/><N who="0" m="2183" /><D122/><U126/><E126/><V57/><F10/><W72/><G72/><T60/><D60/><U132/><E26/><V78/><F15/><W108/><G108/><T38/><D75/><U111/><E111/><V110/><F110/><W95/><G95/><T24/><D105/><U130/><E81/><V104/><F104/><W45/><G45/><T40/><D24/><U5/><E46/><V19/><F14/><W39/><G39/><T82/><D37/><U3/><E47/><V116/><F12/><W115/><G115/><T89/><D82/><U125/><E114/><V42/><F112/><W51/><G51/><T25/><D25/><U117/><E125/><V58/><F19/><W63/><G63/><T6/><D61/><U96/><E3/><V107/><F107/><W71/><G71/><T85/><D65/><U29/><E29/><V128/><F116/><W109/><G109/><RYUUKYOKU ba="0,1" sc="283,-10,346,-10,220,-10,141,30" hai3="41,43,49,52,56,77,83,86,94,99,100,101,102" /><INIT seed="7,1,1,5,1,17" ten="273,336,210,171" oya="3" hai0="95,118,22,102,115,92,75,114,71,134,40,96,83" hai1="107,70,84,14,38,34,19,7,32,122,124,132,66" hai2="29,100,27,78,60,74,46,8,5,48,21,16,67" hai3="12,111,82,79,4,131,99,20,51,53,113,55,57"/><W108/><G113/><N who="0" m="43019" /><D118/><U119/><E107/><V1/><F100/><W9/><G131/><T103/><D134/><U25/><E38/><V31/><F78/><W129/><G129/><T59/><D71/><U76/><E122/><V85/><F85/><W56/><G99/><N who="0" m="59751" /><D40/><U101/><E101/><V11/><F11/><W94/><G94/><T91/><D59/><U80/><E132/><V120/><F74/><W49/><REACH who="3" step="1"/><G20/><REACH who="3" ten="273,336,210,161" step="2"/><T2/><D22/><N who="1" m="13535" /><E34/><V69/><REACH who="2" step="1"/><F120/><REACH who="2" ten="273,336,200,161" step="2"/><W15/><G15/><T93/><D2/><U72/><E14/><V125/><F125/><W24/><G24/><T73/><D83/><U97/><E80/><V13/><F13/><W0/><G0/><T116/><D116/><U58/><E119/><V23/><F23/><W77/><G77/><T47/><D96/><U18/><E97/><V112/><F112/><W105/><G105/><T10/><D10/><U126/><E124/><V36/><F36/><W68/><G68/><T88/><D103/><U127/><E126/><V104/><F104/><W81/><G81/><T26/><D26/><U33/><E70/><V121/><F121/><W39/><G39/><T133/><D133/><U90/><E127/><V87/><F87/><AGARI ba="1,3" hai="4,9,12,49,51,53,55,56,57,79,82,87,108,111" machi="87" ten="40,3900,0" yaku="1,1,9,1,53,0" doraHai="17" doraHaiUra="30" who="3" fromWho="2" sc="273,0,336,0,200,-42,161,72" /><INIT seed="7,2,0,2,0,115" ten="273,336,158,233" oya="3" hai0="59,91,46,81,66,70,44,123,18,125,76,124,99" hai1="97,65,20,75,30,135,68,101,21,113,105,116,90" hai2="122,62,12,36,82,5,69,89,2,23,27,38,15" hai3="127,52,120,57,95,6,74,102,42,80,77,58,103"/><W96/><G120/><T40/><D123/><U60/><E113/><V50/><F122/><W98/><G127/><N who="0" m="48715" /><D70/><U86/><E135/><V51/><F2/><W107/><G6/><T47/><D18/><U13/><E116/><V134/><F134/><W106/><G42/><T112/><D112/><U4/><E75/><V117/><F69/><W87/><G52/><T1/><D1/><U43/><E30/><V88/><F5/><W72/><G58/><T11/><D11/><U133/><E133/><V132/><F132/><W33/><G57/><T118/><D118/><U22/><E43/><V32/><F32/><W45/><G45/><T126/><D126/><U129/><E129/><V39/><F39/><W111/><G111/><T56/><D91/><U8/><E22/><V78/><F62/><W121/><G121/><T84/><D99/><U14/><E14/><V3/><F3/><W71/><G71/><T24/><D24/><U108/><E108/><V41/><F41/><W92/><G33/><T130/><D130/><U49/><E49/><V16/><F27/><W67/><G67/><T28/><D28/><U31/><E31/><V48/><F15/><W109/><G109/><T19/><D40/><U0/><E0/><V73/><F117/><W61/><G61/><N who="0" m="38183" /><D19/><U9/><E9/><V119/><F119/><W94/><AGARI ba="2,0" hai="72,74,77,80,87,92,94,95,96,98,102,103,106,107" machi="94" ten="30,24000,3" yaku="0,1,9,1,35,6" doraHai="115" who="3" fromWho="3" sc="273,-82,336,-82,158,-82,233,246" owari="191,-21.0,254,5.0,76,-42.0,479,58.0" /></mjloggm>