<mjloggm ver="2.3"><GO type="169" lobby="0"/><UN n0="%E9%A7%92%E9%B3%A5%E8%93%AE%E8%8F%AF" n1="%E3%81%BD%E3%82%80%E5%A4%AA%E9%83%8E" n2="%E3%83%88%E3%83%88%E3%83%AA%E5%85%88%E7%94%9F%31%39%E6%AD%B3" n3="%6E%65%69%6C%6C%79" dan="16,16,19,17" rate="2151.90,2150.90,2291.63,2265.90" sx="F,F,F,F"/><TAIKYOKU oya="0"/><INIT seed="0,0,0,0,3,85" ten="250,250,250,250" oya="0" hai0="116,59,41,108,82,73,86,99,49,54,65,111,106" hai1="75,130,66,8,43,25,3,128,14,131,77,114,20" hai2="42,105,61,64,135,45,56,31,133,83,69,117,11" hai3="37,51,27,24,100,33,104,17,113,124,10,89,84"/><T32/><D116/><U29/><E43/><V58/><F105/><W72/><G37/><T88/><D32/><U63/><E77/><V57/><F31/><W60/><G72/><T90/><D41/><U70/><E75/><V134/><F11/><W5/><G124/><T95/><D65/><U48/><E3/><V9/><F9/><W1/><G60/><T122/><D122/><U40/><E114/><V55/><F83/><W98/><G113/><T7/><D7/><U36/><E36/><N who="2" m="21703" /><F117/><W53/><G33/><T115/><D115/><U96/><E96/><V38/><F38/><W78/><G78/><T67/><D67/><U101/><E101/><V102/><F102/><W109/><G109/><N who="0" m="42059" /><D73/><U94/><E94/><V91/><F91/><W74/><G74/><T50/><D106/><U4/><E40/><V46/><F46/><W2/><G1/><T21/><D21/><U12/><E12/><V123/><F123/><W30/><G30/><T118/><D118/><U125/><REACH who="1" step="1"/><E48/><AGARI ba="0,0" hai="48,55,56,57,58,61,64,69,133,134,135" m="21703" machi="48" ten="30,7700,0" yaku="24,1,20,1,34,2" doraHai="85" who="2" fromWho="1" sc="250,0,250,-77,250,77,250,0" /><AGARI ba="0,0" hai="48,49,50,54,59,82,86,88,90,95,99" m="42059" machi="48" ten="30,12000,1" yaku="14,1,10,1,52,2,54,1" doraHai="85" who="0" fromWho="1" sc="250,120,173,-120,327,0,250,0" /><INIT seed="0,1,0,5,1,53" ten="370,53,327,250" oya="0" hai0="114,8,54,6,9,36,19,11,72,108,134,97,61" hai1="51,112,57,58,4,37,91,23,73,94,120,10,133" hai2="102,2,67,95,119,84,81,50,27,113,21,49,25" hai3="62,135,85,103,86,130,117,44,45,14,60,3,65"/><T118/><D114/><U74/><E37/><V70/><F113/><W35/><G3/><T41/><D118/><U63/><E120/><V132/><F2/><W40/><G35/><T96/><D72/><U1/><E112/><V46/><F119/><W7/><G117/><T83/><D83/><U59/><E133/><V123/><F123/><W111/><G111/><T28/><D134/><U116/><E116/><V18/><F132/><W122/><G122/><T71/><D28/><U77/><E51/><V99/><F70/><W33/><G33/><T30/><D30/><U48/><E48/><V42/><F67/><W69/><G130/><T24/><D6/><U124/><E124/><V75/><F75/><W87/><G103/><T76/><D76/><U109/><E109/><V64/><F64/><W38/><G135/><T55/><D71/><U104/><E104/><V90/><REACH who="2" step="1"/><F50/><REACH who="2" ten="370,53,317,250" step="2"/><W79/><G62/><T107/><D61/><U101/><E74/><V12/><AGARI ba="1,1" hai="12,18,21,25,27,42,46,49,81,84,90,95,99,102" machi="12" ten="20,12000,2" yaku="1,1,2,1,0,1,7,1,8,1,53,1" doraHai="53" doraHaiUra="82" who="2" fromWho="2" sc="370,-61,53,-31,317,133,250,-31" /><INIT seed="1,0,0,5,3,105" ten="309,22,450,219" oya="1" hai0="45,109,134,71,103,76,51,120,125,81,70,4,124" hai1="80,63,129,101,66,18,56,74,127,34,31,121,123" hai2="28,113,61,133,15,122,20,79,64,36,114,48,132" hai3="26,135,54,119,90,33,94,8,112,108,116,19,69"/><U14/><E127/><N who="0" m="48713" /><D109/><U30/><E129/><V91/><F36/><W78/><G108/><T11/><D134/><N who="2" m="51818" /><F122/><W44/><G135/><T21/><D21/><U42/><E42/><V85/><F79/><W50/><G69/><T73/><D103/><U72/><E101/><V23/><F48/><W27/><G78/><T111/><D111/><U107/><E107/><V68/><F15/><N who="3" m="7655" /><G33/><T24/><D24/><U35/><E80/><N who="2" m="49575" /><F23/><W83/><G83/><T98/><D98/><U32/><E123/><V29/><F20/><W102/><G112/><AGARI ba="0,0" hai="28,29,61,64,68,112,113,114" m="49575,51818" machi="112" ten="30,2000,0" yaku="11,1,20,1" doraHai="105" who="2" fromWho="3" sc="309,0,22,0,450,20,219,-20" /><INIT seed="2,0,0,3,3,102" ten="309,22,470,199" oya="2" hai0="4,9,37,61,123,54,114,29,81,45,62,85,109" hai1="100,14,46,0,66,117,122,33,15,135,58,132,92" hai2="16,115,38,50,59,48,57,51,44,73,13,35,112" hai3="56,134,64,80,108,22,131,53,60,25,72,26,76"/><V74/><F35/><W87/><G134/><N who="1" m="51242" /><E0/><V2/><F2/><W18/><G131/><T1/><D123/><U121/><E33/><V133/><F133/><W120/><G120/><N who="1" m="46186" /><E117/><V34/><F34/><W3/><G108/><T99/><D109/><U82/><E82/><V27/><F27/><W11/><G72/><T110/><D110/><U32/><E32/><V19/><F38/><W40/><G40/><T12/><D114/><N who="2" m="43562" /><F44/><W84/><G84/><T95/><D29/><U8/><E8/><V79/><F13/><N who="1" m="4617" /><E46/><V91/><F91/><W69/><G11/><T101/><D1/><U96/><E58/><N who="2" m="22027" /><F79/><W130/><G3/><T127/><D37/><U93/><E66/><V97/><F97/><W36/><G36/><T23/><D45/><U77/><E77/><V24/><F24/><W124/><G26/><T104/><D12/><U20/><E20/><V119/><F119/><W17/><G22/><T88/><D23/><U43/><E43/><V41/><F41/><W111/><G25/><T106/><D9/><U75/><E75/><AGARI ba="0,0" hai="16,19,48,50,51,73,74,75" m="22027,43562" machi="75" ten="40,7700,0" yaku="28,2,54,1" doraHai="102" who="2" fromWho="1" sc="309,0,22,-77,470,77,199,0" owari="309,11.0,-55,-56.0,547,65.0,199,-20.0" /></mjloggm>