<mjloggm ver="2.3"><GO type="169" lobby="0"/><UN n0="%6B%75%6E%70%61%63" n1="%65%61%73%79" n2="%E3%83%88%E3%83%88%E3%83%AA%E5%85%88%E7%94%9F%31%39%E6%AD%B3" n3="%E3%82%BD%E3%83%B3%E3%82%BB%E3%82%AD" dan="16,16,19,16" rate="2128.64,2093.58,2288.22,2098.11" sx="M,M,F,M"/><TAIKYOKU oya="0"/><INIT seed="0,0,0,0,2,118" ten="250,250,250,250" oya="0" hai0="47,8,80,96,105,41,132,95,107,77,69,82,12" hai1="78,94,91,23,11,83,73,85,127,58,97,117,54" hai2="60,37,57,100,4,89,123,74,5,109,61,76,22" hai3="93,29,114,7,75,66,39,99,9,124,122,53,48"/><T51/><D69/><U112/><E127/><V103/><F37/><W17/><G114/><T102/><D132/><U71/><E71/><V20/><F109/><W34/><G39/><T101/><D101/><U27/><E112/><V0/><F76/><W3/><G75/><T56/><D56/><U18/><E117/><V98/><F74/><W126/><G66/><T135/><D135/><U110/><E110/><V33/><F57/><W21/><G29/><T42/><D42/><U63/><REACH who="1" step="1"/><E11/><REACH who="1" ten="250,240,250,250" step="2"/><V2/><F33/><W26/><G34/><T67/><D67/><U36/><E36/><V59/><F59/><W52/><G48/><T43/><D51/><U15/><E15/><V31/><F0/><W40/><G40/><T6/><D43/><U64/><E64/><V68/><F2/><W32/><G32/><T113/><D113/><U129/><E129/><V1/><F1/><W115/><G115/><T13/><D13/><U35/><E35/><V46/><F68/><W90/><REACH who="3" step="1"/><G122/><REACH who="3" ten="250,240,250,240" step="2"/><T87/><D41/><U92/><E92/><V81/><F123/><W30/><G30/><T19/><D47/><U84/><AGARI ba="0,2" hai="18,23,27,54,58,63,73,78,83,84,85,91,94,97" machi="84" ten="30,7900,0" yaku="1,1,0,1,25,2,53,0" doraHai="118" doraHaiUra="131" who="1" fromWho="1" sc="250,-39,240,99,250,-20,240,-20" /><INIT seed="1,0,0,2,5,120" ten="211,339,230,220" oya="1" hai0="10,62,61,80,93,34,131,63,83,132,30,135,65" hai1="112,43,20,22,129,23,31,118,53,109,92,54,108" hai2="66,67,81,3,12,6,35,126,119,99,106,4,90" hai3="0,74,28,9,64,107,27,29,8,86,94,122,38"/><U87/><E118/><V24/><F119/><W113/><G74/><T79/><D131/><U46/><E112/><V97/><F3/><W98/><G113/><T128/><D128/><U7/><E129/><V68/><F126/><W89/><G122/><T82/><D93/><U47/><E7/><V117/><F117/><W58/><G38/><T127/><D127/><U96/><E87/><N who="2" m="50543" /><F67/><W16/><G0/><T78/><D10/><N who="3" m="4201" /><G107/><T39/><D39/><U121/><E121/><V48/><F12/><W40/><G40/><T133/><D65/><U110/><E31/><N who="2" m="19943" /><F48/><W51/><G86/><T130/><D130/><U101/><E46/><V104/><F97/><W84/><G98/><T105/><D105/><U11/><E11/><V71/><F71/><W2/><G2/><T85/><D85/><U42/><E42/><V59/><F59/><W111/><G64/><T114/><D114/><U91/><E101/><N who="2" m="62527" /><F106/><W5/><G5/><T76/><D30/><U56/><E56/><V15/><F15/><W88/><G89/><T17/><D17/><U19/><E19/><V115/><F115/><W49/><G58/><T125/><D125/><U69/><E69/><V73/><F73/><W26/><G16/><T14/><D14/><U37/><AGARI ba="0,0" hai="20,22,23,37,43,47,53,54,91,92,96,108,109,110" machi="37" ten="40,18000,2" yaku="0,1,14,1,10,1,52,3" doraHai="120" who="1" fromWho="1" sc="211,-60,339,180,230,-60,220,-60" /><INIT seed="1,1,0,0,1,42" ten="151,519,170,160" oya="1" hai0="60,76,46,19,28,45,6,128,3,47,132,11,79" hai1="43,86,68,5,126,7,54,67,39,101,1,10,124" hai2="135,121,129,2,53,41,64,115,134,90,15,103,40" hai3="13,100,30,106,73,9,58,55,116,35,111,130,107"/><U63/><E101/><V49/><F121/><W88/><G73/><T118/><D118/><U8/><E54/><V66/><F2/><W36/><G116/><T104/><D104/><U29/><E29/><V34/><F103/><W94/><G111/><T131/><D132/><N who="2" m="50730" /><F90/><W117/><G117/><T123/><D123/><U87/><E87/><V16/><F34/><W14/><G130/><N who="0" m="49707" /><D28/><U75/><E86/><V99/><F99/><W127/><G36/><T108/><D108/><U21/><E75/><V102/><F102/><W81/><G81/><T113/><D113/><U25/><E39/><V22/><F129/><W72/><G72/><T27/><D60/><U93/><E93/><V95/><F95/><W119/><G100/><T89/><D89/><U33/><E33/><V24/><F115/><W133/><G30/><T44/><N who="0" m="11264" /><DORA hai="17" /><T96/><D96/><U92/><E92/><V38/><F38/><W50/><G94/><T74/><D74/><U91/><E91/><V109/><F109/><W84/><G88/><T20/><AGARI ba="1,0" hai="3,6,11,19,20,27,76,79" m="11264,49707" machi="20" ten="50,12000,2" yaku="19,1,52,5" doraHai="42,17" who="0" fromWho="0" sc="151,123,519,-61,170,-31,160,-31" /><INIT seed="2,0,0,0,2,95" ten="274,458,139,129" oya="2" hai0="50,89,18,93,16,63,113,60,70,5,66,21,52" hai1="106,3,99,28,110,116,2,115,67,39,81,55,111" hai2="130,129,62,119,23,75,72,57,17,41,32,82,77" hai3="107,101,24,92,79,86,15,51,125,19,9,120,53"/><V134/><F119/><W40/><G107/><T14/><D113/><U97/><E116/><V85/><F32/><W135/><G120/><T43/><D5/><U56/><E67/><V38/><F134/><W7/><G135/><T64/><D43/><U47/><E106/><V76/><F41/><W13/><G125/><T36/><D36/><U88/><E115/><V124/><F38/><W49/><G24/><T133/><D133/><U27/><E47/><V59/><F124/><W128/><G128/><N who="2" m="49257" /><F76/><W35/><G35/><T87/><D18/><U114/><E39/><V100/><F100/><W11/><G53/><T131/><D131/><U104/><E104/><V6/><F6/><W8/><G8/><T1/><D1/><U58/><E114/><V46/><F46/><W44/><G51/><T132/><D132/><U26/><E55/><N who="2" m="34111" /><F59/><W112/><G112/><T29/><D29/><U61/><E61/><N who="0" m="23625" /><D70/><U74/><E28/><V31/><F31/><W69/><G69/><T34/><D34/><U94/><E58/><AGARI ba="0,0" hai="14,16,21,50,52,58,64,66,87,89,93" m="23625" machi="58" ten="30,7700,0" yaku="25,1,8,1,54,2" doraHai="95" who="0" fromWho="1" sc="274,77,458,-77,139,0,129,0" /><INIT seed="3,0,0,0,3,52" ten="351,381,139,129" oya="3" hai0="51,104,128,121,134,110,67,70,87,108,107,90,41" hai1="116,28,75,84,91,42,18,76,21,102,123,118,25" hai2="31,53,65,8,127,81,56,68,74,120,19,92,47" hai3="126,72,82,133,113,86,129,98,117,46,60,89,9"/><W5/><G113/><T79/><D121/><U14/><E123/><V77/><F120/><W93/><G117/><N who="1" m="45162" /><E102/><V26/><F127/><W83/><G126/><T27/><D128/><U23/><E42/><V78/><F78/><W15/><G129/><T17/><D134/><U64/><E64/><V95/><F47/><W122/><G133/><T114/><D79/><U20/><E76/><V85/><F74/><W29/><G72/><T4/><D4/><U66/><E66/><V88/><F65/><W50/><G122/><T35/><D114/><U80/><E75/><V38/><F38/><W71/><G29/><N who="0" m="19903" /><D17/><U33/><AGARI ba="0,0" hai="14,18,20,21,23,25,28,33,80,84,91" m="45162" machi="33" ten="30,1100,0" yaku="12,1" doraHai="52" who="1" fromWho="1" sc="351,-3,381,11,139,-3,129,-5" /><INIT seed="4,0,0,0,1,54" ten="348,392,136,124" oya="0" hai0="115,127,131,81,98,42,100,85,63,57,41,126,31" hai1="51,82,78,111,83,121,5,12,3,84,38,14,16" hai2="125,87,94,29,18,34,120,60,64,44,48,10,56" hai3="104,70,96,22,88,13,24,92,68,28,99,106,76"/><T21/><D115/><U132/><E121/><V37/><F120/><W117/><G117/><T4/><D131/><U23/><E111/><V95/><F37/><W90/><G76/><N who="0" m="46247" /><D4/><U7/><E38/><V8/><F125/><N who="0" m="47626" /><D21/><U134/><E3/><V119/><F119/><W71/><REACH who="3" step="1"/><G13/><REACH who="3" ten="348,392,136,114" step="2"/><T52/><D31/><U46/><E14/><N who="2" m="7495" /><F29/><W33/><G33/><T43/><D43/><U49/><E12/><V124/><F34/><W89/><G89/><T93/><AGARI ba="0,1" hai="41,42,52,57,63,93,98,100" m="47626,46247" machi="93" ten="30,6000,0" yaku="18,1,52,1,54,1" doraHai="54" who="0" fromWho="0" sc="348,70,392,-20,136,-20,114,-20" /><INIT seed="4,1,0,5,1,23" ten="418,372,116,94" oya="0" hai0="59,20,127,41,119,82,7,100,1,38,94,96,129" hai1="128,60,76,115,90,31,63,73,25,69,54,101,105" hai2="49,71,84,91,66,46,3,103,47,77,34,11,81" hai3="109,124,58,55,17,43,104,111,131,88,125,89,93"/><T30/><D119/><U61/><E128/><V26/><F103/><W10/><G104/><T53/><D129/><U126/><E126/><N who="3" m="48746" /><G131/><T57/><D127/><U45/><E115/><V106/><F106/><W13/><G43/><T27/><D82/><U28/><E69/><V68/><F3/><W62/><G89/><T65/><D65/><U132/><E28/><V86/><F11/><W79/><G79/><T4/><D1/><U16/><E132/><V117/><F117/><W80/><G80/><T18/><D57/><U14/><E90/><V64/><F71/><W110/><G110/><T133/><D133/><U22/><E105/><V32/><F32/><W40/><G40/><T51/><REACH who="0" step="1"/><D30/><REACH who="0" ten="408,372,116,94" step="2"/><U52/><E73/><V108/><F68/><W0/><G0/><T87/><D87/><AGARI ba="1,1" hai="10,13,17,55,58,62,87,88,93,109,111" m="48746" machi="87" ten="30,2000,0" yaku="18,1,54,1" doraHai="23" who="3" fromWho="0" sc="408,-23,372,0,116,0,94,33" /><INIT seed="5,0,0,1,5,43" ten="385,372,116,127" oya="1" hai0="104,114,2,34,40,65,26,84,67,54,98,121,78" hai1="81,3,60,53,32,108,10,27,11,82,96,115,61" hai2="102,68,111,126,36,107,57,16,8,49,116,14,80" hai3="118,24,87,9,20,125,132,77,109,124,63,44,6"/><U113/><E108/><V50/><F116/><W62/><G109/><T95/><D2/><U88/><E3/><V42/><F111/><W72/><G72/><T22/><D34/><U105/><E105/><V86/><F68/><W35/><G35/><T37/><D114/><N who="1" m="43531" /><E32/><V129/><F129/><W134/><G118/><T69/><D69/><U85/><E82/><V48/><F126/><N who="3" m="48747" /><G77/><T51/><D40/><U46/><E27/><V83/><F107/><W45/><G87/><T29/><D37/><U119/><E96/><V41/><F102/><W21/><G62/><N who="1" m="24170" /><E119/><V64/><F36/><W117/><G63/><T123/><D104/><U56/><E56/><V39/><F39/><W23/><G24/><T75/><D75/><U38/><E38/><V55/><F64/><W127/><N who="3" m="48755" /><W89/><DORA hai="97" /><G89/><N who="0" m="55663" /><D84/><U7/><E7/><V52/><F49/><AGARI ba="0,0" hai="10,11,46,49,53,81,85,88" m="24170,43531" machi="49" ten="30,5800,0" yaku="15,1,52,1,54,1" doraHai="43,97" who="1" fromWho="2" sc="385,0,372,58,116,-58,127,0" /><INIT seed="5,1,0,1,3,18" ten="385,430,58,127" oya="1" hai0="110,48,96,14,19,24,36,35,13,12,92,47,102" hai1="86,30,43,79,53,59,52,117,39,107,121,93,63" hai2="134,90,6,126,125,83,111,70,112,42,60,100,66" hai3="69,89,108,31,25,38,98,116,105,28,135,40,94"/><U50/><E121/><V9/><F111/><W37/><G108/><T104/><D110/><U82/><E107/><V95/><F100/><W84/><G116/><T71/><D71/><U128/><E128/><V15/><F134/><W85/><G135/><T73/><D73/><U1/><E117/><V127/><F112/><W20/><G69/><T81/><D36/><U65/><E1/><V2/><F42/><W21/><G40/><T67/><D67/><U77/><E30/><V27/><F83/><W55/><G105/><T109/><D109/><U26/><E26/><V33/><F33/><W76/><G76/><T57/><D57/><U32/><E32/><V131/><F27/><N who="3" m="16487" /><G38/><T72/><D104/><U130/><E130/><V10/><F131/><W29/><G37/><T16/><D72/><U51/><E93/><V17/><REACH who="2" step="1"/><F127/><REACH who="2" ten="385,430,48,127" step="2"/><W7/><G31/><T101/><D81/><N who="1" m="47407" /><E43/><V68/><F68/><W75/><G75/><T106/><D35/><U132/><E132/><V41/><F41/><W99/><G29/><T62/><D102/><U49/><E39/><V56/><F56/><W61/><G25/><T46/><D24/><U97/><E82/><V113/><F113/><W115/><G115/><T123/><D123/><U133/><E133/><V54/><F54/><N who="1" m="21097" /><E79/><V58/><F58/><W3/><G55/><N who="0" m="30103" /><D106/><U103/><E103/><V22/><F22/><W23/><G21/><T34/><D34/><U87/><E59/><V114/><F114/><W120/><G23/><T74/><D74/><U44/><E44/><V4/><F4/><W8/><G120/><T124/><D47/><RYUUKYOKU ba="1,1" sc="385,-10,430,-10,48,30,127,-10" hai2="2,6,9,10,15,17,60,66,70,90,95,125,126" /><INIT seed="6,2,1,2,5,25" ten="375,420,78,117" oya="2" hai0="77,29,92,73,75,53,36,0,76,101,50,61,44" hai1="10,127,83,113,125,65,135,23,98,97,74,109,68" hai2="43,99,79,110,111,31,18,38,94,30,62,56,119" hai3="32,21,71,35,63,134,51,124,26,40,55,60,81"/><V46/><F119/><W131/><G124/><N who="1" m="47690" /><E109/><N who="2" m="41483" /><F18/><W116/><G116/><T128/><D128/><U42/><E113/><V90/><F79/><W69/><G131/><T52/><D0/><U126/><E135/><V27/><F27/><W118/><G118/><T15/><D36/><U93/><E23/><V115/><F115/><W86/><G134/><T103/><D75/><U132/><E132/><V84/><F99/><W72/><G72/><T85/><D73/><U108/><E108/><V8/><F8/><W122/><G122/><T66/><D66/><AGARI ba="2,1" hai="30,31,38,43,46,56,62,66,84,90,94" m="41483" machi="66" ten="30,5800,0" yaku="10,1,52,2" doraHai="25" who="2" fromWho="0" sc="375,-64,420,0,78,74,117,0" /><INIT seed="6,3,0,2,2,121" ten="311,420,152,117" oya="2" hai0="48,41,16,104,53,28,109,43,25,126,102,91,29" hai1="95,2,71,35,76,90,112,133,37,111,105,57,15" hai2="7,31,128,40,129,72,70,74,14,103,17,115,86" hai3="69,51,47,78,13,8,77,87,42,125,135,23,127"/><V131/><F115/><W44/><G69/><T55/><D104/><U9/><E111/><V120/><F120/><W116/><G116/><T26/><D109/><U107/><E35/><V45/><F70/><W21/><G135/><T68/><D68/><U6/><E71/><V59/><F7/><N who="3" m="3231" /><G47/><T113/><D102/><U89/><E133/><V67/><F31/><W94/><G94/><T62/><D91/><U92/><E37/><V130/><F86/><W60/><G60/><T99/><D99/><U79/><E2/><V5/><F5/><W32/><G32/><T36/><D126/><N who="3" m="48137" /><G78/><T18/><D36/><U30/><E30/><V1/><F1/><W61/><G61/><T24/><D113/><U119/><E119/><V34/><F34/><W100/><G100/><T132/><D62/><U4/><E57/><V58/><F103/><W22/><G21/><T81/><D81/><AGARI ba="3,0" hai="22,23,42,44,51,77,81,87" m="48137,3231" machi="81" ten="30,2000,0" yaku="25,1,18,1" doraHai="121" who="3" fromWho="0" sc="311,-29,420,0,152,0,117,29" /><INIT seed="7,0,0,4,4,101" ten="282,420,152,146" oya="3" hai0="126,60,133,9,100,23,74,63,30,81,125,69,31" hai1="132,123,17,58,119,88,86,64,27,89,34,26,114" hai2="2,56,91,84,129,43,8,112,28,24,57,5,102" hai3="71,73,115,46,3,82,131,76,6,12,97,62,42"/><W55/><G12/><T77/><D133/><U59/><E132/><V107/><F112/><W68/><G115/><T53/><D100/><U67/><E123/><V14/><F129/><W103/><G131/><T32/><D32/><U108/><E108/><V44/><F2/><W0/><G55/><T122/><D122/><U16/><E86/><V94/><F102/><W116/><G116/><T15/><D53/><U83/><E83/><V98/><F107/><N who="3" m="63983" /><G62/><N who="0" m="23595" /><D23/><U93/><E93/><V134/><F98/><W38/><G0/><T75/><D69/><U96/><E96/><V99/><F99/><W117/><G117/><T90/><D90/><U65/><E65/><V13/><F134/><W48/><G48/><T72/><D72/><U70/><E114/><V35/><F13/><W47/><G47/><T135/><D75/><U128/><E128/><V85/><F85/><W113/><G113/><T20/><D20/><U50/><E50/><AGARI ba="0,0" hai="5,8,14,24,28,35,43,44,50,56,57,84,91,94" machi="50" ten="30,1000,0" yaku="7,1" doraHai="101" who="2" fromWho="1" sc="282,0,420,-10,152,10,146,0" owari="282,8.0,410,51.0,162,-24.0,146,-35.0" /></mjloggm>