<mjloggm ver="2.3"><GO type="169" lobby="0"/><UN n0="%E7%85%A7%E5%92%B2%E5%A7%89%E5%A6%B9%E5%B6%BA%E4%B8%8A%E7%99%BE%E5%90%88" n1="%EF%BC%B7%E6%A5%BD%E5%8B%9D%EF%BC%B7" n2="%E3%82%A8%E3%83%AB%E3%82%AD%E3%83%81" n3="%E3%83%88%E3%83%88%E3%83%AA%E5%85%88%E7%94%9F%31%39%E6%AD%B3" dan="16,17,16,19" rate="2114.37,2187.09,2157.95,2304.47" sx="M,M,M,F"/><TAIKYOKU oya="0"/><INIT seed="0,0,0,1,0,29" ten="250,250,250,250" oya="0" hai0="103,54,75,52,46,47,117,132,109,13,89,102,106" hai1="31,21,110,10,80,105,58,16,95,6,33,79,27" hai2="63,126,23,76,85,100,28,12,5,34,135,98,113" hai3="96,78,88,7,129,64,119,107,125,122,25,19,14"/><T87/><D117/><U68/><E68/><V22/><F113/><W116/><G129/><T18/><D75/><U70/><E70/><V118/><F118/><W91/><G125/><T71/><D71/><U97/><E105/><V93/><F126/><W24/><G122/><T77/><D77/><U101/><E110/><V11/><F135/><W83/><G7/><T45/><D132/><U42/><E42/><V41/><F41/><W92/><G116/><T130/><D130/><U82/><E58/><V40/><F40/><W99/><G64/><T127/><D127/><U20/><E20/><V121/><F121/><W44/><G44/><T104/><D104/><U50/><E50/><V55/><F34/><W53/><G53/><N who="0" m="20587" /><D106/><U35/><E31/><V17/><F28/><W128/><G128/><T61/><D61/><U94/><E94/><V9/><F76/><W32/><G119/><T59/><D59/><U1/><E82/><V30/><F30/><W65/><G65/><T111/><D109/><U48/><E48/><V67/><F67/><W81/><G32/><T39/><D39/><U38/><E38/><V26/><F63/><W114/><G114/><T112/><D112/><U120/><E120/><V36/><F36/><W134/><G134/><T84/><D111/><U8/><E8/><N who="2" m="3147" /><F55/><W108/><G108/><T60/><D60/><U115/><E115/><V0/><F0/><W51/><G51/><T74/><D46/><U43/><E43/><V66/><F66/><W73/><G107/><T15/><D47/><U72/><AGARI ba="0,0" hai="1,6,10,16,21,27,33,35,72,79,80,95,97,101" machi="72" ten="20,8000,1" yaku="0,1,7,1,52,2,54,1" doraHai="29" who="1" fromWho="1" sc="250,-40,250,80,250,-20,250,-20" /><INIT seed="1,0,0,2,1,51" ten="210,330,230,230" oya="1" hai0="69,14,84,71,66,109,17,128,98,40,0,78,83" hai1="103,33,59,46,91,53,23,64,122,85,67,16,26" hai2="80,81,74,41,22,114,47,121,99,24,19,35,130" hai3="95,119,2,4,77,61,55,3,100,15,57,43,9"/><U129/><E122/><V18/><F121/><W48/><G119/><T134/><D0/><U82/><E129/><V73/><F130/><W107/><G107/><T131/><D131/><U12/><E103/><V72/><F114/><W30/><G30/><T6/><D128/><U110/><E110/><V92/><F35/><W36/><G36/><T29/><D6/><U62/><E33/><V124/><F124/><W52/><G43/><T28/><D109/><U104/><E104/><V60/><F19/><W1/><G77/><T132/><D40/><U106/><E106/><V44/><F60/><W13/><G13/><T88/><D98/><U68/><E68/><N who="0" m="26185" /><D66/><U32/><E32/><V10/><F10/><W75/><G75/><T70/><D78/><U58/><E46/><V125/><F125/><W93/><REACH who="3" step="1"/><G100/><REACH who="3" ten="210,330,230,220" step="2"/><T86/><D28/><U102/><E102/><V105/><F105/><W120/><G120/><T37/><D29/><U38/><E38/><V79/><F41/><W27/><G27/><T89/><D37/><U20/><E12/><V117/><F117/><W65/><G65/><T94/><D134/><U63/><E64/><V127/><F127/><W90/><G90/><T113/><D132/><U56/><E26/><V101/><F74/><W5/><G5/><T39/><D39/><U123/><E123/><V112/><F112/><W49/><G49/><T45/><D113/><U97/><E67/><V135/><F135/><W11/><G11/><N who="0" m="6367" /><D70/><U7/><E7/><V87/><F73/><W21/><G21/><T76/><D89/><AGARI ba="0,1" hai="18,22,24,44,47,72,79,80,81,87,89,92,99,101" machi="89" ten="30,1000,0" yaku="7,1" doraHai="51" who="2" fromWho="0" sc="210,-10,330,0,230,20,220,0" /><INIT seed="2,0,0,1,4,4" ten="200,330,250,220" oya="2" hai0="44,20,134,106,89,133,32,128,81,0,125,37,109" hai1="3,123,80,33,122,112,74,73,52,121,9,71,23" hai2="120,19,99,34,47,108,61,8,93,129,98,18,124" hai3="43,85,105,118,117,76,70,84,119,6,30,5,36"/><V103/><F120/><W64/><G105/><T83/><D32/><U54/><E33/><V135/><F135/><N who="0" m="51722" /><D0/><U77/><E71/><V15/><F129/><W96/><G96/><T39/><D106/><U16/><E74/><V101/><F124/><W46/><G30/><T87/><D44/><U55/><E112/><V25/><F108/><W127/><G127/><T28/><D125/><U114/><E114/><V2/><F2/><W31/><G31/><T130/><D83/><U88/><E88/><V13/><F47/><W42/><G42/><T91/><D91/><U111/><E111/><V27/><F61/><W92/><G64/><T21/><D109/><U69/><E69/><V100/><F34/><W66/><G66/><T68/><D68/><U107/><E107/><V62/><F62/><W7/><G70/><T29/><D29/><U41/><E41/><V38/><F38/><N who="0" m="14346" /><D28/><U86/><E73/><V11/><F100/><W24/><G24/><T10/><D10/><U53/><E53/><V79/><F79/><W67/><G67/><T78/><D78/><U17/><REACH who="1" step="1"/><E23/><AGARI ba="0,0" hai="20,21,23,81,87,89,128,130" m="14346,51722" machi="23" ten="40,1300,0" yaku="20,1" doraHai="4" who="0" fromWho="1" sc="200,13,330,-13,250,0,220,0" /><INIT seed="3,0,0,0,2,84" ten="213,317,250,220" oya="3" hai0="104,122,40,37,7,43,18,2,123,110,93,120,105" hai1="87,121,103,30,32,81,20,17,112,113,109,130,46" hai2="24,1,60,92,74,55,99,5,38,78,75,51,15" hai3="33,132,64,11,61,41,67,77,79,134,118,102,76"/><W59/><G118/><T19/><D110/><U117/><E109/><V68/><F38/><W97/><G33/><T23/><D19/><U107/><E121/><V100/><F1/><W83/><G41/><T57/><D93/><U69/><E69/><V80/><F74/><W135/><G11/><T65/><D2/><U63/><E117/><V13/><F5/><W116/><G116/><T94/><D7/><U131/><E30/><V88/><F24/><W34/><G34/><T66/><D94/><U129/><E32/><V108/><F108/><W126/><G126/><T49/><D37/><U25/><E63/><V89/><F60/><W115/><G115/><T14/><D43/><U111/><E111/><V53/><F68/><W26/><G26/><T9/><D9/><U36/><E36/><V95/><F55/><W96/><G96/><T16/><D18/><U85/><E85/><V35/><F35/><W124/><G124/><T44/><REACH who="0" step="1"/><D57/><REACH who="0" ten="203,317,250,220" step="2"/><U70/><E70/><V42/><F42/><W91/><G102/><T71/><D71/><U72/><E103/><V48/><F100/><W127/><G127/><T39/><D39/><U58/><E112/><V10/><F10/><W4/><G4/><T56/><D56/><U62/><E113/><V21/><F95/><N who="3" m="56575" /><G83/><T106/><AGARI ba="0,1" hai="14,16,23,40,44,49,65,66,104,105,106,120,122,123" machi="106" ten="40,5200,0" yaku="1,1,0,1,54,1,53,0" doraHai="84" doraHaiUra="27" who="0" fromWho="0" sc="203,62,317,-13,250,-13,220,-26" /><INIT seed="4,0,0,0,3,20" ten="265,304,237,194" oya="0" hai0="129,48,57,78,74,56,22,110,12,86,81,15,32" hai1="23,126,7,1,93,69,111,121,21,97,36,10,18" hai2="103,128,63,28,113,118,44,112,124,33,6,75,88" hai3="8,67,90,3,80,14,45,115,9,119,31,95,4"/><T102/><D32/><U106/><E111/><V38/><F75/><W41/><G119/><T17/><D110/><U120/><E36/><V47/><F118/><W131/><G115/><N who="2" m="44105" /><F103/><W0/><G131/><T34/><D34/><U5/><E69/><V125/><F128/><W55/><G67/><T98/><D129/><U27/><E106/><V58/><F6/><W134/><G134/><T62/><D74/><U84/><E84/><V105/><F105/><W60/><G80/><T135/><D135/><U39/><E39/><V43/><F47/><W123/><G123/><T66/><D12/><U42/><E42/><V35/><F88/><W100/><G100/><T51/><REACH who="0" step="1"/><D57/><REACH who="0" ten="255,304,237,194" step="2"/><U94/><E120/><V2/><F35/><W16/><G0/><T54/><D54/><U61/><E121/><V99/><F2/><W70/><G55/><T83/><D83/><U89/><E1/><V127/><F33/><W76/><G70/><T101/><D101/><U130/><E130/><V71/><F71/><W40/><G3/><T77/><D77/><U65/><E65/><V117/><F117/><W37/><G76/><T85/><D85/><U92/><E97/><V13/><F99/><N who="3" m="57847" /><G40/><T59/><D59/><U133/><E133/><V53/><F13/><W82/><G82/><T46/><D46/><U25/><E93/><AGARI ba="0,1" hai="15,17,22,48,51,56,62,66,78,81,86,93,98,102" machi="93" ten="30,5800,0" yaku="1,1,7,1,8,1,53,0" doraHai="20" doraHaiUra="109" who="0" fromWho="1" sc="255,68,304,-58,237,0,194,0" /><INIT seed="4,1,0,0,4,127" ten="323,246,237,194" oya="0" hai0="32,5,72,115,118,123,10,51,95,89,106,33,60" hai1="9,93,43,90,30,80,24,74,107,79,27,102,92" hai2="64,77,56,19,6,44,52,34,85,119,36,12,117" hai3="104,81,17,97,110,16,70,116,135,87,15,132,26"/><T40/><D118/><N who="2" m="45066" /><F34/><W109/><G70/><T96/><D72/><U57/><E43/><N who="2" m="22631" /><F6/><W0/><G0/><T124/><D123/><U50/><E93/><V82/><F64/><W62/><G62/><T13/><D115/><U131/><E24/><V108/><F108/><W121/><G116/><T130/><D106/><U58/><E9/><V59/><F52/><W112/><G112/><T20/><D60/><U125/><E50/><V35/><F35/><W86/><G121/><T133/><D33/><U71/><E71/><V122/><F122/><W2/><G2/><T8/><D32/><U47/><E47/><V21/><AGARI ba="1,0" hai="12,19,21,56,59,77,82,85" m="22631,45066" machi="21" ten="30,1100,0" yaku="12,1" doraHai="127" who="2" fromWho="2" sc="323,-6,246,-4,237,14,194,-4" /><INIT seed="5,0,0,1,4,81" ten="317,242,251,190" oya="1" hai0="115,96,124,119,93,7,86,17,126,80,6,117,76" hai1="1,37,18,3,28,0,50,2,69,94,128,100,105" hai2="8,42,77,74,106,14,57,46,122,61,43,41,67" hai3="92,75,56,135,65,114,24,9,38,40,59,113,83"/><U19/><E37/><V84/><F122/><W103/><G135/><T30/><D30/><U48/><E69/><V71/><F106/><W39/><G9/><T53/><D53/><U35/><E105/><V88/><F74/><W20/><G75/><T4/><D17/><U23/><E35/><V15/><F77/><W120/><G120/><T73/><D73/><U134/><E134/><V125/><F125/><N who="0" m="48234" /><D115/><N who="3" m="44041" /><G83/><T55/><D55/><U49/><N who="1" m="512" /><DORA hai="98" /><U99/><REACH who="1" step="1"/><E128/><REACH who="1" ten="317,232,251,190" step="2"/><V27/><F71/><W82/><G39/><T52/><D117/><U118/><E118/><V44/><F27/><AGARI ba="0,1" hai="18,19,23,27,28,48,49,50,94,99,100" m="512" machi="27" ten="70,12000,1" yaku="1,1,52,1,53,1" doraHai="81,98" doraHaiUra="21,109" who="1" fromWho="2" sc="317,0,232,130,251,-120,190,0" /><INIT seed="5,1,0,2,0,103" ten="317,362,131,190" oya="1" hai0="88,111,112,125,51,36,26,129,41,34,117,135,48" hai1="69,47,43,61,102,29,39,59,24,18,3,132,44" hai2="54,106,84,0,1,80,60,46,50,8,37,14,67" hai3="62,123,119,86,45,99,120,25,116,105,127,19,49"/><U101/><E132/><V78/><F37/><W91/><G127/><T31/><D111/><U108/><E108/><V22/><F22/><N who="3" m="13535" /><G62/><T13/><D117/><N who="3" m="45129" /><G99/><T66/><D129/><U30/><E69/><V70/><REACH who="2" step="1"/><F106/><REACH who="2" ten="317,362,121,190" step="2"/><W6/><G105/><T38/><D38/><U96/><E39/><V28/><F28/><W55/><G6/><AGARI ba="1,1" hai="0,1,6,8,14,46,50,54,60,67,70,78,80,84" machi="6" ten="30,2000,0" yaku="1,1,7,1,53,0" doraHai="103" doraHaiUra="124" who="2" fromWho="3" sc="317,0,362,0,121,33,190,-23" /><INIT seed="6,0,0,2,1,94" ten="317,362,154,167" oya="2" hai0="72,71,16,82,122,6,93,126,119,7,39,35,76" hai1="100,111,68,121,109,90,75,28,36,9,11,10,3" hai2="25,116,108,103,12,57,58,30,14,38,87,130,78" hai3="74,56,113,46,73,89,40,26,92,49,53,97,69"/><V37/><F116/><W55/><G69/><T27/><D122/><U44/><E68/><V41/><F130/><W105/><G113/><T106/><D106/><U83/><E121/><V1/><F1/><W70/><G70/><T85/><D71/><U98/><E28/><V52/><F108/><W91/><G91/><T8/><D39/><U132/><E132/><V95/><F58/><W86/><G53/><T17/><D126/><U77/><E90/><V81/><F38/><W15/><G26/><T124/><D124/><U33/><E33/><V125/><F125/><W31/><G31/><T60/><D60/><U88/><E88/><V99/><F41/><W65/><G65/><T128/><D128/><U45/><E3/><V32/><REACH who="2" step="1"/><F37/><REACH who="2" ten="317,362,144,167" step="2"/><W13/><G74/><T107/><D72/><U104/><E36/><V48/><AGARI ba="0,1" hai="12,14,25,30,32,48,52,57,78,81,87,95,99,103" machi="48" ten="20,18000,2" yaku="1,1,2,1,0,1,7,1,52,1,54,1,53,1" doraHai="94" doraHaiUra="51" who="2" fromWho="2" sc="317,-60,362,-60,144,190,167,-60" /><INIT seed="6,1,0,3,3,112" ten="257,302,334,107" oya="2" hai0="97,7,24,109,43,36,94,124,110,75,86,4,80" hai1="49,72,56,6,13,83,40,31,115,67,98,121,54" hai2="69,126,122,55,5,35,58,21,33,119,30,133,84" hai3="89,108,92,82,104,85,125,63,96,105,47,18,135"/><V130/><F122/><W93/><G63/><T77/><D124/><U118/><E115/><V59/><F69/><W14/><G108/><T52/><D43/><U15/><E121/><V132/><F126/><W42/><G125/><T61/><D36/><U48/><E67/><V25/><F130/><W131/><G131/><T17/><D110/><U32/><E6/><V45/><F5/><W91/><G135/><N who="2" m="51785" /><F84/><W23/><REACH who="3" step="1"/><G92/><REACH who="3" ten="257,302,334,97" step="2"/><T0/><D94/><U16/><E48/><AGARI ba="1,1" hai="14,18,23,42,47,48,82,85,89,91,93,96,104,105" machi="48" ten="30,3900,0" yaku="1,1,2,1,7,1,53,0" doraHai="112" doraHaiUra="60" who="3" fromWho="1" sc="257,0,302,-42,334,0,97,52" /><INIT seed="7,0,0,5,1,63" ten="257,260,334,149" oya="3" hai0="125,93,43,95,48,106,78,2,115,83,1,28,118" hai1="3,123,133,54,100,109,73,10,34,113,112,69,9" hai2="116,87,132,45,92,119,5,6,7,0,11,108,64" hai3="77,31,128,65,68,30,16,20,40,55,44,90,62"/><W56/><G128/><T130/><D118/><U37/><RYUUKYOKU type="yao9" ba="0,0" sc="257,0,260,0,334,0,149,0" hai1="3,9,10,34,37,54,69,73,100,109,112,113,123,133" /><INIT seed="7,1,0,5,4,57" ten="257,260,334,149" oya="3" hai0="108,71,112,113,4,114,62,86,129,92,67,10,51" hai1="131,6,49,32,125,88,95,36,30,75,63,14,87" hai2="110,37,31,3,12,73,76,99,5,79,25,106,123" hai3="96,52,69,85,84,134,128,59,48,26,1,124,27"/><W18/><G1/><N who="0" m="271" /><D129/><U64/><E36/><V39/><F12/><W56/><G69/><T109/><D51/><U40/><E75/><V45/><F110/><W9/><G128/><T77/><D92/><U16/><E125/><V58/><F58/><W105/><G124/><T111/><D86/><N who="3" m="33385" /><G105/><T22/><D22/><U107/><E107/><V83/><F79/><AGARI ba="1,0" hai="62,67,71,77,79,108,109,111,112,113,114" m="271" machi="79" ten="40,5200,0" yaku="15,1,11,1,52,1" doraHai="57" who="0" fromWho="2" sc="257,55,260,0,334,-55,149,0" owari="312,41.0,260,-14.0,279,8.0,149,-35.0" /></mjloggm>