<mjloggm ver="2.3"><GO type="169" lobby="0"/><UN n0="%E3%83%88%E3%83%88%E3%83%AA%E5%85%88%E7%94%9F%31%39%E6%AD%B3" n1="%E3%81%AB%E3%82%87%E3%82%8D%E3%83%BC%E3%82%93%E8%A9%A6%E4%BD%9C%E6%A9%9F" n2="%4F%4D%41%4E%54%41" n3="%E3%83%AB%E3%83%AB%E5%8F%82%E4%B8%8A" dan="19,17,17,17" rate="2315.75,2179.44,2211.36,2203.79" sx="F,M,M,F"/><TAIKYOKU oya="0"/><INIT seed="0,0,0,0,4,109" ten="250,250,250,250" oya="0" hai0="70,46,73,121,22,28,96,117,76,67,104,40,92" hai1="7,50,106,81,51,77,12,97,69,114,90,15,66" hai2="13,72,41,34,95,68,45,118,107,31,94,98,4" hai3="101,48,71,85,100,25,32,83,35,37,126,39,129"/><T132/><D117/><U42/><E69/><V27/><F72/><W105/><G71/><T62/><D121/><U23/><E66/><V110/><F118/><W33/><G39/><T17/><D132/><U128/><E128/><V60/><F110/><W113/><G37/><T8/><D104/><U80/><E23/><V123/><F123/><W49/><G129/><T119/><D119/><U79/><E90/><V56/><F4/><W65/><G65/><T20/><D28/><U93/><E93/><V88/><F13/><W58/><G100/><T14/><D76/><U111/><E97/><V84/><F68/><W57/><G101/><T55/><D55/><U116/><E116/><V16/><F107/><W11/><G11/><T63/><D63/><U108/><E106/><V1/><F1/><W18/><G126/><T59/><D73/><U26/><E26/><V54/><F16/><W19/><G25/><T91/><REACH who="0" step="1"/><D70/><REACH who="0" ten="240,250,250,250" step="2"/><U89/><E79/><V9/><F41/><W6/><G105/><T125/><D125/><U2/><E77/><V30/><F30/><W120/><G120/><T135/><D135/><U87/><E42/><V99/><F60/><W47/><G35/><T36/><AGARI ba="0,1" hai="8,14,17,20,22,36,40,46,59,62,67,91,92,96" machi="36" ten="20,7800,0" yaku="1,1,0,1,7,1,53,1" doraHai="109" doraHaiUra="10" who="0" fromWho="0" sc="240,88,250,-26,250,-26,250,-26" /><INIT seed="0,1,0,5,2,65" ten="328,224,224,224" oya="0" hai0="7,85,16,123,26,79,131,134,84,29,54,111,119" hai1="11,19,92,2,68,40,108,70,23,33,112,124,121" hai2="133,34,9,61,94,51,57,120,82,38,44,127,32" hai3="104,75,28,49,93,14,3,48,13,35,114,72,30"/><T87/><D119/><U25/><E121/><V91/><F120/><W95/><G104/><T50/><D123/><U129/><E40/><V10/><F38/><W100/><G100/><T8/><D131/><U53/><E108/><V97/><F127/><W12/><G12/><T86/><D134/><U135/><E53/><V117/><F133/><W18/><G18/><T115/><D115/><U31/><E135/><V126/><F126/><W4/><G4/><T77/><D111/><U15/><E124/><V39/><F39/><W109/><G109/><T90/><D29/><U96/><E129/><V1/><F117/><W64/><G64/><T83/><D7/><N who="1" m="1527" /><E112/><V58/><F32/><W98/><G114/><T21/><REACH who="0" step="1"/><D8/><REACH who="0" ten="318,224,224,224" step="2"/><U59/><E59/><AGARI ba="1,1" hai="16,21,26,50,54,59,77,79,83,84,85,86,87,90" machi="59" ten="40,12000,1" yaku="1,1,2,1,8,1,54,1,53,0" doraHai="65" doraHaiUra="66" who="0" fromWho="1" sc="318,133,224,-123,224,0,224,0" /><INIT seed="0,2,0,0,3,55" ten="451,101,224,224" oya="0" hai0="96,90,132,87,24,16,39,76,104,111,74,128,94" hai1="103,44,42,25,115,59,27,88,116,3,31,121,118" hai2="78,73,100,23,95,47,69,56,98,48,101,57,43" hai3="20,97,63,29,22,30,86,65,102,46,117,123,37"/><T28/><D39/><U92/><E121/><V49/><F69/><W114/><G114/><T83/><D128/><U68/><E68/><V66/><F66/><W41/><G117/><T18/><D132/><U11/><E115/><V21/><F100/><W34/><G123/><T71/><D71/><U0/><E103/><V106/><F106/><W13/><G34/><T15/><D111/><U7/><E0/><V80/><REACH who="2" step="1"/><F49/><REACH who="2" ten="451,101,214,224" step="2"/><W35/><G65/><T112/><D112/><U113/><E113/><V51/><F51/><W32/><G102/><N who="0" m="62535" /><D15/><U81/><E118/><V12/><F12/><W133/><G13/><T1/><D1/><U52/><E116/><V14/><F14/><W108/><G108/><T67/><D67/><U79/><E31/><V45/><F45/><W60/><G133/><T93/><D93/><U109/><E109/><V58/><AGARI ba="2,1" hai="21,23,43,47,48,56,57,58,73,78,80,95,98,101" machi="58" ten="30,12000,2" yaku="1,1,0,1,52,3,53,1" doraHai="55" doraHaiUra="89" who="2" fromWho="2" sc="451,-62,101,-32,214,136,224,-32" /><INIT seed="1,0,0,1,4,32" ten="389,69,350,192" oya="1" hai0="41,34,23,0,6,54,19,74,58,86,105,24,28" hai1="93,102,134,83,97,129,72,1,92,112,36,109,43" hai2="132,116,64,42,63,81,90,78,51,12,40,5,124" hai3="30,77,44,48,127,10,70,31,94,2,67,75,113"/><U104/><E112/><V96/><F116/><W61/><G113/><T87/><D105/><U17/><E36/><V16/><F124/><W100/><G127/><T84/><D74/><U62/><E43/><V117/><F117/><W103/><G77/><T130/><D130/><U68/><E129/><V50/><F5/><W22/><G75/><T121/><D121/><U56/><E68/><V29/><F29/><W98/><G100/><T110/><D110/><U82/><E109/><V85/><F132/><W131/><G22/><T33/><D41/><N who="2" m="15978" /><F63/><W114/><G114/><T45/><D45/><U111/><E111/><V26/><F26/><W73/><G73/><T20/><D6/><U39/><E39/><V49/><F64/><W125/><G125/><T25/><REACH who="0" step="1"/><D0/><REACH who="0" ten="379,69,350,192" step="2"/><U14/><E1/><V18/><F12/><W47/><G131/><T66/><D66/><N who="1" m="39239" /><E72/><V27/><F27/><W8/><G2/><T135/><D135/><U119/><E119/><V52/><F52/><W120/><G44/><T38/><D38/><U65/><E65/><V128/><F128/><W69/><G120/><T71/><D71/><U101/><E134/><V3/><F3/><W37/><G37/><T88/><D88/><N who="1" m="55431" /><E104/><V53/><F53/><N who="3" m="29855" /><G70/><T46/><D46/><U118/><E118/><V115/><F115/><W7/><G7/><T21/><D21/><N who="1" m="11447" /><E102/><V76/><F76/><W89/><G103/><T80/><D80/><U126/><E126/><V95/><AGARI ba="0,1" hai="16,18,49,50,51,78,81,85,90,95,96" m="15978" machi="95" ten="30,2000,0" yaku="8,1,54,1" doraHai="32" who="2" fromWho="2" sc="379,-5,69,-10,350,30,192,-5" /><INIT seed="2,0,0,1,2,55" ten="374,59,380,187" oya="2" hai0="123,84,4,108,112,78,92,56,44,100,53,122,93" hai1="40,82,72,131,86,1,5,132,18,0,24,54,79" hai2="90,57,47,37,22,110,58,83,68,117,70,118,42" hai3="51,16,71,119,41,125,97,46,102,85,126,30,8"/><V99/><F22/><W74/><G74/><T39/><D112/><U59/><E131/><V75/><F99/><W69/><G119/><N who="2" m="45577" /><F83/><W19/><G30/><T124/><D4/><U133/><E40/><N who="2" m="22927" /><F90/><W60/><G85/><T12/><D12/><U98/><E98/><V10/><F10/><W88/><G102/><T101/><D84/><U120/><E120/><V114/><F75/><W27/><G19/><T35/><D78/><U80/><E18/><V61/><F114/><W76/><G60/><T81/><D81/><U113/><E113/><V67/><F110/><W25/><G76/><T87/><D35/><U106/><E106/><V65/><F42/><W49/><G27/><T34/><D34/><U127/><E24/><V9/><F9/><W48/><G97/><T45/><D108/><U29/><E29/><V15/><F15/><N who="3" m="7271" /><G88/><T6/><D87/><U20/><E20/><V91/><F91/><W14/><G14/><T17/><D17/><U3/><E5/><V63/><AGARI ba="0,0" hai="57,58,61,63,65,67,68,70" m="22927,45577" machi="63" ten="30,11700,0" yaku="34,2,52,2" doraHai="55" who="2" fromWho="2" sc="374,-39,59,-39,380,117,187,-39" /><INIT seed="2,1,0,2,1,50" ten="335,20,497,148" oya="2" hai0="64,55,126,121,69,94,125,12,16,38,49,13,99" hai1="84,36,93,116,15,85,115,47,51,1,18,135,86" hai2="24,39,54,122,117,120,48,90,70,31,130,46,100" hai3="67,63,82,66,75,6,128,40,25,59,89,23,72"/><V57/><F117/><W104/><G104/><T9/><D121/><U0/><E115/><V134/><F130/><W78/><G128/><T11/><D38/><U61/><E116/><V123/><F70/><W101/><G101/><T77/><D69/><U2/><E135/><V80/><F134/><W102/><G102/><T105/><D105/><U42/><E61/><V60/><F100/><W88/><G75/><T8/><D64/><U56/><E56/><V127/><F39/><W95/><G40/><T76/><D126/><U106/><E106/><V34/><F127/><W22/><G6/><T114/><D114/><U91/><REACH who="1" step="1"/><E36/><REACH who="1" ten="335,10,497,148" step="2"/><V132/><F132/><W35/><G66/><T79/><D125/><U92/><E92/><V112/><F112/><W65/><G65/><T37/><D37/><U71/><E71/><V29/><F60/><W52/><G67/><T73/><D73/><U110/><E110/><V32/><F57/><W119/><G119/><T43/><D94/><U81/><E81/><V124/><F124/><W107/><G107/><T41/><D99/><U33/><E33/><V58/><F58/><W133/><G133/><T53/><D49/><U129/><E129/><V10/><F80/><W68/><G68/><T97/><D97/><U83/><E83/><V30/><F32/><W26/><G35/><T28/><D28/><U98/><E98/><V4/><REACH who="2" step="1"/><F90/><REACH who="2" ten="335,10,487,148" step="2"/><N who="3" m="34923" /><G95/><T103/><D103/><U7/><E7/><V108/><F108/><W87/><G72/><T62/><D62/><U20/><AGARI ba="1,2" hai="0,1,2,15,18,20,42,47,51,84,85,86,91,93" machi="20" ten="30,4000,0" yaku="1,1,0,1,53,1" doraHai="50" doraHaiUra="17" who="1" fromWho="1" sc="335,-11,10,63,487,-21,148,-11" /><INIT seed="3,0,0,2,0,57" ten="324,73,466,137" oya="3" hai0="70,121,135,104,61,4,76,28,58,89,66,127,124" hai1="37,115,63,7,51,79,19,48,50,29,117,67,118" hai2="20,38,33,39,36,114,30,56,85,12,6,78,64" hai3="43,21,16,5,14,86,83,2,9,24,3,10,35"/><W59/><G43/><T41/><D121/><U8/><E115/><V54/><F114/><W122/><G122/><T73/><D104/><U103/><E37/><V65/><F33/><W69/><G69/><T23/><D135/><U128/><E29/><V15/><F78/><W49/><G35/><T108/><D108/><U113/><E113/><V45/><F45/><W77/><REACH who="3" step="1"/><G10/><REACH who="3" ten="324,73,466,127" step="2"/><T90/><D41/><U72/><E128/><V133/><F133/><W34/><G34/><T71/><D71/><U129/><E129/><V119/><F119/><W132/><G132/><T26/><D70/><U27/><E118/><V126/><F38/><W31/><G31/><T101/><D124/><U112/><E117/><V109/><F39/><W134/><G134/><T131/><D127/><U97/><E112/><V80/><F36/><W74/><G74/><T120/><D120/><U22/><E72/><V47/><F30/><W91/><G91/><T107/><D131/><U42/><E79/><V18/><F126/><W123/><G123/><T75/><D75/><U53/><E42/><V111/><F109/><W52/><AGARI ba="0,1" hai="2,3,5,9,14,16,21,24,49,52,59,77,83,86" machi="52" ten="30,11700,0" yaku="1,1,0,1,54,2,53,0" doraHai="57" doraHaiUra="62" who="3" fromWho="3" sc="324,-39,73,-39,466,-39,127,127" /><INIT seed="3,1,0,1,3,106" ten="285,34,427,254" oya="3" hai0="59,92,103,28,23,15,44,120,84,116,124,71,57" hai1="26,63,110,36,43,104,3,119,11,18,134,56,117" hai2="42,46,88,132,99,19,41,64,27,76,35,94,122" hai3="69,50,128,107,68,118,87,38,93,53,0,48,45"/><W72/><G118/><N who="1" m="45066" /><E104/><V2/><F132/><W47/><G107/><T82/><D120/><U5/><E134/><V102/><F2/><W4/><G38/><T1/><D1/><U101/><E101/><V29/><F122/><W97/><G128/><T25/><D71/><U130/><E130/><V32/><F32/><W58/><G72/><T74/><D124/><U37/><E43/><V31/><F76/><W70/><G87/><T6/><D74/><U126/><E126/><V49/><F64/><W112/><G112/><T96/><D116/><U131/><E131/><V34/><F42/><W62/><G4/><T125/><D44/><N who="3" m="16969" /><G93/><T13/><D125/><U39/><E110/><V129/><F129/><W7/><G7/><T111/><D111/><U89/><E89/><V90/><F19/><W61/><G97/><T17/><D6/><U54/><E18/><V60/><F60/><N who="3" m="23147" /><G0/><T51/><D51/><AGARI ba="1,0" hai="48,50,51,53,58,68,69,70" m="23147,16969" machi="51" ten="40,12000,1" yaku="35,5" doraHai="106" who="3" fromWho="0" sc="285,-123,34,0,427,0,254,123" /><INIT seed="3,2,0,5,0,110" ten="162,34,427,377" oya="3" hai0="21,15,107,85,59,62,72,60,115,118,79,83,20" hai1="99,53,54,66,10,98,125,2,47,8,14,49,69" hai2="19,46,28,124,106,114,87,43,48,103,89,31,73" hai3="81,96,27,135,39,97,108,78,18,12,35,126,120"/><W1/><G1/><T7/><D118/><U134/><E134/><V95/><F114/><W11/><G120/><T50/><D107/><U111/><E111/><V40/><F124/><W64/><G108/><T61/><D115/><U57/><E125/><V37/><F73/><W133/><G126/><T23/><D72/><U119/><E119/><V56/><F106/><W91/><G39/><T51/><D59/><U102/><E2/><V93/><F19/><W32/><G64/><T36/><REACH who="0" step="1"/><D36/><REACH who="0" ten="152,34,427,377" step="2"/><U16/><E69/><V116/><F56/><W109/><G109/><T67/><D67/><U121/><E66/><V90/><F116/><W77/><G133/><T65/><D65/><U105/><E121/><V112/><F112/><W38/><G38/><T76/><D76/><U25/><E105/><V45/><F103/><W122/><G78/><T22/><N who="0" m="5120" /><DORA hai="129" /><T100/><D100/><U17/><E102/><V9/><F9/><AGARI ba="2,1" hai="7,9,15,50,51,60,61,62,79,83,85" m="5120" machi="9" ten="60,3900,0" yaku="1,1,8,1,53,0" doraHai="110,129" doraHaiUra="71,130" who="0" fromWho="2" sc="152,55,34,0,427,-45,377,0" /><INIT seed="4,0,0,1,2,130" ten="207,34,382,377" oya="0" hai0="59,134,98,132,125,39,106,63,7,92,105,15,29" hai1="37,79,62,4,100,3,50,103,14,74,55,69,111" hai2="33,18,46,61,123,70,56,51,10,20,120,76,21" hai3="135,17,53,9,32,77,27,5,24,26,87,45,42"/><T25/><D39/><U49/><E111/><V78/><F70/><W36/><G135/><N who="0" m="51755" /><D125/><U117/><E117/><V107/><F33/><W129/><G129/><T110/><D110/><U67/><E37/><V73/><F107/><W30/><G17/><T65/><D15/><U112/><E3/><V115/><F115/><W109/><G53/><T38/><D7/><U19/><E112/><V131/><F10/><W128/><G128/><T41/><D41/><U12/><E74/><V34/><F73/><W0/><G109/><T57/><D57/><N who="1" m="37327" /><E79/><V127/><F76/><W83/><AGARI ba="0,0" hai="0,5,9,24,26,27,30,32,36,42,45,77,83,87" machi="83" ten="30,1100,0" yaku="0,1" doraHai="130" who="3" fromWho="3" sc="207,-5,34,-3,382,-3,377,11" /><INIT seed="5,0,0,3,4,0" ten="202,31,379,388" oya="1" hai0="39,85,99,128,59,127,52,1,76,95,83,64,37" hai1="110,120,107,47,2,133,126,19,61,66,13,92,50" hai2="26,104,80,121,24,15,69,46,41,60,97,4,112" hai3="20,111,129,55,102,8,16,68,57,65,89,22,124"/><U108/><E107/><V63/><F121/><W79/><G111/><N who="1" m="42538" /><E120/><V18/><F112/><W43/><G102/><T45/><D128/><U21/><E133/><V123/><F123/><W34/><G34/><T5/><D64/><U7/><E126/><V117/><F117/><W70/><G79/><T82/><D127/><U29/><E29/><V32/><F80/><W44/><G65/><T105/><D105/><U72/><E72/><V132/><F132/><W93/><G22/><T73/><D45/><U11/><E92/><V58/><F69/><W84/><G8/><T130/><D130/><U134/><E134/><V118/><F32/><W88/><G89/><T28/><D28/><U77/><E77/><V38/><F63/><W96/><G84/><T56/><D83/><U135/><E135/><V86/><F86/><W54/><G129/><T91/><D73/><U109/><N who="1" m="42546" /><U81/><DORA hai="87" /><E81/><V131/><F118/><W48/><G124/><T74/><D74/><U119/><E119/><V9/><F131/><W125/><G125/><T31/><D31/><U78/><E78/><V71/><F71/><W90/><G90/><T51/><D56/><N who="1" m="37159" /><E50/><V101/><REACH who="2" step="1"/><F18/><REACH who="2" ten="202,31,369,388" step="2"/><W42/><G70/><T114/><D76/><U30/><E30/><V33/><F33/><W40/><G68/><T6/><D82/><U49/><E49/><V116/><F116/><W35/><G35/><T103/><D51/><U23/><E47/><V36/><F36/><W27/><G43/><T14/><D37/><U62/><E62/><AGARI ba="0,1" hai="16,20,27,40,42,44,48,54,55,57,62,88,93,96" machi="62" ten="30,12000,2" yaku="7,1,25,2,8,1,52,1,54,2" doraHai="0,87" who="3" fromWho="1" sc="202,0,31,-120,369,0,388,130" owari="202,-20.0,-89,-59.0,369,17.0,518,62.0" /></mjloggm>