<mjloggm ver="2.3"><GO type="169" lobby="0"/><UN n0="%E3%81%B4%E3%83%BC%E3%81%8A%E3%81%8B" n1="%E6%B0%B4%E5%AE%AE%E3%81%97%E3%81%92" n2="%E3%81%98%E3%81%98%E3%81%84%E3%81%8C%E5%91%BC%E3%82%93%E3%81%A0" n3="%E3%83%88%E3%83%88%E3%83%AA%E5%85%88%E7%94%9F%31%39%E6%AD%B3" dan="17,16,17,19" rate="2183.67,2106.80,2216.95,2282.06" sx="M,M,M,F"/><TAIKYOKU oya="0"/><INIT seed="0,0,0,3,0,19" ten="250,250,250,250" oya="0" hai0="131,41,50,69,13,42,79,111,108,114,119,97,28" hai1="29,84,130,107,48,82,43,44,78,62,85,121,2" hai2="5,102,55,40,35,103,61,20,115,22,105,124,93" hai3="133,32,64,92,76,101,34,118,24,104,98,86,37"/><T112/><D69/><U3/><E121/><V52/><F35/><W9/><G118/><T36/><D119/><U71/><E107/><V81/><F105/><W83/><G37/><T74/><D36/><U4/><E130/><V77/><F115/><N who="0" m="44074" /><D131/><U72/><E72/><V49/><F5/><W11/><G133/><T8/><D28/><U110/><E110/><N who="0" m="42025" /><D97/><U15/><E85/><N who="2" m="48303" /><F124/><W10/><G64/><T80/><D50/><U16/><E29/><V70/><F70/><W66/><G66/><T21/><D21/><N who="2" m="8298" /><F61/><W57/><G34/><T109/><N who="0" m="42033" /><T33/><DORA hai="27" /><D33/><U63/><E16/><AGARI ba="0,0" hai="8,13,16,41,42,74,79,80" m="42033,44074" machi="16" ten="40,7700,0" yaku="14,1,10,1,54,1" doraHai="19,27" who="0" fromWho="1" sc="250,77,250,-77,250,0,250,0" /><INIT seed="0,1,0,1,5,131" ten="327,173,250,250" oya="0" hai0="29,10,18,71,53,119,73,79,2,77,24,64,41" hai1="70,49,42,106,111,116,6,134,4,14,17,5,114" hai2="93,3,80,13,58,8,75,60,56,121,101,1,66" hai3="25,28,51,103,82,86,128,38,31,9,83,130,50"/><T78/><D119/><U122/><E116/><V127/><F121/><W88/><G38/><T104/><D104/><U44/><E122/><V52/><F127/><W129/><G103/><T11/><D41/><U107/><E111/><V117/><F117/><W97/><G97/><T112/><D112/><U96/><E114/><V68/><F58/><W34/><G31/><T35/><D18/><U81/><E70/><V55/><F55/><W85/><REACH who="3" step="1"/><G9/><REACH who="3" ten="327,173,250,240" step="2"/><T84/><D11/><U26/><E96/><V115/><F115/><W132/><G132/><T30/><D30/><U91/><E134/><V12/><F101/><W72/><G72/><T59/><D73/><U100/><E100/><V36/><F36/><W109/><G109/><T47/><D10/><U57/><E107/><V126/><F8/><W23/><G23/><T7/><D29/><U65/><E106/><V69/><F75/><W110/><G110/><T94/><D35/><U46/><E4/><V99/><F99/><W108/><G108/><T74/><D7/><U87/><E5/><V61/><F3/><W21/><G21/><T67/><D2/><U125/><E6/><V27/><F1/><W133/><G133/><T16/><D74/><U90/><E125/><V123/><F126/><W40/><G40/><T48/><D84/><U32/><E87/><V89/><F123/><W118/><G118/><T37/><D16/><U45/><E17/><V63/><F69/><W76/><AGARI ba="1,1" hai="25,28,34,50,51,76,82,83,85,86,88,128,129,130" machi="76" ten="30,7900,0" yaku="1,1,0,1,19,1,54,1,53,0" doraHai="131" doraHaiUra="39" who="3" fromWho="3" sc="327,-40,173,-21,250,-21,240,92" /><INIT seed="1,0,0,3,3,58" ten="287,152,229,332" oya="1" hai0="22,18,114,16,36,5,81,107,66,27,39,102,74" hai1="78,131,98,37,0,83,130,7,53,35,49,75,116" hai2="46,85,72,93,135,101,77,111,104,15,110,97,69" hai3="86,59,9,32,112,63,67,51,31,1,89,70,82"/><U65/><E116/><V55/><F69/><W88/><G112/><T47/><D114/><U105/><E37/><V96/><F15/><W20/><G32/><T21/><D5/><U128/><E35/><V61/><F46/><W106/><G106/><T117/><D117/><U118/><E118/><V64/><F55/><W30/><G70/><T62/><D47/><U6/><E65/><V25/><F25/><W92/><G51/><T44/><D44/><N who="1" m="27815" /><E0/><V125/><F72/><W17/><G9/><T129/><D129/><U14/><E14/><V100/><F135/><W91/><G1/><T23/><D23/><U90/><E90/><N who="3" m="34922" /><G82/><T79/><D102/><AGARI ba="0,0" hai="6,7,75,78,83,98,102,105,128,130,131" m="27815" machi="102" ten="30,1500,0" yaku="19,1" doraHai="58" who="1" fromWho="0" sc="287,-15,152,15,229,0,332,0" /><INIT seed="1,1,0,2,0,58" ten="272,167,229,332" oya="1" hai0="114,8,28,80,95,129,40,51,36,133,118,14,87" hai1="115,124,26,19,130,60,52,0,39,3,71,110,96" hai2="21,128,17,6,100,61,7,70,72,37,22,4,48" hai3="122,127,46,16,107,67,120,91,113,49,20,27,83"/><U112/><E39/><V1/><F1/><W11/><G113/><T105/><D114/><N who="1" m="43563" /><E71/><V68/><F72/><W12/><G107/><T134/><D105/><U74/><E74/><V90/><F37/><W73/><G127/><T119/><D36/><U65/><E65/><V97/><F128/><W54/><G67/><T13/><D28/><U116/><E116/><V35/><F35/><W30/><REACH who="3" step="1"/><G91/><REACH who="3" ten="272,167,229,322" step="2"/><T24/><D119/><U63/><E124/><V44/><F90/><W77/><AGARI ba="1,1" hai="11,12,16,20,27,30,46,49,54,73,77,83,120,122" machi="77" ten="30,7900,0" yaku="1,1,2,1,0,1,54,1,53,0" doraHai="58" doraHaiUra="99" who="3" fromWho="3" sc="272,-21,167,-40,229,-21,322,92" /><INIT seed="2,0,0,2,2,53" ten="251,127,208,414" oya="2" hai0="103,27,33,6,68,40,37,76,132,123,119,134,54" hai1="115,96,107,78,19,60,125,50,70,90,121,99,86" hai2="42,100,44,67,47,18,29,84,38,116,92,46,101" hai3="93,21,30,71,3,69,128,22,129,130,114,45,55"/><V59/><F116/><W87/><G3/><T7/><D123/><U36/><E36/><V94/><F38/><W97/><G114/><T49/><D68/><N who="3" m="26185" /><G30/><N who="0" m="19679" /><D76/><U98/><E115/><V122/><F122/><W39/><G87/><T108/><D108/><U63/><E121/><V28/><F42/><N who="3" m="22751" /><G55/><T17/><D103/><AGARI ba="0,0" hai="21,22,93,97,103,128,129,130" m="22751,26185" machi="103" ten="40,1300,0" yaku="19,1" doraHai="53" who="3" fromWho="0" sc="251,-13,127,0,208,0,414,13" /><INIT seed="3,0,0,0,2,25" ten="238,127,208,427" oya="3" hai0="35,106,47,13,29,79,107,11,71,78,1,44,82" hai1="75,2,64,67,0,123,95,53,76,60,81,97,129" hai2="42,74,118,83,133,101,131,85,34,61,33,51,39" hai3="94,28,84,110,63,9,54,24,57,40,109,89,16"/><W120/><G120/><T21/><D71/><U18/><E123/><V27/><F39/><W127/><G127/><T124/><D124/><U126/><E126/><V90/><F118/><W116/><G116/><T52/><D1/><U41/><E129/><V17/><F131/><W113/><G113/><T14/><D35/><U59/><E41/><V68/><F74/><W12/><REACH who="3" step="1"/><G40/><REACH who="3" ten="238,127,208,417" step="2"/><T100/><D107/><U117/><E117/><V87/><F42/><W134/><G134/><T30/><D106/><U92/><E67/><V7/><F133/><W15/><G15/><T58/><D14/><U112/><E112/><V115/><F115/><W125/><G125/><T49/><D13/><U32/><E64/><V132/><F132/><W98/><G98/><T108/><D108/><U45/><E0/><V72/><F33/><AGARI ba="0,1" hai="9,12,16,24,28,33,54,57,63,84,89,94,109,110" machi="33" ten="40,7700,0" yaku="1,1,52,1,54,1,53,0" doraHai="25" doraHaiUra="103" who="3" fromWho="2" sc="238,0,127,0,208,-77,417,87" /><INIT seed="3,1,0,2,1,36" ten="238,127,131,504" oya="3" hai0="107,70,22,111,131,59,128,121,125,130,1,83,31" hai1="5,84,77,78,9,15,43,123,63,126,11,4,47" hai2="41,98,68,79,62,132,100,49,80,115,106,48,23" hai3="53,26,55,29,38,108,72,12,6,8,34,13,64"/><W21/><G72/><T116/><D70/><U133/><E123/><V65/><F115/><W127/><G127/><T30/><D121/><U99/><E126/><V102/><F132/><W114/><G114/><T105/><D125/><U33/><E33/><V96/><F23/><W24/><G38/><T32/><D1/><U28/><E133/><V76/><F76/><W135/><G135/><T73/><D116/><U81/><E28/><V54/><F54/><W88/><G64/><T67/><D111/><U86/><E99/><V20/><F20/><W89/><G108/><T35/><D22/><U45/><E63/><V25/><F25/><W118/><G118/><T124/><D124/><U120/><E120/><V51/><F41/><W91/><REACH who="3" step="1"/><G13/><REACH who="3" ten="238,127,131,494" step="2"/><T101/><D67/><U39/><E15/><V109/><F109/><W0/><G0/><T10/><D131/><U90/><E39/><V87/><REACH who="2" step="1"/><F51/><REACH who="2" ten="238,127,121,494" step="2"/><W46/><G46/><T117/><D117/><U2/><E47/><V122/><F122/><W18/><AGARI ba="1,2" hai="6,8,12,18,21,24,26,29,34,53,55,88,89,91" machi="18" ten="30,6000,0" yaku="1,1,0,1,54,1,53,0" doraHai="36" doraHaiUra="42" who="3" fromWho="3" sc="238,-21,127,-21,121,-21,494,83" /><INIT seed="3,2,0,1,0,61" ten="217,106,100,577" oya="3" hai0="108,72,29,60,96,69,82,119,121,84,9,31,2" hai1="80,116,111,90,73,16,92,21,94,47,30,91,57" hai2="1,75,112,68,101,98,23,87,48,118,115,88,70" hai3="66,102,22,100,36,24,55,38,67,128,113,99,132"/><W103/><G113/><T109/><D121/><U19/><E111/><N who="0" m="42569" /><D72/><U12/><E116/><V114/><F75/><W106/><G128/><T123/><D123/><U44/><E30/><V134/><F118/><W120/><G120/><T5/><D96/><U15/><E73/><V0/><F134/><W6/><G132/><T97/><D97/><N who="1" m="57495" /><E80/><V4/><F48/><W62/><G6/><T41/><D41/><U110/><E57/><V85/><F85/><W104/><G99/><T7/><D7/><U42/><E42/><V28/><F23/><W58/><G36/><T125/><D125/><U54/><E54/><V56/><F56/><W46/><G38/><T3/><D3/><U53/><E53/><V13/><F28/><W20/><G20/><T40/><D40/><U45/><E110/><V126/><F126/><W122/><G122/><T26/><D119/><U49/><E49/><V10/><F1/><W71/><G46/><T51/><D51/><U65/><E65/><V124/><F0/><W64/><REACH who="3" step="1"/><G71/><REACH who="3" ten="217,106,100,567" step="2"/><T89/><D69/><U18/><E21/><V35/><F124/><W127/><G127/><T17/><D5/><U78/><E45/><V37/><F37/><W63/><G63/><T129/><D60/><U107/><E44/><V117/><F117/><W32/><G32/><T43/><D129/><U11/><E47/><V52/><F35/><W105/><G105/><T39/><D39/><U95/><E107/><N who="2" m="63927" /><F70/><W86/><G86/><T8/><D43/><U25/><E11/><N who="0" m="4169" /><D2/><U34/><E34/><V33/><F68/><W77/><G77/><T130/><D130/><RYUUKYOKU ba="2,1" sc="217,15,106,-15,100,-15,567,15" hai0="17,26,29,31,82,84,89" hai3="22,24,55,58,62,64,66,67,100,102,103,104,106" /><INIT seed="3,3,1,3,2,120" ten="232,91,85,582" oya="3" hai0="82,85,26,89,68,100,57,97,92,56,132,37,93" hai1="86,22,29,60,62,94,88,90,108,59,31,19,61" hai2="34,115,25,18,112,106,77,126,63,72,53,33,21" hai3="124,122,38,30,28,129,2,47,10,40,36,0,101"/><W9/><G101/><T17/><D68/><U49/><E108/><V113/><F106/><W67/><G67/><T133/><D37/><N who="3" m="14441" /><G47/><T58/><D17/><U32/><E32/><V8/><F126/><W125/><G40/><T51/><D26/><U7/><E7/><V110/><F110/><W74/><G74/><T12/><D12/><N who="1" m="9575" /><E90/><V98/><F98/><W44/><G44/><T27/><D27/><U64/><E64/><V41/><F41/><W99/><G99/><T45/><REACH who="0" step="1"/><D82/><REACH who="0" ten="222,91,85,582" step="2"/><U13/><E13/><V84/><F115/><W70/><G70/><T134/><D134/><U65/><E65/><V107/><F113/><W76/><G125/><T52/><AGARI ba="3,2" hai="45,51,52,56,57,58,85,89,92,93,97,100,132,133" machi="52" ten="30,4000,0" yaku="1,1,0,1,54,1,53,0" doraHai="120" doraHaiUra="79" who="0" fromWho="0" sc="222,69,91,-13,85,-13,582,-23" /><INIT seed="4,0,0,3,4,6" ten="291,78,72,559" oya="0" hai0="58,118,42,65,71,36,33,31,128,63,57,95,38" hai1="69,62,110,43,29,55,28,67,127,100,99,104,64" hai2="111,8,19,45,90,120,26,7,125,96,50,54,74" hai3="102,1,132,86,25,82,9,0,70,93,84,134,34"/><T2/><D118/><U37/><E110/><V27/><F111/><W47/><G70/><T11/><D128/><U106/><E127/><V126/><F74/><W39/><G39/><T101/><D71/><U109/><E109/><V83/><F120/><W49/><G34/><T79/><D79/><U12/><E67/><V52/><F54/><W89/><G25/><T22/><D58/><U61/><E106/><V131/><F131/><W21/><G21/><T113/><D33/><U115/><E115/><V105/><F105/><W66/><G66/><T3/><D3/><U18/><E55/><V76/><F76/><N who="3" m="46151" /><G102/><T40/><D38/><U80/><E62/><V135/><F135/><N who="3" m="51755" /><G9/><T56/><D36/><U114/><E114/><V129/><F129/><W87/><G87/><T32/><D32/><U41/><E80/><V123/><F123/><W24/><G24/><T77/><D11/><U51/><E37/><V46/><F27/><W16/><G16/><T53/><D22/><U88/><E88/><V107/><F107/><W10/><G10/><T75/><D75/><U78/><E78/><V97/><F83/><W91/><G91/><T48/><D77/><U103/><E103/><V23/><F125/><W5/><G5/><T30/><D113/><U108/><E108/><V73/><F73/><W13/><G13/><T35/><D35/><U81/><E12/><N who="2" m="5151" /><F126/><W4/><G4/><T98/><D2/><U130/><E130/><V59/><F97/><W68/><G68/><T116/><D116/><U122/><E99/><V92/><AGARI ba="0,0" hai="19,23,26,45,46,50,52,59,90,92,96" m="5151" machi="92" ten="30,4000,0" yaku="8,1,52,1,54,1" doraHai="6" who="2" fromWho="2" sc="291,-20,78,-10,72,40,559,-10" /><INIT seed="5,0,0,5,3,102" ten="271,68,112,549" oya="1" hai0="37,35,42,93,104,63,110,90,82,109,10,40,32" hai1="112,27,125,126,122,70,113,52,105,56,12,48,18" hai2="108,85,121,36,19,88,39,116,9,58,59,55,49" hai3="94,60,2,30,31,80,134,86,21,100,76,33,84"/><U133/><E122/><V25/><F108/><W81/><G2/><T103/><D10/><U44/><E27/><V95/><F116/><W28/><G33/><T130/><D130/><U6/><E6/><V69/><F69/><W5/><G134/><T34/><D63/><N who="1" m="36231" /><E133/><V78/><F121/><W43/><G5/><T99/><D37/><U41/><E105/><V120/><F120/><W92/><G43/><T79/><D42/><U29/><E29/><V24/><F78/><N who="3" m="46103" /><G60/><T1/><D40/><U131/><E131/><V62/><F39/><W132/><G132/><T119/><D1/><U128/><E128/><V15/><REACH who="2" step="1"/><F36/><REACH who="2" ten="271,68,102,549" step="2"/><W98/><G92/><T22/><D119/><U16/><E70/><V57/><F57/><W75/><G75/><T8/><D110/><U14/><E126/><V83/><F83/><W26/><AGARI ba="0,1" hai="21,26,28,30,31,76,81,86,94,98,100" m="46103" machi="26" ten="30,1100,0" yaku="8,1" doraHai="102" who="3" fromWho="3" sc="271,-3,68,-5,102,-3,549,21" /><INIT seed="6,0,0,4,0,130" ten="268,63,99,570" oya="2" hai0="119,95,52,86,93,23,18,81,131,15,43,25,74" hai1="134,28,87,109,125,107,72,113,116,75,90,38,7" hai2="79,84,46,16,3,115,127,51,69,67,40,5,42" hai3="27,102,121,71,6,73,94,103,91,62,59,20,129"/><V30/><F115/><W85/><G121/><T92/><D74/><N who="1" m="28203" /><E38/><V34/><F127/><W56/><G73/><T44/><D131/><U4/><E28/><V111/><F111/><W110/><G110/><T21/><D119/><U128/><E128/><V50/><F5/><W33/><G33/><T49/><D43/><U133/><E109/><V55/><F3/><W114/><G114/><T104/><D104/><U0/><E0/><V48/><F69/><W24/><G129/><T39/><D39/><U88/><E113/><V100/><F100/><N who="3" m="38443" /><G71/><T105/><D105/><U78/><E107/><V60/><F67/><N who="3" m="39367" /><G6/><N who="1" m="2090" /><E116/><V122/><F122/><W106/><G106/><T17/><D95/><U36/><E36/><V108/><F108/><W63/><G20/><T13/><D25/><U77/><E125/><V61/><F30/><W96/><G96/><T53/><D53/><AGARI ba="0,0" hai="24,27,53,59,63,85,91,94" m="39367,38443" machi="53" ten="30,1000,0" yaku="8,1" doraHai="130" who="3" fromWho="0" sc="268,-10,63,0,99,0,570,10" /><INIT seed="7,0,0,0,2,77" ten="258,63,99,580" oya="3" hai0="38,45,118,117,4,100,106,99,73,17,40,7,121" hai1="91,65,28,78,103,58,83,122,23,56,98,20,29" hai2="21,125,3,48,86,80,88,25,33,14,104,82,64" hai3="120,22,96,46,36,87,0,113,69,128,68,124,115"/><W112/><G120/><T93/><D17/><U109/><E109/><V79/><F3/><W57/><G0/><T44/><D93/><U134/><E122/><V34/><F104/><W66/><G128/><T8/><D44/><U123/><E123/><V111/><F111/><W15/><G124/><T61/><D61/><U47/><E134/><V129/><F129/><W114/><G114/><T90/><D90/><U63/><E91/><V53/><F14/><W24/><G15/><T135/><D4/><U18/><E47/><V43/><F64/><W107/><G87/><T41/><D41/><U27/><E58/><V131/><F43/><N who="3" m="22887" /><G107/><T60/><D7/><U75/><REACH who="1" step="1"/><E23/><REACH who="1" ten="258,53,99,580" step="2"/><V54/><F125/><W62/><G96/><T97/><D99/><U50/><E50/><V11/><F131/><W71/><G57/><T102/><D97/><U84/><E84/><N who="2" m="48159" /><F33/><W16/><AGARI ba="0,1" hai="16,22,24,62,66,68,69,71,112,113,115" m="22887" machi="16" ten="30,3000,0" yaku="15,1,54,1" doraHai="77" who="3" fromWho="3" sc="258,-10,53,-10,99,-10,580,40" owari="248,5.0,43,-46.0,89,-31.0,620,72.0" /></mjloggm>