<mjloggm ver="2.3"><GO type="169" lobby="0"/><UN n0="%E3%82%82%E3%82%93%E3%81%98%E3%82%83" n1="%E6%84%9A%E5%9C%B0%E2%98%86%E3%81%A8%E3%81%A3%E3%81%BD" n2="%E3%83%A1%E3%82%A4%E3%82%A2%E3%82%AF%E3%83%88" n3="%E3%83%88%E3%83%88%E3%83%AA%E5%85%88%E7%94%9F%31%39%E6%AD%B3" dan="16,17,17,19" rate="2024.53,2187.00,2200.46,2317.73" sx="M,M,M,F"/><TAIKYOKU oya="0"/><INIT seed="0,0,0,3,0,121" ten="250,250,250,250" oya="0" hai0="83,44,84,22,9,74,68,19,61,93,39,91,110" hai1="87,95,24,48,72,124,69,16,120,0,102,99,122" hai2="43,64,133,94,14,63,125,75,103,34,3,53,89" hai3="80,79,13,57,52,128,135,60,78,82,36,25,28"/><T66/><D9/><U73/><E0/><V18/><F3/><W115/><G115/><T21/><D19/><U70/><E124/><V59/><F34/><W46/><G128/><T35/><D35/><U67/><E48/><V65/><F75/><W6/><G135/><T5/><D5/><U98/><E87/><V132/><F125/><W62/><G36/><T114/><D114/><U17/><E95/><V81/><F81/><W30/><G46/><T101/><D74/><U2/><E2/><V107/><F107/><W92/><G60/><T12/><D12/><U112/><E67/><V26/><F103/><W40/><G40/><T45/><D45/><U77/><E77/><N who="3" m="29194" /><G25/><T97/><REACH who="0" step="1"/><D110/><REACH who="0" ten="240,250,250,250" step="2"/><U109/><E109/><V127/><F14/><W105/><G13/><T96/><D96/><U47/><E112/><V123/><F18/><W108/><G6/><T55/><D55/><U38/><E47/><V20/><F53/><W4/><G4/><T49/><D49/><U86/><E38/><V31/><F65/><W10/><G10/><T118/><D118/><U100/><E86/><V129/><F64/><W23/><G108/><T126/><D126/><U37/><E37/><V41/><F127/><W58/><G52/><T106/><D106/><U1/><E1/><V29/><F29/><W131/><G30/><T134/><D134/><U85/><E85/><V116/><F31/><W113/><G105/><T7/><D7/><U90/><E24/><V54/><F26/><W27/><G113/><T32/><D32/><U130/><E130/><V111/><F129/><W51/><G131/><RYUUKYOKU ba="0,1" sc="240,15,250,15,250,-15,250,-15" hai0="21,22,39,44,61,66,68,83,84,91,93,97,101" hai1="16,17,69,70,72,73,90,98,99,100,102,120,122" /><INIT seed="0,1,1,1,3,59" ten="255,265,235,235" oya="0" hai0="39,10,130,126,86,98,23,58,40,99,14,48,13" hai1="16,26,56,1,27,15,36,28,70,113,43,83,9" hai2="85,20,87,120,103,22,68,123,30,122,12,131,121" hai3="61,52,129,88,25,76,47,45,67,73,54,4,111"/><T91/><D39/><U38/><E70/><V77/><F68/><W6/><G111/><T74/><D74/><U0/><E113/><V135/><F131/><W133/><G129/><T33/><D33/><U62/><E83/><V49/><F135/><W7/><G133/><T84/><D130/><U89/><E89/><V46/><F103/><W128/><G128/><T82/><D126/><U3/><E43/><V60/><F30/><W32/><G76/><N who="0" m="46151" /><D23/><U118/><E118/><V24/><F22/><W34/><G73/><T29/><D29/><U134/><E134/><V17/><F77/><W108/><G108/><T127/><D127/><U8/><E8/><V101/><F101/><W31/><G34/><T95/><D14/><U55/><REACH who="1" step="1"/><E26/><REACH who="1" ten="255,255,235,235" step="2"/><V90/><F24/><W116/><G116/><T69/><D69/><U100/><E100/><V64/><F90/><W93/><G45/><N who="0" m="25639" /><D58/><U18/><E18/><AGARI ba="1,2" hai="10,13,18,86,91,95,98,99" m="25639,46151" machi="18" ten="30,1500,0" yaku="8,1" doraHai="59" who="0" fromWho="1" sc="255,38,255,-18,235,0,235,0" /><INIT seed="0,2,0,0,3,35" ten="293,237,235,235" oya="0" hai0="36,99,5,90,19,68,1,52,27,70,125,42,103" hai1="128,130,97,61,120,91,9,25,100,8,45,28,124" hai2="105,39,64,56,22,94,23,72,78,110,74,53,16" hai3="81,112,26,117,135,67,51,71,58,115,13,0,46"/><T108/><D90/><U54/><E120/><V50/><F105/><W126/><G117/><T43/><D125/><U12/><E124/><V92/><F39/><W41/><G126/><T33/><D52/><U88/><E45/><V15/><F110/><W44/><G135/><T106/><D108/><U2/><E54/><V48/><F48/><W6/><G71/><T77/><D77/><U18/><E61/><V60/><F23/><W57/><G26/><T11/><D43/><U84/><E2/><V131/><F131/><N who="1" m="50217" /><E9/><V87/><F94/><W4/><G81/><T95/><D95/><N who="1" m="58431" /><E84/><V63/><F63/><W119/><G67/><T96/><D96/><U20/><AGARI ba="2,0" hai="8,12,18,20,25,28,88,91" m="58431,50217" machi="20" ten="30,2000,0" yaku="19,1,54,1" doraHai="35" who="1" fromWho="1" sc="293,-12,237,26,235,-7,235,-7" /><INIT seed="1,0,0,0,5,71" ten="281,263,228,228" oya="1" hai0="70,65,92,25,38,16,2,101,105,31,47,61,46" hai1="127,117,122,66,35,11,133,79,48,111,10,37,13" hai2="103,69,21,9,125,121,36,44,72,26,50,129,118" hai3="112,57,107,135,85,86,93,130,124,24,45,63,12"/><U96/><E122/><V67/><F72/><W32/><G107/><T128/><D2/><U27/><E117/><V30/><F118/><W87/><G112/><T54/><D128/><U42/><E79/><V99/><F121/><W62/><G130/><T89/><D54/><U76/><E76/><V95/><F125/><W100/><G124/><T41/><D47/><U120/><E120/><V123/><F123/><W5/><G135/><T83/><D83/><U43/><E127/><V91/><F129/><W115/><G115/><T49/><D16/><U29/><E133/><V56/><F69/><W80/><G32/><T22/><D105/><U17/><E111/><V113/><F113/><W19/><G24/><T114/><D114/><U64/><E96/><V106/><F9/><W82/><G5/><T7/><D7/><U110/><E110/><V23/><F23/><N who="3" m="11751" /><G45/><T60/><D60/><N who="3" m="23081" /><G57/><T40/><D40/><U55/><E11/><V6/><F6/><W109/><G109/><T52/><D101/><U90/><E43/><V20/><F56/><W18/><G18/><T119/><D119/><U75/><E75/><V94/><F106/><W39/><G39/><T134/><D134/><U102/><E102/><V8/><F36/><W58/><G58/><T98/><D49/><U126/><E126/><V131/><F50/><W81/><G100/><T132/><D132/><U108/><E108/><V14/><F131/><W104/><G104/><T3/><D3/><U78/><E42/><V15/><F44/><W4/><G4/><T68/><D68/><U59/><E10/><V73/><F103/><RYUUKYOKU ba="0,0" sc="281,15,263,-15,228,-15,228,15" hai0="22,25,31,38,41,46,52,61,65,70,89,92,98" hai3="80,81,82,85,86,87,93" /><INIT seed="2,1,0,5,2,102" ten="296,248,213,243" oya="2" hai0="52,57,74,36,22,100,129,51,2,135,112,59,46" hai1="127,17,39,7,5,116,83,89,49,109,60,76,11" hai2="69,94,25,131,123,56,42,97,118,87,72,12,90" hai3="114,121,132,38,120,58,32,86,37,23,54,99,3"/><V19/><F69/><W34/><G3/><T117/><D112/><U91/><E39/><V79/><F123/><W6/><G114/><T18/><D2/><U119/><E109/><V85/><F118/><W81/><G6/><T95/><D74/><U0/><E127/><V64/><F72/><W29/><G132/><T98/><D135/><U40/><E60/><V68/><F68/><W103/><G23/><T4/><D4/><U55/><E40/><V13/><F42/><W62/><G38/><T66/><D117/><U115/><E115/><V35/><F131/><W44/><G37/><T105/><D129/><U26/><E5/><V30/><F13/><W82/><G44/><T125/><D125/><U108/><E108/><V126/><F79/><W93/><G81/><T70/><D36/><U107/><E107/><V77/><F77/><W128/><G128/><T1/><D1/><U113/><E113/><V33/><F33/><W88/><REACH who="3" step="1"/><G29/><REACH who="3" ten="296,248,213,233" step="2"/><T48/><D46/><N who="1" m="28087" /><E119/><V75/><F126/><W28/><G28/><T96/><D22/><N who="1" m="13647" /><E116/><V80/><F30/><W63/><G63/><T61/><D18/><U9/><E7/><V104/><F19/><W20/><G20/><T84/><D61/><U110/><E0/><V15/><F80/><W111/><G111/><T31/><D31/><U92/><E110/><V78/><F35/><AGARI ba="1,1" hai="32,34,35,54,58,62,82,86,88,93,99,103,120,121" machi="35" ten="40,2600,0" yaku="1,1,54,1,53,0" doraHai="102" doraHaiUra="73" who="3" fromWho="2" sc="296,0,248,0,213,-29,233,39" /><INIT seed="3,0,0,0,1,43" ten="296,248,184,272" oya="3" hai0="14,83,32,99,122,131,22,42,120,90,96,24,81" hai1="30,33,58,0,125,78,15,45,48,106,111,87,104" hai2="91,77,16,52,85,29,11,21,25,97,110,117,88" hai3="114,68,27,44,128,13,124,84,55,20,72,54,103"/><W1/><G114/><T18/><D131/><U26/><E0/><V127/><F117/><W9/><G1/><T79/><D42/><U89/><E111/><V12/><F110/><W34/><G72/><T53/><D53/><U115/><E115/><V49/><F127/><W92/><G34/><T93/><D96/><U134/><E134/><V62/><F62/><W133/><G68/><T76/><D32/><U47/><E78/><V109/><F109/><W119/><G119/><T126/><D126/><U69/><E69/><V59/><F97/><N who="3" m="59815" /><G133/><T116/><D116/><U40/><E125/><V19/><F29/><N who="3" m="17639" /><G128/><T35/><D35/><U8/><E58/><V57/><F57/><W70/><G70/><T132/><D132/><U135/><E47/><V17/><F17/><N who="3" m="8367" /><G124/><T36/><D36/><U98/><E98/><V71/><F71/><W61/><G61/><T101/><D101/><U82/><REACH who="1" step="1"/><E135/><REACH who="1" ten="296,238,184,272" step="2"/><V80/><AGARI ba="0,1" hai="11,12,16,19,21,25,49,52,59,77,80,85,88,91" machi="80" ten="30,8000,1" yaku="0,1,8,1,54,3" doraHai="43" who="2" fromWho="2" sc="296,-20,238,-20,184,90,272,-40" /><INIT seed="4,0,0,0,1,3" ten="276,218,274,232" oya="0" hai0="52,110,102,30,111,112,24,109,89,4,78,91,63" hai1="42,94,37,131,43,45,19,75,132,39,125,14,82" hai2="55,124,44,85,58,127,27,12,123,83,67,16,98" hai3="62,40,15,90,29,72,57,26,56,92,66,71,9"/><T118/><D118/><U68/><E131/><V120/><F27/><W6/><G72/><T105/><D112/><U99/><E125/><V113/><F113/><W106/><G106/><T34/><D78/><U53/><E132/><V134/><F134/><W5/><G40/><T8/><D102/><U22/><E68/><V117/><F117/><W76/><G76/><T13/><D105/><U47/><E82/><V107/><F67/><W96/><REACH who="3" step="1"/><G6/><REACH who="3" ten="276,218,274,222" step="2"/><T1/><REACH who="0" step="1"/><D1/><REACH who="0" ten="266,218,274,222" step="2"/><U2/><E2/><V17/><F127/><W81/><G81/><T41/><D41/><U60/><E75/><V129/><F83/><W28/><G28/><T74/><D74/><U21/><E42/><V48/><F124/><W61/><G61/><T126/><D126/><U116/><E116/><V101/><F123/><W93/><G93/><T128/><D128/><U32/><E60/><V18/><F120/><W115/><G115/><T20/><D20/><AGARI ba="0,2" hai="5,9,15,20,26,29,56,57,62,66,71,90,92,96" machi="20" ten="30,3900,0" yaku="1,1,7,1,52,1,53,0" doraHai="3" doraHaiUra="104" who="3" fromWho="0" sc="266,-39,218,0,274,0,222,59" /><INIT seed="5,0,0,3,1,59" ten="227,218,274,281" oya="1" hai0="96,39,0,72,55,97,90,66,68,132,82,10,29" hai1="56,79,35,26,32,122,101,94,129,119,63,77,117" hai2="43,114,121,102,113,49,48,124,12,93,75,9,112" hai3="22,100,61,37,135,58,4,52,42,85,73,51,69"/><U123/><E129/><V108/><F108/><W34/><G73/><T104/><D39/><U41/><E41/><V54/><F75/><W13/><G34/><T118/><D118/><U18/><E101/><V127/><F121/><W6/><G135/><T107/><D29/><U46/><E46/><V76/><F76/><W92/><G37/><T133/><D55/><U125/><E94/><V33/><F33/><W105/><G105/><N who="0" m="40523" /><D66/><U19/><E56/><V2/><F2/><W45/><G69/><T111/><D68/><U86/><E86/><V74/><F74/><W24/><G13/><T88/><D10/><U36/><E36/><V14/><F14/><W67/><G42/><T7/><D7/><U62/><REACH who="1" step="1"/><E26/><REACH who="1" ten="227,208,274,281" step="2"/><V81/><F43/><W50/><G85/><T126/><D133/><U5/><E5/><V11/><F93/><W30/><G50/><T128/><D132/><U31/><E31/><V84/><F49/><W20/><G92/><T65/><D128/><U78/><E78/><V1/><F102/><W57/><G100/><T98/><D72/><U91/><E91/><V110/><F84/><W130/><G130/><T106/><D106/><U47/><E47/><V99/><F48/><W3/><G45/><T83/><D90/><U53/><E53/><V21/><F113/><W23/><G6/><T44/><D44/><U116/><E116/><V131/><F114/><W115/><G115/><T16/><D88/><U60/><E60/><V120/><F112/><W40/><G40/><T70/><D98/><U15/><E15/><V64/><F131/><W80/><G80/><RYUUKYOKU ba="0,1" sc="227,-15,208,15,274,-15,281,15" hai1="18,19,32,35,62,63,77,79,117,119,122,123,125" hai3="3,4,20,22,23,24,30,51,52,57,58,61,67" /><INIT seed="5,1,1,2,1,85" ten="212,223,259,296" oya="1" hai0="135,37,78,129,131,77,121,90,99,18,86,62,13" hai1="35,61,73,24,134,0,51,100,82,16,33,49,104" hai2="88,76,87,11,38,84,48,5,10,72,112,17,28" hai3="40,53,93,111,80,67,123,118,39,27,122,14,125"/><U98/><E0/><V55/><F38/><W42/><G111/><T6/><D37/><U65/><E134/><V128/><F72/><W64/><G125/><T50/><D135/><U127/><E127/><V12/><F128/><N who="0" m="49226" /><D6/><U68/><E35/><V110/><F110/><W71/><G118/><T69/><D99/><U83/><E16/><V54/><F28/><W117/><G117/><T81/><D121/><U44/><E73/><V21/><F112/><W66/><G71/><T89/><D89/><U4/><E4/><V7/><F84/><W59/><G39/><T116/><D50/><U108/><E108/><V22/><F76/><W74/><G74/><T46/><D46/><U106/><E106/><V130/><F130/><W120/><G80/><T102/><D102/><U97/><E97/><V15/><F48/><W30/><G93/><T94/><D94/><U23/><E23/><N who="2" m="8715" /><F17/><W41/><G122/><T60/><D116/><U29/><REACH who="1" step="1"/><E49/><REACH who="1" ten="212,213,259,296" step="2"/><V115/><F115/><W52/><G120/><T114/><D114/><U58/><E58/><V133/><F133/><W119/><G59/><T103/><D69/><U79/><E79/><N who="0" m="30217" /><D103/><U126/><E126/><V43/><F7/><W96/><G123/><T75/><D75/><U26/><E26/><V34/><F5/><W57/><G119/><T91/><D91/><U63/><E63/><V32/><F88/><W124/><G124/><T8/><AGARI ba="1,2" hai="8,13,18,60,62,81,86,90" m="30217,49226" machi="8" ten="30,2000,0" yaku="19,1,52,1" doraHai="85" who="0" fromWho="0" sc="212,43,213,-11,259,-6,296,-6" /><INIT seed="6,0,0,0,2,46" ten="255,202,253,290" oya="2" hai0="17,61,14,69,133,109,3,34,65,85,40,45,106" hai1="94,4,110,71,122,32,35,9,131,83,0,19,86" hai2="66,12,127,42,88,90,50,74,59,38,24,22,57" hai3="99,53,11,23,128,39,73,64,18,121,8,96,135"/><V132/><F74/><W105/><G121/><T103/><D3/><U111/><E71/><V7/><F132/><W36/><G73/><T54/><D109/><U25/><E94/><V108/><F38/><W16/><G23/><T129/><D133/><U84/><E84/><V68/><F108/><N who="1" m="41513" /><E86/><V47/><F127/><W79/><G135/><T75/><D75/><U72/><E83/><V93/><F68/><W78/><G53/><T67/><D67/><U76/><E76/><V20/><F66/><W30/><G30/><T125/><D85/><U119/><E72/><V63/><F59/><W95/><G64/><T134/><D54/><U98/><E98/><N who="2" m="57639" /><F24/><W124/><G95/><T118/><D134/><U113/><E122/><V104/><F104/><W43/><G124/><T44/><D125/><U5/><E119/><V27/><F27/><W15/><G105/><T62/><D118/><U123/><E123/><V70/><F90/><W29/><G39/><T55/><D65/><U82/><E35/><V100/><F100/><W10/><G36/><N who="0" m="21511" /><D34/><U112/><E32/><V33/><F70/><W21/><G79/><T120/><D120/><U114/><E82/><V26/><F26/><N who="3" m="16591" /><G78/><T107/><D69/><U87/><E87/><V31/><F33/><W92/><G96/><T116/><D116/><U126/><E126/><V60/><F31/><W56/><G99/><T1/><D107/><U91/><E91/><V2/><F63/><W77/><G92/><T115/><D106/><U101/><E101/><V117/><F117/><W58/><G77/><T6/><D103/><U49/><E113/><RYUUKYOKU ba="0,0" sc="255,0,202,0,253,0,290,0" /><INIT seed="7,1,0,5,4,44" ten="255,202,253,290" oya="3" hai0="21,12,109,53,23,111,30,0,95,82,122,71,100" hai1="36,106,104,107,47,57,97,61,116,48,28,50,64" hai2="73,74,14,58,55,77,92,113,15,32,124,35,42" hai3="38,67,117,65,54,33,25,13,134,131,45,98,76"/><W128/><G117/><T5/><D0/><U118/><E28/><V91/><F42/><N who="3" m="22743" /><G134/><T7/><D71/><U2/><E2/><V9/><F113/><W105/><G76/><T52/><D82/><U62/><E97/><V18/><F124/><W123/><G123/><T78/><D78/><U120/><E120/><V20/><F74/><W119/><G119/><N who="1" m="45610" /><E62/><V11/><F77/><W112/><G112/><T17/><D122/><U114/><E114/><V10/><F73/><W19/><G54/><N who="0" m="21099" /><D109/><U84/><E84/><N who="2" m="52327" /><F35/><W39/><G39/><T110/><D110/><U59/><E59/><V93/><F93/><W69/><G69/><T72/><D72/><U99/><E99/><V3/><F3/><W125/><G125/><T51/><D95/><U132/><E132/><V43/><F43/><AGARI ba="1,0" hai="36,43,47,48,50,57,61,64,104,106,107" m="45610" machi="43" ten="40,5200,0" yaku="12,1,52,2" doraHai="44" who="1" fromWho="2" sc="255,0,202,55,253,-55,290,0" /><INIT seed="8,0,0,5,4,57" ten="255,257,198,290" oya="0" hai0="82,50,47,115,30,84,45,25,64,128,111,37,10" hai1="40,38,72,61,86,103,17,93,70,1,13,77,79" hai2="46,66,60,48,56,74,101,0,90,129,39,52,83" hai3="8,26,123,22,5,21,107,68,19,108,36,121,80"/><T88/><D115/><U28/><E1/><V14/><F0/><N who="3" m="39" /><G68/><T75/><D75/><U69/><E72/><V4/><F129/><W67/><G67/><T95/><D128/><U98/><E28/><V102/><F39/><W124/><G107/><T133/><D37/><U35/><E35/><V109/><F109/><W78/><G36/><T120/><D120/><N who="3" m="46153" /><G22/><N who="0" m="15671" /><D133/><U29/><E70/><V9/><REACH who="2" step="1"/><F90/><REACH who="2" ten="255,257,188,290" step="2"/><W42/><G108/><T32/><D111/><U6/><E38/><V99/><F99/><W44/><G124/><T16/><D32/><U49/><E98/><V96/><F96/><W31/><G78/><AGARI ba="0,1" hai="4,9,14,46,48,52,56,60,66,74,78,83,101,102" machi="78" ten="40,5200,0" yaku="1,1,52,1,54,1,53,0" doraHai="57" doraHaiUra="113" who="2" fromWho="3" sc="255,0,257,0,188,62,290,-52" /><INIT seed="9,0,0,0,3,33" ten="255,257,250,238" oya="1" hai0="49,40,37,6,21,20,63,50,16,80,64,43,53" hai1="23,35,107,10,116,39,97,58,72,104,117,22,19" hai2="48,66,76,122,131,127,75,54,47,62,95,56,86" hai3="129,38,61,55,18,110,79,111,112,4,8,120,13"/><U0/><E72/><V125/><F75/><W45/><G120/><T51/><D37/><U52/><E39/><V46/><F122/><W12/><G112/><T15/><D53/><U70/><E35/><V88/><F76/><W130/><G79/><T115/><D115/><U65/><E65/><V109/><F109/><W134/><G134/><T59/><D6/><N who="1" m="1351" /><E70/><V57/><REACH who="2" step="1"/><F131/><REACH who="2" ten="255,257,240,238" step="2"/><N who="3" m="50187" /><G38/><T5/><D5/><U119/><E97/><V133/><F133/><W9/><G45/><AGARI ba="0,1" hai="45,46,47,48,54,56,57,62,66,86,88,95,125,127" machi="45" ten="40,2600,0" yaku="1,1,54,1,53,0" doraHai="33" doraHaiUra="30" who="2" fromWho="3" sc="255,0,257,0,240,36,238,-26" /><INIT seed="10,0,0,0,0,104" ten="255,257,276,212" oya="2" hai0="88,72,2,38,79,1,60,8,95,81,90,111,133" hai1="92,123,24,16,6,44,91,42,101,61,18,115,108" hai2="56,109,49,124,53,41,12,32,127,3,47,70,85" hai3="77,113,129,69,75,71,66,14,82,67,107,7,98"/><V21/><F3/><W35/><G35/><T97/><D38/><U50/><E108/><V23/><F32/><W28/><G28/><T57/><D111/><U126/><E115/><V37/><F109/><W29/><G29/><T51/><D51/><U36/><E126/><V130/><F130/><W84/><G129/><T20/><D133/><U15/><E101/><V63/><F85/><W112/><G67/><T122/><D122/><U62/><E36/><V100/><F100/><N who="3" m="62871" /><G66/><T19/><D90/><U87/><E123/><V33/><F33/><W68/><G14/><T10/><D2/><U25/><E6/><V74/><F74/><N who="3" m="43319" /><G7/><T105/><D105/><U13/><E25/><V48/><F48/><W65/><G65/><T132/><D132/><U58/><E24/><V26/><F12/><W121/><G121/><T73/><D73/><U86/><E86/><V46/><F23/><W135/><G135/><T4/><D8/><N who="1" m="6183" /><E58/><V119/><F70/><W52/><G84/><T96/><D96/><U83/><E92/><V27/><F27/><W93/><G93/><T9/><D9/><AGARI ba="0,0" hai="9,15,18,42,44,50,61,62,83,87,91" m="6183" machi="9" ten="30,2000,0" yaku="8,1,54,1" doraHai="104" who="1" fromWho="0" sc="255,-20,257,20,276,0,212,0" /><INIT seed="11,0,0,3,5,125" ten="235,277,276,212" oya="3" hai0="128,30,6,9,117,39,83,106,64,41,98,131,49" hai1="59,120,126,135,56,75,46,4,27,24,103,90,13" hai2="95,82,68,25,104,60,100,16,111,94,92,78,127" hai3="119,34,36,86,28,108,81,52,67,42,54,130,87"/><W35/><G119/><T118/><D39/><U74/><E103/><V0/><F0/><W22/><G108/><T107/><D64/><U1/><E1/><V10/><F111/><W66/><G130/><N who="0" m="49707" /><D30/><U43/><E75/><V51/><F104/><N who="0" m="39978" /><D98/><U122/><E74/><V133/><F100/><W50/><G36/><T129/><D83/><U123/><E126/><V124/><F124/><W97/><G97/><T79/><D79/><U11/><E135/><V134/><F127/><W112/><G112/><T14/><D129/><U99/><E120/><V37/><F37/><W121/><G121/><T48/><D41/><U89/><E122/><V88/><F82/><W132/><G132/><T58/><D58/><N who="1" m="22059" /><E123/><V84/><F78/><N who="3" m="46391" /><G35/><T80/><D80/><U76/><E76/><V85/><F134/><W40/><G34/><T26/><D26/><N who="1" m="9771" /><E99/><V105/><F105/><W18/><G87/><T45/><D45/><U47/><E47/><V53/><F85/><W44/><G28/><T2/><D2/><U12/><E46/><N who="2" m="27895" /><F133/><W15/><G54/><T102/><D102/><U62/><E43/><AGARI ba="0,0" hai="15,18,22,40,42,43,44,50,52,66,67" m="46391" machi="43" ten="30,2900,0" yaku="8,1,54,1" doraHai="125" who="3" fromWho="1" sc="235,0,277,-29,276,0,212,29" /><INIT seed="11,1,0,3,2,17" ten="235,248,276,241" oya="3" hai0="122,42,119,5,85,64,25,21,135,92,82,51,103" hai1="123,126,94,112,24,6,128,38,50,41,120,46,113" hai2="23,104,37,10,70,19,110,1,125,12,66,97,65" hai3="69,127,117,91,87,90,32,15,54,43,81,130,18"/><W68/><G32/><T63/><D122/><N who="1" m="46635" /><E94/><V48/><F110/><W55/><G117/><T78/><D119/><U39/><E24/><V14/><F37/><N who="1" m="13833" /><E6/><V33/><F33/><W131/><G43/><T100/><D135/><U4/><E4/><V56/><F70/><W58/><G55/><T80/><D5/><U59/><E128/><N who="3" m="49194" /><G91/><N who="0" m="53359" /><D64/><U40/><E126/><V101/><F125/><W61/><G127/><T13/><D13/><U118/><E118/><V47/><F56/><W89/><G89/><T133/><D63/><U77/><E77/><V20/><F1/><W44/><G44/><N who="0" m="26007" /><D133/><U109/><E109/><V29/><F14/><W49/><G61/><T83/><D78/><U8/><E41/><V121/><F121/><W98/><G98/><T124/><D124/><U3/><E3/><V79/><F79/><W95/><G81/><T2/><D2/><U62/><E8/><AGARI ba="1,0" hai="8,15,18,49,54,58,68,69,87,90,95" m="49194" machi="8" ten="30,1500,0" yaku="19,1" doraHai="17" who="3" fromWho="1" sc="235,0,248,-18,276,0,241,18" /><INIT seed="11,2,0,1,0,84" ten="235,230,276,259" oya="3" hai0="88,100,21,106,92,31,81,49,77,125,38,98,111" hai1="76,123,109,17,19,133,97,117,23,102,122,127,68" hai2="61,67,55,26,118,99,12,9,119,69,28,79,46" hai3="33,128,48,85,104,86,30,78,16,3,89,47,51"/><W94/><G104/><T59/><D38/><U108/><E68/><V66/><F66/><W120/><G120/><N who="1" m="46122" /><E23/><V80/><F99/><W56/><G3/><T53/><D125/><U121/><N who="1" m="46130" /><U50/><DORA hai="11" /><E50/><V129/><F129/><W25/><G128/><T112/><D112/><U15/><E19/><V57/><F46/><W7/><G7/><T114/><D114/><U126/><E17/><V132/><F132/><W73/><G73/><T130/><D130/><U65/><E15/><V39/><F39/><W5/><G5/><T135/><D111/><N who="1" m="42571" /><E65/><V124/><F124/><N who="1" m="47657" /><E76/><V43/><F43/><W105/><G16/><T29/><D21/><U37/><E37/><V115/><F12/><W20/><G33/><T87/><D135/><U95/><E133/><V40/><F40/><W107/><G56/><T6/><D6/><U134/><E134/><V70/><F9/><W10/><G51/><T116/><D116/><AGARI ba="2,0" hai="95,97,102,116,117" m="47657,42571,46130" machi="116" ten="50,6400,0" yaku="18,1,34,2" doraHai="84,11" who="1" fromWho="0" sc="235,-70,230,70,276,0,259,0" owari="165,-33.0,300,39.0,276,8.0,259,-14.0" /></mjloggm>