<mjloggm ver="2.3"><GO type="169" lobby="0"/><UN n0="%E3%82%A6%E3%83%AB%E3%83%88%E3%83%A9%E7%AB%8B%E7%9B%B4" n1="%E5%A4%A7%E5%B9%B4%E5%AF%BA%E4%B8%89%E9%83%8E%E5%A4%AA" n2="%52%4F%4C%4C%59" n3="%37%66%75%6B%75%6A%69%6E" dan="19,16,16,17" rate="2332.01,2136.33,2134.35,2117.37" sx="M,M,M,M"/><TAIKYOKU oya="0"/><INIT seed="0,0,0,1,2,34" ten="250,250,250,250" oya="0" hai0="32,55,91,73,121,101,106,22,125,41,56,2,29" hai1="9,68,0,78,57,6,89,67,86,61,13,87,10" hai2="31,115,85,30,113,130,24,36,71,75,72,104,8" hai3="51,1,70,53,133,102,20,111,76,108,18,109,80"/><T25/><D121/><U64/><E78/><V15/><F104/><W45/><G70/><T93/><D73/><U14/><E87/><V44/><F71/><W135/><G102/><T126/><D41/><U123/><E123/><V38/><F130/><W79/><G1/><T116/><D116/><U65/><E68/><V127/><F127/><N who="0" m="48650" /><D101/><U69/><E69/><V52/><F75/><W39/><G39/><T95/><D106/><U4/><REACH who="1" step="1"/><E0/><REACH who="1" ten="250,240,250,250" step="2"/><V46/><F85/><N who="3" m="48263" /><G79/><T105/><D2/><U62/><E62/><V129/><F72/><W117/><G117/><T7/><D105/><U81/><AGARI ba="0,1" hai="4,6,9,10,13,14,57,61,64,65,67,81,86,89" machi="81" ten="20,12000,2" yaku="1,1,0,1,7,1,9,1,8,1,53,1" doraHai="34" doraHaiUra="77" who="1" fromWho="1" sc="250,-60,240,130,250,-30,250,-30" /><INIT seed="1,0,0,2,5,41" ten="190,370,220,220" oya="1" hai0="42,117,85,82,28,58,75,6,4,62,92,49,25" hai1="59,64,24,106,43,98,119,108,46,81,95,77,125" hai2="96,76,9,26,60,68,71,132,63,123,61,13,32" hai3="91,1,103,97,14,93,134,111,48,17,78,102,34"/><U45/><E119/><V116/><F116/><W20/><G1/><T124/><D75/><U70/><E70/><V100/><F123/><W118/><G34/><T114/><D124/><U55/><E106/><V88/><F132/><W35/><G35/><T94/><D114/><U79/><E64/><V29/><F76/><N who="1" m="29257" /><E43/><V113/><F113/><W44/><G111/><T67/><D117/><U115/><E115/><V3/><F3/><W66/><G134/><T83/><D6/><U69/><E69/><V84/><F96/><W87/><G66/><T7/><D4/><U36/><E36/><V2/><F2/><W33/><G33/><T129/><D7/><U126/><E81/><V105/><F100/><W22/><G22/><T110/><D110/><U101/><E24/><V23/><F32/><W131/><G131/><T38/><D38/><U65/><E65/><V16/><REACH who="2" step="1"/><F105/><REACH who="2" ten="190,370,210,220" step="2"/><W11/><G118/><T112/><D112/><U12/><E108/><V74/><F74/><W19/><G103/><T27/><D129/><U54/><E126/><V15/><F15/><W89/><G78/><T31/><D27/><U47/><E125/><V90/><F90/><W120/><G120/><T30/><D25/><U104/><E104/><V99/><F99/><W56/><G87/><T109/><D109/><U18/><E59/><V10/><F10/><AGARI ba="0,1" hai="10,12,18,45,46,47,54,55,95,98,101" m="29257" machi="10" ten="30,11600,0" yaku="8,1,52,3" doraHai="41" who="1" fromWho="2" sc="190,0,370,126,210,-116,220,0" /><INIT seed="1,1,0,2,1,118" ten="190,496,94,220" oya="1" hai0="78,109,53,59,74,99,15,63,22,19,103,129,33" hai1="84,72,6,36,46,27,79,73,85,66,7,76,54" hai2="35,25,97,71,32,102,70,87,50,64,98,34,105" hai3="48,51,0,128,60,55,115,14,57,107,125,65,130"/><U127/><E66/><V11/><F11/><W43/><G0/><T104/><D109/><U124/><E27/><V88/><F97/><W24/><G107/><T1/><D1/><U92/><E92/><V69/><F50/><W114/><G14/><T135/><D135/><U119/><E54/><V113/><F113/><N who="3" m="43019" /><G24/><T62/><D129/><N who="3" m="49769" /><G125/><N who="1" m="48202" /><E46/><V20/><F64/><W41/><G51/><T9/><D33/><U116/><E36/><V110/><F110/><W122/><G122/><T75/><D78/><N who="1" m="29739" /><E7/><V42/><F42/><W77/><G77/><T38/><D38/><U49/><E6/><V95/><REACH who="2" step="1"/><F70/><AGARI ba="1,0" hai="41,43,48,55,57,60,65,70" m="49769,43019" machi="70" ten="30,3900,0" yaku="19,1,34,2" doraHai="118" who="3" fromWho="2" sc="190,0,496,0,94,-42,220,42" /><INIT seed="2,0,0,0,3,106" ten="190,496,52,262" oya="2" hai0="123,122,34,18,24,65,43,48,75,29,73,121,23" hai1="59,129,117,7,11,38,21,55,116,113,112,105,69" hai2="114,134,111,12,58,110,25,84,14,131,39,60,47" hai3="93,109,0,61,96,19,41,26,20,50,54,127,99"/><V3/><F3/><W28/><G0/><T22/><D65/><U130/><E105/><V124/><F114/><N who="1" m="44137" /><E69/><V8/><F131/><N who="1" m="50185" /><E38/><V62/><F124/><W126/><G109/><N who="2" m="41481" /><F134/><W53/><G41/><T52/><D43/><U128/><E21/><V82/><F39/><W44/><G127/><T125/><D125/><U2/><E128/><V51/><F25/><W13/><G126/><T91/><D91/><U68/><E68/><V88/><F58/><N who="3" m="35023" /><G93/><T133/><D133/><U36/><E36/><V37/><F37/><W71/><G71/><T97/><D97/><U77/><E77/><V32/><F32/><W108/><G108/><T56/><REACH who="0" step="1"/><D34/><REACH who="0" ten="180,496,52,262" step="2"/><U87/><E87/><V70/><F70/><W4/><G99/><T85/><D85/><U42/><E42/><N who="2" m="25079" /><F12/><AGARI ba="0,1" hai="12,18,22,23,24,29,48,52,56,73,75,121,122,123" machi="12" ten="40,8000,1" yaku="1,1,52,2,54,1,53,0" doraHai="106" doraHaiUra="6" who="0" fromWho="2" sc="180,90,496,0,52,-80,262,0" owari="270,7.0,496,60.0,-28,-53.0,262,-14.0" /></mjloggm>