<mjloggm ver="2.3"><GO type="169" lobby="0"/><UN n0="%E6%98%BC%E4%B8%8B%E3%81%8C%E3%82%8A%E3%81%AE%E5%9B%A3%E5%9C%B0%E5%A6%BB" n1="%E3%83%88%E3%83%88%E3%83%AA%E5%85%88%E7%94%9F%31%39%E6%AD%B3" n2="%72%61%72%75%74%6F%37" n3="%E3%82%B7%E3%82%A7%E3%83%95%E3%83%81%E3%83%A7%E3%82%B3" dan="17,19,17,16" rate="2134.96,2286.65,2155.35,2224.33" sx="F,F,M,M"/><TAIKYOKU oya="0"/><INIT seed="0,0,0,4,2,97" ten="250,250,250,250" oya="0" hai0="93,66,106,45,122,24,99,26,41,55,5,44,89" hai1="124,111,17,116,85,78,76,95,117,94,16,129,83" hai2="81,48,46,34,20,53,114,80,9,29,123,120,113" hai3="1,103,84,32,105,125,100,14,96,82,10,72,38"/><T65/><D122/><U107/><E107/><V49/><F9/><W126/><G32/><T134/><D134/><U132/><E132/><V50/><F20/><W73/><G38/><T91/><D5/><U27/><E111/><V79/><F49/><W86/><G1/><T74/><D74/><N who="3" m="28777" /><G82/><T135/><D135/><U33/><E129/><V12/><F12/><W101/><G86/><T61/><D55/><U108/><E108/><V119/><F29/><W58/><G84/><T60/><D106/><U54/><E124/><N who="3" m="47722" /><G58/><T19/><D99/><U133/><E133/><V30/><F30/><W36/><G36/><T104/><D104/><U131/><E131/><V64/><F34/><W18/><AGARI ba="0,0" hai="10,14,18,96,100,101,103,105" m="47722,28777" machi="18" ten="30,7900,0" yaku="18,1,52,3" doraHai="97" who="3" fromWho="3" sc="250,-39,250,-20,250,-20,250,79" /><INIT seed="1,0,0,4,5,37" ten="211,230,230,329" oya="1" hai0="117,83,91,48,122,15,97,58,56,46,108,50,44" hai1="133,123,47,62,59,27,78,77,21,107,1,129,11" hai2="106,103,105,99,25,82,54,90,36,29,113,52,20" hai3="89,100,93,96,23,19,12,71,38,9,111,80,120"/><U7/><E123/><V85/><F36/><W14/><G120/><T119/><D122/><U49/><E107/><V116/><F116/><W63/><G111/><T33/><D33/><U130/><E133/><V61/><F113/><W87/><G38/><T118/><D108/><U10/><E10/><V132/><F132/><W88/><G71/><T127/><D127/><U66/><E130/><V30/><F106/><W8/><G63/><T94/><D15/><U125/><E125/><V13/><F30/><W31/><G31/><T114/><D114/><U101/><E101/><V32/><REACH who="2" step="1"/><F61/><REACH who="2" ten="211,230,220,329" step="2"/><W57/><G57/><T131/><D58/><U74/><E129/><V34/><F34/><W92/><REACH who="3" step="1"/><G12/><REACH who="3" ten="211,230,220,319" step="2"/><T5/><D56/><U60/><E60/><V55/><F55/><W3/><G3/><T4/><D131/><U64/><E64/><V110/><F110/><W126/><G126/><T84/><D117/><U70/><E70/><V40/><F40/><W75/><G75/><T17/><D118/><U22/><E74/><V26/><F26/><W134/><G134/><T86/><D119/><U35/><E35/><V68/><F68/><W128/><G128/><T76/><D50/><U45/><E27/><V41/><F41/><W0/><G0/><T51/><D51/><U39/><E39/><V65/><F65/><W28/><G28/><T102/><D48/><U67/><E67/><V81/><F81/><W69/><G69/><T109/><D83/><U73/><E73/><V16/><AGARI ba="0,2" hai="13,16,20,25,29,32,52,54,82,85,90,99,103,105" machi="16" ten="30,7900,0" yaku="1,1,0,1,54,2,53,0" doraHai="37" doraHaiUra="43" who="2" fromWho="2" sc="211,-20,230,-39,220,99,319,-20" /><INIT seed="2,0,0,3,0,67" ten="191,191,319,299" oya="2" hai0="122,5,134,83,13,69,128,24,95,37,110,131,108" hai1="96,48,62,60,25,102,54,130,9,38,123,117,91" hai2="124,39,65,135,120,41,3,90,80,6,129,42,46" hai3="33,82,97,85,12,100,73,87,22,27,14,81,2"/><V4/><F120/><W0/><G73/><T45/><D122/><U98/><E117/><V51/><F124/><W43/><G33/><T86/><D134/><U26/><E123/><V111/><F135/><W70/><G43/><N who="0" m="22767" /><D95/><U109/><E38/><V75/><F129/><N who="0" m="49738" /><D69/><U72/><E72/><V116/><F116/><W103/><G22/><T20/><D5/><U57/><E109/><V53/><F111/><W121/><G121/><T32/><D13/><U79/><E79/><V1/><F65/><W94/><G94/><T44/><D44/><U104/><E130/><V93/><F4/><W8/><G8/><T78/><D32/><U106/><E91/><V113/><F6/><W40/><G40/><T23/><D23/><U16/><E25/><V47/><F42/><W36/><G36/><T30/><AGARI ba="0,0" hai="20,24,30,78,83,86,108,110" m="49738,22767" machi="30" ten="30,1100,0" yaku="19,1" doraHai="67" who="0" fromWho="0" sc="191,11,191,-3,319,-5,299,-3" /><INIT seed="3,0,0,0,1,108" ten="202,188,314,296" oya="3" hai0="117,63,51,32,122,16,96,48,38,130,98,12,39" hai1="82,45,7,17,44,65,35,4,120,69,80,104,74" hai2="68,73,37,128,113,54,29,77,135,78,134,79,24" hai3="91,90,42,19,110,126,89,101,43,21,123,41,95"/><W109/><G123/><T61/><D32/><U52/><E120/><V36/><F73/><W124/><G101/><T93/><D122/><U8/><E104/><V55/><F68/><W103/><G103/><T53/><D117/><U125/><E35/><V9/><F9/><W23/><G95/><T85/><D130/><U0/><E125/><N who="3" m="48234" /><G19/><T70/><D48/><U129/><E129/><V87/><F128/><W64/><G64/><T34/><D34/><U60/><E7/><V11/><F11/><W72/><G72/><T58/><D96/><U83/><E74/><V46/><F87/><W14/><G14/><T107/><D107/><U119/><E119/><V114/><F24/><W94/><G94/><T47/><D70/><U86/><E17/><V131/><F131/><W15/><G15/><T112/><D85/><U102/><E102/><V67/><F67/><W66/><G66/><T28/><D28/><U106/><E106/><V49/><F29/><W59/><G59/><T97/><D97/><U92/><E92/><V27/><F27/><W71/><G71/><T121/><D121/><U3/><E3/><V99/><F99/><W33/><G33/><T22/><D98/><U50/><REACH who="1" step="1"/><E45/><REACH who="1" ten="202,178,314,296" step="2"/><V30/><F30/><W105/><G105/><T40/><D47/><U6/><E6/><V118/><F118/><W88/><N who="3" m="23040" /><DORA hai="25" /><W116/><G116/><T133/><D93/><U84/><AGARI ba="0,1" hai="0,4,8,44,50,52,60,65,69,80,82,83,84,86" machi="84" ten="30,7900,0" yaku="1,1,0,1,54,1,53,1" doraHai="108,25" doraHaiUra="56,31" who="1" fromWho="1" sc="202,-20,178,89,314,-20,296,-39" /><INIT seed="4,0,0,3,3,41" ten="182,267,294,257" oya="0" hai0="72,96,76,123,35,131,108,115,19,82,28,73,29" hai1="3,4,85,42,101,54,53,81,118,84,100,63,90" hai2="102,109,13,110,56,78,135,6,120,43,106,32,95" hai3="55,61,83,91,60,111,26,39,46,22,105,114,104"/><T0/><D123/><U50/><E118/><V8/><F32/><W21/><G114/><T80/><D0/><U18/><E3/><V15/><F120/><W57/><G111/><T87/><D115/><U17/><E4/><V88/><F78/><W40/><G61/><T68/><D68/><U12/><E18/><V45/><F135/><W128/><G128/><T5/><D5/><U48/><E42/><V49/><F15/><W31/><G91/><T20/><D131/><U134/><E134/><V124/><F124/><W27/><REACH who="3" step="1"/><G83/><REACH who="3" ten="182,267,294,247" step="2"/><T127/><D108/><U125/><E63/><V113/><F113/><W71/><G71/><T2/><D82/><U37/><E125/><V38/><F102/><W93/><G93/><T59/><D127/><U16/><E81/><V99/><F106/><W86/><G86/><T77/><D77/><U122/><E122/><V23/><REACH who="2" step="1"/><F23/><REACH who="2" ten="182,267,284,247" step="2"/><W121/><G121/><T119/><D20/><U70/><E90/><V75/><F75/><W25/><G25/><T92/><D73/><U7/><E100/><V89/><F89/><W47/><G47/><T33/><D72/><U69/><E101/><V36/><F36/><W14/><G14/><T65/><D2/><U107/><E12/><V126/><F126/><W98/><G98/><T11/><D96/><U103/><E103/><V97/><F97/><W10/><G10/><T66/><D11/><U129/><E37/><V34/><F34/><W74/><G74/><T94/><D76/><U24/><E24/><V52/><AGARI ba="0,2" hai="6,8,13,38,43,45,49,52,56,88,95,99,109,110" machi="52" ten="30,8000,1" yaku="1,1,0,1,52,1,54,2,53,0" doraHai="41" doraHaiUra="132" who="2" fromWho="2" sc="182,-40,267,-20,284,100,247,-20" /><INIT seed="5,0,0,2,4,58" ten="142,247,384,227" oya="1" hai0="45,11,99,33,100,93,111,117,71,126,46,95,102" hai1="114,13,2,123,26,15,36,87,63,82,8,39,122" hai2="121,134,60,5,19,52,9,32,119,35,41,76,116" hai3="53,66,50,59,85,17,16,98,44,107,89,129,103"/><U42/><E2/><V29/><F121/><W30/><G129/><T88/><D33/><U57/><E114/><V34/><F29/><W115/><G115/><T118/><D71/><U67/><E26/><V68/><F134/><W18/><G30/><T133/><D133/><U12/><E8/><V130/><F130/><W125/><G125/><T56/><D111/><U105/><E105/><V70/><F19/><W20/><G66/><T90/><D126/><U78/><REACH who="1" step="1"/><E42/><REACH who="1" ten="142,237,384,227" step="2"/><V108/><F41/><W65/><G20/><T14/><D11/><U81/><E81/><V61/><F34/><W112/><G112/><T74/><D14/><U91/><E91/><V23/><F9/><W106/><G106/><T40/><D40/><U73/><E73/><V43/><F43/><W69/><G18/><T113/><D113/><U55/><E55/><V27/><F52/><W75/><G17/><T83/><D74/><U96/><E96/><V28/><F23/><W3/><G16/><T86/><D83/><U38/><AGARI ba="0,1" hai="12,13,15,36,38,39,57,63,67,78,82,87,122,123" machi="38" ten="40,7800,0" yaku="1,1,0,1,52,1,53,0" doraHai="58" doraHaiUra="1" who="1" fromWho="1" sc="142,-26,237,88,384,-26,227,-26" /><INIT seed="5,1,0,1,2,15" ten="116,325,358,201" oya="1" hai0="104,127,118,5,28,94,131,81,1,48,30,37,29" hai1="117,107,86,13,92,132,111,74,124,49,39,41,7" hai2="47,43,99,123,44,46,113,22,134,80,16,66,95" hai3="67,57,52,27,116,112,64,62,129,18,128,20,11"/><U6/><E117/><V96/><F123/><W68/><G112/><T65/><D118/><U101/><E74/><V89/><F134/><W59/><G116/><T100/><D37/><U56/><E39/><V9/><F9/><W42/><G42/><T70/><D104/><U53/><E132/><V40/><F66/><W87/><G87/><T55/><D81/><U97/><E124/><V122/><F122/><W84/><G84/><T50/><D5/><U24/><E111/><V77/><F99/><W35/><G35/><T60/><D1/><U83/><E107/><V76/><F113/><W25/><G25/><T126/><D131/><N who="3" m="50249" /><G68/><T98/><REACH who="0" step="1"/><D50/><REACH who="0" ten="106,325,358,201" step="2"/><U135/><E135/><V3/><F3/><W10/><G64/><T71/><D71/><U72/><E72/><V2/><F2/><W23/><G23/><T119/><D119/><U102/><E83/><V54/><F80/><W78/><G78/><N who="2" m="30313" /><F54/><W4/><G4/><T121/><D121/><U8/><E6/><V17/><F22/><W14/><G10/><T19/><D19/><AGARI ba="1,1" hai="16,17,19,40,43,44,46,47,89,95,96" m="30313" machi="19" ten="30,8000,1" yaku="8,1,52,3,54,1" doraHai="15" who="2" fromWho="0" sc="106,-83,325,0,358,93,201,0" /><INIT seed="6,0,0,4,4,76" ten="23,325,451,201" oya="2" hai0="13,121,16,24,135,2,130,101,125,107,31,120,103" hai1="25,10,78,35,133,102,96,71,33,54,132,34,20" hai2="63,11,44,5,4,7,56,93,22,18,40,110,66" hai3="127,61,113,87,28,84,104,60,94,70,129,74,6"/><V23/><F110/><W48/><G104/><T73/><D73/><U95/><E71/><V72/><F72/><W42/><G74/><T21/><D107/><U30/><E78/><V99/><F11/><W97/><G129/><T15/><D101/><U65/><E65/><V69/><F69/><W14/><G127/><T68/><D103/><U41/><E41/><V67/><F67/><W29/><G113/><T47/><D47/><U53/><REACH who="1" step="1"/><E10/><REACH who="1" ten="23,315,451,201" step="2"/><V64/><F64/><W32/><G70/><T100/><D68/><U57/><E57/><V118/><F40/><W3/><G42/><T124/><D130/><U26/><E26/><V112/><F44/><W119/><G119/><T8/><D100/><U88/><E88/><N who="2" m="55719" /><F118/><W126/><G126/><N who="0" m="48747" /><D2/><U106/><E106/><V59/><F112/><W0/><G3/><T81/><D81/><U85/><E85/><V90/><F90/><W128/><G84/><T123/><D135/><AGARI ba="0,1" hai="20,25,30,33,34,35,53,54,95,96,102,132,133,135" machi="135" ten="50,3200,0" yaku="1,1,20,1,53,0" doraHai="76" doraHaiUra="58" who="1" fromWho="0" sc="23,-32,315,42,451,0,201,0" owari="-9,-51.0,357,16.0,451,55.0,201,-20.0" /></mjloggm>