<mjloggm ver="2.3"><GO type="169" lobby="0"/><UN n0="%E5%A4%A7%E5%92%8C%E7%94%B0%E9%A0%AD%E5%8F%96" n1="%4C%61%73%6B%26%59%75" n2="%E3%82%A6%E3%83%AB%E3%83%88%E3%83%A9%E7%AB%8B%E7%9B%B4" n3="%E5%AE%89%E6%96%8E" dan="17,17,19,18" rate="2142.84,2175.98,2309.34,2205.74" sx="M,M,M,M"/><TAIKYOKU oya="0"/><INIT seed="0,0,0,0,0,29" ten="250,250,250,250" oya="0" hai0="134,87,17,62,133,122,105,99,118,74,9,100,113" hai1="16,64,79,95,127,63,11,61,30,35,107,77,81" hai2="13,54,20,52,19,70,84,6,10,131,72,86,36" hai3="44,90,33,126,68,123,97,103,3,14,88,85,124"/><T83/><D113/><U27/><E127/><N who="3" m="48682" /><G3/><T120/><D62/><U53/><E107/><V40/><F70/><W50/><G68/><T73/><D17/><U78/><E95/><V55/><F72/><N who="0" m="27754" /><D9/><U5/><E53/><V116/><F116/><W51/><G123/><N who="0" m="47147" /><D118/><U1/><E81/><V47/><REACH who="2" step="1"/><F131/><REACH who="2" ten="250,250,240,250" step="2"/><W93/><G50/><T71/><D71/><U91/><E91/><AGARI ba="0,1" hai="83,87,91,99,100,105,133,134" m="47147,27754" machi="91" ten="30,2900,0" yaku="34,2" doraHai="29" who="0" fromWho="1" sc="250,39,250,-29,240,0,250,0" /><INIT seed="0,1,0,2,4,36" ten="289,221,240,250" oya="0" hai0="77,75,34,107,94,16,56,8,37,92,127,113,17" hai1="6,108,129,111,89,28,9,78,88,87,2,121,55" hai2="81,43,67,98,105,53,104,42,21,14,39,57,110" hai3="58,82,131,33,26,132,93,50,52,115,71,91,117"/><T63/><D113/><U70/><E129/><V15/><F39/><W27/><G115/><T76/><D107/><U60/><E121/><V85/><F67/><W123/><G117/><T84/><D34/><U133/><E133/><V13/><F110/><N who="1" m="42025" /><E28/><V22/><F104/><W125/><G132/><T118/><D118/><U1/><E1/><V62/><F98/><W66/><G131/><T135/><D135/><U116/><E116/><V38/><F105/><W80/><G123/><T18/><D127/><U83/><E70/><V99/><F99/><W126/><G71/><T120/><D37/><U25/><E25/><N who="3" m="9226" /><G33/><T101/><D75/><U124/><E124/><N who="3" m="47722" /><G66/><T65/><D120/><U112/><E112/><V51/><F38/><W119/><G119/><T95/><D101/><U122/><E122/><V49/><F22/><W31/><G31/><T20/><D20/><U74/><E74/><V103/><F103/><W48/><G50/><N who="2" m="18953" /><F21/><W102/><G102/><T73/><D73/><U59/><AGARI ba="1,0" hai="2,6,9,55,59,60,78,83,87,88,89" m="42025" machi="59" ten="30,2000,0" yaku="14,1,54,1" doraHai="36" who="1" fromWho="1" sc="289,-11,221,23,240,-6,250,-6" /><INIT seed="1,0,0,2,1,111" ten="278,244,234,244" oya="1" hai0="26,82,48,109,76,128,13,11,120,131,54,0,21" hai1="7,106,19,129,88,45,107,58,77,30,108,93,134" hai2="66,98,118,53,89,18,90,83,72,97,119,127,1" hai3="32,27,3,92,22,81,121,17,40,91,57,64,39"/><U71/><E129/><N who="0" m="49737" /><D109/><U85/><E134/><V124/><F66/><W70/><G121/><T74/><D120/><U105/><E108/><V35/><F53/><W130/><G3/><T52/><D48/><U12/><E71/><V78/><F18/><W2/><G2/><T101/><D101/><U100/><E7/><V55/><F55/><W84/><G70/><T115/><D115/><U86/><E30/><V73/><F35/><W50/><G32/><T63/><D63/><U80/><E58/><V59/><F59/><W102/><G39/><T46/><D46/><U15/><E45/><V29/><F29/><W16/><G130/><T87/><D74/><U96/><REACH who="1" step="1"/><E15/><REACH who="1" ten="278,234,234,244" step="2"/><V20/><F1/><W24/><G57/><T69/><D69/><U123/><E123/><V122/><F122/><W67/><G17/><N who="0" m="12591" /><D0/><U43/><E43/><V38/><F119/><W65/><G40/><T68/><D68/><U33/><E33/><V42/><F42/><W28/><G28/><T56/><D56/><U135/><E135/><V94/><F118/><W95/><G16/><AGARI ba="0,1" hai="11,13,16,52,54,76,82,87" m="12591,49737" machi="16" ten="30,3900,0" yaku="19,1,54,2" doraHai="111" who="0" fromWho="3" sc="278,49,234,0,234,0,244,-39" /><INIT seed="2,0,0,4,1,84" ten="327,234,234,205" oya="2" hai0="5,13,100,34,75,8,129,11,119,123,10,27,74" hai1="35,16,33,92,38,80,68,125,116,59,111,70,19" hai2="14,133,49,94,63,32,120,89,26,50,6,91,81" hai3="30,39,56,1,112,43,57,52,126,118,78,93,66"/><V0/><F0/><W104/><G118/><T45/><D123/><U95/><E116/><V108/><F120/><W73/><G104/><T23/><D119/><U3/><E111/><V107/><F107/><W85/><G1/><T105/><D34/><U53/><E125/><V96/><F108/><W31/><G126/><T127/><D127/><U99/><E38/><V62/><F133/><W106/><G106/><T87/><D129/><U58/><E3/><V25/><F32/><W29/><G112/><T110/><D110/><U20/><E80/><V115/><F115/><W40/><G39/><T109/><D11/><U17/><E17/><V79/><F79/><W15/><G73/><T71/><D71/><U122/><E99/><V7/><F14/><W2/><G2/><T90/><D10/><U117/><E117/><V86/><F50/><N who="3" m="30743" /><G15/><T36/><D75/><U37/><E37/><V128/><F49/><W98/><G85/><T28/><D74/><U61/><E53/><V135/><F135/><W101/><G78/><T134/><D134/><U22/><REACH who="1" step="1"/><E61/><AGARI ba="0,0" hai="29,30,31,40,43,57,61,66,93,98,101" m="30743" machi="61" ten="30,2000,0" yaku="8,1,54,1" doraHai="84" who="3" fromWho="1" sc="327,0,234,-20,234,0,205,20" /><INIT seed="3,0,0,5,0,25" ten="327,214,234,225" oya="3" hai0="118,32,78,55,109,9,0,81,3,8,106,77,64" hai1="129,108,111,7,33,5,35,16,103,21,120,51,83" hai2="131,71,69,82,105,19,107,124,88,49,54,56,93" hai3="11,57,38,94,114,63,122,58,23,65,6,4,73"/><W135/><G114/><T90/><D118/><U53/><E120/><V75/><F131/><W12/><G122/><T133/><D106/><U37/><E37/><V67/><F124/><W20/><G73/><T34/><D64/><U44/><E129/><V102/><F67/><W42/><G135/><T22/><D22/><U112/><E112/><V24/><F19/><W45/><G4/><N who="1" m="1610" /><E103/><V84/><F24/><W104/><G104/><T87/><D109/><N who="1" m="42059" /><E83/><V110/><F110/><W68/><G57/><T60/><D81/><U132/><E132/><V36/><F36/><W96/><REACH who="3" step="1"/><G58/><REACH who="3" ten="327,214,234,215" step="2"/><T127/><D133/><U86/><E86/><V113/><F113/><W123/><G123/><T17/><D87/><U46/><E46/><V61/><F107/><W43/><G43/><T85/><D85/><U128/><E128/><V89/><F75/><W121/><G121/><T130/><D130/><U29/><E29/><V91/><F105/><W59/><G59/><T98/><D98/><U52/><E53/><V30/><F30/><W99/><G99/><T126/><D55/><U92/><E92/><V10/><F93/><W66/><G66/><T41/><D41/><U134/><E134/><V18/><F54/><W100/><AGARI ba="0,1" hai="6,11,12,20,23,38,42,45,63,65,68,94,96,100" machi="100" ten="20,7800,0" yaku="1,1,0,1,7,1,53,1" doraHai="25" doraHaiUra="39" who="3" fromWho="3" sc="327,-26,214,-26,234,-26,215,88" /><INIT seed="3,1,0,3,1,41" ten="301,188,208,303" oya="3" hai0="75,133,67,49,120,51,57,110,1,4,69,8,114" hai1="34,52,117,24,43,132,40,61,103,88,107,50,28" hai2="99,85,5,20,105,111,95,22,96,42,134,6,7" hai3="18,3,60,122,35,68,127,84,38,109,23,125,79"/><W54/><G122/><T71/><D120/><U65/><E132/><V76/><F134/><W0/><G35/><T2/><D133/><U55/><E117/><V13/><F111/><W44/><G109/><T74/><D110/><U130/><E130/><V9/><F105/><W15/><G68/><T106/><D106/><U86/><E103/><V82/><F99/><W97/><G97/><T77/><D67/><U124/><E124/><N who="3" m="47690" /><G60/><T16/><D114/><U63/><E63/><V94/><F94/><W93/><G93/><T10/><D57/><U119/><E119/><V72/><F72/><W29/><G29/><T118/><D118/><U58/><E55/><V48/><F5/><W59/><G59/><T90/><D4/><U78/><E78/><V27/><F6/><W135/><G135/><T101/><D77/><U92/><REACH who="1" step="1"/><E107/><REACH who="1" ten="301,178,208,303" step="2"/><V56/><F76/><W80/><G54/><T19/><D101/><U131/><E131/><V113/><F113/><W25/><G25/><T89/><AGARI ba="1,1" hai="1,2,8,10,16,19,49,51,69,71,74,75,89,90" machi="89" ten="25,6400,0" yaku="0,1,22,2,54,1" doraHai="41" who="0" fromWho="0" sc="301,77,178,-17,208,-17,303,-33" /><INIT seed="4,0,0,2,4,72" ten="378,161,191,270" oya="0" hai0="36,99,121,48,43,53,107,78,76,91,35,28,33" hai1="10,69,50,2,63,23,59,135,20,113,84,29,88" hai2="45,100,115,57,41,127,96,31,123,101,8,94,17" hai3="27,109,58,67,9,75,83,64,120,30,65,26,89"/><T56/><D121/><U47/><E135/><V119/><F123/><W12/><G120/><T74/><D74/><U6/><E113/><V90/><F119/><W14/><G109/><T16/><D35/><U70/><E29/><V93/><F115/><W51/><G14/><T4/><D4/><U125/><E125/><V1/><F127/><W60/><G51/><T134/><D134/><U112/><E112/><V32/><F32/><W52/><G30/><T124/><D28/><U49/><E70/><V116/><F31/><W13/><G13/><T40/><D33/><U95/><E69/><V129/><F129/><W46/><G46/><N who="0" m="25695" /><D107/><U92/><E92/><V102/><F57/><W114/><G114/><T22/><D40/><U68/><E68/><V66/><F66/><W128/><G128/><T105/><D105/><U7/><E7/><V61/><F61/><W103/><G103/><T79/><D36/><U44/><E44/><V80/><F116/><W11/><G11/><T85/><D99/><U117/><E50/><V130/><F130/><W122/><G122/><T86/><D91/><U34/><E34/><V25/><F96/><W82/><G75/><T77/><N who="0" m="19456" /><DORA hai="15" /><T110/><D110/><U5/><E5/><V39/><F39/><W62/><G89/><T71/><D71/><U19/><E117/><V118/><F118/><W42/><G42/><T81/><D81/><U55/><REACH who="1" step="1"/><E19/><REACH who="1" ten="378,151,191,270" step="2"/><V133/><F17/><N who="3" m="8335" /><G83/><T24/><D124/><U21/><E21/><V131/><F80/><W108/><G82/><T87/><D56/><U0/><E0/><V98/><F1/><RYUUKYOKU ba="0,1" sc="378,15,151,15,191,-15,270,-15" hai0="16,22,24,53,85,86,87" hai1="2,6,10,20,23,47,49,55,59,63,84,88,95" /><INIT seed="4,1,1,0,0,28" ten="393,166,176,255" oya="0" hai0="27,50,31,77,75,0,115,92,116,135,24,40,47" hai1="35,57,26,100,119,14,132,111,62,68,4,117,8" hai2="83,113,59,39,120,1,118,82,42,49,107,6,97" hai3="5,21,114,58,126,20,51,38,91,63,46,81,131"/><T73/><D116/><U80/><E68/><V95/><F107/><W98/><G114/><T89/><D115/><U36/><E36/><V66/><F120/><W125/><G38/><T30/><D0/><U3/><E111/><V10/><F113/><W18/><G5/><T133/><D77/><U37/><E37/><V54/><F118/><W23/><G131/><T7/><D7/><U79/><E132/><N who="0" m="50761" /><D27/><U29/><E100/><V105/><F105/><W53/><G18/><T11/><D11/><U17/><E57/><V33/><F33/><W41/><G98/><N who="0" m="57615" /><D30/><U103/><E62/><V102/><REACH who="2" step="1"/><F66/><REACH who="2" ten="393,166,166,255" step="2"/><N who="3" m="39287" /><G126/><T99/><D99/><U70/><E70/><V2/><F2/><W76/><G125/><T44/><D44/><AGARI ba="1,2" hai="1,6,10,39,42,44,49,54,59,82,83,95,97,102" machi="44" ten="40,2600,0" yaku="1,1,53,1" doraHai="28" doraHaiUra="45" who="2" fromWho="0" sc="393,-29,166,0,166,49,255,0" /><INIT seed="5,0,0,1,3,113" ten="364,166,215,255" oya="1" hai0="55,98,128,71,108,31,39,62,74,9,2,94,72" hai1="105,115,54,47,26,122,76,82,27,97,40,16,85" hai2="117,67,13,51,101,87,100,93,24,66,121,107,11" hai3="131,69,110,81,134,57,20,65,0,103,80,104,7"/><U130/><E122/><V111/><F111/><W114/><G57/><T56/><D108/><U1/><E130/><V78/><F121/><W45/><G45/><T133/><D39/><U58/><E115/><V83/><F107/><W68/><G20/><T22/><D71/><U44/><E1/><V46/><F24/><W119/><G7/><T59/><D133/><U23/><E27/><V8/><F8/><W21/><G21/><T135/><D135/><U12/><E40/><N who="2" m="25031" /><F117/><W28/><G65/><N who="2" m="24585" /><F93/><W49/><G28/><T120/><D94/><U127/><E127/><V35/><F35/><W3/><G119/><T106/><D106/><U43/><E43/><V88/><F78/><W70/><G104/><T129/><D31/><U36/><E36/><V15/><F15/><W99/><G3/><T102/><D2/><U86/><E86/><V42/><F42/><W34/><G34/><T75/><D9/><U52/><E12/><V60/><F60/><W95/><G110/><T90/><D22/><U29/><E29/><V89/><F89/><W50/><G0/><T37/><D120/><U14/><E14/><V38/><F38/><W63/><G63/><N who="0" m="36255" /><D37/><U112/><E112/><V18/><AGARI ba="0,0" hai="11,13,18,83,87,88,100,101" m="24585,25031" machi="18" ten="30,2000,0" yaku="8,1,54,1" doraHai="113" who="2" fromWho="2" sc="364,-5,166,-10,215,20,255,-5" /><INIT seed="6,0,0,4,1,3" ten="359,156,235,250" oya="2" hai0="102,135,82,53,24,63,81,134,123,89,132,119,58" hai1="76,129,9,69,73,54,51,115,83,131,60,114,11" hai2="68,128,79,133,23,70,30,38,40,122,98,19,41" hai3="5,105,55,96,39,25,99,33,17,22,52,110,48"/><V28/><F122/><W130/><G110/><T84/><D123/><U35/><E35/><V13/><F128/><N who="1" m="49225" /><E11/><V27/><F133/><W66/><G39/><T120/><D119/><U124/><E9/><V44/><F41/><W104/><G66/><T86/><D102/><U78/><E78/><V21/><F79/><W31/><G55/><T42/><D42/><U46/><E83/><V125/><F125/><W15/><G130/><T121/><D24/><U100/><E100/><V94/><REACH who="2" step="1"/><F30/><REACH who="2" ten="359,156,225,250" step="2"/><W18/><G31/><T26/><D120/><U112/><E76/><V118/><F118/><W16/><G104/><T14/><D121/><U85/><E73/><V4/><F4/><W97/><G105/><T106/><D106/><U80/><E124/><V7/><F7/><W12/><G5/><T65/><D132/><U77/><E115/><V67/><F67/><AGARI ba="0,1" hai="46,51,54,60,67,69,77,80,85,112,114" m="49225" machi="67" ten="30,1000,0" yaku="19,1" doraHai="3" who="1" fromWho="2" sc="359,0,156,20,225,-10,250,0" /><INIT seed="7,0,0,0,1,28" ten="359,176,215,250" oya="3" hai0="61,30,51,75,117,106,128,68,16,69,125,63,74" hai1="120,99,66,79,107,42,39,65,54,131,129,60,133" hai2="104,55,127,110,119,90,62,113,115,84,101,109,85" hai3="59,135,123,67,33,48,83,76,92,17,118,44,29"/><W93/><G118/><T57/><D106/><U100/><E120/><V56/><F119/><W6/><G6/><T52/><D117/><U26/><E133/><V27/><F127/><W116/><G135/><T7/><D7/><U86/><E54/><V45/><F85/><W126/><G33/><T15/><D30/><U78/><E66/><V124/><F124/><W37/><G29/><T20/><D128/><U3/><E3/><V72/><F72/><W8/><G37/><T95/><D125/><U112/><E112/><N who="2" m="43083" /><F27/><W94/><G83/><T41/><D41/><U111/><E111/><V49/><F101/><W14/><G76/><T50/><D50/><U35/><E86/><V31/><F31/><W80/><G80/><T1/><D1/><U132/><E132/><V88/><F104/><W108/><G48/><T22/><D22/><U4/><E4/><V2/><F2/><W122/><G17/><T134/><D95/><U32/><E26/><V89/><F84/><W23/><G108/><T70/><D134/><U40/><E79/><V91/><N who="2" m="22528" /><DORA hai="121" /><V103/><F103/><W114/><G114/><T77/><D77/><U38/><E78/><V13/><F13/><W53/><G14/><T130/><D75/><U36/><E42/><AGARI ba="0,0" hai="42,45,49,55,56,62,109,110" m="22528,43083" machi="42" ten="40,8000,1" yaku="15,1,52,2,54,1" doraHai="28,121" who="2" fromWho="1" sc="359,0,176,-80,215,80,250,0" owari="359,45.0,96,-40.0,295,10.0,250,-15.0" /></mjloggm>