<mjloggm ver="2.3"><GO type="169" lobby="0"/><UN n0="%E3%82%B7%E3%83%B3%E3%83%95%E3%82%A9%E3%83%8B%E3%82%A2" n1="%E3%83%88%E3%83%88%E3%83%AA%E5%85%88%E7%94%9F%31%39%E6%AD%B3" n2="%E3%83%81%E3%83%A3%E3%83%BC%E3%83%9F%E3%83%BC" n3="%E3%82%B5%E3%83%96%E3%82%A2%E3%83%A9%E3%83%89" dan="17,19,16,16" rate="2235.71,2262.91,2129.18,2086.87" sx="M,F,M,M"/><TAIKYOKU oya="0"/><INIT seed="0,0,0,5,0,70" ten="250,250,250,250" oya="0" hai0="5,126,105,116,134,23,76,100,85,15,29,18,24" hai1="3,69,9,54,77,111,71,102,35,89,78,62,79" hai2="53,68,52,38,55,0,50,57,19,14,117,61,118" hai3="113,43,114,37,45,58,103,32,64,130,110,121,96"/><T129/><D100/><U98/><E35/><V41/><F0/><W107/><G130/><T128/><D105/><U124/><E111/><V99/><F99/><W12/><G110/><T104/><D104/><U120/><E120/><V133/><F133/><W48/><G121/><T65/><D65/><U56/><E124/><V10/><F68/><W20/><G32/><T90/><D76/><U16/><E89/><V27/><F27/><W11/><G20/><T73/><D73/><U1/><E1/><V51/><F51/><W92/><G107/><T86/><D116/><N who="2" m="44650" /><F50/><W66/><G66/><T63/><D63/><U84/><E84/><V125/><F125/><W36/><G114/><T47/><D126/><U17/><E71/><V81/><F81/><W132/><G132/><T13/><D134/><U21/><E69/><V26/><F26/><W60/><REACH who="3" step="1"/><G113/><REACH who="3" ten="250,250,250,240" step="2"/><T115/><D115/><U2/><E21/><V91/><F91/><W88/><G88/><T131/><D90/><U49/><E102/><V109/><F109/><W122/><G122/><T46/><D129/><U74/><E98/><V6/><F6/><AGARI ba="0,1" hai="6,11,12,36,37,43,45,48,58,60,64,92,96,103" machi="6" ten="30,7700,0" yaku="1,1,7,1,52,2,53,0" doraHai="70" doraHaiUra="108" who="3" fromWho="2" sc="250,0,250,0,250,-77,240,87" /><INIT seed="1,0,0,5,1,66" ten="250,250,173,327" oya="1" hai0="84,70,94,90,28,73,77,72,104,36,111,48,68" hai1="117,15,14,114,51,134,2,69,105,61,9,54,26" hai2="102,113,76,25,78,132,83,33,128,130,64,27,121" hai3="81,34,85,30,97,6,87,59,29,32,35,10,20"/><U95/><E105/><V124/><F121/><W74/><G74/><T96/><D36/><U23/><E114/><V123/><F123/><W131/><G131/><N who="2" m="50217" /><F113/><W65/><G97/><T71/><D111/><U118/><E2/><V16/><F102/><W53/><G65/><T52/><D28/><U107/><E107/><V79/><F132/><W62/><G20/><T80/><REACH who="0" step="1"/><D104/><REACH who="0" ten="240,250,173,327" step="2"/><U45/><E134/><V40/><F124/><W22/><G30/><T110/><D110/><U37/><E37/><V112/><F112/><W0/><G29/><T1/><D1/><U38/><E38/><V82/><F33/><W39/><G39/><T18/><D18/><U126/><E126/><V86/><F16/><W43/><G35/><T4/><D4/><U24/><E118/><V13/><F13/><W55/><G34/><T75/><D75/><U41/><E117/><V17/><F17/><W122/><G32/><T100/><D100/><U115/><E115/><V119/><F119/><W7/><G122/><T47/><AGARI ba="0,1" hai="47,48,52,68,70,71,72,73,77,80,84,90,94,96" machi="47" ten="30,12000,2" yaku="1,1,0,1,52,3,54,1,53,0" doraHai="66" doraHaiUra="116" who="0" fromWho="0" sc="240,130,250,-60,173,-30,327,-30" /><INIT seed="2,0,0,1,5,0" ten="370,190,143,297" oya="2" hai0="70,94,96,82,14,129,5,104,42,119,47,33,115" hai1="75,3,90,87,92,107,116,101,86,67,60,46,31" hai2="103,123,128,16,63,13,30,79,135,66,89,56,97" hai3="73,109,1,133,121,51,65,125,11,127,6,55,44"/><V43/><F123/><W120/><G73/><T102/><D70/><U95/><E116/><V76/><F128/><W91/><G109/><T77/><D33/><U34/><E75/><V50/><F135/><W23/><G133/><T124/><D115/><U54/><E3/><V122/><F122/><W69/><G23/><T26/><D26/><N who="1" m="18807" /><E54/><V84/><F43/><W37/><G37/><T118/><D104/><U113/><E46/><V112/><F30/><W58/><G91/><T40/><D129/><U100/><E100/><V131/><F112/><W61/><G69/><T68/><D68/><N who="1" m="42087" /><E87/><V132/><F132/><W108/><G108/><T106/><D94/><N who="1" m="54615" /><E113/><V80/><F50/><W7/><G7/><T57/><D57/><U19/><E19/><V28/><F28/><W130/><G130/><T25/><D25/><U110/><E110/><V81/><F81/><W29/><G29/><T15/><D42/><U74/><E74/><V21/><REACH who="2" step="1"/><F131/><REACH who="2" ten="370,190,133,297" step="2"/><W59/><G121/><T49/><D82/><U111/><E111/><V105/><AGARI ba="0,1" hai="13,16,21,56,63,66,76,79,80,84,89,97,103,105" machi="105" ten="20,12000,1" yaku="1,1,2,1,0,1,7,1,54,1,53,0" doraHai="0" doraHaiUra="39" who="2" fromWho="2" sc="370,-40,190,-40,133,130,297,-40" /><INIT seed="2,1,0,3,4,74" ten="330,150,263,257" oya="2" hai0="107,79,52,60,108,51,3,70,4,61,47,14,121" hai1="45,37,39,73,117,75,9,116,106,77,42,101,28" hai2="58,72,113,16,105,13,55,10,89,54,48,49,110" hai3="19,133,134,126,67,25,127,103,97,34,59,46,29"/><V131/><F113/><W0/><G0/><T27/><D107/><U6/><E75/><V109/><F131/><W43/><G19/><T26/><D3/><N who="1" m="223" /><E37/><V38/><F38/><N who="3" m="21879" /><G59/><T68/><D121/><U132/><E28/><V5/><F72/><W93/><G67/><T118/><D108/><N who="2" m="41578" /><F105/><W78/><G78/><T7/><D118/><U128/><E132/><AGARI ba="1,0" hai="25,29,34,93,97,103,126,127,132,133,134" m="21879" machi="132" ten="30,1000,0" yaku="20,1" doraHai="74" who="3" fromWho="1" sc="330,0,150,-13,263,0,257,13" /><INIT seed="3,0,0,1,3,0" ten="330,137,263,270" oya="3" hai0="2,83,66,120,54,122,80,102,96,17,60,133,99" hai1="34,132,117,44,72,119,64,70,124,18,103,84,114" hai2="53,116,35,57,74,30,68,97,87,91,50,55,3" hai3="118,12,79,92,37,101,100,28,38,24,9,93,29"/><W106/><G118/><T52/><D2/><U75/><E114/><V104/><F68/><W123/><G79/><T41/><D41/><U56/><E70/><V71/><F71/><W32/><G123/><T67/><D17/><U15/><E34/><V109/><F74/><W42/><G29/><T125/><D102/><U1/><E1/><V134/><F3/><W81/><G81/><T90/><D90/><U61/><E132/><V128/><F134/><W94/><G106/><T86/><D133/><U23/><E124/><V121/><F116/><N who="1" m="44617" /><E103/><V11/><F121/><W131/><G131/><T40/><D40/><U45/><E84/><V127/><F87/><W33/><G33/><T20/><D86/><U59/><E59/><V8/><F35/><W73/><G73/><AGARI ba="0,0" hai="15,18,23,44,45,56,61,64,72,73,75" m="44617" machi="73" ten="30,1000,0" yaku="12,1" doraHai="0" who="1" fromWho="3" sc="330,0,137,10,263,0,270,-10" /><INIT seed="4,0,0,1,5,21" ten="330,147,263,260" oya="0" hai0="38,112,64,57,120,51,40,67,9,92,19,15,37" hai1="46,20,63,59,17,68,62,11,45,84,106,117,103" hai2="23,34,61,49,97,107,119,43,8,113,99,31,81" hai3="50,77,111,72,131,126,27,108,127,76,134,74,2"/><T135/><D120/><U98/><E117/><V93/><F34/><W124/><G2/><T36/><D112/><U105/><E105/><V33/><F33/><W69/><G69/><T6/><D135/><U30/><E30/><V96/><F113/><W0/><G0/><T104/><D104/><U22/><E22/><V80/><F107/><W86/><G50/><T5/><D92/><U47/><E68/><V73/><F61/><W79/><G27/><T87/><D87/><U83/><E11/><V118/><F8/><W1/><G1/><T55/><D40/><U44/><E59/><V25/><F93/><W100/><G100/><T60/><REACH who="0" step="1"/><D67/><REACH who="0" ten="320,147,263,260" step="2"/><U109/><N who="1" m="11264" /><DORA hai="16" /><U54/><E54/><V14/><F43/><W78/><G134/><T52/><D52/><U71/><E109/><N who="3" m="42058" /><G131/><T115/><D115/><U66/><E66/><V128/><F128/><W56/><G56/><AGARI ba="0,1" hai="5,6,9,15,19,36,37,38,51,55,56,57,60,64" machi="56" ten="40,3900,0" yaku="1,1,53,1" doraHai="21,16" doraHaiUra="48,110" who="0" fromWho="3" sc="320,49,147,0,263,0,260,-39" /><INIT seed="4,1,0,5,0,7" ten="369,147,263,221" oya="0" hai0="5,98,64,50,59,78,39,20,66,75,71,72,77" hai1="9,12,42,91,48,43,2,99,67,25,74,85,134" hai2="111,33,22,69,81,118,89,84,86,16,63,15,130" hai3="27,120,14,87,65,92,129,122,90,26,112,55,18"/><T95/><D39/><U38/><E74/><V23/><F111/><W68/><G112/><T126/><D126/><U35/><E38/><V8/><F33/><W107/><G107/><T131/><D131/><U29/><E134/><V83/><F130/><W30/><G129/><T73/><D20/><U1/><E99/><V37/><F37/><W105/><G105/><T113/><D113/><U103/><E103/><V124/><F124/><W32/><G27/><T46/><D59/><U119/><E119/><V4/><F118/><W128/><G128/><T96/><D5/><U54/><E67/><V125/><F125/><W101/><G101/><T102/><D96/><U80/><E2/><V82/><F69/><W117/><G117/><T97/><D97/><U10/><E1/><V13/><F63/><W40/><G40/><T123/><D123/><N who="3" m="47145" /><G55/><T11/><D78/><U56/><REACH who="1" step="1"/><E12/><REACH who="1" ten="369,137,263,221" step="2"/><V76/><F23/><N who="3" m="11735" /><G65/><T62/><D64/><U116/><E116/><V36/><F36/><W110/><G110/><T108/><D108/><U57/><E57/><V34/><F34/><W3/><G3/><T6/><D66/><U0/><E0/><V61/><F15/><W53/><G68/><T47/><D71/><U49/><E49/><V52/><F22/><W79/><G32/><T100/><D50/><U121/><E121/><V127/><F127/><W93/><G26/><T45/><D62/><U44/><E44/><V135/><F61/><W21/><G21/><T28/><D45/><U114/><E114/><V133/><F133/><W60/><G60/><T17/><D46/><U109/><E109/><RYUUKYOKU ba="1,1" sc="369,-10,137,30,263,-10,221,-10" hai1="9,10,25,29,35,42,43,48,54,56,80,85,91" /><INIT seed="5,2,1,1,1,107" ten="359,167,253,211" oya="1" hai0="86,91,131,60,66,51,15,14,77,8,116,88,93" hai1="43,63,48,41,19,69,25,122,47,26,102,39,80" hai2="123,57,98,28,75,62,96,128,46,109,127,65,9" hai3="126,125,34,54,104,23,68,5,108,40,82,29,106"/><U22/><E122/><V92/><F109/><W21/><G108/><T100/><D116/><U133/><E133/><V17/><F123/><W124/><G68/><T7/><D131/><U42/><E102/><V4/><F128/><W81/><G40/><T11/><D100/><U70/><E39/><V114/><F127/><W121/><G5/><T56/><D51/><U73/><E26/><V79/><F114/><W120/><G54/><T50/><D50/><U99/><E99/><V105/><F17/><W118/><G118/><T103/><D77/><U24/><E24/><V61/><F46/><W67/><G67/><T64/><D91/><U87/><E73/><V33/><F28/><W72/><G34/><T12/><D103/><U35/><E35/><V129/><F33/><W37/><G37/><T45/><D45/><U101/><E101/><V18/><F18/><W130/><G130/><T74/><D74/><U89/><REACH who="1" step="1"/><E63/><REACH who="1" ten="359,157,253,211" step="2"/><V32/><F62/><W119/><G121/><T134/><D134/><U90/><E90/><V2/><F32/><W44/><G120/><T84/><D88/><U10/><E10/><V83/><F129/><W117/><G126/><T76/><D8/><U132/><E132/><V94/><F105/><W36/><G36/><T111/><D60/><U112/><E112/><V53/><F98/><W95/><G72/><T110/><D11/><U135/><E135/><V38/><F38/><W59/><G125/><T30/><D111/><U6/><E6/><V0/><F96/><W49/><G124/><T13/><D110/><U31/><E31/><V20/><F4/><RYUUKYOKU ba="2,2" sc="359,-10,157,30,253,-10,211,-10" hai1="19,22,25,41,42,43,47,48,69,70,80,87,89" /><INIT seed="5,3,2,5,2,75" ten="349,187,243,201" oya="1" hai0="49,46,81,72,2,39,135,95,18,66,69,42,82" hai1="5,125,15,109,7,108,103,54,40,102,26,132,52" hai2="28,93,36,128,127,74,64,86,32,78,70,8,21" hai3="114,61,116,91,100,76,67,68,17,117,63,3,120"/><U60/><E132/><V20/><F36/><W89/><G120/><T23/><D2/><U4/><E125/><V98/><F74/><W14/><G3/><T97/><D135/><U118/><E118/><N who="3" m="45674" /><G114/><T51/><D69/><U16/><E40/><V6/><F21/><N who="3" m="11447" /><G100/><N who="1" m="38442" /><E26/><V37/><F86/><W99/><G99/><T65/><D39/><U77/><E60/><V34/><F93/><W38/><G38/><T0/><D0/><U11/><E77/><V92/><F78/><W41/><G41/><T85/><D72/><U84/><E84/><V57/><F57/><W124/><G124/><T123/><D123/><U71/><E71/><V104/><F70/><W30/><G30/><T9/><D97/><U130/><E130/><V33/><F98/><W43/><G43/><T113/><D113/><U22/><E22/><V83/><F20/><W101/><G101/><T55/><D23/><U111/><AGARI ba="3,2" hai="4,5,7,11,15,16,52,54,108,109,111" m="38442" machi="111" ten="40,7800,0" yaku="10,1,54,2" doraHai="75" who="1" fromWho="1" sc="349,-29,187,107,243,-29,201,-29" /><INIT seed="5,4,0,2,1,48" ten="320,294,214,172" oya="1" hai0="73,6,106,129,23,41,105,130,24,85,98,78,2" hai1="51,14,4,80,26,81,77,83,63,103,57,5,82" hai2="16,79,53,132,123,90,15,126,59,0,119,67,66" hai3="62,19,96,20,134,27,104,118,55,68,101,65,110"/><U84/><E103/><V34/><F123/><W108/><G134/><T17/><D73/><U112/><E112/><V35/><F119/><W107/><G107/><T92/><D41/><U47/><E26/><V37/><F0/><W38/><G38/><T89/><D6/><U43/><REACH who="1" step="1"/><E14/><REACH who="1" ten="320,284,214,172" step="2"/><V115/><F115/><W127/><G118/><T75/><D24/><U109/><E109/><V120/><F15/><W12/><G12/><T76/><D2/><U22/><E22/><V10/><F35/><W95/><G127/><T74/><D23/><U21/><E21/><V18/><F34/><W8/><G8/><T125/><D125/><U33/><E33/><V45/><F126/><W1/><G1/><T88/><D106/><U117/><E117/><V52/><F10/><W60/><G104/><T94/><D105/><U91/><E91/><V133/><F90/><W32/><G32/><T87/><D17/><U42/><E42/><V44/><F120/><W49/><REACH who="3" step="1"/><G60/><REACH who="3" ten="320,284,214,162" step="2"/><T113/><D113/><U72/><E72/><V100/><F132/><W25/><G25/><T71/><D74/><U3/><E3/><V31/><F133/><W128/><G128/><T131/><D75/><U28/><E28/><V122/><F31/><W11/><G11/><T61/><D98/><U36/><E36/><V13/><F37/><W116/><G116/><T56/><D130/><U58/><E58/><AGARI ba="4,2" hai="19,20,27,49,55,58,62,65,68,95,96,101,108,110" machi="58" ten="30,3900,0" yaku="1,1,7,1,52,1,53,0" doraHai="48" doraHaiUra="29" who="3" fromWho="1" sc="320,0,284,-51,214,0,162,71" /><INIT seed="6,0,0,2,4,111" ten="320,233,214,233" oya="2" hai0="4,32,121,67,86,100,75,10,104,25,91,28,59" hai1="70,69,129,9,0,58,120,117,38,44,24,1,131" hai2="126,6,73,60,81,19,56,21,119,66,97,90,46" hai3="53,3,47,2,84,114,132,37,30,23,109,94,115"/><V13/><F119/><W133/><G109/><T31/><D75/><U101/><E117/><V52/><F126/><W127/><G127/><T5/><D28/><U99/><E120/><V110/><F110/><W88/><G30/><T89/><D89/><U93/><E24/><V64/><F6/><W107/><G107/><T12/><D4/><U125/><E125/><V103/><F46/><W122/><G23/><T62/><D100/><U108/><E108/><V39/><F39/><W57/><G122/><T72/><D72/><U11/><E58/><V112/><F112/><N who="3" m="43051" /><G47/><T78/><D31/><U22/><E22/><V34/><F34/><W29/><G29/><T18/><D32/><U63/><E44/><V55/><F66/><W118/><G37/><T41/><D104/><U96/><E38/><V79/><REACH who="2" step="1"/><F90/><REACH who="2" ten="320,233,204,233" step="2"/><W68/><G118/><T26/><D121/><U14/><E129/><V116/><F116/><W36/><G36/><T124/><D124/><U50/><E131/><V92/><AGARI ba="0,1" hai="13,19,21,52,55,56,60,64,73,79,81,92,97,103" machi="92" ten="20,7800,0" yaku="1,1,0,1,7,1,54,1,53,0" doraHai="111" doraHaiUra="113" who="2" fromWho="2" sc="320,-26,233,-26,204,88,233,-26" /><INIT seed="6,1,0,5,1,54" ten="294,207,292,207" oya="2" hai0="47,40,82,65,94,131,81,87,58,76,57,25,114" hai1="122,8,2,48,7,10,60,109,71,56,63,102,98" hai2="119,96,36,24,125,100,28,44,134,33,23,45,13" hai3="15,11,51,39,106,18,27,1,124,104,69,49,85"/><V117/><F125/><W66/><G39/><T19/><D65/><U20/><E109/><V78/><F134/><W74/><G74/><T113/><D94/><U30/><E122/><V97/><F97/><W79/><G124/><T35/><D81/><U38/><E38/><V52/><F78/><W129/><G129/><T135/><D131/><U90/><E71/><V123/><F123/><W101/><G1/><T16/><D35/><U121/><E121/><V83/><F83/><W32/><G106/><T80/><D80/><U73/><E73/><V120/><F120/><W42/><G42/><T53/><D53/><U92/><E60/><V77/><F77/><W88/><G79/><T107/><D107/><U4/><E48/><V21/><F45/><W105/><G105/><T5/><D5/><N who="1" m="1079" /><E10/><V132/><F132/><W99/><G66/><T62/><D62/><U46/><E46/><V72/><F72/><W128/><G69/><T127/><D127/><U34/><E34/><V50/><F33/><W95/><REACH who="3" step="1"/><G128/><REACH who="3" ten="294,207,292,197" step="2"/><T91/><D76/><U67/><E90/><V84/><F36/><W26/><G26/><AGARI ba="1,1" hai="4,7,20,26,30,56,63,67,92,98,102" m="1079" machi="26" ten="30,2000,0" yaku="25,1,52,1" doraHai="54" who="1" fromWho="3" sc="294,0,207,33,292,0,197,-23" /><INIT seed="7,0,0,4,5,80" ten="294,240,292,174" oya="3" hai0="90,115,116,94,102,114,127,79,13,65,78,113,7" hai1="45,106,31,1,8,6,60,33,130,118,69,14,81" hai2="101,82,4,109,89,30,58,39,68,87,97,85,96" hai3="122,124,34,77,110,128,56,66,121,29,37,64,23"/><W132/><G34/><T51/><D127/><U52/><E106/><V95/><F39/><W41/><G124/><T120/><D116/><U36/><E118/><V50/><F68/><W74/><G128/><T5/><D120/><U17/><E130/><V27/><F4/><N who="0" m="1610" /><D102/><U49/><E36/><V105/><F109/><W55/><G132/><T117/><D117/><U104/><E104/><V135/><F135/><W19/><G110/><T3/><D3/><U112/><E112/><V75/><F75/><W10/><G122/><T15/><D51/><U123/><E123/><V2/><F2/><W62/><G121/><T12/><D65/><U43/><E69/><V18/><F18/><W83/><G37/><T16/><D16/><U70/><E70/><V26/><F82/><W76/><G76/><T92/><D92/><U54/><E60/><V129/><F27/><W111/><G111/><T20/><D20/><N who="1" m="11319" /><E81/><V98/><F98/><AGARI ba="0,0" hai="12,13,15,78,79,90,94,98,113,114,115" m="1610" machi="98" ten="40,2600,0" yaku="15,1,11,1" doraHai="80" who="0" fromWho="2" sc="294,26,240,0,292,-26,174,0" owari="320,42.0,240,-16.0,266,7.0,174,-33.0" /></mjloggm>