<mjloggm ver="2.3"><GO type="169" lobby="0"/><UN n0="%E3%83%88%E3%83%88%E3%83%AA%E5%85%88%E7%94%9F%31%39%E6%AD%B3" n1="%E3%82%B7%E3%82%A7%E3%83%95%E3%83%81%E3%83%A7%E3%82%B3" n2="%E5%AE%89%E9%81%94%E3%81%95%E3%81%8F%E3%82%89" n3="%74%61%74%73%75%37%30%32" dan="19,16,16,16" rate="2318.77,2060.00,2036.79,2194.42" sx="F,M,M,M"/><TAIKYOKU oya="0"/><INIT seed="0,0,0,3,0,7" ten="250,250,250,250" oya="0" hai0="88,29,67,23,16,132,110,1,13,87,34,50,95" hai1="9,99,75,108,36,11,59,124,116,49,89,63,100" hai2="4,83,76,26,10,20,39,28,122,44,61,86,126" hai3="40,32,22,8,27,19,119,55,52,77,118,51,120"/><T133/><D1/><U74/><E36/><V72/><F122/><W98/><G120/><T66/><D110/><U105/><E108/><V37/><F126/><W79/><G32/><T96/><D34/><U71/><E116/><V128/><F128/><W41/><G119/><T121/><D121/><U81/><E124/><V127/><F127/><W131/><G131/><T2/><D2/><U64/><E89/><V57/><F44/><N who="3" m="27751" /><G118/><T48/><D29/><U35/><E35/><V3/><REACH who="2" step="1"/><F72/><REACH who="2" ten="250,250,240,250" step="2"/><W114/><G114/><T112/><D112/><U80/><E75/><V24/><F24/><W38/><G38/><T5/><D133/><U84/><E74/><V107/><F107/><W69/><G69/><T62/><D132/><U90/><E71/><V68/><F68/><W70/><G70/><T12/><D62/><U92/><REACH who="1" step="1"/><E49/><REACH who="1" ten="250,240,240,250" step="2"/><V6/><F6/><W58/><G79/><T47/><D50/><U78/><E78/><V31/><F31/><N who="3" m="17911" /><G77/><T123/><D123/><U14/><E14/><V54/><AGARI ba="0,2" hai="3,4,10,20,26,28,37,39,54,57,61,76,83,86" machi="54" ten="20,8000,1" yaku="1,1,0,1,7,1,52,1,53,1" doraHai="7" doraHaiUra="21" who="2" fromWho="2" sc="250,-40,240,-20,240,100,250,-20" /><INIT seed="1,0,0,2,5,65" ten="210,220,340,230" oya="1" hai0="29,92,79,6,99,17,52,114,32,53,97,20,50" hai1="109,54,56,15,12,76,75,46,49,0,135,130,45" hai2="38,85,72,44,7,5,91,82,112,57,23,63,102" hai3="121,113,123,132,69,73,24,66,51,96,3,84,133"/><U77/><E0/><V30/><F112/><W81/><G3/><T124/><D114/><U93/><E135/><N who="3" m="51786" /><G113/><T47/><D124/><U58/><E130/><V33/><F33/><W59/><G73/><T87/><D6/><U83/><E109/><V43/><F102/><W18/><G96/><T60/><D29/><U26/><E77/><V98/><F72/><W125/><G24/><T90/><D32/><U110/><E110/><V134/><F134/><W1/><G1/><T128/><D128/><U108/><E108/><V21/><F98/><W13/><G125/><T16/><D17/><U94/><E56/><V107/><F107/><W25/><G25/><N who="0" m="14471" /><D79/><U64/><E26/><V19/><F30/><W37/><G37/><T131/><D131/><U105/><E105/><V34/><F34/><W9/><G69/><T117/><D117/><U78/><E78/><V40/><F23/><W111/><G111/><T80/><D80/><U120/><E120/><V101/><F5/><W68/><G68/><T127/><D127/><U70/><E70/><V106/><F7/><W55/><G66/><T88/><D90/><AGARI ba="0,0" hai="9,13,18,51,55,59,81,84,90,121,123" m="51786" machi="90" ten="30,1000,0" yaku="20,1" doraHai="65" who="3" fromWho="0" sc="210,-10,220,0,340,0,230,10" /><INIT seed="2,0,0,0,5,100" ten="200,220,340,240" oya="2" hai0="77,110,36,55,124,5,34,73,57,107,18,115,29" hai1="20,128,9,132,112,27,61,81,82,89,7,117,99" hai2="40,15,22,98,130,133,135,123,113,103,95,79,70" hai3="90,76,52,2,106,69,23,30,85,108,26,3,78"/><V44/><F113/><W28/><G69/><T33/><D115/><U65/><E117/><V41/><F123/><W93/><G108/><T14/><D36/><U42/><E112/><V60/><F130/><W25/><G106/><T71/><D71/><U51/><E128/><V114/><F114/><W24/><G3/><T53/><D110/><U59/><E132/><N who="2" m="50763" /><F79/><W54/><G2/><T6/><D124/><U37/><E37/><N who="2" m="21519" /><F41/><W19/><G30/><T62/><D107/><U84/><E99/><V32/><F32/><W48/><G54/><T50/><D77/><N who="3" m="29801" /><G28/><T64/><D73/><U38/><E38/><V131/><F131/><W63/><G63/><T91/><D33/><U122/><E122/><V39/><F39/><W67/><G67/><T58/><D64/><U0/><E51/><V121/><F121/><W116/><G116/><T87/><D29/><U88/><E42/><V105/><F60/><W102/><G102/><T75/><D34/><U72/><E72/><V47/><F47/><AGARI ba="0,0" hai="19,23,24,25,26,47,48,52,85,90,93" m="29801" machi="47" ten="30,2000,0" yaku="8,1,54,1" doraHai="100" who="3" fromWho="2" sc="200,0,220,0,340,-20,240,20" /><INIT seed="3,0,0,3,4,19" ten="200,220,320,260" oya="3" hai0="135,67,120,113,130,25,77,41,23,4,121,40,131" hai1="57,70,117,126,27,42,17,103,125,32,39,104,9" hai2="54,118,58,84,92,86,3,56,107,128,44,75,102" hai3="73,49,22,134,52,66,16,133,34,98,115,105,1"/><W71/><G73/><T119/><D119/><U13/><E70/><V129/><F75/><W36/><G34/><T48/><D77/><U24/><E117/><V87/><F118/><W12/><G1/><T72/><D72/><U0/><E0/><V95/><F3/><W110/><G36/><T29/><D135/><N who="3" m="51721" /><G115/><T55/><D113/><U93/><E104/><V122/><F122/><N who="0" m="47210" /><D67/><U5/><E42/><V18/><F44/><N who="3" m="27687" /><G110/><T96/><D96/><N who="1" m="59791" /><E39/><V43/><F43/><W30/><G30/><T79/><D79/><U109/><E32/><V111/><F111/><W45/><G45/><N who="0" m="28047" /><D4/><U94/><E5/><V33/><F33/><W114/><G114/><T11/><D11/><U26/><E9/><V112/><F112/><W99/><G105/><T78/><D78/><U85/><E109/><V14/><F107/><W88/><G88/><T51/><D51/><U28/><E28/><V89/><F102/><W61/><AGARI ba="0,0" hai="12,16,22,61,66,71,98,99" m="27687,51721" machi="61" ten="30,11700,0" yaku="20,1,52,1,54,2" doraHai="19" who="3" fromWho="3" sc="200,-39,220,-39,320,-39,260,117" /><INIT seed="3,1,0,2,1,36" ten="161,181,281,377" oya="3" hai0="122,81,3,135,96,23,71,46,47,61,125,31,83" hai1="34,117,38,65,134,116,95,50,114,75,103,102,6" hai2="98,24,120,101,109,92,86,20,32,68,25,77,126" hai3="49,52,100,54,29,73,57,72,41,107,89,30,5"/><W45/><G5/><T124/><D122/><U27/><E38/><V13/><F109/><W113/><G113/><T59/><D71/><U39/><E39/><V78/><F68/><W9/><G9/><T7/><D135/><U11/><E114/><V90/><F126/><N who="0" m="48746" /><D31/><N who="1" m="19839" /><E75/><V106/><F120/><W63/><G73/><T82/><D23/><U88/><E65/><V69/><F69/><W62/><G72/><T128/><D128/><U87/><E134/><V105/><F105/><W110/><G110/><T44/><D96/><U53/><E53/><V35/><F13/><W0/><G0/><T85/><D7/><U33/><E50/><V108/><F108/><W74/><G74/><T115/><D3/><N who="1" m="479" /><E33/><V121/><F121/><W19/><G107/><T129/><D129/><U22/><E22/><V14/><F35/><W112/><G112/><T67/><D115/><U104/><E104/><V64/><F32/><W131/><G131/><T91/><AGARI ba="1,0" hai="44,46,47,59,61,67,81,82,83,85,91" m="48746" machi="91" ten="30,1100,0" yaku="18,1" doraHai="36" who="0" fromWho="0" sc="161,14,181,-4,281,-4,377,-6" /><INIT seed="4,0,0,3,3,114" ten="175,177,277,371" oya="0" hai0="44,113,29,80,9,21,34,88,45,82,31,54,43" hai1="111,37,64,36,86,28,2,1,13,59,41,106,87" hai2="71,51,18,60,52,46,50,108,91,95,12,100,65" hai3="68,109,22,40,125,47,90,78,85,23,105,11,96"/><T121/><D121/><U62/><E111/><V38/><F108/><W115/><G109/><T61/><D34/><U57/><E106/><V0/><F0/><W27/><G115/><T112/><D112/><U98/><E98/><V56/><F100/><W101/><G68/><T116/><D116/><U42/><E28/><N who="0" m="10825" /><D113/><U5/><E13/><V79/><F79/><W75/><G125/><T132/><D132/><U89/><E62/><V55/><F38/><N who="3" m="21911" /><G27/><T77/><D77/><U39/><E64/><V15/><REACH who="2" step="1"/><F18/><REACH who="2" ten="175,177,267,371" step="2"/><W104/><G105/><T10/><D43/><U122/><E37/><V3/><F3/><W32/><G78/><T118/><D118/><U93/><E122/><V16/><F16/><W19/><G19/><T24/><D9/><U84/><E39/><V49/><F49/><W48/><G11/><T74/><D10/><U4/><E36/><V14/><F14/><W128/><G48/><T20/><D24/><U33/><E2/><V92/><F92/><W6/><G101/><T131/><D82/><U130/><E1/><V81/><F81/><W7/><G104/><T134/><D134/><U124/><E33/><V73/><F73/><W107/><G32/><T69/><D74/><U70/><E124/><V17/><F17/><W120/><G75/><T129/><D21/><U8/><E8/><V72/><F72/><W94/><G23/><T83/><D20/><U123/><E123/><V97/><AGARI ba="0,1" hai="12,15,46,50,51,52,55,56,60,65,71,91,95,97" machi="97" ten="20,5200,0" yaku="1,1,0,1,7,1,54,1,53,0" doraHai="114" doraHaiUra="117" who="2" fromWho="2" sc="175,-26,177,-13,267,62,371,-13" /><INIT seed="5,0,0,2,2,87" ten="149,164,329,358" oya="1" hai0="25,36,134,10,23,96,16,108,115,21,74,86,110" hai1="113,82,11,85,81,54,2,98,95,48,20,89,101" hai2="0,132,119,13,29,4,53,88,30,44,1,6,93" hai3="90,14,33,116,97,35,57,62,31,92,109,41,99"/><U50/><E113/><V112/><F119/><W121/><G116/><T117/><D117/><U130/><E130/><V135/><F112/><W9/><G121/><T69/><D74/><U70/><E70/><V37/><F53/><W64/><G109/><T126/><D69/><U7/><E20/><V118/><F118/><W12/><G12/><T49/><D36/><U71/><E71/><V100/><F100/><W76/><G76/><T34/><D34/><U133/><E133/><N who="2" m="51275" /><F44/><W111/><G111/><T114/><D134/><U67/><E67/><V123/><F37/><W47/><G31/><N who="2" m="11785" /><F123/><W19/><G99/><T32/><D32/><U75/><E75/><V83/><F83/><W60/><G60/><T125/><D96/><U73/><E73/><V127/><F127/><W28/><G28/><T18/><D49/><AGARI ba="0,0" hai="9,14,19,33,35,41,47,49,57,62,64,90,92,97" machi="49" ten="30,2000,0" yaku="7,1,52,1" doraHai="87" who="3" fromWho="0" sc="149,-20,164,0,329,0,358,20" /><INIT seed="6,0,0,3,3,110" ten="129,164,329,378" oya="2" hai0="12,70,30,42,69,4,24,87,125,68,133,88,19" hai1="77,126,23,71,44,47,80,86,100,91,35,128,60" hai2="107,116,43,11,83,76,33,85,32,94,65,134,84" hai3="97,81,82,89,13,20,51,105,99,115,37,29,3"/><V72/><F116/><W18/><G37/><T40/><D4/><U5/><E35/><V67/><F107/><W92/><G3/><T98/><D98/><U122/><E128/><V102/><F134/><W114/><G29/><T132/><D125/><U129/><E129/><V58/><F43/><W50/><G82/><T96/><D96/><U17/><E126/><V124/><F124/><W106/><G81/><T7/><D7/><U26/><E122/><V101/><F32/><W21/><G20/><T74/><D74/><U123/><E123/><V63/><F33/><W56/><G106/><T15/><D24/><U118/><E118/><V113/><F113/><N who="3" m="43019" /><G56/><T131/><D30/><U119/><E119/><V112/><F112/><W9/><G9/><T93/><D131/><U54/><E77/><V109/><F109/><W111/><G111/><T6/><D6/><U121/><E5/><V53/><F11/><W75/><G75/><T66/><D15/><U90/><E121/><V22/><F22/><W10/><G21/><N who="0" m="11495" /><D66/><N who="2" m="25098" /><F72/><W16/><G18/><T59/><D59/><N who="1" m="34935" /><E17/><V117/><F117/><W0/><G0/><T130/><D130/><U14/><E14/><V25/><F25/><W38/><G38/><T31/><D31/><U49/><E23/><V2/><F2/><W61/><G61/><T64/><D64/><U135/><E26/><V8/><F8/><W36/><G36/><T46/><D46/><U120/><E47/><V127/><F127/><W55/><G55/><T73/><D73/><U27/><E44/><V1/><F1/><W78/><G78/><T41/><D69/><RYUUKYOKU ba="0,0" sc="129,10,164,-30,329,10,378,10" hai0="40,41,42,68,70,87,88,93,132,133" hai2="53,58,63,76,83,84,85,94,101,102" hai3="10,13,16,50,51,89,92,97,99,105" /><INIT seed="6,1,0,4,0,135" ten="139,134,339,388" oya="2" hai0="11,102,107,90,18,53,117,98,4,67,104,108,129" hai1="37,40,28,122,25,110,39,133,134,7,29,86,79" hai2="9,75,2,63,93,81,41,62,77,125,127,94,55" hai3="126,119,35,23,10,99,121,56,33,74,0,52,87"/><V22/><F22/><W24/><G119/><T130/><D108/><U83/><E110/><V68/><F41/><W36/><G74/><T73/><D117/><U88/><E122/><V80/><F80/><W58/><G36/><T46/><D73/><U101/><E101/><V115/><F115/><W30/><G121/><T96/><D67/><U112/><E112/><V69/><F2/><W82/><G58/><T123/><D123/><U12/><E79/><V105/><F9/><W42/><G99/><T76/><D76/><U97/><E97/><V100/><F105/><W15/><G126/><N who="2" m="48137" /><F55/><W124/><G124/><T21/><D104/><U116/><E116/><V103/><F93/><W113/><G113/><T51/><D107/><U120/><E120/><V70/><F94/><W16/><G0/><N who="0" m="391" /><D90/><U106/><E106/><V14/><F14/><W54/><G42/><T45/><D102/><AGARI ba="1,0" hai="62,63,68,69,70,75,77,81,100,102,103" m="48137" machi="102" ten="40,12000,1" yaku="18,1,52,3" doraHai="135" who="2" fromWho="0" sc="139,-123,134,0,339,123,388,0" /><INIT seed="6,2,0,2,1,12" ten="16,134,462,388" oya="2" hai0="29,72,80,85,121,107,123,23,117,130,86,114,27" hai1="70,82,40,94,28,8,74,0,131,18,116,1,69" hai2="2,35,61,120,30,16,15,32,135,103,75,41,50" hai3="119,76,104,88,99,49,83,53,11,66,3,108,81"/><V64/><F120/><W122/><G119/><T125/><D117/><U90/><E116/><V52/><F75/><W128/><G122/><T124/><D107/><U17/><E28/><V111/><F2/><W47/><G108/><T26/><D72/><U38/><E131/><V79/><F79/><W127/><G128/><T24/><D130/><U110/><E110/><V93/><F111/><W106/><G127/><N who="0" m="48715" /><D86/><N who="1" m="52567" /><E1/><V46/><F135/><W91/><G66/><T48/><D114/><U37/><E37/><V89/><F103/><W14/><G3/><T134/><D134/><U78/><E69/><V59/><F30/><W132/><G132/><T113/><D113/><U102/><E70/><V22/><F64/><W51/><G51/><T34/><D48/><U126/><E102/><V6/><F6/><W55/><G55/><T84/><D84/><AGARI ba="2,0" hai="15,16,22,32,35,41,46,50,52,59,61,84,89,93" machi="84" ten="30,11600,0" yaku="7,1,52,1,54,2" doraHai="12" who="2" fromWho="0" sc="16,-122,134,0,462,122,388,0" owari="-106,-61.0,134,-27.0,584,69.0,388,19.0" /></mjloggm>