<mjloggm ver="2.3"><GO type="169" lobby="0"/><UN n0="%E3%82%A6%E3%83%AB%E3%83%88%E3%83%A9%E7%AB%8B%E7%9B%B4" n1="%E9%B3%B3%E5%BC%A5" n2="%E3%83%A4%E3%82%B3%E3%83%96%E3%82%B3%E3%83%BC%E3%82%A8%E3%83%B3" n3="%E6%A1%9C%E4%B8%BC%E7%AB%A0%E4%B8%80" dan="19,16,17,16" rate="2315.17,2108.28,2177.32,2089.03" sx="M,M,M,M"/><TAIKYOKU oya="0"/><INIT seed="0,0,0,1,0,44" ten="250,250,250,250" oya="0" hai0="71,82,78,41,10,15,104,47,51,48,30,102,54" hai1="33,45,40,19,24,129,23,91,123,113,85,60,64" hai2="74,62,42,135,87,17,7,16,46,66,75,117,112" hai3="1,26,103,80,107,52,109,28,98,92,95,134,5"/><T81/><D71/><U126/><E123/><V116/><F112/><W88/><G109/><T97/><D30/><U72/><E72/><V83/><F7/><W76/><G134/><T31/><D31/><U65/><E126/><V99/><F99/><W4/><G1/><T90/><D90/><U110/><E110/><V22/><F135/><W132/><G132/><T68/><D68/><U131/><E33/><V59/><F75/><W130/><G130/><N who="1" m="49674" /><E60/><V106/><F74/><W84/><G95/><T9/><D78/><U55/><E55/><V8/><F106/><W49/><G107/><T108/><D108/><U50/><E113/><V101/><F101/><W111/><G76/><T89/><D89/><U34/><E34/><V118/><F8/><W18/><G18/><T27/><D27/><U120/><E120/><V94/><F94/><AGARI ba="0,0" hai="19,23,24,40,45,50,64,65,85,91,94" m="49674" machi="94" ten="30,2000,0" yaku="19,1,52,1" doraHai="44" who="1" fromWho="2" sc="250,0,250,20,250,-20,250,0" /><INIT seed="1,0,0,3,3,119" ten="250,270,230,250" oya="1" hai0="101,93,85,90,97,87,120,37,23,67,130,20,122" hai1="29,14,84,17,76,98,55,31,126,28,6,47,65" hai2="123,86,36,92,41,131,109,89,54,56,45,106,66" hai3="24,34,38,3,33,117,42,118,95,26,96,48,133"/><U74/><E74/><V7/><F106/><W44/><G3/><T79/><D37/><U134/><E134/><V58/><F109/><W72/><G72/><T81/><D67/><U102/><E65/><V61/><F131/><W77/><G133/><T115/><D115/><U39/><E6/><V40/><F40/><W99/><G77/><T4/><D4/><U62/><E39/><V1/><F7/><W125/><G125/><T135/><D135/><U121/><E121/><N who="0" m="46697" /><D130/><U68/><E68/><V46/><F46/><W59/><G99/><T16/><D16/><U70/><E70/><V8/><F8/><W50/><G38/><T111/><D111/><U128/><E126/><V105/><F105/><AGARI ba="0,0" hai="20,23,79,81,85,87,90,93,97,101,105" m="46697" machi="105" ten="30,7700,0" yaku="13,1,52,3" doraHai="119" who="0" fromWho="2" sc="250,77,270,0,230,-77,250,0" /><INIT seed="2,0,0,2,0,73" ten="327,270,153,250" oya="2" hai0="70,81,65,27,4,36,116,20,117,122,66,96,18" hai1="12,119,54,35,102,0,74,132,44,29,127,9,90" hai2="11,110,57,67,25,85,6,22,59,130,3,128,101" hai3="8,23,129,34,108,47,51,60,16,93,75,123,48"/><V120/><F120/><W31/><G75/><T109/><D36/><U69/><E69/><V13/><F101/><W135/><G123/><T118/><D122/><U42/><E74/><V106/><F106/><W83/><G108/><T114/><D114/><U49/><E102/><V79/><F110/><W134/><G129/><T61/><D109/><U125/><E119/><V68/><F68/><W37/><G37/><T104/><D66/><U7/><E132/><N who="3" m="50730" /><G83/><T86/><D4/><U2/><E90/><V43/><F43/><W26/><G8/><T124/><D124/><N who="1" m="47691" /><E42/><V82/><F3/><W87/><G47/><T88/><D96/><U40/><E54/><V28/><REACH who="2" step="1"/><F67/><REACH who="2" ten="327,270,143,250" step="2"/><W32/><G32/><T46/><D104/><U50/><E2/><V89/><F89/><W1/><G1/><T71/><D71/><U121/><E121/><V98/><F98/><W72/><G34/><T80/><D46/><U103/><E103/><V97/><F97/><W33/><G33/><T56/><D70/><U115/><E0/><V39/><F39/><W131/><G131/><AGARI ba="0,1" hai="6,11,13,22,25,28,57,59,79,82,85,128,130,131" machi="131" ten="40,12000,1" yaku="1,1,19,1,52,1,53,1" doraHai="73" doraHaiUra="5" who="2" fromWho="3" sc="327,0,270,0,143,130,250,-120" /><INIT seed="2,1,0,1,2,0" ten="327,270,273,130" oya="2" hai0="2,40,106,95,105,107,52,131,20,19,124,127,5" hai1="74,6,85,8,32,18,104,93,90,83,25,65,76" hai2="109,103,94,34,38,45,54,39,86,78,28,135,1" hai3="36,14,47,31,23,43,26,102,64,21,130,132,84"/><V91/><F1/><W66/><G132/><T9/><D40/><U4/><E65/><V63/><F135/><W60/><G130/><T98/><D131/><U55/><E55/><V133/><F133/><W33/><G102/><T51/><D19/><U53/><E53/><V87/><F103/><W116/><G116/><T79/><D79/><U75/><E75/><V22/><F34/><W99/><G99/><T113/><D20/><U24/><E104/><V29/><F39/><W125/><G125/><T117/><D113/><U16/><E32/><V56/><F109/><W37/><G37/><T119/><D95/><U80/><E80/><V50/><F38/><W110/><G110/><T128/><D98/><N who="1" m="57655" /><E74/><V115/><F115/><W42/><G42/><T35/><D35/><U118/><E118/><N who="0" m="45065" /><D128/><U70/><E70/><V48/><F48/><W126/><G126/><N who="0" m="48171" /><D107/><U92/><E92/><V71/><F71/><W134/><G134/><T59/><AGARI ba="1,0" hai="2,5,9,51,52,59,105,106" m="48171,45065" machi="59" ten="30,7900,0" yaku="12,1,18,1,52,1,54,1" doraHai="0" who="0" fromWho="0" sc="327,82,270,-21,273,-40,130,-21" /><INIT seed="3,0,0,5,4,87" ten="409,249,233,109" oya="3" hai0="54,135,63,95,62,83,12,15,112,0,24,121,97" hai1="35,16,71,33,7,32,110,126,128,130,109,48,122" hai2="76,92,34,124,23,2,18,27,118,39,46,114,120" hai3="29,1,111,28,69,86,116,115,74,31,132,19,80"/><W52/><G116/><T47/><D0/><U56/><E71/><V93/><F2/><W131/><G115/><T20/><D121/><U38/><E38/><V119/><F114/><W79/><G1/><T127/><D127/><U88/><E122/><V123/><F124/><W57/><G69/><T41/><D135/><U44/><E56/><V6/><F6/><W100/><G132/><T30/><D83/><U13/><E7/><V89/><F76/><W99/><G131/><N who="1" m="50218" /><E126/><V58/><F34/><W73/><G111/><N who="1" m="42506" /><E88/><V98/><F123/><W67/><G67/><T78/><D63/><U61/><E61/><V4/><F4/><W90/><G19/><T53/><D62/><U108/><E108/><V55/><F120/><W42/><G42/><T49/><D112/><U5/><E5/><V17/><F18/><W66/><G66/><T82/><D54/><N who="1" m="29959" /><E35/><V70/><F70/><W102/><G79/><T134/><D53/><U64/><E64/><V91/><F46/><W25/><G25/><T81/><D134/><U94/><E94/><V129/><F39/><W40/><G40/><T133/><D133/><U3/><E3/><V36/><F36/><W107/><REACH who="3" step="1"/><G100/><REACH who="3" ten="409,249,233,99" step="2"/><N who="0" m="60479" /><D78/><U113/><E113/><V10/><F129/><W11/><G11/><AGARI ba="0,1" hai="11,13,16,32,33" m="29959,42506,50218" machi="11" ten="30,3900,0" yaku="19,1,14,1,54,1" doraHai="87" who="1" fromWho="3" sc="409,0,249,49,233,0,99,-39" /><INIT seed="4,0,0,2,3,29" ten="409,298,233,60" oya="0" hai0="130,82,111,8,89,115,118,120,129,69,116,134,124" hai1="3,76,93,90,42,45,22,27,5,51,110,43,85" hai2="57,28,71,86,84,73,14,13,81,21,77,18,98" hai3="96,78,123,87,128,36,126,7,15,97,50,1,46"/><T119/><D69/><U100/><E110/><V92/><F71/><W12/><G36/><T74/><D8/><U101/><E42/><V67/><F14/><W114/><G114/><T122/><D74/><U79/><E3/><V103/><F67/><W113/><G113/><T133/><D115/><U10/><E10/><V95/><F92/><W32/><G32/><T11/><D11/><U112/><E5/><V52/><REACH who="2" step="1"/><F28/><REACH who="2" ten="409,298,223,60" step="2"/><W125/><G15/><T33/><D119/><U117/><E117/><V24/><F24/><W72/><G12/><T107/><D118/><U9/><E112/><V70/><F70/><W60/><G1/><T108/><D116/><U4/><E4/><V132/><F132/><W37/><G123/><T64/><D133/><U104/><E104/><V109/><F109/><W105/><G105/><T65/><D107/><U106/><E106/><V34/><F34/><W83/><G128/><T121/><D33/><U58/><E9/><V6/><F6/><W31/><G7/><T56/><D134/><U19/><E27/><V55/><F55/><W2/><G31/><T25/><D130/><U53/><E19/><V23/><F23/><W48/><G2/><T68/><D129/><U135/><E22/><V75/><F75/><W62/><G72/><T0/><D122/><U49/><E135/><V94/><F94/><W17/><G17/><T40/><D121/><U44/><E44/><V38/><F38/><W39/><G46/><T91/><D120/><U35/><E35/><V59/><F59/><W47/><G47/><T66/><D68/><U54/><E54/><RYUUKYOKU ba="0,1" sc="409,-15,298,15,223,15,60,-15" hai1="43,45,49,51,53,58,76,79,85,90,93,100,101" hai2="13,18,21,52,57,73,77,81,84,86,95,98,103" /><INIT seed="5,1,1,3,4,127" ten="394,313,238,45" oya="1" hai0="0,81,55,78,129,122,24,108,29,52,116,41,35" hai1="54,132,37,111,104,84,94,107,103,134,106,10,63" hai2="130,42,75,100,97,74,98,86,70,113,96,40,39" hai3="12,91,82,58,4,76,117,57,38,68,1,26,115"/><U89/><E37/><V88/><F70/><W72/><G68/><T46/><D108/><U83/><E10/><V43/><F39/><W23/><G115/><T30/><D116/><U128/><E54/><V56/><F113/><W105/><G117/><T66/><D66/><U87/><E63/><V16/><F100/><W59/><G105/><T123/><D30/><U125/><E125/><V28/><F28/><W13/><G38/><N who="0" m="21815" /><D0/><U5/><E5/><V65/><F130/><W131/><G91/><T49/><D129/><U50/><E50/><V14/><F56/><W7/><G131/><T48/><D48/><U60/><E60/><V135/><F65/><W20/><G1/><T93/><D49/><U71/><E71/><V22/><REACH who="2" step="1"/><F135/><REACH who="2" ten="394,313,228,45" step="2"/><N who="1" m="51753" /><E128/><V15/><F15/><W95/><G13/><T110/><D29/><U67/><E67/><V27/><F27/><W101/><G101/><T21/><D24/><U47/><E111/><V99/><N who="2" m="24576" /><DORA hai="2" /><V64/><F64/><W6/><G12/><T3/><D110/><U45/><E103/><V25/><F25/><W118/><G118/><T121/><D3/><U79/><AGARI ba="1,2" hai="45,47,79,83,84,87,89,94,104,106,107" m="51753" machi="79" ten="40,2100,0" yaku="20,1" doraHai="127,2" who="1" fromWho="1" sc="394,-8,313,44,228,-8,45,-8" /><INIT seed="5,2,0,4,5,4" ten="386,357,220,37" oya="1" hai0="74,43,54,37,62,0,8,6,22,46,117,61,38" hai1="83,47,34,75,126,99,23,78,82,86,91,121,41" hai2="30,81,115,48,73,127,13,7,1,50,16,21,108" hai3="72,80,71,97,95,98,40,53,49,60,14,106,119"/><U65/><E121/><V66/><F108/><W100/><G119/><T103/><D117/><U124/><E34/><V76/><F127/><N who="1" m="48681" /><E65/><V101/><F115/><W24/><G40/><T70/><D38/><N who="1" m="21943" /><E23/><V112/><F112/><W105/><G24/><T93/><D70/><U63/><E63/><V135/><F135/><W134/><G134/><T15/><D54/><U77/><E99/><V35/><F66/><W2/><G2/><T58/><D58/><U29/><E29/><V11/><F101/><W79/><G14/><T88/><D103/><U120/><E120/><V9/><F11/><W59/><G97/><T68/><D68/><U123/><E123/><V44/><F44/><W25/><G25/><AGARI ba="2,0" hai="1,7,9,13,16,21,25,30,35,48,50,73,76,81" machi="25" ten="40,8000,1" yaku="24,2,52,1,54,1" doraHai="4" who="2" fromWho="3" sc="386,0,357,0,220,86,37,-86" owari="386,48.0,357,16.0,306,-9.0,-49,-55.0" /></mjloggm>