<mjloggm ver="2.3"><GO type="169" lobby="0"/><UN n0="%E3%82%A6%E3%83%AB%E3%83%88%E3%83%A9%E7%AB%8B%E7%9B%B4" n1="%E3%83%A9%E3%83%83%E3%82%AD%E3%83%BC%E3%83%89%E3%83%83%E3%82%B0" n2="%57%49%4E%E7%A5%9E" n3="%E3%81%BE%E3%81%A4%E3%81%AB%E3%82%83%E3%82%93" dan="18,17,16,16" rate="2221.54,2119.97,2099.20,2060.43" sx="M,F,M,M"/><TAIKYOKU oya="0"/><INIT seed="0,0,0,5,2,115" ten="250,250,250,250" oya="0" hai0="95,99,47,58,61,129,7,24,54,90,9,124,86" hai1="60,119,72,117,126,108,18,50,80,4,20,42,31" hai2="33,22,68,56,87,23,118,62,101,35,52,82,63" hai3="6,11,43,45,111,46,14,131,122,127,28,120,76"/><T57/><D129/><U105/><E105/><V79/><F101/><W134/><G127/><T65/><D124/><U39/><E126/><V73/><F73/><W77/><G134/><T112/><D112/><U78/><E39/><V70/><F118/><W130/><G111/><T38/><D24/><U91/><E108/><V15/><F23/><W114/><G114/><T69/><D99/><U133/><E133/><V41/><F41/><W85/><G28/><T102/><D102/><U93/><E4/><V34/><F63/><W75/><G75/><T66/><D66/><U40/><E31/><V92/><F92/><W1/><G1/><T64/><D64/><U55/><E60/><V88/><REACH who="2" step="1"/><F79/><REACH who="2" ten="250,250,240,250" step="2"/><W116/><G116/><T25/><D25/><U53/><E40/><V106/><F106/><W12/><G43/><T48/><REACH who="0" step="1"/><D38/><REACH who="0" ten="240,250,240,250" step="2"/><U17/><E119/><V74/><F74/><W132/><G132/><T96/><D96/><U36/><E117/><V3/><F3/><AGARI ba="0,2" hai="3,7,9,47,48,54,57,58,61,65,69,86,90,95" machi="3" ten="30,2900,0" yaku="1,1,7,1,53,0" doraHai="115" doraHaiUra="97" who="0" fromWho="2" sc="240,49,250,0,240,-29,250,0" /><INIT seed="0,1,0,3,3,134" ten="289,250,211,250" oya="0" hai0="61,36,113,110,106,123,66,64,96,1,42,122,45" hai1="19,55,27,72,121,93,132,107,114,21,125,80,63" hai2="29,88,127,3,37,12,108,82,69,101,135,57,8" hai3="87,76,41,9,92,74,68,117,120,50,4,6,105"/><T46/><D1/><U94/><E107/><V49/><F69/><W48/><G117/><T23/><D23/><U84/><E121/><V47/><F135/><W99/><G68/><N who="0" m="41999" /><D96/><U98/><E132/><V30/><F3/><W81/><G120/><N who="0" m="46123" /><D106/><U116/><E116/><V18/><F108/><W10/><G6/><T15/><D15/><U39/><E39/><V31/><F101/><N who="3" m="62655" /><G10/><T67/><D113/><U103/><E125/><V28/><F127/><W104/><G104/><T33/><D33/><U90/><E114/><V73/><F37/><W40/><G40/><N who="0" m="22663" /><D110/><U65/><E72/><V115/><F115/><W53/><G9/><T34/><D34/><U119/><E119/><V5/><F5/><W97/><G97/><T124/><D124/><U24/><E24/><V75/><F73/><W78/><G78/><T43/><D43/><U60/><E80/><V112/><F75/><W89/><G4/><T71/><D71/><U26/><E26/><V59/><F112/><W131/><G41/><T86/><D86/><U85/><E85/><N who="2" m="50231" /><F31/><W62/><G74/><T126/><D126/><U79/><E79/><V20/><F8/><W70/><G76/><T109/><D109/><U95/><E103/><V58/><F30/><W83/><G83/><T32/><D32/><U0/><E0/><V77/><F77/><W133/><G133/><T44/><D44/><U128/><E84/><V35/><F35/><W51/><G81/><T111/><D111/><U7/><E7/><V56/><N who="2" m="14848" /><DORA hai="13" /><V38/><F38/><AGARI ba="1,0" hai="38,42,46,66,67" m="22663,46123,41999" machi="38" ten="30,2900,0" yaku="34,2" doraHai="134,13" who="0" fromWho="2" sc="289,32,250,0,211,-32,250,0" /><INIT seed="0,2,0,0,5,124" ten="321,250,179,250" oya="0" hai0="114,52,76,18,10,99,97,54,117,91,17,110,62" hai1="55,80,2,130,73,105,77,92,113,102,83,19,14" hai2="96,31,47,61,26,87,103,74,93,94,98,29,111" hai3="50,120,128,30,58,53,28,42,132,15,85,82,126"/><T107/><D114/><U40/><E2/><V11/><F74/><W41/><G126/><T131/><D117/><U109/><E109/><V134/><F111/><W35/><G132/><T112/><D112/><U125/><E125/><V88/><F134/><W51/><G120/><T69/><D110/><U70/><E70/><V95/><F61/><W3/><G3/><T127/><D127/><U32/><E32/><V123/><F123/><W33/><G128/><T0/><D131/><U129/><E113/><V63/><F63/><W75/><G75/><T44/><D76/><U45/><E55/><V25/><F11/><W72/><G72/><T67/><D54/><U122/><E105/><V37/><F37/><W64/><G64/><T89/><D99/><U36/><E122/><V71/><F47/><N who="3" m="25975" /><G41/><T135/><D135/><U6/><E6/><V108/><F71/><W27/><G35/><T106/><D106/><U46/><E46/><V43/><F43/><W13/><G33/><T100/><D0/><U57/><E57/><V48/><F48/><W101/><G101/><T12/><REACH who="0" step="1"/><D18/><REACH who="0" ten="311,250,179,250" step="2"/><U133/><E133/><V104/><F108/><W24/><G30/><N who="2" m="11273" /><F104/><W5/><G28/><T79/><D79/><U116/><E116/><V34/><F34/><W60/><G5/><T39/><D39/><U81/><E77/><V1/><F1/><W22/><G53/><T49/><AGARI ba="2,1" hai="10,12,17,44,49,52,62,67,69,89,91,97,100,107" machi="49" ten="30,11700,0" yaku="1,1,0,1,54,1,53,1" doraHai="124" doraHaiUra="8" who="0" fromWho="0" sc="311,133,250,-41,179,-41,250,-41" /><INIT seed="0,3,0,2,1,88" ten="444,209,138,209" oya="0" hai0="77,24,119,1,101,44,57,36,67,107,94,58,124" hai1="22,125,89,6,103,3,96,50,21,15,86,110,105" hai2="8,76,64,91,102,114,75,134,78,83,92,48,111" hai3="126,19,121,14,82,106,13,25,108,30,133,130,66"/><T116/><D107/><U112/><E110/><V7/><F111/><W43/><G108/><T84/><D1/><U35/><E35/><V118/><F114/><W53/><G106/><T54/><D124/><U95/><E125/><V29/><F134/><W81/><G126/><T127/><D127/><U70/><E70/><V109/><F109/><W115/><G115/><T100/><D100/><U62/><E112/><V28/><F118/><W26/><G66/><T93/><D36/><U90/><E3/><V74/><F102/><W11/><G43/><T46/><D24/><U45/><E62/><V129/><F129/><W40/><G40/><T135/><D135/><U37/><E37/><V39/><F39/><W5/><G133/><T18/><D18/><U59/><E59/><V69/><F48/><W51/><G130/><T113/><D113/><U99/><E15/><V73/><F64/><W38/><G38/><T9/><D9/><U52/><REACH who="1" step="1"/><E6/><REACH who="1" ten="444,199,138,209" step="2"/><V0/><F69/><W20/><G26/><T33/><D119/><U17/><E17/><V60/><F60/><W120/><G120/><T117/><D117/><U65/><E65/><V97/><F29/><W47/><REACH who="3" step="1"/><G121/><REACH who="3" ten="444,199,138,199" step="2"/><T132/><D132/><U63/><E63/><V34/><F28/><W41/><G41/><T2/><D67/><U16/><E16/><V55/><F34/><AGARI ba="3,2" hai="5,11,13,14,19,20,25,30,34,47,51,53,81,82" machi="34" ten="30,2000,0" yaku="1,1,7,1,53,0" doraHai="88" doraHaiUra="128" who="3" fromWho="2" sc="444,0,199,0,138,-29,199,49" /><INIT seed="1,0,0,4,5,107" ten="444,199,109,248" oya="1" hai0="46,23,99,97,101,42,102,63,8,33,39,34,80" hai1="2,104,119,120,76,72,132,62,73,130,67,84,71" hai2="134,32,22,41,25,92,91,131,116,124,74,88,85" hai3="133,55,9,58,57,96,65,66,50,3,111,37,40"/><U118/><E120/><V53/><F116/><W94/><G111/><T108/><D108/><U56/><E2/><V27/><F124/><W77/><G133/><T69/><D23/><U110/><E104/><V114/><F134/><W89/><G77/><T31/><D31/><U49/><E132/><V86/><F131/><W5/><REACH who="3" step="1"/><G58/><REACH who="3" ten="444,199,109,238" step="2"/><T28/><D69/><U54/><E110/><V123/><F123/><W70/><G70/><T13/><D34/><U82/><REACH who="1" step="1"/><E130/><REACH who="1" ten="444,189,109,238" step="2"/><V52/><F114/><W35/><G35/><T11/><D33/><U90/><E90/><V128/><F32/><W4/><G4/><T68/><D102/><U117/><AGARI ba="0,2" hai="49,54,56,62,67,71,72,73,76,82,84,117,118,119" machi="117" ten="30,11700,0" yaku="1,1,0,1,52,2,53,0" doraHai="107" doraHaiUra="14" who="1" fromWho="1" sc="444,-39,189,137,109,-39,238,-39" /><INIT seed="1,1,0,0,0,123" ten="405,326,70,199" oya="1" hai0="67,34,18,33,23,44,81,110,42,86,39,69,128" hai1="29,124,4,73,71,100,112,117,104,32,109,132,111" hai2="125,16,133,57,1,92,0,90,2,95,50,94,41" hai3="65,76,68,127,118,49,78,85,38,106,5,36,103"/><U105/><E117/><V63/><F133/><W114/><G114/><T27/><D128/><U3/><E112/><V25/><F125/><W20/><G5/><T87/><D110/><N who="1" m="41995" /><E132/><V134/><F134/><W12/><G12/><T11/><D69/><U45/><E124/><V131/><F131/><W46/><G20/><T7/><D67/><U6/><E71/><V120/><F120/><W82/><G78/><T60/><D60/><U99/><E73/><V83/><F83/><W72/><G72/><T102/><D102/><N who="1" m="62559" /><E3/><V13/><F25/><W31/><G118/><T9/><D87/><U108/><N who="1" m="42003" /><U93/><DORA hai="79" /><E105/><V98/><F50/><W22/><G106/><T26/><D26/><N who="1" m="18487" /><E45/><V54/><F0/><W113/><G113/><T129/><D129/><U64/><E64/><V121/><F1/><W75/><G75/><T80/><D44/><U97/><AGARI ba="1,0" hai="4,6,93,97,100" m="18487,62559,42003" machi="97" ten="40,18000,2" yaku="14,1,10,1,52,4" doraHai="123,79" who="1" fromWho="1" sc="405,-61,326,183,70,-61,199,-61" /><INIT seed="1,2,0,1,4,116" ten="344,509,9,138" oya="1" hai0="132,25,80,33,23,99,123,92,51,57,127,7,54" hai1="120,124,81,59,35,0,39,61,47,114,53,18,28" hai2="117,38,129,69,72,15,113,44,110,2,95,115,22" hai3="3,16,85,60,55,134,11,105,96,88,45,108,24"/><U78/><E0/><V98/><F117/><W17/><G108/><T19/><D127/><U75/><E120/><V42/><F110/><W67/><G134/><T84/><D132/><U12/><E124/><V111/><F111/><W40/><G55/><T126/><D126/><U13/><E114/><N who="2" m="43531" /><F2/><W8/><G105/><T20/><D33/><U14/><E28/><V100/><F69/><W90/><G96/><T68/><D68/><U64/><E35/><V133/><F133/><W131/><G131/><T130/><D130/><U21/><REACH who="1" step="1"/><E53/><REACH who="1" ten="344,499,9,138" step="2"/><V77/><F129/><W30/><G3/><T122/><D7/><U76/><E76/><V73/><F77/><W4/><G4/><T109/><D109/><U94/><E94/><V56/><F56/><W34/><G30/><T70/><D70/><U71/><E71/><V125/><F125/><W119/><G34/><T26/><D92/><U43/><AGARI ba="2,1" hai="12,13,14,18,21,39,43,47,59,61,64,75,78,81" machi="43" ten="30,3000,0" yaku="1,1,0,1,53,0" doraHai="116" doraHaiUra="112" who="1" fromWho="1" sc="344,-12,499,46,9,-12,138,-12" owari="332,13.0,545,64.0,-3,-50.0,126,-27.0" /></mjloggm>