<mjloggm ver="2.3"><GO type="169" lobby="0"/><UN n0="%E3%83%88%E3%83%88%E3%83%AA%E5%85%88%E7%94%9F%31%39%E6%AD%B3" n1="%E5%B0%8F%E6%B1%A0%E5%BE%B9%E5%B9%B3" n2="%E3%81%AE%E5%AD%90%E4%BE%9B" n3="%6B%75%7A%75%6E" dan="19,18,16,16" rate="2337.16,2221.02,2080.70,2098.25" sx="F,M,M,M"/><TAIKYOKU oya="0"/><INIT seed="0,0,0,4,5,91" ten="250,250,250,250" oya="0" hai0="116,124,79,25,123,43,46,92,52,94,64,26,69" hai1="22,44,119,99,106,12,1,133,38,36,10,70,84" hai2="71,45,102,41,90,83,73,58,127,96,3,13,125" hai3="100,62,63,128,30,32,29,20,68,4,11,60,87"/><T93/><D116/><U19/><E119/><V103/><F3/><W129/><G32/><T95/><D123/><U0/><E70/><V86/><F71/><W40/><G40/><T15/><D124/><U8/><E133/><V21/><F58/><W55/><G100/><T2/><D2/><U98/><E84/><V110/><F73/><W134/><G134/><T34/><D79/><U57/><E57/><V120/><F120/><W61/><G87/><T47/><D34/><U130/><E130/><N who="3" m="50282" /><G20/><T74/><D74/><U59/><E22/><V14/><F110/><W104/><G104/><T33/><D33/><U109/><E106/><V112/><F112/><W49/><G49/><N who="0" m="26847" /><D64/><U115/><E38/><V77/><F77/><W78/><G78/><T121/><D69/><U53/><E36/><V37/><F102/><W42/><G42/><T5/><D121/><U54/><E109/><V72/><F72/><W135/><G135/><T107/><N who="0" m="23552" /><DORA hai="101" /><T126/><D126/><U80/><E115/><V81/><F125/><W65/><G55/><T16/><D107/><U122/><E53/><V17/><F127/><W6/><G6/><T50/><D5/><U131/><E54/><V7/><F7/><W51/><G51/><T18/><D18/><U111/><E19/><V28/><F17/><W105/><G105/><T24/><D24/><U88/><E122/><V48/><F37/><W108/><G108/><T114/><D114/><U27/><E111/><V97/><F48/><W9/><G4/><T82/><D82/><U132/><E131/><V113/><F113/><W117/><G117/><RYUUKYOKU ba="0,0" sc="250,15,250,-15,250,-15,250,15" hai0="15,16,25,26,47,50,52" hai3="9,11,29,30,60,61,62,63,65,68" /><INIT seed="0,1,0,0,2,59" ten="265,235,235,265" oya="0" hai0="130,98,122,17,81,96,117,70,24,128,52,11,95" hai1="112,100,64,14,123,29,73,7,27,22,72,48,87" hai2="120,62,108,6,77,114,69,31,133,9,28,51,90" hai3="42,126,61,132,53,86,131,38,84,105,39,121,35"/><T23/><D117/><U94/><E123/><V46/><F120/><W80/><G121/><T99/><D122/><U124/><E124/><V82/><F114/><W93/><G105/><T55/><D70/><U26/><E112/><V40/><F90/><W4/><G35/><T56/><D81/><U118/><E118/><V110/><F133/><W76/><G126/><T13/><D95/><U106/><E106/><V10/><F31/><W5/><G131/><T3/><D3/><U18/><E7/><V88/><F28/><W92/><G92/><T67/><D67/><U30/><E64/><N who="2" m="41111" /><F88/><W8/><G42/><T15/><D15/><U125/><E125/><V49/><F51/><W34/><G4/><T103/><D103/><U37/><E48/><V127/><F127/><W74/><G38/><T104/><D104/><U58/><E29/><V2/><F2/><W119/><G39/><T41/><D41/><U21/><E37/><V45/><F45/><W25/><G132/><T20/><D55/><U107/><E14/><N who="2" m="5431" /><F10/><W97/><G8/><T60/><REACH who="0" step="1"/><D24/><REACH who="0" ten="255,235,235,265" step="2"/><U135/><E26/><V63/><F82/><N who="3" m="47175" /><G25/><T32/><D32/><U89/><E27/><V113/><F113/><W43/><G34/><T1/><D1/><U65/><E65/><V85/><F40/><W16/><G43/><T44/><D44/><U12/><E12/><V115/><F46/><W71/><G80/><T116/><D116/><U109/><E100/><V101/><F101/><W83/><G83/><T111/><D111/><U36/><E36/><V78/><F115/><W129/><G119/><T68/><D68/><RYUUKYOKU ba="1,1" sc="255,30,235,-10,235,-10,265,-10" hai0="11,13,17,20,23,52,56,60,96,98,99,128,130" /><INIT seed="0,2,1,0,2,114" ten="285,225,225,255" oya="0" hai0="123,23,91,95,55,20,44,101,60,62,12,8,16" hai1="83,1,7,74,80,100,56,117,58,127,64,128,130" hai2="34,46,51,86,88,118,92,75,112,109,126,13,59" hai3="68,18,35,10,61,133,85,121,78,115,0,36,70"/><T2/><D123/><U57/><E127/><V94/><F112/><W135/><G115/><T11/><D101/><U110/><E110/><V50/><F109/><W39/><G35/><T124/><D124/><U105/><E64/><V65/><F34/><W97/><G97/><T67/><D2/><U4/><E1/><V84/><F75/><W82/><G121/><T99/><D23/><U134/><E134/><N who="3" m="51210" /><G61/><T24/><D12/><U38/><E38/><N who="3" m="14378" /><G18/><T53/><D53/><U31/><E31/><V15/><F126/><W41/><G41/><T131/><D131/><U43/><E43/><V113/><F113/><W73/><G85/><T14/><D14/><U119/><E74/><V90/><F118/><N who="1" m="45065" /><E105/><V87/><F87/><W79/><G79/><T107/><D107/><U111/><E100/><V71/><F71/><W3/><G3/><T19/><D19/><U32/><E111/><V125/><F125/><W102/><G102/><T96/><D96/><U54/><E54/><N who="2" m="32223" /><F65/><W42/><G42/><AGARI ba="2,1" hai="13,15,42,46,50,84,86,88,90,92,94" m="32223" machi="42" ten="30,2000,0" yaku="8,1,54,1" doraHai="114" who="2" fromWho="3" sc="285,0,225,0,225,36,255,-26" /><INIT seed="1,0,0,4,3,73" ten="285,225,261,229" oya="1" hai0="46,88,8,30,86,84,50,77,83,42,0,135,109" hai1="66,56,110,39,118,128,4,103,71,58,5,1,24" hai2="70,44,33,95,102,111,40,7,120,90,61,94,47" hai3="32,107,96,79,31,133,21,48,113,80,59,14,9"/><U99/><E118/><V57/><F120/><W82/><G113/><T101/><D109/><U3/><E39/><V11/><F111/><W38/><G38/><T112/><D112/><U26/><E110/><V124/><F33/><W89/><G32/><T20/><D135/><U91/><E91/><V134/><F70/><W122/><G133/><T27/><D101/><U13/><E71/><V130/><F134/><W35/><G35/><T43/><D0/><U69/><E69/><V76/><F130/><W85/><G122/><T100/><D100/><U41/><E41/><V125/><F102/><W19/><G107/><T117/><D117/><U129/><E103/><V131/><F131/><W67/><G96/><T97/><D8/><U114/><E114/><V123/><F123/><W72/><G31/><T49/><D97/><U22/><E99/><V78/><F11/><W104/><G104/><T92/><D43/><U64/><E13/><V81/><F81/><W127/><G127/><T2/><D2/><U6/><E6/><V115/><F115/><W116/><G116/><T119/><D119/><U55/><E55/><V54/><F7/><W121/><G121/><T17/><D30/><U62/><REACH who="1" step="1"/><E22/><REACH who="1" ten="285,215,261,229" step="2"/><V93/><F90/><W51/><G21/><T53/><D53/><U87/><E87/><V45/><REACH who="2" step="1"/><F40/><REACH who="2" ten="285,215,251,229" step="2"/><W75/><G9/><T60/><D42/><U74/><E74/><V15/><F15/><W65/><G72/><T10/><D10/><U29/><E29/><V23/><F23/><W106/><G75/><T108/><D108/><U28/><E28/><V126/><AGARI ba="0,2" hai="44,45,47,54,57,61,76,78,93,94,95,124,125,126" machi="126" ten="40,24000,4" yaku="1,1,5,1,0,1,29,2,18,1,52,2,53,3" doraHai="73" doraHaiUra="132" who="2" fromWho="2" sc="285,-60,215,-120,251,260,229,-60" /><INIT seed="2,0,0,4,4,17" ten="225,95,511,169" oya="2" hai0="103,14,3,80,13,16,86,93,34,97,50,83,36" hai1="5,31,12,119,126,4,26,90,82,20,79,8,58" hai2="38,135,63,49,67,85,11,115,132,117,30,134,92" hai3="69,1,109,104,52,76,55,59,42,29,122,111,74"/><V128/><F38/><W32/><G122/><T121/><D121/><U87/><E119/><V114/><F117/><W120/><G120/><T44/><D34/><U110/><E110/><N who="3" m="41994" /><G104/><T95/><D3/><U70/><E70/><V0/><F128/><W53/><G1/><T98/><D14/><U23/><E126/><V48/><F30/><W40/><G76/><T6/><D6/><U113/><E113/><V15/><F0/><W106/><G74/><T94/><D36/><U33/><E5/><V75/><F75/><W21/><G106/><T66/><D66/><U116/><E116/><V64/><F64/><W41/><G32/><T61/><D61/><U96/><REACH who="1" step="1"/><E58/><REACH who="1" ten="225,85,511,169" step="2"/><N who="2" m="37367" /><F115/><W71/><G59/><T24/><D98/><U47/><E47/><V91/><F114/><W35/><G35/><T60/><D44/><U2/><E2/><V99/><F99/><W102/><G102/><T84/><D97/><U68/><E68/><V19/><AGARI ba="0,1" hai="11,15,19,48,49,85,91,92,132,134,135" m="37367" machi="19" ten="30,1500,0" yaku="20,1" doraHai="17" who="2" fromWho="2" sc="225,-5,85,-5,511,25,169,-5" /><INIT seed="2,1,0,0,3,104" ten="220,80,536,164" oya="2" hai0="110,39,20,93,5,6,9,83,120,100,26,42,128" hai1="1,90,36,129,134,72,74,21,81,109,32,123,82" hai2="52,86,61,7,51,2,113,94,124,22,64,17,47" hai3="34,12,46,122,27,25,67,63,98,44,30,16,112"/><V130/><F113/><W14/><G122/><T62/><D120/><U103/><E32/><V118/><F118/><W133/><G112/><T97/><D110/><U0/><E123/><V127/><F130/><W73/><G133/><T106/><D128/><U3/><E129/><V88/><F2/><W33/><G12/><T10/><D39/><U24/><E36/><V69/><REACH who="2" step="1"/><F7/><REACH who="2" ten="220,80,526,164" step="2"/><W13/><G13/><AGARI ba="1,1" hai="13,17,22,47,51,52,61,64,69,86,88,94,124,127" machi="13" ten="40,12000,1" yaku="1,1,2,1,54,2,53,0" doraHai="104" doraHaiUra="117" who="2" fromWho="3" sc="220,0,80,0,526,133,164,-123" /><INIT seed="2,2,0,5,3,133" ten="220,80,659,41" oya="2" hai0="98,89,131,118,39,52,49,9,125,105,54,130,15" hai1="123,122,101,93,82,83,41,108,56,21,111,17,76" hai2="22,16,24,87,20,88,26,23,121,28,75,120,110" hai3="128,8,30,35,73,134,94,31,29,66,68,104,1"/><V106/><F75/><W97/><G134/><T115/><D39/><U95/><E41/><V12/><F106/><W119/><G119/><T13/><D115/><U114/><E56/><V37/><F37/><W14/><G128/><N who="0" m="49195" /><D118/><U57/><E57/><V91/><F110/><N who="1" m="42025" /><E114/><V72/><F72/><W117/><G117/><T47/><D125/><U18/><E18/><V129/><F129/><W7/><G73/><T103/><D89/><U40/><E40/><V84/><F91/><W27/><G94/><N who="1" m="35850" /><E101/><V86/><REACH who="2" step="1"/><F88/><REACH who="2" ten="220,80,649,41" step="2"/><W132/><G132/><T51/><D105/><U48/><E76/><V53/><F53/><W0/><G104/><N who="0" m="63607" /><D9/><U85/><E83/><V60/><F60/><W32/><G97/><T70/><D70/><U6/><E82/><V90/><F90/><W5/><G68/><T38/><D38/><U96/><E96/><V74/><F74/><W78/><G78/><T113/><D113/><U55/><E55/><V71/><F71/><W58/><G66/><T34/><D54/><U67/><E67/><V59/><F59/><W62/><G58/><T80/><D80/><U102/><E102/><V10/><F10/><N who="3" m="2351" /><G62/><T69/><D69/><U4/><E48/><V61/><F61/><W100/><G100/><T42/><D42/><U135/><E135/><V50/><F50/><W43/><G43/><T107/><D107/><U19/><E85/><V79/><F79/><W116/><G116/><T126/><D51/><U63/><E63/><V3/><F3/><W65/><G0/><T92/><D92/><U25/><E123/><V33/><F33/><N who="3" m="12875" /><G65/><T124/><D34/><AGARI ba="2,1" hai="7,8,14,27,29,30,31,34" m="12875,2351" machi="34" ten="30,12000,2" yaku="6,1,35,5" doraHai="133" who="3" fromWho="0" sc="220,-126,80,0,649,0,41,136" /><INIT seed="3,0,0,0,0,67" ten="94,80,649,177" oya="3" hai0="16,47,0,20,130,125,68,28,123,73,4,15,71" hai1="102,93,128,35,129,116,10,69,50,75,2,61,37" hai2="25,121,77,96,30,89,127,101,132,90,70,60,12" hai3="40,58,52,97,55,51,113,32,29,85,92,80,63"/><W91/><G113/><T64/><D123/><U34/><E37/><V38/><F38/><W22/><G32/><T100/><D73/><U87/><E75/><V45/><F45/><W57/><G40/><T114/><D64/><N who="1" m="41103" /><E116/><V103/><F12/><W49/><G22/><T5/><D114/><U112/><E112/><V9/><F77/><W95/><G29/><T56/><D130/><N who="1" m="50283" /><E50/><V74/><F74/><W41/><REACH who="3" step="1"/><G97/><REACH who="3" ten="94,80,649,167" step="2"/><T119/><D28/><U99/><E87/><V133/><F96/><W72/><G72/><T88/><D119/><U62/><E35/><V19/><F30/><W59/><G59/><T24/><D56/><U14/><E34/><V44/><F121/><W18/><G18/><T65/><D47/><AGARI ba="0,1" hai="41,47,49,51,52,55,57,58,63,80,85,91,92,95" machi="47" ten="40,7700,0" yaku="1,1,8,1,54,1,53,0" doraHai="67" doraHaiUra="110" who="3" fromWho="0" sc="94,-77,80,0,649,0,167,87" /><INIT seed="3,1,0,3,2,29" ten="17,80,649,254" oya="3" hai0="73,8,84,111,64,113,85,3,58,1,0,76,68" hai1="30,98,14,53,123,75,48,99,104,16,114,81,45" hai2="6,92,46,82,131,80,44,63,17,129,12,89,26" hai3="126,54,93,33,90,7,120,105,97,19,50,124,10"/><W41/><G120/><T87/><D68/><U27/><E114/><V51/><F6/><W36/><G105/><T78/><D113/><U15/><E123/><V31/><F63/><W109/><G19/><T43/><D111/><U2/><E2/><V61/><F61/><W59/><G109/><T39/><D58/><U77/><E104/><V94/><F12/><W74/><G74/><T88/><D64/><U128/><E128/><V70/><F89/><W130/><G130/><T57/><D57/><U102/><E102/><V47/><F47/><W69/><G69/><T56/><D56/><U119/><E119/><V11/><F26/><W133/><G133/><T135/><D135/><U134/><E134/><V37/><F51/><W79/><G79/><T4/><D78/><U20/><REACH who="1" step="1"/><E14/><REACH who="1" ten="17,70,649,254" step="2"/><V107/><F107/><W23/><G124/><T22/><D88/><U96/><E96/><V66/><F131/><W83/><G126/><T40/><D22/><AGARI ba="1,1" hai="15,16,20,22,27,30,45,48,53,75,77,81,98,99" machi="22" ten="30,3900,0" yaku="1,1,7,1,54,1,53,0" doraHai="29" doraHaiUra="67" who="1" fromWho="0" sc="17,-42,70,52,649,0,254,0" owari="-25,-53.0,122,-28.0,649,76.0,254,5.0" /></mjloggm>