<mjloggm ver="2.3"><GO type="169" lobby="0"/><UN n0="%E3%83%88%E3%83%88%E3%83%AA%E5%85%88%E7%94%9F%31%39%E6%AD%B3" n1="%E3%83%9F%E3%83%89%E3%82%AC%E3%83%AD%E3%83%B3" n2="%E6%B8%85%E7%AB%9C%E9%97%98%E5%A3%AB" n3="%E3%81%A9%E3%83%BC%E3%82%82%E5%83%95%E3%81%A7%E3%81%99" dan="19,16,17,16" rate="2323.05,2120.30,2097.30,2073.50" sx="F,M,M,M"/><TAIKYOKU oya="0"/><INIT seed="0,0,0,2,2,111" ten="250,250,250,250" oya="0" hai0="40,91,18,68,95,118,38,127,57,102,97,13,88" hai1="36,31,134,21,12,41,9,86,64,93,59,25,15" hai2="67,96,42,24,124,107,47,89,29,28,23,48,114" hai3="33,130,81,60,119,132,44,92,66,7,75,26,4"/><T133/><D118/><U58/><E134/><V115/><F67/><W94/><G119/><T108/><D68/><U62/><E36/><V19/><F124/><W135/><G130/><T128/><D128/><U54/><E41/><V129/><F129/><W76/><G44/><T34/><D34/><U110/><E110/><V69/><F69/><W90/><G33/><T11/><D108/><U1/><E1/><V109/><F109/><W46/><G46/><T5/><D133/><N who="3" m="51273" /><G26/><T6/><D127/><U113/><E9/><V32/><F89/><N who="0" m="34378" /><D40/><U122/><E122/><V43/><F43/><W45/><G45/><T35/><D35/><U103/><E86/><V106/><F29/><W84/><G92/><T3/><D3/><U20/><E21/><V98/><F107/><W49/><G49/><T123/><D123/><U10/><E10/><V14/><REACH who="2" step="1"/><F106/><REACH who="2" ten="250,250,240,250" step="2"/><W71/><AGARI ba="0,1" hai="4,7,60,66,71,75,76,81,84,90,94" m="51273" machi="71" ten="30,1100,0" yaku="20,1" doraHai="111" who="3" fromWho="3" sc="250,-5,250,-3,240,-3,250,21" /><INIT seed="1,0,0,5,1,58" ten="245,247,237,271" oya="1" hai0="113,15,76,55,40,78,67,59,85,96,81,44,124" hai1="38,71,22,68,101,88,31,52,17,131,117,100,66" hai2="73,51,75,74,128,27,93,25,120,92,102,125,82" hai3="127,64,72,1,46,41,16,35,50,112,7,116,11"/><U121/><E121/><V89/><F120/><W65/><G112/><T107/><D113/><U8/><E117/><V43/><F128/><W47/><G116/><T4/><D124/><U23/><E131/><V119/><F119/><W56/><G127/><T123/><D123/><U6/><E38/><V42/><F125/><W122/><G122/><T37/><D67/><U126/><E126/><V10/><F102/><W20/><G72/><T134/><D134/><U34/><E34/><V0/><F0/><W114/><G114/><T105/><D78/><U99/><E71/><V97/><F10/><W110/><G110/><T19/><D96/><U45/><E31/><V132/><F132/><W28/><G47/><T29/><D29/><U54/><E66/><V108/><F108/><W80/><G80/><T90/><D76/><U86/><E68/><V94/><F97/><W129/><G56/><T133/><D4/><U111/><E111/><V103/><F103/><N who="1" m="39497" /><E99/><V87/><REACH who="2" step="1"/><F51/><REACH who="2" ten="245,247,227,271" step="2"/><W63/><G129/><T18/><D133/><U33/><E33/><V104/><F104/><W91/><G35/><T32/><D32/><U30/><E30/><V48/><F48/><W53/><G28/><T49/><D105/><U69/><E69/><V5/><F5/><W21/><G7/><T12/><D107/><U24/><E23/><V84/><F84/><W83/><G1/><T62/><D37/><U95/><E45/><V61/><F61/><W135/><G135/><T2/><D2/><U3/><E3/><V14/><F14/><AGARI ba="0,1" hai="12,14,15,18,19,40,44,49,55,59,62,81,85,90" machi="14" ten="40,2600,0" yaku="8,1,52,1" doraHai="58" who="0" fromWho="2" sc="245,36,247,0,227,-26,271,0" /><INIT seed="2,0,0,1,2,34" ten="281,247,201,271" oya="2" hai0="134,30,132,45,106,65,73,63,69,117,84,85,5" hai1="61,18,33,96,123,102,64,105,62,125,52,46,101" hai2="3,24,57,2,12,54,21,116,72,119,107,93,37" hai3="55,100,15,86,112,44,81,124,99,6,110,17,82"/><V28/><F107/><W27/><G110/><T14/><D106/><U98/><E125/><V131/><F72/><W77/><G124/><T90/><D73/><U135/><E135/><V67/><F37/><W128/><G128/><T23/><D117/><U7/><E123/><V32/><F131/><W58/><G112/><T47/><D85/><U50/><E33/><V0/><F67/><W1/><G44/><T56/><D69/><U95/><E64/><V48/><REACH who="2" step="1"/><F93/><REACH who="2" ten="281,247,191,271" step="2"/><W79/><G81/><N who="0" m="49423" /><D134/><U87/><E105/><V109/><F109/><W111/><G82/><T49/><D132/><U89/><E95/><V130/><F130/><W70/><G111/><T53/><D65/><U59/><E102/><V11/><F11/><W13/><G100/><T126/><D126/><U25/><E101/><V9/><F9/><W36/><G36/><T103/><D103/><U91/><E87/><V66/><F66/><W104/><G86/><T22/><D63/><U19/><E62/><V108/><F108/><W80/><G104/><T31/><D23/><U78/><E61/><V92/><F92/><W8/><G99/><T39/><D39/><U29/><E98/><V129/><F129/><W74/><G74/><T35/><D35/><U71/><E96/><V16/><AGARI ba="0,1" hai="0,2,3,12,16,21,24,28,32,48,54,57,116,119" machi="16" ten="40,18000,2" yaku="1,1,0,1,52,3,54,1,53,0" doraHai="34" doraHaiUra="94" who="2" fromWho="2" sc="281,-60,247,-60,191,190,271,-60" /><INIT seed="2,1,0,3,4,104" ten="221,187,381,211" oya="2" hai0="60,66,68,1,122,88,49,50,101,26,30,79,81" hai1="15,12,43,121,103,38,25,11,80,0,55,58,54" hai2="34,74,21,129,71,119,126,94,4,27,14,69,116" hai3="31,132,117,18,33,87,67,5,109,92,37,125,35"/><V110/><F34/><W8/><G117/><T102/><D122/><U56/><E121/><V131/><F74/><W53/><G37/><T98/><D1/><U24/><E103/><V48/><F126/><W44/><G125/><T127/><D127/><U36/><E80/><V40/><F94/><W105/><G105/><T113/><D113/><U128/><E43/><V123/><F123/><W63/><G109/><T3/><D3/><U47/><E47/><V96/><F96/><W118/><G118/><T78/><D78/><U124/><E0/><V45/><F110/><W97/><G87/><T20/><D102/><U135/><E124/><V6/><F119/><W120/><G18/><T84/><REACH who="0" step="1"/><D79/><REACH who="0" ten="211,187,381,211" step="2"/><U70/><E135/><V42/><F116/><W72/><G132/><T73/><D73/><U7/><E128/><V29/><F131/><W93/><G72/><T90/><D90/><U52/><E15/><V41/><F129/><W75/><G75/><T91/><D91/><U82/><E12/><V89/><F89/><W23/><G120/><T13/><D13/><U108/><E108/><V64/><F14/><W76/><G76/><T17/><D17/><U57/><E7/><V62/><REACH who="2" step="1"/><F71/><REACH who="2" ten="211,187,371,211" step="2"/><W59/><G5/><AGARI ba="1,2" hai="4,5,6,21,27,29,40,41,42,45,48,62,64,69" machi="5" ten="40,3900,0" yaku="1,1,2,1,53,0" doraHai="104" doraHaiUra="32" who="2" fromWho="3" sc="211,0,187,0,371,62,211,-42" /><INIT seed="2,2,0,0,4,108" ten="211,187,433,169" oya="2" hai0="28,91,20,12,50,41,89,32,10,77,125,22,124" hai1="18,116,134,15,94,100,117,35,127,8,97,63,114" hai2="68,17,130,81,128,46,113,16,93,69,83,88,101" hai3="54,51,80,96,135,9,26,84,29,61,31,21,87"/><V55/><F101/><W30/><G135/><T56/><D32/><U126/><E134/><V37/><F55/><W92/><G9/><T5/><D77/><U62/><E35/><V131/><F113/><W44/><G61/><T75/><D75/><U129/><E114/><V49/><F37/><W47/><G47/><N who="0" m="25967" /><D56/><U24/><E24/><V132/><F132/><W39/><G39/><T42/><D42/><U45/><E45/><V102/><F102/><W104/><G104/><T19/><D28/><U58/><E129/><V120/><F120/><W105/><G105/><T74/><D22/><U59/><E62/><V98/><F81/><W0/><G0/><T2/><D74/><U71/><E71/><N who="2" m="27211" /><F83/><W99/><G99/><T14/><D14/><U82/><E82/><V13/><F13/><W34/><G34/><T64/><D64/><U73/><E73/><V57/><F57/><W110/><G110/><T36/><D36/><U38/><E38/><V72/><F72/><W23/><G23/><T122/><D122/><U95/><E95/><V7/><F7/><W90/><REACH who="3" step="1"/><G87/><REACH who="3" ten="211,187,433,159" step="2"/><T3/><D3/><U48/><E48/><V79/><F79/><AGARI ba="2,1" hai="21,26,29,30,31,44,51,54,79,80,84,90,92,96" machi="79" ten="30,7700,0" yaku="1,1,2,1,7,1,8,1,53,0" doraHai="108" doraHaiUra="4" who="3" fromWho="2" sc="211,0,187,0,433,-83,159,93" /><INIT seed="3,0,0,4,0,104" ten="211,187,350,252" oya="3" hai0="93,82,74,64,53,41,1,39,116,128,85,79,22" hai1="59,47,76,114,117,96,71,109,50,29,16,49,43" hai2="7,91,58,115,121,107,83,105,112,101,6,122,24" hai3="32,134,130,57,34,8,97,68,73,5,23,3,90"/><W56/><G68/><T78/><D116/><U28/><E114/><V102/><F58/><W80/><G130/><T87/><D128/><U37/><E117/><V110/><F24/><W19/><G134/><T89/><D1/><U84/><E71/><V2/><F2/><W103/><G34/><T108/><D108/><U65/><E109/><V133/><F110/><W36/><G36/><T92/><D64/><U69/><E96/><V25/><F25/><W38/><G38/><T46/><D79/><U98/><E98/><V21/><F21/><W42/><G42/><T132/><D132/><U75/><E84/><V106/><F133/><W126/><G32/><T66/><D66/><U131/><E50/><V54/><F54/><W44/><G44/><T18/><D53/><N who="1" m="32175" /><E16/><V72/><F91/><W31/><G126/><T45/><D45/><U111/><E111/><V10/><F10/><W135/><G31/><T70/><D70/><U17/><E17/><V13/><F13/><N who="3" m="9711" /><G135/><T100/><D100/><N who="2" m="38506" /><F6/><W67/><G67/><T35/><D35/><U125/><E125/><V127/><F7/><W55/><G55/><T61/><D18/><U14/><E131/><V60/><F60/><W48/><G48/><T52/><D22/><U86/><E69/><V11/><F11/><W62/><G62/><T99/><D61/><U124/><E65/><V15/><F127/><W12/><G3/><T26/><D26/><U81/><E124/><V4/><F4/><W129/><G129/><T27/><D27/><U118/><E118/><V94/><F15/><W123/><G5/><T20/><D20/><RYUUKYOKU ba="0,0" sc="211,0,187,0,350,0,252,0" /><INIT seed="4,1,0,3,2,25" ten="211,187,350,252" oya="0" hai0="21,72,14,64,95,75,102,80,0,82,130,50,129" hai1="46,57,123,94,39,133,103,49,115,22,58,2,134" hai2="7,118,135,63,81,53,106,132,86,10,16,67,99" hai3="34,97,15,61,20,92,90,8,13,101,119,62,32"/><T23/><D0/><U24/><E123/><V88/><F53/><W83/><G119/><T110/><D110/><U26/><E2/><V11/><F118/><W51/><G34/><T69/><D69/><U126/><E39/><V18/><F106/><W98/><G32/><T48/><D95/><U111/><E111/><V65/><F99/><W120/><G120/><T17/><D64/><N who="2" m="24650" /><F63/><W29/><G51/><N who="0" m="19499" /><D102/><U60/><E26/><V41/><F41/><W45/><G45/><T35/><D35/><U107/><E107/><V43/><F43/><W76/><G98/><T96/><D96/><N who="1" m="59799" /><E126/><V36/><F36/><W40/><G40/><T79/><D80/><U104/><E104/><V31/><F31/><W3/><G3/><T38/><D75/><U74/><E74/><V117/><F117/><W85/><G101/><T113/><D38/><U124/><E124/><V128/><F128/><N who="0" m="49258" /><D113/><U55/><E115/><V93/><F81/><W56/><G61/><T19/><D19/><N who="2" m="7210" /><F7/><W54/><G62/><T87/><D72/><U1/><E1/><V6/><F6/><W114/><G114/><T5/><D5/><U121/><E121/><V4/><F4/><W108/><G108/><T52/><D23/><U12/><E60/><V89/><F89/><W73/><G73/><T71/><D71/><U84/><E84/><V66/><N who="2" m="24658" /><V9/><AGARI ba="1,0" hai="9,10,11,86,88,93,132,135" m="7210,24658" machi="9" ten="40,5200,0" yaku="4,1,54,2" doraHai="25" who="2" fromWho="2" sc="211,-27,187,-14,350,55,252,-14" /><INIT seed="5,0,0,4,4,12" ten="184,173,405,238" oya="1" hai0="23,107,56,8,87,21,106,34,76,91,44,116,51" hai1="47,38,127,25,112,33,46,59,79,96,124,66,80" hai2="3,83,30,48,2,132,5,78,123,42,29,7,131" hai3="60,57,93,99,10,129,130,108,39,35,101,92,105"/><U54/><E112/><V117/><F123/><W15/><G108/><T122/><D116/><U84/><E66/><V28/><F117/><W118/><G39/><T49/><D34/><U14/><E96/><V86/><F131/><N who="3" m="50187" /><G35/><T72/><D122/><U74/><E74/><V68/><F68/><W20/><G20/><T120/><D120/><U26/><E14/><V115/><F115/><W32/><G32/><T27/><D21/><U65/><E65/><V58/><F132/><W53/><G118/><T19/><D72/><U17/><E33/><V126/><F126/><N who="1" m="48169" /><E38/><V55/><REACH who="2" step="1"/><F42/><REACH who="2" ten="184,173,395,238" step="2"/><W50/><G60/><T128/><D128/><U134/><E134/><V133/><F133/><W41/><G41/><T1/><D107/><U97/><E97/><V125/><F125/><W22/><G105/><T4/><D106/><U69/><E69/><V24/><F24/><W18/><G99/><T104/><D104/><U77/><E26/><V16/><F16/><N who="3" m="8311" /><G101/><T62/><D27/><AGARI ba="0,1" hai="18,22,27,50,53,57,92,93" m="8311,50187" machi="27" ten="30,7700,0" yaku="19,1,52,2,54,1" doraHai="12" who="3" fromWho="0" sc="184,-77,173,0,395,0,238,87" /><INIT seed="6,0,0,5,2,111" ten="107,173,395,325" oya="2" hai0="32,4,59,21,78,85,3,22,29,96,49,60,71" hai1="106,24,110,2,51,87,92,128,54,129,88,134,95" hai2="26,34,125,47,115,112,70,117,114,43,118,105,93" hai3="84,6,40,127,99,8,10,15,103,109,58,76,81"/><V121/><F105/><W77/><G109/><T18/><D71/><U41/><E110/><V69/><F121/><W123/><G123/><T1/><D32/><U66/><E106/><V9/><F125/><W0/><G127/><T73/><D73/><U14/><E2/><V119/><F93/><W120/><G120/><T39/><D39/><U30/><E134/><V50/><F9/><W75/><G40/><T36/><D36/><U104/><E104/><V46/><F46/><W126/><G126/><T72/><D72/><U25/><E66/><V98/><F98/><W80/><G58/><T56/><D4/><U131/><E41/><V89/><F89/><W20/><G20/><T94/><D29/><AGARI ba="0,0" hai="26,29,34,43,47,50,69,70,112,114,115,117,118,119" machi="29" ten="50,12000,1" yaku="15,1,52,3" doraHai="111" who="2" fromWho="0" sc="107,-120,173,0,395,120,325,0" owari="-13,-51.0,173,-23.0,515,61.0,325,13.0" /></mjloggm>