<mjloggm ver="2.3"><GO type="169" lobby="0"/><UN n0="%73%69%6E%73%69%73%74" n1="%E6%BC%A3%E5%A4%8F" n2="%E3%81%AF%E3%81%84%E3%81%9C%E3%82%93%E3%81%B9%E3%82%8B%E3%81%8F" n3="%E3%83%88%E3%83%88%E3%83%AA%E5%85%88%E7%94%9F%31%39%E6%AD%B3" dan="18,18,17,19" rate="2137.74,2236.89,2141.29,2354.57" sx="M,M,M,F"/><TAIKYOKU oya="0"/><INIT seed="0,0,0,4,2,70" ten="250,250,250,250" oya="0" hai0="22,87,96,42,37,56,92,115,61,118,122,76,20" hai1="64,14,112,107,104,53,63,23,103,60,80,62,127" hai2="33,57,10,134,9,55,74,111,46,34,47,48,128" hai3="81,73,83,93,121,109,106,100,82,101,88,25,27"/><T54/><D115/><U32/><E32/><V6/><F134/><W58/><G109/><T78/><D118/><U84/><E127/><V99/><F111/><W44/><G121/><T66/><D122/><U16/><E112/><V126/><F126/><W113/><G113/><T77/><D87/><U0/><E0/><V26/><F128/><W124/><G124/><T11/><D11/><U59/><E103/><N who="3" m="39498" /><G73/><T40/><D66/><U94/><E94/><V91/><F74/><W8/><G106/><T50/><D37/><U123/><E123/><V52/><F46/><W65/><G44/><N who="0" m="25879" /><D40/><U19/><E19/><V75/><F75/><W7/><G8/><T120/><D120/><U97/><E97/><V30/><F34/><W95/><G95/><T4/><D4/><U51/><REACH who="1" step="1"/><E64/><REACH who="1" ten="250,240,250,250" step="2"/><V90/><F99/><N who="3" m="57767" /><G7/><T24/><D96/><U114/><E114/><V79/><F6/><W102/><G102/><T116/><D92/><U67/><E67/><V110/><F110/><W18/><G18/><N who="0" m="12311" /><D116/><U69/><E69/><V86/><F33/><W31/><G31/><T5/><D5/><U36/><E36/><V41/><F30/><W29/><G29/><T68/><D68/><U72/><E72/><V89/><F89/><AGARI ba="0,1" hai="14,16,23,51,53,59,60,62,63,80,84,89,104,107" machi="89" ten="40,5200,0" yaku="1,1,54,1,53,1" doraHai="70" doraHaiUra="15" who="1" fromWho="2" sc="250,0,240,62,250,-52,250,0" /><INIT seed="1,0,0,5,4,6" ten="250,302,198,250" oya="1" hai0="105,80,20,36,88,61,93,135,33,47,103,75,77" hai1="3,82,112,48,30,108,89,131,45,107,104,120,113" hai2="116,22,59,24,16,126,94,78,54,18,86,132,91" hai3="19,70,53,11,60,87,35,129,63,115,125,57,95"/><U74/><E3/><V111/><F116/><W41/><G115/><T71/><D33/><U28/><E120/><V123/><F111/><W102/><G35/><T4/><D135/><U31/><E131/><V38/><F132/><W81/><G125/><T65/><D20/><U55/><E108/><V62/><F126/><W14/><G129/><T46/><D36/><U34/><E34/><V32/><F38/><W1/><G1/><T133/><D133/><U127/><E127/><V106/><F106/><W118/><G118/><T119/><D119/><U128/><E128/><V51/><F32/><W96/><G41/><T17/><D17/><U49/><E49/><V8/><F123/><W83/><G70/><T44/><D4/><U13/><E13/><N who="2" m="7463" /><F78/><W7/><G7/><T98/><REACH who="0" step="1"/><D44/><REACH who="0" ten="240,302,198,250" step="2"/><U25/><E112/><V23/><F23/><W58/><REACH who="3" step="1"/><G87/><AGARI ba="0,1" hai="46,47,61,65,71,75,77,80,87,88,93,98,103,105" machi="87" ten="30,12000,2" yaku="1,1,2,1,7,1,24,2,54,1,53,1" doraHai="6" doraHaiUra="67" who="0" fromWho="3" sc="240,130,302,0,198,0,250,-120" /><INIT seed="2,0,0,3,2,79" ten="370,302,198,130" oya="2" hai0="92,76,56,94,131,1,101,84,78,125,107,119,114" hai1="121,45,133,2,19,30,36,52,39,7,35,32,108" hai2="90,97,60,13,65,68,6,134,93,74,14,25,105" hai3="0,135,47,73,111,123,117,10,120,64,53,110,31"/><V82/><F134/><W106/><G106/><T23/><D1/><U51/><E133/><V8/><F105/><W104/><G135/><T29/><D114/><U41/><E108/><N who="3" m="41514" /><G104/><T66/><D125/><U27/><E121/><N who="3" m="46666" /><G73/><T55/><D131/><U127/><E127/><V112/><F112/><W62/><G31/><T42/><D42/><U81/><E35/><V18/><F25/><W24/><G24/><N who="0" m="16543" /><D66/><U21/><E41/><V128/><F128/><W16/><G0/><T33/><D33/><U12/><E81/><V3/><REACH who="2" step="1"/><F18/><REACH who="2" ten="370,302,188,130" step="2"/><W20/><G117/><T118/><D107/><U86/><E19/><V88/><F88/><W67/><G16/><T75/><D119/><U102/><E27/><V69/><F69/><W59/><G20/><T130/><D130/><U43/><E21/><V54/><F54/><N who="3" m="34167" /><G10/><T50/><D118/><U26/><E26/><V61/><F61/><W15/><G15/><T58/><D101/><U122/><E12/><V70/><F70/><W115/><G115/><T83/><D55/><U17/><E52/><V95/><F95/><W77/><G77/><AGARI ba="0,1" hai="3,6,8,13,14,60,65,68,74,77,82,90,93,97" machi="77" ten="40,3900,0" yaku="1,1,52,1,53,0" doraHai="79" doraHaiUra="37" who="2" fromWho="3" sc="370,0,302,0,188,49,130,-39" /><INIT seed="2,1,0,0,5,130" ten="370,302,237,91" oya="2" hai0="21,6,31,65,18,1,118,79,58,89,54,109,14" hai1="92,61,38,3,97,24,124,112,103,46,2,26,48" hai2="57,117,23,49,40,25,110,86,63,115,47,73,98" hai3="56,104,96,91,68,131,132,82,36,76,122,81,39"/><V78/><F73/><W126/><G122/><T28/><D109/><U74/><E74/><V106/><F115/><W4/><G68/><T19/><D118/><U111/><E111/><V27/><F117/><W44/><G131/><T94/><D79/><U43/><E124/><V127/><F127/><W64/><G126/><T20/><D65/><U119/><E112/><V30/><F110/><W102/><G4/><T116/><D6/><U8/><E119/><V129/><F129/><W135/><G91/><T5/><D5/><U72/><E72/><V133/><F133/><N who="3" m="51275" /><G44/><T16/><D1/><U0/><E46/><V37/><F98/><W108/><G108/><T33/><D33/><U70/><E97/><V41/><F106/><W99/><G99/><N who="0" m="57807" /><D116/><U100/><E70/><V11/><F11/><W53/><G64/><T113/><D113/><U69/><E69/><V60/><F37/><N who="3" m="14411" /><G76/><T121/><D121/><U83/><E38/><V52/><F60/><AGARI ba="1,0" hai="53,56,60,81,82,96,102,104" m="14411,51275" machi="60" ten="30,7700,0" yaku="20,1,52,3" doraHai="130" who="3" fromWho="2" sc="370,0,302,0,237,-80,91,80" /><INIT seed="3,0,0,1,0,7" ten="370,302,157,171" oya="3" hai0="32,66,128,73,8,97,39,100,41,54,91,15,111" hai1="25,72,33,93,109,74,50,14,86,95,24,4,88" hai2="61,28,99,105,62,0,76,124,129,69,106,90,29" hai3="10,80,121,57,130,104,13,16,65,135,40,119,19"/><W101/><G119/><T12/><D32/><U46/><E109/><V103/><F129/><W44/><G130/><T31/><D128/><U64/><E64/><V118/><F118/><W49/><G121/><T79/><D111/><U43/><E33/><V94/><F0/><W42/><G135/><T20/><D66/><U35/><E35/><V55/><F124/><W52/><G104/><T81/><D91/><N who="1" m="53495" /><E72/><V131/><F76/><W133/><G133/><T123/><D123/><U127/><E74/><V17/><F131/><W53/><G101/><T83/><D83/><U2/><E2/><V102/><F106/><W27/><G65/><T63/><D41/><N who="3" m="15977" /><G80/><T21/><D15/><U3/><E3/><V36/><F102/><W85/><G85/><T87/><D39/><U113/><E113/><V18/><F36/><W47/><G53/><T51/><D73/><U22/><E127/><V45/><F69/><W117/><G117/><T78/><D87/><N who="1" m="52639" /><E22/><AGARI ba="0,0" hai="10,13,16,19,22,27,44,47,49,52,57" m="15977" machi="22" ten="30,11600,0" yaku="8,1,52,1,54,2" doraHai="7" who="3" fromWho="1" sc="370,0,302,-116,157,0,171,116" /><INIT seed="3,1,0,4,1,105" ten="370,186,157,287" oya="3" hai0="43,54,70,108,132,131,59,83,79,98,114,124,89" hai1="129,53,115,21,97,18,58,76,60,69,32,71,50" hai2="113,92,51,109,33,25,36,119,75,117,26,62,84" hai3="118,100,125,91,103,38,102,74,29,3,23,42,90"/><W37/><G3/><T88/><D70/><U78/><E115/><V8/><F36/><N who="3" m="13931" /><G23/><T116/><D116/><U80/><E32/><V11/><F75/><W111/><G29/><T47/><D114/><U4/><E4/><V72/><F72/><W48/><G74/><T94/><D108/><U121/><E121/><V40/><F113/><W93/><G93/><T61/><D124/><U65/><E129/><V5/><F109/><W14/><G14/><T99/><D131/><U46/><E97/><V9/><F5/><W24/><G24/><T12/><D132/><U28/><E28/><V27/><F33/><W122/><G111/><T86/><D12/><U120/><E120/><V56/><F51/><W82/><G82/><T41/><D47/><U81/><E81/><V101/><F40/><W73/><G73/><T77/><D77/><U22/><E22/><V87/><F101/><W63/><G118/><T67/><D67/><U96/><E96/><V133/><F133/><W85/><G125/><T15/><D15/><U134/><E134/><V0/><F0/><W34/><G34/><T55/><D55/><U57/><E78/><V31/><F31/><W104/><G104/><T6/><D6/><U106/><E106/><V19/><F19/><W44/><G122/><T95/><AGARI ba="1,0" hai="41,43,54,59,61,79,83,86,88,89,94,95,98,99" machi="95" ten="30,7900,0" yaku="0,1,9,1,8,1,54,1" doraHai="105" who="0" fromWho="0" sc="370,82,186,-21,157,-21,287,-40" /><INIT seed="4,0,0,0,5,93" ten="452,165,136,247" oya="0" hai0="17,59,27,87,66,98,64,71,104,42,74,2,77" hai1="80,1,112,9,32,48,101,51,125,117,13,53,39" hai2="97,130,33,82,100,118,50,106,31,119,23,111,73" hai3="132,46,113,89,69,122,116,107,110,75,21,61,65"/><T115/><D71/><U40/><E39/><V63/><F111/><W96/><G110/><T11/><D74/><U34/><E1/><V36/><F23/><W28/><G116/><N who="2" m="44585" /><F50/><W76/><G113/><T41/><D115/><U30/><E112/><V92/><F63/><W18/><G132/><T99/><D104/><U44/><E125/><V16/><F36/><W109/><G109/><T35/><D35/><U83/><E101/><V57/><F57/><W94/><G122/><T124/><D2/><U22/><E34/><V81/><F130/><W0/><G0/><T70/><D70/><U120/><E32/><V38/><F38/><W15/><G107/><T10/><D124/><U26/><E120/><V3/><F3/><W127/><G127/><T134/><D134/><U90/><E90/><V62/><F62/><W6/><G6/><T14/><D10/><U43/><E117/><V72/><F16/><W86/><G75/><N who="2" m="28745" /><F31/><W25/><G76/><T67/><D59/><N who="1" m="33215" /><E43/><N who="0" m="16393" /><D27/><U19/><AGARI ba="0,0" hai="9,13,19,22,26,30,40,44,48,80,83" m="33215" machi="19" ten="30,1100,0" yaku="8,1" doraHai="93" who="1" fromWho="1" sc="452,-5,165,11,136,-3,247,-3" /><INIT seed="5,0,0,0,3,52" ten="447,176,133,244" oya="1" hai0="33,46,100,38,75,99,45,36,106,56,135,66,22" hai1="50,59,130,7,15,24,17,43,31,12,110,92,103" hai2="81,101,74,2,11,96,77,73,90,63,42,83,67" hai3="35,51,64,134,122,119,107,121,40,3,13,98,97"/><U54/><E130/><V127/><F127/><W120/><G3/><T25/><D75/><U82/><E110/><V76/><F42/><W70/><G35/><T0/><D0/><U105/><E105/><V89/><F2/><W16/><G134/><T14/><D135/><U69/><E69/><V29/><F29/><W84/><G119/><T68/><D14/><U30/><E43/><V47/><F47/><N who="0" m="17930" /><D56/><U91/><E7/><V34/><F11/><W80/><G51/><T124/><D22/><N who="1" m="13391" /><E103/><V5/><F5/><W129/><G40/><T131/><D131/><U111/><E82/><V61/><F61/><W39/><G39/><T6/><D6/><U88/><E91/><V53/><F53/><W27/><G27/><T104/><D104/><U20/><E111/><V94/><REACH who="2" step="1"/><F34/><REACH who="2" ten="447,176,123,244" step="2"/><W109/><G129/><T32/><D32/><U8/><E20/><V72/><F72/><W28/><G28/><N who="1" m="10794" /><E8/><V86/><F86/><AGARI ba="0,1" hai="12,15,50,54,59,86,88,92" m="10794,13391" machi="86" ten="30,5800,0" yaku="8,1,52,1,54,1" doraHai="52" who="1" fromWho="2" sc="447,0,176,68,123,-58,244,0" /><INIT seed="5,1,0,0,3,13" ten="447,244,65,244" oya="1" hai0="39,90,96,113,93,130,135,51,105,49,103,124,131" hai1="28,87,36,132,9,98,104,6,82,97,114,115,54" hai2="58,35,32,112,120,117,79,70,27,125,73,110,77" hai3="74,61,134,20,126,64,133,48,18,67,24,23,65"/><U15/><E36/><V102/><F70/><W89/><G74/><T69/><D113/><N who="1" m="43019" /><E104/><V44/><F117/><W40/><G126/><T88/><D124/><U78/><E132/><N who="3" m="50794" /><G89/><T2/><D135/><U122/><E122/><V75/><F120/><W16/><G48/><T46/><D69/><U21/><E54/><V66/><F112/><W123/><G40/><N who="0" m="22815" /><D2/><U95/><E95/><V37/><F125/><W108/><G108/><T1/><D1/><U34/><E34/><V30/><F35/><W127/><G127/><T45/><D49/><U76/><E76/><V86/><F110/><W12/><G123/><T129/><D105/><U55/><E55/><AGARI ba="1,0" hai="45,51,55,88,90,93,96,103,129,130,131" m="22815" machi="55" ten="30,2000,0" yaku="19,1,54,1" doraHai="13" who="0" fromWho="1" sc="447,23,244,-23,65,0,244,0" /><INIT seed="6,0,0,0,1,22" ten="470,221,65,244" oya="2" hai0="86,59,70,78,96,82,26,122,14,35,6,75,130" hai1="52,56,54,106,8,87,31,127,36,12,20,95,45" hai2="23,63,44,135,73,10,126,123,39,92,128,15,76" hai3="107,11,129,125,65,24,2,114,69,34,116,3,58"/><V72/><F123/><W81/><G107/><T47/><D70/><U101/><E106/><V19/><F126/><W71/><G116/><T79/><D122/><U103/><E36/><V40/><F128/><W113/><G129/><T37/><D130/><U41/><E41/><V84/><F135/><W112/><G125/><T42/><D96/><U119/><E119/><V83/><F63/><N who="3" m="38135" /><G81/><T133/><D133/><U110/><E110/><V89/><REACH who="2" step="1"/><F10/><REACH who="2" ten="470,221,55,244" step="2"/><W97/><G11/><T102/><D37/><U33/><E8/><V13/><F13/><W51/><G113/><T18/><D14/><U111/><E12/><V104/><F104/><W64/><G114/><T91/><D6/><U80/><E127/><V0/><F0/><W62/><G2/><T121/><D121/><U16/><E111/><V7/><F7/><W124/><G3/><T68/><D78/><U118/><E118/><V88/><F88/><W134/><G124/><T66/><D91/><U98/><E103/><V85/><AGARI ba="0,1" hai="15,19,23,39,40,44,72,73,76,83,84,85,89,92" machi="85" ten="20,3900,0" yaku="1,1,0,1,7,1,53,0" doraHai="22" doraHaiUra="93" who="2" fromWho="2" sc="470,-13,221,-13,55,49,244,-13" /><INIT seed="6,1,0,2,5,64" ten="457,208,104,231" oya="2" hai0="105,131,39,113,102,4,80,84,49,91,13,104,40" hai1="83,50,60,70,5,36,122,116,94,42,72,52,15" hai2="69,114,135,115,99,134,55,48,106,63,54,12,59" hai3="41,68,61,127,17,67,14,108,117,119,37,78,76"/><V53/><F106/><W124/><G108/><T112/><D39/><U43/><E116/><N who="3" m="44618" /><G41/><T7/><D131/><U129/><E36/><V77/><F77/><W32/><G32/><T121/><D121/><U120/><E129/><V26/><F99/><W81/><G37/><T30/><D30/><U24/><E24/><V71/><F12/><W57/><G57/><T47/><D102/><U19/><E5/><N who="0" m="2121" /><D13/><U22/><E94/><V128/><F26/><W62/><G62/><T16/><D16/><U33/><E33/><V79/><F79/><W11/><G81/><T27/><D27/><U3/><E83/><V95/><F95/><W51/><G51/><T101/><D101/><U100/><E100/><V0/><F0/><W90/><G90/><T6/><D6/><U82/><E82/><V38/><F128/><W85/><G85/><T8/><D8/><U18/><E18/><V35/><F38/><W103/><G103/><T87/><D87/><U1/><E72/><V126/><F35/><W73/><G73/><T9/><D9/><U111/><E1/><V45/><F53/><W25/><G25/><T125/><D125/><AGARI ba="1,0" hai="11,14,17,61,67,68,76,78,124,125,127" m="44618" machi="125" ten="30,2000,0" yaku="18,1,52,1" doraHai="64" who="3" fromWho="0" sc="457,-23,208,0,104,0,231,23" /><INIT seed="7,0,0,5,3,55" ten="434,208,104,254" oya="3" hai0="134,0,20,101,25,44,89,8,59,135,35,31,45" hai1="64,98,110,95,32,18,126,65,113,73,127,53,26" hai2="106,109,96,4,111,93,3,67,78,116,121,15,33" hai3="36,108,70,76,16,124,9,118,75,49,7,119,80"/><W112/><G112/><T41/><D101/><U74/><E113/><V103/><F33/><W92/><G36/><T133/><D59/><U114/><E114/><V84/><F67/><W13/><G70/><T83/><D35/><U66/><E110/><V50/><F15/><W81/><G124/><N who="1" m="47658" /><E53/><V131/><F50/><W10/><G108/><T107/><D107/><U46/><E46/><V128/><F4/><W130/><G130/><T69/><D69/><U123/><E123/><V115/><F3/><W23/><G10/><T63/><D63/><U5/><E5/><V22/><F22/><W28/><G28/><T88/><D83/><U34/><E34/><V122/><F115/><W43/><G92/><T62/><D62/><U2/><E2/><V51/><F51/><W56/><G81/><T104/><D104/><U38/><E38/><V72/><F116/><W77/><G77/><T42/><D8/><U129/><E129/><N who="2" m="49739" /><F109/><W29/><G29/><T17/><D31/><N who="1" m="19575" /><E18/><V105/><F111/><W27/><G43/><N who="0" m="16395" /><D0/><U86/><E65/><V79/><F72/><W30/><G7/><T91/><AGARI ba="0,0" hai="17,20,25,44,45,88,89,91,133,134,135" m="16395" machi="91" ten="40,2700,0" yaku="20,1,54,1" doraHai="55" who="0" fromWho="0" sc="434,27,208,-7,104,-7,254,-13" owari="461,56.0,201,-20.0,97,-40.0,241,4.0" /></mjloggm>