<mjloggm ver="2.3"><GO type="169" lobby="0"/><UN n0="%E8%8A%B1%E6%A1%9C%E9%87%8C" n1="%E3%81%AB%E3%81%9B%E6%82%9F%E7%A9%BA" n2="%E3%82%A6%E3%83%AB%E3%83%88%E3%83%A9%E7%AB%8B%E7%9B%B4" n3="%68%72%6B%69%6E%67" dan="17,16,18,16" rate="2212.58,2132.13,2248.15,2136.47" sx="M,M,M,M"/><TAIKYOKU oya="0"/><INIT seed="0,0,0,3,4,47" ten="250,250,250,250" oya="0" hai0="116,88,97,101,89,48,86,15,53,68,59,69,52" hai1="24,82,74,99,19,84,119,111,21,62,75,6,83" hai2="102,77,78,32,125,87,33,128,104,95,72,81,114" hai3="124,129,133,90,107,45,5,50,123,109,60,127,12"/><T42/><D42/><U3/><E119/><V57/><F114/><W76/><G107/><T7/><D116/><U36/><E36/><V120/><F120/><W22/><G123/><T65/><D65/><U98/><E111/><V23/><F128/><W46/><G129/><T29/><D29/><U134/><E134/><V31/><F125/><N who="3" m="48203" /><G133/><T37/><D37/><U79/><E6/><V118/><F118/><W85/><G76/><T131/><D89/><U132/><E3/><V66/><F78/><W54/><G109/><T43/><D43/><U135/><E135/><V25/><F104/><W93/><G60/><T27/><D27/><U51/><E75/><V0/><F0/><W105/><G105/><T55/><D69/><U56/><E132/><V39/><F72/><W63/><G63/><T8/><D68/><U4/><E4/><V64/><F39/><W96/><G96/><T40/><D40/><U16/><E19/><V14/><F14/><W28/><G5/><T94/><D131/><U2/><E2/><V30/><F30/><W122/><G122/><T130/><D130/><U91/><REACH who="1" step="1"/><E51/><REACH who="1" ten="250,240,250,250" step="2"/><V115/><F115/><W9/><G28/><T108/><REACH who="0" step="1"/><D108/><REACH who="0" ten="240,240,250,250" step="2"/><U70/><E70/><V112/><F112/><W71/><G71/><T103/><D103/><U117/><E117/><V11/><F102/><W13/><G50/><T58/><D58/><U41/><E41/><V126/><F57/><W38/><G38/><T34/><D34/><U17/><E17/><V80/><F33/><W35/><G35/><T26/><D26/><U18/><E18/><N who="2" m="12535" /><F32/><W113/><G113/><RYUUKYOKU ba="0,2" sc="240,15,240,15,250,-15,250,-15" hai0="7,8,15,48,52,53,55,59,86,88,94,97,101" hai1="16,21,24,56,62,74,79,82,83,84,91,98,99" /><INIT seed="0,1,2,2,1,54" ten="255,255,235,235" oya="0" hai0="18,50,104,107,74,58,5,56,42,52,110,133,65" hai1="25,132,7,40,119,78,122,57,134,0,79,41,89" hai2="72,15,44,76,63,22,87,33,131,66,103,84,81" hai3="106,125,35,94,68,118,99,61,13,55,6,129,93"/><T113/><D113/><U114/><E114/><V17/><F131/><W112/><G112/><T121/><D121/><U9/><E122/><V53/><F33/><W83/><G118/><T120/><D74/><U105/><E119/><V98/><F53/><W108/><G129/><T37/><D120/><U48/><E105/><V124/><F44/><W88/><G35/><T80/><D133/><N who="1" m="51307" /><E89/><V86/><F124/><W38/><G38/><T101/><D110/><U8/><E8/><V90/><F90/><W45/><G108/><T24/><D5/><U71/><E71/><V70/><REACH who="2" step="1"/><F72/><REACH who="2" ten="255,255,225,235" step="2"/><W92/><G125/><T34/><D34/><U97/><E40/><V117/><F117/><W60/><G45/><T1/><D42/><U28/><E41/><V116/><F116/><W96/><G99/><T100/><D52/><N who="1" m="31879" /><E97/><V10/><F10/><W51/><G96/><T32/><D32/><AGARI ba="1,3" hai="0,7,9,25,28,32,78,79" m="31879,51307" machi="32" ten="30,3900,0" yaku="20,1,52,1,54,1" doraHai="54" who="1" fromWho="0" sc="255,-42,255,72,225,0,235,0" /><INIT seed="1,0,0,1,1,9" ten="213,327,225,235" oya="1" hai0="24,82,111,120,23,86,19,72,91,39,112,43,18" hai1="59,88,60,7,38,37,0,15,76,74,92,52,54" hai2="26,105,133,31,40,45,107,77,96,8,46,97,41" hai3="35,66,20,89,70,58,64,55,98,42,51,22,16"/><U78/><E0/><V93/><F133/><W69/><G35/><T124/><D112/><U56/><E37/><V109/><F109/><W68/><G42/><T108/><D124/><U48/><E38/><V14/><F77/><W113/><G113/><T12/><D72/><U2/><E2/><V131/><F131/><W83/><G22/><T49/><D39/><U44/><E74/><V110/><F110/><N who="0" m="42026" /><D120/><U81/><E81/><V27/><F8/><W75/><G75/><T90/><D90/><U29/><E29/><V3/><F93/><W135/><G135/><T115/><D115/><U122/><E122/><V84/><F84/><W21/><G21/><N who="0" m="11463" /><D49/><U79/><E44/><V36/><F36/><W99/><G83/><T34/><D43/><U25/><E25/><V50/><F3/><W129/><G129/><T61/><D61/><U87/><E78/><V65/><F50/><W114/><G114/><T106/><D106/><U116/><E116/><V126/><F126/><W100/><G89/><T101/><D101/><U73/><E73/><V32/><F31/><W53/><G100/><T80/><D34/><U119/><E119/><V10/><F32/><W130/><G130/><T62/><D62/><U132/><E132/><V85/><F41/><W121/><G121/><T67/><D80/><U104/><E104/><V28/><F40/><W63/><G99/><T5/><D5/><U4/><E7/><V57/><F107/><W103/><G98/><T1/><D1/><U33/><E33/><N who="2" m="20631" /><F97/><W94/><G103/><T95/><D82/><U125/><E125/><V47/><F105/><RYUUKYOKU ba="0,0" sc="213,15,327,15,225,-15,235,-15" hai0="19,23,24,67,86,91,95" hai1="4,15,48,52,54,56,59,60,76,79,87,88,92" /><INIT seed="1,1,0,1,2,111" ten="228,342,210,220" oya="1" hai0="61,93,43,97,57,19,130,67,35,36,75,76,73" hai1="125,86,30,55,1,92,16,15,31,101,27,29,18" hai2="119,80,41,12,77,122,17,14,48,88,68,7,33" hai3="131,126,90,124,115,81,5,120,53,118,103,82,34"/><U25/><E101/><V21/><F68/><W98/><G34/><T96/><D35/><U95/><E86/><V59/><F33/><W117/><G5/><T49/><D36/><U65/><E65/><V94/><F119/><N who="3" m="45579" /><G53/><T63/><D130/><U47/><E47/><V39/><F39/><W99/><G120/><T13/><D63/><U106/><E55/><V113/><F122/><W102/><G131/><T135/><D76/><U79/><E79/><V72/><F113/><W64/><G64/><T123/><D97/><N who="3" m="36873" /><G115/><T74/><D123/><U42/><E106/><V9/><F41/><W78/><G90/><T44/><D135/><U28/><E42/><V127/><F48/><W71/><G71/><T52/><D43/><U51/><E51/><V129/><F129/><W0/><G0/><T114/><D114/><U20/><E1/><V121/><F59/><W108/><G108/><T109/><D109/><U91/><E91/><V4/><F121/><W24/><G24/><T89/><D74/><U70/><E70/><V2/><F2/><W87/><G81/><T60/><D60/><U23/><E125/><AGARI ba="1,0" hai="78,82,87,102,103,124,125,126" m="36873,45579" machi="125" ten="30,7700,0" yaku="18,1,12,1,34,2" doraHai="111" who="3" fromWho="1" sc="228,0,342,-80,210,0,220,80" /><INIT seed="2,0,0,5,5,91" ten="228,262,210,300" oya="2" hai0="72,63,111,53,94,58,75,74,119,41,5,34,16" hai1="105,96,112,60,7,107,26,121,114,69,14,86,56" hai2="47,54,132,18,62,81,122,100,15,37,61,116,65" hai3="64,109,20,68,77,115,35,57,98,97,101,10,49"/><V133/><F116/><W4/><G35/><T25/><D119/><U19/><E69/><V130/><F122/><W66/><G115/><T6/><D41/><U76/><E121/><V85/><F100/><W51/><G109/><T32/><D111/><U93/><E7/><V33/><F33/><W70/><G77/><T124/><D34/><U118/><E118/><V123/><F123/><W99/><G101/><T84/><D32/><U82/><E107/><V73/><F73/><W95/><G20/><T45/><D45/><U30/><E105/><V50/><F37/><W48/><G95/><T43/><D43/><U134/><E134/><N who="2" m="51819" /><F65/><W29/><G29/><T31/><D124/><U71/><E71/><V1/><F1/><W11/><G4/><T80/><D31/><U89/><E30/><V8/><F130/><W92/><G92/><T102/><D94/><U88/><E26/><V106/><F106/><W131/><G131/><T9/><D102/><N who="1" m="60687" /><E114/><V90/><AGARI ba="0,0" hai="8,15,18,47,50,54,61,62,81,85,90" m="51819" machi="90" ten="30,3000,0" yaku="25,1,20,1" doraHai="91" who="2" fromWho="2" sc="228,-10,262,-10,210,30,300,-10" /><INIT seed="2,1,0,4,2,66" ten="218,252,240,290" oya="2" hai0="127,76,44,134,115,113,129,105,54,91,124,88,48" hai1="25,90,104,123,83,98,77,126,119,8,110,35,103" hai2="49,19,75,3,73,64,55,109,120,74,80,16,7" hai3="135,11,47,56,31,130,22,99,50,101,57,93,32"/><V100/><F120/><W69/><G135/><T85/><D105/><U37/><E119/><V51/><F109/><W4/><G130/><T97/><D134/><U84/><E37/><V6/><F100/><W131/><G32/><T9/><D129/><U60/><E8/><V20/><F64/><W62/><G131/><T70/><D70/><U42/><E42/><V132/><F132/><W133/><G133/><T1/><D97/><U43/><E43/><V41/><F3/><W68/><G57/><T89/><D9/><U12/><E12/><V40/><F80/><W65/><G50/><T13/><D13/><U111/><E60/><V39/><F39/><W58/><G58/><T53/><D53/><U107/><E25/><V21/><F74/><W116/><G47/><T94/><D1/><U63/><E63/><V72/><F75/><W78/><G78/><T102/><D76/><U29/><E29/><V59/><F59/><W122/><G116/><T38/><D38/><U17/><E17/><V0/><F0/><N who="3" m="391" /><G122/><T24/><D24/><AGARI ba="1,0" hai="22,24,31,56,62,65,68,69,93,99,101" m="391" machi="24" ten="30,3900,0" yaku="25,1,52,2" doraHai="66" who="3" fromWho="0" sc="218,-42,252,0,240,0,290,42" /><INIT seed="3,0,0,1,4,33" ten="176,252,240,332" oya="3" hai0="125,73,45,50,122,71,127,19,21,98,134,8,93" hai1="84,44,106,4,23,62,91,48,120,0,97,15,75" hai2="86,54,51,43,11,85,109,104,3,18,6,68,76" hai3="105,1,42,10,35,59,123,63,82,133,9,131,74"/><W121/><G105/><T80/><D71/><U60/><E75/><V115/><F115/><W77/><G35/><T65/><D65/><U66/><E120/><V72/><F109/><W78/><G133/><T16/><D122/><U89/><E0/><V30/><F68/><W96/><G131/><T99/><D134/><U81/><E66/><V12/><F104/><W79/><G10/><T29/><D80/><U100/><E91/><V90/><F30/><W110/><G110/><T83/><D83/><U55/><E4/><V24/><F24/><W31/><G31/><T32/><D73/><U17/><AGARI ba="0,0" hai="15,17,23,44,48,55,60,62,81,84,89,97,100,106" machi="17" ten="30,1100,0" yaku="0,1" doraHai="33" who="1" fromWho="1" sc="176,-3,252,11,240,-3,332,-5" /><INIT seed="4,0,0,5,1,83" ten="173,263,237,327" oya="0" hai0="33,102,68,134,103,47,85,129,135,49,74,75,67" hai1="105,13,52,70,73,94,7,10,22,95,12,39,84" hai2="24,133,90,109,46,91,16,104,59,107,23,21,123" hai3="1,18,57,108,61,117,40,115,116,64,38,11,119"/><T82/><D33/><U2/><E105/><V3/><F109/><W76/><G108/><T60/><D129/><U15/><E73/><V132/><F123/><W86/><G115/><T5/><D5/><U44/><E70/><V27/><F59/><W17/><G40/><T121/><D121/><U130/><E130/><V98/><F46/><W20/><G38/><T112/><D75/><U96/><E22/><V125/><F3/><W99/><G99/><T63/><D63/><U80/><E96/><V79/><F79/><W120/><G120/><T37/><D37/><U36/><E36/><V110/><F110/><W34/><G34/><T55/><D74/><U26/><E26/><V48/><F48/><W88/><G76/><T126/><D126/><U89/><E52/><V111/><F111/><W87/><G87/><T77/><REACH who="0" step="1"/><D112/><REACH who="0" ten="163,263,237,327" step="2"/><U4/><E7/><V66/><F125/><W65/><G119/><T101/><AGARI ba="0,1" hai="47,49,55,60,67,68,77,82,85,101,102,103,134,135" machi="101" ten="30,11700,0" yaku="1,1,2,1,0,1,52,1,53,0" doraHai="83" doraHaiUra="35" who="0" fromWho="0" sc="163,127,263,-39,237,-39,327,-39" /><INIT seed="4,1,0,0,0,113" ten="290,224,198,288" oya="0" hai0="53,7,85,90,78,18,68,73,25,84,35,4,81" hai1="132,11,33,10,19,87,51,6,69,111,62,80,123" hai2="82,5,134,115,79,45,30,58,129,107,128,122,41" hai3="101,15,13,70,32,108,54,76,1,50,17,96,47"/><T16/><D68/><U97/><E123/><V117/><F122/><W133/><G108/><T24/><D73/><U119/><E33/><V72/><F107/><W93/><G1/><T34/><D53/><U135/><E111/><V31/><F115/><W59/><G133/><N who="1" m="51274" /><E51/><V55/><F134/><W36/><G70/><T46/><D46/><U99/><E19/><V77/><F77/><W44/><G32/><T110/><D110/><U100/><E119/><V56/><F5/><W52/><G76/><T48/><D48/><U118/><E118/><V42/><F117/><W130/><G130/><N who="2" m="50281" /><F42/><W63/><G36/><T71/><D71/><U22/><E6/><V40/><F41/><W105/><G105/><T92/><D34/><U112/><E112/><V12/><F12/><W103/><G103/><T28/><REACH who="0" step="1"/><D18/><REACH who="0" ten="280,224,198,288" step="2"/><U27/><E69/><V106/><F55/><W91/><G47/><T94/><D94/><U125/><E62/><V120/><F120/><W9/><G17/><T124/><D124/><U60/><E60/><V65/><F106/><W127/><G127/><T57/><D57/><N who="2" m="22122" /><F65/><W86/><REACH who="3" step="1"/><G9/><REACH who="3" ten="280,224,198,278" step="2"/><T3/><D3/><U95/><E10/><V38/><AGARI ba="1,2" hai="30,31,38,40,45,72,79,82" m="22122,50281" machi="38" ten="30,1100,0" yaku="19,1" doraHai="113" who="2" fromWho="2" sc="280,-6,224,-4,198,34,278,-4" /><INIT seed="5,0,0,2,2,25" ten="274,220,232,274" oya="1" hai0="55,111,89,26,53,37,1,112,21,95,45,108,62" hai1="33,12,100,125,83,85,124,70,117,16,30,15,18" hai2="78,34,60,88,27,38,116,13,42,73,77,90,75" hai3="58,134,106,5,127,31,28,66,120,71,119,115,52"/><U49/><E70/><V47/><F116/><W44/><G120/><T96/><D1/><U9/><E100/><V56/><F13/><W105/><G5/><T86/><D112/><U14/><E49/><V107/><F107/><W0/><G0/><T24/><D24/><N who="1" m="18631" /><E117/><V72/><F34/><W102/><G119/><T22/><D22/><N who="1" m="11615" /><E85/><V118/><F27/><W130/><G102/><T98/><D37/><U133/><E83/><V43/><F43/><W81/><G115/><T80/><D98/><U76/><E76/><V6/><F6/><W10/><G10/><T109/><D45/><U20/><E133/><V110/><F118/><W17/><G134/><T68/><D68/><U74/><E74/><V36/><F36/><W82/><G71/><T19/><REACH who="0" step="1"/><D62/><REACH who="0" ten="264,220,232,274" step="2"/><U132/><E132/><V104/><F60/><W40/><G44/><T46/><D46/><U126/><E126/><V51/><F38/><W84/><G127/><T97/><D97/><U92/><E92/><V3/><F47/><W67/><G106/><T91/><AGARI ba="0,1" hai="19,21,26,53,55,80,86,89,91,95,96,108,109,111" machi="91" ten="30,2000,0" yaku="1,1,0,1,53,0" doraHai="25" doraHaiUra="99" who="0" fromWho="0" sc="264,30,220,-10,232,-5,274,-5" /><INIT seed="6,0,0,2,3,83" ten="294,210,227,269" oya="2" hai0="129,70,119,21,104,67,66,101,112,9,60,105,107" hai1="48,81,64,10,37,116,19,47,127,87,84,42,54" hai2="17,120,13,68,134,44,4,22,20,63,69,31,26" hai3="113,5,131,46,8,80,117,74,82,62,57,1,111"/><V125/><F120/><W75/><G111/><T43/><D112/><U23/><E116/><V122/><F122/><W56/><G117/><T91/><D129/><U89/><E127/><V102/><F134/><W108/><G108/><T135/><D135/><U29/><E64/><V34/><F125/><W14/><G131/><T94/><D43/><U61/><E61/><V92/><F44/><W51/><G113/><T38/><D38/><U71/><E71/><V76/><F76/><W49/><G1/><T0/><D66/><U115/><E115/><V132/><F132/><W50/><G46/><T16/><D101/><U65/><E65/><V93/><F63/><W27/><G75/><T86/><D119/><U40/><E29/><V114/><F114/><W123/><G123/><T95/><D95/><N who="1" m="54695" /><E37/><V6/><F34/><W15/><G27/><T2/><REACH who="0" step="1"/><D9/><REACH who="0" ten="284,210,227,269" step="2"/><U55/><E55/><V106/><F93/><W109/><G109/><T133/><D133/><U30/><E10/><V12/><F92/><W90/><G8/><T28/><D28/><U11/><E30/><V100/><F31/><W41/><G41/><T73/><D73/><U59/><E11/><V72/><F72/><W85/><G5/><T98/><D98/><U77/><E47/><V45/><F45/><W88/><G74/><T53/><D53/><U110/><E110/><V35/><F4/><W126/><G126/><T96/><D96/><U36/><E36/><V24/><F6/><W79/><G82/><T39/><D39/><U78/><E78/><V52/><F52/><N who="3" m="34087" /><G56/><T7/><D7/><U124/><E124/><RYUUKYOKU ba="0,1" sc="284,10,210,10,227,-30,269,10" hai0="0,2,16,21,60,67,70,86,91,94,104,105,107" hai1="19,23,40,42,48,54,59,77,81,87" hai3="14,15,49,50,51,79,80,85,88,90" /><INIT seed="7,1,1,3,5,42" ten="294,220,197,279" oya="3" hai0="99,3,60,35,37,116,66,18,58,129,72,25,39" hai1="127,68,79,56,13,9,74,107,83,63,80,52,28" hai2="22,2,106,111,109,32,51,67,43,135,36,95,87" hai3="55,33,40,126,48,57,89,78,118,34,1,101,54"/><W98/><G118/><T76/><D116/><U113/><E107/><V24/><F106/><W133/><G126/><T8/><D129/><U81/><E113/><V104/><F104/><W114/><G114/><T119/><D99/><U128/><E128/><V86/><F36/><W53/><G133/><T21/><D35/><U88/><E127/><V5/><F32/><W27/><G1/><T92/><D92/><U103/><E103/><V61/><F135/><W123/><G123/><T41/><D41/><U112/><E68/><V12/><F2/><W50/><G78/><T30/><D119/><U4/><E112/><V77/><F95/><N who="3" m="58591" /><G34/><T134/><D134/><U64/><E28/><N who="2" m="17431" /><F77/><W122/><G33/><T62/><D76/><U14/><E64/><V96/><F96/><W73/><G73/><T131/><D72/><U0/><E81/><V11/><F111/><W85/><G27/><T44/><D131/><U71/><E71/><V91/><F91/><W16/><G16/><T105/><D105/><U110/><REACH who="1" step="1"/><E110/><REACH who="1" ten="294,210,197,279" step="2"/><V130/><F109/><W70/><G70/><T7/><D30/><U90/><E90/><V121/><F130/><W108/><G108/><T45/><D66/><U97/><E97/><V125/><F125/><W46/><G122/><T93/><D93/><AGARI ba="1,2" hai="40,46,48,50,53,54,55,57,85,89,93" m="58591" machi="93" ten="30,2900,0" yaku="8,1,52,1" doraHai="42" who="3" fromWho="0" sc="294,-32,210,0,197,0,279,52" owari="262,6.0,210,-19.0,197,-30.0,331,43.0" /></mjloggm>