<mjloggm ver="2.3"><GO type="169" lobby="0"/><UN n0="%47%65%6E%2F%67%65%6E" n1="%E3%81%A1%E3%82%83%E3%82%93%E3%81%B2%E3%81%8D%E3%81%9E%E3%81%86" n2="%28%2A%C2%B4%33%EF%BD%80%2A%29" n3="%E3%83%88%E3%83%88%E3%83%AA%E5%85%88%E7%94%9F%31%39%E6%AD%B3" dan="16,16,16,19" rate="2102.36,2116.06,2178.05,2345.07" sx="M,M,F,F"/><TAIKYOKU oya="0"/><INIT seed="0,0,0,3,2,54" ten="250,250,250,250" oya="0" hai0="131,36,45,132,7,69,108,22,16,13,38,130,42" hai1="37,97,118,117,122,102,68,32,50,125,61,103,124" hai2="17,94,34,135,75,111,120,128,78,115,86,8,81" hai3="65,51,29,49,40,30,88,12,33,43,46,79,133"/><T52/><D69/><U6/><E37/><V119/><F34/><W23/><G133/><T96/><D132/><U92/><E32/><V91/><F135/><W82/><G33/><T129/><D108/><U95/><E6/><V84/><F115/><W76/><G65/><T116/><D116/><U110/><E50/><V25/><F119/><N who="1" m="45577" /><E61/><V106/><F120/><W114/><G114/><T60/><D96/><N who="1" m="59679" /><E68/><V15/><F111/><W4/><G4/><T0/><D38/><U64/><E64/><V72/><F106/><W67/><G67/><T105/><D105/><U90/><E110/><V3/><F128/><W53/><G43/><T123/><D123/><U39/><E39/><V10/><F25/><W35/><G35/><T21/><D21/><U24/><E24/><V77/><F77/><N who="3" m="29771" /><G12/><T31/><D31/><U101/><E122/><V47/><F3/><W121/><G23/><T70/><D70/><U48/><E48/><V14/><REACH who="2" step="1"/><F47/><REACH who="2" ten="250,250,240,250" step="2"/><N who="3" m="25831" /><G121/><T2/><D7/><AGARI ba="0,1" hai="7,8,10,14,15,17,72,75,78,81,84,86,91,94" machi="7" ten="30,7700,0" yaku="1,1,7,1,53,2" doraHai="54" doraHaiUra="104" who="2" fromWho="0" sc="250,-77,250,0,240,87,250,0" /><INIT seed="1,0,0,0,2,112" ten="173,250,327,250" oya="1" hai0="13,111,91,102,107,113,7,63,5,9,82,31,89" hai1="92,45,12,115,64,135,134,11,25,123,4,35,43" hai2="126,40,130,117,3,122,118,10,59,54,48,18,17" hai3="57,96,94,70,108,133,14,58,51,116,67,1,100"/><U125/><E115/><V19/><F122/><W0/><G70/><T127/><D31/><N who="1" m="19951" /><E123/><V72/><F72/><W23/><G108/><T26/><D113/><U56/><E92/><V129/><F40/><W79/><G133/><N who="1" m="50698" /><E125/><V41/><F41/><W65/><G116/><N who="2" m="44649" /><F126/><W88/><G79/><T76/><D26/><U77/><E77/><V62/><F3/><W2/><G14/><T38/><D38/><N who="1" m="21751" /><E56/><V34/><F34/><W52/><G23/><T78/><D78/><U84/><E84/><V50/><F10/><W110/><G110/><T81/><D81/><U42/><E42/><V16/><N who="2" m="4096" /><DORA hai="80" /><V32/><F32/><W90/><REACH who="3" step="1"/><G58/><REACH who="3" ten="173,250,327,240" step="2"/><T87/><D111/><U124/><E124/><V60/><F60/><W47/><G47/><T22/><D127/><U109/><E109/><V101/><F101/><W69/><G69/><T68/><D68/><U24/><E24/><V75/><F75/><W28/><G28/><T37/><D76/><U30/><E30/><V33/><F33/><W95/><G95/><T120/><D120/><U61/><E61/><V53/><F53/><W83/><G83/><T121/><D63/><U114/><E114/><V44/><F44/><W99/><G99/><T103/><D121/><U98/><E98/><V21/><F21/><W106/><G106/><T55/><D107/><U29/><E29/><V97/><F97/><W73/><G73/><T74/><D74/><U8/><E8/><V105/><F105/><W131/><G131/><AGARI ba="0,1" hai="48,50,54,59,62,129,130,131" m="4096,44649" machi="131" ten="50,8000,1" yaku="19,1,52,3,54,1" doraHai="112,80" who="2" fromWho="3" sc="173,0,250,0,327,90,240,-80" /><INIT seed="2,0,0,2,4,54" ten="173,250,417,160" oya="2" hai0="51,125,18,2,47,102,37,109,14,20,22,64,112" hai1="105,24,115,23,121,1,25,127,134,122,67,59,96" hai2="70,45,35,63,129,11,116,40,119,62,41,4,65" hai3="123,34,71,106,92,131,86,114,83,10,38,103,95"/><V49/><F35/><W30/><G123/><N who="1" m="47114" /><E1/><V110/><F129/><W55/><G38/><T124/><D2/><U94/><E105/><V91/><F110/><W74/><G71/><T130/><D112/><U98/><E115/><V73/><F73/><W90/><G114/><T21/><D130/><U52/><E127/><V81/><F41/><W126/><G131/><T72/><D72/><U44/><E134/><V29/><F29/><W104/><G126/><T97/><D109/><U117/><E117/><V3/><REACH who="2" step="1"/><F63/><REACH who="2" ten="173,250,407,160" step="2"/><W27/><G74/><T56/><D125/><U53/><E25/><V107/><F107/><W0/><G106/><T93/><D124/><U128/><E128/><V15/><F15/><W17/><G104/><T42/><D37/><U69/><E44/><V48/><F48/><W75/><G75/><T19/><D14/><U16/><E69/><V61/><F61/><AGARI ba="0,1" hai="18,19,20,21,22,42,47,51,56,61,64,93,97,102" machi="61" ten="40,2600,0" yaku="8,1,52,1" doraHai="54" who="0" fromWho="2" sc="173,36,250,0,407,-26,160,0" /><INIT seed="3,0,0,5,2,133" ten="209,250,381,160" oya="3" hai0="92,59,14,117,104,86,85,90,16,101,7,119,27" hai1="73,107,55,96,28,47,78,5,60,79,53,84,44" hai2="116,105,2,91,127,80,41,36,26,57,43,120,3" hai3="82,102,125,95,29,88,66,77,13,42,67,100,34"/><W31/><G42/><T108/><D7/><U121/><E73/><V123/><F105/><W58/><G125/><T68/><D68/><U62/><E28/><N who="3" m="10826" /><G34/><T56/><D27/><U71/><E5/><V83/><F116/><W72/><G72/><T24/><D24/><U18/><E18/><V23/><F26/><W110/><G110/><T54/><D108/><U122/><E84/><V129/><F36/><W98/><G58/><T35/><D85/><U19/><E19/><V106/><F106/><W70/><G70/><T10/><D35/><U0/><E107/><V132/><F57/><W114/><G114/><T51/><REACH who="0" step="1"/><D59/><REACH who="0" ten="199,250,381,160" step="2"/><U109/><E71/><V45/><F123/><W69/><G69/><T76/><D76/><U38/><E79/><V97/><F120/><W1/><G1/><T113/><D113/><U33/><E78/><V39/><F3/><W49/><G13/><T81/><D81/><U12/><E12/><V94/><F2/><W4/><G4/><T40/><D40/><U89/><E33/><V64/><F41/><W112/><G112/><T135/><D135/><U48/><E0/><V9/><F132/><W103/><G77/><T30/><D30/><U128/><E109/><V21/><F43/><W25/><G82/><T6/><D6/><U20/><E122/><V74/><F80/><W11/><G25/><T52/><D52/><U63/><E55/><V46/><F83/><W99/><G99/><AGARI ba="0,1" hai="10,14,16,51,54,56,86,90,92,99,101,104,117,119" machi="99" ten="40,2600,0" yaku="1,1,54,1,53,0" doraHai="133" doraHaiUra="130" who="0" fromWho="3" sc="199,36,250,0,381,0,160,-26" /><INIT seed="4,0,0,2,3,50" ten="235,250,381,134" oya="0" hai0="44,104,18,80,30,42,118,129,126,91,122,125,16" hai1="134,94,31,0,57,45,23,74,88,5,38,6,34" hai2="119,27,9,15,124,92,22,58,116,37,48,75,51" hai3="68,120,110,103,114,72,28,77,66,14,41,84,10"/><T71/><D104/><U113/><E74/><V106/><F106/><W101/><G110/><T25/><D122/><U123/><E34/><V128/><F75/><W24/><G120/><T109/><D118/><N who="2" m="45098" /><F37/><W53/><G72/><T65/><D129/><U97/><E123/><V2/><F2/><W117/><G117/><T49/><D109/><U13/><E134/><V99/><F124/><N who="0" m="47722" /><D65/><U67/><E0/><V127/><F127/><W46/><G114/><T86/><D71/><U12/><E113/><V60/><F128/><W19/><G66/><T96/><D96/><U69/><E69/><V64/><F15/><W20/><G68/><T8/><D8/><U43/><E13/><V47/><F9/><W26/><G26/><T102/><D102/><U90/><E90/><N who="2" m="55703" /><F47/><W17/><G101/><T87/><D86/><U81/><E67/><V83/><F83/><N who="3" m="47215" /><G103/><T133/><D133/><U112/><E81/><V61/><F60/><W21/><G10/><T33/><AGARI ba="0,0" hai="16,18,25,30,33,42,44,49,80,87,91" m="47722" machi="33" ten="30,3000,0" yaku="18,1,54,1" doraHai="50" who="0" fromWho="0" sc="235,30,250,-10,381,-10,134,-10" /><INIT seed="4,1,0,2,5,126" ten="265,240,371,124" oya="0" hai0="33,44,132,79,12,101,25,70,85,95,20,41,99" hai1="18,0,106,89,36,10,91,84,129,104,55,119,103" hai2="93,14,60,72,105,11,120,48,75,38,81,115,124" hai3="87,4,46,56,69,118,96,108,121,133,113,13,90"/><T50/><D70/><U112/><E36/><V92/><F105/><W34/><G69/><T111/><D111/><U49/><E119/><V100/><F38/><W37/><G34/><T134/><D33/><U51/><E112/><V77/><F120/><W66/><G121/><T107/><D12/><U3/><E18/><V114/><F124/><W67/><G118/><T123/><D123/><U15/><E15/><V35/><F35/><W16/><G108/><T58/><D58/><U74/><E10/><V57/><F48/><W68/><G68/><T109/><D109/><U76/><E84/><V61/><F75/><W88/><G4/><T40/><D40/><U47/><E76/><V62/><F57/><W98/><G133/><T64/><D64/><N who="3" m="24617" /><G37/><T45/><D45/><U6/><E47/><V26/><F26/><W7/><G7/><T94/><D79/><U83/><E6/><N who="2" m="3447" /><F100/><W116/><G113/><AGARI ba="1,0" hai="60,61,62,72,77,81,92,93,113,114,115" m="3447" machi="113" ten="30,1000,0" yaku="15,1" doraHai="126" who="2" fromWho="3" sc="265,0,240,0,371,13,124,-13" /><INIT seed="5,0,0,4,2,49" ten="265,240,384,111" oya="1" hai0="123,28,115,104,76,45,88,61,118,132,12,56,58" hai1="129,44,59,7,43,98,131,36,38,37,39,96,121" hai2="3,50,41,95,42,120,15,63,109,82,69,75,134" hai3="18,106,51,94,52,80,127,124,135,47,111,22,81"/><U91/><E7/><V4/><F109/><W31/><G106/><T122/><D104/><U48/><E91/><V0/><F134/><W17/><G111/><T90/><D76/><U6/><E6/><V67/><F120/><W60/><G135/><T27/><D132/><U126/><E96/><V11/><F95/><W72/><G31/><T68/><D68/><U9/><E9/><V26/><F26/><W73/><G80/><T40/><D12/><U19/><E19/><V5/><F5/><W89/><G60/><T79/><D79/><U128/><E98/><V92/><F92/><W10/><G10/><T108/><D118/><U62/><E121/><V34/><F34/><W30/><G30/><T53/><D108/><U77/><E77/><V71/><F71/><W46/><G46/><T110/><D110/><U25/><E25/><V33/><F33/><W100/><G81/><T35/><D115/><U125/><E36/><V14/><F82/><W99/><G18/><T16/><D16/><U57/><E57/><V102/><F75/><W78/><G100/><T119/><D123/><U55/><AGARI ba="0,0" hai="37,38,39,43,44,48,55,59,62,125,126,128,129,131" machi="55" ten="40,18000,2" yaku="0,1,19,1,34,3,52,1" doraHai="49" who="1" fromWho="1" sc="265,-60,240,180,384,-60,111,-60" /><INIT seed="5,1,0,3,4,130" ten="205,420,324,51" oya="1" hai0="30,91,33,27,100,25,128,67,18,85,102,125,126" hai1="90,44,35,105,14,70,6,61,49,31,71,26,52" hai2="15,99,97,48,34,41,103,80,12,108,57,87,83" hai3="88,106,113,111,36,78,56,68,8,75,94,50,22"/><U23/><E105/><V40/><F34/><W55/><G111/><T81/><D67/><U129/><E129/><V43/><F108/><W95/><G106/><T16/><D128/><U11/><E90/><V63/><F48/><W32/><G32/><T42/><D42/><U76/><E76/><N who="2" m="46471" /><F83/><W120/><G120/><T53/><D53/><U54/><E61/><V20/><F103/><N who="0" m="39466" /><D27/><U93/><E93/><V45/><F45/><W122/><G68/><T82/><D82/><U5/><E5/><V118/><F118/><W133/><G36/><T86/><D86/><U3/><E54/><N who="2" m="34231" /><F20/><W10/><G122/><T28/><D28/><U46/><E46/><V114/><F114/><W9/><G113/><T124/><AGARI ba="1,0" hai="16,18,25,30,33,81,85,91,124,125,126" m="39466" machi="124" ten="40,2700,0" yaku="18,1,54,1" doraHai="130" who="0" fromWho="0" sc="205,30,420,-14,324,-8,51,-8" /><INIT seed="6,0,0,1,4,4" ten="235,406,316,43" oya="2" hai0="2,74,94,6,70,93,49,135,36,27,63,59,37" hai1="46,117,91,99,80,58,19,118,31,62,52,126,34" hai2="61,5,122,17,66,115,11,29,100,23,60,54,40" hai3="113,133,97,108,12,42,131,104,44,130,85,101,21"/><V76/><F122/><W50/><G108/><T51/><D27/><U81/><E81/><V53/><F115/><W79/><G113/><T75/><D59/><U43/><E126/><V7/><F40/><W128/><G133/><T56/><D56/><U64/><E34/><V112/><F112/><W14/><G79/><T1/><D6/><U77/><E31/><V132/><F132/><W96/><G85/><T26/><D26/><U134/><E134/><V69/><F29/><W71/><G71/><T116/><D135/><U18/><E18/><V10/><F100/><W102/><REACH who="3" step="1"/><G21/><REACH who="3" ten="235,406,316,33" step="2"/><T127/><D70/><U129/><E77/><V106/><F76/><W48/><G48/><T0/><D116/><U82/><E118/><V9/><F106/><AGARI ba="0,1" hai="12,14,42,44,50,96,97,101,102,104,106,128,130,131" machi="106" ten="40,5200,0" yaku="1,1,9,1,19,1,53,0" doraHai="4" doraHaiUra="110" who="3" fromWho="2" sc="235,0,406,0,316,-52,33,62" /><INIT seed="7,0,0,5,2,107" ten="235,406,264,95" oya="3" hai0="17,56,84,70,99,35,11,3,95,4,53,100,126" hai1="124,80,82,105,74,12,24,13,87,33,120,58,34" hai2="5,2,73,94,118,43,127,85,132,110,63,46,38" hai3="104,76,93,131,16,47,55,42,72,52,69,106,89"/><W71/><G131/><T23/><D35/><U75/><E105/><V66/><F118/><W40/><G104/><T6/><D126/><U92/><E92/><V59/><F127/><W117/><G117/><T41/><D70/><U36/><E36/><V112/><F110/><W133/><G106/><T125/><D125/><U108/><E124/><V96/><F85/><W123/><G123/><T0/><D41/><U15/><E58/><V10/><F132/><W28/><G133/><T119/><D119/><U88/><E108/><V91/><F112/><W14/><G28/><T81/><D0/><U45/><E45/><V79/><F79/><W49/><G71/><T78/><D11/><U32/><E120/><V26/><F26/><W114/><G69/><T121/><D3/><U62/><E62/><V50/><REACH who="2" step="1"/><F73/><REACH who="2" ten="235,406,254,95" step="2"/><W31/><G31/><T65/><D65/><U25/><E75/><V64/><F64/><W54/><G114/><T122/><D121/><U29/><E25/><V134/><F134/><W77/><G42/><T57/><D122/><U115/><E115/><V48/><AGARI ba="0,1" hai="2,5,10,38,43,46,48,50,59,63,66,91,94,96" machi="48" ten="30,4000,0" yaku="1,1,0,1,53,1" doraHai="107" doraHaiUra="1" who="2" fromWho="2" sc="235,-10,406,-10,254,50,95,-20" owari="225,-17.0,396,49.0,304,10.0,75,-42.0" /></mjloggm>