<mjloggm ver="2.3"><GO type="169" lobby="0"/><UN n0="%E2%98%86%E3%82%BF%E3%82%AD%E3%82%AA%E3%83%B3%E2%98%85" n1="%E3%82%AC%E3%83%9F%E3%82%B4%E3%83%B3" n2="%E3%82%A6%E3%83%AB%E3%83%88%E3%83%A9%E7%AB%8B%E7%9B%B4" n3="%E3%83%A2%E3%83%83%E3%83%83%E3%83%83%E3%83%83%E3%83%83%E3%82%B3%E3%82%B9" dan="16,18,18,16" rate="2140.44,2207.23,2224.11,2066.12" sx="M,F,M,M"/><TAIKYOKU oya="0"/><INIT seed="0,0,0,3,4,64" ten="250,250,250,250" oya="0" hai0="81,24,35,21,105,7,117,23,129,1,92,47,77" hai1="61,18,51,127,9,28,89,67,74,10,70,11,82" hai2="131,38,123,14,87,135,13,65,49,78,3,121,26" hai3="126,79,128,100,134,19,102,111,37,31,56,43,0"/><T44/><D105/><U25/><E127/><V69/><F3/><W133/><G126/><T120/><D117/><U41/><E18/><V60/><F38/><W63/><G111/><T107/><D107/><U42/><E51/><V68/><F131/><W45/><G128/><T36/><D129/><U16/><E89/><V106/><F106/><W22/><G31/><T2/><D120/><U6/><E6/><V29/><F135/><N who="3" m="51723" /><G0/><T99/><D35/><U32/><REACH who="1" step="1"/><E16/><REACH who="1" ten="250,240,250,250" step="2"/><V12/><F49/><W73/><G79/><AGARI ba="0,1" hai="9,10,11,25,28,32,41,42,61,67,70,74,79,82" machi="79" ten="40,8000,1" yaku="1,1,2,1,52,1,53,1" doraHai="64" doraHaiUra="72" who="1" fromWho="3" sc="250,0,240,90,250,0,250,-80" /><INIT seed="1,0,0,1,2,18" ten="250,330,250,170" oya="1" hai0="46,16,132,115,66,89,47,28,49,17,135,86,80" hai1="82,19,65,104,62,51,81,54,45,84,2,39,76" hai2="14,77,88,118,52,7,27,70,106,23,75,59,6" hai3="43,112,103,83,92,64,122,117,98,12,97,126,4"/><U108/><E104/><V73/><F70/><W3/><G122/><T53/><D115/><U5/><E108/><V133/><F118/><W15/><G117/><T79/><D66/><U38/><E81/><V8/><F106/><W50/><G112/><T85/><D28/><U72/><E72/><V87/><F133/><N who="0" m="51274" /><D47/><U96/><E96/><V69/><F69/><W22/><G126/><T32/><D32/><U95/><E95/><AGARI ba="0,0" hai="16,17,46,49,53,79,80,85,86,89,95" m="51274" machi="95" ten="30,2000,0" yaku="20,1,54,1" doraHai="18" who="0" fromWho="1" sc="250,20,330,-20,250,0,170,0" /><INIT seed="2,0,0,3,3,47" ten="270,310,250,170" oya="2" hai0="119,120,70,111,85,129,19,49,20,130,63,9,18" hai1="13,34,124,32,6,55,72,115,11,39,16,54,29" hai2="45,41,114,31,1,133,81,52,61,132,33,88,0" hai3="125,82,118,59,91,25,76,23,84,135,68,43,22"/><V131/><F114/><W35/><G118/><T100/><D120/><U42/><E115/><V127/><F33/><W112/><G112/><T38/><D38/><U27/><E124/><V60/><F31/><W36/><G68/><T65/><D119/><U21/><E72/><V62/><F127/><W86/><G125/><T10/><D111/><U56/><E34/><V83/><F131/><W104/><G104/><T15/><D100/><U7/><E7/><V46/><F41/><W94/><G135/><N who="2" m="51785" /><F88/><W71/><G71/><T96/><D96/><U67/><E42/><V122/><F122/><W5/><G5/><T12/><D85/><U99/><E99/><V51/><F45/><W123/><G123/><T30/><REACH who="0" step="1"/><D49/><REACH who="0" ten="260,310,250,170" step="2"/><U74/><E39/><V3/><AGARI ba="0,1" hai="0,1,3,46,51,52,60,61,62,81,83" m="51785" machi="3" ten="40,7800,0" yaku="20,1,52,1,54,1" doraHai="47" who="2" fromWho="2" sc="260,-26,310,-26,250,88,170,-26" /><INIT seed="2,1,0,2,0,126" ten="234,284,338,144" oya="2" hai0="62,31,128,100,15,0,76,46,32,113,88,18,4" hai1="69,114,123,92,111,2,36,29,122,48,94,124,59" hai2="67,17,56,65,129,87,121,22,7,11,44,19,75" hai3="47,116,52,72,84,10,13,73,131,77,50,127,86"/><V78/><F121/><N who="1" m="46089" /><E69/><V104/><F104/><W99/><G116/><T21/><D113/><U43/><E124/><V1/><F129/><W60/><G127/><T53/><D100/><U61/><E36/><V6/><F6/><W120/><G120/><T132/><D132/><U110/><E29/><V49/><F75/><W55/><G131/><T30/><D128/><U9/><E114/><V83/><F56/><W42/><G99/><T40/><D32/><U134/><E134/><V82/><F82/><W89/><G60/><T90/><D76/><U20/><E20/><V12/><REACH who="2" step="1"/><F19/><REACH who="2" ten="234,284,328,144" step="2"/><W23/><G73/><T54/><D4/><N who="1" m="1175" /><E94/><V27/><F27/><W108/><G72/><T96/><D18/><U117/><E92/><V74/><F74/><W41/><G77/><T85/><D0/><U39/><E117/><V107/><F107/><W81/><G81/><T95/><D95/><U66/><E39/><V57/><F57/><W71/><G71/><T14/><D15/><U103/><E103/><V93/><F93/><W119/><G13/><T37/><D14/><U125/><E125/><V102/><F102/><W8/><G119/><T51/><D37/><U3/><E3/><V25/><F25/><W45/><G47/><AGARI ba="1,1" hai="43,47,48,59,61,66,110,111" m="1175,46089" machi="47" ten="30,1000,0" yaku="13,1" doraHai="126" who="1" fromWho="3" sc="234,0,284,23,328,0,144,-13" /><INIT seed="3,0,0,3,1,47" ten="234,307,328,131" oya="3" hai0="74,98,84,32,20,78,3,51,52,96,135,9,5" hai1="1,31,121,75,79,72,68,70,54,80,46,8,122" hai2="85,64,112,81,43,4,63,36,123,24,134,83,13" hai3="109,86,127,6,113,60,61,97,10,17,19,56,82"/><W44/><G113/><T88/><D32/><U102/><E75/><V100/><F112/><W33/><G33/><T133/><D74/><U93/><E31/><V21/><F134/><N who="0" m="51210" /><D20/><U129/><E129/><V2/><F2/><W99/><G127/><T49/><D78/><U30/><E30/><V65/><F100/><W69/><G109/><T41/><D41/><U95/><E95/><V76/><F43/><W45/><G69/><T59/><D51/><U57/><E46/><V126/><F36/><W94/><G45/><T50/><D49/><U117/><E117/><V58/><F126/><W125/><G44/><T103/><D103/><U105/><E105/><V107/><F107/><W73/><G73/><T111/><D111/><U22/><E22/><V29/><F123/><W71/><G71/><T108/><D108/><U28/><E28/><V87/><F63/><N who="3" m="24139" /><G56/><T67/><D67/><U34/><E34/><V66/><F58/><W12/><G125/><T120/><D120/><U110/><E110/><V27/><F66/><W25/><G25/><T16/><D16/><N who="3" m="6217" /><G94/><AGARI ba="0,0" hai="3,5,9,50,52,59,84,88,94,96,98" m="51210" machi="94" ten="30,7700,0" yaku="20,1,52,1,54,2" doraHai="47" who="0" fromWho="3" sc="234,77,307,0,328,0,131,-77" /><INIT seed="4,0,0,0,3,134" ten="311,307,328,54" oya="0" hai0="107,34,46,98,79,92,8,116,35,58,23,39,37" hai1="61,50,72,16,115,109,26,120,135,106,126,124,32" hai2="24,77,48,0,66,4,25,110,69,70,1,53,112" hai3="88,128,49,85,117,80,51,105,42,20,95,18,55"/><T6/><D116/><U86/><E72/><V84/><F110/><W3/><G117/><T15/><D107/><U123/><E109/><V19/><F112/><W67/><G105/><T71/><D71/><U10/><E106/><V52/><F4/><W76/><G128/><T59/><D79/><U125/><E135/><V21/><F53/><W132/><G132/><T93/><D23/><N who="1" m="13671" /><E115/><V94/><F25/><W102/><G3/><T89/><D93/><U129/><E129/><V41/><F41/><W111/><G111/><T82/><D82/><U7/><E32/><V33/><F33/><W30/><G102/><T99/><D34/><U36/><E36/><V54/><F54/><W56/><G30/><T31/><D98/><U81/><E50/><V43/><F70/><W91/><G67/><T113/><D113/><U9/><E61/><V74/><F74/><W108/><G108/><T65/><D65/><U62/><E62/><V28/><F66/><W14/><REACH who="3" step="1"/><G95/><REACH who="3" ten="311,307,328,44" step="2"/><T114/><D114/><U78/><E10/><V27/><F94/><W73/><G73/><T29/><D31/><U63/><E63/><V121/><F0/><AGARI ba="0,1" hai="0,7,9,78,81,86,120,123,124,125,126" m="13671" machi="0" ten="30,8000,1" yaku="18,1,52,3,54,1" doraHai="134" who="1" fromWho="2" sc="311,0,307,90,328,-80,44,0" /><INIT seed="5,0,0,1,5,78" ten="311,397,248,44" oya="1" hai0="15,112,72,77,35,102,47,117,109,125,41,28,52" hai1="6,9,39,33,60,115,32,126,61,19,92,57,103" hai2="59,69,58,5,3,13,14,63,4,89,106,91,43" hai3="83,31,70,23,12,37,85,133,11,49,2,94,131"/><U121/><E121/><V36/><F106/><W0/><G37/><T97/><D109/><U82/><E39/><V96/><F3/><W75/><G70/><T16/><D117/><U93/><E115/><V22/><F69/><W51/><G131/><T86/><D72/><U122/><E122/><V67/><F36/><W105/><G105/><T73/><D73/><U7/><E126/><V107/><F43/><W44/><G133/><T90/><D77/><U29/><E19/><V38/><F38/><W100/><G75/><T81/><D112/><U124/><E61/><V76/><F76/><W87/><G2/><T62/><D125/><U34/><E29/><V127/><F127/><W123/><G0/><T108/><D108/><U98/><E9/><V54/><F107/><W56/><G123/><T8/><D41/><U116/><E116/><V95/><F89/><W101/><G56/><T74/><D74/><U84/><E93/><V128/><F128/><W30/><G87/><T64/><D64/><U79/><REACH who="1" step="1"/><E124/><REACH who="1" ten="311,387,248,44" step="2"/><V113/><F113/><W50/><G94/><N who="0" m="58679" /><D62/><U134/><E134/><V42/><F63/><W99/><G23/><T65/><D28/><U26/><E26/><V120/><F22/><W130/><G130/><T18/><D35/><U17/><E17/><V25/><F120/><W104/><G100/><T111/><D18/><U46/><E46/><V114/><F95/><W110/><G44/><T24/><D24/><U119/><E119/><V66/><F25/><W88/><REACH who="3" step="1"/><G110/><REACH who="3" ten="311,387,248,34" step="2"/><T80/><D111/><U20/><E20/><V1/><F114/><W27/><G27/><RYUUKYOKU ba="0,2" sc="311,-15,387,15,248,-15,34,15" hai1="6,7,32,33,34,57,60,79,82,84,92,98,103" hai3="11,12,30,31,49,50,51,83,85,88,99,101,104" /><INIT seed="5,1,2,3,1,75" ten="296,402,233,49" oya="1" hai0="82,14,34,74,103,38,133,12,15,80,92,73,99" hai1="132,40,86,96,114,110,22,31,94,63,45,6,66" hai2="65,113,32,71,43,78,26,100,91,64,5,61,121" hai3="52,107,111,95,44,118,85,11,93,50,23,124,51"/><U84/><E114/><V123/><F65/><W41/><G111/><T89/><D34/><U16/><E132/><V69/><F69/><W27/><G124/><T129/><D38/><U106/><E31/><N who="2" m="19575" /><F91/><W67/><G107/><T60/><D133/><U77/><E6/><V70/><F70/><W56/><G118/><T30/><D30/><U126/><E106/><V25/><F25/><W88/><G67/><T76/><D129/><U49/><E77/><V125/><F125/><W7/><G95/><T130/><D130/><U46/><E46/><V59/><F59/><W21/><REACH who="3" step="1"/><G27/><REACH who="3" ten="296,402,233,39" step="2"/><T18/><D92/><U55/><E110/><V131/><F64/><W79/><G79/><T117/><D76/><U115/><E126/><V134/><F78/><W19/><G19/><T37/><D18/><U119/><E119/><V13/><F131/><W47/><G47/><T135/><D117/><U53/><E66/><V81/><F134/><W101/><G101/><T104/><D103/><U102/><E16/><V33/><F100/><W109/><G109/><T28/><D135/><U112/><E94/><V97/><F71/><W4/><G4/><T122/><D104/><U0/><E45/><V68/><F68/><W17/><G17/><T3/><D82/><U105/><E102/><V127/><F127/><W57/><G57/><T2/><D80/><U36/><E105/><V108/><F108/><W1/><AGARI ba="1,3" hai="1,7,11,21,23,41,44,50,51,52,56,85,88,93" machi="1" ten="20,8000,1" yaku="1,1,0,1,7,1,54,2,53,0" doraHai="75" doraHaiUra="62" who="3" fromWho="3" sc="296,-21,402,-41,233,-21,39,113" /><INIT seed="6,0,0,4,1,83" ten="275,361,212,152" oya="2" hai0="3,31,4,11,62,46,130,118,16,65,30,97,119" hai1="53,126,129,57,99,100,17,103,6,110,111,114,35" hai2="80,67,18,59,49,96,24,81,50,116,37,134,92" hai3="25,106,73,8,29,43,1,34,125,79,40,74,45"/><V121/><F37/><N who="3" m="21647" /><G43/><T56/><D130/><U12/><E114/><V2/><F2/><W71/><G125/><T131/><D131/><U122/><E129/><V113/><F134/><W85/><G85/><T109/><D109/><U28/><E126/><V10/><F113/><W128/><G128/><T61/><D46/><U23/><E6/><V42/><F121/><W107/><G71/><T94/><D62/><U88/><E122/><V123/><F123/><W26/><G26/><T63/><D61/><U52/><E53/><V7/><F116/><N who="0" m="44586" /><D16/><N who="1" m="10631" /><E111/><V91/><F42/><W14/><G14/><T117/><N who="0" m="44594" /><T9/><DORA hai="38" /><D9/><U21/><E35/><V87/><F67/><W101/><G101/><AGARI ba="0,0" hai="3,4,11,30,31,56,63,65,94,97,101" m="44594" machi="101" ten="40,1300,0" yaku="12,1" doraHai="83,38" who="0" fromWho="3" sc="275,13,361,0,212,0,152,-13" /><INIT seed="7,0,0,1,5,71" ten="288,361,212,139" oya="3" hai0="46,8,4,94,121,9,21,96,23,88,31,35,5" hai1="101,112,34,91,130,113,52,20,65,99,36,128,105" hai2="26,49,56,133,3,32,28,125,109,131,13,127,55" hai3="61,16,47,63,41,66,67,40,122,15,19,80,124"/><W117/><G117/><T79/><D121/><U38/><E34/><V116/><F3/><W62/><G124/><N who="2" m="47689" /><F131/><W0/><G122/><T76/><D35/><U27/><E91/><V98/><F133/><W60/><G0/><T64/><D64/><U50/><E65/><V74/><F109/><W14/><G80/><T48/><D76/><U108/><E108/><V115/><F115/><N who="1" m="44105" /><E38/><V2/><F2/><W70/><G67/><T69/><D69/><U22/><E36/><V78/><F116/><W118/><G118/><T54/><D79/><U87/><E87/><V106/><F13/><W72/><G72/><T100/><D100/><U120/><E120/><V114/><F114/><W68/><G68/><T42/><D54/><U85/><E85/><V58/><F58/><W37/><REACH who="3" step="1"/><G41/><REACH who="3" ten="288,361,212,129" step="2"/><T103/><D42/><U51/><E130/><V77/><F74/><W86/><G86/><T104/><D96/><U59/><E128/><V135/><F135/><W110/><G110/><T84/><D84/><U83/><E83/><V29/><F29/><W73/><G73/><T7/><D31/><U30/><E30/><V82/><F82/><W134/><G134/><T33/><D4/><U75/><E75/><V11/><F78/><W89/><G89/><T10/><D5/><U39/><E99/><V97/><F77/><W92/><G92/><T17/><D7/><U126/><E126/><V53/><F98/><W6/><G6/><T123/><D94/><U102/><E101/><N who="2" m="62767" /><F55/><W12/><AGARI ba="0,1" hai="12,14,15,16,19,37,40,47,60,61,62,63,66,70" machi="12" ten="30,11700,0" yaku="1,1,0,1,52,1,54,1,53,0" doraHai="71" doraHaiUra="1" who="3" fromWho="3" sc="288,-39,361,-39,212,-39,129,127" /><INIT seed="7,1,0,4,1,70" ten="249,322,173,256" oya="3" hai0="80,36,113,66,131,128,44,17,94,22,56,135,127" hai1="19,64,77,48,118,74,84,71,31,12,37,67,120" hai2="45,30,86,14,68,134,5,100,102,16,50,53,20" hai3="4,95,104,38,85,96,101,39,65,60,35,63,98"/><W112/><G112/><T72/><D135/><U79/><E37/><V7/><F134/><W69/><G35/><T132/><D132/><U97/><E74/><V2/><F68/><W129/><G129/><N who="0" m="49739" /><D127/><U58/><E71/><V46/><F30/><W40/><G40/><N who="0" m="22535" /><D113/><U99/><E31/><V76/><F2/><W115/><G115/><T59/><D66/><U9/><E120/><V89/><F76/><W49/><G4/><T23/><D94/><U29/><E29/><V106/><F46/><W126/><G49/><T87/><D72/><U109/><E64/><V3/><F3/><W47/><G47/><T43/><D43/><U92/><E67/><V18/><F18/><W57/><G85/><T26/><D22/><U10/><E84/><V116/><F116/><W1/><G1/><T88/><AGARI ba="1,0" hai="17,23,26,56,59,80,87,88" m="22535,49739" machi="88" ten="30,4000,0" yaku="19,1,52,1,54,1" doraHai="70" who="0" fromWho="0" sc="249,43,322,-11,173,-11,256,-21" owari="292,9.0,311,41.0,162,-34.0,235,-16.0" /></mjloggm>