<mjloggm ver="2.3"><GO type="169" lobby="0"/><UN n0="%E3%81%A6%E3%81%B4%E3%81%B4%E3%81%B4%E3%81%B4" n1="%E3%82%A6%E3%83%AB%E3%83%88%E3%83%A9%E7%AB%8B%E7%9B%B4" n2="%74%73%75%72%75%68%6F" n3="%E7%A7%8B%E7%94%B0%E3%81%AE%E3%81%AB%E3%82%93%E3%81%AB%E3%81%8F" dan="17,18,17,16" rate="2144.16,2220.87,2178.25,2260.59" sx="F,M,M,F"/><TAIKYOKU oya="0"/><INIT seed="0,0,0,4,0,53" ten="250,250,250,250" oya="0" hai0="76,91,81,28,14,4,41,44,130,129,64,93,68" hai1="50,117,29,35,113,34,59,65,1,46,122,56,55" hai2="25,85,90,134,123,7,92,133,38,126,54,82,62" hai3="61,95,94,88,100,11,112,83,79,43,8,40,45"/><T27/><D28/><U73/><E73/><V26/><F38/><W3/><G112/><T48/><D27/><U49/><E1/><V107/><F107/><W131/><G131/><N who="0" m="50187" /><D68/><U78/><E35/><V98/><F123/><W66/><G3/><T72/><D64/><U96/><E34/><V86/><F7/><W87/><G100/><T135/><D135/><N who="2" m="51722" /><F126/><W69/><G95/><T18/><D4/><U33/><E33/><V124/><F124/><W32/><G32/><T2/><D2/><U121/><E29/><V80/><F86/><W103/><G103/><T114/><D114/><U99/><E96/><V47/><F47/><W16/><G16/><T42/><D42/><N who="1" m="24791" /><E99/><V97/><F97/><W13/><G13/><T125/><D125/><U39/><E113/><V77/><F82/><W31/><G31/><T70/><D70/><U109/><E39/><V116/><F116/><W84/><REACH who="3" step="1"/><G40/><REACH who="3" ten="250,250,250,240" step="2"/><T63/><D18/><U132/><E132/><V37/><F25/><W36/><AGARI ba="0,1" hai="8,11,36,43,45,61,66,69,79,83,84,87,88,94" machi="36" ten="20,8000,1" yaku="1,1,2,1,0,1,7,1,54,1,53,0" doraHai="53" doraHaiUra="12" who="3" fromWho="3" sc="250,-40,250,-20,250,-20,240,90" /><INIT seed="1,0,0,4,1,135" ten="210,230,230,330" oya="1" hai0="70,115,78,102,10,58,17,45,8,131,34,130,50" hai1="56,99,52,23,11,88,63,32,75,67,4,98,97" hai2="83,3,22,79,61,127,85,81,6,41,5,20,103" hai3="36,7,47,13,42,121,51,72,112,134,94,106,33"/><U91/><E32/><V77/><F103/><W124/><G106/><T95/><D115/><U24/><E75/><V69/><F41/><W0/><G112/><T76/><D70/><U96/><E67/><V35/><F35/><W48/><G33/><T71/><D71/><U53/><E53/><V65/><F127/><W93/><G121/><T109/><D34/><U60/><E60/><V123/><F123/><W74/><G0/><T82/><D58/><U14/><N who="1" m="24576" /><DORA hai="31" /><U62/><REACH who="1" step="1"/><E62/><REACH who="1" ten="210,220,230,330" step="2"/><V39/><F61/><W40/><G72/><T29/><D130/><U30/><AGARI ba="0,1" hai="4,11,14,23,24,30,52,56,63,88,91" m="24576" machi="30" ten="40,18000,2" yaku="1,1,2,1,0,1,8,1,54,2,53,0" doraHai="135,31" doraHaiUra="118,66" who="1" fromWho="1" sc="210,-60,220,190,230,-60,330,-60" /><INIT seed="1,1,0,3,2,122" ten="150,410,170,270" oya="1" hai0="101,84,65,114,62,30,26,48,9,72,58,117,15" hai1="53,92,50,96,55,75,130,119,66,88,41,108,109" hai2="17,110,28,82,7,2,64,60,89,36,73,16,123" hai3="91,61,33,3,69,79,43,107,99,78,77,102,45"/><U6/><E75/><V85/><F123/><W68/><G3/><T134/><D117/><U127/><E119/><V113/><F36/><W81/><G33/><T112/><D72/><U100/><E130/><V63/><F113/><W44/><G61/><T116/><D116/><U131/><E131/><V129/><F129/><W120/><G120/><T57/><D134/><U59/><E127/><V20/><F73/><W13/><G13/><T21/><D101/><U76/><E76/><V25/><F110/><N who="1" m="42601" /><E6/><V118/><F118/><W34/><G34/><T98/><D98/><N who="1" m="57607" /><E66/><V42/><F64/><W35/><G77/><T29/><D84/><U52/><E41/><V83/><F42/><W4/><G78/><T128/><D128/><U11/><E11/><V5/><F7/><W46/><G43/><T121/><D121/><U22/><E22/><V27/><F5/><W39/><G35/><T126/><D126/><U97/><E97/><V86/><F86/><W32/><G32/><T70/><D112/><U23/><E23/><V95/><F85/><W14/><G79/><T56/><D114/><U80/><E80/><V51/><F83/><W49/><G81/><T105/><D9/><U125/><E125/><V10/><F82/><W133/><G4/><T67/><D21/><U103/><E103/><V47/><F10/><W87/><G102/><T111/><D67/><U71/><E71/><V1/><F20/><W104/><G99/><T135/><D65/><U12/><E12/><V18/><F2/><W94/><G69/><T40/><D15/><U38/><E38/><V74/><F1/><RYUUKYOKU ba="1,0" sc="150,-10,410,30,170,-10,270,-10" hai1="50,52,53,55,59,96,100" /><INIT seed="1,2,0,4,5,118" ten="140,440,160,260" oya="1" hai0="95,109,99,100,21,54,68,69,103,4,94,78,116" hai1="124,66,80,40,32,19,46,35,82,44,10,36,30" hai2="41,77,11,87,64,52,63,24,91,22,12,102,1" hai3="17,55,125,83,8,97,85,50,123,65,15,81,57"/><U23/><E124/><V61/><F1/><W38/><G125/><T131/><D116/><U135/><E135/><V27/><F41/><W9/><G38/><T92/><D109/><U119/><E119/><V20/><F77/><W93/><G123/><T70/><D131/><U42/><E66/><V128/><F128/><W115/><G115/><T120/><D78/><U43/><E10/><V104/><F104/><W96/><G65/><T7/><D21/><U76/><E30/><V72/><F72/><W114/><G114/><T25/><D25/><U48/><E43/><V31/><F102/><W13/><G85/><T110/><D110/><U71/><E71/><V84/><F64/><W28/><G28/><T39/><D39/><U106/><E106/><V105/><F105/><W107/><G107/><T62/><D120/><U6/><E6/><V86/><F91/><W129/><G129/><T112/><D112/><U26/><REACH who="1" step="1"/><E82/><REACH who="1" ten="140,430,160,260" step="2"/><N who="3" m="31242" /><G93/><T111/><D111/><U14/><E14/><V67/><F67/><W127/><G127/><T0/><D0/><U108/><E108/><V101/><F12/><W33/><G33/><T132/><D132/><U79/><E79/><V88/><F11/><W16/><AGARI ba="2,1" hai="8,9,13,15,16,17,50,55,57,96,97" m="31242" machi="16" ten="30,2000,0" yaku="8,1,54,1" doraHai="118" who="3" fromWho="3" sc="140,-7,430,-12,160,-7,260,36" /><INIT seed="2,0,0,2,4,56" ten="133,418,153,296" oya="2" hai0="67,21,52,46,63,111,104,15,112,97,68,100,13" hai1="130,43,90,36,12,81,7,59,117,29,27,34,22" hai2="45,51,120,72,93,1,25,54,122,17,71,134,128" hai3="73,102,75,70,89,103,37,127,88,77,2,44,19"/><V18/><F72/><W129/><G2/><T107/><D112/><U131/><E117/><V32/><F1/><W49/><G37/><T119/><D119/><U16/><E43/><V116/><F116/><W82/><G75/><T83/><D111/><U23/><E36/><V85/><F71/><W41/><G127/><T132/><D132/><U92/><E81/><V38/><F38/><W65/><G129/><N who="1" m="49162" /><E59/><V42/><F128/><W125/><G125/><T69/><D69/><U14/><E7/><V8/><F134/><W53/><G41/><T84/><D107/><U33/><E12/><V64/><F64/><W95/><G19/><T87/><D21/><U57/><E57/><V96/><F42/><W106/><G106/><T80/><D46/><U62/><E62/><V98/><F122/><W79/><G79/><T133/><D133/><U40/><E40/><V109/><F120/><W24/><G24/><T47/><D47/><U123/><E123/><V11/><F109/><W4/><G4/><T0/><D0/><U3/><E3/><V61/><F61/><W105/><G105/><T118/><D118/><U9/><E34/><V55/><F55/><W124/><G124/><T110/><D110/><U20/><E33/><V5/><F32/><W86/><REACH who="3" step="1"/><G89/><REACH who="3" ten="133,418,153,286" step="2"/><T114/><D15/><U39/><E39/><V115/><F25/><W135/><G135/><T121/><D13/><U26/><E26/><V78/><F5/><W76/><G76/><N who="0" m="46087" /><D121/><U108/><E108/><V60/><F17/><W126/><G126/><T50/><D104/><U31/><E27/><V74/><F18/><RYUUKYOKU ba="0,1" sc="133,-15,418,15,153,-15,286,15" hai1="9,14,16,20,22,23,29,31,90,92" hai3="44,49,53,65,70,73,77,82,86,88,95,102,103" /><INIT seed="3,1,1,1,4,33" ten="118,433,138,301" oya="3" hai0="34,112,12,114,81,52,78,107,66,104,5,129,132" hai1="14,67,24,120,16,105,57,115,68,60,13,26,70" hai2="2,118,58,23,103,42,127,51,110,77,54,35,43" hai3="19,97,0,8,74,93,119,29,9,56,108,48,49"/><W46/><G74/><T99/><D34/><U11/><E115/><N who="0" m="44073" /><D66/><U44/><E120/><V134/><F118/><W109/><G119/><T90/><D132/><U106/><E44/><V22/><F35/><W65/><G29/><T87/><D129/><U82/><E82/><V98/><F134/><W95/><G19/><T31/><D31/><U15/><E11/><V85/><F110/><N who="3" m="42603" /><G93/><N who="0" m="56759" /><D5/><U27/><REACH who="1" step="1"/><E16/><REACH who="1" ten="118,423,138,301" step="2"/><V21/><F127/><W72/><G9/><T122/><D122/><U36/><E36/><V117/><F117/><W61/><G46/><T94/><D12/><U111/><E111/><V125/><F125/><W32/><G72/><T55/><D94/><U37/><E37/><V50/><F42/><W130/><G130/><T38/><D38/><U126/><E126/><V91/><F43/><W113/><G113/><T83/><D83/><U75/><E75/><V92/><F77/><W128/><G128/><T30/><D30/><U101/><E101/><V96/><F103/><N who="3" m="60863" /><G32/><T100/><D100/><U4/><E4/><AGARI ba="1,2" hai="0,4,8,48,49,56,61,65" m="60863,42603" machi="4" ten="30,5800,0" yaku="14,1,10,1,52,1" doraHai="33" who="3" fromWho="1" sc="118,0,423,-61,138,0,301,81" /><INIT seed="3,2,0,5,3,89" ten="118,362,138,382" oya="3" hai0="84,31,65,60,46,70,10,117,21,92,102,5,77" hai1="114,103,61,43,39,3,56,22,24,116,7,99,124" hai2="128,91,45,55,132,9,67,134,54,28,109,18,0" hai3="6,15,13,41,32,53,107,87,126,57,63,135,30"/><W59/><G107/><T100/><D117/><U23/><E114/><V66/><F109/><W106/><G106/><T38/><D31/><U80/><E124/><V86/><F28/><W68/><G126/><T69/><D69/><U120/><E120/><V90/><F128/><W75/><G75/><T113/><D113/><U121/><E121/><V108/><F108/><W62/><G68/><T33/><D33/><U48/><E39/><V130/><F130/><W35/><G135/><T115/><D115/><U19/><E116/><V27/><F27/><W74/><G74/><T96/><D21/><U95/><E80/><V44/><F86/><W20/><G41/><T78/><D100/><U36/><E36/><V93/><F18/><W85/><G32/><T94/><D46/><U42/><E48/><V12/><F12/><N who="3" m="4683" /><G6/><T125/><D38/><U105/><E105/><V111/><F111/><W101/><G101/><T97/><D84/><U50/><E50/><V52/><F54/><N who="3" m="34103" /><G35/><T2/><D125/><U37/><E37/><V104/><F104/><W133/><G133/><T47/><D47/><U131/><E131/><V26/><F0/><W49/><G49/><T73/><D73/><U58/><E58/><V11/><F26/><AGARI ba="2,0" hai="20,26,30,53,59,63,85,87" m="34103,4683" machi="26" ten="30,1500,0" yaku="8,1" doraHai="89" who="3" fromWho="2" sc="118,0,362,0,138,-21,382,21" /><INIT seed="3,3,0,5,2,96" ten="118,362,117,403" oya="3" hai0="110,94,88,113,57,17,44,24,7,102,37,29,95" hai1="47,61,84,97,77,114,79,16,52,121,15,86,30" hai2="27,71,100,78,40,43,18,28,128,124,58,65,73" hai3="118,42,76,103,98,99,49,119,115,101,91,60,36"/><W67/><G36/><T83/><D110/><U92/><E30/><V63/><F128/><W85/><G115/><T122/><D122/><U23/><E121/><V123/><F123/><W117/><G76/><N who="1" m="29258" /><E114/><V126/><F18/><W34/><G34/><T75/><D75/><U51/><E61/><V80/><F58/><W25/><G25/><T13/><D113/><U69/><E69/><V3/><F3/><W26/><G26/><T135/><D135/><U70/><E70/><V4/><F4/><W64/><G98/><N who="0" m="59743" /><D37/><U127/><E127/><N who="2" m="48683" /><F100/><AGARI ba="3,0" hai="15,16,23,47,51,52,84,86,92,97,100" m="29258" machi="100" ten="30,7700,0" yaku="8,1,52,1,54,2" doraHai="96" who="1" fromWho="2" sc="118,0,362,86,117,-86,403,0" /><INIT seed="4,0,0,1,5,134" ten="118,448,31,403" oya="0" hai0="123,8,87,115,109,127,7,118,124,62,65,47,58" hai1="107,76,122,125,20,88,59,80,34,54,26,85,18" hai2="52,70,78,1,63,19,116,106,36,89,13,100,61" hai3="29,9,95,79,42,44,112,90,101,82,15,102,37"/><T105/><D105/><U94/><E122/><V113/><F1/><W17/><G112/><T119/><D123/><U103/><E34/><V120/><F120/><W33/><G29/><T121/><D121/><U28/><E125/><N who="0" m="48201" /><D115/><U68/><E68/><V40/><F113/><W6/><G33/><T23/><D109/><U92/><E107/><V4/><F4/><W2/><G95/><T55/><D23/><U91/><E28/><V67/><F78/><W3/><G90/><N who="1" m="34346" /><E103/><V66/><F116/><N who="0" m="44586" /><D87/><U99/><E99/><V43/><F106/><W133/><G2/><N who="0" m="119" /><D47/><U126/><E126/><V96/><F100/><W72/><G133/><T50/><D50/><AGARI ba="0,0" hai="18,20,26,50,54,59,76,80,85,92,94" m="34346" machi="50" ten="30,2000,0" yaku="8,1,54,1" doraHai="134" who="1" fromWho="0" sc="118,-20,448,20,31,0,403,0" /><INIT seed="5,0,0,2,0,73" ten="98,468,31,403" oya="1" hai0="60,3,65,2,81,9,132,1,98,63,124,37,113" hai1="62,96,86,5,6,83,129,79,122,126,10,19,119" hai2="34,43,109,25,101,111,20,54,0,104,33,108,59" hai3="118,130,8,56,61,14,105,53,32,23,82,64,17"/><U68/><E119/><V4/><F43/><W106/><G32/><T128/><D113/><U117/><E117/><V120/><F120/><W71/><G118/><T27/><D37/><U52/><E122/><V127/><F104/><W114/><G114/><T91/><D124/><U133/><E126/><V57/><F101/><W100/><G130/><T75/><D128/><U90/><E129/><V115/><F127/><W103/><G105/><T110/><D110/><U107/><E133/><V55/><F115/><W46/><G106/><T77/><D132/><U50/><E62/><V22/><F4/><N who="1" m="1641" /><E68/><V66/><F66/><W45/><G71/><T30/><D9/><U80/><E107/><V40/><F40/><W21/><G82/><T29/><D27/><U116/><E116/><V70/><F70/><W69/><G69/><T49/><D49/><U11/><E19/><V89/><F89/><W94/><G100/><T123/><D123/><U121/><E121/><V12/><F111/><W99/><G64/><T95/><REACH who="0" step="1"/><D65/><REACH who="0" ten="88,468,31,403" step="2"/><U39/><E39/><V72/><F25/><W13/><G8/><T38/><D38/><U36/><E36/><V18/><F0/><W85/><G13/><T7/><D7/><U134/><E134/><V24/><F24/><W26/><G14/><T93/><D93/><N who="1" m="56375" /><E83/><V44/><F12/><W92/><G26/><T76/><D76/><U58/><AGARI ba="0,1" hai="10,11,50,52,58,79,80,86" m="56375,1641" machi="58" ten="30,6000,0" yaku="8,1,52,1,54,1" doraHai="73" who="1" fromWho="1" sc="88,-20,468,70,31,-20,403,-20" /><INIT seed="5,1,0,5,0,84" ten="68,538,11,383" oya="1" hai0="105,62,59,44,74,117,25,56,19,80,69,107,26" hai1="91,115,5,17,122,110,99,95,58,89,22,32,54" hai2="120,43,60,90,18,118,71,23,85,97,113,125,35" hai3="93,50,134,94,37,103,53,13,34,36,109,86,104"/><U55/><E32/><V96/><F120/><W70/><G34/><T47/><D69/><U112/><E122/><V130/><F118/><W41/><G70/><T123/><D123/><U0/><E0/><V78/><F35/><W28/><G109/><T82/><D62/><U101/><E5/><V7/><F130/><W38/><G41/><T111/><D19/><U46/><E46/><V75/><F125/><W81/><G28/><T131/><D74/><U11/><E11/><V65/><F7/><W57/><G134/><T21/><D21/><U10/><E10/><V48/><F75/><W76/><G13/><T67/><D67/><U108/><E55/><V87/><F113/><N who="1" m="43593" /><E110/><V33/><F33/><W135/><G135/><T83/><D111/><U15/><E108/><V14/><F78/><W128/><G128/><T126/><D83/><U4/><E4/><V121/><F121/><W3/><G3/><T114/><D114/><U30/><E30/><V1/><F1/><W9/><G9/><T92/><D131/><U45/><E45/><V6/><F6/><W73/><G73/><T129/><D129/><U12/><E12/><V119/><F119/><W77/><G77/><T39/><D117/><U68/><E68/><V72/><F72/><W8/><G8/><T24/><D24/><U66/><E66/><V42/><F48/><AGARI ba="1,0" hai="15,17,22,48,54,58,89,91,95,99,101" m="43593" machi="48" ten="30,5800,0" yaku="15,1,52,2" doraHai="84" who="1" fromWho="2" sc="68,0,538,61,11,-61,383,0" owari="68,-33.0,599,70.0,-50,-55.0,383,18.0" /></mjloggm>