<mjloggm ver="2.3"><GO type="169" lobby="0"/><UN n0="%E3%83%A2%E3%83%AD%E3%83%98%E3%82%A4%E3%83%A4" n1="%E6%B8%85%E7%AB%9C%E9%97%98%E5%A3%AB" n2="%E3%82%A6%E3%83%AB%E3%83%88%E3%83%A9%E7%AB%8B%E7%9B%B4" n3="%61%72%75%6B%61" dan="17,17,18,17" rate="2180.39,2198.17,2221.20,2181.38" sx="M,M,M,M"/><TAIKYOKU oya="0"/><INIT seed="0,0,0,4,3,28" ten="250,250,250,250" oya="0" hai0="112,6,101,34,81,126,60,61,48,53,108,16,17" hai1="107,37,43,57,4,116,89,84,36,50,3,39,82" hai2="79,26,72,99,103,52,47,40,96,24,91,65,123" hai3="5,117,9,64,97,25,86,104,21,27,113,121,75"/><T0/><D112/><U71/><E71/><V109/><F123/><W127/><G75/><T15/><D0/><U22/><E107/><V93/><F65/><W88/><G117/><T80/><D6/><U31/><E116/><V69/><F69/><W35/><G113/><T30/><D126/><U29/><E4/><V130/><F130/><W133/><G121/><T19/><D15/><U55/><E3/><V67/><F67/><W95/><G133/><T18/><D101/><U58/><E57/><V66/><F66/><W13/><G127/><T111/><N who="0" m="4096" /><DORA hai="124" /><T63/><D30/><U2/><E2/><V32/><F32/><W114/><G64/><T106/><D106/><U20/><E31/><V42/><F79/><W76/><G35/><T51/><D34/><U73/><E73/><V119/><F72/><W129/><G114/><T41/><D41/><U118/><E118/><V132/><F42/><W135/><G135/><T70/><D70/><U122/><E122/><V110/><F40/><W102/><G21/><T100/><D100/><U1/><E1/><V68/><F68/><W125/><G125/><T12/><D12/><U94/><E43/><V11/><F11/><W23/><G129/><T90/><D90/><U54/><E54/><V74/><F74/><W131/><G131/><T8/><D8/><U56/><E29/><V46/><F132/><W45/><G23/><N who="1" m="8746" /><E56/><V77/><F119/><W62/><G62/><T87/><D53/><U49/><E50/><N who="0" m="18985" /><D87/><U7/><E7/><V33/><F52/><W83/><G45/><T92/><D92/><U98/><E94/><RYUUKYOKU ba="0,0" sc="250,10,250,10,250,-30,250,10" hai0="60,61,63,80,81,108,111" hai1="36,37,39,49,55,58,82,84,89,98" hai3="5,9,13,25,27,76,83,86,88,95,97,102,104" /><INIT seed="0,1,0,0,1,108" ten="260,260,220,260" oya="0" hai0="52,45,49,91,14,39,43,29,103,87,118,99,126" hai1="73,135,34,46,41,115,112,11,129,86,116,15,54" hai2="57,66,40,94,5,37,95,56,75,31,107,93,92" hai3="71,78,24,61,72,21,100,12,27,8,64,26,16"/><T82/><D118/><U32/><E116/><V9/><F107/><W77/><G72/><T119/><D119/><U76/><E73/><V55/><F75/><W33/><G100/><T35/><D126/><U113/><E135/><V81/><F31/><W6/><REACH who="3" step="1"/><G33/><REACH who="3" ten="260,260,220,250" step="2"/><T18/><D35/><U58/><E34/><V83/><F95/><W97/><G97/><T132/><D132/><U134/><E32/><V62/><F94/><W80/><G80/><T128/><D128/><U89/><E134/><V96/><F93/><W127/><G127/><T17/><D29/><U121/><E129/><V111/><F83/><W117/><G117/><T3/><D3/><AGARI ba="1,1" hai="3,6,8,12,16,21,24,26,27,61,64,71,77,78" machi="3" ten="40,2600,0" yaku="1,1,54,1,53,0" doraHai="108" doraHaiUra="131" who="3" fromWho="0" sc="260,-29,260,0,220,0,250,39" /><INIT seed="1,0,0,1,1,8" ten="231,260,220,289" oya="1" hai0="22,38,34,58,7,15,46,124,3,24,49,99,77" hai1="96,26,133,64,21,63,40,32,42,28,65,102,105" hai2="116,132,93,76,92,70,6,73,106,9,44,54,104" hai3="4,61,101,5,119,111,86,67,13,113,117,43,60"/><U18/><E133/><V79/><F70/><W130/><G113/><T122/><D38/><U0/><E0/><V12/><F116/><N who="3" m="44619" /><G111/><T128/><D58/><U112/><E112/><V23/><F132/><W19/><G43/><T97/><D3/><U83/><E83/><V62/><F106/><W71/><G130/><T37/><D37/><U114/><E114/><V118/><F104/><W107/><G86/><T41/><D34/><U31/><E28/><V91/><F118/><W39/><G39/><T47/><D47/><U50/><E50/><V29/><F73/><W53/><G61/><T123/><D128/><U125/><E125/><V100/><F100/><W74/><G53/><T2/><D2/><U94/><E94/><V129/><F93/><W30/><G30/><T72/><D124/><U81/><E81/><V69/><F69/><W10/><G74/><T33/><D33/><U126/><E126/><V11/><F129/><W51/><G51/><T85/><D72/><U75/><E75/><V127/><F127/><W55/><G55/><T90/><D77/><U88/><E65/><V84/><F62/><W78/><G78/><T16/><D123/><U120/><E120/><V48/><REACH who="2" step="1"/><F11/><REACH who="2" ten="231,260,210,289" step="2"/><W52/><G71/><T35/><D122/><U121/><E121/><V36/><F36/><W20/><G107/><T82/><D35/><U57/><E105/><V87/><F87/><W134/><G101/><T66/><D66/><U1/><E102/><V25/><AGARI ba="0,1" hai="6,9,12,23,25,29,44,48,54,76,79,84,91,92" machi="25" ten="30,7900,0" yaku="1,1,0,1,8,1,52,1,53,0" doraHai="8" doraHaiUra="108" who="2" fromWho="2" sc="231,-20,260,-39,210,89,289,-20" /><INIT seed="2,0,0,4,4,133" ten="211,221,299,269" oya="2" hai0="66,11,6,34,104,89,12,54,73,91,20,106,77" hai1="107,128,24,96,3,111,21,46,36,132,93,103,33" hai2="29,80,64,85,101,27,8,56,92,134,32,55,126" hai3="90,83,4,1,18,114,135,31,79,62,58,51,38"/><V5/><F134/><W61/><G38/><T37/><D34/><U26/><E132/><V52/><F126/><W97/><G135/><T116/><D37/><U35/><E3/><V131/><F131/><W7/><G114/><T69/><D116/><U110/><E128/><V16/><F16/><W47/><G1/><T87/><D73/><U113/><E113/><V129/><F129/><W65/><G31/><T25/><D77/><U112/><E26/><V49/><F101/><W105/><G61/><T121/><D91/><U45/><E112/><V95/><F55/><W108/><G108/><N who="1" m="41514" /><E107/><V48/><F48/><W118/><G118/><T119/><D119/><U117/><E117/><V68/><F64/><W94/><G18/><T44/><D121/><U2/><E2/><V42/><F42/><W60/><G60/><T53/><D66/><U57/><E57/><V127/><F127/><W41/><REACH who="3" step="1"/><G105/><REACH who="3" ten="211,221,299,259" step="2"/><T82/><D104/><U74/><E36/><V43/><F68/><W75/><AGARI ba="0,1" hai="4,7,41,47,51,58,62,65,75,79,83,90,94,97" machi="75" ten="20,5200,0" yaku="1,1,2,1,0,1,7,1,53,0" doraHai="133" doraHaiUra="123" who="3" fromWho="3" sc="211,-13,221,-13,299,-26,259,62" /><INIT seed="3,0,0,2,1,16" ten="198,208,273,321" oya="3" hai0="26,44,95,78,88,111,104,59,126,130,30,124,2" hai1="58,86,129,132,114,52,17,63,89,105,46,47,13" hai2="122,135,68,53,19,120,32,61,27,76,9,100,67" hai3="131,25,118,93,62,15,23,87,116,57,33,38,34"/><W60/><G38/><T90/><D104/><U28/><E114/><V107/><F76/><W127/><G127/><T48/><D2/><U49/><E132/><V14/><F53/><W101/><G131/><T82/><D59/><U128/><E105/><V110/><F110/><W7/><G60/><T115/><D111/><U24/><E63/><V55/><F55/><W8/><G33/><T12/><D12/><U73/><E73/><V97/><REACH who="2" step="1"/><F135/><REACH who="2" ten="198,208,263,321" step="2"/><W10/><G118/><T71/><D78/><U29/><E129/><V113/><F113/><W51/><G116/><T92/><D115/><U69/><E128/><V83/><F83/><W75/><G75/><T81/><D82/><U65/><E65/><V4/><F4/><W119/><G119/><T121/><D81/><U106/><E52/><V77/><F77/><W40/><G7/><T41/><D130/><U134/><E134/><V54/><F54/><W125/><G125/><T43/><D121/><U108/><E108/><V74/><F74/><W31/><G40/><T102/><D43/><U96/><E47/><V3/><F3/><W0/><G0/><T103/><D41/><U70/><E46/><V72/><F72/><W91/><G51/><T94/><D44/><U84/><E49/><V21/><F21/><W6/><G34/><N who="0" m="20823" /><D48/><U66/><E66/><V37/><F37/><W11/><G101/><N who="0" m="38411" /><D126/><U117/><E117/><V22/><F22/><W20/><G23/><T50/><D50/><U39/><E39/><V99/><F99/><W109/><G109/><T35/><D124/><U45/><E45/><V123/><F123/><RYUUKYOKU ba="0,1" sc="198,-15,208,-15,263,15,321,15" hai2="9,14,19,27,32,61,67,68,97,100,107,120,122" hai3="6,8,10,11,15,20,25,31,57,62,87,91,93" /><INIT seed="3,1,1,1,5,118" ten="183,193,278,336" oya="3" hai0="113,61,125,111,21,73,42,114,107,122,85,121,16" hai1="60,20,37,27,100,74,79,89,9,64,55,84,34" hai2="98,86,77,78,93,72,66,24,67,95,19,23,76" hai3="88,2,134,83,29,56,51,39,124,11,1,68,18"/><W102/><G39/><T92/><D73/><U94/><E34/><V131/><F72/><W4/><G68/><T45/><D107/><U87/><E37/><V12/><F131/><W130/><G130/><T7/><D7/><U81/><E9/><V132/><F132/><W50/><G134/><T63/><D125/><U117/><E117/><V0/><F0/><W103/><G124/><T48/><D111/><U15/><E15/><V58/><F58/><W33/><G2/><T128/><D128/><U41/><E41/><V10/><F86/><W129/><G129/><T36/><D36/><U126/><E126/><V109/><F109/><W133/><G133/><T32/><D32/><U75/><E100/><V52/><F52/><N who="3" m="31767" /><G33/><T105/><D105/><U3/><E55/><V106/><F106/><W43/><G29/><T69/><D92/><N who="2" m="35402" /><F98/><W47/><G1/><T115/><D85/><U71/><REACH who="1" step="1"/><E3/><REACH who="1" ten="183,183,278,336" step="2"/><V127/><F127/><W91/><G11/><T31/><D31/><AGARI ba="1,2" hai="20,27,31,60,64,71,74,75,79,81,84,87,89,94" machi="31" ten="30,3900,0" yaku="1,1,2,1,7,1,53,0" doraHai="118" doraHaiUra="135" who="1" fromWho="0" sc="183,-42,183,62,278,0,336,0" /><AGARI ba="1,0" hai="10,12,19,23,24,31,66,67,76,77,78" m="35402" machi="31" ten="30,1000,0" yaku="8,1" doraHai="118" who="2" fromWho="0" sc="141,-10,245,0,278,10,336,0" /><INIT seed="4,0,0,5,0,49" ten="131,245,288,336" oya="0" hai0="113,13,84,100,4,77,64,63,69,74,62,17,3" hai1="52,135,27,124,22,99,134,104,119,117,102,56,34" hai2="36,10,87,130,59,1,60,46,19,82,122,107,80" hai3="106,12,79,121,116,131,67,93,88,57,85,37,8"/><T21/><D74/><U95/><E34/><V98/><F122/><W94/><G106/><T7/><D113/><U16/><E104/><V97/><F130/><W45/><G116/><T9/><D100/><U73/><E73/><V32/><F32/><W76/><G131/><T38/><D38/><U53/><E53/><V15/><F1/><W123/><G93/><T65/><D7/><U105/><E105/><V72/><F107/><W31/><G31/><T91/><D77/><U86/><E86/><V44/><F72/><W75/><G75/><T120/><D120/><N who="3" m="46153" /><G67/><T40/><D40/><U132/><E124/><V48/><F36/><W23/><G23/><T29/><D29/><U42/><E42/><V2/><F2/><W50/><G57/><T41/><D41/><U14/><E14/><V54/><F46/><W83/><G83/><T61/><REACH who="0" step="1"/><D64/><REACH who="0" ten="121,245,288,336" step="2"/><U18/><E18/><V11/><F19/><N who="3" m="8583" /><G37/><T101/><D101/><U96/><E96/><V115/><F98/><W68/><G79/><T28/><D28/><U92/><E95/><AGARI ba="0,1" hai="3,4,9,13,17,21,61,62,63,65,69,84,91,95" machi="95" ten="30,2900,0" yaku="1,1,7,1,53,0" doraHai="49" doraHaiUra="128" who="0" fromWho="1" sc="121,39,245,-29,288,0,336,0" /><INIT seed="4,1,0,5,5,39" ten="160,216,288,336" oya="0" hai0="6,30,41,121,28,105,93,72,48,94,127,26,68" hai1="51,0,130,31,21,85,88,43,40,44,4,37,114" hai2="89,132,87,53,46,77,125,13,22,113,131,23,117" hai3="71,33,123,107,98,111,63,61,14,86,91,76,126"/><T18/><D105/><U116/><E116/><V50/><F117/><W66/><G111/><T80/><D68/><U67/><E67/><V57/><F113/><W1/><G1/><T108/><D121/><U109/><E109/><V133/><F131/><W58/><G33/><T35/><D108/><U103/><E103/><V52/><F77/><W95/><G126/><T34/><D127/><U99/><E99/><V60/><F125/><W128/><G128/><T36/><D36/><U69/><E69/><V25/><F13/><W10/><G123/><T42/><D6/><U47/><E130/><V27/><F23/><W78/><G98/><T24/><D18/><U83/><E114/><V106/><F106/><W32/><G32/><T19/><D19/><U92/><E4/><V62/><F62/><W79/><G107/><T73/><D48/><N who="1" m="26631" /><E0/><V64/><F64/><W20/><G20/><T100/><D80/><U11/><E37/><V96/><F96/><W82/><G63/><T54/><D54/><U135/><E135/><N who="2" m="51787" /><F22/><W17/><REACH who="3" step="1"/><G71/><REACH who="3" ten="160,216,288,326" step="2"/><T115/><D115/><U120/><E120/><V55/><F60/><W75/><AGARI ba="1,1" hai="10,14,17,58,61,66,75,76,78,79,82,86,91,95" machi="75" ten="20,5200,0" yaku="1,1,2,1,0,1,7,1,53,0" doraHai="39" doraHaiUra="118" who="3" fromWho="3" sc="160,-27,216,-14,288,-14,326,65" /><INIT seed="5,0,0,2,4,44" ten="133,202,274,391" oya="1" hai0="30,34,114,21,41,46,0,38,55,20,75,72,45" hai1="2,53,7,76,124,27,88,119,83,4,18,121,126" hai2="62,103,102,81,11,94,65,78,106,64,84,3,115" hai3="101,105,110,86,80,29,13,49,69,74,90,96,51"/><U131/><E121/><V22/><F106/><W70/><G29/><T43/><D0/><U89/><E119/><V130/><F130/><W33/><G33/><T58/><D114/><U123/><E123/><V133/><F133/><W19/><G110/><T116/><D34/><U95/><E131/><V111/><F111/><W98/><G98/><T132/><D116/><U122/><E122/><V97/><F115/><W107/><G107/><T42/><D132/><U35/><E2/><V92/><F22/><W127/><G127/><T5/><D5/><U8/><E35/><V26/><F26/><W12/><G12/><T67/><D67/><U56/><E126/><V9/><F3/><W79/><G69/><T23/><D30/><U17/><E124/><V71/><F65/><W61/><G61/><T113/><D113/><U15/><E83/><V118/><F118/><W1/><G70/><T100/><D100/><U135/><E76/><V109/><F109/><W54/><G54/><T87/><D87/><N who="1" m="52639" /><E89/><V24/><F24/><W73/><G73/><T129/><D129/><U60/><E135/><V128/><F128/><W68/><G68/><T32/><D32/><U63/><E60/><V117/><F117/><W91/><G91/><T93/><D93/><U99/><E99/><AGARI ba="0,0" hai="9,11,62,64,71,78,81,84,92,94,97,99,102,103" machi="99" ten="40,1300,0" yaku="9,1" doraHai="44" who="2" fromWho="1" sc="133,0,202,-13,274,13,391,0" /><INIT seed="6,0,0,4,5,4" ten="133,189,287,391" oya="2" hai0="122,19,93,87,28,73,51,115,111,38,54,3,33" hai1="9,74,7,114,128,89,45,49,126,42,91,6,10" hai2="13,65,32,16,22,25,118,77,14,18,86,125,41" hai3="50,83,100,27,58,124,98,112,105,43,21,59,24"/><V81/><F125/><W1/><G124/><T82/><D38/><U102/><E74/><V101/><F118/><W109/><G109/><T68/><D68/><U66/><E126/><V133/><F133/><W117/><G1/><T34/><D3/><U35/><E35/><V56/><F101/><W95/><G117/><T104/><D104/><U70/><E102/><V97/><F97/><W94/><G112/><T30/><D73/><U129/><E66/><V63/><F32/><W78/><G59/><T15/><D111/><U47/><E70/><V90/><F41/><W130/><G130/><N who="1" m="50282" /><E47/><V99/><REACH who="2" step="1"/><F18/><REACH who="2" ten="133,189,277,391" step="2"/><W57/><G98/><T72/><D34/><U2/><E114/><V37/><F37/><W119/><G100/><T64/><D33/><U132/><E132/><V44/><F44/><N who="3" m="25887" /><G119/><T60/><D19/><U80/><E80/><V67/><F67/><W76/><G83/><T116/><D64/><U12/><AGARI ba="0,1" hai="2,6,7,9,10,12,42,45,49,89,91" m="50282" machi="12" ten="30,4000,0" yaku="19,1,52,2" doraHai="4" who="1" fromWho="1" sc="133,-10,189,50,277,-20,391,-10" /><INIT seed="7,0,0,4,4,128" ten="123,239,257,381" oya="3" hai0="52,2,33,85,89,23,37,81,29,97,113,123,1" hai1="77,74,67,10,16,79,53,103,26,83,135,63,34" hai2="76,58,57,104,131,69,6,12,40,112,133,118,17" hai3="65,96,127,84,66,72,71,106,44,56,43,115,46"/><W42/><G84/><T132/><D33/><U78/><E135/><V21/><F133/><W7/><G96/><T94/><D37/><U80/><E103/><V126/><F118/><W107/><G56/><T36/><D36/><U87/><E53/><V100/><F69/><W86/><G86/><T24/><D123/><U105/><E105/><V18/><F6/><W121/><G7/><T91/><D132/><U38/><E38/><V110/><F112/><W117/><G115/><T32/><D32/><U111/><E111/><V41/><F126/><W45/><G45/><T70/><D70/><U109/><E109/><V124/><F76/><W25/><G25/><T35/><D35/><U50/><E50/><V101/><F18/><W108/><G108/><T51/><REACH who="0" step="1"/><D113/><REACH who="0" ten="113,239,257,381" step="2"/><U130/><E34/><V75/><F110/><W0/><G71/><T82/><D82/><U28/><E83/><V73/><F124/><W61/><G121/><T30/><D30/><U93/><E28/><V122/><F122/><W15/><G127/><T134/><D134/><U55/><E80/><V64/><F75/><W90/><G72/><T102/><D102/><U125/><E74/><V98/><F73/><W119/><G119/><T14/><D14/><N who="1" m="7255" /><E125/><V11/><F101/><W20/><G117/><T9/><D9/><U62/><E79/><V27/><F12/><W59/><G15/><T3/><D3/><U31/><E78/><V54/><F11/><W68/><G0/><T22/><D22/><U129/><E31/><V5/><F100/><W4/><G68/><T47/><AGARI ba="0,1" hai="1,2,23,24,29,47,51,52,81,85,89,91,94,97" machi="47" ten="20,5200,0" yaku="1,1,0,1,7,1,54,1,53,0" doraHai="128" doraHaiUra="39" who="0" fromWho="0" sc="113,62,239,-13,257,-13,381,-26" owari="175,-32.0,226,-17.0,244,4.0,355,45.0" /></mjloggm>