<mjloggm ver="2.3"><GO type="169" lobby="0"/><UN n0="%E3%83%88%E3%83%88%E3%83%AA%E5%85%88%E7%94%9F%31%39%E6%AD%B3" n1="%E3%81%93%E3%81%98%E3%82%8D%E3%83%BC%E3%81%95%E3%82%93" n2="%E3%83%AC%E3%82%A4%E3%83%88%E3%83%B3%E5%87%86%E6%95%99%E6%8E%88" n3="%4A%61%6E%2D%4D%61%63%68" dan="19,16,17,17" rate="2347.86,2159.31,2190.44,2180.86" sx="F,M,M,M"/><TAIKYOKU oya="0"/><INIT seed="0,0,0,4,0,22" ten="250,250,250,250" oya="0" hai0="29,13,101,43,37,12,25,69,75,132,116,114,91" hai1="5,115,1,40,77,124,123,51,119,113,134,118,0" hai2="127,49,18,70,100,121,109,60,57,61,41,122,83" hai3="130,53,64,86,117,112,84,28,62,135,8,63,96"/><T39/><D114/><N who="1" m="43531" /><E77/><V103/><F109/><W81/><G112/><T6/><D116/><N who="1" m="44587" /><E40/><V71/><F83/><W102/><G130/><T79/><D69/><U108/><E51/><V47/><F18/><W131/><G135/><T16/><D132/><U97/><E97/><V45/><F127/><W125/><G131/><T14/><D6/><U95/><E95/><V85/><F85/><W89/><G125/><T10/><D101/><U48/><E48/><N who="2" m="26671" /><F100/><W111/><G111/><T11/><D91/><U32/><E134/><V27/><F27/><W2/><G117/><T44/><D39/><U133/><E133/><V50/><F103/><W54/><G84/><T59/><D59/><U55/><E55/><N who="2" m="30143" /><F50/><W24/><G96/><T38/><D38/><U87/><E124/><V9/><F9/><W35/><G102/><T80/><REACH who="0" step="1"/><D11/><REACH who="0" ten="240,250,250,250" step="2"/><U98/><E5/><V66/><F70/><W73/><G8/><T107/><D107/><U20/><E108/><V128/><F128/><W56/><G63/><T72/><D72/><U15/><E123/><V31/><F121/><W4/><G73/><T92/><D92/><U19/><E98/><V17/><F122/><W120/><G120/><T90/><D90/><U21/><E87/><V78/><F60/><W3/><G4/><T7/><D7/><U74/><E74/><V94/><F71/><W65/><G65/><T67/><D67/><U82/><E82/><V36/><F66/><W105/><G105/><T126/><D126/><U23/><E32/><AGARI ba="0,1" hai="10,12,13,14,16,25,29,32,37,43,44,75,79,80" machi="32" ten="30,12000,1" yaku="1,1,7,1,52,1,54,1,53,1" doraHai="22" doraHaiUra="76" who="0" fromWho="1" sc="240,130,250,-120,250,0,250,0" /><INIT seed="0,1,0,3,4,121" ten="370,130,250,250" oya="0" hai0="18,35,3,69,60,31,48,80,114,97,59,64,117" hai1="127,108,66,57,115,82,63,128,105,116,73,34,87" hai2="46,133,83,5,21,68,103,45,118,91,72,24,30" hai3="113,19,135,74,88,27,15,130,8,134,92,111,4"/><T125/><D114/><U104/><E116/><V65/><F133/><N who="3" m="50699" /><G74/><T33/><D117/><U16/><E115/><V106/><F5/><W131/><G113/><T112/><D112/><U20/><E34/><V28/><F28/><W53/><G53/><T132/><D132/><U0/><E0/><V101/><F101/><W86/><G111/><T61/><D125/><U98/><E73/><V129/><F129/><N who="3" m="49163" /><G27/><T49/><D3/><U50/><E127/><V42/><F103/><W75/><G75/><T84/><D97/><U41/><E128/><V126/><F106/><W40/><G40/><T25/><D33/><U54/><E98/><V67/><F126/><W29/><G29/><T94/><D94/><U99/><E99/><V70/><F67/><W55/><G55/><T56/><D18/><AGARI ba="1,0" hai="4,8,15,18,19,86,88,92" m="49163,50699" machi="18" ten="30,3900,0" yaku="20,1,19,1,54,1" doraHai="121" who="3" fromWho="0" sc="370,-42,130,0,250,0,250,42" /><INIT seed="1,0,0,0,2,42" ten="328,130,250,292" oya="1" hai0="1,105,101,85,10,69,2,13,112,126,3,57,135" hai1="113,131,38,34,102,9,104,52,65,31,67,56,83" hai2="130,118,76,87,128,121,79,8,78,22,18,5,86" hai3="119,84,71,27,33,17,37,91,26,122,99,80,100"/><U39/><E113/><V12/><F118/><W6/><G71/><T41/><D112/><U82/><E9/><V93/><F121/><W50/><G37/><T58/><D69/><U51/><E131/><V89/><REACH who="2" step="1"/><F86/><REACH who="2" ten="328,130,240,292" step="2"/><W54/><G122/><T36/><D85/><U70/><E70/><V49/><F49/><W44/><G119/><T4/><D36/><U60/><E38/><V68/><F68/><W124/><G124/><T59/><D126/><U14/><E39/><V115/><F115/><W73/><G73/><T45/><D135/><U96/><E51/><V88/><F88/><W90/><G91/><T117/><D117/><U63/><E63/><V28/><F28/><W125/><G125/><T77/><D77/><U62/><E62/><V98/><F98/><W114/><G114/><T97/><REACH who="0" step="1"/><D41/><REACH who="0" ten="318,130,240,292" step="2"/><U15/><E96/><V66/><F66/><W47/><G84/><T127/><D127/><U75/><E67/><V32/><F32/><W40/><G33/><T103/><D103/><U81/><E65/><V53/><F53/><W129/><G100/><T95/><D95/><U109/><E102/><V55/><F55/><W21/><G54/><T61/><D61/><U111/><E60/><V43/><F43/><W0/><G40/><T106/><D106/><U19/><E104/><V35/><F35/><W110/><G99/><T11/><D11/><U108/><E34/><V94/><F94/><W107/><G107/><T30/><D30/><U46/><E31/><V92/><F92/><W134/><G50/><T133/><D133/><U132/><E132/><V74/><F74/><RYUUKYOKU ba="0,2" sc="318,15,130,-15,240,15,292,-15" hai0="1,2,3,4,10,13,45,57,58,59,97,101,105" hai2="5,8,12,18,22,76,78,79,87,89,93,128,130" /><INIT seed="2,1,2,2,1,27" ten="333,115,255,277" oya="2" hai0="63,114,46,10,15,130,66,36,48,28,31,58,135" hai1="2,76,77,5,59,61,86,96,42,49,119,33,20" hai2="83,29,99,57,88,103,123,37,35,65,16,111,127" hai3="51,56,71,106,34,84,92,73,70,62,125,45,23"/><V32/><F123/><W21/><G34/><T38/><D114/><U12/><E119/><V115/><F37/><W43/><G106/><T26/><D130/><U113/><E113/><V128/><F115/><W124/><G73/><T121/><D121/><U64/><E33/><V80/><F128/><W110/><G21/><T17/><D135/><U132/><E132/><V112/><F112/><W122/><G23/><N who="0" m="13679" /><D38/><U68/><E96/><V85/><F80/><W116/><G122/><T134/><D36/><U120/><E120/><V1/><F1/><W102/><G116/><T78/><D78/><U133/><E133/><V39/><F111/><W22/><G22/><T91/><D91/><U30/><E2/><V53/><F39/><W47/><G102/><T89/><D89/><U101/><E101/><V109/><F65/><N who="3" m="39111" /><G84/><T0/><D0/><U104/><E104/><V107/><F109/><W11/><G92/><T54/><D134/><U97/><E86/><V94/><F107/><W19/><G11/><T69/><D69/><N who="3" m="26121" /><G19/><AGARI ba="1,2" hai="10,15,19,28,31,46,48,54,58,63,66" m="13679" machi="19" ten="30,3900,0" yaku="8,1,52,2" doraHai="27" who="0" fromWho="3" sc="333,62,115,0,255,0,277,-42" /><INIT seed="3,0,0,1,5,93" ten="395,115,255,235" oya="3" hai0="44,42,68,74,38,47,46,114,129,23,117,70,69" hai1="120,116,49,8,103,54,5,52,122,51,110,109,4" hai2="125,24,79,36,91,43,73,45,72,89,2,6,16" hai3="92,40,35,135,98,96,12,34,71,86,21,105,64"/><W30/><G40/><N who="0" m="22551" /><D23/><U58/><E103/><V26/><F125/><W88/><G135/><T111/><D74/><U118/><E58/><V62/><F62/><N who="3" m="40343" /><G86/><T41/><D117/><U7/><E5/><V17/><F73/><W94/><G92/><T82/><D82/><U65/><E65/><V9/><F26/><N who="3" m="18775" /><G35/><T14/><D111/><U11/><AGARI ba="0,0" hai="4,7,8,11,49,51,52,54,109,110,116,118,120,122" machi="11" ten="25,6400,0" yaku="0,1,22,2,54,1" doraHai="93" who="1" fromWho="1" sc="395,-16,115,64,255,-16,235,-32" /><INIT seed="4,0,0,3,1,114" ten="379,179,239,203" oya="0" hai0="16,52,67,46,8,0,29,98,3,90,128,50,96" hai1="12,26,21,36,61,69,28,78,120,77,68,122,104" hai2="1,60,62,134,85,43,100,64,92,53,106,10,66" hai3="33,130,7,15,119,93,105,81,91,65,48,31,103"/><T118/><D118/><U37/><E12/><V123/><F123/><W76/><G33/><T19/><D128/><U108/><E108/><V5/><F134/><W79/><G31/><T34/><D67/><U42/><E104/><V116/><F116/><W74/><G65/><T63/><D63/><U25/><E61/><V51/><F43/><W117/><G79/><T72/><D72/><U22/><E42/><V30/><F30/><AGARI ba="0,0" hai="21,22,25,26,28,30,36,37,68,69,77,78,120,122" machi="30" ten="25,1600,0" yaku="22,2" doraHai="114" who="1" fromWho="2" sc="379,0,179,16,239,-16,203,0" /><INIT seed="5,0,0,5,0,63" ten="379,195,223,203" oya="1" hai0="64,114,108,40,124,8,13,11,68,66,119,100,82" hai1="12,10,133,107,43,67,17,125,22,9,134,101,102" hai2="54,56,35,6,15,103,96,74,65,20,25,2,112" hai3="29,14,50,89,110,60,86,55,121,88,104,122,130"/><U123/><E123/><V62/><F74/><W7/><G104/><T30/><D108/><U135/><E125/><V4/><F2/><W126/><G110/><T21/><D119/><U53/><E43/><V31/><F112/><W71/><G29/><T44/><D68/><U41/><E41/><V95/><F35/><W1/><G1/><T127/><D114/><U32/><E32/><V90/><F15/><W78/><G89/><T92/><D82/><U76/><E76/><V49/><REACH who="2" step="1"/><F90/><REACH who="2" ten="379,195,213,203" step="2"/><W111/><G121/><T128/><D13/><U39/><E39/><V105/><F105/><W73/><G122/><T37/><D37/><U106/><E106/><V0/><F0/><W99/><G73/><T19/><D124/><U83/><E107/><V75/><F75/><W23/><G126/><T34/><D34/><U26/><E12/><V94/><F94/><W16/><G111/><T48/><D92/><U91/><E91/><V98/><F98/><W33/><G99/><T131/><D127/><U120/><E120/><V38/><F38/><W52/><G33/><T115/><D115/><U97/><E97/><V81/><F81/><N who="3" m="47415" /><G88/><T132/><D131/><U129/><E83/><V45/><AGARI ba="0,1" hai="4,6,20,25,31,45,49,54,56,62,65,95,96,103" machi="45" ten="20,16000,3" yaku="1,1,0,1,7,1,25,2,8,1,52,1,53,1" doraHai="63" doraHaiUra="27" who="2" fromWho="2" sc="379,-40,195,-80,213,170,203,-40" /><INIT seed="6,0,0,1,2,19" ten="339,115,383,163" oya="2" hai0="47,67,31,108,111,101,30,51,69,34,126,10,76" hai1="39,74,7,14,56,80,106,25,63,50,17,97,78" hai2="5,119,77,18,120,60,58,87,84,57,70,115,112" hai3="130,41,93,116,26,85,55,102,117,37,16,132,4"/><V66/><F119/><W104/><G104/><T40/><D126/><U71/><E39/><V46/><F5/><W91/><G4/><T133/><D133/><U82/><E82/><V92/><F46/><W21/><G37/><T79/><D101/><U35/><E50/><V2/><F2/><W49/><G41/><T32/><D67/><U88/><E71/><V103/><F18/><W0/><G0/><T53/><D69/><U96/><E7/><V59/><F120/><W73/><G73/><T72/><D72/><U29/><E106/><V107/><F107/><W129/><G102/><T114/><D10/><U54/><REACH who="1" step="1"/><E88/><REACH who="1" ten="339,105,383,163" step="2"/><V94/><F77/><W86/><G132/><T121/><D76/><U123/><E123/><V12/><F103/><W13/><G86/><T33/><D79/><U42/><E42/><V122/><F122/><W109/><G117/><T110/><D121/><U9/><AGARI ba="0,1" hai="9,14,17,25,29,35,54,56,63,74,78,80,96,97" machi="9" ten="20,5200,0" yaku="1,1,0,1,7,1,53,1" doraHai="19" doraHaiUra="24" who="1" fromWho="1" sc="339,-13,105,62,383,-26,163,-13" /><INIT seed="7,0,0,0,5,80" ten="326,167,357,150" oya="3" hai0="33,107,113,28,104,24,132,78,16,73,128,105,98" hai1="84,8,19,88,94,17,75,30,95,83,49,129,122" hai2="112,100,12,96,89,39,4,31,47,7,103,79,53" hai3="124,92,11,58,45,64,44,85,127,3,126,133,38"/><W0/><G133/><T130/><D132/><U119/><E122/><V110/><F110/><W35/><G35/><T93/><D73/><U13/><E119/><V61/><F39/><W10/><G38/><T66/><D78/><U82/><E129/><N who="0" m="49769" /><D66/><U71/><E71/><V101/><F79/><W6/><G64/><T27/><D113/><U90/><E30/><V40/><F31/><W56/><G92/><T116/><D116/><U108/><E108/><V121/><F112/><W34/><G34/><T77/><D77/><U120/><E120/><V65/><F12/><W106/><G106/><T102/><D27/><U37/><E37/><V46/><F40/><W26/><G26/><T21/><D33/><U52/><E19/><V57/><F121/><W63/><G85/><T135/><D135/><U5/><E5/><N who="2" m="2123" /><F53/><W69/><G6/><T48/><D48/><U123/><E123/><V99/><F99/><W68/><G126/><T9/><D9/><U43/><E43/><V115/><F115/><W23/><G23/><T114/><D114/><U72/><E72/><V109/><F109/><W131/><G131/><T55/><D55/><U111/><E111/><V25/><F25/><W20/><G20/><T29/><AGARI ba="0,0" hai="16,21,24,28,29,93,98,102,104,105,107" m="49769" machi="29" ten="40,2700,0" yaku="19,1,54,1" doraHai="80" who="0" fromWho="0" sc="326,27,167,-7,357,-7,150,-13" owari="353,45.0,160,-24.0,350,15.0,137,-36.0" /></mjloggm>