<mjloggm ver="2.3"><GO type="169" lobby="0"/><UN n0="%E3%82%A6%E3%83%AB%E3%83%88%E3%83%A9%E7%AB%8B%E7%9B%B4" n1="%E3%81%9D%E3%81%93%E3%81%AF%E3%81%8B%E3%81%A8%E3%81%AA%E3%81%84" n2="%44%65%78%4D" n3="%E3%83%97%E3%83%AD%E3%83%86%E3%82%A4%E3%83%B3%E5%BE%97%E7%9B%9B" dan="18,16,16,16" rate="2243.11,2093.77,2016.80,2152.29" sx="M,M,M,M"/><TAIKYOKU oya="0"/><INIT seed="0,0,0,4,4,90" ten="250,250,250,250" oya="0" hai0="37,42,106,15,78,76,96,109,112,126,44,0,69" hai1="62,16,107,48,56,32,75,127,86,134,25,34,132" hai2="66,70,84,104,4,133,102,88,95,120,7,103,58" hai3="89,51,129,43,98,24,36,22,125,60,6,3,61"/><T23/><D112/><U128/><E75/><V94/><F70/><W108/><G36/><T111/><D0/><U18/><E107/><V52/><F66/><W27/><G108/><N who="0" m="41547" /><D69/><U80/><E48/><V29/><F104/><W21/><G125/><T100/><D126/><U55/><E128/><V121/><F133/><N who="1" m="51305" /><E127/><V19/><F29/><N who="3" m="17551" /><G6/><N who="2" m="2089" /><F121/><W12/><G12/><T40/><D42/><U65/><E65/><V38/><F38/><W53/><G43/><T72/><D72/><U45/><E45/><V9/><F120/><W74/><G74/><T57/><D57/><U14/><E25/><V10/><F95/><N who="3" m="56687" /><G3/><T63/><D63/><U41/><E41/><V1/><F1/><W47/><G129/><T17/><AGARI ba="0,0" hai="15,17,23,37,40,44,76,78,96,100,106" m="41547" machi="17" ten="30,3000,0" yaku="14,1,10,1" doraHai="90" who="0" fromWho="0" sc="250,30,250,-10,250,-10,250,-10" /><INIT seed="0,1,0,4,4,118" ten="280,240,240,240" oya="0" hai0="6,17,77,98,103,99,58,114,49,123,113,23,20" hai1="16,54,4,78,105,53,11,89,82,116,52,130,68" hai2="76,46,35,65,12,97,119,101,7,87,37,66,120" hai3="25,29,15,69,86,81,125,40,93,26,70,73,131"/><T8/><D123/><U57/><E68/><V111/><F35/><W34/><G73/><T45/><D77/><U83/><E105/><V55/><F119/><W10/><G125/><T74/><D74/><U3/><E116/><V108/><F76/><W95/><G131/><T75/><D75/><U44/><E130/><V96/><F87/><W134/><G134/><T50/><D58/><U117/><E117/><V112/><F112/><W94/><G40/><T126/><D126/><U39/><E89/><V90/><F90/><W32/><G26/><T91/><D91/><U88/><E88/><V92/><F97/><W127/><G32/><T67/><D67/><U43/><E16/><V106/><F92/><W129/><G127/><T71/><D71/><U2/><E2/><V110/><F120/><W80/><G129/><T84/><D84/><U132/><E132/><V47/><F55/><W41/><G41/><T48/><D45/><N who="2" m="16906" /><F37/><W128/><G128/><T72/><D72/><N who="1" m="43335" /><E83/><V104/><F104/><W33/><G33/><T5/><D99/><U122/><E122/><V100/><F100/><W102/><G102/><T133/><D133/><U62/><AGARI ba="1,0" hai="3,4,11,39,43,44,52,53,54,57,62" m="43335" machi="62" ten="30,2000,0" yaku="25,1,54,1" doraHai="118" who="1" fromWho="1" sc="280,-11,240,23,240,-6,240,-6" /><INIT seed="1,0,0,0,0,122" ten="269,263,234,234" oya="1" hai0="49,32,12,71,55,5,69,87,97,44,62,7,27" hai1="89,76,79,67,86,38,46,117,15,52,26,23,84" hai2="64,31,78,72,75,114,2,83,73,1,14,101,102" hai3="112,30,65,37,40,4,35,131,41,74,106,25,119"/><U17/><E38/><V96/><F114/><W68/><G41/><T88/><D97/><U134/><E134/><V118/><F118/><W70/><G112/><T116/><D116/><U115/><E115/><V42/><F102/><W47/><G119/><T127/><D127/><U121/><E121/><V124/><F124/><W39/><G131/><T100/><D100/><U81/><E67/><V129/><F129/><W0/><G39/><T105/><D105/><U107/><E107/><V50/><F31/><W92/><G92/><T99/><D99/><U8/><E117/><V33/><F33/><W130/><G130/><T109/><D27/><U16/><REACH who="1" step="1"/><E86/><REACH who="1" ten="269,253,234,234" step="2"/><N who="2" m="48503" /><F64/><W18/><G65/><T21/><D87/><U125/><E125/><V36/><F36/><W13/><G106/><T85/><D85/><U28/><E28/><V128/><F128/><W24/><G74/><T95/><D71/><U9/><E9/><V10/><F10/><N who="3" m="2311" /><G70/><T3/><D69/><U53/><E53/><V19/><F75/><W63/><G68/><T133/><D55/><U22/><E22/><V98/><F73/><W126/><G126/><T51/><D21/><U60/><E60/><V123/><F72/><W93/><G63/><T94/><D62/><U103/><E103/><V135/><F101/><W58/><G30/><T59/><D133/><U132/><E132/><V20/><F123/><W91/><G35/><T120/><D120/><U82/><E82/><V11/><F135/><W48/><G37/><T90/><D32/><U104/><E104/><V43/><F11/><W108/><G40/><N who="2" m="15401" /><F50/><AGARI ba="0,1" hai="8,15,16,17,23,26,46,50,52,76,79,81,84,89" machi="50" ten="40,18000,2" yaku="1,1,25,2,8,1,54,2,53,1" doraHai="122" doraHaiUra="77" who="1" fromWho="2" sc="269,0,253,190,234,-180,234,0" /><INIT seed="1,1,0,3,2,96" ten="269,443,54,234" oya="1" hai0="55,0,21,82,25,92,120,33,91,105,64,20,106" hai1="53,69,93,71,46,130,100,1,104,85,18,111,112" hai2="103,57,63,54,36,68,121,7,22,11,49,32,72" hai3="27,73,10,12,51,19,117,116,131,42,113,124,115"/><U24/><E1/><V102/><F32/><W78/><G73/><T30/><D0/><U88/><E112/><N who="3" m="43082" /><G78/><T13/><D64/><U28/><E130/><V67/><F121/><W125/><G42/><T86/><D120/><U80/><E111/><V89/><F72/><W52/><G131/><T60/><D60/><U101/><E104/><V5/><F5/><W133/><G133/><T75/><D55/><U31/><E71/><V98/><F22/><N who="3" m="13791" /><G52/><T132/><D132/><U90/><E69/><V109/><F109/><W3/><G3/><T110/><D106/><U48/><E18/><V56/><F56/><W16/><G51/><T70/><D105/><U84/><REACH who="1" step="1"/><E31/><REACH who="1" ten="269,433,54,234" step="2"/><V81/><F36/><W40/><G40/><T23/><D30/><U77/><E77/><V129/><F129/><W118/><AGARI ba="1,1" hai="10,12,16,116,117,118,124,125" m="13791,43082" machi="118" ten="40,8000,1" yaku="12,1,34,2,54,1" doraHai="96" who="3" fromWho="3" sc="269,-21,433,-41,54,-21,234,93" /><INIT seed="2,0,0,2,3,31" ten="248,392,33,327" oya="2" hai0="82,108,125,135,76,32,106,21,88,131,24,72,38" hai1="45,112,103,71,73,99,57,97,130,2,98,117,121" hai2="80,22,133,4,124,90,36,69,35,29,119,74,12" hai3="42,63,11,110,118,50,52,86,40,64,20,18,101"/><V27/><F90/><W66/><G110/><T58/><D38/><U68/><E73/><V16/><F80/><W13/><G118/><T126/><D106/><U61/><E2/><V5/><F69/><W48/><G101/><T96/><D131/><U83/><E130/><V84/><F84/><W70/><G66/><T19/><D135/><U39/><E112/><V10/><F74/><W23/><G50/><T47/><D108/><U43/><E121/><V92/><F92/><W102/><G102/><T122/><D122/><U0/><E0/><N who="2" m="263" /><F36/><W123/><G123/><T89/><D47/><U87/><E117/><V59/><F59/><W53/><G53/><T128/><D128/><U129/><E129/><V100/><F100/><W113/><G113/><T120/><D58/><U25/><E103/><V79/><F79/><W62/><G62/><T55/><D55/><U65/><REACH who="1" step="1"/><E25/><REACH who="1" ten="248,382,33,327" step="2"/><N who="2" m="18863" /><F119/><W8/><G42/><T34/><D120/><U49/><E49/><V17/><F133/><W91/><G40/><T95/><REACH who="0" step="1"/><D89/><AGARI ba="0,1" hai="39,43,45,57,61,65,68,71,83,87,89,97,98,99" machi="89" ten="40,1300,0" yaku="1,1,53,0" doraHai="31" doraHaiUra="7" who="1" fromWho="0" sc="248,-13,382,23,33,0,327,0" /><INIT seed="3,0,0,5,1,107" ten="235,405,33,327" oya="3" hai0="84,4,11,77,130,22,12,121,31,58,41,35,113" hai1="67,3,123,27,105,98,89,6,19,47,10,50,124" hai2="8,85,33,86,2,32,70,61,5,13,74,18,100" hai3="38,56,63,44,91,45,129,87,125,55,39,111,135"/><W0/><G0/><T81/><D121/><U52/><E123/><V40/><F40/><W82/><G125/><T83/><D130/><U29/><E124/><V76/><F100/><W75/><G129/><T133/><D133/><U128/><E128/><V21/><F70/><W43/><G135/><T114/><D58/><U118/><E118/><V102/><F102/><W7/><G7/><T34/><D41/><U112/><E67/><V46/><F46/><W93/><G111/><T51/><D51/><U131/><E131/><V115/><F115/><N who="0" m="44042" /><D31/><U108/><E108/><V23/><F23/><W9/><G9/><T71/><D71/><U95/><E112/><V66/><F33/><W30/><G30/><T97/><D97/><U14/><E105/><V17/><F17/><W132/><G132/><T24/><D24/><U26/><REACH who="1" step="1"/><E29/><REACH who="1" ten="235,395,33,327" step="2"/><V48/><F66/><W78/><REACH who="3" step="1"/><G45/><REACH who="3" ten="235,395,33,317" step="2"/><T59/><D4/><U1/><E1/><V62/><F5/><W65/><G65/><T117/><D117/><U126/><E126/><V37/><F2/><W28/><G28/><T69/><D35/><U36/><E36/><AGARI ba="0,2" hai="36,38,39,43,44,55,56,63,75,78,82,87,91,93" machi="36" ten="30,11600,0" yaku="1,1,7,1,52,1,53,1" doraHai="107" doraHaiUra="73" who="3" fromWho="1" sc="235,0,395,-116,33,0,317,136" /><INIT seed="3,1,0,2,1,86" ten="235,279,33,453" oya="3" hai0="19,45,67,105,54,110,58,3,41,25,128,38,83" hai1="119,80,91,28,96,4,21,89,70,101,90,102,48" hai2="55,92,11,7,22,104,93,79,14,120,126,122,2" hai3="121,31,52,127,63,132,78,109,66,117,50,85,84"/><W24/><G121/><T100/><D105/><U29/><E70/><V39/><F104/><W43/><G117/><T47/><D100/><N who="1" m="38507" /><E119/><V116/><F116/><W23/><G127/><T88/><D3/><U56/><E4/><V17/><F126/><W69/><G132/><T68/><D47/><U82/><E96/><V20/><F79/><W6/><G6/><T61/><D110/><U76/><E76/><V73/><F73/><W133/><G133/><T60/><D128/><U64/><E64/><V87/><F39/><W71/><G71/><T111/><D111/><U12/><E12/><V75/><F75/><W0/><G0/><T13/><D25/><N who="1" m="16431" /><E29/><V98/><F87/><W106/><G106/><T107/><D107/><U34/><E34/><V46/><F93/><W94/><G43/><T35/><D35/><U44/><E56/><V16/><F46/><W18/><G109/><T15/><D19/><U81/><E82/><V123/><F55/><AGARI ba="1,0" hai="44,48,55,80,81,89,90,91" m="16431,38507" machi="55" ten="30,7700,0" yaku="8,1,52,3" doraHai="86" who="1" fromWho="2" sc="235,0,279,80,33,-80,453,0" owari="235,-16.0,359,16.0,-47,-55.0,453,55.0" /></mjloggm>