<mjloggm ver="2.3"><GO type="169" lobby="0"/><UN n0="%74%79%70%65%2D%74" n1="%E3%81%82%E3%81%8A%E3%81%8D%E3%82%93%E3%81%90" n2="%E5%92%8C%E6%B3%89%E7%B4%97%E9%9C%A7" n3="%E3%82%A6%E3%83%AB%E3%83%88%E3%83%A9%E7%AB%8B%E7%9B%B4" dan="16,17,17,19" rate="2093.99,2134.92,2185.01,2291.58" sx="M,M,F,M"/><TAIKYOKU oya="0"/><INIT seed="0,0,0,3,4,20" ten="250,250,250,250" oya="0" hai0="70,111,3,58,123,0,64,1,42,19,15,118,8" hai1="84,66,106,124,37,110,92,103,26,115,10,117,100" hai2="133,119,94,24,11,54,40,116,36,12,47,107,67" hai3="102,45,76,43,35,52,87,122,41,135,56,14,25"/><T18/><D118/><U120/><E120/><V33/><F107/><W62/><G122/><T105/><D123/><U6/><E117/><N who="2" m="45131" /><F67/><W78/><G135/><T28/><D105/><U13/><E37/><V63/><F94/><W89/><G102/><T82/><D70/><U72/><E72/><V104/><F104/><W9/><G35/><T130/><D130/><U22/><E106/><V61/><F54/><W65/><G25/><T77/><D42/><U93/><E115/><V38/><F38/><W30/><G30/><T128/><D128/><U71/><E124/><V85/><F85/><W114/><G114/><T83/><D28/><U112/><E112/><V113/><F133/><W91/><G65/><T121/><D121/><U90/><E110/><V49/><F36/><W101/><G101/><N who="1" m="38986" /><E66/><V17/><F113/><W127/><G127/><T53/><D64/><U96/><E71/><V73/><F73/><W34/><G34/><T129/><D129/><U29/><E96/><V134/><F134/><W132/><G132/><T69/><D69/><U60/><E60/><V32/><F32/><W23/><G43/><T74/><D111/><U2/><E2/><V44/><F44/><W81/><G45/><T125/><D125/><U88/><E90/><V4/><F33/><W59/><G91/><T39/><D39/><U98/><E98/><V48/><F48/><W46/><G89/><T68/><D68/><U51/><E51/><V16/><F4/><W131/><G62/><N who="0" m="36175" /><D19/><U95/><AGARI ba="0,0" hai="6,10,13,22,26,29,84,88,92,93,95" m="38986" machi="95" ten="30,4000,0" yaku="8,1,52,1,54,1" doraHai="20" who="1" fromWho="1" sc="250,-20,250,40,250,-10,250,-10" /><INIT seed="1,0,0,2,4,7" ten="230,290,240,240" oya="1" hai0="96,35,49,19,36,72,22,75,44,115,38,77,103" hai1="125,83,2,15,128,46,67,130,116,0,12,18,114" hai2="62,102,73,28,55,34,1,4,27,29,9,89,94" hai3="64,26,30,40,56,16,69,65,45,50,82,47,88"/><U109/><E114/><V121/><F73/><W97/><G69/><T59/><D35/><U91/><E116/><V63/><F121/><W101/><G56/><T79/><D115/><U123/><E123/><V6/><F102/><W78/><G47/><T81/><D59/><U87/><E67/><V66/><F66/><W23/><G30/><T127/><D127/><U48/><E125/><V14/><F29/><W86/><REACH who="3" step="1"/><G78/><REACH who="3" ten="230,290,240,230" step="2"/><T119/><D119/><U10/><E109/><V99/><REACH who="2" step="1"/><F55/><REACH who="2" ten="230,290,230,230" step="2"/><W24/><G24/><T107/><D75/><U100/><E130/><V122/><F122/><W57/><G57/><T60/><D77/><U33/><E128/><V20/><F20/><W110/><G110/><T3/><D60/><U92/><E33/><V41/><F41/><W95/><AGARI ba="0,2" hai="16,23,26,40,45,50,64,65,82,86,88,95,97,101" machi="95" ten="20,12000,2" yaku="1,1,0,1,7,1,8,1,54,2,53,1" doraHai="7" doraHaiUra="42" who="3" fromWho="3" sc="230,-30,290,-60,230,-30,230,140" /><INIT seed="2,0,0,2,5,50" ten="200,230,200,370" oya="2" hai0="114,107,95,10,40,21,19,8,91,100,110,120,6" hai1="130,96,48,121,86,85,42,62,37,124,133,104,53" hai2="117,17,60,116,67,54,69,90,71,74,26,92,29" hai3="28,119,70,66,13,49,103,23,75,56,24,125,102"/><V68/><F74/><W1/><G75/><T14/><D114/><U36/><E104/><V89/><F17/><W22/><G1/><T122/><D110/><U127/><E96/><V83/><F83/><W39/><G39/><N who="1" m="14922" /><E86/><V2/><F2/><W15/><G70/><T35/><D35/><U58/><E85/><V52/><F71/><W87/><G125/><N who="1" m="48202" /><E121/><V132/><F69/><W81/><G119/><T98/><D40/><U78/><E78/><V64/><F64/><W38/><G38/><T109/><D109/><U82/><E82/><V61/><F61/><W9/><G23/><T45/><D45/><N who="1" m="25655" /><E133/><V72/><F132/><W134/><G87/><T44/><D10/><U0/><E0/><V47/><F72/><W126/><G9/><T73/><D73/><U25/><E25/><V7/><F7/><W18/><G24/><T79/><D79/><U135/><E135/><V123/><F123/><W65/><G134/><T131/><D120/><U118/><E118/><V16/><F16/><W34/><G18/><T88/><D122/><U105/><E105/><V51/><F117/><W113/><G28/><T76/><D107/><U112/><E112/><V20/><F116/><W63/><G113/><T12/><D76/><U59/><E58/><V77/><F77/><W108/><G56/><T115/><D115/><U31/><E31/><V41/><F90/><N who="0" m="34346" /><D44/><U11/><E11/><V27/><F27/><W111/><G126/><T80/><D80/><U55/><E130/><V57/><F68/><W94/><G111/><T4/><D131/><U46/><E46/><V129/><F129/><RYUUKYOKU ba="0,0" sc="200,10,230,10,200,10,370,-30" hai0="4,6,8,12,14,19,21,95,98,100" hai1="53,55,59,62" hai2="20,26,29,41,47,51,52,54,57,60,67,89,92" /><INIT seed="2,1,0,4,5,22" ten="210,240,210,340" oya="2" hai0="42,73,71,114,51,11,28,135,49,129,0,34,108" hai1="7,101,81,57,80,126,64,82,133,78,94,43,93" hai2="6,128,12,40,48,38,111,88,117,32,53,54,84" hai3="33,5,119,17,46,10,25,110,112,55,103,13,37"/><V44/><F117/><W60/><G119/><T77/><D114/><U115/><E115/><V104/><F104/><W105/><G112/><T36/><D108/><U16/><E7/><V8/><F128/><W92/><G105/><T21/><D129/><U65/><E133/><V127/><F127/><W132/><G110/><T39/><D135/><U59/><E126/><V99/><F111/><W69/><G132/><T26/><D39/><U29/><E29/><V98/><F32/><W87/><G69/><T20/><D51/><U15/><E43/><V24/><F24/><W91/><G103/><T102/><D49/><U106/><E78/><V113/><F113/><W41/><G33/><T109/><D102/><U72/><E72/><V121/><F121/><W56/><REACH who="3" step="1"/><G25/><REACH who="3" ten="210,240,210,330" step="2"/><T86/><D71/><U14/><E106/><V83/><REACH who="2" step="1"/><F54/><REACH who="2" ten="210,240,200,330" step="2"/><W58/><G58/><AGARI ba="1,2" hai="6,8,12,38,40,44,48,53,58,83,84,88,98,99" machi="58" ten="30,11600,0" yaku="1,1,2,1,7,1,54,1,53,0" doraHai="22" doraHaiUra="30" who="2" fromWho="3" sc="210,0,240,0,200,139,330,-119" /><INIT seed="2,2,0,0,4,91" ten="210,240,339,211" oya="2" hai0="15,64,60,3,132,48,14,70,29,56,40,51,1" hai1="133,86,88,26,23,124,45,17,73,111,35,96,10" hai2="72,49,134,27,0,87,25,85,76,7,83,55,118" hai3="18,135,68,36,4,107,93,78,129,115,109,102,117"/><V42/><F118/><W8/><G18/><T97/><D132/><U104/><E111/><V11/><F134/><W67/><G78/><T75/><D75/><U71/><E124/><V112/><F112/><W16/><G16/><T22/><D1/><U6/><E71/><V53/><F42/><W79/><G79/><T54/><D3/><U58/><E73/><V94/><F55/><W2/><G102/><T95/><D40/><U82/><E133/><V100/><F72/><W101/><G101/><T5/><D51/><U80/><E35/><V121/><F121/><W57/><G57/><N who="0" m="32967" /><D70/><U74/><E58/><V20/><F20/><W19/><G68/><T63/><D63/><U110/><E110/><V39/><F39/><W47/><G36/><T30/><D5/><U66/><E66/><V50/><F50/><W84/><G67/><T44/><D44/><U65/><E45/><V99/><REACH who="2" step="1"/><F87/><REACH who="2" ten="210,240,329,211" step="2"/><W113/><G84/><T98/><D30/><U38/><E74/><V59/><AGARI ba="2,1" hai="0,7,11,25,27,49,53,59,76,83,85,94,99,100" machi="59" ten="20,12000,1" yaku="1,1,2,1,0,1,7,1,52,1,53,0" doraHai="91" doraHaiUra="120" who="2" fromWho="2" sc="210,-42,240,-42,329,136,211,-42" /><INIT seed="2,3,0,3,4,27" ten="168,198,465,169" oya="2" hai0="28,69,19,54,117,68,76,64,82,41,4,37,33" hai1="43,46,77,14,25,128,51,112,47,72,87,99,12" hai2="56,40,30,103,66,20,80,114,115,121,96,49,124" hai3="111,107,59,92,102,130,79,11,26,90,123,63,13"/><V48/><F121/><W118/><G123/><T134/><D117/><U98/><E128/><V126/><F80/><W84/><G118/><T62/><D134/><U38/><E112/><V18/><F30/><W65/><G111/><T5/><D69/><U42/><E72/><V133/><F133/><W35/><G130/><T81/><D19/><U116/><E116/><V74/><F74/><W75/><G26/><T9/><D41/><U101/><E99/><V70/><F70/><W17/><G35/><T31/><D37/><U10/><E10/><V16/><F18/><W55/><G107/><T57/><D33/><U135/><E135/><V97/><F97/><W23/><G102/><T89/><D89/><U73/><E73/><V39/><F39/><W132/><G132/><T125/><D125/><N who="2" m="48234" /><F66/><W67/><G75/><T60/><D5/><U94/><E25/><N who="2" m="14471" /><F56/><W3/><G79/><T108/><D108/><U91/><REACH who="1" step="1"/><E77/><REACH who="1" ten="168,188,465,169" step="2"/><V104/><F115/><W86/><G11/><T131/><D131/><U52/><E52/><V83/><F114/><W53/><G53/><T36/><D76/><U6/><E6/><V119/><F119/><W127/><G127/><T95/><D54/><U105/><AGARI ba="3,1" hai="12,14,38,42,43,46,47,51,87,91,94,98,101,105" machi="105" ten="20,2700,0" yaku="1,1,0,1,7,1,53,0" doraHai="27" doraHaiUra="15" who="1" fromWho="1" sc="168,-10,188,46,465,-16,169,-10" /><INIT seed="3,0,0,0,2,123" ten="158,234,449,159" oya="3" hai0="96,112,126,85,16,3,59,131,113,125,100,87,55" hai1="114,133,0,77,67,92,57,52,64,62,82,75,94" hai2="120,34,27,1,9,58,6,130,25,98,121,22,80" hai3="81,10,108,132,115,12,4,5,30,31,46,20,70"/><W105/><G70/><T44/><D3/><U95/><E114/><N who="0" m="44137" /><D44/><U127/><E0/><V35/><F80/><W7/><G105/><N who="0" m="63623" /><D131/><U26/><E133/><V66/><F98/><W72/><G115/><T49/><D16/><U84/><E127/><AGARI ba="0,0" hai="49,55,59,85,87,125,126,127" m="63623,44137" machi="127" ten="30,2000,0" yaku="18,1,11,1" doraHai="123" who="0" fromWho="1" sc="158,20,234,-20,449,0,159,0" /><INIT seed="4,0,0,1,3,2" ten="178,214,449,159" oya="0" hai0="84,92,112,98,28,71,97,102,25,104,101,83,16" hai1="38,99,43,110,61,34,17,72,108,88,68,49,120" hai2="30,77,70,107,51,24,39,95,8,134,74,103,50" hai3="75,15,45,85,86,7,128,82,76,91,78,27,93"/><T5/><D71/><U13/><E120/><V100/><F39/><W127/><G127/><T6/><D112/><U36/><E72/><V87/><F70/><W64/><G128/><T21/><REACH who="0" step="1"/><D28/><REACH who="0" ten="168,214,449,159" step="2"/><U73/><E68/><V129/><F30/><W80/><G64/><T58/><D58/><U90/><E110/><V33/><F129/><W60/><G45/><T63/><D63/><U122/><E61/><V119/><F119/><W22/><G60/><T11/><D11/><U126/><E108/><V96/><F8/><W9/><G22/><T35/><D35/><U135/><E34/><V32/><F32/><W26/><AGARI ba="0,1" hai="7,9,15,26,27,75,76,78,80,82,85,86,91,93" machi="26" ten="30,2000,0" yaku="0,1,52,1" doraHai="2" who="3" fromWho="3" sc="168,-10,214,-5,449,-5,159,30" /><INIT seed="5,0,0,1,0,94" ten="158,209,444,189" oya="1" hai0="75,40,99,84,2,130,14,12,34,96,133,53,68" hai1="65,58,100,97,119,35,110,116,112,9,62,44,22" hai2="121,76,57,85,16,125,95,111,55,43,109,54,72" hai3="41,50,10,107,120,103,101,23,5,27,56,47,51"/><U98/><E112/><V104/><F104/><W87/><G120/><T67/><D2/><U135/><E135/><V8/><F121/><W78/><G107/><T4/><D133/><U134/><E134/><V46/><F72/><W32/><G32/><T19/><D75/><U11/><E35/><V105/><F105/><W37/><G37/><T86/><D34/><U25/><E110/><V63/><F55/><W82/><G51/><T48/><D68/><U3/><E44/><V106/><F106/><W52/><G56/><N who="0" m="32807" /><D67/><U59/><E59/><V6/><F125/><W70/><G70/><T126/><D40/><U92/><E98/><N who="0" m="37417" /><D130/><U28/><REACH who="1" step="1"/><E3/><REACH who="1" ten="158,199,444,189" step="2"/><V60/><F111/><W45/><G45/><T80/><D126/><U1/><E1/><V124/><F46/><W88/><G41/><T36/><D36/><U31/><E31/><V128/><F109/><W15/><G78/><T102/><D102/><U21/><E21/><V129/><F76/><W24/><G23/><N who="0" m="11751" /><D80/><U30/><E30/><V61/><F43/><W114/><G114/><T13/><D13/><U29/><E29/><V7/><F124/><W0/><G0/><T91/><D91/><U90/><E90/><V117/><F129/><W20/><G20/><T18/><D4/><U115/><E115/><V89/><F128/><W131/><G131/><T77/><D77/><U122/><E122/><V83/><F83/><W132/><G132/><T66/><D66/><U108/><E108/><V93/><F6/><W42/><G42/><T64/><D64/><U26/><E26/><AGARI ba="0,1" hai="5,10,15,24,26,27,47,50,52,82,87,88,101,103" machi="26" ten="40,5200,0" yaku="8,1,54,2" doraHai="94" who="3" fromWho="1" sc="158,0,199,-52,444,0,189,62" /><INIT seed="6,0,0,3,3,116" ten="158,147,444,251" oya="2" hai0="2,45,106,97,118,18,12,7,14,117,11,16,5" hai1="42,93,32,22,90,40,109,82,25,122,51,33,79" hai2="36,114,41,56,30,77,96,0,75,52,107,135,115" hai3="111,103,67,60,29,39,110,108,26,81,6,72,69"/><V132/><F0/><W47/><G6/><N who="0" m="1495" /><D45/><U99/><E109/><V100/><F30/><W53/><G103/><T54/><D54/><U123/><E33/><V119/><F119/><N who="0" m="45578" /><D97/><U112/><E32/><V89/><F89/><W3/><G3/><T128/><D106/><U58/><E112/><N who="2" m="43051" /><F77/><N who="3" m="44199" /><G53/><T24/><D24/><U8/><E8/><V74/><F41/><W83/><G26/><T61/><D61/><U71/><E71/><V76/><F36/><W27/><G39/><T17/><D128/><U64/><E64/><V78/><F78/><W20/><G67/><T124/><D124/><U91/><E91/><V125/><F125/><W92/><G69/><T48/><D48/><U65/><E65/><V94/><F107/><W133/><G60/><T88/><D88/><U35/><E35/><V121/><F76/><W19/><G111/><T38/><D38/><U95/><E95/><V84/><F75/><W127/><G92/><T21/><D18/><N who="1" m="12503" /><E51/><V57/><F74/><W13/><G127/><T43/><D43/><N who="1" m="16427" /><E58/><V73/><F57/><W66/><G66/><T68/><D68/><U31/><E31/><V80/><F56/><W34/><G47/><T1/><D1/><U102/><E90/><V23/><F73/><W134/><G83/><T10/><AGARI ba="0,0" hai="5,7,10,12,14,16,17,21" m="45578,1495" machi="10" ten="30,7900,0" yaku="12,1,34,2,54,1" doraHai="116" who="0" fromWho="0" sc="158,79,147,-20,444,-39,251,-20" /><INIT seed="7,0,0,3,4,87" ten="237,127,405,231" oya="3" hai0="20,125,103,55,25,50,39,122,84,12,8,62,9" hai1="69,104,30,6,98,35,57,75,67,26,45,36,130" hai2="51,1,22,64,119,46,129,53,18,121,120,49,102" hai3="82,110,28,80,77,56,68,32,132,66,83,94,11"/><W133/><G68/><T114/><D39/><U124/><E124/><V92/><F119/><W40/><G40/><T85/><D122/><N who="2" m="47210" /><F1/><W60/><G110/><T109/><D109/><U112/><E112/><V95/><F129/><W3/><G94/><T88/><D114/><U128/><E57/><N who="2" m="32959" /><F64/><W108/><G108/><T41/><D103/><U71/><E6/><V76/><F76/><W54/><G66/><T127/><D84/><U15/><E15/><N who="2" m="9567" /><F102/><W89/><G77/><T38/><D125/><U13/><E13/><V63/><F63/><W86/><G11/><T33/><D62/><U19/><E19/><V106/><F106/><W23/><G32/><T126/><D33/><U24/><E24/><V131/><F131/><W116/><G3/><T73/><D12/><U16/><E16/><V48/><F48/><W115/><G115/><T31/><D9/><U7/><E7/><V97/><F97/><W111/><G111/><T117/><D8/><U34/><E34/><V59/><F59/><W90/><G116/><T107/><D117/><U79/><E79/><V43/><AGARI ba="0,0" hai="43,46,49,92,95" m="9567,32959,47210" machi="43" ten="30,1100,0" yaku="13,1" doraHai="87" who="2" fromWho="2" sc="237,-3,127,-3,405,11,231,-5" owari="234,3.0,124,-38.0,416,52.0,226,-17.0" /></mjloggm>