<mjloggm ver="2.3"><GO type="169" lobby="0"/><UN n0="%41%54%53%4D" n1="%EF%BC%A0%E3%81%82%E3%81%B0%E3%81%B0%E3%81%B0%E3%81%B0" n2="%E3%82%A6%E3%83%AB%E3%83%88%E3%83%A9%E7%AB%8B%E7%9B%B4" n3="%E8%A3%8F%E3%81%AE%E3%81%BE%E3%81%9F%E8%A3%8F%E8%A9%B1" dan="17,16,19,16" rate="2141.77,2056.70,2316.02,2198.41" sx="M,M,M,F"/><TAIKYOKU oya="0"/><INIT seed="0,0,0,3,2,25" ten="250,250,250,250" oya="0" hai0="93,111,58,39,56,21,104,53,41,86,10,12,36" hai1="101,50,70,84,88,129,89,76,94,64,11,42,44" hai2="59,117,121,35,55,24,99,106,82,71,126,128,91" hai3="127,125,4,47,15,45,133,97,134,16,115,9,38"/><T63/><D104/><U27/><E129/><V23/><F121/><W131/><G115/><T40/><D111/><U54/><E70/><V7/><F71/><W48/><G38/><T79/><D36/><U26/><E64/><V32/><F128/><W80/><G97/><T78/><D21/><U17/><E101/><V109/><F126/><N who="3" m="48139" /><G131/><T105/><D105/><U0/><E76/><N who="0" m="29225" /><D39/><U13/><E0/><V130/><F23/><N who="3" m="11679" /><G80/><T95/><D56/><U28/><E28/><V96/><F59/><W75/><G75/><T90/><D93/><U98/><REACH who="1" step="1"/><E42/><REACH who="1" ten="250,240,250,250" step="2"/><V113/><F130/><W92/><G133/><T123/><D123/><U69/><E69/><V18/><F109/><W60/><G134/><T5/><AGARI ba="0,1" hai="5,10,12,40,41,53,58,63,86,90,95" m="29225" machi="5" ten="30,1500,0" yaku="8,1" doraHai="25" who="0" fromWho="0" sc="250,25,240,-5,250,-5,250,-5" /><INIT seed="0,1,0,4,4,62" ten="275,235,245,245" oya="0" hai0="99,6,130,104,26,88,97,61,89,114,37,98,50" hai1="48,110,40,132,90,9,91,122,30,96,65,14,84" hai2="121,131,39,101,115,51,112,59,79,134,113,53,106" hai3="73,66,135,10,80,118,58,125,27,128,68,85,54"/><T31/><D114/><U92/><E122/><V127/><F121/><W15/><G118/><T107/><D37/><U23/><E110/><V70/><F79/><W57/><G73/><T93/><D130/><U119/><E119/><V74/><F74/><W129/><G135/><T38/><D38/><U20/><E132/><V64/><F101/><W95/><G125/><T4/><D50/><U12/><E65/><V1/><F106/><W11/><G27/><T3/><D61/><U42/><E30/><V76/><F76/><W103/><G68/><T56/><D56/><U78/><E78/><V0/><F0/><W71/><G71/><T124/><D124/><U86/><E96/><V33/><F1/><W111/><G111/><T19/><D19/><U7/><E14/><V8/><F8/><W109/><G109/><T49/><D49/><U105/><E105/><N who="0" m="40521" /><D3/><U22/><REACH who="1" step="1"/><E48/><REACH who="1" ten="275,225,245,245" step="2"/><V81/><F134/><W72/><G128/><T126/><D126/><U133/><E133/><V117/><F127/><W44/><G129/><T29/><D26/><U18/><E18/><V67/><F131/><W36/><G15/><T102/><D102/><U87/><E87/><V100/><F100/><W69/><G103/><T28/><D93/><AGARI ba="1,1" hai="7,9,12,20,22,23,40,42,84,86,90,91,92,93" machi="93" ten="40,5200,0" yaku="1,1,9,1,8,1,53,0" doraHai="62" doraHaiUra="43" who="1" fromWho="0" sc="275,-55,225,65,245,0,245,0" /><INIT seed="1,0,0,5,3,118" ten="220,290,245,245" oya="1" hai0="104,64,77,53,135,47,88,1,95,14,93,29,11" hai1="119,4,70,15,92,51,79,84,121,100,75,116,56" hai2="20,24,85,78,10,106,134,83,109,105,12,132,13" hai3="6,22,65,122,99,40,103,98,129,39,26,23,25"/><U50/><E70/><V41/><F109/><W113/><G113/><T55/><D104/><U71/><E71/><V16/><F41/><W28/><G129/><T114/><D114/><U49/><E75/><V67/><F67/><W30/><G65/><T133/><D1/><U0/><E0/><V9/><F13/><W76/><G76/><T117/><D117/><U111/><E79/><V82/><F10/><W89/><G6/><T124/><D124/><U107/><E107/><V126/><F126/><W34/><G34/><T60/><D77/><U90/><E111/><V35/><F83/><W18/><G18/><N who="0" m="8543" /><D29/><U37/><E37/><V110/><F35/><W31/><G31/><T59/><D47/><U21/><E121/><V123/><F123/><W130/><G130/><T43/><D93/><U57/><E100/><V86/><F86/><W33/><G33/><T74/><D43/><U102/><E102/><V96/><F110/><W62/><G122/><T66/><D74/><U97/><E119/><V5/><REACH who="2" step="1"/><F96/><REACH who="2" ten="220,290,235,245" step="2"/><W52/><G40/><T27/><D66/><U101/><E116/><V58/><F58/><N who="3" m="35143" /><G39/><T112/><D112/><U125/><E125/><V80/><F80/><W48/><G99/><N who="0" m="57831" /><D27/><U42/><E42/><V81/><F81/><W45/><G98/><T7/><D7/><U2/><E2/><V115/><F115/><W69/><G69/><T73/><D73/><U127/><E127/><V46/><F46/><W44/><G44/><T72/><D72/><U94/><E4/><V38/><F38/><W32/><G32/><T36/><D36/><U108/><E108/><RYUUKYOKU ba="0,1" sc="220,10,290,10,235,10,245,-30" hai0="53,55,59,60,64,133,135" hai1="15,21,49,50,51,56,57,84,90,92,94,97,101" hai2="5,9,12,16,20,24,78,82,85,105,106,132,134" /><INIT seed="1,1,1,5,0,125" ten="230,300,245,215" oya="1" hai0="102,63,75,95,0,123,64,48,121,84,127,31,130" hai1="61,56,88,32,5,43,17,119,60,49,76,55,33" hai2="79,80,109,40,90,9,38,111,71,23,113,26,100" hai3="93,67,87,115,13,101,107,52,131,120,22,18,98"/><U99/><E119/><V108/><F71/><W112/><G120/><N who="0" m="46155" /><D75/><U35/><E76/><V94/><F38/><W8/><G67/><T83/><D0/><U62/><E5/><V122/><F40/><W29/><G131/><T19/><D127/><U96/><E17/><V70/><F70/><W133/><G133/><T110/><D110/><U92/><REACH who="1" step="1"/><E43/><REACH who="1" ten="230,290,245,215" step="2"/><V118/><F118/><W91/><G29/><T135/><D19/><U47/><E47/><V74/><F122/><W59/><REACH who="3" step="1"/><G8/><REACH who="3" ten="230,290,245,205" step="2"/><T44/><D135/><U34/><N who="1" m="8192" /><DORA hai="39" /><U1/><E1/><V42/><F9/><W104/><G104/><T37/><D31/><U58/><E58/><V82/><F111/><W46/><G46/><T3/><D44/><U81/><E81/><V25/><F82/><W24/><G24/><T105/><D83/><U50/><E50/><AGARI ba="1,3" hai="13,18,22,50,52,59,87,91,93,98,101,107,112,115" machi="50" ten="30,12000,2" yaku="1,1,7,1,25,2,54,1,53,1" doraHai="125,39" doraHaiUra="45,65" who="3" fromWho="1" sc="230,0,290,-123,245,0,205,153" /><INIT seed="2,0,0,5,4,47" ten="230,167,245,358" oya="2" hai0="127,48,111,109,23,52,9,132,102,12,124,79,93" hai1="122,21,35,58,135,19,70,2,54,65,101,73,80" hai2="126,8,119,66,98,77,78,105,75,61,76,84,40" hai3="22,33,114,86,82,128,74,3,29,1,62,10,57"/><V5/><F119/><W88/><G33/><T69/><D69/><U95/><E35/><V85/><F75/><W134/><G134/><T37/><D37/><U130/><E135/><V4/><F126/><N who="0" m="48170" /><D132/><U28/><E2/><V72/><F72/><W24/><G128/><T26/><D79/><U60/><E130/><V45/><F105/><W42/><G74/><T53/><D93/><U63/><E122/><V55/><F98/><W34/><G114/><T14/><D102/><U120/><E120/><V68/><F55/><W99/><G99/><T44/><D53/><U38/><E38/><V16/><F5/><W43/><G34/><T32/><D32/><U110/><E110/><N who="0" m="41993" /><D9/><U129/><E129/><V36/><REACH who="2" step="1"/><F16/><AGARI ba="0,0" hai="12,14,16,23,26,44,48,52" m="41993,48170" machi="16" ten="30,8000,1" yaku="18,1,14,1,52,1,54,2" doraHai="47" who="0" fromWho="2" sc="230,80,167,0,245,-80,358,0" /><INIT seed="3,0,0,4,5,112" ten="310,167,165,358" oya="3" hai0="115,103,34,2,93,20,117,122,50,41,55,60,0" hai1="21,15,89,18,100,135,106,119,127,36,22,35,52" hai2="58,10,98,11,79,31,118,7,134,3,107,95,43" hai3="65,23,27,132,40,13,39,91,111,74,56,92,130"/><W86/><G130/><T61/><D34/><U97/><E35/><V123/><F107/><W16/><G74/><T88/><D122/><U47/><E135/><V116/><F123/><W78/><G132/><T94/><D115/><U48/><E127/><V29/><F134/><W128/><G128/><T114/><D114/><U85/><E36/><V104/><F104/><W66/><G78/><T62/><D41/><U51/><E51/><V87/><F43/><W113/><G113/><T129/><D129/><U68/><E68/><V54/><F11/><W124/><G124/><T33/><D33/><U28/><E28/><V83/><F31/><W17/><G111/><T90/><D103/><U121/><E121/><V49/><REACH who="2" step="1"/><F29/><REACH who="2" ten="310,167,155,358" step="2"/><W57/><G40/><T42/><D42/><U12/><E119/><V81/><F81/><W96/><G39/><T126/><D126/><U109/><E109/><V77/><F77/><W71/><G71/><T44/><D117/><U120/><E120/><V63/><F63/><W99/><G92/><T37/><D37/><U76/><E76/><V4/><F4/><W45/><G17/><T14/><D94/><U32/><E32/><V25/><F25/><W1/><G16/><N who="0" m="10263" /><D93/><U6/><E6/><V125/><F125/><W53/><G27/><T131/><D131/><U75/><E18/><V110/><F110/><W64/><G23/><T19/><D19/><U108/><E108/><V105/><F105/><W24/><G24/><T72/><D72/><U84/><E75/><V30/><F30/><W101/><G1/><T70/><D70/><U26/><E106/><RYUUKYOKU ba="0,1" sc="310,15,167,-15,155,15,358,-15" hai0="0,2,44,50,55,60,61,62,88,90" hai2="3,7,10,49,54,58,79,83,87,95,98,116,118" /><INIT seed="4,1,1,4,5,87" ten="325,152,170,343" oya="0" hai0="96,132,86,45,99,100,120,88,50,40,92,48,55" hai1="65,133,58,44,10,108,128,41,110,111,53,47,95" hai2="69,35,36,63,89,59,43,74,49,79,66,127,121" hai3="118,134,54,1,94,33,126,2,80,114,5,29,21"/><T20/><D120/><U31/><E31/><V113/><F35/><W26/><G118/><T18/><D132/><U27/><E27/><V73/><F121/><W9/><G80/><T16/><D20/><U107/><E107/><V60/><F113/><W13/><G54/><T3/><D3/><N who="3" m="1033" /><G94/><N who="0" m="58391" /><D99/><U84/><E10/><V51/><F127/><W131/><G114/><T28/><D28/><U14/><E14/><V37/><F79/><W71/><G71/><T61/><D61/><U119/><E119/><V98/><F98/><W15/><G134/><T67/><D67/><U105/><E105/><V130/><F89/><W104/><G104/><T19/><D19/><U39/><E133/><V117/><F73/><W22/><G126/><T6/><D6/><U56/><E95/><V17/><F17/><N who="3" m="10431" /><G131/><T32/><D32/><AGARI ba="1,1" hai="5,9,13,22,26,29,32,33" m="10431,1033" machi="32" ten="30,8000,1" yaku="35,5" doraHai="87" who="3" fromWho="0" sc="325,-83,152,0,170,0,343,93" /><INIT seed="5,0,0,4,1,132" ten="242,152,170,436" oya="1" hai0="41,37,1,88,17,120,39,80,62,61,126,58,109" hai1="131,117,63,92,115,24,47,99,22,82,5,9,52" hai2="51,13,4,55,64,23,49,60,89,34,130,46,14" hai3="102,97,118,25,16,33,10,87,3,107,68,86,2"/><U73/><E117/><V108/><F34/><W6/><G2/><T54/><D1/><U100/><E115/><V40/><F130/><W21/><G68/><T94/><D109/><U28/><E131/><V78/><F108/><W123/><G123/><T91/><D120/><U111/><E111/><V53/><F78/><W85/><G118/><T76/><D126/><U106/><E73/><V29/><F89/><W44/><G44/><T18/><D61/><U38/><E82/><V122/><F122/><W129/><G129/><T43/><D39/><U121/><E121/><V31/><F4/><W124/><G124/><T15/><D37/><U95/><E38/><V67/><F40/><W74/><G74/><T35/><D35/><U110/><E110/><V79/><F79/><W84/><G84/><N who="0" m="48135" /><D91/><U127/><E127/><V104/><F104/><W101/><G101/><T77/><D77/><U11/><E11/><V30/><F60/><W83/><G33/><T50/><D62/><U75/><E75/><V81/><F81/><W116/><G116/><T119/><D119/><U112/><E112/><V93/><F93/><W32/><G32/><T12/><D12/><N who="2" m="4714" /><F23/><W65/><G83/><T133/><D133/><U69/><E69/><V70/><F70/><W135/><G135/><T134/><D134/><U42/><E42/><N who="0" m="15881" /><D15/><N who="1" m="5551" /><E63/><V98/><F98/><AGARI ba="0,0" hai="17,18,50,54,58,88,94,98" m="15881,48135" machi="98" ten="30,2000,0" yaku="8,1,54,1" doraHai="132" who="0" fromWho="2" sc="242,20,152,0,170,-20,436,0" /><INIT seed="6,0,0,0,3,42" ten="262,152,150,436" oya="2" hai0="83,31,120,40,73,72,124,105,35,9,12,62,66" hai1="116,80,15,87,14,108,46,90,57,19,64,85,28" hai2="53,115,76,106,134,33,10,25,37,129,47,41,75" hai3="5,107,59,98,58,100,56,95,39,92,30,26,8"/><V13/><F106/><W44/><G39/><T109/><D120/><U103/><E108/><V24/><F115/><W96/><G44/><T22/><D105/><U6/><E116/><V121/><F121/><W43/><G43/><T125/><D109/><U91/><E103/><V78/><F129/><W38/><G38/><T29/><D35/><U45/><E28/><N who="0" m="10825" /><D22/><U84/><E6/><V49/><F134/><W128/><G128/><T52/><D40/><U101/><E101/><V110/><F110/><W60/><G60/><T48/><D83/><U23/><E15/><V63/><F33/><W18/><G18/><N who="0" m="8463" /><D62/><N who="1" m="37967" /><E87/><V0/><F0/><W36/><G36/><T67/><D72/><U32/><E32/><V50/><F63/><W79/><G79/><N who="2" m="30249" /><F75/><W16/><G107/><T111/><D73/><U99/><E99/><V65/><F65/><W82/><G82/><AGARI ba="0,0" hai="14,19,23,45,46,80,82,84,85,90,91" m="37967" machi="82" ten="30,3900,0" yaku="8,1,52,2" doraHai="42" who="1" fromWho="3" sc="262,0,152,39,150,0,436,-39" /><INIT seed="7,0,0,5,0,44" ten="262,191,150,397" oya="3" hai0="134,54,43,31,6,25,71,8,111,22,56,67,48" hai1="83,135,40,126,52,97,62,33,49,70,55,106,37" hai2="59,58,30,9,17,19,105,60,5,63,23,20,45" hai3="89,115,41,76,100,66,91,94,116,27,78,75,69"/><W28/><G116/><T79/><D111/><U15/><E33/><V108/><F105/><W102/><G75/><T64/><D71/><U131/><E131/><V96/><F108/><W103/><G115/><T57/><D79/><U84/><E135/><V39/><F39/><W124/><G124/><T21/><D43/><U42/><E126/><V26/><F45/><W120/><G41/><T92/><D57/><U74/><E74/><V125/><F125/><W51/><G69/><T72/><D72/><U88/><E37/><V99/><F9/><W47/><G66/><T127/><D134/><U117/><E117/><V119/><F119/><W36/><G36/><T53/><D53/><U81/><E81/><V122/><F122/><W4/><G4/><T7/><D7/><U61/><E15/><V113/><F113/><W1/><G1/><T18/><D92/><U90/><E70/><V130/><F130/><W77/><G94/><T16/><D127/><U2/><E2/><V29/><F5/><W101/><G120/><T13/><D31/><U3/><E3/><AGARI ba="0,0" hai="3,6,8,13,16,18,21,22,25,48,54,56,64,67" machi="3" ten="30,3900,0" yaku="7,1,52,1,54,1" doraHai="44" who="0" fromWho="1" sc="262,39,191,-39,150,0,397,0" owari="301,10.0,152,-25.0,150,-35.0,397,50.0" /></mjloggm>