<mjloggm ver="2.3"><GO type="169" lobby="0"/><UN n0="%E7%AB%8B%E7%9B%B4%E5%A5%BD%E6%A3%92%40%E5%BF%98" n1="%E3%83%88%E3%83%88%E3%83%AA%E5%85%88%E7%94%9F%31%39%E6%AD%B3" n2="%E8%A6%B3%E3%82%8B%E5%B0%86" n3="%E3%83%AD%E3%83%90%E3%83%BC%E3%83%88%E3%83%BB%E3%83%AD%E3%83%BC%E3%82%BA" dan="16,19,16,16" rate="2136.22,2320.23,2018.97,2121.48" sx="M,F,M,M"/><TAIKYOKU oya="0"/><INIT seed="0,0,0,2,5,101" ten="250,250,250,250" oya="0" hai0="34,93,63,112,110,72,24,8,42,60,33,16,64" hai1="27,28,113,5,67,86,65,87,118,52,82,100,1" hai2="37,80,94,84,18,105,38,61,68,77,45,39,57" hai3="11,3,91,51,102,73,62,88,74,104,135,69,17"/><T32/><D112/><U13/><E118/><V48/><F68/><W96/><G135/><T59/><D72/><U53/><E1/><V76/><F18/><W111/><G111/><T58/><D110/><U107/><E113/><V130/><F130/><W49/><G73/><T66/><D42/><U129/><E129/><V40/><F94/><W20/><G74/><T89/><D8/><U26/><E5/><V114/><F114/><W30/><G69/><T109/><D109/><U133/><E13/><V56/><F77/><W6/><G30/><T54/><D54/><U10/><E10/><V78/><F78/><W70/><G70/><T131/><D131/><U29/><E100/><V90/><F76/><W128/><G62/><T31/><REACH who="0" step="1"/><D16/><REACH who="0" ten="240,250,250,250" step="2"/><U4/><E4/><V103/><F61/><W15/><REACH who="3" step="1"/><G128/><REACH who="3" ten="240,250,250,240" step="2"/><T127/><D127/><U132/><E132/><V7/><F7/><W83/><G83/><T117/><D117/><U121/><E133/><V9/><F9/><W14/><G14/><T46/><D46/><U35/><E82/><V119/><F119/><W0/><G0/><T21/><D21/><U81/><E81/><V116/><F116/><W79/><G79/><T55/><D55/><U44/><E44/><V97/><AGARI ba="0,2" hai="37,38,39,40,45,48,56,57,80,84,90,97,103,105" machi="97" ten="40,2700,0" yaku="0,1,52,1" doraHai="101" who="2" fromWho="2" sc="240,-13,250,-7,250,47,240,-7" /><INIT seed="1,0,0,0,1,11" ten="227,243,297,233" oya="1" hai0="128,27,91,45,28,108,58,114,39,109,87,80,62" hai1="37,70,92,94,51,112,34,3,69,85,121,12,105" hai2="84,30,43,10,106,102,44,63,47,57,17,6,9" hai3="83,42,59,2,111,78,26,134,81,68,133,60,89"/><U118/><E112/><V90/><F30/><W101/><G2/><T20/><D114/><U41/><E118/><V73/><F73/><W67/><G111/><N who="0" m="42571" /><D128/><U19/><E121/><V86/><F106/><W22/><G42/><N who="0" m="22751" /><D58/><U1/><E105/><V82/><F102/><W119/><G119/><T24/><D24/><U35/><E37/><V120/><F120/><W103/><G89/><T96/><D96/><U56/><E3/><V93/><F17/><W48/><G48/><T4/><D4/><U110/><E1/><V5/><F5/><W52/><G67/><T77/><D62/><U126/><E110/><V72/><F72/><W113/><G68/><T15/><D77/><U125/><E70/><V54/><F6/><W50/><G60/><T65/><D65/><U124/><E69/><V46/><REACH who="2" step="1"/><F43/><REACH who="2" ten="227,243,287,233" step="2"/><W66/><G113/><T129/><D129/><U7/><E7/><V132/><F132/><W99/><G133/><T64/><D64/><U8/><E41/><V29/><F29/><W135/><G66/><T122/><D122/><U79/><E35/><V95/><F95/><N who="3" m="58623" /><G134/><T13/><AGARI ba="0,1" hai="13,15,20,27,28,80,87,91" m="22751,42571" machi="13" ten="30,4000,0" yaku="14,1,52,2" doraHai="11" who="0" fromWho="0" sc="227,50,243,-20,287,-10,233,-10" /><INIT seed="2,0,0,3,4,66" ten="277,223,277,223" oya="2" hai0="62,134,133,31,95,35,53,116,70,23,80,123,132" hai1="48,121,122,89,127,72,54,92,15,120,19,21,87" hai2="42,117,26,33,102,16,76,114,93,57,81,58,108" hai3="106,118,13,3,18,103,28,4,20,29,97,10,112"/><V100/><F114/><W32/><G118/><T49/><D123/><U109/><E72/><V73/><F117/><W46/><G112/><T88/><D116/><U64/><E109/><V61/><F108/><W82/><G32/><T130/><D35/><U55/><E127/><V67/><F42/><W113/><G113/><T101/><D130/><U36/><E36/><V56/><F93/><W125/><G125/><T41/><D41/><U52/><REACH who="1" step="1"/><E64/><REACH who="1" ten="277,213,277,223" step="2"/><V128/><F128/><W111/><G111/><T126/><D126/><U8/><E8/><V124/><F124/><W65/><G65/><T27/><D132/><U11/><E11/><V1/><F1/><W91/><G3/><T37/><D37/><U69/><E69/><V86/><F73/><W22/><G10/><T17/><D134/><U79/><E79/><V24/><F33/><W96/><G4/><T119/><D133/><U71/><E71/><V99/><F67/><W30/><G22/><T68/><D119/><U43/><E43/><V77/><F77/><W39/><G39/><T131/><D131/><U5/><E5/><V94/><F61/><W75/><G75/><T135/><D62/><U6/><E6/><V44/><F76/><W34/><G34/><T9/><D135/><U85/><E85/><V14/><F86/><N who="3" m="50647" /><G96/><N who="0" m="59551" /><D9/><U84/><E84/><V90/><F99/><W25/><G97/><T50/><D68/><U60/><E60/><V115/><F115/><W59/><G106/><T83/><D70/><U98/><E98/><V74/><F74/><W110/><G110/><T47/><D53/><U38/><E38/><RYUUKYOKU ba="0,1" sc="277,-10,213,30,277,-10,223,-10" hai1="15,19,21,48,52,54,55,87,89,92,120,121,122" /><INIT seed="3,1,1,3,1,103" ten="267,243,267,213" oya="3" hai0="21,37,28,62,69,60,131,14,52,102,135,26,11" hai1="91,27,129,72,68,3,50,15,120,99,23,130,92" hai2="24,53,90,19,7,95,100,107,58,57,96,83,10" hai3="67,97,123,25,64,79,9,4,116,5,0,6,8"/><W20/><G116/><T115/><D37/><U55/><E120/><V54/><F83/><W114/><G123/><T80/><D135/><U89/><E3/><V45/><F45/><W38/><G114/><T39/><D39/><U18/><E68/><V35/><F35/><W132/><G132/><T75/><D131/><N who="1" m="50187" /><E72/><V94/><F19/><W124/><G124/><T65/><D115/><U71/><E71/><V51/><F24/><W48/><G38/><T31/><D102/><N who="1" m="60775" /><E27/><V73/><F90/><W17/><G79/><T121/><D121/><U46/><AGARI ba="1,1" hai="15,18,23,46,50,55,89,91" m="60775,50187" machi="46" ten="30,1100,0" yaku="19,1" doraHai="103" who="1" fromWho="1" sc="267,-4,243,24,267,-4,213,-6" /><INIT seed="4,0,0,2,1,115" ten="263,267,263,207" oya="0" hai0="128,82,56,16,23,123,52,118,92,50,63,0,47" hai1="132,59,26,108,43,96,22,130,53,77,85,9,89" hai2="6,110,25,101,112,86,55,93,70,88,49,131,15" hai3="119,20,129,35,45,18,12,104,133,42,120,33,75"/><T117/><D123/><U27/><E108/><V36/><F110/><W67/><G120/><T46/><D0/><U2/><E130/><V73/><F131/><W125/><G129/><T72/><D128/><U71/><E71/><V84/><F70/><W95/><G104/><T91/><D47/><U29/><E132/><V98/><F36/><W66/><G75/><T28/><D28/><U64/><E64/><V30/><F73/><W126/><G133/><T74/><D74/><U21/><E43/><V76/><F112/><W79/><G79/><T11/><D11/><U134/><E134/><V32/><F76/><W105/><G105/><T116/><D72/><U122/><E122/><V19/><F6/><W87/><G95/><T103/><D82/><U90/><E96/><V94/><F94/><W41/><G87/><T54/><D103/><U124/><E124/><N who="3" m="47722" /><G42/><T5/><D5/><U62/><E9/><V31/><F31/><W8/><G8/><T65/><D65/><N who="3" m="24585" /><G119/><T69/><D69/><U44/><E2/><V37/><F37/><AGARI ba="0,0" hai="12,18,20,33,35,37,41,45" m="24585,47722" machi="37" ten="30,1000,0" yaku="18,1" doraHai="115" who="3" fromWho="2" sc="263,0,267,0,263,-10,207,10" /><INIT seed="5,0,0,5,1,122" ten="263,267,253,217" oya="1" hai0="31,89,129,87,21,25,16,40,128,50,79,39,125" hai1="18,4,127,99,52,24,63,73,98,107,64,34,95" hai2="100,96,47,118,42,58,108,3,49,48,88,30,114" hai3="28,77,93,75,44,22,35,23,55,38,67,6,120"/><U106/><E73/><V91/><F114/><W26/><G120/><T80/><D125/><U46/><E127/><V14/><F118/><W0/><G67/><T68/><D68/><U105/><E4/><V102/><F3/><W37/><G93/><T43/><D39/><U119/><E119/><V19/><F108/><W124/><G55/><T2/><D2/><U33/><E18/><V29/><F58/><W62/><G62/><T72/><D31/><N who="2" m="11786" /><F48/><W110/><G124/><T134/><D134/><U69/><E24/><V132/><F132/><W81/><G38/><T1/><D1/><U17/><E17/><V54/><F54/><W12/><G12/><T10/><D10/><U53/><E99/><V45/><F45/><W27/><G27/><T133/><D133/><U130/><E130/><N who="0" m="50281" /><D50/><U90/><REACH who="1" step="1"/><E53/><REACH who="1" ten="263,257,253,217" step="2"/><V65/><F96/><W126/><G126/><T32/><D32/><U66/><E66/><V92/><F65/><W5/><G5/><T78/><D72/><U113/><E113/><V117/><F19/><W97/><G97/><T85/><D85/><U112/><E112/><V121/><F117/><W59/><G6/><T82/><D87/><U131/><E131/><V7/><F7/><W20/><G0/><T74/><D74/><U11/><E11/><V135/><F135/><W56/><G110/><T15/><D25/><U115/><E115/><V94/><F121/><W36/><G36/><T84/><D84/><U111/><E111/><V123/><F123/><W71/><G71/><T60/><D16/><U103/><E103/><N who="2" m="39467" /><F14/><W104/><G104/><T13/><D15/><RYUUKYOKU ba="0,1" sc="263,-30,257,10,253,10,217,10" hai1="33,34,46,52,63,64,69,90,95,98,105,106,107" hai2="42,47,49,88,91,92,94" hai3="20,22,23,26,28,35,37,44,56,59,75,77,81" /><INIT seed="5,1,1,4,2,83" ten="233,267,263,227" oya="1" hai0="23,8,15,132,43,1,122,69,126,87,133,48,121" hai1="74,61,118,59,37,65,57,9,39,112,95,70,18" hai2="111,119,99,93,72,49,110,106,21,102,78,56,30" hai3="16,29,79,63,28,14,96,104,34,54,58,62,115"/><U107/><E118/><V85/><F119/><W22/><G115/><T33/><D69/><U113/><E107/><V89/><F30/><W97/><G34/><T88/><D33/><U51/><E74/><V64/><F21/><W124/><G124/><T101/><D101/><U68/><E95/><V38/><F38/><N who="1" m="14345" /><E18/><V129/><F129/><W103/><G79/><T116/><D116/><U24/><E24/><V91/><F49/><W100/><REACH who="3" step="1"/><G63/><REACH who="3" ten="233,267,263,217" step="2"/><T71/><D126/><U123/><E123/><V11/><F78/><W31/><G31/><T2/><D121/><U67/><E113/><V94/><F111/><W98/><G98/><T4/><D122/><U45/><E112/><V60/><F110/><W66/><G66/><T19/><D1/><U36/><E65/><V134/><F134/><W127/><G127/><T40/><D71/><U3/><E70/><V117/><F117/><W0/><G0/><T6/><D132/><U92/><E68/><V44/><F60/><W42/><G42/><T25/><D133/><U135/><E135/><V20/><F64/><W73/><G73/><T55/><D2/><U130/><E61/><V120/><F72/><W52/><G52/><T53/><D53/><U109/><E67/><V12/><F120/><W131/><G131/><T7/><D43/><U76/><E76/><V46/><F99/><W86/><G86/><T5/><D40/><U41/><E130/><V10/><F85/><W90/><G90/><T35/><D35/><U82/><E109/><V27/><F89/><W81/><G81/><N who="0" m="49263" /><D55/><U77/><E36/><V105/><F91/><RYUUKYOKU ba="1,2" sc="233,15,267,-15,263,-15,217,15" hai0="4,5,6,7,8,15,19,23,25,48" hai3="14,16,22,28,29,54,58,62,96,97,100,103,104" /><INIT seed="6,2,2,4,2,18" ten="248,252,248,232" oya="2" hai0="16,123,42,40,105,47,44,53,116,9,2,134,108" hai1="6,27,58,41,64,51,3,35,4,38,113,118,117" hai2="52,7,15,65,80,56,60,87,72,26,23,79,54" hai3="88,0,122,21,37,32,102,125,127,107,106,100,104"/><V77/><F72/><W93/><G32/><T90/><D108/><U75/><E75/><V119/><F119/><W46/><G0/><T91/><D123/><U124/><E3/><V89/><F7/><W36/><G122/><T69/><D69/><U95/><E6/><V57/><F15/><W14/><G46/><N who="0" m="17451" /><D105/><U110/><E4/><V49/><F65/><W67/><G67/><T45/><D2/><U17/><E41/><N who="0" m="15977" /><D134/><U43/><E43/><V135/><F135/><W63/><G63/><T8/><D116/><U85/><E38/><V132/><F132/><W50/><G50/><N who="0" m="28879" /><D16/><AGARI ba="2,2" hai="16,23,26,49,52,54,56,57,60,77,79,80,87,89" machi="16" ten="30,12000,1" yaku="7,1,8,1,52,1,54,2" doraHai="18" who="2" fromWho="0" sc="248,-126,252,0,248,146,232,0" /><INIT seed="6,3,0,3,4,84" ten="122,252,394,232" oya="2" hai0="59,80,24,53,8,23,48,132,67,60,94,122,105" hai1="98,61,92,22,114,5,62,117,89,10,46,103,37" hai2="42,88,109,128,26,87,9,20,40,110,56,76,123" hai3="50,70,33,99,100,39,126,111,17,86,75,45,4"/><V131/><F76/><W116/><G75/><T97/><D132/><U90/><E117/><V121/><F9/><W66/><G39/><T19/><D105/><U14/><E114/><V124/><F124/><W112/><G111/><N who="2" m="42505" /><F56/><W12/><G4/><T104/><D104/><U72/><E72/><V74/><F74/><W54/><G33/><T77/><D122/><N who="2" m="46602" /><F42/><W79/><G112/><T51/><D8/><U135/><E135/><V125/><F40/><W38/><G38/><T113/><D113/><U127/><E127/><V57/><F57/><W129/><G116/><T36/><D36/><U1/><E46/><V30/><F125/><W13/><G79/><T83/><D77/><U82/><E37/><V96/><F96/><W31/><G66/><T0/><D0/><U11/><E61/><V15/><F15/><W93/><G12/><T106/><D106/><U71/><E1/><V133/><F133/><W115/><G115/><T134/><D134/><U118/><E10/><V102/><F102/><W119/><G13/><T68/><REACH who="0" step="1"/><D51/><REACH who="0" ten="112,252,394,232" step="2"/><U44/><E11/><V63/><F63/><W27/><G50/><T49/><D49/><U85/><E118/><V55/><F55/><W120/><G54/><T21/><D21/><U35/><E22/><V2/><F2/><W130/><G126/><T95/><D95/><AGARI ba="3,1" hai="20,26,30,87,88,95,128,131" m="46602,42505" machi="95" ten="30,5800,0" yaku="10,1,52,1,54,1" doraHai="84" who="2" fromWho="0" sc="112,-67,252,0,394,77,232,0" /><INIT seed="6,4,0,5,1,117" ten="45,252,471,232" oya="2" hai0="13,106,78,40,99,119,5,89,105,43,83,128,129" hai1="77,88,108,7,34,123,130,84,29,109,55,92,28" hai2="0,75,6,132,79,44,131,113,76,50,104,80,111" hai3="102,23,37,96,81,59,53,135,97,115,87,68,101"/><V70/><F104/><W61/><G135/><T95/><D13/><U42/><E130/><V85/><F131/><N who="0" m="50250" /><D5/><U62/><E123/><V116/><F132/><W36/><G68/><T16/><D16/><U65/><E42/><V66/><F116/><W45/><G115/><T26/><D26/><U30/><E34/><V63/><F113/><W19/><G37/><T3/><D3/><U72/><E7/><V49/><F111/><W86/><G36/><T124/><D43/><U51/><E77/><V120/><F120/><W18/><G45/><T125/><D40/><U74/><E109/><V133/><F133/><W134/><G134/><T64/><D64/><U121/><E121/><V73/><F76/><W60/><G81/><T107/><D119/><U38/><E38/><V27/><F49/><W15/><G61/><T110/><D110/><U122/><E108/><V57/><F70/><W67/><G19/><T22/><D22/><U10/><E10/><V17/><F0/><W69/><G67/><T1/><D1/><U8/><E8/><V21/><F6/><W25/><G25/><T100/><D89/><U127/><E122/><V41/><AGARI ba="4,0" hai="17,21,27,41,44,50,57,63,66,73,75,79,80,85" machi="41" ten="20,2100,0" yaku="0,1,7,1" doraHai="117" who="2" fromWho="2" sc="45,-11,252,-11,471,33,232,-11" /><INIT seed="6,5,0,1,3,112" ten="34,241,504,221" oya="2" hai0="86,74,20,44,99,24,119,118,1,65,63,92,128" hai1="5,6,114,38,67,56,29,80,18,55,60,13,4" hai2="62,12,52,16,87,42,26,135,73,125,25,75,37" hai3="64,100,23,121,115,84,19,120,109,123,82,91,9"/><V70/><F37/><W57/><G109/><T33/><D74/><U107/><E107/><V46/><F135/><W2/><G115/><T90/><D1/><U117/><E114/><V116/><F116/><N who="0" m="44586" /><D33/><U122/><E117/><V43/><F125/><W93/><G2/><T133/><D128/><U98/><E38/><V39/><F42/><W105/><G121/><T110/><D110/><U81/><E122/><V104/><F104/><W97/><G9/><T95/><D133/><U76/><E29/><V22/><F26/><W132/><G132/><T69/><D44/><U53/><E98/><V130/><F130/><W89/><G105/><T102/><D24/><U21/><REACH who="1" step="1"/><E81/><REACH who="1" ten="34,231,504,221" step="2"/><V101/><F39/><W45/><G82/><N who="0" m="49495" /><D20/><U14/><E14/><V79/><F12/><W108/><G23/><T88/><D95/><U17/><E17/><V10/><F16/><W28/><G19/><T48/><D48/><U111/><E111/><V127/><F22/><W30/><G108/><T7/><D7/><U72/><AGARI ba="5,1" hai="4,5,6,13,18,21,53,55,56,60,67,72,76,80" machi="72" ten="30,2000,0" yaku="1,1,0,1,53,0" doraHai="112" doraHaiUra="66" who="1" fromWho="1" sc="34,-10,231,45,504,-15,221,-10" /><INIT seed="7,0,0,2,4,40" ten="24,276,489,211" oya="3" hai0="129,88,84,101,44,14,62,61,38,111,112,105,31" hai1="106,116,94,60,46,126,56,69,19,30,35,75,131" hai2="34,65,110,21,16,135,3,45,124,77,5,41,59" hai3="82,27,47,127,100,133,28,96,15,114,87,51,92"/><W25/><G114/><T119/><D111/><U66/><E75/><V68/><F34/><W89/><G133/><T9/><D119/><U120/><E120/><V17/><F124/><W11/><G28/><T58/><D129/><U115/><E131/><V85/><F110/><W8/><G127/><T55/><D112/><U98/><E126/><V103/><F103/><W83/><G83/><T22/><D105/><U36/><E115/><V32/><F32/><W48/><G48/><T4/><D101/><N who="1" m="62775" /><E94/><V109/><F135/><W10/><REACH who="3" step="1"/><G15/><REACH who="3" ten="24,276,489,201" step="2"/><T76/><D38/><U70/><E116/><V81/><F81/><W53/><AGARI ba="0,1" hai="8,10,11,25,27,47,51,53,82,87,89,92,96,100" machi="53" ten="30,12000,1" yaku="1,1,2,1,0,1,8,1,52,1,53,0" doraHai="40" doraHaiUra="128" who="3" fromWho="3" sc="24,-40,276,-40,489,-40,201,130" owari="-16,-52.0,236,-16.0,449,55.0,331,13.0" /></mjloggm>