<mjloggm ver="2.3"><GO type="169" lobby="0"/><UN n0="%E3%83%88%E3%83%88%E3%83%AA%E5%85%88%E7%94%9F%31%39%E6%AD%B3" n1="%E6%AC%A1%E3%81%AF%E6%B3%95%E5%BB%B7%E3%81%A7%E4%BC%9A%E3%81%8A%E3%81%86" n2="%E3%83%A4%E3%83%83%E3%82%BF%E3%83%AB%E3%83%81%E3%83%A3%E3%83%B3" n3="%E5%80%89%E6%A9%8B%EF%BC%A0%E4%BA%8B%E5%8B%99" dan="19,17,16,16" rate="2290.37,2187.03,2146.87,2103.51" sx="F,M,M,M"/><TAIKYOKU oya="0"/><INIT seed="0,0,0,4,3,95" ten="250,250,250,250" oya="0" hai0="128,47,32,113,63,25,46,88,59,129,71,125,62" hai1="100,2,68,28,104,118,75,69,4,91,76,127,6" hai2="22,93,99,17,135,112,51,38,36,12,27,56,52" hai3="55,73,132,79,66,122,11,18,21,90,130,42,8"/><T87/><D113/><U34/><E118/><V116/><F135/><W121/><G130/><N who="0" m="50283" /><D125/><U1/><E91/><V10/><F116/><W124/><G124/><T126/><D126/><U29/><E127/><V45/><F112/><W14/><G132/><T26/><D71/><U106/><E100/><V103/><REACH who="2" step="1"/><F45/><REACH who="2" ten="250,250,240,250" step="2"/><N who="0" m="16906" /><D32/><U111/><E34/><V98/><F98/><W53/><G122/><T15/><D15/><U9/><E111/><V89/><F89/><W31/><G90/><T102/><D102/><U133/><E133/><V54/><F54/><W43/><G55/><N who="0" m="34175" /><D63/><U13/><E13/><V110/><F110/><W60/><G14/><T35/><D35/><U84/><E1/><V120/><F120/><W48/><G60/><T109/><D109/><U20/><E2/><V81/><F81/><AGARI ba="0,1" hai="25,26,81,87,88" m="34175,16906,50283" machi="81" ten="30,2900,0" yaku="19,1,54,1" doraHai="95" who="0" fromWho="2" sc="250,39,250,0,240,-29,250,0" /><INIT seed="0,1,0,2,1,97" ten="289,250,211,250" oya="0" hai0="29,131,110,123,70,16,60,37,114,65,15,62,116" hai1="132,111,44,81,50,38,103,43,32,118,125,55,126" hai2="122,92,66,0,73,67,3,76,119,88,63,107,42" hai3="87,23,72,31,24,48,104,80,59,51,53,120,71"/><T112/><D116/><U13/><E32/><V28/><F122/><W35/><G71/><T78/><D123/><U100/><E118/><V64/><F107/><W18/><G120/><T20/><D37/><U54/><E111/><V5/><F119/><W127/><G127/><N who="1" m="48650" /><E132/><V85/><F42/><W75/><G104/><T79/><D131/><U82/><E13/><V40/><F40/><W69/><G69/><T98/><D110/><U33/><E33/><V61/><F28/><W96/><G96/><T108/><D108/><U19/><E19/><V68/><F5/><W74/><G48/><T95/><D60/><U41/><E55/><V106/><F106/><W2/><G2/><T25/><D112/><U39/><E43/><V45/><F45/><W36/><G36/><N who="1" m="13866" /><E41/><V4/><F4/><W128/><G128/><T7/><D7/><U47/><E47/><V14/><F14/><W83/><REACH who="3" step="1"/><G87/><REACH who="3" ten="289,250,211,240" step="2"/><T121/><D121/><U130/><E130/><V99/><F73/><W49/><G49/><T26/><D114/><U10/><E10/><V94/><F68/><W84/><G84/><T22/><REACH who="0" step="1"/><D15/><AGARI ba="1,1" hai="15,18,23,24,31,35,51,53,59,72,74,75,80,83" machi="15" ten="40,5200,0" yaku="1,1,53,2" doraHai="97" doraHaiUra="77" who="3" fromWho="0" sc="289,-55,250,0,211,0,240,65" /><INIT seed="1,0,0,0,0,45" ten="234,250,211,305" oya="1" hai0="109,97,75,8,9,21,11,121,6,134,19,5,84" hai1="25,48,29,131,135,78,93,104,38,96,31,123,76" hai2="85,88,94,30,58,40,73,71,0,87,27,128,112" hai3="81,7,120,72,59,17,68,14,103,15,116,3,36"/><U26/><E123/><V98/><F73/><W122/><G68/><T61/><D75/><U107/><E38/><V46/><F71/><W23/><G3/><T2/><D121/><U62/><E62/><V91/><F27/><W105/><G36/><T53/><D109/><U110/><E135/><V95/><F0/><W57/><G116/><T51/><D134/><U47/><E131/><V126/><F128/><W44/><G105/><T118/><D118/><U119/><E119/><V24/><F58/><W33/><G33/><T60/><D97/><U117/><E117/><V106/><F106/><W1/><G1/><T90/><D2/><U22/><E107/><V79/><F79/><W67/><G103/><T64/><D61/><U111/><E104/><V18/><F18/><W12/><G44/><N who="0" m="27879" /><D60/><U74/><E74/><V77/><F77/><W102/><G102/><T54/><D54/><N who="1" m="29983" /><E110/><V132/><F132/><W55/><G120/><T86/><D64/><U124/><E124/><V28/><F126/><W20/><G122/><T13/><D86/><U83/><E111/><V39/><F112/><W56/><G67/><T37/><D37/><U108/><E108/><V100/><REACH who="2" step="1"/><F24/><REACH who="2" ten="234,250,201,305" step="2"/><W92/><G72/><T69/><D69/><U42/><E26/><V63/><F63/><W43/><G17/><T101/><D6/><U89/><E78/><V32/><F32/><W130/><G7/><T4/><D5/><U66/><E25/><V34/><F34/><W49/><G130/><T50/><D4/><U129/><E129/><V82/><AGARI ba="0,1" hai="28,30,39,40,46,82,85,87,88,91,94,95,98,100" machi="82" ten="20,5200,0" yaku="1,1,0,1,7,1,54,1,53,0" doraHai="45" doraHaiUra="65" who="2" fromWho="2" sc="234,-13,250,-26,201,62,305,-13" /><INIT seed="2,0,0,0,1,25" ten="221,224,263,292" oya="2" hai0="50,117,72,133,54,115,104,17,123,0,124,105,134" hai1="32,103,71,38,99,49,85,55,52,47,65,67,35" hai2="43,118,41,84,58,23,24,57,86,95,3,48,60" hai3="106,82,110,42,69,62,131,14,15,113,9,31,19"/><V100/><F118/><W102/><G42/><T66/><D123/><U44/><E85/><V36/><F36/><W34/><G110/><T8/><D72/><U125/><E125/><V89/><F3/><W46/><G46/><T26/><D115/><U112/><E112/><V135/><F135/><N who="0" m="51722" /><D124/><U128/><E128/><V61/><F100/><W53/><G113/><T108/><D108/><U97/><E71/><V87/><F48/><W73/><G131/><T30/><D66/><U6/><E6/><V126/><F126/><W127/><G127/><T98/><D98/><U40/><E55/><N who="2" m="33855" /><F43/><W28/><G34/><N who="0" m="20823" /><D117/><U101/><E32/><V18/><F41/><W56/><G69/><T132/><N who="0" m="51730" /><T68/><DORA hai="1" /><D68/><U74/><E35/><V12/><F12/><W76/><REACH who="3" step="1"/><G15/><REACH who="3" ten="221,224,263,282" step="2"/><N who="0" m="7399" /><D0/><U83/><E74/><V7/><F86/><W5/><G5/><T92/><D92/><U91/><E83/><V27/><F84/><W29/><G29/><T33/><D33/><U80/><E80/><V107/><F7/><W90/><G90/><T81/><D81/><U22/><E91/><V94/><F94/><W88/><G88/><T51/><D105/><U45/><E38/><V129/><F129/><W114/><G114/><T121/><D104/><U109/><E40/><V130/><F130/><W78/><G78/><T120/><D120/><U59/><E109/><V116/><F107/><W37/><G37/><T10/><D121/><U96/><E47/><V77/><F77/><W16/><G16/><T93/><D93/><U2/><E45/><V75/><F75/><W111/><G111/><RYUUKYOKU ba="0,1" sc="221,-10,224,-10,263,-10,282,30" hai3="9,14,19,28,31,53,56,62,73,76,82,102,106" /><INIT seed="3,1,1,0,4,16" ten="211,214,253,312" oya="3" hai0="15,48,129,118,93,107,30,94,91,80,134,37,7" hai1="29,101,18,100,108,111,103,105,110,36,2,56,6" hai2="17,47,35,133,51,83,41,75,77,46,120,63,70" hai3="42,59,44,88,109,127,132,73,20,40,69,130,85"/><W23/><G69/><T78/><D118/><U96/><E36/><V43/><F35/><W55/><G73/><T50/><D37/><U45/><E29/><V106/><F106/><W19/><G132/><T66/><D107/><U24/><E45/><V39/><F133/><W57/><G130/><T58/><D134/><U84/><E84/><V27/><F120/><W53/><G127/><T14/><D129/><U65/><E6/><V5/><F5/><W22/><G109/><T87/><D30/><U116/><E2/><V34/><F34/><W122/><G19/><T86/><D93/><U102/><E116/><V97/><F97/><W33/><G33/><T128/><D128/><U99/><E105/><V121/><F121/><W89/><G122/><T49/><REACH who="0" step="1"/><D7/><REACH who="0" ten="201,214,253,312" step="2"/><U32/><E32/><V125/><F125/><W28/><G28/><T8/><D8/><U119/><E119/><V52/><F39/><W67/><G67/><T81/><D81/><U112/><E112/><V92/><F92/><N who="3" m="54287" /><G89/><T114/><D114/><U71/><E65/><V1/><F83/><W117/><G117/><T90/><D90/><U31/><E111/><V123/><F123/><W79/><G79/><T11/><D11/><U26/><E110/><V13/><F77/><W126/><G126/><T61/><AGARI ba="1,2" hai="14,15,48,49,50,58,61,66,78,80,86,87,91,94" machi="61" ten="30,7900,0" yaku="1,1,0,1,8,1,53,1" doraHai="16" doraHaiUra="72" who="0" fromWho="0" sc="201,102,214,-21,253,-21,312,-40" /><INIT seed="4,0,0,2,1,124" ten="303,193,232,272" oya="0" hai0="11,34,58,64,61,43,55,73,94,132,39,78,88" hai1="127,47,102,30,117,63,104,48,44,2,65,23,18" hai2="87,29,82,57,76,108,134,4,19,129,69,27,22" hai3="10,38,28,66,41,121,14,81,75,131,84,119,25"/><T68/><D34/><U49/><E117/><V114/><F108/><W105/><G119/><T32/><D32/><U123/><E123/><V100/><F69/><W1/><G105/><T97/><D132/><U71/><E2/><V17/><F134/><W13/><G66/><T31/><D31/><U106/><E127/><V37/><F37/><W3/><G121/><T128/><D128/><U72/><E30/><V120/><F120/><W45/><G131/><T42/><D39/><U24/><E72/><V74/><F114/><W118/><G118/><T36/><D36/><U85/><E102/><V112/><F112/><W40/><G40/><T7/><D78/><U86/><E86/><V21/><F129/><W8/><G1/><T56/><D73/><U12/><E24/><V77/><F100/><W99/><G99/><T26/><D26/><U0/><E0/><V35/><F4/><N who="3" m="1055" /><G84/><T51/><D68/><U92/><E85/><V130/><F130/><W110/><G10/><T16/><D7/><U133/><E92/><V109/><F109/><W90/><G90/><T50/><D50/><U93/><E93/><V103/><F103/><W125/><G125/><T9/><D11/><U83/><E83/><N who="2" m="47599" /><F57/><W52/><G110/><T59/><D59/><U89/><E89/><V67/><F67/><W20/><G52/><N who="0" m="31775" /><D64/><U6/><E6/><V116/><F116/><W115/><G115/><T60/><D60/><U135/><E135/><V54/><F54/><W53/><G53/><T95/><D95/><U101/><E133/><V107/><F107/><N who="1" m="41001" /><E101/><V98/><F98/><W46/><G46/><AGARI ba="0,0" hai="12,18,23,44,46,47,48,49,63,65,71" m="41001" machi="46" ten="30,1000,0" yaku="6,1" doraHai="124" who="1" fromWho="3" sc="303,0,193,10,232,0,272,-10" /><INIT seed="5,0,0,1,0,37" ten="303,203,232,262" oya="1" hai0="126,6,17,102,52,9,101,80,132,129,39,24,95" hai1="1,53,109,84,87,36,113,108,43,23,77,92,124" hai2="8,69,121,76,72,40,67,21,117,11,32,133,14" hai3="29,22,89,20,62,47,30,73,28,128,81,58,122"/><U99/><E1/><V78/><F121/><W16/><G122/><T35/><D39/><U86/><E113/><V3/><F117/><W38/><G128/><T44/><D129/><U120/><E120/><V74/><F32/><W123/><G123/><T15/><D132/><U98/><E124/><V5/><F133/><W64/><G22/><N who="0" m="13391" /><D35/><U85/><E53/><V45/><F21/><W26/><G73/><T115/><D115/><U103/><E23/><V2/><F72/><W4/><G4/><T116/><D116/><U13/><E13/><V107/><F107/><W79/><G79/><T68/><D68/><U119/><E119/><V56/><F69/><W57/><G57/><T106/><D106/><U12/><E12/><V75/><F75/><W50/><G38/><T25/><D25/><U70/><E70/><V55/><F67/><W134/><G134/><T41/><D80/><N who="1" m="47119" /><E43/><V42/><F3/><W34/><G34/><T104/><D104/><N who="1" m="63607" /><E36/><V18/><F74/><W91/><REACH who="3" step="1"/><G81/><REACH who="3" ten="303,203,232,252" step="2"/><T61/><D6/><U118/><E118/><V131/><F131/><W59/><G59/><T110/><D9/><U96/><E96/><V93/><F8/><W105/><G105/><T31/><D126/><U100/><AGARI ba="0,1" hai="85,86,87,92,99,100,108,109" m="63607,47119" machi="100" ten="30,3000,0" yaku="34,2" doraHai="37" who="1" fromWho="1" sc="303,-10,203,40,232,-10,252,-10" /><INIT seed="5,1,0,3,2,39" ten="293,243,222,242" oya="1" hai0="68,109,104,123,99,94,14,17,125,95,80,45,42" hai1="127,76,111,31,43,59,98,112,7,0,103,131,5" hai2="130,67,124,105,41,86,128,16,107,27,24,88,32" hai3="58,93,15,83,97,66,116,30,133,117,77,57,8"/><U100/><E112/><V129/><F124/><W72/><G133/><T38/><D109/><U62/><E127/><V121/><F121/><W122/><G122/><T23/><D125/><U90/><E111/><V12/><F67/><W71/><G30/><T4/><D123/><U33/><E131/><V126/><F126/><W44/><G71/><T20/><D68/><U9/><E7/><V118/><F118/><N who="3" m="45675" /><G66/><T61/><D61/><U92/><E76/><V46/><F107/><W18/><G44/><T102/><D4/><U51/><E31/><V36/><F105/><W55/><G55/><T10/><D104/><U113/><E33/><V28/><F28/><W11/><G11/><T1/><D1/><U74/><E74/><V134/><F32/><W75/><G75/><T120/><D120/><U40/><E113/><V64/><F64/><W89/><AGARI ba="1,0" hai="8,15,18,57,58,72,77,83,89,93,97" m="45675" machi="89" ten="30,1100,0" yaku="12,1" doraHai="39" who="3" fromWho="3" sc="293,-4,243,-6,222,-4,242,14" /><INIT seed="6,0,0,2,3,3" ten="289,237,218,256" oya="2" hai0="129,125,122,52,116,32,20,47,91,79,42,43,2" hai1="39,96,41,89,50,78,98,61,69,64,86,35,51" hai2="87,82,80,93,7,70,112,25,74,46,127,60,37" hai3="63,73,117,66,38,57,90,126,19,18,12,56,123"/><V15/><F112/><W113/><G117/><T92/><D32/><U95/><E35/><V49/><F37/><W27/><G123/><T45/><D122/><U111/><E111/><V100/><F127/><W77/><G126/><T16/><D125/><U102/><E78/><V0/><F0/><W17/><G38/><T67/><D2/><U44/><REACH who="1" step="1"/><E98/><REACH who="1" ten="289,227,218,256" step="2"/><N who="2" m="59471" /><F74/><W5/><G77/><T104/><D79/><U76/><E76/><V68/><F68/><W28/><G73/><T134/><D116/><U62/><E62/><V29/><F70/><W124/><G124/><T107/><D129/><U13/><E13/><V31/><F60/><W14/><G113/><T71/><D71/><U23/><E23/><N who="2" m="15551" /><F87/><W88/><G14/><T120/><D120/><U128/><E128/><V75/><F75/><W6/><G12/><T48/><D20/><U1/><E1/><V94/><F31/><W105/><G28/><T97/><D97/><U131/><E131/><V114/><F114/><W85/><G27/><T9/><D104/><AGARI ba="0,1" hai="39,41,44,50,51,61,64,69,86,89,95,96,102,104" machi="104" ten="30,2000,0" yaku="1,1,7,1,53,0" doraHai="3" doraHaiUra="110" who="1" fromWho="0" sc="289,-20,227,30,218,0,256,0" /><INIT seed="7,0,0,2,1,11" ten="269,257,218,256" oya="3" hai0="102,40,3,132,43,70,110,59,56,107,78,5,58" hai1="101,112,67,129,89,73,53,71,64,95,82,1,130" hai2="134,61,63,21,29,123,124,127,69,34,128,28,91" hai3="18,76,113,51,103,50,0,25,85,98,86,44,48"/><W41/><G113/><T54/><D110/><U35/><E35/><V115/><F69/><W80/><G0/><T92/><D70/><U14/><E1/><V36/><F36/><W4/><G4/><T13/><D107/><U24/><E112/><V17/><F115/><W47/><G86/><T27/><D3/><U135/><E24/><V108/><F108/><W119/><G119/><T100/><D132/><U20/><E135/><V49/><F134/><W46/><G25/><T10/><D78/><U32/><E32/><V19/><F49/><W45/><REACH who="3" step="1"/><G18/><REACH who="3" ten="269,257,218,246" step="2"/><T65/><D27/><U87/><E73/><V122/><F128/><W99/><G99/><T131/><D131/><U8/><E130/><V72/><F72/><W117/><G117/><T74/><D74/><U106/><E129/><V23/><F34/><W26/><G26/><T83/><D5/><U57/><E87/><V60/><REACH who="2" step="1"/><F63/><REACH who="2" ten="269,257,208,246" step="2"/><W39/><G39/><T52/><D65/><U22/><E67/><V125/><F125/><W114/><G114/><T7/><D7/><U6/><E64/><V88/><AGARI ba="0,2" hai="17,19,21,23,28,29,60,61,88,91,122,123,124,127" machi="88" ten="25,12000,2" yaku="1,1,0,1,22,2,54,1,53,2" doraHai="11" doraHaiUra="116" who="2" fromWho="2" sc="269,-30,257,-30,208,140,246,-60" owari="239,4.0,227,-17.0,348,44.0,186,-31.0" /></mjloggm>