<mjloggm ver="2.3"><GO type="169" lobby="0"/><UN n0="%E3%81%B6%E3%81%A3%E3%81%A8%E3%81%B3%E3%82%AB%E3%83%BC%E3%83%89" n1="%E3%81%9F%E3%81%8B%E3%81%A3%E3%81%A6%E3%81%83%E3%83%BC" n2="%E3%83%88%E3%83%88%E3%83%AA%E5%85%88%E7%94%9F%31%39%E6%AD%B3" n3="%E3%81%86%E3%81%8D%E3%81%A7%E3%82%93" dan="17,16,19,16" rate="2210.71,2187.29,2276.64,2108.38" sx="F,F,F,M"/><TAIKYOKU oya="0"/><INIT seed="0,0,0,5,2,43" ten="250,250,250,250" oya="0" hai0="27,36,32,95,37,103,16,56,106,30,67,19,110" hai1="44,75,49,40,117,58,57,89,104,52,96,86,59" hai2="69,11,3,74,102,120,85,108,1,71,65,46,15" hai3="109,12,17,129,5,39,66,35,61,42,63,112,98"/><T121/><D121/><U105/><E117/><V54/><F120/><W81/><G112/><T99/><D106/><U79/><E75/><V134/><F74/><W131/><G35/><T47/><D110/><U4/><E79/><V83/><F108/><W28/><G28/><T20/><D32/><U84/><E4/><V125/><F134/><W45/><G5/><T88/><D103/><U18/><E40/><V9/><F125/><W90/><G109/><T97/><D97/><U133/><E133/><V118/><F118/><W123/><G123/><T51/><D37/><U10/><E96/><V55/><F102/><W29/><G29/><T25/><D36/><U82/><E86/><V132/><F132/><W77/><G90/><T62/><D25/><U127/><E127/><V7/><F65/><W2/><G2/><T41/><AGARI ba="0,0" hai="16,19,20,27,30,41,47,51,56,62,67,88,95,99" machi="41" ten="20,18000,2" yaku="0,1,7,1,8,1,52,1,54,2" doraHai="43" who="0" fromWho="0" sc="250,180,250,-60,250,-60,250,-60" /><INIT seed="0,1,0,2,5,135" ten="430,190,190,190" oya="0" hai0="23,92,59,91,29,15,87,115,80,124,74,123,125" hai1="45,93,120,16,104,90,28,60,62,127,71,67,24" hai2="55,35,81,36,56,116,32,17,101,75,106,107,134" hai3="26,82,105,94,86,84,111,70,64,88,66,72,46"/><T3/><D3/><U118/><E118/><V69/><F69/><W19/><G105/><T57/><D115/><U126/><E104/><V38/><F134/><W79/><G111/><T41/><D123/><U42/><E120/><V85/><F75/><W21/><G70/><T78/><D41/><U128/><E62/><V54/><F116/><W9/><G46/><T130/><D130/><U43/><E128/><V129/><F129/><W121/><G121/><T83/><D83/><U52/><E52/><V13/><F55/><W0/><REACH who="3" step="1"/><G72/><REACH who="3" ten="430,190,190,180" step="2"/><T112/><D112/><U27/><E45/><V10/><F107/><W39/><G39/><T30/><D59/><U63/><E71/><V14/><F36/><W20/><G20/><T113/><D113/><U58/><E58/><V131/><F38/><W8/><G8/><T51/><D57/><U40/><E40/><V47/><F47/><W4/><AGARI ba="1,1" hai="0,4,9,19,21,26,64,66,79,82,84,86,88,94" machi="4" ten="30,7900,0" yaku="1,1,0,1,54,1,53,1" doraHai="135" doraHaiUra="73" who="3" fromWho="3" sc="430,-40,190,-21,190,-21,180,92" /><INIT seed="1,0,0,1,2,25" ten="390,169,169,272" oya="1" hai0="128,115,121,130,39,86,49,131,92,34,52,79,44" hai1="5,73,96,46,90,104,21,81,51,93,129,72,37" hai2="116,11,55,103,123,85,40,26,101,95,33,22,12" hai3="0,38,135,99,69,4,70,89,28,27,43,14,45"/><U122/><E122/><V74/><F116/><W68/><G135/><T102/><D115/><U58/><E37/><V97/><F74/><W1/><G14/><T77/><D121/><U124/><E129/><V17/><F33/><W62/><G62/><T119/><D119/><U31/><E124/><V65/><F123/><W114/><G114/><T16/><D34/><U32/><E32/><V118/><F118/><W111/><G111/><T20/><D39/><U75/><E104/><V48/><F85/><W2/><G89/><N who="0" m="53303" /><D102/><U82/><E5/><V91/><F65/><W54/><G54/><T10/><D10/><U83/><E58/><V78/><F78/><W8/><REACH who="3" step="1"/><G99/><REACH who="3" ten="390,169,169,262" step="2"/><T100/><D100/><U112/><E112/><V59/><REACH who="2" step="1"/><F40/><REACH who="2" ten="390,169,159,262" step="2"/><W120/><G120/><T61/><D61/><U105/><E96/><V7/><AGARI ba="0,2" hai="7,11,12,17,22,26,48,55,59,91,95,97,101,103" machi="7" ten="20,8000,1" yaku="1,1,2,1,0,1,7,1,8,1,53,0" doraHai="25" doraHaiUra="80" who="2" fromWho="2" sc="390,-20,169,-40,159,100,262,-20" /><INIT seed="2,0,0,3,5,61" ten="370,129,259,242" oya="2" hai0="27,115,31,25,60,99,26,2,81,87,14,108,97" hai1="63,52,44,107,50,109,101,77,93,130,123,134,106" hai2="121,68,104,17,110,126,43,90,78,53,116,82,20" hai3="120,10,70,36,8,103,35,132,95,38,21,1,64"/><V37/><F116/><W57/><G35/><T74/><D2/><U111/><E130/><V3/><F121/><W92/><G70/><T105/><D74/><U114/><E114/><V9/><F104/><W67/><G120/><T128/><D115/><U45/><E123/><V65/><F126/><W88/><G57/><T100/><D108/><N who="1" m="41547" /><E134/><V59/><F110/><W131/><G21/><T96/><D128/><U24/><E77/><V55/><F90/><W86/><G131/><T69/><D14/><U117/><E117/><V125/><F125/><W34/><G34/><T75/><D75/><U89/><E101/><V58/><F43/><W127/><G132/><T11/><D11/><U4/><E4/><V102/><F37/><W6/><G10/><T41/><D41/><U79/><E79/><V80/><F102/><W42/><G127/><T7/><D7/><U13/><E13/><N who="2" m="9263" /><F68/><W5/><G5/><T72/><D72/><U15/><E15/><V49/><F55/><W29/><G29/><T30/><D60/><U85/><E24/><V129/><F129/><W0/><G0/><T16/><D16/><U40/><E63/><N who="2" m="38143" /><F78/><W47/><REACH who="3" step="1"/><G38/><AGARI ba="0,0" hai="38,40,44,45,50,52,85,89,93,106,107" m="41547" machi="38" ten="30,2000,0" yaku="14,1,54,1" doraHai="61" who="1" fromWho="3" sc="370,0,129,20,259,0,242,-20" /><INIT seed="3,0,0,5,3,77" ten="370,149,259,222" oya="3" hai0="63,89,2,118,18,33,106,6,125,87,126,109,83" hai1="131,68,99,86,97,22,132,93,45,32,40,61,112" hai2="92,49,53,1,69,46,80,62,65,35,55,79,114" hai3="76,117,105,129,82,95,50,119,78,130,47,16,23"/><W20/><G105/><T31/><D118/><U14/><E32/><V116/><F116/><W90/><G23/><T74/><D109/><U103/><E112/><V60/><F35/><W56/><G56/><T81/><D106/><U19/><E131/><N who="3" m="50186" /><G76/><T91/><D18/><U120/><E120/><V102/><F1/><W108/><G108/><T122/><D122/><U21/><E132/><V30/><F30/><W43/><G90/><T41/><D41/><U42/><E22/><V64/><F114/><W28/><G28/><T133/><D133/><U124/><E124/><N who="0" m="47721" /><D63/><U17/><E17/><V100/><F92/><W85/><G95/><T111/><D111/><U7/><E7/><V107/><F107/><W94/><G94/><T57/><D57/><U98/><E86/><V127/><F127/><W72/><G72/><T73/><D6/><U34/><E34/><V12/><F100/><W25/><AGARI ba="0,0" hai="16,20,25,43,47,50,78,82,85,117,119" m="50186" machi="25" ten="30,6000,0" yaku="19,1,52,1,54,1" doraHai="77" who="3" fromWho="3" sc="370,-20,149,-20,259,-20,222,60" /><INIT seed="3,1,0,0,4,128" ten="350,129,239,282" oya="3" hai0="92,134,14,55,25,39,109,52,69,132,17,57,123" hai1="50,10,16,68,91,60,85,88,111,41,58,135,93" hai2="27,61,106,87,119,114,90,72,7,28,118,62,19" hai3="100,36,45,64,117,54,9,96,107,75,102,15,63"/><W20/><G75/><T86/><D123/><U115/><E115/><V30/><F114/><W113/><G113/><T43/><D69/><U26/><E111/><V99/><F72/><W37/><G20/><N who="0" m="11319" /><D109/><U94/><E135/><N who="0" m="51753" /><D25/><U73/><E73/><V40/><F27/><W18/><G100/><T120/><D120/><U108/><E108/><V83/><F30/><W82/><G82/><T53/><D43/><U74/><E74/><V6/><F28/><W76/><G76/><T70/><D70/><U32/><E68/><V77/><F40/><W22/><G102/><T0/><D0/><U23/><E32/><V11/><F77/><W112/><G15/><T42/><D42/><U78/><E78/><V3/><F3/><W130/><G112/><T66/><D39/><U98/><E10/><V31/><F11/><W47/><G9/><T5/><D5/><U33/><E33/><V95/><F6/><W49/><G37/><T21/><D21/><U46/><E58/><V35/><F7/><W97/><G22/><T103/><D66/><U84/><E60/><N who="2" m="23147" /><F35/><W124/><G63/><N who="0" m="36263" /><D86/><AGARI ba="1,0" hai="16,23,26,41,46,50,84,85,86,88,91,93,94,98" machi="86" ten="30,7700,0" yaku="7,1,8,1,54,2" doraHai="128" who="1" fromWho="0" sc="350,-80,129,80,239,0,282,0" /><INIT seed="4,0,0,3,0,71" ten="270,209,239,282" oya="0" hai0="68,60,44,1,88,25,47,105,115,62,46,39,119" hai1="78,124,121,51,120,84,126,131,8,9,94,110,96" hai2="36,133,127,2,90,7,20,30,56,52,112,100,19" hai3="98,13,26,24,0,79,31,23,76,50,15,104,32"/><T83/><D119/><U130/><E51/><V93/><F112/><W103/><G0/><T116/><D116/><U29/><E29/><V80/><F133/><W33/><G50/><T10/><D105/><U54/><E54/><V3/><F127/><N who="1" m="48681" /><E9/><V111/><F36/><W118/><G118/><T135/><D135/><U22/><E22/><V86/><F30/><W102/><G31/><T48/><D115/><U75/><E8/><V5/><F111/><W11/><G98/><T4/><D25/><U61/><E61/><N who="2" m="35975" /><F3/><W58/><G11/><T73/><D73/><U74/><E84/><N who="2" m="52423" /><F100/><W12/><G102/><T34/><D34/><U122/><E110/><V27/><F2/><W17/><G103/><T92/><D83/><N who="1" m="45527" /><E75/><V117/><F117/><W18/><G32/><T108/><D108/><U72/><E72/><V45/><F45/><W128/><G23/><T109/><D109/><U82/><E82/><V40/><F40/><W63/><G33/><T69/><D69/><U106/><E106/><V113/><F113/><W41/><G41/><T114/><D114/><U77/><E77/><AGARI ba="0,0" hai="5,7,19,20,27,77,80,86" m="52423,35975" machi="77" ten="30,2000,0" yaku="8,1,54,1" doraHai="71" who="2" fromWho="1" sc="270,0,209,-20,239,20,282,0" /><INIT seed="5,0,0,3,3,69" ten="270,189,259,282" oya="1" hai0="70,35,40,102,31,56,62,26,78,129,125,130,24" hai1="81,10,128,65,111,60,119,37,71,80,13,103,51" hai2="122,43,90,44,15,42,57,134,12,19,21,64,117" hai3="27,132,116,66,89,20,67,124,38,14,91,83,68"/><U135/><E119/><V17/><F117/><W11/><G38/><T82/><D125/><U93/><E37/><V4/><F122/><W52/><G116/><T108/><D108/><U22/><E111/><V106/><F106/><W113/><G113/><T87/><D70/><U50/><E128/><N who="0" m="49257" /><D102/><U7/><E135/><V18/><F134/><W0/><G0/><T41/><D24/><U84/><E22/><V54/><F64/><AGARI ba="0,0" hai="26,31,35,40,41,56,62,64,78,82,87" m="49257" machi="64" ten="30,1000,0" yaku="19,1" doraHai="69" who="0" fromWho="2" sc="270,10,189,0,259,-10,282,0" /><INIT seed="6,0,0,4,5,48" ten="280,189,249,282" oya="2" hai0="51,3,108,69,127,24,111,50,89,80,95,91,6" hai1="45,133,53,115,96,97,31,28,129,130,13,21,29" hai2="132,36,68,71,61,66,73,101,57,128,14,8,16" hai3="10,114,54,90,63,59,58,107,109,88,106,44,100"/><V117/><F117/><W2/><G109/><T42/><D69/><U79/><E115/><V12/><F73/><W64/><G44/><T77/><D127/><U52/><E133/><V135/><F36/><W112/><G10/><T87/><D6/><U116/><E116/><V78/><F78/><W37/><G37/><T0/><D0/><U30/><E79/><V98/><F128/><N who="1" m="49257" /><E45/><V43/><F43/><W46/><G46/><T86/><D3/><U9/><N who="1" m="7168" /><DORA hai="40" /><U49/><E21/><V75/><F75/><W22/><G22/><T121/><D121/><U74/><E74/><V17/><F132/><W99/><G106/><T34/><D42/><U65/><E65/><V85/><F85/><W126/><G2/><T83/><D77/><U92/><E49/><V118/><F118/><W26/><G26/><T93/><D24/><U41/><E41/><V25/><F135/><W20/><G20/><T81/><D34/><U94/><E94/><V70/><F25/><W56/><G56/><T1/><D1/><U35/><E35/><V47/><F47/><W60/><G126/><T62/><D83/><U123/><E123/><V82/><F82/><W84/><G84/><T103/><D62/><U122/><E122/><V131/><F131/><W76/><G76/><T27/><D27/><U134/><E134/><V18/><REACH who="2" step="1"/><F8/><REACH who="2" ten="280,189,239,282" step="2"/><W32/><G32/><T19/><D81/><U7/><E97/><V120/><F120/><W23/><G23/><T55/><D80/><U39/><E39/><V102/><F102/><AGARI ba="0,1" hai="7,9,13,52,53,92,96,102" m="7168,49257" machi="102" ten="40,8000,1" yaku="19,1,52,2,54,1" doraHai="48,40" who="1" fromWho="2" sc="280,0,189,90,239,-80,282,0" /><INIT seed="7,0,0,5,4,43" ten="280,279,159,282" oya="3" hai0="62,16,53,29,46,108,61,54,109,110,78,40,98" hai1="121,106,15,58,104,105,21,88,101,122,94,125,22" hai2="69,112,74,107,52,87,93,134,11,56,80,116,111" hai3="20,63,100,28,113,50,14,68,49,81,6,0,118"/><W82/><G0/><T48/><D29/><U3/><E3/><V34/><F111/><W70/><G118/><T131/><D78/><U115/><E101/><V135/><F116/><W114/><G100/><T72/><D72/><U76/><E76/><N who="2" m="46471" /><F107/><W9/><G20/><T128/><D16/><U89/><E115/><N who="3" m="44042" /><G28/><T30/><D98/><U17/><E125/><V7/><F69/><N who="3" m="26731" /><G63/><N who="0" m="24075" /><D30/><U57/><E22/><V51/><F74/><W8/><G9/><T85/><D85/><U71/><E71/><V47/><F112/><W23/><G23/><T65/><D65/><U31/><E31/><V60/><F34/><W120/><G120/><T75/><D75/><U13/><E13/><N who="2" m="5375" /><F135/><W117/><G117/><T42/><D42/><U130/><E130/><AGARI ba="0,0" hai="40,46,48,53,54,108,109,110,128,130,131" m="24075" machi="130" ten="40,8000,1" yaku="19,1,34,2,52,1" doraHai="43" who="0" fromWho="1" sc="280,80,279,-80,159,0,282,0" owari="360,46.0,199,-20.0,159,-34.0,282,8.0" /></mjloggm>