<mjloggm ver="2.3"><GO type="169" lobby="0"/><UN n0="%E3%81%8B%E3%81%8D%E9%86%A4%E6%B2%B9" n1="%E3%82%A6%E3%83%AB%E3%83%88%E3%83%A9%E7%AB%8B%E7%9B%B4" n2="%E3%81%BE%E3%82%8B%E3%81%A8%E3%83%BC" n3="%E3%81%97%E3%81%A1%E3%81%8B%E3%81%97%E3%82%85%E3%81%8F" dan="16,18,16,17" rate="2057.93,2218.96,2147.05,2172.33" sx="M,M,M,M"/><TAIKYOKU oya="0"/><INIT seed="0,0,0,0,4,1" ten="250,250,250,250" oya="0" hai0="116,129,135,17,79,52,90,42,124,45,76,35,70" hai1="93,84,81,127,107,62,5,38,15,24,16,96,10" hai2="40,47,115,104,134,55,68,122,108,58,19,27,72" hai3="89,125,117,7,0,36,12,56,9,73,113,87,101"/><T18/><D116/><U128/><E38/><N who="2" m="21911" /><F104/><W32/><G117/><T8/><D70/><U106/><E128/><V97/><F72/><W37/><G113/><T51/><D35/><U126/><E62/><N who="2" m="36191" /><F97/><W82/><G125/><N who="1" m="47626" /><E81/><V14/><F19/><W43/><G32/><T59/><D124/><U102/><E84/><V44/><F14/><W130/><G130/><T131/><D131/><U53/><E53/><V99/><F27/><W23/><G73/><T105/><D105/><U75/><E75/><V88/><F122/><W119/><G119/><T29/><D29/><U98/><E98/><V22/><F22/><AGARI ba="0,0" hai="5,10,15,16,22,24,93,96,102,106,107" m="47626" machi="22" ten="30,3900,0" yaku="18,1,52,1,54,1" doraHai="1" who="1" fromWho="2" sc="250,0,250,39,250,-39,250,0" /><INIT seed="1,0,0,4,3,46" ten="250,289,211,250" oya="1" hai0="51,38,54,10,95,52,101,60,73,15,122,94,11" hai1="62,114,129,132,27,83,115,48,3,41,44,76,17" hai2="23,8,87,40,53,77,96,100,121,117,133,29,104" hai3="109,31,78,61,99,25,45,127,1,134,49,120,72"/><U58/><E3/><V33/><F121/><W55/><G120/><T36/><D73/><U110/><E129/><V71/><F117/><W107/><G1/><T24/><D122/><U93/><E132/><V34/><F133/><W111/><G134/><T67/><D38/><U12/><E27/><V118/><F71/><W103/><G127/><T56/><D36/><U39/><E93/><V131/><F40/><W21/><REACH who="3" step="1"/><G61/><REACH who="3" ten="250,289,211,240" step="2"/><T105/><D60/><U50/><E115/><V64/><F131/><W32/><G32/><T92/><D101/><U20/><E114/><V59/><F118/><W16/><G16/><T5/><D5/><U18/><E18/><V35/><F34/><W124/><G124/><T9/><D24/><U70/><E110/><V98/><F35/><W91/><G91/><T112/><D112/><U74/><REACH who="1" step="1"/><E70/><REACH who="1" ten="250,279,211,240" step="2"/><V116/><F116/><W26/><G26/><T65/><D15/><U2/><E2/><V37/><F33/><W90/><G90/><T6/><D6/><U66/><AGARI ba="0,2" hai="12,17,20,39,41,44,48,50,58,62,66,74,76,83" machi="66" ten="20,18000,2" yaku="1,1,0,1,7,1,52,2,53,1" doraHai="46" doraHaiUra="14" who="1" fromWho="1" sc="250,-60,279,200,211,-60,240,-60" /><INIT seed="1,1,0,0,4,107" ten="190,479,151,180" oya="1" hai0="69,50,46,1,110,70,103,19,86,124,21,92,119" hai1="33,47,22,10,25,90,62,39,38,55,99,89,23" hai2="96,41,101,108,11,27,114,128,80,48,132,112,84" hai3="75,9,109,116,63,83,131,118,104,14,54,0,123"/><U81/><E33/><V57/><F108/><W126/><G123/><T29/><D119/><U94/><E10/><V129/><F27/><W51/><G109/><T36/><D110/><U56/><E23/><V130/><F11/><W45/><G104/><T105/><D1/><U125/><E125/><V61/><F41/><W64/><G0/><T88/><D36/><U117/><E117/><V7/><F48/><W67/><G67/><T18/><D29/><U93/><E81/><V113/><F7/><W8/><G8/><T115/><D115/><U87/><REACH who="1" step="1"/><E47/><REACH who="1" ten="190,469,151,180" step="2"/><V24/><F24/><W76/><G126/><T3/><D124/><U42/><E42/><V15/><F15/><W95/><G131/><T31/><D3/><U20/><E20/><V85/><F80/><W26/><G26/><T43/><D21/><U34/><E34/><V121/><F121/><W6/><REACH who="3" step="1"/><G95/><REACH who="3" ten="190,469,151,170" step="2"/><T74/><D92/><U120/><E120/><V66/><F132/><W13/><G13/><T37/><D105/><AGARI ba="1,2" hai="57,61,66,84,85,96,101,105,112,113,114,128,129,130" machi="105" ten="50,3200,0" yaku="11,1,19,1" doraHai="107" who="2" fromWho="0" sc="190,-35,469,0,151,55,170,0" /><INIT seed="2,0,0,5,1,2" ten="155,469,206,170" oya="2" hai0="8,84,38,100,41,75,128,88,60,56,71,119,73" hai1="52,85,125,51,31,57,15,55,120,69,58,43,123" hai2="1,134,30,113,111,39,16,118,112,11,96,65,97" hai3="114,10,99,33,131,106,40,121,126,94,7,64,109"/><V23/><F39/><W87/><G121/><T63/><D71/><U67/><E31/><V89/><F65/><W117/><G117/><T27/><D128/><U81/><E15/><N who="2" m="9631" /><F89/><W12/><G33/><T66/><D119/><U62/><E125/><V47/><F47/><W14/><G131/><T92/><D63/><N who="1" m="40191" /><E85/><V34/><F118/><W9/><G126/><T36/><D75/><U68/><E81/><V17/><F97/><W53/><G64/><T19/><D73/><U76/><E76/><V78/><F78/><W4/><G109/><T83/><D41/><U54/><E68/><V79/><F96/><W103/><G114/><N who="2" m="44137" /><F79/><W35/><G35/><T44/><D44/><N who="1" m="27751" /><E43/><V130/><F111/><W127/><G127/><T135/><D100/><U74/><E74/><V102/><F130/><W133/><G40/><T24/><D83/><U104/><E104/><V22/><F102/><W101/><G87/><T42/><D42/><U5/><E5/><N who="2" m="1455" /><F34/><W124/><G124/><T26/><D38/><U93/><E93/><V72/><F72/><W115/><G115/><T18/><D36/><U95/><E95/><V110/><F110/><W25/><G103/><T98/><D98/><U108/><E108/><V129/><F129/><W107/><G107/><T61/><D92/><U13/><E57/><V32/><F32/><W90/><G106/><T59/><D84/><U3/><E58/><V21/><F30/><W70/><G70/><T80/><D80/><U105/><E105/><V91/><F91/><W6/><G101/><T82/><D82/><U49/><E54/><V77/><F77/><RYUUKYOKU ba="0,0" sc="155,0,469,0,206,0,170,0" /><INIT seed="3,1,0,3,1,87" ten="155,469,206,170" oya="3" hai0="19,17,114,20,48,71,76,88,86,131,3,107,128" hai1="57,116,43,35,92,68,117,126,29,6,24,9,90" hai2="59,129,74,81,53,120,7,89,82,41,13,78,72" hai3="63,42,75,18,83,27,47,25,132,109,12,133,115"/><W46/><G115/><T28/><D107/><U49/><E68/><V85/><F129/><N who="0" m="49738" /><D71/><U122/><E122/><V34/><F120/><W26/><G63/><T73/><D3/><U66/><E126/><V127/><F34/><W84/><G75/><T111/><D111/><U134/><E134/><N who="3" m="51818" /><G42/><T22/><D28/><U30/><E30/><V21/><F127/><W67/><G67/><T108/><D108/><U80/><E80/><V51/><F74/><W103/><G103/><T40/><D73/><U37/><E37/><V32/><F32/><W56/><G56/><T38/><D76/><U113/><E113/><V55/><F41/><W97/><G97/><T1/><D1/><U98/><E66/><V54/><F7/><W4/><G4/><T125/><D38/><U79/><E79/><V11/><F11/><N who="3" m="6431" /><G109/><T14/><D114/><U44/><REACH who="1" step="1"/><E57/><REACH who="1" ten="155,459,206,170" step="2"/><V94/><F82/><W102/><G102/><T65/><D65/><U23/><E23/><V50/><F50/><W15/><G15/><AGARI ba="1,1" hai="6,9,15,24,29,35,43,44,49,90,92,98,116,117" machi="15" ten="40,5200,0" yaku="1,1,52,1,53,1" doraHai="87" doraHaiUra="8" who="1" fromWho="3" sc="155,0,459,65,206,0,170,-55" /><INIT seed="4,0,0,4,3,79" ten="155,524,206,115" oya="0" hai0="44,23,94,82,11,9,57,133,4,120,46,90,70" hai1="28,49,127,2,1,107,104,124,61,119,33,77,14" hai2="58,83,37,75,134,18,42,126,21,110,85,53,95" hai3="76,59,6,112,19,81,48,56,123,68,39,35,115"/><T84/><D70/><U62/><E119/><V66/><F110/><W74/><G68/><T50/><D120/><U7/><E77/><V132/><F126/><N who="1" m="48169" /><E49/><V65/><F75/><W51/><G39/><T103/><D133/><N who="2" m="51306" /><F95/><W100/><G35/><T116/><D116/><U86/><E86/><V101/><F101/><W88/><G100/><T63/><D23/><U117/><E117/><V0/><F0/><N who="1" m="105" /><E7/><V99/><F99/><W26/><G6/><T64/><D4/><U55/><E14/><N who="2" m="9431" /><F42/><W69/><G123/><T3/><D3/><U52/><E61/><N who="2" m="36047" /><F37/><W29/><G74/><T131/><D46/><U27/><E62/><V89/><AGARI ba="0,0" hai="65,66,83,85,89" m="36047,9431,51306" machi="89" ten="30,2000,0" yaku="20,1,52,1" doraHai="79" who="2" fromWho="2" sc="155,-10,524,-5,206,20,115,-5" /><INIT seed="5,0,0,5,0,135" ten="145,519,226,110" oya="1" hai0="0,102,91,14,21,42,8,68,43,29,76,53,60" hai1="39,100,47,85,74,119,24,65,3,127,69,22,64" hai2="36,125,128,106,110,112,38,94,129,96,107,87,50" hai3="105,131,33,62,56,45,99,101,77,49,83,61,20"/><U79/><E119/><V48/><F110/><W59/><G131/><N who="2" m="50249" /><F87/><W81/><G33/><T15/><D0/><U86/><E100/><V133/><F133/><W71/><G71/><T93/><D76/><U52/><E3/><V84/><F84/><W66/><G20/><T32/><D32/><U23/><E39/><N who="2" m="14891" /><F112/><W46/><G77/><T124/><D102/><U51/><E86/><V116/><F116/><W17/><G17/><T1/><D1/><U26/><E85/><V132/><F132/><W82/><REACH who="3" step="1"/><G49/><REACH who="3" ten="145,519,226,100" step="2"/><T70/><D70/><U89/><E23/><V11/><F50/><W25/><G25/><T130/><D68/><U31/><E26/><V2/><F48/><W28/><G28/><T72/><D29/><U115/><E31/><V98/><F11/><W41/><G41/><T19/><D130/><U121/><E79/><V27/><F27/><W35/><G35/><T108/><D43/><U126/><E24/><V75/><F75/><W104/><G104/><T80/><D42/><U7/><E74/><V63/><F107/><W97/><G97/><N who="0" m="57535" /><D72/><U90/><E22/><V40/><F106/><W120/><G120/><T78/><D78/><U122/><E122/><V114/><F98/><W58/><G58/><N who="0" m="34895" /><D108/><U57/><E121/><V4/><F96/><W54/><AGARI ba="0,1" hai="45,46,54,56,59,61,62,66,81,82,83,99,101,105" machi="54" ten="30,2000,0" yaku="1,1,0,1,53,0" doraHai="135" doraHaiUra="9" who="3" fromWho="3" sc="145,-5,519,-10,226,-5,100,30" /><INIT seed="6,0,0,3,2,65" ten="140,509,221,130" oya="2" hai0="73,21,5,93,133,92,112,67,80,125,54,76,30" hai1="23,134,79,70,99,39,131,115,7,113,85,89,53" hai2="106,34,4,41,120,44,10,104,11,51,118,50,68" hai3="109,61,122,77,64,27,135,78,129,98,62,69,42"/><V8/><F118/><W6/><G122/><T43/><D112/><U126/><E39/><V20/><F120/><W72/><G109/><T46/><D133/><U17/><E70/><V107/><F34/><W110/><G110/><T101/><D125/><U26/><E131/><V117/><F117/><W47/><G135/><T71/><D5/><U83/><E134/><V95/><F68/><W96/><G129/><T25/><D54/><U123/><E123/><V84/><F20/><W35/><G6/><T88/><D101/><U13/><E53/><V111/><F111/><W38/><G61/><T58/><D58/><U74/><E99/><V103/><F50/><W57/><G57/><T2/><D2/><U116/><E126/><V82/><F95/><W127/><G127/><T108/><D108/><U31/><E7/><V94/><F94/><W130/><G130/><T3/><D3/><U128/><E128/><V29/><F29/><W32/><G32/><T91/><D93/><U119/><E119/><V14/><REACH who="2" step="1"/><F103/><REACH who="2" ten="140,509,211,130" step="2"/><W90/><G35/><T37/><REACH who="0" step="1"/><D92/><REACH who="0" ten="130,509,211,130" step="2"/><N who="1" m="54319" /><E116/><V60/><F60/><AGARI ba="0,2" hai="21,25,30,37,43,46,60,67,71,73,76,80,88,91" machi="60" ten="40,8000,1" yaku="1,1,52,1,54,1,53,1" doraHai="65" doraHaiUra="75" who="0" fromWho="2" sc="130,100,509,0,211,-80,130,0" /><INIT seed="7,0,0,1,5,110" ten="230,509,131,130" oya="3" hai0="6,4,24,5,132,85,30,101,41,29,70,10,109" hai1="122,79,116,124,133,54,86,0,119,65,35,58,36" hai2="9,19,77,1,81,25,45,2,88,23,100,135,75" hai3="82,42,113,15,117,126,57,32,20,53,71,44,64"/><W55/><G117/><T112/><D70/><U89/><E122/><V40/><F100/><W84/><G32/><T13/><D85/><U46/><E0/><V39/><F135/><W121/><G121/><T50/><D101/><U96/><E35/><V37/><F37/><W61/><G126/><T51/><D51/><U27/><E133/><V95/><F9/><W106/><G106/><T33/><D50/><U87/><E124/><V76/><F76/><W99/><G99/><AGARI ba="0,0" hai="1,2,19,23,25,39,40,45,75,77,81,88,95,99" machi="99" ten="30,2000,0" yaku="7,1,54,1" doraHai="110" who="2" fromWho="3" sc="230,0,509,0,131,20,130,-20" owari="230,3.0,509,61.0,151,-25.0,110,-39.0" /></mjloggm>