<mjloggm ver="2.3"><GO type="169" lobby="0"/><UN n0="%E3%82%A6%E3%83%AB%E3%83%88%E3%83%A9%E7%AB%8B%E7%9B%B4" n1="%4C%45%54" n2="%E6%82%A0%E3%80%85%2E" n3="%6E%61%72%61%6A%69%6E%6E" dan="18,16,16,16" rate="2230.17,2082.35,2053.27,2084.18" sx="M,M,M,M"/><TAIKYOKU oya="0"/><INIT seed="0,0,0,4,2,71" ten="250,250,250,250" oya="0" hai0="11,8,53,102,19,113,127,25,16,41,79,80,66" hai1="130,134,4,91,110,52,135,18,33,29,12,61,43" hai2="21,47,37,78,27,73,124,1,114,120,24,103,115" hai3="70,122,55,46,6,101,60,40,132,95,105,123,38"/><T85/><D113/><U34/><E43/><N who="2" m="23023" /><F24/><W96/><G132/><N who="1" m="50730" /><E91/><V75/><F21/><W13/><G105/><T39/><D127/><U72/><E72/><V82/><F75/><W57/><REACH who="3" step="1"/><G70/><REACH who="3" ten="250,250,250,240" step="2"/><T133/><D133/><U10/><E61/><V67/><F115/><W56/><G56/><T77/><D102/><U42/><E42/><V15/><F103/><W17/><G17/><T119/><D19/><U125/><E125/><V118/><F114/><W94/><G94/><T32/><D16/><U116/><E18/><V74/><F124/><W9/><AGARI ba="0,1" hai="6,9,13,38,40,46,55,57,60,95,96,101,122,123" machi="9" ten="30,7900,0" yaku="1,1,0,1,52,1,53,1" doraHai="71" doraHaiUra="51" who="3" fromWho="3" sc="250,-39,250,-20,250,-20,240,89" /><INIT seed="1,0,0,0,0,105" ten="211,230,230,329" oya="1" hai0="46,27,100,23,99,134,72,41,92,61,117,104,64" hai1="83,17,18,119,13,89,44,15,24,11,50,0,32" hai2="10,102,31,107,1,111,132,68,65,2,76,51,85" hai3="45,103,40,95,55,73,78,9,74,122,106,47,84"/><U120/><E119/><V129/><F111/><W127/><G122/><T52/><D134/><U26/><E120/><V39/><F51/><W53/><G127/><T108/><D108/><U66/><E66/><V37/><F85/><W109/><G109/><T90/><D117/><U115/><E115/><V21/><F21/><W5/><G106/><T14/><D14/><U57/><E57/><V77/><F77/><W98/><G84/><T34/><D72/><U123/><E123/><V12/><F76/><W59/><G78/><T88/><D34/><U67/><E67/><V116/><F12/><W97/><G97/><T70/><D104/><U71/><E32/><V43/><F129/><W112/><G112/><T7/><D7/><U133/><E0/><V75/><F75/><W96/><G96/><T58/><D70/><U56/><E71/><V38/><F43/><W28/><G28/><T3/><D3/><U114/><E114/><V29/><F29/><W110/><G110/><T86/><D86/><N who="1" m="50399" /><E56/><V69/><F69/><W121/><G121/><T128/><D128/><U25/><E133/><V36/><F2/><W33/><G33/><T63/><D63/><U79/><E79/><V135/><F116/><W126/><G126/><T87/><D87/><U101/><E101/><V130/><F102/><W82/><G103/><T81/><D81/><U6/><E18/><V42/><F107/><W124/><G82/><T4/><D4/><U62/><E62/><N who="2" m="39991" /><F130/><W113/><G124/><T35/><D35/><U16/><E17/><V22/><F135/><W94/><G113/><T80/><D100/><RYUUKYOKU ba="0,0" sc="211,0,230,0,230,0,329,0" /><INIT seed="2,1,0,1,1,37" ten="211,230,230,329" oya="2" hai0="98,117,8,30,99,65,57,24,41,75,85,79,44" hai1="16,19,77,124,11,76,90,107,51,132,121,20,9" hai2="92,114,34,130,28,58,122,129,21,80,120,49,66" hai3="63,50,71,105,128,64,45,6,103,48,91,89,133"/><V72/><F114/><W100/><G128/><N who="2" m="49257" /><F34/><W3/><G133/><T131/><D131/><U61/><E107/><V15/><F92/><W36/><G36/><T70/><D70/><U118/><E118/><V113/><F113/><W54/><G3/><T127/><D75/><U104/><E104/><V0/><F0/><W135/><G6/><T31/><D127/><U82/><E132/><V106/><F106/><W60/><G135/><T39/><D117/><U78/><E124/><V83/><F72/><W111/><G111/><T102/><D8/><N who="1" m="3147" /><E61/><N who="3" m="23626" /><G64/><T38/><D65/><U22/><E121/><V10/><F66/><W25/><G25/><T108/><D57/><U14/><E51/><V18/><F58/><N who="3" m="33111" /><G105/><T116/><D108/><U5/><E5/><N who="2" m="3535" /><F49/><W73/><G73/><T101/><D116/><U119/><E119/><V59/><F59/><W23/><G23/><T52/><D39/><U96/><E96/><V86/><F122/><W67/><G67/><T42/><D38/><U35/><E35/><V95/><F120/><W1/><G1/><T26/><D98/><U84/><E76/><V7/><F7/><W62/><G62/><T81/><D99/><U123/><E123/><V4/><F4/><W40/><G71/><T17/><D79/><U47/><E47/><V46/><F46/><W87/><G91/><T94/><D44/><U55/><E55/><V74/><F74/><W27/><G27/><AGARI ba="1,0" hai="14,16,19,20,22,27,77,78,82,84,90" m="3147" machi="27" ten="30,2000,0" yaku="8,1,54,1" doraHai="37" who="1" fromWho="3" sc="211,0,230,23,230,0,329,-23" /><INIT seed="3,0,0,3,0,67" ten="211,253,230,306" oya="3" hai0="97,135,74,87,63,47,70,125,53,58,77,126,44" hai1="36,115,24,130,76,52,134,132,73,33,105,79,5" hai2="127,129,99,124,35,101,114,41,54,95,18,32,128" hai3="49,13,29,43,57,6,3,66,62,68,51,116,92"/><W31/><G116/><T94/><D74/><U14/><E115/><V133/><F114/><W96/><G3/><T12/><D135/><U26/><E36/><V90/><F41/><W37/><G37/><T15/><D77/><U0/><E0/><V40/><F40/><W104/><G104/><T91/><D87/><U113/><E105/><V11/><F54/><W19/><G6/><T122/><D122/><U60/><E130/><N who="2" m="50283" /><F101/><W108/><G108/><T39/><D70/><U71/><E113/><V48/><F48/><N who="3" m="18507" /><G68/><T17/><D39/><U59/><E71/><V1/><F18/><W7/><G7/><T46/><REACH who="0" step="1"/><D17/><REACH who="0" ten="201,253,230,306" step="2"/><U50/><E73/><V118/><F133/><W23/><G43/><T111/><D111/><U120/><E120/><V30/><F118/><W88/><AGARI ba="0,1" hai="13,19,23,29,31,57,62,66,88,92,96" m="18507" machi="88" ten="30,3000,0" yaku="8,1,54,1" doraHai="67" who="3" fromWho="3" sc="201,-10,253,-10,230,-10,306,40" /><INIT seed="3,1,0,0,1,108" ten="191,243,220,346" oya="3" hai0="24,5,127,59,67,116,128,107,133,63,62,135,27" hai1="13,104,91,48,79,119,17,115,72,54,100,68,66" hai2="101,113,28,4,47,114,89,87,26,74,12,14,58" hai3="99,122,0,109,93,65,42,97,96,71,18,20,121"/><W60/><G0/><T53/><D116/><U70/><E119/><V34/><F74/><W36/><G109/><T90/><D107/><U95/><E104/><V46/><F101/><W123/><G93/><T44/><D128/><U112/><E100/><V82/><F58/><W130/><G130/><T52/><D5/><U11/><E79/><V92/><F4/><W29/><G29/><T129/><D129/><U103/><E72/><V49/><F92/><W7/><G7/><T22/><D127/><U8/><E8/><V9/><F47/><W124/><G124/><T125/><D125/><U55/><E55/><V38/><F38/><W43/><REACH who="3" step="1"/><G36/><REACH who="3" ten="191,243,220,336" step="2"/><T105/><D105/><U73/><E103/><V3/><F3/><W61/><G61/><T30/><D63/><U10/><E95/><V80/><F80/><W86/><G86/><T77/><D62/><U1/><E73/><V131/><F131/><W111/><G111/><T120/><D30/><U23/><E1/><V19/><REACH who="2" step="1"/><F12/><AGARI ba="1,1" hai="12,18,20,42,43,60,65,71,96,97,99,121,122,123" machi="12" ten="50,2400,0" yaku="1,1,53,0" doraHai="108" doraHaiUra="50" who="3" fromWho="2" sc="191,0,243,0,220,-27,336,37" /><INIT seed="3,2,0,3,0,86" ten="191,243,193,373" oya="3" hai0="124,16,36,68,42,18,5,44,50,121,37,17,20" hai1="135,41,115,78,110,104,65,114,111,99,133,103,11" hai2="80,82,22,61,46,40,32,26,100,122,102,88,73" hai3="21,95,31,12,62,3,75,53,49,51,29,91,89"/><W55/><G3/><T60/><D121/><U38/><E65/><V52/><F32/><W13/><G75/><T79/><D124/><U14/><E78/><V83/><F122/><W7/><G62/><T15/><D79/><U69/><E69/><V74/><F74/><W113/><G113/><T134/><D134/><N who="1" m="51211" /><E41/><V126/><F126/><W45/><G7/><T120/><D120/><U131/><E38/><V130/><F130/><W117/><G117/><T27/><D5/><N who="1" m="3439" /><E131/><V2/><F73/><W8/><G8/><T118/><D118/><U23/><E23/><V97/><F2/><W109/><G109/><AGARI ba="2,0" hai="99,103,104,109,110,111,114,115" m="3439,51211" machi="109" ten="30,2000,0" yaku="14,1,20,1" doraHai="86" who="1" fromWho="3" sc="191,0,243,26,193,0,373,-26" /><INIT seed="4,0,0,5,4,118" ten="191,269,193,347" oya="0" hai0="81,57,27,59,50,68,122,43,22,103,29,26,92" hai1="45,38,30,82,96,128,47,70,49,28,58,55,115" hai2="62,86,32,76,134,99,116,19,127,75,106,91,60" hai3="130,16,64,121,85,71,33,21,84,44,41,3,36"/><T31/><D68/><U77/><E128/><V113/><F32/><W12/><G33/><T14/><D122/><U18/><E70/><V104/><F116/><W100/><G3/><T37/><D37/><U53/><E96/><V111/><F111/><W98/><G130/><T110/><D110/><U79/><E115/><V109/><F109/><W23/><G23/><T17/><D81/><U126/><E126/><V25/><F134/><W107/><REACH who="3" step="1"/><G121/><REACH who="3" ten="191,269,193,337" step="2"/><T10/><D22/><U9/><E28/><V61/><F127/><W78/><G78/><T46/><D31/><U133/><E30/><V69/><F76/><W132/><G132/><T56/><D29/><U7/><E133/><V0/><F0/><W87/><G87/><T35/><D35/><U1/><E77/><V105/><F113/><W131/><G131/><T102/><REACH who="0" step="1"/><D92/><REACH who="0" ten="181,269,193,337" step="2"/><U73/><E82/><V13/><F106/><W120/><G120/><T54/><D54/><U117/><E53/><V89/><F105/><W11/><G11/><T39/><D39/><U88/><E55/><V83/><F104/><W119/><G119/><T67/><D67/><U24/><E38/><V94/><F94/><W2/><G2/><T125/><D125/><U114/><E117/><V123/><F123/><W95/><G95/><T101/><AGARI ba="0,2" hai="10,14,17,26,27,43,46,50,56,57,59,101,102,103" machi="101" ten="30,6000,0" yaku="1,1,0,1,8,1,53,0" doraHai="118" doraHaiUra="80" who="0" fromWho="0" sc="181,80,269,-20,193,-20,337,-20" /><INIT seed="4,1,0,2,5,87" ten="261,249,173,317" oya="0" hai0="120,104,134,48,21,64,125,79,80,70,105,126,31" hai1="71,107,133,22,67,123,106,23,61,83,93,94,33" hai2="20,15,12,36,49,40,77,17,124,5,95,2,60" hai3="41,92,132,52,11,1,38,84,50,76,88,55,116"/><T54/><D120/><U37/><E37/><V6/><F124/><N who="0" m="47722" /><D134/><U68/><E123/><V19/><F36/><W98/><G116/><T113/><D113/><U115/><E83/><V44/><F2/><W14/><G1/><T3/><D3/><U89/><E115/><V78/><F60/><W25/><G38/><T72/><D31/><U118/><E118/><V69/><F69/><N who="1" m="26697" /><E61/><V0/><F0/><W82/><G25/><T86/><D21/><U103/><E103/><V129/><F129/><W111/><G111/><T112/><D112/><U102/><E102/><V100/><F100/><W24/><G24/><T74/><D64/><U58/><E67/><V59/><F59/><W109/><G109/><T135/><D70/><U30/><E58/><V91/><F6/><N who="3" m="3447" /><G132/><T42/><D42/><U119/><E119/><V7/><F7/><W45/><AGARI ba="1,0" hai="41,45,50,52,55,76,82,84,88,92,98" m="3447" machi="45" ten="30,8000,1" yaku="25,1,8,1,52,1,54,2" doraHai="87" who="3" fromWho="3" sc="261,-41,249,-21,173,-21,317,83" /><INIT seed="5,0,0,4,3,128" ten="220,228,152,400" oya="1" hai0="71,67,132,117,84,16,118,24,51,12,0,7,73" hai1="64,47,50,18,116,8,4,87,115,62,78,56,104" hai2="43,11,40,15,112,111,55,17,13,74,129,72,81" hai3="52,134,108,95,98,76,77,100,99,30,119,33,38"/><U97/><E115/><V102/><F129/><W106/><G38/><T49/><D73/><U85/><E116/><V68/><F68/><W131/><G30/><T61/><D51/><U22/><E78/><N who="3" m="30314" /><G52/><T25/><D25/><U70/><E70/><V60/><F111/><W83/><G33/><T53/><D24/><U125/><E125/><V1/><F102/><N who="3" m="60767" /><G108/><T32/><D49/><U80/><E104/><V42/><F1/><W54/><G54/><T63/><D53/><U6/><E97/><V103/><F103/><W79/><G119/><T20/><D63/><U23/><E80/><V130/><F81/><W46/><G46/><T121/><D61/><U107/><E107/><V93/><F130/><W66/><G66/><T114/><D67/><U14/><E22/><V123/><F93/><W105/><G105/><T133/><D32/><U27/><REACH who="1" step="1"/><E4/><REACH who="1" ten="220,218,152,400" step="2"/><V29/><F60/><W21/><G21/><T2/><D71/><U41/><AGARI ba="0,1" hai="6,8,14,18,23,27,41,47,50,56,62,64,85,87" machi="41" ten="20,18000,2" yaku="1,1,2,1,0,1,7,1,8,1,53,1" doraHai="128" doraHaiUra="10" who="1" fromWho="1" sc="220,-60,218,190,152,-60,400,-60" /><INIT seed="5,1,0,4,2,47" ten="160,408,92,340" oya="1" hai0="32,114,44,79,80,17,23,49,5,57,78,63,52" hai1="88,71,21,116,59,133,123,117,41,43,95,73,113" hai2="89,50,66,109,55,121,60,135,105,99,110,85,84" hai3="30,15,130,62,75,0,65,38,13,34,14,9,10"/><U83/><E123/><V56/><F135/><W53/><G38/><T54/><D32/><U8/><E71/><V124/><F124/><W96/><G75/><T122/><D114/><U29/><E113/><V81/><F121/><W19/><G96/><T97/><D122/><U6/><E133/><V104/><F99/><W127/><G53/><T102/><D5/><U106/><E106/><V93/><F104/><W103/><G103/><T4/><D4/><U3/><E43/><V35/><F35/><W107/><G107/><T67/><D80/><U26/><E41/><V94/><F105/><W64/><G64/><T48/><D97/><U134/><E59/><V12/><F94/><W51/><G51/><T118/><D102/><U27/><E27/><V7/><F7/><N who="3" m="1255" /><G130/><T39/><D39/><U126/><E126/><V2/><F2/><W40/><G40/><T111/><D111/><U77/><REACH who="1" step="1"/><E134/><REACH who="1" ten="160,398,92,340" step="2"/><V112/><F112/><W1/><G127/><T22/><D57/><U86/><AGARI ba="1,1" hai="3,6,8,21,26,29,73,77,83,86,88,95,116,117" machi="86" ten="20,12000,1" yaku="1,1,2,1,0,1,7,1,54,1,53,0" doraHai="47" doraHaiUra="125" who="1" fromWho="1" sc="160,-41,398,133,92,-41,340,-41" /><INIT seed="5,2,0,0,2,103" ten="119,531,51,299" oya="1" hai0="21,115,30,66,85,27,53,19,117,84,130,112,51" hai1="38,26,10,91,90,86,0,116,75,78,35,64,8" hai2="109,59,92,74,77,4,60,133,3,46,25,128,17" hai3="67,28,82,99,29,111,7,5,120,69,107,36,129"/><U63/><E38/><V98/><F109/><W15/><G36/><T45/><D117/><U122/><E122/><V14/><F133/><W39/><G39/><T72/><D72/><U125/><E125/><V81/><F128/><W102/><G111/><T44/><D130/><U16/><E8/><V70/><F70/><W61/><G120/><T50/><D66/><U57/><E75/><V97/><F46/><W126/><G129/><T100/><D100/><U22/><E35/><V20/><F3/><W123/><G123/><T121/><D121/><U124/><E124/><V40/><F40/><W56/><G82/><T83/><D30/><U110/><E116/><V95/><F95/><W71/><G71/><T32/><D32/><U96/><E96/><V43/><F43/><W73/><G73/><T108/><D108/><U65/><E64/><V101/><F98/><W68/><G68/><T18/><D18/><U118/><E118/><V79/><F79/><W113/><G69/><T127/><D127/><U49/><E49/><V42/><F42/><W80/><G67/><T62/><D62/><U34/><E34/><V105/><F4/><W37/><G5/><T104/><D104/><U48/><E48/><V11/><F105/><W76/><G107/><T131/><D131/><U55/><E65/><V114/><F114/><N who="0" m="43562" /><D83/><N who="1" m="47479" /><E110/><V9/><REACH who="2" step="1"/><F25/><REACH who="2" ten="119,531,41,299" step="2"/><W24/><G24/><T54/><AGARI ba="2,1" hai="19,21,27,44,45,50,51,53,54,84,85" m="43562" machi="54" ten="30,1100,0" yaku="15,1" doraHai="103" who="0" fromWho="0" sc="119,27,531,-7,41,-5,299,-5" /><INIT seed="6,0,0,5,2,134" ten="146,524,36,294" oya="2" hai0="42,82,9,56,133,19,101,49,117,120,68,118,123" hai1="48,96,88,62,27,41,113,54,46,15,78,26,115" hai2="6,76,14,16,38,95,111,43,131,1,17,24,116" hai3="127,71,50,114,63,37,112,121,72,122,21,53,22"/><V107/><F116/><N who="0" m="44650" /><D68/><U33/><E78/><V29/><F107/><W31/><G72/><T100/><D133/><U45/><E62/><V64/><F64/><N who="3" m="41375" /><G127/><T93/><D82/><U132/><E33/><V109/><F76/><W13/><G37/><T86/><D86/><U85/><E96/><V18/><F131/><W80/><G80/><T75/><D75/><U28/><E15/><V8/><F95/><W129/><G129/><T5/><D19/><N who="2" m="7242" /><F43/><W74/><G13/><N who="0" m="5295" /><D93/><U99/><E41/><V84/><F84/><W51/><G51/><T25/><D25/><U20/><E85/><V39/><F39/><W79/><G79/><T44/><D56/><U91/><E91/><V87/><F87/><W40/><G40/><T92/><D92/><U128/><E128/><V77/><F77/><W81/><G81/><T67/><D67/><U2/><E99/><V11/><F38/><W7/><G74/><T65/><D65/><U105/><E105/><V32/><AGARI ba="0,0" hai="1,6,8,11,14,18,24,29,32,109,111" m="7242" machi="32" ten="30,6000,0" yaku="34,2,54,1" doraHai="134" who="2" fromWho="2" sc="146,-20,524,-20,36,60,294,-20" /><INIT seed="6,1,0,5,2,66" ten="126,504,96,274" oya="2" hai0="74,124,14,36,30,16,50,93,52,128,44,63,131" hai1="68,119,79,82,65,41,132,48,57,78,21,67,32" hai2="98,62,18,2,24,100,53,97,61,110,103,20,43" hai3="46,29,80,96,15,122,118,39,104,109,22,102,31"/><V37/><F2/><W7/><G109/><T101/><D74/><U77/><E119/><V35/><F35/><W114/><G118/><T135/><D36/><U72/><E32/><V58/><F110/><W13/><G122/><T107/><D30/><U49/><E132/><V85/><F85/><W60/><G114/><T51/><D107/><U115/><E115/><V1/><F1/><W116/><G80/><T47/><D63/><U5/><E5/><V94/><F43/><W87/><G87/><T130/><D124/><U120/><E68/><V10/><F37/><W106/><G106/><T69/><D69/><U84/><E72/><V28/><F10/><W4/><G60/><T126/><D126/><U92/><E92/><V59/><F18/><W25/><G31/><T3/><D3/><U33/><E33/><V112/><F112/><W11/><G116/><T127/><D127/><U83/><E120/><V117/><F117/><W76/><G76/><T8/><D135/><U121/><E121/><V95/><REACH who="2" step="1"/><F59/><REACH who="2" ten="126,504,86,274" step="2"/><W26/><G39/><T125/><D125/><U91/><E57/><V75/><F75/><W71/><G29/><T134/><D134/><U73/><E41/><V88/><F88/><W123/><G123/><T56/><D50/><AGARI ba="1,1" hai="20,24,28,50,53,58,61,62,94,95,97,98,100,103" machi="50" ten="30,11600,0" yaku="1,1,7,1,9,1,8,1,53,0" doraHai="66" doraHaiUra="113" who="2" fromWho="0" sc="126,-119,504,0,86,129,274,0" /><INIT seed="6,2,0,5,4,20" ten="7,504,215,274" oya="2" hai0="120,126,23,69,70,82,112,88,67,64,118,105,39" hai1="19,111,84,103,30,5,108,130,87,100,46,26,13" hai2="22,63,91,35,116,37,131,92,11,71,60,104,83" hai3="94,74,134,4,86,54,89,97,33,16,81,10,124"/><V52/><F37/><W2/><G124/><T53/><D23/><N who="1" m="15711" /><E130/><V24/><F104/><W99/><G134/><T18/><D18/><U42/><E108/><V45/><F35/><W9/><G33/><T113/><D82/><U27/><E111/><V43/><F43/><W8/><G74/><T31/><D31/><U117/><E117/><V61/><F71/><N who="0" m="27146" /><D105/><U68/><E68/><V17/><F116/><W0/><G54/><T128/><D88/><U62/><E62/><V76/><F131/><W79/><G2/><T98/><D98/><U55/><E42/><V36/><F36/><W96/><REACH who="3" step="1"/><G16/><REACH who="3" ten="7,504,215,264" step="2"/><T93/><D118/><U29/><E19/><V41/><F41/><W47/><G47/><T66/><D120/><U121/><E46/><V59/><F45/><W129/><G129/><T6/><D6/><U90/><E55/><V127/><F127/><W135/><G135/><T58/><D93/><U78/><E5/><V14/><F92/><W44/><G44/><T114/><D128/><U102/><E13/><V125/><F125/><W77/><G77/><T50/><D126/><U95/><E95/><V132/><F132/><W34/><G34/><T115/><N who="0" m="28672" /><DORA hai="75" /><T119/><D119/><U73/><E121/><V65/><F76/><W110/><G110/><T72/><D72/><U48/><E78/><V85/><F65/><N who="0" m="16642" /><T133/><DORA hai="107" /><D133/><U40/><E73/><V3/><F3/><W21/><G21/><T80/><D80/><U122/><E122/><V7/><AGARI ba="2,1" hai="7,11,14,17,22,24,52,59,60,61,63,83,85,91" machi="7" ten="20,12000,1" yaku="0,1,7,1,8,1,52,1,54,1" doraHai="20,75,107" who="2" fromWho="2" sc="7,-42,504,-42,215,136,264,-42" owari="-35,-54.0,462,57.0,351,15.0,222,-18.0" /></mjloggm>