<mjloggm ver="2.3"><GO type="169" lobby="0"/><UN n0="%E3%82%A6%E3%83%AB%E3%83%88%E3%83%A9%E7%AB%8B%E7%9B%B4" n1="%E5%85%83%E6%B0%97%E4%B8%80%E7%99%BA" n2="%E3%81%8A%E3%81%8B%E3%82%82%E3%81%A8" n3="%E3%83%96%E3%83%AB%E3%83%96%E3%83%AB%E3%83%8F%E3%83%BC%E3%83%84" dan="18,16,17,17" rate="2241.68,2099.66,2174.02,2195.02" sx="M,F,M,M"/><TAIKYOKU oya="0"/><INIT seed="0,0,0,4,5,97" ten="250,250,250,250" oya="0" hai0="0,7,41,45,63,134,71,66,4,110,42,35,67" hai1="123,130,99,77,14,60,50,48,49,89,73,11,8" hai2="84,75,81,12,34,17,115,95,127,23,38,126,51" hai3="28,80,20,125,100,104,114,18,56,96,68,102,40"/><T76/><D134/><U13/><E123/><V108/><F38/><W135/><G68/><T22/><D67/><U47/><E130/><V15/><F34/><W57/><G114/><T88/><D35/><U83/><E60/><V6/><F115/><W119/><G119/><T117/><D117/><U1/><E1/><V90/><F108/><W33/><G33/><T26/><D110/><U98/><E47/><V78/><F6/><W59/><G28/><T25/><D76/><U36/><E36/><V124/><REACH who="2" step="1"/><F51/><REACH who="2" ten="250,250,240,250" step="2"/><W27/><G135/><T31/><D7/><U9/><REACH who="1" step="1"/><E89/><REACH who="1" ten="250,240,240,250" step="2"/><V74/><F74/><W101/><G125/><T3/><D88/><U2/><E2/><V64/><F64/><W43/><REACH who="3" step="1"/><G80/><REACH who="3" ten="250,240,240,240" step="2"/><T116/><D116/><U82/><E82/><V120/><F120/><W86/><G86/><T118/><D118/><U72/><E72/><V62/><F62/><W44/><G44/><T133/><D45/><U106/><E106/><V58/><F58/><W70/><G70/><T54/><D71/><U32/><E32/><V61/><F61/><W129/><G129/><T24/><D63/><U122/><E122/><V39/><F39/><W16/><G16/><T65/><D66/><U79/><E79/><V19/><F19/><W10/><G10/><T5/><D65/><U92/><E92/><V30/><F30/><W55/><G55/><T121/><D54/><U87/><E87/><V93/><F93/><W103/><AGARI ba="0,3" hai="18,20,27,40,43,56,57,59,96,100,101,102,103,104" machi="103" ten="40,12000,2" yaku="1,1,0,1,52,4,53,0" doraHai="97" doraHaiUra="105" who="3" fromWho="3" sc="250,-60,240,-30,240,-30,240,150" /><INIT seed="1,0,0,3,4,109" ten="190,210,210,390" oya="1" hai0="114,130,66,6,96,10,61,105,79,20,53,119,135" hai1="107,131,97,83,8,62,70,104,65,123,7,45,75" hai2="21,86,23,18,127,55,69,100,87,82,33,129,99" hai3="37,42,113,122,92,128,106,46,80,31,29,39,38"/><U58/><E123/><V78/><F69/><W124/><G106/><T73/><D119/><U90/><E131/><V132/><F129/><W133/><G122/><T9/><D130/><U17/><E70/><V2/><F33/><W22/><G128/><T59/><D135/><U110/><E110/><V71/><F71/><W30/><G133/><T91/><D79/><U85/><E75/><V56/><F132/><W89/><G80/><T126/><D73/><U67/><E67/><V40/><F2/><W134/><G22/><T44/><D126/><U34/><E17/><V24/><F127/><W88/><G124/><T50/><D114/><U32/><E45/><V5/><F5/><W115/><G134/><T125/><D125/><U0/><REACH who="1" step="1"/><E107/><REACH who="1" ten="190,200,210,390" step="2"/><V121/><F121/><W36/><REACH who="3" step="1"/><G89/><REACH who="3" ten="190,200,210,380" step="2"/><T16/><D105/><U60/><E60/><V68/><F78/><W27/><G27/><N who="0" m="14727" /><D6/><U81/><E81/><V54/><F82/><W52/><G52/><N who="0" m="29767" /><D66/><U48/><E48/><V101/><F24/><W14/><G14/><T72/><D72/><U28/><E28/><V120/><F120/><W98/><AGARI ba="0,2" hai="29,30,31,36,37,38,39,42,46,88,92,98,113,115" machi="98" ten="40,12000,2" yaku="1,1,0,1,52,2,54,1,53,2" doraHai="109" doraHaiUra="111" who="3" fromWho="3" sc="190,-30,200,-60,210,-30,380,140" /><INIT seed="2,0,0,0,5,95" ten="160,140,180,520" oya="2" hai0="130,68,103,22,23,92,133,88,80,135,0,58,27" hai1="43,82,16,47,110,73,90,108,21,78,53,83,120" hai2="28,30,96,13,99,101,111,64,113,93,123,134,9" hai3="100,59,34,119,102,77,19,7,10,132,98,87,75"/><V52/><F123/><W57/><G34/><T48/><D68/><U41/><E120/><V74/><F113/><W54/><G75/><T42/><D0/><U62/><E82/><V115/><F115/><W15/><G100/><T85/><D130/><U37/><E41/><V6/><F74/><W67/><G67/><T20/><D27/><U32/><E32/><V55/><F134/><N who="0" m="51210" /><D42/><U89/><E62/><V44/><F64/><W1/><G57/><T17/><D58/><U94/><E53/><V125/><F125/><W107/><G119/><T84/><D48/><U33/><E33/><V49/><F111/><N who="1" m="42537" /><E94/><N who="2" m="58519" /><F55/><W118/><G118/><T18/><D103/><AGARI ba="0,0" hai="6,9,13,28,30,44,49,52,93,99,103" m="58519" machi="103" ten="30,11600,0" yaku="8,1,52,2,54,1" doraHai="95" who="2" fromWho="0" sc="160,-116,140,0,180,116,520,0" /><INIT seed="2,1,0,4,2,62" ten="44,140,296,520" oya="2" hai0="66,12,102,89,7,133,106,41,71,48,21,130,97" hai1="92,93,20,27,131,16,94,10,123,70,15,30,38" hai2="60,44,4,99,90,39,51,69,8,1,110,31,81" hai3="80,121,98,95,0,115,87,52,125,11,14,19,79"/><V32/><F39/><W67/><G121/><T72/><D130/><U59/><E70/><V77/><F110/><W76/><G0/><T114/><D114/><U117/><E117/><V26/><F90/><W120/><G125/><T61/><D133/><U73/><E73/><V75/><F99/><W78/><G120/><T28/><D72/><U47/><E123/><V111/><F111/><W29/><G29/><T6/><D89/><U54/><E131/><V36/><F51/><W5/><G19/><T129/><D129/><U57/><E38/><V128/><F128/><W65/><G52/><T56/><D12/><U13/><E13/><V109/><F109/><W22/><G22/><T46/><REACH who="0" step="1"/><D71/><REACH who="0" ten="34,140,296,520" step="2"/><U35/><E35/><V134/><F134/><W113/><G115/><T34/><D34/><U63/><E47/><V64/><F36/><W58/><G113/><T116/><D116/><U118/><E118/><V42/><F44/><W40/><G58/><AGARI ba="1,1" hai="10,15,16,20,27,30,54,57,58,59,63,92,93,94" machi="58" ten="40,2600,0" yaku="8,1,54,1" doraHai="62" who="1" fromWho="3" sc="34,0,140,39,296,0,520,-29" /><INIT seed="3,0,0,5,3,105" ten="34,179,296,491" oya="3" hai0="35,43,131,78,113,106,122,2,20,28,57,83,22" hai1="44,48,5,116,125,12,111,119,40,84,100,39,61" hai2="74,29,17,97,91,133,62,38,45,67,101,0,51" hai3="126,65,98,132,23,72,96,6,108,46,70,102,135"/><W73/><G126/><T63/><D122/><U117/><E125/><V24/><F0/><W31/><G108/><T76/><D131/><U69/><E100/><V95/><F38/><W123/><G123/><T42/><D113/><U66/><E111/><V110/><F110/><W15/><G96/><T56/><D2/><U47/><E84/><V120/><F133/><N who="3" m="51275" /><G46/><T127/><D106/><U89/><E89/><V90/><F17/><N who="3" m="10687" /><G31/><T60/><D28/><U1/><E1/><V7/><F7/><W49/><G49/><T25/><D127/><U93/><E5/><V118/><F118/><W27/><G27/><T3/><D3/><U14/><E93/><V114/><F114/><W30/><G30/><T16/><D25/><U33/><E33/><V32/><F120/><W50/><G50/><T54/><D35/><U82/><E82/><V129/><F129/><W81/><G81/><T88/><D83/><U121/><E121/><V71/><F51/><W92/><G6/><T58/><D16/><U103/><E103/><V80/><REACH who="2" step="1"/><F45/><REACH who="2" ten="34,179,286,491" step="2"/><W52/><G70/><T112/><D112/><U115/><E115/><V64/><F64/><W10/><G65/><T26/><D57/><U109/><E109/><V85/><F85/><W34/><G34/><T87/><D87/><U55/><AGARI ba="0,1" hai="12,14,39,40,44,47,48,55,61,66,69,116,117,119" machi="55" ten="30,2000,0" yaku="0,1,12,1" doraHai="105" who="1" fromWho="1" sc="34,-5,179,30,286,-5,491,-10" /><INIT seed="4,0,0,1,1,49" ten="29,209,281,481" oya="0" hai0="3,101,99,129,64,130,2,110,84,4,29,74,91" hai1="35,57,30,80,98,115,85,40,78,65,0,42,90" hai2="54,106,18,81,27,60,62,53,45,123,70,72,25" hai3="1,15,59,16,33,113,10,9,38,23,56,55,83"/><T131/><D110/><U112/><E0/><V132/><F106/><W120/><G38/><T36/><D36/><U58/><E30/><V13/><F123/><W7/><G113/><N who="1" m="43594" /><E35/><V97/><F132/><W28/><G56/><N who="1" m="21610" /><E65/><V34/><F34/><W47/><G47/><T12/><D64/><U118/><E118/><V52/><F72/><W14/><G120/><T22/><D74/><U11/><E11/><N who="2" m="6463" /><F70/><W5/><G83/><N who="0" m="49567" /><D29/><U128/><E128/><N who="0" m="32769" /><T102/><DORA hai="93" /><D102/><U79/><E79/><V89/><F45/><W26/><G59/><T103/><D103/><U107/><E107/><V17/><F81/><W69/><G69/><T6/><D22/><U126/><E126/><V104/><F104/><W88/><G23/><T134/><D134/><U44/><E44/><V82/><F62/><W119/><G28/><T67/><D67/><U114/><E114/><V66/><F60/><W71/><G33/><T8/><D6/><U61/><E61/><V100/><F66/><W46/><G5/><T86/><D86/><U127/><E127/><V116/><F116/><W95/><G7/><T19/><D4/><U122/><E122/><V48/><F100/><W135/><G135/><T24/><D24/><U105/><E105/><AGARI ba="0,0" hai="2,3,8,12,19,99,101,105" m="32769,49567" machi="105" ten="40,3900,0" yaku="19,1,52,1" doraHai="49,93" who="0" fromWho="1" sc="29,39,209,-39,281,0,481,0" /><INIT seed="4,1,0,0,0,37" ten="68,170,281,481" oya="0" hai0="73,23,100,26,45,115,7,11,55,50,33,16,62" hai1="87,64,99,130,41,56,54,94,91,112,15,46,12" hai2="97,0,9,78,103,6,70,90,119,111,69,35,17" hai3="109,129,60,47,108,110,48,85,135,27,72,98,83"/><T104/><D115/><U19/><E112/><V30/><F111/><W49/><G72/><T4/><D73/><U96/><E64/><V118/><F90/><W38/><G129/><T77/><D77/><U79/><E130/><V75/><F17/><W93/><G135/><T34/><D62/><U5/><E5/><V127/><F127/><W13/><G27/><T58/><D58/><U88/><E79/><V36/><F36/><W105/><G13/><T31/><D4/><U68/><E68/><N who="2" m="26219" /><F30/><W22/><G22/><T20/><D104/><U74/><E74/><V63/><F63/><W86/><G105/><T29/><D100/><U81/><E99/><V76/><F35/><W28/><G85/><T44/><D44/><U84/><E96/><V134/><F134/><W42/><G60/><T131/><D131/><U80/><E94/><V132/><F132/><W51/><G93/><T40/><D55/><U67/><E67/><V106/><F78/><W120/><G98/><T52/><D52/><U25/><E54/><V10/><F10/><W43/><G47/><T102/><D102/><U133/><E133/><V125/><F125/><W113/><G113/><T122/><D122/><U57/><E57/><V14/><F0/><W117/><G120/><T3/><REACH who="0" step="1"/><D31/><REACH who="0" ten="58,170,281,481" step="2"/><U101/><E101/><V89/><F76/><N who="3" m="46439" /><G28/><T66/><D66/><U107/><E107/><V53/><F75/><W61/><G61/><T128/><D128/><U82/><E56/><V24/><F53/><W71/><G108/><T1/><D1/><U126/><E46/><V124/><F106/><W21/><G109/><RYUUKYOKU ba="1,1" sc="58,30,170,-10,281,-10,481,-10" hai0="3,7,11,16,20,23,26,29,33,34,40,45,50" /><INIT seed="4,2,1,1,3,19" ten="88,160,271,471" oya="0" hai0="68,21,79,50,29,135,110,53,30,118,64,84,8" hai1="56,117,14,24,27,71,78,5,61,96,3,26,129" hai2="121,33,82,42,131,59,34,107,94,102,37,65,90" hai3="127,75,6,22,119,47,63,60,57,97,123,41,74"/><T66/><D118/><U58/><E117/><V133/><F121/><W43/><G127/><T31/><D135/><U4/><E3/><V77/><F133/><W98/><G6/><T25/><D110/><U115/><E71/><V120/><F120/><W10/><G10/><T36/><D36/><U0/><E0/><V111/><F111/><W134/><G134/><T80/><D8/><U40/><E40/><V20/><F131/><W100/><G47/><T85/><D85/><U88/><E78/><V89/><F89/><W128/><G57/><N who="0" m="32951" /><D68/><U93/><E129/><V86/><F42/><W114/><G119/><T55/><D55/><N who="1" m="33951" /><E115/><V28/><F37/><W69/><G69/><T73/><D73/><U32/><E32/><V44/><F44/><W12/><G74/><T92/><D92/><U99/><E99/><N who="2" m="61919" /><F59/><W108/><G75/><T45/><D45/><U103/><E103/><V62/><F34/><W38/><G38/><T11/><D11/><U2/><E2/><V15/><F33/><W54/><G108/><T1/><D1/><U126/><E126/><V83/><F62/><W51/><G63/><T91/><D79/><U72/><E72/><V18/><F77/><W48/><G60/><T67/><AGARI ba="2,1" hai="21,25,29,30,31,64,66,67,80,84,91" m="32951" machi="67" ten="30,3000,0" yaku="8,1,52,1" doraHai="19" who="0" fromWho="0" sc="88,46,160,-12,271,-12,471,-12" /><INIT seed="4,3,0,4,2,96" ten="134,148,259,459" oya="0" hai0="1,107,65,44,76,114,67,11,27,77,86,46,28" hai1="113,108,101,125,34,126,104,31,52,62,92,15,123" hai2="29,103,35,71,120,9,72,57,91,30,45,69,83" hai3="4,26,21,63,23,43,33,42,16,119,58,85,68"/><T118/><D118/><U14/><E108/><V135/><F120/><W41/><G68/><T74/><D107/><U12/><E123/><V95/><F135/><W93/><G33/><T20/><D74/><U18/><E104/><V49/><F71/><W25/><G4/><T102/><D114/><U60/><E113/><V19/><F69/><W87/><G93/><T64/><D1/><U84/><E18/><V82/><F35/><W90/><G90/><T97/><D11/><U39/><E39/><V88/><F57/><W115/><G115/><T116/><D116/><U131/><E131/><V129/><F72/><W13/><G13/><T51/><D86/><U40/><E40/><V2/><F2/><W32/><G32/><T47/><REACH who="0" step="1"/><D51/><REACH who="0" ten="124,148,259,459" step="2"/><U122/><E122/><V79/><F49/><W94/><G119/><T132/><D132/><U112/><E112/><V10/><F9/><W8/><G8/><T109/><D109/><U117/><E117/><V36/><F10/><W70/><G85/><T75/><D75/><U73/><E73/><V38/><F36/><W134/><G134/><T130/><D130/><U106/><E106/><V127/><F38/><W24/><G87/><T48/><D48/><U81/><E84/><V0/><F129/><W7/><G7/><T111/><D111/><U78/><E81/><V99/><F0/><W61/><G94/><T37/><D37/><U55/><E92/><V80/><F95/><W128/><G128/><T59/><D59/><U17/><E78/><V56/><F79/><W133/><G133/><T53/><D53/><U121/><E52/><RYUUKYOKU ba="3,1" sc="124,30,148,-10,259,-10,459,-10" hai0="20,27,28,44,46,47,64,65,67,76,77,97,102" /><INIT seed="4,4,1,3,2,39" ten="154,138,249,449" oya="0" hai0="79,60,133,76,122,108,49,69,107,86,16,55,31" hai1="109,19,52,67,41,38,14,23,102,12,105,124,96" hai2="71,92,88,42,66,77,115,130,36,9,44,40,0" hai3="17,87,94,101,65,116,46,47,43,117,93,75,59"/><T34/><D122/><U112/><E109/><V123/><F123/><W68/><G68/><T37/><D107/><U89/><E124/><V84/><F115/><W126/><G75/><T5/><D5/><U10/><E67/><V121/><F121/><W98/><G47/><T74/><D74/><U57/><E112/><V27/><F130/><W63/><G126/><T3/><D3/><U32/><E32/><V33/><F77/><W56/><G59/><N who="0" m="33263" /><D31/><U134/><E134/><V35/><F27/><W70/><G17/><T21/><D34/><U118/><E118/><V81/><F81/><W6/><G6/><T24/><D86/><U83/><E83/><V104/><F104/><W50/><G70/><T13/><D24/><U29/><E89/><V135/><F135/><W30/><G30/><T125/><D133/><U28/><E38/><V48/><F66/><W25/><G25/><T131/><D125/><U80/><E80/><V58/><F71/><W1/><G1/><T120/><D120/><U2/><E2/><V62/><F0/><W51/><G116/><T26/><D131/><U128/><E128/><V127/><F127/><W61/><G117/><T15/><D108/><U110/><E110/><V20/><F35/><W4/><G4/><T72/><D37/><U8/><E41/><N who="2" m="15979" /><F33/><W7/><G65/><N who="0" m="41127" /><D72/><U106/><E106/><V22/><F36/><W114/><G114/><T129/><D129/><U82/><E82/><V99/><F84/><W45/><G87/><T64/><D64/><U73/><E73/><V18/><F99/><W111/><G98/><T103/><D103/><RYUUKYOKU ba="4,1" sc="154,30,138,-10,249,-10,449,-10" hai0="13,15,16,21,26,76,79" /><INIT seed="4,5,1,0,3,100" ten="184,128,239,439" oya="0" hai0="61,27,120,107,66,29,128,55,51,15,14,67,113" hai1="23,40,69,88,91,104,8,79,70,134,87,20,89" hai2="43,63,133,26,34,60,50,33,6,127,106,64,112" hai3="46,76,32,7,49,71,135,41,31,13,35,98,119"/><T132/><D113/><U11/><E134/><V101/><F112/><W28/><G71/><N who="1" m="27146" /><E87/><V24/><F6/><W114/><G98/><T85/><D120/><U116/><E79/><V126/><F133/><W96/><G96/><T81/><D132/><U37/><E40/><V5/><F5/><W53/><G76/><T38/><D38/><U94/><E94/><V90/><F90/><W110/><G7/><T3/><D3/><U4/><E4/><V54/><F43/><W122/><G13/><T103/><D128/><U36/><E116/><V73/><F73/><W102/><G35/><N who="2" m="13321" /><F64/><N who="0" m="24618" /><D61/><N who="2" m="23626" /><F50/><W18/><G32/><T57/><D29/><U108/><E104/><V39/><F54/><W45/><G53/><T131/><D131/><U82/><E82/><V97/><F39/><N who="1" m="14921" /><E108/><V130/><F130/><W95/><G31/><T19/><D107/><U47/><E47/><V84/><F84/><W99/><G45/><T77/><D103/><U1/><E1/><V56/><F56/><W59/><G102/><T75/><D75/><U86/><E86/><V93/><F106/><W10/><G28/><T52/><D55/><U124/><E124/><AGARI ba="5,1" hai="24,26,93,97,101,124,126,127" m="23626,13321" machi="124" ten="30,1000,0" yaku="18,1" doraHai="100" who="2" fromWho="1" sc="184,0,128,-25,239,35,439,0" /><INIT seed="5,0,0,2,0,26" ten="184,103,274,439" oya="1" hai0="13,21,5,0,77,99,51,121,17,130,80,66,85" hai1="40,62,12,53,43,41,111,48,95,59,90,37,112" hai2="83,27,7,69,89,18,92,6,54,94,57,96,124" hai3="15,72,101,64,119,133,60,73,52,34,47,2,131"/><U45/><E112/><V87/><F69/><W102/><G2/><T9/><D130/><U1/><E1/><V22/><F124/><W105/><G15/><T4/><D121/><U61/><E111/><V55/><F94/><W58/><G34/><T135/><D135/><U19/><E37/><V74/><F74/><W8/><G8/><T108/><D108/><U42/><N who="1" m="10240" /><DORA hai="79" /><U32/><E32/><V132/><F132/><W123/><G101/><T98/><D5/><N who="2" m="1546" /><F57/><W103/><G103/><AGARI ba="0,0" hai="18,22,27,54,55,83,87,89,92,96,103" m="1546" machi="103" ten="30,2000,0" yaku="8,1,52,1" doraHai="26,79" who="2" fromWho="3" sc="184,0,103,0,274,20,439,-20" /><INIT seed="6,0,0,5,3,44" ten="184,103,294,419" oya="2" hai0="84,100,18,25,1,36,116,35,133,135,2,33,78" hai1="96,59,79,122,87,51,90,117,22,30,97,45,14" hai2="81,85,34,9,101,32,74,115,5,21,123,58,109" hai3="3,13,126,80,46,54,0,89,55,102,124,83,11"/><V50/><F123/><W64/><G64/><T49/><D36/><U15/><E117/><V67/><F74/><W20/><G20/><N who="0" m="13463" /><D100/><U119/><E119/><V62/><F115/><W111/><G102/><T105/><D105/><U99/><E122/><V106/><F109/><W129/><G46/><T43/><D116/><U98/><E79/><V27/><F101/><W29/><G89/><T93/><D49/><U48/><N who="1" m="24576" /><DORA hai="134" /><U107/><E107/><V8/><F106/><W7/><G29/><T4/><D43/><N who="1" m="24639" /><E30/><V103/><F103/><W61/><G129/><T72/><D72/><U19/><E22/><V16/><F50/><W95/><G95/><T31/><D31/><U28/><E19/><V24/><F34/><W132/><G111/><T75/><D75/><U88/><E28/><V37/><F37/><W60/><G13/><N who="1" m="4618" /><E87/><V39/><F39/><W86/><G86/><T113/><D35/><U127/><E127/><V56/><F32/><W130/><G130/><T94/><D33/><U52/><AGARI ba="0,0" hai="51,52,59,88,90" m="4618,24639,24576" machi="52" ten="50,8000,1" yaku="8,1,52,2,54,2" doraHai="44,134" who="1" fromWho="1" sc="184,-20,103,80,294,-40,419,-20" /><INIT seed="7,0,0,1,2,88" ten="164,183,254,399" oya="3" hai0="56,72,129,29,15,82,46,94,27,8,53,85,111" hai1="77,86,18,131,130,16,124,128,20,110,132,30,134" hai2="104,26,96,17,11,9,73,57,76,62,34,133,80" hai3="23,108,59,109,61,67,52,38,97,6,75,102,35"/><W54/><G35/><T33/><D129/><U113/><E110/><V122/><F133/><N who="1" m="51305" /><E113/><V78/><F78/><W31/><G38/><T10/><D111/><U98/><E124/><V92/><F104/><W65/><G75/><T4/><D72/><U50/><E50/><V79/><F79/><W84/><G6/><T14/><D46/><U93/><E30/><V99/><F99/><W7/><G7/><T69/><D69/><U37/><E37/><V107/><F122/><W1/><G1/><T120/><D120/><U117/><E117/><V121/><F107/><W71/><G71/><T106/><D106/><U21/><E21/><V44/><F44/><W66/><G54/><T5/><D94/><U12/><E18/><V95/><F34/><W51/><G84/><T87/><D82/><N who="1" m="47439" /><E128/><V49/><F49/><AGARI ba="0,0" hai="4,5,8,10,14,15,27,29,33,49,53,56,85,87" machi="49" ten="30,2000,0" yaku="7,1,9,1" doraHai="88" who="0" fromWho="2" sc="164,20,183,0,254,-20,399,0" owari="184,-22.0,183,-32.0,234,3.0,399,51.0" /></mjloggm>