<mjloggm ver="2.3"><GO type="169" lobby="0"/><UN n0="%7A%65%52%6F" n1="%E3%82%A4%E3%83%81%E3%83%AD%E3%82%AF%E3%82%B6%E3%83%B3%E3%83%8B" n2="%E3%82%A6%E3%83%AB%E3%83%88%E3%83%A9%E7%AB%8B%E7%9B%B4" n3="%E9%87%98%EF%BC%8F%E3%82%86%E3%81%8B%E3%81%88%E3%82%8A" dan="19,17,18,17" rate="2286.20,2171.78,2247.42,2205.63" sx="M,M,M,M"/><TAIKYOKU oya="0"/><INIT seed="0,0,0,1,5,111" ten="250,250,250,250" oya="0" hai0="28,40,125,108,109,91,41,31,99,1,11,113,75" hai1="106,16,59,78,48,74,26,68,64,76,88,66,43" hai2="56,38,115,8,52,81,79,0,98,20,101,35,135" hai3="37,32,33,83,72,131,53,132,120,62,65,97,90"/><T94/><D75/><U126/><E106/><V30/><F38/><W5/><G131/><T92/><D125/><U29/><E68/><V67/><F35/><W119/><G119/><T69/><D69/><U4/><E126/><V124/><F124/><W70/><G132/><T84/><D11/><U50/><E4/><V18/><F67/><N who="1" m="25641" /><E74/><V21/><F135/><W85/><G120/><T116/><D1/><U86/><E29/><N who="0" m="11337" /><D116/><U121/><E121/><V2/><F115/><W49/><G72/><T47/><D47/><N who="1" m="25727" /><E50/><V36/><F36/><W15/><G37/><T110/><D113/><U7/><E59/><V57/><F57/><W114/><G114/><T73/><D73/><U95/><E7/><V123/><F123/><W54/><G54/><T13/><D13/><U127/><E127/><V107/><F30/><W82/><G15/><T102/><AGARI ba="0,0" hai="40,41,84,91,92,94,99,102,108,109,110" m="11337" machi="102" ten="40,3900,0" yaku="14,1,10,1" doraHai="111" who="0" fromWho="0" sc="250,39,250,-13,250,-13,250,-13" /><INIT seed="0,1,0,2,0,80" ten="289,237,237,237" oya="0" hai0="6,2,76,78,123,77,29,72,66,124,109,73,45" hai1="115,19,9,7,121,71,65,113,92,62,103,130,95" hai2="96,98,63,79,28,8,60,82,32,16,105,135,4" hai3="56,37,18,114,23,55,36,20,74,61,112,102,134"/><T67/><D123/><U12/><E121/><V97/><F105/><W129/><G74/><T46/><D29/><U31/><E130/><V10/><F135/><W54/><G129/><T70/><D6/><U43/><E43/><V35/><F28/><W14/><G134/><T104/><D104/><U86/><E31/><V39/><F39/><W47/><G102/><T87/><D2/><U34/><E34/><V125/><F125/><W26/><G37/><T111/><D70/><U100/><E19/><V17/><F35/><W44/><G44/><N who="0" m="17003" /><D87/><U13/><E13/><N who="2" m="5255" /><F32/><W68/><G68/><T107/><D107/><U127/><E127/><V131/><F131/><W53/><G36/><T24/><D24/><U30/><E30/><V84/><F17/><W27/><G23/><T69/><D69/><U94/><REACH who="1" step="1"/><E86/><REACH who="1" ten="289,227,237,237" step="2"/><V99/><N who="2" m="24576" /><DORA hai="118" /><V91/><F79/><W41/><G41/><T89/><D124/><U25/><E25/><V59/><F16/><W51/><G27/><T93/><D89/><U38/><E38/><V133/><F133/><W126/><G26/><T52/><D73/><U64/><E64/><N who="2" m="38943" /><F10/><W40/><REACH who="3" step="1"/><G126/><REACH who="3" ten="289,227,237,227" step="2"/><T117/><D72/><U21/><E21/><V116/><F116/><W58/><G58/><T88/><D117/><U15/><E15/><V22/><F22/><W85/><G85/><N who="0" m="52367" /><D52/><AGARI ba="1,2" hai="14,18,20,40,47,51,52,53,54,55,56,61,112,114" machi="52" ten="40,8000,1" yaku="1,1,54,1,53,2" doraHai="80,118" doraHaiUra="57,11" who="3" fromWho="0" sc="289,-83,227,0,237,0,227,103" /><INIT seed="1,0,0,1,1,47" ten="206,227,237,330" oya="1" hai0="1,85,71,12,97,124,23,96,131,8,90,129,123" hai1="50,33,45,102,56,43,100,79,44,93,26,108,5" hai2="41,128,59,126,118,75,2,28,87,18,53,101,61" hai3="83,67,19,72,63,81,57,120,34,122,22,77,110"/><U115/><E115/><V49/><F75/><W55/><G34/><T74/><D74/><U70/><E70/><V109/><F118/><W54/><G110/><T127/><D71/><U82/><E108/><V9/><F109/><W105/><G105/><T7/><D123/><U10/><E56/><V95/><F128/><N who="0" m="49226" /><D23/><U133/><E133/><V51/><F126/><N who="0" m="48170" /><D1/><U20/><E93/><AGARI ba="0,0" hai="7,8,12,85,90,93,96,97" m="48170,49226" machi="93" ten="30,2000,0" yaku="19,1,18,1" doraHai="47" who="0" fromWho="1" sc="206,20,227,-20,237,0,330,0" /><INIT seed="2,0,0,3,4,15" ten="226,207,237,330" oya="2" hai0="23,52,50,54,135,19,76,68,3,25,94,78,95" hai1="12,63,69,121,77,85,90,17,93,72,81,103,105" hai2="116,33,75,2,34,130,117,129,96,98,8,35,21" hai3="22,91,9,41,112,27,101,44,83,133,114,97,74"/><V40/><F75/><W56/><G133/><T134/><D68/><U67/><E121/><V7/><F40/><W1/><G56/><T48/><D3/><U87/><E105/><V128/><REACH who="2" step="1"/><F21/><REACH who="2" ten="226,207,227,330" step="2"/><W111/><G41/><T61/><D135/><U70/><E103/><V59/><F59/><W20/><G22/><T26/><D134/><U110/><E110/><V71/><F71/><W62/><G20/><T64/><D23/><U11/><REACH who="1" step="1"/><E70/><REACH who="1" ten="226,197,227,330" step="2"/><V102/><F102/><W37/><G101/><T80/><D26/><U31/><E31/><V36/><F36/><W120/><G111/><T16/><D25/><U104/><E104/><V107/><F107/><W5/><G27/><T28/><D28/><U127/><E127/><V66/><F66/><W100/><G100/><T109/><D64/><U86/><AGARI ba="0,2" hai="11,12,17,63,67,69,72,77,81,85,86,87,90,93" machi="86" ten="20,5200,0" yaku="1,1,0,1,7,1,52,1,53,0" doraHai="15" doraHaiUra="118" who="1" fromWho="1" sc="226,-13,197,72,227,-26,330,-13" /><INIT seed="3,0,0,3,0,124" ten="213,269,201,317" oya="3" hai0="82,35,23,62,84,47,4,123,64,10,74,81,29" hai1="70,12,72,21,48,111,94,65,7,58,2,113,11" hai2="122,13,26,77,68,134,18,100,37,126,30,31,46" hai3="53,86,73,36,20,119,32,19,33,133,78,83,55"/><W102/><G119/><T44/><D123/><U99/><E113/><V45/><F68/><W135/><G36/><T131/><D35/><U80/><E111/><V15/><F126/><W8/><G8/><T104/><D104/><U60/><E72/><V105/><F134/><N who="3" m="51211" /><G102/><T40/><D74/><U112/><E80/><V76/><F37/><W98/><G98/><T51/><D47/><N who="2" m="17930" /><F105/><W28/><G28/><N who="2" m="10793" /><F100/><W0/><G0/><T43/><D43/><U132/><E112/><V93/><F93/><W114/><G114/><T42/><D42/><U125/><E125/><V67/><F67/><W34/><G73/><T92/><D92/><U129/><E94/><V71/><F71/><W120/><G120/><T38/><D38/><U115/><E65/><V27/><F122/><W108/><G108/><T128/><D29/><U91/><E70/><V117/><F117/><W16/><G19/><T97/><D97/><U107/><E99/><V103/><F103/><W109/><G109/><T88/><D81/><U106/><E106/><V50/><F18/><W54/><G34/><T127/><D127/><U110/><E107/><V69/><F69/><W22/><G22/><T14/><REACH who="0" step="1"/><D23/><REACH who="0" ten="203,269,201,317" step="2"/><U130/><E21/><V89/><F77/><W95/><G95/><T49/><D49/><U90/><E48/><V3/><F50/><W25/><AGARI ba="0,1" hai="16,20,25,32,33,53,54,55,78,83,86" m="51211" machi="25" ten="30,3000,0" yaku="20,1,54,1" doraHai="124" who="3" fromWho="3" sc="203,-10,269,-10,201,-10,317,40" /><INIT seed="3,1,0,5,1,71" ten="193,259,191,357" oya="3" hai0="113,56,130,123,91,85,96,63,34,87,38,88,72" hai1="77,35,11,81,92,49,25,16,45,117,0,69,60" hai2="20,5,75,74,134,54,103,78,93,99,26,41,51" hai3="127,82,112,86,42,12,119,8,9,80,65,133,53"/><W14/><G119/><T18/><D72/><U15/><E117/><V122/><F134/><W101/><G112/><T19/><D123/><U129/><E129/><V27/><F122/><W125/><G101/><T24/><D130/><U73/><E0/><V47/><F5/><W21/><G65/><T23/><D34/><U46/><E92/><V89/><F78/><W84/><G21/><T132/><D132/><U121/><E121/><V76/><F76/><W61/><G133/><T55/><D38/><U70/><E60/><V116/><F116/><W40/><G61/><T120/><D120/><U59/><E59/><V128/><F128/><W2/><G53/><T50/><D113/><U100/><E46/><V108/><F108/><W109/><G2/><T3/><D3/><U22/><E100/><V106/><F54/><W105/><G105/><T126/><D126/><U102/><E102/><V124/><F27/><W4/><G4/><T13/><D50/><U114/><E35/><V95/><F106/><W7/><G7/><T135/><D135/><U52/><E114/><V48/><F48/><W98/><G98/><T36/><D36/><U32/><E32/><V68/><F68/><W17/><G17/><AGARI ba="1,0" hai="11,15,16,17,22,25,45,49,52,69,70,73,77,81" machi="17" ten="30,3900,0" yaku="7,1,54,2" doraHai="71" who="1" fromWho="3" sc="193,0,259,42,191,0,357,-42" /><INIT seed="4,0,0,3,3,34" ten="193,301,191,315" oya="0" hai0="134,37,48,86,31,71,50,46,78,41,12,14,82" hai1="5,28,102,25,94,6,121,119,52,13,131,104,83" hai2="58,10,116,99,62,103,45,63,32,55,75,118,106" hai3="23,112,117,124,123,128,49,107,38,79,105,101,68"/><T8/><D71/><U47/><E131/><V132/><F32/><W126/><G117/><N who="2" m="45161" /><F132/><W69/><G123/><T129/><D129/><U80/><E104/><V97/><F75/><W19/><G128/><T51/><D134/><U53/><E121/><V98/><F45/><W108/><G38/><T100/><D31/><U70/><E70/><V3/><F62/><W65/><G108/><T40/><D100/><U7/><E13/><V60/><F60/><W133/><G133/><T43/><REACH who="0" step="1"/><D14/><REACH who="0" ten="183,301,191,315" step="2"/><U72/><E102/><V35/><F35/><W96/><G69/><T135/><D135/><U22/><E119/><V26/><F26/><W21/><G101/><T77/><D77/><U0/><E25/><V42/><F42/><W125/><G79/><T57/><D57/><U120/><E28/><V54/><F103/><W95/><G68/><T93/><D93/><U4/><E94/><V29/><F106/><W2/><G105/><T67/><D67/><U59/><E59/><V36/><F29/><W130/><G65/><T84/><D84/><U30/><E30/><V115/><F98/><W74/><G130/><T61/><D61/><U64/><E64/><V127/><F99/><W114/><G107/><T20/><D20/><U9/><E22/><V109/><F97/><W90/><G23/><T76/><D76/><U56/><E56/><V111/><F58/><W66/><G66/><T24/><D24/><U1/><E120/><V17/><F63/><W113/><G96/><T92/><D92/><U16/><N who="1" m="1024" /><DORA hai="15" /><U39/><E9/><V122/><F10/><W27/><G27/><RYUUKYOKU ba="0,1" sc="183,30,301,-10,191,-10,315,-10" hai0="8,12,37,40,41,43,46,48,50,51,78,82,86" /><INIT seed="4,1,1,5,2,26" ten="213,291,181,305" oya="0" hai0="110,54,86,105,4,114,103,21,52,41,9,17,89" hai1="112,64,16,49,127,30,92,34,53,116,130,76,98" hai2="25,3,50,91,120,109,15,57,23,45,33,0,5" hai3="18,66,8,19,67,133,85,70,56,42,113,134,77"/><T71/><D71/><U128/><E116/><V73/><F73/><W27/><G113/><T82/><D114/><U58/><E112/><V108/><F57/><W47/><G70/><T35/><D35/><U93/><E127/><V132/><F91/><W72/><G72/><T111/><D41/><U37/><E37/><V62/><F62/><N who="3" m="38215" /><G67/><T22/><D103/><U69/><E76/><V6/><F50/><N who="3" m="26999" /><G8/><T39/><D105/><U117/><E64/><V107/><F45/><W123/><G27/><N who="0" m="14767" /><D22/><U126/><E69/><V129/><F107/><W119/><G119/><T43/><D43/><U79/><E79/><V24/><F120/><W1/><G1/><N who="2" m="585" /><F129/><W65/><G65/><T122/><D39/><U46/><E126/><V40/><F40/><W99/><G99/><T48/><D122/><U74/><E98/><V121/><F121/><W135/><G123/><T61/><D61/><U68/><E68/><V55/><F55/><W38/><G38/><T2/><D48/><U32/><E49/><V84/><F84/><W11/><G85/><T44/><D44/><U20/><E46/><V124/><F124/><W51/><G51/><T88/><D89/><U29/><E74/><V81/><F81/><W87/><G11/><T118/><D118/><U83/><E83/><AGARI ba="1,1" hai="18,19,77,83,87,133,134,135" m="26999,38215" machi="83" ten="30,1000,0" yaku="20,1" doraHai="26" who="3" fromWho="1" sc="213,0,291,-13,181,0,305,23" /><INIT seed="5,0,0,2,5,75" ten="213,278,181,328" oya="1" hai0="128,21,89,122,84,65,9,51,66,94,8,39,55" hai1="24,92,57,71,126,70,20,96,40,103,12,6,1" hai2="27,82,38,49,135,28,104,97,34,50,60,58,86" hai3="25,42,116,68,131,106,83,62,26,18,120,90,88"/><U45/><E126/><V130/><F38/><W78/><G106/><T23/><D39/><U11/><E1/><V81/><F130/><W3/><G120/><T91/><D128/><U99/><E99/><V132/><F82/><W46/><G3/><T48/><D122/><U123/><E123/><V101/><F135/><W133/><G133/><T36/><D36/><U33/><E33/><V110/><F110/><W37/><G131/><T2/><D2/><U85/><E57/><V95/><F104/><W56/><G68/><T30/><D30/><U13/><E13/><V52/><REACH who="2" step="1"/><F132/><REACH who="2" ten="213,278,171,328" step="2"/><W53/><G116/><T118/><D118/><U67/><E92/><V44/><F44/><W112/><G46/><T76/><D94/><U119/><E45/><V107/><F107/><W47/><G47/><T29/><D51/><U5/><E119/><V111/><F111/><W125/><G37/><T113/><D48/><U105/><E105/><V61/><F61/><W87/><G62/><T121/><D121/><U77/><E40/><V19/><F19/><W115/><G18/><T54/><D113/><U129/><E129/><V134/><F134/><W100/><G42/><T72/><D72/><U63/><E63/><V15/><F15/><W98/><G115/><T32/><D29/><U73/><E12/><V17/><F17/><W16/><G16/><T79/><D32/><U74/><E74/><V80/><F80/><W7/><G112/><T114/><D114/><U93/><E93/><V14/><F14/><W124/><G83/><T102/><D102/><U64/><E73/><V10/><F10/><RYUUKYOKU ba="0,1" sc="213,15,278,-15,171,15,328,-15" hai0="8,9,21,23,54,55,65,66,76,79,84,89,91" hai2="27,28,34,49,50,52,58,60,81,86,95,97,101" /><INIT seed="6,1,1,3,2,64" ten="228,263,186,313" oya="2" hai0="72,7,8,1,19,31,68,94,17,110,76,123,16" hai1="49,41,44,60,18,91,114,121,4,5,132,92,23" hai2="74,89,50,115,75,15,93,0,59,82,79,70,107" hai3="120,99,52,124,101,100,104,48,102,57,71,29,28"/><V80/><F0/><W126/><G120/><T9/><D110/><U40/><E114/><V130/><F70/><W97/><G71/><T96/><D123/><U109/><E132/><V3/><F3/><W13/><G13/><T66/><D31/><N who="3" m="11849" /><G99/><T33/><D33/><U133/><E133/><V20/><F107/><W14/><G14/><T127/><D127/><AGARI ba="1,1" hai="48,52,57,97,100,101,102,104,124,126,127" m="11849" machi="127" ten="30,2000,0" yaku="18,1,54,1" doraHai="64" who="3" fromWho="0" sc="228,-23,263,0,186,0,313,33" /><INIT seed="7,0,0,0,5,121" ten="205,263,186,346" oya="3" hai0="47,49,63,57,33,106,105,118,85,31,20,108,93" hai1="89,72,109,80,86,130,58,7,64,100,135,76,19" hai2="10,1,46,29,65,129,94,97,22,127,18,87,126" hai3="134,24,78,110,59,68,102,21,3,14,34,112,32"/><W35/><G68/><T36/><D108/><U73/><E7/><N who="2" m="1391" /><F87/><W30/><G110/><T99/><D36/><U53/><E109/><V120/><F65/><W116/><G59/><T67/><D33/><U40/><E40/><V125/><F46/><W91/><G3/><T45/><D118/><U81/><E64/><V12/><F120/><W83/><G34/><T111/><D111/><U82/><E100/><V132/><F129/><W101/><G35/><T71/><D71/><U88/><E135/><V75/><F75/><W70/><G134/><T122/><D85/><U95/><E130/><V51/><F51/><W84/><G116/><T13/><D122/><U60/><E73/><V42/><F42/><W48/><G48/><T62/><D62/><U104/><E104/><V17/><F132/><W26/><G101/><N who="0" m="60655" /><D13/><U4/><E89/><V92/><F92/><W52/><G14/><T123/><D123/><U15/><E4/><V77/><F77/><W11/><G102/><T27/><D47/><U133/><E133/><V119/><F119/><W50/><G78/><T74/><D74/><U79/><E79/><V103/><F29/><W107/><G30/><T55/><AGARI ba="0,0" hai="20,27,31,45,49,55,57,63,67,105,106" m="60655" machi="55" ten="30,1100,0" yaku="25,1" doraHai="121" who="0" fromWho="0" sc="205,11,263,-3,186,-3,346,-5" owari="216,-18.0,260,6.0,183,-32.0,341,44.0" /></mjloggm>