<mjloggm ver="2.3"><GO type="169" lobby="0"/><UN n0="%6E%6B%6A%73%68" n1="%6F%66" n2="%E3%82%B7%E3%83%B3%E3%83%97%E3%83%AB%E3%81%AA%E3%83%AF%E3%82%AD%E3%82%AC" n3="%E3%83%88%E3%83%88%E3%83%AA%E5%85%88%E7%94%9F%31%39%E6%AD%B3" dan="16,17,19,19" rate="2007.58,2174.96,2244.21,2298.34" sx="M,M,M,F"/><TAIKYOKU oya="0"/><INIT seed="0,0,0,2,1,59" ten="250,250,250,250" oya="0" hai0="46,105,128,63,85,117,44,86,40,30,39,99,51" hai1="1,61,31,6,36,54,129,83,127,14,130,106,5" hai2="91,58,21,65,78,90,94,107,70,68,115,45,34" hai3="15,0,49,95,134,42,25,125,96,38,121,41,2"/><T8/><D117/><U69/><E106/><V64/><F107/><W82/><G38/><T111/><D128/><N who="1" m="49259" /><E1/><V48/><F34/><W104/><G104/><T52/><D111/><U57/><E36/><V93/><F78/><W87/><G134/><T77/><D77/><U135/><E31/><V66/><F58/><W28/><G125/><T80/><D30/><U74/><E135/><V37/><F37/><W79/><G121/><T50/><D39/><U119/><E119/><V122/><F115/><W89/><G15/><T92/><D105/><U29/><E29/><V109/><F109/><W62/><G49/><T11/><D63/><N who="1" m="36279" /><E14/><V20/><F122/><W100/><G79/><N who="0" m="46239" /><D86/><U133/><E127/><V97/><F70/><W132/><G132/><T131/><D131/><U22/><E22/><V126/><F68/><W67/><G2/><T101/><AGARI ba="0,0" hai="8,11,40,44,46,50,51,52,92,99,101" m="46239" machi="101" ten="30,3000,0" yaku="8,1,54,1" doraHai="59" who="0" fromWho="0" sc="250,30,250,-10,250,-10,250,-10" /><INIT seed="0,1,0,2,1,77" ten="280,240,240,240" oya="0" hai0="13,134,87,116,41,73,12,119,42,54,112,68,90" hai1="10,23,80,35,45,22,123,89,40,102,43,132,104" hai2="52,17,61,121,11,20,96,26,113,69,7,78,2" hai3="32,114,76,31,118,127,44,82,95,117,101,5,133"/><T50/><D112/><U29/><E35/><V66/><F121/><W21/><G32/><T81/><D134/><U106/><E123/><V86/><F113/><W14/><G114/><T9/><D68/><U128/><E132/><V126/><F126/><W109/><G133/><T24/><D73/><U99/><E128/><V98/><REACH who="2" step="1"/><F52/><REACH who="2" ten="280,240,230,240" step="2"/><W39/><G127/><T110/><D119/><U15/><E43/><V64/><F64/><W6/><G118/><T34/><D116/><U71/><E40/><V135/><F135/><W67/><G67/><T33/><D42/><U92/><E45/><V56/><F56/><W124/><G44/><T105/><D41/><U108/><E71/><V91/><F91/><W122/><G117/><T111/><D111/><U30/><E89/><V19/><F19/><W103/><G109/><T63/><D110/><U48/><E108/><V49/><F49/><W55/><G55/><T75/><D50/><U125/><E48/><V18/><F18/><W0/><G124/><T79/><D90/><U27/><E125/><V115/><F115/><W16/><G122/><T85/><D54/><U83/><E106/><V53/><F53/><W8/><G39/><T84/><D105/><U62/><E104/><V57/><F57/><W1/><G101/><T129/><D129/><U28/><E62/><V58/><F58/><W107/><G107/><T3/><D63/><U97/><E102/><V70/><F70/><W100/><G100/><T37/><D37/><U59/><E59/><V36/><F36/><W46/><G103/><T25/><D34/><U51/><E51/><RYUUKYOKU ba="1,1" sc="280,-10,240,-10,230,30,240,-10" hai2="2,7,11,17,20,26,61,66,69,78,86,96,98" /><INIT seed="1,2,1,2,1,72" ten="270,230,260,230" oya="1" hai0="80,117,127,17,118,106,22,133,24,73,40,41,9" hai1="98,51,60,105,96,18,122,59,49,61,11,58,32" hai2="135,93,16,71,3,14,70,91,110,87,132,31,82" hai3="69,36,104,4,43,33,48,13,128,95,113,35,120"/><U112/><E112/><V83/><F3/><W75/><G120/><T47/><D106/><U34/><E105/><V130/><F31/><W23/><G104/><T124/><D133/><N who="2" m="51274" /><F110/><W0/><G69/><N who="2" m="26121" /><F130/><W64/><G64/><T21/><D9/><AGARI ba="2,1" hai="9,14,16,82,83,87,91,93" m="26121,51274" machi="9" ten="30,2000,0" yaku="20,1,54,1" doraHai="72" who="2" fromWho="0" sc="270,-26,230,0,260,36,230,0" /><INIT seed="2,0,0,0,4,51" ten="244,230,296,230" oya="2" hai0="53,57,103,54,130,116,46,41,35,71,131,40,113" hai1="55,27,119,120,81,106,38,111,9,123,28,117,61" hai2="0,31,15,91,42,107,63,30,23,58,59,6,135" hai3="88,133,89,126,1,124,39,86,94,2,65,104,19"/><V101/><F135/><W14/><G39/><T82/><D35/><U18/><E106/><V29/><F0/><W132/><G104/><T98/><D113/><U8/><E38/><V108/><F42/><W80/><G65/><T16/><D116/><U43/><E43/><N who="0" m="16457" /><D71/><U112/><E81/><V109/><F91/><W105/><G105/><T45/><D82/><U7/><E112/><V66/><F107/><W12/><G1/><T122/><D122/><N who="1" m="46635" /><E55/><N who="0" m="21001" /><D57/><U110/><E18/><N who="2" m="10719" /><F6/><W83/><G2/><T22/><D98/><U102/><E61/><V121/><F121/><W97/><G14/><N who="0" m="9495" /><D103/><U76/><E102/><V90/><F101/><W70/><G83/><T47/><D131/><U36/><E36/><V37/><F37/><W32/><G32/><T99/><D130/><U87/><E7/><V78/><F59/><W33/><G33/><T92/><D99/><U10/><E119/><V3/><F3/><W128/><G70/><T34/><D34/><N who="1" m="20767" /><E117/><V127/><F58/><W64/><G128/><T115/><D115/><U84/><E76/><V17/><F78/><W125/><REACH who="3" step="1"/><G64/><REACH who="3" ten="244,230,296,220" step="2"/><T129/><D129/><U24/><E24/><V26/><F26/><W11/><AGARI ba="0,1" hai="11,12,19,80,86,88,89,94,97,124,125,126,132,133" machi="11" ten="40,8000,1" yaku="1,1,2,1,0,1,18,1,54,1,53,0" doraHai="51" doraHaiUra="62" who="3" fromWho="3" sc="244,-20,230,-20,296,-40,220,90" /><INIT seed="3,0,0,4,3,70" ten="224,210,256,310" oya="3" hai0="43,0,58,106,15,59,134,109,21,29,64,118,56" hai1="45,115,98,53,114,62,99,82,44,63,77,91,125" hai2="69,78,104,30,48,17,111,24,97,23,16,5,19" hai3="26,66,93,94,10,27,74,7,55,2,18,61,122"/><W33/><G122/><T89/><D118/><U113/><E125/><V117/><F117/><W1/><G74/><T80/><D106/><U67/><E67/><V85/><F69/><W84/><G1/><T124/><D0/><U8/><E8/><V130/><F111/><W119/><G119/><T57/><D109/><U41/><E91/><V103/><F130/><W123/><G123/><T100/><D100/><U108/><E108/><V22/><F5/><W54/><G27/><N who="0" m="16623" /><D134/><U110/><E110/><V96/><F96/><W72/><G72/><T4/><D43/><U51/><E63/><V120/><F120/><W71/><G18/><T12/><D4/><U90/><E90/><V37/><F48/><W112/><G112/><T38/><D38/><U101/><E101/><V6/><F6/><W126/><G126/><T60/><D124/><U3/><E3/><V42/><F85/><AGARI ba="0,0" hai="12,15,56,57,58,59,60,64,80,85,89" m="16623" machi="85" ten="30,1000,0" yaku="8,1" doraHai="70" who="0" fromWho="2" sc="224,10,210,0,256,-10,310,0" /><INIT seed="4,0,0,2,1,99" ten="234,210,246,310" oya="0" hai0="25,37,9,123,71,24,93,69,94,84,48,8,86" hai1="109,127,66,16,104,40,29,98,46,135,101,80,0" hai2="22,2,23,85,62,134,96,38,13,118,51,61,97" hai3="108,132,122,129,103,3,33,100,126,82,72,56,36"/><T27/><D37/><U10/><E109/><V43/><F2/><W12/><RYUUKYOKU type="yao9" ba="0,0" sc="234,0,210,0,246,0,310,0" hai3="3,12,33,36,56,72,82,100,103,108,122,126,129,132" /><INIT seed="4,1,0,0,3,31" ten="234,210,246,310" oya="0" hai0="119,126,94,128,102,92,85,96,46,44,10,90,7" hai1="53,135,21,65,43,35,107,99,121,68,80,49,56" hai2="11,47,111,88,13,32,75,26,132,54,52,78,130" hai3="103,108,95,59,30,12,14,58,105,76,4,42,74"/><T38/><D119/><U66/><E121/><V62/><F111/><W110/><G105/><T29/><D126/><U33/><E135/><V91/><F132/><W133/><G133/><T98/><D128/><U25/><E43/><V73/><F130/><W118/><G118/><T123/><D123/><U70/><E80/><V117/><F117/><W97/><G42/><T122/><D122/><U24/><E24/><V63/><F26/><W34/><G76/><T57/><D38/><U2/><E2/><V83/><F32/><W113/><G74/><T72/><D72/><U71/><E66/><V0/><F0/><W89/><G113/><T41/><D29/><U37/><E65/><V86/><F75/><W28/><G95/><T93/><D57/><U81/><E81/><V36/><F36/><W114/><G97/><T22/><D22/><U64/><E64/><V16/><F73/><W19/><G89/><N who="2" m="34377" /><F47/><W101/><G19/><T9/><D98/><U6/><E6/><V131/><F131/><W20/><G4/><T100/><D46/><U1/><E1/><V125/><F125/><W115/><G20/><T18/><D7/><U77/><E77/><V87/><F87/><W5/><G5/><T45/><D45/><U134/><E37/><V82/><F82/><W39/><G39/><T23/><D44/><U3/><E3/><V17/><F17/><W61/><G34/><T40/><D40/><U79/><E134/><V109/><F109/><W50/><G50/><T48/><D41/><U124/><E124/><V112/><F112/><W84/><G84/><T116/><D85/><RYUUKYOKU ba="1,0" sc="234,-15,210,-15,246,15,310,15" hai2="11,13,16,52,54,62,63,78,83,86" hai3="12,14,28,30,58,59,61,101,103,108,110,114,115" /><INIT seed="5,2,0,2,4,133" ten="219,195,261,325" oya="1" hai0="98,88,97,15,113,6,87,78,117,134,103,54,20" hai1="118,115,63,50,53,85,11,124,10,121,79,4,52" hai2="41,105,129,135,16,125,102,14,19,46,69,7,13" hai3="34,76,109,48,26,56,35,122,119,3,81,128,91"/><U25/><E115/><V92/><F69/><W51/><G109/><T106/><D134/><U8/><E118/><V27/><F135/><W32/><G122/><T71/><D117/><U22/><E121/><V131/><F105/><W127/><G119/><T114/><D71/><U80/><E124/><V83/><F83/><W100/><G3/><T55/><D78/><U49/><E4/><V70/><F70/><W95/><G100/><T43/><D43/><U94/><E94/><V31/><F7/><W45/><G127/><T23/><D6/><U120/><E120/><V44/><F125/><W36/><G128/><N who="2" m="49225" /><F92/><W57/><G36/><T68/><D68/><U47/><E63/><V65/><F65/><W90/><G95/><T107/><D113/><U110/><E110/><V67/><F67/><W75/><G48/><T82/><D114/><U84/><E84/><V21/><F102/><W73/><G73/><T39/><D106/><U126/><E126/><V104/><F104/><W99/><G99/><T74/><D98/><U42/><REACH who="1" step="1"/><E50/><REACH who="1" ten="219,185,261,325" step="2"/><N who="2" m="26895" /><F46/><W24/><G45/><T38/><D107/><U96/><E96/><V30/><F13/><W58/><G51/><T12/><D15/><U77/><E77/><V40/><F14/><W59/><G91/><T9/><D39/><U18/><AGARI ba="2,1" hai="8,10,11,18,22,25,42,47,49,52,53,79,80,85" machi="18" ten="30,11700,0" yaku="1,1,0,1,8,1,54,1,53,0" doraHai="133" doraHaiUra="61" who="1" fromWho="1" sc="219,-41,185,133,261,-41,325,-41" /><INIT seed="5,3,0,4,0,105" ten="178,318,220,284" oya="1" hai0="110,1,92,18,97,35,45,134,70,109,57,23,102" hai1="44,8,0,69,67,33,14,62,101,85,108,75,73" hai2="90,51,37,104,107,112,10,106,79,71,34,3,116" hai3="126,113,26,4,15,119,94,89,120,128,13,28,43"/><U5/><E108/><V29/><F116/><W50/><G120/><T39/><D70/><U68/><E68/><V103/><F90/><W125/><G113/><T132/><D35/><U25/><E101/><V72/><F51/><W88/><G128/><T53/><D1/><U2/><E85/><V42/><F112/><W63/><G119/><T124/><D124/><N who="3" m="47721" /><G4/><T22/><D45/><U87/><E87/><V9/><F9/><W7/><G7/><T131/><D39/><U46/><E46/><N who="2" m="23887" /><F71/><W82/><G89/><T54/><D131/><U80/><E80/><N who="2" m="45159" /><F103/><W130/><G130/><T11/><D11/><U114/><E114/><V55/><F55/><W47/><G63/><N who="0" m="36271" /><D54/><U6/><E44/><V86/><F86/><N who="3" m="52503" /><G82/><T38/><D110/><U96/><E96/><V16/><F16/><W111/><G111/><T12/><D109/><U30/><REACH who="1" step="1"/><E6/><REACH who="1" ten="178,308,220,284" step="2"/><N who="2" m="1375" /><F107/><W81/><G81/><T27/><D102/><U91/><E91/><V49/><F49/><W98/><G98/><T123/><D38/><U99/><E99/><V74/><F74/><AGARI ba="3,1" hai="0,2,5,8,14,25,30,33,62,67,69,73,74,75" machi="74" ten="40,12000,1" yaku="1,1,52,3,53,0" doraHai="105" doraHaiUra="121" who="1" fromWho="2" sc="178,0,308,139,220,-129,284,0" /><INIT seed="5,4,0,2,3,7" ten="178,447,91,284" oya="1" hai0="13,68,32,65,87,105,22,126,47,119,46,128,45" hai1="19,63,50,134,42,118,90,54,80,98,10,34,84" hai2="58,106,29,107,117,40,85,89,49,100,11,122,101" hai3="94,131,33,53,8,103,114,113,57,48,93,30,91"/><U104/><E118/><V70/><F117/><W51/><G131/><T75/><D75/><U74/><E134/><V99/><F70/><W77/><G77/><T61/><D119/><U132/><E132/><V24/><F122/><W12/><G103/><T15/><D128/><U69/><E34/><V60/><F40/><W83/><G30/><T125/><D105/><U2/><E42/><V66/><F49/><W64/><G33/><T108/><D108/><U112/><E112/><N who="3" m="43114" /><G64/><T26/><D32/><U44/><E74/><V20/><F101/><W43/><G83/><T110/><D110/><U0/><E104/><V6/><F99/><W124/><G124/><N who="0" m="47723" /><D87/><U88/><E98/><V78/><F100/><W72/><G91/><T127/><N who="0" m="47731" /><T96/><DORA hai="97" /><D96/><U92/><E90/><V102/><F102/><W81/><G81/><T129/><D129/><U135/><E80/><V21/><F78/><W73/><G94/><T4/><D4/><U41/><E135/><V31/><F85/><W71/><G93/><T35/><D35/><U17/><E92/><V115/><F89/><W16/><G71/><T9/><D9/><U25/><E88/><V18/><F115/><W121/><G121/><T27/><D27/><U5/><E84/><V36/><F21/><W1/><G1/><T86/><D86/><U67/><E0/><N who="2" m="455" /><F36/><W109/><G109/><T120/><D120/><U123/><E123/><V56/><F107/><W62/><G43/><T82/><D82/><U133/><E133/><V38/><F106/><W76/><G72/><T59/><D68/><U52/><E25/><RYUUKYOKU ba="4,0" sc="178,10,447,10,91,-30,284,10" hai0="13,15,22,26,45,46,47,59,61,65" hai1="2,5,10,17,19,41,44,50,52,54,63,67,69" hai3="8,12,16,48,51,53,57,62,73,76" /><INIT seed="5,5,0,3,3,69" ten="188,457,61,294" oya="1" hai0="42,77,95,45,96,26,47,83,23,53,100,114,34" hai1="75,55,82,109,85,11,81,98,46,120,62,6,99" hai2="101,112,12,73,89,8,135,49,63,15,130,122,30" hai3="7,108,25,2,40,94,39,0,51,76,17,110,66"/><U84/><E120/><V50/><F122/><W38/><G51/><T31/><D114/><U35/><E35/><V105/><F73/><W65/><G94/><T124/><D124/><U33/><E33/><V29/><F130/><W97/><G40/><T106/><D34/><U48/><E75/><V118/><F118/><W37/><G17/><T117/><D117/><U64/><E109/><N who="3" m="42090" /><G7/><T103/><D106/><U107/><E107/><V60/><F105/><W93/><G93/><T61/><D100/><U32/><E32/><V111/><F111/><W44/><G44/><T113/><D113/><U36/><E84/><V70/><F112/><W87/><G87/><N who="0" m="48623" /><D42/><N who="1" m="22855" /><E11/><V5/><F8/><W78/><G25/><T57/><AGARI ba="5,0" hai="23,26,31,45,47,53,57,61,95,96,103" m="48623" machi="57" ten="30,1100,0" yaku="8,1" doraHai="69" who="0" fromWho="0" sc="188,26,457,-10,61,-8,294,-8" /><INIT seed="6,0,0,1,5,115" ten="214,447,53,286" oya="2" hai0="29,105,57,32,86,75,79,24,16,1,17,130,0" hai1="13,95,116,118,90,76,60,109,83,44,30,93,28" hai2="132,63,129,20,6,82,27,38,49,59,22,134,91" hai3="55,5,52,81,100,33,104,21,102,87,74,23,126"/><V78/><F38/><W61/><G33/><T85/><D105/><U10/><E109/><V120/><F120/><W123/><G74/><T108/><D75/><U128/><E128/><V62/><F129/><W48/><G123/><T65/><D130/><U101/><E101/><N who="3" m="39018" /><G104/><T121/><D108/><U43/><E60/><V31/><F6/><W70/><G70/><T84/><D121/><U66/><E66/><V114/><F114/><W73/><G73/><T45/><D79/><U12/><E90/><V2/><F2/><W113/><G126/><T46/><D65/><U19/><E13/><V39/><F39/><W14/><G61/><T68/><D57/><U110/><E110/><V122/><F122/><W64/><G55/><T37/><D68/><U135/><E30/><V69/><F69/><W8/><G64/><T107/><D107/><U77/><E28/><V131/><F131/><W56/><G113/><T111/><D111/><U15/><E76/><AGARI ba="0,0" hai="5,8,14,21,23,48,52,56,76,81,87" m="39018" machi="76" ten="30,2000,0" yaku="8,1,54,1" doraHai="115" who="3" fromWho="1" sc="214,0,447,-20,53,0,286,20" /><INIT seed="7,0,0,4,0,42" ten="214,427,53,306" oya="3" hai0="22,96,135,113,19,106,114,79,17,25,57,127,122" hai1="107,78,92,66,41,36,70,124,115,32,31,13,89" hai2="84,9,62,108,69,58,111,39,71,101,123,105,121" hai3="128,80,126,109,129,45,131,76,35,40,1,7,86"/><W20/><G35/><T30/><D122/><U61/><E78/><V59/><F84/><W15/><G126/><T29/><D79/><U3/><E3/><V53/><F101/><W116/><G116/><T55/><D127/><U6/><E124/><V112/><F9/><W51/><G109/><T65/><D65/><U23/><E115/><V95/><F95/><W44/><G1/><T46/><D135/><U100/><E41/><V99/><F99/><W43/><G20/><T93/><D106/><U27/><E36/><V67/><F105/><W52/><G44/><T81/><D81/><U77/><E77/><V72/><F72/><W11/><AGARI ba="0,0" hai="7,11,15,40,43,45,51,52,76,80,86,128,129,131" machi="11" ten="40,12000,1" yaku="0,1,19,1,52,1,54,1" doraHai="42" who="3" fromWho="3" sc="214,-40,427,-40,53,-40,306,120" owari="174,-23.0,387,19.0,13,-49.0,426,53.0" /></mjloggm>