<mjloggm ver="2.3"><GO type="169" lobby="0"/><UN n0="%E3%81%98%E3%83%BC%E3%81%95%E3%83%BC" n1="%EF%BC%8A%EF%BC%8A%E8%8D%92%E5%B7%9D%E6%86%A9%EF%BC%8A%EF%BC%8A" n2="%E3%83%88%E3%83%88%E3%83%AA%E5%85%88%E7%94%9F%31%39%E6%AD%B3" n3="%E3%83%92%E3%83%AB%E3%83%99%E3%83%AB%E3%83%88" dan="16,16,19,17" rate="2060.83,2120.95,2304.94,2214.52" sx="M,M,F,M"/><TAIKYOKU oya="0"/><INIT seed="0,0,0,3,5,124" ten="250,250,250,250" oya="0" hai0="2,117,62,126,83,96,132,38,88,113,122,0,95" hai1="99,63,84,101,133,92,74,58,47,112,54,79,4" hai2="10,71,131,69,90,86,108,43,129,33,81,105,49" hai3="57,64,120,45,9,42,31,66,5,94,8,89,100"/><T26/><D113/><U72/><E112/><V37/><F37/><W35/><G100/><T76/><D117/><U91/><E133/><V119/><F33/><W30/><G35/><T123/><D38/><U111/><E111/><V134/><F108/><W17/><G17/><T110/><D110/><U98/><E4/><V29/><F29/><W3/><G120/><T61/><D126/><U39/><E79/><V21/><F105/><W59/><G8/><T36/><D36/><U48/><E39/><V68/><F134/><W15/><G3/><T103/><D132/><U77/><E77/><V20/><F10/><W135/><G135/><T115/><D115/><U1/><E1/><V85/><F119/><W18/><G5/><T51/><D0/><U27/><E27/><V128/><F86/><W82/><G82/><T25/><D2/><U13/><E13/><V52/><F43/><W60/><G59/><AGARI ba="0,0" hai="20,21,49,52,59,68,69,71,81,85,90,128,129,131" machi="59" ten="50,8000,1" yaku="19,1,52,3,54,1" doraHai="124" who="2" fromWho="3" sc="250,0,250,0,250,80,250,-80" /><INIT seed="1,0,0,2,5,68" ten="250,250,330,170" oya="1" hai0="40,4,48,57,19,107,63,31,62,122,20,56,69" hai1="104,10,8,41,84,51,60,88,86,132,65,23,55" hai2="12,121,135,7,14,126,30,127,120,78,109,111,119" hai3="105,3,73,64,133,27,59,101,83,49,82,11,37"/><U85/><E132/><V96/><F78/><W76/><G37/><T6/><D107/><U123/><E123/><N who="2" m="47179" /><F96/><W42/><G133/><T91/><D69/><U18/><E41/><V1/><F135/><W99/><G27/><T13/><D122/><U130/><E130/><V58/><F119/><W79/><G3/><T113/><D113/><U0/><E104/><V93/><F93/><W52/><G11/><T24/><D91/><U95/><E0/><V17/><F30/><W26/><G26/><T46/><D57/><N who="1" m="37007" /><E8/><N who="2" m="2159" /><F58/><W43/><REACH who="3" step="1"/><G64/><REACH who="3" ten="250,250,330,160" step="2"/><T47/><D24/><N who="1" m="14455" /><E10/><N who="2" m="6295" /><F14/><W35/><G35/><T118/><D13/><U90/><E95/><V131/><F131/><W25/><G25/><T66/><D66/><U21/><E21/><V61/><F61/><W110/><G110/><AGARI ba="0,1" hai="109,110,111,126,127" m="6295,2159,47179" machi="110" ten="30,3900,0" yaku="14,1,34,2" doraHai="68" who="2" fromWho="3" sc="250,0,250,0,330,49,160,-39" /><INIT seed="2,0,0,2,1,0" ten="250,250,379,121" oya="2" hai0="37,65,90,135,73,63,71,26,88,84,13,24,39" hai1="109,35,59,80,98,95,123,91,8,11,1,83,85" hai2="127,2,57,66,124,40,43,112,53,77,122,79,58" hai3="126,129,78,75,102,97,134,116,76,133,27,101,62"/><V108/><F112/><W17/><G17/><T72/><D135/><N who="3" m="51721" /><G27/><T103/><D103/><N who="3" m="39433" /><G62/><T93/><D73/><U16/><E35/><V114/><F114/><W3/><G3/><T18/><D72/><U87/><E1/><V29/><F122/><W82/><G116/><T48/><D48/><U42/><E123/><V54/><F2/><W89/><G129/><T14/><D14/><U41/><E59/><V30/><REACH who="2" step="1"/><F66/><REACH who="2" ten="250,250,369,121" step="2"/><W50/><G50/><T49/><D49/><U74/><E109/><AGARI ba="0,1" hai="29,30,40,43,53,54,57,58,77,79,108,109,124,127" machi="109" ten="25,9600,0" yaku="1,1,2,1,22,2,53,0" doraHai="0" doraHaiUra="67" who="2" fromWho="1" sc="250,0,250,-96,369,106,121,0" /><INIT seed="2,1,0,1,0,51" ten="250,154,475,121" oya="2" hai0="115,26,80,92,62,129,48,52,117,66,27,25,5" hai1="77,10,98,50,86,34,127,3,107,30,22,43,104" hai2="118,42,17,103,102,13,56,100,124,6,35,72,110" hai3="12,21,74,49,81,2,112,113,16,63,85,7,114"/><V93/><F118/><W38/><G38/><T41/><D115/><U90/><E34/><V58/><F35/><W106/><G106/><T119/><D129/><U29/><E127/><V89/><F72/><W45/><G74/><T70/><D41/><U96/><E77/><V14/><F124/><W83/><G63/><T0/><D80/><U82/><E107/><V36/><F110/><W87/><G2/><T71/><D71/><U111/><E111/><V67/><F36/><W76/><G7/><T95/><D5/><U84/><E3/><V23/><F42/><W59/><G59/><T121/><D0/><U4/><E104/><V99/><REACH who="2" step="1"/><F67/><REACH who="2" ten="250,154,465,121" step="2"/><W122/><G122/><T32/><D32/><U130/><E43/><V8/><AGARI ba="1,1" hai="6,8,13,14,17,23,56,58,89,93,99,100,102,103" machi="8" ten="30,11700,0" yaku="1,1,2,1,0,1,8,1,53,0" doraHai="51" doraHaiUra="39" who="2" fromWho="2" sc="250,-40,154,-40,465,130,121,-40" /><INIT seed="2,2,0,3,0,54" ten="210,114,595,81" oya="2" hai0="94,96,17,1,103,115,104,7,117,131,121,21,118" hai1="65,119,46,82,42,48,107,76,88,36,66,89,116" hai2="0,29,67,40,111,101,75,85,112,123,22,81,126" hai3="127,38,51,74,45,20,91,24,14,61,73,125,77"/><V130/><F112/><W86/><G38/><T50/><D115/><U135/><E107/><V16/><F123/><W92/><G77/><T44/><D121/><U37/><E135/><V59/><F0/><W64/><G14/><T6/><D131/><U69/><E119/><N who="0" m="45577" /><D94/><U110/><E116/><V122/><F75/><W63/><G74/><T28/><D28/><U68/><E110/><V129/><F126/><N who="3" m="48139" /><G73/><T3/><D3/><U19/><E76/><N who="2" m="46247" /><F29/><W13/><G13/><N who="0" m="9391" /><D1/><U98/><E36/><V133/><F101/><W84/><G84/><T93/><D104/><U11/><E37/><V79/><F122/><W62/><G20/><T124/><D124/><U114/><E114/><V128/><F133/><W23/><G23/><T78/><D78/><U47/><E69/><V60/><F79/><W108/><G24/><T102/><D102/><U18/><E68/><V80/><F80/><W95/><G95/><T39/><D39/><U15/><E82/><V70/><F111/><W25/><G25/><T8/><D8/><U49/><E19/><V109/><F109/><W56/><G108/><T10/><D10/><U4/><E18/><V113/><F113/><W105/><G105/><T120/><D120/><U52/><REACH who="1" step="1"/><E98/><REACH who="1" ten="210,104,595,81" step="2"/><V26/><F70/><W100/><G100/><T30/><D30/><U71/><E71/><V32/><F128/><W31/><G31/><T41/><AGARI ba="2,1" hai="6,7,41,44,50,93,96,103" m="9391,45577" machi="41" ten="30,1100,0" yaku="12,1" doraHai="54" who="0" fromWho="0" sc="210,27,104,-5,595,-7,81,-5" /><INIT seed="3,0,0,3,5,88" ten="237,99,588,76" oya="3" hai0="14,69,117,29,98,12,134,28,24,135,78,96,64" hai1="19,58,9,25,86,51,122,112,97,66,101,113,132" hai2="63,91,11,61,10,27,73,76,133,123,119,59,72" hai3="54,55,74,129,15,18,39,77,67,53,33,87,125"/><W32/><G39/><T120/><D117/><U107/><E122/><V130/><F119/><W102/><G125/><T60/><D78/><U116/><E116/><V30/><F91/><W121/><G121/><T47/><D29/><U41/><E132/><N who="0" m="50729" /><D47/><U44/><E86/><V42/><F73/><W13/><G129/><T34/><D120/><U40/><E40/><V36/><F42/><W128/><G128/><T79/><D79/><U131/><E131/><V92/><F76/><W56/><G74/><T75/><D75/><U103/><E103/><V1/><F30/><W71/><G102/><T20/><D20/><U109/><E109/><V126/><F72/><W84/><G71/><T23/><D23/><U100/><E100/><V37/><F133/><W108/><G108/><T124/><D124/><U45/><E45/><V82/><F126/><W118/><G118/><T110/><D110/><U35/><E35/><N who="3" m="13386" /><G18/><T85/><D85/><N who="3" m="32841" /><G77/><T0/><D0/><U2/><E2/><V93/><F1/><W114/><G114/><T8/><D12/><N who="3" m="4681" /><G67/><T22/><D34/><U65/><E65/><V49/><F130/><W3/><G3/><T48/><D48/><U46/><E46/><V68/><F49/><W106/><G56/><T38/><D38/><U57/><E66/><V16/><F59/><N who="1" m="22537" /><E9/><V111/><F111/><W26/><G26/><T43/><D43/><U105/><E105/><AGARI ba="0,0" hai="53,54,55,105,106" m="4681,32841,13386" machi="105" ten="40,3900,0" yaku="28,2" doraHai="88" who="3" fromWho="1" sc="237,0,99,-39,588,0,76,39" /><INIT seed="3,1,0,4,0,61" ten="237,60,588,115" oya="3" hai0="4,16,37,0,69,6,27,33,21,48,109,67,110" hai1="100,71,42,18,123,39,60,97,26,19,46,121,78" hai2="56,125,119,68,23,107,70,2,86,20,76,103,134" hai3="24,91,25,84,59,63,106,105,66,8,17,15,57"/><W112/><G112/><T133/><D37/><U7/><E7/><V36/><F56/><W30/><G59/><T73/><D73/><U104/><E78/><V111/><F86/><W124/><G124/><T116/><D116/><U13/><E26/><V53/><F76/><W89/><G25/><T3/><D133/><U43/><E43/><V108/><F103/><W41/><G41/><T52/><D33/><U54/><E18/><V11/><F36/><W22/><REACH who="3" step="1"/><G91/><REACH who="3" ten="237,60,588,105" step="2"/><T114/><D114/><U14/><E54/><V118/><F125/><W1/><G1/><T32/><D0/><U98/><E13/><V40/><F2/><W115/><G115/><T130/><D3/><U38/><E38/><V90/><F40/><W126/><G126/><T77/><D27/><U131/><E121/><V101/><F90/><W65/><G65/><T99/><D52/><U29/><E123/><V9/><F53/><W92/><AGARI ba="1,1" hai="8,15,17,22,24,30,57,63,66,84,89,92,105,106" machi="92" ten="20,18000,2" yaku="1,1,0,1,7,1,52,1,53,2" doraHai="61" doraHaiUra="102" who="3" fromWho="3" sc="237,-61,60,-61,588,-61,105,193" owari="176,-22.0,-1,-50.0,527,62.0,298,10.0" /></mjloggm>