<mjloggm ver="2.3"><GO type="169" lobby="0"/><UN n0="%4E%45%4F%E3%81%B5%E3%81%A3%E3%81%8F%E3%82%93" n1="%E3%82%BF%E3%82%B1%E3%82%AA%E3%81%97%E3%82%83%E3%82%93" n2="%E6%94%BE%E9%8A%83%E6%99%82%E8%A3%8F%E4%B9%97%E7%8E%87%E5%85%AD%E5%89%B2" n3="%E3%83%88%E3%83%88%E3%83%AA%E5%85%88%E7%94%9F%31%39%E6%AD%B3" dan="16,20,16,19" rate="2100.01,2285.98,2147.16,2290.92" sx="M,M,M,F"/><TAIKYOKU oya="0"/><INIT seed="0,0,0,0,0,7" ten="250,250,250,250" oya="0" hai0="24,3,86,25,70,79,104,57,90,76,38,67,40" hai1="113,94,20,22,95,59,37,56,28,128,105,135,13" hai2="91,114,21,116,26,102,14,82,97,9,84,52,49" hai3="5,83,31,2,85,109,6,39,42,132,32,92,89"/><T127/><D104/><U122/><E105/><V72/><F116/><W123/><G123/><T125/><D3/><U60/><E37/><V11/><F114/><W41/><G109/><T121/><D70/><U98/><E122/><V54/><F72/><W101/><G132/><T96/><D96/><U68/><E135/><V45/><F54/><W55/><G31/><T27/><D121/><U88/><E128/><V78/><F14/><W134/><G32/><T87/><D40/><U64/><E113/><V29/><F78/><N who="0" m="29738" /><D38/><U23/><E28/><V61/><F61/><W117/><G117/><T103/><D103/><U47/><E47/><V17/><F29/><W62/><G134/><T33/><D90/><U53/><E94/><AGARI ba="0,0" hai="9,11,17,21,26,45,49,52,82,84,91,94,97,102" machi="94" ten="30,8000,1" yaku="7,1,8,1,52,2,54,1" doraHai="7" who="2" fromWho="1" sc="250,0,250,-80,250,80,250,0" /><INIT seed="1,0,0,1,4,23" ten="250,170,330,250" oya="1" hai0="28,86,32,1,68,104,98,73,30,70,133,39,36" hai1="65,112,114,4,0,44,58,37,103,17,91,117,79" hai2="10,81,57,21,11,25,106,59,132,27,90,127,8" hai3="7,63,64,92,84,45,20,131,82,19,130,22,99"/><U12/><E117/><V128/><F106/><W66/><G7/><T74/><D86/><U107/><E79/><V105/><F105/><W52/><G22/><T120/><D104/><U5/><E107/><V119/><F21/><W122/><G122/><T88/><D88/><U126/><E103/><V3/><F119/><W47/><G47/><T77/><D77/><U85/><E126/><V2/><F90/><N who="3" m="51479" /><G130/><T49/><D49/><U6/><E0/><N who="2" m="43" /><F81/><W53/><G131/><T125/><D98/><U75/><E75/><V96/><F96/><W55/><G45/><T29/><D120/><U46/><E37/><N who="0" m="14409" /><D133/><U72/><E72/><N who="0" m="27753" /><D1/><U83/><E112/><V56/><F128/><W78/><G63/><T15/><D15/><U115/><E114/><V116/><F116/><W48/><G48/><T13/><D13/><U34/><E34/><V108/><F132/><W26/><G78/><T51/><D51/><U94/><E83/><V61/><F61/><W60/><G60/><T41/><D32/><U113/><E113/><V101/><F101/><AGARI ba="0,0" hai="19,20,26,52,53,55,64,66,92,99,101" m="51479" machi="101" ten="30,3900,0" yaku="8,1,52,1,54,1" doraHai="23" who="3" fromWho="2" sc="250,0,170,0,330,-39,250,39" /><INIT seed="2,0,0,0,4,132" ten="250,170,291,289" oya="2" hai0="37,117,17,13,46,94,24,115,123,105,41,92,120" hai1="127,50,116,110,83,122,43,44,15,65,25,64,70" hai2="89,75,77,100,33,68,104,80,128,102,96,58,21" hai3="87,111,86,31,133,19,29,6,121,69,18,101,131"/><V57/><F33/><W129/><G121/><T81/><D105/><U63/><E116/><V73/><F68/><W3/><G69/><T30/><D117/><U35/><E64/><V22/><F128/><N who="3" m="49227" /><G101/><T59/><D115/><U55/><E110/><V28/><F89/><W27/><G86/><T53/><D81/><U1/><E1/><V54/><F28/><N who="3" m="10827" /><G87/><T76/><D76/><U26/><E35/><V98/><F80/><W112/><G133/><T108/><D108/><U56/><E83/><V23/><F77/><W51/><G51/><T99/><D94/><U106/><E106/><V78/><F78/><W14/><G3/><T114/><D114/><U134/><E134/><V16/><F54/><W119/><G119/><T88/><D53/><U40/><E40/><V11/><F75/><W72/><G72/><T9/><REACH who="0" step="1"/><D59/><REACH who="0" ten="240,170,291,289" step="2"/><N who="2" m="22538" /><F104/><W62/><G111/><T109/><D109/><U20/><E122/><V125/><F73/><W95/><G95/><T93/><D93/><U12/><E55/><V85/><F102/><W71/><G112/><T67/><D67/><U90/><E70/><V45/><F100/><W135/><G135/><T107/><D107/><U42/><E65/><V118/><F118/><W97/><G71/><T36/><D36/><U8/><E90/><V61/><F85/><W38/><G38/><T91/><D91/><U74/><E74/><V79/><F79/><W124/><G97/><T10/><D10/><U130/><E8/><V32/><F11/><W34/><G62/><T4/><D4/><U2/><E63/><V7/><F61/><W47/><G6/><RYUUKYOKU ba="0,1" sc="240,30,170,-10,291,-10,289,-10" hai0="9,13,17,24,30,37,41,46,88,92,99,120,123" /><INIT seed="3,1,1,1,3,106" ten="270,160,281,279" oya="3" hai0="53,109,16,75,26,5,127,128,99,15,121,30,34" hai1="104,76,92,6,113,79,135,71,37,29,87,40,124" hai2="9,21,58,126,120,47,35,25,125,85,8,81,64" hai3="82,101,48,118,38,52,19,61,133,134,22,68,107"/><W2/><G118/><T122/><D109/><U74/><E71/><V66/><F35/><W67/><G2/><T80/><D128/><U0/><E76/><V13/><F47/><W14/><G38/><T111/><D111/><U103/><E29/><V49/><F120/><W119/><G119/><T33/><D33/><U43/><E113/><V72/><F72/><W32/><G32/><T36/><D36/><U4/><E124/><V70/><F70/><W31/><G31/><T41/><D41/><U77/><E77/><V51/><F13/><W78/><G101/><T12/><D127/><U45/><E40/><V62/><F66/><W28/><G107/><T116/><D116/><U46/><E46/><V105/><F105/><W60/><G60/><T59/><D99/><N who="1" m="61567" /><E135/><V11/><F126/><W1/><G1/><T129/><D129/><U115/><E115/><V27/><F125/><W123/><G28/><T84/><D75/><U44/><E44/><V7/><F7/><W132/><G123/><T114/><D12/><U54/><E54/><V39/><F39/><W100/><G100/><T23/><D5/><U93/><E87/><V3/><F3/><W117/><G117/><T88/><D114/><U96/><E96/><V95/><F95/><W17/><G17/><T102/><D102/><U24/><E24/><N who="2" m="9291" /><F21/><W65/><G65/><T110/><D110/><U57/><E6/><V56/><F58/><N who="3" m="33031" /><G134/><T50/><AGARI ba="1,1" hai="15,16,23,26,30,34,50,53,59,80,84,88,121,122" machi="50" ten="20,5200,0" yaku="0,1,7,1,54,2" doraHai="106" who="0" fromWho="0" sc="270,65,160,-14,281,-14,279,-27" /><INIT seed="4,0,0,3,3,128" ten="335,146,267,252" oya="0" hai0="20,96,74,107,59,51,67,101,135,15,11,30,33" hai1="111,94,8,103,132,21,102,112,88,95,57,86,113" hai2="100,29,106,119,17,134,93,39,92,56,76,83,14" hai3="109,24,18,75,5,60,2,110,6,27,98,108,131"/><T125/><D74/><U105/><E8/><V123/><F39/><W63/><G75/><T114/><D114/><N who="1" m="44139" /><E21/><V64/><F123/><W65/><G131/><T71/><D125/><U22/><E22/><V16/><F29/><W48/><G18/><T34/><D59/><U117/><E57/><V35/><F35/><W7/><G98/><T97/><D51/><U70/><E70/><V61/><F106/><W38/><G38/><T58/><D58/><U54/><E54/><V13/><F119/><W127/><G48/><T10/><D97/><N who="1" m="61679" /><E111/><V68/><F56/><W62/><G127/><T9/><D15/><U73/><E117/><V115/><F115/><W49/><G49/><T40/><D20/><U77/><E132/><V89/><F134/><W124/><G124/><T43/><D34/><U45/><E45/><V84/><F14/><W0/><G65/><T31/><D31/><U69/><E69/><V82/><F13/><W130/><G130/><T99/><D99/><N who="1" m="59775" /><E73/><V81/><F61/><W26/><AGARI ba="0,0" hai="0,2,5,6,7,24,26,27,60,62,63,108,109,110" machi="26" ten="50,32000,5" yakuman="40" doraHai="128" who="3" fromWho="3" sc="335,-160,146,-80,267,-80,252,320" /><INIT seed="5,0,0,5,5,13" ten="175,66,187,572" oya="1" hai0="69,27,84,119,129,75,21,18,82,106,80,72,61" hai1="1,25,127,128,86,31,64,10,112,95,92,9,58" hai2="37,120,56,49,51,90,5,35,121,63,107,111,50" hai3="22,39,41,54,30,117,110,96,14,134,47,59,24"/><U93/><E112/><V131/><F111/><W0/><G0/><T26/><D119/><U11/><E127/><V103/><F37/><W52/><G110/><T76/><D106/><U12/><E1/><V99/><F35/><W33/><G117/><T34/><D129/><U79/><E128/><V123/><F131/><W91/><G134/><T46/><D46/><U113/><E113/><V60/><F5/><W7/><G59/><T135/><D135/><U15/><E79/><V98/><F90/><W8/><G33/><T62/><D72/><U44/><E44/><V73/><F73/><W67/><G67/><T126/><D126/><U45/><E45/><V3/><F3/><W97/><G97/><T57/><D69/><U132/><E132/><V17/><F99/><W23/><G23/><T40/><D40/><U48/><E86/><V133/><F133/><W116/><G116/><T68/><D68/><U71/><E71/><V77/><F77/><W104/><G104/><T53/><D62/><U87/><E87/><V105/><F105/><W83/><G83/><T66/><D34/><U42/><E42/><V43/><F43/><W118/><G118/><T102/><D66/><U94/><N who="1" m="23552" /><DORA hai="19" /><U115/><E115/><V130/><F63/><W100/><G91/><T89/><D102/><U28/><E64/><V85/><F85/><W20/><G100/><T81/><D82/><U122/><E122/><V2/><F2/><N who="3" m="119" /><G96/><T32/><D32/><U125/><E125/><V55/><F130/><W4/><G41/><T114/><D114/><U88/><E88/><V101/><F103/><RYUUKYOKU ba="0,0" sc="175,15,66,-15,187,15,572,-15" hai0="18,21,26,27,53,57,61,75,76,80,81,84,89" hai2="17,49,50,51,55,56,60,98,101,107,120,121,123" /><INIT seed="6,1,0,4,1,59" ten="190,51,202,557" oya="2" hai0="23,16,37,29,118,27,131,12,60,65,106,129,110" hai1="9,18,78,81,28,26,19,120,35,126,20,32,116" hai2="85,97,102,128,89,48,96,58,87,0,40,70,91" hai3="42,83,135,57,127,119,33,90,39,45,2,117,68"/><V75/><F70/><W98/><G68/><T53/><D37/><U105/><E105/><V104/><F0/><W84/><G2/><T101/><D110/><U1/><E116/><V121/><F121/><W6/><G6/><T15/><D118/><U95/><E126/><V86/><F58/><W30/><G127/><T107/><D53/><U31/><E95/><N who="2" m="56447" /><F48/><W7/><G7/><T103/><D15/><U76/><E120/><V64/><F64/><W99/><G57/><N who="0" m="37007" /><D106/><U114/><E114/><V79/><F40/><W130/><G83/><T93/><D107/><U77/><E81/><N who="2" m="45311" /><F128/><N who="0" m="49226" /><D93/><AGARI ba="1,0" hai="85,86,87,89,93,97,102,104" m="45311,56447" machi="93" ten="30,18000,2" yaku="24,1,35,5" doraHai="59" who="2" fromWho="0" sc="190,-183,51,0,202,183,557,0" /><INIT seed="6,2,0,4,3,10" ten="7,51,385,557" oya="2" hai0="131,79,46,109,27,113,117,106,21,52,31,135,14" hai1="20,101,80,85,99,53,82,7,66,25,19,67,127" hai2="68,81,92,4,90,124,29,133,2,36,18,129,5" hai3="70,86,115,88,17,6,23,65,3,76,0,73,89"/><V71/><F36/><W77/><G73/><T41/><D117/><U69/><E127/><V120/><F29/><W104/><G104/><T74/><D109/><U118/><E118/><V83/><F120/><W84/><G70/><T57/><D106/><U37/><E37/><V100/><F100/><W60/><G6/><T64/><D113/><U95/><E69/><V98/><F129/><W55/><G65/><T103/><D131/><U78/><E7/><V58/><F133/><W15/><G0/><T44/><D135/><U30/><E53/><V125/><F68/><W33/><G3/><T45/><D74/><U63/><E80/><V22/><F71/><W24/><G33/><T112/><D79/><U8/><E63/><V105/><F105/><W54/><G24/><T40/><D103/><U59/><E59/><V97/><F58/><N who="3" m="34903" /><G55/><T126/><D126/><N who="2" m="48746" /><F98/><W94/><G115/><T11/><D64/><U132/><E132/><V75/><F75/><W93/><AGARI ba="2,0" hai="15,17,23,76,77,84,86,88,89,93,94" m="34903" machi="93" ten="30,4000,0" yaku="8,1,52,1,54,1" doraHai="10" who="3" fromWho="3" sc="7,-12,51,-12,385,-22,557,46" owari="-5,-51.0,39,-36.0,363,16.0,603,71.0" /></mjloggm>