<mjloggm ver="2.3"><GO type="169" lobby="0"/><UN n0="%E6%88%B0%E5%A0%B4%E3%83%B6%E5%8E%9F%E3%81%B2%E3%81%9F%E3%81%8E" n1="%E7%A6%81%E7%85%99%E9%9B%80%E8%8D%98" n2="%E3%83%88%E3%83%88%E3%83%AA%E5%85%88%E7%94%9F%31%39%E6%AD%B3" n3="%E3%83%8E%E3%83%96%E3%82%AD" dan="16,17,19,16" rate="2094.99,2188.32,2275.51,2160.38" sx="F,M,F,M"/><TAIKYOKU oya="0"/><INIT seed="0,0,0,1,4,113" ten="250,250,250,250" oya="0" hai0="97,96,77,119,20,100,50,95,38,14,98,78,36" hai1="94,87,134,120,40,110,67,0,107,86,61,76,5" hai2="84,68,109,123,93,116,26,90,128,59,129,118,41" hai3="103,31,30,88,29,114,54,42,135,47,27,45,85"/><T108/><D119/><N who="2" m="45610" /><F123/><W75/><G114/><T63/><D108/><U99/><E107/><V33/><F68/><W43/><G135/><T1/><D1/><U39/><E40/><N who="3" m="15402" /><G75/><T37/><D63/><U71/><E5/><V104/><F104/><W132/><G132/><T101/><D50/><U122/><E0/><V24/><F109/><W124/><G124/><T74/><D74/><U17/><E39/><V70/><F70/><W34/><G34/><T15/><D20/><U57/><E134/><V48/><F59/><W46/><G103/><N who="0" m="39499" /><D95/><U4/><E57/><V44/><F33/><W106/><G106/><T58/><D58/><U10/><E71/><V121/><F121/><W73/><G73/><T25/><D25/><AGARI ba="0,0" hai="24,25,26,41,44,48,84,90,93,128,129" m="45610" machi="25" ten="30,7700,0" yaku="12,1,52,3" doraHai="113" who="2" fromWho="0" sc="250,-77,250,0,250,77,250,0" /><INIT seed="1,0,0,2,5,78" ten="173,250,327,250" oya="1" hai0="4,28,74,45,19,18,97,26,49,57,62,11,48" hai1="80,123,77,81,9,53,37,110,92,36,91,85,8" hai2="16,15,118,108,52,60,35,72,63,79,104,87,38" hai3="84,105,117,75,107,113,65,42,73,83,20,132,106"/><U69/><E123/><V112/><F118/><W130/><G42/><T121/><D74/><N who="3" m="28169" /><G20/><T68/><D121/><U102/><E69/><V67/><F104/><W44/><G44/><T51/><D68/><U82/><E77/><V100/><F72/><W23/><G23/><T7/><D97/><U25/><E110/><V6/><F35/><W58/><G58/><T127/><D127/><U111/><E111/><V50/><F38/><W119/><G65/><T14/><D45/><U64/><E64/><V46/><F112/><W22/><G22/><T2/><D2/><U115/><E115/><V135/><F135/><W96/><G113/><T54/><REACH who="0" step="1"/><D4/><REACH who="0" ten="163,250,327,250" step="2"/><U124/><E124/><V94/><F6/><W21/><G96/><T86/><D86/><U31/><E102/><V10/><F108/><W41/><G84/><T40/><D40/><U5/><E5/><V76/><F87/><W99/><G41/><T61/><D61/><U116/><E116/><V128/><F63/><W3/><G99/><T122/><D122/><U70/><E70/><V134/><F134/><W101/><G3/><T126/><D126/><U32/><REACH who="1" step="1"/><E53/><REACH who="1" ten="163,240,327,250" step="2"/><V13/><F67/><W95/><G119/><T71/><D71/><U30/><E30/><V34/><F52/><W0/><G117/><T12/><D12/><U125/><E125/><V33/><F13/><W88/><G101/><T29/><D29/><U66/><E66/><V56/><F100/><W114/><G114/><T120/><D120/><U98/><E98/><V133/><F15/><W90/><G132/><T129/><D129/><U17/><E17/><RYUUKYOKU ba="0,2" sc="163,15,240,15,327,-15,250,-15" hai0="7,11,14,18,19,26,28,48,49,51,54,57,62" hai1="8,9,25,31,32,36,37,80,81,82,85,91,92" /><INIT seed="1,1,2,2,1,107" ten="178,255,312,235" oya="1" hai0="124,65,110,29,56,5,109,12,64,133,98,10,57" hai1="77,38,18,13,20,132,34,114,32,119,36,120,42" hai2="21,58,8,25,27,62,26,84,0,71,54,55,51" hai3="81,118,45,112,16,74,17,72,79,52,66,95,86"/><U1/><E114/><V7/><F84/><W40/><G112/><T100/><D124/><U33/><E119/><V14/><F0/><W22/><G118/><T130/><D130/><U73/><E120/><V68/><F68/><W76/><G66/><N who="0" m="25707" /><D29/><U43/><E1/><V4/><F4/><W104/><G104/><T23/><D23/><U135/><E42/><V59/><REACH who="2" step="1"/><F71/><REACH who="2" ten="178,255,302,235" step="2"/><W128/><G128/><T87/><D133/><N who="1" m="51275" /><E43/><V99/><F99/><W82/><G86/><T103/><D87/><U116/><E116/><V78/><F78/><W108/><G40/><T60/><D60/><U121/><E121/><V19/><AGARI ba="1,3" hai="7,8,14,19,21,25,26,27,51,54,55,58,59,62" machi="19" ten="20,5200,0" yaku="1,1,0,1,7,1,8,1,53,0" doraHai="107" doraHaiUra="41" who="2" fromWho="2" sc="178,-14,255,-27,302,85,235,-14" /><INIT seed="2,0,0,2,0,108" ten="164,228,387,221" oya="2" hai0="66,88,81,62,17,90,118,109,12,111,43,86,38" hai1="53,2,93,21,52,45,87,79,127,18,84,114,54" hai2="4,101,94,121,102,126,77,24,7,89,25,19,116" hai3="128,50,23,27,95,67,106,82,71,16,41,117,30"/><V22/><F116/><W132/><G106/><T65/><D118/><U40/><E2/><V28/><F121/><W0/><G117/><T83/><D43/><U10/><E127/><V34/><F126/><W85/><G0/><T13/><D38/><U110/><E110/><V129/><F129/><W76/><G128/><T107/><D107/><U91/><E10/><V130/><F130/><W39/><G39/><T74/><D62/><U37/><E114/><V104/><F77/><W3/><G3/><T134/><D86/><U131/><E131/><V123/><F123/><W55/><G132/><T72/><REACH who="0" step="1"/><D17/><REACH who="0" ten="154,228,387,221" step="2"/><U99/><REACH who="1" step="1"/><E79/><REACH who="1" ten="154,218,387,221" step="2"/><V115/><F104/><W5/><G76/><T59/><D59/><U9/><E9/><V33/><F115/><W44/><G71/><T11/><D11/><U135/><E135/><AGARI ba="0,2" hai="12,13,65,66,72,74,81,83,88,90,109,111,134,135" machi="135" ten="25,12000,2" yaku="1,1,22,2,54,1,53,2" doraHai="108" doraHaiUra="120" who="0" fromWho="1" sc="154,140,218,-120,387,0,221,0" /><INIT seed="3,0,0,3,4,108" ten="294,98,387,221" oya="3" hai0="28,42,88,127,33,59,104,51,110,131,105,0,83" hai1="17,71,90,100,115,22,46,116,87,80,3,102,2" hai2="57,76,65,120,16,121,43,55,113,69,20,135,1" hai3="36,6,118,67,95,74,91,75,14,133,106,130,25"/><W12/><G118/><T47/><D110/><U37/><E71/><V93/><F1/><W58/><G36/><T123/><D0/><U79/><E116/><V30/><F30/><W35/><G106/><T53/><D131/><U117/><E117/><V34/><F34/><W107/><G107/><T29/><D127/><U126/><E126/><V63/><F135/><W73/><G133/><T13/><D123/><N who="2" m="47178" /><F43/><W112/><G130/><T134/><D134/><U62/><E2/><V8/><F8/><W129/><G129/><T31/><D13/><U19/><E3/><V119/><F76/><W114/><G35/><T109/><D109/><U68/><E17/><V5/><F5/><W24/><G24/><T103/><D103/><U101/><E37/><V132/><F93/><W128/><G25/><T78/><D33/><U40/><E40/><V11/><F11/><W86/><G128/><T111/><D111/><U124/><E46/><V41/><F41/><W84/><G84/><T39/><D105/><U64/><E124/><V18/><F18/><W27/><G27/><T122/><D104/><U26/><REACH who="1" step="1"/><E79/><REACH who="1" ten="294,88,387,221" step="2"/><V96/><F132/><W56/><G6/><T85/><D78/><U38/><E38/><V60/><F119/><W49/><G67/><T10/><D122/><U94/><E94/><V89/><F65/><W44/><G44/><T15/><D31/><U70/><E70/><V98/><F69/><W72/><G58/><T77/><D77/><U4/><E4/><AGARI ba="0,1" hai="4,10,15,28,29,39,42,47,51,53,59,83,85,88" machi="4" ten="30,2000,0" yaku="7,1,54,1" doraHai="108" who="0" fromWho="1" sc="294,30,88,-20,387,0,221,0" /><INIT seed="4,0,0,2,4,3" ten="324,68,387,221" oya="0" hai0="126,55,42,38,28,87,78,32,129,62,127,25,7" hai1="97,19,67,59,85,23,4,81,65,61,94,118,49" hai2="11,86,51,0,20,24,14,56,131,66,15,91,53" hai3="130,40,106,89,107,109,116,77,33,44,98,30,8"/><T101/><D129/><U21/><E118/><V71/><F131/><W50/><G130/><T43/><D38/><U119/><E119/><V95/><F71/><W1/><G109/><T64/><D101/><U93/><E65/><V39/><F39/><N who="3" m="21535" /><G89/><T99/><D99/><U90/><E94/><V26/><F0/><W104/><G50/><T110/><D55/><U117/><E117/><V17/><REACH who="2" step="1"/><F66/><REACH who="2" ten="324,68,377,221" step="2"/><W111/><G1/><T122/><D110/><U96/><E97/><V125/><F125/><W128/><G98/><T60/><D122/><U31/><E31/><V73/><F73/><W16/><G30/><T70/><D64/><U63/><E63/><V29/><F29/><W92/><G128/><T72/><D70/><U108/><E108/><V100/><F100/><W41/><G111/><T48/><D72/><U112/><E112/><V69/><F69/><W2/><G2/><T52/><D126/><U58/><E67/><V37/><F37/><W82/><G116/><T134/><D127/><U35/><E61/><V45/><F45/><W121/><G121/><T76/><D60/><U88/><E59/><V79/><F79/><W105/><G77/><T103/><D76/><U47/><E58/><V34/><F34/><W68/><G33/><T113/><D62/><U18/><E35/><V135/><F135/><W123/><G68/><T133/><D133/><U10/><E47/><V80/><F80/><W6/><G82/><N who="0" m="47575" /><D103/><U124/><E124/><V120/><F120/><W46/><G123/><T75/><D75/><U102/><E102/><V12/><F12/><N who="3" m="7175" /><G46/><N who="0" m="27671" /><D134/><U132/><E132/><RYUUKYOKU ba="0,1" sc="324,-10,68,-10,377,30,221,-10" hai2="11,14,15,17,20,24,26,51,53,56,86,91,95" /><INIT seed="5,1,1,2,3,76" ten="314,58,407,211" oya="1" hai0="4,103,133,52,65,48,67,17,31,92,40,107,18" hai1="5,0,81,66,116,13,71,25,41,90,45,72,98" hai2="109,79,93,50,86,15,83,131,69,16,115,70,88" hai3="12,101,94,6,53,129,64,3,112,135,124,7,108"/><U14/><E116/><V29/><F109/><W118/><G108/><T68/><D107/><U19/><E66/><V97/><F131/><W8/><G118/><T44/><D68/><U62/><E62/><V59/><F115/><W134/><G112/><T111/><D4/><U27/><E71/><V46/><F59/><W91/><G129/><T21/><D111/><U121/><E121/><V24/><F24/><W122/><G122/><T75/><D75/><U61/><E61/><V57/><F57/><W54/><G124/><T113/><D133/><N who="3" m="50697" /><G101/><T42/><D113/><U96/><E96/><V123/><F29/><W99/><G64/><N who="0" m="24651" /><D31/><U126/><E126/><V33/><F33/><W85/><G99/><N who="0" m="59879" /><D17/><U39/><E98/><V128/><F128/><W117/><G117/><T20/><D21/><N who="1" m="11511" /><E13/><AGARI ba="1,1" hai="13,18,20,40,42,44,48,52" m="59879,24651" machi="13" ten="30,2000,0" yaku="8,1,54,1" doraHai="76" who="0" fromWho="1" sc="314,33,58,-23,407,0,211,0" /><INIT seed="6,0,0,0,4,121" ten="347,35,407,211" oya="2" hai0="34,115,55,28,65,85,39,12,81,72,3,86,93" hai1="80,135,84,60,96,112,99,122,100,23,54,109,52" hai2="132,58,11,41,73,35,118,128,107,108,131,94,56" hai3="61,87,10,71,47,111,105,18,32,19,129,57,33"/><V9/><F118/><W49/><G105/><T116/><D3/><U103/><E122/><V45/><F107/><W79/><G71/><T134/><D39/><U74/><E112/><V62/><F35/><W51/><G129/><N who="2" m="49737" /><F73/><W127/><G127/><T67/><D115/><U26/><E74/><V125/><F125/><W76/><G87/><T110/><D93/><U119/><E119/><V38/><F132/><W120/><G57/><N who="2" m="22121" /><F62/><W59/><G59/><T43/><D55/><U117/><E117/><V13/><F94/><W78/><G120/><T123/><D43/><U17/><E135/><V2/><F2/><W29/><G47/><T91/><D123/><U48/><E60/><V133/><F133/><W77/><G61/><T7/><D116/><U98/><E109/><V101/><F101/><W66/><G111/><T4/><D110/><U30/><E30/><V97/><F97/><W64/><G29/><T21/><D28/><U31/><E31/><V27/><F27/><W95/><G95/><T70/><D34/><N who="3" m="13417" /><G10/><N who="2" m="3593" /><F108/><W82/><G82/><T25/><D81/><U75/><E75/><V113/><F13/><W46/><G46/><T5/><D12/><U130/><E130/><V90/><F90/><W1/><G1/><T16/><D134/><U14/><E26/><V106/><F106/><W44/><G44/><T40/><D72/><U37/><E37/><V6/><F113/><W124/><G124/><T20/><D91/><N who="1" m="51591" /><E54/><V8/><F8/><W36/><G36/><T0/><D0/><U22/><E22/><V68/><F68/><W88/><G76/><T53/><D20/><RYUUKYOKU ba="0,0" sc="347,-15,35,15,407,15,211,-15" hai1="14,17,23,48,52,96,98,99,100,103" hai2="6,38,41,45" /><INIT seed="6,1,0,4,5,65" ten="332,50,422,196" oya="2" hai0="49,69,133,130,79,125,105,99,25,67,82,124,104" hai1="35,42,103,29,70,89,76,23,50,112,0,20,74" hai2="21,56,51,47,119,48,68,118,117,108,131,26,24" hai3="55,123,66,92,22,64,38,57,44,81,17,15,40"/><V4/><F131/><W73/><G123/><T60/><D130/><U134/><E0/><V6/><F108/><W27/><G92/><T54/><D133/><U41/><E35/><V121/><F121/><W31/><G81/><T83/><D25/><U59/><E134/><V127/><F127/><N who="0" m="48714" /><D99/><U101/><E112/><V10/><F56/><W132/><G73/><N who="0" m="43375" /><D83/><U18/><E74/><V91/><F118/><W84/><G84/><T128/><D128/><U63/><E76/><V5/><F91/><W34/><G132/><T14/><D14/><U111/><E111/><V2/><F24/><W96/><G96/><T135/><D135/><U8/><E8/><V110/><F110/><W52/><G55/><T120/><D120/><U1/><E1/><V16/><F10/><W61/><AGARI ba="1,0" hai="15,17,22,27,31,34,38,40,44,52,57,61,64,66" machi="61" ten="20,2700,0" yaku="0,1,7,1,54,1" doraHai="65" who="3" fromWho="3" sc="332,-8,50,-8,422,-14,196,30" /><INIT seed="7,0,0,1,3,133" ten="324,42,408,226" oya="3" hai0="100,132,111,78,57,86,58,89,68,20,73,45,65" hai1="35,75,82,96,1,59,48,118,71,30,21,11,25" hai2="60,95,90,49,125,84,80,94,123,104,32,36,39" hai3="53,52,83,34,81,72,27,5,116,63,40,67,47"/><W121/><G116/><T93/><D111/><U102/><E118/><V113/><F125/><W98/><G121/><T7/><D132/><U41/><E71/><V22/><F32/><W56/><G5/><T126/><D7/><U64/><E75/><V79/><F104/><W105/><G72/><T24/><D126/><U4/><E82/><V29/><F123/><W115/><G115/><T61/><D100/><U42/><E48/><V119/><F119/><W107/><G107/><T130/><D130/><U13/><E96/><V46/><F113/><W10/><G10/><T38/><D78/><U109/><E102/><V37/><F60/><W122/><G122/><T19/><D73/><U18/><E109/><V55/><F95/><W9/><G9/><T117/><D117/><U88/><E88/><V2/><F2/><W8/><G8/><T108/><D108/><U12/><E12/><V112/><F112/><W101/><G53/><T28/><D28/><U87/><E87/><V70/><F70/><N who="3" m="42367" /><G47/><T33/><D33/><U127/><E127/><V15/><F15/><W103/><G103/><T50/><D38/><U26/><E26/><V43/><F22/><W77/><G77/><T91/><D91/><U85/><E85/><V124/><F29/><N who="3" m="19775" /><G40/><AGARI ba="0,0" hai="19,20,24,40,45,50,57,58,61,65,68,86,89,93" machi="40" ten="30,1000,0" yaku="7,1" doraHai="133" who="0" fromWho="3" sc="324,10,42,0,408,0,226,-10" owari="334,13.0,42,-46.0,408,51.0,216,-18.0" /></mjloggm>