<mjloggm ver="2.3"><GO type="169" lobby="0"/><UN n0="%EF%BC%A2%6C%75%65%47%6F%61%74" n1="%E3%83%88%E3%83%88%E3%83%AA%E5%85%88%E7%94%9F%31%39%E6%AD%B3" n2="%46%41%4D" n3="%E3%82%B5%E3%83%96%E3%82%A2%E3%83%A9%E3%83%89" dan="16,19,16,16" rate="2047.83,2271.13,2112.97,2075.45" sx="M,F,M,M"/><TAIKYOKU oya="0"/><INIT seed="0,0,0,4,1,20" ten="250,250,250,250" oya="0" hai0="86,108,54,126,102,31,58,30,14,11,39,53,15" hai1="99,95,75,71,65,5,1,7,89,98,43,119,74" hai2="103,105,26,28,81,116,112,10,12,64,22,60,36" hai3="117,47,70,45,111,41,85,118,114,48,72,61,107"/><T19/><D126/><U90/><E119/><V122/><F112/><W80/><G107/><T57/><D108/><U51/><E71/><V110/><F36/><W9/><G114/><T44/><D102/><U49/><E65/><V73/><F122/><W24/><G72/><T134/><D134/><U42/><REACH who="1" step="1"/><E95/><REACH who="1" ten="250,240,250,250" step="2"/><V0/><F116/><W66/><G111/><T56/><D86/><U46/><E46/><V50/><F110/><W55/><G118/><T34/><D34/><U100/><E100/><V59/><F103/><W88/><G117/><T129/><D129/><U104/><E104/><V101/><F101/><W62/><G62/><T68/><D68/><U4/><E4/><V40/><F105/><W33/><G47/><T124/><D124/><U123/><E123/><V63/><F60/><W106/><G106/><T94/><D94/><U69/><E69/><V120/><F120/><W25/><G33/><T52/><D44/><U18/><E18/><V29/><F63/><W16/><G41/><T17/><REACH who="0" step="1"/><D39/><REACH who="0" ten="240,240,250,250" step="2"/><U127/><E127/><V78/><F59/><W113/><G113/><T27/><D27/><U79/><E79/><V135/><F78/><W3/><G3/><AGARI ba="0,2" hai="1,3,5,7,42,43,49,51,74,75,89,90,98,99" machi="3" ten="25,3200,0" yaku="1,1,22,2,53,0" doraHai="20" doraHaiUra="23" who="1" fromWho="3" sc="240,0,240,52,250,0,250,-32" /><INIT seed="1,0,0,1,2,117" ten="240,292,250,218" oya="1" hai0="61,32,132,94,73,112,11,101,52,129,90,120,48" hai1="71,102,45,27,114,70,74,30,127,77,37,57,25" hai2="38,55,39,96,9,128,18,42,72,80,125,65,36" hai3="89,118,44,3,58,24,92,91,21,68,82,106,22"/><U62/><E114/><V59/><F125/><W4/><G106/><T66/><D112/><U135/><E127/><V130/><F42/><W54/><G68/><T40/><D73/><U17/><E135/><V123/><F65/><W84/><G118/><T133/><D32/><U121/><E121/><V56/><F96/><W47/><G4/><T116/><D116/><U100/><E17/><V76/><F123/><W75/><G75/><T34/><D34/><U23/><E27/><V111/><F111/><W35/><G35/><T113/><D113/><U110/><E110/><V20/><F9/><W87/><G22/><T131/><D101/><U19/><E19/><V50/><REACH who="2" step="1"/><F59/><REACH who="2" ten="240,292,240,218" step="2"/><W67/><G67/><T5/><D40/><N who="1" m="22671" /><E57/><V6/><F6/><W88/><G3/><T46/><D120/><U103/><E71/><V10/><F10/><W64/><G64/><T43/><D43/><U60/><E70/><V119/><F119/><W31/><REACH who="3" step="1"/><G91/><REACH who="3" ten="240,292,240,208" step="2"/><T15/><D132/><U85/><E103/><V69/><F69/><W134/><G134/><T98/><D133/><U115/><E115/><V28/><F28/><W29/><G29/><T79/><D66/><U12/><E102/><V33/><F33/><W8/><G8/><T1/><D1/><U51/><E100/><V0/><F0/><W13/><G13/><AGARI ba="0,2" hai="13,18,20,36,38,39,50,55,56,72,76,80,128,130" machi="13" ten="40,1300,0" yaku="1,1,53,0" doraHai="117" doraHaiUra="26" who="2" fromWho="3" sc="240,0,292,0,240,33,208,-13" /><INIT seed="2,0,0,1,5,88" ten="240,292,273,195" oya="2" hai0="37,97,5,35,55,132,19,27,113,117,9,129,115" hai1="30,1,95,68,127,91,23,121,56,34,131,107,28" hai2="108,20,18,74,12,15,114,123,3,0,106,126,93" hai3="38,72,80,130,6,67,43,96,100,32,116,40,47"/><V44/><F106/><W22/><G116/><T16/><D37/><U101/><E1/><V53/><F123/><W119/><G130/><T58/><D129/><U60/><E131/><V112/><F74/><W26/><G119/><T21/><D132/><U69/><E34/><V64/><F64/><W90/><G43/><T2/><D117/><U82/><E127/><V133/><F126/><W13/><G67/><T77/><D77/><U81/><E107/><V39/><F133/><W125/><G125/><T51/><D35/><U120/><E101/><V89/><F15/><W76/><G32/><T24/><REACH who="0" step="1"/><D97/><REACH who="0" ten="230,292,273,195" step="2"/><U92/><E121/><V33/><F33/><W109/><G109/><T65/><D65/><U48/><E120/><V17/><F39/><W31/><G90/><T118/><D118/><U94/><E91/><V87/><F108/><W54/><G96/><T36/><D36/><U4/><E69/><V70/><F70/><W52/><G100/><T66/><D66/><N who="1" m="39175" /><E68/><V11/><F114/><W102/><G102/><T86/><D86/><U10/><E48/><V78/><F112/><W49/><G38/><T110/><D110/><U105/><E105/><V63/><F78/><W122/><G122/><T128/><D128/><U46/><E82/><V7/><F89/><W50/><G50/><T98/><D98/><U85/><E81/><V75/><F87/><W8/><AGARI ba="0,1" hai="6,8,13,22,26,31,40,47,49,52,54,72,76,80" machi="8" ten="30,2000,0" yaku="0,1,54,1" doraHai="88" who="3" fromWho="3" sc="230,-5,292,-5,273,-10,195,30" /><INIT seed="3,0,0,5,1,31" ten="225,287,263,225" oya="3" hai0="76,50,126,80,66,90,54,72,43,61,84,39,41" hai1="11,120,1,60,134,10,115,52,25,125,32,108,102" hai2="78,55,18,7,14,106,91,57,56,51,104,33,112" hai3="119,83,62,9,49,113,93,129,86,53,75,92,122"/><W105/><G122/><T99/><D126/><U88/><E120/><V46/><F112/><W27/><G119/><T28/><D28/><N who="1" m="19471" /><E102/><V81/><F7/><W36/><G36/><T103/><D39/><U73/><E73/><V40/><F91/><W121/><G121/><T6/><D6/><U123/><E1/><V47/><F33/><W19/><G113/><T48/><D61/><U71/><E123/><V17/><F47/><W45/><G105/><T3/><D66/><U131/><E71/><V110/><F18/><W96/><G75/><T37/><D37/><U101/><E101/><V44/><F44/><W127/><G127/><T98/><D3/><U34/><E34/><V89/><F89/><N who="3" m="51423" /><G62/><T107/><D99/><U15/><E15/><V0/><F0/><W68/><G68/><T77/><D77/><U95/><E108/><V130/><F110/><W24/><G93/><T16/><D50/><U5/><E5/><V118/><F118/><W111/><G111/><T124/><D124/><U128/><E115/><V20/><F104/><W117/><G117/><T38/><D38/><U13/><E125/><V4/><F106/><W35/><G35/><T67/><D72/><U85/><E134/><V82/><F4/><W116/><G116/><T94/><D107/><U23/><E131/><V114/><F130/><W8/><G129/><T132/><D132/><U79/><E79/><V42/><F114/><W109/><G109/><T29/><D94/><U100/><E128/><V69/><F69/><W22/><G27/><T63/><D63/><U74/><E60/><V65/><F78/><RYUUKYOKU ba="0,0" sc="225,-10,287,-10,263,-10,225,30" hai3="8,9,19,22,24,45,49,53,92,96" /><INIT seed="3,1,0,5,2,91" ten="215,277,253,255" oya="3" hai0="25,15,32,117,92,0,105,89,93,28,59,131,53" hai1="135,110,100,3,14,30,45,115,112,42,82,132,103" hai2="35,55,40,122,61,111,87,33,67,22,37,83,75" hai3="7,39,80,19,48,108,57,21,2,16,76,56,94"/><W34/><G34/><T118/><D105/><U71/><E3/><V38/><F75/><W77/><G39/><T74/><D74/><U98/><E71/><V13/><F111/><W43/><G108/><T85/><D0/><U6/><E110/><V17/><F122/><W52/><G7/><T99/><D131/><U70/><E70/><V134/><F134/><N who="1" m="51241" /><E30/><V128/><F128/><W101/><G2/><T62/><REACH who="0" step="1"/><D15/><REACH who="0" ten="205,277,253,255" step="2"/><U109/><E14/><V125/><F13/><N who="3" m="9359" /><G19/><T29/><D29/><U12/><E109/><V58/><F17/><W104/><G104/><T114/><D114/><U36/><E115/><V68/><F125/><W90/><G43/><T49/><D49/><U81/><E112/><V64/><F40/><W60/><G101/><AGARI ba="1,1" hai="25,28,32,53,59,62,85,89,92,93,99,101,117,118" machi="101" ten="30,7700,0" yaku="1,1,7,1,52,2,53,0" doraHai="91" doraHaiUra="4" who="0" fromWho="3" sc="205,90,277,0,253,0,255,-80" /><INIT seed="4,0,0,1,5,77" ten="295,277,253,175" oya="0" hai0="19,40,14,50,17,4,105,125,56,52,18,60,63" hai1="72,0,71,110,103,55,46,118,8,90,93,81,78" hai2="115,61,39,24,84,33,131,80,132,76,109,9,49" hai3="7,91,27,59,128,53,42,99,134,123,129,41,45"/><T122/><D122/><U25/><E110/><V70/><F109/><W75/><G75/><T13/><D105/><U108/><E108/><V2/><F39/><W5/><G123/><T64/><D125/><U20/><E118/><V11/><F2/><W112/><G27/><T62/><D40/><U65/><E103/><V121/><F121/><W57/><G99/><T30/><D30/><U54/><E46/><V98/><F98/><W101/><G101/><T124/><D124/><U28/><E65/><V89/><F76/><W38/><G91/><T21/><REACH who="0" step="1"/><D64/><REACH who="0" ten="285,277,253,175" step="2"/><U47/><E28/><N who="2" m="19591" /><F132/><W135/><G42/><T130/><D130/><N who="3" m="50281" /><G112/><T10/><AGARI ba="0,1" hai="4,10,13,14,17,18,19,21,50,52,56,60,62,63" machi="10" ten="30,11700,0" yaku="1,1,0,1,8,1,54,1,53,0" doraHai="77" doraHaiUra="67" who="0" fromWho="0" sc="285,127,277,-39,253,-39,175,-39" /><INIT seed="4,1,0,3,4,1" ten="412,238,214,136" oya="0" hai0="61,135,31,34,112,9,77,38,28,132,52,127,41" hai1="89,25,99,95,113,85,90,32,133,44,124,104,27" hai2="23,91,98,40,101,103,58,19,56,106,30,81,79" hai3="72,36,33,107,0,63,120,29,115,82,12,66,5"/><T13/><D38/><U17/><E133/><N who="0" m="51273" /><D41/><U3/><E124/><V2/><F2/><W42/><G120/><T105/><D105/><U47/><E32/><V54/><F30/><W43/><G115/><T75/><D34/><U80/><E113/><V67/><F103/><W62/><G12/><T46/><D127/><U125/><E125/><V70/><F70/><N who="3" m="42327" /><G63/><T134/><D75/><U21/><E3/><V128/><F40/><W119/><G43/><T60/><D77/><U57/><E104/><V10/><F67/><W4/><G119/><T130/><D61/><U87/><E57/><V22/><F58/><W64/><G5/><T71/><D60/><U6/><E6/><V88/><F56/><W100/><G64/><T116/><D71/><U117/><E117/><V16/><F54/><W123/><G123/><T7/><D7/><U51/><E27/><V35/><F35/><W108/><G108/><T65/><D65/><U126/><E126/><V84/><F19/><W45/><G29/><T55/><D31/><U121/><E121/><V94/><F128/><W92/><G33/><T39/><D28/><U15/><E25/><V122/><F122/><W109/><G109/><T8/><D13/><U68/><E68/><V83/><F83/><W59/><G59/><T118/><D55/><U111/><E51/><V20/><REACH who="2" step="1"/><F106/><REACH who="2" ten="412,238,204,136" step="2"/><W131/><G107/><T14/><D134/><U78/><REACH who="1" step="1"/><E111/><REACH who="1" ten="412,228,204,136" step="2"/><V73/><F73/><W97/><G131/><T129/><D129/><U49/><E49/><V48/><F48/><W110/><G110/><T69/><D130/><U74/><E74/><RYUUKYOKU ba="1,2" sc="412,-15,228,15,204,15,136,-15" hai1="15,17,21,44,47,78,80,85,87,89,90,95,99" hai2="10,16,20,22,23,79,81,84,88,91,94,98,101" /><INIT seed="5,2,2,5,5,28" ten="397,243,219,121" oya="1" hai0="86,127,7,115,102,114,62,76,131,118,95,81,52" hai1="87,104,56,15,53,124,18,41,129,32,120,64,69" hai2="79,70,57,29,80,5,43,96,126,3,46,67,1" hai3="11,9,83,71,58,37,10,106,105,48,40,135,23"/><U121/><E104/><V36/><F126/><W94/><G135/><T100/><D118/><U128/><E124/><V112/><F96/><W122/><G122/><T44/><D127/><U78/><E41/><V73/><F5/><W97/><G71/><T85/><D7/><U90/><E78/><V2/><F57/><W98/><G37/><T134/><D131/><N who="1" m="50251" /><E64/><V108/><F108/><W26/><G83/><T107/><D107/><U22/><E32/><V110/><F110/><W103/><G106/><T113/><D134/><U125/><E69/><V117/><F117/><W132/><G132/><T21/><D21/><U51/><E125/><V31/><REACH who="2" step="1"/><F112/><REACH who="2" ten="397,243,209,121" step="2"/><W93/><G105/><T61/><D113/><U27/><E15/><V25/><F25/><W50/><G58/><T68/><D115/><U59/><E59/><V35/><F35/><W34/><G34/><T24/><D24/><U77/><E77/><V101/><F101/><W17/><REACH who="3" step="1"/><G40/><REACH who="3" ten="397,243,209,111" step="2"/><T74/><D114/><U72/><E72/><V39/><F39/><W109/><G109/><T63/><D68/><U89/><E89/><AGARI ba="2,4" hai="9,10,11,17,23,26,48,50,89,93,94,97,98,103" machi="89" ten="40,5200,0" yaku="1,1,8,1,53,1" doraHai="28" doraHaiUra="12" who="3" fromWho="1" sc="397,0,243,-58,209,0,111,98" /><INIT seed="6,0,0,0,2,51" ten="397,185,209,209" oya="2" hai0="32,5,110,23,79,44,111,25,112,4,41,86,19" hai1="97,131,99,3,69,87,34,72,50,106,28,73,13" hai2="84,43,61,124,100,108,2,117,95,45,30,81,68" hai3="107,135,53,116,24,14,133,132,64,90,82,92,54"/><V58/><F117/><W9/><G107/><T121/><D121/><U74/><E3/><V11/><F108/><W104/><G104/><T7/><D32/><U126/><E69/><V37/><F68/><W57/><G82/><T105/><D105/><U40/><E126/><V123/><F123/><W33/><G116/><T29/><D79/><U55/><E40/><V46/><F124/><W36/><G36/><T60/><D86/><U39/><E39/><V129/><F45/><W22/><G33/><T115/><D60/><U15/><E131/><V56/><F30/><N who="3" m="17687" /><G64/><T91/><D91/><U66/><E66/><V26/><F26/><W65/><G65/><T49/><D19/><U6/><E28/><V21/><F21/><W118/><G57/><T52/><D41/><U31/><E31/><V125/><F125/><W70/><G70/><T17/><D29/><U113/><E34/><V76/><F129/><W94/><G94/><T59/><D44/><U27/><E27/><V67/><F58/><W122/><G122/><T130/><D130/><U128/><E128/><V10/><F2/><W8/><G118/><T71/><D71/><U35/><E35/><V85/><F85/><N who="3" m="52303" /><G8/><T42/><D42/><U18/><E87/><V109/><F109/><W0/><G0/><T101/><D101/><U102/><E99/><V89/><F100/><W12/><G12/><T83/><D83/><U114/><E6/><AGARI ba="0,0" hai="6,9,14,53,54,132,133,135" m="52303,17687" machi="6" ten="30,3900,0" yaku="20,1,52,2" doraHai="51" who="3" fromWho="1" sc="397,0,185,-39,209,0,209,39" /><INIT seed="7,0,0,3,4,114" ten="397,146,209,248" oya="3" hai0="88,100,63,110,107,86,77,53,130,21,75,105,133" hai1="67,65,121,11,32,51,79,74,80,112,90,34,58" hai2="48,126,98,15,18,23,62,64,85,134,109,69,19" hai3="3,20,135,49,81,83,42,95,8,108,55,76,93"/><W71/><G71/><T54/><D110/><U111/><E111/><V101/><F109/><W13/><G108/><T118/><D105/><U37/><E37/><V36/><F36/><W56/><G42/><T113/><D113/><U82/><E112/><V1/><F134/><W116/><G135/><T43/><D130/><U97/><E121/><V72/><F126/><W45/><G116/><T117/><D43/><U52/><E11/><V14/><F72/><W39/><G39/><T128/><D128/><U87/><REACH who="1" step="1"/><E97/><REACH who="1" ten="397,136,209,248" step="2"/><V2/><F85/><N who="3" m="48295" /><G3/><T44/><D133/><U38/><E38/><V0/><F0/><W41/><G8/><T12/><D54/><U10/><E10/><V132/><F132/><W59/><G55/><T40/><D40/><U4/><E4/><V89/><F1/><W78/><G41/><T70/><D70/><U102/><E102/><V57/><F2/><W124/><G124/><T28/><D75/><U96/><E96/><V31/><F101/><W91/><G78/><T129/><D107/><U92/><E92/><V103/><F69/><W33/><G95/><T99/><D99/><U5/><E5/><V27/><F103/><W25/><G93/><T131/><D100/><U119/><E119/><V84/><F98/><W66/><G83/><T73/><D131/><U106/><E106/><V120/><F84/><W22/><G91/><T24/><D129/><U7/><E7/><V35/><F89/><W47/><G33/><AGARI ba="0,1" hai="32,33,34,51,52,58,65,67,74,79,80,82,87,90" machi="33" ten="40,8000,1" yaku="1,1,54,1,53,2" doraHai="114" doraHaiUra="61" who="1" fromWho="3" sc="397,0,136,90,209,0,248,-80" owari="397,49.0,226,3.0,209,-19.0,168,-33.0" /></mjloggm>