<mjloggm ver="2.3"><GO type="169" lobby="0"/><UN n0="%E3%83%88%E3%83%88%E3%83%AA%E5%85%88%E7%94%9F%31%39%E6%AD%B3" n1="%E7%B7%8B%E7%82%89%E3%82%BF%E3%83%AD%E3%82%A6" n2="%79%6B%73%72%64%6C%61%62" n3="%44%69%6E%67%6F" dan="19,16,16,16" rate="2311.67,2064.32,2028.78,2061.66" sx="F,M,M,M"/><TAIKYOKU oya="0"/><INIT seed="0,0,0,2,3,15" ten="250,250,250,250" oya="0" hai0="90,88,35,69,127,21,56,48,49,129,28,46,42" hai1="40,47,106,119,63,93,39,14,57,31,71,61,11" hai2="8,87,116,113,33,3,4,44,97,104,7,16,54" hai3="22,108,19,17,85,13,135,74,26,45,83,86,79"/><T58/><D69/><U84/><E106/><V73/><F73/><W76/><G108/><T10/><D35/><U132/><E132/><V118/><F33/><W94/><G135/><T1/><D129/><U82/><E31/><V80/><F113/><W110/><G110/><T12/><D127/><U23/><E23/><V65/><F65/><W99/><G45/><T67/><D1/><U75/><E75/><V128/><F128/><W43/><G43/><T114/><D114/><U38/><E93/><V77/><F97/><W111/><G111/><T2/><D2/><U115/><E119/><V51/><F104/><W133/><G133/><T18/><D49/><U6/><E63/><V131/><F131/><W60/><G60/><N who="0" m="38279" /><D58/><U123/><E123/><V34/><F34/><W59/><G59/><T36/><D36/><U5/><E71/><V32/><F32/><W96/><G99/><T25/><AGARI ba="0,0" hai="10,12,18,21,25,28,42,46,48,88,90" m="38279" machi="25" ten="30,6000,0" yaku="8,1,52,1,54,1" doraHai="15" who="0" fromWho="0" sc="250,60,250,-20,250,-20,250,-20" /><INIT seed="0,1,0,3,3,46" ten="310,230,230,230" oya="0" hai0="89,60,30,27,119,63,53,88,26,93,102,107,49" hai1="59,97,5,109,76,105,104,82,124,55,91,123,66" hai2="1,52,24,132,90,41,128,50,94,20,25,39,131" hai3="106,87,74,32,38,44,16,80,58,133,2,92,36"/><T84/><D119/><U54/><E123/><V18/><F1/><W40/><G106/><T29/><D107/><U67/><E5/><V101/><F132/><W14/><G2/><T130/><D102/><U71/><E71/><V69/><F69/><W78/><G133/><T118/><D118/><U17/><E17/><V33/><F41/><W42/><G32/><T125/><D125/><U81/><E109/><V86/><F39/><W103/><G58/><N who="0" m="33071" /><D130/><N who="2" m="49706" /><F33/><W121/><G121/><T115/><D115/><U19/><E124/><V43/><F43/><W75/><G42/><T34/><D34/><U51/><E104/><V99/><F101/><W22/><REACH who="3" step="1"/><G36/><REACH who="3" ten="310,230,230,220" step="2"/><T6/><D6/><U4/><E4/><V7/><F7/><W65/><G65/><T68/><D68/><U47/><E66/><V37/><F37/><W120/><G120/><T23/><D30/><U56/><E67/><V122/><F122/><W100/><G100/><T95/><D27/><U110/><E105/><V35/><F35/><W85/><G85/><AGARI ba="1,1" hai="23,26,29,60,63,84,85,88,89,93,95" m="33071" machi="85" ten="30,5800,0" yaku="8,1,52,1,54,1" doraHai="46" who="0" fromWho="3" sc="310,71,230,0,230,0,220,-61" /><INIT seed="0,2,0,3,5,121" ten="381,230,230,159" oya="0" hai0="13,19,1,26,73,115,128,109,70,88,127,72,118" hai1="102,91,50,94,84,24,12,81,104,96,78,51,106" hai2="39,52,120,30,79,66,92,87,35,21,2,126,54" hai3="111,101,56,58,0,131,80,59,125,4,114,90,6"/><T75/><D115/><U42/><E24/><V95/><F39/><W7/><G114/><T97/><D118/><U113/><E113/><V69/><F2/><W129/><G0/><T134/><D70/><U9/><E42/><V38/><F38/><W86/><G101/><T45/><D1/><U112/><E104/><V83/><F35/><W119/><G119/><T3/><D3/><U98/><REACH who="1" step="1"/><E112/><REACH who="1" ten="381,220,230,159" step="2"/><V82/><F120/><W29/><G29/><T60/><D26/><U40/><E40/><V74/><F30/><W116/><G116/><T63/><D73/><U61/><E61/><V85/><F74/><W33/><G33/><T8/><D63/><U107/><E107/><V44/><F92/><W28/><G28/><T37/><D60/><U76/><E76/><V89/><F95/><W71/><G71/><T41/><D75/><U117/><E117/><V64/><F69/><W47/><G47/><T105/><D72/><U14/><E14/><V122/><F44/><W110/><REACH who="3" step="1"/><G125/><REACH who="3" ten="381,220,230,149" step="2"/><T32/><D127/><U103/><E103/><V108/><F126/><W22/><G22/><T46/><D32/><U18/><AGARI ba="2,2" hai="9,12,18,50,51,78,81,84,91,94,96,98,102,106" machi="18" ten="20,2700,0" yaku="1,1,0,1,7,1,53,0" doraHai="121" doraHaiUra="55" who="1" fromWho="1" sc="381,-15,220,53,230,-9,149,-9" /><INIT seed="1,0,0,3,4,63" ten="366,273,221,140" oya="1" hai0="108,9,10,35,110,62,120,118,130,90,45,2,74" hai1="51,121,129,37,59,133,60,112,109,67,0,16,41" hai2="14,34,92,55,20,79,21,61,76,97,71,18,36" hai3="13,30,111,7,23,84,6,12,124,38,104,26,106"/><U135/><E0/><V29/><F36/><W116/><G38/><T75/><D118/><U89/><E121/><V134/><F134/><N who="1" m="51209" /><E112/><V132/><F132/><W86/><G116/><T39/><D35/><U43/><E89/><V87/><F87/><W128/><G111/><N who="0" m="42539" /><D130/><U48/><E109/><V17/><F29/><W99/><G128/><T56/><D120/><U107/><E107/><V69/><F34/><W93/><G124/><T77/><D90/><U83/><E83/><V42/><F42/><N who="1" m="15881" /><E37/><V119/><F119/><W96/><G30/><T33/><D33/><U70/><E129/><V54/><F79/><W68/><G23/><T105/><D105/><U123/><E123/><V15/><F76/><W24/><REACH who="3" step="1"/><G93/><REACH who="3" ten="366,273,221,130" step="2"/><T31/><D39/><U64/><E16/><V25/><F25/><W103/><G103/><T5/><D31/><U102/><E102/><V122/><F122/><W46/><G46/><T19/><D45/><U88/><E88/><V117/><F117/><W27/><G27/><T82/><D19/><U40/><E40/><V57/><F92/><W4/><G4/><N who="0" m="1175" /><D77/><U95/><E95/><V8/><F97/><W22/><G22/><T115/><D115/><U91/><E91/><V127/><F20/><W52/><G52/><N who="0" m="34055" /><D82/><U44/><E44/><V11/><F21/><W1/><G1/><AGARI ba="0,1" hai="1,5,10,74,75" m="34055,1175,42539" machi="1" ten="30,2000,0" yaku="14,1,54,1" doraHai="63" who="0" fromWho="3" sc="366,30,273,0,221,0,130,-20" /><INIT seed="2,0,0,1,1,14" ten="396,273,221,110" oya="2" hai0="101,121,37,2,103,1,127,30,24,100,67,118,131" hai1="15,117,60,115,43,34,61,99,53,66,112,7,84" hai2="5,17,134,54,63,135,87,8,11,40,132,31,90" hai3="82,62,125,75,25,6,35,42,21,88,56,28,96"/><V4/><F40/><W78/><G125/><T9/><D121/><U95/><E34/><V58/><F31/><W59/><G42/><T109/><D37/><U79/><E117/><V70/><F70/><W49/><G6/><T128/><D127/><U80/><E43/><V48/><F63/><W89/><G96/><T105/><D118/><U74/><E74/><V116/><F116/><W50/><G49/><T3/><D109/><U126/><E126/><V107/><F107/><W19/><G50/><T122/><D122/><U124/><E124/><V86/><F86/><W73/><G73/><T10/><D67/><U46/><E46/><V102/><F102/><W16/><G59/><T64/><D64/><U32/><E32/><V81/><F8/><W104/><G104/><T41/><D105/><U55/><E60/><V38/><F38/><W72/><G72/><T52/><D52/><U13/><E7/><V85/><F85/><W110/><G110/><T18/><D41/><U123/><E123/><V130/><F130/><N who="0" m="49706" /><D18/><U20/><E55/><V83/><F83/><W108/><G108/><T114/><D114/><U129/><E53/><V94/><F81/><W71/><G71/><T33/><AGARI ba="0,0" hai="1,2,3,9,10,24,30,33,100,101,103" m="49706" machi="33" ten="40,1500,0" yaku="19,1" doraHai="14" who="0" fromWho="0" sc="396,15,273,-4,221,-7,110,-4" /><INIT seed="3,0,0,0,3,113" ten="411,269,214,106" oya="3" hai0="45,124,3,129,57,127,111,0,89,54,69,130,71" hai1="74,55,31,26,85,49,128,109,72,24,80,6,7" hai2="64,87,16,23,39,2,86,119,97,132,105,126,4" hai3="79,133,17,58,98,75,123,62,19,92,122,77,68"/><W66/><G133/><T95/><D111/><U37/><E37/><V14/><F39/><W117/><G117/><T35/><D35/><U13/><E128/><N who="0" m="49257" /><D3/><U121/><E121/><V1/><F132/><W40/><G40/><T38/><D0/><U53/><E26/><V52/><F119/><W103/><G68/><N who="0" m="26187" /><D95/><U56/><E72/><V112/><F112/><W104/><G104/><T61/><D89/><U20/><E74/><V114/><F114/><W5/><G5/><T65/><D54/><U83/><E83/><V22/><F64/><W135/><G135/><T90/><D90/><U21/><E53/><V9/><F1/><W28/><G28/><T42/><AGARI ba="0,0" hai="38,42,45,57,61,65,124,127" m="26187,49257" machi="42" ten="40,5200,0" yaku="19,1,34,2" doraHai="113" who="0" fromWho="0" sc="411,52,269,-13,214,-13,106,-26" /><INIT seed="4,0,0,2,1,28" ten="463,256,201,80" oya="0" hai0="6,55,37,94,13,0,24,115,85,40,29,128,27" hai1="101,1,110,66,127,123,109,93,57,4,67,124,80" hai2="53,112,95,81,39,104,59,69,34,133,129,41,92" hai3="78,74,7,23,118,108,11,87,103,9,114,50,98"/><T2/><D115/><U91/><E123/><V126/><F104/><W3/><G114/><T89/><D128/><U68/><E68/><V19/><F112/><W45/><G108/><T121/><D121/><U100/><E80/><V132/><F69/><W35/><G118/><T135/><D135/><U96/><E66/><V113/><F113/><W62/><G23/><T73/><D73/><U56/><E57/><V8/><F81/><W75/><G87/><T86/><D27/><U90/><E100/><V36/><F129/><W44/><G9/><T106/><D106/><U58/><E58/><V32/><F19/><W105/><G78/><T83/><D55/><U21/><E1/><V49/><F8/><W31/><G62/><T71/><D71/><U46/><E4/><V20/><F20/><W54/><REACH who="3" step="1"/><G45/><REACH who="3" ten="463,256,201,70" step="2"/><T107/><D85/><U14/><E46/><V15/><F132/><W70/><G70/><T26/><D86/><U17/><E110/><V63/><F133/><W125/><G125/><T38/><D0/><U18/><E109/><V99/><F63/><W12/><G12/><T76/><D13/><U116/><E116/><V97/><F15/><W47/><G47/><T122/><D76/><U64/><E124/><V42/><F126/><W111/><G111/><T25/><D2/><U60/><E127/><V79/><F79/><W134/><G134/><T120/><D122/><U43/><E14/><V16/><F59/><W88/><G88/><N who="1" m="33834" /><E21/><V33/><F33/><W119/><G119/><T22/><D120/><U30/><E56/><V10/><F10/><W61/><G61/><RYUUKYOKU ba="0,1" sc="463,-10,256,-10,201,-10,70,30" hai3="3,7,11,31,35,44,50,54,74,75,98,103,105" /><INIT seed="5,1,1,3,4,73" ten="453,246,191,100" oya="1" hai0="62,99,14,47,56,97,117,22,51,112,100,116,125" hai1="94,66,101,25,9,55,114,85,5,129,28,83,76" hai2="18,13,49,92,109,72,69,37,38,57,124,32,68" hai3="59,102,74,111,58,91,96,42,118,132,75,120,65"/><U48/><E114/><V45/><F32/><W64/><G111/><T127/><D112/><U106/><E129/><V78/><F109/><W4/><G120/><T39/><D39/><U104/><E66/><V115/><F115/><W23/><G4/><T130/><D130/><U126/><E126/><N who="0" m="48137" /><D14/><U95/><E104/><V108/><F108/><W119/><G91/><T123/><D22/><U8/><E106/><V113/><F113/><W43/><G23/><T54/><D123/><U44/><E101/><V98/><F38/><W19/><G19/><T41/><D99/><U0/><REACH who="1" step="1"/><E9/><REACH who="1" ten="453,236,191,100" step="2"/><V50/><F124/><W12/><G102/><T131/><D131/><U20/><AGARI ba="1,2" hai="0,5,8,20,25,28,44,48,55,76,83,85,94,95" machi="20" ten="20,18000,2" yaku="1,1,2,1,0,1,7,1,52,1,53,1" doraHai="73" doraHaiUra="16" who="1" fromWho="1" sc="453,-61,236,203,191,-61,100,-61" /><INIT seed="5,2,0,0,5,92" ten="392,439,130,39" oya="1" hai0="57,120,32,44,42,108,22,104,4,7,8,48,45" hai1="20,9,36,30,56,64,5,31,85,110,132,53,60" hai2="15,58,43,96,121,26,68,106,19,37,95,130,82" hai3="107,119,126,124,59,17,83,135,109,117,113,10,35"/><U38/><E132/><V54/><F68/><W131/><G107/><T28/><D108/><U128/><E128/><V18/><F130/><W102/><G131/><T52/><D32/><U49/><E110/><V74/><F106/><W6/><G109/><T63/><D120/><U93/><E20/><V77/><F26/><W127/><G102/><T14/><D104/><U122/><E122/><V39/><F43/><W46/><G83/><T34/><D34/><U123/><E123/><V125/><F125/><W134/><G46/><T98/><D98/><U89/><E38/><V70/><F70/><W3/><G59/><T78/><D78/><U94/><E94/><V33/><F33/><W75/><G75/><T40/><D7/><U65/><E36/><V1/><F1/><W116/><G35/><T72/><D72/><U23/><E23/><V73/><F73/><W27/><G113/><T29/><REACH who="0" step="1"/><D22/><AGARI ba="2,0" hai="3,6,10,17,22,27,116,117,119,124,126,127,134,135" machi="22" ten="50,8000,1" yaku="12,1,18,1,34,3" doraHai="92" who="3" fromWho="0" sc="392,-86,439,0,130,0,39,86" /><INIT seed="6,0,0,5,4,107" ten="306,439,130,125" oya="2" hai0="35,19,7,122,75,82,9,47,33,51,52,118,134" hai1="15,61,20,132,30,110,67,5,62,54,80,113,119" hai2="28,105,100,44,81,88,60,58,127,124,70,95,37" hai3="109,3,69,59,72,114,89,121,1,32,29,22,130"/><V16/><F70/><W17/><G109/><T104/><D118/><U42/><E119/><V79/><F105/><W66/><G121/><T57/><D122/><U120/><E110/><V92/><F100/><W128/><G69/><T6/><D134/><U68/><E42/><V83/><F28/><W38/><G38/><T131/><D131/><N who="3" m="50217" /><G114/><T11/><D104/><U26/><E80/><V87/><F37/><W40/><G40/><T85/><D19/><U84/><E84/><N who="2" m="48191" /><F16/><W13/><G89/><T123/><D123/><U39/><E68/><V94/><F44/><W2/><G66/><T45/><D45/><U111/><E39/><V91/><F124/><W129/><G59/><T101/><D101/><U103/><E103/><V108/><F127/><W96/><G96/><T78/><D85/><U8/><E111/><V25/><F108/><W49/><G49/><T18/><D18/><U106/><E30/><V86/><F25/><N who="3" m="18479" /><G129/><T46/><D46/><U73/><E132/><V115/><F115/><W71/><G71/><T63/><D35/><U23/><E113/><V48/><F48/><W34/><G34/><T135/><D33/><U0/><E62/><V65/><AGARI ba="0,0" hai="58,60,65,83,86,87,88,91,92,94,95" m="48191" machi="65" ten="30,3000,0" yaku="8,1,54,1" doraHai="107" who="2" fromWho="2" sc="306,-10,439,-10,130,30,125,-10" /><INIT seed="6,1,0,3,0,2" ten="296,429,160,115" oya="2" hai0="95,122,70,66,71,31,23,123,38,126,124,130,10" hai1="133,64,74,69,41,8,116,7,73,80,36,65,120" hai2="28,33,72,94,6,37,9,1,104,67,131,32,0" hai3="90,16,121,52,119,86,46,44,96,14,78,102,77"/><V97/><F131/><W45/><G119/><T26/><D38/><U63/><E65/><V34/><F37/><W22/><G121/><T113/><D130/><U105/><E120/><N who="0" m="46121" /><D66/><U24/><E24/><V129/><F129/><W75/><G75/><T39/><D39/><U134/><E74/><V89/><F0/><W25/><G25/><T50/><D95/><U81/><E80/><V56/><F72/><W135/><G135/><T110/><D110/><U83/><E81/><V61/><REACH who="2" step="1"/><F104/><REACH who="2" ten="296,429,150,115" step="2"/><W132/><G132/><T88/><D126/><U91/><E105/><V53/><F53/><W19/><G52/><T62/><D124/><U92/><E133/><V101/><F101/><W106/><REACH who="3" step="1"/><G19/><REACH who="3" ten="296,429,150,105" step="2"/><T18/><D18/><U20/><E134/><V59/><F59/><W114/><G114/><T30/><D71/><U103/><E69/><V87/><F87/><W35/><G35/><T51/><D70/><U29/><E73/><V127/><F127/><W42/><G42/><T57/><D57/><U55/><E41/><V100/><F100/><W12/><G12/><T40/><D40/><U11/><E103/><V107/><F107/><W125/><G125/><T98/><D26/><AGARI ba="1,2" hai="1,6,9,26,28,32,33,34,56,61,67,89,94,97" machi="26" ten="40,3900,0" yaku="1,1,52,1,53,0" doraHai="2" doraHaiUra="111" who="2" fromWho="0" sc="296,-42,429,0,150,62,105,0" /><INIT seed="6,2,0,0,3,105" ten="254,429,212,105" oya="2" hai0="6,59,132,31,129,126,99,78,131,15,114,90,98" hai1="64,71,127,77,12,14,7,32,65,109,134,118,40" hai2="89,21,130,101,135,133,24,128,35,53,23,68,107" hai3="49,20,9,61,82,45,96,33,91,10,63,119,60"/><V1/><F1/><W117/><G117/><T44/><D114/><U13/><E32/><V75/><F68/><W18/><G33/><T67/><D132/><N who="2" m="50762" /><F89/><W123/><G123/><T8/><D126/><U92/><E71/><V28/><F53/><W81/><G119/><T76/><D31/><U50/><E118/><V2/><F2/><W88/><G91/><T100/><D44/><U122/><E77/><N who="0" m="29801" /><D100/><U11/><E127/><V94/><F75/><W93/><G82/><T115/><D115/><U51/><E40/><V66/><F66/><W106/><G81/><T113/><D113/><U3/><E64/><V58/><F58/><W46/><G106/><T5/><D129/><N who="2" m="49770" /><F107/><W72/><G72/><T112/><D112/><U38/><E65/><V120/><F120/><W83/><G83/><T124/><D131/><U41/><E3/><V104/><F104/><W34/><G34/><T57/><D57/><U73/><E73/><V95/><F95/><W116/><G116/><T97/><D124/><U79/><E92/><V19/><F19/><W39/><G39/><T36/><D36/><U17/><E38/><V37/><F37/><W80/><G80/><T62/><D90/><U102/><E17/><AGARI ba="2,0" hai="5,6,8,15,17,59,62,67,97,98,99" m="29801" machi="17" ten="30,1000,0" yaku="8,1" doraHai="105" who="0" fromWho="1" sc="254,16,429,-16,212,0,105,0" /><INIT seed="7,0,0,1,5,81" ten="270,413,212,105" oya="3" hai0="128,13,76,51,63,73,23,124,52,86,70,5,21" hai1="66,2,121,39,134,130,69,90,120,37,53,92,1" hai2="123,98,24,22,94,78,82,117,57,45,118,100,44" hai3="48,65,108,3,42,12,9,84,60,133,71,113,127"/><W16/><G3/><T34/><D34/><U115/><E92/><V116/><F57/><W111/><G113/><T50/><D73/><U97/><E97/><V129/><F129/><W101/><G101/><T125/><D128/><U61/><E53/><V88/><F100/><W31/><G31/><T89/><D76/><U112/><E90/><V32/><F32/><W122/><G122/><T29/><D51/><U85/><E85/><V40/><F123/><N who="1" m="47177" /><E134/><V33/><F33/><W64/><G64/><N who="0" m="41247" /><D13/><U7/><E130/><V47/><F40/><W11/><G127/><N who="0" m="48715" /><D5/><U18/><E18/><V25/><REACH who="2" step="1"/><F22/><REACH who="2" ten="270,413,202,105" step="2"/><N who="3" m="11527" /><G133/><T62/><D62/><U110/><E110/><N who="3" m="42026" /><G84/><AGARI ba="0,1" hai="24,25,44,45,47,78,82,84,88,94,98,116,117,118" machi="84" ten="50,8000,1" yaku="1,1,52,1,54,1,53,1" doraHai="81" doraHaiUra="74" who="2" fromWho="3" sc="270,0,413,0,202,90,105,-80" owari="270,-13.0,413,51.0,292,9.0,25,-47.0" /></mjloggm>