<mjloggm ver="2.3"><GO type="169" lobby="0"/><UN n0="%E7%94%98%E3%81%84%E3%83%9E%E3%83%83%E7%BC%B6" n1="%E9%87%8E%E3%80%85%E5%AE%AE%E8%97%8D" n2="%E4%B8%B8%E6%B1%82%41%53%68" n3="%E3%82%A6%E3%83%AB%E3%83%88%E3%83%A9%E7%AB%8B%E7%9B%B4" dan="16,17,16,18" rate="2103.26,2158.35,2119.05,2246.78" sx="F,F,M,M"/><TAIKYOKU oya="0"/><INIT seed="0,0,0,4,2,65" ten="250,250,250,250" oya="0" hai0="7,46,43,108,114,63,118,13,57,120,42,48,111" hai1="50,73,52,47,134,31,91,5,2,129,88,26,20" hai2="9,94,115,74,85,97,41,35,67,122,121,10,105" hai3="128,68,107,28,56,84,66,24,82,8,16,83,124"/><T23/><D118/><U15/><E129/><V127/><F74/><W80/><G107/><T135/><D120/><U45/><E134/><V98/><F35/><W0/><G128/><T61/><D114/><U51/><E73/><V116/><F115/><W123/><G124/><T70/><D135/><U38/><E38/><V60/><F127/><W27/><G123/><T75/><D75/><U25/><E2/><V39/><F85/><W53/><G66/><N who="0" m="41311" /><D23/><U126/><E126/><V96/><F94/><W112/><G68/><T12/><D7/><U87/><E26/><N who="3" m="9770" /><G28/><T130/><D130/><U90/><E15/><V110/><F105/><W109/><G0/><T58/><D13/><U93/><REACH who="1" step="1"/><E5/><REACH who="1" ten="250,240,250,250" step="2"/><V6/><F6/><W119/><G112/><T18/><D12/><U55/><AGARI ba="0,1" hai="20,25,31,45,47,50,51,52,55,87,88,90,91,93" machi="55" ten="20,16000,3" yaku="1,1,2,1,0,1,7,1,9,1,8,1,54,2,53,0" doraHai="65" doraHaiUra="95" who="1" fromWho="1" sc="250,-80,240,170,250,-40,250,-40" /><INIT seed="1,0,0,0,4,30" ten="170,410,210,210" oya="1" hai0="43,121,86,83,90,101,123,131,100,118,105,40,38" hai1="85,7,117,93,103,97,49,14,79,116,120,81,115" hai2="135,106,15,13,132,82,63,1,84,46,35,61,129" hai3="34,75,58,53,133,127,18,92,51,110,0,19,122"/><U64/><E115/><V130/><F1/><W114/><G122/><N who="0" m="46603" /><D38/><U104/><E120/><V29/><F106/><W71/><G114/><T32/><D32/><U56/><E104/><V80/><F46/><W22/><G75/><T9/><D9/><N who="1" m="4415" /><E117/><V87/><F29/><W54/><G71/><T108/><D43/><U16/><E116/><V41/><F41/><W74/><G74/><T102/><D40/><U109/><E109/><V17/><F17/><W126/><G0/><T111/><D118/><U23/><E49/><V10/><F10/><W39/><G110/><N who="0" m="42027" /><D131/><U11/><E11/><V8/><F8/><W113/><G39/><T112/><D112/><U31/><E31/><V27/><F27/><W98/><G34/><AGARI ba="0,0" hai="13,15,34,35,61,63,80,82,84,87,129,130,132,135" machi="34" ten="25,6400,0" yaku="22,2,52,2" doraHai="30" who="2" fromWho="3" sc="170,0,410,0,210,64,210,-64" /><INIT seed="2,0,0,5,2,113" ten="170,410,274,146" oya="2" hai0="11,16,133,93,98,102,8,30,123,14,13,19,126" hai1="121,79,69,108,128,116,6,76,15,101,89,111,68" hai2="33,73,124,47,34,66,99,20,132,112,131,49,103" hai3="130,72,35,26,46,71,57,58,3,29,41,119,7"/><V27/><F73/><W85/><G130/><T37/><D37/><U50/><E128/><V70/><F112/><W12/><G85/><T109/><D123/><U127/><E121/><V83/><F131/><W90/><G90/><T18/><D109/><U5/><E101/><V51/><F66/><W78/><G12/><T62/><D133/><U77/><E127/><V91/><F70/><N who="1" m="27241" /><E50/><V28/><F132/><W40/><G40/><T39/><D39/><U36/><E36/><V134/><F124/><W17/><G17/><T84/><D126/><U0/><E0/><V97/><F51/><W61/><G61/><T21/><D62/><U80/><E15/><V43/><F134/><W63/><G63/><T22/><D30/><U120/><E120/><V53/><F53/><W44/><G44/><T55/><D55/><U92/><E80/><V104/><REACH who="2" step="1"/><F99/><REACH who="2" ten="170,410,264,146" step="2"/><W86/><G71/><T24/><REACH who="0" step="1"/><D84/><AGARI ba="0,1" hai="20,27,28,33,34,43,47,49,83,84,91,97,103,104" machi="84" ten="40,12000,1" yaku="1,1,2,1,53,2" doraHai="113" doraHaiUra="31" who="2" fromWho="0" sc="170,-120,410,0,264,130,146,0" /><INIT seed="2,1,0,5,5,42" ten="50,410,394,146" oya="2" hai0="87,135,133,34,13,19,12,5,97,25,86,84,95" hai1="81,16,11,50,3,76,55,122,8,28,27,7,44" hai2="62,120,45,106,67,128,121,100,46,93,9,111,64" hai3="20,127,10,119,68,132,99,53,30,40,43,117,113"/><V101/><F106/><W32/><G32/><T82/><D5/><U70/><E122/><V24/><F128/><W49/><G68/><T23/><D34/><U91/><E70/><V88/><F111/><W72/><G72/><T60/><D60/><U37/><E37/><V66/><F121/><W31/><G127/><T33/><D33/><U77/><E28/><V114/><F62/><W57/><G132/><T112/><D112/><U98/><E27/><V130/><F130/><W52/><G113/><T102/><REACH who="0" step="1"/><D82/><REACH who="0" ten="40,410,394,146" step="2"/><U47/><E81/><V63/><F63/><N who="3" m="36263" /><G117/><T1/><D1/><U123/><E123/><V2/><F114/><W35/><G35/><T124/><D124/><U125/><E125/><V73/><F2/><W36/><G119/><T80/><D80/><U48/><E7/><V29/><F120/><W105/><G36/><T104/><D104/><U115/><E3/><V17/><F66/><W61/><G61/><T90/><D90/><U51/><E115/><V129/><F64/><W21/><G105/><T85/><N who="0" m="21504" /><DORA hai="22" /><T58/><D58/><N who="1" m="33127" /><E76/><V94/><F67/><W96/><G96/><T59/><D59/><U89/><E77/><V107/><F107/><W110/><G99/><T56/><D56/><U39/><E98/><V54/><F129/><W116/><G116/><T18/><D18/><U41/><E16/><V92/><F17/><W78/><G78/><T131/><D131/><U71/><E71/><V0/><F88/><N who="1" m="33865" /><E39/><V14/><F0/><W4/><G4/><T103/><D103/><U75/><E75/><V74/><F73/><W79/><G79/><RYUUKYOKU ba="1,1" sc="40,15,410,15,394,-15,146,-15" hai0="12,13,19,23,25,95,97,102,133,135" hai1="8,11,41,44,47,50,51" /><INIT seed="3,2,1,5,0,37" ten="55,425,379,131" oya="3" hai0="129,116,51,113,47,79,1,61,69,39,48,2,92" hai1="132,91,95,64,54,16,33,110,94,63,76,87,14" hai2="57,9,114,89,24,17,88,44,45,49,65,133,85" hai3="81,72,71,82,119,115,29,74,7,105,35,55,96"/><W12/><G115/><T98/><D116/><U67/><E33/><V20/><F114/><W31/><G71/><T118/><D113/><U99/><E110/><V131/><F131/><W75/><G119/><T15/><D118/><U80/><E132/><V135/><F89/><W8/><G55/><T34/><D34/><U58/><REACH who="1" step="1"/><E95/><REACH who="1" ten="55,415,379,131" step="2"/><N who="2" m="54671" /><F135/><W120/><G35/><T19/><D129/><U102/><E102/><V59/><F133/><W101/><REACH who="3" step="1"/><G120/><REACH who="3" ten="55,415,379,121" step="2"/><T130/><D130/><U66/><E66/><V5/><F65/><W50/><G50/><T86/><D48/><U25/><E25/><V23/><F24/><W43/><G43/><T11/><D39/><U27/><E27/><V108/><F49/><W6/><G6/><T78/><D51/><U107/><E107/><V28/><F5/><W40/><G40/><T122/><D122/><U90/><E90/><V0/><F108/><W127/><G127/><T53/><D69/><U83/><E83/><AGARI ba="2,3" hai="7,8,12,29,31,72,74,75,81,82,83,96,101,105" machi="83" ten="40,2000,0" yaku="1,1,53,0" doraHai="37" doraHaiUra="30" who="3" fromWho="1" sc="55,0,415,-26,379,0,121,56" /><INIT seed="3,3,0,5,0,119" ten="55,389,379,177" oya="3" hai0="11,29,98,122,28,35,67,70,109,125,89,68,99" hai1="54,10,23,86,92,32,45,58,31,64,27,19,53" hai2="126,77,14,124,130,111,104,134,66,34,30,42,3" hai3="87,129,106,117,97,47,1,33,16,50,65,76,107"/><W82/><G117/><T25/><D109/><U48/><E32/><V128/><F3/><W60/><G1/><T52/><D125/><N who="2" m="48234" /><F104/><W83/><G33/><T121/><D52/><U49/><E64/><V9/><F134/><W75/><G97/><T105/><D11/><U120/><E120/><V131/><F111/><W114/><G114/><T43/><D43/><U95/><E86/><V62/><F77/><W93/><G93/><N who="1" m="35914" /><E10/><V100/><F100/><W96/><G96/><T135/><D135/><U118/><E118/><V73/><F73/><W41/><G16/><AGARI ba="3,0" hai="16,19,23,27,31,45,48,49,53,54,58" m="35914" machi="16" ten="30,2000,0" yaku="8,1,54,1" doraHai="119" who="1" fromWho="3" sc="55,0,389,29,379,0,177,-29" /><INIT seed="4,0,0,1,0,81" ten="55,418,379,148" oya="0" hai0="37,31,109,68,85,67,69,1,44,133,41,91,125" hai1="3,79,97,10,20,106,52,15,64,43,118,50,60" hai2="8,72,25,22,83,128,16,96,30,19,99,54,129" hai3="135,56,95,104,36,49,13,115,9,112,62,121,51"/><T89/><D1/><U86/><E118/><V66/><F66/><W39/><G104/><T101/><D101/><U123/><E123/><V92/><F54/><N who="3" m="34071" /><G95/><T45/><D125/><U7/><E43/><V75/><F99/><W102/><G102/><T18/><D133/><U105/><E97/><V26/><F8/><W65/><G65/><T14/><D31/><U84/><E20/><N who="2" m="15655" /><F19/><N who="3" m="8623" /><G135/><T110/><D44/><U87/><E79/><V11/><F83/><W74/><G74/><T82/><D91/><U126/><E126/><V88/><F11/><W40/><G121/><T24/><D24/><U12/><E106/><V46/><F46/><N who="3" m="23839" /><G36/><T58/><D58/><U61/><E105/><V2/><F2/><W4/><G4/><T38/><D38/><U130/><E130/><AGARI ba="0,0" hai="16,22,26,72,75,88,92,96,128,129,130" m="15655" machi="130" ten="30,3900,0" yaku="19,1,54,2" doraHai="81" who="2" fromWho="1" sc="55,0,418,-39,379,39,148,0" /><INIT seed="5,0,0,2,1,54" ten="55,379,418,148" oya="1" hai0="77,2,29,118,13,108,86,71,5,44,119,135,20" hai1="95,79,47,35,4,37,27,96,124,98,6,70,34" hai2="103,42,112,39,7,60,0,126,90,133,46,10,128" hai3="75,69,131,78,107,114,43,3,130,132,65,82,8"/><U58/><E70/><V134/><F128/><W104/><G114/><T48/><D108/><U40/><E124/><V24/><F126/><W88/><G88/><T80/><D71/><U28/><E35/><V113/><F103/><W68/><G43/><T18/><D135/><N who="2" m="51722" /><F24/><W89/><G89/><T84/><D84/><U52/><E79/><V36/><F36/><W14/><G14/><T63/><D29/><U45/><E45/><V31/><F31/><W122/><G122/><T59/><D5/><U21/><E34/><V110/><F110/><W92/><G92/><T12/><D12/><U41/><E41/><V85/><F60/><N who="3" m="39975" /><G69/><T57/><D2/><U32/><E32/><V120/><F120/><W76/><G76/><T83/><D83/><AGARI ba="0,0" hai="0,7,10,39,42,46,83,85,90,112,113" m="51722" machi="83" ten="30,1000,0" yaku="20,1" doraHai="54" who="2" fromWho="0" sc="55,-10,379,0,418,10,148,0" /><INIT seed="6,0,0,5,1,6" ten="45,379,428,148" oya="2" hai0="122,40,24,23,7,62,85,3,127,89,123,39,48" hai1="111,126,45,52,98,116,69,77,108,0,59,68,61" hai2="107,5,80,110,1,42,81,99,32,84,41,115,4" hai3="57,103,19,2,76,112,10,132,130,90,47,97,8"/><V25/><F115/><W29/><G29/><T133/><D133/><U70/><E0/><V82/><F1/><W13/><G76/><T109/><D109/><N who="1" m="42059" /><E77/><V55/><F32/><W15/><G2/><T53/><D127/><U78/><E78/><V65/><F25/><W94/><G130/><T118/><D118/><U18/><E18/><V105/><F55/><W124/><G132/><T93/><D40/><N who="2" m="15466" /><F65/><W67/><G47/><T33/><D33/><U74/><E98/><V86/><F99/><W12/><G112/><T17/><D39/><U58/><E74/><V9/><F9/><N who="3" m="3691" /><G124/><T37/><D37/><U101/><E101/><V87/><F110/><W11/><G103/><T73/><D73/><U95/><E126/><V71/><F71/><W135/><G135/><T46/><REACH who="0" step="1"/><D62/><AGARI ba="0,0" hai="11,12,13,15,19,57,62,67,90,94,97" m="3691" machi="62" ten="30,8000,1" yaku="8,1,52,4" doraHai="6" who="3" fromWho="0" sc="45,-80,379,0,428,0,148,80" owari="-35,-54.0,379,18.0,428,53.0,228,-17.0" /></mjloggm>