<mjloggm ver="2.3"><GO type="169" lobby="0"/><UN n0="%6E%61%72%62%65%72%61%6C" n1="%E3%81%98%E3%81%BF%E3%81%84%E3%81%A3%5A" n2="%31%33%36%74%6F%70" n3="%E3%83%88%E3%83%88%E3%83%AA%E5%85%88%E7%94%9F%31%39%E6%AD%B3" dan="16,18,17,19" rate="2061.69,2191.26,2189.73,2288.70" sx="F,M,M,F"/><TAIKYOKU oya="0"/><INIT seed="0,0,0,3,0,14" ten="250,250,250,250" oya="0" hai0="62,64,15,130,108,56,115,113,47,26,85,27,91" hai1="94,66,20,41,63,53,28,123,103,82,92,107,57" hai2="105,22,59,3,73,83,71,49,126,52,72,68,98" hai3="125,114,5,110,37,58,88,101,1,10,4,40,8"/><T131/><D108/><U134/><E123/><V7/><F126/><W127/><G110/><T18/><D47/><U24/><E134/><V99/><F7/><W69/><G69/><T67/><D64/><U2/><E2/><V6/><F68/><W106/><G114/><T79/><D79/><U77/><E41/><V81/><F71/><W44/><G58/><T102/><D102/><U23/><E23/><V86/><F105/><W109/><G109/><T61/><D62/><U31/><E31/><V121/><F73/><W17/><G17/><T75/><D75/><U93/><E107/><V45/><F72/><W129/><G129/><N who="0" m="49163" /><D115/><U118/><E118/><V60/><F6/><W46/><G46/><T120/><D120/><U30/><E30/><V111/><F3/><N who="3" m="31" /><G88/><T9/><D113/><U38/><E38/><V51/><F51/><W65/><G65/><T119/><D119/><U29/><E29/><V133/><F133/><W104/><G104/><T0/><D0/><U34/><E34/><V48/><F48/><W89/><G89/><T84/><D84/><N who="1" m="48207" /><E53/><V55/><F111/><W54/><G54/><T39/><D39/><U19/><E28/><V100/><F121/><W76/><G76/><T87/><D87/><U74/><E74/><V135/><F135/><W50/><G50/><T90/><D90/><U96/><AGARI ba="0,0" hai="19,20,24,57,63,66,92,93,94,96,103" m="48207" machi="96" ten="30,2000,0" yaku="8,1,52,1" doraHai="14" who="1" fromWho="1" sc="250,-10,250,20,250,-5,250,-5" /><INIT seed="1,0,0,5,0,111" ten="240,270,245,245" oya="1" hai0="5,10,58,80,110,78,102,38,73,27,1,76,36" hai1="126,6,16,104,118,26,94,125,119,32,70,37,96" hai2="17,23,122,8,46,83,45,40,42,105,127,56,52" hai3="100,75,25,54,74,114,133,21,66,81,62,129,2"/><U39/><E70/><V0/><F105/><W132/><G2/><T90/><D110/><U18/><E104/><V93/><F122/><W53/><G100/><T130/><D130/><U9/><E39/><V112/><F127/><N who="1" m="48649" /><E37/><V85/><F93/><W20/><G129/><T41/><D78/><U128/><E128/><V124/><F124/><W19/><G20/><T65/><D102/><U113/><E113/><V13/><F112/><W67/><G67/><T91/><D27/><U7/><E7/><V55/><F0/><W99/><G99/><T115/><D115/><U107/><E107/><V63/><F23/><W103/><G103/><T68/><D68/><U48/><E48/><N who="2" m="29079" /><F45/><W79/><G74/><T89/><D65/><U57/><E57/><V87/><F87/><W121/><G121/><T33/><D58/><U64/><E64/><V88/><AGARI ba="0,0" hai="8,13,17,40,42,52,56,63,83,85,88" m="29079" machi="88" ten="30,7900,0" yaku="25,1,8,1,54,2" doraHai="111" who="2" fromWho="2" sc="240,-20,270,-39,245,79,245,-20" /><INIT seed="2,0,0,2,4,92" ten="220,231,324,225" oya="2" hai0="41,129,14,16,77,73,95,49,131,106,123,19,120" hai1="17,45,40,110,118,44,102,68,81,72,132,37,87" hai2="48,84,93,15,115,89,22,21,125,24,6,7,57" hai3="66,56,55,82,28,4,59,35,75,80,53,79,104"/><V34/><F115/><W0/><G66/><T2/><D106/><U78/><E118/><V96/><F125/><W61/><G104/><T10/><D2/><U103/><E68/><V85/><F34/><W99/><G80/><T113/><D113/><U100/><E132/><V33/><F33/><W114/><G114/><T111/><D77/><U76/><E110/><V39/><F39/><W43/><G43/><T3/><D3/><U94/><E45/><V97/><F85/><W90/><G0/><T69/><D73/><U65/><E65/><V30/><F7/><W13/><G35/><T32/><D32/><U109/><E109/><V130/><F130/><N who="0" m="49674" /><D69/><U67/><E67/><V60/><F48/><W117/><G28/><T135/><D111/><U70/><E70/><V18/><F6/><W25/><G25/><T108/><D108/><U127/><E127/><V126/><F126/><W50/><G117/><T64/><D64/><AGARI ba="0,0" hai="15,18,21,22,24,30,57,60,64,84,89,93,96,97" machi="64" ten="30,11600,0" yaku="7,1,8,1,52,2" doraHai="92" who="2" fromWho="0" sc="220,-116,231,0,324,116,225,0" /><INIT seed="2,1,0,0,2,2" ten="104,231,440,225" oya="2" hai0="69,28,25,113,5,67,16,62,40,60,73,41,100" hai1="99,6,107,22,61,59,121,94,128,43,34,10,78" hai2="74,135,20,14,109,97,105,37,58,98,82,70,55" hai3="95,124,57,85,103,86,36,75,12,32,126,112,29"/><V111/><F70/><W51/><G36/><T81/><D113/><U132/><E34/><V24/><F37/><W64/><G75/><T117/><D117/><U102/><E121/><V92/><F14/><W49/><G112/><T54/><D100/><U119/><E119/><V89/><F135/><W115/><G115/><T77/><D60/><U52/><E132/><V15/><F15/><W116/><G116/><T76/><D77/><U8/><E8/><V26/><F82/><W123/><G123/><T130/><D54/><U27/><E43/><V33/><F74/><W84/><G29/><T129/><D5/><U0/><E78/><V118/><F33/><W48/><G32/><T101/><D101/><U127/><E127/><N who="3" m="48682" /><G12/><T79/><D76/><U90/><E128/><N who="0" m="49257" /><D28/><U44/><E44/><V31/><F26/><W131/><G131/><T65/><D67/><U88/><E107/><V13/><F13/><W125/><G125/><T72/><D72/><U39/><E39/><V1/><F1/><W23/><G23/><AGARI ba="1,0" hai="16,23,25,40,41,62,65,69,73,79,81" m="49257" machi="23" ten="30,2000,0" yaku="19,1,54,1" doraHai="2" who="0" fromWho="3" sc="104,23,231,0,440,0,225,-23" /><INIT seed="3,0,0,2,4,31" ten="127,231,440,202" oya="3" hai0="76,4,71,126,44,45,96,28,102,2,86,114,39" hai1="57,8,51,7,85,116,16,100,84,20,41,99,17" hai2="130,11,50,98,87,6,101,38,56,106,29,108,68" hai3="95,67,80,22,88,64,107,26,1,27,89,59,46"/><W18/><G107/><T69/><D126/><U14/><E116/><V61/><F108/><W90/><G1/><T124/><D124/><U127/><E127/><V118/><F130/><W23/><G80/><T94/><D114/><U40/><E17/><V133/><F38/><W113/><G113/><T13/><D2/><U12/><E57/><V111/><F111/><W33/><G33/><T9/><D39/><U93/><REACH who="1" step="1"/><E41/><REACH who="1" ten="127,221,440,202" step="2"/><V58/><F56/><W74/><G59/><T82/><REACH who="0" step="1"/><D28/><REACH who="0" ten="117,221,440,202" step="2"/><U36/><E36/><V30/><F30/><W54/><G18/><T37/><D37/><U55/><E55/><V129/><F29/><W53/><G54/><T63/><D63/><U42/><E42/><V75/><F61/><W43/><G53/><T110/><D110/><U47/><AGARI ba="0,2" hai="7,8,12,14,16,20,40,47,51,84,85,93,99,100" machi="47" ten="30,12000,2" yaku="1,1,0,1,8,1,54,1,53,2" doraHai="31" doraHaiUra="81" who="1" fromWho="1" sc="117,-30,221,140,440,-30,202,-60" /><INIT seed="4,0,0,5,4,90" ten="87,361,410,142" oya="0" hai0="17,56,97,61,47,11,6,40,86,107,7,115,100" hai1="25,84,15,62,117,27,103,55,24,20,35,130,85" hai2="94,49,53,64,59,5,66,95,99,14,38,51,98" hai3="83,67,23,31,75,116,70,12,18,134,46,29,78"/><T50/><D115/><U71/><E117/><V21/><F38/><W109/><G109/><T30/><D30/><U69/><E130/><V101/><F49/><W119/><G134/><T87/><D17/><U88/><E84/><V28/><F28/><W108/><G108/><T19/><D19/><U8/><E103/><N who="2" m="60887" /><F21/><W63/><G31/><T10/><D11/><AGARI ba="0,0" hai="5,11,14,51,53,59,64,66,95,99,101" m="60887" machi="11" ten="30,3900,0" yaku="8,1,52,2" doraHai="90" who="2" fromWho="0" sc="87,-39,361,0,410,39,142,0" /><INIT seed="5,0,0,5,5,43" ten="48,361,449,142" oya="1" hai0="61,116,40,93,28,26,82,115,41,98,37,78,58" hai1="39,34,5,67,125,73,59,111,20,71,131,106,114" hai2="17,44,85,76,112,8,80,69,121,118,54,103,4" hai3="57,91,16,1,23,79,60,7,127,18,14,130,13"/><U19/><RYUUKYOKU type="yao9" ba="0,0" sc="48,0,361,0,449,0,142,0" hai1="5,19,20,34,39,59,67,71,73,106,111,114,125,131" /><INIT seed="5,1,0,4,0,78" ten="48,361,449,142" oya="1" hai0="21,29,99,124,113,102,37,85,110,35,65,127,48" hai1="88,114,81,131,6,82,19,95,77,50,128,105,16" hai2="116,34,56,120,10,119,130,94,69,104,89,117,1" hai3="134,49,62,72,60,112,51,93,68,22,126,25,55"/><U12/><E114/><V20/><F69/><W76/><G112/><T121/><D113/><U100/><E6/><V41/><F104/><W108/><G108/><T80/><D110/><U9/><E19/><V53/><F34/><W31/><G134/><T13/><D35/><U4/><E4/><V59/><F120/><W125/><G93/><T129/><D37/><U26/><E26/><V66/><F130/><N who="1" m="49705" /><E77/><V8/><F41/><W83/><G51/><T23/><D129/><U39/><E39/><V45/><F66/><W73/><G73/><T28/><D65/><U122/><E122/><V58/><F1/><W75/><G75/><T97/><D121/><U2/><E2/><V57/><F45/><W14/><G14/><T71/><D71/><U98/><E50/><V33/><F33/><W87/><G72/><T92/><D48/><U111/><E111/><V42/><F42/><W133/><G133/><T123/><D123/><U61/><E61/><V109/><F20/><W18/><G31/><T115/><D115/><U46/><E46/><V40/><F40/><W90/><G76/><T79/><D99/><AGARI ba="1,0" hai="9,12,16,81,82,88,95,98,99,100,105" m="49705" machi="99" ten="30,12000,1" yaku="19,1,52,2,54,2" doraHai="78" who="1" fromWho="0" sc="48,-123,361,123,449,0,142,0" owari="-75,-58.0,484,59.0,449,25.0,142,-26.0" /></mjloggm>