<mjloggm ver="2.3"><GO type="169" lobby="0"/><UN n0="%E9%BB%92%E7%8C%AB%73%69%6E" n1="%E8%87%AA%E9%87%8D" n2="%CE%BD%E3%82%AC%E3%83%B3%E3%83%80%E3%83%A0" n3="%E3%82%A6%E3%83%AB%E3%83%88%E3%83%A9%E7%AB%8B%E7%9B%B4" dan="17,16,16,19" rate="2178.56,2086.29,2186.03,2284.44" sx="M,M,M,M"/><TAIKYOKU oya="0"/><INIT seed="0,0,0,0,4,63" ten="250,250,250,250" oya="0" hai0="20,26,93,25,50,55,91,2,31,130,101,16,1" hai1="64,86,77,66,69,116,106,44,81,58,47,82,120" hai2="4,95,135,78,51,56,38,131,33,13,34,62,108" hai3="121,17,127,129,71,85,49,118,125,132,11,103,90"/><T72/><D130/><U42/><E116/><V98/><F38/><W19/><G71/><T22/><D101/><U3/><E120/><V7/><F131/><W75/><G75/><T9/><D9/><U10/><E106/><V89/><F108/><W8/><G103/><T83/><D83/><U65/><E69/><V45/><F78/><W70/><G70/><T109/><D72/><U6/><E81/><V67/><F135/><W124/><G129/><T53/><D109/><U18/><E18/><N who="3" m="6666" /><G118/><T28/><D28/><U97/><E97/><V111/><F111/><W68/><G68/><T27/><D27/><U96/><E96/><V102/><F102/><W80/><G132/><T84/><REACH who="0" step="1"/><D55/><REACH who="0" ten="240,250,250,250" step="2"/><U126/><E126/><V113/><F7/><W0/><G11/><T112/><D112/><U100/><E100/><V73/><F73/><W54/><G8/><T23/><D23/><U21/><E21/><V43/><F113/><W104/><G104/><T122/><D122/><U105/><E105/><V59/><F4/><W48/><G121/><T37/><D37/><U60/><E44/><AGARI ba="0,1" hai="1,2,16,20,22,25,26,31,44,50,53,84,91,93" machi="44" ten="30,5800,0" yaku="1,1,7,1,54,1,53,0" doraHai="63" doraHaiUra="39" who="0" fromWho="1" sc="240,68,250,-58,250,0,250,0" /><INIT seed="0,1,0,4,5,52" ten="308,192,250,250" oya="0" hai0="71,8,86,22,38,79,49,81,57,121,59,103,5" hai1="74,125,110,27,91,132,54,112,115,88,55,95,35" hai2="18,48,28,106,117,44,3,42,94,14,77,63,15" hai3="41,87,102,17,69,76,33,98,92,24,89,36,105"/><T32/><D121/><U133/><E74/><V120/><F106/><W90/><G36/><T53/><D32/><U51/><E110/><V60/><F3/><W131/><G41/><T85/><D38/><U83/><E83/><V129/><F120/><W111/><G111/><T23/><D71/><U114/><E125/><V1/><F1/><W65/><G131/><T70/><D70/><U75/><E75/><V66/><F129/><W40/><G40/><T56/><D103/><U82/><E82/><V2/><F2/><W108/><G108/><T11/><D85/><U46/><E54/><V127/><F127/><W19/><G90/><N who="1" m="34346" /><E95/><V119/><F77/><W80/><G65/><T73/><D73/><U26/><E35/><V109/><F109/><W84/><G69/><T97/><D97/><U29/><E29/><V130/><F130/><W68/><G68/><T58/><D5/><U107/><E107/><V20/><F28/><W21/><G33/><T34/><D34/><U9/><E9/><AGARI ba="1,0" hai="8,9,11,22,23,49,53,56,57,58,59,79,81,86" machi="9" ten="40,12000,1" yaku="8,1,52,4" doraHai="52" who="0" fromWho="1" sc="308,123,192,-123,250,0,250,0" /><INIT seed="0,2,0,3,1,56" ten="431,69,250,250" oya="0" hai0="83,30,23,65,71,100,87,116,24,76,98,38,40" hai1="25,94,99,129,7,14,34,93,108,95,73,10,133" hai2="128,19,86,3,90,36,124,103,111,96,16,121,77" hai3="41,48,17,45,66,8,55,31,49,11,20,58,21"/><T127/><D116/><U123/><E123/><V6/><F121/><W61/><G31/><T54/><D127/><U27/><E73/><V120/><F120/><W117/><G21/><T102/><D38/><U70/><E108/><V72/><F36/><W130/><G130/><T52/><D40/><U51/><E129/><V134/><F128/><W5/><G5/><T22/><D100/><U53/><E70/><V78/><F124/><W69/><REACH who="3" step="1"/><G117/><REACH who="3" ten="431,69,250,240" step="2"/><T109/><D109/><U113/><E34/><V63/><F111/><W104/><G104/><T50/><D22/><U42/><E113/><V9/><F134/><W82/><G82/><T126/><D126/><U62/><E133/><V15/><F72/><W28/><G28/><T80/><D80/><U112/><E112/><V85/><F19/><W26/><AGARI ba="2,1" hai="8,11,17,20,26,41,45,48,49,55,58,61,66,69" machi="26" ten="20,5200,0" yaku="1,1,0,1,7,1,52,1,53,0" doraHai="56" doraHaiUra="125" who="3" fromWho="3" sc="431,-28,69,-15,250,-15,240,68" /><INIT seed="1,0,0,1,5,108" ten="403,54,235,308" oya="1" hai0="59,69,91,127,76,7,51,85,109,99,92,131,26" hai1="60,110,77,103,4,118,25,86,36,95,20,28,1" hai2="22,88,120,115,100,84,8,102,63,89,107,114,50" hai3="13,47,52,64,56,81,62,130,124,129,80,49,97"/><U135/><E118/><V67/><F120/><W93/><G124/><T43/><D69/><U72/><E110/><V21/><F8/><W116/><G116/><T16/><D109/><U126/><E126/><V2/><F2/><W18/><G130/><T55/><D131/><U123/><E123/><V15/><F50/><W105/><G105/><T87/><D127/><U46/><E135/><V68/><F89/><W53/><G64/><T73/><D7/><U35/><E60/><V6/><F6/><W0/><G0/><T39/><D73/><U3/><E35/><V113/><F15/><W125/><G125/><T132/><D76/><U58/><E58/><V48/><F48/><W14/><G14/><T38/><D132/><U94/><E4/><V33/><F33/><W106/><G106/><T19/><D39/><U54/><E72/><V34/><F34/><W101/><REACH who="3" step="1"/><G129/><REACH who="3" ten="403,54,235,298" step="2"/><T79/><D26/><U45/><E36/><V31/><F107/><W74/><G74/><T57/><D38/><U104/><E104/><V61/><F61/><W128/><G128/><T134/><D134/><U119/><E119/><V32/><F32/><W117/><G117/><T75/><D75/><U71/><E71/><V44/><F44/><N who="1" m="17001" /><E54/><V10/><F10/><AGARI ba="0,1" hai="10,13,18,47,49,52,53,56,62,80,81,93,97,101" machi="10" ten="30,12000,2" yaku="1,1,7,1,8,1,54,1,53,2" doraHai="108" doraHaiUra="78" who="3" fromWho="2" sc="403,0,54,0,235,-120,298,130" /><INIT seed="2,0,0,5,3,125" ten="403,54,115,428" oya="2" hai0="118,48,13,7,108,74,91,123,0,130,57,70,61" hai1="4,68,75,105,20,44,66,64,106,78,62,50,37" hai2="9,35,47,134,124,38,2,84,26,55,58,21,79" hai3="52,29,31,27,83,117,112,86,96,12,128,93,60"/><V71/><F71/><W77/><G117/><T63/><D0/><U65/><E37/><V120/><F120/><W11/><G112/><T121/><D74/><U103/><E4/><V10/><F124/><W22/><G128/><T36/><D91/><U14/><E75/><V116/><F35/><W100/><G31/><T5/><D13/><U24/><E78/><V102/><F116/><W87/><G87/><T94/><D94/><U90/><E90/><V32/><F32/><W126/><G126/><T41/><D118/><U33/><E14/><V111/><F134/><W97/><G97/><T119/><D119/><U56/><E33/><V67/><F67/><W110/><G110/><T46/><D7/><U89/><E89/><V109/><F102/><W3/><G3/><T85/><D85/><U88/><E68/><V15/><F2/><W19/><G60/><N who="0" m="23115" /><D5/><U54/><E88/><V129/><F58/><W16/><G29/><T42/><D70/><U113/><E113/><V72/><F72/><W1/><G1/><T34/><D34/><U28/><E105/><V39/><F15/><W131/><G131/><T115/><D115/><U132/><E132/><V69/><F69/><W81/><G81/><T76/><D76/><U135/><E135/><V30/><F129/><W45/><G45/><N who="0" m="23719" /><D130/><U104/><E104/><V80/><F39/><W95/><G95/><T18/><D108/><N who="2" m="41546" /><F38/><W107/><G107/><T114/><D114/><U43/><E106/><V17/><F30/><W40/><G40/><T82/><D121/><U8/><E8/><V25/><F25/><W98/><G98/><RYUUKYOKU ba="0,0" sc="403,-30,54,10,115,10,428,10" hai1="20,24,28,43,44,50,54,56,62,64,65,66,103" hai2="9,10,17,21,26,47,55,79,80,84" hai3="11,12,16,19,22,27,52,77,83,86,93,96,100" /><INIT seed="2,1,0,2,4,14" ten="373,64,125,438" oya="2" hai0="31,59,91,24,105,25,48,102,134,17,88,33,10" hai1="27,135,94,82,29,56,95,39,99,89,58,12,76" hai2="23,63,112,53,45,5,20,38,81,100,64,70,50" hai3="75,34,74,106,16,120,97,67,78,93,41,18,103"/><V108/><F112/><W127/><G120/><T13/><D134/><U52/><E39/><V54/><F108/><W9/><G41/><T71/><D71/><U109/><E109/><V113/><F113/><W77/><G34/><T73/><D73/><U55/><E135/><V118/><F118/><W92/><G67/><T80/><D105/><U87/><E12/><V15/><F100/><W96/><G9/><T7/><D102/><U116/><E116/><V2/><F2/><W61/><G103/><T122/><D122/><U19/><E94/><V86/><F38/><W60/><G127/><T117/><D117/><U119/><E119/><V40/><F23/><W1/><G1/><T36/><D36/><U69/><E69/><V129/><F129/><W21/><G21/><T30/><D80/><U68/><E68/><V46/><F46/><W47/><G47/><T83/><D83/><U107/><E107/><AGARI ba="1,0" hai="16,18,60,61,74,75,77,78,92,93,96,97,106,107" machi="107" ten="25,8000,1" yaku="22,2,52,2,54,1" doraHai="14" who="3" fromWho="1" sc="373,0,64,-83,125,0,438,83" owari="373,17.0,-19,-52.0,125,-27.0,521,62.0" /></mjloggm>