<mjloggm ver="2.3"><GO type="169" lobby="0"/><UN n0="%EF%BC%93%E7%95%AA%E3%82%B7%E3%83%A7%E3%83%BC%E3%83%88%E5%9D%82%E7%94%B0" n1="%E3%81%B5%E3%81%8B%E3%81%BF" n2="%E3%83%88%E3%83%88%E3%83%AA%E5%85%88%E7%94%9F%31%39%E6%AD%B3" n3="%E5%9B%BD%E5%AE%B6%E6%9C%80%E7%B5%82%E6%88%A6%E5%8A%9B" dan="17,18,19,16" rate="2143.72,2189.26,2293.23,2109.87" sx="M,F,F,M"/><TAIKYOKU oya="0"/><INIT seed="0,0,0,4,1,3" ten="250,250,250,250" oya="0" hai0="32,96,85,47,40,124,93,103,10,1,30,63,120" hai1="104,125,113,44,52,38,61,128,24,19,97,78,8" hai2="99,72,25,43,67,28,57,45,5,34,133,37,69" hai3="94,68,6,14,59,26,70,75,110,90,106,105,65"/><T9/><D120/><U115/><E78/><V48/><F72/><W130/><G75/><T58/><D124/><U111/><E125/><V117/><F133/><W135/><G110/><T51/><D1/><U81/><E81/><V39/><F117/><W92/><G130/><T27/><REACH who="0" step="1"/><D85/><REACH who="0" ten="240,250,250,250" step="2"/><U114/><E114/><V0/><F0/><W126/><G126/><T83/><D83/><U11/><E115/><V66/><F39/><W53/><G135/><T71/><D71/><U74/><E38/><V86/><F69/><W29/><G68/><T116/><D116/><U91/><E74/><V62/><F86/><W35/><G70/><T127/><D127/><U118/><E113/><V132/><F132/><W76/><G106/><T16/><D16/><U82/><E104/><V107/><F37/><W2/><G105/><T56/><D56/><U15/><E82/><V89/><F107/><W22/><G59/><T64/><AGARI ba="0,1" hai="9,10,27,30,32,40,47,51,58,63,64,93,96,103" machi="64" ten="20,3900,0" yaku="1,1,0,1,7,1,53,0" doraHai="3" doraHaiUra="80" who="0" fromWho="0" sc="240,49,250,-13,250,-13,250,-13" /><INIT seed="0,1,0,1,4,8" ten="289,237,237,237" oya="0" hai0="14,129,15,130,66,50,127,36,83,22,55,116,65" hai1="58,68,49,48,131,126,37,135,6,89,104,32,64" hai2="124,102,41,103,59,107,78,106,77,105,18,112,134" hai3="9,132,122,81,92,133,91,47,99,35,74,43,46"/><T119/><D83/><U2/><E32/><V71/><F71/><W16/><G35/><T110/><D36/><U121/><E104/><V113/><F41/><W69/><G69/><T17/><D127/><U75/><E75/><V97/><F59/><W52/><G122/><T42/><D42/><U109/><E37/><V57/><F57/><W108/><G108/><T117/><D110/><U54/><E2/><V56/><F56/><W114/><G114/><N who="2" m="44137" /><F18/><W84/><G74/><T28/><D28/><U86/><E126/><V98/><F134/><N who="3" m="51819" /><G52/><T44/><REACH who="0" step="1"/><D15/><REACH who="0" ten="279,237,237,237" step="2"/><U61/><E109/><V76/><F124/><W19/><G43/><T0/><D0/><U125/><E125/><V39/><F39/><W87/><G81/><T27/><D27/><U33/><E135/><V63/><F63/><W24/><G24/><T25/><D25/><U120/><E120/><V67/><F67/><AGARI ba="1,1" hai="14,17,22,44,50,55,65,66,67,116,117,119,129,130" machi="67" ten="50,4800,0" yaku="1,1,52,1,53,0" doraHai="8" doraHaiUra="96" who="0" fromWho="2" sc="279,61,237,0,237,-51,237,0" /><INIT seed="0,2,0,4,3,87" ten="340,237,186,237" oya="0" hai0="128,30,20,53,40,27,36,38,81,70,130,41,16" hai1="12,102,42,52,89,57,3,105,78,11,37,10,135" hai2="124,115,134,116,29,77,43,123,98,50,5,55,117" hai3="6,1,84,113,100,51,46,39,31,106,69,13,111"/><T74/><D70/><U104/><E78/><V83/><F123/><W17/><G113/><T14/><D53/><U47/><E135/><V121/><F121/><W21/><G111/><T92/><D92/><U132/><E132/><V88/><F115/><W15/><G39/><N who="0" m="14891" /><D81/><U54/><E3/><V112/><F112/><W125/><G125/><T99/><D99/><U28/><E28/><V49/><F134/><W85/><G69/><T32/><D74/><U131/><E131/><AGARI ba="2,0" hai="14,16,20,27,30,32,40,41,128,130,131" m="14891" machi="131" ten="30,2900,0" yaku="19,1,54,1" doraHai="87" who="0" fromWho="1" sc="340,35,237,-35,186,0,237,0" /><INIT seed="0,3,0,1,0,55" ten="375,202,186,237" oya="0" hai0="12,74,49,100,25,61,26,118,16,13,53,22,85" hai1="131,73,90,80,134,59,10,88,94,54,66,35,60" hai2="34,78,51,19,29,91,130,115,43,99,15,93,56" hai3="3,122,75,18,48,123,128,6,68,0,121,76,105"/><T36/><D74/><U97/><E131/><V32/><F115/><W113/><G113/><T70/><D36/><U87/><E134/><V11/><F130/><W120/><G128/><T103/><D118/><U114/><E114/><V17/><F78/><W63/><G105/><T83/><D13/><U79/><E35/><V30/><F34/><W112/><G112/><T4/><D61/><U5/><E66/><V101/><F32/><W14/><G6/><T133/><D70/><U47/><E47/><V89/><F17/><W31/><G31/><T102/><D4/><U23/><E23/><V107/><F89/><W64/><G48/><T41/><D41/><U33/><E33/><V24/><F24/><W27/><G27/><T65/><D65/><U82/><REACH who="1" step="1"/><E5/><REACH who="1" ten="375,192,186,237" step="2"/><V1/><F43/><W46/><G46/><N who="0" m="27831" /><D133/><U40/><E40/><V57/><F51/><W28/><G123/><T104/><D104/><U135/><E135/><V45/><F45/><W106/><G106/><T44/><D44/><U39/><E39/><V77/><F11/><AGARI ba="3,1" hai="10,11,54,59,60,73,79,80,82,87,88,90,94,97" machi="11" ten="40,5200,0" yaku="1,1,52,1,54,1,53,0" doraHai="55" doraHaiUra="2" who="1" fromWho="2" sc="375,0,192,71,186,-61,237,0" /><INIT seed="1,0,0,3,2,35" ten="375,263,125,237" oya="1" hai0="40,86,37,82,77,16,46,64,23,24,45,90,44" hai1="85,60,92,115,74,51,18,19,53,34,129,2,70" hai2="117,87,125,42,5,69,4,27,0,133,71,73,100" hai3="84,113,21,124,80,111,31,75,119,98,118,76,6"/><U36/><E74/><V57/><F117/><W7/><G113/><T8/><D64/><U97/><E34/><V59/><F73/><W11/><G111/><T88/><D8/><U68/><E36/><V122/><F122/><W135/><G135/><T58/><D58/><U25/><E2/><V65/><F133/><W29/><G124/><T1/><D1/><U30/><E85/><V104/><F125/><W130/><G130/><T52/><REACH who="0" step="1"/><D46/><REACH who="0" ten="365,263,125,237" step="2"/><U105/><E70/><V95/><F57/><W39/><G11/><T13/><D13/><U3/><E68/><V109/><F69/><W120/><G119/><T33/><D33/><U61/><E129/><V14/><F71/><W63/><G118/><T9/><D9/><U54/><E115/><V20/><F59/><W48/><G120/><T15/><D15/><U128/><E128/><V106/><F65/><W49/><G21/><T62/><D62/><U28/><E60/><V94/><F14/><W41/><G63/><T22/><D22/><U131/><E61/><V91/><F0/><W50/><G6/><N who="2" m="2665" /><F20/><W126/><G7/><T132/><D132/><U79/><E3/><V112/><F112/><W89/><G126/><T67/><D67/><U26/><E131/><V55/><F109/><W56/><G56/><T103/><D103/><U17/><E26/><V43/><F27/><W81/><REACH who="3" step="1"/><G98/><REACH who="3" ten="365,263,125,227" step="2"/><T66/><D66/><U108/><E97/><V96/><F96/><W83/><G83/><T127/><D127/><U114/><E108/><V47/><F47/><AGARI ba="0,2" hai="29,31,39,41,47,48,49,50,75,76,80,81,84,89" machi="47" ten="40,1300,0" yaku="1,1,53,0" doraHai="35" doraHaiUra="10" who="3" fromWho="2" sc="365,0,263,0,125,-13,227,33" /><INIT seed="2,0,0,3,2,13" ten="365,263,112,260" oya="2" hai0="50,110,42,66,3,89,61,71,14,103,44,68,97" hai1="70,72,7,129,1,21,80,32,88,111,105,9,23" hai2="83,8,109,30,2,22,113,118,94,93,26,82,76" hai3="135,59,55,63,74,58,17,90,49,124,5,36,12"/><V11/><F113/><W56/><G36/><T123/><D3/><U101/><E32/><V27/><F118/><W114/><G114/><T34/><D123/><U108/><E70/><V45/><F109/><N who="1" m="42057" /><E129/><V31/><F2/><W51/><G74/><T24/><D110/><U39/><E39/><V130/><F130/><W25/><G135/><T115/><D115/><U99/><E72/><V37/><F37/><W41/><G124/><T0/><D0/><U4/><E4/><V33/><F45/><N who="3" m="25775" /><G25/><T6/><D89/><U122/><E122/><V84/><REACH who="2" step="1"/><F82/><REACH who="2" ten="365,263,102,260" step="2"/><W100/><G58/><T132/><D71/><U127/><E127/><V133/><F133/><W126/><G56/><T10/><D132/><U95/><E80/><V96/><F96/><AGARI ba="0,1" hai="1,7,9,21,23,88,95,96,99,101,105" m="42057" machi="96" ten="30,2000,0" yaku="14,1,54,1" doraHai="13" who="1" fromWho="2" sc="365,0,263,30,102,-20,260,0" /><INIT seed="3,0,0,1,0,129" ten="365,293,82,260" oya="3" hai0="58,34,6,62,26,59,49,64,105,76,81,51,122" hai1="25,24,56,106,98,132,79,116,48,103,12,130,9" hai2="101,41,39,3,82,57,52,94,111,42,16,60,71" hai3="40,30,84,93,69,10,77,125,100,17,73,44,33"/><W8/><G69/><T78/><D105/><U120/><E120/><V13/><F3/><W1/><G125/><T37/><D37/><U72/><E130/><V117/><F117/><W107/><G30/><T127/><D122/><U131/><E131/><V47/><F111/><W18/><G33/><T134/><D127/><U97/><E116/><V38/><F71/><W89/><G10/><T104/><D104/><U5/><E98/><V35/><F35/><W74/><G74/><T102/><D102/><U135/><E79/><V133/><F82/><N who="3" m="45359" /><G100/><T27/><D6/><U20/><E72/><V87/><F133/><N who="1" m="51273" /><E20/><V68/><F68/><W45/><G45/><T86/><D78/><U115/><E115/><V11/><F39/><N who="3" m="21535" /><G107/><T88/><D76/><U109/><E109/><V92/><F41/><W55/><G55/><AGARI ba="0,0" hai="5,9,12,24,25,48,55,56,97,103,106" m="51273" machi="55" ten="30,7700,0" yaku="20,1,52,3" doraHai="129" who="1" fromWho="3" sc="365,0,293,77,82,0,260,-77" /><INIT seed="4,0,0,5,0,130" ten="365,370,82,183" oya="0" hai0="89,65,73,60,42,71,40,45,11,58,34,46,29" hai1="20,64,133,49,131,56,83,108,106,120,97,82,30" hai2="116,118,21,70,57,27,98,91,125,16,47,114,124" hai3="54,38,113,59,119,101,107,6,66,62,5,86,37"/><T132/><D73/><U123/><E108/><V36/><F70/><W121/><G119/><N who="2" m="45609" /><F114/><W87/><G113/><T50/><D11/><U110/><E110/><V127/><F57/><W17/><G121/><T19/><D19/><U53/><E131/><V24/><F36/><W28/><G28/><T104/><D104/><U109/><E109/><V18/><F47/><W134/><G17/><N who="2" m="6761" /><F21/><W67/><G59/><T112/><D112/><U15/><E20/><V95/><AGARI ba="0,0" hai="24,27,91,95,98,124,125,127" m="6761,45609" machi="95" ten="40,5200,0" yaku="18,1,12,1,54,1" doraHai="130" who="2" fromWho="2" sc="365,-26,370,-13,82,52,183,-13" /><INIT seed="5,0,0,0,5,48" ten="339,357,134,170" oya="1" hai0="92,123,59,130,134,115,122,9,83,30,91,49,107" hai1="75,45,25,62,68,57,127,20,81,94,15,7,32" hai2="109,39,21,46,71,18,87,79,131,121,117,63,120" hai3="27,58,55,72,69,61,111,77,76,53,56,4,66"/><U112/><E68/><V85/><F117/><W29/><G111/><T106/><D115/><U135/><E32/><V129/><F109/><W8/><G72/><T119/><D30/><U126/><E112/><V89/><F79/><W33/><G69/><T90/><D9/><U103/><E135/><V37/><F71/><W10/><G10/><T99/><D119/><U67/><E45/><V98/><F98/><W124/><G124/><T64/><D64/><U40/><E40/><V42/><F63/><W65/><G65/><T36/><D36/><U101/><E15/><V50/><F39/><W38/><G38/><T26/><D26/><U104/><E104/><N who="0" m="39977" /><D59/><U114/><E7/><V88/><F87/><W78/><REACH who="3" step="1"/><G56/><REACH who="3" ten="339,357,134,160" step="2"/><T6/><D134/><U82/><E114/><V105/><F37/><W16/><G16/><T100/><D6/><U47/><E75/><V95/><F120/><W133/><G133/><T128/><D123/><U73/><E73/><V97/><F121/><W5/><G5/><T110/><D122/><U74/><E74/><V60/><F129/><W31/><G31/><T43/><D110/><U14/><E127/><V96/><F131/><W44/><G44/><T125/><D125/><U108/><E47/><V70/><F70/><W1/><AGARI ba="0,1" hai="1,4,8,27,29,33,53,55,58,61,66,76,77,78" machi="1" ten="30,8000,1" yaku="1,1,0,1,52,2,53,1" doraHai="48" doraHaiUra="2" who="3" fromWho="3" sc="339,-20,357,-40,134,-20,160,90" /><INIT seed="6,0,0,5,2,107" ten="319,317,114,250" oya="2" hai0="78,63,46,62,104,50,85,23,102,128,132,20,37" hai1="133,61,86,65,96,115,124,92,122,18,48,24,111" hai2="131,90,1,27,87,33,79,16,112,44,108,114,97" hai3="72,100,47,60,119,41,95,54,73,55,69,99,66"/><V7/><F131/><W11/><G119/><T21/><D37/><U15/><E111/><V9/><F108/><W101/><G101/><T113/><D113/><N who="2" m="43626" /><F79/><W52/><REACH who="3" step="1"/><G11/><REACH who="3" ten="319,317,114,240" step="2"/><T58/><D102/><U42/><E115/><V103/><F44/><W12/><G12/><T68/><D46/><U22/><E15/><V83/><F33/><W118/><G118/><T40/><D128/><U80/><E122/><V93/><F27/><W105/><G105/><T70/><D104/><U6/><E24/><V4/><F4/><W49/><AGARI ba="0,1" hai="41,47,49,52,54,55,60,66,69,72,73,95,99,100" machi="49" ten="30,8000,1" yaku="1,1,0,1,52,2,54,1,53,0" doraHai="107" doraHaiUra="26" who="3" fromWho="3" sc="319,-20,317,-20,114,-40,240,90" /><INIT seed="7,0,0,0,1,28" ten="299,297,74,330" oya="3" hai0="10,113,70,61,128,39,47,126,50,99,20,132,104" hai1="62,46,17,60,91,68,131,36,56,12,11,34,134" hai2="8,116,77,5,79,120,31,74,75,124,66,119,30" hai3="78,88,45,109,111,108,105,93,18,53,71,102,107"/><W69/><G78/><T41/><D128/><U3/><E131/><V64/><F8/><W40/><G53/><T32/><D32/><U13/><E3/><V2/><F5/><W94/><G18/><T114/><D132/><U130/><E130/><V76/><F2/><W65/><G102/><N who="0" m="62559" /><D20/><U29/><E134/><V24/><F124/><W127/><G127/><T101/><D101/><U87/><E68/><N who="3" m="26186" /><G65/><N who="0" m="41263" /><D10/><U73/><E73/><V118/><F120/><W38/><G94/><T117/><D126/><U51/><E36/><V123/><F123/><W25/><G25/><T121/><D121/><U49/><E13/><V85/><F85/><AGARI ba="0,0" hai="38,40,45,85,88,93,105,107,108,109,111" m="26186" machi="85" ten="40,3900,0" yaku="10,1,54,1" doraHai="28" who="3" fromWho="2" sc="299,0,297,0,74,-39,330,39" owari="299,10.0,297,-10.0,35,-46.0,369,46.0" /></mjloggm>