<mjloggm ver="2.3"><GO type="169" lobby="0"/><UN n0="%E3%83%88%E3%83%88%E3%83%AA%E5%85%88%E7%94%9F%31%39%E6%AD%B3" n1="%6B%5F%6D%5F%62" n2="%E3%82%8A%E3%82%81%E3%82%8D" n3="%E3%81%98%E3%81%BF%E3%81%84%E3%81%A3%5A" dan="19,17,17,18" rate="2324.95,2127.23,2140.56,2253.73" sx="F,M,M,M"/><TAIKYOKU oya="0"/><INIT seed="0,0,0,1,4,53" ten="250,250,250,250" oya="0" hai0="132,93,87,114,70,90,91,122,43,102,3,21,112" hai1="0,99,92,25,79,68,119,103,128,121,2,78,116" hai2="123,56,131,71,115,40,13,1,60,15,14,104,9" hai3="27,130,38,39,86,88,6,69,105,84,75,54,46"/><T81/><D122/><U31/><E121/><V101/><F123/><W109/><G75/><T10/><D70/><U129/><E68/><V62/><F115/><W63/><G105/><T67/><D132/><U50/><E50/><V134/><F134/><W22/><G6/><T97/><D67/><U110/><E110/><V55/><F131/><N who="1" m="50249" /><E2/><V133/><F133/><W7/><G7/><T100/><D3/><U20/><E0/><V42/><F1/><W29/><G109/><T36/><D10/><U49/><E49/><V127/><F127/><W120/><G120/><T118/><D21/><U77/><AGARI ba="0,0" hai="20,25,31,77,78,79,92,99,103,116,119" m="50249" machi="77" ten="30,1100,0" yaku="19,1" doraHai="53" who="1" fromWho="1" sc="250,-5,250,11,250,-3,250,-3" /><INIT seed="1,0,0,0,3,36" ten="245,261,247,247" oya="1" hai0="72,101,45,126,54,110,76,17,114,132,47,133,104" hai1="130,12,129,71,92,70,32,68,62,43,100,0,3" hai2="4,64,26,74,103,25,51,19,69,83,135,116,118" hai3="106,20,38,98,107,88,31,78,18,123,125,75,37"/><U91/><E32/><V49/><F135/><W30/><G123/><T21/><D114/><U23/><E100/><V24/><F4/><W48/><G125/><T22/><D126/><U50/><E62/><V99/><F64/><W41/><G38/><T29/><D110/><U128/><E12/><V82/><F69/><W33/><G37/><T40/><D29/><U44/><REACH who="1" step="1"/><E23/><REACH who="1" ten="245,251,247,247" step="2"/><V105/><F103/><W81/><G33/><T85/><D22/><U16/><E16/><V120/><F19/><W65/><G31/><T79/><D21/><U121/><E121/><V39/><F118/><W96/><G30/><T8/><D17/><U63/><E63/><V119/><F116/><W2/><G20/><T56/><D101/><U94/><E94/><V14/><F119/><W95/><G18/><T9/><D133/><U84/><AGARI ba="0,1" hai="0,3,43,44,50,68,70,71,84,91,92,128,129,130" machi="84" ten="40,12000,1" yaku="1,1,0,1,19,1,52,1,53,0" doraHai="36" doraHaiUra="15" who="1" fromWho="1" sc="245,-40,251,130,247,-40,247,-40" /><INIT seed="1,1,0,2,1,99" ten="205,381,207,207" oya="1" hai0="112,89,31,127,3,122,17,84,117,56,72,24,10" hai1="79,62,103,46,23,97,88,1,116,135,51,6,125" hai2="73,14,78,29,118,59,5,48,67,94,119,12,87" hai3="121,61,133,21,20,26,35,71,74,111,40,95,81"/><U30/><E116/><V101/><F29/><W86/><G121/><T98/><D117/><U38/><E38/><V63/><F73/><W45/><G133/><T7/><D72/><U2/><E135/><V8/><F78/><W36/><G111/><T55/><D112/><U90/><E79/><V70/><F14/><W92/><G35/><T75/><D75/><U18/><E30/><V37/><F37/><W100/><G21/><T4/><D127/><U130/><E125/><V114/><F114/><W131/><G131/><T65/><D65/><U19/><E130/><V28/><F28/><W68/><G61/><T107/><D7/><U41/><E62/><V77/><F77/><W85/><G85/><T102/><D17/><U80/><E80/><V32/><F32/><W109/><G109/><T124/><D124/><U105/><E19/><V13/><F13/><W44/><G81/><T57/><D55/><U96/><E96/><V60/><F48/><W123/><G86/><T76/><D76/><U47/><E47/><V115/><F115/><W42/><G123/><T83/><REACH who="0" step="1"/><D122/><REACH who="0" ten="195,381,207,207" step="2"/><U104/><E18/><V9/><F118/><W39/><G74/><T49/><D49/><U25/><E51/><V106/><F119/><W53/><G53/><T0/><D0/><U66/><E2/><V16/><F5/><W69/><G39/><T33/><AGARI ba="1,1" hai="3,4,10,24,31,33,56,57,83,84,89,98,102,107" machi="33" ten="20,5200,0" yaku="1,1,0,1,7,1,52,1,53,0" doraHai="99" doraHaiUra="15" who="0" fromWho="0" sc="195,65,381,-27,207,-14,207,-14" /><INIT seed="2,0,0,2,0,125" ten="260,354,193,193" oya="2" hai0="92,58,65,104,126,63,79,78,127,102,93,18,86" hai1="71,90,41,77,67,69,115,32,6,133,16,120,72" hai2="94,4,123,124,99,14,135,34,29,27,64,23,109" hai3="132,45,75,73,96,101,48,100,114,26,55,8,35"/><V117/><F123/><W13/><G132/><T82/><D79/><U87/><E115/><V42/><F117/><W44/><G114/><T76/><D76/><U98/><E32/><V24/><F124/><N who="0" m="47658" /><D18/><U51/><E6/><V11/><F135/><W91/><G35/><T31/><D31/><U116/><E67/><V119/><F119/><W70/><G70/><T112/><D112/><U10/><E120/><V20/><F109/><W106/><G26/><T43/><D43/><U118/><E133/><V95/><F64/><W33/><G33/><T129/><D129/><U107/><E71/><V46/><F34/><W5/><G101/><T17/><D17/><U53/><E69/><V15/><F15/><W122/><G122/><T59/><D59/><U39/><E41/><V12/><F12/><W2/><G2/><T36/><D36/><U83/><E39/><V37/><REACH who="2" step="1"/><F99/><AGARI ba="0,0" hai="58,63,65,78,82,86,92,93,99,102,104" m="47658" machi="99" ten="30,1000,0" yaku="18,1" doraHai="125" who="0" fromWho="2" sc="260,10,354,0,193,-10,193,0" /><INIT seed="3,0,0,0,5,133" ten="270,354,183,193" oya="3" hai0="48,84,63,34,69,74,33,119,39,19,134,47,110" hai1="65,28,75,72,11,16,126,124,78,14,125,10,57" hai2="43,92,115,114,93,112,109,100,40,62,17,4,41" hai3="80,30,58,99,12,38,50,129,77,6,127,128,21"/><W29/><G38/><T54/><D119/><U97/><E28/><V32/><F32/><W52/><G99/><T0/><D74/><N who="1" m="28203" /><E78/><V23/><F4/><W83/><G127/><T90/><D110/><U76/><E76/><V117/><F117/><W123/><G123/><T108/><D134/><U88/><E57/><V135/><F109/><W67/><G67/><T37/><D0/><U13/><E65/><V86/><F135/><W89/><G89/><T111/><D111/><U118/><E118/><V131/><F131/><N who="3" m="50251" /><G21/><T96/><D96/><U101/><E88/><V70/><F100/><W107/><G107/><T24/><D108/><U66/><E66/><V27/><F70/><W36/><G36/><T102/><D102/><U53/><E53/><V104/><F104/><W35/><G35/><T20/><D34/><U44/><E44/><V91/><REACH who="2" step="1"/><F62/><REACH who="2" ten="270,354,173,193" step="2"/><W79/><G79/><T64/><REACH who="0" step="1"/><D33/><REACH who="0" ten="260,354,173,193" step="2"/><U116/><E116/><V68/><F68/><W8/><G77/><T51/><D51/><U1/><E97/><V106/><F106/><W132/><G132/><T85/><D85/><U42/><E101/><V71/><F71/><W95/><G50/><T113/><D113/><U122/><E126/><V25/><F25/><W22/><G12/><T3/><D3/><U130/><E1/><V55/><F55/><W18/><G52/><T82/><AGARI ba="0,2" hai="19,20,24,37,39,47,48,54,63,64,69,82,84,90" machi="82" ten="20,5200,0" yaku="1,1,0,1,7,1,53,1" doraHai="133" doraHaiUra="45" who="0" fromWho="0" sc="260,72,354,-13,173,-13,193,-26" /><INIT seed="4,0,0,5,3,2" ten="332,341,160,167" oya="0" hai0="18,39,20,112,65,14,6,72,124,57,10,71,83" hai1="80,107,59,92,89,3,1,13,37,60,81,49,36" hai2="58,117,9,19,106,115,31,121,87,23,8,0,56" hai3="69,113,76,24,119,16,94,120,52,95,54,4,111"/><T25/><D112/><U41/><E107/><V70/><F121/><W30/><G111/><T123/><D123/><U34/><E34/><V27/><F70/><W79/><G69/><T128/><D128/><U132/><E132/><V38/><F38/><W42/><G42/><T67/><D124/><U61/><E13/><V28/><F115/><W45/><G119/><T73/><D39/><U35/><E35/><V85/><F106/><W74/><G74/><T29/><D71/><U108/><E108/><V46/><F46/><W62/><G30/><N who="2" m="11305" /><F0/><W82/><G82/><T96/><D96/><U102/><E102/><V122/><F122/><W17/><G45/><T103/><D103/><U51/><E92/><V133/><F133/><W110/><G110/><T99/><D99/><U33/><E33/><V26/><F26/><W109/><G109/><T130/><D130/><U66/><E41/><V64/><F117/><W104/><G104/><T77/><D72/><U131/><E131/><V114/><F114/><W101/><G101/><T43/><D43/><U90/><E59/><N who="2" m="22571" /><F64/><AGARI ba="0,0" hai="1,3,36,37,49,51,60,61,64,66,80,81,89,90" machi="64" ten="25,1600,0" yaku="22,2" doraHai="2" who="1" fromWho="2" sc="332,0,341,16,160,-16,167,0" /><INIT seed="5,0,0,2,4,7" ten="332,357,144,167" oya="1" hai0="127,27,29,35,52,30,131,48,103,80,50,57,98" hai1="44,88,97,31,55,24,86,21,118,43,123,79,81" hai2="77,42,8,101,87,72,60,38,63,71,121,105,85" hai3="64,18,92,109,17,28,91,20,94,117,124,10,37"/><U54/><E123/><V34/><F121/><W14/><G109/><T9/><D131/><U12/><E118/><V26/><F85/><W47/><G117/><T53/><D127/><U107/><E12/><V65/><F87/><W132/><G124/><T39/><D39/><U69/><E69/><V114/><F63/><W110/><G110/><T111/><D111/><U3/><E3/><V82/><F114/><W2/><G28/><T41/><D41/><U130/><E130/><V89/><F89/><W116/><G64/><T74/><D30/><U58/><E58/><V129/><F129/><W70/><G70/><T135/><D135/><U108/><E108/><V115/><F115/><W13/><G132/><T99/><D103/><U120/><E120/><V100/><F100/><W125/><G125/><T19/><D74/><U62/><E62/><V113/><F113/><W128/><G128/><T75/><D75/><U5/><E107/><V90/><F90/><W56/><G91/><T76/><D80/><U119/><E119/><V112/><F112/><W1/><G56/><T6/><D19/><U68/><E5/><V73/><F73/><W59/><G59/><T104/><D76/><U66/><E66/><V45/><F101/><W83/><G83/><T46/><REACH who="0" step="1"/><D104/><REACH who="0" ten="322,357,144,167" step="2"/><U122/><E122/><V23/><F105/><W36/><G116/><T49/><D49/><N who="1" m="26783" /><E68/><V93/><F93/><AGARI ba="0,1" hai="21,24,31,54,55,79,81,86,88,93,97" m="26783" machi="93" ten="30,2900,0" yaku="8,1,54,1" doraHai="7" who="1" fromWho="2" sc="322,0,357,39,144,-29,167,0" /><INIT seed="5,1,0,0,0,129" ten="322,396,115,167" oya="1" hai0="54,12,19,30,94,112,48,15,29,24,97,69,65" hai1="27,125,66,99,0,46,110,122,8,82,123,40,56" hai2="72,103,128,134,26,113,55,96,64,120,68,59,74" hai3="131,71,124,34,76,20,10,14,106,60,79,127,132"/><U102/><E125/><V23/><F120/><W81/><G34/><T95/><D112/><U88/><E110/><V83/><F128/><W130/><G106/><T115/><D115/><U6/><E27/><V135/><F113/><W107/><G107/><T4/><D69/><U111/><E111/><V17/><F68/><W62/><G20/><N who="0" m="13343" /><D65/><U119/><E119/><V114/><F64/><W18/><G71/><T116/><D94/><U45/><E45/><V61/><F114/><W67/><G67/><T100/><D116/><U52/><E66/><V49/><F49/><W92/><G92/><T90/><D90/><U80/><E82/><V73/><REACH who="2" step="1"/><F83/><REACH who="2" ten="322,396,105,167" step="2"/><W39/><G81/><T105/><D48/><U1/><E80/><V109/><F109/><W42/><G131/><T38/><D38/><U75/><E123/><V77/><F77/><W9/><G130/><T89/><D89/><U101/><E122/><V91/><F91/><W21/><G79/><T5/><D100/><U50/><E88/><V51/><F51/><W3/><G76/><T117/><D117/><U86/><E101/><V84/><F84/><W41/><G39/><T33/><D97/><U44/><E86/><V93/><AGARI ba="1,1" hai="17,23,26,55,59,61,72,73,74,93,96,103,134,135" machi="93" ten="40,8000,1" yaku="1,1,0,1,52,2,53,0" doraHai="129" doraHaiUra="11" who="2" fromWho="2" sc="322,-21,396,-41,105,93,167,-21" /><INIT seed="6,0,0,1,1,4" ten="301,355,198,146" oya="2" hai0="77,31,1,129,78,127,125,90,95,92,88,84,20" hai1="57,2,123,106,120,26,114,48,58,5,11,25,99" hai2="51,22,96,45,133,32,33,91,60,56,134,109,131" hai3="44,10,35,107,89,36,70,76,69,43,132,105,55"/><V104/><F131/><W67/><G132/><N who="2" m="50793" /><F109/><W65/><G55/><T75/><D1/><U14/><E114/><V97/><F22/><W115/><G89/><T87/><D129/><U82/><E82/><V86/><F56/><N who="1" m="21609" /><E48/><V21/><F21/><W121/><G35/><N who="2" m="13385" /><F60/><W41/><G121/><N who="1" m="46666" /><E2/><V64/><F104/><W30/><G30/><T113/><D113/><U6/><E6/><V85/><F64/><W93/><G115/><T135/><D135/><U53/><E53/><N who="2" m="29935" /><F86/><W63/><G67/><T73/><D20/><U71/><E71/><V54/><F54/><W37/><G70/><T122/><D122/><U62/><E62/><V7/><F7/><W128/><G128/><T126/><D31/><U47/><E47/><V24/><F24/><W103/><G69/><T61/><D61/><U80/><E26/><V102/><F102/><W13/><G63/><T38/><D38/><U124/><E25/><V40/><F40/><W130/><G65/><T3/><D3/><U98/><E106/><V0/><F0/><W110/><G130/><T118/><D118/><U9/><E5/><V116/><F116/><W16/><G110/><T74/><AGARI ba="0,0" hai="73,74,75,77,78,84,87,88,90,92,95,125,126,127" machi="74" ten="40,12000,2" yaku="0,1,9,1,18,1,34,3,54,1" doraHai="4" who="0" fromWho="0" sc="301,120,355,-30,198,-60,146,-30" /><INIT seed="7,0,0,5,1,118" ten="421,325,138,116" oya="3" hai0="47,66,65,119,3,9,10,110,95,105,124,58,63" hai1="84,94,18,131,90,49,11,107,80,85,24,33,114" hai2="19,7,82,13,76,25,127,15,123,20,22,130,6" hai3="113,36,16,99,89,69,102,72,45,5,35,43,88"/><W37/><G69/><T126/><D110/><U128/><E33/><V129/><F127/><N who="0" m="48682" /><D105/><U40/><E107/><V134/><F123/><W104/><G113/><T21/><D119/><U108/><E108/><V79/><F134/><W109/><G109/><T26/><D3/><U29/><E29/><N who="2" m="17575" /><F79/><W38/><G5/><T86/><D65/><U42/><E24/><V106/><F106/><W68/><G68/><T4/><D4/><U67/><E18/><V117/><F15/><W115/><G115/><T98/><D86/><U77/><E49/><V23/><F23/><W12/><G35/><T125/><D47/><U30/><E11/><V56/><F56/><W28/><G28/><N who="0" m="17487" /><D125/><U111/><E67/><V96/><F96/><W62/><G72/><T17/><D17/><U1/><E30/><V60/><F117/><W93/><G104/><T52/><D66/><U121/><E1/><V34/><F34/><W0/><G0/><T44/><D44/><U91/><E111/><V61/><F7/><W122/><G122/><T97/><D97/><N who="1" m="57559" /><E114/><V27/><F27/><W112/><G112/><T46/><D46/><U92/><E42/><V2/><F6/><W81/><G81/><T14/><D14/><U132/><E40/><V32/><F32/><W57/><G38/><T48/><D48/><U78/><E132/><V53/><F2/><W135/><G37/><T54/><D54/><U73/><E73/><N who="2" m="43279" /><F53/><N who="3" m="34095" /><G135/><T120/><D120/><U59/><E121/><V31/><F31/><W103/><G103/><AGARI ba="0,0" hai="9,10,52,58,63,95,98,103" m="17487,48682" machi="103" ten="30,2000,0" yaku="18,1,54,1" doraHai="118" who="0" fromWho="3" sc="421,20,325,0,138,0,116,-20" owari="441,53.0,325,13.0,138,-26.0,96,-40.0" /></mjloggm>