<mjloggm ver="2.3"><GO type="169" lobby="0"/><UN n0="%74%61%74%73%75%37%30%32" n1="%E3%83%88%E3%83%88%E3%83%AA%E5%85%88%E7%94%9F%31%39%E6%AD%B3" n2="%66%65%65%73" n3="%E3%83%8B%E3%83%A3%E3%83%83%E3%83%94%E3%83%BC%E5%A4%8F%E7%9B%AE" dan="17,19,16,18" rate="2196.06,2264.03,2026.45,2227.19" sx="M,F,M,M"/><TAIKYOKU oya="0"/><INIT seed="0,0,0,5,0,63" ten="250,250,250,250" oya="0" hai0="135,76,31,120,106,109,123,55,37,81,118,45,27" hai1="89,16,77,108,107,101,87,3,96,117,38,93,131" hai2="21,5,51,97,59,19,49,75,44,133,116,56,35" hai3="52,65,134,60,85,46,91,71,9,95,26,40,105"/><T98/><D118/><U4/><E117/><V66/><F35/><W99/><G134/><T69/><D135/><U18/><E38/><V43/><F75/><W84/><G105/><T64/><D109/><U41/><E41/><V92/><F133/><W86/><G9/><T67/><D69/><U53/><E108/><V100/><F116/><W127/><G127/><T34/><D123/><U36/><E36/><V68/><F5/><W12/><G12/><T94/><D106/><U2/><E131/><V47/><F68/><W103/><G26/><T122/><D122/><U90/><E77/><V61/><F56/><W80/><REACH who="3" step="1"/><G52/><REACH who="3" ten="250,250,250,240" step="2"/><T115/><D120/><U6/><E53/><V54/><F21/><W114/><G114/><T78/><D115/><U29/><E3/><V88/><REACH who="2" step="1"/><F19/><REACH who="2" ten="250,250,240,240" step="2"/><W70/><G70/><T48/><D37/><AGARI ba="0,2" hai="37,40,46,60,65,71,80,84,85,86,91,95,99,103" machi="37" ten="30,3900,0" yaku="1,1,7,1,52,1,53,0" doraHai="63" doraHaiUra="22" who="3" fromWho="0" sc="250,-39,250,0,240,0,240,59" /><INIT seed="1,0,0,0,1,13" ten="211,250,240,299" oya="1" hai0="108,4,35,131,25,107,19,109,2,8,61,76,12" hai1="113,26,96,72,121,51,97,101,28,111,5,49,99" hai2="77,71,98,105,52,104,69,134,80,68,126,15,46" hai3="118,85,3,79,102,55,6,39,56,27,133,90,53"/><U17/><E113/><V87/><F134/><W22/><G39/><T78/><D107/><U106/><E121/><V65/><F126/><W7/><G133/><T45/><D45/><U100/><E72/><V44/><F65/><W114/><G114/><T91/><D91/><U103/><E111/><N who="0" m="42569" /><D61/><U88/><E5/><V64/><F64/><W9/><G118/><T117/><D131/><U48/><E106/><V34/><F34/><W24/><G79/><T29/><D117/><U57/><E17/><V11/><F98/><W10/><G102/><T47/><D47/><U122/><E122/><V89/><F77/><W73/><G73/><T14/><D14/><U82/><E82/><V20/><F20/><AGARI ba="0,0" hai="2,4,8,12,19,20,25,29,35,76,78" m="42569" machi="20" ten="30,3900,0" yaku="24,1,14,1,52,1" doraHai="13" who="0" fromWho="2" sc="211,39,250,0,240,-39,299,0" /><INIT seed="2,0,0,0,0,72" ten="250,250,201,299" oya="2" hai0="5,75,30,111,6,24,71,56,65,38,119,37,64" hai1="15,1,45,23,25,2,131,118,108,54,4,66,16" hai2="41,3,124,58,110,86,21,98,29,97,79,88,134" hai3="52,59,83,47,99,109,68,85,33,112,44,10,70"/><V117/><F117/><W49/><G33/><T104/><D71/><U95/><E118/><V114/><F3/><W63/><G109/><T121/><D111/><U89/><E108/><V107/><F110/><W101/><G112/><T77/><D119/><U130/><E66/><V92/><F107/><W125/><G10/><T35/><D121/><U46/><E25/><N who="2" m="16559" /><F114/><W32/><G32/><T113/><D104/><U78/><E78/><V76/><F124/><W132/><G132/><T128/><D128/><N who="1" m="49195" /><E4/><V126/><F126/><W122/><G122/><T13/><D113/><U80/><E80/><V81/><F134/><W40/><G44/><N who="1" m="17002" /><E54/><V12/><F41/><W26/><G26/><T74/><D74/><U133/><E133/><V62/><F12/><W69/><G125/><T20/><D65/><U39/><E39/><V9/><F9/><W127/><G127/><T102/><D5/><U17/><E17/><V28/><F28/><W129/><G129/><T11/><D35/><U22/><E22/><V60/><F60/><W31/><G31/><T57/><D38/><U14/><E14/><V120/><F120/><W123/><G123/><T87/><D75/><U84/><AGARI ba="0,0" hai="1,2,15,16,23,84,89,95" m="17002,49195" machi="84" ten="30,2000,0" yaku="19,1,54,1" doraHai="72" who="1" fromWho="1" sc="250,-5,250,20,201,-10,299,-5" /><INIT seed="3,0,0,5,1,75" ten="245,270,191,294" oya="3" hai0="83,34,8,41,15,126,69,46,86,64,71,73,12" hai1="61,85,128,112,116,55,36,122,21,51,127,40,14" hai2="133,24,99,120,124,22,16,119,95,4,38,7,78" hai3="3,79,17,80,35,60,110,39,31,111,101,44,26"/><W54/><G3/><T48/><D73/><U42/><E122/><V100/><F119/><W74/><G101/><T77/><D34/><U56/><E112/><V65/><F120/><W70/><G17/><T118/><D118/><U103/><E116/><V106/><F133/><W92/><G92/><T10/><D126/><U132/><E36/><V104/><F124/><W43/><G54/><T96/><D96/><U131/><E132/><V27/><F38/><W45/><G44/><T88/><D64/><AGARI ba="0,0" hai="26,31,35,39,43,45,60,64,70,74,79,80,110,111" machi="64" ten="40,7700,0" yaku="23,2,52,1" doraHai="75" who="3" fromWho="0" sc="245,-77,270,0,191,0,294,77" /><INIT seed="3,1,0,0,0,69" ten="168,270,191,371" oya="3" hai0="91,55,59,11,97,79,52,34,100,43,95,122,31" hai1="128,106,123,5,7,93,32,103,89,50,63,9,35" hai2="15,117,132,56,87,80,82,16,107,78,42,38,76" hai3="12,3,96,105,135,39,64,99,65,44,81,66,72"/><W120/><G3/><T102/><D122/><U60/><E123/><V28/><F107/><W4/><G120/><T84/><D34/><U53/><E128/><V24/><F117/><W108/><G135/><T14/><D31/><U30/><E103/><V1/><F1/><W74/><G108/><T101/><D43/><U125/><E106/><V41/><F56/><W116/><G116/><T17/><D79/><U111/><E111/><V104/><F104/><W27/><G27/><T57/><D57/><U112/><E125/><V54/><F54/><W92/><G105/><T129/><D129/><U49/><E112/><V110/><F132/><W94/><G4/><T68/><D68/><U26/><E50/><V18/><F18/><W115/><G12/><T109/><D109/><U90/><E90/><V88/><F78/><W126/><G115/><T124/><D124/><U70/><E70/><V47/><F42/><W98/><G126/><T19/><D55/><U20/><E32/><V86/><F110/><W51/><G39/><T8/><D19/><U46/><E35/><V36/><F36/><W13/><G13/><T25/><D25/><U6/><REACH who="1" step="1"/><E9/><REACH who="1" ten="168,260,191,371" step="2"/><V131/><F131/><W29/><G51/><T21/><D97/><AGARI ba="1,1" hai="5,6,7,20,26,30,46,49,53,60,63,89,93,97" machi="97" ten="40,8000,1" yaku="1,1,2,1,8,1,53,1" doraHai="69" doraHaiUra="40" who="1" fromWho="0" sc="168,-83,260,93,191,0,371,0" /><INIT seed="4,0,0,1,4,109" ten="85,353,191,371" oya="0" hai0="74,62,98,23,116,78,31,108,125,36,11,37,71" hai1="15,112,81,105,113,28,67,34,99,104,58,44,130" hai2="127,86,73,97,50,106,88,4,124,65,51,22,72" hai3="3,8,20,47,96,92,75,80,120,1,27,19,13"/><T132/><D116/><U61/><E130/><V89/><F4/><W101/><G120/><T21/><D108/><U114/><E99/><V84/><F65/><W30/><G75/><T39/><D125/><N who="2" m="48202" /><F22/><W135/><G135/><T94/><D132/><U77/><E15/><V110/><F51/><W64/><G64/><T25/><D71/><U119/><E119/><V9/><F9/><W40/><REACH who="3" step="1"/><G80/><REACH who="3" ten="85,353,191,361" step="2"/><T95/><D74/><N who="1" m="43191" /><E44/><V66/><F72/><W42/><G42/><T53/><D78/><U63/><E63/><V24/><F73/><W14/><G14/><T45/><D45/><U107/><E104/><V0/><F106/><W133/><G133/><T55/><D95/><U69/><E58/><V52/><F110/><W16/><G16/><T90/><D11/><U18/><E18/><V35/><F66/><W79/><G79/><T48/><D62/><U85/><E85/><V26/><F84/><W10/><G10/><T91/><D55/><U56/><E56/><V129/><F52/><W83/><G83/><T5/><D5/><U102/><E105/><V49/><F86/><W70/><G70/><T33/><REACH who="0" step="1"/><D91/><REACH who="0" ten="75,353,191,361" step="2"/><U121/><E121/><V126/><F88/><W41/><G41/><T59/><AGARI ba="0,2" hai="21,23,25,31,33,36,37,39,48,53,59,90,94,98" machi="59" ten="30,6000,0" yaku="1,1,2,1,0,1,53,0" doraHai="109" doraHaiUra="122" who="0" fromWho="0" sc="75,80,353,-20,191,-20,361,-20" /><INIT seed="4,1,0,0,4,7" ten="155,333,171,341" oya="0" hai0="55,107,12,92,41,67,62,97,32,109,13,24,117" hai1="18,9,66,23,103,85,26,131,74,71,83,75,133" hai2="79,59,80,99,104,10,134,86,69,105,95,25,73" hai3="16,116,77,125,5,82,127,28,45,94,42,47,64"/><T51/><D117/><U54/><E131/><V61/><F69/><W52/><G116/><T102/><D109/><U11/><E103/><V87/><F134/><W115/><G115/><T98/><D41/><U37/><E133/><V119/><F119/><W129/><G129/><T20/><D32/><U96/><E37/><V22/><F105/><W113/><G113/><T46/><D98/><U43/><E43/><V58/><F58/><W3/><G28/><T118/><D107/><U40/><E40/><V39/><F39/><W0/><G64/><T14/><D118/><U124/><E124/><N who="3" m="47690" /><G94/><T76/><D76/><U60/><E96/><V29/><F104/><W56/><G16/><T34/><D34/><U31/><E54/><V1/><F1/><N who="3" m="587" /><G5/><T27/><REACH who="0" step="1"/><D20/><REACH who="0" ten="145,333,171,341" step="2"/><U108/><E108/><V123/><F123/><W53/><G42/><T38/><D38/><U121/><E121/><V130/><F130/><W63/><G53/><T4/><D4/><U8/><REACH who="1" step="1"/><E18/><REACH who="1" ten="145,323,171,341" step="2"/><V126/><F126/><W128/><G128/><T101/><D101/><U50/><E50/><V19/><F19/><W15/><G52/><T114/><D114/><U33/><E33/><V21/><F99/><W44/><G77/><AGARI ba="1,2" hai="8,9,11,23,26,31,60,66,71,74,75,77,83,85" machi="77" ten="40,8000,1" yaku="1,1,52,3,53,0" doraHai="7" doraHaiUra="49" who="1" fromWho="3" sc="145,0,323,103,171,0,341,-83" /><INIT seed="5,0,0,1,2,69" ten="145,426,171,258" oya="1" hai0="120,45,16,7,21,100,50,40,57,22,25,28,27" hai1="47,89,5,109,6,125,77,41,72,96,32,99,121" hai2="58,12,17,3,66,62,78,104,108,34,63,70,131" hai3="107,118,1,52,80,75,91,76,8,124,14,55,53"/><U90/><E121/><V122/><F108/><W39/><G39/><T123/><D7/><U79/><E32/><V65/><F122/><W92/><G124/><T106/><D106/><U103/><E125/><V51/><F131/><W56/><G107/><T82/><D100/><U2/><E109/><V36/><F3/><W59/><G1/><T85/><REACH who="0" step="1"/><D57/><REACH who="0" ten="135,426,171,258" step="2"/><U98/><E103/><V88/><F104/><W68/><G59/><T44/><D44/><U74/><E6/><V46/><F58/><W54/><G68/><T81/><D81/><U67/><E5/><V60/><F70/><W127/><G80/><T4/><D4/><U93/><E2/><V83/><F83/><W105/><G56/><T95/><D95/><U23/><E93/><V38/><F66/><W86/><G92/><T130/><D130/><U114/><E67/><V13/><F65/><W20/><G105/><T133/><D133/><U134/><E134/><V73/><F62/><W94/><G94/><T64/><D64/><U129/><E129/><V97/><F60/><W31/><G127/><T0/><D0/><U111/><E98/><V115/><F63/><W119/><G119/><T43/><D43/><U126/><E126/><V87/><F97/><W42/><G118/><T37/><D37/><U33/><E96/><V24/><F36/><W128/><G42/><T26/><D26/><U30/><E99/><V71/><F38/><W9/><G128/><T102/><D102/><U113/><E41/><V18/><F71/><W48/><G55/><T135/><D135/><U117/><E117/><V19/><F24/><RYUUKYOKU ba="0,1" sc="135,30,426,-10,171,-10,258,-10" hai0="16,21,22,25,27,28,40,45,50,82,85,120,123" /><INIT seed="6,1,1,2,4,37" ten="165,416,161,248" oya="2" hai0="52,54,82,21,39,12,110,133,113,125,103,26,75" hai1="16,74,33,87,129,71,22,79,30,32,119,106,19" hai2="62,25,29,94,127,104,123,95,17,128,124,88,46" hai3="27,63,56,43,122,130,55,36,4,114,116,111,58"/><V86/><F123/><W134/><G122/><T99/><D110/><U69/><E119/><V109/><F104/><W34/><G111/><T18/><D39/><U51/><E106/><V11/><F109/><W117/><G4/><T115/><D125/><N who="2" m="48202" /><F128/><W23/><G34/><T28/><D133/><U44/><E74/><V108/><F108/><W64/><G134/><T60/><D82/><N who="1" m="47583" /><E69/><V9/><F17/><N who="1" m="6729" /><E71/><V73/><F73/><W70/><G130/><T100/><D75/><U24/><E33/><N who="2" m="20655" /><F62/><W38/><G117/><T57/><D54/><N who="1" m="30055" /><E32/><V112/><F112/><W10/><G114/><T45/><D115/><U15/><E129/><V65/><F65/><W80/><G116/><T42/><D113/><U5/><E15/><V59/><F59/><W81/><G58/><T101/><D99/><U118/><E118/><V78/><F78/><W132/><G132/><T77/><D77/><U107/><E107/><V1/><F1/><W53/><G70/><T121/><D121/><U31/><E31/><V35/><F35/><W0/><G0/><T67/><D67/><U89/><E5/><V102/><F46/><W90/><G64/><T14/><REACH who="0" step="1"/><D28/><REACH who="0" ten="155,416,161,248" step="2"/><U72/><E72/><V126/><N who="2" m="48210" /><V2/><DORA hai="8" /><F2/><W13/><G55/><T96/><D96/><AGARI ba="1,2" hai="9,11,86,88,94,95,96,102" m="20655,48210" machi="96" ten="40,3900,0" yaku="18,1,54,1" doraHai="37,8" who="2" fromWho="0" sc="155,-42,416,0,161,62,248,0" /><INIT seed="6,2,0,1,0,113" ten="113,416,223,248" oya="2" hai0="133,2,10,74,96,8,105,41,94,63,106,130,49" hai1="50,79,54,33,76,35,78,88,22,30,117,11,69" hai2="62,93,124,102,85,25,80,29,56,103,37,118,3" hai3="101,83,18,99,116,98,111,135,51,28,66,129,115"/><V42/><F118/><W120/><G18/><T9/><D74/><U45/><E69/><V57/><F3/><W109/><G28/><T82/><D2/><U128/><E117/><V44/><F124/><W31/><G31/><T121/><D121/><U21/><E128/><V132/><F132/><W38/><G51/><T48/><D133/><U70/><E70/><V65/><F56/><W92/><G66/><T95/><D130/><U119/><E119/><V108/><F108/><W91/><G38/><T6/><D82/><U112/><E112/><V127/><F127/><W73/><G135/><T40/><D9/><U15/><E33/><V75/><F93/><W61/><G61/><T68/><D68/><U104/><E104/><V84/><F84/><W14/><G14/><T126/><D126/><U20/><E35/><V19/><F19/><W16/><G16/><T125/><D125/><U77/><E77/><V131/><F75/><W4/><G4/><T27/><D6/><N who="1" m="3575" /><E88/><V97/><F97/><W81/><G115/><T47/><D96/><U13/><E13/><V39/><F37/><W90/><G129/><T114/><D114/><U122/><E122/><V23/><F131/><W107/><G116/><T5/><D5/><U100/><E100/><V1/><F1/><W34/><G34/><T71/><D71/><U12/><E12/><V43/><F42/><W36/><G36/><T32/><D32/><U134/><E134/><V72/><F72/><W55/><G120/><T7/><D7/><U123/><E123/><V24/><F25/><AGARI ba="2,0" hai="20,21,22,25,30,45,50,54,76,78,79" m="3575" machi="25" ten="30,1000,0" yaku="8,1" doraHai="113" who="1" fromWho="2" sc="113,0,416,16,223,-16,248,0" /><INIT seed="7,0,0,5,2,38" ten="113,432,207,248" oya="3" hai0="65,22,39,42,132,33,64,3,52,91,96,112,59" hai1="72,113,124,122,9,118,4,95,135,44,62,103,80" hai2="79,104,1,92,49,106,77,126,83,2,94,84,87" hai3="43,61,78,36,34,50,13,51,12,31,123,60,45"/><W26/><G123/><T67/><D33/><U73/><E122/><V10/><F49/><W0/><G0/><T125/><D3/><U57/><E113/><V119/><F10/><W32/><G36/><T134/><D22/><U35/><E35/><V102/><F1/><W86/><G34/><T81/><D112/><U107/><E107/><N who="2" m="41003" /><F2/><W63/><G78/><T117/><D96/><U6/><E80/><N who="2" m="47119" /><F126/><W27/><G86/><T82/><D91/><U11/><E103/><V116/><F102/><W17/><G50/><N who="0" m="31127" /><D82/><U129/><E129/><V66/><F66/><N who="0" m="25706" /><D81/><U7/><E135/><N who="0" m="51753" /><D125/><U131/><E131/><V101/><F92/><W120/><G120/><T46/><N who="0" m="25714" /><T29/><DORA hai="70" /><D29/><U15/><E95/><V110/><F110/><W97/><G97/><AGARI ba="0,0" hai="79,83,87,94,97,101,116,119" m="47119,41003" machi="97" ten="30,2000,0" yaku="34,2" doraHai="38,70" who="2" fromWho="3" sc="113,0,432,0,207,20,248,-20" owari="113,-39.0,432,53.0,227,-17.0,228,3.0" /></mjloggm>