<mjloggm ver="2.3"><GO type="169" lobby="0"/><UN n0="%43%4C%53" n1="%E4%BB%B2%E5%B7%9D%E7%BF%94" n2="%E3%82%A6%E3%83%AB%E3%83%88%E3%83%A9%E7%AB%8B%E7%9B%B4" n3="%E9%B6%B4%E7%94%B0%2E%E5%A7%AB%E5%AD%90" dan="17,17,18,17" rate="2164.36,2229.06,2240.85,2146.29" sx="M,M,M,F"/><TAIKYOKU oya="0"/><INIT seed="0,0,0,2,3,78" ten="250,250,250,250" oya="0" hai0="118,19,75,36,18,99,86,27,61,34,70,22,67" hai1="47,100,89,39,114,73,42,45,12,127,112,132,105" hai2="0,131,110,125,103,3,46,6,121,14,134,104,66" hai3="106,58,93,48,33,128,111,79,53,120,25,11,115"/><T126/><D118/><U122/><E122/><V119/><F46/><W41/><G106/><T43/><D75/><U90/><E127/><V71/><F14/><W92/><G115/><T31/><D126/><U77/><E132/><V57/><F57/><W26/><G128/><T29/><D99/><U102/><E12/><V51/><F51/><W50/><G111/><T98/><D98/><U129/><E129/><V56/><F56/><W81/><G11/><T124/><D124/><U68/><E68/><V9/><F66/><W123/><G92/><T28/><D18/><U84/><E90/><V37/><F103/><W116/><G93/><T63/><D63/><U7/><E7/><V133/><F9/><W113/><G113/><N who="1" m="43626" /><E77/><V32/><F6/><W4/><G116/><T95/><D36/><N who="1" m="21703" /><E73/><V109/><F134/><W96/><G4/><T74/><D43/><N who="1" m="23039" /><E105/><V94/><F133/><W16/><G41/><T60/><D60/><U135/><E135/><V97/><F121/><W13/><G48/><T88/><REACH who="0" step="1"/><D74/><REACH who="0" ten="240,250,250,250" step="2"/><U55/><E55/><V59/><F125/><W62/><G120/><T24/><AGARI ba="0,1" hai="19,22,24,27,28,29,31,34,61,67,70,86,88,95" machi="24" ten="20,12000,1" yaku="1,1,2,1,0,1,7,1,54,1,53,0" doraHai="78" doraHaiUra="54" who="0" fromWho="0" sc="240,130,250,-40,250,-40,250,-40" /><INIT seed="0,1,0,5,0,118" ten="370,210,210,210" oya="0" hai0="30,102,65,72,89,44,55,47,115,94,3,4,114" hai1="68,18,95,104,98,128,91,120,119,51,109,41,38" hai2="66,17,100,122,92,7,32,27,57,25,85,117,22" hai3="39,133,79,48,123,12,1,82,105,29,6,84,107"/><T73/><D102/><U135/><E68/><V37/><F37/><W113/><G39/><T43/><D65/><U59/><E119/><V50/><F117/><W8/><G113/><T101/><D101/><U16/><E38/><V116/><F116/><W23/><G133/><T108/><D30/><U54/><E104/><V28/><F7/><W56/><G123/><T33/><D33/><U61/><E135/><V71/><F71/><W131/><G131/><T88/><D4/><U81/><E128/><V0/><F0/><W45/><G56/><T62/><D3/><U46/><E120/><V87/><F122/><W90/><G90/><T21/><D21/><U111/><REACH who="1" step="1"/><E81/><REACH who="1" ten="370,200,210,210" step="2"/><V67/><F67/><W9/><G105/><T129/><D129/><U69/><E69/><V126/><F66/><W97/><G107/><T121/><D121/><U83/><E83/><V134/><F134/><W40/><G1/><T96/><D114/><U86/><E86/><V70/><F70/><W31/><G97/><T53/><D115/><U125/><E125/><V99/><F126/><W36/><G36/><T130/><D130/><U11/><E11/><V5/><F87/><W26/><G8/><T106/><D106/><U49/><E49/><V103/><F85/><W19/><AGARI ba="1,1" hai="6,9,12,19,23,26,29,31,40,45,48,79,82,84" machi="19" ten="20,8000,1" yaku="0,1,7,1,25,2,8,1" doraHai="118" who="3" fromWho="3" sc="370,-41,200,-21,210,-21,210,93" /><INIT seed="1,0,0,3,4,114" ten="329,179,189,303" oya="1" hai0="34,1,106,99,87,97,5,95,14,135,119,70,35" hai1="44,27,32,29,28,76,86,129,58,127,18,66,2" hai2="133,10,88,9,69,98,71,73,108,60,63,105,49" hai3="72,84,26,90,83,100,15,111,102,6,42,101,22"/><U54/><E2/><V16/><F73/><W68/><G68/><T125/><D70/><U13/><E127/><V128/><F105/><W21/><G72/><T124/><D1/><U62/><E129/><V11/><F128/><W50/><G111/><T4/><D87/><U81/><E29/><V117/><F117/><W0/><G0/><T110/><D106/><U93/><E93/><N who="2" m="56615" /><F71/><W74/><G74/><T24/><D24/><U79/><E44/><V109/><F69/><W39/><G39/><T3/><D3/><U8/><REACH who="1" step="1"/><E76/><REACH who="1" ten="329,169,189,303" step="2"/><V67/><F109/><W80/><G100/><N who="0" m="60479" /><D110/><U59/><E59/><V64/><F108/><W61/><G101/><T126/><D126/><U46/><E46/><V120/><F120/><W40/><G102/><T20/><D125/><U92/><E92/><V37/><F37/><W89/><G42/><T118/><D124/><U45/><E45/><V38/><F38/><W103/><G40/><T19/><D118/><U65/><AGARI ba="0,1" hai="8,13,18,27,28,32,54,58,62,65,66,79,81,86" machi="65" ten="30,3000,0" yaku="1,1,0,1,53,0" doraHai="114" doraHaiUra="94" who="1" fromWho="1" sc="329,-10,169,40,189,-10,303,-10" /><INIT seed="1,1,0,5,4,49" ten="319,209,179,293" oya="1" hai0="124,60,25,98,54,87,121,62,12,133,11,94,134" hai1="41,131,43,19,40,92,34,37,52,1,56,91,61" hai2="90,7,15,38,127,17,68,6,118,16,39,4,33" hai3="119,97,103,77,80,84,48,72,69,0,23,123,102"/><U88/><E34/><V73/><F33/><W26/><G0/><T129/><D129/><U59/><E1/><V93/><F118/><W104/><G69/><T116/><D116/><U71/><E71/><V112/><F73/><W122/><G119/><T99/><D124/><U31/><E131/><V75/><F75/><W114/><G114/><T44/><D25/><U28/><E37/><V101/><F68/><W85/><G102/><T132/><D121/><U107/><E107/><V89/><F127/><W45/><G122/><T32/><D32/><U24/><E91/><V115/><F101/><W95/><G104/><T9/><D9/><U20/><E59/><V83/><F83/><W66/><G66/><T120/><D120/><U51/><E51/><V57/><F57/><W55/><REACH who="3" step="1"/><G123/><REACH who="3" ten="319,209,179,283" step="2"/><T35/><D132/><U78/><E78/><V135/><F135/><W22/><G22/><T3/><D35/><U125/><E125/><V109/><F115/><W27/><G27/><T10/><D3/><U79/><E79/><V128/><F112/><W42/><G42/><T126/><D126/><U53/><E53/><V96/><F128/><W82/><G82/><T110/><D133/><U106/><E106/><V113/><F113/><W2/><G2/><T81/><D134/><U70/><E70/><V105/><F105/><W18/><AGARI ba="1,1" hai="18,23,26,45,48,55,72,77,80,84,85,95,97,103" machi="18" ten="20,8000,1" yaku="1,1,0,1,7,1,52,1,53,1" doraHai="49" doraHaiUra="76" who="3" fromWho="3" sc="319,-21,209,-41,179,-21,283,93" /><INIT seed="2,0,0,5,0,46" ten="298,168,158,376" oya="2" hai0="118,102,30,71,39,53,64,134,44,21,94,31,98" hai1="106,4,15,12,72,123,122,78,69,100,128,29,24" hai2="20,51,60,26,40,63,82,104,116,74,92,109,25" hai3="6,52,16,124,22,80,77,43,115,111,132,55,108"/><V87/><F104/><W112/><G6/><T34/><D134/><U28/><E69/><V18/><F116/><W38/><G124/><T57/><D118/><U105/><E128/><V67/><F109/><N who="3" m="42059" /><G132/><T91/><D34/><U14/><E78/><V0/><F0/><W48/><G38/><T135/><D135/><U35/><E72/><V88/><F74/><N who="3" m="43063" /><G43/><T101/><D71/><U131/><E131/><V33/><F33/><W75/><G75/><T129/><D129/><U125/><E100/><N who="0" m="38505" /><D39/><U114/><E105/><V119/><F119/><W27/><G48/><N who="0" m="28807" /><D21/><N who="1" m="15375" /><E106/><V58/><F63/><AGARI ba="0,0" hai="30,31,57,63,64,91,94,98" m="28807,38505" machi="63" ten="30,2000,0" yaku="8,1,52,1" doraHai="46" who="0" fromWho="2" sc="298,20,168,0,158,-20,376,0" /><INIT seed="3,0,0,5,0,107" ten="318,168,138,376" oya="3" hai0="53,133,57,44,88,104,25,32,124,76,96,43,109" hai1="87,14,135,60,20,111,106,75,46,61,29,48,91" hai2="40,52,77,110,117,33,108,98,54,97,65,126,114" hai3="64,121,11,8,90,85,36,131,23,113,21,70,92"/><W16/><G36/><T100/><D109/><N who="2" m="42090" /><F117/><W6/><G113/><T1/><D1/><U122/><E122/><V112/><F33/><W130/><G121/><T35/><D124/><U66/><E106/><V103/><F126/><W17/><G70/><T19/><D133/><U116/><E135/><V31/><F31/><W105/><G64/><T125/><D125/><U67/><E75/><V93/><F40/><W39/><G39/><T132/><D76/><U30/><E116/><V81/><F65/><N who="1" m="24585" /><E14/><V45/><F45/><W58/><G58/><T9/><D132/><U28/><E20/><N who="3" m="7754" /><G105/><T49/><D25/><U42/><E111/><V47/><F47/><W99/><G130/><T128/><D128/><U3/><E3/><V41/><F41/><W56/><G56/><T129/><D129/><U4/><E4/><V78/><F78/><W34/><G34/><T134/><D134/><U5/><E5/><V51/><F51/><W119/><G119/><T13/><REACH who="0" step="1"/><D88/><REACH who="0" ten="308,168,138,376" step="2"/><U120/><E120/><V80/><F112/><W73/><G131/><T15/><D15/><U50/><E91/><V2/><F2/><W95/><G90/><T72/><D72/><U84/><E42/><V127/><F127/><W59/><G73/><T22/><D22/><U38/><E38/><AGARI ba="0,1" hai="9,13,19,32,35,38,43,44,49,53,57,96,100,104" machi="38" ten="30,3900,0" yaku="1,1,7,1,53,1" doraHai="107" doraHaiUra="55" who="0" fromWho="1" sc="308,49,168,-39,138,0,376,0" /><INIT seed="4,0,0,4,2,100" ten="357,129,138,376" oya="0" hai0="36,127,18,33,97,48,69,90,92,62,3,111,4" hai1="66,38,29,65,114,84,81,45,7,73,105,34,107" hai2="94,85,99,103,113,24,128,77,72,126,15,118,9" hai3="112,47,56,115,110,87,53,2,101,129,74,68,96"/><T61/><D36/><U27/><E73/><V83/><F113/><N who="3" m="43595" /><G74/><T5/><D33/><U123/><E123/><V41/><F128/><W89/><G68/><T71/><D127/><U121/><E121/><V31/><F126/><W133/><G129/><T12/><D111/><U80/><E114/><V88/><F41/><W98/><G2/><T21/><D3/><U119/><E119/><V19/><F118/><W44/><G133/><T135/><D135/><U82/><E7/><N who="0" m="2633" /><D69/><U37/><E84/><V116/><F116/><W25/><G25/><T102/><D71/><U63/><E38/><V58/><F58/><W17/><G17/><T20/><D20/><U35/><E35/><V130/><F130/><W49/><G110/><T75/><D75/><U78/><E78/><V14/><F14/><W91/><G91/><T13/><D13/><U39/><E39/><V134/><F134/><W86/><G86/><N who="0" m="52311" /><D48/><U42/><REACH who="1" step="1"/><E66/><REACH who="1" ten="357,119,138,376" step="2"/><V0/><F0/><W26/><G87/><T52/><D61/><U54/><E54/><V59/><F72/><W43/><G53/><T108/><D108/><U70/><AGARI ba="0,1" hai="27,29,34,37,42,45,63,65,70,80,81,82,105,107" machi="70" ten="30,12000,2" yaku="1,1,0,1,52,2,53,3" doraHai="100" doraHaiUra="76" who="1" fromWho="1" sc="357,-60,119,130,138,-30,376,-30" /><INIT seed="5,0,0,0,1,42" ten="297,249,108,346" oya="1" hai0="131,74,51,33,91,14,70,124,28,93,46,55,15" hai1="27,108,66,121,98,13,54,120,100,63,95,18,88" hai2="107,110,38,122,99,0,111,114,31,132,1,59,24" hai3="86,103,76,116,75,16,94,52,11,37,117,97,40"/><U67/><E108/><V87/><F59/><W130/><G130/><T96/><D131/><U128/><E128/><V56/><F56/><W23/><G75/><T83/><D70/><U3/><E3/><V79/><F87/><W48/><G11/><T25/><REACH who="0" step="1"/><D124/><REACH who="0" ten="287,249,108,346" step="2"/><U10/><E121/><V61/><F122/><W90/><G116/><T7/><D7/><U109/><E120/><V21/><F111/><W105/><G117/><T60/><D60/><U81/><E109/><V78/><F110/><W43/><G37/><T102/><D102/><U45/><E63/><V6/><F61/><W30/><G30/><T49/><D49/><N who="1" m="28975" /><E27/><V119/><F24/><W62/><G62/><T85/><D85/><AGARI ba="0,1" hai="10,13,18,66,67,81,85,88,95,98,100" m="28975" machi="85" ten="30,11600,0" yaku="25,1,8,1,52,1,54,1" doraHai="42" who="1" fromWho="0" sc="287,-116,249,126,108,0,346,0" /><INIT seed="5,1,0,1,2,90" ten="171,375,108,346" oya="1" hai0="8,52,99,49,34,35,67,95,10,42,50,118,1" hai1="97,72,13,102,88,51,2,110,21,3,40,39,45" hai2="111,91,134,65,117,121,108,44,63,103,129,36,33" hai3="22,101,131,48,78,86,30,122,79,62,24,77,28"/><U71/><E71/><V27/><F117/><W0/><G122/><T23/><D118/><U41/><E72/><V14/><F129/><W61/><G0/><T15/><D1/><U83/><E110/><V19/><F121/><W9/><G9/><T132/><D132/><U113/><E113/><V59/><F134/><W85/><G101/><T6/><D8/><U100/><E100/><V38/><F103/><W18/><G48/><T5/><D67/><U69/><E69/><V105/><F105/><W93/><G131/><T130/><D130/><U92/><E41/><V94/><F27/><W73/><G93/><T54/><D23/><U87/><E39/><V76/><F76/><W31/><REACH who="3" step="1"/><G73/><REACH who="3" ten="171,375,108,336" step="2"/><T89/><D5/><U124/><E124/><V58/><F111/><W55/><G55/><T66/><D66/><U7/><E2/><V20/><F108/><W115/><G115/><T12/><D42/><U64/><E64/><V106/><F106/><W112/><G112/><T75/><D75/><U96/><E3/><V56/><F33/><W25/><G25/><T126/><D126/><U16/><E97/><V11/><F11/><W107/><G107/><T29/><D34/><U104/><E104/><V123/><F123/><W26/><G26/><N who="0" m="18871" /><D6/><AGARI ba="1,1" hai="6,7,13,16,21,40,45,51,83,87,88,92,96,102" machi="6" ten="40,12000,1" yaku="8,1,52,1,54,2" doraHai="90" who="1" fromWho="0" sc="171,-123,375,133,108,0,336,0" /><INIT seed="5,2,0,1,1,56" ten="48,508,108,336" oya="1" hai0="97,53,0,57,63,14,11,24,116,35,84,114,62" hai1="115,86,96,106,50,70,124,117,109,128,28,102,101" hai2="75,80,93,54,81,16,10,83,23,46,69,133,42" hai3="92,6,105,134,95,31,79,110,68,66,88,135,8"/><U48/><E117/><V25/><F133/><N who="3" m="50699" /><G105/><T1/><D116/><U100/><E70/><V5/><F69/><W121/><G121/><T119/><D119/><U120/><E124/><V47/><F93/><W76/><G92/><T22/><D114/><U37/><E37/><V61/><F75/><W45/><G31/><T104/><D35/><U27/><E115/><V4/><F10/><W94/><G94/><T118/><D118/><U52/><E109/><V29/><F29/><W17/><G45/><N who="2" m="16905" /><F42/><W131/><G17/><N who="0" m="12367" /><D104/><U55/><E128/><V127/><F127/><W77/><G131/><T33/><D1/><U126/><E126/><V60/><F54/><W59/><G68/><T19/><D0/><U26/><E55/><V108/><F108/><W123/><G123/><T15/><D33/><U132/><E120/><V71/><F71/><W74/><G74/><T64/><D97/><U7/><E96/><V130/><F130/><W49/><G110/><T91/><D64/><U65/><E65/><V89/><F89/><W58/><G66/><T82/><D15/><U51/><E28/><V38/><F38/><W113/><G113/><T20/><D11/><U12/><E12/><V39/><F39/><W103/><G49/><AGARI ba="2,0" hai="14,19,20,49,53,57,62,63,82,84,91" m="12367" machi="49" ten="30,3900,0" yaku="8,1,52,2" doraHai="56" who="0" fromWho="3" sc="48,45,508,0,108,0,336,-45" /><INIT seed="6,0,0,3,0,70" ten="93,508,108,291" oya="2" hai0="53,42,89,18,56,76,67,64,108,133,119,35,17" hai1="12,112,87,66,130,100,41,128,22,31,30,32,95" hai2="0,109,106,129,40,115,77,120,80,110,46,10,68" hai3="99,8,97,113,111,79,44,63,57,21,73,75,81"/><V71/><F120/><W78/><G8/><T52/><D108/><N who="2" m="41578" /><F106/><W134/><G44/><T93/><D35/><U91/><E32/><V83/><F129/><W114/><G21/><T135/><D76/><U3/><E3/><V50/><F115/><N who="3" m="44043" /><G134/><N who="0" m="51211" /><D42/><U33/><E33/><V15/><F0/><W47/><G47/><T28/><D28/><U5/><E41/><V82/><F77/><W88/><G111/><T90/><D119/><U85/><E128/><V117/><F117/><W60/><G60/><N who="0" m="35847" /><D53/><U98/><E66/><N who="0" m="25129" /><D89/><U4/><E130/><V94/><F94/><W29/><G88/><T101/><D101/><U37/><E95/><V127/><F127/><W59/><G79/><T65/><N who="0" m="25137" /><T72/><DORA hai="27" /><D72/><U123/><E91/><V38/><F50/><W86/><G75/><T25/><D25/><U13/><E100/><V54/><F54/><W26/><G73/><T6/><D6/><AGARI ba="0,0" hai="6,10,15,38,40,46,68,71,80,82,83" m="41578" machi="6" ten="30,2900,0" yaku="10,1,52,1" doraHai="70,27" who="2" fromWho="0" sc="93,-29,508,0,108,29,291,0" /><INIT seed="6,1,0,1,4,64" ten="64,508,137,291" oya="2" hai0="15,47,52,4,63,91,26,5,67,6,80,131,14" hai1="8,71,12,74,87,54,62,65,128,85,36,7,90" hai2="106,9,123,79,133,122,23,95,117,113,73,0,42" hai3="116,44,134,111,89,112,86,72,61,97,103,39,66"/><V58/><F58/><W129/><G72/><T11/><D131/><U43/><E74/><V24/><F95/><W53/><G111/><T2/><D26/><U81/><E54/><V101/><F23/><W115/><G129/><T41/><D2/><U102/><E102/><V69/><F24/><W118/><G134/><T49/><D41/><U32/><E32/><V75/><F75/><W57/><G86/><T59/><REACH who="0" step="1"/><D15/><REACH who="0" ten="54,508,137,291" step="2"/><U98/><E43/><V94/><F42/><W121/><G121/><T104/><D104/><U18/><E128/><V96/><F106/><W46/><G39/><T3/><D3/><U70/><E36/><V40/><F40/><W31/><G31/><T100/><D100/><U120/><E120/><V109/><F0/><W16/><G103/><T130/><D130/><U29/><E29/><V56/><F123/><W25/><G25/><T17/><D17/><U93/><E18/><V108/><F122/><W55/><G16/><T126/><D126/><U35/><E35/><V107/><F107/><W33/><G33/><T20/><D20/><U60/><E81/><V68/><F101/><W22/><G22/><T132/><D132/><U45/><E12/><V127/><F133/><W76/><G115/><T119/><D119/><U110/><E110/><V27/><F117/><W38/><G116/><T28/><D28/><U10/><E10/><V1/><F9/><W135/><G118/><T19/><D19/><U13/><E13/><V77/><F109/><W37/><G112/><T84/><AGARI ba="1,1" hai="4,5,6,11,14,47,49,52,59,63,67,80,84,91" machi="84" ten="30,7900,0" yaku="1,1,0,1,8,1,54,1,53,0" doraHai="64" doraHaiUra="88" who="0" fromWho="0" sc="54,92,508,-21,137,-40,291,-21" /><INIT seed="7,0,0,2,1,120" ten="146,487,97,270" oya="3" hai0="60,75,61,30,93,49,134,109,7,56,3,50,128" hai1="36,86,113,66,115,122,9,117,53,108,37,131,62" hai2="98,35,44,71,78,82,73,68,76,70,97,118,106" hai3="39,1,127,28,105,51,59,11,58,26,20,90,111"/><W6/><G39/><T87/><D75/><U46/><E122/><V57/><F57/><W31/><G105/><T112/><D30/><U48/><E131/><V13/><F13/><W64/><G127/><T43/><D60/><U47/><E47/><V10/><F118/><W16/><G90/><T17/><D17/><U18/><E117/><V69/><N who="2" m="17408" /><DORA hai="34" /><V29/><F78/><W15/><G111/><T54/><D109/><U83/><E108/><V95/><F95/><W132/><G132/><T21/><D128/><U4/><E18/><V85/><F85/><W24/><G24/><T80/><D21/><U67/><E62/><V23/><F23/><W42/><G31/><T79/><D43/><U94/><E94/><V135/><F135/><W91/><G91/><T123/><D123/><U110/><E66/><V45/><F10/><W114/><G114/><N who="1" m="43530" /><E67/><V41/><F44/><N who="3" m="26007" /><G64/><T130/><D130/><U22/><E22/><V33/><F29/><W96/><G96/><T72/><D79/><N who="1" m="46463" /><E110/><V19/><F19/><W101/><G101/><T89/><D89/><U126/><E126/><V55/><F55/><W65/><G65/><T84/><D112/><U32/><E32/><AGARI ba="0,0" hai="1,6,11,15,16,20,26,28,32,58,59" m="26007" machi="32" ten="30,5800,0" yaku="24,1,52,1,54,1" doraHai="120,34" who="3" fromWho="1" sc="146,0,487,-58,97,0,270,58" /><INIT seed="7,1,0,3,5,45" ten="146,429,97,328" oya="3" hai0="125,41,95,69,76,12,122,42,91,71,101,98,115" hai1="55,132,85,75,61,54,100,109,56,26,25,114,92" hai2="83,97,67,19,23,43,129,102,49,58,35,15,90" hai3="18,7,73,128,14,20,116,37,80,1,16,130,40"/><W21/><G116/><T36/><D122/><U82/><E109/><V24/><F129/><N who="3" m="49771" /><G1/><T135/><D135/><U81/><E114/><V57/><F67/><W2/><G2/><T65/><D125/><U112/><E112/><V32/><F32/><W63/><G7/><T33/><D33/><U62/><E132/><V6/><F35/><W53/><G37/><T118/><D36/><U64/><E75/><V93/><F6/><W74/><G40/><T66/><D69/><U46/><E81/><V0/><F0/><W59/><G80/><T123/><D66/><U11/><E11/><V8/><F83/><W105/><G105/><T117/><D65/><U51/><E100/><V9/><F102/><W110/><G110/><T124/><D71/><U119/><E92/><V27/><F8/><W134/><G134/><T3/><D3/><U120/><E120/><V39/><F39/><W4/><G4/><T77/><D123/><U106/><E106/><V79/><F79/><W108/><G108/><T104/><D76/><U78/><E119/><V13/><F13/><W111/><G111/><T68/><D12/><U60/><E64/><V107/><F107/><W31/><G31/><T34/><D77/><U38/><E38/><V133/><F133/><W113/><G113/><T87/><D115/><U131/><E131/><V121/><F121/><W86/><G86/><T48/><D117/><U99/><E99/><V47/><REACH who="2" step="1"/><F27/><AGARI ba="1,0" hai="14,16,18,20,21,27,53,59,63,73,74" m="49771" machi="27" ten="30,2900,0" yaku="19,1,54,1" doraHai="45" who="3" fromWho="2" sc="146,0,429,0,97,-32,328,32" /><AGARI ba="1,0" hai="25,26,27,46,51,54,55,56,60,61,62,78,82,85" machi="27" ten="40,2600,0" yaku="8,1,52,1" doraHai="45" who="1" fromWho="2" sc="146,0,429,26,65,-26,360,0" /><INIT seed="7,2,0,3,0,40" ten="146,455,39,360" oya="3" hai0="45,82,58,119,132,37,131,7,95,122,38,108,125" hai1="74,89,41,112,29,67,107,118,57,11,34,135,30" hai2="15,53,99,113,2,80,36,32,21,85,49,59,77" hai3="88,123,116,105,26,23,78,46,16,98,22,79,121"/><W110/><G116/><T70/><D119/><U47/><E107/><V81/><F113/><W84/><G110/><T52/><D70/><U133/><E74/><V20/><F2/><W115/><G115/><T1/><D122/><U31/><E112/><V33/><F36/><W90/><G123/><T44/><D108/><U94/><E118/><V100/><F33/><W83/><G121/><T96/><D7/><U102/><E102/><V0/><F32/><W50/><G23/><T114/><D1/><U62/><E11/><V97/><F0/><W65/><G65/><T25/><D82/><U56/><E56/><V35/><F35/><W130/><G130/><T39/><D131/><U48/><E34/><V55/><F15/><W3/><G3/><T111/><D132/><N who="1" m="50763" /><E29/><V120/><F120/><W127/><G127/><T64/><D95/><U54/><E54/><V66/><F66/><W126/><G126/><T72/><D96/><AGARI ba="2,0" hai="30,31,41,47,48,57,62,67,89,94,96" m="50763" machi="96" ten="30,2000,0" yaku="20,1,52,1" doraHai="40" who="1" fromWho="0" sc="146,-26,455,26,39,0,360,0" owari="120,-28.0,481,58.0,39,-46.0,360,16.0" /></mjloggm>