<mjloggm ver="2.3"><GO type="169" lobby="0"/><UN n0="%41%54%4D%31%34%32%39" n1="%E3%82%AB%E3%83%9D%E3%83%8D%E5%9B%A3%E3%81%AE%E5%85%84%E8%B2%B4" n2="%E3%81%B2%E3%81%90%E3%82%89%E3%81%97%E7%B5%86" n3="%E3%83%88%E3%83%88%E3%83%AA%E5%85%88%E7%94%9F%31%39%E6%AD%B3" dan="16,17,17,19" rate="2126.28,2183.23,2131.68,2256.08" sx="M,M,M,F"/><TAIKYOKU oya="0"/><INIT seed="0,0,0,5,0,71" ten="250,250,250,250" oya="0" hai0="129,79,111,41,14,36,32,30,10,78,118,28,100" hai1="62,13,76,119,105,18,90,126,54,85,69,17,108" hai2="83,2,39,8,20,91,35,27,42,55,29,109,74" hai3="92,127,68,95,123,96,135,88,12,1,45,110,21"/><T52/><D118/><U106/><E119/><V40/><F109/><W65/><G1/><T120/><D129/><U60/><E108/><V77/><F35/><W16/><G110/><T80/><D120/><U33/><E76/><V113/><F113/><W22/><G135/><T9/><D100/><U11/><E126/><V125/><F125/><W75/><G75/><T58/><D79/><U6/><E33/><V82/><F55/><W64/><G127/><T102/><D102/><U31/><E31/><V38/><F83/><W37/><G123/><T34/><D34/><U67/><E18/><V73/><F91/><N who="3" m="55327" /><G37/><T133/><D133/><U115/><E115/><V99/><F99/><N who="3" m="57831" /><G68/><T66/><D32/><U70/><E6/><V43/><REACH who="2" step="1"/><F74/><REACH who="2" ten="250,250,240,250" step="2"/><W19/><G45/><T48/><D111/><U87/><E87/><V86/><F86/><W121/><G121/><T24/><D80/><U89/><E90/><V46/><F46/><W26/><AGARI ba="0,1" hai="12,16,19,21,22,26,64,65" m="57831,55327" machi="26" ten="30,4000,0" yaku="8,1,54,2" doraHai="71" who="3" fromWho="3" sc="250,-20,250,-10,240,-10,250,50" /><INIT seed="1,0,0,1,2,8" ten="230,240,230,300" oya="1" hai0="120,1,33,59,68,36,118,125,126,116,78,63,65" hai1="23,25,110,54,76,131,14,79,87,5,92,66,117" hai2="121,37,42,46,95,129,41,11,13,80,128,7,32" hai3="47,96,89,77,51,27,85,75,69,108,12,112,123"/><U122/><E117/><V124/><F121/><W56/><G123/><T3/><D33/><U82/><E122/><V100/><F124/><N who="0" m="47722" /><D78/><U60/><E131/><N who="2" m="50251" /><F32/><W52/><G69/><T134/><D120/><U105/><E105/><V86/><F42/><W50/><G112/><T17/><D134/><U119/><E119/><N who="0" m="45609" /><D36/><U81/><E92/><V88/><F100/><W72/><G108/><T28/><D28/><U35/><E54/><V83/><AGARI ba="0,0" hai="7,11,13,37,41,46,80,83,86,88,95" m="50251" machi="83" ten="30,4000,0" yaku="19,1,52,1,54,1" doraHai="8" who="2" fromWho="2" sc="230,-10,240,-20,230,40,300,-10" /><INIT seed="2,0,0,0,1,93" ten="220,220,270,290" oya="2" hai0="95,34,41,16,65,2,99,101,30,133,51,0,97" hai1="54,61,57,105,4,35,76,22,129,10,127,86,109" hai2="21,33,103,48,1,122,75,27,117,36,46,94,130" hai3="13,104,77,108,25,134,118,89,11,125,70,19,9"/><V60/><F117/><W67/><G118/><T124/><D124/><U49/><E109/><V64/><F122/><W73/><G108/><T96/><D65/><U69/><E127/><V23/><F1/><W29/><G125/><T63/><D63/><U31/><E129/><V126/><F75/><W40/><G134/><T107/><D133/><U6/><E105/><V44/><F126/><W50/><G104/><T47/><D16/><U119/><E35/><V53/><F130/><W106/><G106/><T78/><D78/><U5/><E119/><V111/><F111/><W39/><G39/><T132/><D132/><U72/><E72/><V45/><F33/><W102/><G102/><T62/><D62/><U8/><E69/><V131/><F131/><W14/><G67/><T116/><D116/><U3/><E61/><V135/><F135/><W20/><G70/><T90/><REACH who="0" step="1"/><D99/><REACH who="0" ten="210,220,270,290" step="2"/><U115/><E115/><V83/><F60/><W87/><G77/><T120/><D120/><U80/><E3/><V24/><F64/><W18/><G73/><T66/><D66/><U74/><E74/><V52/><F27/><AGARI ba="0,1" hai="0,2,27,30,34,41,47,51,90,95,96,97,101,107" machi="27" ten="40,5200,0" yaku="1,1,52,2,53,0" doraHai="93" doraHaiUra="15" who="0" fromWho="2" sc="210,62,220,0,270,-52,290,0" /><AGARI ba="0,0" hai="4,5,6,8,10,22,27,31,49,54,57,76,80,86" machi="27" ten="40,1300,0" yaku="8,1" doraHai="93" who="1" fromWho="2" sc="272,0,220,13,218,-13,290,0" /><INIT seed="3,0,0,1,1,102" ten="272,233,205,290" oya="3" hai0="9,82,99,128,114,62,58,37,70,30,66,60,71" hai1="57,27,35,80,7,31,81,106,122,42,63,108,36" hai2="107,8,40,78,87,50,129,86,93,85,61,28,43" hai3="126,54,39,16,110,45,112,12,0,101,91,125,94"/><W17/><G112/><T3/><D37/><U46/><E122/><V38/><F38/><W23/><G0/><T6/><D128/><U134/><E108/><V47/><F129/><W41/><G110/><T20/><D114/><U33/><E134/><V104/><F78/><W68/><G68/><T98/><D82/><U44/><E33/><V89/><F28/><W14/><G101/><T92/><D98/><U11/><E106/><V123/><F123/><W69/><G69/><T132/><D62/><U105/><E105/><V18/><F43/><W2/><G2/><T133/><D132/><U111/><E46/><V48/><F48/><W131/><G54/><T118/><D118/><U26/><E26/><V59/><F104/><W25/><G131/><T1/><D1/><U127/><E127/><N who="3" m="48650" /><G17/><T117/><D117/><U5/><E111/><V29/><F29/><W22/><G22/><T96/><D133/><U119/><E119/><V53/><REACH who="2" step="1"/><F107/><REACH who="2" ten="272,233,195,290" step="2"/><W79/><G79/><T19/><D30/><U115/><E115/><V135/><F135/><W24/><G24/><T88/><D96/><AGARI ba="0,1" hai="12,14,16,23,25,39,41,45,91,94,96" m="48650" machi="96" ten="30,2900,0" yaku="18,1,54,1" doraHai="102" who="3" fromWho="0" sc="272,-29,233,0,195,0,290,39" /><INIT seed="3,1,0,2,0,1" ten="243,233,195,329" oya="3" hai0="58,35,14,84,21,16,2,120,46,81,15,7,111" hai1="52,129,25,37,30,133,4,77,78,123,44,17,10" hai2="99,104,96,41,90,8,6,76,67,38,9,92,113" hai3="122,29,95,134,103,73,83,131,60,100,64,132,85"/><W79/><G122/><T61/><D35/><U71/><E123/><V45/><F113/><W74/><G29/><T112/><D111/><U0/><E133/><N who="3" m="51306" /><G131/><T119/><D119/><U114/><E114/><V130/><F130/><W5/><G5/><T94/><D2/><U50/><E129/><V135/><F135/><W82/><G60/><T57/><D46/><U110/><E110/><V75/><F67/><W69/><G69/><T23/><D112/><U34/><E71/><V115/><F115/><W70/><G64/><T48/><D48/><U117/><E117/><V116/><F116/><W19/><G19/><T42/><D42/><U91/><E91/><V80/><F9/><W93/><G70/><T12/><D61/><U65/><E65/><V124/><F124/><W127/><G127/><T32/><D32/><U126/><E126/><V51/><F51/><W54/><G54/><T66/><D66/><U98/><E98/><N who="2" m="57623" /><F104/><W20/><G20/><T128/><D128/><U40/><REACH who="1" step="1"/><E17/><REACH who="1" ten="243,223,195,329" step="2"/><V121/><F121/><W43/><G100/><T27/><D120/><U118/><E118/><V105/><F105/><W53/><G103/><T36/><D16/><U63/><E63/><V28/><F28/><W88/><G88/><T18/><D18/><U3/><E3/><AGARI ba="1,1" hai="3,6,8,38,41,45,75,76,80,96,99" m="57623" machi="3" ten="30,2000,0" yaku="25,1,52,1" doraHai="1" who="2" fromWho="1" sc="243,0,223,-23,195,33,329,0" /><INIT seed="4,0,0,3,5,94" ten="243,200,228,329" oya="0" hai0="130,114,68,64,87,10,29,58,116,49,126,98,30" hai1="53,44,40,80,129,115,124,28,34,88,134,85,79" hai2="127,37,4,1,8,78,104,89,105,86,67,122,96" hai3="131,43,92,19,84,97,111,125,117,17,61,91,2"/><T16/><D116/><U112/><E134/><V83/><F122/><W45/><G111/><T72/><D72/><U123/><E123/><V33/><F33/><W101/><G117/><T93/><D130/><U69/><E129/><V13/><F127/><W26/><G131/><T11/><D126/><U135/><E135/><V108/><F108/><W54/><G2/><T41/><D68/><U46/><E124/><V128/><F128/><W57/><G26/><T7/><D87/><U62/><E28/><V51/><F37/><W15/><G15/><N who="0" m="7295" /><D114/><N who="1" m="43563" /><E34/><V103/><F67/><W27/><G27/><T18/><D7/><U102/><E102/><V35/><F35/><W48/><REACH who="3" step="1"/><G125/><REACH who="3" ten="243,200,228,319" step="2"/><T3/><D3/><U90/><E69/><V38/><F1/><W70/><G70/><T21/><D30/><U24/><E24/><V99/><F13/><W23/><G23/><T55/><D29/><U60/><E46/><V75/><F8/><W59/><G59/><T119/><D119/><U63/><E53/><V50/><F4/><W0/><G0/><T106/><D55/><U66/><E66/><V5/><F5/><W14/><G14/><T110/><D64/><U76/><E76/><V121/><F121/><W31/><G31/><T42/><D21/><U12/><E12/><V113/><F113/><W65/><G65/><T6/><D6/><U107/><E107/><AGARI ba="0,1" hai="17,19,43,45,48,54,57,61,84,91,92,97,101,107" machi="107" ten="30,3900,0" yaku="1,1,7,1,52,1,53,0" doraHai="94" doraHaiUra="25" who="3" fromWho="1" sc="243,0,200,-39,228,0,319,49" /><INIT seed="5,0,0,0,2,91" ten="243,161,228,368" oya="1" hai0="135,14,40,32,109,17,5,35,28,31,108,77,114" hai1="25,131,46,63,88,33,44,39,53,82,125,71,89" hai2="19,84,111,87,78,62,113,134,68,26,69,65,55" hai3="29,50,2,10,18,96,126,52,61,90,105,59,38"/><U121/><E121/><V27/><F111/><N who="0" m="42570" /><D40/><U58/><E131/><V7/><F69/><W8/><G38/><T20/><D77/><U30/><E125/><V97/><F7/><W74/><G74/><T76/><D76/><U94/><E71/><V54/><F134/><W127/><G29/><N who="0" m="11339" /><D135/><U115/><E115/><V110/><F110/><W22/><G50/><T95/><D95/><U85/><REACH who="1" step="1"/><E39/><REACH who="1" ten="243,151,228,368" step="2"/><V9/><F113/><W99/><G127/><T119/><D114/><U51/><E51/><V92/><F68/><W122/><G126/><T67/><D119/><U133/><E133/><V21/><F62/><W83/><G122/><T0/><D67/><U3/><E3/><V13/><F27/><W60/><G2/><T103/><D0/><U42/><E42/><V123/><F123/><W93/><G60/><T118/><D118/><U130/><E130/><V124/><F65/><W43/><G43/><T117/><D117/><U57/><E57/><V23/><F124/><W36/><G36/><T98/><D14/><U81/><E81/><V129/><F129/><W24/><G83/><T75/><D35/><U132/><E132/><V56/><F56/><W79/><G61/><T112/><D32/><U70/><E70/><V101/><F26/><W86/><G59/><T47/><D112/><U104/><E104/><V100/><F13/><W120/><G120/><T45/><D45/><U49/><E49/><V107/><F107/><W37/><G37/><T34/><D34/><U41/><E41/><V15/><F15/><W102/><G105/><N who="0" m="63735" /><D47/><U116/><E116/><V106/><F106/><RYUUKYOKU ba="0,1" sc="243,-10,151,30,228,-10,368,-10" hai1="25,30,33,44,46,53,58,63,82,85,88,89,94" /><INIT seed="5,1,1,3,4,45" ten="233,181,218,358" oya="1" hai0="22,27,18,74,85,59,32,80,51,43,76,30,69" hai1="88,19,23,120,128,131,11,118,81,95,97,77,64" hai2="61,25,112,7,134,113,4,86,9,119,60,82,126" hai3="41,132,10,8,48,122,37,34,123,117,68,89,73"/><U36/><E118/><V108/><F108/><W49/><G68/><T38/><D69/><U70/><E36/><V33/><F119/><W15/><G34/><T63/><D38/><U57/><E120/><V124/><F134/><W114/><G117/><T0/><D0/><U21/><E70/><V39/><F39/><W17/><G73/><T55/><D43/><U98/><E98/><V94/><F94/><W12/><G132/><T109/><D109/><U46/><E46/><V56/><F25/><W110/><G110/><T24/><D74/><U66/><E11/><V111/><F33/><W6/><G37/><T67/><D67/><U87/><E21/><V92/><F92/><W65/><G65/><T133/><D133/><U35/><E35/><V99/><F99/><W101/><G101/><T105/><D105/><U50/><E128/><V28/><F28/><W91/><G41/><T84/><D85/><U42/><E131/><V106/><F106/><W116/><G116/><T2/><D2/><U125/><E125/><N who="2" m="48235" /><F111/><W20/><G122/><T96/><D96/><U78/><E78/><N who="2" m="46423" /><F7/><W54/><G6/><T58/><D30/><U107/><E107/><V72/><F72/><W53/><G17/><T115/><D32/><U127/><E127/><V29/><F29/><W130/><G123/><T129/><D129/><U16/><E19/><V103/><F103/><W47/><G130/><T83/><D27/><N who="1" m="14823" /><E42/><V121/><F121/><W40/><G40/><T62/><D24/><U93/><E93/><V1/><F56/><W52/><G47/><T100/><D58/><U31/><E31/><RYUUKYOKU ba="1,1" sc="233,-15,181,15,218,15,358,-15" hai1="50,57,64,66,77,81,87,88,95,97" hai2="1,4,9,60,61,112,113" /><INIT seed="5,2,1,1,4,32" ten="218,196,233,343" oya="1" hai0="6,56,38,45,72,18,104,69,37,116,92,58,31" hai1="66,77,27,20,70,83,76,133,78,42,29,123,82" hai2="71,111,129,115,79,48,54,17,28,26,10,63,106" hai3="7,13,0,30,119,62,25,113,95,49,73,40,81"/><U11/><E123/><V74/><F111/><W5/><G0/><T109/><D69/><U97/><E133/><V16/><F106/><W22/><G113/><T107/><D116/><U117/><E117/><V61/><F115/><W59/><G119/><T23/><D72/><U75/><E42/><V88/><F129/><W108/><G108/><T85/><D31/><U33/><E11/><V134/><F79/><W65/><G73/><T4/><D104/><U90/><E33/><V105/><F105/><W46/><G81/><N who="1" m="30730" /><E70/><V80/><F74/><W68/><G68/><T44/><D107/><U127/><E127/><V99/><F71/><W124/><G124/><T35/><D35/><U53/><E66/><V120/><F120/><W21/><G95/><T55/><D38/><U103/><E75/><V41/><F41/><W1/><G1/><T86/><D37/><U19/><E53/><V126/><F134/><W9/><G21/><T57/><D55/><U24/><E103/><V118/><F118/><W64/><G64/><T87/><D109/><U60/><E60/><N who="2" m="23115" /><F10/><W14/><G9/><T112/><D112/><U125/><E125/><V47/><F126/><W89/><G89/><T132/><D132/><U98/><E90/><V91/><F80/><W131/><G131/><T43/><D43/><U67/><E67/><V128/><F128/><W3/><G3/><T15/><D92/><U102/><E102/><V84/><F91/><W96/><G96/><T8/><D8/><U39/><E39/><V114/><F114/><W52/><G40/><T50/><D50/><U93/><E93/><RYUUKYOKU ba="2,1" sc="218,10,196,10,233,-30,343,10" hai0="4,6,15,18,23,44,45,56,57,58,85,86,87" hai1="19,20,24,27,29,76,77,78,97,98" hai3="5,7,13,14,22,25,30,46,49,52,59,62,65" /><INIT seed="5,3,1,1,2,89" ten="228,206,203,353" oya="1" hai0="130,33,85,94,105,125,100,128,62,39,10,70,99" hai1="49,56,72,108,58,64,78,3,134,118,4,113,126" hai2="22,47,84,66,54,133,5,83,75,46,87,131,65" hai3="6,97,48,67,86,115,14,25,106,119,110,53,91"/><U24/><E118/><V34/><F34/><W82/><G110/><T129/><D33/><U15/><E126/><V132/><F131/><W41/><G119/><T57/><D39/><U19/><E113/><V29/><F5/><W135/><G115/><T28/><D28/><U117/><E117/><V51/><F75/><W98/><G106/><T71/><D10/><U127/><E127/><V45/><F84/><W69/><G41/><T92/><D85/><U7/><E3/><V124/><F124/><W81/><G135/><N who="2" m="51785" /><F22/><W104/><G104/><T50/><D50/><U61/><E108/><V102/><F102/><W9/><G81/><T103/><D125/><U32/><E78/><N who="2" m="46583" /><F29/><W123/><G123/><T109/><D109/><U107/><E72/><V112/><F112/><W42/><G25/><T2/><D100/><U93/><E107/><V121/><F121/><W116/><G116/><T27/><D27/><U13/><E32/><V52/><F54/><W18/><G6/><N who="1" m="2090" /><E134/><V26/><F26/><W43/><G98/><T36/><D2/><U79/><E79/><V88/><F88/><W30/><G97/><T114/><D114/><U73/><E73/><V8/><F8/><W101/><G101/><T111/><D111/><U0/><E0/><V68/><F68/><N who="0" m="26154" /><D36/><U11/><E24/><V77/><F77/><W95/><G30/><T74/><D74/><U23/><E11/><V37/><F37/><W31/><G31/><T20/><D20/><U40/><E15/><V44/><AGARI ba="3,1" hai="44,45,46,47,51,52,65,66" m="46583,51785" machi="44" ten="30,2000,0" yaku="20,1,54,1" doraHai="89" who="2" fromWho="2" sc="228,-8,206,-13,203,39,353,-8" /><INIT seed="6,0,0,4,1,66" ten="220,193,242,345" oya="2" hai0="34,60,100,32,129,15,50,101,27,116,33,82,49" hai1="43,29,121,70,93,38,108,118,92,28,115,59,47" hai2="63,134,39,85,111,87,112,30,64,105,126,1,11" hai3="45,46,55,14,125,3,113,117,69,5,68,95,67"/><V6/><F39/><W42/><G3/><T74/><D129/><U96/><E118/><V10/><F105/><W107/><G107/><T98/><D15/><U83/><E108/><V124/><F112/><W75/><G75/><T81/><D74/><U99/><E115/><V71/><F134/><W58/><G117/><T127/><D127/><N who="2" m="48682" /><F111/><W48/><G125/><T20/><D60/><U19/><E83/><V65/><F30/><W130/><G130/><T4/><D4/><U89/><E121/><V54/><F64/><W22/><G113/><T123/><D123/><U23/><E59/><V135/><F135/><W7/><G46/><T119/><D81/><U0/><E0/><V128/><F128/><W106/><G106/><T72/><D82/><U132/><E70/><V73/><F73/><W35/><G35/><T24/><D72/><U104/><E104/><V133/><F133/><W114/><G114/><T52/><D34/><U13/><REACH who="1" step="1"/><E132/><REACH who="1" ten="220,183,242,345" step="2"/><V76/><F1/><W51/><G68/><T17/><D119/><U12/><E12/><V25/><F71/><W2/><G2/><T41/><D116/><U56/><E56/><V122/><F122/><W131/><G131/><T8/><D24/><U86/><E86/><V78/><F25/><W44/><G69/><T91/><D27/><U9/><E9/><V79/><F11/><W103/><G58/><N who="0" m="33047" /><D8/><U97/><E97/><V31/><F10/><W18/><G7/><T26/><D98/><U88/><AGARI ba="0,1" hai="13,19,23,28,29,38,43,47,88,89,92,93,96,99" machi="88" ten="20,12000,2" yaku="1,1,0,1,7,1,9,1,54,1,53,1" doraHai="66" doraHaiUra="40" who="1" fromWho="1" sc="220,-30,183,130,242,-60,345,-30" /><INIT seed="7,0,0,2,3,59" ten="190,313,182,315" oya="3" hai0="75,34,8,83,73,123,53,94,24,22,89,133,109" hai1="116,12,103,4,47,88,23,38,68,33,122,6,31" hai2="51,91,95,35,41,0,46,67,50,121,101,45,11" hai3="76,129,105,84,26,15,113,13,52,29,74,117,135"/><W14/><G117/><T63/><D109/><U99/><E122/><V108/><F108/><W96/><G74/><T100/><D34/><U57/><E68/><V55/><F35/><W1/><G1/><T128/><D133/><U80/><E33/><V114/><F114/><W126/><G113/><T82/><D8/><U5/><E38/><V92/><F121/><W25/><G135/><T48/><D100/><U66/><E47/><V132/><F132/><W54/><G129/><T106/><D128/><U85/><E116/><V69/><F69/><W16/><G126/><T124/><D106/><U78/><E78/><V28/><F67/><W60/><G29/><T19/><D124/><U110/><E110/><V36/><F28/><W2/><G2/><T131/><D131/><U56/><E66/><V87/><F36/><W72/><G72/><T58/><D75/><U43/><E43/><V77/><F77/><W17/><G96/><N who="0" m="57423" /><D73/><U120/><E120/><V125/><F125/><W71/><G105/><T115/><D115/><U42/><E42/><V9/><F0/><W61/><G71/><T119/><D119/><U18/><E31/><V127/><F127/><W90/><G76/><T65/><D123/><U70/><E70/><V104/><F104/><W81/><G17/><T49/><D65/><U27/><E12/><V102/><F102/><W107/><G107/><T130/><D130/><U97/><E103/><V98/><AGARI ba="0,0" hai="9,11,41,45,46,50,51,55,87,91,92,95,98,101" machi="98" ten="30,2000,0" yaku="0,1,8,1" doraHai="59" who="2" fromWho="2" sc="190,-5,313,-5,182,20,315,-10" owari="185,-31.0,308,40.0,202,-20.0,305,11.0" /></mjloggm>