<mjloggm ver="2.3"><GO type="169" lobby="0"/><UN n0="%CE%BD%E3%82%AC%E3%83%B3%E3%83%80%E3%83%A0" n1="%E3%83%88%E3%83%88%E3%83%AA%E5%85%88%E7%94%9F%31%39%E6%AD%B3" n2="%73%69%6E%73%69%73%74" n3="%E3%82%B3%E3%83%BC%E3%83%A9%E3%81%8F%E3%81%A0%E3%81%95%E3%81%84" dan="16,19,18,16" rate="2206.53,2354.04,2169.50,2053.24" sx="M,F,M,M"/><TAIKYOKU oya="0"/><INIT seed="0,0,0,2,5,5" ten="250,250,250,250" oya="0" hai0="26,84,38,88,115,14,92,44,112,53,113,124,9" hai1="37,101,34,125,60,105,135,55,4,62,23,41,42" hai2="109,69,83,99,27,131,116,10,12,120,104,114,8" hai3="102,111,58,24,21,30,93,97,7,54,127,100,95"/><T49/><D124/><U80/><E34/><V119/><F120/><W51/><G127/><T85/><D38/><U45/><E125/><V73/><F114/><W11/><G111/><T130/><D130/><U118/><E118/><N who="2" m="45099" /><F131/><W18/><G18/><T82/><D26/><U63/><E135/><V122/><F122/><W28/><G28/><T65/><D65/><U117/><E117/><V108/><F69/><W76/><G76/><T16/><REACH who="0" step="1"/><D115/><REACH who="0" ten="240,250,250,250" step="2"/><U43/><E37/><V35/><F27/><W33/><G33/><T129/><D129/><U64/><E64/><V87/><F35/><W36/><G36/><T106/><D106/><U31/><E105/><V70/><F104/><W74/><G74/><T78/><AGARI ba="0,1" hai="9,14,16,44,49,53,78,82,84,85,88,92,112,113" machi="78" ten="20,18000,2" yaku="1,1,0,1,7,1,52,1,54,2,53,1" doraHai="5" doraHaiUra="79" who="0" fromWho="0" sc="240,190,250,-60,250,-60,250,-60" /><INIT seed="0,1,0,3,0,77" ten="430,190,190,190" oya="0" hai0="116,28,94,96,65,92,59,21,62,72,22,32,20" hai1="125,131,88,40,41,102,99,46,82,113,12,103,112" hai2="130,121,30,67,58,97,90,6,108,126,129,60,34" hai3="55,119,44,29,114,84,93,19,48,85,8,118,109"/><T1/><D116/><U98/><E131/><N who="2" m="50187" /><F121/><W50/><G114/><N who="1" m="44138" /><E125/><V16/><F126/><W110/><G29/><T36/><D36/><N who="1" m="21767" /><E41/><V14/><F108/><N who="3" m="41579" /><G93/><T9/><D72/><U69/><E69/><V26/><F6/><W66/><G66/><T38/><D38/><U132/><E132/><V56/><F97/><N who="1" m="36873" /><E12/><V87/><F58/><N who="3" m="33127" /><G8/><T49/><D49/><U54/><E54/><V91/><F87/><AGARI ba="1,0" hai="82,87,88,102,103" m="36873,21767,44138" machi="87" ten="30,3900,0" yaku="11,1,52,1,54,1" doraHai="77" who="1" fromWho="2" sc="430,0,190,42,190,-42,190,0" /><INIT seed="1,0,0,5,4,70" ten="430,232,148,190" oya="1" hai0="84,124,47,98,128,125,54,10,82,110,92,79,81" hai1="41,100,106,89,7,5,55,134,14,83,109,40,57" hai2="8,66,20,50,71,114,37,65,73,27,13,38,15" hai3="2,58,53,56,34,121,22,102,23,25,52,80,51"/><U119/><E119/><V93/><F73/><W12/><G121/><T94/><D54/><U43/><E134/><V101/><F114/><W24/><G2/><T35/><D10/><U45/><E109/><V30/><F50/><W90/><G34/><T49/><D49/><U122/><E122/><V28/><F28/><W39/><G39/><T42/><D47/><U11/><E106/><V29/><F29/><W107/><G107/><T91/><D42/><U135/><E100/><V99/><F13/><W64/><G64/><T69/><D69/><U115/><E135/><V60/><REACH who="2" step="1"/><F66/><REACH who="2" ten="430,232,138,190" step="2"/><W67/><G67/><T108/><D108/><U36/><E115/><V17/><AGARI ba="0,1" hai="8,15,17,20,27,30,37,38,60,65,71,93,99,101" machi="17" ten="20,12000,2" yaku="1,1,2,1,0,1,7,1,52,2,53,1" doraHai="70" doraHaiUra="88" who="2" fromWho="2" sc="430,-30,232,-60,138,130,190,-30" /><INIT seed="2,0,0,5,0,28" ten="400,172,268,160" oya="2" hai0="78,69,14,47,106,127,60,26,4,105,44,124,12" hai1="117,73,54,71,64,41,99,114,23,122,87,50,19" hai2="72,67,68,101,20,8,52,6,134,98,66,113,5" hai3="109,79,80,135,51,33,42,59,130,40,15,58,115"/><V126/><F113/><W95/><G33/><T76/><D69/><U94/><E117/><V112/><F112/><W11/><G115/><T97/><D60/><U53/><E114/><V128/><F72/><W102/><G109/><T39/><D26/><U82/><E73/><V9/><F126/><W37/><G37/><T31/><D31/><U81/><E122/><V18/><F128/><W84/><G130/><T129/><D97/><U13/><E64/><N who="2" m="24619" /><F134/><W111/><G111/><T45/><D129/><U29/><E71/><V7/><F68/><W93/><G135/><T1/><D4/><U86/><E29/><V88/><F101/><W107/><G107/><N who="0" m="40971" /><D1/><U83/><E41/><N who="3" m="15978" /><G102/><T35/><D39/><U2/><E2/><V75/><F75/><W65/><G65/><T119/><D119/><U43/><E43/><V89/><F52/><N who="1" m="20073" /><E50/><V56/><F56/><N who="3" m="21547" /><G51/><T132/><D132/><U34/><E34/><V0/><F0/><W49/><G49/><T27/><D27/><U123/><E123/><V3/><F3/><W110/><G110/><T57/><D57/><U63/><E63/><V125/><F5/><AGARI ba="0,0" hai="5,11,15,79,80,84,93,95" m="21547,15978" machi="5" ten="30,1000,0" yaku="8,1" doraHai="28" who="3" fromWho="2" sc="400,0,172,0,268,-10,160,10" /><INIT seed="3,0,0,5,2,118" ten="400,172,258,170" oya="3" hai0="85,128,29,132,130,134,11,46,57,120,38,15,65" hai1="105,25,12,58,90,89,100,64,72,33,74,30,39" hai2="61,87,67,40,131,75,82,93,56,124,78,7,121" hai3="50,5,110,133,62,108,24,66,113,79,59,83,98"/><W97/><G113/><T45/><D85/><U49/><E39/><V2/><F124/><W119/><G119/><T116/><D15/><U16/><E105/><V103/><F131/><N who="0" m="50218" /><D11/><U6/><E100/><V28/><F40/><W106/><G133/><N who="0" m="51307" /><D29/><U109/><E109/><N who="3" m="42090" /><G106/><T111/><D111/><U104/><E6/><V51/><F51/><W112/><G112/><T129/><D129/><U126/><E126/><V60/><F28/><W80/><G5/><T99/><D99/><N who="3" m="37897" /><G79/><T54/><D116/><U53/><E104/><V125/><F78/><W37/><G37/><T107/><D107/><U122/><E64/><V52/><F67/><W101/><G101/><T84/><D84/><U36/><E36/><V21/><F87/><W34/><G50/><N who="0" m="30935" /><D65/><U4/><E4/><V91/><F7/><W22/><G34/><T1/><D1/><U73/><REACH who="1" step="1"/><E122/><REACH who="1" ten="400,162,258,170" step="2"/><V115/><F121/><W77/><G77/><T20/><D120/><U68/><E68/><V14/><F103/><W55/><G66/><T31/><D38/><U18/><E18/><AGARI ba="0,1" hai="18,22,24,55,59,62,80,83" m="37897,42090" machi="18" ten="30,2900,0" yaku="14,1,10,1" doraHai="118" who="3" fromWho="1" sc="400,0,162,-29,258,0,170,39" /><INIT seed="3,1,0,5,0,112" ten="400,133,258,209" oya="3" hai0="86,10,66,105,97,17,79,80,75,64,52,98,85" hai1="94,73,6,103,8,37,12,115,47,54,62,78,45" hai2="34,35,7,44,31,92,70,135,29,32,16,84,121" hai3="106,81,109,3,88,99,13,124,11,67,130,132,127"/><W126/><G3/><T39/><D39/><U58/><E115/><V59/><F70/><W68/><G130/><T72/><D72/><U33/><E33/><V122/><F44/><W89/><G132/><T129/><D129/><U90/><E103/><V101/><F135/><W57/><G68/><T48/><D75/><U40/><E47/><V117/><F7/><N who="3" m="3327" /><G109/><T50/><D50/><U49/><E78/><V118/><F59/><W114/><G114/><T14/><D86/><U9/><E73/><V60/><F60/><N who="3" m="38287" /><G81/><T51/><D51/><U128/><E128/><V87/><F101/><AGARI ba="1,0" hai="88,89,99,101,106,124,126,127" m="38287,3327" machi="101" ten="30,2900,0" yaku="18,1,54,1" doraHai="112" who="3" fromWho="2" sc="400,0,133,0,258,-32,209,32" /><INIT seed="3,2,0,2,1,58" ten="400,133,226,241" oya="3" hai0="84,69,122,78,53,66,83,105,129,51,14,43,135" hai1="76,106,104,32,22,65,13,31,41,2,57,27,39" hai2="10,94,82,120,128,61,42,95,4,109,93,12,74" hai3="0,107,134,62,17,102,38,125,132,115,16,114,117"/><W63/><G38/><T6/><D105/><U48/><E2/><V33/><F109/><W24/><G0/><T131/><D122/><U96/><E39/><V112/><F112/><W49/><G117/><T47/><D135/><N who="3" m="51753" /><G125/><T88/><D53/><U91/><E76/><V97/><F120/><W29/><G49/><T71/><D88/><U98/><E32/><V7/><F33/><N who="3" m="20647" /><G102/><T11/><REACH who="0" step="1"/><D66/><REACH who="0" ten="390,133,226,241" step="2"/><U87/><E104/><V19/><F94/><W116/><G107/><T127/><D127/><U113/><E113/><N who="3" m="43018" /><G116/><T77/><D77/><U85/><E106/><V50/><F93/><W5/><G5/><T100/><D100/><U121/><E121/><V123/><F123/><W119/><G119/><T23/><D23/><U126/><E126/><V59/><F4/><W101/><G101/><T133/><D133/><U70/><E22/><V72/><F7/><W34/><G34/><T46/><D46/><U75/><E91/><V54/><F95/><W21/><G17/><T26/><D26/><AGARI ba="2,1" hai="16,21,26,62,63" m="43018,20647,51753" machi="26" ten="30,11600,0" yaku="20,1,52,2,54,1" doraHai="58" who="3" fromWho="0" sc="390,-122,133,0,226,0,241,132" /><INIT seed="3,3,0,0,2,75" ten="268,133,226,373" oya="3" hai0="6,77,0,110,124,45,55,118,88,69,40,79,81" hai1="106,104,80,89,38,122,119,90,100,103,36,29,93" hai2="96,87,131,24,98,16,133,17,42,108,22,50,94" hai3="43,20,14,59,85,102,48,7,120,35,56,71,126"/><W78/><G120/><T2/><D118/><U64/><E29/><V58/><F108/><W37/><G35/><T10/><D0/><U44/><E64/><V125/><F125/><W113/><G113/><T109/><D124/><U84/><E44/><N who="2" m="25879" /><F131/><W72/><G126/><T5/><D5/><U97/><E36/><V54/><F133/><W95/><G71/><T68/><D55/><U70/><E38/><V128/><F128/><W12/><G72/><T8/><D8/><U49/><E49/><N who="2" m="31055" /><F17/><N who="3" m="10279" /><G37/><T63/><D110/><U23/><E23/><V19/><F19/><W129/><G129/><T28/><D28/><U65/><E65/><V34/><F34/><W41/><G102/><N who="1" m="38954" /><E70/><V132/><F132/><W92/><G92/><T31/><D31/><U21/><E21/><V60/><F60/><W91/><G78/><T18/><D18/><U52/><E122/><V32/><F32/><W73/><G73/><T33/><D33/><U51/><E119/><V130/><F130/><W74/><G74/><T11/><D11/><U76/><E51/><V26/><F26/><W1/><G1/><T107/><D107/><N who="1" m="41003" /><E52/><V134/><F134/><W4/><G14/><T61/><D109/><U62/><E62/><N who="0" m="23561" /><D69/><U117/><E117/><V135/><F135/><W82/><G43/><T27/><D27/><U57/><E57/><N who="3" m="22090" /><G41/><T101/><D68/><U114/><E114/><V115/><F115/><W39/><G39/><N who="0" m="21663" /><D101/><AGARI ba="3,0" hai="76,80,84,89,90,93,97,101" m="41003,38954" machi="101" ten="30,12000,2" yaku="35,5,52,1" doraHai="75" who="1" fromWho="0" sc="268,-129,133,129,226,0,373,0" /><INIT seed="4,0,0,5,4,113" ten="139,262,226,373" oya="0" hai0="70,112,57,116,106,128,93,41,69,31,62,100,91" hai1="61,104,67,65,94,72,109,130,39,118,89,74,73" hai2="44,75,12,35,123,77,124,22,3,82,26,99,120" hai3="28,122,30,97,110,21,1,54,49,6,15,53,95"/><T80/><D116/><U107/><E109/><V5/><F124/><W103/><G110/><T37/><D112/><U59/><E39/><V132/><F132/><W24/><G122/><T127/><D127/><U83/><E118/><V14/><F14/><W0/><G0/><T115/><D115/><U90/><E130/><V43/><F99/><W117/><G1/><T11/><D128/><U131/><E131/><V71/><F71/><W125/><G125/><T10/><D106/><U66/><E83/><V29/><F12/><W96/><G117/><T92/><D69/><U102/><E102/><V68/><F22/><W38/><G38/><T114/><D70/><U9/><E9/><N who="2" m="2239" /><F68/><W119/><G119/><T87/><D114/><U98/><REACH who="1" step="1"/><E90/><REACH who="1" ten="139,252,226,373" step="2"/><V33/><F33/><W42/><G103/><T81/><D10/><U36/><E36/><AGARI ba="0,1" hai="26,29,35,36,43,44,75,77,82,120,123" m="2239" machi="36" ten="30,2000,0" yaku="25,1,23,1" doraHai="113" who="2" fromWho="1" sc="139,0,252,-20,226,30,373,0" /><INIT seed="5,0,0,0,5,52" ten="139,232,256,373" oya="1" hai0="99,14,119,22,114,91,68,7,58,33,26,24,96" hai1="112,62,12,105,83,51,48,69,79,3,66,49,30" hai2="17,97,55,36,41,71,118,77,116,108,113,50,127" hai3="8,82,120,60,39,43,31,4,98,57,84,128,134"/><U85/><E3/><V90/><F108/><W125/><G120/><T124/><D114/><U74/><E105/><V65/><F77/><W38/><G125/><T130/><D124/><U53/><E112/><V100/><F90/><W81/><G128/><T63/><D130/><U5/><E30/><V133/><F127/><W46/><G134/><T47/><D119/><U117/><E117/><V18/><F113/><W129/><G129/><T95/><D68/><U13/><E74/><V61/><F133/><W109/><G109/><T45/><D33/><U32/><E32/><V35/><F35/><W70/><G70/><T9/><D99/><U131/><E131/><V104/><F17/><W75/><G75/><T0/><D0/><U72/><E72/><V93/><F18/><W80/><G31/><T126/><D126/><U19/><E13/><V89/><F41/><W25/><G25/><T107/><D107/><U40/><E5/><V15/><F36/><W42/><G98/><T54/><REACH who="0" step="1"/><D26/><REACH who="0" ten="129,232,256,373" step="2"/><U135/><E135/><V92/><F104/><W73/><G73/><T34/><D34/><U23/><REACH who="1" step="1"/><E40/><REACH who="1" ten="129,222,256,373" step="2"/><V16/><F116/><W76/><G43/><T88/><D88/><U94/><E94/><N who="2" m="58423" /><F89/><W27/><G39/><T110/><D110/><U101/><E101/><V87/><F118/><W102/><G102/><T111/><D111/><U123/><E123/><V2/><F2/><W1/><G27/><T28/><AGARI ba="0,2" hai="7,9,14,22,24,28,45,47,54,58,63,91,95,96" machi="28" ten="20,8000,1" yaku="1,1,0,1,7,1,8,1,52,1,53,0" doraHai="52" doraHaiUra="64" who="0" fromWho="0" sc="129,100,222,-40,256,-20,373,-20" /><INIT seed="6,0,0,4,0,44" ten="229,182,236,353" oya="2" hai0="131,86,8,69,12,104,5,39,81,116,107,92,19" hai1="118,65,127,47,119,129,124,70,93,74,10,17,46" hai2="43,25,78,41,52,42,84,97,82,18,111,61,20" hai3="125,101,80,36,99,62,40,117,26,76,15,110,114"/><V56/><REACH who="2" step="1"/><F97/><REACH who="2" ten="229,182,226,353" step="2"/><W3/><G99/><T9/><D107/><U130/><E74/><V71/><F71/><W49/><G117/><N who="1" m="44554" /><E93/><V128/><F128/><N who="1" m="49257" /><E10/><V95/><F95/><W33/><G114/><T48/><D69/><U2/><E2/><V37/><F37/><W102/><G3/><T135/><D39/><U68/><E68/><V16/><F16/><W67/><G36/><T89/><D19/><U64/><E17/><V120/><F120/><W87/><G80/><T112/><D81/><U66/><E70/><V123/><F123/><W60/><G125/><AGARI ba="0,1" hai="46,47,64,65,66,124,125,127" m="49257,44554" machi="125" ten="40,12000,2" yaku="28,2,18,1,19,1,34,2" doraHai="44" who="1" fromWho="3" sc="229,0,182,130,226,0,353,-120" /><INIT seed="7,0,0,2,5,135" ten="229,312,226,233" oya="3" hai0="126,2,134,13,56,34,96,102,53,45,27,49,54" hai1="50,62,8,14,32,37,98,106,0,58,82,46,65" hai2="29,5,22,59,19,110,125,99,51,15,122,133,92" hai3="57,76,70,25,33,86,31,74,43,105,48,121,115"/><W108/><G121/><T107/><D2/><U41/><E32/><V77/><F122/><W101/><G86/><T118/><D118/><U12/><E0/><V55/><F110/><W39/><G57/><T16/><D126/><U117/><E117/><V114/><F114/><W113/><G48/><T127/><D127/><U90/><E106/><V123/><F123/><W47/><G70/><T60/><D134/><U3/><E3/><V72/><F133/><W18/><G18/><T111/><D111/><U97/><E14/><V95/><F125/><W71/><G71/><T84/><D84/><N who="1" m="50455" /><E37/><V67/><F5/><AGARI ba="0,0" hai="5,8,12,41,46,50,58,62,65,97,98" m="50455" machi="5" ten="30,1000,0" yaku="8,1" doraHai="135" who="1" fromWho="2" sc="229,0,312,10,226,-10,233,0" owari="229,-17.0,322,42.0,216,-28.0,233,3.0" /></mjloggm>