<mjloggm ver="2.3"><GO type="169" lobby="0"/><UN n0="%E6%A1%9C%E5%B3%B6%E9%BA%BB%E8%A1%A3" n1="%30%E3%81%8F%E3%83%BC%E3%81%AB%E3%82%83%E3%82%93%30" n2="%E3%83%88%E3%83%88%E3%83%AA%E5%85%88%E7%94%9F%31%39%E6%AD%B3" n3="%E3%81%8E%E3%82%93%E2%98%85%E3%81%8E%E3%82%93" dan="16,17,19,16" rate="2139.17,2175.72,2287.04,2103.82" sx="F,F,F,M"/><TAIKYOKU oya="0"/><INIT seed="0,0,0,2,3,112" ten="250,250,250,250" oya="0" hai0="119,35,9,14,54,66,19,61,3,4,121,133,23" hai1="16,1,69,94,8,108,38,118,37,34,6,58,32" hai2="41,43,81,100,92,125,20,13,123,7,131,73,85" hai3="109,52,84,40,25,12,60,53,113,67,42,29,39"/><T120/><D133/><U62/><E69/><V50/><F123/><W126/><G113/><T124/><D124/><U110/><E94/><V82/><F131/><W74/><G74/><T48/><D35/><U96/><E96/><N who="2" m="59399" /><F73/><W2/><G2/><T93/><D93/><U70/><E70/><V87/><F50/><W10/><G126/><T101/><D101/><U130/><E130/><V71/><F71/><W56/><G109/><N who="1" m="42090" /><E34/><V64/><F64/><W98/><G84/><T36/><D36/><U51/><E51/><V21/><F7/><N who="3" m="3167" /><G39/><T102/><D102/><U78/><E78/><N who="2" m="46263" /><F125/><W11/><G11/><T111/><D111/><U22/><E32/><V99/><F99/><W105/><G98/><T83/><D121/><U103/><E103/><V89/><F13/><W5/><G5/><T135/><D120/><U33/><E33/><V0/><F0/><W15/><G15/><T88/><D3/><U97/><E97/><V75/><F75/><W44/><G105/><T47/><D4/><U27/><E38/><V129/><F129/><W17/><G67/><T86/><D66/><N who="1" m="39255" /><E37/><V55/><F55/><W79/><G79/><T26/><D54/><U114/><E114/><V65/><F65/><W134/><G53/><T49/><D83/><U116/><AGARI ba="0,0" hai="1,6,8,16,22,27,116,118" m="39255,42090" machi="116" ten="30,7900,0" yaku="14,1,52,2,54,1" doraHai="112" who="1" fromWho="1" sc="250,-39,250,79,250,-20,250,-20" /><INIT seed="1,0,0,1,2,80" ten="211,329,230,230" oya="1" hai0="37,116,52,25,73,53,15,129,105,23,121,99,56" hai1="66,34,94,5,65,2,85,112,47,38,28,59,134" hai2="57,78,30,131,96,62,63,45,51,39,104,135,10" hai3="132,130,67,84,8,117,125,118,26,4,43,123,46"/><U124/><E34/><V17/><F39/><W48/><G123/><T13/><D116/><N who="3" m="44649" /><G132/><T42/><D129/><U0/><E28/><V11/><F131/><W24/><G130/><T35/><D121/><U111/><E5/><V109/><F109/><W107/><G107/><T14/><D73/><U29/><E29/><V3/><F135/><W115/><G115/><T55/><D35/><U120/><E112/><V72/><F30/><W98/><G98/><T64/><D64/><U128/><E128/><V76/><F72/><W101/><G101/><T6/><D6/><U91/><E120/><V41/><F63/><W31/><G125/><T110/><D110/><U75/><E75/><V114/><F3/><N who="3" m="31" /><G67/><T12/><D105/><U86/><E66/><V88/><F104/><W79/><G31/><T20/><D99/><U49/><E111/><V54/><F114/><W70/><G70/><T122/><D122/><U103/><E103/><V36/><F36/><W93/><G79/><N who="2" m="30249" /><F17/><W33/><G33/><T68/><D68/><U40/><E124/><V1/><F1/><W83/><G83/><T127/><D127/><U58/><E134/><V60/><F60/><W113/><G113/><T19/><D23/><U81/><E38/><V9/><F9/><W61/><G61/><T89/><D37/><U50/><E65/><V7/><F7/><W22/><G22/><T77/><D20/><U87/><E2/><V82/><F96/><W90/><AGARI ba="0,0" hai="24,26,43,46,48,84,90,93" m="31,44649" machi="90" ten="30,2000,0" yaku="12,1,52,1" doraHai="80" who="3" fromWho="3" sc="211,-5,329,-10,230,-5,230,20" /><INIT seed="2,0,0,2,5,8" ten="206,319,225,250" oya="2" hai0="78,101,51,96,12,95,81,61,113,64,135,60,115" hai1="48,7,73,17,68,131,36,85,118,21,69,16,97" hai2="37,133,88,110,58,87,38,124,79,46,41,5,62" hai3="80,82,26,63,15,40,132,52,67,57,27,55,75"/><V111/><F133/><W18/><G132/><T99/><D135/><U4/><E36/><V22/><F124/><W24/><G40/><T33/><D33/><U134/><E73/><V90/><F38/><W59/><G75/><T103/><D51/><U120/><E118/><V13/><F79/><W28/><G28/><T105/><D12/><U31/><E134/><V45/><F45/><W30/><G30/><T0/><D0/><U127/><E131/><V98/><F98/><W86/><G86/><T66/><D66/><U89/><E31/><V39/><F39/><W104/><G104/><T107/><D60/><U128/><E128/><V44/><F44/><W43/><G43/><T125/><D125/><U100/><E17/><N who="2" m="10543" /><F87/><W122/><G122/><T71/><REACH who="0" step="1"/><D95/><REACH who="0" ten="196,319,225,250" step="2"/><U54/><E127/><V25/><F25/><W35/><G35/><T91/><D91/><U114/><E114/><V65/><F5/><W32/><G32/><T6/><D6/><U84/><E7/><V126/><F126/><W93/><G93/><T102/><D102/><U70/><E4/><V34/><F34/><W129/><G129/><T29/><D29/><U94/><E100/><V49/><F49/><N who="3" m="30863" /><G67/><T92/><D92/><U2/><E2/><V74/><F74/><AGARI ba="0,1" hai="61,64,71,74,78,81,96,99,101,103,105,107,113,115" machi="74" ten="30,12000,2" yaku="1,1,7,1,9,1,23,2,53,1" doraHai="8" doraHaiUra="106" who="0" fromWho="2" sc="196,130,319,0,225,-120,250,0" /><INIT seed="3,0,0,4,1,9" ten="326,319,105,250" oya="3" hai0="123,11,44,119,120,81,86,60,36,92,105,104,79" hai1="45,80,82,110,69,122,108,15,21,4,33,111,49" hai2="0,73,106,121,51,16,5,133,127,35,30,29,52" hai3="75,37,14,25,27,58,85,87,72,64,118,101,23"/><W53/><G118/><T54/><D119/><U103/><E33/><V98/><F73/><W7/><G37/><T83/><D60/><U117/><E69/><V43/><F121/><W48/><G101/><T61/><D61/><U89/><E122/><V18/><F133/><W90/><G64/><T113/><D113/><U109/><E117/><V12/><F127/><W132/><G132/><T66/><D66/><U130/><E130/><V77/><F77/><W116/><G116/><T20/><D20/><U84/><E103/><V41/><F106/><W134/><G134/><T56/><D56/><U102/><E102/><V2/><F98/><W31/><G27/><T38/><D54/><U67/><E67/><V126/><F126/><W107/><G107/><T13/><D92/><U95/><N who="1" m="27648" /><DORA hai="76" /><U99/><E4/><V112/><F2/><W40/><G40/><N who="2" m="15433" /><F0/><W129/><G129/><T124/><D124/><U59/><E59/><N who="2" m="33183" /><F35/><W128/><G128/><T6/><D105/><U74/><E74/><V28/><F112/><W34/><G87/><T39/><D104/><U22/><E99/><V114/><F114/><W47/><G47/><T125/><D44/><U8/><E22/><V46/><F46/><W91/><G91/><T57/><D125/><U26/><E21/><N who="2" m="11399" /><F18/><N who="3" m="10711" /><G7/><AGARI ba="0,0" hai="5,7,28,29,30" m="11399,33183,15433" machi="7" ten="30,7700,0" yaku="8,1,52,1,54,2" doraHai="9,76" who="2" fromWho="3" sc="326,0,319,0,105,77,250,-77" /><INIT seed="4,0,0,0,2,87" ten="326,319,182,173" oya="0" hai0="53,21,42,116,85,61,31,78,36,75,13,81,108" hai1="114,27,26,95,103,51,18,84,74,90,22,3,128" hai2="68,50,70,40,82,92,39,119,35,66,69,57,28" hai3="124,133,94,19,89,125,9,38,130,0,4,54,105"/><T32/><D116/><U101/><E3/><V2/><F2/><W111/><G111/><T29/><D108/><U30/><E74/><V5/><F5/><W109/><G109/><T123/><D123/><U56/><E128/><V80/><F119/><W104/><G130/><T1/><D32/><U88/><E114/><V45/><F28/><W96/><G133/><T10/><D21/><N who="1" m="15727" /><E51/><V113/><F35/><W97/><G38/><T41/><D1/><U112/><E112/><V71/><F113/><W120/><G120/><T14/><D75/><U79/><E79/><V60/><REACH who="2" step="1"/><F92/><REACH who="2" ten="326,319,172,173" step="2"/><W73/><G19/><T44/><D31/><U118/><E118/><V127/><F127/><N who="3" m="48715" /><G73/><T83/><D29/><U46/><E46/><V93/><F93/><N who="3" m="56367" /><G54/><AGARI ba="0,1" hai="39,40,45,50,54,57,60,66,68,69,70,71,80,82" machi="54" ten="40,5200,0" yaku="1,1,24,2,53,0" doraHai="87" doraHaiUra="135" who="2" fromWho="3" sc="326,0,319,0,172,62,173,-52" /><INIT seed="5,0,0,2,3,25" ten="326,319,234,121" oya="1" hai0="90,129,58,47,87,14,21,133,48,69,135,50,28" hai1="82,8,68,105,132,63,39,102,44,15,118,56,131" hai2="126,65,111,92,22,30,77,115,17,7,107,123,98" hai3="114,86,36,6,43,19,51,35,1,110,85,5,117"/><U76/><E68/><V71/><F111/><W16/><G110/><T33/><D69/><U134/><E118/><V59/><F123/><W42/><G117/><T61/><D129/><U80/><E105/><V101/><F71/><W12/><G36/><T128/><D128/><U100/><E39/><V10/><F126/><W94/><G35/><T119/><D33/><U31/><E44/><V26/><F115/><W97/><G114/><T106/><D106/><U24/><E131/><V99/><F77/><W91/><G1/><T49/><D119/><U130/><E130/><V62/><F99/><W108/><G108/><T52/><D47/><U54/><E15/><N who="2" m="5599" /><F107/><W4/><G19/><AGARI ba="0,0" hai="17,19,22,26,30,59,62,65,92,98,101" m="5599" machi="19" ten="30,3900,0" yaku="25,1,8,1,52,1" doraHai="25" who="2" fromWho="3" sc="326,0,319,0,234,39,121,-39" /><INIT seed="6,0,0,1,1,42" ten="326,319,273,82" oya="2" hai0="85,26,78,43,35,118,17,16,89,18,44,72,52" hai1="106,60,32,108,25,109,101,5,57,131,56,110,93" hai2="48,34,104,54,95,46,122,59,47,112,45,128,30" hai3="24,130,86,96,129,8,88,113,67,76,62,9,38"/><V116/><F116/><W70/><G38/><T91/><D118/><U92/><E131/><V115/><F122/><W65/><G65/><T55/><D72/><U33/><E5/><V53/><F104/><W125/><G125/><T20/><D35/><U73/><E73/><V6/><F128/><W31/><G113/><N who="2" m="43593" /><F6/><W120/><G120/><T63/><D78/><U2/><E2/><V82/><F95/><W71/><G71/><T66/><D66/><U80/><E80/><V103/><F103/><W87/><G130/><T23/><D63/><U75/><E75/><V79/><F30/><W36/><G36/><T117/><D117/><U84/><E106/><V68/><F34/><W100/><G76/><T94/><D89/><U10/><E33/><V114/><F114/><W135/><G129/><T90/><D90/><U134/><E93/><V21/><F21/><N who="0" m="8266" /><D26/><U64/><E101/><V58/><F68/><W49/><G87/><T81/><D94/><U83/><E92/><V119/><F119/><W105/><G135/><T121/><D121/><U126/><E134/><V13/><F13/><W111/><G111/><T28/><D28/><U50/><E126/><V132/><F132/><W22/><REACH who="3" step="1"/><G49/><AGARI ba="0,0" hai="16,17,18,43,44,49,52,55,81,85,91" m="8266" machi="49" ten="30,7700,0" yaku="8,1,52,1,54,2" doraHai="42" who="0" fromWho="3" sc="326,77,319,0,273,0,82,-77" /><INIT seed="7,0,0,3,1,22" ten="403,319,273,5" oya="3" hai0="101,34,63,96,80,79,66,47,2,38,65,95,134" hai1="130,131,10,21,52,51,132,112,124,86,12,18,122" hai2="48,64,118,108,39,117,133,72,57,100,46,42,28" hai3="125,69,6,58,49,53,35,40,85,73,113,55,109"/><W76/><G73/><T67/><D34/><U70/><E70/><V27/><F108/><W103/><G69/><T120/><D120/><U82/><E122/><V94/><F72/><W43/><G109/><T62/><D2/><U44/><E112/><V14/><F133/><W99/><G125/><T77/><D134/><U54/><E132/><V33/><F14/><W116/><G116/><T29/><D29/><U127/><E54/><V83/><F83/><W8/><G35/><T15/><D15/><U45/><E45/><V98/><REACH who="2" step="1"/><F39/><REACH who="2" ten="403,319,263,5" step="2"/><W1/><G113/><T32/><D38/><U71/><E71/><V92/><F92/><W17/><G17/><T87/><D80/><U102/><E102/><V84/><F84/><W19/><G19/><T56/><D87/><U93/><E93/><V68/><F68/><W31/><G31/><T4/><D95/><U3/><E3/><V121/><F121/><W59/><G85/><T129/><D101/><U123/><E123/><V60/><AGARI ba="0,1" hai="27,28,33,42,46,48,57,60,64,94,98,100,117,118" machi="60" ten="30,4000,0" yaku="1,1,0,1,52,1,53,0" doraHai="22" doraHaiUra="110" who="2" fromWho="2" sc="403,-10,319,-10,263,50,5,-20" owari="393,50.0,309,-9.0,313,11.0,-15,-52.0" /></mjloggm>