<mjloggm ver="2.3"><GO type="169" lobby="0"/><UN n0="%E3%81%A4%E3%81%8D%E3%82%92%E3%81%8F%E3%81%A0%E3%81%95%E3%81%84" n1="%E3%83%88%E3%83%88%E3%83%AA%E5%85%88%E7%94%9F%31%39%E6%AD%B3" n2="%6B%65%72%73%68%61%77" n3="%72%61%72%75%74%6F%37" dan="16,19,16,17" rate="2080.29,2291.23,2107.82,2151.89" sx="M,F,M,M"/><TAIKYOKU oya="0"/><INIT seed="0,0,0,3,5,112" ten="250,250,250,250" oya="0" hai0="117,96,25,44,0,1,12,104,30,82,135,22,73" hai1="85,65,60,17,21,43,89,84,52,55,66,134,125" hai2="57,20,108,90,97,78,72,23,80,11,92,62,122" hai3="33,10,14,79,101,49,115,40,64,47,38,45,63"/><T93/><D135/><U98/><E125/><V103/><F122/><W34/><G115/><T128/><D128/><U75/><E75/><V88/><F108/><W54/><G79/><T59/><D104/><U116/><E116/><V121/><F121/><W9/><G9/><T106/><D106/><U39/><E134/><V95/><F11/><W130/><G101/><T70/><D70/><U113/><E113/><V100/><F100/><W36/><G36/><T94/><D44/><U123/><E123/><V120/><F120/><W28/><G28/><T18/><D93/><N who="1" m="56623" /><E43/><V31/><F31/><W83/><G83/><T87/><D73/><U6/><E6/><V24/><F24/><W102/><G102/><T127/><D127/><U132/><E39/><V133/><F103/><W61/><G61/><T50/><D94/><U29/><E29/><V46/><F46/><W131/><G131/><T58/><D96/><U32/><E32/><V71/><F71/><W126/><G126/><T105/><D105/><U119/><E119/><V69/><F69/><W110/><G110/><T109/><D117/><U124/><E132/><V2/><F2/><W42/><G42/><T15/><D109/><U129/><E129/><V48/><F133/><W81/><G81/><T13/><D0/><U27/><E124/><V4/><F4/><N who="3" m="3399" /><G130/><T51/><D1/><U3/><E3/><V107/><F107/><W5/><G5/><T19/><D30/><U111/><E111/><V86/><REACH who="2" step="1"/><F48/><REACH who="2" ten="250,250,240,250" step="2"/><N who="0" m="18474" /><D18/><U76/><E17/><V114/><F114/><W8/><G8/><T99/><D99/><U7/><E7/><RYUUKYOKU ba="0,1" sc="250,10,250,-30,240,10,250,10" hai0="12,13,15,19,22,25,58,59,82,87" hai2="20,23,57,62,72,78,80,86,88,90,92,95,97" hai3="33,34,38,40,45,47,49,54,63,64" /><INIT seed="0,1,1,4,4,118" ten="260,220,250,260" oya="0" hai0="66,120,99,86,76,49,21,101,78,90,59,107,3" hai1="30,15,57,126,29,13,88,70,27,22,124,1,80" hai2="81,135,56,108,130,48,131,60,115,113,75,91,24" hai3="4,110,105,106,43,127,55,102,9,112,2,132,69"/><T6/><D120/><U98/><E70/><V100/><F100/><W93/><G112/><T54/><D3/><U26/><E1/><V121/><F108/><W42/><G69/><T36/><D36/><U23/><E57/><V92/><F48/><W83/><G110/><T33/><D33/><U52/><E52/><N who="2" m="33799" /><F135/><W116/><G116/><T82/><D6/><U19/><E80/><V73/><F24/><W119/><G119/><T77/><D66/><U129/><E129/><N who="2" m="49163" /><F121/><W123/><G102/><T71/><D71/><U46/><E46/><V114/><F81/><W97/><G83/><T87/><REACH who="0" step="1"/><D21/><REACH who="0" ten="250,220,250,260" step="2"/><U14/><E19/><V41/><F115/><W63/><G123/><T39/><D39/><U38/><E38/><V7/><F7/><W31/><G4/><T10/><D10/><U51/><E51/><V64/><F64/><W8/><G8/><T34/><D34/><U44/><E44/><V96/><F114/><W128/><G9/><T35/><D35/><U18/><E18/><V104/><F113/><W79/><G2/><T84/><AGARI ba="1,2" hai="49,54,59,76,77,78,82,84,86,87,90,99,101,107" machi="84" ten="30,3000,0" yaku="1,1,0,1,53,0" doraHai="118" doraHaiUra="117" who="0" fromWho="0" sc="250,53,220,-11,250,-11,260,-11" /><INIT seed="0,2,0,5,5,110" ten="303,209,239,249" oya="0" hai0="116,28,49,5,82,83,57,106,31,74,25,113,30" hai1="135,87,62,51,69,35,13,75,26,61,109,121,12" hai2="68,133,122,120,52,107,58,53,125,67,8,71,123" hai3="10,6,15,132,60,14,84,129,112,2,105,17,76"/><T42/><D106/><U95/><E121/><V86/><F107/><W45/><G105/><T59/><D116/><U65/><E75/><V4/><F86/><W36/><G132/><T7/><D113/><U108/><E135/><V79/><F79/><W103/><G129/><T63/><D74/><U73/><E73/><V3/><F133/><W85/><G103/><T115/><D115/><U66/><E51/><V98/><F98/><W134/><G134/><T102/><D102/><U40/><E40/><V70/><REACH who="2" step="1"/><F125/><REACH who="2" ten="303,209,229,249" step="2"/><W97/><G97/><T93/><D93/><U54/><E87/><V29/><F29/><W48/><G76/><T126/><D126/><U119/><E95/><V21/><F21/><W50/><G85/><T127/><D127/><U118/><E118/><V27/><F27/><W1/><G84/><T16/><D82/><U47/><E119/><V100/><F100/><W114/><G114/><T124/><D83/><U56/><E26/><V18/><F18/><W55/><G17/><T104/><D104/><U88/><E88/><V89/><F89/><W20/><G20/><N who="0" m="13447" /><D124/><U91/><E91/><V90/><F90/><W44/><G112/><T101/><D101/><U23/><E23/><V34/><F34/><W111/><G6/><N who="0" m="2059" /><D63/><AGARI ba="2,1" hai="3,4,8,52,53,58,63,67,68,70,71,120,122,123" machi="63" ten="50,6400,0" yaku="1,1,54,1,53,1" doraHai="110" doraHaiUra="32" who="2" fromWho="0" sc="303,-70,209,0,229,80,249,0" /><INIT seed="1,0,0,3,3,110" ten="233,209,309,249" oya="1" hai0="103,64,32,104,94,56,70,44,66,84,2,114,106" hai1="108,41,67,98,126,49,123,113,46,48,30,124,57" hai2="93,81,52,62,85,96,105,10,101,31,35,24,111" hai3="9,51,37,16,127,79,115,132,17,59,43,117,116"/><U129/><E30/><V36/><F111/><W89/><G79/><T25/><D2/><U28/><E108/><V45/><F10/><W14/><G37/><T86/><D70/><U112/><E123/><V22/><F36/><W71/><G71/><T13/><D13/><U100/><E28/><V68/><F45/><W50/><G132/><T82/><D44/><U5/><E5/><V83/><F83/><W88/><G127/><N who="1" m="48682" /><E129/><V11/><F11/><W75/><G75/><T21/><D32/><U1/><E1/><V20/><F93/><W3/><G3/><T78/><D104/><N who="1" m="63511" /><E67/><V55/><F22/><W60/><G43/><T69/><D106/><U58/><E49/><V119/><F20/><W95/><G9/><T47/><D66/><U42/><E42/><V74/><F68/><W27/><G50/><T92/><D69/><U122/><E122/><V73/><F62/><W63/><G51/><T26/><D47/><U128/><E128/><V15/><F35/><W91/><G60/><T0/><D0/><U125/><N who="1" m="48690" /><U23/><DORA hai="4" /><E23/><V76/><F31/><W90/><G63/><T135/><D64/><U121/><E121/><V102/><F55/><W87/><G95/><T134/><D56/><AGARI ba="0,0" hai="41,46,48,56,57,58,112,113" m="63511,48690" machi="56" ten="40,7700,0" yaku="18,1,52,2" doraHai="110,4" who="1" fromWho="0" sc="233,-77,209,77,309,0,249,0" /><INIT seed="1,1,0,3,4,15" ten="156,286,309,249" oya="1" hai0="84,46,58,13,105,27,51,110,79,135,124,12,109" hai1="7,50,125,64,19,11,55,53,76,123,5,29,82" hai2="65,36,60,49,100,115,20,112,9,120,56,117,88" hai3="38,69,134,91,18,130,63,57,3,62,72,45,129"/><U39/><E123/><V114/><F117/><W85/><G72/><T97/><D124/><U81/><E125/><V73/><F120/><W68/><G3/><T116/><D116/><U96/><E39/><V31/><F36/><W25/><G134/><T121/><D58/><U126/><E126/><V54/><F73/><W35/><G63/><T103/><D135/><U40/><E29/><V43/><F100/><W6/><G6/><T113/><D113/><U52/><E64/><V71/><F9/><W44/><G35/><T108/><D27/><U101/><E40/><V118/><F118/><W70/><G25/><T67/><D67/><U78/><E50/><V92/><F43/><N who="3" m="22647" /><G18/><T34/><D34/><U42/><E42/><V132/><F132/><W10/><G10/><T48/><D121/><U14/><E81/><V30/><REACH who="2" step="1"/><F20/><REACH who="2" ten="156,286,299,249" step="2"/><W4/><G4/><T98/><D103/><U128/><E128/><V24/><F24/><W119/><G119/><T23/><D23/><U8/><E8/><V107/><F107/><W77/><G130/><T66/><D105/><U127/><E127/><V61/><F61/><W95/><G129/><T16/><D108/><U86/><REACH who="1" step="1"/><E78/><REACH who="1" ten="156,276,299,249" step="2"/><V99/><AGARI ba="1,2" hai="30,31,49,54,56,60,65,71,88,92,99,112,114,115" machi="99" ten="30,7900,0" yaku="1,1,0,1,11,1,54,1,53,0" doraHai="15" doraHaiUra="2" who="2" fromWho="2" sc="156,-21,276,-40,299,102,249,-21" /><INIT seed="2,0,0,0,4,3" ten="135,236,401,228" oya="2" hai0="72,122,59,89,67,90,86,134,22,100,0,85,39" hai1="113,36,74,84,21,26,83,81,14,110,109,10,19" hai2="16,77,107,104,40,30,118,56,117,46,68,51,57" hai3="95,123,1,54,35,106,48,12,23,120,9,97,102"/><V55/><F68/><W127/><G35/><T99/><D39/><U112/><E36/><V18/><F56/><W87/><G127/><T70/><D0/><U126/><E74/><V98/><F30/><W24/><G1/><T45/><D70/><U62/><E62/><V101/><F104/><W103/><G87/><T53/><D72/><U111/><E126/><V66/><F66/><W115/><G115/><T88/><D45/><U7/><REACH who="1" step="1"/><E83/><REACH who="1" ten="135,226,401,228" step="2"/><V5/><F117/><W33/><G123/><T50/><D122/><U6/><E6/><V2/><F118/><W125/><G125/><T13/><D134/><U92/><E92/><V31/><F5/><N who="3" m="3119" /><G106/><T132/><D132/><U69/><E69/><V37/><F37/><W108/><G120/><T76/><D67/><U58/><E58/><V94/><F57/><N who="3" m="32967" /><G108/><T27/><D76/><AGARI ba="0,1" hai="7,10,14,19,21,26,76,81,84,109,110,111,112,113" machi="76" ten="40,5200,0" yaku="1,1,14,1,52,1,53,0" doraHai="3" doraHaiUra="96" who="1" fromWho="0" sc="135,-52,226,62,401,0,228,0" /><INIT seed="3,0,0,2,0,125" ten="83,288,401,228" oya="3" hai0="101,71,0,56,34,53,68,36,41,81,7,92,46" hai1="98,14,90,75,26,22,30,104,83,102,63,42,69" hai2="124,9,99,48,107,51,93,60,40,121,39,86,128" hai3="4,18,115,21,79,133,62,70,28,24,120,112,110"/><W16/><G120/><T58/><D34/><U54/><E42/><V78/><F124/><W10/><G133/><T59/><D92/><U129/><E129/><V126/><F126/><W108/><G70/><N who="0" m="26667" /><D101/><U50/><E14/><V96/><F128/><W43/><G62/><T15/><D81/><U35/><E22/><V66/><F39/><W95/><G43/><N who="0" m="22887" /><D15/><U67/><E90/><V74/><F60/><W8/><G95/><T20/><D20/><U100/><E100/><V5/><F40/><W12/><G79/><T33/><D7/><U29/><E29/><V65/><F86/><W114/><G18/><T132/><D0/><AGARI ba="0,0" hai="0,4,8,10,12,16,21,24,28,108,110,112,114,115" machi="0" ten="50,12000,1" yaku="34,3,54,1" doraHai="125" who="3" fromWho="0" sc="83,-120,288,0,401,0,228,120" owari="-37,-54.0,288,-11.0,401,50.0,348,15.0" /></mjloggm>