<mjloggm ver="2.3"><GO type="169" lobby="0"/><UN n0="%3D%E4%B8%8A%E5%9F%9C%E4%B9%85%3D" n1="%E9%81%8B%E3%81%A0%E3%81%91%E2%98%86%E3%82%BC%E3%83%B3%E3%83%84%E5%90%9B" n2="%E3%82%A6%E3%83%AB%E3%83%88%E3%83%A9%E7%AB%8B%E7%9B%B4" n3="%E3%81%8B%E3%81%8D%E9%86%A4%E6%B2%B9" dan="18,16,18,16" rate="2176.94,2107.96,2224.62,2060.39" sx="F,M,M,M"/><TAIKYOKU oya="0"/><INIT seed="0,0,0,2,2,125" ten="250,250,250,250" oya="0" hai0="110,38,121,89,7,131,23,76,105,3,135,77,72" hai1="124,80,91,15,116,22,2,55,113,90,1,94,117" hai2="119,115,130,95,98,109,81,107,16,126,70,92,108" hai3="36,57,49,48,101,32,88,37,52,50,0,69,58"/><T102/><D121/><U27/><E113/><V62/><F70/><W134/><G0/><T133/><D38/><U120/><E120/><V26/><F115/><W30/><G69/><T111/><D3/><U79/><E124/><V20/><F126/><W10/><G101/><T31/><D7/><U18/><E1/><V11/><F119/><W35/><G10/><T129/><D89/><U60/><E2/><V65/><F81/><W42/><G30/><T33/><D33/><U25/><E116/><V83/><F83/><W39/><G134/><N who="0" m="51211" /><D102/><U40/><E40/><V86/><F86/><W128/><G35/><T24/><D105/><U54/><E117/><V44/><F107/><W59/><G32/><T34/><D34/><U14/><E27/><V132/><F132/><W71/><G71/><T84/><D84/><N who="1" m="48159" /><E90/><V87/><F26/><W114/><G88/><T122/><D122/><U68/><E68/><V8/><F98/><W45/><G114/><T75/><D77/><U103/><E103/><V17/><F87/><W43/><G128/><N who="0" m="49227" /><D76/><U123/><E123/><V13/><F130/><W82/><G82/><T112/><D112/><U106/><E106/><V12/><F95/><W4/><G4/><T19/><D31/><U85/><E60/><V67/><F62/><W6/><G6/><T47/><D47/><AGARI ba="0,0" hai="36,37,39,42,43,45,47,48,49,50,52,57,58,59" machi="47" ten="40,16000,3" yaku="9,1,35,6,54,1" doraHai="125" who="3" fromWho="0" sc="250,-160,250,0,250,0,250,160" /><INIT seed="1,0,0,1,0,76" ten="90,250,250,410" oya="1" hai0="41,111,17,57,10,9,105,4,34,18,60,14,129" hai1="79,19,68,5,65,49,22,54,39,135,127,63,40" hai2="90,109,43,58,104,20,12,114,64,37,99,15,101" hai3="0,70,38,30,84,95,74,86,119,35,51,82,72"/><U124/><E5/><V8/><F109/><W23/><G38/><T132/><D105/><U69/><E79/><V27/><F114/><W77/><G0/><T107/><D107/><U45/><E22/><V66/><F43/><W25/><G70/><T126/><D111/><U112/><E112/><V1/><F37/><W131/><G131/><T122/><D129/><U32/><E32/><V13/><F90/><W94/><G119/><T28/><D132/><U36/><E19/><V50/><F50/><W67/><G67/><T133/><D133/><U31/><E31/><V55/><F55/><W24/><G51/><T108/><D108/><U113/><E113/><V59/><F66/><W130/><G130/><T85/><D126/><N who="1" m="48171" /><E135/><V52/><F64/><W53/><G53/><T26/><D122/><U128/><E128/><V3/><F8/><W117/><G117/><T16/><D41/><U88/><E88/><V61/><REACH who="2" step="1"/><F59/><REACH who="2" ten="90,250,240,410" step="2"/><W62/><G62/><T7/><D10/><U6/><E36/><V125/><F125/><W21/><G77/><T106/><D9/><U102/><E102/><V2/><F2/><W75/><G25/><T110/><D110/><U98/><E68/><V73/><F73/><W42/><G75/><T71/><D71/><U92/><E6/><V116/><F116/><W48/><G24/><T81/><D14/><U123/><E123/><V87/><F87/><W46/><G72/><T78/><REACH who="0" step="1"/><D106/><REACH who="0" ten="80,250,240,410" step="2"/><U29/><E69/><V93/><F93/><W33/><G95/><T44/><D44/><U91/><E92/><V47/><F47/><W56/><G94/><RYUUKYOKU ba="0,2" sc="80,15,250,-15,240,15,410,-15" hai0="4,7,16,17,18,26,28,34,57,60,78,81,85" hai2="1,3,12,13,15,20,27,52,58,61,99,101,104" /><INIT seed="2,1,2,2,4,19" ten="95,235,255,395" oya="2" hai0="129,132,88,135,27,0,84,28,6,8,74,67,38" hai1="110,39,93,85,120,113,3,30,18,121,11,104,99" hai2="21,77,5,71,103,96,80,35,123,63,53,52,83" hai3="55,62,33,15,114,76,95,1,98,75,26,2,56"/><V86/><F35/><W23/><G33/><T59/><D74/><U122/><E113/><V134/><F123/><W68/><G114/><T46/><D129/><U97/><E110/><V70/><F134/><N who="0" m="51242" /><D67/><U54/><E39/><V126/><F126/><W45/><G68/><T17/><D17/><U49/><E30/><V16/><F5/><W108/><G108/><T115/><D115/><U60/><E60/><V127/><F83/><W119/><G119/><T66/><D66/><U13/><E3/><V133/><F127/><W4/><G76/><T87/><D59/><N who="1" m="33231" /><E104/><V34/><F34/><W79/><G79/><T20/><D88/><AGARI ba="1,2" hai="11,13,18,85,88,93,97,99,120,121,122" m="33231" machi="88" ten="30,2000,0" yaku="13,1,54,1" doraHai="19" who="1" fromWho="0" sc="95,-23,235,43,255,0,395,0" /><INIT seed="3,0,0,2,1,22" ten="72,278,255,395" oya="3" hai0="113,97,34,68,7,102,74,109,117,126,105,116,25" hai1="63,30,27,61,122,37,2,52,96,93,8,40,132" hai2="39,57,123,86,90,42,135,75,6,79,24,16,133" hai3="64,59,127,71,89,104,121,70,83,56,54,100,4"/><W134/><G121/><T50/><D109/><U124/><E122/><V55/><F75/><W10/><G100/><T107/><D126/><U29/><E124/><V38/><F79/><W73/><G104/><T88/><D74/><U11/><E132/><N who="2" m="50763" /><F6/><W111/><G127/><T77/><D77/><U94/><E37/><V80/><F42/><W130/><G134/><T12/><D113/><U36/><E36/><V5/><F5/><W58/><G54/><T45/><D107/><U1/><E40/><V9/><F123/><W3/><G73/><T28/><D68/><U72/><E72/><V106/><F106/><W44/><G70/><T31/><D31/><U41/><E41/><V131/><F131/><W20/><G130/><T49/><D49/><U65/><E65/><V110/><F110/><W15/><G71/><T51/><D51/><U67/><E67/><V129/><F129/><W43/><G64/><T66/><D66/><U46/><E96/><V87/><F87/><W19/><G111/><T92/><D12/><U82/><E82/><V33/><F33/><W84/><G59/><T91/><D7/><U18/><E46/><V48/><F9/><W99/><G99/><T125/><D125/><U21/><E21/><AGARI ba="0,0" hai="16,21,24,38,39,48,55,57,80,86,90" m="50763" machi="21" ten="30,3900,0" yaku="20,1,52,1,54,1" doraHai="22" who="2" fromWho="1" sc="72,0,278,-39,255,39,395,0" /><INIT seed="4,0,0,1,5,88" ten="72,239,294,395" oya="0" hai0="58,84,123,41,78,66,57,82,31,74,68,125,72" hai1="96,81,54,18,61,109,114,97,36,56,12,47,39" hai2="76,42,26,46,11,120,115,23,52,129,83,85,63" hai3="110,113,124,5,91,14,90,116,69,49,70,112,67"/><T35/><D125/><U92/><E109/><V106/><F120/><W107/><G107/><T103/><D123/><U93/><E114/><V51/><F115/><W1/><G1/><T73/><D41/><U117/><E117/><V24/><F106/><W86/><G110/><T10/><D103/><U64/><E81/><V100/><F129/><W0/><G0/><T28/><D10/><U6/><E6/><V126/><F126/><W4/><G124/><T65/><D68/><U98/><E39/><V118/><F118/><W62/><G49/><T3/><D3/><U111/><E111/><V119/><F119/><W22/><G22/><T130/><D130/><U17/><E36/><V43/><F100/><W25/><G25/><T7/><D7/><U15/><E47/><V8/><F26/><W95/><G116/><T60/><REACH who="0" step="1"/><D35/><REACH who="0" ten="62,239,294,395" step="2"/><U44/><E12/><V71/><F43/><W48/><G14/><T53/><D53/><U21/><E17/><N who="2" m="12399" /><F71/><W50/><G70/><T2/><D2/><U79/><E79/><V77/><F77/><W108/><G108/><T102/><D102/><U133/><E133/><V29/><F29/><W19/><G113/><T128/><D128/><U94/><REACH who="1" step="1"/><E44/><REACH who="1" ten="62,229,294,395" step="2"/><V135/><F135/><W32/><G112/><T89/><D89/><U105/><E105/><V40/><F40/><W87/><G91/><T9/><D9/><U134/><E134/><V34/><F8/><W30/><G90/><T38/><D38/><U59/><E59/><N who="2" m="35303" /><F11/><W75/><G69/><T16/><D16/><U121/><E121/><V33/><F76/><W104/><G104/><RYUUKYOKU ba="0,2" sc="62,10,229,10,294,10,395,-30" hai0="28,31,57,58,60,65,66,72,73,74,78,82,84" hai1="15,18,21,54,56,61,64,92,93,94,96,97,98" hai2="33,34,42,46,51,83,85" /><INIT seed="4,1,2,0,0,21" ten="72,239,304,365" oya="0" hai0="73,11,36,25,69,66,18,128,59,14,83,35,37" hai1="27,100,26,38,93,120,105,17,91,30,127,13,80" hai2="130,85,46,63,2,24,3,16,33,111,134,122,31" hai3="70,98,51,65,117,81,71,42,119,84,124,19,44"/><T92/><D128/><U107/><E120/><V5/><F122/><W45/><G124/><T110/><D69/><U102/><E127/><V121/><F121/><W87/><G98/><T126/><D126/><U10/><E38/><V133/><F111/><W118/><G65/><T34/><D110/><U12/><E80/><V40/><F130/><W60/><G60/><T53/><D66/><U135/><E135/><N who="2" m="51723" /><F63/><W112/><G119/><T101/><D101/><N who="1" m="39019" /><E107/><V39/><F5/><W9/><G81/><T52/><D92/><U55/><E30/><V1/><F85/><W20/><G87/><T58/><D37/><U90/><E105/><V78/><F16/><W103/><G84/><T28/><D36/><U77/><E77/><AGARI ba="1,2" hai="1,2,3,24,31,33,39,40,46,77,78" m="51723" machi="77" ten="40,2600,0" yaku="20,1,52,1" doraHai="21" who="2" fromWho="1" sc="72,0,239,-29,304,49,365,0" /><INIT seed="5,0,0,1,2,16" ten="72,210,353,365" oya="1" hai0="56,51,10,85,55,131,81,102,90,101,113,8,41" hai1="82,35,32,132,59,73,108,125,25,104,116,13,20" hai2="109,122,100,57,4,23,111,123,110,12,118,24,33" hai3="71,67,74,95,87,107,0,96,75,94,66,18,105"/><U93/><E116/><V70/><F70/><W49/><G71/><T40/><D113/><U99/><E132/><V120/><F57/><W11/><G18/><T112/><D131/><U42/><E125/><V134/><F100/><W54/><G87/><T117/><D112/><U103/><E108/><V76/><F76/><W53/><G49/><T126/><D126/><U9/><E104/><V43/><F43/><W27/><G27/><T29/><D117/><U45/><E59/><V63/><F63/><W5/><G11/><T1/><D1/><U19/><E82/><V133/><F118/><W128/><G0/><T121/><D121/><U44/><E73/><V6/><F33/><W97/><G5/><N who="2" m="2153" /><F12/><W127/><G127/><T115/><D115/><U39/><REACH who="1" step="1"/><E45/><REACH who="1" ten="72,200,353,365" step="2"/><V62/><F62/><W7/><G107/><T98/><D29/><AGARI ba="0,1" hai="9,13,19,20,25,29,32,35,39,42,44,93,99,103" machi="29" ten="30,12000,1" yaku="1,1,2,1,7,1,52,1,53,1" doraHai="16" doraHaiUra="26" who="1" fromWho="0" sc="72,-120,200,130,353,0,365,0" /><AGARI ba="0,0" hai="23,24,29,109,110,111,120,122,123,133,134" m="2153" machi="29" ten="40,5200,0" yaku="34,2,52,1" doraHai="16" who="2" fromWho="0" sc="-48,-52,330,0,353,52,365,0" owari="-100,-60.0,330,-7.0,405,50.0,365,17.0" /></mjloggm>