<mjloggm ver="2.3"><GO type="169" lobby="0"/><UN n0="%E3%83%97%E3%83%A9%E3%83%81%E3%83%8A%E3%83%A0" n1="%E3%83%88%E3%83%88%E3%83%AA%E5%85%88%E7%94%9F%31%39%E6%AD%B3" n2="%68%61%72%64%64%61%79%73" n3="%E8%8B%97%E6%9C%A8%E8%AA%A0" dan="16,19,16,16" rate="2116.44,2306.42,2077.76,2042.34" sx="M,F,M,M"/><TAIKYOKU oya="0"/><INIT seed="0,0,0,0,5,36" ten="250,250,250,250" oya="0" hai0="129,127,82,107,17,50,93,111,123,113,33,41,24" hai1="94,110,54,16,34,55,133,48,45,56,27,0,60" hai2="23,128,116,11,103,7,67,47,86,64,2,114,46" hai3="87,91,49,13,134,26,51,70,39,77,38,99,90"/><T85/><D113/><U108/><E0/><V6/><F114/><W92/><G70/><T19/><D107/><U40/><E133/><V89/><F128/><W88/><G134/><T32/><D123/><U62/><E94/><V63/><F116/><W97/><G38/><T80/><D129/><U21/><E34/><V52/><F103/><W81/><G39/><T79/><D127/><U65/><REACH who="1" step="1"/><E54/><REACH who="1" ten="250,240,250,250" step="2"/><V71/><F52/><W121/><G121/><T10/><D93/><U9/><E9/><V57/><F23/><W5/><G97/><T101/><D10/><U28/><E28/><V4/><F2/><W119/><G119/><T15/><D33/><U61/><E61/><V83/><REACH who="2" step="1"/><F11/><REACH who="2" ten="250,240,240,250" step="2"/><N who="3" m="4335" /><G26/><T100/><D24/><U126/><E126/><V73/><F73/><W117/><G117/><T118/><D118/><U1/><E1/><V135/><F135/><W96/><G96/><T75/><D32/><U18/><E18/><V98/><F98/><W35/><G35/><T105/><D19/><U3/><E3/><V115/><F115/><W102/><AGARI ba="0,2" hai="49,51,77,81,87,88,90,91,92,99,102" m="4335" machi="102" ten="30,2000,0" yaku="8,1,54,1" doraHai="36" who="3" fromWho="3" sc="250,-10,240,-5,240,-5,250,40" /><INIT seed="1,0,0,1,2,110" ten="240,235,235,290" oya="1" hai0="9,18,59,81,76,0,13,66,19,27,68,64,17" hai1="72,118,56,6,70,125,114,101,33,90,5,32,77" hai2="103,4,115,95,58,111,29,22,127,65,14,23,123" hai3="37,102,49,61,48,128,41,124,39,11,86,105,63"/><U135/><E118/><V51/><F111/><W55/><G105/><T117/><D0/><U16/><E70/><V24/><F123/><W78/><G102/><T69/><D117/><U1/><E114/><V112/><F127/><W116/><G116/><T50/><D69/><U57/><E125/><V89/><F103/><W12/><G124/><T25/><D68/><U83/><E135/><V131/><F131/><W98/><G98/><T121/><D121/><U100/><E100/><V106/><F106/><W67/><G128/><T42/><D42/><U109/><E109/><V35/><F4/><W3/><G3/><T94/><D94/><U92/><E101/><V34/><F23/><W36/><G67/><T133/><D66/><U2/><E2/><V60/><F51/><W53/><G48/><T97/><D97/><U126/><E126/><V87/><REACH who="2" step="1"/><F14/><REACH who="2" ten="240,235,225,290" step="2"/><W120/><G49/><T30/><D50/><U44/><E44/><V26/><F26/><W71/><G12/><T80/><D27/><U113/><E6/><V45/><F45/><W122/><G39/><T31/><D25/><U73/><E5/><V79/><F79/><W52/><G78/><T21/><D76/><U15/><E1/><V96/><F96/><W43/><G36/><T129/><D129/><U47/><E47/><V91/><F91/><W75/><G37/><T107/><D107/><U8/><E72/><V74/><F74/><W119/><G75/><T93/><D21/><U28/><E73/><V7/><F7/><W10/><G122/><T108/><D108/><U99/><E77/><V46/><F46/><RYUUKYOKU ba="0,1" sc="240,-10,235,-10,225,30,290,-10" hai2="22,24,29,34,35,58,60,65,87,89,95,112,115" /><INIT seed="2,1,1,0,3,29" ten="230,225,255,280" oya="2" hai0="108,22,135,88,85,39,24,81,48,7,101,52,92" hai1="11,8,0,44,25,46,36,14,127,27,100,114,68" hai2="45,121,12,99,115,65,131,4,19,82,60,47,10" hai3="111,18,76,83,13,56,57,86,95,35,64,133,63"/><V67/><F115/><W23/><G111/><T32/><D39/><U33/><E114/><V37/><F121/><W74/><G133/><T107/><D108/><U125/><E68/><V55/><F131/><W71/><G35/><T128/><D32/><U77/><E100/><V34/><F34/><W119/><G119/><T124/><D124/><N who="1" m="47691" /><E77/><V1/><F99/><W26/><G74/><T40/><D135/><U16/><E36/><V59/><F82/><W79/><G79/><T72/><D40/><U113/><E27/><V87/><F87/><W73/><G73/><T89/><D128/><U102/><E102/><V94/><F94/><W53/><G95/><T21/><D7/><N who="1" m="1127" /><E113/><V42/><REACH who="2" step="1"/><F45/><REACH who="2" ten="230,225,245,280" step="2"/><W91/><G86/><N who="0" m="52247" /><D72/><U130/><E130/><V110/><F110/><W28/><G83/><T134/><D134/><U96/><E96/><V123/><F123/><W41/><G76/><T15/><D107/><U69/><E69/><V38/><F38/><W116/><G71/><T30/><D101/><U90/><E90/><V84/><F84/><W61/><G91/><T109/><D109/><U51/><E51/><V126/><F126/><W3/><G116/><T75/><D75/><U31/><AGARI ba="1,2" hai="11,14,16,25,31,33,44,46" m="1127,47691" machi="31" ten="30,4000,0" yaku="18,1,52,1,54,1" doraHai="29" who="1" fromWho="1" sc="230,-11,225,63,245,-21,280,-11" /><INIT seed="3,0,0,2,4,40" ten="219,288,224,269" oya="3" hai0="73,47,59,74,110,85,121,46,113,12,43,68,88" hai1="28,84,134,39,92,71,38,0,96,125,132,126,54" hai2="135,41,3,80,21,61,75,69,2,108,35,62,117" hai3="10,1,104,36,17,79,63,32,8,25,107,42,22"/><W127/><G127/><N who="1" m="48650" /><E0/><V82/><F117/><W33/><G63/><T93/><D68/><U114/><E71/><V120/><F35/><W106/><G79/><T19/><D121/><U70/><E70/><V53/><F69/><W5/><REACH who="3" step="1"/><G10/><REACH who="3" ten="219,288,224,259" step="2"/><T6/><D113/><U130/><E114/><V111/><F62/><W51/><G51/><T105/><D73/><U49/><E38/><V34/><F61/><W99/><G99/><T4/><D74/><U90/><E39/><V11/><F75/><W20/><G20/><T44/><D110/><U119/><E96/><V78/><F11/><W24/><G24/><T60/><D43/><U67/><E67/><V100/><F21/><W55/><G55/><N who="0" m="33919" /><D105/><U31/><E54/><V7/><F41/><W48/><G48/><T133/><D133/><N who="1" m="51307" /><E49/><V77/><F53/><W15/><G15/><T64/><D64/><U81/><E119/><V45/><F135/><W50/><G50/><T118/><D118/><U109/><E109/><V29/><F111/><W112/><G112/><T87/><D87/><N who="1" m="52319" /><E130/><V97/><F108/><W129/><G129/><T89/><D89/><AGARI ba="0,1" hai="28,31,81,84,89" m="52319,51307,48650" machi="89" ten="30,2000,0" yaku="18,1,20,1" doraHai="40" who="1" fromWho="0" sc="219,-20,288,30,224,0,259,0" /><INIT seed="4,0,0,3,1,54" ten="199,318,224,259" oya="0" hai0="1,101,33,112,86,49,105,6,69,85,17,25,127" hai1="0,23,47,28,104,15,132,91,131,62,97,26,71" hai2="39,122,108,109,40,126,125,31,19,27,10,34,121" hai3="12,93,88,63,75,56,70,95,8,18,99,5,124"/><T73/><D73/><U135/><E0/><V119/><F119/><W21/><G124/><N who="2" m="47721" /><F39/><W96/><G75/><T48/><D127/><U36/><E131/><V20/><F10/><W13/><G70/><T58/><D69/><U92/><E104/><V55/><F40/><W129/><G129/><T42/><D112/><U2/><E2/><V78/><F55/><W114/><G114/><T111/><D111/><N who="2" m="42570" /><F78/><W67/><G95/><T53/><D1/><U128/><E128/><V60/><F60/><W16/><G5/><T65/><D6/><U87/><E15/><AGARI ba="0,0" hai="15,19,20,27,31,34,121,122" m="42570,47721" machi="15" ten="30,3900,0" yaku="18,1,34,2" doraHai="54" who="2" fromWho="1" sc="199,0,318,-39,224,39,259,0" /><INIT seed="5,0,0,5,4,11" ten="199,279,263,259" oya="1" hai0="94,88,40,41,33,105,36,117,44,54,65,76,96" hai1="15,7,69,104,131,50,35,51,3,126,90,63,13" hai2="10,134,129,0,30,118,91,119,84,47,78,115,128" hai3="21,113,75,85,99,18,132,133,68,93,102,57,34"/><U24/><E104/><V70/><F70/><W112/><G68/><T127/><D117/><U124/><E131/><V39/><F78/><W122/><G75/><T87/><D127/><N who="1" m="48683" /><E3/><V74/><F74/><W135/><G34/><T27/><D65/><N who="1" m="41151" /><E7/><V56/><F30/><W62/><G85/><T4/><D4/><U58/><E90/><V37/><F56/><W49/><G49/><N who="1" m="18442" /><E58/><V60/><F91/><W45/><G133/><T14/><D76/><U123/><E123/><V1/><F134/><W23/><G122/><T25/><D33/><U81/><E81/><V43/><F0/><W66/><G135/><T101/><D54/><U72/><E72/><V48/><F1/><W92/><G132/><T29/><D41/><U130/><E130/><N who="2" m="50283" /><F84/><W6/><G57/><T16/><REACH who="0" step="1"/><D29/><AGARI ba="0,0" hai="13,15,24,29,35" m="18442,41151,48683" machi="29" ten="30,5800,0" yaku="18,1,52,2" doraHai="11" who="1" fromWho="0" sc="199,-58,279,58,263,0,259,0" /><INIT seed="5,1,0,1,3,42" ten="141,337,263,259" oya="1" hai0="5,16,33,20,31,91,115,51,9,67,78,131,2" hai1="40,46,15,83,19,22,47,102,38,34,3,89,54" hai2="92,49,52,53,0,24,114,32,21,110,27,1,29" hai3="103,95,60,50,130,111,11,57,12,129,10,123,113"/><U28/><E3/><V66/><F110/><W121/><G111/><T43/><D78/><U85/><E102/><V45/><F114/><W109/><G109/><T69/><D115/><U55/><E34/><V73/><F73/><W106/><G106/><T128/><D91/><U62/><E28/><V44/><F66/><W101/><G113/><T87/><D87/><U88/><E89/><V26/><F92/><W61/><G50/><T94/><D94/><U104/><E104/><V65/><F65/><W74/><G95/><T135/><D67/><U39/><E62/><V35/><F27/><W124/><G57/><T100/><D100/><U105/><E105/><V132/><F132/><W126/><REACH who="3" step="1"/><G12/><REACH who="3" ten="141,337,263,249" step="2"/><N who="0" m="9223" /><D69/><U86/><E39/><V90/><F90/><W6/><G6/><T117/><D117/><U64/><E38/><V37/><F37/><W97/><G97/><T71/><D71/><U56/><E88/><V119/><F119/><W23/><G23/><T79/><D79/><U127/><E22/><V36/><F36/><W120/><G120/><T25/><D135/><U30/><E56/><V18/><F35/><W108/><G108/><T75/><D75/><AGARI ba="1,1" hai="10,11,60,61,74,75,101,103,121,123,124,126,129,130" machi="75" ten="25,3200,0" yaku="1,1,22,2,53,0" doraHai="42" doraHaiUra="93" who="3" fromWho="0" sc="141,-35,337,0,263,0,249,45" /><INIT seed="6,0,0,2,5,89" ten="106,337,263,294" oya="2" hai0="61,44,76,62,97,20,10,48,16,49,128,65,87" hai1="108,95,33,127,133,19,98,55,107,70,104,75,4" hai2="126,135,8,7,46,39,99,41,82,109,94,124,85" hai3="78,63,90,22,125,111,2,71,74,9,79,30,134"/><V110/><F135/><W101/><G111/><N who="2" m="42505" /><F85/><W15/><G74/><T12/><D128/><U25/><E108/><V121/><F82/><W43/><G43/><T59/><D62/><U132/><E75/><V86/><F86/><W21/><G2/><T28/><D97/><U38/><E38/><V34/><F34/><W116/><G101/><T51/><D76/><U50/><E4/><V117/><F117/><W18/><G125/><N who="2" m="48233" /><F121/><W77/><G134/><N who="1" m="51818" /><E70/><V31/><F31/><W131/><G30/><T100/><D100/><N who="1" m="60511" /><E127/><V14/><F94/><W112/><G116/><T40/><REACH who="0" step="1"/><D87/><REACH who="0" ten="96,337,263,294" step="2"/><U52/><E104/><V119/><F119/><W118/><G118/><T80/><D80/><U103/><E107/><V123/><F123/><W1/><G77/><T113/><D113/><U23/><E103/><V54/><F99/><W5/><G78/><T120/><D120/><U58/><E33/><V68/><F68/><W66/><G71/><T122/><D122/><U3/><E3/><V114/><F114/><W13/><G1/><T115/><D115/><U67/><E67/><V92/><F92/><W26/><G66/><T47/><D47/><U69/><E69/><V83/><F83/><W81/><G81/><T96/><D96/><U106/><E106/><V102/><F102/><W105/><G112/><T32/><D32/><U35/><E35/><V88/><F46/><W60/><G105/><T56/><D56/><U42/><E58/><V6/><F88/><W84/><G90/><T11/><D11/><U53/><E23/><V73/><F8/><W17/><G131/><T72/><D72/><RYUUKYOKU ba="0,1" sc="96,15,337,-15,263,-15,294,15" hai0="10,12,16,20,28,40,44,48,49,51,59,61,65" hai3="5,9,13,15,17,18,21,22,26,60,63,79,84" /><INIT seed="7,1,1,1,5,32" ten="111,322,248,309" oya="3" hai0="78,19,69,124,81,126,12,74,42,23,117,115,91" hai1="112,75,0,41,27,49,35,70,58,92,34,25,95" hai2="68,104,88,39,121,38,60,111,127,116,44,67,120" hai3="52,131,37,105,108,114,76,109,17,59,77,107,98"/><W106/><G37/><T36/><D117/><U4/><E70/><V64/><F104/><W7/><G114/><T46/><D69/><U103/><E75/><V28/><F28/><W11/><G17/><T50/><D91/><U71/><E71/><V101/><F101/><W97/><G131/><T90/><D90/><U1/><E112/><V3/><F88/><W45/><G45/><T51/><D51/><U125/><E125/><V80/><F80/><W118/><G118/><T6/><D50/><U48/><E4/><V83/><F83/><W135/><G135/><T87/><D87/><U128/><E58/><V66/><F116/><W119/><G119/><T123/><D123/><U43/><E103/><V110/><F3/><N who="3" m="511" /><G77/><T5/><D115/><U9/><E9/><V54/><F127/><W33/><G33/><T30/><D30/><U73/><E73/><V56/><F68/><W129/><G76/><T130/><D130/><AGARI ba="1,1" hai="0,1,25,27,34,35,41,43,48,49,92,95,128,130" machi="130" ten="25,6400,0" yaku="22,2,52,2" doraHai="32" who="1" fromWho="0" sc="111,-67,322,77,248,0,309,0" owari="44,-46.0,399,50.0,248,-15.0,309,11.0" /></mjloggm>