<mjloggm ver="2.3"><GO type="169" lobby="0"/><UN n0="%E5%AE%89%E6%96%8E" n1="%E3%81%96%E3%82%8F%E3%82%8F%E3%82%93" n2="%E3%81%9F%E3%81%8B%E3%81%A3%E3%81%A6%E3%81%83%E3%83%BC" n3="%E3%83%88%E3%83%88%E3%83%AA%E5%85%88%E7%94%9F%31%39%E6%AD%B3" dan="17,17,16,19" rate="2135.16,2144.51,2159.36,2287.60" sx="M,M,M,F"/><TAIKYOKU oya="0"/><INIT seed="0,0,0,2,3,26" ten="250,250,250,250" oya="0" hai0="95,127,68,65,69,62,37,6,130,77,13,76,119" hai1="57,11,39,100,116,126,45,63,123,18,135,80,31" hai2="2,124,111,117,73,89,23,9,121,113,109,132,82" hai3="66,60,79,108,7,120,43,27,10,4,112,50,92"/><T20/><D119/><U61/><E123/><V67/><F121/><W78/><G112/><T59/><D37/><U97/><E116/><V103/><F117/><W101/><G120/><T30/><D127/><U3/><E126/><V99/><F124/><W36/><G36/><T106/><D106/><U42/><E135/><V110/><F113/><W84/><G108/><T52/><D130/><U75/><E57/><V71/><F132/><W49/><G7/><T87/><D69/><U41/><E41/><V91/><F23/><W8/><G8/><N who="0" m="4247" /><D68/><U125/><E125/><V34/><F34/><W72/><G72/><T118/><D118/><U56/><E56/><V105/><F9/><W38/><G38/><T25/><D65/><U74/><E74/><V33/><F33/><W28/><G43/><T129/><D129/><U14/><E3/><V64/><F2/><W17/><G17/><T22/><D20/><U54/><E54/><V70/><F70/><W122/><G122/><T88/><AGARI ba="0,0" hai="22,25,30,52,59,62,76,77,87,88,95" m="4247" machi="88" ten="30,11700,0" yaku="8,1,52,1,54,2" doraHai="26" who="0" fromWho="0" sc="250,117,250,-39,250,-39,250,-39" /><INIT seed="0,1,0,3,3,124" ten="367,211,211,211" oya="0" hai0="80,129,112,62,22,44,92,55,119,115,127,4,2" hai1="8,23,38,53,1,70,132,33,130,84,117,93,19" hai2="110,67,56,60,101,126,131,57,109,7,82,98,48" hai3="118,94,10,15,91,103,43,87,42,37,54,49,121"/><T52/><D119/><U12/><E117/><V106/><F126/><W99/><G37/><T5/><D127/><U111/><E111/><N who="2" m="42507" /><F7/><W3/><G3/><T73/><D73/><U113/><E113/><V66/><F131/><W79/><G79/><T85/><D92/><U30/><E70/><V81/><F67/><W9/><G121/><T39/><D2/><U14/><E38/><V65/><F48/><W134/><G134/><T27/><D112/><U86/><E132/><V100/><F101/><W120/><G120/><T36/><D115/><U21/><E93/><V72/><F72/><W90/><G9/><T116/><D116/><U32/><E53/><V35/><F35/><N who="1" m="13385" /><E86/><V135/><F135/><W114/><G118/><T18/><D36/><U20/><E84/><V95/><F95/><N who="3" m="54783" /><G103/><T25/><D39/><U83/><E83/><N who="2" m="31755" /><F66/><W31/><G31/><N who="0" m="17847" /><D85/><U128/><E30/><V75/><F75/><W96/><G96/><T45/><D80/><U88/><E88/><V50/><F50/><W107/><G114/><T78/><D78/><U26/><E26/><V16/><F16/><N who="3" m="8311" /><G107/><T89/><D18/><N who="1" m="8455" /><E1/><V122/><F122/><W105/><G105/><T34/><D89/><U29/><E29/><V47/><F47/><AGARI ba="1,0" hai="42,43,47,49,54,90,94,99" m="8311,54783" machi="47" ten="30,2000,0" yaku="8,1,54,1" doraHai="124" who="3" fromWho="2" sc="367,0,211,0,211,-23,211,23" /><INIT seed="1,0,0,4,1,6" ten="367,211,188,234" oya="1" hai0="86,43,5,21,64,87,18,8,113,50,76,68,56" hai1="3,66,9,101,10,81,2,16,127,90,63,33,123" hai2="48,80,96,110,130,46,106,114,26,12,40,23,37" hai3="95,28,75,132,65,39,88,128,84,0,98,1,124"/><U89/><E123/><V44/><F110/><W38/><G75/><T69/><D113/><U59/><E33/><V4/><F130/><W34/><G128/><T11/><D69/><U17/><E127/><V53/><F114/><W107/><G124/><T25/><D68/><U49/><E101/><V135/><F135/><W78/><G132/><T30/><D5/><U55/><E3/><V117/><F117/><W22/><G34/><T111/><D111/><U72/><E72/><V99/><F106/><W71/><G65/><T35/><D43/><U105/><E105/><V27/><F80/><W41/><G71/><T61/><D50/><U14/><E81/><V134/><F134/><W60/><G60/><T129/><D129/><U29/><E29/><V102/><F102/><W91/><G78/><T15/><D76/><U121/><E121/><V52/><F53/><W58/><G58/><T74/><D74/><U103/><E103/><V19/><REACH who="2" step="1"/><F4/><REACH who="2" ten="367,211,178,234" step="2"/><W7/><G107/><T57/><D57/><N who="1" m="33007" /><E2/><V104/><F104/><W70/><G70/><T20/><D35/><U126/><E126/><V47/><F47/><W32/><G32/><T42/><D42/><U133/><E133/><V83/><F83/><N who="3" m="49183" /><G41/><T118/><D118/><U73/><E73/><V94/><F94/><W125/><G125/><T13/><D56/><U122/><E122/><V51/><F51/><W92/><G92/><T82/><D82/><U116/><E116/><V36/><F36/><N who="3" m="13867" /><G7/><N who="0" m="3231" /><D64/><U45/><E45/><V62/><F62/><W67/><G67/><T93/><D61/><U100/><E100/><V54/><F54/><RYUUKYOKU ba="0,1" sc="367,-30,211,10,178,10,234,10" hai1="9,10,14,16,17,59,63,66,89,90" hai2="12,19,23,26,27,37,40,44,46,48,52,96,99" hai3="0,1,22,28,91,95,98" /><INIT seed="1,1,1,5,5,58" ten="337,221,188,244" oya="1" hai0="92,27,82,76,122,53,78,134,61,8,68,26,3" hai1="63,0,113,45,123,56,111,133,16,36,38,103,54" hai2="59,12,6,30,33,126,132,128,101,67,25,135,46" hai3="91,20,125,93,66,13,64,117,71,85,1,110,4"/><U107/><E113/><V28/><F101/><W102/><G1/><T98/><D134/><U52/><E123/><V86/><F128/><W127/><G110/><T39/><D39/><U116/><E116/><V14/><F126/><N who="3" m="48139" /><G71/><T131/><D131/><U72/><E72/><V42/><F28/><W41/><G117/><T44/><D122/><U84/><E0/><V15/><F6/><W77/><G41/><T32/><D32/><U29/><E29/><V9/><F9/><N who="3" m="4263" /><G77/><T18/><D76/><U69/><E69/><V95/><F95/><N who="3" m="54767" /><G20/><T24/><D68/><U37/><E111/><V5/><F5/><W94/><G94/><T89/><D3/><U11/><E133/><N who="2" m="51275" /><F86/><W105/><G105/><T109/><D109/><U100/><E107/><V88/><F88/><W10/><G10/><T90/><D90/><U96/><E96/><AGARI ba="1,1" hai="64,66,93,96,102" m="54767,4263,48139" machi="96" ten="30,1000,0" yaku="18,1" doraHai="58" who="3" fromWho="1" sc="337,0,221,-13,188,0,244,23" /><INIT seed="2,0,0,4,2,40" ten="337,208,188,267" oya="2" hai0="124,108,39,64,9,55,65,132,77,44,28,53,45" hai1="47,120,56,104,29,6,129,128,26,67,68,86,15" hai2="110,95,69,85,2,3,125,30,5,0,87,57,99" hai3="14,48,119,8,89,114,135,117,12,18,34,43,4"/><V10/><F69/><W88/><G34/><T24/><D108/><U116/><E116/><V70/><F70/><W50/><G135/><T102/><D132/><U107/><E68/><V106/><F125/><W79/><G114/><T46/><D39/><U93/><E120/><V111/><F106/><W31/><G31/><T134/><D134/><U51/><E15/><N who="2" m="5583" /><F57/><W91/><G79/><T73/><D124/><U122/><E122/><V75/><F30/><W16/><G4/><T7/><D102/><U19/><E6/><V38/><F75/><W101/><G101/><T37/><D37/><U103/><E19/><V84/><F38/><W36/><G36/><T118/><D118/><U92/><E56/><V41/><F41/><W21/><REACH who="3" step="1"/><G50/><REACH who="3" ten="337,208,188,257" step="2"/><T17/><D77/><U127/><E103/><V74/><F74/><W90/><N who="3" m="22528" /><DORA hai="98" /><W58/><G58/><T131/><D73/><U11/><E127/><V54/><F99/><W32/><G32/><T112/><D112/><U100/><E100/><V61/><F95/><W71/><G71/><T62/><D7/><U23/><E92/><V52/><F61/><W13/><G13/><N who="0" m="7343" /><D62/><U81/><E93/><V35/><F35/><W109/><G109/><AGARI ba="0,1" hai="0,2,3,52,54,84,85,87,109,110,111" m="5583" machi="109" ten="40,7700,0" yaku="14,1,10,1,54,1" doraHai="40,98" who="2" fromWho="3" sc="337,0,208,0,188,87,257,-77" /><INIT seed="2,1,0,3,3,65" ten="337,208,275,180" oya="2" hai0="18,90,25,127,11,0,46,6,36,129,75,67,22" hai1="9,89,109,125,102,48,76,1,12,73,111,69,81" hai2="17,116,54,58,93,108,85,35,113,16,107,82,27" hai3="68,131,100,32,78,56,49,70,104,29,30,97,10"/><V115/><F107/><W26/><G131/><T43/><D129/><U122/><E125/><V71/><F116/><W80/><G30/><T120/><D120/><U63/><E1/><V98/><F71/><W55/><REACH who="3" step="1"/><G10/><REACH who="3" ten="337,208,275,170" step="2"/><T51/><D127/><U50/><E122/><V41/><F113/><W14/><G14/><T2/><D2/><U87/><E111/><V88/><F115/><W119/><G119/><T135/><D0/><U84/><E109/><V126/><F108/><W15/><G15/><T121/><D11/><U77/><E9/><V42/><F126/><W133/><G133/><T5/><D135/><U101/><E12/><V8/><F8/><W79/><G79/><T45/><D5/><U62/><E77/><N who="2" m="46287" /><F35/><W60/><G60/><T91/><D6/><U74/><E76/><V53/><F27/><W96/><G96/><T106/><D121/><U28/><E28/><V66/><F17/><W37/><G37/><T4/><D4/><U118/><E118/><V72/><F16/><W39/><G39/><T117/><D117/><U123/><E123/><V105/><F98/><W95/><G95/><T86/><D36/><U57/><E81/><V20/><F105/><W44/><G44/><N who="0" m="26015" /><D106/><U92/><E92/><V52/><F20/><W124/><G124/><T103/><D18/><U24/><E24/><V61/><F72/><AGARI ba="1,1" hai="26,29,32,49,55,56,68,70,72,78,80,97,100,104" machi="72" ten="30,12000,2" yaku="1,1,7,1,52,2,53,2" doraHai="65" doraHaiUra="64" who="3" fromWho="2" sc="337,0,208,0,275,-123,170,133" /><INIT seed="3,0,0,3,3,0" ten="337,208,152,303" oya="3" hai0="91,75,52,35,10,8,135,76,14,112,92,102,90" hai1="5,73,6,120,43,51,54,55,124,20,100,49,7" hai2="67,107,44,32,129,37,108,132,79,81,56,111,19" hai3="78,58,88,46,9,94,87,103,33,21,84,116,72"/><W24/><G116/><T1/><D35/><U119/><E120/><V101/><F32/><W105/><G33/><T63/><D135/><U95/><E119/><V99/><F132/><W17/><G72/><T68/><D112/><U30/><E73/><V86/><F129/><W23/><G105/><T4/><D102/><U15/><E124/><V127/><F127/><W71/><G71/><T53/><D68/><U109/><E109/><N who="2" m="42059" /><F19/><W13/><G103/><T16/><D63/><U115/><E115/><V110/><N who="2" m="42067" /><V96/><DORA hai="42" /><F96/><W93/><G58/><T27/><D27/><N who="1" m="16743" /><E15/><V77/><F77/><W126/><G126/><T82/><D90/><U134/><E134/><V117/><F117/><W133/><G133/><T83/><D83/><U106/><E106/><V50/><F37/><W131/><G131/><T38/><D38/><U47/><E51/><V18/><F18/><W122/><G122/><T45/><D45/><U66/><E66/><V28/><F28/><W34/><G34/><T85/><AGARI ba="0,0" hai="1,4,8,10,14,16,52,53,75,76,82,85,91,92" machi="85" ten="20,8000,1" yaku="0,1,7,1,52,1,54,2" doraHai="0,42" who="0" fromWho="0" sc="337,80,208,-20,152,-20,303,-40" /><INIT seed="4,0,0,5,5,55" ten="417,188,132,263" oya="0" hai0="95,120,127,61,113,13,50,126,132,72,15,8,111" hai1="54,71,107,80,0,38,98,88,5,49,23,67,131" hai2="25,108,45,59,102,1,81,9,46,60,90,63,105" hai3="57,75,26,43,48,128,112,19,32,100,91,76,11"/><T110/><D120/><U36/><E131/><V135/><F108/><N who="0" m="41514" /><D72/><U123/><E123/><V78/><F135/><W118/><G118/><T86/><D50/><U119/><E119/><V83/><F25/><W21/><G128/><T85/><D113/><U27/><E107/><V3/><F90/><W99/><G112/><T65/><D132/><U89/><E89/><V109/><F109/><W124/><G124/><N who="0" m="47659" /><D95/><U115/><E115/><V62/><F105/><W20/><G91/><T106/><D106/><U134/><E134/><V93/><F93/><W130/><G130/><T117/><D117/><U64/><E38/><V44/><F102/><W51/><G75/><T16/><D15/><U97/><E36/><V22/><F22/><N who="3" m="13663" /><G32/><T30/><D30/><U10/><E98/><V42/><F42/><W4/><G76/><T41/><D41/><U52/><E97/><V116/><F116/><W114/><G114/><T39/><D39/><U56/><E80/><V7/><F3/><W24/><G99/><T33/><D33/><U121/><E121/><V84/><REACH who="2" step="1"/><F83/><REACH who="2" ten="417,188,122,263" step="2"/><W18/><G100/><T14/><D14/><U79/><E88/><V104/><F104/><W103/><G43/><T70/><AGARI ba="0,1" hai="8,13,16,61,65,70,85,86" m="47659,41514" machi="70" ten="30,6000,0" yaku="10,1,18,1,54,1" doraHai="55" who="0" fromWho="0" sc="417,70,188,-20,122,-20,263,-20" /><INIT seed="4,1,0,3,5,96" ten="487,168,102,243" oya="0" hai0="23,60,118,41,74,42,86,2,3,120,9,62,82" hai1="24,112,83,27,132,53,117,106,133,55,65,93,18" hai2="38,73,108,13,56,130,119,115,37,14,54,7,20" hai3="12,92,32,121,48,6,66,17,85,87,91,44,78"/><T67/><D118/><U90/><E106/><V126/><F108/><W28/><G121/><T122/><D74/><U30/><E117/><V22/><F119/><W16/><G66/><T47/><D23/><N who="1" m="13431" /><E112/><V59/><F73/><W134/><G134/><N who="1" m="51818" /><E83/><V111/><F111/><W123/><G123/><T15/><D2/><U46/><E46/><V39/><F115/><W99/><G28/><T10/><D3/><U81/><E81/><V116/><F116/><W88/><G32/><T128/><D120/><U57/><E57/><V21/><F130/><W75/><G75/><T70/><D128/><U79/><E79/><V72/><F72/><W36/><G36/><T107/><D107/><U127/><E65/><V98/><F126/><W103/><G78/><T80/><D122/><U5/><E5/><V77/><F77/><W26/><G26/><T11/><D60/><U113/><E127/><V51/><F7/><W45/><G45/><T0/><D80/><U50/><E50/><V69/><F69/><W19/><G12/><T35/><D0/><U124/><E124/><V4/><F4/><W43/><G6/><T135/><D135/><U8/><E8/><V129/><F129/><W76/><G76/><T114/><D9/><U49/><E49/><V58/><F51/><W84/><AGARI ba="1,0" hai="16,17,19,43,44,48,84,85,87,88,91,92,99,103" machi="84" ten="30,8000,1" yaku="0,1,8,1,52,1,54,2" doraHai="96" who="3" fromWho="3" sc="487,-41,168,-21,102,-21,243,83" /><INIT seed="5,0,0,3,0,23" ten="446,147,81,326" oya="1" hai0="101,30,86,112,43,98,124,35,134,20,110,69,46" hai1="60,52,114,42,82,97,15,31,17,49,71,47,75" hai2="94,66,44,29,1,0,130,5,93,119,56,100,55" hai3="85,14,53,96,38,22,24,103,54,123,59,27,74"/><U95/><E114/><V122/><F119/><W26/><G123/><T132/><D110/><U78/><E31/><V36/><F122/><W28/><G74/><T106/><D112/><U19/><E15/><V50/><F130/><W90/><G38/><T8/><D69/><U70/><E70/><V37/><F29/><W7/><G7/><T89/><D124/><U67/><REACH who="1" step="1"/><E42/><REACH who="1" ten="446,137,81,326" step="2"/><V126/><F1/><W80/><G14/><T99/><D30/><U58/><E58/><V113/><F113/><W92/><REACH who="3" step="1"/><G54/><REACH who="3" ten="446,137,81,316" step="2"/><T16/><D43/><U11/><E11/><V2/><F55/><W12/><G12/><T105/><D8/><U57/><E57/><V116/><F56/><W3/><G3/><T61/><D132/><U10/><E10/><V6/><F2/><W91/><G91/><AGARI ba="0,2" hai="17,19,47,49,52,60,67,71,75,78,82,91,95,97" machi="91" ten="30,5800,0" yaku="1,1,7,1,54,1,53,0" doraHai="23" doraHaiUra="125" who="1" fromWho="3" sc="446,0,137,78,81,0,316,-58" /><INIT seed="5,1,0,3,0,14" ten="446,215,81,258" oya="1" hai0="108,118,60,129,45,43,24,59,90,116,92,98,111" hai1="71,86,39,127,74,65,50,11,15,6,133,97,131" hai2="37,81,135,36,95,76,41,7,35,29,100,110,1" hai3="121,30,4,89,114,123,38,69,2,68,112,40,91"/><U33/><E39/><V3/><F110/><W109/><G109/><T17/><D129/><U67/><E74/><V52/><F135/><W94/><G30/><T101/><D108/><U64/><E131/><V122/><F122/><N who="3" m="46603" /><G40/><T102/><D111/><U124/><E133/><V48/><F41/><W85/><G38/><T103/><D45/><U82/><E33/><V115/><F115/><N who="3" m="44075" /><G4/><T88/><D90/><N who="3" m="34313" /><G2/><T27/><D43/><U0/><E50/><V72/><F3/><W117/><G117/><T5/><D5/><U18/><E71/><V12/><F1/><W96/><G85/><T8/><D116/><U22/><REACH who="1" step="1"/><E97/><REACH who="1" ten="446,205,81,258" step="2"/><V54/><F37/><W75/><G75/><T55/><D118/><U132/><E132/><V99/><F36/><W134/><G134/><T80/><D80/><U83/><E83/><V31/><F35/><W130/><G130/><T73/><D73/><U25/><E25/><V70/><F70/><W105/><G69/><T125/><D125/><U66/><N who="1" m="16384" /><DORA hai="58" /><U16/><E16/><V84/><F72/><W46/><G68/><T77/><D77/><AGARI ba="1,1" hai="0,6,11,15,18,22,77,82,86,124,127" m="16384" machi="77" ten="50,9600,0" yaku="1,1,52,1,53,1" doraHai="14,58" doraHaiUra="19,53" who="1" fromWho="0" sc="446,-99,205,109,81,0,258,0" /><INIT seed="5,2,0,5,3,99" ten="347,314,81,258" oya="1" hai0="125,74,126,20,38,73,105,45,0,28,59,71,40" hai1="18,117,97,9,81,127,57,131,26,102,50,109,62" hai2="51,48,76,64,36,112,29,43,114,111,41,58,3" hai3="60,135,1,16,39,79,24,67,37,83,46,7,6"/><U19/><E117/><V133/><F3/><W113/><G113/><N who="2" m="43625" /><F29/><W30/><G135/><T123/><D71/><U22/><E127/><V68/><F76/><W122/><G122/><T121/><D0/><U80/><E131/><V44/><F111/><W119/><G119/><T86/><D105/><U72/><E72/><N who="0" m="27753" /><D59/><U56/><E109/><V87/><F87/><W94/><G83/><T78/><D28/><U101/><E50/><N who="2" m="18987" /><F133/><W21/><G79/><T25/><D86/><U4/><E19/><V130/><F130/><W11/><G7/><T85/><D85/><U100/><E97/><V116/><F116/><W70/><G46/><T49/><D49/><U17/><E17/><V104/><F104/><W2/><G2/><T53/><D78/><U91/><E91/><V124/><F124/><W98/><REACH who="3" step="1"/><G30/><REACH who="3" ten="347,314,81,248" step="2"/><N who="0" m="17703" /><D126/><U5/><E5/><V47/><F68/><W110/><G110/><T134/><D125/><U77/><E77/><V96/><F36/><W93/><G93/><T108/><D134/><U88/><E81/><V27/><F47/><W61/><G61/><T31/><D31/><U115/><E62/><N who="2" m="37975" /><F44/><W82/><G82/><T132/><D132/><U42/><E115/><V33/><F43/><W8/><G8/><T95/><D108/><U75/><E42/><V15/><F41/><W69/><G69/><T90/><D121/><U12/><E75/><V52/><F33/><W107/><G107/><T66/><D123/><U63/><E63/><V128/><F128/><W32/><G32/><T23/><D40/><U13/><E80/><V34/><F34/><W120/><G120/><RYUUKYOKU ba="2,1" sc="347,-10,314,-10,81,-10,248,30" hai3="1,6,11,16,21,24,37,39,60,67,70,94,98" /><INIT seed="6,3,1,5,4,69" ten="337,304,71,278" oya="2" hai0="94,92,118,41,15,20,119,117,65,25,61,75,53" hai1="56,48,50,60,59,134,104,71,88,135,21,122,111" hai2="93,28,0,123,51,24,83,42,5,63,67,116,66" hai3="125,52,131,7,85,120,36,97,121,33,43,23,98"/><V108/><F116/><W87/><G33/><T112/><D112/><U102/><E111/><V64/><F123/><W100/><G131/><T39/><D75/><U107/><E21/><V49/><F108/><W30/><G125/><T115/><D115/><U129/><E129/><V77/><F63/><W38/><G7/><T40/><D53/><U22/><E22/><V4/><F93/><N who="0" m="35946" /><D15/><U127/><E127/><V57/><F0/><W126/><G126/><T101/><D101/><U124/><E124/><V89/><F89/><W55/><G23/><T73/><D73/><U79/><E79/><V99/><F99/><W68/><G43/><T78/><D78/><U17/><E17/><V62/><F5/><W106/><G68/><N who="0" m="42031" /><D39/><U44/><E88/><V8/><F42/><W132/><G30/><AGARI ba="3,1" hai="20,25,30,40,41,117,118,119" m="42031,35946" machi="30" ten="30,1000,0" yaku="12,1" doraHai="69" who="0" fromWho="3" sc="337,29,304,0,71,0,278,-19" /><INIT seed="7,0,0,4,4,97" ten="366,304,71,259" oya="3" hai0="89,104,52,84,116,2,90,124,6,77,78,50,28" hai1="27,53,113,120,61,10,87,106,38,93,81,33,31" hai2="123,45,72,66,64,15,110,3,115,22,68,39,21" hai3="127,65,17,44,75,102,59,46,118,16,54,108,88"/><W23/><G118/><T132/><D104/><U58/><E120/><V122/><F3/><W111/><G75/><T55/><D116/><U18/><E106/><V24/><F72/><W135/><G135/><T133/><D28/><U56/><E113/><V7/><F110/><N who="3" m="42027" /><G127/><T69/><D69/><U62/><E38/><V11/><F115/><W51/><G65/><T99/><D124/><U63/><E93/><V42/><F22/><W100/><G17/><T76/><D99/><U35/><E35/><V92/><F92/><W4/><G4/><T74/><D74/><U109/><E109/><V60/><F66/><W128/><G128/><T134/><D84/><U34/><E34/><V96/><F96/><W1/><G88/><N who="0" m="33899" /><D50/><U98/><E98/><V129/><F129/><W94/><G94/><T32/><D32/><U25/><E25/><V70/><F70/><W13/><G1/><T36/><D36/><U101/><E81/><V37/><F37/><W8/><G23/><T79/><D79/><U30/><E87/><V95/><F95/><W49/><G44/><T112/><D112/><U43/><E18/><V12/><F12/><W26/><G26/><T86/><D86/><U83/><E83/><V105/><F105/><W114/><G114/><T130/><D130/><U47/><E10/><AGARI ba="0,0" hai="2,6,10,52,55,76,77,78,132,133,134" m="33899" machi="10" ten="40,5200,0" yaku="20,1,54,2" doraHai="97" who="0" fromWho="1" sc="366,52,304,-52,71,0,259,0" owari="418,52.0,252,-15.0,71,-43.0,259,6.0" /></mjloggm>