<mjloggm ver="2.3"><GO type="169" lobby="0"/><UN n0="%30%E3%81%8F%E3%83%BC%E3%81%AB%E3%82%83%E3%82%93%30" n1="%E9%AB%98%E5%9D%82%E9%9B%AA%E7%A9%82" n2="%E3%81%B5%E3%81%8B%E3%81%BF" n3="%E3%82%A6%E3%83%AB%E3%83%88%E3%83%A9%E7%AB%8B%E7%9B%B4" dan="17,16,18,18" rate="2176.84,2108.80,2203.39,2245.54" sx="F,F,F,M"/><TAIKYOKU oya="0"/><INIT seed="0,0,0,1,2,84" ten="250,250,250,250" oya="0" hai0="110,57,87,64,47,100,5,82,52,33,48,130,135" hai1="114,43,30,15,19,63,38,93,27,117,75,32,49" hai2="121,42,34,118,65,46,92,85,120,103,81,125,53" hai3="61,44,18,40,123,74,29,59,115,127,108,78,20"/><T101/><D33/><U12/><E38/><V119/><F34/><W133/><G115/><T23/><D130/><U99/><E114/><V131/><F131/><W58/><G29/><T79/><D135/><U56/><E75/><V77/><F65/><W17/><G108/><T112/><D112/><U13/><E117/><N who="2" m="44555" /><F53/><W11/><G74/><T25/><D110/><U113/><E113/><V51/><F125/><W41/><G78/><T83/><D5/><U66/><E49/><V8/><F8/><W90/><G11/><T24/><D24/><U36/><E43/><V69/><F69/><W39/><G41/><T3/><D3/><U89/><REACH who="1" step="1"/><E36/><REACH who="1" ten="250,240,250,250" step="2"/><V50/><F51/><W4/><G40/><T97/><D97/><AGARI ba="0,1" hai="42,46,50,77,81,85,92,97,103,120,121" m="44555" machi="97" ten="30,1000,0" yaku="12,1" doraHai="84" who="2" fromWho="0" sc="250,-10,240,0,250,20,250,0" /><INIT seed="1,0,0,0,5,121" ten="240,240,270,250" oya="1" hai0="24,66,93,7,12,122,68,76,119,32,39,114,86" hai1="125,4,71,67,70,79,5,23,134,128,130,88,106" hai2="0,109,57,48,82,126,112,55,117,113,1,33,100" hai3="115,30,104,50,83,80,20,34,91,37,110,127,81"/><U54/><E106/><V6/><F117/><W8/><G37/><T47/><D68/><U102/><E102/><V75/><F33/><W52/><G34/><T10/><D66/><U26/><E79/><V77/><F126/><W123/><G115/><N who="2" m="44105" /><F109/><W96/><G123/><T53/><D122/><U21/><E134/><V56/><F100/><W124/><G8/><T73/><D114/><U41/><E41/><V13/><F57/><W43/><G43/><T35/><D73/><U45/><E125/><N who="3" m="48202" /><G104/><T62/><D119/><U107/><E107/><V90/><F90/><W120/><G120/><T28/><D39/><U31/><E67/><V108/><F108/><W135/><G135/><T74/><D74/><U19/><E88/><V11/><AGARI ba="0,0" hai="0,1,6,11,13,48,55,56,75,77,82" m="44105" machi="11" ten="30,1100,0" yaku="11,1" doraHai="121" who="2" fromWho="2" sc="240,-3,240,-5,270,11,250,-3" /><INIT seed="2,0,0,3,3,116" ten="237,235,281,247" oya="2" hai0="76,36,70,27,10,99,52,74,41,73,107,43,48" hai1="9,85,102,122,66,44,64,50,68,105,125,121,62" hai2="30,113,91,108,128,110,0,13,118,35,83,55,23" hai3="87,59,130,49,75,114,129,53,71,119,120,67,78"/><V8/><F118/><W4/><G75/><T72/><D70/><U79/><E125/><V94/><F113/><W81/><G119/><T21/><D76/><U56/><E68/><V69/><F69/><W104/><G104/><T39/><D10/><U7/><E105/><V18/><F128/><N who="3" m="49259" /><G114/><T61/><D61/><U88/><E102/><V42/><F42/><W5/><G120/><N who="1" m="46186" /><E79/><V92/><F55/><W90/><G78/><T132/><D132/><U24/><E24/><N who="2" m="18887" /><F83/><W25/><G25/><T60/><D60/><AGARI ba="0,0" hai="4,5,49,53,59,60,67,71,81,87,90" m="49259" machi="60" ten="30,1000,0" yaku="19,1" doraHai="116" who="3" fromWho="0" sc="237,-10,235,0,281,0,247,10" /><INIT seed="3,0,0,2,0,91" ten="227,235,281,257" oya="3" hai0="123,56,93,39,74,110,40,52,53,55,101,2,14" hai1="105,97,108,90,34,134,122,132,31,8,109,118,21" hai2="112,117,20,59,54,63,3,66,103,61,11,65,131" hai3="95,87,119,18,89,100,98,92,41,25,50,1,111"/><W71/><G119/><T102/><D2/><U57/><E122/><V106/><F117/><W15/><G71/><T62/><D74/><U28/><E118/><V86/><F112/><W99/><G1/><T83/><D123/><U4/><E105/><V128/><F106/><W13/><G111/><N who="1" m="42570" /><E57/><V29/><F103/><W113/><G113/><T88/><D110/><U27/><E97/><V26/><F86/><W75/><G75/><T78/><D39/><U73/><E90/><V69/><F54/><N who="0" m="21098" /><D40/><U94/><E94/><V115/><F115/><W64/><G64/><T16/><D83/><U24/><E73/><V81/><F81/><W46/><G99/><N who="0" m="57767" /><D78/><U44/><E44/><V82/><F82/><W114/><G114/><T37/><D37/><U116/><E116/><V80/><F80/><W77/><G77/><T12/><D12/><AGARI ba="0,0" hai="4,8,12,21,24,27,28,31,34,132,134" m="42570" machi="12" ten="30,3900,0" yaku="14,1,34,2" doraHai="91" who="1" fromWho="0" sc="227,-39,235,39,281,0,257,0" /><INIT seed="4,0,0,2,3,84" ten="188,274,281,257" oya="0" hai0="130,32,7,87,93,109,10,24,120,124,123,103,50" hai1="80,42,4,132,64,110,134,46,28,90,119,58,22" hai2="51,18,104,41,6,122,133,78,91,34,97,31,89" hai3="13,98,116,75,57,30,81,126,44,111,5,60,12"/><T52/><D130/><U3/><E110/><V118/><F122/><W127/><G116/><T21/><D124/><U48/><E119/><V112/><F6/><W65/><G111/><T69/><D69/><U102/><E102/><V86/><F118/><W101/><G44/><T83/><D32/><U108/><E108/><V8/><F34/><W35/><G75/><T27/><D93/><U40/><E3/><V88/><F31/><W59/><G81/><T9/><D103/><U33/><E4/><V55/><F41/><W47/><G47/><T129/><D129/><U125/><E33/><V49/><F112/><W15/><G59/><T45/><D109/><U85/><E125/><N who="3" m="47626" /><G30/><T131/><D131/><U1/><E1/><V39/><F39/><W36/><G36/><T11/><D7/><U115/><E115/><V23/><F133/><N who="1" m="51305" /><E58/><V38/><F38/><W67/><G35/><T107/><D107/><U76/><E64/><V121/><F121/><W94/><G5/><T16/><REACH who="0" step="1"/><D27/><REACH who="0" ten="178,274,281,257" step="2"/><N who="1" m="16503" /><E42/><V37/><F104/><W0/><G0/><T128/><D128/><U63/><E63/><V71/><F71/><N who="3" m="42407" /><G13/><T25/><D25/><U105/><E105/><V73/><F37/><W82/><G82/><T113/><D113/><U92/><E92/><V14/><F14/><W53/><G12/><T100/><D100/><U56/><E80/><V19/><F97/><W17/><G15/><T117/><D117/><U95/><E95/><V72/><F8/><W62/><G94/><T114/><D114/><U106/><E106/><V79/><F23/><W61/><G98/><T26/><D26/><RYUUKYOKU ba="0,1" sc="178,30,274,-10,281,-10,257,-10" hai0="9,10,11,16,21,24,45,50,52,83,87,120,123" /><INIT seed="4,1,1,3,3,51" ten="208,264,271,247" oya="0" hai0="39,41,59,117,49,64,118,81,53,119,133,17,9" hai1="21,4,52,65,38,15,135,95,55,2,70,44,57" hai2="46,93,127,26,116,22,87,19,123,76,121,130,89" hai3="82,126,124,85,83,6,12,18,8,88,120,30,29"/><T61/><D9/><U125/><E2/><V13/><F130/><W37/><G37/><T99/><D17/><U80/><E135/><V47/><F127/><N who="3" m="48683" /><G120/><T97/><D81/><U32/><E32/><V104/><F104/><W106/><G106/><T54/><D99/><U48/><E125/><V91/><F116/><W73/><G18/><T5/><D97/><U129/><E70/><V98/><F76/><AGARI ba="1,1" hai="6,8,12,29,30,73,76,82,83,85,88" m="48683" machi="76" ten="30,2000,0" yaku="18,1,54,1" doraHai="51" who="3" fromWho="2" sc="208,0,264,0,271,-23,247,33" /><INIT seed="5,0,0,2,0,2" ten="208,264,248,280" oya="1" hai0="70,125,53,77,91,100,88,104,94,81,98,45,122" hai1="106,6,68,57,134,30,25,35,46,14,17,73,63" hai2="118,9,20,107,78,135,7,50,41,121,96,21,127" hai3="114,116,51,28,126,19,80,74,133,76,84,33,71"/><U48/><E106/><V130/><F121/><W32/><G71/><T72/><D70/><U65/><E73/><V34/><F34/><W39/><G39/><T47/><D122/><U109/><E134/><V56/><F118/><W60/><G28/><T110/><D110/><U27/><E109/><V67/><F135/><W86/><G86/><T1/><D1/><U112/><E112/><V26/><F78/><W69/><G84/><T97/><D125/><U59/><E27/><V87/><F87/><W42/><G19/><T55/><REACH who="0" step="1"/><D91/><REACH who="0" ten="198,264,248,280" step="2"/><U99/><E68/><V16/><F127/><W38/><G69/><T119/><D119/><U128/><E128/><V22/><F130/><W15/><G116/><T123/><D123/><U108/><E108/><V75/><F75/><W36/><G74/><T90/><D90/><U58/><E59/><V89/><F89/><W23/><G126/><T92/><D92/><U18/><E58/><V103/><F56/><W66/><G133/><T113/><D113/><U129/><E129/><V95/><F107/><W13/><G114/><T79/><D79/><U8/><REACH who="1" step="1"/><E99/><REACH who="1" ten="198,254,248,280" step="2"/><V85/><F96/><W132/><G132/><T117/><D117/><U12/><E12/><V82/><F26/><W4/><G13/><T102/><D102/><U24/><E24/><V44/><F103/><W11/><G15/><T131/><D131/><U29/><E29/><V52/><F85/><W93/><G80/><T31/><D31/><U40/><AGARI ba="0,2" hai="6,8,14,17,18,25,30,35,40,46,48,57,63,65" machi="40" ten="20,7800,0" yaku="1,1,0,1,7,1,52,1,53,0" doraHai="2" doraHaiUra="101" who="1" fromWho="1" sc="198,-26,254,98,248,-26,280,-26" /><INIT seed="5,1,0,4,5,71" ten="172,352,222,254" oya="1" hai0="24,66,52,90,77,4,123,64,51,42,58,100,31" hai1="85,70,126,40,59,127,99,17,50,46,13,49,94" hai2="38,134,37,116,122,18,48,133,12,55,83,43,84" hai3="19,111,106,114,60,44,47,32,102,36,135,41,110"/><U35/><E70/><V81/><F122/><W21/><G32/><T57/><D123/><U23/><E35/><V33/><F33/><W15/><G114/><T2/><D77/><U98/><E85/><V0/><F0/><W54/><G135/><N who="2" m="51721" /><F43/><W34/><G34/><T67/><D100/><U5/><E5/><V92/><F92/><W107/><G102/><T53/><D42/><U97/><E59/><N who="2" m="33255" /><F116/><W95/><G95/><T14/><D2/><U91/><REACH who="1" step="1"/><E50/><REACH who="1" ten="172,342,222,254" step="2"/><V113/><F113/><W101/><G111/><T125/><D125/><U6/><E6/><V112/><F112/><W104/><G110/><T109/><D109/><U96/><AGARI ba="1,1" hai="13,17,23,40,46,49,91,94,96,97,98,99,126,127" machi="96" ten="30,3000,0" yaku="1,1,0,1,53,0" doraHai="71" doraHaiUra="124" who="1" fromWho="1" sc="172,-11,342,43,222,-11,254,-11" /><INIT seed="5,2,0,3,3,70" ten="161,385,211,243" oya="1" hai0="12,131,93,53,97,43,31,105,32,11,14,54,89" hai1="101,36,34,107,4,24,129,66,33,59,121,19,37" hai2="68,78,64,2,90,76,109,6,91,74,3,128,17" hai3="120,47,117,58,63,67,102,61,75,42,51,122,49"/><U80/><E121/><V50/><F109/><W133/><G75/><T85/><D131/><U48/><E4/><V95/><F68/><W125/><G102/><T38/><D32/><U116/><E116/><V98/><F64/><W119/><G125/><T127/><D127/><U132/><E129/><V28/><F28/><W94/><G94/><T83/><D31/><U23/><E132/><V113/><F128/><W115/><G115/><T56/><D105/><U88/><E101/><V106/><F106/><W100/><G100/><T108/><D108/><U60/><E48/><V92/><F113/><W29/><G29/><T9/><D43/><U134/><E107/><V110/><F110/><W82/><G82/><T72/><D72/><U25/><E134/><V27/><F50/><W135/><G135/><T103/><D38/><U123/><E123/><N who="3" m="47146" /><G133/><T10/><REACH who="0" step="1"/><D54/><REACH who="0" ten="151,385,211,243" step="2"/><N who="1" m="33911" /><E36/><V46/><F74/><W26/><G119/><T99/><D99/><U8/><E37/><V69/><F98/><W40/><G117/><T79/><D79/><U30/><E30/><V45/><F78/><W16/><G40/><T52/><D52/><U111/><E111/><V84/><F76/><W130/><G130/><T87/><D87/><U55/><E55/><V41/><F84/><W0/><G42/><T18/><D18/><U96/><E19/><V86/><F86/><W35/><G16/><T104/><D104/><U21/><E96/><V77/><F77/><W1/><G35/><T44/><D44/><U126/><E34/><V7/><F17/><W22/><G47/><T39/><D39/><U112/><E33/><RYUUKYOKU ba="2,1" sc="151,30,385,-10,211,-10,243,-10" hai0="9,10,11,12,14,53,56,83,85,89,93,97,103" /><INIT seed="6,3,1,0,4,112" ten="181,375,201,233" oya="2" hai0="97,55,91,12,8,87,84,129,19,77,118,69,75" hai1="24,63,22,43,14,54,17,37,46,32,105,9,120" hai2="90,26,126,83,48,88,71,65,45,73,76,128,106" hai3="82,35,72,103,79,122,130,33,41,74,95,123,107"/><V81/><F106/><W34/><G95/><N who="0" m="56575" /><D69/><U102/><E32/><V116/><F128/><W10/><G130/><T117/><D129/><U89/><E120/><V40/><F126/><W113/><G113/><T114/><D114/><U60/><E89/><V18/><F116/><N who="0" m="44650" /><D55/><U7/><E54/><V92/><F83/><AGARI ba="3,1" hai="8,12,19,75,77,83,84,87" m="44650,56575" machi="83" ten="30,7700,0" yaku="12,1,52,3" doraHai="112" who="0" fromWho="2" sc="181,96,375,0,201,-86,233,0" /><INIT seed="7,0,0,4,0,117" ten="277,375,115,233" oya="3" hai0="106,105,121,25,74,62,21,31,52,40,81,90,134" hai1="89,96,65,28,132,92,111,11,85,10,0,48,130" hai2="47,57,99,131,115,112,23,59,33,12,124,69,55" hai3="35,15,110,73,79,27,119,19,118,126,41,7,61"/><W120/><G41/><T93/><D134/><U133/><E111/><V39/><F33/><W71/><G73/><T58/><D121/><U108/><E108/><V82/><F69/><W100/><G120/><T32/><D32/><U8/><E65/><V36/><F131/><W68/><G79/><T91/><D40/><U76/><E130/><V128/><F128/><W60/><G100/><T67/><D67/><U24/><E48/><V101/><F82/><W127/><G7/><T22/><D22/><N who="1" m="15383" /><E76/><V102/><F23/><W116/><G110/><T38/><D38/><U104/><E104/><V4/><F4/><W51/><G51/><T84/><D74/><U30/><E30/><V13/><F99/><AGARI ba="0,0" hai="21,25,31,52,58,62,81,84,90,91,93,99,105,106" machi="99" ten="30,2000,0" yaku="7,1,54,1" doraHai="117" who="0" fromWho="2" sc="277,20,375,0,115,-20,233,0" owari="297,10.0,375,47.0,95,-40.0,233,-17.0" /></mjloggm>