<mjloggm ver="2.3"><GO type="169" lobby="0"/><UN n0="%E3%80%90%E7%A6%84%E5%AD%98%E3%80%91" n1="%E7%91%9E%E5%8E%9F%E3%81%AF%E3%82%84%E3%82%8A%E3%83%97%E3%83%AD" n2="%E3%83%9F%E3%83%8E%E3%83%AA" n3="%E3%83%88%E3%83%88%E3%83%AA%E5%85%88%E7%94%9F%31%39%E6%AD%B3" dan="17,17,16,19" rate="2147.65,2107.49,2105.52,2279.26" sx="M,F,M,F"/><TAIKYOKU oya="0"/><INIT seed="0,0,0,3,4,110" ten="250,250,250,250" oya="0" hai0="74,53,65,114,112,122,42,25,125,84,85,132,49" hai1="11,67,45,68,79,62,31,39,34,94,135,119,109" hai2="80,64,50,72,70,111,63,46,123,69,5,4,71" hai3="81,98,66,59,95,13,118,36,1,35,86,2,126"/><T47/><D122/><U102/><E119/><V37/><F111/><W130/><G118/><T28/><D74/><U18/><E109/><V104/><F104/><W3/><G35/><T57/><D65/><U29/><E135/><V124/><F124/><W121/><G36/><T52/><D132/><U19/><E79/><V133/><F123/><W73/><G73/><T22/><D125/><U116/><E116/><V90/><F133/><W40/><G40/><T127/><D127/><U88/><E102/><V113/><F37/><W75/><G75/><T89/><D84/><U10/><E10/><V115/><F5/><W41/><G41/><T103/><D103/><U106/><E106/><V15/><F4/><W76/><G126/><T16/><D28/><U96/><E34/><V131/><F15/><W61/><G130/><T9/><D9/><U60/><E60/><V105/><F105/><W117/><G117/><T120/><D120/><U128/><E128/><V99/><F99/><W92/><G121/><T24/><D24/><U51/><E39/><V30/><F30/><W17/><REACH who="3" step="1"/><G98/><REACH who="3" ten="250,250,250,240" step="2"/><T48/><REACH who="0" step="1"/><D42/><REACH who="0" ten="240,250,250,240" step="2"/><U7/><E96/><V54/><F131/><W32/><G32/><T27/><D27/><U83/><E31/><V6/><F72/><W77/><G77/><T87/><D87/><U14/><E29/><V38/><F90/><W23/><AGARI ba="0,2" hai="1,2,3,13,17,23,59,61,66,76,81,86,92,95" machi="23" ten="30,2000,0" yaku="1,1,0,1,53,0" doraHai="110" doraHaiUra="101" who="3" fromWho="3" sc="240,-10,250,-5,250,-5,240,40" /><INIT seed="1,0,0,2,5,56" ten="230,245,245,280" oya="1" hai0="89,53,67,31,49,107,130,72,78,69,115,29,97" hai1="119,32,79,50,117,66,120,81,48,123,59,121,17" hai2="82,88,30,9,13,113,114,70,65,100,6,118,12" hai3="18,83,51,33,135,98,45,14,75,122,16,109,3"/><U52/><E32/><V4/><F118/><W124/><G122/><T62/><D115/><N who="2" m="44042" /><F100/><W85/><G33/><T103/><D130/><U35/><E35/><V40/><F40/><W131/><G3/><T101/><D101/><U63/><E17/><V24/><F70/><W38/><G75/><T104/><D107/><U47/><REACH who="1" step="1"/><E50/><REACH who="1" ten="230,235,245,280" step="2"/><V84/><F30/><W93/><G18/><T99/><D29/><U105/><E105/><V61/><F6/><W58/><G51/><T129/><D31/><U5/><E5/><V96/><F24/><W23/><G16/><T134/><D49/><U112/><E112/><V42/><F4/><W39/><G39/><T8/><D104/><U128/><E128/><V111/><F111/><W15/><G109/><T92/><D129/><U21/><E21/><V110/><F110/><W91/><G23/><T87/><D8/><U55/><E55/><V116/><F9/><W7/><G131/><T106/><D53/><U86/><AGARI ba="0,1" hai="47,48,52,59,63,66,79,81,86,117,119,120,121,123" machi="86" ten="30,12000,1" yaku="1,1,0,1,52,1,54,1,53,1" doraHai="56" doraHaiUra="60" who="1" fromWho="1" sc="230,-40,235,130,245,-40,280,-40" /><INIT seed="1,1,0,2,1,96" ten="190,365,205,240" oya="1" hai0="35,45,127,57,56,9,69,37,128,43,40,101,134" hai1="26,55,114,27,38,95,129,53,42,107,112,2,75" hai2="117,66,50,130,115,47,121,67,84,92,85,123,108" hai3="41,93,52,63,28,131,1,133,72,98,116,132,14"/><U102/><E107/><V36/><F117/><W104/><G1/><T49/><D35/><U11/><E75/><V76/><F36/><W23/><G104/><T87/><D134/><U5/><E129/><V22/><F130/><W79/><G131/><T65/><D128/><U88/><E102/><V33/><F33/><W19/><G116/><T25/><D25/><U135/><E135/><V109/><F22/><W0/><G0/><T16/><D87/><N who="2" m="33354" /><F76/><W126/><G126/><T15/><D127/><U62/><E27/><V44/><F50/><W118/><G118/><T20/><D20/><U119/><E119/><V86/><F92/><W77/><G77/><T80/><D80/><U83/><E83/><V29/><F29/><W30/><G132/><T10/><D9/><U58/><E26/><V90/><F90/><W99/><G133/><T46/><REACH who="0" step="1"/><D101/><REACH who="0" ten="180,365,205,240" step="2"/><U48/><E11/><V94/><F86/><W7/><G79/><T106/><D106/><U6/><E112/><V71/><F94/><W103/><G98/><T74/><D74/><U91/><E114/><V39/><F115/><W8/><G72/><T122/><D122/><U54/><E95/><V59/><F123/><W18/><G23/><T110/><D110/><U113/><E113/><V73/><F73/><W51/><G28/><T24/><D24/><U60/><E91/><V78/><F78/><W82/><G30/><T105/><D105/><U3/><E88/><V34/><F121/><W89/><G89/><T31/><D31/><U97/><E97/><V120/><F120/><W100/><G99/><T111/><D111/><RYUUKYOKU ba="1,1" sc="180,30,365,-10,205,-10,240,-10" hai0="10,15,16,37,40,43,45,46,49,56,57,65,69" /><INIT seed="2,2,1,5,2,80" ten="210,355,195,230" oya="2" hai0="133,103,75,123,38,1,120,23,108,3,104,49,33" hai1="16,66,43,97,115,105,21,44,26,35,52,87,22" hai2="117,83,64,95,31,53,84,13,20,8,58,67,82" hai3="2,68,116,112,45,129,61,60,113,0,72,14,96"/><V57/><F117/><W50/><G116/><T121/><D49/><N who="1" m="28711" /><E35/><V127/><F127/><W98/><G72/><T86/><D23/><U11/><E105/><V118/><F118/><W135/><G14/><T114/><D103/><U18/><E115/><N who="3" m="44106" /><G129/><T102/><D38/><U119/><E119/><V76/><F95/><W34/><G34/><T88/><D33/><U27/><E66/><V111/><F111/><W91/><G135/><T42/><D42/><U46/><E97/><N who="3" m="37482" /><G91/><T126/><D108/><U134/><E134/><V47/><F47/><W19/><G19/><T81/><D3/><N who="3" m="1065" /><G68/><T36/><D1/><U28/><E18/><V131/><F131/><W12/><G12/><T59/><D133/><U9/><E46/><V48/><F58/><W5/><G5/><T24/><D59/><U79/><E43/><AGARI ba="2,1" hai="43,45,50,60,61" m="1065,37482,44106" machi="43" ten="30,1000,0" yaku="11,1" doraHai="80" who="3" fromWho="1" sc="210,0,355,-16,195,0,230,26" /><INIT seed="3,0,0,5,1,47" ten="210,339,195,256" oya="3" hai0="25,112,80,99,14,30,98,22,74,69,119,23,91" hai1="110,11,85,62,24,15,36,77,72,103,37,71,21" hai2="53,104,82,49,33,97,67,96,88,111,42,76,26" hai3="121,10,108,54,93,35,13,100,114,128,28,52,2"/><W132/><G114/><T17/><D119/><U6/><E110/><V102/><F111/><W94/><G121/><T130/><D69/><U9/><E72/><V84/><F67/><W57/><G108/><T92/><D130/><U86/><E103/><V19/><F42/><W40/><G2/><T70/><D70/><U122/><E122/><V87/><F97/><W3/><G3/><T117/><D117/><U125/><E125/><V20/><F33/><W32/><G132/><T61/><D112/><U8/><E37/><V106/><F96/><W0/><G0/><T120/><D120/><U51/><E36/><V123/><F102/><W109/><G128/><T95/><D61/><U45/><E62/><V59/><REACH who="2" step="1"/><F123/><REACH who="2" ten="210,339,185,256" step="2"/><W126/><G109/><T113/><D113/><U38/><E71/><V16/><F16/><W39/><G100/><T4/><D4/><U1/><E6/><V81/><AGARI ba="0,1" hai="19,20,26,49,53,59,76,81,82,84,87,88,104,106" machi="81" ten="20,8000,1" yaku="1,1,0,1,7,1,52,1,54,1,53,0" doraHai="47" doraHaiUra="34" who="2" fromWho="2" sc="210,-20,339,-20,185,90,256,-40" /><INIT seed="4,0,0,4,0,132" ten="190,319,275,216" oya="0" hai0="93,79,29,74,120,47,39,10,73,42,7,114,91" hai1="49,57,129,26,35,128,31,66,13,87,34,0,101" hai2="82,108,71,20,119,81,52,9,121,2,125,99,89" hai3="40,41,104,22,21,118,75,54,77,134,30,60,115"/><T56/><D120/><U109/><E109/><V110/><F71/><W4/><G104/><T45/><D114/><U16/><E0/><V83/><F121/><W86/><G118/><T78/><D29/><U46/><E101/><V36/><F36/><W67/><G75/><T90/><D56/><U103/><E103/><V11/><F20/><W105/><G105/><T58/><D58/><U32/><E87/><V113/><F2/><W15/><G134/><T33/><D33/><U63/><E129/><V106/><F106/><W65/><G115/><T84/><D47/><U64/><E64/><V96/><F113/><W88/><G77/><T70/><D70/><U117/><E117/><V37/><F37/><W50/><G4/><T85/><D74/><U76/><E76/><V80/><F119/><W8/><G22/><T72/><D72/><U123/><E128/><V95/><F99/><W44/><G67/><T19/><D19/><U68/><E68/><V28/><F28/><W27/><G15/><T5/><D5/><U130/><E130/><V43/><F43/><W135/><G8/><T24/><D24/><U127/><E123/><V51/><N who="2" m="20480" /><DORA hai="14" /><V62/><F62/><W122/><G122/><T18/><D18/><U116/><E116/><V102/><F102/><W53/><G41/><T12/><REACH who="0" step="1"/><D73/><REACH who="0" ten="180,319,275,216" step="2"/><U69/><E69/><V107/><F110/><W131/><G131/><T17/><D17/><U92/><E35/><V112/><F112/><W6/><G6/><T124/><D124/><U59/><E127/><V98/><F125/><W97/><G135/><T94/><AGARI ba="0,1" hai="7,10,12,39,42,45,78,79,84,85,90,91,93,94" machi="94" ten="20,18000,2" yaku="1,1,5,1,0,1,7,1,9,1,53,1" doraHai="132,14" doraHaiUra="38,61" who="0" fromWho="0" sc="180,190,319,-60,275,-60,216,-60" /><INIT seed="4,1,0,5,3,109" ten="370,259,215,156" oya="0" hai0="122,74,113,91,47,95,75,4,120,35,101,2,82" hai1="81,133,58,19,26,53,22,38,33,108,1,102,24" hai2="125,86,18,107,97,90,56,57,104,25,16,39,119" hai3="121,85,44,21,49,60,28,7,59,36,6,135,112"/><T64/><D35/><U31/><E108/><V100/><F39/><W12/><G36/><T8/><D64/><U71/><E133/><V127/><F107/><W79/><G135/><T105/><D74/><U103/><E71/><V5/><F5/><W66/><G121/><T129/><D129/><U13/><E1/><V20/><F119/><W37/><G37/><T124/><D47/><U10/><E81/><V73/><F73/><W40/><G112/><T118/><D124/><N who="2" m="47690" /><F18/><W78/><G85/><N who="0" m="52719" /><D113/><U92/><E92/><AGARI ba="1,0" hai="16,20,25,56,57,86,90,92,97,100,104" m="47690" machi="92" ten="30,2000,0" yaku="18,1,54,1" doraHai="109" who="2" fromWho="1" sc="370,0,259,-23,215,23,156,0" /><INIT seed="5,0,0,2,1,37" ten="370,236,238,156" oya="1" hai0="67,58,118,94,113,119,35,57,11,105,110,74,92" hai1="44,45,100,12,135,123,6,79,72,0,89,75,29" hai2="36,108,104,25,16,133,50,99,56,134,55,112,40" hai3="98,3,114,53,8,66,60,33,17,48,131,85,129"/><U43/><E123/><V32/><F108/><W15/><G33/><T49/><D35/><U1/><E135/><N who="2" m="51723" /><F112/><W9/><G114/><T41/><D105/><U2/><E100/><N who="2" m="62495" /><F32/><W34/><G34/><T125/><D74/><U64/><E29/><V80/><F80/><W65/><G98/><T128/><D92/><U62/><E79/><V51/><F36/><W77/><G77/><T38/><D94/><U132/><E132/><V91/><F91/><W87/><G3/><T19/><D38/><U76/><E89/><V116/><F116/><W124/><G124/><T31/><D125/><U84/><E84/><V111/><F111/><W93/><G93/><T88/><D88/><U121/><E121/><V24/><F16/><W61/><G17/><T83/><D19/><U81/><E72/><V97/><F97/><W115/><G115/><T5/><D83/><U27/><E27/><V95/><F95/><W47/><G85/><T59/><D110/><U103/><E103/><V73/><F73/><W69/><G87/><T70/><D113/><U68/><E6/><V23/><F23/><W14/><G8/><T21/><D11/><U26/><E26/><V18/><F18/><W86/><G86/><T10/><D10/><U90/><E90/><V30/><F30/><W46/><G9/><T42/><D5/><U54/><E12/><V63/><F63/><W101/><G101/><T126/><D31/><U109/><E109/><V82/><F82/><W107/><G107/><T122/><D118/><U127/><E127/><V28/><F28/><W39/><G14/><T96/><D126/><RYUUKYOKU ba="0,0" sc="370,-10,236,-10,238,30,156,-10" hai2="24,25,40,50,51,55,56" /><INIT seed="6,1,0,5,2,47" ten="360,226,268,146" oya="2" hai0="13,37,122,121,42,91,92,118,28,124,65,48,7" hai1="102,106,8,21,74,19,79,49,59,82,29,32,81" hai2="113,120,87,116,52,127,83,40,108,10,130,85,23" hai3="129,9,41,115,18,53,110,31,117,78,26,33,67"/><V88/><F116/><W128/><G78/><T58/><D28/><U97/><E82/><V20/><F120/><W34/><G67/><T15/><D15/><U44/><E59/><V0/><F113/><W125/><G41/><T62/><D124/><U12/><E32/><V77/><F127/><W66/><G125/><T50/><D50/><U71/><E71/><V11/><F40/><W123/><G66/><T25/><D25/><U63/><E63/><V101/><F101/><W104/><G104/><T46/><D118/><U133/><E133/><V94/><F130/><N who="3" m="50283" /><G117/><T3/><D3/><U112/><E112/><V54/><F108/><W135/><G53/><N who="2" m="20585" /><F0/><W39/><G39/><T45/><D37/><U100/><E100/><V126/><F126/><W6/><G115/><T105/><D105/><U56/><E56/><V80/><F94/><W57/><G57/><T131/><D131/><U4/><E29/><V75/><F75/><W89/><G123/><T43/><D121/><U30/><E30/><V134/><F134/><W93/><G110/><T90/><D92/><U76/><E74/><V99/><F99/><N who="3" m="57775" /><G135/><T14/><D122/><U119/><E119/><V109/><F109/><W22/><G31/><T5/><D58/><U84/><E84/><V132/><F132/><W61/><G61/><T1/><D62/><U68/><E68/><V114/><F114/><W24/><G33/><T98/><D65/><U38/><E38/><V73/><F73/><W70/><G70/><T64/><D64/><U107/><E107/><V103/><F103/><W95/><G34/><T72/><D72/><RYUUKYOKU ba="1,0" sc="360,-10,226,-10,268,30,146,-10" hai2="10,11,20,23,77,80,83,85,87,88" /><INIT seed="6,2,0,3,1,114" ten="350,216,298,136" oya="2" hai0="54,109,104,8,41,117,48,14,89,23,70,72,17" hai1="134,1,13,12,122,2,6,42,26,71,10,55,40" hai2="62,77,75,66,59,78,128,79,64,102,33,101,127" hai3="115,76,80,49,5,51,93,81,92,88,4,74,132"/><V90/><F33/><W120/><G120/><T108/><D70/><U121/><E71/><V65/><F75/><W61/><G132/><T119/><D104/><U36/><E36/><V111/><F127/><W125/><G125/><T82/><D41/><U98/><E134/><V19/><F128/><W68/><G115/><T7/><D72/><U113/><E113/><V97/><F111/><W57/><G68/><T38/><D38/><U100/><E26/><V106/><F102/><W43/><G81/><T9/><D89/><U84/><E84/><V87/><REACH who="2" step="1"/><F19/><REACH who="2" ten="350,216,288,136" step="2"/><W110/><G110/><T32/><D32/><U27/><E100/><V31/><F31/><W30/><G30/><T126/><D126/><U94/><E122/><V67/><F67/><W123/><G123/><T45/><D108/><U34/><E34/><V83/><AGARI ba="2,1" hai="59,62,64,65,66,77,78,79,83,87,90,97,101,106" machi="83" ten="30,6000,0" yaku="1,1,0,1,53,1" doraHai="114" doraHaiUra="58" who="2" fromWho="2" sc="350,-22,216,-22,288,76,136,-22" /><INIT seed="6,3,0,1,3,48" ten="328,194,364,114" oya="2" hai0="12,116,127,70,120,30,113,104,65,100,45,51,105" hai1="19,0,62,55,106,84,111,1,44,96,47,129,35" hai2="131,95,135,128,34,90,68,133,75,36,72,59,11" hai3="2,123,31,54,42,25,18,57,13,10,83,21,115"/><V5/><F68/><W85/><G123/><T26/><D120/><U33/><E111/><V49/><F36/><W112/><G42/><T99/><D113/><U16/><E84/><V74/><F34/><W37/><G37/><T103/><D127/><U8/><E62/><V108/><F11/><W4/><G85/><T24/><D12/><U6/><E129/><N who="2" m="49739" /><F5/><W89/><G89/><T39/><D39/><U52/><E8/><V117/><F59/><W80/><G80/><T60/><D116/><U40/><E40/><V79/><F49/><W15/><G83/><T94/><D26/><U20/><E6/><V73/><F108/><W41/><G41/><T78/><D78/><U110/><E110/><V14/><F14/><W50/><REACH who="3" step="1"/><G13/><REACH who="3" ten="328,194,364,104" step="2"/><T3/><D3/><U93/><E96/><N who="2" m="57463" /><F117/><W66/><G66/><T92/><D65/><U32/><E0/><V97/><F97/><W91/><G91/><T43/><D99/><U118/><E1/><V101/><F101/><W88/><G88/><T126/><D100/><U125/><E118/><V98/><F98/><W23/><AGARI ba="3,1" hai="2,4,10,15,18,21,23,25,31,50,54,57,112,115" machi="23" ten="30,4000,0" yaku="1,1,0,1,52,1,53,0" doraHai="48" doraHaiUra="87" who="3" fromWho="3" sc="328,-13,194,-13,364,-23,104,59" /><INIT seed="7,0,0,4,2,73" ten="315,181,341,163" oya="3" hai0="96,92,10,20,93,42,46,11,48,55,94,81,107" hai1="15,63,37,133,64,109,22,102,13,124,98,19,17" hai2="38,40,56,120,16,49,68,47,106,121,131,118,135" hai3="74,116,61,6,85,27,122,119,71,77,3,58,82"/><W18/><G122/><N who="2" m="47209" /><F135/><W97/><G71/><T33/><D33/><U79/><E133/><V34/><F131/><W4/><G74/><T115/><D107/><U114/><E109/><V100/><F68/><W7/><G3/><T80/><D115/><U8/><E114/><V53/><F34/><W108/><G108/><T59/><D96/><U52/><E124/><V113/><F113/><W31/><G18/><T43/><D43/><U26/><E37/><V65/><F65/><W111/><G111/><T9/><REACH who="0" step="1"/><D20/><REACH who="0" ten="305,181,341,163" step="2"/><U23/><E23/><V91/><F118/><W75/><G97/><T57/><D57/><U83/><E98/><N who="2" m="61719" /><F91/><W12/><G12/><T44/><D44/><U123/><E15/><V2/><F2/><W67/><REACH who="3" step="1"/><G75/><REACH who="3" ten="305,181,341,153" step="2"/><T62/><AGARI ba="0,2" hai="9,10,11,42,46,48,55,59,62,80,81,92,93,94" machi="62" ten="30,4000,0" yaku="1,1,0,1,8,1,53,0" doraHai="73" doraHaiUra="14" who="0" fromWho="0" sc="305,60,181,-10,341,-10,153,-20" owari="365,47.0,171,-23.0,331,13.0,133,-37.0" /></mjloggm>