<mjloggm ver="2.3"><GO type="169" lobby="0"/><UN n0="%44%2D%4C%65%61%72%6E" n1="%E3%83%88%E3%83%88%E3%83%AA%E5%85%88%E7%94%9F%31%39%E6%AD%B3" n2="%E7%BD%B5%E3%81%A3%E3%81%A6%EF%BC%81%E3%82%82%E3%81%A3%E3%81%A8%EF%BC%81" n3="%73%68%6F%67%6F%6F" dan="16,19,16,17" rate="2056.63,2292.27,2139.63,2152.81" sx="M,F,F,M"/><TAIKYOKU oya="0"/><INIT seed="0,0,0,2,2,14" ten="250,250,250,250" oya="0" hai0="126,7,13,0,44,105,24,98,31,132,79,90,104" hai1="53,110,49,11,74,48,26,119,75,118,16,102,68" hai2="107,8,125,77,51,80,135,6,124,131,39,52,10" hai3="121,89,95,3,60,50,54,123,63,29,5,20,93"/><T134/><D0/><U91/><E68/><V72/><F39/><W55/><G5/><T19/><D7/><U15/><E110/><V4/><F107/><W70/><G3/><T71/><D71/><U64/><E64/><V114/><F114/><W21/><G70/><T67/><D67/><U34/><E102/><V117/><F135/><N who="0" m="51754" /><D79/><U96/><E49/><V94/><F131/><W120/><G29/><T103/><D126/><N who="2" m="48746" /><F117/><W87/><G95/><N who="0" m="58847" /><D44/><U18/><E118/><V38/><F38/><W81/><G81/><T116/><D90/><U101/><E91/><V42/><F42/><W40/><G40/><T61/><D61/><N who="3" m="23625" /><G55/><T27/><D116/><U83/><E119/><V84/><F4/><W76/><G76/><T88/><D27/><U30/><E83/><N who="2" m="45479" /><F94/><W133/><G133/><T66/><D66/><U100/><E74/><V122/><F6/><W62/><N who="3" m="23633" /><W36/><DORA hai="115" /><G36/><T106/><D88/><U130/><E75/><V109/><F109/><W32/><G32/><N who="0" m="20583" /><D105/><U1/><E1/><V112/><F112/><W129/><G129/><T9/><AGARI ba="0,0" hai="9,13,19,104,106" m="20583,58847,51754" machi="9" ten="30,3000,0" yaku="20,1,52,1" doraHai="14,115" who="0" fromWho="0" sc="250,30,250,-10,250,-10,250,-10" /><INIT seed="0,1,0,1,2,25" ten="280,240,240,240" oya="0" hai0="107,82,64,52,17,5,4,11,16,86,103,1,119" hai1="10,33,57,118,133,130,72,117,122,109,85,40,98" hai2="38,26,108,54,106,99,75,79,7,37,88,121,27" hai3="31,50,69,129,0,65,87,28,71,58,80,134,96"/><T47/><D119/><U128/><E72/><V14/><F121/><W48/><G0/><T78/><D64/><U110/><E40/><V113/><F113/><W22/><G134/><T92/><D107/><U43/><E43/><V15/><F108/><N who="1" m="41577" /><E57/><V77/><F54/><N who="3" m="32071" /><G69/><T19/><D5/><U100/><E10/><V83/><F106/><W120/><G71/><T91/><D103/><U74/><E33/><V68/><F68/><W51/><G120/><T60/><D60/><U12/><E12/><V13/><F7/><W34/><G34/><T125/><D125/><U73/><E122/><V53/><F53/><W24/><G65/><T127/><D127/><U36/><E36/><V90/><F99/><W104/><G104/><T32/><D32/><U6/><E6/><V8/><F8/><W67/><G67/><T44/><REACH who="0" step="1"/><D52/><REACH who="0" ten="270,240,240,240" step="2"/><U97/><E100/><V20/><F20/><W56/><G22/><T66/><D66/><U131/><E118/><V114/><F114/><W101/><G56/><T46/><D46/><U116/><E117/><V89/><F79/><W63/><G101/><T84/><AGARI ba="1,1" hai="1,4,11,16,17,19,44,47,78,82,84,86,91,92" machi="84" ten="30,6000,0" yaku="1,1,0,1,54,1,53,0" doraHai="25" doraHaiUra="115" who="0" fromWho="0" sc="270,73,240,-21,240,-21,240,-21" /><INIT seed="0,2,0,2,4,56" ten="343,219,219,219" oya="0" hai0="94,98,19,82,96,25,49,93,107,74,110,70,71" hai1="69,120,26,109,75,43,119,21,102,81,28,42,8" hai2="3,55,85,64,103,135,54,10,53,106,17,80,38" hai3="14,90,16,37,105,65,32,130,115,46,134,45,63"/><T132/><D107/><U57/><E119/><V88/><F38/><W100/><G115/><T9/><D132/><U27/><E120/><V39/><F39/><W79/><G134/><T67/><D110/><U78/><E69/><V6/><F135/><W62/><G32/><T40/><D40/><U129/><E109/><V13/><F64/><W118/><G118/><T89/><D49/><U112/><E112/><V76/><F76/><W99/><G130/><T114/><D114/><U66/><E129/><V29/><F29/><W15/><G79/><T73/><D82/><U44/><E44/><V61/><F103/><W0/><G0/><T127/><D127/><U68/><E68/><V95/><F106/><W122/><G122/><T133/><D133/><U31/><E8/><V84/><F61/><W104/><G104/><T117/><D117/><U51/><E102/><V86/><REACH who="2" step="1"/><F80/><REACH who="2" ten="343,219,209,219" step="2"/><W18/><G37/><T91/><D67/><U34/><E51/><V92/><F92/><N who="3" m="56727" /><G105/><T41/><D94/><U2/><E81/><V12/><F12/><N who="3" m="4651" /><G100/><T4/><D93/><U60/><E2/><V22/><AGARI ba="2,1" hai="3,6,10,13,17,22,53,54,55,84,85,86,88,95" machi="22" ten="30,4000,0" yaku="1,1,0,1,54,1,53,0" doraHai="56" doraHaiUra="113" who="2" fromWho="2" sc="343,-22,219,-12,209,56,219,-12" /><INIT seed="1,0,0,1,2,59" ten="321,207,265,207" oya="1" hai0="63,10,64,95,125,41,65,98,113,3,18,129,97" hai1="13,71,29,5,22,94,12,17,44,74,91,115,21" hai2="51,88,42,87,73,116,27,83,118,93,50,19,45" hai3="102,56,128,0,67,86,134,1,70,36,110,108,32"/><U61/><E115/><V43/><F73/><W121/><G121/><T33/><D113/><U75/><E44/><N who="2" m="25879" /><F118/><W66/><G36/><T76/><D129/><U124/><E124/><V104/><F104/><W39/><G128/><T69/><D33/><U53/><E5/><V99/><F116/><W82/><G39/><T96/><D41/><U92/><E92/><V23/><F83/><W68/><G32/><T109/><D109/><N who="3" m="42089" /><G102/><T9/><D125/><U37/><E37/><V111/><F111/><W107/><G107/><T16/><D76/><U57/><E71/><N who="3" m="27178" /><G134/><T31/><D65/><N who="3" m="24585" /><G56/><T123/><D123/><U40/><E40/><V135/><F135/><W80/><G86/><AGARI ba="0,0" hai="19,23,27,43,45,51,86,87,88,93,99" m="25879" machi="86" ten="30,2000,0" yaku="8,1,54,1" doraHai="59" who="2" fromWho="3" sc="321,0,207,0,265,20,207,-20" /><INIT seed="2,0,0,3,3,135" ten="321,207,285,187" oya="2" hai0="125,58,131,89,122,124,70,48,37,120,126,113,99" hai1="94,49,30,114,63,0,64,36,105,29,103,134,21" hai2="57,1,5,39,69,18,71,115,11,92,35,45,82" hai3="75,100,6,43,111,109,14,41,9,15,119,127,91"/><V25/><F115/><W16/><G119/><T87/><D113/><U67/><E36/><V32/><F92/><W117/><G117/><T44/><D70/><U102/><E0/><V118/><F118/><W34/><G75/><T132/><D132/><U13/><E114/><V80/><F57/><W65/><G34/><T88/><D131/><U110/><E134/><V19/><F71/><W128/><G128/><T74/><D74/><U27/><E110/><N who="3" m="41994" /><G100/><T50/><D37/><U96/><E29/><V46/><F69/><W10/><G127/><T62/><D99/><U79/><E79/><V130/><F130/><W108/><N who="3" m="42002" /><W56/><DORA hai="20" /><G91/><N who="0" m="34891" /><D87/><U95/><E102/><V77/><F82/><W12/><G12/><T93/><D93/><U54/><E13/><V81/><F80/><W85/><G85/><T78/><D78/><U4/><E94/><V76/><F76/><W104/><G104/><T73/><D73/><U98/><E98/><V47/><F39/><W51/><G51/><N who="0" m="19499" /><D44/><U23/><E105/><V33/><F77/><W7/><G7/><T42/><D42/><U101/><E4/><V97/><F97/><W106/><G106/><T84/><D84/><U86/><E86/><V60/><F81/><W121/><G121/><T26/><D26/><N who="1" m="16719" /><E103/><V8/><F25/><W52/><G41/><T133/><D133/><U72/><E72/><V17/><REACH who="2" step="1"/><F60/><REACH who="2" ten="321,207,275,187" step="2"/><N who="3" m="35847" /><G43/><T61/><D62/><U112/><E63/><V3/><F3/><W38/><G38/><T31/><D31/><N who="1" m="17919" /><E112/><V129/><F129/><W28/><G28/><T2/><D2/><U59/><AGARI ba="0,1" hai="49,54,59,64,67,95,96,101" m="17919,16719" machi="59" ten="30,7900,0" yaku="5,1,8,1,52,2" doraHai="135,20" who="1" fromWho="1" sc="321,-20,207,89,275,-39,187,-20" /><INIT seed="3,0,0,1,4,115" ten="301,296,236,167" oya="3" hai0="116,124,100,42,50,88,113,130,122,47,17,28,2" hai1="63,3,67,74,52,6,72,96,104,61,0,25,43" hai2="35,84,85,55,60,94,40,82,93,92,8,27,36" hai3="112,39,77,65,135,53,64,134,48,62,114,109,34"/><W22/><G34/><T70/><D122/><U107/><E43/><V59/><F8/><W105/><G105/><T13/><D2/><U81/><E6/><V125/><F125/><W24/><G77/><T45/><D124/><U106/><E96/><V87/><F36/><W30/><G39/><T95/><D70/><U19/><E19/><V23/><F40/><W131/><G131/><T33/><D130/><U1/><E25/><V83/><REACH who="2" step="1"/><F35/><REACH who="2" ten="301,296,226,167" step="2"/><W97/><G112/><T4/><D33/><U121/><E121/><V128/><F128/><W21/><G114/><T18/><D42/><U73/><E67/><V78/><F78/><W11/><G11/><T110/><D113/><U29/><E29/><AGARI ba="0,1" hai="23,27,29,55,59,60,82,83,84,85,87,92,93,94" machi="29" ten="40,8000,1" yaku="1,1,8,1,53,3" doraHai="115" doraHaiUra="80" who="2" fromWho="1" sc="301,0,296,-80,226,90,167,0" /><INIT seed="4,0,0,5,5,92" ten="301,216,316,167" oya="0" hai0="80,54,28,47,34,50,95,133,36,62,6,125,52" hai1="15,124,117,87,1,30,17,74,13,19,11,23,99" hai2="120,20,9,73,112,70,38,115,90,78,71,128,46" hai3="60,57,105,33,37,127,75,111,31,25,69,101,12"/><T39/><D125/><U72/><E117/><V5/><F120/><W89/><G111/><T16/><D133/><U14/><E124/><V64/><F128/><W84/><G127/><T119/><D6/><U98/><E1/><N who="2" m="175" /><F20/><W104/><G75/><T113/><D119/><U97/><E30/><V130/><F90/><W66/><G37/><T53/><D113/><N who="2" m="43594" /><F64/><W81/><G12/><T110/><D110/><U82/><REACH who="1" step="1"/><E15/><REACH who="1" ten="301,206,316,167" step="2"/><V129/><F129/><W22/><G33/><T35/><D35/><U68/><E68/><V26/><F130/><W91/><G69/><T107/><D28/><U116/><E116/><V85/><F71/><W55/><G66/><T61/><D34/><U49/><E49/><V123/><F70/><W3/><G3/><T44/><D39/><U48/><E48/><V83/><F38/><W86/><REACH who="3" step="1"/><G101/><REACH who="3" ten="301,206,316,157" step="2"/><T118/><D36/><U0/><E0/><V29/><F123/><W103/><G103/><T21/><D118/><U63/><E63/><V32/><F32/><W18/><G18/><T2/><D2/><U134/><E134/><V96/><F29/><W42/><G42/><T106/><D61/><U67/><E67/><V77/><F26/><W76/><G76/><AGARI ba="0,2" hai="11,13,14,17,19,23,72,74,76,82,87,97,98,99" machi="76" ten="40,8000,1" yaku="1,1,52,3,53,1" doraHai="92" doraHaiUra="4" who="1" fromWho="3" sc="301,0,206,100,316,0,157,-80" /><INIT seed="5,0,0,2,4,24" ten="301,306,316,77" oya="1" hai0="113,32,95,99,53,125,112,47,50,87,1,126,122" hai1="104,29,98,129,25,135,6,93,46,4,59,57,45" hai2="86,77,52,56,121,5,16,0,111,28,22,48,120" hai3="49,108,30,34,26,106,118,91,31,68,89,81,36"/><U79/><E104/><V13/><F111/><W76/><G108/><T38/><D1/><U132/><E79/><V131/><F131/><W114/><G106/><T15/><D122/><U39/><E129/><V23/><F0/><W19/><G36/><T127/><D32/><U37/><E93/><V42/><F5/><N who="1" m="2153" /><E98/><V61/><F77/><W90/><G68/><T117/><D117/><U69/><E69/><V55/><F42/><W10/><G118/><T100/><D38/><N who="1" m="14347" /><E25/><V88/><F23/><N who="3" m="13695" /><G34/><T110/><D110/><U102/><E29/><N who="3" m="10762" /><G114/><T43/><D43/><U54/><E102/><V119/><F28/><W18/><G49/><T75/><D75/><U71/><E71/><V2/><F2/><W115/><G115/><T35/><D35/><U11/><E11/><V66/><F119/><W84/><G18/><T64/><D112/><U97/><E97/><V60/><F60/><W133/><G133/><N who="1" m="51274" /><E59/><N who="2" m="33159" /><F66/><W51/><G51/><AGARI ba="0,0" hai="45,46,51,54,57" m="51274,14347,2153" machi="51" ten="30,1500,0" yaku="20,1" doraHai="24" who="1" fromWho="3" sc="301,0,306,15,316,0,77,-15" /><INIT seed="5,1,0,4,1,37" ten="301,321,316,62" oya="1" hai0="91,125,96,83,41,21,48,43,54,8,107,119,84" hai1="35,73,114,93,63,26,74,115,108,18,38,95,80" hai2="19,111,118,134,82,23,27,81,16,9,120,113,103" hai3="76,25,12,50,44,17,32,85,39,68,28,65,92"/><U116/><E116/><V33/><F120/><W58/><G39/><T24/><D119/><U64/><E38/><V1/><F118/><W36/><G36/><T123/><D125/><U6/><E6/><V22/><F111/><W45/><G68/><T106/><D123/><U51/><E108/><V7/><F134/><W102/><G44/><T101/><D8/><U110/><E110/><V88/><F113/><N who="1" m="43017" /><E51/><V57/><F33/><W55/><G76/><T132/><D106/><U97/><E80/><V52/><F103/><W59/><G65/><T117/><D132/><U112/><E93/><V100/><F100/><W78/><G78/><T34/><D34/><U75/><E112/><V72/><F72/><W94/><G94/><T87/><D87/><U124/><E124/><V40/><F40/><W14/><G14/><T130/><D130/><U131/><E131/><V56/><F88/><W31/><G31/><T20/><D117/><U5/><E5/><V4/><F4/><W129/><G129/><T61/><D61/><U121/><E121/><V42/><F42/><W3/><G3/><T29/><REACH who="0" step="1"/><D21/><REACH who="0" ten="291,321,316,62" step="2"/><N who="1" m="13623" /><E35/><V127/><F127/><W77/><G77/><T109/><D109/><U46/><E74/><V79/><F79/><W62/><G62/><T0/><D0/><U128/><E128/><V89/><F23/><N who="3" m="11687" /><G85/><T49/><D49/><U104/><E104/><V47/><F1/><W90/><G90/><T10/><D10/><U30/><E75/><V53/><F9/><W71/><G71/><T66/><D66/><U2/><E73/><V86/><F86/><W126/><G126/><RYUUKYOKU ba="1,1" sc="291,15,321,-15,316,-15,62,15" hai0="20,24,29,41,43,48,54,83,84,91,96,101,107" hai3="25,28,32,45,50,55,58,59,92,102" /><INIT seed="6,2,1,2,0,100" ten="306,306,301,77" oya="2" hai0="69,65,108,12,6,88,46,36,31,50,110,40,75" hai1="3,85,7,4,131,98,2,89,128,116,117,58,94" hai2="104,107,95,13,71,133,9,83,27,34,91,84,135" hai3="21,32,78,39,11,48,68,127,64,111,38,124,41"/><V22/><F34/><W123/><G32/><T47/><D75/><U74/><E74/><V33/><F33/><W8/><G111/><T1/><D1/><N who="1" m="11" /><E58/><V134/><F71/><W80/><G123/><T105/><D31/><U43/><E43/><V93/><F93/><W17/><G39/><T70/><D105/><U42/><E42/><V92/><F92/><W120/><G120/><T109/><D88/><U5/><E85/><N who="2" m="52719" /><F22/><W76/><G38/><T14/><D6/><U52/><E52/><V82/><F27/><W57/><G68/><T51/><D36/><U87/><E87/><V72/><F72/><W86/><G76/><T130/><D109/><U18/><E18/><N who="2" m="8495" /><F82/><W55/><G41/><T37/><D40/><U63/><E63/><V56/><F56/><W30/><G64/><T121/><D37/><U81/><E81/><V67/><F67/><W49/><G49/><T15/><D65/><U53/><E53/><V97/><F97/><W96/><G96/><T59/><D121/><U45/><E45/><N who="0" m="16905" /><D108/><U24/><E24/><V118/><F118/><W66/><G66/><T28/><D110/><U106/><E106/><V79/><AGARI ba="2,1" hai="79,83,84,104,107,133,134,135" m="8495,52719" machi="79" ten="30,6000,0" yaku="20,1,52,2" doraHai="100" who="2" fromWho="2" sc="306,-22,306,-22,301,76,77,-22" /><INIT seed="6,3,0,4,1,123" ten="284,284,377,55" oya="2" hai0="22,2,37,70,24,74,111,12,61,65,125,11,4" hai1="64,55,81,107,126,3,9,69,26,36,88,39,29" hai2="49,96,77,100,92,43,15,72,118,87,63,82,117" hai3="109,33,95,67,19,90,7,83,68,89,40,122,76"/><V23/><F63/><W0/><G122/><T45/><D125/><U44/><E107/><V14/><F72/><W53/><G33/><T115/><D115/><U20/><E126/><V80/><F80/><W34/><G34/><T28/><D74/><U130/><E130/><V128/><F128/><W13/><G40/><T16/><D45/><U46/><E64/><V132/><F132/><W59/><G109/><T106/><D106/><U127/><E69/><V102/><F102/><W78/><G67/><T50/><D50/><U8/><E127/><V129/><F129/><W10/><G68/><T114/><D114/><U104/><E104/><V71/><F71/><W6/><G6/><T30/><D30/><U119/><E3/><V38/><F38/><W56/><G56/><T32/><D37/><U103/><E103/><V52/><F43/><W93/><G83/><T48/><D48/><N who="1" m="29063" /><E119/><V135/><F135/><W85/><G7/><T84/><D84/><N who="1" m="50191" /><E39/><V133/><F133/><W91/><G0/><T116/><D116/><U58/><E36/><V121/><F121/><W35/><G35/><T112/><D112/><U51/><E58/><N who="2" m="33039" /><F118/><W18/><G18/><T73/><D73/><U5/><E5/><V124/><F117/><W25/><G25/><T62/><D61/><U99/><E99/><V101/><F101/><W86/><REACH who="3" step="1"/><G91/><REACH who="3" ten="284,284,377,45" step="2"/><T42/><D42/><AGARI ba="3,1" hai="8,9,20,26,29,42,46,51" m="50191,29063" machi="42" ten="30,2000,0" yaku="8,1,54,1" doraHai="123" who="1" fromWho="0" sc="284,-29,284,39,377,0,45,0" /><INIT seed="7,0,0,0,4,44" ten="255,323,377,45" oya="3" hai0="14,107,123,131,80,20,13,87,78,5,125,96,65" hai1="115,122,86,10,76,26,45,81,11,60,70,51,99" hai2="27,84,28,121,36,129,4,7,52,98,8,30,92" hai3="128,135,68,59,16,103,18,88,31,95,61,105,73"/><W48/><G73/><T2/><D123/><U21/><E122/><V130/><F121/><W100/><G68/><T82/><D131/><N who="2" m="50186" /><F36/><W62/><G128/><T133/><D125/><U97/><E115/><V120/><F120/><W83/><G135/><T77/><D65/><U102/><E60/><N who="3" m="23146" /><G105/><T42/><D42/><U118/><E70/><V116/><F116/><W109/><G109/><T64/><D64/><U15/><E118/><V1/><F4/><W58/><G31/><T38/><D38/><U12/><E12/><V106/><F52/><N who="3" m="32007" /><G59/><T34/><D34/><U119/><E11/><V67/><F67/><W75/><G75/><T127/><D2/><U132/><E102/><N who="3" m="38954" /><G83/><T25/><D133/><U110/><E110/><V35/><F30/><W101/><N who="3" m="38962" /><W69/><DORA hai="117" /><G69/><T56/><D56/><U93/><E119/><V113/><F106/><W71/><G71/><T43/><D107/><U55/><E132/><V112/><F112/><W29/><G29/><T33/><D33/><U63/><E63/><V23/><F113/><W89/><G89/><T53/><D82/><U85/><E81/><V32/><F32/><W94/><G94/><T3/><D3/><U72/><E93/><V66/><F35/><W90/><G90/><T50/><D80/><U49/><E72/><V74/><F74/><W134/><G134/><T37/><D37/><U124/><E45/><V0/><F66/><W57/><G57/><T111/><D111/><U126/><E124/><V91/><F0/><W19/><G19/><T79/><D127/><U9/><E126/><V17/><F28/><RYUUKYOKU ba="0,0" sc="255,-15,323,-15,377,15,45,15" hai2="1,7,8,17,23,27,84,91,92,98" hai3="16,18,88,95" /><INIT seed="7,1,0,4,2,127" ten="240,308,392,60" oya="3" hai0="135,35,102,29,6,85,105,32,38,15,42,46,94" hai1="17,57,54,108,66,43,11,39,58,71,25,51,123" hai2="118,21,88,40,36,84,49,22,97,61,122,30,10" hai3="8,81,31,45,0,64,26,13,104,33,24,63,92"/><W27/><G104/><T86/><D135/><U132/><E108/><V60/><F118/><W50/><G0/><T77/><D105/><U76/><E132/><V73/><F73/><W106/><G106/><T69/><D69/><U72/><E123/><V128/><F36/><W4/><G92/><T83/><D29/><U14/><E72/><V95/><F128/><W74/><G74/><T78/><D102/><U47/><E76/><V68/><F68/><W82/><G33/><T116/><D116/><U110/><E110/><V53/><F40/><W5/><G5/><T23/><D23/><N who="2" m="8714" /><F30/><W126/><G31/><T109/><D109/><U87/><E87/><V65/><F65/><W18/><G126/><T41/><D41/><U55/><E25/><V62/><F10/><W131/><G131/><T113/><D113/><U28/><E28/><V1/><F1/><W67/><G4/><T100/><D100/><U89/><E71/><V114/><F114/><W34/><G34/><T134/><D134/><U133/><E66/><V96/><F122/><W2/><G2/><T90/><D78/><U75/><E75/><V19/><F19/><W117/><G117/><T44/><D44/><AGARI ba="1,0" hai="44,49,53,60,61,62,84,88,95,96,97" m="8714" machi="44" ten="30,2000,0" yaku="8,1,54,1" doraHai="127" who="2" fromWho="0" sc="240,-23,308,0,392,23,60,0" owari="217,-18.0,308,11.0,415,51.0,60,-44.0" /></mjloggm>