<mjloggm ver="2.3"><GO type="169" lobby="0"/><UN n0="%6B%5F%6D%5F%62" n1="%E3%82%B7%E3%83%A5%E3%82%BF%E3%83%AB%E3%82%AF" n2="%46%41%4D" n3="%E3%83%88%E3%83%88%E3%83%AA%E5%85%88%E7%94%9F%31%39%E6%AD%B3" dan="17,18,16,19" rate="2151.02,2247.80,2097.55,2288.35" sx="M,M,M,F"/><TAIKYOKU oya="0"/><INIT seed="0,0,0,2,0,72" ten="250,250,250,250" oya="0" hai0="67,131,21,40,126,112,102,121,38,97,28,24,82" hai1="88,10,34,1,135,39,133,123,75,63,93,51,107" hai2="42,54,109,104,91,11,3,50,33,57,101,134,108" hai3="78,84,87,114,8,80,65,125,27,106,37,94,61"/><T118/><D121/><U6/><E39/><V14/><F3/><W56/><G114/><T48/><D118/><U83/><E107/><V79/><F33/><W113/><G113/><T100/><D38/><U58/><E34/><V71/><F71/><W128/><G106/><T4/><D112/><U92/><E51/><V17/><F42/><W103/><G37/><T35/><D126/><U73/><E123/><V31/><F31/><W117/><G128/><T19/><D67/><U81/><E93/><V130/><F130/><W99/><G125/><T124/><D124/><U0/><E0/><V5/><F17/><W77/><G117/><T15/><D131/><U52/><E75/><V90/><F79/><N who="3" m="46111" /><G87/><T96/><D82/><U47/><E47/><V26/><F26/><W111/><G111/><N who="2" m="42569" /><F134/><N who="1" m="51209" /><E73/><V127/><F127/><W18/><G8/><T36/><D36/><U23/><E23/><AGARI ba="0,0" hai="18,23,27,56,61,65,77,78,94,99,103" m="46111" machi="23" ten="30,7700,0" yaku="8,1,52,3" doraHai="72" who="3" fromWho="1" sc="250,0,250,-77,250,0,250,77" /><INIT seed="1,0,0,2,4,41" ten="250,173,250,327" oya="1" hai0="111,23,56,72,52,76,46,53,55,83,92,40,69" hai1="121,120,79,74,10,31,59,123,24,89,1,38,14" hai2="93,48,0,99,73,125,8,28,75,58,88,37,129" hai3="87,3,103,2,124,39,109,51,133,80,30,97,22"/><U122/><N who="1" m="30720" /><DORA hai="42" /><U82/><E1/><V112/><F37/><W104/><G39/><T34/><D34/><U98/><E38/><V47/><F28/><W106/><G106/><T36/><D111/><U12/><E59/><V16/><F129/><W100/><G100/><T67/><D92/><U131/><E131/><V18/><F58/><W135/><G109/><T119/><D119/><U115/><E115/><V102/><F125/><W94/><G104/><T117/><D117/><U105/><E10/><V101/><F75/><W11/><G124/><T21/><REACH who="0" step="1"/><D56/><REACH who="0" ten="240,173,250,327" step="2"/><U62/><E62/><AGARI ba="0,1" hai="21,23,36,40,46,52,53,55,62,67,69,72,76,83" machi="62" ten="40,8000,1" yaku="1,1,2,1,52,2,54,1,53,0" doraHai="41,42" doraHaiUra="95,26" who="0" fromWho="1" sc="240,90,173,-80,250,0,327,0" /><INIT seed="2,0,0,2,2,7" ten="330,93,250,327" oya="2" hai0="39,95,129,128,51,9,21,112,132,17,18,71,90" hai1="22,25,11,63,100,28,81,20,31,117,121,1,102" hai2="101,96,74,131,5,60,61,37,68,94,88,65,50" hai3="41,67,0,124,33,69,38,75,59,53,77,57,27"/><V83/><F37/><W135/><G135/><T99/><D112/><U93/><E117/><V86/><F131/><N who="0" m="50250" /><D39/><U91/><E121/><V78/><F50/><W43/><G124/><T89/><D71/><U29/><E81/><V105/><F5/><W118/><G118/><T107/><D107/><U8/><E1/><V73/><F73/><W26/><G33/><T54/><D132/><U45/><E45/><V108/><F60/><N who="3" m="40167" /><G27/><T15/><D89/><U92/><E63/><V97/><REACH who="2" step="1"/><F96/><REACH who="2" ten="330,93,240,327" step="2"/><W2/><G75/><T34/><D51/><U76/><E76/><V98/><F98/><W123/><G77/><T116/><D116/><U40/><E40/><V52/><F52/><W4/><G4/><T103/><D54/><U82/><E31/><V3/><F3/><W110/><G53/><T19/><D99/><U113/><E113/><V62/><F62/><W24/><G43/><T130/><D130/><U30/><E30/><V49/><F49/><W42/><G42/><T46/><D46/><U35/><E35/><V85/><F85/><W114/><G114/><T134/><D34/><U64/><E64/><V133/><F133/><W111/><G2/><T120/><D134/><U79/><E79/><V48/><F48/><W10/><G41/><T16/><D120/><U23/><E29/><V125/><F125/><W47/><G47/><T87/><D21/><N who="1" m="15407" /><E100/><AGARI ba="0,1" hai="9,15,16,17,18,19,87,90,95,100,103" m="50250" machi="100" ten="30,3900,0" yaku="19,1,52,1,54,1" doraHai="7" who="0" fromWho="1" sc="330,49,93,-39,240,0,327,0" /><INIT seed="3,0,0,1,2,67" ten="379,54,240,327" oya="3" hai0="78,28,71,107,64,53,22,133,100,2,35,95,36" hai1="52,37,30,109,20,5,119,77,65,103,117,134,69" hai2="63,128,70,61,121,132,97,113,11,106,6,130,42" hai3="94,125,112,120,98,91,81,102,33,17,90,79,118"/><W19/><G112/><T92/><D2/><U39/><E103/><N who="2" m="62831" /><F113/><W12/><G118/><N who="1" m="45066" /><E77/><V123/><F42/><W60/><G120/><N who="2" m="46153" /><F132/><W49/><G33/><T38/><D53/><U31/><E5/><V75/><F75/><W25/><G125/><T40/><D22/><U3/><E3/><N who="2" m="479" /><F61/><W0/><G0/><T47/><D78/><U50/><E134/><V88/><F88/><W21/><G60/><N who="0" m="40327" /><D38/><N who="1" m="14347" /><E20/><V27/><F27/><W104/><G49/><T80/><D133/><U122/><E122/><V115/><F115/><W74/><REACH who="3" step="1"/><G104/><REACH who="3" ten="379,54,240,317" step="2"/><T99/><D107/><U58/><E109/><V96/><F63/><AGARI ba="0,1" hai="30,31,50,52,58,63,65,69" m="14347,45066" machi="63" ten="30,3900,0" yaku="12,1,52,1,54,1" doraHai="67" who="1" fromWho="2" sc="379,0,54,49,240,-39,317,0" /><INIT seed="4,0,0,5,0,90" ten="379,103,201,317" oya="0" hai0="40,44,32,64,98,110,38,9,13,14,72,5,83" hai1="103,24,6,45,30,42,49,69,11,132,25,96,16" hai2="63,131,2,12,111,61,47,84,26,59,50,68,33" hai3="21,99,10,88,36,106,3,115,85,37,93,55,8"/><T19/><D32/><U119/><E119/><V89/><F2/><W70/><G70/><T27/><D110/><U20/><E132/><V134/><F111/><W125/><G115/><T58/><D27/><U71/><E6/><V107/><F107/><W94/><G106/><T22/><D98/><U66/><E66/><V0/><F0/><W127/><G55/><T57/><REACH who="0" step="1"/><D64/><REACH who="0" ten="369,103,201,317" step="2"/><U51/><E49/><V129/><F33/><W133/><G133/><T35/><D35/><U82/><E25/><V116/><F26/><W79/><G37/><T62/><D62/><U31/><E31/><V91/><F134/><W114/><G36/><T43/><D43/><U121/><E121/><V104/><F61/><W15/><G114/><T73/><D73/><U76/><E30/><V80/><F63/><W100/><G125/><T122/><D122/><U81/><E11/><V56/><F50/><W41/><G127/><T126/><D126/><U120/><E120/><V60/><F60/><W118/><G41/><T117/><D117/><U4/><E71/><V77/><F68/><W29/><G118/><T18/><D18/><U46/><E69/><V39/><F39/><W128/><G29/><T113/><D113/><U17/><E17/><V112/><F112/><W28/><G28/><T65/><D65/><U86/><E42/><V105/><F116/><W92/><G10/><T102/><D102/><U101/><E101/><V87/><F131/><W48/><G128/><T124/><D124/><U34/><E34/><V52/><F129/><W130/><G48/><T108/><D108/><U53/><E51/><RYUUKYOKU ba="0,1" sc="369,30,103,-10,201,-10,317,-10" hai0="5,9,13,14,19,22,38,40,44,57,58,72,83" /><INIT seed="4,1,1,5,1,43" ten="399,93,191,307" oya="0" hai0="58,11,71,115,114,21,124,92,44,52,53,113,84" hai1="36,123,95,35,110,99,125,2,121,64,1,77,42" hai2="65,93,17,79,56,22,40,117,128,49,15,38,9" hai3="63,81,82,4,18,46,66,122,89,126,34,50,12"/><T106/><D106/><U74/><E110/><V45/><F117/><W105/><G34/><T101/><D71/><U37/><E35/><V27/><F128/><W90/><G105/><T68/><D124/><U132/><E64/><V102/><F79/><W0/><G126/><T14/><D68/><U112/><E125/><V47/><F102/><W24/><G122/><T98/><D21/><U19/><E19/><V57/><F93/><W111/><G24/><T91/><D58/><U10/><E132/><V85/><F85/><W7/><G0/><T103/><D44/><N who="1" m="23623" /><E1/><V31/><REACH who="2" step="1"/><F65/><REACH who="2" ten="399,93,181,307" step="2"/><W72/><G66/><T87/><D84/><U127/><E127/><V51/><F51/><W75/><G75/><T23/><D87/><U13/><E37/><V108/><F108/><W130/><G130/><T76/><D76/><U86/><E86/><V131/><F131/><W62/><G72/><T48/><D48/><U120/><E95/><V20/><F20/><N who="3" m="11335" /><G111/><T55/><REACH who="0" step="1"/><D23/><REACH who="0" ten="389,93,181,307" step="2"/><U94/><E121/><V67/><F67/><W32/><G32/><T69/><D69/><U97/><E123/><V109/><F109/><W8/><G63/><T54/><N who="0" m="13312" /><DORA hai="6" /><T73/><D73/><U135/><E74/><V107/><F107/><W116/><G62/><T100/><D100/><U118/><E120/><V133/><F133/><W80/><G50/><T104/><D104/><U41/><E135/><V5/><F5/><AGARI ba="1,3" hai="5,11,14,91,92,98,101,103,113,114,115" m="13312" machi="5" ten="60,12000,1" yaku="1,1,15,1,52,1,54,1,53,0" doraHai="43,6" doraHaiUra="78,33" who="0" fromWho="2" sc="389,153,93,0,181,-123,307,0" /><INIT seed="4,2,0,4,3,79" ten="542,93,58,307" oya="0" hai0="78,15,23,127,126,81,75,71,11,52,74,13,54" hai1="57,46,10,56,21,61,27,29,112,103,89,77,50" hai2="38,34,106,132,31,84,128,4,33,72,76,135,20" hai3="124,85,48,122,28,51,60,69,114,91,3,117,62"/><T108/><D108/><U2/><E112/><V64/><F38/><W67/><G117/><T14/><D71/><U18/><E103/><V131/><F106/><W12/><G3/><T44/><D74/><U120/><E120/><V16/><F64/><W5/><G114/><T110/><D110/><U25/><E77/><V86/><F4/><W104/><G104/><T100/><D100/><U83/><E61/><V123/><F72/><W47/><G124/><N who="0" m="47659" /><D23/><N who="1" m="15615" /><E2/><V92/><F92/><W49/><G122/><T121/><D121/><U1/><E1/><V26/><F123/><W88/><G28/><T130/><D130/><N who="2" m="49706" /><F76/><W133/><G133/><N who="2" m="51273" /><F31/><W98/><G67/><T58/><D11/><U41/><E10/><V101/><F101/><W7/><G69/><T134/><D134/><U105/><E105/><V80/><F80/><N who="3" m="49191" /><G12/><T97/><D15/><U68/><E68/><V95/><F95/><N who="3" m="56703" /><G47/><T116/><D78/><U45/><E46/><V63/><F63/><AGARI ba="2,0" hai="5,7,48,49,51,60,62,63" m="56703,49191" machi="63" ten="30,3900,0" yaku="8,1,52,1,54,1" doraHai="79" who="3" fromWho="2" sc="542,0,93,0,58,-45,307,45" /><INIT seed="5,0,0,0,0,52" ten="542,93,13,352" oya="1" hai0="91,88,108,105,116,92,135,76,27,124,8,3,77" hai1="83,90,126,37,127,32,109,111,28,104,34,23,118" hai2="78,43,82,85,80,18,119,117,56,30,70,64,54" hai3="73,132,114,63,69,93,115,40,49,66,65,61,113"/><U48/><E37/><V96/><F43/><W122/><G93/><T6/><D116/><U99/><E118/><V129/><F129/><W68/><G73/><T12/><D108/><N who="1" m="41547" /><E48/><V131/><F131/><W14/><G14/><T121/><D91/><U59/><E59/><V84/><F70/><W97/><G97/><T5/><D12/><U94/><E104/><V29/><F96/><W110/><G110/><T41/><D6/><U46/><E46/><V133/><F64/><W89/><G89/><T71/><D27/><N who="1" m="16511" /><E83/><V106/><F106/><W103/><G103/><T86/><D71/><U125/><AGARI ba="0,0" hai="32,34,90,94,99,125,126,127" m="16511,41547" machi="125" ten="40,3900,0" yaku="18,1,10,1" doraHai="52" who="1" fromWho="1" sc="542,-13,93,39,13,-13,352,-13" /><INIT seed="5,1,0,2,1,45" ten="529,132,0,339" oya="1" hai0="114,119,3,124,42,107,2,16,123,116,33,82,54" hai1="15,6,102,0,18,104,110,86,112,71,111,7,20" hai2="125,129,29,91,122,87,55,113,108,14,26,50,67" hai3="121,127,83,92,132,64,59,98,57,135,120,22,103"/><U51/><E71/><V61/><F122/><N who="3" m="47211" /><G64/><T118/><D114/><U97/><E112/><V9/><F113/><W70/><G70/><T1/><D124/><U115/><E115/><V32/><F125/><W84/><G22/><T38/><D107/><U131/><E131/><V46/><F129/><W90/><G127/><T79/><D33/><U58/><E86/><V69/><F108/><N who="1" m="41513" /><E0/><V85/><F91/><N who="3" m="51615" /><G57/><T99/><D2/><U4/><E58/><V109/><F109/><W106/><G59/><T47/><D3/><U65/><E65/><V60/><F61/><W27/><G27/><T77/><D1/><U37/><E37/><V63/><F63/><W8/><G8/><T21/><D38/><U72/><E72/><V78/><F78/><W43/><G43/><T62/><D123/><U134/><E134/><N who="3" m="51242" /><G90/><T31/><D118/><U93/><E4/><AGARI ba="1,0" hai="4,9,14,26,29,32,46,50,55,60,67,69,85,87" machi="4" ten="30,2000,0" yaku="7,1,52,1" doraHai="45" who="2" fromWho="1" sc="529,0,132,-23,0,23,339,0" /><INIT seed="6,0,0,3,4,15" ten="529,109,23,339" oya="2" hai0="77,131,53,102,78,16,56,5,32,80,54,55,135" hai1="6,87,115,63,20,33,127,126,90,49,61,9,4" hai2="36,42,113,23,39,72,118,26,103,107,17,25,58" hai3="83,132,27,45,24,94,111,116,97,18,7,37,30"/><V3/><F118/><W34/><G116/><T99/><D32/><U95/><E33/><V98/><F113/><W35/><G111/><T0/><D135/><U120/><E115/><V13/><F3/><W43/><G132/><T108/><D108/><U47/><E20/><V85/><F72/><W125/><G125/><N who="1" m="47626" /><E120/><V106/><F106/><W130/><G130/><T114/><D56/><U122/><E122/><V91/><F58/><W82/><G7/><N who="1" m="2602" /><E9/><V59/><F59/><W60/><G60/><T67/><D5/><U105/><E105/><V52/><F52/><AGARI ba="0,0" hai="47,49,52,61,63,87,90,95" m="2602,47626" machi="52" ten="30,2000,0" yaku="18,1,54,1" doraHai="15" who="1" fromWho="2" sc="529,0,109,20,23,-20,339,0" /><INIT seed="7,0,0,2,0,22" ten="529,129,3,339" oya="3" hai0="10,59,108,128,117,17,48,134,135,21,125,89,114" hai1="36,8,97,30,57,124,127,80,13,88,64,122,12" hai2="66,55,131,99,33,34,77,96,86,126,78,93,9" hai3="130,71,45,31,106,39,121,51,56,104,76,61,75"/><W4/><G121/><T103/><D103/><U58/><E36/><V49/><F34/><W81/><G130/><T112/><D108/><U101/><E30/><V123/><F33/><W18/><G18/><T2/><D117/><U100/><E88/><V85/><F123/><W109/><G109/><T111/><D125/><U68/><E68/><V69/><F69/><W54/><G31/><T5/><D128/><U42/><E80/><V105/><F66/><W102/><G102/><T50/><D89/><U84/><E84/><V90/><F131/><W110/><G110/><T43/><D43/><U47/><E42/><V132/><F126/><W3/><G51/><N who="0" m="19499" /><D59/><U94/><E58/><V26/><F9/><N who="3" m="2207" /><G71/><T62/><D111/><U116/><E122/><V113/><F105/><W115/><G115/><N who="0" m="44075" /><D62/><U44/><E8/><V63/><F63/><W72/><G72/><T52/><D52/><U98/><E12/><AGARI ba="0,0" hai="2,5,10,12,17,21,134,135" m="44075,19499" machi="12" ten="30,2000,0" yaku="15,1,11,1" doraHai="22" who="0" fromWho="1" sc="529,20,129,-20,3,0,339,0" owari="549,65.0,109,-29.0,3,-50.0,339,14.0" /></mjloggm>