<mjloggm ver="2.3"><GO type="169" lobby="0"/><UN n0="%E3%83%95%E3%82%A7%E3%83%AB%E3%83%8A%E3%83%B3%E3%83%89" n1="%75%66%6F%5F" n2="%E3%82%A6%E3%83%AB%E3%83%88%E3%83%A9%E7%AB%8B%E7%9B%B4" n3="%E3%83%9E%E3%83%A9%E3%83%A9%E3%83%BC%E2%99%82" dan="16,16,18,16" rate="2123.40,2068.73,2246.94,2114.24" sx="M,M,M,M"/><TAIKYOKU oya="0"/><INIT seed="0,0,0,0,1,105" ten="250,250,250,250" oya="0" hai0="135,123,83,14,7,33,19,98,12,1,84,73,100" hai1="134,88,27,57,60,62,45,102,17,85,109,78,61" hai2="11,49,101,75,95,46,28,113,2,104,127,63,86" hai3="99,82,0,67,114,87,56,131,10,32,37,115,64"/><T30/><D123/><U121/><E121/><V47/><F113/><W25/><G37/><T92/><D135/><U55/><E134/><V35/><F127/><W126/><G126/><T51/><D73/><U107/><E109/><V130/><F130/><W91/><G0/><T93/><D1/><U16/><E78/><V106/><F75/><W34/><G10/><N who="0" m="4191" /><D33/><U40/><E107/><V68/><F47/><W36/><G36/><T24/><D93/><U81/><E102/><V69/><F95/><W120/><G131/><T119/><D119/><U3/><E3/><V20/><F35/><W71/><G34/><T129/><D129/><U65/><E65/><V108/><F101/><W48/><G71/><T74/><D74/><U118/><E118/><V66/><F69/><W26/><G32/><T58/><D24/><U124/><E124/><V76/><F108/><W21/><G25/><T53/><D30/><U9/><E9/><V128/><F128/><W97/><G120/><T89/><D14/><U22/><REACH who="1" step="1"/><E17/><AGARI ba="0,0" hai="17,19,51,53,58,83,84,89,92,98,100" m="4191" machi="17" ten="30,1500,0" yaku="8,1" doraHai="105" who="0" fromWho="1" sc="250,15,250,-15,250,0,250,0" /><INIT seed="0,1,0,1,5,95" ten="265,235,250,250" oya="0" hai0="31,11,12,111,28,112,55,48,13,105,69,64,120" hai1="123,58,23,14,37,10,20,80,53,47,63,75,67" hai2="8,62,27,68,36,54,109,99,66,70,22,46,83" hai3="108,34,133,88,117,41,91,5,56,114,9,50,131"/><T125/><D112/><U129/><E129/><V132/><F109/><W110/><G114/><T73/><D120/><U25/><E123/><V78/><F132/><W40/><G117/><T6/><D73/><U81/><E75/><V43/><F8/><W115/><G34/><T76/><D76/><U101/><E101/><V85/><F54/><N who="3" m="31831" /><G133/><T128/><D128/><U24/><E24/><V39/><F39/><W59/><G131/><T16/><D111/><N who="3" m="42537" /><G59/><T103/><D125/><U57/><E37/><V17/><REACH who="2" step="1"/><F70/><REACH who="2" ten="265,235,240,250" step="2"/><W49/><G115/><T104/><D69/><U90/><E10/><V124/><F124/><W118/><G118/><T1/><D55/><U15/><E53/><V84/><F84/><W93/><G40/><T44/><D11/><U96/><E96/><AGARI ba="1,1" hai="17,22,27,36,43,46,62,66,68,78,83,85,96,99" machi="96" ten="40,5200,0" yaku="1,1,52,2,53,0" doraHai="95" doraHaiUra="107" who="2" fromWho="1" sc="265,0,235,-55,240,65,250,0" /><INIT seed="1,0,0,3,2,73" ten="265,180,305,250" oya="1" hai0="45,34,63,18,59,81,124,5,77,72,90,94,40" hai1="2,111,28,44,100,35,127,20,39,109,70,120,14" hai2="89,42,21,118,86,108,38,71,4,74,64,113,107" hai3="13,105,7,76,68,41,132,22,8,79,43,130,91"/><U112/><E2/><V92/><F118/><W15/><G68/><T30/><D124/><U54/><E70/><V66/><F71/><W27/><G105/><T33/><D5/><U116/><E116/><V37/><F108/><N who="1" m="41545" /><E120/><V57/><F113/><W16/><G130/><T102/><D102/><U119/><E119/><V56/><F4/><W128/><G132/><T23/><D30/><U47/><E100/><V75/><F107/><W6/><G91/><T96/><D45/><U52/><E112/><V88/><F21/><W93/><G93/><T115/><D40/><N who="3" m="15433" /><G128/><T122/><D122/><U11/><E35/><V78/><F42/><W61/><G61/><T121/><D121/><U12/><E127/><V10/><F92/><W26/><G26/><T46/><D46/><N who="1" m="17451" /><E39/><V114/><F114/><W69/><G69/><T53/><REACH who="0" step="1"/><D115/><REACH who="0" ten="255,180,305,250" step="2"/><U87/><E28/><V62/><F37/><W25/><G25/><AGARI ba="0,1" hai="18,23,25,33,34,53,59,63,72,77,81,90,94,96" machi="25" ten="30,12000,2" yaku="1,1,2,1,7,1,25,2,52,1,53,1" doraHai="73" doraHaiUra="95" who="0" fromWho="3" sc="255,130,180,0,305,0,250,-120" /><INIT seed="2,0,0,0,2,17" ten="385,180,305,130" oya="2" hai0="49,12,109,128,2,96,53,122,89,129,78,15,61" hai1="1,112,135,86,87,126,28,19,43,106,6,39,3" hai2="68,72,0,107,22,114,27,132,8,24,26,82,54" hai3="67,120,65,55,58,81,74,16,44,97,20,79,60"/><V116/><F107/><W47/><G120/><T62/><D2/><U66/><E112/><V34/><F68/><W101/><G65/><T73/><D122/><U37/><E19/><V30/><F72/><W75/><G75/><T9/><D109/><U42/><E66/><V50/><F114/><W133/><G133/><T36/><D36/><U70/><E28/><V100/><F100/><W98/><G67/><T21/><D73/><U80/><E80/><V123/><F123/><W57/><G57/><T13/><D78/><U84/><E6/><V7/><F116/><W127/><G127/><T63/><D9/><U46/><E106/><V124/><F124/><W23/><G97/><T92/><REACH who="0" step="1"/><D21/><REACH who="0" ten="375,180,305,130" step="2"/><U88/><E39/><V5/><F132/><W110/><G110/><T35/><D35/><U40/><E37/><V59/><F7/><W99/><G23/><T94/><D94/><U104/><E104/><V25/><REACH who="2" step="1"/><F82/><REACH who="2" ten="375,180,295,130" step="2"/><W95/><REACH who="3" step="1"/><G99/><REACH who="3" ten="375,180,295,120" step="2"/><T31/><D31/><AGARI ba="0,3" hai="0,5,8,22,24,25,26,27,30,31,34,50,54,59" machi="31" ten="30,11600,0" yaku="1,1,2,1,7,1,52,1,53,0" doraHai="17" doraHaiUra="71" who="2" fromWho="0" sc="375,-116,180,0,295,146,120,0" /><INIT seed="2,1,0,5,5,12" ten="259,180,441,120" oya="2" hai0="2,134,83,16,82,104,112,87,27,49,41,79,131" hai1="115,46,32,72,73,90,38,108,35,26,117,57,0" hai2="63,94,135,36,125,28,98,34,86,15,80,51,42" hai3="88,55,85,30,9,71,6,106,76,128,47,68,48"/><V93/><F36/><W10/><G128/><T123/><D123/><U66/><E115/><V127/><F34/><W81/><G106/><T4/><D112/><U75/><E0/><V102/><F28/><W5/><G30/><T95/><D104/><U45/><E38/><V56/><F42/><W39/><G39/><T53/><D131/><U126/><E26/><V59/><F51/><W89/><G68/><T61/><D134/><U114/><E114/><V25/><F25/><W99/><G71/><T40/><D2/><U100/><E100/><V67/><F135/><W37/><G37/><T129/><D4/><U119/><E66/><V31/><F31/><W91/><REACH who="3" step="1"/><G99/><REACH who="3" ten="259,180,441,110" step="2"/><T101/><D129/><U121/><E121/><V50/><F98/><W11/><AGARI ba="1,1" hai="5,6,9,10,11,47,48,55,76,81,85,88,89,91" machi="11" ten="30,8000,1" yaku="1,1,2,1,0,1,8,1,54,1,53,0" doraHai="12" doraHaiUra="69" who="3" fromWho="3" sc="259,-21,180,-21,441,-41,110,93" /><INIT seed="3,0,0,5,0,1" ten="238,159,400,203" oya="3" hai0="67,18,47,50,62,41,94,109,120,110,134,16,70" hai1="76,51,44,135,9,49,24,31,12,13,0,68,131" hai2="95,88,129,130,111,77,99,112,52,7,86,97,60" hai3="93,101,102,71,53,124,114,128,26,42,116,96,10"/><W17/><G116/><T125/><D120/><U11/><E131/><N who="2" m="50187" /><F111/><N who="0" m="42506" /><D134/><U117/><E135/><V23/><F112/><W122/><G122/><T8/><D125/><U37/><E117/><V79/><F23/><W121/><G121/><T15/><D94/><U74/><E68/><V72/><F7/><AGARI ba="0,0" hai="7,8,15,16,18,41,47,50,62,67,70" m="42506" machi="7" ten="30,3900,0" yaku="14,1,52,1,54,1" doraHai="1" who="0" fromWho="2" sc="238,39,159,0,400,-39,203,0" /><INIT seed="4,0,0,3,3,56" ten="277,159,361,203" oya="0" hai0="79,40,57,133,1,95,63,59,3,99,126,107,9" hai1="4,25,37,69,12,60,80,27,51,81,109,23,72" hai2="26,52,129,54,49,101,92,73,61,13,58,77,32" hai3="104,21,24,0,106,83,114,66,68,8,124,38,28"/><T131/><D107/><U45/><E109/><V11/><F129/><W64/><G38/><T30/><D131/><U47/><E27/><V34/><F73/><W105/><G114/><T74/><D133/><U75/><E37/><V103/><F77/><W17/><G124/><T98/><D126/><U2/><E2/><V36/><F36/><W97/><G83/><T48/><D30/><U39/><E39/><V113/><F113/><W135/><G135/><T89/><D74/><U50/><E4/><V94/><F26/><W43/><G43/><T108/><D79/><U86/><E12/><V122/><F122/><W15/><G0/><T46/><D108/><U117/><E117/><V6/><F34/><W91/><G68/><T85/><D59/><U96/><E96/><V53/><F32/><W7/><G91/><T88/><D9/><U111/><E111/><V123/><F123/><W44/><G44/><T71/><D71/><U115/><E115/><V41/><F41/><W20/><G97/><T87/><D3/><U42/><E80/><V127/><F127/><W10/><G10/><T62/><D1/><U134/><E134/><V102/><F49/><W55/><G24/><T67/><D63/><U120/><E120/><V125/><F125/><W18/><G28/><T35/><D35/><U132/><E132/><V29/><F29/><W22/><G7/><T82/><AGARI ba="0,0" hai="40,46,48,57,62,67,82,85,87,88,89,95,98,99" machi="82" ten="20,12000,1" yaku="0,1,7,1,8,1,52,1,54,1" doraHai="56" who="0" fromWho="0" sc="277,120,159,-40,361,-40,203,-40" /><INIT seed="4,1,0,0,3,81" ten="397,119,321,163" oya="0" hai0="53,105,89,22,39,20,49,130,108,43,132,99,110" hai1="123,80,119,42,113,1,33,48,10,74,118,107,65" hai2="133,127,60,38,54,24,86,69,29,58,44,76,106" hai3="92,64,5,67,57,129,90,114,17,124,50,70,102"/><T97/><D132/><U134/><E123/><V37/><F127/><W91/><G124/><T88/><D130/><U27/><E134/><V125/><F125/><W15/><G129/><T93/><D43/><U9/><E9/><V21/><F106/><W2/><G70/><T6/><D39/><U36/><E48/><V61/><F133/><W52/><G114/><T79/><D79/><N who="1" m="44151" /><E65/><N who="3" m="25162" /><G5/><T82/><D6/><N who="1" m="1359" /><E107/><V135/><F135/><W111/><G2/><T12/><D105/><U126/><E126/><V30/><F69/><W78/><G111/><N who="0" m="42539" /><D12/><U117/><E113/><V84/><F38/><W31/><G78/><T56/><D99/><U96/><E96/><V121/><F121/><W77/><G77/><T32/><D32/><U131/><E131/><V100/><F76/><W25/><G92/><T16/><D16/><U109/><E109/><V13/><F37/><W11/><G102/><T128/><D128/><U45/><E117/><V62/><F100/><W63/><G50/><T120/><D120/><U41/><E42/><V23/><F13/><W71/><G71/><T75/><D75/><U68/><E68/><V101/><F101/><W59/><G59/><T112/><D112/><U66/><E119/><V122/><F122/><W72/><G72/><T4/><D4/><U34/><E118/><V83/><F83/><W18/><G18/><T73/><D73/><U8/><E41/><V26/><F58/><W14/><G14/><T7/><D7/><U115/><E115/><V116/><F116/><W103/><G103/><T51/><D49/><AGARI ba="1,0" hai="21,23,24,26,29,30,44,49,54,60,61,62,84,86" machi="49" ten="40,8000,1" yaku="9,1,8,1,52,2" doraHai="81" who="2" fromWho="0" sc="397,-83,119,0,321,83,163,0" /><INIT seed="5,0,0,1,0,33" ten="314,119,404,163" oya="1" hai0="51,21,14,68,117,20,8,85,130,82,84,129,113" hai1="102,90,0,108,131,25,128,78,96,5,104,124,111" hai2="17,135,118,123,70,37,31,24,42,77,62,43,3" hai3="4,36,46,100,71,122,28,22,38,2,86,101,93"/><U59/><E78/><V97/><F17/><W79/><G122/><T49/><D117/><U10/><E124/><V94/><F3/><W95/><G71/><T18/><D68/><U54/><E90/><V67/><F123/><W127/><G127/><T7/><D113/><U99/><E99/><V92/><F118/><W47/><G2/><T13/><D21/><U26/><E26/><V121/><F135/><W44/><G4/><T134/><D134/><U132/><E25/><V119/><F119/><W105/><G105/><T34/><D34/><U64/><E64/><V89/><F121/><W19/><G28/><T88/><REACH who="0" step="1"/><D85/><REACH who="0" ten="304,119,404,163" step="2"/><U30/><E132/><V39/><F70/><W60/><G86/><T61/><D61/><U80/><E111/><V50/><F62/><W81/><G60/><T57/><D57/><U45/><E59/><V103/><F31/><W115/><G22/><T35/><D35/><U16/><E30/><V66/><F67/><W11/><G115/><T98/><D98/><U83/><E108/><V109/><F66/><W23/><G23/><T91/><D91/><U126/><E126/><V125/><F125/><W110/><G110/><T56/><D56/><U52/><E96/><V41/><F109/><W48/><G100/><T6/><D6/><U120/><E102/><V9/><F89/><W72/><G101/><T74/><D74/><U69/><E69/><V114/><F97/><W112/><G112/><T106/><D106/><U15/><E104/><V32/><F103/><W73/><G73/><T75/><D75/><U87/><E120/><V1/><F114/><RYUUKYOKU ba="0,1" sc="304,30,119,-10,404,-10,163,-10" hai0="7,8,13,14,18,20,49,51,82,84,88,129,130" /><INIT seed="6,1,1,0,2,121" ten="334,109,394,153" oya="2" hai0="78,55,49,62,40,124,47,45,81,5,128,15,73" hai1="63,77,61,71,83,25,92,13,102,76,107,72,9" hai2="97,90,110,125,24,17,57,91,85,38,100,135,44" hai3="48,95,74,59,80,86,37,118,35,98,22,12,41"/><V66/><F38/><W87/><G35/><T134/><D134/><U105/><E77/><V109/><F44/><W96/><G118/><T122/><D122/><U28/><E92/><V39/><F39/><W3/><G3/><T70/><D124/><U42/><E42/><V27/><F125/><W82/><G74/><T6/><D128/><U26/><E26/><V106/><F135/><W88/><G37/><T133/><D133/><U126/><E126/><V2/><F2/><W94/><G41/><T108/><D108/><N who="2" m="41578" /><F17/><N who="3" m="10535" /><G48/><T75/><D75/><U7/><E102/><V31/><F85/><N who="3" m="32267" /><G59/><T132/><D132/><U104/><REACH who="1" step="1"/><E71/><REACH who="1" ten="334,99,394,153" step="2"/><V43/><F43/><W69/><G69/><T4/><D70/><U54/><E54/><V68/><F68/><W120/><G120/><T89/><D89/><AGARI ba="1,2" hai="80,82,88,89,94,95,96,98" m="32267,10535" machi="89" ten="30,2000,0" yaku="8,1,54,1" doraHai="121" who="3" fromWho="0" sc="334,-23,99,0,394,0,153,43" /><INIT seed="7,0,0,4,2,78" ten="311,99,394,196" oya="3" hai0="15,7,75,29,24,53,37,124,67,62,129,59,51" hai1="49,123,76,130,44,80,23,22,82,6,90,79,134" hai2="14,87,77,115,112,34,89,28,70,40,50,41,108" hai3="109,43,21,2,135,116,66,117,81,11,101,12,102"/><W46/><G2/><T131/><D124/><U16/><E123/><V86/><F70/><W74/><G135/><T88/><D75/><U104/><E104/><V20/><F34/><W33/><G33/><T94/><D37/><U45/><E134/><V121/><F121/><W17/><G66/><T133/><D133/><U52/><E130/><V69/><F69/><W32/><G32/><T114/><D114/><U61/><E6/><V132/><F132/><W120/><G120/><T100/><D100/><U105/><E105/><V119/><F108/><W27/><G109/><T83/><D7/><U113/><E113/><V73/><F73/><W25/><G74/><T122/><D122/><U111/><E111/><V1/><F1/><W103/><G117/><T96/><D15/><N who="1" m="9503" /><E61/><V39/><F39/><W99/><G116/><T107/><D107/><U84/><E44/><V72/><F72/><W85/><G46/><T126/><D126/><U71/><E71/><V64/><F119/><W4/><G4/><T55/><D83/><N who="1" m="31787" /><E23/><V125/><F20/><W19/><G21/><N who="0" m="15503" /><D131/><U36/><E36/><V8/><F125/><W18/><G12/><T48/><D129/><U3/><E3/><V42/><F115/><W97/><G11/><T95/><D62/><U0/><E0/><V10/><F112/><W54/><G25/><T31/><D51/><U57/><E45/><V9/><F14/><W92/><G27/><T5/><D5/><U128/><E128/><V63/><F63/><W35/><G35/><T47/><D47/><U58/><E58/><V56/><F56/><W30/><G30/><RYUUKYOKU ba="0,0" sc="311,-10,99,30,394,-10,196,-10" hai1="49,52,57,76,79,84,90" owari="301,10.0,129,-37.0,384,48.0,186,-21.0" /></mjloggm>