<mjloggm ver="2.3"><GO type="169" lobby="0"/><UN n0="%68%69%63%6B%65%79" n1="%E7%B4%A0%E6%9C%B4%E3%81%AA%E5%91%B3%E3%82%8F%E3%81%84" n2="%E4%BA%BA%E7%94%9F%E6%AE%8B%E3%82%8A%E5%8D%83%E7%82%B9" n3="%E3%82%A6%E3%83%AB%E3%83%88%E3%83%A9%E7%AB%8B%E7%9B%B4" dan="16,16,16,18" rate="2055.77,2029.60,2076.51,2251.73" sx="M,M,M,M"/><TAIKYOKU oya="0"/><INIT seed="0,0,0,3,4,58" ten="250,250,250,250" oya="0" hai0="44,102,111,26,101,37,106,117,114,18,4,63,64" hai1="10,118,0,54,61,46,73,19,84,2,120,13,125" hai2="12,107,20,110,96,41,47,72,42,60,62,90,80" hai3="27,82,8,130,83,40,135,57,35,70,77,16,17"/><T66/><D114/><U85/><E118/><V97/><F110/><W65/><G70/><T109/><D117/><U48/><E120/><V95/><F107/><W50/><G130/><T124/><D124/><U7/><E73/><V21/><F72/><W38/><G135/><T108/><D4/><U9/><E125/><V69/><F69/><W91/><G38/><T99/><D102/><U28/><E0/><V23/><F80/><W87/><G8/><T30/><D18/><U15/><E2/><V129/><F129/><W134/><G134/><T43/><REACH who="0" step="1"/><D63/><REACH who="0" ten="240,250,250,250" step="2"/><N who="2" m="24106" /><F12/><W98/><G17/><T5/><D5/><U113/><E113/><V56/><F56/><W78/><G16/><T79/><D79/><U89/><E28/><V133/><F133/><W53/><G78/><T74/><D74/><U112/><E112/><V123/><F123/><W88/><G77/><T59/><D59/><N who="1" m="35063" /><E89/><N who="2" m="55407" /><F47/><W1/><G57/><T76/><D76/><U100/><E100/><V55/><F55/><AGARI ba="0,1" hai="7,9,10,13,15,19,46,48,55,84,85" m="35063" machi="55" ten="30,2000,0" yaku="8,1,52,1" doraHai="58" who="1" fromWho="2" sc="240,0,250,30,250,-20,250,0" /><INIT seed="1,0,0,1,3,87" ten="240,280,230,250" oya="1" hai0="129,12,58,16,50,22,128,9,14,112,70,51,3" hai1="43,27,114,38,13,10,52,36,47,116,134,89,54" hai2="132,49,61,66,19,67,79,35,45,80,39,42,37" hai3="59,123,115,104,8,1,90,44,77,40,57,55,99"/><U84/><E114/><V64/><F35/><W60/><G123/><T93/><D70/><U20/><E116/><V109/><F19/><W34/><G34/><T7/><D112/><U6/><E38/><N who="2" m="14347" /><F79/><W135/><G135/><T124/><D124/><U81/><REACH who="1" step="1"/><E134/><REACH who="1" ten="240,270,230,250" step="2"/><V82/><F132/><W117/><G115/><T133/><D133/><U25/><E25/><V96/><F82/><W131/><G117/><T121/><D121/><U62/><E62/><V31/><F80/><W98/><G60/><T119/><D119/><U125/><E125/><V56/><F31/><AGARI ba="0,1" hai="6,10,13,20,27,31,36,43,47,52,54,81,84,89" machi="31" ten="30,11600,0" yaku="1,1,7,1,52,1,54,1,53,0" doraHai="87" doraHaiUra="102" who="1" fromWho="2" sc="240,0,270,126,230,-116,250,0" /><INIT seed="1,1,0,4,0,64" ten="240,396,114,250" oya="1" hai0="67,89,129,82,111,100,86,91,4,12,56,55,96" hai1="66,11,124,114,34,113,72,49,10,78,101,20,57" hai2="13,45,48,40,17,95,110,44,115,50,43,8,26" hai3="29,31,105,94,123,87,46,131,3,54,71,121,103"/><U75/><E34/><V109/><F115/><W27/><G3/><T63/><D111/><U36/><E36/><V32/><REACH who="2" step="1"/><F95/><REACH who="2" ten="240,396,104,250" step="2"/><W90/><G94/><T68/><D129/><U88/><E114/><V128/><F128/><W127/><G131/><T106/><D4/><U15/><E113/><V130/><F130/><W59/><G123/><T97/><D97/><U116/><E116/><V0/><F0/><W65/><G121/><T80/><D80/><U19/><E124/><V107/><F107/><W84/><G105/><T98/><D98/><U1/><E1/><V41/><F41/><W35/><G127/><T37/><D96/><U38/><E101/><V51/><F51/><W39/><G103/><T18/><D100/><U62/><E38/><V30/><AGARI ba="1,1" hai="8,13,17,26,30,32,40,43,44,45,48,50,109,110" machi="30" ten="30,4000,0" yaku="1,1,0,1,9,1,53,0" doraHai="64" doraHaiUra="61" who="2" fromWho="2" sc="240,-11,396,-21,104,53,250,-11" /><INIT seed="2,0,0,5,0,58" ten="229,375,157,239" oya="2" hai0="59,5,86,32,118,83,41,125,123,94,122,7,53" hai1="103,15,133,46,8,61,91,124,131,70,117,54,111" hai2="85,107,11,98,87,23,105,112,110,97,37,66,130" hai3="80,77,27,17,60,65,69,127,2,38,57,62,30"/><V95/><F37/><W89/><G2/><T28/><D41/><U126/><E117/><V108/><F11/><W134/><G38/><T76/><D118/><U120/><E111/><N who="2" m="42539" /><F23/><W24/><G127/><T51/><D125/><U135/><E131/><V73/><F66/><W12/><G89/><T6/><D32/><U114/><E114/><V35/><F35/><W31/><G134/><N who="1" m="51210" /><E103/><N who="2" m="60895" /><F112/><W75/><G31/><T48/><D28/><U101/><E101/><N who="2" m="62639" /><F107/><W9/><G30/><T49/><REACH who="0" step="1"/><D94/><REACH who="0" ten="219,375,157,239" step="2"/><U104/><E104/><V132/><F132/><W99/><REACH who="3" step="1"/><G99/><REACH who="3" ten="219,375,157,229" step="2"/><T29/><D29/><U96/><E96/><V43/><F130/><W64/><AGARI ba="0,2" hai="9,12,17,24,27,57,60,62,64,65,69,75,77,80" machi="64" ten="20,12000,2" yaku="1,1,2,1,0,1,7,1,52,2,53,0" doraHai="58" doraHaiUra="26" who="3" fromWho="3" sc="219,-30,375,-30,157,-60,229,140" /><INIT seed="3,0,0,3,3,10" ten="189,345,97,369" oya="3" hai0="3,64,80,61,29,20,54,12,50,39,11,123,68" hai1="59,97,116,117,60,96,86,35,4,6,106,103,5" hai2="2,133,16,75,71,51,135,24,77,122,102,85,129" hai3="108,121,81,7,112,98,25,127,9,41,114,32,27"/><W69/><G69/><T48/><D39/><U130/><E35/><V36/><F122/><W76/><G121/><T79/><D123/><U125/><E130/><V131/><F36/><W40/><G127/><T72/><D3/><U128/><E128/><N who="2" m="49227" /><F2/><W0/><G108/><T83/><D83/><U42/><E125/><V110/><F71/><W22/><G98/><T66/><D66/><U18/><E42/><V67/><F110/><W93/><G93/><T49/><D20/><U8/><E96/><V55/><F67/><W88/><G88/><T132/><D29/><U46/><E46/><N who="2" m="28151" /><F102/><W134/><G41/><T90/><D90/><U109/><E109/><V62/><F62/><W94/><G40/><T100/><D100/><U53/><E86/><V104/><F104/><W99/><G114/><T52/><REACH who="0" step="1"/><D132/><REACH who="0" ten="179,345,97,369" step="2"/><N who="2" m="50762" /><F75/><W74/><G134/><T33/><D33/><U70/><E70/><V56/><F85/><W65/><G65/><T28/><D28/><U23/><E103/><V111/><F111/><W118/><G32/><T84/><D84/><U26/><E97/><V78/><F56/><W73/><G99/><T34/><D34/><U101/><E101/><V30/><F30/><W126/><G0/><T37/><D37/><U105/><E106/><V57/><F57/><W44/><G74/><T17/><AGARI ba="0,1" hai="11,12,17,48,49,50,52,54,61,64,68,72,79,80" machi="17" ten="30,7900,0" yaku="1,1,0,1,52,1,54,1,53,0" doraHai="10" doraHaiUra="87" who="0" fromWho="0" sc="179,89,345,-20,97,-20,369,-39" /><INIT seed="4,0,0,5,0,64" ten="268,325,77,330" oya="0" hai0="65,32,39,82,75,131,2,109,67,0,93,91,90" hai1="33,15,122,36,48,83,89,77,30,76,116,9,20" hai2="88,120,52,24,28,125,78,105,129,73,37,57,3" hai3="95,10,132,118,42,128,123,53,63,102,45,110,44"/><T16/><D39/><U104/><E36/><V5/><F120/><W35/><G35/><T135/><D32/><U62/><E33/><V115/><F125/><W114/><G110/><T55/><D131/><U70/><E116/><V61/><F129/><W11/><G118/><T58/><D135/><U85/><E122/><V92/><F115/><W7/><G128/><T40/><D40/><U66/><E104/><V71/><F105/><W50/><G123/><T14/><D109/><U12/><E48/><V80/><F37/><W25/><G114/><T17/><D75/><U46/><E46/><V100/><F100/><W106/><G106/><T8/><D82/><U23/><E12/><V68/><F3/><W54/><G132/><T51/><D90/><U96/><E30/><V94/><F5/><W124/><G124/><T27/><D0/><U4/><REACH who="1" step="1"/><E96/><REACH who="1" ten="268,315,77,330" step="2"/><V84/><REACH who="2" step="1"/><F94/><REACH who="2" ten="268,315,67,330" step="2"/><W74/><G95/><T130/><D2/><U134/><E134/><V19/><F19/><W43/><G7/><T59/><D130/><U127/><E127/><V47/><F47/><W41/><G45/><T101/><D17/><U34/><E34/><AGARI ba="0,2" hai="24,28,34,52,57,61,68,71,73,78,80,84,88,92" machi="34" ten="30,12000,2" yaku="1,1,7,1,52,2,54,2,53,1" doraHai="64" doraHaiUra="86" who="2" fromWho="1" sc="268,0,315,-120,67,140,330,0" /><INIT seed="5,0,0,2,4,36" ten="268,195,207,330" oya="1" hai0="43,102,22,91,60,31,0,77,67,66,63,7,50" hai1="27,131,113,122,64,85,108,11,124,117,45,13,42" hai2="57,23,107,83,92,120,89,84,20,129,54,126,53" hai3="33,125,34,52,101,112,135,6,2,90,39,51,82"/><U12/><E117/><V133/><F120/><W72/><G101/><T70/><D102/><U94/><E122/><V109/><F109/><W121/><G121/><T73/><D91/><U132/><E113/><V104/><F126/><W49/><G49/><T17/><D31/><U58/><E124/><V99/><F129/><W10/><G125/><T74/><D77/><U116/><E116/><V76/><F133/><W111/><G111/><T4/><D74/><U95/><E108/><V88/><F104/><W55/><G55/><T48/><D73/><U115/><E115/><V118/><F118/><W86/><G112/><T69/><D0/><U15/><E131/><V110/><F110/><W130/><G130/><T30/><D30/><U93/><E132/><V80/><F107/><W18/><G39/><T19/><D22/><U68/><E68/><N who="0" m="26217" /><D48/><N who="1" m="26679" /><E27/><V56/><F54/><W62/><G72/><T127/><D127/><U25/><E25/><V97/><F57/><W29/><G29/><T103/><D103/><U32/><E32/><V40/><F40/><W35/><G135/><T5/><D43/><U119/><E119/><V14/><F14/><N who="1" m="5737" /><E85/><N who="2" m="48263" /><F97/><W98/><G98/><T75/><D75/><U37/><E37/><V3/><F3/><W128/><G128/><T106/><D106/><U114/><E114/><V8/><F8/><N who="3" m="2135" /><G34/><T61/><D50/><AGARI ba="0,0" hai="20,23,50,53,56,83,84,88,89,92,99" m="48263" machi="50" ten="30,2000,0" yaku="8,1,54,1" doraHai="36" who="2" fromWho="0" sc="268,-20,195,0,207,20,330,0" /><INIT seed="6,0,0,5,4,119" ten="248,195,227,330" oya="2" hai0="85,18,31,126,78,86,133,73,128,113,110,74,84" hai1="4,37,116,114,98,39,65,90,26,50,87,120,97" hai2="135,66,19,115,112,17,35,88,33,1,60,52,101" hai3="105,15,104,8,132,38,12,21,70,91,109,129,13"/><V80/><F1/><W49/><G38/><T20/><D110/><U55/><E116/><V89/><F101/><W107/><G70/><T9/><D113/><N who="2" m="43594" /><F135/><W122/><G109/><T124/><D133/><U59/><E114/><V54/><F19/><W25/><G122/><T131/><D9/><U103/><E4/><V94/><F17/><W22/><G132/><T57/><D57/><U71/><E120/><V32/><F80/><W121/><G121/><T11/><D11/><U95/><E98/><N who="2" m="57671" /><F89/><W29/><G129/><N who="0" m="49739" /><D31/><U134/><E134/><V56/><AGARI ba="0,0" hai="32,33,35,52,54,56,60,66" m="57671,43594" machi="56" ten="40,7800,0" yaku="15,1,54,2" doraHai="119" who="2" fromWho="2" sc="248,-26,195,-26,227,78,330,-26" /><INIT seed="6,1,0,4,1,19" ten="222,169,305,304" oya="2" hai0="46,73,71,90,32,132,8,64,123,53,5,124,41" hai1="3,129,57,28,126,110,33,130,104,16,87,98,125" hai2="1,122,31,2,134,84,78,102,74,9,51,67,116" hai3="101,92,17,61,63,55,65,96,70,85,121,68,50"/><V12/><F122/><W75/><G75/><T38/><D123/><U80/><E110/><V103/><F116/><W131/><G131/><N who="1" m="50186" /><E3/><V29/><F134/><W88/><G17/><T72/><D32/><U82/><E57/><V44/><F74/><W22/><G22/><T91/><D132/><U77/><E28/><V4/><F67/><W7/><G7/><T36/><D36/><U114/><E33/><V45/><F2/><W106/><G121/><T0/><D124/><N who="1" m="47723" /><E114/><V76/><F44/><W47/><G63/><T120/><D120/><U49/><E49/><V115/><F1/><W100/><G100/><T127/><D127/><U97/><E104/><V30/><F115/><W94/><REACH who="3" step="1"/><G70/><REACH who="3" ten="222,169,305,294" step="2"/><T48/><D71/><U83/><E16/><V111/><F102/><W133/><G133/><T43/><D64/><U93/><E98/><V128/><F103/><AGARI ba="1,1" hai="77,80,82,83,87,93,97,103" m="47723,50186" machi="103" ten="30,7700,0" yaku="19,1,18,1,34,2" doraHai="19" who="1" fromWho="2" sc="222,0,169,90,305,-80,294,0" /><INIT seed="7,0,0,5,4,14" ten="222,259,225,294" oya="3" hai0="63,98,19,74,22,21,121,116,42,102,115,57,29" hai1="69,1,38,133,92,82,84,123,26,10,58,91,65" hai2="131,100,106,60,81,89,87,25,107,124,12,18,9" hai3="32,71,30,130,75,68,111,15,4,77,109,78,36"/><W113/><G36/><T110/><D110/><N who="3" m="41993" /><G113/><T135/><D116/><U88/><E123/><V11/><F131/><W122/><G130/><T13/><D121/><U80/><E69/><N who="3" m="26698" /><G75/><T103/><D74/><U44/><E133/><V28/><F124/><W24/><G122/><T79/><D135/><U50/><E38/><V126/><F126/><W0/><G0/><T33/><D33/><U48/><E1/><V64/><F9/><AGARI ba="0,0" hai="4,9,15,24,30,32,77,78" m="26698,41993" machi="9" ten="30,1500,0" yaku="10,1" doraHai="14" who="3" fromWho="2" sc="222,0,259,0,225,-15,294,15" owari="222,-18.0,259,6.0,210,-29.0,309,41.0" /></mjloggm>