<mjloggm ver="2.3"><GO type="169" lobby="0"/><UN n0="%E3%82%B7%E3%83%AD%E3%82%AF%E3%83%AD" n1="%E3%82%A6%E3%83%AB%E3%83%88%E3%83%A9%E7%AB%8B%E7%9B%B4" n2="%4F%4D%41%4E%54%41" n3="%67%63%40%E6%BF%80%E8%BE%9B" dan="17,18,17,18" rate="2216.81,2249.39,2250.66,2226.06" sx="M,M,M,M"/><TAIKYOKU oya="0"/><INIT seed="0,0,0,0,1,9" ten="250,250,250,250" oya="0" hai0="100,46,26,22,21,105,76,23,19,95,79,6,74" hai1="4,87,102,85,34,24,129,13,28,132,112,121,57" hai2="118,53,71,39,88,109,10,110,94,45,106,52,60" hai3="56,51,67,59,48,126,78,111,135,73,93,35,113"/><T131/><D105/><U32/><E121/><V120/><F120/><W69/><G35/><T47/><D131/><U115/><E102/><V62/><F106/><W119/><G113/><N who="1" m="43594" /><E129/><V104/><F104/><W82/><G119/><T70/><D70/><U38/><E38/><V2/><F118/><W91/><G111/><N who="2" m="42505" /><F39/><W17/><G126/><T127/><D127/><U96/><E96/><N who="2" m="57415" /><F45/><N who="0" m="16906" /><D74/><U15/><E34/><V27/><F27/><W18/><G69/><T124/><D6/><U107/><E107/><V20/><F20/><N who="0" m="7786" /><D124/><U61/><E4/><N who="2" m="1303" /><F62/><W0/><G0/><T116/><D116/><U44/><E44/><V92/><F92/><W125/><G125/><T11/><D11/><U49/><E49/><V86/><F86/><N who="1" m="32777" /><E132/><V42/><F42/><W90/><G51/><T7/><D7/><U89/><E89/><V123/><F123/><W130/><G91/><T98/><AGARI ba="0,0" hai="19,23,26,76,79,95,98,100" m="7786,16906" machi="98" ten="30,1500,0" yaku="8,1" doraHai="9" who="0" fromWho="0" sc="250,15,250,-5,250,-5,250,-5" /><INIT seed="0,1,0,2,3,111" ten="265,245,245,245" oya="0" hai0="127,38,8,66,126,80,16,40,4,7,61,74,99" hai1="43,46,45,107,0,73,47,72,58,36,64,24,101" hai2="97,102,85,25,131,117,81,50,118,23,35,133,89" hai3="51,10,54,37,29,75,65,120,17,15,130,93,49"/><T128/><D128/><U9/><E47/><V44/><F131/><W19/><G37/><T18/><D99/><N who="1" m="61887" /><E58/><V108/><F108/><W69/><G75/><T6/><D40/><U53/><E53/><V94/><F35/><W31/><G130/><T77/><D38/><U26/><E26/><V59/><F133/><W62/><G120/><T67/><D67/><U83/><E46/><V88/><F59/><W98/><G19/><T22/><D8/><U71/><E24/><V63/><F63/><W39/><G39/><T5/><N who="0" m="1024" /><DORA hai="134" /><T3/><D3/><U121/><E9/><V2/><F2/><W91/><REACH who="3" step="1"/><G49/><REACH who="3" ten="265,245,245,235" step="2"/><T84/><D74/><U42/><E73/><V78/><F117/><W13/><G13/><T87/><D87/><U12/><E12/><V116/><F116/><W109/><G109/><T115/><D115/><U124/><E72/><V122/><F118/><W11/><G11/><T104/><D104/><U96/><E36/><V100/><F122/><W52/><G52/><T30/><D30/><U132/><E121/><V56/><F56/><AGARI ba="1,1" hai="10,15,17,29,31,51,54,56,62,65,69,91,93,98" machi="56" ten="30,3900,0" yaku="1,1,7,1,53,1" doraHai="111,134" doraHaiUra="55,129" who="3" fromWho="2" sc="265,0,245,0,245,-42,235,52" /><INIT seed="1,0,0,2,1,112" ten="265,245,203,287" oya="1" hai0="134,120,24,77,2,16,98,28,72,82,26,128,85" hai1="51,40,121,115,25,113,31,87,78,60,7,15,102" hai2="64,12,19,50,27,133,101,70,73,94,103,76,10" hai3="6,69,41,74,106,44,126,79,130,47,84,132,36"/><U5/><E121/><V20/><F133/><W88/><G130/><T114/><D114/><U122/><E122/><V93/><F73/><W37/><G106/><T9/><D134/><U43/><E102/><V96/><F76/><W32/><G132/><T38/><D128/><U4/><E60/><V65/><F70/><W34/><G69/><T13/><D120/><U135/><E135/><V92/><F50/><W124/><G6/><T48/><D38/><U18/><E51/><V45/><F45/><W131/><G79/><T107/><D2/><U80/><E115/><V71/><F71/><W1/><G74/><T125/><D125/><N who="3" m="48233" /><G1/><T53/><D72/><U3/><E3/><V67/><REACH who="2" step="1"/><F96/><REACH who="2" ten="265,245,193,287" step="2"/><W100/><G131/><T86/><D86/><U46/><E46/><V90/><F90/><W42/><G100/><T22/><D98/><U0/><E113/><V104/><F104/><W75/><G75/><T62/><D107/><U59/><E59/><V49/><F49/><W8/><G88/><T23/><D48/><U39/><E0/><V119/><F119/><W97/><G44/><T110/><D62/><U54/><E40/><V56/><F56/><W61/><G41/><T11/><D53/><U33/><E43/><V17/><AGARI ba="0,1" hai="10,12,17,19,20,27,64,65,67,92,93,94,101,103" machi="17" ten="30,4000,0" yaku="1,1,0,1,8,1,53,0" doraHai="112" doraHaiUra="105" who="2" fromWho="2" sc="265,-10,245,-20,193,50,287,-10" /><INIT seed="2,0,0,3,5,43" ten="255,225,243,277" oya="2" hai0="76,18,110,84,1,48,130,89,106,47,63,91,111" hai1="58,42,15,126,113,57,119,67,51,132,135,94,36" hai2="33,54,49,19,9,62,97,133,37,125,92,50,41" hai3="77,87,74,100,99,39,23,21,5,25,26,83,93"/><V78/><F33/><W61/><G39/><T38/><D38/><U88/><E113/><V64/><F125/><W80/><G5/><T30/><D130/><U32/><E32/><V115/><F115/><W75/><G61/><T56/><D106/><U128/><E119/><V44/><F78/><W129/><G129/><T45/><D1/><U95/><E128/><V122/><F122/><W20/><REACH who="3" step="1"/><G74/><REACH who="3" ten="255,225,243,267" step="2"/><T65/><D110/><U52/><E36/><V2/><F133/><W13/><G13/><T24/><D111/><U34/><E15/><V118/><F118/><W17/><G17/><T108/><D108/><U8/><E135/><V72/><F72/><W4/><G4/><T31/><D18/><U29/><E132/><V11/><F19/><W81/><G81/><N who="0" m="47143" /><D48/><U12/><E51/><V35/><F2/><W14/><G14/><T66/><D66/><U27/><E67/><V96/><F37/><W69/><G69/><T68/><D68/><U70/><E70/><V102/><F62/><W109/><G109/><T114/><D114/><U127/><E12/><V101/><F64/><W0/><G0/><T46/><D24/><U7/><E27/><V105/><REACH who="2" step="1"/><F35/><REACH who="2" ten="255,225,233,267" step="2"/><W116/><G116/><T28/><AGARI ba="0,2" hai="28,30,31,45,46,47,56,63,65,89,91" m="47143" machi="28" ten="30,7900,0" yaku="8,1,52,3" doraHai="43" who="0" fromWho="0" sc="255,99,225,-20,233,-39,267,-20" /><INIT seed="3,0,0,2,1,77" ten="354,205,194,247" oya="3" hai0="80,60,91,104,105,25,118,20,84,39,36,125,15" hai1="92,78,56,133,49,116,17,102,94,82,79,89,43" hai2="66,24,96,44,29,71,123,19,54,48,134,27,64" hai3="38,12,55,46,98,108,119,67,35,11,3,120,31"/><W26/><G119/><T28/><D118/><U47/><E133/><V99/><F134/><W74/><G120/><T37/><D125/><U0/><E0/><V8/><F123/><W129/><G129/><T72/><D72/><U132/><E132/><V62/><F66/><W131/><G131/><T13/><REACH who="0" step="1"/><D60/><REACH who="0" ten="344,205,194,247" step="2"/><U124/><E124/><V88/><F62/><W130/><G130/><T59/><D59/><U45/><E56/><V111/><F111/><W50/><G74/><T7/><D7/><U18/><E116/><V115/><F115/><W127/><G127/><T126/><D126/><U53/><E47/><V40/><F71/><W22/><G108/><T103/><D103/><U32/><E45/><V9/><F64/><W81/><G46/><T110/><D110/><U135/><E102/><V42/><F42/><W41/><G41/><T57/><D57/><U112/><E43/><V121/><F40/><W14/><G67/><T113/><D113/><U97/><E112/><V61/><F61/><W93/><G55/><T106/><AGARI ba="0,1" hai="13,15,20,25,28,36,37,39,80,84,91,104,105,106" machi="106" ten="40,5200,0" yaku="1,1,0,1,52,1,53,0" doraHai="77" doraHaiUra="90" who="0" fromWho="0" sc="344,62,205,-13,194,-13,247,-26" /><INIT seed="4,0,0,0,3,63" ten="406,192,181,221" oya="0" hai0="87,85,65,128,89,97,27,0,50,20,74,86,124" hai1="43,104,31,28,49,125,4,91,37,39,84,34,112" hai2="24,57,117,10,103,51,101,54,99,83,113,55,76" hai3="114,58,130,17,121,53,132,7,15,119,122,12,133"/><T16/><D74/><U42/><E104/><V1/><F113/><W93/><G119/><T44/><D0/><U29/><E34/><V116/><F24/><W69/><G69/><T14/><D124/><U23/><E125/><V94/><F101/><W81/><G93/><N who="0" m="56495" /><D128/><U82/><E112/><V61/><F1/><W32/><G114/><T25/><D65/><U77/><E4/><V135/><F10/><N who="3" m="4191" /><G81/><T98/><D98/><U108/><E108/><V21/><F135/><N who="3" m="51787" /><G58/><T8/><D8/><U3/><E3/><V123/><F21/><N who="3" m="11455" /><G53/><AGARI ba="0,0" hai="14,16,20,25,27,44,50,53,85,86,87" m="56495" machi="53" ten="30,2900,0" yaku="8,1,54,1" doraHai="63" who="0" fromWho="3" sc="406,29,192,0,181,0,221,-29" /><INIT seed="4,1,0,4,3,118" ten="435,192,181,192" oya="0" hai0="104,39,81,92,89,16,7,65,63,21,1,58,121" hai1="86,24,27,11,115,61,133,114,57,42,129,49,120" hai2="110,68,126,37,35,44,97,101,4,128,22,88,14" hai3="45,70,47,12,69,106,84,91,135,64,132,131,75"/><T23/><D104/><U38/><E38/><V62/><F110/><W60/><G75/><T43/><D81/><U78/><E129/><V127/><F35/><W52/><G106/><T31/><D31/><U125/><E125/><N who="2" m="47627" /><F128/><W73/><G73/><T119/><D119/><U41/><E133/><N who="3" m="51274" /><G131/><T74/><D74/><U15/><E86/><V116/><F116/><W94/><G69/><T53/><D7/><U108/><E78/><V72/><F72/><W79/><G79/><T25/><D1/><U107/><E27/><V50/><F37/><W96/><G12/><T36/><D43/><U71/><E24/><V34/><F34/><W54/><G84/><T67/><D121/><U77/><E120/><V30/><F30/><W87/><G87/><T124/><D124/><U103/><E108/><V19/><F4/><W10/><G10/><T29/><D39/><U105/><E77/><V90/><F62/><W111/><G111/><T8/><D36/><U82/><E11/><V55/><F68/><W9/><G9/><T51/><D8/><U33/><E71/><V5/><F5/><W56/><G54/><T6/><D6/><U83/><E42/><V109/><F109/><W2/><G2/><T98/><D51/><AGARI ba="1,0" hai="45,47,51,52,56,60,64,70,91,94,96" m="51274" machi="51" ten="30,2000,0" yaku="20,1,54,1" doraHai="118" who="3" fromWho="0" sc="435,-23,192,0,181,0,192,23" /><INIT seed="5,0,0,5,2,24" ten="412,192,181,215" oya="1" hai0="111,6,66,107,114,99,35,44,36,11,5,131,38" hai1="128,54,14,132,70,8,37,76,117,63,135,68,110" hai2="71,26,62,69,55,49,101,75,81,97,33,45,23" hai3="80,90,60,122,18,82,34,115,123,56,109,52,64"/><U1/><E1/><V16/><F33/><W121/><G109/><T2/><D111/><U42/><E110/><V134/><F134/><N who="1" m="51241" /><E117/><V29/><F62/><W72/><G115/><T79/><D6/><N who="1" m="3351" /><E128/><V98/><F98/><W30/><G18/><T113/><D131/><U118/><E118/><V58/><F58/><W28/><G34/><T40/><D66/><U124/><E124/><V31/><F75/><W94/><G64/><T25/><D79/><U15/><E76/><V13/><F81/><W74/><G80/><T133/><D133/><U78/><E78/><V129/><F129/><W65/><G82/><T57/><D57/><N who="1" m="35255" /><E15/><V0/><F0/><W95/><G95/><T47/><D47/><AGARI ba="0,0" hai="37,42,47,68,70" m="35255,3351,51241" machi="47" ten="30,1500,0" yaku="20,1" doraHai="24" who="1" fromWho="0" sc="412,-15,192,15,181,0,215,0" /><INIT seed="5,1,0,3,4,62" ten="397,207,181,215" oya="1" hai0="17,74,35,72,44,113,8,49,82,46,106,9,23" hai1="68,37,120,65,119,78,36,87,90,38,26,60,126" hai2="63,32,30,41,110,107,128,109,57,6,5,56,135" hai3="75,89,79,112,28,58,54,93,86,94,96,122,21"/><U118/><E126/><V12/><F107/><W85/><G122/><T73/><D35/><U103/><E120/><V14/><F41/><W15/><G112/><T29/><D29/><U132/><E132/><V104/><F104/><W130/><G130/><T10/><D106/><U116/><E78/><V77/><F77/><W134/><G134/><T125/><D125/><U102/><REACH who="1" step="1"/><E26/><REACH who="1" ten="397,197,181,215" step="2"/><V43/><F135/><W98/><G79/><T1/><D113/><U11/><E11/><V114/><F114/><W61/><G75/><T81/><D10/><U117/><N who="1" m="29696" /><DORA hai="20" /><U92/><AGARI ba="1,1" hai="36,37,38,60,65,68,87,90,92,102,103" m="29696" machi="92" ten="70,12000,1" yaku="1,1,4,1,0,1,52,1,53,0" doraHai="62,20" doraHaiUra="95,25" who="1" fromWho="1" sc="397,-41,197,133,181,-41,215,-41" /><INIT seed="5,2,0,4,5,135" ten="356,330,140,174" oya="1" hai0="111,69,70,25,31,9,50,47,78,75,128,67,62" hai1="132,105,100,29,4,98,106,40,17,5,36,104,37" hai2="24,20,43,22,91,23,73,116,124,56,84,127,126" hai3="21,112,80,64,115,119,88,26,13,114,93,83,97"/><U3/><E17/><V68/><F68/><W1/><G1/><T16/><D111/><U109/><E5/><V86/><F116/><W8/><G64/><T32/><D128/><U89/><E89/><V45/><F73/><W82/><G119/><T113/><D113/><U107/><E132/><V66/><F66/><W52/><G52/><T39/><D39/><U121/><E121/><V28/><F56/><W90/><G90/><T81/><D69/><U120/><E120/><V133/><F133/><W59/><G59/><T60/><D60/><U134/><E134/><V63/><F63/><W61/><G61/><T30/><D30/><U51/><E51/><N who="2" m="27071" /><F91/><W49/><G49/><T72/><D72/><U108/><E29/><V54/><F54/><W44/><G44/><T15/><D50/><U55/><E55/><V48/><F48/><W95/><G95/><T74/><D47/><N who="1" m="23943" /><E37/><V46/><F46/><W125/><G125/><T92/><D92/><U87/><E109/><V34/><AGARI ba="2,0" hai="20,22,23,24,28,34,84,86,124,126,127" m="27071" machi="34" ten="40,8000,1" yaku="18,1,52,3" doraHai="135" who="2" fromWho="2" sc="356,-22,330,-42,140,86,174,-22" /><INIT seed="6,0,0,3,3,28" ten="334,288,226,152" oya="2" hai0="42,44,123,15,54,39,61,21,66,75,27,99,53" hai1="110,18,49,67,52,63,88,111,36,92,105,30,76" hai2="112,79,119,41,81,55,7,114,129,135,108,117,98" hai3="93,0,20,32,71,68,2,56,33,64,78,60,16"/><V85/><F7/><W122/><G122/><T65/><D123/><U73/><E105/><V12/><F41/><W57/><G78/><T4/><D75/><U133/><E30/><V34/><F12/><W118/><G118/><N who="2" m="45065" /><F55/><W17/><G93/><T101/><D4/><U62/><E36/><V94/><F34/><W134/><G134/><T113/><D15/><U19/><E133/><V5/><F5/><W82/><G82/><T86/><D86/><U24/><E24/><V6/><F6/><W72/><G72/><T13/><D13/><U31/><E18/><V70/><F70/><W107/><G107/><T127/><D127/><U25/><E19/><V43/><F43/><W11/><G60/><T131/><D131/><U103/><E25/><V77/><F135/><W8/><G64/><T104/><D113/><N who="2" m="43626" /><F108/><W80/><G80/><T106/><D106/><U69/><E111/><V102/><F129/><W47/><G47/><T115/><D65/><U38/><E67/><V132/><F132/><W128/><G128/><T74/><D115/><U126/><E110/><V89/><AGARI ba="0,0" hai="77,79,81,85,89,94,98,102" m="43626,45065" machi="89" ten="30,6000,0" yaku="15,1,34,2" doraHai="28" who="2" fromWho="2" sc="334,-20,288,-20,226,60,152,-20" /><INIT seed="6,1,0,0,0,68" ten="314,268,286,132" oya="2" hai0="6,72,123,41,84,11,97,14,40,77,74,13,70" hai1="48,114,36,112,93,120,31,83,7,47,51,124,2" hai2="64,69,56,46,99,37,5,15,130,39,21,33,78" hai3="121,79,94,63,53,54,18,9,32,90,92,119,76"/><V95/><F33/><W106/><G106/><T110/><D70/><U129/><E31/><V103/><F69/><W88/><G119/><T128/><D128/><U59/><E93/><V4/><F130/><W75/><G32/><T127/><D127/><U29/><E29/><V24/><F78/><W91/><G121/><T17/><D110/><U113/><E129/><V118/><F118/><W65/><G65/><T3/><D123/><U23/><E23/><V67/><F67/><W0/><G0/><T96/><D3/><U27/><E27/><V58/><F46/><W86/><G75/><T35/><D35/><U108/><E120/><V62/><F56/><W20/><G9/><N who="0" m="6351" /><D74/><U52/><E108/><V85/><F85/><W116/><G116/><T73/><D73/><U102/><E102/><V82/><F82/><W45/><G54/><T134/><D134/><U55/><E83/><V107/><F107/><W26/><G90/><T105/><D72/><U12/><E124/><V109/><F109/><W43/><G53/><T61/><D61/><U44/><E2/><V101/><F101/><W125/><G63/><T19/><D6/><N who="2" m="2666" /><F15/><W25/><G25/><T30/><D30/><AGARI ba="1,0" hai="21,24,30,37,39,58,62,64,95,99,103" m="2666" machi="30" ten="30,5800,0" yaku="25,1,52,2" doraHai="68" who="2" fromWho="0" sc="314,-61,268,0,286,61,132,0" /><INIT seed="6,2,0,0,0,84" ten="253,268,347,132" oya="2" hai0="109,55,73,96,4,106,124,105,120,23,22,88,71" hai1="94,64,12,74,62,76,98,36,75,19,58,53,24" hai2="18,116,80,39,38,87,46,107,5,63,113,91,6" hai3="133,119,82,121,65,44,68,69,51,14,85,59,30"/><V103/><F116/><W49/><G119/><T117/><D117/><U77/><E36/><V126/><F113/><W54/><G121/><T79/><D109/><U127/><E127/><V15/><F126/><W43/><G30/><T130/><D120/><U48/><E24/><V9/><F63/><W16/><G65/><T25/><D124/><U27/><E27/><V123/><F123/><W2/><G2/><T86/><D130/><U83/><E76/><V66/><F66/><W72/><G72/><T110/><D110/><U93/><E75/><V115/><F115/><W111/><G133/><T56/><D71/><U35/><E35/><V45/><F38/><W28/><G28/><T42/><D42/><U104/><E104/><V99/><REACH who="2" step="1"/><F46/><REACH who="2" ten="253,268,337,132" step="2"/><W11/><REACH who="3" step="1"/><G111/><REACH who="3" ten="253,268,337,122" step="2"/><T61/><D61/><U32/><E62/><V131/><F131/><W50/><G50/><T132/><D132/><U3/><E48/><V13/><F13/><W29/><G29/><T89/><D73/><U102/><E12/><V134/><F134/><W92/><G92/><T95/><D105/><U47/><E93/><V0/><F0/><W81/><G81/><T108/><D106/><U118/><E94/><V37/><F37/><W7/><G7/><T129/><D4/><U20/><E3/><V122/><F122/><W1/><G1/><T90/><D108/><U8/><E64/><V52/><F52/><W97/><G97/><T57/><D129/><U10/><E98/><V26/><F26/><W78/><AGARI ba="2,2" hai="11,14,16,43,44,49,51,54,59,68,69,78,82,85" machi="78" ten="20,5200,0" yaku="1,1,0,1,7,1,54,1,53,0" doraHai="84" doraHaiUra="31" who="3" fromWho="3" sc="253,-15,268,-15,337,-28,122,78" /><INIT seed="7,0,0,4,1,103" ten="238,253,309,200" oya="3" hai0="65,71,61,48,120,67,90,21,45,29,38,89,77" hai1="127,74,11,57,86,58,100,80,62,24,85,32,12" hai2="109,113,41,19,82,125,131,64,8,132,124,79,42" hai3="7,59,110,128,119,104,49,33,31,5,81,4,26"/><W92/><G119/><T123/><D67/><U0/><E0/><V25/><F109/><W55/><G110/><T93/><D77/><U46/><E100/><V2/><F113/><W134/><G128/><T69/><D69/><U13/><E13/><N who="2" m="7591" /><F2/><W87/><G134/><T126/><D126/><N who="2" m="48746" /><F131/><W1/><G92/><T107/><D107/><U17/><E80/><V108/><F108/><W47/><G1/><T115/><D115/><U23/><E32/><V52/><F64/><W27/><G27/><T35/><D35/><U60/><E58/><V36/><F36/><W72/><G72/><T129/><D38/><U73/><E24/><V83/><F83/><W122/><G122/><T56/><D71/><U20/><E74/><V75/><F132/><W50/><G104/><T84/><D129/><U3/><E3/><V6/><F6/><W114/><G114/><T111/><D111/><U10/><E62/><V28/><F52/><W116/><G116/><T34/><D34/><AGARI ba="0,0" hai="25,28,34,41,42,75,79,82" m="48746,7591" machi="34" ten="30,1000,0" yaku="18,1" doraHai="103" who="2" fromWho="0" sc="238,-10,253,0,309,10,200,0" owari="228,-17.0,253,5.0,319,42.0,200,-30.0" /></mjloggm>