<mjloggm ver="2.3"><GO type="169" lobby="0"/><UN n0="%E3%82%A6%E3%83%AB%E3%83%88%E3%83%A9%E7%AB%8B%E7%9B%B4" n1="%E7%84%A1%E9%99%90%E6%9C%88%E8%AA%AD" n2="%E5%AE%8C%E5%85%A8%E7%84%A1%E6%95%B5%E5%B0%91%E5%A5%B3%44%58" n3="%E5%88%A5%E5%BD%93" dan="18,16,17,16" rate="2227.38,2015.02,2210.63,2023.84" sx="M,M,F,M"/><TAIKYOKU oya="0"/><INIT seed="0,0,0,3,0,120" ten="250,250,250,250" oya="0" hai0="62,105,111,53,129,82,95,108,67,100,116,121,74" hai1="119,123,46,60,37,22,36,113,66,72,54,55,32" hai2="78,23,43,18,91,50,42,8,133,126,71,44,3" hai3="27,102,26,89,122,64,88,6,68,49,109,87,24"/><T48/><D121/><U33/><E123/><V12/><F71/><W104/><G122/><T81/><D105/><U0/><E119/><V5/><F133/><W75/><G75/><T17/><D116/><U1/><E72/><V41/><F126/><W21/><G6/><T103/><D17/><U101/><E113/><V7/><F78/><W99/><G109/><N who="0" m="42059" /><D129/><U94/><E22/><V51/><F7/><W127/><G127/><T31/><D31/><U106/><E106/><V93/><F51/><W85/><G49/><T38/><D38/><U77/><E77/><V69/><F69/><W57/><G68/><N who="0" m="42103" /><D74/><U10/><E37/><V59/><F59/><W56/><G56/><N who="0" m="32807" /><D95/><U114/><E94/><V83/><F83/><AGARI ba="0,0" hai="81,82,83,100,103" m="32807,42103,42059" machi="83" ten="30,12000,1" yaku="14,1,10,1,52,3" doraHai="120" who="0" fromWho="2" sc="250,120,250,0,250,-120,250,0" /><INIT seed="0,1,0,3,3,100" ten="370,250,130,250" oya="0" hai0="89,88,16,25,32,122,80,97,10,45,71,67,96" hai1="23,31,8,87,123,124,92,53,13,21,68,60,12" hai2="39,106,5,125,24,19,55,34,29,20,128,63,82" hai3="81,115,110,74,84,70,37,7,0,109,30,66,95"/><T129/><D122/><U76/><E123/><V114/><F39/><W48/><G37/><T126/><D129/><U134/><E134/><V65/><F114/><W50/><G115/><T72/><D126/><U11/><E124/><V69/><F125/><W78/><G30/><T38/><D32/><U15/><E68/><V52/><F128/><W33/><G33/><T90/><D71/><U83/><E92/><V77/><F5/><W133/><G133/><T120/><D120/><U104/><E104/><V26/><REACH who="2" step="1"/><F106/><REACH who="2" ten="370,250,120,250" step="2"/><W79/><G7/><T130/><D130/><U111/><E111/><V112/><F112/><W4/><G4/><T41/><D67/><U28/><E28/><V135/><F135/><W75/><G66/><T103/><D103/><U101/><E101/><V49/><F49/><W57/><G50/><T118/><D118/><U2/><E31/><V117/><F117/><W56/><G48/><T36/><D36/><U22/><E2/><V18/><F18/><W94/><G0/><T27/><D97/><U44/><E44/><V131/><F131/><W43/><G110/><T102/><D96/><U17/><E17/><V119/><F119/><W107/><G109/><T116/><D102/><U6/><E6/><V61/><F61/><W99/><G99/><T108/><D108/><U64/><E64/><V9/><F9/><W3/><G107/><T73/><D116/><U98/><E98/><V58/><F58/><AGARI ba="1,1" hai="8,11,12,13,15,21,22,23,53,58,60,76,83,87" machi="58" ten="40,1300,0" yaku="8,1" doraHai="100" who="1" fromWho="2" sc="370,0,250,26,120,-16,250,0" /><INIT seed="1,0,0,0,1,15" ten="370,276,104,250" oya="1" hai0="102,93,50,36,90,127,4,108,75,22,105,0,129" hai1="74,116,64,72,45,73,82,25,99,114,8,103,120" hai2="107,37,54,59,94,3,51,39,126,52,6,21,56" hai3="87,122,76,112,133,2,84,81,38,29,9,123,68"/><U18/><E114/><V26/><F107/><W118/><G112/><T121/><D36/><U10/><E116/><V11/><F126/><W117/><G68/><T65/><D65/><U43/><E64/><V89/><F94/><W71/><G38/><T16/><D75/><U24/><E82/><V95/><F95/><W62/><G29/><T67/><D67/><U111/><E120/><V91/><F39/><W44/><G44/><T42/><D105/><U79/><E79/><V130/><F130/><W40/><G40/><T12/><D102/><U70/><E70/><V41/><F41/><W86/><G62/><T128/><D108/><U66/><E66/><V17/><REACH who="2" step="1"/><F37/><REACH who="2" ten="370,276,94,250" step="2"/><W7/><G71/><T96/><D127/><U1/><E43/><V83/><F83/><W23/><G122/><T101/><D121/><U104/><E104/><V85/><F85/><W14/><G123/><T100/><D128/><U77/><E74/><V78/><F78/><W109/><G109/><T135/><D129/><U30/><E111/><V33/><F33/><W49/><G81/><T28/><D42/><U92/><E77/><V20/><F20/><W131/><G76/><T125/><D22/><U63/><E72/><V5/><F5/><W132/><G131/><T134/><D4/><U57/><E73/><V46/><F46/><W61/><G23/><T19/><D125/><U31/><E45/><V27/><F27/><W98/><G7/><T55/><D93/><U53/><E92/><V58/><F58/><W106/><G106/><T34/><D34/><N who="1" m="20807" /><E57/><V32/><F32/><W110/><G110/><RYUUKYOKU ba="0,1" sc="370,-10,276,-10,94,30,250,-10" hai2="3,6,11,17,21,26,51,52,54,56,59,89,91" /><INIT seed="2,1,1,1,5,15" ten="360,266,124,240" oya="2" hai0="77,57,52,123,118,73,62,79,102,22,23,28,86" hai1="99,46,40,92,29,16,6,103,41,75,90,122,50" hai2="13,36,48,83,18,110,104,132,39,91,21,20,34" hai3="7,51,134,69,96,5,27,78,133,112,129,84,11"/><V61/><F34/><W100/><G69/><T4/><D123/><U106/><E75/><V9/><F104/><W67/><G129/><T95/><D73/><U89/><E122/><V105/><F105/><W111/><G111/><T12/><D118/><U108/><E108/><V87/><F110/><W127/><G67/><T124/><D124/><U8/><E29/><V45/><F132/><N who="3" m="50795" /><G127/><T126/><D126/><U63/><E41/><V128/><F128/><W109/><G109/><T97/><D86/><U24/><E63/><V43/><F61/><W76/><G51/><T42/><D42/><U98/><E90/><V55/><F39/><W54/><G54/><T131/><D131/><U68/><E68/><V17/><REACH who="2" step="1"/><F18/><REACH who="2" ten="360,266,114,240" step="2"/><W66/><G112/><T85/><D62/><U130/><E130/><V119/><F119/><W64/><G64/><T44/><D28/><U93/><E106/><V65/><F65/><W94/><G66/><T116/><D116/><U120/><E120/><V74/><F74/><W3/><G5/><T71/><D4/><U26/><E16/><V38/><F38/><W30/><G84/><T53/><D85/><U115/><E115/><V1/><F1/><AGARI ba="1,2" hai="1,6,8,24,26,40,46,50,89,92,93,98,99,103" machi="1" ten="30,1000,0" yaku="7,1" doraHai="15" who="1" fromWho="2" sc="360,0,266,33,114,-13,240,0" /><INIT seed="3,0,0,1,0,81" ten="360,299,101,240" oya="3" hai0="131,21,24,78,19,97,26,53,48,134,86,92,111" hai1="118,44,110,57,85,99,69,96,56,133,66,82,32" hai2="126,8,123,76,117,60,105,98,14,41,108,109,101" hai3="37,70,65,119,84,122,23,34,68,51,33,104,35"/><W112/><G112/><T4/><D111/><U74/><E74/><V31/><F117/><W75/><G37/><T22/><D131/><U0/><E32/><V12/><F123/><W89/><G75/><T127/><D134/><U64/><E0/><V95/><F126/><W47/><G122/><T116/><D127/><U94/><E69/><V52/><F41/><W54/><G119/><T43/><D4/><U6/><E118/><V10/><F31/><W3/><G3/><T38/><D38/><U106/><E110/><N who="2" m="42603" /><F76/><W25/><G104/><T100/><D43/><U16/><E133/><V72/><F72/><W87/><G65/><T128/><D128/><U103/><E6/><V17/><F105/><W9/><G9/><N who="2" m="3689" /><F17/><W62/><G62/><T125/><D125/><U130/><E130/><V20/><F20/><W50/><G50/><T5/><D5/><U18/><E64/><V67/><F67/><W13/><G13/><T45/><D116/><U46/><E66/><V61/><F61/><W11/><G11/><T63/><D63/><U129/><E129/><V115/><F115/><W58/><G68/><T73/><D73/><U40/><E106/><V29/><F29/><W88/><G70/><T107/><D107/><U93/><E40/><V71/><F71/><W7/><G7/><T80/><D22/><U30/><E30/><V90/><F101/><W36/><G36/><T39/><D39/><U15/><E103/><V77/><F77/><W121/><G121/><T132/><D132/><U135/><E135/><V83/><F83/><N who="3" m="49183" /><G34/><T2/><D2/><U42/><E15/><AGARI ba="0,0" hai="15,19,21,24,26,45,48,53,78,80,86,92,97,100" machi="15" ten="30,7700,0" yaku="6,1,7,1,8,1,52,1" doraHai="81" who="0" fromWho="1" sc="360,77,299,-77,101,0,240,0" /><INIT seed="4,0,0,1,1,109" ten="437,222,101,240" oya="0" hai0="135,5,14,83,18,54,131,58,113,1,104,89,90" hai1="64,128,60,65,20,10,15,12,112,126,9,74,33" hai2="46,121,23,70,16,108,28,115,36,92,127,97,3" hai3="80,103,132,55,117,85,62,2,52,17,44,93,130"/><T43/><D104/><U120/><E33/><V50/><F108/><W110/><G110/><T41/><D1/><U134/><E120/><V7/><F70/><W68/><G117/><T56/><D5/><U119/><E119/><V67/><F121/><W84/><G2/><T75/><D75/><U102/><E128/><V13/><F36/><W73/><G132/><T53/><D83/><U39/><E39/><V22/><F67/><W30/><G68/><T96/><D96/><U63/><E134/><V77/><F77/><W116/><G30/><T124/><D135/><U26/><E74/><V95/><F127/><W19/><G73/><T72/><D72/><U111/><E111/><V69/><F69/><W114/><G130/><T106/><D14/><U99/><E126/><V4/><F3/><W6/><G93/><T71/><D71/><U0/><E0/><V66/><F95/><W24/><G80/><T47/><D47/><U8/><E12/><V51/><F66/><W118/><G44/><T123/><D123/><U32/><E15/><V59/><F59/><W133/><G24/><T87/><D106/><U78/><E64/><V37/><F7/><W31/><G6/><T100/><D131/><U21/><E65/><V76/><F4/><W82/><G133/><T38/><D38/><U122/><E122/><V88/><F76/><W81/><G118/><T129/><D129/><U29/><E78/><V98/><F98/><W125/><G125/><T48/><D124/><U45/><E99/><V61/><F97/><W105/><G116/><T94/><D94/><U42/><E45/><RYUUKYOKU ba="0,0" sc="437,0,222,0,101,0,240,0" /><INIT seed="5,1,0,1,1,15" ten="437,222,101,240" oya="1" hai0="40,72,73,22,96,93,56,59,31,39,102,118,90" hai1="88,126,12,125,81,103,121,101,57,20,45,30,91" hai2="26,7,68,124,33,3,123,13,19,42,8,17,55" hai3="47,112,129,10,105,95,75,62,82,1,44,85,86"/><U114/><E121/><V18/><F68/><W60/><G105/><T5/><D5/><U65/><E114/><V69/><F69/><W46/><G75/><T71/><D71/><U133/><E133/><V131/><F42/><W49/><G112/><T54/><D39/><U92/><E45/><N who="3" m="17514" /><G1/><T134/><D40/><U127/><E81/><V50/><F123/><W89/><G10/><T67/><D118/><U66/><E91/><V48/><F131/><W38/><G38/><T63/><D134/><U2/><E2/><V41/><F41/><N who="3" m="24815" /><G129/><T74/><D90/><AGARI ba="1,0" hai="60,62,82,85,86,89,90,95" m="24815,17514" machi="90" ten="30,1000,0" yaku="8,1" doraHai="15" who="3" fromWho="0" sc="437,-13,222,0,101,0,240,13" /><INIT seed="6,0,0,1,1,59" ten="424,222,101,253" oya="2" hai0="125,30,133,93,127,42,135,23,15,36,11,111,130" hai1="71,100,119,29,38,116,48,124,32,63,97,40,31" hai2="21,12,95,70,44,84,4,18,110,80,78,35,54" hai3="92,89,25,9,6,1,68,122,50,82,112,17,0"/><V5/><F35/><W104/><G104/><T98/><D111/><U83/><E124/><N who="0" m="47689" /><D130/><U105/><E48/><N who="2" m="28935" /><F70/><W52/><G82/><T87/><D87/><U61/><E83/><V131/><F131/><W39/><G39/><T43/><D23/><U113/><E113/><V102/><F110/><W7/><G68/><T41/><D30/><U86/><E86/><V69/><F69/><W77/><G7/><N who="0" m="3583" /><D36/><U22/><E22/><V107/><F107/><W74/><G112/><T120/><D120/><U66/><E31/><V81/><F81/><W117/><G122/><T64/><D64/><N who="1" m="41359" /><E38/><V108/><F108/><W24/><G0/><T85/><D85/><U132/><E40/><V47/><F47/><W51/><G74/><T73/><D73/><U75/><E75/><V26/><F12/><W121/><G1/><T8/><D8/><U115/><E115/><V37/><F37/><W62/><G9/><T79/><D79/><U20/><E20/><V3/><F3/><W72/><G77/><T13/><D13/><U19/><E19/><V123/><F123/><W101/><G17/><T128/><D128/><U16/><E16/><V129/><F129/><W99/><G121/><T49/><D49/><U27/><E132/><V55/><F55/><W134/><G52/><T114/><D114/><U53/><E53/><V103/><F95/><W106/><G92/><T76/><D76/><U88/><E32/><V2/><F2/><W94/><G94/><T65/><D65/><U14/><E14/><V28/><F18/><W67/><G67/><T58/><D58/><U91/><E66/><RYUUKYOKU ba="0,0" sc="424,15,222,-15,101,15,253,-15" hai0="41,42,43,93,98,133,135" hai2="4,5,21,26,28,78,80,84,102,103" /><INIT seed="6,1,0,3,3,35" ten="439,207,116,238" oya="2" hai0="57,81,6,106,90,68,104,65,133,121,63,112,99" hai1="75,95,83,119,91,93,49,55,58,66,111,47,5" hai2="122,78,73,79,61,10,26,130,11,44,4,127,27" hai3="125,114,110,52,43,7,118,101,82,102,14,87,74"/><V21/><F122/><W126/><G74/><T131/><D121/><U28/><E111/><V128/><F127/><N who="3" m="48651" /><G110/><T129/><D6/><U45/><E119/><V105/><F105/><W16/><G118/><T31/><D31/><U40/><E28/><V8/><F4/><W92/><G43/><T70/><D112/><U53/><E66/><V24/><F44/><W86/><G114/><T60/><D133/><U109/><E109/><V88/><F61/><W56/><G92/><N who="0" m="56727" /><D81/><U36/><E5/><V85/><F21/><N who="3" m="11415" /><G87/><T51/><D51/><U94/><E75/><V9/><N who="2" m="2048" /><DORA hai="37" /><V89/><F73/><W50/><G7/><T33/><D33/><U42/><REACH who="1" step="1"/><E58/><REACH who="1" ten="439,197,116,238" step="2"/><V54/><F54/><W0/><G0/><T77/><D57/><U116/><E116/><V134/><F134/><W20/><G20/><T19/><D65/><U107/><E107/><V69/><F69/><W3/><G3/><T41/><D70/><U123/><E123/><V59/><F59/><W67/><G67/><T48/><D68/><U84/><AGARI ba="1,1" hai="36,40,42,45,47,49,53,55,83,84,91,93,94,95" machi="84" ten="30,7900,0" yaku="1,1,0,1,52,2,53,0" doraHai="35,37" doraHaiUra="97,113" who="1" fromWho="1" sc="439,-21,197,92,116,-40,238,-21" /><INIT seed="7,0,0,4,0,90" ten="418,289,76,217" oya="3" hai0="16,42,135,109,72,132,107,115,23,8,1,50,45" hai1="120,17,118,55,94,114,106,123,29,12,14,26,47" hai2="36,21,79,2,34,56,4,39,51,105,58,89,73" hai3="95,133,22,53,81,15,59,78,7,9,10,66,83"/><W104/><G104/><T99/><D72/><U131/><E106/><V40/><F34/><W33/><G33/><T6/><D109/><U117/><E114/><V65/><F105/><W74/><G133/><N who="0" m="51275" /><D115/><U30/><E131/><V121/><F121/><W41/><G41/><T76/><D76/><U46/><E55/><V24/><F39/><W128/><G66/><T88/><D88/><U25/><E17/><V49/><F65/><W108/><G83/><T44/><D44/><U3/><E94/><V71/><F71/><W125/><G125/><T97/><D107/><U35/><E35/><V100/><F100/><W13/><G22/><T87/><D87/><U110/><E3/><V102/><F102/><W96/><G128/><T116/><D116/><U62/><E62/><V18/><F58/><W67/><G67/><T111/><D111/><AGARI ba="0,0" hai="12,14,25,26,29,30,46,47,110,111,117,118,120,123" machi="111" ten="25,1600,0" yaku="22,2" doraHai="90" who="1" fromWho="0" sc="418,-16,289,16,76,0,217,0" owari="402,49.0,305,11.0,76,-42.0,217,-18.0" /></mjloggm>