<mjloggm ver="2.3"><GO type="169" lobby="0"/><UN n0="%E3%83%88%E3%83%88%E3%83%AA%E5%85%88%E7%94%9F%31%39%E6%AD%B3" n1="%E6%A1%9C%E4%BA%95%E3%81%95%E3%82%93" n2="%E3%83%9F%E3%83%92%E3%83%A3%E3%82%A8%E3%83%AB" n3="%E6%96%B0%E4%B8%96%E7%95%8C%E3%81%AE%E7%B4%99" dan="19,17,16,17" rate="2267.87,2245.11,2095.91,2159.73" sx="F,M,M,F"/><TAIKYOKU oya="0"/><INIT seed="0,0,0,4,0,101" ten="250,250,250,250" oya="0" hai0="135,92,96,6,69,59,21,32,123,49,126,133,83" hai1="47,34,40,118,51,15,27,53,125,115,91,77,23" hai2="95,33,103,76,17,60,113,99,109,2,66,18,43" hai3="29,86,112,90,13,36,68,8,14,84,131,111,134"/><T98/><D32/><U114/><E118/><V75/><F113/><N who="1" m="43017" /><E125/><V35/><F2/><W106/><G112/><T80/><D69/><U122/><E122/><V55/><F109/><W30/><G36/><T87/><D123/><U102/><E77/><V121/><F121/><W3/><G3/><T117/><D117/><U81/><E34/><V22/><F55/><W132/><G68/><T104/><D126/><U48/><E102/><V88/><F18/><W65/><G65/><T64/><D6/><U124/><E15/><V120/><F43/><W4/><G111/><T57/><D64/><U31/><E124/><V82/><F120/><W58/><G131/><T56/><D21/><U110/><E110/><V1/><F1/><W97/><G14/><T52/><D92/><U9/><E9/><V78/><F78/><W127/><G127/><T72/><D72/><U12/><E12/><V25/><REACH who="2" step="1"/><F103/><REACH who="2" ten="250,250,240,250" step="2"/><W54/><G8/><T10/><D10/><U107/><E53/><V42/><F42/><W129/><G54/><T41/><D41/><U89/><E40/><V45/><F45/><W94/><G4/><T50/><D52/><U61/><E47/><V74/><F74/><W11/><G11/><T93/><D50/><U100/><E48/><V85/><F85/><W19/><G86/><T105/><D49/><U20/><E51/><V0/><F0/><W63/><G84/><T46/><D46/><U108/><E108/><V130/><F130/><W119/><G129/><T79/><D80/><U16/><E81/><V71/><AGARI ba="0,1" hai="17,22,25,33,35,60,66,71,75,76,82,88,95,99" machi="71" ten="20,5200,0" yaku="1,1,0,1,7,1,54,1,53,0" doraHai="101" doraHaiUra="116" who="2" fromWho="2" sc="250,-26,250,-13,240,62,250,-13" /><INIT seed="1,0,0,1,3,30" ten="224,237,302,237" oya="1" hai0="5,97,107,67,77,72,2,17,26,65,31,64,123" hai1="62,7,134,81,69,114,53,28,68,12,128,38,61" hai2="58,16,33,121,32,91,122,56,99,85,94,51,109" hai3="18,78,113,90,89,45,40,73,37,119,57,125,44"/><U133/><E81/><V103/><F16/><W23/><G113/><T127/><D127/><U15/><E28/><V0/><F0/><W48/><G125/><T106/><D123/><U88/><E7/><V6/><F6/><W66/><G119/><T50/><D72/><U22/><E53/><V132/><F109/><W131/><G131/><T111/><D77/><U101/><E101/><V35/><F132/><W10/><G10/><T75/><D75/><U70/><E38/><V100/><F100/><W42/><G66/><T49/><D111/><U130/><E22/><V25/><F25/><W13/><REACH who="3" step="1"/><G57/><REACH who="3" ten="224,237,302,227" step="2"/><T60/><D65/><U74/><E70/><V34/><F121/><W8/><G8/><T117/><D64/><U47/><E114/><V118/><F118/><W71/><G71/><T14/><D117/><U36/><E68/><V54/><F122/><W29/><G29/><T27/><D31/><U115/><E69/><V135/><F135/><W124/><G124/><T41/><D67/><U104/><E115/><V79/><N who="2" m="8192" /><DORA hai="126" /><V96/><F58/><W92/><G92/><T108/><D108/><U59/><E59/><V9/><F9/><W116/><G116/><T43/><D2/><U20/><E133/><V105/><REACH who="2" step="1"/><F79/><REACH who="2" ten="224,237,292,227" step="2"/><W46/><G46/><T84/><D5/><U76/><E47/><V3/><F3/><W11/><G11/><T95/><D17/><U110/><E76/><V82/><F82/><AGARI ba="0,2" hai="13,18,23,37,40,42,44,45,48,73,78,82,89,90" machi="82" ten="40,2600,0" yaku="1,1,53,1" doraHai="30,126" doraHaiUra="19,55" who="3" fromWho="2" sc="224,0,237,0,292,-26,227,46" /><INIT seed="2,0,0,2,5,37" ten="224,237,266,273" oya="2" hai0="128,53,28,126,24,46,91,124,57,43,16,96,134" hai1="127,116,42,74,89,111,129,78,77,62,49,20,36" hai2="67,97,94,112,76,118,3,65,100,2,19,103,83" hai3="34,120,66,95,60,88,90,58,85,59,18,35,25"/><V68/><F112/><W101/><G120/><T23/><D128/><U115/><E115/><V40/><F118/><W72/><G72/><T99/><D134/><U12/><E116/><V133/><F133/><W92/><G101/><T69/><D69/><U121/><E36/><V87/><F103/><W1/><G1/><T113/><D113/><U119/><E119/><V48/><F19/><W21/><REACH who="3" step="1"/><G59/><REACH who="3" ten="224,237,266,263" step="2"/><T86/><D126/><U0/><E0/><V55/><F3/><W132/><G132/><T9/><D124/><U84/><E74/><V107/><F2/><W104/><G104/><T56/><D56/><U117/><E121/><V108/><F108/><W131/><G131/><T79/><D79/><U41/><E111/><V130/><F130/><W114/><G114/><T38/><D28/><U26/><E127/><V11/><F107/><W32/><G32/><T102/><D102/><U39/><E77/><V122/><F122/><W10/><G10/><T22/><D9/><U98/><E78/><V5/><F68/><W80/><G80/><T73/><D73/><U71/><E71/><V27/><F11/><W110/><G110/><T135/><D135/><U47/><E129/><V15/><F83/><W82/><G82/><T14/><D23/><U64/><E20/><V123/><F76/><W17/><G17/><T29/><D29/><U105/><E105/><V45/><F123/><W50/><G50/><T75/><D75/><U31/><E49/><V81/><F48/><W54/><G54/><T63/><D14/><U61/><E117/><V33/><F55/><W70/><G70/><RYUUKYOKU ba="0,1" sc="224,15,237,-15,266,-15,263,15" hai0="16,22,24,38,43,46,53,57,63,86,91,96,99" hai3="18,21,25,34,35,58,60,66,85,88,90,92,95" /><INIT seed="3,1,1,2,3,56" ten="239,222,251,278" oya="3" hai0="47,125,60,14,118,100,48,111,18,32,101,103,24" hai1="0,73,105,30,62,77,66,46,90,135,68,121,61" hai2="28,80,123,31,79,10,70,127,116,59,21,129,4" hai3="130,12,74,94,36,72,117,114,108,26,78,2,110"/><W63/><G2/><T92/><D118/><U53/><E0/><V64/><F70/><W102/><G117/><T51/><D125/><U87/><E121/><V93/><F127/><W20/><G114/><T113/><D113/><U67/><E105/><V49/><F116/><W17/><G36/><T71/><D111/><N who="3" m="42537" /><G130/><T109/><D109/><U75/><E135/><V65/><F129/><W58/><G78/><T89/><D24/><U107/><E107/><V39/><F39/><W104/><G104/><T120/><D32/><U6/><E6/><V7/><F93/><W8/><G102/><T128/><D120/><U25/><E77/><V131/><F131/><W82/><G82/><T1/><D1/><U11/><E11/><V83/><F79/><W76/><G94/><T55/><D128/><U98/><E98/><V19/><F83/><W45/><G45/><T57/><D47/><U23/><E53/><N who="2" m="32175" /><F80/><W106/><G106/><T34/><D34/><U88/><E46/><V134/><F134/><W85/><G85/><N who="0" m="52271" /><D71/><U33/><E33/><V52/><F65/><N who="3" m="39159" /><G76/><T27/><D103/><U22/><E87/><V42/><F123/><W122/><G122/><T5/><D101/><U69/><E22/><V95/><F95/><W126/><G126/><T81/><D81/><U54/><E54/><V133/><F64/><W9/><G9/><N who="0" m="4399" /><D100/><U99/><E99/><V115/><F115/><W97/><G97/><T119/><D119/><U41/><E41/><V132/><F42/><W3/><G3/><T37/><D37/><U124/><E124/><V84/><F133/><W91/><G91/><AGARI ba="1,1" hai="23,25,30,61,62,66,67,68,69,73,75,88,90,91" machi="91" ten="40,8000,1" yaku="6,1,9,1,52,2,54,1" doraHai="56" who="1" fromWho="3" sc="239,0,222,93,251,0,278,-83" /><INIT seed="4,0,0,5,2,81" ten="239,315,251,195" oya="0" hai0="73,30,79,100,23,105,78,77,37,97,127,83,91" hai1="98,41,104,14,119,36,74,21,0,52,103,113,8" hai2="89,114,68,134,121,128,51,20,46,47,102,40,27" hai3="95,3,76,29,69,123,85,48,63,65,6,39,59"/><T133/><D37/><U132/><E119/><V31/><F121/><W7/><G39/><T43/><D43/><U87/><E74/><V71/><F114/><W1/><G123/><T112/><D112/><U44/><E113/><V131/><F102/><W120/><G120/><T16/><D133/><U124/><E132/><V61/><F134/><W70/><G29/><T2/><D2/><U84/><E124/><V35/><F61/><W13/><G3/><T4/><D4/><U56/><E21/><V54/><F89/><W12/><G1/><T72/><D30/><U116/><E0/><V55/><F35/><W49/><G69/><N who="2" m="26697" /><F47/><W42/><G70/><T45/><D45/><U101/><E101/><V115/><F115/><W109/><G109/><T5/><D5/><N who="3" m="1545" /><G42/><T28/><D28/><U126/><E116/><V9/><F9/><W24/><G24/><T38/><D38/><U135/><E126/><V67/><F67/><W129/><G129/><AGARI ba="0,0" hai="20,27,31,40,46,51,54,55,128,129,131" m="26697" machi="129" ten="30,1000,0" yaku="19,1" doraHai="81" who="2" fromWho="3" sc="239,0,315,0,251,10,195,-10" /><INIT seed="5,0,0,3,2,111" ten="239,315,261,185" oya="1" hai0="91,54,65,106,127,68,83,53,135,122,133,87,38" hai1="17,58,51,130,0,98,82,1,79,74,49,42,15" hai2="119,35,48,55,47,131,80,116,46,95,92,60,59" hai3="56,76,11,34,125,29,90,85,9,89,19,123,75"/><U52/><E130/><V72/><F131/><W105/><G123/><T114/><D38/><U28/><E28/><V126/><F35/><W14/><G105/><T31/><D106/><U45/><REACH who="1" step="1"/><E98/><REACH who="1" ten="239,305,261,185" step="2"/><V3/><F119/><W2/><G29/><T16/><D31/><U128/><E128/><V6/><F116/><W36/><G34/><T110/><D122/><U117/><E117/><V8/><F126/><W134/><G125/><T63/><D127/><U120/><E120/><V57/><F47/><W103/><G134/><T25/><D110/><U99/><E99/><V94/><F46/><W77/><G77/><T43/><D133/><U32/><E32/><V18/><F59/><W112/><G76/><T24/><D135/><U39/><E39/><V81/><F57/><W21/><G36/><T27/><D43/><U67/><E67/><V71/><F72/><W4/><G75/><T115/><REACH who="0" step="1"/><D16/><REACH who="0" ten="229,305,261,185" step="2"/><U13/><E13/><V7/><F18/><W73/><G14/><T104/><D104/><U129/><E129/><V20/><F20/><AGARI ba="0,2" hai="0,1,15,17,20,42,45,49,51,52,58,74,79,82" machi="20" ten="30,5800,0" yaku="1,1,7,1,54,1,53,0" doraHai="111" doraHaiUra="70" who="1" fromWho="2" sc="229,0,305,78,261,-58,185,0" /><INIT seed="5,1,0,5,1,129" ten="229,383,203,185" oya="1" hai0="38,44,73,51,19,79,17,43,113,130,36,41,66" hai1="5,115,34,15,132,133,87,10,1,85,101,80,59" hai2="32,105,9,112,92,76,83,131,72,28,110,3,21" hai3="26,47,70,37,23,12,16,135,88,117,14,108,54"/><U64/><E34/><V7/><F110/><W71/><G108/><T74/><D130/><U111/><E111/><V35/><F131/><W20/><G117/><T62/><D113/><U68/><E68/><V55/><F112/><W2/><G2/><T96/><D96/><U53/><E115/><V98/><F105/><W94/><G135/><N who="1" m="51786" /><E64/><V109/><F109/><W30/><G14/><T120/><D120/><U114/><E114/><V119/><F119/><W6/><G6/><T46/><D51/><N who="1" m="31167" /><E101/><V42/><F35/><W123/><G123/><T91/><D62/><U22/><E80/><V60/><F32/><W121/><G121/><T128/><D66/><U25/><E1/><V78/><F83/><W118/><G118/><T61/><D61/><U58/><E58/><V127/><F3/><W48/><REACH who="3" step="1"/><G37/><REACH who="3" ten="229,383,203,175" step="2"/><T106/><D128/><U134/><E134/><V95/><F7/><W0/><G0/><T84/><D38/><U103/><E103/><V81/><F127/><W29/><G29/><AGARI ba="1,1" hai="5,10,15,22,25,29,85,87" m="31167,51786" machi="29" ten="30,11600,0" yaku="20,1,52,3" doraHai="129" who="1" fromWho="3" sc="229,0,383,129,203,0,175,-119" /><INIT seed="5,2,0,0,1,73" ten="229,512,203,56" oya="1" hai0="3,49,68,93,79,104,26,32,12,122,66,31,133" hai1="127,29,11,75,59,80,83,43,41,52,13,2,56" hai2="130,119,54,16,84,15,46,98,123,60,114,106,117" hai3="39,120,77,40,63,57,34,21,105,67,6,115,101"/><U65/><E2/><V28/><F123/><W111/><G120/><T124/><D3/><U87/><E127/><V20/><F130/><W35/><G111/><T131/><D122/><U99/><E29/><V91/><F114/><W44/><G115/><T19/><D104/><U94/><E75/><V27/><F98/><W51/><G6/><T135/><D131/><U9/><E65/><V42/><F106/><W71/><G101/><T76/><D124/><U110/><E110/><V121/><F121/><W55/><G105/><T22/><D49/><N who="1" m="30735" /><E59/><V112/><F112/><W61/><G61/><T47/><D47/><U69/><E69/><V5/><F5/><W132/><G132/><N who="0" m="50763" /><D93/><U4/><E9/><V78/><F54/><W1/><G1/><T45/><D45/><U88/><E83/><V62/><F117/><W103/><G103/><AGARI ba="2,0" hai="4,11,13,41,43,80,87,88,94,99,103" m="30735" machi="103" ten="30,5800,0" yaku="8,1,54,2" doraHai="73" who="1" fromWho="3" sc="229,0,512,64,203,0,56,-64" owari="229,3.0,576,68.0,203,-20.0,-8,-51.0" /></mjloggm>