<mjloggm ver="2.3"><GO type="169" lobby="0"/><UN n0="%E3%82%A6%E3%83%AB%E3%83%88%E3%83%A9%E7%AB%8B%E7%9B%B4" n1="%E3%81%AD%E3%81%8D%E3%81%9B%40" n2="%61%72%61%67%69%65%6E" n3="%E3%82%B8%E3%83%A3%E3%83%83%E3%82%AB%EF%BD%9E%E3%83%AB" dan="18,16,16,17" rate="2249.51,2150.20,2098.74,2154.31" sx="M,F,M,F"/><TAIKYOKU oya="0"/><INIT seed="0,0,0,0,4,56" ten="250,250,250,250" oya="0" hai0="77,11,135,130,92,82,127,118,88,121,69,10,1" hai1="49,125,128,48,84,14,16,86,132,27,104,60,44" hai2="105,26,65,106,100,115,22,62,40,123,43,32,87" hai3="46,35,53,68,126,25,0,129,64,24,112,42,72"/><T19/><D118/><U73/><E73/><V4/><F123/><W37/><G112/><T29/><D121/><U117/><E117/><V23/><F115/><W122/><G122/><T119/><D119/><U79/><E104/><V76/><F32/><W57/><G126/><T110/><D69/><U51/><E125/><V55/><F4/><W133/><G133/><T8/><D127/><U39/><E132/><V85/><F55/><W116/><G116/><T15/><D135/><U120/><E120/><V12/><F12/><W124/><G124/><T113/><D113/><U28/><E128/><V94/><F94/><W95/><G129/><T5/><D130/><U50/><E39/><V58/><F22/><W134/><G134/><T30/><D11/><U54/><E79/><V36/><F85/><W75/><G0/><T80/><D110/><U45/><E45/><V90/><F36/><W34/><G34/><T63/><D63/><U33/><REACH who="1" step="1"/><E60/><REACH who="1" ten="250,240,250,250" step="2"/><V9/><F76/><W61/><G95/><T89/><D82/><U59/><E59/><V21/><F58/><W47/><G47/><T41/><D41/><U108/><E108/><V2/><F43/><W74/><REACH who="3" step="1"/><G35/><REACH who="3" ten="250,240,250,240" step="2"/><T66/><D92/><U111/><E111/><V52/><F105/><W31/><G31/><T107/><D107/><U17/><E17/><V38/><F106/><W97/><G97/><T96/><D96/><U101/><E101/><V114/><F100/><W7/><G7/><T6/><D6/><U18/><E18/><V78/><F114/><W109/><G109/><T20/><D19/><U13/><E13/><RYUUKYOKU ba="0,2" sc="250,-15,240,15,250,-15,240,15" hai1="14,16,27,28,33,44,48,49,50,51,54,84,86" hai3="24,25,37,42,46,53,57,61,64,68,72,74,75" /><INIT seed="1,1,2,0,2,59" ten="235,255,235,255" oya="1" hai0="5,18,102,19,26,85,128,135,119,80,66,117,33" hai1="69,94,98,9,116,111,42,71,75,27,44,122,130" hai2="1,123,101,21,2,64,133,105,83,37,47,65,6" hai3="125,60,91,87,78,54,109,99,55,72,7,107,132"/><U4/><E116/><V46/><F123/><W13/><G109/><T40/><D128/><U3/><E122/><V62/><F133/><W77/><G125/><T53/><D135/><U81/><E111/><V68/><F65/><W34/><G132/><T32/><D40/><U41/><E41/><V8/><F1/><W39/><G39/><T126/><D126/><U12/><E12/><V89/><F37/><W121/><G121/><T84/><D102/><U31/><E130/><V112/><F112/><W92/><G34/><T58/><D66/><U114/><E114/><V100/><F21/><W124/><G124/><T82/><D58/><U115/><E115/><V93/><F83/><W96/><G107/><T11/><D53/><U67/><E67/><V0/><F0/><W45/><G72/><T70/><D26/><U104/><E104/><V129/><F129/><W90/><G54/><T103/><D103/><N who="1" m="60887" /><E27/><V97/><REACH who="2" step="1"/><F101/><REACH who="2" ten="235,255,225,255" step="2"/><W86/><G77/><T50/><D119/><U16/><E81/><V134/><F134/><W28/><G78/><T48/><D117/><U24/><E3/><V35/><F35/><W43/><G28/><T30/><D30/><U74/><E31/><V88/><F88/><W36/><G90/><T127/><D127/><U73/><E73/><V118/><F118/><W76/><G76/><T108/><D108/><U15/><E75/><V79/><F79/><W25/><G91/><T63/><D33/><U131/><E74/><V20/><F20/><W56/><G36/><T61/><D32/><U110/><E131/><V52/><F52/><W57/><G55/><RYUUKYOKU ba="1,3" sc="235,-10,255,-10,225,30,255,-10" hai2="2,6,8,46,47,62,64,68,89,93,97,100,105" /><INIT seed="2,2,3,0,4,119" ten="225,245,255,245" oya="2" hai0="58,55,109,117,114,47,26,97,34,99,70,112,71" hai1="67,110,3,45,32,80,107,17,125,103,77,120,11" hai2="4,83,2,44,135,56,22,68,95,113,66,54,50" hai3="9,111,52,88,90,27,81,116,86,28,1,20,7"/><V105/><F113/><W43/><G116/><T133/><D117/><U75/><E32/><V101/><F135/><W36/><G111/><T74/><D74/><U123/><E110/><V14/><F105/><W124/><G124/><T18/><D109/><U91/><E125/><V130/><F130/><W35/><G36/><T12/><D47/><U37/><E67/><V84/><F2/><W96/><G43/><T132/><D26/><U89/><E103/><V46/><F68/><W8/><G8/><T94/><D34/><U72/><E107/><V51/><F66/><W16/><G52/><T62/><D70/><U5/><E17/><N who="2" m="10551" /><F4/><W31/><REACH who="3" step="1"/><G35/><REACH who="3" ten="225,245,255,235" step="2"/><T53/><D55/><U87/><E37/><V13/><F50/><W40/><G40/><T108/><D108/><U48/><E48/><V92/><F44/><W42/><G42/><T126/><D126/><U102/><E45/><V82/><F46/><W25/><G25/><T6/><D114/><U98/><E75/><V127/><F127/><W93/><AGARI ba="2,4" hai="1,7,9,16,20,27,28,31,81,86,88,90,93,96" machi="93" ten="30,7900,0" yaku="1,1,0,1,54,2,53,0" doraHai="119" doraHaiUra="134" who="3" fromWho="3" sc="225,-22,245,-22,255,-41,235,125" /><INIT seed="3,0,0,3,3,69" ten="203,223,214,360" oya="3" hai0="63,59,107,77,118,60,127,13,19,83,57,82,41" hai1="17,128,27,125,103,34,133,43,110,101,11,47,3" hai2="7,119,117,48,81,105,12,87,124,126,86,78,29" hai3="31,61,74,9,106,85,80,91,72,65,38,70,54"/><W28/><G106/><T122/><D107/><U109/><E125/><N who="2" m="48235" /><F105/><W88/><G38/><T6/><D127/><U53/><E53/><V121/><F121/><W37/><G37/><T108/><D122/><U14/><E3/><V30/><F48/><W132/><G132/><T64/><D118/><N who="2" m="45066" /><F87/><W104/><G104/><T120/><D120/><U76/><E76/><V114/><F114/><W79/><G9/><AGARI ba="0,0" hai="7,9,12,29,30,78,81,86" m="45066,48235" machi="9" ten="30,1000,0" yaku="18,1" doraHai="69" who="2" fromWho="3" sc="203,0,223,0,214,10,360,-10" /><INIT seed="4,0,0,1,2,27" ten="203,223,224,350" oya="0" hai0="44,14,127,95,72,31,128,26,130,39,89,37,17" hai1="20,82,16,46,2,111,85,22,36,76,100,81,21" hai2="116,99,135,77,65,51,90,41,25,118,47,84,121" hai3="53,66,55,126,75,33,30,54,79,62,102,93,129"/><T69/><D72/><U71/><E111/><V64/><F121/><W122/><G122/><T110/><D69/><U105/><E2/><V43/><F135/><W61/><G126/><T40/><D39/><U92/><E71/><V80/><F43/><W56/><G129/><N who="0" m="49771" /><D127/><U133/><E133/><V120/><F120/><W123/><G123/><T88/><D110/><U104/><E92/><N who="2" m="56727" /><F25/><W4/><G4/><T86/><D89/><U106/><E36/><V115/><F115/><W94/><G79/><T45/><D45/><U19/><E46/><V91/><F91/><W32/><G75/><T112/><D112/><U114/><E114/><V3/><F3/><W49/><G33/><N who="0" m="20727" /><D14/><U134/><E134/><V96/><F96/><W18/><G62/><T98/><D17/><U23/><E82/><V0/><F0/><W117/><G18/><T109/><D109/><U48/><E48/><V131/><F131/><W57/><G49/><T119/><D119/><AGARI ba="0,0" hai="41,47,51,64,65,77,80,84,116,118,119" m="56727" machi="119" ten="30,1000,0" yaku="12,1" doraHai="27" who="2" fromWho="0" sc="203,-10,223,0,224,10,350,0" /><INIT seed="5,0,0,4,3,54" ten="193,223,234,350" oya="1" hai0="34,38,64,85,80,122,14,41,36,26,24,100,86" hai1="104,70,107,48,55,9,66,8,106,50,28,20,135" hai2="117,124,23,105,37,118,72,109,127,18,71,125,88" hai3="128,22,31,62,63,134,6,49,40,108,27,110,90"/><U15/><E135/><V75/><F109/><W30/><G134/><T74/><D122/><U123/><E123/><V21/><F71/><W12/><G128/><T46/><D38/><U58/><E50/><V16/><F37/><W87/><G110/><T53/><D64/><U84/><E84/><V52/><F105/><W17/><G108/><T3/><D3/><U1/><E1/><V60/><F88/><W120/><G120/><T32/><D100/><U61/><REACH who="1" step="1"/><E15/><REACH who="1" ten="193,213,234,350" step="2"/><N who="2" m="9375" /><F117/><W67/><G49/><T45/><D14/><U29/><E29/><V68/><F118/><W115/><G31/><T97/><D86/><U4/><E4/><V116/><F116/><W59/><G6/><T81/><D85/><U96/><E96/><V102/><F75/><W47/><G63/><T89/><D97/><U112/><E112/><V129/><F72/><W93/><G115/><T25/><D74/><U13/><E13/><V69/><F129/><W33/><G12/><T56/><D46/><U77/><E77/><V132/><F132/><W126/><G47/><T79/><D79/><U133/><E133/><V130/><F130/><W51/><G30/><T82/><REACH who="0" step="1"/><D89/><REACH who="0" ten="183,213,234,350" step="2"/><U65/><E65/><V91/><F91/><N who="3" m="53503" /><G67/><T39/><D39/><U5/><E5/><V94/><F124/><W2/><G126/><T76/><D76/><U78/><E78/><V98/><F125/><W35/><G90/><T73/><D73/><U43/><E43/><V0/><F0/><W111/><G2/><T103/><D103/><U11/><E11/><V99/><F127/><W44/><G111/><T19/><D19/><RYUUKYOKU ba="0,2" sc="183,10,213,10,234,-30,350,10" hai0="24,25,26,32,34,36,41,45,53,56,80,81,82" hai1="8,9,20,28,48,55,58,61,66,70,104,106,107" hai3="17,22,27,33,35,40,44,51,59,62" /><INIT seed="5,1,2,1,1,51" ten="193,223,204,360" oya="1" hai0="31,90,60,29,106,109,36,96,122,47,100,67,66" hai1="70,123,22,78,91,43,26,116,112,87,15,63,75" hai2="102,61,103,49,93,17,74,134,62,111,95,120,131" hai3="128,23,6,55,57,79,130,68,77,34,84,33,124"/><U94/><E116/><V108/><F120/><W99/><G68/><T65/><D109/><U114/><E123/><V11/><F74/><W8/><G124/><T113/><D113/><N who="1" m="43627" /><E43/><V54/><F131/><N who="3" m="50219" /><G23/><T35/><D122/><U126/><E126/><V20/><F134/><W7/><G99/><T27/><D31/><N who="1" m="17879" /><E15/><V24/><F108/><W0/><G6/><T127/><D127/><U71/><E63/><N who="2" m="24075" /><F11/><W10/><G10/><T110/><D110/><U135/><E135/><V117/><F117/><W12/><G12/><T45/><D36/><U73/><E78/><N who="3" m="29706" /><G84/><T115/><D115/><U21/><E21/><V81/><F81/><W44/><G44/><T80/><D47/><U5/><E5/><V3/><F3/><W129/><G129/><T101/><D45/><U133/><E133/><V30/><F111/><W76/><G76/><T46/><D46/><U50/><E73/><V25/><F25/><W4/><G4/><T82/><D66/><U18/><E75/><V14/><F14/><W69/><G69/><T88/><D67/><U58/><E70/><V121/><F121/><W64/><G64/><T28/><D28/><U38/><E38/><V97/><F30/><W104/><G104/><T40/><D40/><U1/><E71/><V39/><F39/><W92/><G92/><N who="2" m="35401" /><F97/><W105/><G105/><T9/><D9/><U86/><E1/><V19/><F19/><W59/><G59/><AGARI ba="1,2" hai="17,20,24,49,54,59,102,103" m="35401,24075" machi="59" ten="30,2000,0" yaku="8,1,52,1" doraHai="51" who="2" fromWho="3" sc="193,0,223,0,204,43,360,-23" /><INIT seed="6,0,0,0,4,66" ten="193,223,247,337" oya="2" hai0="99,131,36,19,25,30,12,52,95,114,47,121,1" hai1="35,92,40,27,62,67,79,41,49,23,106,29,84" hai2="6,115,18,4,26,34,88,97,5,64,80,100,3" hai3="85,65,31,93,101,50,38,15,107,118,133,45,17"/><V108/><F115/><W9/><G118/><T94/><D121/><U53/><E106/><V81/><F108/><W70/><G133/><T86/><D131/><U111/><E111/><V69/><F3/><W83/><G38/><T20/><D114/><U125/><E125/><V119/><F119/><W58/><G107/><T71/><D1/><U51/><E35/><V46/><F46/><W13/><G31/><T77/><D36/><U2/><E2/><V126/><F126/><W110/><G110/><T7/><D7/><U48/><E53/><V87/><F80/><W24/><G70/><T61/><D71/><U123/><E123/><V21/><F34/><W90/><G13/><T43/><D43/><U78/><E92/><V129/><F129/><W117/><G117/><T91/><D77/><N who="1" m="29195" /><E84/><V42/><F42/><W57/><G65/><T73/><D73/><U122/><E122/><V128/><F128/><W60/><G60/><T28/><D12/><U32/><E32/><V112/><F112/><W0/><G0/><T74/><D74/><U76/><N who="1" m="29203" /><U55/><DORA hai="96" /><E67/><V10/><F64/><W134/><G24/><T39/><D39/><U120/><E120/><V109/><F69/><W11/><G134/><T102/><D61/><U82/><E82/><V113/><F113/><W14/><G93/><T44/><D52/><U72/><E72/><V103/><F109/><W104/><G104/><T33/><D33/><U124/><E124/><V63/><F63/><W127/><G127/><T59/><D59/><AGARI ba="0,0" hai="23,27,29,40,41,48,49,51,55,59,62" m="29203" machi="59" ten="40,1300,0" yaku="8,1" doraHai="66,96" who="1" fromWho="0" sc="193,-13,223,13,247,0,337,0" /><INIT seed="7,0,0,2,2,99" ten="180,236,247,337" oya="3" hai0="95,62,1,101,115,24,132,80,30,113,48,16,41" hai1="21,64,97,71,23,33,110,75,81,117,128,106,98" hai2="78,86,4,26,27,58,45,116,22,121,12,2,94" hai3="47,124,65,9,7,84,104,6,76,119,130,63,105"/><W44/><G119/><T87/><D1/><U42/><E110/><V18/><F121/><W103/><G124/><T111/><D111/><U0/><E0/><V5/><F2/><W36/><G130/><T107/><D107/><U57/><E71/><V32/><F32/><W70/><G6/><T66/><D132/><U17/><E33/><V14/><F45/><W123/><G123/><T35/><D48/><U134/><E42/><V54/><F27/><W25/><G25/><T11/><D41/><U100/><E128/><V93/><F78/><W73/><G84/><T50/><D50/><U59/><E134/><V109/><F86/><W56/><G70/><T72/><D72/><U135/><E135/><V118/><F109/><W52/><G65/><T43/><D43/><U8/><E98/><V108/><F108/><W13/><G105/><T129/><D129/><U31/><E117/><V133/><F133/><W53/><G104/><T90/><D80/><U82/><E82/><V127/><F116/><W46/><G76/><T112/><D101/><U51/><E51/><V69/><F127/><W37/><G103/><T20/><D11/><U40/><E40/><V3/><F3/><W67/><G73/><T55/><D55/><U131/><E131/><V74/><F74/><W89/><G37/><T49/><D49/><U85/><E75/><V120/><F54/><N who="3" m="21099" /><G36/><T88/><D90/><AGARI ba="0,0" hai="7,9,13,44,46,47,56,63,67,89,90" m="21099" machi="90" ten="30,2900,0" yaku="8,1,54,1" doraHai="99" who="3" fromWho="0" sc="180,-29,236,0,247,0,337,29" owari="151,-35.0,236,-16.0,247,5.0,366,46.0" /></mjloggm>