<mjloggm ver="2.3"><GO type="169" lobby="0"/><UN n0="%E3%82%B9%E3%82%BF%E3%83%BC%E3%81%B2%E3%82%8D%E3%81%98" n1="%E3%83%88%E3%83%88%E3%83%AA%E5%85%88%E7%94%9F%31%39%E6%AD%B3" n2="%E3%80%93%E5%AE%AE%E6%A3%AE%E3%81%82%E3%81%8A%E3%81%84%E3%80%93" n3="%E7%B4%97%E4%BB%A3" dan="16,19,16,16" rate="2085.51,2288.22,2191.50,2146.73" sx="M,F,F,F"/><TAIKYOKU oya="0"/><INIT seed="0,0,0,2,1,10" ten="250,250,250,250" oya="0" hai0="100,84,7,87,63,13,39,56,135,68,74,113,55" hai1="48,47,108,46,32,73,97,25,120,6,59,40,35" hai2="109,36,85,62,124,128,34,130,103,14,75,9,33" hai3="122,77,19,61,71,2,106,86,58,30,45,31,133"/><T21/><D74/><U83/><E120/><V125/><F75/><W41/><G106/><T37/><D113/><U50/><E108/><V54/><F36/><W107/><G107/><T3/><D3/><U44/><E44/><V112/><F103/><W118/><G118/><T115/><D115/><U116/><E116/><V105/><F105/><W66/><G2/><T117/><D117/><U92/><E59/><N who="2" m="35191" /><F112/><W72/><G72/><T12/><D135/><U127/><E127/><N who="2" m="48715" /><F85/><N who="0" m="32842" /><D68/><U78/><E25/><V27/><F109/><W18/><G71/><T4/><D37/><U134/><E6/><N who="0" m="2089" /><D39/><U16/><E16/><N who="3" m="6186" /><G133/><T69/><D69/><U49/><E134/><V95/><F95/><W98/><G98/><T42/><D42/><U91/><REACH who="1" step="1"/><E50/><REACH who="1" ten="250,240,250,250" step="2"/><V65/><F27/><W38/><G38/><T51/><D21/><U126/><E126/><V22/><F22/><W81/><G122/><T43/><D100/><U114/><E114/><V129/><F34/><W11/><G11/><T80/><D80/><U8/><E8/><V76/><F33/><W104/><G81/><T88/><D88/><U52/><AGARI ba="0,1" hai="32,35,40,46,47,48,49,52,73,78,83,91,92,97" machi="52" ten="20,5200,0" yaku="1,1,0,1,7,1,54,1,53,0" doraHai="10" doraHaiUra="111" who="1" fromWho="1" sc="250,-26,240,62,250,-13,250,-13" /><INIT seed="1,0,0,3,3,103" ten="224,302,237,237" oya="1" hai0="92,72,108,131,78,33,95,119,77,62,128,114,101" hai1="48,75,91,74,52,0,113,133,110,86,34,94,44" hai2="45,69,22,120,102,50,84,42,30,115,10,104,24" hai3="15,5,124,23,121,7,16,38,123,130,98,107,58"/><U87/><E113/><V47/><F120/><W80/><G38/><T132/><D33/><U63/><E0/><V8/><F115/><W88/><G130/><T82/><D114/><U93/><E34/><V61/><F69/><W18/><G124/><T81/><D62/><U13/><E110/><V19/><F61/><W57/><G123/><T12/><D12/><U26/><E133/><V79/><F79/><W122/><G121/><T99/><D119/><U106/><E106/><V59/><F59/><W116/><G116/><T25/><D25/><U85/><E26/><V73/><F73/><W90/><G122/><T112/><D112/><U97/><E94/><V126/><F84/><N who="3" m="50183" /><G107/><N who="0" m="63935" /><D132/><U127/><E127/><V9/><F126/><W49/><G49/><T55/><D55/><U31/><E31/><V28/><REACH who="2" step="1"/><F45/><REACH who="2" ten="224,302,227,237" step="2"/><W129/><G58/><T32/><D108/><U70/><E70/><V134/><F134/><W39/><G57/><T76/><D32/><U14/><E63/><V40/><F40/><W105/><G129/><N who="0" m="49739" /><D77/><U89/><E44/><V96/><AGARI ba="0,1" hai="8,9,10,19,22,24,28,30,42,47,50,96,102,104" machi="96" ten="30,4000,0" yaku="1,1,0,1,52,1,53,0" doraHai="103" doraHaiUra="29" who="2" fromWho="2" sc="224,-10,302,-20,227,50,237,-10" /><INIT seed="2,0,0,1,5,20" ten="214,282,277,227" oya="2" hai0="119,39,103,52,74,30,22,58,50,32,35,82,9" hai1="51,126,14,47,15,86,108,104,102,115,107,99,11" hai2="41,37,121,33,98,44,45,28,75,2,116,106,124" hai3="69,132,114,27,112,120,6,68,89,71,125,87,81"/><V85/><F116/><W129/><G120/><T0/><D103/><U72/><E115/><N who="3" m="44074" /><G132/><T25/><D39/><U76/><E72/><V12/><F121/><W46/><G129/><T60/><D119/><U55/><E108/><V113/><F113/><W34/><G125/><T134/><D134/><U80/><E126/><V56/><F75/><W84/><G6/><T49/><D0/><U48/><E104/><V4/><F2/><W109/><G109/><T131/><D9/><U10/><E10/><V43/><F56/><W111/><G111/><T18/><D131/><U1/><REACH who="1" step="1"/><E48/><REACH who="1" ten="214,272,277,227" step="2"/><V79/><F106/><W7/><G7/><AGARI ba="0,1" hai="1,7,11,14,15,47,51,55,76,80,86,99,102,107" machi="7" ten="40,2600,0" yaku="1,1,2,1,53,0" doraHai="20" doraHaiUra="21" who="1" fromWho="3" sc="214,0,272,36,277,0,227,-26" /><INIT seed="3,0,0,4,1,135" ten="214,308,277,201" oya="3" hai0="132,30,84,50,59,126,15,90,12,46,112,55,61" hai1="118,94,95,60,73,108,85,42,133,127,75,25,3" hai2="88,98,125,105,33,68,134,104,113,45,102,69,0" hai3="51,114,66,96,111,22,72,57,70,92,4,24,122"/><W52/><G114/><T115/><D30/><U93/><E3/><V77/><F113/><N who="0" m="43594" /><D132/><U31/><E133/><V56/><F134/><W91/><G122/><T129/><D129/><U64/><E108/><V10/><F33/><W53/><G72/><T9/><D9/><U32/><E118/><V13/><F0/><W6/><G111/><T79/><D79/><U81/><E42/><V18/><F104/><W23/><G23/><T1/><D1/><U26/><E26/><V87/><F77/><W110/><G110/><T17/><D17/><U29/><E29/><V48/><F56/><W128/><G128/><T67/><D126/><U89/><REACH who="1" step="1"/><E127/><REACH who="1" ten="214,298,277,201" step="2"/><V119/><F119/><W16/><REACH who="3" step="1"/><G53/><REACH who="3" ten="214,298,277,191" step="2"/><N who="0" m="29911" /><D67/><U54/><E54/><N who="2" m="29967" /><F125/><W74/><G74/><T86/><D55/><U117/><E117/><V109/><F109/><W100/><G100/><T38/><D38/><U2/><E2/><V27/><F27/><W76/><G76/><T35/><D12/><U62/><E62/><AGARI ba="0,2" hai="4,6,16,22,24,51,52,57,62,66,70,91,92,96" machi="62" ten="40,7700,0" yaku="1,1,54,2,53,0" doraHai="135" doraHaiUra="121" who="3" fromWho="1" sc="214,0,298,-77,277,0,191,97" /><INIT seed="3,1,0,0,1,29" ten="214,221,277,288" oya="3" hai0="16,122,76,115,52,62,114,84,14,71,4,59,26" hai1="121,33,41,18,8,87,91,45,75,12,73,120,127" hai2="93,70,63,15,129,67,110,117,46,6,124,19,31" hai3="134,99,78,85,74,108,35,28,38,100,101,112,92"/><W10/><G112/><N who="0" m="43051" /><D71/><U21/><E33/><V107/><F107/><W94/><G38/><T90/><D4/><U69/><E127/><V106/><F106/><W109/><G10/><N who="0" m="6231" /><D76/><U0/><E69/><V68/><F68/><W119/><G119/><T48/><D26/><U49/><E0/><V66/><F110/><N who="3" m="42603" /><G134/><T128/><D128/><U24/><E120/><V64/><F6/><W55/><G74/><T135/><D135/><U13/><E13/><V81/><F70/><W22/><G22/><T133/><D133/><U40/><E121/><V32/><F124/><W7/><G7/><T89/><D122/><U42/><E73/><V102/><F129/><W37/><G37/><T131/><D131/><U60/><E60/><V82/><F63/><W125/><G125/><T123/><D123/><U80/><REACH who="1" step="1"/><E75/><REACH who="1" ten="214,211,277,288" step="2"/><V113/><F113/><W30/><G35/><T27/><D62/><U1/><E1/><V17/><F32/><W53/><G28/><AGARI ba="1,1" hai="8,12,18,21,24,28,40,41,42,45,49,80,87,91" machi="28" ten="30,3900,0" yaku="1,1,7,1,8,1,53,0" doraHai="29" doraHaiUra="56" who="1" fromWho="3" sc="214,0,211,52,277,0,288,-42" /><INIT seed="4,0,0,1,3,47" ten="214,263,277,246" oya="0" hai0="114,44,11,61,121,18,85,83,111,53,115,45,129" hai1="22,55,69,50,29,106,103,92,30,19,123,130,113" hai2="59,132,25,100,102,76,98,36,84,39,82,134,17" hai3="78,68,110,54,72,126,73,96,67,51,94,97,62"/><T40/><D61/><U118/><E118/><V66/><F66/><W87/><G110/><T71/><D121/><U10/><E123/><V31/><F17/><W2/><G2/><T4/><D71/><U3/><E69/><V37/><F59/><W13/><G126/><T9/><D111/><U122/><E106/><V41/><F41/><W56/><G13/><T116/><D116/><U74/><E74/><V27/><F27/><W119/><G119/><T93/><D93/><U104/><E104/><V133/><REACH who="2" step="1"/><F98/><REACH who="2" ten="214,263,267,246" step="2"/><W75/><G97/><T101/><D18/><U5/><E122/><V46/><F46/><W49/><G96/><T108/><D108/><U16/><E19/><V81/><F81/><W127/><G127/><T1/><D44/><U64/><E64/><V80/><F80/><W128/><G67/><T52/><D40/><U43/><E43/><V24/><F24/><W70/><G70/><T33/><D45/><N who="1" m="28111" /><E30/><V12/><F12/><W117/><G68/><T63/><D1/><U77/><E29/><V14/><F14/><W112/><G117/><T28/><D28/><U34/><E16/><V135/><N who="2" m="33792" /><DORA hai="109" /><V6/><F6/><W105/><G56/><T57/><D83/><U32/><E5/><V86/><F86/><W42/><G87/><T7/><D85/><U48/><E3/><V88/><F88/><W125/><G125/><T15/><D4/><U60/><E60/><V26/><F26/><W8/><G62/><N who="0" m="36135" /><D7/><U124/><E124/><V95/><F95/><W23/><G42/><T65/><D63/><U90/><E92/><V89/><F89/><RYUUKYOKU ba="0,1" sc="214,-10,263,-10,267,30,246,-10" hai2="25,31,36,37,39,76,82,84,100,102" /><INIT seed="5,1,1,2,1,105" ten="204,253,297,236" oya="1" hai0="56,66,108,102,33,11,27,109,133,23,97,17,29" hai1="120,54,80,78,98,26,116,50,72,61,112,14,3" hai2="70,57,39,43,5,18,135,8,134,82,99,123,117" hai3="21,46,20,65,121,10,45,90,85,16,9,103,111"/><U128/><E116/><V47/><F70/><W73/><G111/><T7/><D66/><U106/><E120/><V88/><F117/><W110/><G110/><T22/><D133/><U44/><E3/><V132/><F123/><W100/><G121/><T15/><D23/><N who="3" m="8777" /><G73/><T113/><D56/><U2/><E2/><V115/><F115/><W118/><G65/><T79/><D79/><U49/><E112/><V34/><F34/><W104/><G104/><T84/><D84/><U58/><E128/><V119/><F18/><W86/><G86/><T37/><D37/><U114/><E114/><V69/><F69/><W30/><G30/><T38/><D38/><U83/><E26/><V51/><F119/><W93/><G118/><T94/><REACH who="0" step="1"/><D113/><REACH who="0" ten="194,253,297,236" step="2"/><U131/><E78/><V24/><F57/><W107/><G9/><T87/><D87/><U89/><E58/><V81/><F39/><W64/><G64/><T76/><D76/><U126/><E131/><V6/><F8/><W127/><G10/><T75/><D75/><U63/><E72/><V71/><F71/><W101/><G46/><T62/><D62/><U125/><E63/><V92/><F24/><AGARI ba="1,2" hai="7,11,15,17,22,24,27,29,33,94,97,102,108,109" machi="24" ten="30,2000,0" yaku="1,1,7,1,53,0" doraHai="105" doraHaiUra="77" who="0" fromWho="2" sc="194,43,253,0,297,-23,236,0" /><INIT seed="6,0,0,3,2,59" ten="237,253,274,236" oya="2" hai0="19,116,44,55,20,3,118,128,99,79,108,43,132" hai1="21,51,9,37,95,103,91,22,46,88,94,12,26" hai2="57,67,32,0,123,97,68,78,48,40,87,1,125" hai3="31,119,75,61,121,23,83,14,82,133,100,16,15"/><V111/><F123/><W96/><G121/><T24/><D3/><U129/><E129/><V106/><F125/><W52/><G119/><N who="0" m="45611" /><D108/><U7/><E37/><V30/><F111/><W10/><G75/><T63/><D132/><U80/><E80/><V2/><F78/><W86/><G133/><T120/><D79/><U56/><E103/><V58/><F87/><W93/><G86/><T53/><D128/><U84/><E56/><V70/><F40/><W5/><G31/><T47/><D99/><N who="1" m="57799" /><E26/><N who="2" m="18519" /><F68/><W72/><G72/><T115/><D115/><U74/><E74/><V130/><F130/><W124/><G124/><T113/><D113/><U73/><E73/><V25/><F25/><W77/><G77/><T104/><D104/><U90/><E90/><V13/><F70/><W29/><G29/><T112/><D112/><U34/><E34/><V60/><F106/><W42/><G42/><AGARI ba="0,0" hai="7,9,12,21,22,42,46,51,84,91,95" m="57799" machi="42" ten="30,2000,0" yaku="8,1,54,1" doraHai="59" who="1" fromWho="3" sc="237,0,253,20,274,0,236,-20" /><INIT seed="7,0,0,3,2,44" ten="237,273,274,216" oya="3" hai0="66,106,17,134,31,89,80,104,6,121,52,25,49" hai1="32,56,71,128,129,8,102,85,101,12,74,36,1" hai2="105,120,122,111,133,110,18,84,73,116,123,47,63" hai3="75,30,109,113,81,27,23,34,127,93,126,65,48"/><W99/><G113/><T98/><D6/><U29/><E71/><V115/><F73/><W60/><G109/><T14/><D121/><U54/><E74/><V55/><F105/><W114/><G114/><T21/><D66/><U95/><E36/><V39/><F115/><W131/><G131/><T58/><D134/><U45/><E45/><V118/><F133/><W79/><G34/><T83/><D106/><U125/><E1/><V61/><F84/><W100/><REACH who="3" step="1"/><G48/><REACH who="3" ten="237,273,274,206" step="2"/><T82/><D49/><N who="1" m="30799" /><E32/><V33/><F33/><W87/><G87/><T62/><D98/><U130/><E85/><V5/><F111/><W4/><G4/><T57/><D104/><U11/><E128/><V91/><F5/><W26/><G26/><T13/><D13/><U20/><E129/><V88/><F110/><W50/><G50/><T16/><D25/><U108/><E108/><V37/><F37/><W9/><G9/><T15/><D21/><U86/><E8/><V7/><F7/><W135/><G135/><T41/><D14/><U117/><E11/><V19/><F39/><W35/><G35/><T96/><D15/><U3/><E12/><V40/><F122/><W0/><G0/><T103/><D96/><U76/><E3/><V132/><F132/><W51/><G51/><T94/><D62/><U119/><E130/><V28/><F63/><W2/><G2/><T92/><D41/><U24/><E20/><V38/><F120/><W69/><AGARI ba="0,1" hai="23,27,30,60,65,69,75,79,81,93,99,100,126,127" machi="69" ten="30,3000,0" yaku="1,1,0,1,53,0" doraHai="44" doraHaiUra="46" who="3" fromWho="3" sc="237,-10,273,-10,274,-10,206,40" /><INIT seed="7,1,0,4,0,117" ten="227,263,264,246" oya="3" hai0="69,68,7,32,127,46,106,36,43,97,89,105,73" hai1="9,38,120,82,13,81,10,65,49,6,90,60,114" hai2="27,34,12,75,77,17,72,86,112,91,135,19,48" hai3="74,8,71,70,4,57,0,103,54,40,126,115,110"/><W124/><G115/><T61/><D89/><U59/><E120/><V44/><F112/><W64/><G74/><T15/><D15/><N who="1" m="5559" /><E38/><V11/><F77/><W84/><G110/><T121/><D127/><N who="3" m="48681" /><G103/><N who="0" m="62703" /><D7/><N who="1" m="3295" /><E114/><V18/><F135/><W79/><G40/><T50/><D50/><U33/><E33/><V66/><F66/><W102/><G102/><T42/><D42/><U14/><E14/><V129/><F129/><W78/><G64/><N who="0" m="40975" /><D32/><U28/><E28/><V23/><F34/><W108/><G108/><T116/><D116/><U118/><E118/><V85/><F85/><W30/><G30/><T125/><D125/><U76/><E76/><N who="3" m="29226" /><G84/><T92/><D106/><U20/><E20/><V47/><F23/><W95/><G95/><T45/><D92/><U111/><E111/><V67/><F67/><W5/><G5/><T109/><D73/><U134/><E134/><V2/><F72/><W98/><G98/><T16/><D109/><U24/><E90/><V52/><F75/><W25/><G25/><T88/><D69/><U119/><E24/><V29/><F27/><W51/><AGARI ba="1,0" hai="0,4,8,51,54,57,70,71" m="29226,48681" machi="51" ten="30,1500,0" yaku="18,1" doraHai="117" who="3" fromWho="3" sc="227,-6,263,-6,264,-6,246,18" /><INIT seed="7,2,0,1,2,74" ten="221,257,258,264" oya="3" hai0="115,23,116,0,10,69,32,107,106,60,84,42,91" hai1="103,56,128,135,17,35,39,37,85,89,53,88,40" hai2="132,119,16,77,133,65,9,49,4,87,80,86,82" hai3="130,47,131,96,127,26,22,121,123,111,102,19,129"/><W11/><G127/><T27/><D32/><U28/><E128/><V118/><F65/><W70/><G70/><T25/><D116/><U31/><E135/><N who="2" m="51787" /><F49/><W73/><G73/><T95/><D42/><U93/><E103/><V97/><F97/><W63/><G63/><T98/><D115/><U61/><E35/><V120/><F120/><W99/><G111/><T8/><D0/><U51/><E39/><V7/><F7/><W134/><G134/><T75/><D75/><U57/><E37/><V2/><F16/><N who="3" m="12615" /><G47/><T5/><D25/><U81/><E17/><V122/><F122/><N who="3" m="46603" /><G102/><T113/><D113/><U43/><E43/><V44/><F44/><W59/><G59/><T105/><D5/><U76/><E40/><V30/><F30/><N who="1" m="11305" /><E93/><V94/><F94/><W34/><G34/><T112/><D112/><U54/><AGARI ba="2,0" hai="51,53,54,56,57,61,76,81,85,88,89" m="11305" machi="54" ten="30,4000,0" yaku="8,1,52,1,54,1" doraHai="74" who="1" fromWho="1" sc="221,-12,257,46,258,-12,264,-22" owari="209,-29.0,303,40.0,246,5.0,242,-16.0" /></mjloggm>