<mjloggm ver="2.3"><GO type="169" lobby="0"/><UN n0="%67%63%40%E6%BF%80%E8%BE%9B" n1="%E3%83%9E%E3%82%B8%E3%81%8D%E3%82%8C%E3%81%9D%E3%81%86%EF%BC%81" n2="%E3%83%88%E3%83%88%E3%83%AA%E5%85%88%E7%94%9F%31%39%E6%AD%B3" n3="%6B%6F%6D%61%70%69%61" dan="18,18,19,16" rate="2223.53,2189.34,2353.75,2071.40" sx="M,M,F,M"/><TAIKYOKU oya="0"/><INIT seed="0,0,0,3,0,42" ten="250,250,250,250" oya="0" hai0="105,11,25,62,125,123,57,49,126,118,15,102,8" hai1="128,119,110,51,46,135,72,74,101,64,108,117,55" hai2="67,47,6,104,69,98,38,2,132,83,16,88,53" hai3="54,27,5,120,115,66,9,60,33,109,73,111,43"/><T36/><D36/><U40/><E74/><V59/><F132/><W96/><G115/><T106/><D118/><N who="1" m="45067" /><E101/><V85/><F2/><W116/><G116/><T129/><D123/><U93/><E93/><N who="2" m="56615" /><F69/><W122/><G73/><T37/><D37/><U13/><E13/><V100/><F104/><W92/><G43/><T75/><D75/><U84/><E84/><V20/><F38/><W70/><G54/><T30/><D49/><N who="1" m="26823" /><E72/><V4/><F67/><W21/><G33/><T28/><D129/><U32/><E32/><V114/><F100/><N who="3" m="60423" /><G21/><T7/><D11/><U89/><E89/><N who="2" m="51391" /><F114/><W127/><G127/><N who="0" m="48651" /><D102/><U44/><E128/><V52/><F53/><W133/><G133/><T131/><D131/><U56/><E135/><V80/><F47/><W87/><G27/><T78/><D78/><U97/><E97/><V31/><F31/><N who="0" m="11818" /><D25/><U3/><E3/><V107/><F107/><W1/><G87/><T35/><D35/><U81/><E81/><V68/><F68/><W24/><G24/><T91/><D91/><U79/><E79/><V112/><F80/><W50/><G50/><T86/><D86/><U17/><E17/><V45/><F112/><W113/><G113/><T10/><D10/><U134/><E134/><V61/><F45/><W82/><G82/><T65/><AGARI ba="0,0" hai="7,8,15,57,62,65,105,106" m="11818,48651" machi="65" ten="30,1500,0" yaku="18,1" doraHai="42" who="0" fromWho="0" sc="250,15,250,-5,250,-5,250,-5" /><INIT seed="0,1,0,5,0,102" ten="265,245,245,245" oya="0" hai0="101,127,40,115,114,30,119,9,50,121,70,56,45" hai1="48,1,12,62,16,60,98,35,19,53,65,107,69" hai2="131,64,96,49,128,123,7,132,126,46,0,68,108" hai3="8,122,80,52,97,5,38,66,73,44,125,104,33"/><T37/><D30/><U103/><E1/><V18/><F123/><W84/><G33/><T71/><D101/><U100/><E35/><V17/><F108/><W134/><G134/><T77/><D77/><U86/><E62/><N who="2" m="39959" /><F96/><W74/><G125/><T2/><D9/><U25/><E25/><V93/><F93/><W43/><G66/><T51/><D2/><U27/><E27/><V58/><F58/><W92/><G122/><T91/><D91/><U89/><E12/><V82/><F82/><W31/><G31/><T32/><D32/><U13/><E13/><V63/><F63/><W110/><G110/><T67/><D121/><U24/><E24/><V29/><F29/><W117/><G117/><T105/><D105/><U135/><E100/><V72/><F72/><W11/><G104/><T76/><D76/><U20/><E20/><V10/><F132/><W87/><G73/><T3/><D3/><U4/><E4/><V34/><F126/><W14/><G74/><T6/><D6/><U124/><E135/><V55/><F34/><W23/><G5/><T120/><D120/><U61/><E61/><V15/><F0/><W99/><G99/><T109/><D119/><U106/><E106/><V28/><F28/><W42/><G97/><T90/><D90/><U26/><E124/><V112/><F112/><N who="0" m="43050" /><D109/><U130/><E26/><V129/><AGARI ba="1,0" hai="7,10,15,17,18,46,49,55,128,129,131" m="39959" machi="129" ten="30,1100,0" yaku="19,1" doraHai="102" who="2" fromWho="2" sc="265,-6,245,-4,245,14,245,-4" /><INIT seed="1,0,0,1,5,132" ten="259,241,259,241" oya="1" hai0="131,114,71,75,81,65,67,83,119,89,87,41,24" hai1="111,28,126,105,133,73,11,1,120,56,135,118,54" hai2="31,44,3,49,51,42,134,104,78,37,61,122,128" hai3="25,20,39,93,70,63,82,15,95,52,116,5,8"/><U127/><E118/><V0/><F122/><W125/><G39/><T74/><D119/><U130/><E120/><V112/><F104/><W68/><G116/><T18/><D114/><U21/><E73/><V47/><F134/><N who="1" m="51209" /><E105/><V2/><F128/><W19/><G125/><N who="1" m="47626" /><E111/><V34/><F78/><W88/><G70/><T48/><D131/><U53/><E130/><V40/><F112/><W80/><G68/><T123/><D71/><U36/><E36/><V29/><F34/><W97/><G95/><T32/><D32/><U22/><E28/><V55/><F37/><W59/><AGARI ba="0,0" hai="5,8,15,19,20,25,52,59,63,80,82,88,93,97" machi="59" ten="30,12000,2" yaku="0,1,25,2,8,1,54,2" doraHai="132" who="3" fromWho="3" sc="259,-30,241,-60,259,-30,241,120" /><INIT seed="2,0,0,0,0,2" ten="229,181,229,361" oya="2" hai0="75,119,100,13,67,37,45,56,99,129,68,39,79" hai1="35,82,86,128,62,97,27,96,57,70,69,19,42" hai2="107,50,64,40,32,92,124,111,34,125,8,134,101" hai3="20,4,123,0,78,1,5,83,71,130,11,59,47"/><V73/><F73/><W105/><G71/><T53/><D129/><U133/><E128/><V91/><F134/><W41/><G130/><T26/><D119/><U51/><E133/><V76/><F76/><W135/><G135/><T63/><D13/><U87/><E70/><V52/><F40/><W80/><G123/><T98/><D26/><U120/><E87/><V114/><F114/><W15/><G105/><T77/><D98/><U84/><E86/><N who="2" m="52343" /><F64/><W16/><G59/><T88/><D88/><N who="1" m="51223" /><E69/><V31/><F31/><W25/><G80/><T55/><D55/><U127/><E35/><V122/><F122/><W9/><G25/><T54/><D54/><U94/><E127/><N who="2" m="48715" /><F111/><W44/><G41/><N who="0" m="22719" /><D37/><U21/><E120/><V60/><F60/><W61/><G61/><T110/><D75/><AGARI ba="0,0" hai="0,1,4,5,9,11,15,16,20,44,47,75,78,83" machi="75" ten="30,8000,1" yaku="7,1,9,1,52,2,54,1" doraHai="2" who="3" fromWho="0" sc="229,-80,181,0,229,0,361,80" /><INIT seed="3,0,0,4,3,59" ten="149,181,229,441" oya="3" hai0="133,89,41,38,29,66,69,36,26,27,121,82,107" hai1="23,108,21,129,2,45,134,123,126,47,57,55,122" hai2="115,99,110,16,132,83,127,114,77,85,92,31,0" hai3="90,32,71,106,124,70,50,130,75,103,93,118,81"/><W54/><G118/><T44/><D121/><U74/><E74/><V60/><F0/><W61/><G32/><T113/><D107/><U131/><E2/><V73/><F110/><W10/><G124/><T98/><D133/><U97/><E97/><V14/><F127/><W25/><G130/><N who="1" m="49674" /><E126/><V11/><F132/><W39/><G39/><T1/><D1/><U80/><E80/><V105/><F31/><W88/><G25/><T48/><D113/><U40/><E134/><V128/><F128/><W20/><G20/><N who="1" m="7754" /><E108/><V112/><F105/><W116/><G116/><T28/><D98/><U33/><E33/><V19/><F73/><W12/><G75/><T43/><D82/><U63/><E47/><V68/><F19/><W96/><G81/><T58/><D89/><U13/><E13/><V79/><F79/><W24/><G24/><T135/><D135/><U17/><E17/><V56/><F68/><W67/><G71/><T109/><D109/><U125/><E125/><V94/><REACH who="2" step="1"/><F99/><REACH who="2" ten="149,181,219,441" step="2"/><W34/><G106/><T8/><D29/><U64/><E123/><V5/><F5/><N who="3" m="3151" /><G34/><T7/><D28/><U9/><E122/><V120/><F120/><W100/><G100/><T49/><D69/><U62/><E9/><V52/><AGARI ba="0,1" hai="11,14,16,52,56,60,77,83,85,92,94,112,114,115" machi="52" ten="30,8000,1" yaku="1,1,0,1,52,1,54,2,53,0" doraHai="59" doraHaiUra="86" who="2" fromWho="2" sc="149,-20,181,-20,219,90,441,-40" /><INIT seed="4,0,0,0,2,101" ten="129,161,309,401" oya="0" hai0="112,91,107,127,88,119,46,19,41,57,74,86,70" hai1="23,87,42,97,53,27,11,44,89,71,54,96,7" hai2="123,16,99,83,124,24,129,14,59,90,39,51,100" hai3="116,92,80,25,135,13,15,94,22,73,104,78,49"/><T40/><D70/><U66/><E66/><V122/><F39/><W93/><G116/><T115/><D119/><U103/><E71/><V114/><F114/><N who="0" m="43562" /><D74/><U43/><E87/><V63/><F129/><W35/><G35/><T8/><D127/><U52/><E89/><V108/><F108/><W82/><G135/><T109/><D109/><U65/><E65/><V132/><F132/><W37/><G37/><T98/><D57/><U113/><E113/><V18/><F124/><W45/><G82/><N who="0" m="49239" /><D46/><U131/><E131/><V34/><F83/><W50/><G104/><T134/><D134/><U62/><E62/><V64/><F63/><W126/><G126/><T1/><D19/><U12/><E44/><V105/><F18/><W31/><REACH who="3" step="1"/><G50/><REACH who="3" ten="129,161,309,391" step="2"/><T6/><D91/><U77/><E77/><V0/><F90/><W67/><G67/><T121/><D121/><U84/><E84/><V117/><F117/><W47/><G47/><T28/><D28/><U55/><N who="1" m="13824" /><DORA hai="85" /><U133/><E133/><V26/><F51/><W17/><G17/><T95/><D95/><N who="1" m="58783" /><E97/><V10/><F123/><W20/><G20/><T120/><D120/><U111/><E111/><V75/><F122/><W79/><G79/><T72/><D72/><U69/><E69/><V32/><F75/><W3/><G3/><T5/><D5/><U2/><E2/><V38/><F0/><W81/><G81/><T56/><D56/><U60/><E60/><N who="2" m="37919" /><F38/><W9/><G9/><T61/><D61/><U30/><AGARI ba="0,1" hai="7,11,12,23,27,30,42,43" m="58783,13824" machi="30" ten="40,2700,0" yaku="8,1,54,1" doraHai="101,85" who="1" fromWho="1" sc="129,-13,161,37,309,-7,391,-7" /><INIT seed="5,0,0,4,3,116" ten="116,198,302,384" oya="1" hai0="121,60,105,32,134,33,5,41,62,26,82,90,122" hai1="73,2,110,38,99,100,51,65,111,76,103,49,102" hai2="84,89,21,108,8,125,18,6,86,131,129,120,80" hai3="132,22,83,54,69,133,17,44,124,19,101,10,1"/><U61/><E38/><V85/><F108/><N who="1" m="41513" /><E2/><N who="2" m="87" /><F120/><N who="0" m="46186" /><D105/><U77/><E99/><V57/><F57/><W119/><G69/><T130/><D130/><N who="2" m="49674" /><F125/><W109/><G44/><T15/><D134/><U34/><E34/><N who="0" m="13417" /><D41/><U9/><E9/><V117/><F117/><W64/><G124/><T58/><D26/><AGARI ba="0,0" hai="18,21,26,80,84,85,86,89" m="49674,87" machi="26" ten="30,1000,0" yaku="19,1" doraHai="116" who="2" fromWho="0" sc="116,-10,198,0,302,10,384,0" /><INIT seed="6,0,0,3,1,76" ten="106,198,312,384" oya="2" hai0="135,34,40,33,97,28,64,94,75,56,91,4,32" hai1="2,66,49,79,6,113,68,103,83,30,99,65,39" hai2="37,31,16,86,0,43,11,26,3,10,36,80,41" hai3="84,116,121,14,128,23,132,51,35,120,100,123,130"/><V96/><F96/><W133/><G35/><T12/><D135/><N who="3" m="51785" /><G116/><T72/><D40/><N who="2" m="15434" /><F0/><W107/><G84/><T114/><D114/><U8/><E39/><V115/><F3/><W88/><G51/><T122/><D122/><U82/><E113/><V18/><F37/><W20/><G88/><T87/><D28/><U102/><E30/><V98/><F36/><W15/><G15/><T74/><D64/><U126/><E126/><V71/><F71/><W27/><G14/><T108/><D56/><U25/><E25/><V58/><F115/><W119/><G119/><T1/><D1/><U78/><E49/><V38/><F38/><W54/><G54/><T69/><D69/><U19/><E68/><V7/><F98/><N who="3" m="61847" /><G23/><T117/><D117/><U22/><E66/><V47/><F47/><W109/><G109/><T131/><D108/><U9/><E65/><V104/><F104/><W5/><G5/><T129/><D97/><U112/><E112/><V53/><F7/><W77/><G77/><T134/><D134/><U17/><E2/><V92/><F92/><W63/><G63/><T52/><D52/><U124/><E99/><V45/><F45/><W111/><G111/><T95/><D95/><U125/><E6/><V90/><F10/><W55/><G55/><T50/><D50/><U101/><E101/><V42/><F11/><W24/><G24/><T57/><D57/><U44/><E44/><V105/><F105/><W81/><G81/><T61/><D61/><U70/><E70/><V67/><N who="2" m="15442" /><V29/><DORA hai="118" /><F26/><W60/><G60/><T110/><D110/><RYUUKYOKU ba="0,0" sc="106,10,198,10,312,-30,384,10" hai0="4,12,32,33,34,72,74,75,87,91,94,129,131" hai1="8,9,17,19,22,78,79,82,83,102,103,124,125" hai3="20,27,120,121,123,128,130" /><INIT seed="7,1,0,3,2,66" ten="116,208,282,394" oya="3" hai0="109,118,11,37,98,74,1,19,69,23,135,25,65" hai1="0,84,31,13,113,122,93,32,49,29,68,16,61" hai2="127,41,27,21,30,58,73,28,91,43,112,64,34" hai3="26,82,117,6,108,8,4,92,53,102,115,121,77"/><W35/><G121/><T70/><D135/><U101/><E0/><V60/><F73/><W107/><G117/><T7/><D109/><U119/><E122/><V20/><F112/><W50/><G107/><T57/><D118/><U39/><E39/><V126/><F34/><W103/><G115/><T104/><D37/><U62/><E113/><V133/><F133/><W54/><G54/><T99/><D74/><U2/><E2/><V89/><F126/><W5/><G8/><T80/><D80/><U100/><E49/><V76/><F76/><W81/><G92/><T95/><D104/><U52/><E68/><V42/><REACH who="2" step="1"/><F127/><REACH who="2" ten="116,208,272,394" step="2"/><W97/><G77/><T132/><D132/><U17/><E32/><V125/><F125/><W33/><G35/><T114/><D114/><U40/><E119/><V63/><F63/><W75/><G33/><T72/><D72/><U110/><E62/><V56/><F56/><W85/><G75/><T18/><D57/><N who="1" m="34983" /><E110/><V128/><F128/><W129/><G129/><T55/><D65/><U111/><E111/><V59/><F59/><W51/><G108/><T131/><D131/><U71/><E100/><V130/><F130/><W106/><G102/><T14/><D55/><U3/><E101/><V134/><F134/><W90/><G103/><T87/><D99/><U120/><E120/><V124/><F124/><W46/><G97/><T48/><D48/><U94/><E84/><V10/><F10/><W116/><G53/><T15/><D98/><U44/><E44/><V79/><F79/><W12/><G51/><T88/><D1/><U96/><E96/><RYUUKYOKU ba="1,1" sc="116,15,208,-15,272,15,394,-15" hai0="7,11,14,15,18,19,23,25,69,70,87,88,95" hai2="20,21,27,28,30,41,42,43,58,60,64,89,91" owari="131,-37.0,193,-21.0,287,9.0,389,49.0" /></mjloggm>