<mjloggm ver="2.3"><GO type="169" lobby="0"/><UN n0="%E3%81%A1%E3%82%85%E3%83%BC%E3%82%8C%E3%82%93" n1="%E5%A4%A7%E5%92%8C%E7%94%B0%E5%B0%82%E5%8B%99" n2="%68%61%79%61%74%6F%E2%98%86" n3="%E3%82%A6%E3%83%AB%E3%83%88%E3%83%A9%E7%AB%8B%E7%9B%B4" dan="16,17,16,18" rate="2122.44,2181.78,2106.98,2240.29" sx="M,M,M,M"/><TAIKYOKU oya="0"/><INIT seed="0,0,0,2,0,111" ten="250,250,250,250" oya="0" hai0="112,130,4,20,60,56,49,132,131,77,13,59,62" hai1="78,38,119,127,120,31,8,17,102,124,69,97,52" hai2="65,43,70,36,21,19,85,110,42,40,68,0,9" hai3="82,64,123,100,24,109,125,99,14,48,34,32,129"/><T92/><D132/><U15/><E120/><V133/><F133/><W50/><G109/><T55/><D77/><U83/><E119/><V116/><F116/><W26/><G14/><T63/><D92/><U2/><E38/><V86/><F110/><W41/><G41/><T80/><D80/><U35/><E69/><V79/><F36/><W18/><G82/><T47/><D112/><U28/><E2/><V45/><F45/><W128/><G64/><T51/><D20/><U11/><E11/><V94/><F85/><W89/><G89/><T39/><D39/><U96/><E52/><V27/><F65/><W107/><G125/><N who="1" m="48202" /><E35/><V3/><F3/><W66/><G66/><N who="0" m="39175" /><D13/><U115/><E115/><V67/><F67/><W104/><G123/><T29/><D4/><U57/><E57/><V103/><F9/><W84/><G34/><T71/><D71/><U73/><E97/><V12/><F12/><W91/><G32/><T98/><D98/><U121/><E121/><V72/><F0/><W44/><G99/><T134/><D134/><U74/><E74/><V90/><F70/><W114/><G114/><T117/><D117/><U61/><E61/><N who="0" m="23049" /><D29/><U106/><AGARI ba="0,0" hai="8,15,17,28,31,73,78,83,96,102,106" m="48202" machi="106" ten="30,1100,0" yaku="18,1" doraHai="111" who="1" fromWho="1" sc="250,-5,250,11,250,-3,250,-3" /><INIT seed="1,0,0,4,0,4" ten="245,261,247,247" oya="1" hai0="127,80,85,82,123,31,33,0,89,88,83,24,100" hai1="122,18,64,81,131,1,44,92,15,56,25,135,63" hai2="42,116,111,117,105,16,66,28,38,43,104,94,57" hai3="133,49,126,78,62,118,90,130,71,107,108,84,113"/><U53/><E122/><V110/><F28/><W12/><G78/><T106/><D127/><U75/><E1/><V27/><F94/><W10/><G113/><T23/><D123/><U87/><E131/><V120/><F120/><W69/><G107/><T77/><D0/><U67/><E135/><V79/><F79/><W124/><G108/><T35/><D89/><U60/><E25/><V8/><F57/><W134/><G49/><T86/><REACH who="0" step="1"/><D82/><REACH who="0" ten="235,261,247,247" step="2"/><U11/><E81/><V54/><F110/><W22/><G90/><T17/><D17/><U9/><E18/><V20/><F111/><W98/><G126/><T13/><D13/><U19/><E15/><V101/><F116/><W102/><G12/><T14/><D14/><U34/><E19/><V41/><F117/><W2/><G124/><T128/><D128/><U103/><E103/><V129/><F129/><W6/><G118/><T72/><D72/><U58/><E75/><V97/><F101/><W121/><G130/><T68/><D68/><U114/><E114/><V36/><F16/><W5/><G121/><T48/><D48/><N who="1" m="28807" /><E34/><V119/><F119/><W125/><G125/><T50/><D50/><U70/><E70/><V46/><F38/><W47/><G71/><T52/><D52/><U32/><E32/><V21/><F54/><W39/><G69/><T30/><D30/><U29/><E29/><V93/><F36/><W74/><G39/><T55/><D55/><U95/><E87/><V45/><F42/><W40/><G84/><T112/><D112/><U65/><E67/><V109/><F109/><W73/><G74/><RYUUKYOKU ba="0,1" sc="235,15,261,15,247,-15,247,-15" hai0="23,24,31,33,35,77,80,83,85,86,88,100,106" hai1="9,11,56,58,60,63,64,65,92,95" /><INIT seed="1,1,1,1,3,56" ten="250,276,232,232" oya="1" hai0="28,109,114,103,37,40,35,108,17,42,15,52,111" hai1="69,3,49,36,33,135,121,63,66,51,2,19,132" hai2="48,92,21,96,8,57,126,83,88,98,95,45,75" hai3="67,128,29,61,9,93,39,7,86,116,24,32,26"/><U100/><E121/><V129/><F126/><W5/><G39/><T94/><D114/><U6/><E36/><V68/><F68/><W101/><G128/><T123/><D123/><U0/><E6/><V73/><F129/><W117/><G26/><N who="0" m="18839" /><D37/><U110/><E33/><V78/><F75/><W11/><G86/><T25/><D25/><U22/><E100/><V53/><F21/><W115/><G115/><T4/><D4/><U106/><E106/><V44/><REACH who="2" step="1"/><F8/><REACH who="2" ten="250,276,222,232" step="2"/><W38/><G11/><T90/><D109/><U72/><E72/><V65/><F65/><W85/><G9/><T134/><D108/><U122/><E110/><V50/><F50/><W30/><G38/><T1/><D111/><U79/><E122/><V82/><F82/><W130/><G130/><T64/><D64/><U12/><E79/><V46/><F46/><W10/><G10/><T27/><D1/><U124/><E124/><V113/><F113/><W62/><G67/><T112/><D112/><U105/><E105/><V77/><F77/><W16/><G32/><T76/><D76/><U14/><E14/><V119/><F119/><W89/><G7/><T58/><D15/><U120/><E120/><V23/><F23/><N who="3" m="13415" /><G5/><T133/><D27/><U71/><E71/><V47/><F47/><W41/><G117/><T55/><D17/><U127/><E127/><V97/><F97/><N who="3" m="59567" /><G116/><T60/><D133/><AGARI ba="1,2" hai="0,2,3,12,19,22,49,51,63,66,69,132,133,135" machi="133" ten="50,4800,0" yaku="20,1,52,1" doraHai="56" who="1" fromWho="0" sc="250,-51,276,71,222,0,232,0" /><INIT seed="1,2,0,0,3,45" ten="199,347,222,232" oya="1" hai0="112,64,2,60,116,123,86,41,93,96,94,76,46" hai1="101,53,126,22,35,10,20,97,109,44,50,26,75" hai2="71,40,17,107,36,80,115,52,63,58,43,70,132" hai3="92,9,84,27,6,33,108,24,0,29,77,38,127"/><U14/><E126/><V122/><F107/><W79/><G38/><T73/><D112/><U51/><E75/><V42/><F80/><W8/><G108/><T102/><D116/><U128/><E128/><V95/><F122/><W56/><G127/><T114/><D114/><U57/><E109/><V91/><F115/><W133/><G133/><T31/><D123/><U21/><E35/><V117/><F117/><W11/><G56/><T69/><D2/><U19/><E26/><V15/><F36/><W85/><G92/><T135/><D135/><U120/><E120/><V100/><F100/><W131/><G131/><T39/><D73/><U18/><E18/><V65/><F65/><W49/><G11/><T118/><D118/><U88/><E88/><V99/><REACH who="2" step="1"/><F132/><REACH who="2" ten="199,347,212,232" step="2"/><W130/><G130/><T113/><D113/><U68/><E68/><V72/><F72/><W37/><G37/><T3/><D39/><U61/><REACH who="1" step="1"/><E44/><REACH who="1" ten="199,337,212,232" step="2"/><V1/><F1/><W34/><G0/><T59/><D3/><U105/><AGARI ba="2,2" hai="10,14,19,20,21,22,50,51,53,57,61,97,101,105" machi="105" ten="30,12000,1" yaku="1,1,2,1,0,1,52,2,53,0" doraHai="45" doraHaiUra="78" who="1" fromWho="1" sc="199,-42,337,146,212,-42,232,-42" /><INIT seed="1,3,0,2,3,80" ten="157,483,170,190" oya="1" hai0="109,8,41,27,42,82,107,70,11,122,134,91,74" hai1="52,104,78,47,99,57,39,113,79,23,53,14,116" hai2="133,30,62,12,120,83,63,38,103,9,128,117,25" hai3="6,31,64,54,16,124,106,77,37,98,86,87,3"/><U18/><E113/><V84/><F120/><W105/><G37/><T24/><D107/><U22/><E116/><V21/><F38/><W2/><G31/><T75/><D70/><U36/><E23/><V4/><F128/><W95/><G64/><T90/><D82/><U45/><E36/><V69/><F69/><W92/><G77/><T96/><D96/><U132/><E132/><V13/><F133/><W127/><G54/><T118/><D134/><U33/><E33/><V102/><F117/><W68/><G68/><T73/><D118/><U112/><E112/><V28/><F28/><W88/><G16/><T46/><D46/><U100/><E53/><V26/><F13/><W10/><G2/><T40/><D109/><U108/><E47/><V60/><REACH who="2" step="1"/><F26/><REACH who="2" ten="157,483,160,190" step="2"/><N who="0" m="9770" /><D122/><U66/><E108/><V114/><F114/><W89/><G106/><T71/><D71/><U48/><E39/><V129/><F129/><W125/><G105/><T61/><D61/><U35/><E35/><V130/><F130/><W19/><G19/><T56/><D56/><U17/><E17/><V76/><AGARI ba="3,1" hai="4,9,12,21,25,30,60,62,63,76,83,84,102,103" machi="76" ten="30,7900,0" yaku="1,1,0,1,8,1,52,1,53,0" doraHai="80" doraHaiUra="65" who="2" fromWho="2" sc="157,-23,483,-42,160,98,190,-23" /><INIT seed="2,0,0,4,0,14" ten="134,441,258,167" oya="2" hai0="112,133,12,11,41,115,105,54,5,63,36,68,40" hai1="56,22,67,85,45,3,79,49,76,98,100,50,29" hai2="65,62,130,95,33,48,59,119,4,128,71,97,13" hai3="6,64,26,117,82,96,7,44,132,55,46,75,35"/><V72/><F72/><W86/><G117/><T51/><D105/><U30/><E3/><V92/><F33/><W90/><G132/><T42/><D133/><U47/><E67/><V123/><F123/><W102/><G64/><T32/><D32/><U94/><E56/><V89/><F119/><W23/><G35/><T28/><D28/><N who="1" m="10859" /><E22/><V10/><F92/><N who="3" m="58631" /><G75/><T78/><D36/><U66/><E66/><V0/><F0/><W80/><G80/><T121/><D68/><U99/><E99/><V122/><F122/><W19/><G55/><T103/><D121/><U38/><E38/><V84/><F97/><W53/><G53/><T111/><D54/><N who="1" m="29999" /><E85/><V88/><F48/><W118/><G118/><T57/><D51/><U74/><E74/><V18/><F89/><W43/><G43/><AGARI ba="0,0" hai="43,47,50,76,79,94,98,100" m="29999,10859" machi="43" ten="30,1000,0" yaku="8,1" doraHai="14" who="1" fromWho="3" sc="134,0,441,10,258,0,167,-10" /><INIT seed="3,0,0,3,2,12" ten="134,451,258,157" oya="3" hai0="134,11,25,46,118,1,129,116,121,32,113,37,110" hai1="16,22,45,69,96,74,122,131,62,21,94,35,114" hai2="7,38,119,30,88,33,86,61,10,95,52,81,82" hai3="36,58,111,18,106,124,56,9,6,60,120,103,115"/><W19/><G36/><T112/><D110/><U67/><E35/><V127/><F38/><W15/><G120/><T98/><D121/><U102/><E122/><V17/><F119/><W80/><G115/><N who="0" m="44107" /><D129/><U14/><E131/><V50/><F61/><W23/><G124/><T91/><D134/><U39/><E74/><V26/><F127/><W97/><G111/><T63/><D63/><U27/><E114/><V57/><REACH who="2" step="1"/><F17/><REACH who="2" ten="134,451,248,157" step="2"/><W40/><G40/><T65/><D37/><U41/><E27/><V76/><F76/><W84/><G60/><T49/><D25/><U73/><E73/><V79/><F79/><W77/><REACH who="3" step="1"/><G19/><REACH who="3" ten="134,451,248,147" step="2"/><T3/><D116/><U78/><E78/><V29/><F29/><W101/><G101/><T34/><D118/><U105/><E39/><V128/><F128/><W117/><G117/><T28/><D28/><U109/><E62/><V5/><F5/><W64/><G64/><T54/><D49/><U72/><E67/><V130/><F130/><W85/><G85/><T8/><D65/><U51/><E72/><V24/><F24/><AGARI ba="0,2" hai="6,9,15,18,23,24,56,58,77,80,84,97,103,106" machi="24" ten="30,5800,0" yaku="1,1,7,1,52,1,53,0" doraHai="12" doraHaiUra="133" who="3" fromWho="2" sc="134,0,451,0,248,-58,147,78" /><INIT seed="3,1,0,3,4,41" ten="134,451,190,225" oya="3" hai0="125,8,132,69,70,6,127,67,72,19,89,76,82" hai1="45,2,17,79,38,80,48,96,115,129,102,28,23" hai2="63,52,54,55,62,119,121,91,126,32,113,120,114" hai3="122,74,131,101,100,134,39,12,109,5,0,87,106"/><W36/><G12/><T130/><D67/><U118/><E115/><N who="2" m="44043" /><F32/><W53/><G53/><T133/><D19/><U75/><E129/><V108/><F91/><W31/><G87/><T110/><D89/><U71/><E71/><V128/><F128/><W93/><G93/><T60/><D110/><U78/><E38/><V56/><F126/><N who="0" m="48138" /><D60/><N who="2" m="23082" /><F108/><W3/><G109/><T15/><D130/><U27/><E118/><V94/><F94/><W66/><G131/><T46/><D46/><U116/><E116/><V95/><F95/><W86/><G66/><T99/><D99/><U50/><E2/><V18/><F18/><W26/><G3/><T88/><D88/><U51/><E79/><V103/><F103/><W97/><G100/><T14/><D14/><U85/><E75/><V20/><F20/><W81/><G74/><T47/><D47/><U33/><E96/><V98/><F98/><W16/><G16/><T35/><D35/><U58/><E102/><V42/><F119/><W104/><G101/><T68/><AGARI ba="1,0" hai="6,8,15,68,69,70,72,76,82,132,133" m="48138" machi="68" ten="40,1500,0" yaku="18,1" doraHai="41" who="0" fromWho="0" sc="134,18,451,-5,190,-5,225,-8" /><INIT seed="4,0,0,4,0,33" ten="152,446,185,217" oya="0" hai0="39,98,110,9,105,29,130,61,49,52,64,109,78" hai1="99,37,67,73,35,43,96,0,46,15,95,18,106" hai2="115,100,65,58,122,6,131,75,128,17,13,83,118" hai3="113,51,97,80,129,76,82,103,7,44,32,71,120"/><T16/><D39/><U57/><E73/><V111/><F122/><W5/><G71/><T23/><D78/><U8/><E35/><V21/><F118/><W94/><G32/><T31/><D9/><U47/><E47/><V101/><F111/><N who="0" m="42506" /><D130/><U90/><E0/><V1/><F115/><W36/><G36/><T14/><D105/><U66/><E57/><V25/><F25/><W107/><G107/><T38/><D98/><U88/><E106/><V126/><F126/><W117/><G117/><T27/><D38/><U112/><E112/><V81/><F75/><W135/><G113/><T55/><D49/><U19/><E19/><V74/><F74/><W59/><G129/><N who="2" m="49737" /><F101/><W62/><G120/><T54/><D27/><U123/><E123/><V77/><F100/><W48/><G48/><T93/><D93/><AGARI ba="0,0" hai="8,15,18,37,43,46,66,67,88,90,93,95,96,99" machi="93" ten="40,2600,0" yaku="9,1,54,1" doraHai="33" who="1" fromWho="0" sc="152,-26,446,26,185,0,217,0" /><INIT seed="5,0,0,5,2,62" ten="126,472,185,217" oya="1" hai0="66,101,74,95,122,81,84,2,57,109,56,79,99" hai1="24,100,16,67,51,80,135,23,9,71,102,22,106" hai2="43,14,111,90,131,108,18,76,7,52,91,127,25" hai3="44,8,64,69,86,126,55,78,119,58,32,68,60"/><U47/><E135/><V70/><F70/><W77/><G32/><T116/><D116/><U28/><E9/><V93/><F127/><W15/><G126/><T6/><D109/><U31/><E80/><V92/><F76/><W98/><G119/><T13/><D122/><U103/><E106/><V11/><F43/><W20/><G20/><T37/><D37/><U0/><E0/><V10/><F131/><W134/><G134/><T129/><D2/><U53/><REACH who="1" step="1"/><E23/><REACH who="1" ten="126,462,185,217" step="2"/><V39/><F11/><W107/><G8/><T125/><D125/><U4/><E4/><V124/><F10/><W121/><G107/><T40/><D6/><U104/><E104/><V94/><F7/><W113/><G121/><T132/><D132/><U5/><E5/><V54/><F124/><W30/><G113/><T83/><D81/><U115/><E115/><V12/><F94/><W82/><G82/><T61/><D74/><U29/><E29/><V75/><F75/><W87/><G30/><T17/><D95/><U21/><E21/><V114/><F114/><W72/><G72/><T130/><D83/><U105/><E105/><V59/><F93/><W42/><G78/><T46/><D79/><U33/><E33/><V73/><F92/><W65/><G77/><T36/><D129/><U96/><E96/><V97/><F97/><W112/><G98/><T128/><D128/><U49/><E49/><V110/><F73/><W27/><G112/><T1/><D130/><U133/><E133/><V88/><F108/><W118/><G118/><T48/><D99/><U3/><E3/><V26/><F110/><RYUUKYOKU ba="0,1" sc="126,-10,462,30,185,-10,217,-10" hai1="16,22,24,28,31,47,51,53,67,71,100,102,103" /><INIT seed="5,1,1,0,5,18" ten="116,492,175,207" oya="1" hai0="4,15,42,79,58,81,120,1,46,62,31,29,111" hai1="110,101,121,127,124,45,26,82,102,0,28,107,104" hai2="63,44,5,69,95,91,97,35,12,72,114,76,131" hai3="33,133,134,99,23,64,51,49,113,71,37,98,126"/><U41/><E0/><V11/><F35/><W86/><G33/><T30/><D111/><U52/><E121/><V130/><F114/><W100/><G37/><T17/><D1/><U43/><E82/><V57/><F69/><W47/><G113/><T96/><D4/><U116/><E116/><V89/><F44/><W20/><G126/><N who="1" m="48170" /><E110/><V7/><F7/><W125/><G125/><T61/><D96/><U27/><E52/><N who="2" m="34215" /><F76/><W10/><G86/><T112/><D112/><U16/><E101/><N who="2" m="60607" /><F72/><W129/><G129/><AGARI ba="1,1" hai="5,11,12,89,91,129,130,131" m="60607,34215" machi="129" ten="30,2000,0" yaku="19,1,54,1" doraHai="18" who="2" fromWho="3" sc="116,0,492,0,175,33,207,-23" /><INIT seed="6,0,0,3,5,47" ten="116,492,208,184" oya="2" hai0="3,89,82,66,98,72,80,18,27,42,16,122,48" hai1="63,103,5,71,59,45,19,38,123,86,61,17,49" hai2="56,58,76,31,134,1,26,96,2,36,28,90,107" hai3="30,127,104,14,120,9,39,125,46,130,0,64,114"/><V77/><F36/><W121/><G104/><T126/><D122/><U106/><E123/><N who="3" m="47178" /><G64/><T74/><D3/><U57/><E5/><V12/><F12/><W87/><G87/><T69/><D74/><U119/><E38/><V133/><F26/><W29/><G46/><N who="0" m="25687" /><D72/><U68/><E86/><V101/><F96/><W99/><G99/><T124/><D69/><U52/><E119/><V97/><F97/><W22/><G39/><T67/><D67/><U135/><E135/><V70/><F90/><W109/><G109/><T78/><D66/><U23/><E17/><N who="0" m="6761" /><D27/><U84/><E71/><V118/><F70/><W88/><G0/><T95/><D78/><U113/><E68/><V10/><F107/><W93/><G30/><T20/><D20/><U51/><E23/><V33/><F118/><W108/><G22/><T50/><D50/><U111/><E51/><V94/><F1/><W15/><G29/><T116/><D116/><U115/><E49/><V6/><F28/><W11/><G108/><T81/><D126/><U53/><E111/><V35/><F31/><W41/><G127/><T110/><D110/><U40/><E45/><V128/><F2/><W13/><G125/><T79/><D124/><U83/><E40/><V65/><F76/><W112/><G41/><T91/><D79/><U75/><E75/><V24/><F77/><W37/><G37/><T129/><D129/><U4/><E106/><V32/><F128/><W102/><G130/><T100/><AGARI ba="0,0" hai="80,81,82,89,91,95,98,100" m="6761,25687" machi="100" ten="30,4000,0" yaku="8,1,52,1,54,1" doraHai="47" who="0" fromWho="0" sc="116,40,492,-10,208,-20,184,-10" /><INIT seed="7,0,0,4,3,11" ten="156,482,188,174" oya="3" hai0="95,93,91,126,55,73,86,112,51,71,13,96,53" hai1="80,84,117,0,2,68,104,40,21,124,92,74,14" hai2="69,127,27,102,133,63,8,76,67,5,26,122,79" hai3="82,1,50,131,48,87,83,29,97,120,109,88,25"/><W121/><G1/><T60/><D73/><U45/><E104/><V105/><F127/><W37/><G37/><T16/><D126/><U57/><E68/><V24/><F133/><W72/><G131/><T9/><D112/><U106/><E57/><V36/><F36/><W30/><G109/><T22/><D71/><U134/><E92/><V17/><F17/><W94/><G72/><T130/><D130/><U12/><E21/><V61/><F61/><W98/><G121/><T6/><D60/><U49/><E84/><V89/><F89/><W129/><G120/><T39/><D39/><U62/><E80/><N who="3" m="30762" /><G129/><T113/><D113/><U34/><E74/><V115/><F115/><W15/><G15/><N who="0" m="5559" /><D51/><N who="3" m="19497" /><G25/><T3/><D3/><U85/><E124/><V41/><F122/><W20/><G20/><T28/><D28/><AGARI ba="0,0" hai="28,29,30,87,88,94,97,98" m="19497,30762" machi="28" ten="30,2900,0" yaku="8,1,54,1" doraHai="11" who="3" fromWho="0" sc="156,-29,482,0,188,0,174,29" /><INIT seed="7,1,0,1,3,50" ten="127,482,188,203" oya="3" hai0="111,82,95,130,131,74,68,117,125,112,103,75,93" hai1="89,126,104,46,134,38,24,15,54,118,39,29,55" hai2="129,135,90,116,108,80,72,69,96,0,8,31,36" hai3="78,52,76,45,102,64,28,123,48,30,73,17,120"/><W113/><G113/><T77/><D68/><U83/><E104/><V2/><F69/><W51/><G64/><T40/><D40/><U21/><E126/><V32/><F108/><W4/><G4/><T101/><D117/><U57/><E118/><V44/><F129/><W87/><G73/><T67/><D67/><U16/><E134/><V3/><F90/><W14/><G102/><T86/><D111/><U5/><E5/><N who="2" m="1063" /><F96/><W132/><G132/><T26/><D26/><U25/><E39/><V127/><F127/><W70/><G70/><T23/><D23/><N who="1" m="15551" /><E38/><V63/><F63/><W109/><G109/><T60/><D60/><N who="1" m="35895" /><E55/><V9/><F135/><W79/><G30/><T124/><D112/><U11/><E46/><V41/><F9/><W71/><G28/><T19/><D19/><N who="1" m="8703" /><E89/><V100/><F100/><W49/><G71/><T107/><D77/><U119/><E119/><V65/><F65/><W27/><G79/><T105/><D82/><AGARI ba="1,0" hai="16,21,24,82,83" m="8703,35895,15551" machi="82" ten="30,3900,0" yaku="8,1,52,1,54,1" doraHai="50" who="1" fromWho="0" sc="127,-42,482,42,188,0,203,0" owari="85,-41.0,524,62.0,188,-21.0,203,0.0" /></mjloggm>