<mjloggm ver="2.3"><GO type="169" lobby="0"/><UN n0="%E5%BA%83%E5%B3%B6%E3%81%AE%E7%A8%AE%E9%A6%AC" n1="%E3%83%88%E3%83%88%E3%83%AA%E5%85%88%E7%94%9F%31%39%E6%AD%B3" n2="%4D%61%73%61%74" n3="%E7%B7%92%E6%96%B9%E6%99%BA%E7%B5%B5%E9%87%8C%2B" dan="17,19,16,17" rate="2232.94,2281.17,2084.96,2197.61" sx="M,F,M,M"/><TAIKYOKU oya="0"/><INIT seed="0,0,0,0,5,39" ten="250,250,250,250" oya="0" hai0="45,121,103,75,49,30,81,116,97,20,93,41,50" hai1="34,73,101,110,11,120,71,8,112,82,108,44,105" hai2="7,130,15,126,114,128,3,78,118,63,25,127,131" hai3="98,107,94,111,61,57,17,42,29,2,53,18,40"/><T62/><D116/><U28/><E120/><V132/><F78/><W16/><G2/><T77/><D121/><U104/><E71/><V79/><F79/><W51/><G107/><N who="1" m="41034" /><E101/><V46/><F114/><W60/><G111/><N who="1" m="42538" /><E28/><V125/><F118/><W85/><G85/><T113/><D113/><U91/><E34/><V74/><F74/><W95/><G29/><T65/><D50/><U76/><E112/><V37/><F63/><N who="3" m="24139" /><G95/><T84/><D75/><U117/><E117/><V12/><F25/><W19/><N who="3" m="4096" /><DORA hai="119" /><W129/><G129/><T22/><REACH who="0" step="1"/><D30/><REACH who="0" ten="240,250,250,250" step="2"/><U69/><E73/><V24/><F24/><W68/><G68/><AGARI ba="0,1" hai="20,22,41,45,49,62,65,68,77,81,84,93,97,103" machi="68" ten="30,11600,0" yaku="1,1,2,1,7,1,52,1,53,0" doraHai="39,119" doraHaiUra="70,4" who="0" fromWho="3" sc="240,126,250,0,250,0,250,-116" /><INIT seed="0,1,0,2,2,69" ten="366,250,250,134" oya="0" hai0="46,79,25,64,19,53,107,5,92,103,40,16,117" hai1="24,108,37,43,131,54,49,60,58,126,111,110,125" hai2="7,101,118,96,102,9,3,65,17,95,28,72,32" hai3="97,75,134,68,47,100,56,30,21,121,81,27,99"/><T67/><D117/><U89/><E131/><V20/><F72/><W93/><G121/><T122/><D122/><U18/><E89/><V6/><F118/><W55/><G134/><T4/><D107/><U35/><E18/><V52/><F65/><W50/><G68/><T129/><D129/><U34/><E24/><V11/><F102/><W70/><G70/><T51/><D79/><U109/><N who="1" m="27648" /><DORA hai="39" /><U74/><E74/><V33/><F28/><W105/><G81/><T57/><D67/><U113/><E113/><V82/><F82/><W104/><G75/><T127/><D64/><U2/><E2/><V130/><F130/><W15/><G15/><T128/><D127/><N who="1" m="48651" /><E49/><V124/><F124/><W119/><G119/><T13/><D25/><U106/><E106/><V123/><F123/><W48/><REACH who="3" step="1"/><G99/><REACH who="3" ten="366,250,250,124" step="2"/><T66/><D13/><U8/><E8/><V36/><F9/><W115/><G115/><T45/><D128/><U133/><E133/><V31/><F11/><W14/><G14/><T41/><D4/><U135/><E135/><V80/><F6/><W42/><AGARI ba="1,1" hai="21,27,30,42,47,48,50,55,56,93,97,100,104,105" machi="42" ten="20,8000,1" yaku="1,1,0,1,7,1,52,1,53,1" doraHai="69,39" doraHaiUra="12,94" who="3" fromWho="3" sc="366,-41,250,-21,250,-21,124,93" /><INIT seed="1,0,0,2,2,44" ten="325,229,229,217" oya="1" hai0="37,103,52,134,22,65,104,115,57,36,32,85,50" hai1="47,119,25,3,125,80,60,42,9,16,75,8,38" hai2="100,5,132,20,113,43,13,87,118,27,92,33,90" hai3="124,106,2,30,94,97,23,45,34,91,68,1,126"/><U4/><E119/><V48/><F118/><W18/><G68/><T62/><D115/><U24/><E125/><N who="3" m="48234" /><G106/><T88/><D32/><U131/><E131/><V63/><F132/><W111/><G34/><T39/><D134/><U7/><E60/><V51/><F43/><W122/><G122/><T95/><D104/><U128/><E128/><V96/><F63/><W0/><G30/><T102/><REACH who="0" step="1"/><D22/><REACH who="0" ten="315,229,229,217" step="2"/><U19/><E25/><V127/><F33/><W73/><G111/><T99/><D99/><U67/><E24/><V71/><F113/><W83/><G23/><T41/><D41/><U54/><E67/><V15/><F127/><W84/><G73/><T56/><AGARI ba="0,1" hai="36,37,39,50,52,56,57,62,65,85,88,95,102,103" machi="56" ten="30,8000,1" yaku="1,1,0,1,52,1,54,2,53,0" doraHai="44" doraHaiUra="135" who="0" fromWho="0" sc="315,90,229,-40,229,-20,217,-20" /><INIT seed="2,0,0,4,0,124" ten="405,189,209,197" oya="2" hai0="14,118,10,48,28,95,131,71,70,16,109,41,73" hai1="44,64,112,22,62,126,56,19,25,45,36,116,65" hai2="120,105,67,134,75,110,125,68,54,115,37,103,58" hai3="21,3,27,23,30,101,52,40,43,60,29,39,135"/><V6/><RYUUKYOKU type="yao9" ba="0,0" sc="405,0,189,0,209,0,197,0" hai2="6,37,54,58,67,68,75,103,105,110,115,120,125,134" /><INIT seed="2,1,0,0,1,116" ten="405,189,209,197" oya="2" hai0="96,1,77,82,115,99,75,86,3,51,48,72,43" hai1="29,111,117,93,36,0,34,59,20,58,9,128,105" hai2="64,87,92,79,28,97,85,106,46,8,23,22,54" hai3="69,2,90,56,27,25,24,112,114,38,70,94,127"/><V67/><F106/><W26/><N who="3" m="6144" /><DORA hai="40" /><W5/><G38/><T88/><D115/><N who="3" m="44073" /><G56/><T130/><D130/><U134/><E29/><V49/><F28/><W126/><G5/><T78/><D43/><U100/><E34/><V91/><F8/><W76/><G76/><T11/><D11/><U10/><E20/><N who="2" m="7723" /><F79/><W73/><G73/><T101/><D78/><U13/><E36/><V71/><F71/><N who="3" m="27147" /><G2/><T122/><D1/><U118/><E59/><V119/><F119/><W107/><G107/><T31/><D3/><U61/><E105/><V50/><F50/><W103/><G103/><T68/><D68/><U21/><E100/><V74/><F74/><W104/><G104/><T129/><D51/><U124/><E0/><V133/><F133/><W30/><G30/><T121/><D48/><U4/><E134/><V16/><F16/><W19/><G19/><T135/><D31/><U7/><E7/><V44/><F44/><W110/><G110/><T57/><D135/><U45/><E111/><V41/><F41/><W131/><G131/><T123/><D129/><U120/><E128/><V60/><F60/><W55/><G55/><T95/><D57/><U47/><E58/><V89/><F89/><W84/><AGARI ba="1,0" hai="84,90,94,126,127" m="27147,44073,6144" machi="84" ten="50,1600,0" yaku="11,1" doraHai="116,40" who="3" fromWho="3" sc="405,-5,189,-5,209,-9,197,19" /><INIT seed="3,0,0,3,0,34" ten="400,184,200,216" oya="3" hai0="16,108,132,45,107,114,38,117,71,11,6,14,30" hai1="79,124,43,17,48,93,39,110,105,94,128,33,122" hai2="86,119,5,12,100,121,89,131,68,118,9,84,92" hai3="41,133,29,72,26,69,135,21,15,50,73,103,123"/><W95/><G69/><T13/><D107/><U23/><E122/><V109/><F68/><W0/><G123/><T96/><D117/><U70/><E105/><V77/><F121/><W35/><G41/><T52/><D71/><U61/><E33/><V46/><F109/><W18/><G50/><T60/><D108/><U59/><E39/><V7/><F131/><W1/><G103/><T49/><D132/><N who="3" m="50761" /><G95/><T82/><D30/><U120/><E128/><V74/><F74/><AGARI ba="0,0" hai="0,1,15,18,21,26,29,35,72,73,74" m="50761" machi="74" ten="30,5800,0" yaku="20,1,52,2" doraHai="34" who="3" fromWho="2" sc="400,0,184,0,200,-58,216,58" /><INIT seed="3,1,0,4,5,40" ten="400,184,142,274" oya="3" hai0="79,64,57,42,82,17,31,52,125,16,38,7,89" hai1="132,126,106,90,115,87,91,123,116,97,83,96,63" hai2="74,6,43,71,102,114,32,107,62,11,33,66,25" hai3="119,1,2,21,129,98,58,73,48,78,84,128,56"/><W92/><G73/><T117/><D117/><U55/><E123/><V9/><F114/><W45/><G119/><T120/><D120/><U67/><E115/><V121/><F121/><W69/><G69/><T36/><D125/><U122/><E122/><V41/><F74/><W5/><G21/><T44/><D38/><U53/><E132/><V8/><F6/><W80/><G1/><T94/><D7/><U86/><E126/><V110/><F110/><W4/><G4/><T104/><D104/><U118/><E118/><V0/><F0/><W68/><G68/><T19/><D64/><U20/><E116/><V113/><F113/><W34/><G34/><T59/><D31/><U29/><E106/><V28/><REACH who="2" step="1"/><F33/><REACH who="2" ten="400,184,132,274" step="2"/><W81/><G5/><T47/><D19/><U24/><E97/><AGARI ba="1,1" hai="8,9,11,25,28,32,41,43,62,66,71,97,102,107" machi="97" ten="40,8000,1" yaku="1,1,2,1,25,2,53,1" doraHai="40" doraHaiUra="95" who="2" fromWho="1" sc="400,0,184,-83,132,93,274,0" /><INIT seed="4,0,0,0,0,1" ten="400,101,225,274" oya="0" hai0="120,13,116,71,104,67,86,58,110,21,10,94,54" hai1="108,42,30,83,99,3,65,102,47,27,135,128,76" hai2="56,82,43,106,97,95,34,123,88,38,4,124,115" hai3="8,66,16,129,118,32,28,90,55,25,69,51,24"/><T45/><D116/><U68/><E108/><V100/><F123/><W35/><G118/><T39/><D104/><U29/><E128/><V93/><F115/><W59/><G129/><T130/><D120/><U49/><E135/><V11/><F34/><W48/><G69/><T121/><D121/><U22/><E3/><V119/><F119/><W0/><G66/><T64/><D110/><U133/><E133/><V72/><F56/><W20/><G90/><T12/><D130/><U63/><E22/><V117/><F124/><W18/><G51/><T23/><D45/><U101/><E27/><V131/><F117/><W62/><G48/><T77/><D39/><U17/><E17/><V122/><F131/><W132/><G132/><T89/><D71/><U6/><E6/><V103/><F122/><W114/><G114/><T92/><D77/><U96/><E96/><V44/><F103/><W87/><G87/><T91/><D23/><U81/><E81/><V19/><F19/><W36/><G36/><T73/><D21/><U74/><REACH who="1" step="1"/><E101/><REACH who="1" ten="400,91,225,274" step="2"/><V31/><F100/><W7/><G35/><T107/><D13/><U109/><E109/><V46/><F97/><W52/><G18/><T75/><D12/><U125/><E125/><V78/><F82/><W127/><G127/><T79/><D10/><U2/><E2/><V50/><F11/><W105/><G105/><AGARI ba="0,1" hai="29,30,42,47,49,63,65,68,74,76,83,99,102,105" machi="105" ten="30,2000,0" yaku="1,1,7,1,53,0" doraHai="1" doraHaiUra="126" who="1" fromWho="3" sc="400,0,91,30,225,0,274,-20" /><INIT seed="5,0,0,2,1,45" ten="400,121,225,254" oya="1" hai0="44,25,29,58,7,32,2,86,117,23,109,56,19" hai1="47,50,51,53,84,134,100,10,34,43,79,42,118" hai2="55,124,36,120,97,77,69,106,5,122,62,121,15" hai3="132,99,37,92,68,112,88,101,4,87,73,104,133"/><U76/><E118/><V26/><F36/><W12/><G68/><T1/><D109/><U31/><E134/><N who="3" m="51818" /><G37/><T59/><D117/><U75/><E75/><V102/><F26/><W135/><G135/><T20/><D86/><U67/><E34/><V91/><F91/><W64/><G64/><T96/><D96/><U129/><E129/><V17/><F5/><W111/><G111/><T94/><D94/><U93/><E31/><V123/><F77/><N who="1" m="29769" /><E67/><V103/><F103/><W80/><G112/><T46/><D1/><U24/><E24/><V90/><F90/><W78/><G4/><T33/><D33/><U8/><E84/><V115/><F115/><W22/><G22/><T52/><D2/><U107/><E107/><V0/><F0/><W95/><G12/><T27/><D32/><U63/><E63/><V114/><F62/><W28/><G28/><T130/><D130/><U110/><E110/><V48/><F69/><W81/><AGARI ba="0,0" hai="73,78,80,81,87,88,92,95,99,101,104" m="51818" machi="81" ten="30,7900,0" yaku="20,1,34,2,54,1" doraHai="45" who="3" fromWho="3" sc="400,-20,121,-39,225,-20,254,79" /><INIT seed="6,0,0,2,5,40" ten="380,82,205,333" oya="2" hai0="126,98,102,64,109,53,17,89,82,131,1,75,63" hai1="71,118,42,45,95,128,25,11,93,84,77,27,74" hai2="26,119,5,32,23,101,15,104,46,111,129,124,50" hai3="68,4,127,29,62,92,18,73,21,51,116,122,38"/><V97/><F119/><W35/><G116/><T72/><D109/><U113/><E118/><V85/><F124/><W52/><G122/><T48/><D1/><U60/><E113/><V80/><F129/><W94/><G38/><T43/><D43/><U3/><E128/><V120/><F111/><W49/><G73/><T76/><D131/><U91/><E93/><V65/><F65/><W133/><G127/><T135/><D135/><U19/><E71/><V100/><F32/><W108/><G108/><T90/><D75/><U28/><E60/><V110/><F110/><W61/><G35/><T34/><D34/><U20/><E3/><V10/><F97/><W115/><G29/><T117/><D17/><U67/><E67/><V41/><F104/><W9/><G133/><T83/><D83/><U132/><E132/><V14/><F14/><N who="3" m="5415" /><G51/><T39/><D39/><U55/><E55/><V58/><F58/><W96/><G68/><T0/><D0/><U22/><E11/><V30/><F120/><W31/><G31/><T112/><D112/><U105/><E105/><V37/><F37/><W47/><G115/><T81/><D81/><U8/><E8/><V134/><F134/><W106/><G106/><N who="0" m="63831" /><D126/><U87/><E74/><V6/><F6/><W16/><G18/><T125/><D125/><U121/><E121/><V103/><F103/><N who="3" m="60807" /><G94/><T88/><D117/><U86/><REACH who="1" step="1"/><E77/><AGARI ba="0,0" hai="5,10,15,23,26,30,41,46,50,77,80,85,100,101" machi="77" ten="30,12000,1" yaku="7,1,25,2,8,1,52,1" doraHai="40" who="2" fromWho="1" sc="380,0,82,-120,205,120,333,0" owari="380,48.0,-38,-54.0,325,-7.0,333,13.0" /></mjloggm>