<mjloggm ver="2.3"><GO type="169" lobby="0"/><UN n0="%E3%82%A6%E3%83%AB%E3%83%88%E3%83%A9%E7%AB%8B%E7%9B%B4" n1="%68%69%70%64%63%61%73%68" n2="%E3%81%82%E3%82%89%E3%81%8C%E3%81%8D%E3%81%82%E3%82%84%E3%81%9B" n3="%E3%82%B7%E3%83%A5%E3%82%BF%E3%83%AB%E3%82%AF" dan="18,16,18,18" rate="2251.62,2133.84,2195.64,2206.04" sx="M,M,F,M"/><TAIKYOKU oya="0"/><INIT seed="0,0,0,1,1,113" ten="250,250,250,250" oya="0" hai0="85,1,30,76,82,10,25,56,77,106,131,58,53" hai1="111,41,4,67,40,49,126,27,45,21,129,19,44" hai2="16,20,12,84,29,55,87,96,109,37,62,23,36" hai3="108,89,18,120,8,121,92,118,95,9,39,6,93"/><T127/><D127/><U28/><E126/><V88/><F109/><W107/><G107/><T98/><D131/><U52/><E129/><V42/><F42/><W17/><G39/><T72/><D1/><U60/><E111/><V78/><F37/><W80/><G108/><T101/><D10/><N who="3" m="4201" /><G6/><T31/><D31/><U43/><E4/><V135/><F36/><W22/><G22/><T123/><D123/><N who="3" m="47177" /><G118/><T7/><D7/><U11/><E11/><V65/><F135/><W110/><G110/><T133/><D133/><U99/><E99/><V124/><F124/><W2/><G2/><T66/><D66/><U59/><REACH who="1" step="1"/><E28/><REACH who="1" ten="250,240,250,250" step="2"/><V0/><F29/><W104/><G104/><T64/><D106/><U5/><E5/><V15/><F96/><W119/><G119/><T79/><D98/><U94/><E94/><V114/><F0/><W32/><G32/><T61/><D101/><U26/><E26/><V83/><F20/><W68/><G68/><AGARI ba="0,1" hai="19,21,27,40,41,43,44,45,49,52,59,60,67,68" machi="68" ten="40,5200,0" yaku="1,1,54,1,53,1" doraHai="113" doraHaiUra="47" who="1" fromWho="3" sc="250,0,240,62,250,0,250,-52" /><INIT seed="1,0,0,4,2,135" ten="250,302,250,198" oya="1" hai0="100,56,107,31,47,37,8,88,16,101,55,113,65" hai1="22,46,134,43,132,20,108,76,34,81,41,5,29" hai2="66,127,120,121,117,1,50,7,83,79,111,119,3" hai3="96,102,110,75,126,58,67,90,40,70,62,97,73"/><U0/><E108/><V80/><F66/><W53/><G110/><T9/><D113/><U116/><E116/><V133/><F50/><W112/><G112/><T87/><D31/><U54/><E54/><V114/><F114/><W125/><G40/><T69/><D107/><U57/><E57/><V15/><F111/><W13/><G13/><N who="0" m="7207" /><D37/><N who="1" m="21807" /><E43/><V94/><F94/><W89/><G89/><T82/><D69/><U51/><E51/><V105/><F105/><W30/><G30/><T28/><D28/><U23/><E34/><V6/><F15/><W21/><G21/><T130/><D130/><U45/><E45/><V103/><F133/><N who="1" m="51305" /><E29/><V10/><F10/><W95/><G70/><T52/><D9/><N who="1" m="2215" /><E23/><V44/><F44/><W78/><G67/><T131/><D131/><U85/><AGARI ba="0,0" hai="20,22,76,81,85" m="2215,51305,21807" machi="85" ten="30,1500,0" yaku="20,1" doraHai="135" who="1" fromWho="1" sc="250,-5,302,15,250,-5,198,-5" /><INIT seed="1,1,0,3,0,31" ten="245,317,245,193" oya="1" hai0="127,94,132,71,24,28,106,133,10,129,48,50,83" hai1="79,37,7,122,88,90,109,135,47,76,15,55,61" hai2="27,66,29,3,4,91,86,92,51,72,74,116,45" hai3="68,11,38,121,96,97,104,107,19,98,20,32,87"/><U69/><E122/><V134/><F134/><W73/><G73/><T58/><D71/><U43/><E135/><V80/><F66/><W85/><G121/><T6/><D106/><U93/><E109/><V81/><F116/><W13/><G38/><T54/><D129/><U62/><E90/><V23/><F74/><W35/><G68/><T65/><D127/><U111/><E111/><V46/><F46/><W0/><G0/><T103/><D65/><U112/><E112/><V128/><F128/><W49/><G49/><T78/><D50/><U119/><E119/><V77/><F80/><W130/><G130/><T100/><D94/><U70/><E70/><V33/><F4/><W64/><G64/><T63/><D63/><U82/><E69/><V118/><F3/><W36/><G36/><T59/><D59/><U53/><E62/><V110/><F110/><W16/><G107/><T84/><D133/><U8/><E61/><V75/><F75/><W56/><G56/><T26/><D26/><U124/><E124/><V18/><F118/><W67/><G104/><T126/><D126/><U39/><E39/><V113/><F113/><W131/><G67/><T9/><D132/><U21/><E21/><V44/><REACH who="2" step="1"/><F51/><REACH who="2" ten="245,317,235,193" step="2"/><W25/><REACH who="3" step="1"/><G131/><REACH who="3" ten="245,317,235,183" step="2"/><T114/><D114/><U108/><E108/><V95/><F95/><W22/><G22/><N who="0" m="15383" /><D10/><U117/><E117/><V99/><F99/><W105/><G105/><T34/><D34/><AGARI ba="1,2" hai="11,13,16,19,20,25,32,34,35,85,87,96,97,98" machi="34" ten="40,8000,1" yaku="1,1,52,3,54,1,53,0" doraHai="31" doraHaiUra="115" who="3" fromWho="0" sc="245,-83,317,0,235,0,183,103" /><INIT seed="2,0,0,4,1,51" ten="162,317,235,286" oya="2" hai0="58,83,38,62,8,42,127,64,12,97,53,49,120" hai1="101,68,0,29,119,124,25,23,7,46,75,115,78" hai2="112,84,80,71,87,57,102,106,118,47,86,65,54" hai3="67,59,44,50,133,114,134,10,36,130,15,17,73"/><V69/><F118/><W79/><G36/><T66/><D120/><U3/><E119/><V26/><F112/><W63/><G130/><T1/><D1/><U82/><E115/><V89/><F69/><W48/><G114/><T20/><D127/><U93/><E124/><V107/><F71/><W91/><G79/><T72/><D20/><U95/><E68/><V28/><F102/><W33/><G73/><T113/><D113/><U56/><E56/><V104/><F65/><W131/><G33/><T100/><D38/><U45/><E3/><V111/><F47/><W60/><G131/><T27/><D27/><U77/><E77/><V41/><F41/><W85/><G63/><T125/><D125/><U70/><E70/><V55/><F111/><W88/><G91/><T30/><D30/><U2/><E2/><V16/><F16/><W121/><G121/><T4/><D83/><U103/><E103/><V13/><F13/><W96/><G96/><T6/><D6/><U99/><E95/><V9/><F9/><W18/><G18/><T39/><D39/><U40/><E40/><V11/><F11/><W24/><G24/><T135/><D72/><U129/><E129/><V94/><F57/><W110/><G110/><T43/><D135/><N who="3" m="51721" /><G44/><T76/><D76/><U117/><E117/><V128/><F128/><W123/><G123/><T37/><D37/><U52/><E46/><V31/><F31/><W116/><G116/><T34/><D34/><U105/><E45/><V98/><REACH who="2" step="1"/><F80/><AGARI ba="0,0" hai="10,15,17,48,50,59,60,67,80,85,88" m="51721" machi="80" ten="30,2000,0" yaku="20,1,54,1" doraHai="51" who="3" fromWho="2" sc="162,0,317,0,235,-20,286,20" /><INIT seed="3,0,0,2,2,70" ten="162,317,215,306" oya="3" hai0="128,117,6,92,30,133,116,115,22,59,14,125,61" hai1="65,58,103,23,12,71,88,124,78,127,55,0,69" hai2="60,113,95,19,46,83,89,50,109,52,120,20,5" hai3="131,18,111,110,74,81,13,27,86,48,43,68,40"/><W101/><G74/><T33/><D128/><U16/><E0/><V75/><F109/><N who="3" m="41483" /><G68/><T90/><D125/><N who="1" m="48203" /><E103/><V96/><F113/><W85/><G27/><T26/><D133/><U63/><E78/><V34/><F34/><W118/><G118/><T130/><D130/><U42/><E42/><N who="3" m="15914" /><G131/><T82/><D82/><U64/><E88/><V119/><F119/><W56/><G101/><T36/><D115/><U1/><E1/><V67/><F120/><W122/><G122/><T102/><D102/><U9/><E71/><V51/><F51/><W100/><G100/><T25/><D117/><U31/><E69/><V15/><F5/><W106/><G106/><T123/><D116/><U62/><E62/><V114/><F114/><W99/><G99/><T10/><D123/><U72/><E72/><V24/><F75/><W47/><G56/><T73/><D73/><U108/><E108/><V132/><F132/><W135/><G81/><T97/><D59/><U28/><E28/><V91/><F83/><W53/><G135/><T126/><D126/><U3/><E3/><V76/><F76/><W7/><G7/><T41/><D61/><U21/><E31/><V129/><F129/><W37/><G37/><T54/><D54/><U45/><E65/><V29/><F91/><W98/><G98/><T39/><REACH who="0" step="1"/><D41/><REACH who="0" ten="152,317,215,306" step="2"/><U49/><AGARI ba="0,1" hai="9,12,16,21,23,45,49,55,58,63,64" m="48203" machi="49" ten="30,2000,0" yaku="18,1,54,1" doraHai="70" who="1" fromWho="1" sc="152,-5,317,30,215,-5,306,-10" /><INIT seed="4,0,0,1,2,31" ten="147,347,210,296" oya="0" hai0="65,83,94,73,20,116,9,51,114,79,134,88,118" hai1="111,128,123,91,37,10,49,131,129,108,55,125,5" hai2="71,32,42,26,106,6,115,44,28,130,39,4,35" hai3="81,87,120,122,110,7,102,77,97,61,86,50,112"/><T93/><D65/><U84/><E123/><N who="3" m="47146" /><G7/><T60/><D60/><U58/><E37/><V82/><F71/><W40/><G110/><T67/><D67/><U72/><E72/><V63/><F63/><W104/><G112/><T68/><D68/><U52/><E55/><V124/><F106/><W95/><G61/><T135/><D9/><U69/><E125/><V56/><F56/><W8/><G8/><T53/><D20/><U96/><E96/><V45/><F124/><W18/><G18/><T100/><D51/><U103/><E103/><V33/><F115/><W119/><G119/><N who="0" m="45611" /><D53/><U90/><E69/><V13/><F130/><W54/><G40/><T38/><D38/><U14/><E91/><V89/><F45/><N who="3" m="27983" /><G104/><T75/><D114/><U41/><E41/><V0/><F0/><W133/><G133/><N who="0" m="50699" /><D100/><U132/><E132/><V78/><F89/><W15/><G15/><T126/><D126/><U92/><AGARI ba="0,0" hai="5,10,14,49,52,58,84,90,92,108,111,128,129,131" machi="92" ten="30,4000,0" yaku="0,1,19,1,54,1" doraHai="31" who="1" fromWho="1" sc="147,-20,347,40,210,-10,296,-10" /><INIT seed="5,0,0,1,4,15" ten="127,387,200,286" oya="1" hai0="65,44,36,78,132,46,81,121,41,73,2,103,135" hai1="109,54,57,100,47,101,69,24,13,52,11,111,97" hai2="1,96,128,33,14,56,82,17,130,90,7,66,62" hai3="113,40,0,115,72,19,89,22,99,18,124,16,59"/><U104/><E69/><V34/><F7/><W30/><G0/><T126/><D126/><U35/><E100/><V27/><F1/><W114/><G124/><T83/><D121/><U125/><E125/><V10/><F27/><N who="3" m="16759" /><G72/><T112/><D112/><U88/><E47/><V87/><REACH who="2" step="1"/><F96/><REACH who="2" ten="127,387,190,286" step="2"/><W38/><G38/><T39/><D2/><U119/><E24/><V37/><F37/><W123/><G123/><T129/><D129/><AGARI ba="0,1" hai="10,14,17,33,34,56,62,66,82,87,90,128,129,130" machi="129" ten="40,5200,0" yaku="1,1,19,1,52,1,53,0" doraHai="15" doraHaiUra="75" who="2" fromWho="0" sc="127,-52,387,0,190,62,286,0" /><INIT seed="6,0,0,5,3,117" ten="75,387,252,286" oya="2" hai0="81,134,30,45,12,78,65,13,133,11,112,121,19" hai1="43,106,46,75,26,0,18,123,23,120,102,124,87" hai2="126,55,129,80,33,110,53,10,79,7,32,101,97" hai3="93,6,89,16,114,95,82,84,132,9,96,70,67"/><V125/><F129/><W90/><G132/><N who="0" m="50795" /><D65/><U60/><E75/><V56/><F110/><W135/><G135/><T66/><D66/><U103/><E124/><V116/><F116/><W83/><G114/><T127/><D45/><U54/><E0/><V88/><F126/><W130/><G130/><T2/><D81/><U108/><E108/><V104/><F125/><W73/><G73/><T85/><D85/><U74/><E74/><V50/><F79/><W86/><G96/><T29/><D78/><U92/><E106/><V20/><F20/><W122/><G122/><N who="1" m="46634" /><E87/><V77/><F77/><W1/><G16/><N who="0" m="8223" /><D127/><U21/><E21/><V36/><F36/><W35/><G35/><T22/><D121/><U48/><E92/><V59/><F80/><W64/><G70/><T34/><D112/><U28/><E28/><N who="0" m="10857" /><D2/><U100/><E60/><V98/><F98/><W128/><G128/><T94/><D94/><AGARI ba="0,0" hai="1,6,9,64,67,82,83,84,86,89,90,93,94,95" machi="94" ten="40,1300,0" yaku="9,1" doraHai="117" who="3" fromWho="0" sc="75,-13,387,0,252,0,286,13" /><INIT seed="7,0,0,2,4,41" ten="62,387,252,299" oya="3" hai0="130,87,108,23,53,112,52,75,113,98,88,66,83" hai1="109,43,31,12,50,91,114,119,85,47,122,90,26" hai2="42,19,40,2,48,110,80,118,134,24,105,54,55" hai3="106,102,76,9,101,81,1,16,84,120,5,74,86"/><W77/><G120/><T62/><D75/><U14/><E122/><V22/><F134/><W44/><G106/><T37/><D108/><U103/><E109/><V3/><F105/><W60/><G60/><T115/><D130/><U116/><E103/><V18/><F110/><W89/><G76/><T121/><D121/><U82/><E91/><V34/><F34/><W125/><G125/><T94/><D37/><U96/><E96/><V20/><F118/><N who="1" m="45097" /><E114/><V100/><F100/><W61/><G61/><T46/><D23/><U21/><E21/><BYE who="1" /><V67/><F67/><W33/><G33/><T6/><D6/><U97/><E97/><V131/><F131/><W35/><G35/><T13/><D13/><U28/><E28/><V68/><F68/><W95/><G86/><UN n1="%68%69%70%64%63%61%73%68" /><T11/><D11/><U4/><E4/><V133/><F80/><W57/><G57/><N who="0" m="35111" /><D53/><U79/><E79/><V99/><F99/><W27/><G27/><T30/><D30/><U126/><E126/><V70/><F70/><W59/><G59/><T132/><D66/><U64/><E64/><V8/><F8/><W7/><G7/><T104/><D104/><U39/><E39/><V135/><F24/><W10/><G10/><T45/><D132/><U129/><E129/><V0/><F3/><W32/><G32/><T78/><AGARI ba="0,0" hai="45,46,78,83,87,88,94,98,112,113,115" m="35111" machi="78" ten="30,12000,2" yaku="15,1,11,1,52,2,54,2" doraHai="41" who="0" fromWho="0" sc="62,120,387,-30,252,-30,299,-60" owari="182,-32.0,357,46.0,222,-18.0,239,4.0" /></mjloggm>