<mjloggm ver="2.3"><GO type="169" lobby="0"/><UN n0="%E3%82%84%E3%81%BE%E3%83%BC%E3%82%93" n1="%E3%82%A6%E3%83%AB%E3%83%88%E3%83%A9%E7%AB%8B%E7%9B%B4" n2="%E4%BA%BA%E7%94%9F%E6%AE%8B%E3%82%8A%E5%8D%83%E7%82%B9" n3="%E3%83%8F%E3%82%B9%E5%A4%AA" dan="17,18,16,16" rate="2214.63,2223.08,2079.79,2078.65" sx="M,M,M,M"/><TAIKYOKU oya="0"/><INIT seed="0,0,0,1,3,128" ten="250,250,250,250" oya="0" hai0="12,40,73,108,29,87,49,91,135,118,65,114,71" hai1="127,132,48,98,10,30,72,80,113,110,14,17,36" hai2="67,92,52,7,112,44,54,68,16,66,96,32,75" hai3="34,105,46,38,78,116,63,107,81,21,42,33,100"/><T2/><D73/><U120/><E36/><V51/><F112/><W41/><G116/><T97/><D2/><U58/><E120/><V0/><F75/><W115/><G115/><T28/><D114/><U88/><E113/><V60/><F32/><W27/><G42/><T13/><D118/><U25/><E110/><V129/><F129/><W64/><G21/><T121/><D71/><U125/><E72/><V126/><F126/><N who="1" m="48137" /><E132/><V43/><F66/><W47/><G47/><T70/><D70/><U4/><E48/><V26/><F7/><W6/><G6/><T23/><D65/><U20/><E58/><N who="2" m="37271" /><F0/><W131/><G131/><T79/><D121/><U57/><E57/><V111/><F111/><W83/><G83/><T19/><D79/><U122/><E122/><V61/><F61/><W133/><G133/><T77/><D135/><U103/><E80/><V130/><F68/><W5/><G81/><T89/><D77/><U84/><E84/><V39/><F39/><W106/><G38/><T86/><D86/><U1/><E88/><N who="2" m="55303" /><F130/><W15/><G63/><T94/><D108/><U56/><E56/><V31/><F31/><W104/><G64/><T76/><D76/><U82/><E82/><V123/><F123/><W124/><G124/><T90/><D87/><U119/><E119/><V55/><F43/><W22/><G41/><T101/><REACH who="0" step="1"/><D13/><REACH who="0" ten="240,250,250,250" step="2"/><U18/><E1/><V9/><F26/><W62/><G78/><T24/><D24/><U134/><E134/><V59/><F59/><W50/><G27/><T95/><D95/><AGARI ba="0,1" hai="4,10,14,17,18,20,25,30,95,98,103" m="48137" machi="95" ten="30,1000,0" yaku="18,1" doraHai="128" who="1" fromWho="0" sc="240,-10,250,20,250,0,250,0" /><INIT seed="1,0,0,5,0,14" ten="230,270,250,250" oya="1" hai0="17,72,89,134,81,9,10,16,132,120,86,49,122" hai1="64,129,90,135,77,47,107,73,80,44,125,128,15" hai2="123,23,61,0,82,113,65,32,76,78,85,19,130" hai3="109,71,38,116,92,99,106,22,13,24,20,101,57"/><U42/><E64/><V12/><F123/><N who="0" m="47146" /><D49/><U31/><E31/><V7/><F130/><N who="1" m="50281" /><E47/><V102/><F113/><W2/><G2/><T37/><D37/><U121/><E121/><V115/><F115/><W45/><G71/><T66/><D66/><U108/><E107/><V39/><F39/><W105/><G106/><T91/><D72/><U112/><E112/><V95/><F32/><W55/><G105/><T119/><D119/><U59/><E59/><V34/><F34/><W18/><G116/><T63/><D63/><U74/><E74/><V100/><F76/><W93/><G109/><T97/><D89/><U87/><E108/><V40/><F40/><W103/><G38/><T35/><D97/><U29/><E29/><V4/><F0/><W69/><G69/><T1/><D35/><U75/><E125/><V117/><F117/><W11/><G45/><T50/><D50/><N who="1" m="26903" /><E135/><N who="0" m="51753" /><D1/><U30/><E90/><V131/><F131/><W60/><G103/><T33/><D33/><U70/><E70/><V54/><F102/><W41/><G41/><T83/><D83/><U53/><E53/><V133/><F65/><W48/><G93/><T8/><AGARI ba="0,0" hai="8,9,10,16,17,81,86,91" m="51753,47146" machi="8" ten="40,8000,1" yaku="13,1,20,1,52,2,54,1" doraHai="14" who="0" fromWho="0" sc="230,80,270,-40,250,-20,250,-20" /><INIT seed="2,0,0,2,3,81" ten="310,230,230,230" oya="2" hai0="131,6,22,92,13,102,95,110,54,53,51,113,66" hai1="105,103,30,89,86,88,77,87,44,93,56,134,19" hai2="14,80,41,24,128,82,122,4,68,91,74,20,42" hai3="107,12,90,21,16,84,71,35,28,135,11,31,108"/><V115/><F122/><W40/><G107/><T79/><D113/><U98/><E30/><V112/><F68/><W26/><G71/><T65/><D110/><U52/><E134/><V78/><F128/><W75/><G108/><T1/><D1/><U18/><E44/><V2/><F115/><W34/><G135/><T127/><D79/><U29/><E29/><V64/><F64/><W55/><G75/><T59/><D127/><U8/><E8/><V69/><F69/><W57/><G40/><T38/><D38/><U37/><E77/><V0/><F14/><W73/><G28/><T132/><D132/><U72/><E72/><V36/><F42/><W111/><G73/><T114/><D114/><U58/><E37/><V130/><F130/><W50/><REACH who="3" step="1"/><G111/><REACH who="3" ten="310,230,230,220" step="2"/><T133/><D133/><U101/><E101/><V62/><F41/><W83/><AGARI ba="0,1" hai="11,12,16,21,26,31,34,35,50,55,57,83,84,90" machi="83" ten="20,12000,2" yaku="1,1,2,1,0,1,7,1,52,1,54,1,53,0" doraHai="81" doraHaiUra="96" who="3" fromWho="3" sc="310,-30,230,-30,230,-60,220,130" /><INIT seed="3,0,0,0,5,134" ten="280,200,170,350" oya="3" hai0="73,117,79,59,56,58,49,54,94,52,20,76,51" hai1="16,133,116,96,120,88,55,7,36,53,130,89,131" hai2="87,111,69,24,14,37,64,11,84,17,109,125,107" hai3="28,104,41,33,61,30,23,5,98,75,82,106,65"/><W50/><G5/><T39/><D39/><U72/><E120/><V45/><F107/><W34/><G41/><T38/><D38/><U70/><E36/><V2/><F2/><W60/><G50/><T108/><D108/><N who="2" m="41546" /><F24/><W92/><G60/><T127/><D127/><U113/><E72/><V128/><F128/><N who="1" m="49193" /><E113/><V122/><F125/><W77/><G28/><T95/><D20/><U112/><E112/><V100/><F100/><W62/><G62/><T21/><D21/><U74/><E74/><V123/><F69/><W85/><G75/><T43/><D43/><U8/><E70/><V91/><F64/><W12/><G34/><T99/><D117/><U32/><E32/><V118/><F118/><W132/><G132/><T1/><D1/><U57/><E133/><V9/><F9/><W101/><G33/><T22/><D22/><U15/><E116/><V103/><F103/><W80/><G80/><T0/><D0/><U129/><E129/><V44/><F87/><W3/><G3/><T10/><D10/><U81/><E7/><V71/><F71/><W48/><G12/><T121/><D121/><N who="2" m="46090" /><F37/><W102/><G101/><T97/><D73/><U66/><E96/><V42/><F42/><W29/><G29/><T86/><D59/><U110/><E110/><V27/><F27/><W124/><G30/><T25/><D25/><U105/><E105/><V115/><F115/><W6/><G106/><T26/><D26/><U19/><E57/><V47/><F47/><W90/><G104/><T126/><D126/><U114/><E114/><V13/><F13/><W78/><G124/><RYUUKYOKU ba="0,0" sc="280,15,200,-15,170,15,350,-15" hai0="49,51,52,54,56,58,76,79,86,94,95,97,99" hai2="11,14,17,44,45,84,91" /><INIT seed="4,1,0,1,5,89" ten="295,185,185,335" oya="0" hai0="133,67,123,2,68,25,100,69,92,62,58,88,60" hai1="135,65,107,120,108,14,45,13,93,128,38,126,26" hai2="30,111,42,85,41,19,8,104,80,110,119,116,96" hai3="82,61,76,125,117,94,77,28,84,40,99,11,90"/><T57/><D123/><U5/><E107/><V54/><F30/><W12/><G117/><N who="2" m="45129" /><F54/><W20/><G125/><T48/><D2/><U39/><E65/><V74/><F8/><W10/><G40/><T121/><D121/><U113/><E26/><V4/><F4/><W24/><G61/><T71/><D133/><U3/><E45/><V75/><F19/><W56/><G56/><T127/><D100/><U16/><E16/><V72/><F42/><W102/><REACH who="3" step="1"/><G10/><REACH who="3" ten="295,185,185,325" step="2"/><T73/><D127/><U97/><E126/><V98/><F41/><W105/><G105/><T129/><D129/><U124/><E128/><V78/><F104/><W46/><G46/><T122/><D122/><U15/><E120/><V47/><F47/><W18/><AGARI ba="1,1" hai="11,12,18,20,24,28,76,77,82,84,90,94,99,102" machi="18" ten="20,8000,1" yaku="1,1,0,1,7,1,8,1,52,1,53,0" doraHai="89" doraHaiUra="37" who="3" fromWho="3" sc="295,-41,185,-21,185,-21,325,93" /><INIT seed="5,0,0,5,4,42" ten="254,164,164,418" oya="1" hai0="88,64,122,86,83,117,130,12,47,36,54,90,108" hai1="109,69,16,53,70,27,115,46,77,15,118,125,34" hai2="98,0,28,3,51,97,11,14,112,31,52,17,92" hai3="55,78,65,38,124,62,99,44,59,49,41,95,39"/><U26/><E118/><V68/><F68/><W87/><G124/><T105/><D117/><U132/><E125/><V24/><F112/><W22/><G87/><T37/><D108/><U43/><E109/><V123/><F123/><W80/><G80/><T113/><D113/><U58/><E115/><V71/><F71/><W111/><G78/><T2/><D2/><U9/><E132/><V21/><F28/><W35/><G35/><T106/><D130/><U96/><E77/><V76/><F76/><W103/><G111/><T75/><D75/><U93/><E34/><V126/><F126/><W72/><G72/><T114/><D64/><U131/><E70/><V79/><F79/><W84/><G84/><T45/><D122/><U101/><E69/><V94/><F94/><W104/><G104/><T127/><D127/><U61/><REACH who="1" step="1"/><E131/><REACH who="1" ten="254,154,164,418" step="2"/><V5/><F92/><W119/><G119/><T25/><D114/><U56/><E56/><V133/><F133/><W23/><G38/><AGARI ba="0,1" hai="9,15,16,26,27,38,43,46,53,58,61,93,96,101" machi="38" ten="30,11600,0" yaku="1,1,7,1,52,1,54,1,53,0" doraHai="42" doraHaiUra="18" who="1" fromWho="3" sc="254,0,154,126,164,0,418,-116" /><INIT seed="5,1,0,4,5,98" ten="254,280,164,302" oya="1" hai0="12,63,47,71,113,39,131,109,90,1,14,120,86" hai1="69,132,52,44,95,33,125,67,94,130,85,119,38" hai2="102,30,8,87,21,76,51,81,107,105,49,22,97" hai3="5,84,127,10,78,73,92,17,118,31,7,134,15"/><U6/><E119/><V11/><F107/><W93/><G73/><T117/><D1/><U83/><E33/><V112/><F112/><W4/><G118/><T123/><D117/><U50/><E130/><V45/><F49/><W75/><G75/><T64/><D113/><U129/><E129/><V96/><F96/><W40/><G127/><T20/><D109/><U133/><E6/><V122/><F122/><N who="0" m="46634" /><D131/><U9/><E9/><V55/><REACH who="2" step="1"/><F21/><REACH who="2" ten="254,280,154,302" step="2"/><W59/><G10/><T0/><D20/><U135/><E125/><V42/><F42/><W29/><G40/><N who="0" m="22943" /><D0/><U82/><E38/><V89/><F89/><W25/><G78/><T56/><D71/><U62/><E83/><AGARI ba="1,1" hai="12,14,56,63,64,83,86,90" m="22943,46634" machi="83" ten="30,1000,0" yaku="13,1" doraHai="98" who="0" fromWho="1" sc="254,23,280,-13,154,0,302,0" /><INIT seed="6,0,0,1,0,69" ten="277,267,154,302" oya="2" hai0="120,68,33,113,115,37,82,83,62,133,93,72,123" hai1="3,96,50,65,125,80,88,107,45,98,7,15,79" hai2="67,135,12,10,134,100,84,73,49,70,19,25,103" hai3="61,54,58,112,101,74,55,114,94,122,95,128,108"/><V76/><F73/><W4/><G108/><T26/><D133/><N who="2" m="50698" /><F49/><W29/><G128/><T64/><D93/><N who="3" m="35337" /><G122/><N who="0" m="46635" /><D82/><U131/><E3/><V102/><F25/><W16/><G74/><T41/><D83/><U47/><E50/><V6/><F84/><W35/><G4/><T46/><D72/><U87/><E87/><V116/><F116/><W110/><G110/><T9/><D9/><U23/><E98/><V48/><F48/><W127/><G35/><T17/><D17/><U81/><E96/><V51/><F51/><W31/><G29/><AGARI ba="0,0" hai="26,29,33,37,41,46,62,64,68,113,115" m="46635" machi="29" ten="30,2000,0" yaku="23,1,52,1" doraHai="69" who="0" fromWho="3" sc="277,20,267,0,154,0,302,-20" /><INIT seed="7,0,0,1,0,14" ten="297,267,154,282" oya="3" hai0="103,107,15,12,116,52,0,57,84,65,8,11,68" hai1="46,93,78,87,13,66,31,33,63,47,5,49,131" hai2="71,23,104,112,74,38,48,115,96,91,34,135,75" hai3="45,94,134,42,6,79,99,18,69,126,127,7,25"/><W70/><G134/><T114/><D116/><U133/><E131/><V59/><F38/><W17/><G79/><T121/><D121/><U89/><E33/><V37/><F37/><W27/><G45/><T81/><D68/><U119/><E31/><V39/><F39/><W117/><G42/><T122/><D122/><U26/><E26/><N who="3" m="9738" /><G117/><T98/><D65/><U29/><E29/><V83/><F34/><W60/><G60/><T105/><D114/><N who="2" m="43562" /><F71/><W3/><G70/><T97/><D0/><U95/><E133/><V123/><F123/><W76/><G76/><T125/><D125/><N who="3" m="47625" /><G69/><T101/><D8/><U109/><E78/><V53/><F135/><W55/><G55/><T1/><D11/><U129/><E119/><V72/><F23/><W88/><G3/><T77/><D1/><U41/><E129/><V120/><F120/><W111/><G111/><T128/><D128/><U44/><E109/><V50/><F50/><AGARI ba="0,0" hai="12,15,50,52,57,77,81,84,97,98,101,103,105,107" machi="50" ten="30,3900,0" yaku="7,1,9,1,54,1" doraHai="14" who="0" fromWho="2" sc="297,39,267,0,154,-39,282,0" owari="336,43.0,267,-13.0,115,-38.0,282,8.0" /></mjloggm>