<mjloggm ver="2.3"><GO type="169" lobby="0"/><UN n0="%E3%83%88%E3%83%88%E3%83%AA%E5%85%88%E7%94%9F%31%39%E6%AD%B3" n1="%E3%83%95%E3%83%AB%E3%82%B9%E3%82%A4%E3%83%B3%E3%82%B0%E7%B6%BE%E5%A5%88" n2="%E7%94%B1%E7%B5%90%E6%9C%80%E6%84%9B" n3="%E6%97%A9%E7%94%B0%E9%80%B2" dan="19,16,16,16" rate="2253.44,2063.54,2119.41,2234.53" sx="F,F,F,F"/><TAIKYOKU oya="0"/><INIT seed="0,0,0,4,2,127" ten="250,250,250,250" oya="0" hai0="48,49,80,46,131,98,25,47,51,71,26,62,129" hai1="108,56,14,40,90,101,55,79,86,126,72,114,35" hai2="85,66,53,93,67,106,20,97,78,18,1,44,23" hai3="122,89,70,0,75,95,132,94,74,113,100,112,107"/><T17/><D80/><U135/><E35/><V64/><F1/><W41/><G0/><T5/><D5/><U15/><E108/><V119/><F119/><W37/><G70/><T87/><D87/><U13/><E126/><V6/><F6/><W99/><G41/><T109/><D109/><U118/><E118/><V36/><F106/><W88/><G37/><T11/><D98/><U43/><E101/><V68/><F68/><W10/><G10/><T30/><D11/><U57/><E135/><V16/><F36/><W116/><G116/><T65/><D17/><N who="2" m="6762" /><F85/><N who="3" m="52495" /><G132/><T33/><REACH who="0" step="1"/><D25/><REACH who="0" ten="240,250,250,250" step="2"/><U22/><E14/><V61/><F78/><W9/><G9/><T124/><D124/><U125/><E13/><V60/><F23/><W38/><G74/><T21/><D21/><U133/><E15/><V54/><F20/><W4/><G4/><T69/><D69/><U105/><E22/><V76/><F76/><W130/><G75/><T2/><D2/><U19/><E125/><V12/><F12/><W29/><G99/><T73/><D73/><U120/><E19/><V104/><F104/><W59/><G107/><T32/><D32/><U134/><E105/><V115/><F115/><W8/><G113/><T52/><D52/><N who="2" m="20074" /><F44/><AGARI ba="0,1" hai="26,30,33,44,46,47,48,49,51,62,65,71,129,131" machi="44" ten="40,7700,0" yaku="1,1,52,2,53,0" doraHai="127" doraHaiUra="34" who="0" fromWho="2" sc="240,87,250,0,250,-77,250,0" /><INIT seed="0,1,0,1,0,112" ten="327,250,173,250" oya="0" hai0="31,11,68,90,63,92,95,13,14,41,81,56,34" hai1="3,43,103,96,114,123,12,57,132,27,135,0,52" hai2="40,74,64,15,17,126,50,30,66,10,79,113,37" hai3="98,21,110,120,5,105,133,73,122,134,86,131,44"/><T25/><D68/><U1/><E123/><N who="3" m="47146" /><G5/><T53/><D41/><U84/><E43/><V51/><F113/><W29/><G44/><T93/><D14/><U102/><E114/><V22/><F126/><W60/><G60/><T100/><D81/><U127/><E127/><V77/><F37/><W19/><G29/><T111/><D111/><U115/><E27/><N who="2" m="16759" /><F74/><W55/><G55/><T119/><D100/><U87/><E115/><V59/><F40/><W78/><G110/><T89/><REACH who="0" step="1"/><D119/><REACH who="0" ten="317,250,173,250" step="2"/><U42/><E42/><V46/><F79/><W76/><G76/><T33/><D33/><U28/><E102/><V80/><F80/><W99/><G78/><T118/><D118/><U48/><E12/><V62/><F77/><W36/><G73/><T75/><D75/><U71/><E71/><V58/><F46/><W125/><G125/><T129/><D129/><U104/><E3/><V47/><F47/><W106/><G36/><T117/><D117/><U72/><E72/><V94/><F94/><W65/><G106/><T107/><D107/><U26/><E0/><V18/><F59/><W16/><G105/><T70/><D70/><U82/><E1/><V124/><F124/><W8/><G131/><T121/><D121/><U45/><E45/><V35/><F35/><W38/><G38/><T97/><D97/><U130/><E130/><V85/><F85/><N who="1" m="32841" /><E82/><V101/><F101/><W108/><G86/><T2/><D2/><U61/><E104/><V83/><F83/><W20/><G108/><T9/><D9/><U67/><E103/><V91/><F10/><W39/><G8/><RYUUKYOKU ba="1,1" sc="317,30,250,-10,173,-10,250,-10" hai0="11,13,25,31,34,53,56,63,89,90,92,93,95" /><INIT seed="0,2,1,0,1,60" ten="347,240,163,240" oya="0" hai0="1,28,5,97,4,16,54,11,74,35,125,87,3" hai1="86,98,80,116,67,99,8,66,121,122,24,71,48" hai2="39,32,82,93,104,18,133,46,52,128,65,70,78" hai3="109,44,40,120,30,103,110,107,91,123,55,83,119"/><T89/><D74/><U126/><E116/><V124/><F104/><W76/><G119/><T113/><D113/><U117/><E117/><V9/><F32/><W10/><G30/><T72/><D72/><U20/><E126/><V118/><F118/><W22/><G22/><T37/><D37/><U111/><E111/><N who="3" m="42506" /><G55/><T13/><D125/><U59/><E71/><V100/><F124/><W42/><G10/><T38/><D38/><U2/><E2/><V92/><F133/><W112/><G112/><T134/><D134/><U132/><E132/><V41/><F128/><W84/><G44/><T106/><D54/><N who="1" m="32199" /><E8/><V94/><F100/><W56/><G56/><T31/><D35/><U79/><E122/><N who="3" m="46634" /><G42/><T12/><D3/><U102/><E121/><V131/><F131/><W45/><G45/><T95/><D1/><U69/><E69/><V0/><F70/><W96/><G40/><T26/><D26/><U51/><E51/><N who="2" m="28791" /><F0/><W50/><G50/><T34/><D34/><U17/><E102/><V61/><F39/><W43/><G43/><T127/><D127/><U129/><E129/><V88/><F41/><W27/><G27/><T63/><D63/><U90/><E79/><AGARI ba="2,1" hai="76,79,83,84,91,96,103,107" m="46634,42506" machi="79" ten="30,7700,0" yaku="14,1,13,1,34,2" doraHai="60" who="3" fromWho="1" sc="347,0,240,-83,163,0,240,93" /><INIT seed="1,0,0,1,0,1" ten="347,157,163,333" oya="1" hai0="97,8,52,108,129,85,103,31,89,49,15,119,19" hai1="90,93,56,3,133,102,57,13,109,25,21,115,47" hai2="9,107,84,131,61,2,76,68,94,126,39,123,63" hai3="27,70,42,28,40,55,41,38,54,88,64,50,7"/><U60/><E115/><V75/><F107/><W22/><G38/><T23/><D119/><U114/><E114/><V36/><F123/><W30/><G7/><T124/><D108/><U117/><E3/><V5/><F131/><W130/><G130/><T46/><D129/><U132/><E117/><V121/><F121/><W32/><G70/><T104/><D124/><U113/><E102/><V37/><F126/><W67/><G32/><T18/><D31/><U83/><E83/><V69/><F75/><W62/><G30/><T12/><D12/><U112/><E112/><V122/><F122/><W0/><G0/><T10/><REACH who="0" step="1"/><D18/><REACH who="0" ten="337,157,163,333" step="2"/><N who="1" m="12471" /><E113/><V24/><F24/><W118/><G118/><T6/><D6/><U53/><E109/><V29/><F29/><W128/><G128/><T33/><D33/><U99/><E13/><V26/><F26/><W73/><G73/><T82/><AGARI ba="0,1" hai="8,10,15,19,23,46,49,52,82,85,89,97,103,104" machi="82" ten="20,8000,1" yaku="1,1,0,1,7,1,54,1,53,1" doraHai="1" doraHaiUra="87" who="0" fromWho="0" sc="337,90,157,-40,163,-20,333,-20" /><INIT seed="2,0,0,0,5,99" ten="427,117,143,313" oya="2" hai0="16,101,123,98,68,76,33,114,49,127,111,84,86" hai1="112,118,31,3,19,133,65,82,74,32,22,9,71" hai2="0,55,85,2,131,125,47,107,6,44,53,21,88" hai3="61,97,24,12,50,56,115,106,75,42,37,13,81"/><V135/><F131/><W69/><G69/><T26/><D123/><U73/><E112/><V103/><F135/><W29/><G115/><T27/><D114/><U130/><E118/><V23/><F125/><W102/><G37/><T96/><D68/><U122/><E130/><V11/><F2/><W121/><G121/><T63/><D127/><U93/><E122/><V67/><F67/><W7/><G7/><T134/><D134/><U1/><E133/><V113/><F113/><W100/><G102/><T10/><D111/><U128/><E128/><V95/><F23/><W70/><G42/><T5/><D33/><U79/><E73/><V30/><F107/><W41/><G41/><T58/><D49/><U14/><E32/><V132/><F132/><W8/><G50/><T129/><D96/><U52/><E93/><V28/><F103/><W91/><G8/><T57/><D129/><U126/><E126/><V60/><F21/><W72/><G72/><T87/><D76/><U78/><E78/><V64/><F47/><W94/><G70/><T80/><D80/><U43/><E43/><V40/><F30/><W15/><G81/><T4/><D57/><U34/><E34/><V116/><F28/><W20/><G75/><T77/><D77/><U120/><E120/><V39/><REACH who="2" step="1"/><F116/><REACH who="2" ten="427,117,133,313" step="2"/><W38/><G106/><T59/><D101/><U110/><E31/><V89/><F89/><W92/><G91/><T48/><D10/><U46/><E9/><V35/><F35/><W45/><G100/><T62/><D59/><AGARI ba="0,1" hai="0,6,11,39,40,44,53,55,59,60,64,85,88,95" machi="59" ten="30,5800,0" yaku="1,1,7,1,54,1,53,0" doraHai="99" doraHaiUra="25" who="2" fromWho="0" sc="427,-58,117,0,133,68,313,0" /><INIT seed="2,1,0,0,0,118" ten="369,117,201,313" oya="2" hai0="73,9,92,13,115,78,90,133,42,126,56,125,16" hai1="41,116,45,102,67,19,114,29,103,91,5,55,47" hai2="80,10,26,119,14,39,99,76,121,44,54,33,75" hai3="130,129,17,25,66,124,69,23,86,53,135,98,64"/><V128/><F119/><W85/><G124/><N who="0" m="47723" /><D115/><U11/><E116/><V97/><F128/><N who="3" m="49259" /><G135/><T107/><D107/><U0/><E114/><V7/><F121/><W113/><G113/><T71/><D71/><U122/><E67/><N who="3" m="25642" /><G69/><T34/><D34/><U3/><E29/><V37/><F37/><W36/><G36/><T35/><D35/><U79/><E79/><V106/><F106/><W1/><G1/><T22/><D42/><U24/><E0/><V82/><F82/><W84/><G98/><N who="0" m="57623" /><D56/><U72/><E72/><V2/><F14/><W30/><G53/><T132/><D78/><U134/><E134/><N who="0" m="51817" /><D73/><U52/><E55/><V96/><F54/><W104/><G104/><T8/><AGARI ba="1,0" hai="8,9,13,16,22" m="51817,57623,47723" machi="8" ten="40,5200,0" yaku="18,1,20,1,54,1" doraHai="118" who="0" fromWho="0" sc="369,55,117,-14,201,-27,313,-14" /><INIT seed="3,0,0,4,4,35" ten="424,103,174,299" oya="3" hai0="69,15,12,118,134,96,54,90,106,20,64,24,47" hai1="84,53,14,61,67,16,2,50,99,73,23,79,19" hai2="89,74,127,43,87,13,25,70,52,65,98,30,116" hai3="3,60,29,81,104,105,4,126,123,97,76,42,75"/><W5/><G123/><T38/><D118/><U112/><E112/><V36/><F74/><W88/><G126/><T94/><D134/><U135/><E135/><V57/><F116/><W11/><G29/><T111/><D111/><U93/><E73/><V40/><F127/><W63/><G42/><T131/><D131/><U110/><E2/><V83/><F70/><W85/><G5/><T26/><D26/><U41/><E41/><V120/><F65/><W17/><G17/><T71/><D106/><U21/><E110/><V86/><F120/><W122/><G122/><T7/><D64/><U0/><E0/><V95/><F36/><W68/><G68/><T119/><D119/><U6/><E6/><V124/><F13/><W49/><G49/><T77/><D77/><U48/><E79/><V32/><F87/><W91/><G105/><T121/><D121/><U28/><E28/><V117/><F124/><W27/><G27/><T34/><D34/><U107/><E107/><V129/><F129/><W22/><G22/><T113/><D113/><U130/><E84/><V39/><F39/><W45/><G45/><T31/><D15/><U101/><E130/><V78/><REACH who="2" step="1"/><F117/><REACH who="2" ten="424,103,164,299" step="2"/><W62/><REACH who="3" step="1"/><G85/><REACH who="3" ten="424,103,164,289" step="2"/><N who="0" m="52559" /><D38/><U58/><REACH who="1" step="1"/><E67/><REACH who="1" ten="424,93,164,289" step="2"/><V80/><F80/><W56/><G56/><T9/><D69/><U55/><E55/><V132/><F132/><W82/><G82/><T128/><D71/><U133/><E133/><V103/><F103/><AGARI ba="0,3" hai="3,4,11,60,62,63,75,76,81,88,91,97,103,104" machi="103" ten="40,7700,0" yaku="1,1,52,1,54,1,53,0" doraHai="35" doraHaiUra="8" who="3" fromWho="2" sc="424,0,93,0,164,-77,289,107" /><INIT seed="3,1,0,3,4,96" ten="424,93,87,396" oya="3" hai0="58,64,9,63,91,71,66,117,84,74,118,50,24" hai1="129,54,87,83,111,60,2,124,97,42,36,17,76" hai2="130,57,23,119,51,5,47,10,107,79,30,127,25" hai3="43,125,12,135,115,110,109,131,88,45,106,52,32"/><W86/><G115/><T69/><D74/><U99/><E111/><N who="3" m="42506" /><G106/><T114/><D114/><U46/><E129/><V122/><F119/><N who="0" m="45578" /><D91/><U134/><E134/><V104/><F130/><W120/><G32/><T98/><D98/><U34/><E34/><V103/><F107/><W7/><G135/><T101/><D101/><U35/><E35/><V3/><F127/><W33/><G131/><T80/><D84/><U90/><E2/><V20/><F122/><W38/><G33/><T75/><D80/><U132/><E124/><V1/><F79/><W13/><G125/><T28/><D9/><U68/><E132/><V0/><F57/><W41/><G41/><T89/><D89/><U81/><E17/><V27/><F104/><W22/><G7/><T78/><D24/><U121/><E121/><V116/><F103/><W26/><G120/><T6/><D28/><U48/><E60/><V16/><REACH who="2" step="1"/><F116/><REACH who="2" ten="424,93,77,396" step="2"/><W77/><G77/><T72/><D78/><U55/><E68/><V56/><F56/><W100/><G100/><T8/><D69/><U49/><E76/><V59/><F59/><W82/><G52/><AGARI ba="1,1" hai="0,1,3,5,10,16,20,23,25,27,30,47,51,52" machi="52" ten="30,7700,0" yaku="1,1,7,1,54,2,53,0" doraHai="96" doraHaiUra="123" who="2" fromWho="3" sc="424,0,93,0,77,90,396,-80" /><INIT seed="4,0,0,2,2,109" ten="424,93,167,316" oya="0" hai0="79,39,127,82,133,72,7,75,51,99,47,73,76" hai1="22,61,24,97,71,110,59,93,108,101,124,129,25" hai2="23,128,33,132,100,20,32,63,113,90,0,121,95" hai3="135,46,131,68,57,60,54,78,36,96,42,40,49"/><T116/><D116/><U83/><E71/><V104/><F0/><W123/><G123/><T41/><D133/><U119/><E119/><V69/><F121/><W134/><G78/><T125/><D99/><U130/><E83/><V21/><F132/><N who="3" m="50731" /><G96/><T77/><D82/><U107/><E107/><V91/><F128/><N who="1" m="49257" /><E124/><N who="0" m="47689" /><D7/><U48/><E48/><AGARI ba="0,0" hai="39,41,47,48,51,72,73,75,76,77,79" m="47689" machi="48" ten="40,2000,0" yaku="18,1" doraHai="109" who="0" fromWho="1" sc="424,20,93,-20,167,0,316,0" /><INIT seed="4,1,0,1,1,52" ten="444,73,167,316" oya="0" hai0="101,19,110,102,44,34,61,86,9,51,30,46,77" hai1="134,126,66,15,91,76,120,6,11,117,8,104,28" hai2="72,121,113,50,114,111,133,23,131,32,68,65,48" hai3="24,37,22,21,55,69,85,105,47,118,93,27,63"/><T33/><D110/><U26/><E104/><V125/><RYUUKYOKU type="yao9" ba="1,0" sc="444,0,73,0,167,0,316,0" hai2="23,32,48,50,65,68,72,111,113,114,121,125,131,133" /><INIT seed="4,2,0,5,5,101" ten="444,73,167,316" oya="0" hai0="31,100,30,79,22,17,94,24,78,126,8,65,21" hai1="15,87,18,37,90,125,1,128,33,2,3,115,25" hai2="34,102,109,117,77,120,122,10,88,110,42,66,135" hai3="134,49,76,82,105,81,51,64,114,93,85,69,92"/><T20/><D126/><U99/><E37/><V133/><F66/><W129/><G114/><T75/><D75/><U5/><E125/><V45/><F34/><W89/><G129/><T107/><D107/><U116/><E116/><V72/><F117/><W113/><G134/><N who="2" m="51209" /><F10/><W111/><G113/><T47/><D65/><U60/><E115/><V118/><F118/><W55/><G111/><N who="2" m="42505" /><F102/><W112/><G112/><T91/><D100/><U16/><E99/><V95/><F45/><W48/><G64/><T97/><D8/><U53/><E128/><V127/><F42/><W19/><G69/><T35/><D35/><U56/><E5/><V6/><F6/><W14/><G105/><T62/><D47/><U83/><REACH who="1" step="1"/><E15/><REACH who="1" ten="444,63,167,316" step="2"/><V74/><F127/><W43/><G14/><T86/><D97/><U106/><E106/><V67/><F67/><W71/><G43/><T80/><D17/><U12/><E12/><V52/><F52/><W39/><G19/><T40/><D40/><U54/><E54/><V27/><F27/><W41/><G39/><T68/><D24/><U28/><AGARI ba="2,1" hai="1,2,3,16,18,25,28,33,53,56,60,83,87,90" machi="28" ten="40,5200,0" yaku="1,1,0,1,54,1,53,0" doraHai="101" doraHaiUra="108" who="1" fromWho="1" sc="444,-28,63,68,167,-15,316,-15" /><INIT seed="5,0,0,4,2,101" ten="416,131,152,301" oya="1" hai0="2,0,97,114,81,44,100,135,104,66,20,23,34" hai1="32,19,30,122,115,22,95,38,98,112,56,18,94" hai2="125,36,88,52,105,6,79,49,113,130,87,110,128" hai3="47,82,106,118,86,123,83,25,28,62,46,90,55"/><U39/><E122/><V92/><F36/><W71/><G123/><T124/><D34/><U68/><E68/><V69/><F110/><W85/><G106/><T116/><D116/><U16/><E32/><V31/><F69/><W61/><G118/><T11/><D66/><U26/><E56/><V109/><F109/><W127/><G71/><T60/><D60/><U57/><E57/><V89/><F105/><W59/><G62/><T54/><D114/><N who="1" m="43563" /><E95/><V129/><F113/><W53/><G53/><T29/><D54/><U111/><E111/><V134/><F134/><W51/><G61/><T120/><D135/><U91/><AGARI ba="0,0" hai="16,18,19,22,26,30,38,39,91,94,98" m="43563" machi="91" ten="30,3000,0" yaku="15,1,54,1" doraHai="101" who="1" fromWho="1" sc="416,-10,131,30,152,-10,301,-10" /><INIT seed="5,1,0,3,3,10" ten="406,161,142,291" oya="1" hai0="15,76,131,25,71,81,64,28,43,2,133,112,128" hai1="3,53,80,24,115,42,63,57,34,37,123,135,88" hai2="114,30,126,73,90,105,52,70,18,69,102,45,58" hai3="62,104,17,19,31,120,121,14,122,27,65,106,97"/><U0/><E123/><V98/><F126/><W12/><G97/><T87/><D2/><U21/><E34/><V124/><F124/><W29/><G62/><T48/><D112/><U50/><E115/><V56/><F114/><W125/><G65/><T26/><D133/><U107/><E107/><N who="3" m="41002" /><G27/><T36/><D36/><U89/><E37/><V101/><F30/><N who="3" m="11275" /><G125/><T78/><D78/><U94/><E135/><V38/><F73/><W86/><G86/><T35/><D26/><U127/><E127/><V134/><F134/><W109/><G109/><T49/><D43/><U82/><E0/><V96/><F90/><N who="1" m="34921" /><E94/><V1/><F1/><W68/><G68/><T16/><D64/><N who="1" m="39023" /><E42/><V51/><F38/><W23/><G23/><N who="0" m="11679" /><D71/><U32/><E32/><V116/><F116/><W77/><G77/><T33/><D33/><U61/><E3/><V59/><REACH who="2" step="1"/><F18/><AGARI ba="1,0" hai="12,14,17,18,19,120,121,122" m="11275,41002" machi="18" ten="40,8000,1" yaku="28,2,52,2" doraHai="10" who="3" fromWho="2" sc="406,0,161,0,142,-83,291,83" /><INIT seed="6,0,0,4,3,8" ten="406,161,59,374" oya="2" hai0="70,132,99,61,42,101,86,131,130,108,20,68,71" hai1="121,39,9,104,82,66,49,50,125,72,2,105,133" hai2="24,45,84,77,112,51,19,69,29,75,23,14,67" hai3="64,43,98,59,129,78,116,28,79,21,95,65,16"/><V34/><F75/><W83/><G129/><N who="0" m="49163" /><D108/><U5/><E39/><V120/><F120/><W97/><G116/><T26/><D132/><U126/><E133/><V85/><F112/><W118/><G118/><T31/><D86/><U128/><E121/><V30/><F30/><W107/><G43/><T40/><D61/><U63/><E128/><V35/><F35/><W58/><G28/><T10/><D10/><U92/><E92/><AGARI ba="0,0" hai="20,26,31,40,42,68,70,71,92,99,101" m="49163" machi="92" ten="40,1300,0" yaku="19,1" doraHai="8" who="0" fromWho="1" sc="406,13,161,-13,59,0,374,0" /><INIT seed="7,0,0,3,1,63" ten="419,148,59,374" oya="3" hai0="15,26,90,121,111,21,100,47,16,96,126,73,32" hai1="55,71,4,14,107,74,51,59,109,0,45,64,106" hai2="48,92,23,65,115,5,125,131,88,119,9,34,38" hai3="24,105,89,10,19,112,83,97,2,76,129,101,35"/><W1/><G112/><T120/><D111/><U36/><E0/><V3/><F34/><W20/><G129/><T57/><D73/><U69/><E74/><V123/><F38/><W82/><G35/><T33/><D33/><U53/><E109/><V58/><F119/><W27/><G27/><T13/><D126/><U75/><E75/><V117/><F117/><W39/><G39/><T22/><D90/><U50/><E36/><V40/><F123/><W46/><G76/><T44/><D32/><U130/><E130/><V7/><F131/><W95/><G46/><T104/><D13/><U52/><E64/><V132/><F125/><W68/><G68/><T84/><D84/><U127/><E106/><V41/><F115/><W70/><G70/><T61/><D120/><U6/><E107/><V124/><F124/><W54/><G54/><T122/><D122/><U108/><E108/><V11/><F132/><W17/><G2/><T116/><D116/><U25/><E25/><V103/><F103/><W43/><G43/><T28/><D121/><U98/><E127/><V67/><F23/><W42/><G42/><N who="2" m="16489" /><F3/><W118/><G118/><T133/><D133/><U87/><E69/><V8/><F58/><W134/><G134/><T31/><D31/><U72/><E71/><V114/><F48/><W66/><G66/><AGARI ba="0,0" hai="15,16,21,22,26,28,44,47,57,61,66,96,100,104" machi="66" ten="30,3900,0" yaku="7,1,52,1,54,1" doraHai="63" who="0" fromWho="3" sc="419,39,148,0,59,0,374,-39" owari="458,55.0,148,-25.0,59,-44.0,335,14.0" /></mjloggm>