<mjloggm ver="2.3"><GO type="169" lobby="0"/><UN n0="%6B%69%79%6F%64%61%69" n1="%E3%83%8A%E3%82%B0%E3%83%AB%E3%83%95%E3%82%A1%E3%83%AB" n2="%E3%82%A6%E3%83%AB%E3%83%88%E3%83%A9%E7%AB%8B%E7%9B%B4" n3="%73%70%67%32%33" dan="18,16,18,16" rate="2226.51,2079.18,2242.77,2023.48" sx="M,M,M,M"/><TAIKYOKU oya="0"/><INIT seed="0,0,0,3,2,115" ten="250,250,250,250" oya="0" hai0="50,64,123,0,93,102,132,18,7,11,68,23,69" hai1="127,88,4,25,42,38,53,118,128,84,57,44,101" hai2="37,72,97,39,98,52,135,43,85,30,131,120,125" hai3="108,74,2,58,17,34,15,40,55,10,113,62,35"/><T121/><D132/><U14/><E128/><V104/><F72/><W78/><G108/><T65/><D50/><U36/><E127/><V83/><F120/><W9/><G40/><T103/><D64/><U13/><E101/><V134/><F30/><W86/><G74/><T112/><D112/><U56/><E38/><V77/><F43/><W95/><G113/><T82/><D103/><U75/><E75/><V31/><F31/><W130/><G130/><T100/><D100/><U48/><E118/><V21/><F21/><W61/><G62/><T73/><D68/><U67/><E4/><V114/><F114/><W105/><G105/><T28/><D28/><U71/><E57/><V99/><F104/><W8/><G2/><T27/><D102/><U133/><E25/><V66/><F66/><W59/><G59/><T3/><D3/><U96/><E96/><V16/><F131/><W109/><G109/><T46/><D46/><U89/><E133/><N who="2" m="50699" /><F125/><W126/><G126/><T63/><REACH who="0" step="1"/><D93/><REACH who="0" ten="240,250,250,250" step="2"/><N who="1" m="54407" /><E89/><V29/><F29/><W51/><G95/><T22/><D22/><U79/><E79/><AGARI ba="0,1" hai="0,7,11,18,23,27,63,65,69,73,79,82,121,123" machi="79" ten="40,2000,0" yaku="1,1,53,0" doraHai="115" doraHaiUra="26" who="0" fromWho="1" sc="240,30,250,-20,250,0,250,0" /><INIT seed="0,1,0,2,4,38" ten="270,230,250,250" oya="0" hai0="50,71,52,80,40,1,87,106,26,48,107,28,120" hai1="11,89,9,35,74,37,134,129,32,51,103,14,114" hai2="41,46,66,21,18,56,25,65,19,123,104,69,115" hai3="59,127,100,96,44,108,68,124,24,101,23,109,10"/><T92/><D71/><U82/><E37/><V22/><F123/><W20/><G68/><T121/><D1/><U91/><E129/><V13/><F115/><W77/><G77/><T53/><D92/><U102/><E114/><V3/><F104/><W33/><G10/><T112/><D112/><U42/><E134/><V111/><F111/><N who="3" m="42571" /><G33/><T133/><D133/><U57/><E74/><V47/><F3/><W119/><G119/><T97/><D97/><U17/><E57/><V60/><F47/><W12/><G59/><T84/><D26/><U90/><E82/><V135/><F135/><W0/><G0/><T132/><D132/><U16/><E51/><N who="2" m="27087" /><F69/><W31/><G44/><T94/><D94/><U49/><E49/><V27/><F27/><W105/><G100/><T72/><D80/><U30/><E42/><V70/><F70/><W95/><G105/><T73/><D28/><U34/><E30/><V110/><F110/><W113/><G113/><T83/><D83/><U128/><E128/><V5/><F5/><W2/><G2/><T76/><D76/><U88/><N who="1" m="22528" /><DORA hai="125" /><U99/><E99/><V126/><F126/><N who="3" m="48171" /><G23/><T62/><D62/><U67/><E67/><AGARI ba="1,0" hai="13,18,19,21,22,25,56,60,65,66,67" m="27087" machi="67" ten="30,2000,0" yaku="8,1,52,1" doraHai="38,125" who="2" fromWho="1" sc="270,0,230,-23,250,23,250,0" /><INIT seed="1,0,0,0,0,16" ten="270,207,273,250" oya="1" hai0="28,15,129,26,72,133,97,101,38,95,82,104,80" hai1="134,132,4,9,85,29,112,109,3,7,127,93,44" hai2="50,45,113,20,40,67,105,48,86,39,81,77,90" hai3="31,6,117,52,71,74,92,23,11,110,99,42,100"/><U64/><E112/><V41/><F105/><W2/><G74/><T73/><D38/><U8/><E64/><V46/><F113/><W114/><G114/><T54/><D129/><U118/><E118/><V63/><F39/><W55/><G71/><T60/><D133/><N who="1" m="51307" /><E44/><V25/><F77/><W76/><G76/><T126/><D126/><U78/><E127/><V123/><F123/><W79/><G79/><T35/><D73/><U59/><E59/><V62/><REACH who="2" step="1"/><F67/><REACH who="2" ten="270,207,263,250" step="2"/><W19/><G117/><T103/><D104/><U107/><E107/><V5/><F5/><W119/><G119/><T34/><D72/><U120/><E120/><V37/><F37/><W128/><G128/><T43/><D35/><U106/><E106/><V124/><F124/><W13/><G110/><T51/><D34/><U21/><E109/><V102/><F102/><W68/><G68/><T53/><D101/><U57/><E78/><V115/><F115/><W75/><G75/><T108/><D108/><U125/><E125/><V1/><F1/><W17/><G6/><T83/><D103/><U122/><E122/><V22/><F22/><W84/><G2/><T30/><D54/><U116/><E116/><V61/><F61/><W12/><G42/><T14/><D43/><U47/><E21/><V58/><F58/><W10/><G55/><T96/><D60/><U70/><E57/><V66/><F66/><W49/><G52/><T32/><D53/><U121/><E70/><V69/><F69/><W98/><G49/><T65/><D65/><U89/><E121/><V88/><F88/><N who="3" m="53255" /><G100/><T91/><D51/><RYUUKYOKU ba="0,1" sc="270,-15,207,-15,263,15,250,15" hai2="20,25,40,41,45,46,48,50,62,63,81,86,90" hai3="10,11,12,13,17,19,23,31,98,99" /><INIT seed="2,1,1,3,3,112" ten="255,192,278,265" oya="2" hai0="67,14,66,70,129,47,3,6,9,93,64,76,125" hai1="65,31,4,80,55,21,5,69,97,72,86,75,131" hai2="85,34,18,12,108,56,103,109,50,111,132,60,116" hai3="42,118,126,53,11,58,24,96,57,120,28,101,122"/><V26/><F103/><W1/><G126/><T87/><D125/><U113/><E113/><V95/><F50/><W119/><G42/><T29/><D129/><U25/><E131/><V114/><F114/><W117/><G11/><T82/><D29/><U100/><E55/><V78/><F132/><W98/><G1/><T45/><D70/><U130/><E130/><V106/><F106/><W46/><G46/><T51/><D3/><U52/><E75/><V71/><F71/><W63/><G58/><T74/><D74/><U84/><E72/><V39/><F39/><W73/><G73/><T48/><D93/><U19/><E69/><V79/><F116/><W91/><G91/><T23/><D23/><U35/><E65/><N who="2" m="39047" /><F26/><W33/><REACH who="3" step="1"/><G98/><REACH who="3" ten="255,192,278,255" step="2"/><T37/><D37/><U110/><E97/><V133/><F133/><W134/><G134/><T121/><D121/><U27/><E100/><V10/><F34/><W38/><G38/><T0/><D0/><U124/><E124/><V92/><F85/><W40/><G40/><N who="0" m="24615" /><D67/><U105/><E86/><V89/><F89/><W62/><G62/><T94/><D94/><AGARI ba="1,2" hai="10,12,18,78,79,92,94,95,108,109,111" m="39047" machi="94" ten="30,2900,0" yaku="14,1,10,1" doraHai="112" who="2" fromWho="0" sc="255,-32,192,0,278,52,255,0" /><AGARI ba="1,0" hai="24,28,33,53,57,63,94,96,101,117,118,119,120,122" machi="94" ten="40,8000,1" yaku="1,1,52,3,53,0" doraHai="112" doraHaiUra="7" who="3" fromWho="0" sc="223,-80,192,0,330,0,255,80" /><INIT seed="2,2,0,0,1,4" ten="143,192,330,335" oya="2" hai0="90,75,121,132,26,60,123,124,44,45,12,52,27" hai1="80,32,36,37,58,103,116,95,107,65,3,71,35" hai2="5,83,23,99,91,93,82,69,29,53,88,8,51" hai3="89,24,115,74,122,112,20,127,85,2,102,17,61"/><V73/><F69/><W86/><G74/><T50/><D75/><U49/><E116/><V114/><F114/><N who="3" m="43563" /><G2/><T21/><D124/><U77/><E71/><V47/><F73/><W64/><G127/><T63/><D132/><U78/><E107/><V105/><F105/><W67/><G102/><T126/><D126/><U43/><E78/><V128/><F128/><W76/><G122/><T125/><D125/><U14/><E3/><V113/><F113/><W111/><G61/><T66/><D63/><U57/><E65/><V59/><F91/><W119/><G111/><T11/><D45/><U34/><E14/><N who="2" m="5391" /><F47/><W110/><G110/><T41/><D41/><U25/><E36/><V131/><F131/><W19/><G19/><T55/><D55/><U10/><E37/><V129/><F129/><W0/><G0/><T7/><D90/><U100/><E43/><V1/><F1/><W79/><G119/><T39/><D27/><AGARI ba="2,0" hai="23,27,29,51,53,59,82,83,88,93,99" m="5391" machi="27" ten="30,5800,0" yaku="8,1,52,1,54,1" doraHai="4" who="2" fromWho="0" sc="143,-64,192,0,330,64,335,0" /><INIT seed="2,3,0,5,3,135" ten="79,192,394,335" oya="2" hai0="53,37,14,9,93,132,12,43,34,30,51,95,104" hai1="3,47,77,46,0,57,35,33,111,127,1,17,102" hai2="85,73,32,4,48,21,92,125,60,81,114,122,124" hai3="96,113,20,64,71,10,119,80,50,108,72,117,18"/><V120/><F32/><W67/><G113/><T75/><D104/><U27/><E111/><V101/><F4/><W39/><G108/><T103/><D75/><U7/><E102/><V24/><F48/><W31/><G39/><T13/><D132/><U19/><E77/><N who="2" m="44207" /><F60/><W45/><G96/><T100/><D37/><U44/><E7/><V55/><F55/><W79/><G71/><T109/><D109/><U87/><E87/><V129/><F114/><W11/><G119/><T69/><D69/><U40/><E57/><V76/><F21/><W90/><G117/><T121/><D43/><U25/><E40/><V134/><F24/><N who="1" m="9289" /><E127/><N who="2" m="48715" /><F134/><W15/><G31/><T110/><D30/><U63/><E63/><V41/><F41/><W8/><G64/><T74/><D110/><U97/><E35/><V5/><F5/><W126/><G67/><T26/><D34/><U99/><E33/><V65/><F65/><W112/><G112/><T61/><D26/><U52/><E52/><V84/><F129/><W2/><G2/><T16/><D61/><U36/><E36/><V28/><F28/><W82/><G126/><T68/><D68/><U56/><E56/><V6/><F6/><W106/><G20/><T83/><D53/><U42/><E42/><V91/><F101/><N who="0" m="38986" /><D51/><U38/><E38/><V105/><F105/><W59/><G106/><T22/><D22/><U70/><E70/><V94/><F76/><W58/><G59/><T133/><D133/><U23/><E23/><V49/><F49/><W29/><G58/><T62/><D62/><U54/><E54/><V88/><AGARI ba="3,0" hai="84,85,88,91,92,94,120,122" m="48715,44207" machi="88" ten="30,24000,3" yaku="5,1,18,1,34,2,52,3,54,1" doraHai="135" who="2" fromWho="2" sc="79,-83,192,-83,394,249,335,-83" owari="-4,-50.0,109,-29.0,643,74.0,252,5.0" /></mjloggm>