<mjloggm ver="2.3"><GO type="169" lobby="0"/><UN n0="%E3%80%87%E3%80%87%E3%81%8A%E3%83%BC%E3%81%98" n1="%E3%83%88%E3%83%88%E3%83%AA%E5%85%88%E7%94%9F%31%39%E6%AD%B3" n2="%E5%B9%BB%E9%9C%8A" n3="%63%61%72%64%69%6E" dan="16,19,17,16" rate="2115.69,2292.26,2142.26,2111.84" sx="M,F,M,M"/><TAIKYOKU oya="0"/><INIT seed="0,0,0,1,5,78" ten="250,250,250,250" oya="0" hai0="111,27,44,123,134,51,8,132,126,25,10,79,92" hai1="101,37,53,7,62,24,129,135,103,60,131,34,115" hai2="56,55,102,75,32,42,63,114,49,13,100,106,91" hai3="87,124,30,82,77,41,73,109,70,14,89,35,54"/><T23/><D123/><U86/><E37/><V68/><F114/><W74/><G70/><T105/><D105/><U2/><E115/><V16/><F32/><W21/><G109/><T38/><D126/><U99/><E135/><N who="0" m="51753" /><D38/><U96/><E86/><V1/><F1/><W22/><G124/><T66/><D66/><U119/><E119/><V61/><F75/><W17/><G41/><N who="0" m="24975" /><D111/><U98/><E7/><V107/><F91/><W112/><G112/><T48/><D48/><U39/><E2/><V46/><F106/><W83/><G35/><T104/><D104/><U3/><E3/><V93/><F107/><W0/><G0/><T133/><D27/><U29/><E39/><V76/><F76/><W128/><G128/><N who="1" m="49226" /><E53/><V47/><F47/><W5/><G54/><T28/><N who="0" m="51761" /><T52/><DORA hai="116" /><D52/><U50/><E50/><V6/><F68/><W72/><REACH who="3" step="1"/><G5/><REACH who="3" ten="250,250,250,240" step="2"/><T18/><D10/><U125/><E125/><V4/><F55/><W33/><G33/><T19/><D8/><U122/><E122/><V85/><F6/><W58/><G58/><T81/><D92/><U120/><E120/><V88/><F4/><W20/><G20/><T40/><D40/><U110/><E110/><V127/><F127/><W26/><AGARI ba="0,1" hai="14,17,21,22,26,30,72,73,74,77,82,83,87,89" machi="26" ten="30,8000,1" yaku="1,1,0,1,52,2,53,1" doraHai="78,116" doraHaiUra="9,64" who="3" fromWho="3" sc="250,-40,250,-20,250,-20,240,90" /><INIT seed="1,0,0,5,2,104" ten="210,230,230,330" oya="1" hai0="50,33,6,95,58,83,60,59,41,40,78,29,20" hai1="82,69,88,76,5,31,103,7,66,16,85,90,23" hai2="11,53,55,89,73,13,110,1,64,71,9,38,21" hai3="87,124,26,63,116,62,34,4,80,105,45,43,129"/><U37/><E37/><V42/><F73/><W122/><G122/><T100/><D33/><U0/><E31/><V2/><F110/><W65/><G105/><T12/><D6/><N who="1" m="2059" /><E69/><V22/><F89/><N who="1" m="34409" /><E0/><V14/><F71/><W96/><G4/><T132/><D132/><U30/><E30/><V47/><F64/><W57/><G34/><T126/><D126/><U18/><E66/><V17/><F38/><W79/><G124/><T111/><D111/><U51/><E23/><V123/><F123/><W92/><G116/><T101/><D29/><U115/><E115/><V107/><F107/><W39/><G26/><T10/><D20/><U8/><E8/><V113/><F113/><W120/><G120/><T121/><D12/><U27/><E27/><V114/><F114/><W54/><G65/><T128/><D10/><U68/><E68/><V118/><F118/><W75/><G63/><T70/><D70/><U36/><E36/><V119/><F119/><W131/><REACH who="3" step="1"/><G87/><REACH who="3" ten="210,230,230,320" step="2"/><T99/><D60/><U106/><E106/><V125/><F125/><W24/><G24/><T98/><D121/><U97/><E51/><V25/><F1/><W44/><G44/><T56/><D50/><U49/><E49/><V46/><F2/><W102/><AGARI ba="0,1" hai="39,43,45,54,57,62,75,79,80,92,96,102,129,131" machi="102" ten="30,4000,0" yaku="1,1,0,1,52,1,53,0" doraHai="104" doraHaiUra="3" who="3" fromWho="3" sc="210,-10,230,-20,230,-10,320,50" /><INIT seed="2,0,0,2,1,133" ten="200,210,220,370" oya="2" hai0="108,9,11,96,28,94,65,74,82,112,32,125,34" hai1="54,89,78,1,95,58,122,50,130,76,20,30,73" hai2="77,64,134,57,29,75,86,120,42,35,47,132,92" hai3="107,128,124,18,12,69,60,110,113,22,7,55,4"/><V43/><F120/><W5/><G107/><T118/><D112/><U90/><E1/><V88/><F35/><W23/><G113/><T81/><D65/><U126/><E122/><V66/><F29/><W111/><G128/><T119/><D108/><N who="3" m="41513" /><G23/><T62/><D62/><U61/><E130/><V53/><F75/><W48/><G60/><T70/><D70/><U115/><E115/><V3/><F77/><W31/><G31/><T6/><D28/><U39/><E39/><V44/><F3/><W41/><G41/><N who="2" m="15369" /><F134/><W46/><G69/><T127/><D74/><U93/><E126/><AGARI ba="0,0" hai="4,5,7,12,18,22,46,48,55,124,126" m="41513" machi="126" ten="40,5200,0" yaku="14,1,52,2" doraHai="133" who="3" fromWho="1" sc="200,0,210,-52,220,0,370,52" /><INIT seed="3,0,0,0,4,12" ten="200,158,220,422" oya="3" hai0="125,99,55,73,34,94,114,111,63,107,130,75,64" hai1="32,0,128,133,4,79,83,61,50,122,120,8,48" hai2="36,2,23,24,20,52,72,13,54,74,49,11,126" hai3="15,28,103,121,5,25,44,76,96,88,70,89,26"/><W92/><G121/><T9/><D111/><U18/><E32/><V108/><F108/><W51/><G70/><T81/><D114/><U31/><E31/><V58/><F36/><W3/><G3/><T59/><D125/><U86/><E128/><V38/><F126/><W100/><G76/><T124/><D124/><U37/><E37/><V85/><F38/><W132/><G132/><T118/><D118/><U102/><E133/><V40/><F2/><W10/><G89/><T7/><D34/><U17/><E102/><V39/><F85/><W57/><G57/><T56/><D107/><U69/><E120/><V30/><F23/><N who="3" m="15423" /><G26/><T19/><D81/><U78/><E78/><V27/><F27/><W41/><AGARI ba="0,0" hai="5,10,15,41,44,51,88,92,96,100,103" m="15423" machi="41" ten="30,3000,0" yaku="8,1,54,1" doraHai="12" who="3" fromWho="3" sc="200,-10,158,-10,220,-10,422,30" /><INIT seed="3,1,0,0,1,57" ten="190,148,210,452" oya="3" hai0="66,126,53,129,25,117,82,124,103,135,120,50,108" hai1="130,131,83,72,106,114,79,62,123,1,99,111,101" hai2="78,28,17,45,69,11,16,95,10,55,89,0,37" hai3="27,87,121,29,13,94,47,71,63,18,36,31,60"/><W134/><G121/><T19/><D120/><U5/><E123/><V73/><F69/><W56/><G134/><T61/><D103/><U104/><E62/><N who="3" m="23594" /><G71/><T91/><D91/><U7/><E7/><V133/><F133/><W33/><G33/><T100/><D100/><N who="1" m="62495" /><E5/><V74/><F28/><N who="3" m="10827" /><G36/><T51/><D66/><U81/><E1/><V26/><F37/><W54/><G47/><T77/><D135/><U80/><E111/><V6/><F45/><W116/><G116/><T44/><D108/><U41/><E41/><V98/><F73/><W127/><G127/><T88/><D44/><U9/><E9/><V84/><F11/><N who="3" m="6463" /><G27/><T24/><D25/><U14/><E114/><V34/><F74/><W20/><G20/><T86/><D24/><U32/><E32/><V46/><F34/><W8/><G8/><T113/><D117/><U115/><E115/><V39/><F26/><W119/><G119/><T90/><D113/><U75/><E14/><V21/><F39/><W3/><G3/><T35/><D35/><U15/><E15/><V59/><F46/><W125/><G125/><T49/><D124/><U40/><E40/><V92/><F21/><W43/><G43/><T12/><D12/><U42/><E42/><V110/><F10/><W112/><G112/><T30/><D126/><U76/><E72/><V102/><F0/><W122/><G122/><T107/><D30/><U4/><E75/><V97/><F6/><W70/><G70/><T118/><D118/><U23/><E23/><V85/><F17/><W105/><G105/><T132/><D132/><U58/><E106/><RYUUKYOKU ba="1,0" sc="190,0,148,0,210,0,452,0" /><INIT seed="4,2,0,1,3,97" ten="190,148,210,452" oya="0" hai0="123,48,35,24,65,117,131,95,47,88,71,75,116" hai1="50,62,57,33,60,56,102,77,28,99,27,124,66" hai2="3,10,120,6,5,4,85,119,78,64,112,109,122" hai3="52,73,98,82,114,72,54,8,30,22,96,46,42"/><T58/><D123/><U41/><E124/><V103/><F109/><W53/><G114/><T105/><D75/><U70/><E77/><V39/><F112/><W31/><G8/><T92/><D105/><U115/><E115/><V0/><F39/><W15/><G72/><T74/><D74/><U59/><E41/><V125/><F125/><W79/><G15/><T13/><D71/><U130/><E50/><V67/><F119/><W34/><G34/><T129/><D35/><U87/><E87/><V51/><F51/><W110/><G110/><T49/><D24/><U135/><E135/><V76/><F85/><W18/><G18/><T111/><D95/><U104/><E130/><N who="0" m="49673" /><D13/><U68/><E68/><V11/><F5/><W32/><G32/><T16/><D16/><U134/><E134/><V83/><F83/><W14/><G14/><T37/><D37/><U45/><E45/><V40/><F40/><W84/><G73/><T43/><D111/><U1/><E1/><V93/><F93/><W12/><G12/><T55/><D65/><AGARI ba="2,0" hai="27,28,33,56,57,59,60,62,65,66,70,99,102,104" machi="65" ten="30,7700,0" yaku="7,1,25,2,52,1" doraHai="97" who="1" fromWho="0" sc="190,-83,148,83,210,0,452,0" /><INIT seed="5,0,0,5,2,33" ten="107,231,210,452" oya="1" hai0="52,67,121,55,91,120,69,28,129,105,131,110,38" hai1="11,94,112,40,23,44,59,14,103,13,32,93,83" hai2="19,98,132,6,45,29,97,78,109,27,102,10,48" hai3="49,86,21,96,68,41,107,126,4,16,114,12,100"/><U118/><E32/><V135/><F109/><W42/><G68/><T65/><D105/><U127/><E118/><V39/><F39/><W106/><G114/><T26/><D91/><U58/><E112/><V128/><F128/><N who="0" m="49226" /><D28/><U61/><E127/><V101/><F78/><W60/><G60/><N who="0" m="40103" /><D26/><U1/><E58/><V22/><F29/><W88/><G126/><T36/><D67/><U37/><E83/><V71/><F71/><W9/><G107/><T8/><D8/><U79/><E79/><V30/><F30/><W0/><G49/><T104/><D104/><U117/><E23/><V64/><F64/><W82/><AGARI ba="0,0" hai="0,4,9,12,16,21,41,42,82,86,88,96,100,106" machi="82" ten="20,8000,1" yaku="0,1,7,1,52,1,54,2" doraHai="33" who="3" fromWho="3" sc="107,-20,231,-40,210,-20,452,80" /><INIT seed="6,0,0,5,4,89" ten="87,191,190,532" oya="2" hai0="135,88,109,0,59,98,58,97,114,42,84,92,21" hai1="61,67,39,63,105,119,12,80,38,87,26,44,130" hai2="49,55,121,27,9,76,112,37,35,102,96,53,43" hai3="68,82,28,30,74,122,103,83,66,93,91,110,57"/><V99/><F121/><W108/><G68/><T15/><D0/><U29/><E105/><V4/><F112/><W45/><G45/><T75/><D109/><U13/><E130/><V20/><F35/><W23/><G122/><T86/><D75/><U65/><E119/><V32/><F32/><W7/><G7/><T70/><D70/><U6/><E44/><V95/><F76/><W116/><G116/><T50/><D114/><U131/><E131/><V126/><F126/><W77/><G28/><T8/><D135/><U46/><E46/><N who="2" m="25823" /><F96/><N who="0" m="36970" /><D21/><N who="1" m="15567" /><E39/><V22/><F22/><W73/><G23/><T117/><D117/><U48/><E48/><V47/><F47/><W79/><G57/><N who="0" m="21515" /><D50/><U10/><E13/><N who="2" m="5287" /><F37/><W60/><G110/><T2/><D2/><U17/><E6/><V52/><F55/><W40/><G108/><T51/><D51/><U85/><E38/><V78/><F78/><W1/><G77/><T106/><D106/><U54/><E54/><V5/><F5/><W25/><G1/><T90/><D42/><U118/><E118/><V125/><F125/><W19/><G40/><T113/><D113/><U34/><E34/><V72/><F72/><W133/><G74/><T128/><D128/><U134/><E134/><V69/><F69/><N who="3" m="42183" /><G133/><T127/><D127/><U81/><E67/><V120/><F120/><W24/><G73/><T56/><N who="0" m="21523" /><T107/><DORA hai="101" /><D107/><U104/><E104/><V16/><AGARI ba="0,0" hai="16,20,27,52,53,95,99,102" m="5287,25823" machi="16" ten="30,11700,0" yaku="8,1,52,1,54,2" doraHai="89,101" who="2" fromWho="2" sc="87,-39,191,-39,190,117,532,-39" /><INIT seed="6,1,0,3,0,45" ten="48,152,307,493" oya="2" hai0="3,8,37,49,77,20,126,72,115,80,11,134,42" hai1="93,99,106,44,4,50,79,17,23,127,12,14,119" hai2="7,81,1,102,78,109,15,103,84,57,131,118,88" hai3="67,70,83,116,96,27,40,33,135,38,133,91,108"/><V110/><F118/><W66/><G108/><N who="2" m="41577" /><F1/><W75/><G116/><T21/><D115/><U52/><E119/><V117/><F117/><W0/><G0/><T122/><D122/><U24/><E127/><V87/><F57/><W13/><G13/><T120/><D120/><U31/><E106/><V29/><F29/><W123/><G123/><T18/><D126/><U73/><E73/><V105/><F105/><W35/><G27/><T90/><D134/><N who="3" m="51209" /><G96/><T111/><D111/><U64/><E79/><V56/><F56/><W22/><G22/><T2/><D90/><U59/><E4/><V6/><F131/><W68/><G91/><T104/><D104/><U82/><E82/><N who="2" m="49271" /><F6/><W71/><G35/><T92/><D3/><U129/><E129/><V89/><F15/><W10/><G33/><T26/><D2/><U28/><E28/><V60/><F60/><W39/><G71/><T32/><D32/><U97/><E17/><V76/><F7/><W101/><G70/><T25/><D92/><U47/><E97/><V128/><F128/><W125/><G68/><T85/><D72/><U62/><E47/><V41/><F41/><W112/><G40/><T61/><D61/><U100/><AGARI ba="1,0" hai="12,14,23,24,31,44,50,52,59,62,64,93,99,100" machi="100" ten="20,12000,2" yaku="0,1,7,1,25,2,8,1,52,1,54,1" doraHai="45" who="1" fromWho="1" sc="48,-31,152,123,307,-61,493,-31" /><INIT seed="7,0,0,3,3,95" ten="17,275,246,462" oya="3" hai0="48,46,92,126,58,99,6,18,71,118,1,84,122" hai1="25,4,52,29,72,22,131,55,101,19,87,57,96" hai2="113,38,28,23,128,78,115,59,39,93,121,112,34" hai3="3,127,43,32,124,116,76,5,10,85,7,91,45"/><W81/><G116/><T86/><D71/><U41/><E72/><V97/><F34/><W47/><G32/><T62/><D1/><U117/><E131/><V17/><F128/><W107/><G107/><T125/><D6/><U106/><E117/><V74/><F28/><W13/><G7/><T110/><D118/><U114/><E114/><V83/><F59/><W63/><G63/><T12/><D122/><U66/><E41/><V88/><F121/><W20/><G20/><T109/><D125/><U33/><E4/><V31/><F31/><W36/><G13/><AGARI ba="0,0" hai="13,17,23,38,39,74,78,83,88,93,97,112,113,115" machi="13" ten="40,5200,0" yaku="15,1,52,1,54,1" doraHai="95" who="2" fromWho="3" sc="17,0,275,0,246,52,462,-52" owari="17,-48.0,275,-12.0,298,10.0,410,50.0" /></mjloggm>