<mjloggm ver="2.3"><GO type="169" lobby="0"/><UN n0="%E4%BF%BA%54%55%45%45%45%45%45" n1="%E3%83%88%E3%83%88%E3%83%AA%E5%85%88%E7%94%9F%31%39%E6%AD%B3" n2="%E3%82%B5%E3%82%B9%E3%83%91%E3%82%BA%E3%83%AC" n3="%66%69%67%68%74%65%72%73" dan="18,19,16,16" rate="2243.64,2269.54,2095.96,2116.64" sx="F,F,M,M"/><TAIKYOKU oya="0"/><INIT seed="0,0,0,4,3,52" ten="250,250,250,250" oya="0" hai0="128,2,64,25,81,0,50,56,77,101,14,12,59" hai1="10,71,79,13,40,73,58,94,130,9,126,63,46" hai2="8,29,65,41,107,84,1,16,91,90,109,3,70" hai3="85,95,114,66,38,21,34,120,6,82,47,117,105"/><T7/><D128/><U36/><E130/><V115/><F107/><W113/><G117/><T108/><D101/><U102/><E71/><V32/><F115/><W35/><G105/><T23/><D108/><U24/><E126/><V132/><F109/><W99/><G6/><T86/><D0/><U123/><E123/><V124/><F124/><W26/><G120/><T11/><D64/><U68/><E68/><V42/><F132/><W57/><G34/><T18/><REACH who="0" step="1"/><D50/><REACH who="0" ten="240,250,250,250" step="2"/><U133/><E133/><V87/><F65/><W129/><G129/><T15/><AGARI ba="0,1" hai="2,7,11,12,14,15,18,23,25,56,59,77,81,86" machi="15" ten="30,12000,1" yaku="1,1,2,1,0,1,52,2,53,0" doraHai="52" doraHaiUra="31" who="0" fromWho="0" sc="240,130,250,-40,250,-40,250,-40" /><INIT seed="0,1,0,1,3,118" ten="370,210,210,210" oya="0" hai0="113,112,78,100,87,47,4,117,127,69,27,129,97" hai1="76,41,107,131,28,108,81,40,110,106,91,119,57" hai2="83,121,14,38,56,20,12,123,58,99,30,21,103" hai3="111,126,29,125,63,133,80,16,3,25,67,71,64"/><T75/><D117/><U15/><E119/><V120/><F38/><W96/><G3/><T39/><D69/><U62/><E131/><V19/><F83/><W54/><G133/><T60/><D60/><U53/><E28/><V66/><F66/><W115/><G115/><T31/><D87/><U85/><E15/><V73/><F73/><W44/><G67/><T65/><D65/><U48/><E76/><V72/><F72/><W0/><G0/><T95/><D129/><U49/><E49/><V135/><F135/><W89/><G111/><N who="1" m="42538" /><E62/><V68/><F68/><W10/><G96/><T35/><D4/><U52/><E53/><V82/><F82/><W124/><G80/><N who="0" m="45151" /><D95/><U92/><E92/><V77/><F77/><W32/><G89/><T93/><D93/><U37/><E37/><V51/><F51/><W17/><G10/><T59/><D59/><U132/><E132/><V74/><F74/><W13/><G13/><T50/><D50/><AGARI ba="1,0" hai="16,17,25,29,32,44,50,54,63,64,71,124,125,126" machi="50" ten="40,2600,0" yaku="18,1,54,1" doraHai="118" who="3" fromWho="0" sc="370,-29,210,0,210,0,210,29" /><INIT seed="1,0,0,5,3,79" ten="341,210,210,239" oya="1" hai0="128,16,28,66,130,82,78,125,135,119,86,25,63" hai1="6,34,64,133,11,109,40,32,57,101,52,112,18" hai2="22,110,72,126,98,106,132,90,124,37,14,77,55" hai3="134,39,121,38,102,59,58,53,84,87,91,80,97"/><U49/><E112/><V104/><F37/><W111/><G121/><T127/><D119/><U83/><E133/><V118/><F55/><W44/><G134/><T62/><D62/><BYE who="0" /><U27/><E109/><UN n0="%E4%BF%BA%54%55%45%45%45%45%45" /><V74/><F132/><W129/><G111/><T41/><D41/><U29/><E101/><V31/><F110/><W33/><G33/><N who="0" m="20623" /><D16/><U51/><E18/><V23/><F23/><W24/><G129/><N who="0" m="49771" /><D135/><U85/><E64/><V107/><F31/><W88/><G24/><T12/><D12/><U131/><E131/><V116/><F14/><W13/><G13/><T76/><D78/><U73/><E73/><V65/><F65/><W1/><G1/><T9/><D9/><U99/><E40/><V108/><F22/><W113/><G113/><T15/><D15/><U96/><E34/><V0/><F0/><W48/><G39/><T47/><D47/><U10/><E51/><V20/><F20/><W60/><G38/><T43/><D43/><U50/><E50/><V117/><F108/><W68/><G68/><AGARI ba="0,0" hai="63,66,68,76,82,86,125,127" m="49771,20623" machi="68" ten="30,2000,0" yaku="19,1,52,1" doraHai="79" who="0" fromWho="3" sc="341,20,210,0,210,0,239,-20" /><INIT seed="2,0,0,0,2,21" ten="361,210,210,219" oya="2" hai0="120,49,74,51,128,107,34,111,19,12,116,68,117" hai1="123,14,87,108,20,109,15,69,28,30,38,78,70" hai2="129,32,42,106,46,0,40,73,103,110,94,82,104" hai3="64,57,33,105,121,36,17,66,75,1,127,91,124"/><V23/><F32/><W93/><G1/><T90/><D120/><U4/><E38/><V100/><F0/><W65/><G36/><T11/><D68/><N who="1" m="26219" /><E87/><V114/><F114/><W133/><G121/><T13/><D74/><U61/><E123/><V92/><F23/><W5/><G5/><T99/><D111/><N who="1" m="42571" /><E78/><V55/><F110/><W54/><G105/><T2/><D2/><U53/><E4/><V76/><F129/><W29/><G17/><T9/><D34/><U85/><E85/><V115/><F115/><W35/><G133/><T6/><D128/><U112/><E112/><V77/><F46/><W45/><G45/><T63/><D63/><U39/><E39/><V27/><F55/><W101/><G101/><N who="0" m="62911" /><D90/><U60/><E53/><V44/><F44/><W8/><G8/><T86/><D86/><U52/><E60/><V88/><F82/><W58/><G75/><T96/><D96/><U97/><E97/><V84/><F84/><N who="3" m="52455" /><G54/><T37/><D37/><U95/><E95/><V56/><F73/><W130/><G35/><T135/><D135/><U89/><E89/><V25/><F88/><W83/><G83/><T118/><AGARI ba="0,0" hai="6,9,11,12,13,19,49,51,116,117,118" m="62911" machi="118" ten="30,1100,0" yaku="12,1" doraHai="21" who="0" fromWho="0" sc="361,11,210,-3,210,-5,219,-3" /><INIT seed="3,0,0,2,1,67" ten="372,207,205,216" oya="3" hai0="9,62,40,11,115,90,80,126,96,118,2,29,13" hai1="1,31,133,55,18,88,78,134,101,124,116,60,74" hai2="15,98,48,37,73,130,100,10,42,125,83,69,59" hai3="20,111,17,52,45,4,70,58,107,132,64,19,24"/><W8/><G132/><T47/><D118/><U122/><E122/><V94/><F125/><W112/><G112/><T106/><D126/><U50/><E124/><V131/><F37/><W39/><G107/><T35/><D2/><U7/><E116/><V38/><F38/><W33/><G33/><T22/><D35/><U26/><E101/><V28/><F28/><W66/><G111/><T54/><D115/><U36/><E36/><V129/><F73/><W123/><G123/><T89/><D54/><U30/><E78/><V23/><F23/><W43/><G17/><T95/><D62/><U86/><E74/><V57/><F83/><W12/><REACH who="3" step="1"/><G70/><REACH who="3" ten="372,207,205,206" step="2"/><T108/><D106/><U63/><E18/><N who="2" m="8567" /><F69/><W128/><G128/><T77/><D108/><U75/><E133/><V102/><F131/><W110/><G110/><T97/><D29/><U21/><E134/><V104/><F104/><W81/><G81/><T27/><D80/><U53/><E31/><V114/><F114/><W120/><G120/><T3/><D95/><U5/><E30/><V6/><F130/><W93/><G93/><T56/><D11/><U32/><E32/><V85/><F129/><W51/><AGARI ba="0,1" hai="4,8,12,19,20,24,39,43,45,51,52,58,64,66" machi="51" ten="20,7800,0" yaku="1,1,0,1,7,1,54,1,53,0" doraHai="67" doraHaiUra="34" who="3" fromWho="3" sc="372,-26,207,-26,205,-26,206,88" /><INIT seed="3,1,0,4,2,33" ten="346,181,179,294" oya="3" hai0="112,111,71,67,95,60,44,130,128,46,29,129,58" hai1="108,91,16,45,36,104,43,82,54,90,94,121,48" hai2="93,125,103,127,52,78,69,0,81,119,62,83,55" hai3="126,84,134,6,109,13,30,20,115,35,42,122,68"/><W123/><G68/><T80/><D29/><U21/><E121/><V132/><F119/><W100/><G42/><T101/><D80/><U77/><E104/><V27/><F132/><W17/><G100/><T107/><D107/><U70/><E70/><V61/><F27/><N who="3" m="18911" /><G84/><T38/><D111/><U99/><E108/><V133/><F133/><W5/><G134/><T56/><D112/><U59/><E99/><V135/><F135/><W65/><G65/><T23/><D23/><U39/><E39/><V110/><F110/><W8/><G109/><T7/><D7/><N who="3" m="2569" /><G115/><T10/><D10/><U1/><E1/><V2/><F103/><W105/><G105/><T51/><D95/><U24/><REACH who="1" step="1"/><E94/><REACH who="1" ten="346,171,179,294" step="2"/><V47/><F93/><W106/><G106/><T4/><D38/><U53/><E53/><V22/><F69/><W9/><G126/><T117/><D71/><U15/><E15/><V79/><REACH who="2" step="1"/><F22/><REACH who="2" ten="346,171,169,294" step="2"/><N who="3" m="11567" /><G123/><T25/><D130/><U49/><E49/><V3/><F3/><W102/><G122/><T57/><D129/><U34/><E34/><V14/><F14/><W37/><G37/><T74/><D128/><U113/><E113/><V19/><F19/><W12/><G102/><T66/><D101/><U11/><E11/><V92/><F92/><W86/><G12/><T64/><D51/><U18/><E18/><V88/><F88/><W118/><G118/><T96/><D96/><U75/><AGARI ba="1,2" hai="16,21,24,36,43,45,48,54,59,75,77,82,90,91" machi="75" ten="20,5200,0" yaku="1,1,0,1,7,1,54,1,53,0" doraHai="33" doraHaiUra="26" who="1" fromWho="1" sc="346,-14,171,75,169,-14,294,-27" /><INIT seed="4,0,0,3,5,134" ten="332,246,155,267" oya="0" hai0="115,42,56,105,43,69,62,131,38,14,25,36,91" hai1="67,17,132,50,72,8,80,82,123,52,74,124,12" hai2="75,53,100,20,57,24,49,15,37,13,61,133,81" hai3="55,127,60,4,106,93,118,68,2,89,84,7,116"/><T122/><D105/><U76/><E123/><V92/><F133/><W63/><G106/><T30/><D122/><U34/><E132/><V99/><F37/><W66/><G2/><T78/><D78/><U19/><E34/><V77/><REACH who="2" step="1"/><F61/><REACH who="2" ten="332,246,145,267" step="2"/><W11/><G60/><T90/><D36/><U0/><E50/><V73/><F73/><W110/><G118/><T33/><D38/><U41/><E74/><V120/><F120/><W51/><G116/><T65/><D62/><U103/><E72/><V135/><F135/><W3/><G110/><T107/><D115/><U29/><E67/><V83/><F83/><W95/><G95/><T85/><D65/><U35/><E80/><V101/><F101/><W111/><G111/><T58/><D107/><U102/><E103/><V86/><F86/><W70/><G70/><T54/><D85/><U1/><E102/><V112/><F112/><W47/><REACH who="3" step="1"/><G4/><REACH who="3" ten="332,246,145,257" step="2"/><T108/><D69/><U27/><E82/><V28/><AGARI ba="0,2" hai="13,15,20,24,28,49,53,57,75,77,81,92,99,100" machi="28" ten="20,5200,0" yaku="1,1,0,1,7,1,53,1" doraHai="134" doraHaiUra="48" who="2" fromWho="2" sc="332,-26,246,-13,145,72,257,-13" /><INIT seed="5,0,0,1,0,100" ten="306,233,217,244" oya="1" hai0="95,77,7,54,71,112,135,45,74,21,33,75,2" hai1="19,118,14,40,103,124,126,108,106,119,34,83,46" hai2="60,3,102,20,127,63,133,25,12,27,15,131,130" hai3="79,125,50,4,92,62,80,132,49,39,42,26,84"/><U88/><E34/><V117/><F117/><W37/><G132/><T32/><D71/><U81/><E108/><V9/><F127/><N who="1" m="48681" /><E119/><V114/><F133/><W47/><G125/><T16/><D75/><U5/><E5/><V61/><F114/><W0/><G26/><T52/><D135/><U86/><E118/><V30/><F3/><W58/><G39/><T89/><D112/><U111/><E111/><V90/><F102/><W129/><G129/><N who="2" m="49161" /><F9/><W105/><G105/><T10/><D33/><U72/><E72/><V65/><F65/><W66/><G92/><T35/><D32/><U56/><E56/><V48/><F27/><W17/><G17/><T116/><D35/><U43/><E81/><V41/><F90/><W23/><G23/><T120/><D77/><U22/><E46/><AGARI ba="0,0" hai="12,15,20,25,30,41,46,48,60,61,63" m="49161" machi="46" ten="30,1000,0" yaku="19,1" doraHai="100" who="2" fromWho="1" sc="306,0,233,-10,217,10,244,0" /><INIT seed="6,0,0,5,2,35" ten="306,223,227,244" oya="2" hai0="128,59,50,86,134,111,39,116,107,23,11,131,106" hai1="32,54,104,124,41,127,2,93,135,71,16,121,82" hai2="113,105,117,68,70,13,118,55,97,103,6,64,94" hai3="10,21,14,102,129,89,18,65,40,76,110,7,123"/><V48/><F113/><W36/><G110/><T5/><D111/><U28/><E104/><V101/><F105/><W44/><G123/><T22/><D39/><U75/><E121/><V62/><F70/><W27/><G129/><N who="0" m="49739" /><D134/><U85/><E71/><V133/><F133/><W126/><G126/><N who="1" m="48170" /><E135/><V26/><F103/><W42/><G42/><T84/><D116/><U49/><E2/><V69/><F69/><W95/><G102/><T67/><D23/><U30/><E41/><V96/><F96/><W125/><G125/><T1/><D22/><U4/><E4/><V119/><F26/><W130/><G130/><T99/><D99/><U122/><E93/><V31/><F31/><N who="1" m="11817" /><E75/><V51/><REACH who="2" step="1"/><F55/><REACH who="2" ten="306,223,217,244" step="2"/><W73/><G65/><T46/><D107/><U79/><E122/><V63/><F63/><W47/><G40/><N who="0" m="24903" /><D106/><U38/><E32/><V37/><F37/><W25/><G36/><T90/><D90/><U74/><E38/><V114/><F114/><W8/><G27/><T60/><AGARI ba="0,1" hai="1,5,11,59,60,67,84,86" m="24903,49739" machi="60" ten="30,2000,0" yaku="19,1,52,1" doraHai="35" who="0" fromWho="0" sc="306,30,223,-5,217,-10,244,-5" /><INIT seed="7,0,0,5,0,57" ten="336,218,207,239" oya="3" hai0="2,48,73,9,27,18,45,32,41,21,124,52,63" hai1="58,23,16,40,85,90,126,22,6,29,3,132,69" hai2="96,112,46,56,14,100,47,127,65,39,88,91,93" hai3="122,104,53,37,117,11,114,108,118,98,78,10,20"/><W34/><G78/><T109/><D109/><U86/><E69/><V92/><F39/><W17/><G37/><T82/><D32/><U83/><E3/><V42/><F42/><W19/><G122/><T13/><D2/><U94/><E132/><V113/><F127/><W7/><G104/><T75/><D124/><U80/><E126/><V8/><F65/><W77/><G77/><T68/><D82/><U116/><E116/><V115/><F56/><W84/><G84/><T33/><D33/><U99/><E6/><N who="2" m="3351" /><F100/><W24/><G98/><AGARI ba="0,0" hai="46,47,88,91,92,93,96,98,112,113,115" m="3351" machi="98" ten="30,2000,0" yaku="15,1,54,1" doraHai="57" who="2" fromWho="3" sc="336,0,218,0,207,20,239,-20" owari="336,43.0,218,-28.0,227,3.0,219,-18.0" /></mjloggm>