<mjloggm ver="2.3"><GO type="169" lobby="0"/><UN n0="%E3%83%88%E3%83%88%E3%83%AA%E5%85%88%E7%94%9F%31%39%E6%AD%B3" n1="%E3%82%AB%E3%82%BF%E3%83%AA%E3%83%8A" n2="%E3%83%A4%E3%82%B3%E3%83%96%E3%82%B3%E3%83%BC%E3%82%A8%E3%83%B3" n3="%E3%81%AB%E3%82%87%E3%82%8D%E3%83%BC%E3%82%93%E8%A9%A6%E4%BD%9C%E6%A9%9F" dan="19,16,17,17" rate="2318.74,2181.54,2154.25,2171.82" sx="F,M,M,M"/><TAIKYOKU oya="0"/><INIT seed="0,0,0,3,1,45" ten="250,250,250,250" oya="0" hai0="106,115,128,42,16,73,96,71,51,54,100,18,117" hai1="120,12,13,37,68,126,86,36,29,63,59,70,25" hai2="39,26,32,127,35,123,1,21,88,15,103,81,94" hai3="60,61,125,23,134,135,99,108,58,118,6,41,107"/><T64/><D115/><U76/><E120/><V8/><F39/><W83/><G118/><T90/><D117/><U48/><E37/><V55/><F1/><W72/><G41/><T84/><D73/><U62/><E36/><V7/><F103/><N who="3" m="62975" /><G6/><T112/><D112/><U14/><E126/><V22/><F127/><W57/><G125/><T111/><D128/><U11/><E11/><V30/><F22/><W67/><G23/><T89/><D111/><U40/><E70/><V2/><F81/><W95/><G95/><T116/><D116/><U46/><E68/><V52/><F123/><W91/><G108/><T121/><D121/><U132/><E132/><N who="3" m="50730" /><G91/><T17/><D42/><U28/><E25/><V87/><F35/><W92/><G92/><T98/><D98/><U93/><E93/><V104/><F104/><W3/><G3/><T130/><D130/><U119/><E119/><V69/><F69/><N who="3" m="42215" /><G61/><N who="1" m="23050" /><E59/><V47/><F47/><W65/><G65/><T133/><D133/><U105/><E105/><V24/><REACH who="2" step="1"/><F2/><REACH who="2" ten="250,250,240,250" step="2"/><W50/><G50/><T79/><D71/><U80/><AGARI ba="0,1" hai="12,13,14,28,29,40,46,48,76,80,86" m="23050" machi="80" ten="30,2000,0" yaku="8,1,52,1" doraHai="45" who="1" fromWho="1" sc="250,-10,250,30,240,-5,250,-5" /><INIT seed="1,0,0,3,2,130" ten="240,280,235,245" oya="1" hai0="10,29,44,36,118,103,74,71,25,1,87,9,129" hai1="111,21,7,104,63,61,39,127,48,79,99,86,135" hai2="26,55,121,122,53,91,134,34,15,22,4,131,17" hai3="105,128,92,23,47,75,112,117,100,42,37,8,110"/><U28/><E39/><V27/><F131/><W49/><G128/><T67/><D118/><U14/><E127/><V84/><F122/><W24/><G75/><T54/><D74/><U107/><E111/><V76/><F76/><W2/><G110/><T32/><D129/><U73/><E73/><V116/><F116/><W46/><G112/><T11/><D71/><U132/><E28/><V58/><F4/><W18/><G117/><T93/><D67/><U80/><E48/><V51/><F34/><W78/><G78/><T106/><D106/><U113/><E113/><V33/><F33/><W101/><G105/><T5/><D54/><U81/><E81/><V69/><F69/><W102/><G2/><T89/><REACH who="0" step="1"/><D103/><REACH who="0" ten="230,280,235,245" step="2"/><N who="1" m="62591" /><E107/><V3/><F121/><W133/><G133/><N who="1" m="51274" /><E21/><V19/><F134/><W68/><G8/><AGARI ba="0,1" hai="7,8,14,61,63,79,80,86" m="51274,62591" machi="8" ten="30,11600,0" yaku="20,1,52,3" doraHai="130" who="1" fromWho="3" sc="230,0,280,126,235,0,245,-116" /><INIT seed="1,1,0,2,3,7" ten="230,406,235,129" oya="1" hai0="19,47,6,45,135,12,131,37,103,113,95,59,30" hai1="44,132,18,10,100,85,67,87,84,111,60,97,91" hai2="107,126,41,5,55,8,40,20,110,75,105,15,119" hai3="74,14,134,109,61,130,133,57,0,2,112,96,122"/><U17/><E132/><N who="3" m="50794" /><G112/><T127/><D135/><U73/><E73/><V28/><F75/><W83/><G122/><T62/><D113/><U125/><E125/><V82/><F119/><W48/><G109/><T4/><D131/><U68/><E111/><V88/><F110/><W104/><G130/><T1/><D127/><U124/><E91/><V23/><F126/><W86/><G74/><T108/><D108/><U81/><E81/><V76/><F107/><W33/><G33/><T99/><D30/><U43/><E10/><V69/><F69/><W34/><G34/><T11/><D37/><U32/><E32/><V66/><F105/><W106/><G48/><T22/><REACH who="0" step="1"/><D6/><REACH who="0" ten="220,406,235,129" step="2"/><U46/><E124/><V50/><F28/><W31/><G31/><T121/><D121/><U21/><E43/><V42/><F66/><AGARI ba="1,1" hai="1,4,11,12,19,22,45,47,59,62,66,95,99,103" machi="66" ten="30,3900,0" yaku="1,1,7,1,52,1,53,0" doraHai="7" doraHaiUra="128" who="0" fromWho="2" sc="220,52,406,0,235,-42,129,0" /><INIT seed="2,0,0,5,5,133" ten="272,406,193,129" oya="2" hai0="45,107,123,5,67,81,120,127,12,13,42,69,135" hai1="109,92,22,59,43,101,129,105,124,26,89,122,68" hai2="16,97,63,21,10,35,57,90,56,52,78,41,0" hai3="28,74,7,116,46,126,50,58,1,110,32,113,100"/><V134/><F35/><W84/><G116/><T118/><D107/><U83/><E68/><V29/><F134/><W49/><G74/><T4/><D135/><U106/><E109/><V93/><F29/><W31/><G110/><T38/><D118/><U11/><E124/><V96/><F78/><W15/><G15/><T20/><D127/><U39/><E129/><V36/><F36/><W98/><G126/><T117/><D117/><U27/><E27/><N who="2" m="14759" /><F41/><W114/><G32/><T130/><D130/><U51/><E39/><V65/><F0/><W40/><G84/><T104/><D104/><U94/><E83/><V64/><F10/><N who="3" m="2415" /><G50/><T9/><D81/><U102/><E105/><V6/><F6/><W111/><G58/><T125/><D125/><U87/><E106/><V85/><F65/><W33/><G33/><T23/><D67/><U62/><E122/><V132/><F132/><W95/><G111/><T44/><D69/><U53/><E11/><V66/><F66/><W121/><G121/><T82/><D82/><U2/><E94/><V86/><F97/><W19/><G19/><T99/><D99/><U112/><E2/><V37/><F37/><W75/><G75/><T103/><D38/><U80/><E80/><V18/><F18/><W108/><G108/><T54/><D9/><U30/><E43/><V61/><AGARI ba="0,0" hai="52,56,57,61,63,64,85,86,90,93,96" m="14759" machi="61" ten="30,11700,0" yaku="25,1,8,1,54,2" doraHai="133" who="2" fromWho="2" sc="272,-39,406,-39,193,117,129,-39" /><INIT seed="2,1,0,5,1,28" ten="233,367,310,90" oya="2" hai0="86,134,42,133,109,0,15,75,89,114,82,79,18" hai1="66,13,12,8,95,62,105,115,131,17,93,40,30" hai2="50,81,123,116,117,38,52,91,23,127,92,112,119" hai3="78,48,65,54,25,77,46,90,39,67,49,31,37"/><V110/><F38/><W27/><G39/><T33/><D114/><U7/><E115/><V20/><F123/><W87/><G37/><T29/><D0/><U64/><E105/><V102/><F112/><W47/><G78/><T57/><D42/><U4/><E131/><V80/><F127/><W122/><G77/><T132/><D109/><U44/><E30/><V14/><F110/><W125/><G125/><T72/><D57/><N who="1" m="36943" /><E66/><V21/><F102/><W16/><G122/><T107/><D107/><U74/><E74/><V104/><F14/><W53/><G31/><T126/><D126/><U36/><E36/><V128/><F128/><W63/><G63/><T76/><D76/><U24/><E24/><V96/><REACH who="2" step="1"/><F104/><REACH who="2" ten="233,367,300,90" step="2"/><W106/><G106/><T6/><D72/><U124/><E124/><V103/><F103/><W94/><G27/><N who="0" m="18623" /><D15/><U11/><E7/><V1/><F1/><W19/><G19/><T51/><D18/><U43/><E4/><V84/><F84/><W5/><G5/><T73/><D6/><U113/><E113/><V3/><F3/><W41/><G16/><T34/><D75/><U69/><E13/><V68/><F68/><W88/><G25/><T26/><D26/><U99/><E69/><V97/><F97/><W45/><G87/><T101/><D101/><U108/><E108/><V120/><F120/><W129/><G129/><T111/><D111/><U70/><E70/><V9/><F9/><W60/><G94/><N who="1" m="35850" /><E99/><V85/><F85/><W32/><G32/><T135/><D34/><U58/><E11/><V100/><F100/><W59/><G41/><RYUUKYOKU ba="1,1" sc="233,-10,367,-10,300,30,90,-10" hai2="20,21,23,50,52,80,81,91,92,96,116,117,119" /><INIT seed="2,2,1,3,5,45" ten="223,357,330,80" oya="2" hai0="32,34,105,100,112,124,28,2,96,11,46,93,119" hai1="38,71,13,87,65,98,132,111,130,80,90,21,17" hai2="0,89,57,86,19,59,37,82,52,43,101,51,118" hai3="97,1,42,9,62,55,83,116,133,29,10,44,18"/><V3/><F118/><W120/><G116/><T104/><D112/><U125/><E111/><V115/><F115/><W40/><G120/><T127/><D119/><U108/><E108/><V20/><F59/><W72/><G133/><T41/><D2/><U69/><E38/><V122/><F122/><W85/><G72/><T99/><D11/><U56/><E132/><V64/><F64/><W53/><G29/><T131/><D131/><U16/><E125/><N who="0" m="48201" /><D28/><U48/><E130/><V61/><F37/><W88/><G1/><T50/><D104/><U76/><E17/><V31/><F31/><W121/><G121/><T39/><D39/><U129/><E129/><V135/><F135/><W107/><G107/><T73/><D73/><U79/><E65/><V25/><REACH who="2" step="1"/><F101/><AGARI ba="2,1" hai="32,34,41,46,50,93,96,99,100,101,105" m="48201" machi="101" ten="30,2000,0" yaku="18,1,52,1" doraHai="45" who="0" fromWho="2" sc="223,36,357,0,330,-26,80,0" /><INIT seed="3,0,0,1,4,76" ten="259,357,304,80" oya="3" hai0="78,29,81,116,82,101,74,93,132,9,51,119,42" hai1="106,66,67,12,79,129,122,131,16,3,28,14,4" hai2="69,128,134,38,104,58,18,21,130,99,70,13,98" hai3="109,53,22,48,23,95,57,115,27,54,40,89,62"/><W20/><G115/><T127/><D29/><U6/><E106/><V33/><F38/><W56/><G109/><T103/><D9/><N who="1" m="6223" /><E122/><V100/><F33/><W107/><G107/><T43/><D51/><U90/><E3/><V68/><F134/><W24/><REACH who="3" step="1"/><G40/><REACH who="3" ten="259,357,304,70" step="2"/><T102/><D43/><U91/><E129/><V117/><F117/><N who="0" m="45130" /><D42/><U64/><E131/><V124/><F130/><W85/><AGARI ba="0,1" hai="20,22,23,24,27,48,53,54,56,57,62,85,89,95" machi="85" ten="30,6000,0" yaku="1,1,0,1,8,1,53,0" doraHai="76" doraHaiUra="5" who="3" fromWho="3" sc="259,-20,357,-20,304,-20,70,70" /><INIT seed="3,1,0,3,4,96" ten="239,337,284,140" oya="3" hai0="33,85,4,53,76,98,57,16,45,70,71,17,54" hai1="7,114,95,79,84,3,35,88,13,23,41,127,31" hai2="48,6,133,59,42,14,87,106,126,82,111,123,11" hai3="124,125,80,22,92,122,109,12,25,63,110,129,83"/><W10/><G122/><T15/><D33/><U51/><E114/><V19/><F111/><N who="3" m="42507" /><G129/><T29/><D29/><U91/><E127/><N who="3" m="48714" /><G63/><T135/><D135/><U132/><E132/><V27/><F106/><W34/><G34/><T107/><D4/><U49/><E3/><V113/><F113/><W0/><G0/><T36/><D17/><U77/><E35/><V18/><F123/><W60/><G60/><T43/><D54/><U75/><E75/><V65/><F133/><W61/><G61/><T39/><D39/><U100/><E100/><V89/><F65/><W62/><G62/><T46/><D53/><U131/><E131/><V104/><F104/><W47/><G47/><T58/><D46/><N who="1" m="25807" /><E51/><V69/><F69/><W30/><G92/><T119/><D70/><U93/><E7/><AGARI ba="1,0" hai="7,10,12,22,25,30,80,83" m="48714,42507" machi="7" ten="30,5800,0" yaku="14,1,10,1,18,1" doraHai="96" who="3" fromWho="1" sc="239,0,337,-61,284,0,140,61" /><INIT seed="3,2,0,2,1,57" ten="239,276,284,201" oya="3" hai0="9,35,133,73,36,21,54,0,111,118,31,121,134" hai1="85,129,28,76,64,16,44,56,80,2,7,128,24" hai2="14,52,30,117,29,18,86,13,79,43,37,5,46" hai3="51,25,84,108,10,8,4,112,105,87,58,107,65"/><W72/><G112/><T94/><D73/><U62/><E44/><V27/><F117/><W40/><G72/><T93/><D118/><U123/><E123/><V90/><F79/><W78/><G108/><T19/><D121/><U103/><E103/><V63/><F5/><W42/><G25/><N who="0" m="18927" /><D36/><U132/><E132/><N who="0" m="50793" /><D54/><U34/><REACH who="1" step="1"/><E16/><REACH who="1" ten="239,266,284,201" step="2"/><V97/><F18/><W22/><G4/><N who="0" m="1159" /><D111/><U124/><E124/><V69/><F30/><W1/><G107/><T102/><D102/><U119/><E119/><V55/><F29/><W15/><G105/><T45/><D45/><U71/><E71/><V23/><F69/><W98/><G10/><AGARI ba="2,1" hai="2,7,10,24,28,34,56,62,64,76,80,85,128,129" machi="10" ten="40,2600,0" yaku="1,1,52,1,53,0" doraHai="57" doraHaiUra="49" who="1" fromWho="3" sc="239,0,266,42,284,0,201,-32" /><INIT seed="4,0,0,1,0,13" ten="239,308,284,169" oya="0" hai0="103,75,118,97,124,115,56,60,39,119,76,49,57" hai1="52,50,45,112,17,12,64,3,11,85,61,71,77" hai2="120,74,59,91,1,83,55,8,42,87,113,53,122" hai3="106,117,102,84,7,4,47,38,48,19,135,31,72"/><T2/><D39/><U25/><E112/><V65/><F74/><W14/><G117/><T33/><D33/><U40/><E3/><V132/><F113/><W32/><G38/><T27/><D115/><U128/><E128/><V94/><F132/><W133/><G72/><T58/><D2/><U18/><E25/><V82/><F42/><W131/><G131/><T88/><D124/><U22/><E77/><V23/><F65/><W34/><G106/><T81/><D27/><U110/><E85/><V101/><F101/><W129/><G102/><T26/><D26/><U134/><E134/><N who="3" m="51210" /><G31/><T44/><D60/><U24/><REACH who="1" step="1"/><E110/><REACH who="1" ten="239,298,284,169" step="2"/><V86/><F122/><W68/><G129/><T63/><D119/><U98/><E98/><V93/><F120/><W73/><G73/><T80/><D118/><U36/><E36/><V9/><F1/><W67/><G84/><T108/><D108/><U43/><AGARI ba="0,1" hai="11,12,17,18,22,24,40,43,45,50,52,61,64,71" machi="43" ten="30,8000,1" yaku="1,1,0,1,52,2,54,1,53,0" doraHai="13" doraHaiUra="89" who="1" fromWho="1" sc="239,-40,298,90,284,-20,169,-20" /><INIT seed="5,0,0,3,4,110" ten="199,388,264,149" oya="1" hai0="88,127,6,73,130,122,112,133,10,5,49,108,89" hai1="45,14,22,32,51,106,98,35,92,18,116,117,107" hai2="71,78,25,100,43,95,85,114,105,69,12,48,67" hai3="16,72,120,40,86,53,124,28,129,59,4,47,104"/><U70/><E70/><V13/><F105/><W1/><G120/><T102/><D108/><U60/><E60/><V37/><F37/><W79/><G104/><T99/><D73/><U55/><E106/><V77/><F67/><W56/><G28/><T66/><D122/><U101/><REACH who="1" step="1"/><E107/><REACH who="1" ten="199,378,264,149" step="2"/><V52/><F69/><W126/><G129/><T75/><D130/><U17/><E17/><V0/><F71/><W128/><G128/><T31/><D66/><U103/><E103/><V34/><F100/><W23/><G126/><T68/><D102/><U135/><E135/><V20/><F95/><W81/><G124/><T39/><D133/><U93/><E93/><V62/><F62/><W84/><G4/><T7/><D68/><U119/><AGARI ba="0,1" hai="14,18,22,32,35,45,51,55,92,98,101,116,117,119" machi="119" ten="30,11700,0" yaku="1,1,0,1,53,2" doraHai="110" doraHaiUra="29" who="1" fromWho="1" sc="199,-39,378,127,264,-39,149,-39" /><INIT seed="5,1,0,4,5,22" ten="160,505,225,110" oya="1" hai0="18,133,96,28,108,66,55,38,25,65,29,126,42" hai1="112,93,106,35,63,59,129,15,135,123,94,56,132" hai2="120,86,103,107,11,47,104,26,50,80,46,32,115" hai3="110,118,19,89,67,31,99,125,37,54,90,23,81"/><U68/><E123/><V9/><F120/><W69/><G110/><T51/><D108/><U24/><E112/><V17/><F47/><W121/><G121/><T57/><D133/><U30/><E106/><V21/><F32/><W64/><G37/><T20/><D126/><U116/><E116/><V111/><F111/><W88/><G31/><T14/><D29/><U61/><E129/><V60/><F60/><W105/><G125/><T75/><D75/><U4/><E68/><V79/><F115/><W114/><G114/><T122/><D122/><U45/><E45/><V12/><F103/><W3/><G3/><T62/><D38/><U10/><E63/><V87/><F87/><W48/><G69/><T109/><D109/><U117/><E117/><V91/><F11/><W82/><G118/><T100/><D42/><U102/><E59/><V44/><F44/><N who="3" m="27911" /><G105/><T34/><REACH who="0" step="1"/><D62/><REACH who="0" ten="150,505,225,110" step="2"/><U98/><E132/><V124/><F124/><W7/><G99/><T16/><D16/><U58/><E135/><V92/><F92/><AGARI ba="1,1" hai="14,18,20,25,28,34,51,55,57,65,66,92,96,100" machi="92" ten="30,3900,0" yaku="1,1,7,1,52,1,53,0" doraHai="22" doraHaiUra="5" who="0" fromWho="2" sc="150,52,505,0,225,-42,110,0" /><INIT seed="6,0,0,1,3,74" ten="202,505,183,110" oya="2" hai0="128,76,45,18,30,46,66,1,80,88,126,108,114" hai1="54,26,127,37,119,63,29,92,8,32,15,86,20" hai2="113,101,84,42,70,48,10,23,3,31,85,49,79" hai3="78,97,21,94,35,53,61,64,102,130,43,7,41"/><V60/><F113/><W131/><G35/><T111/><D1/><U33/><E37/><V44/><F101/><W123/><G123/><T99/><D66/><U16/><E119/><V96/><F96/><W135/><G7/><T77/><D30/><U98/><E127/><V106/><F106/><W67/><G135/><T118/><D18/><U87/><E33/><V107/><F107/><W93/><G53/><T4/><D4/><U82/><E32/><V134/><F134/><W25/><G94/><N who="0" m="56775" /><D80/><U12/><E82/><V27/><F49/><W9/><G9/><T69/><D69/><U72/><E72/><V57/><F70/><W105/><G105/><T34/><D34/><U122/><E122/><V115/><F115/><W47/><G67/><T55/><D114/><U125/><E125/><V103/><F103/><W100/><G102/><T71/><D71/><U56/><E15/><V90/><F10/><W0/><G0/><T91/><D91/><AGARI ba="0,0" hai="8,12,16,20,26,29,54,56,63,86,87,91,92,98" machi="91" ten="30,3900,0" yaku="7,1,8,1,54,1" doraHai="74" who="1" fromWho="0" sc="202,-39,505,39,183,0,110,0" /><INIT seed="7,0,0,1,4,117" ten="163,544,183,110" oya="3" hai0="110,13,63,31,99,25,122,42,81,43,116,70,15" hai1="78,68,8,134,73,87,88,121,39,124,55,132,44" hai2="80,127,102,95,98,45,82,0,20,85,67,47,76" hai3="50,125,114,60,22,94,69,21,103,11,64,14,30"/><W111/><G114/><T100/><D122/><U120/><E68/><V4/><F0/><W97/><G125/><T53/><D110/><U133/><E124/><V86/><F127/><W56/><G111/><T91/><D116/><U38/><E8/><V3/><F3/><W49/><G69/><T36/><D91/><U24/><E24/><V54/><F67/><W9/><G22/><T48/><D81/><N who="1" m="45263" /><E55/><V90/><F4/><W93/><G93/><N who="0" m="58479" /><D36/><N who="1" m="13867" /><E44/><N who="2" m="16971" /><F20/><W74/><G74/><T27/><D63/><U96/><E96/><V46/><F46/><W112/><G112/><T35/><D35/><U77/><E77/><N who="2" m="46223" /><F54/><W72/><G72/><T119/><D119/><U108/><E108/><V128/><F128/><W62/><G62/><T1/><D1/><U34/><E34/><V101/><AGARI ba="0,0" hai="76,82,86,90,95,98,101,102" m="46223,16971" machi="101" ten="30,1100,0" yaku="8,1" doraHai="117" who="2" fromWho="2" sc="163,-3,544,-3,183,11,110,-5" owari="160,-24.0,541,64.0,194,-1.0,105,-39.0" /></mjloggm>