<mjloggm ver="2.3"><GO type="169" lobby="0"/><UN n0="%E6%A0%97%E7%94%B0%E6%81%AD%E5%AE%8F" n1="%E3%82%A6%E3%83%AB%E3%83%88%E3%83%A9%E7%AB%8B%E7%9B%B4" n2="%74%6F%72%69%30%36%31%32" n3="%E3%82%89%E3%81%84%E3%81%B5%E3%81%8C%E3%83%BC%E3%81%A9%E3%81%99%E3%81%8D" dan="18,19,16,16" rate="2268.23,2333.25,2147.89,2161.66" sx="M,M,M,F"/><TAIKYOKU oya="0"/><INIT seed="0,0,0,0,1,42" ten="250,250,250,250" oya="0" hai0="13,64,90,85,130,10,33,94,67,22,34,4,124" hai1="134,36,55,103,113,98,127,126,9,32,84,77,125" hai2="123,16,62,102,73,104,132,28,74,86,47,21,76" hai3="117,71,115,15,108,116,40,111,95,105,38,121,7"/><T100/><D124/><U93/><E32/><V99/><F123/><W112/><G105/><T52/><D130/><U49/><E36/><V96/><F28/><W131/><G71/><T5/><D34/><U109/><E109/><N who="3" m="42058" /><G95/><T23/><D33/><U61/><E134/><V135/><F62/><W58/><G7/><T118/><D118/><N who="3" m="45673" /><G15/><T110/><D110/><U114/><E61/><V75/><F99/><W46/><G131/><T30/><D5/><U20/><E20/><N who="0" m="7721" /><D30/><U68/><E9/><V57/><F57/><W129/><G129/><T27/><D27/><U25/><E25/><V65/><F65/><W72/><G72/><T14/><D14/><U19/><E19/><V128/><F128/><W45/><G58/><T54/><D100/><U17/><E17/><V83/><REACH who="2" step="1"/><F47/><REACH who="2" ten="250,250,240,250" step="2"/><N who="3" m="23959" /><G121/><T51/><D54/><U63/><E68/><V56/><F56/><AGARI ba="0,1" hai="4,10,13,51,52,56,64,67,85,90,94" m="7721" machi="56" ten="30,2900,0" yaku="8,1,54,1" doraHai="42" who="0" fromWho="2" sc="250,39,250,0,240,-29,250,0" /><INIT seed="0,1,0,1,3,31" ten="289,250,211,250" oya="0" hai0="67,26,132,12,52,77,78,125,94,63,27,127,13" hai1="82,10,107,101,89,84,106,92,98,17,71,119,25" hai2="0,35,23,122,46,102,7,93,42,56,103,72,45" hai3="65,120,86,99,22,112,50,32,30,21,14,116,24"/><T97/><D132/><U48/><E71/><V19/><F46/><W83/><G116/><T87/><D26/><U100/><E119/><V76/><F56/><W18/><G112/><T61/><D27/><U105/><E48/><N who="2" m="26679" /><F93/><W29/><G120/><T34/><D34/><U108/><E10/><V88/><F88/><W40/><G65/><T39/><D39/><U104/><E17/><V59/><F59/><W115/><G115/><T85/><D94/><U124/><E25/><V130/><F23/><W44/><G99/><T60/><D97/><N who="1" m="61487" /><E108/><V133/><F19/><W49/><G49/><T109/><D67/><U80/><E124/><N who="0" m="47689" /><D52/><U135/><E135/><V2/><F35/><W41/><G29/><T126/><D109/><U123/><E123/><V55/><F122/><W9/><REACH who="3" step="1"/><G40/><REACH who="3" ten="289,250,211,240" step="2"/><T5/><D126/><U54/><E54/><V37/><F55/><W66/><G66/><T113/><D113/><U51/><E51/><V1/><F133/><W16/><G16/><T118/><D118/><U38/><E38/><V134/><F37/><W57/><G57/><T3/><D5/><U95/><AGARI ba="1,1" hai="80,82,84,89,92,95,98,100,105,106,107" m="61487" machi="95" ten="30,8000,1" yaku="35,5" doraHai="31" who="1" fromWho="1" sc="289,-41,250,93,211,-21,240,-21" /><INIT seed="1,0,0,5,1,131" ten="248,343,190,219" oya="1" hai0="114,121,54,33,123,122,116,38,47,98,58,17,59" hai1="96,40,10,50,49,51,34,46,90,20,91,99,104" hai2="69,42,94,25,5,3,39,95,103,93,105,70,60" hai3="113,24,85,115,62,108,9,100,61,120,28,102,101"/><U125/><E34/><V97/><F25/><W15/><G108/><T106/><D33/><U73/><E73/><V43/><F60/><W41/><G120/><T67/><D17/><U86/><E125/><V134/><F5/><W14/><G41/><N who="0" m="22967" /><D98/><U72/><E72/><V16/><F3/><W52/><G85/><T22/><D22/><U29/><E10/><V13/><F39/><W4/><G14/><T128/><D106/><U26/><E91/><V119/><F119/><W130/><G130/><T44/><D128/><U82/><E104/><V71/><REACH who="2" step="1"/><F134/><REACH who="2" ten="248,343,180,219" step="2"/><W79/><G113/><T27/><D27/><U57/><E51/><V11/><AGARI ba="0,1" hai="11,13,16,42,43,69,70,71,93,94,95,97,103,105" machi="11" ten="40,12000,2" yaku="1,1,2,1,0,1,54,1,53,3" doraHai="131" doraHaiUra="66" who="2" fromWho="2" sc="248,-30,343,-60,180,130,219,-30" /><INIT seed="2,0,0,5,0,83" ten="218,283,310,189" oya="2" hai0="70,78,103,44,40,66,86,20,115,92,128,135,9" hai1="41,50,85,76,129,27,116,131,43,65,17,0,118" hai2="108,102,7,23,68,57,81,47,77,91,4,11,127" hai3="99,60,106,111,90,15,117,1,97,13,110,125,71"/><V53/><F68/><W35/><G117/><T16/><D115/><U12/><E0/><V3/><F7/><W18/><G1/><T121/><D121/><U36/><E36/><V54/><F102/><W6/><G35/><T98/><D135/><U79/><E27/><V130/><F127/><W80/><G125/><T123/><D123/><U59/><E65/><V25/><F91/><W10/><G106/><T120/><D120/><U109/><E109/><N who="3" m="41482" /><G71/><T89/><D128/><U96/><E96/><N who="3" m="36938" /><G60/><T67/><D78/><U63/><E79/><V124/><F130/><W21/><G80/><T45/><D9/><U49/><E118/><V114/><F114/><W105/><G105/><T84/><D70/><U72/><E116/><V19/><F124/><W93/><G93/><T100/><D100/><U94/><E94/><V134/><F134/><W39/><G90/><T55/><D55/><U104/><E104/><V8/><F8/><W2/><G2/><T37/><D44/><U42/><E131/><V51/><F108/><W52/><G39/><T56/><D56/><U75/><E129/><V87/><F57/><W24/><G24/><T38/><D38/><U112/><E112/><V119/><F119/><W46/><G46/><T22/><D22/><N who="1" m="11559" /><E63/><V126/><F126/><W74/><G74/><N who="1" m="28202" /><E59/><V61/><F61/><W30/><G30/><T26/><D84/><U28/><E28/><V88/><F77/><W62/><G62/><T64/><D64/><U122/><E122/><V69/><F69/><W132/><G132/><T101/><D101/><U58/><E58/><V82/><F47/><RYUUKYOKU ba="0,0" sc="218,10,283,10,310,-30,189,10" hai0="16,20,26,37,40,45,66,67,86,89,92,98,103" hai1="41,42,43,49,50,76,85" hai3="6,10,13,15,18,21,52" /><INIT seed="3,1,0,1,0,98" ten="228,293,280,199" oya="3" hai0="65,47,68,73,59,17,35,99,78,113,14,102,108" hai1="41,126,23,64,8,48,62,33,13,105,72,52,114" hai2="67,121,44,22,4,134,101,109,50,104,80,53,69" hai3="60,36,20,129,131,29,15,63,30,28,133,117,21"/><W66/><G117/><T1/><D1/><U112/><E33/><V83/><F4/><W3/><G3/><T127/><D68/><U27/><E72/><V7/><F7/><W19/><G133/><T92/><D35/><U100/><E41/><V40/><F22/><W103/><G36/><T91/><D108/><U125/><E13/><V120/><F109/><W6/><G6/><T87/><D127/><N who="1" m="48651" /><E8/><V5/><F5/><W9/><G103/><T130/><D130/><N who="3" m="49673" /><G60/><N who="0" m="38047" /><D73/><U26/><E100/><V45/><F134/><W31/><N who="3" m="7168" /><DORA hai="25" /><W75/><G75/><T79/><D113/><U70/><E105/><V32/><F32/><W11/><G9/><N who="0" m="6351" /><D47/><N who="1" m="27679" /><E23/><V90/><F104/><W115/><G115/><AGARI ba="1,0" hai="26,27,62,64,70,112,114,115" m="27679,48651" machi="115" ten="30,2000,0" yaku="18,1,54,1" doraHai="98,25" who="1" fromWho="3" sc="228,0,293,23,280,0,199,-23" /><INIT seed="4,0,0,0,1,67" ten="228,316,280,176" oya="0" hai0="69,87,56,107,23,106,94,129,75,89,101,119,30" hai1="40,83,74,62,86,24,58,78,96,79,72,25,80" hai2="109,85,133,1,10,53,76,27,5,111,114,3,54" hai3="134,41,0,117,46,47,12,57,104,77,64,63,44"/><T91/><D119/><U43/><E96/><V20/><F3/><W127/><G0/><T70/><D75/><U124/><E86/><V128/><F128/><W93/><G104/><T115/><D115/><U102/><E102/><V22/><F114/><W26/><G127/><T88/><D129/><U126/><E58/><V14/><F133/><W11/><G134/><T131/><D131/><U15/><E15/><V31/><F109/><W52/><G117/><T36/><D36/><U39/><E62/><V61/><F111/><W60/><G77/><T65/><D107/><U113/><E113/><V13/><F1/><W32/><G93/><T48/><D106/><U8/><E8/><V68/><F85/><W132/><G132/><T17/><D30/><U33/><E33/><V130/><F76/><W6/><G26/><T34/><D34/><U122/><E39/><V99/><F99/><W95/><G95/><N who="0" m="54687" /><D101/><U49/><REACH who="1" step="1"/><E49/><REACH who="1" ten="228,306,280,176" step="2"/><V71/><F130/><W135/><G32/><T92/><D92/><U105/><E105/><V100/><F100/><W45/><G135/><T116/><D116/><U7/><E7/><V84/><F84/><W50/><REACH who="3" step="1"/><G63/><REACH who="3" ten="228,306,280,166" step="2"/><T18/><D94/><U28/><E28/><V82/><F61/><W55/><AGARI ba="0,2" hai="6,11,12,41,44,45,46,47,50,52,55,57,60,64" machi="55" ten="30,12000,2" yaku="1,1,2,1,0,1,8,1,54,1,53,1" doraHai="67" doraHaiUra="9" who="3" fromWho="3" sc="228,-60,306,-30,280,-30,166,140" /><INIT seed="5,0,0,5,0,16" ten="168,276,250,306" oya="1" hai0="102,86,97,133,41,15,5,19,61,107,52,71,123" hai1="57,46,8,110,127,6,68,106,22,118,76,113,28" hai2="36,59,85,47,90,30,96,108,105,48,13,45,99" hai3="49,134,50,33,40,94,70,128,29,25,80,60,112"/><U109/><E68/><V2/><F2/><W84/><G112/><T17/><D133/><U77/><E106/><V130/><F108/><N who="1" m="41577" /><E118/><V100/><F99/><W73/><G134/><T37/><D123/><U87/><E113/><V26/><F13/><W64/><G128/><T18/><D37/><U14/><E127/><V79/><F79/><W129/><G129/><T24/><D41/><U122/><E122/><V91/><F91/><W27/><G40/><T117/><D117/><U88/><E57/><V126/><F36/><W114/><G114/><T31/><D5/><U120/><E46/><V32/><F126/><W95/><G73/><T7/><D7/><U21/><E120/><V1/><F1/><W34/><G49/><T53/><D15/><U124/><E124/><V92/><F130/><W51/><G50/><T89/><D71/><U116/><E116/><V39/><F39/><W115/><G51/><T103/><D103/><U4/><E4/><V38/><F38/><W93/><G115/><T74/><D74/><U72/><E28/><V78/><F78/><N who="1" m="30313" /><E72/><V67/><F67/><W58/><G70/><T63/><D63/><U56/><E56/><V69/><F69/><W44/><G44/><T119/><D61/><U82/><AGARI ba="0,0" hai="6,8,14,21,22,82,87,88" m="30313,41577" machi="82" ten="30,11700,0" yaku="10,1,52,2,54,1" doraHai="16" who="1" fromWho="1" sc="168,-39,276,117,250,-39,306,-39" /><INIT seed="5,1,0,4,0,104" ten="129,393,211,267" oya="1" hai0="131,40,111,72,80,107,61,70,13,93,58,127,125" hai1="1,65,81,16,101,87,41,126,95,120,78,84,15" hai2="82,45,108,64,33,53,7,85,119,129,52,59,105" hai3="11,100,66,91,128,14,86,68,79,54,114,55,23"/><U121/><E1/><V51/><F105/><W22/><G114/><T109/><D107/><U116/><E116/><V21/><F33/><W42/><G128/><T46/><D93/><U96/><E126/><N who="0" m="48137" /><D80/><U4/><E4/><V124/><F108/><N who="0" m="41546" /><D72/><U0/><E0/><V26/><F7/><W74/><G100/><T39/><D13/><U8/><E65/><V24/><F64/><W9/><G74/><T71/><D131/><U132/><E41/><V97/><F119/><W62/><G79/><T32/><D32/><U75/><E132/><V50/><F129/><W63/><G11/><T37/><D37/><U60/><E87/><V69/><F69/><W56/><G86/><T29/><D29/><U10/><E10/><V98/><F124/><W134/><G9/><T2/><D2/><U36/><E36/><V67/><F67/><AGARI ba="1,0" hai="39,40,46,58,61,67,70,71" m="41546,48137" machi="67" ten="30,3900,0" yaku="18,1,34,2" doraHai="104" who="0" fromWho="2" sc="129,42,393,0,211,-42,267,0" /><INIT seed="6,0,0,3,4,106" ten="171,393,169,267" oya="2" hai0="100,135,6,126,92,122,82,31,57,129,118,24,48" hai1="64,132,51,67,53,23,5,2,85,76,8,93,131" hai2="114,97,27,72,50,4,123,95,75,61,88,34,107" hai3="54,83,60,120,30,15,65,119,91,77,115,32,78"/><V102/><F123/><W11/><G120/><T14/><D122/><U10/><E131/><V133/><F4/><W89/><G119/><T130/><D126/><U49/><E132/><V13/><F13/><W7/><G115/><T35/><D135/><U63/><E10/><V109/><F133/><W19/><G54/><N who="0" m="31943" /><D118/><U84/><E67/><V110/><F50/><W0/><G77/><T127/><D127/><U39/><E39/><V70/><F114/><W103/><G103/><T112/><D112/><U105/><E105/><V16/><F61/><W124/><G124/><T17/><D6/><U43/><E43/><V58/><F58/><W108/><G108/><N who="2" m="41577" /><F70/><W52/><G60/><T38/><D38/><U26/><E51/><V69/><F69/><W36/><G36/><T71/><D71/><U117/><E49/><V116/><F116/><W12/><G65/><T111/><D111/><U3/><E64/><V25/><F16/><W96/><G19/><T22/><D82/><U79/><E63/><V104/><F104/><W47/><G15/><T98/><D14/><U113/><E113/><V29/><F27/><N who="3" m="18527" /><G12/><T80/><D80/><U94/><E26/><V20/><F34/><W87/><G47/><T101/><D101/><U73/><E117/><V45/><F45/><W21/><G21/><T55/><D55/><U66/><E23/><V33/><F33/><W62/><G62/><T42/><D42/><U121/><E121/><V81/><F81/><W74/><G52/><T40/><D40/><U41/><E41/><V90/><F107/><W56/><G56/><T125/><D125/><RYUUKYOKU ba="0,0" sc="171,15,393,-15,169,15,267,-15" hai0="17,22,24,31,35,92,98,100,129,130" hai2="20,25,29,72,75,88,90,95,97,102" /><INIT seed="6,1,0,5,3,129" ten="186,378,184,252" oya="2" hai0="69,123,13,127,11,99,22,134,29,37,7,42,8" hai1="46,117,38,81,96,91,85,73,28,75,113,61,98" hai2="5,78,26,97,20,70,27,103,112,72,114,55,60" hai3="36,79,67,64,45,107,94,125,59,131,108,115,77"/><V31/><F5/><W56/><G108/><T126/><D69/><U19/><E28/><V128/><F128/><W88/><G107/><T132/><D37/><U10/><E98/><V6/><F6/><W80/><G131/><T104/><D42/><U130/><E130/><V52/><F78/><W9/><G125/><N who="0" m="47627" /><D123/><U33/><E33/><V66/><F72/><W124/><G124/><T84/><D84/><U54/><E96/><V30/><F114/><W116/><G116/><T43/><D43/><U1/><E85/><V50/><F50/><W0/><G115/><T24/><D104/><U122/><E38/><V82/><F82/><W41/><G79/><T4/><D99/><U47/><E81/><V106/><F112/><W87/><G67/><T44/><D44/><U18/><E47/><V25/><F25/><W15/><G64/><T86/><D86/><U133/><E46/><V35/><AGARI ba="1,0" hai="20,26,27,30,31,35,52,55,60,66,70,97,103,106" machi="35" ten="20,12000,1" yaku="0,1,7,1,25,2,54,1" doraHai="129" who="2" fromWho="2" sc="186,-41,378,-41,184,123,252,-41" /><INIT seed="6,2,0,1,1,105" ten="145,337,307,211" oya="2" hai0="35,131,4,27,74,40,12,96,78,57,129,36,116" hai1="92,62,86,72,34,127,58,18,90,113,22,80,33" hai2="55,32,67,122,99,128,52,15,2,60,28,66,26" hai3="112,37,102,123,79,106,97,63,121,61,126,29,14"/><V71/><F2/><W69/><G126/><T30/><D116/><U5/><E5/><V9/><F122/><W110/><G110/><T10/><D57/><U73/><E113/><V21/><F128/><W109/><G109/><T48/><D48/><U124/><E34/><V3/><F67/><W93/><G37/><T7/><D96/><U81/><E33/><V59/><F59/><W16/><G112/><T111/><D111/><U11/><E11/><V64/><F64/><W115/><G115/><T85/><D85/><U53/><E81/><V31/><F31/><W100/><G29/><T39/><D7/><U25/><E80/><V95/><F32/><W133/><G69/><T101/><D101/><U19/><E19/><V8/><F8/><W13/><G102/><T77/><D39/><U84/><E84/><V114/><F3/><W42/><G121/><T41/><D41/><U54/><E54/><V50/><F50/><W117/><G42/><T0/><D12/><U107/><E107/><V68/><F68/><W87/><G13/><T89/><D89/><U120/><E120/><V119/><F119/><W1/><G1/><T23/><D23/><U108/><E108/><V65/><F65/><W104/><G123/><T56/><D56/><U17/><E17/><N who="2" m="8431" /><F114/><W103/><G117/><T49/><D49/><U130/><E130/><N who="0" m="49673" /><D74/><U76/><E76/><V82/><F82/><N who="3" m="47583" /><G104/><T125/><D125/><AGARI ba="2,0" hai="18,22,25,53,58,62,72,73,86,90,92,124,125,127" machi="125" ten="40,5200,0" yaku="18,1,52,2" doraHai="105" who="1" fromWho="0" sc="145,-58,337,58,307,0,211,0" /><INIT seed="7,0,0,3,3,61" ten="87,395,307,211" oya="3" hai0="76,126,14,24,32,63,124,128,42,9,2,67,91" hai1="27,7,84,97,112,113,127,48,26,92,16,117,83" hai2="105,46,107,68,130,36,78,133,41,20,6,29,122" hai3="54,62,55,66,108,125,13,87,114,77,132,10,82"/><W100/><G114/><N who="1" m="44138" /><E7/><V80/><F20/><W135/><G125/><T81/><D91/><N who="1" m="55455" /><E117/><V52/><F29/><W18/><G100/><T34/><D14/><U3/><E3/><V64/><F122/><W40/><G40/><T51/><D51/><U104/><E104/><V93/><F93/><W11/><G11/><T96/><D96/><U31/><E127/><V57/><F6/><W25/><G25/><T15/><D15/><U47/><E16/><V99/><F99/><W106/><G106/><T111/><D128/><U95/><E95/><V134/><F130/><W53/><REACH who="3" step="1"/><G108/><REACH who="3" ten="87,395,307,201" step="2"/><T123/><D111/><U119/><E26/><V90/><F107/><W88/><G88/><T4/><D123/><U30/><E27/><V89/><F90/><W37/><G37/><T22/><D42/><N who="1" m="24695" /><E119/><V56/><F89/><AGARI ba="0,1" hai="30,31,83,84,89" m="24695,55455,44138" machi="89" ten="30,1000,0" yaku="15,1" doraHai="61" who="1" fromWho="2" sc="87,0,395,20,307,-10,201,0" owari="87,-41.0,415,51.0,297,10.0,201,-20.0" /></mjloggm>