<mjloggm ver="2.3"><GO type="169" lobby="0"/><UN n0="%E6%BC%A3%E5%A4%8F" n1="%E3%82%A6%E3%83%AB%E3%83%88%E3%83%A9%E7%AB%8B%E7%9B%B4" n2="%E3%81%9B%E3%82%93%E3%81%A8%E3%81%BD%E3%83%BC%E3%82%8B" n3="%4A%6F%75%72%6E%65%79" dan="18,18,16,17" rate="2196.81,2244.69,2094.79,2195.75" sx="M,M,F,M"/><TAIKYOKU oya="0"/><INIT seed="0,0,0,2,0,1" ten="250,250,250,250" oya="0" hai0="69,21,127,109,93,28,79,87,22,4,7,59,33" hai1="5,94,132,112,72,66,64,111,47,114,54,14,31" hai2="52,88,125,37,115,86,12,102,116,85,65,110,40" hai3="120,101,55,91,68,10,81,133,122,128,108,49,53"/><T11/><D69/><U82/><E31/><V51/><F115/><N who="1" m="44073" /><E94/><V77/><F110/><W83/><G108/><T130/><D109/><U63/><E132/><V89/><F125/><W35/><G133/><T26/><D127/><U3/><E3/><V48/><F37/><W16/><G35/><T90/><D130/><U84/><E72/><V135/><F116/><W27/><G68/><T117/><D117/><U24/><E24/><V38/><F38/><W76/><G128/><T60/><D79/><U44/><E111/><V118/><F118/><W41/><G101/><T98/><D98/><U29/><E29/><V103/><F65/><W78/><G91/><N who="2" m="34889" /><F135/><W18/><G41/><T62/><D62/><U131/><E131/><V67/><F67/><W70/><G70/><T9/><D33/><U134/><E134/><V43/><F48/><W71/><G71/><T73/><D73/><U25/><E25/><V107/><F107/><W32/><G32/><T2/><D22/><U80/><E64/><V17/><F102/><W95/><G27/><T42/><D42/><N who="2" m="15914" /><F103/><W99/><G49/><T8/><D2/><U34/><E34/><V124/><F77/><W74/><G74/><T92/><D92/><U97/><E66/><AGARI ba="0,0" hai="4,7,8,9,11,21,26,28,59,60,66,87,90,93" machi="66" ten="40,7700,0" yaku="8,1,52,2" doraHai="1" who="0" fromWho="1" sc="250,77,250,-77,250,0,250,0" /><INIT seed="0,1,0,3,4,99" ten="327,173,250,250" oya="0" hai0="110,111,114,21,62,104,22,23,86,66,52,51,71" hai1="132,105,92,75,64,97,123,47,26,48,135,112,16" hai2="2,58,69,13,100,67,36,9,1,7,28,102,133" hai3="130,27,14,81,44,95,41,79,84,80,17,118,87"/><T126/><D114/><U31/><E123/><V73/><F73/><W115/><G130/><T70/><D126/><U39/><E39/><V120/><F120/><W19/><G115/><T10/><D104/><U59/><E75/><V83/><F36/><W54/><G118/><T33/><D33/><U103/><E112/><V65/><F69/><W37/><G54/><T4/><D86/><U11/><E105/><V117/><F117/><W78/><G27/><T116/><D71/><U24/><E59/><V55/><F133/><N who="1" m="51273" /><E64/><N who="2" m="24651" /><F28/><W77/><G95/><T113/><D116/><U38/><E38/><V0/><F1/><W60/><G60/><T61/><D62/><U96/><E96/><V109/><F0/><W68/><G68/><T42/><D42/><N who="1" m="24695" /><E31/><V35/><F2/><W18/><REACH who="3" step="1"/><G78/><REACH who="3" ten="327,173,250,240" step="2"/><T25/><D113/><U12/><AGARI ba="1,1" hai="11,12,16,24,26,92,97,103" m="24695,51273" machi="12" ten="30,4000,0" yaku="20,1,52,1,54,1" doraHai="99" who="1" fromWho="1" sc="327,-21,173,53,250,-11,240,-11" /><INIT seed="1,0,0,3,3,94" ten="306,226,239,229" oya="1" hai0="9,48,38,25,95,128,78,47,28,26,6,121,12" hai1="75,107,18,85,122,71,101,2,61,105,116,5,54" hai2="106,83,35,111,19,93,117,102,118,110,80,20,123" hai3="133,63,88,15,27,135,33,29,45,108,76,134,124"/><U31/><E116/><N who="2" m="44651" /><F35/><W0/><G108/><N who="2" m="41513" /><F20/><W30/><G0/><T66/><D128/><U64/><E122/><V67/><F67/><W60/><G124/><T49/><D121/><U55/><E75/><V56/><F56/><W79/><G30/><T113/><D113/><U98/><E107/><V99/><F19/><W87/><G45/><T7/><D78/><N who="3" m="29737" /><G15/><T39/><D66/><U126/><E126/><V53/><F53/><W90/><G90/><T86/><D39/><U115/><E115/><V40/><F40/><W57/><G57/><T16/><D38/><U11/><E18/><V119/><N who="2" m="44659" /><V114/><DORA hai="10" /><F123/><W131/><G131/><T91/><D49/><U125/><E125/><V104/><F114/><W23/><G33/><T1/><D1/><U73/><E73/><V120/><F120/><W42/><G42/><N who="0" m="24695" /><D28/><U62/><E31/><V97/><F104/><W3/><G3/><T36/><D36/><U68/><E68/><V130/><F130/><W21/><G21/><T82/><D26/><U22/><E22/><V65/><F65/><W4/><G4/><N who="0" m="1579" /><D25/><U41/><E41/><V84/><F84/><W92/><AGARI ba="0,0" hai="23,27,29,60,63,87,88,92,133,134,135" m="29737" machi="92" ten="40,2700,0" yaku="20,1,54,1" doraHai="94,10" who="3" fromWho="3" sc="306,-7,226,-13,239,-7,229,27" /><INIT seed="2,0,0,5,1,21" ten="299,213,232,256" oya="2" hai0="26,109,125,48,53,103,108,82,110,105,35,14,9" hai1="46,135,79,97,29,100,13,115,85,120,3,127,71" hai2="73,113,33,25,72,17,101,51,40,10,47,5,67" hai3="130,76,23,56,132,70,84,122,64,62,30,50,118"/><V111/><F113/><W31/><G118/><T41/><D125/><U68/><E3/><V36/><F111/><W75/><G122/><T66/><D66/><U16/><E115/><V12/><F101/><W87/><G130/><T93/><D41/><U20/><E127/><V119/><F119/><W2/><G2/><T92/><D82/><U98/><E135/><V11/><F67/><W69/><G132/><T60/><D60/><U123/><E29/><V99/><F99/><N who="1" m="37897" /><E46/><V55/><F33/><W52/><G70/><T6/><D105/><U124/><E100/><V102/><F102/><W28/><REACH who="3" step="1"/><G23/><REACH who="3" ten="299,213,232,246" step="2"/><T8/><D109/><U32/><E32/><V44/><REACH who="2" step="1"/><F25/><REACH who="2" ten="299,213,222,246" step="2"/><W95/><G95/><T22/><D92/><U34/><E34/><V114/><F114/><W133/><G133/><T126/><D26/><U74/><E124/><V43/><F43/><W54/><G54/><T15/><D35/><U104/><E123/><V42/><F42/><W96/><G96/><T19/><D53/><U91/><E120/><V129/><F129/><W27/><G27/><T24/><D24/><U121/><E121/><V63/><F63/><W81/><AGARI ba="0,2" hai="28,30,31,50,52,56,62,64,69,75,76,81,84,87" machi="81" ten="30,7900,0" yaku="1,1,0,1,54,1,53,1" doraHai="21" doraHaiUra="59" who="3" fromWho="3" sc="299,-20,213,-20,222,-39,246,99" /><INIT seed="3,0,0,2,2,17" ten="279,193,183,345" oya="3" hai0="4,92,31,30,49,2,131,121,86,90,99,51,46" hai1="26,122,134,18,87,67,14,106,24,98,15,58,123" hai2="112,53,82,74,115,84,117,105,37,73,77,94,1" hai3="0,47,39,101,78,10,113,127,63,50,103,100,52"/><W132/><G113/><T104/><D121/><U70/><E87/><V61/><F1/><W36/><G132/><T83/><D104/><U54/><E134/><V43/><F37/><W95/><G127/><T62/><D131/><U79/><E79/><V93/><F43/><W60/><G78/><T76/><D51/><U59/><E70/><V124/><F53/><W64/><G95/><N who="2" m="36361" /><F61/><W5/><REACH who="3" step="1"/><G63/><REACH who="3" ten="279,193,183,335" step="2"/><T71/><D92/><U35/><E122/><V107/><F124/><W20/><G20/><T38/><D62/><U133/><E123/><V102/><F115/><W23/><G23/><T130/><D76/><U21/><E21/><V16/><F112/><W32/><G32/><T128/><D128/><U119/><E35/><V55/><F77/><W126/><G126/><T80/><D130/><U57/><E133/><V42/><F107/><W125/><G125/><T109/><D90/><U48/><E106/><V135/><F105/><W40/><G40/><T65/><D99/><U118/><E98/><V34/><F42/><W110/><G110/><T97/><D109/><U3/><E118/><V89/><F117/><W129/><G129/><T27/><D97/><U114/><E119/><V69/><F34/><W41/><G41/><T6/><D38/><U11/><E114/><V29/><F135/><W88/><G88/><T91/><D91/><U7/><E48/><V72/><F89/><W9/><G9/><T85/><D49/><U108/><E108/><V68/><F73/><W22/><G22/><T66/><D85/><U25/><E11/><V13/><F72/><W81/><G81/><RYUUKYOKU ba="0,1" sc="279,-10,193,-10,183,-10,335,30" hai3="0,5,10,36,39,47,50,52,60,64,100,101,103" /><INIT seed="3,1,1,0,4,114" ten="269,183,173,365" oya="3" hai0="83,46,26,124,27,16,117,126,31,32,106,70,127" hai1="72,14,2,119,69,118,112,63,97,85,41,7,64" hai2="15,102,8,78,11,115,113,33,22,88,43,91,92" hai3="62,3,130,44,36,73,65,89,77,125,39,17,9"/><W76/><G130/><T37/><D106/><U54/><E72/><V4/><F33/><W56/><G125/><T57/><D70/><U134/><E112/><V80/><F115/><W51/><G89/><T74/><D57/><U82/><E41/><V59/><F113/><W34/><G34/><T107/><D107/><U99/><E2/><V110/><F110/><W6/><G17/><T98/><D98/><U101/><E134/><V131/><F131/><W116/><G116/><N who="1" m="44586" /><E54/><V87/><F43/><W45/><G45/><T10/><D46/><U19/><E7/><V52/><F22/><W128/><G128/><T90/><D32/><U66/><E66/><V30/><F30/><W48/><G48/><T35/><D31/><U42/><E42/><V18/><F102/><W104/><G104/><T103/><D37/><U100/><E101/><V108/><F108/><W49/><G73/><T120/><D74/><U23/><E100/><V109/><F109/><W12/><G3/><T21/><D103/><U5/><E5/><V75/><F91/><AGARI ba="1,1" hai="14,19,23,63,64,69,82,85,91,97,99" m="44586" machi="91" ten="30,7700,0" yaku="12,1,52,3" doraHai="114" who="1" fromWho="2" sc="269,0,183,90,173,-80,365,0" /><INIT seed="4,0,0,4,4,118" ten="269,273,93,365" oya="0" hai0="57,133,95,27,89,101,15,13,74,3,25,98,91" hai1="70,102,19,79,56,72,96,17,100,31,43,52,12" hai2="18,85,131,75,64,10,73,122,11,120,24,135,94" hai3="58,63,32,116,110,108,92,46,14,36,121,83,35"/><T16/><D3/><U28/><E70/><V61/><F75/><W45/><G116/><T105/><D74/><U38/><E38/><V8/><F73/><W49/><G36/><T88/><D133/><U21/><E43/><V132/><F131/><W29/><G83/><T65/><D105/><U50/><E72/><V104/><F104/><W44/><G49/><T0/><D0/><U99/><E79/><V107/><F107/><W84/><G84/><T112/><D112/><U90/><E90/><V6/><F6/><W130/><G130/><T30/><D13/><U113/><E113/><V54/><F54/><W115/><G115/><T109/><D109/><U47/><E47/><V26/><F94/><W39/><G39/><T82/><D82/><U41/><E41/><V71/><F85/><W62/><G92/><T55/><D65/><U78/><E78/><V60/><F60/><W123/><G14/><T66/><D30/><N who="1" m="11307" /><E17/><V103/><F103/><AGARI ba="0,0" hai="12,19,21,50,52,56,96,99,100,102,103" m="11307" machi="103" ten="30,2000,0" yaku="8,1,54,1" doraHai="118" who="1" fromWho="2" sc="269,0,273,20,93,-20,365,0" /><INIT seed="5,0,0,1,2,95" ten="269,293,73,365" oya="1" hai0="110,25,89,7,32,92,103,1,100,9,14,56,24" hai1="98,10,79,119,2,15,115,129,80,49,22,6,12" hai2="18,93,99,31,86,122,11,39,17,74,64,118,41" hai3="54,85,44,27,4,97,76,111,53,77,51,117,26"/><U3/><E119/><V0/><F74/><W108/><G117/><T133/><D110/><U87/><E115/><V126/><F118/><W66/><G66/><T47/><D133/><U20/><E129/><V96/><F122/><W101/><G4/><T70/><D70/><U124/><E124/><V134/><F126/><W57/><G111/><T63/><D1/><U62/><E62/><V72/><F72/><W132/><G132/><T71/><D71/><U35/><E35/><V75/><F75/><W23/><G108/><T94/><D47/><U120/><E120/><V16/><F134/><W113/><G113/><T106/><D106/><U28/><E22/><V69/><F31/><W105/><G85/><T60/><D60/><U121/><E121/><V125/><F64/><W59/><G44/><T78/><D78/><U109/><E109/><V90/><F69/><W8/><G8/><T36/><D36/><U5/><E49/><V52/><F125/><W123/><G123/><T40/><D40/><U88/><E28/><V131/><F131/><W102/><G102/><T48/><D48/><U30/><E30/><V84/><F52/><W43/><G43/><T19/><D32/><U65/><E65/><V81/><F41/><W107/><G107/><T37/><D37/><U33/><E33/><V104/><F104/><W112/><G112/><T116/><D116/><U128/><E128/><V58/><F39/><W68/><G68/><T130/><D130/><U46/><E46/><V45/><F45/><W34/><G34/><T127/><D127/><U38/><E38/><V29/><F58/><RYUUKYOKU ba="0,0" sc="269,0,293,0,73,0,365,0" /><INIT seed="6,1,0,3,4,51" ten="269,293,73,365" oya="2" hai0="61,59,93,119,74,32,12,13,62,78,20,49,104" hai1="52,50,96,89,69,111,99,80,123,66,114,76,65" hai2="113,77,112,27,92,68,91,28,70,126,1,4,122" hai3="11,131,40,83,64,121,130,33,58,115,73,116,71"/><V125/><F77/><W102/><G116/><T75/><D104/><U36/><E36/><V107/><F107/><W56/><G121/><T63/><D32/><U44/><E111/><V55/><F122/><W9/><G33/><T95/><D119/><U2/><E2/><V98/><F4/><W3/><G115/><N who="2" m="44105" /><F1/><W41/><G102/><T46/><D75/><U103/><E114/><V53/><F68/><W97/><G97/><T26/><D78/><U128/><E128/><N who="3" m="49194" /><G71/><T67/><D74/><U85/><E69/><V15/><F15/><N who="0" m="5706" /><D62/><U127/><E127/><N who="2" m="48651" /><F70/><W134/><G3/><T19/><D63/><U109/><E123/><V5/><F5/><W106/><G106/><T22/><D22/><AGARI ba="1,0" hai="22,27,28,53,55,91,92,98" m="48651,44105" machi="22" ten="30,11600,0" yaku="15,1,18,1,52,2" doraHai="51" who="2" fromWho="0" sc="269,-119,293,0,73,119,365,0" /><INIT seed="6,2,0,1,2,31" ten="150,293,192,365" oya="2" hai0="129,76,113,55,127,51,35,96,93,36,124,86,74" hai1="123,67,111,19,104,100,13,14,103,99,88,16,22" hai2="118,73,114,116,25,61,60,79,109,71,28,119,75" hai3="30,9,44,107,91,87,20,0,24,72,63,89,46"/><V108/><F114/><W5/><G72/><N who="2" m="27721" /><F79/><W39/><G107/><T85/><D36/><U6/><E6/><V18/><F18/><W48/><G63/><N who="2" m="24137" /><F71/><W52/><REACH who="3" step="1"/><G87/><REACH who="3" ten="150,293,192,355" step="2"/><T92/><D86/><U26/><E104/><V115/><F115/><W80/><G80/><T97/><D85/><U117/><E123/><V110/><F119/><W57/><G57/><T78/><D74/><U62/><E117/><V32/><AGARI ba="2,1" hai="25,28,32,108,109,110,116,118" m="24137,27721" machi="32" ten="40,3900,0" yaku="10,1,52,1" doraHai="31" who="2" fromWho="2" sc="150,-15,293,-15,192,55,355,-15" /><INIT seed="6,3,0,4,0,128" ten="135,278,247,340" oya="2" hai0="70,53,83,120,1,54,116,58,71,73,8,92,63" hai1="4,95,97,45,105,15,100,66,30,10,130,96,47" hai2="124,7,22,99,131,19,13,60,104,61,6,88,34" hai3="126,35,94,5,29,119,20,67,28,121,55,3,84"/><V135/><F124/><W80/><G126/><T33/><D33/><U72/><E72/><V93/><F135/><W89/><G119/><T26/><D120/><U134/><E130/><V31/><F131/><W108/><G108/><T17/><D116/><U90/><E134/><V106/><F34/><W50/><G35/><T125/><D125/><U68/><E30/><V101/><F31/><W79/><G121/><T57/><D1/><U49/><E68/><V77/><F77/><W69/><G3/><T65/><D92/><U21/><E66/><V52/><F106/><W42/><G42/><T112/><D112/><U43/><E21/><V98/><F61/><W23/><G5/><T78/><D65/><U111/><REACH who="1" step="1"/><E47/><REACH who="1" ten="135,268,247,340" step="2"/><V9/><F22/><N who="3" m="8235" /><G69/><T11/><D26/><U91/><E91/><V48/><F60/><W27/><G67/><T36/><D8/><U2/><E2/><V64/><F64/><W59/><G27/><T114/><D114/><U122/><E122/><V86/><F86/><AGARI ba="3,1" hai="28,29,50,55,59,79,80,84,86,89,94" m="8235" machi="86" ten="30,1000,0" yaku="8,1" doraHai="128" who="3" fromWho="2" sc="135,0,268,0,247,-19,340,29" /><INIT seed="7,0,0,0,0,114" ten="135,268,228,369" oya="3" hai0="58,26,117,102,48,17,132,72,105,67,66,93,97" hai1="36,50,3,38,113,62,16,20,86,31,25,135,81" hai2="125,5,4,27,57,22,83,111,78,91,85,35,133" hai3="37,44,96,99,119,11,18,89,61,88,120,82,127"/><W12/><G119/><T70/><D70/><U123/><E3/><V29/><F111/><W0/><G120/><T8/><D72/><U14/><E135/><V15/><F133/><W46/><G127/><T122/><D132/><U59/><E50/><V68/><F68/><W129/><G129/><T74/><D74/><U60/><E60/><V54/><F125/><W45/><G37/><T109/><D109/><U128/><E113/><V100/><F100/><W106/><G106/><T69/><D69/><U21/><E128/><V49/><F35/><W118/><G118/><T19/><D122/><U84/><E84/><V124/><F124/><W2/><G61/><T77/><D117/><U107/><E107/><V90/><F15/><W121/><G121/><T24/><D105/><U30/><E30/><V28/><F28/><W65/><G65/><T40/><D77/><U41/><E41/><V6/><AGARI ba="0,0" hai="4,5,6,22,27,29,49,54,57,78,83,85,90,91" machi="6" ten="30,2000,0" yaku="0,1,8,1" doraHai="114" who="2" fromWho="2" sc="135,-5,268,-5,228,20,369,-10" owari="130,-37.0,263,6.0,248,-15.0,359,46.0" /></mjloggm>