<mjloggm ver="2.3"><GO type="169" lobby="0"/><UN n0="%E3%82%82%E3%81%BF%E3%81%82%E3%81%92" n1="%E3%82%A6%E3%83%AB%E3%83%88%E3%83%A9%E7%AB%8B%E7%9B%B4" n2="%50%45%41%43%45%31%30" n3="%E2%80%90%E3%81%AF%E3%81%9A%E3%81%8D%E3%82%93%E3%81%90%E2%80%90" dan="17,18,17,16" rate="2114.10,2228.98,2219.21,2144.33" sx="M,M,M,F"/><TAIKYOKU oya="0"/><INIT seed="0,0,0,2,5,95" ten="250,250,250,250" oya="0" hai0="77,72,66,64,36,81,89,123,50,55,74,38,85" hai1="41,56,1,102,44,105,8,58,78,23,111,83,54" hai2="121,93,127,110,92,52,116,34,113,47,43,69,15" hai3="82,0,125,53,25,63,86,104,88,119,13,33,17"/><T118/><D118/><U51/><E111/><V11/><F113/><W35/><G125/><T132/><D123/><U14/><E1/><V108/><F34/><W3/><G119/><T109/><D109/><N who="2" m="42090" /><F69/><W70/><G104/><T90/><D132/><U117/><E117/><V115/><F115/><W128/><G128/><T2/><D2/><U18/><E105/><V42/><F116/><W131/><G131/><T129/><D129/><U120/><E120/><V100/><F121/><W133/><G133/><T134/><D134/><U5/><E102/><V101/><F127/><W99/><G35/><T96/><D74/><U30/><E30/><V31/><F31/><W75/><G75/><T12/><D12/><U39/><E39/><V106/><F106/><W87/><G87/><T124/><D124/><U61/><E58/><V29/><F29/><W57/><G70/><T46/><D38/><U76/><REACH who="1" step="1"/><E83/><REACH who="1" ten="250,240,250,250" step="2"/><V97/><F101/><W7/><G33/><T122/><D36/><U19/><E19/><N who="2" m="8703" /><F93/><N who="3" m="56743" /><G7/><T6/><D6/><U4/><E4/><V103/><F103/><W9/><G0/><T126/><D122/><U67/><E67/><V28/><F28/><W40/><G3/><T20/><D66/><U65/><E65/><V49/><AGARI ba="0,1" hai="42,43,47,49,52,92,97,100" m="8703,42090" machi="49" ten="30,4000,0" yaku="14,1,52,1,54,1" doraHai="95" who="2" fromWho="2" sc="250,-20,240,-10,250,50,250,-10" /><INIT seed="1,0,0,4,5,89" ten="230,230,300,240" oya="1" hai0="65,31,96,32,46,88,33,69,53,99,17,38,130" hai1="87,0,18,58,26,129,60,125,48,12,36,74,9" hai2="104,81,80,83,66,5,117,111,85,121,2,119,122" hai3="19,105,24,35,11,107,4,30,75,131,57,20,64"/><U50/><E74/><V6/><F66/><W21/><G75/><T134/><D130/><U47/><E129/><V62/><F62/><W29/><G131/><T41/><D134/><U84/><E125/><V106/><F2/><W103/><G103/><T40/><D40/><U39/><E0/><V86/><REACH who="2" step="1"/><F80/><REACH who="2" ten="230,230,290,240" step="2"/><W61/><G35/><T28/><D65/><N who="1" m="39063" /><E36/><V123/><F123/><W10/><G30/><T133/><D32/><U120/><E39/><V126/><F126/><W25/><G11/><T97/><D33/><U13/><E120/><V8/><F8/><W132/><G132/><T14/><D133/><U115/><E115/><V90/><F90/><W7/><G4/><T52/><D88/><U44/><E9/><V23/><F23/><W43/><G43/><T22/><D31/><U118/><E118/><V56/><F56/><W16/><REACH who="3" step="1"/><G29/><REACH who="3" ten="230,230,290,230" step="2"/><T135/><D28/><U128/><E128/><V63/><F63/><W79/><G79/><T34/><D135/><U15/><E48/><V113/><F113/><W42/><G42/><T124/><D34/><U73/><E50/><V108/><AGARI ba="0,2" hai="5,6,81,83,85,86,104,106,108,111,117,119,121,122" machi="108" ten="25,6400,0" yaku="1,1,0,1,22,2,53,0" doraHai="89" doraHaiUra="68" who="2" fromWho="2" sc="230,-16,230,-32,290,84,230,-16" /><INIT seed="2,0,0,5,1,51" ten="214,198,374,214" oya="2" hai0="74,114,54,27,122,13,71,45,93,55,94,124,53" hai1="52,100,102,107,92,60,84,1,36,8,42,95,0" hai2="118,37,50,57,109,29,131,24,80,64,22,15,76" hai3="86,115,41,43,6,59,129,91,103,132,119,81,110"/><V101/><F118/><W68/><G68/><T79/><D114/><U83/><E36/><V134/><F37/><W5/><G119/><T23/><D122/><U19/><E107/><V47/><F131/><W126/><G110/><T99/><D71/><U58/><E42/><V32/><F109/><W39/><G132/><T56/><D124/><U30/><E30/><V16/><F134/><W2/><G126/><T111/><D111/><U69/><E69/><V90/><F101/><N who="1" m="39017" /><E1/><V120/><F120/><W98/><G129/><T35/><D35/><U96/><E0/><V34/><F90/><W12/><G2/><T62/><D74/><U112/><E112/><V113/><F113/><W82/><G82/><T21/><D79/><N who="1" m="46207" /><E96/><V44/><F34/><W135/><G135/><T26/><D45/><U133/><E133/><V10/><F32/><W73/><G73/><T31/><D13/><AGARI ba="0,0" hai="8,13,19,52,58,60,92,95" m="46207,39017" machi="13" ten="30,3900,0" yaku="8,1,52,1,54,1" doraHai="51" who="1" fromWho="0" sc="214,-39,198,39,374,0,214,0" /><INIT seed="3,0,0,4,3,125" ten="175,237,374,214" oya="3" hai0="101,91,74,66,36,32,26,30,130,11,128,98,14" hai1="107,80,95,99,119,117,132,79,116,73,126,56,50" hai2="89,39,19,102,27,45,127,31,97,122,69,64,82" hai3="63,41,106,104,110,6,120,124,57,54,20,134,38"/><W21/><G120/><T13/><D36/><U112/><E112/><V42/><F127/><W113/><G124/><T78/><D66/><U61/><E126/><V68/><F122/><W105/><G113/><T9/><D91/><U135/><E50/><V53/><F19/><W70/><G134/><N who="1" m="51242" /><E56/><V40/><F40/><W10/><G70/><T114/><D114/><U133/><E61/><V84/><F53/><W44/><REACH who="3" step="1"/><G110/><REACH who="3" ten="175,237,374,204" step="2"/><T7/><D74/><U17/><E133/><V96/><F69/><W4/><G4/><T83/><D78/><U86/><E17/><V43/><F68/><W87/><G87/><T94/><REACH who="0" step="1"/><D83/><REACH who="0" ten="165,237,374,204" step="2"/><U100/><E73/><V93/><F82/><W25/><G25/><T92/><D92/><AGARI ba="0,2" hai="79,80,86,92,95,99,100,107,116,117,119" m="51242" machi="92" ten="40,8000,1" yaku="12,1,20,1,34,2" doraHai="125" who="1" fromWho="0" sc="165,-80,237,100,374,0,204,0" /><INIT seed="4,0,0,3,5,80" ten="85,337,374,204" oya="0" hai0="24,1,94,107,115,112,17,25,14,71,92,102,18" hai1="96,132,117,123,122,100,40,51,113,105,106,68,35" hai2="63,70,109,57,75,82,19,135,47,93,126,104,128" hai3="83,97,11,134,130,23,119,30,41,64,111,16,12"/><T38/><D38/><U114/><E68/><V5/><F104/><W21/><G111/><T6/><D71/><U108/><E35/><V125/><F109/><W53/><G119/><T26/><D107/><U45/><E108/><V13/><F70/><W39/><G134/><T33/><D102/><U48/><E132/><V87/><F135/><W73/><G64/><T43/><D43/><U54/><E106/><V79/><F128/><W2/><G130/><T66/><D66/><U84/><E84/><V131/><F131/><W56/><G97/><T67/><D67/><U110/><E117/><V103/><F5/><W60/><G30/><N who="0" m="19655" /><D92/><U36/><E110/><V61/><F47/><W10/><G39/><T28/><D94/><U34/><E34/><V37/><F37/><W118/><G41/><T99/><D99/><U8/><E8/><N who="2" m="6567" /><F57/><W129/><G129/><T31/><D31/><U90/><E36/><V4/><F4/><W7/><G118/><T32/><D26/><U121/><E90/><N who="2" m="53471" /><F103/><W15/><G2/><T29/><D29/><U81/><E100/><V42/><F42/><W85/><G73/><T50/><D50/><U49/><E105/><V0/><F0/><W127/><G127/><AGARI ba="0,0" hai="61,63,75,79,82,125,126,127" m="53471,6567" machi="127" ten="30,2000,0" yaku="18,1,52,1" doraHai="80" who="2" fromWho="3" sc="85,0,337,0,374,20,204,-20" /><INIT seed="5,0,0,1,0,38" ten="85,337,394,184" oya="1" hai0="96,73,1,34,87,131,89,74,129,48,114,60,40" hai1="25,22,66,84,93,39,97,128,119,72,14,91,94" hai2="4,52,121,45,6,85,11,76,16,102,79,88,47" hai3="77,110,70,35,123,24,7,112,71,53,5,103,122"/><U29/><E119/><V9/><F121/><W98/><G110/><T61/><D1/><U132/><E128/><N who="0" m="49225" /><D34/><U59/><E132/><V115/><F102/><W33/><G53/><T55/><D96/><U2/><E2/><V51/><F115/><W64/><G77/><N who="2" m="29769" /><F45/><W124/><G124/><T26/><D26/><U43/><E72/><N who="0" m="27753" /><D114/><U28/><E14/><N who="2" m="7263" /><F9/><W19/><G35/><T21/><D21/><U134/><E134/><V0/><F0/><W90/><G90/><T63/><D89/><U80/><E29/><V95/><AGARI ba="0,0" hai="4,6,47,51,52,85,88,95" m="7263,29769" machi="95" ten="30,7900,0" yaku="8,1,54,3" doraHai="38" who="2" fromWho="2" sc="85,-20,337,-39,394,79,184,-20" /><INIT seed="6,0,0,2,3,69" ten="65,298,473,164" oya="2" hai0="30,111,6,76,134,46,118,21,79,63,74,65,48" hai1="128,125,131,116,135,44,62,113,26,84,58,68,19" hai2="47,20,11,28,73,72,42,53,93,55,117,70,41" hai3="122,3,1,81,13,98,89,130,64,96,57,127,109"/><V25/><F117/><W7/><G122/><T17/><D111/><U40/><E68/><V8/><F70/><W24/><G109/><T67/><D118/><U102/><E116/><V15/><F8/><W45/><G130/><T85/><D134/><U80/><E102/><V43/><F72/><W99/><G127/><T129/><D129/><U34/><E113/><V112/><F73/><W106/><G106/><T123/><D123/><U121/><E135/><V36/><F112/><W78/><G89/><T126/><D126/><U82/><E82/><V23/><F23/><W132/><G24/><T39/><D74/><U66/><E125/><V54/><REACH who="2" step="1"/><F93/><REACH who="2" ten="65,298,463,164" step="2"/><W115/><G115/><T59/><D21/><U77/><E121/><V103/><F103/><W104/><G104/><T10/><D10/><U32/><E131/><V0/><F0/><W31/><G1/><T100/><D100/><U97/><E128/><V90/><F90/><W4/><G3/><T38/><D6/><AGARI ba="0,1" hai="6,11,15,20,25,28,36,41,42,43,47,53,54,55" machi="6" ten="40,12000,1" yaku="1,1,52,1,53,3" doraHai="69" doraHaiUra="50" who="2" fromWho="0" sc="65,-120,298,0,463,130,164,0" owari="-55,-56.0,298,10.0,593,70.0,164,-24.0" /></mjloggm>