<mjloggm ver="2.3"><GO type="169" lobby="0"/><UN n0="%E3%82%A8%E3%82%B9%E3%82%AB%E3%83%AB%E3%82%B4%E3%83%B3" n1="%E3%81%BE%E3%81%82%E3%81%BC%E3%81%86%E5%A4%A7%E4%BD%90" n2="%65%61%73%79" n3="%E3%83%88%E3%83%88%E3%83%AA%E5%85%88%E7%94%9F%31%39%E6%AD%B3" dan="17,16,16,19" rate="2152.67,2127.98,2124.16,2300.61" sx="M,F,M,F"/><TAIKYOKU oya="0"/><INIT seed="0,0,0,3,0,99" ten="250,250,250,250" oya="0" hai0="118,125,102,20,36,38,1,85,116,71,97,52,51" hai1="29,114,59,120,123,101,76,74,113,87,109,79,15" hai2="117,67,104,24,122,80,16,4,39,35,8,43,9" hai3="63,126,18,22,12,53,25,115,56,129,82,135,61"/><T27/><D1/><U124/><E29/><V103/><F122/><N who="1" m="46633" /><E15/><V30/><F117/><W46/><G129/><T108/><D125/><U127/><E59/><V6/><F67/><W98/><G135/><T69/><D108/><U2/><E2/><V42/><F80/><W58/><G126/><N who="1" m="48170" /><E74/><V88/><F39/><W105/><G115/><N who="1" m="44042" /><E109/><V21/><F30/><W54/><G46/><T134/><D134/><U45/><E45/><V49/><F24/><W77/><G12/><T72/><D72/><U34/><E34/><V112/><F35/><W37/><G18/><T11/><D118/><U47/><E47/><V75/><F16/><W3/><G3/><T48/><D116/><U94/><E87/><V41/><F75/><W70/><G25/><T28/><D11/><U92/><E101/><V78/><F103/><W32/><G32/><T17/><D28/><U130/><E130/><V26/><F26/><W44/><G22/><T107/><D85/><U55/><E55/><V73/><F21/><W96/><G44/><T64/><D52/><U84/><E84/><V60/><F112/><W33/><G33/><T66/><D38/><U93/><AGARI ba="0,0" hai="76,79,92,93,94" m="44042,48170,46633" machi="93" ten="40,12000,2" yaku="28,2,18,1,11,1,34,2" doraHai="99" who="1" fromWho="1" sc="250,-60,250,120,250,-30,250,-30" /><INIT seed="1,0,0,0,0,70" ten="190,370,220,220" oya="1" hai0="31,118,132,93,7,62,95,79,103,100,56,48,128" hai1="65,97,15,33,80,23,88,135,125,52,94,50,58" hai2="0,37,2,64,115,84,78,89,83,22,108,6,16" hai3="69,53,81,75,107,106,102,120,26,60,4,32,124"/><U85/><E33/><V51/><F108/><W14/><G120/><T40/><D118/><U101/><E125/><V10/><F115/><W17/><G124/><T67/><D128/><U126/><E126/><V110/><F110/><W99/><G4/><T76/><D132/><U96/><E135/><V8/><F64/><W57/><G69/><T105/><D31/><U63/><E97/><V36/><F51/><W13/><G106/><T121/><D121/><U35/><E35/><V20/><F20/><W29/><REACH who="3" step="1"/><G17/><REACH who="3" ten="190,370,220,210" step="2"/><T134/><D105/><U113/><E113/><V41/><F41/><W5/><G5/><T86/><D7/><U1/><E1/><V127/><F127/><W47/><G47/><T42/><D42/><U123/><E123/><V21/><F2/><W43/><G43/><T122/><D122/><U129/><E129/><V133/><F133/><W19/><G19/><T131/><D131/><U46/><E15/><V68/><F68/><W3/><G3/><T18/><D18/><U45/><E23/><V82/><F10/><W73/><G73/><T109/><D134/><U38/><REACH who="1" step="1"/><E45/><REACH who="1" ten="190,360,220,210" step="2"/><V55/><F21/><W9/><G9/><T91/><D109/><U117/><E117/><V119/><F119/><W30/><G30/><T98/><D103/><U74/><E74/><V72/><F55/><W27/><G27/><AGARI ba="0,2" hai="0,6,8,16,22,27,36,37,72,78,82,83,84,89" machi="27" ten="30,7700,0" yaku="7,1,52,2,54,1" doraHai="70" who="2" fromWho="3" sc="190,0,360,0,220,97,210,-77" /><INIT seed="2,0,0,4,4,26" ten="190,360,317,133" oya="2" hai0="92,74,46,52,44,112,97,55,28,61,13,50,1" hai1="25,71,106,47,15,118,42,31,9,56,98,40,103" hai2="107,18,38,131,105,81,75,133,69,3,72,63,21" hai3="48,85,11,83,10,114,116,79,65,110,58,66,91"/><V76/><F3/><W89/><G116/><T101/><D112/><U129/><E118/><V67/><F133/><W70/><G110/><T99/><D1/><U128/><E56/><V37/><F131/><N who="1" m="50249" /><E71/><V84/><F75/><W35/><G35/><T51/><D74/><U17/><E47/><V59/><F69/><W127/><G127/><T82/><D82/><U78/><E78/><V4/><F4/><W109/><G109/><T87/><D87/><U36/><E36/><V16/><F18/><W88/><G114/><T53/><D13/><U108/><E108/><V5/><F5/><W54/><REACH who="3" step="1"/><G70/><REACH who="3" ten="190,360,317,123" step="2"/><T95/><D61/><U14/><E14/><V2/><F2/><W86/><G86/><T104/><D104/><U43/><E15/><V45/><F72/><W34/><G34/><T22/><D46/><U120/><E120/><V30/><F107/><W41/><G41/><T134/><D44/><U68/><E68/><V90/><F105/><W39/><G39/><T102/><D134/><U130/><E130/><V20/><F45/><W29/><G29/><T132/><D132/><U6/><E43/><V117/><F117/><W64/><AGARI ba="0,1" hai="10,11,48,54,58,64,65,66,79,83,85,88,89,91" machi="64" ten="30,7900,0" yaku="1,1,0,1,8,1,54,1,53,0" doraHai="26" doraHaiUra="123" who="3" fromWho="3" sc="190,-20,360,-20,317,-39,123,89" /><INIT seed="3,0,0,4,0,117" ten="170,340,278,212" oya="3" hai0="125,72,102,109,94,23,130,30,33,82,112,49,8" hai1="17,20,9,95,61,115,135,104,1,42,96,87,6" hai2="18,58,48,29,34,84,88,70,66,68,100,116,133" hai3="80,93,65,71,57,50,129,79,78,124,75,111,24"/><W51/><G71/><T26/><D109/><U62/><E115/><V97/><F116/><W3/><G3/><T67/><D112/><U19/><E135/><V114/><F114/><W38/><G38/><T108/><D108/><U37/><E37/><V0/><F0/><W2/><G2/><T32/><D130/><U59/><E42/><V69/><F18/><W127/><G111/><T118/><D118/><U5/><E5/><V14/><F14/><W46/><G129/><T76/><D125/><N who="3" m="48201" /><G79/><T25/><D67/><U22/><E87/><V16/><F16/><W7/><G7/><T40/><D8/><U89/><E104/><N who="2" m="63503" /><F133/><W44/><G93/><T53/><D40/><U28/><E28/><V60/><F48/><N who="3" m="18475" /><G24/><T12/><D12/><U121/><E121/><V81/><F58/><W55/><G65/><T113/><D113/><U126/><E126/><V36/><F36/><W74/><G74/><T63/><D63/><AGARI ba="0,0" hai="44,46,55,57,63,75,78,80" m="18475,48201" machi="63" ten="30,1500,0" yaku="18,1" doraHai="117" who="3" fromWho="0" sc="170,-15,340,0,278,0,212,15" /><INIT seed="3,1,0,4,5,101" ten="155,340,278,227" oya="3" hai0="117,128,61,65,83,76,68,36,85,125,103,16,25" hai1="115,69,5,70,66,54,37,55,23,63,26,31,126" hai2="29,109,8,98,73,104,132,6,91,62,131,77,58" hai3="96,35,118,14,45,122,108,11,56,20,134,40,46"/><W39/><G118/><T53/><D117/><U51/><E115/><V15/><F109/><W19/><G122/><T74/><D128/><U127/><E37/><V102/><F132/><W44/><G35/><T121/><D121/><U88/><E5/><V41/><F131/><W89/><G134/><T120/><D120/><U114/><E114/><V97/><F41/><W13/><G108/><T32/><D125/><U43/><E43/><V116/><F116/><W119/><G119/><T42/><D103/><U38/><E38/><V106/><F29/><W1/><G1/><T81/><D53/><U9/><E9/><V95/><F77/><W133/><G133/><T50/><D36/><U27/><E27/><V60/><F73/><W4/><G56/><T49/><D42/><U2/><E2/><V105/><F62/><W110/><G110/><T57/><D68/><U48/><E70/><V93/><F95/><W92/><AGARI ba="1,0" hai="4,11,13,14,19,20,39,40,44,45,46,89,92,96" machi="92" ten="30,1500,0" yaku="0,1" doraHai="101" who="3" fromWho="3" sc="155,-6,340,-6,278,-6,227,18" /><INIT seed="3,2,0,5,0,90" ten="149,334,272,245" oya="3" hai0="12,21,61,105,113,91,31,3,47,56,104,123,99" hai1="50,117,16,57,48,133,1,97,79,13,125,88,2" hai2="92,77,42,96,103,111,40,101,24,15,124,110,112" hai3="30,69,26,22,119,106,52,127,120,109,37,43,80"/><W36/><G119/><T63/><D123/><U62/><E117/><V126/><F112/><W94/><G120/><T115/><D3/><U70/><E70/><V19/><F24/><W34/><G106/><T108/><D108/><N who="2" m="41514" /><F101/><W114/><G114/><N who="0" m="43531" /><D47/><U17/><E79/><V46/><F77/><W5/><G69/><T27/><D12/><U49/><E125/><N who="2" m="48235" /><F46/><W28/><G127/><T45/><D45/><U10/><E133/><V6/><F6/><W83/><G109/><T11/><D11/><AGARI ba="2,0" hai="11,15,19,40,42,92,96,103" m="48235,41514" machi="11" ten="30,3900,0" yaku="14,1,18,1,52,1" doraHai="90" who="2" fromWho="0" sc="149,-45,334,0,272,45,245,0" /><INIT seed="4,0,0,4,4,15" ten="104,334,317,245" oya="0" hai0="65,29,4,127,121,24,23,45,54,55,112,109,56" hai1="80,50,57,67,70,88,62,95,72,9,1,134,90" hai2="26,48,37,22,119,38,11,102,35,47,12,126,68" hai3="85,6,46,111,71,122,2,99,84,13,36,76,114"/><T110/><D121/><U7/><E134/><V53/><F35/><W66/><G111/><N who="0" m="42507" /><D112/><U34/><E34/><V59/><F68/><W125/><G2/><T116/><D116/><U60/><E50/><V69/><F69/><W52/><G114/><T117/><D117/><U25/><E25/><V51/><F126/><W33/><G33/><T83/><D127/><U32/><E32/><V30/><F102/><W81/><G125/><T128/><D128/><U115/><E115/><V31/><F31/><W49/><G122/><T28/><D4/><U77/><REACH who="1" step="1"/><E95/><REACH who="1" ten="104,324,317,245" step="2"/><V8/><F119/><W43/><G49/><N who="0" m="28975" /><D83/><U82/><E82/><V96/><F48/><W103/><G81/><T21/><D65/><AGARI ba="0,1" hai="1,7,9,57,60,62,65,67,70,72,77,80,88,90" machi="65" ten="30,7700,0" yaku="1,1,7,1,54,1,53,1" doraHai="15" doraHaiUra="74" who="1" fromWho="0" sc="104,-77,324,87,317,0,245,0" /><INIT seed="5,0,0,5,3,85" ten="27,411,317,245" oya="1" hai0="24,87,11,59,128,104,92,48,45,32,13,125,18" hai1="127,114,73,10,91,75,84,51,55,17,134,1,20" hai2="37,130,26,120,8,78,76,44,100,135,35,46,6" hai3="132,25,121,38,14,99,80,16,77,72,98,36,105"/><U7/><E114/><V89/><F120/><W31/><G121/><T61/><D104/><U34/><E127/><V52/><F135/><W65/><G132/><T33/><D125/><U96/><E96/><V64/><F130/><W39/><G65/><T115/><D115/><U27/><E34/><V112/><F112/><W71/><G71/><T69/><D69/><U81/><REACH who="1" step="1"/><E134/><REACH who="1" ten="27,401,317,245" step="2"/><V111/><F35/><W74/><G99/><T88/><D128/><U15/><E15/><V79/><F26/><W117/><G98/><T116/><D116/><U119/><E119/><V103/><F111/><W28/><G117/><T129/><D129/><U3/><E3/><V5/><F103/><W70/><G25/><T94/><D24/><U131/><E131/><V97/><F97/><W67/><G105/><T60/><D33/><U53/><E53/><V58/><F52/><W57/><G14/><T113/><D32/><U47/><AGARI ba="0,1" hai="1,7,10,17,20,27,47,51,55,73,75,81,84,91" machi="47" ten="20,7800,0" yaku="1,1,0,1,7,1,52,1,53,0" doraHai="85" doraHaiUra="9" who="1" fromWho="1" sc="27,-26,401,88,317,-26,245,-26" /><INIT seed="5,1,0,4,5,84" ten="1,489,291,219" oya="1" hai0="76,106,120,18,8,89,61,80,125,108,104,55,56" hai1="109,112,26,133,27,3,75,121,107,39,115,37,95" hai2="73,29,97,43,113,68,10,57,54,98,64,122,116" hai3="46,47,87,52,15,60,114,51,127,22,2,103,65"/><U33/><RYUUKYOKU type="yao9" ba="1,0" sc="1,0,489,0,291,0,219,0" hai1="3,26,27,33,37,39,75,95,107,109,112,115,121,133" /><INIT seed="5,2,0,4,5,81" ten="1,489,291,219" oya="1" hai0="86,125,25,99,106,6,28,49,37,88,74,7,111" hai1="72,16,95,47,132,29,11,0,128,52,43,84,126" hai2="5,15,87,79,90,20,107,1,122,19,3,76,54" hai3="30,46,123,24,129,39,41,109,35,77,36,73,67"/><U26/><E72/><V108/><F122/><W58/><G123/><T131/><D37/><U60/><E128/><V33/><F108/><W103/><G109/><T27/><D111/><U13/><E0/><V92/><F107/><W65/><G129/><T100/><D131/><U115/><E115/><V80/><F33/><W71/><G65/><T34/><D74/><U78/><E126/><V2/><F54/><W63/><G58/><T113/><D113/><U8/><E8/><V64/><F64/><W101/><G101/><T4/><D125/><U32/><E132/><V42/><F42/><W127/><G127/><T38/><D38/><U110/><E110/><V98/><REACH who="2" step="1"/><F79/><REACH who="2" ten="1,489,281,219" step="2"/><W85/><G39/><T116/><D116/><U51/><E43/><V61/><F61/><W135/><G135/><T83/><D49/><U9/><E60/><V66/><F66/><W45/><G45/><T23/><D6/><AGARI ba="2,1" hai="1,2,3,5,6,15,19,20,76,80,87,90,92,98" machi="6" ten="40,2600,0" yaku="1,1,52,1,53,0" doraHai="81" doraHaiUra="68" who="2" fromWho="0" sc="1,-32,489,0,281,42,219,0" owari="-31,-53.0,489,59.0,323,12.0,219,-18.0" /></mjloggm>