<mjloggm ver="2.3"><GO type="169" lobby="0"/><UN n0="%72%75%6E%61%73%6E%6F%77" n1="%E3%83%88%E3%83%88%E3%83%AA%E5%85%88%E7%94%9F%31%39%E6%AD%B3" n2="%E3%82%BF%EF%BD%9E%E5%9D%8A" n3="%57%49%4E%E7%A5%9E" dan="16,19,16,16" rate="2043.08,2263.10,2085.74,2121.33" sx="M,F,M,M"/><TAIKYOKU oya="0"/><INIT seed="0,0,0,0,5,80" ten="250,250,250,250" oya="0" hai0="21,122,24,100,63,109,68,88,107,92,25,133,38" hai1="22,79,29,110,2,3,125,131,65,51,15,75,83" hai2="6,17,36,44,81,57,132,96,123,121,117,87,101" hai3="54,74,58,76,26,46,78,119,12,28,95,86,10"/><T42/><D122/><U77/><E110/><V98/><F132/><W18/><G119/><T128/><D133/><U16/><E131/><V104/><F6/><W67/><G74/><T108/><D128/><U82/><E125/><V30/><F30/><W5/><G5/><T103/><D42/><U66/><E29/><V84/><F117/><W52/><G67/><N who="0" m="41087" /><D38/><U91/><E91/><V97/><F36/><W35/><G46/><T73/><D73/><U94/><E94/><V105/><F44/><W64/><G64/><T134/><D107/><N who="2" m="41034" /><F17/><W50/><REACH who="3" step="1"/><G54/><REACH who="3" ten="250,250,250,240" step="2"/><T60/><D134/><U39/><E65/><V90/><F57/><W89/><AGARI ba="0,1" hai="10,12,18,26,28,35,50,52,58,76,78,86,89,95" machi="89" ten="30,8000,1" yaku="1,1,2,1,0,1,52,1,54,1,53,0" doraHai="80" doraHaiUra="111" who="3" fromWho="3" sc="250,-40,250,-20,250,-20,240,90" /><INIT seed="1,0,0,3,5,73" ten="210,230,230,330" oya="1" hai0="40,67,81,127,86,129,30,115,36,126,108,8,112" hai1="16,116,58,14,130,65,84,52,6,101,44,96,123" hai2="25,76,134,117,119,42,74,79,5,93,37,99,75" hai3="89,47,20,131,110,21,85,71,88,3,95,33,80"/><U12/><E116/><N who="2" m="44619" /><F25/><W53/><G33/><T83/><D108/><U111/><E123/><V43/><F5/><W24/><G110/><T60/><D30/><U107/><E111/><V35/><F35/><W10/><G71/><T105/><D105/><U114/><E114/><V64/><F64/><W41/><G131/><T104/><D104/><U18/><E130/><V100/><F37/><W121/><G53/><T102/><D102/><U132/><E132/><V38/><F38/><W15/><G121/><T66/><D129/><U28/><E65/><V63/><F63/><W91/><G3/><T87/><D36/><U45/><E28/><V125/><F42/><W49/><G95/><T70/><D8/><U61/><E6/><V13/><F43/><W29/><G21/><T78/><D40/><U4/><E4/><AGARI ba="0,0" hai="4,10,15,20,24,29,41,47,49,80,85,88,89,91" machi="4" ten="30,3900,0" yaku="7,1,8,1,54,1" doraHai="73" who="3" fromWho="1" sc="210,0,230,-39,230,0,330,39" /><INIT seed="2,0,0,5,0,9" ten="210,191,230,369" oya="2" hai0="10,100,60,4,101,66,104,22,96,2,68,117,48" hai1="58,84,116,107,25,5,128,46,63,125,127,110,15" hai2="133,27,130,82,121,11,54,24,36,7,131,53,28" hai3="113,12,64,134,13,65,109,108,124,57,78,119,89"/><V71/><F121/><W61/><G119/><T49/><D117/><U87/><E116/><V123/><F123/><W29/><G134/><T6/><D6/><U44/><E107/><V122/><F122/><W81/><G124/><N who="1" m="47690" /><E110/><N who="3" m="42602" /><G113/><T97/><REACH who="0" step="1"/><D22/><REACH who="0" ten="200,191,230,369" step="2"/><U91/><E128/><V41/><F131/><W34/><G65/><T74/><D74/><U59/><E5/><V105/><F130/><W43/><G64/><T75/><D75/><U39/><E39/><V52/><F36/><W115/><G34/><T45/><D45/><U37/><E46/><V14/><F133/><W26/><G115/><T112/><D112/><U92/><E44/><V83/><F41/><W17/><G43/><T129/><D129/><U18/><E37/><V106/><F71/><W103/><G29/><T94/><AGARI ba="0,1" hai="2,4,10,48,49,60,66,68,94,96,97,100,101,104" machi="94" ten="20,2700,0" yaku="1,1,0,1,7,1,53,0" doraHai="9" doraHaiUra="40" who="0" fromWho="0" sc="200,37,191,-7,230,-13,369,-7" /><INIT seed="3,0,0,1,1,15" ten="237,184,217,362" oya="3" hai0="111,92,118,109,16,47,38,42,130,120,102,135,127" hai1="85,11,103,1,101,126,95,25,61,13,23,29,76" hai2="34,88,46,131,84,14,81,68,97,116,18,83,106" hai3="114,51,27,35,37,10,86,62,39,59,41,44,113"/><W74/><G74/><T12/><D118/><U4/><E126/><V60/><F34/><W6/><G86/><T8/><D120/><U66/><E1/><V52/><F116/><W134/><G134/><T110/><D135/><U80/><REACH who="1" step="1"/><E95/><REACH who="1" ten="237,174,217,362" step="2"/><V77/><F131/><W117/><G117/><T5/><D127/><U63/><E63/><V115/><F115/><W72/><G114/><T24/><D130/><U125/><E125/><V96/><F106/><W2/><G113/><T21/><D92/><U121/><E121/><V28/><F68/><AGARI ba="0,1" hai="4,11,13,23,25,29,61,66,68,76,80,85,101,103" machi="68" ten="30,3900,0" yaku="1,1,7,1,53,1" doraHai="15" doraHaiUra="67" who="1" fromWho="2" sc="237,0,174,49,217,-39,362,0" /><INIT seed="4,0,0,2,1,61" ten="237,223,178,362" oya="0" hai0="131,100,43,54,95,69,120,28,73,99,135,21,3" hai1="60,123,77,47,122,13,33,97,59,107,19,127,72" hai2="25,53,116,112,26,80,30,121,46,105,1,79,90" hai3="94,12,70,81,101,48,124,40,18,6,9,118,125"/><T38/><D120/><U71/><E71/><V84/><F121/><W31/><G118/><T85/><D73/><U106/><E33/><V14/><F1/><W36/><G36/><T119/><D119/><U39/><E127/><N who="3" m="48714" /><G31/><T0/><D135/><U113/><E113/><V11/><F105/><W109/><G109/><T111/><D111/><U23/><E77/><V86/><F112/><W96/><G81/><T76/><D131/><U117/><E72/><V16/><F116/><W115/><G70/><T57/><D69/><U41/><E117/><V55/><F46/><N who="3" m="25671" /><G115/><T91/><D76/><U66/><REACH who="1" step="1"/><E106/><REACH who="1" ten="237,213,178,362" step="2"/><V88/><F79/><W108/><G108/><T93/><D38/><U114/><E114/><V98/><F98/><W56/><G96/><T49/><D43/><U29/><E29/><V103/><F103/><AGARI ba="0,1" hai="13,19,23,39,41,47,59,60,66,97,103,107,122,123" machi="103" ten="40,2600,0" yaku="1,1,52,1,53,0" doraHai="61" doraHaiUra="129" who="1" fromWho="2" sc="237,0,213,36,178,-26,362,0" /><INIT seed="5,0,0,4,5,90" ten="237,249,152,362" oya="1" hai0="23,13,41,99,27,78,24,38,54,67,77,12,92" hai1="98,25,96,5,79,44,85,119,61,100,128,89,115" hai2="16,43,107,65,93,121,125,117,11,31,91,86,108" hai3="47,118,7,48,71,59,129,104,94,28,63,34,111"/><U6/><E119/><V133/><F117/><W49/><G118/><T88/><D67/><U109/><E115/><V22/><F107/><W3/><G104/><T124/><D124/><U58/><E128/><V106/><F106/><W21/><G129/><T116/><D116/><U19/><E79/><N who="0" m="30217" /><D38/><U112/><E44/><V105/><F105/><W123/><G123/><T95/><D41/><U122/><E112/><V30/><F121/><W127/><G127/><T84/><D54/><N who="1" m="34007" /><E109/><V80/><F125/><W81/><G111/><T135/><D135/><U102/><E122/><V0/><F133/><W10/><G34/><T4/><D4/><N who="1" m="1643" /><E25/><N who="0" m="9801" /><D23/><U42/><E19/><V20/><F108/><W97/><G71/><T131/><D131/><U36/><E42/><V29/><F43/><W130/><G21/><N who="2" m="8297" /><F0/><W68/><G3/><T72/><D72/><U8/><E8/><V37/><F37/><W14/><G10/><T46/><D46/><U45/><E45/><V87/><F65/><W70/><G130/><T132/><D132/><U134/><E36/><V35/><F35/><W110/><G110/><T55/><D55/><U76/><E134/><V62/><F62/><W113/><G63/><T56/><D56/><U15/><E15/><N who="2" m="7295" /><F30/><W2/><G28/><T9/><D9/><U52/><E52/><V69/><F69/><W75/><G68/><T82/><D82/><N who="1" m="49335" /><E76/><AGARI ba="0,0" hai="29,31,76,80,86,87,91,93" m="7295,8297" machi="76" ten="30,3900,0" yaku="8,1,52,1,54,1" doraHai="90" who="2" fromWho="1" sc="237,0,249,-39,152,39,362,0" /><INIT seed="6,0,0,4,2,132" ten="237,210,191,362" oya="2" hai0="70,16,100,120,74,102,22,76,9,69,68,118,31" hai1="126,18,135,124,91,72,5,7,101,4,48,12,29" hai2="66,117,43,83,75,37,114,98,82,99,30,55,8" hai3="106,23,105,116,127,39,115,10,56,24,110,32,58"/><V121/><F117/><W15/><G116/><T88/><D118/><U107/><E135/><V50/><F121/><W3/><G110/><T125/><D120/><U123/><E123/><V19/><F114/><W62/><G115/><T92/><D31/><U0/><E0/><V27/><F66/><W64/><G39/><T20/><D9/><U89/><E72/><V133/><F133/><W59/><G32/><T103/><D125/><N who="1" m="48235" /><E29/><V84/><F37/><W129/><G3/><T44/><D44/><U49/><E101/><V38/><F38/><W17/><G106/><T79/><D22/><N who="1" m="11591" /><E107/><V130/><F130/><W96/><G105/><T46/><D74/><U86/><E91/><N who="2" m="51607" /><F43/><W13/><G129/><T26/><REACH who="0" step="1"/><D46/><REACH who="0" ten="227,210,191,362" step="2"/><U71/><E71/><V53/><F75/><W25/><G127/><T41/><D41/><U61/><E61/><V52/><F50/><W128/><G62/><T112/><D112/><U94/><AGARI ba="0,1" hai="4,5,7,48,49,86,89,94" m="11591,48235" machi="94" ten="30,7900,0" yaku="18,1,52,3" doraHai="132" who="1" fromWho="1" sc="227,-20,210,89,191,-39,362,-20" /><INIT seed="7,0,0,0,3,88" ten="207,299,152,342" oya="3" hai0="31,105,125,43,72,27,61,12,121,78,52,94,106" hai1="114,131,83,118,37,115,56,36,54,8,96,126,35" hai2="0,20,99,30,97,44,109,64,66,57,103,7,112" hai3="60,113,15,2,91,120,135,80,86,92,38,23,16"/><W69/><G120/><T117/><D121/><U67/><E35/><V119/><F109/><W127/><G113/><N who="1" m="43018" /><E8/><V49/><F112/><W71/><G135/><T98/><D43/><U63/><E83/><V102/><F119/><W111/><G111/><T95/><D117/><U55/><E96/><V53/><F7/><W107/><G127/><T87/><D72/><U124/><E118/><V41/><F0/><W19/><G38/><N who="1" m="14954" /><E131/><V22/><F99/><W29/><G107/><T101/><D12/><U45/><E45/><V81/><F81/><W110/><G110/><T90/><D125/><AGARI ba="0,0" hai="54,55,56,63,67,124,125,126" m="14954,43018" machi="125" ten="40,8000,1" yaku="18,1,15,1,34,2" doraHai="88" who="1" fromWho="0" sc="207,-80,299,80,152,0,342,0" owari="127,-37.0,379,48.0,152,-25.0,342,14.0" /></mjloggm>