<mjloggm ver="2.3"><GO type="169" lobby="0"/><UN n0="%45%6E%64%54%47%65%6E%65" n1="%E3%82%A6%E3%83%AB%E3%83%88%E3%83%A9%E7%AB%8B%E7%9B%B4" n2="%4A%6F%75%72%6E%65%79" n3="%E3%82%AB%E3%83%9D%E3%83%8D%E5%9B%A3%E3%81%AE%E5%85%84%E8%B2%B4" dan="16,18,17,18" rate="2071.18,2250.10,2215.50,2173.36" sx="M,M,M,M"/><TAIKYOKU oya="0"/><INIT seed="0,0,0,5,3,26" ten="250,250,250,250" oya="0" hai0="82,106,27,131,121,64,115,90,0,103,74,128,66" hai1="84,53,112,42,23,101,1,117,114,85,7,13,81" hai2="92,61,125,102,51,95,46,77,109,124,88,15,65" hai3="75,133,120,63,98,11,72,47,35,93,122,40,96"/><T134/><D115/><N who="1" m="44075" /><E117/><V127/><F109/><W52/><G35/><T28/><D121/><N who="3" m="46697" /><G133/><T39/><D39/><U99/><E42/><V18/><F77/><W73/><G11/><T44/><D44/><U123/><E123/><V10/><F102/><W30/><G30/><T45/><D45/><U21/><E53/><N who="2" m="29943" /><F88/><N who="3" m="55335" /><G98/><N who="0" m="61815" /><D0/><U76/><E85/><V119/><F119/><W49/><G63/><T71/><D90/><U107/><E1/><V4/><F4/><W43/><AGARI ba="0,0" hai="40,43,47,49,52,72,73,75" m="55335,46697" machi="43" ten="40,5200,0" yaku="13,1,54,2" doraHai="26" who="3" fromWho="3" sc="250,-26,250,-13,250,-13,250,52" /><INIT seed="1,0,0,4,4,91" ten="224,237,237,302" oya="1" hai0="61,35,27,74,24,45,90,29,7,122,3,11,85" hai1="60,92,9,48,47,56,114,16,89,49,38,131,13" hai2="22,76,50,96,118,82,39,52,41,80,109,17,69" hai3="123,126,12,5,8,116,83,98,31,44,62,95,46"/><U87/><E131/><V53/><F118/><W127/><G123/><T19/><D74/><U33/><E114/><V14/><F69/><W132/><G132/><T93/><D122/><U66/><E33/><V111/><F39/><W120/><G120/><T37/><D61/><U20/><E38/><V134/><F134/><W6/><G116/><T124/><D124/><N who="3" m="47657" /><G31/><T72/><D72/><U135/><E135/><V79/><F41/><W10/><G83/><N who="2" m="31785" /><F96/><W23/><G62/><T106/><D106/><U86/><E86/><V4/><F4/><W51/><G23/><T75/><D75/><U18/><REACH who="1" step="1"/><E47/><REACH who="1" ten="224,227,237,302" step="2"/><V78/><F50/><W105/><G51/><T102/><D37/><U103/><E103/><V26/><F111/><W43/><G43/><T119/><D102/><U58/><E58/><V25/><F109/><W1/><G105/><T130/><D45/><U30/><E30/><V97/><F97/><W67/><G67/><T94/><D119/><U113/><E113/><V128/><F128/><W63/><G63/><T59/><D59/><U73/><E73/><V110/><F110/><W57/><G57/><T100/><D130/><U42/><E42/><V28/><F28/><W115/><G115/><T15/><D29/><U34/><E34/><V68/><F68/><W117/><G117/><T121/><D35/><U112/><E112/><V32/><F32/><W36/><G36/><T55/><D121/><U0/><E0/><V65/><F65/><W129/><G129/><T125/><D125/><U101/><E101/><AGARI ba="0,1" hai="1,5,6,8,10,12,44,46,95,98,101" m="47657" machi="101" ten="30,2000,0" yaku="18,1,52,1" doraHai="91" who="3" fromWho="1" sc="224,0,227,-20,237,0,302,30" /><INIT seed="2,0,0,1,4,107" ten="224,207,237,332" oya="2" hai0="110,15,23,111,49,17,98,25,0,73,115,34,122" hai1="81,57,11,131,132,52,68,116,1,77,3,30,19" hai2="28,129,22,125,76,50,16,106,103,58,127,99,41" hai3="86,65,51,2,29,97,91,36,74,100,124,120,55"/><V130/><F28/><W75/><G120/><T53/><D115/><U83/><E116/><V18/><F76/><W134/><G36/><T135/><D122/><U66/><E131/><N who="2" m="50187" /><F58/><W39/><G39/><T96/><D135/><U67/><E132/><V44/><F22/><W80/><G134/><T48/><D0/><U5/><E1/><V95/><F106/><W117/><G117/><T128/><D128/><U10/><E30/><V118/><F118/><W101/><G124/><AGARI ba="0,0" hai="16,18,41,44,50,95,99,103,124,125,127" m="50187" machi="124" ten="30,5800,0" yaku="18,1,19,1,54,1" doraHai="107" who="2" fromWho="3" sc="224,0,207,0,237,58,332,-58" /><INIT seed="2,1,0,0,1,28" ten="224,207,295,274" oya="2" hai0="47,34,109,61,72,4,5,42,90,44,70,25,8" hai1="114,118,19,9,31,29,57,117,11,113,91,121,22" hai2="85,54,107,102,10,120,32,80,49,122,99,33,95" hai3="53,77,43,7,65,60,98,16,96,111,35,92,27"/><V36/><F36/><W75/><G111/><T48/><D109/><U67/><E57/><V59/><F107/><W105/><G7/><T0/><D4/><U63/><E91/><V37/><F37/><W106/><G43/><T128/><D128/><U104/><E63/><V94/><F95/><W82/><G53/><T3/><D3/><U41/><E67/><V18/><F10/><W6/><G6/><T79/><D90/><U87/><E87/><V30/><F18/><W83/><G83/><T84/><D72/><U133/><E41/><V73/><F73/><W17/><G105/><T23/><D47/><U131/><E104/><V86/><F86/><W119/><G106/><T101/><D101/><U78/><E78/><V24/><REACH who="2" step="1"/><F33/><REACH who="2" ten="224,207,285,274" step="2"/><W40/><G35/><T21/><D34/><U132/><E19/><V115/><F115/><W89/><G17/><T69/><D84/><U81/><E81/><V134/><F134/><W1/><G16/><T88/><D8/><U64/><E22/><V126/><F126/><W97/><G92/><T112/><D23/><U74/><E74/><V76/><AGARI ba="1,1" hai="24,30,32,49,54,59,76,80,85,94,99,102,120,122" machi="76" ten="20,7800,0" yaku="1,1,0,1,7,1,52,1,53,0" doraHai="28" doraHaiUra="110" who="2" fromWho="2" sc="224,-27,207,-27,285,91,274,-27" /><INIT seed="2,2,0,5,1,38" ten="197,180,376,247" oya="2" hai0="41,0,84,6,95,90,22,118,55,49,85,122,108" hai1="10,54,98,53,71,19,58,14,76,106,100,13,15" hai2="45,83,59,123,57,104,26,117,31,68,110,99,56" hai3="60,65,64,36,114,32,67,112,77,69,43,78,9"/><V63/><F117/><W27/><G9/><T87/><D108/><U12/><E71/><V103/><F123/><W105/><G105/><T48/><D122/><U20/><E76/><V17/><F110/><W1/><G1/><T89/><D6/><U52/><REACH who="1" step="1"/><E10/><REACH who="1" ten="197,170,376,247" step="2"/><V127/><F68/><W126/><G78/><T47/><D118/><U5/><E5/><V88/><F127/><W24/><G77/><T92/><D0/><U29/><E29/><V39/><F31/><W91/><G126/><T131/><D131/><U102/><E102/><V35/><F103/><W44/><G91/><N who="0" m="34827" /><D22/><U4/><E4/><V97/><F88/><W46/><G32/><T37/><D37/><U21/><E21/><V7/><F39/><N who="3" m="21631" /><G24/><T129/><D129/><U11/><E11/><V8/><F26/><W134/><G27/><T121/><D121/><U34/><E34/><V113/><F8/><W82/><G82/><T75/><D75/><U94/><E94/><V61/><F83/><W125/><G125/><T120/><D120/><U132/><E132/><V28/><F7/><W135/><G135/><T80/><D80/><U2/><E2/><V16/><F28/><W72/><G72/><T42/><D95/><U3/><E3/><V62/><F35/><W101/><G101/><T130/><D92/><U133/><E133/><V25/><F25/><W119/><G134/><T107/><D130/><U109/><E109/><V51/><F104/><W93/><G93/><T23/><D23/><U81/><E81/><V70/><F17/><W111/><G111/><T74/><D74/><U66/><E66/><RYUUKYOKU ba="2,1" sc="197,-10,170,30,376,-10,247,-10" hai1="12,13,14,15,19,20,52,53,54,58,98,100,106" /><INIT seed="3,3,1,3,3,121" ten="187,200,366,237" oya="3" hai0="76,5,107,78,28,48,0,70,101,67,23,12,69" hai1="91,97,20,117,36,105,59,31,2,41,39,38,50" hai2="110,104,89,24,100,33,84,115,65,57,35,68,53" hai3="103,127,116,108,7,102,86,19,88,81,22,64,95"/><W14/><G116/><T9/><D69/><U11/><E117/><V46/><F115/><W1/><G127/><T131/><D131/><U63/><E50/><V122/><F122/><W71/><G108/><T15/><D48/><U43/><E2/><V45/><F110/><W32/><G32/><T129/><D129/><U3/><E3/><V52/><F68/><W83/><G71/><T93/><D107/><U55/><E11/><V82/><F65/><W90/><G64/><T66/><D70/><U85/><E31/><V96/><F53/><W40/><G40/><T126/><D126/><U21/><E43/><V56/><F56/><W8/><REACH who="3" step="1"/><G83/><REACH who="3" ten="187,200,366,227" step="2"/><T49/><D66/><U25/><E41/><V13/><F35/><W26/><G26/><N who="0" m="16479" /><D67/><U51/><E25/><V87/><F33/><W119/><G119/><T112/><D112/><U61/><E39/><V47/><F24/><W54/><G54/><T130/><D130/><U27/><E38/><V111/><F111/><W72/><G72/><T77/><D49/><U94/><E36/><V60/><F82/><W124/><G124/><T123/><D123/><U34/><E34/><V10/><REACH who="2" step="1"/><F89/><REACH who="2" ten="187,200,356,227" step="2"/><W44/><G44/><T42/><D42/><U135/><E27/><V79/><F79/><W58/><G58/><T98/><D78/><U92/><E59/><V30/><F30/><W29/><G29/><T99/><D77/><U118/><E118/><V125/><F125/><W113/><G113/><T4/><D76/><U75/><E91/><V134/><F134/><W62/><G62/><N who="1" m="23562" /><E135/><V74/><F74/><W80/><G80/><RYUUKYOKU ba="3,3" sc="187,-15,200,-15,356,15,227,15" hai2="10,13,45,46,47,52,57,60,84,87,96,100,104" hai3="1,7,8,14,19,22,81,86,88,90,95,102,103" /><INIT seed="3,4,3,0,4,95" ten="172,185,371,242" oya="3" hai0="103,45,74,77,15,62,27,91,36,32,35,82,0" hai1="37,86,11,25,33,71,3,53,127,87,83,26,84" hai2="49,70,72,98,134,89,14,115,19,55,112,101,78" hai3="16,59,118,64,66,21,17,46,56,75,7,60,119"/><W90/><G7/><T94/><D0/><U51/><E37/><V85/><F70/><W44/><G75/><T76/><D76/><U124/><E71/><V1/><F1/><W2/><G2/><T22/><D103/><U122/><E122/><V54/><F134/><W28/><G28/><T13/><D35/><U92/><E92/><V116/><F116/><W88/><G21/><T47/><D32/><U81/><E11/><V80/><F55/><W128/><G60/><T130/><D130/><AGARI ba="4,3" hai="16,17,44,46,56,59,64,66,88,90,118,119,128,130" machi="130" ten="25,9600,0" yaku="22,2,54,2" doraHai="95" who="3" fromWho="0" sc="172,-108,185,0,371,0,242,138" /><INIT seed="3,5,0,2,1,10" ten="64,185,371,380" oya="3" hai0="12,30,27,47,51,100,5,86,90,57,41,124,52" hai1="103,88,122,33,24,134,11,116,26,0,73,1,50" hai2="8,84,79,81,130,131,132,75,40,92,115,31,46" hai3="113,21,55,101,35,119,19,107,9,45,106,91,16"/><W67/><G113/><T123/><D123/><U14/><E73/><V39/><F115/><W114/><G114/><T32/><D124/><U83/><E122/><V69/><F69/><W98/><G119/><T126/><D126/><U62/><E103/><V68/><F68/><W63/><G35/><T36/><D100/><U93/><E83/><V66/><F66/><W105/><G91/><T77/><D77/><U80/><E80/><V59/><F59/><W76/><G76/><T82/><REACH who="0" step="1"/><D5/><REACH who="0" ten="54,185,371,380" step="2"/><N who="1" m="3439" /><E116/><V104/><F79/><W64/><G106/><T61/><D61/><U110/><E62/><V74/><F104/><W18/><G105/><T127/><D127/><U48/><E134/><V25/><F132/><W15/><G67/><T125/><D125/><U3/><E110/><V54/><F131/><W22/><G64/><T118/><D118/><U85/><E33/><V6/><F130/><W38/><G63/><T4/><D4/><U112/><E112/><V97/><F6/><W94/><G107/><T78/><D78/><U23/><E1/><V34/><F75/><W109/><G109/><T71/><D71/><U102/><E0/><V43/><F74/><W120/><G120/><T72/><D72/><U99/><E3/><V56/><F39/><W65/><G65/><T129/><D129/><U17/><E102/><V87/><F40/><W44/><G38/><T128/><D128/><U42/><E42/><V96/><F43/><W133/><G133/><T60/><D60/><U117/><E117/><V29/><F54/><W20/><G55/><T49/><D49/><U89/><E50/><RYUUKYOKU ba="5,1" sc="54,15,185,-15,371,-15,380,15" hai0="12,27,30,32,36,41,47,51,52,57,82,86,90" hai3="9,15,16,18,19,20,21,22,44,45,94,98,101" /><INIT seed="3,6,1,0,5,3" ten="69,170,356,395" oya="3" hai0="119,102,8,83,48,2,135,23,77,0,131,40,73" hai1="52,134,91,27,57,69,89,63,42,78,129,109,122" hai2="21,7,4,130,16,65,112,32,34,54,19,36,58" hai3="51,72,11,125,49,62,103,128,120,20,71,38,93"/><W116/><G116/><T5/><D119/><U133/><E122/><V13/><F112/><W79/><G38/><T121/><D121/><U22/><E109/><V92/><F36/><W84/><G120/><T106/><D131/><U70/><E78/><V123/><F123/><W60/><G72/><T110/><D110/><U115/><E42/><V107/><F107/><W35/><G35/><T94/><D135/><N who="1" m="51723" /><E129/><V59/><F130/><W39/><G39/><T55/><D40/><U87/><E115/><V117/><F34/><W37/><G37/><T29/><D106/><U46/><E46/><V17/><F32/><W18/><G79/><T25/><D102/><U126/><E126/><V108/><F108/><W68/><G103/><T104/><D104/><U75/><E75/><V14/><F19/><W33/><G18/><T74/><D74/><U80/><E91/><V90/><F65/><W85/><G33/><T64/><D64/><U98/><E98/><N who="2" m="57623" /><F117/><W95/><G125/><T124/><D124/><U99/><E99/><V81/><F81/><W50/><G128/><T15/><REACH who="0" step="1"/><D94/><REACH who="0" ten="59,170,356,395" step="2"/><U76/><E76/><V56/><F54/><W132/><G132/><T61/><D61/><U82/><E82/><V96/><F96/><W24/><G62/><T9/><D9/><AGARI ba="6,2" hai="4,7,9,13,14,16,17,21,56,58,59" m="57623" machi="9" ten="30,7700,0" yaku="8,1,52,2,54,1" doraHai="3" who="2" fromWho="0" sc="59,-95,170,0,356,115,395,0" owari="-36,-54.0,170,-23.0,471,57.0,395,20.0" /></mjloggm>