<mjloggm ver="2.3"><GO type="169" lobby="0"/><UN n0="%63%6F%62%65%68%6F%70%65" n1="%63%72%69%74%74%65%72" n2="%E3%82%A6%E3%83%AB%E3%83%88%E3%83%A9%E7%AB%8B%E7%9B%B4" n3="%74%73%75%72%75%68%6F" dan="16,17,18,17" rate="2163.06,2202.52,2226.78,2172.37" sx="M,M,M,M"/><TAIKYOKU oya="0"/><INIT seed="0,0,0,4,5,135" ten="250,250,250,250" oya="0" hai0="79,63,2,99,39,37,121,110,71,26,130,105,30" hai1="18,64,48,46,34,56,82,35,133,49,32,13,3" hai2="1,36,85,58,96,124,10,76,132,123,90,59,33" hai3="80,43,51,93,24,81,106,103,6,29,101,118,86"/><T47/><D121/><U61/><E133/><V129/><F123/><W25/><G118/><T125/><D2/><U115/><E3/><V75/><F33/><W98/><G6/><T11/><D11/><U74/><E115/><V131/><F132/><W27/><G106/><T88/><D79/><U17/><E49/><V114/><F114/><W78/><G80/><T95/><D130/><U91/><E13/><V104/><F36/><W120/><G120/><T65/><D110/><U111/><E111/><V122/><F122/><W84/><G84/><T77/><D77/><U53/><E74/><V40/><F40/><W83/><G83/><T0/><D0/><U20/><E20/><V108/><F108/><W119/><G119/><T19/><D19/><U54/><E54/><V21/><F10/><W112/><G112/><T57/><D57/><U55/><E55/><V117/><F1/><W5/><G5/><T60/><D60/><U62/><E62/><V31/><F58/><W100/><REACH who="3" step="1"/><G29/><REACH who="3" ten="250,250,250,240" step="2"/><T109/><D109/><U87/><AGARI ba="0,1" hai="17,18,32,34,35,46,48,53,56,61,64,82,87,91" machi="87" ten="40,1500,0" yaku="0,1" doraHai="135" who="1" fromWho="1" sc="250,-7,250,25,250,-4,240,-4" /><INIT seed="1,0,0,3,5,15" ten="243,275,246,236" oya="1" hai0="49,48,103,132,129,75,26,106,105,112,113,54,81" hai1="31,44,94,101,97,2,89,95,8,77,120,116,134" hai2="125,27,5,114,108,29,19,104,18,58,110,52,38" hai3="123,1,50,0,53,42,11,99,7,84,107,21,16"/><U98/><E120/><V40/><F104/><W119/><G123/><T4/><D4/><U60/><E116/><V33/><F5/><W3/><G119/><T128/><D26/><U130/><E130/><V87/><F125/><W59/><G42/><T135/><D54/><U28/><E134/><V17/><F114/><W133/><G133/><N who="0" m="51275" /><D49/><U71/><E77/><V124/><F124/><W6/><G6/><T55/><D55/><U86/><E44/><V74/><F74/><W131/><G131/><N who="0" m="50251" /><D48/><U30/><E86/><V32/><F87/><W45/><G45/><T56/><D56/><U10/><REACH who="1" step="1"/><E2/><REACH who="1" ten="243,265,246,236" step="2"/><V34/><F38/><W109/><G84/><T79/><D105/><U111/><E111/><N who="2" m="42539" /><F40/><W51/><G109/><T72/><D72/><U121/><E121/><V96/><F96/><AGARI ba="0,1" hai="75,79,81,96,103,106,112,113" m="50251,51275" machi="96" ten="30,8000,1" yaku="20,1,19,1,23,1,34,2" doraHai="15" who="0" fromWho="2" sc="243,90,265,0,246,-80,236,0" /><INIT seed="2,0,0,3,1,38" ten="333,265,166,236" oya="2" hai0="1,61,56,79,13,65,25,115,130,55,112,49,73" hai1="114,119,34,92,70,126,40,44,122,84,0,42,83" hai2="89,35,51,131,11,78,23,8,110,127,26,45,135" hai3="95,18,43,59,99,93,85,102,60,67,3,5,88"/><V125/><F78/><W10/><REACH who="3" step="1"/><G18/><REACH who="3" ten="333,265,166,226" step="2"/><T109/><D115/><U19/><E114/><V103/><F131/><W17/><G17/><T105/><D112/><U75/><E19/><N who="2" m="12671" /><F135/><W47/><G47/><T76/><D130/><U46/><E44/><V94/><F110/><W98/><G98/><T39/><D109/><U27/><E46/><V48/><F35/><W108/><G108/><T57/><D73/><U29/><E34/><V54/><F103/><W33/><G33/><T90/><D39/><U36/><E36/><V81/><F51/><W129/><G129/><T106/><D49/><U21/><E119/><V53/><F127/><W123/><G123/><T74/><D74/><U50/><E122/><V2/><F125/><W86/><G86/><T12/><D61/><U97/><E126/><V4/><F48/><W71/><G71/><T30/><D30/><U72/><E70/><V116/><F45/><W80/><G80/><T7/><D57/><U68/><E68/><V41/><F81/><W77/><G77/><T107/><D76/><N who="1" m="46183" /><E72/><V87/><F116/><W101/><G101/><T128/><D79/><U28/><E75/><V82/><F82/><W6/><G6/><T113/><D7/><U96/><E50/><V52/><F41/><AGARI ba="0,1" hai="3,5,10,41,43,59,60,67,85,88,93,95,99,102" machi="41" ten="40,8000,1" yaku="21,2,52,2,54,1,53,0" doraHai="38" doraHaiUra="132" who="3" fromWho="2" sc="333,0,265,0,166,-80,226,90" /><INIT seed="3,0,0,3,0,112" ten="333,265,86,316" oya="3" hai0="79,13,123,121,73,1,110,125,115,56,21,32,46" hai1="62,100,126,44,65,43,45,134,130,63,57,132,52" hai2="96,19,24,12,102,77,85,20,28,133,14,55,67" hai3="118,41,39,68,69,71,101,47,0,88,38,122,10"/><W37/><G101/><T128/><D56/><N who="1" m="37095" /><E100/><V104/><F133/><N who="1" m="51305" /><E126/><V17/><F67/><W25/><G122/><T87/><D125/><U60/><E130/><V83/><F55/><W9/><G25/><T27/><D1/><U74/><E74/><V103/><F103/><W76/><G76/><T105/><D32/><U18/><E18/><V15/><REACH who="2" step="1"/><F19/><REACH who="2" ten="333,265,76,316" step="2"/><W51/><G69/><T16/><D16/><U119/><E43/><V78/><F78/><W108/><G71/><T50/><D79/><U107/><E107/><V11/><AGARI ba="0,1" hai="11,12,14,15,17,20,24,28,77,83,85,96,102,104" machi="11" ten="20,5200,0" yaku="1,1,0,1,7,1,53,1" doraHai="112" doraHaiUra="81" who="2" fromWho="2" sc="333,-13,265,-13,76,62,316,-26" /><INIT seed="4,0,0,1,0,8" ten="320,252,138,290" oya="0" hai0="15,36,110,23,10,89,48,103,44,21,120,85,33" hai1="30,109,97,123,13,112,43,46,56,54,66,38,41" hai2="34,9,94,70,29,2,129,77,119,67,117,91,99" hai3="68,26,17,60,134,131,27,79,87,122,3,24,78"/><T59/><D120/><U4/><E109/><V104/><F129/><W25/><G3/><T98/><D33/><U62/><E123/><V20/><F34/><W81/><G122/><T90/><D59/><U32/><E112/><V14/><F77/><W55/><G131/><T126/><D36/><U53/><E32/><V7/><F104/><W132/><G79/><T128/><D126/><U19/><E30/><V121/><F121/><W61/><G68/><T5/><D110/><U107/><E4/><V84/><F70/><W28/><G17/><T73/><D73/><U72/><E43/><V101/><F67/><W111/><G111/><T76/><D128/><U115/><E72/><V95/><REACH who="2" step="1"/><F2/><REACH who="2" ten="320,252,128,290" step="2"/><W51/><G134/><T82/><D89/><U127/><E127/><V118/><F118/><W11/><G132/><T0/><D90/><U135/><E135/><V96/><F96/><W47/><G28/><T130/><D0/><U100/><REACH who="1" step="1"/><E115/><REACH who="1" ten="320,242,128,290" step="2"/><V52/><F52/><W108/><G55/><T74/><D130/><U58/><E58/><V31/><F31/><W80/><G108/><T113/><D113/><U42/><E42/><V86/><F86/><W37/><G87/><T49/><D74/><U50/><E50/><V83/><F83/><W93/><G51/><T12/><D49/><U92/><E92/><V6/><F6/><W88/><G81/><T102/><D48/><U105/><E105/><V64/><F64/><W114/><G80/><T16/><D44/><U69/><E69/><V116/><F116/><W18/><G114/><T65/><D82/><U125/><E125/><RYUUKYOKU ba="0,2" sc="320,-15,242,15,128,15,290,-15" hai1="13,19,38,41,46,53,54,56,62,66,97,100,107" hai2="7,9,14,20,29,84,91,94,95,99,101,117,119" /><INIT seed="5,1,2,1,0,42" ten="305,257,143,275" oya="1" hai0="58,50,33,64,120,108,30,105,84,38,8,53,54" hai1="10,128,75,24,80,47,124,135,91,12,131,86,6" hai2="92,39,31,59,72,32,27,71,67,107,110,13,102" hai3="29,132,90,65,129,114,7,43,95,133,122,57,66"/><U55/><E124/><V81/><F59/><W79/><G122/><T22/><D108/><U2/><E135/><N who="3" m="51786" /><G114/><T45/><D105/><U25/><E75/><V101/><F92/><W118/><G118/><T78/><D33/><U34/><E2/><V56/><F56/><W61/><G129/><N who="1" m="49738" /><E34/><V44/><F102/><W94/><G79/><T68/><D38/><U14/><E14/><V88/><F88/><W70/><G29/><T60/><D120/><U126/><E126/><V23/><F110/><W83/><G7/><T9/><D68/><U28/><E28/><V62/><F23/><W111/><G111/><T63/><D63/><U134/><E134/><V103/><F13/><W127/><G43/><T93/><D54/><U97/><E97/><N who="2" m="61871" /><F103/><W73/><G127/><T119/><D119/><U21/><E21/><V41/><F81/><W104/><G104/><T52/><D64/><U1/><E12/><V112/><F112/><W35/><G35/><T123/><D123/><U51/><AGARI ba="1,2" hai="1,6,10,24,25,47,51,55,80,86,91" m="49738" machi="51" ten="30,3000,0" yaku="19,1,52,1" doraHai="42" who="1" fromWho="1" sc="305,-11,257,53,143,-11,275,-11" /><INIT seed="5,2,0,0,5,22" ten="294,310,132,264" oya="1" hai0="38,49,20,94,87,39,79,24,2,118,115,116,13" hai1="73,3,16,14,53,71,58,86,59,10,95,48,21" hai2="125,26,18,109,132,17,11,103,0,104,89,93,128" hai3="70,25,42,78,100,130,72,68,9,101,112,80,96"/><U28/><E71/><V52/><F109/><W32/><G112/><T57/><D2/><U92/><E73/><V61/><F128/><W110/><G110/><T43/><D115/><U40/><E40/><V119/><F119/><W133/><G130/><T7/><D39/><U41/><E41/><V27/><F104/><W131/><G131/><T50/><D38/><U56/><E95/><V4/><F103/><W69/><G133/><T98/><D116/><U15/><E3/><V85/><F125/><W105/><G100/><T82/><D57/><U90/><E28/><V51/><F61/><W99/><G99/><T23/><D118/><U54/><E54/><V6/><F132/><W81/><G81/><T5/><D23/><U29/><E29/><V84/><F84/><W44/><G9/><N who="0" m="4271" /><D7/><AGARI ba="2,0" hai="7,10,14,15,16,21,48,53,56,58,59,86,90,92" machi="7" ten="30,12000,1" yaku="7,1,25,2,8,1,54,1" doraHai="22" who="1" fromWho="0" sc="294,-126,310,126,132,0,264,0" /><INIT seed="5,3,0,3,5,15" ten="168,436,132,264" oya="1" hai0="131,8,61,132,58,77,50,55,76,46,103,113,95" hai1="41,4,74,1,128,56,68,27,81,42,39,6,36" hai2="70,33,21,17,94,12,47,114,87,28,3,37,64" hai3="130,35,126,91,57,112,44,96,59,106,92,7,127"/><U104/><E68/><V123/><F123/><W69/><G69/><T117/><D117/><U24/><E104/><V20/><F70/><W54/><G35/><T40/><D113/><U5/><E1/><V116/><F116/><W108/><G108/><T9/><D131/><U85/><E74/><V75/><F75/><W45/><G112/><T34/><D34/><U48/><E128/><V71/><F71/><W89/><G130/><T10/><D132/><U65/><E36/><V63/><F3/><W86/><G7/><T0/><D0/><U38/><E38/><V100/><F33/><W133/><G133/><T111/><D111/><U99/><E99/><AGARI ba="3,0" hai="8,9,10,40,46,50,55,58,61,76,77,95,99,103" machi="99" ten="40,1300,0" yaku="8,1" doraHai="15" who="0" fromWho="1" sc="168,22,436,-22,132,0,264,0" /><INIT seed="6,0,0,1,2,48" ten="190,414,132,264" oya="2" hai0="32,27,11,129,80,61,65,66,17,8,2,96,22" hai1="120,31,46,84,70,134,64,4,50,105,91,119,112" hai2="14,19,16,106,44,72,124,41,78,104,1,117,88" hai3="132,21,125,6,47,15,99,58,101,39,28,77,18"/><V127/><F117/><W92/><G132/><T43/><D129/><U38/><E119/><V71/><F1/><W128/><G128/><T29/><D43/><U3/><E134/><V110/><F71/><W12/><G125/><N who="2" m="48201" /><F78/><W7/><G77/><T57/><D80/><U86/><E38/><N who="2" m="21559" /><F72/><W35/><G35/><T49/><D49/><U103/><E50/><V59/><F110/><W23/><G39/><T100/><D65/><U60/><E3/><V26/><F59/><W93/><G47/><T76/><D76/><U113/><E46/><V85/><F26/><W25/><G58/><T53/><D66/><U55/><E64/><V135/><F135/><W115/><G115/><T10/><D2/><U67/><E67/><V45/><F45/><W83/><G83/><T126/><D126/><U98/><E70/><V107/><F14/><W68/><G68/><T102/><REACH who="0" step="1"/><D96/><REACH who="0" ten="180,414,132,264" step="2"/><U95/><E112/><V133/><F133/><W37/><G37/><T69/><D69/><U75/><E98/><V56/><F56/><W118/><G118/><T63/><D63/><U82/><E60/><V81/><AGARI ba="0,1" hai="16,19,81,85,88,104,106,107" m="21559,48201" machi="81" ten="40,7800,0" yaku="18,1,54,2" doraHai="48" who="2" fromWho="2" sc="180,-26,414,-26,132,88,264,-26" /><INIT seed="6,1,0,0,5,89" ten="154,388,220,238" oya="2" hai0="78,95,73,17,93,112,98,53,68,83,130,134,67" hai1="115,94,70,52,32,118,37,85,31,64,82,132,9" hai2="55,120,49,128,60,2,110,86,0,25,92,100,56" hai3="97,40,99,62,24,43,59,127,36,123,76,19,131"/><V114/><F120/><W7/><G123/><T66/><D68/><U28/><E118/><V15/><F114/><W113/><G7/><T111/><D111/><U16/><E115/><V71/><F128/><W58/><G113/><T11/><D112/><U3/><E37/><V1/><F110/><W108/><G108/><T10/><D130/><U5/><E132/><V34/><F15/><W119/><G119/><T84/><D134/><U13/><E32/><V47/><F71/><W117/><G117/><T50/><D73/><U14/><E3/><V135/><F135/><W35/><G76/><T38/><D38/><U90/><E70/><V88/><F100/><W27/><G36/><T42/><D42/><U22/><E64/><V91/><F91/><W6/><G6/><T121/><D121/><U63/><E82/><V80/><F80/><W116/><G116/><T125/><D125/><U45/><E45/><V109/><F109/><W41/><G127/><T129/><D129/><U69/><E69/><V30/><REACH who="2" step="1"/><F0/><REACH who="2" ten="154,388,210,238" step="2"/><W133/><G131/><T12/><D11/><U104/><E14/><V46/><F46/><W103/><G103/><N who="0" m="60879" /><D95/><U26/><E104/><V8/><F8/><W39/><G39/><T102/><D102/><U74/><E94/><V105/><F105/><W75/><G133/><T124/><D124/><U51/><E13/><V81/><F81/><W4/><G24/><T107/><D107/><U48/><E26/><V18/><F18/><W57/><G4/><T96/><D96/><N who="3" m="36937" /><G19/><T122/><D122/><U33/><E16/><V79/><F79/><W23/><G27/><RYUUKYOKU ba="1,1" sc="154,15,388,-15,210,15,238,-15" hai0="10,12,17,50,53,66,67,78,83,84" hai2="1,2,25,30,34,47,49,55,56,60,86,88,92" /><INIT seed="6,2,1,0,2,56" ten="169,373,225,223" oya="2" hai0="134,22,8,9,23,30,12,77,29,93,24,107,98" hai1="27,47,127,76,95,67,39,94,26,69,52,70,66" hai2="108,50,113,117,46,68,120,16,44,81,31,61,36" hai3="99,84,111,55,110,74,124,126,3,6,57,119,18"/><V20/><F117/><W53/><G74/><T103/><D134/><U1/><E1/><V51/><F120/><W132/><G119/><T28/><D107/><U5/><E127/><N who="3" m="48682" /><G132/><T88/><D103/><U17/><E5/><V96/><F31/><N who="0" m="11850" /><D77/><U130/><E130/><V90/><F113/><W116/><G116/><T41/><D41/><U87/><E39/><V48/><F108/><W62/><G18/><AGARI ba="2,1" hai="8,9,12,18,22,23,24,30,88,93,98" m="11850" machi="18" ten="30,2000,0" yaku="8,1,54,1" doraHai="56" who="0" fromWho="3" sc="169,36,373,0,225,0,223,-26" /><INIT seed="7,0,0,4,4,86" ten="205,373,225,197" oya="3" hai0="53,90,33,64,25,120,32,58,9,100,13,83,40" hai1="108,115,98,117,36,34,105,8,91,123,50,24,134" hai2="104,112,128,74,99,35,4,106,107,59,135,96,68" hai3="1,63,78,118,6,66,20,81,130,15,5,82,38"/><W3/><G118/><T29/><D120/><U122/><E98/><V85/><F68/><W109/><G38/><T11/><D33/><U103/><E103/><V94/><F35/><W55/><G130/><T44/><D64/><U121/><E91/><V126/><F59/><W16/><G109/><T52/><D100/><U39/><E50/><V54/><F54/><W95/><G55/><T77/><D90/><U69/><E8/><V28/><F135/><W56/><G95/><T88/><D88/><U67/><E24/><V65/><F99/><W70/><G70/><T127/><D127/><U41/><E41/><V12/><F96/><W0/><REACH who="3" step="1"/><G81/><REACH who="3" ten="205,373,225,187" step="2"/><T31/><D53/><U72/><E36/><V48/><F128/><W73/><AGARI ba="0,1" hai="0,1,3,5,6,15,16,20,56,63,66,73,78,82" machi="73" ten="30,11700,0" yaku="1,1,2,1,0,1,54,1,53,0" doraHai="86" doraHaiUra="7" who="3" fromWho="3" sc="205,-39,373,-39,225,-39,187,127" /><INIT seed="7,1,0,1,0,126" ten="166,334,186,314" oya="3" hai0="62,27,130,102,121,13,72,119,70,68,48,14,113" hai1="73,112,66,7,15,21,6,84,127,56,85,107,86" hai2="33,42,11,71,128,10,54,50,18,120,49,5,32" hai3="125,122,52,118,4,16,38,67,12,69,98,60,35"/><W40/><G118/><T90/><D119/><U92/><E127/><V3/><F71/><W78/><G125/><T106/><D72/><U100/><E107/><V24/><F128/><W31/><G122/><T43/><D121/><U0/><E0/><V44/><F120/><W53/><G4/><N who="1" m="1578" /><E73/><V108/><F108/><W46/><G78/><T17/><D68/><U25/><E112/><V2/><F2/><W99/><G31/><T26/><D90/><U101/><E15/><V77/><F77/><W61/><G35/><T131/><D14/><U96/><E101/><V55/><F42/><W9/><REACH who="3" step="1"/><G52/><REACH who="3" ten="166,334,186,304" step="2"/><T74/><D113/><U115/><E115/><V8/><F33/><W20/><G20/><T30/><D74/><U135/><E135/><V23/><F32/><W37/><G37/><T123/><D123/><U28/><E56/><AGARI ba="1,1" hai="3,5,8,10,11,18,23,24,44,49,50,54,55,56" machi="56" ten="30,1000,0" yaku="7,1" doraHai="126" who="2" fromWho="1" sc="166,0,334,-13,186,23,304,0" /><AGARI ba="1,0" hai="9,12,16,38,40,46,53,56,60,61,67,69,98,99" machi="56" ten="40,3900,0" yaku="1,1,54,1,53,0" doraHai="126" doraHaiUra="87" who="3" fromWho="1" sc="166,0,321,-39,209,0,304,39" owari="166,-33.0,282,8.0,209,-19.0,343,44.0" /></mjloggm>