<mjloggm ver="2.3"><GO type="169" lobby="0"/><UN n0="%E8%8A%B1%E6%A1%9C%E9%87%8C" n1="%79%61%63%68%69%33%35%38" n2="%E3%82%A6%E3%83%AB%E3%83%88%E3%83%A9%E7%AB%8B%E7%9B%B4" n3="%E3%81%84%E3%81%84%E7%AC%91%E9%A1%94" dan="17,18,18,16" rate="2197.52,2222.36,2243.50,2113.52" sx="M,M,M,F"/><TAIKYOKU oya="0"/><INIT seed="0,0,0,2,1,34" ten="250,250,250,250" oya="0" hai0="37,60,26,53,122,41,119,67,42,23,6,103,18" hai1="110,99,65,70,4,57,12,10,94,54,105,129,77" hai2="125,98,43,51,19,101,86,84,126,115,17,133,109" hai3="49,0,130,116,102,24,1,132,55,68,135,88,124"/><T72/><D122/><U97/><E110/><V15/><F115/><W63/><G116/><T80/><D119/><U16/><E129/><V108/><F43/><W71/><G130/><T92/><D37/><U7/><E77/><V82/><F51/><W79/><G124/><N who="2" m="47721" /><F17/><W28/><G102/><T111/><D111/><N who="2" m="42570" /><F133/><N who="3" m="51275" /><G79/><T47/><D72/><U20/><E70/><N who="3" m="26666" /><G88/><T62/><D80/><U127/><E65/><V33/><F33/><N who="3" m="20615" /><G63/><T106/><D62/><N who="1" m="36151" /><E105/><N who="2" m="63671" /><F82/><W121/><G121/><T36/><D60/><U59/><E127/><V14/><F14/><W73/><G73/><T52/><D67/><U104/><E59/><AGARI ba="0,0" hai="0,1,49,55,59" m="20615,26666,51275" machi="59" ten="30,3900,0" yaku="20,1,52,2" doraHai="34" who="3" fromWho="1" sc="250,0,250,-39,250,0,250,39" /><INIT seed="1,0,0,2,1,128" ten="250,211,250,289" oya="1" hai0="32,114,134,51,80,30,48,62,37,18,61,12,126" hai1="94,90,14,16,103,77,105,23,131,39,96,9,106" hai2="64,67,2,83,60,125,99,86,26,34,115,93,102" hai3="88,65,31,72,95,53,112,101,73,76,68,92,29"/><U91/><E131/><V130/><F130/><W121/><G121/><T70/><D37/><U81/><E39/><V3/><F125/><W110/><G110/><T113/><D126/><U57/><E57/><V41/><F115/><W89/><G112/><T28/><D80/><U109/><E109/><V38/><F67/><W69/><G65/><T100/><D100/><U10/><E106/><V43/><F43/><W24/><G24/><T55/><D12/><U124/><E124/><V52/><F41/><W35/><G101/><T11/><D11/><U133/><E133/><V59/><F38/><W135/><G53/><T123/><D55/><U116/><E116/><V25/><F25/><W79/><G35/><T85/><D32/><U98/><REACH who="1" step="1"/><E91/><REACH who="1" ten="250,201,250,289" step="2"/><V117/><F117/><W7/><G7/><T82/><D134/><AGARI ba="0,1" hai="29,31,68,69,72,73,76,79,88,89,92,95,134,135" machi="134" ten="25,8000,1" yaku="22,2,52,2,54,1" doraHai="128" who="3" fromWho="0" sc="250,-80,201,0,250,0,289,90" /><INIT seed="2,0,0,5,4,104" ten="170,201,250,379" oya="2" hai0="88,73,64,96,68,82,46,0,108,50,74,60,93" hai1="19,63,22,80,54,98,126,135,42,130,59,51,132" hai2="29,3,106,105,87,2,56,109,90,7,16,48,69" hai3="127,28,110,94,11,8,124,134,117,39,24,20,23"/><V102/><F69/><W119/><G39/><T95/><D0/><U114/><E114/><V14/><F29/><W65/><G65/><T70/><D108/><U43/><E126/><N who="3" m="48170" /><G94/><T76/><D95/><U1/><E1/><V6/><F109/><W83/><G83/><T25/><D25/><U9/><E9/><N who="3" m="3658" /><G110/><T13/><D13/><U58/><E130/><V99/><F106/><W26/><G134/><T133/><D133/><U78/><E132/><V86/><F2/><W120/><G120/><T57/><REACH who="0" step="1"/><D74/><REACH who="0" ten="160,201,250,379" step="2"/><U30/><E135/><V75/><F75/><W125/><G125/><T111/><D111/><U12/><E30/><AGARI ba="0,1" hai="20,23,24,26,28,30,117,119" m="3658,48170" machi="30" ten="30,3900,0" yaku="18,1,34,2" doraHai="104" who="3" fromWho="1" sc="160,0,201,-39,250,0,379,49" /><INIT seed="3,0,0,4,5,83" ten="160,162,250,428" oya="3" hai0="123,104,84,69,28,88,117,105,80,67,71,72,62" hai1="43,37,81,18,14,24,46,95,29,98,97,85,112" hai2="60,87,125,42,61,12,53,8,11,45,65,7,107" hai3="120,19,40,77,16,113,79,26,54,73,44,25,20"/><W49/><G113/><T135/><D123/><U129/><E129/><V58/><F107/><W133/><G120/><T106/><D117/><U17/><E112/><V5/><F125/><W78/><G73/><T110/><D110/><U76/><E14/><V51/><F87/><W93/><G133/><T52/><D135/><U9/><E9/><V27/><F27/><W57/><G93/><T23/><D72/><U128/><E128/><V22/><F22/><W114/><G114/><T10/><D10/><U1/><E1/><V94/><F94/><W102/><G102/><T41/><D41/><U89/><REACH who="1" step="1"/><E98/><REACH who="1" ten="160,152,250,428" step="2"/><V6/><REACH who="2" step="1"/><F11/><REACH who="2" ten="160,152,240,428" step="2"/><W96/><G96/><T68/><D23/><AGARI ba="0,2" hai="17,18,23,24,29,37,43,46,76,81,85,89,95,97" machi="23" ten="30,7700,0" yaku="1,1,2,1,7,1,52,1,53,0" doraHai="83" doraHaiUra="99" who="1" fromWho="0" sc="160,-77,152,97,240,0,428,0" /><INIT seed="4,0,0,4,4,89" ten="83,249,240,428" oya="0" hai0="78,50,25,40,61,135,66,74,128,119,47,46,75" hai1="82,30,6,26,1,104,123,4,105,113,44,72,96" hai2="88,45,126,99,29,24,5,116,112,86,36,14,59" hai3="21,60,120,110,70,117,16,52,101,27,58,130,33"/><T125/><D119/><U81/><E123/><V28/><F112/><W111/><G117/><T51/><D128/><U9/><E113/><V131/><F131/><W63/><G130/><T77/><D135/><U32/><E6/><V2/><F2/><W68/><G120/><T71/><D25/><U8/><E8/><V73/><F73/><W11/><G33/><T34/><D34/><U42/><E96/><V20/><F126/><W39/><G39/><T65/><D125/><U38/><E82/><V103/><F59/><W93/><G11/><T64/><D75/><U56/><E56/><V87/><F87/><W49/><G63/><T41/><D74/><U127/><E127/><V15/><F29/><W91/><G101/><T76/><AGARI ba="0,0" hai="40,41,46,47,50,51,61,64,65,66,71,76,77,78" machi="76" ten="30,3000,0" yaku="0,1,9,1" doraHai="89" who="0" fromWho="0" sc="83,30,249,-10,240,-10,428,-10" /><INIT seed="4,1,0,0,4,29" ten="113,239,230,418" oya="0" hai0="21,109,133,117,20,102,128,83,91,111,107,51,85" hai1="120,14,40,130,67,66,1,6,3,74,103,82,77" hai2="47,126,110,39,127,45,19,52,11,8,26,62,55" hai3="44,38,30,97,18,118,9,94,123,41,61,101,116"/><T43/><D117/><U134/><E120/><V119/><F110/><N who="0" m="41994" /><D128/><U32/><E130/><V53/><F119/><W93/><G123/><T99/><D133/><U78/><E103/><V60/><F26/><W124/><G124/><N who="2" m="47657" /><F19/><W81/><G30/><T129/><D129/><U106/><E106/><V80/><F80/><W132/><G132/><T12/><D12/><U59/><E134/><V84/><F84/><W112/><G112/><T79/><D79/><U115/><E14/><V88/><F88/><W95/><G81/><T92/><D107/><U2/><E115/><V16/><F16/><W71/><G71/><T50/><D43/><U121/><E40/><V68/><F68/><W17/><G61/><N who="2" m="23657" /><F39/><W98/><G9/><AGARI ba="1,0" hai="8,9,11,45,47,52,53,55" m="23657,47657" machi="9" ten="40,8000,1" yaku="28,2,18,1,54,1" doraHai="29" who="2" fromWho="3" sc="113,0,239,0,230,83,418,-83" /><INIT seed="5,0,0,1,1,2" ten="113,239,313,335" oya="1" hai0="125,92,45,68,104,39,46,129,31,128,131,54,6" hai1="105,23,19,12,116,57,20,119,73,4,18,28,21" hai2="106,111,120,90,63,114,99,65,62,47,67,94,80" hai3="82,110,51,32,61,122,58,70,97,95,24,36,74"/><U34/><E73/><V48/><F120/><W52/><G110/><T66/><D104/><U17/><E105/><V87/><F106/><W42/><G122/><T59/><D31/><U91/><E91/><V11/><F111/><W69/><G36/><T85/><D85/><U41/><E41/><V108/><F108/><W75/><G82/><T101/><D92/><U117/><E57/><V76/><F114/><W130/><G130/><T50/><D101/><U96/><E96/><V77/><F77/><W132/><G132/><T127/><D6/><U53/><E53/><V89/><F89/><W84/><G84/><T113/><D113/><U30/><E34/><V98/><F98/><W25/><G25/><T121/><D121/><U43/><E43/><V33/><F33/><W79/><G79/><T44/><D39/><U109/><E109/><V37/><F37/><W16/><G32/><T56/><D68/><U13/><E4/><V115/><F115/><W112/><G112/><T14/><D14/><AGARI ba="0,0" hai="12,13,14,17,18,19,20,21,23,28,30,116,117,119" machi="14" ten="50,18000,2" yaku="29,2,28,2,34,3" doraHai="2" who="1" fromWho="0" sc="113,-180,239,180,313,0,335,0" owari="-67,-57.0,419,52.0,313,-9.0,335,14.0" /></mjloggm>