<mjloggm ver="2.3"><GO type="169" lobby="0"/><UN n0="%E7%84%A1%E6%96%99%E5%A4%A9%E8%8D%89" n1="%E7%AB%8B%E8%8F%AF%E5%A5%8F" n2="%E3%83%88%E3%83%88%E3%83%AA%E5%85%88%E7%94%9F%31%39%E6%AD%B3" n3="%E3%81%86%E3%81%8D%E3%81%A7%E3%82%93" dan="16,16,19,16" rate="2117.94,2145.69,2271.18,2114.13" sx="M,F,F,M"/><TAIKYOKU oya="0"/><INIT seed="0,0,0,4,4,108" ten="250,250,250,250" oya="0" hai0="14,60,62,11,17,64,9,89,54,27,30,109,133" hai1="15,94,65,31,37,123,56,47,29,99,97,86,119" hai2="132,0,118,127,122,117,28,104,76,84,93,77,135" hai3="8,95,79,130,7,81,110,35,124,120,83,13,74"/><T43/><D133/><N who="2" m="51274" /><F0/><W80/><G110/><T88/><D43/><U82/><E119/><N who="2" m="45579" /><F28/><W41/><G35/><T52/><D11/><U16/><E123/><V48/><F48/><W61/><G120/><T92/><D109/><U6/><E6/><V85/><F122/><W70/><G130/><T34/><D62/><U2/><E2/><V25/><F25/><W102/><G124/><T50/><D50/><U57/><E47/><V87/><F104/><W90/><G41/><T23/><D34/><U128/><E128/><V40/><F40/><W33/><G33/><T78/><D78/><N who="2" m="30314" /><F127/><W36/><G13/><T121/><D121/><U32/><E37/><V103/><F103/><W4/><G36/><T126/><D126/><U112/><E32/><V115/><F115/><W91/><G7/><T19/><D30/><U55/><E112/><V3/><F3/><W24/><G4/><T39/><D39/><U113/><E113/><V116/><N who="2" m="45587" /><V73/><DORA hai="98" /><F73/><W66/><G102/><T26/><D26/><U38/><E38/><V46/><F46/><W45/><G45/><T129/><D129/><U105/><E65/><V134/><N who="2" m="51282" /><V22/><DORA hai="51" /><F22/><W44/><G66/><T67/><D67/><U111/><E56/><V12/><F12/><W96/><G44/><T72/><D72/><U21/><E29/><V69/><F69/><W75/><G74/><T18/><D18/><U71/><E31/><V10/><F10/><W101/><G8/><T131/><D131/><U68/><E71/><V20/><F20/><W59/><G70/><T42/><D42/><RYUUKYOKU ba="0,0" sc="250,-10,250,-10,250,30,250,-10" hai2="84,85,87,93" /><INIT seed="1,1,0,3,4,24" ten="240,240,280,240" oya="1" hai0="96,131,52,83,130,11,45,18,71,101,111,44,100" hai1="0,19,89,37,26,70,102,77,94,60,116,91,79" hai2="28,38,88,108,59,81,66,90,68,34,106,74,93" hai3="50,46,87,109,76,5,129,126,122,35,119,22,80"/><U15/><E0/><V4/><F106/><W33/><G122/><T47/><D71/><U115/><E37/><V23/><F38/><W127/><G109/><T14/><D111/><U41/><E41/><V82/><F68/><W62/><G62/><T135/><D135/><U1/><E1/><V98/><F34/><W16/><G5/><T13/><D83/><N who="2" m="31754" /><F74/><W57/><G57/><T2/><D2/><U118/><E115/><V49/><F4/><W92/><G92/><T29/><D14/><U84/><E102/><N who="2" m="60751" /><F108/><W125/><G129/><T97/><D101/><U7/><E7/><V8/><F8/><W73/><G73/><T67/><D100/><U85/><E70/><V133/><F133/><W114/><G114/><T9/><D9/><U30/><E60/><N who="2" m="38175" /><F49/><W12/><REACH who="3" step="1"/><G119/><REACH who="3" ten="240,240,280,230" step="2"/><T58/><D131/><U32/><E118/><V117/><F117/><W121/><G121/><T43/><D130/><U95/><REACH who="1" step="1"/><E116/><REACH who="1" ten="240,230,280,230" step="2"/><V107/><F107/><W123/><G123/><T75/><D43/><AGARI ba="1,2" hai="12,16,22,33,35,43,46,50,76,80,87,125,126,127" machi="43" ten="40,5200,0" yaku="1,1,18,1,54,1,53,0" doraHai="24" doraHaiUra="56" who="3" fromWho="0" sc="240,-55,230,0,280,0,230,75" /><INIT seed="2,0,0,3,5,21" ten="185,230,280,305" oya="2" hai0="122,35,132,33,87,10,88,78,84,66,57,61,116" hai1="82,125,109,53,46,17,72,97,36,90,134,135,112" hai2="77,86,28,5,129,59,7,68,111,49,54,42,108" hai3="31,52,4,15,101,81,119,71,113,19,73,80,110"/><V58/><F68/><W9/><G119/><T20/><D122/><U23/><E112/><V30/><F129/><W16/><G71/><T100/><D10/><U47/><E109/><N who="2" m="42059" /><F42/><W29/><G110/><T123/><D123/><U115/><E115/><V39/><F39/><W93/><G52/><T48/><D116/><U1/><E1/><V70/><F70/><W51/><G51/><T0/><D0/><U85/><E125/><V41/><F41/><W133/><G133/><N who="1" m="50698" /><E36/><V40/><F40/><W18/><G73/><T24/><D132/><U96/><E72/><V27/><F30/><W62/><G62/><T118/><D118/><U124/><E124/><V13/><F13/><W102/><G113/><T2/><D2/><U76/><E53/><N who="2" m="32047" /><F86/><W26/><G31/><T50/><D84/><U65/><E65/><V69/><F77/><W56/><G56/><T120/><D120/><U121/><E121/><V107/><F107/><W117/><G117/><T99/><D78/><U22/><E22/><N who="2" m="15479" /><F69/><W64/><G64/><T127/><D127/><U44/><E76/><V37/><F37/><W63/><G63/><AGARI ba="0,0" hai="5,7,54,59,63" m="15479,32047,42059" machi="63" ten="30,5800,0" yaku="14,1,10,1,52,1" doraHai="21" who="2" fromWho="3" sc="185,0,230,0,280,58,305,-58" /><INIT seed="2,1,0,5,0,76" ten="185,230,338,247" oya="2" hai0="8,121,85,127,109,4,50,87,65,69,38,9,14" hai1="133,3,96,135,126,16,29,83,36,47,89,12,22" hai2="81,108,43,40,92,97,120,77,15,79,74,21,70" hai3="98,107,48,134,59,122,103,11,73,102,95,114,115"/><V57/><F120/><W7/><G122/><T2/><D38/><U118/><E118/><V116/><F70/><W72/><G59/><T62/><D121/><U123/><E123/><V1/><F1/><W41/><G41/><T46/><D109/><U82/><E3/><V45/><F116/><W91/><G48/><T13/><D127/><U125/><E29/><V132/><F132/><N who="1" m="50761" /><E36/><V80/><F108/><W94/><G11/><T131/><D131/><U63/><E47/><V117/><F117/><W25/><G25/><T128/><D128/><U75/><E63/><V33/><F33/><W61/><G61/><T111/><D111/><U24/><E24/><V32/><F32/><W0/><G7/><T28/><D28/><U67/><E67/><V10/><F21/><W112/><G0/><T56/><D69/><U54/><E54/><V44/><F57/><W71/><G71/><T52/><REACH who="0" step="1"/><D2/><REACH who="0" ten="175,230,338,247" step="2"/><U34/><E34/><V18/><F43/><W110/><G110/><T42/><D42/><U51/><E51/><V60/><F40/><W23/><G134/><T106/><D106/><U6/><E6/><AGARI ba="1,1" hai="4,6,8,9,13,14,46,50,52,56,62,65,85,87" machi="6" ten="30,8000,1" yaku="1,1,7,1,9,1,8,1,54,1,53,0" doraHai="76" doraHaiUra="104" who="0" fromWho="1" sc="175,93,230,-83,338,0,247,0" /><INIT seed="3,0,0,4,1,78" ten="268,147,338,247" oya="3" hai0="92,111,52,60,2,90,102,20,120,81,64,1,96" hai1="73,15,118,127,5,67,55,31,9,124,85,23,39" hai2="53,101,104,46,109,105,30,70,83,25,13,43,84" hai3="62,82,122,12,114,7,22,10,11,56,32,103,107"/><W26/><G32/><T126/><D120/><U35/><E73/><V47/><F70/><W72/><G122/><T100/><D111/><U37/><E35/><V18/><F109/><W36/><G36/><T54/><D126/><N who="1" m="48171" /><E67/><V16/><F53/><W79/><G11/><T95/><D20/><U57/><E118/><V110/><F110/><W93/><G107/><T94/><D2/><U115/><E115/><V21/><F18/><W99/><G114/><T117/><D1/><U86/><E31/><V34/><F101/><N who="0" m="39018" /><D117/><U77/><E23/><V128/><F128/><W17/><G56/><N who="0" m="36871" /><D96/><U121/><E121/><V116/><F116/><W4/><REACH who="3" step="1"/><G62/><REACH who="3" ten="268,147,338,237" step="2"/><T14/><D14/><U130/><E130/><V125/><F125/><W131/><G131/><T40/><D40/><U129/><E129/><V134/><F46/><W41/><G41/><T63/><D63/><N who="1" m="36287" /><E39/><V119/><F119/><W87/><G87/><AGARI ba="0,1" hai="52,54,81,87,90,92,94,95" m="36871,39018" machi="87" ten="30,3900,0" yaku="8,1,52,1,54,1" doraHai="78" who="0" fromWho="3" sc="268,49,147,0,338,0,237,-39" /><INIT seed="4,0,0,3,4,112" ten="317,147,338,198" oya="0" hai0="71,68,58,44,66,135,54,48,21,133,67,61,91" hai1="110,88,72,18,57,95,97,109,25,6,12,75,33" hai2="40,129,11,123,103,55,104,130,34,43,81,8,64" hai3="17,47,41,83,98,26,114,62,60,49,99,0,30"/><T65/><D21/><U84/><E6/><V90/><F123/><W77/><G0/><T31/><D31/><U16/><E72/><V32/><F64/><N who="0" m="24618" /><D91/><U15/><E75/><V102/><F55/><W29/><G29/><T105/><D105/><U63/><E33/><V92/><F92/><W126/><G17/><T38/><D38/><U100/><E110/><V78/><F90/><W50/><G114/><T7/><D7/><U128/><E128/><V124/><F124/><W94/><G126/><T69/><AGARI ba="0,0" hai="44,48,54,58,61,65,68,69,71,133,135" m="24618" machi="69" ten="40,3900,0" yaku="34,2" doraHai="112" who="0" fromWho="0" sc="317,39,147,-13,338,-13,198,-13" /><INIT seed="4,1,0,3,4,123" ten="356,134,325,185" oya="0" hai0="11,101,78,70,0,44,132,66,54,109,88,124,92" hai1="47,20,41,73,126,38,106,85,33,21,56,8,40" hai2="53,16,133,30,67,15,108,52,116,113,31,76,37" hai3="32,27,65,131,75,93,5,35,1,59,111,81,127"/><T29/><D78/><U104/><E73/><V71/><F113/><W12/><G1/><T4/><D29/><U77/><E33/><V25/><F37/><W102/><G131/><T36/><D101/><U22/><E126/><V3/><F3/><W62/><G111/><T112/><D112/><U118/><E118/><V134/><F108/><W80/><G127/><T18/><D124/><U9/><E56/><V84/><F116/><W42/><G42/><T129/><D129/><U86/><E77/><V79/><F30/><W98/><G27/><T34/><D34/><U95/><E95/><V114/><F114/><W82/><REACH who="3" step="1"/><G75/><REACH who="3" ten="356,134,325,175" step="2"/><T28/><D0/><U130/><E130/><V83/><F25/><W135/><G135/><T60/><D132/><U72/><E72/><V105/><F133/><W61/><G61/><T58/><D60/><U110/><E110/><V19/><F134/><W45/><G45/><T103/><D44/><U17/><E47/><V100/><F15/><W2/><G2/><T96/><D109/><U43/><E38/><V13/><F13/><W87/><G87/><T74/><D74/><U121/><E121/><V14/><F14/><W107/><G107/><N who="1" m="41002" /><E17/><V125/><F31/><W63/><G63/><T97/><D28/><U55/><E55/><N who="2" m="21067" /><F19/><W89/><G89/><T64/><D88/><U50/><E50/><V39/><F125/><W6/><G6/><T26/><D26/><U117/><E117/><V91/><F16/><W115/><G115/><T57/><D4/><U90/><E90/><V46/><F46/><W119/><G119/><T94/><D36/><RYUUKYOKU ba="1,1" sc="356,-15,134,15,325,-15,175,15" hai1="8,9,20,21,22,40,41,43,85,86" hai3="5,12,32,35,59,62,65,80,81,82,93,98,102" /><INIT seed="5,2,1,4,5,7" ten="341,149,310,190" oya="1" hai0="84,11,42,29,53,55,87,3,120,128,69,28,43" hai1="16,114,30,34,71,91,117,98,51,19,15,110,4" hai2="61,8,92,111,39,35,81,59,12,72,122,66,107" hai3="26,27,123,10,82,38,100,93,118,75,40,108,127"/><U57/><E71/><V32/><F111/><W48/><G38/><T45/><D69/><U99/><E117/><V112/><F122/><W68/><G108/><T70/><D70/><U47/><E110/><V5/><F107/><W65/><G65/><T121/><D3/><U80/><E114/><V89/><F39/><W64/><G64/><T135/><D45/><U44/><E34/><V2/><F112/><W105/><G105/><T52/><D55/><N who="1" m="31999" /><E30/><V76/><REACH who="2" step="1"/><F2/><REACH who="2" ten="341,149,300,190" step="2"/><W77/><G123/><T18/><D121/><U96/><E47/><V1/><F1/><W21/><G118/><T25/><D120/><U46/><E44/><V104/><F104/><W88/><G127/><T130/><D130/><U6/><E46/><V0/><F0/><W113/><G113/><T50/><D128/><U22/><E19/><V124/><F124/><W129/><G129/><T86/><D18/><U63/><E63/><V24/><F24/><W14/><G27/><T83/><D25/><U56/><E56/><V133/><F133/><W31/><G26/><T37/><D37/><U134/><E134/><V67/><F67/><W103/><G68/><T90/><D135/><U85/><AGARI ba="2,2" hai="4,6,15,16,22,80,85,91,96,98,99" m="31999" machi="85" ten="30,3000,0" yaku="8,1,54,1" doraHai="7" who="1" fromWho="1" sc="341,-12,149,56,300,-12,190,-12" /><INIT seed="5,3,0,5,4,23" ten="329,205,288,178" oya="1" hai0="64,73,16,13,25,28,75,7,77,24,111,53,42" hai1="54,34,122,10,108,131,90,120,116,52,115,86,102" hai2="82,118,31,57,85,61,20,12,97,71,74,58,9" hai3="134,95,67,4,5,50,121,105,1,99,22,18,80"/><U132/><E116/><V81/><F118/><W45/><G105/><T135/><D111/><U8/><E108/><V17/><F74/><W76/><G121/><T94/><D7/><U36/><E36/><V133/><F133/><W0/><G67/><T114/><D135/><U100/><E132/><V41/><F71/><W26/><G1/><T60/><D42/><U84/><E34/><V6/><F31/><W101/><G0/><T110/><D110/><U130/><REACH who="1" step="1"/><E90/><REACH who="1" ten="329,195,288,178" step="2"/><V35/><F35/><W59/><G134/><T123/><D123/><U27/><E27/><V117/><F117/><W127/><G127/><T49/><D25/><U87/><E87/><V70/><F85/><W96/><G96/><T39/><D24/><U66/><E66/><V106/><F97/><W19/><G26/><T30/><D64/><U62/><E62/><V126/><F61/><W112/><G99/><T38/><D60/><U104/><E104/><V69/><F106/><W124/><G124/><T83/><D30/><U78/><E78/><V107/><F107/><W44/><G76/><T92/><D28/><U129/><E129/><V98/><F98/><W93/><G101/><T68/><D39/><U47/><E47/><V79/><F79/><W72/><G45/><N who="0" m="27823" /><D114/><BYE who="0" /><AGARI ba="3,1" hai="8,10,52,54,84,86,100,102,114,115,120,122,130,131" machi="114" ten="25,9600,0" yaku="1,1,22,2,54,1,53,0" doraHai="23" doraHaiUra="113" who="1" fromWho="0" sc="329,-105,195,115,288,0,178,0" /><INIT seed="5,4,0,5,5,38" ten="224,310,288,178" oya="1" hai0="50,31,22,8,10,71,104,111,48,108,87,56,80" hai1="101,67,14,1,59,41,57,65,21,40,3,15,90" hai2="70,107,91,32,64,92,98,68,45,69,46,95,17" hai3="26,126,79,117,28,93,55,53,103,112,24,74,23"/><U60/><E101/><UN n0="%E7%84%A1%E6%96%99%E5%A4%A9%E8%8D%89" /><V76/><F107/><W121/><G121/><T58/><D104/><U88/><E21/><V16/><F32/><W94/><G112/><T85/><D71/><U72/><E60/><V120/><F120/><W37/><G37/><T82/><D22/><U62/><E62/><V100/><F64/><W34/><G79/><T54/><D54/><U6/><E6/><V18/><REACH who="2" step="1"/><F76/><REACH who="2" ten="224,310,278,178" step="2"/><W35/><G35/><T105/><D105/><U83/><E83/><V81/><F81/><W39/><G34/><T134/><D134/><U11/><E11/><V99/><AGARI ba="4,1" hai="16,17,18,45,46,68,69,70,91,92,95,98,99,100" machi="99" ten="40,5200,0" yaku="1,1,0,1,54,1,53,0" doraHai="38" doraHaiUra="122" who="2" fromWho="2" sc="224,-17,310,-30,278,74,178,-17" /><INIT seed="6,0,0,4,2,51" ten="207,280,352,161" oya="2" hai0="63,29,24,125,71,40,119,127,43,69,60,9,81" hai1="6,128,5,67,87,73,45,8,120,7,112,70,32" hai2="103,64,98,78,132,26,35,28,99,92,109,2,1" hai3="38,124,97,15,122,44,57,111,56,114,54,30,0"/><V126/><F132/><W91/><G0/><T135/><D135/><U110/><E73/><V106/><F126/><N who="0" m="48138" /><D9/><U102/><E110/><V18/><F109/><W48/><G124/><T65/><D81/><U82/><E32/><V21/><F78/><W129/><G111/><T117/><D24/><U93/><E120/><V133/><F133/><W52/><G122/><T50/><D29/><U46/><E128/><V3/><F64/><W86/><G129/><T105/><D105/><U17/><E112/><V66/><F66/><W13/><G97/><T96/><D96/><N who="1" m="59663" /><E67/><V116/><F116/><N who="0" m="44618" /><D63/><U123/><E123/><V36/><F36/><W55/><G30/><T23/><D23/><U12/><E70/><N who="0" m="26633" /><D50/><U42/><E87/><V83/><F83/><N who="3" m="49631" /><G38/><T88/><D88/><U74/><E82/><V131/><F131/><W33/><G33/><T10/><D10/><U53/><E74/><V85/><F85/><W108/><G114/><T68/><AGARI ba="0,0" hai="40,43,60,65,68" m="26633,44618,48138" machi="68" ten="40,8000,1" yaku="18,1,12,1,34,2" doraHai="51" who="0" fromWho="0" sc="207,80,280,-20,352,-40,161,-20" /><INIT seed="7,0,0,3,0,130" ten="287,260,312,141" oya="3" hai0="110,82,89,77,75,88,3,65,120,86,132,16,122" hai1="6,100,134,23,73,25,30,39,14,35,10,21,62" hai2="112,45,52,104,128,90,61,12,76,27,79,124,51" hai3="29,58,22,111,1,119,17,78,11,50,40,19,49"/><W71/><G119/><T99/><D3/><U47/><E73/><V37/><F104/><W60/><G71/><T42/><D42/><U101/><E62/><V133/><F133/><W125/><G125/><T115/><D132/><U59/><E59/><N who="2" m="35047" /><F37/><W36/><G36/><T20/><D110/><U93/><E134/><V41/><F112/><W116/><G116/><T69/><D99/><U63/><E63/><V15/><F128/><W74/><G29/><T84/><D65/><U9/><E39/><V53/><F27/><W24/><G40/><T67/><D67/><U46/><E93/><V98/><F124/><W44/><G44/><T126/><D69/><U114/><E114/><V57/><F90/><W68/><G68/><T96/><D96/><U107/><E107/><V106/><F98/><W129/><G129/><T66/><D66/><U127/><E127/><V5/><F5/><W31/><G31/><T54/><D54/><U95/><E95/><V131/><F106/><W97/><G97/><T105/><D105/><U102/><E9/><V13/><F131/><W108/><G78/><N who="2" m="29737" /><F41/><W32/><G32/><T81/><D115/><U94/><E94/><V103/><F103/><W64/><G74/><T123/><D126/><U118/><E118/><V87/><F87/><W135/><G135/><T7/><D7/><U56/><E56/><AGARI ba="0,0" hai="12,13,15,45,51,53,56,57" m="29737,35047" machi="56" ten="30,2000,0" yaku="8,1,54,1" doraHai="130" who="2" fromWho="1" sc="287,0,260,-20,312,20,141,0" owari="287,9.0,240,-16.0,332,43.0,141,-36.0" /></mjloggm>