<mjloggm ver="2.3"><GO type="169" lobby="0"/><UN n0="%65%61%73%79" n1="%E3%81%82%EF%BD%93%EF%BD%84%EF%BD%86%E3%81%8F%E3%81%87%EF%BD%92" n2="%E3%82%A6%E3%83%AB%E3%83%88%E3%83%A9%E7%AB%8B%E7%9B%B4" n3="%E3%83%88%E3%83%88%E3%83%AA%E5%85%88%E7%94%9F%31%39%E6%AD%B3" dan="17,16,18,19" rate="2154.15,2086.78,2231.86,2288.38" sx="M,M,M,F"/><TAIKYOKU oya="0"/><INIT seed="0,0,0,5,0,95" ten="250,250,250,250" oya="0" hai0="30,8,61,62,96,35,14,54,75,20,18,50,53" hai1="23,111,72,25,106,99,128,68,36,87,10,108,122" hai2="2,80,125,93,34,52,77,19,74,56,40,79,7" hai3="6,57,130,65,70,127,60,66,132,76,26,44,105"/><T115/><D115/><U28/><E122/><V88/><F125/><W118/><G118/><T31/><D75/><U1/><E72/><V78/><F34/><W103/><G127/><T45/><D35/><U33/><E68/><V27/><F40/><W4/><G130/><T0/><D54/><U117/><E117/><V64/><F64/><W85/><G132/><T112/><D112/><U46/><E128/><V110/><F110/><N who="1" m="42025" /><E87/><V109/><F109/><W91/><G76/><T32/><D32/><U71/><E71/><V29/><F29/><W5/><G26/><T135/><D135/><U13/><E1/><V84/><F7/><W59/><G44/><T17/><D0/><U134/><E134/><V73/><F2/><W107/><G103/><T133/><D133/><U16/><E46/><V39/><F39/><W131/><G131/><T114/><D96/><U9/><E36/><V37/><F37/><W120/><G120/><T82/><D82/><U3/><E3/><V11/><F74/><W98/><G98/><T92/><D92/><U69/><E69/><V41/><F41/><W121/><G121/><T101/><D101/><AGARI ba="0,0" hai="9,10,13,16,23,25,28,33,99,101,106" m="42025" machi="101" ten="30,3900,0" yaku="14,1,52,1,54,1" doraHai="95" who="1" fromWho="0" sc="250,-39,250,39,250,0,250,0" /><INIT seed="1,0,0,4,5,67" ten="211,289,250,250" oya="1" hai0="112,134,5,80,135,36,111,21,116,133,121,122,27" hai1="87,61,26,19,88,35,132,38,29,76,25,84,55" hai2="125,104,127,52,49,13,16,83,2,129,58,98,43" hai3="110,119,102,44,97,109,24,103,107,118,22,99,0"/><U69/><E38/><V130/><F2/><W70/><G44/><T6/><D36/><U3/><E3/><V59/><F43/><W62/><G0/><T106/><D106/><U93/><E132/><N who="0" m="33793" /><T7/><DORA hai="123" /><D116/><N who="3" m="44585" /><G62/><T8/><D80/><U124/><E124/><N who="2" m="47691" /><F83/><W17/><G70/><T81/><D81/><U53/><E76/><V72/><F72/><W115/><G115/><T4/><D111/><U108/><E108/><V10/><F59/><W40/><G40/><T120/><N who="0" m="1024" /><DORA hai="64" /><T101/><D101/><AGARI ba="0,0" hai="10,13,16,49,52,58,98,101,104,129,130" m="47691" machi="101" ten="30,3900,0" yaku="18,1,54,2" doraHai="67,123,64" who="2" fromWho="0" sc="211,-39,289,0,250,39,250,0" /><INIT seed="2,0,0,0,5,66" ten="172,289,289,250" oya="2" hai0="50,120,2,79,53,134,20,133,21,6,81,27,3" hai1="24,62,125,44,132,113,97,29,128,92,91,74,124" hai2="129,127,89,28,59,12,54,41,0,47,13,61,72" hai3="80,75,102,64,36,116,26,95,122,33,110,135,82"/><V99/><F129/><W67/><G116/><T114/><D120/><U68/><E113/><V25/><F0/><W98/><G122/><T126/><D114/><U65/><E128/><V18/><F72/><W88/><G36/><T49/><D126/><N who="1" m="48747" /><E74/><V94/><F127/><W35/><G110/><T17/><D20/><N who="1" m="15495" /><E44/><V55/><F55/><W131/><G131/><T96/><D96/><U9/><E9/><V83/><F83/><W93/><G135/><AGARI ba="0,0" hai="62,65,68,91,92,97,132,135" m="15495,48747" machi="135" ten="30,2000,0" yaku="18,1,52,1" doraHai="66" who="1" fromWho="3" sc="172,0,289,20,289,0,250,-20" /><INIT seed="3,0,0,3,2,19" ten="172,309,289,230" oya="3" hai0="40,93,46,101,42,13,87,50,59,58,48,43,117" hai1="21,135,104,110,61,109,128,80,100,77,20,90,60" hai2="67,3,31,105,127,34,99,26,95,71,98,96,62" hai3="72,27,11,47,49,23,0,94,70,33,113,18,28"/><W131/><G113/><T78/><D117/><U129/><E135/><V41/><F127/><W32/><G72/><T35/><D35/><U122/><E122/><V57/><F3/><W64/><G131/><N who="1" m="50250" /><E90/><V84/><F41/><W55/><G94/><T91/><D48/><U86/><E100/><V120/><F120/><W89/><G89/><T108/><D108/><N who="1" m="41579" /><E104/><V45/><F45/><W4/><REACH who="3" step="1"/><G28/><REACH who="3" ten="172,309,289,220" step="2"/><T103/><D78/><U12/><E12/><V2/><F95/><W106/><G106/><T85/><D101/><U30/><E30/><V7/><F105/><W83/><G83/><T25/><D103/><U63/><AGARI ba="0,1" hai="20,21,60,61,63,77,80,86" m="41579,50250" machi="63" ten="40,8000,1" yaku="19,1,14,1,52,2" doraHai="19" who="1" fromWho="1" sc="172,-20,309,90,289,-20,220,-40" /><INIT seed="4,0,0,4,2,51" ten="152,399,269,180" oya="0" hai0="44,52,135,125,71,46,66,123,83,21,36,15,114" hai1="128,56,34,32,86,24,104,26,63,94,113,76,13" hai2="49,37,115,42,5,70,87,6,110,68,90,124,60" hai3="4,7,106,48,85,62,109,130,10,47,112,40,23"/><T2/><D2/><U1/><E104/><V9/><F110/><W19/><G109/><T53/><D114/><U84/><E1/><V126/><F115/><W75/><G75/><T81/><D123/><U72/><E113/><V111/><F111/><W61/><G106/><T43/><D135/><U22/><E128/><V131/><F131/><W133/><G133/><T27/><D125/><U31/><E72/><V28/><F28/><W100/><G130/><T20/><D15/><U96/><E76/><V16/><F37/><W38/><G100/><T17/><D21/><U105/><E105/><V121/><F121/><W89/><G38/><T77/><D46/><U95/><E13/><N who="2" m="7215" /><F60/><N who="3" m="23147" /><G10/><T74/><REACH who="0" step="1"/><D81/><REACH who="0" ten="142,399,269,180" step="2"/><U29/><E22/><V45/><F5/><W79/><G112/><T55/><D55/><U54/><E94/><N who="2" m="54623" /><F6/><W99/><G4/><T92/><D92/><U122/><E122/><V132/><F132/><W98/><G7/><T117/><D117/><U12/><E12/><V103/><F126/><W8/><G8/><T101/><D101/><AGARI ba="0,1" hai="24,26,29,31,32,34,54,56,63,84,86,95,96,101" machi="101" ten="30,3900,0" yaku="7,1,9,1,52,1" doraHai="51" who="1" fromWho="0" sc="142,-39,399,49,269,0,180,0" /><INIT seed="5,0,0,4,1,93" ten="103,448,269,180" oya="1" hai0="118,100,83,34,36,44,76,68,52,103,135,80,3" hai1="22,92,108,95,73,87,70,71,67,4,57,133,94" hai2="127,14,55,130,89,125,88,43,107,129,45,39,56" hai3="51,27,0,131,10,114,1,49,115,124,104,63,134"/><U8/><E73/><V65/><F107/><W48/><G131/><N who="2" m="50185" /><F14/><W85/><G134/><T29/><D118/><U20/><E133/><V11/><F11/><W117/><G124/><N who="2" m="47689" /><F65/><W64/><G117/><T46/><D135/><U96/><E108/><V25/><F25/><W59/><G104/><T19/><D3/><U77/><E71/><V90/><F90/><W126/><G27/><T35/><D68/><U32/><E70/><V106/><F106/><W98/><G126/><T132/><D132/><U40/><E67/><V53/><F53/><W97/><G10/><T105/><D105/><U38/><E8/><V31/><F31/><W41/><G0/><T21/><D52/><U121/><E4/><V123/><F123/><W28/><G28/><T84/><D29/><U2/><E2/><V16/><F16/><W69/><G1/><T72/><D19/><U33/><E33/><V101/><F101/><W81/><G69/><T113/><D21/><U7/><E32/><V112/><F112/><N who="3" m="43051" /><G41/><N who="0" m="22567" /><D113/><U86/><E40/><V91/><F91/><AGARI ba="0,0" hai="48,49,51,59,63,64,81,85,91,97,98" m="43051" machi="91" ten="30,3900,0" yaku="15,1,52,2" doraHai="93" who="3" fromWho="2" sc="103,0,448,0,269,-39,180,39" /><INIT seed="6,0,0,1,3,42" ten="103,448,230,219" oya="2" hai0="125,84,123,52,109,112,55,92,72,21,103,73,111" hai1="14,48,7,61,45,71,8,62,36,49,132,114,57" hai2="56,17,113,47,25,58,35,2,81,65,19,68,86" hai3="12,94,82,44,4,87,130,100,16,135,53,129,41"/><V50/><F2/><W131/><G135/><T0/><D123/><U90/><E114/><V11/><F113/><W107/><G107/><T46/><D112/><U66/><E132/><V15/><F68/><W133/><G133/><T98/><D125/><U70/><E90/><V24/><F35/><W83/><G4/><T69/><D69/><U40/><E71/><V88/><F19/><W99/><G53/><AGARI ba="0,0" hai="7,8,14,36,40,45,48,49,53,57,61,62,66,70" machi="53" ten="30,2000,0" yaku="7,1,52,1" doraHai="42" who="1" fromWho="3" sc="103,0,448,20,230,0,219,-20" /><INIT seed="7,0,0,1,0,50" ten="103,468,230,199" oya="3" hai0="83,26,28,91,87,57,10,120,48,39,25,19,113" hai1="96,126,111,94,12,135,86,93,14,103,66,46,49" hai2="106,34,16,77,117,43,97,134,29,115,13,78,5" hai3="51,131,68,38,121,79,104,65,84,62,133,75,89"/><W67/><G121/><T99/><D120/><U30/><E111/><V32/><F43/><W102/><G38/><T23/><D39/><U8/><E135/><V3/><F34/><W63/><G133/><T90/><D113/><U82/><E126/><V80/><F80/><W11/><G131/><T60/><D48/><U21/><E66/><V122/><F117/><W61/><G75/><T58/><D58/><U92/><E14/><V0/><F13/><W59/><G79/><T20/><D10/><U4/><E21/><V71/><F32/><W107/><G102/><T53/><REACH who="0" step="1"/><D99/><REACH who="0" ten="93,468,230,199" step="2"/><U100/><E100/><V128/><F97/><W17/><G62/><T114/><D114/><U6/><E30/><V45/><F29/><W7/><G51/><T56/><D56/><U35/><E4/><V101/><F5/><W9/><G9/><T118/><D118/><U15/><E35/><V125/><F115/><W132/><G132/><T105/><D105/><U85/><E15/><V76/><F106/><W44/><G44/><T88/><AGARI ba="0,1" hai="19,20,23,25,26,28,53,57,60,83,87,88,90,91" machi="88" ten="20,12000,2" yaku="1,1,0,1,7,1,8,1,52,1,54,1,53,0" doraHai="50" doraHaiUra="41" who="0" fromWho="0" sc="93,130,468,-30,230,-30,199,-60" owari="223,2.0,438,54.0,200,-20.0,139,-36.0" /></mjloggm>