<mjloggm ver="2.3"><GO type="169" lobby="0"/><UN n0="%E3%82%A4%E3%83%AA%E3%83%A4%E3%81%9F%E3%82%93%E5%A4%A7%E5%A5%BD%E3%81%8D" n1="%E3%83%8F%E3%82%B9%E5%A4%AA" n2="%E3%83%88%E3%83%88%E3%83%AA%E5%85%88%E7%94%9F%31%39%E6%AD%B3" n3="%3D%4A%61%6D" dan="17,16,19,16" rate="2118.00,2124.27,2346.51,2145.94" sx="M,M,F,M"/><TAIKYOKU oya="0"/><INIT seed="0,0,0,5,3,95" ten="250,250,250,250" oya="0" hai0="84,94,111,80,110,52,102,92,97,114,8,37,22" hai1="73,67,113,1,34,124,54,81,101,79,74,55,93" hai2="134,47,99,112,50,135,131,16,30,89,15,132,87" hai3="115,7,63,35,48,43,85,44,29,32,90,76,64"/><T10/><D114/><U9/><E34/><V19/><F112/><W128/><G115/><T83/><D37/><U65/><E113/><V82/><F131/><W5/><G128/><T119/><D119/><U53/><E124/><V68/><F68/><W57/><G76/><T24/><D92/><U72/><E1/><V107/><F30/><W130/><G130/><T121/><D121/><U25/><E25/><V117/><F117/><W133/><G133/><T20/><D52/><U2/><E2/><V39/><F39/><W4/><REACH who="3" step="1"/><G29/><REACH who="3" ten="250,250,250,240" step="2"/><T118/><D118/><U6/><E79/><V28/><F28/><W3/><G3/><T125/><D125/><U75/><E75/><V71/><F71/><W13/><G13/><T45/><D111/><U88/><E74/><V27/><F27/><W77/><G77/><T120/><D110/><U103/><E73/><V61/><F15/><W126/><G126/><T66/><D24/><U96/><E72/><V46/><F132/><W51/><G51/><T109/><D109/><U21/><E21/><V91/><F134/><W129/><G129/><T31/><D22/><U23/><E23/><V58/><F135/><W70/><G70/><T100/><D20/><U17/><E6/><V104/><F50/><W38/><G38/><T12/><D31/><U18/><E18/><V33/><F19/><W108/><G108/><T122/><D12/><N who="1" m="7311" /><E81/><AGARI ba="0,1" hai="4,5,7,32,35,43,44,48,57,63,64,81,85,90" machi="81" ten="40,2600,0" yaku="1,1,53,1" doraHai="95" doraHaiUra="86" who="3" fromWho="1" sc="250,0,250,-26,250,0,240,36" /><INIT seed="1,0,0,0,2,135" ten="250,224,250,276" oya="1" hai0="16,60,97,22,91,28,132,77,37,70,110,118,127" hai1="55,74,32,122,40,17,30,7,81,24,111,57,101" hai2="33,112,117,99,21,10,42,72,5,61,96,1,59" hai3="78,0,8,128,27,83,95,50,116,75,46,34,66"/><U104/><E122/><V113/><F117/><W56/><G116/><T15/><D37/><U133/><E133/><V25/><F33/><W119/><G119/><T102/><D118/><U12/><E40/><V103/><F72/><W126/><G128/><T107/><D132/><U9/><E111/><V98/><F42/><W76/><G76/><T3/><D3/><U105/><E101/><V134/><F134/><W82/><G82/><T92/><D110/><U29/><E29/><V80/><F80/><W73/><G95/><T120/><D120/><U88/><E7/><V85/><F85/><W6/><G56/><T71/><D127/><U123/><E123/><V124/><F124/><W67/><G73/><T53/><D28/><U35/><E35/><V14/><F1/><W19/><G126/><T41/><D41/><U62/><REACH who="1" step="1"/><E74/><REACH who="1" ten="250,214,250,276" step="2"/><V2/><F103/><W43/><G34/><T23/><D102/><U58/><E58/><V48/><F112/><W54/><G43/><T130/><D130/><U49/><E49/><V87/><F48/><W90/><G75/><T69/><D69/><U68/><E68/><V121/><F113/><W36/><G36/><T115/><D115/><U129/><E129/><V86/><F121/><W38/><G38/><T79/><D70/><U108/><E108/><V106/><F106/><W44/><G50/><T20/><D107/><U64/><E64/><N who="2" m="38975" /><F2/><W65/><G65/><N who="0" m="41383" /><D53/><U4/><E4/><V125/><F125/><W131/><G131/><T31/><D31/><AGARI ba="0,1" hai="5,10,14,21,25,31,86,87,96,98,99" m="38975" machi="31" ten="30,1000,0" yaku="8,1" doraHai="135" who="2" fromWho="0" sc="250,-10,214,0,250,20,276,0" /><INIT seed="2,0,0,3,0,92" ten="240,214,270,276" oya="2" hai0="35,97,132,49,48,135,130,52,85,29,112,113,57" hai1="119,116,128,31,115,51,67,26,1,125,10,46,75" hai2="59,23,13,127,94,11,39,79,38,131,27,98,114" hai3="89,65,111,60,68,120,80,110,30,19,93,118,15"/><V73/><F114/><W43/><G118/><T104/><D130/><U33/><E115/><V9/><F131/><W14/><G120/><T32/><D85/><U50/><E128/><V123/><F123/><W74/><G43/><T8/><D8/><U40/><E75/><V72/><F127/><W76/><G30/><T53/><D29/><U101/><E125/><V36/><F59/><W100/><G100/><T90/><D90/><U95/><E67/><V71/><F71/><W58/><G68/><T7/><D7/><U56/><E1/><V106/><F106/><W25/><G25/><T87/><D87/><U55/><REACH who="1" step="1"/><E10/><REACH who="1" ten="240,204,270,276" step="2"/><V70/><F11/><W28/><G28/><T77/><D113/><U5/><E5/><V69/><F72/><W6/><G6/><T91/><D112/><U109/><E109/><N who="3" m="41482" /><G19/><T63/><D132/><U61/><E61/><V121/><F121/><W2/><G2/><T4/><D63/><U124/><E124/><V129/><F129/><W78/><G78/><T47/><D135/><U108/><E108/><V83/><F9/><W134/><G134/><T64/><D4/><U82/><E82/><V3/><F3/><W37/><G65/><T103/><D64/><U18/><E18/><V42/><F70/><W126/><G126/><T0/><D77/><U81/><E81/><V102/><F69/><W99/><G60/><T41/><D0/><U96/><AGARI ba="0,1" hai="26,31,33,40,46,50,51,55,56,95,96,101,116,119" machi="96" ten="30,8000,1" yaku="1,1,0,1,52,1,53,2" doraHai="92" doraHaiUra="44" who="1" fromWho="1" sc="240,-20,204,90,270,-40,276,-20" /><INIT seed="3,0,0,3,2,81" ten="220,294,230,256" oya="3" hai0="127,102,33,58,48,88,89,80,56,91,17,86,24" hai1="125,83,46,41,4,45,19,131,87,112,67,11,106" hai2="122,108,116,104,47,128,51,14,55,71,64,68,96" hai3="95,52,15,113,0,74,43,120,57,107,103,62,66"/><W123/><G113/><T29/><D127/><U132/><E112/><V16/><F116/><W84/><G0/><T49/><D102/><U73/><E73/><V60/><F108/><W98/><G74/><T133/><D133/><U35/><E35/><V30/><F128/><W121/><G43/><T119/><D119/><U63/><E106/><V36/><F122/><W85/><G107/><T105/><D105/><U1/><E125/><V22/><F36/><W93/><G93/><T79/><REACH who="0" step="1"/><D17/><REACH who="0" ten="210,294,230,256" step="2"/><U90/><E132/><V82/><F104/><W75/><G75/><T70/><D70/><U26/><E131/><V5/><F71/><W31/><G31/><T2/><D2/><U12/><E1/><V126/><F126/><W7/><REACH who="3" step="1"/><G66/><REACH who="3" ten="210,294,230,246" step="2"/><T25/><D25/><U53/><E26/><V115/><F115/><W94/><G94/><T65/><D65/><U77/><E67/><V32/><F30/><W42/><G42/><T44/><D44/><U21/><E41/><V78/><F64/><W134/><G134/><T10/><D10/><AGARI ba="0,2" hai="7,10,15,52,57,62,84,85,95,98,103,120,121,123" machi="10" ten="40,12000,1" yaku="1,1,52,2,54,1,53,0" doraHai="81" doraHaiUra="34" who="3" fromWho="0" sc="210,-120,294,0,230,0,246,140" /><INIT seed="3,1,0,0,2,37" ten="90,294,230,386" oya="3" hai0="91,116,69,82,119,18,86,110,87,132,93,100,64" hai1="59,81,22,24,17,103,28,72,40,76,133,121,61" hai2="63,47,29,54,35,104,107,129,20,114,67,130,25" hai3="8,4,1,44,89,111,71,66,3,99,120,15,5"/><W32/><G120/><T57/><D69/><U48/><E121/><V42/><F114/><W14/><G32/><T11/><D110/><U55/><E133/><V43/><F20/><W113/><G113/><T85/><D132/><U96/><E17/><V6/><F6/><W124/><G124/><T101/><D119/><U126/><E126/><V77/><F77/><W75/><G75/><T65/><D116/><U127/><E127/><V73/><F73/><W115/><G115/><T12/><D57/><U23/><E23/><V108/><F54/><W94/><G111/><T97/><REACH who="0" step="1"/><D82/><REACH who="0" ten="80,294,230,386" step="2"/><U36/><E81/><V16/><F108/><W70/><G70/><T106/><D106/><U19/><E59/><N who="2" m="37375" /><F107/><W45/><G71/><T60/><D60/><U34/><E61/><V131/><F104/><W21/><G66/><AGARI ba="1,1" hai="11,12,18,64,65,66,85,86,87,91,93,97,100,101" machi="66" ten="40,2600,0" yaku="1,1,8,1,53,0" doraHai="37" doraHaiUra="128" who="0" fromWho="3" sc="80,39,294,0,230,0,386,-29" /><INIT seed="4,0,0,4,3,126" ten="119,294,230,357" oya="0" hai0="72,69,102,10,53,101,114,119,35,59,5,100,124" hai1="11,7,43,74,1,66,134,38,98,99,0,65,112" hai2="25,95,79,63,73,75,105,67,71,97,44,118,64" hai3="125,131,113,87,48,61,104,31,86,108,121,91,103"/><T111/><D119/><U41/><E134/><V84/><F118/><W93/><G108/><T122/><D122/><U19/><E19/><V55/><F67/><W106/><G31/><T54/><D124/><U81/><E1/><V116/><F116/><W51/><G61/><T76/><D111/><U14/><E14/><V92/><F105/><W135/><G125/><T2/><D114/><U26/><E26/><V45/><F25/><W33/><G33/><T36/><D36/><U90/><E43/><V20/><F20/><W130/><G113/><T68/><D35/><U70/><E70/><V50/><F45/><W46/><G48/><T132/><D132/><U58/><E112/><V82/><REACH who="2" step="1"/><F95/><REACH who="2" ten="119,294,220,357" step="2"/><W42/><G135/><T23/><D23/><U18/><E65/><V123/><F123/><W56/><G121/><T13/><D2/><U120/><E120/><V94/><F94/><W83/><G104/><T60/><REACH who="0" step="1"/><D54/><REACH who="0" ten="109,294,220,357" step="2"/><U110/><E0/><V37/><F37/><W17/><G42/><T129/><D129/><U29/><E110/><V117/><F117/><W107/><G131/><T32/><D32/><U22/><E38/><V28/><F28/><W47/><G130/><T34/><D34/><U4/><E29/><V24/><F24/><W21/><G21/><T30/><D30/><U27/><E41/><V96/><F96/><W12/><G12/><T133/><D133/><U89/><E99/><V85/><F85/><W80/><G87/><T115/><D115/><U57/><E22/><V6/><F6/><W39/><G86/><T62/><D62/><N who="1" m="38223" /><E98/><V109/><F109/><RYUUKYOKU ba="0,2" sc="109,15,294,-15,220,15,357,-15" hai0="5,10,13,53,59,60,68,69,72,76,100,101,102" hai2="44,50,55,63,64,71,73,75,79,82,84,92,97" /><INIT seed="4,1,2,2,1,115" ten="124,279,235,342" oya="0" hai0="12,28,114,10,59,111,82,62,120,109,93,91,80" hai1="122,107,25,105,1,39,34,117,69,121,30,128,103" hai2="31,71,86,95,38,61,89,101,58,27,66,21,90" hai3="22,84,17,83,132,63,76,48,74,47,43,98,131"/><T37/><D120/><U127/><RYUUKYOKU type="yao9" ba="1,2" sc="124,0,279,0,235,0,342,0" hai1="1,25,30,34,39,69,103,105,107,117,121,122,127,128" /><INIT seed="4,2,2,1,3,89" ten="124,279,235,342" oya="0" hai0="115,91,82,121,79,108,31,124,86,23,64,81,20" hai1="83,96,7,58,102,0,105,132,99,67,18,109,36" hai2="61,59,116,120,15,113,1,11,77,76,74,38,101" hai3="52,47,8,111,21,133,104,28,57,9,72,88,71"/><T5/><D121/><U3/><E109/><V70/><F120/><W92/><G104/><T106/><D108/><U13/><E36/><V110/><F110/><W128/><G71/><T125/><D106/><U43/><E43/><V98/><F38/><W130/><G72/><T55/><D115/><U75/><E7/><V56/><F1/><W37/><G111/><T90/><D64/><U42/><E42/><V112/><F70/><W50/><G133/><T48/><D5/><U93/><E132/><V94/><F116/><W118/><G118/><T12/><D31/><U39/><E39/><V119/><F119/><W14/><G37/><T80/><D90/><U19/><E19/><N who="2" m="8703" /><F74/><W78/><G78/><N who="2" m="30313" /><F61/><N who="3" m="36007" /><G130/><T41/><D41/><U2/><E75/><V127/><F127/><N who="0" m="48714" /><D12/><U17/><E13/><V30/><F30/><W26/><G14/><T123/><D123/><U34/><E34/><V22/><F22/><N who="0" m="8234" /><D79/><U66/><E3/><V60/><F60/><W54/><G128/><T126/><N who="0" m="48722" /><T134/><DORA hai="85" /><D134/><U69/><E105/><V129/><F129/><W6/><G6/><T100/><D100/><U4/><E4/><V107/><F107/><W135/><G135/><T63/><D63/><U87/><E2/><V44/><F112/><W10/><G10/><T51/><D51/><U95/><E0/><V29/><F29/><W49/><G50/><T122/><D122/><U131/><E131/><V73/><F113/><W32/><G32/><T84/><D84/><AGARI ba="2,2" hai="8,9,21,26,28,47,49,54,84,88,92" m="36007" machi="84" ten="30,8000,1" yaku="8,1,52,2,54,2" doraHai="89,85" who="3" fromWho="0" sc="124,-86,279,0,235,0,342,106" /><INIT seed="5,0,0,3,1,88" ten="38,279,235,448" oya="1" hai0="82,77,91,49,76,109,20,43,79,40,111,123,57" hai1="63,66,73,31,61,85,33,124,104,21,86,134,45" hai2="74,27,114,60,95,62,132,13,3,8,103,87,127" hai3="32,6,117,69,78,113,12,18,125,112,129,51,38"/><U118/><E118/><V106/><F74/><W28/><G38/><T131/><D131/><U64/><E73/><V130/><F3/><W10/><G69/><T97/><D123/><U0/><E33/><V59/><F130/><W11/><G78/><T15/><D111/><U92/><E104/><V84/><F106/><W119/><G51/><T98/><D109/><U96/><E0/><V1/><F1/><N who="3" m="335" /><G129/><T41/><D82/><U17/><E31/><V52/><F132/><W4/><G4/><T121/><D121/><U105/><E134/><V35/><F127/><W2/><G2/><T126/><D126/><U53/><E124/><V36/><F114/><N who="3" m="44139" /><G125/><T39/><D39/><U101/><E105/><V108/><F36/><W19/><G19/><T14/><D20/><U99/><E99/><N who="2" m="59903" /><F35/><W44/><G44/><T16/><D16/><U68/><E45/><V75/><F75/><W65/><G65/><T50/><D57/><U7/><E7/><N who="2" m="3231" /><F62/><W122/><G122/><T54/><D91/><U71/><REACH who="1" step="1"/><E53/><REACH who="1" ten="38,269,235,448" step="2"/><V46/><F46/><W56/><G32/><T94/><D54/><U90/><E90/><V81/><F108/><W133/><G133/><T58/><D58/><U9/><E9/><V115/><F115/><W102/><G56/><T26/><D77/><U55/><E55/><V34/><F34/><W29/><G102/><T110/><D110/><U107/><E107/><V93/><F52/><W67/><G67/><T120/><D120/><U25/><AGARI ba="0,1" hai="17,21,25,61,63,64,66,68,71,85,86,92,96,101" machi="25" ten="20,12000,1" yaku="1,1,0,1,7,1,9,1,52,1,53,0" doraHai="88" doraHaiUra="100" who="1" fromWho="1" sc="38,-40,269,130,235,-40,448,-40" owari="-2,-50.0,399,20.0,195,-20.0,408,50.0" /></mjloggm>