<mjloggm ver="2.3"><GO type="169" lobby="0"/><UN n0="%E3%83%88%E3%83%88%E3%83%AA%E5%85%88%E7%94%9F%31%39%E6%AD%B3" n1="%E3%82%A2%E3%83%AB%E3%83%86%E3%83%9F%E3%82%B9" n2="%6D%61%69%6E%28%29" n3="%73%69%72%6F%75%75%75" dan="19,17,16,16" rate="2297.99,2081.54,2081.72,2109.71" sx="F,M,M,M"/><TAIKYOKU oya="0"/><INIT seed="0,0,0,2,4,28" ten="250,250,250,250" oya="0" hai0="46,6,88,114,29,74,109,89,97,51,73,70,11" hai1="122,22,132,78,99,126,125,35,61,91,94,133,80" hai2="36,101,68,5,10,127,129,135,7,14,1,16,17" hai3="18,45,120,3,49,115,39,86,123,50,119,37,30"/><T90/><D114/><U85/><E122/><N who="3" m="46634" /><G119/><T19/><D70/><U82/><E35/><V69/><F36/><W9/><G115/><T79/><D109/><U111/><E111/><V31/><F135/><N who="1" m="51785" /><E22/><V77/><F129/><W102/><G102/><T56/><D19/><U128/><E128/><V43/><F43/><W60/><G50/><T24/><D56/><U130/><E130/><V83/><F127/><N who="1" m="48649" /><E61/><V26/><F101/><W21/><G30/><T121/><D97/><U62/><E62/><V34/><F17/><W116/><G86/><T134/><D79/><U65/><E65/><V15/><F7/><N who="3" m="1279" /><G60/><T23/><D121/><U59/><E59/><V95/><F68/><W76/><G76/><T32/><D134/><U44/><E44/><V48/><F69/><W38/><G116/><T64/><D64/><U66/><E66/><V42/><F48/><W107/><G107/><T27/><D27/><U41/><E41/><V112/><F42/><N who="3" m="22735" /><G49/><T118/><D118/><U54/><E54/><V113/><F113/><W53/><G53/><T8/><D23/><U25/><E25/><AGARI ba="0,0" hai="18,21,25,38,39" m="22735,1279,46634" machi="25" ten="30,1000,0" yaku="13,1" doraHai="28" who="3" fromWho="1" sc="250,0,250,-10,250,0,250,10" /><INIT seed="1,0,0,0,0,30" ten="250,240,250,260" oya="1" hai0="96,83,63,123,22,11,64,73,5,90,113,15,79" hai1="109,2,114,56,112,133,81,98,12,38,6,118,49" hai2="102,45,124,46,62,34,17,55,24,52,128,97,94" hai3="130,85,40,1,92,129,134,33,32,41,10,53,120"/><U37/><E118/><V100/><F128/><N who="3" m="49259" /><G134/><T18/><D18/><U29/><E133/><V51/><F124/><W91/><G120/><T60/><D113/><U93/><E2/><V4/><F4/><N who="3" m="1295" /><G53/><T36/><D36/><U86/><E29/><V59/><F34/><AGARI ba="0,0" hai="32,33,34,40,41,85,91,92" m="1295,49259" machi="34" ten="30,7700,0" yaku="19,1,52,3" doraHai="30" who="3" fromWho="2" sc="250,0,240,0,250,-77,260,77" /><INIT seed="2,0,0,1,4,92" ten="250,240,173,337" oya="2" hai0="70,108,8,59,44,37,74,55,46,76,135,31,121" hai1="113,7,20,15,87,35,115,60,26,29,114,73,68" hai2="88,45,96,86,0,129,83,111,69,77,72,52,12" hai3="40,10,131,58,38,124,78,23,50,36,85,105,116"/><V19/><F69/><W43/><G116/><T93/><D121/><U48/><E73/><V94/><F111/><W53/><G105/><T79/><D70/><U120/><E120/><V22/><F129/><W64/><G131/><T106/><D106/><U5/><E48/><N who="2" m="28687" /><F0/><W42/><G124/><T16/><D108/><U65/><E87/><N who="2" m="48623" /><F96/><W67/><G10/><T119/><D31/><U21/><E35/><V112/><F112/><W127/><G127/><T2/><D135/><U122/><E122/><V62/><F72/><W132/><G132/><T75/><D119/><U91/><E91/><V89/><F89/><W107/><G107/><T30/><D75/><U32/><E32/><V4/><F62/><N who="3" m="36175" /><G85/><T6/><D74/><U117/><E117/><V101/><F4/><W63/><G78/><T90/><D37/><N who="3" m="14441" /><G23/><T39/><D76/><U54/><E20/><V82/><F101/><W98/><G98/><T110/><D79/><U102/><E102/><V126/><F126/><W51/><G67/><T125/><D110/><U3/><E3/><V47/><F47/><N who="0" m="17962" /><D39/><U81/><E7/><V34/><F34/><W95/><G95/><AGARI ba="0,0" hai="12,19,22,82,86,88,94,95" m="48623,28687" machi="95" ten="30,5800,0" yaku="8,1,54,2" doraHai="92" who="2" fromWho="3" sc="250,0,240,0,173,58,337,-58" /><INIT seed="2,1,0,2,1,123" ten="250,240,231,279" oya="2" hai0="48,69,62,73,56,91,106,50,55,113,90,79,135" hai1="10,63,124,13,2,27,111,1,98,115,23,53,112" hai2="75,18,89,15,58,46,118,64,51,131,44,7,39" hai3="116,28,68,76,126,74,49,21,77,8,0,36,84"/><V54/><F118/><W88/><G36/><T130/><D113/><U5/><E124/><V121/><F121/><W22/><G68/><T52/><D106/><U17/><E98/><V59/><F131/><W134/><G116/><T19/><D130/><U102/><E63/><N who="2" m="38015" /><F75/><W71/><G71/><T107/><D107/><U70/><E70/><V66/><F7/><W40/><G40/><T25/><D135/><U35/><E53/><V101/><F101/><W128/><G126/><T127/><D127/><U85/><E85/><V78/><F78/><W99/><G134/><T65/><D79/><U105/><E102/><V11/><F39/><W61/><G74/><T133/><D73/><U43/><E43/><V81/><F66/><W41/><G76/><T31/><D19/><U60/><E60/><V96/><F81/><W6/><G61/><T9/><D9/><U93/><E93/><AGARI ba="1,0" hai="11,15,18,44,46,51,54,58,89,93,96" m="38015" machi="93" ten="30,1500,0" yaku="8,1" doraHai="123" who="2" fromWho="1" sc="250,0,240,-18,231,18,279,0" /><INIT seed="2,2,0,5,0,121" ten="250,222,249,279" oya="2" hai0="48,11,4,109,91,45,135,12,69,130,16,57,73" hai1="83,125,7,17,65,51,5,10,124,34,82,37,35" hai2="44,38,118,58,102,120,114,72,15,116,131,127,50" hai3="19,85,55,9,97,59,88,23,74,133,24,99,129"/><V66/><F72/><W42/><G74/><T64/><D73/><U128/><E37/><V80/><F120/><W77/><G77/><T62/><D130/><U123/><E128/><V60/><F131/><W119/><G119/><T104/><D135/><U28/><E123/><V43/><F102/><W110/><G110/><T71/><D109/><U103/><E65/><V81/><F114/><W30/><G42/><T1/><D104/><U40/><E17/><V21/><F127/><N who="1" m="48713" /><E28/><V93/><F93/><N who="3" m="54415" /><G133/><T8/><REACH who="0" step="1"/><D91/><REACH who="0" ten="240,222,249,279" step="2"/><U122/><E122/><V61/><F118/><W100/><G129/><T36/><D36/><U18/><E103/><V105/><F116/><W84/><G100/><T106/><D106/><U111/><E111/><V79/><F105/><W96/><G84/><T2/><D2/><U112/><E112/><V94/><F38/><W0/><G0/><T63/><D63/><U89/><E89/><V115/><F115/><W47/><G99/><T78/><D78/><U67/><E83/><V41/><F79/><W25/><G97/><T134/><D134/><U113/><E82/><N who="2" m="31851" /><F61/><W54/><G96/><T27/><D27/><U52/><E113/><V49/><F94/><W53/><G25/><T86/><D86/><U39/><E39/><V95/><F95/><W107/><G107/><T46/><D46/><U68/><E35/><V87/><F87/><W76/><G76/><T3/><D3/><U22/><E34/><V6/><F44/><W132/><G47/><T13/><D13/><U32/><E32/><V26/><F15/><N who="3" m="7663" /><G132/><T98/><D98/><U75/><E75/><RYUUKYOKU ba="2,1" sc="240,15,222,-15,249,-15,279,15" hai0="1,4,8,11,12,16,45,48,57,62,64,69,71" hai3="23,24,30,53,54,55,59" /><INIT seed="3,3,1,4,1,72" ten="255,207,234,294" oya="3" hai0="54,71,40,51,129,57,39,98,25,11,119,86,31" hai1="93,55,62,20,96,67,38,23,130,46,0,35,43" hai2="66,63,99,97,73,68,111,16,33,118,32,92,89" hai3="19,82,76,52,85,84,65,120,44,2,10,5,60"/><W28/><G120/><T83/><D119/><U41/><E130/><V3/><F118/><W48/><G28/><T123/><D123/><U90/><E35/><V127/><F111/><W133/><G133/><T1/><D129/><U88/><E0/><V114/><F114/><W132/><G132/><T34/><D71/><U125/><E125/><V27/><F127/><W26/><G26/><T79/><D39/><U94/><E41/><V17/><F3/><W131/><G131/><T74/><D40/><U105/><E105/><V121/><F121/><W106/><G19/><T30/><D30/><U42/><E42/><V13/><F73/><W103/><G103/><T6/><D98/><U14/><E14/><V4/><F97/><W91/><G106/><T69/><D69/><U24/><E55/><V78/><F78/><W50/><G50/><T21/><REACH who="0" step="1"/><D74/><REACH who="0" ten="245,207,234,294" step="2"/><U29/><E29/><V9/><F68/><W36/><G36/><T108/><D108/><U112/><E112/><V128/><F128/><W116/><G116/><T117/><D117/><U135/><E135/><V80/><F99/><W7/><G5/><T37/><D37/><U12/><E96/><V101/><F4/><W8/><G7/><T56/><D56/><U15/><E38/><V77/><F101/><W70/><REACH who="3" step="1"/><G2/><REACH who="3" ten="245,207,234,284" step="2"/><T107/><D107/><U61/><E24/><V113/><F27/><W126/><G126/><T81/><D81/><AGARI ba="3,3" hai="8,10,44,48,52,60,65,70,76,81,82,84,85,91" machi="81" ten="30,12000,1" yaku="1,1,7,1,52,1,54,1,53,1" doraHai="72" doraHaiUra="59" who="3" fromWho="0" sc="245,-129,207,0,234,0,284,159" /><INIT seed="3,4,0,1,5,93" ten="116,207,234,443" oya="3" hai0="0,70,110,6,32,103,35,12,28,71,8,41,133" hai1="119,5,11,7,55,90,76,107,80,95,126,99,116" hai2="60,88,118,113,69,129,89,75,111,21,1,48,46" hai3="98,59,77,128,100,54,124,4,134,29,72,108,85"/><W125/><G4/><T36/><D110/><U62/><E126/><N who="3" m="48746" /><G108/><T3/><D133/><U51/><E107/><V2/><F111/><W56/><G134/><T106/><D12/><U82/><E62/><V92/><F113/><W20/><G128/><T65/><D3/><U31/><E31/><V14/><F129/><W61/><G72/><T127/><D127/><U94/><E94/><V114/><F114/><W122/><G122/><T87/><D87/><U30/><E30/><V112/><F112/><W45/><G45/><N who="0" m="23719" /><D65/><U63/><E63/><V97/><F75/><W18/><G29/><T66/><D66/><U42/><E42/><V19/><F89/><W83/><G54/><T9/><D9/><U57/><E7/><V115/><F115/><W44/><G44/><T91/><D91/><U26/><E26/><V79/><F2/><W78/><G78/><T53/><D53/><U123/><E123/><V81/><F1/><W34/><G61/><T25/><D35/><U121/><E121/><V58/><F118/><N who="1" m="45097" /><E76/><V84/><F69/><W33/><G33/><T39/><D39/><U38/><E38/><V130/><F130/><W10/><G34/><T50/><D50/><U17/><E17/><V15/><F19/><W68/><G68/><T74/><D74/><U120/><E120/><V67/><REACH who="2" step="1"/><F21/><REACH who="2" ten="116,207,224,443" step="2"/><W135/><G135/><T104/><D71/><U16/><E16/><V40/><AGARI ba="4,1" hai="14,15,40,46,48,58,60,67,79,81,84,88,92,97" machi="40" ten="20,12000,2" yaku="1,1,2,1,0,1,7,1,8,1,52,1,54,1,53,0" doraHai="93" doraHaiUra="109" who="2" fromWho="2" sc="116,-34,207,-34,224,142,443,-64" /><INIT seed="4,0,0,0,5,3" ten="82,173,366,379" oya="0" hai0="119,47,120,92,6,71,73,124,87,37,14,106,77" hai1="130,58,10,78,43,72,67,20,82,27,35,95,113" hai2="75,59,33,39,103,99,96,118,7,53,61,8,40" hai3="23,66,0,9,116,91,32,110,102,1,15,62,25"/><T54/><D119/><U64/><E35/><V17/><F118/><W83/><G110/><T122/><D106/><U18/><E130/><V86/><F75/><W132/><G32/><T117/><D117/><U5/><E113/><V79/><F33/><W52/><G116/><T115/><D71/><U16/><E18/><V51/><F39/><W70/><G102/><T63/><D115/><U50/><E95/><V12/><F17/><W101/><G101/><T26/><D124/><U69/><E69/><V108/><F103/><W19/><G132/><T131/><D131/><U107/><E107/><V76/><F108/><W98/><G52/><T45/><D26/><U112/><E112/><V97/><F86/><W46/><G46/><AGARI ba="0,0" hai="7,8,12,40,46,51,53,59,61,76,79,96,97,99" machi="46" ten="40,2600,0" yaku="8,1,52,1" doraHai="3" who="2" fromWho="3" sc="82,0,173,0,366,26,379,-26" /><INIT seed="5,0,0,4,3,18" ten="82,173,392,353" oya="1" hai0="109,44,128,110,100,119,36,126,117,116,134,4,50" hai1="93,21,34,91,48,10,105,102,26,23,82,103,108" hai2="66,125,12,112,17,73,98,13,133,59,24,6,130" hai3="104,58,2,51,62,20,32,9,40,28,49,86,64"/><U115/><E115/><V120/><F120/><W35/><G104/><T14/><D100/><U16/><E34/><V122/><F122/><W94/><G2/><T106/><D106/><U89/><E108/><N who="0" m="41577" /><D14/><N who="1" m="9367" /><E105/><V57/><F73/><W7/><G40/><N who="0" m="22535" /><D4/><U53/><E10/><V72/><F112/><W0/><G32/><T38/><D38/><U101/><E82/><V43/><F72/><W80/><G94/><T25/><D25/><U123/><E123/><V111/><F24/><W8/><G35/><T3/><D3/><U121/><E121/><V99/><F12/><N who="3" m="5151" /><G9/><T79/><D79/><U78/><E78/><V131/><F111/><W113/><G113/><T135/><D128/><U129/><E129/><V29/><F131/><W31/><G0/><T107/><D107/><U45/><E93/><V118/><F130/><W88/><G31/><AGARI ba="0,0" hai="23,26,31,45,48,53,89,91,101,102,103" m="9367" machi="31" ten="30,11600,0" yaku="8,1,52,2,54,1" doraHai="18" who="1" fromWho="3" sc="82,0,173,116,392,0,353,-116" /><INIT seed="5,1,0,1,0,84" ten="82,289,392,237" oya="1" hai0="79,47,99,101,14,125,113,40,88,67,7,121,135" hai1="50,95,45,21,119,109,86,111,94,41,126,9,93" hai2="103,31,81,57,46,42,12,10,114,105,3,53,1" hai3="129,128,106,66,20,112,132,8,65,0,37,133,51"/><U11/><E119/><V6/><F114/><W34/><G34/><T56/><D121/><U107/><E107/><V26/><F81/><W130/><G106/><T18/><D113/><U48/><E126/><V15/><F12/><W59/><G20/><T115/><D115/><U63/><E63/><V97/><F53/><N who="3" m="32191" /><G112/><T22/><D125/><U74/><E74/><V29/><F57/><W87/><G87/><T108/><D108/><N who="1" m="41547" /><E21/><V122/><F122/><W33/><G33/><T58/><D79/><U89/><E50/><V28/><F26/><W120/><G120/><T4/><D101/><U16/><E16/><V76/><F76/><W134/><G0/><T43/><D135/><U83/><AGARI ba="1,0" hai="9,11,41,45,48,83,86,89,93,94,95" m="41547" machi="83" ten="30,3000,0" yaku="10,1,52,1" doraHai="84" who="1" fromWho="1" sc="82,-11,289,33,392,-11,237,-11" /><INIT seed="5,2,0,3,4,109" ten="71,322,381,226" oya="1" hai0="95,2,54,72,111,104,77,70,113,81,102,66,106" hai1="100,10,39,24,98,58,32,41,9,129,132,112,21" hai2="134,52,11,86,31,37,108,118,120,62,55,101,23" hai3="3,30,1,78,15,87,124,48,27,51,135,8,22"/><U71/><E71/><V74/><F74/><W96/><G135/><T127/><D2/><U133/><E32/><V91/><F108/><W94/><G124/><T57/><D111/><U18/><E129/><V99/><F118/><W12/><G3/><T128/><D70/><U0/><E41/><V28/><F120/><W7/><G1/><T105/><D66/><U42/><E42/><V33/><F37/><W44/><G15/><T123/><D128/><U35/><E35/><V121/><F121/><W80/><REACH who="3" step="1"/><G44/><REACH who="3" ten="71,322,381,216" step="2"/><T90/><D123/><U93/><E0/><V13/><F134/><W89/><AGARI ba="2,1" hai="7,8,12,22,27,30,48,51,78,80,87,89,94,96" machi="89" ten="20,12000,2" yaku="1,1,2,1,0,1,7,1,8,1,53,1" doraHai="109" doraHaiUra="75" who="3" fromWho="3" sc="71,-32,322,-62,381,-32,216,136" /><INIT seed="6,0,0,5,5,133" ten="39,260,349,352" oya="2" hai0="6,86,14,8,106,83,41,36,17,77,74,68,25" hai1="38,7,34,67,30,94,35,28,0,59,120,19,63" hai2="52,115,129,51,37,95,66,124,23,26,131,57,93" hai3="65,105,85,45,127,84,46,21,64,90,98,40,39"/><V1/><F1/><W53/><G127/><T15/><D106/><U100/><E38/><V76/><F37/><W128/><G128/><N who="2" m="49225" /><F115/><W111/><G111/><T104/><D104/><U18/><E120/><V79/><F66/><W22/><G85/><T71/><D25/><U96/><E34/><V31/><F124/><W80/><G46/><T135/><D135/><U29/><E35/><V32/><F32/><W43/><G43/><T113/><D113/><U75/><E75/><V109/><F109/><W55/><G65/><T11/><D86/><U5/><E0/><V81/><F79/><W108/><G108/><T97/><D97/><U10/><E10/><V91/><F91/><W121/><G121/><T82/><D82/><U73/><E73/><AGARI ba="0,0" hai="23,26,31,51,52,57,73,76,81,93,95" m="49225" machi="73" ten="30,2900,0" yaku="19,1,54,1" doraHai="133" who="2" fromWho="1" sc="39,0,260,-29,349,29,352,0" /><INIT seed="6,1,0,4,1,4" ten="39,231,378,352" oya="2" hai0="2,24,16,130,129,28,82,95,33,93,117,6,68" hai1="34,55,128,51,126,10,41,7,99,113,0,9,101" hai2="56,107,134,109,30,57,88,25,102,97,46,125,53" hai3="72,36,42,8,15,111,79,85,1,20,62,48,22"/><V105/><F134/><W91/><G111/><T59/><D68/><U17/><E113/><V38/><F109/><W23/><G1/><T45/><D45/><U50/><E34/><V47/><F125/><W75/><G36/><T35/><D82/><U11/><E126/><V127/><F127/><W29/><G79/><T90/><D95/><N who="1" m="58623" /><E128/><N who="0" m="49257" /><D59/><N who="1" m="33271" /><E0/><V110/><F110/><W18/><G62/><T119/><D90/><U120/><E120/><V49/><F105/><W123/><G123/><T86/><D86/><U60/><E60/><V103/><F103/><W54/><G42/><T12/><D93/><U131/><E7/><V67/><F88/><W112/><G112/><T133/><D35/><U73/><E73/><V39/><F67/><W37/><G37/><T78/><D78/><U27/><E131/><V100/><F100/><W114/><G114/><T81/><D81/><U32/><E32/><V96/><F39/><W3/><G75/><T77/><D77/><U66/><E66/><V5/><F97/><W58/><G72/><T108/><D108/><U31/><E41/><V52/><F38/><W44/><G44/><T19/><D133/><U87/><E87/><V124/><F124/><W121/><G121/><T26/><D26/><U65/><E65/><V116/><F47/><W83/><REACH who="3" step="1"/><G3/><REACH who="3" ten="39,231,378,342" step="2"/><T70/><D70/><U40/><E40/><V106/><F46/><W94/><G94/><T118/><D2/><U104/><E104/><V74/><F107/><W76/><G76/><T13/><D6/><U71/><E51/><N who="2" m="30751" /><F5/><W84/><G84/><T132/><D132/><U43/><E43/><RYUUKYOKU ba="1,1" sc="39,15,231,-15,378,-15,342,15" hai0="12,13,16,19,24,28,33,117,118,119" hai3="8,15,18,20,22,23,29,48,54,58,83,85,91" /><INIT seed="7,2,1,3,3,34" ten="54,216,363,357" oya="3" hai0="57,14,64,96,88,12,5,118,107,8,130,129,58" hai1="9,47,101,76,22,100,84,121,72,134,63,24,78" hai2="94,55,53,114,99,95,11,104,85,25,115,20,79" hai3="13,90,135,46,45,122,6,68,77,102,116,125,67"/><W62/><G122/><T123/><D118/><U60/><E72/><V73/><F73/><W133/><G116/><T81/><D123/><U111/><E111/><V7/><F104/><W132/><G125/><T50/><D107/><U52/><E134/><V36/><F36/><W48/><G102/><N who="1" m="39530" /><E9/><V110/><F110/><W103/><G103/><T35/><D35/><U51/><E121/><V44/><F79/><N who="1" m="30249" /><E84/><V33/><F85/><W106/><G106/><T2/><D64/><U41/><E41/><V98/><F33/><W126/><G126/><T86/><D96/><U89/><E89/><V113/><F99/><W18/><G77/><T42/><D58/><U119/><E119/><V39/><F98/><W93/><G6/><T4/><D4/><U54/><E54/><N who="2" m="20491" /><F11/><N who="3" m="6463" /><G48/><T65/><D50/><U124/><E124/><V15/><F7/><W28/><G28/><AGARI ba="2,1" hai="22,24,28,47,51,52,60,63" m="30249,39530" machi="28" ten="30,2000,0" yaku="8,1,54,1" doraHai="34" who="1" fromWho="3" sc="54,0,216,36,363,0,357,-26" owari="54,-45.0,252,-15.0,363,47.0,331,13.0" /></mjloggm>