<mjloggm ver="2.3"><GO type="169" lobby="0"/><UN n0="%E3%82%A6%E3%83%AB%E3%83%88%E3%83%A9%E7%AB%8B%E7%9B%B4" n1="%E9%B3%B3%E5%BC%A5" n2="%E5%80%89%E6%A9%8B%EF%BC%A0%E4%BA%8B%E5%8B%99" n3="%E5%85%8E%E7%BE%8E" dan="19,16,17,17" rate="2312.22,2109.87,2197.62,2144.26" sx="M,M,M,F"/><TAIKYOKU oya="0"/><INIT seed="0,0,0,5,4,31" ten="250,250,250,250" oya="0" hai0="46,113,11,16,122,58,67,112,80,62,45,71,74" hai1="101,19,96,30,79,44,87,123,9,36,106,52,0" hai2="25,27,118,69,98,6,47,35,93,94,33,131,76" hai3="133,34,117,51,99,15,68,70,91,104,7,85,39"/><T4/><D122/><U121/><E30/><V130/><F69/><W88/><G117/><T89/><D58/><U12/><E0/><V18/><F6/><W65/><G39/><T57/><D57/><U60/><E36/><V24/><F118/><W64/><G133/><T59/><D59/><U53/><E60/><V102/><F76/><W86/><G51/><T81/><D81/><U63/><E63/><V116/><F116/><W124/><G124/><T40/><D46/><U95/><E44/><V127/><F127/><W82/><G104/><T83/><D83/><U111/><E111/><V92/><F18/><W56/><G99/><T28/><D28/><U90/><REACH who="1" step="1"/><E79/><REACH who="1" ten="250,240,250,250" step="2"/><V20/><F47/><W108/><G108/><T26/><D45/><U110/><E110/><V103/><F20/><W37/><G37/><T107/><D40/><U29/><E29/><V23/><F23/><W129/><G56/><T54/><D54/><AGARI ba="0,1" hai="9,12,19,52,53,54,87,90,95,96,101,106,121,123" machi="54" ten="40,2600,0" yaku="1,1,54,1,53,0" doraHai="31" doraHaiUra="128" who="1" fromWho="0" sc="250,-26,240,36,250,0,250,0" /><INIT seed="1,0,0,0,0,99" ten="224,276,250,250" oya="1" hai0="130,120,19,101,50,85,5,0,81,116,74,104,20" hai1="60,44,134,106,132,43,86,125,33,61,80,32,59" hai2="73,67,119,40,66,94,15,28,102,135,31,111,107" hai3="97,124,75,77,117,13,48,88,6,69,105,92,127"/><U82/><E106/><V70/><F119/><W122/><G69/><T91/><D116/><U68/><E68/><V84/><F73/><W7/><G117/><T90/><D130/><U87/><E125/><N who="3" m="48202" /><G122/><T114/><D114/><U3/><E3/><V25/><F31/><W133/><G48/><T39/><D39/><U115/><E115/><V110/><F40/><W35/><G35/><T113/><D113/><U98/><E98/><V89/><F135/><W103/><G13/><T71/><D50/><U56/><E43/><V8/><F70/><W17/><G17/><T2/><D19/><U100/><E44/><V58/><F58/><W41/><G41/><T76/><D0/><U14/><REACH who="1" step="1"/><E14/><REACH who="1" ten="224,266,250,250" step="2"/><V38/><F107/><W34/><G133/><T11/><D104/><U10/><E10/><V9/><F15/><W118/><G118/><T16/><D71/><U126/><E126/><V29/><F8/><W96/><G34/><T72/><D120/><U57/><E57/><V52/><F9/><W23/><G23/><T26/><D11/><U78/><E78/><V45/><F110/><W63/><G77/><T12/><D12/><U121/><E121/><V24/><F111/><W55/><G97/><T46/><D2/><U108/><E108/><V128/><F45/><W112/><G96/><T109/><D46/><U18/><E18/><V47/><F47/><W1/><G105/><T129/><D109/><U79/><E79/><V36/><F36/><W123/><G112/><T49/><D76/><U54/><E54/><V53/><F38/><W27/><G1/><T42/><D42/><RYUUKYOKU ba="0,1" sc="224,-10,266,30,250,-10,250,-10" hai1="32,33,56,59,60,61,80,82,86,87,100,132,134" /><INIT seed="1,1,1,4,5,49" ten="214,296,240,240" oya="1" hai0="25,130,18,31,32,67,83,55,81,95,10,100,47" hai1="52,3,64,105,34,54,6,56,11,76,120,94,9" hai2="131,82,35,108,71,46,72,127,8,97,36,61,92" hai3="122,78,96,69,65,21,68,2,48,0,43,22,85"/><U80/><E105/><V24/><F108/><W7/><G122/><T102/><D130/><U121/><E34/><V15/><F131/><W16/><G96/><T28/><D67/><U42/><E42/><V84/><F127/><W125/><G125/><T4/><D31/><U91/><E11/><V109/><F109/><W88/><G78/><T40/><D18/><U41/><E41/><V70/><F72/><W45/><G22/><T62/><D95/><U27/><E27/><V110/><F110/><W51/><G51/><T101/><D62/><U5/><E5/><V59/><F36/><W128/><G128/><T13/><REACH who="0" step="1"/><D55/><REACH who="0" ten="204,296,240,240" step="2"/><U57/><E120/><V30/><F61/><W123/><G123/><T12/><D12/><N who="1" m="5175" /><E121/><V23/><F15/><W33/><G33/><T19/><D19/><U60/><E3/><V75/><F35/><W113/><G113/><T63/><D63/><N who="1" m="36231" /><E64/><V98/><F30/><W86/><G65/><T39/><AGARI ba="1,2" hai="4,10,13,25,28,32,39,40,47,81,83,100,101,102" machi="39" ten="30,2000,0" yaku="1,1,0,1,53,0" doraHai="49" doraHaiUra="111" who="0" fromWho="0" sc="204,43,296,-11,240,-6,240,-6" /><INIT seed="2,0,0,1,4,31" ten="247,285,234,234" oya="2" hai0="72,18,22,91,70,127,114,51,16,122,113,7,83" hai1="115,128,14,17,24,33,1,124,134,99,28,94,111" hai2="120,40,97,57,49,43,25,96,54,76,12,0,129" hai3="21,50,131,103,123,23,52,34,39,27,102,4,93"/><V68/><F120/><W133/><G123/><T42/><D122/><U53/><E115/><V119/><F0/><W92/><G39/><T30/><D70/><U116/><E116/><V11/><F68/><W90/><G131/><T69/><D69/><U87/><E128/><V71/><F71/><W65/><G133/><T98/><D7/><U135/><E1/><V32/><F119/><W19/><G65/><T109/><D30/><U110/><E87/><V105/><F129/><W64/><G64/><T86/><D72/><U107/><E53/><V82/><F105/><W3/><G3/><T66/><D66/><U85/><E85/><V26/><F97/><W126/><G126/><T58/><D127/><U6/><E6/><V37/><F96/><W121/><G4/><T61/><D98/><U112/><E107/><V95/><F95/><W84/><G34/><T104/><D18/><U108/><E112/><V81/><F37/><W88/><G23/><T60/><D104/><U41/><E41/><V44/><F32/><W13/><G27/><N who="2" m="10249" /><F57/><N who="3" m="32919" /><G121/><T79/><D114/><U63/><E63/><V106/><F106/><W56/><G56/><T118/><D113/><U9/><REACH who="1" step="1"/><E124/><REACH who="1" ten="247,275,234,234" step="2"/><V89/><F76/><W67/><G67/><N who="0" m="39319" /><D61/><U48/><E48/><V20/><F40/><W5/><G5/><T117/><D79/><U10/><E10/><V59/><F11/><W45/><G45/><N who="0" m="26039" /><D118/><U75/><E75/><V47/><F43/><W130/><G130/><T100/><D117/><U62/><E62/><V132/><F47/><W29/><G29/><T8/><D8/><U80/><E80/><RYUUKYOKU ba="0,1" sc="247,-15,275,15,234,-15,234,15" hai1="9,14,17,24,28,33,94,99,108,110,111,134,135" hai3="13,19,21,84,88,90,92,93,102,103" /><INIT seed="3,1,1,2,3,45" ten="232,290,219,249" oya="3" hai0="64,90,21,114,93,2,51,130,96,28,60,95,0" hai1="41,131,57,33,75,129,18,12,8,73,58,98,67" hai2="11,106,135,122,34,119,59,44,126,9,46,103,27" hai3="76,113,3,80,47,127,20,99,110,17,55,123,115"/><W14/><G123/><T54/><D130/><N who="1" m="49675" /><E33/><V125/><F119/><W70/><G3/><T40/><D40/><U31/><E31/><V7/><F122/><W61/><G127/><T77/><D77/><U82/><E41/><V92/><F106/><W112/><G110/><T72/><D72/><N who="1" m="27723" /><E67/><V91/><F103/><W62/><G99/><T63/><D114/><U108/><E108/><V37/><F59/><W132/><G132/><T85/><D64/><U133/><E133/><V5/><F135/><W30/><G30/><T68/><D68/><U66/><E66/><V134/><F134/><W89/><G89/><N who="0" m="53423" /><D2/><U94/><E82/><V32/><F92/><W120/><G120/><T1/><D1/><U56/><E56/><V118/><F118/><W50/><REACH who="3" step="1"/><G70/><REACH who="3" ten="232,290,219,239" step="2"/><T53/><D0/><U109/><E109/><V4/><F91/><AGARI ba="1,2" hai="8,12,18,57,58,91,94,98" m="27723,49675" machi="91" ten="30,1000,0" yaku="19,1" doraHai="45" who="1" fromWho="2" sc="232,0,290,33,219,-13,239,0" /><INIT seed="4,0,0,1,0,20" ten="232,323,206,239" oya="0" hai0="127,17,72,36,29,30,47,23,89,108,111,130,68" hai1="99,82,1,96,83,120,133,64,107,104,3,5,22" hai2="28,93,6,25,44,46,95,10,115,16,121,15,85" hai3="103,79,13,60,11,119,77,70,134,69,91,35,40"/><T55/><D68/><U81/><E120/><V27/><F121/><W117/><G35/><T24/><D72/><U34/><E34/><V39/><F115/><W76/><G103/><T12/><D130/><U54/><E64/><V73/><F73/><W110/><G110/><N who="0" m="42027" /><D127/><U125/><E133/><V62/><F39/><W118/><G134/><T19/><D89/><U94/><E125/><V128/><F128/><W7/><G40/><N who="0" m="22919" /><D55/><U67/><E67/><V31/><F62/><W131/><G131/><T88/><D88/><U132/><E54/><V113/><F113/><W97/><G60/><T4/><D4/><U135/><E81/><V84/><F6/><W100/><REACH who="3" step="1"/><G91/><REACH who="3" ten="232,323,206,229" step="2"/><T98/><D98/><U66/><E132/><V123/><F123/><W9/><G9/><AGARI ba="0,1" hai="9,12,17,19,23,24,29,30" m="22919,42027" machi="9" ten="30,2900,0" yaku="10,1,52,1" doraHai="20" who="0" fromWho="3" sc="232,39,323,0,206,0,229,-29" /><INIT seed="4,1,0,4,4,11" ten="271,323,206,200" oya="0" hai0="122,72,66,21,87,125,60,24,132,92,126,45,114" hai1="12,74,80,62,88,86,36,44,3,13,54,83,81" hai2="37,26,2,19,79,56,15,18,123,39,95,59,57" hai3="61,127,71,7,58,115,10,93,104,130,34,134,17"/><T16/><D72/><U25/><E3/><V77/><F2/><W47/><G115/><T107/><D107/><U90/><E36/><V6/><F123/><W98/><G127/><N who="0" m="48651" /><D122/><U101/><E101/><V84/><F37/><W111/><G111/><T65/><D114/><U38/><E38/><V69/><F69/><W63/><G130/><T133/><D45/><U82/><E74/><V102/><F39/><W31/><G134/><N who="0" m="51819" /><D60/><U33/><E33/><V4/><F26/><W35/><G17/><T27/><D27/><U30/><E90/><AGARI ba="1,0" hai="16,21,24,65,66,87,90,92" m="51819,48651" machi="90" ten="30,5800,0" yaku="18,1,20,1,54,1" doraHai="11" who="0" fromWho="1" sc="271,61,323,-61,206,0,200,0" /><INIT seed="4,2,0,3,1,14" ten="332,262,206,200" oya="0" hai0="2,37,132,131,123,46,28,82,10,101,64,50,17" hai1="92,13,0,127,51,11,12,122,39,19,133,117,93" hai2="41,78,40,53,49,88,111,115,35,102,91,124,113" hai3="129,81,20,25,95,130,29,86,118,119,69,100,42"/><T54/><D123/><U7/><E39/><V76/><F111/><W74/><G69/><T47/><D131/><N who="3" m="50185" /><G74/><T125/><D125/><U83/><E122/><V38/><F35/><W16/><G42/><N who="2" m="16489" /><F38/><W77/><G29/><T121/><D2/><U34/><E34/><V22/><F102/><W99/><AGARI ba="2,0" hai="16,20,25,77,81,86,95,99,100,118,119" m="50185" machi="99" ten="30,4000,0" yaku="19,1,52,1,54,1" doraHai="14" who="3" fromWho="3" sc="332,-22,262,-12,206,-12,200,46" /><INIT seed="5,0,0,1,2,70" ten="310,250,194,246" oya="1" hai0="4,85,95,63,119,3,78,66,135,29,42,115,35" hai1="120,133,28,79,18,57,19,16,17,127,15,51,123" hai2="34,113,118,97,52,50,129,22,117,47,44,46,91" hai3="69,99,126,114,103,54,105,77,0,64,124,131,10"/><U90/><E79/><V122/><F34/><W92/><G114/><T75/><D85/><U14/><E133/><V24/><F122/><W81/><G131/><T102/><D95/><U84/><E127/><N who="3" m="48682" /><G54/><T5/><D5/><U110/><E110/><V80/><F129/><W68/><G64/><T33/><D102/><U48/><E28/><V30/><F113/><W6/><G105/><T94/><D94/><U93/><N who="1" m="4608" /><DORA hai="11" /><U65/><E120/><V86/><REACH who="2" step="1"/><F97/><REACH who="2" ten="310,250,184,246" step="2"/><W41/><G41/><T96/><D42/><U32/><E32/><V25/><F25/><W82/><G82/><T132/><D35/><U20/><E123/><V112/><F112/><W121/><G121/><T111/><D33/><U72/><E20/><V38/><F38/><W45/><G45/><AGARI ba="0,1" hai="22,24,30,44,45,46,47,50,52,80,86,91,117,118" machi="45" ten="40,2600,0" yaku="1,1,54,1,53,0" doraHai="70,11" doraHaiUra="60,12" who="2" fromWho="3" sc="310,0,250,0,184,36,246,-26" /><INIT seed="6,0,0,4,2,107" ten="310,250,220,220" oya="2" hai0="132,27,87,86,128,54,106,122,119,3,16,83,48" hai1="126,59,17,81,19,62,26,103,60,114,20,61,33" hai2="129,80,72,53,102,21,46,92,58,35,32,57,51" hai3="123,97,115,8,108,135,105,127,13,47,84,1,25"/><V73/><F129/><W131/><G123/><T55/><D106/><U133/><E114/><V94/><F57/><W91/><G108/><T43/><D3/><U9/><E133/><V22/><F35/><W77/><G135/><T28/><D122/><U76/><E126/><V24/><F32/><W113/><G127/><T125/><D87/><N who="1" m="48551" /><E33/><V117/><F117/><W52/><G131/><T74/><D54/><N who="1" m="33911" /><E103/><V10/><F10/><W4/><G25/><T101/><D27/><U39/><E39/><V89/><F102/><W85/><G97/><T104/><D28/><U65/><E65/><V134/><F134/><W98/><G98/><T79/><D48/><U96/><E96/><V40/><F21/><W31/><G31/><T64/><D64/><U88/><E88/><V99/><F92/><W66/><G66/><T71/><D71/><U15/><AGARI ba="0,0" hai="9,15,17,19,20,26,61,62" m="33911,48551" machi="15" ten="30,1100,0" yaku="8,1" doraHai="107" who="1" fromWho="1" sc="310,-3,250,11,220,-5,220,-3" /><INIT seed="7,0,0,1,2,45" ten="307,261,215,217" oya="3" hai0="86,116,12,129,41,91,111,52,56,8,14,77,87" hai1="71,33,112,122,62,51,10,96,121,107,7,109,4" hai2="75,99,46,44,25,23,78,35,1,79,94,32,110" hai3="2,59,127,18,3,73,15,38,69,92,54,74,82"/><W134/><G38/><T47/><D129/><U40/><E7/><V113/><F110/><W124/><G69/><T29/><D29/><U80/><E80/><V28/><F1/><N who="3" m="11" /><G134/><T119/><D111/><U24/><E40/><V101/><F113/><W0/><N who="3" m="19" /><W16/><DORA hai="120" /><G92/><T131/><D131/><U49/><E109/><V70/><F70/><W22/><G18/><T68/><D68/><U37/><E37/><V48/><F46/><W64/><G64/><T103/><D103/><N who="1" m="62951" /><E112/><V11/><F11/><W76/><G82/><T90/><D8/><U132/><E132/><V42/><REACH who="2" step="1"/><F75/><REACH who="2" ten="307,261,205,217" step="2"/><W89/><G76/><AGARI ba="0,1" hai="23,25,28,32,35,42,44,48,76,78,79,94,99,101" machi="76" ten="40,12000,2" yaku="1,1,2,1,52,1,53,3" doraHai="45,120" doraHaiUra="43,31" who="2" fromWho="3" sc="307,0,261,0,205,130,217,-120" owari="307,11.0,261,-14.0,335,43.0,97,-40.0" /></mjloggm>