<mjloggm ver="2.3"><GO type="169" lobby="0"/><UN n0="%E3%81%A9%E3%81%84%E3%83%BC%E3%82%93" n1="%E5%A4%A7%E6%98%9F%E6%B7%A1%E3%81%82%E3%82%8F%E3%81%82%E3%82%8F" n2="%CE%BC%E3%81%97%E3%82%82%E3%81%A7" n3="%E3%83%88%E3%83%88%E3%83%AA%E5%85%88%E7%94%9F%31%39%E6%AD%B3" dan="17,16,16,19" rate="2145.41,2122.44,2059.58,2295.55" sx="M,M,M,F"/><TAIKYOKU oya="0"/><INIT seed="0,0,0,1,2,56" ten="250,250,250,250" oya="0" hai0="116,78,104,18,11,81,69,96,110,55,101,132,73" hai1="127,75,23,91,46,22,109,113,102,112,74,21,28" hai2="59,114,30,45,77,24,15,13,44,94,131,34,37" hai3="2,17,25,20,111,120,117,49,66,118,63,51,36"/><T4/><D116/><U103/><E109/><V39/><F114/><N who="1" m="44137" /><E46/><V1/><F1/><W16/><G111/><T42/><D132/><U123/><E28/><V0/><F0/><W68/><G36/><T8/><D110/><U41/><E123/><V119/><F119/><W95/><G120/><T65/><D55/><U54/><E54/><V84/><F131/><W80/><G49/><T29/><D29/><U98/><E98/><V87/><F59/><W33/><G33/><T61/><D42/><U50/><E127/><V67/><F67/><W97/><G2/><T92/><D4/><U82/><E50/><V31/><F94/><W9/><G51/><T134/><D134/><U90/><E41/><V47/><F31/><W3/><G80/><T100/><D100/><N who="1" m="38443" /><E82/><V7/><F7/><W64/><G64/><T72/><D72/><AGARI ba="0,0" hai="21,22,23,72,74,75,90,91" m="38443,44137" machi="72" ten="40,5200,0" yaku="28,2,11,1" doraHai="56" who="1" fromWho="0" sc="250,-52,250,52,250,0,250,0" /><INIT seed="1,0,0,5,4,37" ten="198,302,250,250" oya="1" hai0="23,110,64,8,66,21,107,63,47,118,97,45,76" hai1="83,17,12,33,101,34,61,121,24,72,70,135,124" hai2="1,104,77,59,129,111,54,3,127,82,80,125,119" hai3="87,31,131,0,42,95,39,128,40,50,35,7,27"/><U57/><E121/><V92/><F104/><W18/><G39/><T32/><D32/><U75/><E135/><V51/><F119/><W117/><G117/><T126/><D118/><U74/><E124/><N who="2" m="47691" /><F111/><W49/><G18/><T53/><D126/><U20/><E101/><V9/><F129/><N who="3" m="49739" /><G0/><T73/><D110/><U93/><E70/><V2/><F92/><W26/><G7/><T36/><D66/><U103/><E83/><N who="2" m="31787" /><F77/><W120/><G26/><T13/><D76/><U98/><REACH who="1" step="1"/><E24/><REACH who="1" ten="198,292,250,250" step="2"/><V89/><F89/><N who="3" m="53695" /><G120/><T108/><D108/><U116/><E116/><V79/><F79/><W102/><G102/><T41/><D73/><U99/><E99/><V44/><F9/><W94/><G94/><T56/><D97/><U71/><E71/><V122/><F122/><W48/><AGARI ba="0,1" hai="27,31,35,40,42,48,49,50" m="53695,49739" machi="48" ten="30,4000,0" yaku="19,1,52,2" doraHai="37" who="3" fromWho="3" sc="198,-10,292,-20,250,-10,250,50" /><INIT seed="2,0,0,4,3,36" ten="188,272,240,300" oya="2" hai0="127,52,119,6,70,61,43,38,106,90,121,83,116" hai1="74,97,86,19,11,112,34,17,57,105,114,99,58" hai2="2,84,53,42,10,16,115,0,46,65,125,22,41" hai3="20,135,87,73,31,54,123,126,5,48,93,134,3"/><V32/><F32/><W131/><G123/><T59/><D106/><U47/><E74/><V129/><F115/><W56/><G73/><T15/><D121/><U100/><E34/><V21/><F125/><W63/><G126/><T24/><D127/><U107/><E11/><V92/><F129/><W13/><G3/><T80/><D70/><U33/><E33/><V8/><F65/><W132/><G131/><T108/><D108/><U102/><E47/><V66/><F66/><W122/><G122/><T40/><D38/><U128/><E86/><V94/><F22/><W26/><G5/><T117/><D24/><U27/><E27/><V44/><F53/><W51/><G13/><T124/><D124/><U67/><E67/><V30/><F30/><W120/><G120/><T82/><D90/><AGARI ba="0,0" hai="20,26,31,48,51,54,56,63,87,90,93,132,134,135" machi="90" ten="40,1300,0" yaku="20,1" doraHai="36" who="3" fromWho="0" sc="188,-13,272,0,240,0,300,13" /><INIT seed="3,0,0,3,1,105" ten="175,272,240,313" oya="3" hai0="15,115,25,101,26,39,7,121,67,21,36,108,104" hai1="14,58,52,129,54,88,72,13,134,78,79,75,127" hai2="53,93,76,5,18,80,44,100,45,0,126,94,95" hai3="73,87,92,125,77,69,89,9,98,33,8,107,113"/><W22/><G113/><T6/><D121/><U24/><E24/><V110/><F126/><W30/><G33/><T85/><D108/><U65/><E65/><V120/><F120/><W96/><G69/><T28/><D115/><U16/><E127/><V59/><F110/><W41/><G125/><T97/><D7/><U64/><E64/><V111/><F111/><W70/><G70/><T19/><D26/><U17/><E58/><V55/><F100/><N who="3" m="62855" /><G41/><T109/><D6/><U2/><E2/><V117/><F5/><W103/><G22/><T23/><D109/><U81/><E81/><V99/><F0/><W84/><G30/><T42/><D42/><U11/><E11/><V102/><F117/><W132/><G132/><T48/><D67/><U133/><E88/><V71/><F71/><W34/><G34/><T118/><D118/><U91/><E91/><V56/><F18/><W82/><G9/><T106/><D106/><U122/><E122/><V37/><F37/><W57/><G57/><T61/><D61/><U3/><E3/><V50/><F59/><W130/><G8/><T47/><REACH who="0" step="1"/><D85/><REACH who="0" ten="165,272,240,313" step="2"/><N who="3" m="32841" /><G130/><AGARI ba="0,1" hai="13,14,16,17,52,54,72,75,78,79,129,130,133,134" machi="130" ten="25,12000,2" yaku="22,2,52,2,54,2" doraHai="105" who="1" fromWho="3" sc="165,0,272,130,240,0,313,-120" /><INIT seed="4,0,0,0,5,87" ten="165,402,240,193" oya="0" hai0="34,35,128,42,56,98,105,113,92,12,45,75,15" hai1="68,131,59,29,65,28,5,25,0,13,72,117,132" hai2="40,95,41,85,27,106,48,108,112,96,16,71,32" hai3="14,127,10,55,103,104,80,52,77,70,93,21,76"/><T3/><D3/><U119/><E68/><V44/><F71/><W23/><G104/><T6/><D105/><U109/><E109/><V90/><F112/><W7/><G70/><T19/><D75/><U1/><E72/><V47/><F108/><W114/><G114/><T123/><D128/><U2/><E65/><V73/><F73/><W130/><G130/><T118/><D118/><U129/><E59/><V58/><F32/><W39/><G39/><T61/><D123/><U116/><E132/><V22/><F58/><W100/><G127/><T111/><D113/><U50/><E50/><N who="2" m="26887" /><F106/><W63/><G63/><T24/><D111/><U124/><E124/><V64/><F64/><W30/><G80/><T18/><D35/><N who="1" m="20879" /><E29/><V31/><F85/><W26/><G23/><T9/><D34/><U53/><E53/><N who="3" m="20554" /><G93/><T38/><D24/><U86/><E86/><V8/><F8/><AGARI ba="0,0" hai="0,1,2,5,8,13,116,117,119,129,131" m="20879" machi="8" ten="40,2600,0" yaku="34,2" doraHai="87" who="1" fromWho="2" sc="165,0,402,26,240,-26,193,0" /><INIT seed="5,0,0,1,4,61" ten="165,428,214,193" oya="1" hai0="37,1,102,92,47,7,43,31,95,21,19,122,99" hai1="67,3,71,0,77,11,117,131,13,68,101,20,45" hai2="39,87,4,62,6,57,56,33,130,86,120,84,108" hai3="129,24,128,74,10,12,58,112,26,83,23,121,118"/><U29/><E117/><V81/><F39/><W126/><G121/><T60/><D122/><U104/><E77/><V80/><F120/><W16/><G118/><T59/><D1/><U85/><E85/><V119/><F119/><W72/><G112/><T93/><D7/><U66/><E45/><V9/><F33/><W96/><G126/><T97/><D97/><U79/><E79/><V70/><F108/><W49/><G26/><T63/><D63/><U40/><E40/><V42/><F42/><W94/><G49/><T133/><D133/><U28/><E101/><V90/><F130/><N who="3" m="50283" /><G58/><T78/><D78/><U8/><E13/><V123/><F123/><W88/><G83/><T35/><D35/><U89/><E89/><V55/><F70/><W50/><G50/><T5/><D5/><AGARI ba="0,0" hai="5,10,12,16,23,24,72,74,88,94,96" m="50283" machi="5" ten="30,3900,0" yaku="19,1,54,2" doraHai="61" who="3" fromWho="0" sc="165,-39,428,0,214,0,193,39" /><INIT seed="6,0,0,4,5,12" ten="126,428,214,232" oya="2" hai0="113,40,135,79,35,88,95,80,124,9,16,73,77" hai1="118,67,36,34,55,102,84,130,86,56,70,108,43" hai2="121,111,126,5,30,109,4,24,13,22,39,54,33" hai3="101,87,42,115,49,64,125,99,100,32,105,114,93"/><V44/><F39/><W72/><G32/><T60/><D35/><U133/><E118/><V38/><F38/><W26/><G72/><T75/><D113/><N who="3" m="43017" /><G125/><T66/><D124/><U92/><E102/><V25/><F126/><W15/><G26/><T59/><D135/><U107/><E107/><V122/><F44/><N who="3" m="25751" /><G64/><T41/><D79/><U94/><E86/><V112/><F54/><W103/><G15/><T0/><D75/><U106/><E106/><V46/><F46/><W19/><G19/><T116/><D116/><U91/><E92/><V52/><F52/><W97/><G97/><T65/><D65/><U37/><E37/><V76/><F112/><W51/><G51/><T31/><D31/><U17/><E34/><V134/><F134/><W71/><G71/><T21/><D9/><U129/><E133/><V68/><F68/><W20/><G20/><T81/><D0/><U7/><E7/><N who="2" m="2635" /><F13/><W18/><G18/><T11/><D11/><U62/><E108/><N who="2" m="41547" /><F76/><W96/><G105/><T28/><D28/><AGARI ba="0,0" hai="22,24,25,28,30,33,121,122" m="41547,2635" machi="28" ten="30,5800,0" yaku="10,1,34,2" doraHai="12" who="2" fromWho="0" sc="126,-58,428,0,214,58,232,0" /><INIT seed="6,1,0,3,0,63" ten="68,428,272,232" oya="2" hai0="104,50,60,53,16,68,14,134,94,29,72,77,56" hai1="98,15,23,132,45,118,58,135,116,28,114,83,6" hai2="66,122,124,113,80,46,111,47,21,17,127,18,70" hai3="109,125,82,39,107,3,123,9,95,85,59,12,117"/><V5/><F122/><W24/><G109/><T0/><D0/><U51/><E58/><V105/><F105/><W90/><G107/><T92/><D104/><U100/><E83/><V87/><F111/><W78/><G123/><T88/><D134/><N who="1" m="51243" /><E114/><V96/><F5/><W81/><G39/><T40/><D94/><N who="1" m="58455" /><E28/><V86/><F96/><W38/><G38/><T31/><D72/><U2/><E2/><V108/><F108/><W121/><G3/><T55/><D77/><U42/><E23/><V62/><F113/><W11/><G117/><T101/><D101/><U103/><E103/><V102/><F102/><W26/><G81/><T133/><D133/><U120/><E120/><V22/><F87/><W110/><G11/><AGARI ba="1,0" hai="6,11,15,42,45,51,116,118" m="58455,51243" machi="11" ten="30,1000,0" yaku="20,1" doraHai="63" who="1" fromWho="3" sc="68,0,428,13,272,0,232,-13" /><INIT seed="7,0,0,2,3,87" ten="68,441,272,219" oya="3" hai0="115,36,97,101,71,34,121,89,135,65,11,18,50" hai1="8,55,127,40,96,56,93,104,14,109,72,107,111" hai2="59,100,105,78,102,7,33,24,82,13,119,19,26" hai3="4,128,129,68,6,84,114,0,21,1,41,25,45"/><W75/><G75/><T64/><D121/><U60/><E72/><V3/><F105/><W43/><G68/><T124/><D36/><U125/><E40/><V126/><F3/><W122/><G122/><T76/><D34/><U5/><E104/><V38/><F38/><W54/><G114/><T81/><D115/><U80/><E80/><V32/><F33/><W120/><G120/><T61/><D124/><N who="1" m="47691" /><E107/><V16/><F32/><W113/><G113/><T37/><D135/><U116/><E116/><V47/><F47/><W23/><G54/><T52/><D37/><U2/><E2/><N who="3" m="1130" /><G84/><T57/><D11/><U92/><E92/><V70/><F70/><W39/><G41/><T44/><D18/><N who="2" m="6698" /><F119/><W98/><G98/><T99/><D101/><AGARI ba="0,0" hai="5,8,14,55,56,60,93,96,101,109,111" m="47691" machi="101" ten="30,1000,0" yaku="18,1" doraHai="87" who="1" fromWho="0" sc="68,-10,441,10,272,0,219,0" owari="58,-44.0,451,55.0,272,7.0,219,-18.0" /></mjloggm>