<mjloggm ver="2.3"><GO type="169" lobby="0"/><UN n0="%E3%81%98%E3%81%BF%E3%81%84%E3%81%A3%5A" n1="%E3%83%88%E3%83%88%E3%83%AA%E5%85%88%E7%94%9F%31%39%E6%AD%B3" n2="%31%33%36%74%6F%70" n3="%E3%82%BF%E3%83%9E%E3%83%8D%E3%82%AE" dan="18,19,17,17" rate="2207.67,2289.82,2214.25,2175.19" sx="M,F,M,M"/><TAIKYOKU oya="0"/><INIT seed="0,0,0,0,3,132" ten="250,250,250,250" oya="0" hai0="120,114,39,59,117,14,116,34,134,12,38,17,128" hai1="92,83,51,56,3,97,37,44,13,1,57,112,118" hai2="16,49,80,41,73,40,5,15,10,121,126,71,19" hai3="45,30,43,60,86,96,76,95,122,106,119,8,32"/><T93/><D34/><U61/><E118/><V25/><F71/><W54/><G119/><T84/><D114/><U50/><E112/><V9/><F121/><W88/><G122/><T21/><D120/><U28/><E37/><V47/><F126/><W110/><G110/><T36/><D134/><U107/><E107/><V115/><F115/><W7/><G30/><T20/><D128/><U42/><E83/><V100/><F100/><W68/><G32/><T91/><REACH who="0" step="1"/><D59/><REACH who="0" ten="240,250,250,250" step="2"/><U64/><E56/><V62/><F62/><W55/><G60/><T23/><D23/><U85/><E57/><V127/><F127/><W129/><G129/><T94/><D94/><U24/><E92/><V58/><F58/><W102/><G95/><T108/><D108/><U66/><E61/><V124/><F124/><W22/><G22/><T79/><D79/><U135/><E135/><V4/><F25/><W104/><G76/><T101/><D101/><U27/><E27/><V98/><F98/><W35/><G96/><T53/><D53/><U87/><E97/><V52/><F80/><W74/><G102/><T63/><D63/><U0/><E24/><V48/><F73/><W11/><G74/><T78/><D78/><U69/><E69/><V103/><F103/><W82/><G68/><T111/><D111/><U77/><E77/><V29/><F29/><W6/><G35/><T72/><D72/><U75/><E28/><V67/><F67/><W105/><G54/><T131/><D131/><U109/><E75/><V31/><F31/><W81/><G55/><T70/><D70/><U18/><E109/><RYUUKYOKU ba="0,1" sc="240,30,250,-10,250,-10,250,-10" hai0="12,14,17,20,21,36,38,39,84,91,93,116,117" /><INIT seed="0,1,1,3,3,119" ten="270,240,240,240" oya="0" hai0="56,40,78,134,107,29,124,64,66,48,114,80,17" hai1="54,24,97,31,86,12,101,133,37,126,49,105,15" hai2="110,27,6,90,131,127,41,23,135,47,22,5,50" hai3="30,26,52,1,14,96,111,92,94,32,100,2,16"/><T19/><D114/><U44/><E133/><V71/><F71/><W82/><G111/><T67/><D107/><U103/><E126/><V120/><F120/><W60/><G82/><T7/><D124/><U51/><E37/><V3/><F127/><W122/><G122/><T91/><D29/><U38/><E38/><V72/><F72/><W87/><G87/><T121/><D121/><U128/><E128/><V112/><F3/><W93/><G1/><T55/><D40/><U109/><E109/><V58/><F110/><W104/><G2/><T57/><D7/><U42/><E86/><V43/><F112/><W125/><G125/><T53/><D91/><U21/><REACH who="1" step="1"/><E103/><REACH who="1" ten="270,230,240,240" step="2"/><V79/><F135/><W108/><G108/><T89/><D134/><U62/><E62/><V20/><F131/><W99/><G99/><T65/><D89/><U98/><E98/><V45/><F90/><W61/><REACH who="3" step="1"/><G52/><REACH who="3" ten="270,230,240,230" step="2"/><T84/><N who="0" m="16384" /><DORA hai="13" /><T59/><D55/><U33/><E33/><V129/><F129/><W18/><G18/><AGARI ba="1,3" hai="17,18,19,48,53,56,57,59,78,80,84" m="16384" machi="18" ten="50,12000,1" yaku="8,1,52,3" doraHai="119,13" who="0" fromWho="3" sc="270,153,230,0,240,0,230,-123" /><INIT seed="0,2,0,1,3,62" ten="423,230,240,107" oya="0" hai0="46,43,31,59,135,58,80,84,78,134,82,12,85" hai1="120,126,11,124,133,2,91,32,106,1,64,96,68" hai2="7,118,5,6,15,92,18,88,35,132,44,100,52" hai3="72,9,10,102,104,29,105,86,116,50,125,63,36"/><T93/><D31/><U114/><E120/><V71/><F71/><W130/><G36/><T28/><D28/><U14/><E32/><V70/><F70/><W66/><G72/><T67/><D93/><N who="1" m="56383" /><E106/><V79/><F35/><W95/><G116/><T3/><D3/><U87/><E87/><V75/><F100/><W38/><G38/><T83/><D12/><U26/><E26/><V42/><F79/><W108/><G108/><T109/><D109/><U115/><E133/><N who="0" m="50697" /><D78/><U98/><E98/><V23/><F75/><W4/><G29/><T101/><D101/><U21/><E21/><V49/><F118/><W99/><G125/><N who="1" m="48234" /><E64/><V48/><F132/><W54/><G130/><T13/><D13/><U34/><E68/><V25/><F25/><W51/><G9/><T127/><D127/><U47/><E34/><V37/><F37/><W40/><G86/><N who="0" m="33387" /><D67/><U73/><E73/><V19/><F19/><W121/><G105/><T129/><D129/><U0/><E14/><V65/><F65/><W111/><G104/><T33/><D33/><U131/><E11/><V123/><F123/><W94/><G121/><T16/><D16/><U77/><E77/><V30/><F30/><W107/><G111/><T119/><D119/><U53/><E131/><V103/><F103/><W128/><G128/><T122/><D122/><U74/><E74/><V81/><F7/><W56/><G4/><T60/><D60/><U110/><E110/><V17/><F17/><W57/><REACH who="3" step="1"/><G10/><REACH who="3" ten="423,230,240,97" step="2"/><T22/><D22/><U55/><E2/><V8/><F8/><W39/><G39/><AGARI ba="2,1" hai="39,43,46,58,59,80,82,83" m="33387,50697" machi="39" ten="30,1500,0" yaku="20,1" doraHai="62" who="0" fromWho="3" sc="423,31,230,0,240,0,97,-21" /><INIT seed="0,3,0,5,3,104" ten="454,230,240,76" oya="0" hai0="36,124,72,16,71,33,49,99,115,7,69,26,2" hai1="21,55,98,93,79,113,64,111,40,95,128,103,132" hai2="54,58,61,0,82,120,30,25,66,8,118,86,44" hai3="114,9,107,24,35,96,90,100,52,20,102,116,18"/><T12/><D36/><U56/><E111/><V85/><F120/><W133/><G114/><T97/><D115/><U47/><E113/><V80/><F118/><W57/><G133/><T91/><D72/><U105/><E128/><V46/><F0/><W48/><G116/><T19/><D124/><U63/><E132/><V10/><F66/><W126/><G126/><T134/><D134/><U129/><E129/><V117/><F117/><W22/><G35/><T59/><D2/><U31/><E79/><V32/><F46/><W87/><G100/><T125/><D7/><U51/><E31/><V65/><F44/><W14/><REACH who="3" step="1"/><G24/><REACH who="3" ten="454,230,240,66" step="2"/><T50/><D26/><U130/><E130/><V88/><F65/><W127/><G127/><T108/><D33/><U43/><E21/><V17/><REACH who="2" step="1"/><F17/><REACH who="2" ten="454,230,230,66" step="2"/><W38/><G38/><T73/><D16/><U101/><E105/><V74/><F74/><W81/><AGARI ba="3,2" hai="9,14,18,20,22,48,52,57,81,87,90,96,102,107" machi="81" ten="20,5200,0" yaku="1,1,0,1,7,1,54,1,53,0" doraHai="104" doraHaiUra="27" who="3" fromWho="3" sc="454,-29,230,-16,230,-16,66,81" /><INIT seed="1,0,0,1,1,36" ten="425,214,214,147" oya="1" hai0="18,37,59,71,114,20,33,134,61,29,39,3,27" hai1="74,107,21,48,12,26,76,50,60,43,131,111,38" hai2="115,56,67,66,40,23,84,130,54,87,31,120,63" hai3="97,75,10,45,8,14,98,124,6,122,51,32,102"/><U81/><E107/><V119/><F120/><W34/><G124/><T57/><D114/><U19/><E131/><V103/><F119/><W116/><G122/><T16/><D134/><U135/><E135/><V83/><F130/><W35/><G116/><T41/><D3/><U58/><E111/><V93/><F115/><W106/><G75/><T128/><D128/><U79/><E79/><V82/><F31/><W64/><G64/><T28/><D71/><U109/><E109/><V9/><F23/><W121/><G121/><T118/><D118/><U133/><E133/><V42/><F9/><W25/><G97/><T110/><D110/><U73/><E73/><V95/><F103/><W78/><G78/><T123/><D123/><U94/><E12/><V70/><F70/><W4/><G25/><T99/><D99/><U52/><REACH who="1" step="1"/><E94/><REACH who="1" ten="425,204,214,147" step="2"/><V65/><F95/><W80/><G80/><T13/><D13/><U62/><E62/><V113/><F113/><W69/><G14/><T49/><D61/><U85/><E85/><N who="2" m="32843" /><F93/><W112/><G112/><T68/><D27/><U105/><E105/><V15/><F15/><W53/><G8/><T44/><D68/><U125/><E125/><V89/><F89/><W77/><G69/><T30/><D33/><U5/><E5/><N who="3" m="2154" /><G10/><T132/><D132/><U91/><E91/><V11/><F11/><W72/><G77/><T1/><D1/><U96/><E96/><V47/><F83/><W101/><G72/><T46/><D20/><U17/><E17/><V0/><F82/><W104/><G34/><T86/><D86/><U108/><E108/><RYUUKYOKU ba="0,1" sc="425,-15,204,15,214,-15,147,15" hai1="19,21,26,38,43,48,50,52,58,60,74,76,81" hai3="32,35,45,51,53,98,101,102,104,106" /><INIT seed="1,1,1,0,3,60" ten="410,219,199,162" oya="1" hai0="108,31,119,120,2,57,107,84,76,86,95,77,106" hai1="61,117,71,48,122,79,36,87,24,118,19,29,101" hai2="17,134,102,90,99,62,22,49,113,52,92,53,104" hai3="33,125,121,41,8,94,68,70,25,21,0,4,81"/><U9/><E122/><V135/><F113/><W111/><G121/><T45/><D2/><U75/><E36/><V3/><F3/><W27/><G111/><T58/><D120/><U40/><E75/><V80/><F80/><W112/><G112/><T128/><D31/><U28/><E101/><V12/><F62/><W89/><G81/><T39/><D39/><U65/><E29/><V124/><F124/><W72/><G72/><T20/><D45/><U56/><E87/><V5/><F5/><W109/><G109/><T6/><D6/><U50/><E79/><V126/><F126/><W69/><G125/><T83/><D108/><U37/><E37/><V123/><F123/><W42/><G33/><T78/><D78/><U34/><E40/><V130/><F130/><W96/><REACH who="3" step="1"/><G27/><REACH who="3" ten="410,219,199,152" step="2"/><T133/><D83/><U132/><E34/><V11/><F11/><W114/><G114/><T67/><D77/><U44/><E24/><V59/><REACH who="2" step="1"/><F53/><REACH who="2" ten="410,219,189,152" step="2"/><W35/><G35/><T73/><D73/><U10/><E9/><V105/><F105/><W88/><G88/><T54/><D107/><U14/><E10/><V18/><F18/><AGARI ba="1,3" hai="0,4,8,18,21,25,41,42,68,69,70,89,94,96" machi="18" ten="40,1300,0" yaku="1,1,53,0" doraHai="60" doraHaiUra="100" who="3" fromWho="2" sc="410,0,219,0,189,-16,152,46" /><INIT seed="2,0,0,2,2,34" ten="410,219,173,198" oya="2" hai0="118,59,69,124,122,8,47,71,9,134,103,85,23" hai1="55,60,117,35,18,17,67,101,20,93,97,32,81" hai2="88,65,135,112,7,125,61,108,4,82,21,51,13" hai3="24,62,68,94,106,70,64,76,1,41,36,40,38"/><V37/><F37/><N who="3" m="14443" /><G106/><T123/><D47/><U57/><E117/><V104/><F104/><W58/><G94/><T107/><D59/><U98/><E98/><V128/><F112/><W86/><G86/><T10/><D134/><U129/><E129/><V42/><F135/><W26/><G76/><T127/><D118/><U31/><E55/><V75/><F128/><W74/><G1/><T113/><D113/><U115/><E115/><V54/><F125/><N who="0" m="48202" /><D23/><U46/><E46/><V11/><F108/><W87/><G87/><T33/><D33/><N who="1" m="12875" /><E81/><V2/><F42/><N who="3" m="16491" /><G24/><AGARI ba="0,0" hai="17,18,20,24,31,57,60,67,93,97,101" m="12875" machi="24" ten="30,1000,0" yaku="25,1" doraHai="34" who="1" fromWho="3" sc="410,0,219,10,173,0,198,-10" /><INIT seed="3,0,0,0,1,19" ten="410,229,173,188" oya="3" hai0="4,119,47,14,7,59,26,80,40,28,41,16,134" hai1="89,76,113,21,79,128,27,125,121,105,123,8,116" hai2="100,65,101,81,92,1,102,68,48,33,66,130,60" hai3="98,91,43,127,44,38,126,20,53,58,36,135,15"/><W61/><G98/><T32/><D119/><U57/><E113/><V25/><F1/><W69/><G91/><T131/><D134/><U124/><E105/><V45/><F130/><W71/><G15/><T51/><D131/><U86/><E128/><V90/><F81/><W12/><G12/><T37/><D41/><U54/><E8/><V133/><F133/><W6/><G6/><T75/><D59/><U55/><E116/><V39/><F39/><N who="3" m="14891" /><G20/><T29/><D29/><U115/><E55/><V93/><F66/><W88/><G88/><T97/><D37/><U117/><E115/><V9/><F9/><W82/><G82/><T122/><D122/><U52/><E54/><V85/><F33/><W72/><G72/><T104/><D104/><U22/><E117/><V107/><F107/><W5/><G5/><T132/><D132/><U112/><E112/><V70/><F25/><W18/><G18/><T63/><D63/><N who="1" m="36263" /><E123/><V17/><F70/><N who="3" m="26635" /><G135/><T103/><D80/><N who="1" m="49351" /><E121/><V77/><F77/><N who="1" m="29769" /><E27/><V64/><F64/><W10/><G10/><T23/><D75/><U67/><E67/><V24/><F24/><W42/><G44/><T109/><D4/><U96/><E96/><V84/><F84/><W108/><G108/><T30/><D109/><U120/><E120/><V34/><F34/><W50/><G61/><T83/><D7/><U56/><E56/><V114/><F114/><W129/><G129/><T94/><D83/><U11/><E11/><V0/><F0/><W3/><G3/><T62/><D62/><U95/><E95/><N who="2" m="54735" /><F17/><W2/><G2/><T74/><D74/><RYUUKYOKU ba="0,0" sc="410,0,229,0,173,0,188,0" hai0="14,16,23,26,28,30,32,40,47,51,94,97,103" hai1="21,22,124,125" hai2="45,48,60,65,68,92,93,100,101,102" hai3="42,43,50,53,58,126,127" /><INIT seed="3,1,0,1,0,132" ten="410,229,173,188" oya="3" hai0="15,128,53,24,9,130,90,77,91,76,89,93,67" hai1="80,111,97,62,2,110,14,38,31,82,112,125,101" hai2="21,41,70,120,96,105,48,74,26,22,44,37,75" hai3="63,79,33,68,42,52,100,55,123,1,6,51,49"/><W3/><G123/><T98/><D67/><U122/><E122/><V108/><F120/><W13/><G33/><T7/><D24/><U95/><E112/><V47/><F108/><N who="1" m="41513" /><E2/><V29/><F70/><W8/><G42/><T12/><D12/><U102/><E38/><V109/><F109/><W107/><G79/><T19/><D7/><U129/><E129/><N who="0" m="49769" /><D53/><U36/><E125/><V25/><F105/><W78/><G78/><AGARI ba="1,0" hai="9,15,19,76,77,78,89,90,91,93,98" m="49769" machi="78" ten="30,1000,0" yaku="19,1" doraHai="132" who="0" fromWho="3" sc="410,13,229,0,173,0,188,-13" /><INIT seed="4,0,0,2,4,35" ten="423,229,173,175" oya="0" hai0="38,32,75,53,68,100,93,44,66,88,130,15,2" hai1="14,69,30,27,36,109,83,37,64,125,104,80,56" hai2="113,77,84,20,115,23,79,9,28,72,52,65,126" hai3="129,73,121,116,119,86,63,76,111,90,59,98,124"/><T49/><D130/><U101/><E109/><V85/><F65/><W42/><G111/><T89/><D32/><N who="1" m="20575" /><E56/><V39/><F39/><N who="1" m="14921" /><E14/><V40/><F40/><W57/><G42/><T16/><D38/><U105/><E105/><V47/><F9/><W54/><G121/><T4/><D75/><U62/><E125/><V31/><F72/><W45/><G45/><T120/><D120/><U19/><E19/><V17/><F17/><W46/><G46/><T3/><D4/><U61/><E61/><V103/><F47/><W24/><G129/><T41/><D41/><U74/><E74/><V117/><F103/><W6/><G98/><AGARI ba="0,0" hai="62,64,69,80,83,98,101,104" m="14921,20575" machi="98" ten="30,1000,0" yaku="25,1" doraHai="35" who="1" fromWho="3" sc="423,0,229,10,173,0,175,-10" /><INIT seed="5,0,0,0,1,107" ten="423,239,173,165" oya="1" hai0="111,69,68,3,127,50,112,44,12,33,125,75,4" hai1="92,129,21,23,114,116,78,104,58,121,83,87,1" hai2="41,42,39,85,64,74,61,105,63,119,118,89,32" hai3="109,37,52,14,113,16,60,122,103,120,57,95,9"/><U99/><E116/><V45/><F32/><W73/><G109/><T8/><D111/><U19/><E121/><V123/><F123/><W6/><G37/><T67/><D112/><U88/><E114/><V135/><F105/><W40/><G113/><T27/><D75/><U133/><E133/><V13/><F135/><W43/><G73/><T132/><D132/><U5/><E129/><V29/><F29/><W91/><G103/><T117/><D117/><U98/><E58/><V28/><F28/><W100/><G100/><T18/><D27/><U51/><E51/><V46/><F74/><W48/><G122/><T15/><D33/><U115/><E115/><V128/><F13/><N who="3" m="5303" /><G60/><T80/><D80/><U25/><E23/><V2/><F2/><W108/><G108/><T24/><D24/><U81/><E81/><V79/><F79/><W55/><G55/><T84/><D67/><U34/><E34/><V66/><F89/><W126/><G126/><T7/><D3/><U59/><E59/><V30/><F85/><N who="3" m="52719" /><G120/><T10/><D84/><U62/><E62/><V106/><F30/><W49/><G49/><T70/><D18/><U86/><REACH who="1" step="1"/><E104/><REACH who="1" ten="423,229,173,165" step="2"/><V22/><F22/><AGARI ba="0,1" hai="14,16,22,40,43,48,52,57" m="52719,5303" machi="22" ten="30,7700,0" yaku="25,1,8,1,54,2" doraHai="107" who="3" fromWho="2" sc="423,0,229,0,173,-77,165,87" /><INIT seed="6,0,0,5,1,59" ten="423,229,96,252" oya="2" hai0="10,75,30,72,128,69,111,119,88,67,80,134,11" hai1="31,106,18,95,70,99,47,104,52,2,92,66,53" hai2="51,65,112,97,60,63,9,38,8,86,117,76,84" hai3="1,32,43,90,37,68,124,35,40,74,108,19,120"/><V103/><F38/><W122/><G90/><T78/><D75/><U39/><E2/><V50/><F117/><W93/><G93/><T46/><D30/><U133/><E133/><V121/><F121/><W7/><G19/><T3/><D11/><N who="2" m="4170" /><F112/><W22/><G22/><T58/><D69/><U34/><E18/><V27/><F65/><W126/><G7/><T64/><D64/><U25/><E39/><V116/><F116/><W129/><G43/><T114/><D114/><U102/><E47/><V73/><F73/><W91/><G91/><T107/><D46/><U101/><E106/><V110/><F110/><W135/><G40/><T48/><D111/><U100/><E100/><V109/><F109/><W0/><G0/><T29/><D3/><U71/><E71/><V87/><F76/><W16/><G120/><T61/><D10/><U115/><E115/><V94/><F27/><W130/><G122/><T113/><D119/><U15/><E15/><V13/><F13/><W56/><G1/><T4/><D113/><U44/><E102/><V14/><F14/><W77/><G108/><T127/><D107/><U26/><E26/><V132/><F132/><W118/><G135/><T17/><D134/><U5/><E5/><V125/><F125/><W55/><G124/><T6/><D127/><U42/><E42/><V49/><AGARI ba="0,0" hai="49,50,51,60,63,84,86,87,94,97,103" m="4170" machi="49" ten="40,7800,0" yaku="8,1,52,2" doraHai="59" who="2" fromWho="2" sc="423,-26,229,-26,96,78,252,-26" /><INIT seed="6,1,0,4,1,23" ten="397,203,174,226" oya="2" hai0="8,27,14,4,120,12,18,41,101,44,46,114,17" hai1="85,59,97,103,76,13,47,7,116,87,54,35,111" hai2="127,28,80,118,33,125,16,5,71,89,95,10,37" hai3="69,64,110,124,121,63,132,109,65,106,81,30,55"/><V77/><F71/><W2/><G121/><T60/><D120/><U51/><E111/><V53/><F37/><W50/><G2/><T93/><D114/><U88/><E116/><V15/><F118/><W22/><G106/><T92/><D60/><U135/><E35/><V82/><F53/><W34/><G34/><T122/><D122/><U73/><E135/><V133/><F133/><W9/><G65/><T126/><D126/><N who="2" m="48138" /><F77/><W75/><G9/><T21/><D101/><U79/><E73/><V26/><F5/><W36/><G36/><T62/><D62/><N who="1" m="36215" /><E87/><AGARI ba="1,0" hai="10,15,16,26,28,33,80,82,87,89,95" m="48138" machi="87" ten="30,5800,0" yaku="18,1,52,1,54,1" doraHai="23" who="2" fromWho="1" sc="397,0,203,-61,174,61,226,0" /><INIT seed="6,2,0,2,0,113" ten="397,142,235,226" oya="2" hai0="118,130,45,25,127,32,64,40,86,126,61,76,73" hai1="39,132,57,56,42,46,120,3,22,0,105,81,28" hai2="5,14,55,30,18,16,128,94,62,38,37,35,117" hai3="66,60,100,49,24,13,108,34,70,104,129,84,103"/><V65/><F128/><W9/><G129/><T131/><D118/><U111/><E111/><V119/><F5/><W44/><G108/><T27/><D86/><U67/><E105/><V43/><F55/><W88/><G104/><T121/><D121/><U33/><E33/><V98/><F18/><W15/><G24/><N who="0" m="9291" /><D32/><U99/><E120/><V51/><F30/><W12/><G34/><T54/><D54/><U116/><E132/><V125/><F35/><W48/><G9/><T96/><D96/><U47/><E116/><V21/><F125/><N who="0" m="47626" /><D76/><U106/><E81/><V80/><F80/><W58/><G70/><N who="0" m="42255" /><D73/><U112/><E112/><V82/><F82/><N who="3" m="49175" /><G48/><AGARI ba="2,0" hai="40,45,48,130,131" m="42255,47626,9291" machi="48" ten="30,1000,0" yaku="18,1" doraHai="113" who="0" fromWho="3" sc="397,16,142,0,235,0,226,-16" /><INIT seed="7,0,0,4,3,108" ten="413,142,235,210" oya="3" hai0="35,112,30,117,118,103,114,92,17,104,70,130,98" hai1="97,85,56,73,18,60,5,54,75,57,49,101,99" hai2="113,82,81,64,52,122,96,129,115,8,0,23,46" hai3="34,89,9,65,90,1,28,126,41,24,106,58,19"/><W44/><G126/><T135/><D135/><U83/><E75/><V66/><F129/><W100/><G100/><T38/><D130/><U20/><E73/><V29/><F122/><W134/><G106/><T116/><D17/><U53/><E5/><V48/><F96/><W50/><G134/><T102/><D38/><U132/><E101/><V39/><F39/><W43/><G43/><T2/><D2/><U88/><E132/><V7/><F66/><W12/><REACH who="3" step="1"/><G1/><REACH who="3" ten="413,142,235,200" step="2"/><T31/><D104/><U93/><REACH who="1" step="1"/><E83/><REACH who="1" ten="413,132,235,200" step="2"/><V3/><F82/><W78/><G78/><T45/><D103/><U127/><E127/><V13/><F81/><W84/><G84/><T51/><D118/><U40/><E40/><V71/><F3/><W86/><G86/><T68/><D117/><U124/><E124/><V77/><F0/><W62/><AGARI ba="0,2" hai="9,12,19,24,28,34,41,44,50,58,62,65,89,90" machi="62" ten="30,3000,0" yaku="1,1,0,1,53,0" doraHai="108" doraHaiUra="110" who="3" fromWho="3" sc="413,-10,132,-10,235,-10,200,50" /><INIT seed="7,1,0,5,1,15" ten="403,122,225,250" oya="3" hai0="38,107,46,79,135,113,105,128,127,69,27,25,31" hai1="52,41,3,42,61,122,123,54,6,103,62,7,83" hai2="120,111,90,55,102,60,36,132,106,67,58,84,97" hai3="40,43,108,32,114,48,91,50,23,94,45,28,66"/><W96/><G114/><T89/><D69/><U104/><E3/><V11/><F111/><W22/><G108/><T76/><D135/><U68/><E103/><V80/><F132/><W47/><REACH who="3" step="1"/><G66/><REACH who="3" ten="403,122,225,240" step="2"/><T134/><D113/><U9/><E68/><V59/><F120/><W74/><G74/><T34/><D134/><U70/><E70/><V121/><F121/><W95/><G95/><T44/><D107/><U4/><E83/><V101/><F101/><W24/><AGARI ba="1,1" hai="22,23,24,28,32,40,43,45,47,48,50,91,94,96" machi="24" ten="30,6000,0" yaku="1,1,0,1,9,1,53,0" doraHai="15" doraHaiUra="8" who="3" fromWho="3" sc="403,-21,122,-21,225,-21,240,73" /><INIT seed="7,2,0,3,3,114" ten="382,101,204,313" oya="3" hai0="86,37,17,134,39,132,103,25,107,125,60,47,87" hai1="133,56,88,57,89,85,9,129,71,23,97,95,127" hai2="20,116,43,27,13,41,90,16,40,96,112,53,128" hai3="78,63,45,119,104,8,67,18,102,108,83,26,93"/><W94/><G119/><T69/><D125/><U30/><E129/><V101/><F112/><W38/><G104/><T121/><D121/><U110/><E133/><N who="0" m="51305" /><D103/><U98/><E110/><V24/><F128/><W72/><G108/><T29/><D17/><U106/><E71/><V19/><F116/><W31/><G102/><T75/><D75/><U6/><E127/><V91/><F53/><W118/><G118/><T82/><D107/><U109/><E109/><V3/><F3/><W2/><G18/><T124/><D124/><U46/><E106/><V130/><F130/><W15/><G15/><T44/><D60/><U36/><E36/><N who="0" m="13897" /><D69/><U21/><E46/><N who="0" m="17449" /><D82/><U105/><E105/><V10/><REACH who="2" step="1"/><F27/><REACH who="2" ten="382,101,194,313" step="2"/><W64/><G26/><T135/><D135/><U11/><E30/><V48/><F48/><W61/><G31/><T22/><AGARI ba="2,1" hai="22,25,29,86,87" m="17449,13897,51305" machi="22" ten="40,1500,0" yaku="20,1" doraHai="114" who="0" fromWho="0" sc="382,31,101,-6,194,-6,313,-9" owari="413,51.0,95,-40.0,188,-21.0,304,10.0" /></mjloggm>