<mjloggm ver="2.3"><GO type="169" lobby="0"/><UN n0="%E2%80%A0%E3%82%B7%E3%83%A3%E3%83%AB%E3%83%AD%E3%83%83%E3%83%88" n1="%E3%82%A6%E3%83%AB%E3%83%88%E3%83%A9%E7%AB%8B%E7%9B%B4" n2="%6B%6A%61%7A%7A%33" n3="%E3%81%B4%E3%83%BC%E3%81%8A%E3%81%8B" dan="16,19,16,17" rate="2143.76,2292.57,2094.40,2145.94" sx="F,M,M,M"/><TAIKYOKU oya="0"/><INIT seed="0,0,0,5,3,126" ten="250,250,250,250" oya="0" hai0="127,43,2,83,50,87,1,8,81,53,95,25,99" hai1="86,131,134,103,9,129,63,52,62,33,125,61,77" hai2="7,68,110,104,120,34,36,4,29,80,57,38,54" hai3="69,133,113,108,90,98,123,107,42,19,124,93,49"/><T121/><D121/><U132/><E33/><V94/><F104/><W106/><G69/><T24/><D127/><U135/><E125/><V117/><F94/><W70/><G70/><T10/><D43/><U5/><E103/><V46/><F80/><W65/><G65/><T30/><D1/><U6/><E77/><V35/><F29/><W101/><G19/><T58/><D2/><U51/><E86/><V20/><F20/><W15/><G15/><T17/><D17/><U28/><E28/><V73/><F35/><W96/><G49/><T111/><D111/><U11/><E11/><N who="0" m="4137" /><D30/><U74/><E74/><V67/><F73/><W122/><G42/><T12/><D12/><N who="1" m="5167" /><E6/><V116/><F34/><W64/><G108/><T119/><D119/><N who="2" m="45642" /><F7/><W23/><G23/><T75/><D75/><U40/><E40/><N who="2" m="22791" /><F68/><W118/><G118/><T41/><D41/><U22/><E22/><V48/><F4/><W112/><G124/><T76/><D83/><U92/><E92/><V82/><F82/><W32/><G32/><T56/><D56/><AGARI ba="0,0" hai="51,52,56,61,62,63,129,131,132,134,135" m="5167" machi="56" ten="40,8000,1" yaku="20,1,52,2,54,1" doraHai="126" who="1" fromWho="0" sc="250,-80,250,80,250,0,250,0" /><INIT seed="1,0,0,2,2,48" ten="170,330,250,250" oya="1" hai0="35,72,96,101,46,81,8,66,47,49,26,57,93" hai1="73,33,108,116,50,52,128,56,59,54,123,103,65" hai2="7,102,22,34,135,94,125,38,6,130,36,12,44" hai3="82,106,132,83,53,79,122,16,28,119,29,71,1"/><U100/><E73/><V42/><F34/><W43/><G122/><T99/><D8/><U21/><E33/><V11/><F125/><W64/><G106/><T58/><D99/><U87/><E116/><V129/><F135/><W25/><G1/><T78/><D66/><U5/><E123/><V104/><F104/><W126/><G126/><T13/><D13/><U76/><E128/><N who="2" m="49259" /><F22/><W90/><G43/><T74/><D74/><U84/><E108/><V89/><F102/><N who="1" m="38953" /><E65/><V67/><F67/><W88/><G64/><T113/><D113/><U23/><E5/><N who="2" m="3183" /><F36/><W124/><G25/><T105/><D105/><U24/><E76/><V31/><F31/><W97/><G79/><T10/><D10/><U63/><E23/><V61/><F61/><W45/><G124/><T15/><D15/><U86/><E86/><AGARI ba="0,0" hai="6,7,38,42,44,86,89,94" m="3183,49259" machi="86" ten="30,1000,0" yaku="19,1" doraHai="48" who="2" fromWho="1" sc="170,0,330,-10,250,10,250,0" /><INIT seed="2,0,0,0,5,37" ten="170,320,260,250" oya="2" hai0="12,20,35,56,2,134,97,106,18,125,70,120,52" hai1="90,89,24,122,123,68,118,34,100,135,127,105,131" hai2="53,45,41,23,50,74,116,7,98,101,92,58,85" hai3="83,126,31,42,43,21,133,107,79,3,22,6,75"/><V64/><F74/><W71/><G71/><T82/><D120/><U0/><RYUUKYOKU type="yao9" ba="0,0" sc="170,0,320,0,260,0,250,0" hai1="0,24,34,68,89,90,100,105,118,122,123,127,131,135" /><INIT seed="2,1,0,1,1,51" ten="170,320,260,250" oya="2" hai0="21,75,76,74,80,36,15,132,35,77,54,33,43" hai1="62,4,2,105,120,10,79,128,56,39,61,14,0" hai2="87,50,32,11,104,44,63,101,111,114,96,8,115" hai3="107,55,12,64,131,86,85,134,38,67,68,31,24"/><V129/><F129/><W7/><G38/><T99/><D132/><U37/><E105/><V47/><F32/><W78/><G107/><T135/><D135/><U3/><E128/><V125/><F125/><W48/><G134/><T29/><D36/><U113/><E113/><V71/><F111/><W116/><G116/><T65/><D43/><U121/><E79/><V28/><F47/><W6/><G68/><T122/><D122/><N who="1" m="47211" /><E62/><V70/><F70/><W100/><G100/><T117/><D65/><AGARI ba="1,0" hai="0,2,3,4,10,14,37,39,56,61,65" m="47211" machi="65" ten="40,1300,0" yaku="13,1" doraHai="51" who="1" fromWho="0" sc="170,-16,320,16,260,0,250,0" /><INIT seed="3,0,0,2,2,30" ten="154,336,260,250" oya="3" hai0="111,73,69,67,105,72,43,6,16,0,24,32,70" hai1="34,38,42,33,20,63,131,50,45,93,58,116,53" hai2="36,100,130,64,68,104,135,39,55,13,118,117,35" hai3="108,92,112,95,66,114,78,19,49,74,89,18,119"/><W90/><G119/><T31/><D111/><U124/><E131/><V126/><F13/><W123/><G123/><T98/><D43/><U1/><E1/><V60/><F55/><W46/><G66/><T91/><D91/><U12/><E124/><V134/><F126/><W94/><G78/><T83/><D16/><U133/><E133/><N who="2" m="50699" /><F130/><W47/><G74/><T113/><D113/><U88/><E116/><N who="2" m="44651" /><F35/><W29/><G29/><T25/><D25/><U110/><E110/><V22/><F22/><W40/><G95/><T121/><D121/><U102/><E12/><V65/><F65/><W82/><G108/><T3/><D83/><U27/><E63/><V52/><F52/><W107/><G40/><T14/><D14/><U79/><E20/><V23/><F23/><W84/><G49/><T129/><D129/><U28/><E27/><V51/><F51/><W41/><G41/><T71/><D67/><U9/><E28/><V86/><F86/><W97/><G84/><T80/><D80/><U122/><E53/><V106/><F100/><W77/><G82/><T44/><D44/><U10/><E45/><V75/><F75/><N who="0" m="28746" /><D6/><U37/><E42/><V85/><F85/><W5/><G5/><T62/><D62/><U21/><E50/><V125/><F125/><W96/><G77/><T99/><D99/><U11/><E79/><V132/><F132/><W4/><G4/><T7/><D7/><U103/><E122/><V128/><F128/><W8/><G8/><T15/><D15/><U109/><E10/><V61/><F61/><W56/><G56/><T101/><AGARI ba="0,0" hai="0,3,24,31,32,69,70,71,98,101,105" m="28746" machi="101" ten="40,8000,1" yaku="5,1,33,2,52,1" doraHai="30" who="0" fromWho="0" sc="154,80,336,-20,260,-20,250,-40" /><INIT seed="4,0,0,2,4,43" ten="234,316,240,210" oya="0" hai0="64,44,13,61,106,20,49,133,105,17,103,52,23" hai1="7,87,107,39,1,3,74,97,75,129,111,31,42" hai2="98,54,89,16,41,46,82,112,50,21,100,70,0" hai3="58,6,56,33,80,68,27,84,115,25,32,102,15"/><T38/><D133/><U63/><E87/><N who="2" m="50423" /><F70/><W73/><G68/><T53/><D38/><U40/><E40/><V8/><F0/><W79/><G115/><T83/><D53/><U113/><E63/><V69/><F69/><W71/><G71/><T24/><D103/><U108/><E31/><V19/><F112/><W36/><G36/><T11/><D23/><U117/><E117/><V18/><F8/><W65/><G102/><T81/><D64/><U30/><E30/><V110/><F110/><W12/><G84/><T28/><REACH who="0" step="1"/><D61/><REACH who="0" ten="224,316,240,210" step="2"/><U125/><E39/><V14/><F54/><W128/><G65/><T48/><D48/><U59/><E113/><V4/><F100/><W123/><G33/><T134/><D134/><U35/><E35/><V10/><F21/><W29/><G32/><T127/><D127/><U131/><E125/><V135/><F135/><W34/><G34/><T86/><D86/><U99/><E42/><V26/><F26/><W5/><G27/><T124/><D124/><U92/><E111/><V85/><F85/><W104/><G25/><T119/><D119/><U22/><E108/><V126/><F126/><W55/><G55/><T116/><D116/><U121/><E22/><V132/><F132/><W95/><G73/><T120/><D120/><U60/><E121/><V114/><F114/><W88/><G123/><T47/><D47/><U96/><E75/><V67/><F67/><W77/><G77/><T45/><D45/><U2/><E74/><V62/><F62/><W109/><G79/><T76/><D76/><U9/><E60/><V72/><F72/><RYUUKYOKU ba="0,1" sc="224,15,316,-15,240,15,210,-15" hai0="11,13,17,20,24,28,44,49,52,81,83,105,106" hai2="4,10,14,16,18,19,41,46,50,98" /><INIT seed="4,1,1,0,0,37" ten="239,301,255,195" oya="0" hai0="120,61,92,122,57,87,113,132,117,72,7,49,63" hai1="17,30,1,131,77,79,50,106,43,123,54,84,42" hai2="47,96,129,90,4,82,2,56,105,28,107,128,80" hai3="103,27,8,48,10,44,121,133,60,41,111,55,16"/><T67/><D117/><U68/><E68/><V33/><F80/><W20/><G111/><T5/><D72/><U89/><E106/><V51/><F28/><W34/><G133/><T64/><D132/><U36/><E1/><V29/><F29/><W58/><G34/><T62/><D113/><U85/><E30/><V100/><F33/><W59/><G121/><T52/><D120/><U21/><E36/><V46/><F107/><W6/><G103/><T130/><D130/><N who="2" m="50282" /><F4/><N who="0" m="1610" /><D122/><U101/><E101/><V71/><F71/><W135/><G135/><T112/><D112/><U110/><E110/><V73/><F2/><W108/><G108/><T32/><D32/><U22/><E22/><V35/><F35/><W109/><G109/><T11/><D11/><U19/><E19/><V114/><F114/><W95/><G6/><T98/><D87/><U39/><E85/><N who="2" m="50487" /><F73/><W13/><G27/><T97/><D97/><U78/><E39/><V76/><F76/><W0/><G0/><T18/><D18/><U81/><E123/><V94/><F105/><W99/><REACH who="3" step="1"/><G58/><REACH who="3" ten="239,301,255,185" step="2"/><T65/><D65/><U124/><E131/><V91/><F100/><AGARI ba="1,2" hai="49,52,57,61,62,63,64,67,92,98,100" m="1610" machi="100" ten="30,2900,0" yaku="8,1,54,1" doraHai="37" who="0" fromWho="2" sc="239,52,301,0,255,-32,185,0" /><INIT seed="4,2,0,4,5,74" ten="291,301,223,185" oya="0" hai0="18,103,37,60,134,65,26,38,64,122,67,0,77" hai1="75,45,82,36,81,133,112,7,22,79,131,63,31" hai2="123,89,46,120,69,39,129,96,73,48,41,121,50" hai3="130,27,29,101,35,47,55,58,25,92,116,42,52"/><T80/><D122/><U30/><E131/><V135/><F73/><W49/><G116/><T15/><D0/><U28/><E133/><V98/><F89/><W114/><G114/><T32/><D134/><U91/><E112/><V61/><F135/><W70/><G130/><T51/><D103/><U53/><E7/><V16/><F129/><W111/><G111/><T99/><D99/><U68/><E22/><V127/><F16/><W97/><G70/><T105/><D105/><U2/><E2/><V94/><F94/><W21/><REACH who="3" step="1"/><G58/><REACH who="3" ten="291,301,223,175" step="2"/><T87/><D60/><U6/><E68/><V118/><F118/><W4/><G4/><T124/><D124/><U20/><E6/><V104/><F69/><W72/><G72/><T128/><D128/><U10/><E75/><V44/><F61/><W3/><G3/><T9/><REACH who="0" step="1"/><D51/><REACH who="0" ten="281,301,223,175" step="2"/><N who="2" m="19498" /><F127/><W84/><G84/><T108/><D108/><U19/><E63/><V43/><F120/><W86/><G86/><T132/><D132/><U85/><E85/><V62/><F121/><W71/><G71/><T78/><D78/><U119/><E79/><V117/><F62/><W54/><G54/><T13/><D13/><N who="1" m="7607" /><E53/><V83/><F123/><W12/><G12/><T102/><D102/><U95/><E119/><V66/><F117/><W126/><G126/><T115/><D115/><U59/><E91/><V90/><F90/><W40/><G40/><T113/><D113/><U110/><E110/><V100/><F43/><W125/><G125/><T109/><D109/><U106/><E106/><V8/><F41/><W33/><G33/><T17/><D17/><AGARI ba="2,2" hai="17,21,25,27,29,35,42,47,49,52,55,92,97,101" machi="17" ten="30,7700,0" yaku="1,1,6,1,7,1,54,1,53,0" doraHai="74" doraHaiUra="34" who="3" fromWho="0" sc="281,-83,301,0,223,0,175,103" /><INIT seed="5,0,0,1,1,126" ten="198,301,223,278" oya="1" hai0="64,46,9,117,98,73,49,115,82,94,35,54,109" hai1="90,16,135,37,8,50,106,55,71,12,130,41,23" hai2="52,62,38,32,20,93,125,97,119,28,103,33,11" hai3="128,65,66,134,19,107,67,101,127,18,29,1,21"/><U76/><E71/><V26/><F119/><W113/><G1/><T30/><D109/><U69/><E69/><V95/><F38/><W88/><G127/><T131/><D117/><U13/><E106/><V2/><F125/><W44/><G113/><T60/><D115/><U91/><E135/><V129/><F129/><W104/><G134/><T100/><D35/><U56/><E130/><V89/><F2/><W74/><G74/><T96/><D30/><U48/><E37/><V124/><F124/><W68/><G68/><T79/><D9/><U116/><E76/><V78/><F78/><W120/><G44/><T110/><D110/><U31/><E116/><V14/><F62/><W99/><G107/><T53/><D98/><U81/><E81/><V40/><F40/><W0/><G0/><T25/><D25/><U45/><REACH who="1" step="1"/><E31/><REACH who="1" ten="198,291,223,278" step="2"/><V17/><F28/><W27/><G128/><T36/><D131/><U122/><E122/><V77/><F77/><W57/><G120/><T121/><D121/><U84/><E84/><V123/><F123/><W118/><G118/><T4/><D36/><U63/><E63/><V102/><F95/><W85/><REACH who="3" step="1"/><G57/><REACH who="3" ten="198,291,223,268" step="2"/><T15/><D46/><U5/><AGARI ba="0,2" hai="5,8,12,13,16,23,41,45,48,50,55,56,90,91" machi="5" ten="20,18000,2" yaku="1,1,0,1,7,1,8,1,54,1,53,1" doraHai="126" doraHaiUra="42" who="1" fromWho="1" sc="198,-60,291,200,223,-60,268,-60" /><INIT seed="5,1,0,2,2,103" ten="138,491,163,208" oya="1" hai0="20,92,34,133,87,98,21,131,66,121,100,95,29" hai1="31,76,132,105,125,60,106,102,122,72,123,28,113" hai2="75,101,94,109,17,36,58,130,99,8,89,51,44" hai3="117,18,80,65,68,107,61,119,19,39,127,35,84"/><U52/><E102/><V23/><F109/><W134/><G39/><T90/><D131/><U63/><E76/><V86/><F75/><W45/><G35/><T10/><D133/><U59/><E59/><V2/><F36/><W25/><G45/><T32/><D121/><U74/><E52/><V67/><F130/><W13/><G107/><T57/><D10/><U71/><E71/><V81/><F8/><W85/><G127/><T128/><D128/><U37/><E37/><V116/><F2/><W54/><G54/><T5/><D5/><U6/><E6/><V1/><F1/><W4/><G134/><T22/><REACH who="0" step="1"/><D29/><REACH who="0" ten="128,491,163,208" step="2"/><U12/><E132/><V7/><F7/><W16/><G4/><T64/><D64/><U33/><E125/><V112/><F67/><W126/><G126/><T69/><D69/><U42/><E122/><V88/><F116/><W70/><G70/><T129/><D129/><U30/><E123/><V78/><F112/><W46/><G117/><T40/><D40/><U53/><E42/><N who="2" m="24983" /><F58/><W77/><G119/><T38/><D38/><U104/><E113/><V73/><F73/><W108/><G65/><T124/><D124/><U114/><E74/><V15/><AGARI ba="1,1" hai="15,17,23,78,81,86,88,89,94,99,101" m="24983" machi="15" ten="30,2000,0" yaku="8,1,54,1" doraHai="103" who="2" fromWho="2" sc="128,-6,491,-11,163,33,208,-6" /><INIT seed="6,0,0,4,2,128" ten="122,480,196,202" oya="2" hai0="27,25,63,54,108,60,126,81,90,58,2,112,96" hai1="130,69,110,119,40,77,78,89,99,50,71,1,38" hai2="57,118,133,129,36,56,48,135,22,19,91,23,30" hai3="125,13,68,93,24,44,105,74,42,66,102,109,33"/><V94/><F36/><W65/><G93/><T26/><D108/><U75/><E75/><V31/><F118/><W85/><G85/><T92/><D112/><U97/><E110/><V104/><F104/><W15/><G74/><T134/><D2/><U20/><E1/><V88/><F129/><W47/><G66/><T52/><D126/><U131/><E50/><V83/><F83/><W122/><G44/><T32/><D32/><U41/><E20/><N who="2" m="7723" /><F19/><W34/><G122/><T12/><D12/><U80/><E80/><V39/><F48/><W114/><G34/><T49/><D134/><N who="2" m="51210" /><F39/><W0/><G33/><T98/><D81/><U46/><E38/><V11/><F11/><W117/><G105/><T64/><D98/><U124/><E119/><V132/><N who="2" m="51218" /><V86/><DORA hai="4" /><F91/><W70/><G117/><T53/><REACH who="0" step="1"/><D63/><REACH who="0" ten="112,480,196,202" step="2"/><U7/><E131/><V16/><F16/><W116/><G116/><T43/><D43/><U123/><E40/><V61/><F61/><W72/><G42/><T106/><D106/><U5/><E41/><V95/><F95/><W87/><G109/><T35/><D35/><U113/><E130/><V101/><F101/><W10/><G102/><T14/><D14/><U18/><E18/><V73/><F73/><W59/><G13/><T84/><D84/><U79/><E124/><V45/><F45/><AGARI ba="0,1" hai="25,26,27,45,49,52,53,54,58,60,64,90,92,96" machi="45" ten="40,5200,0" yaku="1,1,8,1,54,1,53,0" doraHai="128,4" doraHaiUra="82,28" who="0" fromWho="2" sc="112,62,480,0,196,-52,202,0" /><INIT seed="7,0,0,4,0,69" ten="174,480,144,202" oya="3" hai0="116,119,28,87,70,16,83,44,97,49,48,78,127" hai1="15,91,29,128,125,0,66,82,71,126,33,2,56" hai2="40,132,42,76,64,124,31,22,34,24,9,130,109" hai3="7,23,89,107,4,100,35,77,51,54,80,1,68"/><W18/><G35/><T25/><D70/><U122/><E56/><V32/><F109/><W39/><G68/><T61/><D127/><U53/><E53/><V111/><F111/><W65/><G39/><T101/><D61/><U79/><E91/><V90/><F124/><N who="1" m="47721" /><E15/><V118/><F118/><W131/><G65/><T60/><D60/><N who="1" m="40391" /><E128/><V47/><F130/><W108/><G89/><T26/><D26/><N who="1" m="18615" /><E122/><V93/><F132/><W85/><G54/><T57/><D57/><U117/><E117/><V37/><F76/><W27/><G51/><T13/><D49/><U45/><E45/><V96/><F64/><W11/><G77/><T46/><D46/><U114/><E114/><V99/><F42/><W21/><G21/><N who="0" m="15407" /><D116/><U67/><E67/><V129/><F129/><W121/><G23/><N who="0" m="11663" /><D119/><U86/><AGARI ba="0,0" hai="0,2,79,82,86" m="18615,40391,47721" machi="86" ten="30,1100,0" yaku="18,1" doraHai="69" who="1" fromWho="1" sc="174,-3,480,11,144,-3,202,-5" owari="171,-23.0,491,59.0,141,-36.0,197,0.0" /></mjloggm>