<mjloggm ver="2.3"><GO type="169" lobby="0"/><UN n0="%E7%A0%B2%E3%81%AE%E4%B8%8A%E3%81%AE%E3%81%82%E3%81%AE%E5%A8%98" n1="%E3%81%B4%E3%81%93%E3%82%8A%E3%82%93%4F%5A" n2="%E3%83%88%E3%83%88%E3%83%AA%E5%85%88%E7%94%9F%31%39%E6%AD%B3" n3="%68%72%6B%69%6E%67" dan="16,16,19,16" rate="2060.32,2177.49,2283.35,2126.34" sx="F,M,F,M"/><TAIKYOKU oya="0"/><INIT seed="0,0,0,4,2,60" ten="250,250,250,250" oya="0" hai0="2,56,7,134,39,53,115,20,119,126,135,52,112" hai1="61,26,72,95,27,0,23,31,8,4,21,13,45" hai2="89,91,110,79,128,82,69,99,5,90,76,73,127" hai3="12,28,57,11,47,30,71,109,87,10,58,98,18"/><T66/><D39/><U108/><E72/><V44/><F69/><W102/><G109/><T120/><D120/><U103/><E108/><V38/><F110/><W25/><G71/><T42/><D119/><U105/><E105/><V132/><F128/><W33/><G87/><T59/><D126/><U15/><E45/><V100/><F127/><W24/><G47/><T125/><D125/><U9/><E103/><V50/><F50/><W75/><G75/><T88/><D42/><U133/><E95/><N who="2" m="58495" /><F5/><W85/><G85/><T92/><D20/><U81/><E81/><N who="2" m="45199" /><F44/><W1/><G1/><T106/><D106/><U111/><E111/><V46/><F46/><W129/><G129/><T41/><D41/><U68/><E133/><N who="0" m="50697" /><D7/><N who="1" m="1127" /><E61/><V14/><F14/><W37/><G11/><T77/><D2/><N who="1" m="151" /><E68/><V114/><F38/><W70/><G70/><T35/><D35/><U93/><E93/><V16/><F132/><W64/><G37/><T96/><D77/><U74/><E74/><N who="2" m="43383" /><F16/><AGARI ba="0,0" hai="13,15,16,21,23,26,27,31" m="151,1127" machi="16" ten="30,12000,2" yaku="35,5,54,1" doraHai="60" who="1" fromWho="2" sc="250,0,250,120,250,-120,250,0" /><INIT seed="1,0,0,4,3,34" ten="250,370,130,250" oya="1" hai0="30,67,47,131,29,124,15,102,22,33,9,46,83" hai1="91,117,81,3,49,27,107,96,126,72,130,94,76" hai2="21,123,103,129,84,111,60,62,106,101,52,48,134" hai3="133,128,70,37,65,7,42,61,64,88,69,121,10"/><U108/><E27/><V77/><F123/><W5/><G121/><T51/><D131/><U59/><E59/><V56/><F129/><W57/><G128/><T24/><D124/><U71/><E71/><V50/><F111/><W79/><G79/><T43/><D102/><U73/><E49/><N who="2" m="19051" /><F106/><W58/><G133/><T113/><D113/><U32/><E32/><V36/><F36/><W109/><G109/><T95/><D67/><U40/><E40/><V93/><F134/><W18/><G18/><T6/><D46/><U92/><E130/><V135/><F135/><W122/><G122/><T90/><D83/><N who="1" m="45447" /><E3/><V98/><F103/><W110/><G110/><T4/><D4/><U78/><E117/><V97/><F97/><W119/><G119/><T118/><D118/><U19/><E19/><V115/><F115/><W99/><G5/><T105/><D105/><U0/><E0/><V125/><F125/><W13/><G58/><T35/><REACH who="0" step="1"/><D30/><REACH who="0" ten="240,370,130,250" step="2"/><U63/><E126/><V114/><F114/><W132/><G65/><T16/><D16/><U14/><E108/><V44/><F44/><W68/><G132/><T2/><D2/><U75/><E107/><V39/><F39/><W23/><G37/><T74/><D74/><U17/><E75/><V80/><F56/><W116/><G116/><T55/><D55/><U38/><E38/><V25/><F52/><W31/><G42/><T127/><D127/><U85/><E73/><V20/><F25/><N who="3" m="16831" /><G69/><T86/><AGARI ba="0,1" hai="6,9,15,22,24,29,33,35,43,47,51,86,90,95" machi="86" ten="20,2700,0" yaku="1,1,0,1,7,1,53,0" doraHai="34" doraHaiUra="53" who="0" fromWho="0" sc="240,37,370,-13,130,-7,250,-7" /><INIT seed="2,0,0,5,2,11" ten="277,357,123,243" oya="2" hai0="18,43,91,106,2,3,117,89,102,48,67,126,36" hai1="55,66,62,73,109,130,132,34,114,75,12,33,29" hai2="23,87,22,131,97,95,134,51,31,15,120,35,49" hai3="16,121,26,72,65,79,135,37,108,40,111,94,77"/><V32/><F120/><W52/><G65/><T63/><D36/><U110/><E114/><V93/><F131/><W27/><G121/><T129/><D129/><U107/><E55/><V64/><F134/><W10/><G135/><T113/><D113/><U86/><E107/><V70/><F70/><W112/><G112/><T24/><D126/><U1/><E1/><V133/><F64/><W100/><G40/><T54/><D43/><U46/><E46/><V61/><F61/><W30/><G37/><T74/><D74/><U25/><E34/><V96/><F133/><W118/><G118/><T38/><D38/><U53/><E53/><V125/><F87/><W7/><G72/><T78/><D78/><U20/><E86/><V57/><F31/><W123/><G79/><T127/><D89/><U21/><E33/><V50/><F50/><W81/><G77/><T76/><D91/><U39/><E39/><V68/><F68/><W56/><G81/><T41/><D41/><U19/><E130/><V116/><F15/><N who="3" m="7287" /><G30/><T99/><D117/><U98/><E98/><V80/><F116/><W122/><G122/><T101/><D76/><U119/><E119/><V44/><F80/><W13/><G123/><T42/><D67/><U92/><E132/><V88/><F88/><W17/><G27/><T104/><D24/><U45/><E75/><V9/><F9/><N who="3" m="6319" /><G26/><T124/><D124/><U4/><E73/><V60/><F125/><W5/><G5/><T83/><D127/><U103/><E4/><V105/><F35/><W0/><G0/><T85/><D2/><U6/><E66/><RYUUKYOKU ba="0,0" sc="277,0,357,0,123,0,243,0" /><INIT seed="3,1,0,2,3,73" ten="277,357,123,243" oya="3" hai0="114,97,132,119,61,95,78,45,72,79,40,15,94" hai1="105,98,3,17,106,104,26,96,131,58,38,113,6" hai2="126,7,65,71,102,77,21,111,107,4,123,8,14" hai3="130,9,100,11,127,43,62,32,90,57,50,34,2"/><W66/><G127/><T128/><D119/><U60/><E38/><V35/><F35/><W5/><G130/><T80/><D128/><U29/><E17/><V86/><F126/><W52/><G43/><T0/><D0/><U64/><E113/><V69/><F111/><W75/><G75/><T25/><D114/><U39/><E39/><V42/><F123/><W30/><G100/><T20/><D132/><U36/><E36/><V12/><F42/><W27/><G9/><T47/><D15/><U117/><E117/><V91/><F77/><N who="0" m="29194" /><D72/><U23/><E131/><V82/><F65/><W109/><G109/><T13/><D80/><U49/><E49/><V24/><F102/><W18/><G18/><N who="0" m="12439" /><D61/><U70/><E70/><V33/><F33/><W48/><G48/><N who="0" m="26663" /><D47/><U129/><E129/><V93/><F107/><W46/><G32/><T67/><D67/><U19/><E105/><V81/><F69/><W112/><G112/><T115/><D115/><U99/><E106/><V108/><F71/><W10/><G2/><T44/><D44/><U87/><E104/><V133/><F133/><W85/><G5/><T84/><D84/><U116/><E87/><V51/><F108/><W83/><AGARI ba="1,0" hai="10,11,27,30,34,46,50,52,57,62,66,83,85,90" machi="83" ten="20,3900,0" yaku="0,1,7,1,54,1" doraHai="73" who="3" fromWho="3" sc="277,-14,357,-14,123,-14,243,42" /><INIT seed="3,2,0,1,0,40" ten="263,343,109,285" oya="3" hai0="114,23,94,98,1,10,34,36,0,24,35,90,116" hai1="68,67,15,79,73,96,62,41,44,109,64,59,16" hai2="126,75,119,14,13,2,72,39,127,26,122,111,97" hai3="86,28,46,93,33,61,38,8,100,102,134,117,25"/><W132/><G117/><T77/><D116/><U58/><E73/><N who="2" m="28235" /><F119/><W95/><G61/><T108/><D108/><U19/><E79/><V6/><F26/><W31/><G8/><T84/><D36/><U71/><E109/><V130/><F111/><W20/><G33/><T123/><D123/><U92/><E68/><V65/><F39/><W60/><G60/><T53/><D114/><U47/><E41/><V63/><F97/><W12/><G12/><T11/><D53/><N who="1" m="34127" /><E71/><V125/><F122/><W5/><G5/><T99/><D34/><U118/><E118/><V66/><F130/><W135/><G31/><T42/><D35/><U80/><E80/><V104/><F104/><W49/><G38/><T112/><D112/><U124/><E59/><N who="2" m="37119" /><F66/><N who="1" m="25129" /><E124/><V9/><AGARI ba="2,0" hai="2,6,9,13,14,125,126,127" m="37119,28235" machi="9" ten="40,1500,0" yaku="18,1" doraHai="40" who="2" fromWho="2" sc="263,-6,343,-6,109,21,285,-9" /><INIT seed="4,0,0,3,5,68" ten="257,337,130,276" oya="0" hai0="4,123,73,81,59,20,66,107,89,92,96,80,133" hai1="5,18,39,60,91,95,2,131,37,83,26,111,41" hai2="70,135,126,118,63,105,56,82,90,61,17,62,48" hai3="113,132,101,42,12,116,106,14,77,94,88,74,71"/><T53/><D123/><U134/><E111/><V16/><F105/><W76/><G116/><T0/><D133/><U104/><E104/><V121/><F121/><W75/><G71/><T34/><D34/><U86/><E41/><V99/><F70/><W47/><G113/><T1/><D66/><U122/><E122/><V64/><F135/><W43/><G132/><T28/><D4/><U45/><E134/><V3/><F3/><W98/><G43/><T93/><D107/><U19/><E131/><V9/><F126/><W51/><G76/><T6/><D6/><U33/><E45/><V129/><F129/><W25/><G25/><N who="0" m="16423" /><D73/><U29/><E60/><N who="2" m="37895" /><F118/><W58/><G58/><T54/><D54/><U8/><REACH who="1" step="1"/><E83/><REACH who="1" ten="257,327,130,276" step="2"/><V127/><F82/><N who="3" m="45367" /><G75/><T44/><D44/><U100/><E100/><V55/><F127/><W31/><G31/><T103/><D0/><U24/><E24/><V112/><F62/><W72/><G72/><T40/><D40/><U78/><E78/><V15/><F63/><W128/><G128/><T65/><D1/><U7/><E7/><N who="2" m="3519" /><F61/><W69/><G69/><T23/><D80/><U67/><E67/><V124/><F124/><W52/><G42/><T11/><D65/><U120/><E120/><V57/><F112/><W125/><G125/><T30/><D81/><U32/><E32/><V85/><F85/><AGARI ba="0,1" hai="12,14,47,51,52,85,88,94,98,101,106" m="45367" machi="85" ten="30,3900,0" yaku="24,1,54,2" doraHai="68" who="3" fromWho="2" sc="257,0,327,0,130,-39,276,49" /><INIT seed="5,0,0,3,0,123" ten="257,327,91,325" oya="1" hai0="71,104,9,70,107,46,92,23,88,132,61,134,35" hai1="68,48,87,2,74,55,84,64,22,62,114,33,131" hai2="108,69,75,12,133,38,111,36,128,105,4,63,16" hai3="86,11,121,42,83,29,81,50,125,5,110,67,30"/><U18/><E33/><V54/><F105/><W21/><G125/><T120/><D35/><U19/><E2/><V129/><F75/><W1/><G121/><T124/><D120/><U80/><E114/><V127/><F4/><W3/><G3/><T72/><D72/><U94/><E131/><N who="2" m="50251" /><F127/><W34/><G34/><T6/><D46/><U103/><E74/><V82/><F82/><W39/><G39/><N who="2" m="14889" /><F133/><N who="0" m="51306" /><D23/><U106/><E106/><N who="0" m="40489" /><D61/><U49/><E49/><V59/><F69/><W17/><G83/><T98/><D124/><U14/><E80/><V135/><F135/><W66/><G66/><T27/><D27/><U45/><E103/><V10/><AGARI ba="0,0" hai="10,12,16,54,59,63,108,111" m="14889,50251" machi="10" ten="30,7900,0" yaku="19,1,52,2,54,1" doraHai="123" who="2" fromWho="2" sc="257,-20,327,-39,91,79,325,-20" /><INIT seed="6,0,0,5,5,106" ten="237,288,170,305" oya="2" hai0="88,107,71,95,41,92,72,103,99,120,119,20,24" hai1="13,39,48,126,19,113,80,53,124,67,125,38,40" hai2="74,42,37,62,129,31,33,47,2,112,17,115,27" hai3="135,69,83,110,131,114,22,44,0,25,109,7,57"/><V30/><F129/><W68/><G131/><T63/><D120/><U10/><E40/><V86/><F2/><W104/><G104/><T97/><D119/><U8/><E67/><V12/><F31/><W90/><G135/><T21/><D41/><U3/><E113/><N who="2" m="43595" /><F86/><W123/><G114/><T87/><D72/><U78/><E8/><N who="2" m="6279" /><F62/><W81/><G123/><T32/><D97/><U61/><E61/><V51/><F37/><W132/><G132/><T52/><D95/><U28/><E28/><V84/><F84/><W56/><G0/><T45/><D45/><N who="1" m="27791" /><E3/><V76/><F76/><W70/><G44/><T98/><D87/><AGARI ba="0,0" hai="10,13,19,38,39,78,80,87,124,125,126" m="27791" machi="87" ten="30,1000,0" yaku="18,1" doraHai="106" who="1" fromWho="0" sc="237,-10,288,10,170,0,305,0" /><INIT seed="7,0,0,5,1,55" ten="227,298,170,305" oya="3" hai0="21,117,57,88,24,10,104,30,85,29,78,127,118" hai1="103,47,81,124,6,109,128,39,110,119,65,69,59" hai2="41,115,8,37,34,58,95,54,94,116,132,133,19" hai3="53,83,26,49,46,4,50,135,90,15,79,12,23"/><W28/><G135/><N who="2" m="51785" /><F116/><W123/><G123/><T25/><D104/><U111/><E6/><V42/><F34/><W106/><G106/><T31/><D127/><U91/><E103/><V13/><F115/><W120/><G120/><T87/><D10/><U62/><E91/><V66/><F66/><W32/><G32/><T61/><D117/><U131/><E81/><V45/><F41/><W73/><G4/><T112/><D112/><U129/><E119/><V67/><F67/><W99/><G50/><AGARI ba="0,0" hai="8,13,19,37,42,45,50,54,58,94,95" m="51785" machi="50" ten="30,2000,0" yaku="20,1,52,1" doraHai="55" who="2" fromWho="3" sc="227,0,298,0,170,20,305,-20" /><INIT seed="8,0,0,5,2,123" ten="227,298,190,285" oya="0" hai0="26,53,80,6,109,38,106,46,54,92,85,107,43" hai1="110,18,47,61,101,122,8,117,42,24,49,114,81" hai2="96,104,25,77,125,37,35,12,66,69,3,31,116" hai3="28,11,83,0,56,82,91,64,39,22,59,2,1"/><T29/><D6/><U32/><E110/><V118/><F37/><W87/><G39/><T51/><D109/><U100/><E122/><V34/><F77/><W133/><G133/><T73/><D73/><U86/><E32/><N who="2" m="20591" /><F12/><W134/><G134/><T62/><D62/><U98/><E117/><N who="2" m="45163" /><F3/><W27/><G64/><T93/><D107/><U15/><E114/><V58/><F125/><W63/><G63/><T65/><D65/><U105/><E61/><N who="2" m="40143" /><F58/><W52/><G11/><T88/><D106/><U45/><E45/><V121/><F121/><W128/><G128/><T108/><D108/><U55/><E105/><V40/><F40/><W5/><G5/><T84/><D38/><U67/><E67/><V57/><F57/><W50/><REACH who="3" step="1"/><G59/><REACH who="3" ten="227,298,190,275" step="2"/><T132/><D132/><U103/><E24/><V111/><F111/><W89/><G89/><T76/><REACH who="0" step="1"/><D93/><AGARI ba="0,1" hai="0,1,2,22,27,28,50,52,56,82,83,87,91,93" machi="93" ten="40,2600,0" yaku="1,1,54,1,53,0" doraHai="123" doraHaiUra="70" who="3" fromWho="0" sc="227,-26,298,0,190,0,275,36" owari="201,-20.0,298,10.0,190,-31.0,311,41.0" /></mjloggm>