<mjloggm ver="2.3"><GO type="169" lobby="0"/><UN n0="%E7%A0%B4%E5%A3%8A%E3%81%A8%E8%AA%95%E7%94%9F%E3%81%AE%E7%A5%9E%E6%AE%BF" n1="%E3%83%97%E3%83%A9%E3%83%81%E3%83%8A%E3%83%A0" n2="%E3%82%A6%E3%83%AB%E3%83%88%E3%83%A9%E7%AB%8B%E7%9B%B4" n3="%E3%81%8B%E3%81%A3%E9%A3%9B%E3%81%B0%E3%81%9B%E5%85%A8%E9%83%A8" dan="17,16,18,17" rate="2228.25,2162.08,2241.83,2116.30" sx="F,M,M,M"/><TAIKYOKU oya="0"/><INIT seed="0,0,0,1,0,30" ten="250,250,250,250" oya="0" hai0="63,113,9,43,35,42,97,81,68,132,120,40,71" hai1="36,131,100,29,93,122,86,128,0,135,64,2,94" hai2="117,53,56,124,12,110,60,116,84,33,66,75,55" hai3="22,10,32,38,1,25,52,85,50,103,8,109,62"/><T78/><D113/><U59/><E36/><V96/><F75/><W13/><G38/><T7/><D120/><U28/><E122/><V76/><F96/><W46/><G109/><T121/><D121/><U57/><E64/><V5/><F5/><W111/><G111/><T107/><D132/><U123/><E123/><V61/><F12/><W44/><G32/><T39/><D63/><U58/><E86/><V45/><F33/><W24/><G103/><T79/><D79/><U83/><E83/><V106/><F84/><W126/><G126/><T73/><D35/><U4/><E4/><V90/><F90/><W101/><G101/><T11/><D11/><U119/><E100/><V115/><F106/><W118/><G118/><N who="2" m="45673" /><F76/><W49/><G62/><T70/><D97/><U87/><E87/><V89/><F89/><W3/><G85/><T74/><D107/><U82/><E82/><V47/><F110/><W77/><G77/><T72/><REACH who="0" step="1"/><D39/><REACH who="0" ten="240,250,250,250" step="2"/><U105/><E105/><V98/><F98/><W104/><G104/><T15/><AGARI ba="0,1" hai="7,9,15,40,42,43,68,70,71,72,73,74,78,81" machi="15" ten="40,7800,0" yaku="1,1,2,1,0,1,53,0" doraHai="30" doraHaiUra="19" who="0" fromWho="0" sc="240,88,250,-26,250,-26,250,-26" /><INIT seed="0,1,0,0,3,15" ten="328,224,224,224" oya="0" hai0="54,84,61,79,20,129,5,16,34,42,131,53,132" hai1="67,6,14,82,66,130,65,83,123,17,92,31,102" hai2="106,128,59,103,63,21,11,116,37,81,56,62,126" hai3="13,51,113,24,7,135,70,90,76,23,33,4,71"/><T64/><D34/><U80/><E123/><V9/><F37/><W114/><G135/><T19/><D132/><U35/><E6/><V2/><F2/><W86/><G76/><T87/><D5/><U110/><E110/><V45/><F45/><W105/><G105/><T0/><D0/><U119/><E130/><N who="0" m="49673" /><D42/><U122/><E122/><V43/><F43/><W108/><G33/><T48/><D79/><U50/><E119/><V78/><F103/><W22/><G108/><T38/><D38/><U98/><E50/><V127/><F106/><W1/><G1/><T94/><D94/><U104/><E35/><V39/><F39/><W69/><G51/><T107/><D107/><U30/><REACH who="1" step="1"/><E104/><REACH who="1" ten="328,214,224,224" step="2"/><V101/><F128/><W36/><G36/><T72/><D72/><U121/><E121/><V44/><F116/><W41/><G4/><T25/><D19/><U118/><E118/><V75/><F75/><W40/><G7/><T12/><D25/><U68/><E68/><V125/><F125/><W60/><G70/><N who="0" m="42255" /><D54/><U10/><AGARI ba="1,1" hai="10,14,17,30,31,65,66,67,80,82,83,92,98,102" machi="10" ten="30,12000,2" yaku="1,1,0,1,8,1,52,1,53,3" doraHai="15" doraHaiUra="77" who="1" fromWho="1" sc="328,-61,214,133,224,-31,224,-31" /><INIT seed="1,0,0,0,5,5" ten="267,347,193,193" oya="1" hai0="74,67,12,118,106,89,7,60,134,17,130,86,11" hai1="93,18,96,8,40,87,98,9,73,54,105,49,75" hai2="91,23,36,77,135,22,42,57,47,69,64,111,62" hai3="15,107,43,16,25,65,79,114,46,109,2,19,66"/><U39/><E105/><V120/><F120/><W45/><G114/><T122/><D118/><U38/><E40/><V119/><F119/><W110/><G2/><T94/><D122/><U101/><E75/><V31/><F111/><N who="3" m="42507" /><G107/><T133/><D106/><U104/><E73/><V113/><F135/><N who="0" m="51722" /><D74/><U24/><E87/><V14/><F113/><W21/><G79/><T37/><D37/><U3/><E3/><V124/><F124/><W41/><G43/><T30/><D30/><U100/><E39/><V13/><F77/><W126/><G126/><T27/><D130/><U51/><E38/><V29/><F91/><W4/><G4/><T59/><D27/><U78/><E78/><V108/><F108/><W123/><G123/><T63/><D63/><U71/><E71/><V129/><F129/><W58/><G58/><T56/><D7/><U132/><E132/><V83/><F69/><AGARI ba="0,0" hai="11,12,17,56,59,60,67,69,86,89,94" m="51722" machi="69" ten="30,2000,0" yaku="20,1,52,1" doraHai="5" who="0" fromWho="2" sc="267,20,347,0,193,-20,193,0" /><INIT seed="2,0,0,2,0,50" ten="287,347,173,193" oya="2" hai0="73,77,6,28,97,54,102,71,65,15,38,99,129" hai1="53,27,2,34,24,11,107,130,48,59,92,55,134" hai2="127,119,76,14,110,125,131,0,29,31,126,16,43" hai3="72,47,60,74,116,42,63,44,30,19,39,4,95"/><V120/><F43/><W5/><G116/><T62/><D129/><U70/><E70/><V82/><F0/><W86/><G30/><T9/><D38/><U66/><E66/><V112/><F112/><W75/><G47/><T113/><D113/><U32/><E107/><V93/><F119/><W18/><G4/><T91/><D28/><U122/><E134/><V35/><F120/><W117/><G5/><T36/><D36/><U22/><E24/><V17/><F131/><W88/><G117/><T89/><D97/><U68/><E68/><V87/><F110/><W8/><G8/><T64/><D64/><U121/><E130/><V105/><F105/><W3/><G3/><T108/><D108/><U90/><E11/><V67/><F67/><W81/><REACH who="3" step="1"/><G95/><REACH who="3" ten="287,347,173,183" step="2"/><T21/><D9/><U69/><E2/><V58/><F35/><W80/><G80/><T83/><D6/><U135/><E34/><V111/><F111/><W12/><G12/><T45/><D15/><U100/><E32/><V20/><F17/><AGARI ba="0,1" hai="17,18,19,39,42,44,60,63,72,74,75,81,86,88" machi="17" ten="40,8000,1" yaku="1,1,54,1,53,2" doraHai="50" doraHaiUra="56" who="3" fromWho="2" sc="287,0,347,0,173,-80,183,90" /><INIT seed="3,0,0,5,5,69" ten="287,347,93,273" oya="3" hai0="118,41,108,120,115,34,117,33,49,70,101,114,91" hai1="30,124,131,106,22,61,104,27,8,86,21,26,44" hai2="88,112,80,85,71,109,128,52,6,45,87,68,40" hai3="79,32,90,56,82,50,3,46,24,36,133,74,64"/><W25/><G3/><T67/><D101/><U100/><E131/><V102/><F112/><N who="0" m="43050" /><D91/><U18/><E124/><V127/><F109/><W84/><G133/><T7/><D7/><U4/><E61/><V12/><F128/><W0/><G0/><T9/><D9/><U76/><E44/><V99/><F127/><W93/><G32/><T39/><D108/><U111/><E111/><V15/><F87/><W130/><G130/><T89/><D89/><U126/><E126/><V83/><F83/><W60/><REACH who="3" step="1"/><G36/><REACH who="3" ten="287,347,93,263" step="2"/><T96/><D33/><U58/><E106/><V113/><F113/><W65/><G65/><T43/><D34/><U135/><E135/><V42/><F71/><W63/><G63/><T98/><D67/><U105/><E105/><V66/><F66/><W37/><G37/><T78/><D70/><U134/><E134/><V121/><F68/><W95/><G95/><T132/><D132/><U81/><E104/><V59/><F121/><W75/><G75/><T110/><D120/><U62/><E62/><V14/><F6/><W31/><G31/><T92/><D110/><U97/><E30/><V55/><F59/><W1/><G1/><T13/><D92/><U123/><E58/><V73/><F73/><W28/><G28/><T16/><D39/><U94/><E123/><V48/><REACH who="2" step="1"/><F42/><AGARI ba="0,1" hai="24,25,42,46,50,56,60,64,74,79,82,84,90,93" machi="42" ten="30,2900,0" yaku="1,1,7,1,53,0" doraHai="69" doraHaiUra="10" who="3" fromWho="2" sc="287,0,347,0,93,-29,263,39" /><INIT seed="3,1,0,5,0,113" ten="287,347,64,302" oya="3" hai0="91,130,11,81,26,82,76,30,32,23,120,79,71" hai1="122,24,8,10,89,116,22,102,100,87,51,62,64" hai2="18,99,83,12,103,92,128,42,119,66,84,37,38" hai3="118,105,114,95,80,31,112,2,126,5,28,85,97"/><W19/><G105/><T93/><D130/><U107/><E122/><V41/><F128/><W4/><G126/><T78/><D120/><U21/><E51/><V72/><F66/><W86/><G19/><T25/><D71/><U47/><E47/><V134/><F134/><W35/><G95/><T67/><D67/><U70/><E22/><V96/><F72/><W68/><G97/><T16/><REACH who="0" step="1"/><D11/><REACH who="0" ten="277,347,64,302" step="2"/><U127/><E10/><V55/><F38/><W6/><G68/><T53/><D53/><U111/><E8/><V34/><F55/><W61/><G2/><T101/><D101/><U88/><E100/><V94/><F37/><W57/><G114/><T36/><D36/><U43/><E102/><V3/><F3/><W46/><G112/><T90/><D90/><U77/><E88/><N who="2" m="55367" /><F34/><W20/><G35/><T39/><D39/><U73/><E89/><N who="2" m="51359" /><F119/><W125/><G118/><T133/><D133/><U50/><E116/><V9/><AGARI ba="1,1" hai="9,12,18,41,42,92,99,103" m="51359,55367" machi="9" ten="30,2000,0" yaku="8,1,54,1" doraHai="113" who="2" fromWho="2" sc="277,-6,347,-6,64,33,302,-11" /><INIT seed="4,0,0,3,4,97" ten="271,341,97,291" oya="0" hai0="6,55,7,105,70,125,36,92,32,21,78,61,121" hai1="128,53,123,122,103,107,67,85,89,38,93,28,118" hai2="46,94,134,40,101,14,5,49,135,64,113,117,106" hai3="74,50,2,79,86,72,47,116,1,22,57,62,73"/><T83/><D121/><U18/><E38/><V4/><F106/><W115/><G116/><T84/><D105/><U58/><E67/><V39/><F117/><W108/><G108/><T75/><D32/><U132/><E118/><V112/><F14/><W12/><G115/><N who="2" m="44105" /><F4/><W66/><G86/><T87/><D125/><U110/><E110/><V82/><F82/><W124/><G79/><T90/><D36/><U42/><E103/><V111/><F5/><W27/><G12/><T88/><D21/><U11/><E128/><V44/><F94/><W8/><G124/><T15/><D15/><U37/><E93/><V54/><F101/><W98/><G98/><T24/><D24/><U65/><E123/><V26/><F26/><W104/><G104/><T0/><D0/><U48/><E11/><V19/><F19/><W114/><G114/><T126/><D126/><U10/><E10/><V133/><F64/><W20/><G8/><T80/><REACH who="0" step="1"/><D70/><REACH who="0" ten="261,341,97,291" step="2"/><U120/><E107/><V33/><F33/><W35/><G35/><T76/><D76/><U31/><E122/><V96/><F96/><W100/><G22/><T129/><D129/><U56/><E120/><V77/><F77/><W45/><G20/><T68/><D68/><U131/><E131/><V30/><F30/><W23/><G23/><T25/><D25/><U60/><E31/><V3/><F3/><W59/><G27/><T9/><D9/><U34/><E28/><V51/><F39/><W43/><G1/><T127/><D127/><U99/><E37/><V119/><F119/><W29/><G2/><T95/><D95/><RYUUKYOKU ba="0,1" sc="261,15,341,-15,97,15,291,-15" hai0="6,7,55,61,75,78,80,83,84,87,88,90,92" hai2="40,44,46,49,51,54,111,133,134,135" /><INIT seed="4,1,1,2,1,0" ten="276,326,112,276" oya="0" hai0="31,59,53,17,85,65,99,104,78,119,98,21,115" hai1="38,57,43,97,90,37,131,54,93,52,47,88,126" hai2="75,34,60,121,3,106,35,2,16,40,72,45,36" hai3="64,120,24,84,48,89,30,124,94,66,101,112,77"/><T13/><D119/><U76/><E131/><V23/><F121/><W28/><G120/><T15/><D115/><U80/><E126/><V87/><F87/><W49/><G112/><T44/><D104/><U46/><E54/><V132/><F132/><W108/><G108/><T83/><D31/><U18/><E18/><V114/><F114/><W91/><G124/><T51/><D65/><N who="3" m="25193" /><G101/><T130/><D130/><U122/><E122/><V9/><F60/><W56/><G77/><T133/><D133/><U68/><E68/><V70/><F70/><W109/><G109/><T26/><REACH who="0" step="1"/><D59/><REACH who="0" ten="266,326,112,276" step="2"/><U100/><E57/><V135/><F106/><W127/><G56/><T58/><D58/><U5/><E46/><V86/><F135/><W74/><G30/><T102/><D102/><U55/><E100/><V39/><F45/><W62/><G28/><T118/><D118/><U95/><E47/><V123/><F123/><W81/><G127/><T117/><D117/><U134/><E134/><V41/><F35/><W71/><G71/><T110/><D110/><U69/><E69/><V50/><F34/><W7/><G62/><T32/><D32/><U22/><E55/><V29/><F29/><W79/><G48/><T129/><D129/><U63/><E63/><V111/><F50/><W125/><G49/><T42/><D42/><U73/><E43/><V105/><F41/><W116/><G125/><T96/><AGARI ba="1,2" hai="13,15,17,21,26,44,51,53,78,83,85,96,98,99" machi="96" ten="30,6000,0" yaku="1,1,0,1,8,1,53,0" doraHai="0" doraHaiUra="1" who="0" fromWho="0" sc="266,83,326,-21,112,-21,276,-21" /><INIT seed="4,2,0,3,3,18" ten="349,305,91,255" oya="0" hai0="61,65,96,5,70,84,118,115,130,131,7,14,33" hai1="100,58,24,11,37,59,35,19,52,92,25,134,89" hai2="64,110,79,49,116,119,38,122,109,21,4,87,48" hai3="88,102,36,57,97,117,17,56,86,127,121,0,15"/><T77/><D118/><N who="2" m="45098" /><F4/><W9/><G117/><T27/><D115/><U39/><E100/><V13/><F79/><W23/><G36/><T62/><D62/><U43/><E59/><V125/><F87/><W6/><G127/><T10/><D7/><U1/><E43/><V16/><F122/><W93/><REACH who="3" step="1"/><G121/><REACH who="3" ten="349,305,91,245" step="2"/><T60/><D130/><U78/><E39/><V112/><F125/><W46/><G46/><T32/><D131/><U76/><E37/><V104/><F38/><W105/><AGARI ba="2,1" hai="0,6,9,15,17,23,56,57,86,88,93,97,102,105" machi="105" ten="20,8000,1" yaku="1,1,0,1,7,1,52,1,54,1,53,0" doraHai="18" doraHaiUra="107" who="3" fromWho="3" sc="349,-42,305,-22,91,-22,245,96" /><INIT seed="5,0,0,4,5,13" ten="307,283,69,341" oya="1" hai0="14,62,87,107,23,27,40,73,120,129,49,47,25" hai1="119,94,17,53,5,92,122,4,105,1,113,82,76" hai2="39,74,30,2,6,51,34,121,10,130,108,19,54" hai3="67,38,80,110,78,61,95,135,59,66,8,96,79"/><U42/><E105/><V12/><F39/><W68/><G110/><T43/><D73/><U32/><E32/><V128/><F74/><W134/><G38/><T0/><D0/><U132/><E119/><V55/><F108/><W117/><G117/><T93/><D107/><U50/><E122/><V29/><F121/><W63/><G8/><T102/><D129/><U44/><E113/><V109/><F109/><W77/><REACH who="3" step="1"/><G80/><REACH who="3" ten="307,283,69,331" step="2"/><T90/><D120/><U16/><E132/><V28/><F34/><W58/><G58/><T133/><D133/><U97/><E1/><V60/><F130/><W41/><G41/><T101/><D43/><U37/><E42/><V126/><F128/><W70/><G70/><T46/><D47/><U36/><E36/><V83/><F83/><W104/><G104/><T26/><D62/><U89/><E37/><V20/><F126/><W116/><G116/><T86/><D86/><N who="1" m="48455" /><E92/><V24/><F60/><W22/><G22/><T3/><D3/><U123/><E123/><V35/><REACH who="2" step="1"/><F55/><REACH who="2" ten="307,283,59,331" step="2"/><W48/><G48/><T118/><D118/><U112/><E112/><V114/><F114/><W125/><G125/><T15/><D49/><U131/><E131/><V69/><F69/><W64/><G64/><T84/><D40/><U99/><E53/><V85/><F85/><W56/><G56/><AGARI ba="0,2" hai="2,6,10,12,19,20,24,28,29,30,35,51,54,56" machi="56" ten="30,12000,2" yaku="1,1,7,1,24,2,52,1,53,1" doraHai="13" doraHaiUra="11" who="2" fromWho="3" sc="307,0,283,0,59,140,331,-120" /><INIT seed="6,0,0,4,0,58" ten="307,283,199,211" oya="2" hai0="4,114,29,38,48,115,73,21,51,74,88,35,106" hai1="16,7,2,45,11,108,40,131,110,20,50,75,92" hai2="25,128,97,17,93,24,27,22,10,81,34,105,101" hai3="46,91,87,118,94,129,0,23,122,14,47,126,76"/><V133/><F128/><W52/><G118/><T127/><D38/><U95/><E131/><V61/><F133/><W65/><G122/><T134/><D134/><U60/><E75/><V56/><F81/><N who="3" m="47527" /><G0/><T71/><D35/><U30/><E30/><V69/><F69/><W102/><G126/><T124/><D106/><U42/><E42/><V89/><F34/><W123/><G123/><T68/><D4/><U32/><E32/><V78/><F78/><W41/><G65/><T18/><D29/><U12/><REACH who="1" step="1"/><E60/><REACH who="1" ten="307,273,199,211" step="2"/><V117/><F117/><W54/><G129/><T111/><D111/><AGARI ba="0,1" hai="2,7,11,12,16,20,40,45,50,92,95,108,110,111" machi="111" ten="40,8000,1" yaku="1,1,2,1,54,1,53,1" doraHai="58" doraHaiUra="36" who="1" fromWho="0" sc="307,-80,273,90,199,0,211,0" /><INIT seed="7,0,0,5,0,75" ten="227,363,199,211" oya="3" hai0="92,74,16,14,129,9,102,70,8,106,98,73,121" hai1="68,77,12,64,53,23,2,108,105,19,120,28,111" hai2="61,57,131,89,7,6,79,56,113,60,130,39,27" hai3="33,62,29,118,134,15,127,133,31,82,112,110,54"/><W5/><G118/><T37/><D121/><U115/><E105/><V55/><F39/><W34/><G112/><T128/><D37/><U41/><E2/><V99/><F113/><W20/><G127/><T80/><D70/><U96/><E41/><V43/><F43/><W125/><G125/><T21/><D106/><U69/><E64/><V101/><F89/><W45/><G110/><T35/><D35/><N who="3" m="13321" /><G82/><T51/><D51/><U132/><E23/><V122/><F122/><W65/><G54/><T44/><D44/><U58/><E19/><V78/><F27/><W100/><G100/><T48/><D48/><U40/><E12/><V4/><F131/><N who="0" m="50250" /><D80/><U119/><E53/><N who="2" m="33807" /><F130/><W66/><G45/><T1/><D9/><U126/><E115/><V49/><F49/><W84/><G84/><T13/><D1/><U114/><E96/><V22/><F22/><W38/><G38/><T88/><D102/><U86/><E86/><V26/><F26/><W18/><G5/><AGARI ba="0,0" hai="5,8,13,14,16,21,73,74,88,92,98" m="50250" machi="5" ten="30,3900,0" yaku="19,1,54,2" doraHai="75" who="0" fromWho="3" sc="227,39,363,0,199,0,211,-39" owari="266,7.0,363,46.0,199,-20.0,172,-33.0" /></mjloggm>