<mjloggm ver="2.3"><GO type="169" lobby="0"/><UN n0="%E3%82%A6%E3%83%AB%E3%83%88%E3%83%A9%E7%AB%8B%E7%9B%B4" n1="%E3%81%A9%E3%83%BC%E3%82%82%E5%83%95%E3%81%A7%E3%81%99" n2="%E7%91%9E%E5%8E%9F%E3%81%AF%E3%82%84%E3%82%8A%E3%83%97%E3%83%AD" n3="%E3%81%B1%E3%81%8A%E3%83%BC%E3%83%BC%E3%82%93" dan="18,16,18,16" rate="2250.87,2130.43,2183.09,2084.89" sx="M,M,F,M"/><TAIKYOKU oya="0"/><INIT seed="0,0,0,4,5,77" ten="250,250,250,250" oya="0" hai0="11,74,110,112,124,7,93,113,115,37,132,68,118" hai1="71,90,85,83,122,36,62,79,105,95,94,31,121" hai2="96,128,10,65,75,106,114,41,87,66,108,0,91" hai3="25,116,12,35,18,67,19,33,44,89,13,86,72"/><T32/><RYUUKYOKU type="yao9" ba="0,0" sc="250,0,250,0,250,0,250,0" hai0="7,11,32,37,68,74,93,110,112,113,115,118,124,132" /><INIT seed="0,1,0,3,3,68" ten="250,250,250,250" oya="0" hai0="0,21,8,114,103,121,99,84,30,13,58,34,83" hai1="22,20,95,35,98,90,100,46,49,62,133,48,86" hai2="42,52,55,115,56,131,31,127,38,124,125,119,89" hai3="85,108,130,78,45,37,102,12,76,9,111,61,113"/><T43/><D114/><U126/><E133/><V96/><F115/><W117/><G117/><T33/><D121/><U10/><E126/><V36/><F119/><W81/><G113/><T23/><D0/><U60/><E35/><V19/><F131/><W110/><G130/><T15/><D58/><U29/><E10/><V93/><F42/><N who="3" m="22735" /><G102/><T104/><D43/><U4/><E4/><V5/><F5/><N who="3" m="3119" /><G61/><N who="1" m="23658" /><E29/><V122/><F122/><W70/><G70/><T17/><D23/><N who="1" m="8747" /><E46/><V135/><F135/><W44/><G44/><T72/><D72/><U32/><E32/><V106/><F106/><W51/><G51/><T41/><D41/><U64/><E64/><V25/><F19/><W50/><G50/><T40/><D40/><U3/><E3/><V27/><F27/><W59/><G59/><T129/><D129/><U69/><E69/><V75/><F75/><W94/><G94/><AGARI ba="1,0" hai="48,49,86,90,94,95,98,100" m="8747,23658" machi="94" ten="30,1000,0" yaku="8,1" doraHai="68" who="1" fromWho="3" sc="250,0,250,13,250,0,250,-13" /><INIT seed="1,0,0,2,1,47" ten="250,263,250,237" oya="1" hai0="28,35,90,0,117,76,21,123,108,43,2,111,122" hai1="119,1,6,125,59,7,58,68,61,10,41,106,31" hai2="115,131,11,72,64,95,79,16,91,19,116,50,60" hai3="53,45,77,94,18,128,114,12,85,5,4,30,109"/><U13/><E119/><V103/><F116/><W54/><G114/><T99/><D76/><U105/><E125/><V56/><F115/><W70/><G70/><T129/><D99/><U133/><E133/><V98/><F131/><W127/><G128/><T130/><D90/><U89/><E31/><V63/><F63/><W104/><G104/><T22/><D43/><U3/><E68/><V87/><F11/><W71/><G71/><T15/><D15/><U20/><E41/><V51/><F79/><W36/><G109/><T48/><D48/><N who="2" m="18474" /><F72/><W62/><G30/><T33/><D28/><U69/><E69/><V135/><F135/><W52/><G62/><T82/><D82/><AGARI ba="0,0" hai="16,19,56,60,64,82,87,91,95,98,103" m="18474" machi="82" ten="30,8000,1" yaku="8,1,52,3,54,1" doraHai="47" who="2" fromWho="0" sc="250,-80,263,0,250,80,237,0" /><INIT seed="2,0,0,3,4,84" ten="170,263,330,237" oya="2" hai0="125,96,72,135,105,80,18,68,56,45,91,82,49" hai1="41,51,6,69,131,74,31,33,110,126,102,29,47" hai2="27,129,88,40,106,43,124,107,94,37,20,25,34" hai3="65,55,117,108,90,35,89,133,118,64,57,119,92"/><V53/><F34/><W13/><G35/><T100/><D68/><U7/><E74/><V16/><F129/><W0/><G0/><T52/><D125/><U120/><E69/><V123/><F123/><W1/><G1/><T39/><D135/><U83/><E126/><V75/><F75/><W24/><G24/><T66/><D72/><U28/><E33/><V3/><F3/><W111/><G13/><T70/><D18/><U114/><E114/><V121/><F121/><W104/><G104/><T9/><D9/><U17/><E120/><V101/><F124/><W61/><G133/><T38/><D91/><N who="3" m="34825" /><G92/><T132/><D132/><U79/><E7/><V99/><F37/><W98/><G98/><T48/><D39/><U112/><E6/><V44/><F27/><W134/><G134/><T46/><D38/><U32/><E32/><V58/><F107/><W103/><G103/><T2/><D2/><U19/><E102/><V63/><F44/><W73/><G73/><T12/><D12/><U4/><E4/><V76/><F76/><W113/><G113/><T97/><D97/><AGARI ba="0,0" hai="16,20,25,40,43,53,58,63,88,94,97,99,101,106" machi="97" ten="30,18000,2" yaku="7,1,25,2,52,1,54,2" doraHai="84" who="2" fromWho="0" sc="170,-180,263,0,330,180,237,0" owari="-10,-51.0,263,6.0,510,61.0,237,-16.0" /></mjloggm>