<mjloggm ver="2.3"><GO type="169" lobby="0"/><UN n0="%E6%BC%A3%E5%A4%8F" n1="%64%33%76%64%72" n2="%E3%83%8B%E3%83%A3%E3%83%AA%E3%83%9D%E3%83%B3" n3="%E3%83%88%E3%83%88%E3%83%AA%E5%85%88%E7%94%9F%31%39%E6%AD%B3" dan="17,16,17,19" rate="2177.43,2098.68,2181.31,2322.50" sx="M,M,F,F"/><TAIKYOKU oya="0"/><INIT seed="0,0,0,2,3,1" ten="250,250,250,250" oya="0" hai0="32,78,54,59,130,129,73,95,96,19,13,66,90" hai1="126,68,25,34,132,27,135,37,98,15,11,17,75" hai2="100,104,43,82,123,30,109,106,0,47,10,41,86" hai3="5,3,103,57,133,79,7,40,102,2,35,115,124"/><T94/><D32/><U33/><E37/><V87/><F123/><W125/><G115/><T74/><D66/><U26/><E68/><V58/><F30/><W88/><G35/><N who="1" m="13322" /><E75/><V110/><F58/><W61/><G133/><N who="1" m="51274" /><E98/><V131/><F131/><N who="0" m="50186" /><D95/><U107/><E107/><V31/><F31/><W72/><G40/><T53/><D78/><U9/><E9/><V60/><F60/><W85/><G79/><T122/><D122/><U93/><E93/><V127/><F43/><W8/><G72/><N who="0" m="27755" /><D59/><U120/><E120/><V97/><F104/><W67/><G103/><T116/><D116/><U16/><E126/><N who="3" m="48746" /><G102/><T14/><D14/><U12/><E12/><V63/><F127/><W55/><G67/><T101/><D101/><U42/><E42/><V28/><F100/><W46/><G46/><T117/><D117/><U20/><AGARI ba="0,0" hai="11,15,16,17,20,25,26,27" m="51274,13322" machi="20" ten="40,8000,1" yaku="20,1,34,2,54,1" doraHai="1" who="1" fromWho="1" sc="250,-40,250,80,250,-20,250,-20" /><INIT seed="1,0,0,0,0,64" ten="210,330,230,230" oya="1" hai0="31,87,13,2,21,18,99,44,98,107,111,76,22" hai1="4,55,42,43,52,38,0,45,28,112,25,85,128" hai2="77,35,70,86,49,46,40,60,135,109,67,53,69" hai3="122,79,58,33,116,125,126,63,72,9,123,84,17"/><U134/><E112/><V121/><F35/><W16/><G72/><T106/><D2/><U93/><E128/><V48/><F77/><W68/><G33/><T117/><D117/><U127/><E134/><V34/><F34/><W100/><G116/><T102/><D111/><U113/><E113/><V97/><F109/><W24/><G100/><T39/><D106/><U114/><E114/><V71/><F97/><W20/><G68/><N who="2" m="26217" /><F86/><W8/><G79/><T94/><D39/><U1/><E4/><V26/><F26/><N who="3" m="14607" /><G58/><T6/><D44/><U37/><E25/><V73/><F73/><W132/><G63/><T108/><D108/><U41/><E28/><V82/><F82/><W50/><G50/><T130/><D31/><U118/><E118/><V19/><F19/><W133/><G84/><T104/><D6/><U96/><E85/><V36/><F121/><N who="3" m="46091" /><G9/><T32/><D32/><U30/><E96/><V57/><F135/><N who="3" m="51787" /><G24/><T56/><D87/><U62/><E93/><V14/><F14/><AGARI ba="0,0" hai="8,14,16,125,126" m="51787,46091,14607" machi="14" ten="40,8000,1" yaku="20,1,34,2,54,1" doraHai="64" who="3" fromWho="2" sc="210,0,330,0,230,-80,230,80" /><INIT seed="2,0,0,5,2,2" ten="210,330,150,310" oya="2" hai0="48,41,77,33,32,69,61,133,96,118,27,10,25" hai1="57,124,62,122,106,107,16,132,121,88,9,37,110" hai2="93,39,6,109,119,99,5,20,3,29,59,36,42" hai3="0,120,90,22,52,45,54,86,128,98,100,112,38"/><V13/><F119/><W83/><G120/><N who="1" m="46186" /><E37/><V104/><F104/><W49/><G128/><T24/><D118/><U113/><E113/><V78/><F109/><W14/><G112/><T70/><D133/><U135/><E110/><V67/><F39/><W30/><G38/><T101/><D77/><U17/><E124/><V64/><F3/><W40/><G0/><T117/><D117/><U126/><E126/><V85/><F36/><W58/><G58/><T18/><D41/><U12/><E106/><V74/><F42/><W108/><G108/><T43/><D43/><U21/><E107/><V47/><F47/><W8/><G22/><T51/><D33/><U131/><E131/><V15/><F74/><W116/><G30/><T115/><D32/><U97/><E97/><V82/><F29/><W4/><G116/><T1/><D70/><U75/><E75/><V50/><F50/><W73/><G73/><T26/><D69/><U46/><E46/><V84/><F84/><W65/><G65/><N who="2" m="25161" /><F59/><W114/><G114/><T79/><D51/><U94/><E57/><V111/><F111/><W127/><G127/><T125/><D48/><U92/><E62/><V91/><F20/><W53/><G40/><T87/><D61/><U35/><E35/><V68/><F68/><W60/><G60/><T31/><D125/><U130/><E130/><V28/><F28/><W66/><G66/><T44/><D31/><U56/><E56/><V129/><F129/><W63/><G63/><T72/><D115/><U55/><E132/><V81/><F81/><W95/><AGARI ba="0,0" hai="4,8,14,45,49,52,53,54,83,86,90,95,98,100" machi="95" ten="20,8000,1" yaku="0,1,7,1,8,1,52,1,54,1" doraHai="2" who="3" fromWho="3" sc="210,-20,330,-20,150,-40,310,80" /><INIT seed="3,0,0,5,3,13" ten="190,310,110,390" oya="3" hai0="61,93,28,108,66,4,53,5,12,119,74,8,73" hai1="32,135,43,84,30,81,127,29,126,23,134,24,49" hai2="88,0,33,10,111,85,100,77,11,19,52,47,89" hai3="87,76,92,86,18,71,25,57,14,54,115,27,90"/><W39/><G115/><T21/><D119/><U42/><E30/><V16/><F33/><W105/><G105/><T130/><D108/><U106/><E106/><V80/><F111/><W82/><G71/><T114/><D130/><U64/><E64/><V35/><F35/><W48/><REACH who="3" step="1"/><G39/><REACH who="3" ten="190,310,110,380" step="2"/><T22/><D114/><U129/><E129/><V131/><F131/><W110/><G110/><T38/><D38/><U98/><E135/><V2/><F2/><W132/><G132/><T45/><D73/><U99/><E134/><V101/><F0/><W118/><G118/><T124/><D74/><U60/><E127/><V36/><F36/><W96/><G96/><T113/><D124/><U50/><E99/><V59/><F47/><W122/><G122/><T79/><D45/><U120/><E98/><V17/><F10/><AGARI ba="0,1" hai="10,14,18,25,27,48,54,57,76,82,86,87,90,92" machi="10" ten="30,18000,2" yaku="1,1,7,1,8,1,52,1,53,2" doraHai="13" doraHaiUra="83" who="3" fromWho="2" sc="190,0,310,0,110,-180,380,190" owari="190,-21.0,310,11.0,-70,-57.0,570,67.0" /></mjloggm>