<mjloggm ver="2.3"><GO type="169" lobby="0"/><UN n0="%E4%BA%BA%E9%96%93%E6%96%87%E8%89%AF" n1="%E3%82%A6%E3%83%AB%E3%83%88%E3%83%A9%E7%AB%8B%E7%9B%B4" n2="%65%69%6B%31" n3="%E5%A4%8F%E8%94%AD" dan="16,18,17,16" rate="2044.39,2246.36,2149.49,2108.52" sx="M,M,F,M"/><TAIKYOKU oya="0"/><INIT seed="0,0,0,1,5,60" ten="250,250,250,250" oya="0" hai0="33,104,120,54,103,48,86,0,124,44,62,19,64" hai1="129,88,85,39,132,123,75,14,21,4,102,5,108" hai2="131,53,11,101,68,121,87,128,70,8,45,96,59" hai3="84,118,1,125,25,52,130,16,32,9,99,74,78"/><T61/><D120/><U110/><E75/><V91/><F121/><W77/><G118/><T42/><D124/><U38/><E123/><V28/><F28/><W90/><G125/><T67/><D33/><U119/><E119/><V63/><F45/><W27/><G130/><N who="2" m="49705" /><F70/><W113/><G113/><T105/><D0/><U117/><E102/><V15/><F68/><W29/><G74/><T46/><D86/><U17/><E117/><V55/><F55/><W98/><G1/><T20/><D62/><U24/><E129/><V72/><F15/><W36/><G36/><T116/><D116/><U47/><E132/><V65/><F53/><W49/><G77/><T97/><D105/><U2/><E2/><V13/><F13/><N who="3" m="7215" /><G25/><T73/><D73/><U43/><E39/><V79/><F79/><W135/><G78/><T18/><D18/><U56/><E56/><V30/><F30/><W76/><G76/><T71/><D71/><U106/><E24/><V69/><F69/><W26/><G26/><T93/><D104/><U40/><E106/><N who="2" m="63783" /><F72/><W22/><G32/><T58/><D46/><U100/><E47/><V92/><AGARI ba="0,0" hai="8,11,59,63,65,87,91,92" m="63783,49705" machi="92" ten="30,2000,0" yaku="19,1,52,1" doraHai="60" who="2" fromWho="2" sc="250,-10,250,-5,250,20,250,-5" /><INIT seed="1,0,0,2,2,84" ten="240,245,270,245" oya="1" hai0="7,15,97,2,115,64,93,37,25,20,46,125,102" hai1="104,108,23,0,28,116,21,52,90,124,112,57,54" hai2="87,12,133,27,89,134,51,85,63,31,88,101,61" hai3="95,94,127,76,98,70,117,22,50,119,105,56,48"/><U45/><E112/><V110/><F101/><N who="3" m="62647" /><G70/><T19/><D115/><U71/><E71/><V47/><F110/><W35/><G35/><T99/><D125/><U8/><E104/><V30/><F12/><W68/><G68/><T17/><D2/><U121/><E121/><V29/><F27/><W16/><G76/><T39/><D64/><U113/><E113/><V43/><F134/><W40/><G127/><T78/><D7/><U18/><E116/><N who="3" m="44618" /><G56/><T77/><D99/><U114/><E114/><V42/><F133/><W44/><G50/><T128/><D128/><U75/><E75/><V100/><F100/><W126/><G126/><T4/><D4/><U9/><E124/><V49/><F30/><W92/><G92/><T10/><D39/><U13/><E108/><V38/><F38/><W32/><G32/><T131/><D131/><U1/><E1/><V83/><F47/><W107/><G107/><T82/><D82/><AGARI ba="0,0" hai="29,31,42,43,49,51,61,63,82,83,85,87,88,89" machi="82" ten="25,12000,2" yaku="22,2,8,1,52,2,54,1" doraHai="84" who="2" fromWho="0" sc="240,-120,245,0,270,120,245,0" /><INIT seed="2,0,0,0,3,17" ten="120,245,390,245" oya="2" hai0="20,32,84,61,51,83,46,43,107,122,26,129,98" hai1="64,75,101,58,7,102,3,27,88,50,106,53,15" hai2="47,21,76,28,78,77,108,68,69,65,112,54,57" hai3="60,52,125,66,123,30,6,81,41,34,5,37,79"/><V85/><F112/><W93/><G123/><T49/><D122/><U35/><E75/><V8/><F108/><W33/><G125/><T86/><D129/><U128/><E128/><V36/><F8/><W72/><G93/><T18/><D32/><U120/><E3/><V48/><F85/><W92/><G92/><T62/><D51/><U19/><E106/><V105/><F105/><W135/><G135/><T121/><D121/><U99/><E64/><V70/><F36/><W94/><G94/><T116/><D116/><U56/><E7/><V31/><REACH who="2" step="1"/><F21/><REACH who="2" ten="120,245,380,245" step="2"/><W132/><G37/><T115/><D115/><U111/><E111/><V23/><F23/><W110/><G110/><T38/><D38/><U113/><E113/><V134/><F134/><W40/><G132/><T73/><D73/><U127/><E120/><V124/><F124/><W4/><G34/><T16/><D86/><U39/><E39/><V109/><F109/><W71/><G33/><T55/><D107/><U24/><E127/><V90/><F90/><W12/><G72/><T25/><D98/><U91/><E99/><V126/><F126/><W0/><G79/><T100/><D100/><U89/><E35/><V80/><F80/><W1/><G81/><T133/><D133/><U118/><E102/><V87/><F87/><W45/><G0/><T11/><D83/><U63/><E101/><V44/><F44/><W95/><G1/><T97/><D84/><U42/><E91/><V119/><F119/><W96/><G45/><N who="0" m="28079" /><D97/><U130/><E118/><V22/><F22/><W104/><G96/><T114/><D114/><RYUUKYOKU ba="0,1" sc="120,-10,245,-10,380,30,245,-10" hai2="28,31,47,48,54,57,65,68,69,70,76,77,78" /><INIT seed="2,1,1,4,4,93" ten="110,235,410,235" oya="2" hai0="91,78,43,130,90,110,59,81,124,131,88,111,15" hai1="121,95,3,24,99,77,20,97,74,68,64,27,18" hai2="45,9,122,80,6,37,105,2,19,86,17,8,112" hai3="73,94,30,109,40,79,21,85,128,70,22,0,65"/><V50/><F112/><W58/><G70/><T75/><D43/><U26/><E3/><V129/><F122/><W14/><G0/><T67/><D15/><U61/><E121/><V41/><F129/><N who="0" m="49162" /><D67/><U108/><E108/><N who="0" m="41513" /><D59/><U42/><E42/><V133/><F105/><W36/><G128/><T7/><D7/><U39/><E39/><V134/><F37/><W29/><G14/><T72/><D124/><U92/><E77/><N who="2" m="46351" /><F9/><W55/><G36/><T16/><D16/><U63/><E74/><AGARI ba="1,1" hai="72,74,75,78,81,88,90,91" m="41513,49162" machi="74" ten="40,8000,1" yaku="19,1,14,1,34,2,54,1" doraHai="93" who="0" fromWho="1" sc="110,93,235,-83,410,0,235,0" /><INIT seed="3,0,0,4,0,69" ten="203,152,410,235" oya="3" hai0="128,53,14,32,90,109,6,43,78,9,77,107,30" hai1="52,5,111,10,19,99,121,65,47,73,60,131,91" hai2="84,15,31,18,59,42,39,67,74,101,81,124,23" hai3="97,82,38,96,118,103,12,56,36,24,89,0,29"/><W46/><G0/><T130/><D109/><U7/><E73/><V4/><F74/><W62/><G118/><T117/><D117/><U57/><E121/><V126/><F101/><W54/><G12/><T92/><D107/><U115/><E115/><V120/><F120/><W64/><G46/><T95/><D53/><U98/><E131/><N who="0" m="50217" /><D43/><U76/><E76/><N who="0" m="29289" /><D90/><U16/><E111/><V58/><F31/><W13/><G13/><T25/><AGARI ba="0,0" hai="6,9,14,25,30,32,92,95" m="29289,50217" machi="25" ten="30,1100,0" yaku="19,1" doraHai="69" who="0" fromWho="0" sc="203,11,152,-3,410,-3,235,-5" /><INIT seed="4,0,0,3,1,1" ten="214,149,407,230" oya="0" hai0="50,40,24,73,51,23,35,3,85,91,64,22,52" hai1="92,78,112,119,111,39,26,4,38,2,109,77,54" hai2="80,133,66,58,43,6,49,74,69,128,33,45,122" hai3="32,59,90,0,8,55,97,132,12,117,86,10,121"/><T94/><D73/><U89/><E119/><V107/><F122/><W61/><G117/><T9/><D64/><U47/><E112/><V19/><F107/><W103/><G32/><T17/><D35/><U96/><E26/><V115/><F33/><W83/><G121/><T95/><D95/><U71/><E71/><V36/><F115/><W31/><G132/><T82/><D40/><U131/><E131/><V68/><F133/><W124/><G124/><T98/><D23/><U30/><E30/><V110/><F110/><W20/><G0/><T134/><D134/><U81/><E77/><V114/><F114/><W76/><G76/><T135/><D135/><U60/><E60/><V79/><F128/><W42/><G42/><T16/><D52/><U104/><E104/><V99/><F99/><W118/><G118/><T65/><D65/><U84/><E54/><V46/><F19/><N who="3" m="10343" /><G31/><T106/><D106/><U41/><REACH who="1" step="1"/><E39/><REACH who="1" ten="214,139,407,230" step="2"/><V5/><F69/><W126/><G55/><T100/><REACH who="0" step="1"/><D17/><REACH who="0" ten="204,139,407,230" step="2"/><U87/><E87/><V7/><F66/><W70/><G86/><T123/><D123/><U18/><E18/><V130/><F130/><W113/><G113/><T14/><D14/><U11/><AGARI ba="0,2" hai="2,4,11,38,41,47,78,81,84,89,92,96,109,111" machi="11" ten="30,4000,0" yaku="1,1,0,1,52,1,53,0" doraHai="1" doraHaiUra="48" who="1" fromWho="1" sc="204,-20,139,60,407,-10,230,-10" /><INIT seed="5,0,0,0,4,68" ten="184,199,397,220" oya="1" hai0="24,130,100,42,103,116,65,81,94,76,17,60,67" hai1="133,9,21,66,36,18,30,69,47,84,45,98,61" hai2="28,121,105,124,108,20,44,2,38,78,27,3,0" hai3="59,135,37,113,99,126,8,74,73,88,71,49,86"/><U64/><E133/><V22/><F108/><W32/><G71/><T70/><D116/><U123/><E123/><V114/><F121/><W95/><G32/><T29/><D130/><U23/><E66/><V90/><F105/><W14/><G135/><T97/><D67/><U112/><E112/><V7/><F114/><W111/><G111/><T118/><D118/><U72/><E72/><V107/><F107/><W35/><G35/><T48/><D17/><U93/><E84/><V77/><F124/><W79/><G113/><T26/><D103/><U101/><E30/><V41/><F7/><W125/><G37/><T11/><D11/><U31/><E31/><V15/><F90/><W127/><G79/><T55/><D42/><U96/><E96/><V10/><F22/><W128/><G128/><T120/><D29/><U82/><E82/><V119/><F119/><W122/><G122/><T91/><D100/><U109/><E109/><V131/><F131/><W75/><G99/><T89/><D91/><U1/><E47/><V51/><F51/><W80/><G80/><T52/><D120/><U53/><E53/><V129/><F129/><W115/><G115/><T43/><D43/><N who="1" m="22759" /><E1/><V5/><AGARI ba="0,0" hai="0,2,3,5,10,15,20,27,28,38,41,44,77,78" machi="5" ten="30,2000,0" yaku="0,1,52,1" doraHai="68" who="2" fromWho="2" sc="184,-5,199,-10,397,20,220,-5" /><INIT seed="6,0,0,4,1,57" ten="179,189,417,215" oya="2" hai0="56,41,20,13,82,64,19,14,25,31,33,91,106" hai1="59,128,86,28,40,11,24,1,34,108,8,62,120" hai2="73,97,124,30,74,16,116,132,79,71,88,101,87" hai3="83,15,103,36,4,75,26,118,3,54,133,23,100"/><V42/><F116/><W125/><G118/><T37/><D106/><U5/><E108/><V121/><F121/><W94/><G3/><T50/><D37/><U18/><E128/><V134/><F71/><W131/><G36/><T45/><D14/><U49/><E120/><V135/><F124/><W96/><G131/><T126/><D126/><U17/><E86/><V38/><F30/><N who="3" m="17759" /><G75/><T84/><D56/><U47/><REACH who="1" step="1"/><E8/><REACH who="1" ten="179,179,417,215" step="2"/><V102/><F87/><W77/><G125/><T98/><D98/><U129/><E129/><V105/><F97/><W99/><G99/><T51/><REACH who="0" step="1"/><D64/><AGARI ba="0,1" hai="1,5,11,17,18,24,28,34,40,47,49,59,62,64" machi="64" ten="30,7700,0" yaku="1,1,7,1,52,1,53,1" doraHai="57" doraHaiUra="43" who="1" fromWho="0" sc="179,-77,179,87,417,0,215,0" /><INIT seed="7,0,0,5,2,36" ten="102,266,417,215" oya="3" hai0="1,52,12,112,7,65,61,86,93,70,96,98,10" hai1="64,110,29,15,55,126,76,99,75,38,25,123,60" hai2="92,41,85,113,107,111,108,33,74,35,58,71,42" hai3="11,114,106,82,87,51,39,68,117,69,118,34,17"/><W56/><G39/><T119/><D119/><U5/><E55/><V26/><F71/><W79/><G34/><T47/><D112/><U125/><E38/><V54/><F107/><W134/><G106/><T127/><D127/><U77/><E110/><V116/><F74/><W16/><G114/><T90/><REACH who="0" step="1"/><D1/><REACH who="0" ten="92,266,417,215" step="2"/><U62/><E125/><V0/><F0/><W67/><G117/><T19/><D19/><U95/><E126/><V14/><F116/><W131/><G17/><T124/><D124/><U100/><E123/><V2/><F2/><W84/><G118/><T46/><D46/><U88/><E5/><V103/><F113/><W94/><G16/><T73/><D73/><U91/><E75/><V27/><F111/><W18/><G18/><T89/><D89/><U37/><E88/><V31/><F108/><W45/><G11/><T135/><D135/><U104/><E91/><V115/><F115/><W8/><G8/><T49/><AGARI ba="0,1" hai="7,10,12,47,49,52,61,65,70,86,90,93,96,98" machi="49" ten="30,7900,0" yaku="1,1,0,1,54,1,53,1" doraHai="36" doraHaiUra="80" who="0" fromWho="0" sc="92,89,266,-20,417,-20,215,-39" owari="181,-22.0,246,5.0,397,49.0,176,-32.0" /></mjloggm>