<mjloggm ver="2.3"><GO type="169" lobby="0"/><UN n0="%E3%82%A4%E3%83%81%E3%83%AD%E3%82%AF%E3%82%B6%E3%83%B3%E3%83%8B" n1="%E3%83%88%E3%83%88%E3%83%AA%E5%85%88%E7%94%9F%31%39%E6%AD%B3" n2="%E3%83%96%E3%83%AB%E3%83%96%E3%83%AB%E3%83%8F%E3%83%BC%E3%83%84" n3="%E3%81%B9%E3%81%B9%2E" dan="17,19,16,16" rate="2187.45,2257.98,2107.23,2114.87" sx="M,F,M,M"/><TAIKYOKU oya="0"/><INIT seed="0,0,0,3,1,21" ten="250,250,250,250" oya="0" hai0="32,131,6,101,80,44,30,5,107,118,91,111,34" hai1="37,130,10,113,86,123,133,127,47,102,58,79,40" hai2="95,45,61,70,129,11,83,110,119,27,78,100,50" hai3="120,15,82,88,85,35,72,51,13,76,57,103,41"/><T53/><D118/><U75/><E123/><V64/><F110/><W71/><G71/><T2/><D131/><U38/><E130/><V68/><F129/><W126/><G126/><T69/><D69/><U18/><E127/><V46/><F68/><W8/><G103/><T59/><D111/><U116/><E116/><V89/><F100/><W0/><G120/><T49/><D101/><U104/><E75/><V105/><F105/><W93/><G35/><T4/><D107/><U117/><E133/><V12/><F119/><W26/><G0/><T29/><D2/><U81/><E113/><V90/><F46/><W132/><G132/><T17/><D17/><U124/><E124/><V74/><F95/><W24/><G15/><T54/><D34/><U67/><E117/><V14/><F14/><W87/><G72/><T28/><D32/><U7/><E37/><V134/><F27/><W98/><G98/><T22/><D80/><U112/><E38/><V39/><F39/><W52/><G41/><T1/><D91/><U115/><E112/><V60/><F60/><W62/><G62/><N who="0" m="36207" /><D1/><U43/><E115/><V9/><F9/><W42/><G42/><T20/><AGARI ba="0,0" hai="4,5,6,20,22,28,29,30,44,49,54" m="36207" machi="20" ten="40,2100,0" yaku="8,1" doraHai="21" who="0" fromWho="0" sc="250,21,250,-7,250,-7,250,-7" /><INIT seed="0,1,0,4,1,23" ten="271,243,243,243" oya="0" hai0="109,131,110,116,84,106,68,38,69,117,76,105,74" hai1="77,2,122,78,16,30,40,129,39,6,1,128,119" hai2="135,22,64,93,37,98,85,0,15,66,81,126,12" hai3="70,41,20,10,67,17,88,108,26,21,90,92,63"/><T124/><D38/><U133/><E119/><N who="0" m="45641" /><D84/><U65/><E122/><V112/><F0/><W75/><G75/><T121/><D121/><U114/><E133/><V57/><F37/><W115/><G115/><T19/><D19/><U101/><E114/><V62/><F135/><W44/><G10/><T54/><D54/><U127/><E127/><V5/><F66/><W99/><G108/><N who="0" m="41579" /><D124/><U107/><E40/><V60/><F112/><W82/><G82/><N who="0" m="45335" /><D131/><N who="1" m="50251" /><E39/><V72/><F72/><W27/><G41/><T86/><D86/><U7/><E16/><V130/><F130/><W55/><G55/><T102/><D102/><U25/><E77/><V24/><F126/><W42/><G42/><T45/><D45/><U58/><E78/><V91/><F5/><W32/><G32/><T96/><D96/><N who="1" m="61863" /><E7/><V80/><F80/><W3/><G3/><T11/><D11/><U35/><E6/><V132/><F132/><W28/><G44/><T4/><D4/><U95/><E95/><V111/><F111/><W36/><G36/><T134/><D134/><U79/><E79/><V125/><F125/><W31/><G17/><T73/><D73/><U47/><E47/><V83/><F83/><W113/><G113/><T118/><N who="0" m="45649" /><T34/><DORA hai="104" /><D34/><U89/><E89/><AGARI ba="1,0" hai="20,21,26,27,28,31,63,67,70,88,89,90,92,99" machi="89" ten="30,8000,1" yaku="7,1,9,1,52,2,54,1" doraHai="23,104" who="3" fromWho="1" sc="271,0,243,-83,243,0,243,83" /><INIT seed="1,0,0,1,4,116" ten="271,160,243,326" oya="1" hai0="57,122,53,72,51,87,21,84,13,17,119,49,9" hai1="125,124,26,30,32,88,67,97,98,40,47,129,104" hai2="112,102,108,78,11,41,68,80,43,52,132,96,95" hai3="128,35,115,15,61,33,86,19,54,63,113,14,126"/><U73/><E73/><V69/><F108/><W77/><G128/><T135/><D119/><U100/><E129/><V74/><F132/><W12/><G19/><T31/><D72/><U20/><E20/><V114/><F11/><W70/><G126/><T130/><D135/><U2/><E2/><V62/><F68/><W50/><G70/><T123/><D130/><U46/><E67/><N who="2" m="41207" /><F52/><W134/><G134/><T118/><D118/><U56/><E56/><V111/><F111/><W64/><G64/><T121/><D51/><U92/><REACH who="1" step="1"/><E46/><REACH who="1" ten="271,150,243,326" step="2"/><V16/><F74/><W131/><G131/><T38/><D38/><AGARI ba="0,1" hai="26,30,32,38,40,47,88,92,97,98,100,104,124,125" machi="38" ten="40,12000,1" yaku="1,1,2,1,54,1,53,1" doraHai="116" doraHaiUra="36" who="1" fromWho="0" sc="271,-120,150,130,243,0,326,0" /><INIT seed="1,1,0,1,1,11" ten="151,280,243,326" oya="1" hai0="17,54,66,88,67,45,16,127,84,77,39,109,20" hai1="134,111,28,9,30,76,44,102,72,78,60,96,124" hai2="113,89,80,18,46,59,79,36,40,63,123,6,69" hai3="81,23,73,42,107,128,56,38,108,26,74,120,61"/><U22/><E134/><V110/><F110/><W58/><G120/><T117/><D117/><U7/><E111/><V51/><F123/><W24/><G108/><T129/><D109/><U99/><E124/><V133/><F133/><W75/><G107/><T135/><D135/><U116/><E116/><V119/><F6/><W97/><G97/><T43/><D127/><U132/><E132/><V25/><F69/><W14/><G128/><T118/><D129/><U49/><E96/><V37/><F89/><W104/><G104/><T21/><D77/><U31/><E60/><V106/><F106/><W64/><G58/><T62/><D118/><U3/><E72/><V8/><F113/><W52/><G64/><T70/><D67/><U83/><E83/><V125/><F125/><W32/><G32/><T55/><D21/><U68/><E68/><V103/><F103/><W101/><G101/><T13/><D17/><U92/><REACH who="1" step="1"/><E22/><REACH who="1" ten="151,270,243,326" step="2"/><V27/><F119/><W10/><G81/><AGARI ba="1,1" hai="13,16,20,39,43,45,54,55,62,66,70,81,84,88" machi="81" ten="30,7700,0" yaku="7,1,52,1,54,2" doraHai="11" who="0" fromWho="3" sc="151,90,270,0,243,0,326,-80" /><INIT seed="2,0,0,4,4,100" ten="241,270,243,246" oya="2" hai0="101,87,107,75,103,31,128,97,114,119,68,99,131" hai1="89,83,109,26,73,108,55,125,77,112,21,91,15" hai2="45,28,115,25,121,126,84,13,22,37,38,116,7" hai3="63,69,80,23,35,17,52,39,65,8,46,27,118"/><V67/><F121/><W70/><G118/><T64/><D31/><U57/><E112/><V120/><F120/><W50/><G35/><T1/><D1/><U90/><E15/><V71/><F115/><W34/><G34/><T20/><D114/><U49/><REACH who="1" step="1"/><E125/><REACH who="1" ten="241,260,243,246" step="2"/><V33/><F126/><W40/><G8/><T36/><D119/><U111/><E111/><V79/><F116/><W78/><G70/><T135/><D68/><U74/><E74/><V41/><F13/><W58/><G78/><T3/><D75/><U32/><E32/><V102/><F33/><W29/><REACH who="3" step="1"/><G80/><REACH who="3" ten="241,260,243,236" step="2"/><T127/><D127/><U130/><E130/><V106/><F79/><W60/><G60/><T44/><D128/><U92/><E92/><V124/><F71/><W53/><G53/><T42/><D131/><U98/><E98/><V104/><F124/><W24/><G24/><T9/><D99/><U5/><E5/><V2/><F7/><W54/><G54/><T94/><D97/><U122/><E122/><V82/><F82/><W19/><AGARI ba="0,2" hai="17,19,23,27,29,39,40,46,50,52,58,63,65,69" machi="19" ten="30,8000,1" yaku="1,1,0,1,24,2,54,1,53,0" doraHai="100" doraHaiUra="133" who="3" fromWho="3" sc="241,-20,260,-20,243,-40,236,100" /><INIT seed="3,0,0,1,3,18" ten="221,240,203,336" oya="3" hai0="31,83,91,126,30,14,3,50,71,29,115,89,60" hai1="131,100,109,38,2,134,20,57,97,75,9,80,26" hai2="127,72,46,25,59,121,49,34,95,133,116,73,6" hai3="74,53,41,124,19,40,32,11,58,43,87,110,108"/><W132/><G74/><T39/><D3/><U112/><E112/><V118/><F121/><W64/><G32/><T81/><D39/><U120/><E120/><V90/><F6/><W107/><G107/><T12/><D50/><U13/><E38/><V15/><F15/><W129/><G129/><T113/><D60/><U8/><E131/><V123/><F123/><W82/><G132/><T111/><D71/><U102/><E109/><N who="3" m="42090" /><G64/><T54/><D111/><U77/><E134/><V24/><F34/><W130/><G130/><T122/><D122/><U105/><E2/><V62/><F72/><W67/><G67/><T37/><D30/><U78/><E78/><V56/><F73/><W22/><G11/><T7/><D37/><U85/><E75/><V27/><F133/><W69/><G69/><T0/><D0/><U93/><E9/><V86/><F127/><W51/><G124/><T1/><D1/><U119/><E119/><V52/><REACH who="2" step="1"/><F56/><REACH who="2" ten="221,240,193,336" step="2"/><W96/><G96/><T36/><D126/><U10/><E57/><V76/><F76/><N who="3" m="46535" /><G41/><AGARI ba="0,1" hai="24,25,27,41,46,49,52,59,62,86,90,95,116,118" machi="41" ten="40,5200,0" yaku="1,1,54,1,53,1" doraHai="18" doraHaiUra="47" who="2" fromWho="3" sc="221,0,240,0,193,62,336,-52" /><INIT seed="4,0,0,0,5,111" ten="221,240,255,284" oya="0" hai0="10,12,27,85,92,17,37,2,128,109,64,76,89" hai1="74,123,20,15,73,30,106,33,67,25,103,9,99" hai2="43,58,93,96,36,126,101,132,8,78,14,133,59" hai3="51,13,54,119,130,18,16,114,115,118,110,3,66"/><T23/><D128/><U52/><E123/><V91/><F78/><W120/><G110/><T81/><D109/><U55/><E20/><V39/><F126/><W112/><G130/><T26/><D37/><N who="2" m="14410" /><F43/><W127/><G127/><T84/><REACH who="0" step="1"/><D64/><REACH who="0" ten="211,240,255,284" step="2"/><U100/><E67/><V5/><F101/><W24/><G120/><T61/><D61/><U107/><E100/><V125/><F125/><W72/><G66/><T98/><D98/><U32/><E99/><V68/><F68/><W129/><G129/><T35/><D35/><U122/><E122/><V102/><F102/><W121/><G121/><T108/><D108/><U57/><E33/><V116/><F116/><W34/><G3/><T69/><D69/><U46/><E103/><V42/><F42/><W40/><G40/><T50/><D50/><U65/><E65/><V47/><F96/><W6/><G34/><T21/><D21/><U38/><E38/><V94/><F132/><W7/><G118/><T48/><D48/><N who="1" m="28695" /><E107/><V4/><F133/><W1/><G119/><T131/><D131/><U29/><E106/><V19/><F8/><N who="3" m="6183" /><G1/><T95/><D95/><U45/><E32/><V79/><F93/><W104/><G104/><T105/><D105/><U44/><E9/><V41/><F94/><W31/><G72/><T71/><D71/><U88/><E74/><V56/><F41/><W70/><G70/><T83/><D83/><U90/><E73/><V0/><F0/><W53/><G53/><T62/><D62/><U63/><E55/><V124/><F124/><W134/><G134/><T49/><D49/><U86/><E63/><RYUUKYOKU ba="0,1" sc="211,30,240,-10,255,-10,284,-10" hai0="2,10,12,17,23,26,27,76,81,84,85,89,92" /><INIT seed="4,1,1,3,0,62" ten="241,230,245,274" oya="0" hai0="89,44,48,110,126,84,104,21,23,40,74,61,119" hai1="122,32,17,115,71,75,52,106,67,130,123,54,43" hai2="56,30,28,29,12,120,45,42,59,63,135,131,5" hai3="73,99,6,111,51,58,108,103,36,94,113,95,25"/><T90/><D119/><U82/><E32/><V118/><F120/><N who="1" m="46121" /><E17/><V96/><F118/><W11/><G36/><T69/><D74/><U97/><E82/><V31/><F131/><W19/><G73/><T57/><D126/><U2/><E97/><V41/><F135/><W124/><G124/><T4/><D110/><U116/><E2/><V35/><F56/><W134/><G134/><T49/><D104/><U22/><E22/><V86/><F35/><W117/><G117/><T125/><D125/><U7/><E7/><V91/><F45/><W20/><G95/><T101/><D69/><U46/><E75/><V1/><F96/><W0/><G113/><T121/><D121/><U87/><E87/><V112/><F112/><W128/><G128/><T100/><D4/><U24/><E24/><V3/><F3/><W77/><G77/><T26/><D49/><N who="1" m="26847" /><E106/><V15/><F1/><W127/><G127/><T129/><D129/><U66/><E130/><V8/><F15/><W16/><G19/><N who="0" m="12607" /><D23/><U38/><E116/><V88/><N who="2" m="7168" /><DORA hai="39" /><V102/><F102/><N who="0" m="39530" /><D84/><U72/><E72/><V47/><F86/><W133/><G133/><T33/><D33/><U98/><E98/><V76/><F76/><W65/><G108/><T13/><D13/><U14/><E14/><V50/><F41/><W64/><G111/><T83/><D83/><U10/><E115/><V34/><F34/><W37/><G37/><T109/><D109/><U93/><E38/><V70/><F70/><W114/><G114/><T79/><D79/><U60/><E71/><V27/><F27/><W80/><G80/><RYUUKYOKU ba="1,1" sc="241,10,230,-30,245,10,274,10" hai0="40,44,48,57,61,89,90" hai2="5,8,12,42,47,50,59,63,88,91" hai3="0,6,11,16,20,25,51,58,64,65,94,99,103" /><INIT seed="4,2,1,2,2,102" ten="251,200,255,284" oya="0" hai0="106,96,110,12,31,28,83,48,56,60,114,75,132" hai1="2,97,13,39,10,135,44,5,6,27,46,65,35" hai2="61,131,134,93,0,3,54,30,22,129,122,20,100" hai3="70,77,26,121,59,68,108,87,84,76,124,72,16"/><T92/><D114/><U41/><E135/><V4/><F134/><W89/><G108/><T125/><D132/><U23/><E65/><V82/><F82/><W85/><G124/><T78/><D125/><U50/><E35/><V14/><F122/><W24/><G121/><T99/><D110/><U53/><E97/><N who="2" m="59439" /><F30/><W90/><G72/><T80/><D48/><U101/><E101/><V126/><F126/><W51/><G70/><T18/><D83/><U17/><REACH who="1" step="1"/><E2/><REACH who="1" ten="251,190,255,284" step="2"/><V115/><F3/><W128/><G128/><T32/><D99/><U118/><E118/><V133/><F0/><W19/><G68/><T69/><D32/><U8/><E8/><N who="2" m="4359" /><F133/><W57/><G84/><T127/><D69/><U11/><E11/><V40/><F115/><W43/><G85/><T107/><D127/><U9/><E9/><V64/><F64/><W29/><G87/><T94/><D96/><U117/><E117/><V36/><F129/><W47/><G29/><AGARI ba="2,2" hai="5,6,10,13,17,23,27,29,39,41,44,46,50,53" machi="29" ten="30,2000,0" yaku="1,1,7,1,53,0" doraHai="102" doraHaiUra="130" who="1" fromWho="3" sc="251,0,190,46,255,0,284,-26" /><INIT seed="5,0,0,0,2,111" ten="251,236,255,258" oya="1" hai0="51,22,34,114,21,108,86,45,113,50,26,97,115" hai1="32,131,134,25,75,16,11,56,80,43,96,100,125" hai2="59,72,71,42,98,62,49,106,84,117,15,52,70" hai3="67,85,28,30,60,73,37,10,105,78,20,4,109"/><U95/><E131/><V110/><F72/><W87/><G109/><T8/><D108/><U47/><E134/><V57/><F117/><W41/><G105/><T129/><D129/><U101/><E125/><V83/><F110/><W17/><G73/><T7/><D86/><U130/><E130/><V92/><F106/><W48/><G37/><T112/><D112/><U74/><E100/><V29/><F29/><W76/><G85/><T46/><D97/><U40/><E40/><V132/><F15/><W44/><G78/><T61/><D61/><U19/><E56/><V12/><F12/><W55/><G55/><N who="0" m="30159" /><D26/><U128/><E128/><V122/><F122/><W1/><G87/><T69/><D34/><U0/><E32/><V66/><F42/><W9/><G76/><T88/><D88/><U31/><E74/><V133/><F132/><W14/><REACH who="3" step="1"/><G9/><REACH who="3" ten="251,236,255,248" step="2"/><T27/><D8/><U124/><E75/><V64/><F133/><W91/><G91/><T6/><D115/><U68/><E80/><V24/><F83/><W23/><G23/><T89/><D22/><N who="1" m="15799" /><E124/><V126/><F126/><W118/><G118/><T53/><D89/><U36/><E11/><V120/><F120/><W107/><G107/><T81/><D81/><U63/><E95/><V77/><F77/><W90/><G90/><T5/><D114/><U94/><E94/><V54/><F84/><W35/><G35/><T93/><D93/><U102/><E102/><V127/><F127/><W39/><G39/><T65/><D113/><U33/><E33/><V135/><F135/><W3/><G3/><T79/><D79/><RYUUKYOKU ba="0,1" sc="251,-10,236,-10,255,-10,248,30" hai3="1,4,10,14,17,20,28,30,41,44,48,60,67" /><INIT seed="6,1,1,0,5,122" ten="241,226,245,278" oya="2" hai0="103,84,43,100,20,134,55,13,22,17,78,97,42" hai1="2,36,50,64,26,112,130,15,35,46,8,85,79" hai2="135,49,117,105,53,18,108,119,65,60,11,116,31" hai3="29,132,86,87,12,131,71,82,91,104,33,40,61"/><V28/><F105/><W129/><G132/><T62/><D134/><U101/><E2/><V24/><F135/><W133/><G133/><T114/><D114/><U102/><E36/><V4/><F18/><W88/><G104/><T70/><D22/><U56/><E112/><V72/><F72/><W52/><G40/><N who="0" m="15403" /><D70/><U118/><E118/><V27/><F108/><W0/><G0/><T76/><D97/><U123/><E130/><N who="3" m="49674" /><G12/><T67/><D67/><U34/><E34/><V63/><F4/><W68/><G29/><T16/><D17/><N who="1" m="8423" /><E35/><V45/><F11/><W47/><G33/><T74/><D74/><U51/><E26/><V110/><F110/><W120/><G120/><T25/><D84/><U109/><E109/><V107/><F107/><W90/><G90/><T73/><D73/><U7/><E7/><V128/><F128/><W94/><G61/><T66/><D66/><U58/><E64/><V57/><REACH who="2" step="1"/><F60/><REACH who="2" ten="241,226,235,278" step="2"/><W89/><G71/><T80/><D62/><U37/><E123/><V10/><F10/><W21/><G68/><T93/><D16/><U75/><E75/><V39/><F39/><W125/><G125/><T69/><D69/><U96/><E37/><V95/><F95/><W1/><G94/><T92/><D93/><U106/><E106/><V14/><F14/><W81/><G1/><T6/><D92/><N who="1" m="58503" /><E102/><V99/><F99/><W48/><G21/><T23/><D103/><U126/><E126/><V127/><F127/><W5/><G5/><T30/><D100/><U113/><E113/><V77/><F77/><W3/><G3/><T19/><D78/><RYUUKYOKU ba="1,2" sc="241,-15,226,-15,235,15,278,15" hai2="24,27,28,31,45,49,53,57,63,65,116,117,119" hai3="47,48,52,81,82,86,87,88,89,91" /><INIT seed="6,2,2,0,1,30" ten="226,211,250,293" oya="2" hai0="100,88,20,69,118,21,124,123,11,80,109,83,40" hai1="129,74,95,27,24,2,15,5,58,28,60,91,64" hai2="13,82,125,101,85,90,52,39,31,8,89,108,6" hai3="96,81,41,38,92,50,71,115,35,23,70,55,66"/><V32/><F39/><W0/><G0/><T19/><D123/><U73/><E2/><V65/><F65/><W43/><G35/><T110/><D69/><U117/><E117/><V51/><F125/><W104/><G104/><T86/><D124/><U53/><E129/><V84/><F108/><W3/><G3/><T4/><D118/><U87/><E27/><V12/><F101/><W42/><G38/><T25/><D40/><U72/><E15/><N who="2" m="5527" /><F31/><W48/><G48/><T67/><D67/><U105/><E5/><V112/><F32/><W127/><G127/><T63/><D63/><U102/><E102/><V133/><F112/><W14/><G81/><T106/><D80/><U99/><E105/><V46/><F133/><W57/><G66/><T75/><D21/><U16/><E16/><V10/><F10/><W44/><G115/><T68/><D68/><U122/><E122/><V26/><F26/><W29/><G70/><T45/><D75/><U56/><E99/><V98/><F98/><W103/><G71/><T135/><D135/><U22/><REACH who="1" step="1"/><E73/><REACH who="1" ten="226,201,250,293" step="2"/><V113/><F113/><W126/><G126/><T114/><D114/><U93/><E93/><AGARI ba="2,3" hai="12,13,46,51,52,82,84,85,89,90,93" m="5527" machi="93" ten="30,2900,0" yaku="8,1,54,1" doraHai="30" who="2" fromWho="1" sc="226,0,201,-35,250,65,293,0" /><INIT seed="6,3,0,1,2,86" ten="226,166,315,293" oya="2" hai0="49,35,60,4,7,5,24,127,84,77,95,129,20" hai1="44,101,53,55,54,61,1,94,133,29,96,83,12" hai2="126,15,59,91,78,122,85,63,120,52,18,26,40" hai3="82,22,0,68,65,130,45,113,135,36,100,48,73"/><V25/><F126/><W103/><G0/><T128/><D35/><U69/><E1/><V108/><F120/><W92/><G130/><N who="0" m="50283" /><D127/><U41/><E133/><V121/><F121/><W56/><G135/><T39/><D39/><U46/><E29/><V81/><F122/><W114/><G36/><T107/><D107/><U50/><E69/><V34/><F34/><W111/><G68/><T124/><D124/><U23/><E83/><V131/><F131/><W19/><G111/><T112/><D112/><N who="3" m="43113" /><G92/><T125/><D125/><U57/><REACH who="1" step="1"/><E46/><REACH who="1" ten="226,156,315,293" step="2"/><V6/><F108/><W87/><G45/><T47/><D47/><U123/><E123/><V71/><F71/><W90/><G82/><T10/><D77/><U67/><E67/><V118/><F78/><W27/><G65/><T132/><D132/><U28/><E28/><V106/><F81/><W134/><G134/><T70/><D70/><U72/><E72/><V8/><F59/><W51/><G73/><T9/><D4/><U105/><E105/><V109/><F106/><W62/><G56/><T80/><D5/><U76/><E76/><V33/><F6/><W30/><G30/><T119/><D7/><U17/><AGARI ba="3,1" hai="12,17,23,41,44,50,53,54,55,57,61,94,96,101" machi="17" ten="30,4000,0" yaku="1,1,0,1,8,1,53,0" doraHai="86" doraHaiUra="32" who="1" fromWho="1" sc="226,-13,156,59,315,-23,293,-13" /><INIT seed="7,0,0,3,5,14" ten="213,215,292,280" oya="3" hai0="15,130,56,84,116,52,83,9,39,65,2,121,17" hai1="89,10,94,66,102,86,25,22,132,16,114,61,36" hai2="11,21,63,58,135,24,75,40,109,13,73,108,69" hai3="92,46,74,64,43,1,48,128,12,50,32,87,62"/><W99/><G74/><T129/><D116/><U45/><E114/><V54/><F69/><W110/><G1/><T38/><D121/><U28/><E132/><V88/><F73/><W93/><G32/><T72/><D65/><U34/><E102/><V126/><F75/><W113/><G113/><T7/><D72/><U100/><E100/><V60/><F40/><W33/><G33/><T119/><D119/><U41/><E10/><V80/><F135/><W111/><G128/><N who="0" m="49259" /><D7/><U70/><REACH who="1" step="1"/><E34/><REACH who="1" ten="213,205,292,280" step="2"/><V26/><F11/><W98/><G110/><T18/><D2/><U51/><E51/><V47/><F108/><W103/><G50/><N who="0" m="30743" /><D18/><AGARI ba="0,1" hai="16,18,22,25,28,36,41,45,61,66,70,86,89,94" machi="18" ten="40,8000,1" yaku="1,1,52,2,54,1,53,1" doraHai="14" doraHaiUra="57" who="1" fromWho="0" sc="213,-80,205,90,292,0,280,0" /><INIT seed="8,0,0,4,3,11" ten="133,295,292,280" oya="0" hai0="48,90,45,67,99,5,65,10,41,133,24,43,92" hai1="109,47,0,42,132,53,29,28,129,96,127,52,98" hai2="91,73,82,31,33,32,16,118,72,107,116,95,64" hai3="81,123,112,34,100,22,119,111,79,46,15,76,44"/><T58/><D133/><U14/><E109/><V36/><F107/><W108/><G112/><T19/><D43/><U87/><E0/><V4/><F36/><W83/><G34/><N who="2" m="13417" /><F31/><N who="1" m="11849" /><E129/><V130/><F130/><W103/><G119/><N who="2" m="45609" /><F4/><W56/><G56/><T30/><D58/><U105/><E127/><V120/><F120/><W69/><G69/><T21/><REACH who="0" step="1"/><D30/><REACH who="0" ten="123,295,292,280" step="2"/><U3/><E42/><V74/><F64/><W106/><G123/><T63/><D63/><U78/><E132/><V114/><F114/><W38/><G38/><T77/><D77/><U57/><E57/><V102/><F73/><W23/><G106/><T13/><AGARI ba="0,1" hai="5,10,13,19,21,24,41,45,48,65,67,90,92,99" machi="13" ten="20,18000,2" yaku="1,1,0,1,7,1,8,1,52,1,53,1" doraHai="11" doraHaiUra="40" who="0" fromWho="0" sc="123,190,295,-60,292,-60,280,-60" owari="313,41.0,235,4.0,232,-17.0,220,-28.0" /></mjloggm>