<mjloggm ver="2.3"><GO type="169" lobby="0"/><UN n0="%E3%82%A6%E3%83%AB%E3%83%88%E3%83%A9%E7%AB%8B%E7%9B%B4" n1="%E3%81%82%EF%BD%93%EF%BD%84%EF%BD%86%E3%81%8F%E3%81%87%EF%BD%92" n2="%66%61%6E%73%74%65%70" n3="%6D%61%73%61%73%69%6F" dan="18,16,17,16" rate="2237.55,2078.41,2230.12,2190.82" sx="M,M,M,F"/><TAIKYOKU oya="0"/><INIT seed="0,0,0,1,2,87" ten="250,250,250,250" oya="0" hai0="129,76,107,104,118,24,25,93,17,100,99,84,69" hai1="63,116,4,21,119,131,55,57,117,98,45,26,10" hai2="46,77,78,134,8,96,52,20,72,22,85,75,54" hai3="28,74,3,80,109,81,29,38,62,132,133,43,12"/><T130/><D69/><U66/><E131/><N who="0" m="50185" /><D25/><U113/><E113/><V65/><F134/><N who="3" m="51819" /><G3/><T122/><D17/><U18/><E98/><V70/><F70/><W88/><G109/><T60/><D60/><U79/><E79/><V73/><F65/><W5/><G62/><T83/><D24/><U61/><E45/><V102/><F8/><W106/><G106/><N who="0" m="40491" /><D122/><U31/><E31/><V6/><F6/><W11/><G43/><T37/><D37/><U112/><E112/><V103/><F85/><N who="3" m="50215" /><G38/><T86/><D118/><U68/><E119/><V67/><F96/><W39/><G39/><T128/><N who="0" m="50193" /><T23/><DORA hai="92" /><D23/><U30/><REACH who="1" step="1"/><E30/><REACH who="1" ten="250,240,250,250" step="2"/><V50/><F46/><W42/><G42/><T51/><D51/><U114/><E114/><V14/><F73/><AGARI ba="0,1" hai="73,76,83,84,86,93,99,100" m="40491,50193" machi="73" ten="40,12000,1" yaku="19,1,34,2,52,1" doraHai="87,92" who="0" fromWho="2" sc="250,130,240,0,250,-120,250,0" /><INIT seed="0,1,0,2,4,55" ten="380,240,130,250" oya="0" hai0="44,111,88,74,14,67,60,134,30,105,85,46,97" hai1="110,58,24,81,103,86,57,31,98,54,92,71,13" hai2="130,129,18,109,32,76,80,37,68,63,40,6,56" hai3="120,118,69,0,135,116,28,91,51,82,73,10,4"/><T104/><D134/><U112/><E71/><V50/><F109/><W128/><G120/><T21/><D74/><U27/><E112/><V22/><F32/><W16/><G135/><T79/><D79/><N who="1" m="46399" /><E110/><V8/><F68/><W99/><G128/><T89/><D111/><U113/><E113/><V133/><F133/><W100/><G69/><T72/><D72/><U75/><E75/><V33/><F33/><W84/><G28/><T39/><D39/><U93/><E93/><V25/><F37/><W66/><G66/><T59/><D105/><U125/><E125/><V29/><F29/><W87/><G87/><T126/><D126/><U34/><E34/><V61/><F61/><W121/><G121/><T48/><D48/><U119/><E119/><V127/><F127/><W43/><G73/><T9/><D97/><U12/><E54/><V7/><F50/><W65/><G65/><T64/><D64/><U23/><E27/><V70/><F40/><W3/><G3/><T11/><D104/><U35/><E35/><V19/><F70/><W83/><G83/><N who="0" m="49215" /><D89/><U5/><E5/><V132/><F132/><W107/><G51/><T41/><D41/><U94/><E94/><V1/><F7/><W101/><G43/><T26/><D14/><AGARI ba="1,0" hai="12,13,14,23,24,31,57,58,92,98,103" m="46399" machi="14" ten="30,3900,0" yaku="8,1,52,2" doraHai="55" who="1" fromWho="0" sc="380,-42,240,42,130,0,250,0" /><INIT seed="1,0,0,4,2,67" ten="338,282,130,250" oya="1" hai0="112,98,117,129,122,39,119,29,104,51,134,13,30" hai1="100,66,56,50,97,94,109,3,81,78,10,1,85" hai2="131,101,62,88,113,15,82,7,45,76,59,55,111" hai3="135,63,108,12,103,73,57,126,33,27,31,115,48"/><U87/><E109/><V114/><F131/><W49/><G73/><T2/><D51/><U93/><E10/><N who="2" m="4575" /><F101/><W64/><G108/><T4/><D98/><U124/><E124/><V58/><F111/><W23/><G126/><T128/><D39/><U60/><E50/><V8/><F8/><W121/><G121/><T72/><D30/><U125/><E125/><V77/><F59/><W28/><G135/><T22/><D104/><U102/><REACH who="1" step="1"/><E87/><REACH who="1" ten="338,272,130,250" step="2"/><N who="2" m="50295" /><F45/><W43/><G48/><T53/><D129/><U42/><E42/><V40/><F40/><W37/><G49/><T52/><D128/><U11/><E11/><V6/><F6/><W118/><G43/><T5/><D4/><U107/><E107/><V96/><F96/><AGARI ba="0,1" hai="1,3,56,60,66,78,81,85,93,94,96,97,100,102" machi="96" ten="40,3900,0" yaku="1,1,9,1,53,0" doraHai="67" doraHaiUra="110" who="1" fromWho="2" sc="338,0,272,49,130,-39,250,0" /><INIT seed="1,1,0,4,4,86" ten="338,321,91,250" oya="1" hai0="81,73,111,12,93,125,41,33,44,51,37,88,76" hai1="126,18,100,118,89,10,120,5,63,60,116,78,112" hai2="24,114,17,124,47,90,15,7,62,64,79,38,83" hai3="9,34,48,49,123,97,50,119,25,65,130,122,71"/><U52/><E120/><V108/><F108/><W87/><G130/><T27/><D111/><U29/><E112/><V121/><F121/><W113/><G113/><T23/><D125/><U8/><E126/><V67/><F124/><W127/><G127/><T107/><D107/><U70/><E29/><V92/><F114/><W80/><G119/><T36/><D12/><U102/><E78/><V4/><F64/><W59/><G71/><T105/><D105/><U77/><E77/><V117/><F117/><W85/><G97/><T61/><D61/><U57/><E89/><V133/><F133/><W98/><G98/><T39/><D33/><U14/><E102/><V1/><F1/><W35/><G9/><T43/><D43/><U68/><E100/><V11/><F38/><W128/><G128/><T91/><REACH who="0" step="1"/><D93/><REACH who="0" ten="328,321,91,250" step="2"/><U3/><E63/><V40/><F24/><W131/><G35/><T20/><D20/><U26/><E118/><V69/><F83/><W45/><G34/><T22/><D22/><U82/><E116/><V13/><F13/><W54/><G122/><T104/><D104/><U21/><E14/><V6/><F6/><W101/><G123/><T109/><D109/><U66/><E60/><V84/><F79/><W94/><G94/><T129/><D129/><U56/><E82/><V103/><REACH who="2" step="1"/><F103/><REACH who="2" ten="328,321,81,250" step="2"/><W42/><G131/><T135/><D135/><U58/><E5/><V28/><F28/><AGARI ba="1,2" hai="23,27,28,36,37,39,41,44,51,73,76,81,88,91" machi="28" ten="40,8000,1" yaku="1,1,52,2,54,1,53,0" doraHai="86" doraHaiUra="31" who="0" fromWho="2" sc="328,103,321,0,81,-83,250,0" owari="431,53.0,321,12.0,-2,-50.0,250,-15.0" /></mjloggm>