<mjloggm ver="2.3"><GO type="169" lobby="0"/><UN n0="%E9%89%84%E8%B2%9E" n1="%E3%83%8D%E3%83%BC%E3%83%A0%E3%83%AC%E3%82%B9%EF%BC%97" n2="%43%61%72%6C%79%6C%65" n3="%E3%82%A6%E3%83%AB%E3%83%88%E3%83%A9%E7%AB%8B%E7%9B%B4" dan="16,16,16,18" rate="2146.48,2101.40,2120.11,2226.66" sx="M,F,M,M"/><TAIKYOKU oya="0"/><INIT seed="0,0,0,0,0,81" ten="250,250,250,250" oya="0" hai0="114,96,54,34,3,129,68,89,87,48,94,111,76" hai1="72,45,112,84,118,44,16,38,113,36,4,42,126" hai2="97,6,5,58,66,52,121,130,56,115,30,47,86" hai3="7,11,108,57,15,109,93,63,2,117,134,95,69"/><T82/><D114/><N who="1" m="44139" /><E72/><V100/><F121/><W90/><G117/><T107/><D129/><U33/><E33/><V65/><F115/><W131/><G134/><T78/><D68/><U119/><E4/><N who="2" m="1643" /><F130/><W20/><G69/><T60/><D3/><U120/><E120/><V75/><F30/><W1/><G131/><T37/><D37/><U17/><E126/><V110/><F110/><W53/><G95/><T101/><D111/><N who="3" m="42569" /><G20/><T71/><D34/><U85/><E45/><V80/><F75/><W40/><G40/><T128/><D107/><U26/><E38/><V46/><F97/><AGARI ba="0,0" hai="1,2,7,11,15,53,57,63,90,93,97" m="42569" machi="97" ten="30,1000,0" yaku="14,1" doraHai="81" who="3" fromWho="2" sc="250,0,250,0,250,-10,250,10" /><INIT seed="1,0,0,5,2,50" ten="250,250,240,260" oya="1" hai0="1,18,78,94,38,88,11,60,76,39,0,29,2" hai1="61,68,59,125,102,98,25,22,118,42,62,53,67" hai2="81,80,16,5,72,40,37,43,86,79,20,21,123" hai3="114,113,90,9,6,115,87,32,13,71,65,36,24"/><U124/><E118/><V3/><F123/><W55/><G36/><T112/><D112/><U66/><E42/><V128/><F128/><W127/><G65/><T64/><D29/><U131/><E131/><V15/><F37/><W107/><G71/><T106/><D106/><U75/><E75/><V133/><F133/><W30/><G107/><T121/><D121/><U73/><E73/><V96/><F21/><W7/><G127/><T110/><D110/><U117/><E117/><V111/><F111/><W34/><G34/><T130/><D130/><U33/><E67/><V17/><F17/><W45/><G45/><T57/><D78/><U28/><REACH who="1" step="1"/><E22/><REACH who="1" ten="250,240,240,260" step="2"/><V44/><F40/><W8/><G114/><T31/><D76/><U52/><E52/><V26/><F43/><W105/><G55/><T135/><D135/><U119/><E119/><V104/><F20/><W92/><REACH who="3" step="1"/><G105/><AGARI ba="0,1" hai="25,28,33,53,59,61,62,66,68,98,102,105,124,125" machi="105" ten="40,12000,1" yaku="1,1,25,2,52,1,53,0" doraHai="50" doraHaiUra="19" who="1" fromWho="3" sc="250,0,240,130,240,0,260,-120" /><INIT seed="1,1,0,2,3,126" ten="250,370,240,140" oya="1" hai0="72,8,28,24,40,3,89,73,42,125,47,127,78" hai1="19,128,70,132,82,0,91,9,22,110,6,74,90" hai2="34,48,107,79,96,66,25,84,31,129,100,83,133" hai3="88,135,114,44,38,98,118,65,21,14,23,108,46"/><U106/><E132/><V80/><F133/><W52/><G114/><T121/><D121/><U45/><E70/><V101/><F101/><W113/><G113/><T54/><D89/><U50/><E106/><V115/><F115/><W104/><G135/><T37/><D42/><U17/><E110/><V53/><F80/><W103/><G108/><T13/><D54/><U29/><E128/><V75/><F66/><W123/><G65/><T51/><D51/><U112/><E112/><V86/><REACH who="2" step="1"/><F129/><REACH who="2" ten="250,370,230,140" step="2"/><W15/><G103/><T122/><D122/><U97/><E74/><V92/><F92/><N who="3" m="56583" /><G104/><T102/><D102/><U124/><E124/><N who="0" m="47689" /><D78/><U62/><E82/><V81/><F81/><W30/><G123/><T131/><D131/><U130/><E130/><V109/><F109/><W67/><G67/><T56/><D73/><U41/><E97/><V26/><F26/><N who="3" m="16719" /><G118/><T7/><D72/><U27/><E91/><V43/><F43/><W59/><G38/><T49/><D37/><U94/><E90/><V69/><F69/><W60/><G15/><T71/><D13/><U20/><E94/><V55/><F55/><W5/><G5/><T10/><D71/><U99/><E99/><V32/><F32/><W33/><G33/><N who="0" m="20615" /><D7/><U120/><E120/><V76/><F76/><W68/><G68/><T36/><D3/><U18/><REACH who="1" step="1"/><E62/><REACH who="1" ten="250,360,230,140" step="2"/><V95/><F95/><W4/><G4/><T1/><D1/><U58/><E58/><AGARI ba="1,2" hai="25,31,34,48,53,58,75,79,83,84,86,96,100,107" machi="58" ten="30,3900,0" yaku="1,1,7,1,53,1" doraHai="126" doraHaiUra="77" who="2" fromWho="1" sc="250,0,360,-42,230,62,140,0" /><INIT seed="2,0,0,3,4,46" ten="250,318,292,140" oya="2" hai0="92,95,87,8,76,9,17,103,109,74,120,1,100" hai1="116,47,2,16,105,107,50,55,112,53,127,86,54" hai2="57,43,93,130,71,44,99,115,33,124,65,22,60" hai3="23,134,129,128,35,19,77,131,104,111,122,70,126"/><V85/><F115/><W61/><G77/><T135/><D120/><U113/><E2/><V30/><F33/><W121/><G61/><T89/><D1/><U0/><E0/><V56/><F124/><W94/><G94/><N who="0" m="54591" /><D17/><U114/><E116/><V73/><F130/><W20/><G104/><T15/><D8/><U21/><E86/><V27/><F85/><W3/><G70/><T14/><D15/><U81/><E81/><V88/><REACH who="2" step="1"/><F73/><REACH who="2" ten="250,318,282,140" step="2"/><W118/><G35/><T133/><D74/><U58/><E127/><V66/><F66/><W11/><G126/><T32/><D32/><U40/><REACH who="1" step="1"/><E58/><REACH who="1" ten="250,308,282,140" step="2"/><V63/><F63/><W6/><G118/><T10/><D135/><U12/><AGARI ba="0,2" hai="12,16,21,40,47,50,53,54,55,105,107,112,113,114" machi="12" ten="40,16000,3" yaku="1,1,2,1,0,1,52,1,54,1,53,3" doraHai="46" doraHaiUra="108" who="1" fromWho="1" sc="250,-40,308,180,282,-80,140,-40" /><INIT seed="3,0,0,5,4,50" ten="210,488,202,100" oya="3" hai0="2,7,82,114,70,122,52,45,32,36,99,34,58" hai1="18,113,61,21,76,107,75,89,64,109,3,81,53" hai2="124,11,128,1,27,54,83,115,39,93,135,105,55" hai3="110,106,25,69,62,48,63,19,59,9,8,112,24"/><W16/><G106/><T28/><D122/><U97/><E3/><V65/><F105/><W22/><G112/><T17/><D114/><U84/><E113/><V47/><F115/><W79/><G79/><T67/><D17/><U73/><E109/><V43/><F65/><W134/><G134/><T131/><D28/><U119/><E119/><V42/><F42/><W0/><G110/><T95/><D82/><U60/><E73/><V12/><F135/><W104/><G104/><T35/><D131/><U132/><E132/><V66/><F66/><W87/><G87/><T90/><D7/><U6/><E6/><V49/><F1/><W98/><G98/><T86/><D2/><U74/><E74/><V126/><F128/><W80/><G80/><T77/><D77/><U33/><E33/><V101/><F27/><W23/><G0/><T46/><D99/><U125/><E53/><N who="2" m="19979" /><F83/><W78/><G69/><T10/><D36/><U31/><E64/><V51/><F93/><W72/><G72/><T120/><D35/><U38/><E38/><V40/><F40/><W116/><G116/><T29/><D34/><U91/><E107/><V30/><F30/><W130/><G130/><T117/><D29/><U121/><E31/><V108/><F101/><W57/><G78/><T56/><D32/><U71/><E76/><V85/><F85/><W103/><G48/><N who="2" m="18505" /><F108/><W133/><G133/><T41/><D117/><U111/><E81/><V5/><F126/><W14/><G14/><T26/><D95/><U96/><E125/><V88/><F124/><W129/><G129/><T127/><D127/><RYUUKYOKU ba="0,0" sc="210,-15,488,-15,202,15,100,15" hai2="5,11,12,39,43,47,88" hai3="8,9,16,19,22,23,24,25,57,59,62,63,103" /><INIT seed="3,1,0,0,2,115" ten="195,473,217,115" oya="3" hai0="61,127,37,13,108,33,29,23,43,93,60,17,109" hai1="8,70,94,84,42,75,55,49,14,117,38,102,11" hai2="90,24,110,45,16,95,30,111,44,74,59,112,1" hai3="57,83,105,12,2,85,28,32,98,78,34,72,19"/><W68/><G68/><T66/><D127/><U114/><E75/><V35/><F112/><W7/><G57/><T71/><D61/><U106/><E70/><V100/><F74/><W119/><G119/><T104/><D93/><U52/><E38/><V134/><F1/><W47/><G47/><T128/><D128/><U54/><E106/><V77/><F77/><W27/><G85/><T121/><D121/><U125/><E114/><V130/><F130/><W4/><G34/><T122/><D122/><U9/><E125/><V129/><F129/><W87/><G87/><T22/><D104/><U118/><E14/><V40/><F100/><W96/><G105/><T80/><D80/><U26/><E26/><V3/><F3/><W92/><G2/><T0/><D0/><U116/><E42/><V65/><F16/><W48/><G48/><T58/><D71/><U88/><E102/><V113/><F113/><W132/><G132/><T76/><D76/><U10/><E10/><V82/><F82/><W107/><G107/><T131/><D131/><U50/><AGARI ba="1,0" hai="8,9,11,49,50,52,54,55,84,88,94,116,117,118" machi="50" ten="40,16000,3" yaku="0,1,29,2,12,1,52,3,54,2" doraHai="115" who="1" fromWho="1" sc="195,-41,473,163,217,-41,115,-81" /><INIT seed="4,0,0,4,3,103" ten="154,636,176,34" oya="0" hai0="2,0,73,121,54,81,17,20,80,27,18,1,114" hai1="51,127,131,44,42,10,3,89,85,99,37,8,75" hai2="49,50,117,77,115,64,43,100,4,128,122,12,59" hai3="66,11,125,111,7,106,53,36,35,78,52,123,91"/><T118/><D118/><U98/><E75/><V38/><F77/><W29/><G111/><T132/><D121/><U108/><E108/><V104/><F4/><W97/><G36/><T40/><D114/><U46/><E3/><V116/><F12/><W130/><G78/><T26/><D73/><U13/><E10/><V72/><F72/><W63/><G125/><T34/><D132/><U69/><E69/><V110/><F110/><W28/><G130/><T39/><D54/><U93/><E131/><V24/><F24/><N who="3" m="18823" /><G91/><T84/><D34/><U74/><E74/><V120/><F115/><W105/><G105/><T134/><D134/><U76/><E76/><V6/><F6/><W133/><G29/><T65/><D65/><U90/><E90/><V112/><F112/><W32/><G32/><T31/><D27/><U9/><E9/><V79/><F79/><W33/><G33/><T62/><D62/><U15/><E15/><V95/><F95/><W21/><G21/><T86/><D40/><U41/><E127/><V82/><F128/><W48/><G48/><N who="2" m="18537" /><F82/><W70/><G133/><T25/><D39/><U16/><AGARI ba="0,0" hai="8,13,16,37,41,42,44,46,51,85,89,93,98,99" machi="16" ten="20,2700,0" yaku="0,1,7,1,54,1" doraHai="103" who="1" fromWho="1" sc="154,-13,636,27,176,-7,34,-7" /><INIT seed="5,0,0,1,5,118" ten="141,663,169,27" oya="1" hai0="115,126,3,14,27,26,71,127,49,84,63,65,36" hai1="0,25,33,67,35,38,20,124,95,88,62,57,106" hai2="55,101,40,19,4,97,11,129,121,60,6,83,52" hai3="103,111,31,123,79,82,66,54,120,28,90,92,114"/><U53/><E106/><V134/><F121/><N who="3" m="46667" /><G66/><T2/><D14/><U64/><E124/><V30/><F40/><W94/><G54/><T135/><D49/><U104/><E104/><V110/><F30/><W58/><G58/><T85/><D63/><U80/><E0/><V107/><F60/><W59/><G59/><T132/><D65/><U91/><E38/><V72/><F52/><W125/><G28/><T75/><D75/><U131/><E131/><V108/><F55/><W8/><G8/><T44/><D44/><U41/><E41/><V113/><F129/><W24/><G24/><T89/><D89/><U43/><E43/><V1/><F19/><W7/><G31/><T48/><D48/><U5/><E5/><V119/><F6/><W76/><G7/><T100/><D100/><U32/><E80/><V9/><F9/><W133/><G125/><T81/><D36/><U87/><REACH who="1" step="1"/><E91/><REACH who="1" ten="141,653,169,27" step="2"/><V105/><F4/><W23/><G82/><T77/><D81/><U37/><E37/><V42/><F1/><W122/><G122/><T47/><D3/><U22/><E22/><V10/><F83/><W51/><G23/><T61/><D2/><U74/><E74/><V109/><F72/><W17/><G90/><T93/><D126/><U29/><AGARI ba="0,1" hai="20,25,29,32,33,35,53,57,62,64,67,87,88,95" machi="29" ten="30,11700,0" yaku="1,1,0,1,54,1,53,1" doraHai="118" doraHaiUra="16" who="1" fromWho="1" sc="141,-39,653,127,169,-39,27,-39" owari="102,-30.0,780,88.0,130,-7.0,-12,-51.0" /></mjloggm>