<mjloggm ver="2.3"><GO type="169" lobby="0"/><UN n0="%E3%83%88%E3%83%88%E3%83%AA%E5%85%88%E7%94%9F%31%39%E6%AD%B3" n1="%E3%82%86%E3%82%81%E3%81%97%E3%81%82" n2="%E6%A1%83%E3%82%84%E3%82%93" n3="%64%61%6E%6E%63%68%69" dan="19,16,16,17" rate="2296.47,2108.30,2147.88,2105.37" sx="F,M,M,M"/><TAIKYOKU oya="0"/><INIT seed="0,0,0,2,3,113" ten="250,250,250,250" oya="0" hai0="34,35,56,66,60,101,57,91,40,72,22,52,80" hai1="90,21,97,116,111,5,88,98,16,27,117,12,103" hai2="79,14,7,64,135,82,31,25,121,44,26,126,108" hai3="110,89,63,24,100,106,133,105,18,38,109,127,67"/><T1/><D1/><U71/><E71/><V124/><F121/><W86/><G127/><T15/><D101/><U123/><E123/><V19/><F108/><N who="3" m="41579" /><G133/><T9/><D40/><U107/><E111/><V83/><F135/><W58/><G38/><T73/><D22/><U10/><REACH who="1" step="1"/><E97/><REACH who="1" ten="250,240,250,250" step="2"/><V99/><F99/><W128/><G128/><T122/><D122/><U3/><E3/><V85/><F126/><W84/><G100/><T32/><D91/><AGARI ba="0,1" hai="5,10,12,16,21,27,88,90,91,98,103,107,116,117" machi="91" ten="40,8000,1" yaku="1,1,52,2,54,2,53,0" doraHai="113" doraHaiUra="50" who="1" fromWho="0" sc="250,-80,240,90,250,0,250,0" /><INIT seed="1,0,0,0,5,17" ten="170,330,250,250" oya="1" hai0="123,13,23,121,48,80,26,105,30,33,89,42,27" hai1="7,79,31,50,73,100,46,76,36,112,132,66,53" hai2="110,128,40,108,99,60,74,103,10,114,63,2,52" hai3="6,43,39,90,22,21,91,70,106,65,62,11,94"/><U77/><E112/><V5/><F74/><W34/><G34/><T115/><D115/><U75/><E132/><V122/><F114/><W15/><G106/><T86/><D105/><U119/><E119/><V81/><F122/><W83/><G83/><T78/><D13/><U16/><E31/><V1/><F40/><W28/><G28/><T49/><D33/><U71/><E7/><V4/><F128/><W133/><G133/><T69/><D69/><U84/><E84/><V134/><F81/><W51/><G39/><T58/><D27/><U124/><E124/><V55/><F134/><W96/><REACH who="3" step="1"/><G90/><REACH who="3" ten="170,330,250,240" step="2"/><T9/><D89/><U35/><E36/><V131/><F131/><W47/><AGARI ba="0,1" hai="6,11,15,21,22,43,47,51,62,65,70,91,94,96" machi="47" ten="30,8000,1" yaku="1,1,2,1,0,1,52,2,53,0" doraHai="17" doraHaiUra="104" who="3" fromWho="3" sc="170,-20,330,-40,250,-20,240,90" /><INIT seed="2,0,0,0,3,110" ten="150,290,230,330" oya="2" hai0="28,75,5,46,54,49,4,90,108,97,130,95,39" hai1="48,119,6,25,86,31,44,82,121,89,123,98,38" hai2="80,101,0,14,65,20,114,125,24,8,10,128,51" hai3="99,59,2,135,129,53,3,133,68,105,93,41,76"/><V56/><F128/><W73/><G68/><T126/><D108/><U17/><E38/><V19/><F125/><W100/><G129/><T61/><D130/><U118/><E6/><V16/><F101/><W9/><G41/><T117/><D75/><U64/><E17/><V84/><F65/><W134/><G9/><T96/><D126/><U132/><E98/><V106/><F106/><W7/><G7/><T85/><D117/><U69/><E132/><V52/><F0/><W33/><G33/><T104/><D39/><U18/><E18/><V115/><F10/><W113/><G93/><N who="0" m="56503" /><D28/><U34/><E64/><V60/><REACH who="2" step="1"/><F60/><REACH who="2" ten="150,290,220,330" step="2"/><N who="3" m="35951" /><G3/><T40/><D104/><U27/><E118/><V26/><F26/><W83/><G2/><T131/><D131/><U102/><E27/><V67/><F67/><W57/><G133/><T91/><D61/><U63/><E119/><V127/><F127/><W29/><G135/><T78/><D54/><U1/><E1/><V35/><F35/><W58/><G134/><T92/><D78/><AGARI ba="0,1" hai="8,14,16,19,20,24,51,52,56,78,80,84,114,115" machi="78" ten="30,18000,2" yaku="1,1,7,1,52,2,54,2,53,1" doraHai="110" doraHaiUra="47" who="2" fromWho="0" sc="150,-180,290,0,220,190,330,0" owari="-30,-53.0,290,-11.0,410,51.0,330,13.0" /></mjloggm>