<mjloggm ver="2.3"><GO type="169" lobby="0"/><UN n0="%70%61%72%61%6F%6E%64%65" n1="%E5%92%8C%E6%B3%89%E7%B4%97%E9%9C%A7" n2="%E3%83%88%E3%83%88%E3%83%AA%E5%85%88%E7%94%9F%31%39%E6%AD%B3" n3="%63%6F%62%65%68%6F%70%65" dan="18,17,19,17" rate="2212.08,2190.97,2357.54,2199.24" sx="M,F,F,M"/><TAIKYOKU oya="0"/><INIT seed="0,0,0,1,5,89" ten="250,250,250,250" oya="0" hai0="83,16,96,130,47,87,121,13,106,123,61,91,80" hai1="127,114,111,52,55,104,119,69,76,54,133,97,73" hai2="112,109,66,58,71,43,95,10,85,48,4,92,31" hai3="116,101,15,51,24,74,82,100,129,22,8,26,17"/><T37/><D130/><U44/><E119/><V27/><F112/><W132/><G132/><T135/><D135/><U65/><E133/><V117/><F109/><W11/><G116/><T67/><D80/><U115/><E76/><V33/><F117/><W39/><G39/><T45/><D106/><U99/><E73/><V134/><F134/><W49/><G129/><T23/><D96/><U50/><E104/><V21/><F71/><W32/><G74/><T86/><D86/><U107/><E107/><V9/><F33/><W42/><G82/><T84/><D84/><U113/><E111/><V59/><F85/><W122/><G42/><T131/><D131/><U38/><E127/><V29/><F29/><W70/><G70/><T40/><REACH who="0" step="1"/><D47/><REACH who="0" ten="240,250,250,250" step="2"/><U25/><E99/><V60/><F95/><W57/><G101/><T75/><D75/><U18/><E97/><V126/><F92/><W36/><G100/><T93/><D93/><U34/><E44/><V108/><F108/><W56/><G122/><T41/><D41/><U105/><E105/><V118/><F118/><W14/><G36/><T35/><D35/><U103/><E38/><V98/><F43/><W81/><G32/><T90/><D90/><U94/><E34/><V6/><F98/><W2/><G81/><T128/><D128/><U7/><E103/><V124/><F126/><W30/><G57/><AGARI ba="0,1" hai="13,16,23,37,40,45,57,61,67,83,87,91,121,123" machi="57" ten="30,11600,0" yaku="1,1,7,1,54,1,53,1" doraHai="89" doraHaiUra="68" who="0" fromWho="3" sc="240,126,250,0,250,0,250,-116" /><INIT seed="0,1,0,2,0,125" ten="366,250,250,134" oya="0" hai0="32,3,112,39,71,74,70,78,115,31,49,82,54" hai1="65,1,51,60,23,87,61,83,102,80,105,29,11" hai2="101,13,129,133,116,7,124,9,50,97,44,57,81" hai3="84,22,53,109,108,35,15,114,56,45,113,100,38"/><T119/><D119/><U126/><E126/><V103/><F124/><W123/><G35/><T96/><D96/><U62/><E51/><V75/><F116/><W4/><G100/><T28/><D3/><U89/><E83/><V91/><F133/><W47/><G84/><T63/><D39/><U118/><E118/><V67/><F75/><W26/><G15/><T46/><D32/><U134/><E134/><V42/><F129/><W14/><G14/><T94/><D94/><U117/><E117/><V107/><F107/><W92/><G92/><T33/><D33/><U99/><E29/><V111/><F111/><N who="3" m="42571" /><G4/><T79/><D79/><U110/><E110/><V130/><F130/><W128/><G22/><T8/><D8/><U59/><REACH who="1" step="1"/><E23/><REACH who="1" ten="366,240,250,134" step="2"/><V25/><F81/><W66/><G128/><T19/><D28/><U20/><E20/><V5/><F50/><W64/><G38/><T41/><D31/><U104/><E104/><V93/><F93/><W76/><G76/><T121/><D78/><U86/><E86/><V12/><F97/><W132/><G132/><T68/><D82/><U6/><AGARI ba="1,1" hai="1,6,11,59,60,61,62,65,80,87,89,99,102,105" machi="6" ten="30,2000,0" yaku="1,1,0,1,53,0" doraHai="125" doraHaiUra="36" who="1" fromWho="1" sc="366,-11,240,33,250,-6,134,-6" /><INIT seed="1,0,0,2,5,131" ten="355,273,244,128" oya="1" hai0="43,110,16,14,65,30,80,20,117,41,86,62,1" hai1="128,121,83,132,69,87,58,33,76,36,114,6,105" hai2="101,23,50,26,89,49,15,63,84,90,97,108,92" hai3="59,34,99,72,29,42,64,109,75,17,78,0,67"/><U81/><E69/><V77/><F108/><W126/><G109/><T107/><D107/><U103/><E33/><V44/><F15/><W21/><G0/><T54/><D117/><U27/><E36/><V66/><F77/><W7/><G7/><T13/><D1/><U57/><E114/><V129/><F129/><W45/><G34/><T94/><D94/><U32/><E121/><V4/><F4/><W100/><G29/><T111/><D111/><U35/><E128/><V106/><F89/><W25/><G126/><T127/><D127/><U51/><E6/><V130/><F44/><W60/><G67/><T104/><D104/><U61/><E51/><V112/><F112/><W102/><G78/><T118/><D30/><U9/><E9/><V5/><F5/><W37/><REACH who="3" step="1"/><G102/><REACH who="3" ten="355,273,244,118" step="2"/><T73/><D65/><N who="1" m="39087" /><E35/><V74/><F130/><W28/><G28/><T88/><D110/><U68/><E32/><V133/><F101/><W31/><G31/><T95/><D118/><U38/><E76/><V91/><F91/><W56/><G56/><T79/><D73/><U115/><E58/><V119/><F74/><W98/><G98/><T53/><D79/><N who="1" m="46527" /><E68/><V70/><F119/><W116/><G116/><T10/><D86/><U55/><E103/><V40/><F84/><W24/><G24/><T47/><D88/><U125/><E27/><V52/><F26/><W3/><G3/><T46/><D14/><U120/><E125/><V48/><F90/><W124/><G124/><T71/><D13/><U18/><E115/><V96/><F97/><W2/><G2/><T134/><D71/><RYUUKYOKU ba="0,1" sc="355,-10,273,-10,244,-10,118,30" hai3="17,21,25,37,42,45,59,60,64,72,75,99,100" /><INIT seed="2,1,1,1,2,100" ten="345,263,234,148" oya="2" hai0="26,35,127,21,96,118,53,17,110,134,125,86,115" hai1="51,3,59,98,113,24,47,77,66,78,97,91,112" hai2="85,61,40,80,32,84,43,13,69,75,135,70,18" hai3="33,81,5,52,55,79,133,88,2,114,29,14,93"/><V111/><F32/><W20/><G2/><T68/><D115/><U131/><E3/><V23/><F75/><W106/><G106/><T30/><D68/><U92/><E131/><V48/><F135/><W31/><G33/><T19/><D134/><U109/><E109/><V130/><F111/><W83/><G114/><T8/><D96/><U54/><E113/><V0/><F0/><W101/><G101/><T45/><D86/><U49/><E112/><V71/><F130/><W64/><G64/><T74/><D74/><U76/><E24/><V62/><F84/><N who="3" m="48191" /><G83/><T116/><D53/><N who="3" m="20553" /><G133/><T104/><D104/><U72/><E72/><V126/><F126/><N who="0" m="48138" /><D45/><U37/><E37/><V44/><REACH who="2" step="1"/><F40/><REACH who="2" ten="345,263,224,148" step="2"/><W50/><G50/><T87/><D110/><U121/><E51/><V63/><F63/><W58/><G58/><T28/><D35/><U123/><E123/><V16/><F16/><N who="3" m="10263" /><G5/><T132/><D132/><U7/><E7/><V105/><F105/><W117/><G117/><T11/><D116/><U108/><E108/><V9/><F9/><W4/><G4/><T46/><D118/><U56/><E121/><V95/><F95/><W90/><G93/><T103/><D8/><U65/><E98/><V99/><F99/><W27/><G27/><T67/><D11/><U119/><E119/><V82/><F82/><W34/><G34/><T38/><D26/><U89/><E97/><V129/><F129/><W39/><G39/><T22/><D38/><U25/><E25/><V57/><F57/><N who="1" m="22089" /><E92/><V122/><F122/><W107/><G107/><T42/><D42/><U15/><E15/><RYUUKYOKU ba="1,2" sc="345,-30,263,10,224,10,148,10" hai1="47,49,54,65,66,76,77,78,89,91" hai2="13,18,23,43,44,48,61,62,69,70,71,80,85" hai3="29,31,88,90" /><INIT seed="2,2,2,4,2,24" ten="315,273,234,158" oya="2" hai0="58,9,42,39,79,38,65,106,4,55,95,17,108" hai1="116,12,28,123,86,53,87,93,81,91,54,107,92" hai2="26,99,29,130,77,134,18,84,33,98,47,61,57" hai3="126,6,132,72,118,88,96,76,75,90,63,5,0"/><V100/><F130/><W36/><G118/><T117/><D106/><U41/><E107/><V115/><F115/><W127/><G36/><T121/><D121/><U68/><E68/><V27/><F134/><W35/><G35/><T8/><D79/><U135/><E116/><V105/><F98/><W66/><G132/><T113/><D113/><U131/><E131/><V70/><F47/><W48/><G48/><T49/><D95/><U67/><E67/><N who="2" m="41327" /><F57/><N who="3" m="37231" /><G0/><T71/><D39/><U52/><E135/><V16/><F27/><W103/><G103/><T20/><D4/><N who="3" m="1641" /><G76/><T60/><D117/><U32/><E123/><V37/><F37/><W7/><N who="3" m="1649" /><W1/><DORA hai="46" /><G1/><T74/><D74/><U23/><E32/><V10/><F10/><W94/><G90/><T122/><D122/><U82/><E41/><V109/><F109/><W64/><G64/><T13/><D108/><U110/><E110/><V3/><F3/><W125/><AGARI ba="2,2" hai="72,75,88,94,96,125,126,127" m="1649,37231" machi="125" ten="40,2700,0" yaku="18,1,54,1" doraHai="24,46" who="3" fromWho="3" sc="315,-9,273,-9,234,-15,158,53" /><INIT seed="3,0,0,0,1,9" ten="306,264,219,211" oya="3" hai0="114,84,5,90,79,89,98,122,31,15,74,4,80" hai1="75,1,59,14,46,104,55,119,19,123,78,105,57" hai2="36,94,29,71,116,107,128,6,91,48,127,20,97" hai3="35,64,25,38,43,32,3,44,96,87,82,103,110"/><W21/><G3/><T61/><D122/><U62/><E123/><V37/><F116/><W93/><G110/><T101/><D114/><U86/><E1/><V131/><F71/><W121/><G121/><T63/><D31/><U125/><E75/><V126/><F107/><W120/><G64/><T58/><D63/><U88/><E125/><N who="2" m="47627" /><F6/><W117/><G117/><T12/><D4/><U10/><E119/><V132/><F48/><W68/><G68/><T135/><D5/><U42/><E59/><V33/><F33/><W47/><G47/><T130/><D130/><N who="2" m="49706" /><F132/><W111/><G111/><T0/><D0/><U53/><E55/><V54/><F54/><W7/><G7/><T65/><D135/><U95/><REACH who="1" step="1"/><E78/><REACH who="1" ten="306,254,219,211" step="2"/><V23/><F29/><W67/><G120/><T45/><D79/><U99/><E99/><V113/><F113/><W60/><G67/><T77/><D45/><U72/><E72/><V26/><F26/><W66/><G66/><T27/><D27/><U8/><E8/><V13/><F23/><W133/><G133/><T106/><D74/><U34/><E34/><V52/><F52/><W28/><G60/><T100/><D65/><U129/><E129/><V92/><F20/><W115/><G115/><T70/><D70/><U76/><E76/><AGARI ba="0,1" hai="21,25,28,32,35,38,43,44,76,82,87,93,96,103" machi="76" ten="30,1500,0" yaku="7,1" doraHai="9" who="3" fromWho="1" sc="306,0,254,-15,219,0,211,25" /><INIT seed="3,1,0,0,4,54" ten="306,239,219,236" oya="3" hai0="7,112,31,27,129,134,63,75,108,117,97,33,35" hai1="104,124,29,96,109,119,85,99,23,58,82,110,24" hai2="59,93,132,62,38,100,17,76,34,123,95,118,53" hai3="77,60,45,15,98,114,91,78,50,11,84,131,9"/><W120/><G131/><T42/><D117/><U103/><E124/><V67/><F118/><W111/><G114/><T105/><D75/><U14/><E119/><V3/><F132/><W10/><G120/><T32/><D134/><U73/><E73/><V26/><F123/><W36/><G36/><T51/><D129/><U37/><E37/><V4/><F38/><W22/><G111/><T133/><D133/><U52/><E14/><V49/><F76/><W88/><G98/><T47/><D108/><N who="1" m="41579" /><E103/><V25/><F34/><W55/><G60/><T83/><D7/><U72/><E72/><V48/><F48/><W86/><G22/><T66/><D83/><U57/><E104/><V21/><F100/><W115/><G115/><T19/><D19/><U102/><E102/><V90/><F3/><W135/><G135/><T6/><D6/><U61/><E58/><N who="2" m="37335" /><F4/><W70/><G70/><N who="0" m="42335" /><D112/><U128/><E128/><V68/><F68/><W126/><G126/><T1/><D1/><U74/><E74/><V8/><F8/><W69/><G69/><T16/><D105/><U79/><AGARI ba="1,0" hai="23,24,29,52,57,61,79,82,85,96,99" m="41579" machi="79" ten="30,4000,0" yaku="14,1,52,1,54,1" doraHai="54" who="1" fromWho="1" sc="306,-11,239,43,219,-11,236,-21" /><INIT seed="4,0,0,3,3,33" ten="295,282,208,215" oya="0" hai0="3,127,114,131,41,84,59,113,86,121,119,58,37" hai1="120,25,49,18,45,34,89,112,28,67,126,35,123" hai2="106,116,100,38,102,92,55,26,77,133,17,101,7" hai3="94,83,20,104,22,42,125,134,6,132,30,108,98"/><T62/><D121/><U65/><E126/><V68/><F106/><W82/><G108/><T16/><D119/><U48/><E18/><V90/><F38/><W40/><G104/><T56/><D127/><U29/><E89/><V0/><F68/><W21/><G30/><T57/><D131/><U130/><E130/><V44/><F133/><N who="3" m="51307" /><G6/><T70/><D70/><U46/><E25/><V19/><F116/><W74/><G125/><T73/><D73/><U27/><E27/><V107/><F107/><W80/><G74/><T103/><D103/><AGARI ba="0,0" hai="20,21,22,40,42,80,82,83,94,98,103" m="51307" machi="103" ten="40,1300,0" yaku="20,1" doraHai="33" who="3" fromWho="0" sc="295,-13,282,0,208,0,215,13" /><INIT seed="5,0,0,2,2,5" ten="282,282,208,228" oya="1" hai0="133,120,72,64,29,130,1,89,118,8,18,59,103" hai1="73,106,62,79,61,74,47,63,119,80,16,20,3" hai2="91,48,104,105,57,66,49,12,14,56,4,37,135" hai3="46,44,116,122,90,26,41,52,60,35,13,2,53"/><U78/><E119/><V82/><F37/><W127/><G122/><T69/><D69/><U58/><E106/><V10/><F135/><W101/><G2/><T92/><D103/><U17/><E3/><V87/><F105/><W115/><G101/><T34/><D118/><U70/><E70/><V98/><F104/><W77/><G116/><T71/><D72/><U113/><E113/><V76/><F98/><W128/><G115/><T75/><D75/><U86/><E47/><V68/><F68/><W131/><G77/><T125/><D29/><U121/><E121/><V102/><F102/><W67/><G127/><T117/><D34/><U43/><E43/><V112/><F112/><W50/><G90/><T126/><D1/><U100/><E100/><V25/><F25/><W9/><G26/><T42/><D42/><U28/><E58/><V96/><F96/><W110/><G35/><T6/><D59/><U109/><E109/><V83/><F14/><W38/><G53/><T19/><D133/><U85/><E74/><V65/><F57/><W111/><G60/><T94/><D120/><U81/><E73/><V129/><F129/><N who="3" m="49739" /><G67/><N who="2" m="25609" /><F56/><W107/><G107/><T84/><D130/><U0/><E0/><V33/><F33/><W24/><G24/><AGARI ba="0,0" hai="16,17,20,24,28,61,62,63,78,79,80,81,85,86" machi="24" ten="40,7700,0" yaku="9,1,8,1,54,1" doraHai="5" who="1" fromWho="3" sc="282,0,282,77,208,0,228,-77" /><INIT seed="5,1,0,5,4,63" ten="282,359,208,151" oya="1" hai0="71,39,88,130,13,32,131,106,104,69,12,116,6" hai1="73,25,89,128,108,95,103,120,60,86,49,111,14" hai2="113,27,129,17,115,125,7,45,34,119,84,92,81" hai3="20,53,102,19,65,51,87,126,61,132,76,2,62"/><U23/><E73/><V18/><F119/><W58/><G126/><T99/><D116/><U135/><E120/><V68/><F125/><W75/><G132/><T109/><D109/><U11/><E128/><N who="0" m="49193" /><D39/><U105/><E135/><V0/><F129/><W33/><G33/><T124/><D32/><U94/><E49/><V85/><F68/><W40/><G2/><T16/><D6/><U64/><E105/><V28/><F92/><W98/><G75/><T70/><D12/><U36/><E36/><V112/><F84/><W48/><G87/><T72/><D72/><U47/><E47/><V117/><F117/><W8/><G8/><N who="0" m="6183" /><D124/><U55/><E55/><V101/><F101/><W121/><G76/><T118/><D118/><U1/><E1/><V22/><F22/><W122/><G122/><T15/><D15/><U50/><E14/><V100/><F100/><W43/><G43/><T123/><D123/><U114/><E11/><N who="2" m="2535" /><F45/><W3/><G3/><T5/><D5/><U37/><E37/><V52/><F52/><W66/><G53/><T90/><D99/><U78/><E111/><V35/><F35/><W134/><G40/><T21/><D21/><U107/><E23/><V41/><F41/><W83/><G121/><T97/><D97/><U91/><E108/><V79/><AGARI ba="1,0" hai="17,18,27,28,34,79,81,85,112,113,115" m="2535" machi="79" ten="30,2000,0" yaku="15,1,11,1" doraHai="63" who="2" fromWho="2" sc="282,-6,359,-11,208,23,151,-6" /><INIT seed="6,0,0,2,2,43" ten="276,348,231,145" oya="2" hai0="17,94,126,78,108,38,135,45,12,132,86,85,30" hai1="99,44,133,104,113,9,35,97,68,127,57,90,83" hai2="4,1,3,29,67,24,20,79,59,5,0,102,80" hai3="74,118,69,82,21,47,73,93,77,84,119,128,32"/><V125/><F125/><W55/><G32/><T22/><D108/><U81/><E68/><V41/><F102/><W6/><G69/><T56/><D126/><U121/><E35/><V112/><F112/><W34/><G34/><T122/><D122/><U28/><E28/><V106/><F106/><W58/><G128/><T39/><D56/><U60/><E113/><V2/><N who="2" m="0" /><DORA hai="72" /><V48/><F67/><W42/><G6/><T33/><D94/><U101/><E133/><V31/><F31/><W53/><G21/><T92/><D92/><U114/><E114/><V63/><F41/><W91/><G74/><T26/><D38/><U88/><E9/><V123/><F48/><W10/><G10/><T7/><D7/><U134/><E134/><N who="0" m="51241" /><D78/><U16/><E121/><V115/><F115/><W111/><G111/><T40/><AGARI ba="0,0" hai="12,17,22,26,30,33,39,40,45,85,86" m="51241" machi="40" ten="30,2000,0" yaku="20,1,52,1" doraHai="43,72" who="0" fromWho="0" sc="276,20,348,-5,231,-10,145,-5" /><INIT seed="7,0,0,3,5,2" ten="296,343,221,140" oya="3" hai0="16,87,115,40,79,80,98,41,95,126,73,62,94" hai1="125,58,31,56,76,121,86,67,32,96,27,51,106" hai2="45,127,10,61,78,82,85,134,38,34,4,70,35" hai3="63,47,100,75,42,53,90,133,119,68,7,44,99"/><W54/><G119/><T123/><D123/><U128/><E121/><V48/><F38/><W69/><G75/><T5/><D126/><U132/><E128/><V60/><F134/><W20/><G133/><T83/><D5/><U102/><E125/><V13/><F127/><W3/><G90/><T17/><D115/><U36/><E36/><V88/><F70/><W6/><G3/><T30/><D30/><U9/><E132/><V25/><F25/><W50/><G68/><T15/><D62/><U81/><E51/><V11/><F34/><W113/><G113/><T55/><D55/><U52/><E52/><N who="2" m="29711" /><F35/><W130/><G130/><T1/><D1/><U14/><E67/><V65/><F11/><W33/><G20/><T101/><D95/><U39/><E39/><V72/><F72/><W19/><G19/><AGARI ba="0,0" hai="9,14,19,27,31,32,56,58,76,81,86,96,102,106" machi="19" ten="30,1000,0" yaku="7,1" doraHai="2" who="1" fromWho="3" sc="296,0,343,10,221,0,140,-10" owari="296,10.0,353,45.0,221,-18.0,130,-37.0" /></mjloggm>