<mjloggm ver="2.3"><GO type="169" lobby="0"/><UN n0="%E9%B3%B3%E5%BC%A5" n1="%E7%A7%81%E3%81%AF%E3%81%8C%E3%81%A1%E3%81%BB%E3%82%82" n2="%E3%82%A6%E3%83%AB%E3%83%88%E3%83%A9%E7%AB%8B%E7%9B%B4" n3="%E3%81%AD%E3%81%8D%E3%81%9B%40" dan="16,17,18,17" rate="2051.83,2189.50,2221.83,2144.38" sx="M,M,M,M"/><TAIKYOKU oya="0"/><INIT seed="0,0,0,0,0,94" ten="250,250,250,250" oya="0" hai0="96,111,110,48,91,6,74,104,34,76,26,107,109" hai1="62,132,84,40,38,83,79,60,133,127,103,53,17" hai2="105,21,70,14,93,12,118,116,63,121,135,126,16" hai3="64,9,31,57,67,24,56,71,128,33,32,11,19"/><T42/><D6/><U115/><E127/><V13/><F105/><W49/><G71/><T30/><D76/><U82/><E115/><V77/><F77/><W78/><G78/><T27/><D74/><U47/><E82/><V20/><F121/><W46/><G128/><T37/><D37/><U120/><E120/><V100/><F126/><W112/><G112/><T73/><D73/><U28/><E28/><V50/><F50/><W18/><G46/><N who="0" m="25687" /><D27/><U4/><E4/><V54/><F135/><N who="1" m="51785" /><E103/><V41/><F41/><W69/><G49/><T134/><D134/><U113/><E113/><V29/><F29/><W2/><G31/><T36/><D36/><U131/><E131/><V98/><F21/><W66/><G66/><T1/><D1/><U58/><E17/><V61/><F70/><W88/><G69/><T39/><D39/><U65/><E62/><V5/><F63/><W0/><REACH who="3" step="1"/><G24/><REACH who="3" ten="250,250,250,240" step="2"/><T129/><D129/><U44/><E44/><V119/><F5/><W68/><G68/><T75/><D75/><U35/><E65/><V97/><F61/><W87/><G87/><T122/><D122/><U101/><E47/><V89/><F54/><W123/><G123/><T72/><D72/><U22/><E38/><V51/><F51/><W81/><G81/><T15/><D15/><U86/><E83/><V125/><F125/><W23/><G23/><T124/><D124/><U59/><E22/><V102/><F12/><W85/><G85/><T99/><D99/><N who="2" m="37898" /><F13/><W45/><G45/><T80/><D80/><U95/><E79/><V92/><F14/><W25/><G25/><RYUUKYOKU ba="0,1" sc="250,15,250,-15,250,-15,240,15" hai0="26,30,34,91,96,104,107,109,110,111" hai3="0,2,9,11,18,19,32,33,56,57,64,67,88" /><INIT seed="0,1,1,3,5,133" ten="265,235,235,255" oya="0" hai0="47,103,97,92,83,94,36,53,102,52,46,58,74" hai1="124,129,17,66,8,126,77,13,14,45,50,87,105" hai2="85,70,9,115,100,7,84,49,72,61,130,117,30" hai3="39,111,43,18,37,127,10,89,132,75,114,5,11"/><T1/><D1/><U69/><E105/><V38/><F115/><W90/><G114/><T73/><D36/><U60/><E129/><V109/><F117/><W112/><G112/><T110/><D110/><U56/><E13/><V26/><F109/><W128/><G132/><T19/><D19/><U82/><REACH who="1" step="1"/><E69/><REACH who="1" ten="265,225,235,255" step="2"/><V101/><F70/><W6/><G128/><T33/><D33/><U119/><E119/><V27/><F130/><W21/><G75/><T113/><D113/><U31/><E31/><V88/><F30/><W35/><G111/><T95/><D74/><U59/><E59/><V25/><F72/><W44/><G35/><T125/><D58/><U104/><E104/><V62/><F27/><W91/><G39/><T93/><D73/><U64/><E64/><V123/><F38/><W71/><G71/><T67/><D67/><U68/><E68/><V41/><F26/><W23/><G37/><T29/><D29/><U108/><E108/><V78/><F25/><W54/><G18/><T99/><D102/><U2/><E2/><V32/><F32/><W79/><G44/><T0/><D103/><U96/><E96/><V28/><F28/><W120/><G120/><T131/><D0/><U24/><E24/><V22/><F101/><W121/><G121/><T98/><D98/><U106/><E106/><V134/><F100/><W42/><G6/><T76/><D99/><U4/><E4/><V57/><F123/><W15/><G5/><T48/><D97/><U107/><E107/><V116/><F116/><W118/><G118/><T20/><N who="0" m="23552" /><DORA hai="81" /><T12/><D131/><RYUUKYOKU ba="1,2" sc="265,-10,225,30,235,-10,255,-10" hai1="8,14,17,45,50,56,60,66,77,82,87,124,126" /><INIT seed="1,2,2,3,0,106" ten="255,255,225,245" oya="1" hai0="28,64,10,60,22,95,5,40,104,123,87,112,66" hai1="128,100,30,115,61,96,73,8,25,35,53,126,91" hai2="133,59,52,2,6,134,90,57,76,85,39,105,71" hai3="54,56,44,14,58,94,130,33,110,38,120,13,63"/><U116/><E116/><V88/><F71/><W75/><G120/><T67/><D112/><U34/><E115/><V124/><F39/><W111/><G14/><N who="0" m="5455" /><D40/><U49/><E35/><V125/><F105/><W11/><G33/><T46/><D46/><U47/><E128/><V102/><F102/><W72/><G130/><T62/><D104/><U43/><E126/><N who="2" m="48747" /><F59/><W119/><G119/><T36/><D36/><U109/><E109/><N who="3" m="41482" /><G94/><T121/><D121/><U74/><E8/><N who="2" m="2135" /><F76/><W114/><G114/><T29/><D123/><U127/><E127/><V77/><F77/><W97/><G97/><T55/><D55/><U15/><E15/><V31/><F31/><N who="0" m="11850" /><D22/><U32/><E32/><V18/><F18/><N who="3" m="8511" /><G58/><T135/><D135/><N who="2" m="51722" /><F85/><W98/><G98/><T41/><D41/><AGARI ba="2,2" hai="38,41,44,54,56,63,72,75" m="8511,41482" machi="41" ten="30,3900,0" yaku="14,1,52,2" doraHai="106" who="3" fromWho="0" sc="255,-45,255,0,225,0,245,65" /><INIT seed="2,0,0,5,5,77" ten="210,255,225,310" oya="2" hai0="61,20,84,58,21,24,55,122,46,18,106,48,35" hai1="119,113,40,65,104,108,111,130,0,131,27,33,95" hai2="76,80,127,132,54,30,62,123,57,23,112,19,105" hai3="126,89,134,50,15,3,37,96,81,36,93,87,34"/><V110/><F112/><W128/><G3/><T52/><D106/><U12/><E33/><V60/><F123/><W29/><G126/><T102/><D122/><U98/><E40/><V107/><F132/><W124/><G124/><T121/><D121/><U88/><E65/><V133/><F133/><W10/><G134/><T17/><D102/><N who="1" m="62551" /><E27/><V116/><F116/><W59/><G128/><N who="1" m="49194" /><E0/><V85/><F110/><N who="1" m="42025" /><E12/><V117/><F127/><W72/><G72/><T125/><D125/><U109/><N who="1" m="42033" /><U22/><DORA hai="92" /><E22/><V1/><F117/><W75/><G75/><T69/><D69/><U8/><E8/><V66/><F30/><W32/><G59/><T38/><D38/><U68/><E68/><V129/><F1/><W44/><G29/><T45/><D35/><U25/><E25/><V49/><F129/><W114/><G32/><T6/><D6/><U51/><E51/><V115/><F62/><W101/><G34/><T100/><D61/><U86/><E113/><V42/><F42/><W43/><REACH who="3" step="1"/><G114/><REACH who="3" ten="210,255,225,300" step="2"/><T39/><D58/><U13/><E13/><V97/><F115/><W41/><G41/><T2/><D2/><U70/><E70/><V64/><F57/><W5/><AGARI ba="0,1" hai="5,10,15,36,37,43,44,50,81,87,89,93,96,101" machi="5" ten="20,12000,2" yaku="1,1,0,1,7,1,52,2,53,1" doraHai="77,92" doraHaiUra="4,74" who="3" fromWho="3" sc="210,-30,255,-30,225,-60,300,130" /><INIT seed="3,0,0,4,4,55" ten="180,225,165,430" oya="3" hai0="15,57,132,22,40,94,27,79,21,54,111,127,71" hai1="3,17,133,83,64,7,33,50,69,108,93,14,31" hai2="100,49,72,38,10,0,121,96,67,18,32,123,1" hai3="4,56,91,26,81,109,43,86,98,25,2,99,73"/><W128/><G128/><T88/><D71/><U95/><E108/><V61/><F38/><W12/><G2/><T119/><D119/><U103/><E133/><V36/><F36/><W78/><G109/><T6/><D132/><U117/><E117/><V116/><F72/><W77/><G43/><T19/><D127/><U11/><E103/><V42/><F32/><W24/><G4/><T84/><D111/><U101/><E101/><V60/><F116/><W131/><G131/><T75/><D40/><U29/><E29/><V58/><F18/><W74/><G12/><T44/><D44/><U97/><E97/><V113/><F113/><W115/><G115/><T5/><D79/><U76/><E50/><V28/><F28/><W45/><G45/><T41/><D41/><U30/><E30/><V122/><F10/><W9/><G9/><T80/><D80/><U118/><E118/><V53/><F42/><W124/><G124/><T126/><D75/><U70/><E64/><V39/><F61/><W129/><G129/><T82/><D82/><U65/><E65/><V125/><F39/><W134/><G134/><T135/><D135/><U92/><E83/><V23/><F23/><W51/><G74/><T87/><D87/><U20/><E76/><N who="3" m="29290" /><G73/><T85/><D85/><U48/><E48/><V34/><F34/><W68/><G68/><T16/><D126/><U8/><E8/><V35/><F35/><W110/><G110/><T13/><D13/><U112/><E112/><V37/><F37/><W105/><G105/><T130/><D130/><U114/><E114/><V104/><F125/><RYUUKYOKU ba="0,0" sc="180,0,225,0,165,0,430,0" hai0="5,6,15,16,19,21,22,27,54,57,84,88,94" hai1="3,7,11,14,17,20,31,33,69,70,92,93,95" hai2="0,1,49,53,58,60,67,96,100,104,121,122,123" hai3="24,25,26,51,56,81,86,91,98,99" /><INIT seed="3,1,0,3,5,82" ten="180,225,165,430" oya="3" hai0="54,33,43,44,1,83,96,14,80,99,100,66,12" hai1="132,124,97,59,72,21,103,89,28,109,77,6,127" hai2="17,81,27,86,93,118,10,76,13,2,7,84,15" hai3="39,88,107,26,37,90,57,30,111,112,70,117,56"/><W126/><G112/><T3/><D33/><U134/><E6/><V46/><F118/><W38/><G117/><T52/><D66/><U95/><E59/><V58/><F58/><W23/><G70/><T105/><D43/><U50/><E50/><V128/><F128/><W102/><G126/><N who="1" m="48170" /><E28/><V79/><F46/><W74/><G74/><T92/><D92/><U115/><E21/><V45/><F45/><W16/><G111/><T29/><D44/><U78/><E109/><V25/><F2/><W55/><G102/><T114/><D100/><U101/><E115/><V32/><F32/><W48/><G107/><T75/><D105/><U131/><E131/><V104/><F104/><W135/><G135/><N who="1" m="51754" /><E72/><V61/><F61/><W51/><G30/><T133/><D133/><U110/><E110/><V0/><F0/><W94/><G56/><T120/><D29/><U40/><E40/><V53/><F53/><W31/><G51/><T49/><D49/><U68/><E68/><V122/><F27/><W123/><G31/><T63/><D114/><U41/><E41/><V85/><F25/><W130/><G130/><T91/><D75/><U125/><N who="1" m="48178" /><U119/><DORA hai="62" /><E119/><V65/><F65/><W4/><G38/><T18/><D63/><U67/><E67/><V34/><F34/><W87/><G37/><T73/><D73/><U9/><E9/><V98/><F7/><W113/><G48/><T71/><D71/><U47/><E47/><V36/><F36/><W129/><G39/><T11/><D11/><U60/><E60/><V5/><F10/><W35/><G129/><RYUUKYOKU ba="1,0" sc="180,-10,225,30,165,-10,430,-10" hai1="77,78,89,95,97,101,103" /><INIT seed="4,2,0,1,2,74" ten="170,255,155,420" oya="0" hai0="43,130,87,49,6,22,80,135,52,53,27,75,106" hai1="58,21,109,115,78,126,96,14,31,46,41,39,134" hai2="19,85,67,48,88,121,92,50,29,34,129,128,102" hai3="16,112,12,101,90,91,111,94,72,71,28,103,64"/><T93/><D106/><U89/><E109/><V114/><F121/><W18/><G111/><T44/><D135/><U107/><E134/><V81/><F114/><W4/><G72/><T38/><D130/><N who="2" m="50282" /><F67/><W0/><G28/><T60/><D6/><U98/><E115/><V11/><F29/><W3/><G64/><T70/><D75/><U17/><E126/><V42/><F34/><W110/><G71/><T118/><D118/><U132/><E132/><V51/><F42/><W40/><G40/><T37/><D93/><U123/><E123/><V36/><F36/><W32/><G32/><T26/><D26/><U125/><E125/><V5/><F19/><W117/><G112/><T9/><D9/><U57/><E31/><V83/><F102/><W133/><G133/><T82/><D82/><U108/><E108/><V79/><F79/><W2/><G110/><T59/><D70/><U119/><E78/><V7/><F7/><W55/><G4/><T35/><D35/><U131/><E119/><V56/><F56/><W104/><G18/><T99/><D43/><U13/><E13/><AGARI ba="2,0" hai="5,11,13,48,50,51,81,83,85,88,92" m="50282" machi="13" ten="30,2000,0" yaku="19,1,54,1" doraHai="74" who="2" fromWho="1" sc="170,0,255,-26,155,26,420,0" /><INIT seed="5,0,0,1,0,78" ten="170,229,181,420" oya="1" hai0="34,22,118,50,103,132,90,94,107,83,109,32,28" hai1="35,96,111,88,89,134,113,127,53,75,20,44,38" hai2="130,108,5,112,68,84,126,101,131,52,41,59,9" hai3="46,120,61,62,29,14,91,115,77,121,80,6,51"/><U2/><E35/><V100/><F68/><W119/><G29/><T15/><D109/><U81/><E2/><V60/><F108/><W133/><G91/><T13/><D118/><U71/><E71/><V128/><F126/><W54/><G119/><T79/><D132/><U105/><E111/><V116/><F116/><W47/><G133/><T10/><D50/><U21/><E134/><V73/><F73/><W135/><G135/><T76/><D76/><U49/><E38/><V70/><F70/><W92/><G115/><T11/><D32/><U1/><E1/><V64/><F112/><W18/><G6/><T95/><D34/><U124/><E113/><V87/><F41/><W0/><G0/><T23/><D28/><U82/><E105/><V106/><F64/><W129/><G92/><T67/><D67/><U40/><E40/><V3/><REACH who="2" step="1"/><F101/><REACH who="2" ten="170,229,171,420" step="2"/><W117/><G117/><T102/><D103/><U16/><E75/><V72/><F72/><W93/><G121/><T97/><D102/><U31/><E127/><V66/><F66/><W42/><G120/><T30/><D107/><U85/><E124/><V36/><F36/><W110/><G42/><T39/><D39/><U74/><E74/><V98/><AGARI ba="0,1" hai="3,5,9,52,59,60,84,87,98,100,106,128,130,131" machi="98" ten="40,8000,1" yaku="1,1,0,1,19,1,54,1,53,0" doraHai="78" doraHaiUra="45" who="2" fromWho="2" sc="170,-20,229,-40,171,90,420,-20" /><INIT seed="6,0,0,3,3,99" ten="150,189,261,400" oya="2" hai0="70,25,118,101,49,127,96,6,19,122,56,63,104" hai1="109,16,114,95,18,13,80,93,132,44,7,108,92" hai2="30,89,39,133,41,28,4,0,61,38,40,14,100" hai3="43,50,130,87,3,24,57,83,55,59,73,134,69"/><V5/><F14/><W66/><G3/><T34/><D122/><U12/><E7/><V71/><F61/><W29/><G73/><T98/><D127/><U60/><E114/><V15/><F15/><W62/><G130/><T129/><D129/><U77/><E132/><V107/><F89/><W58/><G134/><T74/><D74/><U26/><E60/><V17/><F17/><W21/><G43/><T81/><D81/><U9/><E44/><V46/><F46/><W123/><G123/><T51/><D6/><U128/><E26/><V84/><F84/><W112/><G112/><T75/><D75/><U121/><E121/><V23/><F23/><W115/><G115/><T8/><D118/><U32/><E32/><V36/><F36/><W1/><G1/><T48/><D98/><U65/><E65/><V103/><F107/><W131/><G131/><T22/><D70/><U135/><E128/><V52/><F71/><W31/><G31/><T35/><REACH who="0" step="1"/><D8/><REACH who="0" ten="140,189,261,400" step="2"/><U102/><E135/><V85/><F133/><W68/><G68/><T91/><D91/><AGARI ba="0,1" hai="21,24,29,50,55,57,58,59,62,66,69,83,87,91" machi="91" ten="30,1000,0" yaku="7,1" doraHai="99" who="3" fromWho="0" sc="140,-10,189,0,261,0,400,20" /><INIT seed="7,0,0,1,3,86" ten="130,189,261,420" oya="3" hai0="68,106,133,114,124,122,69,115,127,32,79,39,118" hai1="48,35,78,25,91,134,67,31,27,103,7,9,49" hai2="97,14,112,22,28,110,11,59,0,3,87,38,119" hai3="72,125,16,75,37,70,80,120,63,5,96,82,50"/><W40/><G5/><T44/><D79/><U117/><E103/><V104/><F38/><W2/><G16/><T13/><D13/><U85/><E78/><V18/><F59/><W52/><G52/><T77/><D77/><U42/><E134/><V130/><F87/><W108/><G96/><T36/><D106/><U121/><E121/><V45/><F45/><W1/><G50/><T116/><D32/><U64/><E117/><N who="0" m="45161" /><D122/><U66/><E42/><V132/><F14/><W56/><G56/><T113/><D133/><U102/><E102/><V89/><F104/><W73/><G63/><T81/><D81/><U55/><E55/><V33/><F33/><W126/><G40/><N who="0" m="22535" /><D39/><U109/><E25/><V58/><F132/><W51/><G73/><T74/><D74/><U131/><E27/><V21/><F119/><W65/><G51/><T61/><D61/><U76/><E76/><V71/><F0/><W54/><G54/><T101/><D101/><U95/><E7/><V129/><F3/><W29/><G29/><T46/><D46/><U90/><E31/><V26/><F28/><W135/><G135/><T8/><D8/><U17/><E9/><V100/><F11/><W128/><G1/><T43/><D43/><U111/><E35/><V98/><F100/><W105/><G2/><T123/><D123/><U15/><E15/><V93/><F26/><W94/><G105/><T34/><D34/><U10/><E10/><V62/><F62/><W24/><G37/><T53/><D53/><U92/><E17/><V99/><F18/><W84/><G120/><T83/><D83/><RYUUKYOKU ba="0,0" sc="130,30,189,-10,261,-10,420,-10" hai0="68,69,113,114,115,124,127" owari="160,-34.0,179,-22.0,251,5.0,410,51.0" /></mjloggm>