<mjloggm ver="2.3"><GO type="169" lobby="0"/><UN n0="%E9%81%8A%E8%B5%B0" n1="%E3%81%8B%E3%81%B4%E3%81%B1%E3%82%89" n2="%E3%83%88%E3%83%88%E3%83%AA%E5%85%88%E7%94%9F%31%39%E6%AD%B3" n3="%E9%9D%92%E7%8C%AB" dan="16,16,19,16" rate="2154.85,2114.70,2286.18,2122.60" sx="M,F,F,M"/><TAIKYOKU oya="0"/><INIT seed="0,0,0,3,4,110" ten="250,250,250,250" oya="0" hai0="4,68,26,113,23,19,70,24,105,67,0,109,78" hai1="11,62,116,66,64,100,17,92,108,114,88,122,41" hai2="134,84,119,95,59,58,76,6,15,49,13,111,121" hai3="125,61,55,53,12,102,73,22,94,30,74,51,40"/><T117/><D117/><U44/><E108/><V32/><F32/><W96/><G125/><T120/><D120/><U54/><E116/><V93/><F119/><W10/><G74/><T35/><D109/><U115/><E122/><V127/><F111/><W82/><G73/><T28/><D78/><U98/><E54/><V91/><F127/><W99/><G82/><T8/><D105/><U85/><E17/><V60/><F134/><W118/><G99/><T131/><D131/><U87/><E11/><V34/><F34/><W46/><G118/><T21/><D67/><U36/><E87/><V1/><F121/><W37/><G37/><T106/><D106/><U42/><E41/><V101/><F1/><W72/><G72/><T97/><D97/><U52/><E52/><N who="3" m="20042" /><G61/><T123/><D123/><U75/><E75/><V14/><F49/><W50/><G50/><T126/><D126/><U48/><E36/><V112/><F76/><W56/><G56/><N who="2" m="21545" /><F60/><W69/><G69/><T124/><D124/><U89/><E89/><N who="2" m="53415" /><F101/><W133/><G133/><T77/><D77/><U7/><E7/><V25/><F25/><N who="3" m="16695" /><G12/><N who="0" m="9447" /><D113/><N who="1" m="43019" /><E62/><V79/><F112/><W38/><G38/><T71/><D71/><U128/><E128/><V132/><F132/><W103/><G103/><T29/><AGARI ba="0,0" hai="0,4,8,23,24,26,28,29,35,68,70" m="9447" machi="29" ten="30,1500,0" yaku="24,1" doraHai="110" who="0" fromWho="0" sc="250,15,250,-5,250,-5,250,-5" /><INIT seed="0,1,0,1,5,13" ten="265,245,245,245" oya="0" hai0="103,47,93,111,105,134,24,67,35,74,124,30,68" hai1="72,29,112,0,97,55,121,113,75,70,96,57,125" hai2="126,118,116,56,131,59,127,10,48,32,5,4,19" hai3="129,34,44,39,83,101,88,36,1,100,45,102,22"/><T7/><D134/><U3/><E70/><V15/><F32/><W28/><G34/><T82/><D93/><U25/><E121/><V2/><F131/><W106/><G1/><T122/><D122/><U37/><E37/><V31/><F31/><W114/><G106/><T86/><D124/><N who="2" m="47658" /><F5/><W110/><G114/><N who="1" m="44138" /><E125/><V78/><F78/><W43/><G129/><T26/><D26/><U65/><E65/><V60/><F48/><W73/><G110/><T23/><D111/><U79/><E3/><V135/><F135/><W62/><G62/><T71/><D74/><N who="1" m="28203" /><E0/><V16/><F59/><W20/><G28/><T14/><D47/><U130/><E79/><V53/><F2/><W123/><G123/><T33/><D33/><N who="1" m="20655" /><E130/><V38/><F38/><W11/><G73/><T64/><D71/><U50/><AGARI ba="1,0" hai="50,55,57,96,97" m="20655,28203,44138" machi="50" ten="30,1100,0" yaku="11,1" doraHai="13" who="1" fromWho="1" sc="265,-6,245,14,245,-4,245,-4" /><INIT seed="1,0,0,4,3,101" ten="259,259,241,241" oya="1" hai0="23,97,85,58,135,110,11,26,126,82,45,81,14" hai1="113,1,24,37,114,21,124,51,87,2,19,3,106" hai2="16,56,44,100,89,112,99,46,33,50,104,60,98" hai3="118,31,74,65,5,133,40,25,0,125,12,18,94"/><U73/><E73/><V90/><F112/><W48/><G74/><T13/><D110/><U91/><E37/><V35/><F46/><W95/><G133/><T49/><D135/><U69/><E69/><V6/><F6/><W107/><G125/><T39/><D39/><U123/><E123/><V72/><F72/><W38/><G38/><T92/><D58/><U132/><E132/><V17/><F35/><W62/><G118/><T22/><D126/><U36/><E36/><V4/><F33/><W34/><G107/><T68/><D68/><U30/><E124/><V27/><F4/><W75/><G75/><T129/><D129/><U109/><E109/><V55/><F27/><W88/><G40/><T52/><D22/><U96/><E51/><V83/><F83/><W61/><G48/><T47/><D47/><U28/><E28/><V70/><F70/><W128/><G128/><T116/><D116/><U120/><E120/><V127/><F127/><W53/><G53/><T29/><D85/><U130/><E30/><V84/><F98/><N who="3" m="57671" /><G95/><T102/><REACH who="0" step="1"/><D13/><REACH who="0" ten="249,259,241,241" step="2"/><U78/><E130/><V64/><F84/><W79/><G12/><T63/><D63/><U108/><E108/><V59/><F44/><W32/><G62/><T122/><D122/><U10/><E10/><V115/><F115/><W66/><G61/><T117/><D117/><U7/><E7/><AGARI ba="0,1" hai="7,11,14,23,26,29,45,49,52,81,82,92,97,102" machi="7" ten="30,8000,1" yaku="1,1,7,1,8,1,54,1,53,1" doraHai="101" doraHaiUra="43" who="0" fromWho="1" sc="249,90,259,-80,241,0,241,0" /><INIT seed="2,0,0,3,3,129" ten="339,179,241,241" oya="2" hai0="81,99,58,91,4,54,32,9,5,134,123,17,69" hai1="15,66,109,117,120,112,25,50,106,105,122,55,118" hai2="126,102,93,125,42,30,41,49,82,132,135,64,16" hai3="104,19,36,20,46,0,71,12,108,33,6,1,92"/><V100/><F30/><W107/><G71/><T85/><D32/><U110/><E25/><V31/><F31/><W2/><G33/><T95/><D123/><N who="1" m="47147" /><E15/><V89/><F82/><W98/><G6/><T29/><D69/><U62/><E62/><V44/><F64/><W56/><G56/><T101/><D29/><U14/><E14/><V65/><F65/><W8/><G20/><T88/><D134/><N who="2" m="51242" /><F42/><W115/><G115/><T59/><D59/><N who="1" m="33271" /><E66/><V97/><F16/><W39/><G19/><T60/><D17/><U121/><N who="1" m="47155" /><U47/><DORA hai="51" /><E47/><V73/><F73/><W94/><G46/><T27/><D27/><U22/><E22/><V57/><F57/><W34/><G34/><T23/><D23/><U83/><E83/><V131/><F131/><W72/><G72/><T86/><D9/><U67/><E67/><V26/><F26/><W76/><G8/><T84/><D5/><U116/><E112/><V53/><F41/><W3/><G76/><T87/><REACH who="0" step="1"/><D4/><REACH who="0" ten="329,179,241,241" step="2"/><U133/><E133/><V48/><F48/><W124/><G39/><T7/><D7/><U40/><E40/><V113/><F113/><W45/><G36/><T90/><AGARI ba="0,1" hai="54,58,60,81,84,85,86,87,88,90,91,95,99,101" machi="90" ten="30,8000,1" yaku="1,1,0,1,8,1,52,1,54,1,53,0" doraHai="129,51" doraHaiUra="74,38" who="0" fromWho="0" sc="329,90,179,-20,241,-40,241,-20" /><INIT seed="3,0,0,5,4,70" ten="419,159,201,221" oya="3" hai0="62,132,43,95,131,128,42,73,32,116,75,125,94" hai1="119,124,126,92,33,129,55,135,111,72,24,91,121" hai2="93,4,12,134,13,89,50,66,57,56,90,39,108" hai3="60,84,68,30,49,21,77,45,29,52,17,81,69"/><W54/><G69/><T58/><D32/><U8/><E55/><V61/><F108/><W109/><G109/><T1/><D1/><U27/><E72/><V41/><F134/><W10/><G10/><T76/><D116/><U0/><E111/><V97/><F39/><W11/><G11/><T40/><D132/><U122/><E135/><V28/><F28/><W102/><G102/><T26/><D26/><N who="1" m="9771" /><E91/><V3/><F3/><W37/><G37/><T7/><D7/><N who="1" m="1127" /><E92/><N who="2" m="56463" /><F4/><W104/><G104/><T15/><D15/><U120/><E33/><V106/><F106/><W99/><G99/><T130/><D125/><N who="1" m="48235" /><E129/><V113/><F57/><N who="3" m="34855" /><G68/><T51/><D51/><U83/><E83/><V96/><F113/><W123/><G123/><T19/><D75/><U86/><E86/><V103/><F103/><W64/><G64/><N who="0" m="38999" /><D73/><U46/><E46/><AGARI ba="0,0" hai="12,13,41,46,50,56,61,66,90,93,96" m="56463" machi="46" ten="30,1000,0" yaku="8,1" doraHai="70" who="2" fromWho="1" sc="419,0,159,-10,201,10,221,0" /><INIT seed="4,0,0,0,3,53" ten="419,149,211,221" oya="0" hai0="108,131,71,31,123,113,20,85,118,84,47,2,34" hai1="127,41,19,106,58,33,112,133,0,121,128,3,60" hai2="28,29,90,89,102,38,72,49,92,4,17,73,88" hai3="51,111,57,46,9,30,87,83,37,107,115,135,91"/><T74/><RYUUKYOKU type="yao9" ba="0,0" sc="419,0,149,0,211,0,221,0" hai0="2,20,31,34,47,71,74,84,85,108,113,118,123,131" /><INIT seed="4,1,0,1,3,21" ten="419,149,211,221" oya="0" hai0="84,65,47,94,24,64,43,40,79,56,110,6,97" hai1="58,103,106,99,109,114,95,96,42,134,9,119,104" hai2="36,91,80,123,3,34,10,89,17,83,63,27,57" hai3="66,117,7,1,53,30,46,78,85,108,101,129,5"/><T33/><D6/><U50/><E9/><V25/><F123/><W73/><G108/><T135/><D135/><U44/><E109/><V115/><F36/><W70/><G117/><T128/><D128/><U2/><E2/><V125/><F115/><W72/><G129/><T62/><D110/><U45/><E119/><V48/><F125/><W28/><G101/><T75/><D75/><U88/><E134/><V133/><F133/><W18/><G18/><T82/><D65/><U131/><E131/><V102/><F102/><W90/><G66/><T100/><REACH who="0" step="1"/><D47/><REACH who="0" ten="409,149,211,221" step="2"/><U16/><E114/><V87/><F3/><W19/><G46/><T69/><D69/><U31/><E58/><V29/><F57/><W39/><G70/><T61/><D61/><U122/><E122/><V116/><F63/><W51/><G5/><T126/><D126/><U68/><E68/><V59/><F116/><W37/><G7/><T32/><D32/><U76/><E45/><V4/><F4/><W26/><G73/><T74/><D74/><U121/><E121/><V20/><F59/><W60/><G1/><T12/><D12/><U23/><E106/><V14/><F34/><W98/><G60/><T54/><D54/><U112/><E112/><V124/><F124/><W15/><G72/><T113/><D113/><U52/><E42/><V111/><F111/><W22/><G15/><T105/><D105/><U0/><E0/><V118/><F118/><W92/><G53/><T81/><D81/><U77/><E31/><AGARI ba="1,1" hai="24,31,33,40,43,56,62,64,79,82,84,94,97,100" machi="31" ten="40,12000,1" yaku="1,1,52,1,53,2" doraHai="21" doraHaiUra="38" who="0" fromWho="1" sc="409,133,149,-123,211,0,221,0" /><INIT seed="4,2,0,5,3,5" ten="542,26,211,221" oya="0" hai0="38,70,98,42,59,10,56,91,134,18,104,48,2" hai1="53,52,44,126,50,79,58,80,107,24,36,87,81" hai2="129,46,4,94,106,130,35,76,12,71,73,49,102" hai3="117,66,121,17,100,132,11,90,92,131,31,93,30"/><T47/><D70/><U61/><E107/><V83/><F71/><W45/><G117/><T85/><D134/><U28/><E126/><V20/><F35/><W39/><G132/><T89/><D38/><U97/><E36/><V37/><F106/><W84/><G66/><T68/><D68/><U13/><E97/><V3/><F102/><W111/><G111/><T67/><D104/><U75/><E13/><V115/><F94/><W109/><G109/><T29/><D29/><U101/><E101/><V0/><F115/><W133/><G133/><T25/><D67/><U60/><E60/><V95/><F95/><W64/><G64/><T124/><D124/><U135/><E135/><V118/><F118/><W110/><G110/><T119/><D119/><U33/><REACH who="1" step="1"/><E81/><REACH who="1" ten="542,16,211,221" step="2"/><V1/><F37/><W6/><G100/><T72/><D72/><AGARI ba="2,1" hai="24,28,33,44,50,52,53,58,61,72,75,79,80,87" machi="72" ten="40,5200,0" yaku="1,1,2,1,54,1,53,0" doraHai="5" doraHaiUra="120" who="1" fromWho="0" sc="542,-58,16,68,211,0,221,0" /><INIT seed="5,0,0,1,4,74" ten="484,84,211,221" oya="1" hai0="75,17,50,60,8,128,115,120,81,122,65,7,47" hai1="131,52,130,32,14,129,45,6,33,103,108,84,38" hai2="9,58,22,44,51,80,99,110,36,34,29,132,85" hai3="92,117,63,97,54,94,79,127,18,53,73,134,61"/><U43/><E103/><V104/><F110/><W26/><G117/><T64/><D17/><U55/><E108/><V107/><F34/><N who="1" m="13417" /><E84/><V69/><F69/><W121/><G121/><T68/><D128/><N who="1" m="32771" /><U30/><DORA hai="114" /><E30/><V10/><F132/><W72/><G134/><T101/><D115/><U123/><E123/><V111/><F111/><W31/><G97/><T56/><D8/><AGARI ba="0,0" hai="6,8,14,38,43,45,52,55" m="32771,13417" machi="8" ten="50,4800,0" yaku="19,1,54,1" doraHai="74,114" who="1" fromWho="0" sc="484,-48,84,48,211,0,221,0" /><INIT seed="5,1,0,3,3,44" ten="436,132,211,221" oya="1" hai0="73,69,36,52,49,130,5,93,3,10,107,11,18" hai1="64,47,42,58,77,41,123,92,105,79,13,109,114" hai2="128,46,97,7,56,135,120,126,101,66,119,40,39" hai3="103,50,16,60,113,100,21,90,62,108,53,125,23"/><U88/><E105/><V111/><F111/><W54/><G108/><T129/><D107/><U0/><E0/><V112/><F119/><W74/><G74/><T115/><D69/><U43/><E123/><V26/><F120/><W34/><G113/><T59/><D115/><U71/><E114/><V28/><F112/><W104/><G34/><T57/><D73/><U65/><E109/><V35/><F128/><N who="0" m="49258" /><D36/><U30/><E71/><V99/><F135/><W124/><G104/><T38/><D38/><U9/><E30/><V68/><F126/><N who="3" m="48747" /><G90/><T134/><D134/><U78/><E47/><V6/><F56/><N who="3" m="34831" /><G62/><T83/><D83/><U72/><E58/><V24/><F99/><W12/><G23/><T55/><D93/><U45/><E45/><AGARI ba="1,0" hai="12,16,21,45,50,54,100,103" m="34831,48747" machi="45" ten="30,3900,0" yaku="18,1,52,1,54,1" doraHai="44" who="3" fromWho="1" sc="436,0,132,-42,211,0,221,42" /><INIT seed="6,0,0,4,0,16" ten="436,90,211,263" oya="2" hai0="60,21,134,57,11,105,131,116,19,35,117,50,95" hai1="80,86,70,10,73,40,110,82,37,26,43,42,62" hai2="124,114,125,118,83,90,64,63,48,121,58,24,89" hai3="112,103,3,133,92,59,56,126,109,25,115,91,61"/><V128/><F118/><W93/><G109/><T41/><D105/><U23/><E110/><V97/><F121/><W27/><G3/><T94/><D35/><U111/><E111/><V69/><F128/><W4/><G4/><T127/><D131/><U122/><E122/><V81/><F114/><N who="3" m="43563" /><G133/><T32/><D134/><U9/><E37/><V1/><F1/><W8/><G8/><T100/><D32/><U77/><E62/><V68/><F24/><W108/><G108/><T123/><D127/><N who="2" m="48714" /><F48/><W53/><G126/><T107/><D11/><U46/><E70/><N who="2" m="27243" /><F97/><N who="3" m="59815" /><G59/><T29/><D123/><U119/><E46/><V71/><F71/><W102/><G102/><T98/><D57/><U113/><E119/><V39/><F39/><W7/><G7/><T44/><D100/><U54/><E54/><V120/><F120/><W96/><AGARI ba="0,0" hai="25,27,53,56,61,91,93,96" m="59815,43563" machi="96" ten="30,2000,0" yaku="15,1,11,1" doraHai="16" who="3" fromWho="3" sc="436,-5,90,-5,211,-10,263,20" /><INIT seed="7,0,0,1,5,77" ten="431,85,201,283" oya="3" hai0="72,82,113,31,134,52,41,84,81,29,95,16,20" hai1="73,58,132,100,0,133,92,102,15,22,6,28,99" hai2="5,80,3,53,78,120,37,21,112,110,98,116,10" hai3="42,44,30,74,64,69,11,63,76,32,105,96,94"/><W101/><G94/><T9/><D72/><U124/><E0/><V111/><F116/><W122/><G122/><T131/><D134/><U36/><E36/><V114/><F120/><W128/><G11/><T49/><D131/><U24/><E124/><V127/><F127/><W83/><G128/><T115/><D41/><U103/><E73/><N who="2" m="43087" /><F53/><W86/><G86/><T87/><D9/><U61/><E133/><V46/><F21/><W66/><G66/><T40/><D40/><U130/><E130/><V14/><F14/><W68/><G68/><T71/><D71/><U97/><E132/><V1/><F98/><W33/><REACH who="3" step="1"/><G30/><REACH who="3" ten="431,85,201,273" step="2"/><N who="0" m="11275" /><D95/><U125/><E125/><V107/><F3/><W79/><G79/><T26/><D87/><U88/><E6/><V12/><F10/><W67/><G67/><T123/><D123/><U85/><REACH who="1" step="1"/><E15/><REACH who="1" ten="431,75,201,273" step="2"/><V48/><F12/><W117/><G117/><T38/><D82/><U56/><E56/><V75/><F5/><W62/><G62/><T129/><D81/><U89/><E89/><V106/><F1/><W70/><G70/><T13/><D129/><U57/><E57/><V135/><F135/><W93/><G93/><T59/><D13/><U25/><E25/><V4/><F4/><W2/><G2/><T19/><D84/><U17/><E17/><V65/><F75/><W18/><G18/><T50/><D19/><U51/><E51/><AGARI ba="0,2" hai="32,33,42,44,51,63,64,69,74,76,83,96,101,105" machi="51" ten="30,5800,0" yaku="1,1,7,1,52,1,53,0" doraHai="77" doraHaiUra="27" who="3" fromWho="1" sc="431,0,75,-58,201,0,273,78" /><INIT seed="7,1,0,2,3,8" ten="431,17,201,351" oya="3" hai0="11,127,20,116,77,63,62,51,97,106,10,134,12" hai1="73,108,119,94,3,15,48,40,13,81,69,103,128" hai2="123,27,68,53,46,107,14,80,125,89,79,42,57" hai3="96,39,34,101,61,111,58,70,132,78,41,0,86"/><W102/><G0/><T105/><D116/><U37/><E48/><V72/><F125/><W26/><G111/><T66/><D127/><U126/><E40/><V50/><F123/><W22/><G132/><T29/><D134/><U95/><E94/><V74/><F107/><W16/><G70/><T131/><D131/><U44/><E81/><V35/><F35/><W88/><G34/><T33/><D77/><U32/><E44/><V100/><F27/><W114/><G114/><T135/><D135/><U6/><E95/><V91/><F100/><W24/><G41/><T30/><D62/><U7/><E103/><N who="3" m="39434" /><G39/><T85/><D97/><U98/><E98/><V28/><F28/><W67/><G96/><T18/><D85/><U59/><E59/><V133/><F74/><W60/><G60/><T82/><D106/><U76/><E76/><V124/><F133/><W9/><G9/><T120/><D105/><U83/><E83/><V99/><F99/><W23/><G78/><T113/><D120/><U56/><E56/><V54/><F124/><W121/><G121/><T43/><D33/><U110/><E37/><V47/><F68/><W17/><G86/><T36/><D36/><U92/><E69/><V1/><F1/><W65/><G65/><T45/><D66/><U117/><E92/><V104/><F104/><W109/><G109/><T75/><D82/><U38/><E38/><N who="2" m="21847" /><F91/><AGARI ba="1,0" hai="16,17,22,23,24,26,58,61,67,88,91" m="39434" machi="91" ten="30,5800,0" yaku="8,1,54,2" doraHai="8" who="3" fromWho="2" sc="431,0,17,0,201,-61,351,61" /><INIT seed="7,2,0,2,2,114" ten="431,17,140,412" oya="3" hai0="35,38,34,89,94,65,31,55,83,66,132,124,1" hai1="113,36,107,7,101,58,24,26,62,4,46,29,87" hai2="133,131,116,79,84,88,42,22,80,75,37,109,67" hai3="10,30,0,5,93,96,28,128,111,57,69,12,50"/><W106/><G69/><T11/><D38/><U100/><E107/><V15/><F116/><W103/><G128/><T18/><D83/><U102/><E36/><V120/><F109/><W13/><G111/><T54/><D1/><U76/><E113/><V56/><F131/><W121/><G121/><T20/><D132/><U40/><E40/><V91/><F133/><W117/><G106/><T126/><D11/><U81/><E46/><V82/><F120/><W8/><G117/><T119/><D119/><U27/><E29/><V99/><F67/><N who="0" m="25610" /><D55/><U33/><E33/><V23/><F56/><W118/><G118/><T44/><D54/><U70/><E70/><V2/><F15/><W52/><G0/><T122/><D44/><U71/><E71/><V90/><F2/><W14/><G14/><N who="0" m="9303" /><D122/><U51/><E51/><V47/><F90/><W134/><G134/><T9/><D9/><U6/><REACH who="1" step="1"/><E58/><REACH who="1" ten="431,7,140,412" step="2"/><V73/><F37/><W41/><G41/><T95/><D31/><U130/><E130/><V48/><F42/><W45/><G45/><T32/><D89/><U98/><E98/><V115/><F48/><W135/><G135/><T125/><AGARI ba="2,1" hai="32,34,35,94,95,124,125,126" m="9303,25610" machi="125" ten="40,1500,0" yaku="18,1" doraHai="114" who="0" fromWho="0" sc="431,31,7,-6,140,-6,412,-9" owari="462,57.0,1,-50.0,134,-27.0,403,20.0" /></mjloggm>