<mjloggm ver="2.3"><GO type="169" lobby="0"/><UN n0="%E3%83%8E%E3%83%96%E3%82%AD" n1="%E7%89%8C%E6%B5%81%E5%AE%9A%E7%9F%B3%E6%9C%80%E9%AB%98" n2="%E3%82%A6%E3%83%AB%E3%83%88%E3%83%A9%E7%AB%8B%E7%9B%B4" n3="%E3%81%8D%E3%81%A4%E3%83%BC%E3%81%AD" dan="16,16,18,17" rate="2105.64,2159.58,2220.01,2198.84" sx="M,F,M,M"/><TAIKYOKU oya="0"/><INIT seed="0,0,0,0,1,123" ten="250,250,250,250" oya="0" hai0="44,114,54,75,51,84,91,57,15,2,121,92,89" hai1="74,56,90,9,104,80,41,93,71,102,85,27,115" hai2="82,17,55,60,48,66,133,120,131,25,113,94,108" hai3="79,124,109,1,10,99,35,61,19,64,127,73,0"/><T34/><D2/><U4/><E71/><V23/><F120/><W110/><G35/><T70/><D121/><U42/><E115/><V6/><F113/><W22/><G99/><T132/><D114/><U100/><E56/><V59/><F131/><W53/><G53/><T134/><D75/><U87/><E27/><V30/><F133/><N who="0" m="51306" /><D70/><U32/><E32/><V65/><F6/><N who="3" m="1351" /><G1/><T46/><D34/><U45/><E74/><V130/><F130/><W33/><G33/><T12/><D91/><U62/><E62/><V76/><F94/><W49/><G49/><N who="0" m="28983" /><D57/><U118/><E104/><V7/><F59/><N who="3" m="36927" /><G79/><T13/><D12/><U117/><E102/><V39/><F76/><W103/><G103/><T86/><D84/><U129/><E129/><V18/><F48/><W38/><G38/><T40/><AGARI ba="0,0" hai="13,15,40,44,51,86,89,92" m="28983,51306" machi="40" ten="30,1500,0" yaku="20,1" doraHai="123" who="0" fromWho="0" sc="250,15,250,-5,250,-5,250,-5" /><INIT seed="0,1,0,3,4,6" ten="265,245,245,245" oya="0" hai0="56,113,105,0,114,87,19,30,52,25,22,103,77" hai1="71,96,123,101,68,26,50,13,40,110,83,91,9" hai2="3,120,24,36,2,80,81,17,107,34,72,45,29" hai3="53,88,100,82,111,7,132,90,133,99,84,131,134"/><T75/><D0/><U46/><E110/><V23/><F120/><W89/><G111/><T94/><D75/><U1/><E1/><V16/><F107/><N who="3" m="63903" /><G7/><T64/><D105/><U121/><E26/><V130/><F130/><W106/><G53/><T66/><D113/><U59/><E59/><V70/><F70/><W95/><G131/><T65/><D114/><U43/><E43/><V14/><F81/><W51/><G51/><T18/><D77/><U10/><E123/><V54/><F80/><W60/><G60/><T38/><D38/><U116/><E116/><V57/><F72/><W62/><G62/><T125/><D125/><U15/><E71/><V28/><F28/><W104/><G95/><T117/><D117/><U33/><E33/><V127/><F127/><W27/><G27/><T11/><D11/><N who="1" m="4107" /><E68/><V41/><REACH who="2" step="1"/><F17/><REACH who="2" ten="265,245,235,245" step="2"/><W37/><G37/><T135/><D19/><U31/><E31/><V122/><F122/><W98/><G98/><T67/><D18/><U76/><E121/><V97/><F97/><W8/><G8/><T126/><D126/><U109/><E109/><V44/><F44/><W85/><G85/><T42/><D87/><N who="1" m="50687" /><E76/><AGARI ba="1,1" hai="76,82,84,88,89,90,104,106,132,133,134" m="63903" machi="76" ten="40,8000,1" yaku="20,1,34,2,54,1" doraHai="6" who="3" fromWho="1" sc="265,0,245,-83,235,0,245,93" /><INIT seed="1,0,0,2,5,28" ten="265,162,235,338" oya="1" hai0="102,132,103,127,65,89,5,23,57,21,78,7,41" hai1="131,6,73,12,58,15,9,94,61,125,135,63,34" hai2="104,1,11,59,84,99,30,35,18,46,134,45,32" hai3="39,98,120,2,74,29,123,47,112,80,130,22,51"/><U97/><E73/><V95/><F104/><W121/><G112/><T91/><D41/><U128/><E125/><V3/><F134/><W20/><G2/><T92/><D132/><U133/><E94/><V37/><F84/><W126/><G39/><T105/><D105/><U77/><E77/><V124/><F124/><W8/><G8/><T100/><D127/><U19/><E97/><V14/><F59/><W67/><G67/><T60/><D78/><U16/><E58/><V66/><F66/><W82/><G130/><N who="1" m="49706" /><E63/><V25/><F35/><W106/><G126/><T114/><D114/><U49/><E49/><V122/><F122/><W108/><G74/><T107/><D107/><U53/><E53/><V52/><F37/><W119/><G119/><T116/><D116/><U56/><E34/><V50/><REACH who="2" step="1"/><F46/><REACH who="2" ten="265,162,225,338" step="2"/><W27/><G47/><T109/><D57/><U96/><E96/><V81/><F81/><W86/><G82/><T115/><D65/><N who="1" m="39079" /><E6/><V69/><F69/><W40/><G98/><T48/><D7/><U68/><E68/><V13/><F13/><W0/><G121/><T38/><D5/><U75/><E75/><V83/><F83/><W118/><G80/><T42/><D38/><U129/><E129/><V101/><AGARI ba="0,1" hai="1,3,11,14,18,25,30,32,45,50,52,95,99,101" machi="101" ten="20,8000,1" yaku="1,1,0,1,7,1,52,1,54,1,53,0" doraHai="28" doraHaiUra="64" who="2" fromWho="2" sc="265,-20,162,-40,225,90,338,-20" /><INIT seed="2,0,0,5,5,124" ten="245,122,315,318" oya="2" hai0="4,15,63,69,5,102,90,99,59,83,109,86,49" hai1="132,24,44,61,6,91,135,17,37,8,71,62,73" hai2="46,110,130,101,121,95,81,64,116,92,107,36,21" hai3="53,80,127,97,58,105,55,75,57,25,76,106,22"/><V112/><F64/><W88/><G127/><T54/><D109/><U84/><E73/><V79/><F21/><W27/><G27/><T131/><D131/><U16/><E44/><V10/><F10/><W66/><G66/><T118/><D118/><U50/><E50/><V89/><F46/><W82/><G97/><T113/><D113/><U43/><E43/><V19/><F19/><N who="1" m="7241" /><E24/><V33/><F36/><W12/><G12/><T125/><D125/><U14/><E71/><V29/><F29/><W51/><G82/><T13/><D69/><U39/><E39/><V103/><F33/><W18/><REACH who="3" step="1"/><G88/><REACH who="3" ten="245,122,315,308" step="2"/><T23/><D99/><U77/><E77/><V123/><F89/><W47/><G47/><T122/><D15/><U111/><E111/><V94/><F110/><W98/><G98/><T26/><D13/><U100/><E100/><V67/><F103/><W52/><G52/><N who="0" m="34279" /><D102/><U41/><E37/><V2/><F67/><W11/><G11/><T133/><D90/><U129/><E41/><V104/><F101/><W96/><G96/><T60/><D83/><U42/><E42/><V72/><F81/><W20/><G20/><T3/><D23/><U93/><E14/><V1/><F95/><W78/><G78/><T120/><D26/><U74/><E8/><V7/><F79/><W35/><G35/><T45/><D45/><U128/><E91/><V134/><F94/><W115/><G115/><T31/><D122/><U40/><E93/><V0/><F92/><W28/><G28/><T38/><D120/><N who="2" m="46154" /><F112/><W117/><G117/><T70/><D31/><U48/><E40/><RYUUKYOKU ba="0,1" sc="245,-10,122,-10,315,-10,308,30" hai3="18,22,25,51,53,55,57,58,75,76,80,105,106" /><INIT seed="3,1,1,3,1,49" ten="235,112,305,338" oya="3" hai0="121,88,42,64,96,91,33,73,113,8,10,50,128" hai1="78,26,12,90,86,129,9,57,29,34,87,114,71" hai2="125,118,117,79,25,70,124,47,61,82,75,45,98" hai3="130,105,77,122,41,2,22,131,16,6,103,84,56"/><W3/><G122/><T40/><D121/><U132/><E71/><V68/><F25/><W38/><G41/><T52/><D73/><U127/><E114/><V17/><F17/><W32/><G32/><T92/><D33/><U62/><E127/><N who="2" m="48715" /><F98/><N who="3" m="61687" /><G56/><N who="0" m="32791" /><D128/><N who="3" m="49193" /><G38/><T15/><D113/><U102/><E102/><V119/><F70/><W133/><G6/><N who="0" m="3479" /><D64/><AGARI ba="1,1" hai="45,47,61,64,68,75,79,82,117,118,119" m="48715" machi="64" ten="40,1300,0" yaku="18,1" doraHai="49" who="2" fromWho="0" sc="235,-16,112,0,305,26,338,0" /><INIT seed="4,0,0,3,0,61" ten="219,112,331,338" oya="0" hai0="26,1,53,38,5,29,31,111,91,109,127,110,93" hai1="30,124,18,98,44,133,75,0,39,113,24,122,9" hai2="120,83,23,103,10,52,79,129,115,116,69,16,134" hai3="72,114,64,71,88,49,84,12,60,123,99,90,57"/><T37/><D127/><U119/><E98/><V89/><F69/><W15/><G72/><T104/><D104/><U70/><E18/><V76/><F120/><W7/><G123/><T81/><D81/><U35/><E24/><V131/><F103/><W28/><G28/><T63/><D5/><U106/><E44/><V117/><F10/><W132/><G114/><T34/><D1/><U8/><E30/><V96/><F115/><W92/><G7/><T2/><D2/><U21/><E21/><V4/><F4/><W95/><G132/><T55/><D31/><U33/><E9/><V59/><F134/><W19/><G19/><T25/><D25/><U11/><E11/><V121/><F121/><W108/><G108/><T77/><D77/><N who="2" m="29770" /><F96/><W126/><G126/><T51/><D63/><U14/><E14/><N who="3" m="5162" /><G71/><T107/><D107/><U46/><E8/><V66/><F23/><W118/><G118/><N who="2" m="45673" /><F16/><W86/><G49/><T36/><REACH who="0" step="1"/><D51/><REACH who="0" ten="209,112,331,338" step="2"/><U13/><E13/><V135/><F135/><W80/><G80/><T65/><D65/><U85/><E0/><V74/><F66/><W102/><G95/><T78/><D78/><U32/><E106/><V58/><F74/><W54/><G64/><T41/><D41/><U48/><E75/><V94/><F83/><W73/><G73/><T22/><D22/><U56/><E133/><V27/><F27/><W62/><G62/><T3/><D3/><U112/><E32/><V105/><F105/><W130/><G60/><T47/><D47/><U42/><E33/><V82/><F82/><W87/><G92/><T128/><D128/><RYUUKYOKU ba="0,1" sc="209,30,112,-10,331,-10,338,-10" hai0="26,29,34,36,37,38,53,55,91,93,109,110,111" /><INIT seed="4,1,1,4,2,83" ten="239,102,321,328" oya="0" hai0="2,113,4,3,65,12,125,54,114,62,71,66,20" hai1="102,84,77,37,9,39,28,111,42,34,58,38,46" hai2="98,40,59,123,94,86,21,108,63,57,130,56,92" hai3="88,116,132,99,122,110,29,51,106,91,76,119,18"/><T24/><D125/><U121/><E111/><V135/><F108/><W100/><G29/><T89/><D66/><U129/><E121/><V35/><F35/><W17/><G110/><T128/><D128/><U27/><E129/><V49/><F123/><W115/><G122/><T79/><D79/><U75/><E75/><V118/><F135/><W90/><G132/><T47/><D89/><U126/><E102/><V124/><F124/><W80/><G51/><N who="0" m="29055" /><D12/><U6/><E58/><V60/><F118/><N who="3" m="45099" /><G18/><N who="0" m="12311" /><D4/><U50/><E126/><V53/><F130/><W104/><G17/><T101/><D101/><U55/><E55/><V45/><F53/><W67/><G67/><T36/><D36/><U11/><REACH who="1" step="1"/><E6/><REACH who="1" ten="239,92,321,328" step="2"/><V43/><F59/><W41/><G41/><T95/><D95/><U7/><E7/><V13/><F57/><W16/><G100/><T82/><D82/><AGARI ba="1,2" hai="9,11,27,28,34,37,38,39,42,46,50,77,82,84" machi="82" ten="40,2600,0" yaku="1,1,52,1,53,0" doraHai="83" doraHaiUra="96" who="1" fromWho="0" sc="239,-29,92,49,321,0,328,0" /><INIT seed="5,0,0,2,0,88" ten="210,141,321,328" oya="1" hai0="79,123,62,133,68,5,55,9,61,86,82,13,84" hai1="46,129,37,92,26,93,35,51,43,19,134,94,95" hai2="15,23,34,127,44,96,128,107,12,60,130,7,32" hai3="75,71,33,98,54,100,112,121,102,11,48,85,91"/><U29/><E134/><V21/><F44/><W77/><G71/><T126/><D133/><U52/><N who="1" m="23552" /><DORA hai="50" /><U17/><REACH who="1" step="1"/><E129/><REACH who="1" ten="210,131,321,328" step="2"/><V42/><F130/><W0/><G121/><T38/><D123/><U110/><E110/><V6/><F128/><W108/><G108/><T104/><D104/><U24/><E24/><V80/><F107/><W135/><G135/><T22/><D126/><U27/><E27/><V63/><F127/><W56/><G102/><T115/><D115/><U31/><E31/><V125/><F125/><W59/><G112/><T90/><D62/><U66/><E66/><V117/><F63/><W119/><G100/><T97/><D61/><U105/><E105/><V58/><F60/><W53/><G119/><T111/><D111/><U2/><E2/><V124/><F117/><W113/><G0/><T49/><D68/><U70/><E70/><V18/><F124/><W3/><G3/><T47/><D97/><U76/><E76/><V39/><F96/><W4/><G98/><T14/><D79/><U30/><E30/><V78/><F78/><W122/><G77/><T72/><D72/><U83/><E83/><V67/><F80/><W81/><G75/><T1/><D1/><U114/><E114/><V99/><F99/><W45/><G113/><T74/><D74/><U69/><E69/><V103/><F103/><W40/><G122/><T20/><D82/><U64/><E64/><V57/><F67/><W118/><G118/><T73/><D73/><U10/><E10/><V116/><F116/><W36/><G11/><T132/><D9/><U65/><E65/><RYUUKYOKU ba="0,1" sc="210,-10,131,30,321,-10,328,-10" hai1="17,19,26,29,35,37,43,46,51,52" /><INIT seed="5,1,1,0,4,131" ten="200,161,311,318" oya="1" hai0="109,53,33,34,6,87,16,129,38,45,23,79,78" hai1="84,102,111,52,47,63,132,54,127,31,83,74,21" hai2="18,117,93,41,36,44,48,103,97,73,130,82,49" hai3="51,68,118,43,58,81,133,24,105,11,71,92,126"/><U115/><E115/><V5/><F117/><W42/><G105/><T91/><D109/><U125/><E111/><V26/><F130/><W61/><G118/><T56/><D129/><U96/><E74/><V106/><F18/><W89/><G81/><T69/><D69/><U59/><E132/><V25/><F25/><W128/><G128/><T70/><D70/><U50/><E31/><V1/><F26/><W27/><G133/><T19/><D6/><U0/><E0/><V134/><F134/><W100/><G100/><T32/><D45/><U85/><E21/><V15/><F15/><W101/><G101/><T46/><D46/><U80/><E80/><V35/><F93/><W77/><G77/><T123/><D38/><U13/><E13/><V3/><F35/><W107/><G107/><T95/><D123/><U57/><E47/><V8/><F1/><W14/><G27/><T99/><D99/><U9/><E9/><V66/><F66/><W75/><G24/><T76/><REACH who="0" step="1"/><D23/><REACH who="0" ten="190,161,311,318" step="2"/><U60/><E50/><AGARI ba="1,2" hai="16,19,32,33,34,50,53,56,76,78,79,87,91,95" machi="50" ten="50,12000,2" yaku="1,1,2,1,54,1,53,3" doraHai="131" doraHaiUra="30" who="0" fromWho="1" sc="190,143,161,-123,311,0,318,0" /><INIT seed="6,0,0,3,2,52" ten="333,38,311,318" oya="2" hai0="20,0,26,29,116,133,109,75,17,113,135,104,124" hai1="16,65,2,43,40,6,132,3,18,59,36,78,28" hai2="48,72,99,94,46,63,19,49,128,32,57,44,76" hai3="119,98,67,4,123,125,8,13,121,11,131,7,114"/><V83/><F32/><W122/><G67/><T39/><D75/><U102/><E78/><V42/><F128/><W37/><G37/><T22/><D104/><U69/><E102/><V23/><F46/><W58/><G119/><T71/><D71/><U96/><E96/><V24/><F42/><W85/><G98/><T108/><D39/><U12/><E69/><V1/><F1/><W127/><G85/><T73/><D73/><U111/><E36/><V77/><F44/><W45/><G45/><T53/><D53/><U54/><E65/><V107/><F77/><W61/><G114/><T38/><D38/><U70/><E70/><V90/><REACH who="2" step="1"/><F107/><REACH who="2" ten="333,38,301,318" step="2"/><W15/><G131/><T92/><D0/><U27/><E3/><V31/><F31/><W88/><G123/><T30/><D29/><U118/><E2/><V9/><F9/><W81/><G122/><T87/><D30/><U130/><E130/><V120/><F120/><W115/><G121/><T79/><D79/><U97/><E118/><V33/><F33/><W134/><G115/><T47/><D116/><U126/><E43/><V74/><F74/><W66/><G127/><T55/><D47/><U41/><E126/><V64/><AGARI ba="0,1" hai="19,23,24,48,49,57,63,64,72,76,83,90,94,99" machi="64" ten="20,7800,0" yaku="1,1,0,1,7,1,52,1,53,0" doraHai="52" doraHaiUra="35" who="2" fromWho="2" sc="333,-26,38,-26,301,88,318,-26" /><INIT seed="6,1,0,2,1,33" ten="307,12,389,292" oya="2" hai0="63,41,27,105,30,117,17,47,69,43,51,129,16" hai1="56,31,87,102,49,89,73,5,113,0,132,29,62" hai2="79,72,66,107,86,20,34,42,23,19,53,126,18" hai3="95,127,50,125,88,12,81,74,32,7,135,9,130"/><V115/><F72/><W82/><G32/><T90/><D129/><U59/><E73/><V10/><F107/><W116/><G116/><T39/><D117/><U71/><E71/><V24/><F66/><W111/><G111/><T112/><D112/><U85/><E102/><V133/><F42/><W64/><G130/><T52/><D105/><U106/><E106/><V11/><F34/><W13/><G64/><T40/><D39/><U114/><E49/><V1/><F1/><W121/><G121/><T103/><D103/><U122/><E5/><V100/><F100/><W67/><G67/><T57/><D90/><U75/><E132/><V38/><F38/><W60/><G60/><T55/><REACH who="0" step="1"/><D69/><REACH who="0" ten="297,12,389,292" step="2"/><U120/><E89/><V68/><F68/><W46/><G135/><T92/><D92/><U119/><E119/><V61/><F133/><W101/><G101/><T118/><D118/><U65/><E75/><V28/><F115/><W37/><G37/><T84/><D84/><U8/><E65/><V91/><F91/><W93/><G93/><T58/><D58/><U48/><E8/><V128/><F10/><W76/><G82/><T110/><D110/><U4/><E4/><V80/><F11/><W99/><REACH who="3" step="1"/><G12/><REACH who="3" ten="297,12,389,282" step="2"/><T25/><D25/><U108/><E108/><V131/><F24/><W134/><G134/><T14/><D14/><U97/><E62/><V98/><F61/><W104/><G104/><T26/><D26/><U124/><E124/><V96/><F126/><W22/><G22/><AGARI ba="1,2" hai="16,17,22,27,30,40,41,43,47,51,52,55,57,63" machi="22" ten="40,8000,1" yaku="1,1,8,1,54,2,53,1" doraHai="33" doraHaiUra="44" who="0" fromWho="3" sc="297,103,12,0,389,0,282,-83" /><INIT seed="7,0,0,3,4,120" ten="400,12,389,199" oya="3" hai0="95,133,77,46,42,66,22,31,15,100,114,44,21" hai1="101,83,47,126,119,75,5,24,73,52,105,8,131" hai2="113,82,121,45,30,12,76,39,103,65,91,16,50" hai3="56,81,7,122,111,58,25,64,71,27,125,102,17"/><W112/><G122/><T63/><D133/><U20/><E126/><V49/><F121/><W96/><G125/><T107/><D107/><U85/><E131/><V4/><F4/><W124/><G124/><T1/><D1/><U59/><E75/><V6/><F6/><W132/><G132/><T78/><D114/><U92/><E119/><V87/><F113/><W109/><G112/><T3/><D3/><U48/><E105/><V37/><F103/><W28/><G7/><T19/><D78/><U33/><E33/><V62/><F30/><W41/><G41/><T110/><D77/><U89/><E73/><V57/><F76/><W94/><G81/><T13/><D110/><N who="3" m="41993" /><G17/><T61/><D19/><U134/><E134/><V29/><F29/><W18/><G18/><T104/><D31/><U74/><E74/><V54/><F49/><W34/><G27/><T108/><D108/><U93/><E101/><V43/><F43/><W67/><G71/><T14/><D42/><U9/><E9/><AGARI ba="0,0" hai="9,12,16,37,39,45,50,54,57,62,65,82,87,91" machi="9" ten="30,7700,0" yaku="7,1,25,2,54,1" doraHai="120" who="2" fromWho="1" sc="400,0,12,-77,389,77,199,0" owari="400,20.0,-65,-57.0,466,57.0,199,-20.0" /></mjloggm>