<mjloggm ver="2.3"><GO type="169" lobby="0"/><UN n0="%E3%80%93%E4%B9%9D%E6%9D%A1%E3%82%AB%E3%83%AC%E3%83%B3%E3%80%93" n1="%40%7A%61%6B%75%72%6F%40" n2="%E3%81%95%E3%82%80%E3%82%89%E3%81%8B%E3%82%8F%E3%81%A1%E3%81%AE%E7%A5%9E" n3="%E3%82%A6%E3%83%AB%E3%83%88%E3%83%A9%E7%AB%8B%E7%9B%B4" dan="18,16,16,18" rate="2207.89,2120.18,2146.92,2217.79" sx="F,M,M,M"/><TAIKYOKU oya="0"/><INIT seed="0,0,0,3,5,16" ten="250,250,250,250" oya="0" hai0="101,13,106,103,93,73,57,96,111,26,68,6,49" hai1="105,104,60,133,135,46,12,20,122,39,112,21,123" hai2="61,81,47,4,76,126,10,15,110,59,5,48,36" hai3="90,51,37,34,114,19,3,72,129,91,29,125,98"/><T44/><D68/><U35/><E35/><V25/><F110/><W30/><G51/><T32/><D73/><U102/><E102/><V113/><F36/><W56/><G19/><T24/><D111/><U92/><E12/><V50/><F126/><W95/><G56/><T134/><D134/><N who="1" m="51211" /><E60/><V120/><F113/><W9/><G34/><T87/><D57/><U7/><E7/><V8/><F120/><N who="1" m="46121" /><E92/><V94/><F94/><W58/><G95/><T124/><D124/><U128/><E128/><V127/><F127/><W88/><G129/><T99/><D32/><U23/><E112/><V85/><F25/><W119/><G114/><T115/><D115/><U130/><E130/><V0/><REACH who="2" step="1"/><F47/><REACH who="2" ten="250,250,240,250" step="2"/><W41/><G125/><T69/><D26/><U22/><N who="1" m="5120" /><DORA hai="2" /><U62/><E62/><V1/><F1/><W132/><G3/><T108/><D24/><U27/><E27/><V117/><F117/><W78/><G119/><T64/><D108/><U52/><E39/><V67/><AGARI ba="0,1" hai="0,4,5,8,10,15,48,50,59,61,67,76,81,85" machi="67" ten="20,8000,1" yaku="1,1,0,1,7,1,52,2,53,0" doraHai="16,2" doraHaiUra="66,84" who="2" fromWho="2" sc="250,-40,250,-20,240,90,250,-20" /><INIT seed="1,0,0,5,4,19" ten="210,230,330,230" oya="1" hai0="75,59,105,22,66,90,124,77,56,103,41,10,110" hai1="96,36,31,128,114,86,32,61,120,40,7,126,27" hai2="99,107,43,79,39,134,18,13,55,82,1,15,4" hai3="135,88,23,45,109,25,67,2,95,0,21,38,57"/><U104/><E120/><V85/><F134/><W111/><G135/><T133/><D133/><U116/><E114/><V101/><F1/><W74/><G74/><T72/><D110/><N who="3" m="41993" /><G0/><T37/><D124/><U24/><E116/><V53/><F39/><W83/><G83/><T5/><D90/><U26/><E128/><V118/><F118/><W47/><G2/><N who="0" m="311" /><D66/><U100/><E126/><V80/><F43/><N who="3" m="22775" /><G47/><N who="0" m="23983" /><D22/><N who="3" m="8201" /><G25/><T113/><D75/><U33/><E27/><V51/><F80/><W14/><G14/><T129/><D129/><U87/><E26/><V73/><F73/><W131/><G131/><T112/><D113/><U98/><E33/><V20/><F15/><W89/><G95/><T35/><D112/><U58/><E24/><V102/><F13/><W93/><G93/><T78/><D35/><U115/><E32/><V17/><F107/><W121/><G121/><T48/><D72/><U106/><E31/><V122/><F82/><W127/><G127/><T50/><D78/><U29/><E29/><V117/><F122/><W81/><G81/><T34/><D77/><U3/><E3/><V28/><F79/><W69/><G69/><T62/><D34/><U63/><E115/><V125/><F125/><W94/><G94/><T130/><D130/><U119/><E119/><V108/><F108/><W52/><G67/><N who="0" m="39367" /><D59/><U68/><E58/><V12/><F12/><W6/><G6/><T76/><D76/><U46/><E7/><V30/><F4/><W60/><AGARI ba="0,0" hai="52,57,60,88,89" m="8201,22775,41993" machi="60" ten="30,12000,2" yaku="14,1,52,3,54,2" doraHai="19" who="3" fromWho="3" sc="210,-30,230,-60,330,-30,230,120" /><INIT seed="2,0,0,2,5,81" ten="180,170,300,350" oya="2" hai0="51,112,0,120,53,13,84,79,101,83,99,61,125" hai1="28,45,69,124,95,105,10,117,115,126,57,98,11" hai2="15,39,44,29,27,68,41,26,122,56,43,16,64" hai3="37,80,123,23,131,49,38,102,40,108,8,94,119"/><V135/><F122/><W70/><G123/><T78/><D112/><U73/><E117/><V7/><F135/><W111/><G70/><T92/><D120/><U114/><E69/><V97/><F68/><W18/><G8/><N who="1" m="3114" /><E73/><V118/><F118/><W59/><G80/><T113/><D113/><U50/><E105/><V30/><F7/><W25/><G131/><T130/><D0/><U35/><E35/><V5/><F5/><W12/><G25/><T106/><D125/><N who="1" m="48235" /><E57/><V9/><F97/><N who="3" m="59703" /><G119/><T19/><D61/><U127/><E28/><V33/><F43/><W31/><G31/><T100/><D100/><N who="1" m="60511" /><E127/><V63/><F30/><W72/><G72/><T4/><D4/><U54/><AGARI ba="0,0" hai="45,50,54,114,115" m="60511,48235,3114" machi="54" ten="30,1100,0" yaku="18,1" doraHai="81" who="1" fromWho="1" sc="180,-3,170,11,300,-5,350,-3" /><INIT seed="3,0,0,3,4,85" ten="177,181,295,347" oya="3" hai0="122,104,35,66,58,92,31,12,48,57,68,107,56" hai1="126,21,60,0,51,87,101,94,121,23,53,67,24" hai2="38,127,42,30,105,52,120,108,91,19,59,110,100" hai3="36,74,117,78,2,6,98,18,5,112,17,96,1"/><W124/><G117/><T84/><D122/><U4/><E126/><V119/><F119/><W50/><G112/><T40/><D35/><U83/><E121/><V106/><F120/><W34/><G34/><T54/><D31/><U82/><E4/><V9/><F127/><W95/><G36/><T11/><D40/><U135/><E0/><V80/><F30/><W22/><G124/><T55/><D68/><U76/><E83/><V125/><F125/><W128/><G128/><T103/><D66/><U129/><E135/><V89/><F42/><W64/><G64/><T90/><D103/><U81/><E81/><V41/><F41/><W27/><G78/><T99/><D99/><U15/><E15/><N who="2" m="7663" /><F38/><W79/><G79/><T109/><D109/><N who="2" m="42090" /><F80/><W77/><G2/><T32/><D32/><U63/><E67/><V62/><F100/><W20/><G1/><T16/><REACH who="0" step="1"/><D58/><REACH who="0" ten="167,181,295,347" step="2"/><U102/><E102/><V65/><F65/><W131/><G131/><T111/><D111/><U116/><E129/><V25/><F25/><W134/><G27/><T132/><D132/><U114/><E116/><V123/><F123/><W10/><G134/><T37/><D37/><U8/><E24/><V75/><F75/><W14/><G74/><T72/><D72/><U26/><E26/><V86/><F86/><W47/><G98/><T7/><D7/><U28/><E28/><V46/><F46/><W88/><G5/><T115/><D115/><U3/><E101/><V113/><F113/><W45/><G45/><T61/><AGARI ba="0,1" hai="11,12,16,48,54,55,56,57,61,84,90,92,104,107" machi="61" ten="20,8000,1" yaku="1,1,0,1,7,1,52,1,54,1,53,0" doraHai="85" doraHaiUra="97" who="0" fromWho="0" sc="167,90,181,-20,295,-20,347,-40" /><INIT seed="4,0,0,5,2,48" ten="257,161,275,307" oya="0" hai0="59,126,52,124,0,108,115,113,91,35,135,6,45" hai1="49,58,100,127,27,120,72,114,76,107,93,17,66" hai2="106,116,11,12,57,18,60,121,5,80,3,123,105" hai3="104,36,88,53,133,118,46,16,84,33,77,74,75"/><T29/><D135/><U111/><E111/><V23/><F116/><W7/><G33/><T69/><D69/><U28/><E120/><V122/><REACH who="2" step="1"/><F80/><REACH who="2" ten="257,161,265,307" step="2"/><W47/><G118/><T22/><D108/><U19/><E127/><V109/><F109/><W128/><G133/><T119/><D119/><U71/><E114/><V64/><AGARI ba="0,1" hai="3,5,11,12,18,23,57,60,64,105,106,121,122,123" machi="64" ten="30,4000,0" yaku="1,1,0,1,53,1" doraHai="48" doraHaiUra="9" who="2" fromWho="2" sc="257,-20,161,-10,265,50,307,-10" /><INIT seed="5,0,0,2,0,85" ten="237,151,315,297" oya="1" hai0="37,66,68,135,1,20,105,112,6,73,55,4,81" hai1="79,0,33,40,12,95,57,125,77,90,119,47,38" hai2="129,54,106,107,46,98,122,100,53,104,97,130,56" hai3="132,127,62,24,51,74,15,93,117,114,16,17,131"/><U83/><E119/><V72/><F72/><W8/><G74/><T91/><D112/><U113/><E125/><V48/><F122/><W134/><G131/><N who="2" m="50185" /><F98/><W116/><G62/><AGARI ba="0,0" hai="46,48,53,54,56,62,97,100,104,106,107" m="50185" machi="62" ten="30,1000,0" yaku="19,1" doraHai="85" who="2" fromWho="3" sc="237,0,151,0,315,10,297,-10" /><INIT seed="6,0,0,0,2,28" ten="237,151,325,287" oya="2" hai0="39,29,89,36,120,116,63,91,131,78,22,38,41" hai1="122,44,70,94,9,90,98,26,113,4,67,53,42" hai2="117,5,76,100,68,47,17,128,133,18,56,60,92" hai3="19,104,72,87,115,7,12,32,11,82,108,106,110"/><V43/><F117/><W21/><G72/><T10/><D120/><U71/><E113/><V121/><F121/><W102/><G115/><T66/><D116/><U75/><E122/><V81/><F68/><W57/><G57/><T103/><D131/><U62/><E75/><V33/><F33/><W129/><G129/><T73/><D41/><U123/><E123/><V35/><F35/><W107/><G102/><T80/><D103/><U40/><E26/><V101/><F5/><W93/><G93/><T79/><D79/><U83/><E83/><V51/><F133/><W130/><G32/><T49/><D49/><U15/><E70/><V119/><F119/><W105/><N who="3" m="26624" /><DORA hai="25" /><W126/><G126/><T27/><REACH who="0" step="1"/><D10/><REACH who="0" ten="227,151,325,287" step="2"/><U50/><AGARI ba="0,1" hai="4,9,15,40,42,44,50,53,62,67,71,90,94,98" machi="50" ten="30,1100,0" yaku="0,1" doraHai="28,25" who="1" fromWho="1" sc="227,-3,151,21,325,-5,287,-3" /><INIT seed="7,0,0,2,1,135" ten="224,172,320,284" oya="3" hai0="20,12,120,97,77,60,66,28,25,24,44,2,52" hai1="92,118,124,1,79,78,57,46,64,126,10,101,34" hai2="73,98,51,58,6,47,45,4,29,125,94,74,50" hai3="95,115,3,112,65,127,102,36,121,16,88,83,48"/><W8/><G36/><T30/><D2/><U111/><E111/><V114/><F125/><N who="1" m="48233" /><E34/><V62/><F114/><W9/><G121/><T15/><D120/><U130/><E130/><V27/><F73/><W116/><G65/><T82/><D97/><N who="1" m="59559" /><E118/><V128/><F74/><W43/><G116/><T21/><D44/><U129/><E129/><V99/><F47/><W107/><G127/><T113/><D113/><U89/><E89/><V14/><F45/><W86/><G88/><T0/><D0/><U38/><E57/><V84/><F58/><W70/><G115/><T69/><D52/><U72/><E72/><AGARI ba="0,0" hai="12,15,20,21,24,25,28,30,60,66,69,72,77,82" machi="72" ten="30,2000,0" yaku="7,1,9,1" doraHai="135" who="0" fromWho="1" sc="224,20,172,-20,320,0,284,0" owari="244,-16.0,152,-35.0,320,43.0,284,8.0" /></mjloggm>