<mjloggm ver="2.3"><GO type="169" lobby="0"/><UN n0="%E3%82%A6%E3%83%AB%E3%83%88%E3%83%A9%E7%AB%8B%E7%9B%B4" n1="%E8%B6%85%E3%82%A4%E3%83%B3%E3%82%BF%E3%83%BC%E3%83%8D%E3%83%83%E3%83%88" n2="%E5%BA%83%E5%B3%B6%E3%81%AE%E7%A8%AE%E9%A6%AC" n3="%E9%8A%80%E8%A1%8C%E5%93%A1" dan="18,18,17,16" rate="2237.35,2202.19,2176.67,2100.34" sx="M,M,M,M"/><TAIKYOKU oya="0"/><INIT seed="0,0,0,3,0,94" ten="250,250,250,250" oya="0" hai0="71,69,72,44,106,99,51,26,73,65,70,79,85" hai1="77,3,78,25,29,90,56,113,74,9,38,129,132" hai2="102,50,4,20,1,30,48,63,42,39,61,58,81" hai3="128,57,36,112,114,18,87,34,19,127,92,98,123"/><T108/><D65/><U75/><E38/><V88/><F39/><W0/><G36/><T96/><D108/><U130/><E132/><V122/><F122/><W91/><G123/><T119/><D119/><U16/><E113/><V126/><F126/><W86/><G127/><T110/><D110/><U33/><E90/><V23/><F102/><W5/><G128/><N who="1" m="49258" /><E56/><V6/><F1/><W62/><G34/><T100/><D26/><U133/><E133/><V13/><F61/><W32/><G32/><T15/><D15/><N who="1" m="7279" /><E3/><V37/><F37/><W80/><G5/><T134/><D134/><U76/><AGARI ba="0,0" hai="25,29,33,74,75,76,77,78" m="7279,49258" machi="76" ten="30,2000,0" yaku="19,1,54,1" doraHai="94" who="1" fromWho="1" sc="250,-10,250,20,250,-5,250,-5" /><INIT seed="1,0,0,1,4,51" ten="240,270,245,245" oya="1" hai0="82,65,48,54,97,7,80,2,73,12,32,126,46" hai1="47,8,59,56,49,86,11,33,109,110,100,25,55" hai2="129,9,24,27,112,14,61,4,77,20,127,57,105" hai3="130,52,42,122,91,128,79,64,17,76,28,116,37"/><U107/><E86/><V81/><F127/><W0/><G0/><T19/><D126/><U117/><E117/><V96/><F129/><N who="3" m="49771" /><G122/><T53/><D32/><U18/><E100/><V40/><F112/><W62/><G28/><T34/><D34/><U134/><E107/><V95/><F105/><W31/><G31/><T131/><D131/><U102/><E102/><V135/><F40/><W87/><G17/><T93/><D65/><U66/><E134/><V78/><F135/><W22/><G22/><T3/><D7/><U60/><E33/><V70/><F70/><W85/><G85/><T92/><D92/><U98/><E98/><V41/><F41/><W16/><G16/><T99/><D99/><U10/><E25/><V15/><F15/><W30/><G64/><T50/><D73/><U113/><E113/><V69/><F69/><W120/><G30/><T74/><D74/><U114/><E114/><V68/><F68/><W132/><G116/><T94/><D3/><U111/><E18/><N who="2" m="12311" /><F81/><N who="0" m="31338" /><D97/><U133/><E133/><V121/><F27/><W75/><G120/><T43/><D2/><U45/><AGARI ba="0,0" hai="8,10,11,45,47,49,55,56,59,60,66,109,110,111" machi="45" ten="40,12000,1" yaku="0,1,14,1,10,1,52,1" doraHai="51" who="1" fromWho="1" sc="240,-40,270,120,245,-40,245,-40" /><INIT seed="1,1,0,5,5,121" ten="200,390,205,205" oya="1" hai0="133,79,125,59,39,98,23,106,60,1,89,95,68" hai1="67,47,52,96,9,80,92,41,81,21,2,71,45" hai2="5,3,33,18,126,65,8,84,31,129,58,105,56" hai3="118,109,13,85,130,10,93,97,25,49,108,119,102"/><U30/><E71/><V64/><F105/><W91/><G130/><T128/><D68/><U43/><E67/><V42/><F129/><W76/><G25/><T70/><D70/><U82/><E2/><V112/><F126/><W24/><G24/><T63/><D128/><U134/><E9/><V131/><F131/><W17/><G76/><T117/><D117/><N who="3" m="44553" /><G49/><T78/><D39/><U12/><E134/><V114/><F42/><W20/><G20/><T61/><D1/><U72/><E72/><V22/><F31/><W124/><G124/><T37/><D37/><U27/><E12/><V132/><F33/><W7/><G17/><T122/><D122/><U99/><E99/><V113/><F132/><W120/><G120/><T57/><D133/><U38/><E38/><V103/><F103/><W100/><G100/><T51/><D106/><AGARI ba="1,0" hai="7,10,13,85,91,93,97,102,106,108,109" m="44553" machi="106" ten="30,3900,0" yaku="12,1,52,2" doraHai="121" who="3" fromWho="0" sc="200,-42,390,0,205,0,205,42" /><INIT seed="2,0,0,3,5,95" ten="158,390,205,247" oya="2" hai0="29,115,117,4,52,26,31,36,45,10,33,125,77" hai1="103,70,62,101,134,84,37,63,80,135,133,51,11" hai2="75,44,15,5,73,49,46,79,76,24,43,107,78" hai3="88,38,16,118,96,82,7,53,8,110,100,122,47"/><V113/><F113/><W131/><G118/><T105/><D125/><U57/><E37/><V59/><F107/><W90/><G122/><T50/><D115/><U108/><E108/><V109/><F109/><W126/><G110/><T120/><D120/><U0/><E51/><V48/><F59/><W21/><G126/><T32/><D117/><U61/><E70/><V92/><F24/><W14/><G82/><T71/><D105/><U119/><E57/><V20/><F92/><N who="3" m="58375" /><G38/><T114/><D114/><U129/><E129/><V124/><F124/><W99/><G99/><T91/><D71/><U130/><E130/><V9/><REACH who="2" step="1"/><F20/><REACH who="2" ten="158,390,195,247" step="2"/><W1/><G131/><T68/><D68/><U123/><E123/><V3/><F3/><W56/><G1/><T27/><D36/><U35/><E119/><V83/><F83/><W112/><G112/><T22/><D22/><U127/><E127/><V6/><F6/><W98/><G47/><T66/><D66/><U85/><E35/><V23/><F23/><W17/><G98/><T39/><D39/><U19/><E80/><V30/><F30/><W94/><G94/><T86/><D77/><U58/><E58/><V128/><F128/><W64/><G64/><T69/><D69/><U106/><E106/><V89/><F89/><N who="3" m="34411" /><G21/><T25/><D91/><U2/><E2/><V97/><F97/><W54/><G56/><T13/><REACH who="0" step="1"/><D27/><REACH who="0" ten="148,390,195,247" step="2"/><U93/><E134/><V121/><F121/><W74/><G14/><T72/><D72/><U111/><E133/><V87/><F87/><AGARI ba="0,2" hai="4,10,13,25,26,29,31,32,33,45,50,52,86,87" machi="87" ten="40,8000,1" yaku="1,1,9,1,54,1,53,1" doraHai="95" doraHaiUra="41" who="0" fromWho="2" sc="148,100,390,0,195,-80,247,0" /><INIT seed="3,0,0,5,1,14" ten="248,390,115,247" oya="3" hai0="80,114,64,60,96,71,72,22,77,16,58,118,94" hai1="46,4,93,50,17,49,53,127,36,105,5,55,133" hai2="90,108,131,18,123,43,7,79,45,32,132,135,126" hai3="88,110,61,1,115,23,104,86,122,83,8,10,2"/><W68/><G115/><T98/><D118/><U121/><E105/><V120/><F79/><W100/><G122/><N who="2" m="46633" /><F90/><W6/><G110/><T97/><D114/><U91/><E36/><N who="2" m="21735" /><F7/><W103/><G104/><T95/><REACH who="0" step="1"/><D71/><REACH who="0" ten="238,390,115,247" step="2"/><U116/><E121/><V85/><F108/><W38/><G68/><T27/><AGARI ba="0,1" hai="16,22,27,58,60,64,72,77,80,94,95,96,97,98" machi="27" ten="30,8000,1" yaku="1,1,2,1,0,1,52,1,54,1,53,0" doraHai="14" doraHaiUra="9" who="0" fromWho="0" sc="238,90,390,-20,115,-20,247,-40" /><INIT seed="4,0,0,1,0,126" ten="328,370,95,207" oya="0" hai0="135,90,26,93,42,59,110,96,25,56,115,120,44" hai1="38,111,6,94,134,17,65,133,23,60,64,5,78" hai2="95,103,13,107,36,3,98,123,4,89,9,27,40" hai3="63,12,77,10,80,15,91,16,37,39,24,74,21"/><T104/><D120/><U11/><E38/><V87/><F123/><W97/><G63/><T2/><D2/><U86/><E111/><V31/><F40/><W61/><G15/><T54/><D115/><U122/><E122/><V101/><F36/><W128/><G128/><T109/><D104/><U127/><E127/><V117/><F117/><W48/><G61/><T114/><D114/><U8/><E94/><V70/><F70/><W121/><G121/><T105/><D105/><U29/><E29/><V46/><F46/><W69/><G48/><T82/><D135/><N who="1" m="51723" /><E86/><V50/><F50/><W130/><G130/><T112/><D112/><U99/><E99/><V92/><F3/><W68/><G39/><N who="0" m="21599" /><D82/><U125/><E78/><V7/><F7/><N who="1" m="2569" /><E125/><V75/><F75/><W113/><G37/><T108/><D59/><N who="1" m="36895" /><E65/><V22/><REACH who="2" step="1"/><F107/><REACH who="2" ten="328,370,85,207" step="2"/><W106/><G113/><T18/><D56/><U33/><E33/><V57/><F57/><W52/><G69/><T102/><D110/><U34/><E34/><V129/><F129/><W88/><G68/><T124/><D109/><U30/><E30/><V67/><F67/><W76/><G106/><T19/><D108/><U132/><E132/><V71/><F71/><W55/><G74/><T73/><D73/><U32/><E32/><V14/><F14/><AGARI ba="0,1" hai="8,11,14,17,23" m="36895,2569,51723" machi="14" ten="30,1000,0" yaku="20,1" doraHai="126" who="1" fromWho="2" sc="328,0,370,20,85,-10,207,0" /><INIT seed="5,0,0,0,1,127" ten="328,390,75,207" oya="1" hai0="34,87,38,32,43,24,46,66,20,121,70,72,10" hai1="54,13,48,71,83,63,129,124,33,74,53,114,133" hai2="51,25,6,80,91,41,105,29,134,85,35,31,116" hai3="78,92,44,82,131,55,22,132,107,64,106,14,59"/><U21/><E33/><V9/><F134/><W86/><G132/><T11/><D72/><U97/><E133/><V123/><F116/><W94/><G64/><T8/><D121/><U104/><E71/><V103/><F123/><W39/><G39/><T47/><D47/><U36/><E36/><V95/><F105/><W15/><G44/><T42/><D42/><U110/><E63/><V4/><F31/><W58/><G22/><T12/><D66/><U112/><E124/><V100/><F4/><W113/><G82/><T102/><D70/><U19/><E110/><V23/><F35/><W101/><G55/><T56/><D12/><U99/><E74/><V61/><F61/><W69/><G86/><T2/><D2/><U0/><E0/><V3/><F41/><W73/><G73/><T135/><D135/><U62/><E83/><V68/><F68/><W45/><G69/><T7/><D7/><U84/><E84/><V40/><F40/><W76/><G45/><T60/><D87/><U65/><E104/><V1/><F1/><W26/><G101/><T50/><D102/><U126/><E65/><V17/><F51/><W128/><G26/><T88/><D38/><U118/><E48/><V119/><F119/><W18/><G18/><N who="0" m="12311" /><D88/><U108/><E19/><V37/><F37/><W122/><G113/><T90/><D90/><U57/><E114/><V120/><F120/><AGARI ba="0,0" hai="14,15,58,59,76,78,92,94,106,107,120,122,128,131" machi="120" ten="25,6400,0" yaku="22,2,52,2" doraHai="127" who="3" fromWho="2" sc="328,0,390,0,75,-64,207,64" /><INIT seed="6,0,0,2,4,52" ten="328,390,11,271" oya="2" hai0="110,28,94,135,65,25,53,4,22,14,85,32,49" hai1="123,58,50,121,128,133,56,23,9,2,19,55,21" hai2="112,42,126,3,125,71,12,86,45,105,69,79,0" hai3="117,64,77,54,1,73,83,132,98,17,106,120,118"/><V37/><F12/><W38/><G120/><N who="1" m="46154" /><E133/><V115/><F86/><W33/><G33/><T131/><D135/><U63/><E128/><V96/><F79/><W34/><G132/><T35/><D131/><U122/><E122/><V114/><F96/><W102/><G34/><T88/><D110/><U95/><E95/><V16/><F16/><W51/><G38/><T61/><D4/><N who="1" m="1175" /><E19/><V107/><F71/><W26/><G64/><AGARI ba="0,0" hai="21,23,50,55,56,58,63,64" m="1175,46154" machi="64" ten="30,3900,0" yaku="13,1,52,2" doraHai="52" who="1" fromWho="3" sc="328,0,390,39,11,0,271,-39" /><INIT seed="7,0,0,5,0,63" ten="328,429,11,232" oya="3" hai0="56,130,82,4,87,8,77,110,48,52,111,97,134" hai1="72,36,11,81,89,80,104,33,44,93,17,109,74" hai2="98,64,94,135,92,90,20,13,50,54,25,40,101" hai3="59,43,0,29,41,18,69,84,120,10,39,117,102"/><W45/><G120/><T34/><D34/><U113/><E33/><V1/><F135/><W47/><G117/><T95/><D130/><U88/><E104/><V118/><F118/><W9/><G69/><T114/><D114/><U51/><E36/><V26/><F1/><W119/><G119/><T3/><D134/><U28/><E28/><V99/><F40/><W91/><G0/><T49/><D49/><U71/><E71/><V2/><F2/><W38/><G102/><AGARI ba="0,0" hai="3,4,8,48,52,56,77,82,87,95,97,102,110,111" machi="102" ten="30,2000,0" yaku="7,1,54,1" doraHai="63" who="0" fromWho="3" sc="328,20,429,0,11,0,232,-20" owari="348,15.0,429,53.0,11,-49.0,212,-19.0" /></mjloggm>