<mjloggm ver="2.3"><GO type="169" lobby="0"/><UN n0="%E3%83%88%E3%83%88%E3%83%AA%E5%85%88%E7%94%9F%31%39%E6%AD%B3" n1="%E3%81%A9%E3%81%84%E3%83%BC%E3%82%93" n2="%6F%69%73%79%6F" n3="%E3%81%99%E3%81%9A%E3%82%81%E3%82%AF%E3%83%AC%E3%82%A4%E3%82%B8%E3%83%BC" dan="19,16,16,20" rate="2301.63,2092.42,2131.66,2183.96" sx="F,M,M,M"/><TAIKYOKU oya="0"/><INIT seed="0,0,0,2,3,23" ten="250,250,250,250" oya="0" hai0="8,30,24,11,86,59,41,75,80,67,94,49,5" hai1="4,1,2,119,102,7,74,71,111,54,73,114,91" hai2="57,19,56,78,90,43,37,107,95,79,103,55,9" hai3="62,26,93,109,22,34,87,92,31,48,25,120,18"/><T51/><D75/><U40/><E102/><V70/><F70/><W126/><G109/><T123/><D123/><U27/><E40/><V15/><F107/><W61/><G120/><T35/><D94/><U96/><E54/><V117/><F103/><W63/><G126/><T3/><D41/><U83/><E71/><V128/><F128/><W46/><REACH who="3" step="1"/><G87/><REACH who="3" ten="250,250,250,240" step="2"/><T89/><REACH who="0" step="1"/><D11/><REACH who="0" ten="240,250,250,240" step="2"/><N who="1" m="2447" /><E111/><V121/><F121/><W122/><G122/><T76/><D76/><U58/><E119/><V85/><F117/><W118/><G118/><T66/><D66/><U13/><E74/><V77/><F78/><W32/><G32/><T60/><AGARI ba="0,2" hai="3,5,8,24,30,35,49,51,59,60,67,80,86,89" machi="60" ten="30,11700,0" yaku="1,1,0,1,52,1,53,1" doraHai="23" doraHaiUra="21" who="0" fromWho="0" sc="240,137,250,-39,250,-39,240,-39" /><INIT seed="0,1,0,5,1,52" ten="377,211,211,201" oya="0" hai0="5,31,15,64,11,81,111,4,56,132,127,50,2" hai1="9,30,100,14,114,60,106,45,27,96,3,126,74" hai2="86,87,110,108,88,44,67,73,129,19,0,20,131" hai3="61,80,93,97,62,112,16,77,89,107,94,122,71"/><T1/><D132/><U92/><E126/><V18/><F0/><W78/><G112/><T120/><D120/><U48/><E74/><V41/><F73/><W85/><G122/><T29/><D127/><U36/><E114/><V22/><F67/><W28/><G28/><T55/><D111/><U133/><E133/><V66/><F66/><W84/><G71/><T69/><D81/><U57/><E3/><V38/><F87/><W119/><G107/><T54/><D15/><U26/><E36/><V123/><F20/><W95/><G119/><T7/><D7/><U46/><E106/><V39/><F39/><W75/><G75/><T40/><D40/><U83/><E83/><N who="2" m="49247" /><F123/><W65/><G94/><T8/><REACH who="0" step="1"/><D55/><REACH who="0" ten="367,211,211,201" step="2"/><U117/><E117/><V25/><F110/><W10/><G78/><T12/><D12/><U68/><E68/><V130/><F108/><W90/><G65/><T63/><AGARI ba="1,1" hai="1,2,4,5,8,11,29,31,50,54,56,63,64,69" machi="63" ten="30,11700,0" yaku="1,1,0,1,9,1,52,1,53,0" doraHai="52" doraHaiUra="42" who="0" fromWho="0" sc="367,130,211,-40,211,-40,201,-40" /><INIT seed="0,2,0,3,4,92" ten="497,171,171,161" oya="0" hai0="62,59,2,11,129,99,58,20,35,8,106,56,61" hai1="70,68,16,77,100,71,66,135,101,112,121,132,0" hai2="82,47,21,30,44,80,90,13,111,89,49,76,103" hai3="94,118,133,131,75,7,110,54,72,25,15,102,113"/><T67/><D35/><U123/><E77/><V57/><F111/><W14/><G110/><T83/><D129/><U42/><E42/><V81/><F76/><W64/><G113/><T17/><D83/><U104/><E104/><V9/><F103/><N who="1" m="39497" /><E66/><V93/><F57/><W55/><G102/><T65/><D106/><U78/><E78/><V84/><F90/><W52/><G64/><N who="0" m="24651" /><D2/><U12/><E0/><V114/><F114/><W26/><G118/><T126/><D126/><U105/><E105/><V73/><F73/><W130/><G94/><T125/><D99/><U19/><E12/><N who="3" m="4650" /><G7/><T74/><D74/><N who="3" m="28201" /><G133/><N who="1" m="51274" /><E112/><V79/><F79/><W48/><G48/><T10/><D125/><U22/><E22/><V46/><F21/><W119/><G119/><T108/><D108/><U96/><E96/><V86/><F86/><W34/><G34/><T5/><D5/><U37/><E37/><V3/><F3/><W51/><G51/><T53/><D61/><U41/><E41/><V97/><F84/><W85/><G85/><T63/><D62/><U50/><E50/><V127/><F127/><W1/><G1/><T134/><D134/><U87/><E87/><V107/><F107/><W43/><G43/><T24/><AGARI ba="2,0" hai="8,10,11,17,20,24,53,56,58,59,63" m="24651" machi="24" ten="30,1500,0" yaku="8,1" doraHai="92" who="0" fromWho="0" sc="497,21,171,-7,171,-7,161,-7" /><INIT seed="0,3,0,3,5,11" ten="518,164,164,154" oya="0" hai0="97,106,119,123,40,121,15,84,67,6,31,128,134" hai1="51,19,110,93,100,17,29,94,33,58,132,57,86" hai2="52,90,0,130,14,2,73,34,96,3,5,66,24" hai3="54,77,41,55,105,70,35,62,13,99,48,12,82"/><T1/><D119/><U50/><E132/><V98/><F73/><W133/><G35/><T4/><D1/><U102/><E110/><V116/><F66/><W122/><G133/><T83/><D134/><U39/><E39/><V32/><F130/><W109/><G109/><T88/><D128/><U45/><E33/><V18/><F90/><W69/><G41/><T36/><D31/><U114/><E114/><V9/><F52/><W23/><G23/><T75/><D67/><U118/><E118/><V64/><F64/><W26/><G26/><T27/><D27/><U124/><E124/><V111/><F98/><W47/><G122/><T80/><D106/><U81/><E81/><V49/><F49/><W42/><G55/><T79/><D97/><U71/><E71/><V25/><F96/><W22/><G22/><T108/><D108/><U28/><REACH who="1" step="1"/><E86/><REACH who="1" ten="518,154,164,154" step="2"/><V89/><F111/><W127/><G127/><T117/><D117/><U131/><E131/><V91/><F116/><W85/><G70/><T78/><D121/><U92/><E92/><V113/><F113/><W46/><G69/><T76/><D123/><U7/><E7/><V56/><F5/><W63/><G105/><T16/><D4/><U103/><E103/><V129/><F129/><W120/><G120/><T44/><D6/><U10/><E10/><AGARI ba="3,1" hai="10,15,16,36,40,44,75,76,78,79,80,83,84,88" machi="10" ten="30,11600,0" yaku="7,1,52,1,54,2" doraHai="11" who="0" fromWho="1" sc="518,135,154,-125,164,0,154,0" /><INIT seed="0,4,0,5,3,19" ten="653,29,164,154" oya="0" hai0="14,53,85,9,56,2,83,29,123,91,31,88,121" hai1="44,102,47,130,51,120,70,12,87,110,113,15,78" hai2="4,0,112,71,42,35,57,115,58,119,132,82,50" hai3="74,76,5,131,3,59,134,49,127,1,25,8,111"/><T69/><D2/><U118/><E70/><V95/><F82/><W104/><G104/><T72/><D69/><U108/><E118/><V86/><F35/><W26/><G74/><T16/><D72/><U116/><E116/><V52/><F95/><W36/><G36/><T43/><D43/><U93/><E120/><V89/><F4/><W30/><G76/><N who="0" m="46311" /><D123/><U99/><E113/><V125/><F0/><W27/><G111/><N who="1" m="42538" /><E130/><V20/><F71/><W10/><G131/><T55/><D121/><U109/><N who="1" m="42546" /><U60/><DORA hai="92" /><E60/><V18/><F119/><W33/><G134/><T100/><D100/><U7/><E7/><V41/><F132/><W28/><G127/><T17/><D55/><N who="1" m="30183" /><E47/><V62/><F125/><W63/><G1/><T84/><D17/><U67/><E67/><V128/><F128/><W6/><G6/><T124/><D124/><U64/><E64/><V135/><F135/><W75/><G5/><T11/><D11/><U73/><E73/><V105/><F115/><W80/><G8/><T38/><D38/><U133/><E133/><V90/><F112/><W24/><G10/><T96/><D84/><U34/><E34/><V114/><F86/><W98/><G3/><T61/><D96/><U117/><E117/><V48/><F114/><W21/><G98/><T101/><D101/><U65/><E65/><V79/><F42/><W54/><G75/><T122/><D122/><U129/><E129/><V103/><F41/><W39/><G39/><T22/><D9/><U37/><E37/><V23/><F103/><W97/><G33/><T13/><D13/><RYUUKYOKU ba="4,0" sc="653,15,29,15,164,-15,154,-15" hai0="14,16,22,29,31,53,56,61,88,91" hai1="12,15,78,87,93,99,102" /><INIT seed="0,5,0,2,0,80" ten="668,44,149,139" oya="0" hai0="44,103,105,58,54,35,82,49,104,10,135,121,59" hai1="118,15,1,109,75,124,113,23,106,114,129,130,25" hai2="76,61,86,6,60,83,72,90,87,91,70,62,102" hai3="32,127,22,64,29,46,63,66,110,89,125,50,21"/><T77/><D121/><U96/><E75/><V88/><F70/><W34/><G110/><T134/><D35/><N who="3" m="13353" /><G29/><T41/><D10/><U11/><E96/><V131/><F131/><N who="1" m="50185" /><E106/><V9/><REACH who="2" step="1"/><F102/><REACH who="2" ten="668,44,139,139" step="2"/><W47/><G125/><T93/><D103/><U36/><E36/><V111/><F111/><W126/><G126/><T116/><D135/><U74/><E109/><V51/><F51/><W115/><G50/><T53/><D49/><U122/><E124/><V33/><F33/><W14/><G127/><T8/><D134/><U128/><E74/><V84/><F84/><W117/><G115/><N who="1" m="44042" /><E128/><V112/><F112/><W81/><G117/><T40/><D116/><U68/><E68/><V27/><F27/><W4/><G63/><T123/><D123/><U120/><E118/><V73/><F73/><W0/><G47/><T45/><D44/><U57/><E57/><V13/><AGARI ba="5,1" hai="6,9,13,60,61,62,72,76,83,86,87,88,90,91" machi="13" ten="30,8000,1" yaku="1,1,0,1,52,2,54,1,53,0" doraHai="80" doraHaiUra="12" who="2" fromWho="2" sc="668,-45,44,-25,139,105,139,-25" /><INIT seed="1,0,0,1,2,10" ten="623,19,244,114" oya="1" hai0="2,15,110,33,45,80,23,68,60,46,82,40,93" hai1="105,24,98,92,38,64,1,22,97,8,27,129,48" hai2="66,72,106,76,74,59,41,69,90,115,128,95,34" hai3="18,132,88,89,31,32,116,111,54,36,122,67,65"/><U9/><E38/><V26/><F69/><W86/><G122/><T112/><D112/><U25/><E129/><V134/><F106/><W83/><G36/><T73/><D33/><U55/><E1/><V42/><F134/><W100/><G111/><T79/><D2/><U119/><E119/><V103/><F103/><W61/><G132/><T43/><D110/><U126/><E126/><V101/><F101/><W123/><G100/><T30/><D93/><U62/><E105/><V117/><F115/><W57/><G123/><T70/><D60/><U91/><E98/><V28/><F74/><W19/><G31/><T51/><D80/><U78/><E78/><V13/><F76/><W7/><G7/><T85/><D73/><U6/><E6/><V113/><F72/><W52/><G32/><T124/><D124/><U39/><E39/><V63/><F113/><W135/><G116/><T17/><D30/><U50/><E22/><V5/><F128/><W12/><G19/><T20/><D20/><U75/><E75/><V37/><F37/><AGARI ba="0,0" hai="15,17,23,37,40,43,45,46,51,68,70,79,82,85" machi="37" ten="30,2000,0" yaku="7,1,52,1" doraHai="10" who="0" fromWho="2" sc="623,20,19,0,244,-20,114,0" /><INIT seed="2,0,0,3,3,108" ten="643,19,224,114" oya="2" hai0="118,79,119,126,123,89,106,128,6,10,105,95,75" hai1="57,18,1,115,60,78,45,3,25,83,15,31,68" hai2="46,35,113,65,8,50,77,91,112,34,133,51,43" hai3="94,132,53,2,117,96,127,48,69,22,134,82,71"/><V20/><F133/><N who="3" m="51307" /><G117/><N who="0" m="44555" /><D10/><U104/><E104/><N who="0" m="40041" /><D6/><U121/><E68/><V54/><F77/><W92/><G82/><N who="0" m="45439" /><D128/><U76/><E121/><V103/><F103/><W70/><G2/><T90/><D90/><U101/><E3/><V37/><F8/><W98/><G22/><T99/><D126/><U30/><E1/><V36/><F65/><W66/><G66/><T26/><D26/><U131/><E131/><V11/><F11/><W61/><G61/><T47/><D47/><U59/><E45/><V56/><F20/><W84/><G127/><T73/><D73/><U67/><E101/><V88/><F37/><W129/><G129/><T44/><D44/><U80/><E60/><V16/><F16/><W9/><G9/><T74/><D74/><U52/><E67/><V111/><F36/><W130/><G130/><T58/><D58/><U87/><E25/><V102/><F102/><W72/><G72/><T19/><D19/><U122/><E18/><V24/><F35/><W97/><G48/><T135/><D135/><U125/><E125/><V28/><REACH who="2" step="1"/><F111/><REACH who="2" ten="643,19,214,114" step="2"/><W81/><G70/><T93/><D89/><AGARI ba="0,1" hai="24,28,34,43,46,50,51,54,56,88,89,91,112,113" machi="89" ten="40,12000,1" yaku="1,1,2,1,52,2,54,1,53,0" doraHai="108" doraHaiUra="14" who="2" fromWho="0" sc="643,-120,19,0,214,130,114,0" /><INIT seed="2,1,0,4,2,120" ten="523,19,344,114" oya="2" hai0="115,3,10,8,71,59,50,30,16,95,116,82,39" hai1="126,33,81,64,41,90,34,40,73,55,110,96,11" hai2="113,6,4,80,68,42,1,118,135,123,104,134,97" hai3="130,27,46,128,32,129,111,72,112,70,51,20,83"/><V65/><F123/><W87/><G70/><T91/><D115/><U127/><E64/><V85/><F113/><W89/><G112/><T17/><D71/><U101/><E11/><N who="0" m="4137" /><D39/><U58/><E34/><V21/><F118/><W78/><G32/><T75/><D75/><U5/><E5/><V92/><F104/><W44/><G51/><T93/><D3/><U117/><E33/><V7/><F42/><W13/><G13/><T99/><D30/><U86/><E73/><V132/><F21/><W45/><G111/><T52/><D82/><U98/><E110/><V26/><F26/><W23/><G27/><T24/><D24/><U35/><E35/><V66/><F68/><W133/><G133/><T94/><D116/><U49/><E117/><V61/><F61/><W15/><G15/><T105/><D105/><U37/><E37/><V79/><F1/><W19/><G19/><AGARI ba="1,0" hai="16,17,19,50,52,59,91,93,94,95,99" m="4137" machi="19" ten="30,3900,0" yaku="8,1,54,2" doraHai="120" who="0" fromWho="3" sc="523,42,19,0,344,0,114,-42" /><INIT seed="3,0,0,2,2,57" ten="565,19,344,72" oya="3" hai0="47,9,87,84,7,122,90,125,24,68,124,93,99" hai1="100,85,97,107,71,53,103,113,131,31,79,55,46" hai2="105,6,38,45,3,89,13,18,112,83,120,48,111" hai3="36,16,76,129,118,114,60,106,30,17,96,40,128"/><W22/><G118/><T95/><D122/><U21/><E113/><V101/><F38/><W33/><G114/><T126/><D68/><U94/><E131/><N who="3" m="50250" /><G33/><T121/><D121/><U110/><E71/><V14/><F3/><W81/><G36/><T43/><D24/><U51/><E110/><V135/><F105/><W2/><G2/><N who="0" m="247" /><D93/><U19/><E31/><V12/><F6/><W109/><G40/><T58/><D58/><U27/><E107/><V11/><F120/><W28/><G109/><T10/><D10/><U52/><REACH who="1" step="1"/><E103/><REACH who="1" ten="565,9,344,72" step="2"/><V1/><F101/><N who="3" m="62759" /><G28/><T80/><D125/><U77/><E77/><V37/><F111/><W32/><G32/><T49/><D126/><U127/><E127/><V133/><F112/><W8/><G30/><T35/><D35/><U75/><E75/><V39/><F135/><W108/><G108/><T61/><D124/><U41/><E41/><V67/><F133/><W64/><G8/><T23/><D43/><U15/><E15/><V102/><F102/><W92/><G22/><T115/><D23/><U88/><E88/><V73/><F1/><W34/><G34/><T42/><D90/><U70/><E70/><V134/><F134/><W86/><G92/><T130/><D115/><U25/><E25/><V5/><F14/><W117/><G117/><T26/><D26/><U0/><E0/><V4/><F13/><W20/><G20/><T98/><D130/><U82/><AGARI ba="0,1" hai="19,21,27,46,51,52,53,55,79,82,85,94,97,100" machi="82" ten="30,12000,2" yaku="1,1,0,1,8,1,54,1,53,3" doraHai="57" doraHaiUra="50" who="1" fromWho="1" sc="565,-30,9,130,344,-30,72,-60" /><INIT seed="4,0,0,0,1,79" ten="535,139,314,12" oya="0" hai0="135,44,40,81,95,10,46,60,125,59,4,94,82" hai1="63,28,47,43,85,130,126,29,131,112,26,31,88" hai2="30,123,16,24,23,41,92,118,32,39,102,51,132" hai3="114,83,22,17,103,68,35,80,48,98,70,124,56"/><T8/><D135/><U2/><E2/><V97/><F123/><W9/><G35/><T20/><D125/><U134/><E126/><V129/><F39/><W89/><G124/><T55/><D20/><U121/><E121/><V69/><F69/><W108/><G108/><T38/><D95/><U21/><E63/><V64/><F118/><W87/><G114/><T15/><D46/><U119/><E119/><V61/><F129/><N who="1" m="49161" /><E134/><V52/><F41/><W101/><G9/><T73/><D73/><U105/><E105/><V96/><F96/><W34/><G34/><T84/><D84/><U36/><E112/><V50/><F132/><W72/><G70/><T99/><D10/><U91/><E91/><AGARI ba="0,0" hai="4,8,15,38,40,44,55,59,60,81,82,91,94,99" machi="91" ten="30,5800,0" yaku="7,1,52,2" doraHai="79" who="0" fromWho="1" sc="535,58,139,-58,314,0,12,0" /><INIT seed="4,1,0,2,4,134" ten="593,81,314,12" oya="0" hai0="36,113,47,3,110,49,7,68,62,25,42,15,91" hai1="1,111,31,30,11,50,23,33,120,20,12,34,131" hai2="101,73,65,108,75,83,125,76,57,102,124,129,38" hai3="81,99,29,6,53,37,55,44,17,98,8,88,78"/><T9/><D113/><U66/><E66/><V40/><F108/><W126/><G29/><N who="1" m="10762" /><E50/><V77/><F57/><W123/><G17/><T22/><D110/><U82/><E82/><N who="2" m="45327" /><F65/><W84/><G123/><T16/><D91/><U0/><E111/><V60/><F60/><W48/><G37/><T96/><D96/><N who="3" m="36905" /><G126/><N who="2" m="48745" /><F129/><W52/><G78/><T18/><D62/><U112/><E120/><V87/><F75/><W116/><G116/><T61/><D61/><U32/><E112/><V79/><F79/><W109/><G109/><T54/><D68/><U86/><E131/><V132/><F132/><W135/><G135/><T26/><D47/><U119/><E119/><V104/><F104/><W97/><N who="3" m="36913" /><W13/><AGARI ba="1,0" hai="6,8,13,44,48,52,53,55,81,84,88" m="36913" machi="13" ten="30,7900,0" yaku="4,1,8,1,54,2" doraHai="134" who="3" fromWho="3" sc="593,-40,81,-21,314,-21,12,82" /><INIT seed="5,0,0,2,2,15" ten="553,60,293,94" oya="1" hai0="62,6,130,42,4,56,22,75,60,98,132,14,0" hai1="105,25,37,48,109,123,79,76,9,131,118,65,106" hai2="113,64,107,77,122,13,69,20,29,10,31,95,103" hai3="58,1,124,55,86,36,128,54,51,11,59,127,87"/><U2/><E37/><V117/><F122/><W96/><G36/><T35/><D35/><U44/><E118/><V26/><F117/><W7/><G128/><T38/><D75/><U18/><E123/><V28/><F113/><W126/><REACH who="3" step="1"/><G96/><REACH who="3" ten="553,60,293,84" step="2"/><T125/><D38/><U3/><E131/><V84/><F31/><W53/><G53/><T101/><D98/><U89/><E109/><V61/><F29/><W82/><G82/><T8/><D130/><U129/><E129/><V5/><F28/><W119/><G119/><T91/><D42/><U111/><E111/><V19/><F107/><W39/><G39/><T100/><D132/><U114/><E106/><V71/><F71/><W93/><G93/><T43/><D43/><U52/><E105/><V41/><F41/><W24/><G24/><T80/><D80/><U97/><E114/><V47/><F95/><W83/><G83/><T116/><D116/><U33/><E65/><V99/><F99/><W104/><G104/><T32/><D125/><U45/><E33/><V112/><F112/><W72/><G72/><T23/><D32/><U85/><E97/><V63/><F69/><W108/><G108/><T27/><D100/><U40/><E25/><V68/><F68/><W115/><G115/><T70/><D27/><U81/><E76/><V17/><F64/><W92/><G92/><T73/><D101/><U133/><E79/><V78/><F103/><W34/><G34/><T66/><D73/><U50/><REACH who="1" step="1"/><E133/><REACH who="1" ten="553,50,293,84" step="2"/><V49/><F78/><W74/><G74/><T12/><D66/><U30/><E30/><V90/><F77/><RYUUKYOKU ba="0,2" sc="553,-15,50,15,293,-15,84,15" hai1="2,3,9,18,40,44,45,48,50,52,81,85,89" hai3="1,7,11,51,54,55,58,59,86,87,124,126,127" /><INIT seed="5,1,2,0,3,9" ten="538,65,278,99" oya="1" hai0="44,58,64,90,111,48,30,112,37,8,10,31,132" hai1="52,116,80,120,5,84,21,29,102,81,88,134,62" hai2="89,103,128,33,105,28,23,67,98,41,100,49,51" hai3="56,113,50,61,123,115,73,83,25,135,85,93,6"/><U42/><E120/><V54/><F128/><W18/><G123/><T57/><D111/><U12/><E116/><V36/><F33/><W91/><G135/><T26/><D37/><U95/><E134/><V71/><F71/><W118/><G118/><T27/><D112/><N who="3" m="43081" /><G6/><T68/><D68/><U126/><E126/><V60/><F103/><W0/><G0/><T32/><D132/><U4/><E42/><V19/><F28/><W130/><G50/><T72/><D72/><U47/><E29/><V86/><F36/><W74/><G130/><T117/><D117/><U133/><E133/><V65/><F41/><W15/><G25/><T16/><D90/><U13/><E102/><V125/><F125/><W104/><G104/><T55/><D64/><U43/><E43/><V106/><F106/><W34/><G83/><N who="1" m="31818" /><E21/><V22/><F22/><N who="3" m="11615" /><G34/><T35/><D8/><U77/><E77/><V70/><F67/><AGARI ba="1,2" hai="56,61,67,73,74,85,91,93" m="11615,43081" machi="67" ten="30,2000,0" yaku="15,1,52,1" doraHai="9" who="3" fromWho="2" sc="538,0,65,0,278,-23,99,43" /><INIT seed="6,0,0,3,5,13" ten="538,65,255,142" oya="2" hai0="15,25,3,18,122,92,71,86,27,131,65,28,129" hai1="98,95,82,72,5,106,39,64,61,118,100,20,11" hai2="81,75,60,89,19,23,111,87,8,132,12,42,9" hai3="53,0,57,34,54,30,7,134,51,126,50,63,128"/><V94/><F132/><W135/><G34/><T47/><D122/><U36/><E118/><V85/><F111/><W69/><G30/><T35/><D3/><U119/><E119/><V62/><F75/><W97/><G0/><T41/><D25/><U73/><E73/><V4/><F42/><W105/><G7/><T84/><D65/><U90/><E20/><V121/><F9/><W114/><G97/><T77/><D71/><U52/><E52/><V55/><F55/><W74/><G105/><T40/><D92/><U102/><E102/><V2/><REACH who="2" step="1"/><F121/><REACH who="2" ten="538,65,245,142" step="2"/><W16/><G74/><T1/><D41/><U45/><E45/><V110/><F110/><W113/><G54/><T31/><D47/><U58/><E11/><V120/><F120/><W112/><G134/><T32/><D40/><U109/><E109/><V78/><AGARI ba="0,1" hai="2,4,8,12,19,23,60,62,78,81,85,87,89,94" machi="78" ten="20,7800,0" yaku="1,1,0,1,7,1,52,1,53,0" doraHai="13" doraHaiUra="70" who="2" fromWho="2" sc="538,-26,65,-26,245,88,142,-26" /><INIT seed="6,1,0,5,0,47" ten="512,39,333,116" oya="2" hai0="82,38,90,21,56,103,25,3,28,64,14,74,5" hai1="92,102,23,113,80,49,124,66,48,53,54,83,17" hai2="37,26,109,12,41,7,2,6,97,4,57,129,9" hai3="122,65,16,55,32,130,62,119,34,99,10,0,35"/><V31/><F37/><W60/><G119/><T58/><D38/><U116/><E116/><V33/><F41/><W22/><G122/><T27/><D3/><U15/><E113/><V88/><F109/><W105/><G130/><T127/><D127/><U11/><E124/><V133/><F129/><W120/><G120/><T126/><D126/><U51/><E66/><V18/><F57/><W114/><G114/><T91/><D103/><U94/><E11/><V69/><F69/><W44/><G65/><T76/><D5/><U40/><E40/><V93/><REACH who="2" step="1"/><F133/><REACH who="2" ten="512,39,323,116" step="2"/><W110/><G110/><T131/><D131/><U135/><E135/><V86/><F86/><W36/><G44/><T107/><D58/><U52/><REACH who="1" step="1"/><E102/><REACH who="1" ten="512,29,323,116" step="2"/><V24/><F24/><W108/><G108/><T118/><D27/><U77/><E77/><V46/><F46/><W8/><G36/><T125/><D125/><U43/><E43/><V13/><F13/><W104/><G0/><AGARI ba="1,2" hai="0,2,4,6,7,9,12,18,26,31,33,88,93,97" machi="0" ten="40,3900,0" yaku="1,1,54,1,53,0" doraHai="47" doraHaiUra="112" who="2" fromWho="3" sc="512,0,29,0,323,62,116,-42" /><INIT seed="6,2,0,0,4,84" ten="512,29,385,74" oya="2" hai0="7,56,133,122,106,77,75,99,31,62,8,63,83" hai1="96,21,105,37,98,129,53,73,134,116,117,3,107" hai2="6,85,47,104,130,67,80,66,97,76,23,108,14" hai3="1,57,87,79,18,16,135,30,115,34,42,20,52"/><V32/><F32/><W50/><G1/><T70/><D122/><U120/><E37/><V126/><F126/><W102/><G34/><T81/><D133/><U59/><E3/><V49/><F130/><W11/><G135/><T51/><D70/><U28/><E134/><V118/><F118/><W124/><G124/><T82/><D31/><U101/><E129/><V0/><F0/><W15/><G115/><T119/><D119/><U112/><E73/><V127/><F108/><W61/><G102/><T109/><D109/><U72/><E72/><V33/><F33/><W45/><G30/><T25/><D25/><U65/><E65/><V46/><F46/><W55/><G55/><T111/><D111/><U40/><E40/><V43/><F23/><W95/><G95/><T90/><D51/><U68/><E68/><V60/><F127/><W38/><G38/><T103/><D63/><U93/><E112/><V26/><F26/><W29/><G29/><T10/><D90/><U113/><E113/><V36/><F36/><W54/><G42/><T88/><D88/><U92/><E120/><V69/><F67/><W58/><G45/><T91/><D91/><N who="1" m="55327" /><E117/><V22/><F22/><W64/><G64/><T89/><D89/><U94/><E107/><V78/><F78/><W12/><G79/><T114/><D114/><U71/><E71/><V121/><F121/><W131/><G131/><T41/><D41/><U74/><E74/><V35/><F35/><W19/><G87/><T39/><D39/><U48/><E116/><V4/><F14/><W17/><AGARI ba="2,0" hai="11,12,15,16,17,18,19,20,50,52,54,57,58,61" machi="17" ten="20,8000,1" yaku="0,1,7,1,8,1,54,2" doraHai="84" who="3" fromWho="3" sc="512,-22,29,-22,385,-42,74,86" /><INIT seed="7,0,0,3,3,2" ten="490,7,343,160" oya="3" hai0="80,120,72,105,52,118,12,104,92,50,24,7,97" hai1="88,41,96,39,35,135,57,127,38,30,110,78,126" hai2="48,22,133,56,21,10,100,125,74,101,60,69,45" hai3="77,130,63,76,8,114,0,31,79,27,28,13,55"/><W111/><G114/><T49/><D120/><U129/><E57/><V134/><F69/><W32/><G130/><T3/><D3/><U44/><E129/><V59/><F10/><W58/><G111/><T23/><D118/><U47/><E135/><V121/><F74/><W9/><G31/><T87/><D72/><U40/><E78/><V131/><F131/><W20/><G0/><T70/><D70/><U83/><E110/><V66/><F59/><W53/><G32/><T123/><D123/><U67/><E67/><V16/><F121/><W99/><G55/><T19/><D105/><U106/><E88/><V6/><F22/><W17/><G9/><N who="0" m="4159" /><D104/><U68/><E83/><V15/><F125/><W42/><G42/><T62/><D62/><U33/><E68/><V89/><F89/><W34/><G34/><T98/><D92/><U75/><E75/><V94/><F94/><W5/><G99/><N who="0" m="37899" /><D52/><U11/><E11/><V116/><F116/><W64/><G28/><T54/><D54/><U122/><E122/><V103/><F133/><W119/><G119/><T86/><D87/><U85/><E85/><V128/><F128/><W112/><G112/><T61/><D61/><U51/><E51/><V102/><N who="2" m="25600" /><DORA hai="29" /><V115/><F115/><W36/><G36/><T82/><D82/><U26/><E106/><V43/><F134/><W25/><G64/><T65/><D65/><U95/><E96/><V81/><REACH who="2" step="1"/><F81/><REACH who="2" ten="490,7,333,160" step="2"/><W73/><G73/><T91/><AGARI ba="0,1" hai="19,23,24,49,50,80,86,91" m="37899,4159" machi="91" ten="30,2000,0" yaku="8,1,52,1" doraHai="2,29" who="0" fromWho="0" sc="490,30,7,-5,333,-5,160,-10" owari="520,62.0,2,-50.0,328,13.0,150,-25.0" /></mjloggm>