<mjloggm ver="2.3"><GO type="169" lobby="0"/><UN n0="%E3%81%AE%E5%AD%90%E4%BE%9B" n1="%E3%82%A6%E3%83%AB%E3%83%88%E3%83%A9%E7%AB%8B%E7%9B%B4" n2="%70%70%67%75%6E" n3="%E3%81%94%E3%82%8A%E3%81%94%E3%82%8A%E3%81%94%E3%82%8A%E3%82%89" dan="17,18,16,16" rate="2164.31,2245.59,2066.43,2120.07" sx="M,M,M,M"/><TAIKYOKU oya="0"/><INIT seed="0,0,0,5,4,78" ten="250,250,250,250" oya="0" hai0="134,131,66,48,72,19,50,22,88,105,96,100,116" hai1="69,11,93,110,25,1,104,32,102,81,94,12,112" hai2="129,59,127,23,20,68,76,108,126,74,2,121,130" hai3="80,107,85,62,24,75,123,29,43,111,106,92,30"/><T133/><D116/><U10/><E69/><V40/><F68/><W0/><G0/><T42/><D66/><U44/><E1/><V39/><F121/><W55/><G43/><T98/><D72/><U91/><E104/><V60/><F108/><W67/><G111/><T97/><D131/><N who="2" m="50186" /><F2/><W103/><G55/><T132/><D42/><U122/><E32/><V52/><F76/><W31/><G123/><T17/><D98/><U61/><E94/><V128/><F74/><W115/><G115/><T27/><REACH who="0" step="1"/><D17/><REACH who="0" ten="240,250,250,250" step="2"/><U63/><E110/><V33/><F128/><W4/><G75/><T6/><D6/><U57/><E122/><V135/><F33/><W114/><G4/><T5/><D5/><U13/><E112/><V49/><F20/><W53/><G114/><T64/><D64/><U56/><E10/><V46/><F23/><W99/><G53/><T34/><D34/><U14/><E11/><V47/><F135/><W82/><G24/><T15/><D15/><U45/><E25/><V101/><F101/><W83/><REACH who="3" step="1"/><G85/><REACH who="3" ten="240,250,250,240" step="2"/><T124/><D124/><N who="2" m="47658" /><F47/><W51/><G51/><AGARI ba="0,2" hai="39,40,46,49,51,52,59,60" m="47658,50186" machi="51" ten="30,8000,1" yaku="19,1,18,1,34,2,54,1" doraHai="78" who="2" fromWho="3" sc="240,0,250,0,250,100,240,-80" /><INIT seed="1,0,0,0,4,90" ten="240,250,350,160" oya="1" hai0="115,8,47,78,69,135,52,131,113,68,95,41,35" hai1="111,97,2,50,102,49,61,87,44,27,6,19,24" hai2="1,32,45,80,119,133,108,101,86,56,5,28,31" hai3="106,22,130,124,117,121,25,89,76,42,74,91,11"/><U14/><E2/><V104/><F119/><W39/><G121/><T37/><D35/><U77/><E6/><V17/><F108/><W116/><G11/><T54/><D78/><U43/><E111/><V114/><F133/><W98/><G76/><T83/><D83/><U128/><E128/><V20/><F114/><W81/><G74/><T123/><D8/><U26/><E61/><V125/><F125/><W60/><G81/><T13/><D13/><U34/><E77/><V12/><F32/><W21/><G60/><T100/><D135/><U79/><E79/><V3/><F1/><W64/><G64/><T16/><D131/><U72/><E72/><V15/><F3/><W109/><G109/><T73/><D73/><U93/><E87/><V59/><F45/><N who="3" m="23775" /><G130/><T99/><D123/><U122/><E122/><V36/><F36/><W38/><G38/><T30/><D30/><N who="2" m="11306" /><F101/><N who="3" m="62775" /><G21/><T118/><D118/><N who="3" m="45673" /><G124/><T75/><D75/><U58/><E34/><V40/><F104/><W62/><G62/><T70/><REACH who="0" step="1"/><D16/><AGARI ba="0,0" hai="16,22,25,89,91" m="45673,62775,23775" machi="16" ten="30,2000,0" yaku="12,1,54,1" doraHai="90" who="3" fromWho="0" sc="240,-20,250,0,350,0,160,20" /><INIT seed="2,0,0,5,3,47" ten="220,250,350,180" oya="2" hai0="2,132,28,115,109,13,117,26,58,87,56,85,37" hai1="9,6,112,11,72,102,30,134,75,3,116,130,89" hai2="22,123,55,44,67,24,122,52,95,20,68,131,69" hai3="97,96,43,45,86,63,18,12,34,65,79,83,71"/><V42/><F95/><W118/><G34/><T121/><D115/><U51/><E102/><V66/><F24/><W91/><G118/><T128/><D2/><U36/><E36/><N who="2" m="21575" /><F20/><W113/><G113/><T82/><D121/><N who="2" m="46090" /><F22/><W92/><G97/><T46/><D117/><U78/><E89/><V124/><F131/><W0/><G0/><T101/><D128/><U105/><E11/><V108/><F124/><W35/><G35/><T61/><D13/><U126/><E9/><V93/><F93/><W7/><G7/><T21/><D101/><U103/><E6/><V33/><F33/><W114/><G114/><T14/><D14/><U74/><E103/><V48/><F108/><W15/><REACH who="3" step="1"/><G18/><REACH who="3" ten="220,250,350,170" step="2"/><T120/><D109/><U4/><E4/><V39/><F39/><AGARI ba="0,1" hai="12,15,39,43,45,63,65,71,79,83,86,91,92,96" machi="39" ten="30,3900,0" yaku="1,1,2,1,7,1,53,0" doraHai="47" doraHaiUra="27" who="3" fromWho="2" sc="220,0,250,0,350,-39,170,49" /><INIT seed="3,0,0,4,0,22" ten="220,250,311,219" oya="3" hai0="76,2,75,131,63,110,67,93,33,38,97,40,120" hai1="95,26,77,80,66,113,132,61,68,130,104,127,20" hai2="123,79,84,126,29,34,69,83,6,55,100,101,58" hai3="115,27,7,87,0,103,102,50,106,129,42,41,65"/><W71/><G115/><T28/><D120/><U90/><E104/><V112/><F112/><W44/><G129/><T31/><D110/><U47/><E113/><V30/><F69/><W12/><G0/><T11/><D131/><U9/><E130/><V135/><F123/><W35/><G106/><T49/><D49/><U88/><E127/><V13/><F126/><W105/><G42/><T3/><D11/><U8/><E47/><V121/><F135/><W56/><G71/><T124/><D124/><U51/><E51/><N who="2" m="31103" /><F34/><W4/><G87/><T89/><D76/><U24/><E90/><V122/><F121/><W1/><G1/><T134/><D75/><U78/><E78/><V133/><F133/><W5/><G12/><T52/><D134/><U25/><E20/><V74/><F74/><W86/><G86/><T45/><D67/><U118/><E118/><V16/><F6/><W48/><G105/><T14/><D14/><U94/><E132/><V37/><F37/><W43/><G43/><T57/><REACH who="0" step="1"/><D31/><REACH who="0" ten="210,250,311,219" step="2"/><N who="2" m="11786" /><F122/><W85/><G65/><T119/><D119/><U18/><E18/><V59/><F16/><W114/><G114/><T70/><D70/><U99/><E8/><V36/><F13/><W19/><G50/><T72/><D72/><U32/><E9/><V54/><F36/><W107/><G48/><AGARI ba="0,1" hai="48,54,59,79,83,84,100,101" m="11786,31103" machi="48" ten="30,1000,0" yaku="8,1" doraHai="22" who="2" fromWho="3" sc="210,0,250,0,311,20,219,-10" /><INIT seed="4,0,0,5,2,8" ten="210,250,331,209" oya="0" hai0="2,51,39,122,99,95,54,86,58,124,49,111,35" hai1="98,135,76,0,77,115,108,55,30,42,19,15,27" hai2="50,133,38,89,10,29,81,14,46,109,63,82,43" hai3="130,74,113,88,67,9,126,13,7,87,32,56,60"/><T21/><D122/><U117/><E0/><V1/><F109/><W101/><G74/><T127/><D35/><U83/><E117/><V97/><F133/><W52/><G113/><T47/><D2/><U16/><E108/><V18/><F1/><W48/><G130/><T37/><D86/><U105/><E135/><V11/><F10/><W17/><G126/><N who="0" m="48171" /><D21/><N who="1" m="15727" /><E105/><V45/><F29/><W40/><G32/><T31/><D31/><U119/><E119/><V69/><F69/><W75/><G75/><T114/><D111/><U104/><E104/><V92/><REACH who="2" step="1"/><F63/><REACH who="2" ten="210,250,321,209" step="2"/><W102/><G7/><T25/><D114/><U5/><E115/><V103/><F103/><W73/><G73/><T78/><D78/><U6/><E77/><V57/><F57/><N who="3" m="37263" /><G40/><AGARI ba="0,1" hai="11,14,18,38,40,43,45,46,50,81,82,89,92,97" machi="40" ten="30,3900,0" yaku="1,1,7,1,52,1,53,0" doraHai="8" doraHaiUra="3" who="2" fromWho="3" sc="210,0,250,0,321,49,209,-39" /><INIT seed="5,0,0,5,5,31" ten="210,250,370,170" oya="1" hai0="12,46,68,43,113,28,47,121,92,44,116,73,75" hai1="125,69,2,64,130,10,85,133,90,77,76,129,0" hai2="40,66,53,88,61,98,3,124,134,107,86,110,1" hai3="99,128,54,58,15,62,123,97,122,29,105,119,127"/><U49/><E69/><V38/><F110/><W57/><G119/><T19/><D116/><U6/><E64/><V25/><F124/><W94/><G127/><T118/><D118/><U14/><E125/><V117/><F117/><W20/><G128/><N who="1" m="49258" /><E49/><V120/><F120/><W42/><G42/><T33/><D68/><U50/><E50/><V109/><F109/><W22/><G105/><T114/><D43/><U70/><E70/><V48/><F25/><W83/><G83/><T13/><D121/><U37/><E37/><V63/><F98/><W67/><G122/><T100/><D100/><U74/><E133/><V4/><F107/><W5/><G123/><T102/><D102/><U79/><E74/><V39/><F4/><W27/><G94/><AGARI ba="0,0" hai="0,2,6,10,14,76,77,79,85,90,94" m="49258" machi="94" ten="30,1500,0" yaku="19,1" doraHai="31" who="1" fromWho="3" sc="210,0,250,15,370,0,170,-15" /><INIT seed="5,1,0,3,3,74" ten="210,265,370,155" oya="1" hai0="16,51,89,65,60,28,85,36,102,52,57,35,117" hai1="17,37,12,92,114,73,99,9,91,13,120,127,135" hai2="26,108,54,106,4,64,79,23,24,80,5,71,32" hai3="40,110,43,8,132,105,46,115,119,84,72,87,100"/><U14/><E120/><V82/><F108/><W61/><G110/><T29/><D117/><U58/><E37/><V83/><F32/><W18/><G72/><T31/><D36/><U86/><E73/><V96/><F71/><W88/><G115/><T59/><D102/><U15/><E127/><V21/><F106/><W116/><G132/><T130/><D130/><U7/><E114/><V76/><F64/><W112/><G112/><T124/><D124/><U97/><E135/><V49/><F96/><W107/><G61/><T55/><D16/><U104/><E104/><V122/><F122/><W126/><G126/><T42/><D42/><U133/><E133/><V45/><F23/><W47/><G8/><T41/><D41/><U25/><E58/><V78/><F24/><W128/><G100/><T53/><REACH who="0" step="1"/><D35/><REACH who="0" ten="200,265,370,155" step="2"/><U63/><E17/><AGARI ba="1,1" hai="4,5,17,21,26,45,49,54,76,78,79,80,82,83" machi="17" ten="40,8000,1" yaku="8,1,52,3" doraHai="74" who="2" fromWho="1" sc="200,0,265,-83,370,93,155,0" /><INIT seed="6,0,0,1,2,49" ten="200,182,463,155" oya="2" hai0="24,101,22,21,113,73,2,63,36,64,75,115,1" hai1="125,126,90,131,119,27,66,93,107,58,121,12,37" hai2="3,89,44,95,110,123,132,54,51,71,109,28,134" hai3="48,14,26,56,135,53,23,50,45,98,133,70,32"/><V83/><F28/><W38/><G32/><T4/><D36/><U30/><E107/><V120/><F3/><N who="0" m="1034" /><D101/><U80/><E37/><V129/><F83/><W85/><G14/><T122/><D122/><N who="2" m="46634" /><F71/><W0/><G0/><T5/><D73/><U91/><E131/><V103/><F103/><W117/><G85/><T35/><D75/><U116/><E12/><V118/><F118/><W43/><G98/><T25/><D35/><U20/><E121/><V15/><F15/><W59/><G117/><T34/><D34/><U31/><E80/><V108/><F129/><W62/><G23/><N who="0" m="8715" /><D63/><N who="1" m="38263" /><E31/><V94/><F95/><W42/><G26/><N who="0" m="10347" /><D64/><U61/><E61/><V97/><AGARI ba="0,0" hai="44,51,54,89,94,97,108,109,110,132,134" m="46634" machi="97" ten="40,3900,0" yaku="10,1,52,1" doraHai="49" who="2" fromWho="2" sc="200,-13,182,-13,463,39,155,-13" /><INIT seed="6,1,0,0,1,101" ten="187,169,502,142" oya="2" hai0="119,87,9,124,25,19,57,134,123,1,105,4,59" hai1="82,67,52,6,99,72,46,93,21,97,24,58,26" hai2="48,63,42,90,128,50,120,73,88,86,126,60,109" hai3="56,133,55,40,81,98,84,0,80,5,92,89,69"/><V37/><F73/><W77/><G69/><T94/><D123/><U11/><E67/><V32/><F32/><W131/><G131/><T22/><D105/><U65/><E65/><V100/><F100/><W64/><G133/><T3/><D134/><U113/><E113/><V7/><F7/><W129/><G129/><T114/><D114/><U85/><E46/><V83/><F120/><W71/><G71/><T43/><D3/><U70/><E70/><V135/><F128/><W102/><G64/><T12/><D124/><U108/><E72/><V118/><F118/><W127/><G127/><T33/><D43/><U53/><E53/><V31/><F31/><W66/><G66/><T91/><D119/><U130/><E108/><V95/><F126/><W28/><G28/><AGARI ba="1,0" hai="1,4,9,12,19,22,25,28,33,57,59,87,91,94" machi="28" ten="40,2600,0" yaku="24,2" doraHai="101" who="0" fromWho="3" sc="187,29,169,0,502,0,142,-29" /><INIT seed="7,0,0,2,2,111" ten="216,169,502,113" oya="3" hai0="83,114,85,42,48,64,101,31,131,36,53,61,133" hai1="5,93,80,100,32,135,124,74,97,51,18,68,121" hai2="126,78,0,3,82,104,40,59,22,23,34,127,134" hai3="28,90,46,39,103,44,87,105,14,24,99,49,118"/><W98/><G118/><T107/><D114/><U52/><E68/><V6/><F104/><W67/><G39/><T29/><D101/><U30/><E121/><V27/><F59/><W17/><G99/><T60/><D60/><U69/><E69/><V71/><F40/><W57/><G67/><T113/><D113/><U2/><E124/><V84/><F71/><W65/><G65/><T119/><D119/><U13/><E135/><V117/><F117/><W123/><G123/><T25/><D107/><U4/><E2/><V66/><F66/><W56/><G24/><T15/><D15/><U81/><E30/><V12/><F34/><W41/><G28/><T10/><D10/><N who="1" m="6455" /><E74/><V115/><F27/><W112/><G46/><T94/><D48/><U35/><E35/><V88/><F0/><W19/><G112/><T89/><D94/><U47/><E32/><V16/><F3/><W120/><G120/><T108/><D89/><U37/><E37/><V109/><F115/><W79/><G79/><T20/><D64/><U91/><E91/><V110/><F88/><W55/><G41/><T77/><D25/><U11/><E11/><V45/><F45/><W62/><G62/><T9/><D61/><U122/><E122/><V21/><F78/><W128/><G128/><T130/><D42/><U33/><E33/><V76/><F76/><W8/><REACH who="3" step="1"/><G19/><REACH who="3" ten="216,169,502,103" step="2"/><T43/><D31/><U92/><E97/><V86/><F16/><W73/><G73/><T132/><D29/><U75/><E75/><V1/><F126/><W72/><G72/><T54/><D36/><U102/><E47/><RYUUKYOKU ba="0,1" sc="216,-10,169,-10,502,-10,103,30" hai3="8,14,17,44,49,55,56,57,87,90,98,103,105" /><INIT seed="7,1,1,2,2,121" ten="206,159,492,133" oya="3" hai0="122,56,77,52,103,87,16,18,129,78,50,11,35" hai1="24,120,115,5,21,41,118,135,27,20,130,79,15" hai2="6,14,89,97,28,38,90,60,85,100,13,123,68" hai3="65,57,91,124,10,84,81,17,70,19,46,29,75"/><W109/><G75/><T112/><D122/><U33/><E120/><V73/><F73/><W113/><G70/><T61/><D35/><U36/><E36/><V94/><F38/><W125/><G29/><T30/><D129/><U111/><E41/><V26/><F123/><W110/><G113/><T0/><D112/><U131/><E115/><V1/><F6/><W80/><G46/><T9/><D0/><U132/><E79/><N who="0" m="30217" /><D30/><N who="1" m="19679" /><E118/><V108/><F1/><W88/><G57/><N who="0" m="32919" /><D103/><U55/><E55/><V92/><F26/><W54/><G54/><N who="0" m="33943" /><D87/><U7/><E111/><N who="3" m="42506" /><G65/><T48/><D48/><U128/><E5/><V93/><F28/><W12/><G17/><AGARI ba="1,1" hai="9,11,16,17,18" m="33943,32919,30217" machi="17" ten="30,3900,0" yaku="8,1,54,2" doraHai="121" who="0" fromWho="3" sc="206,52,159,0,492,0,133,-42" owari="258,6.0,159,-24.0,492,59.0,91,-41.0" /></mjloggm>