<mjloggm ver="2.3"><GO type="169" lobby="0"/><UN n0="%70%65%61%74%65%72" n1="%E3%83%88%E3%83%88%E3%83%AA%E5%85%88%E7%94%9F%31%39%E6%AD%B3" n2="%6A%79%61%6E%70%65%69%34" n3="%E3%83%AD%E3%83%90%E3%83%BC%E3%83%88%E3%83%BB%E3%83%AD%E3%83%BC%E3%82%BA" dan="17,19,18,16" rate="2215.36,2290.58,2202.20,2105.25" sx="M,F,M,M"/><TAIKYOKU oya="0"/><INIT seed="0,0,0,2,1,61" ten="250,250,250,250" oya="0" hai0="20,0,131,53,34,103,111,96,127,83,119,30,19" hai1="48,114,65,54,27,49,9,31,58,1,99,33,13" hai2="70,50,81,95,76,22,125,72,129,68,91,115,38" hai3="40,57,97,28,74,32,7,8,66,93,36,107,46"/><T69/><D119/><U15/><E114/><V86/><F115/><W4/><G74/><T25/><D127/><U52/><E65/><V92/><F38/><W135/><G135/><T88/><D0/><U62/><E62/><V77/><F129/><W109/><G107/><T98/><D131/><U44/><REACH who="1" step="1"/><E99/><REACH who="1" ten="250,240,250,250" step="2"/><V6/><F125/><W118/><G66/><T51/><D111/><U45/><E45/><V43/><F70/><W128/><G46/><T113/><D69/><U104/><E104/><V75/><F68/><W101/><G97/><T35/><D113/><U87/><E87/><V23/><F86/><W73/><G57/><T5/><D98/><U3/><E3/><V102/><F75/><W85/><G73/><T71/><D71/><U39/><E39/><V89/><F72/><W90/><G109/><T133/><D133/><U117/><E117/><V105/><F105/><W132/><G118/><T2/><D96/><U84/><E84/><V121/><F102/><W106/><G132/><T14/><D103/><U124/><E124/><V123/><F123/><W59/><G59/><T134/><D134/><U80/><E80/><V64/><F121/><W60/><G60/><T94/><D83/><U55/><E55/><V12/><F64/><W122/><G128/><T112/><D112/><U82/><E82/><V41/><F81/><W120/><G101/><T130/><D130/><U10/><E10/><V17/><F92/><W67/><G67/><T18/><D94/><U100/><E100/><V37/><F95/><W24/><G106/><T16/><D53/><U116/><E116/><RYUUKYOKU ba="0,1" sc="250,-10,240,30,250,-10,250,-10" hai1="1,9,13,15,27,31,33,44,48,49,52,54,58" /><INIT seed="1,1,1,0,1,55" ten="240,270,240,240" oya="1" hai0="82,90,96,46,33,48,0,74,88,61,110,54,36" hai1="52,98,27,87,38,41,94,20,32,109,75,89,13" hai2="43,14,29,129,57,53,79,28,102,34,95,39,1" hai3="132,78,119,44,113,65,42,35,71,62,125,58,19"/><U50/><E75/><V81/><F1/><W10/><G113/><T3/><D33/><U63/><E32/><V17/><F129/><W91/><G35/><T12/><D110/><U111/><E13/><V135/><F135/><W66/><G132/><T133/><D133/><U24/><E63/><V4/><F4/><W67/><G125/><T93/><D36/><U128/><E128/><V83/><F34/><W92/><G71/><T104/><D104/><U99/><E41/><V6/><F6/><W25/><G78/><T118/><D118/><U40/><E40/><V112/><F112/><W117/><G117/><T122/><D122/><U108/><E38/><V26/><F26/><W68/><G68/><T107/><D107/><U115/><E115/><V73/><F83/><W126/><G126/><T97/><D12/><U124/><E124/><V7/><F7/><W106/><G106/><T18/><D61/><U101/><E101/><V47/><F95/><W121/><G121/><T9/><D74/><U56/><E27/><V120/><F102/><W15/><G25/><T131/><D131/><U114/><E114/><V80/><F80/><W86/><REACH who="3" step="1"/><G119/><REACH who="3" ten="240,270,240,230" step="2"/><T103/><D0/><U59/><REACH who="1" step="1"/><E59/><REACH who="1" ten="240,260,240,230" step="2"/><V100/><F120/><W30/><G30/><AGARI ba="1,3" hai="20,24,30,50,52,56,87,89,94,98,99,108,109,111" machi="30" ten="40,18000,2" yaku="1,1,2,1,14,1,10,1,52,1,54,1,53,0" doraHai="55" doraHaiUra="130" who="1" fromWho="3" sc="240,0,260,213,240,0,230,-183" /><INIT seed="1,2,0,3,3,48" ten="240,473,240,47" oya="1" hai0="73,74,98,49,82,13,27,96,10,22,34,17,104" hai1="89,128,18,71,2,112,20,14,39,37,65,87,11" hai2="63,26,102,119,55,16,24,103,6,58,61,115,121" hai3="50,62,36,109,35,88,46,59,118,57,93,66,3"/><U78/><E112/><V90/><F119/><W67/><G35/><T86/><D34/><U64/><E78/><V110/><F121/><W76/><G118/><T70/><D70/><U19/><E128/><V0/><F110/><W5/><G109/><T54/><D104/><U108/><E108/><V106/><F115/><W100/><G100/><T101/><D101/><U47/><E2/><V133/><F133/><W129/><G129/><T107/><D107/><U23/><E11/><V12/><F0/><W7/><G3/><T45/><D73/><U43/><E71/><V84/><F6/><W1/><G1/><T72/><D72/><U120/><E39/><V130/><F130/><W127/><G127/><T52/><D54/><U91/><E120/><V4/><F4/><N who="3" m="1611" /><G76/><N who="0" m="46407" /><D74/><U125/><E125/><V30/><F63/><W15/><G15/><T51/><D51/><U94/><REACH who="1" step="1"/><E91/><REACH who="1" ten="240,463,240,47" step="2"/><V132/><F106/><W79/><G79/><T81/><D81/><U111/><E111/><V77/><F77/><W113/><G36/><T32/><D32/><U85/><E85/><V117/><F84/><N who="3" m="52359" /><G113/><T124/><D124/><U116/><E116/><V68/><F117/><W8/><G8/><T56/><D98/><U69/><E69/><V95/><F68/><W31/><G31/><N who="0" m="17911" /><D96/><U75/><E75/><V105/><F105/><W92/><G92/><T33/><D33/><U29/><E29/><V97/><F30/><W38/><G38/><T114/><D114/><U126/><E126/><V41/><F97/><W42/><G59/><AGARI ba="2,1" hai="10,13,17,45,49,52,56,59" m="17911,46407" machi="59" ten="30,3900,0" yaku="8,1,52,1,54,1" doraHai="48" who="0" fromWho="3" sc="240,55,463,0,240,0,47,-45" /><INIT seed="2,0,0,4,0,23" ten="295,463,240,2" oya="2" hai0="73,41,22,38,134,89,84,79,52,122,123,81,16" hai1="105,86,31,65,121,67,14,26,69,124,126,49,2" hai2="101,8,107,112,62,33,43,135,1,51,64,54,80" hai3="113,131,133,15,25,119,3,92,130,94,37,76,30"/><V12/><F112/><W11/><G3/><T35/><D134/><U29/><E2/><V42/><F135/><W47/><G119/><T32/><D38/><U18/><E105/><V9/><F1/><W99/><G133/><T109/><D41/><U129/><E129/><N who="3" m="49162" /><G113/><T120/><D109/><U78/><E121/><V97/><F33/><N who="3" m="20687" /><G76/><T68/><D52/><U39/><E39/><V45/><F80/><W110/><G110/><T66/><D66/><N who="1" m="25099" /><E69/><V50/><F50/><W4/><G4/><T59/><D59/><U56/><E26/><V117/><F117/><W19/><G99/><T87/><D68/><U100/><E126/><V88/><F9/><W58/><G58/><T7/><D7/><U21/><E124/><V61/><F61/><W115/><G115/><T53/><D53/><N who="1" m="31791" /><E100/><V108/><F108/><W82/><G82/><AGARI ba="0,0" hai="14,18,21,29,31,78,82,86" m="31791,25099" machi="82" ten="30,1000,0" yaku="8,1" doraHai="23" who="1" fromWho="3" sc="295,0,463,10,240,0,2,-10" owari="295,10.0,473,57.0,240,-16.0,-8,-51.0" /></mjloggm>