<mjloggm ver="2.3"><GO type="169" lobby="0"/><UN n0="%E3%81%B4%E3%83%BC%E3%81%8A%E3%81%8B" n1="%E9%A7%84%E5%A6%B9" n2="%4D%40%53%4F" n3="%E3%83%88%E3%83%88%E3%83%AA%E5%85%88%E7%94%9F%31%39%E6%AD%B3" dan="17,18,17,19" rate="2177.22,2198.88,2151.75,2283.02" sx="M,F,M,F"/><TAIKYOKU oya="0"/><INIT seed="0,0,0,1,1,46" ten="250,250,250,250" oya="0" hai0="9,72,125,120,117,22,112,17,79,85,50,101,99" hai1="67,48,105,63,97,86,94,115,96,124,42,34,88" hai2="123,102,61,52,19,27,132,62,75,95,135,65,29" hai3="31,116,127,47,36,103,35,71,4,106,78,74,87"/><T70/><D112/><U30/><E124/><V68/><F123/><W37/><G116/><T89/><D125/><U14/><E115/><V49/><F75/><W43/><G127/><T3/><D117/><U109/><E109/><V77/><F77/><W13/><G71/><T57/><D120/><U0/><E0/><V114/><F114/><W2/><G74/><T58/><D70/><N who="1" m="42367" /><E96/><N who="2" m="59679" /><F19/><W113/><G2/><T98/><D72/><U20/><E14/><V44/><F65/><W21/><G35/><T122/><D79/><U100/><E20/><N who="2" m="15591" /><F68/><W134/><G113/><T54/><D122/><U83/><E42/><V24/><F24/><W18/><G31/><T32/><D32/><U51/><E83/><V104/><F104/><W108/><G108/><T128/><D128/><U12/><E12/><V118/><F118/><W45/><G106/><T91/><D3/><U28/><E28/><V11/><F11/><W33/><G33/><T80/><D9/><U55/><E55/><V129/><F129/><W111/><G111/><T6/><D6/><U41/><E41/><V8/><F8/><W69/><G4/><T5/><D5/><U93/><E93/><V39/><F39/><W90/><G69/><T10/><D10/><U82/><E94/><V23/><F23/><W81/><G78/><T107/><D99/><U76/><E76/><V126/><F126/><W131/><G131/><T92/><D107/><U16/><E16/><V119/><F119/><W7/><G7/><T84/><D101/><U26/><AGARI ba="0,0" hai="26,30,34,48,51,82,86,88,97,100,105" m="42367" machi="26" ten="30,7900,0" yaku="25,1,52,2,54,1" doraHai="46" who="1" fromWho="1" sc="250,-39,250,79,250,-20,250,-20" /><INIT seed="1,0,0,4,2,131" ten="211,329,230,230" oya="1" hai0="64,102,62,89,77,130,108,47,87,25,106,84,119" hai1="41,110,4,44,107,0,129,117,81,91,96,3,48" hai2="40,124,99,55,74,132,113,19,122,12,60,59,52" hai3="42,29,67,21,31,24,93,34,115,73,38,26,78"/><U61/><E117/><V66/><F122/><W92/><G115/><T22/><D119/><U7/><E129/><V63/><F113/><W18/><G67/><T57/><D108/><U88/><E110/><V11/><F124/><W125/><G125/><T8/><D130/><U17/><E0/><V127/><F127/><W112/><G112/><T109/><D109/><U46/><E3/><V20/><F74/><W30/><G73/><T28/><D106/><U6/><E61/><V80/><F132/><W75/><G38/><T39/><D102/><U37/><E81/><V128/><F128/><W50/><G78/><T76/><D87/><U54/><REACH who="1" step="1"/><E17/><REACH who="1" ten="211,319,230,230" step="2"/><V68/><F80/><W100/><G18/><T114/><D114/><U118/><E118/><V133/><F63/><W83/><G83/><T135/><D62/><U105/><E105/><V85/><F68/><W32/><G92/><T27/><D64/><U10/><E10/><V45/><F11/><W98/><G75/><T82/><D8/><U56/><E56/><V36/><F59/><W116/><G116/><T94/><D57/><U49/><E49/><V58/><F58/><W121/><G50/><T9/><D9/><U69/><E69/><V95/><F60/><W51/><G51/><T35/><D82/><U86/><E86/><V90/><F66/><W101/><G93/><T97/><D84/><U43/><E43/><V15/><F85/><W71/><G42/><N who="0" m="23007" /><D77/><U70/><E70/><V104/><F104/><W72/><G71/><T13/><D76/><U16/><E16/><N who="2" m="10247" /><F133/><W111/><G72/><T134/><D134/><RYUUKYOKU ba="0,1" sc="211,-15,319,15,230,15,230,-15" hai1="4,6,7,37,41,44,46,48,54,88,91,96,107" hai2="15,19,36,40,45,52,55,90,95,99" /><INIT seed="1,1,1,5,3,66" ten="196,334,245,215" oya="1" hai0="4,52,129,37,6,124,39,130,94,42,111,46,61" hai1="84,95,18,103,120,41,29,82,7,38,86,17,1" hai2="108,16,8,123,31,121,51,64,47,15,117,25,0" hai3="65,81,58,106,28,77,135,27,87,109,12,67,54"/><U33/><E120/><V98/><F117/><W44/><G106/><T72/><D72/><U3/><E33/><V126/><F108/><W50/><G109/><T122/><D111/><U26/><E38/><N who="0" m="14345" /><D94/><U78/><E1/><V73/><F126/><W80/><G135/><T96/><D96/><N who="1" m="59807" /><E3/><V22/><F73/><W14/><G80/><T115/><D4/><U45/><E7/><V35/><F64/><W11/><G58/><N who="0" m="35015" /><D6/><U134/><E134/><V19/><F98/><W92/><G92/><T13/><D13/><U36/><E36/><V91/><F91/><W70/><G11/><T127/><D115/><U55/><E41/><V23/><F0/><W88/><G77/><T24/><D24/><U32/><E32/><V101/><F101/><W49/><G14/><T132/><D122/><U43/><E43/><V116/><F116/><W105/><G12/><T74/><D74/><U102/><E102/><V40/><F35/><W75/><G75/><T69/><D132/><U56/><E86/><V97/><F97/><W20/><G105/><T76/><D76/><U21/><E45/><V30/><F30/><W53/><G27/><AGARI ba="1,1" hai="8,15,16,19,22,23,25,27,31,40,47,51,121,123" machi="27" ten="30,2000,0" yaku="7,1,54,1" doraHai="66" who="2" fromWho="3" sc="196,0,334,0,245,33,215,-23" /><INIT seed="2,0,0,5,3,30" ten="196,334,278,192" oya="2" hai0="15,3,52,112,68,32,108,64,111,49,78,121,34" hai1="62,87,27,8,51,13,72,9,12,66,22,126,39" hai2="93,54,88,4,7,125,75,41,23,38,113,80,98" hai3="43,115,120,95,76,94,100,117,107,10,33,81,99"/><V21/><F113/><W102/><G117/><T101/><D3/><U16/><E72/><V82/><F125/><W65/><G120/><T31/><D112/><U89/><E39/><V105/><F105/><W134/><G115/><T63/><D121/><U50/><E126/><V37/><F41/><W67/><G134/><T77/><D101/><U20/><E20/><N who="2" m="7755" /><F75/><W104/><G10/><T55/><D15/><U135/><E135/><V35/><F35/><N who="0" m="13354" /><D31/><N who="1" m="17911" /><E62/><V131/><F7/><W0/><G33/><T92/><D92/><N who="1" m="54335" /><E66/><V128/><F4/><AGARI ba="0,0" hai="4,8,9,12,13,16,50,51" m="54335,17911" machi="4" ten="30,2000,0" yaku="8,1,54,1" doraHai="30" who="1" fromWho="2" sc="196,0,334,20,278,-20,192,0" /><INIT seed="3,0,0,3,1,16" ten="196,354,258,192" oya="3" hai0="19,57,99,3,120,93,68,83,70,61,123,69,77" hai1="108,71,22,85,110,126,130,66,60,36,119,8,42" hai2="98,127,41,49,27,100,37,21,131,90,53,125,31" hai3="10,97,58,52,24,11,134,109,18,117,14,35,81"/><W105/><G117/><T38/><D38/><U50/><E119/><V47/><F131/><W133/><G109/><N who="1" m="42090" /><E36/><V17/><F90/><W73/><G11/><T12/><D3/><U1/><E130/><V34/><F98/><W75/><G35/><T20/><D77/><U59/><E126/><N who="2" m="48139" /><F100/><N who="3" m="62607" /><G24/><T9/><D83/><U48/><E42/><V79/><F79/><W54/><G54/><T88/><REACH who="0" step="1"/><D9/><REACH who="0" ten="186,354,258,192" step="2"/><U78/><E8/><V112/><F112/><W64/><G81/><T86/><D86/><U106/><E1/><V103/><F37/><W104/><G75/><T26/><D26/><U92/><E78/><V0/><F0/><W63/><G73/><T6/><D6/><U39/><E39/><V113/><F113/><W84/><G84/><T74/><D74/><U5/><E5/><V28/><F27/><W107/><G64/><AGARI ba="0,1" hai="12,19,20,57,61,64,68,69,70,88,93,99,120,123" machi="64" ten="40,5200,0" yaku="1,1,52,1,54,1,53,0" doraHai="16" doraHaiUra="25" who="0" fromWho="3" sc="186,62,354,0,258,0,192,-52" /><INIT seed="4,0,0,1,4,58" ten="248,354,258,140" oya="0" hai0="120,81,9,59,113,102,53,104,112,15,33,7,20" hai1="22,130,95,18,34,85,109,122,51,79,118,119,36" hai2="25,76,46,132,3,13,62,111,101,10,42,63,23" hai3="117,115,43,75,55,28,77,65,41,83,56,26,5"/><T90/><D120/><U11/><E36/><V82/><F111/><W126/><G117/><T47/><D33/><U57/><E34/><V38/><F101/><W88/><G115/><T4/><D4/><U133/><E109/><V107/><F107/><W73/><G126/><T14/><D47/><U84/><E122/><V64/><F132/><W103/><G73/><T48/><D102/><U96/><E133/><V61/><F25/><W116/><G116/><T78/><D90/><N who="1" m="53711" /><E11/><V94/><F94/><W97/><G65/><T70/><D70/><U32/><E32/><V71/><F23/><W8/><G26/><T30/><D104/><U39/><E39/><V1/><F1/><W129/><G28/><T66/><D66/><U100/><E96/><V31/><F31/><W99/><G99/><T128/><D128/><U49/><E49/><V127/><F127/><W93/><G129/><T98/><D98/><U124/><E100/><V2/><F2/><W125/><G125/><T131/><D131/><U27/><E130/><V87/><REACH who="2" step="1"/><F3/><REACH who="2" ten="248,354,248,140" step="2"/><W74/><G103/><T86/><D30/><U45/><E124/><V19/><AGARI ba="0,1" hai="10,13,19,38,42,46,61,62,63,64,71,76,82,87" machi="19" ten="20,12000,2" yaku="1,1,2,1,0,1,7,1,52,3,53,0" doraHai="58" doraHaiUra="135" who="2" fromWho="2" sc="248,-60,354,-30,248,130,140,-30" /><INIT seed="5,0,0,5,5,37" ten="188,324,378,110" oya="1" hai0="106,16,128,28,117,26,23,62,60,113,134,46,114" hai1="102,97,96,27,69,17,38,11,92,13,53,45,83" hai2="58,55,10,79,6,42,86,71,73,39,87,41,64" hai3="99,84,47,68,88,21,76,4,75,93,77,59,120"/><U25/><E69/><V33/><F33/><W112/><G120/><T7/><D117/><U78/><E97/><V130/><F130/><W3/><G68/><T103/><D128/><U67/><E67/><V109/><F109/><W0/><G112/><N who="0" m="43115" /><D134/><U100/><E100/><V104/><F104/><W122/><G122/><T118/><D118/><U105/><E105/><V61/><F73/><W91/><G75/><T82/><D7/><U36/><E38/><V90/><F79/><W111/><G111/><T9/><D82/><U132/><E132/><V133/><F133/><W31/><G3/><T48/><D9/><U101/><E101/><V85/><F39/><W116/><G116/><T65/><D28/><U20/><E11/><V1/><REACH who="2" step="1"/><F90/><REACH who="2" ten="188,324,368,110" step="2"/><W94/><G77/><T15/><D106/><U119/><E119/><V80/><F80/><W131/><G76/><T5/><D103/><U40/><E53/><V57/><F57/><W54/><G131/><T29/><D65/><U35/><E35/><V52/><F52/><W81/><G59/><T34/><D5/><U32/><E32/><V108/><F108/><W74/><G4/><T70/><D70/><U125/><E125/><V89/><F89/><W12/><G91/><T135/><D135/><U124/><E124/><V49/><AGARI ba="0,1" hai="1,6,10,41,42,49,55,58,61,64,71,85,86,87" machi="49" ten="30,7900,0" yaku="1,1,0,1,52,2,53,0" doraHai="37" doraHaiUra="107" who="2" fromWho="2" sc="188,-20,324,-39,368,89,110,-20" /><INIT seed="6,0,0,3,0,121" ten="168,285,457,90" oya="2" hai0="77,125,2,65,129,68,44,43,66,98,91,130,49" hai1="24,101,34,56,33,47,67,69,18,21,41,97,81" hai2="120,13,62,27,4,110,114,96,31,80,55,73,99" hai3="117,60,93,15,11,12,135,89,25,63,51,42,57"/><V22/><F120/><W35/><G117/><T103/><D2/><U86/><E69/><V124/><F124/><W100/><G135/><T90/><D125/><U118/><E118/><V64/><F114/><W79/><G100/><T28/><D28/><U128/><E128/><N who="0" m="49257" /><D77/><U122/><E122/><V5/><F55/><W20/><G35/><T84/><D68/><U119/><E119/><V37/><F37/><W112/><G79/><T102/><D102/><U50/><E56/><V54/><F54/><W85/><G112/><T45/><D45/><U7/><E7/><V111/><F80/><W74/><G74/><T70/><D70/><U58/><E58/><N who="2" m="36951" /><F73/><W115/><G115/><T29/><D29/><U19/><E67/><N who="0" m="25609" /><D84/><U95/><E18/><N who="2" m="10575" /><F4/><W134/><G134/><T132/><D132/><U38/><E38/><V72/><F5/><W40/><G57/><T131/><N who="0" m="49265" /><T59/><DORA hai="9" /><D59/><U109/><E33/><V76/><F76/><W94/><G42/><T82/><D82/><U127/><E34/><V17/><F31/><N who="3" m="17831" /><G94/><AGARI ba="0,0" hai="43,44,49,90,91,94,98,103" m="25609,49265" machi="94" ten="40,1300,0" yaku="19,1" doraHai="121,9" who="0" fromWho="3" sc="168,13,285,0,457,0,90,-13" /><INIT seed="7,0,0,1,1,58" ten="181,285,457,77" oya="3" hai0="121,122,63,9,3,14,48,4,127,55,61,21,60" hai1="46,78,5,71,119,112,36,106,95,53,27,20,59" hai2="25,89,49,130,43,120,124,39,35,107,22,93,133" hai3="10,28,108,65,105,29,111,109,17,98,114,47,15"/><W91/><G114/><T86/><D127/><U126/><E106/><V62/><F107/><W129/><G129/><T88/><D3/><U87/><E71/><V85/><F39/><W132/><G132/><T42/><D21/><U12/><E36/><V110/><F35/><W32/><G32/><T90/><D42/><U99/><E126/><V45/><F110/><W57/><G47/><T54/><D54/><U96/><E119/><V66/><F120/><W83/><G83/><T128/><D128/><U50/><E112/><V16/><F130/><W0/><G0/><T76/><D122/><U135/><E135/><V70/><F124/><W79/><G79/><T67/><D67/><U52/><E12/><V77/><F133/><W75/><G75/><T113/><D113/><U34/><E5/><V125/><F125/><W118/><G118/><T44/><D121/><U72/><E72/><V11/><F11/><W68/><G68/><T116/><D116/><U115/><E115/><V64/><F64/><W41/><G41/><T13/><D13/><U102/><E102/><V56/><F70/><W104/><G104/><T2/><D2/><U74/><E74/><V38/><F38/><W134/><G134/><T26/><D26/><U81/><E95/><V80/><F93/><N who="3" m="56639" /><G105/><T101/><D101/><U6/><E6/><V51/><F77/><W7/><G7/><T94/><D94/><U37/><E34/><V103/><F103/><W24/><G24/><T82/><AGARI ba="0,0" hai="4,9,14,44,48,55,60,61,63,76,82,86,88,90" machi="82" ten="30,12000,2" yaku="0,1,8,1,52,3,54,1" doraHai="58" who="0" fromWho="0" sc="181,120,285,-30,457,-30,77,-60" owari="301,10.0,255,-14.0,427,52.0,17,-48.0" /></mjloggm>