<mjloggm ver="2.3"><GO type="169" lobby="0"/><UN n0="%E3%83%88%E3%83%88%E3%83%AA%E5%85%88%E7%94%9F%31%39%E6%AD%B3" n1="%E6%9D%BE%E5%B1%8B%E3%81%8A%E3%81%98%E3%81%95%E3%82%93" n2="%79%6B%66%35%35%33%38%39" n3="%65%61%73%79" dan="19,19,16,16" rate="2355.52,2226.08,2073.15,2061.94" sx="F,M,M,M"/><TAIKYOKU oya="0"/><INIT seed="0,0,0,2,0,39" ten="250,250,250,250" oya="0" hai0="22,85,95,66,58,28,67,122,97,53,79,56,51" hai1="133,117,101,68,9,64,89,106,135,132,118,40,41" hai2="31,69,119,47,50,104,63,124,91,14,111,30,107" hai3="6,128,0,13,83,1,81,20,60,23,18,127,5"/><T73/><D73/><U61/><E89/><V84/><F111/><W57/><G128/><T126/><D122/><U75/><E75/><V62/><F124/><W38/><G127/><T10/><D126/><U27/><E9/><V80/><F119/><N who="1" m="45577" /><E27/><V55/><F69/><W12/><G38/><T45/><D10/><U19/><E19/><V54/><F104/><W114/><G114/><T103/><D28/><N who="2" m="10794" /><F107/><W130/><G130/><T4/><D4/><U8/><E8/><V71/><F71/><W17/><G57/><N who="0" m="22123" /><D22/><U36/><E36/><V72/><F72/><W105/><REACH who="3" step="1"/><G105/><REACH who="3" ten="250,250,250,240" step="2"/><T113/><D113/><U15/><E15/><V65/><F14/><W32/><G32/><T102/><D102/><U125/><E125/><V33/><F33/><W29/><G29/><T2/><D2/><U110/><E110/><V42/><F65/><W76/><G76/><T87/><D79/><U7/><E7/><V24/><F24/><W77/><G77/><T98/><D98/><AGARI ba="0,1" hai="40,41,61,64,68,98,101,106,132,133,135" m="45577" machi="98" ten="40,5200,0" yaku="20,1,52,2" doraHai="39" who="1" fromWho="0" sc="250,-52,250,62,250,0,240,0" /><INIT seed="1,0,0,5,0,50" ten="198,312,250,240" oya="1" hai0="43,79,60,15,28,97,31,123,11,4,114,12,44" hai1="27,131,107,66,95,41,21,55,93,109,70,81,88" hai2="134,104,100,124,54,8,129,133,68,58,125,84,86" hai3="126,35,111,16,2,59,6,113,65,25,72,69,101"/><U20/><E107/><V105/><F68/><W91/><G113/><T22/><D114/><U98/><E131/><V7/><F104/><W118/><G118/><T23/><D123/><U115/><E115/><V121/><F121/><W132/><G111/><T62/><D79/><U96/><E109/><V103/><F86/><W119/><G132/><N who="2" m="50793" /><F84/><W0/><G126/><N who="2" m="48745" /><F105/><W24/><G72/><T5/><D11/><U36/><E66/><V89/><F89/><W42/><G91/><T87/><D44/><U122/><E70/><V117/><F117/><W130/><G65/><T102/><D87/><U56/><E81/><V52/><F129/><W26/><G130/><T30/><D30/><U3/><E122/><V112/><F112/><W37/><G101/><N who="2" m="38985" /><F58/><W83/><G59/><T110/><D102/><U51/><E95/><V94/><F94/><W127/><G69/><T64/><D110/><U128/><E128/><V116/><F116/><W76/><G127/><T18/><D64/><U1/><E96/><V92/><F92/><W74/><G119/><T78/><D97/><U120/><E120/><V57/><F57/><W135/><G135/><T48/><D78/><U13/><E98/><V47/><F47/><W73/><G76/><T14/><D31/><U40/><E93/><V38/><F38/><W106/><G37/><T46/><D28/><N who="1" m="17511" /><E88/><V9/><F9/><W33/><G106/><T99/><D99/><U77/><E77/><V71/><F71/><W10/><G10/><N who="0" m="4175" /><D23/><U80/><E80/><V61/><F61/><W29/><G74/><T67/><D67/><U49/><E36/><RYUUKYOKU ba="0,0" sc="198,15,312,-15,250,15,240,-15" hai0="4,14,15,18,22,43,46,48,60,62" hai2="7,8,52,54" /><INIT seed="2,1,0,0,1,128" ten="213,297,265,225" oya="2" hai0="4,53,25,80,49,36,47,37,45,57,65,55,115" hai1="107,84,31,30,82,27,46,11,16,91,86,100,6" hai2="26,94,29,1,75,19,42,22,89,34,109,44,110" hai3="83,90,113,13,133,12,67,38,70,51,7,129,132"/><V28/><F75/><W8/><G38/><N who="0" m="14955" /><D25/><U87/><E46/><N who="0" m="17417" /><D80/><U73/><E107/><V56/><F1/><W125/><G125/><T123/><D4/><U124/><E124/><V10/><F10/><N who="3" m="4191" /><G129/><T112/><D123/><U120/><E100/><V81/><F81/><W21/><G51/><N who="0" m="30911" /><D65/><U48/><E120/><V76/><F76/><W64/><G21/><T114/><D49/><U3/><E48/><V122/><F122/><W104/><G113/><T126/><D126/><U35/><E73/><V97/><F34/><W24/><G104/><T93/><D93/><U43/><E31/><V68/><F29/><W131/><G24/><T79/><D79/><U92/><E82/><V58/><F28/><W69/><G131/><T54/><AGARI ba="1,0" hai="54,55,112,114,115" m="30911,17417,14955" machi="54" ten="40,2700,0" yaku="34,2" doraHai="128" who="0" fromWho="0" sc="213,30,297,-8,265,-14,225,-8" /><INIT seed="3,0,0,1,4,96" ten="243,289,251,217" oya="3" hai0="19,67,50,61,124,55,68,59,102,45,80,114,92" hai1="79,129,95,119,128,74,109,8,3,24,11,56,40" hai2="71,42,111,72,34,9,44,20,100,16,32,10,35" hai3="48,49,77,26,4,0,18,85,112,90,98,115,126"/><W30/><G126/><T132/><D124/><U106/><E106/><V52/><F72/><W110/><G110/><T58/><D132/><U89/><E109/><V125/><F111/><W65/><G77/><T39/><D114/><U86/><E56/><V6/><F125/><W135/><G135/><T1/><D1/><U122/><E122/><V73/><F73/><W99/><G18/><T131/><D131/><N who="1" m="50251" /><E3/><V70/><F52/><W17/><G17/><T57/><D19/><U118/><E24/><V91/><F91/><W36/><G36/><T120/><D80/><N who="1" m="45175" /><E40/><V93/><F93/><W5/><G115/><T54/><D120/><U41/><E41/><V27/><F100/><W103/><G112/><T51/><D92/><U76/><E76/><V12/><REACH who="2" step="1"/><F10/><AGARI ba="0,0" hai="8,10,11,86,89,95,118,119" m="45175,50251" machi="10" ten="30,1000,0" yaku="19,1" doraHai="96" who="1" fromWho="2" sc="243,0,289,10,251,-10,217,0" /><INIT seed="4,0,0,2,3,52" ten="243,299,241,217" oya="0" hai0="134,0,11,119,78,43,47,77,42,131,4,20,80" hai1="35,17,5,63,69,88,118,45,92,36,8,38,19" hai2="59,99,62,60,49,23,104,54,86,114,113,82,10" hai3="28,66,95,96,101,90,87,72,120,9,100,121,105"/><T64/><D119/><U115/><E118/><V85/><F10/><W68/><G28/><T98/><D131/><U70/><E35/><V39/><F39/><W130/><G9/><T106/><D134/><U110/><E110/><V16/><F99/><N who="3" m="61631" /><G66/><T126/><D126/><U116/><E116/><V71/><F104/><N who="3" m="63495" /><G68/><T103/><D80/><U32/><E32/><V129/><F129/><W65/><G65/><T22/><D43/><U135/><E135/><V83/><F83/><W1/><G1/><T53/><D53/><U81/><E19/><V15/><F86/><W27/><G27/><T44/><D44/><U29/><E17/><V122/><F122/><N who="3" m="47211" /><G130/><T13/><D64/><U61/><E29/><V76/><REACH who="2" step="1"/><F71/><REACH who="2" ten="243,299,231,217" step="2"/><W18/><G72/><T25/><D0/><U75/><E69/><V30/><F30/><W41/><G18/><T37/><D20/><U94/><E75/><V79/><F79/><W46/><G46/><T56/><D77/><U51/><E45/><V12/><F12/><W58/><G41/><T111/><D78/><U31/><E31/><V89/><F89/><W117/><G117/><T127/><D22/><U123/><E88/><V57/><F57/><AGARI ba="0,1" hai="57,58,87,90,95" m="47211,63495,61631" machi="57" ten="30,3900,0" yaku="13,1,52,2" doraHai="52" who="3" fromWho="2" sc="243,0,299,0,231,-39,217,49" /><INIT seed="5,0,0,1,3,7" ten="243,299,192,266" oya="1" hai0="22,72,94,16,81,84,132,50,41,61,111,56,108" hai1="23,54,27,49,71,66,131,26,28,30,99,101,45" hai2="120,35,102,65,9,88,97,67,87,68,130,82,86" hai3="83,100,33,89,44,42,112,18,113,122,2,70,107"/><U116/><E131/><V92/><F120/><W43/><G122/><T46/><D132/><U96/><E116/><V104/><F130/><W60/><G2/><T129/><D72/><U39/><E39/><V123/><F123/><W10/><G33/><T17/><D129/><U38/><E38/><V59/><F68/><W4/><G100/><T75/><D75/><U47/><E47/><V40/><F35/><W1/><G107/><T51/><D51/><U80/><E80/><V103/><F40/><W135/><G135/><T106/><D106/><U14/><E14/><V124/><F124/><W31/><G31/><T64/><D94/><U32/><E66/><V36/><F36/><W15/><G44/><T95/><D95/><U19/><E71/><V58/><F104/><W119/><G60/><T20/><D20/><U63/><E63/><V57/><F103/><W110/><G110/><T114/><D17/><U3/><E3/><V13/><REACH who="2" step="1"/><F87/><REACH who="2" ten="243,299,182,266" step="2"/><N who="3" m="50431" /><G70/><T133/><D133/><U128/><E128/><V90/><F90/><W73/><G73/><T6/><D111/><U48/><E101/><V5/><AGARI ba="0,1" hai="5,9,13,57,58,59,65,67,82,86,88,92,97,102" machi="5" ten="30,8000,1" yaku="1,1,0,1,8,1,52,1,54,1,53,0" doraHai="7" doraHaiUra="12" who="2" fromWho="2" sc="243,-20,299,-40,182,90,266,-20" /><INIT seed="6,0,0,2,4,61" ten="223,259,272,246" oya="2" hai0="71,49,72,89,58,85,23,101,78,80,76,5,107" hai1="19,115,112,35,86,17,124,95,117,62,65,92,10" hai2="30,53,127,56,18,102,130,118,69,63,103,42,32" hai3="9,16,36,59,40,1,81,109,79,110,104,33,75"/><V129/><F118/><W45/><G104/><T41/><D71/><U4/><E117/><V93/><F127/><W12/><G33/><T48/><D5/><U29/><E124/><V68/><F42/><W0/><REACH who="3" step="1"/><G59/><REACH who="3" ten="223,259,272,236" step="2"/><T7/><D58/><U34/><E34/><V70/><F32/><W55/><G55/><T43/><D107/><U88/><E115/><V50/><F53/><W46/><G46/><T82/><D43/><U106/><E106/><V100/><F56/><W24/><G24/><T113/><D41/><U47/><E47/><V114/><F114/><W51/><G51/><T134/><D113/><U122/><E112/><V44/><F50/><W91/><G91/><T28/><D48/><U14/><E122/><V38/><F44/><W6/><G6/><T15/><D49/><U125/><E125/><V96/><F70/><W131/><G131/><T8/><D101/><U98/><E35/><V37/><F129/><W77/><G77/><T90/><REACH who="0" step="1"/><D134/><REACH who="0" ten="213,259,272,236" step="2"/><U66/><E4/><V120/><F69/><W121/><G121/><T84/><D84/><U87/><E87/><V108/><F120/><W57/><G57/><T26/><AGARI ba="0,2" hai="7,8,15,23,26,28,72,76,78,80,82,85,89,90" machi="26" ten="30,2000,0" yaku="1,1,0,1,53,0" doraHai="61" doraHaiUra="39" who="0" fromWho="0" sc="213,40,259,-5,272,-10,236,-5" /><INIT seed="7,0,0,2,4,27" ten="253,254,262,231" oya="3" hai0="65,57,41,22,125,23,10,1,83,13,91,0,94" hai1="28,52,89,34,50,26,58,81,40,70,18,97,117" hai2="124,103,121,112,120,85,54,44,122,101,126,123,66" hai3="36,62,105,79,43,56,134,119,20,55,100,9,129"/><W68/><G119/><T130/><D0/><U63/><E117/><V109/><N who="2" m="30720" /><DORA hai="106" /><V21/><F109/><W104/><G134/><T45/><D1/><U127/><E127/><N who="2" m="48683" /><F66/><W15/><G129/><T110/><D83/><U17/><E70/><V114/><F21/><W42/><G20/><T84/><D130/><U87/><E97/><V30/><F30/><W38/><G79/><T80/><D110/><U102/><E102/><N who="2" m="38923" /><F85/><W2/><G2/><T77/><D125/><U32/><E32/><V14/><F14/><W128/><G128/><T99/><D65/><U98/><E98/><V131/><F131/><W135/><G135/><T69/><D69/><U92/><E34/><V39/><F39/><N who="3" m="14891" /><G68/><T59/><D22/><U67/><E28/><V86/><F86/><W37/><N who="3" m="14899" /><W90/><DORA hai="48" /><G100/><T33/><D23/><U25/><E25/><V82/><F82/><W78/><G78/><T61/><D33/><U73/><E26/><V116/><F116/><W47/><G90/><T12/><D12/><U76/><E67/><V72/><F72/><W107/><G47/><T5/><D59/><U133/><E133/><V24/><F24/><W111/><G111/><T8/><D8/><U16/><E73/><V74/><F74/><W88/><G88/><T46/><D46/><N who="1" m="25927" /><E76/><V118/><F118/><W53/><G15/><T4/><D13/><U113/><E81/><V49/><AGARI ba="0,0" hai="44,49,54,112,114" m="38923,48683,30720" machi="49" ten="70,8000,1" yaku="13,1,18,1,52,1" doraHai="27,106,48" who="2" fromWho="2" sc="253,-20,254,-20,262,80,231,-40" owari="233,-17.0,234,3.0,342,45.0,191,-31.0" /></mjloggm>