<mjloggm ver="2.3"><GO type="169" lobby="0"/><UN n0="%61%72%75%6B%61" n1="%4E%49%53%48%49" n2="%E3%81%B5%E3%81%8B%E3%81%A4%E3%81%81%E3%83%BC" n3="%E3%83%88%E3%83%88%E3%83%AA%E5%85%88%E7%94%9F%31%39%E6%AD%B3" dan="17,16,17,19" rate="2180.59,2162.71,2134.82,2285.93" sx="M,M,M,F"/><TAIKYOKU oya="0"/><INIT seed="0,0,0,4,4,37" ten="250,250,250,250" oya="0" hai0="74,100,46,36,103,119,66,50,18,31,14,35,1" hai1="32,83,132,38,126,109,29,68,69,42,12,72,16" hai2="53,13,118,54,121,80,65,10,58,108,7,97,90" hai3="44,85,78,27,125,110,87,89,67,43,86,41,111"/><T20/><D74/><U134/><E109/><N who="3" m="41482" /><G125/><T25/><D119/><U77/><E126/><V51/><F121/><W49/><G67/><T93/><D66/><U24/><E38/><V102/><F118/><W0/><G0/><T131/><D131/><U123/><E123/><V117/><F117/><W59/><G59/><T48/><D1/><U98/><E98/><V106/><F108/><W23/><G78/><T28/><D28/><U104/><E104/><V33/><F33/><W81/><G43/><T113/><D113/><U70/><REACH who="1" step="1"/><E42/><REACH who="1" ten="250,240,250,250" step="2"/><V9/><F106/><W34/><G34/><T55/><D36/><U84/><E84/><V88/><F97/><W116/><G116/><T11/><D35/><U71/><N who="1" m="17408" /><DORA hai="107" /><U73/><E73/><V19/><F102/><W105/><G105/><T127/><D127/><U135/><E135/><V92/><F90/><W2/><G2/><T3/><D3/><U129/><E129/><V57/><F88/><W120/><G120/><T96/><D100/><U45/><E45/><V26/><F58/><W76/><G89/><T52/><D46/><U130/><E130/><V128/><F57/><W21/><G86/><T75/><REACH who="0" step="1"/><D75/><REACH who="0" ten="240,240,250,250" step="2"/><U64/><E64/><V39/><F65/><W114/><G114/><T79/><D79/><U99/><E99/><V82/><F39/><W56/><G85/><T5/><D5/><U133/><E133/><V60/><F7/><W91/><G76/><T22/><D22/><AGARI ba="0,2" hai="12,16,22,24,29,32,72,77,83,132,134" m="17408" machi="22" ten="70,8000,1" yaku="1,1,52,1,54,1,53,1" doraHai="37,107" doraHaiUra="6,8" who="1" fromWho="0" sc="240,-80,240,100,250,0,250,0" /><INIT seed="1,0,0,3,0,53" ten="160,340,250,250" oya="1" hai0="71,3,105,90,15,25,94,48,56,89,55,70,107" hai1="104,113,91,62,111,23,75,52,103,22,30,127,124" hai2="69,66,26,100,119,133,12,47,135,6,57,35,60" hai3="128,37,132,32,39,20,16,96,28,74,126,112,86"/><U130/><E113/><V7/><F119/><W82/><G112/><T87/><D3/><U21/><E75/><V117/><F117/><W14/><G74/><T31/><D15/><U110/><E130/><V51/><F100/><W11/><G128/><T95/><D105/><U17/><E30/><N who="2" m="19927" /><F12/><W50/><G132/><N who="2" m="50761" /><F69/><W121/><G121/><T68/><D107/><U33/><E33/><V125/><F125/><N who="1" m="48201" /><E91/><V8/><F8/><W34/><G126/><T38/><D38/><U13/><E103/><V122/><F122/><W118/><G118/><T1/><D1/><U102/><E102/><V0/><F0/><W99/><G39/><T24/><REACH who="0" step="1"/><D31/><REACH who="0" ten="150,340,250,250" step="2"/><U44/><E104/><V83/><F6/><W41/><G37/><T42/><D42/><U116/><E116/><V85/><F7/><W64/><G28/><T5/><D5/><U9/><E111/><V67/><F67/><W114/><G64/><T40/><D40/><U131/><E110/><V54/><F66/><W45/><G114/><T27/><D27/><U73/><E131/><V108/><F108/><W72/><G11/><T93/><D93/><U10/><E9/><V46/><F83/><W134/><G134/><T19/><D19/><U29/><E10/><V18/><F18/><W61/><G16/><T88/><D88/><U106/><E17/><V81/><F81/><W58/><G14/><T2/><D2/><U120/><E13/><V80/><F80/><W97/><G72/><T77/><D77/><U43/><E29/><V92/><F92/><W123/><G123/><T4/><D4/><U109/><E106/><RYUUKYOKU ba="0,1" sc="150,30,340,-10,250,-10,250,-10" hai0="24,25,48,55,56,68,70,71,87,89,90,94,95" /><INIT seed="2,1,1,3,2,0" ten="180,330,240,240" oya="2" hai0="10,117,132,92,95,129,55,73,59,15,114,29,75" hai1="43,49,18,34,104,28,127,69,32,2,31,27,94" hai2="78,24,84,89,77,107,80,53,97,133,79,35,88" hai3="121,82,125,41,81,62,38,44,7,17,19,16,68"/><V3/><F3/><W25/><G121/><T105/><D105/><U102/><E104/><V12/><F133/><W58/><G68/><T135/><D114/><U96/><E69/><V66/><F66/><W108/><G108/><T71/><D71/><U115/><E2/><V40/><F40/><W113/><G113/><T33/><D129/><U65/><E65/><V36/><F36/><W120/><G120/><T48/><D117/><U123/><E115/><V134/><F134/><N who="0" m="51242" /><D29/><U47/><E123/><V70/><F70/><W86/><G125/><T11/><D33/><U100/><E100/><V57/><F12/><W4/><G25/><T26/><D26/><U111/><E127/><V54/><F57/><W112/><G112/><T21/><D21/><N who="1" m="13751" /><E32/><V93/><REACH who="2" step="1"/><F107/><REACH who="2" ten="180,330,230,240" step="2"/><W30/><G38/><T42/><D42/><U45/><E43/><V99/><F99/><W118/><G41/><T74/><D11/><U9/><E9/><V98/><F98/><W22/><G44/><T109/><D109/><U90/><E47/><V8/><F8/><W124/><G124/><T6/><AGARI ba="1,2" hai="6,10,15,48,55,59,73,74,75,92,95" m="51242" machi="6" ten="40,2700,0" yaku="20,1,52,1" doraHai="0" who="0" fromWho="0" sc="180,50,330,-8,230,-14,240,-8" /><INIT seed="3,0,0,3,0,103" ten="230,322,216,232" oya="3" hai0="31,80,29,51,60,123,17,66,132,4,98,43,133" hai1="77,117,12,32,7,97,35,87,57,28,64,126,20" hai2="54,33,99,102,85,74,81,96,63,41,72,8,134" hai3="78,68,105,36,135,109,88,93,67,2,121,46,27"/><W84/><G121/><T110/><D123/><U3/><E126/><V24/><F134/><N who="0" m="51818" /><D4/><U82/><E117/><V91/><F41/><W15/><G2/><T69/><D80/><U25/><E97/><V101/><F8/><W47/><G135/><T79/><D79/><U23/><E3/><V0/><F0/><W34/><G105/><T16/><D110/><U44/><E35/><V89/><F33/><W114/><G114/><T58/><D98/><U76/><E76/><V131/><F24/><W118/><G118/><T49/><D69/><U130/><E32/><V42/><F42/><W19/><G36/><T22/><D17/><U108/><E130/><V39/><F39/><W26/><G109/><T83/><D83/><U61/><E108/><V120/><F120/><W21/><G78/><T71/><D71/><U5/><E44/><V119/><F119/><W100/><G100/><T45/><D51/><U95/><E95/><V94/><F131/><W115/><G115/><T55/><D66/><U124/><E124/><V38/><F38/><W14/><G67/><T18/><D18/><AGARI ba="0,0" hai="5,7,12,18,20,23,25,28,57,61,64,77,82,87" machi="18" ten="40,1300,0" yaku="8,1" doraHai="103" who="1" fromWho="0" sc="230,-13,322,13,216,0,232,0" /><INIT seed="4,0,0,1,5,84" ten="217,335,216,232" oya="0" hai0="8,32,42,61,98,78,86,35,26,130,64,81,46" hai1="7,76,85,124,51,79,77,11,24,128,5,59,40" hai2="3,115,38,48,36,13,92,4,71,6,21,60,33" hai3="14,97,75,110,102,58,99,10,25,2,74,22,39"/><T94/><D130/><U57/><E128/><V20/><F33/><W83/><G39/><T122/><D122/><U17/><E124/><V49/><F3/><W113/><G110/><T118/><D118/><U62/><E85/><V129/><F129/><W101/><G2/><T135/><D135/><U28/><E17/><V91/><F115/><W66/><G113/><T73/><D73/><U63/><E63/><V56/><F71/><W108/><G108/><T55/><D55/><N who="1" m="31999" /><E40/><V29/><F38/><W107/><G83/><T112/><D112/><U89/><E89/><V119/><F36/><W34/><G34/><T88/><D26/><U126/><E11/><N who="2" m="4327" /><F6/><W93/><G10/><T80/><D80/><U0/><E0/><V18/><F119/><W16/><REACH who="3" step="1"/><G25/><REACH who="3" ten="217,335,216,222" step="2"/><T105/><D8/><U68/><E126/><V19/><F21/><W103/><G103/><T53/><D35/><U31/><E24/><V37/><F37/><W44/><G44/><T72/><D32/><U109/><E109/><V65/><F20/><W45/><G45/><T41/><D46/><U23/><E23/><V54/><F29/><W87/><G87/><T1/><D1/><U30/><E28/><V116/><F116/><W15/><G15/><T96/><D96/><U114/><E30/><V82/><F82/><W111/><G111/><T47/><D47/><U127/><E31/><V12/><F12/><W100/><G100/><N who="0" m="62615" /><D53/><U133/><E127/><V125/><F125/><W117/><G117/><T52/><D52/><U43/><E114/><V120/><F54/><W131/><G131/><T134/><D134/><RYUUKYOKU ba="0,1" sc="217,15,335,-15,216,-15,222,15" hai0="41,42,61,64,72,78,81,86,88,94" hai3="14,16,22,58,66,74,75,93,97,99,101,102,107" /><INIT seed="4,1,1,4,3,34" ten="232,320,201,237" oya="0" hai0="23,6,73,100,97,121,10,78,67,38,51,66,88" hai1="103,71,24,125,62,87,94,77,32,49,135,74,35" hai2="89,115,93,42,56,134,53,61,72,122,109,12,129" hai3="119,36,98,131,16,104,5,1,127,11,47,123,105"/><T44/><D38/><U39/><E39/><V45/><F122/><W19/><G119/><T124/><D121/><U90/><E125/><V81/><F115/><W95/><G123/><T29/><D124/><U43/><E135/><V132/><F109/><W70/><G70/><T40/><D78/><U130/><E130/><V57/><F129/><W102/><G127/><T18/><D73/><U133/><E133/><N who="2" m="51307" /><F12/><W54/><G131/><T28/><D28/><U41/><E103/><V118/><F118/><W117/><G117/><T7/><D29/><U4/><E4/><N who="0" m="1577" /><D100/><U113/><E24/><V15/><F15/><W69/><G69/><T84/><D10/><U106/><E77/><N who="2" m="44199" /><F53/><W22/><G54/><T101/><D101/><U0/><E74/><V8/><F8/><W30/><G30/><T14/><D97/><U92/><E0/><V75/><F61/><W50/><G50/><T52/><D40/><U3/><E43/><V120/><F75/><W59/><G19/><T64/><D64/><U55/><E41/><V65/><F65/><W111/><G111/><T2/><D2/><U25/><E71/><V48/><F120/><W13/><REACH who="3" step="1"/><G59/><REACH who="3" ten="232,320,201,227" step="2"/><T58/><D58/><U46/><E49/><V96/><AGARI ba="1,2" hai="42,45,48,56,57,89,93,96" m="44199,51307" machi="96" ten="30,1100,0" yaku="20,1" doraHai="34" who="2" fromWho="2" sc="232,-6,320,-4,201,34,227,-4" /><INIT seed="5,0,0,5,1,47" ten="226,316,235,223" oya="1" hai0="45,65,16,99,60,119,41,11,13,52,64,25,130" hai1="49,74,100,134,3,93,102,57,31,69,112,22,122" hai2="40,21,61,125,37,118,92,59,132,107,113,127,10" hai3="106,133,128,90,84,48,63,55,6,39,15,75,88"/><U38/><E122/><V129/><F118/><W86/><G39/><T56/><D119/><U79/><E69/><V105/><F132/><W0/><G106/><T5/><D130/><U28/><E3/><V72/><F129/><W70/><G75/><T18/><D99/><U77/><E38/><V50/><F72/><W8/><G128/><T104/><D104/><U109/><E134/><V115/><F37/><W43/><G133/><T44/><D44/><U76/><E74/><V80/><F80/><N who="3" m="49159" /><G70/><T123/><D123/><U131/><E112/><N who="2" m="43083" /><F21/><W27/><G0/><T121/><D121/><U51/><E109/><V14/><F92/><N who="3" m="54359" /><G27/><T30/><D5/><U73/><E73/><V33/><F33/><W116/><G116/><T19/><D19/><U23/><E131/><V67/><F105/><W35/><G35/><T110/><D18/><U24/><E93/><V114/><F107/><W124/><G124/><N who="2" m="47689" /><F114/><W54/><G63/><T32/><REACH who="0" step="1"/><D110/><REACH who="0" ten="216,316,235,223" step="2"/><U85/><E102/><V103/><F103/><W2/><G2/><T34/><D34/><U17/><E100/><V58/><F14/><W29/><G29/><T53/><D53/><U83/><E28/><V82/><F40/><W117/><G117/><T9/><D9/><U96/><E96/><V1/><F10/><W108/><G108/><T87/><D87/><U95/><E31/><V42/><F42/><W120/><G120/><T12/><D12/><U78/><E85/><V111/><F111/><W98/><G98/><T81/><D81/><U68/><E83/><V7/><F82/><W36/><G36/><AGARI ba="0,1" hai="11,13,16,25,30,32,36,41,45,52,56,60,64,65" machi="36" ten="30,7700,0" yaku="1,1,7,1,54,2,53,0" doraHai="47" doraHaiUra="135" who="0" fromWho="3" sc="216,87,316,0,235,0,223,-77" /><INIT seed="6,0,0,1,3,39" ten="303,316,235,146" oya="2" hai0="99,11,53,90,81,134,93,70,71,119,109,34,94" hai1="78,83,4,41,20,45,36,21,125,133,98,135,57" hai2="77,112,54,58,127,17,8,24,51,72,64,52,56" hai3="116,33,80,126,123,42,89,111,92,25,28,63,37"/><V16/><F64/><W6/><G111/><T14/><D109/><U38/><E125/><V73/><F127/><W85/><G126/><T26/><D134/><N who="1" m="51211" /><E36/><V40/><F112/><W79/><G116/><T106/><D119/><U62/><E4/><V103/><F103/><W87/><G123/><T113/><D106/><U19/><E98/><V120/><F120/><W84/><G6/><T86/><D113/><U97/><E97/><V65/><F65/><W114/><G63/><T61/><D94/><U7/><E7/><V124/><F124/><W66/><G66/><T48/><D61/><U44/><E44/><N who="2" m="25991" /><F72/><W60/><G60/><T132/><D132/><U115/><E115/><V49/><F73/><W18/><G114/><T29/><D53/><N who="1" m="34095" /><E19/><N who="2" m="7243" /><F77/><W9/><G18/><T12/><D48/><U82/><E82/><V88/><F88/><W69/><G69/><T96/><D70/><U107/><E107/><V128/><F128/><W91/><G9/><T76/><D71/><U22/><E22/><V32/><F32/><W47/><REACH who="3" step="1"/><G89/><REACH who="3" ten="303,316,235,136" step="2"/><T15/><D11/><U3/><E3/><V129/><F8/><W108/><G108/><T130/><D130/><U101/><E101/><V43/><F129/><W131/><G131/><T118/><D118/><U121/><E121/><V122/><F122/><W50/><G50/><T0/><D0/><U95/><E38/><V27/><F43/><W30/><G30/><T1/><D1/><U68/><E41/><V75/><F49/><W100/><G100/><N who="0" m="60431" /><D15/><U105/><E68/><V31/><F31/><W10/><G10/><T2/><D2/><RYUUKYOKU ba="0,1" sc="303,15,316,-15,235,-15,136,15" hai0="12,14,26,29,34,76,81,86,90,99" hai3="25,28,33,37,42,47,79,80,84,85,87,91,92" /><INIT seed="7,1,1,1,2,83" ten="318,301,220,151" oya="3" hai0="124,122,96,21,64,4,58,66,108,88,23,18,101" hai1="131,91,116,57,49,0,71,80,133,15,84,29,60" hai2="36,119,76,31,43,17,72,87,47,73,69,92,2" hai3="79,102,93,35,42,65,56,128,90,34,45,19,127"/><W98/><G128/><T89/><D122/><U16/><E0/><V53/><F119/><W77/><G127/><T52/><D108/><U13/><E131/><V40/><F69/><W3/><G3/><T68/><D68/><U54/><E116/><V97/><F2/><W12/><G34/><T115/><D115/><U5/><E133/><V25/><F17/><W123/><G35/><T110/><D110/><U41/><E29/><V28/><F28/><W30/><G30/><T121/><D121/><U46/><E71/><V1/><F1/><W104/><G123/><T59/><D124/><U114/><E114/><V95/><F43/><W105/><G56/><T11/><D59/><U33/><E33/><V51/><F92/><W106/><G102/><T113/><D113/><U94/><E5/><V99/><F99/><W67/><G67/><N who="0" m="25643" /><D4/><U32/><E32/><V62/><F62/><W37/><REACH who="3" step="1"/><G65/><REACH who="3" ten="318,301,220,141" step="2"/><T26/><D101/><U135/><E57/><V70/><F70/><W120/><G120/><T55/><D58/><U7/><E135/><V10/><F31/><W50/><G50/><T118/><D118/><U117/><E49/><V74/><F51/><W125/><G125/><T22/><D26/><U134/><E134/><V130/><F130/><W48/><G48/><T86/><D55/><U111/><E54/><V20/><F53/><W103/><G103/><T85/><D52/><U6/><E117/><V132/><F132/><W109/><G109/><T78/><D89/><U14/><E91/><V100/><F100/><W27/><G27/><T8/><D88/><U39/><E111/><RYUUKYOKU ba="1,2" sc="318,-10,301,-10,220,-10,141,30" hai3="12,19,37,42,45,77,79,90,93,98,104,105,106" /><INIT seed="7,2,2,5,1,32" ten="308,291,210,171" oya="3" hai0="14,58,38,128,17,73,130,111,80,125,117,110,62" hai1="27,132,106,53,45,75,10,19,96,9,122,28,59" hai2="40,35,89,21,118,51,7,76,29,131,24,74,115" hai3="37,5,52,48,39,95,41,126,103,25,34,72,105"/><W129/><G72/><T100/><D100/><U0/><E122/><V30/><F118/><W15/><G105/><T87/><D73/><U93/><E106/><V127/><F7/><W124/><G129/><N who="0" m="49771" /><D38/><U8/><E75/><V90/><F131/><W3/><G3/><T69/><D69/><U113/><E113/><V42/><F115/><W1/><G1/><T20/><D125/><N who="3" m="48233" /><G41/><T97/><D97/><U50/><E0/><V6/><F42/><W82/><G82/><T18/><D18/><U78/><E78/><V56/><F40/><W120/><G120/><T83/><D117/><U101/><E132/><V49/><F74/><W23/><G95/><T44/><D44/><U4/><E4/><V121/><F121/><W66/><G66/><N who="0" m="39255" /><D83/><U55/><E28/><V16/><F127/><W33/><G103/><T71/><D71/><U60/><E27/><V11/><F30/><N who="3" m="17727" /><G5/><T135/><D135/><U104/><E104/><V108/><F6/><W2/><G15/><AGARI ba="2,2" hai="8,9,10,15,19,45,50,53,55,59,60,93,96,101" machi="15" ten="40,1300,0" yaku="8,1" doraHai="32" who="1" fromWho="3" sc="308,0,291,39,210,0,171,-19" owari="308,11.0,330,43.0,210,-19.0,152,-35.0" /></mjloggm>