<mjloggm ver="2.3"><GO type="169" lobby="0"/><UN n0="%E5%8D%97%E6%96%97%E3%83%AC%E3%82%A4%E2%99%AA" n1="%E3%83%88%E3%83%88%E3%83%AA%E5%85%88%E7%94%9F%31%39%E6%AD%B3" n2="%E6%BC%A3%E5%A4%8F" n3="%E3%83%97%E3%83%A9%E3%83%81%E3%83%8A%E3%83%A0" dan="18,19,17,16" rate="2212.71,2307.42,2185.24,2122.01" sx="M,F,M,M"/><TAIKYOKU oya="0"/><INIT seed="0,0,0,4,1,131" ten="250,250,250,250" oya="0" hai0="135,92,70,90,3,25,91,120,127,126,118,44,94" hai1="6,123,107,1,116,78,29,41,129,61,36,121,100" hai2="111,15,124,51,8,130,134,103,58,62,97,84,99" hai3="7,45,9,89,66,49,132,42,112,24,48,38,95"/><T79/><D120/><U54/><E116/><V40/><F111/><W11/><G112/><T47/><D118/><U104/><E129/><V20/><F130/><W69/><G132/><T81/><D70/><U109/><E109/><V22/><F124/><N who="0" m="47658" /><D3/><U83/><E29/><V64/><F134/><W57/><G69/><T75/><D135/><U50/><E61/><V28/><F84/><W73/><G73/><T110/><D110/><U39/><E121/><V4/><F28/><W115/><G115/><T37/><D25/><U71/><E71/><V125/><F125/><W122/><G24/><T33/><D33/><U27/><E27/><V96/><REACH who="2" step="1"/><F103/><REACH who="2" ten="250,250,240,250" step="2"/><W26/><G122/><T119/><D119/><U13/><E100/><V34/><F34/><W87/><G87/><N who="0" m="52351" /><D37/><U14/><E39/><V133/><F133/><W17/><G38/><T74/><D75/><U106/><E123/><V128/><F128/><W86/><G86/><AGARI ba="0,1" hai="44,47,74,79,81,86,90,94" m="52351,47658" machi="86" ten="30,1500,0" yaku="18,1" doraHai="131" who="0" fromWho="3" sc="250,25,250,0,240,0,250,-15" /><INIT seed="0,1,0,0,5,12" ten="275,250,240,235" oya="0" hai0="7,103,113,13,51,70,74,43,36,130,46,131,56" hai1="78,109,20,94,23,111,53,45,68,84,125,79,67" hai2="75,5,88,24,83,50,54,124,106,128,135,28,123" hai3="19,122,82,129,120,69,10,102,2,55,73,96,6"/><T77/><D70/><U42/><E125/><V16/><F123/><N who="3" m="47147" /><G69/><T99/><D113/><U127/><E127/><V47/><F124/><W91/><G129/><N who="0" m="49163" /><D77/><U61/><E53/><V76/><F135/><W81/><G55/><N who="0" m="31871" /><D74/><U37/><E79/><V110/><F110/><N who="1" m="41993" /><E94/><V18/><F106/><N who="3" m="63815" /><G73/><T40/><D40/><U3/><E3/><V44/><F128/><W26/><G91/><T92/><D7/><U39/><E39/><V95/><F5/><W17/><G26/><T25/><D25/><U93/><E93/><V71/><F71/><W58/><G58/><T116/><D116/><U52/><E52/><V29/><F47/><W98/><G98/><T112/><D112/><U0/><E0/><V1/><F1/><W9/><G9/><T134/><D134/><U4/><E4/><V104/><F104/><W34/><G34/><T8/><D92/><U57/><E68/><V118/><F118/><W65/><G65/><T117/><D117/><U90/><E90/><V121/><F121/><W38/><G38/><T60/><D99/><U41/><E41/><V86/><F29/><W33/><G33/><AGARI ba="1,0" hai="16,18,24,28,33,44,50,54,75,76,83,86,88,95" machi="33" ten="30,8000,1" yaku="7,1,52,2,54,2" doraHai="12" who="2" fromWho="3" sc="275,0,250,0,240,83,235,-83" /><INIT seed="1,0,0,3,0,2" ten="275,250,323,152" oya="1" hai0="14,125,112,54,131,111,133,113,68,9,38,58,129" hai1="3,62,102,106,76,104,79,85,78,122,132,11,42" hai2="81,59,36,127,91,114,71,33,24,63,90,45,46" hai3="86,109,41,121,25,12,53,52,48,47,1,77,66"/><U123/><E42/><V34/><F71/><W135/><G1/><T51/><D68/><U22/><E62/><V126/><F114/><W98/><G121/><N who="1" m="46090" /><E22/><V50/><F36/><W31/><G135/><T69/><D38/><U28/><E28/><N who="2" m="19591" /><F34/><W7/><G98/><T115/><D69/><U134/><E11/><V5/><F5/><W117/><G117/><T27/><D133/><N who="1" m="51307" /><E3/><V21/><F81/><N who="3" m="47407" /><G66/><T73/><D113/><U88/><E102/><V75/><F21/><N who="3" m="15791" /><G109/><T95/><D111/><U118/><E118/><V99/><F63/><W130/><G130/><T100/><D129/><U40/><E40/><V44/><F50/><W80/><G80/><AGARI ba="0,0" hai="76,78,79,80,85,88,104,106" m="51307,46090" machi="80" ten="40,12000,1" yaku="20,1,34,2,54,1" doraHai="2" who="1" fromWho="3" sc="275,0,250,120,323,0,152,-120" /><INIT seed="1,1,0,5,5,48" ten="275,370,323,32" oya="1" hai0="24,2,131,115,31,58,59,71,53,61,82,56,20" hai1="54,79,46,22,19,76,135,122,60,106,4,5,91" hai2="90,49,47,112,123,11,68,128,75,44,36,95,27" hai3="65,8,85,97,103,55,132,78,32,57,98,92,18"/><U125/><E122/><V101/><F75/><W17/><G32/><T117/><D115/><U28/><E106/><V15/><F68/><W42/><G132/><T89/><D2/><U77/><E125/><V62/><F123/><W69/><G42/><T107/><D107/><U50/><E135/><V63/><F128/><W110/><G110/><T72/><D117/><U38/><E38/><V127/><F127/><W0/><G65/><T30/><D131/><U33/><E33/><V52/><F112/><W83/><G69/><T45/><D71/><U70/><E28/><V67/><F101/><W16/><G0/><T130/><D130/><U40/><E91/><V109/><F109/><W113/><G113/><T87/><D72/><U23/><E23/><V51/><F36/><W39/><G39/><T120/><D120/><U86/><E86/><V81/><F81/><W13/><G98/><T134/><D134/><U96/><E96/><N who="2" m="57463" /><F67/><W29/><G29/><T3/><D3/><U94/><E94/><V9/><F27/><W73/><G73/><T121/><D121/><U6/><E70/><V41/><F9/><W100/><G103/><T14/><D31/><U126/><E126/><V34/><F34/><W35/><G35/><T66/><D14/><N who="1" m="9591" /><E76/><V102/><F102/><W116/><G116/><T10/><D10/><U124/><E124/><V12/><F12/><W114/><G114/><T129/><D129/><U104/><E104/><V111/><F111/><W119/><G119/><T80/><D82/><U108/><E108/><V7/><AGARI ba="1,0" hai="7,11,15,41,44,47,49,51,52,62,63" m="57463" machi="7" ten="30,4000,0" yaku="8,1,52,1,54,1" doraHai="48" who="2" fromWho="2" sc="275,-11,370,-21,323,43,32,-11" /><INIT seed="2,0,0,2,0,16" ten="264,349,366,21" oya="2" hai0="35,118,74,129,60,65,100,93,101,96,46,22,135" hai1="98,11,2,53,126,14,42,102,50,49,24,45,87" hai2="9,34,132,36,25,90,31,20,70,64,30,51,27" hai3="80,119,86,117,26,52,58,97,1,23,55,41,84"/><V89/><F36/><W21/><G1/><T133/><D35/><U81/><E126/><V47/><F132/><N who="0" m="50762" /><D74/><U122/><E122/><V71/><F9/><W120/><G120/><T69/><D129/><U91/><E2/><V75/><F75/><W109/><G41/><T15/><D46/><U92/><E24/><V56/><F56/><W5/><G97/><T73/><D73/><U38/><REACH who="1" step="1"/><E53/><REACH who="1" ten="264,339,366,21" step="2"/><V54/><REACH who="2" step="1"/><F64/><REACH who="2" ten="264,339,356,21" step="2"/><W114/><G119/><T7/><D118/><U78/><E78/><V37/><F37/><W107/><G117/><T123/><D123/><U6/><AGARI ba="0,2" hai="6,11,14,38,42,45,49,50,81,87,91,92,98,102" machi="6" ten="20,5200,0" yaku="1,1,0,1,7,1,53,1" doraHai="16" doraHaiUra="79" who="1" fromWho="1" sc="264,-13,339,72,356,-26,21,-13" /><INIT seed="3,0,0,0,3,31" ten="251,411,330,8" oya="3" hai0="134,130,0,133,123,101,70,51,18,116,64,90,65" hai1="3,26,111,82,50,34,8,33,132,23,9,85,89" hai2="40,120,52,32,75,107,7,92,27,28,57,79,22" hai3="61,121,30,78,66,86,114,98,36,5,55,45,67"/><W42/><G121/><T94/><D123/><U96/><E111/><V118/><F118/><W113/><G30/><T102/><D0/><U135/><E50/><V128/><F107/><W110/><G5/><T14/><D116/><U37/><E37/><V122/><F128/><W43/><G98/><T47/><D130/><U38/><E38/><V97/><F40/><N who="3" m="22663" /><G86/><N who="0" m="52567" /><D70/><U69/><E69/><V104/><F104/><W80/><G80/><T117/><D117/><U126/><E126/><V4/><F79/><W35/><G35/><N who="1" m="13322" /><E96/><V115/><F75/><W83/><G83/><T58/><D58/><U24/><E3/><V76/><F76/><W46/><G78/><T54/><D133/><N who="1" m="51275" /><E24/><V29/><F115/><N who="3" m="44043" /><G110/><T112/><D134/><U68/><E68/><V15/><F122/><W12/><G12/><T93/><D112/><U10/><E10/><V105/><F120/><W21/><G21/><N who="0" m="11479" /><D102/><U17/><AGARI ba="0,0" hai="8,9,17,23,26,82,85,89" m="51275,13322" machi="17" ten="30,7900,0" yaku="20,1,52,3" doraHai="31" who="1" fromWho="1" sc="251,-20,411,79,330,-20,8,-39" owari="231,-17.0,490,59.0,310,11.0,-31,-53.0" /></mjloggm>