<mjloggm ver="2.3"><GO type="169" lobby="0"/><UN n0="%E7%B4%A0%E6%9C%B4%E3%81%AA%E5%91%B3%E3%82%8F%E3%81%84" n1="%E3%82%A6%E3%83%AB%E3%83%88%E3%83%A9%E7%AB%8B%E7%9B%B4" n2="%E3%83%8E%E3%83%96%E3%82%AD" n3="%E3%81%BE%E3%81%82%E3%81%BC%E3%81%86%E5%A4%A7%E4%BD%90" dan="16,18,16,17" rate="2050.89,2249.98,2133.16,2175.99" sx="M,M,M,F"/><TAIKYOKU oya="0"/><INIT seed="0,0,0,0,3,6" ten="250,250,250,250" oya="0" hai0="131,121,58,99,0,59,134,43,24,18,57,129,12" hai1="3,112,86,15,28,30,113,48,95,116,47,89,25" hai2="73,23,44,19,39,90,102,5,31,54,130,66,98" hai3="34,93,69,107,78,100,88,92,64,2,16,22,94"/><T32/><D121/><U108/><E3/><V79/><F66/><W122/><G122/><T125/><D0/><U133/><E116/><V50/><F31/><W84/><G2/><T83/><D134/><U11/><E108/><V29/><F29/><W135/><G135/><T53/><D125/><U109/><E109/><V85/><F130/><N who="0" m="49674" /><D43/><U80/><E95/><V110/><F110/><W33/><G69/><T42/><D42/><U61/><E61/><V81/><F5/><W52/><G64/><T132/><D132/><U67/><E67/><V41/><F23/><W128/><G128/><T4/><D4/><U65/><E65/><V97/><F19/><W106/><G78/><T27/><D32/><U46/><E133/><V77/><F77/><W40/><G40/><T111/><D111/><U63/><E63/><V127/><F127/><W20/><G33/><T118/><D118/><U76/><E76/><V70/><F70/><W45/><G34/><T68/><D68/><U10/><E30/><V74/><F102/><W49/><G22/><N who="0" m="11591" /><D83/><U114/><E15/><V7/><F7/><W115/><G115/><T60/><D99/><U35/><E47/><V21/><F21/><W96/><REACH who="3" step="1"/><G107/><REACH who="3" ten="250,250,250,240" step="2"/><T36/><D36/><U14/><E14/><AGARI ba="0,1" hai="14,16,20,45,49,52,84,88,92,93,94,96,100,106" machi="14" ten="30,12000,2" yaku="1,1,2,1,7,1,54,3,53,0" doraHai="6" doraHaiUra="123" who="3" fromWho="1" sc="250,0,250,-120,250,0,240,130" /><INIT seed="1,0,0,3,4,46" ten="250,130,250,370" oya="1" hai0="11,99,9,82,28,133,105,75,26,57,81,78,71" hai1="21,12,128,2,76,96,106,36,49,90,34,8,88" hai2="107,65,79,48,0,80,32,84,24,64,86,52,38" hai3="41,120,10,51,31,100,14,95,37,134,92,4,50"/><U17/><E36/><V85/><F38/><W111/><G111/><T126/><D133/><U123/><E123/><V39/><F39/><W104/><G134/><T20/><D126/><U70/><E70/><V131/><F0/><W109/><G109/><T103/><D71/><U59/><E34/><V72/><F107/><W30/><G120/><T56/><D81/><U53/><E128/><V116/><F116/><W115/><G115/><T7/><REACH who="0" step="1"/><D11/><REACH who="0" ten="240,130,250,370" step="2"/><U22/><E76/><V118/><F118/><W93/><G10/><T62/><D62/><U77/><E77/><V16/><F131/><W66/><G104/><T33/><D33/><U97/><E106/><V47/><REACH who="2" step="1"/><F32/><REACH who="2" ten="240,130,240,370" step="2"/><W35/><G35/><T69/><D69/><U101/><E2/><AGARI ba="0,2" hai="2,7,9,20,26,28,56,57,75,78,82,99,103,105" machi="2" ten="30,2000,0" yaku="1,1,7,1,53,0" doraHai="46" doraHaiUra="114" who="0" fromWho="1" sc="240,40,130,-20,240,0,370,0" /><INIT seed="2,0,0,3,5,33" ten="280,110,240,370" oya="2" hai0="65,87,130,3,62,91,108,112,52,35,94,44,30" hai1="29,21,82,55,2,11,80,61,0,63,121,120,49" hai2="23,127,95,53,5,10,98,26,84,131,102,70,99" hai3="45,58,135,109,8,51,24,118,92,77,7,133,71"/><V105/><F70/><W101/><G109/><T96/><D112/><U32/><E32/><V18/><F127/><W83/><G71/><T28/><D108/><U88/><E11/><V42/><F131/><W60/><G118/><T39/><D130/><U100/><E100/><V104/><F42/><W132/><G24/><T37/><D3/><N who="1" m="1067" /><E21/><V76/><F53/><W22/><G22/><T47/><D37/><U79/><E29/><V9/><F9/><W116/><G116/><T126/><D39/><U43/><E43/><V17/><F17/><W16/><G7/><T69/><D126/><U90/><E49/><V128/><F128/><W14/><G101/><T4/><D4/><U25/><E25/><V20/><F20/><W57/><G60/><N who="1" m="23114" /><E55/><V86/><F76/><W48/><G48/><T15/><D35/><U68/><E68/><V31/><F31/><W19/><G19/><T50/><D44/><U81/><E79/><V72/><F10/><W93/><G58/><T114/><D114/><U122/><AGARI ba="0,0" hai="80,81,82,88,90,120,121,122" m="23114,1067" machi="122" ten="40,12000,2" yaku="28,2,13,1,52,3,54,1" doraHai="33" who="1" fromWho="1" sc="280,-30,110,120,240,-60,370,-30" /><INIT seed="3,0,0,5,0,51" ten="250,230,180,340" oya="3" hai0="81,47,6,31,12,68,120,15,83,126,84,72,1" hai1="127,28,80,21,53,97,78,113,105,95,118,22,18" hai2="135,114,56,91,16,75,129,45,96,5,76,74,73" hai3="10,70,71,43,123,62,119,17,109,99,106,110,46"/><W7/><G123/><T121/><D68/><N who="3" m="26153" /><G17/><T64/><D64/><U33/><E105/><V112/><F5/><W35/><G62/><T57/><D126/><U20/><E127/><V108/><F76/><W102/><G35/><T44/><D84/><U131/><E131/><V42/><F108/><N who="3" m="41579" /><G119/><T134/><D57/><U93/><E28/><V54/><F129/><W104/><G99/><T67/><D67/><U90/><E33/><V85/><F96/><W88/><G88/><T26/><D31/><U34/><E34/><V25/><F91/><W19/><G19/><T2/><D6/><U86/><E118/><V48/><F16/><W101/><G101/><T27/><REACH who="0" step="1"/><D134/><REACH who="0" ten="240,230,180,340" step="2"/><U79/><E18/><V36/><F135/><W63/><G63/><T94/><D94/><U107/><E95/><V92/><F92/><W55/><G106/><T4/><D4/><U13/><E107/><V40/><F85/><W60/><G104/><T128/><D128/><U52/><E13/><V124/><F124/><W61/><G61/><T98/><D98/><U3/><E3/><V69/><F69/><W9/><G7/><T37/><D37/><U89/><E113/><V130/><F130/><W0/><G0/><T23/><D23/><U50/><E50/><N who="2" m="30807" /><F114/><W103/><G9/><T116/><D116/><U29/><E29/><V117/><F112/><W11/><G10/><T24/><D24/><U14/><E14/><V115/><F115/><W49/><G11/><T38/><D38/><U59/><E59/><AGARI ba="0,1" hai="43,46,49,55,59,60,102,103" m="41579,26153" machi="59" ten="30,5800,0" yaku="14,1,10,1,52,1" doraHai="51" who="3" fromWho="1" sc="240,0,230,-58,180,0,340,68" /><INIT seed="3,1,0,0,3,72" ten="240,172,180,408" oya="3" hai0="57,118,10,113,121,85,95,29,5,47,55,97,66" hai1="127,99,126,129,50,1,81,34,93,41,42,128,27" hai2="108,68,92,33,80,117,91,105,104,44,30,46,40" hai3="11,59,14,22,31,15,19,102,84,36,106,51,4"/><W64/><G36/><T38/><D118/><U114/><E1/><V119/><F68/><W101/><G106/><T49/><D121/><U60/><E114/><V23/><F108/><W63/><G31/><T74/><D74/><U21/><E34/><V62/><F33/><W103/><G51/><T70/><D113/><U13/><E13/><V94/><F46/><W78/><REACH who="3" step="1"/><G103/><REACH who="3" ten="240,172,180,398" step="2"/><T123/><D38/><U20/><E50/><V77/><F104/><W65/><G65/><T16/><D29/><U17/><E128/><V131/><F105/><W124/><G124/><T120/><D123/><U76/><E129/><V98/><F30/><W48/><G48/><T32/><D120/><U45/><E127/><V3/><F131/><W56/><G56/><T125/><D57/><U37/><E126/><V35/><F119/><W28/><G28/><T52/><D125/><U111/><E37/><V6/><F117/><W110/><G110/><T130/><D55/><U134/><E111/><V100/><F100/><W133/><G133/><T115/><D130/><U83/><E134/><V109/><F109/><W132/><G132/><T39/><D39/><U54/><E54/><V25/><F40/><W112/><G112/><T82/><D32/><U18/><E42/><V73/><F35/><W12/><G12/><N who="0" m="7191" /><D66/><U75/><E41/><V135/><F135/><W79/><G79/><N who="0" m="46303" /><D70/><U86/><E45/><V2/><F44/><W71/><G71/><T24/><D115/><U107/><E107/><V69/><F69/><W90/><G90/><N who="0" m="55543" /><D24/><U0/><E27/><V87/><F25/><W8/><G8/><RYUUKYOKU ba="1,1" sc="240,15,172,-15,180,-15,398,15" hai0="5,47,49,52" hai3="4,11,14,15,19,22,59,63,64,78,84,101,102" /><INIT seed="3,2,1,3,2,16" ten="255,157,165,413" oya="3" hai0="19,112,95,92,10,21,38,33,36,85,72,79,125" hai1="129,59,113,5,86,128,69,0,18,1,74,80,13" hai2="34,7,73,67,52,9,41,110,26,45,132,127,76" hai3="35,81,39,43,107,12,27,134,108,100,28,58,94"/><W116/><G116/><T2/><D33/><U102/><E69/><V135/><F110/><W120/><G120/><T122/><D122/><U20/><E74/><V11/><F127/><W89/><G108/><T8/><D125/><U56/><E102/><V68/><F68/><W71/><G71/><T101/><D112/><U119/><E113/><V70/><F67/><W60/><G81/><T77/><D72/><U83/><E83/><N who="2" m="45455" /><F70/><W130/><G107/><T114/><D114/><U42/><E42/><V32/><F26/><W6/><G100/><T97/><D2/><N who="1" m="1131" /><E5/><V91/><F91/><W30/><G30/><T53/><D38/><U3/><E3/><N who="2" m="255" /><F11/><W121/><G121/><T4/><D4/><U88/><E119/><V47/><F52/><W124/><G124/><T123/><D123/><U23/><E23/><V15/><F15/><W75/><G75/><T126/><D126/><U46/><E46/><N who="2" m="17419" /><F41/><W84/><G43/><T103/><D53/><U40/><E40/><V111/><F111/><W62/><G39/><T115/><D36/><U17/><E17/><V61/><F61/><W37/><G37/><T106/><D115/><U104/><E104/><V55/><F55/><W29/><G62/><T54/><D54/><U96/><E96/><V65/><F65/><W99/><G60/><T93/><D103/><U118/><E118/><V87/><F87/><W78/><G6/><T51/><D85/><U82/><E82/><V24/><F24/><W22/><G84/><T105/><D105/><U25/><E25/><V63/><F63/><W64/><G64/><T90/><D106/><RYUUKYOKU ba="2,1" sc="255,-15,157,15,165,15,413,-15" hai1="13,18,20,56,59,80,86,88,128,129" hai2="32,34,132,135" /><INIT seed="4,3,1,3,2,99" ten="240,172,180,398" oya="0" hai0="30,8,21,32,74,52,109,92,133,57,64,130,120" hai1="102,62,10,117,3,14,88,40,100,20,82,114,1" hai2="38,98,127,93,39,6,68,41,29,17,78,77,79" hai3="34,110,95,66,31,135,63,128,105,53,83,9,103"/><T71/><D120/><U47/><E117/><V49/><F68/><W4/><G110/><T134/><D74/><U124/><E114/><V97/><F127/><W125/><G53/><T101/><D130/><U69/><E124/><V37/><F6/><W51/><G51/><T86/><D109/><U73/><E20/><V15/><F29/><W24/><G95/><T90/><D32/><U118/><E118/><V60/><F60/><W23/><G83/><T58/><D71/><U46/><E46/><V19/><F98/><N who="3" m="61687" /><G23/><T94/><D64/><U65/><E3/><V54/><F41/><W122/><G125/><T48/><D57/><U33/><E33/><V12/><F12/><W91/><G91/><T84/><D8/><U131/><E131/><V27/><F27/><W25/><G25/><T43/><D43/><U75/><E1/><V113/><F113/><W81/><G81/><T50/><D50/><U104/><E104/><V121/><F15/><W0/><G128/><T108/><D108/><U67/><E67/><V107/><F107/><W45/><G45/><T85/><D90/><U111/><E111/><V26/><F26/><W89/><G89/><T56/><D56/><U5/><E88/><V13/><F13/><W2/><G2/><T119/><D119/><U116/><E116/><V80/><F80/><W18/><G122/><T96/><D92/><U7/><E7/><V126/><F126/><W72/><G18/><T106/><D94/><U28/><E28/><V11/><F121/><W70/><G72/><N who="1" m="27722" /><E82/><V35/><F19/><W87/><G87/><T129/><D129/><RYUUKYOKU ba="3,1" sc="240,10,172,10,180,-30,398,10" hai0="21,30,48,52,58,84,85,86,96,101,106,133,134" hai1="5,10,14,40,47,62,65,69,100,102" hai3="0,4,9,24,31,34,63,66,70,135" /><INIT seed="4,4,1,3,3,65" ten="250,182,150,408" oya="0" hai0="125,40,83,56,134,49,80,66,75,102,36,29,89" hai1="58,47,101,39,46,63,51,32,25,109,21,13,132" hai2="44,92,97,71,37,103,16,121,4,24,122,5,52" hai3="48,105,110,68,35,15,72,127,111,50,26,42,99"/><T28/><D134/><U19/><E109/><V79/><F79/><W54/><G72/><T6/><D102/><U131/><E131/><V10/><F71/><W116/><G116/><T43/><D36/><U57/><E132/><V2/><F4/><W76/><G76/><T93/><D75/><U9/><E32/><V81/><F81/><N who="0" m="31306" /><D6/><U23/><E101/><V104/><F104/><W64/><G15/><T88/><D125/><U18/><E39/><V30/><F37/><W53/><G127/><T17/><D17/><U84/><E84/><V124/><F124/><W14/><G14/><T73/><D73/><U108/><E108/><V70/><F70/><W106/><G42/><N who="0" m="15915" /><D89/><U67/><E23/><V20/><REACH who="2" step="1"/><F30/><REACH who="2" ten="250,182,140,408" step="2"/><W77/><G68/><T95/><D95/><U130/><E130/><V22/><F22/><W98/><G77/><T128/><D128/><U90/><E90/><V112/><F112/><W82/><G106/><T0/><D0/><U115/><E115/><V69/><F69/><W34/><G105/><T135/><D135/><U12/><E12/><V11/><F11/><W133/><G133/><T61/><D49/><AGARI ba="4,2" hai="2,5,10,16,20,24,44,49,52,92,97,103,121,122" machi="49" ten="40,5200,0" yaku="1,1,54,2,53,0" doraHai="65" doraHaiUra="87" who="2" fromWho="0" sc="250,-64,182,0,140,84,408,0" /><INIT seed="5,0,0,5,2,31" ten="186,182,224,408" oya="1" hai0="93,65,36,6,34,135,60,130,114,134,85,1,52" hai1="99,100,104,66,59,0,103,35,128,125,28,94,4" hai2="51,127,126,45,124,3,67,89,75,10,108,73,25" hai3="110,101,87,120,14,48,106,38,107,43,121,71,46"/><U132/><E128/><V32/><F108/><W58/><G110/><T57/><D36/><U112/><E112/><V116/><F116/><W119/><G119/><T61/><D114/><U80/><E125/><V26/><F67/><W109/><G109/><T68/><D130/><U113/><E113/><V53/><F89/><W83/><G14/><T91/><REACH who="0" step="1"/><D34/><REACH who="0" ten="176,182,224,408" step="2"/><U64/><E132/><V118/><F118/><W41/><G38/><T102/><D102/><U117/><E117/><V33/><F73/><W22/><G101/><T131/><D131/><U37/><E37/><V86/><F75/><W44/><G121/><T81/><D81/><U122/><E122/><V82/><F33/><W84/><G83/><T74/><D74/><U76/><E35/><V13/><F32/><W115/><G115/><T12/><D12/><U40/><E103/><V27/><F3/><W15/><G15/><T2/><D2/><U39/><E104/><V95/><F13/><W123/><G106/><T69/><D69/><U42/><E39/><V16/><F82/><W90/><G107/><T11/><AGARI ba="0,1" hai="1,6,11,52,57,60,61,65,68,85,91,93,134,135" machi="11" ten="30,7900,0" yaku="1,1,0,1,54,1,53,1" doraHai="31" doraHaiUra="7" who="0" fromWho="0" sc="176,89,182,-39,224,-20,408,-20" /><INIT seed="6,0,0,4,3,96" ten="265,143,204,388" oya="2" hai0="131,29,40,108,104,47,8,22,54,114,123,11,56" hai1="42,102,82,3,61,127,103,15,85,34,19,99,106" hai2="88,41,64,97,122,90,77,119,49,31,21,0,84" hai3="89,116,25,92,130,101,75,115,5,112,72,50,93"/><V30/><F122/><W135/><G116/><T45/><D108/><U66/><E3/><V17/><F119/><W107/><G107/><T100/><D123/><U83/><E127/><V124/><F0/><W80/><G5/><T43/><D114/><N who="3" m="43561" /><G130/><T9/><D131/><U87/><E34/><V120/><F124/><W132/><G50/><N who="0" m="30807" /><D104/><U110/><E110/><V126/><F126/><W121/><G25/><N who="0" m="16567" /><D100/><N who="1" m="38443" /><E106/><V36/><F36/><W81/><G121/><T52/><D47/><U27/><E27/><N who="2" m="14767" /><F120/><W7/><G7/><T113/><D113/><U58/><E42/><V13/><F64/><W78/><G78/><T68/><D68/><U73/><E73/><V51/><F13/><W6/><G6/><T23/><D23/><N who="1" m="11775" /><E99/><V69/><F69/><W111/><G111/><T125/><D125/><U134/><E134/><V2/><F2/><W28/><G72/><T63/><D45/><U65/><E65/><V62/><F97/><N who="3" m="59567" /><G75/><T79/><D40/><U16/><E16/><V67/><F41/><W48/><G135/><T76/><D43/><U95/><E95/><N who="2" m="54663" /><F77/><W35/><G132/><T59/><AGARI ba="0,0" hai="8,9,11,52,59,63,76,79" m="16567,30807" machi="59" ten="30,2000,0" yaku="8,1,54,1" doraHai="96" who="0" fromWho="0" sc="265,20,143,-5,204,-10,388,-5" /><INIT seed="7,0,0,1,1,28" ten="285,138,194,383" oya="3" hai0="18,124,88,24,21,75,99,4,130,104,53,41,85" hai1="93,114,110,105,115,67,106,57,49,10,34,32,95" hai2="132,131,17,16,117,120,133,48,40,116,38,63,56" hai3="118,46,1,66,44,134,111,135,39,73,54,64,128"/><W13/><G1/><T94/><D75/><U96/><E10/><V2/><F2/><W74/><G118/><N who="2" m="45673" /><F38/><W33/><G33/><N who="1" m="12906" /><E110/><V92/><F131/><W15/><G128/><T12/><D130/><U11/><E11/><V127/><F127/><W108/><G54/><T43/><D124/><U78/><E78/><V98/><F48/><W112/><G112/><N who="1" m="43050" /><E95/><V51/><F51/><W19/><G19/><T27/><D4/><U37/><E37/><AGARI ba="0,0" hai="13,15,37,39,44,46,64,66,73,74,108,111,134,135" machi="37" ten="25,2400,0" yaku="22,2" doraHai="28" who="3" fromWho="1" sc="285,0,138,-24,194,0,383,24" owari="285,9.0,114,-39.0,194,-21.0,407,51.0" /></mjloggm>