<mjloggm ver="2.3"><GO type="169" lobby="0"/><UN n0="%E3%83%AD%E3%83%90%E3%83%BC%E3%83%88%E3%83%BB%E3%83%AD%E3%83%BC%E3%82%BA" n1="%44%2D%4B" n2="%E3%82%A6%E3%83%AB%E3%83%88%E3%83%A9%E7%AB%8B%E7%9B%B4" n3="%73%65%61%73%75%69" dan="16,17,18,16" rate="2120.97,2148.06,2250.21,2089.05" sx="M,M,M,M"/><TAIKYOKU oya="0"/><INIT seed="0,0,0,2,2,134" ten="250,250,250,250" oya="0" hai0="42,18,115,132,107,74,92,120,46,23,124,15,1" hai1="105,3,36,81,86,7,8,113,114,55,119,83,14" hai2="117,70,101,59,65,123,43,67,45,4,116,21,50" hai3="37,60,0,16,47,44,29,9,57,110,80,122,10"/><T104/><D120/><U72/><E105/><V22/><F4/><W24/><G122/><T19/><D115/><U130/><E119/><N who="2" m="45643" /><F101/><W54/><G110/><T6/><D132/><U118/><E118/><V26/><F26/><W133/><G133/><T30/><D30/><U108/><E108/><V93/><F93/><W13/><G37/><T34/><D34/><U98/><E130/><V91/><F91/><W129/><G129/><T87/><D74/><U125/><E98/><V85/><F85/><W48/><G80/><T56/><D56/><U95/><E95/><V77/><F77/><W61/><G0/><T20/><D6/><U82/><E72/><V111/><F21/><W97/><G97/><T39/><D1/><U31/><E86/><V38/><F22/><N who="3" m="15511" /><G9/><T49/><D39/><U41/><E31/><V68/><F111/><W12/><G12/><T66/><D66/><N who="2" m="25098" /><F123/><W5/><G5/><T51/><D104/><U96/><E96/><V131/><F131/><W35/><G35/><T63/><D107/><U103/><E103/><V88/><F88/><W73/><G73/><T135/><D135/><U58/><E14/><V78/><F78/><W11/><G11/><T79/><D79/><U69/><E113/><V121/><F121/><W106/><G106/><T112/><D15/><U75/><E114/><V76/><F76/><W33/><G33/><T109/><D112/><U52/><E75/><V64/><F38/><W17/><G17/><T28/><D18/><U89/><E36/><V128/><F128/><W84/><G84/><T99/><D109/><U127/><E7/><RYUUKYOKU ba="0,0" sc="250,-15,250,-15,250,15,250,15" hai2="43,45,50,59,64,68,70" hai3="10,13,16,44,47,48,54,57,60,61" /><INIT seed="1,1,0,1,1,76" ten="235,235,265,265" oya="1" hai0="48,62,85,99,129,35,44,96,29,46,51,81,98" hai1="82,75,65,21,70,27,131,73,115,0,30,122,102" hai2="78,107,18,103,11,89,92,40,14,120,37,125,53" hai3="94,3,111,8,90,36,77,52,67,55,15,10,16"/><U86/><E115/><V13/><F120/><W123/><G123/><T61/><D129/><U47/><E122/><V109/><F109/><W49/><G36/><T88/><D29/><U69/><E0/><V106/><F103/><W32/><G32/><T6/><D6/><U83/><E131/><V17/><F125/><W50/><G77/><T7/><D7/><U101/><E47/><V34/><F34/><W66/><G111/><T87/><D35/><U134/><E134/><V114/><F114/><W38/><G38/><T79/><D48/><U45/><E45/><N who="0" m="17513" /><D51/><N who="3" m="19465" /><G3/><T105/><D105/><U97/><E101/><V59/><F40/><W80/><G8/><T72/><D72/><U126/><E126/><V43/><F43/><W28/><G28/><T56/><D56/><U63/><E70/><V39/><F39/><W24/><G24/><T121/><D121/><U74/><REACH who="1" step="1"/><E86/><REACH who="1" ten="235,225,265,265" step="2"/><V2/><F2/><W127/><G127/><T100/><D100/><U71/><E71/><V116/><F37/><W20/><G10/><T58/><D58/><U4/><E4/><V26/><F11/><W22/><G22/><T112/><D112/><U91/><E91/><V31/><F89/><W5/><G5/><T54/><D54/><N who="3" m="20521" /><G94/><AGARI ba="1,1" hai="61,62,79,81,85,87,88,94,96,98,99" m="17513" machi="94" ten="30,3900,0" yaku="8,1,52,1,54,1" doraHai="76" who="0" fromWho="3" sc="235,52,225,0,265,0,265,-42" /><AGARI ba="1,0" hai="21,27,30,63,65,69,73,74,75,82,83,94,97,102" machi="94" ten="40,7700,0" yaku="1,1,52,2,53,0" doraHai="76" doraHaiUra="117" who="1" fromWho="3" sc="287,0,225,77,265,0,223,-77" /><INIT seed="1,2,0,0,2,66" ten="287,302,265,146" oya="1" hai0="45,96,78,82,47,16,33,29,77,85,14,125,46" hai1="3,94,91,122,131,102,63,135,64,111,106,86,126" hai2="53,90,27,72,4,50,22,21,124,11,49,71,110" hai3="28,98,52,57,130,7,68,73,2,133,109,103,39"/><U1/><E122/><V61/><F72/><W35/><G73/><T54/><D125/><U58/><E126/><V120/><F110/><W95/><G39/><T44/><D33/><U18/><E131/><V118/><F118/><W5/><G109/><T113/><D113/><U9/><E135/><V65/><F124/><W56/><G130/><T128/><D128/><U105/><E111/><V19/><F120/><W127/><G133/><T24/><D96/><U17/><E102/><V100/><F100/><W115/><G115/><T79/><N who="0" m="11776" /><DORA hai="121" /><T70/><D70/><U38/><E38/><V43/><F43/><W41/><G127/><T0/><D0/><U76/><E76/><V114/><F114/><W25/><G41/><T117/><D54/><U89/><E105/><V32/><F32/><W13/><G2/><T119/><D24/><U8/><E106/><V101/><F101/><W20/><G68/><T62/><D62/><U112/><E112/><V69/><F69/><W31/><G57/><T42/><D29/><U34/><E34/><V108/><F53/><W40/><G40/><T81/><D42/><U74/><E74/><V30/><F90/><W93/><G93/><T84/><D79/><U134/><E134/><V48/><F108/><W67/><G67/><T51/><D51/><U97/><E3/><V88/><F88/><W36/><G36/><T92/><D92/><N who="1" m="56463" /><E1/><N who="2" m="399" /><F50/><N who="3" m="30743" /><G31/><T132/><D132/><U26/><E26/><N who="2" m="14655" /><F49/><W99/><G99/><T87/><D87/><U107/><E107/><V59/><F48/><W37/><G37/><T55/><D55/><U80/><E94/><RYUUKYOKU ba="2,0" sc="287,0,302,0,265,0,146,0" hai0="14,16,77,78,81,82,84,85,117,119" hai1="8,9,17,18,58,63,64,80,86,91" hai2="22,27,30,59,61,65,71" hai3="5,7,13,20,25,28,35,95,98,103" /><INIT seed="1,3,0,2,1,22" ten="287,302,265,146" oya="1" hai0="1,46,105,14,76,103,61,58,97,84,78,63,26" hai1="42,53,81,28,86,114,56,120,27,130,30,29,24" hai2="13,87,124,36,126,33,55,88,31,8,123,115,111" hai3="39,108,135,100,0,74,93,92,107,37,99,116,66"/><U44/><E114/><V9/><F36/><W94/><G0/><T83/><D1/><U95/><E120/><V121/><F115/><W85/><G66/><T69/><D69/><U98/><E130/><V34/><F55/><W119/><G37/><T91/><D14/><U67/><E67/><V38/><F38/><W134/><G74/><T82/><D46/><U132/><E132/><N who="3" m="50730" /><G39/><T62/><D91/><N who="1" m="55679" /><E44/><V70/><F70/><W71/><G71/><T101/><D101/><U75/><E75/><V10/><F13/><W12/><G12/><T127/><D26/><N who="1" m="9771" /><E42/><V45/><F45/><W52/><G52/><T50/><D58/><U19/><E19/><V48/><F123/><W68/><G68/><T43/><D105/><U57/><E53/><V122/><F121/><W102/><G108/><T2/><D43/><U23/><E23/><V65/><F111/><W79/><G102/><T15/><D103/><U72/><E72/><V41/><F65/><W3/><G3/><T47/><D2/><U59/><E59/><V125/><F122/><W73/><G73/><T104/><D104/><U118/><E118/><N who="3" m="45098" /><G79/><AGARI ba="3,0" hai="28,29,30,56,57,79,81,86" m="9771,55679" machi="79" ten="30,11600,0" yaku="8,1,52,3" doraHai="22" who="1" fromWho="3" sc="287,0,302,125,265,0,146,-125" /><INIT seed="1,4,0,5,3,92" ten="287,427,265,21" oya="1" hai0="26,28,53,24,67,105,95,29,104,11,39,55,42" hai1="103,5,128,7,85,123,70,109,33,65,64,114,110" hai2="54,32,119,18,9,117,111,4,20,115,74,16,101" hai3="37,107,135,52,126,13,122,118,86,134,17,57,80"/><U56/><E114/><V66/><F74/><W78/><G122/><T21/><D67/><U99/><E123/><V50/><F32/><W58/><G118/><T133/><D133/><U63/><E33/><V36/><F36/><W19/><G107/><T100/><D39/><U77/><E128/><V130/><F130/><W102/><G37/><T23/><D42/><U84/><E70/><V90/><F111/><N who="1" m="42505" /><E65/><V43/><F43/><W12/><G126/><T1/><D95/><N who="1" m="58879" /><E77/><V51/><F66/><W38/><G102/><T108/><D108/><U83/><E83/><V35/><F101/><W127/><G38/><T113/><D113/><U14/><E14/><V124/><F124/><W8/><G127/><T98/><REACH who="0" step="1"/><D105/><REACH who="0" ten="277,427,265,21" step="2"/><U97/><E97/><V47/><F115/><W30/><G30/><T132/><D132/><N who="3" m="50729" /><G52/><T3/><D3/><U34/><E34/><V71/><F35/><W125/><G125/><T40/><D40/><U106/><E106/><V61/><F54/><W2/><G2/><T60/><D60/><U96/><E96/><V48/><F61/><W82/><G82/><T131/><D131/><U79/><E64/><V69/><F69/><W27/><G27/><T10/><D10/><AGARI ba="4,1" hai="8,10,12,13,17,19,57,58,78,80,86" m="50729" machi="10" ten="30,1000,0" yaku="20,1" doraHai="92" who="3" fromWho="0" sc="277,-22,427,0,265,0,21,32" /><INIT seed="2,0,0,3,2,131" ten="255,427,265,53" oya="2" hai0="81,75,111,122,102,96,77,24,87,4,56,133,91" hai1="59,60,45,101,106,25,16,9,7,76,42,94,0" hai2="3,48,27,71,14,5,90,82,126,105,92,30,8" hai3="100,99,29,32,78,41,98,54,127,52,128,109,46"/><V26/><F105/><W21/><G109/><T132/><D122/><U37/><E106/><V35/><F71/><W18/><G128/><T15/><D111/><U129/><E129/><V40/><F126/><W115/><G115/><T55/><D24/><U68/><E68/><V1/><F82/><W117/><G117/><T23/><D4/><U73/><E101/><V97/><F40/><W124/><G78/><T50/><D15/><U84/><E94/><V61/><F61/><W53/><G29/><T13/><D13/><U44/><E84/><V118/><F118/><W85/><G32/><T6/><D23/><U70/><E44/><V110/><F110/><W108/><G85/><T116/><D6/><U65/><E70/><V19/><F48/><W31/><G31/><T83/><REACH who="0" step="1"/><D116/><REACH who="0" ten="245,427,265,53" step="2"/><U130/><E130/><V114/><F27/><W74/><G108/><T121/><D121/><U66/><E25/><V58/><F1/><W39/><G74/><T47/><D47/><U107/><E16/><V123/><F123/><W49/><G39/><T38/><D38/><U20/><E20/><V62/><F114/><W119/><G119/><T64/><D64/><U57/><E66/><V112/><F112/><W134/><G124/><T103/><D103/><U17/><E17/><V51/><F3/><W93/><G127/><T95/><AGARI ba="0,1" hai="50,55,56,75,77,81,83,87,91,95,96,102,132,133" machi="95" ten="30,12000,2" yaku="1,1,0,1,52,2,53,2" doraHai="131" doraHaiUra="79" who="0" fromWho="0" sc="245,130,427,-30,265,-60,53,-30" /><INIT seed="3,0,0,5,3,134" ten="375,397,205,23" oya="3" hai0="77,86,85,46,43,28,111,32,53,47,107,114,25" hai1="37,99,91,2,108,67,92,10,116,83,118,54,58" hai2="4,6,88,96,79,94,38,129,33,64,24,18,40" hai3="126,22,51,72,75,69,109,59,48,27,65,117,70"/><W13/><G13/><T44/><D111/><U50/><E108/><V57/><F129/><W131/><G109/><T74/><D107/><U55/><E37/><V125/><F38/><W8/><G8/><T113/><D53/><U66/><E2/><V60/><F40/><W103/><G103/><T104/><D104/><U36/><E36/><V16/><F125/><W106/><G106/><T110/><D110/><U19/><E10/><V45/><F45/><N who="0" m="17514" /><D77/><U123/><E123/><V56/><F79/><W11/><G11/><T1/><D74/><N who="3" m="28201" /><G59/><T26/><D26/><U98/><E19/><N who="2" m="7211" /><F33/><W12/><G12/><T128/><D1/><U81/><E58/><N who="2" m="36887" /><F24/><W20/><G27/><T84/><D128/><U102/><E118/><V80/><F80/><W115/><G131/><T7/><D7/><AGARI ba="0,0" hai="4,6,7,56,57,88,94,96" m="36887,7211" machi="7" ten="30,3900,0" yaku="8,1,54,2" doraHai="134" who="2" fromWho="0" sc="375,-39,397,0,205,39,23,0" /><INIT seed="4,0,0,5,4,96" ten="336,397,244,23" oya="0" hai0="107,86,104,29,7,128,39,35,49,17,82,85,42" hai1="32,84,30,53,34,50,51,19,24,54,83,59,65" hai2="41,23,48,12,3,0,119,90,9,120,127,60,38" hai3="69,135,47,89,124,28,71,43,115,125,11,52,15"/><T45/><D128/><U70/><E34/><V21/><F38/><W103/><G28/><T27/><D7/><U126/><E126/><N who="3" m="48746" /><G89/><T8/><D39/><U67/><E19/><V18/><F127/><W25/><G25/><T26/><D85/><U68/><E68/><N who="3" m="26186" /><G43/><T57/><D57/><U118/><E70/><V73/><F90/><W40/><G15/><T131/><D131/><U121/><E24/><V76/><F41/><W61/><G11/><T102/><D102/><U16/><E30/><V81/><F23/><W77/><G77/><T5/><D17/><U13/><E16/><V10/><F18/><W113/><G103/><T98/><D98/><U130/><E13/><V36/><F12/><W22/><G22/><T44/><D44/><U91/><E91/><V1/><F21/><W88/><G88/><T2/><REACH who="0" step="1"/><D27/><REACH who="0" ten="326,397,244,23" step="2"/><U80/><E84/><V133/><F10/><W56/><G135/><T31/><D31/><U132/><E59/><V64/><F9/><W55/><G55/><T72/><D72/><U114/><E54/><V99/><F133/><W134/><G134/><T78/><AGARI ba="0,1" hai="2,5,8,26,29,35,42,45,49,78,82,86,104,107" machi="78" ten="20,3900,0" yaku="1,1,0,1,7,1,53,0" doraHai="96" doraHaiUra="87" who="0" fromWho="0" sc="326,49,397,-13,244,-13,23,-13" /><INIT seed="4,1,0,5,5,20" ten="375,384,231,10" oya="0" hai0="78,126,102,54,77,105,132,15,16,26,86,41,42" hai1="47,17,117,40,123,82,87,3,121,124,120,43,131" hai2="25,13,44,71,6,111,4,122,133,7,10,94,70" hai3="73,68,12,18,14,48,39,27,9,46,50,92,32"/><T100/><D126/><U38/><E117/><V56/><F111/><W112/><G112/><T110/><D105/><U24/><E124/><V79/><F122/><W104/><G104/><T135/><D110/><U89/><E3/><V107/><F107/><W52/><G73/><T118/><D118/><U28/><E43/><N who="0" m="16393" /><D54/><U127/><E127/><V116/><F44/><W45/><G39/><T36/><D36/><U99/><E17/><V37/><F37/><W61/><G92/><T119/><D119/><U69/><E69/><V85/><F133/><N who="0" m="51274" /><D86/><U84/><E131/><V11/><F85/><W108/><G108/><T60/><D60/><U114/><E114/><V34/><F116/><W125/><G125/><T103/><D26/><U115/><E115/><V2/><F71/><W128/><G128/><T31/><D31/><U19/><E19/><V129/><F70/><W0/><G0/><T49/><D49/><U134/><E134/><V130/><F2/><W33/><G14/><T81/><D81/><U59/><E59/><V5/><F56/><W51/><G51/><T95/><D95/><U65/><E65/><V35/><F94/><W113/><G113/><T106/><D106/><U64/><E64/><V74/><F130/><W109/><G109/><T97/><D97/><U76/><E99/><V23/><F129/><W58/><G68/><T83/><D83/><N who="1" m="49407" /><E28/><N who="2" m="17471" /><F74/><W22/><G33/><N who="2" m="12297" /><F79/><W66/><G32/><T55/><D55/><U30/><E120/><V62/><F62/><W72/><G72/><T91/><D91/><U80/><E80/><V63/><F63/><W93/><G93/><RYUUKYOKU ba="1,0" sc="375,10,384,10,231,10,10,-30" hai0="15,16,77,78,100,102,103" hai1="24,30,38,40,47,76,82,84,121,123" hai2="4,5,6,7,10,11,13" owari="385,19.0,394,49.0,241,-16.0,-20,-52.0" /></mjloggm>