<mjloggm ver="2.3"><GO type="169" lobby="0"/><UN n0="%5A%75%74%74%61%6B%61" n1="%E7%90%B4%E5%90%B9%E3%83%92%E3%82%AB%E3%83%AA" n2="%E3%83%88%E3%83%88%E3%83%AA%E5%85%88%E7%94%9F%31%39%E6%AD%B3" n3="%E3%80%90%E7%BD%AA%E6%AD%8C%E3%80%91" dan="17,17,19,18" rate="2187.22,2124.33,2285.73,2221.68" sx="M,F,F,F"/><TAIKYOKU oya="0"/><INIT seed="0,0,0,3,3,46" ten="250,250,250,250" oya="0" hai0="133,114,126,76,88,92,83,70,73,85,121,19,122" hai1="132,55,100,131,127,74,5,82,90,120,26,24,52" hai2="48,25,56,93,72,71,119,81,8,41,98,78,42" hai3="96,115,43,87,29,23,97,111,86,7,6,36,18"/><T57/><D70/><U13/><E120/><V68/><F119/><W110/><G29/><T59/><D114/><U103/><E127/><V61/><F8/><W124/><G43/><T11/><D126/><U135/><E131/><V40/><F25/><W31/><G31/><T12/><REACH who="0" step="1"/><D133/><REACH who="0" ten="240,250,250,250" step="2"/><U109/><E132/><V53/><REACH who="2" step="1"/><F61/><REACH who="2" ten="240,250,240,250" step="2"/><W14/><G124/><T113/><D113/><U0/><E135/><V39/><F39/><W28/><G36/><T69/><D69/><U89/><E26/><V130/><F130/><W9/><G115/><T91/><D91/><AGARI ba="0,2" hai="40,41,42,48,53,56,68,71,72,78,81,91,93,98" machi="91" ten="40,2600,0" yaku="1,1,52,1,53,0" doraHai="46" doraHaiUra="125" who="2" fromWho="0" sc="240,-26,250,0,240,46,250,0" /><INIT seed="1,0,0,5,2,84" ten="214,250,286,250" oya="1" hai0="128,51,115,129,46,61,6,105,90,59,36,41,132" hai1="23,133,49,75,44,1,123,73,92,62,119,131,117" hai2="80,89,8,107,91,65,72,5,85,83,87,17,39" hai3="134,50,2,43,60,18,112,122,20,126,81,22,93"/><U69/><E123/><V102/><F39/><W74/><G122/><T124/><D105/><U13/><E1/><V26/><F72/><W57/><G112/><T19/><D115/><U118/><E133/><V125/><F125/><W45/><G2/><T0/><D124/><U10/><E131/><V101/><F107/><W98/><G134/><T30/><D30/><U113/><E113/><V109/><F109/><W24/><G126/><T35/><D35/><U27/><E69/><V127/><F127/><W64/><G74/><T3/><D132/><U58/><E92/><V114/><F114/><W16/><G81/><T97/><D36/><U103/><E103/><V70/><F65/><W53/><G22/><T130/><D19/><U37/><E37/><V110/><F70/><W135/><G135/><T82/><D6/><U9/><E9/><V76/><F76/><W47/><G47/><T94/><REACH who="0" step="1"/><D82/><REACH who="0" ten="204,250,286,250" step="2"/><U99/><E118/><V96/><F110/><W108/><G108/><T78/><D78/><U54/><E119/><V34/><F17/><W25/><G25/><T38/><D38/><U63/><E117/><V120/><F120/><W15/><G15/><T86/><D86/><U100/><E73/><V95/><F26/><W40/><REACH who="3" step="1"/><G18/><REACH who="3" ten="204,250,286,240" step="2"/><T31/><D31/><U56/><E75/><V4/><F34/><W77/><G77/><T7/><D7/><N who="2" m="2634" /><F8/><W79/><G79/><T55/><AGARI ba="0,2" hai="0,3,41,46,51,55,59,61,90,94,97,128,129,130" machi="55" ten="30,7900,0" yaku="1,1,0,1,19,1,52,1,53,0" doraHai="84" doraHaiUra="12" who="0" fromWho="0" sc="204,99,250,-39,286,-20,240,-20" /><INIT seed="2,0,0,2,1,30" ten="303,211,266,220" oya="2" hai0="106,16,79,38,45,120,61,8,17,64,100,121,89" hai1="109,14,55,5,44,118,86,26,54,90,58,36,6" hai2="94,29,12,78,60,24,70,98,65,0,31,4,125" hai3="126,37,81,101,46,11,62,40,28,132,95,110,53"/><V57/><F125/><W124/><G28/><T69/><D79/><U10/><E118/><V47/><F0/><W77/><G110/><T71/><D71/><U76/><E109/><V99/><F31/><W51/><G132/><T128/><D128/><U97/><E26/><V127/><F127/><W112/><G112/><T13/><D89/><U3/><E76/><V114/><F114/><W83/><G83/><T87/><D87/><U25/><E25/><V39/><F78/><W133/><G133/><T82/><D82/><U49/><E97/><V80/><F80/><W122/><G122/><T117/><D117/><U131/><E131/><V15/><F4/><W116/><G116/><T23/><D45/><U33/><E36/><V22/><F70/><W113/><G62/><T134/><D38/><U7/><E33/><V21/><F99/><W96/><G113/><T59/><D69/><U27/><E27/><V41/><REACH who="2" step="1"/><F21/><REACH who="2" ten="303,211,256,220" step="2"/><W19/><G126/><T72/><D134/><U18/><E3/><V75/><F75/><W73/><G124/><T129/><D72/><U74/><E74/><V34/><F34/><W20/><G11/><T63/><D129/><U91/><REACH who="1" step="1"/><E86/><REACH who="1" ten="303,201,256,220" step="2"/><V84/><F84/><W9/><G73/><T85/><D85/><U43/><E43/><V93/><F93/><W50/><G77/><T108/><D108/><U35/><E35/><V52/><F52/><W111/><G111/><T92/><D121/><U104/><E104/><V66/><F66/><W115/><G115/><T123/><D123/><U48/><AGARI ba="0,2" hai="5,6,7,10,14,18,44,48,49,54,55,58,90,91" machi="48" ten="30,4000,0" yaku="1,1,0,1,8,1,53,0" doraHai="30" doraHaiUra="103" who="1" fromWho="1" sc="303,-10,201,60,256,-20,220,-10" /><INIT seed="3,0,0,4,1,8" ten="293,261,236,210" oya="3" hai0="3,125,4,56,22,43,39,119,110,32,130,78,72" hai1="37,33,126,79,134,64,88,36,112,104,13,66,131" hai2="83,23,59,114,73,10,60,41,26,108,63,113,116" hai3="57,97,6,17,128,38,5,7,91,51,107,19,11"/><W120/><G38/><T15/><D56/><U12/><E112/><V86/><F116/><W65/><G120/><T117/><D32/><U123/><E123/><V102/><F73/><W67/><G128/><T71/><D71/><U133/><E104/><V92/><F108/><W25/><G107/><T74/><D74/><U20/><E33/><V9/><F41/><W118/><G118/><T122/><D110/><U70/><E126/><V87/><F63/><W82/><G25/><T55/><D55/><U30/><E79/><V99/><F114/><W115/><G115/><T89/><D89/><U21/><E88/><N who="2" m="51295" /><F87/><N who="3" m="50679" /><G97/><T42/><D42/><U27/><E27/><V80/><F80/><W76/><G76/><T49/><D39/><U62/><E62/><V28/><F113/><W98/><G98/><T31/><D125/><U81/><E81/><V77/><F77/><W84/><G84/><T48/><D43/><U105/><E105/><V1/><F1/><W121/><G121/><T68/><D68/><U124/><E124/><V58/><F58/><W45/><G11/><N who="0" m="4583" /><D3/><U54/><E70/><V90/><F90/><W47/><G47/><T35/><D35/><U75/><E75/><V94/><F94/><W69/><G69/><T44/><D122/><U96/><E96/><V46/><F46/><W40/><G57/><T34/><D34/><U85/><E85/><V50/><F50/><N who="0" m="19562" /><D44/><U61/><E37/><V29/><F29/><W24/><G24/><N who="0" m="16791" /><D130/><U106/><E131/><V0/><F0/><W129/><G129/><T132/><D119/><U93/><E36/><V109/><F109/><RYUUKYOKU ba="0,0" sc="293,-15,261,-15,236,15,210,15" hai2="9,10,23,26,28,59,60,92,99,102" hai3="5,6,7,17,19,40,45,51,65,67" /><INIT seed="3,1,0,0,1,38" ten="278,246,251,225" oya="3" hai0="107,52,67,54,65,128,17,32,42,33,11,131,124" hai1="120,77,60,105,40,116,78,27,19,12,110,79,83" hai2="90,101,95,72,41,126,117,69,112,81,35,129,49" hai3="51,25,103,57,71,76,5,37,15,93,80,97,47"/><W6/><G71/><T111/><D107/><U119/><E120/><V20/><F117/><N who="1" m="45129" /><E110/><V26/><F112/><W1/><G1/><T91/><D42/><U135/><E135/><V66/><F35/><N who="0" m="13386" /><D91/><U113/><E113/><V18/><F129/><N who="0" m="49738" /><D11/><U45/><E60/><V106/><F126/><W10/><G37/><T53/><D124/><U125/><E27/><V43/><F69/><W108/><G25/><T85/><D85/><N who="1" m="48383" /><E105/><V7/><F66/><N who="0" m="25098" /><D17/><U87/><E87/><N who="2" m="52703" /><F7/><W59/><G6/><T74/><D74/><U121/><E125/><V28/><F18/><W39/><G108/><AGARI ba="1,0" hai="52,53,54,108,111" m="25098,49738,13386" machi="108" ten="40,8000,1" yaku="28,2,19,1,54,1" doraHai="38" who="0" fromWho="3" sc="278,83,246,0,251,0,225,-83" /><INIT seed="4,0,0,4,3,47" ten="361,246,251,142" oya="0" hai0="102,78,107,80,115,51,11,22,98,89,72,105,132" hai1="127,68,14,30,79,66,111,108,92,125,40,113,64" hai2="60,81,23,52,25,122,46,93,53,85,70,120,112" hai3="130,10,109,12,131,1,65,73,129,114,49,3,24"/><T110/><D115/><U13/><E79/><V121/><F112/><W82/><G109/><T62/><D110/><U95/><E30/><V18/><F93/><W126/><G65/><T133/><D62/><U9/><E113/><V86/><F86/><W29/><G114/><T33/><D33/><U124/><E124/><V61/><F46/><W48/><G126/><T39/><D39/><U100/><E9/><V63/><REACH who="2" step="1"/><F70/><REACH who="2" ten="361,246,241,142" step="2"/><W7/><G82/><T118/><D107/><U34/><E68/><V91/><AGARI ba="0,1" hai="18,23,25,52,53,60,61,63,81,85,91,120,121,122" machi="91" ten="40,8000,1" yaku="1,1,2,1,0,1,54,1,53,0" doraHai="47" doraHaiUra="32" who="2" fromWho="2" sc="361,-40,246,-20,241,90,142,-20" /><INIT seed="5,0,0,1,3,20" ten="321,226,331,122" oya="1" hai0="120,62,83,68,91,16,133,98,9,6,72,33,19" hai1="102,130,88,109,52,25,23,29,92,132,58,128,48" hai2="65,51,15,0,93,5,37,90,116,103,26,7,117" hai3="105,114,61,94,2,53,12,38,57,124,73,99,47"/><U46/><E132/><V70/><F37/><W106/><G2/><T18/><D133/><U59/><E102/><V22/><F0/><W96/><G73/><T27/><D120/><U111/><E59/><V41/><F103/><W67/><G114/><T104/><D104/><U24/><E25/><V55/><F41/><W78/><G78/><T14/><D68/><U79/><E79/><V101/><F101/><W43/><G124/><T108/><D62/><U64/><E64/><V122/><F122/><W35/><G35/><T95/><D108/><N who="1" m="41547" /><E46/><V129/><F129/><W84/><G84/><AGARI ba="0,0" hai="23,24,29,48,52,58,84,88,92,128,130" m="41547" machi="84" ten="30,11600,0" yaku="10,1,52,1,54,2" doraHai="20" who="1" fromWho="3" sc="321,0,226,116,331,0,122,-116" /><INIT seed="5,1,0,5,5,51" ten="321,342,331,6" oya="1" hai0="50,62,77,108,102,122,55,37,42,4,16,41,71" hai1="83,70,61,113,59,60,47,20,14,64,49,104,96" hai2="92,38,34,33,18,101,127,17,7,32,21,58,46" hai3="115,129,12,97,98,6,117,25,128,121,57,31,116"/><U112/><E83/><V123/><F123/><W114/><G57/><N who="0" m="35135" /><D108/><U131/><E104/><V88/><F127/><W56/><G56/><T45/><D71/><U13/><E96/><V1/><F101/><W15/><G98/><T39/><D4/><U8/><E20/><V134/><F134/><W99/><G99/><T28/><D28/><U68/><E131/><N who="3" m="50250" /><G97/><T95/><D102/><U93/><E93/><V9/><F21/><N who="3" m="15791" /><G121/><T0/><D0/><U27/><E68/><V5/><F5/><W135/><G135/><T133/><D95/><U72/><E72/><V53/><F46/><W48/><G48/><T65/><D77/><U84/><E70/><V29/><F29/><W119/><G6/><T44/><D122/><U30/><E47/><V11/><F11/><W54/><G54/><N who="0" m="30023" /><D133/><U94/><E94/><V3/><F38/><W74/><G74/><T75/><D75/><U82/><E49/><V91/><F3/><W90/><G90/><T100/><D100/><U103/><E103/><V2/><F2/><W86/><G86/><T40/><D39/><U111/><E84/><V22/><F92/><W26/><G26/><T63/><D37/><U106/><E106/><V85/><F85/><W124/><G124/><T118/><D45/><U73/><E73/><V120/><F120/><W125/><G125/><T76/><D42/><U109/><E27/><N who="2" m="14799" /><F18/><W130/><N who="3" m="50258" /><W67/><DORA hai="132" /><G67/><T24/><D41/><U66/><E66/><V80/><F80/><W105/><G105/><T52/><D40/><U69/><E82/><V23/><F23/><W126/><G126/><RYUUKYOKU ba="1,0" sc="321,-15,342,-15,331,15,6,15" hai2="1,7,9,32,33,34,53,58,88,91" hai3="12,15,114,115,116,117,119" /><INIT seed="6,2,0,1,0,126" ten="306,327,346,21" oya="2" hai0="97,16,23,30,91,73,14,51,76,88,64,47,68" hai1="92,20,74,2,65,19,32,0,8,6,52,66,82" hai2="124,99,29,80,85,35,42,112,116,60,12,75,78" hai3="38,62,127,59,90,18,27,81,77,61,3,128,4"/><V40/><F116/><W28/><G38/><T63/><D30/><U109/><E109/><V37/><F124/><W69/><G127/><T101/><D76/><U122/><E2/><V89/><F112/><W67/><G18/><T55/><REACH who="0" step="1"/><D73/><REACH who="0" ten="296,327,346,21" step="2"/><U39/><E74/><V1/><F78/><W49/><G77/><T58/><D58/><U71/><E71/><V129/><F75/><W120/><G120/><T79/><D79/><U83/><E122/><V110/><F29/><W86/><G49/><T87/><D87/><U95/><E39/><V24/><F85/><W22/><G4/><T84/><D84/><U10/><E6/><V108/><F37/><W11/><G11/><T72/><D72/><U96/><E10/><V13/><F108/><W54/><REACH who="3" step="1"/><G3/><REACH who="3" ten="296,327,346,11" step="2"/><T46/><D46/><U107/><E0/><V44/><F44/><W133/><G133/><T9/><D9/><U56/><E8/><V36/><F1/><W7/><G7/><T5/><D5/><U134/><E134/><V34/><F36/><W48/><G48/><T125/><D125/><U33/><E19/><V57/><F110/><W100/><G100/><T121/><D121/><U113/><E113/><V43/><F89/><W118/><G118/><T103/><D103/><U98/><E98/><V111/><F99/><W132/><G132/><T94/><AGARI ba="2,2" hai="14,16,23,47,51,55,63,64,68,88,91,94,97,101" machi="94" ten="20,8000,1" yaku="1,1,0,1,7,1,54,2,53,0" doraHai="126" doraHaiUra="25" who="0" fromWho="0" sc="296,106,327,-22,346,-42,11,-22" owari="402,50.0,305,11.0,304,-10.0,-11,-51.0" /></mjloggm>