<mjloggm ver="2.3"><GO type="169" lobby="0"/><UN n0="%64%33%76%64%72" n1="%E3%82%A2%E3%83%B3%E3%81%93%E3%81%B3" n2="%E3%82%A6%E3%83%AB%E3%83%88%E3%83%A9%E7%AB%8B%E7%9B%B4" n3="%E3%83%84%E3%83%AC%E3%82%AA" dan="16,16,18,17" rate="2098.04,2065.36,2243.81,2130.14" sx="M,F,M,M"/><TAIKYOKU oya="0"/><INIT seed="0,0,0,0,1,93" ten="250,250,250,250" oya="0" hai0="120,75,71,115,130,132,8,110,11,24,45,42,58" hai1="14,7,82,19,4,116,41,83,44,53,21,54,84" hai2="77,105,78,100,106,123,61,17,121,109,30,99,76" hai3="3,33,73,26,28,64,92,23,94,59,135,74,0"/><T43/><D115/><U134/><E134/><V65/><F30/><W32/><G135/><T34/><D132/><U15/><E116/><V35/><F35/><W48/><G94/><T22/><D71/><U102/><E102/><V95/><F17/><W56/><G33/><T52/><D34/><U16/><E41/><V18/><F18/><W108/><G108/><T87/><D75/><U40/><E40/><N who="0" m="15401" /><D45/><U69/><E69/><V124/><F61/><W127/><G127/><T131/><D120/><N who="2" m="46154" /><F65/><W31/><G74/><T68/><D68/><U125/><E125/><V88/><F124/><W38/><G38/><T27/><D87/><U2/><E2/><V66/><F66/><W47/><G73/><T55/><D110/><U104/><E104/><N who="2" m="40043" /><F109/><W72/><G72/><T70/><D70/><U91/><E44/><V119/><F119/><W80/><G47/><T96/><D96/><U86/><E21/><V49/><F49/><W85/><G23/><T118/><D118/><U111/><E111/><V10/><F10/><N who="0" m="3626" /><D55/><U112/><E112/><V63/><F63/><W5/><G32/><T126/><D126/><U13/><E15/><V60/><F60/><W97/><G0/><T128/><D22/><U81/><E82/><V51/><F51/><AGARI ba="0,0" hai="24,27,51,52,58,128,130,131" m="3626,15401" machi="51" ten="40,3900,0" yaku="19,1,54,1" doraHai="93" who="0" fromWho="2" sc="250,39,250,0,250,-39,250,0" /><INIT seed="0,1,0,0,0,42" ten="289,250,211,250" oya="0" hai0="130,53,49,134,47,116,81,21,129,15,38,83,112" hai1="91,22,52,17,128,32,89,123,70,135,43,95,108" hai2="10,79,82,44,39,9,50,85,118,114,30,126,19" hai3="127,80,84,88,3,4,34,67,29,66,13,104,18"/><T51/><D112/><U63/><E123/><V62/><F114/><W6/><G127/><T46/><D116/><U125/><E125/><V65/><F39/><W92/><G104/><T111/><D38/><U117/><E117/><V122/><F126/><W56/><G3/><T0/><D0/><U76/><E32/><V69/><F122/><W55/><G29/><T87/><D134/><U72/><E135/><V107/><F107/><W12/><G34/><T35/><D35/><U103/><E128/><N who="0" m="49257" /><D111/><U120/><E120/><V36/><F30/><W132/><G132/><T5/><D87/><U131/><E131/><V99/><F118/><W77/><G4/><T64/><D64/><U90/><E108/><V1/><F1/><W23/><G12/><T106/><D106/><U61/><E43/><V110/><F110/><W40/><G40/><N who="0" m="24775" /><D21/><U98/><E72/><V133/><F36/><W78/><G6/><T93/><D93/><U54/><E76/><V60/><F133/><W71/><G71/><T102/><D102/><U96/><E96/><V109/><F99/><W25/><G78/><T105/><D105/><U16/><E70/><V75/><F75/><W121/><G121/><T27/><D27/><N who="1" m="14791" /><E17/><V37/><F19/><W11/><G11/><AGARI ba="1,0" hai="5,11,15,47,51,53,81,83" m="24775,49257" machi="11" ten="30,5800,0" yaku="19,1,52,2" doraHai="42" who="0" fromWho="3" sc="289,61,250,0,211,0,250,-61" /><INIT seed="0,2,0,2,4,113" ten="350,250,211,189" oya="0" hai0="120,90,41,69,91,2,55,84,6,106,16,99,126" hai1="101,132,109,45,71,73,74,7,28,21,26,118,20" hai2="82,51,66,57,98,70,68,23,114,110,78,22,86" hai3="93,79,50,89,11,25,58,135,85,15,63,38,60"/><T37/><D120/><U18/><E71/><V30/><F114/><W10/><G38/><T116/><D69/><U94/><E132/><V33/><F110/><W100/><G135/><T39/><D41/><U5/><E109/><V131/><F131/><W122/><G122/><T8/><D126/><U107/><E107/><V108/><F108/><W34/><G100/><T97/><D116/><U88/><E101/><V125/><F125/><W36/><G36/><T134/><D134/><U54/><E118/><V14/><F33/><W4/><G79/><T72/><D72/><U96/><E73/><V119/><F119/><W48/><G63/><T46/><D90/><U111/><E74/><V129/><F129/><W102/><G102/><T35/><D35/><U92/><E92/><V128/><F128/><W115/><G115/><T56/><D39/><U29/><E111/><V53/><F66/><W59/><G59/><T75/><D46/><U3/><E3/><V65/><F65/><W31/><REACH who="3" step="1"/><G11/><REACH who="3" ten="350,250,211,179" step="2"/><T95/><D37/><U105/><E45/><V32/><F57/><W64/><AGARI ba="2,1" hai="4,10,15,25,31,34,48,50,58,60,64,85,89,93" machi="64" ten="20,5200,0" yaku="1,1,2,1,0,1,7,1,53,0" doraHai="113" doraHaiUra="43" who="3" fromWho="3" sc="350,-28,250,-15,211,-15,179,68" /><INIT seed="1,0,0,3,5,121" ten="322,235,196,247" oya="1" hai0="116,96,61,109,66,29,132,71,3,90,130,101,2" hai1="39,88,94,76,44,52,8,9,47,55,51,46,70" hai2="119,68,49,31,133,57,69,77,20,98,107,104,38" hai3="92,127,67,106,84,95,62,60,129,126,112,114,27"/><U124/><E70/><V102/><F119/><W42/><G106/><T79/><D116/><U123/><E123/><V43/><F107/><W82/><G42/><T100/><D132/><U36/><E124/><V16/><F133/><W113/><G27/><T50/><D130/><U41/><E76/><V14/><F77/><W45/><G45/><T34/><D90/><U115/><E115/><V86/><F86/><W53/><G53/><T78/><D100/><U22/><E22/><V15/><F31/><W93/><G129/><T73/><D50/><U21/><E21/><V56/><F15/><W87/><G87/><T118/><D118/><U122/><E122/><V13/><F13/><W25/><G25/><N who="0" m="18735" /><D78/><U4/><E4/><V117/><F117/><W48/><G48/><T33/><D33/><U110/><E39/><V134/><F134/><W11/><G11/><T125/><D125/><N who="3" m="47625" /><G67/><T10/><D10/><U24/><E24/><V0/><F38/><W80/><G84/><T28/><D28/><U32/><E32/><V131/><F131/><W7/><G7/><T59/><D59/><U63/><E63/><AGARI ba="0,0" hai="60,62,63,80,82,92,93,95,112,113,114" m="47625" machi="63" ten="40,5200,0" yaku="28,2,18,1" doraHai="121" who="3" fromWho="1" sc="322,0,235,-52,196,0,247,52" /><INIT seed="2,0,0,2,3,94" ten="322,183,196,299" oya="2" hai0="80,112,39,18,38,25,28,122,121,72,111,56,134" hai1="93,89,43,100,84,17,76,19,52,57,123,75,30" hai2="31,23,101,116,53,61,135,55,58,115,48,103,73" hai3="33,64,108,132,90,3,5,34,24,102,128,106,67"/><V26/><F115/><W125/><G108/><T12/><D112/><U1/><E1/><V120/><F116/><W131/><G3/><T65/><D111/><U21/><E123/><V9/><F120/><W44/><G5/><T49/><D39/><U20/><E43/><V14/><F73/><W83/><G44/><T54/><D38/><U70/><E70/><V16/><REACH who="2" step="1"/><F135/><REACH who="2" ten="322,183,186,299" step="2"/><W105/><G132/><T8/><D134/><U62/><E75/><V130/><F130/><W129/><G131/><T87/><D72/><U107/><E76/><V95/><F95/><W98/><G129/><T71/><D122/><U6/><E107/><V47/><AGARI ba="0,1" hai="9,14,16,23,26,31,47,48,53,55,58,61,101,103" machi="47" ten="20,12000,1" yaku="1,1,0,1,7,1,8,1,54,1,53,0" doraHai="94" doraHaiUra="86" who="2" fromWho="2" sc="322,-40,183,-40,186,130,299,-40" /><INIT seed="2,1,0,5,2,130" ten="282,143,316,259" oya="2" hai0="40,129,71,135,65,66,41,46,122,95,32,103,62" hai1="75,10,9,72,19,5,93,68,109,63,117,84,21" hai2="50,88,16,34,36,48,6,81,108,107,37,45,18" hai3="76,89,128,53,14,94,33,27,15,0,131,74,52"/><V57/><F107/><W24/><G0/><T12/><D32/><U39/><E117/><V91/><F34/><W82/><G14/><T56/><D103/><U98/><E39/><V110/><F6/><W30/><G24/><T133/><D95/><U90/><E109/><N who="2" m="42091" /><F57/><W64/><G64/><T114/><D129/><N who="3" m="49737" /><G15/><T83/><D122/><U78/><E78/><V13/><F18/><W29/><G30/><T119/><D83/><U28/><E28/><V69/><F69/><W43/><G43/><N who="0" m="16459" /><D12/><U86/><E75/><V54/><F48/><W35/><G35/><T125/><D119/><U79/><E72/><V121/><F121/><W112/><G112/><T7/><D7/><U1/><E10/><N who="2" m="6199" /><F81/><W55/><G55/><T111/><D111/><U134/><E68/><V77/><F77/><W101/><G82/><T118/><D118/><U115/><E79/><V87/><F87/><W96/><G76/><T3/><D114/><U47/><E115/><V26/><F26/><W4/><G4/><T31/><D3/><U124/><E84/><V85/><F85/><N who="3" m="52527" /><G74/><T38/><D31/><U80/><E86/><V126/><F126/><W116/><G116/><T23/><D125/><U104/><E124/><V44/><F44/><W60/><G60/><N who="0" m="40359" /><D23/><U105/><E47/><V100/><F100/><W61/><G61/><T11/><D11/><U49/><E63/><V123/><F123/><W59/><G101/><T67/><D67/><U73/><E73/><V2/><F2/><W22/><G33/><T113/><D113/><U8/><E1/><V58/><F45/><W99/><G59/><RYUUKYOKU ba="1,0" sc="282,10,143,-30,316,10,259,10" hai0="38,46,56,62,66,133,135" hai2="36,37,50,54,58,88,91" hai3="22,27,29,52,53,96,99" /><INIT seed="2,2,0,1,5,27" ten="292,113,326,269" oya="2" hai0="88,48,10,110,120,98,45,25,113,80,33,89,122" hai1="92,68,73,43,84,130,29,121,51,0,100,60,91" hai2="63,16,96,66,28,13,61,134,131,38,18,95,102" hai3="135,58,104,79,14,103,78,123,35,112,54,111,59"/><V44/><F131/><W69/><G69/><T126/><D113/><U41/><E0/><V6/><F134/><W8/><G135/><T26/><D126/><U71/><E130/><V72/><F72/><W49/><G123/><T23/><D110/><U94/><E121/><V15/><F28/><W37/><G37/><T9/><D33/><U125/><E125/><V77/><F77/><W81/><G111/><T124/><D124/><U118/><E118/><V64/><F38/><W47/><G112/><T105/><D105/><U99/><E73/><V115/><F115/><W106/><G35/><T24/><D23/><U93/><E94/><V117/><F44/><W101/><G106/><T114/><D114/><U53/><E29/><V46/><F46/><W65/><G78/><T7/><D89/><U22/><E22/><V76/><F76/><W5/><G104/><T40/><D98/><U129/><E129/><V1/><F6/><W52/><G65/><T70/><D70/><U97/><E97/><V21/><F1/><W86/><G47/><T128/><D9/><U67/><REACH who="1" step="1"/><E71/><REACH who="1" ten="292,103,326,269" step="2"/><V62/><F117/><W2/><G2/><T116/><D128/><U75/><E75/><V108/><F108/><W132/><G132/><T36/><D116/><U42/><E42/><V109/><F109/><W34/><G34/><T12/><D36/><U82/><E82/><V19/><F21/><W4/><G81/><T20/><D20/><U39/><E39/><V17/><F15/><W83/><G14/><T127/><D127/><U50/><E50/><V85/><F85/><W119/><G86/><RYUUKYOKU ba="2,1" sc="292,10,103,10,326,10,269,-30" hai0="7,10,12,24,25,26,40,45,48,80,88,120,122" hai1="41,43,51,53,60,67,68,84,91,92,93,99,100" hai2="13,16,17,18,19,61,62,63,64,66,95,96,102" /><INIT seed="2,3,1,0,1,57" ten="302,113,336,239" oya="2" hai0="128,69,111,95,11,125,2,122,103,113,51,53,0" hai1="102,22,121,62,124,14,23,19,110,61,21,78,127" hai2="135,28,105,120,112,98,45,50,54,90,99,79,3" hai3="20,107,129,108,66,58,130,91,134,52,106,41,114"/><V9/><F112/><W94/><G114/><T109/><D113/><U26/><E121/><V32/><F120/><W48/><G108/><N who="0" m="41547" /><D122/><U131/><E110/><V63/><F135/><W18/><G134/><T24/><D128/><N who="3" m="49257" /><G66/><T116/><D116/><U34/><E131/><V1/><F79/><W97/><G41/><T67/><D125/><N who="1" m="48203" /><E102/><V74/><F74/><W10/><G10/><T29/><D103/><U119/><E119/><V96/><F105/><W88/><G91/><T47/><D95/><U87/><E34/><V60/><F90/><W6/><G6/><T16/><D69/><U42/><E42/><V5/><REACH who="2" step="1"/><F1/><REACH who="2" ten="302,113,326,239" step="2"/><W64/><G107/><T71/><D2/><U115/><E115/><V4/><F4/><W39/><G106/><T133/><D0/><U56/><E78/><V36/><F36/><W100/><G39/><T13/><D133/><U82/><E26/><AGARI ba="3,2" hai="3,5,9,26,28,32,45,50,54,60,63,96,98,99" machi="26" ten="40,7700,0" yaku="1,1,52,2,53,0" doraHai="57" doraHaiUra="72" who="2" fromWho="1" sc="302,0,113,-86,326,106,239,0" /><INIT seed="2,4,0,1,1,13" ten="302,27,432,239" oya="2" hai0="14,111,98,134,54,46,88,32,74,73,86,66,118" hai1="26,83,91,60,20,121,95,94,62,65,42,127,124" hai2="44,63,22,52,130,56,39,128,1,33,89,8,25" hai3="93,17,3,114,75,99,119,50,116,115,70,9,30"/><V59/><F33/><W67/><G75/><T21/><D32/><U120/><E42/><V55/><F89/><W96/><G30/><T97/><D118/><U11/><E11/><V90/><F90/><W28/><G28/><T100/><D66/><U48/><E48/><V51/><F8/><W45/><G67/><T4/><D134/><U104/><E104/><V29/><F1/><W40/><G70/><T34/><D34/><U82/><E91/><V0/><F0/><W71/><G71/><T19/><D4/><U106/><E106/><V58/><F39/><W27/><G3/><T35/><D35/><U117/><E65/><V61/><REACH who="2" step="1"/><F59/><REACH who="2" ten="302,27,422,239" step="2"/><W57/><G57/><T105/><D98/><U108/><E117/><V18/><F18/><W85/><G99/><T53/><D111/><U12/><E12/><V110/><F110/><W126/><G96/><T92/><D46/><U23/><REACH who="1" step="1"/><E108/><REACH who="1" ten="302,17,422,239" step="2"/><V103/><F103/><W6/><G116/><T72/><AGARI ba="4,2" hai="14,19,21,53,54,72,73,74,86,88,92,97,100,105" machi="72" ten="30,4000,0" yaku="0,1,52,1,54,1" doraHai="13" who="0" fromWho="0" sc="302,72,17,-14,422,-24,239,-14" /><INIT seed="3,0,0,4,3,121" ten="374,3,398,225" oya="3" hai0="85,111,20,72,31,78,14,42,125,68,113,32,0" hai1="51,134,77,11,18,75,39,71,106,117,84,80,25" hai2="98,96,36,105,122,110,13,56,91,97,74,89,63" hai3="24,128,3,5,21,7,61,4,101,76,48,82,26"/><W27/><G101/><T70/><D72/><U109/><E39/><V40/><F105/><W112/><G61/><T12/><D113/><U50/><E71/><V131/><F74/><W6/><G48/><N who="1" m="18474" /><E106/><V47/><F131/><W23/><G82/><T133/><D0/><U38/><E38/><V16/><F122/><W22/><G76/><T30/><D85/><U86/><E75/><V116/><F110/><W129/><G112/><T29/><D20/><N who="1" m="13463" /><E109/><V67/><REACH who="2" step="1"/><F116/><REACH who="2" ten="374,3,388,225" step="2"/><W43/><G43/><T107/><D42/><U49/><E117/><V81/><F81/><W59/><G59/><T58/><D58/><U108/><E108/><V118/><F118/><W88/><G88/><T10/><D78/><U127/><E127/><V93/><F93/><W92/><G92/><T17/><D107/><U66/><E134/><V79/><F79/><W73/><G73/><T45/><D133/><U53/><E86/><V126/><F126/><W37/><G37/><T87/><D87/><U41/><E41/><V102/><F102/><W100/><G100/><T46/><D125/><U15/><E66/><V132/><F132/><W114/><G114/><T64/><D111/><U124/><E124/><V8/><AGARI ba="0,1" hai="8,13,16,36,40,47,56,63,67,89,91,96,97,98" machi="8" ten="30,7900,0" yaku="1,1,0,1,54,1,53,1" doraHai="121" doraHaiUra="54" who="2" fromWho="2" sc="374,-20,3,-20,388,89,225,-39" owari="354,15.0,-17,-52.0,477,58.0,186,-21.0" /></mjloggm>