<mjloggm ver="2.3"><GO type="169" lobby="0"/><UN n0="%70%6F%6E%5F%6B%61%73%75" n1="%E4%BF%A1%E6%BF%83%E3%81%AE%E8%8D%92%E6%B3%95%E5%B8%AB" n2="%E3%83%A2%E3%83%B3%E3%82%B9%E3%82%BF%E3%83%BC%EF%BC%95" n3="%E3%83%88%E3%83%88%E3%83%AA%E5%85%88%E7%94%9F%31%39%E6%AD%B3" dan="17,16,16,19" rate="2169.23,2117.13,2081.09,2324.22" sx="M,M,M,F"/><TAIKYOKU oya="0"/><INIT seed="0,0,0,1,5,117" ten="250,250,250,250" oya="0" hai0="122,32,26,27,111,37,19,77,5,71,106,21,135" hai1="114,83,133,42,82,132,126,107,30,62,128,125,33" hai2="4,94,81,112,10,50,47,1,89,63,48,130,39" hai3="17,119,31,101,78,15,103,6,110,51,124,74,100"/><T58/><D106/><U28/><E107/><V118/><F112/><W134/><G119/><T64/><D71/><U105/><E105/><V70/><F118/><W8/><G110/><T22/><D37/><U115/><E62/><V34/><F34/><W90/><G134/><N who="1" m="51818" /><E33/><V59/><F130/><W68/><G68/><T55/><D64/><U113/><E42/><V109/><F109/><W116/><G116/><T40/><D40/><U53/><E53/><V60/><F81/><N who="1" m="30729" /><E128/><V66/><F47/><W61/><G78/><T72/><D32/><U75/><E75/><V87/><F39/><W76/><G76/><T11/><D77/><U73/><E73/><V129/><F129/><W38/><G38/><T54/><D72/><U88/><E88/><V57/><F70/><W99/><G74/><T93/><D111/><U56/><E56/><V65/><AGARI ba="0,0" hai="1,4,10,48,50,57,59,60,63,65,66,87,89,94" machi="65" ten="20,2700,0" yaku="0,1,7,1,9,1" doraHai="117" who="2" fromWho="2" sc="250,-13,250,-7,250,27,250,-7" /><INIT seed="1,0,0,1,1,43" ten="237,243,277,243" oya="1" hai0="65,20,35,108,51,15,126,53,107,63,18,88,106" hai1="26,92,24,123,105,109,11,80,0,4,66,39,44" hai2="46,90,29,95,135,87,69,127,73,56,30,16,34" hai3="81,100,103,37,132,27,115,68,75,130,112,8,129"/><U91/><E105/><V45/><F69/><W134/><G68/><T120/><D35/><U118/><E118/><V124/><F73/><W114/><G37/><T111/><D126/><N who="2" m="48170" /><F135/><N who="3" m="51755" /><G8/><T102/><D120/><U101/><E123/><V71/><F71/><W21/><G27/><T133/><D133/><U104/><E66/><V72/><F72/><W9/><G9/><T22/><D63/><U86/><E104/><V94/><F34/><W2/><G21/><T59/><D65/><U50/><E39/><V93/><F56/><W84/><G75/><T74/><D74/><U113/><E113/><V60/><F60/><W128/><G2/><T36/><D36/><U13/><E0/><V7/><F7/><W70/><G70/><T64/><D64/><U6/><E6/><V33/><F33/><W97/><G97/><T25/><D22/><U32/><E32/><V62/><F62/><W12/><G12/><T77/><D15/><U47/><E50/><V78/><F16/><W83/><G83/><T14/><D14/><U54/><E26/><V23/><F78/><AGARI ba="0,0" hai="78,81,84,100,103,112,114,115,128,129,130" m="51755" machi="78" ten="40,8000,1" yaku="19,1,20,1,34,2" doraHai="43" who="3" fromWho="2" sc="237,0,243,0,277,-80,243,80" /><INIT seed="2,0,0,4,3,106" ten="237,243,197,323" oya="2" hai0="102,104,97,65,123,112,131,60,78,13,20,59,27" hai1="0,18,95,11,14,22,96,48,8,6,105,31,126" hai2="53,40,74,28,107,100,86,2,43,89,101,16,7" hai3="67,66,39,51,127,58,93,25,62,63,76,15,88"/><V19/><F2/><W92/><G127/><T113/><D131/><U122/><E105/><V55/><F107/><W84/><G39/><T71/><D123/><U80/><E122/><V83/><F7/><W4/><G76/><T17/><D78/><U37/><E37/><V64/><F64/><W33/><G51/><T114/><D59/><U124/><E80/><V69/><F28/><W120/><G120/><T10/><REACH who="0" step="1"/><D114/><REACH who="0" ten="227,243,197,323" step="2"/><U3/><E124/><V29/><F69/><W125/><G125/><T73/><D73/><U41/><E126/><V81/><F29/><AGARI ba="0,1" hai="10,13,17,20,27,29,60,65,71,97,102,104,112,113" machi="29" ten="30,3900,0" yaku="1,1,7,1,53,1" doraHai="106" doraHaiUra="61" who="0" fromWho="2" sc="227,49,243,0,197,-39,323,0" /><INIT seed="3,0,0,5,2,91" ten="276,243,158,323" oya="3" hai0="103,62,38,66,110,119,88,121,4,24,86,92,70" hai1="35,54,44,118,125,64,61,108,124,7,104,135,96" hai2="73,76,90,11,72,10,33,30,16,58,53,94,59" hai3="102,122,85,0,113,31,40,81,9,32,83,111,55"/><W63/><G113/><T101/><D119/><U15/><E7/><V8/><F33/><W34/><G122/><T107/><D38/><U127/><E35/><V74/><F30/><W67/><G111/><T87/><D121/><U3/><E3/><V65/><F76/><W27/><G34/><T22/><D110/><U6/><E108/><V23/><F65/><W93/><G40/><T20/><D107/><U47/><E135/><V46/><F46/><W126/><G126/><T75/><D75/><U120/><E120/><V26/><REACH who="2" step="1"/><F53/><REACH who="2" ten="276,243,148,323" step="2"/><W134/><G55/><T128/><D66/><U43/><E54/><V52/><F52/><W112/><G134/><T131/><D131/><U60/><E47/><V78/><F78/><W79/><G79/><T77/><D77/><U68/><E61/><V117/><F117/><W57/><G112/><T105/><D62/><U17/><E118/><V1/><F1/><W82/><G0/><T36/><D128/><U13/><E44/><V84/><AGARI ba="0,1" hai="8,10,11,16,23,26,58,59,72,73,74,84,90,94" machi="84" ten="40,8000,1" yaku="1,1,0,1,52,1,54,1,53,0" doraHai="91" doraHaiUra="41" who="2" fromWho="2" sc="276,-20,243,-20,148,90,323,-40" /><INIT seed="4,0,0,2,2,95" ten="256,223,238,283" oya="0" hai0="129,83,29,75,24,114,87,38,101,134,36,105,69" hai1="11,103,102,81,93,48,107,116,40,113,120,62,3" hai2="98,17,111,85,71,55,73,124,74,51,72,35,79" hai3="121,42,32,33,2,61,99,86,23,25,118,80,18"/><T20/><D69/><U133/><E116/><V131/><F35/><W28/><G118/><T68/><D68/><U56/><E107/><V110/><F71/><W76/><G2/><T78/><D114/><U128/><E120/><V65/><F65/><W123/><G42/><T89/><D134/><U5/><E133/><V90/><F124/><W122/><G61/><T96/><REACH who="0" step="1"/><D129/><REACH who="0" ten="246,223,238,283" step="2"/><U97/><E128/><V66/><F131/><W43/><G123/><T9/><D9/><U27/><E113/><V54/><F111/><W59/><G122/><T31/><D31/><U13/><E3/><V132/><F132/><W84/><G28/><T45/><D45/><N who="1" m="25639" /><E27/><V46/><F46/><W119/><G121/><T106/><D106/><U117/><E117/><V127/><F110/><W21/><G25/><T58/><D58/><U91/><E81/><AGARI ba="0,1" hai="20,24,29,36,38,75,78,81,83,87,89,96,101,105" machi="81" ten="30,5800,0" yaku="1,1,7,1,52,1,53,0" doraHai="95" doraHaiUra="125" who="0" fromWho="1" sc="246,68,223,-58,238,0,283,0" /><INIT seed="4,1,0,5,2,59" ten="314,165,238,283" oya="0" hai0="61,116,46,119,81,105,92,29,4,24,69,32,74" hai1="21,84,8,34,93,26,13,132,124,66,79,94,134" hai2="38,11,126,72,96,43,25,104,108,0,99,83,6" hai3="22,3,78,44,7,128,122,106,17,73,27,133,58"/><T112/><D112/><U18/><E34/><V60/><F108/><W117/><G117/><T31/><D29/><U70/><E124/><V28/><F126/><W51/><G106/><T91/><D4/><U36/><E36/><V62/><F104/><W30/><G128/><T71/><D105/><U82/><E70/><V113/><F113/><W130/><G130/><T131/><D131/><U127/><E66/><V114/><F114/><W54/><G133/><T40/><D71/><U15/><E15/><V75/><F75/><W39/><G122/><T135/><D135/><N who="1" m="51755" /><E127/><V33/><F99/><W57/><G39/><T53/><D74/><U64/><E64/><V118/><F96/><W48/><G78/><T63/><D81/><U65/><E65/><V111/><F111/><W42/><G73/><T23/><D32/><U20/><E20/><V87/><F118/><W67/><G3/><T56/><D69/><U9/><E9/><V102/><F102/><W123/><G123/><T86/><REACH who="0" step="1"/><D63/><REACH who="0" ten="304,165,238,283" step="2"/><U107/><E107/><V77/><F87/><W50/><G7/><AGARI ba="1,1" hai="7,8,13,18,21,26,79,82,84,93,94" m="51755" machi="7" ten="30,1000,0" yaku="20,1" doraHai="59" who="1" fromWho="3" sc="304,0,165,23,238,0,283,-13" /><INIT seed="5,0,0,1,2,121" ten="304,188,238,270" oya="1" hai0="29,37,132,35,68,108,105,52,85,31,54,32,13" hai1="107,9,25,99,30,22,126,72,67,41,116,63,20" hai2="50,23,57,18,92,39,86,80,115,111,51,117,97" hai3="11,56,61,133,78,100,101,134,130,6,69,17,47"/><U36/><E116/><V79/><F117/><W73/><G69/><T76/><D68/><U65/><E72/><V2/><F2/><W93/><G130/><T131/><D105/><U81/><E81/><V19/><F39/><W24/><G73/><T70/><D70/><U91/><E126/><V60/><F115/><W10/><G78/><T12/><D85/><U28/><E9/><V44/><F44/><W14/><G47/><T94/><D94/><U109/><E41/><V110/><F18/><W87/><G87/><T62/><D62/><U118/><E36/><V45/><F45/><W53/><G24/><T90/><D90/><U71/><E67/><V55/><F51/><W48/><G61/><T46/><D46/><U124/><E118/><V42/><F50/><W49/><G49/><T59/><D59/><U8/><E8/><V125/><F125/><W95/><G95/><T66/><D66/><U84/><E124/><V74/><F42/><W27/><G27/><T135/><D76/><U33/><E30/><V96/><F96/><W112/><G112/><T7/><D131/><U0/><E0/><V103/><REACH who="2" step="1"/><F74/><REACH who="2" ten="304,188,228,270" step="2"/><W40/><G40/><T122/><D37/><U26/><E26/><AGARI ba="0,1" hai="19,23,26,55,57,60,79,80,86,92,97,103,110,111" machi="26" ten="30,8000,1" yaku="1,1,2,1,7,1,52,2,53,0" doraHai="121" doraHaiUra="113" who="2" fromWho="1" sc="304,0,188,-80,228,90,270,0" /><INIT seed="6,0,0,3,1,38" ten="304,108,318,270" oya="2" hai0="43,28,67,128,66,77,85,14,73,107,122,119,45" hai1="120,97,87,33,20,54,118,7,71,131,23,75,56" hai2="60,27,24,15,8,34,132,3,72,4,106,44,37" hai3="101,98,79,48,16,86,64,22,19,11,117,93,115"/><V74/><F106/><W58/><G117/><T50/><D122/><U21/><E118/><V9/><F132/><W129/><G129/><T6/><D119/><U113/><E75/><V96/><F96/><W88/><G115/><T26/><D73/><U134/><E71/><V92/><F92/><W102/><G11/><N who="0" m="4471" /><D107/><U30/><E33/><V135/><F135/><W121/><G121/><T104/><D104/><U108/><E134/><V114/><F114/><W124/><G124/><T103/><D103/><U61/><E113/><V59/><F34/><W76/><G19/><T83/><D128/><U32/><E131/><V95/><F95/><N who="3" m="58591" /><G102/><T109/><D109/><U62/><E108/><V40/><F74/><W81/><G81/><T80/><D80/><U99/><E120/><V13/><F3/><W130/><G130/><T17/><D17/><U0/><E32/><AGARI ba="0,0" hai="26,28,32,43,45,50,66,67,77,83,85" m="4471" machi="32" ten="30,2000,0" yaku="25,1,52,1" doraHai="38" who="0" fromWho="1" sc="304,20,108,-20,318,0,270,0" /><INIT seed="7,0,0,0,0,92" ten="324,88,318,270" oya="3" hai0="15,134,119,62,95,6,76,106,24,83,128,112,89" hai1="28,73,21,97,131,68,23,107,35,40,2,13,66" hai2="51,8,123,67,36,37,78,135,96,38,44,48,72" hai3="20,65,125,130,74,118,117,41,127,64,79,101,61"/><W133/><G133/><T102/><D119/><U32/><E40/><V104/><F135/><W22/><G41/><T122/><D134/><U63/><E131/><V45/><F67/><W18/><G130/><T105/><D128/><U43/><E2/><V59/><F123/><W91/><G79/><T81/><D102/><U11/><E73/><V90/><F72/><W93/><G74/><T30/><D122/><U71/><E71/><V7/><F78/><W33/><G33/><T115/><D62/><U60/><E35/><V114/><F114/><N who="0" m="43562" /><D15/><U1/><E43/><V54/><F51/><W46/><G46/><T80/><D6/><U113/><E1/><V132/><F132/><W25/><G101/><T19/><D19/><U94/><E63/><V100/><REACH who="2" step="1"/><F90/><REACH who="2" ten="324,88,308,270" step="2"/><W0/><G0/><AGARI ba="0,1" hai="0,7,8,36,37,38,44,45,48,54,59,96,100,104" machi="0" ten="40,8000,1" yaku="1,1,2,1,52,1,53,1" doraHai="92" doraHaiUra="103" who="2" fromWho="3" sc="324,0,88,0,308,90,270,-80" owari="324,12.0,88,-41.0,398,50.0,190,-21.0" /></mjloggm>