<mjloggm ver="2.3"><GO type="169" lobby="0"/><UN n0="%E3%81%98%E3%81%98%E3%81%84%E3%81%8C%E5%91%BC%E3%82%93%E3%81%A0" n1="%E3%83%92%E3%83%AB%E3%83%99%E3%83%AB%E3%83%88" n2="%E3%82%89%E3%81%84%E3%81%B5%E3%81%8C%E3%83%BC%E3%81%A9%E3%81%99%E3%81%8D" n3="%E3%83%88%E3%83%88%E3%83%AA%E5%85%88%E7%94%9F%31%39%E6%AD%B3" dan="17,16,16,19" rate="2157.68,2186.13,2143.37,2338.71" sx="M,M,F,F"/><TAIKYOKU oya="0"/><INIT seed="0,0,0,3,0,90" ten="250,250,250,250" oya="0" hai0="33,64,24,58,130,51,110,79,105,40,1,87,15" hai1="19,92,44,42,46,133,20,31,60,104,4,45,78" hai2="73,17,91,95,0,103,124,37,36,101,12,10,39" hai3="11,71,34,120,70,125,84,53,23,113,86,68,96"/><T80/><D1/><U128/><E104/><V7/><F124/><W135/><G120/><T43/><D105/><U114/><E128/><V22/><REACH who="2" step="1"/><F73/><REACH who="2" ten="250,250,240,250" step="2"/><W77/><G125/><T109/><D130/><U93/><E114/><V74/><F74/><W129/><G113/><T115/><D115/><U21/><E133/><V8/><F8/><W102/><G135/><T65/><D110/><U81/><E42/><V3/><F3/><W16/><G11/><T5/><D109/><U117/><E117/><V119/><F119/><W82/><G129/><T67/><D43/><U54/><E4/><V29/><F29/><W52/><G34/><T38/><D33/><U76/><E31/><V2/><F2/><W100/><G86/><AGARI ba="0,1" hai="0,7,10,12,17,22,36,37,39,86,91,95,101,103" machi="86" ten="40,5200,0" yaku="1,1,52,1,53,1" doraHai="90" doraHaiUra="89" who="2" fromWho="3" sc="250,0,250,0,240,62,250,-52" /><INIT seed="1,0,0,3,1,127" ten="250,250,302,198" oya="1" hai0="76,116,119,18,134,3,73,122,131,45,0,113,135" hai1="21,88,89,38,31,29,105,107,67,114,16,91,56" hai2="84,130,57,44,55,118,128,17,28,19,104,85,33" hai3="109,13,40,37,6,58,93,125,10,35,32,20,42"/><U82/><E38/><V2/><F118/><N who="0" m="45098" /><D45/><U5/><E114/><V133/><F2/><N who="0" m="554" /><D76/><U106/><E5/><V25/><F133/><N who="0" m="50698" /><D73/><U94/><E82/><V39/><F104/><W65/><G109/><T30/><D113/><U108/><E108/><V74/><F74/><W11/><G125/><T102/><D102/><U47/><E94/><V112/><F112/><W26/><G93/><T72/><D72/><U100/><E100/><V27/><F39/><W95/><G95/><T79/><D79/><U97/><E97/><V48/><F44/><W117/><G117/><T43/><D43/><U101/><E101/><V46/><F46/><W121/><G40/><T63/><D63/><U51/><E56/><V110/><F110/><W87/><G87/><N who="2" m="33353" /><F25/><W64/><G37/><T123/><D131/><AGARI ba="0,0" hai="17,19,27,28,33,48,55,57,128,130,131" m="33353" machi="131" ten="30,7700,0" yaku="19,1,52,3" doraHai="127" who="2" fromWho="0" sc="250,-77,250,0,302,77,198,0" /><INIT seed="2,0,0,4,2,34" ten="173,250,379,198" oya="2" hai0="48,90,111,56,39,10,133,17,120,61,81,0,22" hai1="60,128,54,117,35,79,119,58,107,65,19,45,20" hai2="106,51,82,36,123,66,55,94,109,33,18,16,83" hai3="7,71,62,3,99,98,11,132,28,14,122,40,13"/><V38/><F106/><W72/><G122/><T29/><D39/><U101/><E128/><V30/><F123/><W9/><G72/><T77/><D120/><U96/><E35/><V6/><F109/><W110/><G110/><T118/><D111/><U8/><E79/><V32/><F66/><W44/><G132/><T15/><D133/><U73/><E73/><V87/><F94/><W49/><G28/><T63/><D118/><U21/><E21/><V70/><F70/><W92/><G99/><T135/><D135/><U57/><E8/><V42/><F42/><W129/><G129/><T47/><D90/><U26/><E45/><V126/><F126/><W103/><REACH who="3" step="1"/><G11/><REACH who="3" ten="173,250,379,188" step="2"/><T69/><D29/><U64/><E117/><V97/><F97/><W124/><G124/><T114/><D10/><U46/><E119/><V43/><F30/><W100/><G100/><T88/><D22/><U112/><E112/><V86/><F33/><W108/><G108/><T115/><D115/><U5/><E96/><V50/><F32/><W76/><G76/><T27/><D77/><U41/><E101/><V75/><F75/><W1/><G1/><T59/><D114/><U102/><E102/><V113/><F113/><W80/><G80/><T95/><D81/><U91/><E91/><V130/><F130/><W127/><G127/><T31/><D0/><U125/><E125/><V24/><F83/><W121/><G121/><T25/><D88/><U85/><E85/><V2/><F82/><W23/><G23/><N who="0" m="11711" /><D31/><U105/><E20/><V131/><F2/><W67/><AGARI ba="0,1" hai="3,7,9,13,14,40,44,49,62,67,71,92,98,103" machi="67" ten="30,4000,0" yaku="1,1,0,1,52,1,53,0" doraHai="34" doraHaiUra="74" who="3" fromWho="3" sc="173,-10,250,-10,379,-20,188,50" /><INIT seed="3,0,0,4,1,103" ten="163,240,359,238" oya="3" hai0="65,131,12,122,105,121,4,119,62,34,128,95,37" hai1="5,116,30,106,98,70,80,38,28,18,56,107,83" hai2="133,40,72,2,6,90,60,135,92,16,45,75,44" hai3="17,76,79,25,59,71,129,99,84,46,50,23,26"/><W134/><G71/><N who="0" m="42423" /><D95/><U9/><E70/><V74/><F60/><W19/><G129/><N who="0" m="49739" /><D119/><U87/><E38/><V54/><F54/><W81/><G134/><N who="2" m="51209" /><F16/><N who="3" m="12519" /><G59/><T27/><D37/><U130/><E98/><N who="2" m="57623" /><F40/><N who="3" m="24903" /><G99/><T96/><D12/><U32/><E56/><V29/><F29/><W0/><G0/><T64/><D4/><U43/><E116/><V102/><F102/><W113/><G113/><T53/><D53/><U66/><E66/><V124/><F124/><W118/><G118/><T85/><D64/><U63/><E43/><V68/><F68/><W58/><G58/><T57/><D57/><U126/><E126/><V14/><F2/><W11/><G26/><T77/><D27/><U55/><E130/><V123/><F123/><W21/><G21/><T132/><D132/><U94/><E32/><V115/><F115/><W13/><G19/><T51/><D34/><U61/><E18/><V31/><F31/><W100/><G100/><N who="0" m="62599" /><D51/><U127/><E127/><V67/><F67/><W89/><AGARI ba="0,0" hai="11,13,17,76,79,81,84,89" m="24903,12519" machi="89" ten="30,3000,0" yaku="8,1,54,1" doraHai="103" who="3" fromWho="3" sc="163,-10,240,-10,359,-10,238,30" /><INIT seed="3,1,0,0,2,59" ten="153,230,349,268" oya="3" hai0="81,127,3,63,78,25,87,103,15,33,79,26,71" hai1="126,41,50,111,93,64,65,105,106,17,133,82,130" hai2="61,104,5,113,95,9,75,85,14,122,28,101,56" hai3="74,52,70,51,48,124,110,128,67,53,0,102,109"/><W114/><G74/><T49/><D3/><U135/><E111/><N who="3" m="42506" /><G0/><T100/><D127/><U97/><E126/><V32/><F113/><W20/><G124/><T125/><D125/><U86/><E130/><V2/><F122/><W37/><G114/><T119/><D119/><U121/><E121/><V4/><F75/><W94/><G37/><T35/><D78/><U47/><E17/><V117/><F117/><W91/><G102/><T1/><D1/><U21/><E21/><V58/><F2/><W36/><G36/><T69/><D49/><N who="3" m="19017" /><G20/><T123/><D123/><U77/><E106/><V132/><F32/><W46/><G46/><T30/><D15/><U73/><E105/><V62/><F104/><W12/><G12/><T18/><D18/><U27/><E27/><V134/><F101/><W107/><G107/><T6/><D6/><U19/><E19/><V108/><F108/><W31/><G31/><T116/><D116/><U13/><E13/><V66/><F28/><W40/><G40/><T120/><D120/><U84/><E73/><V39/><F39/><W43/><G43/><T8/><D103/><N who="1" m="60847" /><E84/><V29/><F29/><W22/><G22/><T34/><D100/><U98/><E98/><V38/><F38/><W60/><G128/><T72/><D72/><U57/><E41/><V129/><F129/><W90/><G90/><T131/><D131/><U24/><E24/><N who="0" m="9321" /><D30/><U54/><E47/><V23/><F23/><W7/><G7/><T92/><D34/><U44/><E44/><V88/><F5/><W16/><G16/><T96/><D33/><U115/><E115/><RYUUKYOKU ba="1,0" sc="153,-30,230,10,349,10,268,10" hai1="50,54,57,64,65,77,82,86,133,135" hai2="4,9,14,56,58,61,62,66,85,88,95,132,134" hai3="52,53,60,67,70,91,94" /><INIT seed="3,2,0,5,3,72" ten="123,240,359,278" oya="3" hai0="114,45,71,116,38,79,131,104,51,94,73,95,47" hai1="109,2,135,35,69,112,105,74,9,102,90,122,41" hai2="36,0,24,49,65,19,130,91,4,30,81,66,86" hai3="40,83,78,70,11,12,48,127,97,123,25,39,44"/><W7/><G123/><T115/><D116/><U23/><RYUUKYOKU type="yao9" ba="2,0" sc="123,0,240,0,359,0,278,0" hai1="2,9,23,35,41,69,74,90,102,105,109,112,122,135" /><INIT seed="3,3,0,0,3,125" ten="123,240,359,278" oya="3" hai0="127,87,24,89,57,71,70,50,75,116,6,16,92" hai1="28,79,11,109,117,69,41,126,55,121,15,27,14" hai2="54,9,91,30,102,7,94,4,93,21,88,18,106" hai3="12,108,64,36,86,38,25,48,95,103,10,31,74"/><W34/><G74/><T112/><D116/><U23/><E69/><V96/><F30/><W5/><G108/><T1/><D127/><U66/><E66/><V107/><F54/><W132/><G132/><T19/><D75/><U128/><E126/><V39/><F39/><W80/><G64/><T131/><D112/><U33/><E79/><V22/><F102/><W68/><G68/><T119/><D119/><U17/><E55/><V133/><F133/><W62/><G62/><T61/><D70/><U60/><E60/><V73/><F73/><W56/><G56/><T32/><D71/><U82/><E82/><V90/><F90/><W120/><G120/><T45/><D32/><U114/><E41/><V78/><F78/><W3/><G48/><T46/><D24/><U101/><E101/><V51/><F51/><W105/><G95/><T129/><D6/><U84/><E84/><V99/><F9/><W81/><G3/><T65/><D1/><U49/><E49/><V118/><REACH who="2" step="1"/><F18/><REACH who="2" ten="123,240,349,278" step="2"/><N who="0" m="6698" /><D50/><U37/><E37/><V59/><F59/><W2/><G38/><T115/><D115/><U29/><E114/><V20/><F20/><W111/><G36/><T58/><D57/><U42/><E117/><AGARI ba="3,1" hai="4,7,21,22,88,91,93,94,96,99,106,107,117,118" machi="117" ten="25,6400,0" yaku="1,1,22,2,54,1,53,0" doraHai="125" doraHaiUra="122" who="2" fromWho="1" sc="123,0,240,-73,349,83,278,0" /><INIT seed="4,0,0,4,2,18" ten="123,167,432,278" oya="0" hai0="116,7,98,121,35,106,56,118,26,52,124,0,65" hai1="61,36,112,115,92,86,32,49,22,60,34,11,27" hai2="12,5,84,82,43,31,89,16,76,93,130,101,87" hai3="53,126,55,109,50,62,77,123,4,103,111,23,57"/><T105/><D121/><U75/><E36/><V102/><F130/><W14/><G123/><T122/><D122/><U28/><E75/><V135/><F135/><W33/><G33/><N who="1" m="12906" /><E49/><V13/><F31/><W129/><G129/><T47/><D124/><U80/><E92/><V66/><F66/><W48/><G126/><T114/><D114/><N who="1" m="43563" /><E11/><N who="2" m="4207" /><F43/><W6/><G103/><T107/><D65/><U3/><E3/><V51/><F51/><W68/><G109/><T1/><D47/><U134/><E134/><V38/><F38/><W37/><G37/><T100/><D1/><U63/><E63/><V30/><F30/><W24/><G111/><T67/><D67/><U125/><E125/><V94/><F94/><W119/><G62/><T21/><D35/><U104/><E104/><V45/><F45/><W20/><G50/><T40/><D40/><U108/><E108/><V9/><AGARI ba="0,0" hai="9,13,16,76,82,84,87,89,93,101,102" m="4207" machi="9" ten="30,2000,0" yaku="8,1,54,1" doraHai="18" who="2" fromWho="2" sc="123,-10,167,-5,432,20,278,-5" /><INIT seed="5,0,0,0,5,57" ten="113,162,452,273" oya="1" hai0="5,0,13,51,53,75,66,12,54,96,125,126,91" hai1="76,119,20,116,16,72,128,48,93,80,17,42,62" hai2="39,18,33,4,58,45,40,92,15,103,70,106,115" hai3="131,59,68,73,49,100,133,2,112,95,60,81,120"/><U30/><E128/><V65/><F115/><W78/><G120/><T37/><D37/><U101/><E30/><V44/><F106/><W6/><G68/><T86/><D75/><U97/><E17/><V110/><F110/><W32/><G32/><T90/><D0/><U122/><E122/><V83/><F70/><W69/><G69/><T11/><D66/><U123/><E123/><V10/><F33/><W135/><G131/><T134/><D134/><N who="3" m="51209" /><G49/><T104/><D13/><U61/><E48/><N who="2" m="26631" /><F83/><W124/><G124/><T43/><D43/><U107/><E42/><V118/><F45/><W99/><G6/><T79/><D79/><U129/><E129/><V87/><F39/><W7/><G7/><T47/><D54/><U55/><E55/><V31/><F31/><W35/><G35/><T102/><REACH who="0" step="1"/><D86/><REACH who="0" ten="103,162,452,273" step="2"/><U108/><E108/><V38/><F87/><W114/><G2/><T41/><D41/><U46/><E46/><V64/><F38/><W22/><G112/><T71/><D71/><U1/><E1/><V21/><F64/><N who="3" m="38943" /><G114/><T27/><D27/><U34/><E34/><V84/><F84/><W24/><G24/><T25/><D25/><U127/><E127/><AGARI ba="0,1" hai="5,11,12,47,51,53,90,91,96,102,104,125,126,127" machi="127" ten="40,2600,0" yaku="1,1,18,1,53,0" doraHai="57" doraHaiUra="52" who="0" fromWho="1" sc="103,36,162,-26,452,0,273,0" /><INIT seed="6,0,0,1,4,112" ten="139,136,452,273" oya="2" hai0="119,108,131,13,78,122,35,38,95,101,49,0,92" hai1="42,91,126,100,96,135,99,67,134,74,71,82,129" hai2="19,4,83,27,70,75,25,133,61,94,113,132,15" hai3="7,73,26,12,5,116,106,124,51,117,76,43,31"/><V39/><F39/><W30/><G106/><T107/><D49/><U87/><E42/><V34/><F113/><W55/><G43/><T98/><D13/><U127/><E71/><V56/><F70/><W86/><G73/><T118/><D0/><U109/><E67/><V104/><F104/><W60/><G124/><N who="1" m="47658" /><E109/><V9/><F34/><W85/><G60/><T29/><D38/><U65/><E65/><V41/><F41/><W54/><G12/><T111/><D122/><U110/><E110/><N who="0" m="42025" /><D131/><U40/><E40/><V50/><F50/><W88/><G76/><T48/><D48/><U17/><E17/><V77/><F19/><W102/><G51/><T97/><D78/><N who="1" m="44375" /><E129/><V53/><F27/><W121/><G26/><T14/><D14/><U103/><E99/><V44/><F25/><W32/><G32/><T84/><D35/><U93/><E100/><V80/><F15/><W21/><G102/><N who="0" m="62935" /><D29/><U120/><E120/><V69/><F77/><W28/><G121/><T66/><D66/><U36/><E36/><V47/><F69/><W22/><REACH who="3" step="1"/><G30/><REACH who="3" ten="139,136,452,263" step="2"/><T52/><D52/><U11/><E11/><V130/><F9/><W1/><G1/><T79/><D79/><U105/><AGARI ba="0,1" hai="87,91,93,96,103,105,134,135" m="44375,47658" machi="105" ten="30,7900,0" yaku="24,1,18,1,34,2" doraHai="112" who="1" fromWho="1" sc="139,-20,136,89,452,-39,263,-20" /><INIT seed="7,0,0,1,3,96" ten="119,225,413,243" oya="3" hai0="74,76,135,99,118,90,81,63,51,7,109,6,39" hai1="55,131,93,122,112,43,56,123,35,18,65,68,133" hai2="17,125,73,0,21,33,3,66,111,119,27,32,61" hai3="134,120,23,52,114,78,117,10,57,108,31,13,40"/><W4/><G117/><T98/><D135/><U91/><E35/><V124/><F119/><W104/><G120/><T70/><D109/><U77/><E77/><V19/><F111/><W48/><G108/><T107/><D118/><U86/><E133/><V25/><F73/><W5/><G134/><T49/><D39/><U92/><E112/><V67/><F61/><W38/><G114/><T11/><D98/><U97/><E43/><V80/><F80/><W102/><G78/><T115/><D115/><U132/><E132/><V58/><F58/><W22/><G4/><T36/><D36/><U116/><E116/><V46/><F21/><W100/><G104/><T85/><D63/><U105/><E105/><V130/><F46/><N who="3" m="25671" /><G38/><T88/><D70/><U20/><E131/><AGARI ba="0,0" hai="0,3,17,19,25,27,32,33,66,67,124,125,130,131" machi="131" ten="25,1600,0" yaku="22,2" doraHai="96" who="2" fromWho="1" sc="119,0,225,-16,413,16,243,0" owari="119,-38.0,209,-19.0,429,53.0,243,4.0" /></mjloggm>