<mjloggm ver="2.3"><GO type="169" lobby="0"/><UN n0="%E3%82%88%E3%81%97%E3%81%8E" n1="%E3%82%A6%E3%83%AB%E3%83%88%E3%83%A9%E7%AB%8B%E7%9B%B4" n2="%E3%81%86%E3%81%8D%E3%81%A7%E3%82%93" n3="%E6%B8%85%E7%AB%9C%E9%97%98%E5%A3%AB" dan="16,18,16,16" rate="2091.26,2245.73,2065.46,2093.44" sx="M,M,M,M"/><TAIKYOKU oya="0"/><INIT seed="0,0,0,2,5,26" ten="250,250,250,250" oya="0" hai0="120,69,16,17,93,72,53,31,33,114,46,51,56" hai1="91,101,10,12,103,89,43,49,14,48,87,35,125" hai2="80,95,118,111,97,122,13,29,0,24,40,38,110" hai3="76,23,124,34,71,54,42,92,39,68,61,121,22"/><T127/><D114/><U20/><E35/><V128/><F0/><W57/><G124/><T100/><D120/><U25/><E125/><V112/><F122/><W131/><G131/><T27/><D127/><U60/><E60/><V134/><F112/><W6/><G121/><T130/><D130/><U85/><E43/><V7/><F128/><W126/><G34/><T90/><D69/><U66/><E66/><V50/><F38/><W117/><G117/><T59/><D72/><U9/><E25/><V75/><F7/><W84/><G126/><T21/><D100/><U8/><REACH who="1" step="1"/><E10/><REACH who="1" ten="250,240,250,250" step="2"/><V98/><F24/><W45/><G42/><T129/><D129/><U18/><E18/><N who="0" m="7273" /><D33/><U73/><E73/><V4/><F40/><W107/><G61/><T5/><D5/><U2/><E2/><V63/><F75/><W37/><G6/><T78/><D78/><U132/><E132/><V3/><F4/><W70/><G76/><T116/><D116/><U115/><E115/><V47/><F3/><W41/><G39/><T65/><D65/><U94/><E94/><V64/><F95/><W86/><G92/><T55/><D53/><U81/><E81/><V105/><F80/><W19/><G107/><T11/><D11/><U104/><E104/><V62/><F105/><W36/><G36/><T96/><AGARI ba="0,1" hai="21,27,31,46,51,55,56,59,90,93,96" m="7273" machi="96" ten="30,6000,0" yaku="8,1,52,1,54,1" doraHai="26" who="0" fromWho="0" sc="250,70,240,-20,250,-20,250,-20" /><INIT seed="0,1,0,2,4,0" ten="320,220,230,230" oya="0" hai0="129,54,7,2,37,63,77,125,48,93,44,27,115" hai1="6,85,15,107,104,13,8,32,34,56,131,87,22" hai2="88,52,68,39,24,31,101,42,123,81,38,91,122" hai3="82,18,110,3,112,12,127,97,69,100,43,94,5"/><T57/><D115/><U45/><E131/><V75/><F68/><W29/><G112/><T118/><D118/><U67/><E45/><V20/><F101/><W16/><G69/><T128/><D125/><U14/><E56/><V40/><F40/><W134/><G127/><T76/><D37/><U114/><E67/><V86/><F75/><W41/><G29/><T113/><D113/><U105/><E114/><V53/><F91/><W130/><G130/><N who="0" m="50283" /><D27/><U70/><E70/><V92/><F81/><W47/><G134/><T108/><D93/><U30/><E30/><V25/><F25/><W65/><G65/><N who="0" m="39151" /><D108/><U126/><E126/><V117/><F117/><W99/><G110/><T133/><D133/><U4/><E22/><V59/><F53/><W103/><G82/><T55/><D55/><U66/><E66/><V49/><REACH who="2" step="1"/><F42/><REACH who="2" ten="320,220,220,230" step="2"/><W111/><G43/><T96/><D96/><U83/><E83/><V121/><AGARI ba="1,1" hai="20,24,31,38,39,49,52,59,86,88,92,121,122,123" machi="121" ten="30,8000,1" yaku="1,1,2,1,0,1,54,2,53,0" doraHai="0" doraHaiUra="109" who="2" fromWho="2" sc="320,-41,220,-21,220,93,230,-21" /><INIT seed="1,0,0,4,3,76" ten="279,199,313,209" oya="1" hai0="13,3,120,43,44,109,64,16,54,95,93,124,67" hai1="72,2,20,104,25,6,85,21,130,100,114,38,97" hai2="80,87,52,71,70,35,106,36,7,48,131,22,69" hai3="63,75,132,99,59,79,0,40,15,129,5,47,117"/><U92/><E114/><V78/><F35/><W101/><G132/><T58/><D109/><U18/><E130/><V83/><F36/><W112/><G112/><T31/><D3/><U57/><E38/><V90/><F106/><W88/><G129/><T24/><D124/><U60/><E72/><V23/><F7/><W94/><G117/><T110/><D110/><U98/><E2/><V105/><F105/><W96/><G0/><T103/><D120/><U42/><E42/><V113/><F131/><W11/><G40/><T53/><D53/><U55/><E6/><V89/><F89/><W12/><G12/><T9/><D43/><U118/><E118/><V26/><F26/><W91/><G47/><T133/><D44/><U121/><E121/><V68/><F68/><W123/><G123/><T111/><D133/><U62/><E85/><V122/><F122/><W17/><G5/><T74/><D74/><U66/><E21/><V39/><F39/><W84/><G75/><T56/><D111/><U115/><E115/><V125/><F125/><W33/><G33/><T34/><D58/><U28/><E28/><V30/><F30/><W61/><G79/><T4/><D4/><U19/><E19/><V81/><F113/><W14/><G59/><T8/><D9/><U134/><E134/><V51/><F51/><W65/><G14/><T1/><D1/><U102/><REACH who="1" step="1"/><E66/><REACH who="1" ten="279,189,313,209" step="2"/><V107/><F87/><N who="3" m="52511" /><G65/><T10/><D67/><U73/><E73/><V37/><F23/><W77/><G84/><T82/><D64/><U108/><E108/><V119/><F119/><W46/><G17/><RYUUKYOKU ba="0,1" sc="279,-10,189,30,313,-10,209,-10" hai1="18,20,25,55,57,60,62,92,97,98,100,102,104" /><INIT seed="1,1,1,2,0,134" ten="269,219,303,199" oya="1" hai0="135,117,47,63,6,95,32,124,116,102,114,120,60" hai1="131,11,40,110,53,118,87,127,100,22,38,45,78" hai2="85,125,80,112,25,39,29,71,99,58,41,74,81" hai3="46,92,93,15,73,5,111,9,23,4,123,24,34"/><U122/><E118/><V56/><F71/><W109/><G73/><T98/><D32/><U62/><E122/><V43/><F74/><W26/><G123/><T89/><D114/><U19/><E131/><V70/><F70/><W2/><G46/><T27/><D120/><U82/><E110/><N who="3" m="41994" /><G93/><T96/><D135/><U54/><E127/><V126/><F99/><W49/><G49/><T77/><D124/><N who="2" m="47722" /><F112/><W55/><G55/><T59/><D98/><U69/><E100/><V12/><F12/><W107/><G92/><T106/><D102/><U3/><E3/><V30/><F30/><N who="3" m="19783" /><G107/><T101/><D106/><U67/><E11/><V16/><F16/><N who="3" m="12647" /><G5/><T35/><D6/><U10/><E10/><V68/><F68/><W1/><AGARI ba="1,1" hai="1,2,4,9,15" m="12647,19783,41994" machi="1" ten="30,7900,0" yaku="14,1,34,2,54,1" doraHai="134" who="3" fromWho="3" sc="269,-21,219,-40,303,-21,199,92" /><INIT seed="2,0,0,3,2,73" ten="248,179,282,291" oya="2" hai0="2,36,95,5,128,111,89,31,110,124,40,105,3" hai1="51,72,98,118,41,47,120,52,96,63,32,103,104" hai2="54,100,16,39,97,30,84,129,121,10,9,26,117" hai3="50,69,116,112,82,46,113,56,123,21,75,55,130"/><V102/><F117/><W90/><G69/><T58/><D128/><U57/><E118/><V43/><F121/><W23/><G116/><T62/><D105/><U109/><E109/><N who="0" m="41481" /><D124/><U71/><E120/><V77/><F129/><W127/><G130/><T60/><D31/><U61/><E72/><V99/><F43/><W35/><G123/><T135/><D135/><U106/><E32/><V108/><F39/><W19/><G35/><T38/><D62/><U68/><REACH who="1" step="1"/><E63/><REACH who="1" ten="248,169,282,291" step="2"/><V115/><F108/><W133/><G75/><T27/><D60/><U49/><E49/><V15/><F115/><W87/><G113/><T8/><D38/><U64/><E64/><V6/><F54/><W34/><G34/><T14/><D36/><U85/><E85/><V86/><F86/><W80/><G112/><T81/><D40/><U42/><E42/><V107/><F84/><W125/><G127/><T66/><D66/><U67/><E67/><V74/><F74/><W83/><G125/><T132/><D132/><U48/><E48/><V45/><F97/><W79/><G133/><T114/><D114/><U20/><E20/><V25/><F99/><W119/><G23/><T88/><D8/><U93/><E93/><V4/><F10/><W33/><G33/><T17/><D95/><U13/><E13/><V91/><F15/><N who="3" m="9471" /><G119/><T11/><D14/><U29/><E29/><V70/><F30/><W24/><G24/><T44/><D27/><U1/><E1/><V7/><F25/><W12/><G12/><T53/><D2/><U22/><E22/><V76/><F26/><W101/><G55/><RYUUKYOKU ba="0,1" sc="248,-10,169,30,282,-10,291,-10" hai1="41,47,51,52,57,61,68,71,96,98,103,104,106" /><INIT seed="3,1,1,3,1,33" ten="238,199,272,281" oya="3" hai0="60,127,130,82,25,105,42,102,26,48,107,47,93" hai1="78,121,27,135,63,0,15,53,111,65,85,29,13" hai2="30,120,32,124,106,16,115,96,94,75,125,43,51" hai3="109,62,71,86,128,8,2,76,100,70,57,112,114"/><W116/><G116/><T34/><D130/><U104/><E121/><V28/><F106/><W11/><G100/><T98/><D127/><N who="2" m="48714" /><F115/><W87/><G128/><T35/><D82/><N who="1" m="47319" /><E53/><V59/><F75/><W66/><G76/><T56/><D35/><N who="1" m="20927" /><E0/><V61/><F32/><W50/><G50/><T14/><D14/><U52/><E52/><N who="2" m="34023" /><F16/><W5/><G11/><T22/><D34/><U18/><E18/><V31/><F120/><W17/><G17/><T64/><D26/><U54/><E54/><V101/><F31/><AGARI ba="1,1" hai="22,25,31,42,47,48,56,60,64,93,98,102,105,107" machi="31" ten="30,3900,0" yaku="7,1,25,2" doraHai="33" who="0" fromWho="2" sc="238,52,199,0,272,-42,281,0" /><INIT seed="4,0,0,1,3,124" ten="290,199,230,281" oya="0" hai0="17,3,106,39,85,2,26,18,60,1,87,116,104" hai1="5,129,120,62,123,6,89,20,128,102,96,51,98" hai2="82,95,56,78,114,135,79,103,94,50,53,69,92" hai3="119,115,130,83,134,84,131,101,125,86,65,52,133"/><T76/><D116/><U36/><E36/><V7/><F114/><W42/><G119/><T91/><D39/><U16/><E51/><V34/><F34/><W110/><G42/><T46/><D46/><U112/><E112/><V0/><F69/><W88/><G115/><T99/><D60/><U105/><E62/><V61/><F135/><N who="3" m="51723" /><G110/><T81/><D99/><U13/><E89/><V15/><F0/><W54/><G65/><T40/><D40/><U73/><E73/><V121/><F121/><W64/><G64/><T122/><D122/><N who="1" m="46635" /><E98/><V12/><F103/><W100/><G125/><T22/><REACH who="0" step="1"/><D18/><REACH who="0" ten="280,199,230,281" step="2"/><U41/><E41/><V97/><F97/><W23/><G101/><T29/><D29/><U111/><E111/><V21/><F61/><W107/><G100/><T113/><D113/><U9/><E9/><V37/><F37/><W74/><G107/><T71/><D71/><U33/><E33/><V27/><F21/><W30/><G23/><T44/><D44/><U109/><E109/><V4/><F50/><W117/><G30/><T118/><D118/><U93/><E105/><V45/><F45/><W58/><G117/><T126/><D126/><U25/><E25/><V14/><F27/><W75/><G58/><T59/><D59/><U24/><E24/><V70/><F70/><W63/><G63/><T127/><D127/><U108/><E108/><V55/><F56/><W10/><G10/><T38/><D38/><U66/><E66/><V49/><F49/><W90/><G54/><N who="2" m="20489" /><F79/><W80/><G52/><T32/><D32/><U8/><E8/><V28/><F28/><RYUUKYOKU ba="0,1" sc="280,0,199,0,230,0,281,0" hai0="1,2,3,17,22,26,76,81,85,87,91,104,106" hai1="5,6,13,16,20,93,96,102,128,129" hai2="4,7,12,14,15,78,82,92,94,95" hai3="74,75,80,83,84,86,88,90,130,131" /><INIT seed="4,1,1,2,0,30" ten="280,199,230,281" oya="0" hai0="126,12,121,20,23,69,22,116,32,97,17,99,36" hai1="28,55,57,49,70,90,79,103,128,91,74,120,53" hai2="118,105,68,98,72,131,52,125,35,58,130,44,8" hai3="82,88,76,56,71,38,41,134,60,135,33,18,31"/><T4/><D116/><U39/><E120/><V21/><F35/><W89/><G71/><T65/><D121/><U101/><E39/><V78/><F68/><W113/><G113/><T96/><D36/><U34/><E70/><V110/><F110/><W3/><G3/><T64/><D126/><U108/><E108/><V51/><F125/><W92/><G18/><T122/><D122/><U107/><E128/><N who="2" m="49195" /><F21/><N who="0" m="8298" /><D32/><U85/><E107/><V43/><F8/><W112/><G112/><T80/><D69/><U5/><E5/><V115/><F115/><W50/><G50/><T124/><D124/><U37/><E37/><V0/><F0/><W25/><G41/><T54/><D4/><U111/><E111/><V102/><F118/><W114/><G38/><T46/><D80/><N who="1" m="47263" /><E34/><V14/><F14/><W100/><G114/><T67/><D46/><N who="1" m="27831" /><E28/><V29/><F29/><W86/><G100/><N who="1" m="38474" /><E74/><V9/><F9/><W95/><G92/><T117/><D117/><U10/><E10/><V61/><F78/><W7/><G7/><T47/><D47/><U45/><E45/><V123/><F72/><W48/><G95/><T15/><D54/><U6/><E6/><V59/><F123/><W63/><G76/><T84/><D84/><U132/><E132/><N who="3" m="50730" /><G89/><T94/><D94/><U129/><E129/><V42/><F59/><W26/><G31/><T81/><D81/><U104/><E104/><V1/><F1/><W66/><G33/><T83/><D83/><U133/><E133/><V87/><F87/><W77/><G77/><T19/><N who="0" m="8306" /><T127/><DORA hai="24" /><D127/><U93/><E93/><RYUUKYOKU ba="1,1" sc="280,10,199,10,230,10,281,-30" hai0="12,15,17,19,64,65,67,96,97,99" hai1="55,57,90,91" hai2="42,43,44,51,52,58,61,98,102,105" /><INIT seed="4,2,1,3,1,10" ten="290,209,240,251" oya="0" hai0="79,103,78,105,72,8,64,109,1,58,61,132,46" hai1="129,113,96,121,68,47,24,124,11,42,87,6,130" hai2="107,122,5,59,106,104,89,112,33,23,54,114,48" hai3="118,62,53,31,60,126,86,85,92,73,35,0,12"/><T76/><D132/><U50/><E121/><V128/><F33/><W123/><G73/><T82/><D109/><U101/><E68/><V9/><F122/><W133/><G118/><T21/><D21/><U115/><E24/><V30/><F89/><W98/><G0/><T40/><D103/><U74/><E87/><V95/><F95/><W135/><G123/><T90/><D90/><U55/><E55/><V37/><F37/><W19/><G126/><T63/><D63/><U25/><E25/><N who="2" m="16703" /><F128/><W41/><G41/><T14/><D105/><N who="1" m="63655" /><E74/><V20/><F20/><N who="3" m="11367" /><G31/><T77/><D1/><N who="1" m="463" /><E124/><V127/><F127/><W94/><G35/><T134/><D134/><N who="3" m="51209" /><G92/><T110/><D110/><U67/><E67/><V27/><F27/><W102/><G60/><T3/><D3/><U45/><E45/><V36/><F36/><W15/><G15/><T26/><D26/><U131/><AGARI ba="2,1" hai="42,47,50,113,115,129,130,131" m="463,63655" machi="131" ten="40,1500,0" yaku="19,1" doraHai="10" who="1" fromWho="1" sc="290,-9,209,31,240,-6,251,-6" /><INIT seed="5,0,0,1,0,70" ten="281,240,234,245" oya="1" hai0="65,82,116,10,63,115,7,72,80,19,3,121,50" hai1="123,52,8,96,17,55,76,94,12,23,54,67,21" hai2="38,33,46,57,79,27,131,53,49,1,86,62,48" hai3="5,124,119,129,77,99,87,14,118,100,45,113,51"/><U97/><E123/><V61/><F1/><W90/><G113/><T95/><D116/><U88/><E76/><V103/><F103/><W11/><G124/><T81/><D115/><U84/><E67/><V126/><F126/><W128/><G90/><T58/><D121/><U78/><E78/><V101/><F101/><W105/><G77/><T37/><D37/><U132/><E132/><V44/><F38/><W6/><G6/><T41/><D19/><U9/><E23/><V43/><F131/><N who="3" m="50251" /><G87/><T42/><D72/><U92/><E84/><V2/><F2/><W85/><G85/><T31/><D31/><U108/><E108/><V60/><F27/><W122/><G122/><T15/><D3/><U75/><E75/><V109/><F33/><W66/><G66/><T35/><D35/><U4/><E4/><V117/><F117/><W13/><G14/><T28/><D28/><U71/><E71/><V98/><F98/><W89/><G89/><AGARI ba="0,0" hai="8,9,12,17,21,52,54,55,88,89,92,94,96,97" machi="89" ten="40,12000,1" yaku="9,1,8,1,54,2" doraHai="70" who="1" fromWho="3" sc="281,0,240,120,234,0,245,-120" /><INIT seed="5,1,0,2,5,134" ten="281,360,234,125" oya="1" hai0="48,67,54,102,18,70,133,58,100,16,26,117,14" hai1="116,131,20,56,113,125,15,104,38,33,79,98,53" hai2="49,27,115,8,99,21,128,81,77,97,111,55,126" hai3="44,2,95,69,61,94,74,86,7,25,4,96,85"/><U103/><E116/><V118/><F111/><W89/><G74/><T23/><D117/><U78/><E33/><V108/><F108/><W101/><G2/><T1/><D1/><U37/><E79/><V132/><F118/><W66/><G44/><T40/><D133/><U24/><E78/><V110/><F110/><W28/><G86/><T39/><D39/><U107/><E107/><V72/><F132/><W17/><G17/><T130/><D130/><U87/><E87/><V127/><F8/><W112/><G112/><T62/><REACH who="0" step="1"/><D40/><REACH who="0" ten="271,360,234,125" step="2"/><U119/><E38/><V46/><F128/><W82/><G82/><T42/><D42/><U32/><E37/><V11/><F115/><W76/><G76/><T71/><D71/><U45/><E131/><V75/><F75/><W60/><G61/><T31/><D31/><U121/><E113/><V106/><F11/><AGARI ba="1,1" hai="11,14,16,18,23,26,48,54,58,62,67,70,100,102" machi="11" ten="30,3900,0" yaku="1,1,7,1,54,1,53,0" doraHai="134" doraHaiUra="129" who="0" fromWho="2" sc="271,52,360,0,234,-42,125,0" /><INIT seed="6,0,0,3,1,53" ten="323,360,192,125" oya="2" hai0="129,44,66,85,47,93,49,128,74,12,95,39,10" hai1="58,0,40,84,75,86,24,112,65,22,19,102,97" hai2="135,7,130,77,106,124,17,73,31,92,126,115,101" hai3="87,99,79,45,119,13,14,116,23,33,81,127,110"/><V134/><F7/><W15/><G33/><T35/><D74/><U121/><E75/><V98/><F31/><W111/><G127/><N who="2" m="48681" /><F17/><W50/><G23/><T132/><D35/><U37/><E0/><V120/><F120/><W16/><G99/><T25/><D132/><N who="2" m="50730" /><F115/><W105/><G105/><T20/><D39/><U29/><E112/><V36/><F36/><W114/><G114/><T28/><D66/><U83/><E121/><V5/><F5/><W8/><G14/><T1/><D1/><U133/><E133/><V117/><F117/><W18/><G116/><T52/><D47/><U57/><E37/><V6/><F6/><W61/><G119/><T67/><D67/><U63/><E19/><V46/><F46/><W96/><G96/><T103/><D103/><U30/><E30/><V60/><F60/><W56/><G18/><T11/><D11/><U32/><E63/><V80/><F92/><W94/><G94/><T125/><D125/><U43/><E29/><V51/><F51/><W68/><G13/><T27/><D95/><U34/><E24/><V123/><F123/><W9/><G9/><T118/><D118/><U72/><E34/><V76/><F76/><W89/><G79/><T21/><D10/><U78/><E32/><V131/><AGARI ba="0,0" hai="73,77,80,98,101,106,130,131" m="50730,48681" machi="131" ten="40,18000,2" yaku="30,2,18,1,20,1,23,1,34,2" doraHai="53" who="2" fromWho="2" sc="323,-60,360,-60,192,180,125,-60" /><INIT seed="6,1,0,5,4,62" ten="263,300,372,65" oya="2" hai0="1,43,7,107,96,14,18,121,52,123,61,92,134" hai1="85,88,12,127,111,16,119,37,19,117,87,25,33" hai2="71,106,86,48,27,15,73,90,46,105,124,112,104" hai3="57,125,24,103,64,118,65,10,42,130,98,54,53"/><V95/><F71/><W40/><G118/><T47/><D107/><U110/><E37/><V32/><F73/><W68/><G68/><T36/><D134/><U51/><E51/><V23/><F112/><W113/><G113/><T29/><D29/><U75/><E75/><V122/><F122/><W3/><G130/><T129/><D129/><U59/><E59/><V114/><F114/><W120/><G120/><T80/><D80/><U74/><E74/><V58/><F58/><W22/><G125/><T91/><D7/><U77/><E127/><V131/><F131/><W49/><G53/><T133/><D1/><U79/><E12/><V67/><F15/><W94/><G3/><T38/><D38/><U108/><E25/><V5/><F27/><W84/><G10/><T50/><D61/><U128/><E128/><V56/><F46/><W101/><G103/><T66/><D133/><U69/><E69/><V76/><F104/><W93/><G94/><T21/><REACH who="0" step="1"/><D66/><REACH who="0" ten="253,300,372,65" step="2"/><N who="3" m="25705" /><G84/><T28/><D28/><AGARI ba="1,1" hai="22,24,28,40,42,49,54,57,93,98,101" m="25705" machi="28" ten="30,7700,0" yaku="8,1,52,3" doraHai="62" who="3" fromWho="0" sc="253,-80,300,0,372,0,65,90" /><INIT seed="7,0,0,2,1,24" ten="173,300,372,155" oya="3" hai0="103,72,113,129,83,23,93,104,109,37,7,112,12" hai1="76,81,32,43,54,108,97,34,56,44,39,110,66" hai2="120,114,16,35,133,106,85,22,45,3,116,80,73" hai3="17,86,31,9,132,60,79,30,57,131,2,74,59"/><W42/><G74/><T13/><D109/><U127/><E127/><V91/><F116/><W100/><G100/><T130/><D37/><U46/><E46/><V84/><F35/><W125/><G125/><T33/><D33/><U4/><E32/><V40/><F3/><W69/><G69/><T87/><D104/><U92/><E34/><V8/><F106/><W135/><G42/><T94/><D72/><U53/><E66/><V124/><F8/><W77/><G131/><N who="0" m="50187" /><D23/><U1/><E92/><N who="0" m="35433" /><D103/><U105/><E97/><V27/><F22/><W128/><G128/><T18/><D18/><U0/><E105/><V49/><F16/><W82/><G79/><N who="0" m="46591" /><D7/><U19/><E19/><V78/><F73/><W99/><G99/><T118/><D118/><U134/><E54/><V126/><F40/><W29/><G17/><T48/><D48/><U51/><E0/><V95/><F49/><W41/><G41/><T89/><D89/><U96/><E96/><V61/><F91/><W52/><REACH who="3" step="1"/><G59/><REACH who="3" ten="173,300,372,145" step="2"/><T63/><D63/><U5/><E56/><V117/><F124/><W98/><G98/><T14/><AGARI ba="0,1" hai="12,13,14,112,113" m="46591,35433,50187" machi="14" ten="40,1500,0" yaku="19,1" doraHai="24" who="0" fromWho="0" sc="173,25,300,-4,372,-4,145,-7" owari="198,-20.0,296,10.0,368,46.0,138,-36.0" /></mjloggm>