<mjloggm ver="2.3"><GO type="169" lobby="0"/><UN n0="%EF%BC%BC%28%EF%BC%BE%6F%EF%BC%BE%29%EF%BC%8F%E2%98%85" n1="%E3%83%88%E3%83%88%E3%83%AA%E5%85%88%E7%94%9F%31%39%E6%AD%B3" n2="%E3%81%8F%E3%81%85%E3%81%A1%E3%82%83%E3%82%93%EF%BC%A0%50%45" n3="%E6%97%A5%E6%9B%9C%E6%97%A5%E3%82%88%E3%82%8A%E3%81%AE%E4%BD%BF%E8%80%85" dan="16,19,16,16" rate="2093.40,2293.74,2089.33,2110.48" sx="M,F,M,M"/><TAIKYOKU oya="0"/><INIT seed="0,0,0,1,0,17" ten="250,250,250,250" oya="0" hai0="99,63,71,132,116,10,74,123,85,95,7,43,36" hai1="64,47,5,60,75,48,42,29,50,51,77,92,97" hai2="9,11,105,19,80,73,3,130,79,62,114,120,52" hai3="28,115,65,109,44,107,56,110,30,78,82,104,134"/><T13/><D74/><U59/><E5/><V117/><F114/><W131/><G44/><T133/><D116/><U14/><E75/><V33/><F120/><W135/><G56/><T96/><D123/><U69/><E77/><V22/><F33/><W41/><G41/><T93/><D36/><U122/><E122/><V129/><F105/><N who="3" m="40523" /><G65/><T84/><D43/><U98/><E98/><V0/><F117/><W49/><G49/><T112/><D112/><U118/><E118/><V90/><F90/><W125/><G115/><T34/><D34/><U61/><E14/><V58/><F11/><W25/><G125/><T26/><D71/><U91/><REACH who="1" step="1"/><E29/><REACH who="1" ten="250,240,250,250" step="2"/><V8/><F3/><W68/><G30/><T113/><D113/><U55/><AGARI ba="0,1" hai="42,47,48,50,51,55,59,60,61,64,69,91,92,97" machi="55" ten="20,8000,1" yaku="1,1,2,1,0,1,7,1,53,1" doraHai="17" doraHaiUra="87" who="1" fromWho="1" sc="250,-40,240,90,250,-20,250,-20" /><INIT seed="1,0,0,1,3,10" ten="210,330,230,230" oya="1" hai0="48,69,109,117,6,33,95,102,80,45,57,55,100" hai1="134,118,2,79,3,36,97,84,129,56,31,103,107" hai2="126,65,104,99,92,35,122,72,78,81,66,59,125" hai3="94,34,132,133,28,123,130,11,1,75,24,32,89"/><U13/><E118/><V115/><F35/><N who="3" m="20871" /><G75/><T19/><D69/><U83/><E36/><V121/><F59/><W131/><G123/><N who="2" m="47113" /><F65/><W105/><G105/><T49/><D109/><U41/><E41/><V114/><F104/><W46/><G46/><T96/><D33/><N who="3" m="12905" /><G89/><T16/><D117/><U91/><E129/><N who="3" m="49162" /><G94/><T67/><D67/><U110/><E134/><V135/><F135/><W60/><G60/><T51/><D102/><U4/><E31/><V85/><F72/><W17/><G17/><T30/><D30/><U58/><E110/><V27/><F66/><W29/><G29/><T5/><D80/><U21/><E56/><V22/><F92/><W113/><G113/><N who="2" m="43017" /><F99/><W93/><G93/><T116/><D116/><U106/><E106/><V50/><F50/><N who="0" m="19562" /><D57/><U108/><E108/><V47/><F47/><W119/><G119/><T0/><D45/><U54/><E79/><V112/><F112/><W20/><G20/><T18/><D51/><N who="1" m="31071" /><E21/><V15/><F27/><W25/><G25/><T74/><D74/><U52/><E52/><V90/><F78/><W76/><G76/><T37/><D55/><U77/><E77/><V98/><F98/><W7/><AGARI ba="0,0" hai="1,7,11,132,133" m="49162,12905,20871" machi="7" ten="40,8000,1" yaku="19,1,23,1,34,2" doraHai="10" who="3" fromWho="3" sc="210,-20,330,-40,230,-20,230,80" /><INIT seed="2,0,0,4,5,101" ten="190,290,210,310" oya="2" hai0="71,124,72,10,1,35,68,112,69,60,100,36,84" hai1="66,57,89,74,2,34,98,29,32,99,107,30,94" hai2="63,52,80,118,86,46,53,75,122,31,102,47,19" hai3="6,45,26,15,83,123,33,50,0,81,116,11,135"/><V39/><F118/><W49/><G116/><T133/><D84/><U54/><E2/><V76/><F122/><W108/><G123/><T132/><D72/><U22/><E74/><V73/><F31/><W28/><G108/><T134/><D112/><U127/><E127/><V43/><F102/><W13/><G135/><T109/><D109/><U7/><E7/><V115/><F115/><W4/><G50/><T23/><D35/><U65/><E34/><V20/><F53/><W79/><G6/><T119/><D119/><U24/><E32/><V67/><F47/><W111/><G111/><T117/><D117/><U121/><E121/><V125/><F125/><W113/><G113/><T96/><D124/><U92/><E107/><V59/><REACH who="2" step="1"/><F67/><REACH who="2" ten="190,290,200,310" step="2"/><W44/><G44/><T128/><D134/><U5/><E30/><V41/><F41/><W126/><G126/><T14/><D133/><U62/><E5/><V129/><F129/><W40/><REACH who="3" step="1"/><G83/><REACH who="3" ten="190,290,200,300" step="2"/><T106/><D132/><U48/><E48/><V87/><F87/><AGARI ba="0,2" hai="0,4,11,13,15,26,28,33,40,45,49,79,81,87" machi="87" ten="30,3900,0" yaku="1,1,2,1,7,1,53,0" doraHai="101" doraHaiUra="105" who="3" fromWho="2" sc="190,0,290,0,200,-39,300,59" /><INIT seed="3,0,0,4,3,119" ten="190,290,161,359" oya="3" hai0="73,54,20,110,69,92,135,75,133,83,128,134,27" hai1="77,38,9,68,18,126,43,7,46,13,114,100,70" hai2="52,88,47,99,44,2,122,42,33,40,34,23,1" hai3="76,117,8,97,11,36,131,21,118,49,120,28,45"/><W10/><G120/><T95/><D69/><U80/><E114/><V96/><F122/><W16/><G36/><T4/><D4/><U25/><E126/><V108/><F23/><W103/><G28/><T123/><D123/><U22/><REACH who="1" step="1"/><E100/><REACH who="1" ten="190,280,161,359" step="2"/><V90/><REACH who="2" step="1"/><F52/><REACH who="2" ten="190,280,151,359" step="2"/><N who="3" m="29743" /><G117/><T104/><D54/><U30/><E30/><V58/><F58/><W61/><G118/><T130/><D135/><U89/><E89/><V60/><F60/><W66/><G61/><T14/><D134/><U81/><E81/><V72/><F72/><AGARI ba="0,2" hai="7,9,13,18,22,25,38,43,46,68,70,72,77,80" machi="72" ten="30,3900,0" yaku="1,1,7,1,53,1" doraHai="119" doraHaiUra="106" who="1" fromWho="2" sc="190,0,280,59,151,-39,359,0" /><INIT seed="4,0,0,4,0,134" ten="190,339,112,359" oya="0" hai0="61,81,43,36,55,109,88,73,35,83,46,48,115" hai1="53,4,20,97,113,131,126,125,41,5,128,47,21" hai2="0,58,96,87,120,17,71,44,49,31,77,1,54" hai3="89,19,119,122,95,103,18,13,130,7,14,78,106"/><T45/><D35/><U50/><E113/><V15/><F120/><W28/><G119/><T90/><D115/><U116/><E116/><V68/><F31/><W32/><G78/><T108/><D61/><U110/><E110/><V124/><F124/><N who="1" m="47721" /><E97/><V37/><F96/><W30/><G7/><N who="1" m="2634" /><E41/><V6/><F6/><W94/><G32/><T135/><D135/><U51/><E51/><V59/><F1/><W34/><G34/><T75/><D48/><U92/><E92/><V112/><F0/><W22/><G94/><T39/><D43/><U132/><E132/><V118/><F112/><W105/><G95/><T56/><D109/><U42/><E42/><V3/><F3/><W38/><G38/><T24/><D108/><U129/><AGARI ba="0,0" hai="20,21,47,50,53,128,129,131" m="2634,47721" machi="129" ten="40,8000,1" yaku="19,1,18,1,52,3" doraHai="134" who="1" fromWho="1" sc="190,-40,339,80,112,-20,359,-20" /><INIT seed="5,0,0,0,4,90" ten="150,419,92,339" oya="1" hai0="78,89,3,110,77,59,18,80,25,104,49,32,99" hai1="55,63,34,13,82,33,98,81,64,17,23,73,66" hai2="132,37,115,35,8,12,134,108,7,133,53,60,87" hai3="62,29,112,74,131,16,45,83,86,107,103,113,125"/><U130/><E130/><V0/><F37/><W28/><G74/><T126/><D3/><U40/><E40/><V36/><F36/><W91/><G131/><T118/><D110/><U47/><E73/><V97/><F108/><W22/><G125/><T31/><D118/><U124/><E124/><V2/><F115/><N who="3" m="44107" /><G45/><T116/><D116/><U26/><E34/><V69/><F35/><W96/><G62/><T5/><D5/><U122/><E122/><V38/><F38/><W79/><G79/><T128/><D126/><U120/><E120/><V43/><F43/><W92/><G107/><T42/><D128/><U39/><E39/><V84/><F97/><W71/><G71/><T27/><D104/><U51/><E33/><V52/><F69/><W48/><G48/><T109/><D109/><U102/><E13/><AGARI ba="0,0" hai="13,16,22,28,29,83,86,91,92,96,103" m="44107" machi="13" ten="30,3900,0" yaku="15,1,52,1,54,1" doraHai="90" who="3" fromWho="1" sc="150,0,419,-39,92,0,339,39" /><INIT seed="6,0,0,3,0,122" ten="150,380,92,378" oya="2" hai0="43,28,61,127,19,21,110,100,114,7,29,67,17" hai1="77,39,72,89,105,112,48,74,73,102,109,119,13" hai2="63,44,56,76,22,15,41,84,30,49,27,68,125" hai3="71,47,9,23,51,78,103,31,25,86,132,8,126"/><V133/><F125/><W53/><G126/><T129/><D127/><U55/><E109/><V87/><F133/><W36/><G71/><T52/><D110/><U54/><E119/><V75/><F68/><W69/><G69/><T40/><D67/><U45/><E39/><V135/><F135/><W123/><G123/><T65/><D65/><U16/><E112/><V79/><F75/><W35/><G132/><T99/><D7/><U3/><E3/><V70/><F70/><W134/><G134/><T116/><D114/><U95/><E102/><V33/><F33/><W107/><G36/><T66/><D66/><U62/><E105/><V83/><F15/><W97/><G35/><T20/><D129/><U106/><E106/><V128/><F128/><W26/><G26/><T80/><D80/><U108/><E108/><V12/><F12/><W11/><G86/><N who="2" m="32809" /><F83/><W1/><REACH who="3" step="1"/><G78/><REACH who="3" ten="150,380,92,368" step="2"/><T14/><D116/><U131/><E77/><V10/><F79/><W64/><G64/><T85/><D85/><U38/><E38/><V90/><F76/><W88/><G88/><T117/><D117/><U37/><E37/><V42/><F90/><W93/><G93/><N who="0" m="58479" /><D29/><U81/><E131/><V46/><F10/><W24/><G24/><N who="0" m="14367" /><D28/><U113/><E113/><V124/><F124/><W34/><G34/><T60/><D60/><U130/><E130/><V6/><F6/><AGARI ba="0,1" hai="1,6,8,9,11,23,25,31,47,51,53,97,103,107" machi="6" ten="40,1300,0" yaku="1,1,53,0" doraHai="122" doraHaiUra="115" who="3" fromWho="2" sc="150,0,380,0,92,-13,368,23" /><INIT seed="7,0,0,5,2,92" ten="150,380,79,391" oya="3" hai0="98,107,78,50,102,6,106,65,33,3,82,132,66" hai1="112,23,15,104,71,115,99,72,67,131,39,32,17" hai2="42,77,108,12,133,38,91,118,24,35,48,13,75" hai3="111,28,80,43,122,64,123,58,135,1,95,73,101"/><W76/><G1/><T60/><D66/><U8/><E72/><V51/><F108/><W79/><G111/><T129/><D50/><U19/><E32/><V59/><F118/><W68/><G68/><T70/><D132/><U14/><E39/><V134/><F75/><W83/><G43/><T130/><D107/><U46/><E131/><V37/><F77/><W84/><G28/><T121/><D121/><U30/><E30/><V55/><F91/><W117/><G117/><T53/><D53/><U34/><E34/><V85/><F85/><N who="3" m="48263" /><G58/><T61/><D61/><U62/><REACH who="1" step="1"/><E46/><REACH who="1" ten="150,370,79,391" step="2"/><V40/><F35/><W114/><G64/><T36/><D36/><U81/><E81/><V124/><F59/><W88/><G135/><T100/><D33/><U45/><E45/><V31/><F31/><W113/><G101/><AGARI ba="0,1" hai="8,14,15,17,19,23,62,67,71,99,101,104,112,115" machi="101" ten="40,2600,0" yaku="1,1,52,1,53,0" doraHai="92" doraHaiUra="128" who="1" fromWho="3" sc="150,0,370,36,79,0,391,-26" owari="150,-25.0,406,50.0,79,-42.0,365,17.0" /></mjloggm>