<mjloggm ver="2.3"><GO type="169" lobby="0"/><UN n0="%E3%81%BE%E3%81%99%E3%81%8F%E3%81%AF%E3%81%8C%E3%81%97" n1="%E3%83%88%E3%83%88%E3%83%AA%E5%85%88%E7%94%9F%31%39%E6%AD%B3" n2="%E6%AD%A6%E5%89%87%E8%BC%9D%E6%B5%B7" n3="%67%6F%75%73%69" dan="16,19,18,17" rate="2109.39,2269.61,2196.55,2163.66" sx="F,F,M,M"/><TAIKYOKU oya="0"/><INIT seed="0,0,0,3,3,135" ten="250,250,250,250" oya="0" hai0="107,2,30,7,127,116,64,59,13,111,32,56,34" hai1="68,61,96,46,24,5,91,94,114,48,117,75,54" hai2="35,31,76,92,119,29,128,60,4,115,121,49,132" hai3="103,87,14,16,41,6,79,28,69,43,106,10,86"/><T129/><D116/><U21/><E117/><V33/><F76/><W78/><G69/><T58/><D64/><U74/><E114/><V53/><F119/><W3/><G106/><T27/><D107/><U131/><E131/><V97/><F121/><W101/><G28/><T120/><D120/><U62/><E5/><V80/><F115/><W19/><G3/><T109/><D129/><U83/><E68/><V63/><F80/><W95/><G6/><T104/><D104/><U130/><E130/><V77/><F77/><W125/><G14/><T66/><D2/><U42/><E42/><V44/><F132/><W40/><G40/><T82/><D82/><U55/><E83/><V70/><F128/><W73/><G95/><T51/><D127/><U8/><E8/><V105/><F105/><W0/><G10/><N who="0" m="4319" /><D66/><U17/><REACH who="1" step="1"/><E62/><REACH who="1" ten="250,240,250,250" step="2"/><V50/><F70/><W113/><G113/><T52/><D34/><U134/><E134/><V124/><F35/><W102/><G0/><T118/><D118/><U39/><E39/><V108/><F33/><W84/><G73/><T36/><D36/><U15/><E15/><V57/><F4/><W1/><G1/><T18/><D18/><U112/><E112/><V88/><F63/><W11/><G19/><T65/><D32/><U100/><E100/><V110/><F60/><W81/><G16/><T122/><D122/><U45/><E45/><V23/><F44/><W47/><G47/><N who="0" m="27775" /><D30/><U72/><E72/><V93/><F31/><W71/><G71/><T25/><D65/><U85/><E85/><V99/><F29/><W67/><G81/><RYUUKYOKU ba="0,1" sc="250,15,240,15,250,-15,250,-15" hai0="25,27,56,58,59,109,111" hai1="17,21,24,46,48,54,55,61,74,75,91,94,96" /><INIT seed="0,1,1,4,2,58" ten="265,255,235,235" oya="0" hai0="122,114,23,21,89,96,101,42,12,128,82,26,57" hai1="25,110,72,130,46,124,123,59,105,76,86,77,100" hai2="41,95,38,73,43,94,66,17,14,71,79,88,106" hai3="131,51,127,8,93,52,28,5,63,33,120,1,30"/><T97/><D114/><U48/><E123/><V84/><F106/><W60/><G120/><T113/><D113/><U118/><E118/><V108/><F108/><W7/><G127/><T45/><D122/><U81/><E124/><V11/><F38/><W107/><G107/><T37/><D128/><U15/><E130/><V117/><F117/><W69/><G131/><T75/><D12/><U13/><E110/><V24/><F73/><W67/><G33/><T85/><D75/><U6/><E6/><V40/><F79/><W87/><G7/><T74/><D74/><U16/><E59/><V10/><F24/><W134/><G134/><T78/><D78/><U99/><E76/><V22/><REACH who="2" step="1"/><F95/><REACH who="2" ten="265,255,225,235" step="2"/><W61/><G93/><T115/><D115/><U102/><E72/><V27/><F27/><W119/><G119/><T92/><D26/><U121/><E121/><V68/><F68/><W90/><G69/><T111/><D111/><U65/><E25/><V3/><F3/><W54/><G30/><T34/><D34/><U70/><E15/><V129/><F129/><W103/><G28/><T44/><D92/><U116/><E116/><V49/><F49/><W133/><G51/><T132/><D37/><U56/><E70/><V98/><F98/><W2/><G2/><T80/><D97/><U20/><E99/><V135/><F135/><W4/><G133/><T62/><D96/><U104/><E105/><V29/><F29/><W112/><G112/><T47/><D132/><U18/><E104/><V9/><F9/><W91/><G1/><T64/><D23/><U0/><E20/><RYUUKYOKU ba="1,2" sc="265,-10,255,-10,225,30,235,-10" hai2="10,11,14,17,22,40,41,43,66,71,84,88,94" /><INIT seed="1,2,2,4,2,26" ten="255,245,255,225" oya="1" hai0="39,126,63,109,51,52,100,3,31,11,65,61,54" hai1="7,86,120,116,79,75,85,43,16,135,53,123,8" hai2="90,23,94,47,46,133,2,130,36,77,28,127,56" hai3="74,84,68,110,89,78,42,72,25,45,59,50,87"/><U92/><E116/><V113/><F2/><W38/><G110/><T70/><D109/><U1/><E135/><V30/><F133/><W80/><G68/><T60/><D39/><U0/><E0/><V103/><F127/><W124/><G124/><T13/><D126/><U82/><E53/><V17/><F130/><W48/><G25/><T119/><D119/><U111/><E111/><V115/><F103/><W35/><G35/><T12/><D100/><U41/><E120/><V128/><F77/><W104/><G104/><T108/><D108/><U20/><E123/><V44/><F36/><W76/><G76/><T98/><D98/><U91/><REACH who="1" step="1"/><E75/><REACH who="1" ten="255,235,255,225" step="2"/><V107/><F128/><W105/><G74/><T66/><D54/><U10/><E10/><V83/><F115/><W14/><G72/><T96/><D11/><U37/><E37/><V134/><F113/><W67/><G38/><T101/><D3/><U102/><E102/><V99/><F134/><W81/><G105/><T129/><D129/><U125/><E125/><V117/><F107/><W24/><G42/><T49/><D52/><U5/><E5/><V88/><F117/><W114/><G114/><T121/><D121/><U71/><E71/><V27/><F56/><W6/><G59/><T40/><D70/><U64/><E64/><V55/><F55/><W18/><G67/><T97/><D101/><U118/><E118/><V57/><F57/><W34/><G6/><T9/><D9/><U106/><E106/><V15/><F15/><AGARI ba="2,3" hai="1,7,8,15,16,20,41,43,79,82,85,86,91,92" machi="15" ten="30,5800,0" yaku="1,1,7,1,54,1,53,0" doraHai="26" doraHaiUra="132" who="1" fromWho="2" sc="255,0,235,94,255,-64,225,0" /><INIT seed="1,3,0,3,0,21" ten="255,329,191,225" oya="1" hai0="64,60,95,121,0,11,5,77,71,36,26,23,32" hai1="98,4,39,19,42,109,112,125,12,122,83,69,14" hai2="33,97,87,54,56,10,85,111,70,63,57,46,15" hai3="133,9,79,94,25,31,119,127,8,27,106,126,115"/><U51/><E112/><V110/><F70/><W90/><G106/><T30/><D121/><U28/><E122/><V120/><F120/><W108/><G115/><T73/><D36/><U49/><E69/><V88/><F33/><W3/><G108/><N who="2" m="41513" /><F46/><W47/><G133/><T18/><D95/><U76/><E109/><V129/><F129/><W62/><G31/><T81/><REACH who="0" step="1"/><D32/><REACH who="0" ten="245,329,191,225" step="2"/><U80/><E80/><V55/><F97/><W118/><G94/><T66/><D66/><U59/><E98/><V86/><F88/><W67/><G90/><T82/><D82/><U101/><E83/><V41/><F87/><W123/><G123/><T93/><D93/><U58/><E39/><V128/><F128/><W116/><G79/><T40/><D40/><U44/><E42/><V16/><F41/><W75/><G67/><T89/><D89/><U92/><E76/><V105/><F105/><W135/><G118/><T13/><D13/><U130/><E130/><V74/><F74/><W53/><G75/><T6/><D6/><U134/><E4/><V24/><F24/><W114/><G27/><T2/><D2/><U99/><E92/><V103/><F103/><W1/><G25/><T29/><AGARI ba="3,1" hai="0,5,11,18,23,26,29,30,60,64,71,73,77,81" machi="29" ten="30,4000,0" yaku="1,1,0,1,52,1,53,0" doraHai="21" doraHaiUra="100" who="0" fromWho="0" sc="245,59,329,-23,191,-13,225,-13" /><INIT seed="2,0,0,5,2,12" ten="304,306,178,212" oya="2" hai0="64,52,71,11,62,112,5,8,35,118,67,47,3" hai1="20,49,1,78,87,37,79,132,98,0,131,65,72" hai2="82,58,96,6,41,135,106,86,93,45,60,111,102" hai3="100,119,63,115,46,36,54,69,27,59,95,101,125"/><V9/><F135/><W55/><G119/><T7/><D112/><U14/><E37/><V77/><F111/><W10/><G125/><T32/><D118/><U88/><E132/><V75/><F58/><W130/><G69/><T30/><D30/><U21/><E131/><V39/><F60/><W117/><G117/><T42/><D67/><U70/><E72/><V108/><F108/><W122/><G122/><T134/><D134/><U116/><E116/><V29/><F29/><W34/><G34/><T84/><D84/><U90/><E98/><V127/><F127/><W74/><G74/><T38/><REACH who="0" step="1"/><D52/><REACH who="0" ten="294,306,178,212" step="2"/><U124/><E65/><V25/><F86/><W123/><G55/><T80/><D80/><U110/><E87/><V28/><F106/><W18/><G54/><T126/><D126/><U129/><E124/><V33/><F82/><W120/><G115/><T99/><D99/><U40/><E110/><V104/><F75/><W89/><G120/><T73/><D73/><U24/><E129/><V113/><F113/><W13/><G123/><T121/><D121/><U133/><E133/><V44/><F104/><W48/><G130/><T107/><D107/><U91/><E70/><V50/><F77/><W109/><G109/><T103/><D103/><U66/><E79/><V57/><F57/><W26/><G100/><T56/><D56/><U15/><E78/><V51/><REACH who="2" step="1"/><F45/><REACH who="2" ten="294,306,168,212" step="2"/><W16/><G46/><T22/><D22/><U94/><E20/><V23/><F23/><W4/><G59/><T68/><D68/><U53/><E21/><V2/><AGARI ba="0,2" hai="2,6,9,25,28,33,39,41,44,50,51,93,96,102" machi="2" ten="20,3900,0" yaku="1,1,0,1,7,1,53,0" doraHai="12" doraHaiUra="81" who="2" fromWho="2" sc="294,-13,306,-13,168,59,212,-13" /><INIT seed="2,1,0,5,0,123" ten="281,293,227,199" oya="2" hai0="33,111,50,1,86,56,75,19,12,93,76,85,90" hai1="124,121,58,23,2,64,9,108,3,59,132,117,28" hai2="55,83,49,53,110,129,6,66,109,92,104,21,69" hai3="42,26,97,48,45,38,37,127,17,70,16,133,107"/><V77/><F104/><W88/><G70/><T116/><D1/><U5/><E117/><V72/><F129/><W52/><G127/><T57/><D33/><U135/><E124/><V36/><F36/><W79/><G79/><T96/><D116/><U29/><E121/><V0/><F0/><W95/><G133/><N who="1" m="51274" /><E2/><V30/><F6/><W32/><G107/><T40/><D75/><U105/><E105/><V94/><F66/><W120/><G120/><T20/><D111/><N who="2" m="42506" /><F69/><W67/><G67/><T98/><D86/><U51/><E108/><V101/><F101/><W61/><G32/><T18/><D18/><U113/><E113/><V13/><F55/><W81/><G37/><T68/><D68/><U82/><E64/><V84/><F72/><W122/><G122/><T7/><D7/><U131/><E131/><V134/><F134/><W43/><G38/><T71/><D71/><U102/><E102/><V10/><F10/><W115/><G115/><T99/><D40/><U44/><E9/><V65/><F65/><W73/><G43/><T119/><D119/><U35/><E5/><V4/><F4/><W91/><G73/><T41/><D41/><U100/><E100/><V89/><F77/><W47/><G42/><T62/><D76/><U8/><E8/><V60/><F60/><W14/><G61/><T74/><D74/><U27/><E3/><V46/><F13/><W31/><G14/><T25/><D12/><U22/><E51/><V39/><F39/><W112/><G112/><T11/><D11/><U80/><E35/><V125/><F125/><W118/><G118/><RYUUKYOKU ba="1,0" sc="281,-10,293,-10,227,30,199,-10" hai2="21,30,46,49,53,83,84,89,92,94" /><INIT seed="2,2,0,3,4,121" ten="271,283,257,189" oya="2" hai0="4,75,131,47,83,48,124,64,110,97,45,50,44" hai1="31,89,80,102,1,104,72,51,93,11,120,91,2" hai2="88,8,33,61,71,20,14,116,109,37,38,68,40" hai3="23,125,112,119,18,133,114,36,6,123,107,135,30"/><V115/><F33/><W34/><G36/><T56/><D4/><U87/><E120/><V74/><F74/><W42/><G42/><T96/><D75/><U90/><E31/><V10/><F115/><N who="3" m="44075" /><G107/><T52/><D131/><U111/><E111/><V92/><F109/><W73/><G73/><T79/><D124/><U81/><E51/><V78/><F78/><W77/><G77/><T5/><D5/><U13/><E1/><V94/><F116/><W7/><G123/><T82/><D110/><U129/><E2/><V134/><F94/><W99/><G99/><N who="0" m="37963" /><D64/><U53/><E102/><V25/><F61/><W103/><G103/><T85/><D83/><N who="1" m="31819" /><E104/><V12/><F38/><W41/><G41/><AGARI ba="2,0" hai="41,44,45,47,48,50,52,56,79,82,85" m="37963" machi="41" ten="30,2000,0" yaku="8,1,54,1" doraHai="121" who="0" fromWho="3" sc="271,26,283,0,257,0,189,-26" /><INIT seed="3,0,0,2,5,18" ten="297,283,257,163" oya="3" hai0="41,20,70,69,130,94,42,48,93,75,3,113,1" hai1="90,105,85,31,39,15,24,16,121,28,25,84,107" hai2="29,106,17,110,117,52,96,80,63,87,62,66,56" hai3="22,59,79,116,57,108,92,109,9,23,68,53,58"/><W49/><G68/><T123/><D48/><U114/><E39/><V132/><F117/><W134/><G116/><T0/><D75/><U34/><E121/><V111/><F132/><W71/><G71/><T4/><D3/><U38/><E38/><V122/><F122/><W61/><G134/><T60/><D60/><U118/><E114/><V54/><F29/><W2/><G79/><T45/><D45/><U127/><E127/><V36/><F36/><W135/><G135/><T32/><D32/><U99/><E118/><V115/><F115/><W14/><G92/><T43/><D43/><U95/><E85/><V11/><F96/><W77/><G77/><T8/><D113/><U119/><E119/><V6/><F106/><W30/><G2/><T112/><D112/><U126/><E126/><V21/><F11/><W12/><G30/><T83/><D8/><U97/><E97/><V7/><F7/><N who="3" m="3135" /><G14/><T74/><D74/><U100/><E15/><N who="2" m="9407" /><F6/><W131/><G131/><T5/><D130/><U120/><E120/><V55/><F80/><W40/><G40/><T44/><D123/><U86/><E16/><V91/><F87/><W82/><G82/><T13/><D13/><U89/><E86/><V98/><F98/><W46/><G61/><T104/><D104/><U102/><E107/><V27/><F63/><W47/><G46/><T64/><D83/><N who="1" m="49311" /><E105/><V76/><F76/><W65/><G65/><T128/><D128/><U10/><E10/><V78/><F78/><W67/><G67/><T51/><D1/><U35/><E35/><V125/><F125/><W19/><G19/><RYUUKYOKU ba="0,0" sc="297,-15,283,15,257,-15,163,15" hai1="24,25,28,31,34,90,95,99,100,102" hai3="22,23,47,49,53,57,58,59,108,109" /><INIT seed="3,1,0,3,1,115" ten="282,298,242,178" oya="3" hai0="30,42,27,1,123,5,22,54,66,36,109,61,126" hai1="81,32,52,13,107,9,102,96,26,89,12,92,71" hai2="69,65,132,18,34,24,120,74,112,118,70,23,28" hai3="105,15,3,55,73,20,84,91,48,116,6,0,14"/><W50/><G73/><T79/><D123/><U49/><E71/><V29/><F70/><W47/><G105/><T110/><D79/><U93/><E13/><V88/><F74/><W82/><G116/><T127/><D54/><U31/><E81/><V53/><F112/><W17/><REACH who="3" step="1"/><G50/><REACH who="3" ten="282,298,242,168" step="2"/><T75/><D75/><U56/><REACH who="1" step="1"/><E89/><REACH who="1" ten="282,288,242,168" step="2"/><V113/><F88/><W98/><G98/><T45/><D127/><U40/><E40/><V83/><F113/><W78/><G78/><T7/><D126/><U44/><E44/><V111/><F120/><W103/><G103/><T35/><D45/><U43/><E43/><V77/><F77/><W85/><G85/><T134/><D42/><U130/><E130/><V135/><F135/><W106/><G106/><T57/><D134/><U39/><E39/><V128/><F132/><W95/><G95/><T2/><D36/><U37/><E37/><V76/><F128/><W108/><G108/><T8/><D110/><U121/><E121/><V119/><F111/><W4/><G4/><AGARI ba="1,2" hai="4,9,12,26,31,32,49,52,56,92,93,96,102,107" machi="4" ten="30,3900,0" yaku="1,1,7,1,54,1,53,0" doraHai="115" doraHaiUra="67" who="1" fromWho="3" sc="282,0,288,62,242,0,168,-42" /><INIT seed="4,0,0,3,5,44" ten="282,350,242,126" oya="0" hai0="122,74,7,115,17,39,20,51,55,128,78,42,67" hai1="93,22,11,15,84,91,117,89,47,81,134,18,110" hai2="2,104,27,12,96,1,77,31,76,25,66,108,60" hai3="23,79,90,102,54,5,43,59,57,33,28,64,41"/><T116/><D116/><U112/><E110/><V19/><F108/><W34/><G79/><T75/><D122/><U86/><E134/><V118/><F118/><W124/><G5/><T105/><D105/><U103/><E112/><V14/><F76/><W101/><G23/><T98/><D115/><U62/><E117/><V82/><F27/><W38/><G28/><T63/><D7/><U13/><E103/><V70/><F14/><W8/><G64/><T49/><D128/><U107/><E107/><V6/><F6/><W88/><G38/><T46/><D98/><U16/><E47/><V24/><F24/><W50/><G54/><T26/><D78/><U114/><E114/><V35/><F19/><W131/><G124/><T95/><D95/><U109/><E109/><V4/><F12/><W92/><G92/><T40/><D40/><U37/><E37/><V61/><F61/><AGARI ba="0,0" hai="11,13,15,16,18,22,61,62,81,84,86,89,91,93" machi="61" ten="40,2600,0" yaku="8,1,54,1" doraHai="44" who="1" fromWho="2" sc="282,0,350,26,242,-26,126,0" /><INIT seed="5,0,0,2,1,127" ten="282,376,216,126" oya="1" hai0="79,7,108,133,115,21,91,26,102,11,125,134,63" hai1="5,46,84,119,90,83,51,118,12,43,23,2,31" hai2="78,104,39,117,85,112,42,81,124,75,32,41,98" hai3="123,96,73,6,24,67,105,17,45,71,110,130,52"/><U14/><E2/><V111/><F32/><W122/><G73/><T97/><D108/><U57/><E118/><V80/><F42/><W69/><G110/><T29/><D125/><U49/><E119/><V82/><F117/><W36/><G6/><T22/><D79/><U76/><E90/><V106/><F111/><W40/><G17/><T47/><D91/><U16/><E31/><V129/><F41/><W95/><G24/><T68/><D115/><U88/><E76/><N who="2" m="44063" /><F39/><W50/><G105/><N who="2" m="40553" /><F124/><W135/><G95/><T38/><D47/><U121/><E121/><N who="3" m="46090" /><G96/><T66/><D38/><U58/><E51/><V116/><F116/><W72/><G72/><T131/><D29/><U8/><AGARI ba="0,0" hai="5,8,12,14,16,23,43,46,49,57,58,83,84,88" machi="8" ten="30,11700,0" yaku="0,1,8,1,54,2" doraHai="127" who="1" fromWho="1" sc="282,-39,376,117,216,-39,126,-39" /><INIT seed="5,1,0,0,4,3" ten="243,493,177,87" oya="1" hai0="41,115,94,111,35,119,64,106,24,89,130,17,31" hai1="63,127,105,55,21,50,85,135,82,46,0,65,48" hai2="131,95,125,29,72,61,100,45,112,12,30,42,40" hai3="133,19,101,11,99,44,49,110,67,91,108,66,73"/><U75/><E105/><V43/><F72/><W34/><G73/><T15/><D119/><U59/><E75/><V134/><F125/><W98/><G34/><T4/><D111/><U10/><E127/><V96/><F131/><W76/><G76/><T56/><D106/><U80/><E135/><V53/><F134/><W27/><G133/><T132/><D130/><U14/><E0/><V77/><F77/><W23/><G108/><T1/><D115/><U26/><E50/><V116/><F116/><W109/><G109/><T69/><D41/><U25/><E21/><V78/><F78/><W71/><G110/><T74/><D74/><U118/><E118/><V38/><F112/><W113/><G113/><T57/><D69/><U7/><E82/><V86/><F38/><W88/><G11/><N who="0" m="2447" /><D64/><N who="3" m="24617" /><G71/><T107/><D107/><U84/><E84/><V13/><F86/><W81/><G81/><T52/><D52/><U120/><E120/><V6/><F13/><W128/><G128/><T83/><D83/><U62/><E62/><V33/><F33/><W122/><G122/><T20/><D132/><U87/><E85/><AGARI ba="1,0" hai="15,17,20,24,31,35,56,57,85,89,94" m="2447" machi="85" ten="30,2000,0" yaku="24,1,52,1" doraHai="3" who="0" fromWho="1" sc="243,23,493,-23,177,0,87,0" /><INIT seed="6,0,0,3,2,78" ten="266,470,177,87" oya="2" hai0="96,15,116,21,57,131,20,49,118,79,24,64,100" hai1="40,90,39,71,102,101,121,86,92,42,85,112,31" hai2="0,14,73,125,30,4,94,60,99,9,50,8,103" hai3="134,93,29,65,32,111,38,46,114,70,7,76,129"/><V122/><F122/><W77/><G111/><T52/><D131/><U51/><E71/><V27/><F125/><W10/><G129/><T17/><D79/><U80/><E39/><V13/><F73/><W12/><G134/><T2/><D2/><U117/><E117/><N who="0" m="45161" /><D64/><U45/><E112/><V34/><F60/><W69/><G77/><T104/><D21/><U36/><E121/><V95/><F50/><W127/><G127/><T47/><D47/><U115/><E115/><V81/><F81/><W26/><G114/><T109/><D109/><U68/><E68/><V106/><REACH who="2" step="1"/><F0/><REACH who="2" ten="266,470,167,87" step="2"/><W123/><G123/><T22/><D22/><U107/><E51/><V110/><F110/><W18/><G65/><T84/><D84/><U119/><E80/><V19/><AGARI ba="0,1" hai="4,8,9,13,14,19,27,30,34,94,95,99,103,106" machi="19" ten="20,3900,0" yaku="1,1,0,1,7,1,53,0" doraHai="78" doraHaiUra="75" who="2" fromWho="2" sc="266,-13,470,-13,167,49,87,-13" /><INIT seed="6,1,0,0,0,29" ten="253,457,216,74" oya="2" hai0="84,23,27,94,121,26,106,32,90,39,81,2,91" hai1="57,114,60,30,96,97,12,8,129,43,75,20,34" hai2="50,100,111,21,68,0,98,79,48,56,101,115,28" hai3="45,103,78,113,62,135,108,89,40,25,61,10,38"/><V42/><F68/><W73/><G108/><T19/><D121/><U124/><E34/><V126/><F0/><W66/><G135/><T24/><D106/><U93/><E75/><V37/><F115/><W22/><G113/><T69/><D39/><U92/><E114/><V134/><F134/><W76/><G89/><T77/><D69/><U15/><E129/><V74/><F126/><W117/><G117/><T36/><D36/><U64/><E43/><V112/><F112/><W85/><G85/><T133/><D133/><U17/><E124/><V4/><F4/><W65/><G103/><T127/><D2/><U33/><E33/><V3/><F3/><W87/><G87/><N who="0" m="48559" /><D32/><U67/><E30/><V11/><F11/><W71/><G10/><T31/><D31/><U107/><E107/><V9/><F9/><W5/><G5/><T80/><D127/><U82/><E82/><V16/><F28/><W122/><G122/><T7/><D7/><N who="1" m="3103" /><E67/><V130/><F130/><W119/><G119/><T55/><D55/><U109/><E109/><V63/><F111/><W120/><G120/><T132/><D132/><U110/><E110/><V95/><F101/><W14/><G14/><T44/><D44/><U58/><E58/><V86/><F74/><W49/><G73/><T52/><D52/><U105/><E105/><V72/><F72/><W123/><G123/><T51/><D51/><U35/><E35/><V125/><F125/><W59/><REACH who="3" step="1"/><G49/><REACH who="3" ten="253,457,216,64" step="2"/><T102/><D102/><U128/><E128/><V6/><F50/><W99/><G99/><AGARI ba="1,1" hai="19,23,24,26,27,80,84,90,91,94,99" m="48559" machi="99" ten="30,1000,0" yaku="8,1" doraHai="29" who="0" fromWho="3" sc="253,23,457,0,216,0,64,-13" /><AGARI ba="1,0" hai="15,17,20,57,60,64,92,93,96,97,99" m="3103" machi="99" ten="30,1000,0" yaku="8,1" doraHai="29" who="1" fromWho="3" sc="276,0,457,10,216,0,51,-10" /><INIT seed="7,0,0,4,4,54" ten="276,467,216,41" oya="3" hai0="25,129,47,10,5,109,21,79,134,51,68,112,67" hai1="18,4,123,94,98,35,88,76,133,124,86,90,108" hai2="107,64,22,71,120,122,115,128,80,114,61,13,17" hai3="74,113,56,126,33,132,38,84,96,36,85,104,43"/><W60/><G74/><T72/><D109/><U95/><E108/><V130/><F107/><W57/><G33/><T41/><D68/><U0/><E35/><V105/><F105/><W1/><G1/><T117/><D117/><U70/><E70/><V53/><F80/><W59/><G60/><T3/><D67/><U65/><E65/><V78/><F78/><W11/><G113/><N who="2" m="43017" /><F22/><W118/><G118/><T92/><D112/><U49/><E123/><N who="2" m="47147" /><F17/><W16/><G126/><T45/><D92/><U111/><E49/><V55/><F13/><W131/><G131/><AGARI ba="0,0" hai="53,55,61,64,71,128,130,131" m="47147,43017" machi="131" ten="40,8000,1" yaku="19,1,15,1,13,1,34,2" doraHai="54" who="2" fromWho="3" sc="276,0,467,0,216,80,41,-80" owari="276,-12.0,467,56.0,296,10.0,-39,-54.0" /></mjloggm>