<mjloggm ver="2.3"><GO type="169" lobby="0"/><UN n0="%E3%83%88%E3%83%88%E3%83%AA%E5%85%88%E7%94%9F%31%39%E6%AD%B3" n1="%4F%33%E9%BE%8D%E9%96%80" n2="%E8%8A%B1%E6%A1%9C%E9%87%8C" n3="%46%2E%53%57%49%4E%47" dan="19,16,16,16" rate="2268.11,2012.95,2121.07,2089.24" sx="F,M,M,M"/><TAIKYOKU oya="0"/><INIT seed="0,0,0,2,4,80" ten="250,250,250,250" oya="0" hai0="26,125,40,115,64,31,15,96,121,85,28,69,88" hai1="86,67,103,75,122,16,95,83,22,126,19,27,37" hai2="94,56,129,0,8,127,65,133,107,35,93,73,78" hai3="38,51,44,18,20,68,14,111,41,13,104,71,46"/><T98/><D115/><U34/><E122/><V72/><F56/><W81/><G104/><T117/><D117/><U25/><E37/><V114/><F65/><W47/><G111/><T21/><D121/><U42/><E126/><V57/><F57/><W33/><G33/><T97/><D125/><U4/><E75/><V119/><F8/><W108/><G108/><T55/><D40/><U124/><E124/><V62/><F62/><W50/><G38/><T134/><D134/><U53/><E67/><V101/><F0/><W36/><G36/><T91/><D91/><U118/><E118/><V89/><F35/><W105/><G105/><T109/><D109/><U130/><E130/><V99/><F127/><W45/><G13/><T11/><D69/><U48/><E4/><V5/><F5/><W24/><G24/><N who="1" m="9290" /><E34/><V2/><F2/><W17/><G17/><N who="0" m="8447" /><D64/><U120/><E22/><V39/><F39/><W7/><G71/><T123/><D55/><U12/><E12/><V23/><F23/><W29/><G68/><T112/><D112/><U1/><E1/><V84/><F114/><W116/><G116/><T87/><D123/><U58/><E42/><V52/><F119/><W76/><G7/><T60/><D60/><U59/><E59/><V6/><F52/><W79/><G29/><N who="0" m="11339" /><D88/><N who="1" m="51295" /><E120/><V74/><F129/><W100/><G41/><T131/><D131/><U132/><E132/><V92/><F133/><W135/><G135/><T9/><D9/><U43/><E43/><V66/><F66/><W54/><G100/><T49/><D49/><N who="3" m="18441" /><G81/><T3/><D3/><U102/><E102/><RYUUKYOKU ba="0,0" sc="250,10,250,10,250,-30,250,10" hai0="21,26,85,87,96,97,98" hai1="16,19,48,53,58,95,103" hai3="14,18,20,44,45,46,47,54,76,79" /><INIT seed="0,1,0,4,4,114" ten="260,260,220,260" oya="0" hai0="118,46,29,3,59,38,7,131,26,99,123,73,16" hai1="70,27,85,128,107,119,33,61,103,18,80,41,57" hai2="66,55,4,36,54,83,19,78,44,31,39,52,11" hai3="105,51,28,88,62,48,110,64,79,1,37,63,67"/><T2/><D123/><U91/><E128/><V72/><F31/><W113/><G113/><T97/><D131/><U23/><E33/><V20/><F66/><W76/><G28/><T98/><D118/><U13/><E41/><V0/><REACH who="2" step="1"/><F44/><REACH who="2" ten="260,260,210,260" step="2"/><W5/><G67/><T77/><D29/><U50/><E70/><V106/><F106/><W133/><G105/><T34/><D34/><U6/><E107/><V75/><F75/><W116/><G64/><T126/><D73/><U122/><E122/><V30/><F30/><W87/><G133/><T68/><D68/><U89/><E119/><V81/><F81/><W40/><G116/><T22/><D59/><U132/><E80/><V35/><F35/><W101/><G110/><T69/><D69/><U104/><E104/><V12/><AGARI ba="1,1" hai="0,4,11,12,19,20,36,39,52,54,55,72,78,83" machi="12" ten="30,4000,0" yaku="1,1,0,1,54,1,53,0" doraHai="114" doraHaiUra="115" who="2" fromWho="2" sc="260,-21,260,-11,210,53,260,-11" /><INIT seed="1,0,0,5,0,118" ten="239,249,263,249" oya="1" hai0="135,35,69,60,54,76,110,29,70,27,47,49,133" hai1="108,40,33,99,24,39,36,23,116,122,51,131,109" hai2="41,37,1,65,74,114,88,123,64,89,83,25,90" hai3="103,71,95,52,46,92,66,43,34,73,78,42,53"/><U119/><E131/><V129/><F129/><W128/><G128/><T17/><D110/><N who="1" m="42603" /><E33/><V50/><F114/><W3/><G3/><T106/><D106/><U67/><E67/><V111/><F111/><W127/><G34/><T75/><D75/><U62/><E62/><V91/><F37/><N who="1" m="14409" /><E99/><V59/><F1/><W98/><G127/><T132/><D76/><U85/><E85/><V7/><F74/><W124/><G73/><T104/><D104/><U86/><E86/><V84/><F7/><W12/><G78/><T21/><REACH who="0" step="1"/><D60/><REACH who="0" ten="229,249,263,249" step="2"/><U20/><E119/><V5/><F84/><W77/><G77/><T80/><D80/><U68/><E116/><V115/><F83/><W58/><G95/><T63/><D63/><U101/><E68/><V11/><F115/><W9/><G71/><T96/><D96/><U48/><E48/><V38/><F38/><W130/><G130/><T105/><D105/><U134/><E51/><V55/><F41/><W44/><G42/><T102/><D102/><U97/><E40/><V107/><F107/><W120/><G43/><T18/><D18/><U32/><E97/><V10/><F91/><W61/><G124/><T2/><D2/><U0/><E101/><V57/><F50/><W45/><REACH who="3" step="1"/><G120/><REACH who="3" ten="229,249,263,239" step="2"/><T14/><AGARI ba="0,2" hai="14,17,21,27,29,35,47,49,54,69,70,132,133,135" machi="14" ten="30,7900,0" yaku="1,1,0,1,20,1,53,1" doraHai="118" doraHaiUra="22" who="0" fromWho="0" sc="229,99,249,-39,263,-20,239,-20" /><INIT seed="2,0,0,5,2,51" ten="328,210,243,219" oya="2" hai0="24,99,4,76,42,125,132,65,82,89,118,21,48" hai1="64,10,87,91,34,19,32,88,124,67,29,93,111" hai2="44,110,114,28,116,112,36,120,54,72,11,79,46" hai3="38,23,43,73,62,6,121,16,135,119,12,77,106"/><V61/><F120/><W122/><G106/><T68/><D132/><U31/><E111/><V27/><F116/><W86/><G119/><T40/><D118/><U66/><E124/><V35/><F110/><W92/><G135/><T50/><D125/><U85/><E19/><V98/><F98/><W2/><G62/><T81/><D4/><U134/><E134/><V7/><F61/><W59/><G59/><T9/><D9/><U133/><E133/><V45/><F36/><W78/><G78/><T55/><D50/><U56/><E56/><V95/><F95/><W74/><G74/><T49/><D48/><U100/><E10/><V0/><REACH who="2" step="1"/><F54/><REACH who="2" ten="328,210,233,219" step="2"/><W70/><G92/><N who="0" m="56719" /><D65/><U83/><REACH who="1" step="1"/><E100/><REACH who="1" ten="328,200,233,219" step="2"/><V58/><F58/><W71/><G122/><T39/><D39/><U126/><E126/><V52/><F52/><W13/><G38/><T15/><D55/><U63/><E63/><V102/><F102/><W105/><G121/><T115/><D49/><U84/><E84/><V129/><F129/><W17/><G86/><T117/><D117/><U75/><E75/><V18/><F18/><W80/><G71/><T101/><D101/><U8/><E8/><V131/><F131/><W25/><G70/><T5/><D68/><U57/><E57/><V94/><F94/><W109/><G109/><T69/><D69/><U26/><E26/><V41/><F41/><W3/><G43/><T128/><D40/><U103/><E103/><V96/><F96/><W14/><G25/><T107/><D24/><U30/><AGARI ba="0,2" hai="29,30,31,32,34,64,66,67,83,85,87,88,91,93" machi="30" ten="30,4000,0" yaku="1,1,0,1,54,1,53,0" doraHai="51" doraHaiUra="130" who="1" fromWho="1" sc="328,-10,200,60,233,-20,219,-10" /><INIT seed="3,0,0,5,3,35" ten="318,260,213,209" oya="3" hai0="101,43,85,69,105,98,52,71,108,33,94,54,41" hai1="75,27,100,99,131,1,77,82,107,81,4,26,56" hai2="112,10,61,132,93,20,32,95,57,120,70,83,46" hai3="55,59,19,88,89,115,21,110,119,64,12,97,17"/><W16/><G119/><T91/><D33/><U96/><E131/><V66/><F32/><W106/><G115/><T63/><D108/><U0/><E56/><V38/><F112/><W127/><G110/><T134/><D134/><U113/><E113/><V80/><F132/><W3/><G64/><T9/><D43/><U18/><E4/><V45/><F120/><W129/><G129/><T65/><D71/><U121/><E121/><V23/><F70/><W67/><G67/><T118/><D118/><U53/><E53/><V104/><F104/><W68/><G68/><T133/><D133/><U6/><E6/><V14/><F38/><W86/><G3/><T11/><D41/><U2/><E18/><N who="3" m="7274" /><G106/><T111/><D111/><U50/><E50/><V103/><F10/><W25/><G97/><T37/><D37/><U72/><E99/><V13/><F66/><W34/><G34/><T123/><D123/><U116/><E116/><V79/><F57/><W58/><G127/><T60/><D60/><U24/><REACH who="1" step="1"/><E82/><REACH who="1" ten="318,250,213,209" step="2"/><V36/><F36/><W74/><G59/><T92/><D54/><U44/><E44/><V39/><F39/><W102/><G58/><T5/><D52/><U124/><E124/><V48/><F48/><W49/><G49/><T126/><D126/><U125/><E125/><V40/><F40/><W135/><G55/><T8/><D105/><U122/><E122/><V90/><F61/><W22/><G135/><T7/><AGARI ba="0,1" hai="5,7,8,9,11,63,65,69,85,91,92,94,98,101" machi="7" ten="30,1100,0" yaku="0,1" doraHai="35" who="0" fromWho="0" sc="318,21,250,-3,213,-3,209,-5" /><INIT seed="4,0,0,4,1,44" ten="339,247,210,204" oya="0" hai0="48,60,88,59,50,41,67,73,85,79,25,68,105" hai1="126,117,116,27,112,14,106,121,135,1,104,94,72" hai2="37,108,71,78,23,102,103,6,95,89,2,39,5" hai3="20,86,75,77,119,82,113,0,129,3,21,127,11"/><T69/><D105/><U133/><E1/><V114/><F108/><W132/><G119/><T18/><D73/><U92/><E72/><V28/><F71/><W38/><G132/><N who="1" m="50762" /><E121/><V46/><F78/><W111/><G111/><T87/><D69/><U57/><E126/><V61/><F114/><W55/><G113/><T76/><D68/><U29/><E112/><V34/><F34/><W125/><G38/><T51/><D41/><U81/><E81/><V62/><F46/><W13/><G75/><T110/><D110/><U9/><E57/><V35/><F35/><W52/><G129/><T134/><D134/><U17/><E104/><V49/><F23/><N who="3" m="8779" /><G3/><T15/><D25/><U22/><E106/><V16/><F2/><W97/><G0/><T101/><D101/><U91/><E94/><V26/><F95/><W83/><G83/><N who="0" m="49279" /><D85/><AGARI ba="0,0" hai="9,14,17,22,27,29,85,91,92,116,117" m="50762" machi="85" ten="30,1000,0" yaku="20,1" doraHai="44" who="1" fromWho="0" sc="339,-10,247,10,210,0,204,0" /><INIT seed="5,0,0,5,3,15" ten="329,257,210,204" oya="1" hai0="29,6,84,0,55,25,26,128,71,38,22,106,102" hai1="87,50,10,100,73,96,108,113,126,67,51,90,30" hai2="125,123,129,52,17,57,64,32,103,97,42,133,91" hai3="121,104,94,63,16,130,83,2,80,92,14,18,93"/><U110/><E73/><V23/><F123/><W112/><G121/><T5/><D71/><U33/><E113/><V54/><F32/><W49/><G112/><T132/><D38/><U20/><E33/><V40/><F103/><W131/><G2/><T66/><D66/><U47/><E67/><V36/><F36/><W74/><G104/><T88/><D0/><U44/><E126/><V107/><F107/><W119/><G14/><T34/><D128/><N who="3" m="49193" /><G119/><T122/><D122/><U9/><E30/><V69/><F125/><W46/><G63/><T78/><D78/><U8/><E20/><V12/><F69/><W41/><G80/><T115/><D115/><U62/><E62/><N who="2" m="37967" /><F133/><W58/><G58/><T19/><D132/><U3/><E3/><V114/><F114/><W1/><G1/><T135/><D135/><U98/><E108/><V116/><F116/><W53/><G41/><N who="2" m="15977" /><F129/><W11/><G11/><T68/><D68/><U60/><E10/><V28/><F28/><W79/><AGARI ba="0,0" hai="16,18,46,49,53,74,79,83,92,93,94" m="49193" machi="79" ten="40,8000,1" yaku="19,1,52,2,54,1" doraHai="15" who="3" fromWho="3" sc="329,-20,257,-40,210,-20,204,80" /><INIT seed="6,0,0,5,4,107" ten="309,217,190,284" oya="2" hai0="5,37,77,94,57,122,124,87,40,32,9,109,97" hai1="63,98,2,61,60,54,68,38,83,8,99,82,14" hai2="71,105,66,75,135,101,130,129,41,48,85,112,84" hai3="39,28,52,132,22,0,79,78,88,72,104,65,21"/><V119/><F119/><W92/><G104/><T120/><D109/><U102/><E2/><V76/><F112/><W35/><G65/><T7/><D32/><U16/><E38/><V118/><F118/><W42/><G0/><T51/><D37/><U70/><E54/><V45/><F135/><W95/><G132/><T86/><D124/><U100/><E99/><N who="2" m="61631" /><F66/><W27/><G95/><T17/><D17/><U1/><E1/><V4/><F4/><W133/><G133/><T53/><D40/><U103/><REACH who="1" step="1"/><E98/><REACH who="1" ten="309,207,190,284" step="2"/><V46/><F41/><W36/><G42/><T128/><D97/><U11/><E11/><V30/><F45/><W34/><G39/><T31/><D9/><U74/><E74/><V43/><F43/><W29/><G72/><T108/><D53/><U26/><E26/><V55/><F46/><W91/><G52/><T96/><D96/><U3/><E3/><V69/><F48/><W67/><G36/><T117/><D51/><U18/><E18/><V59/><F30/><W110/><G29/><T73/><D31/><U20/><E20/><V56/><F55/><W126/><G21/><T62/><D117/><U116/><E116/><V33/><F33/><W89/><G35/><T19/><D19/><U121/><E121/><V24/><F24/><W111/><G34/><T25/><D25/><U115/><E115/><V49/><F49/><W13/><G27/><T106/><D120/><U123/><E123/><V44/><F44/><W47/><G47/><T134/><D122/><U80/><AGARI ba="0,1" hai="8,14,16,60,61,63,68,70,80,82,83,100,102,103" machi="80" ten="40,8000,1" yaku="1,1,0,1,29,2,54,1,53,0" doraHai="107" doraHaiUra="23" who="1" fromWho="1" sc="309,-20,207,90,190,-40,284,-20" /><INIT seed="7,0,0,4,3,106" ten="289,297,150,264" oya="3" hai0="60,7,93,20,45,123,108,40,76,112,91,47,67" hai1="120,55,10,22,69,131,49,105,18,57,87,1,70" hai2="36,35,133,113,117,80,125,33,100,103,30,78,127" hai3="8,15,130,88,3,28,37,64,43,129,85,134,41"/><W72/><G64/><T122/><D108/><U59/><E120/><V110/><F110/><W99/><G3/><T135/><D135/><U94/><E105/><V48/><F36/><W121/><G121/><T119/><D119/><U21/><E69/><V83/><F117/><W24/><G72/><T50/><D112/><U65/><E70/><V4/><F113/><W46/><G99/><T52/><D76/><U128/><E1/><V84/><F133/><W9/><G43/><T34/><D34/><N who="2" m="12810" /><F4/><W111/><G111/><T90/><D90/><N who="1" m="53599" /><E10/><V92/><F30/><W29/><G134/><T89/><D89/><U79/><E79/><V25/><F25/><W13/><G24/><T42/><D7/><U11/><E18/><V115/><F115/><W39/><G39/><T101/><D101/><N who="2" m="38986" /><F48/><W32/><G29/><T96/><D20/><U95/><E11/><N who="3" m="4170" /><G28/><T0/><D0/><U23/><E23/><V17/><F17/><W53/><G32/><T66/><D40/><U58/><E21/><V62/><F62/><W132/><G132/><T124/><D123/><U44/><E22/><V71/><F71/><W19/><G19/><T16/><D16/><U51/><E51/><V75/><F92/><N who="3" m="54287" /><G53/><T86/><D122/><U31/><E31/><V63/><F63/><W5/><G5/><T73/><D96/><U102/><E65/><N who="0" m="24585" /><D60/><U107/><E107/><V68/><F68/><W38/><G38/><T54/><D54/><U77/><E77/><V6/><F6/><W104/><G104/><T2/><D2/><U98/><E102/><V74/><F83/><W114/><G114/><RYUUKYOKU ba="0,0" sc="289,-30,297,10,150,10,264,10" hai1="44,49,55,57,58,59,95,98,128,131" hai2="74,75,78,80,84,125,127" hai3="13,15,37,41,46,129,130" /><INIT seed="7,1,0,4,2,67" ten="259,307,160,274" oya="3" hai0="119,38,109,97,66,80,115,7,118,49,131,31,96" hai1="76,75,17,82,58,127,23,84,102,21,68,36,85" hai2="18,12,117,28,95,130,13,34,81,77,114,44,106" hai3="123,56,24,51,112,26,32,15,19,94,53,91,4"/><W108/><G123/><T99/><D109/><U126/><E68/><V79/><F106/><W8/><G108/><T37/><D131/><U134/><E134/><V25/><F117/><W48/><G112/><T55/><D115/><U132/><E132/><V20/><F114/><W52/><G32/><T116/><D31/><U73/><E36/><V74/><F130/><W88/><G4/><T69/><D7/><U103/><E58/><V124/><F124/><N who="1" m="47657" /><E23/><V3/><F3/><W128/><G91/><T107/><D107/><U11/><E11/><V40/><F79/><W121/><G121/><T1/><D1/><U27/><E85/><V71/><F95/><W101/><G101/><AGARI ba="1,0" hai="17,21,27,73,75,76,82,84,101,102,103" m="47657" machi="101" ten="30,1000,0" yaku="18,1" doraHai="67" who="1" fromWho="3" sc="259,0,307,13,160,0,274,-13" owari="259,-14.0,320,42.0,160,-34.0,261,6.0" /></mjloggm>