<mjloggm ver="2.3"><GO type="169" lobby="0"/><UN n0="%E3%82%A6%E3%83%AB%E3%83%88%E3%83%A9%E7%AB%8B%E7%9B%B4" n1="%E3%83%8F%E3%82%A4%E3%83%96%E3%83%AA%E3%83%83%E3%83%89%E6%89%93%E6%B3%95" n2="%54%43%54" n3="%4A%6F%75%72%6E%65%79" dan="18,16,18,18" rate="2217.41,2092.05,2297.58,2217.72" sx="M,M,M,M"/><TAIKYOKU oya="0"/><INIT seed="0,0,0,2,3,94" ten="250,250,250,250" oya="0" hai0="0,30,98,59,2,47,79,1,41,71,37,126,61" hai1="97,72,90,52,20,112,80,87,65,103,132,117,78" hai2="46,88,22,57,108,124,8,14,56,23,104,114,66" hai3="4,3,55,12,45,122,63,21,27,77,62,5,91"/><T11/><D126/><U28/><E117/><V33/><F114/><W135/><G3/><T29/><D79/><U58/><E112/><V39/><F33/><W89/><G77/><T38/><D38/><U68/><E132/><V7/><F124/><W100/><G135/><T15/><D71/><U25/><E68/><V43/><F104/><W60/><G122/><T93/><D15/><U36/><E65/><V123/><F123/><W17/><G100/><T133/><D11/><U82/><E36/><V121/><F108/><W96/><G27/><T48/><D37/><U111/><E111/><V6/><F6/><N who="3" m="2667" /><G96/><T84/><D84/><U107/><REACH who="1" step="1"/><E52/><REACH who="1" ten="250,240,250,250" step="2"/><V129/><F121/><W73/><G73/><T67/><REACH who="0" step="1"/><D133/><REACH who="0" ten="240,240,250,250" step="2"/><U131/><E131/><V18/><F129/><W10/><G10/><T109/><D109/><U134/><E134/><V119/><F8/><W9/><G9/><T53/><D53/><U13/><E13/><V74/><F14/><W110/><G110/><T19/><D19/><U92/><E92/><V75/><F18/><W105/><G105/><T24/><D24/><U31/><E31/><V70/><F70/><W115/><G115/><T32/><D32/><U95/><E95/><V54/><F39/><W49/><AGARI ba="0,2" hai="12,17,21,45,49,55,60,62,63,89,91" m="2667" machi="49" ten="30,1100,0" yaku="8,1" doraHai="94" who="3" fromWho="3" sc="240,-5,240,-3,250,-3,250,31" /><INIT seed="1,0,0,3,4,22" ten="235,237,247,281" oya="1" hai0="6,0,117,75,107,73,81,74,86,38,132,19,52" hai1="116,8,134,120,69,70,92,16,118,135,30,114,101" hai2="5,41,126,18,20,13,91,28,72,99,78,11,40" hai3="94,108,10,98,43,23,87,45,129,79,49,24,96"/><U104/><E104/><V55/><F126/><W51/><G108/><T7/><D38/><U60/><E114/><V127/><F127/><W97/><G129/><T121/><D117/><U77/><E120/><V34/><F72/><W17/><G10/><T111/><D107/><U95/><E77/><V3/><F78/><W36/><REACH who="3" step="1"/><G94/><REACH who="3" ten="235,237,247,271" step="2"/><T128/><D111/><U67/><E95/><V80/><F11/><W131/><G131/><T109/><D109/><U106/><E106/><V35/><F3/><W32/><G32/><T54/><D0/><U93/><E93/><V102/><F34/><W37/><G37/><T68/><D128/><U123/><E116/><V119/><F35/><W4/><G4/><T100/><D7/><U9/><E118/><V130/><F5/><W48/><G48/><T89/><D6/><U103/><E92/><V124/><F130/><W88/><G88/><T29/><D89/><U133/><E8/><V61/><F119/><W105/><G105/><T2/><D2/><U15/><E123/><V125/><F124/><W39/><G39/><T112/><D121/><U25/><E70/><V85/><F125/><W66/><G66/><T90/><D68/><U27/><REACH who="1" step="1"/><E30/><REACH who="1" ten="235,227,247,271" step="2"/><V58/><F28/><W12/><G12/><T33/><D112/><U59/><E59/><V115/><F115/><W113/><G113/><T57/><D57/><U21/><E21/><V83/><F20/><W47/><G47/><T84/><D29/><U44/><E44/><V82/><F58/><W76/><G76/><T14/><D33/><U71/><E71/><V1/><F91/><RYUUKYOKU ba="0,2" sc="235,-15,227,15,247,-15,271,15" hai1="9,15,16,25,27,60,67,69,101,103,133,134,135" hai3="17,23,24,36,43,45,49,51,79,87,96,97,98" /><INIT seed="1,1,2,3,1,82" ten="220,242,232,286" oya="1" hai0="98,135,22,126,62,40,100,96,81,10,44,68,76" hai1="83,75,65,132,99,130,6,119,54,19,0,89,73" hai2="31,52,106,20,2,5,97,77,63,48,105,71,115" hai3="112,1,4,122,32,91,124,94,3,12,9,16,104"/><U95/><E119/><V127/><F127/><W129/><G122/><T67/><D135/><U30/><E132/><V53/><F115/><W42/><G112/><T41/><D126/><U51/><E30/><V60/><F60/><W33/><G124/><T111/><D111/><U35/><E35/><V131/><F131/><W123/><G123/><T102/><D22/><U74/><E130/><V101/><F77/><W23/><G104/><T66/><D66/><U26/><E65/><V93/><F71/><W107/><G107/><T133/><D133/><U57/><E26/><V80/><F80/><W56/><G3/><T55/><D55/><U25/><E25/><V59/><F31/><W117/><G129/><T87/><D10/><U36/><E36/><V125/><F20/><W39/><G117/><T103/><REACH who="0" step="1"/><D40/><REACH who="0" ten="210,242,232,286" step="2"/><U116/><E116/><V61/><F125/><W15/><G33/><T120/><D120/><U18/><REACH who="1" step="1"/><E83/><REACH who="1" ten="210,232,232,286" step="2"/><V79/><F105/><W86/><G32/><T108/><D108/><U21/><E21/><V43/><F106/><W88/><G23/><T109/><D109/><U7/><E7/><V113/><F5/><W64/><G4/><T110/><D110/><U134/><E134/><V69/><F113/><W34/><G34/><T49/><AGARI ba="1,4" hai="41,44,49,62,67,68,76,81,87,96,98,100,102,103" machi="49" ten="30,4000,0" yaku="1,1,0,1,52,1,53,0" doraHai="82" doraHaiUra="85" who="0" fromWho="0" sc="210,83,232,-21,232,-11,286,-11" /><INIT seed="2,0,0,3,0,18" ten="293,211,221,275" oya="2" hai0="52,16,81,103,129,48,89,110,57,9,88,117,107" hai1="11,13,36,128,112,0,30,58,133,104,66,79,32" hai2="111,40,28,22,62,4,135,51,80,120,37,115,98" hai3="125,50,116,55,53,86,59,90,21,5,73,70,56"/><V41/><F115/><W74/><G116/><T94/><D107/><U93/><E104/><V38/><F120/><W114/><G114/><T15/><D110/><U3/><E36/><V91/><F38/><W1/><G70/><T85/><D129/><U24/><E112/><V72/><F37/><W67/><G67/><T2/><D2/><U126/><E128/><V108/><F135/><W78/><G78/><N who="0" m="46263" /><D117/><U118/><E118/><V63/><F4/><W92/><G125/><T124/><D124/><U54/><E126/><V23/><F72/><W77/><G77/><T46/><D46/><U76/><E66/><V106/><F80/><W20/><G74/><T122/><D122/><U84/><E79/><V83/><F28/><W12/><G1/><T95/><D95/><U60/><E133/><V119/><F119/><W134/><G73/><T82/><D82/><U101/><E76/><V34/><F34/><W44/><G134/><T102/><D89/><U100/><E100/><N who="2" m="62743" /><F91/><W68/><G68/><T45/><D57/><U19/><REACH who="1" step="1"/><E84/><AGARI ba="0,0" hai="9,15,16,45,48,52,84,88,94,102,103" m="46263" machi="84" ten="30,7700,0" yaku="8,1,54,3" doraHai="18" who="0" fromWho="1" sc="293,77,211,-77,221,0,275,0" /><INIT seed="3,0,0,4,2,16" ten="370,134,221,275" oya="3" hai0="135,15,58,116,134,114,55,62,71,19,34,131,113" hai1="64,126,11,69,8,115,63,56,53,117,1,36,74" hai2="59,40,23,27,43,52,98,2,18,6,103,93,24" hai3="92,111,108,76,106,5,65,96,68,88,110,10,97"/><W132/><G76/><T90/><D34/><U119/><E74/><V121/><F121/><W128/><G128/><T47/><D116/><N who="1" m="44619" /><E115/><N who="0" m="44041" /><D131/><U25/><E36/><V89/><F103/><W17/><G132/><T29/><D29/><U83/><E126/><V118/><F118/><W50/><G68/><T26/><D26/><U49/><E1/><V130/><F130/><W99/><G106/><T72/><D72/><U125/><E125/><V42/><F2/><N who="3" m="311" /><G65/><N who="0" m="41399" /><D90/><U107/><E107/><V44/><F6/><W48/><G17/><T32/><D32/><U37/><E37/><V28/><F44/><W3/><G3/><T79/><D79/><U31/><E83/><V60/><F42/><W14/><G14/><T104/><D104/><U122/><E122/><V91/><REACH who="2" step="1"/><F89/><REACH who="2" ten="370,134,211,275" step="2"/><W81/><G81/><T94/><D47/><U35/><AGARI ba="0,1" hai="8,11,25,31,35,49,53,56,63,64,69" m="44619" machi="35" ten="30,1100,0" yaku="12,1" doraHai="16" who="1" fromWho="1" sc="370,-3,134,21,211,-3,275,-5" /><INIT seed="4,0,0,0,0,70" ten="367,155,208,270" oya="0" hai0="19,20,84,100,113,50,118,126,55,91,98,23,128" hai1="9,26,15,72,2,44,53,11,22,87,117,43,74" hai2="86,25,16,42,27,130,119,89,47,78,133,81,115" hai3="31,101,124,60,105,108,6,63,58,66,35,99,83"/><T41/><D118/><U40/><E117/><V33/><F119/><W82/><G108/><T28/><D113/><U77/><E2/><V132/><F115/><W29/><G124/><T109/><D128/><U17/><E11/><V68/><F68/><W59/><G6/><T125/><D41/><U73/><E53/><V52/><F130/><W120/><G120/><T110/><D28/><U37/><E43/><V24/><F33/><W34/><G31/><T90/><D98/><U131/><E131/><V48/><F78/><W49/><G49/><T80/><D91/><U21/><REACH who="1" step="1"/><E26/><REACH who="1" ten="367,145,208,270" step="2"/><V76/><F42/><W71/><G66/><T7/><D55/><U88/><E88/><V112/><F112/><W122/><G101/><T51/><D90/><U65/><E65/><V61/><F89/><W134/><G122/><T13/><D100/><U67/><E67/><V57/><F16/><W103/><G103/><T123/><D123/><U102/><E102/><V97/><F97/><W12/><G99/><T79/><D7/><U127/><E127/><V4/><F4/><W69/><G105/><T85/><D126/><U10/><E10/><V39/><F24/><W18/><G12/><N who="0" m="9319" /><D125/><U75/><N who="1" m="18944" /><DORA hai="104" /><U46/><E46/><N who="2" m="27671" /><F25/><W107/><G107/><T95/><D109/><U121/><E121/><V54/><F27/><W36/><G63/><T111/><D110/><U1/><E1/><V32/><F47/><W116/><G60/><T45/><D111/><U62/><E62/><V94/><F61/><W129/><G116/><T64/><D45/><U3/><E3/><V30/><F54/><RYUUKYOKU ba="0,1" sc="367,-10,145,30,208,-10,270,-10" hai1="9,15,17,21,22,37,40,44,77,87" /><INIT seed="5,1,1,4,3,39" ten="357,175,198,260" oya="1" hai0="127,49,85,13,130,90,101,17,74,61,66,37,79" hai1="75,91,35,18,8,106,27,44,104,22,5,45,80" hai2="88,84,82,121,77,2,131,70,23,50,99,38,110" hai3="15,54,55,10,129,63,31,25,76,52,40,24,103"/><U16/><E35/><V56/><F110/><W112/><G112/><T118/><D37/><U30/><E104/><V73/><F121/><W20/><G129/><T100/><D118/><U53/><E106/><V133/><F70/><W6/><G103/><T68/><D127/><U102/><E102/><V114/><F38/><W32/><G76/><T48/><D130/><U59/><E75/><V21/><F131/><W98/><G98/><T89/><D89/><U108/><E108/><V94/><F133/><W51/><G40/><T64/><D64/><U119/><E119/><V57/><F2/><W125/><G125/><T117/><D117/><U33/><E91/><V0/><F0/><W113/><G113/><T67/><D67/><U116/><E80/><V92/><F114/><W86/><G86/><T123/><D123/><U29/><E18/><V9/><F9/><W34/><G63/><T81/><D101/><U47/><E33/><V42/><F73/><W43/><REACH who="3" step="1"/><G25/><REACH who="3" ten="357,175,198,250" step="2"/><T11/><D100/><U28/><E116/><V36/><F99/><W87/><G87/><T96/><D96/><U69/><E69/><V111/><F77/><W128/><G128/><T115/><D115/><U71/><E71/><V58/><F111/><W4/><G4/><T7/><D7/><U83/><E5/><V132/><F132/><W120/><G120/><T95/><AGARI ba="1,2" hai="11,13,17,48,49,61,66,68,74,79,81,85,90,95" machi="95" ten="20,1500,0" yaku="0,1,7,1" doraHai="39" who="0" fromWho="0" sc="357,38,175,-8,198,-5,250,-5" /><INIT seed="6,0,0,3,5,64" ten="395,167,193,245" oya="2" hai0="5,9,30,118,3,116,38,33,63,59,101,124,39" hai1="60,111,22,92,40,110,31,128,51,15,69,71,125" hai2="54,115,104,97,46,93,1,87,4,86,61,6,17" hai3="26,103,123,80,75,117,122,83,113,28,27,112,57"/><V126/><F115/><N who="3" m="44107" /><G117/><N who="0" m="45163" /><D124/><U106/><E106/><V96/><F126/><W119/><G119/><T45/><D101/><U98/><E125/><V44/><F104/><W109/><G109/><T102/><D102/><U14/><E128/><V90/><F1/><W66/><G103/><T100/><D100/><U52/><E40/><V18/><F61/><N who="3" m="38191" /><G27/><N who="0" m="18655" /><D45/><U81/><E81/><N who="3" m="31306" /><G75/><T135/><D135/><U134/><E134/><V99/><F46/><W107/><G107/><T95/><D95/><U72/><E72/><V78/><F44/><W58/><G58/><T127/><D127/><U120/><E111/><V84/><F93/><W56/><G56/><T65/><AGARI ba="0,0" hai="3,5,9,38,39,59,63,65" m="18655,45163" machi="65" ten="30,1100,0" yaku="12,1" doraHai="64" who="0" fromWho="0" sc="395,11,167,-3,193,-5,245,-3" /><INIT seed="7,0,0,5,4,97" ten="406,164,188,242" oya="3" hai0="51,11,2,127,76,47,133,44,89,128,32,66,65" hai1="40,104,94,62,125,61,7,126,114,82,60,63,122" hai2="102,35,1,70,4,109,38,16,90,68,19,55,15" hai3="36,116,54,14,67,80,113,112,33,18,108,99,50"/><W23/><G116/><T56/><D32/><U6/><E122/><V12/><F109/><W49/><G36/><T106/><D106/><U9/><E104/><V57/><F38/><W20/><G33/><T117/><D2/><U34/><N who="1" m="15872" /><DORA hai="84" /><U39/><E34/><V25/><F1/><W31/><G67/><T30/><D89/><U17/><E114/><V78/><F4/><W58/><G108/><T69/><D11/><U134/><E134/><V75/><F102/><W43/><G80/><T85/><D85/><U91/><E82/><V96/><F78/><W72/><G72/><T81/><D76/><U132/><E132/><V22/><F75/><W79/><G79/><T0/><D47/><N who="1" m="23967" /><E17/><V53/><F35/><W88/><G43/><T71/><D128/><U10/><E7/><V37/><F37/><W3/><G49/><T87/><D0/><U27/><E27/><V26/><F96/><W45/><G45/><T118/><D127/><N who="1" m="48651" /><E6/><V48/><F22/><W64/><G113/><T5/><D87/><AGARI ba="0,0" hai="9,10,87,91,94" m="48651,23967,15872" machi="87" ten="40,2600,0" yaku="18,1,52,1" doraHai="97,84" who="1" fromWho="0" sc="406,-26,164,26,188,0,242,0" owari="380,48.0,190,-21.0,188,-31.0,242,4.0" /></mjloggm>