<mjloggm ver="2.3"><GO type="169" lobby="0"/><UN n0="%67%61%72%75%63%69%61" n1="%52%45%44%53%54%41%52" n2="%E3%82%8A%E3%82%81%E3%82%8D" n3="%E3%82%A6%E3%83%AB%E3%83%88%E3%83%A9%E7%AB%8B%E7%9B%B4" dan="16,16,17,18" rate="2072.39,2063.85,2112.03,2240.53" sx="M,M,M,M"/><TAIKYOKU oya="0"/><INIT seed="0,0,0,2,4,104" ten="250,250,250,250" oya="0" hai0="102,116,17,13,7,79,105,133,69,114,112,111,103" hai1="97,38,49,15,82,36,108,64,84,74,127,119,75" hai2="42,27,40,18,65,130,107,39,98,132,109,68,86" hai3="85,6,87,35,128,78,9,45,81,110,5,14,53"/><T99/><D69/><U115/><E119/><V43/><F109/><W3/><G35/><T101/><D116/><U63/><E108/><V61/><F130/><W19/><G110/><T23/><D111/><U30/><E127/><V124/><F124/><W89/><G3/><T2/><D133/><U50/><E30/><V100/><F132/><W60/><G128/><T0/><D79/><U93/><E115/><V118/><F118/><W83/><REACH who="3" step="1"/><G60/><REACH who="3" ten="250,250,250,240" step="2"/><T72/><D0/><U129/><E129/><V135/><F135/><W90/><G90/><T26/><D2/><U120/><E120/><V76/><F39/><W48/><AGARI ba="0,1" hai="5,6,9,14,19,45,48,53,78,81,83,85,87,89" machi="48" ten="30,8000,1" yaku="1,1,0,1,25,2,8,1,53,0" doraHai="104" doraHaiUra="57" who="3" fromWho="3" sc="250,-40,250,-20,250,-20,240,90" /><INIT seed="1,0,0,1,1,117" ten="210,230,230,330" oya="1" hai0="10,112,8,43,80,23,11,91,33,55,131,105,42" hai1="18,46,56,6,32,26,54,115,41,110,16,98,108" hai2="123,113,130,57,126,52,12,71,73,107,72,125,3" hai3="84,2,79,21,4,88,67,69,62,39,116,63,24"/><U48/><E115/><V121/><F3/><W96/><G39/><T20/><D112/><U119/><E119/><V135/><F71/><W114/><G114/><T59/><D105/><U102/><E6/><V50/><F113/><W94/><G116/><T132/><D33/><U13/><E32/><V31/><F31/><W124/><G124/><N who="2" m="47721" /><F135/><W100/><G79/><T38/><D132/><U82/><E82/><V17/><F107/><W77/><G77/><T1/><D1/><U104/><E26/><V66/><F66/><W78/><G78/><T35/><D35/><U89/><E89/><V37/><F37/><W70/><G63/><T103/><D103/><U86/><E86/><V61/><F61/><W49/><G49/><N who="0" m="31215" /><D38/><U40/><E40/><N who="0" m="15401" /><D131/><U129/><E129/><V22/><F130/><W15/><G2/><T101/><D101/><U53/><E53/><V83/><F83/><W68/><G15/><T111/><D111/><N who="1" m="42539" /><E13/><V44/><F44/><W60/><G4/><T81/><D81/><U85/><E85/><AGARI ba="0,0" hai="8,10,11,20,23,80,85,91" m="15401,31215" machi="85" ten="30,1000,0" yaku="8,1" doraHai="117" who="0" fromWho="1" sc="210,10,230,-10,230,0,330,0" /><INIT seed="2,0,0,0,5,26" ten="220,220,230,330" oya="2" hai0="78,109,111,64,74,125,62,116,134,23,45,67,2" hai1="6,107,10,65,88,89,18,130,69,121,33,77,31" hai2="99,41,27,81,49,131,71,135,132,104,3,58,98" hai3="4,80,72,5,127,85,39,55,40,129,105,106,36"/><V117/><F71/><W54/><G72/><T93/><D2/><U48/><E107/><V60/><F117/><W103/><G85/><T12/><D116/><U43/><E77/><V128/><F3/><W24/><G24/><T13/><D45/><U25/><E130/><N who="2" m="49707" /><F81/><W95/><G129/><T15/><D93/><U100/><E100/><V96/><F104/><W63/><G63/><T87/><D87/><U20/><E121/><V1/><F1/><W8/><G95/><T101/><D101/><U56/><E69/><V59/><F27/><W108/><G80/><T91/><D91/><U32/><E32/><V7/><F7/><W22/><G103/><T46/><D46/><U102/><E102/><V82/><F82/><W126/><G4/><T79/><D74/><U47/><E65/><N who="0" m="25161" /><D62/><U21/><E56/><N who="2" m="21547" /><F60/><W34/><G106/><T113/><D23/><U50/><E50/><V51/><F41/><W28/><G40/><T119/><D119/><U19/><E33/><V61/><F61/><W90/><G34/><T57/><D57/><U75/><E75/><V37/><F37/><W38/><G39/><T86/><D86/><U110/><E21/><V11/><F11/><W112/><G8/><T84/><D84/><U52/><E43/><V70/><F70/><W53/><G22/><T42/><D42/><U76/><E76/><V66/><F66/><W73/><G38/><T29/><D78/><U114/><E20/><V0/><F0/><W120/><G36/><T92/><D92/><U35/><E10/><V123/><F123/><W83/><G120/><T122/><D122/><RYUUKYOKU ba="0,0" sc="220,-10,220,-10,230,30,330,-10" hai2="49,51,96,98,99,132,135" /><INIT seed="2,1,0,5,2,28" ten="210,210,260,320" oya="2" hai0="134,60,41,98,81,33,31,83,118,55,126,57,82" hai1="54,68,42,124,80,37,76,131,4,105,120,97,129" hai2="71,48,122,101,106,116,132,15,119,25,94,26,103" hai3="27,88,35,20,128,121,38,91,114,8,102,22,18"/><V21/><F122/><W133/><G121/><T100/><D126/><U73/><E120/><V5/><F106/><W7/><G38/><T52/><D134/><U112/><E112/><V65/><F132/><W51/><G133/><T50/><D41/><U123/><E123/><V14/><F71/><W77/><G128/><T1/><D1/><U24/><E68/><V39/><F39/><W125/><G125/><T86/><D118/><U11/><E124/><V108/><F65/><W92/><G77/><T67/><D86/><U49/><E37/><V19/><F108/><W34/><G102/><T78/><D78/><U13/><E42/><V6/><F21/><W72/><G72/><T16/><D16/><U115/><E24/><V89/><F94/><W127/><G127/><T113/><D113/><U107/><E115/><V30/><F19/><W53/><G22/><T36/><D36/><U84/><E73/><V130/><F48/><W93/><G114/><T74/><D74/><U61/><E61/><V45/><F45/><W32/><G93/><T117/><D117/><U58/><REACH who="1" step="1"/><E97/><REACH who="1" ten="210,200,260,320" step="2"/><V135/><F135/><W75/><G75/><T95/><D50/><U62/><E62/><V29/><F130/><AGARI ba="1,1" hai="4,11,13,49,54,58,76,80,84,105,107,129,130,131" machi="130" ten="40,2600,0" yaku="1,1,19,1,53,0" doraHai="28" doraHaiUra="69" who="1" fromWho="2" sc="210,0,200,39,260,-29,320,0" /><INIT seed="3,0,0,0,2,96" ten="210,239,231,320" oya="3" hai0="121,27,23,84,123,21,30,55,54,73,28,51,106" hai1="13,44,7,64,12,81,122,45,35,56,39,127,104" hai2="3,109,111,108,31,58,130,42,15,53,29,36,117" hai3="2,88,10,131,101,48,14,132,37,17,6,115,103"/><W99/><G37/><T124/><D73/><U100/><E122/><V60/><F3/><W86/><G115/><T107/><D84/><U92/><E35/><V102/><F130/><W74/><G74/><T61/><D61/><U83/><E127/><V69/><F117/><W114/><G114/><T93/><D93/><U66/><E104/><V47/><F15/><W70/><G70/><T72/><D72/><U50/><E39/><V97/><REACH who="2" step="1"/><F69/><REACH who="2" ten="210,239,221,320" step="2"/><W22/><G131/><T133/><D124/><U79/><E12/><V110/><N who="2" m="27648" /><DORA hai="91" /><V11/><F11/><W40/><G132/><T63/><D133/><U128/><E13/><V26/><F26/><N who="3" m="14671" /><G2/><T87/><D121/><U94/><E128/><V67/><F67/><W32/><G14/><T95/><D123/><U135/><E135/><V85/><F85/><W98/><G10/><T19/><D87/><U119/><E119/><V77/><F77/><W33/><G6/><T18/><D27/><U82/><E7/><V75/><F75/><W65/><G65/><T90/><D28/><U9/><E9/><V41/><F41/><W134/><G134/><T38/><D30/><U57/><E79/><V78/><F78/><W120/><G120/><T8/><D8/><U68/><E68/><V0/><F0/><W105/><G40/><T129/><D129/><U80/><E64/><V89/><F89/><W126/><G126/><T43/><D43/><U76/><E66/><V116/><F116/><W113/><G113/><T25/><D25/><U5/><E76/><V4/><F4/><W62/><G86/><T46/><D90/><RYUUKYOKU ba="0,1" sc="210,-10,239,-10,221,30,320,-10" hai2="29,31,36,42,47,53,58,60,97,102" /><INIT seed="4,1,1,4,0,103" ten="200,229,251,310" oya="0" hai0="13,93,10,36,134,75,20,114,120,58,45,29,17" hai1="66,70,95,25,32,130,74,98,68,111,73,61,97" hai2="109,76,22,123,106,107,87,108,16,83,117,9,90" hai3="35,40,104,119,44,49,105,19,31,79,59,12,115"/><T8/><D120/><U129/><E111/><V85/><F123/><W23/><G119/><T132/><D75/><U86/><E70/><V18/><F117/><W133/><G115/><T77/><D77/><U5/><E5/><V37/><F37/><W65/><G133/><N who="0" m="51307" /><D114/><U51/><E51/><V30/><F30/><W4/><G79/><T38/><D58/><U33/><E86/><V89/><F76/><W102/><G102/><T122/><D122/><U46/><E46/><V110/><F9/><N who="0" m="3690" /><D45/><U24/><E97/><V3/><F3/><W127/><G4/><T112/><D112/><U6/><E6/><V69/><F69/><W47/><G47/><T48/><D48/><U113/><E113/><V88/><F83/><W135/><G135/><T0/><D0/><U118/><E118/><V27/><REACH who="2" step="1"/><F18/><REACH who="2" ten="200,229,241,310" step="2"/><W96/><G19/><T99/><D29/><U2/><E2/><V14/><F14/><W21/><G31/><T125/><D125/><U80/><E80/><V1/><F1/><W7/><G127/><T91/><AGARI ba="1,2" hai="13,17,20,36,38,91,93,99" m="3690,51307" machi="91" ten="30,1500,0" yaku="20,1" doraHai="103" who="0" fromWho="0" sc="200,38,229,-6,241,-6,310,-6" /><INIT seed="4,2,0,0,2,119" ten="238,223,235,304" oya="0" hai0="66,15,67,131,23,62,28,63,75,106,31,24,103" hai1="97,114,7,5,35,118,85,52,95,123,134,37,53" hai2="33,122,129,80,19,108,17,8,96,18,21,93,73" hai3="34,10,22,13,133,90,11,60,61,58,98,49,16"/><T104/><D75/><U55/><E118/><V20/><F108/><W30/><G133/><T47/><D131/><U107/><E35/><V39/><F33/><W99/><G34/><T91/><D47/><U51/><E37/><V45/><F129/><W41/><G60/><T94/><D103/><U120/><E134/><V87/><F73/><W113/><G113/><T42/><D42/><U3/><E114/><V125/><F125/><W68/><G68/><T69/><D15/><U1/><E85/><V12/><F39/><W36/><G36/><T54/><D54/><U102/><E107/><V59/><F45/><N who="3" m="25775" /><G30/><T116/><D31/><U77/><E77/><N who="2" m="46479" /><F122/><W9/><G90/><T74/><D74/><U88/><E102/><N who="2" m="60687" /><F59/><W86/><G86/><T126/><D126/><U38/><E38/><V26/><F19/><W6/><G6/><T70/><D116/><U56/><E5/><V46/><F46/><W50/><G50/><T40/><D40/><U89/><E7/><V29/><F29/><W71/><G71/><T81/><D81/><U101/><E3/><V127/><F127/><W78/><G78/><T43/><D43/><U117/><E1/><V115/><F115/><W135/><G135/><T112/><D112/><U111/><E117/><V105/><F105/><W72/><G72/><T2/><D2/><U124/><E124/><V92/><F92/><W32/><G32/><T128/><D128/><U132/><E132/><V27/><F27/><W109/><G109/><T44/><D44/><U110/><E110/><V65/><F65/><AGARI ba="2,0" hai="9,10,11,13,16,22,58,61,65,98,99" m="25775" machi="65" ten="30,2000,0" yaku="8,1,54,1" doraHai="119" who="3" fromWho="2" sc="238,0,223,0,235,-26,304,26" /><INIT seed="5,0,0,3,2,93" ten="238,223,209,330" oya="1" hai0="95,1,64,4,47,85,135,51,18,83,102,112,24" hai1="108,15,78,99,87,62,103,56,7,37,127,94,75" hai2="92,101,52,88,113,23,106,91,46,25,89,26,28" hai3="74,36,8,105,70,34,60,20,119,11,44,76,73"/><U132/><E37/><V79/><F79/><W90/><G90/><T63/><D112/><U65/><E127/><V40/><F113/><W116/><G20/><T9/><D135/><U57/><E132/><V120/><F120/><W69/><G105/><T124/><D124/><U53/><E108/><V2/><F2/><W54/><G34/><T111/><D111/><U104/><E75/><V114/><F114/><W117/><G74/><T61/><D64/><U81/><E104/><V55/><F106/><W39/><G54/><T123/><D123/><U21/><E21/><V121/><F26/><W33/><G33/><T59/><D59/><N who="1" m="35183" /><E65/><V125/><F121/><W14/><G60/><T58/><D58/><N who="1" m="22635" /><E15/><V17/><F125/><W67/><G67/><T131/><D131/><U100/><E7/><V5/><F5/><N who="3" m="3343" /><G11/><T32/><D32/><U29/><E29/><V96/><REACH who="2" step="1"/><F28/><REACH who="2" ten="238,223,199,330" step="2"/><W68/><G116/><T22/><D1/><U71/><E71/><V107/><F107/><W84/><G70/><T50/><D4/><U86/><E86/><V12/><F12/><W0/><G73/><T16/><D85/><U45/><E45/><V13/><F13/><W110/><G0/><T98/><D47/><U66/><E66/><V41/><F41/><W80/><G110/><T82/><D24/><U134/><E134/><V130/><F130/><W126/><G126/><T31/><D31/><U49/><E49/><AGARI ba="0,1" hai="17,23,25,40,46,49,52,55,88,89,91,92,96,101" machi="49" ten="40,8000,1" yaku="1,1,8,1,52,1,54,2,53,0" doraHai="93" doraHaiUra="129" who="2" fromWho="1" sc="238,0,223,-80,199,90,330,0" /><INIT seed="6,0,0,2,4,0" ten="238,143,289,330" oya="2" hai0="17,29,117,127,119,90,34,8,19,10,36,63,14" hai1="7,95,118,12,69,104,81,133,111,89,1,3,18" hai2="30,35,13,93,97,15,126,11,109,134,78,62,43" hai3="70,48,39,24,68,84,108,20,21,74,115,112,37"/><V73/><F134/><W132/><G74/><T106/><D36/><U96/><E69/><V57/><F126/><W107/><G107/><T49/><D106/><U42/><E118/><N who="0" m="45065" /><D49/><U31/><E111/><V75/><F109/><W5/><G84/><T51/><D51/><U102/><E31/><V47/><F78/><W101/><G21/><T99/><D63/><U76/><E133/><V67/><F30/><W85/><G70/><T123/><D90/><U40/><E3/><V33/><F75/><W113/><G101/><T91/><D91/><U92/><E1/><V27/><F73/><W72/><G68/><T54/><D54/><U116/><E116/><V25/><F33/><W135/><G72/><T32/><D99/><U46/><E40/><V88/><F35/><N who="0" m="13354" /><D29/><U120/><E120/><V26/><REACH who="2" step="1"/><F11/><REACH who="2" ten="238,143,279,330" step="2"/><W100/><G135/><T2/><D127/><U6/><E76/><V4/><F4/><N who="1" m="1577" /><E104/><V82/><F82/><W64/><G132/><T128/><D123/><U110/><E110/><V98/><F98/><W66/><G108/><T9/><D2/><U83/><E42/><V131/><F131/><W121/><G121/><T79/><D128/><U114/><E114/><V124/><F124/><W28/><G115/><T105/><D79/><U103/><E46/><V55/><F55/><W60/><G113/><T71/><D105/><U58/><E58/><V41/><F41/><W125/><G112/><T16/><D71/><U50/><E50/><AGARI ba="0,1" hai="13,15,25,26,27,43,47,50,57,62,67,88,93,97" machi="50" ten="40,7700,0" yaku="1,1,8,1,54,1,53,0" doraHai="0" doraHaiUra="65" who="2" fromWho="1" sc="238,0,143,-77,279,87,330,0" /><INIT seed="6,1,0,0,2,62" ten="238,66,366,330" oya="2" hai0="102,44,132,54,35,16,2,96,9,72,82,14,40" hai1="128,97,34,57,60,93,41,117,133,50,126,23,25" hai2="119,10,122,127,120,52,56,38,80,26,32,130,110" hai3="3,59,45,21,37,114,113,103,77,29,11,46,116"/><V87/><F119/><W101/><G116/><T43/><D2/><U65/><E117/><V15/><F38/><W22/><G77/><T36/><D132/><U109/><E109/><V106/><F106/><W49/><G59/><T17/><D35/><U6/><E133/><V30/><F110/><W53/><G3/><T79/><D43/><U107/><E107/><V95/><F95/><W67/><G11/><T91/><D91/><U112/><E34/><V58/><F58/><W92/><G67/><T123/><D54/><U135/><E135/><V19/><F130/><W84/><G84/><T75/><D123/><U86/><E112/><N who="3" m="43114" /><G29/><T124/><D124/><U129/><E126/><V134/><F134/><W78/><G78/><T99/><D99/><U4/><E128/><V66/><F66/><W48/><G37/><T12/><D12/><U125/><E125/><V42/><F127/><W69/><G69/><T27/><D27/><U24/><E24/><V61/><REACH who="2" step="1"/><F42/><REACH who="2" ten="238,66,356,330" step="2"/><N who="3" m="24631" /><G92/><T1/><D36/><U33/><E129/><V0/><F0/><W131/><G131/><T20/><D1/><U105/><E105/><V31/><F31/><W68/><G68/><T111/><D111/><U73/><E73/><V13/><F13/><W47/><G47/><T83/><D72/><U55/><E41/><V70/><F70/><W90/><G46/><T64/><D75/><U71/><E33/><V39/><F39/><W76/><G53/><T108/><D44/><U7/><E7/><V98/><F98/><W115/><G115/><T81/><D108/><U5/><E5/><V85/><F85/><RYUUKYOKU ba="1,1" sc="238,-10,66,-10,356,30,330,-10" hai2="10,15,19,26,30,32,52,56,61,80,87,120,122" /><INIT seed="6,2,1,5,2,72" ten="228,56,386,320" oya="2" hai0="20,3,120,133,64,69,121,128,89,5,63,65,92" hai1="113,114,1,46,31,16,81,104,134,115,84,59,87" hai2="79,45,15,88,62,66,74,10,35,33,101,96,54" hai3="135,100,126,109,130,43,28,118,129,78,38,132,26"/><V131/><F131/><N who="3" m="50187" /><G109/><T9/><D128/><U53/><E1/><V127/><F127/><W91/><G118/><T6/><D133/><N who="3" m="51273" /><G100/><T116/><D116/><U70/><E134/><V80/><F45/><N who="3" m="23799" /><G91/><T37/><D37/><U90/><E70/><V108/><F108/><W71/><G71/><T39/><D39/><U27/><E104/><V58/><F54/><W75/><G126/><T82/><D65/><U24/><E46/><V86/><F101/><W124/><G124/><T112/><D6/><U102/><E102/><V25/><F96/><W119/><G119/><T19/><D82/><U11/><E84/><V0/><F0/><W94/><G94/><T95/><D92/><U50/><REACH who="1" step="1"/><E31/><REACH who="1" ten="228,46,386,320" step="2"/><V77/><F77/><W117/><G117/><T98/><D69/><U49/><E49/><V111/><F111/><W2/><G2/><T14/><D3/><U73/><E73/><V110/><F110/><W107/><G107/><T12/><D121/><U18/><E18/><V42/><F79/><W61/><G78/><T44/><D120/><U67/><E67/><V29/><F74/><W105/><G75/><T83/><D44/><U60/><E60/><V48/><F48/><W13/><G105/><T85/><D63/><U76/><E76/><V22/><F42/><W4/><G61/><T55/><D64/><U30/><E30/><V34/><F33/><N who="3" m="20631" /><G4/><AGARI ba="2,2" hai="4,10,15,22,25,29,34,35,58,62,66,80,86,88" machi="4" ten="30,2900,0" yaku="7,1,54,1" doraHai="72" who="2" fromWho="3" sc="228,0,46,0,386,55,320,-35" /><INIT seed="6,3,0,5,0,101" ten="228,46,441,285" oya="2" hai0="84,36,100,76,58,65,103,86,70,92,31,110,64" hai1="68,67,79,88,63,80,13,75,15,108,23,121,21" hai2="116,37,62,19,102,104,106,26,71,24,9,135,48" hai3="87,43,20,119,57,42,14,51,25,123,73,28,29"/><V124/><F116/><W115/><G73/><T109/><D36/><U16/><E108/><V117/><F117/><W47/><G123/><T83/><D31/><U77/><E121/><V59/><F37/><W27/><G119/><T126/><D70/><U55/><E55/><V120/><F120/><W127/><G127/><T2/><D2/><U112/><E112/><V90/><F71/><W30/><G115/><T44/><D44/><U60/><E60/><V46/><F124/><W17/><G87/><T54/><D126/><U0/><E0/><V130/><F130/><W53/><REACH who="3" step="1"/><G43/><REACH who="3" ten="228,46,441,275" step="2"/><T34/><D110/><U18/><REACH who="1" step="1"/><E75/><REACH who="1" ten="228,36,441,275" step="2"/><V22/><F135/><W8/><G8/><T10/><D109/><U66/><E66/><V113/><F9/><W6/><G6/><T118/><D118/><U38/><E38/><AGARI ba="3,2" hai="14,17,20,25,27,28,29,30,38,42,47,51,53,57" machi="38" ten="40,1300,0" yaku="1,1,53,0" doraHai="101" doraHaiUra="98" who="3" fromWho="1" sc="228,0,36,-22,441,0,275,42" /><INIT seed="7,0,0,3,2,117" ten="228,14,441,317" oya="3" hai0="73,21,7,115,12,112,100,134,105,70,77,53,133" hai1="13,51,108,111,99,34,68,6,17,101,45,61,37" hai2="125,97,93,132,92,38,63,124,82,32,50,88,89" hai3="131,15,18,129,8,60,103,54,46,119,27,55,98"/><W36/><G119/><T94/><D70/><U75/><E75/><V122/><F38/><W78/><G78/><T79/><D7/><U66/><E34/><V48/><F122/><W109/><G109/><T20/><D12/><U42/><E6/><V114/><F114/><N who="0" m="43562" /><D53/><U59/><E17/><V84/><F132/><N who="0" m="50794" /><D73/><U33/><E33/><V76/><F32/><W91/><G27/><T10/><D10/><U81/><E81/><V29/><F29/><W80/><G55/><T40/><D40/><U11/><E11/><V107/><F63/><W24/><G24/><T85/><D20/><U128/><E13/><V96/><F107/><W56/><G54/><T47/><D47/><U35/><E35/><V106/><F106/><W69/><G46/><T52/><D52/><N who="1" m="32159" /><E99/><V0/><F0/><W90/><G15/><T118/><D21/><U30/><E30/><V95/><F48/><W43/><G8/><T28/><D28/><U5/><E5/><V121/><F50/><W49/><G49/><T102/><D118/><U127/><E101/><N who="0" m="39017" /><D105/><U44/><E127/><V64/><F124/><W9/><G9/><T41/><D41/><N who="1" m="22575" /><E128/><V39/><F39/><W83/><G36/><T57/><D57/><N who="1" m="37167" /><E111/><V130/><F125/><W65/><G131/><T74/><D74/><U71/><E108/><V23/><F130/><W72/><G72/><T2/><D2/><U22/><E22/><V116/><F23/><W104/><G104/><T123/><D123/><U16/><E16/><V67/><F121/><W87/><G129/><T3/><D3/><U135/><E135/><V31/><F31/><RYUUKYOKU ba="0,0" sc="228,15,14,15,441,-15,317,-15" hai0="77,79,85,94" hai1="42,45,68,71" owari="243,-16.0,29,-47.0,426,53.0,302,10.0" /></mjloggm>