<mjloggm ver="2.3"><GO type="169" lobby="0"/><UN n0="%E3%82%BF%E3%82%AD%E3%83%88%E3%83%BC%E3%83%AB" n1="%65%69%6B%31" n2="%E3%81%8D%E3%82%83%E3%81%AB%E3%81%8A" n3="%E3%83%88%E3%83%88%E3%83%AA%E5%85%88%E7%94%9F%31%39%E6%AD%B3" dan="16,17,16,19" rate="2150.69,2177.68,2069.42,2306.64" sx="M,M,F,F"/><TAIKYOKU oya="0"/><INIT seed="0,0,0,4,1,87" ten="250,250,250,250" oya="0" hai0="71,24,74,115,27,11,32,126,36,107,42,19,29" hai1="55,4,46,135,1,120,124,127,51,117,61,22,63" hai2="119,44,101,69,102,123,31,88,47,93,128,7,81" hai3="48,64,85,132,13,45,57,20,49,66,72,59,53"/><T134/><D115/><U70/><E1/><V125/><F123/><W0/><G72/><T65/><D74/><U95/><E4/><V54/><F69/><W113/><G0/><T40/><D134/><U33/><E33/><V43/><F128/><W5/><G113/><T79/><D79/><U41/><E22/><V90/><F125/><N who="1" m="48201" /><E95/><V97/><F119/><W91/><G132/><T82/><D126/><U105/><E105/><V52/><F7/><W67/><G49/><T78/><D107/><U25/><E25/><V50/><F31/><W133/><G133/><T58/><D36/><U12/><E12/><V84/><F54/><W18/><REACH who="3" step="1"/><G5/><REACH who="3" ten="250,250,250,240" step="2"/><T116/><D116/><U10/><E135/><V30/><F30/><W75/><G75/><T122/><D29/><U39/><E117/><V14/><F14/><W109/><G109/><T106/><D122/><U34/><E120/><V92/><F81/><AGARI ba="0,1" hai="13,18,20,45,48,53,57,59,64,66,67,81,85,91" machi="81" ten="40,5200,0" yaku="1,1,8,1,52,1,53,0" doraHai="87" doraHaiUra="100" who="3" fromWho="2" sc="250,0,250,0,250,-52,240,62" /><INIT seed="1,0,0,1,1,26" ten="250,250,198,302" oya="1" hai0="99,47,57,72,1,100,131,45,67,130,48,91,89" hai1="76,84,94,35,92,70,39,77,126,20,123,3,116" hai2="53,24,121,21,8,119,101,29,19,79,63,105,93" hai3="78,6,108,96,38,36,40,117,113,41,118,13,27"/><U134/><E35/><V65/><F119/><N who="3" m="45579" /><G78/><T90/><D1/><U83/><E116/><V88/><F121/><W49/><G113/><T127/><D72/><U31/><E123/><V103/><F79/><W64/><G96/><T60/><D127/><U10/><E70/><V69/><F105/><W109/><G6/><T85/><D85/><U102/><E39/><N who="3" m="14890" /><G13/><T11/><D11/><U58/><E134/><V46/><F8/><W114/><G114/><T5/><D5/><U104/><E126/><V55/><F19/><W33/><G27/><T14/><D14/><U133/><E133/><V22/><F22/><W66/><G33/><T107/><REACH who="0" step="1"/><D45/><REACH who="0" ten="240,250,198,302" step="2"/><U56/><E3/><V95/><F95/><W73/><G73/><T44/><D44/><U110/><E10/><V12/><F12/><W82/><G82/><T37/><D37/><U50/><E94/><V98/><REACH who="2" step="1"/><F46/><REACH who="2" ten="240,250,188,302" step="2"/><N who="3" m="25799" /><G41/><AGARI ba="0,2" hai="41,47,48,57,60,67,89,90,91,99,100,107,130,131" machi="41" ten="40,1300,0" yaku="1,1,53,0" doraHai="26" doraHaiUra="129" who="0" fromWho="3" sc="240,33,250,0,188,0,302,-13" /><INIT seed="2,0,0,4,5,84" ten="273,250,188,289" oya="2" hai0="27,104,76,119,40,128,68,18,90,26,74,99,34" hai1="132,91,129,110,98,88,1,80,77,96,67,53,65" hai2="126,0,46,52,100,114,115,123,73,42,105,85,38" hai3="56,17,51,11,23,7,124,87,58,49,61,29,111"/><V50/><F123/><W32/><G111/><T30/><D128/><U86/><E1/><V133/><F73/><W60/><G124/><T14/><D26/><U101/><E110/><V57/><F126/><W125/><G29/><T16/><D68/><U13/><E129/><V106/><F0/><W36/><G36/><T15/><D40/><U2/><E2/><V83/><F133/><W113/><G32/><T94/><D104/><U55/><E132/><V44/><F44/><W120/><G113/><T21/><D119/><U102/><E13/><V22/><F22/><W71/><G71/><T45/><D45/><U37/><E37/><V103/><F106/><W62/><G120/><T97/><D97/><N who="1" m="37483" /><E53/><V31/><F31/><W75/><G75/><T122/><D122/><U25/><E55/><V41/><F41/><W66/><G7/><T131/><D131/><U47/><E25/><V54/><F54/><N who="3" m="34007" /><G62/><T117/><D117/><U69/><E69/><V35/><F35/><W112/><G11/><T82/><REACH who="0" step="1"/><D34/><REACH who="0" ten="263,250,188,289" step="2"/><U43/><E43/><V107/><F107/><W64/><G125/><T39/><D39/><U4/><E47/><V6/><F105/><W134/><G134/><T24/><D24/><U3/><E102/><N who="2" m="38955" /><F115/><W12/><G112/><T33/><D33/><U127/><E101/><V109/><F114/><W135/><G135/><T5/><D5/><U19/><E127/><V48/><F6/><W20/><G56/><T130/><D130/><U78/><E4/><V28/><F109/><W89/><G12/><AGARI ba="0,1" hai="12,14,15,16,18,21,27,30,74,76,82,90,94,99" machi="12" ten="40,8000,1" yaku="1,1,52,1,54,1,53,1" doraHai="84" doraHaiUra="92" who="0" fromWho="3" sc="263,90,250,0,188,0,289,-80" /><INIT seed="3,0,0,0,1,66" ten="353,250,188,209" oya="3" hai0="72,77,26,129,30,1,28,78,44,92,37,109,88" hai1="90,119,105,91,48,128,132,5,15,118,7,31,115" hai2="42,99,36,117,83,65,95,59,89,47,56,2,20" hai3="22,82,130,21,41,122,63,52,54,75,64,32,98"/><W35/><G122/><T11/><D109/><U45/><E115/><V125/><F117/><N who="1" m="44553" /><E105/><V120/><F120/><W97/><G130/><T0/><D30/><U79/><E128/><V57/><F2/><W94/><G41/><T55/><D129/><U110/><E110/><V9/><F125/><W71/><G98/><T121/><D121/><U112/><E112/><V111/><F111/><W14/><G14/><T10/><BYE who="3" /><D0/><U70/><E132/><V13/><F20/><UN n3="%E3%83%88%E3%83%88%E3%83%AA%E5%85%88%E7%94%9F%31%39%E6%AD%B3" /><W3/><G3/><T38/><D38/><U40/><E79/><V80/><REACH who="2" step="1"/><F65/><REACH who="2" ten="353,250,178,209" step="2"/><W6/><G22/><T53/><D1/><U29/><E29/><V25/><F25/><W124/><G124/><T43/><D26/><U133/><E31/><V74/><F74/><W76/><G21/><T19/><D28/><U126/><E126/><V49/><F49/><W114/><G114/><T24/><D72/><U131/><E131/><V104/><F104/><W50/><G6/><AGARI ba="0,1" hai="6,9,13,36,42,47,56,57,59,80,83,89,95,99" machi="6" ten="40,2600,0" yaku="1,1,53,1" doraHai="66" doraHaiUra="8" who="2" fromWho="3" sc="353,0,250,0,178,36,209,-26" /><INIT seed="4,0,0,0,5,116" ten="353,250,214,183" oya="0" hai0="0,90,61,118,110,40,47,86,126,121,85,8,81" hai1="79,88,102,100,111,30,70,65,10,67,55,103,101" hai2="114,36,135,3,54,77,45,14,68,133,39,18,29" hai3="96,35,87,134,27,6,127,115,62,7,94,84,22"/><T71/><D118/><U72/><E111/><V83/><F3/><W57/><G35/><T33/><D33/><U130/><E130/><V128/><F68/><W28/><G115/><T53/><D110/><U93/><E70/><V32/><F114/><W78/><G134/><N who="2" m="51209" /><F128/><W107/><G107/><T113/><D126/><U99/><E30/><V109/><F109/><W12/><G127/><T23/><D23/><U98/><E72/><V19/><F19/><W26/><G26/><T41/><D41/><U31/><E79/><V131/><F131/><W69/><G69/><T16/><D113/><U51/><E10/><V97/><F97/><W56/><G56/><T58/><D71/><U38/><E38/><V15/><F29/><W91/><G78/><T106/><D106/><U11/><E11/><N who="2" m="6495" /><F15/><W123/><G123/><T112/><D112/><U63/><E63/><V20/><F20/><W13/><G13/><T42/><D0/><U82/><E31/><V132/><F32/><W119/><G119/><T120/><D16/><U34/><E34/><V50/><F132/><W2/><G2/><T59/><D8/><U125/><E125/><V1/><F1/><W5/><REACH who="3" step="1"/><G12/><REACH who="3" ten="353,250,214,173" step="2"/><T108/><D108/><U117/><E117/><V92/><F77/><W49/><G49/><N who="0" m="28863" /><D58/><N who="1" m="33151" /><E65/><AGARI ba="0,1" hai="5,6,7,22,27,28,57,62,65,84,87,91,94,96" machi="65" ten="40,2600,0" yaku="1,1,8,1,53,0" doraHai="116" doraHaiUra="73" who="3" fromWho="1" sc="353,0,250,-26,214,0,173,36" /><INIT seed="5,0,0,5,3,101" ten="353,224,214,209" oya="1" hai0="74,95,130,70,67,71,113,85,80,109,114,58,72" hai1="63,132,93,25,62,64,103,52,87,121,54,91,104" hai2="48,135,27,56,21,128,26,33,126,97,13,5,118" hai3="84,92,111,77,16,28,66,96,86,31,44,102,18"/><U1/><E121/><V50/><F118/><W89/><G111/><T39/><D39/><U9/><E132/><V23/><F135/><W60/><G77/><T35/><D35/><U51/><E25/><N who="2" m="9227" /><F33/><W127/><G127/><T2/><D2/><U107/><E103/><V125/><F128/><W8/><G44/><T19/><D19/><U81/><E63/><V15/><F97/><W120/><G86/><T10/><D10/><U38/><E38/><V22/><F56/><W53/><G53/><T76/><D130/><U129/><E129/><V34/><F34/><W57/><G120/><T105/><D105/><U100/><E9/><N who="2" m="4271" /><F50/><W124/><G124/><N who="2" m="47721" /><F48/><W108/><G108/><T30/><D109/><U17/><E54/><V83/><F83/><W123/><G123/><T88/><D30/><N who="3" m="11305" /><G8/><T122/><D122/><U110/><E110/><V82/><F82/><AGARI ba="0,0" hai="16,18,57,60,66,82,84,89,92,96,102" m="11305" machi="82" ten="30,2000,0" yaku="8,1,54,1" doraHai="101" who="3" fromWho="2" sc="353,0,224,0,214,-20,209,20" /><INIT seed="6,0,0,4,2,100" ten="353,224,194,229" oya="2" hai0="33,95,46,113,37,11,103,82,52,5,42,90,71" hai1="26,125,120,16,76,38,12,30,121,94,87,21,9" hai2="50,130,128,98,118,28,23,55,127,66,8,24,17" hai3="112,99,39,19,64,0,29,22,49,51,57,83,126"/><V86/><F118/><W110/><G110/><T114/><D33/><U20/><E38/><V109/><F109/><W80/><G39/><T36/><D71/><U73/><E125/><V132/><F127/><W48/><G0/><T91/><D37/><U59/><E73/><V14/><F132/><W77/><G126/><T135/><D135/><U35/><E59/><V45/><F66/><W105/><G112/><N who="0" m="43115" /><D82/><N who="3" m="31273" /><G105/><T58/><D95/><U134/><E134/><V62/><F62/><N who="3" m="37967" /><G99/><T93/><D93/><U70/><E70/><V2/><F98/><W129/><G129/><N who="2" m="49769" /><F2/><W1/><G1/><N who="0" m="431" /><D103/><U40/><E76/><V63/><F63/><AGARI ba="0,0" hai="36,42,46,52,58,63,90,91" m="431,43115" machi="63" ten="30,2000,0" yaku="15,1,54,1" doraHai="100" who="0" fromWho="2" sc="353,20,224,0,194,-20,229,0" /><INIT seed="7,0,0,3,4,104" ten="373,224,174,229" oya="3" hai0="58,39,9,56,72,14,129,97,83,25,19,95,64" hai1="2,7,55,29,59,4,65,52,106,16,21,122,23" hai2="96,1,79,133,68,70,99,119,128,114,20,44,33" hai3="75,24,102,74,5,77,91,82,69,108,61,49,110"/><W12/><G102/><T42/><D129/><U86/><E122/><V41/><F33/><W66/><G91/><T57/><D39/><U116/><E106/><V6/><F128/><W34/><G49/><T63/><D42/><U125/><E125/><V47/><F114/><W35/><G12/><T46/><D46/><U50/><E116/><V54/><F119/><W8/><G24/><T37/><D37/><U130/><E65/><V124/><F124/><W3/><G75/><T134/><D134/><U107/><E107/><V87/><F133/><W30/><G30/><T105/><D105/><U38/><E38/><V118/><F118/><W103/><G103/><T10/><D10/><U90/><E2/><V28/><F28/><W135/><G135/><T32/><D32/><AGARI ba="0,0" hai="3,5,8,32,34,35,61,66,69,74,77,82,108,110" machi="32" ten="40,7700,0" yaku="23,2,52,1" doraHai="104" who="3" fromWho="0" sc="373,-77,224,0,174,0,229,77" owari="296,10.0,224,-18.0,174,-33.0,306,41.0" /></mjloggm>