<mjloggm ver="2.3"><GO type="169" lobby="0"/><UN n0="%E3%81%92%E3%81%A3%E3%81%A1" n1="%E3%83%88%E3%83%88%E3%83%AA%E5%85%88%E7%94%9F%31%39%E6%AD%B3" n2="%E5%B9%BB%E9%9C%8A" n3="%E6%9D%BE%E6%98%8E" dan="17,19,17,16" rate="2151.84,2331.41,2144.30,2053.06" sx="M,F,M,M"/><TAIKYOKU oya="0"/><INIT seed="0,0,0,4,1,101" ten="250,250,250,250" oya="0" hai0="60,100,116,129,33,110,113,127,34,41,123,69,79" hai1="114,74,35,135,134,28,125,70,83,48,64,53,95" hai2="36,50,30,117,19,82,15,112,84,91,121,75,78" hai3="72,97,128,126,54,0,89,94,119,6,81,7,130"/><T132/><D60/><U67/><E125/><V63/><F121/><W68/><G119/><T76/><D41/><U96/><E114/><V107/><F112/><W9/><G126/><T109/><D100/><N who="1" m="60447" /><E70/><V65/><F117/><W12/><G68/><T3/><D76/><N who="1" m="44439" /><E28/><V31/><F36/><W45/><G72/><T98/><D79/><U42/><E42/><V88/><F50/><N who="3" m="29007" /><G81/><T18/><D18/><U93/><E35/><V10/><F91/><W77/><G77/><T46/><D46/><U71/><E93/><V62/><F62/><W43/><G43/><T38/><D34/><U55/><E55/><V14/><F14/><W4/><G0/><T118/><D98/><U56/><E71/><V87/><F31/><W124/><G124/><T120/><D118/><U102/><E102/><V61/><F30/><W115/><G115/><T131/><D120/><U49/><E49/><V21/><F63/><W86/><G97/><T39/><D39/><U47/><E47/><V17/><F61/><W13/><G13/><T20/><D20/><U8/><E8/><V2/><F2/><W133/><G12/><T105/><D131/><U40/><E40/><V103/><F65/><W111/><G9/><T59/><D59/><U11/><E11/><V16/><F10/><W99/><G99/><T1/><D1/><U37/><E37/><V58/><F58/><W90/><G6/><T106/><D106/><U80/><E67/><V23/><F15/><W32/><G32/><T57/><D57/><U51/><E64/><V85/><F88/><W104/><G128/><T52/><D52/><RYUUKYOKU ba="0,0" sc="250,15,250,-15,250,15,250,-15" hai0="3,33,38,69,105,109,110,113,116,123,127,129,132" hai2="16,17,19,21,23,75,78,82,84,85,87,103,107" /><INIT seed="0,1,0,1,2,85" ten="265,235,265,235" oya="0" hai0="68,6,18,30,56,95,133,33,47,23,84,120,98" hai1="130,32,114,28,37,78,126,80,94,116,39,71,63" hai2="75,9,67,89,92,70,16,66,13,36,117,91,104" hai3="96,74,51,65,26,64,29,10,128,72,3,58,119"/><T31/><D68/><U105/><E116/><V115/><F117/><W24/><G119/><T123/><D33/><U54/><E105/><V59/><F104/><W22/><G128/><T25/><D133/><U125/><E130/><V106/><F106/><W34/><G74/><T124/><D124/><N who="1" m="47723" /><E114/><V131/><F115/><W110/><G110/><T132/><D132/><U73/><E54/><V53/><F131/><W111/><G111/><T69/><D69/><U27/><E94/><V42/><F75/><W81/><G96/><T93/><D6/><U76/><E78/><V55/><F55/><W102/><G102/><T38/><D56/><U49/><E49/><N who="2" m="31151" /><F92/><W87/><G72/><T101/><D120/><U11/><E11/><V97/><F97/><W2/><G51/><T7/><D7/><U8/><E8/><V41/><F70/><W118/><G118/><T35/><D35/><U52/><E52/><V50/><F36/><W77/><G10/><T129/><D123/><U99/><E99/><V90/><F50/><W127/><G127/><T1/><D129/><U82/><E82/><V14/><F14/><W109/><G109/><T15/><D15/><U62/><E62/><V112/><F112/><W44/><G44/><T43/><REACH who="0" step="1"/><D1/><REACH who="0" ten="255,235,265,235" step="2"/><U0/><E0/><V135/><F135/><W134/><G134/><T79/><D79/><U57/><E57/><V21/><F9/><W4/><G4/><T108/><D108/><U5/><E5/><V60/><F60/><W107/><G3/><T20/><D20/><U88/><E63/><V46/><F46/><W61/><G2/><RYUUKYOKU ba="1,1" sc="255,15,235,-15,265,15,235,-15" hai0="18,23,25,30,31,38,43,47,84,93,95,98,101" hai2="13,16,21,41,42,66,67,89,90,91" /><INIT seed="0,2,1,2,3,122" ten="270,220,280,220" oya="0" hai0="84,126,49,64,116,46,117,34,85,127,69,27,67" hai1="70,56,3,51,2,121,112,28,107,102,96,128,35" hai2="14,114,120,44,88,30,73,25,33,105,52,113,101" hai3="57,63,77,99,86,5,21,92,115,55,15,38,80"/><T11/><D11/><U119/><E121/><V125/><F120/><W71/><G115/><T72/><D72/><U13/><E119/><N who="0" m="45641" /><D27/><U130/><E112/><V7/><F73/><W97/><G38/><T32/><D49/><U118/><E118/><V83/><F125/><N who="0" m="47626" /><D46/><U89/><E70/><V26/><F26/><W12/><G71/><T24/><D24/><N who="1" m="18823" /><E13/><V9/><F114/><W93/><G15/><T100/><D100/><U39/><E39/><V87/><F113/><W16/><G5/><T62/><D67/><U74/><E74/><V66/><F66/><W4/><G4/><T0/><D0/><U43/><E43/><V135/><F101/><W76/><G76/><T68/><D68/><U61/><E51/><V1/><F44/><W106/><G106/><T132/><D132/><U17/><E3/><V47/><F105/><W129/><G129/><N who="1" m="49770" /><E2/><V123/><F1/><W45/><G45/><T98/><D98/><AGARI ba="2,1" hai="12,16,21,55,57,63,77,80,86,92,93,97,98,99" machi="98" ten="40,2600,0" yaku="8,1,54,1" doraHai="122" who="3" fromWho="0" sc="270,-32,220,0,280,0,220,42" /><INIT seed="1,0,0,3,5,66" ten="238,220,280,262" oya="1" hai0="11,75,127,99,56,12,132,85,88,119,24,38,134" hai1="130,4,108,128,77,58,23,133,33,131,94,78,67" hai2="106,30,104,86,63,37,3,97,89,50,1,71,123" hai3="84,129,55,95,107,105,27,76,17,102,72,44,100"/><U124/><E33/><V45/><F123/><W48/><G129/><T135/><D119/><U92/><E4/><V31/><F37/><W115/><G72/><T28/><D38/><U121/><E121/><V113/><F113/><W49/><G115/><T79/><D127/><U74/><E124/><V40/><F1/><W120/><G120/><T20/><D75/><U80/><E78/><V101/><F104/><W109/><G109/><T117/><D117/><U25/><E133/><V19/><F19/><W21/><G107/><T8/><D56/><U7/><E108/><V61/><F3/><W2/><G2/><T41/><D41/><U29/><REACH who="1" step="1"/><E7/><REACH who="1" ten="238,210,280,262" step="2"/><V83/><F63/><AGARI ba="0,1" hai="23,25,29,58,63,67,74,77,80,92,94,128,130,131" machi="63" ten="40,7700,0" yaku="1,1,2,1,19,1,53,0" doraHai="66" doraHaiUra="116" who="1" fromWho="2" sc="238,0,210,87,280,-77,262,0" /><INIT seed="1,1,0,5,1,52" ten="238,297,203,262" oya="1" hai0="80,33,21,6,2,93,68,96,13,106,109,10,48" hai1="35,28,14,23,88,73,29,65,46,101,89,76,87" hai2="49,112,123,7,47,36,128,120,9,102,79,94,126" hai3="105,66,111,129,17,64,103,39,44,119,134,85,54"/><U20/><E35/><V92/><F112/><W69/><G111/><T72/><D106/><U75/><E101/><V38/><F126/><W82/><G129/><T114/><D114/><U11/><E76/><V59/><F128/><W135/><G119/><T108/><D33/><U58/><E46/><V51/><F79/><W74/><G74/><T0/><D68/><U131/><E131/><V26/><F26/><W121/><G121/><T3/><D21/><N who="1" m="8267" /><E73/><V132/><F102/><W55/><G55/><T42/><D42/><U12/><E75/><V104/><F47/><W116/><G116/><T107/><D107/><U113/><E12/><V25/><F104/><W122/><G122/><T117/><D117/><U91/><E87/><V125/><F25/><W37/><G85/><T118/><D118/><U22/><N who="1" m="8275" /><U43/><DORA hai="124" /><E43/><V95/><F125/><W50/><G69/><T5/><D5/><N who="1" m="3439" /><E113/><V57/><F120/><W70/><G70/><T98/><D98/><U8/><E8/><V71/><F71/><W133/><G103/><T1/><D1/><U31/><E31/><V63/><F123/><W83/><G105/><T34/><D34/><U67/><E67/><V16/><F7/><W15/><G64/><T97/><D97/><U4/><E4/><V53/><F38/><N who="3" m="14347" /><G66/><T60/><D109/><U127/><E127/><V62/><F36/><W99/><G99/><T56/><D108/><U40/><E40/><V86/><F86/><W61/><G15/><T90/><D72/><U19/><E19/><V110/><F110/><W100/><G17/><T115/><D115/><RYUUKYOKU ba="1,0" sc="238,-10,297,30,203,-10,262,-10" hai1="28,29,58,65,88,89,91" /><INIT seed="1,2,0,3,0,92" ten="228,327,193,252" oya="1" hai0="45,52,53,47,21,60,9,10,96,32,26,18,82" hai1="112,64,24,88,105,25,62,78,94,72,99,3,123" hai2="28,68,74,93,0,97,50,83,70,66,30,17,116" hai3="127,91,61,110,35,79,15,81,75,85,89,86,29"/><U104/><E112/><V113/><F0/><W124/><G110/><T19/><D32/><U16/><E123/><V4/><F113/><W67/><G15/><N who="0" m="7543" /><D9/><U107/><E3/><V48/><F116/><W84/><G29/><T100/><D82/><U76/><E72/><V114/><F114/><W129/><G35/><T23/><D23/><U132/><E132/><V101/><F4/><W57/><REACH who="3" step="1"/><G129/><REACH who="3" ten="228,327,193,242" step="2"/><T1/><D1/><U59/><REACH who="1" step="1"/><E16/><REACH who="1" ten="228,317,193,242" step="2"/><V121/><F17/><W131/><G131/><T8/><D19/><U117/><E117/><V126/><F121/><W5/><G5/><T134/><D134/><U31/><E31/><V111/><F28/><W122/><G122/><T34/><D8/><U109/><E109/><V20/><F111/><W120/><G120/><T14/><D14/><U40/><E40/><V46/><F30/><W37/><G37/><T102/><D34/><U77/><AGARI ba="2,2" hai="24,25,59,62,64,76,77,78,88,94,99,104,105,107" machi="77" ten="40,12000,1" yaku="1,1,0,1,52,1,54,1,53,1" doraHai="92" doraHaiUra="56" who="1" fromWho="1" sc="228,-42,317,146,193,-42,242,-42" /><INIT seed="1,3,0,2,0,124" ten="186,463,151,200" oya="1" hai0="2,83,54,19,46,131,121,34,49,6,88,130,99" hai1="75,53,87,8,16,106,47,11,14,17,122,10,26" hai2="12,89,104,81,134,15,119,127,93,116,109,68,133" hai3="86,43,103,21,102,22,38,36,31,113,70,92,115"/><U40/><E122/><V28/><F68/><W24/><G70/><T13/><D121/><U1/><E75/><V32/><F104/><W37/><G43/><T41/><D34/><U51/><E106/><V129/><F109/><W128/><G128/><N who="0" m="49195" /><D2/><U35/><E1/><V48/><F129/><W59/><G59/><T39/><D6/><U100/><E100/><V80/><F48/><W3/><G3/><T20/><D99/><U57/><E87/><V73/><F127/><W64/><G64/><T67/><D67/><U91/><E91/><V55/><F73/><W76/><G102/><T71/><D71/><U82/><E82/><V72/><F72/><W96/><G22/><T63/><D63/><U42/><E42/><V132/><F81/><W29/><G31/><T120/><D120/><U123/><E123/><V7/><F80/><W45/><G86/><N who="0" m="50271" /><D54/><U84/><E84/><N who="2" m="52391" /><F55/><W44/><G76/><T117/><D117/><N who="2" m="45130" /><F7/><W95/><G95/><T79/><D79/><U0/><E0/><V18/><F18/><W27/><G115/><T33/><D33/><U66/><E66/><V101/><F101/><W58/><G113/><T9/><D9/><U52/><E53/><V110/><F110/><W112/><G112/><T126/><D126/><U62/><E35/><V77/><F77/><W78/><G78/><T23/><D23/><AGARI ba="3,0" hai="8,10,11,14,16,17,23,26,40,47,51,52,57,62" machi="23" ten="40,7700,0" yaku="8,1,54,2" doraHai="124" who="1" fromWho="0" sc="186,-86,463,86,151,0,200,0" /><INIT seed="1,4,0,3,3,100" ten="100,549,151,200" oya="1" hai0="132,6,45,117,9,13,26,36,88,10,17,63,92" hai1="96,49,67,77,43,29,102,74,42,134,66,59,18" hai2="5,95,122,48,120,46,39,125,78,47,3,60,131" hai3="119,33,35,93,64,107,81,50,51,127,90,79,58"/><U72/><E134/><V68/><F78/><W112/><G112/><T115/><D132/><U53/><E29/><V15/><F3/><W108/><G107/><T109/><D115/><U87/><E18/><V14/><F95/><W1/><G108/><T11/><D109/><U69/><E87/><V23/><F125/><W19/><G1/><T84/><D117/><U40/><E77/><V2/><F2/><W97/><G127/><T54/><D36/><U52/><E53/><V31/><F39/><W126/><G126/><T21/><REACH who="0" step="1"/><D63/><REACH who="0" ten="90,549,151,200" step="2"/><U16/><E69/><V94/><F68/><W118/><G118/><T34/><D34/><U135/><E135/><V22/><F60/><W133/><G35/><T130/><D130/><U8/><E74/><V98/><F131/><W55/><G33/><T20/><D20/><U27/><E72/><V44/><F23/><W121/><G133/><T75/><D75/><U85/><E85/><V116/><F116/><W111/><G111/><T123/><D123/><U56/><E56/><V30/><F122/><W32/><G32/><T37/><D37/><U101/><E27/><V73/><F73/><W57/><G121/><T0/><D0/><U114/><E114/><V24/><F120/><W124/><G124/><T105/><D105/><U113/><E113/><V128/><F128/><W82/><G119/><T83/><D83/><U99/><E99/><V41/><F98/><W76/><G81/><T106/><D106/><U89/><E96/><V110/><F110/><W65/><G82/><T28/><D28/><U70/><E70/><V62/><F31/><RYUUKYOKU ba="4,1" sc="90,30,549,-10,151,-10,200,-10" hai0="6,9,10,11,13,17,21,26,45,54,84,88,92" /><INIT seed="2,5,1,0,1,84" ten="120,539,141,190" oya="2" hai0="29,106,102,5,25,71,74,31,35,120,48,82,32" hai1="92,93,108,132,122,131,9,133,50,46,49,34,27" hai2="121,116,63,119,86,90,18,4,55,104,126,85,44" hai3="26,1,69,89,78,41,36,7,2,8,57,88,16"/><V129/><F121/><W39/><G69/><T14/><D120/><U59/><E122/><V105/><F4/><W23/><G2/><T75/><D71/><U11/><E108/><V30/><F30/><W43/><G78/><T12/><D48/><U103/><E131/><V101/><F129/><W67/><G39/><T37/><D37/><U130/><E130/><V124/><F18/><W81/><G81/><T0/><D0/><U3/><E59/><N who="2" m="35327" /><F85/><W47/><REACH who="3" step="1"/><G43/><REACH who="3" ten="120,539,141,180" step="2"/><T68/><D68/><U128/><E3/><V94/><F119/><W52/><G52/><T10/><D82/><U99/><E128/><V40/><F116/><W21/><G21/><T117/><D117/><U118/><E118/><V73/><F73/><W76/><G76/><T66/><D75/><U135/><E133/><V98/><F40/><W54/><G54/><T123/><D74/><U64/><E135/><V114/><F44/><W24/><G24/><T79/><D79/><U95/><E132/><V22/><F22/><W96/><G96/><T112/><D123/><U56/><E46/><V53/><F53/><W111/><G111/><T125/><D25/><U70/><E70/><V77/><F77/><W38/><G38/><T19/><D35/><U113/><E49/><V45/><F45/><W91/><G91/><T100/><D32/><U109/><E50/><V20/><F20/><W58/><G58/><T13/><D14/><U115/><E109/><V83/><F114/><N who="1" m="43529" /><E34/><V80/><F80/><W51/><G51/><T15/><D112/><U6/><E27/><V110/><F110/><W61/><AGARI ba="5,2" hai="1,7,8,16,23,26,36,41,47,57,61,67,88,89" machi="61" ten="30,12000,2" yaku="1,1,5,1,0,1,52,2,54,2,53,0" doraHai="84" doraHaiUra="134" who="3" fromWho="3" sc="120,-35,539,-35,141,-65,180,155" /><INIT seed="3,0,0,0,0,133" ten="85,504,76,335" oya="3" hai0="22,132,13,27,46,105,17,124,69,96,36,15,32" hai1="37,5,131,91,30,109,116,134,75,118,104,87,28" hai2="59,12,101,100,35,3,43,68,71,40,53,63,1" hai3="41,128,23,110,33,47,61,60,4,92,57,113,84"/><W31/><G113/><T82/><D69/><U54/><E109/><V39/><F35/><W111/><G33/><T129/><D132/><U126/><E134/><V11/><F71/><W112/><G112/><T79/><D129/><U119/><E131/><V21/><F68/><W120/><G4/><T9/><D32/><U99/><E75/><V106/><F21/><W80/><G128/><T7/><D124/><U14/><E126/><V66/><F53/><W122/><G92/><T135/><D135/><U24/><E37/><V20/><F20/><W42/><G31/><N who="1" m="11818" /><E24/><V58/><F39/><W121/><G23/><T117/><D117/><U18/><E54/><V45/><F59/><W34/><G34/><T89/><D27/><U44/><E44/><V114/><F114/><W90/><G61/><T67/><D67/><U26/><E26/><V52/><F66/><W85/><G84/><T73/><D36/><U51/><E51/><V94/><F106/><W64/><REACH who="3" step="1"/><G47/><REACH who="3" ten="85,504,76,325" step="2"/><T65/><D46/><U125/><E5/><N who="2" m="3183" /><F45/><W83/><G83/><T76/><D105/><U70/><E104/><V88/><F1/><W127/><G127/><T77/><D65/><U130/><E125/><V50/><F3/><W102/><G102/><N who="2" m="39529" /><F63/><W81/><G81/><T108/><D108/><AGARI ba="0,1" hai="41,42,57,60,64,80,85,90,108,110,111,120,121,122" machi="108" ten="50,9600,0" yaku="1,1,14,1,10,1,53,0" doraHai="133" doraHaiUra="115" who="3" fromWho="0" sc="85,-96,504,0,76,0,325,106" owari="-11,-51.0,504,60.0,76,-32.0,431,23.0" /></mjloggm>