<mjloggm ver="2.3"><GO type="169" lobby="0"/><UN n0="%E4%B9%9D%E4%B8%88%E3%83%A4%E3%82%B9" n1="%E3%83%88%E3%83%88%E3%83%AA%E5%85%88%E7%94%9F%31%39%E6%AD%B3" n2="%E6%88%B0%E5%A0%B4%E3%83%B6%E5%8E%9F%E3%81%B2%E3%81%9F%E3%81%8E" n3="%E3%82%AC%E3%83%96%E3%83%AA%E3%83%B3" dan="17,19,16,16" rate="2168.02,2293.46,2059.95,2096.93" sx="M,F,F,M"/><TAIKYOKU oya="0"/><INIT seed="0,0,0,1,1,88" ten="250,250,250,250" oya="0" hai0="38,51,96,19,2,119,123,43,45,47,30,12,34" hai1="41,5,27,89,100,111,24,124,17,126,58,106,44" hai2="55,79,52,84,116,39,92,82,78,67,14,83,87" hai3="9,46,1,85,21,69,81,133,86,3,105,18,62"/><T65/><D119/><U95/><E111/><V66/><F116/><W98/><G105/><T75/><D123/><U90/><E5/><V72/><F39/><W117/><G117/><T99/><D75/><U93/><E106/><V70/><F14/><W25/><G133/><T64/><D2/><U118/><E118/><V4/><F4/><W108/><G108/><T122/><D122/><U35/><E100/><V102/><F70/><W121/><G121/><T10/><D34/><U91/><E58/><V8/><F8/><W114/><G114/><T6/><D30/><U57/><E57/><V125/><F72/><W31/><G46/><T101/><D6/><U94/><E17/><V56/><F125/><N who="1" m="48233" /><E35/><V115/><F115/><W7/><G3/><T129/><D129/><U63/><E63/><V11/><F11/><W131/><G131/><T74/><D74/><U76/><E76/><V113/><F113/><W29/><G62/><T13/><D13/><U54/><E54/><V33/><F33/><W36/><G69/><T127/><D99/><U80/><E80/><V60/><F55/><W73/><G98/><AGARI ba="0,0" hai="52,56,60,66,67,78,79,82,83,84,87,92,98,102" machi="98" ten="40,8000,1" yaku="9,1,8,1,52,1,54,1" doraHai="88" who="2" fromWho="3" sc="250,0,250,0,250,80,250,-80" /><INIT seed="1,0,0,4,1,36" ten="250,250,330,170" oya="1" hai0="67,108,59,28,37,122,78,31,29,117,91,116,109" hai1="115,95,60,124,39,15,3,111,13,70,130,107,114" hai2="121,34,71,74,21,104,98,42,120,84,32,88,27" hai3="7,19,90,11,93,132,25,79,44,47,16,49,100"/><U30/><E107/><V8/><F71/><W43/><G132/><T22/><D37/><U69/><E3/><V99/><F74/><W87/><G100/><T134/><D134/><U56/><E130/><V83/><F8/><W133/><G133/><T63/><D122/><U92/><E30/><V53/><F53/><W94/><G79/><T33/><D33/><U57/><E39/><V125/><F125/><W129/><G129/><T89/><D78/><U131/><E131/><V96/><F104/><W1/><G93/><T6/><D6/><U5/><E5/><V46/><F121/><W126/><G126/><T4/><D4/><U135/><E135/><V14/><F14/><W75/><G75/><T86/><D22/><U55/><E55/><V123/><F123/><W18/><REACH who="3" step="1"/><G47/><REACH who="3" ten="250,250,330,160" step="2"/><T81/><REACH who="0" step="1"/><D91/><REACH who="0" ten="240,250,330,160" step="2"/><U110/><E124/><V23/><F120/><W119/><G119/><AGARI ba="0,2" hai="28,29,31,59,63,67,81,86,89,108,109,116,117,119" machi="119" ten="40,2600,0" yaku="1,1,2,1,53,0" doraHai="36" doraHaiUra="128" who="0" fromWho="3" sc="240,46,250,0,330,0,160,-26" /><INIT seed="2,0,0,4,2,121" ten="286,250,330,134" oya="2" hai0="77,115,50,65,116,14,37,105,108,35,17,133,22" hai1="118,104,96,110,5,3,20,100,131,30,49,99,130" hai2="109,78,9,72,55,29,135,128,41,53,67,45,134" hai3="31,4,120,12,39,126,60,87,54,6,89,132,7"/><V94/><F29/><W25/><G120/><T97/><D115/><U33/><E118/><V15/><F109/><W52/><G39/><T95/><D37/><U81/><E20/><V112/><F67/><W129/><G129/><N who="1" m="49162" /><E49/><V114/><F128/><W101/><G132/><N who="2" m="50729" /><F94/><W102/><G126/><T107/><D35/><U82/><E110/><V123/><F123/><W103/><G12/><T58/><D108/><U127/><E127/><V38/><F114/><W83/><REACH who="3" step="1"/><G60/><REACH who="3" ten="286,250,330,124" step="2"/><T92/><D14/><U74/><E3/><V76/><F112/><W19/><G19/><T111/><D17/><U32/><E5/><V70/><F15/><W93/><G93/><T69/><D95/><U66/><E30/><V79/><F72/><W47/><G47/><T36/><D92/><U62/><E74/><V57/><F70/><W48/><G48/><T85/><D50/><U117/><E117/><V1/><F57/><W80/><G80/><N who="1" m="30826" /><E99/><V34/><F34/><AGARI ba="0,1" hai="4,6,7,25,31,34,52,54,83,87,89,101,102,103" machi="34" ten="40,8000,1" yaku="1,1,54,1,53,3" doraHai="121" doraHaiUra="0" who="3" fromWho="2" sc="286,0,250,0,330,-80,124,90" /><INIT seed="3,0,0,2,2,39" ten="286,250,250,214" oya="3" hai0="96,126,95,17,134,129,74,58,27,101,29,4,24" hai1="53,28,18,89,38,12,60,33,110,3,44,7,132" hai2="85,135,67,61,47,91,113,22,75,40,81,76,72" hai3="55,66,92,107,116,84,88,31,49,106,23,128,112"/><W122/><G112/><T16/><D74/><U97/><E110/><V52/><F135/><W80/><G116/><T103/><D134/><U8/><E132/><V20/><F113/><W121/><G128/><T41/><D129/><U79/><E79/><V14/><F75/><W127/><G127/><T45/><D126/><U36/><E89/><V120/><F120/><W125/><G125/><T21/><D4/><U9/><E97/><V43/><F72/><W37/><G37/><T64/><D103/><U108/><E108/><V56/><F76/><W1/><G1/><T62/><REACH who="0" step="1"/><D27/><REACH who="0" ten="276,250,250,214" step="2"/><U100/><E100/><V130/><F130/><W73/><G121/><T51/><AGARI ba="0,1" hai="16,17,21,24,29,41,45,51,58,62,64,95,96,101" machi="51" ten="20,16000,3" yaku="1,1,2,1,0,1,7,1,25,2,8,1,52,1,54,1,53,0" doraHai="39" doraHaiUra="86" who="0" fromWho="0" sc="276,170,250,-40,250,-40,214,-80" /><INIT seed="4,0,0,1,2,109" ten="446,210,210,134" oya="0" hai0="126,130,41,132,68,135,83,35,133,129,54,101,72" hai1="119,112,117,120,66,36,7,37,122,89,34,19,50" hai2="113,26,52,102,12,45,27,100,48,56,58,76,79" hai3="71,78,61,115,32,94,92,47,90,29,103,3,15"/><T110/><D35/><U95/><E34/><V23/><F113/><W91/><G3/><T64/><D101/><N who="2" m="39018" /><F12/><W65/><G115/><T53/><D110/><U111/><E111/><V42/><F26/><W108/><G108/><T13/><D13/><U99/><E112/><V9/><F9/><W59/><G78/><N who="2" m="29737" /><F42/><W57/><G103/><T25/><D83/><U106/><E106/><V60/><F60/><W96/><G47/><T98/><D98/><U67/><E7/><V81/><F81/><W85/><G32/><T97/><D97/><U123/><E19/><AGARI ba="0,0" hai="19,23,27,45,48,52,56,58" m="29737,39018" machi="19" ten="30,2000,0" yaku="8,1,54,1" doraHai="109" who="2" fromWho="1" sc="446,0,210,-20,210,20,134,0" /><INIT seed="5,0,0,3,4,61" ten="446,190,230,134" oya="1" hai0="28,107,119,33,126,86,44,77,27,13,79,41,130" hai1="135,71,83,53,11,30,45,66,115,125,9,26,121" hai2="51,82,132,87,57,75,127,109,68,47,63,6,116" hai3="89,46,59,2,39,76,62,38,65,58,5,48,19"/><U104/><E121/><V1/><F116/><W99/><G76/><T50/><D126/><U7/><E125/><V8/><F127/><W17/><G2/><T110/><D110/><U114/><E104/><V124/><F132/><W123/><G123/><T81/><D130/><U60/><E135/><V90/><F124/><W73/><G73/><T43/><D107/><U106/><E106/><V111/><F75/><W29/><G5/><T92/><D92/><U96/><E96/><V94/><F94/><W52/><G29/><T56/><D56/><U91/><E53/><V37/><F68/><W40/><REACH who="3" step="1"/><G38/><REACH who="3" ten="446,190,230,124" step="2"/><T128/><D79/><U20/><E7/><V97/><F37/><W101/><G101/><T54/><D77/><U103/><E103/><V80/><F111/><W0/><G0/><T95/><D28/><U122/><E122/><V64/><F109/><W22/><G22/><T108/><D108/><U36/><E9/><V23/><F23/><W32/><G32/><T112/><D33/><U84/><REACH who="1" step="1"/><E11/><REACH who="1" ten="446,180,230,124" step="2"/><V15/><F8/><W49/><G49/><T131/><D50/><U24/><E24/><V10/><F51/><W18/><G18/><T88/><D27/><U85/><E85/><V102/><F1/><W70/><G70/><T118/><D86/><U120/><E120/><V93/><F102/><W31/><G31/><T72/><D119/><U12/><E12/><V105/><F87/><W4/><G4/><T16/><D13/><U14/><E14/><V25/><F15/><W117/><G117/><T129/><D131/><U3/><E3/><N who="2" m="351" /><F25/><W98/><G98/><RYUUKYOKU ba="0,2" sc="446,-15,180,15,230,-15,124,15" hai1="20,26,30,36,45,60,66,71,83,84,91,114,115" hai3="17,19,39,40,46,48,52,58,59,62,65,89,99" /><INIT seed="5,1,2,0,4,4" ten="431,195,215,139" oya="1" hai0="127,9,35,84,115,65,15,29,117,132,121,56,43" hai1="3,45,0,75,14,18,82,39,78,133,80,54,126" hai2="11,87,53,85,61,21,91,10,6,66,72,92,123" hai3="49,12,8,51,110,20,134,64,83,19,67,30,103"/><U116/><E116/><V81/><F123/><W86/><G110/><T36/><D115/><U94/><E133/><V2/><F72/><W32/><G32/><T120/><D127/><U17/><E126/><V7/><F21/><W125/><G125/><T104/><D104/><U128/><E128/><V74/><F74/><W50/><G103/><T41/><D132/><U58/><E82/><V22/><F22/><W113/><G113/><T48/><D36/><U70/><E70/><V38/><F38/><W23/><G134/><T93/><D29/><U107/><E107/><V95/><F53/><W5/><G30/><T98/><D84/><U40/><E94/><V109/><F87/><W131/><G131/><T77/><D77/><U97/><E97/><V118/><F109/><W46/><G46/><T73/><D73/><U13/><E13/><V108/><F108/><W119/><G119/><T60/><D35/><U42/><E42/><V31/><F31/><W105/><G105/><T59/><D59/><U76/><E76/><V130/><F130/><W122/><G122/><N who="0" m="47211" /><D48/><U33/><E33/><V90/><F91/><N who="3" m="51679" /><G23/><T89/><D117/><U52/><E58/><V68/><F118/><W129/><G129/><T114/><D114/><U112/><E112/><V34/><F34/><W79/><G79/><T63/><D63/><U62/><E62/><V99/><F99/><W26/><AGARI ba="1,2" hai="5,8,12,19,20,26,49,50,51,64,67" m="51679" machi="26" ten="30,2000,0" yaku="8,1,52,1" doraHai="4" who="3" fromWho="3" sc="431,-6,195,-11,215,-6,139,43" /><INIT seed="6,0,0,2,3,55" ten="425,184,209,182" oya="2" hai0="122,76,31,67,62,101,3,32,85,104,77,111,75" hai1="21,69,124,16,4,17,53,36,103,97,68,25,43" hai2="56,63,118,49,51,71,38,120,5,74,131,9,127" hai3="90,58,123,89,10,82,93,34,119,11,117,72,22"/><V92/><F74/><W30/><G34/><T102/><D111/><U100/><E124/><V99/><F118/><W112/><G123/><T14/><D3/><U116/><E116/><V84/><F131/><W126/><G126/><T50/><D14/><U7/><E36/><V107/><F38/><W40/><G117/><T98/><D50/><U83/><E43/><V73/><F71/><W6/><G119/><T47/><D47/><U41/><E41/><V79/><F127/><W39/><G112/><T27/><D75/><U115/><E115/><V59/><F107/><W37/><G11/><T134/><D134/><U105/><E69/><V108/><F73/><W12/><G89/><T94/><D122/><U52/><E68/><V46/><F49/><W13/><G40/><T132/><D132/><U20/><E83/><V133/><F133/><W35/><G35/><T29/><D29/><U28/><E28/><V24/><F63/><W91/><G91/><N who="0" m="53615" /><D102/><N who="1" m="38955" /><E97/><V54/><F108/><W87/><G30/><T121/><D121/><U125/><E105/><V96/><F120/><W0/><G0/><T44/><D44/><U86/><E86/><V15/><F96/><W26/><G72/><T60/><D60/><U57/><E125/><V48/><F84/><W23/><G82/><T81/><D81/><U42/><E42/><N who="2" m="24663" /><F79/><W64/><G37/><T61/><D61/><U2/><E2/><V33/><F99/><W130/><G39/><T106/><D106/><U1/><E1/><V66/><F92/><W113/><G130/><T135/><D135/><U110/><E110/><V114/><F114/><RYUUKYOKU ba="0,0" sc="425,30,184,-10,209,-10,182,-10" hai0="27,31,32,62,67,76,77,98,101,104" /><INIT seed="7,1,0,4,0,42" ten="455,174,199,172" oya="3" hai0="46,67,7,16,126,99,103,113,57,54,9,82,129" hai1="87,75,118,134,4,2,43,51,27,91,11,3,64" hai2="14,17,31,60,30,39,71,102,45,21,110,12,19" hai3="74,73,29,13,38,79,94,92,53,95,70,117,62"/><W48/><G117/><T83/><D113/><U97/><E75/><V130/><F110/><W84/><G38/><T111/><D111/><U1/><E118/><V90/><F102/><W120/><G120/><T28/><D28/><U50/><E134/><V115/><F115/><W34/><G84/><T40/><D67/><U59/><E97/><V44/><F130/><W55/><G13/><T20/><D126/><U106/><E106/><V133/><F39/><W125/><G125/><T116/><D46/><N who="2" m="18026" /><F133/><W47/><G79/><T132/><D40/><U15/><E43/><V63/><F90/><W49/><G49/><T32/><D32/><U76/><E76/><V65/><F71/><W89/><G89/><T68/><D68/><U127/><E127/><V52/><F65/><W123/><G123/><T105/><D129/><U86/><E86/><V18/><F18/><W77/><G77/><T80/><D132/><U78/><E78/><V33/><F33/><W23/><G34/><T108/><D108/><U8/><E2/><V0/><F0/><W128/><G128/><T121/><D121/><U109/><E1/><V22/><F63/><W41/><G70/><T56/><D116/><U114/><E114/><V69/><F69/><W58/><REACH who="3" step="1"/><G41/><REACH who="3" ten="455,174,199,162" step="2"/><T85/><D85/><U119/><E119/><V124/><F124/><W6/><G6/><T26/><D7/><N who="1" m="1151" /><E109/><V98/><F98/><W112/><G112/><T61/><D99/><U35/><E91/><V96/><F96/><W25/><AGARI ba="1,1" hai="23,25,29,47,48,53,55,58,62,73,74,92,94,95" machi="25" ten="30,6000,0" yaku="1,1,0,1,52,1,53,0" doraHai="42" doraHaiUra="81" who="3" fromWho="3" sc="455,-21,174,-21,199,-21,162,73" /><INIT seed="7,2,0,3,0,10" ten="434,153,178,235" oya="3" hai0="94,35,27,36,103,7,34,31,99,86,66,115,21" hai1="84,56,44,117,46,79,135,0,68,76,122,75,74" hai2="24,64,123,96,59,18,58,60,112,50,71,57,126" hai3="93,95,89,14,2,119,102,111,120,100,37,108,43"/><W9/><G2/><T78/><D36/><U85/><E0/><V52/><F112/><W11/><G37/><T72/><D72/><N who="1" m="27691" /><E56/><N who="2" m="36871" /><F126/><W12/><G43/><T54/><D115/><U128/><E68/><V67/><F71/><W3/><G3/><T33/><D7/><U51/><E51/><V63/><F123/><W105/><G89/><T28/><D28/><U16/><E122/><V118/><F118/><W32/><G120/><T22/><D22/><U5/><E5/><V17/><F24/><W8/><G8/><T29/><D29/><U110/><E117/><V125/><F125/><W133/><G133/><T121/><D86/><N who="1" m="33387" /><E16/><N who="2" m="6251" /><F59/><W25/><G25/><T73/><D94/><U42/><E42/><V82/><F96/><W129/><G119/><T20/><D103/><U114/><E114/><V48/><F82/><W1/><G1/><T19/><D78/><N who="1" m="29739" /><E135/><V106/><F106/><W65/><G65/><T127/><D99/><U130/><E110/><V101/><F101/><W98/><G98/><T97/><D73/><U81/><E81/><V49/><AGARI ba="2,0" hai="48,49,50,52,57,58,63,67" m="6251,36871" machi="49" ten="30,4000,0" yaku="8,1,54,2" doraHai="10" who="2" fromWho="2" sc="434,-12,153,-12,178,46,235,-22" owari="422,53.0,141,-36.0,224,2.0,213,-19.0" /></mjloggm>