<mjloggm ver="2.3"><GO type="169" lobby="0"/><UN n0="%E2%80%A0%E3%81%BE%E3%83%BC%E5%9D%8A%E2%80%A0" n1="%66%6F%6F%62%61%72%32%32" n2="%E3%82%A6%E3%83%AB%E3%83%88%E3%83%A9%E7%AB%8B%E7%9B%B4" n3="%E7%A9%BA%E6%B0%97%E8%AA%AD%E3%81%BF" dan="17,16,18,16" rate="2225.06,2016.58,2237.04,2047.02" sx="M,M,M,M"/><TAIKYOKU oya="0"/><INIT seed="0,0,0,3,5,21" ten="250,250,250,250" oya="0" hai0="26,111,17,75,16,104,24,31,59,46,130,14,91" hai1="76,4,110,93,103,97,83,135,18,52,100,65,88" hai2="5,27,55,98,126,82,94,112,1,120,35,73,129" hai3="128,90,115,53,85,19,49,54,123,89,23,106,41"/><T68/><D68/><U13/><E110/><V95/><F120/><W77/><G115/><T7/><D111/><U125/><E135/><V86/><F112/><W99/><G123/><T72/><D104/><U10/><E125/><V45/><F73/><W39/><G128/><T43/><D130/><U131/><E131/><V37/><F129/><W92/><G39/><T64/><D75/><U71/><E4/><V119/><F126/><W40/><G77/><T78/><D72/><U34/><E34/><V47/><F119/><W28/><G28/><T67/><D78/><U118/><E118/><V133/><F133/><W134/><G134/><T0/><D0/><U102/><E71/><V44/><F5/><W80/><G106/><T60/><D67/><U69/><E69/><V84/><F1/><W79/><G90/><T32/><D91/><U57/><E65/><V38/><F55/><W132/><G132/><T70/><D70/><U121/><E121/><V50/><F50/><W96/><G96/><T113/><D26/><U3/><E3/><V116/><F116/><W42/><REACH who="3" step="1"/><G49/><REACH who="3" ten="250,250,250,240" step="2"/><T56/><D113/><U58/><E76/><N who="2" m="46151" /><F38/><W33/><G33/><T48/><REACH who="0" step="1"/><D56/><REACH who="0" ten="240,250,250,240" step="2"/><U51/><E58/><V22/><F35/><W20/><G20/><T29/><D29/><U25/><E57/><V108/><F108/><W107/><G107/><T114/><D114/><U105/><E105/><V6/><F22/><W8/><G8/><AGARI ba="0,2" hai="7,8,14,16,17,24,31,32,43,46,48,59,60,64" machi="8" ten="40,12000,1" yaku="1,1,52,1,54,1,53,1" doraHai="21" doraHaiUra="30" who="0" fromWho="3" sc="240,140,250,0,250,0,240,-120" /><INIT seed="0,1,0,5,4,97" ten="380,250,250,120" oya="0" hai0="49,132,91,31,123,70,93,92,29,119,50,1,6" hai1="114,121,90,56,120,128,30,44,2,83,27,75,48" hai2="38,66,57,33,7,79,58,26,104,126,34,41,88" hai3="46,87,32,59,3,85,124,52,37,84,60,5,109"/><T94/><D119/><U134/><E2/><V4/><F79/><W8/><G109/><T18/><D123/><U10/><E114/><V81/><F104/><W40/><REACH who="3" step="1"/><G32/><REACH who="3" ten="380,250,250,110" step="2"/><T43/><D132/><U0/><E134/><V117/><F34/><W96/><G96/><T17/><D31/><U67/><E30/><V36/><F33/><W122/><G122/><T55/><D29/><U118/><E121/><V73/><F117/><W15/><G15/><T95/><D1/><U102/><E120/><V130/><F130/><W76/><G76/><T125/><D91/><U19/><E0/><V20/><F88/><W101/><G101/><T61/><D94/><U24/><E102/><V77/><F77/><W82/><G82/><T106/><D93/><U42/><E83/><V35/><F81/><W13/><G13/><T80/><D95/><U39/><E90/><V72/><F35/><W99/><G99/><T116/><D92/><U129/><E129/><V28/><F28/><W113/><G113/><T12/><D80/><U115/><E128/><V22/><F26/><W127/><AGARI ba="1,1" hai="3,5,8,37,40,46,52,59,60,84,85,87,124,127" machi="127" ten="30,4000,0" yaku="1,1,0,1,54,1,53,0" doraHai="97" doraHaiUra="86" who="3" fromWho="3" sc="380,-21,250,-11,250,-11,110,53" /><INIT seed="1,0,0,0,5,116" ten="359,239,239,163" oya="1" hai0="117,134,125,31,119,72,114,62,28,79,107,57,110" hai1="16,40,71,133,17,113,88,126,93,45,76,98,67" hai2="38,70,115,89,25,135,101,23,118,12,81,22,55" hai3="68,87,1,21,19,33,100,131,109,39,4,132,102"/><U35/><E113/><V122/><F118/><W78/><G68/><T48/><D114/><U18/><E35/><V58/><F70/><W41/><G109/><T61/><D107/><U60/><E126/><V42/><F115/><W20/><G132/><T80/><D110/><U32/><E32/><V103/><F135/><W83/><G131/><T8/><D134/><U96/><E133/><V24/><F42/><W84/><G33/><T51/><D125/><U37/><REACH who="1" step="1"/><E76/><REACH who="1" ten="359,229,239,163" step="2"/><V44/><F89/><W36/><G78/><T7/><D79/><U91/><E91/><V130/><F130/><W127/><G127/><T6/><D119/><U75/><E75/><V5/><F103/><W50/><G102/><T47/><D117/><U46/><E46/><V53/><F44/><W99/><G100/><T128/><D47/><U92/><E92/><V27/><F101/><W108/><G108/><T29/><D128/><U30/><E30/><V73/><F73/><W52/><G36/><T64/><D31/><U82/><E82/><V3/><F81/><W121/><G83/><T120/><D80/><U105/><E105/><V106/><F106/><W111/><G111/><T59/><D72/><U56/><E56/><V90/><F58/><W69/><G39/><T26/><D29/><U86/><AGARI ba="0,1" hai="16,17,18,37,40,45,60,67,71,86,88,93,96,98" machi="86" ten="30,12000,1" yaku="1,1,0,1,54,2,53,1" doraHai="116" doraHaiUra="85" who="1" fromWho="1" sc="359,-40,229,130,239,-40,163,-40" /><INIT seed="1,1,0,0,3,40" ten="319,359,199,123" oya="1" hai0="134,2,15,83,0,25,20,43,4,80,70,74,66" hai1="91,13,16,22,125,10,106,53,95,108,113,59,115" hai2="60,50,65,112,61,104,56,29,8,64,33,69,85" hai3="98,89,116,36,24,49,92,67,96,129,54,3,117"/><U102/><E125/><V42/><F8/><W58/><G36/><T107/><D107/><U44/><E108/><V32/><F104/><W84/><G3/><T38/><D134/><U57/><E106/><V12/><F12/><W37/><G37/><T94/><D15/><U1/><E102/><V87/><F112/><W72/><G72/><T97/><D66/><U93/><E93/><V119/><F119/><N who="3" m="45643" /><G129/><T35/><D70/><U103/><E103/><V123/><F123/><W63/><G24/><T68/><D68/><AGARI ba="1,0" hai="49,54,58,63,67,68,84,89,92,96,98" m="45643" machi="68" ten="30,1000,0" yaku="12,1" doraHai="40" who="3" fromWho="0" sc="319,-13,359,0,199,0,123,13" /><INIT seed="2,0,0,5,3,1" ten="306,359,199,136" oya="2" hai0="75,119,132,85,9,66,21,124,103,99,51,31,61" hai1="69,47,46,43,91,129,20,102,27,95,83,88,35" hai2="16,89,133,13,126,104,120,42,38,80,92,8,84" hai3="32,26,106,109,108,134,82,73,36,105,30,63,87"/><V101/><F120/><W65/><G134/><T70/><D75/><U131/><E69/><V112/><F112/><W55/><G55/><T3/><D132/><U53/><E35/><V23/><F133/><W19/><G19/><T52/><D124/><U67/><E67/><V90/><F126/><W117/><G36/><T81/><D119/><U77/><E102/><V121/><F121/><W64/><G64/><T14/><D3/><U0/><E0/><V57/><F104/><W34/><G34/><T25/><D103/><U33/><E33/><V76/><F38/><W98/><G117/><T15/><D99/><U37/><E53/><V72/><F42/><W6/><G98/><T118/><D9/><U128/><E47/><V96/><F57/><W79/><G87/><T7/><D7/><U107/><E95/><V71/><F71/><N who="3" m="42431" /><G6/><T100/><D100/><U93/><E93/><V5/><REACH who="2" step="1"/><F72/><REACH who="2" ten="306,359,189,136" step="2"/><W114/><G114/><T39/><D39/><U17/><E107/><AGARI ba="0,1" hai="26,30,32,73,79,82,105,106,107,108,109" m="42431" machi="107" ten="30,1000,0" yaku="23,1" doraHai="1" who="3" fromWho="1" sc="306,0,359,-10,189,0,136,20" /><INIT seed="3,0,0,0,3,47" ten="306,349,189,156" oya="3" hai0="70,95,67,18,26,91,8,12,132,58,51,64,62" hai1="49,31,96,110,48,80,71,130,57,93,20,24,2" hai2="82,81,5,92,109,129,119,127,36,42,103,134,69" hai3="43,106,123,118,73,100,90,50,115,15,68,83,128"/><W63/><G115/><T39/><D39/><U113/><E71/><V78/><F5/><W104/><G118/><T38/><D38/><U75/><E2/><V11/><F11/><W126/><G123/><T29/><D132/><U1/><E1/><V37/><F42/><W30/><G128/><T60/><D95/><U101/><E113/><V107/><F78/><W133/><G133/><T97/><D97/><U19/><E130/><V88/><F82/><W121/><G121/><T54/><D91/><U52/><E110/><V13/><F13/><W45/><G30/><T105/><D105/><U56/><E75/><V16/><F16/><W6/><G15/><T34/><REACH who="0" step="1"/><D64/><REACH who="0" ten="296,349,189,156" step="2"/><U74/><E80/><V124/><F88/><W66/><G106/><T7/><D7/><U65/><E74/><V61/><F92/><W77/><G6/><T46/><D46/><U21/><E65/><V87/><F81/><W55/><G90/><T17/><D17/><U22/><E19/><V112/><F87/><W59/><G104/><T4/><D4/><U23/><E57/><V117/><F37/><N who="3" m="21743" /><G100/><T120/><D120/><U33/><E33/><V116/><F103/><W85/><G73/><T41/><D41/><U9/><E9/><V3/><F117/><W0/><G0/><T99/><D99/><U32/><E32/><V14/><F119/><W40/><G40/><T28/><D28/><U102/><E101/><V108/><F116/><W114/><G114/><T86/><D86/><U72/><E72/><V94/><F112/><W84/><G85/><T10/><D10/><U44/><E44/><RYUUKYOKU ba="0,1" sc="296,10,349,10,189,-30,156,10" hai0="8,12,18,26,29,34,51,54,58,60,62,67,70" hai1="20,21,22,23,24,31,48,49,52,56,93,96,102" hai3="50,55,59,63,66,68,77,83,84,126" /><INIT seed="3,1,1,3,5,80" ten="306,359,159,166" oya="3" hai0="76,102,100,5,70,34,45,74,82,27,66,98,30" hai1="38,116,17,130,128,72,89,36,63,127,44,79,131" hai2="96,83,2,103,118,87,25,24,53,7,43,1,31" hai3="15,71,10,134,52,121,111,11,65,117,93,29,39"/><W94/><G117/><T69/><D102/><U40/><E72/><V8/><F118/><W57/><G121/><T37/><D5/><U59/><E116/><V41/><F1/><W6/><G39/><T28/><D28/><U75/><E75/><V122/><F122/><W90/><G134/><T132/><D132/><U97/><E79/><V95/><F53/><W114/><G114/><T32/><D32/><U16/><E127/><V33/><REACH who="2" step="1"/><F25/><REACH who="2" ten="306,359,149,166" step="2"/><W124/><G124/><T91/><D66/><N who="1" m="39295" /><E38/><V105/><F105/><W113/><G113/><T58/><D37/><U85/><E97/><V104/><F104/><W67/><G65/><T101/><D98/><U14/><E14/><V64/><F64/><W50/><G67/><T106/><D106/><U26/><E26/><V62/><F62/><W112/><G112/><T81/><D27/><U110/><E110/><V135/><F135/><W4/><G111/><T12/><D12/><U109/><E109/><V133/><F133/><W42/><G71/><T108/><D108/><U126/><E126/><V0/><F0/><W92/><G42/><T56/><D70/><U84/><E131/><V88/><AGARI ba="1,2" hai="2,7,8,24,31,33,41,43,83,87,88,95,96,103" machi="88" ten="20,8000,1" yaku="1,1,0,1,7,1,52,1,54,1,53,0" doraHai="80" doraHaiUra="55" who="2" fromWho="2" sc="306,-21,359,-21,149,103,166,-41" /><INIT seed="4,0,0,2,0,79" ten="285,338,252,125" oya="0" hai0="53,88,40,10,46,44,8,81,131,113,69,95,132" hai1="37,77,76,1,52,74,89,94,19,38,86,24,6" hai2="67,28,45,114,15,34,57,22,2,126,80,101,115" hai3="26,42,3,134,103,14,29,7,60,55,109,107,128"/><T27/><D113/><N who="2" m="43018" /><F2/><W135/><G109/><T16/><D69/><U70/><E70/><V119/><F101/><W41/><G3/><T59/><D131/><U133/><E133/><N who="3" m="50698" /><G128/><T11/><D132/><U61/><E1/><V90/><F34/><W85/><G103/><T120/><D120/><U20/><E6/><V82/><F126/><W30/><G107/><T56/><D40/><U4/><E4/><V110/><F110/><W21/><G30/><T96/><D81/><N who="2" m="31338" /><F119/><W122/><G85/><T17/><D59/><N who="1" m="35047" /><E74/><V36/><F90/><W33/><G122/><T99/><D99/><U121/><E121/><V105/><F105/><W127/><G127/><T78/><D78/><U130/><E130/><V64/><F57/><N who="3" m="34879" /><G33/><T39/><D39/><U54/><E38/><V31/><F31/><W32/><G32/><T97/><D97/><U47/><E37/><V104/><F104/><W12/><G12/><T87/><D96/><U118/><E118/><V83/><F83/><W68/><G68/><T71/><D71/><U5/><E77/><V124/><F124/><W35/><G35/><T116/><D116/><U73/><E76/><V98/><F98/><W13/><G13/><T48/><D17/><U102/><E73/><V117/><F117/><W91/><G91/><T49/><D49/><N who="1" m="28991" /><E102/><V50/><F36/><W125/><G125/><T129/><D129/><U18/><E18/><N who="2" m="10591" /><F28/><W65/><G65/><T58/><D58/><U62/><E89/><V112/><N who="2" m="43026" /><V63/><DORA hai="66" /><F63/><W23/><G29/><T51/><D51/><U111/><E111/><V92/><F92/><RYUUKYOKU ba="0,0" sc="285,15,338,-15,252,15,125,-15" hai0="8,10,11,16,27,44,46,48,53,56,87,88,95" hai2="45,50,64,67" /><INIT seed="4,1,0,1,3,110" ten="300,323,267,110" oya="0" hai0="55,111,19,86,100,92,22,81,8,57,37,5,13" hai1="72,3,31,35,27,33,24,135,21,109,63,121,106" hai2="128,49,41,66,71,18,129,85,11,113,68,28,74" hai3="6,9,53,62,73,0,52,69,105,32,25,107,131"/><T82/><D37/><U67/><E72/><V102/><F74/><W34/><G131/><T12/><D111/><U15/><E106/><V76/><F28/><W60/><G73/><T43/><D43/><U59/><E109/><V84/><F102/><W133/><G133/><T132/><D132/><U97/><E135/><V118/><F118/><W16/><G69/><T123/><D123/><U44/><E121/><V51/><F41/><W91/><G91/><N who="0" m="53367" /><D100/><U46/><E3/><V89/><F76/><W101/><G101/><T90/><D90/><U130/><E130/><V65/><F89/><W78/><G78/><T98/><D98/><U17/><E97/><V40/><F40/><W126/><G126/><T99/><D99/><U29/><AGARI ba="1,0" hai="15,17,21,24,27,29,31,33,35,44,46,59,63,67" machi="29" ten="30,2000,0" yaku="0,1,9,1" doraHai="110" who="1" fromWho="1" sc="300,-11,323,23,267,-6,110,-6" /><INIT seed="5,0,0,5,4,75" ten="289,346,261,104" oya="1" hai0="132,118,90,9,78,113,135,21,54,102,76,59,0" hai1="41,133,83,85,25,2,50,119,95,127,11,80,115" hai2="121,35,62,71,28,55,105,101,19,134,93,5,53" hai3="27,31,125,36,82,13,4,60,109,38,33,22,117"/><U114/><E119/><V68/><F121/><W63/><G109/><T67/><D118/><U43/><E127/><V12/><F5/><W123/><G123/><T17/><D67/><U116/><E116/><V61/><F93/><W87/><G125/><T6/><D102/><U39/><E39/><V30/><F134/><N who="0" m="51242" /><D90/><N who="1" m="53711" /><E133/><V47/><F47/><W7/><G117/><T37/><D37/><U49/><E25/><V58/><F101/><W32/><G4/><T96/><D96/><U98/><E98/><V110/><F105/><W106/><G106/><T92/><D92/><U51/><E11/><V72/><F35/><W45/><G33/><T1/><D113/><N who="1" m="43019" /><E2/><V15/><F110/><W111/><G111/><T128/><D128/><U29/><E29/><V108/><F108/><W73/><G38/><T23/><D0/><U64/><E64/><V99/><F99/><W8/><G32/><T97/><D97/><U44/><E44/><V104/><F30/><W94/><G45/><T57/><D21/><U24/><E24/><V86/><F104/><W65/><G36/><T56/><D54/><U126/><E126/><V107/><F55/><W14/><G65/><T16/><D17/><U34/><E34/><V122/><F19/><W88/><REACH who="3" step="1"/><G14/><AGARI ba="0,0" hai="1,6,9,14,16,23,56,57,59,76,78" m="51242" machi="14" ten="30,7700,0" yaku="20,1,52,2,54,1" doraHai="75" who="0" fromWho="3" sc="289,77,346,0,261,0,104,-77" /><INIT seed="6,0,0,2,0,76" ten="366,346,261,27" oya="2" hai0="64,71,40,87,79,53,48,125,5,89,134,59,19" hai1="104,101,55,68,85,3,8,127,103,83,91,112,129" hai2="39,93,69,119,11,50,20,95,17,33,102,37,94" hai3="62,110,46,6,42,81,70,128,22,61,58,107,32"/><V35/><F69/><W109/><G32/><T121/><D121/><U51/><E68/><V15/><F119/><W65/><G128/><T100/><D125/><U99/><E129/><V4/><F102/><W126/><G107/><T7/><D134/><U122/><E122/><V116/><F116/><W29/><G126/><T30/><D79/><U45/><E127/><V111/><F111/><W34/><G6/><T63/><D30/><U0/><E112/><V27/><REACH who="2" step="1"/><F50/><REACH who="2" ten="366,346,251,27" step="2"/><W36/><G110/><T106/><D100/><U82/><E103/><V114/><F114/><W92/><G109/><T75/><D71/><U44/><E44/><V57/><F57/><W67/><G70/><T80/><D48/><U41/><E41/><V123/><F123/><W25/><G58/><T38/><D40/><U117/><E117/><V54/><F54/><W31/><G65/><T60/><D53/><U97/><E101/><V1/><F1/><W72/><G67/><T115/><D64/><U130/><E130/><V56/><F56/><W124/><G124/><T13/><D59/><U86/><E3/><V24/><F24/><N who="3" m="18791" /><G62/><T105/><D115/><U118/><E118/><V43/><F43/><W47/><G61/><T135/><D63/><U9/><E0/><V12/><F12/><W10/><G47/><T88/><D60/><U66/><E66/><V78/><F78/><N who="3" m="44231" /><G36/><AGARI ba="0,1" hai="4,11,15,17,20,27,33,35,36,37,39,93,94,95" machi="36" ten="40,2000,0" yaku="1,1,53,0" doraHai="76" doraHaiUra="26" who="2" fromWho="3" sc="366,0,346,0,251,30,27,-20" /><INIT seed="6,1,0,0,5,122" ten="366,346,281,7" oya="2" hai0="51,111,38,123,53,35,96,103,3,34,95,13,54" hai1="113,15,67,22,110,68,18,31,1,69,5,104,102" hai2="55,14,97,43,59,17,66,134,126,58,57,89,47" hai3="25,12,26,121,94,9,74,42,2,20,7,88,6"/><V119/><F119/><W90/><G74/><T133/><D3/><U132/><E113/><V60/><F126/><W101/><G42/><T33/><D123/><U112/><E112/><V120/><F120/><W30/><G88/><T10/><D111/><U105/><E110/><V100/><F134/><W29/><G94/><T27/><D38/><U115/><E132/><V56/><F89/><W19/><G90/><T91/><D133/><U86/><E115/><V114/><F114/><W32/><G101/><T11/><D11/><U81/><E31/><V83/><F83/><W65/><G65/><T72/><D72/><U52/><E102/><V73/><F73/><W28/><G121/><T131/><D131/><U41/><E41/><V84/><F84/><W82/><G82/><T63/><D63/><U87/><E87/><V61/><F97/><W117/><G117/><T129/><D129/><U125/><E125/><V130/><F100/><W46/><G46/><T98/><D27/><U4/><E105/><V45/><F130/><W48/><G48/><T0/><D0/><U79/><E104/><V50/><REACH who="2" step="1"/><F47/><REACH who="2" ten="366,346,271,7" step="2"/><W36/><G36/><T109/><D98/><U106/><E86/><V127/><F127/><W8/><AGARI ba="1,1" hai="2,6,7,8,9,12,19,20,25,26,28,29,30,32" machi="8" ten="30,12000,2" yaku="0,1,35,6" doraHai="122" who="3" fromWho="3" sc="366,-31,346,-31,271,-61,7,133" /><INIT seed="7,0,0,5,2,131" ten="335,315,210,140" oya="3" hai0="75,57,112,38,127,83,6,48,14,20,123,59,133" hai1="4,46,30,121,39,61,86,42,126,128,41,111,73" hai2="87,66,11,76,15,9,8,70,10,47,52,43,23" hai3="18,44,94,37,117,24,0,110,26,108,100,33,81"/><W119/><G0/><T92/><D38/><U105/><E73/><V68/><F23/><W65/><G65/><T21/><D123/><U19/><E105/><V17/><F66/><W13/><G81/><T89/><D133/><U45/><E121/><V62/><F76/><W34/><G100/><T2/><D2/><U129/><E30/><V31/><F31/><W109/><G94/><T16/><D127/><U85/><E126/><V54/><F87/><N who="1" m="33289" /><E19/><V116/><F116/><N who="3" m="44619" /><G44/><T91/><D112/><U134/><E4/><V88/><F88/><W96/><G96/><T93/><D6/><U135/><E61/><V40/><F40/><W25/><G37/><T124/><D124/><U95/><E95/><N who="0" m="36425" /><D75/><U22/><E22/><AGARI ba="0,0" hai="13,18,22,24,25,26,33,34,108,109,110" m="44619" machi="22" ten="40,7700,0" yaku="10,1,34,2" doraHai="131" who="3" fromWho="1" sc="335,0,315,-77,210,0,140,77" /><INIT seed="7,1,0,2,4,97" ten="335,238,210,217" oya="3" hai0="76,100,22,62,33,122,52,36,75,20,70,40,2" hai1="116,9,127,28,3,96,133,80,59,125,120,73,10" hai2="1,57,21,23,48,109,56,79,14,32,78,65,95" hai3="38,13,72,51,16,18,130,101,45,77,108,94,124"/><W49/><G130/><T60/><D33/><U24/><E120/><V89/><F1/><W91/><G124/><N who="1" m="47690" /><E116/><V131/><F32/><W17/><G38/><T85/><D62/><U90/><E133/><V53/><F109/><W134/><G134/><T47/><D22/><N who="2" m="8202" /><F131/><W81/><G108/><T117/><D20/><N who="1" m="15367" /><E3/><V0/><F0/><W31/><G31/><T110/><D85/><U37/><E37/><V129/><F129/><W29/><G29/><T5/><D52/><U26/><E26/><V102/><F14/><W84/><G101/><T98/><D76/><N who="2" m="29226" /><F102/><W82/><G82/><T88/><D75/><U121/><E121/><V106/><F106/><W67/><G13/><T128/><D117/><U61/><E73/><V41/><F41/><W25/><G25/><T4/><D2/><U118/><E118/><V43/><F43/><W92/><G92/><N who="0" m="56583" /><D100/><U74/><E74/><V15/><F15/><W93/><G93/><T19/><D128/><U11/><E80/><V119/><F119/><W68/><G45/><T7/><D122/><U69/><E69/><V46/><F65/><W8/><G8/><T42/><D110/><U55/><E9/><V135/><F135/><W113/><REACH who="3" step="1"/><G113/><REACH who="3" ten="335,238,210,207" step="2"/><T39/><D36/><U6/><E10/><V27/><F27/><W12/><G12/><T86/><D39/><U104/><E11/><V35/><F35/><W71/><G71/><T34/><D34/><U87/><E104/><V114/><F114/><W107/><G107/><T30/><D47/><U126/><E126/><V99/><AGARI ba="1,1" hai="46,48,53,56,57,89,95,99" m="29226,8202" machi="99" ten="30,1100,0" yaku="8,1" doraHai="97" who="2" fromWho="2" sc="335,-4,238,-4,210,24,207,-6" owari="331,44.0,234,3.0,234,-17.0,201,-30.0" /></mjloggm>