<mjloggm ver="2.3"><GO type="169" lobby="0"/><UN n0="%42%49%47%42%4F%53%53" n1="%E3%81%B5%E3%81%8B" n2="%E3%83%89%E3%83%90%E3%82%AF%E3%83%81%E5%A4%A7%E9%87%8E" n3="%E3%82%A6%E3%83%AB%E3%83%88%E3%83%A9%E7%AB%8B%E7%9B%B4" dan="17,17,17,18" rate="2110.21,2148.18,2188.81,2227.65" sx="M,M,M,M"/><TAIKYOKU oya="0"/><INIT seed="0,0,0,5,1,31" ten="250,250,250,250" oya="0" hai0="110,111,61,97,123,42,19,78,33,79,73,74,82" hai1="115,23,67,18,72,15,11,85,32,130,113,87,63" hai2="4,94,98,24,132,96,131,44,118,89,47,77,41" hai3="109,103,55,127,37,29,12,26,80,52,135,106,46"/><T51/><D123/><U48/><E72/><V71/><F71/><W112/><G112/><N who="1" m="43082" /><E130/><V122/><F118/><W75/><G109/><N who="0" m="41483" /><D61/><U105/><E105/><V104/><F122/><W53/><G127/><T22/><D97/><U116/><E116/><V95/><F104/><W128/><G128/><T99/><D99/><U1/><E32/><V56/><F131/><W133/><G106/><T119/><D119/><U65/><E48/><V2/><F77/><N who="0" m="29194" /><D82/><U92/><E92/><V91/><F132/><W102/><G80/><T69/><D69/><N who="1" m="42175" /><E67/><V0/><F56/><W9/><G75/><T38/><D51/><U21/><E1/><V28/><F4/><W25/><G135/><T10/><D10/><U100/><E100/><V117/><F117/><W101/><G133/><T126/><D33/><U134/><E134/><V84/><F84/><AGARI ba="0,0" hai="11,15,18,21,23,84,85,87" m="42175,43082" machi="84" ten="30,1000,0" yaku="11,1" doraHai="31" who="1" fromWho="2" sc="250,0,250,10,250,-10,250,0" /><INIT seed="1,0,0,4,3,18" ten="250,260,240,250" oya="1" hai0="114,109,39,23,3,128,116,72,76,26,41,108,78" hai1="127,55,105,87,126,121,93,129,134,53,47,10,50" hai2="102,15,36,112,130,28,125,14,8,24,86,84,62" hai3="106,70,100,99,89,103,107,12,7,20,104,49,69"/><U35/><E105/><V38/><F102/><W2/><G2/><T32/><D114/><U30/><E121/><V74/><F74/><W119/><G119/><T33/><D116/><U110/><E129/><V124/><F112/><W113/><G113/><T57/><D3/><U96/><E134/><V88/><F130/><W5/><G89/><T34/><D128/><U133/><E133/><V6/><F15/><W59/><G59/><T123/><D123/><U0/><E87/><V101/><F101/><N who="3" m="38987" /><G12/><T92/><D92/><U111/><E55/><V29/><F84/><W90/><G90/><T52/><D41/><U56/><E56/><V58/><F29/><W48/><G20/><T45/><D45/><U44/><E44/><V71/><F71/><N who="3" m="27147" /><G99/><T4/><D4/><AGARI ba="0,0" hai="4,5,7,48,49,104,106,107" m="27147,38987" machi="4" ten="40,2600,0" yaku="28,2" doraHai="18" who="3" fromWho="0" sc="250,-26,260,0,240,0,250,26" /><INIT seed="2,0,0,1,5,80" ten="224,260,240,276" oya="2" hai0="105,53,61,1,14,47,88,130,19,35,128,64,66" hai1="107,110,101,73,92,39,60,129,33,67,43,87,96" hai2="21,83,70,77,41,59,95,42,81,49,62,25,22" hai3="120,127,94,10,76,65,20,7,44,113,121,26,3"/><V46/><F70/><W29/><G127/><T5/><D35/><U18/><E73/><V31/><F42/><W102/><G113/><T38/><D105/><U63/><E110/><V82/><F95/><W27/><G76/><T114/><D114/><U111/><E111/><V72/><REACH who="2" step="1"/><F21/><REACH who="2" ten="224,260,230,276" step="2"/><W51/><G94/><T16/><D130/><U104/><E43/><V13/><F13/><W112/><G112/><T56/><D128/><U40/><E92/><V17/><F17/><W109/><G109/><T54/><D19/><U11/><E18/><V50/><F50/><W12/><G12/><T79/><D16/><U57/><E40/><V84/><F84/><W134/><G20/><T6/><D14/><U99/><E87/><V132/><F132/><W34/><G134/><T98/><D38/><U131/><E39/><V0/><F0/><W108/><G108/><T8/><D1/><U133/><E133/><V23/><F23/><W36/><G36/><T135/><D135/><U126/><E129/><V71/><F71/><W89/><G3/><T28/><D98/><U97/><E97/><V85/><F85/><W69/><G69/><T30/><D30/><U90/><E131/><V86/><F86/><W117/><G29/><T106/><D28/><U48/><E48/><V123/><F123/><W118/><G51/><T24/><D106/><U68/><E104/><V75/><F75/><W78/><G121/><T15/><D15/><U125/><E107/><V116/><F116/><W74/><G118/><T119/><D119/><U58/><E96/><V52/><AGARI ba="0,1" hai="22,25,31,41,46,49,52,59,62,72,77,81,82,83" machi="52" ten="20,7800,0" yaku="1,1,0,1,7,1,54,1,53,0" doraHai="80" doraHaiUra="100" who="2" fromWho="2" sc="224,-26,260,-26,230,88,276,-26" /><INIT seed="2,1,0,2,1,81" ten="198,234,318,250" oya="2" hai0="64,62,63,41,122,82,108,117,114,86,49,109,20" hai1="33,28,61,58,48,100,15,4,21,120,106,74,78" hai2="39,133,101,13,25,105,126,132,96,113,8,72,87" hai3="80,42,53,83,52,71,85,6,134,135,40,51,65"/><V95/><F39/><W128/><G6/><T68/><D114/><U104/><E120/><V1/><F1/><W118/><G118/><T18/><D122/><U0/><E74/><V30/><F113/><W103/><G103/><T11/><D117/><U59/><E78/><V130/><F72/><W89/><G128/><T43/><D11/><U111/><E48/><V36/><F36/><W115/><G115/><T26/><D62/><U88/><E100/><V125/><F130/><W67/><G71/><T75/><D75/><U119/><E59/><V56/><F56/><W9/><G9/><T102/><D102/><U94/><E33/><N who="2" m="20687" /><F87/><N who="3" m="50407" /><G53/><T107/><D107/><U99/><E111/><N who="0" m="42569" /><D49/><U66/><E119/><V73/><F73/><W45/><G135/><N who="2" m="51785" /><F105/><W110/><G110/><T131/><D131/><U91/><E0/><V116/><F116/><W69/><G69/><T55/><D55/><U124/><E104/><V35/><F35/><W84/><G134/><T16/><D18/><AGARI ba="1,0" hai="8,13,18,95,96,101,125,126" m="51785,20687" machi="18" ten="30,1500,0" yaku="20,1" doraHai="81" who="2" fromWho="0" sc="198,-18,234,0,318,18,250,0" /><INIT seed="2,2,0,2,1,7" ten="180,234,336,250" oya="2" hai0="131,125,86,45,93,9,115,26,35,15,66,110,61" hai1="48,84,68,85,23,28,112,47,16,50,72,46,114" hai2="71,55,97,4,33,57,53,17,22,90,19,18,94" hai3="128,80,133,0,91,3,39,60,135,117,82,74,27"/><V111/><F71/><W58/><G39/><T118/><D115/><U77/><E68/><V21/><F33/><W49/><G117/><T87/><D118/><U6/><E28/><V120/><F120/><W79/><G49/><T11/><D110/><U76/><E72/><V2/><F111/><W36/><G36/><T41/><D125/><U44/><E6/><V31/><F31/><W98/><G27/><T124/><D124/><U127/><E127/><V51/><F4/><W64/><G128/><T101/><D35/><U14/><E112/><V10/><F2/><W106/><G82/><T13/><D26/><U56/><E114/><V88/><F10/><N who="0" m="3594" /><D131/><U24/><E24/><V37/><F37/><W104/><G104/><T108/><D108/><U121/><E121/><V123/><F123/><W132/><G106/><T52/><D41/><U134/><E134/><V32/><F32/><W96/><G3/><T81/><D66/><U8/><E23/><V59/><F90/><W116/><G0/><T92/><D86/><N who="1" m="33387" /><E56/><V113/><F113/><W103/><G116/><T78/><D101/><U75/><E75/><V12/><F22/><W65/><G65/><T69/><D69/><U38/><E38/><V95/><F95/><N who="0" m="36426" /><D61/><AGARI ba="2,0" hai="12,17,18,19,21,51,53,55,57,59,61,88,94,97" machi="61" ten="30,5800,0" yaku="7,1,8,1,54,1" doraHai="7" who="2" fromWho="0" sc="180,-64,234,0,336,64,250,0" /><BYE who="0" /><UN n0="%42%49%47%42%4F%53%53" /><INIT seed="2,3,0,4,1,58" ten="116,234,400,250" oya="2" hai0="117,129,12,5,83,70,133,52,69,111,63,100,127" hai1="49,33,116,65,123,13,62,15,41,110,88,99,91" hai2="32,31,115,40,2,89,3,106,24,74,80,125,34" hai3="61,119,54,27,22,30,121,92,35,55,8,103,56"/><V130/><F106/><W1/><G119/><T105/><D117/><U39/><E116/><V73/><F115/><W48/><G121/><T87/><D111/><U93/><E33/><V17/><F34/><W120/><G120/><T44/><D127/><U14/><E123/><V124/><F130/><W122/><G122/><T84/><D129/><U28/><E28/><V59/><F40/><W94/><G35/><T38/><D133/><U98/><E110/><V45/><F45/><W46/><REACH who="3" step="1"/><G103/><REACH who="3" ten="116,234,400,240" step="2"/><T68/><D100/><U82/><E39/><V107/><F124/><W10/><G10/><T78/><D38/><U102/><E98/><V131/><F125/><W53/><G53/><T7/><D52/><U95/><E102/><V19/><F32/><W81/><G81/><T4/><D83/><U57/><E82/><V72/><F80/><W97/><G97/><T50/><D78/><U86/><E41/><V9/><F131/><W114/><G114/><T25/><D87/><U42/><E42/><V16/><F9/><W113/><G113/><T36/><D84/><U21/><E21/><V20/><F72/><W96/><G96/><T0/><D36/><U51/><AGARI ba="3,1" hai="13,14,15,49,51,57,62,65,86,88,91,93,95,99" machi="51" ten="30,7900,0" yaku="0,1,8,1,52,1,54,1" doraHai="58" who="1" fromWho="1" sc="116,-23,234,98,400,-42,240,-23" /><INIT seed="3,0,0,5,4,107" ten="93,332,358,217" oya="3" hai0="88,126,96,5,77,76,35,61,123,131,55,11,113" hai1="62,118,53,73,4,90,108,112,9,39,17,81,60" hai2="12,51,29,89,30,6,104,50,34,70,31,82,95" hai3="93,121,23,120,105,18,26,1,52,54,8,15,85"/><W64/><G105/><T106/><D123/><U101/><E112/><V2/><F2/><W36/><G36/><T3/><D35/><U122/><E122/><V42/><F104/><W21/><G1/><T13/><D113/><U20/><E39/><V24/><F70/><W67/><G121/><T102/><D126/><U25/><E108/><V133/><F82/><W14/><G120/><T56/><D131/><U116/><E101/><V86/><F133/><W97/><G85/><T66/><D3/><N who="1" m="159" /><E53/><N who="3" m="20586" /><G21/><T109/><D109/><U68/><E68/><V134/><F134/><W71/><G71/><T69/><REACH who="0" step="1"/><D88/><REACH who="0" ten="83,332,358,217" step="2"/><U100/><E90/><V135/><F135/><W99/><G99/><T114/><D114/><U75/><E100/><V127/><F127/><W129/><G129/><T103/><D103/><U57/><E81/><V110/><F110/><W58/><G97/><T74/><D74/><U91/><E91/><V22/><F34/><W45/><G93/><T94/><D94/><U63/><E73/><V128/><F128/><W130/><G130/><T47/><D47/><U111/><E75/><V124/><F124/><W44/><G45/><T46/><D46/><U72/><E72/><V41/><F41/><W32/><G44/><T117/><D117/><U43/><E43/><V98/><F42/><W132/><G132/><T37/><D37/><U65/><E111/><V49/><F98/><W28/><G58/><T33/><D33/><U119/><AGARI ba="0,1" hai="17,20,25,57,60,62,63,65,116,118,119" m="159" machi="119" ten="30,1100,0" yaku="12,1" doraHai="107" who="1" fromWho="1" sc="83,-3,332,21,358,-3,217,-5" /><INIT seed="4,0,0,5,2,98" ten="80,353,355,212" oya="0" hai0="1,82,125,115,135,54,44,80,106,113,111,75,48" hai1="45,57,81,60,52,41,118,37,97,112,24,22,131" hai2="53,68,4,39,42,95,94,15,134,92,102,21,117" hai3="121,85,31,69,8,107,3,108,47,30,50,36,74"/><T70/><D70/><U127/><E118/><V19/><F68/><W29/><G107/><T67/><D1/><U56/><E131/><V38/><F117/><W103/><G69/><T93/><D106/><U77/><E127/><V14/><F134/><W104/><G108/><T13/><D125/><U89/><E112/><N who="0" m="43081" /><D135/><U84/><E57/><V58/><F42/><W7/><G121/><T33/><D33/><U73/><E97/><N who="2" m="59687" /><F39/><W49/><G74/><T86/><D111/><U79/><REACH who="1" step="1"/><E73/><REACH who="1" ten="80,343,355,212" step="2"/><V43/><F38/><W64/><G36/><T76/><D67/><U18/><AGARI ba="0,1" hai="18,22,24,37,41,45,52,56,60,77,79,81,84,89" machi="18" ten="20,8000,1" yaku="1,1,2,1,0,1,7,1,54,1,53,0" doraHai="98" doraHaiUra="62" who="1" fromWho="1" sc="80,-40,343,90,355,-20,212,-20" /><BYE who="0" /><INIT seed="5,0,0,1,5,116" ten="40,433,335,192" oya="1" hai0="126,110,75,7,112,48,125,109,78,11,77,91,130" hai1="66,52,106,43,84,63,15,68,19,32,111,124,61" hai2="51,135,29,121,21,76,105,47,82,117,69,26,128" hai3="81,60,101,90,49,54,57,127,28,80,18,67,97"/><U65/><E106/><UN n0="%42%49%47%42%4F%53%53" /><V134/><F117/><W71/><G127/><N who="0" m="48651" /><D48/><U2/><E124/><V53/><F105/><W13/><G90/><T122/><D11/><U40/><E2/><V108/><F69/><W42/><G28/><T133/><D7/><U104/><E32/><V34/><F108/><N who="0" m="41578" /><D112/><U16/><E111/><V6/><F6/><W89/><G89/><T64/><D64/><U3/><E3/><V79/><F79/><N who="0" m="30218" /><D130/><U33/><E66/><V95/><F128/><W17/><G42/><T98/><D133/><U93/><E40/><V56/><F34/><W100/><G17/><T119/><D75/><U41/><E33/><V38/><F134/><W8/><G100/><T107/><D119/><U22/><E19/><V14/><F135/><W92/><AGARI ba="0,0" hai="8,13,18,49,54,57,60,67,71,80,81,92,97,101" machi="92" ten="20,1500,0" yaku="0,1,7,1" doraHai="116" who="3" fromWho="3" sc="40,-4,433,-7,335,-4,192,15" /><INIT seed="6,0,0,3,3,81" ten="36,426,331,207" oya="2" hai0="40,100,82,93,45,1,37,60,9,101,111,64,5" hai1="13,126,122,88,21,53,55,59,22,3,16,46,71" hai2="115,48,132,76,15,119,75,79,118,61,67,54,129" hai3="74,121,87,26,56,92,0,123,8,24,133,47,65"/><V33/><F33/><W18/><G74/><T19/><D111/><U69/><E3/><V31/><F31/><W27/><G133/><T103/><D19/><U95/><E126/><V11/><F132/><W42/><G0/><T80/><REACH who="0" step="1"/><D93/><REACH who="0" ten="26,426,331,207" step="2"/><U102/><E16/><N who="2" m="8319" /><F118/><W73/><G18/><T130/><D130/><U97/><E95/><V4/><F4/><W12/><G92/><T32/><D32/><U120/><E122/><V90/><F129/><W124/><G123/><T7/><D7/><U30/><E120/><V83/><F119/><W14/><G121/><T2/><D2/><U23/><E30/><V6/><F6/><W63/><G124/><T25/><D25/><U108/><E13/><V112/><F112/><W29/><G26/><T38/><D38/><U41/><E108/><V10/><F115/><W113/><G27/><T39/><D39/><U84/><E22/><V91/><F10/><W106/><G8/><T17/><D17/><U49/><E21/><V43/><F43/><W34/><G113/><T72/><D72/><U44/><E23/><V135/><F135/><W117/><G73/><T20/><D20/><U105/><E41/><V52/><F75/><W36/><G117/><T85/><D85/><U50/><E84/><N who="2" m="48231" /><F79/><W116/><G116/><T86/><D86/><U104/><E104/><V57/><F67/><W94/><G106/><T125/><D125/><U58/><E105/><V35/><F35/><W109/><G109/><T99/><D99/><U70/><E97/><V89/><F54/><W110/><G110/><T62/><D62/><AGARI ba="0,1" hai="48,52,57,61,62,89,90,91" m="48231,8319" machi="62" ten="30,11600,0" yaku="8,1,52,1,54,2" doraHai="81" who="2" fromWho="0" sc="26,-116,426,0,331,126,207,0" owari="-90,-59.0,426,23.0,457,55.0,207,-19.0" /></mjloggm>