<mjloggm ver="2.3"><GO type="169" lobby="0"/><UN n0="%E3%82%A6%E3%83%AB%E3%83%88%E3%83%A9%E7%AB%8B%E7%9B%B4" n1="%E3%80%93%E5%AE%AE%E6%A3%AE%E3%81%82%E3%81%8A%E3%81%84%E3%80%93" n2="%70%6F%6E%5F%6B%61%73%75" n3="%CE%BD%E3%82%AC%E3%83%B3%E3%83%80%E3%83%A0" dan="18,16,17,17" rate="2250.44,2130.20,2154.04,2180.27" sx="M,F,M,M"/><TAIKYOKU oya="0"/><INIT seed="0,0,0,1,5,113" ten="250,250,250,250" oya="0" hai0="126,26,118,102,38,4,127,97,12,0,24,129,46" hai1="15,48,66,90,35,124,53,84,92,71,52,8,125" hai2="34,81,21,33,131,115,42,121,114,106,37,75,13" hai3="45,76,62,130,134,101,116,86,132,68,6,110,59"/><T73/><D73/><U88/><E35/><V51/><F106/><W109/><G86/><T94/><D0/><U99/><E71/><V85/><F75/><W23/><G23/><T133/><D38/><U14/><E66/><V9/><F37/><W5/><G101/><T54/><D46/><U120/><E120/><V107/><F107/><W96/><G96/><T41/><D41/><U65/><E65/><V103/><F103/><W119/><G76/><T87/><D54/><U19/><E15/><V70/><F70/><W50/><G68/><T91/><D129/><U105/><E105/><V93/><F21/><W58/><G130/><T104/><D133/><N who="3" m="51305" /><G5/><T20/><D118/><N who="3" m="45097" /><G6/><T122/><D122/><U77/><E77/><V67/><F85/><W56/><G62/><T22/><D4/><U39/><E99/><V27/><F114/><W123/><G123/><T7/><D7/><U128/><E128/><V17/><F131/><W117/><N who="3" m="45105" /><W89/><DORA hai="1" /><G89/><T31/><REACH who="0" step="1"/><D12/><REACH who="0" ten="240,250,250,250" step="2"/><U112/><E14/><V135/><F13/><W69/><G69/><T49/><D49/><U10/><E48/><V47/><F51/><W60/><G60/><T63/><D63/><U55/><E39/><V32/><F121/><W108/><G59/><T78/><D78/><U11/><E112/><V98/><F115/><W30/><G30/><AGARI ba="0,1" hai="20,22,24,26,30,31,87,91,94,97,102,104,126,127" machi="30" ten="40,7700,0" yaku="1,1,9,1,53,1" doraHai="113,1" doraHaiUra="100,111" who="0" fromWho="3" sc="240,87,250,0,250,0,250,-77" /><INIT seed="0,1,0,4,0,131" ten="327,250,250,173" oya="0" hai0="13,72,71,53,91,107,129,56,49,50,110,89,20" hai1="135,1,31,33,25,104,44,3,115,34,14,117,60" hai2="67,126,97,119,36,61,94,88,75,10,23,99,90" hai3="40,65,28,111,116,78,76,24,26,121,41,58,11"/><T47/><D129/><U127/><E104/><V0/><F36/><W80/><G116/><T48/><D71/><U109/><E60/><V83/><F119/><W18/><G111/><T51/><D72/><U133/><E117/><V19/><F126/><W39/><G121/><T57/><D107/><U30/><E109/><V130/><F130/><W81/><G39/><T103/><D103/><U125/><E115/><V84/><F75/><W32/><G32/><N who="1" m="12394" /><E44/><V16/><F99/><W120/><G120/><T62/><D110/><U8/><E14/><V59/><REACH who="2" step="1"/><F23/><REACH who="2" ten="327,250,240,173" step="2"/><W132/><G76/><T7/><D20/><N who="1" m="15655" /><E31/><V45/><F45/><W42/><G78/><T122/><D122/><U70/><E70/><V9/><F9/><W52/><G11/><N who="0" m="4351" /><D57/><U98/><E98/><V2/><F2/><N who="1" m="521" /><E8/><V118/><F118/><W69/><G58/><T4/><D4/><AGARI ba="1,1" hai="0,4,10,16,19,59,61,67,83,84,88,90,94,97" machi="4" ten="40,5200,0" yaku="1,1,54,2,53,0" doraHai="131" doraHaiUra="96" who="2" fromWho="0" sc="327,-55,250,0,240,65,173,0" /><INIT seed="1,0,0,0,5,19" ten="272,250,305,173" oya="1" hai0="97,32,50,76,25,133,46,128,104,5,129,61,68" hai1="64,48,84,87,108,86,66,40,53,4,89,95,16" hai2="9,96,90,20,85,12,73,94,41,0,122,109,60" hai3="134,126,110,88,131,54,124,30,38,70,49,135,57"/><U62/><E4/><V23/><F109/><W17/><G30/><T130/><D5/><U127/><E127/><N who="3" m="48682" /><G17/><T98/><D76/><U112/><E112/><V27/><F73/><W37/><G88/><T10/><D10/><U101/><E108/><V106/><F27/><W92/><G92/><T78/><D78/><U2/><E2/><V102/><F122/><W35/><G35/><T39/><D39/><N who="3" m="14857" /><G110/><T111/><D111/><U74/><E40/><V100/><F41/><W93/><G93/><T11/><D11/><U1/><E1/><V26/><F26/><W114/><G114/><T115/><D115/><U13/><E62/><V121/><F121/><W80/><G80/><T118/><D61/><U42/><E42/><V82/><F0/><W65/><G131/><T58/><D32/><U63/><E63/><AGARI ba="0,0" hai="49,54,57,63,65,70,134,135" m="14857,48682" machi="63" ten="40,5200,0" yaku="18,1,34,2" doraHai="19" who="3" fromWho="1" sc="272,0,250,-52,305,0,173,52" /><INIT seed="2,0,0,3,2,123" ten="272,198,305,225" oya="2" hai0="2,51,126,92,43,36,38,4,93,45,87,11,82" hai1="1,75,34,129,21,22,31,66,30,80,61,62,134" hai2="113,130,46,57,84,78,72,71,96,94,86,58,105" hai3="5,20,119,69,77,97,54,95,63,121,110,100,13"/><V120/><F120/><W47/><G69/><T65/><D126/><U3/><E75/><V52/><F113/><W60/><G121/><T103/><D65/><U85/><E129/><V67/><F130/><W25/><G119/><T127/><D127/><U108/><E134/><V33/><F33/><W9/><G77/><T27/><D27/><U23/><E34/><V32/><F32/><W8/><G110/><T17/><D17/><U74/><E74/><V117/><F117/><W79/><G79/><T14/><D2/><U116/><E116/><V101/><F71/><W99/><G9/><T6/><D6/><U88/><E108/><V114/><F114/><W115/><G115/><T26/><D26/><U104/><E104/><V122/><F122/><W98/><G63/><T48/><D48/><U49/><E49/><N who="2" m="28727" /><F86/><W102/><G102/><T28/><D28/><U90/><E23/><V29/><F67/><W83/><G83/><T50/><D50/><U59/><E66/><V73/><F29/><W107/><G107/><T125/><D125/><U128/><E128/><V7/><F7/><W0/><G0/><T64/><D64/><U132/><E132/><V41/><F41/><W135/><G135/><T39/><REACH who="0" step="1"/><D103/><REACH who="0" ten="262,198,305,225" step="2"/><U106/><E1/><V133/><F133/><W12/><G12/><T68/><D68/><U56/><E3/><V124/><F124/><W112/><G112/><T91/><AGARI ba="0,1" hai="4,11,14,36,38,39,43,45,51,82,87,91,92,93" machi="91" ten="30,7900,0" yaku="1,1,0,1,53,2" doraHai="123" doraHaiUra="89" who="0" fromWho="0" sc="262,89,198,-20,305,-39,225,-20" /><INIT seed="3,0,0,5,3,42" ten="351,178,266,205" oya="3" hai0="91,55,48,69,108,107,83,71,41,37,40,62,109" hai1="100,16,68,15,72,30,21,101,97,36,132,98,5" hai2="63,35,90,112,14,95,135,3,117,105,2,58,82" hai3="77,81,87,7,126,88,70,6,94,67,124,27,46"/><W120/><G120/><T54/><D107/><U33/><E68/><N who="0" m="26185" /><D91/><U134/><E36/><V25/><F105/><W133/><G70/><T57/><D83/><U93/><E72/><V45/><F117/><W103/><G67/><T29/><D29/><U92/><REACH who="1" step="1"/><E5/><REACH who="1" ten="351,168,266,205" step="2"/><V113/><F112/><W99/><G133/><T111/><D37/><U19/><E19/><V106/><F113/><W49/><G27/><AGARI ba="0,1" hai="15,16,21,27,30,33,92,93,97,98,100,101,132,134" machi="27" ten="40,8000,1" yaku="1,1,9,1,54,1,53,1" doraHai="42" doraHaiUra="17" who="1" fromWho="3" sc="351,0,168,90,266,0,205,-80" /><INIT seed="4,0,0,5,3,134" ten="351,258,266,125" oya="0" hai0="36,68,114,26,75,46,72,108,128,66,104,93,101" hai1="121,37,87,100,30,4,103,15,118,69,49,122,79" hai2="43,99,76,131,92,86,18,132,70,130,55,10,7" hai3="98,105,85,16,40,33,53,71,22,112,9,81,58"/><T95/><D95/><U90/><E37/><V24/><F132/><W123/><G112/><T28/><D93/><U107/><E69/><V23/><F70/><W8/><G123/><T119/><D119/><U78/><E49/><V89/><F43/><W102/><G33/><N who="0" m="20631" /><D114/><U77/><E30/><V3/><F55/><W29/><G29/><T11/><D11/><U84/><E15/><V65/><F65/><W96/><G96/><N who="0" m="61479" /><D128/><N who="2" m="49194" /><F76/><W0/><G71/><T42/><D108/><U133/><E4/><V91/><F86/><N who="1" m="32809" /><E133/><V54/><F54/><W44/><G0/><T61/><AGARI ba="0,0" hai="36,42,46,61,66,68,72,75" m="61479,20631" machi="61" ten="30,6000,0" yaku="25,1,33,2" doraHai="134" who="0" fromWho="0" sc="351,60,258,-20,266,-20,125,-20" /><INIT seed="4,1,0,4,0,122" ten="411,238,246,105" oya="0" hai0="16,29,71,130,92,97,119,5,89,55,19,53,94" hai1="4,101,128,125,100,18,106,132,74,24,52,10,91" hai2="127,129,98,104,80,85,13,14,110,31,75,105,51" hai3="44,116,117,84,2,59,28,25,12,113,103,47,123"/><T9/><D71/><U135/><E74/><V66/><F75/><W60/><G2/><T76/><D119/><U102/><E106/><V65/><F129/><W33/><G113/><T115/><D115/><U35/><E128/><V77/><F127/><W63/><G123/><T8/><D76/><U54/><E125/><V40/><F31/><W90/><G117/><T11/><D5/><U126/><E126/><V0/><F0/><W111/><G116/><T45/><D130/><U56/><E91/><V133/><F133/><N who="1" m="51273" /><E56/><V73/><F73/><W67/><G103/><T42/><D29/><N who="1" m="19879" /><E18/><V82/><F82/><W64/><G12/><AGARI ba="1,0" hai="4,10,12,52,54,100,101,102" m="19879,51273" machi="12" ten="30,2000,0" yaku="20,1,54,1" doraHai="122" who="1" fromWho="3" sc="411,0,238,23,246,0,105,-23" /><INIT seed="5,0,0,3,4,32" ten="411,261,246,82" oya="1" hai0="133,85,129,19,89,83,86,57,69,72,135,95,120" hai1="55,77,87,28,22,17,2,56,12,90,109,107,106" hai2="105,8,13,33,79,111,67,43,91,102,18,104,54" hai3="58,15,36,74,3,1,60,103,26,119,61,73,10"/><U16/><E109/><V125/><F125/><W122/><G122/><T14/><D69/><U47/><E77/><V117/><F117/><W62/><G119/><T44/><D72/><U20/><E47/><V27/><F111/><W93/><G36/><T130/><D57/><U24/><E28/><V7/><F54/><W134/><G134/><N who="0" m="51211" /><D120/><U118/><E2/><V75/><F91/><W31/><G74/><T128/><D44/><U92/><REACH who="1" step="1"/><E118/><REACH who="1" ten="411,251,246,82" step="2"/><V131/><F79/><W42/><G73/><T123/><D123/><U80/><E80/><V68/><F75/><W116/><G116/><T30/><D30/><U70/><E70/><V84/><F68/><W21/><G42/><T23/><D130/><U6/><E6/><V38/><F7/><W64/><G1/><T99/><D129/><U76/><E76/><V40/><F40/><W53/><G3/><T127/><D128/><U35/><E35/><V4/><F33/><W98/><G53/><T88/><D127/><U108/><E108/><V112/><F4/><AGARI ba="0,1" hai="4,10,15,21,26,31,58,60,61,62,64,93,98,103" machi="4" ten="30,7700,0" yaku="7,1,25,2,8,1" doraHai="32" who="3" fromWho="2" sc="411,0,251,0,246,-77,82,87" /><INIT seed="6,0,0,2,0,95" ten="411,251,169,169" oya="2" hai0="133,38,54,0,42,23,9,60,93,135,31,99,30" hai1="67,69,87,58,71,75,7,106,29,112,105,74,56" hai2="92,123,107,84,16,100,20,61,14,85,37,80,22" hai3="116,120,49,11,119,89,44,41,59,108,68,134,122"/><V114/><F114/><W88/><G68/><T53/><D42/><U130/><E7/><V63/><F123/><N who="3" m="47147" /><G11/><T34/><D38/><U55/><E87/><N who="2" m="33355" /><F37/><W13/><G13/><T21/><D9/><U5/><E5/><V12/><F80/><W28/><G28/><T32/><D93/><U8/><E75/><V76/><F76/><W77/><G77/><T97/><D60/><N who="2" m="23114" /><F107/><W82/><G82/><T103/><D103/><U124/><E74/><V40/><F40/><W94/><G94/><T101/><D101/><U127/><E105/><V72/><F72/><W57/><G88/><T17/><D17/><U4/><E106/><V86/><F12/><W118/><G89/><T78/><D78/><U35/><E71/><V121/><F121/><W33/><G33/><T24/><D24/><U98/><E35/><V104/><F104/><W45/><G108/><T18/><D18/><U51/><E69/><V126/><F126/><W90/><G90/><T131/><D0/><U73/><E73/><V52/><N who="2" m="33363" /><V79/><DORA hai="25" /><F79/><W111/><G111/><T64/><D34/><U39/><E39/><V70/><F70/><W50/><G134/><T81/><D32/><U46/><E124/><V117/><F117/><W47/><G41/><T48/><D81/><U83/><E127/><V110/><F110/><W19/><G19/><T62/><D135/><U125/><E125/><V26/><F92/><W129/><G129/><T128/><D133/><U15/><E130/><V113/><F100/><W109/><G109/><T115/><D131/><U66/><E83/><V65/><F14/><RYUUKYOKU ba="0,0" sc="411,-10,251,-10,169,-10,169,30" hai3="44,45,47,49,50,57,59,116,118,119" /><INIT seed="7,1,0,5,5,61" ten="401,241,159,199" oya="3" hai0="65,106,48,117,53,124,70,73,112,10,125,88,29" hai1="40,68,49,45,114,26,39,87,23,101,119,7,52" hai2="3,47,32,111,79,133,24,135,20,11,28,9,21" hai3="0,57,80,81,110,60,19,92,54,55,33,50,127"/><W44/><G0/><T37/><D37/><U2/><E68/><V99/><F79/><W76/><G33/><T83/><D106/><U95/><E114/><V31/><F99/><W74/><G127/><T132/><D117/><U120/><E120/><V86/><F86/><W4/><G4/><T91/><D29/><U129/><E119/><V85/><F85/><W14/><G81/><T96/><D96/><U134/><E134/><N who="2" m="51211" /><F47/><W69/><G69/><T18/><D18/><U46/><E129/><V59/><F59/><W8/><REACH who="3" step="1"/><G110/><REACH who="3" ten="401,241,159,189" step="2"/><T43/><D70/><U113/><E2/><V90/><F111/><W34/><G34/><T105/><D83/><U75/><E7/><N who="2" m="1279" /><F90/><W123/><G123/><T36/><D88/><U97/><E75/><V122/><F122/><W102/><G102/><T116/><D91/><U109/><E109/><V25/><F11/><W77/><G77/><T107/><D10/><U118/><E118/><V89/><F89/><W16/><G16/><T103/><D73/><U56/><E87/><V12/><F12/><W72/><G72/><T17/><D17/><U30/><E101/><V98/><F98/><W41/><G41/><T78/><D116/><U62/><E97/><V84/><F84/><W63/><G63/><T35/><D35/><AGARI ba="1,1" hai="20,21,24,25,28,31,32,35" m="1279,51211" machi="35" ten="30,3900,0" yaku="20,1,34,2" doraHai="61" who="2" fromWho="0" sc="401,-42,241,0,159,52,189,0" owari="359,46.0,241,4.0,211,-19.0,189,-31.0" /></mjloggm>