<mjloggm ver="2.3"><GO type="169" lobby="0"/><UN n0="%E5%A4%A7%E5%92%8C%E7%94%B0%E9%A0%AD%E5%8F%96" n1="%E3%81%AF%E3%81%92%E3%81%97%E3%81%8F%E3%82%A6%E3%83%84" n2="%E3%80%93%E5%AE%AE%E6%A3%AE%E3%81%82%E3%81%8A%E3%81%84%E3%80%93" n3="%E3%83%88%E3%83%88%E3%83%AA%E5%85%88%E7%94%9F%31%39%E6%AD%B3" dan="17,16,16,19" rate="2130.27,2096.94,2188.95,2356.92" sx="M,M,F,F"/><TAIKYOKU oya="0"/><INIT seed="0,0,0,2,5,89" ten="250,250,250,250" oya="0" hai0="64,76,132,29,52,95,8,113,110,119,124,5,54" hai1="104,80,24,101,42,120,118,105,57,83,40,6,78" hai2="72,92,37,131,68,135,13,130,14,87,99,45,44" hai3="21,49,84,51,108,17,11,117,9,69,23,128,97"/><T43/><D113/><U12/><E118/><V3/><F3/><W82/><G69/><T56/><D119/><U63/><E24/><V127/><F72/><W19/><G117/><T58/><D124/><U94/><E83/><V38/><F68/><W7/><G108/><T30/><D110/><U111/><E105/><V122/><F87/><W93/><G128/><T2/><D132/><U79/><E104/><V86/><F86/><W46/><G21/><T34/><D43/><U90/><E101/><V74/><F74/><W36/><G36/><T18/><D76/><N who="1" m="29227" /><E80/><V1/><F1/><W25/><G19/><T85/><D64/><N who="1" m="39023" /><E120/><V114/><F122/><W121/><G121/><T134/><D134/><U66/><E66/><V129/><F135/><W33/><G33/><T102/><D34/><U123/><E123/><V59/><F127/><W10/><G84/><T81/><D81/><U71/><E71/><V53/><F114/><W125/><G82/><T115/><D115/><U31/><E31/><V50/><F38/><W61/><G61/><T47/><D29/><U15/><E15/><N who="2" m="5643" /><F37/><W103/><G125/><T109/><D109/><U62/><E111/><V4/><F4/><W126/><G126/><T116/><D30/><U27/><E6/><V39/><F39/><W98/><G7/><T28/><D5/><U70/><E70/><V20/><F20/><W22/><G22/><T55/><D2/><U75/><E75/><V16/><F16/><W91/><REACH who="3" step="1"/><G46/><REACH who="3" ten="250,250,250,240" step="2"/><T112/><D47/><U88/><E27/><V67/><F44/><W60/><G60/><T73/><D116/><RYUUKYOKU ba="0,1" sc="250,-10,250,-10,250,-10,240,30" hai3="9,10,11,17,23,25,49,51,91,93,97,98,103" /><INIT seed="1,1,1,1,0,28" ten="240,240,240,270" oya="1" hai0="127,129,86,60,36,46,39,49,40,25,91,109,32" hai1="68,20,75,92,47,2,72,23,76,130,30,97,13" hai2="71,16,64,15,10,110,51,62,82,113,121,12,77" hai3="74,128,101,33,7,67,89,38,108,87,125,83,78"/><U122/><E2/><V124/><F121/><W102/><G38/><T126/><D109/><U44/><E68/><V24/><F110/><W48/><G108/><T37/><D129/><U55/><E76/><V103/><F124/><N who="0" m="47658" /><D60/><U57/><E130/><V35/><F113/><W43/><G125/><T88/><D86/><U98/><E122/><V50/><F103/><W21/><G33/><T114/><D114/><U34/><E34/><V66/><F66/><W56/><G128/><T70/><D70/><U99/><E75/><V135/><F15/><W3/><G21/><N who="1" m="8266" /><E72/><V61/><F61/><W111/><G111/><T59/><D59/><U17/><E30/><AGARI ba="1,1" hai="25,30,32,36,37,39,40,46,49,88,91" m="47658" machi="30" ten="40,5200,0" yaku="18,1,52,1,54,1" doraHai="28" who="0" fromWho="1" sc="240,65,240,-55,240,0,270,0" /><INIT seed="2,0,0,0,5,124" ten="305,185,240,270" oya="2" hai0="16,55,40,93,88,97,115,5,22,133,13,7,65" hai1="50,89,8,19,102,36,48,79,57,98,25,11,17" hai2="39,72,73,128,41,18,45,56,94,44,87,121,32" hai3="103,42,3,66,74,105,123,81,85,60,131,33,134"/><V51/><F121/><W4/><G123/><T15/><D115/><U64/><E36/><V6/><F32/><W118/><G118/><T30/><D133/><U37/><E37/><V34/><F34/><W46/><G33/><T126/><D126/><U59/><E79/><V116/><F116/><W130/><G134/><T68/><D40/><U35/><E89/><V63/><F6/><W92/><G105/><T2/><D2/><U83/><E83/><V12/><F128/><N who="3" m="49195" /><G74/><T84/><D30/><U28/><E28/><V100/><F72/><W54/><G54/><T80/><D55/><U31/><E64/><V95/><F73/><W14/><G3/><T110/><D110/><U77/><E31/><V1/><F1/><W78/><G103/><T58/><D68/><U106/><E35/><V52/><F100/><W125/><G92/><T119/><D119/><U82/><E102/><V107/><F107/><W120/><G125/><T135/><D135/><U67/><E106/><V61/><F94/><W29/><G29/><T10/><D93/><U86/><E67/><V109/><F109/><W96/><G96/><T49/><D97/><U104/><E98/><V75/><F75/><W26/><G26/><T20/><D65/><U47/><E104/><V62/><F95/><W108/><G108/><T90/><D15/><N who="1" m="7399" /><E25/><V132/><F132/><W53/><G120/><T21/><D84/><U0/><E0/><V71/><F87/><W122/><G122/><T70/><D13/><N who="1" m="7615" /><E86/><V112/><F12/><W38/><G85/><T9/><D80/><U114/><E82/><V27/><F27/><RYUUKYOKU ba="0,0" sc="305,0,185,0,240,0,270,0" /><INIT seed="3,1,0,0,1,18" ten="305,185,240,270" oya="3" hai0="73,89,24,91,129,66,36,41,30,126,97,82,54" hai1="98,17,43,85,104,7,80,62,9,37,77,35,64" hai2="38,105,100,13,46,128,133,50,14,115,90,119,127" hai3="70,8,84,95,125,49,52,58,108,132,67,111,42"/><W26/><G132/><T120/><D120/><U92/><E104/><V21/><F115/><W15/><G125/><T19/><D126/><U44/><E35/><V34/><F34/><W23/><G42/><T118/><D118/><U99/><E17/><V117/><F127/><W31/><G70/><T65/><D129/><U51/><E37/><V10/><F38/><W121/><G121/><T112/><D19/><U0/><REACH who="1" step="1"/><E92/><REACH who="1" ten="305,175,240,270" step="2"/><V83/><F105/><W57/><G111/><T110/><D36/><U4/><E4/><V16/><F128/><W25/><G108/><T78/><D110/><U28/><E28/><V113/><F113/><W134/><G134/><T96/><D30/><U27/><E27/><V79/><F133/><W39/><G39/><T109/><D24/><U76/><E76/><V130/><F130/><W48/><G26/><T68/><D109/><U102/><E102/><V103/><F117/><W45/><G95/><T81/><D78/><U29/><E29/><V40/><F119/><W87/><G67/><T55/><D112/><U135/><E135/><V72/><F90/><W6/><REACH who="3" step="1"/><G58/><AGARI ba="1,1" hai="0,7,9,43,44,51,58,62,64,77,80,85,98,99" machi="58" ten="30,3900,0" yaku="1,1,7,1,53,1" doraHai="18" doraHaiUra="47" who="1" fromWho="3" sc="305,0,175,52,240,0,270,-42" /><INIT seed="4,0,0,0,3,37" ten="305,227,240,228" oya="0" hai0="77,121,113,98,0,82,110,61,109,22,76,27,47" hai1="79,57,118,28,17,63,66,45,52,81,36,111,65" hai2="128,39,105,89,92,127,102,42,129,117,26,70,75" hai3="29,62,87,10,85,2,133,40,9,94,96,119,24"/><T25/><D121/><U12/><E28/><V78/><F70/><W49/><G119/><T104/><D0/><U116/><E111/><V83/><F26/><W33/><G133/><T35/><D113/><U134/><E134/><V103/><F117/><W43/><G62/><T101/><D35/><U88/><E66/><V69/><F69/><W53/><G85/><T135/><D135/><U125/><E125/><V60/><F60/><W48/><G87/><T80/><D61/><U64/><E64/><V11/><F11/><W68/><G68/><T1/><D1/><U95/><E65/><V20/><F20/><N who="3" m="15495" /><G2/><T120/><D120/><U97/><E45/><N who="2" m="23775" /><F127/><W100/><G33/><T38/><D80/><U23/><REACH who="1" step="1"/><E36/><REACH who="1" ten="305,217,240,228" step="2"/><V55/><F128/><W7/><G7/><T6/><D6/><U18/><E18/><V84/><F129/><W130/><G130/><T67/><D67/><U46/><E46/><V56/><F56/><N who="3" m="32807" /><G43/><T108/><D38/><U41/><E41/><V131/><F131/><W4/><G4/><T58/><D108/><U21/><E21/><V90/><F55/><W59/><G59/><T74/><D58/><U30/><E30/><V13/><F78/><W5/><G5/><T16/><D76/><U31/><E31/><V14/><F14/><W112/><G112/><T32/><D47/><AGARI ba="0,1" hai="9,10,40,47,49,94,96,100" m="32807,15495" machi="47" ten="30,2000,0" yaku="8,1,52,1" doraHai="37" who="3" fromWho="0" sc="305,-20,217,0,240,0,228,30" /><INIT seed="5,0,0,4,1,81" ten="285,217,240,258" oya="1" hai0="31,14,23,111,63,66,80,77,134,24,49,75,41" hai1="33,0,15,34,21,94,108,10,11,119,76,92,28" hai2="44,6,112,74,113,110,64,52,88,16,47,58,36" hai3="135,43,121,86,68,130,39,128,2,89,67,42,9"/><U46/><E119/><V51/><F74/><W8/><G121/><T30/><D111/><U78/><E108/><V133/><F110/><W101/><G135/><T127/><D134/><U114/><E114/><N who="2" m="44139" /><F133/><W5/><G101/><T70/><D127/><U45/><E15/><V100/><F6/><N who="3" m="1111" /><G67/><T17/><D41/><U90/><E21/><V72/><F72/><W19/><G68/><T105/><D105/><U124/><E28/><V55/><F100/><W4/><G19/><T117/><D49/><U50/><E50/><N who="2" m="30999" /><F64/><W1/><G39/><T62/><D117/><U98/><E0/><V61/><F61/><W71/><G5/><T87/><D62/><U115/><E115/><V83/><F16/><W122/><G71/><T103/><D103/><U95/><E33/><V26/><F26/><W3/><G3/><T120/><D120/><U84/><E34/><V22/><F22/><W57/><G57/><T48/><D75/><U54/><E124/><V65/><F65/><W25/><G25/><T59/><D24/><U13/><E45/><N who="2" m="28143" /><F36/><W106/><G122/><T37/><D37/><U79/><E11/><V85/><AGARI ba="0,0" hai="44,47,83,85,88" m="28143,30999,44139" machi="85" ten="30,8000,1" yaku="15,1,11,1,52,1,54,2" doraHai="81" who="2" fromWho="2" sc="285,-20,217,-40,240,80,258,-20" /><INIT seed="6,0,0,3,4,41" ten="265,177,320,238" oya="2" hai0="0,16,71,83,24,98,19,54,104,14,63,122,89" hai1="131,47,101,77,11,91,75,15,8,17,23,33,90" hai2="135,127,45,4,67,74,56,109,27,134,102,58,121" hai3="115,53,57,25,32,80,106,61,72,18,110,111,50"/><V66/><F74/><W103/><G115/><T96/><D0/><U6/><E33/><V10/><F102/><W84/><G72/><T64/><D122/><U13/><E101/><V88/><F121/><W62/><G62/><T38/><D38/><U107/><E107/><V60/><F127/><W7/><G7/><T49/><D104/><U29/><E29/><V39/><F27/><W69/><G69/><T22/><D89/><U35/><E35/><V78/><F78/><W92/><G106/><T30/><D83/><U93/><E131/><V126/><F126/><W112/><G112/><T76/><D76/><U34/><E34/><V97/><F109/><W108/><G18/><T26/><D19/><U28/><E23/><V1/><F58/><W5/><G5/><T86/><D86/><U9/><E9/><V42/><REACH who="2" step="1"/><F67/><REACH who="2" ten="265,177,310,238" step="2"/><N who="3" m="39343" /><G25/><T119/><D26/><U3/><E75/><V79/><F79/><N who="3" m="46111" /><G108/><T130/><D130/><U129/><E129/><V120/><F120/><W105/><G105/><T51/><D24/><U20/><E77/><V2/><F2/><W99/><G32/><T52/><D30/><U40/><E28/><V68/><F68/><W123/><G123/><T81/><D71/><U46/><E3/><V65/><F65/><W12/><G12/><T128/><D64/><U70/><E70/><V87/><F87/><W133/><G133/><T55/><D14/><U44/><E13/><V31/><F31/><W43/><G110/><T21/><D128/><U82/><E15/><V37/><F37/><W73/><G111/><T132/><D132/><U125/><E125/><RYUUKYOKU ba="0,1" sc="265,-10,177,-10,310,30,238,-10" hai2="1,4,10,39,42,45,56,60,66,88,97,134,135" /><INIT seed="6,1,1,1,0,64" ten="255,167,340,228" oya="2" hai0="31,41,4,42,56,99,21,61,135,103,65,28,48" hai1="114,43,84,89,54,96,30,69,29,112,19,131,5" hai2="70,125,134,2,36,17,15,23,27,67,133,51,97" hai3="6,85,83,52,10,7,18,40,128,104,124,71,102"/><V74/><F36/><W16/><G71/><T95/><D135/><U0/><E43/><N who="0" m="16393" /><D48/><U26/><E131/><V98/><F2/><W111/><G111/><T129/><D129/><U92/><E69/><V38/><F38/><W123/><G123/><T107/><D107/><U80/><E0/><V24/><F74/><W109/><G109/><T122/><D122/><U115/><E5/><N who="3" m="1546" /><G104/><T87/><D4/><U33/><E54/><V50/><F125/><W34/><G34/><T59/><D59/><U45/><E45/><V94/><F51/><W108/><G124/><T121/><D121/><U127/><E127/><V106/><F106/><W47/><G40/><T93/><D21/><U130/><E130/><V73/><F73/><W44/><G108/><T82/><D93/><U78/><REACH who="1" step="1"/><E33/><REACH who="1" ten="255,157,340,228" step="2"/><V11/><F70/><W55/><G128/><T91/><AGARI ba="1,2" hai="28,31,56,61,65,82,87,91,95,99,103" m="16393" machi="91" ten="30,1100,0" yaku="8,1" doraHai="64" who="0" fromWho="0" sc="255,34,157,-4,340,-6,228,-4" /><INIT seed="7,0,0,3,4,29" ten="289,153,334,224" oya="3" hai0="43,1,72,28,57,11,116,100,24,50,124,53,21" hai1="75,14,118,37,47,15,51,88,60,67,66,131,70" hai2="82,90,111,45,80,109,5,63,7,22,93,40,84" hai3="89,76,123,74,86,16,99,98,32,69,79,44,130"/><W31/><G123/><T39/><D116/><U4/><E75/><V113/><F113/><W30/><G69/><T97/><D72/><U135/><E118/><V105/><F105/><W8/><G130/><T129/><D124/><U127/><E127/><V10/><F63/><W121/><G121/><T62/><D39/><U34/><E131/><V117/><F117/><W134/><G134/><T101/><D101/><U102/><E102/><V114/><F22/><W41/><G74/><T103/><D103/><U87/><E37/><V132/><F7/><W18/><G32/><T91/><D91/><U19/><E135/><V106/><F106/><W112/><G112/><T20/><D11/><U81/><E66/><V120/><F120/><W38/><G31/><T42/><D1/><U12/><E4/><V78/><F82/><W126/><G30/><T56/><D20/><U27/><E27/><V95/><F95/><W77/><G126/><T133/><D133/><U125/><E125/><V107/><F107/><W0/><G0/><T36/><D36/><U17/><REACH who="1" step="1"/><E34/><REACH who="1" ten="289,143,334,224" step="2"/><V85/><F132/><W49/><G38/><T25/><D25/><U65/><E65/><V119/><F119/><W13/><G18/><T68/><D129/><U92/><E92/><AGARI ba="0,1" hai="8,13,16,41,44,49,76,77,79,86,89,92,98,99" machi="92" ten="40,3900,0" yaku="8,1,54,1" doraHai="29" who="3" fromWho="1" sc="289,0,143,-39,334,0,224,49" /><INIT seed="7,1,0,3,2,10" ten="289,104,334,273" oya="3" hai0="28,115,71,24,119,88,83,103,101,38,61,85,132" hai1="1,60,5,46,11,111,32,118,35,57,27,128,29" hai2="13,77,80,44,65,107,36,113,91,47,2,127,97" hai3="90,124,40,134,64,131,0,126,15,98,8,94,74"/><W70/><G74/><T130/><D119/><U69/><E57/><V78/><F2/><W112/><G0/><T100/><D38/><U67/><E118/><V3/><F3/><W106/><G112/><T122/><D122/><U42/><E128/><V54/><F113/><W48/><G131/><T51/><D130/><U121/><E121/><V39/><F65/><W117/><G117/><T45/><D115/><U19/><E19/><V84/><F127/><N who="3" m="48683" /><G134/><T22/><D132/><U105/><E111/><V73/><F78/><W50/><G40/><T104/><D71/><U116/><E116/><V79/><F79/><W89/><G89/><T86/><D61/><U12/><E12/><V21/><F54/><W16/><G106/><T123/><D123/><U76/><E76/><V9/><F39/><W66/><G66/><T62/><D62/><AGARI ba="1,0" hai="8,15,16,48,50,62,64,70,90,94,98" m="48683" machi="62" ten="30,5800,0" yaku="18,1,52,1,54,1" doraHai="10" who="3" fromWho="0" sc="289,-61,104,0,334,0,273,61" /><INIT seed="7,2,0,4,3,58" ten="228,104,334,334" oya="3" hai0="104,97,86,112,99,14,90,55,34,25,3,13,2" hai1="121,8,109,108,19,33,82,17,11,37,39,74,133" hai2="70,27,65,29,67,134,80,94,47,123,120,107,95" hai3="114,7,115,38,125,71,35,23,16,84,63,79,75"/><W31/><G38/><T1/><D104/><U30/><E82/><V22/><F107/><W50/><G75/><T54/><D34/><U49/><E49/><V9/><F9/><W132/><G132/><T91/><D25/><U52/><E74/><V83/><F134/><W89/><G79/><T68/><D68/><U66/><E66/><N who="2" m="25099" /><F70/><W15/><G125/><T60/><D1/><U116/><E133/><V119/><F119/><W118/><G118/><T105/><D105/><U61/><E116/><V111/><F111/><W32/><G71/><T56/><D56/><U12/><E33/><V128/><F128/><W59/><G7/><T87/><D112/><N who="3" m="43049" /><G31/><T45/><D45/><U98/><E30/><V20/><F47/><W106/><G50/><T96/><D96/><U57/><E98/><V110/><F110/><W69/><G69/><T135/><D135/><U130/><E130/><V28/><F120/><W100/><G100/><T51/><D51/><U78/><E121/><V101/><F123/><W85/><G85/><T88/><D90/><U92/><E78/><V4/><F4/><W53/><G106/><T62/><AGARI ba="2,0" hai="2,3,13,14,54,55,60,62,86,87,88,91,97,99" machi="62" ten="25,12000,2" yaku="0,1,22,2,52,2,54,1" doraHai="58" who="0" fromWho="0" sc="228,126,104,-32,334,-32,334,-62" owari="354,46.0,72,-43.0,302,10.0,272,-13.0" /></mjloggm>