<mjloggm ver="2.3"><GO type="169" lobby="0"/><UN n0="%E3%83%A9%E3%83%83%E3%82%AD%E3%83%BC%E3%83%89%E3%83%83%E3%82%B0" n1="%E3%83%88%E3%83%88%E3%83%AA%E5%85%88%E7%94%9F%31%39%E6%AD%B3" n2="%E3%81%B4%E3%83%BC%E3%81%8A%E3%81%8B" n3="%E3%81%8B%E3%82%93%E3%82%8D" dan="17,19,17,17" rate="2150.53,2269.51,2159.87,2230.36" sx="F,F,M,F"/><TAIKYOKU oya="0"/><INIT seed="0,0,0,2,5,46" ten="250,250,250,250" oya="0" hai0="1,62,78,89,120,2,25,15,22,76,41,135,39" hai1="67,53,133,23,50,130,131,17,123,60,99,13,121" hai2="27,29,110,40,107,128,21,96,0,10,80,30,70" hai3="4,52,124,102,34,77,111,127,37,20,88,117,5"/><T3/><D120/><U28/><E133/><V48/><F70/><W7/><G37/><T94/><D135/><U98/><E28/><V68/><F68/><W87/><G34/><T31/><D62/><U47/><E121/><V105/><F110/><W103/><G111/><T35/><D35/><U92/><E123/><V129/><F30/><W73/><G117/><T11/><D41/><U42/><E42/><V132/><F80/><W116/><G116/><T86/><REACH who="0" step="1"/><D39/><REACH who="0" ten="240,250,250,250" step="2"/><U69/><REACH who="1" step="1"/><E99/><REACH who="1" ten="240,240,250,250" step="2"/><V79/><F96/><W56/><G127/><T85/><D85/><U16/><E16/><AGARI ba="0,2" hai="1,2,3,11,15,16,22,25,31,76,78,86,89,94" machi="16" ten="40,7700,0" yaku="1,1,54,1,53,1" doraHai="46" doraHaiUra="84" who="0" fromWho="1" sc="240,97,240,-77,250,0,250,0" /><INIT seed="0,1,0,3,4,34" ten="337,163,250,250" oya="0" hai0="29,56,124,104,45,43,51,42,5,33,15,2,68" hai1="59,94,74,85,20,28,114,0,106,89,133,119,125" hai2="79,122,129,57,76,63,21,73,107,112,117,97,116" hai3="100,11,47,44,30,32,66,67,27,98,81,75,71"/><T115/><D68/><U69/><E119/><V23/><F122/><W52/><G11/><T103/><D115/><U1/><E69/><V95/><F112/><W13/><G13/><T3/><D124/><U10/><E114/><V92/><F129/><W31/><G31/><T64/><D43/><U72/><E106/><V84/><F84/><W54/><G47/><T50/><D103/><U123/><E123/><V102/><F73/><W65/><G44/><T53/><D104/><U41/><E125/><V39/><F107/><W60/><G66/><T61/><D29/><U8/><E41/><V35/><F102/><W12/><G12/><T126/><D33/><U4/><E133/><V128/><F128/><W87/><G75/><T120/><D120/><U108/><E108/><V18/><F18/><W55/><G67/><T130/><D130/><U26/><E59/><V90/><F57/><W131/><G131/><T48/><D126/><U105/><E105/><V111/><F63/><W7/><G7/><AGARI ba="1,0" hai="0,1,4,7,8,10,20,26,28,72,74,85,89,94" machi="7" ten="40,5200,0" yaku="9,1,52,2" doraHai="34" who="1" fromWho="3" sc="337,0,163,55,250,0,250,-55" /><INIT seed="1,0,0,0,1,46" ten="337,218,250,195" oya="1" hai0="129,10,116,14,72,121,24,23,2,92,78,22,35" hai1="74,49,52,86,65,82,30,6,66,84,132,57,44" hai2="98,122,94,28,69,38,53,88,1,51,9,18,60" hai3="37,97,106,34,39,29,125,21,128,131,41,4,59"/><U119/><E119/><V55/><F38/><W70/><G21/><T134/><D92/><U105/><E105/><V42/><F122/><W89/><G89/><T13/><D78/><U112/><E112/><V0/><F28/><W26/><G4/><N who="0" m="1303" /><D72/><U123/><E123/><V17/><F42/><W127/><G59/><T113/><D121/><U33/><E74/><V124/><F124/><N who="3" m="47691" /><G70/><T117/><D113/><U91/><E132/><V114/><F114/><W50/><G50/><T96/><D96/><U36/><E6/><V3/><F9/><W15/><G15/><N who="0" m="5643" /><D134/><U40/><E30/><V45/><REACH who="2" step="1"/><F53/><REACH who="2" ten="337,218,240,195" step="2"/><W99/><G39/><T110/><D116/><U104/><E33/><V8/><F8/><W76/><G41/><T130/><D117/><U135/><E135/><V79/><F79/><W63/><G76/><T47/><D110/><U62/><E104/><V100/><F100/><W67/><G37/><T61/><D35/><U64/><REACH who="1" step="1"/><E86/><REACH who="1" ten="337,208,240,195" step="2"/><V115/><F115/><W58/><G106/><T133/><D133/><U54/><E54/><V20/><F20/><W81/><G99/><T103/><D22/><U48/><AGARI ba="0,2" hai="36,40,44,48,49,52,57,62,64,65,66,82,84,91" machi="48" ten="30,18000,2" yaku="1,1,0,1,52,2,54,1,53,1" doraHai="46" doraHaiUra="56" who="1" fromWho="1" sc="337,-60,208,200,240,-60,195,-60" /><INIT seed="1,1,0,5,1,74" ten="277,408,180,135" oya="1" hai0="68,113,6,110,4,34,75,88,115,50,119,86,5" hai1="40,26,103,18,125,108,60,84,131,109,23,89,114" hai2="39,128,69,94,7,61,35,8,43,99,122,0,30" hai3="130,27,22,36,49,78,29,135,13,28,96,132,82"/><U117/><E114/><V25/><F122/><W133/><G36/><T67/><D68/><U46/><E117/><V10/><F128/><W51/><G130/><T52/><D75/><U73/><E131/><V37/><F8/><W9/><G29/><T65/><D34/><U107/><E73/><V127/><F127/><W47/><G96/><T121/><D110/><N who="1" m="42603" /><E125/><V97/><F97/><W90/><G90/><T79/><D79/><U55/><E60/><V54/><F43/><W70/><G70/><T106/><D106/><U42/><E103/><V105/><F54/><W31/><G31/><T66/><D119/><U57/><E46/><V80/><F80/><W120/><G120/><T92/><REACH who="0" step="1"/><D121/><REACH who="0" ten="267,408,180,135" step="2"/><U41/><E107/><V72/><F72/><N who="3" m="43335" /><G47/><AGARI ba="1,1" hai="4,5,6,47,50,52,65,66,67,86,88,92,113,115" machi="47" ten="40,5200,0" yaku="1,1,54,2,53,0" doraHai="74" doraHaiUra="100" who="0" fromWho="3" sc="267,65,408,0,180,0,135,-55" /><INIT seed="2,0,0,4,3,93" ten="332,408,180,80" oya="2" hai0="29,48,102,37,8,125,26,91,43,61,1,4,124" hai1="78,67,87,46,59,113,16,131,89,19,96,12,35" hai2="20,40,76,30,77,15,6,7,80,70,121,2,92" hai3="44,13,127,57,132,98,86,119,94,3,54,50,72"/><V128/><F121/><W99/><G3/><T84/><D102/><U41/><E113/><V52/><F70/><W60/><G72/><T108/><D108/><U105/><E35/><V17/><F128/><W39/><G119/><T53/><D61/><N who="1" m="38335" /><E105/><V58/><F40/><W133/><G39/><T81/><D43/><U115/><E115/><V112/><F112/><W31/><G31/><T107/><D37/><U47/><E131/><V90/><F30/><W101/><G127/><T100/><D100/><U122/><E122/><V45/><F45/><W85/><G13/><T64/><D64/><U51/><E47/><V95/><F95/><W10/><G10/><T134/><D107/><U21/><E78/><N who="2" m="30315" /><F80/><W106/><G133/><T62/><D62/><U25/><E87/><N who="2" m="52319" /><F2/><W73/><G132/><T114/><D114/><U130/><E89/><V129/><F129/><W75/><G75/><T56/><REACH who="0" step="1"/><D134/><REACH who="0" ten="322,408,180,80" step="2"/><U79/><E130/><V97/><F97/><W116/><G73/><T103/><D103/><U65/><E65/><V38/><F38/><W88/><REACH who="3" step="1"/><G116/><REACH who="3" ten="322,408,180,70" step="2"/><T111/><D111/><U11/><E41/><AGARI ba="0,2" hai="41,44,50,54,57,60,85,86,88,94,98,99,101,106" machi="41" ten="30,12000,2" yaku="1,1,2,1,7,1,52,2,54,1,53,0" doraHai="93" doraHaiUra="117" who="3" fromWho="1" sc="322,0,408,-120,180,0,70,140" /><INIT seed="3,0,0,1,0,28" ten="322,288,180,210" oya="3" hai0="87,75,59,18,120,60,30,100,92,107,86,33,83" hai1="134,66,65,15,38,122,88,44,50,54,37,64,72" hai2="91,98,106,69,21,20,117,125,121,16,52,3,26" hai3="47,131,62,95,67,0,77,76,34,103,57,96,73"/><W97/><G0/><T13/><D120/><U55/><E72/><V102/><F121/><W68/><G131/><T56/><D107/><U25/><E122/><V10/><F117/><W36/><G73/><T19/><D75/><U17/><E134/><V80/><F125/><W135/><G135/><T93/><D30/><U23/><E38/><V74/><F69/><W4/><G4/><T29/><D29/><U114/><E37/><V108/><F108/><W1/><G1/><T90/><D33/><U70/><E114/><V24/><F52/><W109/><G109/><T58/><D60/><U63/><E55/><V119/><F119/><W9/><G9/><T133/><D133/><U94/><REACH who="1" step="1"/><E25/><REACH who="1" ten="322,278,180,210" step="2"/><V123/><F123/><W61/><G36/><T113/><D113/><U78/><E78/><V116/><F116/><W110/><G76/><T126/><D126/><U2/><E2/><V43/><F74/><W31/><G77/><T27/><D27/><U127/><E127/><V115/><F115/><W49/><G110/><T82/><D100/><U101/><E101/><V8/><F3/><W46/><G103/><T42/><D42/><U104/><E104/><V84/><F43/><W5/><G67/><T128/><D128/><U99/><AGARI ba="0,1" hai="15,17,23,44,50,54,63,64,65,66,70,88,94,99" machi="99" ten="20,8000,1" yaku="1,1,0,1,7,1,54,1,53,1" doraHai="28" doraHaiUra="85" who="1" fromWho="1" sc="322,-20,278,90,180,-20,210,-40" /><INIT seed="4,0,0,2,4,31" ten="302,368,160,170" oya="0" hai0="97,133,12,13,69,15,78,92,49,63,59,102,32" hai1="38,29,127,23,135,30,0,27,45,70,24,130,109" hai2="50,21,64,26,58,84,118,114,74,110,125,121,116" hai3="4,117,79,65,67,89,33,108,37,128,3,91,76"/><T96/><D133/><U87/><E70/><V22/><F74/><W122/><G117/><N who="2" m="45161" /><F110/><W16/><G108/><T66/><D78/><U20/><E109/><V62/><F121/><W19/><G122/><T8/><D32/><U77/><E0/><V83/><F114/><W119/><G119/><T52/><REACH who="0" step="1"/><D97/><REACH who="0" ten="292,368,160,170" step="2"/><U103/><E135/><V42/><F125/><W61/><G76/><T18/><AGARI ba="0,1" hai="8,12,13,15,18,49,52,59,63,66,69,92,96,102" machi="18" ten="20,18000,2" yaku="1,1,2,1,0,1,7,1,54,1,53,1" doraHai="31" doraHaiUra="98" who="0" fromWho="0" sc="292,190,368,-60,160,-60,170,-60" /><INIT seed="4,1,0,5,1,79" ten="482,308,100,110" oya="0" hai0="19,6,16,88,113,75,43,104,127,125,24,83,3" hai1="56,94,128,69,95,50,126,47,44,111,133,107,119" hai2="26,76,92,100,63,67,81,122,87,37,131,9,124" hai3="2,91,117,70,89,46,58,109,110,129,10,77,30"/><T39/><D113/><U115/><E119/><V28/><F122/><W105/><G70/><T82/><D104/><U7/><E111/><V1/><F37/><W17/><G105/><T120/><D120/><U123/><E123/><V135/><F135/><W49/><G117/><T8/><D43/><U99/><E69/><V45/><F45/><W38/><G30/><T66/><D66/><U57/><E133/><V11/><F124/><N who="0" m="47690" /><D39/><U13/><E126/><V53/><F53/><W52/><G38/><T29/><D75/><U41/><E107/><V36/><F131/><W121/><G121/><T108/><D108/><U31/><E128/><V32/><F1/><W40/><G129/><T5/><D5/><U54/><E31/><V61/><F36/><W74/><G109/><T60/><D60/><U0/><E0/><V64/><F63/><W33/><G33/><N who="0" m="20647" /><D88/><N who="1" m="55751" /><E95/><V114/><F114/><W103/><G110/><T34/><D34/><U20/><E115/><V116/><F116/><W73/><G73/><T132/><D132/><U51/><E7/><V12/><F61/><W101/><G74/><T22/><D19/><AGARI ba="1,0" hai="13,19,20,41,44,47,50,51,54,56,57" m="55751" machi="19" ten="30,2000,0" yaku="8,1,54,1" doraHai="79" who="1" fromWho="0" sc="482,-23,308,23,100,0,110,0" /><INIT seed="5,0,0,0,1,91" ten="459,331,100,110" oya="1" hai0="86,99,132,57,68,58,27,134,88,73,28,74,36" hai1="51,34,66,102,3,77,78,84,72,20,18,97,82" hai2="98,61,32,49,48,35,65,110,25,11,41,118,80" hai3="7,93,59,106,124,6,4,133,63,60,38,121,17"/><U21/><E34/><V126/><F110/><W130/><G106/><T19/><D36/><U105/><E3/><V8/><F118/><W69/><G38/><T107/><D68/><U64/><E20/><V15/><F126/><W83/><G124/><T104/><D19/><U76/><E51/><V12/><F80/><W47/><G121/><T22/><D107/><U67/><REACH who="1" step="1"/><E72/><REACH who="1" ten="459,321,100,110" step="2"/><V119/><F49/><W26/><G63/><T39/><D73/><U89/><E89/><V96/><F48/><W31/><G60/><T24/><D74/><U112/><E112/><V108/><F61/><W101/><G69/><T75/><D75/><U90/><E90/><V0/><F0/><W129/><G129/><T115/><D39/><U55/><E55/><V100/><F35/><W70/><G70/><T111/><D115/><U62/><E62/><V42/><F32/><W50/><G50/><T10/><D22/><U53/><E53/><V127/><F127/><W5/><G130/><T30/><D88/><U131/><E131/><V87/><F119/><W14/><G47/><T44/><D44/><U2/><E2/><V56/><F41/><W45/><G45/><T16/><D58/><U54/><E54/><V23/><F42/><W43/><G59/><T128/><D57/><U29/><E29/><V85/><F56/><W79/><G43/><T94/><D30/><U46/><E46/><V95/><F23/><W135/><G31/><T81/><D28/><U40/><E40/><V125/><F125/><W109/><N who="3" m="1024" /><DORA hai="103" /><W114/><G114/><T9/><D128/><U92/><E92/><RYUUKYOKU ba="0,1" sc="459,-10,321,30,100,-10,110,-10" hai1="18,21,64,66,67,76,77,78,82,84,97,102,105" /><INIT seed="5,1,1,0,5,20" ten="449,351,90,100" oya="1" hai0="107,73,51,18,108,126,14,100,49,32,13,92,57" hai1="31,12,106,8,43,26,3,119,88,110,29,105,90" hai2="40,28,125,58,78,17,99,5,6,131,63,121,132" hai3="135,46,10,44,16,118,79,62,36,41,53,102,130"/><U19/><E119/><V134/><F121/><W98/><G118/><T64/><D73/><U68/><E68/><V114/><F125/><W91/><G135/><N who="2" m="51753" /><F131/><W85/><G130/><T87/><D108/><U45/><E110/><V60/><F28/><W30/><G79/><T116/><D32/><U133/><E31/><V109/><F109/><W75/><G75/><T21/><D116/><U122/><E122/><V54/><F40/><W128/><G128/><T69/><D69/><U83/><E133/><V52/><F78/><W72/><G72/><T11/><D126/><U104/><E3/><V127/><F127/><W93/><G30/><T70/><D70/><U71/><E71/><V113/><F17/><W115/><G115/><N who="2" m="44041" /><F99/><W97/><G97/><N who="0" m="59431" /><D87/><U4/><E19/><V27/><F27/><W9/><G16/><N who="0" m="8255" /><D107/><U96/><E96/><V80/><F80/><W23/><G98/><T103/><D103/><U15/><E83/><V129/><F129/><W39/><G102/><T76/><D76/><U47/><E43/><V67/><F67/><W112/><G41/><T25/><D14/><U124/><E15/><V22/><F22/><W95/><G23/><T7/><D7/><U34/><REACH who="1" step="1"/><E124/><REACH who="1" ten="449,341,90,100" step="2"/><V61/><F54/><W50/><G53/><T94/><D64/><U33/><E33/><V81/><F81/><W1/><G1/><T24/><D21/><U77/><E77/><V55/><F55/><W48/><G112/><T42/><D42/><U74/><E74/><V66/><F66/><W56/><G85/><T35/><D18/><U120/><E120/><V101/><F101/><RYUUKYOKU ba="1,2" sc="449,-15,341,15,90,15,100,-15" hai1="4,8,12,26,29,34,45,47,88,90,104,105,106" hai2="5,6,52,58,60,61,63" /><INIT seed="5,2,2,0,5,95" ten="434,356,105,85" oya="1" hai0="10,105,109,74,68,81,114,102,6,14,108,7,100" hai1="86,24,107,131,65,64,30,37,128,99,101,88,82" hai2="43,80,130,63,119,76,121,134,89,25,57,62,59" hai3="97,44,27,23,4,26,122,103,11,17,87,127,67"/><U120/><E120/><V46/><F121/><W28/><G122/><T31/><D68/><U38/><E38/><V49/><F119/><W106/><G127/><T112/><D31/><U19/><E37/><V51/><F130/><W90/><G67/><T79/><D7/><U115/><E19/><V111/><F111/><N who="0" m="42570" /><D105/><U93/><E115/><AGARI ba="2,2" hai="6,10,14,74,79,81,100,102,112,114,115" m="42570" machi="115" ten="30,1000,0" yaku="15,1" doraHai="95" who="0" fromWho="1" sc="434,36,356,-16,105,0,85,0" /><INIT seed="6,0,0,5,2,27" ten="470,340,105,85" oya="2" hai0="23,65,105,44,19,31,58,16,116,3,76,124,103" hai1="2,130,53,71,59,70,28,87,90,118,15,46,126" hai2="120,81,133,84,113,99,108,89,82,94,74,56,72" hai3="62,73,34,95,36,11,85,21,18,83,119,47,0"/><V41/><F41/><W86/><G119/><T91/><D3/><U8/><E118/><V61/><F120/><W66/><G34/><T9/><D76/><U132/><E2/><V115/><F133/><W117/><G117/><T96/><D44/><U98/><E132/><V7/><F7/><W52/><G0/><T24/><D124/><U100/><E126/><V43/><F43/><W131/><G11/><T77/><D77/><U106/><E130/><V134/><F134/><W22/><G131/><T10/><D91/><U125/><E46/><V49/><F49/><W122/><G122/><T93/><D105/><U55/><E55/><V75/><F108/><W69/><G73/><T40/><D40/><U1/><E1/><V45/><F45/><W111/><G111/><T129/><D129/><U63/><E125/><V102/><REACH who="2" step="1"/><F81/><REACH who="2" ten="470,340,95,85" step="2"/><W114/><G83/><T48/><D48/><U6/><E6/><V123/><F123/><W33/><G47/><T112/><D116/><U107/><E63/><V30/><F30/><W78/><G62/><N who="0" m="38103" /><D112/><U88/><E28/><V20/><F20/><W39/><G21/><T37/><D37/><U35/><E8/><AGARI ba="0,1" hai="8,9,10,16,19,23,24,31,93,96,103" m="38103" machi="8" ten="30,7700,0" yaku="25,1,8,1,52,1,54,1" doraHai="27" who="0" fromWho="1" sc="470,87,340,-77,95,0,85,0" /><INIT seed="7,0,0,3,3,106" ten="557,263,95,85" oya="3" hai0="68,111,6,16,96,32,52,107,129,25,101,70,116" hai1="73,13,54,11,83,9,93,132,23,127,0,77,33" hai2="40,19,97,64,41,57,71,56,125,69,86,87,130" hai3="94,21,59,121,1,44,105,30,89,84,17,42,38"/><W34/><G121/><T134/><D134/><U7/><E33/><V118/><F97/><W74/><G1/><T46/><D6/><U27/><E132/><V112/><F19/><W104/><G74/><T119/><D111/><U110/><E110/><V76/><F118/><W2/><G2/><T88/><D129/><U62/><E127/><V18/><F18/><W131/><G131/><T61/><D88/><U108/><E108/><V120/><F130/><W98/><G59/><N who="2" m="22601" /><F76/><W49/><G38/><T51/><D68/><N who="2" m="26186" /><F64/><W91/><G30/><N who="0" m="19535" /><D16/><U8/><E93/><V90/><F90/><W14/><REACH who="3" step="1"/><G34/><REACH who="3" ten="557,263,95,75" step="2"/><T67/><AGARI ba="0,1" hai="46,51,52,61,67,70,96,101,107,116,119" m="19535" machi="67" ten="30,2000,0" yaku="25,1,54,1" doraHai="106" who="0" fromWho="0" sc="557,30,263,-5,95,-5,75,-10" owari="587,68.0,258,6.0,90,-31.0,65,-43.0" /></mjloggm>