<mjloggm ver="2.3"><GO type="169" lobby="0"/><UN n0="%73%68%6F%67%6F%6F" n1="%E3%83%97%E3%83%A9%E3%83%81%E3%83%8A%E3%83%A0" n2="%E3%83%88%E3%83%88%E3%83%AA%E5%85%88%E7%94%9F%31%39%E6%AD%B3" n3="%E3%81%AF%E3%81%BF%E3%82%82%E3%82%93" dan="16,16,19,18" rate="2166.35,2160.48,2356.41,2193.94" sx="M,M,F,M"/><TAIKYOKU oya="0"/><INIT seed="0,0,0,1,5,6" ten="250,250,250,250" oya="0" hai0="38,0,10,93,112,108,123,111,36,59,92,104,119" hai1="17,53,35,130,102,131,69,74,14,58,25,101,135" hai2="60,34,5,81,79,80,115,52,124,91,61,109,63" hai3="33,73,97,43,2,96,13,89,54,75,133,41,49"/><T122/><D104/><U62/><E74/><V12/><F115/><W64/><G2/><T3/><D112/><U107/><E69/><V100/><F34/><W39/><G33/><T66/><D66/><U121/><E121/><N who="0" m="46089" /><D59/><U125/><E125/><V55/><F109/><N who="0" m="42058" /><D119/><U118/><E135/><V95/><F100/><W21/><G39/><N who="0" m="14891" /><D10/><U40/><E118/><V30/><F124/><W113/><G64/><T129/><D129/><U134/><E107/><V128/><F128/><W42/><G133/><T116/><D116/><U68/><E134/><V114/><F114/><W88/><G113/><T76/><D76/><U71/><E71/><V15/><F79/><W105/><G105/><T47/><D47/><U45/><E68/><V20/><F5/><W86/><G75/><T117/><D117/><U57/><E131/><V46/><F46/><W77/><G73/><T44/><D44/><U87/><E58/><V56/><F56/><W98/><G77/><T83/><D83/><U90/><E130/><V28/><F81/><W127/><G127/><T1/><AGARI ba="0,0" hai="0,1,3,92,93" m="14891,42058,46089" machi="1" ten="50,12000,1" yaku="28,2,14,1,10,1" doraHai="6" who="0" fromWho="0" sc="250,120,250,-40,250,-40,250,-40" /><INIT seed="0,1,0,2,0,71" ten="370,210,210,210" oya="0" hai0="93,49,109,56,106,119,7,40,90,9,132,37,123" hai1="52,122,28,44,116,57,97,20,54,81,51,45,14" hai2="25,94,47,91,15,35,30,3,101,29,113,108,85" hai3="114,86,105,34,75,125,133,115,104,1,17,32,74"/><T83/><D123/><U100/><E116/><V68/><F113/><W102/><G17/><T77/><D119/><U60/><E122/><V38/><F3/><W73/><G102/><T126/><D106/><N who="3" m="41065" /><G86/><T63/><D126/><U11/><E81/><V118/><F118/><W0/><G133/><T46/><D132/><U10/><E45/><V31/><F68/><W117/><G125/><T107/><D107/><U76/><E76/><V21/><F108/><W121/><G121/><T2/><D109/><U135/><E135/><V96/><F35/><N who="3" m="13355" /><G117/><T78/><D49/><U99/><E28/><V6/><F6/><W50/><G50/><T13/><D13/><U4/><E100/><V87/><F15/><W80/><G80/><T72/><D78/><U61/><E20/><V58/><F58/><W36/><G36/><T55/><D93/><U27/><E27/><V89/><F87/><W66/><G66/><T103/><D103/><U64/><REACH who="1" step="1"/><E11/><REACH who="1" ten="370,200,210,210" step="2"/><V41/><F101/><W79/><G79/><T82/><REACH who="0" step="1"/><D83/><AGARI ba="1,1" hai="21,25,29,30,31,38,41,47,83,85,89,91,94,96" machi="83" ten="30,2000,0" yaku="7,1,52,1" doraHai="71" who="2" fromWho="0" sc="370,-23,200,0,210,33,210,0" /><INIT seed="1,0,0,2,3,30" ten="347,200,243,210" oya="1" hai0="65,3,32,85,109,120,126,81,51,41,27,116,93" hai1="68,21,40,129,92,17,87,19,12,13,94,104,86" hai2="127,4,56,47,20,111,58,82,123,135,117,106,134" hai3="77,28,23,24,114,97,43,11,26,61,130,35,70"/><U7/><E68/><V115/><F117/><W39/><G114/><T52/><D116/><U75/><E75/><V16/><F123/><W44/><G130/><T125/><D3/><U42/><E104/><V9/><F106/><W96/><G77/><T34/><D109/><U102/><E7/><V74/><F111/><W0/><G0/><T67/><D41/><U50/><E129/><V29/><F29/><W113/><G11/><T105/><D93/><U107/><E107/><V119/><F119/><W69/><G113/><T6/><D6/><U78/><E78/><N who="2" m="44375" /><F47/><W48/><G39/><T62/><D27/><U25/><E25/><N who="2" m="14471" /><F127/><N who="0" m="48650" /><D105/><U60/><E60/><V55/><F55/><W131/><G131/><T8/><D8/><U36/><E36/><V59/><F115/><W15/><G15/><T132/><D120/><U33/><E50/><V83/><F83/><W95/><G61/><T80/><D80/><U99/><E33/><N who="0" m="12905" /><D62/><U5/><E5/><V73/><F9/><W64/><G26/><T121/><D132/><N who="2" m="50730" /><F4/><W79/><G35/><T88/><D121/><U89/><REACH who="1" step="1"/><E87/><REACH who="1" ten="347,190,243,210" step="2"/><V66/><F73/><W45/><G24/><T1/><D1/><U38/><E38/><V128/><F128/><W22/><G28/><T124/><D124/><U101/><E101/><V53/><F66/><W2/><G64/><T71/><D71/><U76/><E76/><V72/><F72/><W108/><G79/><T90/><D90/><U57/><E57/><AGARI ba="0,1" hai="51,52,57,65,67,81,85,88" m="12905,48650" machi="57" ten="30,12000,2" yaku="18,1,52,3,54,2" doraHai="30" who="0" fromWho="1" sc="347,130,190,-120,243,0,210,0" /><INIT seed="2,0,0,3,4,75" ten="477,70,243,210" oya="2" hai0="16,39,45,32,107,47,81,103,111,87,62,101,99" hai1="105,100,77,70,126,116,21,65,74,17,108,6,113" hai2="133,60,22,123,71,132,63,51,26,85,25,9,94" hai3="90,7,12,64,20,67,129,23,0,114,117,14,15"/><V120/><F9/><W3/><G117/><T124/><D32/><U79/><E113/><V121/><F51/><W98/><G129/><T82/><D103/><U135/><E116/><V34/><F34/><W91/><G7/><T72/><D124/><U58/><E74/><V10/><F10/><W76/><G98/><T68/><D72/><U134/><E70/><V84/><F94/><W13/><G13/><T5/><D5/><U19/><E6/><V35/><F35/><W41/><G41/><T89/><D81/><U11/><E108/><V95/><F95/><W61/><G61/><N who="2" m="23625" /><F71/><W37/><G37/><T54/><D111/><U50/><E126/><V4/><F22/><W55/><G14/><T69/><D69/><U96/><E11/><V8/><F8/><W42/><G42/><T130/><D130/><U38/><E38/><V2/><F2/><W109/><G109/><T78/><D89/><U104/><E104/><V49/><F49/><W56/><G114/><T1/><D1/><U28/><E28/><V118/><F118/><W44/><G0/><T131/><D131/><U119/><E119/><V112/><F112/><W24/><G90/><T33/><D33/><U52/><E65/><V59/><F59/><W125/><G56/><N who="0" m="35095" /><D68/><U48/><E48/><V128/><F128/><W31/><G3/><T106/><D106/><U80/><E80/><V43/><F4/><W88/><G125/><T46/><D39/><U127/><E127/><V122/><F122/><W27/><G64/><T53/><D53/><U92/><E105/><V40/><F121/><W83/><G67/><RYUUKYOKU ba="0,0" sc="477,30,70,-10,243,-10,210,-10" hai0="16,45,46,47,78,82,87,99,101,107" /><INIT seed="3,1,0,2,4,12" ten="507,60,233,200" oya="3" hai0="82,49,45,83,109,61,119,53,85,31,79,116,81" hai1="20,65,128,37,133,75,21,14,35,26,22,25,8" hai2="115,5,28,29,104,130,71,102,77,135,88,66,103" hai3="33,114,63,110,54,17,113,13,50,121,19,32,2"/><W57/><G2/><T55/><D109/><U96/><E37/><V36/><F115/><W9/><G121/><T18/><D31/><N who="1" m="19951" /><E65/><V105/><F66/><W108/><G33/><T74/><D61/><U132/><E96/><V41/><F5/><N who="3" m="3247" /><G32/><T117/><D55/><U118/><E75/><V47/><F77/><W73/><G73/><T86/><D74/><U107/><E107/><V101/><F71/><W46/><G114/><T59/><D45/><U112/><E112/><V89/><F130/><W6/><G6/><T43/><D43/><U27/><E128/><V48/><F135/><N who="1" m="51785" /><E118/><V40/><F105/><W58/><G58/><T124/><D79/><U99/><E99/><V111/><F111/><N who="3" m="42539" /><G113/><T39/><D39/><U51/><E51/><N who="2" m="27111" /><F104/><W123/><G123/><T52/><D53/><AGARI ba="1,0" hai="17,19,46,50,53,54,57,63" m="42539,3247" machi="53" ten="30,11600,0" yaku="14,1,10,1,52,2" doraHai="12" who="3" fromWho="0" sc="507,-119,60,0,233,0,200,119" /><INIT seed="3,2,0,5,0,68" ten="388,60,233,319" oya="3" hai0="105,9,45,132,80,118,4,125,46,66,124,96,21" hai1="27,85,134,108,131,104,16,19,35,84,119,44,89" hai2="102,126,88,72,31,58,22,14,64,78,20,25,92" hai3="49,113,12,54,70,99,133,56,129,53,10,50,5"/><W114/><G129/><T39/><D118/><U120/><E104/><V34/><F126/><N who="0" m="48746" /><D66/><U24/><E131/><V42/><F102/><W135/><G70/><T30/><D132/><U18/><E120/><V94/><F94/><W59/><REACH who="3" step="1"/><G99/><REACH who="3" ten="388,60,233,309" step="2"/><T8/><D96/><U117/><E134/><AGARI ba="2,1" hai="5,10,12,49,50,53,54,56,59,113,114,133,134,135" machi="134" ten="40,18000,2" yaku="1,1,2,1,9,1,20,1,53,2" doraHai="68" doraHaiUra="109" who="3" fromWho="1" sc="388,0,60,-186,233,0,309,196" owari="388,19.0,-126,-63.0,233,-17.0,505,61.0" /></mjloggm>