<mjloggm ver="2.3"><GO type="169" lobby="0"/><UN n0="%E3%83%A9%E3%83%83%E3%82%AD%E3%83%BC%E3%83%89%E3%83%83%E3%82%B0" n1="%E4%BF%BA%54%55%45%45%45%45%45" n2="%E3%83%88%E3%83%88%E3%83%AA%E5%85%88%E7%94%9F%31%39%E6%AD%B3" n3="%E3%83%92%E3%83%AB%E3%83%99%E3%83%AB%E3%83%88" dan="16,18,19,16" rate="2128.39,2242.72,2263.51,2147.04" sx="F,F,F,M"/><TAIKYOKU oya="0"/><INIT seed="0,0,0,3,3,128" ten="250,250,250,250" oya="0" hai0="132,97,40,37,26,27,135,82,55,51,44,119,129" hai1="19,99,0,116,76,7,62,68,54,58,133,107,47" hai2="31,98,134,1,8,114,70,96,118,105,11,108,14" hai3="50,131,2,30,130,64,69,81,49,124,18,117,87"/><T101/><D119/><U90/><E116/><V120/><F118/><W52/><G2/><T23/><D129/><N who="3" m="49161" /><G124/><T9/><D9/><U42/><E68/><V75/><F70/><W84/><G30/><T127/><D127/><U57/><E76/><V95/><F95/><W25/><G50/><T103/><D82/><U100/><E19/><V66/><F31/><W86/><G69/><T106/><D101/><U5/><E0/><V73/><F1/><W104/><G64/><T59/><REACH who="0" step="1"/><D27/><REACH who="0" ten="240,250,250,250" step="2"/><U111/><E100/><V34/><F11/><W39/><G117/><T125/><D125/><U35/><E5/><V83/><F83/><W10/><G104/><T45/><D45/><U94/><E7/><V38/><F8/><W3/><G3/><T92/><D92/><U72/><E47/><V16/><F105/><W53/><G81/><T43/><D43/><U126/><E42/><V93/><F93/><W67/><G25/><T88/><D88/><U56/><E90/><V36/><F14/><W13/><G39/><T71/><D71/><U112/><E107/><V74/><F36/><W91/><G91/><T77/><D77/><U102/><E126/><V80/><F38/><W63/><G49/><T41/><D41/><U121/><E102/><V79/><F80/><W17/><G10/><T122/><D122/><U20/><E121/><V28/><F120/><W123/><G123/><T22/><D22/><U21/><E21/><V15/><F79/><W29/><G13/><T12/><D12/><U78/><E78/><V60/><F15/><W109/><G63/><T32/><D32/><RYUUKYOKU ba="0,1" sc="240,30,250,-10,250,-10,250,-10" hai0="23,26,37,40,44,51,55,59,97,103,106,132,135" /><INIT seed="0,1,1,2,5,29" ten="270,240,240,240" oya="0" hai0="123,45,13,82,122,108,2,129,66,17,79,93,8" hai1="70,74,91,97,83,23,80,28,61,86,125,47,100" hai2="7,52,18,56,50,110,98,85,3,72,81,6,75" hai3="53,42,127,60,46,38,133,5,101,11,19,104,4"/><T9/><D129/><U58/><E70/><V33/><F110/><W124/><G133/><T118/><D118/><U114/><E125/><N who="3" m="48202" /><G101/><T89/><D66/><U32/><E32/><V55/><F33/><W111/><G104/><T0/><D45/><U35/><E35/><V71/><F71/><W54/><G111/><T31/><D31/><U39/><E114/><V25/><F98/><W44/><G44/><T95/><D108/><U73/><E83/><V105/><F105/><W48/><G60/><T12/><D89/><U40/><E23/><N who="2" m="13559" /><F3/><W63/><G63/><T51/><D51/><U130/><E28/><V117/><F72/><W112/><G112/><T36/><D36/><U43/><E43/><V106/><F106/><W69/><G69/><T20/><D20/><U16/><E16/><V92/><F75/><W34/><G34/><T22/><D22/><U26/><E26/><V126/><F92/><W121/><G121/><T49/><D49/><U109/><E109/><V88/><F117/><W37/><G37/><T10/><D10/><U64/><E130/><V113/><F113/><W57/><G54/><T87/><D0/><U128/><E128/><V115/><F115/><W116/><G116/><T120/><REACH who="0" step="1"/><D2/><REACH who="0" ten="260,240,240,240" step="2"/><U27/><E27/><V132/><F126/><W107/><G11/><T131/><D131/><U90/><E91/><V78/><F88/><W62/><G38/><T30/><D30/><U76/><E90/><V94/><F50/><W103/><G19/><AGARI ba="1,2" hai="8,9,12,13,17,19,79,82,87,93,95,120,122,123" machi="19" ten="40,7700,0" yaku="1,1,9,1,53,1" doraHai="29" doraHaiUra="77" who="0" fromWho="3" sc="260,100,240,0,240,0,240,-80" /><INIT seed="0,2,0,2,5,63" ten="360,240,240,160" oya="0" hai0="66,57,73,130,2,58,46,26,72,126,133,78,116" hai1="101,52,129,118,39,76,122,11,113,117,107,110,13" hai2="90,59,127,82,62,48,4,3,55,81,7,104,45" hai3="106,32,64,103,44,87,19,111,17,47,94,16,102"/><T100/><D116/><U85/><E39/><V56/><F104/><W69/><G32/><T61/><D2/><U37/><E37/><V95/><F127/><W23/><G111/><T108/><D126/><U88/><E76/><V10/><F59/><W28/><G106/><T96/><D133/><U124/><E124/><V115/><BYE who="1" /><F115/><UN n1="%E4%BF%BA%54%55%45%45%45%45%45" /><W51/><G69/><T41/><D130/><U105/><E105/><V0/><F0/><W40/><G47/><T70/><D108/><U68/><E68/><V31/><F31/><W93/><G64/><T79/><D26/><U91/><E122/><V8/><F8/><W135/><G135/><T80/><D79/><U33/><E33/><V123/><F7/><W22/><G87/><T92/><REACH who="0" step="1"/><D72/><REACH who="0" ten="350,240,240,160" step="2"/><U83/><E129/><V114/><F123/><W65/><G23/><T53/><D53/><U36/><E52/><V14/><F3/><W109/><G109/><T30/><D30/><U5/><E110/><V9/><F114/><W24/><REACH who="3" step="1"/><G65/><REACH who="3" ten="350,240,240,150" step="2"/><T67/><D67/><U21/><E113/><V77/><F77/><W43/><G43/><T71/><D71/><U60/><E118/><V89/><F55/><W49/><G49/><AGARI ba="2,2" hai="41,46,49,57,58,61,66,70,73,78,80,92,96,100" machi="49" ten="30,5800,0" yaku="1,1,7,1,52,1,53,0" doraHai="63" doraHaiUra="1" who="0" fromWho="3" sc="350,84,240,0,240,0,150,-64" /><INIT seed="0,3,0,3,2,54" ten="434,240,240,86" oya="0" hai0="82,46,71,69,34,80,43,108,105,99,113,116,18" hai1="122,37,129,85,124,118,83,62,7,112,132,39,25" hai2="19,79,92,23,88,73,50,72,117,114,6,44,94" hai3="60,28,102,5,100,9,104,84,31,0,36,52,86"/><T42/><D116/><U133/><E118/><V120/><F117/><W121/><G36/><T77/><D34/><U74/><E122/><V101/><F120/><W95/><G104/><T57/><D113/><U65/><E112/><V125/><F114/><W11/><G121/><T2/><D2/><U13/><E74/><V134/><F134/><N who="1" m="51817" /><E129/><V3/><F125/><W67/><G9/><T45/><D108/><U115/><E124/><V78/><F94/><W111/><G111/><T123/><D123/><U110/><E110/><V27/><F101/><W55/><G31/><T4/><D4/><U47/><E25/><V135/><F135/><W15/><G28/><T14/><D71/><U91/><E47/><V106/><F106/><W93/><G0/><T1/><D1/><U109/><E109/><V98/><F72/><W75/><G75/><T16/><D69/><N who="1" m="42167" /><E115/><V51/><F73/><W32/><G32/><T53/><D99/><U10/><AGARI ba="3,0" hai="7,10,13,37,39,83,85,91" m="42167,51817" machi="10" ten="30,1100,0" yaku="20,1" doraHai="54" who="1" fromWho="1" sc="434,-8,240,20,240,-6,86,-6" /><INIT seed="1,0,0,4,0,57" ten="426,260,234,80" oya="1" hai0="10,109,33,104,79,129,72,73,117,131,12,50,95" hai1="65,39,124,14,5,45,86,119,132,23,9,46,66" hai2="106,32,67,17,4,54,3,100,51,19,26,89,94" hai3="112,70,83,58,53,21,113,34,127,115,71,16,60"/><U25/><E119/><V114/><F114/><W62/><G34/><T90/><D33/><U69/><E132/><V29/><F106/><W7/><G127/><T59/><D117/><U128/><E124/><V61/><F100/><W78/><G7/><T18/><D104/><U55/><E128/><N who="0" m="49225" /><D79/><U107/><E107/><V35/><F35/><W47/><G47/><T85/><D109/><U68/><E68/><V126/><F126/><W87/><REACH who="3" step="1"/><G60/><REACH who="3" ten="426,260,234,70" step="2"/><T13/><D72/><U37/><E46/><V24/><F4/><W105/><G105/><T135/><D73/><U97/><E45/><V134/><F134/><W116/><G116/><T38/><D38/><U1/><E37/><V111/><F111/><W81/><G81/><T30/><D135/><U108/><E39/><V123/><F32/><W27/><AGARI ba="0,1" hai="16,21,27,53,58,62,70,71,78,83,87,112,113,115" machi="27" ten="30,7900,0" yaku="1,1,0,1,52,1,54,1,53,0" doraHai="57" doraHaiUra="102" who="3" fromWho="3" sc="426,-20,260,-39,234,-20,70,89" /><INIT seed="2,0,0,5,5,50" ten="406,221,214,159" oya="2" hai0="133,21,6,85,94,0,56,33,23,65,16,91,63" hai1="24,124,34,25,41,118,121,75,80,69,132,99,106" hai2="113,81,39,29,37,119,62,28,26,57,125,70,110" hai3="131,88,10,71,90,92,44,68,105,9,135,76,73"/><V82/><F113/><W43/><G105/><T72/><D33/><U18/><E99/><V11/><F119/><W19/><G131/><T112/><D112/><U103/><E80/><V55/><F125/><W48/><G135/><T117/><D72/><U52/><E24/><V7/><F110/><W104/><G104/><T27/><D133/><U51/><E103/><V64/><F37/><W30/><G30/><T97/><D117/><U5/><E5/><V66/><F39/><W2/><G90/><T127/><D127/><U100/><E18/><V108/><F108/><W95/><G95/><T13/><D0/><U79/><E25/><V40/><F40/><W35/><G35/><T53/><D6/><U14/><E14/><V93/><F93/><W83/><G2/><T3/><D3/><U120/><E79/><V107/><F107/><W17/><G17/><N who="0" m="12719" /><D65/><N who="2" m="25194" /><F70/><W47/><G47/><T4/><D4/><U115/><E75/><V20/><F29/><W67/><G67/><T8/><D8/><U101/><E34/><V42/><F42/><W89/><G89/><T134/><D134/><U87/><E101/><V129/><F129/><W38/><G38/><T36/><D36/><U77/><E100/><V122/><F122/><N who="1" m="47209" /><E69/><V86/><F86/><AGARI ba="0,0" hai="13,16,23,53,56,63,85,86,91,94,97" m="12719" machi="86" ten="30,7700,0" yaku="25,1,8,1,52,1,54,1" doraHai="50" who="0" fromWho="2" sc="406,77,221,0,214,-77,159,0" /><INIT seed="3,0,0,5,1,73" ten="483,221,137,159" oya="3" hai0="52,46,71,4,3,79,117,48,17,133,54,77,109" hai1="45,38,118,85,29,30,124,59,22,25,81,67,63" hai2="96,28,68,94,78,53,69,56,34,57,102,103,24" hai3="5,19,47,99,130,107,43,18,128,51,8,126,23"/><W11/><G126/><T101/><D117/><U113/><E113/><V10/><F102/><W89/><G11/><T110/><D71/><U37/><E118/><V60/><F78/><W115/><G115/><T16/><D133/><U6/><E124/><V97/><F97/><W49/><G49/><N who="0" m="28727" /><D101/><U119/><E6/><V125/><F125/><W123/><G123/><T64/><D64/><U50/><E119/><V27/><F27/><W111/><G111/><N who="0" m="42507" /><D4/><U55/><REACH who="1" step="1"/><E29/><REACH who="1" ten="483,211,137,159" step="2"/><V116/><F116/><W72/><G5/><T42/><D3/><U93/><E93/><V58/><F94/><W0/><G0/><T14/><D17/><U2/><E2/><V61/><F28/><W31/><G19/><T7/><D7/><U66/><E66/><V39/><F39/><W88/><G18/><T70/><D70/><U40/><E40/><V131/><F69/><W41/><G43/><T44/><D42/><U134/><E134/><V12/><F68/><W87/><G107/><T86/><D86/><U105/><E105/><V20/><F53/><W15/><G87/><T26/><D26/><U82/><E82/><V100/><F24/><N who="3" m="16799" /><G99/><T74/><D74/><U104/><E104/><V135/><F96/><W65/><G65/><T32/><D32/><U114/><E114/><V35/><F135/><W106/><G106/><T108/><D108/><U112/><E112/><V75/><F75/><W91/><G72/><T62/><D16/><U36/><E36/><V127/><F127/><W95/><G95/><T92/><D92/><U90/><AGARI ba="0,1" hai="22,25,30,37,38,45,50,55,59,63,67,81,85,90" machi="90" ten="20,2700,0" yaku="1,1,0,1,7,1,53,0" doraHai="73" doraHaiUra="122" who="1" fromWho="1" sc="483,-7,211,37,137,-7,159,-13" /><INIT seed="4,0,0,1,1,84" ten="476,248,130,146" oya="0" hai0="20,124,93,65,117,73,11,21,75,50,32,48,66" hai1="104,24,131,52,126,61,108,78,6,28,135,64,79" hai2="86,46,72,29,111,82,94,129,22,59,25,91,128" hai3="41,80,71,26,110,70,51,17,85,27,100,0,98"/><T89/><D32/><U127/><E108/><V60/><F111/><W69/><G0/><T102/><D102/><U14/><E104/><V99/><F72/><W39/><G39/><T134/><D117/><U121/><E121/><V40/><F46/><W92/><G110/><T132/><D11/><N who="1" m="4471" /><E52/><V8/><F40/><W63/><G63/><T16/><D124/><N who="1" m="47659" /><E131/><V114/><F8/><W45/><REACH who="3" step="1"/><G17/><REACH who="3" ten="476,248,130,136" step="2"/><T7/><D16/><U13/><E135/><V130/><F114/><W10/><G10/><T15/><D132/><U87/><E61/><V1/><F1/><W18/><G18/><T57/><D134/><U120/><E120/><V125/><F125/><W109/><G109/><T113/><D48/><U3/><E3/><V12/><F12/><W58/><G58/><T33/><D50/><U95/><E13/><V4/><F4/><W105/><G105/><T96/><D57/><U54/><E24/><V56/><REACH who="2" step="1"/><F60/><REACH who="2" ten="476,248,120,136" step="2"/><W107/><G107/><T34/><D7/><U30/><E30/><V90/><AGARI ba="0,2" hai="22,25,29,56,59,82,86,90,91,94,99,128,129,130" machi="90" ten="30,12000,2" yaku="1,1,2,1,0,1,19,1,52,2,53,0" doraHai="84" doraHaiUra="43" who="2" fromWho="2" sc="476,-60,248,-30,120,140,136,-30" /><INIT seed="5,0,0,3,5,12" ten="416,218,260,106" oya="1" hai0="68,79,132,65,43,53,114,95,63,87,69,60,70" hai1="66,133,37,22,85,15,11,57,134,42,7,112,103" hai2="6,104,102,74,105,108,117,98,35,80,36,123,84" hai3="75,17,29,20,32,122,62,4,44,113,1,64,34"/><U30/><E112/><V3/><F35/><W21/><G75/><T128/><D95/><U71/><E71/><V111/><F36/><W56/><G122/><T124/><D87/><U31/><E103/><N who="2" m="62583" /><F6/><W88/><G113/><T135/><D79/><U48/><E37/><V52/><F52/><W61/><G44/><T90/><D90/><U73/><E73/><V54/><F54/><W125/><G125/><T115/><D124/><U94/><E42/><V27/><F27/><W49/><G49/><T76/><D76/><U77/><E48/><V8/><F8/><W91/><G62/><T78/><D78/><U14/><E57/><V16/><F3/><W121/><G121/><T72/><D72/><U101/><E66/><V10/><F74/><W33/><G21/><T58/><D43/><U19/><E31/><V26/><F117/><W5/><G29/><T47/><D47/><U67/><E67/><V46/><F46/><W99/><G99/><T38/><D38/><U45/><E30/><V28/><F28/><W129/><G129/><T55/><D55/><U118/><E118/><V116/><F116/><W97/><G97/><T59/><D115/><U110/><E45/><V50/><F50/><W40/><G40/><T93/><D114/><U18/><E7/><N who="3" m="2634" /><G1/><T92/><D68/><U86/><E22/><N who="2" m="13639" /><F10/><W0/><G0/><T2/><D2/><U130/><E130/><V109/><F123/><W81/><G81/><T83/><D69/><U131/><E131/><V127/><F127/><W51/><G51/><T13/><D128/><U106/><E11/><V24/><F80/><RYUUKYOKU ba="0,0" sc="416,-10,218,-10,260,-10,106,30" hai3="17,20,32,33,34,56,61,64,88,91" /><INIT seed="6,1,0,0,2,22" ten="406,208,250,136" oya="2" hai0="66,65,29,40,75,119,11,127,70,2,18,14,121" hai1="111,105,116,115,80,89,74,69,118,92,97,102,20" hai2="120,87,41,58,0,96,135,62,124,123,79,63,24" hai3="35,45,38,49,56,26,57,21,112,72,4,5,43"/><V129/><F0/><W77/><G112/><T33/><D75/><U73/><E69/><V82/><F129/><W94/><G35/><T59/><D121/><U12/><E111/><V106/><F135/><W53/><G94/><T90/><D70/><U76/><E73/><V47/><F124/><W37/><G37/><T17/><D40/><U114/><E20/><V31/><F106/><W107/><G107/><T7/><D90/><U71/><E12/><V1/><F96/><W131/><G131/><T23/><D59/><U104/><E71/><V101/><F101/><W128/><G128/><T50/><D50/><U88/><E89/><V64/><F62/><W125/><G125/><T100/><D100/><U109/><E104/><V81/><F81/><W15/><G15/><T134/><D119/><N who="1" m="45611" /><E109/><V113/><F1/><W98/><G98/><AGARI ba="1,0" hai="74,76,80,88,92,97,98,102,105,114,115" m="45611" machi="98" ten="30,3900,0" yaku="34,2,54,1" doraHai="22" who="1" fromWho="3" sc="406,0,208,42,250,0,136,-42" /><INIT seed="7,0,0,1,4,94" ten="406,250,250,94" oya="3" hai0="71,74,14,35,67,64,130,78,128,68,32,79,55" hai1="41,1,36,85,84,106,46,30,21,77,31,43,28" hai2="65,3,0,40,95,83,81,114,123,11,115,113,17" hai3="44,58,59,63,134,90,108,60,112,126,24,72,88"/><W53/><G72/><T52/><D14/><U132/><E106/><V8/><F123/><W27/><G112/><T73/><AGARI ba="0,0" hai="32,35,52,55,64,67,68,71,73,74,78,79,128,130" machi="73" ten="25,6400,0" yaku="0,1,22,2,54,1" doraHai="94" who="0" fromWho="0" sc="406,64,250,-16,250,-16,94,-32" owari="470,58.0,234,3.0,234,-17.0,62,-44.0" /></mjloggm>