<mjloggm ver="2.3"><GO type="169" lobby="0"/><UN n0="%E3%83%88%E3%83%88%E3%83%AA%E5%85%88%E7%94%9F%31%39%E6%AD%B3" n1="%E3%82%AB%E3%82%A4%E3%81%A1%E3%82%83%E3%82%93" n2="%41%4D%41%4C%49%41" n3="%65%61%73%79" dan="19,16,16,16" rate="2352.64,2081.15,2032.80,2056.53" sx="F,F,M,M"/><TAIKYOKU oya="0"/><INIT seed="0,0,0,0,5,108" ten="250,250,250,250" oya="0" hai0="19,114,5,111,102,107,18,55,134,42,68,101,92" hai1="50,49,103,20,104,71,25,15,85,2,122,115,121" hai2="100,79,82,129,34,97,118,40,30,23,91,127,16" hai3="4,80,45,78,32,12,48,87,51,66,53,95,27"/><T24/><D107/><U89/><E2/><V96/><F34/><W124/><G124/><T31/><D114/><U105/><E71/><V99/><F30/><W63/><G32/><T6/><D68/><U62/><E62/><V112/><F127/><W29/><G4/><N who="0" m="1643" /><D42/><U131/><E115/><V77/><F112/><W64/><G12/><T123/><D123/><U116/><E116/><V72/><F129/><W14/><G14/><T84/><D134/><U83/><E131/><V61/><F118/><W119/><G119/><T47/><D31/><U60/><E15/><V8/><F8/><W26/><G29/><T113/><D111/><U128/><E60/><V110/><F110/><W130/><G130/><T70/><D70/><U13/><E13/><N who="2" m="9615" /><F72/><W76/><G78/><T133/><D133/><U21/><E128/><V132/><F100/><N who="0" m="38506" /><D24/><U11/><E11/><V120/><F132/><W10/><G10/><T1/><D1/><U0/><E0/><V39/><F120/><W9/><G9/><T98/><D84/><U88/><E122/><V28/><F28/><W94/><G87/><T38/><D113/><U73/><E73/><V3/><F3/><W7/><G7/><T75/><D75/><U69/><E69/><V41/><F61/><W43/><G27/><T58/><D38/><U33/><E121/><V17/><F17/><W22/><G26/><T93/><D19/><U67/><E89/><V74/><F79/><W81/><G76/><T90/><D90/><U126/><E126/><V37/><F91/><W86/><G86/><T117/><D117/><U59/><E103/><RYUUKYOKU ba="0,0" sc="250,-10,250,-10,250,30,250,-10" hai2="37,39,40,41,74,77,82,96,97,99" /><INIT seed="1,1,0,1,1,67" ten="240,240,280,240" oya="1" hai0="18,81,78,4,126,95,36,13,20,105,111,17,8" hai1="31,98,37,52,51,10,94,107,99,125,71,40,26" hai2="12,103,70,43,69,110,96,62,79,92,30,76,86" hai3="65,28,58,0,101,38,63,53,22,87,124,118,91"/><U100/><E125/><V80/><F43/><W23/><G124/><T14/><D111/><U89/><E10/><V114/><F110/><W64/><G118/><T109/><D109/><U1/><E1/><V134/><F134/><W35/><G0/><T122/><D126/><U108/><E108/><V74/><F114/><W24/><G38/><T84/><D36/><U19/><E19/><V88/><F62/><W47/><G101/><T46/><D105/><U93/><E107/><N who="2" m="63975" /><F79/><W56/><G47/><T66/><D122/><U72/><E72/><V42/><F42/><W49/><REACH who="3" step="1"/><G65/><REACH who="3" ten="240,240,280,230" step="2"/><T33/><D66/><U83/><E37/><V131/><F131/><W97/><G97/><T121/><D46/><U127/><E99/><V48/><F48/><W68/><G68/><T119/><D119/><U60/><E71/><V16/><F30/><W135/><G135/><T54/><D121/><U102/><E98/><V57/><F57/><W113/><G113/><T27/><D54/><U130/><E127/><V132/><F132/><W123/><G123/><T2/><D2/><U34/><E51/><V75/><F74/><W128/><G128/><T104/><D104/><U117/><E52/><V21/><AGARI ba="1,1" hai="12,16,21,69,70,75,76,80,86,88,92" m="63975" machi="21" ten="30,8000,1" yaku="24,1,52,2,54,2" doraHai="67" who="2" fromWho="2" sc="240,-21,240,-41,280,93,230,-21" /><INIT seed="2,0,0,0,0,99" ten="219,199,373,209" oya="2" hai0="71,52,108,50,97,1,128,18,44,132,27,70,89" hai1="134,105,60,54,123,6,77,62,3,31,112,14,74" hai2="76,40,42,35,135,131,19,39,88,66,69,47,115" hai3="8,102,26,110,117,90,79,130,107,63,0,126,38"/><V28/><F115/><W53/><G117/><T58/><D1/><U16/><E112/><V120/><F120/><W124/><G110/><T13/><D108/><U87/><E123/><V34/><F42/><W37/><G130/><T91/><D128/><U75/><E134/><V122/><F122/><W121/><G121/><T93/><D132/><U65/><E31/><V17/><F76/><W55/><G79/><T64/><D27/><U12/><E105/><V30/><F30/><W82/><G26/><T133/><D133/><U95/><E54/><N who="3" m="20490" /><G63/><N who="0" m="38007" /><D71/><U96/><E3/><V125/><F131/><W43/><G8/><N who="0" m="6439" /><D70/><U25/><E75/><V85/><F125/><N who="3" m="48235" /><G43/><T94/><D94/><U67/><E74/><V103/><F135/><W2/><G2/><T61/><D61/><U119/><E119/><V51/><F35/><W4/><G0/><T45/><D45/><U29/><E62/><V23/><F47/><W127/><N who="3" m="48243" /><W109/><DORA hai="11" /><G109/><T101/><AGARI ba="0,0" hai="44,50,52,89,91,93,97,101" m="6439,38007" machi="101" ten="30,7900,0" yaku="8,1,52,2,54,1" doraHai="99,11" who="0" fromWho="0" sc="219,79,199,-20,373,-39,209,-20" /><INIT seed="3,0,0,5,4,132" ten="298,179,334,189" oya="3" hai0="105,59,38,78,124,7,29,26,41,110,95,50,131" hai1="127,15,122,97,33,81,90,55,96,30,48,86,10" hai2="109,74,101,84,104,0,34,16,60,25,42,36,82" hai3="135,14,52,89,47,126,120,5,106,8,66,71,19"/><W65/><G120/><T112/><D105/><U111/><E122/><V27/><F0/><W88/><G135/><T4/><D110/><U70/><E111/><V39/><F74/><W53/><G106/><T87/><D131/><U125/><E70/><V94/><F104/><W79/><G126/><N who="1" m="48138" /><E30/><V61/><F34/><W91/><G79/><T40/><D38/><U45/><E33/><V3/><F3/><W93/><G93/><T75/><D75/><U119/><E119/><V2/><F2/><W102/><G102/><T57/><D4/><AGARI ba="0,0" hai="4,10,15,45,48,55,81,86,90,96,97" m="48138" machi="4" ten="30,7700,0" yaku="18,1,52,3" doraHai="132" who="1" fromWho="0" sc="298,-77,179,77,334,0,189,0" /><INIT seed="4,0,0,3,2,57" ten="221,256,334,189" oya="0" hai0="92,129,47,94,91,95,96,41,119,130,61,71,18" hai1="74,59,11,45,67,126,115,135,12,102,50,38,32" hai2="66,89,106,65,122,28,109,29,56,101,52,118,76" hai3="30,9,93,58,5,81,10,72,124,97,31,103,116"/><T107/><D119/><U123/><E123/><V20/><F122/><W88/><G116/><T125/><D125/><U40/><E74/><V105/><F76/><W90/><G124/><T37/><D18/><U134/><E126/><V1/><F1/><W6/><G72/><T127/><D127/><U112/><E32/><V84/><F105/><W121/><G121/><T53/><D107/><U70/><E102/><V54/><F106/><W104/><G104/><T62/><D71/><U8/><E70/><V51/><F101/><W108/><G108/><T100/><D53/><N who="1" m="32183" /><E67/><N who="2" m="25611" /><F109/><W128/><G58/><T60/><REACH who="0" step="1"/><D95/><REACH who="0" ten="211,256,334,189" step="2"/><U3/><E135/><V22/><F54/><W7/><G128/><T25/><D25/><U87/><E134/><V26/><F118/><W68/><G68/><T24/><D24/><U42/><E40/><V63/><F28/><N who="3" m="10795" /><G81/><T85/><AGARI ba="0,1" hai="37,41,47,60,61,62,85,91,92,94,96,100,129,130" machi="85" ten="30,12000,1" yaku="1,1,0,1,52,3,53,0" doraHai="57" doraHaiUra="111" who="0" fromWho="0" sc="211,130,256,-40,334,-40,189,-40" /><INIT seed="4,1,0,1,4,73" ten="341,216,294,149" oya="0" hai0="128,19,88,25,79,54,53,8,83,0,130,5,40" hai1="57,132,44,27,21,117,4,86,13,74,17,106,49" hai2="28,75,51,131,23,55,99,127,93,84,50,58,129" hai3="9,46,77,11,56,96,16,123,67,66,116,47,32"/><T35/><D40/><U10/><E117/><V112/><F75/><W104/><G123/><T105/><D105/><U122/><E122/><V63/><F112/><W41/><G116/><T124/><D124/><U125/><E74/><V59/><F127/><W69/><G32/><T119/><D119/><U81/><E125/><V7/><F7/><W43/><G69/><T108/><D108/><U134/><E57/><V113/><F113/><W76/><G104/><T2/><D2/><U107/><E134/><V20/><F84/><W42/><G96/><T29/><D88/><U135/><E135/><V26/><F23/><W14/><G11/><T68/><D68/><U34/><E34/><V126/><F126/><W95/><G95/><T97/><D19/><U118/><E118/><V36/><F36/><W45/><G56/><T38/><D38/><U70/><E70/><V15/><F15/><W85/><G85/><N who="0" m="48383" /><D97/><U82/><E132/><V120/><F120/><W90/><G90/><T33/><D33/><U133/><E133/><V102/><REACH who="2" step="1"/><F51/><REACH who="2" ten="341,216,284,149" step="2"/><W18/><G18/><T80/><D80/><U64/><E82/><V39/><F39/><W3/><REACH who="3" step="1"/><G3/><REACH who="3" ten="341,216,284,139" step="2"/><T1/><D0/><U60/><E17/><V78/><F78/><AGARI ba="1,2" hai="9,14,16,41,42,43,45,46,47,66,67,76,77,78" machi="78" ten="40,12000,2" yaku="1,1,2,1,8,1,52,3,54,1,53,0" doraHai="73" doraHaiUra="98" who="3" fromWho="2" sc="341,0,216,0,284,-123,139,143" /><INIT seed="5,0,0,2,5,8" ten="341,216,161,282" oya="1" hai0="114,32,27,98,26,129,130,81,84,13,0,110,103" hai1="57,48,64,67,37,118,87,19,88,113,92,33,115" hai2="122,51,28,107,93,36,18,94,2,31,105,120,66" hai3="23,134,10,76,21,77,34,108,65,6,85,60,35"/><U68/><E118/><V109/><F2/><W46/><G108/><T75/><D110/><U132/><E37/><V25/><F109/><W62/><G134/><T89/><D0/><U17/><E33/><V63/><F36/><W112/><G46/><T102/><D114/><N who="1" m="43531" /><E132/><V124/><F51/><W116/><G112/><T71/><D71/><U95/><E68/><V56/><F18/><N who="1" m="6665" /><E95/><V3/><F3/><W12/><G34/><T9/><D75/><U29/><E29/><V99/><F124/><W101/><G35/><T44/><D44/><U59/><E48/><V16/><F94/><W128/><G116/><T7/><D102/><U20/><E20/><V73/><F73/><W119/><G21/><T4/><D4/><U54/><E54/><V121/><F16/><W24/><G23/><T133/><D133/><U22/><E22/><V90/><REACH who="2" step="1"/><F25/><REACH who="2" ten="341,216,151,282" step="2"/><W111/><G24/><T82/><D32/><U55/><E55/><V83/><F83/><W69/><G119/><T40/><D82/><U123/><E123/><V41/><F41/><W91/><G111/><T126/><D40/><U53/><E53/><V106/><AGARI ba="0,1" hai="28,31,56,63,66,90,93,99,105,106,107,120,121,122" machi="106" ten="40,2700,0" yaku="1,1,0,1,53,0" doraHai="8" doraHaiUra="74" who="2" fromWho="2" sc="341,-7,216,-13,151,37,282,-7" /><INIT seed="6,0,0,4,2,131" ten="334,203,188,275" oya="2" hai0="9,59,106,89,122,40,100,48,7,77,44,13,68" hai1="128,4,85,37,95,46,3,125,52,104,73,109,83" hai2="49,96,110,105,94,18,121,11,103,32,54,71,20" hai3="12,119,72,42,30,65,27,62,15,111,53,78,92"/><V21/><F121/><W127/><G119/><T19/><D122/><U51/><E109/><V17/><F32/><W79/><G111/><T99/><D68/><U114/><E128/><V38/><F71/><W23/><G72/><T63/><D89/><U24/><E104/><V126/><F38/><W67/><G127/><T47/><D77/><N who="3" m="29193" /><G42/><T76/><D76/><U113/><E73/><V34/><F34/><W56/><G92/><N who="0" m="58471" /><D47/><U6/><E125/><V50/><F126/><W80/><G80/><T1/><D1/><U2/><E37/><V14/><F110/><W10/><G12/><T39/><D106/><U115/><E95/><V135/><F135/><W84/><G84/><T74/><D74/><U102/><E102/><V132/><F132/><W107/><G107/><T97/><D97/><U57/><E24/><N who="2" m="14351" /><F105/><W35/><G35/><T124/><D124/><U86/><E46/><N who="2" m="27959" /><F50/><W61/><G62/><T93/><D39/><U91/><E86/><V98/><F98/><W43/><G43/><T22/><D93/><U108/><E108/><V5/><F5/><AGARI ba="0,0" hai="5,10,15,23,27,30,53,56,61,65,67" m="29193" machi="5" ten="30,1000,0" yaku="8,1" doraHai="131" who="3" fromWho="2" sc="334,0,203,0,188,-10,275,10" /><AGARI ba="0,0" hai="2,3,4,5,6,51,52,57,83,85,91,113,114,115" machi="5" ten="40,2600,0" yaku="15,1,54,1" doraHai="131" who="1" fromWho="2" sc="334,0,203,26,178,-26,285,0" /><INIT seed="7,0,0,3,0,27" ten="334,229,152,285" oya="3" hai0="39,34,128,81,114,49,20,60,62,44,61,47,53" hai1="104,106,133,40,88,71,24,79,51,78,98,26,11" hai2="6,48,117,125,74,134,55,59,97,16,65,46,130" hai3="38,7,92,35,15,132,9,21,107,14,31,84,127"/><W103/><G127/><T41/><D34/><U5/><E71/><V108/><F108/><W8/><G132/><T109/><D109/><U105/><E133/><V68/><F74/><W23/><G38/><T30/><D128/><U95/><E40/><V126/><F134/><W90/><G107/><T75/><D114/><U54/><E78/><V115/><F6/><W100/><G35/><T121/><D121/><U112/><E79/><V87/><F97/><W1/><G1/><T42/><D75/><U37/><E37/><V85/><F85/><W12/><G12/><T124/><D124/><N who="2" m="47722" /><F87/><W73/><G73/><T67/><D81/><U101/><E112/><V63/><F16/><N who="3" m="8271" /><G23/><T70/><D30/><U18/><E18/><V28/><F115/><W122/><G122/><T77/><D77/><U113/><E113/><V110/><F110/><W120/><G120/><T43/><D20/><U91/><E106/><V119/><F130/><W66/><G66/><N who="0" m="41287" /><D62/><U129/><E129/><V93/><F93/><W10/><G10/><T57/><AGARI ba="0,0" hai="39,41,42,43,44,47,49,53,57,61,67" m="41287" machi="57" ten="30,8000,1" yaku="35,5" doraHai="27" who="0" fromWho="0" sc="334,80,229,-20,152,-20,285,-40" owari="414,51.0,209,-19.0,132,-37.0,245,5.0" /></mjloggm>