<mjloggm ver="2.3"><GO type="169" lobby="0"/><UN n0="%E3%82%A6%E3%83%AB%E3%83%88%E3%83%A9%E7%AB%8B%E7%9B%B4" n1="%E3%81%BE%E3%81%99%E3%81%8F%E3%81%AF%E3%81%8C%E3%81%97" n2="%E3%81%AF%E3%81%9F%E3%81%95%E3%82%93" n3="%E3%83%92%E3%83%AB%E3%83%99%E3%83%AB%E3%83%88" dan="18,16,16,16" rate="2252.27,2155.26,2131.39,2169.68" sx="M,F,M,M"/><TAIKYOKU oya="0"/><INIT seed="0,0,0,2,1,108" ten="250,250,250,250" oya="0" hai0="105,72,20,51,131,95,1,41,125,25,11,16,12" hai1="128,85,47,19,34,56,58,68,130,49,24,26,117" hai2="30,115,88,14,86,21,66,63,107,44,134,29,67" hai3="32,109,0,116,112,87,10,3,90,7,84,79,91"/><T6/><D105/><U42/><E117/><V9/><F107/><W40/><G109/><T71/><D71/><U15/><E68/><V100/><F100/><W81/><G116/><T74/><D131/><N who="1" m="50219" /><E85/><V97/><F97/><W78/><G32/><T18/><D125/><U35/><E35/><V64/><F134/><W92/><G3/><T73/><D95/><U110/><E110/><V61/><F44/><W83/><G40/><T135/><D135/><U101/><E101/><V13/><F115/><W99/><REACH who="3" step="1"/><G112/><REACH who="3" ten="250,250,250,240" step="2"/><T123/><D123/><U121/><E121/><V122/><F122/><W54/><G54/><T98/><D98/><U80/><E34/><V129/><F129/><W133/><G133/><T69/><D69/><U22/><E80/><N who="2" m="49223" /><F67/><W126/><G126/><T62/><D41/><U45/><E45/><V114/><F66/><W106/><G106/><T5/><D1/><U38/><E38/><V94/><F64/><W102/><AGARI ba="0,1" hai="0,7,10,78,79,81,83,84,87,90,91,92,99,102" machi="102" ten="20,5200,0" yaku="1,1,0,1,7,1,9,1,53,0" doraHai="108" doraHaiUra="118" who="3" fromWho="3" sc="250,-26,250,-13,250,-13,240,62" /><INIT seed="1,0,0,0,1,89" ten="224,237,237,302" oya="1" hai0="29,2,126,36,133,39,43,3,134,45,85,68,54" hai1="104,40,79,99,46,119,97,27,28,113,114,82,7" hai2="123,8,19,64,26,20,0,76,57,31,83,111,11" hai3="88,73,47,61,87,117,16,81,5,32,127,108,78"/><U80/><E119/><V72/><F123/><W125/><G32/><T94/><D68/><U86/><E7/><V60/><F111/><W22/><G108/><T122/><D29/><U13/><E13/><V121/><F121/><W23/><G5/><T12/><D122/><U1/><E1/><V30/><REACH who="2" step="1"/><F0/><REACH who="2" ten="224,237,227,302" step="2"/><W131/><G117/><T132/><D2/><U96/><E114/><V33/><F33/><W18/><G127/><T59/><D3/><U6/><E113/><V49/><F49/><W74/><G125/><T93/><D126/><U70/><E104/><V55/><F55/><W101/><G131/><T53/><D39/><U115/><E115/><V120/><F120/><W48/><G61/><T105/><D105/><U84/><E40/><V77/><F77/><W106/><G78/><T21/><D54/><U9/><E79/><V15/><F15/><W38/><G38/><T67/><D67/><U65/><E65/><V116/><F116/><W58/><G106/><T135/><D135/><U44/><E27/><V100/><F100/><W14/><G101/><T17/><D85/><U129/><E84/><V42/><F42/><W128/><G128/><T56/><D56/><U91/><E86/><V118/><F118/><W90/><G58/><T66/><REACH who="0" step="1"/><D66/><REACH who="0" ten="214,237,227,302" step="2"/><U34/><E70/><V4/><F4/><W62/><G74/><T63/><AGARI ba="0,2" hai="12,17,21,36,43,45,53,59,63,93,94,132,133,134" machi="63" ten="30,12000,2" yaku="1,1,2,1,0,1,20,1,52,2,53,1" doraHai="89" doraHaiUra="51" who="0" fromWho="0" sc="214,140,237,-60,227,-30,302,-30" /><INIT seed="2,0,0,5,0,93" ten="354,177,197,272" oya="2" hai0="90,57,55,7,27,20,60,134,32,120,115,105,34" hai1="69,56,51,75,103,126,47,8,13,84,130,107,31" hai2="82,33,99,26,128,86,12,10,129,83,1,15,101" hai3="87,119,46,63,72,109,14,19,59,35,22,127,114"/><V95/><F1/><W65/><G114/><T125/><D120/><U88/><E69/><V89/><F82/><W54/><G72/><T44/><D115/><U5/><E75/><V53/><F53/><W3/><G109/><T74/><D74/><U2/><E31/><V11/><F15/><W62/><G119/><T112/><D112/><U30/><E30/><N who="2" m="19671" /><F12/><W97/><G127/><T113/><D125/><U132/><E126/><V66/><F66/><W117/><G117/><T50/><D113/><U111/><E111/><V67/><F67/><W28/><G3/><T96/><D7/><U36/><E2/><V118/><F118/><W39/><G87/><T80/><D80/><U94/><E13/><V91/><F89/><W85/><G85/><T43/><D134/><U42/><E88/><V135/><F135/><W49/><G62/><T4/><D4/><U79/><E132/><V133/><F133/><W116/><G116/><T29/><REACH who="0" step="1"/><D90/><REACH who="0" ten="344,177,197,272" step="2"/><U52/><E5/><V81/><F81/><W61/><G35/><T38/><D38/><U24/><E36/><V40/><F40/><N who="3" m="24775" /><G39/><T23/><D23/><U73/><E42/><V70/><F70/><W45/><G22/><T18/><D18/><U131/><E73/><V124/><F124/><W76/><G28/><T106/><D106/><U92/><E107/><V41/><F41/><W102/><G19/><T58/><D58/><U71/><E56/><V37/><F37/><W21/><G21/><T16/><D16/><U123/><E71/><V25/><F25/><W6/><G6/><T0/><D0/><U122/><E122/><RYUUKYOKU ba="0,1" sc="344,15,177,-15,197,15,272,-15" hai0="20,27,29,32,34,43,44,50,55,57,60,96,105" hai2="10,11,83,86,91,95,99,101,128,129" /><INIT seed="2,1,1,5,1,34" ten="359,162,212,257" oya="2" hai0="28,11,13,20,92,129,73,26,121,30,59,106,76" hai1="12,125,70,93,68,49,14,122,65,123,99,41,63" hai2="61,110,87,8,37,42,44,105,53,101,51,107,124" hai3="100,40,88,115,111,132,118,0,85,120,3,130,52"/><V5/><F124/><W35/><G118/><T45/><D106/><U104/><E125/><V128/><F128/><W39/><G120/><N who="1" m="46122" /><E104/><V64/><F110/><W55/><G35/><T113/><D113/><U33/><E33/><V91/><F101/><W81/><G130/><T57/><D129/><U74/><E74/><V32/><F32/><W54/><G111/><T78/><D121/><U24/><E24/><V89/><F37/><W116/><G116/><T135/><D135/><U15/><E70/><V95/><F89/><W29/><G29/><T4/><D30/><U69/><E69/><V18/><F18/><W6/><G115/><T71/><D71/><U56/><E68/><V80/><F95/><W109/><G109/><T86/><D45/><N who="1" m="25775" /><E15/><V1/><REACH who="2" step="1"/><F42/><REACH who="2" ten="359,162,202,257" step="2"/><W22/><G100/><AGARI ba="1,2" hai="12,14,56,63,65,93,99,100" m="25775,46122" machi="100" ten="30,1000,0" yaku="13,1" doraHai="34" who="1" fromWho="3" sc="359,0,162,33,202,0,257,-13" /><INIT seed="3,0,0,1,3,44" ten="359,195,202,244" oya="3" hai0="86,21,51,92,36,41,124,74,107,45,58,43,15" hai1="122,131,89,82,46,7,79,83,111,119,35,81,126" hai2="34,18,90,1,112,26,0,2,5,63,130,33,129" hai3="76,54,114,123,37,106,77,61,8,97,30,56,69"/><W42/><G114/><T85/><D107/><U93/><E122/><V31/><F63/><W47/><G123/><T40/><D74/><U84/><E35/><V52/><F52/><W66/><G30/><T13/><D124/><U53/><E126/><V125/><F90/><W91/><G8/><T88/><D85/><U14/><E111/><V116/><F125/><W115/><G115/><T27/><D58/><U50/><E131/><N who="2" m="50187" /><F112/><W78/><G91/><T99/><D99/><N who="1" m="57775" /><E119/><V20/><F116/><W19/><G19/><N who="0" m="12735" /><D36/><U134/><E134/><V135/><F135/><W10/><G10/><AGARI ba="0,0" hai="7,10,14,46,50,53,79,81,82,83,84" m="57775" machi="10" ten="30,2000,0" yaku="8,1,52,1" doraHai="44" who="1" fromWho="3" sc="359,0,195,20,202,0,244,-20" /><INIT seed="4,0,0,3,3,65" ten="359,215,202,224" oya="0" hai0="104,92,21,48,53,110,31,108,98,124,14,76,103" hai1="4,37,87,81,60,133,23,82,46,51,121,67,88" hai2="9,109,115,22,40,50,42,132,35,6,43,106,86" hai3="113,79,129,24,20,75,122,0,95,94,63,96,77"/><T56/><D124/><U61/><E121/><V17/><F35/><W44/><G0/><T41/><D76/><U101/><E133/><V134/><F106/><W55/><G113/><T52/><D41/><U130/><E130/><V127/><F109/><W84/><G75/><T28/><D104/><U33/><E33/><V13/><F127/><W131/><G122/><T15/><D53/><U80/><E37/><V57/><F115/><W97/><G84/><T85/><D85/><U7/><E101/><V30/><F30/><N who="0" m="11306" /><D21/><U123/><E123/><V116/><F116/><W19/><G131/><T36/><D36/><U93/><E23/><V8/><F86/><W12/><G24/><T38/><D38/><U117/><E117/><V99/><F99/><N who="3" m="37963" /><G129/><T10/><D10/><U119/><E119/><V120/><F120/><W29/><G29/><T90/><D103/><U11/><E11/><V32/><F32/><W69/><G69/><T59/><D59/><N who="1" m="37279" /><E61/><V54/><REACH who="2" step="1"/><F9/><REACH who="2" ten="359,215,192,224" step="2"/><W74/><G74/><T16/><D110/><U135/><E135/><V114/><F114/><W39/><G39/><T128/><D108/><U125/><E125/><V89/><F89/><W49/><G79/><T83/><D128/><U102/><E102/><V78/><F78/><W1/><G77/><T73/><D73/><U71/><E82/><V72/><F72/><W25/><G95/><T112/><D83/><U66/><E81/><V68/><F68/><W58/><G94/><T47/><D112/><U70/><E80/><V126/><F126/><W3/><G25/><AGARI ba="0,1" hai="6,8,13,17,22,25,40,42,43,50,54,57,132,134" machi="25" ten="40,1300,0" yaku="1,1,53,0" doraHai="65" doraHaiUra="62" who="2" fromWho="3" sc="359,0,215,0,192,23,224,-13" /><INIT seed="5,0,0,0,4,61" ten="359,215,215,211" oya="1" hai0="19,0,8,66,67,60,57,93,5,130,88,79,58" hai1="46,4,15,13,108,34,132,33,62,35,123,117,9" hai2="36,49,113,70,102,30,28,112,127,25,59,118,47" hai3="45,87,54,32,115,7,56,109,39,135,11,63,110"/><U38/><E117/><V95/><F118/><W64/><G32/><T37/><D37/><U103/><E123/><V22/><F70/><W44/><G115/><N who="2" m="44105" /><F127/><W133/><G11/><T55/><D130/><U126/><E126/><V98/><F36/><W85/><G7/><T86/><D79/><U129/><E129/><V125/><F125/><W23/><G23/><T97/><D19/><U75/><E75/><V27/><F59/><N who="3" m="36991" /><G87/><T20/><D20/><U106/><E132/><N who="3" m="50762" /><G85/><T42/><D42/><U99/><E108/><N who="3" m="41578" /><G39/><T80/><D80/><U94/><E15/><V6/><F6/><W18/><G18/><T78/><D78/><U14/><E14/><V89/><F89/><W77/><G77/><T101/><D86/><U50/><E38/><V124/><F124/><W119/><G119/><T74/><D74/><U104/><REACH who="1" step="1"/><E62/><AGARI ba="0,0" hai="44,45,54,56,62" m="41578,50762,36991" machi="62" ten="30,7700,0" yaku="20,1,34,2,52,1" doraHai="61" who="3" fromWho="1" sc="359,0,215,-77,215,0,211,77" /><INIT seed="6,0,0,5,3,132" ten="359,138,215,288" oya="2" hai0="23,22,32,71,81,109,116,54,29,114,47,104,40" hai1="43,133,35,1,86,48,117,45,129,128,74,34,33" hai2="76,62,80,107,97,5,111,66,123,83,88,56,87" hai3="92,19,118,112,25,13,105,15,89,134,20,14,57"/><V79/><F123/><W10/><G105/><T101/><D109/><U38/><E117/><V60/><F111/><W21/><G118/><T11/><D54/><U53/><E133/><V50/><F5/><W70/><G70/><T8/><D81/><U7/><E86/><V3/><F3/><W115/><G134/><T69/><D116/><U120/><E120/><V124/><F124/><W51/><G51/><T63/><D69/><U31/><E74/><V78/><F62/><W127/><G57/><T95/><D95/><U46/><REACH who="1" step="1"/><E31/><REACH who="1" ten="359,128,215,288" step="2"/><V121/><F121/><W65/><G115/><T90/><D29/><U27/><E27/><V131/><F131/><W42/><G25/><T94/><D114/><U2/><E2/><V52/><F83/><W73/><G73/><T16/><D8/><AGARI ba="0,1" hai="1,7,8,33,34,35,38,43,45,46,48,53,128,129" machi="8" ten="50,1600,0" yaku="1,1,53,0" doraHai="132" doraHaiUra="61" who="1" fromWho="0" sc="359,-16,128,26,215,0,288,0" /><INIT seed="7,0,0,3,3,127" ten="343,154,215,288" oya="3" hai0="76,71,118,126,62,37,4,93,45,32,102,131,120" hai1="43,15,100,59,8,22,51,44,65,109,110,90,111" hai2="26,91,121,19,116,119,92,104,89,11,35,134,0" hai3="2,79,67,29,63,96,57,38,16,7,31,107,108"/><W39/><G108/><T122/><D118/><U36/><E100/><V82/><F104/><W33/><G79/><T68/><D93/><U80/><E22/><V56/><F121/><N who="0" m="46698" /><D131/><U113/><E113/><V129/><F134/><W27/><G31/><T72/><D126/><U98/><E98/><V74/><F129/><W42/><G42/><N who="0" m="22735" /><D102/><U47/><E65/><V24/><F35/><W6/><G6/><T53/><D53/><U125/><E59/><V124/><F124/><W18/><G57/><T94/><D94/><U25/><E25/><V49/><F24/><W20/><G20/><T103/><D103/><U54/><E125/><V101/><F101/><N who="3" m="62887" /><G18/><T3/><D62/><U83/><E83/><V28/><F82/><W9/><G16/><T58/><D58/><U73/><E73/><V135/><F74/><W5/><G5/><T84/><D84/><U128/><E128/><V105/><F105/><W14/><G14/><T1/><D32/><U17/><REACH who="1" step="1"/><E111/><REACH who="1" ten="343,144,215,288" step="2"/><V87/><F56/><W130/><G130/><T40/><D72/><U70/><E70/><V10/><F26/><W86/><G86/><AGARI ba="0,1" hai="8,15,17,36,43,44,47,51,54,80,86,90,109,110" machi="86" ten="40,8000,1" yaku="1,1,25,2,53,1" doraHai="127" doraHaiUra="46" who="1" fromWho="3" sc="343,0,144,90,215,0,288,-80" owari="343,44.0,234,3.0,215,-18.0,208,-29.0" /></mjloggm>