<mjloggm ver="2.3"><GO type="169" lobby="0"/><UN n0="%E7%AB%B9%E4%BA%95%E4%B9%85%EF%BC%A0%E9%83%A8%E9%95%B7" n1="%E5%A4%A9%E5%9C%B0%E3%81%AE%E6%98%A5" n2="%67%63%40%E6%BF%80%E8%BE%9B" n3="%E3%83%88%E3%83%88%E3%83%AA%E5%85%88%E7%94%9F%31%39%E6%AD%B3" dan="17,16,18,19" rate="2179.64,2079.50,2224.29,2294.96" sx="F,M,M,F"/><TAIKYOKU oya="0"/><INIT seed="0,0,0,3,3,75" ten="250,250,250,250" oya="0" hai0="20,81,6,34,112,22,115,113,79,38,109,29,111" hai1="74,35,101,30,8,87,5,129,49,92,68,96,44" hai2="28,104,110,89,60,65,134,80,19,17,103,16,118" hai3="133,70,116,41,31,55,132,40,12,7,13,25,46"/><T27/><D38/><U59/><E74/><V14/><F110/><N who="0" m="41994" /><D6/><U97/><E68/><V26/><F134/><N who="3" m="51819" /><G116/><T54/><D54/><U50/><E129/><V39/><F39/><W71/><G55/><T36/><D36/><U122/><E30/><V21/><F118/><W53/><G53/><T23/><D34/><U48/><E35/><V126/><F126/><W124/><G124/><T69/><D69/><N who="3" m="26121" /><G7/><T4/><D4/><U120/><E59/><V93/><F104/><W127/><G127/><T42/><D42/><N who="3" m="16489" /><G46/><T77/><D77/><U76/><E44/><V78/><F103/><W114/><G114/><N who="0" m="29187" /><T105/><DORA hai="15" /><D105/><U33/><E33/><AGARI ba="0,0" hai="12,13,25,31,33" m="16489,26121,51819" machi="33" ten="30,1000,0" yaku="20,1" doraHai="75,15" who="3" fromWho="1" sc="250,0,250,-10,250,0,250,10" /><INIT seed="1,0,0,1,2,106" ten="250,240,250,260" oya="1" hai0="31,119,16,115,59,11,129,62,37,117,57,93,111" hai1="0,7,20,77,86,29,120,36,66,24,6,104,33" hai2="54,76,40,92,88,49,87,128,132,96,38,10,101" hai3="4,48,52,23,21,41,90,12,135,114,122,81,71"/><U72/><E120/><V89/><F128/><W2/><G114/><T45/><D115/><U103/><E86/><V39/><F132/><W63/><G122/><T19/><D129/><U42/><E66/><V25/><F76/><W91/><G2/><T78/><D111/><U47/><E7/><V80/><F40/><W46/><G135/><T3/><D31/><U108/><E108/><V60/><F60/><W94/><G81/><T73/><D59/><U51/><E51/><V53/><F53/><W17/><G4/><T15/><D3/><U102/><E20/><V34/><F10/><W110/><G110/><T105/><D105/><U1/><E103/><V44/><REACH who="2" step="1"/><F101/><REACH who="2" ten="250,240,240,260" step="2"/><W5/><G41/><T83/><D62/><U61/><E61/><V56/><F56/><W50/><G63/><T131/><D57/><U126/><E126/><V133/><F133/><W69/><G71/><T67/><D131/><U13/><E102/><V8/><F8/><N who="3" m="6279" /><G69/><T127/><D11/><N who="1" m="2503" /><E1/><V58/><F58/><N who="3" m="33031" /><G5/><T95/><D127/><U79/><E77/><V107/><F107/><W28/><G46/><T74/><D45/><U100/><E100/><V75/><F75/><W26/><G50/><T112/><D74/><U14/><E104/><V125/><F125/><W113/><G113/><T116/><D112/><U123/><E123/><V35/><F35/><N who="3" m="20887" /><G91/><T121/><D121/><U82/><AGARI ba="0,1" hai="13,14,24,29,33,36,42,47,72,79,82" m="2503" machi="82" ten="30,3000,0" yaku="25,1,52,1" doraHai="106" who="1" fromWho="1" sc="250,-10,240,40,240,-10,260,-10" /><INIT seed="1,1,0,0,5,19" ten="240,280,230,250" oya="1" hai0="129,102,34,66,44,12,50,30,123,43,9,127,94" hai1="95,51,22,110,17,69,56,57,101,108,119,62,96" hai2="77,74,40,10,38,109,49,70,0,60,36,100,20" hai3="4,39,88,91,114,58,104,78,26,13,28,1,42"/><U32/><E32/><V97/><F109/><N who="1" m="42089" /><E119/><V99/><F49/><W68/><G114/><T16/><D127/><U25/><E51/><V72/><F97/><W81/><G68/><T82/><D129/><U27/><E25/><V31/><F0/><W130/><G104/><T48/><D123/><U35/><E35/><V117/><F10/><N who="3" m="2319" /><G58/><N who="1" m="22634" /><E69/><V47/><F38/><W115/><G13/><T87/><D50/><U6/><E62/><V33/><F117/><W111/><G130/><T52/><D34/><U67/><E6/><V120/><F120/><W132/><G132/><T76/><D43/><U24/><E27/><V2/><F60/><W89/><G115/><T125/><D125/><U37/><E67/><V54/><F70/><W134/><G134/><T61/><D30/><U65/><E65/><V113/><F113/><W8/><G111/><T106/><D66/><U118/><E118/><V14/><F33/><W5/><G26/><T53/><D61/><U80/><E80/><V11/><F31/><W128/><G28/><T112/><D112/><U85/><E85/><V64/><F64/><W116/><G116/><T83/><D83/><U105/><E105/><V41/><F41/><W121/><G121/><T59/><D106/><U84/><E84/><V92/><F40/><W135/><G135/><T124/><D124/><U79/><E79/><V18/><F77/><W45/><G128/><T107/><D107/><U133/><E133/><V90/><F36/><AGARI ba="1,0" hai="17,22,24,36,37,95,96,101" m="22634,42089" machi="36" ten="30,5800,0" yaku="14,1,10,1,52,1" doraHai="19" who="1" fromWho="2" sc="240,0,280,61,230,-61,250,0" /><INIT seed="1,2,0,0,2,46" ten="240,341,169,250" oya="1" hai0="134,118,135,3,26,68,120,35,32,1,69,34,124" hai1="119,106,58,115,133,116,110,16,64,112,0,77,42" hai2="103,12,94,79,88,11,117,80,74,82,37,72,21" hai3="108,123,19,61,100,18,67,122,102,39,10,43,47"/><U85/><E0/><V52/><F117/><W95/><G108/><T29/><D118/><U101/><E42/><V25/><F37/><W99/><G102/><T56/><D56/><U14/><E133/><N who="0" m="50697" /><D124/><U15/><E101/><V30/><F103/><W36/><G36/><T90/><D90/><U92/><E106/><V93/><F52/><W66/><G66/><T20/><D120/><U104/><E104/><V22/><F22/><W126/><G126/><T24/><D68/><U86/><E58/><V132/><F132/><W4/><G123/><T96/><D96/><U130/><E64/><V27/><F27/><W65/><G65/><T59/><D59/><U53/><E110/><V51/><F51/><W55/><G55/><T48/><D69/><U44/><E53/><V33/><F33/><N who="0" m="12906" /><D48/><U111/><E111/><V83/><F93/><W125/><G125/><T54/><D54/><U129/><E92/><V57/><F57/><W62/><G122/><T128/><D128/><U109/><E109/><V91/><F91/><W31/><G62/><T6/><D6/><U13/><E119/><V41/><F41/><W75/><G61/><T84/><D84/><N who="1" m="32363" /><E77/><V107/><F107/><W71/><G67/><T50/><D50/><U81/><E44/><V87/><REACH who="2" step="1"/><F79/><REACH who="2" ten="240,341,159,250" step="2"/><W8/><G39/><T17/><AGARI ba="2,1" hai="1,3,17,20,24,26,29,35" m="12906,50697" machi="17" ten="30,4000,0" yaku="20,1,34,2" doraHai="46" who="0" fromWho="0" sc="240,56,341,-22,159,-12,250,-12" /><INIT seed="2,0,0,0,4,135" ten="296,319,147,238" oya="2" hai0="103,55,50,75,96,129,80,98,51,93,21,34,52" hai1="31,132,88,8,6,127,43,102,131,71,74,124,25" hai2="109,76,87,66,130,44,113,117,115,39,54,14,4" hai3="11,37,118,47,133,17,59,107,18,61,3,116,108"/><V12/><F117/><W48/><G107/><T5/><D34/><U90/><E71/><V38/><F66/><W83/><G133/><T78/><D129/><U46/><E132/><V35/><F35/><W30/><G37/><T20/><D5/><U79/><E102/><V122/><F122/><W40/><G108/><T110/><D110/><U89/><E131/><V70/><F70/><W15/><G3/><T19/><D96/><U7/><E25/><V104/><F104/><W125/><G30/><T67/><D67/><U126/><E31/><V134/><F134/><W2/><G2/><T36/><D36/><N who="1" m="21863" /><E8/><N who="2" m="4103" /><F109/><W100/><G100/><T27/><REACH who="0" step="1"/><D21/><REACH who="0" ten="286,319,147,238" step="2"/><U41/><E41/><V84/><F39/><W85/><G118/><T53/><AGARI ba="0,1" hai="19,20,27,50,51,52,53,55,75,78,80,93,98,103" machi="53" ten="30,7900,0" yaku="1,1,2,1,0,1,54,1,53,0" doraHai="135" doraHaiUra="10" who="0" fromWho="0" sc="286,89,319,-20,147,-39,238,-20" /><INIT seed="3,0,0,5,1,57" ten="375,299,108,218" oya="3" hai0="35,14,4,48,89,53,119,123,82,79,114,8,78" hai1="107,73,34,117,58,52,103,111,115,63,64,122,62" hai2="135,22,131,30,38,130,33,108,59,2,6,51,86" hai3="68,1,43,0,91,11,71,74,66,134,95,61,28"/><W55/><G74/><T88/><D123/><U124/><E34/><V110/><F38/><W10/><G134/><T116/><D35/><U109/><E73/><V118/><F51/><W94/><G43/><T56/><D114/><U50/><E115/><V112/><F59/><W65/><G55/><T125/><D125/><U129/><E124/><V113/><F86/><W45/><G91/><T20/><D116/><U47/><E122/><V76/><F76/><N who="0" m="29226" /><D119/><U54/><E103/><V101/><F101/><W69/><G45/><T27/><D82/><U70/><E107/><V81/><F81/><W98/><G69/><T32/><D32/><U24/><E24/><N who="2" m="16663" /><F33/><W84/><G84/><T104/><D104/><U77/><E77/><V21/><F21/><W121/><G121/><T39/><D39/><U49/><E129/><N who="2" m="49163" /><F118/><W36/><G36/><T29/><AGARI ba="0,0" hai="4,8,14,20,27,29,48,53,56,88,89" m="29226" machi="29" ten="30,2000,0" yaku="8,1,54,1" doraHai="57" who="0" fromWho="0" sc="375,20,299,-5,108,-5,218,-10" /><INIT seed="4,0,0,5,3,26" ten="395,294,103,208" oya="0" hai0="65,1,135,120,52,109,6,57,77,108,32,117,31" hai1="69,42,68,56,55,122,45,131,125,75,105,82,48" hai2="43,40,4,119,118,61,21,25,99,88,67,58,60" hai3="85,59,81,130,97,23,50,29,73,114,11,47,17"/><T112/><D120/><U101/><E122/><V15/><F118/><W103/><G73/><T93/><D117/><U70/><E131/><V71/><F119/><W20/><G130/><T129/><D129/><U13/><E125/><V24/><F24/><N who="3" m="16543" /><G114/><T16/><D135/><U87/><E75/><V111/><F111/><W91/><G103/><T34/><D112/><U123/><E123/><V124/><F124/><W8/><G59/><T18/><D65/><U10/><E101/><V5/><F61/><W100/><G97/><T36/><D36/><U98/><E98/><V83/><F71/><W19/><G100/><T134/><D134/><U92/><E92/><V7/><F15/><N who="3" m="9279" /><G19/><T44/><D57/><U102/><E102/><V84/><REACH who="2" step="1"/><F99/><REACH who="2" ten="395,294,93,208" step="2"/><W76/><G91/><T126/><D126/><U80/><E105/><V35/><F35/><W116/><G116/><T94/><D34/><U90/><E70/><V22/><F22/><W79/><G79/><T95/><D77/><U51/><E80/><V41/><F41/><AGARI ba="0,1" hai="8,11,41,47,50,76,81,85" m="9279,16543" machi="41" ten="30,2000,0" yaku="8,1,52,1" doraHai="26" who="3" fromWho="2" sc="395,0,294,0,93,-20,208,30" /><INIT seed="5,0,0,2,0,108" ten="395,294,73,238" oya="1" hai0="4,84,92,48,93,78,15,106,1,52,39,34,80" hai1="22,121,122,3,47,124,38,62,55,11,116,33,28" hai2="66,118,94,70,2,128,29,90,102,81,24,51,26" hai3="101,77,57,54,119,59,132,112,97,20,7,134,114"/><U44/><E116/><V41/><F128/><W40/><G119/><T16/><D39/><U46/><E38/><V21/><F2/><W17/><G77/><T53/><D106/><U32/><E124/><V50/><F70/><W61/><G7/><T100/><D34/><U86/><E22/><V0/><F0/><W49/><G17/><T79/><D1/><U85/><E28/><V87/><F118/><W126/><G20/><T125/><D4/><U43/><E43/><V123/><F123/><W110/><G110/><T129/><D129/><U23/><E23/><V56/><F41/><W35/><G35/><T45/><D125/><U76/><E76/><V99/><REACH who="2" step="1"/><F26/><REACH who="2" ten="395,294,63,238" step="2"/><W25/><G25/><T27/><D27/><U18/><E121/><V73/><F73/><W131/><G131/><T69/><D69/><U6/><E122/><V67/><F67/><N who="3" m="39343" /><G40/><T19/><D53/><U113/><E33/><V13/><F13/><W111/><G126/><T30/><D15/><U89/><E32/><V96/><F96/><W58/><G111/><T8/><D52/><U120/><E55/><V31/><F31/><W115/><G59/><T103/><D30/><U71/><E71/><V65/><F65/><W64/><G64/><T133/><D133/><U75/><E75/><V36/><F36/><W9/><G9/><T95/><D8/><U74/><E74/><V91/><F91/><W107/><AGARI ba="0,1" hai="49,54,58,97,101,107,112,114,115,132,134" m="39343" machi="107" ten="40,8000,1" yaku="15,1,52,3" doraHai="108" who="3" fromWho="3" sc="395,-20,294,-40,63,-20,238,90" /><INIT seed="6,0,0,5,5,36" ten="375,254,43,328" oya="2" hai0="83,124,129,112,51,19,53,80,96,25,117,2,48" hai1="50,71,59,5,17,106,119,60,108,33,95,13,116" hai2="92,1,122,121,89,21,125,61,115,123,41,67,32" hai3="78,66,16,3,65,46,22,70,8,73,47,99,57"/><V103/><F32/><W11/><G70/><T43/><D2/><U111/><E106/><V100/><F1/><W40/><G47/><T45/><D112/><U109/><E33/><V14/><F115/><W104/><G57/><T132/><D132/><U37/><E5/><V44/><F21/><W28/><G28/><T29/><D124/><U88/><E37/><V134/><F14/><W101/><G78/><T118/><D129/><U15/><E50/><V82/><F82/><W114/><G73/><T131/><D131/><U10/><E71/><V24/><F24/><W58/><G114/><T105/><D19/><U85/><REACH who="1" step="1"/><E15/><REACH who="1" ten="375,244,43,328" step="2"/><V35/><F35/><W55/><G3/><T81/><D105/><U87/><E87/><V91/><F125/><W120/><G120/><T107/><D107/><U38/><E38/><V72/><F72/><W127/><G127/><T23/><D96/><U49/><E49/><N who="2" m="26767" /><F134/><W63/><G65/><AGARI ba="0,1" hai="10,13,17,59,60,65,85,88,95,108,109,111,116,119" machi="65" ten="40,2600,0" yaku="1,1,54,1,53,0" doraHai="36" doraHaiUra="98" who="1" fromWho="3" sc="375,0,244,36,43,0,328,-26" /><INIT seed="7,0,0,3,1,11" ten="375,280,43,302" oya="3" hai0="97,119,118,124,104,102,116,94,122,25,115,114,129" hai1="71,50,62,38,42,95,60,13,57,31,49,67,110" hai2="120,132,103,64,1,89,82,80,68,56,125,75,3" hai3="17,77,22,93,98,76,30,45,105,9,10,5,83"/><W21/><G105/><T0/><D122/><U90/><E110/><V15/><F56/><W43/><G30/><T46/><D124/><U23/><E31/><V135/><F64/><W130/><G130/><T123/><D123/><U61/><E23/><V29/><F29/><W85/><G76/><T100/><D129/><U6/><E6/><V109/><F120/><W12/><G10/><T91/><D0/><U37/><E95/><V27/><F103/><W78/><G77/><T18/><D46/><N who="1" m="25815" /><E90/><V127/><F89/><N who="3" m="55599" /><G17/><T51/><D104/><U134/><E13/><V133/><F15/><W44/><G44/><T101/><D18/><U41/><E134/><V65/><F65/><W33/><G33/><T58/><D25/><U39/><E71/><V36/><F68/><W84/><G84/><T47/><D58/><U48/><E48/><AGARI ba="0,0" hai="5,9,12,21,22,43,45,48,78,83,85" m="55599" machi="48" ten="30,5800,0" yaku="25,1,8,1,52,1" doraHai="11" who="3" fromWho="1" sc="375,0,280,-58,43,0,302,58" /><INIT seed="7,1,0,5,0,30" ten="375,222,43,360" oya="3" hai0="131,52,94,18,19,33,39,86,118,59,85,91,23" hai1="26,99,38,3,46,75,92,56,87,47,114,109,31" hai2="49,36,84,28,111,4,51,16,5,122,101,132,90" hai3="21,126,48,96,12,98,44,129,53,25,130,120,100"/><W65/><G120/><T34/><D118/><U63/><E114/><V0/><F36/><W134/><G134/><T121/><D121/><U60/><E75/><V97/><F122/><W117/><G117/><T62/><D131/><N who="3" m="50185" /><G126/><T2/><D2/><U79/><E3/><V81/><F132/><W113/><G113/><T15/><D39/><U68/><E109/><V124/><F111/><W83/><G65/><T107/><D107/><U135/><E135/><V32/><F124/><W35/><G35/><T106/><D106/><U71/><E79/><V77/><F0/><W88/><G12/><T78/><D78/><U102/><E60/><V43/><F4/><W45/><G100/><T74/><D74/><U8/><E87/><V110/><F5/><W112/><G112/><T89/><D19/><U67/><E8/><V37/><F37/><W41/><G83/><AGARI ba="1,0" hai="15,18,23,33,34,52,59,62,83,85,86,89,91,94" machi="83" ten="30,7700,0" yaku="7,1,52,2,54,1" doraHai="30" who="0" fromWho="3" sc="375,80,222,0,43,0,360,-80" owari="455,56.0,222,-18.0,43,-46.0,280,8.0" /></mjloggm>