<mjloggm ver="2.3"><GO type="169" lobby="0"/><UN n0="%62%61%6B%61%73%65" n1="%E3%83%A9%E3%83%A0%E3%83%80%E3%81%95%E3%82%93" n2="%E3%83%88%E3%83%88%E3%83%AA%E5%85%88%E7%94%9F%31%39%E6%AD%B3" n3="%E3%82%A8%E3%83%83%E3%83%95%E3%82%A7%E3%83%AB%E5%A1%94" dan="17,17,19,16" rate="2271.50,2188.77,2259.48,2097.34" sx="F,M,F,M"/><TAIKYOKU oya="0"/><INIT seed="0,0,0,0,2,73" ten="250,250,250,250" oya="0" hai0="41,65,6,99,58,107,46,88,37,69,36,50,39" hai1="116,87,5,89,82,28,44,57,16,77,54,90,113" hai2="71,7,23,14,102,96,100,128,9,21,2,43,79" hai3="25,75,104,48,51,114,83,26,122,10,123,35,131"/><T97/><D6/><U120/><E116/><V24/><F71/><W20/><G114/><T59/><D99/><U130/><E120/><V17/><F128/><W40/><G35/><T129/><D129/><U61/><E130/><V15/><F43/><W98/><G131/><T49/><D107/><U110/><E110/><V76/><F2/><W127/><G10/><T78/><D78/><N who="2" m="29738" /><F96/><W66/><G26/><T81/><D97/><U115/><E5/><V85/><F85/><W111/><G75/><T67/><D88/><U94/><E28/><AGARI ba="0,0" hai="7,9,14,15,17,21,23,24,28,100,102" m="29738" machi="28" ten="30,7700,0" yaku="8,1,52,3" doraHai="73" who="2" fromWho="1" sc="250,0,250,-77,250,77,250,0" /><INIT seed="1,0,0,3,4,58" ten="250,173,327,250" oya="1" hai0="18,73,61,44,40,100,75,71,1,88,12,106,77" hai1="87,128,59,97,112,63,31,48,126,94,82,20,66" hai2="14,57,68,78,38,54,16,69,6,7,0,86,47" hai3="32,130,90,129,53,79,111,50,46,93,52,101,76"/><U34/><E112/><V105/><F105/><W85/><G32/><T56/><D1/><U65/><E128/><N who="3" m="49258" /><G111/><T116/><D71/><U80/><E126/><V70/><F0/><W110/><G110/><T49/><D116/><U124/><E124/><V22/><F78/><N who="3" m="29739" /><G101/><T125/><D125/><U119/><E119/><V39/><F86/><W42/><AGARI ba="0,0" hai="42,46,50,52,53,85,90,93" m="29739,49258" machi="42" ten="30,2000,0" yaku="19,1,54,1" doraHai="58" who="3" fromWho="3" sc="250,-5,173,-10,327,-5,250,20" /><INIT seed="2,0,0,2,5,30" ten="245,163,322,270" oya="2" hai0="89,92,111,42,65,86,106,118,73,78,16,53,59" hai1="5,84,47,56,60,26,101,82,22,44,71,115,122" hai2="85,15,99,7,29,70,54,2,50,117,87,27,102" hai3="0,121,3,132,116,17,128,34,95,43,74,108,38"/><V79/><F117/><W109/><RYUUKYOKU type="yao9" ba="0,0" sc="245,0,163,0,322,0,270,0" hai3="0,3,17,34,38,43,74,95,108,109,116,121,128,132" /><INIT seed="2,1,0,1,2,50" ten="245,163,322,270" oya="2" hai0="76,110,47,125,37,102,116,45,66,21,29,58,51" hai1="53,84,11,22,131,5,31,106,17,112,123,16,70" hai2="132,0,39,105,8,119,99,109,32,30,82,89,88" hai3="101,81,60,14,72,49,62,71,114,63,67,122,94"/><V117/><F39/><W78/><G122/><T121/><D121/><U25/><E123/><V103/><F109/><W10/><G114/><T107/><D110/><U77/><E112/><V57/><F132/><W86/><G49/><T35/><D35/><U55/><E106/><V96/><F32/><W33/><G33/><T27/><D125/><U43/><E70/><V98/><F30/><W42/><G42/><T95/><D107/><U18/><E131/><V12/><F0/><W133/><G133/><T87/><D116/><U129/><E129/><V80/><F119/><W115/><G115/><T91/><D37/><U118/><E43/><V104/><F117/><W48/><G48/><T135/><D135/><U85/><E118/><V52/><F105/><W64/><G71/><T93/><D76/><U90/><E77/><V38/><F38/><W46/><G46/><T1/><D1/><U15/><E85/><V108/><F108/><W124/><G124/><T92/><D102/><U19/><N who="1" m="4096" /><DORA hai="74" /><U83/><AGARI ba="1,0" hai="5,11,15,22,25,31,53,55,83,84,90" m="4096" machi="83" ten="40,12000,2" yaku="4,1,0,1,8,1,52,2,54,1" doraHai="50,74" who="1" fromWho="1" sc="245,-31,163,123,322,-61,270,-31" /><INIT seed="3,0,0,5,3,10" ten="214,286,261,239" oya="3" hai0="45,34,52,118,8,50,68,38,103,86,40,76,18" hai1="49,51,19,82,100,130,124,119,133,53,35,25,98" hai2="93,5,83,135,105,12,21,63,104,1,69,22,115" hai3="99,84,2,64,111,79,27,112,44,97,56,60,81"/><W29/><G112/><T72/><D118/><U120/><E120/><V123/><F115/><W46/><G2/><T66/><D34/><U75/><E130/><V92/><F1/><W11/><G11/><T55/><D72/><U109/><E109/><V61/><F83/><W48/><G111/><T41/><D103/><U131/><E131/><V9/><F135/><W108/><G108/><T39/><D86/><U67/><E67/><V128/><F128/><W26/><G46/><N who="0" m="23839" /><D18/><U42/><E124/><V32/><F32/><W110/><G110/><T113/><D8/><U65/><E65/><V31/><F69/><W126/><G126/><T132/><D76/><U94/><E133/><V43/><F43/><W24/><REACH who="3" step="1"/><G29/><REACH who="3" ten="214,286,261,229" step="2"/><T14/><D132/><U134/><E134/><V106/><F31/><W23/><G23/><T59/><D113/><U89/><E35/><V80/><F21/><W116/><G116/><T0/><D0/><U101/><E119/><V36/><F22/><W85/><G85/><T90/><D90/><U117/><E89/><V57/><F9/><W47/><G47/><T77/><D77/><U114/><E117/><V13/><F5/><W125/><G125/><T127/><D127/><U129/><E114/><V78/><F78/><W70/><G70/><T73/><D73/><U102/><E75/><V6/><F6/><W62/><G62/><N who="0" m="40023" /><D14/><U20/><E129/><V30/><F12/><W33/><G33/><T28/><D28/><U16/><E20/><V54/><F13/><W4/><G4/><T37/><D59/><U15/><E15/><V107/><F30/><RYUUKYOKU ba="0,1" sc="214,15,286,-15,261,-15,229,15" hai0="37,38,41,45,50,52,55" hai3="24,26,27,44,48,56,60,64,79,81,84,97,99" /><INIT seed="3,1,1,1,3,71" ten="229,271,246,244" oya="3" hai0="76,48,72,31,98,21,13,109,80,117,121,107,75" hai1="133,102,29,124,39,26,70,16,61,8,38,15,89" hai2="14,24,86,41,126,85,111,116,123,32,131,77,59" hai3="44,127,51,105,82,46,22,120,69,10,47,58,40"/><W36/><G105/><T60/><D121/><U52/><E133/><V128/><F116/><W118/><G120/><T122/><D122/><U129/><E129/><V37/><F123/><W96/><G118/><T45/><D117/><U101/><E124/><V30/><F126/><W73/><G127/><T42/><D109/><U65/><E89/><V17/><F111/><W114/><G114/><T83/><D60/><U88/><E88/><V54/><F41/><W33/><G33/><T97/><D107/><U84/><E84/><V57/><F37/><W23/><G69/><T34/><D34/><U78/><E78/><V11/><F57/><W68/><G68/><T94/><D94/><U19/><E19/><V1/><F1/><W106/><G10/><T12/><D12/><U95/><E52/><V93/><F93/><W79/><G58/><T5/><D5/><U74/><E74/><V3/><F3/><W55/><REACH who="3" step="1"/><G47/><REACH who="3" ten="229,271,246,234" step="2"/><T103/><D45/><U132/><E132/><V20/><F32/><W135/><G135/><T0/><D21/><U9/><E9/><V7/><F59/><W6/><G6/><T134/><D134/><U108/><E108/><V25/><F7/><W130/><G130/><T49/><D75/><U56/><E70/><V63/><F11/><W27/><G27/><T43/><D72/><U100/><REACH who="1" step="1"/><E95/><REACH who="1" ten="229,261,246,234" step="2"/><V28/><F131/><W110/><G110/><T81/><D81/><U91/><E91/><V90/><F128/><W87/><G87/><T67/><D83/><U50/><E50/><V64/><F90/><W112/><G112/><T62/><D80/><RYUUKYOKU ba="1,3" sc="229,-15,261,15,246,-15,234,15" hai1="8,15,16,26,29,38,39,56,61,65,100,101,102" hai3="22,23,36,40,44,46,51,55,73,79,82,96,106" /><INIT seed="3,2,3,2,3,134" ten="214,276,231,249" oya="3" hai0="124,51,58,103,12,14,76,4,70,60,82,88,109" hai1="130,5,74,104,21,90,23,52,33,116,20,37,19" hai2="49,102,65,15,44,40,108,120,131,75,110,99,28" hai3="97,48,96,129,107,66,92,1,57,86,64,36,50"/><W8/><G36/><T47/><D70/><U132/><E33/><V100/><F75/><W95/><G107/><T101/><D109/><N who="2" m="42090" /><F131/><W77/><G129/><T84/><D124/><U10/><E130/><V2/><F2/><W26/><G1/><T106/><D106/><U114/><E114/><V39/><F120/><W80/><G8/><N who="0" m="4103" /><D14/><U87/><E74/><V85/><F28/><W72/><G72/><T135/><D76/><U61/><E37/><V78/><F65/><W62/><G64/><N who="0" m="38935" /><D135/><U112/><E112/><V53/><F99/><N who="3" m="37963" /><G26/><T118/><D118/><U94/><E104/><V29/><F29/><W30/><G30/><T6/><D6/><U125/><E125/><V32/><F32/><W111/><G111/><T67/><D67/><U25/><E116/><V71/><F71/><W89/><G77/><T34/><D34/><U68/><E132/><V127/><F127/><W73/><G73/><T123/><D123/><U41/><E41/><AGARI ba="2,3" hai="41,47,51,82,84,88,101,103" m="38935,4103" machi="41" ten="30,2000,0" yaku="8,1,54,1" doraHai="134" who="0" fromWho="1" sc="214,56,276,-26,231,0,249,0" /><INIT seed="4,0,0,0,1,19" ten="270,250,231,249" oya="0" hai0="103,114,130,107,131,125,54,47,24,100,84,72,14" hai1="26,42,112,23,48,80,104,105,51,66,120,32,78" hai2="106,64,134,102,115,43,4,99,81,74,21,77,62" hai3="10,79,3,18,11,76,38,13,7,82,93,117,91"/><T67/><D72/><U101/><E120/><V108/><F108/><W126/><G117/><T128/><D114/><U52/><E32/><V46/><F115/><W44/><G126/><T129/><D125/><U29/><E66/><V37/><F4/><W55/><G82/><T53/><D131/><U45/><E101/><N who="0" m="38985" /><D107/><U20/><E20/><V70/><REACH who="2" step="1"/><F21/><REACH who="2" ten="270,250,221,249" step="2"/><W50/><G38/><T27/><D130/><U124/><E112/><V73/><F73/><W98/><AGARI ba="0,1" hai="3,7,10,11,13,18,44,50,55,76,79,91,93,98" machi="98" ten="20,1500,0" yaku="0,1,7,1" doraHai="19" who="3" fromWho="3" sc="270,-7,250,-4,221,-4,249,25" /><INIT seed="5,0,0,3,5,124" ten="263,246,217,274" oya="1" hai0="133,107,66,64,72,102,24,112,86,18,69,120,92" hai1="114,25,97,60,87,35,113,14,122,119,55,3,126" hai2="41,17,48,128,45,76,22,27,71,12,40,49,106" hai3="31,11,116,50,78,118,8,95,42,129,109,108,100"/><U37/><E119/><N who="3" m="45610" /><G78/><T115/><D72/><U85/><E122/><V101/><F71/><W4/><G31/><T46/><D120/><U105/><E3/><V131/><F76/><W121/><G121/><T5/><D133/><U6/><E37/><V47/><F101/><W38/><G38/><T135/><D135/><U96/><E126/><V134/><F106/><W26/><G26/><T90/><D5/><U28/><E6/><V21/><F134/><W7/><G95/><T20/><D69/><U104/><E14/><V9/><F22/><W98/><G50/><T43/><D102/><U91/><E87/><V103/><F103/><W73/><G42/><T70/><D107/><U23/><E35/><V62/><F62/><W19/><G19/><AGARI ba="0,0" hai="9,12,17,19,21,27,40,41,45,47,48,49,128,131" machi="19" ten="40,5200,0" yaku="9,1,52,2" doraHai="124" who="2" fromWho="3" sc="263,0,246,0,217,52,274,-52" /><INIT seed="6,0,0,0,1,112" ten="263,246,269,222" oya="2" hai0="48,8,45,78,125,57,35,126,10,98,130,58,110" hai1="65,77,51,13,30,120,2,106,17,103,88,38,14" hai2="66,108,41,28,92,117,100,118,74,1,5,133,40" hai3="25,11,4,85,79,71,99,73,111,121,135,53,32"/><V64/><F74/><W72/><G111/><T82/><D35/><U16/><E38/><V62/><F108/><W55/><G71/><T29/><D29/><U128/><E2/><V50/><F133/><W7/><G135/><T36/><D130/><U122/><E77/><V123/><F123/><N who="1" m="47145" /><E30/><V9/><F64/><W31/><G121/><T52/><D98/><N who="1" m="61815" /><E65/><V26/><F92/><W101/><G7/><T43/><D58/><U44/><E128/><V84/><F84/><W91/><G79/><T96/><D96/><U109/><E109/><V63/><F100/><W67/><G67/><T132/><D110/><U124/><E124/><N who="0" m="47721" /><D132/><U76/><E76/><V127/><F127/><W56/><G56/><T68/><D68/><U33/><E33/><V42/><F50/><W27/><G32/><T105/><D105/><U34/><E34/><V59/><F63/><W18/><G31/><T37/><D36/><U70/><E70/><V15/><F1/><W47/><G101/><T6/><D6/><U23/><E88/><V113/><F113/><W60/><G91/><T90/><D90/><U20/><E51/><V80/><F80/><W107/><G107/><T87/><AGARI ba="0,0" hai="8,10,37,43,45,48,52,57,78,82,87" m="47721" machi="87" ten="30,2000,0" yaku="18,1,54,1" doraHai="112" who="0" fromWho="0" sc="263,20,246,-5,269,-10,222,-5" /><INIT seed="7,0,0,0,3,99" ten="283,241,259,217" oya="3" hai0="1,15,34,107,12,74,86,26,61,100,23,24,43" hai1="83,3,18,20,79,84,119,129,62,101,128,48,71" hai2="33,115,32,77,120,28,63,134,36,65,118,21,114" hai3="70,126,38,8,17,19,39,133,121,52,90,6,47"/><W73/><G121/><T29/><D74/><U122/><E122/><V64/><F120/><W81/><G70/><T55/><D1/><U56/><E3/><V78/><F118/><W30/><G30/><T0/><D0/><U116/><E48/><V112/><F36/><W31/><G31/><T80/><D43/><U106/><E71/><N who="2" m="42399" /><F65/><W42/><G39/><T69/><D55/><U103/><E106/><V5/><F5/><W102/><G102/><N who="1" m="38922" /><E56/><V91/><F134/><W9/><G133/><T11/><D100/><U98/><E98/><V110/><F110/><W41/><G126/><T85/><D107/><U88/><E79/><N who="2" m="30219" /><F91/><W16/><G42/><T53/><D69/><U123/><E62/><V75/><F75/><W59/><G6/><T7/><D7/><U104/><E104/><V93/><F33/><W14/><G73/><T82/><D61/><U50/><E50/><V57/><F57/><W2/><G2/><T51/><D51/><U13/><E123/><V117/><F32/><W58/><G58/><T66/><D66/><U111/><E111/><V125/><F125/><W97/><G9/><T46/><D11/><U131/><AGARI ba="0,0" hai="13,18,20,83,84,88,116,119,128,129,131" m="38922" machi="131" ten="40,8000,1" yaku="19,1,52,3,54,1" doraHai="99" who="1" fromWho="1" sc="283,-20,241,80,259,-20,217,-40" owari="263,6.0,321,42.0,239,-16.0,177,-32.0" /></mjloggm>