<mjloggm ver="2.3"><GO type="169" lobby="0"/><UN n0="%79%6F%77%61%6B%69" n1="%E3%83%88%E3%83%88%E3%83%AA%E5%85%88%E7%94%9F%31%39%E6%AD%B3" n2="%E9%BB%84%E9%BE%8D%E5%85%84%E8%B2%B4" n3="%E3%82%83%E3%82%87%E3%81%83" dan="16,19,18,17" rate="2024.62,2296.87,2248.02,2210.43" sx="M,F,M,M"/><TAIKYOKU oya="0"/><INIT seed="0,0,0,1,3,99" ten="250,250,250,250" oya="0" hai0="88,84,46,74,24,116,135,13,83,70,119,77,102" hai1="3,64,113,128,97,95,101,81,40,115,42,124,62" hai2="117,18,41,59,22,63,28,19,10,45,21,38,29" hai3="16,58,110,39,122,78,4,96,75,86,66,50,33"/><T133/><D70/><U108/><E3/><V105/><F117/><W111/><G39/><T104/><D24/><U11/><E108/><V12/><F105/><W73/><G33/><T126/><D126/><U92/><E124/><V44/><F44/><W57/><G4/><T72/><D13/><U67/><E128/><V121/><F121/><W23/><G122/><T98/><D46/><U71/><E11/><V5/><F21/><W48/><G86/><T134/><D72/><U109/><E109/><N who="3" m="41482" /><G96/><T1/><D1/><U34/><E34/><V53/><REACH who="2" step="1"/><F19/><REACH who="2" ten="250,250,240,250" step="2"/><W2/><G16/><T87/><D74/><U112/><E92/><AGARI ba="0,1" hai="77,83,84,87,88,92,98,102,104,116,119,133,134,135" machi="92" ten="40,18000,2" yaku="20,1,34,3,52,1,54,1" doraHai="99" who="0" fromWho="1" sc="250,190,250,-180,240,0,250,0" /><INIT seed="0,1,0,4,1,12" ten="440,70,240,250" oya="0" hai0="105,69,36,54,50,10,19,74,24,85,77,86,95" hai1="31,3,128,70,92,82,110,98,8,35,58,52,60" hai2="21,39,116,90,103,133,1,62,132,75,23,106,118" hai3="17,33,4,40,46,101,72,78,66,59,6,18,80"/><T113/><D105/><U114/><E110/><V37/><F1/><W93/><G33/><T126/><D36/><N who="2" m="13898" /><F62/><W108/><G108/><T99/><D113/><U119/><E119/><N who="2" m="45611" /><F75/><W56/><G4/><T121/><D69/><U134/><E114/><V100/><F90/><W45/><G6/><T44/><D121/><U51/><E128/><V13/><F106/><W55/><G66/><T5/><D126/><U48/><E134/><N who="2" m="51819" /><F13/><W84/><G72/><T112/><D112/><U9/><E3/><V83/><F83/><W127/><G127/><T41/><D74/><U120/><E120/><V65/><F65/><W22/><G80/><T67/><D67/><U91/><E70/><V38/><F38/><W79/><G79/><T47/><D77/><U123/><E123/><V16/><F16/><W34/><G17/><T94/><D94/><U76/><E60/><V15/><F15/><W125/><G78/><T130/><D130/><U71/><E71/><V96/><F96/><W42/><G18/><T104/><D104/><U87/><E51/><V73/><F73/><W43/><G93/><T32/><D99/><U63/><E63/><V49/><F49/><W131/><G131/><T11/><D95/><U89/><E76/><V88/><F88/><W0/><G0/><T107/><D107/><U25/><AGARI ba="1,0" hai="8,9,25,31,35,48,52,58,82,87,89,91,92,98" machi="25" ten="30,2000,0" yaku="0,1,54,1" doraHai="12" who="1" fromWho="1" sc="440,-11,70,23,240,-6,250,-6" /><INIT seed="1,0,0,5,3,132" ten="429,93,234,244" oya="1" hai0="15,54,67,111,12,35,63,80,14,135,75,48,104" hai1="97,88,126,39,117,118,3,6,55,49,133,105,10" hai2="94,77,103,70,64,20,62,13,38,34,116,69,19" hai3="98,130,90,120,114,52,87,0,96,42,91,23,93"/><U121/><E121/><V58/><F38/><W129/><G0/><T60/><D104/><U110/><E39/><V43/><F43/><W125/><G120/><T51/><D35/><U128/><E133/><V57/><F34/><W84/><G42/><T2/><D2/><U79/><E128/><N who="3" m="49258" /><G114/><T17/><D135/><U115/><E115/><V18/><F116/><W100/><G23/><T36/><D111/><U99/><E110/><V119/><F77/><W4/><G4/><T89/><D36/><U16/><E79/><V24/><F58/><W83/><G52/><T1/><D1/><U30/><E30/><N who="2" m="17671" /><F119/><W95/><G125/><T102/><D14/><U33/><E126/><V31/><F31/><W7/><G7/><T65/><D12/><U122/><E33/><V29/><F29/><W107/><G98/><T26/><D15/><U131/><E122/><V45/><F45/><W9/><G9/><T56/><D26/><U22/><E131/><V44/><F44/><W123/><G123/><T21/><D17/><N who="2" m="6154" /><F13/><W50/><G50/><T76/><D21/><U108/><E108/><V32/><F32/><W112/><G112/><T53/><D48/><U59/><E105/><AGARI ba="0,0" hai="83,84,87,90,91,93,95,96,100,105,107" m="49258" machi="105" ten="30,3900,0" yaku="19,1,34,2" doraHai="132" who="3" fromWho="1" sc="429,0,93,-39,234,0,244,39" /><INIT seed="2,0,0,0,3,134" ten="429,54,234,283" oya="2" hai0="113,103,22,83,13,17,93,106,50,132,102,8,20" hai1="26,110,34,40,98,46,73,12,4,105,54,74,118" hai2="43,51,76,39,127,131,91,56,27,84,23,99,130" hai3="85,45,86,124,24,122,104,109,72,10,32,116,57"/><V61/><F39/><W133/><G72/><T64/><D113/><U47/><E118/><V82/><F43/><W52/><G122/><T96/><D132/><U79/><E110/><V42/><F42/><W6/><G116/><T38/><D38/><U123/><E123/><V36/><F36/><W115/><G104/><T1/><D64/><U101/><E40/><V14/><F14/><W59/><G109/><T95/><D103/><U31/><E79/><V135/><F51/><W2/><G115/><T108/><D108/><U16/><E4/><V69/><F69/><W121/><G121/><T58/><D83/><U48/><REACH who="1" step="1"/><E47/><REACH who="1" ten="429,44,234,283" step="2"/><V3/><F135/><W87/><G133/><T97/><D1/><U0/><E0/><V21/><F3/><W33/><G45/><T70/><D106/><U90/><E90/><V92/><F130/><W111/><G111/><T7/><D7/><U49/><E49/><V41/><F131/><W29/><G6/><T114/><D114/><U129/><E129/><V63/><F41/><W66/><G2/><T120/><D120/><U25/><E25/><V37/><F37/><W117/><G24/><T112/><D112/><U89/><E89/><V30/><F76/><W75/><G117/><T15/><D13/><U28/><E28/><V67/><F30/><W35/><G29/><T60/><D50/><U128/><E128/><V18/><F27/><W78/><G78/><T107/><D107/><U126/><E126/><V5/><F127/><W94/><G124/><T100/><D15/><U55/><E55/><V68/><F5/><W19/><G52/><RYUUKYOKU ba="0,1" sc="429,-10,44,30,234,-10,283,-10" hai1="12,16,26,31,34,46,48,54,73,74,98,101,105" /><INIT seed="3,1,1,5,0,133" ten="419,74,224,273" oya="3" hai0="4,23,97,42,115,109,82,61,5,105,6,94,74" hai1="104,46,76,75,118,18,69,14,83,68,37,27,13" hai2="62,47,52,88,12,11,2,21,34,20,89,66,53" hai3="80,78,40,25,92,17,29,114,93,26,31,134,58"/><W59/><G114/><T101/><D115/><U131/><E104/><V135/><F34/><W86/><G134/><T73/><D109/><U38/><E131/><V65/><F2/><W70/><G70/><T24/><D42/><U102/><E102/><V55/><F47/><W112/><G112/><T48/><D48/><U19/><E118/><V117/><F117/><W15/><G40/><T22/><D105/><U3/><E3/><V45/><F45/><W95/><G26/><T84/><D61/><U132/><E27/><V119/><F119/><W64/><G64/><N who="2" m="24681" /><F62/><W9/><REACH who="3" step="1"/><G31/><REACH who="3" ten="419,74,224,263" step="2"/><T43/><D43/><U49/><E132/><V16/><F135/><W60/><G60/><T113/><D113/><U8/><E69/><V56/><F56/><W107/><G107/><T72/><D24/><U121/><E68/><V116/><F116/><W122/><G122/><T130/><D130/><U30/><E121/><V0/><F0/><W77/><G77/><T81/><D23/><AGARI ba="1,2" hai="11,12,16,20,21,23,52,53,55,88,89" m="24681" machi="23" ten="30,7700,0" yaku="8,1,54,3" doraHai="133" who="2" fromWho="0" sc="419,-80,74,0,224,100,263,0" /><AGARI ba="1,0" hai="9,15,17,23,25,29,58,59,78,80,86,92,93,95" machi="23" ten="40,3900,0" yaku="1,1,8,1,53,0" doraHai="133" doraHaiUra="123" who="3" fromWho="0" sc="339,-39,74,0,324,0,263,39" /><INIT seed="3,2,0,5,3,37" ten="300,74,324,302" oya="3" hai0="73,66,8,47,25,130,100,45,96,72,112,19,126" hai1="81,116,27,108,56,20,69,111,42,101,58,63,128" hai2="16,131,38,85,103,13,71,53,12,132,109,18,62" hai3="82,133,75,80,34,26,55,39,49,125,23,48,1"/><W65/><G34/><T43/><D126/><U30/><E69/><V11/><F109/><W17/><G39/><T54/><D130/><U78/><E128/><V68/><F131/><W86/><G1/><T10/><D66/><U2/><E2/><V46/><F103/><W99/><G133/><T5/><D112/><U83/><E116/><V6/><F6/><W95/><G125/><T14/><D54/><U113/><E113/><V7/><F7/><W70/><G75/><T9/><D9/><U93/><E58/><V122/><F132/><W31/><G70/><T67/><D67/><U89/><E89/><V114/><F114/><W127/><G65/><T4/><D4/><U102/><E81/><V105/><F105/><W120/><G49/><T29/><D29/><U79/><E79/><V52/><F122/><W35/><G86/><T28/><D28/><U40/><E102/><V117/><F117/><W110/><G120/><T98/><D98/><N who="1" m="59599" /><E56/><V118/><F118/><W87/><G87/><T106/><D73/><N who="1" m="43471" /><E63/><V15/><F85/><W91/><G127/><T36/><D72/><U92/><E92/><V84/><F84/><W64/><G64/><T115/><D115/><U94/><E94/><V51/><F15/><N who="3" m="9663" /><G110/><AGARI ba="2,0" hai="20,27,30,40,42,108,110,111" m="43471,59599" machi="110" ten="30,3900,0" yaku="14,1,52,2" doraHai="37" who="1" fromWho="3" sc="300,0,74,45,324,0,302,-45" /><INIT seed="4,0,0,0,4,32" ten="300,119,324,257" oya="0" hai0="110,41,128,11,95,119,24,120,8,74,114,46,72" hai1="108,123,81,71,61,6,45,52,39,75,36,34,100" hai2="0,35,56,70,57,76,12,27,30,124,47,79,131" hai3="111,129,92,102,135,122,59,63,115,14,33,4,58"/><T37/><D119/><U109/><E34/><V104/><F70/><W25/><G111/><N who="1" m="42570" /><E100/><V44/><F104/><W51/><G115/><T118/><D118/><U90/><E90/><V49/><F0/><W96/><G129/><T62/><D120/><U84/><E84/><V26/><F131/><W22/><G135/><T69/><D128/><U82/><E81/><V130/><F130/><W112/><G112/><T89/><D114/><U5/><E5/><V97/><F97/><W68/><G68/><T65/><D24/><U80/><E82/><V99/><F99/><W105/><G105/><T66/><D110/><U29/><E80/><V38/><F12/><W15/><G122/><T64/><D72/><U21/><E21/><V91/><F91/><W9/><G15/><T42/><D74/><U126/><E29/><V7/><F35/><W103/><G33/><T132/><D132/><U116/><E75/><V77/><F77/><W54/><G103/><T67/><REACH who="0" step="1"/><D42/><REACH who="0" ten="290,119,324,257" step="2"/><U73/><E73/><V86/><F27/><W19/><G63/><T17/><D17/><U48/><E116/><V125/><F26/><W10/><G9/><T113/><D113/><U101/><E123/><V13/><F30/><W83/><G25/><T88/><D88/><U28/><E28/><V53/><F76/><W2/><G19/><T3/><D3/><U127/><E101/><V40/><F79/><W1/><G1/><T94/><D94/><U43/><E6/><V23/><F7/><W107/><G4/><T55/><D55/><U87/><E52/><V121/><F121/><W98/><G102/><RYUUKYOKU ba="0,1" sc="290,30,119,-10,324,-10,257,-10" hai0="8,11,37,41,46,62,64,65,66,67,69,89,95" /><INIT seed="4,1,1,2,4,100" ten="320,109,314,247" oya="0" hai0="121,34,45,14,36,19,35,80,92,106,111,103,55" hai1="112,50,59,108,53,125,63,74,60,16,6,51,38" hai2="104,115,39,64,23,127,37,132,31,89,54,66,68" hai3="30,58,57,97,62,77,32,122,81,2,15,21,25"/><T93/><D121/><U118/><E118/><V117/><F89/><W18/><G122/><T42/><D111/><U27/><E108/><V43/><F104/><W29/><G2/><T69/><D69/><U88/><E74/><V61/><F31/><W67/><G30/><T65/><D65/><U124/><E38/><V56/><F23/><W1/><G1/><T78/><D55/><U75/><E75/><V120/><F120/><W90/><G97/><T28/><D28/><U72/><E72/><V85/><F85/><W79/><G90/><T3/><D3/><U116/><E6/><V20/><F20/><W91/><G91/><T5/><D5/><U87/><E116/><V7/><F7/><W101/><G101/><T70/><D70/><U107/><E107/><V114/><F117/><W130/><G130/><T134/><D106/><U95/><E51/><N who="2" m="30815" /><F64/><W71/><G79/><T41/><D103/><U83/><E112/><N who="2" m="43051" /><F132/><W12/><G12/><T17/><D17/><U11/><E95/><V102/><F102/><W128/><G128/><T40/><D134/><U105/><E105/><V82/><F82/><W96/><G96/><T33/><D93/><U73/><E73/><AGARI ba="1,1" hai="15,18,21,25,29,32,57,58,62,67,71,73,77,81" machi="73" ten="30,1000,0" yaku="7,1" doraHai="100" who="3" fromWho="1" sc="320,0,109,-13,314,0,247,23" /><INIT seed="5,0,0,3,5,58" ten="320,96,314,270" oya="1" hai0="104,102,29,107,6,41,81,55,110,118,91,56,13" hai1="114,14,34,130,89,112,38,51,115,74,70,42,5" hai2="77,27,83,135,54,99,98,10,60,90,65,18,26" hai3="53,119,71,1,62,129,92,30,73,95,57,113,126"/><U20/><E130/><V116/><F116/><W49/><G73/><T111/><D118/><U87/><E74/><V24/><F135/><W4/><G119/><T46/><D29/><U23/><E34/><V63/><F65/><W39/><G39/><T97/><D104/><U35/><E35/><V19/><F54/><W124/><G30/><T28/><D28/><U131/><E38/><V52/><F52/><N who="3" m="34087" /><G71/><T125/><D125/><N who="3" m="48233" /><G113/><T109/><D13/><U69/><E131/><V64/><F64/><W122/><G122/><T31/><D6/><U36/><E36/><V127/><F127/><W59/><G129/><T86/><D31/><U85/><E85/><N who="2" m="48367" /><F98/><W108/><G108/><T44/><REACH who="0" step="1"/><D41/><REACH who="0" ten="310,96,314,270" step="2"/><U132/><E132/><V48/><F48/><AGARI ba="0,1" hai="44,46,48,55,56,81,86,91,97,102,107,109,110,111" machi="48" ten="40,5200,0" yaku="1,1,2,1,53,1" doraHai="58" doraHaiUra="100" who="0" fromWho="2" sc="310,62,96,0,314,-52,270,0" /><INIT seed="6,0,0,0,0,32" ten="372,96,262,270" oya="2" hai0="10,34,39,4,107,16,9,27,69,7,64,0,42" hai1="13,48,20,1,121,25,79,47,40,87,122,75,70" hai2="36,45,92,114,15,119,127,117,2,103,84,60,61" hai3="78,94,113,133,63,85,37,17,66,83,80,12,104"/><V82/><F2/><W93/><G104/><T18/><D107/><U44/><E70/><V118/><F15/><W14/><G37/><T98/><D69/><U124/><E124/><V77/><F127/><W86/><G133/><T57/><D64/><U56/><E56/><V89/><F103/><W116/><G113/><T21/><D34/><U74/><E13/><V3/><F3/><W106/><G106/><T19/><D57/><U101/><E101/><V30/><F30/><W88/><G116/><T68/><D68/><U52/><E87/><V53/><F114/><W35/><G35/><T90/><D42/><U50/><E1/><V110/><F110/><W24/><G24/><T126/><D39/><U130/><E130/><V115/><F115/><W6/><G6/><T55/><D55/><U28/><REACH who="1" step="1"/><E79/><REACH who="1" ten="372,86,262,270" step="2"/><V109/><F117/><W8/><G12/><T54/><D0/><U81/><E81/><V29/><F118/><W123/><G123/><AGARI ba="0,1" hai="20,25,28,40,44,47,48,50,52,74,75,121,122,123" machi="123" ten="40,5200,0" yaku="1,1,13,1,54,1,53,0" doraHai="32" doraHaiUra="120" who="1" fromWho="3" sc="372,0,86,62,262,0,270,-52" /><INIT seed="7,0,0,0,4,122" ten="372,148,262,218" oya="3" hai0="49,5,108,1,104,10,26,121,62,130,91,58,87" hai1="39,126,92,3,59,34,19,29,2,105,99,44,20" hai2="40,0,45,24,134,94,78,36,33,50,119,135,14" hai3="42,75,63,48,95,51,133,52,28,98,35,101,127"/><W41/><G75/><T60/><D121/><U61/><E105/><V131/><F119/><W102/><G133/><N who="2" m="50697" /><F0/><W18/><G35/><T71/><D104/><U109/><E126/><V73/><F131/><W32/><G32/><T86/><D130/><U70/><E70/><V67/><F67/><W129/><G28/><T12/><D26/><U72/><E72/><V53/><F14/><W74/><G74/><T15/><D71/><U110/><E34/><V85/><F73/><W11/><G102/><T118/><D12/><U79/><E79/><V97/><F85/><W81/><G81/><T37/><D87/><U124/><E124/><V132/><F78/><W69/><G129/><T123/><D37/><U107/><E107/><V23/><F33/><W43/><G127/><T64/><D1/><U38/><E3/><V82/><F82/><W128/><G128/><T55/><D118/><U56/><E2/><V68/><F68/><W7/><G7/><T113/><D123/><U46/><E39/><V116/><F116/><W90/><G90/><T96/><D64/><N who="1" m="38951" /><E59/><N who="2" m="33207" /><F132/><W47/><G69/><T125/><D125/><U77/><E19/><V114/><F114/><W83/><G18/><T106/><D113/><U80/><E80/><V21/><F36/><W8/><G83/><T27/><D5/><U31/><E77/><V111/><F45/><N who="1" m="17513" /><E38/><V6/><F6/><W100/><G43/><T17/><D17/><U120/><E120/><V30/><F40/><W13/><G42/><T93/><D10/><U16/><E16/><V103/><F23/><W66/><G41/><T89/><D15/><RYUUKYOKU ba="0,0" sc="372,-10,148,-10,262,30,218,-10" hai2="21,24,30,94,97,103,111" owari="362,46.0,138,-36.0,292,9.0,208,-19.0" /></mjloggm>