<mjloggm ver="2.3"><GO type="169" lobby="0"/><UN n0="%E3%83%88%E3%83%88%E3%83%AA%E5%85%88%E7%94%9F%31%39%E6%AD%B3" n1="%E9%BB%84%E9%BE%8D%E5%85%84%E8%B2%B4" n2="%E5%8D%81%E5%AD%97%E7%8C%9B%E5%A4%AB" n3="%E7%90%B4%E6%B5%A6%E6%98%A5%E9%A6%99" dan="19,16,16,16" rate="2318.64,2167.01,2072.47,2153.17" sx="F,M,M,F"/><TAIKYOKU oya="0"/><INIT seed="0,0,0,3,3,38" ten="250,250,250,250" oya="0" hai0="55,34,60,52,95,62,133,35,82,47,108,83,50" hai1="105,96,103,25,132,104,107,41,32,99,8,30,44" hai2="67,23,135,14,13,134,116,114,89,27,128,24,56" hai3="17,118,4,21,53,112,22,57,70,93,36,75,81"/><T110/><D133/><N who="2" m="50698" /><F114/><W115/><G118/><T12/><D12/><N who="2" m="4714" /><F116/><W109/><G70/><T71/><D95/><U10/><E132/><V72/><F128/><W68/><G68/><T106/><D106/><U91/><E91/><V9/><F9/><W11/><G109/><N who="0" m="42091" /><D55/><U46/><E46/><V119/><F119/><W63/><G112/><T49/><D49/><U45/><E45/><V18/><F72/><W121/><G36/><T42/><D62/><U61/><E61/><N who="2" m="38311" /><F27/><W130/><G115/><T101/><D101/><U97/><REACH who="1" step="1"/><E103/><REACH who="1" ten="250,240,250,250" step="2"/><V33/><F33/><N who="0" m="12298" /><D71/><U90/><E90/><AGARI ba="0,1" hai="18,23,24,89,90" m="38311,4714,50698" machi="90" ten="30,1000,0" yaku="20,1" doraHai="38" who="2" fromWho="1" sc="250,0,240,-10,250,20,250,0" /><INIT seed="1,0,0,4,2,124" ten="250,230,270,250" oya="1" hai0="1,9,46,43,63,81,96,8,132,34,44,117,122" hai1="52,133,95,68,79,100,48,115,123,72,104,74,31" hai2="3,61,101,21,121,58,83,16,36,73,11,76,91" hai3="94,87,114,128,41,113,102,80,39,6,126,50,75"/><U92/><E115/><V0/><F121/><W103/><G126/><T64/><D117/><U70/><E123/><V119/><F119/><W57/><G39/><T10/><D122/><U66/><E133/><V24/><F36/><W2/><G75/><T29/><D132/><U129/><E31/><V47/><F47/><W106/><G106/><T85/><D46/><U45/><E66/><V134/><F134/><W60/><G2/><T82/><D82/><U27/><E27/><V135/><F135/><W20/><G6/><T56/><D96/><U25/><E25/><V37/><F37/><W62/><G114/><T12/><D1/><U69/><E79/><V38/><F38/><W130/><G113/><T55/><D29/><U118/><E118/><V26/><F26/><W77/><G41/><T33/><D64/><U35/><E35/><V97/><F11/><W127/><G127/><T17/><D33/><U90/><E104/><V67/><REACH who="2" step="1"/><F91/><REACH who="2" ten="250,230,260,250" step="2"/><W125/><G125/><T86/><D34/><U18/><E90/><V108/><F108/><W84/><G103/><T112/><D112/><U71/><E100/><V89/><F89/><N who="3" m="53567" /><G102/><T88/><REACH who="0" step="1"/><D86/><REACH who="0" ten="240,230,260,250" step="2"/><U14/><E72/><V23/><F23/><W111/><G20/><T19/><D19/><U109/><E74/><V15/><F15/><W22/><G22/><T54/><D54/><U4/><E18/><V120/><F120/><W49/><G111/><T131/><D131/><U13/><E109/><V51/><F51/><AGARI ba="0,2" hai="8,9,10,12,17,43,44,51,55,56,63,81,85,88" machi="51" ten="30,7700,0" yaku="1,1,7,1,8,1,54,1,53,0" doraHai="124" doraHaiUra="28" who="0" fromWho="2" sc="240,97,230,0,260,-77,250,0" /><INIT seed="2,0,0,3,1,135" ten="337,230,183,250" oya="2" hai0="102,36,90,7,73,14,41,119,56,26,34,39,112" hai1="94,49,124,113,108,42,122,27,85,99,114,70,109" hai2="33,59,16,92,3,115,48,129,50,66,20,15,77" hai3="127,47,37,40,95,38,93,133,131,123,83,75,21"/><V13/><F115/><W111/><G123/><T103/><D112/><U32/><E70/><V57/><F3/><W11/><G133/><T88/><D73/><U84/><E122/><V74/><F33/><W25/><G111/><T2/><D2/><U72/><E32/><V51/><F129/><W31/><G131/><T130/><D130/><U118/><E27/><V0/><F0/><W30/><G38/><T1/><D1/><U29/><E29/><V18/><F66/><W24/><G11/><T28/><D119/><U100/><E49/><V81/><REACH who="2" step="1"/><F92/><REACH who="2" ten="337,230,173,250" step="2"/><W5/><G5/><T8/><D34/><U58/><E114/><V53/><F53/><W101/><G95/><T117/><D7/><U19/><E94/><V64/><F64/><W43/><G93/><T121/><D121/><U46/><E113/><V104/><F104/><W22/><G43/><T79/><D41/><U76/><E42/><V106/><F106/><W126/><G101/><T68/><D103/><U86/><E100/><V67/><F67/><W105/><G105/><T23/><D102/><U134/><E108/><V120/><F120/><W110/><G110/><T96/><D96/><U82/><E99/><V71/><F71/><W89/><G89/><T4/><D68/><U9/><E109/><V78/><F78/><AGARI ba="0,1" hai="21,22,24,25,30,31,37,40,47,75,78,83,126,127" machi="78" ten="40,5200,0" yaku="9,1,52,2" doraHai="135" who="3" fromWho="2" sc="337,0,230,0,173,-52,250,62" /><INIT seed="3,0,0,4,4,24" ten="337,230,121,312" oya="3" hai0="27,46,36,128,99,22,20,85,3,107,116,71,38" hai1="104,129,135,8,106,6,87,42,67,11,37,69,34" hai2="110,50,12,89,124,94,119,1,111,57,14,48,90" hai3="31,72,132,133,101,40,117,103,130,98,68,73,4"/><W93/><G117/><T53/><D71/><U44/><E135/><N who="3" m="51786" /><G68/><T39/><D3/><U10/><E6/><V75/><F1/><W95/><G40/><T118/><D128/><U9/><E129/><V113/><F113/><W102/><G4/><T18/><D85/><U54/><E8/><V96/><F119/><W79/><G130/><T77/><D77/><U125/><E125/><V15/><F75/><N who="3" m="28747" /><G79/><T86/><D86/><U97/><E87/><V121/><F124/><W84/><G31/><T51/><D107/><U105/><E69/><V32/><F121/><W30/><G30/><T43/><D99/><U126/><E97/><V134/><F134/><W92/><G84/><T131/><D131/><U80/><E126/><V66/><F32/><W62/><G62/><T115/><D115/><U91/><E34/><V33/><F33/><W49/><G49/><T82/><D82/><U47/><E80/><V60/><F50/><W100/><AGARI ba="0,0" hai="92,93,95,98,100,101,102,103" m="28747,51786" machi="100" ten="40,7800,0" yaku="20,1,34,2" doraHai="24" who="3" fromWho="3" sc="337,-26,230,-26,121,-26,312,78" /><INIT seed="3,1,0,0,2,120" ten="311,204,95,390" oya="3" hai0="122,4,58,87,0,88,36,31,109,43,126,78,12" hai1="107,81,28,85,17,102,91,128,46,32,95,14,76" hai2="116,93,67,29,117,11,53,44,103,61,125,92,60" hai3="23,6,130,129,113,66,118,73,30,131,48,3,42"/><W106/><G113/><T8/><D122/><U19/><E128/><V27/><F125/><W64/><G118/><T26/><D126/><U96/><E46/><V79/><F79/><W55/><G42/><T45/><D109/><U89/><E89/><V123/><F123/><W135/><G73/><T99/><D58/><U9/><E28/><V68/><F11/><N who="3" m="2527" /><G106/><T104/><D78/><U80/><E32/><V90/><F103/><W110/><G135/><T124/><D124/><U119/><E119/><V97/><F93/><W63/><G63/><T37/><D99/><U83/><REACH who="1" step="1"/><E17/><REACH who="1" ten="311,194,95,390" step="2"/><V5/><F5/><W49/><G130/><T22/><D37/><U112/><E112/><V35/><F44/><W50/><G129/><T101/><D101/><U34/><E34/><V65/><F53/><W75/><G131/><T100/><D100/><U115/><E115/><V127/><F127/><W10/><G55/><T133/><D133/><U134/><E134/><V71/><AGARI ba="1,1" hai="27,29,35,60,61,65,67,68,71,90,92,97,116,117" machi="71" ten="20,2700,0" yaku="0,1,7,1,9,1" doraHai="120" who="2" fromWho="2" sc="311,-8,194,-8,95,40,390,-14" /><INIT seed="4,0,0,5,3,3" ten="303,186,135,376" oya="0" hai0="16,66,2,10,67,49,121,133,41,104,1,63,19" hai1="99,91,79,92,28,131,127,58,87,6,35,85,59" hai2="36,115,101,30,64,134,34,17,53,84,100,69,5" hai3="78,12,14,26,107,109,113,37,132,23,129,105,80"/><T60/><D121/><U47/><E131/><V83/><F115/><W4/><G109/><T112/><D104/><U61/><E127/><V73/><F73/><W135/><G129/><T93/><D112/><U103/><E35/><V38/><F34/><W11/><G14/><T56/><D133/><N who="3" m="51273" /><G37/><T88/><D49/><U9/><E28/><V33/><F33/><W42/><G42/><T52/><D41/><U68/><E47/><V48/><F30/><N who="3" m="17759" /><G113/><T89/><D89/><U98/><E68/><V32/><F32/><W120/><G120/><T82/><D82/><N who="1" m="47327" /><E103/><V39/><F69/><W54/><G54/><T125/><D125/><U7/><E59/><V31/><F64/><W122/><G122/><T72/><D72/><AGARI ba="0,0" hai="4,11,12,72,78,80,105,107" m="17759,51273" machi="72" ten="30,2000,0" yaku="20,1,52,1" doraHai="3" who="3" fromWho="0" sc="303,-20,186,0,135,0,376,20" /><INIT seed="5,0,0,4,2,120" ten="283,186,135,396" oya="1" hai0="76,12,130,25,111,60,64,65,102,7,40,117,55" hai1="77,61,81,124,36,115,83,107,21,126,59,92,106" hai2="122,133,48,51,93,13,38,29,98,9,125,91,33" hai3="135,10,47,14,80,78,42,132,86,100,41,57,97"/><U67/><E36/><V46/><F122/><W119/><G57/><T71/><D117/><U2/><E2/><V53/><F133/><N who="3" m="51275" /><G119/><T131/><D102/><U11/><E11/><V24/><F125/><N who="1" m="48233" /><E115/><V49/><REACH who="2" step="1"/><F38/><REACH who="2" ten="283,186,125,396" step="2"/><W74/><G74/><T27/><D130/><U101/><E21/><V17/><AGARI ba="0,1" hai="9,13,17,24,29,33,46,48,49,51,53,91,93,98" machi="17" ten="20,8000,1" yaku="1,1,2,1,0,1,7,1,53,1" doraHai="120" doraHaiUra="23" who="2" fromWho="2" sc="283,-20,186,-40,125,90,396,-20" /><INIT seed="6,0,0,2,4,30" ten="263,146,215,376" oya="2" hai0="5,40,48,106,43,79,2,9,119,118,45,41,55" hai1="99,25,34,103,121,80,93,127,81,10,134,4,129" hai2="123,98,82,0,102,52,117,97,3,77,29,58,65" hai3="75,126,104,18,67,68,27,28,16,38,32,62,88"/><V128/><F117/><N who="0" m="44554" /><D79/><U59/><E134/><V35/><F123/><W33/><G33/><T57/><D106/><U11/><E121/><V95/><F65/><W31/><G31/><T86/><D86/><U132/><E132/><V71/><F71/><W8/><G75/><T42/><D42/><U63/><E129/><V50/><F128/><W91/><G126/><T105/><D105/><U13/><E127/><V113/><F113/><W78/><G78/><T73/><D73/><U19/><E34/><V135/><F135/><W92/><G38/><T70/><D70/><U94/><E94/><V21/><F21/><W12/><G104/><T84/><D84/><U109/><E109/><V96/><F95/><W66/><G66/><T76/><D76/><U54/><REACH who="1" step="1"/><E25/><REACH who="1" ten="263,136,215,376" step="2"/><V17/><F102/><W69/><G69/><T101/><D101/><U56/><E56/><AGARI ba="0,1" hai="2,5,9,40,41,43,45,48,55,56,57" m="44554" machi="56" ten="30,1000,0" yaku="12,1" doraHai="30" who="0" fromWho="1" sc="263,20,136,-10,215,0,376,0" /><INIT seed="7,0,0,0,3,26" ten="283,126,215,376" oya="3" hai0="67,16,15,9,104,36,44,29,95,99,77,75,59" hai1="40,103,133,35,6,84,13,22,70,48,20,27,72" hai2="92,0,80,30,88,17,51,78,126,123,38,86,85" hai3="43,108,50,98,39,101,7,110,93,64,18,28,115"/><W31/><G50/><T21/><D104/><U114/><E72/><V119/><F38/><W12/><G7/><T60/><D75/><U100/><E70/><V81/><F119/><W5/><G5/><T14/><D36/><U25/><E35/><V74/><F0/><W87/><G64/><T45/><D77/><U54/><E114/><V57/><F126/><W117/><G117/><T65/><D65/><U47/><E133/><V66/><F123/><W112/><G87/><T132/><D132/><U1/><E1/><V105/><F105/><W33/><G43/><T82/><D82/><U96/><E84/><V56/><F17/><W3/><G39/><T8/><D8/><U49/><E6/><V109/><F109/><N who="3" m="42091" /><G3/><T52/><D67/><U90/><E13/><V111/><F111/><W129/><G129/><T118/><D118/><U79/><E79/><V69/><F51/><W2/><G2/><T89/><D29/><N who="3" m="11337" /><G33/><T130/><D130/><U4/><E4/><AGARI ba="0,0" hai="4,9,14,15,16,21,44,45,52,59,60,89,95,99" machi="4" ten="30,7700,0" yaku="7,1,8,1,54,2" doraHai="26" who="0" fromWho="1" sc="283,77,126,-77,215,0,376,0" owari="360,16.0,49,-45.0,215,-18.0,376,47.0" /></mjloggm>