<mjloggm ver="2.3"><GO type="169" lobby="0"/><UN n0="%E3%83%94%E3%82%B3%E3%83%9E%E3%82%B9%E3%83%86%E3%82%A3%E3%83%95" n1="%CE%BD%E3%82%AC%E3%83%B3%E3%83%80%E3%83%A0" n2="%63%6F%62%65%68%6F%70%65" n3="%E3%83%88%E3%83%88%E3%83%AA%E5%85%88%E7%94%9F%31%39%E6%AD%B3" dan="18,16,17,19" rate="2207.12,2144.38,2193.45,2354.96" sx="M,M,M,F"/><TAIKYOKU oya="0"/><INIT seed="0,0,0,2,5,93" ten="250,250,250,250" oya="0" hai0="69,58,11,78,81,39,26,52,100,84,16,120,49" hai1="80,31,125,119,96,2,88,61,135,63,30,83,62" hai2="99,82,97,73,56,53,70,20,122,85,128,46,41" hai3="14,108,12,75,35,33,66,101,107,44,132,32,29"/><T47/><D120/><U22/><E119/><V17/><F70/><W90/><G75/><T117/><D69/><U106/><E2/><V50/><F128/><W8/><G108/><T0/><D117/><U64/><E125/><V109/><F73/><W7/><G132/><T71/><D71/><U57/><E135/><V118/><F109/><W15/><G66/><T60/><D39/><U18/><E106/><V4/><F4/><W74/><G74/><T131/><D131/><U72/><E72/><V127/><F127/><W91/><G29/><N who="1" m="10762" /><E83/><V38/><F122/><W104/><G44/><T129/><D129/><U115/><E115/><V42/><F42/><W76/><G76/><T59/><D0/><U110/><E110/><V89/><REACH who="2" step="1"/><F118/><REACH who="2" ten="250,250,240,250" step="2"/><W24/><G7/><T67/><D100/><U1/><E1/><V55/><F55/><W92/><G101/><T105/><D105/><U13/><E80/><V77/><F77/><W28/><G107/><T102/><D102/><U6/><E6/><V68/><F68/><W51/><G104/><T111/><D111/><U114/><E114/><V10/><F10/><W95/><G8/><T123/><D123/><U112/><E112/><V79/><F79/><W34/><G91/><T126/><D126/><U36/><E36/><V19/><F19/><W103/><G90/><T133/><D133/><U94/><AGARI ba="0,1" hai="13,18,22,57,61,62,63,64,88,94,96" m="10762" machi="94" ten="30,4000,0" yaku="8,1,52,1,54,1" doraHai="93" who="1" fromWho="1" sc="250,-20,250,50,240,-10,250,-10" /><INIT seed="1,0,0,4,0,108" ten="230,300,230,240" oya="1" hai0="24,62,101,106,123,93,49,0,75,10,1,39,29" hai1="97,35,21,68,135,51,3,85,89,95,25,41,46" hai2="81,26,80,7,82,50,114,131,99,110,48,88,30" hai3="6,11,77,115,107,4,79,16,2,9,63,117,17"/><U65/><E135/><V69/><F69/><W121/><G121/><T18/><D39/><U84/><E35/><V8/><F110/><W122/><G122/><T72/><D123/><U134/><E134/><V66/><F66/><W32/><G32/><T42/><D93/><U23/><E3/><V118/><F131/><W105/><G63/><T132/><D0/><U128/><E128/><V102/><F118/><W34/><G34/><N who="0" m="20775" /><D49/><U27/><E65/><V116/><F116/><W22/><G117/><T40/><D40/><U59/><E68/><V74/><F74/><W133/><G2/><T64/><D42/><U92/><E59/><V67/><F67/><W112/><G22/><T120/><D18/><U70/><E70/><V71/><F71/><W94/><G94/><T90/><D90/><U15/><E85/><V104/><F88/><W109/><G109/><T47/><D47/><U12/><E25/><V98/><F98/><W20/><G20/><N who="1" m="7754" /><E27/><V124/><F26/><W60/><G60/><T100/><D132/><AGARI ba="0,0" hai="4,6,9,11,16,17,77,79,105,107,112,115,132,133" machi="132" ten="25,8000,1" yaku="22,2,52,2,54,1" doraHai="108" who="3" fromWho="0" sc="230,-80,300,0,230,0,240,80" /><INIT seed="2,0,0,0,2,5" ten="150,300,230,320" oya="2" hai0="42,133,27,88,50,112,23,9,58,18,26,44,75" hai1="131,67,37,55,46,35,1,98,106,80,73,10,102" hai2="0,99,86,116,105,94,64,34,49,51,57,45,11" hai3="83,121,87,3,85,104,43,8,97,115,13,31,52"/><V95/><F116/><W107/><G121/><T15/><D112/><U65/><E55/><V120/><F34/><W38/><G3/><T119/><D119/><U47/><E47/><V61/><F120/><W117/><G117/><T124/><D133/><U114/><E67/><V76/><F105/><W20/><G115/><T30/><D75/><U71/><E114/><V21/><F21/><W108/><G108/><T19/><D124/><U25/><E131/><V12/><F0/><W66/><G66/><T72/><D72/><U32/><E25/><V91/><F76/><W89/><G43/><T111/><D111/><U2/><E2/><V82/><F99/><W92/><G38/><T70/><D70/><U96/><E96/><V123/><F123/><W122/><G122/><T132/><D132/><U134/><E134/><V17/><REACH who="2" step="1"/><F51/><REACH who="2" ten="150,300,220,320" step="2"/><W90/><G104/><T135/><D135/><U39/><E39/><V22/><F22/><W59/><G107/><T129/><D129/><U127/><E127/><V126/><F126/><W128/><G128/><T79/><D79/><U56/><E98/><V28/><F28/><W118/><G118/><T77/><D77/><U53/><E106/><V7/><F7/><N who="3" m="3231" /><G20/><T110/><D110/><U24/><E35/><V14/><F14/><W60/><G97/><T62/><D27/><U103/><E1/><V40/><AGARI ba="0,1" hai="11,12,17,40,45,49,57,61,64,82,86,91,94,95" machi="40" ten="20,12000,1" yaku="1,1,0,1,7,1,8,1,52,1,53,0" doraHai="5" doraHaiUra="109" who="2" fromWho="2" sc="150,-40,300,-40,220,130,320,-40" /><INIT seed="2,1,0,1,5,19" ten="110,260,350,280" oya="2" hai0="133,58,126,120,13,24,52,22,130,115,107,30,78" hai1="79,75,39,125,15,37,12,32,62,51,117,18,46" hai2="96,92,1,93,94,60,116,87,90,28,34,47,14" hai3="26,66,65,55,89,3,7,118,21,97,131,70,128"/><V11/><F1/><W100/><G118/><T9/><D120/><U124/><E32/><V6/><F116/><W88/><G55/><T2/><D115/><U99/><E117/><V27/><F60/><W63/><G66/><T123/><D123/><U56/><E79/><V127/><F127/><W85/><G7/><T72/><D107/><U5/><E75/><V104/><F104/><W84/><G3/><T91/><D133/><U68/><E5/><V49/><REACH who="2" step="1"/><F96/><REACH who="2" ten="110,260,340,280" step="2"/><W135/><G135/><T82/><D126/><U40/><E99/><V42/><AGARI ba="1,1" hai="6,11,14,27,28,34,42,47,49,87,90,92,93,94" machi="42" ten="20,7800,0" yaku="1,1,2,1,0,1,7,1,53,0" doraHai="19" doraHaiUra="59" who="2" fromWho="2" sc="110,-27,260,-27,340,91,280,-27" /><INIT seed="2,2,0,1,0,120" ten="83,233,431,253" oya="2" hai0="122,85,55,103,92,49,22,123,41,101,126,9,16" hai1="12,99,42,89,74,18,48,102,97,69,53,84,57" hai2="125,38,1,25,60,80,96,33,61,91,95,130,93" hai3="7,110,14,86,11,15,34,46,59,68,50,8,44"/><V17/><F125/><W112/><G68/><T0/><D41/><U3/><E3/><V71/><F130/><W19/><G34/><T78/><D126/><U29/><E74/><V115/><F115/><W98/><G112/><T40/><D40/><U82/><E69/><V10/><F38/><W131/><G131/><T83/><D101/><U32/><E32/><V88/><F80/><W35/><G35/><T45/><D103/><U127/><E29/><V20/><F33/><W77/><G110/><T76/><D76/><U133/><E133/><V134/><F134/><W63/><G98/><T66/><D66/><U13/><E127/><V56/><F71/><W117/><G117/><T119/><D119/><U65/><E65/><V54/><F1/><W81/><REACH who="3" step="1"/><G50/><REACH who="3" ten="83,233,431,243" step="2"/><T90/><D0/><U121/><E121/><V47/><F61/><W2/><G2/><T36/><D36/><U62/><E99/><V124/><F124/><W72/><G72/><T129/><D129/><U70/><E70/><V4/><F47/><W109/><G109/><T30/><D123/><U75/><E75/><V37/><F37/><W58/><G58/><T67/><D122/><U43/><E62/><V105/><F105/><W106/><G106/><T114/><D114/><U21/><REACH who="1" step="1"/><E12/><REACH who="1" ten="83,223,431,243" step="2"/><N who="2" m="5191" /><F96/><W26/><G26/><T87/><D67/><AGARI ba="2,2" hai="7,8,11,14,15,19,44,46,59,63,67,77,81,86" machi="67" ten="30,3900,0" yaku="1,1,7,1,8,1,53,0" doraHai="120" doraHaiUra="28" who="3" fromWho="0" sc="83,-45,223,0,431,0,243,65" /><INIT seed="3,0,0,5,2,127" ten="38,223,431,308" oya="3" hai0="18,69,84,49,121,133,38,125,74,117,27,100,91" hai1="82,114,6,42,0,122,89,90,40,16,94,109,72" hai2="113,20,129,19,79,78,128,34,31,131,57,59,50" hai3="73,106,105,70,45,67,7,120,126,85,55,77,13"/><W21/><G120/><T60/><D38/><U102/><E122/><V26/><F113/><W58/><G73/><T24/><D74/><U10/><E114/><V96/><F96/><W11/><G126/><T104/><D121/><U15/><E109/><V1/><F1/><W4/><G4/><T134/><D125/><U86/><E102/><V135/><F135/><W118/><G118/><T80/><D117/><U97/><REACH who="1" step="1"/><E72/><REACH who="1" ten="38,213,431,308" step="2"/><V32/><F32/><W37/><G105/><T51/><D100/><U76/><E76/><N who="2" m="29227" /><F50/><W52/><G106/><T29/><D104/><U41/><E41/><V111/><F111/><W88/><G77/><T71/><D51/><U54/><E54/><V30/><F30/><W92/><G37/><T65/><D49/><U130/><E130/><V87/><F87/><W75/><G75/><T132/><D29/><U68/><E68/><V61/><F61/><N who="3" m="38327" /><G70/><T62/><D71/><U43/><E43/><V3/><F3/><W64/><G64/><T47/><D62/><U116/><E116/><V108/><F108/><W99/><G85/><T33/><D69/><U124/><E124/><V8/><F8/><AGARI ba="0,1" hai="0,6,8,10,15,16,40,42,82,86,89,90,94,97" machi="8" ten="30,7700,0" yaku="1,1,7,1,54,1,53,1" doraHai="127" doraHaiUra="95" who="1" fromWho="2" sc="38,0,213,87,431,-77,308,0" /><INIT seed="4,0,0,2,0,39" ten="38,300,354,308" oya="0" hai0="9,15,104,106,33,21,132,110,65,108,2,134,28" hai1="40,63,22,82,18,97,32,70,133,103,5,101,98" hai2="88,42,14,129,93,135,24,56,83,90,25,92,112" hai3="13,11,130,68,7,17,62,126,61,76,105,114,35"/><T124/><D65/><U23/><E32/><V46/><F112/><W115/><G35/><T27/><D106/><U119/><E119/><V79/><F129/><W91/><G105/><T118/><D118/><U55/><E133/><N who="0" m="51305" /><D124/><U34/><E34/><V31/><F135/><W127/><G130/><T53/><D104/><U78/><E5/><V86/><F56/><W45/><G76/><T10/><D53/><U66/><E55/><V84/><F14/><W52/><G91/><T12/><D2/><U94/><E40/><V117/><F31/><W73/><G73/><T3/><D3/><U75/><REACH who="1" step="1"/><E18/><REACH who="1" ten="38,290,354,308" step="2"/><V16/><F16/><N who="3" m="8255" /><G62/><T50/><D50/><U29/><E29/><V71/><F117/><W120/><G17/><N who="0" m="10431" /><D12/><U122/><E122/><V0/><F0/><W81/><G7/><T64/><D64/><U41/><E41/><V37/><F71/><W4/><G4/><T44/><D44/><U6/><E6/><V19/><F19/><W67/><G120/><T59/><D59/><U49/><E49/><V85/><AGARI ba="0,1" hai="24,25,37,42,46,79,83,84,85,86,88,90,92,93" machi="85" ten="20,8000,1" yaku="0,1,7,1,9,1,52,1,54,1" doraHai="39" who="2" fromWho="2" sc="38,-40,290,-20,354,90,308,-20" owari="-2,-50.0,270,-13.0,444,54.0,288,9.0" /></mjloggm>