<mjloggm ver="2.3"><GO type="169" lobby="0"/><UN n0="%E3%83%8E%E3%83%96%E3%82%AD" n1="%68%65%74" n2="%E3%82%AE%E3%82%AC%E3%83%9E%E3%82%A4%E3%83%B3" n3="%E3%82%A6%E3%83%AB%E3%83%88%E3%83%A9%E7%AB%8B%E7%9B%B4" dan="16,17,17,18" rate="2144.47,2243.71,2158.60,2225.42" sx="M,M,M,M"/><TAIKYOKU oya="0"/><INIT seed="0,0,0,3,5,129" ten="250,250,250,250" oya="0" hai0="92,8,20,37,57,43,53,3,49,31,19,122,85" hai1="104,13,9,108,50,87,110,103,47,41,29,96,4" hai2="90,51,123,34,84,121,124,60,119,10,114,54,39" hai3="97,70,125,26,131,27,12,36,77,68,1,130,71"/><T88/><D122/><U109/><REACH who="1" step="1"/><E87/><REACH who="1" ten="250,240,250,250" step="2"/><V98/><F84/><W28/><G131/><T23/><D31/><AGARI ba="0,1" hai="4,9,13,29,31,41,47,50,96,103,104,108,109,110" machi="31" ten="40,8000,1" yaku="21,2,2,1,14,1,53,0" doraHai="129" doraHaiUra="64" who="1" fromWho="0" sc="250,-80,240,90,250,0,250,0" /><INIT seed="1,0,0,4,1,100" ten="170,330,250,250" oya="1" hai0="56,14,26,5,18,132,115,79,41,0,80,11,101" hai1="21,131,78,60,128,34,1,27,72,123,50,17,81" hai2="61,117,118,29,3,37,102,8,120,54,121,75,127" hai3="116,23,36,74,122,109,83,2,7,68,53,93,119"/><U114/><E114/><V111/><F75/><W126/><G122/><N who="2" m="47209" /><F102/><W130/><G109/><T10/><D115/><U25/><E123/><V69/><F29/><W76/><G130/><N who="1" m="49706" /><E1/><V28/><F28/><W48/><G126/><T15/><D132/><U32/><E60/><V124/><F8/><N who="3" m="2167" /><G68/><T97/><D41/><U12/><E50/><V95/><F95/><W112/><G23/><T45/><D45/><U30/><E27/><V133/><F3/><W42/><G93/><T6/><D56/><U46/><E46/><V4/><F4/><W107/><G112/><T52/><D52/><U13/><E13/><V39/><F133/><W85/><G53/><T89/><D26/><U33/><AGARI ba="0,0" hai="12,17,21,25,30,32,33,34,72,78,81" m="49706" machi="33" ten="30,1500,0" yaku="19,1" doraHai="100" who="1" fromWho="1" sc="170,-5,330,15,250,-5,250,-5" /><INIT seed="1,1,0,3,0,4" ten="165,345,245,245" oya="1" hai0="74,37,110,48,12,17,9,72,6,13,34,99,55" hai1="18,35,63,126,89,2,130,82,96,108,88,116,128" hai2="23,57,45,7,40,115,58,101,79,67,36,46,15" hai3="65,8,132,60,19,87,98,77,122,24,26,129,84"/><U113/><E116/><V31/><F67/><W11/><G122/><T70/><D110/><U5/><E113/><V22/><F115/><W68/><G129/><N who="1" m="49770" /><E35/><V73/><F73/><W123/><G123/><T111/><D111/><U41/><E108/><V44/><F79/><W85/><G132/><T61/><D37/><U120/><E120/><V64/><F36/><W131/><G131/><T0/><D34/><U80/><E41/><V114/><F40/><W38/><G38/><T107/><D0/><U49/><E49/><V43/><F43/><W117/><G117/><T59/><D107/><U92/><E18/><N who="2" m="10591" /><F114/><W121/><G121/><T81/><D99/><U28/><E28/><V124/><F124/><W25/><G77/><T133/><D133/><U32/><E32/><V20/><F101/><W54/><G98/><T127/><D127/><U3/><E126/><V95/><F7/><W14/><REACH who="3" step="1"/><G54/><REACH who="3" ten="165,345,245,235" step="2"/><T103/><D55/><U94/><E96/><V71/><F64/><W21/><AGARI ba="1,1" hai="8,11,14,19,21,24,25,26,60,65,68,84,85,87" machi="21" ten="30,8000,1" yaku="1,1,2,1,0,1,52,2,53,0" doraHai="4" doraHaiUra="75" who="3" fromWho="3" sc="165,-21,345,-41,245,-21,235,93" /><INIT seed="2,0,0,1,2,119" ten="144,304,224,328" oya="2" hai0="90,53,124,2,32,110,18,101,41,135,24,57,46" hai1="84,81,29,48,37,56,100,45,22,3,14,61,68" hai2="82,113,128,103,40,94,51,8,130,6,35,44,72" hai3="5,125,73,38,13,93,102,87,17,63,117,105,10"/><V122/><F113/><W66/><G117/><T112/><D112/><U50/><E3/><V15/><F35/><W55/><G38/><T65/><D110/><U23/><E68/><V33/><F33/><W80/><G125/><T49/><D124/><U20/><E37/><V111/><F111/><W95/><G73/><T108/><D108/><U16/><E100/><V123/><F103/><W133/><G133/><T26/><D135/><U19/><E29/><V28/><F94/><W126/><G126/><T1/><D65/><U31/><E31/><V42/><F28/><W27/><G55/><T36/><D32/><U115/><E115/><V85/><F42/><W64/><G105/><T88/><D101/><U107/><E107/><V104/><F72/><W114/><G114/><T76/><D76/><U67/><E45/><V83/><F83/><W74/><G74/><T86/><D90/><U96/><E96/><V77/><F104/><W70/><G66/><T62/><D36/><U58/><E58/><V132/><F132/><W131/><G102/><T47/><D47/><U11/><REACH who="1" step="1"/><E19/><REACH who="1" ten="144,294,224,328" step="2"/><V99/><REACH who="2" step="1"/><F99/><REACH who="2" ten="144,294,214,328" step="2"/><W59/><G70/><T21/><REACH who="0" step="1"/><D26/><REACH who="0" ten="134,294,214,328" step="2"/><U39/><E39/><V25/><F25/><W109/><G109/><T54/><D54/><U129/><E129/><AGARI ba="0,3" hai="6,8,15,40,44,51,77,82,85,122,123,128,129,130" machi="129" ten="40,18000,2" yaku="1,1,25,2,19,1,52,2,53,0" doraHai="119" doraHaiUra="60" who="2" fromWho="1" sc="134,0,294,-180,214,210,328,0" /><INIT seed="2,1,0,0,4,58" ten="134,114,424,328" oya="2" hai0="31,23,90,132,134,43,38,85,120,9,105,103,99" hai1="95,125,19,66,1,49,73,96,22,122,52,89,102" hai2="4,108,84,24,80,45,40,59,29,74,6,13,7" hai3="55,18,39,130,117,11,97,34,121,113,69,47,15"/><V20/><F74/><W82/><G117/><T48/><D120/><U51/><E125/><V124/><F124/><W127/><G121/><T30/><D38/><U44/><E122/><V60/><F108/><W92/><G127/><T61/><D9/><U50/><E1/><V83/><F13/><W68/><G130/><T93/><D23/><U75/><E75/><V0/><F0/><W94/><G34/><T8/><D8/><U107/><E73/><V41/><F45/><W104/><G104/><T54/><D43/><U16/><E66/><V81/><REACH who="2" step="1"/><F84/><REACH who="2" ten="134,114,414,328" step="2"/><W62/><G15/><T71/><D85/><U17/><REACH who="1" step="1"/><E22/><REACH who="1" ten="134,104,414,328" step="2"/><V119/><F119/><W126/><G126/><T21/><D21/><U5/><E5/><V42/><F42/><W70/><G113/><T133/><D133/><U67/><E67/><AGARI ba="1,2" hai="4,6,7,20,24,29,40,41,59,60,67,80,81,83" machi="67" ten="40,7700,0" yaku="1,1,8,1,52,1,53,0" doraHai="58" doraHaiUra="35" who="2" fromWho="1" sc="134,0,104,-80,414,100,328,0" /><INIT seed="2,2,0,0,5,17" ten="134,24,514,328" oya="2" hai0="72,124,114,98,118,81,113,87,101,23,42,61,66" hai1="67,38,100,14,21,58,51,5,105,78,27,120,128" hai2="50,131,79,45,26,11,15,2,1,8,110,129,73" hai3="47,86,60,54,48,99,46,93,32,34,111,63,43"/><V29/><F73/><W71/><G111/><T49/><D72/><U24/><E38/><V68/><F79/><W39/><G86/><T84/><D124/><U112/><E112/><V133/><F68/><W90/><REACH who="3" step="1"/><G71/><REACH who="3" ten="134,24,514,318" step="2"/><T122/><D87/><U12/><E120/><V83/><F110/><W70/><G70/><T76/><D84/><U69/><E69/><V36/><F131/><W62/><AGARI ba="2,1" hai="32,34,39,43,46,47,48,54,60,62,63,90,93,99" machi="62" ten="30,2000,0" yaku="1,1,0,1,53,0" doraHai="17" doraHaiUra="109" who="3" fromWho="3" sc="134,-7,24,-7,514,-12,318,36" /><INIT seed="3,0,0,3,5,46" ten="127,17,502,354" oya="3" hai0="27,77,122,121,33,36,107,26,102,39,55,83,29" hai1="90,65,63,85,134,2,20,103,57,115,70,127,88" hai2="66,84,101,95,61,31,89,128,54,80,126,113,81" hai3="42,3,37,123,49,60,68,44,110,120,73,119,94"/><W28/><G73/><N who="0" m="43439" /><D55/><U100/><E115/><V74/><F113/><W56/><G3/><T18/><D18/><U109/><E109/><V99/><F74/><W78/><G78/><T92/><D92/><U59/><E134/><V41/><F128/><W19/><G94/><T62/><D62/><U131/><E127/><V5/><F126/><W14/><G28/><T86/><D86/><U9/><E131/><V38/><F38/><N who="0" m="14378" /><D26/><U82/><E20/><V87/><F41/><W32/><G32/><T96/><AGARI ba="0,0" hai="27,29,33,96,102,107,121,122" m="14378,43439" machi="96" ten="30,1100,0" yaku="23,1" doraHai="46" who="0" fromWho="0" sc="127,11,17,-3,502,-3,354,-5" /><INIT seed="4,0,0,0,4,37" ten="138,14,499,349" oya="0" hai0="76,106,73,16,130,45,55,31,94,92,133,71,59" hai1="57,22,98,35,79,52,82,113,15,103,93,74,87" hai2="69,102,120,85,41,18,47,127,19,36,135,72,23" hai3="2,75,56,117,66,80,0,26,118,32,4,51,109"/><T24/><D71/><U91/><E35/><V81/><F120/><W78/><G109/><T77/><D106/><U63/><E113/><V89/><F69/><W7/><G51/><T119/><D119/><U11/><E22/><V96/><F72/><W107/><G56/><T124/><D124/><U126/><E126/><V12/><F127/><W100/><G66/><T114/><D114/><U13/><REACH who="1" step="1"/><E11/><REACH who="1" ten="138,4,499,349" step="2"/><V17/><F135/><W53/><G32/><T121/><D133/><U20/><E20/><V9/><F23/><W97/><G118/><T34/><D34/><U40/><E40/><V111/><F111/><W21/><G117/><T49/><D121/><U112/><E112/><V99/><F9/><W86/><G21/><T54/><D24/><U28/><E28/><V110/><F110/><W108/><G26/><T58/><D31/><U25/><E25/><V48/><F12/><W29/><G29/><T68/><D130/><U101/><E101/><V83/><F102/><W132/><G100/><T123/><D123/><U84/><E84/><N who="2" m="50319" /><F36/><W43/><G132/><T70/><D73/><U65/><E65/><V10/><F10/><W6/><G75/><T44/><D49/><U128/><E128/><V30/><F30/><W134/><G134/><T88/><D88/><AGARI ba="0,1" hai="17,18,19,41,47,48,83,85,88,96,99" m="50319" machi="88" ten="30,3900,0" yaku="8,1,52,1,54,1" doraHai="37" who="2" fromWho="0" sc="138,-39,4,0,499,49,349,0" /><INIT seed="5,0,0,2,0,68" ten="99,4,548,349" oya="1" hai0="77,79,76,92,97,26,98,110,40,53,0,33,4" hai1="109,31,62,73,52,15,50,132,121,38,7,111,94" hai2="107,44,27,6,133,113,90,78,49,106,100,87,80" hai3="58,17,3,114,55,96,67,71,91,124,128,125,116"/><U127/><E121/><V123/><F123/><W25/><G3/><T16/><D110/><N who="1" m="41995" /><E73/><V12/><F100/><W89/><G114/><T70/><D70/><U9/><E132/><V83/><F133/><W65/><G128/><T95/><D40/><U59/><E127/><N who="3" m="48714" /><G116/><T30/><D53/><N who="1" m="34159" /><E31/><V118/><F27/><W39/><G39/><T60/><D60/><U42/><E94/><V88/><F90/><N who="3" m="34315" /><G96/><T93/><D93/><U19/><E42/><V18/><F83/><W61/><G71/><T32/><D92/><U43/><E43/><V34/><F118/><W69/><G69/><T64/><D95/><U22/><E38/><V84/><F113/><W134/><G134/><T129/><D98/><U85/><E85/><V14/><F87/><W74/><G74/><T112/><D97/><U28/><E28/><V63/><F84/><W41/><G41/><T115/><D30/><U21/><E7/><V103/><F6/><W81/><G81/><T126/><D4/><U35/><E35/><V117/><F34/><W36/><G36/><T72/><D33/><U57/><AGARI ba="0,0" hai="9,15,19,21,22,50,52,57" m="34159,41995" machi="57" ten="30,3000,0" yaku="10,1,54,1" doraHai="68" who="1" fromWho="1" sc="99,-10,4,30,548,-10,349,-10" /><INIT seed="5,1,0,3,2,35" ten="89,34,538,339" oya="1" hai0="42,122,129,1,31,48,27,30,88,100,16,17,38" hai1="21,54,131,18,59,135,130,114,85,69,45,70,57" hai2="7,118,77,15,11,72,128,3,92,84,127,82,113" hai3="39,68,119,46,104,6,63,55,109,25,4,19,14"/><U89/><E114/><V61/><F118/><W12/><G104/><T95/><D122/><U132/><E21/><V101/><F113/><W29/><G109/><T37/><D100/><U123/><E85/><V133/><F61/><W121/><G121/><T76/><D76/><U0/><E18/><V117/><F117/><W93/><G93/><T62/><D1/><U65/><E89/><V71/><F71/><N who="1" m="27145" /><E0/><V34/><F34/><W86/><G14/><T23/><D17/><U22/><E22/><V81/><F133/><N who="1" m="51273" /><E123/><V5/><F101/><W52/><G86/><T105/><D105/><U115/><E115/><V44/><F92/><W120/><G19/><T111/><D111/><U83/><E83/><V20/><F20/><W24/><G120/><T8/><D8/><U124/><E124/><V78/><F127/><W51/><G25/><T107/><D107/><U110/><E110/><V47/><F7/><W91/><G24/><T106/><D106/><U87/><E87/><V43/><F15/><W41/><G91/><T108/><D108/><U2/><E2/><V102/><F102/><W112/><G112/><T134/><D134/><U99/><E99/><V56/><F82/><W32/><G12/><T103/><D103/><U66/><E45/><N who="2" m="17483" /><F78/><W73/><G4/><T40/><D95/><U9/><E9/><V94/><F94/><W13/><G6/><T97/><D97/><U116/><E116/><V28/><F28/><W60/><G29/><T36/><D30/><U74/><E74/><V126/><F72/><W49/><G73/><T58/><D31/><U50/><E66/><RYUUKYOKU ba="1,0" sc="89,-10,34,30,538,-10,339,-10" hai1="50,54,57,59,65,130,131" /><INIT seed="5,2,0,4,1,18" ten="79,64,528,329" oya="1" hai0="27,29,65,129,17,115,86,32,9,57,84,89,133" hai1="3,134,121,74,124,105,130,71,76,116,80,131,48" hai2="8,64,61,66,22,82,58,70,23,69,77,122,91" hai3="55,39,47,62,132,119,2,75,79,43,53,20,120"/><U10/><RYUUKYOKU type="yao9" ba="2,0" sc="79,0,64,0,528,0,329,0" hai1="3,10,48,71,74,76,80,105,116,121,124,130,131,134" /><INIT seed="5,3,0,4,4,27" ten="79,64,528,329" oya="1" hai0="79,66,4,87,88,123,77,78,48,133,111,94,7" hai1="33,8,119,126,75,81,16,17,124,93,76,84,41" hai2="134,59,55,130,113,23,128,89,49,9,62,102,121" hai3="32,19,68,63,96,5,105,52,18,98,106,99,125"/><U122/><E119/><V57/><F121/><W110/><G110/><T97/><D111/><U109/><E109/><V129/><F102/><W116/><G5/><T25/><D133/><U132/><E122/><V131/><F131/><W40/><G40/><T70/><D123/><U92/><E132/><V20/><F134/><W14/><G32/><T118/><D118/><U73/><E41/><V83/><F113/><W86/><G116/><T50/><D25/><U82/><E33/><V10/><F89/><W65/><G125/><N who="1" m="48234" /><E73/><V117/><F83/><W3/><G3/><T60/><REACH who="0" step="1"/><D97/><REACH who="0" ten="69,64,528,329" step="2"/><U2/><E2/><V56/><F117/><W29/><G99/><T42/><D42/><U47/><E47/><N who="2" m="28095" /><F62/><W95/><G63/><T61/><D61/><U91/><E8/><AGARI ba="3,1" hai="8,9,10,20,23,56,57,59,128,129,130" m="28095" machi="8" ten="40,1300,0" yaku="19,1" doraHai="27" who="2" fromWho="1" sc="69,0,64,-22,528,32,329,0" /><INIT seed="6,0,0,2,2,120" ten="69,42,560,329" oya="2" hai0="39,64,70,114,72,100,106,55,89,90,23,10,104" hai1="36,79,40,116,5,53,83,76,73,126,123,131,57" hai2="33,122,109,67,113,129,135,1,42,43,68,101,21" hai3="56,54,118,17,26,9,48,69,47,94,2,49,112"/><V115/><F122/><W31/><G69/><T93/><D72/><U0/><E123/><V32/><F1/><W125/><G118/><T98/><D39/><U85/><E116/><V111/><F101/><W8/><G125/><T102/><D10/><N who="1" m="2343" /><E126/><V35/><F135/><W74/><G74/><T19/><D114/><N who="2" m="43530" /><F129/><W130/><G130/><T117/><D117/><U99/><E99/><V28/><F68/><W24/><G112/><T46/><D64/><U105/><E105/><V86/><F67/><W41/><G2/><T30/><D30/><U51/><E79/><V22/><F86/><W34/><G94/><T92/><D70/><U60/><E85/><V87/><F87/><W75/><G75/><T97/><D55/><U133/><E133/><V127/><F127/><W4/><G4/><T38/><D46/><N who="1" m="23815" /><E131/><V80/><F80/><W11/><G54/><T82/><D38/><U65/><E65/><V132/><F132/><W96/><G47/><T95/><REACH who="0" step="1"/><D82/><REACH who="0" ten="59,42,560,329" step="2"/><U77/><E77/><V12/><F28/><W63/><G31/><T124/><D124/><U16/><E16/><N who="2" m="10375" /><F43/><W52/><G41/><T13/><AGARI ba="0,1" hai="13,19,23,89,90,92,93,95,97,98,100,102,104,106" machi="13" ten="30,4000,0" yaku="1,1,0,1,9,1,53,0" doraHai="120" doraHaiUra="62" who="0" fromWho="0" sc="59,50,42,-10,560,-20,329,-10" /><INIT seed="7,0,0,5,0,77" ten="109,32,540,319" oya="3" hai0="75,67,4,50,37,78,24,30,88,106,94,107,59" hai1="27,111,46,86,119,0,23,122,57,105,20,113,120" hai2="104,131,80,6,29,51,9,114,79,36,91,42,73" hai3="126,84,49,35,99,3,85,96,134,133,108,90,82"/><W100/><G35/><T81/><D37/><U10/><E111/><V76/><F104/><W135/><G3/><T39/><D39/><U118/><E105/><V128/><F79/><W116/><G49/><T63/><D50/><U33/><E46/><N who="2" m="23879" /><F29/><W115/><G116/><T41/><D41/><U60/><E33/><V15/><F91/><N who="3" m="51607" /><G108/><T5/><D5/><U38/><E38/><V65/><F65/><W66/><G66/><T103/><D103/><U89/><E119/><V69/><F69/><W14/><G14/><T11/><D24/><U54/><E118/><V13/><F51/><W44/><G44/><T45/><D45/><U18/><E113/><V70/><F70/><W48/><G48/><T124/><D30/><U98/><E98/><N who="3" m="37418" /><G100/><T61/><D124/><U58/><E58/><V22/><F22/><W71/><G71/><T12/><D63/><U62/><E62/><V26/><F26/><W68/><G68/><T19/><D4/><U117/><E117/><V125/><F125/><W31/><G31/><T32/><D32/><U74/><E74/><V109/><F109/><W92/><G115/><T52/><D67/><U93/><E23/><V43/><F43/><W34/><G34/><T56/><D59/><U21/><E21/><V121/><F114/><W7/><G7/><T8/><D8/><U17/><E0/><V40/><F40/><W95/><G126/><T110/><D110/><U129/><E129/><N who="2" m="49739" /><F15/><W72/><G72/><T97/><AGARI ba="0,0" hai="11,12,19,52,56,61,75,78,81,88,94,97,106,107" machi="97" ten="20,8000,1" yaku="0,1,7,1,52,1,54,2" doraHai="77" who="0" fromWho="0" sc="109,80,32,-20,540,-20,319,-40" owari="189,-21.0,12,-49.0,520,62.0,279,8.0" /></mjloggm>