<mjloggm ver="2.3"><GO type="169" lobby="0"/><UN n0="%E3%82%A6%E3%83%AB%E3%83%88%E3%83%A9%E7%AB%8B%E7%9B%B4" n1="%68%69%70%64%63%61%73%68" n2="%E3%81%82%E3%81%84%E3%81%A0%E3%81%A6" n3="%E3%81%9F%E3%81%8B%E3%81%97%EF%BC%A8%E3%82%B9%E3%83%94%E3%83%BC%E3%83%89" dan="18,16,16,16" rate="2239.89,2132.80,2090.45,2062.63" sx="M,M,M,M"/><TAIKYOKU oya="0"/><INIT seed="0,0,0,1,1,26" ten="250,250,250,250" oya="0" hai0="83,16,33,70,127,68,121,55,93,113,54,57,124" hai1="114,103,39,95,71,131,43,21,94,1,50,91,27" hai2="40,115,31,77,25,66,2,0,97,81,14,15,102" hai3="62,6,76,128,30,122,46,101,49,79,111,7,13"/><T132/><D113/><U9/><E114/><V44/><F115/><W89/><G111/><T106/><D106/><U29/><E131/><V84/><F0/><W59/><G128/><T116/><D33/><U92/><E39/><V53/><F2/><W23/><G122/><T129/><D129/><U120/><E120/><V22/><F53/><W5/><G101/><T133/><D121/><U125/><E71/><N who="0" m="27177" /><D83/><U38/><E38/><V82/><F82/><W24/><G89/><T47/><D93/><U45/><E125/><N who="0" m="48201" /><D16/><U8/><E103/><V58/><F40/><N who="3" m="24775" /><G13/><T90/><D90/><U86/><E1/><V73/><F44/><W74/><G74/><T67/><D116/><U112/><E112/><V87/><F87/><W126/><G126/><T105/><D105/><U56/><E56/><V20/><F73/><W41/><G41/><T72/><D72/><U123/><E123/><V88/><F22/><W48/><G79/><T61/><D47/><U100/><E94/><N who="2" m="58679" /><F77/><W80/><G80/><T4/><D4/><U64/><E95/><V69/><F69/><W104/><G76/><T96/><D96/><U35/><E35/><V34/><F34/><W17/><G104/><T107/><D107/><U130/><E130/><V10/><F10/><N who="1" m="4201" /><E100/><V119/><F119/><W52/><G17/><T32/><D32/><U63/><E92/><V109/><F109/><W19/><G19/><T108/><D108/><U3/><E3/><V134/><F134/><AGARI ba="0,0" hai="54,55,57,61,67,132,133,134" m="48201,27177" machi="134" ten="40,12000,1" yaku="20,1,18,1,34,2" doraHai="26" who="0" fromWho="2" sc="250,120,250,0,250,-120,250,0" /><INIT seed="0,1,0,0,2,16" ten="370,250,130,250" oya="0" hai0="44,33,79,14,121,35,75,58,82,55,89,53,19" hai1="131,109,18,112,83,135,10,50,101,114,13,86,103" hai2="105,81,130,17,74,45,91,67,48,52,70,134,54" hai3="120,20,72,41,15,119,99,122,36,4,73,127,7"/><T78/><D121/><N who="3" m="46697" /><G119/><T1/><D1/><U80/><E131/><V92/><F130/><W40/><G127/><T102/><D102/><U43/><E135/><V98/><F134/><W28/><G99/><T87/><D44/><N who="1" m="25887" /><E109/><V63/><F105/><W26/><G36/><T25/><D25/><U22/><E10/><V132/><F132/><W24/><G24/><T113/><D113/><N who="1" m="43627" /><E80/><V68/><F17/><W104/><G104/><T65/><D65/><U117/><E117/><V31/><F31/><W95/><G95/><T94/><D79/><AGARI ba="1,0" hai="13,18,22,79,83,86,101,103" m="43627,25887" machi="79" ten="30,2000,0" yaku="11,1,52,1" doraHai="16" who="1" fromWho="0" sc="370,-23,250,23,130,0,250,0" /><INIT seed="1,0,0,0,1,86" ten="347,273,130,250" oya="1" hai0="93,60,100,87,63,19,127,109,28,135,121,112,48" hai1="123,29,36,65,97,71,113,81,126,62,39,30,128" hai2="99,9,2,31,34,27,130,82,116,57,3,73,41" hai3="12,5,42,67,72,74,18,35,125,21,50,132,92"/><U120/><E113/><V131/><F116/><W47/><G132/><T85/><D112/><U111/><E128/><N who="2" m="49195" /><F57/><W59/><G125/><T114/><D114/><U83/><E126/><V43/><F99/><W66/><G35/><T76/><D28/><U52/><E97/><V106/><F106/><W32/><G32/><T79/><D109/><U95/><E111/><V91/><F73/><W75/><G5/><T115/><D115/><U24/><E30/><V80/><F80/><W25/><G25/><T8/><D100/><U61/><E95/><V90/><F82/><W134/><G134/><T107/><D107/><U108/><E108/><V0/><F9/><W77/><G77/><T55/><D135/><U69/><E83/><V7/><F7/><W14/><G14/><T56/><D127/><U38/><E81/><V37/><F37/><W13/><G13/><N who="0" m="7591" /><D87/><U105/><E105/><V118/><F118/><W103/><G59/><T119/><D119/><U94/><E94/><V96/><F96/><W49/><G103/><T16/><D79/><U133/><E133/><V54/><F54/><W104/><G104/><T53/><D53/><U88/><E52/><V40/><AGARI ba="0,0" hai="0,2,3,27,31,34,40,41,43,90,91" m="49195" machi="40" ten="40,5200,0" yaku="19,1,52,2" doraHai="86" who="2" fromWho="2" sc="347,-13,273,-26,130,52,250,-13" /><INIT seed="2,0,0,4,5,94" ten="334,247,182,237" oya="2" hai0="88,87,92,71,10,9,40,79,116,131,19,43,1" hai1="113,0,65,75,124,47,114,99,35,57,84,50,32" hai2="128,58,125,49,70,130,89,42,2,5,109,66,23" hai3="52,72,96,41,39,34,61,103,86,28,63,46,18"/><V82/><F2/><W8/><G72/><T56/><D71/><U45/><E75/><V123/><F5/><W17/><G28/><T14/><D131/><N who="2" m="50218" /><F123/><W132/><G34/><T121/><D121/><U69/><E0/><V37/><F23/><W100/><G132/><T31/><D116/><U120/><E120/><V122/><F122/><W24/><G103/><T73/><D31/><U3/><E3/><V112/><F112/><W129/><G129/><T33/><D33/><U91/><E124/><V90/><F125/><W101/><G101/><T38/><D38/><U127/><E127/><V118/><F118/><W51/><G86/><T68/><D68/><U85/><E69/><V29/><F29/><W74/><G74/><T80/><D1/><U21/><E35/><V11/><F11/><W95/><G18/><T81/><D9/><U12/><E32/><V110/><F82/><W7/><G7/><T62/><REACH who="0" step="1"/><D81/><REACH who="0" ten="324,247,182,237" step="2"/><U54/><E113/><V104/><F70/><W15/><REACH who="3" step="1"/><G24/><REACH who="3" ten="324,247,182,227" step="2"/><T20/><D20/><U60/><E21/><V134/><F134/><W115/><G115/><T59/><D59/><AGARI ba="0,2" hai="8,15,17,39,41,46,51,52,59,61,63,95,96,100" machi="59" ten="30,8000,1" yaku="1,1,7,1,52,1,54,1,53,1" doraHai="94" doraHaiUra="48" who="3" fromWho="0" sc="324,-80,247,0,182,0,227,100" /><INIT seed="3,0,0,0,4,123" ten="244,247,182,327" oya="3" hai0="39,124,78,111,8,118,38,104,3,31,134,72,77" hai1="109,76,75,120,12,81,71,24,27,20,29,53,34" hai2="52,0,47,130,101,110,121,122,32,45,95,25,112" hai3="94,70,18,63,115,61,41,125,102,99,107,128,57"/><W88/><G115/><T133/><D31/><U85/><E120/><N who="2" m="46187" /><F0/><W135/><G128/><T91/><D8/><U103/><E71/><V36/><F112/><W62/><G135/><T86/><D3/><U43/><E43/><N who="2" m="22759" /><F130/><W54/><G125/><T108/><D104/><U116/><E116/><V90/><F101/><W127/><G127/><T9/><D9/><U73/><E12/><V40/><F32/><W84/><G41/><T93/><D118/><U100/><E53/><V13/><F25/><W126/><G126/><T58/><D58/><U60/><E60/><V56/><F13/><W48/><REACH who="3" step="1"/><G18/><REACH who="3" ten="244,247,182,317" step="2"/><T44/><D124/><U59/><E29/><V28/><F28/><W74/><G74/><T114/><D114/><U87/><E75/><V23/><F40/><W19/><G19/><T129/><D129/><U33/><E73/><V55/><F47/><W26/><G26/><T68/><D44/><U35/><E27/><V106/><F106/><W15/><G15/><T37/><D68/><AGARI ba="0,1" hai="48,54,57,61,62,63,68,70,84,88,94,99,102,107" machi="68" ten="40,12000,1" yaku="1,1,54,1,53,2" doraHai="123" doraHaiUra="66" who="3" fromWho="0" sc="244,-120,247,0,182,0,317,130" /><INIT seed="3,1,0,5,0,131" ten="124,247,182,447" oya="3" hai0="29,90,133,68,97,25,31,12,44,74,86,110,28" hai1="113,103,60,98,2,15,30,14,45,17,6,83,40" hai2="76,3,4,38,41,104,109,120,105,114,0,87,67" hai3="36,115,52,123,51,130,108,134,84,63,34,128,99"/><W59/><G34/><T126/><D74/><U24/><E113/><V95/><F67/><W81/><G115/><T88/><D68/><U23/><E83/><V79/><F41/><W112/><G112/><T39/><D110/><U37/><E60/><V117/><F38/><W118/><G118/><T26/><D126/><U11/><REACH who="1" step="1"/><E30/><REACH who="1" ten="124,237,182,447" step="2"/><V53/><F114/><W80/><G80/><T8/><D31/><U111/><E111/><V65/><F109/><W73/><G108/><T94/><D29/><U92/><AGARI ba="1,1" hai="2,6,11,14,15,17,23,24,37,40,45,92,98,103" machi="92" ten="20,2700,0" yaku="1,1,0,1,7,1,53,0" doraHai="131" doraHaiUra="132" who="1" fromWho="1" sc="124,-8,237,40,182,-8,447,-14" /><INIT seed="4,0,0,3,0,48" ten="116,277,174,433" oya="0" hai0="20,97,134,104,39,45,84,69,63,128,31,13,93" hai1="126,82,37,5,16,98,23,9,32,61,12,102,17" hai2="54,107,19,29,43,122,38,83,72,52,41,85,7" hai3="118,66,53,106,117,81,71,57,116,123,58,105,65"/><T115/><D115/><U56/><E32/><V70/><F122/><W50/><G123/><T91/><D128/><U55/><E37/><V51/><F72/><W15/><G71/><T75/><D134/><U27/><E126/><V124/><F38/><W64/><G81/><T34/><D75/><U99/><E82/><V3/><F70/><W10/><REACH who="3" step="1"/><G58/><REACH who="3" ten="116,277,174,423" step="2"/><T33/><D69/><U90/><E90/><V129/><F124/><W110/><G110/><T24/><D63/><U79/><E79/><V119/><F119/><W18/><AGARI ba="0,1" hai="10,15,18,50,53,57,64,65,66,105,106,116,117,118" machi="18" ten="40,5200,0" yaku="1,1,0,1,52,1,53,0" doraHai="48" doraHaiUra="92" who="3" fromWho="3" sc="116,-26,277,-13,174,-13,423,62" /><INIT seed="5,0,0,4,4,133" ten="90,264,161,485" oya="1" hai0="115,56,58,46,60,26,127,124,2,51,117,113,32" hai1="57,97,83,63,36,101,7,19,109,77,11,89,15" hai2="96,82,78,100,22,70,1,62,41,16,68,90,93" hai3="31,4,28,49,120,72,23,84,131,42,108,45,88"/><U95/><E109/><V102/><F1/><W50/><G72/><T121/><D2/><U129/><E129/><V39/><F39/><W18/><G108/><T125/><D117/><U5/><E36/><V61/><F41/><W40/><G120/><T132/><D132/><U119/><E101/><V21/><F21/><W55/><G131/><T103/><D121/><U91/><E91/><V12/><F68/><W92/><G4/><T38/><D38/><U116/><E116/><V130/><F130/><W126/><G126/><T65/><D103/><N who="2" m="39466" /><F70/><W80/><G80/><T54/><D32/><U123/><E123/><V3/><F3/><W104/><G104/><T29/><D29/><U74/><REACH who="1" step="1"/><E119/><REACH who="1" ten="90,254,161,485" step="2"/><V105/><F105/><W107/><G107/><T135/><D135/><U0/><E0/><V76/><F78/><W47/><G42/><N who="0" m="25047" /><D26/><AGARI ba="0,1" hai="18,23,26,28,31,40,45,47,49,50,55,84,88,92" machi="26" ten="30,3900,0" yaku="7,1,8,1,54,1" doraHai="133" who="3" fromWho="0" sc="90,-39,254,0,161,0,485,49" /><INIT seed="6,0,0,0,0,76" ten="51,254,161,534" oya="2" hai0="49,55,19,3,134,104,21,132,72,2,68,22,40" hai1="101,31,121,30,25,103,53,109,38,85,87,108,127" hai2="123,114,63,60,88,58,27,79,102,37,71,106,36" hai3="128,0,95,98,90,94,11,107,80,42,10,97,50"/><V110/><F123/><W84/><G128/><T118/><D40/><U44/><E121/><V12/><F79/><N who="3" m="46111" /><G0/><T124/><D72/><U119/><E119/><V81/><F114/><W26/><G107/><T54/><D104/><U61/><E127/><V9/><F27/><W99/><G26/><T33/><D68/><U34/><E31/><V83/><F102/><N who="3" m="60727" /><G99/><T82/><D33/><U6/><E6/><V18/><F106/><W59/><G59/><T125/><D49/><U29/><E38/><V28/><F28/><W105/><G105/><T131/><D131/><U46/><E34/><V66/><F110/><W67/><G67/><T65/><D65/><U5/><E5/><V16/><F18/><W120/><G120/><T135/><D19/><U39/><E25/><V78/><F78/><W112/><G112/><T89/><D118/><U23/><E39/><V96/><F37/><W24/><G24/><T57/><D57/><U129/><E129/><V62/><F36/><W92/><G92/><T130/><D130/><U122/><E122/><V14/><F14/><W74/><G74/><T117/><D117/><U111/><E111/><V45/><F45/><AGARI ba="0,0" hai="10,11,42,45,50,90,95,98" m="60727,46111" machi="45" ten="30,2000,0" yaku="8,1,52,1" doraHai="76" who="3" fromWho="2" sc="51,0,254,0,161,-20,534,20" /><INIT seed="7,0,0,4,3,67" ten="51,254,141,554" oya="3" hai0="47,37,63,11,78,3,52,42,64,45,20,9,76" hai1="2,130,97,53,99,93,92,34,80,25,60,69,5" hai2="35,101,65,79,44,104,27,94,111,1,46,122,41" hai3="74,116,98,21,28,125,115,51,110,50,107,85,102"/><W43/><G116/><T72/><D20/><U114/><E80/><V109/><F1/><W61/><G125/><T120/><D120/><U131/><E114/><V59/><F104/><W134/><G134/><T86/><D86/><U105/><E25/><V10/><F10/><W13/><G74/><T12/><D72/><U117/><E34/><V66/><F79/><W0/><G0/><T19/><D3/><U132/><E132/><V90/><F101/><W71/><G110/><T81/><D11/><U119/><E5/><V16/><F35/><W62/><G115/><T48/><REACH who="0" step="1"/><D81/><REACH who="0" ten="41,254,141,554" step="2"/><U96/><E2/><V70/><F122/><W39/><G85/><T32/><D32/><U58/><E119/><V54/><F111/><W127/><G21/><T77/><D77/><U82/><E117/><V38/><F109/><W129/><G127/><T22/><D22/><U118/><E118/><V123/><F123/><W26/><G26/><T108/><D108/><U31/><E82/><V7/><F27/><W57/><G13/><T36/><D36/><U95/><E31/><V23/><F23/><W29/><G39/><T73/><D73/><U103/><E97/><V68/><F38/><W89/><G29/><T91/><D91/><U30/><E30/><V55/><F90/><W24/><G28/><T15/><D15/><U14/><E14/><V124/><F124/><W128/><G89/><T112/><D112/><U83/><E83/><V75/><F75/><W106/><G24/><T121/><D121/><U133/><E99/><V113/><F113/><W40/><G102/><T56/><AGARI ba="0,1" hai="9,12,19,37,42,45,47,48,52,56,63,64,76,78" machi="56" ten="20,8000,1" yaku="1,1,5,1,0,1,7,1,54,1,53,0" doraHai="67" doraHaiUra="135" who="0" fromWho="0" sc="41,90,254,-20,141,-20,554,-40" owari="131,-27.0,234,3.0,121,-38.0,514,62.0" /></mjloggm>