<mjloggm ver="2.3"><GO type="169" lobby="0"/><UN n0="%E5%B0%8F%E6%97%A5%E5%90%91%E7%BE%8E%E7%A9%82%EF%BC%8B" n1="%E5%85%89%E5%B8%9D%E3%82%BF%E3%82%AD%E3%82%AA%E3%83%B3" n2="%E3%81%AF%E3%81%84%E3%81%A6%E3%82%93%E3%81%BC%E3%83%BC" n3="%E3%83%88%E3%83%88%E3%83%AA%E5%85%88%E7%94%9F%31%39%E6%AD%B3" dan="17,16,17,19" rate="2199.52,2072.02,2169.15,2315.51" sx="F,M,M,F"/><TAIKYOKU oya="0"/><INIT seed="0,0,0,2,2,29" ten="250,250,250,250" oya="0" hai0="59,39,41,119,92,46,35,19,125,65,88,123,116" hai1="96,7,49,86,67,79,54,105,132,122,47,129,2" hai2="6,25,11,135,34,58,44,93,32,107,84,31,83" hai3="72,55,22,60,12,95,94,112,82,126,85,78,101"/><T63/><D123/><U133/><E122/><V53/><F107/><W42/><G112/><T131/><D131/><U74/><E74/><V23/><F44/><W24/><G126/><T5/><D125/><U15/><E2/><V52/><F93/><W90/><G42/><T27/><D5/><U124/><E124/><V76/><F135/><W111/><G111/><T130/><D130/><U14/><E129/><V91/><F76/><W75/><G12/><T113/><D113/><U77/><E67/><V70/><F70/><W103/><G75/><T13/><D27/><U120/><E120/><V10/><F10/><W73/><G73/><T98/><REACH who="0" step="1"/><D35/><REACH who="0" ten="240,250,250,250" step="2"/><U26/><E26/><V110/><F110/><W9/><G24/><T16/><D16/><U45/><E7/><V0/><REACH who="2" step="1"/><F53/><REACH who="2" ten="240,250,240,250" step="2"/><W48/><G55/><T4/><D4/><U61/><E54/><V30/><F30/><W21/><G9/><AGARI ba="0,2" hai="9,13,19,39,41,46,59,63,65,88,92,98,116,119" machi="9" ten="30,5800,0" yaku="1,1,7,1,54,1,53,0" doraHai="29" doraHaiUra="106" who="0" fromWho="3" sc="240,78,250,0,240,0,250,-58" /><INIT seed="0,1,0,5,0,23" ten="318,250,240,192" oya="0" hai0="51,79,61,127,17,33,132,47,62,57,89,73,86" hai1="97,32,106,5,102,46,76,55,43,80,112,87,130" hai2="108,124,122,3,91,42,109,37,16,83,71,22,49" hai3="78,29,82,104,85,117,27,128,90,101,95,100,69"/><T25/><D132/><U45/><E130/><V21/><F122/><W58/><G117/><T40/><D127/><U19/><E112/><V119/><F71/><W70/><G128/><T13/><D79/><U116/><E116/><V88/><F3/><W93/><G93/><T8/><D73/><U114/><E114/><V75/><F119/><W60/><G104/><T81/><REACH who="0" step="1"/><D57/><REACH who="0" ten="308,250,240,192" step="2"/><U129/><E76/><V68/><F124/><W67/><G70/><T38/><D38/><U63/><E129/><V121/><F37/><W34/><REACH who="3" step="1"/><G69/><REACH who="3" ten="308,250,240,182" step="2"/><T77/><D77/><U98/><E106/><V35/><F68/><W107/><G107/><T1/><D1/><U113/><E113/><V28/><F75/><AGARI ba="1,2" hai="27,29,34,58,60,67,75,78,82,85,90,95,100,101" machi="75" ten="30,3900,0" yaku="1,1,7,1,52,1,53,0" doraHai="23" doraHaiUra="50" who="3" fromWho="2" sc="308,0,250,0,240,-42,182,62" /><INIT seed="1,0,0,5,0,83" ten="308,250,198,244" oya="1" hai0="99,70,84,95,42,13,15,117,92,133,86,39,41" hai1="55,75,97,12,120,79,8,23,45,130,102,111,19" hai2="0,91,125,48,110,54,53,114,27,49,127,20,31" hai3="51,69,25,26,98,131,107,66,58,105,4,24,9"/><U73/><E120/><V112/><F0/><W28/><G131/><T106/><D117/><U71/><E71/><V7/><F7/><W18/><G69/><T33/><D70/><U82/><E130/><V65/><F65/><W81/><G18/><T62/><D33/><U128/><E128/><V10/><F110/><W57/><G28/><T126/><D106/><U5/><E111/><V43/><F10/><W14/><G98/><T121/><D121/><U129/><E129/><V123/><F43/><N who="0" m="16394" /><D39/><U135/><E135/><V2/><F2/><W124/><G124/><N who="2" m="47689" /><F123/><W52/><REACH who="3" step="1"/><G81/><REACH who="3" ten="308,250,198,234" step="2"/><T78/><D126/><U101/><E97/><V115/><F91/><W11/><G11/><T44/><D99/><U32/><E82/><V72/><F72/><W80/><G80/><T1/><D133/><U90/><E75/><V132/><F132/><W85/><G85/><N who="0" m="32875" /><D78/><U21/><E79/><V89/><F89/><W50/><G50/><AGARI ba="0,1" hai="20,27,31,48,49,50,53,54,112,114,115" m="47689" machi="50" ten="40,2600,0" yaku="11,1,18,1" doraHai="83" who="2" fromWho="3" sc="308,0,250,0,198,36,234,-26" /><INIT seed="2,0,0,1,4,113" ten="308,250,234,208" oya="2" hai0="81,15,112,0,109,67,16,5,30,55,36,38,19" hai1="121,90,10,102,66,6,3,7,57,129,49,37,23" hai2="20,35,65,79,26,110,72,14,59,95,73,89,106" hai3="124,111,131,100,99,24,58,54,40,12,4,50,48"/><V56/><F106/><W92/><G111/><T103/><D112/><U32/><E37/><V43/><F110/><W123/><G123/><T39/><D109/><U97/><E32/><V13/><F35/><W93/><G131/><T46/><D30/><U117/><E129/><V1/><F1/><W85/><G124/><T74/><D67/><U33/><E33/><V83/><F72/><W47/><G24/><T45/><D103/><U115/><E115/><V9/><F43/><W11/><REACH who="3" step="1"/><G85/><REACH who="3" ten="308,250,234,198" step="2"/><T84/><D84/><U63/><E121/><V28/><F65/><W127/><G127/><T88/><D74/><U42/><E66/><V87/><REACH who="2" step="1"/><F14/><REACH who="2" ten="308,250,224,198" step="2"/><W119/><G119/><T75/><D15/><U98/><E117/><V118/><F118/><W94/><AGARI ba="0,2" hai="4,11,12,40,47,48,50,54,58,92,93,94,99,100" machi="94" ten="20,5200,0" yaku="1,1,0,1,7,1,8,1,53,0" doraHai="113" doraHaiUra="78" who="3" fromWho="3" sc="308,-13,250,-13,224,-26,198,72" /><INIT seed="3,0,0,2,2,5" ten="295,237,198,270" oya="3" hai0="35,49,12,26,11,40,125,91,43,66,20,133,0" hai1="64,71,28,75,118,83,65,51,59,22,42,30,107" hai2="128,45,82,81,17,106,50,48,110,3,68,115,7" hai3="104,124,8,46,98,39,108,93,131,111,57,123,21"/><W89/><G123/><T58/><D133/><U19/><E107/><V38/><F115/><W13/><G131/><T2/><D125/><U55/><E118/><V72/><F106/><W1/><G124/><T78/><D78/><U41/><E75/><V129/><F68/><W87/><G1/><T60/><D35/><U67/><E71/><V90/><F110/><N who="3" m="42027" /><G21/><T94/><D49/><U109/><E83/><V27/><F38/><W32/><G32/><T24/><D0/><U84/><E84/><V44/><F72/><W119/><G119/><T9/><D2/><U103/><E103/><V113/><F113/><W126/><G126/><T117/><D117/><U62/><E109/><V120/><F120/><W36/><G46/><T29/><D24/><U85/><E85/><V54/><F3/><W10/><G57/><T100/><D100/><U102/><E102/><V112/><F112/><W63/><G63/><T56/><D58/><U15/><REACH who="1" step="1"/><E62/><REACH who="1" ten="295,227,198,270" step="2"/><V37/><F129/><W70/><G70/><T130/><D130/><U86/><E86/><V33/><F128/><W95/><G104/><T4/><D60/><U25/><E25/><V52/><F81/><W127/><G127/><T6/><D26/><U73/><E73/><V134/><F82/><W18/><G95/><T135/><D94/><U101/><E101/><V53/><F27/><W116/><G116/><T132/><D132/><U105/><E105/><V34/><F134/><W61/><G61/><N who="0" m="38183" /><D135/><U77/><E77/><V121/><F34/><W47/><G93/><T79/><D79/><U14/><E14/><V92/><F33/><RYUUKYOKU ba="0,1" sc="295,-10,227,30,198,-10,270,-10" hai1="15,19,22,28,30,41,42,51,55,59,64,65,67" /><INIT seed="4,1,1,0,5,74" ten="285,257,188,260" oya="0" hai0="27,72,101,69,60,106,25,10,80,108,30,57,35" hai1="15,51,33,20,130,23,117,115,87,43,86,70,2" hai2="5,83,3,116,6,47,1,124,125,37,61,50,17" hai3="133,7,92,39,21,84,62,88,107,96,110,76,46"/><T41/><D108/><U129/><E2/><V78/><F37/><W121/><G110/><T68/><D41/><U8/><E117/><V114/><F116/><W71/><G133/><T131/><D131/><N who="1" m="50187" /><E33/><V113/><F61/><W28/><G121/><T89/><D25/><U9/><E70/><V56/><F56/><W11/><G107/><T45/><D45/><N who="1" m="26047" /><E115/><N who="2" m="44043" /><F17/><W54/><G39/><T44/><D44/><U40/><E40/><N who="2" m="24935" /><F1/><W111/><G111/><T112/><D112/><U120/><E120/><V104/><F104/><W12/><G71/><T103/><D68/><U97/><E97/><V128/><F128/><W38/><G38/><T109/><D69/><U123/><E123/><V81/><F81/><N who="3" m="47143" /><G46/><T91/><D109/><U93/><E8/><N who="2" m="2111" /><F6/><W52/><G62/><T75/><D106/><U59/><E59/><V18/><F18/><N who="3" m="10439" /><G28/><T64/><D10/><U0/><E0/><V4/><F4/><W118/><G118/><T26/><D30/><U105/><E105/><V53/><F53/><W34/><G34/><T94/><D35/><U36/><E36/><V13/><F13/><AGARI ba="1,1" hai="7,11,13,52,54,88,92,96" m="10439,47143" machi="13" ten="30,7700,0" yaku="8,1,52,1,54,2" doraHai="74" who="3" fromWho="2" sc="285,0,257,0,188,-80,260,90" /><INIT seed="5,0,0,2,5,126" ten="285,257,108,350" oya="1" hai0="72,12,107,120,128,135,69,36,42,86,9,123,74" hai1="37,134,40,41,114,21,129,66,17,78,118,122,34" hai2="33,32,4,103,55,1,84,57,46,101,87,65,35" hai3="79,7,49,22,43,28,113,125,29,102,30,3,8"/><U62/><E118/><V110/><F110/><W75/><G125/><T100/><D69/><U53/><E122/><N who="0" m="46633" /><D135/><U83/><E34/><V31/><F31/><W127/><G127/><T130/><D86/><U121/><E121/><V64/><F46/><W104/><G113/><T15/><D15/><U50/><E37/><V63/><F4/><W47/><G102/><T25/><D25/><U26/><E114/><V90/><F1/><W14/><G104/><T39/><D100/><U19/><E19/><V105/><F87/><W95/><G95/><T0/><D107/><U51/><E134/><V96/><REACH who="2" step="1"/><F103/><REACH who="2" ten="285,257,98,350" step="2"/><W80/><G3/><T108/><D108/><U60/><E129/><N who="0" m="49769" /><D0/><U99/><E99/><V76/><F76/><W59/><G79/><T48/><D72/><U45/><E78/><V68/><F68/><W89/><G75/><T10/><D74/><U73/><E73/><V91/><F91/><W94/><G89/><T56/><D56/><U54/><E83/><AGARI ba="0,1" hai="32,33,35,55,57,63,64,65,83,84,90,96,101,105" machi="83" ten="40,1300,0" yaku="1,1,53,0" doraHai="126" doraHaiUra="24" who="2" fromWho="1" sc="285,0,257,-13,98,23,350,0" /><INIT seed="6,0,0,2,4,134" ten="285,244,121,350" oya="2" hai0="3,68,48,14,44,132,104,82,4,49,23,21,12" hai1="15,71,83,121,7,108,39,45,22,31,55,57,109" hai2="29,28,60,38,73,72,34,124,17,112,33,101,26" hai3="95,35,88,10,51,103,122,90,65,84,43,97,53"/><V56/><F38/><W18/><G122/><T25/><D132/><U61/><E121/><V19/><F101/><W9/><G35/><T16/><D68/><U41/><E83/><V32/><F112/><W94/><G43/><T81/><D104/><U24/><REACH who="1" step="1"/><E71/><REACH who="1" ten="285,234,121,350" step="2"/><V89/><F89/><W131/><G90/><T99/><D81/><U127/><E127/><V27/><F34/><W117/><G88/><T13/><D82/><U80/><E80/><V74/><REACH who="2" step="1"/><F124/><REACH who="2" ten="285,234,111,350" step="2"/><W36/><G103/><T40/><D99/><U37/><E37/><V63/><F63/><W114/><G36/><T125/><D125/><U1/><E1/><V59/><F59/><W85/><G97/><T102/><D102/><U135/><E135/><V52/><AGARI ba="0,2" hai="17,19,26,27,28,29,32,33,52,56,60,72,73,74" machi="52" ten="30,11700,0" yaku="1,1,0,1,9,1,54,1,53,0" doraHai="134" doraHaiUra="120" who="2" fromWho="2" sc="285,-39,234,-39,111,137,350,-39" /><INIT seed="6,1,0,1,0,97" ten="246,195,248,311" oya="2" hai0="65,86,42,71,80,111,5,25,62,22,75,90,118" hai1="70,19,38,124,63,27,53,8,3,79,129,113,61" hai2="52,95,134,10,127,94,14,83,57,20,125,34,85" hai3="107,108,105,74,39,98,37,68,54,30,29,23,87"/><V89/><F34/><W120/><G108/><T51/><D111/><U119/><E119/><V58/><F58/><W11/><G74/><T128/><D128/><U114/><E38/><V133/><F83/><W84/><G98/><T121/><D118/><U126/><E79/><V6/><F95/><W56/><G56/><T100/><D121/><U55/><E129/><V17/><F10/><W4/><G23/><T60/><D5/><N who="1" m="1087" /><E27/><V131/><F6/><W41/><G4/><T81/><D62/><N who="1" m="23563" /><E19/><V103/><F131/><W78/><G11/><T43/><D51/><U33/><E33/><V15/><F15/><W112/><G78/><T101/><D42/><U99/><E99/><V117/><F103/><W7/><G7/><T82/><D43/><U12/><E12/><V110/><F110/><W66/><G41/><T46/><D46/><U45/><E70/><V102/><F102/><N who="0" m="39530" /><D75/><U16/><E16/><V73/><F73/><W67/><G68/><T35/><D35/><U28/><E28/><V48/><F117/><W72/><G72/><T0/><D0/><U109/><E109/><V49/><F49/><W135/><G37/><T123/><D123/><U77/><E77/><V24/><F24/><W88/><G39/><T130/><D130/><U92/><E92/><V91/><F91/><W122/><G88/><T31/><D71/><U9/><E9/><V106/><F106/><W47/><G107/><T36/><D36/><U32/><E32/><V21/><F21/><W104/><G105/><T59/><AGARI ba="1,0" hai="22,25,31,59,60,65,80,81,82,86,90" m="39530" machi="59" ten="30,7900,0" yaku="8,1,52,3" doraHai="97" who="0" fromWho="0" sc="246,82,195,-21,248,-40,311,-21" /><INIT seed="7,0,0,0,3,100" ten="328,174,208,290" oya="3" hai0="86,50,75,97,77,57,130,42,116,95,129,106,74" hai1="128,85,55,48,15,89,12,111,73,8,41,115,31" hai2="96,87,120,6,105,24,10,131,133,46,11,79,71" hai3="93,36,91,3,29,21,102,109,135,76,35,62,30"/><W19/><G3/><T123/><D123/><U63/><E111/><V81/><F71/><W83/><G36/><T72/><D116/><U82/><E115/><V18/><F120/><W66/><G135/><T134/><D134/><U78/><E128/><N who="0" m="49257" /><D106/><U43/><E63/><V92/><F105/><W107/><G35/><T47/><D57/><U125/><E31/><V0/><F133/><W53/><G109/><T64/><D64/><U104/><E15/><V60/><F60/><W68/><G53/><T119/><D119/><U114/><E125/><V110/><F110/><W118/><G118/><T1/><D1/><U25/><E25/><V80/><F131/><W5/><G5/><T127/><D127/><U108/><E114/><V121/><F121/><W16/><G102/><N who="0" m="60735" /><D86/><U99/><E108/><V94/><F46/><W2/><G107/><T59/><D59/><U9/><E9/><V27/><F81/><AGARI ba="0,0" hai="42,47,50,72,74,75,77,81" m="60735,49257" machi="81" ten="30,1000,0" yaku="19,1" doraHai="100" who="0" fromWho="2" sc="328,10,174,0,208,-10,290,0" owari="338,44.0,174,-33.0,198,-20.0,290,9.0" /></mjloggm>