<mjloggm ver="2.3"><GO type="169" lobby="0"/><UN n0="%E5%91%89%E5%AF%8C%E6%98%A5" n1="%5A%75%74%74%61%6B%61" n2="%52%61%70%75%6E%7A%65%6C" n3="%E3%83%88%E3%83%88%E3%83%AA%E5%85%88%E7%94%9F%31%39%E6%AD%B3" dan="16,18,16,19" rate="2064.62,2261.43,2081.75,2279.98" sx="M,M,M,F"/><TAIKYOKU oya="0"/><INIT seed="0,0,0,1,4,52" ten="250,250,250,250" oya="0" hai0="51,132,58,12,104,64,92,36,128,125,39,97,63" hai1="103,20,61,11,89,101,113,50,14,19,44,42,23" hai2="131,17,65,109,27,18,82,0,114,62,126,123,7" hai3="21,73,67,40,2,59,135,15,96,77,117,120,75"/><T90/><D125/><U87/><E113/><V69/><F123/><W53/><G2/><T116/><D116/><U66/><E103/><V112/><F126/><W38/><G117/><T86/><D128/><U76/><E101/><V99/><F131/><W5/><G120/><T10/><D132/><U29/><E76/><V91/><F109/><W25/><G135/><T105/><D97/><U98/><E29/><V102/><F7/><W48/><G77/><T134/><D134/><U57/><REACH who="1" step="1"/><E98/><REACH who="1" ten="250,240,250,250" step="2"/><V13/><F112/><W94/><G96/><T34/><D34/><U33/><E33/><V130/><F130/><W93/><G75/><T100/><D100/><U71/><E71/><V32/><F114/><W55/><G73/><T22/><D104/><U115/><E115/><V106/><F91/><W31/><G31/><T110/><D105/><U68/><E68/><V84/><F84/><W124/><G124/><T56/><D110/><U74/><E74/><V72/><F72/><W70/><G70/><T16/><REACH who="0" step="1"/><D10/><REACH who="0" ten="240,240,250,250" step="2"/><U35/><E35/><V49/><F32/><W95/><G21/><T4/><D4/><U9/><E9/><V1/><F99/><W121/><G5/><T41/><D41/><U81/><AGARI ba="0,2" hai="11,14,19,20,23,42,44,50,57,61,66,81,87,89" machi="81" ten="20,8000,1" yaku="1,1,0,1,7,1,8,1,52,1,53,0" doraHai="52" doraHaiUra="3" who="1" fromWho="1" sc="240,-40,240,100,250,-20,250,-20" /><INIT seed="1,0,0,2,4,50" ten="200,340,230,230" oya="1" hai0="13,134,33,122,68,95,92,39,81,118,25,21,36" hai1="71,104,24,106,22,5,49,16,125,40,31,54,116" hai2="113,15,14,129,47,4,84,34,114,72,99,32,35" hai3="82,55,59,51,12,43,109,42,69,117,85,6,11"/><U100/><E116/><V133/><F72/><W130/><G109/><T63/><D118/><U2/><E71/><V56/><F133/><W52/><G130/><T30/><D134/><U90/><E40/><V79/><F129/><W102/><G69/><T77/><D122/><U1/><E125/><V98/><F47/><N who="3" m="28159" /><G102/><T110/><D110/><U112/><E112/><N who="2" m="43115" /><F56/><W132/><G117/><T27/><D13/><N who="2" m="4618" /><F4/><W65/><G65/><T115/><D115/><U70/><E70/><V7/><F7/><W78/><G132/><T66/><D39/><U60/><E60/><AGARI ba="0,0" hai="6,11,12,42,43,52,59,60,78,82,85" m="28159" machi="60" ten="30,7700,0" yaku="8,1,52,2,54,1" doraHai="50" who="3" fromWho="1" sc="200,0,340,-77,230,0,230,77" /><INIT seed="2,0,0,5,5,116" ten="200,263,230,307" oya="2" hai0="86,91,106,109,18,29,119,70,80,53,50,90,23" hai1="118,72,82,55,36,65,24,97,0,61,14,4,41" hai2="31,84,92,52,114,78,62,69,127,40,32,81,59" hai3="129,21,47,89,60,110,17,76,2,101,112,66,95"/><V56/><F114/><W74/><G2/><T16/><D119/><U135/><E14/><V131/><F131/><W79/><G129/><T68/><D106/><U58/><E24/><V75/><F127/><W46/><G101/><T67/><D109/><U71/><E97/><V102/><F40/><W11/><G11/><T15/><D91/><U100/><E100/><V63/><F69/><W43/><G110/><T44/><D67/><U107/><E118/><V126/><F126/><W122/><G122/><T96/><D96/><U98/><E98/><V3/><F3/><W134/><G134/><T39/><D39/><U7/><E107/><V57/><F102/><W13/><G112/><T8/><REACH who="0" step="1"/><D29/><REACH who="0" ten="190,263,230,307" step="2"/><U38/><E38/><V42/><F31/><W1/><G89/><T105/><D105/><U128/><E128/><V111/><F111/><W123/><G66/><T130/><D130/><U115/><E115/><V9/><F78/><W120/><G76/><T28/><D28/><U83/><E36/><V94/><F32/><W51/><G79/><T99/><D99/><U22/><E65/><V30/><F30/><W113/><G113/><T125/><D125/><U87/><E135/><V10/><F75/><W33/><G74/><T37/><D37/><U103/><E72/><V93/><F84/><W19/><G33/><T34/><D34/><U73/><E87/><V6/><F6/><W35/><G35/><T48/><D48/><U132/><E73/><V117/><F117/><W124/><G51/><T45/><D45/><U104/><E7/><V49/><F49/><W85/><G124/><RYUUKYOKU ba="0,1" sc="190,30,263,-10,230,-10,307,-10" hai0="8,15,16,18,23,44,50,53,68,70,80,86,90" /><INIT seed="3,1,1,2,3,19" ten="220,253,220,297" oya="3" hai0="29,42,36,37,48,10,86,45,127,66,106,43,24" hai1="40,38,123,7,6,56,23,53,59,17,22,11,129" hai2="46,110,120,35,124,122,60,51,113,39,130,135,102" hai3="111,31,93,134,109,105,99,90,50,96,83,76,70"/><W62/><G31/><T27/><D106/><U26/><E123/><V67/><F35/><W100/><G50/><T52/><D127/><U47/><E129/><V3/><F3/><W12/><G12/><T74/><D74/><U116/><E116/><V68/><F102/><W114/><G62/><T107/><D107/><U89/><E89/><V63/><F124/><W2/><G70/><T115/><D66/><U82/><E82/><V30/><F30/><W14/><G14/><T34/><D115/><U118/><E118/><V85/><F85/><N who="3" m="48359" /><G2/><T128/><D128/><U84/><E84/><V108/><F130/><W5/><G5/><T57/><D86/><U87/><E87/><V132/><F63/><W18/><G18/><T41/><D10/><U4/><E11/><V73/><F73/><W21/><G21/><T131/><D131/><U58/><REACH who="1" step="1"/><E23/><REACH who="1" ten="220,243,220,297" step="2"/><V0/><F113/><W95/><G114/><T104/><D104/><U92/><E92/><V125/><F125/><W33/><G33/><T32/><REACH who="0" step="1"/><D37/><REACH who="0" ten="210,243,220,297" step="2"/><U77/><E77/><V75/><F75/><W91/><G105/><T88/><D88/><U44/><E44/><V79/><F79/><W78/><G78/><T121/><D121/><N who="2" m="46698" /><F39/><W72/><G72/><T8/><D8/><U101/><E101/><V117/><F117/><W9/><G9/><T126/><D126/><U71/><E71/><V20/><F20/><W28/><G100/><T25/><D25/><U16/><E16/><V65/><F0/><W103/><G103/><T98/><D98/><U61/><AGARI ba="1,3" hai="4,6,7,17,22,26,38,40,47,53,56,58,59,61" machi="61" ten="30,4000,0" yaku="1,1,0,1,52,1,53,0" doraHai="19" doraHaiUra="112" who="1" fromWho="1" sc="210,-11,243,73,220,-11,297,-21" /><INIT seed="4,0,0,5,4,51" ten="199,316,209,276" oya="0" hai0="77,108,11,27,131,125,26,116,9,47,97,24,122" hai1="96,39,23,64,19,114,3,62,15,58,12,56,66" hai2="118,13,127,84,121,41,69,48,42,44,43,92,105" hai3="120,80,110,28,94,10,74,61,124,34,89,67,83"/><T115/><D116/><U60/><E3/><V98/><F121/><W17/><G110/><T117/><D122/><U29/><E39/><V91/><F69/><W50/><G120/><T88/><D117/><U16/><E114/><V18/><F127/><W81/><G124/><T103/><D125/><U134/><E134/><V45/><F118/><W129/><G129/><T100/><D115/><U75/><E75/><V14/><F105/><W25/><G17/><T86/><D131/><U33/><E33/><V70/><F70/><W4/><G50/><T31/><D108/><U68/><E68/><V119/><F119/><W5/><G74/><T35/><D77/><U63/><E29/><V123/><F123/><W106/><G106/><T113/><D113/><U55/><E96/><V0/><F0/><W6/><G61/><T8/><D47/><U38/><E38/><V36/><F43/><W111/><G67/><T107/><REACH who="0" step="1"/><D100/><REACH who="0" ten="189,316,209,276" step="2"/><U20/><E66/><V79/><F79/><W32/><G111/><T21/><D21/><U133/><E133/><V37/><F37/><W57/><G34/><T76/><D76/><U128/><E128/><V95/><F18/><W73/><G32/><T59/><D59/><U71/><E71/><V87/><F36/><W112/><G57/><T7/><D7/><U65/><E65/><V53/><F45/><W82/><G112/><T93/><AGARI ba="0,1" hai="8,9,11,24,26,27,31,35,86,88,93,97,103,107" machi="93" ten="30,6000,0" yaku="1,1,0,1,54,1,53,0" doraHai="51" doraHaiUra="72" who="0" fromWho="0" sc="189,70,316,-20,209,-20,276,-20" /><INIT seed="4,1,0,3,0,0" ten="259,296,189,256" oya="0" hai0="12,78,65,104,113,87,128,102,11,131,92,86,17" hai1="54,117,53,96,114,72,38,13,108,94,56,10,63" hai2="23,80,89,98,119,67,84,68,69,21,103,3,116" hai3="47,105,93,71,25,9,57,126,27,83,66,35,6"/><T118/><D118/><N who="2" m="45098" /><F3/><W74/><G105/><T46/><D113/><U45/><E117/><V36/><F36/><W75/><G126/><T24/><D65/><U127/><E72/><V30/><F30/><W40/><G71/><N who="2" m="27209" /><F67/><W34/><G93/><AGARI ba="1,0" hai="21,23,80,84,89,93,98,103" m="27209,45098" machi="93" ten="30,1000,0" yaku="12,1" doraHai="0" who="2" fromWho="3" sc="259,0,296,0,189,13,256,-13" /><INIT seed="5,0,0,5,3,32" ten="259,296,202,243" oya="1" hai0="46,82,22,5,116,96,75,119,105,78,89,122,8" hai1="90,98,54,66,49,56,134,133,26,29,115,28,94" hai2="11,71,111,16,97,17,57,127,37,34,101,27,61" hai3="39,45,128,68,83,132,126,20,86,110,85,112,50"/><U58/><E115/><V87/><F111/><W42/><G110/><T135/><D135/><U118/><E118/><V70/><F37/><W107/><G107/><T102/><D122/><U12/><E12/><V77/><F127/><W99/><G68/><T74/><D74/><U91/><E29/><V65/><F17/><W48/><G112/><T14/><D46/><U69/><E69/><V130/><F130/><W63/><G132/><N who="1" m="50794" /><E66/><V0/><F87/><W76/><G128/><T24/><REACH who="0" step="1"/><D89/><REACH who="0" ten="249,296,202,243" step="2"/><N who="1" m="55631" /><E58/><V108/><F77/><W35/><G76/><T4/><D4/><U114/><E114/><V120/><F108/><W121/><G45/><T103/><D103/><U36/><E36/><V80/><F71/><W84/><G39/><T25/><D25/><U41/><E41/><V113/><F70/><W60/><G42/><T6/><D6/><U104/><E104/><V40/><F40/><W31/><G121/><T43/><D43/><U67/><E91/><V92/><F120/><W81/><G81/><T44/><D44/><U93/><E26/><V33/><F80/><W106/><G83/><T117/><D117/><U15/><E90/><V124/><F124/><W95/><BYE who="2" /><G106/><T52/><D52/><U7/><E67/><V79/><F79/><W55/><G55/><T64/><D64/><U38/><E38/><V129/><F129/><W13/><G126/><T131/><D131/><U9/><E93/><V18/><F18/><AGARI ba="0,1" hai="5,8,14,18,22,24,75,78,82,96,102,105,116,119" machi="18" ten="30,3900,0" yaku="1,1,7,1,53,1" doraHai="32" doraHaiUra="3" who="0" fromWho="2" sc="249,49,296,0,202,-39,243,0" /><INIT seed="6,0,0,3,0,34" ten="298,296,163,243" oya="2" hai0="94,23,41,77,75,85,14,74,131,64,7,90,113" hai1="17,22,13,101,39,106,66,111,9,114,18,27,32" hai2="36,120,117,65,56,52,68,130,26,96,11,119,29" hai3="67,118,42,72,24,19,15,134,28,25,79,80,45"/><V35/><F35/><W50/><G118/><T81/><D113/><U97/><E39/><V71/><F71/><W30/><G134/><T40/><D131/><U121/><E114/><V98/><F98/><W12/><G67/><T33/><D33/><U103/><E111/><UN n2="%52%61%70%75%6E%7A%65%6C" /><V51/><F120/><W70/><G70/><T122/><D122/><U62/><E121/><V44/><F130/><W127/><G127/><T93/><D64/><U110/><E103/><V69/><F69/><W76/><G12/><T82/><D94/><U86/><E110/><V4/><F96/><W21/><REACH who="3" step="1"/><G76/><REACH who="3" ten="298,296,163,233" step="2"/><T53/><D77/><U8/><E66/><V49/><F49/><W112/><G112/><T89/><D14/><U83/><E62/><N who="2" m="39991" /><F26/><AGARI ba="0,1" hai="15,19,21,24,25,26,28,30,42,45,50,72,79,80" machi="26" ten="40,1300,0" yaku="1,1,53,0" doraHai="34" doraHaiUra="3" who="3" fromWho="2" sc="298,0,296,0,163,-13,233,23" /><INIT seed="7,0,0,4,0,84" ten="298,296,150,256" oya="3" hai0="97,78,30,21,108,23,117,33,5,18,122,107,131" hai1="56,91,113,22,3,104,35,52,82,87,120,110,37" hai2="125,34,121,79,49,74,36,119,124,102,24,90,63" hai3="45,69,83,116,68,14,101,126,118,4,127,60,71"/><W67/><G101/><T51/><D117/><N who="3" m="45161" /><G4/><T44/><D122/><U133/><E37/><V8/><F119/><W76/><G14/><T80/><D108/><U123/><E35/><V99/><F36/><W57/><G83/><T42/><D131/><U53/><E104/><N who="2" m="63583" /><F121/><W40/><G76/><T129/><D129/><U106/><E106/><V61/><F79/><W59/><G59/><T86/><D5/><U6/><E53/><V17/><F74/><W134/><G134/><T75/><D18/><U128/><E133/><V9/><F49/><AGARI ba="0,0" hai="40,45,49,57,60,67,68,69,71,126,127" m="45161" machi="49" ten="40,3900,0" yaku="34,2" doraHai="84" who="3" fromWho="2" sc="298,0,296,0,150,-39,256,39" /><INIT seed="7,1,0,2,3,98" ten="298,296,111,295" oya="3" hai0="111,86,46,0,122,78,58,82,12,135,73,38,20" hai1="5,76,72,99,94,74,75,79,17,129,131,6,113" hai2="121,95,125,63,110,21,9,126,81,134,26,100,68" hai3="61,22,70,10,106,116,37,2,57,115,28,123,96"/><W44/><G116/><T3/><D122/><U60/><E60/><V132/><F110/><W118/><G118/><T87/><D111/><U30/><E30/><N who="2" m="17743" /><F9/><W91/><G123/><T103/><D103/><N who="1" m="60919" /><E17/><V85/><F121/><W66/><G115/><T127/><D135/><N who="2" m="51754" /><F63/><W109/><G109/><T107/><D107/><U104/><E104/><V32/><F32/><W130/><G130/><N who="1" m="49674" /><E113/><V45/><F45/><W56/><G28/><T128/><D128/><U88/><E88/><N who="2" m="51247" /><F68/><W47/><G47/><T105/><D46/><U69/><E69/><V29/><F29/><W14/><G22/><T114/><D3/><U71/><E71/><V80/><F80/><W27/><G2/><T77/><D0/><U124/><E124/><N who="2" m="47723" /><F95/><W53/><G27/><T52/><D127/><U4/><AGARI ba="1,0" hai="4,5,6,72,74,75,76,79" m="49674,60919" machi="4" ten="40,2700,0" yaku="19,1,52,1" doraHai="98" who="1" fromWho="1" sc="298,-8,296,30,111,-8,295,-14" owari="290,9.0,326,43.0,103,-40.0,281,-12.0" /></mjloggm>