<mjloggm ver="2.3"><GO type="169" lobby="0"/><UN n0="%E6%B2%B3%E5%B6%8B%4B%4B" n1="%E3%82%A6%E3%83%AB%E3%83%88%E3%83%A9%E7%AB%8B%E7%9B%B4" n2="%E3%82%86%E3%81%BE%E3%82%86%E3%81%BE%E3%83%BC" n3="%E5%8D%9A%E9%BA%97%E9%9C%8A%E5%A4%A2" dan="17,18,16,16" rate="2229.52,2247.16,2085.70,2050.92" sx="M,M,F,F"/><TAIKYOKU oya="0"/><INIT seed="0,0,0,1,4,26" ten="250,250,250,250" oya="0" hai0="128,15,66,98,3,87,38,14,132,51,34,117,121" hai1="107,72,18,39,74,135,131,95,89,114,97,134,67" hai2="4,57,109,47,32,2,126,7,35,44,43,110,52" hai3="125,123,105,103,76,124,0,129,94,116,9,50,84"/><T5/><D38/><U63/><E39/><N who="2" m="21631" /><F126/><W83/><G116/><T33/><D117/><U127/><E127/><N who="3" m="48714" /><G50/><T16/><D66/><U115/><E18/><V119/><F119/><W24/><G24/><T70/><D70/><U100/><E63/><V25/><F2/><W48/><G48/><T46/><D121/><U59/><E59/><V92/><F92/><W55/><G55/><T62/><D62/><U12/><E12/><V122/><F122/><W53/><G53/><T30/><D3/><U106/><E67/><V79/><F79/><W120/><G129/><T88/><D128/><U45/><E45/><V10/><F10/><W65/><G65/><T93/><D30/><U21/><E21/><V73/><F73/><N who="1" m="28265" /><E131/><V85/><F85/><W27/><G27/><T56/><D56/><U40/><E40/><V22/><F47/><W19/><G19/><T101/><D5/><U75/><E75/><V37/><F37/><W82/><G0/><T1/><D1/><U8/><E8/><V41/><F41/><W31/><G9/><N who="0" m="6223" /><D15/><U78/><E78/><V113/><F4/><W108/><G31/><T69/><D69/><U68/><E68/><V90/><F7/><W112/><G123/><T71/><D71/><U130/><E130/><V58/><F32/><W77/><G120/><T42/><D132/><N who="1" m="50731" /><E107/><V36/><F35/><W80/><G105/><N who="0" m="63671" /><D34/><U118/><E118/><V23/><F36/><W60/><G76/><T6/><D33/><U13/><E13/><V29/><F58/><W61/><G77/><T86/><D6/><U133/><N who="1" m="50739" /><U11/><DORA hai="111" /><E11/><RYUUKYOKU ba="0,0" sc="250,15,250,15,250,-15,250,-15" hai0="42,46,51,86,87,88,93" hai1="89,95,97,100,106,114,115" /><INIT seed="0,1,0,2,2,75" ten="265,265,235,235" oya="0" hai0="129,24,99,17,117,76,60,44,2,79,30,15,10" hai1="0,70,9,40,51,130,21,16,12,13,38,62,11" hai2="67,71,50,19,103,46,127,96,56,55,119,125,54" hai3="41,73,68,90,91,29,116,63,64,23,126,39,132"/><T97/><D117/><U7/><E130/><V28/><F119/><W66/><G116/><T93/><D2/><U94/><E38/><V34/><F19/><W78/><G132/><T88/><D129/><U112/><E112/><V26/><F71/><W3/><G3/><T57/><D44/><U86/><E40/><V5/><F5/><W74/><G126/><T59/><D99/><U18/><E51/><V92/><REACH who="2" step="1"/><F67/><REACH who="2" ten="265,265,225,235" step="2"/><W85/><G66/><T83/><D83/><U82/><E70/><V43/><F43/><W108/><G41/><T69/><D69/><U134/><E134/><V124/><F124/><W109/><G68/><T80/><D80/><U110/><E110/><V114/><F114/><W6/><G64/><N who="0" m="38927" /><D59/><U31/><E62/><AGARI ba="1,1" hai="26,28,34,46,50,54,55,56,62,92,96,103,125,127" machi="62" ten="40,2600,0" yaku="1,1,53,1" doraHai="75" doraHaiUra="42" who="2" fromWho="1" sc="265,0,265,-29,225,39,235,0" /><INIT seed="1,0,0,5,1,19" ten="265,236,264,235" oya="1" hai0="110,52,99,20,45,46,72,13,17,1,48,87,63" hai1="119,38,62,94,97,32,135,132,118,126,75,86,49" hai2="27,10,80,92,30,22,3,56,43,21,106,69,15" hai3="68,82,4,5,93,66,28,100,64,122,113,16,76"/><U18/><E38/><V77/><F69/><W33/><G122/><T14/><D1/><U83/><E32/><V127/><F106/><W23/><G113/><T71/><D72/><U96/><E49/><V6/><F127/><W31/><G68/><T40/><D110/><U121/><E18/><V73/><F43/><W37/><G37/><T67/><D99/><N who="1" m="37963" /><E62/><V36/><F36/><W133/><G133/><N who="1" m="51274" /><E121/><V116/><F116/><N who="1" m="44585" /><E126/><V50/><F3/><W134/><G134/><T107/><D107/><U123/><E123/><V54/><REACH who="2" step="1"/><F92/><REACH who="2" ten="265,236,254,235" step="2"/><W91/><G93/><T0/><D0/><U125/><E125/><V104/><F104/><W115/><G33/><AGARI ba="0,1" hai="6,10,15,21,22,27,30,33,50,54,56,73,77,80" machi="33" ten="30,8000,1" yaku="1,1,7,1,52,2,53,1" doraHai="19" doraHaiUra="11" who="2" fromWho="3" sc="265,0,236,0,254,90,235,-80" /><INIT seed="2,0,0,4,1,127" ten="265,236,344,155" oya="2" hai0="59,130,98,4,72,132,94,32,73,53,124,117,89" hai1="122,113,68,105,86,112,82,16,95,114,19,65,107" hai2="79,36,50,44,125,12,21,74,81,116,28,115,6" hai3="83,47,69,134,119,24,97,96,10,120,67,14,90"/><V123/><F125/><W8/><G119/><T41/><D124/><U5/><E122/><V102/><F115/><W48/><G120/><T71/><D71/><U126/><E126/><V23/><F36/><W63/><G134/><T104/><D32/><U88/><E5/><V18/><F116/><W13/><G24/><T55/><D117/><U110/><E110/><V11/><F102/><W33/><G33/><T131/><D132/><U60/><REACH who="1" step="1"/><E95/><REACH who="1" ten="265,226,344,155" step="2"/><V84/><F123/><W35/><G35/><T118/><D118/><U62/><E62/><V108/><F108/><W37/><G63/><T1/><D104/><AGARI ba="0,1" hai="16,19,60,65,68,82,86,88,104,105,107,112,113,114" machi="104" ten="50,6400,0" yaku="1,1,54,2,53,0" doraHai="127" doraHaiUra="0" who="1" fromWho="0" sc="265,-64,226,74,344,0,155,0" /><INIT seed="3,0,0,1,2,73" ten="201,300,344,155" oya="3" hai0="57,131,117,104,3,76,112,9,50,63,34,78,48" hai1="35,36,103,10,69,121,97,17,74,15,45,81,105" hai2="25,134,135,129,19,83,98,6,16,18,115,132,127" hai3="72,88,12,51,118,68,106,40,56,96,130,24,85"/><W13/><G118/><T95/><D104/><U80/><E121/><V128/><F115/><W4/><G68/><T43/><D34/><U101/><E69/><V49/><F98/><W53/><G72/><T14/><D117/><U67/><E67/><V90/><F6/><W7/><G130/><N who="2" m="50281" /><F49/><W133/><G133/><T92/><D3/><U28/><E103/><V75/><F25/><W125/><G125/><T33/><D33/><U30/><E35/><V102/><F102/><W23/><G40/><T11/><D112/><U116/><E116/><V21/><F21/><W61/><G106/><T39/><D39/><U8/><E81/><V120/><F120/><W113/><G113/><T114/><D114/><U42/><REACH who="1" step="1"/><E8/><REACH who="1" ten="201,290,344,155" step="2"/><V94/><F127/><W29/><G96/><T0/><D9/><U26/><E26/><V99/><F132/><W54/><G4/><T37/><D11/><U52/><E52/><V77/><AGARI ba="0,1" hai="16,18,19,75,77,83,90,94,99,134,135" m="50281" machi="77" ten="40,5200,0" yaku="19,1,52,1,54,1" doraHai="73" who="2" fromWho="2" sc="201,-13,290,-13,344,62,155,-26" /><INIT seed="4,0,0,3,5,34" ten="188,277,406,129" oya="0" hai0="61,91,48,130,45,125,17,23,18,10,51,20,104" hai1="5,58,13,12,38,66,26,107,124,95,73,3,112" hai2="131,93,60,120,121,116,109,57,25,14,79,99,24" hai3="127,77,49,87,52,46,126,31,110,68,15,94,4"/><T28/><D104/><U122/><E107/><V19/><F109/><W53/><G110/><T41/><D130/><U33/><E73/><V59/><F79/><W113/><G68/><T21/><D125/><N who="3" m="47625" /><G31/><T134/><D134/><U44/><E95/><V82/><F82/><N who="3" m="47567" /><G113/><T92/><D28/><U70/><E58/><V101/><F57/><W85/><G4/><T88/><D61/><U90/><E13/><V96/><F96/><W102/><G15/><N who="0" m="7415" /><D48/><U7/><E12/><V0/><F116/><W105/><G105/><T86/><D91/><U32/><E90/><V98/><F99/><N who="3" m="59767" /><G85/><T118/><D118/><U65/><E70/><V117/><F117/><W72/><G72/><T40/><D18/><U9/><E124/><V43/><F131/><W63/><G63/><T39/><D39/><U108/><E38/><V6/><F120/><W42/><AGARI ba="0,0" hai="42,46,49,52,53" m="59767,47567,47625" machi="42" ten="30,2000,0" yaku="18,1,54,1" doraHai="34" who="3" fromWho="3" sc="188,-10,277,-5,406,-5,129,20" /><INIT seed="5,0,0,5,5,103" ten="178,272,401,149" oya="1" hai0="115,28,128,111,11,68,62,121,92,117,4,47,19" hai1="116,134,10,41,122,61,93,26,6,110,67,119,20" hai2="12,96,101,18,39,63,77,135,64,53,43,33,73" hai3="29,130,60,132,84,94,112,52,124,98,36,69,2"/><U95/><E122/><V75/><F33/><W51/><G2/><T24/><D111/><U126/><E134/><V34/><F34/><W125/><G36/><T120/><D117/><U102/><E126/><N who="3" m="48746" /><G132/><T113/><D47/><U79/><E79/><V97/><F53/><W129/><G29/><T123/><D92/><U1/><E93/><V46/><F96/><W25/><G25/><T65/><D19/><U72/><E72/><V83/><F75/><W108/><G84/><T54/><D54/><U14/><E1/><V58/><F135/><W85/><G85/><T5/><D128/><N who="3" m="49257" /><G108/><T100/><D100/><U107/><E110/><V99/><F101/><N who="3" m="60631" /><G112/><N who="0" m="43083" /><D11/><AGARI ba="0,0" hai="11,12,18,39,43,46,58,63,64,73,77,83,97,99" machi="11" ten="30,1000,0" yaku="7,1" doraHai="103" who="2" fromWho="0" sc="178,-10,272,0,401,10,149,0" /><INIT seed="6,0,0,0,4,59" ten="168,272,411,149" oya="2" hai0="122,44,80,84,90,88,134,8,21,108,113,103,48" hai1="56,114,43,1,50,10,78,6,40,106,12,2,111" hai2="130,7,58,68,52,116,126,29,115,123,74,31,64" hai3="69,87,85,127,132,77,107,14,20,27,124,53,83"/><V120/><F74/><W19/><G107/><T34/><D108/><U81/><E106/><V38/><F116/><W79/><G132/><T102/><D34/><U37/><E111/><V63/><F115/><W70/><G53/><T76/><D122/><U92/><E114/><V128/><F126/><W46/><G46/><T57/><D134/><U5/><E37/><V47/><F7/><W18/><G70/><T104/><D113/><U73/><E92/><V28/><F120/><W98/><G69/><T118/><D118/><U16/><E50/><N who="2" m="30999" /><F123/><W95/><G85/><T99/><D103/><U72/><E56/><V11/><F11/><W4/><G79/><T36/><D36/><U119/><E73/><V66/><F66/><W94/><G4/><T133/><D133/><U117/><E6/><V17/><F17/><W105/><G105/><T39/><D8/><U86/><E72/><V35/><F35/><W55/><G55/><T82/><D39/><U32/><E32/><V30/><F30/><W9/><REACH who="3" step="1"/><G94/><REACH who="3" ten="168,272,411,139" step="2"/><T131/><D44/><U65/><E5/><V109/><F109/><W93/><G93/><T121/><D121/><U110/><E119/><V22/><F47/><W135/><G135/><T62/><D104/><U15/><E117/><V125/><F125/><W41/><G41/><T26/><D57/><U23/><E110/><V42/><F42/><W101/><AGARI ba="0,1" hai="9,14,18,19,20,27,77,83,87,95,98,101,124,127" machi="101" ten="30,2000,0" yaku="1,1,0,1,53,0" doraHai="59" doraHaiUra="129" who="3" fromWho="3" sc="168,-5,272,-5,411,-10,139,30" /><INIT seed="7,0,0,2,3,81" ten="163,267,401,169" oya="3" hai0="128,83,90,48,96,67,95,49,135,63,17,76,9" hai1="4,58,64,13,22,56,46,98,82,53,19,69,132" hai2="31,33,88,41,112,28,50,71,30,122,32,44,97" hai3="3,23,68,25,125,45,110,14,65,12,100,133,107"/><W5/><G3/><T24/><D128/><U47/><E69/><V72/><F112/><W2/><G2/><T126/><D126/><U15/><E132/><V93/><F71/><W116/><G116/><T54/><D135/><U1/><E1/><V34/><F72/><W42/><G133/><T27/><D9/><N who="1" m="4263" /><E82/><V127/><F122/><W109/><G125/><T18/><D27/><U55/><E98/><V16/><F16/><N who="0" m="6250" /><D24/><U39/><E64/><V130/><REACH who="2" step="1"/><F127/><REACH who="2" ten="163,267,391,169" step="2"/><W87/><G68/><T104/><D76/><U111/><E111/><N who="3" m="42506" /><G5/><T114/><D114/><U131/><E39/><V62/><F62/><W103/><G65/><T105/><D67/><U134/><E131/><AGARI ba="0,1" hai="28,30,31,32,33,34,41,44,50,88,93,97,130,131" machi="131" ten="50,3200,0" yaku="1,1,54,1,53,0" doraHai="81" doraHaiUra="129" who="2" fromWho="1" sc="163,0,267,-32,391,42,169,0" owari="163,-34.0,235,4.0,433,53.0,169,-23.0" /></mjloggm>