<mjloggm ver="2.3"><GO type="169" lobby="0"/><UN n0="%74%65%74%73%75%2F" n1="%E3%83%88%E3%83%88%E3%83%AA%E5%85%88%E7%94%9F%31%39%E6%AD%B3" n2="%E4%BB%A3%E6%89%93%E3%81%A1%E3%81%AE%E7%A5%9E%E6%A7%98" n3="%44%65%78%4D" dan="16,19,16,16" rate="2150.68,2296.89,2174.43,2028.89" sx="M,F,M,M"/><TAIKYOKU oya="0"/><INIT seed="0,0,0,5,2,100" ten="250,250,250,250" oya="0" hai0="105,131,94,96,22,72,55,36,119,5,34,43,129" hai1="90,113,39,130,32,74,61,126,128,118,83,16,125" hai2="4,93,127,58,37,71,114,12,107,134,3,48,98" hai3="116,6,68,46,92,50,51,10,54,121,65,66,91"/><T52/><D34/><U27/><E39/><V49/><F71/><W104/><G116/><T101/><D119/><U26/><E118/><V23/><F37/><W63/><G66/><T30/><D72/><U38/><E38/><V40/><F114/><W2/><G51/><T24/><D5/><U31/><E113/><V76/><F127/><N who="1" m="48649" /><E61/><V0/><F134/><W17/><G17/><T89/><D36/><U21/><E90/><V99/><F76/><AGARI ba="0,0" hai="16,21,26,27,31,32,74,76,83,128,130" m="48649" machi="76" ten="30,2000,0" yaku="18,1,54,1" doraHai="100" who="1" fromWho="2" sc="250,0,250,20,250,-20,250,0" /><INIT seed="1,0,0,0,1,39" ten="250,270,230,250" oya="1" hai0="84,38,22,86,43,75,23,83,9,101,7,55,49" hai1="59,127,76,97,95,81,104,34,89,13,5,8,1" hai2="132,102,117,31,20,118,72,14,24,37,99,21,32" hai3="94,96,57,113,78,100,123,108,111,125,11,18,46"/><U90/><E127/><V63/><F72/><W91/><G113/><T45/><D101/><U129/><E129/><V85/><F132/><W41/><G123/><T114/><D114/><U110/><E34/><V98/><F37/><W61/><G78/><T134/><D134/><U12/><E110/><N who="3" m="42026" /><G11/><T27/><D75/><U65/><E104/><V92/><F85/><W67/><G18/><T126/><D126/><U16/><E1/><V121/><F121/><W119/><G119/><T50/><D38/><U116/><E116/><V2/><F2/><W107/><G125/><T40/><D50/><U69/><E69/><V26/><F14/><W79/><G79/><T54/><D54/><U60/><E13/><V51/><F32/><W42/><G46/><T35/><D35/><U77/><E5/><V53/><F99/><AGARI ba="0,0" hai="41,42,57,61,67,91,94,96,99,100,107" m="42026" machi="99" ten="30,3900,0" yaku="14,1,52,2" doraHai="39" who="3" fromWho="2" sc="250,0,270,0,230,-39,250,39" /><INIT seed="2,0,0,1,1,7" ten="250,270,191,289" oya="2" hai0="60,92,57,66,83,8,100,58,2,106,19,62,105" hai1="61,111,31,15,95,133,109,55,126,131,76,75,11" hai2="97,70,63,45,35,127,79,120,71,91,129,99,17" hai3="68,88,123,21,135,16,69,87,134,80,74,130,3"/><V119/><F119/><W29/><G123/><T22/><D83/><N who="1" m="45471" /><E31/><V4/><F120/><W6/><G130/><T52/><D2/><U27/><E27/><V41/><F129/><W67/><G29/><T86/><D8/><U26/><E26/><V9/><F35/><W56/><G56/><T128/><D128/><U51/><E61/><V104/><F79/><W124/><G124/><T25/><REACH who="0" step="1"/><D86/><REACH who="0" ten="240,270,191,289" step="2"/><U90/><E131/><V65/><F127/><W112/><G3/><T46/><D46/><U36/><E126/><V43/><F45/><W30/><G135/><T85/><D85/><U93/><E11/><V108/><F108/><W18/><G87/><T32/><D32/><U48/><E133/><V38/><F4/><W118/><G6/><T84/><D84/><U110/><E110/><V13/><F38/><W81/><G134/><T101/><D101/><U72/><E36/><V54/><F71/><W34/><G69/><T122/><D122/><U96/><E109/><V33/><F33/><W23/><G34/><T44/><D44/><U89/><E72/><V132/><F132/><W14/><G68/><T5/><D5/><U42/><E111/><V47/><F47/><W50/><G74/><T37/><D37/><U49/><E90/><V114/><F91/><W113/><G88/><T73/><D73/><U125/><E125/><V78/><F70/><W53/><G80/><T28/><D28/><U1/><E1/><V107/><F9/><W20/><G81/><T39/><D39/><U102/><E89/><V121/><F121/><W116/><G30/><T103/><D103/><RYUUKYOKU ba="0,1" sc="240,30,270,-10,191,-10,289,-10" hai0="19,22,25,52,57,58,60,62,66,92,100,105,106" /><INIT seed="3,1,1,4,4,41" ten="270,260,181,279" oya="3" hai0="0,70,22,95,12,36,14,123,8,87,128,116,86" hai1="30,51,9,13,47,130,101,25,39,109,31,90,65" hai2="117,82,113,3,131,50,122,29,93,28,75,105,120" hai3="68,118,45,79,83,23,34,21,15,97,5,133,26"/><W119/><G68/><T132/><D116/><U121/><E121/><N who="2" m="46699" /><F105/><W55/><G34/><T32/><D32/><U11/><E39/><V48/><F117/><W60/><G133/><T19/><D123/><U33/><E109/><V53/><F113/><W57/><G23/><T49/><D36/><U17/><E130/><V63/><F131/><W100/><G45/><T59/><D70/><U1/><E31/><N who="2" m="11851" /><F3/><W16/><G26/><T37/><D37/><U38/><E38/><V69/><F93/><W62/><G62/><T74/><D0/><U72/><E72/><V127/><F127/><W111/><G5/><T27/><D74/><U35/><E35/><V110/><F110/><W18/><G18/><T80/><D132/><U91/><E101/><V46/><F48/><W134/><G134/><T124/><D124/><U42/><REACH who="1" step="1"/><E65/><REACH who="1" ten="270,250,181,279" step="2"/><N who="2" m="41151" /><F75/><W88/><G111/><T96/><D128/><U78/><E78/><V112/><F112/><W7/><G79/><T4/><D4/><AGARI ba="1,2" hai="1,4,9,11,13,17,25,30,33,42,47,51,90,91" machi="4" ten="40,2600,0" yaku="1,1,52,1,53,0" doraHai="41" doraHaiUra="77" who="1" fromWho="0" sc="270,-29,250,49,181,0,279,0" /><INIT seed="4,0,0,5,4,23" ten="241,299,181,279" oya="0" hai0="46,116,12,67,6,86,7,107,122,118,59,9,101" hai1="53,75,123,81,79,28,32,54,17,4,13,43,55" hai2="89,42,102,85,88,40,18,112,98,57,50,14,24" hai3="37,77,3,27,48,8,47,21,126,74,114,99,62"/><T133/><D122/><U127/><E123/><V65/><F112/><W121/><G114/><T15/><D133/><U83/><E127/><V2/><F2/><W97/><G121/><T78/><D46/><U73/><E43/><V68/><F68/><W44/><G126/><T41/><D41/><U132/><E132/><V135/><F135/><W39/><G47/><T34/><D34/><U93/><E4/><V60/><F50/><W49/><G49/><T124/><D124/><U110/><E110/><V10/><F89/><W119/><G119/><T35/><D35/><U129/><E129/><V130/><F130/><W84/><G84/><T94/><D107/><U51/><E93/><V69/><F69/><W104/><G62/><T52/><D67/><U5/><E5/><V64/><F64/><W29/><G3/><T117/><D78/><U58/><E81/><V109/><F109/><W76/><G8/><T128/><D128/><U134/><E75/><V120/><F120/><W80/><G77/><T26/><D7/><U131/><E131/><V1/><F1/><W22/><G22/><T16/><D12/><U113/><E113/><V87/><F87/><W0/><G0/><T25/><D6/><U100/><E100/><V105/><REACH who="2" step="1"/><F24/><REACH who="2" ten="241,299,171,279" step="2"/><W20/><G39/><T56/><D25/><N who="1" m="18447" /><E134/><V90/><F90/><W45/><G37/><T63/><D26/><U108/><E108/><V66/><F66/><W33/><G48/><N who="0" m="30727" /><D86/><U95/><E51/><V106/><F106/><W125/><G125/><T92/><D101/><U61/><E95/><AGARI ba="0,1" hai="10,14,18,40,42,57,60,65,85,88,95,98,102,105" machi="95" ten="30,3900,0" yaku="1,1,7,1,54,1,53,0" doraHai="23" doraHaiUra="111" who="2" fromWho="1" sc="241,0,299,-39,171,49,279,0" /><INIT seed="5,0,0,2,3,48" ten="241,260,220,279" oya="1" hai0="69,73,89,24,103,88,54,85,19,101,120,93,25" hai1="37,14,71,118,77,117,15,26,87,83,0,75,18" hai2="119,76,112,110,124,23,121,134,100,111,68,46,94" hai3="109,20,22,28,81,40,39,58,5,95,10,79,72"/><U90/><E0/><V47/><F119/><W114/><G109/><T59/><D73/><U45/><E71/><V97/><F121/><W35/><G114/><T78/><D69/><U82/><E15/><V108/><F68/><W52/><G35/><T107/><D107/><U12/><E14/><V106/><F112/><W129/><G28/><T91/><D120/><U49/><E26/><N who="0" m="10345" /><D19/><U8/><REACH who="1" step="1"/><E37/><REACH who="1" ten="241,250,220,279" step="2"/><V70/><F70/><W61/><G39/><T98/><D101/><U67/><E67/><V4/><F100/><W104/><G40/><AGARI ba="0,1" hai="8,12,18,40,45,49,75,77,82,83,87,90,117,118" machi="40" ten="30,2900,0" yaku="1,1,7,1,53,0" doraHai="48" doraHaiUra="53" who="1" fromWho="3" sc="241,0,250,39,220,0,279,-29" /><INIT seed="5,1,0,4,0,42" ten="241,289,220,250" oya="1" hai0="16,96,61,122,64,68,40,53,39,103,38,26,46" hai1="130,25,133,9,90,49,128,104,111,83,36,112,21" hai2="57,5,1,121,108,15,33,80,124,4,87,120,23" hai3="119,125,72,22,75,41,88,31,129,85,102,70,78"/><U60/><E36/><V3/><F57/><W43/><G78/><T14/><D122/><N who="2" m="47210" /><F87/><W13/><G70/><T74/><D74/><U63/><E112/><V93/><F93/><W45/><G43/><T67/><D26/><U91/><E104/><V113/><F80/><W32/><G32/><T29/><D29/><U12/><E133/><V92/><F92/><W106/><G119/><T56/><D39/><U77/><E111/><V35/><F108/><W44/><G106/><T28/><D28/><N who="1" m="17455" /><E77/><V82/><F82/><W66/><G66/><BYE who="3" /><T71/><D71/><U126/><E126/><V95/><F95/><W135/><G135/><T30/><D30/><U117/><E117/><UN n3="%44%65%78%4D" /><V7/><F124/><W107/><G125/><T19/><D14/><U109/><E109/><V24/><F15/><W11/><G13/><T69/><D69/><U116/><E116/><V101/><F101/><W65/><G102/><T123/><D123/><U94/><E83/><V8/><F113/><W89/><G107/><N who="0" m="63975" /><D64/><U18/><E49/><AGARI ba="1,0" hai="16,19,38,40,46,49,53,56,61,67,68" m="63975" machi="49" ten="30,3900,0" yaku="24,1,52,1,54,1" doraHai="42" who="0" fromWho="1" sc="241,42,289,-42,220,0,250,0" /><INIT seed="6,0,0,4,5,110" ten="283,247,220,250" oya="2" hai0="116,4,17,95,57,99,70,100,109,96,9,103,113" hai1="104,67,127,132,89,81,41,118,73,31,23,13,101" hai2="50,26,65,33,93,30,123,45,18,56,115,20,68" hai3="47,44,62,128,130,3,85,32,59,42,107,21,60"/><V72/><F123/><W75/><G32/><T79/><D70/><U7/><E118/><V12/><F68/><W52/><G75/><T24/><D109/><U76/><E132/><V90/><F72/><W5/><G107/><T40/><D116/><U78/><E127/><V87/><F65/><W22/><G62/><T51/><D79/><U25/><E78/><V15/><F115/><W122/><G122/><T36/><D36/><U53/><E41/><V29/><F29/><W58/><G58/><T108/><D108/><U121/><E121/><V8/><F56/><W117/><G117/><T69/><D69/><U48/><E67/><V82/><F93/><W35/><G35/><T135/><D135/><U74/><E74/><V84/><F84/><W86/><G3/><T71/><D71/><U102/><E104/><V126/><F126/><W105/><G5/><T129/><D113/><U28/><E28/><V34/><REACH who="2" step="1"/><F15/><REACH who="2" ten="283,247,210,250" step="2"/><W11/><G59/><T133/><D57/><N who="1" m="32935" /><E73/><V77/><F77/><W111/><G86/><T88/><D95/><U37/><E76/><V83/><F83/><W98/><G85/><T91/><D133/><U49/><E81/><V131/><F131/><W10/><G130/><T1/><D129/><U66/><E66/><V14/><F14/><W114/><G128/><T120/><D120/><U61/><E13/><V2/><F2/><W106/><G111/><T16/><D1/><U97/><E31/><V19/><F19/><W46/><G114/><T63/><D16/><U43/><E61/><V64/><F64/><W134/><G60/><T119/><D63/><RYUUKYOKU ba="0,1" sc="283,-10,247,-10,210,30,250,-10" hai2="8,12,18,20,26,30,33,34,45,50,82,87,90" /><INIT seed="6,1,1,3,1,46" ten="273,237,240,240" oya="2" hai0="98,24,69,27,15,6,133,131,92,82,127,90,7" hai1="97,99,17,119,113,64,26,33,96,38,39,71,130" hai2="112,126,8,54,111,134,59,37,66,40,73,28,65" hai3="81,30,95,76,118,55,79,91,10,18,85,31,108"/><V86/><F73/><W103/><G108/><T72/><D69/><U50/><E119/><V47/><F28/><W87/><G118/><T13/><D127/><U63/><E113/><V43/><F112/><W123/><G123/><T74/><D131/><U106/><E130/><V89/><F126/><W12/><G79/><T75/><D133/><U124/><E124/><V16/><F134/><W135/><G135/><T21/><D82/><U102/><E17/><V42/><F111/><W94/><REACH who="3" step="1"/><G55/><REACH who="3" ten="273,237,240,230" step="2"/><T122/><D122/><U49/><E96/><AGARI ba="1,2" hai="10,12,18,30,31,76,81,85,87,91,94,95,96,103" machi="96" ten="40,5200,0" yaku="1,1,2,1,8,1,53,0" doraHai="46" doraHaiUra="36" who="3" fromWho="1" sc="273,0,237,-55,240,0,230,75" /><INIT seed="7,0,0,3,5,98" ten="273,182,240,305" oya="3" hai0="80,128,58,12,75,120,43,76,135,44,49,123,56" hai1="42,93,124,23,127,81,105,85,82,40,46,4,17" hai2="115,39,27,20,100,99,55,69,30,15,38,110,132" hai3="91,78,52,116,1,83,35,57,96,19,5,102,8"/><W2/><G91/><T24/><D128/><U10/><E105/><V122/><F110/><W73/><G35/><T106/><D106/><U59/><E93/><V21/><F69/><W71/><G19/><T61/><D135/><U63/><E124/><V126/><F126/><W84/><G71/><T94/><D58/><U92/><E127/><V7/><F132/><W62/><G116/><T67/><D12/><U54/><E92/><V109/><F109/><W121/><G121/><T68/><D24/><U13/><E46/><V6/><F115/><W34/><G34/><T70/><D70/><U29/><E29/><V3/><F3/><W14/><G84/><T66/><D66/><U31/><E31/><V25/><F122/><W90/><G90/><T74/><D74/><U26/><REACH who="1" step="1"/><E82/><REACH who="1" ten="273,172,240,305" step="2"/><V134/><F134/><W79/><G83/><T119/><D94/><U86/><E86/><V47/><F47/><W103/><G73/><T16/><D123/><U41/><E41/><V95/><F30/><W131/><G131/><T111/><D120/><U64/><E64/><V125/><F125/><W113/><G113/><T89/><D111/><U51/><E51/><V104/><F104/><W65/><G65/><T118/><D68/><U72/><E72/><V37/><F37/><W28/><G28/><T9/><D75/><U45/><E45/><V32/><F39/><W77/><G96/><T107/><D107/><U108/><E108/><V97/><F38/><W0/><AGARI ba="0,1" hai="0,1,2,5,8,14,52,57,62,77,78,79,102,103" machi="0" ten="40,12000,1" yaku="0,1,52,2,54,1" doraHai="98" who="3" fromWho="3" sc="273,-40,172,-40,240,-40,305,130" owari="233,3.0,132,-37.0,200,-20.0,435,54.0" /></mjloggm>