<mjloggm ver="2.3"><GO type="169" lobby="0"/><UN n0="%E3%83%8F%E3%82%B9%E5%A4%AA" n1="%64%6F%6E%63%68%61%6E%33" n2="%E3%82%A6%E3%83%AB%E3%83%88%E3%83%A9%E7%AB%8B%E7%9B%B4" n3="%E2%80%A0%E9%96%93%E5%AE%AE%E3%81%82%E3%81%8B%E3%82%8A%E2%80%A0" dan="17,16,18,17" rate="2135.29,2154.00,2244.52,2100.36" sx="M,M,M,F"/><TAIKYOKU oya="0"/><INIT seed="0,0,0,3,4,60" ten="250,250,250,250" oya="0" hai0="102,70,89,13,58,97,35,82,52,59,120,87,113" hai1="22,63,29,31,92,9,3,61,123,34,71,50,66" hai2="12,104,1,51,46,19,74,109,28,94,38,68,41" hai3="98,133,135,30,77,95,80,67,72,81,7,121,37"/><T107/><D113/><U93/><E123/><V18/><F104/><W119/><G37/><T26/><D120/><U33/><E50/><V4/><F109/><W14/><G121/><T43/><D70/><U24/><E61/><V21/><F68/><W110/><G30/><T65/><D43/><U129/><E129/><V125/><F125/><W116/><G7/><T134/><D134/><N who="3" m="51209" /><G14/><T11/><D59/><U88/><E29/><V0/><F74/><N who="3" m="43063" /><G67/><T90/><D65/><U73/><E93/><V96/><F38/><W78/><G110/><T101/><D35/><U115/><E73/><V114/><F114/><W132/><N who="3" m="51217" /><W48/><DORA hai="49" /><G48/><T40/><D40/><U23/><E33/><V20/><F4/><W17/><G17/><T69/><D26/><U2/><E115/><V6/><F6/><W75/><G75/><T112/><D69/><U15/><E2/><V85/><F28/><W130/><G130/><T32/><D32/><U86/><REACH who="1" step="1"/><E3/><REACH who="1" ten="250,240,250,250" step="2"/><V54/><F0/><W36/><G36/><T131/><D131/><U16/><AGARI ba="0,1" hai="9,15,16,22,23,24,31,34,63,66,71,86,88,92" machi="16" ten="20,12000,2" yaku="1,1,2,1,0,1,7,1,52,1,54,2,53,0" doraHai="60,49" doraHaiUra="103,42" who="1" fromWho="1" sc="250,-60,240,130,250,-30,250,-30" /><INIT seed="1,0,0,0,5,93" ten="190,370,220,220" oya="1" hai0="56,114,98,90,37,63,87,22,121,53,25,54,60" hai1="15,96,116,42,59,33,82,57,123,52,29,62,81" hai2="4,1,58,50,11,117,21,24,17,111,131,40,115" hai3="75,3,105,5,0,9,32,134,80,49,14,46,61"/><U27/><E116/><V124/><F117/><W106/><G32/><T83/><D121/><U13/><E123/><V110/><F40/><W132/><G61/><T36/><D114/><U72/><E42/><V35/><F50/><W44/><G75/><T74/><D74/><U118/><E118/><V94/><F58/><W92/><G80/><T104/><D63/><U71/><E71/><V48/><F48/><W95/><G49/><T120/><D120/><U68/><E68/><V64/><F94/><W10/><G14/><T6/><D6/><U31/><E31/><N who="2" m="19943" /><F64/><W130/><REACH who="3" step="1"/><G5/><REACH who="3" ten="190,370,220,210" step="2"/><T129/><D37/><U133/><E72/><V78/><F78/><W16/><G16/><T20/><D36/><U127/><E81/><V67/><F67/><W51/><G51/><T73/><D73/><U26/><E82/><V122/><F122/><W112/><G112/><T97/><D54/><U125/><E52/><V70/><F115/><W113/><G113/><T126/><D53/><U12/><E33/><V30/><F70/><W79/><G79/><T107/><D60/><U38/><E62/><V41/><F41/><W66/><G66/><T89/><D56/><U2/><E38/><V28/><F17/><W19/><G19/><T7/><D83/><U69/><E69/><V85/><F4/><W23/><G23/><T99/><D20/><U18/><E18/><V65/><F21/><W128/><AGARI ba="0,1" hai="0,3,9,10,44,46,92,95,105,106,128,130,132,134" machi="128" ten="25,6400,0" yaku="1,1,0,1,22,2,53,0" doraHai="93" doraHaiUra="8" who="3" fromWho="3" sc="190,-16,370,-32,220,-16,210,74" /><INIT seed="2,0,0,0,1,81" ten="174,338,204,284" oya="2" hai0="77,92,5,79,135,59,61,2,37,69,68,64,100" hai1="67,102,48,96,71,21,117,55,56,119,85,133,103" hai2="47,95,106,20,131,130,88,112,3,22,30,109,11" hai3="76,4,24,125,113,18,7,6,46,16,90,105,134"/><V25/><F106/><W32/><G105/><T29/><D37/><U132/><E85/><V82/><F112/><W97/><G76/><T115/><D115/><U110/><E110/><V0/><F82/><W123/><G113/><T118/><D135/><N who="1" m="51787" /><E21/><V31/><F47/><W111/><G134/><T120/><D120/><U33/><E33/><V108/><F95/><W91/><G123/><T34/><D118/><N who="1" m="45067" /><E96/><V10/><F88/><W52/><G111/><T73/><D73/><U42/><E42/><V23/><F23/><W86/><G32/><T99/><D34/><U74/><E74/><V94/><F94/><N who="3" m="56543" /><G24/><AGARI ba="0,0" hai="0,3,10,11,20,22,24,25,30,31,108,109,130,131" machi="24" ten="25,12000,1" yaku="22,2,34,3" doraHai="81" who="2" fromWho="3" sc="174,0,338,0,204,120,284,-120" /><INIT seed="2,1,0,1,4,6" ten="174,338,324,164" oya="2" hai0="78,76,87,32,27,95,20,15,126,45,97,129,61" hai1="101,122,62,130,41,123,54,110,43,37,16,5,19" hai2="106,30,50,117,68,14,84,75,105,96,104,133,13" hai3="58,46,34,115,59,39,4,91,57,70,12,10,88"/><V94/><F117/><W135/><G70/><T128/><D126/><U55/><E110/><V25/><F75/><W26/><G135/><T36/><D32/><U103/><E130/><V23/><F133/><W11/><G115/><T119/><D119/><U112/><E5/><V77/><F68/><W82/><G82/><T52/><D36/><U79/><E79/><V107/><F50/><W21/><G34/><T99/><D15/><U8/><E112/><V109/><F109/><W131/><G131/><N who="0" m="50251" /><D87/><U132/><E132/><V73/><F84/><W64/><G64/><T81/><D81/><U116/><E123/><V2/><F2/><W56/><N who="3" m="14336" /><DORA hai="38" /><W72/><G72/><T40/><D61/><U74/><E74/><V83/><N who="2" m="26624" /><DORA hai="120" /><V48/><REACH who="2" step="1"/><F48/><REACH who="2" ten="174,338,314,164" step="2"/><W134/><G134/><T108/><D108/><U22/><E116/><V67/><F67/><W98/><G98/><T66/><D99/><U111/><E122/><V35/><F35/><W69/><G69/><T100/><D66/><U42/><E111/><V71/><F71/><W47/><G39/><T80/><D97/><U49/><E37/><V93/><F93/><W63/><G63/><T29/><D95/><U113/><E49/><V89/><AGARI ba="1,1" hai="13,14,23,25,30,73,77,83,89,94,96" m="26624" machi="89" ten="60,12000,1" yaku="1,1,0,1,53,3" doraHai="6,38,120" doraHaiUra="9,85,125" who="2" fromWho="2" sc="174,-41,338,-41,314,133,164,-41" /><INIT seed="2,2,0,3,0,56" ten="133,297,447,123" oya="2" hai0="20,61,123,15,51,14,64,102,97,132,105,74,122" hai1="22,38,113,63,116,114,100,130,71,108,73,126,120" hai2="94,84,41,82,98,87,44,47,76,90,43,34,58" hai3="4,12,28,19,83,125,89,7,69,127,48,92,72"/><V30/><F34/><W9/><G69/><T59/><D74/><U107/><E22/><V2/><F2/><W93/><G28/><T40/><D132/><U52/><E52/><V3/><F3/><W10/><G48/><T16/><REACH who="0" step="1"/><D14/><REACH who="0" ten="123,297,447,123" step="2"/><U18/><E73/><V17/><F84/><W101/><G72/><T78/><D78/><U121/><E113/><V27/><F87/><W81/><G12/><T80/><D80/><U112/><E114/><V106/><F82/><W65/><G83/><T119/><D119/><U79/><E116/><V42/><F76/><W29/><G81/><T103/><D103/><U133/><E100/><V11/><F41/><W109/><G101/><T36/><D36/><U8/><E38/><V54/><F43/><W1/><G1/><T60/><D60/><U49/><E63/><V128/><F42/><W46/><G89/><T91/><D91/><U134/><E112/><V75/><F75/><W35/><G127/><T62/><D62/><U37/><E79/><V6/><F90/><W111/><G125/><T21/><D21/><U135/><E37/><V118/><F118/><W55/><G111/><T77/><D77/><U86/><E108/><V25/><F11/><W115/><G109/><T110/><D110/><U45/><E126/><V50/><F50/><W33/><G115/><T124/><D124/><U57/><E49/><V95/><F128/><W32/><G32/><T131/><D131/><U31/><E130/><V99/><F27/><W26/><G35/><T129/><D129/><U5/><E134/><V117/><F117/><W67/><G33/><RYUUKYOKU ba="2,1" sc="123,30,297,-10,447,-10,123,-10" hai0="15,16,20,40,51,59,61,64,97,102,105,122,123" /><INIT seed="3,3,1,4,0,113" ten="153,287,437,113" oya="3" hai0="8,109,55,124,80,129,11,96,13,49,32,42,5" hai1="38,23,107,99,12,15,39,100,103,93,27,1,66" hai2="94,102,9,106,45,37,131,62,25,132,60,19,87" hai3="26,41,34,21,58,116,108,47,79,97,7,118,105"/><W40/><G34/><T69/><D32/><U46/><E1/><V33/><F106/><W59/><G79/><T130/><D69/><U51/><E66/><V14/><F131/><N who="0" m="50186" /><D109/><U128/><E128/><V54/><F132/><W30/><G7/><N who="0" m="3231" /><D124/><U101/><E39/><V17/><F37/><W83/><G83/><T88/><D42/><U78/><E78/><V98/><F87/><W4/><G4/><T123/><D123/><U82/><E82/><V75/><F75/><W20/><G108/><T134/><D134/><U28/><E38/><V76/><F76/><W57/><G20/><T72/><D72/><U3/><E3/><V95/><F95/><W125/><G125/><T119/><D119/><U43/><REACH who="1" step="1"/><E107/><REACH who="1" ten="153,277,437,113" step="2"/><V61/><F33/><W0/><G0/><T89/><D80/><U36/><E36/><V50/><F25/><W90/><G105/><T121/><D121/><U68/><E68/><V44/><F19/><W133/><G133/><T29/><D29/><U84/><E84/><V81/><F81/><W91/><G118/><T6/><D96/><U70/><E70/><V86/><F86/><W65/><G116/><T111/><D111/><U126/><E126/><V127/><F127/><W115/><G97/><T74/><D74/><U117/><E117/><V77/><F77/><W16/><G30/><T92/><D92/><U135/><E135/><V24/><F24/><W22/><G26/><T31/><D31/><U104/><E104/><V112/><F112/><W71/><G115/><T67/><D67/><U85/><E85/><V63/><N who="2" m="15360" /><DORA hai="10" /><V122/><F122/><RYUUKYOKU ba="3,2" sc="153,-15,277,15,437,15,113,-15" hai1="12,15,23,27,28,43,46,51,93,99,100,101,103" hai2="9,14,17,44,45,50,54,94,98,102" /><INIT seed="4,4,2,2,3,49" ten="138,292,452,98" oya="0" hai0="97,92,94,96,65,73,99,81,41,38,100,21,98" hai1="29,111,114,45,20,124,7,33,42,70,10,3,103" hai2="40,61,58,52,82,14,11,23,22,26,128,135,69" hai3="35,67,64,77,78,60,34,101,106,126,117,15,86"/><T120/><D120/><U43/><E111/><V113/><F69/><W95/><G117/><T19/><D65/><U119/><E119/><V2/><F2/><W112/><G106/><T57/><D57/><U105/><E43/><V75/><F113/><W25/><G112/><T116/><D116/><U54/><E70/><V131/><F40/><W115/><G115/><T44/><D81/><U133/><E33/><V87/><F75/><W62/><G126/><T5/><D73/><U110/><E110/><V68/><F68/><W107/><G107/><T37/><D5/><U127/><E133/><V55/><F55/><W8/><G35/><T36/><REACH who="0" step="1"/><D94/><REACH who="0" ten="128,292,452,98" step="2"/><U48/><E114/><V66/><F66/><W17/><G67/><T79/><D79/><U80/><E80/><V121/><F82/><W83/><G77/><T53/><D53/><U122/><E54/><V90/><F52/><W27/><G64/><T134/><D134/><U71/><E122/><V16/><F135/><W132/><G132/><T30/><D30/><U123/><E71/><V32/><F121/><W109/><G109/><T9/><D9/><U28/><E123/><V76/><F76/><W85/><G62/><T63/><D63/><U125/><E29/><N who="2" m="19511" /><F61/><W47/><G60/><T51/><D51/><U118/><E118/><V24/><F58/><W0/><G95/><T50/><D50/><U130/><E127/><V59/><F59/><W1/><G78/><T89/><D89/><U4/><E125/><V108/><F108/><W72/><G72/><T88/><D88/><U129/><E124/><V18/><F11/><RYUUKYOKU ba="4,3" sc="128,15,292,-15,452,15,98,-15" hai0="19,21,36,37,38,41,44,92,96,97,98,99,100" hai2="14,16,18,22,23,24,87,90,128,131" /><INIT seed="4,5,3,3,3,10" ten="143,277,467,83" oya="0" hai0="41,129,49,15,65,91,25,104,130,83,120,81,82" hai1="84,127,36,87,107,134,29,13,70,32,78,0,33" hai2="132,88,98,92,2,94,28,3,68,66,48,30,97" hai3="99,60,45,95,71,12,75,18,22,7,131,86,61"/><T42/><D120/><U90/><E0/><V16/><F68/><W135/><G75/><T108/><D104/><U37/><E70/><V69/><F69/><W34/><G34/><T113/><D113/><U21/><E107/><V23/><F66/><W74/><G74/><T24/><D65/><U40/><E134/><V115/><F132/><W111/><G135/><T39/><D39/><U67/><E67/><V116/><F115/><W121/><G71/><T117/><D117/><U58/><E58/><V17/><F116/><W85/><G111/><T76/><D108/><U1/><E1/><V80/><F80/><W47/><G131/><N who="0" m="50187" /><D91/><U110/><E110/><V100/><F2/><W72/><G72/><T55/><D76/><U51/><E78/><V96/><F3/><W133/><G133/><T93/><D93/><U26/><E90/><V119/><F119/><W53/><G121/><T105/><D105/><U56/><E37/><V123/><F123/><W20/><G7/><T59/><D15/><U125/><E13/><N who="2" m="9615" /><F97/><W52/><G12/><T57/><D57/><U112/><E56/><V64/><F64/><W6/><G6/><T128/><N who="0" m="50195" /><T11/><DORA hai="63" /><D11/><U31/><E36/><V46/><F17/><W50/><G18/><T9/><D9/><U27/><E112/><V101/><F88/><W44/><G99/><T62/><D62/><U14/><E14/><V8/><F8/><W106/><G106/><T109/><D109/><U114/><E114/><V73/><F73/><W19/><G19/><T79/><D79/><U124/><E124/><V89/><F89/><RYUUKYOKU ba="5,3" sc="143,15,277,-15,467,15,83,-15" hai0="24,25,41,42,49,55,59,81,82,83" hai2="28,30,46,48,92,94,96,98,100,101" /><INIT seed="4,6,3,1,4,57" ten="158,262,482,68" oya="0" hai0="42,12,109,71,59,100,26,88,45,56,18,110,11" hai1="40,135,130,108,0,33,36,67,86,125,14,85,19" hai2="95,76,4,80,99,69,28,124,111,73,112,47,8" hai3="22,30,70,27,122,5,44,75,38,115,37,90,53"/><T84/><D71/><U31/><E108/><N who="0" m="41577" /><D100/><U74/><E0/><V116/><F69/><W123/><G75/><T9/><D9/><U78/><E33/><V133/><F111/><W39/><G70/><T82/><D26/><U106/><E31/><V77/><F77/><W114/><G5/><T17/><D18/><U23/><E106/><V7/><F7/><W20/><G90/><T107/><D107/><U60/><E14/><V94/><F28/><W81/><G81/><T105/><D105/><U61/><E23/><V2/><F80/><W118/><G118/><T131/><D131/><U98/><E19/><V62/><F8/><W103/><G103/><T97/><D97/><U34/><E98/><V102/><F99/><W113/><G20/><T29/><D29/><U119/><E34/><V129/><F102/><W83/><G83/><T10/><D10/><U63/><E119/><V32/><F116/><W66/><G66/><T15/><D15/><U16/><E67/><V46/><F32/><W51/><AGARI ba="6,3" hai="22,27,30,37,38,39,44,51,53,113,114,115,122,123" machi="51" ten="50,3200,0" yaku="0,1,15,1" doraHai="57" who="3" fromWho="3" sc="158,-22,262,-14,482,-14,68,80" /><INIT seed="5,0,0,0,2,12" ten="136,248,468,148" oya="1" hai0="35,125,37,117,96,87,25,118,31,81,67,101,64" hai1="75,65,60,112,14,76,95,84,24,22,82,33,131" hai2="128,92,59,68,72,124,71,49,106,48,113,115,105" hai3="130,114,103,13,19,16,34,111,79,69,53,46,62"/><U91/><E112/><N who="2" m="43083" /><F72/><W1/><G114/><T61/><D37/><U10/><E131/><V44/><F124/><W42/><G111/><T126/><D67/><U74/><E33/><V83/><F128/><W135/><G1/><T30/><D30/><U78/><E78/><V132/><F132/><W98/><G130/><T93/><D126/><U40/><E40/><N who="2" m="24583" /><F83/><W108/><G34/><T107/><D93/><U43/><E43/><V63/><F49/><W86/><G108/><T66/><D66/><U119/><E119/><V104/><F92/><W123/><G135/><T127/><D127/><U36/><E36/><V89/><F89/><W99/><G42/><T21/><D21/><U20/><E75/><V51/><F51/><W129/><G129/><T122/><D122/><U116/><E24/><V120/><F120/><W28/><G123/><T109/><D109/><U5/><REACH who="1" step="1"/><E116/><REACH who="1" ten="136,238,468,148" step="2"/><V94/><F94/><W57/><G79/><T6/><D125/><U52/><E52/><AGARI ba="0,1" hai="52,59,63,68,71,104,105,106" m="24583,43083" machi="52" ten="40,5200,0" yaku="15,1,11,1,54,1" doraHai="12" who="2" fromWho="1" sc="136,0,238,-52,468,62,148,0" /><INIT seed="6,0,0,0,5,2" ten="136,186,530,148" oya="2" hai0="116,85,112,1,25,24,29,38,12,119,86,46,100" hai1="131,14,65,64,28,16,111,43,49,104,92,0,18" hai2="4,59,62,73,96,71,35,67,55,48,39,54,11" hai3="5,68,66,26,109,42,9,41,115,34,135,10,118"/><V52/><F35/><W21/><G118/><N who="0" m="45099" /><D100/><U89/><E104/><V108/><F73/><W110/><G34/><T22/><D1/><U122/><E111/><V58/><F108/><W102/><G110/><T63/><D112/><U17/><E0/><V70/><F96/><W97/><G109/><T124/><D124/><U103/><E103/><V133/><F4/><W50/><G115/><T101/><D101/><U80/><E80/><V61/><F11/><W128/><G128/><T74/><D74/><U30/><E131/><V44/><F133/><W75/><G75/><T123/><D123/><U132/><E14/><V45/><F71/><W130/><G135/><T3/><D3/><U13/><E13/><V19/><F19/><W125/><G125/><T106/><D106/><U37/><E37/><V20/><F20/><W51/><G130/><T83/><D63/><U107/><E107/><V60/><F39/><W127/><G127/><T117/><N who="0" m="45107" /><T56/><DORA hai="126" /><D56/><AGARI ba="0,0" hai="44,45,48,52,54,55,56,58,59,60,61,62,67,70" machi="56" ten="30,24000,3" yaku="7,1,9,1,35,6,54,1" doraHai="2,126" who="2" fromWho="0" sc="136,-240,186,0,530,240,148,0" owari="-104,-60.0,186,-1.0,770,86.0,148,-25.0" /></mjloggm>