<mjloggm ver="2.3"><GO type="169" lobby="0"/><UN n0="%E3%81%84%E3%81%AE%E3%81%91%E3%82%93" n1="%E3%82%A6%E3%83%AB%E3%83%88%E3%83%A9%E7%AB%8B%E7%9B%B4" n2="%E3%83%A9%E3%83%A0%E3%83%80%E3%81%95%E3%82%93" n3="%E4%BA%94%E8%91%89%E3%81%95%E3%82%93" dan="16,18,16,18" rate="2093.68,2230.72,2142.00,2182.65" sx="F,M,M,M"/><TAIKYOKU oya="0"/><INIT seed="0,0,0,5,5,31" ten="250,250,250,250" oya="0" hai0="53,50,119,34,60,72,127,1,112,107,64,89,20" hai1="125,66,126,75,118,27,135,56,24,69,108,54,113" hai2="19,74,62,44,3,132,130,111,38,94,110,17,99" hai3="133,12,78,14,95,92,86,26,114,9,22,84,43"/><T48/><D112/><U7/><E75/><V47/><F74/><W134/><G43/><T57/><D119/><U32/><E118/><V51/><F3/><W120/><G114/><T96/><D72/><U68/><E113/><V129/><F62/><W101/><G120/><T93/><D1/><U121/><E121/><V36/><F94/><N who="3" m="35883" /><G101/><T63/><D127/><U109/><E7/><V103/><F99/><W122/><G122/><T35/><D107/><U106/><E106/><V0/><F0/><W46/><G46/><N who="2" m="17449" /><F103/><W11/><G78/><T91/><D91/><U42/><E42/><V29/><F29/><N who="3" m="17623" /><G134/><T87/><D87/><N who="3" m="33321" /><G133/><T123/><D123/><U4/><E135/><V82/><F132/><W25/><G25/><T77/><D77/><U124/><E27/><V16/><F82/><W61/><G61/><T115/><D115/><U128/><E24/><V83/><F51/><W65/><G65/><T73/><D73/><U102/><E66/><V10/><F83/><W67/><G67/><T117/><D117/><U21/><E102/><V28/><F28/><W15/><AGARI ba="0,0" hai="9,11,12,14,15" m="33321,17623,35883" machi="15" ten="30,1100,0" yaku="8,1" doraHai="31" who="3" fromWho="3" sc="250,-5,250,-3,250,-3,250,11" /><INIT seed="1,0,0,3,3,40" ten="245,247,247,261" oya="1" hai0="34,109,38,80,117,85,62,69,58,36,3,127,76" hai1="99,15,84,128,87,67,90,77,24,83,91,18,2" hai2="10,105,56,81,71,129,93,9,131,72,8,123,41" hai3="130,4,26,13,25,94,33,48,6,126,73,101,54"/><U55/><E2/><V110/><F123/><W46/><G73/><T17/><D117/><U121/><E121/><V30/><F105/><W52/><G33/><T108/><D127/><U114/><E114/><V92/><F71/><W100/><G130/><N who="2" m="49673" /><F110/><N who="0" m="42602" /><D34/><U86/><E128/><V70/><F70/><W132/><G132/><T63/><D3/><U60/><E24/><N who="3" m="9322" /><G126/><T49/><D17/><U44/><E99/><V32/><F30/><W68/><G68/><T89/><D69/><U113/><E113/><V111/><F32/><W124/><G124/><T78/><D49/><N who="1" m="29095" /><E91/><V112/><F112/><W79/><G79/><N who="0" m="30251" /><D63/><U47/><E47/><V122/><F122/><W66/><G66/><AGARI ba="0,0" hai="36,38,58,62,66,80,85,89" m="30251,42602" machi="66" ten="30,1000,0" yaku="14,1" doraHai="40" who="0" fromWho="3" sc="245,10,247,0,247,0,261,-10" /><INIT seed="2,0,0,5,2,73" ten="255,247,247,251" oya="2" hai0="72,125,66,115,54,130,9,79,1,111,46,104,44" hai1="110,25,59,96,99,123,17,90,5,88,83,12,2" hai2="68,82,57,74,87,60,36,15,0,129,134,92,47" hai3="41,102,128,48,50,3,42,106,29,127,53,103,81"/><V131/><F0/><W95/><G106/><T49/><D115/><U76/><E110/><V84/><F68/><W55/><G3/><T105/><D111/><U61/><E123/><V40/><F134/><W56/><G128/><N who="2" m="49225" /><F15/><W116/><G116/><T6/><D130/><U98/><E25/><V119/><F119/><W62/><G127/><T27/><D125/><U26/><E26/><V65/><F92/><W112/><G112/><T114/><D114/><U89/><E5/><V18/><F18/><W14/><G29/><T101/><D66/><U117/><E2/><V7/><F7/><W24/><G24/><T64/><D64/><U10/><E117/><V85/><F74/><W135/><G135/><T67/><D67/><U21/><E10/><V8/><F8/><W132/><G132/><T13/><D1/><U109/><E109/><V30/><F30/><W43/><G81/><AGARI ba="0,0" hai="36,40,47,57,60,65,81,82,84,85,87" m="49225" machi="81" ten="30,1500,0" yaku="19,1" doraHai="73" who="2" fromWho="3" sc="255,0,247,0,247,15,251,-15" /><INIT seed="2,1,0,0,5,34" ten="255,247,262,236" oya="2" hai0="28,7,102,33,32,122,79,2,50,20,58,18,6" hai1="54,76,39,51,124,71,40,106,84,14,132,130,85" hai2="99,23,62,10,69,55,89,134,81,117,73,35,53" hai3="3,131,8,9,83,19,25,17,56,46,48,26,37"/><V57/><F117/><W100/><G37/><T101/><D122/><U120/><E106/><V72/><F35/><W107/><G107/><T126/><D126/><U91/><E130/><V127/><F127/><W66/><G100/><T24/><D79/><U13/><E132/><V42/><F134/><W75/><G131/><T49/><D33/><U110/><E110/><V0/><F42/><W27/><G75/><T74/><D74/><U123/><E71/><V114/><F114/><W116/><G83/><T12/><D7/><U60/><E60/><V92/><F69/><W77/><G77/><T112/><D112/><U47/><E76/><V44/><F23/><W21/><G3/><T97/><D58/><N who="1" m="33119" /><E85/><V87/><F53/><N who="3" m="29847" /><G116/><T109/><D102/><U125/><E125/><V31/><F31/><W111/><G111/><T103/><D103/><U64/><E64/><V15/><F44/><W67/><G19/><T16/><D18/><U105/><E105/><V68/><F68/><W61/><G67/><T98/><D98/><U38/><E38/><V118/><F118/><W115/><G115/><T1/><D1/><U94/><E124/><V80/><F0/><W104/><G104/><N who="0" m="63535" /><D109/><U119/><E119/><V88/><REACH who="2" step="1"/><F81/><REACH who="2" ten="255,247,252,236" step="2"/><W36/><G36/><T108/><D108/><U93/><E93/><V90/><F90/><W86/><G21/><T70/><D70/><U59/><E59/><V135/><F135/><W96/><G56/><T95/><D95/><U113/><E113/><V45/><F45/><W82/><G82/><T78/><D78/><U129/><E129/><V22/><F22/><RYUUKYOKU ba="1,1" sc="255,10,247,10,252,10,236,-30" hai0="2,6,12,16,20,24,28,32,49,50" hai1="13,14,39,40,47,84,91,94,120,123" hai2="10,15,55,57,62,72,73,80,87,88,89,92,99" /><INIT seed="2,2,1,3,4,18" ten="265,257,262,206" oya="2" hai0="24,13,73,78,10,51,132,125,88,14,75,15,100" hai1="48,25,49,79,34,76,90,69,124,40,89,50,27" hai2="127,119,37,32,109,57,122,96,108,54,35,59,41" hai3="43,99,82,61,113,9,115,45,62,31,77,55,74"/><V26/><F119/><W63/><G31/><T104/><D132/><U130/><E69/><V33/><F122/><W87/><G99/><T80/><D125/><U106/><E106/><V42/><F127/><W101/><G101/><T93/><D75/><U6/><E124/><V84/><F37/><W0/><G55/><T38/><D38/><U112/><E112/><N who="3" m="43082" /><G87/><N who="0" m="52383" /><D24/><N who="1" m="9291" /><E34/><V133/><F133/><W86/><G86/><T52/><D10/><U134/><E134/><V36/><F96/><W60/><N who="3" m="15360" /><DORA hai="47" /><W28/><G28/><T129/><D129/><U5/><E130/><V23/><F84/><W116/><G116/><T110/><D110/><N who="2" m="42602" /><F36/><N who="3" m="21735" /><G9/><T128/><D128/><U135/><E135/><V20/><F59/><W2/><AGARI ba="2,1" hai="0,2,74,77,82" m="21735,15360,43082" machi="2" ten="50,1600,0" yaku="11,1" doraHai="18,47" who="3" fromWho="3" sc="265,-6,257,-6,262,-10,206,32" /><INIT seed="3,0,0,3,2,24" ten="259,251,252,238" oya="3" hai0="9,79,76,72,89,104,35,113,45,33,129,91,70" hai1="121,25,77,105,67,112,61,36,41,26,88,53,11" hai2="66,71,94,29,119,106,122,8,73,18,56,34,82" hai3="14,15,74,5,101,17,39,10,63,37,102,135,110"/><W126/><G74/><T118/><D118/><U50/><E105/><V49/><F94/><W46/><G135/><T20/><D129/><U123/><E77/><N who="2" m="44335" /><F18/><W120/><G120/><T87/><D70/><U65/><E112/><V107/><F56/><W47/><G126/><T40/><D104/><U116/><E116/><V59/><F59/><W23/><G110/><T55/><D113/><U52/><E36/><V48/><F48/><W111/><G111/><T75/><D9/><U7/><E41/><V100/><F49/><W16/><G63/><T68/><D68/><U2/><E50/><V13/><F13/><W60/><G60/><T103/><D45/><U115/><E61/><N who="2" m="40399" /><F8/><W27/><G39/><T93/><D93/><U133/><E11/><V127/><F119/><W4/><G37/><T31/><D20/><U3/><E115/><V54/><F54/><W114/><G114/><T1/><D55/><U90/><REACH who="1" step="1"/><E133/><REACH who="1" ten="259,241,252,238" step="2"/><V62/><F62/><W95/><G5/><AGARI ba="0,1" hai="2,3,5,7,25,26,52,53,65,67,88,90,121,123" machi="5" ten="25,16000,3" yaku="1,1,2,1,22,2,54,2,53,2" doraHai="24" doraHaiUra="22" who="1" fromWho="3" sc="259,0,241,170,252,0,238,-160" /><INIT seed="4,0,0,0,1,36" ten="259,411,252,78" oya="0" hai0="68,59,76,88,1,98,19,9,48,125,107,30,114" hai1="96,11,60,42,70,14,129,90,121,66,61,79,20" hai2="35,117,43,37,134,135,51,119,6,92,103,34,100" hai3="4,83,94,126,106,46,102,84,23,69,55,87,67"/><T24/><D68/><U38/><E121/><V56/><F37/><W122/><G106/><T64/><D114/><U97/><E129/><V28/><F6/><W112/><G23/><T22/><D125/><U10/><E79/><V57/><F92/><W12/><G4/><T109/><D109/><U16/><E61/><V73/><F73/><W110/><G12/><T29/><D76/><U101/><E90/><V49/><F28/><W41/><G110/><T104/><D104/><U3/><E3/><V111/><REACH who="2" step="1"/><F111/><REACH who="2" ten="259,411,242,78" step="2"/><W2/><G94/><N who="0" m="56647" /><D107/><U53/><E38/><V85/><F85/><W127/><G87/><T120/><D120/><U31/><E31/><V82/><F82/><W71/><G84/><T39/><D39/><U132/><E97/><V130/><F130/><W32/><G83/><T105/><D105/><U86/><E86/><V78/><F78/><W72/><G122/><T95/><D95/><U0/><E96/><V74/><F74/><W65/><G72/><T25/><D1/><U128/><E0/><V63/><F63/><W58/><G2/><T133/><D29/><U124/><E128/><V33/><F33/><W118/><G102/><T8/><D30/><U91/><E101/><V40/><AGARI ba="0,1" hai="34,35,40,43,49,51,56,57,100,103,117,119,134,135" machi="40" ten="25,12000,2" yaku="1,1,0,1,22,2,52,2,53,0" doraHai="36" doraHaiUra="15" who="2" fromWho="2" sc="259,-60,411,-30,242,130,78,-30" /><INIT seed="5,0,0,5,1,48" ten="199,381,372,48" oya="1" hai0="109,39,127,16,90,25,106,44,32,31,3,24,96" hai1="20,49,71,126,66,30,70,38,80,51,118,19,101" hai2="75,76,84,12,28,35,102,132,93,94,54,81,17" hai3="52,115,40,7,21,134,43,91,120,103,68,72,60"/><U15/><E118/><V10/><F132/><W79/><G120/><T33/><D109/><U87/><E38/><V0/><F0/><W18/><G115/><T14/><D3/><U112/><E112/><V123/><F123/><W27/><G134/><T59/><D127/><U88/><E126/><V104/><F35/><W13/><G103/><T11/><D39/><U58/><E101/><V53/><F28/><W22/><G68/><T110/><D110/><U65/><E71/><V37/><F37/><W85/><G79/><T1/><D1/><U55/><E70/><V124/><F124/><W64/><G64/><N who="1" m="24682" /><E30/><V41/><F41/><W116/><G72/><T128/><D128/><U42/><E42/><V47/><F47/><W6/><G116/><T83/><D106/><U129/><E129/><V69/><F69/><W63/><G63/><AGARI ba="0,0" hai="15,19,20,49,51,55,58,63,80,87,88" m="24682" machi="63" ten="30,5800,0" yaku="8,1,52,1,54,1" doraHai="48" who="1" fromWho="3" sc="199,0,381,58,372,0,48,-58" owari="199,-20.0,439,54.0,372,17.0,-10,-51.0" /></mjloggm>