<mjloggm ver="2.3"><GO type="169" lobby="0"/><UN n0="%E3%83%94%E3%83%A9%E3%82%AA" n1="%E9%B7%BA%E6%A3%AE%E7%81%BC%2E" n2="%E7%84%A1%E9%99%90%E6%9C%88%E8%AA%AD" n3="%E3%83%88%E3%83%88%E3%83%AA%E5%85%88%E7%94%9F%31%39%E6%AD%B3" dan="16,16,16,19" rate="2108.88,2121.19,2072.35,2279.39" sx="M,F,M,F"/><TAIKYOKU oya="0"/><INIT seed="0,0,0,2,5,87" ten="250,250,250,250" oya="0" hai0="45,126,13,85,47,104,122,89,32,9,113,94,28" hai1="112,133,110,10,102,130,88,73,79,91,37,98,123" hai2="6,19,99,17,40,81,115,108,97,46,93,100,39" hai3="101,5,135,20,22,84,15,11,31,43,41,60,23"/><T50/><D113/><U111/><E37/><V118/><F115/><W55/><G135/><T54/><D122/><U52/><E112/><V53/><F108/><N who="1" m="41513" /><E123/><V92/><F118/><W74/><G74/><T33/><D126/><U120/><E120/><V127/><F127/><W4/><G31/><T86/><D104/><N who="1" m="63575" /><E133/><V96/><F6/><W18/><G101/><T12/><D12/><U42/><E42/><N who="3" m="15882" /><G84/><T38/><D28/><U49/><E130/><V114/><F114/><W27/><G5/><T128/><D128/><U62/><E62/><V72/><F99/><W1/><G1/><T35/><D38/><U77/><E10/><V117/><F117/><W70/><G70/><T2/><D2/><U29/><E29/><V80/><F53/><W61/><G61/><T134/><D134/><U76/><E73/><V44/><F44/><AGARI ba="0,0" hai="44,49,52,76,77,79,88,91" m="63575,41513" machi="44" ten="30,8000,1" yaku="14,1,52,2,54,2" doraHai="87" who="1" fromWho="2" sc="250,0,250,80,250,-80,250,0" /><INIT seed="1,0,0,2,4,34" ten="250,330,170,250" oya="1" hai0="122,123,48,23,66,120,78,60,67,41,127,49,72" hai1="96,130,31,98,10,69,102,112,71,13,119,115,0" hai2="21,54,97,84,53,93,11,47,26,128,30,125,6" hai3="81,46,12,118,37,105,91,95,16,57,61,134,94"/><U77/><E119/><V5/><F128/><W87/><G105/><T22/><D127/><U75/><E31/><V51/><F125/><W129/><G129/><T17/><D41/><U85/><E130/><V19/><F84/><W32/><G32/><T100/><D100/><U20/><E75/><V126/><F126/><W107/><G107/><T35/><D35/><U80/><E98/><V109/><F109/><W111/><G111/><T68/><D66/><U15/><E15/><V9/><F54/><W121/><G121/><T70/><D68/><U101/><E101/><V3/><F3/><W43/><BYE who="2" /><G134/><T82/><REACH who="0" step="1"/><D22/><REACH who="0" ten="240,330,170,250" step="2"/><UN n2="%E7%84%A1%E9%99%90%E6%9C%88%E8%AA%AD" /><U132/><E69/><V108/><F108/><W83/><G118/><T52/><D52/><U65/><E132/><V117/><F117/><W59/><G95/><T73/><D73/><U1/><E65/><V24/><F93/><W39/><G39/><T42/><D42/><U58/><E71/><V114/><F114/><W50/><G37/><T56/><D56/><U99/><E58/><N who="3" m="22026" /><G61/><T76/><D76/><U133/><E133/><V40/><F40/><W25/><G43/><T106/><D106/><U92/><E20/><V131/><F131/><W18/><G46/><T104/><D104/><U135/><E135/><V79/><F79/><W27/><G50/><T74/><D74/><U14/><E112/><V55/><F55/><W62/><G62/><T28/><D28/><U103/><E115/><V8/><F47/><W88/><G91/><T89/><D89/><N who="1" m="53295" /><E103/><V124/><F124/><W2/><G94/><T33/><D33/><U36/><E102/><RYUUKYOKU ba="0,1" sc="240,30,330,-10,170,-10,250,-10" hai0="17,23,48,49,60,67,70,72,78,82,120,122,123" /><INIT seed="2,1,1,5,2,56" ten="270,320,160,240" oya="2" hai0="28,3,78,68,119,120,77,125,102,4,133,1,19" hai1="52,121,128,118,84,93,81,35,30,65,67,27,134" hai2="126,117,112,124,85,92,42,36,14,111,72,74,106" hai3="98,83,76,109,87,32,89,108,104,131,20,97,2"/><V44/><F106/><W48/><G32/><T24/><D68/><U69/><E118/><V100/><F117/><W73/><G2/><T58/><D119/><U130/><E134/><V80/><F112/><W90/><G48/><T41/><D133/><U59/><E93/><V70/><F70/><W16/><G131/><N who="1" m="50218" /><E69/><V26/><F111/><N who="3" m="42571" /><G104/><T21/><D41/><U12/><E12/><V116/><F116/><W43/><G43/><T110/><D110/><U96/><E96/><N who="3" m="36970" /><G73/><T37/><D37/><U94/><E94/><V107/><F107/><W11/><G11/><T13/><D120/><U5/><E5/><V101/><F92/><W66/><G66/><T60/><D102/><N who="2" m="39530" /><F14/><AGARI ba="1,1" hai="14,16,20,76,83,87,89,90" m="36970,42571" machi="14" ten="30,2000,0" yaku="14,1,54,1" doraHai="56" who="3" fromWho="2" sc="270,0,320,0,160,-23,240,33" /><INIT seed="3,0,0,5,1,93" ten="270,320,137,273" oya="3" hai0="127,61,80,67,129,62,43,82,19,121,22,31,130" hai1="86,72,35,122,116,26,123,74,128,63,81,98,95" hai2="7,12,17,39,18,0,103,57,110,76,79,24,114" hai3="70,78,106,27,119,102,85,64,120,34,124,45,118"/><W94/><G120/><N who="1" m="46122" /><E35/><V66/><F39/><W30/><G124/><T28/><D121/><U54/><E26/><V105/><F0/><W73/><G45/><T125/><D43/><U21/><E21/><V20/><F110/><W9/><G9/><T89/><D89/><N who="1" m="55663" /><E54/><V46/><F114/><W104/><G85/><T50/><D50/><U4/><E63/><N who="0" m="24073" /><D67/><U25/><E25/><V88/><F66/><W8/><G94/><T111/><D111/><U132/><E4/><V84/><F7/><W97/><G104/><T44/><D44/><U77/><E128/><N who="0" m="49257" /><D19/><U58/><E58/><V126/><F57/><W32/><G32/><T90/><D90/><U29/><E29/><N who="0" m="11337" /><D22/><U37/><E37/><V60/><F46/><W11/><G11/><T13/><D13/><U96/><E116/><V56/><F56/><W133/><G119/><T75/><D75/><U113/><E113/><V42/><F42/><W87/><G73/><T52/><D52/><U100/><E132/><V48/><F48/><W47/><G133/><T16/><D16/><U101/><E101/><V10/><F60/><N who="3" m="40199" /><G118/><T117/><D117/><U23/><E23/><V14/><F14/><W2/><G47/><T108/><D108/><U33/><E33/><V65/><F65/><W5/><G87/><T41/><D41/><U3/><E3/><V83/><REACH who="2" step="1"/><F126/><AGARI ba="0,0" hai="80,82,125,126,127" m="11337,49257,24073" machi="126" ten="40,8000,1" yaku="28,2,18,1,19,1" doraHai="93" who="0" fromWho="2" sc="270,80,320,0,137,-80,273,0" /><INIT seed="4,0,0,2,3,80" ten="350,320,57,273" oya="0" hai0="83,42,118,71,85,61,97,76,68,103,88,86,111" hai1="19,27,113,112,35,121,13,50,125,77,64,70,100" hai2="28,69,104,2,0,107,109,128,7,39,15,12,91" hai3="84,79,9,23,8,132,44,124,16,114,14,29,106"/><T102/><D118/><U31/><E121/><V116/><F69/><W60/><G106/><T33/><D33/><U119/><E119/><V37/><F116/><W126/><G114/><N who="1" m="44138" /><E125/><N who="3" m="48234" /><G132/><T65/><D111/><U73/><E100/><V5/><F91/><W78/><G60/><T54/><D42/><U34/><E73/><V57/><F57/><W62/><G29/><T99/><D68/><U66/><E77/><N who="3" m="29194" /><G44/><T56/><D71/><U75/><E75/><V24/><F28/><W133/><G133/><T52/><D102/><U49/><E35/><V20/><F20/><W46/><G62/><T105/><D99/><U47/><E70/><V3/><F24/><W122/><G122/><T10/><D10/><N who="1" m="6583" /><E50/><V26/><F26/><W22/><G22/><T135/><D135/><U123/><E123/><V45/><F2/><W25/><G25/><T74/><D74/><U17/><E17/><V55/><F109/><W117/><G117/><T81/><AGARI ba="0,0" hai="52,54,56,61,65,76,81,83,85,86,88,97,103,105" machi="81" ten="20,18000,2" yaku="0,1,7,1,52,2,54,2" doraHai="80" who="0" fromWho="0" sc="350,180,320,-60,57,-60,273,-60" owari="530,63.0,260,6.0,-3,-50.0,213,-19.0" /></mjloggm>