<mjloggm ver="2.3"><GO type="169" lobby="0"/><UN n0="%E5%B9%BD%E9%9C%8A%E8%88%B9" n1="%E3%82%A6%E3%83%AB%E3%83%88%E3%83%A9%E7%AB%8B%E7%9B%B4" n2="%6E%65%77%6A%61%63%6B" n3="%6D%61%6A%69%6B%75%7A%75" dan="16,18,16,16" rate="2082.25,2224.05,2098.96,2087.56" sx="M,M,M,M"/><TAIKYOKU oya="0"/><INIT seed="0,0,0,0,5,10" ten="250,250,250,250" oya="0" hai0="94,11,0,37,112,53,113,19,14,4,96,101,30" hai1="105,16,87,90,13,100,102,118,67,86,88,117,9" hai2="1,93,135,66,62,85,83,41,46,48,116,54,43" hai3="29,126,95,12,22,3,123,23,2,78,24,15,92"/><T71/><D37/><U110/><E110/><V80/><F135/><W68/><G68/><T47/><D71/><U7/><E67/><V115/><F115/><W76/><G126/><T132/><D132/><U18/><E117/><V52/><F1/><W111/><G111/><T89/><D30/><U60/><E60/><V6/><F6/><W55/><G123/><T103/><D103/><N who="1" m="39467" /><E105/><V131/><F131/><W82/><G3/><T124/><D124/><U74/><E74/><V34/><F34/><W84/><G2/><T69/><D69/><U44/><E44/><N who="2" m="27655" /><F116/><W26/><G78/><T50/><REACH who="0" step="1"/><D101/><REACH who="0" ten="240,250,250,250" step="2"/><U77/><E118/><V104/><F104/><W61/><G92/><T40/><D40/><U134/><E134/><V125/><F125/><W73/><G95/><T119/><D119/><U45/><E77/><V38/><F38/><W5/><G29/><T133/><D133/><U28/><E28/><V51/><F93/><W63/><G76/><T57/><D57/><U70/><E70/><V58/><F83/><W17/><G82/><T130/><D130/><U98/><E45/><V49/><F80/><W39/><G39/><T121/><D121/><U42/><E42/><N who="2" m="24791" /><F85/><N who="1" m="32265" /><E98/><V107/><F107/><W8/><G84/><T72/><D72/><U99/><E99/><V36/><F36/><W79/><G73/><T64/><D64/><U21/><E7/><V81/><F81/><W109/><G79/><T35/><D35/><U75/><E75/><V128/><F128/><W33/><G109/><T120/><D120/><U32/><E32/><V25/><F43/><W106/><G106/><RYUUKYOKU ba="0,1" sc="240,15,250,15,250,-15,250,-15" hai0="0,4,11,14,19,47,50,53,89,94,96,112,113" hai1="9,13,16,18,21,88,90" /><INIT seed="0,1,1,4,2,8" ten="255,265,235,235" oya="0" hai0="32,107,27,73,105,30,87,70,80,48,6,46,9" hai1="85,93,84,55,89,124,83,13,114,120,16,134,67" hai2="41,71,66,88,33,59,17,53,86,44,74,34,20" hai3="94,81,21,96,51,98,23,42,111,60,37,28,115"/><T90/><D70/><U82/><E120/><V50/><F74/><W103/><G115/><T2/><REACH who="0" step="1"/><D73/><REACH who="0" ten="245,265,235,235" step="2"/><U57/><E114/><V132/><F71/><W117/><G111/><T22/><D22/><N who="1" m="11535" /><E124/><V135/><F135/><W106/><G21/><T128/><D128/><U92/><E134/><V65/><F132/><W75/><G75/><T45/><D45/><U131/><E131/><V133/><F133/><W100/><G23/><T11/><D11/><U58/><E58/><V116/><F116/><W78/><G117/><T64/><D64/><U97/><E67/><V39/><F33/><W123/><G123/><T36/><D36/><U99/><E85/><V47/><F34/><W109/><G37/><T49/><D49/><N who="1" m="30959" /><E99/><V130/><F47/><W68/><G109/><T5/><D5/><U77/><E77/><V1/><F130/><W7/><G7/><T25/><D25/><U18/><E18/><V122/><F122/><W63/><G68/><T26/><D26/><U54/><E54/><AGARI ba="1,2" hai="2,6,9,27,30,32,46,48,54,80,87,90,105,107" machi="54" ten="30,2900,0" yaku="1,1,7,1,53,0" doraHai="8" doraHaiUra="52" who="0" fromWho="1" sc="245,52,265,-32,235,0,235,0" /><INIT seed="0,2,0,5,1,39" ten="297,233,235,235" oya="0" hai0="72,100,119,23,88,113,62,76,122,89,77,32,93" hai1="58,69,12,51,102,132,79,20,94,26,87,31,49" hai2="109,34,14,60,57,22,64,46,16,92,63,1,82" hai3="130,107,91,115,103,110,120,53,74,50,97,67,59"/><T129/><D32/><U84/><E69/><V131/><F34/><W134/><G115/><T2/><D113/><U127/><E127/><V124/><F124/><W117/><G117/><T85/><D119/><U38/><E38/><V35/><F35/><W125/><G74/><T96/><D2/><U47/><E132/><V83/><F1/><W19/><G125/><T70/><D122/><U13/><E58/><V18/><F109/><W52/><G110/><T123/><D123/><U118/><E118/><V99/><F131/><W21/><G120/><T54/><D129/><U75/><E75/><V81/><F63/><W105/><G130/><T10/><D10/><U37/><E37/><V4/><F46/><W116/><G116/><T68/><D72/><U56/><E56/><V44/><F44/><W98/><G134/><T104/><D54/><U133/><E51/><V6/><REACH who="2" step="1"/><F18/><REACH who="2" ten="297,233,225,235" step="2"/><W106/><G67/><T128/><D128/><U43/><E133/><V40/><F40/><W108/><G108/><T90/><D62/><U15/><REACH who="1" step="1"/><E79/><REACH who="1" ten="297,223,225,235" step="2"/><V114/><F114/><W135/><G135/><T121/><D121/><U24/><E24/><V8/><F8/><W55/><G59/><T101/><D76/><U80/><E80/><V9/><F9/><W5/><G50/><T3/><D77/><U65/><E65/><V45/><F45/><W111/><G111/><T48/><D70/><U11/><E11/><V78/><F78/><W95/><REACH who="3" step="1"/><G5/><REACH who="3" ten="297,223,225,225" step="2"/><T71/><D68/><U0/><E0/><V86/><F86/><W126/><G126/><T73/><D71/><U25/><E25/><AGARI ba="2,3" hai="19,21,25,52,53,55,91,95,97,98,103,105,106,107" machi="25" ten="40,5200,0" yaku="1,1,6,1,54,1,53,0" doraHai="39" doraHaiUra="41" who="3" fromWho="1" sc="297,0,223,-58,225,0,225,88" /><INIT seed="1,0,0,0,5,23" ten="297,165,225,313" oya="1" hai0="103,101,48,31,98,75,72,118,58,53,71,117,81" hai1="131,49,120,124,134,113,14,109,87,74,70,129,90" hai2="82,6,41,12,42,79,29,105,59,95,73,114,102" hai3="57,18,39,21,125,56,1,115,15,97,96,9,116"/><U133/><E70/><V52/><F114/><W93/><G115/><T50/><D71/><U27/><E113/><V4/><F105/><W119/><G39/><T91/><D31/><U99/><E74/><V17/><F29/><W10/><G125/><T135/><D135/><N who="1" m="51723" /><E14/><V33/><F33/><W88/><G97/><T61/><D72/><U55/><E120/><V28/><F28/><W65/><G1/><T7/><D7/><U19/><E99/><V26/><F26/><W32/><G32/><T128/><D128/><N who="1" m="49227" /><E109/><V104/><F104/><W3/><G3/><T132/><D132/><U76/><E76/><V122/><F122/><W63/><REACH who="3" step="1"/><G56/><REACH who="3" ten="297,165,225,303" step="2"/><T67/><D98/><U13/><E124/><V45/><F102/><W111/><G111/><T78/><D103/><U30/><E13/><V89/><F12/><W83/><G83/><T22/><D81/><N who="1" m="49519" /><E19/><V44/><F17/><W2/><G2/><T25/><D58/><N who="1" m="33135" /><E30/><V86/><F4/><W16/><G16/><T8/><D117/><AGARI ba="0,1" hai="9,10,15,18,21,57,63,65,88,93,96,116,117,119" machi="117" ten="40,5200,0" yaku="1,1,12,1,54,1,53,0" doraHai="23" doraHaiUra="37" who="3" fromWho="0" sc="297,-52,165,0,225,0,303,62" /><INIT seed="2,0,0,4,2,112" ten="245,165,225,365" oya="2" hai0="88,90,67,44,72,64,121,106,94,3,21,9,7" hai1="63,86,45,42,5,123,78,20,80,92,58,79,71" hai2="81,40,68,102,28,47,104,75,60,124,49,76,129" hai3="133,111,116,37,74,101,87,82,131,130,50,91,54"/><V89/><F129/><N who="3" m="49163" /><G37/><T70/><D121/><U35/><E35/><V31/><F124/><W0/><G0/><T103/><D72/><U62/><E123/><V108/><F108/><W14/><G111/><T27/><D106/><U135/><E135/><V26/><F89/><W98/><G116/><T25/><D25/><U127/><E127/><V1/><F1/><W61/><G61/><T100/><D44/><U109/><E109/><V105/><F102/><W134/><G14/><N who="0" m="5439" /><D70/><U23/><E5/><V128/><F128/><W57/><G74/><T12/><D12/><U4/><E4/><V19/><F19/><W43/><G43/><T55/><D55/><U8/><E8/><V2/><F2/><W96/><G96/><N who="0" m="59415" /><D103/><U11/><E11/><V73/><F73/><W66/><G66/><N who="0" m="25131" /><D3/><U118/><E71/><V83/><F83/><W48/><G50/><T107/><D107/><AGARI ba="0,0" hai="48,54,57,82,87,91,98,101,107,133,134" m="49163" machi="107" ten="30,1000,0" yaku="19,1" doraHai="112" who="3" fromWho="0" sc="245,-10,165,0,225,0,365,10" /><INIT seed="3,0,0,4,3,44" ten="235,165,225,375" oya="3" hai0="28,119,41,37,1,58,45,85,49,54,65,56,128" hai1="8,34,103,132,70,25,129,127,43,36,68,134,57" hai2="71,101,109,72,90,26,91,111,66,86,9,0,69" hai3="113,112,32,39,10,7,123,115,94,23,121,79,48"/><W117/><G39/><T89/><D119/><U3/><E103/><V5/><F72/><W2/><G79/><T30/><D1/><U88/><E8/><V53/><F101/><W27/><G94/><T16/><D128/><U122/><E25/><V61/><F71/><W73/><G73/><T15/><D65/><U130/><E88/><V59/><F26/><W19/><G48/><N who="0" m="26671" /><D58/><U135/><E34/><V77/><F77/><W99/><G99/><T60/><D60/><U33/><E33/><V92/><REACH who="2" step="1"/><F91/><REACH who="2" ten="235,165,215,375" step="2"/><W21/><G117/><T104/><D104/><U98/><E70/><V51/><AGARI ba="0,1" hai="0,5,9,51,53,59,61,66,69,86,90,92,109,111" machi="51" ten="30,7900,0" yaku="1,1,2,1,0,1,52,1,53,0" doraHai="44" doraHaiUra="14" who="2" fromWho="2" sc="235,-20,165,-20,215,89,375,-39" /><INIT seed="4,0,0,3,4,127" ten="215,145,304,336" oya="0" hai0="6,120,129,87,82,99,122,108,39,1,81,100,43" hai1="75,20,12,123,68,16,70,52,115,59,135,72,2" hai2="132,74,130,98,53,131,21,25,11,3,79,31,97" hai3="34,128,14,9,69,55,37,27,90,48,93,56,7"/><T8/><D108/><U83/><E123/><V95/><F132/><W134/><G128/><N who="2" m="49193" /><F74/><W76/><G37/><T91/><D129/><U124/><E2/><V57/><F79/><W47/><G69/><T41/><D81/><U23/><E124/><V36/><F36/><W104/><G104/><T92/><REACH who="0" step="1"/><D39/><REACH who="0" ten="205,145,304,336" step="2"/><U110/><E83/><V5/><F95/><W89/><G93/><T33/><D33/><U54/><E110/><V114/><F114/><W67/><G34/><T38/><D38/><U0/><E115/><V24/><F24/><W71/><G27/><T10/><D10/><U78/><E135/><V113/><F113/><W107/><G9/><T86/><D86/><U49/><E72/><V88/><F88/><W121/><G90/><T18/><D18/><U118/><E16/><V101/><F101/><W112/><G89/><T111/><D111/><U30/><E75/><V13/><F3/><W80/><G134/><T61/><D61/><AGARI ba="0,1" hai="5,11,13,21,25,31,53,57,61,97,98" m="49193" machi="61" ten="30,7700,0" yaku="19,1,52,3" doraHai="127" who="2" fromWho="0" sc="205,-77,145,0,304,87,336,0" /><INIT seed="5,0,0,2,4,108" ten="128,145,391,336" oya="1" hai0="49,94,102,135,4,86,50,54,96,23,91,8,87" hai1="82,0,17,97,77,64,133,24,75,56,76,60,44" hai2="128,38,106,2,85,34,122,11,111,52,14,115,6" hai3="53,35,37,5,116,46,59,78,39,21,20,42,131"/><U45/><E133/><V57/><F122/><W69/><G35/><T89/><D135/><U132/><E132/><V10/><F111/><W36/><G5/><T99/><D23/><U120/><E120/><V13/><F34/><W26/><G131/><T95/><D102/><U90/><E0/><V103/><F128/><W65/><G78/><T74/><D74/><U123/><E123/><V3/><F38/><W129/><G129/><T43/><D43/><U12/><E24/><V88/><F103/><W83/><G83/><T119/><D119/><U71/><E77/><V19/><F106/><W40/><G20/><T1/><REACH who="0" step="1"/><D49/><REACH who="0" ten="118,145,391,336" step="2"/><U73/><E73/><V98/><F115/><W114/><G116/><T61/><D61/><U55/><E97/><V124/><F98/><W67/><G114/><T134/><D134/><U92/><E90/><V118/><F118/><W51/><G42/><T22/><D22/><U121/><E121/><V72/><F72/><W58/><G21/><T27/><D27/><U110/><E110/><V70/><F124/><W125/><G26/><T104/><D104/><U66/><E75/><V80/><F70/><W31/><G125/><T16/><D16/><U25/><E17/><V100/><F100/><W41/><G31/><T107/><D107/><U32/><E71/><V117/><F117/><W127/><G127/><T79/><D79/><U113/><E76/><V68/><F68/><W47/><G69/><T81/><D81/><U112/><E82/><V33/><F33/><W7/><G37/><T28/><D28/><U30/><E30/><V29/><F29/><RYUUKYOKU ba="0,1" sc="118,15,145,-15,391,15,336,-15" hai0="1,4,8,50,54,86,87,89,91,94,95,96,99" hai2="2,3,6,10,11,13,14,19,52,57,80,85,88" /><INIT seed="6,1,1,3,2,53" ten="133,130,406,321" oya="2" hai0="103,104,50,64,14,99,100,77,76,19,7,59,94" hai1="90,62,36,110,4,30,65,34,15,124,27,80,115" hai2="70,111,40,133,67,88,24,132,20,73,71,16,95" hai3="92,3,26,21,8,126,60,79,39,6,41,89,38"/><V127/><F73/><W113/><G126/><T91/><D7/><U78/><E110/><V52/><F127/><W120/><G120/><T97/><D91/><U1/><E124/><V86/><F40/><W106/><G106/><T18/><D18/><U98/><E115/><V61/><F111/><W112/><G79/><T81/><D81/><U23/><E36/><V11/><F11/><W28/><G60/><T10/><REACH who="0" step="1"/><D50/><REACH who="0" ten="123,130,406,321" step="2"/><U118/><E118/><V42/><F42/><W125/><G125/><T82/><D82/><U87/><E1/><V84/><F71/><W105/><G105/><T32/><D32/><U74/><E74/><V114/><F114/><N who="3" m="44139" /><G41/><T51/><D51/><U43/><E43/><V66/><F86/><AGARI ba="1,2" hai="3,6,8,21,26,28,38,39,86,89,92" m="44139" machi="86" ten="30,2000,0" yaku="15,1,11,1" doraHai="53" who="3" fromWho="2" sc="123,0,130,0,406,-23,321,43" /><INIT seed="7,0,0,4,4,44" ten="123,130,383,364" oya="3" hai0="29,16,67,1,15,112,101,75,73,97,91,127,102" hai1="61,120,111,6,5,93,19,86,31,17,116,50,52" hai2="2,14,126,20,92,72,53,83,81,98,13,18,71" hai3="129,106,24,121,39,109,3,25,22,130,11,4,59"/><W35/><G121/><T68/><D1/><U57/><E111/><V47/><F2/><W110/><G39/><T54/><D127/><U34/><E34/><V80/><F71/><W41/><G106/><T38/><D38/><U124/><E120/><V64/><F72/><W114/><G41/><T28/><D91/><N who="1" m="53495" /><E124/><V131/><F131/><N who="3" m="50187" /><G114/><T118/><D118/><U99/><E116/><V132/><F132/><W12/><G59/><T87/><D87/><U30/><E99/><V108/><F108/><N who="3" m="41579" /><G35/><T70/><D112/><U79/><E79/><V113/><F113/><W82/><G82/><T37/><D37/><U32/><E32/><V74/><F74/><N who="0" m="28170" /><D54/><U48/><E48/><N who="2" m="28831" /><F126/><W63/><G63/><T89/><D68/><U78/><E61/><V45/><F45/><W134/><G134/><T76/><D70/><U21/><E78/><V10/><F64/><W65/><G65/><T107/><D76/><U33/><E33/><V55/><F55/><W62/><G62/><T96/><D67/><U49/><E49/><V128/><F128/><W7/><G4/><N who="1" m="1642" /><E19/><AGARI ba="0,0" hai="3,7,11,12,19,22,24,25" m="41579,50187" machi="19" ten="30,11600,0" yaku="19,1,10,1,34,2" doraHai="44" who="3" fromWho="1" sc="123,0,130,-116,383,0,364,116" owari="123,-28.0,14,-49.0,383,18.0,480,59.0" /></mjloggm>