<mjloggm ver="2.3"><GO type="169" lobby="0"/><UN n0="%E5%9B%BD%E5%A3%AB%E7%84%A1%E6%95%B5" n1="%E3%83%88%E3%83%88%E3%83%AA%E5%85%88%E7%94%9F%31%39%E6%AD%B3" n2="%6A%79%61%6E%70%65%69%34" n3="%E9%81%8B%E3%81%A0%E3%81%91%E2%98%86%E3%82%BC%E3%83%B3%E3%83%84%E5%90%9B" dan="16,19,18,16" rate="2090.11,2289.16,2196.32,2111.53" sx="M,F,M,M"/><TAIKYOKU oya="0"/><INIT seed="0,0,0,0,5,5" ten="250,250,250,250" oya="0" hai0="2,91,47,89,105,120,0,3,71,68,12,114,101" hai1="59,24,64,62,21,45,13,63,92,76,128,30,19" hai2="53,11,111,96,88,74,44,135,90,131,29,103,123" hai3="93,9,43,38,25,16,54,84,81,37,133,35,4"/><T134/><D120/><U124/><E128/><V15/><F123/><W73/><G133/><T51/><D134/><U117/><E124/><V23/><F135/><W40/><G73/><T107/><D114/><U60/><E117/><V39/><F74/><W98/><G54/><T82/><D12/><U18/><E76/><V95/><F111/><W80/><G35/><T119/><D119/><U56/><E45/><V132/><F131/><W110/><G110/><T41/><D82/><N who="3" m="31849" /><G38/><T36/><D36/><U79/><E79/><V126/><F126/><W72/><G72/><T8/><D8/><U77/><E77/><V66/><F66/><W104/><G84/><T65/><D65/><U129/><E129/><V75/><F75/><W34/><G34/><T86/><D86/><U49/><E19/><N who="2" m="8703" /><F39/><W109/><G37/><T70/><REACH who="0" step="1"/><D101/><REACH who="0" ten="240,250,250,250" step="2"/><U14/><E14/><V87/><F87/><W121/><G121/><T17/><D17/><U58/><E64/><V115/><F115/><W113/><G113/><T127/><D127/><U83/><E83/><V22/><F132/><W6/><G109/><T46/><D46/><U10/><REACH who="1" step="1"/><E92/><REACH who="1" ten="240,240,250,250" step="2"/><V100/><F95/><W26/><G93/><T50/><D50/><AGARI ba="0,2" hai="10,13,18,21,24,30,49,50,56,58,59,60,62,63" machi="50" ten="40,8000,1" yaku="1,1,2,1,8,1,52,1,53,0" doraHai="5" doraHaiUra="94" who="1" fromWho="0" sc="240,-80,240,100,250,0,250,0" /><INIT seed="1,0,0,4,0,122" ten="160,340,250,250" oya="1" hai0="101,52,38,88,15,91,32,129,25,119,37,47,134" hai1="41,63,79,85,110,77,132,60,123,121,96,65,55" hai2="74,10,8,19,68,40,133,108,131,71,13,115,73" hai3="28,1,116,6,99,86,102,117,5,83,90,113,72"/><U31/><E132/><V128/><F133/><W124/><G113/><T42/><D134/><U118/><E118/><N who="3" m="45674" /><G124/><T61/><D119/><U76/><E110/><V126/><F126/><W14/><G72/><T105/><D129/><U104/><E41/><V36/><F115/><W98/><G1/><T125/><D125/><U109/><E109/><V114/><F114/><W100/><G28/><T30/><D37/><U127/><E127/><V2/><F108/><W48/><G48/><T27/><D27/><U94/><E104/><V106/><F106/><N who="3" m="63767" /><G14/><T45/><D15/><U43/><E43/><V23/><F2/><W33/><G33/><T50/><REACH who="0" step="1"/><D61/><REACH who="0" ten="150,340,250,250" step="2"/><U130/><E63/><V44/><F131/><W20/><G20/><T107/><D107/><AGARI ba="0,1" hai="5,6,83,86,90,99,102,107" m="63767,45674" machi="107" ten="30,1000,0" yaku="12,1" doraHai="122" who="3" fromWho="0" sc="150,-10,340,0,250,0,250,20" /><INIT seed="2,0,0,0,0,1" ten="140,340,250,270" oya="2" hai0="0,66,123,43,80,108,52,109,54,58,79,15,106" hai1="119,24,37,103,121,105,129,34,124,134,135,111,59" hai2="104,127,107,100,98,82,116,74,23,30,95,70,122" hai3="29,77,32,44,46,97,62,131,117,51,17,40,63"/><V91/><F116/><W5/><G117/><T81/><D106/><N who="2" m="40490" /><F70/><W71/><G131/><T94/><D0/><U89/><E119/><V87/><F30/><W69/><G97/><T48/><D123/><U13/><E37/><V11/><F11/><W65/><G77/><T115/><D115/><U83/><E129/><V38/><F23/><W14/><G44/><T3/><D3/><U86/><E121/><V42/><F42/><W130/><G130/><T26/><D94/><U21/><E34/><V20/><F20/><W50/><G50/><T113/><D113/><U8/><E124/><V22/><F22/><W18/><G32/><T6/><D66/><U120/><E59/><V57/><F57/><W96/><G96/><T47/><D26/><U84/><E120/><V114/><F38/><W110/><G110/><T102/><D102/><U78/><E111/><N who="0" m="42569" /><D79/><U35/><E35/><V76/><F122/><W64/><G29/><T16/><D54/><U132/><E103/><V99/><F114/><W31/><REACH who="3" step="1"/><G31/><REACH who="3" ten="140,340,250,260" step="2"/><T75/><D75/><U4/><E105/><N who="2" m="63647" /><F127/><W72/><G72/><AGARI ba="0,1" hai="72,74,76,82,87,91,95,98" m="63647,40490" machi="72" ten="30,12000,1" yaku="35,5" doraHai="1" who="2" fromWho="3" sc="140,0,340,0,250,130,260,-120" /><INIT seed="2,1,0,4,1,126" ten="140,340,380,140" oya="2" hai0="81,134,31,80,40,124,109,129,35,115,116,125,84" hai1="32,53,95,130,10,45,20,61,86,4,18,77,0" hai2="132,88,57,44,37,65,13,22,42,123,98,89,87" hai3="6,24,97,7,14,15,90,11,79,12,50,75,46"/><V38/><F123/><W119/><G119/><T41/><D116/><U52/><E32/><V17/><F132/><W104/><G75/><T120/><D120/><U111/><E111/><V78/><F38/><W82/><G24/><N who="0" m="18919" /><D109/><U2/><E2/><V49/><F98/><W70/><G70/><T21/><D115/><U34/><E130/><V108/><F108/><W64/><G64/><T36/><D134/><U96/><E34/><V122/><F122/><W127/><G127/><N who="0" m="48715" /><D36/><U93/><E45/><V27/><F37/><W43/><G6/><T48/><D21/><U39/><E39/><V100/><F100/><W94/><REACH who="3" step="1"/><G104/><REACH who="3" ten="140,340,380,130" step="2"/><T51/><D129/><U5/><E5/><V76/><F27/><W67/><G67/><T106/><D106/><U105/><E105/><V112/><F112/><W60/><G60/><T101/><D101/><U30/><E61/><N who="2" m="38063" /><F89/><W26/><G26/><T28/><D28/><U118/><E30/><V29/><F29/><W107/><G107/><T121/><D121/><U9/><E118/><V133/><F133/><W117/><G117/><T83/><D84/><U110/><E110/><V103/><F103/><W99/><G99/><T58/><D51/><U33/><E96/><V25/><F25/><W91/><G91/><T71/><D71/><U69/><E69/><V72/><F72/><W62/><G62/><T135/><D135/><U131/><E33/><V19/><F19/><W114/><G114/><T102/><D102/><U73/><E18/><V113/><F113/><W1/><G1/><T68/><D68/><U47/><E73/><V92/><AGARI ba="1,1" hai="13,17,22,42,44,49,76,78,87,88,92" m="38063" machi="92" ten="30,6000,0" yaku="5,1,8,1,54,1" doraHai="126" who="2" fromWho="2" sc="140,-21,340,-21,380,73,130,-21" /><INIT seed="2,2,0,0,2,110" ten="119,319,453,109" oya="2" hai0="11,92,66,7,99,14,67,100,62,87,37,17,71" hai1="95,58,51,104,34,45,68,101,90,42,36,64,89" hai2="127,83,22,44,128,78,102,20,88,74,31,43,96" hai3="91,126,122,13,12,26,2,0,15,27,133,105,23"/><V38/><F128/><W125/><G105/><T56/><D37/><U130/><E34/><V16/><F127/><N who="3" m="48651" /><G122/><T85/><D71/><U69/><E104/><V98/><F31/><N who="3" m="17887" /><G91/><T93/><D93/><U119/><E119/><V49/><F38/><W33/><G133/><T106/><D106/><U109/><E130/><V112/><F88/><W131/><G131/><T24/><D67/><U41/><E109/><V28/><F28/><AGARI ba="2,0" hai="0,2,12,13,15,27,28,33" m="17887,48651" machi="28" ten="30,3900,0" yaku="18,1,34,2" doraHai="110" who="3" fromWho="2" sc="119,0,319,0,453,-45,109,45" /><INIT seed="3,0,0,5,3,115" ten="119,319,408,154" oya="3" hai0="122,42,43,78,14,94,100,116,119,56,129,24,70" hai1="38,1,35,127,65,12,23,17,81,48,80,76,135" hai2="104,54,29,19,9,32,18,64,16,105,47,120,69" hai3="63,71,86,134,28,126,89,55,97,112,84,39,30"/><W103/><G112/><T83/><D122/><U121/><E121/><V44/><F120/><W77/><G134/><T117/><D70/><U27/><E38/><V34/><F9/><W87/><G39/><T45/><D129/><U40/><E135/><V114/><F114/><W118/><G118/><T57/><D14/><U124/><E1/><V74/><F74/><W131/><G131/><T75/><D24/><U99/><E65/><V132/><F132/><W6/><G6/><T5/><D5/><U102/><E40/><V88/><F64/><W68/><G126/><N who="1" m="48170" /><E48/><V98/><F69/><W59/><G89/><T73/><D73/><U101/><E76/><V3/><F3/><W109/><G109/><T0/><D0/><U79/><E79/><V133/><F54/><W21/><G77/><T91/><D100/><N who="1" m="38507" /><E99/><V36/><F98/><W20/><G68/><T31/><D31/><AGARI ba="0,0" hai="12,17,23,27,31,35,80,81" m="38507,48170" machi="31" ten="30,1000,0" yaku="18,1" doraHai="115" who="1" fromWho="0" sc="119,-10,319,10,408,0,154,0" /><INIT seed="4,0,0,4,4,100" ten="109,329,408,154" oya="0" hai0="38,33,97,61,74,45,44,8,98,119,21,103,89" hai1="92,7,15,67,99,81,68,79,125,60,63,133,102" hai2="48,25,101,19,41,94,104,75,107,72,37,90,109" hai3="5,105,87,126,10,0,11,69,59,82,115,86,124"/><T18/><D33/><U122/><E122/><V52/><F109/><W93/><G115/><T14/><D74/><U54/><E133/><V113/><F37/><W42/><G69/><T76/><D76/><U121/><E121/><V95/><F41/><W73/><G11/><T6/><D119/><U64/><E125/><N who="3" m="48234" /><G105/><T31/><D31/><U39/><E39/><V106/><F113/><W127/><G127/><T123/><D123/><U28/><E54/><V56/><F101/><W131/><G131/><T35/><D35/><U32/><E15/><V2/><F2/><W22/><G22/><T110/><D110/><U9/><E9/><V46/><F25/><W51/><G93/><T112/><D112/><U80/><E7/><V40/><F19/><W1/><G1/><T43/><D45/><U66/><E66/><V84/><F95/><W62/><G42/><T36/><D61/><U30/><E32/><V47/><F47/><W111/><G51/><T128/><D128/><U26/><E26/><V29/><F29/><W116/><G116/><T129/><D129/><U85/><REACH who="1" step="1"/><E80/><REACH who="1" ten="109,319,408,154" step="2"/><V3/><F3/><W12/><G0/><T91/><D38/><U130/><E130/><V50/><AGARI ba="0,1" hai="40,46,48,50,52,56,72,75,84,90,94,104,106,107" machi="50" ten="30,8000,1" yaku="0,1,52,3,54,1" doraHai="100" who="2" fromWho="2" sc="109,-40,319,-20,408,90,154,-20" /><INIT seed="5,0,0,0,2,111" ten="69,299,498,134" oya="1" hai0="112,108,17,32,130,2,106,97,93,83,24,115,94" hai1="82,80,35,0,118,62,129,58,59,134,27,43,15" hai2="117,86,21,68,77,67,124,19,61,34,3,46,63" hai3="119,126,36,98,105,64,45,10,41,39,102,109,81"/><U12/><E118/><V33/><F3/><W70/><G109/><T51/><D2/><U88/><E0/><V127/><F117/><W56/><G119/><T72/><D108/><U85/><E129/><V101/><F101/><W9/><G126/><N who="2" m="48169" /><F46/><W90/><G39/><T84/><D130/><U29/><E134/><V28/><F28/><W42/><G42/><T120/><D120/><U87/><E43/><V74/><F74/><W30/><G30/><T96/><D51/><U25/><E25/><N who="2" m="14527" /><F63/><W6/><G70/><T100/><D32/><U79/><REACH who="1" step="1"/><E59/><REACH who="1" ten="69,289,498,134" step="2"/><V7/><F7/><W71/><G56/><T13/><D24/><U40/><E40/><V92/><F77/><W57/><G57/><T11/><D72/><U128/><E128/><V91/><AGARI ba="0,1" hai="33,34,61,67,68,86,91,92" m="14527,48169" machi="91" ten="30,1100,0" yaku="18,1" doraHai="111" who="2" fromWho="2" sc="69,-3,289,-5,498,21,134,-3" /><INIT seed="6,0,0,3,0,21" ten="66,284,519,131" oya="2" hai0="36,77,6,37,56,43,51,120,29,34,38,72,124" hai1="122,20,14,8,134,7,103,4,30,123,17,126,86" hai2="32,116,99,112,71,65,96,60,100,3,80,110,53" hai3="26,73,47,119,13,91,101,48,130,11,25,115,64"/><V28/><F112/><W118/><G73/><T102/><D120/><N who="1" m="46123" /><E134/><V70/><F3/><W54/><G130/><T81/><D124/><U114/><E114/><V24/><F116/><W98/><G115/><T46/><D102/><U40/><E126/><V58/><F110/><W117/><G91/><T121/><D121/><U5/><E40/><V31/><F31/><W44/><G64/><T111/><D111/><U127/><E127/><V41/><F41/><W84/><G84/><T19/><D6/><N who="1" m="2667" /><E103/><V45/><F80/><W9/><G44/><T23/><D29/><U10/><E86/><V94/><F99/><W1/><G1/><T61/><D34/><U107/><E107/><V2/><F2/><W55/><G54/><T133/><D133/><U63/><E63/><V82/><F82/><W78/><G78/><T39/><N who="0" m="9216" /><DORA hai="106" /><T89/><D89/><U42/><E42/><V12/><F60/><W87/><G87/><T76/><D76/><U35/><E7/><V66/><F66/><W15/><G11/><T49/><D43/><U90/><E90/><V108/><F108/><W135/><G135/><T109/><D109/><U132/><E132/><V129/><F65/><W27/><REACH who="3" step="1"/><G9/><REACH who="3" ten="66,284,519,121" step="2"/><T104/><D46/><U50/><E8/><V16/><F45/><W105/><AGARI ba="0,1" hai="13,15,25,26,27,47,48,55,98,101,105,117,118,119" machi="105" ten="40,12000,2" yaku="1,1,2,1,0,1,52,3,53,0" doraHai="21,106" doraHaiUra="52,18" who="3" fromWho="3" sc="66,-30,284,-30,519,-60,121,130" /><INIT seed="7,0,0,0,3,87" ten="36,254,459,251" oya="3" hai0="60,124,35,2,38,85,79,26,15,72,32,68,105" hai1="83,119,23,78,93,34,18,30,6,24,92,74,13" hai2="82,81,109,118,76,80,106,48,14,36,117,116,94" hai3="44,113,70,101,49,0,3,43,110,98,131,9,86"/><W102/><G70/><T61/><D85/><U59/><E119/><V21/><F36/><W127/><G113/><T8/><D124/><U56/><E6/><V89/><F48/><W135/><G127/><T10/><D38/><U57/><AGARI ba="0,0" hai="13,18,23,24,30,34,56,57,59,74,78,83,92,93" machi="57" ten="30,1100,0" yaku="0,1" doraHai="87" who="1" fromWho="1" sc="36,-3,254,11,459,-3,251,-5" owari="33,-47.0,265,7.0,456,55.0,246,-15.0" /></mjloggm>