<mjloggm ver="2.3"><GO type="169" lobby="0"/><UN n0="%E3%81%98%E3%81%BF%E3%81%84%E3%81%A3%5A" n1="%72%6F%6E%61%6B%65%6E" n2="%73%61%6E%64%69%72%69%73" n3="%E3%82%A6%E3%83%AB%E3%83%88%E3%83%A9%E7%AB%8B%E7%9B%B4" dan="18,16,18,18" rate="2186.92,2111.66,2238.74,2252.40" sx="M,M,M,M"/><TAIKYOKU oya="0"/><INIT seed="0,0,0,5,5,120" ten="250,250,250,250" oya="0" hai0="39,111,92,76,40,104,53,30,16,33,80,12,20" hai1="23,90,52,45,11,82,113,57,125,6,13,134,68" hai2="116,37,1,97,66,121,5,102,47,24,72,38,129" hai3="46,126,51,42,34,89,74,67,101,110,94,27,35"/><T95/><D104/><U14/><E68/><V96/><F121/><W15/><G74/><T44/><D111/><U132/><E125/><V2/><F72/><W100/><G126/><T63/><D33/><U4/><E113/><V9/><F129/><W86/><G110/><T0/><D0/><U135/><E45/><V88/><F116/><W10/><G67/><T62/><D30/><U17/><E82/><V114/><F1/><W65/><G65/><T50/><D39/><U22/><E90/><V60/><F114/><W79/><G79/><T73/><REACH who="0" step="1"/><D40/><REACH who="0" ten="240,250,250,250" step="2"/><U7/><REACH who="1" step="1"/><E23/><REACH who="1" ten="240,240,250,250" step="2"/><V55/><F38/><W105/><G35/><T93/><AGARI ba="0,2" hai="12,16,20,44,50,53,62,63,73,76,80,92,93,95" machi="93" ten="30,11700,0" yaku="1,1,2,1,0,1,54,1,53,0" doraHai="120" doraHaiUra="131" who="0" fromWho="0" sc="240,137,240,-39,250,-39,250,-39" /><INIT seed="0,1,0,2,4,23" ten="377,201,211,211" oya="0" hai0="42,2,57,113,77,121,0,118,38,10,102,29,5" hai1="103,18,39,48,21,72,114,76,3,16,59,1,100" hai2="135,44,119,134,51,50,88,20,40,67,14,106,123" hai3="22,12,95,129,31,15,8,85,49,92,117,70,90"/><T11/><D113/><U52/><E39/><V89/><F106/><W41/><G70/><T71/><D71/><U69/><E69/><V6/><F123/><W81/><G129/><T32/><D121/><U107/><E114/><V36/><F119/><W24/><G117/><T128/><D118/><U65/><E65/><V79/><F79/><W53/><G41/><T108/><D128/><U86/><E72/><V74/><F74/><W56/><REACH who="3" step="1"/><G15/><REACH who="3" ten="377,201,211,201" step="2"/><T133/><D42/><U91/><E3/><V46/><F14/><W54/><G54/><T43/><D43/><U120/><E1/><V75/><F40/><W127/><G127/><T30/><D38/><U26/><E120/><V37/><F67/><W96/><G96/><T111/><D2/><U63/><E107/><V7/><F75/><W78/><G78/><T124/><D77/><U13/><E76/><V94/><F37/><W84/><G84/><T47/><D124/><U99/><E99/><V25/><F36/><W73/><G73/><T109/><D0/><U60/><E60/><V115/><F115/><W83/><G83/><T35/><D111/><U101/><E63/><V116/><F116/><W58/><G58/><T45/><D57/><U34/><E34/><V62/><F62/><W68/><G68/><T97/><D97/><U131/><E131/><V80/><F80/><W27/><G27/><T87/><D87/><U93/><REACH who="1" step="1"/><E103/><REACH who="1" ten="377,191,211,201" step="2"/><V61/><F61/><W98/><G98/><T130/><D130/><U55/><E55/><V132/><F132/><W126/><G126/><T104/><D133/><U19/><E19/><AGARI ba="1,2" hai="8,12,19,22,24,31,49,53,56,81,85,90,92,95" machi="19" ten="30,8000,1" yaku="1,1,6,1,7,1,8,1,52,1,53,0" doraHai="23" doraHaiUra="125" who="3" fromWho="1" sc="377,0,191,-83,211,0,201,103" /><INIT seed="1,0,0,1,3,42" ten="377,108,211,304" oya="1" hai0="14,45,8,132,101,6,7,75,106,32,100,20,51" hai1="98,96,27,5,130,126,90,109,2,121,56,18,118" hai2="47,64,119,87,16,35,81,3,53,71,11,43,29" hai3="82,88,31,48,61,116,23,67,78,55,104,63,133"/><U134/><E121/><V59/><F119/><W73/><G104/><T39/><D39/><U69/><E118/><V25/><F3/><W30/><G116/><T13/><D32/><U33/><E69/><V79/><F71/><W44/><G133/><T1/><D75/><U85/><E134/><V77/><F64/><W49/><G23/><T28/><D132/><U103/><E130/><V9/><F79/><W74/><G74/><T99/><D101/><U131/><E131/><V128/><F128/><W112/><G112/><T66/><D66/><U80/><E126/><V124/><F124/><W127/><G127/><T10/><D20/><U89/><E109/><V36/><REACH who="2" step="1"/><F16/><REACH who="2" ten="377,108,201,304" step="2"/><W58/><G67/><T4/><D1/><U93/><E2/><V94/><F94/><W52/><G30/><T105/><D28/><U21/><E5/><V12/><F12/><W76/><G31/><T129/><D129/><U86/><E33/><V115/><F115/><W111/><G111/><T91/><D106/><U60/><REACH who="1" step="1"/><E103/><REACH who="1" ten="377,98,201,304" step="2"/><V72/><F72/><W70/><G70/><T68/><D68/><U46/><E46/><V34/><F34/><W62/><G73/><T122/><D122/><U22/><E22/><V50/><AGARI ba="0,2" hai="9,11,25,29,35,36,43,47,50,53,59,77,81,87" machi="50" ten="20,5200,0" yaku="1,1,0,1,7,1,52,1,53,0" doraHai="42" doraHaiUra="113" who="2" fromWho="2" sc="377,-13,98,-26,201,72,304,-13" /><INIT seed="2,0,0,3,0,25" ten="364,72,273,291" oya="2" hai0="97,67,68,6,64,129,72,114,5,19,87,76,39" hai1="28,131,115,70,110,117,121,92,99,90,49,96,15" hai2="23,61,38,33,106,27,91,135,47,30,93,105,80" hai3="107,31,113,63,75,9,101,71,98,58,35,59,79"/><V7/><F135/><W14/><G113/><T102/><D39/><U32/><E115/><V124/><F124/><W85/><G75/><T86/><D114/><U109/><E70/><V48/><F38/><W51/><G51/><T52/><D72/><U128/><E15/><V21/><F80/><W0/><G0/><T130/><D19/><U73/><E49/><V4/><F61/><W120/><G120/><T41/><D41/><U119/><E32/><V37/><F37/><W57/><G85/><T8/><D52/><U111/><E28/><N who="2" m="17535" /><F106/><W94/><G79/><T100/><D76/><U55/><E55/><N who="2" m="30111" /><F105/><W88/><G71/><T24/><D24/><U125/><E73/><V44/><F33/><W26/><G107/><T95/><D68/><U118/><E125/><V126/><F44/><W134/><G134/><T108/><D95/><U69/><E69/><V133/><F133/><W22/><G35/><T43/><D43/><U122/><REACH who="1" step="1"/><E99/><REACH who="1" ten="364,62,273,291" step="2"/><N who="2" m="57791" /><F126/><W132/><G132/><T34/><D34/><U36/><E36/><V62/><F62/><W12/><G63/><T65/><D97/><U56/><E56/><V46/><F46/><W53/><G53/><T74/><D67/><U77/><E77/><V20/><F30/><W103/><G14/><T66/><D74/><U18/><E18/><AGARI ba="0,1" hai="9,12,18,22,26,31,57,58,59,88,94,98,101,103" machi="18" ten="40,5200,0" yaku="8,1,52,1,54,1" doraHai="25" who="3" fromWho="1" sc="364,0,62,-52,273,0,291,62" /><INIT seed="3,0,0,1,0,46" ten="364,10,273,353" oya="3" hai0="100,71,97,125,131,133,12,27,76,66,110,37,6" hai1="2,30,47,121,62,13,127,105,20,91,103,55,128" hai2="135,9,14,90,111,10,19,54,15,16,8,123,96" hai3="116,18,95,108,43,41,88,81,25,74,33,44,113"/><W112/><G116/><T80/><D37/><U51/><E2/><V52/><F111/><W7/><G7/><T130/><D110/><U122/><E127/><V78/><F135/><W132/><G108/><T49/><D125/><U26/><E128/><V87/><F123/><W21/><G33/><T36/><D36/><U85/><E105/><V17/><F78/><W120/><G120/><T58/><D133/><U56/><E103/><V89/><F96/><W24/><G132/><T73/><D27/><U99/><E99/><V69/><F69/><W129/><G129/><T106/><D12/><N who="2" m="4650" /><F87/><W67/><G67/><T28/><D28/><U102/><E13/><V72/><F72/><W104/><G25/><T11/><D11/><U53/><REACH who="1" step="1"/><E102/><REACH who="1" ten="364,0,273,353" step="2"/><V32/><F32/><W82/><G104/><T45/><D6/><U79/><E79/><V48/><F54/><W5/><G5/><T83/><D131/><U22/><E22/><V42/><F42/><W77/><G43/><T75/><D130/><U1/><E1/><V124/><F124/><W31/><G41/><T34/><D34/><U86/><E86/><V38/><F38/><W3/><G3/><T35/><D35/><U115/><E115/><V109/><F109/><W60/><G113/><T68/><D75/><U40/><E40/><V114/><F114/><W93/><G112/><T0/><D0/><U65/><E65/><V57/><AGARI ba="0,1" hai="8,9,10,16,17,19,48,52,57,89,90" m="4650" machi="57" ten="40,8000,1" yaku="8,1,52,1,54,2" doraHai="46" who="2" fromWho="2" sc="364,-20,0,-20,273,90,353,-40" owari="344,14.0,-20,-52.0,363,47.0,313,-9.0" /></mjloggm>