<mjloggm ver="2.3"><GO type="169" lobby="0"/><UN n0="%E3%82%8A%E3%82%81%E3%82%8D" n1="%79%6A%69%72%6F" n2="%E3%83%88%E3%83%88%E3%83%AA%E5%85%88%E7%94%9F%31%39%E6%AD%B3" n3="%E5%87%B1%E7%AB%A0" dan="17,16,19,16" rate="2134.58,2146.43,2291.68,2064.91" sx="M,M,F,M"/><TAIKYOKU oya="0"/><INIT seed="0,0,0,2,1,86" ten="250,250,250,250" oya="0" hai0="131,65,40,52,121,75,128,30,29,47,119,36,46" hai1="101,71,23,84,112,132,44,82,35,19,64,39,110" hai2="56,72,63,17,0,133,57,25,6,93,68,48,114" hai3="104,22,115,69,95,67,4,125,81,51,124,116,31"/><T8/><D75/><U49/><E35/><V92/><F114/><W58/><G104/><T14/><D119/><U77/><E112/><V118/><F118/><W79/><G116/><T18/><D121/><U103/><E110/><V88/><F72/><W10/><G69/><T38/><D65/><U9/><E39/><V11/><F133/><W127/><G115/><T94/><D94/><U134/><E9/><V60/><F92/><W87/><G95/><T50/><REACH who="0" step="1"/><D36/><REACH who="0" ten="240,250,250,250" step="2"/><U1/><E64/><V80/><F80/><W61/><G125/><T33/><D33/><U107/><E71/><V105/><F68/><W66/><G124/><T59/><D59/><U96/><E101/><V28/><F105/><W73/><G73/><T34/><D34/><U98/><E98/><V3/><F56/><W37/><G37/><T20/><D20/><U16/><E23/><V43/><F57/><W24/><G127/><T74/><D74/><U129/><E132/><V76/><F93/><W7/><G67/><T91/><D91/><U113/><E134/><V45/><F88/><W135/><G135/><T106/><D106/><U55/><E113/><V102/><F102/><W85/><G85/><T70/><D70/><U5/><E107/><V26/><F76/><W15/><G51/><T12/><D12/><U54/><E49/><V100/><F100/><W42/><REACH who="3" step="1"/><G42/><REACH who="3" ten="240,250,250,240" step="2"/><T123/><D123/><U109/><E84/><V41/><F41/><W130/><G130/><AGARI ba="0,2" hai="8,14,18,29,30,38,40,46,47,50,52,128,130,131" machi="130" ten="40,7700,0" yaku="1,1,19,1,54,1,53,0" doraHai="86" doraHaiUra="83" who="0" fromWho="3" sc="240,97,250,0,250,0,240,-77" /><INIT seed="0,1,0,4,4,42" ten="337,250,250,163" oya="0" hai0="38,41,52,77,108,123,18,87,29,116,48,11,90" hai1="109,40,118,32,35,84,0,88,26,130,58,47,16" hai2="67,100,8,39,27,131,3,56,102,127,124,129,95" hai3="60,1,12,105,94,91,122,36,22,65,54,72,107"/><T14/><D123/><U99/><E118/><V45/><F27/><W93/><G1/><T113/><D116/><U125/><E0/><V15/><F3/><W106/><G72/><T20/><D113/><U71/><E71/><V9/><F67/><W10/><G122/><T31/><D77/><U21/><E109/><V120/><F56/><W4/><G22/><T13/><D108/><U64/><E130/><N who="2" m="49675" /><F120/><W115/><G115/><T53/><D41/><U79/><E125/><N who="2" m="48203" /><F95/><W85/><G94/><N who="0" m="54623" /><D38/><U89/><E79/><V19/><F9/><W114/><G114/><T81/><D81/><U28/><E99/><V23/><F8/><W70/><G36/><T134/><D53/><U92/><E89/><V112/><F112/><W61/><G61/><T104/><D29/><U51/><REACH who="1" step="1"/><E16/><REACH who="1" ten="337,240,250,163" step="2"/><V2/><F2/><W132/><REACH who="3" step="1"/><G54/><REACH who="3" ten="337,240,250,153" step="2"/><T34/><D52/><U111/><E111/><V135/><F135/><AGARI ba="1,2" hai="4,10,12,60,65,70,85,91,93,105,106,107,132,135" machi="135" ten="50,6400,0" yaku="1,1,2,1,53,1" doraHai="42" doraHaiUra="86" who="3" fromWho="2" sc="337,0,240,0,250,-67,153,87" /><INIT seed="1,0,0,4,4,44" ten="337,240,183,240" oya="1" hai0="114,112,124,35,92,39,64,89,85,109,100,38,96" hai1="15,11,68,71,31,60,120,12,108,125,47,111,98" hai2="70,50,42,110,119,16,105,55,83,54,101,25,78" hai3="97,103,116,77,48,33,22,131,49,122,134,95,53"/><U8/><E120/><V52/><F119/><W19/><G122/><T76/><D35/><U129/><E129/><V117/><F117/><W46/><G33/><T90/><D64/><U74/><E74/><V26/><F70/><W135/><G116/><T58/><D58/><U43/><E125/><V88/><F110/><N who="1" m="42025" /><E31/><V61/><F105/><W20/><G131/><T24/><D109/><U45/><E98/><V133/><F101/><W84/><G77/><T67/><D96/><U127/><E127/><V86/><F133/><N who="3" m="50699" /><G84/><T66/><D124/><U65/><E68/><V4/><F4/><W132/><N who="3" m="50707" /><W87/><DORA hai="126" /><G87/><T104/><D114/><U23/><E47/><N who="2" m="25975" /><F61/><W115/><G115/><T63/><D112/><U91/><E91/><V27/><F78/><W14/><G22/><AGARI ba="0,0" hai="16,22,25,26,27,52,54,55,83,86,88" m="25975" machi="22" ten="30,8000,1" yaku="8,1,52,1,54,3" doraHai="44,126" who="2" fromWho="3" sc="337,0,240,0,183,80,240,-80" /><INIT seed="2,0,0,4,4,75" ten="337,240,263,160" oya="2" hai0="32,16,94,2,118,71,35,20,107,82,15,117,41" hai1="97,85,46,4,30,62,123,10,44,26,27,61,101" hai2="68,77,58,49,13,114,81,28,7,5,73,19,48" hai3="34,130,69,18,47,56,72,57,102,113,31,38,17"/><V104/><F114/><W122/><G72/><T99/><D107/><U74/><E74/><V24/><F68/><W79/><G69/><T86/><D2/><U108/><E108/><V50/><F104/><W65/><G122/><T121/><D41/><U29/><E123/><V84/><F73/><W3/><G3/><T51/><D51/><U53/><E85/><V64/><F64/><W89/><G113/><T88/><D71/><U42/><E42/><V128/><F58/><W52/><G130/><T132/><D132/><U54/><E10/><V22/><REACH who="2" step="1"/><F128/><REACH who="2" ten="337,240,253,160" step="2"/><W67/><G67/><T95/><D121/><U59/><E59/><V78/><F78/><W90/><G79/><T115/><D115/><U63/><E63/><V55/><F55/><W125/><G65/><T103/><REACH who="0" step="1"/><D94/><REACH who="0" ten="327,240,253,160" step="2"/><U45/><E62/><V87/><F87/><W25/><G57/><T112/><D112/><U21/><E61/><V12/><F12/><W106/><G106/><T109/><D109/><U14/><E14/><V60/><F60/><W100/><G56/><T80/><D80/><U92/><REACH who="1" step="1"/><E4/><REACH who="1" ten="327,230,253,160" step="2"/><V98/><F98/><W33/><G52/><T9/><D9/><AGARI ba="0,3" hai="5,7,9,13,19,22,24,28,48,49,50,77,81,84" machi="9" ten="40,12000,1" yaku="1,1,8,1,52,1,53,1" doraHai="75" doraHaiUra="83" who="2" fromWho="0" sc="327,-120,230,0,253,150,160,0" /><INIT seed="2,1,0,2,5,135" ten="207,230,403,160" oya="2" hai0="125,94,100,92,60,26,121,112,55,111,0,4,90" hai1="79,77,27,80,35,36,128,116,118,123,73,42,10" hai2="34,66,31,23,99,96,87,61,17,129,130,68,102" hai3="30,50,85,98,57,46,133,113,101,107,95,54,21"/><V29/><F87/><W28/><G133/><T120/><D112/><U13/><E128/><N who="2" m="49259" /><F34/><W71/><G71/><T89/><D0/><U8/><E123/><V72/><F72/><W48/><G113/><T6/><D111/><U47/><E79/><V134/><F134/><W7/><G7/><T45/><D26/><U18/><REACH who="1" step="1"/><E8/><REACH who="1" ten="207,220,403,160" step="2"/><V20/><F20/><W91/><REACH who="3" step="1"/><G21/><REACH who="3" ten="207,220,403,150" step="2"/><T56/><D120/><U64/><E64/><V33/><F23/><W127/><G127/><T69/><D125/><U126/><E126/><V74/><F66/><W83/><G83/><T109/><D121/><U22/><E22/><V25/><F33/><W53/><AGARI ba="1,2" hai="28,30,46,48,50,53,54,57,85,91,95,98,101,107" machi="53" ten="20,5200,0" yaku="1,1,0,1,7,1,53,1" doraHai="135" doraHaiUra="86" who="3" fromWho="3" sc="207,-14,220,-14,403,-27,150,75" /><INIT seed="3,0,0,0,3,51" ten="193,206,376,225" oya="3" hai0="41,60,111,73,132,44,52,109,101,74,61,134,135" hai1="26,110,0,13,40,133,120,50,80,53,34,21,20" hai2="130,24,114,89,9,84,7,119,127,96,87,125,113" hai3="75,70,15,92,4,95,122,59,102,105,115,108,46"/><W99/><G122/><T14/><D101/><U35/><E120/><V100/><F119/><W94/><G115/><T78/><D14/><U36/><E0/><V56/><F24/><W33/><G33/><T118/><D118/><U32/><E110/><N who="0" m="41993" /><D78/><U1/><E1/><N who="2" m="239" /><F56/><W55/><G70/><T45/><D41/><U97/><E40/><V43/><F43/><W62/><G108/><T90/><D90/><U12/><E133/><V11/><F11/><W123/><G123/><T106/><D106/><U57/><E36/><V37/><F37/><W93/><G75/><N who="0" m="28683" /><D52/><U17/><E80/><V88/><F87/><W82/><G82/><T81/><D81/><U6/><E97/><V48/><F84/><W42/><N who="3" m="23552" /><DORA hai="117" /><W71/><G71/><T19/><D19/><U126/><E6/><V30/><F89/><W128/><G4/><T104/><D104/><U76/><E76/><V67/><F88/><W112/><G15/><T16/><D16/><U10/><E13/><V66/><F96/><W83/><G83/><T2/><D2/><U27/><E27/><V18/><F100/><W124/><G112/><T79/><D79/><U103/><E103/><V28/><F113/><W91/><G91/><T63/><AGARI ba="0,0" hai="44,45,60,61,63,132,134,135" m="28683,41993" machi="63" ten="50,8000,1" yaku="28,2,20,1,14,1" doraHai="51,117" who="0" fromWho="0" sc="193,80,206,-20,376,-20,225,-40" /><INIT seed="4,0,0,3,4,92" ten="273,186,356,185" oya="0" hai0="83,135,60,9,71,24,80,19,113,75,118,0,88" hai1="51,16,48,117,27,26,119,95,108,105,4,73,81" hai2="13,7,55,3,43,53,5,128,45,116,12,46,99" hai3="78,82,101,110,44,15,66,72,42,10,89,52,104"/><T32/><D118/><U127/><E105/><V47/><F128/><W86/><G110/><T25/><D113/><U91/><E108/><V31/><F116/><W93/><G66/><T97/><D135/><U29/><E127/><V61/><F43/><W37/><G52/><N who="2" m="20041" /><F3/><W124/><G124/><T102/><D75/><U122/><E122/><V69/><F69/><W56/><G56/><T33/><D33/><U22/><E4/><N who="2" m="1611" /><F31/><W109/><G109/><T123/><D0/><U130/><E130/><V18/><F99/><W20/><G20/><T134/><D134/><U63/><E63/><V17/><F61/><W2/><G2/><T65/><D123/><U68/><E68/><V131/><F131/><W50/><G37/><T49/><D49/><U103/><E119/><V120/><F120/><W40/><G42/><T77/><D32/><U96/><E117/><V74/><F74/><W35/><G35/><T111/><D111/><U100/><E73/><V79/><F79/><W57/><G57/><T87/><D77/><U132/><E132/><V121/><F121/><W98/><G15/><AGARI ba="0,0" hai="12,13,15,17,18,45,46,47" m="1611,20041" machi="15" ten="30,7700,0" yaku="28,2,8,1,54,1" doraHai="92" who="2" fromWho="3" sc="273,0,186,0,356,77,185,-77" /><INIT seed="5,0,0,2,4,129" ten="273,186,433,108" oya="1" hai0="125,34,71,47,118,99,48,41,68,100,38,116,82" hai1="117,10,110,32,40,64,24,87,13,31,94,54,6" hai2="89,128,1,109,39,76,37,135,134,49,88,2,20" hai3="0,5,112,65,77,72,29,50,69,46,70,4,57"/><U42/><E117/><V15/><F109/><W30/><G112/><T127/><D34/><U79/><E110/><V55/><F128/><W97/><G97/><T124/><D82/><U56/><E64/><V17/><F76/><W121/><G121/><T21/><D21/><U60/><REACH who="1" step="1"/><E79/><REACH who="1" ten="273,176,433,108" step="2"/><V80/><F134/><W11/><G77/><T84/><D118/><U19/><E19/><V103/><F135/><W35/><G5/><T36/><D116/><U58/><E58/><V133/><F133/><W86/><G69/><T44/><D68/><U111/><E111/><V107/><F17/><W43/><G70/><T108/><D71/><U16/><E16/><V8/><F39/><W28/><G72/><T9/><D108/><U90/><AGARI ba="0,1" hai="6,10,13,24,31,32,40,42,54,56,60,87,90,94" machi="90" ten="30,6000,0" yaku="1,1,0,1,53,1" doraHai="129" doraHaiUra="59" who="1" fromWho="1" sc="273,-20,176,70,433,-20,108,-20" /><INIT seed="5,1,0,3,2,59" ten="253,246,413,88" oya="1" hai0="28,54,29,99,80,2,4,21,40,45,77,102,26" hai1="92,107,81,58,121,83,18,117,66,126,55,0,19" hai2="89,44,70,35,127,39,132,7,17,71,15,38,87" hai3="20,110,118,5,36,108,79,95,61,50,8,85,98"/><U60/><E121/><V23/><F35/><W113/><G36/><T25/><D54/><U37/><E117/><V115/><F132/><W3/><G118/><T69/><D69/><U11/><E107/><V47/><F127/><W91/><G113/><T120/><D120/><U73/><E126/><V72/><F72/><W57/><G50/><T10/><D80/><U46/><E92/><V6/><F115/><W64/><G79/><T65/><D65/><U129/><E129/><V62/><F39/><W119/><G119/><T90/><D90/><U63/><E37/><V116/><F116/><W32/><G32/><T34/><D77/><U75/><E75/><V33/><F33/><W111/><G20/><T122/><D122/><U78/><E81/><V94/><F70/><W30/><G30/><T101/><D99/><U109/><E109/><V88/><F71/><W9/><REACH who="3" step="1"/><G9/><REACH who="3" ten="253,246,413,78" step="2"/><T86/><D29/><U114/><E114/><V103/><F23/><W123/><G123/><T22/><D34/><U1/><E46/><V14/><F38/><W84/><AGARI ba="1,1" hai="3,5,8,57,61,64,84,85,91,95,98,108,110,111" machi="84" ten="40,5200,0" yaku="1,1,0,1,52,1,53,0" doraHai="59" doraHaiUra="128" who="3" fromWho="3" sc="253,-14,246,-27,413,-14,78,65" /><INIT seed="6,0,0,3,2,6" ten="239,219,399,143" oya="2" hai0="54,84,119,49,22,65,95,70,94,91,35,4,111" hai1="75,118,32,59,48,60,110,10,16,68,113,64,46" hai2="11,86,83,30,128,112,9,106,107,127,78,18,24" hai3="93,15,25,131,126,76,12,109,123,41,133,40,97"/><V134/><F112/><W81/><G123/><T58/><D35/><U7/><E110/><V28/><F128/><W47/><G109/><T63/><D111/><U89/><E118/><V56/><F134/><W51/><G131/><T98/><D119/><U79/><E32/><V80/><F127/><W67/><G133/><T13/><D4/><U125/><E113/><V72/><F18/><W120/><G126/><T104/><D104/><U26/><E125/><V92/><F92/><W105/><G120/><T36/><D36/><U82/><E89/><V21/><F30/><W42/><G67/><T71/><D13/><U33/><E68/><V29/><F29/><W38/><G25/><T44/><D22/><U0/><E33/><V88/><F106/><W69/><G69/><T39/><D39/><U45/><REACH who="1" step="1"/><E48/><REACH who="1" ten="239,209,399,143" step="2"/><V100/><F88/><AGARI ba="0,1" hai="44,49,54,58,63,65,70,71,84,88,91,94,95,98" machi="88" ten="30,2000,0" yaku="7,1,54,1" doraHai="6" who="0" fromWho="2" sc="239,30,209,0,399,-20,143,0" /><INIT seed="7,0,0,5,2,17" ten="269,209,379,143" oya="3" hai0="14,58,86,30,79,88,121,42,107,114,19,63,115" hai1="32,4,36,47,6,55,31,48,110,34,91,49,57" hai2="95,9,125,65,1,53,111,68,113,52,87,75,128" hai3="61,90,0,93,67,127,117,108,62,29,109,72,77"/><W21/><G0/><T33/><D107/><U94/><E110/><N who="3" m="42602" /><G117/><T40/><D79/><U126/><E126/><V132/><F132/><W76/><G127/><T123/><D30/><U56/><E36/><V66/><F113/><N who="0" m="43018" /><D33/><U50/><E57/><V106/><F128/><W64/><G72/><T54/><D19/><U129/><E129/><V35/><F1/><W133/><G133/><T20/><D20/><U116/><E116/><V89/><F35/><W45/><G29/><T26/><D26/><U73/><E73/><V98/><F75/><W41/><G21/><T101/><D101/><U119/><E119/><V46/><F111/><W83/><G83/><N who="0" m="49247" /><D14/><U85/><E34/><V3/><F3/><W18/><G18/><T80/><D80/><U22/><E32/><V124/><F124/><W2/><G2/><T15/><D15/><U97/><E97/><V37/><F87/><N who="3" m="52447" /><G76/><T16/><D16/><U11/><E11/><V25/><F9/><W51/><G77/><T100/><D100/><U131/><E131/><V104/><F125/><W59/><G59/><T27/><D27/><N who="1" m="16887" /><E47/><V120/><F25/><W105/><G105/><T82/><D82/><U130/><E130/><V69/><F104/><W38/><G38/><T122/><AGARI ba="0,0" hai="40,42,54,58,63,121,122,123" m="49247,43018" machi="122" ten="40,5200,0" yaku="15,1,11,1,54,1" doraHai="17" who="0" fromWho="0" sc="269,52,209,-13,379,-13,143,-26" owari="321,12.0,196,-20.0,366,46.0,117,-38.0" /></mjloggm>