<mjloggm ver="2.3"><GO type="169" lobby="0"/><UN n0="%E3%83%8D%E3%83%BC%E3%83%A0%E3%83%AC%E3%82%B9%EF%BC%97" n1="%E3%80%93%E3%81%84%E3%81%A1%E3%81%AF%E3%82%89%E3%80%93" n2="%E3%82%A6%E3%83%AB%E3%83%88%E3%83%A9%E7%AB%8B%E7%9B%B4" n3="%4F%53%43%37%37%37" dan="16,17,18,16" rate="2126.50,2200.47,2219.67,2116.29" sx="M,M,M,M"/><TAIKYOKU oya="0"/><INIT seed="0,0,0,4,0,52" ten="250,250,250,250" oya="0" hai0="26,119,130,34,85,88,127,57,67,115,8,68,69" hai1="80,51,120,101,65,23,24,96,2,113,16,133,20" hai2="15,54,36,74,84,55,99,121,13,46,19,71,79" hai3="43,22,1,21,134,89,44,45,110,49,7,106,31"/><T14/><D115/><U41/><E120/><V72/><F71/><W128/><G106/><T131/><D119/><U61/><E113/><V91/><F121/><W58/><G134/><T105/><D105/><U111/><E2/><V92/><F15/><W11/><G128/><N who="0" m="49195" /><D127/><U70/><E111/><V10/><F36/><W126/><G110/><T117/><D117/><U78/><E133/><V83/><F46/><W25/><G126/><T98/><D98/><U18/><E51/><V50/><REACH who="2" step="1"/><F55/><REACH who="2" ten="250,250,240,250" step="2"/><W81/><G45/><T0/><D0/><U28/><E41/><V29/><F29/><W125/><G125/><T104/><D68/><U87/><REACH who="1" step="1"/><E23/><REACH who="1" ten="250,240,240,250" step="2"/><V27/><F27/><W56/><G22/><T94/><D26/><U4/><E4/><V37/><F37/><W109/><REACH who="3" step="1"/><G109/><REACH who="3" ten="250,240,240,240" step="2"/><T100/><D34/><U118/><E118/><V124/><F124/><W38/><G38/><T132/><D132/><U114/><E114/><V82/><F82/><W59/><G59/><T47/><D57/><U32/><E32/><V53/><F53/><W86/><AGARI ba="0,3" hai="1,7,11,21,25,31,43,44,49,56,58,81,86,89" machi="86" ten="30,7900,0" yaku="1,1,0,1,52,2,53,0" doraHai="52" doraHaiUra="95" who="3" fromWho="3" sc="250,-39,240,-20,240,-20,240,109" /><INIT seed="1,0,0,0,1,29" ten="211,220,220,349" oya="1" hai0="94,88,74,71,7,102,132,112,5,63,8,124,126" hai1="98,70,47,73,32,76,28,96,130,39,92,10,44" hai2="37,114,128,85,93,38,120,115,121,25,100,84,57" hai3="64,19,67,79,42,15,97,41,17,89,117,129,131"/><U14/><E130/><N who="3" m="49674" /><G117/><T75/><D112/><N who="2" m="43050" /><F128/><W91/><G79/><T116/><D116/><U90/><E70/><V106/><F106/><W34/><G34/><T133/><D102/><U59/><E76/><V134/><F25/><W108/><G108/><T21/><D21/><U105/><E73/><N who="0" m="27657" /><D63/><U99/><E59/><V0/><F0/><W83/><G17/><T69/><D69/><U127/><E127/><N who="0" m="48681" /><D71/><U119/><E119/><V33/><F33/><W11/><G91/><T60/><D60/><U123/><E105/><V54/><F100/><W111/><G111/><T68/><D68/><U66/><E66/><N who="3" m="25130" /><G83/><T40/><D40/><U95/><E95/><AGARI ba="0,0" hai="11,15,19,41,42,89,95,97" m="25130,49674" machi="95" ten="30,1000,0" yaku="19,1" doraHai="29" who="3" fromWho="1" sc="211,0,220,-10,220,0,349,10" /><INIT seed="2,0,0,4,4,50" ten="211,210,220,359" oya="2" hai0="4,44,116,90,123,11,46,16,8,38,95,121,88" hai1="104,118,32,115,80,6,26,87,63,49,84,34,97" hai2="77,29,28,85,54,19,17,102,55,0,5,103,81" hai3="129,9,37,12,82,89,18,101,47,99,112,36,72"/><V127/><F127/><W125/><G125/><T40/><D116/><U15/><E118/><V134/><F134/><W62/><G112/><T117/><D117/><U124/><E115/><V73/><F73/><W58/><G129/><T132/><D132/><U65/><E124/><V13/><F0/><W96/><G47/><T107/><D107/><U131/><E131/><V105/><F5/><W74/><G74/><T130/><D130/><U70/><E15/><V59/><F19/><W61/><G61/><T23/><D46/><U7/><E87/><V3/><F3/><W75/><G75/><T109/><D109/><U35/><E49/><V51/><F55/><W53/><G96/><T114/><D114/><U122/><E122/><V76/><F76/><W27/><G27/><T68/><D68/><U45/><E45/><V25/><F105/><W133/><G133/><T67/><D67/><U1/><E1/><V30/><REACH who="2" step="1"/><F25/><REACH who="2" ten="211,210,210,359" step="2"/><W135/><G135/><T78/><D78/><U56/><E26/><V83/><F83/><W111/><G111/><T52/><D52/><U120/><E7/><V20/><AGARI ba="0,1" hai="13,17,20,28,29,30,51,54,59,77,81,85,102,103" machi="20" ten="30,11700,0" yaku="1,1,0,1,8,1,52,1,53,0" doraHai="50" doraHaiUra="43" who="2" fromWho="2" sc="211,-39,210,-39,210,127,359,-39" /><INIT seed="2,1,0,5,0,67" ten="172,171,337,320" oya="2" hai0="24,9,87,85,125,131,26,123,39,62,79,66,76" hai1="61,15,94,37,28,56,14,96,54,106,60,13,92" hai2="3,43,115,0,52,64,74,93,124,8,7,113,109" hai3="38,35,58,50,130,63,97,78,1,135,133,103,84"/><V100/><F3/><W101/><G1/><T80/><D123/><U53/><E37/><V51/><F74/><W107/><G35/><T45/><D125/><U49/><E106/><V121/><F121/><W122/><G122/><T20/><D131/><U25/><E96/><V57/><F124/><W16/><G38/><T47/><D9/><U22/><REACH who="1" step="1"/><E61/><REACH who="1" ten="172,161,337,320" step="2"/><V69/><F115/><W116/><G116/><T73/><D39/><U4/><E4/><V41/><F113/><W42/><G107/><T75/><D62/><U77/><E77/><V86/><F109/><W104/><G78/><T126/><D126/><U72/><E72/><V44/><F100/><W114/><G103/><T70/><D79/><U2/><E2/><V120/><F120/><W65/><G114/><T111/><D75/><U21/><E21/><V108/><F108/><W95/><G104/><T117/><D111/><U18/><E18/><V112/><F112/><W10/><G130/><T91/><D73/><U23/><E23/><V118/><F118/><W99/><G99/><T29/><D117/><U48/><E48/><V134/><F7/><W17/><G84/><T127/><D127/><U12/><N who="1" m="3072" /><DORA hai="132" /><U6/><E6/><V36/><F0/><W81/><G10/><T40/><D87/><U59/><AGARI ba="1,1" hai="22,25,28,49,53,54,56,59,60,92,94" m="3072" machi="59" ten="40,8000,1" yaku="1,1,0,1,8,1,53,2" doraHai="67,132" doraHaiUra="55,82" who="1" fromWho="1" sc="172,-21,161,93,337,-41,320,-21" /><INIT seed="3,0,0,2,5,133" ten="151,254,296,299" oya="3" hai0="95,23,55,116,103,3,57,132,99,63,14,48,94" hai1="4,44,54,84,0,60,90,128,21,49,105,24,62" hai2="69,122,123,19,73,70,111,101,10,131,52,59,20" hai3="81,74,58,25,35,15,96,43,40,108,12,130,28"/><W85/><G74/><T92/><D116/><U112/><E112/><V75/><F10/><W106/><G130/><T47/><D3/><U115/><E115/><V82/><F101/><W126/><G126/><T65/><REACH who="0" step="1"/><D132/><REACH who="0" ten="141,254,296,299" step="2"/><U93/><E128/><V66/><F131/><W121/><G121/><T27/><D27/><U86/><E105/><V72/><F123/><W134/><G134/><T67/><D67/><U102/><E0/><V5/><F66/><W100/><G108/><T33/><D33/><U113/><E113/><V87/><F111/><W104/><G15/><T46/><D46/><U110/><E110/><V51/><F122/><W50/><G12/><T119/><D119/><U2/><E2/><V13/><REACH who="2" step="1"/><F5/><REACH who="2" ten="141,254,286,299" step="2"/><W129/><G129/><T114/><D114/><U56/><E4/><V109/><F109/><W76/><G106/><T117/><D117/><U118/><E118/><V17/><F17/><AGARI ba="0,2" hai="14,17,23,47,48,55,57,63,65,92,94,95,99,103" machi="17" ten="40,2600,0" yaku="1,1,8,1,53,0" doraHai="133" doraHaiUra="32" who="0" fromWho="2" sc="141,46,254,0,286,-26,299,0" /><INIT seed="4,0,0,4,1,66" ten="187,254,260,299" oya="0" hai0="126,101,36,51,25,0,16,9,28,3,57,72,125" hai1="119,61,134,33,109,82,63,94,2,107,130,59,99" hai2="43,113,21,77,129,85,121,20,26,127,118,87,62" hai3="1,39,41,68,17,69,30,100,53,7,15,35,131"/><T90/><D36/><U56/><E119/><V67/><F121/><W24/><G131/><T5/><D72/><U55/><E107/><V123/><F123/><W71/><G100/><T105/><D0/><U32/><E130/><V11/><F129/><W65/><G53/><T89/><D101/><U23/><E2/><V38/><F113/><W106/><G106/><T47/><D105/><U45/><E109/><V12/><F127/><N who="0" m="48650" /><D57/><U88/><E134/><V73/><F118/><W75/><G75/><T74/><D74/><U84/><E23/><V103/><F103/><W70/><N who="3" m="17920" /><DORA hai="18" /><W48/><G65/><T40/><D16/><U93/><E45/><V8/><F8/><N who="3" m="2159" /><G48/><T54/><D54/><U42/><E42/><V37/><F43/><W79/><G79/><T124/><N who="0" m="48658" /><T27/><DORA hai="49" /><D27/><U81/><E59/><V19/><F73/><W102/><G102/><T10/><D10/><U128/><E128/><V112/><F11/><W60/><G60/><T114/><D114/><U133/><E63/><V91/><F112/><W135/><G41/><T52/><D40/><U83/><E133/><V116/><F62/><W50/><G50/><T120/><D120/><U44/><REACH who="1" step="1"/><E44/><REACH who="1" ten="187,244,260,299" step="2"/><V117/><F116/><W34/><G135/><T97/><D97/><U29/><E29/><V4/><F117/><W14/><G35/><AGARI ba="0,1" hai="3,5,9,25,28,35,47,51,52,89,90" m="48658" machi="35" ten="40,7700,0" yaku="18,1,52,1,54,1" doraHai="66,18,49" who="0" fromWho="3" sc="187,87,244,0,260,0,299,-77" /><INIT seed="4,1,0,4,2,107" ten="274,244,260,222" oya="0" hai0="101,97,78,86,31,105,89,119,19,24,106,90,125" hai1="53,65,122,4,100,56,25,99,61,116,102,114,9" hai2="1,132,69,94,92,85,82,77,73,91,43,10,75" hai3="16,126,76,44,120,67,17,41,33,6,63,13,37"/><T3/><D119/><U39/><E122/><V129/><F69/><W14/><G120/><T52/><D3/><U72/><E72/><V70/><F70/><W11/><G33/><T131/><D106/><U104/><E116/><V26/><F129/><W66/><G126/><T88/><D125/><U84/><E39/><V62/><F132/><W49/><G76/><T54/><D131/><U123/><E123/><V59/><F43/><W87/><G37/><T112/><D112/><U34/><E102/><V128/><F128/><W27/><G87/><T8/><D8/><U50/><E84/><V2/><F94/><W93/><G93/><T80/><REACH who="0" step="1"/><D19/><REACH who="0" ten="264,244,260,222" step="2"/><U95/><E114/><V96/><F2/><W40/><G17/><T21/><AGARI ba="1,1" hai="21,24,31,52,54,78,80,86,88,89,90,97,101,105" machi="21" ten="30,18000,2" yaku="1,1,2,1,0,1,54,2,53,1" doraHai="107" doraHaiUra="98" who="0" fromWho="0" sc="264,193,244,-61,260,-61,222,-61" /><INIT seed="4,2,0,0,3,97" ten="457,183,199,161" oya="0" hai0="109,29,132,74,13,33,98,26,133,42,16,128,92" hai1="64,100,76,124,1,123,34,2,5,111,108,51,81" hai2="75,113,22,21,121,88,95,45,85,15,12,8,89" hai3="65,67,62,40,120,0,73,127,106,35,83,41,27"/><T6/><D74/><U32/><E123/><V53/><F75/><W135/><G120/><T61/><D128/><U78/><E64/><V48/><F121/><W99/><G135/><N who="0" m="51787" /><D109/><U7/><E51/><V101/><F113/><W30/><G67/><T114/><D114/><U25/><E25/><V43/><F101/><N who="3" m="62783" /><G127/><T119/><D119/><U9/><E9/><V117/><F117/><W122/><G122/><T59/><D42/><U54/><E81/><V82/><F43/><W72/><G72/><T104/><D6/><U46/><E46/><V24/><F24/><W44/><G44/><T84/><D84/><U134/><E54/><V31/><F31/><W94/><G94/><T125/><D104/><U63/><E134/><V102/><F102/><W77/><G0/><T14/><D125/><U52/><E52/><V58/><F58/><W129/><G129/><T36/><D36/><U131/><E131/><V110/><F110/><W68/><AGARI ba="2,0" hai="27,30,35,40,41,62,65,68,73,77,83" m="62783" machi="68" ten="30,2000,0" yaku="25,1,52,1" doraHai="97" who="3" fromWho="3" sc="457,-12,183,-7,199,-7,161,26" /><INIT seed="5,0,0,0,4,11" ten="445,176,192,187" oya="1" hai0="67,101,124,98,29,62,85,46,16,102,59,130,75" hai1="31,114,110,93,44,9,40,51,56,79,43,14,2" hai2="82,58,128,89,84,87,95,34,53,107,115,21,18" hai3="117,3,19,86,121,73,120,118,64,133,69,123,63"/><U132/><E114/><V76/><F34/><W61/><G73/><T97/><D75/><U37/><E132/><V113/><F107/><W38/><G3/><T108/><D108/><U81/><E110/><V111/><F111/><W125/><G133/><T106/><D130/><U39/><E2/><V119/><F128/><W60/><G86/><T70/><D124/><U71/><E71/><V100/><F100/><W22/><G125/><T55/><D29/><U91/><E31/><V54/><F119/><N who="3" m="45579" /><G38/><T96/><D46/><U72/><E56/><V28/><F28/><W26/><AGARI ba="0,0" hai="19,22,26,60,61,63,64,69,120,121,123" m="45579" machi="26" ten="40,1500,0" yaku="12,1" doraHai="11" who="3" fromWho="3" sc="445,-4,176,-7,192,-4,187,15" /><INIT seed="6,0,0,1,2,131" ten="441,169,188,202" oya="2" hai0="103,33,26,79,44,115,14,61,114,102,133,100,6" hai1="99,21,89,11,130,111,49,82,34,80,96,27,107" hai2="58,74,94,101,110,104,134,91,53,52,20,72,47" hai3="51,45,15,105,128,78,67,9,77,76,54,10,55"/><V98/><F110/><W83/><G105/><T36/><D133/><U4/><E34/><V86/><F134/><W88/><G128/><T3/><D3/><U18/><E111/><V87/><F47/><W117/><G117/><T25/><D79/><U16/><E130/><V108/><F108/><W32/><G32/><T30/><D25/><U97/><E107/><V85/><F20/><W64/><G54/><T62/><D6/><U135/><E135/><V63/><REACH who="2" step="1"/><F53/><REACH who="2" ten="441,169,178,202" step="2"/><W129/><G129/><T23/><D23/><U41/><E89/><V22/><F22/><W35/><G35/><T84/><D44/><U75/><E75/><AGARI ba="0,1" hai="52,58,63,72,74,75,85,86,87,91,94,98,101,104" machi="75" ten="40,3900,0" yaku="1,1,54,1,53,0" doraHai="131" doraHaiUra="113" who="2" fromWho="1" sc="441,0,169,-39,178,49,202,0" /><INIT seed="6,1,0,0,4,59" ten="441,130,227,202" oya="2" hai0="19,110,22,111,102,114,60,30,115,108,25,53,64" hai1="47,46,105,14,103,72,13,130,124,118,18,109,41" hai2="84,40,52,88,85,104,79,127,70,23,121,20,1" hai3="36,26,66,68,6,56,0,9,32,122,31,10,7"/><V91/><F121/><W128/><G122/><T86/><D102/><U132/><E118/><V51/><F104/><W135/><G128/><T5/><D5/><U50/><E109/><V42/><F1/><W8/><G135/><T55/><D86/><U15/><E132/><V27/><F70/><W116/><G36/><T29/><D55/><U12/><E130/><V77/><F127/><W24/><G68/><N who="0" m="41991" /><D53/><U39/><E72/><V81/><F79/><W4/><G66/><T58/><D58/><U74/><E74/><V45/><F77/><W63/><G116/><T37/><D37/><U69/><E69/><V97/><F97/><W65/><REACH who="3" step="1"/><G26/><REACH who="3" ten="441,130,227,192" step="2"/><T92/><D111/><U73/><E124/><V82/><F23/><W90/><G90/><T78/><D78/><U35/><E35/><V62/><F62/><W93/><G93/><T21/><D92/><U17/><E105/><V112/><F112/><W34/><G34/><T33/><D33/><U106/><E106/><V57/><F57/><W95/><G95/><T87/><D110/><U123/><E123/><V107/><F107/><W43/><G43/><T101/><D108/><U80/><E103/><V44/><F44/><W3/><AGARI ba="1,1" hai="0,3,4,6,7,8,9,10,24,31,32,56,63,65" machi="3" ten="40,5200,0" yaku="1,1,0,1,52,1,53,0" doraHai="59" doraHaiUra="131" who="3" fromWho="3" sc="441,-14,130,-14,227,-27,192,65" /><INIT seed="7,0,0,0,2,128" ten="427,116,200,257" oya="3" hai0="48,21,4,110,66,92,105,2,7,111,25,100,112" hai1="49,73,127,103,30,11,46,65,95,84,101,57,94" hai2="10,34,87,8,69,85,27,122,78,134,81,74,72" hai3="83,118,79,135,82,15,51,12,35,20,53,68,17"/><W75/><G68/><T86/><D105/><U97/><E127/><V76/><F69/><W77/><G118/><T39/><D39/><U9/><E73/><V125/><F27/><W108/><G108/><T117/><D117/><U90/><E30/><V6/><F81/><W67/><G67/><T96/><D112/><U44/><E44/><V115/><F6/><W31/><G35/><T1/><D66/><U3/><E3/><V104/><F104/><W50/><G31/><T58/><D2/><U71/><E71/><V120/><F34/><W24/><G135/><T14/><D1/><U5/><E5/><V29/><F29/><W41/><G41/><T55/><D86/><U59/><E103/><V43/><F43/><W52/><G51/><T61/><D61/><U88/><E101/><V114/><F125/><W116/><G116/><T89/><D100/><U124/><E124/><V91/><F91/><W37/><G37/><T93/><D93/><U0/><E0/><V16/><F16/><W54/><REACH who="3" step="1"/><G50/><REACH who="3" ten="427,116,200,247" step="2"/><T56/><D110/><U18/><E65/><V19/><F19/><W26/><G26/><T80/><D111/><U121/><E121/><V107/><F107/><W47/><G47/><T129/><D25/><U22/><E59/><V38/><F38/><W60/><G60/><T32/><D32/><U106/><E57/><V62/><F62/><W45/><G45/><T126/><D58/><U70/><E70/><V99/><F134/><W109/><G109/><T40/><D126/><U64/><E106/><V13/><F115/><W132/><G132/><T131/><D48/><RYUUKYOKU ba="0,1" sc="427,-10,116,-10,200,-10,247,30" hai3="12,15,17,20,24,52,53,54,75,77,79,82,83" /><INIT seed="7,1,1,3,4,12" ten="417,106,190,277" oya="3" hai0="100,117,11,111,17,115,46,99,37,61,34,48,112" hai1="125,103,64,73,18,44,33,113,29,84,10,89,27" hai2="128,94,123,118,78,96,133,16,68,59,116,24,104" hai3="69,0,135,25,129,82,75,14,97,107,105,23,109"/><W63/><G0/><T80/><D111/><U49/><E73/><V79/><F68/><W93/><G109/><T98/><D117/><U55/><E113/><N who="0" m="43593" /><D37/><U102/><E125/><V6/><F104/><W85/><G135/><T7/><D34/><U58/><E64/><V76/><F6/><W36/><G36/><T70/><D17/><U65/><E65/><V74/><F74/><W122/><G122/><T51/><D99/><U5/><E58/><V92/><F92/><W110/><G110/><T47/><D80/><U2/><E2/><V9/><F78/><W42/><G42/><T67/><D48/><U134/><E134/><V126/><F59/><W32/><G32/><T114/><D51/><U124/><E124/><V28/><F79/><W106/><G129/><T91/><D91/><U72/><E72/><V41/><F41/><W1/><G14/><N who="0" m="5503" /><D114/><U81/><E5/><V45/><F24/><W3/><G75/><T22/><D22/><U52/><E55/><V8/><F94/><AGARI ba="1,1" hai="46,47,61,67,70,94,98,100" m="5503,43593" machi="94" ten="30,2000,0" yaku="15,1,11,1" doraHai="12" who="0" fromWho="2" sc="417,33,106,0,190,-23,277,0" owari="450,54.0,106,-39.0,167,-23.0,277,8.0" /></mjloggm>