<mjloggm ver="2.3"><GO type="169" lobby="0"/><UN n0="%E3%83%88%E3%83%88%E3%83%AA%E5%85%88%E7%94%9F%31%39%E6%AD%B3" n1="%E9%A4%8A%E5%88%86%E4%B8%80%E7%A2%BA" n2="%65%69%6B%31" n3="%E4%B9%9D%E4%B8%88%E3%83%A4%E3%82%B9" dan="19,17,17,16" rate="2306.27,2159.29,2173.99,2105.01" sx="F,M,F,M"/><TAIKYOKU oya="0"/><INIT seed="0,0,0,5,3,110" ten="250,250,250,250" oya="0" hai0="21,99,68,48,29,5,130,33,100,65,134,49,80" hai1="97,62,116,67,95,4,63,98,120,45,131,0,52" hai2="82,57,9,58,17,96,34,37,113,76,13,111,36" hai3="47,128,73,56,78,107,89,27,121,115,66,15,79"/><T75/><D130/><U71/><E116/><V44/><F34/><W53/><G107/><T90/><D134/><U87/><E120/><V18/><F111/><W112/><G128/><T126/><D126/><U105/><E131/><V81/><F113/><N who="3" m="43595" /><G15/><T16/><D5/><U64/><E105/><V103/><F18/><W42/><G73/><T54/><D65/><U84/><E0/><V94/><F82/><W77/><G66/><T86/><D68/><U41/><E52/><V61/><F44/><W88/><G47/><T55/><D33/><U69/><E4/><V127/><F127/><W40/><G27/><T60/><D29/><U101/><REACH who="1" step="1"/><E98/><REACH who="1" ten="250,240,250,250" step="2"/><V72/><F58/><W23/><G53/><AGARI ba="0,1" hai="9,13,17,36,37,53,57,61,72,76,81,94,96,103" machi="53" ten="30,1000,0" yaku="7,1" doraHai="110" who="2" fromWho="3" sc="250,0,240,0,250,20,250,-10" /><INIT seed="1,0,0,1,1,2" ten="250,240,270,240" oya="1" hai0="134,11,113,119,91,97,61,51,103,117,16,33,31" hai1="62,127,0,36,130,101,60,105,123,82,22,12,73" hai2="63,124,110,100,78,49,121,18,38,81,42,43,8" hai3="107,129,9,118,77,3,86,1,96,108,94,126,66"/><U95/><E0/><V74/><F121/><W128/><G66/><T5/><D113/><U15/><E36/><V116/><F116/><W20/><G108/><T45/><D134/><U57/><E105/><V85/><F110/><W41/><G126/><T87/><D61/><U72/><E123/><V39/><F124/><W56/><G107/><T24/><D16/><U98/><E127/><V109/><F109/><W46/><G56/><T67/><D67/><U6/><E130/><V50/><F74/><W90/><G118/><T84/><D97/><U76/><E72/><V14/><F100/><W92/><G20/><T65/><D65/><U102/><E102/><V17/><F63/><W34/><G34/><T79/><D87/><U120/><E120/><V40/><F39/><W19/><G19/><N who="2" m="7177" /><F38/><W13/><G13/><N who="1" m="5194" /><E22/><V58/><F58/><W25/><G25/><T54/><D79/><U80/><E80/><V93/><F93/><W112/><G112/><T55/><D103/><U70/><E70/><V106/><F106/><W4/><G3/><N who="0" m="447" /><D119/><U104/><E104/><V32/><F32/><W28/><G28/><T111/><D117/><U133/><E133/><V52/><F14/><W88/><REACH who="3" step="1"/><G77/><REACH who="3" ten="250,240,270,230" step="2"/><T135/><D111/><U23/><E23/><V99/><F78/><W114/><G114/><T125/><D125/><U30/><E30/><V53/><F8/><W29/><G29/><T10/><D10/><U48/><E6/><V27/><F27/><W7/><G7/><T47/><D135/><U89/><E101/><V68/><F68/><W131/><G131/><T64/><D33/><RYUUKYOKU ba="0,1" sc="250,-15,240,15,270,-15,230,15" hai1="48,57,60,62,73,76,82,89,95,98" hai3="1,4,9,41,46,86,88,90,92,94,96,128,129" /><INIT seed="1,1,1,2,0,128" ten="235,255,255,245" oya="1" hai0="60,110,116,19,40,46,57,58,123,26,0,23,44" hai1="10,105,11,107,120,21,131,53,34,89,111,82,93" hai2="132,8,74,65,70,81,61,15,133,129,77,114,50" hai3="134,59,41,75,85,121,1,130,79,39,38,64,101"/><U5/><E34/><V103/><F129/><W27/><G121/><T42/><D116/><U66/><E120/><V14/><F114/><W90/><G1/><T115/><D123/><U33/><E33/><V87/><F103/><W69/><G130/><T3/><D115/><U16/><E66/><V102/><F102/><W17/><G101/><T67/><D110/><U47/><E82/><V30/><F30/><W135/><G69/><T104/><D104/><U113/><E113/><V126/><F126/><W83/><G27/><T25/><D58/><U56/><E47/><V20/><F50/><W63/><G17/><T127/><D127/><U106/><E5/><V112/><F112/><W55/><G55/><T86/><D86/><U6/><E6/><V48/><F48/><W45/><REACH who="3" step="1"/><G38/><REACH who="3" ten="235,255,255,235" step="2"/><T54/><D54/><U24/><E131/><V72/><F15/><W49/><G49/><T94/><D26/><U2/><E2/><V28/><F28/><W68/><G68/><T97/><D0/><U88/><E111/><V62/><F62/><W96/><G96/><T71/><D71/><U118/><E118/><V73/><REACH who="2" step="1"/><F20/><REACH who="2" ten="235,255,245,235" step="2"/><W92/><AGARI ba="1,3" hai="39,41,45,59,63,64,75,79,83,85,90,92,134,135" machi="92" ten="30,7900,0" yaku="1,1,0,1,52,2,53,0" doraHai="128" doraHaiUra="125" who="3" fromWho="3" sc="235,-21,255,-40,245,-21,235,112" /><INIT seed="2,0,0,2,0,29" ten="214,215,224,347" oya="2" hai0="31,96,122,93,57,106,36,126,130,52,103,105,49" hai1="66,118,76,21,34,68,44,86,6,79,83,111,56" hai2="73,2,38,12,69,70,135,14,28,55,1,102,81" hai3="51,112,95,109,4,77,22,13,75,121,87,33,129"/><V19/><F38/><W39/><G121/><T72/><D122/><U32/><E68/><V114/><F114/><W67/><G33/><N who="1" m="12906" /><E118/><V25/><F102/><W84/><G39/><T124/><D31/><U88/><E6/><V8/><F14/><W99/><G75/><T3/><D130/><U116/><E44/><V89/><F70/><W123/><G129/><T45/><D72/><U117/><E21/><V37/><F37/><W125/><G22/><T53/><D3/><U101/><E101/><V47/><F69/><W98/><G4/><T46/><D46/><U64/><E56/><V61/><F61/><W11/><G51/><T133/><D133/><U16/><E16/><V104/><F104/><W134/><G134/><T17/><D17/><U35/><N who="1" m="12914" /><U40/><DORA hai="54" /><E40/><V7/><F135/><W27/><G112/><T60/><REACH who="0" step="1"/><D36/><REACH who="0" ten="204,215,224,347" step="2"/><U132/><E132/><V108/><F73/><W127/><G123/><T107/><AGARI ba="0,1" hai="45,49,52,53,57,60,93,96,103,105,106,107,124,126" machi="107" ten="40,8000,1" yaku="1,1,2,1,0,1,52,1,54,1,53,0" doraHai="29,54" doraHaiUra="82,18" who="0" fromWho="0" sc="204,90,215,-20,224,-40,347,-20" /><INIT seed="3,0,0,4,0,128" ten="294,195,184,327" oya="3" hai0="71,57,131,96,135,15,106,38,132,34,13,84,63" hai1="78,127,67,122,21,112,90,61,76,5,85,50,51" hai2="75,95,43,130,98,55,74,87,56,60,32,44,4" hai3="20,101,110,29,1,70,104,68,9,35,2,48,26"/><W40/><G110/><T14/><D131/><U116/><E122/><V134/><F130/><W114/><G114/><T49/><D38/><U82/><E112/><V97/><F32/><W31/><G31/><T0/><D0/><U39/><E39/><V133/><F4/><W62/><G48/><T123/><D123/><U33/><E33/><V92/><F87/><W72/><G20/><T105/><D34/><U73/><E127/><V102/><F44/><W24/><G24/><T115/><D115/><U16/><E5/><V103/><F43/><W108/><G40/><T58/><D71/><U12/><E116/><V3/><F3/><W8/><G72/><AGARI ba="0,0" hai="55,56,60,72,74,75,92,95,97,98,102,103,133,134" machi="72" ten="40,5200,0" yaku="9,1,52,2" doraHai="128" who="2" fromWho="3" sc="294,0,195,0,184,52,327,-52" /><INIT seed="4,0,0,0,5,66" ten="294,195,236,275" oya="0" hai0="86,116,13,105,18,110,39,87,58,61,100,59,12" hai1="135,41,81,112,38,93,52,91,131,96,28,73,21" hai2="46,97,3,44,6,113,88,85,45,7,122,83,126" hai3="102,69,49,107,34,15,77,123,56,29,14,115,20"/><T4/><D116/><U92/><E131/><V10/><F122/><W72/><G115/><T17/><D39/><U36/><E135/><V118/><F113/><W79/><G34/><T103/><D110/><U108/><E108/><V128/><F128/><W94/><G107/><T30/><D105/><U64/><E112/><V27/><F118/><W22/><G72/><T48/><D48/><U37/><E41/><V104/><F126/><W11/><G69/><T106/><D106/><U89/><E64/><V95/><F7/><W43/><G20/><T53/><D4/><U50/><E28/><V67/><F67/><W2/><G2/><T31/><REACH who="0" step="1"/><D53/><REACH who="0" ten="284,195,236,275" step="2"/><U133/><E52/><V1/><F104/><W26/><G49/><T125/><D125/><U57/><E50/><V119/><F119/><W35/><G123/><T121/><D121/><U9/><E37/><V101/><REACH who="2" step="1"/><F27/><REACH who="2" ten="284,195,226,275" step="2"/><W62/><G26/><T129/><D129/><U68/><E36/><V74/><F74/><W8/><G43/><T71/><D71/><U55/><E38/><V124/><F124/><W32/><G62/><AGARI ba="0,2" hai="12,13,17,18,30,31,58,59,61,62,86,87,100,103" machi="62" ten="25,9600,0" yaku="1,1,22,2,8,1,53,0" doraHai="66" doraHaiUra="76" who="0" fromWho="3" sc="284,116,195,0,226,0,275,-96" /><INIT seed="4,1,0,2,2,43" ten="400,195,226,179" oya="0" hai0="55,85,102,62,8,41,106,131,73,126,76,107,53" hai1="103,82,26,83,91,84,36,48,130,95,14,114,108" hai2="135,35,15,101,125,104,39,11,21,5,20,94,42" hai3="2,45,3,66,52,121,29,44,37,129,56,47,133"/><T31/><D73/><U25/><E130/><V0/><F104/><W54/><G121/><T30/><D131/><U23/><E36/><V65/><F35/><W28/><G37/><T10/><D126/><U4/><E108/><V1/><F65/><W19/><G129/><T115/><D115/><U111/><E111/><V110/><F110/><W60/><G133/><T34/><D41/><U22/><E114/><V68/><F68/><W71/><G19/><T9/><D34/><U119/><E119/><V74/><F135/><W127/><G127/><T132/><D132/><U120/><E120/><V87/><F74/><W40/><G40/><T79/><D85/><U86/><E48/><V63/><F63/><W80/><G80/><T38/><D38/><U61/><E61/><V72/><F72/><W59/><G71/><T113/><D62/><U64/><E64/><V92/><F125/><W100/><G100/><T16/><D102/><U46/><E46/><V58/><F58/><W75/><G75/><T105/><D16/><N who="1" m="12519" /><E103/><V24/><F39/><W122/><G122/><T88/><D88/><N who="1" m="53655" /><E82/><V123/><F123/><W32/><G32/><T81/><D81/><U134/><E134/><V6/><F101/><W78/><G78/><N who="0" m="29739" /><D113/><U49/><E49/><V118/><F94/><W96/><G96/><T117/><D117/><U17/><E14/><V50/><F15/><W112/><G112/><T67/><D67/><U89/><E89/><N who="2" m="53311" /><F118/><W70/><G3/><T18/><D107/><U27/><E27/><V90/><F24/><W97/><G2/><N who="2" m="1129" /><F90/><W109/><G109/><T124/><D124/><RYUUKYOKU ba="1,0" sc="400,-10,195,30,226,-10,179,-10" hai1="4,17,22,26,83,84,91" /><INIT seed="5,2,0,3,1,134" ten="390,225,216,169" oya="1" hai0="36,86,117,111,60,106,51,35,33,115,10,61,119" hai1="91,116,63,14,46,27,1,109,6,25,98,7,62" hai2="28,67,90,56,135,64,29,133,123,37,8,40,114" hai3="125,30,94,45,0,2,100,76,126,84,58,128,113"/><U22/><E116/><V38/><F123/><W96/><G113/><T80/><D111/><U78/><E78/><V54/><F8/><W103/><G128/><T13/><D36/><N who="2" m="13930" /><F90/><W83/><G30/><N who="2" m="11881" /><F40/><W120/><G120/><T50/><D10/><U73/><E73/><V55/><F114/><W92/><G45/><T87/><D115/><U24/><E1/><V71/><F71/><W52/><G2/><T12/><D80/><U17/><E109/><V102/><F102/><W11/><G11/><T21/><D21/><U77/><E77/><V75/><F75/><W66/><G66/><N who="2" m="25129" /><F56/><W32/><G0/><T101/><D101/><U5/><E46/><V42/><F42/><W129/><G129/><T34/><D35/><U121/><E121/><V97/><F97/><W26/><G26/><T108/><D108/><U48/><E48/><V107/><F107/><AGARI ba="2,0" hai="12,13,33,34,50,51,60,61,86,87,106,107,117,119" machi="107" ten="25,1600,0" yaku="22,2" doraHai="134" who="0" fromWho="2" sc="390,22,225,0,216,-22,169,0" /><INIT seed="6,0,0,2,5,115" ten="412,225,194,169" oya="2" hai0="92,64,57,71,77,21,97,100,41,7,8,129,95" hai1="2,134,44,90,89,10,47,16,50,4,78,25,102" hai2="49,73,19,94,53,80,17,112,11,86,83,85,121" hai3="28,124,130,23,35,66,120,74,5,101,9,82,118"/><V32/><F121/><W51/><G120/><T122/><D122/><U0/><E0/><V60/><F32/><W40/><G130/><T37/><D129/><U63/><E78/><N who="2" m="46327" /><F73/><W59/><G124/><T43/><D71/><U31/><E134/><V116/><F116/><W33/><G101/><T93/><D77/><U68/><E68/><V34/><F34/><W65/><G35/><T88/><D37/><U114/><E114/><V15/><F112/><W6/><G33/><T22/><D95/><U20/><E102/><V42/><F94/><W61/><G65/><T62/><D21/><U126/><E31/><V110/><F110/><W91/><G6/><T29/><D22/><U135/><E135/><V98/><F98/><W84/><G74/><T3/><D29/><U87/><E126/><V132/><F132/><W106/><G106/><T81/><D81/><U12/><E2/><V75/><F75/><W67/><G67/><T133/><D133/><U72/><E72/><V26/><F60/><W36/><G36/><T119/><D119/><U39/><E63/><V30/><F30/><W14/><G118/><T108/><D108/><U111/><E111/><V18/><F42/><W54/><G40/><T125/><D125/><U113/><E113/><V79/><F26/><W52/><REACH who="3" step="1"/><G51/><REACH who="3" ten="412,225,194,159" step="2"/><T24/><D43/><N who="1" m="24959" /><E39/><V45/><AGARI ba="0,1" hai="11,15,17,18,19,45,49,53,79,80,86" m="46327" machi="45" ten="30,1500,0" yaku="8,1" doraHai="115" who="2" fromWho="2" sc="412,-5,225,-5,194,25,159,-5" /><INIT seed="6,1,0,4,2,122" ten="407,220,219,154" oya="2" hai0="110,3,11,82,33,4,104,15,96,90,69,74,36" hai1="95,111,35,114,100,56,123,58,109,13,73,75,14" hai2="87,63,26,93,17,98,23,97,106,80,30,39,24" hai3="45,32,7,94,62,101,55,125,28,81,40,19,112"/><V135/><F39/><W25/><G125/><T108/><D15/><N who="1" m="5643" /><E95/><V64/><F135/><W85/><G7/><T57/><D57/><N who="1" m="22123" /><E123/><V49/><F106/><W66/><G19/><T68/><D90/><U44/><E44/><V29/><F49/><W52/><G112/><T89/><D89/><U8/><E114/><V54/><F54/><W84/><G94/><T43/><D33/><U37/><E35/><V131/><F131/><W128/><G101/><N who="0" m="62503" /><D74/><N who="1" m="28171" /><E37/><V18/><F18/><W83/><G128/><T133/><D82/><U10/><E100/><V22/><F17/><W46/><G81/><T20/><D20/><U134/><E134/><V120/><F120/><W76/><G85/><T59/><D59/><U72/><E72/><V50/><F93/><W71/><REACH who="3" step="1"/><G45/><REACH who="3" ten="407,220,219,144" step="2"/><N who="0" m="23783" /><D133/><U130/><E130/><V27/><F80/><W88/><G88/><T126/><D126/><U53/><E53/><V92/><F92/><W117/><G117/><T127/><D127/><U61/><E61/><V2/><F87/><W119/><G119/><T115/><D115/><U47/><E47/><V41/><F63/><W12/><G12/><T113/><D113/><U21/><E8/><V86/><F86/><W1/><G1/><T105/><D105/><U60/><E60/><V67/><F2/><W118/><G118/><T77/><D77/><U107/><E10/><V116/><F116/><W124/><G124/><T99/><D99/><U31/><E107/><V9/><F9/><W42/><G42/><T132/><D132/><U34/><E31/><N who="2" m="11787" /><F98/><W5/><G5/><T38/><D4/><U121/><E121/><RYUUKYOKU ba="1,1" sc="407,-10,220,-10,219,-10,144,30" hai3="25,28,32,40,46,52,55,62,66,71,76,83,84" /><INIT seed="7,2,1,5,3,0" ten="397,210,209,174" oya="3" hai0="98,80,19,13,84,33,54,45,131,5,108,23,82" hai1="111,57,93,134,52,126,91,88,27,94,112,127,12" hai2="38,119,72,86,69,79,73,120,44,125,107,49,114" hai3="51,135,47,32,11,118,95,96,124,66,50,101,4"/><W16/><G118/><T106/><D108/><U71/><E71/><V37/><F119/><W116/><G116/><T9/><D33/><U7/><E111/><V48/><F107/><W102/><G32/><T64/><D131/><U40/><E40/><V3/><F3/><W97/><G135/><T30/><D30/><U31/><E112/><V133/><F69/><W26/><G124/><N who="1" m="47658" /><E134/><V8/><F125/><W109/><G109/><T77/><D64/><U14/><E7/><V15/><F133/><W113/><G113/><T122/><D80/><U60/><E93/><V70/><F70/><W67/><G51/><T121/><D45/><U25/><E91/><V42/><F120/><W104/><G16/><T87/><D87/><N who="1" m="52511" /><E27/><V132/><F114/><W89/><G26/><T92/><D23/><AGARI ba="2,1" hai="12,14,23,25,31,52,57,60" m="52511,47658" machi="23" ten="30,3900,0" yaku="18,1,54,2" doraHai="0" who="1" fromWho="0" sc="397,-45,210,55,209,0,174,0" owari="352,45.0,265,7.0,209,-19.0,174,-33.0" /></mjloggm>