<mjloggm ver="2.3"><GO type="169" lobby="0"/><UN n0="%E3%81%8A%E3%81%8A%E3%81%8F%E3%81%95" n1="%74%6F%6D%75%74%6F%6D%69" n2="%E2%91%A3%E3%82%BB%E3%83%B3%E3%83%81" n3="%E3%83%88%E3%83%88%E3%83%AA%E5%85%88%E7%94%9F%31%39%E6%AD%B3" dan="16,17,17,19" rate="2117.05,2146.59,2251.54,2322.78" sx="M,M,M,F"/><TAIKYOKU oya="0"/><INIT seed="0,0,0,0,2,57" ten="250,250,250,250" oya="0" hai0="40,35,16,133,61,126,10,106,86,120,64,29,85" hai1="92,116,135,44,26,52,108,81,60,73,90,20,63" hai2="23,101,41,94,131,39,56,19,119,89,97,77,9" hai3="127,112,118,122,71,75,13,25,38,49,109,66,70"/><T14/><D120/><U31/><E116/><V15/><F131/><W30/><G75/><T0/><D106/><U121/><E121/><V43/><F119/><W24/><G38/><T114/><D114/><U67/><E108/><V78/><F39/><W125/><G122/><T33/><D40/><U58/><E135/><V113/><F113/><W79/><G112/><T65/><D133/><U104/><E104/><V98/><F43/><W96/><G118/><T42/><D42/><U68/><E44/><V132/><F41/><W55/><G109/><T82/><D126/><U129/><E129/><V7/><F132/><W69/><G79/><T3/><D65/><U128/><E128/><V62/><F98/><W87/><G87/><T134/><D86/><U11/><E11/><V74/><F101/><W47/><G13/><T111/><D134/><U117/><E117/><V2/><REACH who="2" step="1"/><F74/><REACH who="2" ten="250,250,240,250" step="2"/><W115/><G115/><T59/><D111/><U124/><E73/><V48/><F48/><W8/><G96/><T1/><REACH who="0" step="1"/><D29/><REACH who="0" ten="240,250,240,250" step="2"/><U83/><E124/><V17/><F17/><W72/><G72/><T107/><D107/><U32/><E32/><V88/><F88/><AGARI ba="0,2" hai="0,1,3,10,14,16,33,35,59,61,64,82,85,88" machi="88" ten="40,12000,1" yaku="1,1,52,1,54,2,53,0" doraHai="57" doraHaiUra="27" who="0" fromWho="2" sc="240,140,250,0,240,-120,250,0" /><INIT seed="0,1,0,2,4,70" ten="380,250,120,250" oya="0" hai0="0,6,33,63,9,66,128,118,124,42,16,32,61" hai1="130,58,62,97,104,59,101,112,38,37,40,14,44" hai2="82,48,94,74,22,2,39,111,1,4,92,25,23" hai3="110,126,93,28,134,90,72,50,36,46,89,51,5"/><T114/><D118/><U35/><E35/><V65/><F111/><W52/><G72/><T86/><D114/><U120/><E120/><V56/><F4/><W45/><G110/><T119/><D119/><U132/><E112/><V113/><F113/><W64/><G134/><T77/><D124/><U117/><E117/><V99/><F23/><W69/><G126/><T8/><D128/><U19/><E132/><V129/><F94/><W18/><G36/><T83/><D42/><U100/><E100/><V76/><F39/><W10/><G28/><T15/><REACH who="0" step="1"/><D61/><REACH who="0" ten="370,250,120,250" step="2"/><U125/><E130/><V49/><F129/><W7/><G50/><T87/><D87/><U53/><E125/><V78/><F49/><W20/><G51/><T30/><D30/><U29/><E29/><V73/><F48/><W91/><G46/><T105/><D105/><U116/><E116/><V121/><F74/><W131/><G45/><T123/><D123/><U11/><E38/><V27/><F121/><W79/><G131/><T106/><D106/><U41/><E41/><V17/><F73/><W81/><G93/><T108/><D108/><U24/><E37/><V107/><F92/><W75/><G75/><T54/><D54/><U71/><E40/><V95/><F95/><W122/><G122/><T80/><D80/><U109/><E109/><V88/><F82/><W135/><G81/><T3/><D3/><U67/><E44/><V13/><F1/><W84/><G135/><T98/><D98/><U34/><E53/><V60/><F2/><W47/><G47/><T127/><D127/><U43/><E43/><RYUUKYOKU ba="1,1" sc="370,15,250,15,120,-15,250,-15" hai0="0,6,8,9,15,16,32,33,63,66,77,83,86" hai1="11,14,19,24,34,58,59,62,67,71,97,101,104" /><INIT seed="0,2,1,3,0,28" ten="385,265,105,235" oya="0" hai0="107,60,77,53,75,34,59,82,29,128,93,19,96" hai1="100,74,4,63,88,48,127,15,104,54,27,55,130" hai2="118,97,50,80,43,36,131,68,72,24,109,47,115" hai3="76,51,78,135,71,113,49,14,21,61,45,105,94"/><T22/><D128/><U44/><E74/><V20/><F115/><W62/><G105/><T33/><D107/><U123/><E123/><V79/><F109/><W39/><G113/><T85/><D29/><U120/><E120/><V110/><F110/><W26/><G39/><T64/><D64/><U5/><E130/><V56/><F68/><W0/><G0/><T134/><D75/><U25/><E127/><V41/><F131/><W116/><G116/><T119/><D134/><U133/><E133/><V121/><F121/><W101/><G14/><T58/><D58/><N who="1" m="35287" /><E100/><V18/><F118/><W38/><G38/><T9/><D9/><N who="1" m="4519" /><E5/><V3/><F3/><W106/><G106/><T129/><D119/><U84/><E104/><V10/><F10/><W30/><G51/><T11/><D11/><U69/><E69/><V90/><F56/><W70/><G135/><T1/><D129/><U83/><AGARI ba="2,1" hai="25,27,44,48,55,83,84,88" m="4519,35287" machi="83" ten="30,2000,0" yaku="8,1,54,1" doraHai="28" who="1" fromWho="1" sc="385,-12,265,36,105,-7,235,-7" /><INIT seed="1,0,0,3,4,58" ten="373,301,98,228" oya="1" hai0="110,109,107,99,64,122,52,55,14,0,28,39,2" hai1="118,79,20,80,130,27,94,69,54,19,106,90,6" hai2="74,31,103,126,51,26,16,17,102,129,120,114,62" hai3="91,134,127,84,89,101,128,53,93,116,43,41,92"/><U113/><E118/><V1/><F74/><W100/><G116/><T123/><D39/><U38/><E113/><V25/><F1/><N who="0" m="618" /><D14/><U95/><E106/><V21/><F120/><N who="0" m="46122" /><D28/><U36/><E130/><V23/><F129/><W105/><G134/><T7/><D7/><U78/><E6/><V24/><F126/><W22/><G127/><T71/><D107/><U115/><E115/><V11/><F114/><W45/><G128/><T40/><D40/><U73/><E78/><V8/><F51/><N who="3" m="28911" /><G105/><T131/><D99/><U48/><E69/><V76/><F76/><W9/><G9/><T15/><D15/><U72/><E72/><V70/><F8/><W119/><G22/><T37/><D37/><U111/><E111/><N who="0" m="42505" /><D131/><U65/><E65/><V18/><F11/><W35/><G43/><T49/><D49/><U61/><E95/><V56/><F70/><W29/><G41/><T13/><D13/><U86/><E38/><V87/><F87/><N who="3" m="52287" /><G119/><T83/><D83/><U96/><E36/><V44/><F44/><W67/><G67/><T75/><D75/><U108/><E108/><V124/><F124/><W81/><G81/><T47/><D47/><N who="1" m="27935" /><E73/><V46/><F46/><W97/><G97/><T32/><D32/><U63/><AGARI ba="0,0" hai="19,20,27,61,63,79,80,86,90,94,96" m="27935" machi="63" ten="30,6000,0" yaku="8,1,52,2" doraHai="58" who="1" fromWho="1" sc="373,-20,301,60,98,-20,228,-20" /><INIT seed="1,1,0,3,1,78" ten="353,361,78,208" oya="1" hai0="111,32,88,23,110,14,12,79,48,35,15,131,81" hai1="116,40,104,65,129,7,76,132,80,130,109,39,36" hai2="44,91,38,125,64,124,25,68,20,24,21,37,52" hai3="51,30,95,28,11,123,45,119,126,106,118,101,16"/><U43/><E116/><N who="3" m="44586" /><G106/><T117/><D117/><U77/><E104/><V63/><F91/><W53/><G123/><T103/><D103/><U5/><E65/><V55/><F44/><W70/><G70/><T133/><D133/><U102/><E102/><V122/><F64/><W73/><G73/><T31/><D131/><U58/><E58/><V100/><F100/><W94/><G126/><T34/><D48/><U67/><E67/><V61/><REACH who="2" step="1"/><F68/><REACH who="2" ten="353,361,68,208" step="2"/><W19/><G101/><T41/><D88/><U2/><E132/><V105/><F105/><W113/><G95/><T71/><D71/><U54/><E54/><V128/><F128/><N who="1" m="49257" /><E2/><V84/><F84/><W49/><G94/><T115/><D41/><N who="1" m="15947" /><E76/><V56/><F56/><W112/><G53/><T87/><D115/><U46/><E46/><V134/><F134/><W57/><G57/><T74/><D87/><N who="1" m="48527" /><E109/><V114/><F114/><W6/><G113/><T85/><D74/><U83/><E39/><V75/><F75/><W47/><G47/><T93/><D93/><U8/><E36/><V59/><F59/><W26/><G112/><T62/><D62/><U90/><E8/><V1/><F1/><N who="3" m="463" /><G45/><T4/><D111/><U89/><E89/><V92/><F92/><W97/><G49/><T22/><D110/><U17/><E17/><N who="3" m="6730" /><G51/><T0/><D0/><U9/><E9/><V86/><F86/><AGARI ba="1,1" hai="5,7,83,86,90" m="48527,15947,49257" machi="86" ten="30,5800,0" yaku="19,1,52,2" doraHai="78" who="1" fromWho="2" sc="353,0,361,71,68,-61,208,0" /><INIT seed="1,2,0,0,4,76" ten="353,432,7,208" oya="1" hai0="120,74,13,5,103,102,135,105,15,79,28,84,119" hai1="83,4,23,133,63,33,106,19,29,131,39,17,14" hai2="30,9,50,26,128,18,112,7,68,47,67,127,132" hai3="31,70,97,2,109,1,3,118,8,116,57,10,93"/><U65/><E39/><V130/><F68/><W34/><G70/><T32/><D119/><N who="3" m="45609" /><G109/><T64/><D64/><U122/><E122/><V92/><F67/><W91/><G57/><T85/><D135/><U94/><E106/><V90/><F132/><W129/><G129/><N who="2" m="49769" /><F18/><W22/><G34/><T87/><D105/><U0/><E133/><V55/><F127/><W75/><G75/><T82/><D120/><U100/><E131/><V73/><F73/><W86/><G31/><T60/><D60/><U44/><E33/><N who="2" m="20695" /><F112/><W35/><G35/><T46/><D28/><U113/><E113/><V88/><F92/><N who="3" m="54391" /><G22/><T11/><D32/><U108/><E0/><AGARI ba="2,0" hai="0,7,9,47,50,55,88,90" m="20695,49769" machi="0" ten="30,2000,0" yaku="19,1,54,1" doraHai="76" who="2" fromWho="1" sc="353,0,432,-26,7,26,208,0" /><INIT seed="2,0,0,3,4,54" ten="353,406,33,208" oya="2" hai0="121,15,132,117,128,59,100,26,94,86,129,57,36" hai1="127,88,48,28,65,102,60,133,83,124,104,84,73" hai2="58,120,11,119,64,112,21,38,39,51,1,134,123" hai3="92,95,91,7,66,24,2,22,42,5,67,44,50"/><V96/><F1/><W53/><G2/><T69/><D69/><U75/><E133/><V122/><F11/><W61/><G42/><T55/><D132/><U33/><E48/><V62/><F134/><W34/><G34/><T35/><D121/><U13/><E13/><V93/><F112/><W46/><G46/><T76/><D55/><U23/><E33/><V27/><F51/><W106/><G106/><T52/><D52/><U105/><E23/><V32/><F32/><W12/><G12/><T0/><D0/><U78/><E28/><V99/><F119/><W118/><G92/><T6/><D36/><U68/><E73/><V113/><F99/><N who="3" m="57855" /><G118/><T30/><D117/><U20/><E20/><V110/><F110/><W97/><G97/><N who="0" m="59447" /><D86/><U16/><E16/><V19/><REACH who="2" step="1"/><F113/><REACH who="2" ten="353,406,23,208" step="2"/><W72/><G50/><T90/><D90/><AGARI ba="0,1" hai="19,21,27,38,39,58,62,64,90,93,96,120,122,123" machi="90" ten="40,7700,0" yaku="1,1,2,1,52,1,53,0" doraHai="54" doraHaiUra="8" who="2" fromWho="0" sc="353,-77,406,0,23,87,208,0" /><INIT seed="2,1,0,5,2,131" ten="276,406,110,208" oya="2" hai0="21,116,79,3,43,30,48,111,28,75,56,126,8" hai1="71,42,76,103,94,135,19,49,132,110,108,68,39" hai2="35,40,23,89,121,24,78,96,54,119,12,107,41" hai3="44,91,26,62,86,17,74,85,32,65,97,47,124"/><V123/><F119/><W118/><G118/><T98/><D111/><N who="1" m="42539" /><E76/><V45/><F35/><W93/><G74/><T88/><D126/><U16/><E39/><V113/><F113/><W50/><G124/><T18/><D116/><U58/><E103/><V101/><F78/><W14/><G26/><T82/><D3/><U38/><E38/><V90/><F12/><W13/><G32/><T64/><D8/><U6/><E6/><V9/><F9/><W34/><G34/><T20/><D20/><U87/><E94/><V55/><F55/><W11/><G13/><T67/><D43/><U73/><E87/><V53/><F53/><W70/><G47/><T80/><D30/><U84/><E84/><V69/><F54/><AGARI ba="1,0" hai="11,14,17,44,50,54,62,65,70,85,86,91,93,97" machi="54" ten="30,1000,0" yaku="7,1" doraHai="131" who="3" fromWho="2" sc="276,0,406,0,110,-13,208,13" /><INIT seed="3,0,0,4,5,114" ten="276,406,97,221" oya="3" hai0="109,60,97,46,111,94,112,18,17,93,134,113,104" hai1="63,38,123,100,106,98,58,43,78,47,96,3,23" hai2="2,135,99,32,103,75,95,81,65,67,90,122,57" hai3="16,55,35,101,66,88,33,36,74,42,120,110,45"/><W77/><G120/><T115/><D134/><U89/><E123/><V40/><F122/><W126/><G126/><T44/><D60/><U118/><E3/><V13/><F2/><W133/><G133/><T53/><D104/><U83/><E23/><V82/><F32/><W21/><G101/><T108/><D53/><U37/><E38/><V20/><F135/><W70/><G110/><T69/><D69/><U0/><E0/><V14/><F40/><W68/><G55/><T15/><D15/><U129/><E129/><V86/><F75/><W72/><G35/><T127/><D127/><U29/><E29/><V119/><F119/><W34/><G34/><T19/><REACH who="0" step="1"/><D97/><REACH who="0" ten="266,406,97,221" step="2"/><U116/><E96/><V130/><F67/><W62/><G68/><T22/><D22/><U105/><E105/><V54/><F65/><W49/><G33/><T48/><D48/><U107/><E107/><V56/><F13/><W132/><G49/><T51/><D51/><U4/><E63/><V73/><F54/><W71/><G71/><T84/><D84/><U117/><E58/><V131/><F57/><W8/><G132/><T7/><D7/><U1/><E4/><V5/><F56/><W26/><G8/><T87/><D87/><N who="1" m="50431" /><E1/><V30/><F5/><W80/><G72/><T41/><D41/><U102/><E102/><V64/><F64/><W10/><G10/><T125/><D125/><U85/><E85/><N who="2" m="50487" /><F73/><W59/><G70/><T128/><D128/><U6/><E6/><V28/><F131/><W9/><G9/><T24/><D24/><U50/><E50/><V39/><F130/><RYUUKYOKU ba="0,1" sc="266,10,406,10,97,-30,221,10" hai0="17,18,19,44,46,93,94,108,109,111,112,113,115" hai1="37,43,47,78,98,100,106,116,117,118" hai3="16,21,26,36,42,45,59,62,66,74,77,80,88" /><INIT seed="3,1,1,0,4,71" ten="276,416,67,231" oya="3" hai0="130,54,77,63,128,117,56,93,68,32,131,126,23" hai1="70,50,92,20,81,17,13,53,12,27,18,22,101" hai2="104,129,26,114,100,118,39,60,87,115,90,69,41" hai3="107,40,8,113,121,44,105,43,6,15,95,4,135"/><W61/><G113/><T88/><D117/><U64/><E81/><V96/><F118/><W82/><G121/><T122/><D122/><U79/><E79/><V106/><F106/><W11/><G135/><T62/><D32/><U110/><E110/><V109/><F109/><W111/><G111/><T5/><D126/><U3/><E3/><V78/><F129/><W25/><G43/><T35/><D35/><U75/><E75/><V99/><F99/><W48/><G61/><T127/><D127/><U34/><E70/><V33/><F78/><W132/><G132/><T123/><D123/><U16/><E64/><N who="2" m="41095" /><F87/><W49/><G49/><T14/><D77/><U9/><E34/><V83/><F90/><W84/><G25/><T1/><D1/><U36/><E36/><V28/><F83/><W46/><G46/><AGARI ba="1,1" hai="26,28,33,39,41,46,96,100,104,114,115" m="41095" machi="46" ten="30,3900,0" yaku="25,1,23,1,52,1" doraHai="71" who="2" fromWho="3" sc="276,0,416,0,67,52,231,-42" /><INIT seed="4,0,0,2,3,10" ten="276,416,119,189" oya="0" hai0="24,99,88,57,78,71,26,107,106,1,47,67,74" hai1="121,11,14,65,64,5,123,6,18,120,118,15,132" hai2="66,112,34,62,110,52,28,39,42,53,84,96,23" hai3="108,40,101,33,133,113,128,25,69,2,20,92,0"/><T17/><D1/><U131/><E118/><V61/><F34/><W70/><G108/><T72/><D71/><U36/><E36/><V46/><F110/><W9/><G40/><T125/><D125/><U114/><E131/><V73/><F73/><W124/><G101/><T86/><D47/><U97/><E132/><V111/><F111/><W55/><G92/><T27/><D17/><U129/><E129/><V22/><F112/><W82/><G128/><T32/><D32/><U89/><E114/><V102/><F84/><W93/><G93/><T109/><D109/><U12/><E89/><V45/><F62/><W59/><G113/><T83/><D99/><U85/><E85/><V103/><F103/><W58/><G33/><T63/><REACH who="0" step="1"/><D72/><REACH who="0" ten="266,416,119,189" step="2"/><U21/><E97/><V94/><F46/><W79/><G124/><T30/><D30/><U38/><E38/><V4/><F4/><W77/><G0/><T130/><D130/><U54/><E54/><V90/><F102/><W13/><G2/><T134/><D134/><U126/><E126/><V127/><F127/><W44/><G133/><T43/><D43/><U37/><E37/><V119/><F28/><N who="3" m="17447" /><G55/><T135/><D135/><U16/><REACH who="1" step="1"/><E5/><REACH who="1" ten="266,406,119,189" step="2"/><V117/><F53/><W76/><G76/><T104/><D104/><U87/><E87/><V49/><F39/><W48/><G77/><T35/><D35/><U80/><E80/><AGARI ba="0,2" hai="24,26,27,57,63,67,74,78,80,83,86,88,106,107" machi="80" ten="40,3900,0" yaku="1,1,54,1,53,0" doraHai="10" doraHaiUra="7" who="0" fromWho="1" sc="266,59,406,-39,119,0,189,0" /><INIT seed="4,1,0,3,2,131" ten="325,367,119,189" oya="0" hai0="33,46,41,101,36,83,70,19,98,88,23,81,125" hai1="62,27,11,126,106,65,69,93,96,112,73,7,49" hai2="43,6,3,78,100,111,87,99,52,56,90,59,97" hai3="82,91,105,92,44,123,118,132,4,20,22,10,34"/><T24/><D125/><U29/><E126/><V117/><F111/><W74/><G118/><T45/><D70/><U50/><E73/><V40/><F117/><W55/><G34/><T135/><D33/><U5/><E112/><V48/><F78/><W67/><G105/><T122/><D122/><U31/><E31/><V1/><F99/><W38/><G67/><T107/><D45/><U85/><E85/><V64/><F64/><W15/><G123/><T120/><D120/><U32/><E93/><V108/><F59/><W58/><G132/><T76/><D88/><U8/><E11/><V79/><F79/><W42/><G82/><T25/><D135/><U66/><E5/><V75/><F75/><W133/><G74/><T72/><REACH who="0" step="1"/><D83/><REACH who="0" ten="315,367,119,189" step="2"/><U9/><E65/><V134/><F134/><W89/><G89/><T94/><D94/><U13/><E8/><V115/><F90/><W109/><G133/><T17/><D17/><U103/><AGARI ba="1,1" hai="7,9,13,27,29,32,49,50,62,66,69,96,103,106" machi="103" ten="30,4000,0" yaku="0,1,25,2" doraHai="131" who="1" fromWho="1" sc="315,-21,367,53,119,-11,189,-11" /><INIT seed="5,0,0,3,1,30" ten="294,420,108,178" oya="1" hai0="47,126,60,102,106,78,49,84,131,35,38,24,66" hai1="98,11,63,70,28,27,134,10,77,67,36,96,64" hai2="104,58,0,122,33,100,45,65,5,119,20,123,32" hai3="129,88,13,8,50,133,41,48,101,109,42,37,115"/><U12/><E36/><V99/><F119/><W91/><G109/><T59/><D126/><U135/><E77/><V116/><F116/><W53/><G115/><T86/><D131/><U40/><E64/><V82/><F58/><W89/><G129/><T3/><D3/><U79/><E79/><V4/><F20/><W25/><G133/><N who="1" m="50698" /><E40/><V22/><F22/><W56/><G37/><T62/><D38/><U31/><E31/><V7/><F45/><W17/><G101/><T61/><D78/><U75/><E75/><V110/><F110/><W94/><G25/><T90/><D84/><U51/><E51/><V6/><F82/><W114/><G114/><T1/><D1/><U9/><E12/><V118/><F65/><W132/><G132/><T74/><D74/><U112/><E112/><V15/><F0/><W76/><G76/><T120/><D120/><U105/><E105/><V103/><F103/><W128/><G128/><T130/><D130/><U14/><E14/><V21/><F118/><W93/><REACH who="3" step="1"/><G42/><REACH who="3" ten="294,420,108,168" step="2"/><T121/><D102/><U83/><E83/><V117/><F117/><W111/><G111/><T113/><D113/><U95/><E95/><V57/><F123/><W107/><G107/><T85/><D106/><U18/><E18/><N who="2" m="10463" /><F122/><W81/><G81/><T55/><D121/><U68/><E68/><V34/><N who="2" m="1024" /><DORA hai="19" /><V26/><F26/><W125/><G125/><T43/><D24/><U2/><E2/><V124/><F124/><W46/><AGARI ba="0,1" hai="8,13,17,41,46,48,50,53,56,88,89,91,93,94" machi="46" ten="30,7900,0" yaku="1,1,0,1,8,1,54,1,53,0" doraHai="30,19" doraHaiUra="92,16" who="3" fromWho="3" sc="294,-20,420,-39,108,-20,168,89" /><INIT seed="6,0,0,3,2,18" ten="274,381,88,257" oya="2" hai0="64,24,45,15,98,117,60,55,26,19,63,75,53" hai1="4,7,49,84,120,39,85,12,62,135,130,31,129" hai2="28,43,105,115,103,23,0,74,121,127,80,40,6" hai3="82,133,10,116,14,95,52,29,66,44,1,34,13"/><V77/><F121/><W72/><G116/><T122/><D75/><U99/><E39/><V100/><F115/><W16/><G133/><T37/><D122/><U32/><E135/><V78/><F127/><W5/><G66/><T114/><D117/><U110/><E110/><V21/><F28/><W112/><G112/><T123/><D123/><U48/><E120/><V25/><F25/><W93/><G1/><T131/><D131/><N who="1" m="50187" /><E99/><V124/><F124/><W134/><G134/><T9/><D114/><U119/><E119/><V113/><F113/><W71/><G71/><T41/><D98/><U83/><E62/><V91/><F91/><W86/><G72/><T51/><D53/><U50/><E12/><V90/><F90/><N who="3" m="51543" /><G29/><T125/><D63/><U108/><E108/><V81/><F74/><W35/><G35/><T92/><D92/><U118/><E118/><V88/><F88/><W70/><G70/><T47/><D125/><U58/><E58/><AGARI ba="0,0" hai="9,15,19,24,26,37,41,45,47,51,55,58,60,64" machi="58" ten="30,1000,0" yaku="7,1" doraHai="18" who="0" fromWho="1" sc="274,10,381,-10,88,0,257,0" /><INIT seed="7,0,0,2,5,65" ten="284,371,88,257" oya="3" hai0="2,122,95,98,114,37,112,94,42,100,108,44,99" hai1="55,4,90,72,40,125,104,80,130,21,24,75,129" hai2="57,74,6,43,47,121,89,118,59,101,102,109,127" hai3="3,26,85,17,86,60,111,70,7,123,1,134,11"/><W126/><G123/><T45/><D108/><U58/><E104/><V81/><F109/><W28/><G111/><T51/><D2/><U73/><E40/><V135/><F118/><W76/><G134/><T33/><D33/><U61/><E4/><V78/><F127/><W34/><G126/><T128/><D128/><N who="1" m="49259" /><E125/><V30/><F135/><W88/><G1/><T82/><D82/><U68/><E68/><V48/><F121/><W103/><G76/><T133/><D122/><U16/><E90/><V10/><F30/><W20/><G103/><T131/><D131/><U23/><E23/><V14/><F89/><W15/><G88/><T66/><D66/><AGARI ba="0,0" hai="3,7,11,15,17,20,26,28,34,60,66,70,85,86" machi="66" ten="40,7700,0" yaku="24,2,52,1" doraHai="65" who="3" fromWho="0" sc="284,-77,371,0,88,0,257,77" /><INIT seed="7,1,0,1,5,19" ten="207,371,88,334" oya="3" hai0="8,88,13,82,64,126,90,81,127,105,17,47,115" hai1="67,22,108,53,3,101,4,132,92,11,7,119,23" hai2="54,98,134,87,57,128,29,91,118,131,12,18,14" hai3="0,129,99,35,40,122,31,52,107,56,86,89,111"/><W21/><G122/><T93/><D105/><U51/><E108/><V106/><F134/><W114/><G0/><T96/><D115/><U84/><E132/><V9/><F118/><W76/><G35/><T123/><D123/><U38/><E38/><V100/><F29/><W83/><G114/><T45/><D64/><U24/><E7/><V69/><F14/><W112/><G112/><T78/><D90/><U135/><E135/><V75/><F75/><W33/><G33/><T73/><REACH who="0" step="1"/><D82/><REACH who="0" ten="197,371,88,334" step="2"/><U133/><E67/><V36/><F69/><W58/><G111/><T28/><D28/><U77/><E133/><V10/><F36/><W130/><G40/><T34/><D34/><U62/><E119/><V65/><F65/><W104/><G89/><T110/><D110/><U72/><E101/><V41/><F41/><W95/><G95/><T94/><D94/><U48/><E92/><V42/><F42/><W66/><G66/><T109/><D109/><U102/><E102/><V116/><F116/><W60/><G99/><T30/><D30/><U97/><E97/><V85/><F131/><N who="3" m="50187" /><G56/><T68/><D68/><U70/><E70/><V26/><F128/><W20/><G31/><T2/><D2/><U103/><E103/><V55/><F57/><W44/><G44/><AGARI ba="1,1" hai="8,13,17,44,45,47,73,78,81,88,93,96,126,127" machi="44" ten="40,5200,0" yaku="1,1,54,1,53,1" doraHai="19" doraHaiUra="79" who="0" fromWho="3" sc="197,65,371,0,88,0,334,-55" owari="262,-14.0,371,47.0,88,-41.0,279,8.0" /></mjloggm>