<mjloggm ver="2.3"><GO type="169" lobby="0"/><UN n0="%E3%81%BE%E3%82%8B%E3%81%A8%E3%83%BC" n1="%E4%BA%94%E3%81%B2%E3%82%83%E3%81%90%E3%81%88%E3%82%93" n2="%E3%83%88%E3%83%88%E3%83%AA%E5%85%88%E7%94%9F%31%39%E6%AD%B3" n3="%74%6F%6D%75%74%6F%6D%69" dan="16,17,19,16" rate="2118.21,2153.23,2283.60,2089.44" sx="M,M,F,M"/><TAIKYOKU oya="0"/><INIT seed="0,0,0,3,3,36" ten="250,250,250,250" oya="0" hai0="15,19,82,109,105,62,103,21,25,118,30,60,71" hai1="70,122,4,47,106,61,56,35,90,17,120,95,86" hai2="117,64,132,43,31,41,69,124,127,74,76,135,66" hai3="93,131,110,112,121,2,75,39,16,24,28,102,29"/><T104/><D118/><U100/><E70/><V67/><F69/><W51/><G112/><T9/><D109/><U20/><E35/><V73/><F31/><W33/><G75/><N who="2" m="28681" /><F117/><W107/><G2/><T84/><D71/><U115/><E4/><V52/><F52/><W83/><G110/><T42/><D105/><U119/><E119/><V32/><F32/><W40/><G107/><T13/><D13/><U79/><E115/><V38/><F38/><W7/><G7/><T34/><D42/><N who="2" m="15882" /><F76/><W80/><G39/><T125/><D125/><AGARI ba="0,0" hai="64,66,67,124,125,127,132,135" m="15882,28681" machi="125" ten="40,12000,2" yaku="28,2,18,1,52,3" doraHai="36" who="2" fromWho="0" sc="250,-120,250,0,250,120,250,0" /><INIT seed="1,0,0,0,0,84" ten="130,250,370,250" oya="1" hai0="71,115,92,125,69,59,34,24,73,135,12,95,47" hai1="106,132,6,112,57,14,76,5,98,27,116,100,111" hai2="134,25,32,2,37,7,70,28,36,94,74,44,35" hai3="78,79,20,126,50,3,46,86,97,87,19,119,26"/><U82/><E112/><V133/><F74/><W107/><G3/><T55/><D73/><U4/><E116/><V124/><F70/><W80/><G126/><T52/><D125/><U131/><E132/><N who="2" m="50795" /><F124/><W89/><G119/><T39/><D135/><U30/><E131/><V128/><F128/><W18/><G107/><T11/><D115/><U62/><E111/><V38/><F7/><W113/><G113/><T22/><D34/><U129/><E129/><V49/><F2/><W104/><G104/><T40/><D69/><U110/><E110/><V21/><F94/><W121/><G97/><T10/><D71/><U43/><E43/><AGARI ba="0,0" hai="21,25,28,32,35,36,37,38,43,44,49" m="50795" machi="43" ten="40,1300,0" yaku="20,1" doraHai="84" who="2" fromWho="1" sc="130,0,250,-13,370,13,250,0" /><INIT seed="2,0,0,1,1,83" ten="130,237,383,250" oya="2" hai0="27,9,104,89,93,62,102,133,135,23,77,126,103" hai1="26,130,114,28,47,78,12,123,48,97,124,24,57" hai2="81,54,46,134,5,113,15,73,4,59,127,84,72" hai3="44,111,65,58,2,49,45,66,75,105,117,43,128"/><V13/><F113/><W34/><G2/><T69/><D9/><U120/><E124/><V38/><F134/><N who="0" m="51210" /><D126/><U125/><E130/><V106/><F106/><W61/><G34/><T7/><D77/><U96/><E125/><V121/><F127/><W110/><G75/><T98/><D7/><U11/><E114/><V122/><F73/><W64/><G105/><T41/><D41/><U116/><E116/><V132/><F72/><W71/><G128/><T107/><D69/><U118/><E118/><V94/><F94/><W56/><G117/><T101/><D62/><U79/><E57/><N who="3" m="22122" /><G45/><T50/><D50/><U33/><E26/><V60/><F132/><W88/><G88/><T19/><AGARI ba="0,0" hai="19,23,27,89,93,98,101,102,103,104,107" m="51210" machi="19" ten="30,1100,0" yaku="20,1" doraHai="83" who="0" fromWho="0" sc="130,11,237,-3,383,-5,250,-3" /><INIT seed="3,0,0,2,2,51" ten="141,234,378,247" oya="3" hai0="128,71,39,124,12,101,50,93,49,96,63,134,74" hai1="97,109,118,35,30,126,27,15,67,54,108,112,122" hai2="123,92,19,21,42,3,129,132,65,106,100,9,6" hai3="16,8,88,130,52,34,120,98,69,13,62,116,41"/><W102/><G120/><T61/><D74/><U55/><E122/><V117/><F123/><W36/><G116/><T23/><D39/><U89/><E112/><V90/><F117/><W82/><G34/><T31/><D128/><U85/><E118/><V114/><F114/><W46/><G130/><T5/><D134/><U47/><E126/><V57/><F129/><W0/><G0/><T72/><D124/><U113/><E113/><V28/><F132/><W111/><G111/><N who="1" m="42570" /><E97/><V10/><F28/><W29/><G29/><T91/><D72/><U11/><E47/><V77/><F77/><W56/><G69/><T131/><D71/><U25/><E67/><V135/><F135/><W110/><G110/><T2/><D131/><U84/><E27/><V87/><F106/><W14/><G14/><T103/><D2/><U44/><E44/><V73/><F73/><W119/><G119/><T22/><D31/><U99/><E99/><V115/><F115/><W104/><G82/><T127/><D127/><U58/><E58/><V37/><F57/><W125/><G125/><T38/><D38/><U1/><E1/><V78/><F65/><W24/><G24/><T81/><D103/><U79/><E79/><V75/><F100/><W94/><REACH who="3" step="1"/><G104/><REACH who="3" ten="141,234,378,237" step="2"/><T66/><D81/><N who="1" m="49295" /><E85/><V4/><F75/><W107/><G107/><T70/><D12/><U53/><E15/><V64/><F3/><W68/><G68/><T86/><D70/><U105/><E105/><V32/><F32/><W60/><G60/><T80/><D63/><U7/><E7/><V26/><F6/><W20/><G20/><RYUUKYOKU ba="0,1" sc="141,-15,234,15,378,-15,237,15" hai1="11,25,30,35,53,54,55" hai3="8,13,16,36,41,46,52,56,62,88,94,98,102" /><INIT seed="3,1,1,2,2,105" ten="126,249,363,252" oya="3" hai0="40,67,103,93,56,131,51,81,8,28,135,99,59" hai1="5,44,121,124,75,108,39,132,15,1,107,52,34" hai2="35,10,41,48,43,11,26,76,14,38,25,90,54" hai3="62,73,125,2,117,47,19,82,122,129,42,66,119"/><W36/><G19/><T110/><D110/><U77/><RYUUKYOKU type="yao9" ba="1,1" sc="126,0,249,0,363,0,252,0" hai1="1,5,15,34,39,44,52,75,77,107,108,121,124,132" /><INIT seed="3,2,1,3,3,79" ten="126,249,363,252" oya="3" hai0="38,37,119,36,1,23,85,51,100,74,77,34,67" hai1="49,29,72,111,14,117,24,48,103,112,131,12,78" hai2="19,50,39,8,99,55,42,97,31,101,30,82,66" hai3="46,2,54,91,70,58,11,106,41,35,96,88,63"/><W4/><G35/><T129/><D119/><U0/><E112/><V107/><F66/><W128/><G128/><T53/><D34/><U124/><E0/><V83/><F39/><W92/><G106/><T27/><D1/><U134/><E111/><V135/><F42/><W95/><G70/><T89/><D129/><U56/><E131/><V10/><F135/><W73/><G73/><T127/><D127/><U28/><E134/><V109/><F109/><W60/><G63/><T69/><D100/><U18/><E124/><V47/><F107/><W108/><G108/><T84/><D74/><U71/><E71/><V3/><F3/><W17/><G17/><T115/><D115/><U65/><E103/><V9/><F19/><W133/><G133/><T121/><D121/><U61/><E78/><V45/><F101/><W57/><G57/><T40/><D40/><U110/><E72/><V44/><F55/><W86/><G41/><T118/><D67/><U80/><E110/><V64/><F50/><W94/><G46/><N who="0" m="27895" /><D69/><U75/><E49/><V25/><F64/><W43/><G43/><T13/><D118/><U22/><E48/><V104/><F104/><W116/><G116/><T126/><D126/><U120/><E120/><V122/><F122/><W123/><G123/><T93/><D13/><N who="1" m="5227" /><E117/><V16/><F31/><N who="1" m="11849" /><E75/><V62/><F62/><W68/><G68/><T130/><D130/><U81/><AGARI ba="2,1" hai="18,22,24,56,61,65,80,81" m="11849,5227" machi="81" ten="30,4000,0" yaku="8,1,52,2" doraHai="79" who="1" fromWho="1" sc="126,-12,249,56,363,-12,252,-22" /><INIT seed="4,0,0,3,3,60" ten="114,305,351,230" oya="0" hai0="5,87,69,73,8,96,40,15,52,10,33,115,85" hai1="84,132,104,94,47,72,130,108,83,56,32,26,0" hai2="7,135,122,49,28,9,1,89,119,103,124,98,48" hai3="99,19,88,22,30,134,97,50,45,128,24,68,21"/><T53/><D73/><U133/><E108/><V67/><F122/><W4/><G128/><T101/><D33/><U51/><E104/><V118/><F135/><W86/><G134/><T131/><D131/><U112/><E72/><V77/><F124/><W6/><G68/><T14/><D115/><U102/><E0/><V121/><F121/><W113/><G113/><T44/><D69/><U36/><E130/><V106/><F77/><W109/><G109/><T17/><D87/><U59/><E36/><V3/><F3/><W66/><G66/><T64/><D64/><U38/><E112/><V76/><F76/><W75/><G75/><T57/><D57/><U55/><E38/><V70/><F28/><W105/><G105/><T79/><D85/><U39/><E39/><V11/><F11/><W65/><G65/><T71/><D71/><U92/><E133/><V61/><REACH who="2" step="1"/><F89/><REACH who="2" ten="114,305,341,230" step="2"/><W111/><G111/><T35/><D79/><U12/><E132/><V114/><F114/><W81/><G30/><T16/><D35/><U43/><E32/><V93/><F93/><W91/><G22/><T80/><D80/><U123/><E94/><V18/><F18/><W127/><G127/><T62/><D5/><U82/><E92/><V126/><F126/><W125/><G125/><T54/><D101/><U107/><E102/><V117/><AGARI ba="0,1" hai="1,7,9,48,49,61,67,70,98,103,106,117,118,119" machi="117" ten="30,7900,0" yaku="1,1,0,1,12,1,52,1,53,0" doraHai="60" doraHaiUra="129" who="2" fromWho="2" sc="114,-39,305,-20,341,89,230,-20" /><INIT seed="5,0,0,3,1,133" ten="75,285,430,210" oya="1" hai0="65,80,74,113,124,112,46,116,58,109,67,94,75" hai1="62,37,91,126,69,1,30,3,31,29,120,111,42" hai2="121,73,129,101,98,52,59,25,17,95,11,130,76" hai3="60,83,86,43,16,117,92,131,47,21,35,19,6"/><U38/><E120/><V115/><F121/><W102/><G131/><N who="2" m="50185" /><F115/><N who="0" m="44106" /><D116/><U87/><E111/><V4/><F76/><W103/><G35/><T93/><D109/><U89/><E42/><V118/><F73/><N who="0" m="27658" /><D46/><U104/><E104/><V66/><F66/><N who="0" m="25098" /><D80/><U127/><E69/><V7/><F118/><W72/><G72/><T54/><D58/><U18/><E62/><N who="2" m="36199" /><F11/><W2/><G117/><T41/><D54/><U88/><E87/><V106/><F106/><W51/><G60/><T45/><D124/><N who="1" m="47659" /><E18/><V135/><F135/><W57/><G57/><T125/><D125/><U85/><E85/><V34/><F17/><W107/><G19/><T110/><D110/><U70/><E70/><V96/><F96/><W100/><G16/><T22/><D22/><U99/><E99/><V8/><F8/><W28/><G21/><T23/><D23/><U9/><E9/><V90/><F34/><W53/><G86/><T79/><D79/><U40/><E40/><V68/><F68/><W108/><G43/><T128/><D128/><U105/><E105/><V134/><F134/><W49/><G107/><T84/><D84/><U39/><AGARI ba="0,0" hai="1,3,29,30,31,37,38,39,88,89,91" m="47659" machi="39" ten="50,24000,3" yaku="29,2,28,2,18,1,52,3,54,1" doraHai="133" who="1" fromWho="1" sc="75,-80,285,240,430,-80,210,-80" owari="-5,-51.0,525,63.0,350,15.0,130,-27.0" /></mjloggm>