<mjloggm ver="2.3"><GO type="169" lobby="0"/><UN n0="%E7%B5%B6%E5%AF%BE%E4%B8%8D%E5%8F%AF%E4%BE%B5%E9%A0%98%E5%9F%9F" n1="%4A%6F%75%72%6E%65%79" n2="%E6%84%9B%E3%81%A8%E5%B9%B3%E5%92%8C%E3%81%A8%E5%83%95" n3="%E3%82%A6%E3%83%AB%E3%83%88%E3%83%A9%E7%AB%8B%E7%9B%B4" dan="16,16,17,18" rate="2116.54,2107.28,2148.85,2248.19" sx="M,M,M,M"/><TAIKYOKU oya="0"/><INIT seed="0,0,0,5,2,52" ten="250,250,250,250" oya="0" hai0="13,72,5,101,25,12,22,83,103,21,1,42,35" hai1="80,129,123,82,102,125,118,67,79,29,51,105,85" hai2="109,111,36,135,110,130,11,63,6,32,10,59,87" hai3="95,108,97,90,94,98,47,92,31,19,112,50,62"/><T113/><D113/><U91/><E51/><V16/><F32/><W46/><G112/><T26/><D42/><U84/><E67/><V81/><F135/><W114/><G114/><T3/><D83/><N who="1" m="49599" /><E29/><V116/><F130/><W18/><G108/><T96/><D96/><N who="1" m="61639" /><E118/><V48/><F36/><W76/><G76/><T55/><D55/><U60/><E60/><V107/><F107/><W99/><G31/><T121/><D121/><U33/><E33/><V9/><F116/><W104/><G104/><T68/><D35/><U54/><E54/><N who="2" m="34295" /><F48/><W65/><G90/><T37/><D37/><U73/><E123/><V24/><F6/><W23/><G50/><T75/><REACH who="0" step="1"/><D5/><REACH who="0" ten="240,250,250,250" step="2"/><U17/><E129/><V49/><F49/><W38/><G38/><T53/><D53/><U131/><E131/><V88/><F9/><W44/><REACH who="3" step="1"/><G23/><AGARI ba="0,1" hai="10,11,16,23,24,81,87,88,109,110,111" m="34295" machi="23" ten="30,7700,0" yaku="14,1,52,1,54,2" doraHai="52" who="2" fromWho="3" sc="240,0,250,0,250,87,250,-77" /><INIT seed="1,0,0,3,5,27" ten="240,250,337,173" oya="1" hai0="112,49,123,33,6,84,9,45,67,48,63,36,28" hai1="70,72,42,134,26,74,23,19,114,89,108,59,92" hai2="127,73,129,2,58,85,133,120,52,118,93,86,8" hai3="68,132,11,69,60,109,30,117,107,62,96,135,126"/><U24/><E114/><V105/><F120/><W76/><G76/><T97/><D112/><U121/><E121/><V125/><F118/><W25/><G117/><T116/><D116/><U1/><E70/><V100/><F73/><W47/><G11/><T88/><D123/><U103/><E1/><V90/><F133/><N who="3" m="51275" /><G109/><T18/><D18/><U21/><E134/><V22/><F129/><W31/><G126/><N who="2" m="48137" /><F105/><W53/><G25/><T40/><D97/><U10/><E108/><V20/><F100/><N who="3" m="62855" /><G60/><T119/><D119/><U29/><E103/><V111/><F111/><W15/><G15/><T51/><D33/><U14/><E42/><V66/><F86/><W57/><G47/><T128/><D28/><AGARI ba="0,0" hai="28,30,31,53,57,62,68,69" m="62855,51275" machi="28" ten="30,7700,0" yaku="20,1,52,3" doraHai="27" who="3" fromWho="0" sc="240,-77,250,0,337,0,173,77" /><INIT seed="2,0,0,4,5,85" ten="163,250,337,250" oya="2" hai0="135,6,86,109,84,20,102,98,27,60,106,78,75" hai1="101,7,91,81,129,119,54,41,108,30,3,107,42" hai2="131,96,56,121,15,62,103,36,57,17,39,65,73" hai3="38,116,71,124,48,74,2,28,40,104,115,55,88"/><V44/><F121/><W112/><G104/><T0/><D109/><U47/><E119/><V133/><F73/><W122/><G74/><T5/><D135/><U13/><E108/><V132/><F131/><W93/><G116/><T8/><D6/><U130/><E3/><V45/><F57/><W34/><G2/><T24/><D24/><U134/><E134/><N who="2" m="51819" /><F39/><W52/><G71/><T12/><D0/><U68/><E68/><V66/><F66/><W69/><G69/><T76/><D60/><U99/><E30/><V31/><F31/><W33/><G122/><T43/><D43/><U46/><E7/><V64/><F64/><W35/><G38/><T22/><D22/><U19/><E46/><V18/><F36/><W72/><G72/><T51/><D51/><N who="1" m="29055" /><E130/><V97/><F97/><W53/><G35/><T110/><D110/><U87/><E129/><V14/><F14/><W10/><G34/><T95/><D75/><U49/><E49/><V80/><F18/><W4/><G33/><T58/><D58/><U120/><E120/><V111/><F111/><W32/><G32/><T23/><D23/><U94/><E107/><N who="2" m="63975" /><F45/><W67/><G115/><T125/><D20/><AGARI ba="0,0" hai="13,19,20,41,42,81,87,91,94,99,101" m="29055" machi="20" ten="30,2000,0" yaku="8,1,52,1" doraHai="85" who="1" fromWho="0" sc="163,-20,250,20,337,0,250,0" /><INIT seed="3,0,0,1,0,96" ten="143,270,337,250" oya="3" hai0="9,114,61,40,5,85,111,122,10,129,48,73,79" hai1="28,89,70,94,131,16,104,1,2,91,60,93,109" hai2="63,125,128,98,49,7,83,80,120,29,59,135,82" hai3="25,119,68,116,22,123,64,67,71,55,17,78,95"/><W101/><G123/><T41/><D122/><U0/><E104/><V6/><F120/><W34/><G34/><T65/><D73/><U21/><E109/><V90/><F125/><W107/><G107/><T31/><D111/><U66/><E28/><V24/><F128/><W132/><G132/><T105/><D129/><U43/><E43/><V97/><F135/><W86/><G71/><T110/><D105/><U37/><E37/><V121/><F49/><W13/><G119/><T99/><D31/><U51/><E51/><V126/><F126/><W42/><G116/><T20/><D110/><U35/><E35/><V74/><F74/><W102/><G42/><T112/><D20/><U15/><REACH who="1" step="1"/><E131/><REACH who="1" ten="143,260,337,250" step="2"/><V134/><F121/><W26/><G68/><T54/><D41/><U47/><E47/><V30/><F30/><W56/><G26/><T38/><D40/><U18/><E18/><V72/><F29/><W45/><G25/><T130/><D38/><U100/><E100/><N who="3" m="38506" /><G45/><T11/><D130/><U92/><AGARI ba="0,1" hai="0,1,2,15,16,21,60,66,70,89,91,92,93,94" machi="92" ten="40,5200,0" yaku="1,1,0,1,54,1,53,0" doraHai="96" doraHaiUra="3" who="1" fromWho="1" sc="143,-13,260,62,337,-13,250,-26" /><INIT seed="4,0,0,1,3,105" ten="130,322,324,224" oya="0" hai0="97,75,59,6,73,72,66,86,10,84,36,88,100" hai1="2,111,95,107,103,81,126,80,21,47,85,79,68" hai2="33,46,16,133,8,106,104,76,70,12,125,38,26" hai3="63,49,22,31,112,57,39,117,93,78,5,29,116"/><T50/><D36/><U69/><E2/><V35/><F70/><W110/><G39/><T98/><D86/><U43/><E111/><V17/><F133/><W9/><G110/><T1/><D100/><U4/><E4/><V115/><F115/><W91/><G49/><T34/><D34/><U74/><E126/><V41/><F125/><W131/><G112/><T42/><D66/><U44/><E44/><V130/><F130/><W3/><G78/><T94/><REACH who="0" step="1"/><D42/><REACH who="0" ten="120,322,324,224" step="2"/><U27/><E103/><V127/><F127/><W14/><G131/><T120/><D120/><U24/><E85/><V65/><F65/><W109/><G109/><T99/><D99/><U77/><E43/><V113/><F113/><W51/><G117/><T37/><D37/><U60/><E107/><V28/><F35/><W123/><G116/><T62/><D62/><U7/><E60/><V87/><F106/><W67/><G123/><T96/><D96/><U128/><E128/><V82/><F104/><W61/><G61/><T54/><AGARI ba="0,1" hai="1,6,10,50,54,59,72,73,75,84,88,94,97,98" machi="54" ten="40,18000,2" yaku="1,1,0,1,52,3,54,1,53,0" doraHai="105" doraHaiUra="13" who="0" fromWho="0" sc="120,190,322,-60,324,-60,224,-60" /><INIT seed="4,1,0,2,0,18" ten="310,262,264,164" oya="0" hai0="34,84,21,130,115,79,91,100,41,118,80,133,124" hai1="20,103,22,30,38,37,4,98,88,44,76,62,101" hai2="89,95,66,86,81,1,46,67,57,112,120,63,68" hai3="116,55,26,24,106,87,135,107,108,82,73,35,92"/><T125/><D34/><U128/><E76/><V75/><F120/><W90/><G108/><T47/><D118/><U96/><E30/><V110/><F110/><W54/><G116/><T10/><D115/><U129/><E4/><V8/><F112/><W25/><G35/><T32/><D32/><U60/><E44/><V45/><F75/><W132/><G73/><T85/><D130/><U127/><REACH who="1" step="1"/><E88/><REACH who="1" ten="310,252,264,164" step="2"/><V74/><F74/><W109/><G109/><T48/><D133/><N who="3" m="51273" /><G82/><T36/><D100/><U13/><E13/><V52/><F81/><W23/><G23/><T122/><D21/><U43/><E43/><V99/><F1/><W77/><G77/><T69/><D79/><U51/><E51/><V61/><F8/><W27/><G27/><T59/><D10/><U49/><E49/><V131/><F131/><W7/><G7/><T5/><D5/><U105/><E105/><AGARI ba="1,1" hai="24,25,26,54,55,87,90,92,105,106,107" m="51273" machi="105" ten="40,1300,0" yaku="20,1" doraHai="18" who="3" fromWho="1" sc="310,0,252,-16,264,0,164,26" /><INIT seed="5,0,0,2,3,117" ten="310,236,264,190" oya="1" hai0="26,48,121,61,35,108,77,37,49,32,29,56,27" hai1="110,96,76,120,69,6,82,84,127,114,128,53,0" hai2="12,17,18,64,9,33,1,113,50,28,102,79,104" hai3="60,45,83,93,42,3,39,47,71,103,75,100,5"/><U106/><E120/><V105/><F1/><W74/><G47/><T124/><D37/><U101/><E114/><V94/><F113/><W95/><G93/><T118/><D118/><U66/><E128/><V8/><F79/><W107/><G95/><T10/><D108/><U34/><E34/><V122/><F122/><W15/><G15/><T88/><D77/><U22/><E110/><V130/><F64/><N who="3" m="41351" /><G100/><T91/><D121/><U78/><E127/><V112/><F112/><W81/><G81/><T129/><D129/><U52/><E76/><V57/><F130/><W44/><G44/><T80/><D124/><U111/><E111/><V54/><F28/><W123/><G83/><T62/><D80/><U89/><E78/><V116/><F33/><W86/><G86/><T70/><D56/><U55/><E22/><V38/><F38/><W59/><G59/><T46/><D46/><U87/><E87/><V40/><F40/><W109/><G109/><T67/><D67/><U63/><REACH who="1" step="1"/><E55/><REACH who="1" ten="310,226,264,190" step="2"/><V31/><F116/><W132/><G123/><T23/><D23/><U65/><E65/><V25/><F9/><AGARI ba="0,1" hai="0,6,9,52,53,63,66,69,82,84,89,96,101,106" machi="9" ten="40,7700,0" yaku="1,1,54,1,53,1" doraHai="117" doraHaiUra="99" who="1" fromWho="2" sc="310,0,226,87,264,-77,190,0" /><INIT seed="5,1,0,0,4,117" ten="310,313,187,190" oya="1" hai0="125,99,6,10,7,122,49,132,15,98,37,11,14" hai1="101,31,30,85,130,90,1,72,40,4,105,93,66" hai2="91,84,108,57,32,68,50,119,54,25,22,45,126" hai3="12,112,2,121,18,71,92,46,82,123,39,131,53"/><U88/><E88/><V100/><BYE who="1" /><F119/><W33/><G2/><T38/><D125/><U8/><E8/><V86/><F126/><W89/><G71/><T75/><D75/><U110/><E110/><V113/><F108/><W34/><G82/><UN n1="%4A%6F%75%72%6E%65%79" /><T77/><D77/><U17/><E72/><V97/><F113/><W29/><G131/><T87/><D87/><U64/><E130/><V127/><F68/><W20/><G112/><T63/><D49/><U74/><E74/><V44/><F32/><W78/><G78/><T118/><D118/><U116/><E116/><V80/><F127/><W26/><G34/><T134/><D63/><U133/><E133/><V120/><F86/><W0/><G0/><T79/><D79/><U51/><E4/><V128/><F128/><W28/><G28/><T95/><D95/><U16/><E1/><V19/><REACH who="2" step="1"/><F120/><AGARI ba="1,0" hai="6,7,10,11,14,15,37,38,98,99,120,122,132,134" machi="120" ten="25,6400,0" yaku="22,2,52,2" doraHai="117" who="0" fromWho="2" sc="310,67,313,0,187,-67,190,0" /><INIT seed="6,0,0,5,2,59" ten="377,313,120,190" oya="2" hai0="101,8,95,61,63,7,33,72,108,5,47,120,49" hai1="87,6,85,20,93,133,135,51,10,40,111,131,30" hai2="106,24,13,130,99,94,82,23,118,57,75,42,37" hai3="4,3,31,55,117,123,67,46,27,128,14,79,54"/><V100/><F118/><W64/><G117/><T29/><D72/><U53/><E111/><V109/><F109/><W107/><G123/><T34/><D108/><U76/><E40/><V124/><F124/><W91/><G107/><T73/><D73/><U39/><E39/><V11/><F130/><W48/><G3/><T121/><D29/><U19/><E30/><V74/><F106/><W103/><G103/><T22/><D22/><U89/><E131/><V90/><F42/><W77/><G55/><T0/><D0/><U52/><E76/><N who="3" m="29258" /><G128/><T83/><D83/><U15/><E85/><V50/><F37/><W70/><G70/><T32/><D121/><U97/><E97/><V126/><F126/><W114/><G114/><T21/><D21/><U104/><E104/><V25/><F75/><W78/><G78/><T36/><D36/><U116/><E116/><V45/><F74/><W112/><G112/><T18/><D120/><U2/><REACH who="1" step="1"/><E53/><REACH who="1" ten="377,303,120,190" step="2"/><N who="2" m="29903" /><F82/><W38/><G38/><T105/><D105/><U17/><E17/><V129/><F11/><W41/><G41/><N who="0" m="24815" /><D34/><U43/><E43/><V96/><F129/><W92/><G54/><T122/><D33/><U65/><E65/><V102/><F57/><AGARI ba="0,1" hai="2,6,10,15,19,20,51,52,57,87,89,93,133,135" machi="57" ten="40,8000,1" yaku="1,1,25,2,54,1,53,1" doraHai="59" doraHaiUra="88" who="1" fromWho="2" sc="377,0,303,90,120,-80,190,0" /><INIT seed="7,0,0,3,1,48" ten="377,393,40,190" oya="3" hai0="94,134,86,74,11,2,46,14,88,75,108,22,122" hai1="83,19,93,32,109,56,87,60,110,116,98,12,13" hai2="66,118,39,34,79,81,131,55,69,111,73,62,72" hai3="51,17,40,3,43,112,63,115,76,9,135,95,58"/><W70/><G70/><T44/><D108/><U96/><E32/><V130/><F111/><W26/><G76/><T1/><D122/><U99/><E93/><V68/><F118/><W91/><G135/><T31/><D134/><U54/><E116/><V64/><F39/><W52/><G3/><T117/><D117/><U103/><E103/><V126/><F34/><W121/><G121/><T15/><D2/><U85/><E13/><V50/><F126/><W127/><G127/><T90/><D1/><U67/><E87/><V92/><F92/><W125/><G125/><T84/><D75/><U78/><REACH who="1" step="1"/><E67/><REACH who="1" ten="377,383,40,190" step="2"/><V4/><F73/><W89/><G89/><T20/><D74/><U42/><E42/><V23/><F66/><W6/><G6/><N who="0" m="3447" /><D15/><U10/><AGARI ba="0,1" hai="10,12,19,54,56,60,78,83,85,96,98,99,109,110" machi="10" ten="30,4000,0" yaku="1,1,0,1,52,1,53,0" doraHai="48" doraHaiUra="107" who="1" fromWho="1" sc="377,-10,383,50,40,-10,190,-20" owari="367,17.0,433,53.0,30,-47.0,170,-23.0" /></mjloggm>