<mjloggm ver="2.3"><GO type="169" lobby="0"/><UN n0="%6E%61%6F%7A%6F" n1="%66%69%67%68%74%65%72%73" n2="%E3%83%88%E3%83%88%E3%83%AA%E5%85%88%E7%94%9F%31%39%E6%AD%B3" n3="%E9%B3%B3%E5%BC%A5" dan="16,16,19,16" rate="2068.67,2095.60,2295.64,2121.84" sx="M,M,F,M"/><TAIKYOKU oya="0"/><INIT seed="0,0,0,5,0,35" ten="250,250,250,250" oya="0" hai0="52,12,20,122,40,86,51,104,54,33,113,11,9" hai1="98,118,53,0,22,96,93,74,61,80,77,5,103" hai2="34,126,36,64,28,48,49,90,76,7,102,72,106" hai3="127,6,131,31,60,105,45,23,32,123,99,2,67"/><T117/><D104/><U17/><E118/><V114/><F114/><W88/><G131/><T100/><D33/><U95/><E5/><V128/><F36/><W119/><G119/><T39/><D39/><U18/><E0/><V83/><F128/><W69/><G127/><T55/><D117/><U116/><E116/><V81/><F126/><W68/><G23/><T59/><D113/><U10/><E61/><V1/><F64/><W66/><G45/><N who="0" m="26023" /><D100/><U73/><E53/><N who="0" m="20585" /><D122/><U58/><E58/><V112/><F112/><W8/><G105/><T24/><D86/><U85/><E10/><V79/><F102/><W43/><G43/><T135/><D12/><U129/><E129/><V63/><F106/><W87/><G99/><T4/><D135/><U75/><E22/><V21/><F34/><W15/><G15/><T3/><D4/><U26/><REACH who="1" step="1"/><E26/><REACH who="1" ten="250,240,250,250" step="2"/><V107/><F7/><W92/><G123/><T109/><D3/><U27/><E27/><V19/><F1/><W91/><G32/><T42/><D42/><U50/><E50/><V134/><F49/><W57/><G67/><T78/><D109/><U84/><E84/><V111/><F111/><W97/><REACH who="3" step="1"/><G31/><REACH who="3" ten="250,240,250,240" step="2"/><N who="0" m="17799" /><D78/><U125/><E125/><V108/><F76/><W121/><G121/><T82/><D11/><U124/><E124/><V132/><F79/><W47/><G47/><T89/><D9/><U44/><E44/><V133/><F134/><W29/><G29/><T120/><D120/><U30/><E30/><V115/><F133/><W13/><G13/><T65/><D65/><U46/><E46/><V16/><F132/><RYUUKYOKU ba="0,2" sc="250,-15,240,15,250,-15,240,15" hai1="17,18,73,74,75,77,80,85,93,95,96,98,103" hai3="2,6,8,57,60,66,68,69,87,88,91,92,97" /><INIT seed="1,1,2,1,3,93" ten="235,255,235,255" oya="1" hai0="100,132,53,107,37,130,41,62,104,49,92,106,68" hai1="48,61,95,4,73,6,84,0,82,101,1,108,55" hai2="11,103,22,119,44,42,50,35,57,28,8,134,79" hai3="110,46,94,133,33,64,36,89,21,97,112,69,86"/><U118/><E118/><V122/><F119/><W9/><G33/><T32/><D32/><U34/><E34/><V102/><F35/><W30/><G112/><T19/><D132/><U91/><E108/><V109/><F122/><W54/><G110/><T24/><D130/><U88/><E1/><V66/><F109/><W39/><G9/><N who="2" m="3657" /><F79/><W125/><G125/><T31/><D19/><U23/><E0/><V111/><F134/><W81/><G133/><T38/><D38/><U63/><E101/><N who="2" m="38411" /><F111/><W127/><G127/><T80/><D80/><U117/><E23/><V25/><F57/><W67/><G69/><T45/><D24/><U72/><E72/><V12/><F66/><W26/><G39/><T20/><D20/><U114/><E114/><V99/><F99/><W13/><G13/><AGARI ba="1,2" hai="12,13,22,25,28,42,44,50" m="38411,3657" machi="13" ten="30,1000,0" yaku="8,1" doraHai="93" who="2" fromWho="3" sc="235,0,255,0,235,33,255,-13" /><INIT seed="2,0,0,1,2,112" ten="235,255,268,242" oya="2" hai0="34,63,8,30,24,41,39,66,60,88,14,91,20" hai1="17,77,22,87,27,32,121,108,125,78,57,53,128" hai2="7,54,130,86,133,1,26,129,70,114,73,0,19" hai3="50,113,65,55,67,115,117,37,6,47,52,134,18"/><V98/><F114/><N who="3" m="43531" /><G6/><T127/><D127/><U89/><E125/><V120/><F120/><W96/><G96/><T29/><D63/><U81/><E128/><N who="2" m="49259" /><F73/><W124/><G18/><T76/><D76/><U104/><E108/><V51/><F70/><W85/><G85/><T131/><D131/><U74/><E32/><V5/><F133/><W102/><G102/><T119/><D119/><U33/><E33/><V116/><F116/><W93/><G93/><T84/><D41/><U64/><E104/><V123/><F123/><W4/><G4/><N who="2" m="1609" /><F98/><W111/><G111/><T43/><D43/><U48/><E121/><V49/><F86/><W71/><G124/><T42/><D42/><U126/><E126/><V12/><F26/><W82/><G82/><T83/><D39/><U106/><E106/><V69/><F69/><W59/><G134/><T122/><D122/><U62/><REACH who="1" step="1"/><E74/><REACH who="1" ten="235,245,268,242" step="2"/><V35/><F35/><W80/><G117/><T23/><D34/><U132/><E132/><V90/><F1/><W110/><G110/><T79/><D30/><U36/><E36/><V44/><F0/><W56/><G37/><T13/><D13/><U109/><E109/><V46/><F12/><W15/><G15/><T92/><D14/><U11/><E11/><V40/><F19/><W16/><G16/><T28/><D8/><U61/><E61/><V25/><F25/><W2/><G2/><T9/><D9/><U31/><E31/><V94/><F94/><W95/><G95/><T68/><D92/><U10/><E10/><V38/><F38/><W21/><G80/><T100/><D100/><RYUUKYOKU ba="0,1" sc="235,10,245,10,268,10,242,-30" hai0="20,23,24,28,29,60,66,68,79,83,84,88,91" hai1="17,22,27,48,53,57,62,64,77,78,81,87,89" hai2="40,44,46,49,51,54,90" /><INIT seed="2,1,1,4,1,88" ten="245,255,278,212" oya="2" hai0="100,12,82,112,97,24,51,36,13,21,23,83,56" hai1="40,76,20,27,75,15,122,95,102,106,71,105,86" hai2="120,92,25,29,135,54,85,77,113,52,44,99,14" hai3="45,48,81,5,31,41,22,50,94,91,70,19,73"/><V78/><F113/><W74/><G70/><T18/><D36/><U119/><E71/><V2/><F2/><W101/><G5/><T28/><D112/><U33/><E119/><V134/><F120/><W133/><G133/><N who="2" m="50697" /><F14/><W53/><G31/><T61/><D51/><U103/><E40/><V11/><F11/><W9/><G9/><T38/><D38/><U62/><E15/><V111/><F111/><W116/><G116/><T84/><D84/><U46/><E46/><V98/><F98/><W58/><G101/><N who="1" m="38410" /><E62/><V125/><F125/><W69/><G69/><T72/><D72/><U4/><E20/><N who="2" m="15527" /><F85/><W59/><G59/><T34/><D13/><U26/><E4/><V7/><F7/><W80/><G74/><T90/><D90/><N who="1" m="53719" /><E27/><V16/><F16/><W63/><G73/><T37/><D37/><U108/><E26/><V132/><F132/><W129/><G129/><T67/><REACH who="0" step="1"/><D34/><REACH who="0" ten="235,255,278,212" step="2"/><U89/><E33/><V47/><F77/><W3/><G3/><T93/><AGARI ba="1,2" hai="12,18,21,23,24,28,56,61,67,82,83,93,97,100" machi="93" ten="20,16000,3" yaku="1,1,2,1,0,1,7,1,25,2,8,1,52,1,53,0" doraHai="88" doraHaiUra="65" who="0" fromWho="0" sc="235,183,255,-41,278,-81,212,-41" /><INIT seed="3,0,0,0,1,18" ten="418,214,197,171" oya="3" hai0="87,65,76,20,34,50,107,25,104,71,85,97,133" hai1="15,13,54,112,1,94,40,35,21,86,31,106,61" hai2="0,32,135,102,60,129,47,52,126,66,88,119,123" hai3="100,27,56,8,96,109,38,64,78,113,83,22,33"/><W115/><G38/><T79/><D133/><U111/><E112/><V16/><F119/><W45/><G33/><T23/><D34/><U4/><E106/><N who="0" m="40489" /><D97/><U53/><E40/><V44/><F32/><W36/><G36/><T127/><D25/><N who="1" m="18927" /><E61/><V19/><F0/><W28/><G45/><N who="2" m="17481" /><F102/><W82/><G8/><T114/><D50/><U89/><E111/><V92/><F129/><W72/><G83/><T14/><D14/><U49/><E15/><V80/><F126/><W29/><G29/><T30/><D30/><U131/><E131/><V105/><F105/><W120/><G120/><T37/><D37/><U5/><E53/><V75/><F75/><W101/><G109/><T10/><D10/><N who="1" m="2319" /><E5/><V110/><F135/><W17/><G17/><N who="2" m="6729" /><F123/><W124/><G124/><T81/><D127/><U103/><E103/><V125/><F125/><W9/><G9/><T46/><D46/><U93/><E13/><V58/><F110/><W95/><G101/><T98/><D81/><U55/><E49/><V41/><F80/><W130/><G130/><T43/><D43/><U57/><E57/><V6/><F6/><W39/><G39/><T24/><D24/><U91/><E94/><V68/><F68/><W118/><G118/><T128/><D128/><U26/><E91/><V70/><F70/><W90/><G90/><T74/><D74/><U67/><E67/><V2/><F2/><W11/><G11/><T73/><D73/><U99/><E99/><N who="2" m="57735" /><F41/><W63/><AGARI ba="0,0" hai="22,27,28,56,63,64,72,78,82,95,96,100,113,115" machi="63" ten="30,11700,0" yaku="0,1,25,2,52,1" doraHai="18" who="3" fromWho="3" sc="418,-39,214,-39,197,-39,171,117" /><INIT seed="3,1,0,5,3,113" ten="379,175,158,288" oya="3" hai0="34,119,124,18,114,68,81,116,70,82,92,74,96" hai1="30,36,60,101,94,65,2,33,127,85,125,45,11" hai2="26,99,106,118,75,57,51,44,12,86,16,123,4" hai3="38,88,6,89,14,103,43,29,71,67,13,46,7"/><W112/><G112/><T131/><D34/><U61/><E2/><V73/><F118/><N who="0" m="45098" /><D18/><U0/><E85/><V53/><F123/><W130/><G103/><N who="0" m="60807" /><D68/><U133/><E94/><V1/><F86/><W32/><G29/><T41/><D70/><U20/><E20/><V72/><F26/><W69/><G32/><T42/><D41/><N who="1" m="22695" /><E101/><V28/><F28/><W115/><G115/><T35/><D42/><U48/><E61/><V100/><F1/><W80/><G6/><T132/><D35/><U98/><E98/><V10/><REACH who="2" step="1"/><F44/><REACH who="2" ten="379,175,148,288" step="2"/><W5/><G46/><T107/><D114/><U97/><E0/><V78/><F78/><W21/><G14/><T122/><D122/><U17/><E30/><V37/><F37/><W9/><G13/><T62/><D74/><U23/><E33/><V50/><F50/><W31/><G38/><T117/><D117/><U8/><E48/><V40/><F40/><W52/><G43/><T102/><D62/><U59/><E8/><V90/><F90/><W110/><G31/><T105/><D102/><U54/><E11/><V84/><F84/><W25/><G89/><T63/><D63/><U27/><E97/><V22/><F22/><W104/><G88/><T77/><D77/><U120/><E120/><V111/><F111/><W126/><G9/><T109/><D109/><U15/><E27/><V58/><F58/><W24/><G21/><T49/><D49/><U66/><E23/><V76/><F76/><W47/><G25/><T134/><D82/><U79/><E79/><V3/><F3/><W108/><G24/><T64/><D81/><RYUUKYOKU ba="1,1" sc="379,-10,175,-10,148,30,288,-10" hai2="4,10,12,16,51,53,57,72,73,75,99,100,106" /><INIT seed="4,2,1,4,2,52" ten="369,165,178,278" oya="0" hai0="89,51,54,70,97,113,121,135,10,9,132,17,50" hai1="110,80,36,19,62,124,75,105,112,94,106,29,22" hai2="98,102,7,38,114,2,119,83,133,103,23,32,87" hai3="74,115,65,11,78,5,96,15,4,109,76,127,111"/><T120/><D113/><U72/><E124/><V42/><F32/><W91/><G115/><T64/><D51/><U21/><E36/><V77/><F114/><W48/><G127/><T31/><D31/><U86/><E110/><V95/><F133/><W128/><G128/><T107/><D64/><U100/><E112/><V71/><F71/><W30/><G30/><T99/><D70/><U20/><E29/><V73/><F119/><W58/><G5/><T33/><D33/><U82/><E62/><V13/><F23/><W92/><G74/><T25/><D107/><U67/><E67/><V45/><F13/><W79/><REACH who="3" step="1"/><G48/><REACH who="3" ten="369,165,178,268" step="2"/><T41/><D132/><U63/><E75/><V16/><F16/><W57/><G57/><T125/><D135/><U134/><E19/><V56/><F56/><W130/><G130/><T85/><D125/><U53/><E72/><V117/><F117/><W61/><AGARI ba="2,2" hai="4,11,15,58,61,65,76,78,79,91,92,96,109,111" machi="61" ten="30,4000,0" yaku="1,1,0,1,52,1,53,0" doraHai="52" doraHaiUra="26" who="3" fromWho="3" sc="369,-22,165,-12,178,-12,268,66" /><INIT seed="5,0,0,1,1,80" ten="347,153,166,334" oya="1" hai0="77,34,38,117,26,70,24,106,122,51,16,11,67" hai1="6,114,118,85,55,87,42,75,36,2,107,66,27" hai2="130,90,89,13,53,109,88,43,10,110,76,7,0" hai3="12,44,39,111,78,5,57,46,128,81,82,132,83"/><U133/><E118/><V33/><F33/><W41/><G111/><T35/><D38/><U104/><E75/><V127/><F130/><W56/><G132/><T71/><D77/><U97/><E66/><V18/><F127/><W112/><G112/><T62/><D106/><U61/><E133/><V95/><F43/><W105/><G105/><T17/><D117/><U52/><E36/><V59/><F76/><W60/><G57/><T121/><D71/><U49/><E2/><V1/><F1/><W22/><G46/><T21/><D51/><U84/><E6/><V68/><F68/><W96/><G96/><T69/><D69/><U14/><E114/><V48/><REACH who="2" step="1"/><F95/><REACH who="2" ten="347,153,156,334" step="2"/><W79/><G128/><T23/><REACH who="0" step="1"/><D11/><AGARI ba="0,1" hai="0,7,10,11,13,18,48,53,59,88,89,90,109,110" machi="11" ten="40,8000,1" yaku="1,1,2,1,54,1,53,1" doraHai="80" doraHaiUra="45" who="2" fromWho="0" sc="347,-80,153,0,156,90,334,0" /><INIT seed="6,0,0,1,3,44" ten="267,153,246,334" oya="2" hai0="114,34,24,33,115,112,84,99,2,90,134,101,13" hai1="129,17,65,3,77,118,132,70,123,117,37,55,69" hai2="87,38,94,6,131,53,130,18,103,20,88,1,74" hai3="9,25,26,40,57,72,89,98,64,54,73,111,32"/><V39/><F74/><W127/><G40/><T128/><D2/><U58/><E3/><V5/><F103/><W85/><G111/><T96/><D128/><N who="2" m="49194" /><F53/><W75/><G127/><T61/><D134/><U30/><E30/><V51/><F51/><W49/><G98/><N who="0" m="37419" /><D101/><U46/><E17/><V63/><F63/><W29/><G64/><T102/><D102/><U82/><E129/><V104/><F104/><W52/><G54/><T71/><D13/><U91/><E91/><V66/><F66/><W81/><G25/><T60/><D24/><U56/><E132/><V42/><F42/><W0/><G73/><T36/><D36/><N who="2" m="13866" /><F1/><W93/><G93/><N who="0" m="54471" /><D71/><N who="1" m="27147" /><E82/><V67/><F67/><W12/><G0/><T100/><D100/><U83/><E83/><V62/><F62/><AGARI ba="0,0" hai="33,34,60,61,62,112,114,115" m="54471,37419" machi="62" ten="40,1300,0" yaku="15,1" doraHai="44" who="0" fromWho="2" sc="267,13,153,0,246,-13,334,0" /><INIT seed="7,0,0,0,2,69" ten="280,153,233,334" oya="3" hai0="68,0,118,120,133,23,119,17,122,31,64,27,96" hai1="18,22,100,73,67,49,76,131,88,30,3,12,129" hai2="35,42,80,77,45,16,32,41,106,128,66,89,105" hai3="112,60,127,2,90,72,19,65,38,126,104,62,103"/><W43/><G72/><T9/><D96/><U48/><E3/><V46/><F66/><W47/><G2/><T40/><D40/><U14/><E67/><V85/><F128/><W87/><G112/><T44/><D44/><U114/><E100/><V37/><F32/><W134/><G134/><T74/><D74/><U15/><E114/><V98/><F35/><W70/><G60/><T115/><D64/><U4/><E76/><V36/><F16/><W57/><G19/><T132/><D68/><U99/><E73/><V113/><F113/><W108/><G108/><T53/><D53/><U10/><E30/><V71/><F71/><W63/><G63/><T130/><D130/><U124/><E124/><N who="3" m="47658" /><G57/><T13/><D0/><U58/><E131/><V97/><F77/><W78/><G78/><T82/><D82/><U102/><E102/><V84/><F84/><W54/><G54/><T125/><D115/><U83/><E129/><V109/><F109/><W94/><G103/><T110/><D110/><U56/><E14/><V92/><F92/><W1/><G1/><T111/><D125/><U93/><E83/><V24/><F24/><W61/><G61/><T95/><D95/><U135/><E135/><N who="0" m="51785" /><D111/><U86/><E99/><AGARI ba="0,0" hai="36,37,41,42,45,46,80,85,89,97,98,99,105,106" machi="99" ten="40,5200,0" yaku="9,1,52,2" doraHai="69" who="2" fromWho="1" sc="280,0,153,-52,233,52,334,0" owari="280,-12.0,101,-40.0,285,9.0,334,43.0" /></mjloggm>