<mjloggm ver="2.3"><GO type="169" lobby="0"/><UN n0="%E3%82%88%E3%82%8B%E3%81%8C%E3%81%9F" n1="%E3%83%88%E3%83%88%E3%83%AA%E5%85%88%E7%94%9F%31%39%E6%AD%B3" n2="%E5%AE%89%E9%81%94%E3%81%95%E3%81%8F%E3%82%89" n3="%E9%BB%84%E9%BE%8D%E5%85%84%E8%B2%B4" dan="17,19,16,16" rate="2235.66,2302.44,2038.12,2145.82" sx="M,F,M,M"/><TAIKYOKU oya="0"/><INIT seed="0,0,0,3,1,112" ten="250,250,250,250" oya="0" hai0="26,92,119,12,108,59,132,24,30,109,10,62,97" hai1="67,37,82,110,115,25,68,123,47,40,122,89,65" hai2="1,2,120,70,41,104,63,52,84,42,27,15,96" hai3="5,79,13,53,34,32,100,50,111,29,28,114,6"/><T35/><D132/><U54/><E25/><V64/><F120/><N who="1" m="46121" /><E89/><V19/><F1/><W113/><G79/><T117/><D26/><U71/><E82/><V83/><F2/><W98/><G98/><T46/><D46/><N who="1" m="23823" /><E115/><V49/><F27/><W36/><G100/><N who="0" m="60455" /><D12/><U31/><E31/><V88/><F96/><W85/><G13/><T23/><D10/><U95/><E95/><V18/><F104/><W55/><G85/><T17/><D17/><U4/><E110/><N who="0" m="42601" /><D35/><U43/><E54/><AGARI ba="0,0" hai="23,24,30,54,59,62,117,119" m="42601,60455" machi="54" ten="30,11600,0" yaku="14,1,10,1,52,2" doraHai="112" who="0" fromWho="1" sc="250,116,250,-116,250,0,250,0" /><INIT seed="0,1,0,2,2,3" ten="366,134,250,250" oya="0" hai0="12,72,105,0,83,54,81,40,110,43,49,93,86" hai1="125,126,11,52,36,109,55,122,135,22,46,115,79" hai2="87,73,41,82,48,35,14,45,133,80,50,37,31" hai3="66,84,92,4,129,102,7,34,98,70,47,5,42"/><T124/><D105/><U99/><E122/><V121/><F121/><W68/><G34/><T75/><D0/><U85/><E109/><V8/><F133/><W113/><G113/><T17/><D124/><N who="1" m="47723" /><E115/><V107/><F107/><W6/><G129/><T91/><D110/><U103/><E135/><V101/><F101/><W131/><G131/><T74/><D83/><N who="1" m="47359" /><E22/><V71/><F71/><W106/><N who="3" m="1024" /><DORA hai="44" /><W20/><G20/><T90/><D90/><U65/><E65/><V127/><F127/><W53/><G66/><T128/><D128/><U28/><E28/><V111/><F111/><W60/><G106/><T123/><D123/><U100/><E11/><V134/><F134/><W88/><G102/><N who="1" m="38954" /><E99/><V10/><F31/><W21/><G21/><N who="0" m="11431" /><D81/><U30/><E30/><V38/><F35/><W117/><G98/><T95/><D93/><U132/><E132/><V9/><F14/><W16/><G16/><T15/><D15/><U116/><E116/><V97/><F97/><W130/><G130/><T67/><D67/><U19/><E19/><V119/><F119/><W29/><G29/><T112/><D112/><U1/><E1/><V18/><F18/><W120/><G120/><T32/><D32/><U64/><E64/><V39/><F80/><W78/><G117/><T108/><D108/><U27/><E27/><V58/><F73/><W26/><G26/><T96/><D96/><U56/><E56/><AGARI ba="1,0" hai="40,43,49,54,56,72,74,75,86,91,95" m="11431" machi="56" ten="30,2900,0" yaku="25,1,52,1" doraHai="3,44" who="0" fromWho="1" sc="366,32,134,-32,250,0,250,0" /><INIT seed="0,2,0,2,0,71" ten="398,102,250,250" oya="0" hai0="114,121,124,70,3,22,55,33,32,99,74,117,108" hai1="133,21,50,25,86,91,129,38,88,46,2,35,53" hai2="4,56,110,36,134,28,132,57,60,100,96,12,9" hai3="80,59,40,93,89,42,48,106,69,104,120,68,15"/><T11/><RYUUKYOKU type="yao9" ba="2,0" sc="398,0,102,0,250,0,250,0" hai0="3,11,22,32,33,55,70,74,99,108,114,117,121,124" /><INIT seed="0,3,0,1,5,37" ten="398,102,250,250" oya="0" hai0="106,47,135,50,16,111,26,21,9,53,127,98,109" hai1="13,54,80,122,61,126,10,88,114,55,102,86,71" hai2="133,28,92,110,45,82,113,76,103,12,99,38,8" hai3="22,123,40,59,79,49,75,121,29,105,41,1,90"/><T95/><D106/><U64/><E126/><V5/><F113/><W17/><G1/><T25/><D135/><U35/><E122/><V134/><F110/><N who="0" m="41994" /><D127/><U2/><E114/><V83/><F28/><W119/><G119/><T7/><D26/><U70/><E2/><V89/><F103/><W34/><G105/><T87/><D87/><U24/><E71/><V57/><F57/><W115/><G115/><T81/><D81/><U131/><E131/><V101/><F101/><W15/><G75/><T44/><D44/><U30/><REACH who="1" step="1"/><E102/><REACH who="1" ten="398,92,250,250" step="2"/><V91/><F134/><W74/><G121/><T129/><D129/><U14/><E14/><V73/><F133/><W23/><G123/><T85/><D85/><U32/><E32/><V69/><F12/><W58/><G34/><T19/><D98/><U60/><E60/><V20/><F99/><W112/><G112/><T124/><D124/><U0/><E0/><V6/><F73/><W118/><G74/><T62/><D62/><U46/><E46/><V42/><F45/><W52/><G118/><T130/><D130/><U66/><E66/><V117/><F117/><W4/><G15/><N who="0" m="5567" /><D95/><U128/><E128/><V65/><F92/><W93/><G93/><T116/><D116/><U27/><E27/><V43/><F69/><W31/><G58/><T78/><D78/><U104/><E104/><V51/><F76/><W67/><G79/><T100/><D100/><U48/><E48/><V108/><F51/><W94/><G94/><T84/><D84/><U72/><E72/><V33/><F108/><W97/><G97/><T18/><AGARI ba="3,1" hai="16,18,19,21,25,47,50,53" m="5567,41994" machi="18" ten="30,11700,0" yaku="5,1,14,1,10,1,54,1" doraHai="37" who="0" fromWho="0" sc="398,136,92,-42,250,-42,250,-42" /><INIT seed="0,4,0,3,5,1" ten="534,50,208,208" oya="0" hai0="8,111,19,75,13,47,69,40,117,124,135,99,106" hai1="88,3,51,14,29,35,112,85,76,5,84,125,130" hai2="100,60,77,2,59,96,115,67,34,83,105,86,32" hai3="121,71,74,15,63,58,128,95,62,27,132,104,78"/><T72/><D117/><U107/><E3/><V26/><F115/><W21/><G104/><T91/><D135/><U52/><E107/><V129/><F129/><W37/><G37/><T133/><D133/><U114/><E130/><V64/><F2/><W31/><G132/><T33/><D33/><U119/><E119/><V38/><F38/><W48/><G128/><T42/><D69/><U116/><E116/><V108/><F108/><W22/><G121/><T46/><D124/><U90/><E125/><V98/><F67/><W55/><G71/><T94/><D111/><U61/><E61/><V44/><F44/><W10/><G22/><T79/><D106/><U23/><E35/><V20/><REACH who="2" step="1"/><F98/><REACH who="2" ten="534,50,198,208" step="2"/><W6/><REACH who="3" step="1"/><G95/><REACH who="3" ten="534,50,198,198" step="2"/><N who="0" m="56831" /><D75/><U92/><E114/><V131/><F131/><W9/><G9/><T68/><D94/><U53/><E112/><V41/><F41/><W18/><G18/><AGARI ba="4,2" hai="18,20,26,32,34,59,60,64,77,83,86,96,100,105" machi="18" ten="30,2000,0" yaku="1,1,7,1,53,0" doraHai="1" doraHaiUra="134" who="2" fromWho="3" sc="534,0,50,0,198,52,198,-32" /><INIT seed="1,0,0,0,1,21" ten="534,50,250,166" oya="1" hai0="124,17,77,117,73,93,110,43,90,103,35,81,95" hai1="113,2,1,11,87,62,12,52,27,7,70,67,29" hai2="40,58,102,122,104,97,59,133,128,49,54,132,61" hai3="22,129,98,80,30,75,96,0,120,45,111,74,53"/><U101/><E113/><V83/><F122/><W89/><G0/><T127/><D35/><U125/><E125/><N who="0" m="48201" /><D43/><U47/><E87/><V4/><F128/><W72/><G120/><T37/><D37/><U13/><E13/><V130/><F130/><W33/><G33/><T10/><D117/><U34/><REACH who="1" step="1"/><E101/><REACH who="1" ten="534,40,250,166" step="2"/><V18/><F102/><W44/><G129/><T121/><D121/><U5/><E5/><V3/><F4/><W39/><G74/><T107/><D110/><U63/><E63/><V100/><F61/><W20/><G111/><T8/><D107/><U24/><E24/><V116/><F100/><W88/><G75/><T91/><D103/><U60/><E60/><V57/><F104/><W15/><G72/><T79/><D79/><U112/><E112/><V68/><F3/><W38/><G15/><N who="0" m="7399" /><D10/><U23/><E23/><V105/><F105/><W76/><G76/><T119/><D119/><U31/><E31/><V41/><F116/><W64/><G30/><T99/><D99/><U92/><E92/><AGARI ba="0,1" hai="73,77,81,90,91,92,93,95" m="7399,48201" machi="92" ten="30,1000,0" yaku="18,1" doraHai="21" who="0" fromWho="1" sc="534,20,40,-10,250,0,166,0" /><INIT seed="2,0,0,2,4,47" ten="554,30,250,166" oya="2" hai0="42,108,97,99,37,134,95,4,133,92,109,14,38" hai1="2,17,18,127,41,130,16,53,33,54,90,63,101" hai2="22,72,86,67,78,1,121,120,26,21,8,91,43" hai3="114,70,3,7,102,65,55,123,57,34,87,11,118"/><V75/><F22/><W68/><G34/><T66/><D66/><U13/><E2/><V81/><F72/><W15/><G118/><T50/><D4/><U51/><E33/><V71/><F43/><W117/><G117/><T30/><D14/><U84/><E130/><V35/><F35/><W100/><G123/><T36/><D30/><U62/><E127/><V128/><F128/><W0/><G114/><T135/><D50/><U52/><E101/><V28/><F1/><W77/><G3/><T103/><D42/><U24/><E24/><V88/><F8/><W20/><G70/><T39/><N who="0" m="9216" /><DORA hai="112" /><T45/><REACH who="0" step="1"/><D45/><REACH who="0" ten="544,30,250,166" step="2"/><N who="1" m="26031" /><E13/><V113/><F113/><W105/><G0/><T119/><D119/><U49/><E49/><V61/><F120/><W96/><G15/><T27/><D27/><U25/><E25/><V31/><F121/><W124/><G7/><T93/><D93/><AGARI ba="0,1" hai="16,17,18,52,53,54,62,63,84,90,93" m="26031" machi="93" ten="30,7700,0" yaku="8,1,52,1,54,2" doraHai="47,112" who="1" fromWho="0" sc="544,-77,30,87,250,0,166,0" /><INIT seed="3,0,0,2,1,48" ten="467,117,250,166" oya="3" hai0="99,130,91,71,60,19,106,66,107,31,44,103,82" hai1="1,2,90,95,50,14,73,68,34,0,53,9,32" hai2="46,27,15,119,85,104,105,114,28,109,12,62,43" hai3="61,125,3,116,11,41,101,122,59,52,93,64,77"/><W26/><G116/><T113/><D130/><U54/><E73/><V51/><F114/><W135/><G122/><T126/><D126/><U132/><E68/><V21/><F109/><W78/><G125/><T36/><D113/><U57/><E132/><V121/><F119/><W80/><G135/><T8/><D107/><U123/><E123/><V56/><F121/><W37/><G26/><T94/><D82/><U133/><E133/><V67/><F85/><W5/><G64/><T124/><D31/><U33/><E54/><V127/><F127/><W89/><G101/><T86/><D124/><U70/><E70/><V49/><F104/><W58/><G58/><T40/><D19/><U134/><E134/><V25/><F105/><W100/><G100/><T128/><D128/><U24/><E24/><V111/><F111/><W74/><G78/><T42/><D42/><U76/><E76/><V45/><REACH who="2" step="1"/><F25/><REACH who="2" ten="467,117,240,166" step="2"/><W112/><G112/><T81/><D106/><U17/><REACH who="1" step="1"/><E33/><REACH who="1" ten="467,107,240,166" step="2"/><V129/><F129/><W118/><G118/><T47/><D40/><AGARI ba="0,2" hai="12,15,21,27,28,40,43,45,46,49,51,56,62,67" machi="40" ten="30,8000,1" yaku="1,1,7,1,9,1,8,1,53,1" doraHai="48" doraHaiUra="20" who="2" fromWho="0" sc="467,-80,107,0,240,100,166,0" /><INIT seed="4,0,0,2,4,65" ten="387,107,340,166" oya="0" hai0="37,62,109,47,30,82,60,7,72,108,124,6,110" hai1="46,133,38,113,118,129,2,40,97,76,58,4,45" hai2="12,79,77,126,93,70,131,88,0,66,100,128,86" hai3="52,25,123,112,111,33,1,21,73,116,114,27,10"/><T53/><D124/><U89/><E118/><V103/><F0/><W57/><G73/><T102/><D30/><U29/><E129/><N who="2" m="49739" /><F126/><W59/><G116/><T84/><D72/><U69/><E133/><V24/><F24/><W74/><G74/><T106/><D102/><N who="2" m="38954" /><F12/><W71/><G111/><T117/><D106/><U94/><E76/><N who="2" m="29259" /><F66/><W120/><G1/><T41/><D117/><U92/><E29/><V16/><F16/><W119/><G119/><T44/><D44/><U125/><E46/><V5/><F5/><N who="0" m="1546" /><D53/><U135/><E125/><V68/><AGARI ba="0,0" hai="68,70,86,88,93" m="29259,38954,49739" machi="68" ten="40,8000,1" yaku="19,1,52,2,54,1" doraHai="65" who="2" fromWho="2" sc="387,-40,107,-20,340,80,166,-20" /><INIT seed="5,0,0,5,1,46" ten="347,87,420,146" oya="1" hai0="60,73,21,126,24,108,76,35,69,54,103,115,93" hai1="132,39,109,55,124,117,37,5,20,102,91,65,66" hai2="106,135,10,80,127,110,42,28,12,13,90,31,119" hai3="63,70,61,23,71,134,17,47,83,67,6,8,53"/><U98/><E117/><V14/><F110/><W104/><G104/><T45/><D108/><U101/><E109/><V1/><F119/><W32/><G32/><T130/><D126/><U92/><E124/><V36/><F106/><W84/><G134/><T64/><D130/><U99/><E132/><V7/><F127/><W78/><G63/><T19/><D35/><U40/><E5/><V94/><F135/><W121/><G121/><T89/><D103/><U82/><E40/><V41/><F80/><W51/><G61/><T87/><D115/><U118/><E118/><V38/><F41/><W128/><G67/><N who="1" m="25610" /><E39/><V72/><F72/><W68/><G128/><T4/><D4/><U88/><E37/><V86/><F36/><W43/><G53/><T33/><D33/><U11/><E11/><V27/><F27/><W0/><REACH who="3" step="1"/><G68/><REACH who="3" ten="347,87,420,136" step="2"/><T107/><D107/><U15/><E55/><V125/><F125/><W111/><G111/><T58/><D45/><U25/><E101/><V16/><F42/><W34/><G34/><T120/><D120/><U131/><E131/><V49/><F38/><W81/><G81/><T30/><D69/><U77/><E102/><V133/><F133/><W100/><G100/><T59/><D64/><U62/><E62/><V116/><F116/><W97/><G97/><T123/><D123/><U79/><E98/><V113/><F113/><W129/><G129/><T112/><D112/><U95/><E82/><V50/><F94/><W3/><G3/><T122/><D122/><U52/><E95/><V75/><F1/><W18/><G18/><T22/><D19/><RYUUKYOKU ba="0,1" sc="347,-10,87,-10,420,-10,136,30" hai3="0,6,8,17,23,43,47,51,70,71,78,83,84" /><INIT seed="6,1,1,5,3,85" ten="337,77,410,166" oya="2" hai0="66,95,9,125,33,18,65,25,116,39,105,64,58" hai1="4,103,94,90,102,16,131,56,28,38,60,69,133" hai2="53,128,30,112,22,111,14,134,44,41,55,88,10" hai3="115,82,117,31,84,54,130,114,122,45,24,32,42"/><V13/><F112/><W70/><G70/><T81/><D105/><U91/><E38/><V87/><F134/><W79/><G117/><T100/><D39/><U36/><E36/><V76/><F128/><W113/><G130/><T118/><D125/><U51/><E131/><V106/><F106/><W119/><G119/><N who="0" m="45611" /><D81/><U8/><E133/><V107/><F107/><W43/><REACH who="3" step="1"/><G122/><REACH who="3" ten="337,77,410,156" step="2"/><T49/><D33/><U121/><E69/><V52/><F111/><W47/><G47/><T93/><D100/><N who="1" m="38443" /><E121/><V1/><F44/><W7/><G7/><T89/><D95/><U72/><E4/><V124/><F124/><W108/><G108/><T67/><D67/><N who="1" m="39303" /><E94/><V11/><F41/><W77/><G77/><T104/><D104/><U12/><E72/><V132/><F76/><W40/><G40/><T127/><D127/><U99/><E99/><V57/><F132/><W48/><AGARI ba="1,2" hai="24,31,32,42,43,45,48,54,79,82,84,113,114,115" machi="48" ten="40,8000,1" yaku="1,1,0,1,15,1,11,1,53,0" doraHai="85" doraHaiUra="5" who="3" fromWho="3" sc="337,-21,77,-21,410,-41,156,103" /><INIT seed="7,0,0,3,5,108" ten="316,56,369,259" oya="3" hai0="70,61,97,126,88,119,62,105,0,80,90,53,107" hai1="116,96,24,65,59,124,72,110,31,74,98,130,135" hai2="26,39,67,52,27,58,4,30,2,13,132,28,68" hai3="47,127,75,91,50,109,122,33,35,112,71,38,54"/><W3/><RYUUKYOKU type="yao9" ba="0,0" sc="316,0,56,0,369,0,259,0" hai3="3,33,35,38,47,50,54,71,75,91,109,112,122,127" /><INIT seed="7,1,0,4,2,122" ten="316,56,369,259" oya="3" hai0="93,32,58,15,106,76,124,40,57,100,86,27,50" hai1="104,70,61,96,92,116,79,43,135,112,78,60,41" hai2="121,47,107,131,103,75,25,114,42,113,0,12,134" hai3="56,72,87,55,52,20,71,74,17,65,7,46,2"/><W8/><G71/><T88/><D124/><U111/><E92/><V109/><F109/><W19/><G19/><T59/><D76/><U44/><E96/><N who="2" m="61927" /><F121/><W5/><G5/><T118/><D118/><U6/><E6/><V66/><F134/><W102/><G102/><T24/><D106/><U13/><E13/><V67/><F0/><W89/><G46/><T97/><D15/><U130/><E44/><V22/><F12/><W18/><G18/><T34/><D40/><U133/><E70/><V125/><F75/><W16/><G17/><T48/><D34/><U90/><E104/><V95/><F95/><W84/><G84/><T110/><D110/><U30/><E90/><V14/><F14/><W23/><G23/><T39/><D39/><U51/><E51/><V80/><F80/><W108/><G108/><T21/><D32/><U127/><E111/><V54/><F54/><W4/><G4/><T31/><REACH who="0" step="1"/><D27/><REACH who="0" ten="306,56,369,259" step="2"/><U105/><E105/><V38/><F125/><W117/><G117/><T10/><D10/><U36/><E127/><V94/><F131/><W83/><G72/><T26/><D26/><U53/><E130/><V3/><F3/><W123/><G123/><T33/><D33/><U120/><E120/><V101/><F25/><N who="3" m="14471" /><G74/><T68/><D68/><U64/><E116/><V9/><F9/><W128/><G128/><T73/><D73/><U132/><E132/><V85/><F22/><W129/><G129/><T69/><D69/><U49/><E135/><V11/><F11/><W37/><G37/><T119/><D119/><U81/><E133/><V77/><F38/><RYUUKYOKU ba="1,1" sc="306,15,56,-15,369,-15,259,15" hai0="21,24,31,48,50,57,58,59,86,88,93,97,100" hai3="2,7,8,52,55,56,65,83,87,89" /><INIT seed="7,2,1,5,5,133" ten="321,41,354,274" oya="3" hai0="131,88,96,39,8,81,72,10,122,113,48,112,84" hai1="93,119,99,22,21,61,117,80,87,115,70,90,54" hai2="98,116,55,12,29,73,104,9,14,109,26,124,69" hai3="32,2,89,114,65,125,78,76,108,51,5,59,135"/><W38/><G38/><T35/><D122/><U91/><E61/><V46/><F109/><W49/><G32/><T95/><D72/><U41/><E41/><V120/><F116/><W94/><G108/><T107/><D39/><U100/><E54/><V33/><F73/><W7/><G135/><T118/><D107/><U110/><E70/><V4/><F124/><W129/><G129/><T58/><D35/><U86/><E22/><V56/><F69/><W42/><G114/><N who="0" m="44139" /><D131/><U31/><E21/><V66/><F66/><W103/><G103/><N who="0" m="60831" /><D118/><U67/><E31/><V1/><F120/><W44/><G125/><T15/><D15/><U75/><E67/><V83/><F83/><W127/><G127/><T126/><D126/><U130/><E115/><V71/><F71/><W121/><G121/><T43/><D58/><U132/><E130/><V102/><F46/><AGARI ba="2,1" hai="8,10,43,46,48,81,84,88" m="60831,44139" machi="46" ten="30,3900,0" yaku="15,1,11,1,54,1" doraHai="133" who="0" fromWho="2" sc="321,55,41,0,354,-45,274,0" owari="376,48.0,41,-46.0,309,11.0,274,-13.0" /></mjloggm>