<mjloggm ver="2.3"><GO type="169" lobby="0"/><UN n0="%E3%83%88%E3%83%88%E3%83%AA%E5%85%88%E7%94%9F%31%39%E6%AD%B3" n1="%63%6F%62%65%68%6F%70%65" n2="%73%69%6E%6F%6E%6F%6E%75" n3="%E3%82%A2%E3%83%AB%E4%B8%AD%40%E3%83%86%E3%83%B3%E3%83%91" dan="19,16,17,16" rate="2296.29,2141.15,2149.98,2039.90" sx="F,M,F,M"/><TAIKYOKU oya="0"/><INIT seed="0,0,0,1,2,109" ten="250,250,250,250" oya="0" hai0="71,105,28,101,99,45,86,53,6,96,124,74,16" hai1="36,49,41,3,111,70,50,25,83,122,128,17,134" hai2="91,11,93,104,10,116,27,1,113,31,2,73,39" hai3="20,75,102,58,108,68,0,60,7,80,79,24,29"/><T55/><D74/><U52/><E122/><V87/><F104/><W48/><G108/><T62/><D124/><U67/><E111/><V32/><F73/><W94/><G68/><T56/><D6/><U4/><E3/><V59/><F39/><W78/><G48/><T82/><D45/><N who="1" m="23719" /><E4/><V23/><F116/><W131/><G131/><T127/><D127/><U90/><E90/><V44/><F113/><W5/><G79/><T42/><D42/><U69/><E83/><V76/><F76/><W61/><G0/><T51/><D96/><U84/><E17/><V132/><F132/><W119/><G61/><T92/><D105/><U85/><E25/><V110/><F110/><W65/><REACH who="3" step="1"/><G119/><REACH who="3" ten="250,250,250,240" step="2"/><T66/><D51/><U34/><E50/><V21/><F2/><W120/><G120/><T40/><D71/><U9/><E70/><V130/><F130/><W33/><G33/><T12/><D40/><U38/><E128/><V37/><F1/><W98/><AGARI ba="0,1" hai="5,7,20,24,29,58,60,65,75,78,80,94,98,102" machi="98" ten="30,7900,0" yaku="1,1,0,1,25,2,53,0" doraHai="109" doraHaiUra="35" who="3" fromWho="3" sc="250,-39,250,-20,250,-20,240,89" /><INIT seed="1,0,0,0,1,46" ten="211,230,230,329" oya="1" hai0="90,129,43,94,127,44,134,33,78,24,96,60,30" hai1="68,113,135,106,81,56,120,110,3,119,85,80,26" hai2="17,72,12,69,2,122,27,34,123,9,116,50,73" hai3="61,98,0,121,91,8,74,4,42,64,97,29,99"/><U112/><E68/><V15/><F69/><W19/><G121/><T39/><D129/><U20/><E3/><V102/><F116/><W35/><G74/><T36/><D134/><U6/><E6/><V1/><F102/><W126/><G126/><T52/><D127/><U124/><E124/><V108/><F73/><W101/><G42/><T133/><D133/><U13/><E135/><V48/><F72/><W10/><G91/><T117/><D117/><U130/><E106/><V82/><F108/><W58/><G19/><T114/><D78/><U93/><E120/><N who="2" m="46123" /><F82/><W49/><G10/><T22/><D114/><U75/><E75/><V32/><F17/><W118/><G118/><T57/><REACH who="0" step="1"/><D33/><REACH who="0" ten="201,230,230,329" step="2"/><U77/><E130/><V100/><F34/><W23/><G35/><T18/><D18/><N who="1" m="12567" /><E119/><V65/><F32/><W47/><G101/><T105/><D105/><U25/><E113/><V37/><F2/><W55/><G29/><T21/><D21/><U51/><E112/><V40/><F1/><W125/><G23/><T67/><D67/><U88/><E110/><V11/><F65/><W54/><G125/><T53/><D53/><N who="1" m="31807" /><E77/><V76/><F76/><W38/><G64/><T89/><D89/><U63/><E25/><V14/><F27/><W7/><G55/><T95/><D95/><U92/><E13/><V79/><F79/><W62/><G0/><T41/><D41/><U111/><E111/><V109/><F109/><W83/><G54/><T5/><D5/><U131/><E131/><V66/><F15/><W45/><G4/><T132/><D132/><U16/><E93/><RYUUKYOKU ba="0,1" sc="201,30,230,-10,230,-10,329,-10" hai0="22,24,30,36,39,43,44,52,57,60,90,94,96" /><INIT seed="2,1,1,1,1,118" ten="231,220,220,319" oya="2" hai0="96,132,19,25,93,1,124,37,29,134,18,28,30" hai1="74,53,27,6,10,34,133,56,48,12,97,63,115" hai2="75,67,110,32,50,57,126,98,7,64,71,117,113" hai3="0,14,40,95,20,2,3,104,73,131,107,38,80"/><V46/><F117/><W41/><G131/><T47/><D1/><U116/><E133/><N who="0" m="51305" /><D124/><U114/><E116/><V69/><F75/><W100/><G95/><T61/><D61/><U58/><E74/><V16/><F32/><W22/><G14/><T8/><D8/><U15/><E15/><V4/><F113/><W102/><G80/><T119/><D119/><U26/><E34/><V120/><F120/><W81/><G81/><T91/><D25/><U5/><E5/><N who="2" m="2123" /><F71/><W33/><G73/><T62/><D62/><U88/><E115/><V78/><F69/><W35/><REACH who="3" step="1"/><G2/><REACH who="3" ten="231,220,220,309" step="2"/><T121/><D121/><U76/><E114/><V89/><F126/><W112/><G112/><T59/><D93/><N who="1" m="56487" /><E76/><V23/><F78/><W49/><G49/><T105/><D91/><U13/><E13/><N who="2" m="9615" /><F110/><W108/><G108/><T39/><D39/><AGARI ba="1,2" hai="0,3,20,22,33,35,38,39,40,41,100,102,104,107" machi="39" ten="25,3200,0" yaku="1,1,22,2,53,0" doraHai="118" doraHaiUra="83" who="3" fromWho="0" sc="231,-35,220,0,220,0,309,55" /><INIT seed="3,0,0,0,3,66" ten="196,220,220,364" oya="3" hai0="2,43,11,41,51,62,50,71,10,88,23,122,15" hai1="110,46,116,53,133,81,17,4,120,14,94,22,86" hai2="8,102,103,70,85,1,6,39,128,9,114,132,31" hai3="28,117,92,130,36,112,118,56,34,119,19,54,83"/><W5/><G112/><T45/><D122/><U18/><E120/><V69/><F114/><W57/><G130/><T21/><D2/><U95/><E110/><V97/><F39/><W98/><G36/><T40/><D71/><N who="2" m="27146" /><F9/><N who="0" m="3082" /><D62/><U72/><E72/><V113/><F113/><W124/><G83/><T89/><D15/><U42/><E4/><V129/><F85/><W58/><G19/><T44/><D43/><U24/><E42/><N who="0" m="16489" /><D23/><U26/><E14/><V127/><F31/><W29/><G57/><T37/><D21/><U35/><E22/><V68/><N who="2" m="27154" /><V32/><DORA hai="80" /><F32/><W115/><G92/><T63/><D63/><U125/><E95/><V77/><F77/><W48/><G98/><T106/><D106/><U126/><E94/><V12/><F12/><W59/><G59/><T49/><D37/><U93/><E93/><V75/><F75/><W109/><G29/><T16/><D16/><U74/><E17/><V30/><F30/><W7/><G28/><T67/><D67/><U99/><E18/><V96/><F96/><W82/><G34/><T65/><D65/><U104/><E99/><V0/><F0/><W108/><G115/><T38/><D38/><U101/><E74/><V84/><F97/><W47/><G117/><T61/><D61/><U90/><E35/><V13/><F13/><W27/><G118/><T20/><D20/><U91/><E26/><V111/><F1/><W79/><G27/><T25/><D25/><U131/><E116/><V78/><F129/><W3/><G119/><T134/><D134/><U64/><E24/><V123/><F132/><RYUUKYOKU ba="0,0" sc="196,30,220,-10,220,-10,364,-10" hai0="44,45,49,50,51,88,89" /><INIT seed="4,1,0,4,0,36" ten="226,210,210,354" oya="0" hai0="75,39,55,81,46,97,54,99,130,118,21,117,69" hai1="26,111,7,60,65,80,86,88,62,2,129,27,47" hai2="131,53,51,91,104,17,3,16,50,70,57,100,107" hai3="123,71,126,87,72,67,34,124,135,95,10,73,105"/><T76/><D69/><U5/><E111/><V8/><F70/><W11/><G34/><T14/><D130/><U59/><E129/><V42/><F131/><W85/><G105/><T61/><D61/><U94/><E2/><V78/><F78/><W24/><G123/><T115/><D115/><U41/><E62/><V43/><F3/><W103/><G24/><T121/><D121/><U116/><E116/><V18/><F8/><N who="3" m="3115" /><G135/><T134/><D134/><U90/><E26/><V92/><F100/><W37/><G37/><T122/><D122/><U9/><E27/><V82/><F82/><W113/><G103/><T56/><D56/><U114/><E9/><V98/><REACH who="2" step="1"/><F51/><REACH who="2" ten="226,210,200,354" step="2"/><W83/><G83/><T12/><D81/><U89/><E114/><V127/><F127/><W32/><G71/><T31/><D39/><U119/><E119/><V44/><F44/><W45/><G45/><T128/><D46/><U19/><E90/><V1/><F1/><W132/><G113/><T125/><D128/><U84/><E19/><V120/><F120/><W63/><G124/><T66/><D125/><U101/><E101/><V6/><F6/><W30/><G126/><T93/><D76/><U15/><E15/><V108/><F108/><W25/><G132/><T110/><D110/><U109/><E109/><V13/><F13/><W133/><G133/><T40/><D14/><U38/><AGARI ba="1,1" hai="5,7,38,41,47,59,60,65,80,84,86,88,89,94" machi="38" ten="20,5200,0" yaku="0,1,7,1,52,1,54,1" doraHai="36" who="1" fromWho="1" sc="226,-27,210,65,200,-14,354,-14" /><INIT seed="5,0,0,0,5,93" ten="199,275,186,340" oya="1" hai0="71,59,36,132,19,100,94,34,53,40,41,135,43" hai1="30,113,13,44,50,74,133,68,10,123,122,51,125" hai2="73,78,108,67,69,55,47,60,33,18,70,49,75" hai3="98,9,31,79,81,6,97,39,46,38,61,12,77"/><U84/><E74/><V116/><F33/><W17/><G31/><T23/><D34/><U27/><E68/><V99/><F116/><W21/><G61/><T58/><D71/><U2/><E2/><V82/><F108/><W1/><G79/><T89/><D100/><U92/><E113/><V128/><F128/><W45/><G46/><T25/><D36/><U80/><E125/><V54/><F70/><W101/><G101/><T105/><D105/><U117/><E133/><V91/><F18/><W8/><G9/><T62/><REACH who="0" step="1"/><D58/><REACH who="0" ten="189,275,186,340" step="2"/><U130/><E123/><V16/><F69/><W15/><G39/><T96/><AGARI ba="0,1" hai="19,23,25,40,41,43,53,59,62,89,94,96,132,135" machi="96" ten="30,12000,2" yaku="1,1,2,1,0,1,25,2,52,1,53,0" doraHai="93" doraHaiUra="26" who="0" fromWho="0" sc="189,130,275,-60,186,-30,340,-30" /><INIT seed="6,0,0,1,5,60" ten="319,215,156,310" oya="2" hai0="11,96,123,55,100,135,40,36,82,12,111,99,107" hai1="50,90,71,94,39,133,17,112,64,79,129,116,25" hai2="57,84,72,114,28,120,125,110,118,97,83,132,44" hai3="46,124,69,26,27,102,30,67,128,59,109,119,43"/><V13/><F118/><W104/><G109/><T54/><D111/><U15/><E39/><V24/><F110/><W74/><G119/><T66/><D123/><U95/><E116/><V91/><F120/><W92/><G124/><T70/><D135/><U37/><E37/><V130/><F132/><W1/><G1/><T18/><D66/><U134/><E64/><V122/><F122/><W108/><G74/><T22/><D70/><U3/><E71/><V32/><F125/><W106/><G128/><T8/><D8/><U63/><E3/><V80/><F130/><W9/><G69/><T117/><D117/><U34/><E63/><V121/><F121/><W35/><G26/><T62/><D62/><U126/><E25/><V77/><F114/><W47/><G9/><T127/><D127/><U68/><E34/><V38/><F97/><W10/><G10/><T20/><D20/><U85/><E68/><V78/><F57/><W16/><G59/><T51/><D36/><U23/><E112/><V98/><F98/><W115/><G115/><T58/><D40/><U21/><E126/><V61/><F61/><W88/><G43/><T41/><D41/><U29/><E129/><V101/><F101/><W48/><G102/><T113/><D55/><U65/><E134/><V14/><REACH who="2" step="1"/><F77/><REACH who="2" ten="319,215,146,310" step="2"/><W103/><G103/><T87/><D99/><N who="1" m="57815" /><E79/><V89/><F89/><W53/><G88/><N who="0" m="51319" /><D113/><U81/><E133/><V4/><F4/><W76/><G76/><T75/><D96/><U2/><E85/><V19/><F19/><W131/><G108/><T73/><D100/><U45/><E17/><RYUUKYOKU ba="0,1" sc="319,-10,215,-10,146,30,310,-10" hai2="13,14,24,28,32,38,44,72,78,80,83,84,91" /><INIT seed="6,1,1,2,0,15" ten="309,205,176,300" oya="2" hai0="87,48,49,59,98,41,50,92,68,25,4,80,65" hai1="81,19,82,95,85,132,118,105,113,52,33,34,60" hai2="122,1,72,39,107,2,124,86,61,83,127,44,63" hai3="102,14,79,90,27,9,45,53,43,94,58,123,22"/><V66/><F122/><W10/><G123/><T18/><D68/><U77/><E105/><V26/><F107/><W42/><G102/><T88/><D4/><U8/><E118/><V130/><F72/><W32/><G32/><T115/><D115/><U67/><E113/><V125/><F130/><W126/><G79/><T24/><D41/><N who="3" m="15369" /><G45/><T120/><D120/><U133/><E95/><V121/><F121/><W110/><G14/><T12/><D65/><U109/><E82/><V35/><F44/><W38/><G126/><T54/><D24/><U117/><E109/><V56/><F39/><W40/><G40/><T69/><D25/><U5/><E117/><V119/><F119/><W73/><G73/><T57/><D57/><N who="1" m="34855" /><E67/><N who="2" m="39335" /><F26/><W21/><G38/><T31/><D31/><U11/><E11/><N who="3" m="4106" /><G27/><T134/><D69/><U23/><E8/><V131/><F35/><W114/><G110/><T76/><D134/><N who="1" m="51819" /><E5/><V111/><F111/><W64/><G64/><T70/><D70/><U91/><E77/><N who="2" m="46447" /><F131/><W46/><G46/><T116/><D116/><U100/><E100/><V108/><F108/><W55/><G55/><T97/><D59/><AGARI ba="1,1" hai="1,2,59,63,66,124,125,127" m="46447,39335" machi="59" ten="30,1500,0" yaku="18,1" doraHai="15" who="2" fromWho="0" sc="309,-18,205,0,176,28,300,0" /><INIT seed="6,2,0,2,2,19" ten="291,205,204,300" oya="2" hai0="107,62,23,69,3,124,32,98,11,44,29,120,38" hai1="14,16,37,125,92,10,90,77,13,72,18,1,9" hai2="54,91,93,116,109,83,133,89,42,126,97,80,115" hai3="8,39,130,59,31,12,74,47,66,50,127,112,86"/><V117/><F42/><W84/><G74/><T128/><D23/><U73/><E125/><V43/><F43/><W45/><G130/><T22/><D22/><U58/><E37/><V132/><F126/><W61/><G112/><T48/><D48/><U64/><E1/><V6/><F54/><W24/><G39/><T119/><D124/><U28/><E28/><V76/><F115/><W41/><G47/><T82/><D82/><N who="2" m="31274" /><F6/><W7/><REACH who="3" step="1"/><G127/><REACH who="3" ten="291,205,204,290" step="2"/><T52/><D128/><U122/><E122/><V106/><F109/><W75/><G75/><T100/><D120/><U36/><E36/><V70/><F76/><W121/><G121/><T129/><D129/><U46/><E46/><V56/><F70/><W2/><G2/><T101/><D69/><U27/><E77/><V135/><F56/><W17/><G17/><T110/><D110/><U40/><E40/><V104/><F91/><W131/><G131/><T87/><D38/><U105/><E73/><V35/><F35/><AGARI ba="2,1" hai="7,8,12,24,31,35,41,45,50,59,61,66,84,86" machi="35" ten="30,3900,0" yaku="1,1,7,1,53,1" doraHai="19" doraHaiUra="5" who="3" fromWho="2" sc="291,0,205,0,204,-45,290,55" /><INIT seed="7,0,0,5,4,49" ten="291,205,159,345" oya="3" hai0="5,100,96,47,45,69,103,114,73,111,52,16,104" hai1="105,51,62,117,1,59,36,65,44,89,22,77,33" hai2="67,42,98,64,92,112,123,115,108,121,133,91,24" hai3="23,17,94,43,116,134,80,56,84,76,95,34,13"/><W81/><G116/><T26/><D111/><U109/><E109/><V61/><F42/><W10/><G34/><T40/><D73/><U82/><E1/><V130/><F108/><W8/><G134/><T19/><D69/><U71/><E105/><V4/><F133/><W131/><G131/><T7/><D114/><N who="2" m="43562" /><F4/><N who="0" m="1610" /><D104/><U25/><E33/><V101/><F24/><N who="3" m="14447" /><G43/><T58/><D40/><U102/><E117/><V79/><F130/><W21/><G80/><T15/><D26/><U75/><E102/><N who="0" m="38953" /><D96/><U29/><E89/><V50/><F50/><W32/><G32/><T128/><D128/><U3/><E3/><V107/><F61/><W35/><G35/><T97/><D97/><U74/><E36/><V30/><F30/><W28/><G28/><T83/><D83/><U110/><E110/><V87/><F67/><W85/><G94/><T124/><D124/><U125/><E125/><V41/><F64/><W39/><G39/><T106/><D106/><U118/><E118/><V126/><F41/><W78/><G95/><T93/><D93/><U90/><E71/><V127/><F79/><W63/><G78/><T20/><D19/><U14/><E77/><V66/><F66/><W119/><G76/><T120/><D120/><AGARI ba="0,0" hai="87,91,92,98,101,107,120,121,123,126,127" m="43562" machi="120" ten="30,7700,0" yaku="13,1,15,1,34,2" doraHai="49" who="2" fromWho="0" sc="291,-77,205,0,159,77,345,0" owari="214,-19.0,205,-29.0,236,4.0,345,44.0" /></mjloggm>