<mjloggm ver="2.3"><GO type="169" lobby="0"/><UN n0="%E3%82%80%E3%81%8D%E3%81%A3%E3%81%A1" n1="%E3%83%88%E3%83%88%E3%83%AA%E5%85%88%E7%94%9F%31%39%E6%AD%B3" n2="%72%61%72%75%74%6F%37" n3="%E3%81%93%E3%81%8C%E3%82%89%E3%81%97%E3%81%BE%E3%82%8B" dan="16,19,17,16" rate="2203.12,2312.89,2159.90,2079.20" sx="M,F,M,M"/><TAIKYOKU oya="0"/><BYE who="2" /><UN n2="%72%61%72%75%74%6F%37" /><INIT seed="0,0,0,1,2,44" ten="250,250,250,250" oya="0" hai0="58,38,89,78,81,96,116,93,43,18,125,130,8" hai1="118,42,113,67,23,79,1,66,28,30,59,111,100" hai2="105,0,129,50,91,119,115,124,117,83,3,76,25" hai3="104,98,127,22,4,92,45,108,103,21,62,97,35"/><T73/><D116/><N who="2" m="44618" /><F115/><W32/><G108/><T24/><D125/><U134/><E118/><V57/><F105/><W109/><G109/><T120/><D120/><U72/><E1/><V5/><F5/><W51/><G127/><T34/><D130/><U40/><E111/><V99/><F129/><W135/><G135/><T94/><D58/><U39/><E100/><V53/><F25/><W16/><G4/><T19/><D8/><U9/><E9/><V60/><F60/><W74/><G62/><T64/><D64/><U121/><E59/><V68/><F68/><W7/><G74/><T87/><D43/><U114/><E72/><N who="2" m="43399" /><F124/><W132/><G7/><T65/><D65/><U75/><E75/><V26/><F26/><W12/><G22/><T84/><D38/><U61/><E23/><V95/><AGARI ba="0,0" hai="0,3,50,53,57,91,95,99" m="43399,44618" machi="95" ten="30,2000,0" yaku="12,1,52,1" doraHai="44" who="2" fromWho="2" sc="250,-10,250,-5,250,20,250,-5" /><INIT seed="1,0,0,2,3,78" ten="240,245,270,245" oya="1" hai0="19,123,120,117,103,48,89,71,125,69,134,1,59" hai1="99,21,3,12,82,32,38,93,45,97,133,104,111" hai2="41,2,65,75,105,74,54,39,96,101,51,64,34" hai3="56,85,81,17,135,90,42,124,49,116,130,47,95"/><U0/><E32/><V115/><F2/><W25/><G130/><T109/><D117/><U4/><E133/><V31/><F115/><W44/><G124/><T107/><D1/><U63/><E111/><V22/><F41/><W16/><G135/><T61/><D134/><U87/><E104/><V8/><F39/><W126/><G126/><T27/><D125/><U62/><E3/><V33/><F22/><W53/><G116/><T10/><D109/><U52/><E0/><V70/><F8/><W131/><G131/><T76/><D48/><N who="1" m="28687" /><E38/><V60/><F65/><W72/><G72/><T37/><D37/><U102/><E99/><V23/><F23/><N who="3" m="13543" /><G17/><T108/><D108/><U84/><E84/><V40/><F40/><W121/><G121/><T5/><D71/><U11/><E21/><V94/><F34/><W66/><G66/><T30/><D69/><U9/><E9/><V68/><F68/><W26/><G42/><T6/><D10/><U13/><E13/><V91/><F33/><W73/><G73/><T29/><D107/><U112/><E112/><V79/><F74/><W20/><G20/><T122/><D122/><U24/><E24/><V86/><F31/><W98/><G26/><T57/><D30/><U50/><E50/><V129/><F129/><W58/><G47/><T118/><D27/><U55/><E55/><V35/><F35/><W14/><G14/><T18/><D123/><U88/><AGARI ba="0,0" hai="4,11,12,62,63,82,87,88,93,97,102" m="28687" machi="88" ten="30,11700,0" yaku="8,1,52,1,54,2" doraHai="78" who="1" fromWho="1" sc="240,-39,245,117,270,-39,245,-39" /><INIT seed="1,1,0,5,3,1" ten="201,362,231,206" oya="1" hai0="82,101,71,35,5,24,124,112,79,20,83,81,60" hai1="65,12,70,77,2,107,27,21,55,13,26,56,122" hai2="111,8,57,126,135,66,88,31,28,103,115,78,118" hai3="48,110,87,7,52,105,109,96,3,84,44,97,67"/><U37/><E122/><V80/><F118/><W45/><G67/><T127/><D112/><U113/><E113/><V102/><F115/><W16/><G105/><T130/><D35/><U14/><E37/><V134/><F111/><N who="3" m="42507" /><G45/><T120/><D101/><U86/><E107/><V63/><F126/><N who="0" m="48170" /><D130/><U38/><E38/><V62/><F78/><W46/><G46/><T104/><D104/><U4/><E70/><V100/><F8/><N who="3" m="2175" /><G16/><N who="0" m="12295" /><D120/><U10/><E65/><V9/><F66/><W91/><G87/><N who="0" m="48575" /><D5/><U6/><E2/><V119/><F119/><W40/><G40/><T89/><D89/><U54/><E10/><V72/><F9/><W131/><G131/><T93/><D93/><AGARI ba="1,0" hai="44,48,52,84,91,93,96,97" m="2175,42507" machi="93" ten="30,3900,0" yaku="14,1,52,1,54,1" doraHai="1" who="3" fromWho="0" sc="201,-42,362,0,231,0,206,42" /><INIT seed="2,0,0,3,1,7" ten="159,362,231,248" oya="2" hai0="56,51,98,107,124,114,5,1,134,128,122,43,135" hai1="91,4,121,42,106,103,29,94,81,116,10,30,96" hai2="53,78,69,111,3,58,13,90,74,125,20,76,92" hai3="84,129,126,59,79,24,93,41,49,77,14,85,118"/><V17/><F69/><W127/><G118/><T0/><D114/><U112/><E112/><V21/><F3/><W12/><G24/><T31/><D122/><U104/><E116/><V23/><F125/><W36/><G49/><T46/><D124/><U80/><E121/><V33/><F33/><W86/><G86/><T45/><D128/><U55/><E42/><V57/><F57/><W2/><G41/><T88/><D31/><U6/><E6/><V70/><F70/><W108/><G93/><N who="0" m="56615" /><D107/><U9/><E106/><V16/><F74/><W75/><G75/><T66/><D5/><U105/><E105/><V133/><F133/><N who="0" m="50698" /><D46/><U52/><E104/><V35/><F35/><W37/><G129/><T110/><D110/><U15/><E10/><N who="2" m="6199" /><F17/><W82/><G108/><T71/><D71/><U95/><E30/><V39/><F39/><W130/><G59/><T131/><D131/><U28/><E28/><V72/><F72/><W19/><G130/><T44/><D44/><U38/><E29/><V99/><F111/><W119/><G119/><T62/><AGARI ba="0,0" hai="0,1,43,45,51,56,62,66" m="50698,56615" machi="62" ten="30,2000,0" yaku="20,1,54,1" doraHai="7" who="0" fromWho="0" sc="159,20,362,-5,231,-10,248,-5" /><INIT seed="3,0,0,5,1,58" ten="179,357,221,243" oya="3" hai0="118,5,104,93,115,63,37,64,128,99,127,21,28" hai1="15,31,132,57,103,114,27,0,8,55,42,50,113" hai2="84,24,35,3,46,117,48,51,96,74,18,134,78" hai3="94,76,62,88,56,129,12,38,83,4,116,119,130"/><W20/><G38/><T26/><D118/><U1/><E132/><V22/><F117/><W97/><G116/><T60/><D104/><U25/><E25/><V71/><F74/><W109/><G119/><T23/><D37/><U105/><E42/><V112/><F112/><W91/><G109/><T6/><D115/><U47/><E113/><V73/><F73/><W66/><G91/><N who="0" m="55743" /><D127/><U52/><E103/><V75/><F75/><W85/><REACH who="3" step="1"/><G20/><REACH who="3" ten="179,357,221,233" step="2"/><T44/><D128/><U86/><E114/><V61/><F134/><W33/><G33/><T16/><D44/><U13/><E47/><V111/><F35/><W110/><G110/><T40/><D40/><U17/><E0/><V7/><F46/><W30/><G30/><T32/><D32/><U100/><E1/><V11/><F111/><W65/><G65/><T121/><D64/><U41/><E41/><V70/><F22/><W49/><G49/><T43/><D43/><U10/><E55/><V9/><F48/><W53/><G53/><T101/><D101/><U108/><E108/><V124/><F51/><W69/><G69/><T45/><D45/><U123/><E50/><V89/><F70/><W107/><G107/><T81/><D121/><U98/><E123/><V126/><F71/><W77/><G77/><T95/><D23/><U122/><E122/><V79/><F3/><W120/><G120/><T87/><D21/><U90/><E31/><V125/><F125/><W82/><G82/><T72/><D81/><N who="1" m="49487" /><E27/><V39/><F126/><W67/><G67/><T19/><D26/><U54/><E57/><V92/><F124/><RYUUKYOKU ba="0,1" sc="179,-15,357,15,221,-15,233,15" hai1="8,10,13,15,17,52,54,98,100,105" hai3="4,12,56,62,66,76,83,85,88,94,97,129,130" /><INIT seed="3,1,1,2,1,55" ten="164,372,206,248" oya="3" hai0="102,79,69,113,26,122,103,50,48,56,84,131,61" hai1="101,129,22,54,108,66,96,111,65,15,86,42,1" hai2="34,46,121,134,62,112,106,40,7,71,67,18,89" hai3="130,30,92,125,118,126,72,88,124,4,77,32,120"/><W45/><G118/><T21/><D122/><U128/><E1/><V36/><F112/><W37/><G120/><T51/><D69/><U39/><E86/><V28/><F121/><W60/><G130/><N who="1" m="50282" /><E42/><V78/><F18/><W47/><G4/><T33/><D33/><U5/><E39/><V0/><F89/><W9/><G9/><T83/><D131/><U117/><E117/><V115/><F115/><W14/><G14/><T94/><D94/><N who="1" m="58519" /><E54/><V97/><F78/><W123/><G123/><T127/><D127/><U63/><E66/><V59/><F7/><W13/><G37/><T2/><D2/><U20/><E5/><V11/><F0/><W29/><G72/><T27/><D113/><U110/><E15/><V10/><F134/><W6/><G13/><T85/><D85/><U64/><E65/><V75/><F75/><W81/><G6/><T53/><REACH who="0" step="1"/><D27/><REACH who="0" ten="154,372,206,248" step="2"/><U104/><E104/><V31/><F34/><W19/><G32/><T73/><D73/><U49/><E111/><V52/><F106/><W70/><G124/><T87/><D87/><U43/><E110/><V91/><F10/><W90/><G125/><T57/><D57/><N who="1" m="36975" /><E108/><V44/><F11/><W76/><G126/><T8/><D8/><U16/><E22/><V12/><F71/><W25/><G70/><T98/><D98/><U135/><E20/><V80/><F97/><W95/><G25/><T35/><D35/><U38/><E135/><V82/><F59/><W109/><G109/><T23/><D23/><U119/><E119/><V133/><F133/><W105/><G105/><T132/><D132/><RYUUKYOKU ba="1,2" sc="154,30,372,-10,206,-10,248,-10" hai0="21,26,48,50,51,53,56,61,79,83,84,102,103" /><INIT seed="4,2,2,5,0,33" ten="184,362,196,238" oya="0" hai0="119,92,83,125,51,10,71,127,72,131,17,116,64" hai1="109,24,7,59,46,80,93,8,78,67,54,114,96" hai2="126,35,39,112,11,110,53,76,16,123,26,104,56" hai3="115,105,27,41,42,13,135,86,75,4,29,98,45"/><T73/><D131/><U62/><E109/><V66/><F39/><W38/><G75/><N who="0" m="28747" /><D83/><U133/><E133/><V88/><F110/><W118/><G118/><T120/><D120/><U18/><E114/><V103/><F123/><W121/><G121/><T74/><N who="0" m="28755" /><T95/><DORA hai="117" /><D51/><N who="1" m="29047" /><E7/><V99/><F76/><W113/><G135/><T134/><D134/><U34/><E34/><V79/><F79/><W106/><G42/><T22/><D10/><U128/><E128/><V82/><F112/><N who="3" m="43083" /><G86/><T108/><D108/><U101/><E8/><V100/><F66/><W15/><G98/><T84/><D64/><U48/><E48/><V60/><F103/><W36/><G36/><T12/><D71/><U23/><E80/><V94/><F82/><W89/><G89/><N who="0" m="53287" /><D95/><U14/><E78/><V130/><F130/><W85/><G85/><T9/><D9/><U68/><E68/><V3/><F35/><N who="3" m="20927" /><G4/><T0/><D0/><U132/><E132/><V43/><F43/><W102/><G102/><T77/><D77/><U21/><E21/><N who="2" m="13607" /><F11/><W2/><G41/><T65/><D65/><U70/><E70/><V1/><F1/><W25/><G2/><T50/><D50/><U52/><E67/><V111/><F111/><W37/><G38/><T107/><D107/><U97/><E97/><N who="2" m="57543" /><F3/><W90/><G106/><T32/><D32/><U20/><E20/><V31/><F31/><W57/><G105/><T19/><D19/><U5/><E5/><V87/><F87/><W40/><G37/><T49/><D49/><U55/><E55/><V91/><F91/><W69/><G90/><RYUUKYOKU ba="2,2" sc="184,10,362,10,196,10,238,-30" hai0="12,17,22,116,119,125,127" hai1="14,18,23,24,52,59,62,93,96,101" hai2="53,56,60,99,100,104,126" /><INIT seed="4,3,2,5,4,27" ten="194,372,206,208" oya="0" hai0="40,114,66,132,35,76,74,55,11,79,71,115,112" hai1="45,4,117,54,82,103,36,99,85,133,90,39,70" hai2="20,119,128,23,111,124,0,12,64,105,135,102,42" hai3="129,46,2,51,29,122,17,28,93,68,73,9,14"/><T15/><D132/><U92/><E117/><V81/><F0/><W97/><G68/><T33/><D40/><U16/><E70/><V118/><F111/><W6/><G73/><T131/><D131/><U69/><E69/><V121/><F121/><W127/><G127/><T57/><D66/><U123/><E123/><V26/><F124/><W106/><G106/><T109/><D71/><U21/><E133/><V63/><F135/><W110/><G110/><T84/><D74/><U37/><E4/><V100/><F128/><W60/><G60/><N who="0" m="35903" /><D109/><U107/><E54/><V108/><F108/><W32/><G32/><N who="0" m="12363" /><D84/><U61/><E61/><V8/><F42/><W95/><G129/><T13/><D13/><U113/><E45/><V22/><F26/><W116/><G116/><N who="2" m="44585" /><F105/><W47/><G122/><T130/><D130/><U98/><E39/><V48/><F48/><W56/><G56/><T72/><D72/><U104/><E104/><V89/><F63/><W24/><G2/><T49/><D49/><U120/><E37/><V34/><F34/><W30/><G47/><T125/><D125/><U38/><E36/><V87/><F64/><W10/><G10/><T65/><D65/><U77/><E38/><V96/><F96/><W31/><G97/><T86/><D86/><U62/><E62/><V75/><F75/><W88/><G51/><T1/><D1/><U3/><E3/><V5/><AGARI ba="3,2" hai="5,8,12,20,22,23,81,87,89,100,102" m="44585" machi="5" ten="30,1100,0" yaku="12,1" doraHai="27" who="2" fromWho="2" sc="194,-8,372,-6,206,40,208,-6" /><INIT seed="5,0,0,5,5,57" ten="186,366,246,202" oya="1" hai0="37,29,76,14,72,101,26,67,33,20,124,99,28" hai1="10,94,18,36,2,80,107,106,100,41,12,88,9" hai2="111,113,61,131,91,31,34,27,4,42,125,135,54" hai3="49,19,85,109,121,38,92,7,63,75,59,46,66"/><U78/><E100/><V44/><F111/><W93/><G75/><T129/><D37/><U71/><E71/><V134/><F4/><W25/><G109/><T82/><D129/><U104/><E36/><V132/><F91/><W45/><G121/><T87/><D124/><U22/><E41/><V51/><F113/><W95/><G7/><T73/><D67/><U103/><E103/><V52/><F125/><W35/><G38/><T79/><D79/><U77/><E2/><V97/><F131/><W98/><G85/><T11/><D29/><U115/><E115/><V1/><F1/><W17/><G35/><T23/><D23/><U133/><E133/><V86/><F86/><W0/><G0/><T3/><D33/><U119/><E119/><V84/><F84/><W118/><G118/><T40/><D40/><U55/><E77/><V47/><F97/><W16/><G25/><T30/><D30/><U50/><E94/><V122/><F122/><W128/><G128/><T120/><D120/><U112/><E88/><V114/><F114/><W105/><G105/><T60/><D60/><U123/><E112/><V127/><F127/><W74/><G74/><T58/><D58/><N who="1" m="33143" /><E123/><V5/><F42/><N who="3" m="24759" /><G46/><T89/><D76/><U32/><E32/><V70/><F47/><W90/><AGARI ba="0,0" hai="16,17,19,59,63,66,90,92,93,95,98" m="24759" machi="90" ten="30,4000,0" yaku="8,1,52,1,54,1" doraHai="57" who="3" fromWho="3" sc="186,-10,366,-20,246,-10,202,40" /><INIT seed="6,0,0,5,4,97" ten="176,346,236,242" oya="2" hai0="131,33,6,46,61,120,123,117,67,24,35,132,102" hai1="64,56,135,28,21,78,99,54,52,89,47,12,70" hai2="73,92,4,60,107,41,69,77,115,13,133,31,50" hai3="30,128,84,68,15,114,108,39,94,14,74,91,83"/><V63/><F107/><W96/><G108/><T40/><D131/><U104/><E135/><V37/><F37/><W101/><G68/><T88/><D132/><U87/><E70/><V127/><F133/><W80/><G39/><T112/><D112/><U48/><E104/><V134/><F115/><W118/><G118/><T119/><D6/><U2/><E2/><V22/><F69/><W113/><G128/><T66/><D24/><U71/><E71/><V130/><F127/><W82/><G30/><T116/><D102/><U1/><E1/><V124/><F124/><W93/><G113/><T126/><D126/><U53/><E99/><V86/><F73/><W45/><G45/><T59/><D67/><U19/><E78/><V5/><F130/><W17/><G114/><T103/><D103/><U79/><E79/><V75/><F75/><W110/><G110/><T55/><D66/><U42/><E64/><V44/><F4/><W11/><REACH who="3" step="1"/><G14/><REACH who="3" ten="176,346,236,232" step="2"/><T106/><D106/><U34/><E28/><V95/><F134/><W62/><G62/><N who="2" m="23593" /><F31/><W36/><G36/><N who="0" m="21767" /><D88/><U25/><E34/><AGARI ba="0,1" hai="33,34,35,55,59,61,116,117,119,120,123" m="21767" machi="34" ten="40,1300,0" yaku="12,1" doraHai="97" who="0" fromWho="1" sc="176,23,346,-13,236,0,232,0" /><INIT seed="7,0,0,2,1,39" ten="199,333,236,232" oya="3" hai0="73,57,78,112,41,16,64,96,77,97,90,24,71" hai1="105,74,44,40,5,22,10,89,70,9,43,122,25" hai2="18,38,14,130,95,52,127,15,48,76,102,58,104" hai3="26,46,131,109,59,92,49,37,124,68,99,34,87"/><W108/><G68/><T129/><D71/><U17/><E122/><V2/><F2/><W56/><G37/><T0/><D0/><U53/><E105/><V83/><F104/><W119/><G119/><T101/><D73/><U3/><E70/><V75/><F38/><W19/><G131/><T20/><D129/><U27/><E74/><V111/><F111/><N who="3" m="42571" /><G124/><T84/><D112/><U135/><E135/><V13/><F127/><W125/><G125/><T4/><D4/><U116/><E116/><V21/><F130/><W29/><G19/><T114/><D114/><U7/><E89/><V23/><F23/><W100/><G87/><T61/><D41/><AGARI ba="0,0" hai="26,29,34,41,46,49,56,59,92,99,100" m="42571" machi="41" ten="30,2900,0" yaku="10,1,52,1" doraHai="39" who="3" fromWho="0" sc="199,-29,333,0,236,0,232,29" /><INIT seed="7,1,0,5,5,22" ten="170,333,236,261" oya="3" hai0="67,103,89,79,31,105,133,113,11,14,114,93,1" hai1="40,107,91,32,121,21,85,46,7,130,50,58,80" hai2="39,118,60,35,54,33,126,97,42,104,69,120,10" hai3="98,19,25,27,2,84,66,132,44,12,102,38,13"/><W29/><G2/><T110/><D67/><U135/><E121/><V71/><F120/><W129/><G129/><T48/><D48/><U124/><E32/><V43/><F54/><W26/><G132/><T96/><D1/><U5/><E107/><V59/><F118/><W64/><G29/><T20/><D110/><U73/><E124/><V106/><F10/><W36/><G12/><T23/><D133/><U65/><E73/><V75/><F75/><W86/><G38/><T15/><D79/><U24/><E130/><V9/><F9/><N who="3" m="6575" /><G44/><T134/><D134/><U94/><E135/><V51/><F126/><W99/><G36/><T92/><D105/><N who="2" m="40554" /><F39/><W52/><G52/><T83/><D83/><U109/><E109/><V77/><F77/><W131/><G131/><T128/><D128/><U68/><E68/><N who="2" m="26187" /><F97/><N who="3" m="36875" /><G102/><T63/><D63/><N who="1" m="38135" /><E7/><V119/><F119/><W0/><G0/><T108/><D108/><U74/><E5/><V112/><F51/><W76/><G86/><N who="0" m="52279" /><D31/><N who="1" m="17807" /><E74/><V111/><F111/><W117/><G117/><T37/><D37/><U72/><E72/><V28/><F28/><W6/><G6/><N who="0" m="3447" /><D15/><U116/><E116/><V90/><F90/><W82/><AGARI ba="1,0" hai="25,26,27,64,66,76,82,84" m="36875,6575" machi="82" ten="30,11700,0" yaku="8,1,52,3" doraHai="22" who="3" fromWho="3" sc="170,-40,333,-40,236,-40,261,120" owari="130,-37.0,293,9.0,196,-20.0,381,48.0" /></mjloggm>