<mjloggm ver="2.3"><GO type="169" lobby="0"/><UN n0="%E3%83%88%E3%83%88%E3%83%AA%E5%85%88%E7%94%9F%31%39%E6%AD%B3" n1="%E6%98%9F%E6%B5%81%EF%BC%A0%53%65%69%52%75" n2="%E3%82%A4%E3%83%AA%E3%83%A4%E3%81%9F%E3%82%93%E5%A4%A7%E5%A5%BD%E3%81%8D" n3="%47%65%6E%2F%67%65%6E" dan="19,16,17,16" rate="2342.51,2099.37,2157.52,2103.39" sx="F,M,M,M"/><TAIKYOKU oya="0"/><INIT seed="0,0,0,0,0,100" ten="250,250,250,250" oya="0" hai0="38,35,29,10,33,45,32,58,111,17,70,112,77" hai1="28,34,20,89,83,135,126,46,48,5,36,102,76" hai2="0,124,9,66,11,82,133,93,87,16,132,94,78" hai3="129,91,73,117,19,120,64,85,2,50,65,92,41"/><T3/><D112/><U84/><E126/><V44/><F124/><W95/><G73/><T116/><D116/><U61/><E135/><N who="2" m="51787" /><F66/><W98/><G117/><T71/><D58/><U22/><E36/><V118/><F118/><W128/><G2/><T68/><D77/><U63/><E34/><V40/><F0/><W7/><G7/><T27/><D17/><U54/><E5/><V56/><F56/><W47/><G120/><T12/><D12/><U62/><E102/><V97/><F16/><W24/><G129/><T115/><D115/><U109/><E109/><V121/><F121/><W26/><G128/><T18/><D18/><U49/><E28/><V122/><F122/><W127/><G127/><T15/><D15/><U39/><E39/><N who="2" m="21535" /><F93/><W8/><G26/><T13/><D13/><U108/><E108/><V130/><F130/><W131/><G131/><T4/><D111/><U6/><E6/><V37/><F37/><W1/><G1/><T86/><D86/><U80/><REACH who="1" step="1"/><E49/><REACH who="1" ten="250,240,250,250" step="2"/><V96/><F96/><W23/><G8/><T60/><REACH who="0" step="1"/><D60/><REACH who="0" ten="240,240,250,250" step="2"/><U105/><E105/><V134/><F134/><W110/><REACH who="3" step="1"/><G110/><REACH who="3" ten="240,240,250,240" step="2"/><T21/><D21/><U59/><E59/><V114/><F114/><W75/><G75/><AGARI ba="0,3" hai="20,22,46,48,54,61,62,63,75,76,80,83,84,89" machi="75" ten="40,8000,1" yaku="1,1,53,3" doraHai="100" doraHaiUra="57" who="1" fromWho="3" sc="240,0,240,110,250,0,240,-80" /><INIT seed="1,0,0,5,3,106" ten="240,350,250,160" oya="1" hai0="122,56,109,65,125,27,62,111,101,90,103,20,76" hai1="54,123,21,36,133,53,45,9,17,126,61,100,22" hai2="19,110,84,26,37,33,39,73,131,31,117,116,120" hai3="114,11,127,135,29,119,44,115,130,48,58,88,69"/><U8/><E123/><V67/><F120/><W60/><G69/><T89/><D122/><U74/><E100/><N who="0" m="38473" /><D76/><U10/><E126/><V12/><F110/><N who="0" m="41994" /><D125/><U59/><E59/><V96/><F131/><W0/><G130/><T2/><D2/><U102/><E102/><V75/><F96/><W77/><G77/><T38/><D38/><U63/><E133/><V95/><F67/><W91/><G135/><T5/><D5/><U81/><E36/><V51/><F39/><W134/><G134/><T99/><D99/><U1/><E1/><V79/><F37/><W14/><G0/><T49/><D49/><U23/><E17/><AGARI ba="0,0" hai="17,20,27,56,62,65,89,90" m="41994,38473" machi="17" ten="30,1000,0" yaku="14,1" doraHai="106" who="0" fromWho="1" sc="240,10,350,-10,250,0,160,0" /><INIT seed="2,0,0,3,3,119" ten="250,340,250,160" oya="2" hai0="6,112,34,27,118,103,73,3,35,58,7,108,65" hai1="2,77,59,40,117,28,38,39,46,114,134,76,93" hai2="26,60,32,95,4,43,86,15,116,131,29,45,68" hai3="69,127,81,63,105,133,10,17,72,36,92,132,89"/><V122/><F116/><W88/><G36/><T107/><D112/><U41/><E117/><V80/><F131/><W91/><G69/><T125/><D73/><U66/><E2/><V106/><F106/><W64/><G64/><T78/><D78/><U14/><E114/><V49/><F95/><W104/><G10/><T51/><D108/><U98/><E134/><N who="3" m="51818" /><G17/><T79/><D79/><U82/><E28/><V18/><F4/><W1/><G63/><T101/><D125/><U9/><E66/><V87/><F122/><W5/><G5/><T109/><D109/><U120/><E59/><V31/><F31/><W20/><G20/><T54/><D118/><U113/><E113/><V0/><F0/><W52/><G52/><T33/><D27/><U135/><E120/><V75/><F68/><W99/><G1/><T129/><D129/><U83/><E135/><V124/><F60/><W12/><G12/><T67/><D107/><N who="3" m="41033" /><G127/><T42/><D67/><U96/><E41/><V11/><F124/><W121/><G121/><T123/><D123/><U37/><E40/><V13/><F15/><W44/><G44/><N who="0" m="26007" /><D65/><U130/><E46/><V90/><F45/><W126/><G126/><T8/><D6/><N who="1" m="3383" /><E130/><V94/><F43/><W102/><G72/><T21/><D21/><U74/><E39/><V22/><F75/><W24/><G24/><T61/><D35/><U115/><E115/><V71/><F71/><W53/><G53/><T16/><D16/><U48/><E38/><V19/><F49/><W128/><G128/><T85/><D33/><U50/><E74/><V110/><F32/><RYUUKYOKU ba="0,0" sc="250,-10,340,-10,250,-10,160,30" hai3="81,88,89,91,92,99,102" /><INIT seed="3,1,0,1,4,112" ten="240,330,240,190" oya="3" hai0="65,77,53,74,22,28,113,30,19,5,57,21,46" hai1="72,78,114,20,79,128,13,17,117,89,110,27,130" hai2="115,14,96,127,105,45,83,58,84,108,90,35,103" hai3="42,47,9,69,99,36,2,0,101,123,48,132,7"/><W119/><G69/><T56/><D113/><U15/><E114/><V26/><F115/><W75/><G132/><T102/><D102/><U24/><E89/><V98/><F108/><W118/><G123/><T32/><D32/><U6/><E72/><V88/><F127/><W1/><G48/><N who="0" m="28823" /><D74/><U125/><E110/><V109/><F109/><W80/><G0/><T106/><D106/><U124/><E6/><V116/><F45/><W107/><G1/><T16/><D77/><AGARI ba="1,0" hai="2,7,9,36,42,47,75,77,80,99,101,107,118,119" machi="77" ten="40,18000,2" yaku="25,2,23,2,52,2" doraHai="112" who="3" fromWho="0" sc="240,-183,330,0,240,0,190,183" /><INIT seed="3,2,0,1,3,72" ten="57,330,240,373" oya="3" hai0="55,44,135,108,97,20,8,103,35,99,48,69,22" hai1="0,46,6,92,17,9,100,39,41,124,61,33,121" hai2="85,49,34,105,56,16,74,32,86,122,130,45,83" hai3="76,90,123,89,14,109,23,21,11,84,67,4,63"/><W29/><G29/><T91/><D35/><U53/><E121/><V106/><F74/><W7/><G123/><T24/><D69/><U58/><E124/><V5/><F122/><W28/><G109/><T93/><D108/><U52/><E33/><V110/><F110/><W77/><G90/><T118/><D118/><U119/><E119/><V120/><F5/><W59/><G4/><T68/><D68/><U3/><E17/><V40/><F56/><W133/><G133/><T98/><D135/><U111/><E111/><V64/><F64/><W87/><G87/><T95/><D24/><U19/><E19/><V96/><F85/><W116/><G116/><T82/><D99/><U70/><E70/><V10/><F120/><W50/><G50/><T131/><D131/><U132/><E132/><V129/><F96/><W47/><G47/><T27/><D27/><U60/><E92/><V104/><F34/><W54/><G67/><T30/><D30/><U26/><E26/><V42/><F32/><W66/><G66/><T37/><D37/><U15/><E100/><V107/><F107/><W101/><G101/><T12/><REACH who="0" step="1"/><D82/><REACH who="0" ten="47,330,240,373" step="2"/><U43/><E39/><N who="2" m="21663" /><F130/><W25/><G23/><T62/><D62/><U80/><E80/><AGARI ba="2,1" hai="7,11,14,21,25,28,54,59,63,76,77,80,84,89" machi="80" ten="30,11600,0" yaku="7,1,8,1,52,2" doraHai="72" who="3" fromWho="1" sc="47,0,330,-122,240,0,373,132" /><INIT seed="3,3,0,2,1,12" ten="47,208,240,505" oya="3" hai0="74,100,36,97,84,114,56,88,123,58,49,14,96" hai1="30,62,94,122,72,43,40,33,132,135,121,1,80" hai2="5,116,113,23,105,6,103,61,50,129,16,119,11" hai3="26,44,27,38,83,92,89,82,10,0,125,57,115"/><W107/><G107/><T13/><D123/><U109/><E1/><V2/><F113/><W59/><G115/><T51/><D36/><U76/><E109/><V69/><F5/><W90/><G125/><T104/><D74/><U41/><E33/><V46/><F129/><W9/><G44/><T102/><D114/><U130/><E130/><V21/><F21/><W81/><G38/><T63/><D49/><U73/><E30/><V91/><F91/><W64/><G64/><T7/><D51/><U134/><E73/><V131/><F131/><W32/><G32/><T45/><D45/><U68/><REACH who="1" step="1"/><E94/><REACH who="1" ten="47,198,240,505" step="2"/><V19/><F105/><W86/><G92/><N who="0" m="54279" /><D104/><U108/><E108/><V101/><F2/><W22/><G83/><T15/><D7/><U25/><E25/><V35/><F6/><W17/><G0/><T67/><D58/><U111/><E111/><V79/><F116/><W112/><G112/><T31/><D31/><U78/><E78/><V20/><F79/><W65/><G57/><T85/><D85/><U4/><E4/><V126/><F119/><W39/><G59/><T55/><D67/><AGARI ba="3,1" hai="40,41,43,62,67,68,72,76,80,121,122,132,134,135" machi="67" ten="50,3200,0" yaku="1,1,20,1,53,0" doraHai="12" doraHaiUra="71" who="1" fromWho="0" sc="47,-41,198,51,240,0,505,0" /><INIT seed="4,0,0,2,3,124" ten="6,249,240,505" oya="0" hai0="105,21,0,121,77,92,2,52,24,60,40,32,94" hai1="78,17,55,14,36,37,80,8,110,31,25,67,59" hai2="85,54,68,128,102,103,97,120,10,134,33,96,89" hai3="83,91,122,123,56,58,73,135,13,99,35,82,46"/><T5/><D121/><N who="3" m="46089" /><G35/><T49/><D105/><U9/><E110/><V84/><F68/><W57/><G135/><T65/><D32/><U1/><E67/><V95/><F54/><W109/><G109/><T20/><D40/><U104/><E104/><V18/><F10/><W130/><G130/><T61/><D77/><U41/><E41/><V42/><F18/><W100/><G91/><T88/><D92/><U79/><E1/><V19/><F84/><W53/><G13/><T44/><D61/><U64/><E64/><V133/><F96/><W72/><G46/><T108/><D108/><U7/><E31/><V81/><F95/><N who="3" m="58495" /><G53/><T3/><D21/><U30/><E78/><V50/><F128/><W98/><G98/><T62/><D5/><U129/><E129/><V113/><F50/><W26/><G26/><T11/><D11/><U132/><E132/><V126/><F133/><W27/><G27/><T106/><D106/><U29/><E8/><V71/><F71/><W93/><G93/><T70/><D60/><U111/><E111/><V22/><F134/><W66/><G66/><T86/><D2/><U39/><E7/><V125/><F125/><W119/><G119/><T16/><AGARI ba="0,0" hai="0,3,16,20,24,44,49,52,62,65,70,86,88,94" machi="16" ten="20,12000,1" yaku="0,1,7,1,54,3" doraHai="124" who="0" fromWho="0" sc="6,120,249,-40,240,-40,505,-40" /><INIT seed="4,1,0,2,3,102" ten="126,209,200,465" oya="0" hai0="58,78,100,57,35,66,97,111,77,89,117,107,79" hai1="50,45,27,86,105,34,132,24,36,104,99,29,114" hai2="65,74,23,103,54,61,55,95,63,9,120,60,59" hai3="21,30,51,28,134,101,31,80,62,7,75,43,49"/><T48/><D117/><U16/><E36/><V76/><F120/><W4/><G75/><T84/><D35/><U83/><E132/><V125/><F125/><W14/><G134/><T128/><D128/><U71/><E71/><V113/><F113/><W69/><G69/><T56/><D111/><U70/><E70/><V13/><F74/><W126/><G101/><T53/><REACH who="0" step="1"/><D66/><REACH who="0" ten="116,209,200,465" step="2"/><U96/><E114/><V18/><F65/><W82/><G126/><T0/><D0/><U116/><E116/><V6/><F63/><W87/><G4/><T130/><D130/><U88/><E99/><V42/><F6/><W122/><G7/><T123/><D123/><U47/><E96/><V93/><F61/><W94/><G62/><T90/><D90/><U20/><REACH who="1" step="1"/><E47/><REACH who="1" ten="116,199,200,465" step="2"/><V25/><F60/><W73/><G122/><T85/><D85/><U46/><E46/><V15/><F76/><W1/><G87/><T52/><D52/><AGARI ba="1,2" hai="16,20,24,27,29,34,45,50,52,83,86,88,104,105" machi="52" ten="30,12000,2" yaku="1,1,7,1,52,2,54,3,53,0" doraHai="102" doraHaiUra="119" who="1" fromWho="0" sc="116,-123,199,143,200,0,465,0" owari="-7,-51.0,342,14.0,200,-20.0,465,57.0" /></mjloggm>