<mjloggm ver="2.3"><GO type="169" lobby="0"/><UN n0="%E9%95%B7%E5%85%89%E9%BA%BB%E5%A4%9C" n1="%E3%81%BE%E3%81%99%E3%81%8F%E3%81%AF%E3%81%8C%E3%81%97" n2="%E3%82%A6%E3%83%AB%E3%83%88%E3%83%A9%E7%AB%8B%E7%9B%B4" n3="%77%61%77%61%33%30%33%30" dan="16,16,18,18" rate="2116.91,2134.03,2218.82,2203.96" sx="M,M,M,M"/><TAIKYOKU oya="0"/><INIT seed="0,0,0,0,4,75" ten="250,250,250,250" oya="0" hai0="49,82,22,4,60,101,15,122,62,112,16,30,91" hai1="74,121,37,13,80,28,59,61,72,70,48,88,94" hai2="51,0,45,134,63,109,50,54,68,119,34,129,29" hai3="33,10,96,3,71,6,47,46,44,9,27,100,102"/><T58/><D112/><U123/><E37/><V98/><F0/><W130/><G130/><T1/><D122/><U11/><E70/><V5/><F5/><W23/><G33/><T113/><D113/><U12/><E48/><V43/><F98/><W14/><G71/><T19/><D101/><U21/><E121/><V97/><F97/><W69/><G69/><T84/><D30/><U104/><E104/><V64/><F29/><W133/><G133/><T135/><D135/><U76/><E74/><V127/><F34/><W131/><G131/><T93/><D82/><U56/><E123/><V118/><F134/><W81/><G81/><T103/><D103/><U87/><E11/><V73/><F73/><W126/><G126/><T25/><D1/><U116/><E116/><N who="2" m="44587" /><F129/><W117/><G96/><T125/><D4/><U40/><E40/><V107/><F107/><W7/><REACH who="3" step="1"/><G117/><REACH who="3" ten="250,250,250,240" step="2"/><T89/><D125/><U20/><E80/><V53/><F127/><W65/><G65/><T55/><REACH who="0" step="1"/><D91/><REACH who="0" ten="240,250,250,240" step="2"/><U67/><E88/><V41/><F109/><W85/><G85/><T77/><D77/><U132/><E76/><V92/><F92/><W38/><G38/><T39/><D39/><U86/><E94/><V2/><F2/><W52/><G52/><T66/><D66/><U99/><E67/><V120/><F120/><W57/><G57/><AGARI ba="0,2" hai="41,43,45,50,51,53,54,57,63,64,68" m="44587" machi="57" ten="30,3900,0" yaku="12,1,34,2" doraHai="75" who="2" fromWho="3" sc="240,0,250,0,250,59,240,-39" /><INIT seed="1,0,0,4,3,35" ten="240,250,309,201" oya="1" hai0="30,13,124,93,34,59,120,83,82,101,94,42,84" hai1="90,41,47,77,105,112,116,19,133,36,18,29,69" hai2="56,40,76,72,104,111,67,49,50,89,79,92,91" hai3="2,17,64,122,130,20,32,15,108,135,63,68,16"/><U39/><E112/><V80/><F104/><W97/><G122/><T60/><D120/><U70/><E116/><V37/><F111/><W118/><G32/><T10/><D124/><U74/><E133/><V103/><F103/><W75/><G108/><T55/><D42/><U14/><E29/><V113/><F113/><W4/><G135/><T86/><D30/><U78/><E105/><V131/><F131/><W43/><G75/><T62/><D34/><U65/><E90/><V114/><F114/><W73/><G73/><T21/><D21/><U123/><E123/><V53/><F67/><W33/><G33/><T115/><D62/><U45/><E74/><V66/><F66/><W61/><G61/><T7/><D115/><U98/><E98/><V87/><F37/><W38/><G130/><T8/><D8/><U88/><E88/><V22/><F22/><W54/><G54/><T44/><D44/><U28/><E28/><V85/><F72/><W107/><G17/><T31/><D31/><U100/><E100/><V51/><F40/><W102/><G118/><T25/><D25/><U96/><E96/><V71/><F71/><N who="1" m="27145" /><E47/><V95/><F80/><N who="0" m="30762" /><D101/><U132/><E132/><V5/><F5/><W125/><G125/><T26/><D26/><U23/><E65/><V109/><F109/><W117/><G117/><T46/><D46/><U3/><E3/><V81/><F81/><W106/><G106/><T58/><D58/><U134/><E134/><V24/><F24/><W12/><G4/><T126/><D126/><U128/><E128/><V99/><F99/><W52/><G97/><RYUUKYOKU ba="0,0" sc="240,15,250,-15,309,15,201,-15" hai0="7,10,13,55,59,60,84,86,93,94" hai2="49,50,51,53,56,76,79,85,87,89,91,92,95" /><INIT seed="2,1,0,3,5,102" ten="255,235,324,186" oya="2" hai0="40,63,111,58,44,103,3,118,123,37,115,110,0" hai1="45,34,117,31,39,127,1,79,16,29,101,68,11" hai2="52,92,43,67,53,90,106,18,50,122,89,84,116" hai3="26,38,120,70,36,27,2,42,81,128,62,7,121"/><V9/><F116/><W48/><G128/><T132/><D118/><U114/><E117/><V119/><F119/><W96/><G38/><T8/><D123/><U98/><E114/><V5/><F122/><W71/><G36/><T80/><D132/><U108/><E68/><V100/><F67/><W55/><G42/><T126/><D126/><U61/><E127/><V135/><F135/><W25/><G81/><T33/><D33/><U10/><E108/><N who="0" m="41513" /><D115/><U78/><E61/><V32/><F32/><W77/><G77/><T74/><D103/><U46/><E1/><V134/><F134/><W131/><G131/><T66/><D8/><U112/><E112/><V107/><F18/><W15/><G2/><N who="0" m="555" /><D80/><U86/><E10/><V17/><F5/><W69/><G62/><T12/><D12/><U105/><E34/><V64/><F100/><W24/><N who="3" m="6144" /><DORA hai="104" /><W76/><G76/><T93/><D93/><U82/><E79/><V41/><F92/><W28/><G28/><T91/><D91/><U88/><E78/><V124/><F9/><W73/><G73/><AGARI ba="1,0" hai="37,40,44,58,63,66,73,74" m="555,41513" machi="73" ten="30,3900,0" yaku="14,1,52,2" doraHai="102,104" who="0" fromWho="3" sc="255,42,235,0,324,0,186,-42" /><INIT seed="3,0,0,0,4,40" ten="297,235,324,144" oya="3" hai0="21,125,118,97,61,36,94,128,95,24,28,13,26" hai1="20,69,117,6,74,122,115,105,120,3,7,85,63" hai2="1,2,5,46,16,99,55,25,58,62,49,50,133" hai3="8,64,60,68,41,47,52,32,90,38,102,67,23"/><W130/><G32/><T9/><D118/><U106/><E115/><V37/><F133/><W70/><G130/><T78/><D128/><U51/><E117/><V108/><F108/><W75/><G75/><T0/><D0/><U92/><E74/><V135/><F135/><W98/><G90/><T100/><D36/><U81/><E92/><V33/><F37/><W42/><G23/><T66/><D125/><U73/><E73/><V29/><F5/><W39/><G8/><T15/><D78/><U34/><E34/><V109/><F109/><W93/><G52/><T4/><D26/><U119/><E119/><V45/><F99/><W91/><G102/><T18/><D95/><U43/><E20/><V17/><F1/><W82/><G82/><T103/><D103/><U89/><E105/><V124/><F2/><W71/><REACH who="3" step="1"/><G64/><REACH who="3" ten="297,235,324,134" step="2"/><T129/><D129/><U56/><E81/><V114/><F124/><W22/><G22/><T44/><D28/><U11/><E11/><V14/><F114/><W86/><G86/><T19/><D24/><U104/><E104/><V57/><F29/><W65/><G65/><T134/><D134/><U132/><E106/><V77/><F33/><W107/><G107/><T79/><D79/><U127/><E132/><V83/><F77/><W54/><G54/><T10/><D21/><U72/><E72/><V110/><F83/><W88/><G88/><T111/><D4/><U126/><E7/><V27/><F55/><W96/><G96/><T113/><D113/><U123/><E126/><V131/><F131/><W48/><G48/><T80/><D97/><RYUUKYOKU ba="0,1" sc="297,-10,235,-10,324,-10,134,30" hai3="38,39,41,42,47,60,67,68,70,71,91,93,98" /><INIT seed="3,1,1,4,5,75" ten="287,225,314,164" oya="3" hai0="82,39,38,62,60,26,73,7,104,3,67,1,49" hai1="95,96,118,52,77,21,44,43,90,32,133,33,57" hai2="131,107,108,5,28,117,78,64,70,89,0,134,66" hai3="51,115,6,120,13,18,27,68,54,116,10,50,112"/><W121/><G68/><T2/><D104/><U103/><E133/><V47/><F89/><W17/><G116/><T46/><D7/><U94/><E118/><V110/><F117/><W25/><G54/><T14/><D14/><U58/><E21/><V105/><F131/><W111/><G111/><T55/><D26/><U109/><E109/><V81/><F134/><W122/><G51/><T113/><D113/><N who="3" m="43593" /><G50/><T35/><D35/><U15/><E15/><V11/><F66/><W83/><G83/><T37/><REACH who="0" step="1"/><D67/><REACH who="0" ten="277,225,314,164" step="2"/><U30/><E33/><V40/><F110/><W41/><G41/><T98/><D98/><U48/><E43/><V88/><F108/><W74/><G74/><T97/><D97/><U8/><E96/><V63/><F28/><W29/><G27/><T69/><D69/><U61/><E30/><V45/><F70/><W119/><G119/><T102/><D102/><U86/><E103/><V71/><F71/><W31/><G29/><T92/><D92/><U127/><E95/><V132/><F64/><W80/><G80/><T129/><D129/><U100/><E94/><V125/><F81/><W91/><G91/><T85/><D85/><U101/><E86/><V72/><F132/><W76/><G76/><AGARI ba="1,2" hai="1,2,3,37,38,39,46,49,55,60,62,73,76,82" machi="76" ten="50,6400,0" yaku="1,1,52,1,53,1" doraHai="75" doraHaiUra="42" who="0" fromWho="3" sc="277,87,225,0,314,0,164,-67" /><INIT seed="4,0,0,2,0,76" ten="364,225,314,97" oya="0" hai0="61,28,106,70,86,67,99,135,20,109,80,19,57" hai1="77,83,52,46,23,71,134,14,121,34,48,54,37" hai2="64,101,59,113,11,119,18,126,12,26,25,91,82" hai3="50,63,131,103,49,8,98,124,66,111,93,94,84"/><T45/><D135/><U32/><E121/><V128/><F113/><W41/><G111/><T75/><D109/><U0/><E134/><V132/><F132/><W60/><G131/><T69/><D75/><U74/><E0/><V115/><F115/><W2/><G124/><T29/><D45/><U3/><E3/><V117/><F101/><W4/><G63/><T90/><D70/><U15/><E71/><V58/><F126/><W47/><G84/><T42/><D42/><U102/><E102/><V13/><F128/><W130/><G130/><T5/><D5/><U116/><E116/><V17/><F91/><W10/><G10/><T127/><D69/><U120/><E120/><V88/><F64/><W97/><G97/><T22/><D22/><U44/><E23/><V123/><F123/><W27/><G27/><T56/><D56/><U81/><E37/><V105/><F105/><W40/><G40/><T62/><D62/><U133/><E133/><V55/><F55/><W122/><G122/><T35/><D35/><U1/><E1/><V73/><F73/><W85/><G85/><T30/><D127/><U51/><E74/><V79/><F79/><AGARI ba="0,0" hai="14,15,32,34,44,46,48,51,52,54,77,79,81,83" machi="79" ten="25,8000,1" yaku="22,2,52,2,54,1" doraHai="76" who="1" fromWho="2" sc="364,0,225,80,314,-80,97,0" /><INIT seed="5,0,0,0,3,48" ten="364,305,234,97" oya="1" hai0="18,95,130,55,37,30,81,83,98,101,72,133,53" hai1="94,110,114,58,54,25,124,32,70,39,106,63,122" hai2="36,125,64,49,112,89,126,15,129,91,87,128,67" hai3="113,66,59,60,23,16,9,1,116,99,19,102,65"/><U2/><RYUUKYOKU type="yao9" ba="0,0" sc="364,0,305,0,234,0,97,0" hai1="2,25,32,39,54,58,63,70,94,106,110,114,122,124" /><INIT seed="5,1,0,2,4,101" ten="364,305,234,97" oya="1" hai0="24,4,89,129,31,102,72,16,124,43,74,107,131" hai1="90,104,88,61,87,70,30,35,69,86,17,105,112" hai2="25,83,85,82,37,99,79,111,59,55,11,128,29" hai3="6,80,109,0,94,44,8,26,3,38,48,126,32"/><U34/><E17/><V20/><F37/><W117/><G109/><T95/><D124/><U123/><E30/><V2/><F128/><N who="0" m="49226" /><D4/><U77/><E77/><V121/><F121/><W110/><G38/><T103/><D43/><U45/><E61/><V14/><F111/><W46/><G110/><T130/><D130/><U135/><E45/><V58/><F2/><W21/><G32/><N who="1" m="12330" /><E112/><V113/><F113/><W27/><G126/><T114/><D31/><U23/><E23/><V19/><F99/><W7/><G117/><T22/><D114/><U47/><E47/><V106/><F106/><N who="1" m="41065" /><E123/><V68/><F59/><W75/><G46/><T98/><D103/><U97/><E135/><V64/><F58/><W5/><G94/><T60/><D60/><U120/><E120/><V78/><F78/><W56/><G56/><T71/><D102/><U40/><E40/><V119/><F79/><W116/><G116/><T54/><D107/><U96/><E87/><V67/><F85/><W118/><G118/><T125/><D54/><U92/><E88/><V84/><F84/><W66/><G21/><T9/><D9/><U1/><E1/><V73/><F119/><W33/><G8/><T50/><D125/><U108/><E108/><V42/><F42/><W63/><G0/><T91/><D91/><U15/><E15/><V62/><F62/><W100/><G63/><T115/><D115/><U122/><E122/><V41/><F14/><W28/><G3/><T52/><D52/><U57/><E57/><V76/><F55/><W12/><G12/><T93/><D93/><U53/><E53/><RYUUKYOKU ba="1,0" sc="364,-10,305,30,234,-10,97,-10" hai1="69,70,86,90,92,96,97" /><INIT seed="5,2,0,2,0,107" ten="354,335,224,87" oya="1" hai0="55,120,128,83,34,35,99,26,125,14,20,37,78" hai1="95,8,102,46,23,117,31,85,56,111,66,25,119" hai2="75,19,60,122,7,132,123,71,22,15,36,53,59" hai3="79,86,106,70,58,94,6,48,81,65,110,5,47"/><U57/><E111/><V38/><F132/><W104/><G70/><T77/><D120/><U33/><E33/><V41/><F75/><W18/><G110/><T82/><D37/><U42/><E8/><V3/><F3/><W27/><G104/><T84/><D128/><U68/><E68/><V11/><F71/><W64/><G106/><T4/><D125/><U73/><E73/><V91/><F91/><W32/><G94/><T80/><D99/><N who="1" m="59775" /><E57/><V63/><F63/><W93/><G93/><T1/><D1/><U89/><E85/><V98/><F98/><W109/><G109/><T129/><D129/><U116/><E89/><V29/><F29/><W124/><G124/><T74/><D83/><U131/><E131/><V69/><F69/><W40/><G32/><T90/><D90/><U76/><E76/><V2/><REACH who="2" step="1"/><F41/><REACH who="2" ten="354,335,214,87" step="2"/><W54/><G65/><T87/><D74/><U92/><E119/><V72/><F72/><W113/><G64/><T130/><D130/><U105/><E117/><V0/><F0/><W49/><REACH who="3" step="1"/><G113/><REACH who="3" ten="354,335,214,77" step="2"/><T62/><D35/><U88/><E66/><V43/><F43/><W50/><G50/><T133/><D34/><U134/><E42/><V24/><F24/><W13/><G13/><T9/><D26/><U121/><E25/><V16/><F16/><W30/><G30/><T118/><D118/><U127/><E31/><V51/><F51/><W115/><G115/><T44/><D14/><U97/><E116/><V61/><F61/><W21/><AGARI ba="2,2" hai="5,6,18,21,27,40,47,48,49,54,58,79,81,86" machi="21" ten="30,4000,0" yaku="1,1,0,1,8,1,53,0" doraHai="107" doraHaiUra="67" who="3" fromWho="3" sc="354,-12,335,-22,214,-12,77,66" /><INIT seed="6,0,0,0,1,68" ten="342,313,202,143" oya="2" hai0="109,63,65,106,39,64,123,85,48,36,127,43,67" hai1="62,19,83,66,28,23,98,105,6,42,128,0,34" hai2="122,99,29,56,126,84,82,16,94,88,46,1,76" hai3="129,77,32,27,75,59,61,113,92,135,57,80,111"/><V103/><F126/><W134/><G111/><T60/><D106/><U4/><E42/><V81/><F1/><W87/><G129/><T35/><D35/><U70/><E128/><V52/><F122/><W12/><G113/><T107/><D107/><U30/><E83/><V33/><F33/><W9/><G32/><T115/><D127/><U120/><E120/><V25/><F46/><W50/><G27/><T38/><D123/><U53/><E53/><V97/><F29/><W133/><G50/><T78/><D115/><U74/><E74/><V47/><F47/><W86/><G92/><T125/><D125/><U90/><E0/><V93/><F82/><W13/><G13/><T22/><D22/><U108/><E108/><V17/><F25/><W116/><G116/><T14/><D14/><N who="1" m="9719" /><E90/><V130/><F130/><W5/><REACH who="3" step="1"/><G59/><REACH who="3" ten="342,313,202,133" step="2"/><T7/><D109/><U131/><E34/><V2/><F2/><W31/><G31/><T79/><D48/><AGARI ba="0,1" hai="16,17,48,52,56,76,81,84,88,93,94,97,99,103" machi="48" ten="30,12000,1" yaku="7,1,8,1,54,3" doraHai="68" who="2" fromWho="0" sc="342,-120,313,0,202,130,133,0" /><INIT seed="6,1,0,2,0,71" ten="222,313,332,133" oya="2" hai0="29,60,64,119,103,33,96,72,109,27,9,82,8" hai1="85,42,108,58,106,14,93,129,134,125,120,18,118" hai2="1,112,133,7,83,81,48,116,97,25,53,128,67" hai3="44,100,43,45,61,21,5,88,113,132,95,92,20"/><V87/><F116/><W22/><G132/><T49/><D119/><U24/><E118/><V0/><F67/><W84/><G113/><T78/><D109/><U104/><E108/><V65/><F65/><W98/><G5/><T15/><D49/><U4/><E134/><V55/><F133/><W38/><G45/><T46/><D46/><U36/><E4/><V51/><F97/><W99/><G61/><T37/><D37/><U76/><E24/><V102/><F102/><W56/><G56/><T86/><D15/><U69/><E69/><V94/><F7/><W127/><G127/><T80/><D80/><U62/><E125/><V28/><F94/><W122/><REACH who="3" step="1"/><G99/><REACH who="3" ten="222,313,332,123" step="2"/><T10/><D72/><U12/><E58/><V70/><F112/><W105/><G105/><T54/><D54/><U31/><E62/><V17/><F70/><W91/><G91/><T26/><D60/><U30/><E104/><V32/><F55/><W124/><G124/><T123/><D64/><U89/><E89/><V66/><F53/><W40/><G40/><T135/><D135/><U35/><E42/><V13/><F66/><W19/><G19/><T63/><D63/><U2/><E18/><V77/><F17/><W115/><G115/><T73/><D73/><U16/><E16/><V75/><F75/><W79/><G79/><T121/><D96/><U41/><E41/><V47/><F77/><W110/><G110/><T34/><D103/><U117/><E106/><V68/><F68/><W11/><G11/><T126/><D126/><U90/><E117/><V39/><F47/><W101/><G101/><RYUUKYOKU ba="1,1" sc="222,15,313,-15,332,-15,123,15" hai0="8,9,10,26,27,29,33,34,78,82,86,121,123" hai3="20,21,22,38,43,44,84,88,92,95,98,100,122" /><INIT seed="7,2,1,5,2,65" ten="237,298,317,138" oya="3" hai0="84,101,15,30,44,39,42,45,103,85,62,10,91" hai1="31,110,59,92,67,3,113,41,35,20,121,89,66" hai2="97,102,130,135,13,58,47,81,5,127,37,72,61" hai3="104,82,107,119,134,96,115,34,70,6,36,49,112"/><W24/><G36/><T116/><D116/><U117/><E110/><V109/><F109/><W2/><G119/><T22/><D45/><U7/><E121/><V98/><F98/><W32/><G134/><T4/><D62/><U55/><E117/><V122/><F5/><W33/><G82/><T56/><D56/><U94/><E35/><V106/><F13/><W76/><G76/><T40/><D40/><U12/><E113/><N who="3" m="43594" /><G24/><T132/><D132/><U118/><E118/><V120/><F81/><W53/><G96/><T124/><D124/><U128/><E128/><V60/><F72/><W75/><G75/><T48/><D39/><U100/><E41/><N who="2" m="22959" /><F135/><W123/><G123/><N who="2" m="47145" /><F130/><W50/><G70/><T74/><D74/><U18/><E100/><V19/><F127/><W108/><G108/><T83/><REACH who="0" step="1"/><D85/><REACH who="0" ten="227,298,317,138" step="2"/><U1/><E67/><V43/><F43/><W11/><G50/><T69/><D69/><U25/><E66/><V9/><F58/><AGARI ba="2,2" hai="2,6,11,32,33,34,49,53,58,104,107" m="43594" machi="58" ten="40,2000,0" yaku="15,1" doraHai="65" who="3" fromWho="2" sc="227,0,298,0,317,-26,138,46" /><INIT seed="7,3,0,2,2,134" ten="227,298,291,184" oya="3" hai0="63,4,34,38,88,48,124,40,93,31,92,82,59" hai1="70,17,19,27,11,55,129,125,6,89,52,10,54" hai2="94,127,14,110,131,132,13,87,28,9,37,23,128" hai3="16,86,81,114,96,62,60,100,21,24,104,0,73"/><W85/><G114/><T33/><D38/><U39/><E39/><V22/><F127/><W75/><G0/><T67/><D4/><U74/><E70/><V41/><F110/><W45/><G86/><T15/><D124/><U101/><E125/><V105/><F105/><W42/><G73/><T44/><D82/><U32/><E32/><V47/><F132/><W109/><G75/><T1/><D1/><U106/><E74/><V135/><F135/><W95/><G104/><T36/><D31/><U7/><E101/><V112/><F112/><W119/><G119/><T29/><D29/><U115/><E106/><V120/><F120/><W121/><G121/><T78/><D78/><U102/><E102/><V103/><F28/><W97/><G97/><T79/><D79/><U35/><E35/><V18/><F103/><W108/><G109/><T69/><D15/><N who="1" m="7423" /><E129/><N who="2" m="49739" /><F14/><W72/><G72/><T30/><D92/><U111/><E111/><V130/><F130/><W99/><G99/><T53/><D30/><U58/><E115/><V8/><F8/><W2/><G2/><T50/><D50/><N who="1" m="30999" /><E89/><AGARI ba="3,0" hai="9,13,18,22,23,37,41,47,87,89,94" m="49739" machi="89" ten="30,1000,0" yaku="19,1" doraHai="134" who="2" fromWho="1" sc="227,0,298,-19,291,19,184,0" owari="227,-17.0,279,8.0,310,41.0,184,-32.0" /></mjloggm>