<mjloggm ver="2.3"><GO type="169" lobby="0"/><UN n0="%E3%82%A6%E3%83%AB%E3%83%88%E3%83%A9%E7%AB%8B%E7%9B%B4" n1="%E5%80%89%E6%A9%8B%EF%BC%A0%E4%BA%8B%E5%8B%99" n2="%E3%82%A4%E3%83%81%E3%83%AD%E3%82%AF%E3%82%B6%E3%83%B3%E3%83%8B" n3="%E3%81%84%E3%81%AA%E3%81%97%E3%82%93%E3%80%82" dan="18,16,17,16" rate="2246.10,2112.09,2191.10,2147.83" sx="M,M,M,M"/><TAIKYOKU oya="0"/><INIT seed="0,0,0,3,1,76" ten="250,250,250,250" oya="0" hai0="58,34,44,11,3,128,40,14,32,18,129,46,106" hai1="85,121,100,103,74,89,132,122,43,127,12,5,90" hai2="56,66,67,77,17,104,21,133,57,72,105,98,4" hai3="9,8,50,29,80,53,27,60,41,23,48,78,6"/><T39/><D106/><U73/><E43/><V1/><F133/><W13/><G41/><T130/><D46/><U113/><E12/><V116/><F116/><W30/><G9/><T111/><D3/><U2/><E5/><V101/><F105/><W107/><G107/><T120/><D120/><N who="1" m="46187" /><E2/><V31/><F31/><W81/><G30/><T71/><D71/><U35/><E35/><V61/><F72/><N who="1" m="27753" /><E132/><V115/><F77/><W10/><G78/><T51/><REACH who="0" step="1"/><D111/><REACH who="0" ten="240,250,250,250" step="2"/><U28/><E113/><V99/><F115/><W0/><G60/><T102/><D102/><U24/><E103/><V86/><F101/><W124/><G124/><T54/><AGARI ba="0,1" hai="11,14,18,32,34,39,40,44,51,54,58,128,129,130" machi="54" ten="40,12000,1" yaku="1,1,0,1,19,1,53,1" doraHai="76" doraHaiUra="38" who="0" fromWho="0" sc="240,130,250,-40,250,-40,250,-40" /><INIT seed="0,1,0,2,4,71" ten="370,210,210,210" oya="0" hai0="130,85,8,80,108,55,105,27,92,47,131,18,57" hai1="109,58,113,122,124,84,56,24,135,76,125,115,104" hai2="100,15,42,39,90,128,48,28,72,22,77,51,88" hai3="5,118,111,98,6,25,65,66,33,11,134,116,61"/><T17/><D105/><U74/><E74/><V120/><F120/><W127/><G111/><T43/><D92/><U53/><E104/><V23/><F100/><W12/><G134/><T62/><D108/><U44/><E109/><V60/><F128/><N who="0" m="49194" /><D27/><U50/><E122/><V68/><F39/><W121/><G121/><T59/><D59/><N who="1" m="22571" /><E24/><V49/><F42/><W32/><G127/><N who="1" m="48714" /><E135/><V26/><F77/><W36/><G25/><T117/><D8/><U29/><E29/><V4/><F72/><W1/><G32/><T19/><D117/><U0/><E0/><V70/><F70/><W16/><G33/><T86/><D80/><AGARI ba="1,0" hai="44,50,53,76,80,84,113,115" m="48714,22571" machi="80" ten="30,1000,0" yaku="18,1" doraHai="71" who="1" fromWho="0" sc="370,-13,210,13,210,0,210,0" /><INIT seed="1,0,0,3,3,73" ten="357,223,210,210" oya="1" hai0="65,16,68,2,17,115,104,63,107,21,81,52,123" hai1="6,79,12,61,100,29,57,114,72,80,31,94,93" hai2="110,134,54,30,117,88,113,43,46,39,83,8,105" hai3="132,76,1,133,55,11,53,58,38,127,32,42,10"/><U35/><E114/><V92/><F117/><W40/><G32/><T125/><D2/><U67/><E35/><V121/><F121/><W116/><G127/><T96/><D115/><U124/><E124/><V44/><F113/><W91/><G116/><T18/><D125/><U36/><E36/><V19/><F105/><W97/><G76/><T70/><D70/><U41/><E41/><N who="3" m="15978" /><G38/><T3/><D3/><U78/><E100/><V99/><F110/><W48/><G55/><T20/><D123/><U131/><E131/><V37/><F134/><N who="3" m="51819" /><G1/><T130/><D130/><U101/><E101/><V126/><F126/><W128/><G128/><T15/><D96/><U111/><E111/><V9/><F30/><N who="1" m="11273" /><E72/><V112/><F112/><W50/><G50/><T135/><D135/><U47/><E80/><V85/><F39/><W24/><G24/><T74/><D81/><U26/><E26/><V71/><F71/><W98/><G98/><T87/><D74/><U95/><E47/><V90/><REACH who="2" step="1"/><F19/><REACH who="2" ten="357,223,200,210" step="2"/><W69/><G69/><T49/><D107/><U120/><E120/><V4/><F4/><W84/><G97/><T22/><D104/><U106/><E106/><V25/><F25/><W75/><G75/><T62/><D68/><U23/><E6/><V13/><F13/><W102/><G102/><T56/><D15/><U51/><E12/><V118/><F118/><W7/><G7/><T64/><D87/><U122/><E122/><V109/><F109/><W0/><G0/><T108/><D108/><U33/><E33/><V28/><F28/><W59/><G84/><T86/><D86/><RYUUKYOKU ba="0,1" sc="357,15,223,-15,200,15,210,-15" hai0="16,17,18,20,21,22,49,52,56,62,63,64,65" hai2="8,9,37,43,44,46,54,83,85,88,90,92,99" /><INIT seed="2,1,1,4,5,61" ten="372,208,215,195" oya="2" hai0="9,127,104,8,16,27,108,6,11,60,109,52,129" hai1="72,112,46,29,70,98,132,94,116,53,56,50,2" hai2="135,110,73,103,54,134,93,121,22,119,63,97,57" hai3="65,95,32,87,49,39,99,31,59,79,75,111,100"/><V96/><F119/><W45/><G111/><N who="0" m="42571" /><D104/><U30/><E70/><V122/><F73/><W67/><G39/><T21/><D129/><U80/><E112/><V71/><F110/><W117/><G59/><N who="0" m="34919" /><D127/><U47/><E2/><AGARI ba="1,1" hai="2,6,8,9,11,16,21,27" m="34919,42571" machi="2" ten="30,3900,0" yaku="14,1,54,2" doraHai="61" who="0" fromWho="1" sc="372,52,208,-42,215,0,195,0" /><INIT seed="3,0,0,3,2,101" ten="424,166,215,195" oya="3" hai0="72,31,15,10,89,114,9,96,104,33,42,74,73" hai1="20,7,11,107,115,133,116,117,100,126,56,12,0" hai2="93,129,68,49,121,112,75,135,25,88,76,97,8" hai3="65,77,26,92,61,32,28,91,99,17,64,4,21"/><W95/><G77/><T1/><D1/><U38/><E38/><V30/><F68/><W16/><G4/><T119/><D119/><U36/><E36/><V102/><F112/><W29/><G17/><T86/><D42/><U53/><E115/><V118/><F118/><W134/><G134/><T57/><D57/><U35/><E35/><V37/><F37/><W23/><G32/><T111/><D111/><U90/><E133/><V125/><F135/><W80/><G80/><T69/><D69/><U109/><E109/><V27/><F129/><W19/><G92/><T47/><D47/><U2/><E126/><V105/><F125/><W71/><REACH who="3" step="1"/><G65/><REACH who="3" ten="424,166,215,185" step="2"/><T128/><D33/><U132/><E132/><V84/><F121/><W87/><G87/><T6/><D86/><U106/><E117/><V124/><F124/><W45/><G45/><T43/><D6/><U123/><E116/><V14/><F30/><W127/><G127/><T110/><D110/><U79/><E79/><V66/><F66/><W58/><G58/><T98/><D31/><U94/><E123/><V48/><F75/><W40/><G40/><T131/><D43/><U85/><E100/><V62/><F76/><W113/><G113/><T41/><D114/><U3/><REACH who="1" step="1"/><E20/><REACH who="1" ten="424,156,215,185" step="2"/><V51/><F102/><W81/><G81/><T24/><D131/><U22/><E22/><V63/><F93/><W120/><G120/><T82/><D128/><U108/><E108/><V18/><F84/><W13/><AGARI ba="0,2" hai="13,16,19,21,23,26,28,29,61,64,71,91,95,99" machi="13" ten="20,7800,0" yaku="1,1,0,1,7,1,54,1,53,0" doraHai="101" doraHaiUra="83" who="3" fromWho="3" sc="424,-26,156,-26,215,-26,185,98" /><INIT seed="3,1,0,2,5,28" ten="398,130,189,283" oya="3" hai0="72,134,60,27,82,8,80,47,121,43,97,41,23" hai1="68,86,22,16,73,108,40,17,89,78,15,20,9" hai2="114,123,21,54,61,110,76,79,33,53,52,74,30" hai3="71,39,132,130,57,29,37,13,113,3,70,98,125"/><W51/><G3/><T45/><D121/><U42/><E68/><N who="3" m="26154" /><G29/><T36/><D72/><U116/><E108/><V2/><F110/><W94/><G13/><T63/><D134/><U87/><E116/><V10/><F114/><W93/><G93/><T59/><D97/><U12/><E9/><V133/><F133/><W55/><G94/><T90/><D8/><U99/><E99/><V88/><F123/><W49/><G98/><T92/><D92/><U105/><E105/><V104/><F104/><W103/><G103/><T14/><D14/><U25/><E25/><N who="2" m="16687" /><F33/><W81/><G81/><T5/><D5/><U115/><E115/><V126/><F2/><W100/><G100/><T127/><D90/><U0/><E0/><V38/><F74/><W24/><G24/><T48/><D82/><U75/><E89/><V106/><F106/><W46/><G113/><T19/><D80/><U84/><REACH who="1" step="1"/><E84/><REACH who="1" ten="398,120,189,283" step="2"/><V131/><F88/><W129/><G132/><T65/><D27/><U64/><E64/><V111/><F111/><W31/><G125/><T11/><D127/><U135/><E135/><V32/><F126/><W85/><G85/><T120/><D11/><U34/><E34/><V58/><F32/><W66/><G31/><T26/><D120/><U83/><E83/><V4/><F10/><W91/><G91/><T118/><D26/><U109/><E109/><V96/><F96/><W18/><G18/><T56/><D19/><U101/><E101/><V69/><F79/><AGARI ba="1,1" hai="12,15,16,17,20,22,40,42,73,75,78,79,86,87" machi="79" ten="25,6400,0" yaku="1,1,22,2,54,1,53,0" doraHai="28" doraHaiUra="95" who="1" fromWho="2" sc="398,0,120,77,189,-67,283,0" /><INIT seed="4,0,0,4,5,101" ten="398,197,122,283" oya="0" hai0="57,11,111,117,75,14,22,70,26,60,52,100,69" hai1="64,49,88,50,127,122,32,132,123,113,44,1,6" hai2="34,21,124,76,85,61,96,84,114,67,62,7,109" hai3="102,33,38,71,73,56,16,129,0,4,95,91,110"/><T119/><D75/><U92/><E32/><V12/><F109/><W63/><G71/><T115/><D115/><U18/><E64/><V134/><F34/><W82/><G38/><T86/><D111/><U9/><E113/><V103/><F114/><W97/><G33/><T30/><D100/><U79/><E79/><V125/><F134/><W19/><G129/><T78/><D78/><U40/><E132/><V87/><F76/><W120/><G110/><T36/><D36/><U29/><E127/><N who="2" m="48715" /><F67/><W118/><G120/><T20/><D20/><U24/><E29/><V77/><F77/><W99/><G118/><T81/><D81/><U47/><E24/><V94/><F21/><W112/><G112/><T41/><D86/><N who="2" m="22018" /><V28/><DORA hai="10" /><F28/><W39/><G73/><T51/><D70/><U23/><E92/><V66/><F66/><W121/><G121/><T130/><D130/><U106/><E122/><V37/><F37/><W131/><G131/><T46/><REACH who="0" step="1"/><D69/><REACH who="0" ten="388,197,122,283" step="2"/><U27/><E123/><V93/><F94/><W17/><G39/><T35/><D35/><U90/><REACH who="1" step="1"/><E106/><REACH who="1" ten="388,187,122,283" step="2"/><V107/><F93/><W25/><G25/><T54/><D54/><AGARI ba="0,2" hai="1,6,9,18,23,27,40,44,47,49,50,54,88,90" machi="54" ten="30,8000,1" yaku="1,1,2,1,7,1,54,1,53,1" doraHai="101,10" doraHaiUra="3,108" who="1" fromWho="0" sc="388,-80,187,100,122,0,283,0" /><INIT seed="5,0,0,5,1,71" ten="308,287,122,283" oya="1" hai0="73,1,31,34,28,14,92,38,16,0,100,45,29" hai1="57,112,60,101,99,86,78,36,62,61,56,51,47" hai2="23,130,128,88,74,104,113,53,33,122,75,26,55" hai3="135,4,115,98,123,82,7,42,90,69,46,102,85"/><U39/><E112/><V9/><F122/><W41/><G123/><T131/><D73/><N who="2" m="27658" /><F104/><W3/><G69/><T106/><D106/><U116/><E116/><V121/><F33/><W118/><G115/><T83/><D83/><U8/><E8/><V127/><F113/><W93/><G93/><T64/><D64/><U120/><E120/><V105/><F105/><W50/><G135/><T108/><D108/><U80/><E57/><V59/><F121/><W35/><G35/><T96/><D131/><N who="2" m="50218" /><F9/><W97/><G118/><T79/><D79/><U94/><REACH who="1" step="1"/><E56/><REACH who="1" ten="308,277,122,283" step="2"/><V32/><F59/><W43/><G3/><T49/><D0/><U52/><AGARI ba="0,1" hai="36,39,47,51,52,60,61,62,78,80,86,94,99,101" machi="52" ten="30,18000,2" yaku="1,1,2,1,0,1,52,2,54,1,53,1" doraHai="71" doraHaiUra="77" who="1" fromWho="1" sc="308,-60,277,190,122,-60,283,-60" /><INIT seed="5,1,0,1,0,86" ten="248,467,62,223" oya="1" hai0="58,24,21,126,41,80,35,2,59,45,0,70,130" hai1="43,133,102,122,15,77,91,33,127,113,57,31,131" hai2="120,110,16,90,97,62,103,47,64,121,37,134,89" hai3="23,10,29,53,20,3,75,124,71,79,12,54,67"/><U39/><E122/><V87/><F110/><W8/><G124/><T48/><D35/><U44/><E102/><V106/><F134/><W84/><G75/><T108/><D108/><U101/><E101/><V73/><F73/><W125/><G125/><T51/><D70/><U11/><E77/><V40/><F16/><N who="3" m="10247" /><G71/><T76/><D130/><U9/><E127/><V17/><F17/><W38/><G67/><T14/><D14/><U88/><E133/><V34/><F34/><W5/><G38/><T82/><D126/><U56/><E131/><V135/><F135/><W25/><G3/><T27/><D21/><U7/><E113/><V100/><F100/><W109/><G109/><T49/><D45/><U61/><E11/><N who="3" m="4138" /><G5/><T28/><D28/><U55/><REACH who="1" step="1"/><E56/><REACH who="1" ten="248,457,62,223" step="2"/><V74/><F74/><W118/><G118/><T94/><D59/><U46/><E46/><V132/><F132/><W78/><G79/><T111/><D76/><U107/><E107/><V13/><F13/><W98/><G98/><T112/><D111/><U72/><E72/><V104/><F104/><W1/><G1/><T83/><D0/><U115/><E115/><V123/><REACH who="2" step="1"/><F87/><REACH who="2" ten="248,457,52,223" step="2"/><W93/><G84/><T60/><D2/><U68/><E68/><AGARI ba="1,2" hai="37,40,47,62,64,68,89,90,97,103,106,120,121,123" machi="68" ten="40,8000,1" yaku="1,1,2,1,52,2,53,0" doraHai="86" doraHaiUra="50" who="2" fromWho="1" sc="248,0,457,-83,52,103,223,0" /><INIT seed="6,0,0,0,5,8" ten="248,374,155,223" oya="2" hai0="114,54,13,21,44,68,12,89,38,93,82,53,62" hai1="121,9,63,31,46,26,36,17,58,74,95,76,106" hai2="7,24,127,32,98,14,131,124,126,118,71,55,128" hai3="4,52,23,113,6,35,87,61,75,94,103,135,132"/><V33/><F71/><W29/><G75/><T91/><D114/><U73/><E106/><V111/><F118/><W28/><G35/><N who="2" m="13385" /><F55/><W86/><G113/><T109/><D109/><U1/><E121/><V123/><F123/><W19/><G132/><T122/><D122/><U72/><E95/><V92/><F111/><W116/><G116/><T130/><D130/><N who="2" m="49706" /><F24/><W84/><G135/><T3/><D3/><U120/><E120/><V134/><F134/><W108/><G108/><T64/><D21/><U105/><E31/><N who="3" m="11850" /><G103/><T117/><D117/><U11/><E26/><V115/><F115/><W18/><G94/><T125/><D93/><U69/><E69/><V42/><F42/><W50/><G61/><T78/><D62/><U15/><E105/><V107/><F107/><W90/><G90/><T66/><D91/><U34/><E34/><V0/><F92/><W81/><G81/><T100/><D82/><U20/><E76/><V101/><F98/><W48/><G48/><T119/><D119/><U97/><E97/><V70/><F70/><W43/><G43/><T67/><D68/><U47/><E36/><V112/><F112/><W133/><G133/><T96/><D78/><U110/><E110/><V104/><F104/><W129/><G129/><T79/><D79/><U77/><E77/><V51/><F51/><W5/><G23/><T59/><D38/><U88/><E88/><V37/><F37/><W80/><G80/><T102/><D89/><U2/><E47/><AGARI ba="0,0" hai="4,5,6,18,19,47,50,52,84,86,87" m="11850" machi="47" ten="30,2000,0" yaku="8,1,54,1" doraHai="8" who="3" fromWho="1" sc="248,0,374,-20,155,0,223,20" /><INIT seed="7,0,0,1,4,14" ten="248,354,155,243" oya="3" hai0="135,5,104,60,34,22,44,4,108,58,29,100,28" hai1="115,105,7,3,48,80,121,38,117,111,39,63,128" hai2="61,46,31,94,91,65,131,6,37,45,129,71,21" hai3="54,18,113,75,98,16,20,82,15,72,47,92,102"/><W118/><G118/><T59/><D34/><U90/><E105/><V101/><F101/><W83/><G113/><T66/><D108/><U89/><E111/><V76/><F76/><W110/><G110/><T12/><D104/><U86/><E121/><V36/><F6/><W64/><G64/><T52/><D100/><U56/><E115/><V2/><F2/><W119/><G119/><T57/><D135/><U11/><E128/><V95/><F31/><W17/><G72/><T106/><D106/><U10/><E117/><V88/><F21/><N who="3" m="11423" /><G75/><T78/><D78/><U0/><E48/><V51/><F51/><N who="3" m="29055" /><G18/><T84/><D66/><U134/><E134/><V85/><F46/><W1/><G1/><T53/><D44/><U9/><E39/><V73/><F73/><W87/><G87/><T112/><D84/><U23/><E38/><V114/><F114/><W124/><G124/><T68/><D112/><U127/><E127/><V109/><F109/><W96/><G96/><T69/><D4/><U99/><E0/><V49/><F49/><W130/><G130/><T43/><D5/><U103/><E23/><V107/><F107/><W123/><G123/><T24/><D22/><U67/><E3/><V13/><F13/><AGARI ba="0,0" hai="13,17,20,82,83,92,98,102" m="29055,11423" machi="13" ten="30,11600,0" yaku="8,1,52,2,54,1" doraHai="14" who="3" fromWho="2" sc="248,0,354,0,155,-116,243,116" owari="248,-15.0,354,15.0,39,-46.0,359,46.0" /></mjloggm>