<mjloggm ver="2.3"><GO type="169" lobby="0"/><UN n0="%73%6F%67%6F" n1="%E7%AB%8B%E7%9B%B4%E5%A5%BD%E6%A3%92%40%E5%BF%98" n2="%E6%B8%85%E7%AB%9C%E9%97%98%E5%A3%AB" n3="%E3%83%88%E3%83%88%E3%83%AA%E5%85%88%E7%94%9F%31%39%E6%AD%B3" dan="17,16,16,19" rate="2132.44,2149.58,2091.52,2260.86" sx="F,M,M,F"/><TAIKYOKU oya="0"/><INIT seed="0,0,0,4,5,13" ten="250,250,250,250" oya="0" hai0="103,89,78,108,110,54,16,66,22,14,134,98,11" hai1="99,46,53,29,77,60,127,12,122,47,1,17,4" hai2="52,118,117,20,81,106,94,100,85,8,71,102,49" hai3="79,55,131,115,10,132,35,104,27,31,114,84,3"/><T67/><D134/><U23/><E127/><V68/><F106/><W133/><G104/><T112/><D78/><U80/><E122/><V135/><F135/><N who="3" m="51787" /><G55/><T95/><D112/><N who="3" m="43049" /><G84/><T65/><D54/><U74/><E99/><V32/><F32/><W69/><G69/><T116/><D116/><N who="2" m="44650" /><F71/><W88/><G88/><T38/><D38/><U91/><E91/><N who="2" m="53615" /><F68/><W50/><G50/><T92/><REACH who="0" step="1"/><D11/><REACH who="0" ten="240,250,250,250" step="2"/><U124/><E124/><V125/><F8/><W83/><G79/><T9/><D9/><U41/><E41/><V76/><F125/><W120/><G120/><T28/><D28/><U40/><E40/><V105/><F105/><W87/><G10/><T64/><N who="0" m="16384" /><DORA hai="21" /><T73/><D73/><U121/><E121/><V15/><F76/><W36/><G36/><T72/><D72/><U19/><E53/><V30/><F30/><W107/><G31/><T44/><D44/><U129/><E46/><V34/><F52/><W119/><G107/><T24/><D24/><U58/><E47/><V126/><F126/><W48/><G27/><T97/><AGARI ba="0,1" hai="14,16,22,89,92,95,97,98,103,108,110" m="16384" machi="97" ten="50,36000,4" yaku="1,1,0,1,52,1,54,1,53,8" doraHai="13,21" doraHaiUra="61,62" who="0" fromWho="0" sc="240,370,250,-120,250,-120,250,-120" /><INIT seed="0,1,0,3,2,81" ten="610,130,130,130" oya="0" hai0="1,3,26,129,86,101,74,110,30,32,96,97,77" hai1="4,108,70,121,10,23,29,83,73,106,47,7,123" hai2="131,42,18,14,33,52,93,8,124,36,53,46,91" hai3="89,88,128,45,100,95,107,84,122,79,75,132,116"/><T87/><D129/><U125/><E108/><V111/><F111/><W90/><G45/><T21/><D110/><U6/><E106/><V9/><F131/><W67/><G67/><T17/><D74/><U130/><E70/><V0/><F33/><W41/><G41/><T22/><D97/><U13/><E47/><V109/><F109/><W50/><G50/><T38/><D38/><U82/><E73/><V43/><F43/><W99/><G116/><T15/><D77/><U76/><E76/><V103/><F103/><W55/><G55/><T98/><D98/><U34/><E83/><V12/><F0/><W126/><G128/><T62/><D62/><U59/><E59/><V28/><F28/><W58/><G58/><T127/><D127/><U11/><E82/><V92/><F92/><W60/><G60/><T57/><D57/><U102/><E102/><V63/><F63/><W64/><G64/><T40/><D40/><U78/><E78/><V54/><F124/><W135/><G126/><T72/><D72/><U68/><E68/><V27/><F27/><W113/><G79/><T120/><D120/><U71/><E71/><V49/><F36/><W31/><G75/><T134/><D134/><N who="3" m="51241" /><G122/><N who="1" m="46602" /><E130/><V114/><F114/><W80/><G113/><T85/><REACH who="0" step="1"/><D32/><REACH who="0" ten="600,130,130,130" step="2"/><U66/><E125/><V104/><F42/><W48/><G48/><T65/><D65/><U112/><E66/><V20/><F104/><AGARI ba="1,1" hai="1,3,15,17,21,22,26,30,85,86,87,96,101,104" machi="104" ten="40,12000,1" yaku="1,1,52,3,53,0" doraHai="81" doraHaiUra="51" who="0" fromWho="2" sc="600,133,130,0,130,-123,130,0" /><INIT seed="0,2,0,0,0,30" ten="733,130,7,130" oya="0" hai0="134,24,55,88,61,58,7,100,98,17,71,84,132" hai1="53,54,103,27,31,92,60,82,26,18,81,108,105" hai2="64,79,80,23,121,122,124,1,66,128,114,13,131" hai3="90,89,32,118,70,11,110,99,3,127,63,46,5"/><T12/><D71/><U4/><E105/><V67/><F1/><W117/><G32/><T14/><D7/><U20/><E4/><V97/><F114/><W109/><G127/><T44/><D44/><U93/><E108/><N who="3" m="41578" /><G46/><T69/><D69/><U37/><E37/><V22/><F124/><W113/><G113/><T40/><D40/><U47/><E47/><V111/><F111/><W39/><G39/><T87/><D87/><U29/><E60/><V41/><F41/><W78/><G78/><T6/><D6/><U36/><E36/><V95/><F13/><W116/><G99/><T42/><D42/><U101/><E20/><V77/><F80/><W106/><G106/><T73/><D73/><U57/><E18/><V38/><F38/><W19/><G19/><T133/><D24/><U68/><E68/><V91/><F79/><W52/><G52/><T49/><D17/><U119/><E119/><V45/><F77/><W120/><G120/><N who="2" m="46185" /><F45/><W56/><G56/><AGARI ba="2,0" hai="26,27,29,31,53,54,56,57,81,82,92,93,101,103" machi="56" ten="25,3200,0" yaku="22,2,8,1" doraHai="30" who="1" fromWho="3" sc="733,0,130,38,7,0,130,-38" /><INIT seed="1,0,0,5,4,82" ten="733,168,7,92" oya="1" hai0="12,127,59,40,1,63,10,68,103,93,126,31,32" hai1="115,2,65,131,19,119,24,107,33,55,120,30,9" hai2="48,123,29,45,114,80,5,132,11,76,44,6,21" hai3="36,124,128,22,41,16,121,74,92,3,133,102,42"/><U73/><E65/><V64/><F123/><W116/><G121/><T118/><D68/><U101/><E73/><V70/><F70/><W96/><G74/><T110/><D31/><U20/><E55/><V52/><F64/><W14/><G3/><T46/><D32/><U25/><E120/><V134/><F114/><W50/><G36/><T69/><D1/><U62/><E62/><V56/><F29/><W106/><G128/><T35/><D35/><U83/><E83/><V135/><F21/><W100/><G133/><N who="2" m="34049" /><V78/><DORA hai="51" /><F78/><W60/><G124/><T113/><D69/><U49/><E119/><V13/><F6/><W108/><G108/><T87/><D110/><U77/><E77/><V117/><F117/><W23/><G116/><T18/><D113/><U47/><E115/><V66/><F66/><W0/><G0/><T15/><D118/><U57/><E131/><V54/><F54/><W71/><G71/><T85/><D10/><U89/><E9/><V129/><F129/><W53/><G23/><T17/><D126/><U130/><E130/><V104/><F104/><W91/><G60/><T43/><D63/><U37/><E107/><V61/><F61/><W122/><G122/><T109/><D109/><U97/><E30/><V111/><F111/><W26/><G26/><T67/><D67/><U75/><E25/><V105/><F105/><W58/><G106/><T39/><D127/><U8/><E24/><V112/><F112/><W84/><G22/><T72/><D18/><U28/><E20/><V34/><F34/><W38/><G53/><T95/><D17/><RYUUKYOKU ba="0,0" sc="733,-10,168,-10,7,30,92,-10" hai2="5,11,13,44,45,48,52,56,76,80" /><INIT seed="2,1,0,3,5,80" ten="723,158,37,82" oya="2" hai0="83,9,92,10,14,99,75,20,19,96,53,123,0" hai1="41,2,66,45,24,122,21,134,90,127,104,3,49" hai2="114,34,22,125,30,117,13,135,126,18,133,79,15" hai3="61,67,56,39,58,4,82,132,12,93,78,76,115"/><V25/><F117/><W130/><G39/><T118/><D123/><U48/><E127/><N who="2" m="48651" /><F79/><W50/><G130/><T60/><D99/><U57/><E134/><N who="2" m="51211" /><F114/><W64/><G132/><T129/><D129/><U74/><E122/><V88/><F88/><W1/><G1/><T110/><D0/><U77/><E90/><V46/><F46/><W26/><G115/><T116/><D75/><U69/><E77/><V5/><F5/><W23/><G93/><T89/><D83/><U8/><E104/><V106/><F106/><W113/><G113/><T121/><D121/><U68/><E74/><V91/><F91/><W72/><G76/><T102/><D89/><U37/><E2/><V131/><F131/><W44/><G72/><T101/><D116/><U98/><E3/><V109/><F109/><W42/><G82/><T38/><D110/><U32/><E98/><V73/><F73/><W94/><G94/><T36/><D102/><U16/><E32/><V105/><F105/><W70/><G78/><T124/><D118/><U119/><E119/><V108/><F108/><W40/><G4/><T112/><D112/><U31/><E37/><N who="0" m="14441" /><D124/><U111/><E111/><V54/><F54/><W55/><G55/><T7/><D7/><U87/><E87/><V63/><F63/><W95/><G61/><T52/><D53/><N who="1" m="31911" /><E66/><V65/><F65/><W100/><G67/><T97/><D96/><U71/><E71/><V11/><F13/><W85/><G64/><T107/><D107/><U28/><E28/><V43/><F43/><W35/><G42/><T62/><D60/><U6/><E31/><RYUUKYOKU ba="1,0" sc="723,10,158,10,37,10,82,-30" hai0="9,10,14,19,20,52,62,92,97,101" hai1="6,8,16,21,24,41,45,49,68,69" hai2="11,15,18,22,25,30,34" /><INIT seed="2,2,0,0,4,113" ten="733,168,47,52" oya="2" hai0="79,21,93,41,54,128,52,131,69,76,14,124,127" hai1="13,3,77,114,59,26,37,38,81,33,118,110,8" hai2="107,17,20,100,25,45,15,61,126,34,32,121,85" hai3="11,27,64,57,55,92,63,89,75,23,130,115,87"/><V78/><F121/><W123/><G123/><T71/><D93/><U49/><E114/><V42/><F126/><N who="0" m="48170" /><D21/><U95/><E95/><V96/><F61/><W56/><G115/><T122/><D14/><U0/><E38/><V7/><F78/><N who="0" m="29738" /><D41/><U91/><E91/><V51/><REACH who="2" step="1"/><F85/><REACH who="2" ten="733,168,37,52" step="2"/><W111/><G63/><T132/><D122/><U39/><E77/><V86/><F86/><W43/><G87/><T103/><D131/><U83/><E110/><V119/><F119/><W48/><G111/><T53/><D128/><U90/><E118/><V5/><F5/><W47/><G130/><T4/><D4/><U117/><E117/><V67/><F67/><W133/><G64/><T10/><D71/><U19/><E0/><V9/><AGARI ba="2,1" hai="7,9,15,17,20,25,32,34,42,45,51,96,100,107" machi="9" ten="30,3000,0" yaku="1,1,0,1,53,0" doraHai="113" doraHaiUra="116" who="2" fromWho="2" sc="733,-12,168,-12,37,46,52,-12" /><INIT seed="2,3,0,1,2,50" ten="721,156,83,40" oya="2" hai0="31,32,0,37,69,68,97,112,118,131,1,90,20" hai1="111,66,17,13,103,45,93,78,128,3,40,86,12" hai2="6,10,84,24,48,106,34,115,38,54,72,53,132" hai3="4,71,29,123,70,75,88,15,77,117,133,2,120"/><V36/><F72/><W79/><G117/><T18/><D37/><U47/><E3/><V116/><F116/><W87/><G2/><T16/><D90/><U39/><E111/><V107/><F115/><W25/><G133/><T122/><D97/><U125/><E125/><V52/><F48/><W73/><G15/><T105/><D18/><U99/><E66/><V11/><F132/><W62/><G4/><T102/><D102/><U59/><E59/><V30/><F84/><W127/><G127/><T83/><D83/><U91/><E128/><V110/><F110/><W28/><G25/><T126/><D105/><U74/><E45/><V134/><F134/><W43/><G62/><T63/><D63/><U82/><REACH who="1" step="1"/><E17/><REACH who="1" ten="721,146,83,40" step="2"/><V42/><F6/><W19/><G19/><T9/><D0/><U57/><E57/><V121/><F121/><W80/><G120/><T94/><D16/><U22/><E22/><V113/><F113/><W41/><G123/><T67/><D20/><U104/><AGARI ba="3,1" hai="12,13,39,40,47,74,78,82,86,91,93,99,103,104" machi="104" ten="20,12000,2" yaku="1,1,0,1,7,1,24,2,53,1" doraHai="50" doraHaiUra="98" who="1" fromWho="1" sc="721,-33,146,139,83,-63,40,-33" /><INIT seed="3,0,0,3,3,69" ten="688,285,20,7" oya="3" hai0="60,98,133,102,9,107,63,14,130,41,93,29,96" hai1="71,81,3,115,128,99,70,76,50,45,86,95,64" hai2="26,105,33,121,31,38,67,101,118,40,122,53,114" hai3="34,56,135,116,25,90,103,78,73,8,18,89,65"/><W24/><G116/><T10/><D130/><U119/><E115/><V108/><F114/><W72/><G34/><T48/><D9/><U110/><E110/><V59/><F108/><W82/><G103/><T123/><D133/><U113/><E3/><V47/><F118/><W5/><G135/><T88/><D29/><U129/><E119/><V68/><F101/><W22/><G72/><T0/><D0/><U62/><E70/><V20/><F105/><W2/><G24/><T55/><D41/><U104/><E104/><V87/><F87/><W91/><G65/><T16/><D123/><N who="2" m="47114" /><F68/><W35/><G56/><AGARI ba="0,0" hai="10,14,16,48,55,56,60,63,88,93,96,98,102,107" machi="56" ten="30,3900,0" yaku="7,1,54,2" doraHai="69" who="0" fromWho="3" sc="688,39,285,0,20,0,7,-39" owari="727,82.0,285,9.0,20,-38.0,-32,-53.0" /></mjloggm>