<mjloggm ver="2.3"><GO type="169" lobby="0"/><UN n0="%E3%81%A1%E3%82%85%E3%83%BC%E3%82%8C%E3%82%93" n1="%74%6F%73%68%69%6D%61%69" n2="%E8%B7%AF%E5%9C%B0%E8%A3%8F%E3%81%AE%E3%81%B2%E3%81%BE%E3%82%8F%E3%82%8A" n3="%E3%82%A6%E3%83%AB%E3%83%88%E3%83%A9%E7%AB%8B%E7%9B%B4" dan="16,17,16,18" rate="2057.46,2183.11,2086.02,2235.67" sx="M,M,M,M"/><TAIKYOKU oya="0"/><INIT seed="0,0,0,3,2,29" ten="250,250,250,250" oya="0" hai0="95,60,105,103,83,132,126,41,76,71,19,65,40" hai1="82,121,85,108,114,90,61,135,123,49,128,52,64" hai2="50,81,98,74,77,11,130,56,48,17,88,15,93" hai3="97,67,101,134,23,54,28,109,55,92,89,43,45"/><T96/><D126/><U78/><E108/><V46/><F130/><W12/><G109/><T4/><D132/><U86/><E128/><V111/><F111/><W70/><G134/><T116/><D116/><U21/><E114/><V3/><F3/><W31/><G70/><T57/><D4/><U87/><E135/><V102/><F56/><W10/><G67/><T9/><D105/><U42/><E42/><V62/><F62/><W34/><G23/><T47/><D71/><U124/><E124/><V2/><F2/><W69/><G69/><T20/><D9/><U22/><E123/><V118/><F118/><W13/><G13/><T131/><D47/><U84/><E121/><V127/><F127/><W6/><G101/><T115/><D115/><U30/><E30/><V100/><REACH who="2" step="1"/><F50/><REACH who="2" ten="250,250,240,250" step="2"/><W14/><G34/><T113/><D131/><U16/><E61/><V94/><F94/><W112/><G112/><T117/><D117/><U73/><E64/><V37/><F37/><W26/><G92/><T24/><REACH who="0" step="1"/><D113/><REACH who="0" ten="240,250,240,250" step="2"/><U51/><E78/><V59/><F59/><W39/><G45/><T72/><AGARI ba="0,2" hai="19,20,24,40,41,57,60,65,72,76,83,95,96,103" machi="72" ten="20,12000,1" yaku="1,1,2,1,0,1,7,1,53,1" doraHai="29" doraHaiUra="91" who="0" fromWho="0" sc="240,140,250,-40,240,-40,250,-40" /><INIT seed="0,1,0,2,3,61" ten="380,210,200,210" oya="0" hai0="104,71,133,102,111,112,0,82,20,66,131,127,49" hai1="22,42,39,73,57,75,113,88,10,79,58,35,77" hai2="53,103,11,117,121,54,132,23,97,3,105,96,85" hai3="70,63,55,67,47,74,135,99,98,8,19,36,115"/><T38/><RYUUKYOKU type="yao9" ba="1,0" sc="380,0,210,0,200,0,210,0" hai0="0,20,38,49,66,71,82,102,104,111,112,127,131,133" /><INIT seed="0,2,0,0,3,131" ten="380,210,200,210" oya="0" hai0="84,35,94,92,72,67,3,34,62,42,58,123,65" hai1="93,55,88,27,5,83,91,37,31,86,43,23,128" hai2="99,69,32,100,121,36,11,45,13,101,38,105,98" hai3="134,52,120,75,102,19,103,59,89,21,129,125,7"/><T118/><D72/><U73/><E128/><V81/><F121/><W76/><G129/><T2/><D118/><U24/><E5/><V111/><F111/><W96/><G125/><T57/><D42/><U63/><E73/><V33/><F69/><W30/><G30/><T56/><D84/><U85/><E37/><V90/><F90/><W126/><G126/><T122/><D57/><N who="1" m="35263" /><E27/><V116/><F81/><W82/><G7/><T68/><REACH who="0" step="1"/><D62/><REACH who="0" ten="370,210,200,210" step="2"/><U28/><E43/><V112/><F116/><W114/><G75/><T53/><D53/><U22/><E85/><V74/><F74/><W0/><G52/><T77/><D77/><U110/><E110/><V95/><F112/><W64/><G76/><T104/><D104/><U18/><E83/><V10/><F38/><W60/><G82/><T124/><D124/><U44/><E86/><V47/><F36/><W71/><G114/><T51/><D51/><U133/><E44/><V127/><F127/><W40/><G59/><T29/><D29/><U80/><E80/><V61/><F61/><W8/><G60/><T16/><D16/><U6/><E31/><V106/><F95/><W117/><G19/><T119/><D119/><U107/><E107/><V113/><F113/><W48/><G117/><T1/><D1/><U15/><E93/><V20/><F106/><W70/><G48/><T135/><D135/><U4/><E133/><V97/><F105/><W9/><G134/><T41/><D41/><U39/><E39/><V17/><F45/><W78/><G40/><T79/><D79/><U132/><E132/><V108/><F47/><RYUUKYOKU ba="2,1" sc="370,15,210,15,200,-15,210,-15" hai0="2,3,34,35,56,58,65,67,68,92,94,122,123" hai1="4,6,15,18,22,23,24,28,88,91" /><INIT seed="0,3,1,2,3,63" ten="385,225,185,195" oya="0" hai0="67,133,10,43,40,62,107,28,13,108,122,124,35" hai1="95,96,94,27,105,55,44,23,97,101,2,93,76" hai2="128,22,126,59,19,16,131,51,30,82,135,92,65" hai3="120,99,48,115,117,90,5,129,37,112,103,87,86"/><T85/><D122/><U100/><E2/><V119/><F119/><W25/><G37/><T33/><D107/><U69/><E69/><V125/><F82/><W79/><G5/><T113/><D113/><U24/><E76/><V68/><F68/><W20/><G117/><T61/><D61/><U46/><E27/><N who="2" m="16759" /><F92/><W60/><G120/><T80/><D124/><N who="2" m="47722" /><F135/><W91/><G129/><N who="2" m="49737" /><F65/><W98/><G79/><T26/><D133/><U4/><E55/><AGARI ba="3,1" hai="16,19,51,55,59" m="49737,47722,16759" machi="55" ten="30,3900,0" yaku="18,1,19,1,54,1" doraHai="63" who="2" fromWho="1" sc="385,0,225,-48,185,58,195,0" /><INIT seed="1,0,0,5,1,61" ten="385,177,243,195" oya="1" hai0="94,31,96,27,40,33,67,49,25,87,74,66,93" hai1="6,110,69,125,101,60,128,41,133,53,59,2,10" hai2="39,4,132,83,81,115,63,68,78,71,46,85,18" hai3="76,89,102,135,32,98,22,77,14,44,5,3,64"/><U45/><E125/><V106/><F106/><W111/><G32/><T24/><D74/><U116/><E116/><V29/><F132/><W16/><G135/><T8/><D33/><U107/><E133/><V124/><F124/><W84/><G111/><T42/><D31/><U90/><E128/><V7/><F115/><W62/><G44/><N who="0" m="25735" /><D42/><U129/><E129/><V91/><F29/><W112/><G112/><T1/><D1/><U65/><E110/><V72/><F71/><W26/><G3/><T56/><D56/><U34/><E34/><V122/><F122/><W104/><G5/><T50/><D50/><U118/><E118/><V80/><F80/><W73/><G73/><T23/><D8/><U97/><E90/><V20/><F46/><W134/><G134/><T123/><D23/><U130/><E130/><V114/><F39/><W55/><G55/><T103/><D123/><U11/><E11/><V51/><F51/><W36/><G26/><T131/><D131/><U13/><E2/><V121/><F114/><W113/><G36/><T75/><D75/><U120/><E120/><V21/><F21/><W109/><G109/><T108/><D108/><U9/><E9/><V12/><F121/><W119/><G119/><T79/><D79/><U38/><REACH who="1" step="1"/><E69/><REACH who="1" ten="385,167,243,195" step="2"/><V19/><F19/><W92/><G113/><T48/><D48/><U126/><E126/><V127/><F127/><W35/><G35/><T57/><D57/><AGARI ba="0,1" hai="14,16,22,57,62,64,76,77,84,89,92,98,102,104" machi="57" ten="30,3900,0" yaku="7,1,52,1,54,1" doraHai="61" who="3" fromWho="0" sc="385,-39,167,0,243,0,195,49" /><INIT seed="2,0,0,1,5,29" ten="346,167,243,244" oya="2" hai0="62,42,64,86,14,32,54,36,82,81,50,111,27" hai1="112,18,131,34,108,70,89,2,132,103,25,16,22" hai2="98,59,96,23,1,58,134,100,106,80,65,13,88" hai3="12,38,63,48,94,99,101,56,87,85,79,31,110"/><V61/><F1/><W115/><G38/><T92/><D92/><U135/><E70/><V35/><F134/><N who="1" m="51241" /><E103/><V41/><F35/><W104/><G115/><T21/><D111/><U51/><E112/><V53/><F41/><W60/><G110/><T43/><D36/><U57/><E108/><V84/><F98/><W45/><G31/><T15/><D32/><U11/><E131/><V91/><F91/><W26/><G26/><T24/><D81/><U39/><E39/><V6/><F23/><W126/><G126/><T120/><D120/><U83/><E34/><V128/><F128/><W68/><G68/><T133/><D133/><U8/><E2/><V28/><F28/><W123/><G123/><T4/><D62/><U47/><E57/><V7/><REACH who="2" step="1"/><F13/><REACH who="2" ten="346,167,233,244" step="2"/><W71/><G12/><T129/><D43/><N who="1" m="25087" /><E18/><V49/><AGARI ba="0,1" hai="6,7,49,53,58,59,61,65,80,84,88,96,100,106" machi="49" ten="20,7800,0" yaku="1,1,0,1,7,1,54,1,53,0" doraHai="29" doraHaiUra="74" who="2" fromWho="2" sc="346,-26,167,-26,233,88,244,-26" /><INIT seed="2,1,0,0,2,99" ten="320,141,321,218" oya="2" hai0="5,133,119,125,130,82,101,69,42,68,86,118,36" hai1="89,2,53,61,48,95,46,121,109,6,14,11,20" hai2="123,90,51,114,57,15,135,112,66,106,45,116,100" hai3="18,54,71,105,87,4,32,115,107,65,16,77,88"/><V79/><F116/><N who="0" m="44586" /><D125/><U27/><E109/><V72/><F123/><W58/><G32/><T111/><D111/><U28/><E121/><V26/><F90/><W24/><G77/><T129/><D5/><U22/><E61/><V38/><F38/><W56/><G71/><N who="0" m="27211" /><D101/><U34/><REACH who="1" step="1"/><E2/><REACH who="1" ten="320,131,321,218" step="2"/><V17/><F114/><W7/><G115/><T132/><D129/><U25/><E25/><V64/><F26/><W3/><G3/><T43/><D130/><U76/><E76/><V80/><F79/><W97/><G24/><T10/><D36/><U52/><E52/><V117/><F112/><W29/><G54/><T94/><D133/><U62/><E62/><V85/><F135/><W83/><G65/><T81/><D132/><U35/><E35/><V108/><F108/><W33/><G33/><T60/><D60/><U96/><AGARI ba="1,1" hai="6,11,14,20,22,27,28,34,46,48,53,89,95,96" machi="96" ten="20,5200,0" yaku="1,1,0,1,7,1,53,1" doraHai="99" doraHaiUra="30" who="1" fromWho="1" sc="320,-14,131,65,321,-27,218,-14" /><INIT seed="3,0,0,3,3,12" ten="306,196,294,204" oya="3" hai0="108,77,56,78,34,100,115,8,37,62,49,91,73" hai1="83,9,21,102,90,4,131,81,104,126,10,89,133" hai2="11,3,52,124,97,1,117,41,59,132,129,43,112" hai3="88,103,105,94,47,55,63,16,38,110,54,123,122"/><W119/><G119/><T26/><D37/><U114/><E114/><V27/><F112/><W75/><G75/><T67/><D115/><U33/><E33/><V125/><F117/><W32/><G32/><T20/><D34/><U46/><E126/><N who="2" m="48747" /><F129/><W48/><G38/><T29/><D108/><U106/><E131/><V121/><F132/><W130/><G130/><T98/><D73/><U58/><E133/><V84/><F121/><W36/><G36/><T109/><D91/><U79/><E46/><V22/><F84/><N who="3" m="52487" /><G105/><T40/><D109/><U92/><E102/><V68/><F97/><W80/><G110/><T53/><D40/><N who="2" m="15434" /><F11/><W18/><G122/><T60/><D8/><U6/><E92/><V13/><F13/><W15/><G123/><T116/><D116/><U31/><E79/><N who="0" m="30217" /><D67/><U113/><E113/><V95/><F95/><AGARI ba="0,0" hai="20,26,29,49,53,56,60,62,95,98,100" m="30217" machi="95" ten="30,1000,0" yaku="8,1" doraHai="12" who="0" fromWho="2" sc="306,10,196,0,294,-10,204,0" /><INIT seed="4,0,0,3,5,96" ten="316,196,284,204" oya="0" hai0="31,6,83,134,42,110,7,101,103,58,44,84,113" hai1="4,98,73,55,21,25,78,13,26,18,24,127,91" hai2="107,60,36,97,17,28,64,20,99,11,16,121,88" hai3="19,65,51,70,61,117,48,102,3,5,43,71,79"/><T106/><D113/><U93/><E127/><V47/><F121/><W90/><G117/><T8/><D106/><U81/><REACH who="1" step="1"/><E55/><REACH who="1" ten="316,186,284,204" step="2"/><V33/><F64/><W2/><G65/><T75/><D110/><U135/><E135/><V116/><F116/><W89/><G43/><T9/><D134/><U119/><E119/><V132/><F132/><W0/><G0/><T82/><D42/><U12/><E12/><V53/><F53/><W56/><G2/><T22/><D7/><AGARI ba="0,1" hai="4,7,13,18,21,24,25,26,73,78,81,91,93,98" machi="7" ten="40,1300,0" yaku="1,1,53,0" doraHai="96" doraHaiUra="130" who="1" fromWho="0" sc="316,-13,186,23,284,0,204,0" /><INIT seed="5,0,0,0,5,118" ten="303,209,284,204" oya="1" hai0="101,95,89,43,68,126,1,22,15,86,85,54,88" hai1="45,122,78,60,38,44,72,125,23,111,92,112,17" hai2="115,24,16,32,65,48,34,57,14,52,105,75,121" hai3="49,30,106,77,64,7,99,42,70,35,114,91,40"/><U25/><E122/><V133/><F121/><W83/><G7/><T93/><D1/><U100/><E112/><V117/><F117/><W10/><G10/><T5/><D68/><U66/><E125/><V129/><F115/><W39/><G49/><T67/><D67/><U82/><E111/><V9/><F75/><W55/><G55/><T28/><D126/><U50/><E38/><V27/><F129/><W46/><G91/><T31/><D43/><U18/><E18/><V104/><F133/><W59/><G59/><T132/><D132/><U102/><E92/><V69/><F27/><N who="3" m="18911" /><G42/><T71/><D71/><U53/><REACH who="1" step="1"/><E45/><REACH who="1" ten="303,199,284,204" step="2"/><V0/><F105/><W119/><G114/><T13/><D93/><U58/><AGARI ba="0,1" hai="17,23,25,44,50,53,58,60,66,72,78,82,100,102" machi="58" ten="20,7800,0" yaku="1,1,2,1,0,1,7,1,53,0" doraHai="118" doraHaiUra="108" who="1" fromWho="1" sc="303,-26,199,88,284,-26,204,-26" /><INIT seed="5,1,0,5,3,133" ten="277,287,258,178" oya="1" hai0="38,78,111,121,1,90,57,25,129,54,64,73,59" hai1="46,81,4,32,44,80,8,35,21,86,14,42,22" hai2="69,88,39,34,126,19,108,17,37,52,134,112,72" hai3="124,51,5,120,110,98,104,66,123,2,61,87,36"/><U96/><E96/><V48/><F108/><W18/><G18/><T92/><D111/><U77/><E80/><V102/><F134/><W58/><G87/><T41/><D1/><U125/><E125/><V114/><F126/><W20/><G20/><T15/><D25/><U10/><E46/><V116/><F116/><W105/><G105/><T53/><D15/><U31/><E10/><V83/><F69/><W26/><G26/><T76/><D64/><U28/><E22/><V23/><F102/><W62/><G110/><T89/><D73/><U71/><E71/><V49/><F34/><W93/><G104/><T117/><D117/><U9/><E9/><V45/><F49/><W65/><G36/><T43/><D38/><U99/><E99/><V74/><F74/><W97/><G51/><T30/><D92/><U131/><E131/><V13/><F19/><W94/><G5/><T63/><D30/><U3/><E31/><V82/><F82/><W113/><G2/><T7/><D7/><U100/><E100/><V91/><F72/><W33/><G33/><T128/><REACH who="0" step="1"/><D63/><REACH who="0" ten="267,287,258,178" step="2"/><U130/><E130/><V95/><F39/><W60/><G60/><T118/><D118/><U79/><E3/><V115/><F37/><W29/><G29/><T24/><D24/><U50/><E79/><V70/><F83/><W11/><G11/><T103/><D103/><U16/><E28/><V122/><F95/><W107/><G107/><T85/><D85/><U101/><E101/><V56/><F114/><W0/><G113/><T132/><D132/><U68/><E4/><V12/><F115/><RYUUKYOKU ba="1,1" sc="267,30,287,-10,258,-10,178,-10" hai0="41,43,53,54,57,59,76,78,89,90,121,128,129" /><INIT seed="6,2,1,0,2,104" ten="297,277,248,168" oya="2" hai0="79,34,118,44,64,125,91,116,70,40,132,127,25" hai1="73,126,43,52,128,74,115,55,98,69,67,97,62" hai2="49,86,123,117,45,112,20,121,37,0,32,10,47" hai3="42,82,100,58,22,18,130,26,107,81,19,83,30"/><V36/><F117/><N who="0" m="45162" /><D79/><U72/><E43/><V76/><F32/><W94/><G130/><T96/><D91/><U75/><E75/><V46/><F112/><W31/><G107/><T99/><D132/><U7/><E128/><V68/><F68/><W13/><G42/><T51/><D64/><U113/><E7/><V28/><F49/><W60/><G94/><T11/><D70/><U54/><REACH who="1" step="1"/><E126/><REACH who="1" ten="297,267,248,168" step="2"/><N who="0" m="48137" /><D11/><U50/><E50/><V87/><F10/><N who="3" m="6455" /><G100/><T38/><D51/><U56/><E56/><V120/><F37/><W103/><G103/><T33/><D33/><U133/><E133/><V105/><F36/><W71/><G71/><T88/><D34/><U129/><E129/><V9/><F9/><W66/><AGARI ba="2,2" hai="19,22,26,30,31,58,60,66,81,82,83" m="6455" machi="66" ten="30,1100,0" yaku="8,1" doraHai="104" who="3" fromWho="3" sc="297,-5,267,-5,248,-7,168,37" /><INIT seed="7,0,0,4,1,129" ten="292,262,241,205" oya="3" hai0="123,94,52,65,23,132,39,121,107,74,46,68,48" hai1="101,105,57,78,32,103,17,102,8,36,69,111,112" hai2="49,59,33,11,60,41,53,114,115,73,122,93,131" hai3="125,19,113,88,26,77,2,13,97,66,83,117,81"/><W62/><G117/><T28/><D132/><U99/><E111/><V44/><F131/><W130/><G2/><T42/><D107/><U95/><E69/><V43/><F73/><W109/><G130/><T21/><D74/><U92/><E32/><V1/><F33/><W40/><G109/><T9/><D9/><U24/><E36/><V76/><F76/><W25/><G125/><T31/><D23/><U118/><E105/><V91/><F122/><W20/><G40/><T82/><D82/><U119/><E78/><V120/><F120/><W98/><G113/><N who="2" m="43017" /><F11/><W104/><G104/><T70/><D70/><U35/><E112/><V85/><F1/><W127/><G127/><T100/><D100/><U106/><E106/><V64/><AGARI ba="0,0" hai="41,43,44,49,53,59,60,64,85,91,93" m="43017" machi="64" ten="30,1100,0" yaku="15,1" doraHai="129" who="2" fromWho="2" sc="292,-3,262,-3,241,11,205,-5" /><INIT seed="8,0,0,3,4,4" ten="289,259,252,200" oya="0" hai0="71,5,112,109,91,34,28,70,84,57,106,18,69" hai1="134,102,122,114,59,113,128,26,117,53,79,130,80" hai2="49,119,93,64,94,33,40,89,103,68,66,129,55" hai3="86,101,41,81,38,27,21,111,120,47,6,31,97"/><T48/><D112/><N who="1" m="43115" /><E122/><V85/><F40/><W51/><G120/><T124/><D106/><U118/><E26/><V75/><F129/><N who="1" m="49769" /><E134/><V60/><F66/><W121/><G121/><T74/><D74/><N who="1" m="43127" /><E59/><V9/><F75/><W105/><G111/><T58/><D109/><U90/><E53/><V116/><F33/><W46/><G6/><T17/><D5/><U98/><E90/><V135/><F135/><W50/><REACH who="3" step="1"/><G46/><REACH who="3" ten="289,259,252,190" step="2"/><T43/><D69/><U133/><E133/><V83/><F68/><W15/><G15/><T72/><D70/><U44/><E44/><V61/><F119/><W95/><G95/><AGARI ba="0,1" hai="95,98,102,117,118" m="43127,49769,43115" machi="95" ten="30,7700,0" yaku="11,1,19,1,34,2" doraHai="4" who="1" fromWho="3" sc="289,0,259,87,252,0,190,-77" owari="289,9.0,346,45.0,252,-15.0,113,-39.0" /></mjloggm>