<mjloggm ver="2.3"><GO type="169" lobby="0"/><UN n0="%E3%82%A6%E3%83%AB%E3%83%88%E3%83%A9%E7%AB%8B%E7%9B%B4" n1="%E5%80%89%E6%A9%8B%EF%BC%A0%E4%BA%8B%E5%8B%99" n2="%E7%A6%81%E7%85%99%E9%9B%80%E8%8D%98" n3="%68%61%72%75%72%75%39%31" dan="18,16,17,16" rate="2236.21,2086.34,2188.26,2119.09" sx="M,M,M,M"/><TAIKYOKU oya="0"/><INIT seed="0,0,0,4,5,130" ten="250,250,250,250" oya="0" hai0="44,2,78,131,74,92,69,67,104,31,53,127,49" hai1="25,132,115,47,123,62,84,82,116,105,86,103,122" hai2="30,111,45,15,65,36,71,76,56,94,46,12,68" hai3="110,133,128,61,126,75,41,95,109,58,21,81,29"/><T1/><D104/><U26/><E116/><V20/><F111/><W35/><G35/><T96/><D131/><U28/><E115/><V57/><F76/><N who="3" m="44191" /><G128/><T100/><D127/><U18/><E18/><V73/><F73/><W40/><G95/><T24/><D78/><U124/><E124/><V102/><F94/><W101/><G101/><T50/><D74/><U11/><E11/><V90/><F102/><W77/><G77/><T0/><D50/><U59/><E47/><V3/><F3/><W112/><G112/><T17/><D17/><U27/><E28/><V106/><F90/><W97/><G97/><T39/><D39/><U43/><E43/><V108/><F108/><N who="3" m="41579" /><G126/><T37/><D37/><U14/><E103/><V114/><F36/><W117/><G117/><T134/><D69/><U54/><E105/><V72/><F72/><W10/><G10/><T23/><REACH who="0" step="1"/><D67/><REACH who="0" ten="240,250,250,250" step="2"/><U120/><E122/><V4/><F65/><W22/><G41/><T89/><D89/><U98/><E120/><V42/><F106/><W125/><G40/><T119/><D119/><U113/><E123/><V118/><F114/><W6/><G125/><T135/><AGARI ba="0,1" hai="0,1,2,23,24,31,44,49,53,92,96,100,134,135" machi="135" ten="40,18000,2" yaku="1,1,0,1,52,2,53,3" doraHai="130" doraHaiUra="32" who="0" fromWho="0" sc="240,190,250,-60,250,-60,250,-60" /><INIT seed="0,1,0,3,3,26" ten="430,190,190,190" oya="0" hai0="57,29,71,76,28,125,35,46,86,92,117,118,52" hai1="60,128,102,33,38,134,88,135,44,126,67,131,114" hai2="2,10,6,14,129,47,30,68,133,77,95,73,24" hai3="53,49,0,19,43,16,1,119,100,9,23,58,39"/><T15/><D71/><U72/><E72/><V69/><F133/><N who="1" m="50697" /><E102/><V111/><F111/><W82/><G119/><T5/><D35/><U99/><E33/><V103/><F129/><N who="1" m="49737" /><E99/><V78/><F47/><W27/><G43/><T32/><D32/><U79/><E79/><V54/><F54/><W64/><G64/><T107/><D107/><U122/><E122/><V56/><F56/><W87/><G39/><T11/><D76/><U65/><E114/><V13/><F73/><W20/><G9/><T104/><D104/><U18/><E18/><V22/><F77/><W127/><G100/><T21/><D21/><U48/><E88/><V120/><F78/><W96/><G96/><T113/><D92/><U85/><E85/><V4/><F120/><W106/><G106/><T98/><D86/><U45/><E38/><V101/><F101/><W62/><G87/><T83/><D98/><U3/><E3/><V97/><F2/><W123/><G82/><T50/><D83/><U37/><E37/><V130/><F130/><W132/><G132/><T66/><D113/><U51/><E126/><V80/><F80/><W116/><G127/><T7/><D125/><U17/><E17/><V55/><F55/><N who="3" m="34143" /><G123/><T74/><D74/><U63/><E44/><V90/><F103/><W109/><G0/><T105/><D105/><U8/><E8/><AGARI ba="1,0" hai="4,6,8,10,13,14,22,24,30,68,69,90,95,97" machi="8" ten="40,2600,0" yaku="9,1,52,1" doraHai="26" who="2" fromWho="1" sc="430,0,190,-29,190,29,190,0" /><INIT seed="1,0,0,2,2,127" ten="430,161,219,190" oya="1" hai0="44,92,100,120,1,82,113,39,70,118,94,28,73" hai1="35,131,125,52,43,36,106,2,34,19,74,15,57" hai2="108,130,5,107,16,134,80,81,72,61,119,85,60" hai3="17,104,56,69,71,76,93,116,54,102,96,115,135"/><U117/><E2/><V67/><F108/><W53/><G115/><T114/><D70/><U105/><E117/><V103/><F134/><W55/><G135/><T18/><D28/><U24/><E74/><V68/><F119/><W26/><G116/><T88/><D1/><U29/><E34/><V109/><F109/><W126/><G126/><T58/><D58/><U0/><E0/><V65/><F5/><W45/><G45/><T122/><D18/><U51/><E125/><V110/><F110/><W40/><G40/><T95/><D118/><U47/><REACH who="1" step="1"/><E131/><REACH who="1" ten="430,151,219,190" step="2"/><V50/><F130/><W87/><G69/><T63/><D73/><U31/><E31/><V25/><F72/><W32/><G71/><T48/><D114/><U124/><E124/><V77/><F68/><W62/><G32/><T112/><D113/><U129/><E129/><V22/><F67/><W83/><G104/><T46/><D112/><U64/><E64/><V8/><F65/><W111/><G111/><T30/><D30/><U13/><E13/><V9/><F107/><W75/><G75/><T128/><D128/><U79/><E79/><V38/><F77/><W3/><G3/><T27/><D122/><U11/><AGARI ba="0,1" hai="11,15,19,24,29,35,36,43,47,51,52,57,105,106" machi="11" ten="20,7800,0" yaku="1,1,0,1,7,1,54,1,53,0" doraHai="127" doraHaiUra="84" who="1" fromWho="1" sc="430,-26,151,88,219,-26,190,-26" /><INIT seed="1,1,0,2,0,38" ten="404,239,193,164" oya="1" hai0="47,23,130,73,128,20,10,75,14,44,123,126,19" hai1="82,0,88,69,59,125,107,48,94,62,3,84,57" hai2="124,76,16,111,77,115,55,132,30,61,66,65,135" hai3="15,79,114,72,60,87,34,53,35,106,99,113,90"/><U6/><E125/><V2/><F124/><W100/><G15/><T118/><D118/><U71/><E107/><V83/><F111/><W50/><G60/><T80/><D126/><U58/><E62/><V29/><F2/><W41/><G34/><T109/><D109/><U95/><E95/><V96/><F115/><W93/><G35/><T56/><D56/><U78/><E48/><V28/><F96/><W121/><G121/><T25/><D123/><U32/><E32/><V70/><F65/><W92/><G92/><T21/><D25/><U17/><E17/><V122/><F122/><W127/><G127/><T43/><D47/><U63/><E63/><V42/><F42/><W103/><G103/><T74/><REACH who="0" step="1"/><D80/><REACH who="0" ten="394,239,193,164" step="2"/><U104/><E104/><V91/><F132/><W1/><G113/><T26/><D26/><U131/><E131/><V49/><F135/><W64/><G114/><T81/><D81/><U117/><E117/><V54/><F83/><W46/><G46/><T134/><D134/><U8/><REACH who="1" step="1"/><E0/><REACH who="1" ten="394,229,193,164" step="2"/><V105/><F70/><W39/><G1/><T85/><D85/><AGARI ba="1,2" hai="3,6,8,57,58,59,69,71,78,82,84,85,88,94" machi="85" ten="40,7700,0" yaku="1,1,2,1,54,1,53,0" doraHai="38" doraHaiUra="13" who="1" fromWho="0" sc="394,-80,229,100,193,0,164,0" /><INIT seed="1,2,0,4,4,100" ten="314,329,193,164" oya="1" hai0="42,8,13,54,82,28,117,7,3,2,99,64,109" hai1="16,60,112,97,51,94,56,86,38,77,132,47,113" hai2="81,24,87,79,118,78,128,12,131,75,46,66,25" hai3="40,34,98,69,76,17,70,105,120,61,93,43,49"/><U129/><E38/><V22/><F118/><W63/><G120/><T90/><D117/><U9/><E132/><V33/><F66/><W125/><G76/><T123/><D109/><U50/><E129/><N who="2" m="49739" /><F33/><W29/><G17/><T124/><D124/><U127/><E127/><V114/><F114/><W32/><G125/><T31/><D42/><U0/><E77/><N who="2" m="44223" /><F12/><W20/><G20/><T35/><D64/><U103/><E86/><V19/><F25/><W18/><G18/><T27/><D31/><U85/><E85/><V95/><F46/><W26/><G98/><T121/><D3/><U101/><E0/><V15/><F15/><W10/><G93/><T116/><D116/><U68/><E68/><V74/><F74/><W5/><G49/><T53/><D2/><U80/><E51/><V102/><F87/><W92/><G26/><T48/><D82/><U36/><E80/><V14/><F14/><W107/><G29/><T71/><D71/><U62/><E113/><V21/><F21/><W1/><G1/><T23/><D35/><U67/><E112/><V73/><F73/><W6/><G92/><N who="0" m="56727" /><D48/><U83/><E83/><V45/><F45/><W91/><G91/><T106/><D13/><N who="1" m="7215" /><E36/><V37/><F37/><W55/><G55/><T108/><D53/><N who="1" m="29919" /><E62/><V65/><F65/><W135/><G135/><T88/><D8/><AGARI ba="2,0" hai="5,6,8,10,32,34,40,43,61,63,69,70,105,107" machi="8" ten="25,6400,0" yaku="22,2,52,2" doraHai="100" who="3" fromWho="0" sc="314,-70,329,0,193,0,164,70" /><INIT seed="2,0,0,4,3,94" ten="244,329,193,234" oya="2" hai0="79,44,104,45,115,50,89,16,125,88,78,130,84" hai1="110,96,107,100,62,49,65,69,121,29,48,116,34" hai2="127,47,28,18,40,24,87,10,25,118,61,57,109" hai3="123,5,0,37,99,53,1,113,31,111,92,95,6"/><V80/><F118/><W98/><G37/><T23/><D115/><U134/><E116/><V117/><F117/><W70/><G70/><T83/><D130/><U27/><E110/><V41/><F127/><W119/><G119/><T103/><D125/><U30/><E134/><V86/><F109/><W32/><G111/><T97/><D79/><U75/><E75/><V135/><F135/><W36/><G36/><T126/><D126/><U131/><E131/><V17/><F87/><W22/><G32/><T59/><D59/><U19/><E30/><V106/><F106/><W66/><G66/><T7/><D7/><N who="3" m="2569" /><G1/><T4/><D4/><U12/><E121/><V74/><F74/><W46/><G0/><T77/><D77/><U52/><E52/><N who="2" m="33959" /><F10/><AGARI ba="0,0" hai="10,12,19,27,29,34,48,49,62,65,69,96,100,107" machi="10" ten="30,7700,0" yaku="7,1,25,2,52,1" doraHai="94" who="1" fromWho="2" sc="244,0,329,77,193,-77,234,0" /><INIT seed="3,0,0,2,1,129" ten="244,406,116,234" oya="3" hai0="124,36,57,131,61,101,25,132,58,31,94,105,67" hai1="113,52,87,88,125,72,13,102,17,11,99,6,12" hai2="1,79,108,95,44,114,29,117,0,60,49,59,10" hai3="23,33,50,111,90,2,7,74,110,51,91,21,115"/><W92/><G115/><T82/><D131/><U81/><E125/><V34/><F114/><W43/><G33/><T98/><D124/><U70/><E113/><V68/><F117/><W27/><G74/><T30/><D36/><U62/><E72/><V53/><F108/><N who="3" m="41515" /><G23/><T134/><D82/><U96/><E102/><V133/><F68/><W19/><G43/><T28/><D105/><U130/><E130/><V122/><F122/><W120/><G120/><T71/><REACH who="0" step="1"/><D25/><REACH who="0" ten="234,406,116,234" step="2"/><U22/><E70/><V42/><F79/><W45/><G45/><T63/><D63/><U54/><E62/><V93/><F93/><W39/><G39/><T20/><D20/><U77/><E77/><V4/><F95/><W64/><G64/><T66/><D66/><U5/><E22/><V8/><F34/><W76/><G76/><T15/><D15/><U18/><E13/><V123/><F123/><W100/><G50/><T103/><D103/><U112/><E112/><V119/><F119/><W75/><G51/><T84/><D84/><U80/><E87/><V78/><F78/><W14/><G14/><T89/><D89/><U109/><E12/><V55/><F42/><W121/><G121/><T104/><D104/><U56/><E109/><V35/><F35/><W106/><G106/><T41/><D41/><U40/><E40/><V37/><F37/><W126/><G126/><T32/><D32/><U24/><E88/><V9/><F1/><W97/><G75/><T135/><AGARI ba="0,1" hai="28,30,31,57,58,61,67,71,94,98,101,132,134,135" machi="135" ten="40,12000,2" yaku="1,1,0,1,20,1,52,3,53,0" doraHai="129" doraHaiUra="83" who="0" fromWho="0" sc="234,130,406,-30,116,-30,234,-60" /><INIT seed="4,0,0,2,2,122" ten="364,376,86,174" oya="0" hai0="135,120,130,114,15,57,0,105,75,123,81,118,50" hai1="65,51,126,88,18,34,94,128,109,82,17,68,67" hai2="62,97,26,63,35,104,23,96,12,89,1,2,83" hai3="32,52,7,41,113,79,49,33,6,60,37,70,102"/><T124/><RYUUKYOKU type="yao9" ba="0,0" sc="364,0,376,0,86,0,174,0" hai0="0,15,50,57,75,81,105,114,118,120,123,124,130,135" /><INIT seed="4,1,0,4,0,97" ten="364,376,86,174" oya="0" hai0="25,16,11,28,118,133,101,94,96,114,70,34,35" hai1="5,72,98,104,129,102,42,93,66,31,131,126,105" hai2="86,121,109,90,14,106,88,47,39,12,46,26,37" hai3="110,48,67,122,71,117,75,100,108,44,63,43,81"/><T49/><D118/><U134/><E5/><V113/><F121/><W53/><G117/><T135/><D70/><U13/><E42/><V55/><F109/><W41/><G122/><T36/><D36/><U29/><E66/><V78/><F78/><W9/><G9/><T68/><D68/><U4/><E72/><V99/><F113/><W61/><G81/><T89/><D114/><U18/><E4/><V87/><F26/><W111/><G75/><T132/><D49/><U60/><E60/><V51/><F99/><W40/><G100/><T83/><D83/><U107/><E134/><V123/><F106/><W45/><REACH who="3" step="1"/><G63/><REACH who="3" ten="364,376,86,164" step="2"/><T124/><D124/><U32/><E126/><V10/><F123/><W0/><G0/><T130/><D130/><U58/><E131/><V50/><F10/><W76/><G76/><T27/><D11/><U120/><E129/><V103/><F55/><W52/><G52/><T69/><D89/><U112/><E120/><V128/><F128/><W65/><G65/><T79/><D79/><U125/><E125/><V64/><F64/><W91/><G91/><T85/><D101/><AGARI ba="1,1" hai="12,14,37,39,46,47,50,51,86,87,88,90,101,103" machi="101" ten="25,8000,1" yaku="22,2,52,2,54,1" doraHai="97" who="2" fromWho="0" sc="364,-83,376,0,86,93,164,0" /><INIT seed="5,0,0,2,0,109" ten="281,376,179,164" oya="1" hai0="36,65,57,51,54,87,59,3,44,25,46,76,131" hai1="61,97,7,37,35,75,48,71,67,19,11,134,107" hai2="18,9,34,110,126,8,33,124,93,55,115,73,50" hai3="125,42,84,81,123,116,122,5,21,119,108,20,102"/><U83/><E37/><V106/><F106/><W28/><G108/><T29/><D3/><U66/><E35/><V38/><F110/><W127/><G5/><T111/><D111/><U16/><E134/><V105/><F105/><W94/><G42/><T120/><D131/><U101/><E67/><V64/><F73/><W24/><G20/><N who="0" m="15527" /><D36/><U31/><E31/><V133/><F38/><W89/><G102/><T100/><D100/><U58/><E71/><V41/><F41/><W10/><G10/><T14/><D14/><U12/><REACH who="1" step="1"/><E48/><REACH who="1" ten="281,366,179,164" step="2"/><V98/><F64/><W82/><G122/><T30/><D30/><U80/><E80/><N who="3" m="30826" /><G123/><T15/><D51/><U52/><E52/><V1/><F133/><W68/><G68/><T43/><D54/><U88/><E88/><V17/><F34/><W60/><G60/><T103/><D65/><U40/><E40/><V112/><F33/><W70/><G70/><T13/><D43/><U78/><AGARI ba="0,1" hai="7,11,12,16,19,58,61,66,75,78,83,97,101,107" machi="78" ten="30,6000,0" yaku="1,1,0,1,54,1,53,0" doraHai="109" doraHaiUra="132" who="1" fromWho="1" sc="281,-20,366,70,179,-20,164,-20" /><INIT seed="5,1,0,0,2,36" ten="261,436,159,144" oya="1" hai0="131,54,79,72,11,118,59,53,46,70,127,69,78" hai1="105,1,63,95,73,58,45,77,110,86,88,0,32" hai2="28,134,68,108,112,128,9,35,57,7,85,111,5" hai3="12,96,4,16,98,135,17,101,116,97,50,26,102"/><U74/><E32/><V2/><F68/><W121/><G121/><T55/><D11/><U66/><E105/><V8/><F85/><W30/><G135/><T62/><D72/><U114/><E114/><V109/><F57/><W6/><G116/><T117/><D79/><U47/><E110/><V31/><F134/><W27/><G50/><T132/><D78/><U129/><E129/><V89/><F89/><W19/><G12/><T23/><D23/><U104/><E104/><V75/><F75/><W94/><G94/><T29/><D29/><N who="2" m="11338" /><F35/><W76/><G76/><T24/><D24/><N who="3" m="9257" /><G30/><T113/><D132/><U67/><E67/><V61/><F61/><W115/><G115/><T125/><D113/><U20/><E73/><V44/><F44/><W99/><N who="3" m="24576" /><DORA hai="64" /><W100/><AGARI ba="1,0" hai="4,6,16,17,19,100,101,102" m="24576,9257" machi="100" ten="50,12000,2" yaku="4,1,29,2,28,2,8,1,54,1" doraHai="36,64" who="3" fromWho="3" sc="261,-31,436,-61,159,-31,144,123" /><INIT seed="6,0,0,2,1,67" ten="230,375,128,267" oya="2" hai0="59,78,91,111,100,2,35,129,112,128,30,68,34" hai1="73,96,81,60,53,18,77,62,13,42,125,121,84" hai2="0,70,113,115,6,47,86,130,14,110,4,119,74" hai3="57,97,107,134,79,85,54,71,94,116,26,20,9"/><V48/><F119/><W63/><G116/><T31/><D111/><U135/><E135/><V49/><F74/><W12/><G134/><T19/><D2/><U39/><E125/><V114/><F110/><W38/><G38/><T58/><D100/><U120/><E53/><V21/><F130/><N who="0" m="50282" /><D91/><U7/><E7/><V5/><F0/><W1/><G1/><T32/><D112/><U88/><E96/><V117/><F117/><W22/><G71/><T25/><D68/><U69/><E69/><V89/><F70/><W133/><G107/><T3/><D78/><U66/><E42/><V44/><F21/><W76/><G85/><T122/><D122/><N who="1" m="47211" /><E39/><V104/><F104/><W127/><G127/><T33/><D3/><U83/><E66/><V41/><F14/><W108/><G108/><T10/><D31/><U99/><E99/><V102/><F102/><N who="3" m="60727" /><G133/><T90/><D90/><U24/><E24/><V64/><F64/><W124/><G124/><T103/><D103/><U56/><E56/><V126/><F126/><W16/><G22/><AGARI ba="0,0" hai="13,18,22,60,62,73,77,81,83,84,88" m="47211" machi="22" ten="30,2000,0" yaku="13,1,54,1" doraHai="67" who="1" fromWho="3" sc="230,0,375,20,128,0,267,-20" /><INIT seed="7,0,0,0,1,7" ten="230,395,128,247" oya="3" hai0="74,94,1,45,71,92,65,28,11,3,63,19,135" hai1="55,48,39,130,41,91,50,114,116,34,12,117,123" hai2="4,120,107,102,111,85,87,60,70,49,23,118,32" hai3="73,25,115,78,96,113,29,133,15,68,56,119,16"/><W2/><G119/><N who="1" m="45642" /><E34/><V18/><F118/><W36/><G68/><T37/><D28/><U31/><E31/><V38/><F38/><W104/><G2/><T128/><D74/><U124/><E124/><V86/><F111/><W59/><G36/><T127/><D127/><U6/><E130/><V26/><F120/><W106/><G133/><T62/><D62/><U10/><E114/><N who="3" m="43530" /><G78/><T101/><D94/><U61/><E123/><V103/><F32/><N who="3" m="20527" /><G73/><T53/><D37/><U108/><E108/><V24/><F107/><N who="3" m="41003" /><G96/><T21/><D1/><U98/><E98/><V30/><F70/><W66/><G66/><T46/><D3/><U89/><E39/><V82/><F82/><W99/><G99/><T76/><D65/><U42/><E91/><V43/><F60/><W9/><AGARI ba="0,0" hai="9,15,16,56,59" m="41003,20527,43530" machi="9" ten="30,6000,0" yaku="15,1,52,1,54,1" doraHai="7" who="3" fromWho="3" sc="230,-20,395,-20,128,-20,247,60" /><INIT seed="7,1,0,1,1,46" ten="210,375,108,307" oya="3" hai0="9,25,29,59,39,121,52,55,53,70,32,74,127" hai1="63,101,134,84,4,110,36,6,34,45,128,106,103" hai2="67,15,10,94,80,125,131,92,66,82,49,130,27" hai3="3,18,71,14,132,73,33,104,50,93,85,8,40"/><W54/><G104/><T126/><D70/><U26/><E110/><V115/><F27/><W13/><G73/><T109/><D39/><U113/><E106/><V11/><F15/><N who="3" m="7527" /><G33/><T38/><D38/><U23/><E34/><V119/><F115/><W72/><G72/><T57/><D109/><U99/><E113/><V62/><F62/><W91/><G71/><T51/><D74/><U28/><E63/><V105/><F105/><W89/><G3/><T112/><D112/><U88/><E128/><V118/><F125/><N who="0" m="47626" /><D121/><U79/><E79/><V19/><F19/><W95/><G40/><T97/><D9/><U124/><E124/><V76/><F76/><W108/><G132/><T2/><D2/><U83/><E134/><V114/><F114/><W116/><G116/><T60/><D97/><U81/><E81/><V77/><F77/><W7/><G7/><T75/><D75/><U21/><E21/><V22/><F22/><W30/><G30/><T20/><D32/><U123/><E123/><V100/><F100/><W107/><G108/><T111/><D111/><U90/><E103/><V78/><F78/><W31/><G31/><T129/><D129/><U41/><E101/><V87/><F87/><N who="3" m="52415" /><G107/><T58/><D60/><U69/><E69/><V65/><F65/><W17/><G17/><T12/><D12/><U1/><E1/><V42/><F42/><W96/><G85/><T5/><D5/><U48/><E36/><V61/><F61/><W37/><G37/><T135/><D135/><U64/><E64/><V117/><F117/><W102/><G102/><T120/><D120/><RYUUKYOKU ba="1,0" sc="210,0,375,0,108,0,307,0" hai0="20,25,29,51,52,53,55,57,58,59" hai1="4,6,23,26,28,41,45,48,83,84,88,90,99" hai2="10,11,49,66,67,80,82,92,94,118,119,130,131" hai3="13,14,50,54,91,95,96" /><INIT seed="7,2,0,0,2,92" ten="210,375,108,307" oya="3" hai0="38,18,24,109,55,7,84,57,93,25,91,96,12" hai1="1,103,9,40,47,43,86,26,5,83,90,69,64" hai2="88,98,50,71,70,131,128,99,129,63,39,130,68" hai3="112,120,33,51,106,62,101,85,116,23,122,8,14"/><W107/><G116/><T108/><D38/><U45/><E103/><V34/><N who="2" m="32768" /><DORA hai="114" /><V56/><F39/><W110/><G33/><T4/><D109/><U113/><E113/><V121/><F121/><W41/><G112/><T125/><D125/><U115/><E115/><V104/><F34/><W44/><G110/><T46/><D46/><U65/><E69/><V94/><F50/><W132/><G132/><T0/><D0/><U76/><E26/><N who="0" m="10345" /><D84/><U117/><E117/><V78/><F78/><W13/><G107/><T15/><D108/><U54/><E54/><V77/><F77/><W28/><G120/><T30/><D30/><U19/><E19/><V100/><F70/><W37/><G37/><T52/><D55/><AGARI ba="2,0" hai="55,56,63,68,71,88,94,98,99,100,104" m="32768" machi="55" ten="70,8000,1" yaku="19,1,52,2,54,1" doraHai="92,114" who="2" fromWho="0" sc="210,-86,375,0,108,86,307,0" owari="124,-38.0,375,48.0,194,-21.0,307,11.0" /></mjloggm>