<mjloggm ver="2.3"><GO type="169" lobby="0"/><UN n0="%E3%82%A6%E3%83%AB%E3%83%88%E3%83%A9%E7%AB%8B%E7%9B%B4" n1="%6A%79%61%6E%70%65%69%34" n2="%E6%B2%B3%E5%B6%8B%4B%4B" n3="%E2%98%86%E7%A5%9E%E5%A8%81%E2%98%86" dan="18,18,17,16" rate="2222.71,2210.48,2161.34,2063.12" sx="M,M,M,M"/><TAIKYOKU oya="0"/><INIT seed="0,0,0,2,5,88" ten="250,250,250,250" oya="0" hai0="57,80,117,76,58,22,42,1,55,132,93,17,25" hai1="54,69,11,51,100,64,12,62,53,126,7,115,30" hai2="15,77,72,49,99,67,47,16,59,8,65,95,68" hai3="21,29,27,102,70,89,52,74,41,66,86,123,103"/><T112/><D112/><U124/><E115/><V109/><F109/><W10/><BYE who="2" /><G74/><UN n2="%E6%B2%B3%E5%B6%8B%4B%4B" /><T0/><D117/><U134/><E134/><V6/><F68/><W2/><G123/><T128/><D128/><U28/><E100/><V87/><F87/><W38/><BYE who="2" /><G41/><T133/><D42/><U97/><E97/><V121/><F121/><W78/><G78/><T106/><D106/><U39/><E39/><V130/><F130/><W61/><G38/><T13/><D13/><UN n2="%E6%B2%B3%E5%B6%8B%4B%4B" /><U116/><E116/><V125/><F125/><N who="1" m="48233" /><E54/><V122/><F122/><W92/><REACH who="3" step="1"/><G52/><REACH who="3" ten="250,250,250,240" step="2"/><T3/><D55/><U83/><E53/><V114/><F114/><W82/><G82/><T119/><D119/><U127/><E127/><V85/><F72/><W96/><G96/><T9/><D80/><U4/><E83/><V50/><F77/><W44/><G44/><T129/><D76/><U118/><E51/><V43/><F85/><W110/><G110/><T120/><D120/><U79/><E79/><V5/><F50/><W131/><G131/><T40/><D40/><U71/><E118/><V107/><F107/><W37/><G37/><T14/><D129/><U75/><E75/><V84/><F84/><W45/><G45/><T34/><D93/><U33/><E62/><N who="2" m="38111" /><F67/><W113/><G113/><T81/><D81/><U31/><E64/><V73/><F73/><W91/><G91/><AGARI ba="0,1" hai="5,6,8,15,16,43,47,49,91,95,99" m="38111" machi="91" ten="30,3900,0" yaku="8,1,52,1,54,1" doraHai="88" who="2" fromWho="3" sc="250,0,250,0,250,49,240,-39" /><INIT seed="1,0,0,0,4,99" ten="250,250,299,201" oya="1" hai0="108,55,65,28,128,15,116,131,45,80,114,31,115" hai1="19,58,123,56,4,79,13,64,46,97,93,109,25" hai2="83,1,34,110,88,135,47,27,9,66,49,94,44" hai3="77,53,121,89,61,32,100,59,39,74,104,5,48"/><U60/><E123/><V71/><F110/><W3/><G121/><T103/><D65/><U111/><E4/><V42/><F135/><W17/><G32/><T86/><D45/><U54/><E46/><V10/><F71/><W20/><G39/><T22/><D55/><U57/><E79/><V84/><F66/><W122/><G122/><T63/><D63/><U130/><E130/><V26/><F34/><W75/><G89/><T21/><D86/><U23/><E13/><V112/><F112/><W119/><G119/><T62/><D62/><U76/><E76/><V12/><F1/><W72/><G5/><T7/><D80/><U87/><E87/><V78/><F44/><W124/><G124/><T36/><D36/><U68/><REACH who="1" step="1"/><E54/><REACH who="1" ten="250,240,299,201" step="2"/><V14/><F14/><W120/><G120/><T105/><D15/><U113/><E113/><V29/><F12/><W129/><G129/><T43/><D7/><U40/><E40/><V117/><F117/><W101/><G3/><T73/><D116/><U33/><E33/><V92/><F78/><W132/><G77/><T35/><D35/><U85/><E85/><V70/><F9/><W82/><G75/><T52/><D73/><U11/><E11/><V125/><F10/><W81/><G74/><T102/><D43/><U30/><E30/><V0/><F0/><W126/><G72/><T8/><D8/><U16/><E16/><V69/><F125/><W91/><G126/><T37/><D52/><U95/><E95/><N who="2" m="36395" /><F29/><W38/><G17/><T134/><D31/><U107/><E107/><V98/><F98/><W50/><G104/><RYUUKYOKU ba="0,1" sc="250,-15,240,15,299,15,201,-15" hai1="19,23,25,56,57,58,60,64,68,93,97,109,111" hai2="26,27,42,47,49,69,70,83,84,88" /><INIT seed="1,1,1,0,3,85" ten="235,255,314,186" oya="1" hai0="133,48,45,29,15,13,90,58,67,8,33,31,5" hai1="60,76,82,21,39,116,30,4,127,99,121,118,94" hai2="128,49,93,1,19,130,124,107,112,12,37,92,35" hai3="68,113,18,123,106,83,40,89,88,16,54,53,11"/><U50/><E121/><V109/><F1/><W97/><G123/><T72/><D72/><U79/><E39/><V25/><F37/><W102/><G113/><T104/><D104/><U73/><E127/><V47/><F107/><W20/><G68/><T61/><D133/><U86/><E4/><V7/><F109/><W34/><G34/><T135/><D135/><U131/><E131/><N who="2" m="50219" /><F7/><W10/><G40/><T129/><D129/><U42/><E76/><V3/><F3/><W6/><G83/><T115/><D115/><U57/><E73/><V66/><F66/><W91/><G11/><T56/><D56/><U27/><E50/><V62/><F62/><W69/><G69/><T55/><D33/><U126/><E42/><V52/><F124/><W23/><G23/><T24/><D24/><U101/><REACH who="1" step="1"/><E126/><REACH who="1" ten="235,245,314,186" step="2"/><V46/><F112/><W96/><G96/><T103/><D5/><U122/><E122/><V100/><F46/><W98/><G98/><T95/><D45/><U38/><E38/><V36/><F36/><W22/><G18/><T28/><D48/><U14/><E14/><V65/><F12/><W87/><G87/><T9/><D15/><U63/><E63/><V32/><F49/><W26/><REACH who="3" step="1"/><G22/><REACH who="3" ten="235,245,314,176" step="2"/><T75/><D75/><U119/><E119/><V111/><F19/><W0/><AGARI ba="1,3" hai="0,6,10,16,20,26,53,54,88,89,91,97,102,106" machi="0" ten="30,16000,3" yaku="1,1,2,1,0,1,52,3,54,2,53,0" doraHai="85" doraHaiUra="81" who="3" fromWho="3" sc="235,-41,245,-81,314,-41,176,193" /><INIT seed="2,0,0,0,1,61" ten="194,164,273,369" oya="2" hai0="116,132,28,84,123,26,135,54,99,85,68,3,78" hai1="31,119,82,51,11,74,131,33,46,9,67,59,90" hai2="45,20,55,17,64,15,41,98,134,32,95,102,112" hai3="87,22,110,93,44,36,126,115,27,89,70,52,63"/><V37/><F112/><W56/><G110/><T103/><D3/><U83/><E119/><V60/><F134/><N who="0" m="51242" /><D123/><U121/><E121/><V38/><F32/><W8/><G126/><T16/><D116/><U72/><E131/><V34/><F34/><W133/><G133/><T105/><D78/><U1/><E31/><V35/><F35/><W23/><G115/><T47/><D68/><U4/><E33/><V30/><F30/><W80/><G70/><T50/><D28/><U6/><E74/><V114/><F114/><W104/><G104/><T113/><D113/><U76/><E90/><V69/><REACH who="2" step="1"/><F55/><REACH who="2" ten="194,164,263,369" step="2"/><W106/><G52/><T21/><AGARI ba="0,1" hai="16,21,26,47,50,54,84,85,99,103,105" m="51242" machi="21" ten="30,2000,0" yaku="20,1,54,1" doraHai="61" who="0" fromWho="0" sc="194,30,164,-5,263,-10,369,-5" /><INIT seed="3,0,0,4,3,33" ten="224,159,253,364" oya="3" hai0="13,127,48,129,8,92,27,37,95,60,107,12,34" hai1="46,75,61,30,112,57,64,65,100,74,86,103,135" hai2="96,32,5,55,25,106,126,41,45,39,35,115,110" hai3="85,1,87,40,50,124,24,97,71,102,53,69,120"/><W51/><G120/><T54/><D37/><U98/><E112/><V88/><F115/><W105/><G124/><T4/><D107/><U6/><E135/><V63/><F110/><W18/><G40/><T117/><D117/><U66/><E6/><V26/><F126/><W78/><G51/><T91/><D129/><U94/><E103/><V0/><F35/><W7/><G18/><T116/><D116/><U23/><E86/><V17/><F32/><W134/><G24/><T119/><D119/><U21/><E21/><V3/><F5/><W83/><G85/><T93/><D127/><U84/><E84/><V90/><F106/><W2/><G134/><T44/><D60/><U59/><E46/><V81/><F81/><W68/><REACH who="3" step="1"/><G7/><REACH who="3" ten="224,159,253,354" step="2"/><T125/><D125/><U52/><E75/><V109/><F26/><W118/><G118/><T130/><D27/><N who="1" m="16767" /><E74/><V82/><F41/><W72/><G72/><T16/><D130/><U113/><E113/><V22/><F17/><W122/><G122/><T47/><D47/><AGARI ba="0,1" hai="1,2,47,50,53,68,69,71,78,83,87,97,102,105" machi="47" ten="40,18000,2" yaku="1,1,52,2,53,3" doraHai="33" doraHaiUra="67" who="3" fromWho="0" sc="224,-180,159,0,253,0,354,190" /><INIT seed="3,1,0,5,0,122" ten="44,159,253,544" oya="3" hai0="108,52,98,93,102,41,86,133,101,35,126,63,89" hai1="20,11,1,15,40,24,42,62,91,72,31,97,113" hai2="56,55,43,66,80,12,116,26,110,92,77,18,76" hai3="131,46,124,27,51,84,50,132,32,2,109,87,70"/><W7/><G70/><T95/><D35/><U88/><E72/><V36/><F116/><W21/><G32/><T115/><D126/><U75/><E75/><V121/><F121/><W34/><G34/><T29/><D29/><U82/><E113/><V37/><F66/><W107/><G107/><T103/><D133/><U104/><E1/><V59/><F26/><W135/><G124/><T38/><D115/><U28/><E28/><V4/><F4/><W57/><G57/><N who="0" m="35239" /><D38/><U54/><E104/><V6/><F6/><W78/><G131/><T129/><D129/><U74/><E74/><V44/><F37/><W60/><G60/><T114/><D114/><U112/><E97/><V58/><F92/><W23/><G2/><T48/><D108/><U125/><E82/><V105/><F110/><W67/><G109/><T81/><D95/><U25/><E25/><V123/><F105/><W118/><G67/><T68/><D68/><U19/><E125/><V128/><F128/><W100/><G118/><T127/><D127/><U16/><E31/><V71/><F71/><W90/><G132/><T111/><D111/><U73/><E73/><N who="2" m="43023" /><F77/><W45/><G78/><T94/><D94/><U49/><E62/><V99/><F99/><W64/><G64/><T3/><D3/><U120/><E120/><V33/><F33/><W65/><G65/><T96/><D96/><U14/><E112/><V17/><F123/><W79/><G79/><T61/><D61/><U83/><E83/><V119/><F119/><W8/><G135/><T0/><D0/><U69/><E69/><V53/><F12/><RYUUKYOKU ba="1,0" sc="44,15,159,-15,253,15,544,-15" hai0="41,48,81,86,89,93,98,101,102,103" hai2="17,18,36,43,44,53,55,56,58,59" /><INIT seed="4,2,0,3,1,115" ten="59,144,268,529" oya="0" hai0="10,72,18,126,14,117,83,33,119,77,24,34,47" hai1="16,40,8,28,73,48,125,134,132,61,7,113,97" hai2="53,85,51,105,41,81,2,50,87,74,37,56,100" hai3="63,32,45,94,21,75,120,42,57,95,9,60,107"/><T101/><D126/><U22/><E125/><V46/><F2/><W99/><G32/><T67/><D67/><U44/><E113/><V23/><F105/><W20/><G75/><T118/><D101/><U98/><E73/><V130/><F100/><W12/><G60/><T114/><D114/><U131/><E28/><V112/><F130/><W108/><G108/><T96/><D96/><U122/><E61/><V116/><F112/><W0/><G0/><T19/><REACH who="0" step="1"/><D47/><REACH who="0" ten="49,144,268,529" step="2"/><U11/><E131/><V79/><F46/><W1/><G99/><T92/><D92/><U68/><E98/><V110/><F110/><W129/><G95/><T104/><D104/><U64/><E97/><V88/><F81/><W59/><G94/><T89/><D89/><U71/><E64/><V90/><F88/><W35/><G107/><T38/><D38/><U124/><E124/><V36/><F90/><W49/><G129/><T15/><D15/><U54/><E132/><V109/><F36/><W80/><G80/><T43/><D43/><U25/><E134/><V82/><F82/><W27/><G12/><T84/><D84/><U39/><E39/><V135/><F87/><W111/><G111/><T127/><D127/><U121/><E40/><V133/><F85/><W26/><G45/><T5/><D5/><U58/><E44/><V76/><F37/><W66/><G42/><T62/><D62/><U52/><E7/><V65/><F109/><W3/><G63/><T29/><D29/><U30/><E30/><V31/><F135/><W93/><G66/><T6/><D6/><U106/><E106/><RYUUKYOKU ba="2,1" sc="49,30,144,-10,268,-10,529,-10" hai0="10,14,18,19,24,33,34,72,77,83,117,118,119" /><INIT seed="4,3,1,5,1,125" ten="79,134,258,519" oya="0" hai0="57,94,92,107,53,120,95,68,22,48,15,79,131" hai1="74,119,30,103,67,86,104,78,111,0,44,113,106" hai2="34,56,100,42,35,59,84,134,135,117,89,118,110" hai3="108,130,10,76,102,61,65,47,12,71,2,129,33"/><T9/><D120/><U24/><E111/><V115/><F100/><W81/><G108/><T25/><D107/><U6/><E119/><N who="2" m="45579" /><F42/><W98/><G33/><N who="2" m="12297" /><F110/><W91/><G91/><T126/><D126/><U51/><E113/><V23/><F23/><W73/><G47/><T55/><D68/><U97/><E74/><V66/><F115/><W45/><G45/><T77/><D131/><N who="3" m="50185" /><G2/><T64/><D64/><U116/><E67/><V3/><F3/><W88/><G88/><T114/><D114/><U83/><E6/><V70/><F70/><W54/><G54/><T49/><D25/><U38/><E38/><V72/><F72/><W31/><G31/><T96/><D22/><U19/><E30/><V16/><F16/><N who="3" m="8215" /><G102/><T21/><D21/><U109/><E0/><V27/><F27/><W18/><G18/><N who="0" m="8559" /><D96/><AGARI ba="3,1" hai="61,65,71,73,76,81,96,98" m="8215,50185" machi="96" ten="30,8000,1" yaku="19,1,52,3,54,1" doraHai="125" who="3" fromWho="0" sc="79,-89,134,0,258,0,519,99" owari="-10,-51.0,134,-27.0,258,6.0,618,72.0" /></mjloggm>