<mjloggm ver="2.3"><GO type="169" lobby="0"/><UN n0="%E7%94%B1%E7%B5%90%E6%9C%80%E6%84%9B" n1="%6D%61%73%61%73%69%6F" n2="%62%6F%79%61%74%65%74%75" n3="%E3%82%A6%E3%83%AB%E3%83%88%E3%83%A9%E7%AB%8B%E7%9B%B4" dan="16,16,16,18" rate="2088.44,2133.17,2047.40,2247.13" sx="F,F,M,M"/><TAIKYOKU oya="0"/><INIT seed="0,0,0,5,5,114" ten="250,250,250,250" oya="0" hai0="43,90,108,5,54,128,135,118,57,51,20,98,121" hai1="73,82,44,32,42,107,110,96,99,123,113,63,37" hai2="7,97,19,84,117,112,65,22,41,132,89,68,100" hai3="25,0,26,130,59,45,29,4,104,27,94,13,86"/><T77/><D121/><U79/><E113/><V70/><F7/><W10/><G104/><T92/><D135/><U38/><E123/><V127/><F41/><W48/><G130/><T87/><D128/><U64/><E110/><V12/><F112/><W49/><G0/><T3/><D108/><U2/><E32/><V120/><F120/><W16/><G4/><T50/><D118/><U47/><E2/><V55/><F127/><W23/><G59/><T21/><D3/><U105/><E99/><V56/><F65/><W53/><G49/><T8/><D8/><U109/><E109/><V125/><F125/><W69/><G69/><T88/><D77/><U39/><E47/><V76/><F76/><W34/><G34/><T111/><D5/><U133/><E133/><V18/><F18/><W122/><G122/><T66/><D66/><U131/><E131/><V6/><F6/><W30/><G30/><T14/><D14/><U116/><E116/><V103/><F103/><W62/><G62/><T91/><D111/><U67/><E67/><V15/><F15/><W134/><G134/><T60/><D91/><AGARI ba="0,0" hai="10,13,16,23,25,26,27,29,45,48,53,86,91,94" machi="91" ten="40,2600,0" yaku="8,1,54,1" doraHai="114" who="3" fromWho="0" sc="250,-26,250,0,250,0,250,26" /><INIT seed="1,0,0,5,2,38" ten="224,250,250,276" oya="1" hai0="5,123,105,44,71,36,82,29,91,63,107,113,80" hai1="95,101,108,9,0,43,64,125,97,25,83,73,13" hai2="115,2,110,8,120,134,22,7,74,129,40,47,48" hai3="124,72,93,78,60,34,42,99,27,109,54,35,94"/><U90/><E125/><V62/><F120/><W84/><G72/><T32/><D123/><U130/><E130/><V1/><F110/><W70/><G109/><T102/><D113/><U19/><E108/><V121/><F121/><W104/><G124/><T98/><D107/><U23/><E0/><V81/><F134/><W6/><G6/><T66/><D5/><U46/><E64/><V68/><F22/><W37/><G78/><T17/><D17/><U79/><E101/><V85/><F74/><W55/><G84/><T16/><D16/><U59/><E59/><V122/><F129/><W69/><G37/><T132/><D91/><U127/><E127/><V106/><F106/><W45/><G104/><T58/><D58/><U10/><REACH who="1" step="1"/><E25/><REACH who="1" ten="224,240,250,276" step="2"/><V24/><F24/><W96/><G27/><N who="0" m="18495" /><D132/><U92/><E92/><V50/><F122/><W117/><G93/><T112/><D112/><U131/><E131/><V57/><F115/><W119/><G94/><T4/><D4/><U100/><E100/><V20/><F2/><W89/><G70/><T56/><D56/><U61/><E61/><V26/><F68/><W3/><G69/><T12/><D12/><U28/><E28/><V135/><F135/><W49/><G60/><T14/><D14/><U67/><E67/><V77/><F62/><W111/><G3/><T118/><D118/><U87/><E87/><V39/><F57/><W75/><G111/><T114/><D114/><U88/><E88/><V21/><F26/><W30/><G89/><T51/><D36/><AGARI ba="0,1" hai="9,10,13,19,23,36,43,46,73,79,83,90,95,97" machi="36" ten="30,11600,0" yaku="1,1,7,1,52,1,53,1" doraHai="38" doraHaiUra="76" who="1" fromWho="0" sc="224,-116,240,126,250,0,276,0" /><INIT seed="1,1,0,5,1,31" ten="108,366,250,276" oya="1" hai0="89,56,1,54,75,112,73,14,78,127,107,7,110" hai1="10,100,12,9,101,82,123,34,27,84,16,93,70" hai2="26,37,17,22,105,94,106,76,13,126,32,15,25" hai3="44,79,19,103,71,4,122,62,90,92,80,117,55"/><U45/><E123/><V24/><F37/><W124/><G122/><T102/><D112/><U130/><E130/><V3/><F76/><W50/><G124/><T104/><D1/><U18/><E70/><V108/><F105/><W72/><G117/><T33/><D127/><U114/><E114/><V28/><F94/><W99/><G4/><T83/><D110/><U131/><E131/><V132/><F106/><W46/><G19/><T88/><D107/><U57/><E57/><V111/><F3/><W113/><G113/><T42/><D75/><U68/><E68/><V11/><F126/><W60/><G71/><T128/><D42/><U21/><E34/><V134/><F24/><W49/><REACH who="3" step="1"/><G103/><REACH who="3" ten="108,366,250,266" step="2"/><T129/><D129/><U118/><E118/><V30/><REACH who="2" step="1"/><F15/><REACH who="2" ten="108,366,240,266" step="2"/><W81/><G81/><T36/><D128/><U58/><E82/><V120/><F120/><W96/><G96/><T35/><D36/><U41/><E12/><V85/><F85/><W29/><G29/><T109/><D109/><AGARI ba="1,2" hai="11,13,17,22,25,26,28,30,32,108,109,111,132,134" machi="109" ten="40,12000,2" yaku="1,1,14,1,34,3,52,1,53,0" doraHai="31" doraHaiUra="116" who="2" fromWho="0" sc="108,-123,366,0,240,143,266,0" owari="-15,-52.0,366,17.0,383,48.0,266,-13.0" /></mjloggm>