<mjloggm ver="2.3"><GO type="169" lobby="0"/><UN n0="%E3%83%88%E3%83%88%E3%83%AA%E5%85%88%E7%94%9F%31%39%E6%AD%B3" n1="%E6%A1%9C%E4%BA%95%E3%81%95%E3%82%93" n2="%E9%89%84%E8%B2%9E" n3="%67%63%40%E6%BF%80%E8%BE%9B" dan="19,18,16,17" rate="2273.78,2285.66,2055.86,2173.36" sx="F,M,M,M"/><TAIKYOKU oya="0"/><INIT seed="0,0,0,2,0,133" ten="250,250,250,250" oya="0" hai0="49,13,95,112,63,24,77,33,42,25,10,108,93" hai1="100,4,124,72,56,14,9,23,130,134,94,60,125" hai2="53,76,28,20,6,85,29,88,78,101,121,122,128" hai3="3,75,91,131,21,81,11,80,57,54,65,129,74"/><T89/><D112/><U45/><E72/><V48/><F101/><W51/><G65/><T64/><D108/><U15/><E134/><V22/><F128/><N who="3" m="49227" /><G21/><T30/><D77/><N who="2" m="29802" /><F121/><W70/><G70/><T35/><D89/><U109/><E130/><V18/><F6/><N who="3" m="1503" /><G91/><T5/><D49/><U16/><E109/><V43/><F43/><W32/><G32/><T127/><D127/><N who="1" m="48715" /><E45/><N who="2" m="27791" /><F22/><W116/><G116/><T26/><D42/><U123/><E123/><V66/><F66/><W73/><AGARI ba="0,0" hai="51,54,57,73,74,75,80,81" m="1503,49227" machi="73" ten="40,1500,0" yaku="19,1" doraHai="133" who="3" fromWho="3" sc="250,-7,250,-4,250,-4,250,15" /><INIT seed="1,0,0,5,4,27" ten="243,246,246,265" oya="1" hai0="69,49,36,96,119,4,45,24,55,62,11,63,108" hai1="66,30,100,88,12,8,34,105,98,57,104,80,124" hai2="1,16,15,2,94,52,61,9,97,118,112,109,54" hai3="91,133,3,35,78,87,76,13,126,31,39,130,33"/><U32/><E124/><V7/><F118/><W111/><G3/><T117/><D108/><U132/><E132/><V127/><F109/><W125/><G111/><T38/><D96/><U75/><E105/><V113/><F127/><N who="3" m="48651" /><G39/><T102/><D102/><U67/><E57/><N who="2" m="34983" /><F54/><W81/><G133/><T56/><D24/><U53/><E53/><V129/><F129/><W77/><G130/><T43/><D38/><U135/><E135/><V74/><F74/><W5/><G31/><T21/><D21/><U25/><E34/><V123/><F123/><W59/><G59/><T68/><D63/><U110/><E110/><V41/><F41/><W22/><G22/><T106/><D106/><U120/><E120/><V122/><F7/><W42/><G42/><T70/><REACH who="0" step="1"/><D36/><REACH who="0" ten="233,246,246,265" step="2"/><U79/><REACH who="1" step="1"/><E88/><REACH who="1" ten="233,236,246,265" step="2"/><N who="2" m="55495" /><F122/><W85/><G35/><T71/><N who="0" m="17408" /><DORA hai="101" /><T58/><D58/><U128/><E128/><V84/><F84/><N who="3" m="50575" /><G33/><T37/><D37/><U19/><AGARI ba="0,2" hai="8,12,19,25,30,32,66,67,75,79,80,98,100,104" machi="19" ten="20,18000,2" yaku="1,1,0,1,7,1,52,2,53,1" doraHai="27,101" doraHaiUra="86,99" who="1" fromWho="1" sc="233,-60,236,200,246,-60,265,-60" /><INIT seed="1,1,0,0,1,135" ten="173,436,186,205" oya="1" hai0="42,13,64,30,28,110,108,97,129,23,125,78,1" hai1="34,92,120,132,115,69,45,103,76,60,134,7,114" hai2="53,37,94,113,36,32,55,17,128,106,0,33,50" hai3="57,127,14,118,87,58,3,81,72,16,101,44,90"/><U95/><E34/><V75/><F106/><W89/><G3/><T54/><D1/><U67/><E120/><V52/><F75/><W109/><G109/><T20/><D129/><U119/><E119/><V99/><F128/><W51/><G118/><T43/><D78/><U63/><E7/><V73/><F73/><W25/><G72/><T61/><D54/><U131/><E131/><V82/><F50/><W68/><G68/><T102/><D13/><U111/><E76/><V47/><F0/><W86/><G127/><T18/><D125/><U66/><E45/><V93/><F82/><N who="3" m="49367" /><G25/><T59/><D18/><U85/><E85/><V123/><F123/><W11/><G101/><T74/><D74/><U83/><E83/><V9/><F37/><W62/><G62/><T21/><D42/><AGARI ba="1,0" hai="11,14,16,42,44,51,57,58,81,87,90" m="49367" machi="42" ten="30,2000,0" yaku="8,1,54,1" doraHai="135" who="3" fromWho="0" sc="173,-23,436,0,186,0,205,23" /><INIT seed="2,0,0,5,0,4" ten="150,436,186,228" oya="2" hai0="61,83,31,119,91,66,19,18,40,65,81,25,26" hai1="64,46,80,59,54,77,116,22,45,74,133,99,39" hai2="134,96,93,27,120,9,10,107,37,2,105,126,109" hai3="130,11,24,82,72,8,0,106,92,129,29,118,101"/><V49/><F120/><W102/><G106/><T73/><D119/><U71/><E116/><V132/><F37/><W115/><G118/><T6/><D40/><U17/><E133/><N who="2" m="51307" /><F2/><W90/><G115/><T15/><D73/><U94/><E64/><V58/><F126/><W87/><G72/><T34/><D6/><U104/><E71/><V103/><F109/><W127/><G0/><T123/><D123/><U7/><E104/><N who="2" m="40011" /><F27/><W100/><G82/><T85/><D81/><U75/><E75/><V21/><F21/><N who="3" m="15503" /><G127/><T51/><D25/><U33/><E33/><V56/><F49/><W122/><G122/><T97/><D51/><U62/><E39/><V117/><F117/><W108/><G108/><T128/><D61/><U23/><E23/><V60/><F58/><W48/><G48/><T131/><D34/><U14/><E7/><V1/><F1/><W78/><G78/><T67/><D19/><U41/><E41/><V121/><F121/><W3/><G3/><T95/><D31/><U68/><E68/><V113/><F113/><W124/><G124/><T43/><D43/><U79/><E79/><V5/><F5/><W70/><G70/><T88/><REACH who="0" step="1"/><D26/><REACH who="0" ten="140,436,186,228" step="2"/><U50/><E50/><V89/><F103/><AGARI ba="0,1" hai="14,17,22,45,46,54,59,62,74,77,80,94,99,103" machi="103" ten="30,1000,0" yaku="7,1" doraHai="4" who="1" fromWho="2" sc="140,0,436,20,186,-10,228,0" /><INIT seed="3,0,0,3,5,8" ten="140,456,176,228" oya="3" hai0="14,41,108,9,50,23,4,83,44,66,69,129,62" hai1="47,72,11,30,24,49,51,100,60,74,128,56,17" hai2="120,2,117,73,45,134,79,105,107,127,22,38,15" hai3="52,113,12,71,82,32,115,35,7,63,122,80,91"/><W97/><G122/><T119/><D119/><U16/><E100/><V10/><F117/><W102/><G113/><T58/><D108/><U88/><E128/><V3/><F120/><W18/><G7/><T104/><D104/><U57/><E88/><V124/><F134/><W40/><G40/><T31/><D129/><U5/><E72/><V125/><F22/><W114/><G114/><T53/><D83/><U111/><E74/><V121/><F121/><W70/><G115/><T109/><D109/><U42/><E51/><V126/><N who="2" m="31744" /><DORA hai="95" /><V26/><F26/><W98/><G52/><T34/><D34/><U99/><E99/><V39/><F79/><W133/><G133/><T103/><D103/><U36/><E36/><N who="2" m="13867" /><F45/><W116/><G116/><T61/><D23/><U78/><E78/><V76/><F76/><W0/><G35/><T33/><D33/><U106/><E24/><V75/><F15/><W131/><G32/><T89/><D89/><U48/><E47/><V25/><F25/><W1/><G91/><T86/><D31/><U90/><E30/><V81/><F10/><W92/><G131/><T67/><REACH who="0" step="1"/><D86/><REACH who="0" ten="130,456,176,228" step="2"/><U55/><E111/><V21/><F21/><W19/><G102/><T132/><D132/><U43/><E90/><V110/><F110/><W123/><G123/><T20/><D20/><U130/><E130/><V46/><F81/><W93/><G80/><T13/><D13/><U85/><E85/><V37/><F107/><W84/><G82/><T64/><AGARI ba="0,1" hai="4,9,14,41,44,50,53,58,61,62,64,66,67,69" machi="64" ten="30,7900,0" yaku="1,1,0,1,52,1,53,1" doraHai="8,95" doraHaiUra="6,68" who="0" fromWho="0" sc="130,89,456,-20,176,-20,228,-39" /><INIT seed="4,0,0,2,2,55" ten="219,436,156,189" oya="0" hai0="113,109,119,75,8,111,5,0,118,131,34,25,24" hai1="73,13,14,43,76,117,52,85,51,120,110,45,97" hai2="108,9,60,123,63,44,70,57,89,48,1,37,79" hai3="62,72,40,133,35,39,26,135,7,100,93,124,21"/><T74/><D74/><U102/><E110/><N who="0" m="41993" /><D113/><U12/><E117/><N who="0" m="44553" /><D75/><U58/><E120/><V38/><F108/><W23/><G72/><T129/><D34/><U66/><E73/><V3/><F79/><W92/><G35/><T114/><D114/><U47/><E66/><N who="2" m="41311" /><F89/><W32/><G32/><T71/><D71/><U105/><REACH who="1" step="1"/><E43/><REACH who="1" ten="219,426,156,189" step="2"/><N who="2" m="24607" /><F3/><W65/><G65/><T6/><D6/><U116/><E116/><V107/><F1/><W28/><G40/><T20/><D25/><U128/><E128/><V95/><F123/><W90/><G7/><T83/><D83/><AGARI ba="0,1" hai="12,13,14,45,47,51,52,58,76,83,85,97,102,105" machi="83" ten="40,8000,1" yaku="1,1,52,1,54,1,53,2" doraHai="55" doraHaiUra="41" who="1" fromWho="0" sc="219,-80,426,90,156,0,189,0" /><INIT seed="5,0,0,5,3,26" ten="139,516,156,189" oya="1" hai0="118,19,1,122,56,63,61,76,4,65,11,116,45" hai1="109,27,79,22,96,102,44,28,85,42,2,55,38" hai2="52,10,113,82,87,106,48,73,12,64,62,49,60" hai3="13,47,17,66,93,132,114,83,7,16,14,53,9"/><U124/><E2/><V58/><F106/><W115/><G132/><T99/><D122/><U129/><E124/><V57/><F113/><N who="3" m="43019" /><G66/><T98/><D76/><U75/><E129/><V92/><F73/><W31/><G31/><T74/><D74/><U30/><E75/><V90/><REACH who="2" step="1"/><F82/><REACH who="2" ten="139,516,146,189" step="2"/><W134/><G83/><T70/><D116/><U51/><E109/><V35/><F35/><W23/><G134/><T111/><D118/><U78/><E85/><V29/><F29/><W127/><G127/><T86/><D111/><U36/><E30/><V97/><F97/><W95/><G17/><AGARI ba="0,1" hai="10,12,17,48,49,52,57,58,60,62,64,87,90,92" machi="17" ten="30,7700,0" yaku="1,1,7,1,8,1,54,1,53,0" doraHai="26" doraHaiUra="40" who="2" fromWho="3" sc="139,0,516,0,146,87,189,-77" /><INIT seed="6,0,0,2,1,126" ten="139,516,233,112" oya="2" hai0="100,34,47,49,110,41,92,39,18,40,10,113,53" hai1="87,76,66,86,28,55,105,31,127,95,7,104,128" hai2="94,132,118,14,26,68,54,15,106,22,30,38,108" hai3="20,69,62,52,96,2,83,35,36,80,78,5,97"/><V42/><F118/><W77/><G35/><T90/><D110/><U111/><E66/><V56/><F106/><W103/><G36/><T107/><D34/><U74/><E7/><V8/><F132/><W32/><G32/><T129/><D113/><U63/><E111/><V73/><F108/><W115/><G115/><T109/><D109/><U48/><E63/><V60/><F73/><W134/><G134/><T51/><D39/><U0/><E0/><V67/><F15/><W33/><G33/><T11/><D100/><U116/><E74/><V29/><F38/><W59/><G69/><T75/><D107/><U37/><E37/><V64/><F42/><W72/><G20/><T3/><D75/><U4/><E4/><V125/><F125/><W6/><G2/><T19/><D3/><U93/><E116/><V71/><F94/><W88/><G78/><T121/><D121/><U85/><E76/><V12/><F12/><W112/><G112/><T122/><D122/><U43/><E43/><N who="0" m="16457" /><D51/><U99/><E127/><V81/><F71/><W65/><G65/><T17/><D129/><U82/><E128/><V21/><F68/><W45/><G45/><T57/><D47/><U98/><E105/><V61/><F67/><W24/><G24/><T23/><D23/><U1/><E95/><V101/><F22/><W13/><G13/><T25/><D25/><U91/><E1/><V133/><F21/><W44/><G44/><T119/><D119/><U117/><E117/><V9/><F26/><W130/><G130/><T58/><D58/><N who="1" m="33127" /><E82/><V27/><F81/><W50/><G80/><RYUUKYOKU ba="0,0" sc="139,15,516,15,233,-15,112,-15" hai0="10,11,17,18,19,49,53,57,90,92" hai1="28,31,85,86,87,91,93,98,99,104" /><INIT seed="7,1,0,4,2,6" ten="154,531,218,97" oya="3" hai0="53,8,93,126,44,77,85,52,110,60,72,31,80" hai1="27,20,131,64,128,74,84,5,113,120,135,70,98" hai2="122,49,119,78,17,13,123,112,129,54,127,114,25" hai3="42,130,58,117,46,37,55,104,108,89,23,79,51"/><W101/><G117/><T43/><D110/><U116/><E74/><V61/><F119/><W22/><G130/><T95/><D126/><U100/><E116/><V76/><F127/><W81/><G108/><T68/><D31/><U11/><E120/><N who="2" m="46123" /><F129/><W67/><G89/><T10/><D68/><U14/><E113/><N who="2" m="43627" /><F25/><W38/><G38/><T99/><D72/><U71/><E84/><V33/><F33/><W109/><G109/><T82/><D82/><U134/><E71/><V91/><F91/><W133/><G133/><N who="1" m="50698" /><E64/><V103/><F61/><W63/><G101/><N who="0" m="60655" /><D95/><N who="1" m="58463" /><E70/><V124/><F103/><W83/><G104/><T56/><D43/><U62/><E62/><V86/><F86/><W69/><REACH who="3" step="1"/><G83/><REACH who="3" ten="154,531,218,87" step="2"/><T0/><D0/><U39/><E39/><V111/><F124/><W9/><G9/><T36/><D36/><U24/><E128/><V125/><F125/><W102/><G102/><T94/><D94/><U30/><E131/><V87/><F111/><W1/><G1/><T32/><D32/><U66/><E11/><V57/><F87/><AGARI ba="1,1" hai="22,23,37,42,46,51,55,58,63,67,69,79,81,87" machi="87" ten="30,12000,1" yaku="1,1,7,1,24,2,53,1" doraHai="6" doraHaiUra="40" who="3" fromWho="2" sc="154,0,531,0,218,-123,87,133" /><INIT seed="7,2,0,3,1,91" ten="154,531,95,220" oya="3" hai0="88,65,7,129,20,9,45,89,72,93,40,110,95" hai1="5,57,97,51,74,120,55,19,18,83,121,126,99" hai2="67,2,4,42,49,34,105,128,133,21,31,113,13" hai3="104,77,56,87,52,100,92,58,70,114,24,98,84"/><W25/><G70/><T122/><D110/><U37/><E37/><V10/><F113/><W11/><G114/><T103/><D122/><U127/><E5/><V68/><F128/><W108/><G108/><T106/><D72/><U48/><E74/><V46/><F133/><W64/><G104/><T109/><D109/><U119/><E83/><V134/><F134/><W1/><G1/><T125/><D129/><U79/><E79/><V102/><F21/><W22/><G11/><T0/><D125/><N who="1" m="47627" /><E119/><V39/><F13/><W75/><G75/><T28/><D65/><U96/><E51/><V85/><F49/><N who="3" m="30735" /><G77/><T112/><D112/><U71/><E71/><V26/><F85/><N who="3" m="32843" /><G22/><T32/><D32/><U76/><E76/><V69/><REACH who="2" step="1"/><F67/><REACH who="2" ten="154,531,85,220" step="2"/><W86/><G86/><T59/><D20/><U123/><AGARI ba="2,1" hai="18,19,48,55,57,96,97,99,120,121,123" m="47627" machi="123" ten="40,1500,0" yaku="18,1" doraHai="91" who="1" fromWho="1" sc="154,-6,531,31,85,-6,220,-9" owari="148,-25.0,562,66.0,79,-42.0,211,1.0" /></mjloggm>