<mjloggm ver="2.3"><GO type="169" lobby="0"/><UN n0="%E3%81%93%E3%81%A1" n1="%E3%83%88%E3%83%88%E3%83%AA%E5%85%88%E7%94%9F%31%39%E6%AD%B3" n2="%E5%A4%A7%E6%98%9F%E6%B7%A1%E3%81%82%E3%82%8F%E3%81%82%E3%82%8F" n3="%72%79%6F%EF%BC%A0%4D%4A" dan="18,19,16,16" rate="2160.50,2289.56,2146.99,2124.34" sx="M,F,M,M"/><TAIKYOKU oya="0"/><INIT seed="0,0,0,2,4,26" ten="250,250,250,250" oya="0" hai0="45,49,22,135,75,98,122,29,81,117,69,1,51" hai1="33,103,39,63,118,25,0,70,111,133,100,10,74" hai2="104,65,62,12,43,126,85,113,130,23,102,18,68" hai3="97,34,13,57,50,11,14,64,41,110,47,91,8"/><T84/><D117/><U107/><RYUUKYOKU type="yao9" ba="0,0" sc="250,0,250,0,250,0,250,0" hai1="0,10,25,33,39,63,70,74,100,103,107,111,118,133" /><INIT seed="0,1,0,2,5,83" ten="250,250,250,250" oya="0" hai0="27,84,131,75,89,28,52,2,78,21,63,55,72" hai1="17,125,115,24,51,80,54,40,88,122,99,109,47" hai2="103,57,114,18,29,10,20,93,48,37,3,58,71" hai3="8,95,12,90,130,61,132,129,91,77,98,43,79"/><T6/><D131/><U59/><E122/><V97/><F114/><W49/><G132/><T5/><D78/><U36/><E115/><V73/><F71/><W31/><G31/><T74/><D2/><U1/><E1/><V22/><F37/><W50/><G61/><T19/><D19/><U113/><E113/><V14/><F73/><W15/><G43/><T41/><D41/><U127/><E109/><V62/><F3/><W42/><G42/><T64/><D5/><U67/><E67/><V16/><F29/><W46/><G46/><T86/><D6/><U82/><E99/><V4/><F48/><W69/><G69/><T100/><D100/><U13/><E24/><V76/><F76/><W112/><G112/><T107/><D107/><U38/><E38/><V34/><F34/><W56/><G98/><T60/><D60/><U33/><E33/><V124/><F124/><N who="1" m="47689" /><E88/><V121/><F121/><W39/><G39/><T11/><D11/><AGARI ba="1,0" hai="11,13,17,36,40,47,51,54,59,80,82" m="47689" machi="11" ten="30,1000,0" yaku="18,1" doraHai="83" who="1" fromWho="0" sc="250,-13,250,13,250,0,250,0" /><INIT seed="1,0,0,5,4,113" ten="237,263,250,250" oya="1" hai0="28,115,80,104,132,108,61,22,89,106,20,62,37" hai1="27,41,78,87,135,91,15,90,110,128,125,18,84" hai2="88,65,7,47,75,127,33,24,39,99,63,57,50" hai3="38,134,11,71,32,133,0,102,119,1,82,67,126"/><U118/><E118/><V53/><F75/><W109/><G38/><T101/><D115/><U98/><E128/><V43/><F127/><W35/><G126/><T66/><D37/><U123/><E125/><V76/><F76/><W68/><G109/><T100/><D89/><U25/><E123/><V9/><F24/><W86/><G102/><T122/><D80/><U94/><E110/><V49/><F33/><W95/><G95/><T48/><D108/><U16/><E135/><V83/><F65/><W96/><G82/><T81/><D81/><N who="1" m="47159" /><E41/><V114/><F114/><W112/><G112/><T73/><D132/><U3/><E3/><V116/><F116/><W120/><G120/><T97/><D122/><U79/><E79/><V64/><F64/><W85/><G67/><T44/><D73/><U4/><E4/><V8/><F8/><W12/><G11/><T111/><D111/><U30/><E30/><V93/><REACH who="2" step="1"/><F83/><REACH who="2" ten="237,263,240,250" step="2"/><W59/><G119/><T60/><D66/><U45/><E25/><V58/><F58/><W46/><G59/><T92/><D28/><U69/><E69/><V105/><F105/><W17/><G68/><T74/><D74/><U72/><E72/><V5/><F5/><W14/><G71/><T103/><D106/><U131/><E27/><V130/><F130/><W124/><G124/><T21/><REACH who="0" step="1"/><D104/><REACH who="0" ten="227,263,240,250" step="2"/><U70/><E131/><V6/><F6/><W2/><G134/><T121/><D121/><U10/><E70/><V117/><F117/><W55/><G133/><T77/><D77/><U54/><E18/><V19/><F19/><W52/><G17/><RYUUKYOKU ba="0,2" sc="227,15,263,-15,240,15,250,-15" hai0="20,21,22,44,48,60,61,62,92,97,100,101,103" hai2="7,9,39,43,47,49,50,53,57,63,88,93,99" /><INIT seed="2,1,2,5,1,83" ten="242,248,255,235" oya="2" hai0="14,23,22,79,0,17,89,109,110,123,133,48,27" hai1="92,70,131,128,50,80,74,93,76,61,78,63,19" hai2="58,71,32,30,90,46,60,77,65,18,51,104,40" hai3="15,3,117,106,10,103,6,62,16,94,29,68,37"/><V111/><F104/><W25/><G117/><T116/><D123/><U112/><E112/><V59/><F111/><N who="0" m="42506" /><D116/><U69/><E50/><V88/><F77/><N who="1" m="29801" /><E80/><V125/><F125/><W67/><G37/><T11/><D133/><U86/><E19/><V119/><F119/><W98/><G94/><N who="1" m="36458" /><E86/><V115/><F115/><W33/><REACH who="3" step="1"/><G3/><REACH who="3" ten="242,248,255,225" step="2"/><T57/><D0/><U105/><E105/><V1/><F1/><W5/><AGARI ba="1,3" hai="5,6,10,15,16,25,29,33,62,67,68,98,103,106" machi="5" ten="30,12000,2" yaku="1,1,2,1,0,1,25,2,54,1,53,1" doraHai="83" doraHaiUra="24" who="3" fromWho="3" sc="242,-31,248,-31,255,-61,225,153" /><INIT seed="3,0,0,5,5,118" ten="211,217,194,378" oya="3" hai0="22,47,113,41,27,36,77,35,25,108,7,73,60" hai1="117,40,64,14,9,13,125,96,39,61,68,63,4" hai2="21,58,83,99,44,19,84,87,30,53,109,85,52" hai3="51,12,34,116,135,115,5,127,110,105,31,65,78"/><W97/><G116/><T100/><D108/><U42/><E117/><V66/><F109/><W134/><G110/><T90/><D113/><U11/><E125/><V33/><F33/><W121/><G115/><T130/><D130/><U38/><E96/><V50/><F30/><W104/><G78/><T23/><D100/><U46/><E61/><V62/><F99/><W56/><G127/><T54/><D90/><U82/><E82/><V128/><F128/><W43/><G43/><T8/><D54/><U1/><REACH who="1" step="1"/><E11/><REACH who="1" ten="211,207,194,378" step="2"/><V70/><F70/><W98/><G97/><T81/><D60/><U37/><E37/><V2/><F2/><W49/><G98/><T48/><D48/><U26/><E26/><N who="0" m="9737" /><D35/><U75/><E75/><V17/><F83/><W76/><G51/><T106/><D106/><U45/><AGARI ba="0,1" hai="1,4,9,13,14,38,39,40,42,45,46,63,64,68" machi="45" ten="30,4000,0" yaku="1,1,0,1,9,1,53,0" doraHai="118" doraHaiUra="28" who="1" fromWho="1" sc="211,-10,207,50,194,-10,378,-20" /><INIT seed="4,0,0,5,4,56" ten="201,257,184,358" oya="0" hai0="57,22,35,25,111,39,74,20,37,10,18,104,69" hai1="127,17,118,15,66,135,52,124,78,3,134,125,30" hai2="48,58,81,95,126,13,31,19,27,6,54,14,67" hai3="9,23,87,70,94,50,59,122,114,40,131,91,109"/><T106/><D35/><U33/><E118/><V34/><F126/><W97/><G109/><T46/><D69/><U93/><E3/><V88/><F81/><W26/><G70/><T24/><D74/><U62/><E78/><V130/><F130/><W65/><G114/><T128/><D128/><U51/><E93/><V60/><F6/><W132/><G131/><T102/><D111/><U80/><E80/><V42/><F42/><W96/><G132/><N who="1" m="50730" /><E30/><V21/><F13/><W99/><G122/><T75/><D75/><U36/><E36/><V64/><REACH who="2" step="1"/><F48/><REACH who="2" ten="201,257,174,358" step="2"/><W77/><G50/><T71/><D39/><U82/><E82/><V108/><F108/><W73/><G40/><T12/><D37/><U100/><E127/><V38/><F38/><W45/><G73/><T83/><D83/><U7/><E7/><V49/><F49/><W85/><G77/><T133/><D133/><U68/><E124/><V119/><F119/><W92/><G9/><T129/><D10/><N who="1" m="6391" /><E125/><V0/><F0/><W79/><G79/><T112/><D129/><U63/><E51/><V113/><F113/><W28/><G45/><T4/><D46/><U8/><E8/><V120/><F120/><W53/><G26/><T107/><D112/><U110/><E110/><V41/><F41/><W47/><G47/><T105/><D25/><U43/><E43/><V103/><F103/><W86/><G94/><T2/><D24/><U89/><E100/><V115/><F115/><W72/><G92/><T29/><D104/><U11/><E11/><V84/><AGARI ba="0,1" hai="14,19,21,27,31,34,54,58,60,64,67,84,88,95" machi="84" ten="20,8000,1" yaku="1,1,0,1,7,1,52,1,54,1,53,0" doraHai="56" doraHaiUra="1" who="2" fromWho="2" sc="201,-40,257,-20,174,90,358,-20" /><INIT seed="5,0,0,1,3,106" ten="161,237,264,338" oya="1" hai0="14,123,5,135,19,128,15,21,77,75,41,107,49" hai1="57,84,58,44,33,120,126,98,3,47,9,132,92" hai2="50,118,30,46,22,68,91,124,90,31,117,93,133" hai3="27,113,88,45,76,115,111,42,20,23,95,109,83"/><U66/><E120/><V26/><F68/><W112/><G109/><T102/><D123/><U116/><E116/><V67/><F118/><W35/><G35/><T97/><D135/><U119/><E119/><V18/><F117/><W131/><G131/><T86/><D128/><U85/><E33/><V60/><F133/><W69/><G69/><T25/><D5/><U1/><E132/><V48/><F124/><W103/><G27/><T7/><D7/><U16/><E126/><V79/><F79/><W40/><G103/><T99/><D86/><N who="1" m="33387" /><E1/><V94/><F94/><W64/><G64/><T104/><D104/><U8/><E3/><V0/><F0/><W24/><G111/><T13/><D99/><U38/><E38/><V65/><F93/><W37/><G40/><T114/><D114/><U127/><E8/><V52/><F48/><W32/><G32/><T62/><D62/><N who="1" m="38223" /><E58/><N who="2" m="37015" /><F67/><W34/><G34/><T125/><D125/><U105/><E105/><V43/><F43/><W54/><G54/><T70/><D70/><U122/><E122/><V29/><AGARI ba="0,0" hai="18,22,26,29,30,31,46,50,52,90,91" m="37015" machi="29" ten="30,2000,0" yaku="8,1,54,1" doraHai="106" who="2" fromWho="2" sc="161,-5,237,-10,264,20,338,-5" /><INIT seed="6,0,0,0,4,72" ten="156,227,284,333" oya="2" hai0="26,114,103,129,19,123,20,120,70,85,135,11,65" hai1="39,7,6,81,46,78,12,2,30,107,48,4,8" hai2="96,106,49,64,57,33,28,32,52,50,101,16,89" hai3="13,21,74,110,36,18,43,35,84,73,94,83,25"/><V5/><F5/><W45/><G110/><T105/><D70/><U117/><E117/><V44/><F89/><W59/><G94/><T41/><D65/><U62/><E107/><V86/><F86/><W79/><REACH who="3" step="1"/><G59/><REACH who="3" ten="156,227,284,323" step="2"/><T58/><D58/><U54/><E2/><V91/><F57/><W56/><G56/><T10/><D105/><U31/><E62/><V133/><F64/><W15/><G15/><T51/><D123/><U34/><E39/><V69/><F69/><W90/><G90/><T76/><D120/><U24/><REACH who="1" step="1"/><E30/><AGARI ba="0,1" hai="13,18,21,25,30,35,36,43,45,73,74,79,83,84" machi="30" ten="40,5200,0" yaku="1,1,52,1,53,1" doraHai="72" doraHaiUra="80" who="3" fromWho="1" sc="156,0,227,-52,284,0,323,62" /><INIT seed="7,0,0,0,5,41" ten="156,175,284,385" oya="3" hai0="92,16,66,100,130,1,99,5,127,28,110,70,86" hai1="95,32,2,98,4,94,50,61,21,0,62,57,65" hai2="105,108,90,23,85,114,67,132,117,56,64,91,106" hai3="26,53,18,78,68,76,112,34,83,79,74,25,55"/><W104/><G68/><T63/><D110/><U43/><E32/><V115/><F108/><W19/><G104/><T36/><D36/><U77/><E2/><V72/><F72/><W24/><G34/><T58/><D130/><U97/><E0/><V128/><F117/><W31/><G31/><T9/><D127/><U52/><E4/><V73/><F73/><W59/><G74/><T82/><D28/><U15/><E77/><V102/><F56/><W11/><G55/><T113/><D113/><N who="2" m="43018" /><F132/><W123/><G112/><T126/><D126/><U101/><E43/><V45/><F102/><W22/><G123/><T84/><D82/><U30/><E65/><N who="2" m="25163" /><F45/><W124/><G83/><T80/><D70/><U13/><E30/><V20/><F128/><W29/><G29/><T8/><REACH who="0" step="1"/><D80/><REACH who="0" ten="146,175,284,385" step="2"/><U109/><E109/><V3/><F106/><W103/><G124/><T49/><D49/><U46/><E21/><V133/><F105/><W121/><G121/><T125/><D125/><U119/><E119/><V71/><F71/><W89/><G22/><T38/><D38/><U122/><E122/><V7/><F23/><W37/><G37/><T27/><D27/><U131/><E131/><V129/><F20/><W48/><G25/><T75/><D75/><U47/><E61/><V60/><F60/><W69/><G26/><T17/><D17/><U107/><E107/><V14/><F129/><W96/><G24/><T135/><D135/><U39/><E39/><V111/><F133/><W93/><G69/><T81/><D81/><U6/><E6/><V120/><F7/><W54/><G19/><RYUUKYOKU ba="0,1" sc="146,30,175,-10,284,-10,385,-10" hai0="1,5,8,9,16,58,63,66,84,86,92,99,100" owari="176,-22.0,165,-33.0,274,7.0,385,48.0" /></mjloggm>