<mjloggm ver="2.3"><GO type="169" lobby="0"/><UN n0="%E5%A0%B4%E4%BB%A3" n1="%E3%83%88%E3%83%88%E3%83%AA%E5%85%88%E7%94%9F%31%39%E6%AD%B3" n2="%E3%83%94%E3%83%A8%E3%81%A3%E3%81%99" n3="%E3%83%8F%E3%83%83%E3%82%AB%E3%83%89%E3%83%BC%E3%83%AB" dan="16,19,16,16" rate="2116.59,2350.95,2093.28,2109.41" sx="M,F,M,M"/><TAIKYOKU oya="0"/><INIT seed="0,0,0,0,1,133" ten="250,250,250,250" oya="0" hai0="17,126,45,9,117,121,101,46,64,23,4,102,85" hai1="135,39,84,59,22,38,131,88,44,98,73,124,76" hai2="113,20,19,134,15,47,132,12,104,81,94,21,65" hai3="36,120,119,16,60,70,77,68,69,103,24,66,107"/><T62/><D121/><U123/><E135/><N who="2" m="51755" /><F104/><W127/><G119/><T41/><D126/><U57/><E123/><V32/><F113/><W97/><G120/><T37/><D117/><U55/><E131/><V83/><F32/><W25/><G127/><T42/><D85/><U111/><E124/><V110/><F110/><W91/><G36/><T34/><D34/><U53/><E111/><V75/><F65/><W63/><G77/><T115/><D115/><U33/><E33/><V71/><F71/><W87/><G63/><T72/><D72/><U30/><E98/><V116/><F116/><W5/><G5/><T49/><D23/><U114/><E114/><V51/><F94/><W99/><G99/><T67/><D67/><U118/><E118/><V112/><F75/><W89/><G89/><T40/><D17/><U80/><E59/><V52/><F112/><W74/><G74/><T106/><D41/><U130/><E130/><V6/><F21/><W90/><G90/><T125/><D125/><U1/><E1/><V35/><F35/><W93/><REACH who="3" step="1"/><G16/><REACH who="3" ten="250,250,250,240" step="2"/><T11/><D11/><AGARI ba="0,1" hai="6,11,12,15,19,20,47,51,52,81,83" m="51755" machi="11" ten="30,2000,0" yaku="20,1,54,1" doraHai="133" who="2" fromWho="0" sc="250,-20,250,0,250,30,240,0" /><INIT seed="1,0,0,1,3,97" ten="230,250,280,240" oya="1" hai0="108,10,119,24,82,55,109,114,51,88,85,120,58" hai1="123,98,40,52,104,113,18,25,81,132,129,23,15" hai2="125,9,126,66,49,3,101,117,1,42,67,47,31" hai3="71,103,0,128,34,33,13,29,16,102,96,48,5"/><U105/><E113/><V41/><F117/><W32/><G71/><T79/><D114/><U106/><E123/><V134/><F134/><W14/><G128/><T72/><D119/><U99/><E132/><V110/><F110/><N who="0" m="42602" /><D120/><U80/><E129/><V115/><F115/><W76/><G0/><N who="2" m="73" /><F31/><W95/><G29/><T59/><D10/><U65/><E40/><V4/><F42/><W43/><G76/><T68/><D68/><U92/><E65/><V83/><F83/><W63/><G63/><T93/><D24/><U6/><E99/><V54/><F101/><W35/><G35/><T20/><D20/><U77/><E6/><V127/><F41/><W53/><G43/><T45/><AGARI ba="0,0" hai="45,51,55,58,59,72,79,82,85,88,93" m="42602" machi="45" ten="30,2000,0" yaku="14,1,54,1" doraHai="97" who="0" fromWho="0" sc="230,20,250,-10,280,-5,240,-5" /><INIT seed="2,0,0,0,1,70" ten="250,240,275,235" oya="2" hai0="39,98,6,81,133,62,72,135,115,69,56,34,76" hai1="13,83,10,123,12,61,116,33,119,120,104,111,91" hai2="108,100,79,1,112,124,19,28,9,53,30,99,129" hai3="26,36,88,103,92,130,87,48,27,46,82,42,93"/><V128/><F112/><W52/><G130/><N who="2" m="50281" /><F124/><W127/><G127/><T54/><D115/><U95/><E104/><N who="2" m="63519" /><F108/><W16/><G103/><T22/><D34/><U77/><E33/><V51/><F79/><W5/><G5/><T117/><D117/><N who="1" m="45131" /><E61/><V78/><F78/><W29/><G16/><T68/><D98/><N who="1" m="57727" /><E10/><V14/><F1/><W58/><REACH who="3" step="1"/><G26/><REACH who="3" ten="250,240,275,225" step="2"/><T18/><D6/><U43/><E13/><V86/><F86/><W25/><G25/><T55/><D72/><U7/><E12/><V110/><F110/><W97/><G97/><T84/><D18/><U74/><E7/><V90/><F14/><W17/><G17/><T122/><D84/><U113/><E111/><V21/><F19/><W75/><G75/><T67/><D22/><AGARI ba="0,1" hai="22,27,29,36,42,46,48,52,58,82,87,88,92,93" machi="22" ten="30,12000,2" yaku="1,1,7,1,52,1,54,2,53,2" doraHai="70" doraHaiUra="89" who="3" fromWho="0" sc="250,-120,240,0,275,0,225,130" /><INIT seed="3,0,0,0,5,115" ten="130,240,275,355" oya="3" hai0="33,12,85,60,58,67,50,106,93,132,92,23,10" hai1="59,56,87,42,94,39,17,98,22,16,53,71,82" hai2="29,75,35,114,7,73,111,78,11,45,2,129,26" hai3="40,95,25,32,69,13,70,102,64,34,86,21,72"/><W104/><G72/><T84/><D106/><U47/><E71/><V27/><F114/><W57/><G104/><T116/><D33/><U15/><E53/><V9/><F111/><W88/><G40/><T24/><D116/><U68/><E68/><V105/><F129/><W103/><G69/><T122/><D122/><U28/><E28/><V61/><F105/><W81/><G70/><T0/><D0/><U107/><E107/><V65/><F45/><W118/><G118/><T134/><D134/><U54/><E17/><V30/><F78/><W133/><G13/><T101/><D132/><U14/><E14/><V113/><F113/><W52/><G64/><T83/><D50/><U63/><E59/><V127/><F127/><W99/><G133/><T110/><D110/><U46/><E42/><V19/><F61/><W135/><G135/><T36/><D36/><U74/><E74/><V123/><F65/><W76/><G34/><T37/><D37/><U117/><E39/><V18/><F123/><W6/><G6/><N who="0" m="3159" /><D101/><N who="1" m="60631" /><E117/><V91/><F75/><W49/><G32/><T130/><D130/><U43/><E43/><V112/><F73/><W97/><G97/><T38/><D38/><U124/><E124/><V44/><F112/><W55/><G55/><T109/><D109/><U5/><E5/><V108/><F108/><W89/><G76/><AGARI ba="0,0" hai="15,16,22,46,47,54,56,63,76,82,87" m="60631" machi="76" ten="30,2000,0" yaku="8,1,54,1" doraHai="115" who="1" fromWho="3" sc="130,0,240,20,275,0,355,-20" /><INIT seed="4,0,0,3,3,66" ten="130,260,275,335" oya="0" hai0="115,75,40,56,35,17,77,85,121,2,127,27,95" hai1="86,96,111,4,33,31,20,78,73,131,30,130,45" hai2="64,52,81,43,108,94,105,48,47,119,97,70,6" hai3="57,44,55,16,50,71,99,113,107,112,42,101,15"/><T120/><D2/><U24/><E111/><V76/><F108/><W122/><G122/><T132/><D75/><U3/><E73/><V10/><F119/><W100/><G100/><T118/><D118/><U13/><E96/><V0/><F105/><W90/><G90/><T126/><D115/><U49/><E3/><V60/><F43/><W91/><G91/><N who="0" m="53743" /><D77/><U37/><E37/><V22/><F22/><W63/><REACH who="3" step="1"/><G71/><REACH who="3" ten="130,260,275,325" step="2"/><T11/><D132/><U125/><E130/><V59/><F76/><W72/><G72/><T133/><D133/><U54/><E131/><V34/><F81/><W89/><G89/><T14/><D121/><U109/><E109/><V117/><F117/><W116/><G116/><T128/><D120/><U67/><E78/><V87/><F87/><W53/><G53/><T124/><D128/><U9/><E67/><V62/><F94/><W74/><G74/><T8/><D40/><U98/><E86/><V68/><F97/><W1/><G1/><T129/><D129/><U29/><E33/><V84/><F84/><W114/><G114/><T21/><D56/><U23/><E98/><V134/><F70/><W92/><G92/><T32/><D8/><AGARI ba="0,1" hai="8,15,16,42,44,50,55,57,63,99,101,107,112,113" machi="8" ten="40,2600,0" yaku="1,1,54,1,53,0" doraHai="66" doraHaiUra="106" who="3" fromWho="0" sc="130,-26,260,0,275,0,325,36" /><INIT seed="5,0,0,0,4,57" ten="104,260,275,361" oya="1" hai0="85,88,116,49,22,18,41,73,32,53,120,98,30" hai1="40,121,21,87,61,23,81,25,0,111,96,123,26" hai2="3,34,112,64,14,16,38,15,109,72,118,131,105" hai3="101,79,60,31,71,92,69,43,119,51,127,44,77"/><U89/><E0/><V63/><RYUUKYOKU type="yao9" ba="0,0" sc="104,0,260,0,275,0,361,0" hai2="3,14,15,16,34,38,63,64,72,105,109,112,118,131" /><INIT seed="5,1,0,5,2,51" ten="104,260,275,361" oya="1" hai0="38,7,12,36,76,34,74,39,62,33,18,123,64" hai1="107,28,15,108,86,56,113,31,90,63,6,92,35" hai2="115,59,53,24,82,103,42,127,46,1,52,3,55" hai3="81,27,131,57,97,37,25,118,116,61,110,65,14"/><U132/><E107/><V121/><F121/><W96/><G110/><T49/><D123/><U60/><E113/><V119/><F119/><N who="3" m="45611" /><G131/><T54/><D7/><U102/><E132/><V44/><F115/><W135/><G135/><T89/><D76/><U124/><E124/><V0/><F127/><W112/><G112/><T69/><D74/><U122/><E122/><V98/><F82/><W29/><G37/><T93/><D34/><U99/><E108/><V11/><F11/><W20/><G81/><T87/><D33/><U70/><E35/><V9/><F9/><W68/><G14/><T72/><D72/><U88/><E70/><V117/><F117/><W94/><G27/><T13/><D13/><U8/><E60/><V120/><F120/><W47/><G47/><T50/><D50/><U10/><E10/><V105/><F24/><W71/><G97/><T5/><D5/><U80/><REACH who="1" step="1"/><E90/><AGARI ba="1,0" hai="20,25,29,57,61,65,68,71,90,94,96" m="45611" machi="90" ten="30,1000,0" yaku="12,1" doraHai="51" who="3" fromWho="1" sc="104,0,260,-13,275,0,361,13" /><INIT seed="6,0,0,1,0,134" ten="104,247,275,374" oya="2" hai0="73,12,45,27,47,105,59,112,33,64,86,94,23" hai1="24,119,35,48,77,107,89,111,22,68,88,117,85" hai2="69,106,75,79,56,110,13,84,74,101,46,120,25" hai3="71,92,15,70,28,126,66,91,32,20,72,34,83"/><V87/><F120/><W37/><G37/><T17/><D73/><N who="2" m="27658" /><F69/><W82/><G72/><T121/><D105/><U76/><E111/><V44/><F56/><W63/><G71/><T125/><D121/><U10/><E35/><V31/><F13/><W129/><G129/><T108/><D108/><U7/><E107/><V21/><F110/><W29/><G34/><T55/><D112/><U100/><E100/><V80/><F21/><W8/><G32/><T19/><D64/><U90/><E68/><V52/><F52/><W38/><G38/><T40/><D125/><U128/><E128/><V50/><F50/><W118/><G126/><T115/><D115/><U103/><E103/><V67/><F25/><W60/><G60/><T43/><D43/><U124/><E124/><V5/><F5/><W4/><G118/><T81/><D94/><U96/><E96/><N who="2" m="61735" /><F31/><W41/><G41/><T127/><D127/><U1/><E85/><N who="2" m="32843" /><F67/><W109/><G109/><T65/><D65/><U58/><E117/><V14/><F14/><W116/><G116/><T9/><D33/><U42/><E119/><V130/><F130/><W36/><G36/><T132/><D40/><U104/><E104/><V113/><F113/><W57/><G70/><T114/><D114/><U131/><E131/><V11/><F11/><W95/><G29/><T16/><D19/><N who="1" m="12383" /><E42/><V62/><F62/><W49/><G49/><T133/><D47/><U53/><E1/><V97/><F97/><W0/><G0/><T39/><D39/><U51/><E51/><V102/><F102/><W30/><G28/><T99/><D99/><RYUUKYOKU ba="0,0" sc="104,-15,247,15,275,15,374,-15" hai1="7,10,48,53,58,76,77,88,89,90" hai2="44,46,79,80" /><INIT seed="6,1,0,0,2,127" ten="89,262,290,359" oya="2" hai0="98,23,13,19,96,126,94,39,115,118,46,10,112" hai1="122,40,131,1,17,9,42,104,120,102,67,103,51" hai2="78,14,79,53,48,86,5,130,128,54,20,18,65" hai3="26,108,57,3,25,16,111,7,6,15,83,12,70"/><V76/><F65/><W117/><G70/><T100/><D126/><U89/><E67/><V105/><F105/><W82/><G57/><T123/><D123/><N who="1" m="47147" /><E104/><V4/><F86/><W44/><G44/><T114/><D118/><U110/><E110/><V52/><REACH who="2" step="1"/><F48/><REACH who="2" ten="89,262,280,359" step="2"/><W92/><G117/><T116/><D116/><U34/><E51/><V73/><F73/><W87/><G87/><T134/><D134/><U95/><E42/><V72/><F72/><W129/><G108/><T133/><D133/><U33/><E40/><V35/><F35/><W62/><G111/><T132/><D132/><U8/><E33/><V11/><F11/><W31/><G62/><T61/><D61/><U85/><E34/><V68/><F68/><W21/><G21/><T43/><REACH who="0" step="1"/><D98/><REACH who="0" ten="79,262,280,359" step="2"/><U36/><E36/><V27/><F27/><W97/><G26/><T69/><D69/><U47/><E85/><V113/><F113/><W121/><G25/><T101/><D101/><U75/><E102/><V32/><F32/><W99/><G97/><T45/><D45/><U63/><E47/><V71/><F71/><W28/><G99/><T0/><D0/><U81/><E103/><V109/><F109/><W37/><G37/><T49/><D49/><U59/><E63/><V55/><N who="2" m="13312" /><DORA hai="41" /><V60/><F60/><W58/><G58/><T50/><D50/><U38/><E59/><V84/><F84/><W2/><G121/><T56/><D56/><U107/><E38/><V119/><F119/><W90/><G31/><T88/><D88/><U24/><E89/><V30/><F30/><W22/><G90/><RYUUKYOKU ba="1,2" sc="79,15,262,-15,280,15,359,-15" hai0="10,13,19,23,39,43,46,94,96,100,112,114,115" hai2="4,5,14,18,20,76,78,79,128,130" /><INIT seed="6,2,2,4,2,111" ten="94,247,295,344" oya="2" hai0="61,131,114,92,58,47,69,19,27,115,17,77,36" hai1="54,6,128,39,91,129,41,25,43,78,66,21,23" hai2="96,46,73,59,86,102,110,106,97,15,68,31,37" hai3="62,95,16,81,29,123,8,103,112,100,113,13,44"/><V134/><F73/><W121/><G81/><T76/><D69/><U35/><E35/><V122/><F68/><W12/><G29/><T33/><D131/><N who="1" m="50251" /><E66/><V98/><F110/><W42/><G62/><T40/><D33/><U85/><E78/><N who="0" m="30313" /><D27/><U101/><E39/><V64/><F122/><W26/><G26/><T48/><D36/><U18/><E101/><N who="3" m="38986" /><G95/><T118/><D118/><U99/><E99/><V9/><F134/><W4/><G4/><T2/><D2/><U88/><E91/><V132/><F132/><W28/><G28/><T70/><D70/><U79/><E79/><V105/><F31/><W10/><G10/><T135/><D135/><U107/><E107/><V30/><F30/><W20/><G20/><T75/><D75/><U82/><E23/><V65/><F106/><W89/><G13/><T133/><D133/><U55/><E6/><V34/><F34/><W109/><G89/><T56/><D56/><U60/><E54/><V51/><F59/><AGARI ba="2,2" hai="18,21,25,41,43,55,59,60,82,85,88" m="50251" machi="59" ten="30,2000,0" yaku="19,1,54,1" doraHai="111" who="1" fromWho="2" sc="94,0,247,46,295,-26,344,0" /><INIT seed="7,0,0,2,2,31" ten="94,293,269,344" oya="3" hai0="102,105,127,119,83,115,54,133,117,111,2,41,16" hai1="118,65,86,45,39,20,92,23,134,112,50,73,69" hai2="74,82,10,42,93,72,17,135,6,123,12,53,107" hai3="101,128,8,49,13,43,59,87,126,76,62,81,3"/><W125/><G128/><T70/><D41/><U48/><E73/><V94/><F107/><W91/><G3/><T110/><D102/><U58/><E112/><V52/><F135/><W37/><G37/><T28/><D83/><U96/><E134/><V90/><F123/><W100/><G76/><T11/><D54/><N who="2" m="21098" /><F74/><W36/><G36/><T88/><D105/><U51/><E69/><V22/><F72/><W71/><G71/><T67/><D133/><U97/><E39/><V60/><F42/><W24/><G24/><T19/><D70/><U14/><E118/><V38/><F60/><W5/><G49/><T46/><D11/><U18/><E45/><V120/><F120/><W21/><G21/><T44/><D127/><N who="3" m="48649" /><G43/><T104/><D104/><U84/><E50/><V56/><F56/><W27/><G27/><T89/><D115/><U95/><E58/><V9/><F38/><W63/><G62/><T80/><D80/><U1/><E1/><V85/><F10/><W121/><G121/><T77/><D77/><U61/><E61/><V130/><F130/><W33/><G33/><T131/><D131/><U29/><E51/><V108/><F108/><W113/><G113/><T98/><D98/><N who="1" m="37995" /><E48/><V7/><F9/><W47/><G47/><T64/><REACH who="0" step="1"/><D2/><REACH who="0" ten="84,293,269,344" step="2"/><U4/><E92/><AGARI ba="0,1" hai="6,7,12,17,22,82,85,90,92,93,94" m="21098" machi="92" ten="30,2000,0" yaku="8,1,54,1" doraHai="31" who="2" fromWho="1" sc="84,0,293,-20,269,30,344,0" owari="84,-42.0,273,-13.0,299,10.0,344,45.0" /></mjloggm>