<mjloggm ver="2.3"><GO type="169" lobby="0"/><UN n0="%E3%82%84%E3%82%81%E3%81%A6%E3%81%91%E3%82%8C%EF%BC%92" n1="%E3%82%83%E3%82%87%E3%81%83" n2="%E4%BB%A3%E6%89%93%E3%81%A1%E3%81%AE%E7%A5%9E%E6%A7%98" n3="%E3%82%A6%E3%83%AB%E3%83%88%E3%83%A9%E7%AB%8B%E7%9B%B4" dan="16,18,17,18" rate="2095.66,2230.47,2179.51,2236.73" sx="F,M,M,M"/><TAIKYOKU oya="0"/><INIT seed="0,0,0,0,5,78" ten="250,250,250,250" oya="0" hai0="16,135,89,9,119,87,39,91,8,107,111,2,22" hai1="105,47,18,26,52,82,24,114,121,93,54,23,56" hai2="59,108,86,84,76,128,58,43,101,33,62,31,73" hai3="65,130,57,97,55,14,30,74,99,34,85,37,110"/><T32/><D119/><U102/><E121/><V3/><F3/><W21/><G74/><T13/><D39/><U60/><E105/><V49/><F108/><W61/><G37/><T53/><D107/><U125/><E125/><V40/><F128/><W38/><G38/><T29/><D135/><U104/><E104/><V19/><F101/><W64/><G34/><T77/><D111/><U20/><E114/><V124/><F73/><W92/><G130/><T113/><D113/><U46/><E54/><N who="2" m="32079" /><F33/><W120/><G120/><T15/><D53/><U80/><E102/><V131/><F31/><W63/><G110/><T75/><D75/><U51/><E93/><V126/><F131/><W109/><G109/><T115/><D115/><U68/><E68/><V45/><F45/><N who="1" m="16905" /><E60/><V95/><F86/><W6/><G85/><T10/><D2/><U67/><E67/><V41/><F95/><W44/><G44/><T36/><D36/><U103/><E103/><V5/><F84/><W27/><G63/><T71/><D71/><U94/><E94/><V11/><F62/><W106/><G106/><T70/><D70/><U98/><E98/><N who="3" m="37386" /><G92/><T116/><D116/><U35/><E35/><V1/><F126/><W69/><G69/><T118/><D118/><U117/><E117/><V25/><F124/><W48/><G61/><T88/><D32/><U7/><E7/><V129/><F129/><W28/><G28/><AGARI ba="0,0" hai="18,20,23,24,26,28,51,52,56,80,82" m="16905" machi="28" ten="30,7700,0" yaku="8,1,52,2,54,1" doraHai="78" who="1" fromWho="3" sc="250,0,250,77,250,0,250,-77" /><INIT seed="1,0,0,0,2,118" ten="250,327,250,173" oya="1" hai0="38,54,45,84,114,30,70,128,101,56,115,50,69" hai1="44,55,119,22,75,4,24,0,116,15,111,94,18" hai2="32,71,133,59,126,87,78,66,16,95,86,7,117" hai3="33,103,9,99,102,85,25,5,57,64,74,72,108"/><U80/><E0/><V19/><F117/><W77/><G108/><T91/><D30/><U83/><E111/><V88/><F71/><W35/><G85/><T125/><D101/><U106/><E106/><V10/><F32/><W130/><G130/><T98/><D98/><U41/><E55/><V61/><F126/><W122/><G103/><T46/><D91/><U105/><E105/><V121/><F133/><W104/><G122/><T31/><D84/><U12/><E12/><N who="2" m="5215" /><F121/><W81/><G72/><T76/><D31/><U48/><E83/><AGARI ba="0,0" hai="16,19,59,61,66,78,83,86,87,88,95" m="5215" machi="83" ten="30,3900,0" yaku="8,1,54,2" doraHai="118" who="2" fromWho="1" sc="250,0,327,-39,250,39,173,0" /><INIT seed="2,0,0,2,4,93" ten="250,288,289,173" oya="2" hai0="5,67,92,104,62,85,53,87,120,72,114,131,18" hai1="99,70,34,8,68,35,95,43,1,37,119,46,3" hai2="88,9,12,115,81,36,28,126,122,84,14,101,22" hai3="27,77,133,13,24,23,48,130,49,15,78,7,30"/><V89/><F115/><W64/><G130/><T42/><D120/><U45/><E119/><V82/><F122/><W135/><G64/><T128/><D104/><U75/><E75/><V97/><F36/><W31/><REACH who="3" step="1"/><G23/><REACH who="3" ten="250,288,289,163" step="2"/><T39/><D67/><U33/><E46/><V124/><F124/><W61/><G61/><T113/><D62/><U16/><E70/><V100/><F126/><W86/><G86/><T10/><D87/><U38/><E68/><V109/><F109/><W50/><G50/><T123/><D85/><U26/><E37/><V118/><F118/><W66/><G66/><T69/><D39/><U110/><E110/><V96/><F84/><W40/><G40/><T25/><D42/><U51/><E38/><V80/><F22/><W83/><G83/><T65/><D69/><U63/><E63/><V112/><F112/><W98/><G98/><N who="2" m="37993" /><F28/><W52/><G52/><T56/><D53/><U111/><E111/><V73/><F73/><W117/><G117/><T19/><D65/><U57/><E43/><V127/><F127/><W47/><G47/><T29/><D29/><U0/><E45/><V20/><F20/><W74/><G74/><T2/><D114/><U105/><E34/><V132/><F132/><W71/><G71/><T79/><D72/><U41/><E41/><V125/><F125/><W107/><G107/><T108/><D113/><U60/><E35/><V90/><F14/><W134/><G134/><T4/><D108/><U106/><E33/><V55/><F55/><W121/><G121/><T17/><D123/><U21/><E106/><V76/><F76/><RYUUKYOKU ba="0,1" sc="250,-15,288,-15,289,15,163,15" hai2="9,12,80,81,82,88,89,90,100,101" hai3="7,13,15,24,27,30,31,48,49,77,78,133,135" /><INIT seed="2,1,1,0,4,86" ten="235,273,304,178" oya="2" hai0="52,125,67,20,70,98,55,75,80,99,88,10,16" hai1="18,37,95,41,92,68,127,78,111,53,93,134,13" hai2="22,28,84,29,39,105,48,124,112,96,34,46,11" hai3="50,129,90,74,85,97,108,120,114,3,59,102,42"/><V8/><F112/><W119/><G3/><T4/><D70/><U65/><E111/><V38/><F34/><W104/><G42/><T115/><D115/><U79/><E127/><V51/><F124/><W103/><G114/><T25/><D125/><U130/><E130/><V2/><F105/><W72/><G50/><T7/><D67/><U126/><E126/><V116/><F96/><N who="3" m="61511" /><G59/><T77/><D7/><U17/><E17/><V23/><F84/><W82/><G119/><T31/><D31/><U63/><E134/><V128/><F46/><W107/><G120/><T135/><D135/><U110/><E110/><V26/><F26/><W21/><G21/><T9/><D9/><U69/><E69/><V83/><F83/><N who="3" m="49471" /><G108/><T24/><D24/><U47/><E53/><V60/><F60/><W5/><G5/><T14/><REACH who="0" step="1"/><D99/><REACH who="0" ten="225,273,304,178" step="2"/><U19/><REACH who="1" step="1"/><E19/><REACH who="1" ten="225,263,304,178" step="2"/><V101/><F116/><W0/><G129/><T106/><D106/><U1/><E1/><V87/><F128/><W133/><G0/><T71/><D71/><U56/><E56/><V27/><F2/><W117/><G117/><T109/><D109/><U15/><E15/><V89/><F27/><W57/><G133/><T49/><D49/><U33/><E33/><V62/><F51/><W66/><G57/><T122/><D122/><U118/><E118/><V91/><F48/><W61/><G66/><T30/><D30/><U64/><E64/><V113/><F113/><W81/><G61/><T100/><D100/><U44/><E44/><V54/><F62/><W32/><G32/><T36/><D36/><N who="2" m="13866" /><F29/><W131/><G131/><RYUUKYOKU ba="1,3" sc="225,10,263,10,304,-30,178,10" hai0="4,10,14,16,20,25,52,55,75,77,80,88,98" hai1="13,18,37,41,47,63,65,68,78,79,92,93,95" hai3="72,74,81,82,97,103,107" /><INIT seed="3,2,3,1,1,65" ten="235,273,274,188" oya="3" hai0="32,96,33,104,131,128,53,123,34,103,58,88,77" hai1="132,95,17,127,25,90,50,135,84,37,20,9,93" hai2="75,13,85,87,119,1,26,115,121,5,100,36,14" hai3="108,0,76,35,120,72,111,80,59,69,4,55,114"/><W49/><G35/><T10/><D123/><U64/><E37/><V52/><F36/><W60/><G120/><T92/><D77/><U105/><E105/><V97/><F75/><W86/><G114/><T78/><D78/><U67/><E127/><V68/><F115/><W125/><G125/><T22/><D22/><U12/><E95/><V126/><F126/><W6/><G72/><T23/><D23/><U106/><E106/><V116/><F121/><W39/><G39/><T40/><D40/><U74/><E74/><V82/><F26/><W24/><G24/><T54/><D10/><U38/><E38/><V122/><F122/><W21/><G21/><T109/><D109/><N who="3" m="42057" /><G0/><T29/><D29/><U79/><E79/><V31/><F31/><W62/><G62/><T44/><D44/><U2/><E2/><V18/><F1/><W66/><AGARI ba="2,3" hai="4,6,49,55,59,60,66,69,76,80,86" m="42057" machi="66" ten="30,6000,0" yaku="14,1,10,1,52,1" doraHai="65" who="3" fromWho="3" sc="235,-22,273,-22,274,-22,188,96" /><INIT seed="3,3,0,1,1,24" ten="213,251,252,284" oya="3" hai0="34,16,48,20,59,102,14,79,120,80,1,6,55" hai1="126,73,11,103,3,134,66,45,133,111,85,46,116" hai2="47,56,84,12,53,54,81,52,72,42,122,15,18" hai3="69,117,128,75,31,50,104,61,101,58,90,114,26"/><W9/><G114/><T64/><D120/><U40/><E73/><V13/><F72/><W106/><G117/><T10/><D102/><U91/><E111/><V97/><F122/><W35/><G128/><T129/><D129/><U76/><E76/><V125/><F125/><W71/><G75/><T30/><D64/><U95/><E126/><V113/><F113/><W110/><G110/><T86/><D34/><U94/><E66/><V49/><F97/><W130/><G130/><T23/><REACH who="0" step="1"/><D30/><REACH who="0" ten="203,251,252,284" step="2"/><U82/><E103/><V78/><REACH who="2" step="1"/><F18/><REACH who="2" ten="203,251,242,284" step="2"/><W112/><G112/><T32/><D32/><U44/><E116/><V105/><F105/><W89/><G106/><T27/><D27/><U92/><REACH who="1" step="1"/><E40/><REACH who="1" ten="203,241,242,284" step="2"/><V132/><F132/><W135/><G135/><T131/><D131/><U83/><E83/><V77/><F77/><W88/><G104/><T100/><D100/><U22/><E22/><AGARI ba="3,3" hai="1,6,10,14,16,20,22,23,48,55,59,79,80,86" machi="22" ten="30,3900,0" yaku="1,1,7,1,54,1,53,0" doraHai="24" doraHaiUra="93" who="0" fromWho="1" sc="203,78,241,-48,242,0,284,0" /><INIT seed="4,0,0,4,1,115" ten="281,193,242,284" oya="0" hai0="124,83,105,60,129,113,76,85,112,118,134,103,38" hai1="95,126,119,93,8,122,10,12,109,4,1,63,117" hai2="110,52,99,89,2,68,94,42,50,84,46,22,5" hai3="20,44,36,35,56,55,111,91,87,18,7,33,65"/><T9/><D38/><U102/><E122/><V81/><F110/><W49/><G7/><T43/><D43/><U127/><E109/><V116/><F68/><W108/><G35/><T25/><D60/><U132/><E63/><V64/><F64/><W98/><G98/><N who="0" m="61687" /><D25/><U86/><E132/><V57/><F116/><W128/><G33/><T71/><D9/><U101/><E86/><V47/><F2/><W125/><G65/><T73/><D71/><U51/><E51/><V80/><F5/><W41/><G125/><N who="1" m="47626" /><E95/><V77/><F42/><W75/><G75/><T131/><D124/><U78/><E78/><V66/><F66/><W107/><G111/><T30/><D30/><U104/><E104/><V31/><REACH who="2" step="1"/><F81/><REACH who="2" ten="281,193,232,284" step="2"/><W24/><G108/><T53/><D53/><U121/><E121/><V3/><F3/><W54/><G54/><T67/><D67/><U28/><E1/><V37/><F37/><W21/><G36/><T32/><D118/><U14/><E117/><V19/><F19/><W61/><G41/><T96/><D134/><U90/><E119/><V23/><F23/><W0/><G21/><T29/><D32/><U11/><E28/><V27/><AGARI ba="0,1" hai="22,27,31,46,47,50,52,57,77,80,84,89,94,99" machi="27" ten="30,7900,0" yaku="1,1,0,1,8,1,54,1,53,0" doraHai="115" doraHaiUra="13" who="2" fromWho="2" sc="281,-39,193,-20,232,89,284,-20" /><INIT seed="5,0,0,4,1,130" ten="242,173,321,264" oya="1" hai0="70,40,28,35,98,109,23,96,102,0,79,43,42" hai1="92,61,31,48,51,85,62,100,115,63,99,12,121" hai2="17,69,97,103,60,7,57,87,71,47,107,41,91" hai3="18,36,134,122,49,9,38,58,104,95,90,54,119"/><U29/><E115/><V15/><F7/><W73/><G104/><T1/><D109/><U72/><E121/><V26/><F26/><W21/><G73/><T55/><D35/><U30/><E72/><V74/><F74/><W127/><G122/><T133/><D70/><U131/><E131/><V114/><F114/><W108/><G108/><T77/><D55/><U125/><E125/><V24/><F24/><W53/><G127/><T132/><D28/><U126/><E126/><V128/><F128/><W129/><G129/><T45/><D23/><U8/><REACH who="1" step="1"/><E85/><REACH who="1" ten="242,163,321,264" step="2"/><V117/><F117/><W46/><G119/><T123/><D123/><U44/><E44/><V88/><F87/><W3/><G46/><T34/><D45/><U116/><E116/><V94/><F47/><W52/><G38/><T101/><D34/><U83/><E83/><V32/><F32/><W76/><G36/><T110/><D110/><U93/><E93/><V112/><F94/><W82/><G95/><T66/><D43/><U5/><AGARI ba="0,1" hai="5,8,12,29,30,31,48,51,61,62,63,92,99,100" machi="5" ten="30,6000,0" yaku="1,1,0,1,8,1,53,0" doraHai="130" doraHaiUra="81" who="1" fromWho="1" sc="242,-20,163,70,321,-20,264,-20" /><INIT seed="5,1,0,4,1,119" ten="222,233,301,244" oya="1" hai0="11,47,8,98,126,53,133,81,18,4,87,76,63" hai1="85,94,30,16,91,25,111,7,22,27,37,6,15" hai2="9,31,45,132,95,135,83,42,125,29,10,113,90" hai3="122,124,23,128,107,118,1,58,35,134,32,17,114"/><U14/><E37/><V64/><F64/><W49/><RYUUKYOKU type="yao9" ba="1,0" sc="222,0,233,0,301,0,244,0" hai3="1,17,23,32,35,49,58,107,114,118,122,124,128,134" /><INIT seed="5,2,0,0,3,5" ten="222,233,301,244" oya="1" hai0="62,93,110,114,109,90,104,55,39,65,8,54,4" hai1="7,25,79,46,21,31,122,74,82,12,23,16,22" hai2="43,50,29,113,73,11,18,1,45,115,134,2,41" hai3="47,72,111,34,88,101,59,57,48,106,49,77,126"/><U97/><E122/><V105/><F105/><W85/><G34/><T119/><D104/><U68/><E68/><V71/><F73/><W87/><G111/><T78/><D119/><U76/><E76/><V52/><F71/><W67/><G87/><T66/><D39/><U36/><E7/><V95/><F29/><W19/><G19/><T99/><D114/><N who="2" m="43530" /><F95/><N who="3" m="54671" /><G49/><T38/><D38/><U128/><E128/><V10/><F134/><W3/><G67/><T0/><D78/><U27/><E97/><V129/><F129/><W89/><G89/><T132/><D132/><U98/><E98/><V33/><F33/><W91/><G91/><T51/><D66/><U58/><E58/><V120/><F120/><W86/><G86/><T69/><REACH who="0" step="1"/><D55/><REACH who="0" ten="212,233,301,244" step="2"/><U102/><E36/><V118/><F118/><W14/><G77/><T40/><D40/><N who="2" m="15434" /><F18/><W32/><G106/><T9/><D9/><AGARI ba="2,1" hai="1,2,9,10,11,45,50,52" m="15434,43530" machi="9" ten="30,12000,2" yaku="15,1,11,1,52,3,54,1" doraHai="5" who="2" fromWho="0" sc="212,-126,233,0,301,136,244,0" /><INIT seed="6,0,0,3,5,120" ten="86,233,437,244" oya="2" hai0="72,54,102,103,31,100,67,75,3,99,33,83,118" hai1="21,27,40,61,93,17,132,62,79,109,88,113,66" hai2="25,133,24,35,52,129,44,112,23,107,130,7,13" hai3="42,26,121,55,86,0,89,68,76,51,2,58,20"/><V116/><F107/><W56/><G68/><T1/><D67/><U119/><E109/><V124/><F44/><W77/><G121/><T15/><D54/><U70/><E119/><V8/><F52/><W105/><G105/><T85/><D33/><U98/><E113/><V49/><F49/><W94/><G0/><T101/><D31/><U5/><E132/><V59/><F59/><W4/><G2/><T18/><D3/><U80/><E40/><V38/><F38/><W84/><G4/><T74/><D18/><U9/><E62/><V34/><F116/><W41/><G58/><T11/><D15/><U37/><E37/><V97/><F97/><W115/><G115/><T63/><D63/><U39/><E39/><V71/><F71/><W135/><G135/><T127/><D11/><U131/><E131/><N who="2" m="50187" /><F112/><W14/><G56/><T65/><D65/><U50/><E50/><V6/><F133/><W111/><G55/><T134/><D1/><U126/><E70/><V117/><F117/><W125/><G42/><T108/><D134/><U12/><E66/><V29/><F6/><W19/><G51/><T64/><D64/><U53/><E61/><V48/><F48/><W36/><G41/><T30/><D30/><U28/><E28/><N who="2" m="19719" /><F124/><W16/><G36/><T91/><D118/><U10/><E126/><V57/><F57/><W110/><G125/><T122/><D127/><U78/><E53/><V81/><F81/><N who="3" m="47151" /><G76/><N who="1" m="29226" /><E80/><V92/><F92/><W69/><G69/><T104/><D122/><U43/><E43/><V87/><F35/><W114/><G114/><T46/><D46/><RYUUKYOKU ba="0,0" sc="86,0,233,0,437,0,244,0" hai0="72,74,75,83,85,91,99,100,101,102,103,104,108" hai1="5,9,10,12,17,21,27,88,93,98" hai2="7,8,13,23,25,29,87" hai3="14,16,19,20,26,86,89,94,110,111" /><INIT seed="6,1,0,3,5,111" ten="86,233,437,244" oya="2" hai0="9,102,121,92,110,13,18,43,83,65,71,103,93" hai1="0,126,135,19,90,58,63,11,134,34,6,66,12" hai2="23,1,7,119,45,104,30,46,106,125,15,80,39" hai3="59,3,74,33,122,128,99,124,72,22,94,120,56"/><V41/><F119/><W2/><G22/><T31/><D110/><U96/><E34/><V10/><F125/><W25/><G94/><T36/><D121/><U50/><E126/><V24/><F46/><W115/><G124/><T62/><D31/><U73/><E73/><V81/><F81/><W117/><G99/><T68/><D36/><U47/><E90/><V70/><F70/><W28/><G128/><T16/><D43/><U5/><E96/><V107/><F107/><W91/><G91/><T29/><D29/><U64/><E64/><V108/><F108/><W55/><G28/><T21/><D92/><U20/><REACH who="1" step="1"/><E6/><REACH who="1" ten="86,223,437,244" step="2"/><V89/><F89/><W75/><G75/><T123/><D123/><U40/><AGARI ba="1,1" hai="0,5,11,12,19,20,40,47,50,58,63,66,134,135" machi="40" ten="30,4000,0" yaku="1,1,2,1,0,1,53,0" doraHai="111" doraHaiUra="116" who="1" fromWho="1" sc="86,-11,223,53,437,-21,244,-11" /><INIT seed="7,0,0,1,2,127" ten="75,276,416,233" oya="3" hai0="46,84,52,130,16,78,99,115,53,34,134,1,116" hai1="93,25,43,94,101,5,107,75,4,119,59,8,61" hai2="80,12,66,38,27,128,68,6,13,103,77,20,104" hai3="14,42,69,89,67,123,96,82,17,19,125,133,44"/><W0/><G0/><T95/><D1/><U118/><E75/><V32/><F38/><W54/><G123/><T26/><D116/><N who="1" m="44587" /><E43/><V3/><F6/><W9/><G69/><T22/><D34/><U92/><E25/><V74/><F20/><W21/><G67/><T100/><D130/><U47/><E47/><V18/><F128/><W110/><G42/><T79/><D134/><U15/><E4/><V45/><F45/><W109/><G125/><T31/><D115/><U60/><E59/><V48/><F48/><N who="3" m="28935" /><G96/><AGARI ba="0,0" hai="5,8,15,60,61,92,93,94,96,101,107" m="44587" machi="96" ten="30,1000,0" yaku="12,1" doraHai="127" who="1" fromWho="3" sc="75,0,276,10,416,0,233,-10" owari="75,-42.0,286,9.0,416,51.0,223,-18.0" /></mjloggm>