<mjloggm ver="2.3"><GO type="169" lobby="0"/><UN n0="%E3%81%9C%E3%82%8D%E3%82%81%E3%81%90" n1="%E3%81%86%E3%81%8D%E3%81%A7%E3%82%93" n2="%E3%81%BE%E3%83%BC%E3%81%8F%E3%81%96%E3%81%84%E3%82%93" n3="%E3%83%88%E3%83%88%E3%83%AA%E5%85%88%E7%94%9F%31%39%E6%AD%B3" dan="17,16,16,19" rate="2203.25,2119.91,2141.40,2316.21" sx="F,M,M,F"/><TAIKYOKU oya="0"/><INIT seed="0,0,0,2,1,47" ten="250,250,250,250" oya="0" hai0="108,14,16,70,33,26,105,96,67,5,20,78,135" hai1="109,42,118,19,34,28,88,132,49,55,113,53,85" hai2="121,64,8,11,37,51,81,117,10,15,31,3,45" hai3="106,134,41,80,17,4,110,115,97,44,119,6,46"/><T7/><D135/><U65/><E118/><V54/><F121/><W57/><G115/><T93/><D108/><U129/><E132/><V63/><F117/><W127/><G119/><T39/><D39/><U89/><E109/><V38/><F31/><W36/><G110/><T124/><D124/><U92/><E113/><V71/><F3/><W76/><G134/><T133/><D133/><U73/><E73/><V1/><F1/><W103/><G127/><T77/><D105/><U104/><E104/><V25/><F25/><W13/><G57/><T60/><D5/><U130/><E65/><V2/><F2/><W18/><G46/><T90/><REACH who="0" step="1"/><D33/><REACH who="0" ten="240,250,250,250" step="2"/><U125/><E34/><V87/><F38/><W68/><G6/><T61/><D61/><U0/><E125/><V86/><F37/><W84/><G4/><T74/><D74/><U59/><E129/><V56/><F71/><W69/><G18/><T23/><D23/><AGARI ba="0,1" hai="13,17,23,36,41,44,68,69,76,80,84,97,103,106" machi="23" ten="30,1000,0" yaku="7,1" doraHai="47" who="3" fromWho="0" sc="240,-10,250,0,250,0,250,20" /><INIT seed="1,0,0,2,3,84" ten="230,250,250,270" oya="1" hai0="75,117,123,80,118,25,1,64,87,68,69,77,33" hai1="8,83,102,93,15,133,105,32,49,28,90,16,103" hai2="29,134,14,108,91,31,113,98,110,41,101,57,128" hai3="50,96,48,5,27,70,122,119,65,95,46,116,72"/><U55/><E105/><V23/><F134/><W42/><G72/><T19/><D123/><U4/><E83/><V62/><F128/><W13/><G122/><T0/><D19/><U106/><E106/><V45/><F113/><W92/><G92/><T2/><D87/><U126/><E133/><V104/><F14/><W74/><G74/><T38/><D38/><U86/><E126/><V66/><F91/><W26/><G50/><T132/><D132/><U21/><E28/><V37/><REACH who="2" step="1"/><F23/><REACH who="2" ten="230,250,240,270" step="2"/><W73/><G13/><T35/><D35/><U100/><E32/><V120/><F120/><W59/><G119/><T109/><D118/><U36/><E36/><V34/><F34/><W88/><G116/><T99/><D117/><U43/><E100/><V39/><F39/><W18/><G5/><T111/><D33/><U121/><E121/><V9/><F9/><W24/><G70/><T44/><D68/><U53/><E102/><V85/><F85/><W11/><G73/><T30/><D69/><U67/><E103/><V81/><F81/><W112/><G11/><T52/><D75/><U20/><E20/><V89/><F89/><W10/><G10/><T58/><D80/><U94/><E90/><V79/><F79/><W3/><G112/><T17/><D77/><U61/><E21/><V6/><F6/><W12/><G12/><T76/><D76/><U127/><E4/><V56/><F56/><W7/><G7/><T47/><D58/><U22/><E22/><V131/><F131/><W63/><G18/><T107/><D17/><N who="1" m="8423" /><E86/><V82/><F82/><W115/><G115/><RYUUKYOKU ba="0,1" sc="230,-15,250,-15,240,15,270,15" hai2="29,31,37,41,45,57,62,66,98,101,104,108,110" hai3="3,24,26,27,42,46,48,59,63,65,88,95,96" /><INIT seed="2,1,1,4,0,108" ten="215,235,255,285" oya="2" hai0="122,79,111,3,29,41,17,49,25,63,105,26,31" hai1="14,74,71,15,53,68,124,56,88,46,100,19,134" hai2="116,28,35,98,52,101,59,66,127,102,7,119,45" hai3="81,2,128,112,33,87,114,135,126,50,43,1,94"/><V89/><F127/><W76/><G33/><T113/><D122/><U103/><E74/><V11/><F66/><W77/><G126/><T107/><D111/><U97/><E46/><V40/><F89/><W21/><G128/><T0/><D17/><U6/><E6/><V42/><F28/><W58/><G135/><T30/><D79/><U13/><E124/><V39/><F35/><W4/><G77/><T91/><D63/><U24/><E68/><V121/><F40/><W82/><G82/><T78/><D78/><U12/><E71/><V109/><F121/><W22/><G94/><T54/><D41/><U47/><E47/><V95/><F102/><W37/><G37/><T115/><D91/><U72/><E72/><V67/><F67/><W90/><G76/><T9/><D49/><U8/><E24/><N who="0" m="9321" /><D54/><U92/><REACH who="1" step="1"/><E134/><REACH who="1" ten="215,225,255,285" step="2"/><V84/><F109/><W5/><G5/><T120/><D120/><U117/><E117/><V60/><REACH who="2" step="1"/><F84/><REACH who="2" ten="215,225,245,285" step="2"/><W65/><G87/><T99/><D99/><U38/><E38/><V69/><F69/><W86/><G86/><T80/><D30/><U62/><AGARI ba="1,3" hai="8,12,13,14,15,19,53,56,62,88,92,97,100,103" machi="62" ten="30,16000,3" yaku="1,1,0,1,8,1,54,1,53,4" doraHai="108" doraHaiUra="10" who="1" fromWho="1" sc="215,-41,225,193,245,-81,285,-41" /><INIT seed="3,0,0,0,0,125" ten="174,418,164,244" oya="3" hai0="105,76,28,104,86,79,109,78,42,108,49,135,132" hai1="33,116,10,58,72,84,120,39,65,13,68,2,22" hai2="38,12,102,16,15,7,112,88,96,3,87,59,111" hai3="124,75,63,23,26,77,41,17,110,106,131,32,69"/><W1/><G1/><T113/><D28/><U47/><E72/><V45/><F112/><W24/><G106/><N who="0" m="41067" /><D49/><U67/><E33/><V20/><F111/><N who="0" m="42570" /><D42/><U91/><E68/><V92/><F59/><W57/><G110/><T6/><D6/><U85/><E85/><V119/><F119/><W11/><G124/><T52/><D52/><U34/><E120/><V93/><F3/><W73/><G69/><T81/><D113/><U35/><E35/><V31/><F31/><W55/><G41/><T50/><D50/><U83/><E34/><V99/><F99/><W123/><G123/><T133/><AGARI ba="0,0" hai="76,78,79,81,86,132,133,135" m="42570,41067" machi="133" ten="40,8000,1" yaku="20,1,14,1,34,2" doraHai="125" who="0" fromWho="0" sc="174,80,418,-20,164,-20,244,-40" /><INIT seed="4,0,0,2,1,41" ten="254,398,144,204" oya="0" hai0="2,117,133,7,105,92,131,23,42,84,135,110,102" hai1="63,91,18,9,114,79,90,29,51,125,60,70,71" hai2="21,85,122,46,98,96,26,50,65,86,83,11,0" hai3="27,107,119,37,75,58,67,22,124,64,80,121,74"/><T35/><D35/><U108/><E79/><V54/><F122/><W30/><G119/><T72/><D72/><U127/><E29/><V88/><F65/><W129/><G107/><T130/><D23/><U81/><E51/><V4/><REACH who="2" step="1"/><F86/><REACH who="2" ten="254,398,134,204" step="2"/><W13/><G67/><T32/><D84/><U24/><E108/><V16/><AGARI ba="0,1" hai="0,4,11,16,21,26,46,50,54,83,85,88,96,98" machi="16" ten="20,12000,2" yaku="1,1,2,1,0,1,7,1,52,1,54,2,53,0" doraHai="41" doraHaiUra="25" who="2" fromWho="2" sc="254,-60,398,-30,134,130,204,-30" /><INIT seed="5,0,0,3,2,12" ten="194,368,264,174" oya="1" hai0="63,100,7,29,48,34,101,41,66,107,47,27,64" hai1="42,73,116,60,106,3,104,91,127,135,108,88,46" hai2="53,95,118,70,56,94,55,13,30,79,10,122,69" hai3="98,1,93,119,133,125,20,33,17,92,97,72,0"/><U26/><E3/><V121/><F118/><W15/><G72/><T126/><D126/><U86/><E73/><V6/><F30/><W45/><G33/><T109/><D109/><U99/><E116/><V16/><F79/><W18/><G119/><T5/><D66/><U111/><E60/><V65/><F6/><W52/><G125/><T80/><D80/><U115/><E127/><V114/><F114/><W59/><G133/><T67/><D67/><U51/><E135/><V24/><F24/><N who="3" m="14351" /><G0/><T132/><D132/><U28/><E104/><V120/><F53/><W85/><G45/><T4/><REACH who="0" step="1"/><D107/><REACH who="0" ten="184,368,264,174" step="2"/><U38/><E106/><V50/><REACH who="2" step="1"/><F65/><REACH who="2" ten="184,368,254,174" step="2"/><W83/><G1/><T131/><D131/><U44/><E108/><V78/><F78/><N who="3" m="46327" /><G93/><AGARI ba="0,2" hai="10,13,16,50,55,56,69,70,93,94,95,120,121,122" machi="93" ten="40,5200,0" yaku="1,1,52,1,54,1,53,0" doraHai="12" doraHaiUra="61" who="2" fromWho="3" sc="184,0,368,0,254,72,174,-52" /><INIT seed="6,0,0,1,1,119" ten="184,368,326,122" oya="2" hai0="26,32,31,103,121,60,7,84,115,62,3,24,28" hai1="67,102,66,30,79,100,2,118,59,112,34,120,23" hai2="113,29,10,27,51,37,43,56,89,97,25,108,14" hai3="77,82,9,47,94,128,46,125,92,72,36,107,6"/><V106/><F113/><W122/><G107/><T68/><D115/><U38/><E34/><V1/><F1/><W42/><G128/><T110/><D110/><U65/><E112/><V0/><F0/><W22/><G125/><T129/><D129/><U83/><E2/><V40/><F108/><W135/><G135/><T20/><D121/><U53/><E38/><V49/><F37/><W85/><G47/><T96/><D84/><U13/><E118/><V126/><F126/><W117/><G117/><T95/><REACH who="0" step="1"/><D68/><REACH who="0" ten="174,368,326,122" step="2"/><U76/><E120/><V61/><F43/><W52/><G122/><T39/><D39/><U104/><E104/><V41/><F106/><W101/><G85/><T91/><D91/><U33/><E76/><V74/><F41/><W75/><G75/><T45/><D45/><U133/><E79/><V109/><F74/><W35/><G101/><T88/><D88/><U86/><E86/><V132/><F109/><W11/><G94/><T123/><D123/><U57/><E100/><V73/><F40/><W64/><G92/><T78/><D78/><U116/><E102/><V8/><F73/><W114/><G114/><T93/><D93/><U44/><E44/><V69/><F69/><W17/><G46/><T15/><D15/><U21/><E13/><V50/><F14/><W12/><G42/><T54/><D54/><U134/><E53/><N who="2" m="33935" /><F89/><W111/><G36/><T71/><D71/><U99/><E116/><V80/><F80/><W124/><G111/><T87/><D87/><U55/><E83/><V105/><F105/><W70/><G124/><T131/><D131/><RYUUKYOKU ba="0,1" sc="174,30,368,-10,326,-10,122,-10" hai0="3,7,20,24,26,28,31,32,60,62,95,96,103" /><INIT seed="7,1,1,2,1,11" ten="204,358,316,112" oya="3" hai0="90,120,17,56,104,122,1,46,15,20,7,21,50" hai1="28,16,102,108,84,63,85,110,8,115,79,132,131" hai2="78,52,33,81,95,135,62,124,126,19,65,83,54" hai3="69,134,51,49,112,113,36,128,82,61,31,40,57"/><W42/><G31/><T45/><D104/><U60/><E28/><V89/><F33/><W111/><G82/><T80/><D1/><U103/><E115/><N who="3" m="44106" /><G69/><T119/><D7/><U68/><E68/><V127/><F135/><W93/><G93/><T9/><D119/><U3/><E132/><V125/><F125/><W0/><G0/><T37/><D37/><U123/><E123/><V14/><F95/><W44/><G134/><T118/><D118/><U24/><E3/><V4/><F89/><W66/><G111/><T98/><D122/><U25/><E131/><V116/><F116/><W105/><G105/><T43/><D120/><U70/><E70/><N who="2" m="42295" /><F4/><W58/><G128/><T59/><D98/><U101/><E108/><V26/><F83/><W133/><G133/><T10/><D20/><U117/><E110/><V71/><F71/><N who="3" m="42447" /><G42/><N who="0" m="24887" /><D90/><U86/><E79/><V34/><F34/><W72/><G72/><T91/><D91/><U64/><E64/><V39/><F39/><W74/><G74/><T99/><D99/><U77/><E77/><V29/><F29/><W32/><G32/><T35/><D80/><U76/><E76/><V55/><F81/><W109/><G109/><T47/><D35/><U27/><E117/><V87/><F78/><W88/><G88/><T6/><D43/><U12/><AGARI ba="1,1" hai="8,12,16,24,25,27,60,63,84,85,86,101,102,103" machi="12" ten="40,12000,2" yaku="0,1,29,2,8,1,52,1,54,1" doraHai="11" who="1" fromWho="1" sc="204,-31,358,133,316,-31,112,-61" owari="173,-23.0,491,59.0,285,9.0,51,-45.0" /></mjloggm>