<mjloggm ver="2.3"><GO type="169" lobby="0"/><UN n0="%E6%AD%A6%E5%89%87%E8%BC%9D%E6%B5%B7" n1="%E9%A3%9B%E6%B2%AB" n2="%E3%83%88%E3%83%88%E3%83%AA%E5%85%88%E7%94%9F%31%39%E6%AD%B3" n3="%E5%80%89%E6%A9%8B%EF%BC%A0%E4%BA%8B%E5%8B%99" dan="18,16,19,16" rate="2226.23,2067.63,2289.08,2110.14" sx="M,F,F,M"/><TAIKYOKU oya="0"/><INIT seed="0,0,0,0,2,22" ten="250,250,250,250" oya="0" hai0="49,116,51,58,25,119,113,96,11,41,18,111,120" hai1="122,15,62,84,108,31,98,23,128,131,40,36,48" hai2="34,104,32,102,6,21,91,7,90,38,27,86,63" hai3="107,44,14,76,97,53,33,59,66,50,135,81,106"/><T126/><D120/><U92/><E122/><V117/><F38/><W82/><G33/><T2/><D113/><U4/><E108/><V60/><F117/><W78/><G135/><T70/><D70/><U61/><E36/><V19/><F34/><W100/><G107/><T133/><D133/><U88/><E4/><V69/><F32/><W45/><G66/><T26/><D2/><U89/><E15/><V75/><F75/><W35/><G35/><T55/><D119/><U3/><E3/><V99/><F90/><W56/><G56/><T65/><D116/><U12/><E12/><V127/><F127/><W54/><G14/><N who="0" m="7519" /><D126/><U110/><E110/><V5/><REACH who="2" step="1"/><F69/><REACH who="2" ten="250,250,240,250" step="2"/><W8/><G78/><T42/><D111/><U109/><E109/><V13/><F13/><W129/><G8/><T114/><D114/><U112/><E112/><V80/><AGARI ba="0,1" hai="5,6,7,19,21,27,60,63,80,86,91,99,102,104" machi="80" ten="30,4000,0" yaku="1,1,0,1,52,1,53,0" doraHai="22" doraHaiUra="132" who="2" fromWho="2" sc="250,-20,250,-10,240,50,250,-10" /><INIT seed="1,0,0,0,2,127" ten="230,240,290,240" oya="1" hai0="92,68,6,104,113,30,66,72,81,106,12,34,64" hai1="91,44,49,128,47,21,5,43,97,100,40,96,76" hai2="83,133,46,11,95,115,33,67,86,17,45,74,8" hai3="24,26,9,119,55,125,0,38,77,18,99,63,134"/><U126/><E126/><V135/><F74/><W79/><G38/><T88/><D113/><U107/><E76/><V71/><F33/><W41/><G125/><T102/><D6/><U124/><E124/><V112/><F95/><W73/><G41/><T108/><D108/><U31/><E5/><V58/><F71/><W39/><G39/><T57/><D68/><U7/><E7/><V65/><F17/><W90/><G0/><T51/><D12/><U36/><E128/><V93/><F58/><W94/><G9/><N who="2" m="3657" /><F93/><W37/><G18/><T15/><D15/><U70/><E70/><V132/><F86/><W25/><G73/><T22/><D34/><U114/><E114/><N who="2" m="43563" /><F83/><W87/><G37/><T101/><D106/><U16/><E31/><V61/><F61/><W122/><G63/><T13/><D104/><U131/><E131/><V129/><F129/><W35/><G35/><T19/><D30/><U85/><E97/><V20/><F20/><W98/><G99/><T42/><D81/><U111/><E111/><V82/><F82/><W50/><G98/><N who="0" m="57607" /><D72/><U52/><E40/><V14/><F14/><W48/><G25/><T109/><D109/><U10/><E10/><V121/><F121/><W117/><G24/><T3/><D3/><U54/><E85/><V4/><F4/><W75/><G75/><T1/><D1/><U69/><E69/><V120/><F120/><W2/><G122/><T28/><D28/><U105/><E91/><V130/><F130/><W27/><G2/><T62/><D66/><AGARI ba="0,0" hai="45,46,65,66,67,132,133,135" m="43563,3657" machi="66" ten="40,8000,1" yaku="28,2,20,1,11,1" doraHai="127" who="2" fromWho="0" sc="230,-80,240,0,290,80,240,0" /><INIT seed="2,0,0,3,0,17" ten="150,240,370,240" oya="2" hai0="68,42,4,5,47,65,105,39,52,89,77,53,69" hai1="84,108,54,51,25,125,81,10,87,37,33,135,78" hai2="57,115,91,114,111,119,131,22,43,16,134,109,6" hai3="120,100,12,18,49,96,113,66,79,103,83,7,46"/><V30/><F119/><W128/><G120/><T106/><D77/><U34/><E108/><N who="2" m="41547" /><F131/><W55/><G128/><T63/><D69/><U59/><E135/><V99/><F134/><W3/><G3/><T70/><D68/><U29/><E37/><V9/><F30/><W98/><G66/><T32/><D32/><U23/><E125/><V93/><F57/><W8/><G113/><T64/><D64/><U56/><E10/><V121/><F43/><W82/><G7/><T2/><D89/><U133/><E133/><V50/><F50/><W80/><G79/><T132/><D132/><U101/><E101/><AGARI ba="0,0" hai="8,12,18,46,49,55,80,82,83,96,98,100,101,103" machi="101" ten="40,1300,0" yaku="8,1" doraHai="17" who="3" fromWho="1" sc="150,0,240,-13,370,0,240,13" /><INIT seed="3,0,0,1,5,98" ten="150,227,370,253" oya="3" hai0="58,100,40,63,81,22,61,1,24,77,102,20,41" hai1="110,29,6,93,103,17,118,101,71,99,126,111,104" hai2="105,121,112,7,106,35,32,82,2,88,12,128,8" hai3="125,9,90,91,108,86,37,119,129,83,54,5,48"/><W44/><G119/><T95/><D1/><U120/><E120/><V68/><F112/><W53/><G37/><T33/><D33/><U45/><E118/><V116/><F116/><W96/><G129/><T28/><D63/><U52/><E71/><V70/><F128/><W107/><G125/><T92/><D22/><U79/><E79/><V124/><F124/><W19/><G108/><N who="1" m="41514" /><E126/><V62/><F121/><W46/><G19/><T69/><D69/><N who="2" m="26730" /><F62/><W57/><G107/><N who="2" m="40969" /><F82/><W76/><G96/><T131/><D131/><U30/><E6/><V74/><F88/><W66/><G66/><T123/><D123/><U50/><E17/><V38/><F12/><W133/><G57/><T56/><D56/><U43/><E43/><N who="0" m="16457" /><D81/><U51/><E51/><V16/><F16/><W73/><G48/><T114/><D77/><U59/><E59/><V130/><F130/><W134/><G91/><T4/><D4/><U23/><E23/><V31/><F31/><N who="1" m="11785" /><E104/><V39/><F74/><W122/><G122/><T25/><D114/><U80/><E80/><V115/><F115/><W42/><G73/><T49/><D49/><U84/><E84/><V117/><F117/><W87/><G87/><T36/><D36/><AGARI ba="0,0" hai="2,7,8,32,35,36,38,39" m="40969,26730" machi="36" ten="40,2600,0" yaku="33,2" doraHai="98" who="2" fromWho="0" sc="150,-26,227,0,370,26,253,0" /><INIT seed="4,0,0,4,0,11" ten="124,227,396,253" oya="0" hai0="104,67,49,21,97,31,9,0,44,80,10,124,27" hai1="122,4,118,20,92,110,45,103,71,51,63,135,95" hai2="102,82,85,58,91,25,83,99,86,5,35,28,39" hai3="64,34,120,60,29,3,54,17,115,7,106,123,96"/><T134/><D124/><U70/><E122/><V88/><F39/><W116/><G116/><T55/><D134/><U53/><E110/><V125/><F125/><W107/><G17/><T121/><D121/><U113/><E118/><V112/><F112/><W32/><G54/><T105/><D67/><U72/><E135/><V24/><F24/><N who="3" m="18471" /><G34/><T77/><D97/><U109/><E109/><V1/><F58/><W26/><G26/><T16/><D10/><U75/><E4/><V78/><F5/><W89/><G89/><T100/><D100/><U87/><E113/><V62/><F62/><W18/><G18/><T114/><D114/><U14/><E95/><V8/><F8/><N who="3" m="2175" /><G115/><T15/><REACH who="0" step="1"/><D0/><REACH who="0" ten="114,227,396,253" step="2"/><U129/><E103/><V56/><F1/><W19/><G96/><T37/><D37/><U48/><E71/><V108/><F108/><W98/><G98/><T50/><D50/><U79/><E51/><V59/><F91/><W66/><G66/><T130/><D130/><U84/><E70/><V68/><F68/><W65/><G65/><T69/><D69/><U43/><E48/><V52/><F99/><W117/><G117/><T119/><D119/><U93/><E63/><V40/><F102/><W128/><G128/><T81/><D81/><U57/><E92/><V127/><F127/><W46/><G64/><T30/><D30/><U76/><E93/><V33/><F88/><W47/><G60/><T111/><D111/><U6/><E79/><V73/><F78/><W2/><G2/><T101/><D101/><U126/><E76/><V38/><F28/><W23/><G123/><RYUUKYOKU ba="0,1" sc="114,30,227,-10,396,-10,253,-10" hai0="9,15,16,21,27,31,44,49,55,77,80,104,105" /><INIT seed="4,1,1,4,5,17" ten="144,217,386,243" oya="0" hai0="99,70,69,87,107,14,73,118,8,78,120,90,75" hai1="132,39,46,106,45,2,89,6,0,68,81,127,63" hai2="20,92,30,42,103,36,27,15,77,31,23,126,67" hai3="13,35,50,108,38,82,100,83,80,114,5,60,16"/><T21/><D118/><U62/><E132/><V10/><F126/><W111/><G38/><T88/><D120/><U7/><E127/><V109/><F109/><W52/><G35/><T3/><D3/><U130/><E106/><V135/><F135/><W57/><G114/><T133/><D133/><U43/><E130/><V131/><F131/><W119/><G119/><T105/><D70/><U94/><E81/><V22/><F77/><W24/><G100/><T134/><D69/><U58/><E68/><V79/><F79/><W86/><G86/><T102/><D134/><U104/><E104/><V9/><F36/><W76/><G76/><T117/><D117/><U11/><E45/><V65/><F42/><W28/><G5/><T25/><D107/><U1/><E7/><N who="2" m="3519" /><F10/><W53/><G24/><T124/><D124/><U93/><E62/><V19/><F19/><W40/><G28/><N who="2" m="10793" /><F27/><W41/><G111/><T85/><D78/><U4/><E4/><V49/><F49/><W59/><REACH who="3" step="1"/><G108/><REACH who="3" ten="144,217,386,233" step="2"/><T125/><D125/><U110/><E110/><V44/><F44/><W37/><G37/><T64/><D25/><U129/><E129/><V121/><F121/><W112/><G112/><T48/><D75/><U71/><E6/><V18/><F18/><W115/><G115/><T29/><D73/><U101/><E101/><V95/><F103/><W122/><G122/><T113/><D113/><U97/><E89/><V26/><F26/><W128/><G128/><T61/><D90/><U51/><E39/><V56/><F56/><W54/><G54/><T116/><D116/><U47/><E58/><RYUUKYOKU ba="1,2" sc="144,-15,217,-15,386,15,233,15" hai2="20,22,23,65,67,92,95" hai3="13,16,40,41,50,52,53,57,59,60,80,82,83" /><INIT seed="5,2,2,3,0,134" ten="129,202,401,248" oya="1" hai0="120,104,52,87,70,114,123,10,24,17,31,43,39" hai1="5,125,41,3,101,133,18,100,127,95,54,33,93" hai2="44,72,4,78,60,80,35,46,49,88,6,116,68" hai3="98,96,75,15,32,94,27,19,42,67,12,117,90"/><U13/><E133/><V29/><F116/><W47/><G75/><T58/><D104/><U84/><E33/><V74/><F74/><W79/><G79/><T8/><D70/><U26/><E41/><V38/><F38/><W36/><G117/><T119/><D119/><U73/><E73/><V53/><F46/><W92/><G67/><T55/><D114/><U112/><E112/><V22/><F35/><W81/><G81/><T21/><D43/><U37/><E37/><V108/><F108/><W99/><G32/><T71/><D71/><U65/><E65/><V83/><F68/><W34/><G34/><T76/><D39/><U59/><E26/><N who="2" m="16599" /><F72/><W56/><G56/><T50/><D55/><U128/><E128/><V91/><F80/><W16/><G27/><T105/><D105/><U129/><E129/><V86/><F60/><W64/><G64/><T69/><D69/><U61/><E5/><AGARI ba="2,2" hai="4,5,6,44,49,53,78,83,86,88,91" m="16599" machi="5" ten="30,2000,0" yaku="8,1,54,1" doraHai="134" who="2" fromWho="1" sc="129,0,202,-26,401,46,248,0" /><INIT seed="6,0,0,2,1,126" ten="129,176,447,248" oya="2" hai0="76,26,24,104,57,41,90,31,38,15,96,64,9" hai1="21,0,113,1,91,12,45,114,85,55,36,128,4" hai2="100,47,33,125,67,2,120,20,133,88,89,8,18" hai3="6,60,23,108,80,115,34,58,35,107,116,112,71"/><V129/><F120/><W25/><G108/><T17/><D76/><U69/><E69/><V78/><F33/><W111/><G111/><T32/><D41/><U105/><E105/><V102/><F125/><W127/><G127/><T132/><D38/><U135/><E135/><V59/><F133/><W97/><G71/><T37/><D37/><U75/><E75/><V53/><F67/><W39/><G39/><T44/><D44/><U61/><E128/><V10/><F129/><W106/><G116/><T49/><D132/><U63/><E36/><V27/><F47/><W28/><G6/><T19/><D104/><N who="3" m="39977" /><G97/><T84/><D96/><U110/><E110/><V74/><F74/><W65/><G80/><T81/><D32/><U54/><E21/><V99/><F78/><W16/><G28/><T68/><D68/><U62/><E12/><V43/><F43/><W123/><G123/><T121/><D121/><U46/><E4/><V48/><F2/><N who="1" m="1129" /><E85/><V56/><F56/><W83/><G83/><T40/><D40/><U72/><E91/><N who="2" m="34891" /><F99/><W50/><G50/><T103/><D103/><AGARI ba="0,0" hai="8,10,18,20,27,48,53,59,100,102,103" m="34891" machi="103" ten="30,2900,0" yaku="8,1,54,1" doraHai="126" who="2" fromWho="0" sc="129,-29,176,0,447,29,248,0" /><INIT seed="6,1,0,5,3,125" ten="100,176,476,248" oya="2" hai0="84,107,133,80,119,99,28,13,15,100,108,16,76" hai1="126,79,96,132,88,105,127,92,65,55,109,33,61" hai2="34,130,77,17,30,74,104,19,68,12,115,58,62" hai3="23,101,20,86,72,18,102,70,22,31,47,103,2"/><V54/><F104/><W48/><G72/><T37/><D37/><U35/><E109/><V111/><F111/><W8/><G70/><T135/><D108/><U110/><E110/><V71/><F115/><W98/><G31/><T56/><D28/><U83/><E132/><V25/><F19/><W44/><G44/><T90/><D56/><U121/><E121/><V4/><F4/><W73/><G73/><T59/><D59/><U78/><E105/><V117/><F117/><W64/><G64/><T63/><D63/><U11/><E11/><V94/><F94/><W82/><G98/><T7/><D7/><U24/><E55/><V113/><F113/><W6/><G18/><T27/><D119/><U95/><E95/><V106/><F106/><W93/><G93/><T21/><REACH who="0" step="1"/><D76/><REACH who="0" ten="90,176,476,248" step="2"/><U66/><E79/><V45/><F30/><W128/><G6/><T36/><D36/><U10/><E61/><V123/><F58/><W32/><G47/><T120/><D120/><U134/><E78/><V87/><F45/><W41/><G48/><T52/><D52/><U129/><E65/><V5/><F54/><W97/><G41/><T51/><D51/><U26/><E66/><V1/><F5/><W29/><G29/><T53/><D53/><U89/><E126/><V114/><F62/><W69/><G69/><T112/><D112/><U85/><E127/><V0/><F114/><W38/><G38/><T60/><D60/><U118/><E118/><V9/><F123/><W75/><G32/><T122/><D122/><U46/><E35/><V81/><F34/><W116/><G116/><RYUUKYOKU ba="1,1" sc="90,30,176,-10,476,-10,248,-10" hai0="13,15,16,21,27,80,84,90,99,100,107,133,135" /><INIT seed="7,2,1,1,0,49" ten="120,166,466,238" oya="3" hai0="95,67,58,109,110,39,96,15,27,22,129,29,120" hai1="28,81,5,25,73,98,128,61,54,8,113,52,106" hai2="41,116,124,17,7,20,1,14,131,68,115,48,117" hai3="135,108,6,42,101,76,121,122,23,100,37,88,78"/><W114/><G6/><T38/><D120/><U119/><E113/><V65/><F68/><W87/><G42/><T82/><D129/><U56/><E128/><V79/><F65/><W91/><G23/><T125/><D125/><U66/><E119/><N who="2" m="45643" /><F79/><W93/><G37/><T72/><D15/><U0/><E73/><V123/><F48/><W74/><G74/><T11/><D11/><U10/><E81/><V102/><F102/><W111/><G114/><T107/><D107/><U53/><E10/><N who="2" m="2415" /><F115/><W105/><G87/><T99/><D99/><U40/><E40/><V71/><F71/><W13/><G13/><T44/><D72/><U51/><E98/><V36/><F36/><W69/><G69/><T63/><D82/><U132/><E132/><V16/><F131/><W86/><G86/><T90/><D39/><U83/><E83/><V26/><F41/><W89/><G135/><T45/><D38/><U97/><E97/><V104/><F104/><W94/><G91/><T75/><D75/><U31/><E106/><AGARI ba="2,1" hai="76,78,88,89,93,94,100,101,105,106,108,111,121,122" machi="106" ten="25,18000,2" yaku="22,2,34,3,54,1" doraHai="49" who="3" fromWho="1" sc="120,0,166,-186,466,0,238,196" owari="120,-28.0,-20,-52.0,466,57.0,434,23.0" /></mjloggm>