<mjloggm ver="2.3"><GO type="169" lobby="0"/><UN n0="%E3%81%AC%E3%81%8F%E3%82%82%E3%82%8A" n1="%E3%81%BE%E3%82%8B%E3%81%A8%E3%83%BC" n2="%52%41%54%45%4C" n3="%E3%82%A6%E3%83%AB%E3%83%88%E3%83%A9%E7%AB%8B%E7%9B%B4" dan="16,17,17,18" rate="2121.45,2177.55,2188.07,2224.06" sx="M,M,M,M"/><TAIKYOKU oya="0"/><INIT seed="0,0,0,3,3,12" ten="250,250,250,250" oya="0" hai0="27,91,111,75,11,68,39,81,109,41,85,22,82" hai1="123,119,132,38,69,31,30,32,97,98,35,42,87" hai2="131,24,74,49,6,29,118,8,20,25,71,62,95" hai3="112,57,50,77,9,135,83,106,102,4,19,108,44"/><T94/><D68/><U17/><E123/><V5/><F74/><W60/><G112/><T88/><D11/><U92/><E119/><V54/><F118/><W3/><G108/><N who="0" m="41547" /><D75/><U101/><E132/><V73/><F73/><W2/><G2/><T65/><D65/><U13/><E69/><V96/><F131/><W117/><G117/><T105/><D105/><U1/><E1/><V86/><F86/><W113/><G113/><T55/><D55/><U133/><E133/><V59/><F8/><W45/><G135/><T99/><D81/><U14/><E38/><V84/><F84/><W43/><G106/><T34/><D34/><U89/><E42/><V110/><F110/><W37/><G83/><T52/><D52/><U0/><E0/><V107/><F107/><W56/><G56/><T79/><D39/><U53/><E35/><V47/><F71/><W51/><G57/><T10/><D10/><N who="1" m="6327" /><E32/><V15/><F59/><W130/><G37/><T63/><D63/><U90/><E53/><V46/><F62/><W126/><G60/><T16/><D41/><U61/><E61/><V33/><F33/><W116/><G43/><T7/><D7/><U93/><E93/><V78/><F5/><W121/><G4/><T80/><D80/><U18/><E101/><AGARI ba="0,0" hai="16,22,27,79,82,85,88,91,94,99,101" m="41547" machi="101" ten="30,12000,1" yaku="14,1,10,1,52,1,54,2" doraHai="12" who="0" fromWho="1" sc="250,120,250,-120,250,0,250,0" /><INIT seed="0,1,0,0,5,23" ten="370,130,250,250" oya="0" hai0="89,76,32,11,133,132,109,117,41,69,18,131,54" hai1="35,36,77,99,8,2,73,19,126,9,67,127,97" hai2="6,110,37,134,129,3,52,47,24,64,1,108,53" hai3="65,29,88,96,87,43,121,28,44,74,86,120,7"/><T17/><D117/><U78/><E36/><V50/><F134/><N who="0" m="51818" /><D69/><U94/><E67/><V93/><F129/><W58/><G74/><T60/><D32/><U100/><E35/><V82/><F37/><W34/><G7/><T5/><D131/><U51/><E2/><V59/><F64/><W15/><G15/><T16/><D76/><N who="1" m="29291" /><E73/><V85/><F93/><N who="3" m="56359" /><G58/><N who="0" m="34903" /><D109/><N who="2" m="42090" /><F6/><W130/><G65/><T113/><D113/><U48/><E97/><V72/><F72/><W33/><G130/><T70/><D70/><U57/><E57/><V45/><F24/><N who="3" m="18567" /><G34/><T104/><D104/><U92/><E92/><V75/><F75/><W105/><G105/><T124/><D41/><U40/><E40/><V71/><F71/><W68/><G68/><T119/><D119/><U116/><E116/><V90/><F47/><W14/><G29/><T106/><D106/><U31/><E31/><V98/><F98/><W56/><G14/><N who="0" m="5487" /><D89/><U66/><E9/><V84/><F53/><W30/><G30/><T55/><D55/><U27/><E66/><V103/><F59/><W46/><G56/><T115/><D115/><U112/><E8/><V63/><F63/><W114/><G114/><T4/><D4/><U62/><E112/><V102/><F3/><W0/><G0/><T125/><AGARI ba="1,0" hai="16,17,18,124,125" m="5487,34903,51818" machi="125" ten="40,3900,0" yaku="20,1,54,1" doraHai="23" who="0" fromWho="0" sc="370,42,130,-14,250,-14,250,-14" /><INIT seed="0,2,0,2,4,89" ten="412,116,236,236" oya="0" hai0="68,123,121,57,90,101,80,77,85,126,92,79,120" hai1="72,105,52,106,118,58,34,76,61,47,96,55,1" hai2="131,46,75,0,63,124,125,40,98,35,129,62,107" hai3="48,51,6,28,36,54,84,132,60,86,49,45,97"/><T33/><D68/><U74/><E118/><V113/><F35/><W135/><G28/><T133/><D33/><U64/><E34/><V30/><F0/><W21/><G6/><T102/><D57/><U130/><E1/><V9/><F30/><W44/><G21/><T122/><D133/><N who="3" m="51273" /><G97/><N who="0" m="59559" /><D126/><N who="2" m="48746" /><F75/><W103/><G103/><T19/><D19/><U15/><E130/><N who="2" m="49675" /><F9/><W24/><G24/><T78/><D122/><U23/><E74/><V119/><F107/><W116/><G116/><T82/><D102/><U108/><E72/><AGARI ba="2,0" hai="72,77,78,79,80,82,85,90,120,121,123" m="59559" machi="72" ten="30,5800,0" yaku="34,2,52,1" doraHai="89" who="0" fromWho="1" sc="412,64,116,-64,236,0,236,0" /><INIT seed="0,3,0,2,3,125" ten="476,52,236,236" oya="0" hai0="58,3,40,34,80,44,96,25,9,95,65,127,129" hai1="17,85,15,79,117,16,120,132,43,105,104,6,61" hai2="101,131,48,130,36,24,133,98,124,86,1,59,97" hai3="93,39,122,14,26,7,63,67,20,134,23,90,22"/><T111/><D127/><U55/><E120/><V12/><F124/><W27/><G39/><T46/><D111/><U2/><E117/><V123/><F1/><W92/><G134/><T70/><D70/><U84/><E132/><V110/><F36/><W29/><G122/><T11/><D3/><U4/><E2/><V118/><F123/><W77/><G77/><T82/><D34/><U78/><E43/><V31/><F133/><W135/><G135/><T119/><D119/><U81/><E61/><V109/><F118/><W73/><G73/><T113/><D113/><U103/><E55/><N who="2" m="32231" /><F86/><W83/><G83/><T45/><D25/><U56/><E56/><V76/><F12/><W49/><G49/><T5/><D40/><U30/><E30/><V88/><F76/><W91/><G63/><T100/><D11/><U74/><E74/><V116/><F116/><W62/><G62/><T60/><REACH who="0" step="1"/><D129/><REACH who="0" ten="466,52,236,236" step="2"/><N who="2" m="49162" /><F24/><W89/><G27/><T37/><D37/><U87/><E15/><V35/><F35/><W10/><G67/><T71/><D71/><U8/><E8/><V75/><F110/><W114/><G114/><T54/><D54/><U57/><E6/><V53/><F53/><W18/><G29/><T0/><AGARI ba="3,1" hai="0,5,9,44,45,46,58,60,65,80,82,95,96,100" machi="0" ten="30,3000,0" yaku="1,1,0,1,53,0" doraHai="125" doraHaiUra="108" who="0" fromWho="0" sc="466,49,52,-13,236,-13,236,-13" /><INIT seed="0,4,0,0,1,3" ten="515,39,223,223" oya="0" hai0="11,86,28,101,121,77,0,21,45,123,41,1,90" hai1="130,23,110,46,126,10,84,31,26,44,61,37,50" hai2="48,85,97,103,9,95,92,118,52,65,7,14,76" hai3="38,53,107,81,94,99,17,55,69,25,5,42,93"/><T39/><D101/><U56/><E110/><V124/><F124/><W33/><G81/><T125/><D125/><U74/><E126/><V75/><F118/><W68/><G42/><T22/><D77/><U114/><E130/><V71/><F75/><W133/><G38/><T51/><D39/><U135/><E114/><V32/><F32/><W15/><G133/><T119/><D119/><U106/><E135/><V70/><F65/><W96/><G107/><T112/><D112/><U24/><E106/><V57/><REACH who="2" step="1"/><F95/><REACH who="2" ten="515,39,213,223" step="2"/><W87/><G69/><T29/><D121/><U4/><E74/><V91/><F91/><W49/><G68/><T129/><D90/><U127/><E127/><V104/><F104/><W89/><G94/><T113/><D123/><U116/><E116/><V63/><F63/><W66/><G66/><T43/><D113/><U36/><E61/><V60/><F60/><W109/><G33/><T8/><D129/><U18/><E36/><V78/><F78/><W120/><G120/><T132/><D132/><U27/><E37/><V122/><F122/><W72/><G72/><T105/><D105/><U98/><E50/><V117/><F117/><W64/><G64/><T40/><D51/><U62/><E62/><V102/><F102/><W6/><G49/><T79/><D79/><U88/><E88/><V47/><F47/><W134/><G134/><T20/><D45/><U73/><E46/><V35/><F35/><W12/><G89/><T82/><D41/><U115/><E44/><V111/><F111/><W80/><G109/><T16/><D43/><U34/><E73/><RYUUKYOKU ba="4,1" sc="515,-10,39,-10,213,30,223,-10" hai2="7,9,14,48,52,57,70,71,76,85,92,97,103" /><INIT seed="1,5,1,0,1,31" ten="505,29,243,213" oya="1" hai0="111,19,88,46,107,134,43,78,34,13,49,63,108" hai1="15,23,128,1,14,2,110,39,83,76,7,119,87" hai2="100,91,27,69,18,75,60,65,104,3,131,57,29" hai3="48,53,132,61,125,101,70,77,71,73,10,24,93"/><U38/><E119/><V50/><F131/><W106/><G10/><T28/><D107/><U47/><E128/><V113/><F113/><W22/><G125/><T37/><D78/><U118/><E118/><V95/><F75/><W64/><G132/><T81/><D134/><U90/><E110/><N who="0" m="42025" /><D63/><U5/><E2/><V117/><F3/><W42/><G42/><T82/><D37/><U44/><E1/><V32/><F117/><W92/><G71/><T84/><D28/><U21/><E76/><V17/><F57/><W102/><G106/><T33/><D81/><U99/><E99/><N who="2" m="61471" /><F50/><W94/><G73/><T74/><D74/><U25/><E39/><V115/><F115/><W105/><G105/><T51/><D51/><U62/><E38/><V40/><F40/><W122/><G77/><T96/><D96/><AGARI ba="5,1" hai="17,18,27,29,32,60,65,69,91,95,96" m="61471" machi="96" ten="30,2000,0" yaku="25,1,52,1" doraHai="31" who="2" fromWho="0" sc="505,-35,29,0,243,45,213,0" /><INIT seed="2,0,0,1,3,24" ten="470,29,288,213" oya="2" hai0="97,10,25,133,46,129,37,79,93,104,123,128,108" hai1="17,9,58,84,117,30,48,29,15,2,130,69,53" hai2="0,124,59,92,82,39,21,110,60,121,126,101,70" hai3="54,43,98,62,7,8,75,65,22,72,118,90,63"/><V28/><F121/><W89/><G118/><T40/><D123/><U135/><E117/><V96/><F39/><W36/><G43/><T134/><D104/><U85/><E69/><V6/><F70/><W57/><G36/><T114/><D114/><U1/><E130/><N who="0" m="50281" /><D108/><U19/><E135/><V77/><F110/><W26/><G89/><N who="0" m="55471" /><D79/><U111/><E111/><V23/><F6/><W32/><G32/><T68/><D68/><U103/><E103/><V120/><F0/><W78/><G78/><T13/><D25/><U47/><E1/><V112/><F112/><W5/><G5/><AGARI ba="0,0" hai="5,10,13,37,40,46,133,134" m="55471,50281" machi="5" ten="30,1000,0" yaku="19,1" doraHai="24" who="0" fromWho="3" sc="470,10,29,0,288,0,213,-10" /><INIT seed="3,0,0,0,1,76" ten="480,29,288,203" oya="3" hai0="86,50,7,101,23,55,108,41,45,96,22,61,69" hai1="87,39,6,71,125,3,131,116,115,16,8,19,2" hai2="97,75,37,67,83,132,68,57,110,73,65,14,51" hai3="56,46,109,44,30,80,63,38,13,18,91,49,85"/><W102/><G109/><T33/><D33/><U10/><E71/><V107/><F37/><W24/><G102/><T0/><D108/><U42/><E115/><V99/><F68/><W62/><G38/><T88/><D0/><U17/><E116/><V48/><F110/><W129/><G129/><T113/><D7/><U26/><E131/><V122/><F132/><W78/><G78/><T111/><D113/><U89/><E125/><V32/><F32/><W106/><G106/><T112/><D112/><U81/><E39/><V47/><F14/><W104/><G104/><T43/><D69/><U123/><E123/><V117/><F117/><W74/><G74/><T114/><D114/><U28/><E42/><N who="0" m="15881" /><D61/><U15/><REACH who="1" step="1"/><E3/><REACH who="1" ten="480,19,288,203" step="2"/><V103/><F122/><W130/><G130/><T20/><D111/><U5/><E5/><V84/><F73/><W31/><G46/><T100/><D96/><U94/><E94/><AGARI ba="0,1" hai="20,22,23,45,50,55,86,88,94,100,101" m="15881" machi="94" ten="30,2000,0" yaku="8,1,54,1" doraHai="76" who="0" fromWho="1" sc="480,30,19,-20,288,0,203,0" owari="510,61.0,-1,-50.0,288,9.0,203,-20.0" /></mjloggm>