<mjloggm ver="2.3"><GO type="169" lobby="0"/><UN n0="%E3%83%AC%E3%82%A4%E3%83%88%E3%83%B3%E5%87%86%E6%95%99%E6%8E%88" n1="%E3%83%88%E3%83%88%E3%83%AA%E5%85%88%E7%94%9F%31%39%E6%AD%B3" n2="%63%6F%62%65%68%6F%70%65" n3="%E7%AB%8B%E8%8F%AF%E5%A5%8F" dan="17,19,16,16" rate="2181.75,2344.96,2193.65,2127.99" sx="M,F,M,F"/><TAIKYOKU oya="0"/><INIT seed="0,0,0,2,5,113" ten="250,250,250,250" oya="0" hai0="17,101,87,81,10,27,46,7,59,115,75,47,15" hai1="12,88,90,93,8,9,36,79,76,32,102,85,82" hai2="2,28,33,98,25,31,94,66,109,53,5,22,34" hai3="50,67,129,89,1,122,57,62,13,106,100,103,39"/><T60/><D75/><U45/><E32/><V72/><F72/><W86/><G1/><T18/><D101/><U19/><E102/><V116/><F116/><W24/><G39/><T119/><D115/><U92/><E36/><V95/><F109/><W4/><G122/><T14/><D27/><U134/><E134/><V99/><F66/><W56/><G106/><T111/><D111/><U6/><E45/><V35/><F53/><W96/><G96/><T97/><D97/><U20/><E8/><V26/><F5/><W91/><G24/><T64/><D7/><U70/><E70/><V65/><F65/><W61/><G50/><T117/><D46/><U133/><E133/><V114/><F2/><W52/><G129/><T30/><D30/><U68/><E68/><V38/><F38/><W77/><G77/><T41/><D41/><U80/><E79/><V0/><F0/><W55/><G67/><T78/><D47/><U121/><E121/><V74/><F74/><W11/><G89/><T3/><D3/><U135/><E135/><V51/><F51/><W21/><G21/><AGARI ba="0,0" hai="10,14,15,17,18,21,59,60,64,78,81,87,117,119" machi="21" ten="30,5800,0" yaku="7,1,52,2" doraHai="113" who="0" fromWho="3" sc="250,58,250,0,250,0,250,-58" /><INIT seed="0,1,0,3,1,56" ten="308,250,250,192" oya="0" hai0="84,2,46,121,132,1,114,95,0,66,89,73,7" hai1="37,71,61,119,13,94,16,31,120,15,103,128,60" hai2="18,36,65,99,81,29,126,134,17,101,74,125,97" hai3="113,8,109,43,11,79,105,24,76,124,34,98,92"/><T70/><D114/><U112/><E119/><V96/><F36/><W51/><G113/><T40/><D73/><U63/><E112/><V111/><F29/><W54/><G105/><T77/><D77/><U28/><E120/><V78/><F111/><W87/><G109/><T3/><D132/><U55/><E37/><V27/><F134/><W21/><G34/><T86/><D121/><U44/><E71/><V41/><F41/><W14/><G43/><T22/><D22/><N who="1" m="11535" /><E128/><V93/><F65/><W48/><G124/><N who="2" m="47721" /><F18/><W115/><G115/><T127/><D1/><U26/><E26/><V20/><AGARI ba="1,0" hai="17,20,27,74,78,81,93,96,97,99,101" m="47721" machi="20" ten="30,1100,0" yaku="18,1" doraHai="56" who="2" fromWho="2" sc="308,-6,250,-4,250,14,192,-4" /><INIT seed="1,0,0,0,5,71" ten="302,246,264,188" oya="1" hai0="114,135,4,9,96,126,64,101,80,125,77,56,120" hai1="34,40,100,61,36,26,42,62,78,35,29,10,132" hai2="111,133,110,14,63,39,13,11,27,91,105,72,51" hai3="25,84,53,59,98,102,15,128,134,67,7,33,95"/><U108/><E132/><V88/><F105/><W86/><G134/><T121/><D114/><U43/><E35/><V81/><F133/><W118/><G118/><T116/><D64/><U12/><E108/><V23/><F51/><W93/><G67/><T50/><D50/><U52/><E100/><V19/><F63/><W122/><G122/><N who="0" m="47211" /><D56/><U104/><E104/><V70/><F70/><W1/><G1/><T73/><D135/><U66/><E78/><V79/><F14/><W0/><G0/><N who="0" m="135" /><D116/><U115/><E115/><V117/><F39/><W92/><G128/><T68/><D68/><U75/><E75/><V103/><F103/><W127/><G127/><T74/><D74/><U22/><E34/><V76/><F76/><W6/><G33/><T31/><D31/><U113/><E113/><V97/><F117/><W60/><G25/><T41/><D41/><U99/><E99/><V106/><F106/><AGARI ba="0,0" hai="73,77,80,96,101,106,125,126" m="135,47211" machi="106" ten="30,2000,0" yaku="13,1,23,1" doraHai="71" who="0" fromWho="2" sc="302,20,246,0,264,-20,188,0" /><INIT seed="2,0,0,3,2,80" ten="322,246,244,188" oya="2" hai0="9,76,79,21,120,72,127,66,125,94,37,25,103" hai1="39,3,14,67,11,75,26,85,50,81,118,77,20" hai2="95,130,92,8,110,71,24,6,93,13,74,42,10" hai3="105,0,49,115,5,98,40,56,108,53,132,106,122"/><V124/><F71/><W47/><G108/><T7/><D37/><U82/><E118/><V23/><F74/><W4/><G122/><T87/><D66/><U129/><E129/><V59/><F130/><W107/><G115/><T89/><D103/><U52/><E39/><V121/><F121/><W16/><G132/><T116/><D116/><U91/><E67/><V99/><F124/><N who="0" m="47690" /><D72/><U35/><E35/><V44/><F110/><W22/><G98/><T31/><D120/><U114/><E3/><AGARI ba="0,0" hai="3,7,9,21,25,31,76,79,87,89,94" m="47690" machi="3" ten="30,2000,0" yaku="18,1,52,1" doraHai="80" who="0" fromWho="1" sc="322,20,246,-20,244,0,188,0" /><INIT seed="3,0,0,2,3,57" ten="342,226,244,188" oya="3" hai0="53,62,52,99,103,117,113,85,1,104,28,23,79" hai1="125,63,58,108,60,25,17,122,44,41,12,120,8" hai2="10,35,78,96,98,105,77,83,9,115,4,34,74" hai3="106,29,81,16,24,69,75,14,68,101,124,126,67"/><W129/><G129/><T42/><D1/><U30/><E108/><V88/><F115/><W64/><G101/><T134/><D117/><U73/><E73/><V100/><F78/><W118/><G106/><T130/><D42/><U128/><E128/><V71/><F71/><W22/><G118/><T95/><D130/><U27/><E125/><N who="3" m="48234" /><G75/><T86/><D134/><U112/><E112/><V90/><F10/><N who="3" m="6231" /><G81/><T87/><D104/><U132/><E132/><V49/><F49/><W19/><G19/><T38/><D38/><U6/><E17/><V5/><F5/><W3/><G3/><T33/><D79/><U20/><E27/><V43/><F43/><W107/><G107/><T18/><D28/><U72/><E72/><V46/><F46/><W13/><G13/><T32/><D113/><U76/><E76/><V109/><F109/><W135/><G135/><T51/><D18/><U65/><REACH who="1" step="1"/><E63/><REACH who="1" ten="342,216,244,188" step="2"/><V131/><F131/><W89/><G89/><T55/><D62/><U127/><E127/><V59/><F90/><W70/><AGARI ba="0,1" hai="22,24,29,64,67,68,69,70" m="6231,48234" machi="70" ten="40,3900,0" yaku="18,1,54,1" doraHai="57" who="3" fromWho="3" sc="342,-13,216,-13,244,-13,188,49" /><INIT seed="3,1,0,4,2,56" ten="329,203,231,237" oya="3" hai0="35,30,131,99,117,59,106,6,77,76,96,73,90" hai1="69,67,0,80,118,39,60,33,92,82,128,58,25" hai2="94,23,11,40,127,134,116,89,34,10,12,123,54" hai3="22,48,74,70,46,51,93,98,2,52,68,133,130"/><W95/><G2/><T97/><D30/><U81/><E0/><V65/><F34/><W19/><G74/><T72/><D35/><U113/><E113/><V27/><F116/><W21/><G130/><T3/><D59/><U53/><E39/><V26/><F127/><W129/><G129/><T1/><D6/><U124/><E128/><V55/><F134/><W42/><G133/><T104/><D131/><U20/><E33/><V102/><F123/><W29/><G29/><T45/><D45/><U62/><E124/><V78/><F40/><W47/><G21/><T111/><D111/><U103/><E118/><V63/><F78/><N who="0" m="30314" /><D3/><U61/><E69/><V17/><F102/><W120/><G120/><T86/><D1/><U5/><E5/><V13/><F27/><W125/><G125/><T126/><D126/><U121/><E67/><V57/><F12/><W66/><G66/><T87/><D117/><U4/><E4/><V91/><F91/><W75/><G75/><N who="0" m="28747" /><D90/><U43/><E43/><V107/><F11/><W7/><G7/><T122/><D122/><U41/><E41/><V114/><F114/><W15/><G68/><T50/><D50/><U84/><E121/><V100/><F13/><W119/><G70/><T135/><D135/><U83/><N who="1" m="20480" /><DORA hai="32" /><U85/><E58/><V44/><F44/><W28/><G119/><T18/><D18/><N who="1" m="12439" /><E53/><V24/><F24/><W88/><G28/><T36/><D36/><U64/><E64/><V16/><F17/><W37/><G37/><T101/><D104/><U79/><E79/><V109/><F107/><W8/><G8/><RYUUKYOKU ba="1,0" sc="329,10,203,10,231,-30,237,10" hai0="86,87,96,97,99,101,106" hai1="60,61,62,84,85,92,103" hai3="15,19,22,42,46,47,48,51,52,88,93,95,98" /><INIT seed="3,2,0,0,3,57" ten="339,213,201,247" oya="3" hai0="67,121,100,106,40,84,53,34,130,127,39,75,65" hai1="64,8,94,72,91,0,102,45,69,110,88,47,22" hai2="10,49,123,68,3,135,17,26,93,83,51,80,23" hai3="97,81,101,109,78,74,58,89,126,27,21,18,129"/><W85/><G126/><T114/><D75/><U5/><E72/><V35/><F68/><W105/><G129/><T92/><D34/><U6/><E110/><V134/><F123/><W25/><G109/><T36/><D106/><U31/><E102/><V56/><F35/><W43/><G43/><T60/><D84/><U13/><E91/><V133/><F93/><W120/><G120/><T14/><D14/><U54/><E54/><N who="2" m="31823" /><F51/><W70/><G70/><N who="0" m="42279" /><D92/><U15/><E64/><V125/><F125/><W29/><G58/><T103/><D100/><U73/><E73/><V87/><F87/><W33/><REACH who="3" step="1"/><G74/><REACH who="3" ten="339,213,201,237" step="2"/><T104/><D121/><U111/><E111/><V115/><F115/><W98/><G98/><T116/><D114/><U86/><E69/><V20/><F135/><W12/><G12/><T132/><D40/><U113/><E113/><V61/><F3/><W90/><AGARI ba="2,1" hai="18,21,25,27,29,33,78,81,85,89,90,97,101,105" machi="90" ten="30,3000,0" yaku="1,1,0,1,53,0" doraHai="57" doraHaiUra="11" who="3" fromWho="3" sc="339,-12,213,-12,201,-12,237,46" /><INIT seed="3,3,0,3,3,68" ten="327,201,189,283" oya="3" hai0="20,94,108,69,86,24,131,10,46,9,32,34,57" hai1="112,60,114,126,92,63,6,21,23,19,13,30,51" hai2="133,90,42,120,18,115,105,78,66,104,39,124,95" hai3="59,65,16,97,125,43,44,103,49,58,123,77,110"/><W70/><G123/><T35/><D69/><U81/><E126/><V111/><F66/><W106/><G125/><T50/><D57/><U4/><E81/><V130/><F42/><W26/><G77/><T8/><D108/><U29/><E92/><V15/><F15/><W102/><G102/><T128/><D94/><U12/><E51/><V88/><F18/><AGARI ba="3,0" hai="4,6,12,13,18,19,21,23,29,30,60,63,112,114" machi="18" ten="25,1600,0" yaku="22,2" doraHai="68" who="1" fromWho="2" sc="327,0,201,25,189,-25,283,0" /><INIT seed="4,0,0,3,5,69" ten="327,226,164,283" oya="0" hai0="53,55,18,89,125,64,36,94,96,50,90,17,7" hai1="100,95,135,10,117,110,62,20,118,71,5,74,0" hai2="25,61,35,8,27,128,82,31,6,28,91,29,11" hai3="127,120,13,1,131,101,86,48,46,114,59,123,2"/><T72/><D72/><U105/><E110/><V88/><F128/><W83/><G131/><T24/><D64/><U30/><E74/><V85/><F61/><W106/><G114/><T3/><D36/><U52/><E135/><V115/><F115/><W54/><G127/><T38/><D38/><U49/><E105/><V111/><F111/><W80/><G80/><T39/><D39/><U119/><E30/><V26/><F35/><W104/><G13/><T121/><D121/><N who="3" m="46665" /><G46/><T77/><D77/><U60/><E20/><V66/><F66/><W102/><G106/><T113/><D113/><U41/><E41/><V99/><F6/><W107/><G107/><T126/><D7/><U108/><E108/><V109/><F109/><W45/><G45/><N who="0" m="27855" /><D3/><N who="3" m="1033" /><G104/><T84/><D55/><U92/><E71/><V14/><F14/><W15/><G15/><T63/><D24/><U75/><E75/><V103/><F103/><W43/><G43/><T32/><D32/><U51/><E51/><V122/><F122/><W87/><G87/><T129/><D63/><U4/><E4/><V78/><REACH who="2" step="1"/><F99/><REACH who="2" ten="327,226,154,283" step="2"/><W9/><G9/><AGARI ba="0,1" hai="8,9,11,25,26,27,28,29,31,78,82,85,88,91" machi="9" ten="40,8000,1" yaku="1,1,2,1,8,1,54,1,53,0" doraHai="69" doraHaiUra="116" who="2" fromWho="3" sc="327,0,226,0,154,90,283,-80" /><INIT seed="5,0,0,5,5,123" ten="327,226,244,203" oya="1" hai0="111,53,27,64,42,94,23,0,19,20,106,82,50" hai1="115,1,86,11,88,131,3,121,74,6,15,110,85" hai2="135,107,63,126,67,130,18,73,89,101,72,71,7" hai3="45,76,9,26,84,114,81,87,90,31,102,10,13"/><U83/><E121/><V29/><F7/><W97/><G114/><T92/><D111/><U100/><E115/><V36/><F36/><W46/><G97/><T57/><D106/><U41/><E74/><V38/><F38/><W77/><G102/><T65/><D0/><U122/><E122/><V104/><F89/><W44/><G84/><T125/><D82/><U52/><E131/><V60/><F130/><W118/><G118/><T55/><D42/><U56/><E41/><V58/><F104/><W108/><G108/><T21/><D53/><U99/><E86/><V98/><F126/><W117/><G117/><T69/><D69/><U105/><REACH who="1" step="1"/><E110/><REACH who="1" ten="327,216,244,203" step="2"/><V49/><F73/><W128/><G128/><T75/><D75/><U133/><E133/><V109/><F135/><W47/><N who="3" m="11264" /><DORA hai="62" /><W24/><G31/><T28/><D125/><U30/><E30/><V8/><F29/><W96/><G96/><T132/><D132/><U93/><E93/><V61/><F72/><W39/><G39/><T70/><D92/><U95/><E95/><V54/><F109/><W80/><G80/><T68/><D94/><U34/><E34/><V129/><F129/><W33/><G33/><T112/><D112/><U66/><E66/><V78/><F78/><W5/><G77/><T103/><D28/><U127/><E127/><V91/><F91/><W51/><G90/><T17/><D65/><U16/><E16/><V119/><F119/><W48/><G76/><T37/><D64/><U12/><E12/><V120/><F120/><W32/><G32/><T79/><D19/><U113/><E113/><RYUUKYOKU ba="0,1" sc="327,-15,216,15,244,15,203,-15" hai1="1,3,6,11,15,52,56,83,85,88,99,100,105" hai2="8,18,49,54,58,60,61,63,67,71,98,101,107" /><INIT seed="5,1,1,2,4,117" ten="312,231,259,188" oya="1" hai0="127,26,118,62,24,61,89,3,91,73,20,86,9" hai1="57,12,4,59,102,53,5,115,63,38,124,113,58" hai2="129,96,134,42,18,82,104,70,79,39,111,71,46" hai3="51,44,72,85,17,131,100,6,34,23,37,14,76"/><U123/><E38/><V121/><F111/><W98/><G72/><T77/><D118/><U0/><E0/><V10/><F129/><W97/><G37/><T7/><D127/><U103/><E124/><V81/><F134/><W75/><G75/><T105/><D105/><U30/><E30/><V94/><F104/><W132/><G132/><T107/><D107/><U32/><E32/><V27/><F82/><N who="3" m="47303" /><G34/><T95/><D89/><U92/><E123/><V126/><F121/><W33/><G33/><T52/><D26/><U35/><E35/><V88/><F126/><W130/><G6/><N who="1" m="2666" /><E12/><V110/><F110/><W120/><G120/><T21/><D21/><U109/><E109/><V68/><F27/><W112/><G112/><N who="1" m="43082" /><E92/><V25/><F25/><W116/><G116/><T90/><D20/><U56/><AGARI ba="1,1" hai="53,56,57,58,59,63,102,103" m="43082,2666" machi="56" ten="40,2100,0" yaku="15,1" doraHai="117" who="1" fromWho="1" sc="312,-8,231,34,259,-8,188,-8" /><INIT seed="5,2,0,2,5,27" ten="304,265,251,180" oya="1" hai0="19,42,66,92,71,102,44,39,18,111,12,98,16" hai1="80,29,58,135,121,46,7,14,130,57,132,1,49" hai2="78,3,24,101,123,103,82,37,106,96,105,2,13" hai3="61,75,110,85,15,31,63,128,88,56,23,52,60"/><U97/><E121/><V41/><F123/><W35/><G75/><T94/><D111/><U68/><E68/><V4/><F13/><W43/><G110/><T87/><D66/><U26/><E1/><V59/><F59/><W131/><G43/><T51/><D71/><U70/><E70/><V126/><F126/><W67/><G35/><T133/><D133/><N who="1" m="51275" /><E130/><N who="3" m="49706" /><G67/><T73/><D73/><U95/><E80/><V120/><F120/><W50/><G15/><T21/><D39/><U8/><E95/><V64/><F64/><W5/><G5/><T9/><D21/><N who="1" m="15567" /><E97/><N who="2" m="61615" /><F4/><W36/><G36/><T76/><D92/><U55/><AGARI ba="2,0" hai="7,8,14,46,49,55,57,58" m="15567,51275" machi="55" ten="30,3000,0" yaku="20,1,52,1" doraHai="27" who="1" fromWho="1" sc="304,-12,265,36,251,-12,180,-12" /><INIT seed="5,3,0,1,0,90" ten="292,301,239,168" oya="1" hai0="40,19,11,31,94,115,117,52,79,43,122,101,62" hai1="107,120,64,36,97,49,65,121,75,81,55,8,125" hai2="54,74,21,22,108,131,42,27,32,127,57,98,4" hai3="47,124,92,18,134,133,14,0,80,13,70,45,69"/><U86/><E75/><V12/><F74/><W114/><G0/><T106/><D106/><U7/><E36/><V66/><F108/><W46/><G80/><T135/><D117/><U24/><E125/><V113/><F131/><W89/><G124/><T111/><D111/><U1/><E24/><V29/><F127/><W2/><G2/><T30/><D79/><U37/><E37/><V109/><F109/><W123/><G123/><T110/><D115/><U17/><E17/><V50/><F113/><W3/><G3/><T6/><D19/><U132/><E132/><N who="3" m="50794" /><G114/><T68/><D68/><N who="3" m="26217" /><G18/><T53/><D122/><U71/><E71/><V95/><F66/><W35/><G35/><T44/><D11/><U116/><E116/><V82/><F42/><N who="0" m="15914" /><D6/><U59/><E120/><V56/><F56/><W72/><G72/><T33/><D33/><U102/><E121/><V60/><F50/><W100/><G100/><T96/><D110/><U112/><E112/><V104/><F104/><W15/><G89/><AGARI ba="3,0" hai="1,7,8,49,55,59,64,65,81,86,89,97,102,107" machi="89" ten="30,1500,0" yaku="7,1" doraHai="90" who="1" fromWho="3" sc="292,0,301,24,239,0,168,-24" /><INIT seed="5,4,0,2,4,50" ten="292,325,239,144" oya="1" hai0="12,97,34,48,59,91,3,15,131,76,28,111,24" hai1="60,44,135,125,63,31,109,41,6,10,72,96,119" hai2="69,98,86,78,108,55,74,33,9,120,101,89,38" hai3="68,22,62,83,8,80,115,87,58,4,123,7,32"/><U79/><E119/><V100/><F108/><W16/><G68/><T84/><D3/><N who="1" m="351" /><E96/><V65/><F33/><W53/><G32/><T14/><D131/><U99/><E31/><V0/><F120/><W122/><G115/><T105/><D111/><U127/><E109/><V29/><F29/><W66/><G66/><T26/><D26/><U70/><E99/><V134/><F38/><W113/><G113/><T37/><D37/><N who="1" m="21551" /><E135/><V77/><F134/><W54/><G123/><T43/><D97/><U11/><E11/><V5/><F74/><W57/><G122/><T40/><D105/><U19/><E19/><V13/><F0/><W103/><G103/><T110/><D110/><U116/><E116/><V129/><F129/><W132/><G132/><T118/><D118/><U39/><E39/><V73/><F73/><W67/><G87/><T71/><D40/><U56/><E70/><V94/><F101/><W88/><G88/><T130/><D71/><U82/><E63/><V51/><F65/><AGARI ba="4,0" hai="56,60,65,72,79,82,125,127" m="21551,351" machi="65" ten="30,1500,0" yaku="25,1" doraHai="50" who="1" fromWho="2" sc="292,0,325,27,239,-27,144,0" /><INIT seed="5,5,0,3,0,62" ten="292,352,212,144" oya="1" hai0="60,66,120,64,105,23,24,46,133,130,119,12,90" hai1="127,26,43,113,92,115,68,0,72,70,30,32,76" hai2="108,2,101,106,94,103,36,54,93,81,99,25,49" hai3="45,18,89,48,40,29,122,41,19,10,50,132,71"/><U73/><E0/><V96/><F108/><W100/><G122/><T118/><D105/><U67/><E127/><V91/><F36/><W87/><G71/><T131/><D60/><N who="1" m="40039" /><E70/><V110/><F110/><W134/><G100/><T9/><D46/><U123/><E76/><V20/><F2/><W104/><G104/><T59/><D59/><U65/><E65/><N who="0" m="25193" /><D90/><U77/><E92/><V125/><F125/><W109/><G109/><T28/><D133/><U78/><E123/><V1/><F1/><W69/><G69/><T13/><D120/><U75/><E77/><V56/><F81/><W16/><G10/><T52/><D52/><U128/><E128/><N who="0" m="49193" /><D12/><U86/><E43/><V31/><F106/><W39/><G134/><T98/><D98/><U17/><E78/><V11/><F11/><W35/><G132/><T121/><D121/><U114/><E86/><V22/><F91/><W84/><G89/><T80/><D80/><U21/><E75/><V44/><F56/><W6/><G87/><T116/><D116/><U88/><E88/><V27/><REACH who="2" step="1"/><F25/><AGARI ba="5,0" hai="17,21,25,26,30,32,72,73,113,114,115" m="40039" machi="25" ten="30,2900,0" yaku="15,1,52,1" doraHai="62" who="1" fromWho="2" sc="292,0,352,44,212,-44,144,0" /><INIT seed="5,6,0,4,1,100" ten="292,396,168,144" oya="1" hai0="0,113,20,94,93,126,35,121,23,61,48,15,57" hai1="134,103,83,14,79,47,3,89,2,115,62,97,80" hai2="105,29,40,10,92,21,53,31,87,124,73,133,102" hai3="54,51,70,30,34,71,32,85,109,37,117,82,8"/><U16/><E115/><V58/><F73/><W104/><G109/><T132/><D0/><U110/><E110/><V24/><F124/><W90/><G37/><T45/><D35/><U44/><E134/><V50/><F133/><W78/><G117/><T88/><D126/><U63/><E89/><V75/><F75/><W111/><G111/><T106/><D106/><U91/><E91/><V74/><F74/><W22/><G104/><T116/><D113/><U5/><E5/><V17/><F105/><W118/><G118/><T127/><D121/><U26/><E26/><V64/><F40/><W60/><G8/><T38/><D38/><U84/><E83/><V4/><F64/><W95/><G22/><T42/><D116/><U52/><E3/><V36/><F36/><W46/><G30/><T81/><D15/><U101/><E2/><V114/><F114/><W19/><G19/><T11/><D11/><N who="1" m="6239" /><E101/><V56/><F4/><W13/><G13/><T9/><D9/><U72/><E72/><V18/><F10/><W77/><G77/><T130/><D127/><U125/><E125/><V122/><F122/><W66/><G70/><T68/><D68/><U131/><E131/><V65/><F31/><W33/><G33/><T120/><D130/><U129/><E129/><V112/><F112/><W76/><G76/><T49/><D120/><U86/><E86/><AGARI ba="6,0" hai="32,34,46,51,54,60,66,71,78,82,85,86,90,95" machi="86" ten="30,1000,0" yaku="7,1" doraHai="100" who="3" fromWho="1" sc="292,0,396,-28,168,0,144,28" /><INIT seed="6,0,0,1,1,32" ten="292,368,168,172" oya="2" hai0="38,13,22,108,17,14,113,93,100,103,125,12,91" hai1="3,47,130,42,71,50,9,67,84,79,96,89,4" hai2="68,1,77,20,129,2,81,28,44,86,114,39,54" hai3="88,123,21,49,8,85,132,52,41,48,74,126,23"/><V5/><F5/><W134/><G74/><T122/><D38/><U30/><E130/><V135/><F68/><W112/><G123/><T59/><D108/><U95/><E30/><V131/><F135/><N who="3" m="51755" /><G126/><T115/><D125/><U11/><E11/><V72/><F72/><W117/><G117/><T15/><D59/><U29/><E29/><V16/><F28/><W111/><G111/><T102/><REACH who="0" step="1"/><D122/><REACH who="0" ten="282,368,168,172" step="2"/><U124/><E124/><V55/><F39/><W80/><G112/><T118/><D118/><U40/><E71/><V63/><F114/><W87/><G87/><AGARI ba="0,1" hai="12,13,14,15,17,22,87,91,93,100,102,103,113,115" machi="87" ten="40,1300,0" yaku="1,1,53,0" doraHai="32" doraHaiUra="31" who="0" fromWho="3" sc="282,23,368,0,168,0,172,-13" /><INIT seed="7,0,0,1,0,131" ten="305,368,168,159" oya="3" hai0="21,90,95,66,19,17,79,30,85,12,47,80,77" hai1="33,114,109,38,116,59,70,55,60,25,103,129,100" hai2="81,13,111,107,20,102,104,8,117,64,67,125,118" hai3="73,94,2,34,26,89,43,40,120,134,50,126,93"/><W62/><G120/><T37/><D66/><N who="1" m="41287" /><E109/><V87/><F111/><W69/><G73/><T63/><D77/><U122/><E122/><V82/><F20/><W130/><G2/><T96/><D63/><U108/><E108/><V72/><F72/><W52/><G130/><T133/><D133/><U76/><E76/><V106/><F102/><W35/><G134/><T5/><D37/><U0/><E0/><V18/><F87/><W27/><G62/><T51/><D30/><N who="1" m="19663" /><E129/><V86/><F86/><W10/><G69/><T61/><D61/><N who="1" m="36095" /><E38/><V99/><F67/><W42/><G10/><T16/><REACH who="0" step="1"/><D5/><REACH who="0" ten="295,368,168,159" step="2"/><U83/><E116/><V29/><F29/><W7/><G7/><T39/><D39/><U91/><E91/><V15/><F64/><W88/><G42/><AGARI ba="0,1" hai="12,16,17,19,21,42,47,51,79,80,85,90,95,96" machi="42" ten="30,7700,0" yaku="1,1,7,1,8,1,54,1,53,0" doraHai="131" doraHaiUra="28" who="0" fromWho="3" sc="295,87,368,0,168,0,159,-77" owari="382,48.0,368,17.0,168,-23.0,82,-42.0" /></mjloggm>