<mjloggm ver="2.3"><GO type="169" lobby="0"/><UN n0="%E5%A4%A7%E8%83%86%E3%81%AB%E3%83%80%E3%82%A4%E3%82%BF" n1="%E3%82%A6%E3%83%AB%E3%83%88%E3%83%A9%E7%AB%8B%E7%9B%B4" n2="%4D%4F%44" n3="%E3%81%95%E3%81%AC%E3%81%85" dan="17,18,17,16" rate="2170.40,2253.04,2252.33,2120.79" sx="M,M,M,M"/><TAIKYOKU oya="0"/><INIT seed="0,0,0,0,3,54" ten="250,250,250,250" oya="0" hai0="115,131,52,132,83,50,110,73,32,23,45,34,134" hai1="36,71,27,1,102,101,61,48,114,24,100,107,4" hai2="56,15,125,44,11,76,82,109,86,30,97,93,65" hai3="96,67,10,111,35,38,9,87,121,103,92,29,118"/><T53/><D115/><U68/><E36/><V120/><F109/><W80/><G118/><T135/><D131/><U117/><E117/><V108/><F108/><W119/><G119/><T124/><D124/><U95/><E107/><V85/><F120/><W79/><G121/><T128/><D128/><U88/><E114/><V78/><F125/><W77/><G111/><T7/><D110/><U49/><E4/><V39/><F30/><W127/><G127/><T116/><D116/><U13/><E13/><V84/><F44/><W12/><G38/><T17/><D7/><U5/><E5/><N who="2" m="3567" /><F39/><W55/><G67/><T40/><D83/><U104/><E104/><V122/><F122/><W66/><G66/><T113/><D73/><U28/><E1/><V14/><F14/><W72/><G72/><T47/><D113/><U58/><E68/><V74/><F74/><W133/><G133/><T112/><D112/><U59/><E71/><V123/><F123/><W70/><G70/><T89/><D89/><U22/><E27/><V81/><F86/><W105/><G105/><T6/><D6/><U16/><E28/><V75/><F75/><W0/><G0/><T2/><D2/><U69/><E69/><V60/><F93/><W20/><G35/><N who="0" m="13355" /><D47/><U25/><E25/><AGARI ba="0,0" hai="17,23,25,40,45,50,52,53,132,134,135" m="13355" machi="25" ten="40,3900,0" yaku="20,1,54,1" doraHai="54" who="0" fromWho="1" sc="250,39,250,-39,250,0,250,0" /><INIT seed="0,1,0,1,4,55" ten="289,211,250,250" oya="0" hai0="31,97,8,106,45,25,80,10,119,50,93,133,77" hai1="9,135,84,14,103,121,87,19,51,4,29,124,57" hai2="88,46,1,102,122,48,128,22,56,49,30,54,59" hai3="5,32,131,38,99,78,40,79,62,114,63,104,105"/><T24/><D133/><U68/><E68/><V47/><F1/><W65/><G114/><T107/><D119/><U108/><E121/><V126/><F122/><W13/><G32/><T34/><D106/><U98/><E108/><V44/><F126/><W43/><G131/><T74/><D107/><U132/><E29/><V70/><F70/><W72/><G72/><T92/><D25/><U89/><E124/><V125/><F125/><W17/><G5/><T6/><D97/><U53/><E4/><V36/><F128/><W96/><G13/><T90/><D90/><U11/><E11/><V42/><F102/><W100/><G100/><T61/><D61/><U75/><E75/><V91/><F36/><W76/><G76/><T58/><D58/><N who="2" m="22058" /><F47/><W82/><G38/><T111/><D8/><U69/><E69/><V41/><F41/><W129/><G129/><T39/><D111/><U117/><E117/><V35/><F35/><W66/><G17/><T12/><D39/><U95/><REACH who="1" step="1"/><E87/><REACH who="1" ten="289,201,250,250" step="2"/><V18/><F30/><W15/><G104/><AGARI ba="1,1" hai="9,14,19,51,53,57,84,89,95,98,103,104,132,135" machi="104" ten="40,5200,0" yaku="1,1,2,1,52,1,53,0" doraHai="55" doraHaiUra="20" who="1" fromWho="3" sc="289,0,201,65,250,0,250,-55" /><INIT seed="1,0,0,4,0,1" ten="289,266,250,195" oya="1" hai0="94,23,17,52,126,111,7,84,9,57,44,72,124" hai1="99,127,55,47,63,20,29,62,16,115,80,67,13" hai2="73,48,11,18,78,132,15,103,76,130,101,87,39" hai3="121,0,31,96,10,70,5,64,108,56,81,89,19"/><U128/><E115/><V109/><F39/><W82/><G121/><T38/><D72/><U60/><E128/><V53/><F130/><W28/><G70/><T102/><D111/><U104/><E127/><V61/><F109/><W49/><G108/><T134/><D134/><U66/><E104/><V37/><F37/><W106/><G19/><T4/><D44/><U69/><E69/><V135/><F73/><W105/><G105/><T71/><D38/><U43/><E29/><V46/><F61/><W122/><G122/><T42/><D42/><U107/><E55/><V114/><F114/><W35/><G35/><T95/><D71/><U59/><E67/><V83/><REACH who="2" step="1"/><F76/><REACH who="2" ten="289,266,240,195" step="2"/><W118/><G118/><T34/><D124/><U131/><E131/><V8/><F8/><W86/><G10/><T41/><D9/><U54/><E66/><V125/><F125/><W40/><G49/><T117/><D126/><U30/><E63/><V45/><F45/><W92/><G64/><T2/><D117/><U110/><E62/><V68/><F68/><W22/><G56/><T116/><D116/><U77/><E110/><V75/><F75/><W6/><G40/><T133/><D41/><U26/><E47/><V100/><AGARI ba="0,1" hai="11,15,18,46,48,53,78,83,87,100,101,103,132,135" machi="100" ten="30,4000,0" yaku="1,1,0,1,53,1" doraHai="1" doraHaiUra="51" who="2" fromWho="2" sc="289,-10,266,-20,240,50,195,-10" /><INIT seed="2,0,0,1,1,96" ten="279,246,290,185" oya="2" hai0="121,118,105,69,108,11,94,41,64,120,107,93,44" hai1="129,71,106,1,99,58,114,48,123,46,75,30,87" hai2="23,101,0,33,25,12,82,102,77,57,67,28,73" hai3="31,91,80,86,21,7,24,92,18,45,125,32,78"/><V9/><F67/><W133/><G133/><T2/><D108/><U100/><E1/><V40/><F57/><W16/><G125/><T104/><D118/><U56/><E71/><V63/><F63/><W113/><G113/><T111/><D111/><U8/><E114/><V109/><F109/><W61/><G7/><T116/><D116/><U81/><E129/><V135/><F135/><W29/><G29/><T83/><D83/><U131/><E131/><V36/><F33/><W79/><G79/><T76/><D76/><U43/><E123/><V42/><F42/><W15/><G61/><T53/><D53/><U84/><E30/><V49/><F49/><W128/><G128/><T65/><D11/><U34/><E34/><V4/><REACH who="2" step="1"/><F12/><REACH who="2" ten="279,246,280,185" step="2"/><W37/><G45/><AGARI ba="0,1" hai="0,4,9,23,25,28,36,40,45,73,77,82,101,102" machi="45" ten="40,24000,3" yaku="1,1,2,1,25,2,52,2,53,2" doraHai="96" doraHaiUra="98" who="2" fromWho="3" sc="279,0,246,0,280,250,185,-240" owari="279,8.0,246,-15.0,530,63.0,-55,-56.0" /></mjloggm>