<mjloggm ver="2.3"><GO type="169" lobby="0"/><UN n0="%6B%75%6E%70%61%63" n1="%E3%83%88%E3%83%88%E3%83%AA%E5%85%88%E7%94%9F%31%39%E6%AD%B3" n2="%E3%81%97%E3%81%BF%73" n3="%E3%83%A4%E3%82%B3%E3%83%96%E3%82%B3%E3%83%BC%E3%82%A8%E3%83%B3" dan="16,19,17,17" rate="2125.30,2278.26,2145.43,2196.12" sx="M,F,M,M"/><TAIKYOKU oya="0"/><INIT seed="0,0,0,4,0,82" ten="250,250,250,250" oya="0" hai0="75,98,81,5,6,93,53,37,68,59,89,11,127" hai1="74,33,96,87,47,48,55,88,110,8,69,124,104" hai2="7,95,21,109,84,66,12,97,78,62,107,44,52" hai3="118,115,106,15,46,120,100,103,108,1,126,22,50"/><T112/><D68/><U51/><E33/><V20/><F107/><W41/><G1/><T17/><D112/><U14/><E74/><V67/><F109/><W134/><G108/><T122/><D122/><U56/><E69/><V18/><F7/><W79/><G118/><T131/><D131/><U58/><E110/><V29/><F29/><W83/><G115/><T0/><D127/><U31/><E31/><V60/><F60/><W102/><G126/><T77/><D37/><U2/><E2/><V32/><F32/><W26/><G134/><T24/><D6/><U9/><E124/><V28/><F28/><W64/><G64/><T36/><D36/><U116/><E116/><V92/><F21/><W40/><G15/><T80/><D80/><N who="1" m="49255" /><E104/><V19/><F19/><W65/><G65/><T114/><D114/><U72/><E72/><V133/><F133/><W91/><G106/><T13/><D24/><U3/><E3/><V73/><F73/><W117/><G117/><T10/><D59/><N who="1" m="33255" /><E96/><V4/><F97/><W45/><G120/><T61/><D61/><U27/><E27/><V119/><F62/><W54/><G26/><T135/><D135/><U101/><E101/><V38/><F38/><W43/><G79/><T76/><D76/><U23/><E23/><V129/><F119/><W90/><G22/><T86/><REACH who="0" step="1"/><D53/><REACH who="0" ten="240,250,250,250" step="2"/><N who="1" m="29951" /><E14/><V105/><F12/><W132/><G132/><T35/><D35/><U34/><E34/><V70/><F70/><W128/><G46/><T39/><D39/><U57/><AGARI ba="0,1" hai="8,9,56,57,58" m="29951,33255,49255" machi="57" ten="30,4000,0" yaku="8,1,52,1,54,1" doraHai="82" who="1" fromWho="1" sc="240,-20,250,50,250,-10,250,-10" /><INIT seed="1,0,0,4,4,37" ten="220,300,240,240" oya="1" hai0="34,19,72,128,70,47,125,107,61,15,50,86,29" hai1="89,53,110,112,66,91,4,33,101,18,32,92,63" hai2="87,57,58,9,99,115,31,111,104,97,77,124,100" hai3="109,52,26,65,17,59,82,126,12,60,13,131,3"/><U0/><E112/><V80/><F124/><W49/><G3/><T93/><D72/><U22/><E101/><V55/><F111/><W105/><G105/><T28/><D107/><U46/><E110/><V116/><F116/><W102/><G109/><T88/><D125/><U90/><E92/><V39/><F39/><W71/><G131/><T69/><D128/><U135/><E135/><V67/><F115/><W1/><G1/><T45/><D69/><U23/><E23/><V133/><F133/><W94/><G82/><T95/><D34/><U6/><E53/><V40/><F31/><W14/><G26/><T74/><D74/><U122/><E46/><V79/><F9/><W103/><G126/><T73/><D73/><U96/><E96/><V11/><F11/><W108/><G108/><T21/><D47/><U10/><E4/><V16/><F97/><W78/><G78/><T41/><REACH who="0" step="1"/><D95/><REACH who="0" ten="210,300,240,240" step="2"/><U2/><E122/><V119/><F104/><W62/><G94/><T121/><D121/><U36/><E32/><V35/><F35/><W106/><G106/><T38/><D38/><U134/><E33/><V81/><F119/><W118/><G118/><T48/><D48/><U123/><E123/><V25/><F80/><W42/><G103/><T27/><D27/><N who="1" m="14807" /><E36/><V68/><F25/><W129/><G102/><T5/><D5/><U76/><E134/><V114/><F100/><W75/><G75/><T24/><D24/><U113/><E113/><V51/><F114/><W132/><G132/><T20/><D20/><U43/><E6/><V7/><F7/><W127/><G127/><RYUUKYOKU ba="0,1" sc="210,30,300,-10,240,-10,240,-10" hai0="15,19,21,28,29,41,45,50,61,70,86,88,93" /><INIT seed="2,1,1,1,3,99" ten="240,290,230,230" oya="2" hai0="52,133,9,134,111,91,126,2,117,107,100,82,104" hai1="11,13,90,124,75,29,74,61,97,32,87,78,35" hai2="12,85,79,135,101,1,27,65,81,118,125,48,96" hai3="83,116,127,94,49,37,106,39,19,53,77,103,42"/><V60/><F1/><W95/><G116/><T112/><D112/><U129/><E129/><V68/><F135/><N who="0" m="51722" /><D117/><U57/><E124/><V84/><F125/><W8/><G127/><T128/><D126/><U113/><E113/><V93/><F118/><W59/><G106/><T46/><D111/><U21/><E21/><V98/><F12/><W80/><G80/><T63/><D128/><U86/><E86/><V38/><F38/><W3/><G3/><T119/><D119/><U72/><E78/><V24/><F48/><W16/><G42/><T23/><D23/><U41/><E41/><V45/><F45/><W105/><G105/><T67/><D67/><U30/><E35/><V132/><F132/><W62/><G39/><T33/><D33/><U51/><E51/><V130/><F130/><W64/><G37/><T7/><D100/><U89/><E32/><V0/><F0/><W6/><G103/><T18/><D18/><N who="3" m="6697" /><G8/><T123/><D123/><U114/><E114/><V15/><F15/><W88/><G77/><T50/><D63/><U122/><E122/><V28/><F28/><W73/><G73/><T70/><D70/><U58/><E30/><V25/><REACH who="2" step="1"/><F98/><REACH who="2" ten="240,290,220,230" step="2"/><W4/><G49/><T5/><D5/><N who="1" m="3311" /><E29/><V109/><F109/><W10/><G6/><T121/><D121/><U36/><E36/><V17/><F17/><W110/><G110/><T14/><D2/><U71/><E97/><V108/><F108/><W56/><G4/><T92/><D7/><U120/><E120/><V69/><F69/><W54/><G10/><T55/><D9/><U26/><E71/><RYUUKYOKU ba="1,2" sc="240,-10,290,-10,220,30,230,-10" hai2="24,25,27,60,65,68,79,81,84,85,93,96,101" /><INIT seed="2,2,2,4,2,99" ten="230,280,250,220" oya="2" hai0="28,54,9,107,36,30,1,43,61,13,66,80,4" hai1="69,113,82,41,97,57,90,58,7,60,111,112,52" hai2="10,123,134,86,117,122,92,132,29,77,39,70,81" hai3="31,135,68,126,76,125,103,95,74,3,17,16,128"/><V51/><F39/><W78/><G68/><T6/><D107/><U83/><E69/><V18/><F70/><W101/><G3/><T45/><D54/><U108/><E7/><V49/><F29/><W79/><G128/><T110/><D110/><N who="1" m="42027" /><E41/><V42/><F117/><W12/><G135/><N who="2" m="51753" /><F92/><W55/><G74/><T8/><REACH who="0" step="1"/><D80/><REACH who="0" ten="220,280,250,220" step="2"/><U33/><E83/><V32/><F42/><W85/><G55/><T59/><AGARI ba="2,3" hai="1,4,6,8,9,13,28,30,36,43,45,59,61,66" machi="59" ten="20,5200,0" yaku="1,1,2,1,0,1,7,1,53,0" doraHai="99" doraHaiUra="127" who="0" fromWho="0" sc="220,88,280,-15,250,-28,220,-15" /><INIT seed="3,0,0,4,3,26" ten="308,265,222,205" oya="3" hai0="106,95,2,10,35,102,7,107,123,44,124,37,130" hai1="69,82,68,97,20,131,29,4,24,121,65,49,83" hai2="50,11,13,72,43,63,129,132,90,84,76,47,73" hai3="61,116,56,8,92,88,128,3,91,55,33,41,115"/><W86/><G116/><T109/><D123/><U57/><E121/><V79/><F132/><W51/><G115/><T40/><D109/><U75/><E131/><V38/><F129/><W27/><G128/><T59/><D130/><U62/><E4/><V53/><F63/><W126/><G126/><T21/><D124/><U74/><E82/><V12/><F73/><W48/><G41/><T70/><D70/><U16/><E49/><V5/><F72/><W9/><G3/><T125/><D125/><U66/><E66/><V113/><F13/><W17/><G51/><T81/><D35/><U46/><E46/><V1/><F1/><W18/><G18/><T96/><D59/><U120/><E120/><V108/><F108/><W34/><G34/><T89/><D21/><U98/><E75/><V52/><F113/><W103/><G103/><T134/><D134/><U54/><E16/><V100/><F100/><W87/><G61/><T101/><D101/><U110/><E110/><V99/><F99/><W119/><G119/><T0/><D0/><U94/><E54/><N who="2" m="21099" /><F38/><W118/><G118/><T39/><D39/><U6/><E6/><V85/><F85/><W67/><G67/><T112/><D112/><U23/><E97/><V58/><F58/><W25/><G33/><T71/><D71/><U32/><E69/><V93/><AGARI ba="0,0" hai="5,11,12,43,47,50,76,79,84,90,93" m="21099" machi="93" ten="30,2000,0" yaku="8,1,54,1" doraHai="26" who="2" fromWho="2" sc="308,-5,265,-5,222,20,205,-10" /><INIT seed="4,0,0,3,4,43" ten="303,260,242,195" oya="0" hai0="74,115,109,52,133,61,63,126,34,23,41,102,19" hai1="85,35,112,104,125,130,38,44,70,50,31,68,55" hai2="100,62,90,121,77,21,48,47,7,66,37,119,5" hai3="29,113,84,92,2,128,118,96,107,87,86,127,89"/><T105/><D34/><U36/><E104/><V53/><F121/><W22/><G2/><T129/><D74/><U54/><E35/><V132/><F132/><W64/><G64/><T13/><D133/><U69/><E31/><V114/><F114/><W94/><G29/><T99/><D115/><U16/><E112/><V120/><F37/><N who="1" m="14441" /><E85/><N who="3" m="32874" /><G22/><T60/><D129/><U51/><E16/><V27/><F77/><W122/><G113/><T6/><D126/><U117/><E117/><V45/><F100/><N who="3" m="62855" /><G118/><T135/><D135/><U97/><E97/><V32/><F32/><W124/><G128/><T103/><D103/><U76/><E76/><V3/><F3/><W134/><G134/><T83/><D109/><U75/><E75/><V25/><F25/><W1/><G1/><T72/><D41/><U88/><E88/><V73/><F73/><W30/><G30/><T49/><D6/><U14/><E14/><V39/><F5/><W24/><G24/><T28/><D28/><U78/><E78/><V46/><F7/><W67/><G67/><T93/><D105/><U58/><E130/><V106/><F106/><W8/><G8/><T9/><D9/><U57/><E125/><N who="3" m="48202" /><G122/><T108/><D108/><U98/><E98/><V81/><F120/><W20/><G20/><T95/><D72/><U71/><E71/><V40/><F119/><W80/><AGARI ba="0,0" hai="80,87,89,92,94" m="48202,62855,32874" machi="80" ten="30,4000,0" yaku="18,1,34,2" doraHai="43" who="3" fromWho="3" sc="303,-20,260,-10,242,-10,195,40" /><INIT seed="5,0,0,2,4,103" ten="283,250,232,235" oya="1" hai0="18,49,6,30,78,11,14,4,26,17,3,65,19" hai1="101,56,96,83,31,132,87,8,57,135,10,113,106" hai2="66,126,125,129,79,124,127,29,110,71,61,5,39" hai3="97,111,134,91,15,74,75,42,32,55,92,21,50"/><U118/><E118/><V89/><F39/><W62/><G32/><T45/><D65/><U35/><E113/><V116/><F116/><W64/><G111/><T131/><D78/><U130/><E130/><V34/><F110/><W105/><G134/><N who="1" m="51242" /><E31/><V28/><F129/><W12/><G42/><T117/><D117/><U133/><E35/><V38/><F38/><W67/><G67/><T114/><D49/><U2/><N who="1" m="51250" /><U70/><DORA hai="9" /><E70/><V82/><F34/><W108/><G108/><T0/><D45/><U1/><E8/><V102/><F5/><N who="0" m="2154" /><D131/><U95/><E10/><V93/><F102/><W27/><G105/><T37/><D37/><U109/><E95/><V100/><F100/><W85/><G75/><T63/><D63/><U20/><E20/><V36/><N who="2" m="32256" /><DORA hai="80" /><V69/><F36/><W13/><G97/><T72/><D72/><U60/><E109/><V81/><F71/><W22/><G74/><T51/><D51/><U115/><E115/><V122/><F122/><W120/><G120/><T88/><D114/><U98/><E98/><N who="2" m="57647" /><F82/><W99/><G99/><T104/><D104/><U43/><E43/><V7/><F7/><W58/><REACH who="3" step="1"/><G27/><REACH who="3" ten="283,250,232,225" step="2"/><T46/><D26/><U24/><E24/><V25/><F25/><W16/><G16/><T59/><D18/><U54/><E106/><V86/><AGARI ba="0,1" hai="28,29,61,66,69,79,81,86" m="57647,32256" machi="86" ten="60,4000,0" yaku="18,1,52,1" doraHai="103,9,80" who="2" fromWho="2" sc="283,-10,250,-20,232,50,225,-10" /><INIT seed="6,0,0,1,0,88" ten="273,230,282,215" oya="2" hai0="19,66,9,70,105,127,112,51,86,44,126,107,68" hai1="128,57,28,122,3,29,27,115,65,60,117,78,1" hai2="45,13,110,96,108,33,10,47,131,18,89,21,54" hai3="39,61,118,97,32,11,98,71,99,102,101,42,43"/><V87/><F33/><W59/><G118/><T12/><D112/><U114/><E117/><V83/><F131/><W91/><G71/><N who="0" m="27179" /><D66/><U100/><E128/><V4/><F96/><W6/><G32/><T67/><D67/><U129/><E129/><V40/><F54/><W17/><G17/><T16/><D19/><U90/><E122/><V20/><F20/><W69/><G69/><T49/><D86/><U104/><E78/><V76/><F89/><W0/><G91/><T106/><D44/><U125/><E125/><AGARI ba="0,0" hai="9,12,16,49,51,105,106,107,125,126,127" m="27179" machi="125" ten="40,2600,0" yaku="18,1,54,1" doraHai="88" who="0" fromWho="1" sc="273,26,230,-26,282,0,215,0" /><INIT seed="7,0,0,1,1,5" ten="299,204,282,215" oya="3" hai0="92,2,121,114,37,18,83,107,133,55,41,109,103" hai1="44,120,4,58,36,82,113,14,34,61,86,35,60" hai2="131,94,110,130,27,31,117,102,129,77,96,42,54" hai3="40,111,93,28,72,8,85,128,26,132,13,89,0"/><W53/><G0/><T73/><D2/><U105/><E120/><V15/><F117/><W97/><G72/><T17/><D121/><U115/><E105/><V57/><F110/><W71/><G71/><T68/><D109/><U7/><E36/><V46/><F77/><W108/><G128/><T106/><D68/><U9/><E44/><V79/><F79/><W75/><G75/><T62/><D37/><U25/><E4/><V49/><F15/><W100/><G132/><T119/><D119/><U116/><E116/><V84/><F84/><W56/><G40/><T21/><D41/><U87/><E60/><V1/><F1/><W99/><G111/><T66/><D66/><U70/><E70/><V48/><REACH who="2" step="1"/><F131/><REACH who="2" ten="299,204,272,215" step="2"/><W47/><G108/><T69/><D73/><U127/><E127/><V29/><F29/><W11/><G13/><T88/><D114/><N who="1" m="43531" /><E25/><V91/><F91/><W118/><G118/><T78/><D88/><N who="1" m="51287" /><E87/><V43/><F43/><W125/><G125/><T98/><D78/><U59/><E59/><V64/><F64/><AGARI ba="0,1" hai="7,9,14,34,35,58,61,64" m="51287,43531" machi="64" ten="30,3900,0" yaku="15,1,52,1,54,1" doraHai="5" who="1" fromWho="2" sc="299,0,204,49,272,-39,215,0" /><INIT seed="8,0,0,3,4,97" ten="299,253,233,215" oya="0" hai0="75,0,31,118,73,53,18,5,27,114,57,70,115" hai1="71,37,2,7,98,131,116,34,19,91,40,63,93" hai2="120,65,14,96,49,74,50,111,85,77,128,125,44" hai3="87,21,47,52,8,1,104,42,108,106,46,48,92"/><T81/><D70/><U3/><E116/><V100/><F74/><W55/><G108/><T109/><D109/><U129/><E34/><V88/><F111/><W95/><G1/><T130/><D118/><U45/><E7/><V80/><F120/><W38/><G8/><N who="0" m="2087" /><D18/><U135/><E135/><V23/><F65/><W105/><G55/><T69/><D69/><U36/><E36/><V133/><F128/><N who="1" m="49225" /><E19/><N who="2" m="10743" /><F125/><W124/><G124/><T4/><D4/><U78/><E78/><V89/><F133/><W122/><G122/><T41/><D130/><U24/><E24/><V28/><F28/><W51/><G38/><T60/><D81/><U76/><E76/><V61/><F61/><W20/><REACH who="3" step="1"/><G95/><REACH who="3" ten="299,253,233,205" step="2"/><T35/><D115/><U82/><E3/><V99/><F50/><W32/><G32/><T10/><D114/><U66/><E2/><V33/><F33/><W101/><G101/><T123/><D123/><U30/><E93/><N who="2" m="58383" /><F99/><W17/><G17/><T25/><D10/><U86/><E98/><V68/><F68/><W22/><G22/><T113/><D113/><U11/><E11/><V15/><F15/><W13/><G13/><T6/><D6/><U132/><E132/><V39/><F39/><W112/><G112/><T72/><D25/><U26/><E26/><V134/><F134/><W119/><G119/><T16/><D16/><U58/><E71/><V62/><F62/><W121/><G121/><T102/><D102/><U103/><E103/><V127/><F127/><W9/><G9/><T79/><D79/><U117/><E117/><V12/><F12/><W84/><G84/><RYUUKYOKU ba="0,1" sc="299,0,253,0,233,0,205,0" hai0="27,31,35,41,53,57,60,72,73,75" hai1="30,37,40,45,58,63,66,82,86,91" hai2="44,49,77,80,85,88,89" hai3="20,21,42,46,47,48,51,52,87,92,104,105,106" /><INIT seed="8,1,1,2,5,16" ten="299,253,233,205" oya="0" hai0="74,61,67,133,3,70,77,128,2,50,53,83,134" hai1="7,104,110,11,105,135,75,8,82,10,123,25,23" hai2="0,131,6,78,85,59,14,121,115,42,107,13,19" hai3="39,62,69,80,129,103,63,49,41,93,98,12,37"/><T125/><D125/><U28/><E110/><V81/><F107/><W72/><G129/><T65/><D65/><U35/><E123/><V45/><F121/><W27/><G69/><T112/><D112/><U99/><E135/><N who="0" m="51721" /><D128/><U95/><E7/><V109/><F0/><W87/><G72/><T117/><D117/><U20/><E82/><V86/><F109/><W114/><G114/><T21/><D21/><U73/><E73/><V44/><F44/><AGARI ba="1,1" hai="2,3,44,50,53,61,67,70,74,77,83" m="51721" machi="44" ten="30,1500,0" yaku="20,1" doraHai="16" who="0" fromWho="2" sc="299,28,253,0,233,-18,205,0" owari="327,42.0,253,5.0,215,-18.0,205,-29.0" /></mjloggm>