<mjloggm ver="2.3"><GO type="169" lobby="0"/><UN n0="%E3%82%A2%E3%83%B3%E3%81%93%E3%81%B3" n1="%66%61%6E%73%74%65%70" n2="%E3%83%88%E3%83%88%E3%83%AA%E5%85%88%E7%94%9F%31%39%E6%AD%B3" n3="%E3%81%93%E3%83%BC%E3%82%81%E3%83%BC%E3%81%95%E3%82%93%32%E5%8F%B7" dan="16,17,19,16" rate="2048.40,2208.08,2313.47,2052.98" sx="F,M,F,M"/><TAIKYOKU oya="0"/><INIT seed="0,0,0,3,5,70" ten="250,250,250,250" oya="0" hai0="75,125,97,64,50,71,112,23,73,29,69,19,7" hai1="22,11,17,90,26,105,40,122,134,131,77,76,101" hai2="25,47,41,66,3,36,95,37,35,117,46,89,78" hai3="130,45,116,104,92,99,59,18,96,113,5,15,121"/><T62/><D112/><U80/><E122/><V57/><F3/><W67/><G116/><T30/><D125/><U28/><E131/><V39/><F117/><W126/><G113/><T111/><D7/><U86/><E134/><V115/><F115/><W98/><G126/><T51/><D111/><U65/><E65/><V52/><F66/><W108/><G104/><T2/><D2/><U58/><E40/><V32/><F78/><W82/><G5/><T88/><D71/><U21/><E11/><V118/><F118/><W109/><G130/><T83/><D73/><U129/><E129/><V107/><F107/><W84/><G45/><T8/><D8/><U68/><E68/><V38/><F46/><W135/><G135/><T127/><D127/><U91/><E91/><V93/><F25/><W72/><G72/><T102/><D102/><U14/><REACH who="1" step="1"/><E58/><REACH who="1" ten="250,240,250,250" step="2"/><V44/><F44/><W9/><G121/><T53/><D88/><U48/><E48/><V54/><F54/><W6/><G59/><T33/><D51/><U60/><E60/><V55/><F55/><W61/><G61/><T42/><D42/><U27/><E27/><V20/><F89/><N who="3" m="51351" /><G67/><T63/><D63/><U120/><E120/><V13/><F52/><W132/><G132/><T56/><D53/><U74/><E74/><V49/><F57/><W16/><G92/><N who="2" m="35401" /><F49/><W81/><G81/><T4/><D50/><U87/><E87/><V24/><F24/><W1/><G108/><T100/><D56/><U110/><E110/><V133/><F133/><W106/><G109/><T123/><D123/><U31/><E31/><RYUUKYOKU ba="0,1" sc="250,-15,240,15,250,15,250,-15" hai1="14,17,21,22,26,28,76,77,80,86,90,101,105" hai2="13,20,32,35,36,37,38,39,41,47" /><INIT seed="1,1,1,3,2,97" ten="235,255,265,235" oya="1" hai0="132,14,92,36,73,94,46,28,13,67,78,72,124" hai1="37,83,127,84,126,9,95,56,111,110,22,112,64" hai2="85,34,24,40,38,108,109,4,49,77,32,96,60" hai3="101,63,118,39,93,75,17,130,82,68,50,71,61"/><U1/><E37/><V42/><F38/><W20/><G39/><T86/><D28/><U81/><E112/><V99/><F4/><W52/><G118/><T120/><D120/><U59/><E22/><V12/><F12/><W89/><G130/><T100/><D132/><U8/><E95/><V19/><F60/><W0/><G0/><T80/><D67/><U113/><E113/><V128/><F128/><W15/><G71/><T45/><D124/><N who="1" m="47659" /><E64/><V48/><F85/><W66/><G75/><T104/><D104/><U6/><E9/><V121/><F77/><W33/><G33/><T55/><D36/><U10/><E10/><V43/><F43/><W69/><G69/><T106/><D106/><U2/><E2/><V125/><F125/><W70/><G70/><T29/><D29/><U123/><E123/><V3/><F3/><W107/><G82/><N who="1" m="31242" /><E84/><V91/><F121/><W134/><G134/><T105/><D105/><U18/><E18/><V47/><F19/><W16/><G17/><T116/><D94/><U31/><E31/><V76/><F76/><W65/><G65/><T21/><D73/><U23/><E23/><V79/><F79/><W129/><G129/><T58/><D72/><U74/><E74/><V41/><F91/><W11/><G11/><T7/><D21/><U115/><E115/><V53/><F24/><W62/><G89/><T54/><D7/><U133/><E133/><V122/><F122/><W5/><G5/><T51/><D92/><U26/><E26/><V27/><F27/><W98/><G93/><T35/><D13/><U102/><E102/><RYUUKYOKU ba="1,1" sc="235,-15,255,15,265,-15,235,15" hai1="1,6,8,56,59,110,111" hai3="15,16,20,50,52,61,62,63,66,68,98,101,107" /><INIT seed="1,2,1,0,3,112" ten="220,270,250,250" oya="1" hai0="111,104,73,84,46,10,59,6,77,47,34,101,36" hai1="55,81,97,39,74,42,110,109,62,87,121,120,117" hai2="134,11,16,98,60,17,119,68,85,135,8,29,24" hai3="51,22,131,23,13,20,43,33,25,76,41,78,106"/><U54/><E74/><V108/><F108/><N who="1" m="41577" /><E97/><V48/><F119/><W102/><G106/><T99/><D111/><U21/><E21/><V70/><F48/><W31/><G131/><T129/><D129/><U56/><E87/><V113/><F113/><W67/><G67/><T118/><D118/><U91/><E91/><V49/><F49/><W122/><G122/><N who="1" m="47210" /><E81/><V133/><F60/><W123/><G102/><T88/><D34/><U116/><E55/><V15/><F85/><W37/><G123/><T79/><D73/><U53/><E53/><V65/><F98/><W83/><G78/><T90/><D90/><U2/><E2/><V69/><F65/><W45/><G13/><T80/><D77/><U38/><E38/><V64/><F64/><W40/><REACH who="3" step="1"/><G37/><REACH who="3" ten="220,270,250,240" step="2"/><T96/><D36/><U4/><E4/><N who="2" m="3463" /><F11/><W30/><G30/><T86/><D10/><U19/><E19/><V58/><F17/><W52/><G52/><T72/><D6/><U57/><E57/><V14/><F58/><W7/><G7/><T128/><D128/><U28/><E28/><V126/><F16/><W124/><G124/><T92/><D59/><U50/><E39/><V94/><F14/><W125/><G125/><T18/><D18/><U93/><E93/><V9/><F126/><W82/><G82/><T105/><D105/><U5/><E5/><V115/><F9/><W71/><G71/><N who="2" m="18177" /><V0/><DORA hai="3" /><F115/><W100/><G100/><T66/><D66/><U1/><E1/><V26/><F0/><W27/><G27/><N who="2" m="10281" /><F29/><W132/><G132/><N who="2" m="33793" /><V89/><DORA hai="32" /><F94/><W107/><G107/><RYUUKYOKU ba="2,2" sc="220,0,270,0,250,0,240,0" hai0="46,47,72,79,80,84,86,88,92,96,99,101,104" hai1="42,50,54,56,62,116,117" hai2="89" hai3="20,22,23,25,31,33,40,41,43,45,51,76,83" /><INIT seed="1,3,2,2,1,16" ten="220,270,250,240" oya="1" hai0="71,132,124,0,92,128,122,110,12,47,105,96,118" hai1="20,21,83,90,66,36,114,63,73,51,129,121,37" hai2="41,30,39,6,94,99,112,61,11,35,48,85,113" hai3="52,102,117,59,14,104,93,54,70,75,81,34,116"/><U56/><E73/><V101/><F39/><W65/><G34/><T10/><RYUUKYOKU type="yao9" ba="3,2" sc="220,0,270,0,250,0,240,0" hai0="0,10,12,47,71,92,96,105,110,118,122,124,128,132" /><INIT seed="1,4,2,0,4,8" ten="220,270,250,240" oya="1" hai0="59,24,89,129,27,99,106,60,93,81,54,119,91" hai1="41,68,61,62,115,42,96,21,102,94,65,78,50" hai2="128,49,121,5,103,52,127,14,48,31,28,116,63" hai3="26,23,79,118,53,30,6,87,82,114,43,2,109"/><U124/><E115/><V105/><F116/><W51/><G114/><T74/><D119/><U57/><E124/><V95/><F121/><W38/><G118/><T39/><D39/><U45/><E78/><V104/><F127/><W85/><G109/><T117/><D117/><U92/><E21/><V88/><F128/><W40/><G38/><T135/><D129/><U12/><E12/><V90/><F104/><W77/><G2/><T56/><D106/><U112/><E112/><V123/><F105/><W108/><G108/><T46/><D46/><U67/><E94/><V17/><F5/><W13/><G77/><T100/><D135/><U113/><E113/><V55/><F63/><W126/><G126/><T15/><D59/><U25/><E25/><N who="0" m="9801" /><D74/><U18/><E18/><V11/><F103/><W133/><G85/><N who="0" m="50351" /><D15/><U58/><E68/><V22/><F123/><W70/><G70/><T71/><D71/><U122/><E122/><V98/><F90/><AGARI ba="4,2" hai="54,56,60,90,91,93,99,100" m="50351,9801" machi="90" ten="30,1000,0" yaku="8,1" doraHai="8" who="0" fromWho="2" sc="220,42,270,0,250,-22,240,0" /><INIT seed="2,0,0,0,0,46" ten="262,270,228,240" oya="2" hai0="85,40,87,125,21,71,64,35,56,76,105,27,9" hai1="69,101,113,47,126,25,49,0,80,77,11,92,121" hai2="132,1,3,127,14,62,79,44,104,12,37,8,86" hai3="57,120,134,32,124,41,31,26,70,50,95,78,63"/><V93/><F104/><W131/><G120/><T67/><D35/><U94/><E121/><V118/><F118/><W43/><G124/><T36/><D105/><U109/><E69/><V4/><F127/><W58/><G70/><T19/><D125/><U2/><E126/><V123/><F123/><W5/><G131/><T103/><D103/><U42/><E113/><V53/><F132/><W112/><G134/><T89/><D71/><U129/><E129/><V28/><F28/><W6/><G78/><T130/><D130/><U114/><E114/><V99/><F3/><W84/><G112/><T51/><D9/><U107/><E107/><V116/><F116/><W17/><G17/><T59/><D36/><U16/><E109/><V45/><F86/><W96/><G84/><T81/><D64/><U91/><E101/><V111/><F79/><W100/><G57/><T72/><D67/><U110/><E110/><V97/><F97/><W18/><G18/><T61/><D61/><U128/><E128/><V52/><F111/><W23/><G32/><T135/><D72/><U108/><E108/><V75/><F75/><W106/><G106/><T39/><D39/><U115/><E115/><V48/><F62/><W30/><G30/><T13/><D135/><U88/><E0/><V34/><F34/><W73/><G73/><T119/><D119/><U24/><E2/><V122/><F122/><W22/><G22/><T82/><D13/><N who="2" m="5226" /><F37/><W98/><G98/><T74/><D74/><U68/><E77/><V7/><F1/><W102/><G102/><T20/><D20/><U55/><E68/><RYUUKYOKU ba="0,0" sc="262,30,270,-10,228,-10,240,-10" hai0="19,21,27,40,51,56,59,76,81,82,85,87,89" /><INIT seed="3,1,0,5,4,58" ten="292,260,218,230" oya="3" hai0="121,85,106,128,19,22,55,74,84,123,119,100,91" hai1="16,44,14,101,38,111,107,47,24,34,68,72,53" hai2="116,118,10,62,134,98,77,125,12,81,3,5,89" hai3="115,124,61,23,93,76,73,45,95,70,112,18,103"/><W41/><G124/><T63/><D119/><U64/><E72/><V126/><F134/><W6/><G6/><T25/><D74/><U54/><E111/><V11/><F89/><W57/><G70/><T75/><D75/><U48/><E107/><V129/><F98/><W80/><G103/><T13/><D128/><U26/><E101/><V114/><F81/><W15/><G45/><T2/><D2/><U28/><E26/><V52/><F77/><W78/><G78/><T60/><D55/><U96/><E96/><V86/><F86/><W90/><G41/><T40/><D40/><U132/><E132/><V42/><F42/><W65/><REACH who="3" step="1"/><G95/><REACH who="3" ten="292,260,218,220" step="2"/><T36/><D100/><U105/><E105/><V9/><F125/><W127/><G127/><T113/><D106/><U4/><E4/><V27/><F126/><W94/><G94/><T97/><D123/><U117/><E117/><V49/><F118/><W35/><G35/><T79/><D79/><U33/><E33/><V37/><F116/><W131/><G131/><T66/><D121/><U122/><E122/><V39/><F129/><W102/><G102/><T31/><D36/><U32/><E38/><V99/><F39/><W69/><G69/><T108/><D108/><U104/><E34/><V56/><F37/><W82/><G82/><T0/><D113/><U50/><E104/><V21/><F114/><W7/><G7/><T20/><D0/><U83/><E83/><V120/><F3/><W17/><G17/><T59/><D19/><U1/><E1/><V30/><F120/><W135/><G135/><T43/><D43/><RYUUKYOKU ba="1,1" sc="292,-10,260,-10,218,-10,220,30" hai3="15,18,23,57,61,65,73,76,80,90,93,112,115" /><INIT seed="3,2,1,2,0,10" ten="282,250,208,250" oya="3" hai0="25,19,17,124,83,52,54,35,127,72,14,135,66" hai1="80,59,32,126,5,81,131,21,1,60,95,125,61" hai2="58,71,43,20,121,115,47,50,90,133,31,100,55" hai3="11,92,134,63,132,62,7,104,49,123,37,64,27"/><W34/><G104/><T130/><D135/><N who="3" m="51753" /><G37/><T77/><D130/><U113/><E32/><V75/><F133/><W0/><G123/><T28/><D66/><U41/><E131/><V94/><F115/><W110/><G49/><T111/><D111/><U45/><E113/><V119/><F119/><W88/><G110/><T117/><D117/><U30/><E60/><V97/><F75/><W112/><G112/><T114/><D114/><U108/><E108/><V36/><F121/><W122/><G122/><T42/><D42/><U24/><E95/><V40/><F40/><W48/><G48/><T44/><D44/><U99/><E99/><V57/><F57/><W9/><G9/><N who="0" m="6351" /><D19/><U128/><E5/><V106/><F71/><W89/><G92/><T116/><D116/><U84/><E1/><V26/><REACH who="2" step="1"/><F106/><REACH who="2" ten="282,250,198,250" step="2"/><W78/><G63/><T39/><D39/><U96/><E128/><V91/><AGARI ba="2,2" hai="20,26,31,36,43,47,50,55,58,90,91,94,97,100" machi="91" ten="30,4000,0" yaku="1,1,2,1,0,1,53,0" doraHai="10" doraHaiUra="13" who="2" fromWho="2" sc="282,-12,250,-12,198,66,250,-22" /><INIT seed="4,0,0,1,3,59" ten="270,238,264,228" oya="0" hai0="36,117,66,91,119,34,62,110,83,87,7,42,101" hai1="81,33,20,85,2,123,75,58,74,32,67,103,115" hai2="86,98,53,96,37,29,93,120,109,0,46,1,35" hai3="95,104,10,69,77,56,112,121,60,6,68,15,99"/><T30/><D110/><U72/><E123/><V118/><F109/><W44/><G104/><T31/><D7/><U9/><E103/><V88/><F120/><W14/><G121/><T27/><D101/><U64/><E20/><V47/><F118/><W107/><G107/><T102/><D102/><U55/><E115/><V38/><F29/><W51/><G77/><T105/><D105/><U89/><E2/><V127/><F127/><W48/><G48/><T94/><D31/><U41/><E41/><V122/><F122/><W125/><G125/><T28/><D28/><U21/><E9/><V90/><F53/><W130/><G130/><T97/><D42/><U84/><E21/><V111/><F111/><W80/><G80/><T54/><D54/><U108/><E85/><V92/><REACH who="2" step="1"/><F86/><REACH who="2" ten="270,238,254,228" step="2"/><W16/><G112/><T63/><D117/><U45/><E108/><V132/><F132/><W8/><G51/><T4/><D119/><U106/><E106/><V100/><F100/><W134/><G134/><T5/><D36/><U19/><E75/><V116/><F116/><W133/><G133/><T71/><D87/><U57/><E74/><V25/><F25/><W23/><G44/><T52/><REACH who="0" step="1"/><D83/><REACH who="0" ten="260,238,254,228" step="2"/><U78/><E72/><V126/><F126/><W12/><G95/><T18/><D18/><U73/><E19/><V22/><F22/><W49/><G23/><T43/><D43/><U128/><E73/><V82/><F82/><W135/><G16/><T11/><D11/><U70/><E81/><V17/><F17/><W39/><G8/><T124/><D124/><U26/><E84/><RYUUKYOKU ba="0,2" sc="260,15,238,-15,254,15,228,-15" hai0="4,5,27,30,34,52,62,63,66,71,91,94,97" hai2="0,1,35,37,38,46,47,88,90,92,93,96,98" /><INIT seed="4,1,2,4,0,57" ten="275,223,269,213" oya="0" hai0="6,18,33,118,114,3,10,11,19,41,106,17,131" hai1="107,134,69,30,135,108,48,53,105,0,49,47,125" hai2="37,63,58,73,31,38,89,52,62,99,133,132,55" hai3="9,65,101,15,103,129,59,84,36,2,72,32,88"/><T122/><D106/><U130/><E0/><V93/><F73/><W83/><G32/><T92/><D41/><U127/><E69/><V44/><F31/><W61/><G129/><T5/><D92/><U113/><E108/><V102/><F102/><W76/><G36/><T86/><D86/><U100/><E130/><V81/><F81/><W64/><G2/><N who="0" m="311" /><D122/><U29/><E100/><V28/><F28/><N who="1" m="10857" /><E113/><V75/><F75/><W95/><REACH who="3" step="1"/><G65/><REACH who="3" ten="275,223,269,203" step="2"/><T112/><D131/><U120/><E120/><V67/><F37/><W117/><G117/><T121/><D121/><U4/><E127/><V27/><F38/><W14/><G14/><T87/><D33/><U70/><E125/><V77/><F27/><W91/><G91/><T90/><D118/><U54/><E107/><V126/><F126/><W51/><G51/><T22/><D112/><U60/><E105/><V26/><F26/><W43/><G43/><T8/><D114/><U78/><E49/><N who="2" m="28711" /><F67/><W23/><G23/><T68/><D22/><U1/><E1/><V109/><F109/><W50/><G50/><T104/><D104/><U123/><E123/><V40/><F40/><W45/><G45/><T80/><D8/><U124/><E124/><V71/><F77/><W56/><G56/><T35/><D35/><U13/><E78/><V97/><F71/><W116/><G116/><T119/><D119/><U34/><E34/><V128/><F128/><W46/><G46/><T98/><D68/><U7/><E13/><V20/><F20/><W42/><G42/><T25/><D25/><U24/><E24/><V94/><F58/><RYUUKYOKU ba="1,3" sc="275,15,223,-15,269,-15,203,15" hai0="3,6,11,17,18,19,80,87,90,98" hai3="9,15,59,61,64,72,76,83,84,88,95,101,103" /><INIT seed="4,2,3,0,4,80" ten="290,208,254,218" oya="0" hai0="69,35,49,82,59,66,117,62,2,134,53,89,12" hai1="43,90,60,3,75,61,83,36,24,30,97,126,76" hai2="74,132,124,88,102,98,79,42,7,95,135,106,21" hai3="105,20,104,23,131,120,34,0,94,91,71,32,101"/><T33/><D117/><U15/><E126/><V4/><F124/><W84/><G0/><T127/><D2/><U128/><E128/><V38/><F21/><W65/><G131/><T96/><D127/><U122/><E122/><V18/><F18/><W64/><G34/><T29/><D134/><N who="2" m="51242" /><F79/><W39/><G39/><T13/><D29/><U40/><E15/><V123/><F74/><W109/><G109/><T81/><D35/><U52/><E3/><V17/><F17/><W44/><G32/><T54/><D33/><U48/><E97/><N who="2" m="61775" /><F123/><W41/><G105/><T103/><D13/><U129/><E129/><V77/><F77/><W113/><G113/><T114/><D114/><U10/><E10/><V115/><F115/><W85/><G104/><T31/><D12/><U118/><E118/><V121/><F121/><W67/><G71/><T133/><D31/><U1/><E1/><V5/><F42/><W112/><G101/><T72/><D72/><U56/><E43/><V51/><F51/><N who="3" m="27023" /><G112/><T111/><D133/><U57/><E30/><V6/><N who="2" m="1024" /><DORA hai="86" /><V87/><F98/><N who="3" m="57695" /><G120/><T68/><D103/><U63/><E24/><V92/><F92/><W50/><G50/><T110/><D49/><U125/><E125/><V37/><AGARI ba="2,3" hai="37,38,87,88,95" m="1024,61775,51242" machi="37" ten="50,8000,1" yaku="20,1,52,2,54,1" doraHai="80,86" who="2" fromWho="2" sc="290,-42,208,-22,254,116,218,-22" /><INIT seed="5,0,0,5,4,92" ten="248,186,370,196" oya="1" hai0="113,69,75,124,76,127,135,95,3,58,23,106,111" hai1="73,130,12,47,100,20,78,42,27,61,125,96,30" hai2="114,18,38,107,132,37,8,126,60,74,71,77,109" hai3="99,66,44,11,10,7,119,57,63,123,14,88,1"/><U45/><E130/><V105/><F109/><W43/><G123/><T55/><D106/><N who="2" m="40458" /><F18/><W54/><G119/><T121/><D135/><U17/><E125/><V29/><F8/><W39/><G66/><T116/><D113/><U31/><E47/><V101/><F101/><W21/><G21/><T80/><D116/><U87/><E73/><V0/><F0/><W120/><G120/><T94/><D111/><U102/><E102/><V115/><F29/><W129/><G129/><T48/><D121/><U83/><E61/><V70/><F132/><W25/><G25/><T36/><D36/><N who="2" m="13930" /><F126/><N who="0" m="48170" /><D3/><U108/><E108/><V2/><F2/><W81/><G81/><T28/><D69/><N who="2" m="26122" /><F60/><W26/><G26/><AGARI ba="0,0" hai="23,26,28,48,55,58,75,76,80,94,95" m="48170" machi="26" ten="30,1000,0" yaku="18,1" doraHai="92" who="0" fromWho="3" sc="248,10,186,0,370,0,196,-10" /><INIT seed="6,0,0,2,3,23" ten="258,186,370,186" oya="2" hai0="67,102,120,119,54,61,26,36,135,44,31,37,122" hai1="6,130,123,55,90,4,83,121,108,105,40,16,3" hai2="117,34,92,80,103,87,12,46,91,11,30,70,100" hai3="21,134,81,71,53,38,112,14,75,106,104,66,63"/><V7/><F117/><W126/><G134/><T125/><D135/><U5/><E105/><V111/><F111/><W96/><G126/><T116/><D125/><U22/><E40/><V48/><F70/><W127/><G38/><T97/><D120/><N who="1" m="46155" /><E108/><V50/><F30/><W43/><G43/><T45/><D122/><U79/><E90/><V82/><F34/><W93/><G127/><T0/><D0/><U59/><BYE who="2" /><E130/><V115/><F115/><W107/><G112/><T131/><D131/><U84/><E3/><UN n2="%E3%83%88%E3%83%88%E3%83%AA%E5%85%88%E7%94%9F%31%39%E6%AD%B3" /><V88/><F82/><W8/><G53/><T19/><D19/><U62/><E6/><V25/><F25/><AGARI ba="0,0" hai="4,5,16,22,25,55,59,62,79,83,84" m="46155" machi="25" ten="30,3900,0" yaku="13,1,52,1,54,1" doraHai="23" who="1" fromWho="2" sc="258,0,186,39,370,-39,186,0" /><INIT seed="7,0,0,2,3,81" ten="258,225,331,186" oya="3" hai0="60,118,94,107,1,125,129,132,120,14,4,43,40" hai1="111,90,103,57,79,85,46,117,114,123,39,64,2" hai2="51,128,16,84,11,86,23,42,62,48,44,71,127" hai3="26,66,10,61,126,45,105,34,27,58,37,6,24"/><W78/><G126/><T29/><D1/><U115/><E2/><V19/><F127/><W47/><G105/><T12/><D107/><U35/><E35/><V76/><F128/><W100/><G100/><T92/><D118/><U133/><E64/><V5/><F76/><W119/><G119/><T22/><D120/><U93/><E57/><V74/><F74/><W38/><G34/><T41/><D129/><U101/><E39/><V96/><F96/><W56/><G78/><T75/><D75/><U15/><E15/><N who="2" m="5615" /><F71/><W108/><G108/><T82/><D82/><N who="1" m="47327" /><E46/><N who="2" m="25687" /><F62/><W99/><G99/><T106/><D60/><U30/><E117/><V122/><F19/><W25/><N who="3" m="6144" /><DORA hai="18" /><W32/><G32/><T134/><D125/><U49/><E49/><V28/><F28/><W68/><G45/><T131/><D29/><U63/><E63/><V31/><F31/><W110/><G110/><T20/><D131/><U7/><E7/><V130/><F122/><W54/><G54/><T65/><D65/><U102/><E30/><V52/><F130/><W72/><G72/><T104/><D40/><U112/><E123/><V97/><F97/><W109/><G109/><T55/><D55/><U13/><E13/><AGARI ba="0,0" hai="13,16,23,44,51,52,84,86" m="25687,5615" machi="13" ten="30,12000,2" yaku="8,1,52,3,54,2" doraHai="81,18" who="2" fromWho="1" sc="258,0,225,-120,331,120,186,0" owari="258,6.0,105,-39.0,451,54.0,186,-21.0" /></mjloggm>