<mjloggm ver="2.3"><GO type="169" lobby="0"/><UN n0="%43%4C%53" n1="%E9%BB%84%E9%BE%8D%E5%85%84%E8%B2%B4" n2="%E3%83%94%E3%83%A8%E3%81%A3%E3%81%99" n3="%E3%82%A6%E3%83%AB%E3%83%88%E3%83%A9%E7%AB%8B%E7%9B%B4" dan="16,17,16,18" rate="2134.97,2239.22,2107.36,2245.08" sx="M,M,M,M"/><TAIKYOKU oya="0"/><INIT seed="0,0,0,1,1,101" ten="250,250,250,250" oya="0" hai0="15,85,95,23,43,112,110,21,10,76,75,46,111" hai1="51,127,126,18,56,103,53,79,39,63,14,2,99" hai2="70,41,34,106,128,33,1,38,120,12,89,83,82" hai3="135,49,47,64,129,100,28,61,29,131,73,45,77"/><T19/><D112/><U58/><E2/><V16/><F1/><W52/><G100/><T20/><D75/><U9/><E39/><V67/><F120/><W3/><G3/><T108/><D76/><U84/><E126/><V119/><F128/><N who="3" m="49227" /><G135/><T35/><D35/><U92/><E127/><V40/><F119/><W59/><G47/><T94/><REACH who="0" step="1"/><D85/><REACH who="0" ten="240,250,250,250" step="2"/><U55/><E79/><V68/><F34/><W8/><G73/><T66/><D66/><U114/><E114/><V122/><F33/><W91/><G77/><T134/><D134/><U87/><AGARI ba="0,1" hai="9,14,18,51,53,55,56,58,63,84,87,92,99,103" machi="87" ten="30,2000,0" yaku="0,1,8,1" doraHai="101" who="1" fromWho="1" sc="240,-10,250,30,250,-5,250,-5" /><INIT seed="1,0,0,3,2,86" ten="230,280,245,245" oya="1" hai0="30,36,48,28,72,131,93,75,119,135,9,81,32" hai1="58,52,3,99,31,47,127,102,37,20,23,45,80" hai2="124,122,90,34,55,38,70,105,1,12,106,87,129" hai3="27,97,60,84,8,13,65,33,66,107,50,51,10"/><U5/><E127/><V25/><F1/><W126/><G126/><T19/><D119/><U77/><E31/><V116/><F124/><W76/><G65/><T91/><D36/><U110/><E110/><V42/><F116/><W79/><G79/><T6/><D131/><U78/><E78/><V14/><F129/><W115/><G115/><T67/><D135/><U7/><E7/><V59/><F70/><W26/><G8/><T69/><D19/><U89/><E3/><V103/><F122/><W17/><G84/><T15/><D48/><U120/><E5/><V121/><F121/><W118/><G76/><T46/><D46/><N who="1" m="17419" /><E37/><V98/><F106/><W11/><G11/><T64/><D69/><U73/><E73/><V130/><F130/><W71/><G118/><T63/><D72/><U92/><E77/><V82/><F42/><W4/><G4/><T114/><D75/><U128/><E128/><V41/><F41/><W96/><G33/><T44/><D32/><U109/><E109/><V132/><F132/><W100/><G51/><T49/><D114/><U94/><E80/><V95/><F82/><W123/><G50/><T83/><D81/><U16/><E120/><V35/><F38/><W29/><G123/><T125/><D83/><U104/><E104/><V134/><F134/><W108/><G108/><T62/><D125/><U0/><E0/><V112/><F112/><W113/><G113/><T22/><D30/><U39/><E39/><V43/><F43/><W53/><G29/><T2/><D2/><U133/><E133/><V61/><F35/><W101/><G53/><RYUUKYOKU ba="0,0" sc="230,-15,280,-15,245,15,245,15" hai2="12,14,25,34,55,59,61,87,90,95,98,103,105" hai3="10,13,17,26,27,60,66,71,96,97,100,101,107" /><INIT seed="2,1,0,1,3,71" ten="215,265,260,260" oya="2" hai0="2,100,53,61,16,1,54,10,87,125,64,91,115" hai1="110,12,86,72,89,98,93,90,81,63,126,52,69" hai2="79,25,122,75,14,58,9,15,97,128,23,3,5" hai3="57,32,13,4,27,103,0,78,28,34,35,85,123"/><V20/><F122/><W49/><G103/><T129/><D115/><U113/><E113/><V120/><F120/><W94/><G78/><T46/><D125/><U8/><E72/><V44/><F128/><W59/><G49/><T24/><D129/><U131/><E131/><V50/><F58/><W84/><G94/><T60/><D100/><U119/><E119/><V77/><F97/><W17/><G85/><T26/><D61/><U114/><E114/><V18/><F75/><W74/><G84/><T127/><D127/><U134/><E126/><V117/><F117/><W104/><G74/><T39/><D2/><U111/><E134/><V116/><F116/><W132/><G104/><T102/><D102/><U108/><E69/><V56/><F56/><W11/><G59/><T66/><D1/><U36/><E36/><V68/><F68/><W73/><G57/><N who="0" m="34863" /><D39/><U19/><E63/><V80/><F80/><W21/><G73/><T95/><D46/><U107/><E107/><V47/><F3/><W135/><G123/><T22/><D10/><AGARI ba="1,0" hai="0,4,10,11,13,17,21,27,28,32,34,35,132,135" machi="10" ten="50,6400,0" yaku="34,3" doraHai="71" who="3" fromWho="0" sc="215,-67,265,0,260,0,260,67" /><INIT seed="3,0,0,3,5,92" ten="148,265,260,327" oya="3" hai0="14,108,47,79,10,37,69,34,97,75,84,5,38" hai1="26,124,122,3,96,104,65,4,8,123,21,82,12" hai2="13,129,77,0,102,110,121,17,78,9,59,42,95" hai3="93,2,100,45,61,105,88,114,106,125,73,91,109"/><W103/><G2/><T33/><D108/><U24/><E124/><V32/><F110/><W19/><G45/><T28/><D69/><U76/><E65/><V53/><F53/><W126/><BYE who="2" /><G19/><T20/><D75/><U1/><E24/><V50/><F50/><W52/><G52/><T39/><D47/><UN n2="%E3%83%94%E3%83%A8%E3%81%A3%E3%81%99" /><U48/><E48/><V74/><F59/><W27/><G27/><T64/><D64/><U46/><E46/><V113/><F32/><W23/><G23/><T119/><D119/><U94/><E104/><N who="3" m="40042" /><G61/><T89/><D20/><U43/><E43/><V99/><F42/><W130/><G114/><T72/><D72/><U81/><E81/><V83/><F113/><W67/><G67/><T111/><D111/><U120/><E26/><V36/><F36/><W15/><G15/><T115/><D115/><U63/><E63/><V60/><F60/><W29/><G29/><T135/><D28/><U62/><E62/><V16/><F0/><W118/><G109/><T98/><D79/><U25/><E25/><V133/><F17/><W30/><G30/><T117/><D117/><U11/><E21/><V41/><F41/><W51/><G118/><T112/><D112/><U44/><E44/><V131/><F16/><W7/><G7/><T54/><D54/><U56/><E56/><V18/><F18/><W6/><G6/><T71/><D71/><U132/><E8/><V58/><F9/><W35/><G35/><N who="0" m="13323" /><D135/><U107/><E132/><V128/><F133/><W80/><G126/><T87/><D89/><N who="1" m="55375" /><E107/><V85/><F58/><W55/><G125/><T49/><D49/><RYUUKYOKU ba="0,0" sc="148,15,265,15,260,-15,327,-15" hai0="5,10,14,37,38,39,84,87,97,98" hai1="1,3,4,11,12,76,82,120,122,123" /><INIT seed="4,1,0,1,4,68" ten="163,280,245,312" oya="0" hai0="76,121,15,25,134,12,48,64,95,28,33,7,118" hai1="124,5,90,31,123,54,107,73,98,56,127,13,70" hai2="75,96,105,93,20,117,40,16,53,126,115,8,120" hai3="77,17,18,128,2,100,83,133,22,51,89,110,42"/><T92/><D118/><U125/><E70/><V131/><F120/><W109/><G2/><T94/><D121/><U66/><E123/><V111/><F111/><W108/><G100/><T67/><D134/><U97/><E66/><V104/><F75/><W45/><G89/><T37/><D48/><N who="1" m="30791" /><E73/><V103/><F117/><W99/><G99/><T135/><D135/><U119/><E119/><V114/><F131/><W49/><G133/><T79/><D37/><U24/><E107/><V36/><F126/><W23/><G128/><T69/><D7/><U52/><E90/><V19/><F53/><W106/><G106/><N who="2" m="41065" /><F20/><W65/><G65/><T6/><D67/><U80/><E52/><V46/><F8/><W27/><G51/><T122/><D122/><U59/><E59/><V61/><F61/><W50/><G50/><T116/><D116/><U57/><E57/><V11/><F11/><W74/><REACH who="3" step="1"/><G110/><REACH who="3" ten="163,280,245,302" step="2"/><T87/><D64/><U81/><E97/><V78/><F103/><W91/><G91/><T35/><D69/><U39/><E98/><V62/><F96/><W9/><G9/><T102/><D102/><U129/><E129/><V101/><F101/><W88/><G88/><T47/><D76/><U1/><E1/><V34/><F78/><W30/><G30/><T71/><D71/><U43/><E31/><V58/><F93/><W112/><G112/><N who="2" m="43049" /><F62/><W21/><G21/><T86/><D79/><U85/><E124/><V38/><F34/><W41/><G41/><T55/><D35/><U26/><E125/><V14/><F40/><W60/><G60/><T44/><D94/><RYUUKYOKU ba="1,1" sc="163,-10,280,-10,245,-10,302,30" hai3="17,18,22,23,27,42,45,49,74,77,83,108,109" /><INIT seed="5,2,1,5,2,66" ten="153,270,235,332" oya="1" hai0="38,77,102,94,6,67,79,110,91,40,85,19,108" hai1="17,64,9,43,69,104,103,127,45,47,58,84,135" hai2="125,111,52,0,22,87,16,121,97,33,120,35,37" hai3="18,116,50,129,29,1,13,53,86,100,12,57,3"/><U132/><E127/><V105/><F125/><W80/><G129/><T71/><D6/><U72/><E72/><V75/><F75/><W114/><G114/><T61/><D102/><U7/><E17/><V88/><F111/><W68/><G68/><T24/><D38/><U44/><E69/><V74/><F74/><W32/><G116/><T126/><D40/><U90/><E104/><V109/><F109/><W51/><G100/><T15/><D126/><U99/><E99/><V55/><F0/><W36/><G36/><T34/><D77/><U28/><E28/><V82/><F37/><W48/><G29/><T78/><D78/><U113/><E103/><V101/><F35/><W93/><G32/><T92/><D92/><U5/><E43/><V14/><REACH who="2" step="1"/><F33/><REACH who="2" ten="153,270,225,332" step="2"/><W73/><G1/><T81/><D34/><U41/><E132/><V25/><F25/><W39/><G39/><T95/><D24/><U31/><E135/><V118/><F118/><W83/><G3/><T8/><REACH who="0" step="1"/><D95/><REACH who="0" ten="143,270,225,332" step="2"/><U23/><E41/><V115/><F115/><W27/><G27/><T63/><D63/><N who="1" m="38007" /><E113/><V60/><F60/><N who="3" m="35887" /><G73/><AGARI ba="2,3" hai="8,15,19,61,67,71,73,79,81,85,91,94,108,110" machi="73" ten="30,3900,0" yaku="1,1,7,1,52,1,53,0" doraHai="66" doraHaiUra="98" who="0" fromWho="3" sc="143,75,270,0,225,0,332,-45" /><INIT seed="6,0,0,4,5,32" ten="218,270,225,287" oya="2" hai0="107,114,115,98,46,23,91,128,13,76,77,109,17" hai1="83,57,103,118,79,52,16,92,58,99,39,19,131" hai2="123,106,60,134,66,117,105,18,30,122,24,28,55" hai3="68,3,73,116,40,2,10,113,86,34,87,26,22"/><V80/><F117/><W63/><G116/><T51/><D109/><U38/><E118/><V132/><F55/><W125/><G10/><T43/><D128/><U120/><E131/><V71/><F80/><W49/><G49/><T93/><REACH who="0" step="1"/><D107/><REACH who="0" ten="208,270,225,287" step="2"/><U25/><E120/><V78/><F106/><W135/><G125/><T47/><D47/><U67/><E39/><V45/><F105/><W6/><G135/><N who="2" m="51753" /><F45/><W20/><G113/><AGARI ba="0,1" hai="13,17,23,43,46,51,76,77,91,93,98,113,114,115" machi="113" ten="40,5200,0" yaku="1,1,15,1,53,1" doraHai="32" doraHaiUra="9" who="0" fromWho="3" sc="208,62,270,0,225,0,287,-52" /><INIT seed="7,0,0,5,5,59" ten="270,270,225,235" oya="3" hai0="110,44,130,10,42,100,89,132,99,78,103,24,126" hai1="106,9,93,14,54,84,25,88,75,133,124,23,29" hai2="57,67,111,30,41,37,134,11,112,94,127,19,122" hai3="12,107,5,92,13,120,121,47,109,86,118,46,76"/><W45/><G118/><T49/><D110/><U8/><E133/><V119/><F111/><W102/><G109/><T69/><D132/><U83/><E124/><V82/><F134/><W91/><G76/><T16/><D69/><U22/><E106/><V73/><F119/><W17/><G5/><T50/><D130/><U66/><E66/><V28/><F127/><W3/><G3/><T87/><D126/><U52/><E75/><V101/><F122/><W68/><G68/><T125/><D125/><U0/><E0/><V33/><F112/><W48/><G48/><T2/><D2/><U38/><E38/><V80/><F73/><W104/><G12/><N who="0" m="7191" /><D24/><U63/><E83/><N who="2" m="31787" /><F37/><W40/><G40/><N who="0" m="24711" /><D99/><U55/><E63/><N who="2" m="38383" /><F33/><W113/><G113/><T64/><D64/><U79/><E79/><V26/><F41/><W135/><G135/><T1/><D78/><U115/><E115/><V21/><F11/><W81/><G121/><T95/><D1/><U32/><REACH who="1" step="1"/><E9/><REACH who="1" ten="270,260,225,235" step="2"/><V7/><F7/><AGARI ba="0,1" hai="7,8,14,22,23,25,29,32,52,54,55,84,88,93" machi="7" ten="40,8000,1" yaku="1,1,2,1,54,2,53,0" doraHai="59" doraHaiUra="62" who="1" fromWho="2" sc="270,0,260,90,225,-80,235,0" owari="270,7.0,350,44.0,145,-35.0,235,-16.0" /></mjloggm>