<mjloggm ver="2.3"><GO type="169" lobby="0"/><UN n0="%64%33%76%64%72" n1="%E7%A2%A7%E4%B9%83" n2="%E3%83%88%E3%83%88%E3%83%AA%E5%85%88%E7%94%9F%31%39%E6%AD%B3" n3="%E3%81%8A%E3%81%8B%E3%82%82%E3%81%A8" dan="16,17,19,18" rate="2112.01,2246.03,2298.99,2234.95" sx="M,M,F,M"/><TAIKYOKU oya="0"/><INIT seed="0,0,0,0,4,127" ten="250,250,250,250" oya="0" hai0="52,58,46,110,5,50,79,4,67,37,116,114,53" hai1="35,125,41,99,128,72,33,73,97,74,31,98,56" hai2="122,30,104,26,29,48,96,92,63,15,14,76,107" hai3="32,106,118,66,43,69,80,60,77,28,62,111,45"/><T83/><D114/><U108/><E108/><V105/><F122/><W42/><G111/><T21/><D110/><U130/><E125/><V11/><F76/><W44/><G118/><T23/><D116/><U19/><E41/><V61/><F48/><W102/><G62/><T39/><D67/><U115/><E115/><V133/><F133/><W20/><G20/><T129/><D39/><U112/><E112/><V121/><F121/><W6/><G6/><T94/><D37/><U70/><E70/><V84/><F84/><W36/><G44/><T82/><D94/><U100/><E100/><V124/><F124/><W64/><G64/><T16/><D21/><U87/><E87/><V71/><F71/><W18/><G18/><T51/><D129/><N who="1" m="49771" /><E19/><V88/><F30/><W9/><G43/><T25/><D82/><U132/><E132/><V134/><F134/><W86/><G102/><T55/><D55/><U7/><E7/><V59/><F29/><W12/><G28/><T117/><D117/><U95/><E95/><V135/><F135/><W8/><G106/><T85/><AGARI ba="0,0" hai="4,5,16,23,25,46,50,51,52,53,58,79,83,85" machi="85" ten="20,12000,1" yaku="0,1,7,1,8,1,54,2" doraHai="127" who="0" fromWho="0" sc="250,120,250,-40,250,-40,250,-40" /><INIT seed="0,1,0,0,0,104" ten="370,210,210,210" oya="0" hai0="54,35,129,83,6,38,81,108,25,49,89,101,100" hai1="45,119,70,93,51,86,85,68,12,31,127,116,66" hai2="114,91,98,102,88,113,29,69,59,64,67,128,134" hai3="32,55,103,79,63,97,112,56,2,99,126,106,120"/><T21/><D38/><U60/><E70/><V5/><F69/><W14/><G112/><T22/><D35/><U117/><E31/><V82/><F128/><W87/><G2/><T48/><D129/><U34/><E34/><V36/><F36/><W33/><G126/><T92/><D6/><U123/><E123/><V43/><F43/><W18/><G120/><T53/><D108/><U121/><E121/><V0/><F134/><W62/><G62/><T74/><D92/><U94/><E12/><V107/><F29/><W20/><G87/><T27/><D89/><U17/><E17/><V7/><F7/><W110/><G110/><T11/><D11/><U44/><E44/><V10/><F91/><W40/><G40/><T111/><D111/><U4/><E4/><V46/><F46/><W84/><G99/><T71/><D71/><U72/><E72/><AGARI ba="1,0" hai="21,22,25,27,48,49,53,54,72,74,81,83,100,101" machi="72" ten="25,9600,0" yaku="22,2,52,2" doraHai="104" who="0" fromWho="1" sc="370,99,210,-99,210,0,210,0" /><INIT seed="0,2,0,0,3,134" ten="469,111,210,210" oya="0" hai0="44,38,47,30,43,129,5,128,133,20,105,95,17" hai1="37,97,19,60,54,10,99,88,94,56,62,77,40" hai2="42,104,61,58,18,0,127,7,34,135,46,120,3" hai3="121,1,11,45,16,12,69,27,132,39,123,110,41"/><T83/><D105/><U6/><E77/><V35/><F120/><N who="3" m="46155" /><G132/><T26/><D133/><U21/><E37/><V92/><F135/><W89/><G69/><T59/><D5/><U91/><E40/><V33/><F104/><W70/><G70/><T107/><D107/><U109/><E109/><V82/><F7/><W55/><G110/><T100/><D83/><U113/><E113/><V125/><F18/><W117/><G117/><T106/><D106/><U74/><E74/><V25/><F25/><W79/><G79/><T93/><D44/><U101/><E62/><V22/><F22/><W66/><G66/><T131/><D100/><U119/><E119/><V84/><F92/><W13/><G1/><T122/><D122/><U86/><E91/><V115/><F115/><W114/><G114/><T78/><D78/><U72/><E72/><V111/><F111/><W23/><G11/><T81/><D81/><U15/><REACH who="1" step="1"/><E101/><REACH who="1" ten="469,101,210,210" step="2"/><V14/><F61/><W68/><G89/><T2/><D2/><AGARI ba="2,1" hai="2,6,10,15,19,21,54,56,60,86,88,94,97,99" machi="2" ten="30,7700,0" yaku="1,1,2,1,7,1,54,1,53,0" doraHai="134" doraHaiUra="118" who="1" fromWho="0" sc="469,-83,101,93,210,0,210,0" /><INIT seed="1,0,0,2,5,127" ten="386,194,210,210" oya="1" hai0="58,101,96,83,3,94,99,97,17,54,22,49,91" hai1="21,19,77,117,32,119,74,23,73,62,12,132,51" hai2="82,108,56,27,130,87,106,11,0,121,98,40,55" hai3="114,36,122,65,37,84,93,128,53,59,63,116,76"/><U61/><E32/><V42/><F121/><W131/><G122/><T85/><REACH who="0" step="1"/><D3/><REACH who="0" ten="376,194,210,210" step="2"/><U18/><E132/><V95/><F0/><W80/><G114/><T64/><D64/><U28/><E28/><V102/><F108/><W88/><G116/><T1/><D1/><U109/><E109/><V35/><F106/><W45/><G65/><T124/><D124/><U110/><E110/><V44/><F35/><W100/><G100/><T50/><D50/><U78/><E12/><AGARI ba="0,1" hai="12,17,22,49,54,58,83,85,91,94,96,97,99,101" machi="12" ten="30,7700,0" yaku="21,2,7,1,8,1,53,0" doraHai="127" doraHaiUra="6" who="0" fromWho="1" sc="376,87,194,-77,210,0,210,0" /><INIT seed="2,0,0,4,4,92" ten="463,117,210,210" oya="2" hai0="97,4,37,2,122,55,59,42,118,67,132,63,31" hai1="89,36,26,62,39,83,94,81,64,135,123,110,66" hai2="54,14,113,78,124,121,53,43,76,98,29,115,13" hai3="104,6,86,96,120,58,49,87,18,102,23,20,45"/><V133/><F121/><W22/><G120/><T82/><D122/><U125/><E123/><RYUUKYOKU type="kaze4" ba="0,0" sc="463,0,117,0,210,0,210,0" /><INIT seed="2,1,0,5,0,33" ten="463,117,210,210" oya="2" hai0="107,24,26,3,40,87,97,98,68,127,65,62,44" hai1="0,99,133,28,88,10,46,51,37,121,75,131,31" hai2="83,126,92,80,86,70,14,11,78,104,76,117,55" hai3="118,77,56,112,67,17,64,66,134,95,2,18,48"/><V19/><F117/><W4/><G118/><T5/><D127/><U45/><E75/><V111/><F104/><W25/><G134/><T42/><D42/><U82/><E133/><V63/><F126/><W57/><G112/><T130/><D130/><U20/><E131/><V16/><F111/><W53/><G77/><T8/><D87/><U50/><E37/><V116/><F116/><W101/><G56/><T49/><REACH who="0" step="1"/><D98/><REACH who="0" ten="453,117,210,210" step="2"/><U30/><E99/><V47/><F78/><W124/><G124/><T108/><D108/><U36/><E36/><V9/><F80/><W72/><G72/><T135/><D135/><U119/><E119/><V106/><F106/><W54/><G67/><T61/><D61/><U13/><E121/><V58/><F92/><W103/><G66/><T128/><D128/><U34/><E34/><V7/><F70/><W132/><G64/><T52/><D52/><U69/><E69/><V110/><F110/><W73/><G73/><T125/><D125/><U79/><E79/><V123/><F123/><W93/><G132/><T39/><D39/><U102/><E82/><V1/><REACH who="2" step="1"/><F47/><REACH who="2" ten="453,117,200,210" step="2"/><W91/><G95/><T114/><D114/><U81/><E46/><V94/><F94/><W89/><G93/><T15/><D15/><U71/><E71/><V90/><F90/><W43/><G91/><T85/><D85/><N who="1" m="50223" /><E45/><V84/><F84/><W23/><G89/><T22/><D22/><U32/><E32/><V129/><F129/><W27/><G23/><T113/><D113/><U96/><E20/><V38/><F38/><W6/><G103/><AGARI ba="1,2" hai="3,5,8,24,26,40,44,49,62,65,68,97,103,107" machi="103" ten="40,5200,0" yaku="1,1,52,1,53,1" doraHai="33" doraHaiUra="60" who="0" fromWho="3" sc="453,75,117,0,200,0,210,-55" /><INIT seed="3,0,0,2,2,65" ten="528,117,200,155" oya="3" hai0="122,12,87,93,135,45,105,82,115,120,43,70,71" hai1="24,56,0,73,9,55,90,103,2,130,79,112,28" hai2="52,63,81,42,96,60,62,109,48,29,95,44,77" hai3="76,125,1,41,113,98,124,86,128,123,34,27,104"/><W15/><G1/><T72/><D105/><U31/><E112/><V101/><F109/><W39/><G123/><T84/><D115/><U46/><E130/><V57/><REACH who="2" step="1"/><F29/><REACH who="2" ten="528,117,190,155" step="2"/><N who="3" m="19775" /><G113/><T129/><D129/><U121/><E31/><V111/><F111/><W8/><G128/><T110/><D110/><U108/><E108/><V118/><F118/><W97/><G125/><T18/><D122/><U69/><E121/><V49/><F49/><W58/><G124/><T126/><D120/><U102/><E28/><V25/><F25/><W51/><G51/><T107/><D126/><U6/><E24/><V53/><F53/><W21/><G39/><T91/><D135/><U37/><E37/><V33/><F33/><W67/><G41/><T85/><D43/><U54/><E54/><V92/><F92/><W94/><G94/><T61/><D107/><U35/><E55/><V36/><F36/><W13/><G104/><T100/><D93/><U38/><E35/><V114/><F114/><W134/><G134/><T75/><D82/><U14/><E38/><V74/><AGARI ba="0,1" hai="42,44,48,52,57,60,62,63,74,77,81,95,96,101" machi="74" ten="20,5200,0" yaku="1,1,0,1,7,1,54,1,53,0" doraHai="65" doraHaiUra="22" who="2" fromWho="2" sc="528,-13,117,-13,190,62,155,-26" /><INIT seed="4,0,0,2,4,0" ten="515,104,252,129" oya="0" hai0="26,74,51,71,17,11,115,121,10,52,107,128,100" hai1="79,77,20,48,92,41,3,5,78,105,113,58,68" hai2="46,53,67,35,44,97,61,25,80,126,29,19,101" hai3="103,132,15,117,31,83,55,2,30,45,36,75,99"/><T64/><D121/><U27/><E105/><V8/><F126/><W22/><G2/><T106/><D74/><U62/><E113/><V76/><F53/><W122/><G117/><T86/><D115/><U102/><E68/><V39/><F19/><W56/><G122/><T16/><D71/><U73/><E73/><V110/><F8/><W125/><G125/><T38/><D38/><U120/><E120/><V65/><F65/><W50/><G132/><T134/><D64/><U42/><E48/><V7/><F7/><W47/><G83/><T33/><D134/><U104/><E104/><N who="2" m="63535" /><F110/><W130/><G75/><T82/><D10/><U90/><E102/><V93/><F93/><W69/><G69/><T94/><D11/><U119/><E3/><V24/><F24/><W9/><G36/><T123/><D106/><U57/><E5/><V108/><F108/><W54/><G22/><T89/><D107/><U59/><E62/><V60/><F60/><W133/><G133/><T135/><D123/><U21/><E119/><V111/><F111/><W70/><G70/><T40/><D135/><U32/><E32/><V85/><F39/><W124/><G124/><T98/><D33/><U23/><E27/><V4/><F4/><N who="3" m="3495" /><G130/><T114/><D128/><U14/><E14/><V81/><F81/><W1/><G1/><T37/><D26/><U43/><E92/><V87/><F87/><W13/><G13/><T118/><D114/><U112/><E112/><V91/><F76/><W109/><G109/><T66/><D118/><U95/><E95/><V116/><F116/><W34/><G103/><RYUUKYOKU ba="0,0" sc="515,-15,104,15,252,15,129,-15" hai1="20,21,23,41,42,43,57,58,59,77,78,79,90" hai2="25,29,35,44,46,61,67,80,85,91" /><INIT seed="5,1,0,4,2,107" ten="500,119,267,114" oya="1" hai0="76,4,87,20,111,128,56,48,74,52,47,68,110" hai1="122,91,38,101,69,32,94,114,105,71,39,50,64" hai2="45,92,0,135,133,127,82,81,33,61,19,73,70" hai3="120,14,117,134,97,21,55,125,12,95,109,8,80"/><U18/><E122/><V106/><F106/><W100/><G109/><T99/><D68/><U88/><E32/><V67/><F0/><W40/><G120/><T85/><D74/><U27/><E105/><V22/><F33/><W43/><G125/><T29/><D128/><U96/><E114/><V124/><F92/><W53/><G134/><N who="2" m="51209" /><F45/><W77/><G117/><T10/><D110/><U25/><E38/><V57/><F70/><W49/><G55/><T104/><D76/><U31/><E39/><V44/><F44/><W132/><G132/><T6/><D6/><U1/><E1/><V26/><F73/><W112/><G112/><T7/><D7/><U63/><E71/><V102/><F102/><W79/><G79/><T30/><D111/><U121/><E121/><V24/><F26/><W58/><G80/><AGARI ba="1,0" hai="19,22,24,57,61,67,80,81,82,124,127" m="51209" machi="80" ten="30,1000,0" yaku="20,1" doraHai="107" who="2" fromWho="3" sc="500,0,119,0,267,13,114,-13" /><INIT seed="6,0,0,4,4,53" ten="500,119,280,101" oya="2" hai0="106,79,45,32,4,14,12,37,5,55,66,114,89" hai1="105,115,74,15,58,23,20,113,65,72,128,6,21" hai2="8,43,111,16,84,91,112,118,9,126,131,134,19" hai3="80,28,34,48,63,59,104,81,46,100,2,71,7"/><V42/><F118/><W110/><G110/><T60/><D106/><U0/><E105/><V50/><F111/><W122/><G122/><T129/><D32/><U82/><E0/><V64/><F112/><N who="1" m="43081" /><E128/><V68/><F131/><W92/><G104/><T99/><D79/><N who="1" m="44391" /><E74/><V93/><F134/><W31/><G71/><T123/><D55/><U83/><E83/><N who="3" m="31818" /><G34/><T121/><D45/><U98/><E98/><V33/><F126/><W127/><G7/><T109/><D37/><U95/><E95/><V22/><F33/><W35/><G35/><T87/><D12/><U10/><E58/><V36/><F36/><W97/><G2/><T57/><D5/><U88/><E88/><N who="2" m="53383" /><F68/><W17/><G127/><T108/><D114/><U40/><E40/><N who="2" m="15403" /><F64/><AGARI ba="0,0" hai="6,10,15,20,21,23,64,65" m="44391,43081" machi="64" ten="30,1000,0" yaku="15,1" doraHai="53" who="1" fromWho="2" sc="500,0,119,10,280,-10,101,0" /><INIT seed="7,0,0,4,4,8" ten="500,129,270,101" oya="3" hai0="135,37,26,113,1,12,80,3,17,5,115,2,6" hai1="0,94,41,108,107,18,33,22,15,46,110,23,56" hai2="31,120,127,59,21,81,130,32,84,39,60,74,62" hai3="19,129,90,134,13,44,126,112,67,66,133,10,36"/><W47/><G112/><N who="0" m="43083" /><D135/><N who="3" m="51721" /><G129/><T132/><D132/><U92/><E107/><V34/><F39/><W14/><G126/><T25/><D37/><U58/><E33/><V40/><F74/><W69/><G90/><T35/><D80/><U73/><E0/><V119/><F119/><W96/><G96/><T111/><D111/><U70/><E70/><V109/><F109/><W116/><G116/><T57/><D57/><N who="1" m="22123" /><E73/><V131/><F127/><W121/><G121/><T29/><D26/><N who="1" m="14679" /><E108/><V128/><F120/><W42/><G69/><T100/><D100/><U53/><E41/><V43/><F128/><W98/><G98/><T11/><AGARI ba="0,0" hai="1,2,3,5,6,11,12,17,25,29,35" m="43083" machi="11" ten="40,8000,1" yaku="15,1,11,1,34,2,52,1" doraHai="8" who="0" fromWho="0" sc="500,80,129,-20,270,-20,101,-40" owari="580,68.0,109,-29.0,250,5.0,61,-44.0" /></mjloggm>