<mjloggm ver="2.3"><GO type="169" lobby="0"/><UN n0="%E6%8C%81%E6%9D%89%E3%83%89%E3%83%A9%E5%A4%AB%EF%BC%81" n1="%E3%83%88%E3%83%88%E3%83%AA%E5%85%88%E7%94%9F%31%39%E6%AD%B3" n2="%E3%83%9E%E3%83%AB%E3%83%92%E3%83%AD" n3="%E3%81%BA%E3%82%93%E3%81%8E%E3%82%93%E3%81%95%E3%82%93" dan="16,19,17,16" rate="2088.70,2288.40,2170.70,2161.53" sx="M,F,M,F"/><TAIKYOKU oya="0"/><INIT seed="0,0,0,1,0,46" ten="250,250,250,250" oya="0" hai0="52,77,13,19,68,118,89,24,78,39,101,9,100" hai1="1,27,85,51,44,11,112,80,15,125,26,135,83" hai2="123,127,103,73,131,49,102,58,105,40,90,7,23" hai3="2,111,121,50,124,81,96,109,4,18,67,91,30"/><T20/><D68/><U70/><E70/><V41/><F123/><W87/><G121/><T34/><D39/><U59/><E1/><V0/><F73/><W60/><G124/><T130/><D34/><U12/><E125/><V3/><F127/><W54/><G30/><T71/><D71/><U133/><E112/><V69/><F69/><W134/><G134/><N who="1" m="51210" /><E59/><V97/><F131/><W42/><G42/><T38/><D38/><U48/><E44/><V57/><F23/><W32/><G32/><T37/><D37/><U79/><E15/><V16/><F7/><W120/><G120/><T66/><D66/><U65/><E65/><V116/><F116/><W113/><G113/><T117/><D130/><U108/><E83/><V95/><F103/><N who="0" m="39498" /><D118/><U114/><E108/><V55/><F3/><W29/><G2/><T43/><D43/><U17/><E114/><V115/><F0/><W98/><G4/><T6/><D117/><U106/><E106/><V119/><F115/><W132/><G132/><T56/><D89/><U126/><E126/><V122/><F122/><W61/><G67/><T75/><D75/><U110/><E110/><N who="3" m="41994" /><G29/><T47/><D47/><U72/><E72/><V25/><F57/><N who="3" m="32983" /><G18/><T53/><D53/><U92/><E27/><V86/><F119/><W94/><G81/><T33/><D33/><U104/><E104/><V76/><F105/><W21/><G21/><T84/><D84/><N who="1" m="48159" /><E26/><V14/><F25/><W45/><G45/><T74/><D74/><U31/><E31/><V107/><F76/><W36/><G36/><T129/><D129/><U63/><E63/><AGARI ba="0,0" hai="60,61,63,87,91,94,96,98" m="32983,41994" machi="63" ten="30,3900,0" yaku="6,1,14,1,52,1" doraHai="46" who="3" fromWho="1" sc="250,0,250,-39,250,0,250,39" /><AGARI ba="0,0" hai="6,9,13,19,20,24,52,56,63,77,78" m="39498" machi="63" ten="30,5800,0" yaku="6,1,8,1,54,1" doraHai="46" who="0" fromWho="1" sc="250,58,211,-58,250,0,289,0" /><INIT seed="0,1,0,5,3,37" ten="308,153,250,289" oya="0" hai0="58,31,103,113,41,86,43,25,42,69,88,96,62" hai1="1,59,107,129,64,39,122,78,135,35,66,102,131" hai2="45,3,77,93,89,4,38,110,44,67,57,125,87" hai3="115,40,70,28,134,9,33,94,112,27,101,29,104"/><T133/><D69/><U24/><E122/><V23/><F110/><W99/><G134/><T85/><D113/><U19/><E1/><V92/><F125/><W22/><G70/><T106/><D88/><U97/><E135/><V120/><F120/><W36/><G9/><T0/><D0/><U82/><E39/><V52/><F67/><W13/><G13/><T12/><D12/><U130/><E59/><V98/><F38/><W119/><G119/><T100/><D100/><U91/><E91/><V15/><F3/><W14/><G14/><T34/><REACH who="0" step="1"/><D133/><REACH who="0" ten="298,153,250,289" step="2"/><U127/><E127/><V47/><F77/><W72/><G115/><T111/><D111/><U132/><E132/><V26/><F15/><W55/><G112/><T109/><D109/><U10/><E10/><V48/><F4/><W68/><G68/><T18/><D18/><U8/><E8/><V73/><F73/><W65/><G101/><T6/><D6/><U123/><E123/><V76/><F76/><W46/><G29/><T63/><D63/><U81/><E81/><N who="2" m="49391" /><F98/><W7/><G99/><T114/><D114/><U20/><REACH who="1" step="1"/><E35/><REACH who="1" ten="298,143,250,289" step="2"/><V30/><AGARI ba="1,2" hai="23,26,30,44,45,47,48,52,57,92,93" m="49391" machi="30" ten="30,2000,0" yaku="8,1,54,1" doraHai="37" who="2" fromWho="2" sc="298,-11,143,-6,250,43,289,-6" /><INIT seed="1,0,0,3,1,134" ten="287,137,293,283" oya="1" hai0="135,94,63,95,76,4,60,10,57,29,74,115,93" hai1="105,81,90,98,108,61,7,101,107,39,133,0,64" hai2="31,66,92,89,102,65,34,42,15,132,9,62,55" hai3="77,122,78,38,120,47,129,25,109,116,22,33,125"/><U36/><E107/><V117/><F132/><W88/><G33/><T100/><D115/><U70/><E133/><V126/><F117/><W106/><G106/><T20/><D74/><U11/><E90/><V19/><F102/><W114/><G38/><T112/><D76/><U59/><E59/><V49/><F42/><W23/><G47/><T56/><D112/><U43/><E43/><V84/><F126/><W119/><G114/><T46/><D46/><U69/><E108/><V40/><F40/><W80/><G129/><T53/><D20/><U71/><REACH who="1" step="1"/><E81/><REACH who="1" ten="287,127,293,283" step="2"/><V32/><F89/><W85/><G109/><T73/><D56/><U68/><AGARI ba="0,1" hai="0,7,11,36,39,61,64,68,69,70,71,98,101,105" machi="68" ten="30,18000,2" yaku="1,1,2,1,0,1,33,3,53,0" doraHai="134" doraHaiUra="118" who="1" fromWho="1" sc="287,-60,127,190,293,-60,283,-60" /><INIT seed="1,1,0,3,3,120" ten="227,317,233,223" oya="1" hai0="19,1,123,103,56,91,99,21,20,111,121,23,51" hai1="125,89,10,129,85,88,47,57,11,68,73,8,34" hai2="135,95,9,5,46,63,132,39,128,0,52,96,14" hai3="71,112,26,6,119,44,70,72,134,50,2,37,49"/><U81/><E68/><V83/><F128/><W113/><G26/><T80/><D1/><U45/><E34/><V97/><F97/><W69/><G72/><T110/><D19/><U55/><E129/><V43/><F83/><W133/><G6/><T61/><D51/><N who="3" m="19465" /><G2/><T78/><D91/><U66/><E66/><V118/><F0/><W48/><G119/><T114/><D114/><N who="3" m="44137" /><G37/><T25/><D25/><U28/><E125/><V122/><F122/><N who="0" m="46602" /><D99/><U33/><E73/><V12/><F12/><W41/><AGARI ba="1,0" hai="41,44,48,69,70,71,133,134" m="44137,19465" machi="41" ten="40,2700,0" yaku="34,2" doraHai="120" who="3" fromWho="3" sc="227,-8,317,-14,233,-8,223,30" /><INIT seed="2,0,0,4,5,11" ten="219,303,225,253" oya="2" hai0="68,132,127,13,61,126,98,100,7,116,56,94,52" hai1="90,112,38,74,17,10,89,77,14,18,63,97,59" hai2="23,122,135,27,106,21,119,72,93,131,109,95,4" hai3="15,121,39,58,79,12,24,76,43,102,48,115,99"/><V3/><F72/><W37/><G121/><T16/><D132/><U120/><E112/><V69/><F69/><W33/><G115/><T57/><D7/><U96/><E38/><V87/><F106/><W91/><G39/><T22/><D68/><U128/><E128/><V54/><F135/><W110/><G110/><T67/><REACH who="0" step="1"/><D116/><REACH who="0" ten="209,303,225,253" step="2"/><U107/><E120/><V123/><F119/><W83/><G37/><T133/><D133/><U2/><E2/><V60/><F3/><W86/><G33/><T117/><D117/><U31/><E31/><V129/><F4/><W71/><G71/><T55/><D55/><U34/><E18/><V20/><F109/><W66/><G66/><T134/><D134/><U51/><E17/><V25/><F123/><W8/><G43/><T44/><D44/><U130/><E130/><V82/><F122/><W19/><G58/><T101/><D101/><U46/><E59/><N who="2" m="34935" /><F131/><W118/><G118/><T65/><D65/><U84/><E46/><V42/><F42/><W85/><G102/><T125/><D125/><U28/><E28/><V36/><F129/><W50/><G19/><T114/><D114/><U6/><E6/><V5/><F5/><W78/><G24/><N who="2" m="9289" /><F36/><W41/><G41/><T111/><D111/><U124/><E124/><V108/><F108/><W29/><G29/><T113/><D113/><U64/><E64/><V49/><F49/><AGARI ba="0,1" hai="13,16,22,49,52,56,57,61,67,94,98,100,126,127" machi="49" ten="40,8000,1" yaku="1,1,52,1,54,2,53,1" doraHai="11" doraHaiUra="47" who="0" fromWho="2" sc="209,90,303,0,225,-80,253,0" /><INIT seed="3,0,0,0,4,107" ten="299,303,145,253" oya="3" hai0="131,133,38,115,80,66,100,126,79,94,122,71,93" hai1="59,105,85,28,96,2,73,34,112,91,129,29,128" hai2="50,1,61,89,84,67,130,83,74,44,134,15,7" hai3="10,54,123,11,22,27,60,57,33,117,78,51,104"/><W106/><G123/><T114/><D38/><U4/><E112/><N who="0" m="43049" /><D122/><U124/><E124/><V3/><F134/><W18/><G117/><T26/><D126/><U76/><E4/><V52/><F130/><N who="1" m="50281" /><E2/><V72/><F15/><W87/><G33/><T39/><D39/><U88/><E34/><V47/><F44/><W31/><G31/><N who="1" m="11850" /><E85/><V46/><F47/><W101/><G60/><N who="0" m="40391" /><D100/><N who="1" m="62599" /><E59/><V127/><F127/><W125/><G125/><T108/><D133/><U36/><E36/><V135/><F135/><W5/><G101/><T97/><D97/><U92/><E92/><V6/><F6/><W75/><G87/><T0/><D0/><U116/><E116/><V19/><F3/><W12/><REACH who="3" step="1"/><G11/><REACH who="3" ten="299,303,145,243" step="2"/><T58/><D131/><U109/><E109/><V132/><F132/><W32/><G32/><T69/><D108/><U103/><E103/><V77/><F77/><W98/><G98/><T55/><D79/><U64/><E64/><V21/><F1/><W41/><G41/><T42/><D42/><U119/><E119/><V24/><REACH who="2" step="1"/><F7/><REACH who="2" ten="299,303,135,243" step="2"/><W35/><G35/><T9/><D9/><U102/><E102/><V63/><F63/><W49/><G49/><T68/><D55/><U82/><AGARI ba="0,2" hai="73,76,82,88,91" m="62599,11850,50281" machi="82" ten="30,4000,0" yaku="19,1,52,1,54,1" doraHai="107" who="1" fromWho="1" sc="299,-10,303,60,135,-10,243,-20" /><INIT seed="4,0,0,3,4,14" ten="289,363,125,223" oya="0" hai0="90,98,119,4,0,52,70,1,96,124,109,51,5" hai1="62,47,95,77,43,67,16,48,24,28,73,41,110" hai2="42,91,125,133,65,9,6,54,114,35,12,21,20" hai3="97,26,89,108,121,103,3,107,60,29,78,134,63"/><T72/><D119/><U99/><E110/><V135/><F42/><W111/><G3/><T83/><D70/><U8/><E43/><V46/><F65/><W112/><G134/><N who="2" m="51209" /><F91/><W66/><G112/><T33/><D33/><U87/><E73/><V11/><F54/><W44/><G78/><T94/><D109/><U75/><E75/><V93/><F93/><W84/><G121/><T76/><D124/><U7/><E77/><V30/><F46/><W120/><G44/><T49/><D0/><U122/><E122/><V80/><F80/><W69/><G63/><T27/><D1/><U131/><E131/><V128/><F128/><W106/><G107/><T37/><D51/><U123/><E123/><V58/><F58/><W79/><G79/><T55/><D55/><U132/><E87/><V102/><F102/><W45/><G45/><N who="0" m="27695" /><D98/><U68/><E132/><V81/><F114/><W25/><G25/><T18/><D37/><U115/><E115/><V32/><F125/><W36/><G120/><T57/><D57/><U71/><E71/><V40/><F40/><W85/><G36/><T92/><D92/><U127/><E127/><V34/><F81/><N who="3" m="49295" /><G85/><T61/><D61/><U50/><E50/><V129/><F129/><W23/><G108/><T86/><D72/><U105/><E105/><V53/><F53/><W74/><G111/><T118/><D118/><U38/><E38/><V101/><F101/><W13/><G74/><T2/><D2/><N who="1" m="119" /><E99/><V82/><F82/><W104/><G106/><T22/><AGARI ba="0,0" hai="4,5,18,22,27,76,83,86,90,94,96" m="27695" machi="22" ten="30,6000,0" yaku="8,1,52,1,54,1" doraHai="14" who="0" fromWho="0" sc="289,60,363,-20,125,-20,223,-20" /><INIT seed="4,1,0,2,1,9" ten="349,343,105,203" oya="0" hai0="92,68,71,72,107,36,120,32,98,105,88,112,119" hai1="1,37,27,113,90,24,65,99,17,11,7,14,38" hai2="123,128,122,21,81,8,0,64,102,89,2,100,118" hai3="130,66,33,121,62,134,94,86,104,10,52,56,111"/><T97/><D120/><U117/><E117/><V108/><F108/><W133/><G111/><T116/><D32/><U39/><E113/><V60/><F128/><W73/><G73/><T61/><D36/><U26/><E65/><V95/><F118/><W83/><G33/><T106/><D72/><U110/><E110/><V126/><F126/><W48/><G104/><T41/><D41/><U132/><E132/><V80/><F21/><W101/><G130/><T70/><D112/><U4/><E1/><V127/><F127/><W109/><G109/><T54/><D98/><U114/><E114/><V28/><F28/><W49/><G121/><T43/><D43/><U35/><E35/><V76/><F8/><W51/><G10/><T87/><D97/><U58/><E58/><V19/><F19/><W103/><G94/><T25/><D25/><U34/><E34/><V20/><F20/><W50/><G133/><T77/><D77/><U23/><E11/><V75/><F81/><W12/><G12/><T85/><D85/><U5/><E99/><N who="2" m="57839" /><F2/><W42/><G42/><T29/><D29/><U84/><E84/><V16/><F16/><W59/><REACH who="3" step="1"/><G134/><REACH who="3" ten="349,343,105,193" step="2"/><T125/><D125/><U30/><E30/><V57/><F0/><W47/><G47/><T82/><D92/><U78/><E7/><V3/><F3/><W131/><G131/><T53/><D116/><U91/><E5/><V22/><F22/><W96/><G96/><T40/><D119/><U44/><E4/><V13/><F13/><W79/><AGARI ba="1,1" hai="48,49,50,51,52,56,59,62,66,79,83,86,101,103" machi="79" ten="30,7900,0" yaku="1,1,0,1,8,1,54,1,53,0" doraHai="9" doraHaiUra="18" who="3" fromWho="3" sc="349,-40,343,-21,105,-21,193,92" /><INIT seed="5,0,0,3,5,26" ten="309,322,84,285" oya="1" hai0="108,104,103,61,129,94,0,19,5,134,16,17,83" hai1="7,49,6,55,9,116,36,67,35,41,50,72,47" hai2="69,79,64,89,23,21,59,8,114,25,97,113,12" hai3="45,48,11,100,109,128,110,28,15,127,40,120,107"/><U93/><E116/><V77/><F69/><W81/><G120/><T132/><D104/><U111/><E35/><V105/><F105/><W80/><G128/><T125/><D108/><U66/><E111/><V119/><F119/><W76/><G127/><T98/><D125/><U84/><E72/><V133/><F133/><N who="0" m="51306" /><D129/><U106/><E106/><V52/><F64/><W37/><G107/><T126/><D126/><U31/><E31/><N who="2" m="17839" /><F23/><W87/><G100/><T46/><D46/><U29/><E29/><V96/><F89/><W4/><G28/><T122/><D122/><U38/><E38/><V71/><F71/><W10/><G10/><N who="0" m="2343" /><D61/><U20/><E20/><V34/><F34/><W51/><G51/><T70/><D70/><U90/><E36/><V82/><F82/><AGARI ba="0,0" hai="16,17,19,82,83,94,98,103" m="2343,51306" machi="82" ten="30,2000,0" yaku="20,1,54,1" doraHai="26" who="0" fromWho="2" sc="309,20,322,0,84,-20,285,0" /><INIT seed="6,0,0,3,1,129" ten="329,322,64,285" oya="2" hai0="13,132,69,130,11,21,71,19,65,101,82,78,70" hai1="23,87,61,98,33,126,88,27,74,95,38,124,79" hai2="28,58,73,30,55,34,29,17,10,4,15,75,8" hai3="67,12,117,3,93,46,50,92,106,107,115,41,51"/><V14/><REACH who="2" step="1"/><F34/><REACH who="2" ten="329,322,54,285" step="2"/><W97/><G107/><T103/><D130/><U84/><E33/><V134/><F134/><W112/><G106/><T25/><D132/><U68/><E124/><V135/><F135/><W53/><G115/><T47/><D65/><U123/><E126/><V99/><F99/><W105/><G112/><T6/><REACH who="0" step="1"/><D47/><REACH who="0" ten="319,322,54,285" step="2"/><U36/><E123/><V40/><F40/><W9/><G67/><T125/><D125/><U52/><E68/><V24/><F24/><W118/><G46/><T110/><D110/><U49/><E27/><V100/><F100/><W43/><G41/><T108/><D108/><U18/><E98/><V120/><F120/><W91/><G43/><T2/><D2/><U113/><E113/><V64/><F64/><W59/><G3/><T39/><D39/><U114/><E114/><V42/><F42/><W122/><G122/><T0/><D0/><U94/><E38/><V37/><F37/><W56/><G97/><T48/><D48/><AGARI ba="0,2" hai="4,8,10,14,15,17,28,29,30,48,55,58,73,75" machi="48" ten="40,12000,1" yaku="21,2,53,2" doraHai="129" doraHaiUra="7" who="2" fromWho="0" sc="319,-120,322,0,54,140,285,0" /><INIT seed="6,1,0,2,4,79" ten="199,322,194,285" oya="2" hai0="96,40,35,25,51,132,98,46,5,121,108,84,47" hai1="42,69,102,2,8,135,129,120,103,105,3,32,118" hai2="117,31,13,99,68,122,54,93,113,36,82,88,71" hai3="26,78,53,124,4,91,73,20,133,109,100,66,28"/><V0/><F0/><W70/><G109/><T110/><D121/><U61/><E42/><V116/><F122/><W90/><G133/><T130/><D132/><U50/><E50/><V12/><F113/><W125/><G4/><T114/><D114/><U55/><E55/><V24/><F36/><W44/><G100/><T18/><D130/><U9/><E135/><V57/><F71/><W27/><G70/><T14/><D5/><U83/><E120/><V75/><F68/><W11/><G66/><T23/><D110/><U97/><E118/><V89/><F117/><W7/><G27/><T21/><D35/><U15/><E15/><V67/><F67/><W127/><G78/><T101/><D108/><U63/><E69/><V6/><F6/><W123/><G73/><T95/><D96/><U106/><E97/><V45/><F45/><W115/><G123/><T10/><D25/><U119/><E119/><V85/><F75/><W19/><G115/><T58/><D58/><U94/><E94/><V29/><F116/><W107/><G107/><T62/><D62/><U49/><E32/><V126/><F126/><W81/><G28/><N who="2" m="10825" /><F24/><W59/><G44/><T134/><D134/><U39/><E39/><V16/><F16/><W80/><G7/><T1/><D1/><U34/><E34/><V33/><F33/><W17/><G19/><T22/><D47/><U41/><E2/><V56/><F56/><W52/><G11/><T74/><D74/><U92/><E9/><V76/><F76/><W38/><G38/><T112/><D112/><U104/><E3/><V77/><F77/><RYUUKYOKU ba="1,0" sc="199,15,322,-15,194,15,285,-15" hai0="10,14,18,21,22,23,40,46,51,84,95,98,101" hai2="12,13,54,57,82,85,88,89,93,99" /><INIT seed="6,2,0,3,5,36" ten="214,307,209,270" oya="2" hai0="39,31,32,89,64,15,130,10,56,57,67,104,63" hai1="44,42,35,60,13,98,73,23,61,68,126,108,55" hai2="111,85,118,24,71,77,119,87,8,79,12,11,6" hai3="16,62,132,30,1,107,114,29,22,106,82,93,81"/><V72/><F71/><W53/><G1/><T69/><D104/><U100/><E108/><V110/><F72/><W2/><G2/><T120/><D120/><U131/><E35/><V21/><F11/><W25/><G107/><T40/><D130/><U7/><E73/><V65/><F65/><W88/><G106/><T28/><D32/><U133/><E68/><V45/><F119/><W109/><G109/><N who="2" m="41481" /><F118/><W37/><G37/><T122/><D122/><U78/><E78/><N who="2" m="29707" /><F45/><W54/><G132/><T91/><D69/><U92/><E131/><V116/><F116/><W113/><G62/><T47/><D57/><U74/><E74/><V112/><F112/><N who="3" m="43115" /><G82/><T83/><D67/><U66/><E61/><V19/><AGARI ba="2,0" hai="6,8,12,19,21,24,85,87" m="29707,41481" machi="19" ten="30,1500,0" yaku="10,1" doraHai="36" who="2" fromWho="2" sc="214,-7,307,-7,209,21,270,-7" /><INIT seed="6,3,0,1,2,103" ten="207,300,230,263" oya="2" hai0="86,69,49,114,34,38,63,47,22,116,59,68,126" hai1="93,133,35,40,29,62,131,105,121,3,129,79,6" hai2="43,15,14,109,90,54,99,97,100,48,26,118,95" hai3="32,92,11,25,71,41,134,81,70,73,66,88,51"/><V55/><F118/><W74/><G134/><T78/><D34/><U13/><E133/><V16/><F43/><W110/><G110/><T46/><D116/><U18/><E121/><V19/><F109/><W89/><G11/><T123/><D22/><N who="1" m="11599" /><E105/><V127/><F127/><W24/><G41/><N who="0" m="22839" /><D78/><U84/><E40/><V119/><F119/><W42/><G42/><N who="0" m="24823" /><D86/><U108/><E62/><V135/><F135/><W91/><G81/><T23/><D23/><U120/><E120/><V31/><F48/><W1/><G1/><T45/><D123/><U65/><E65/><V83/><F31/><W0/><G0/><T60/><D45/><U72/><E72/><V44/><F44/><W94/><G91/><T57/><D126/><U17/><E17/><N who="2" m="6731" /><F26/><W56/><G32/><T67/><D114/><U33/><E108/><V12/><F99/><W39/><G39/><T82/><D82/><N who="1" m="47199" /><E93/><V104/><F104/><W75/><G73/><T125/><D125/><U124/><E124/><V87/><AGARI ba="3,0" hai="12,14,15,54,55,83,87,90,95,97,100" m="6731" machi="87" ten="30,3000,0" yaku="8,1,54,1" doraHai="103" who="2" fromWho="2" sc="207,-13,300,-13,230,39,263,-13" /><INIT seed="6,4,0,1,1,31" ten="194,287,269,250" oya="2" hai0="67,68,85,14,133,64,56,126,63,0,108,81,79" hai1="123,35,76,38,121,25,42,98,41,127,3,26,58" hai2="69,22,104,116,99,75,92,84,16,9,87,124,29" hai3="71,105,21,132,49,5,80,102,97,27,7,83,18"/><V4/><F69/><W34/><G71/><T111/><D0/><U51/><E3/><V134/><F116/><W40/><G132/><T50/><D133/><U86/><E127/><V57/><F75/><W8/><G34/><T77/><D126/><U10/><E10/><V65/><F29/><W70/><G70/><T109/><D67/><U2/><E2/><V12/><F104/><W122/><G122/><N who="1" m="46602" /><E38/><V119/><F119/><W24/><G24/><N who="1" m="9322" /><E35/><V15/><F124/><W61/><G61/><T118/><D118/><U96/><E86/><V30/><F30/><W33/><G33/><T131/><D131/><U52/><E76/><V73/><F73/><W114/><G114/><T91/><D68/><U37/><E37/><V88/><F134/><W32/><G32/><T66/><D66/><U101/><E96/><V117/><F117/><W47/><G5/><T13/><D13/><AGARI ba="4,0" hai="7,8,13,18,21,27,40,47,49,80,83,97,102,105" machi="13" ten="30,1000,0" yaku="7,1" doraHai="31" who="3" fromWho="0" sc="194,-22,287,0,269,0,250,22" /><INIT seed="7,0,0,5,3,52" ten="172,287,269,272" oya="3" hai0="118,5,38,13,63,84,89,54,11,31,122,1,64" hai1="109,4,79,87,123,36,58,108,133,39,111,9,94" hai2="128,117,107,67,135,75,25,16,6,124,12,17,41" hai3="71,62,131,21,46,70,2,126,86,110,83,105,91"/><W77/><G2/><T24/><D38/><U27/><E123/><V95/><F75/><W68/><G105/><T37/><D37/><U112/><E58/><V96/><F107/><W69/><G131/><T48/><D122/><U29/><E112/><V80/><F124/><W120/><G120/><T0/><D118/><U81/><E94/><V59/><F135/><W116/><G116/><T65/><D63/><U56/><E56/><V73/><F41/><W93/><G126/><T43/><D43/><U49/><E49/><V22/><F6/><W114/><G114/><T129/><D1/><U115/><E115/><V72/><F80/><W10/><G110/><T98/><D98/><U34/><REACH who="1" step="1"/><E133/><REACH who="1" ten="172,277,269,272" step="2"/><V28/><F59/><W47/><G68/><T119/><D119/><U15/><AGARI ba="0,1" hai="4,9,15,27,29,34,36,39,79,81,87,108,109,111" machi="15" ten="30,4000,0" yaku="1,1,2,1,0,1,53,0" doraHai="52" doraHaiUra="33" who="1" fromWho="1" sc="172,-10,277,50,269,-10,272,-20" owari="162,-34.0,327,43.0,259,6.0,252,-15.0" /></mjloggm>