<mjloggm ver="2.3"><GO type="169" lobby="0"/><UN n0="%61%6E%6C%75%6E" n1="%E3%82%89%E3%81%8F%E3%81%A0%EF%BC%90%EF%BC%91%EF%BC%90%EF%BC%99" n2="%E3%83%88%E3%83%88%E3%83%AA%E5%85%88%E7%94%9F%31%39%E6%AD%B3" n3="%50%41%48%75%6E%74%65%72" dan="16,18,19,17" rate="2108.55,2264.00,2289.72,2193.10" sx="M,M,F,M"/><TAIKYOKU oya="0"/><INIT seed="0,0,0,5,2,66" ten="250,250,250,250" oya="0" hai0="55,113,39,46,118,123,8,100,40,1,111,94,65" hai1="83,98,124,13,11,92,102,78,71,41,132,29,106" hai2="74,34,77,53,116,101,43,75,6,47,104,5,24" hai3="105,76,99,107,59,9,115,122,87,7,50,63,32"/><T60/><D113/><U23/><E132/><V93/><F104/><W133/><G32/><T95/><D118/><U126/><E41/><V68/><F116/><W25/><G133/><T69/><D123/><U88/><E29/><V26/><F53/><W97/><G25/><T2/><D111/><U114/><E23/><V0/><F101/><W90/><G76/><T96/><D95/><U72/><E71/><V112/><F93/><W18/><G18/><T82/><D82/><U121/><E121/><V134/><F112/><W91/><G50/><T110/><D110/><U37/><E37/><V62/><F134/><W14/><G115/><T45/><REACH who="0" step="1"/><D8/><REACH who="0" ten="240,250,250,250" step="2"/><U108/><E114/><V10/><F10/><W84/><G122/><T119/><D119/><U51/><E108/><V58/><F75/><W80/><G107/><T109/><D109/><U44/><E126/><V70/><F74/><W85/><G105/><T16/><D16/><U67/><E124/><V20/><F6/><W86/><REACH who="3" step="1"/><G91/><REACH who="3" ten="240,250,250,240" step="2"/><T15/><D15/><U42/><E13/><V19/><F77/><W61/><G61/><T127/><D127/><U56/><E88/><V64/><F19/><W52/><AGARI ba="0,2" hai="7,9,14,52,59,63,80,84,85,86,87,90,97,99" machi="52" ten="30,7900,0" yaku="1,1,0,1,8,1,54,1,53,0" doraHai="66" doraHaiUra="120" who="3" fromWho="3" sc="240,-39,250,-20,250,-20,240,99" /><INIT seed="1,0,0,5,2,123" ten="201,230,230,339" oya="1" hai0="117,77,103,5,83,0,34,30,26,91,13,96,52" hai1="116,109,49,133,128,20,92,7,31,61,64,4,18" hai2="58,15,8,120,94,107,56,40,51,71,99,93,41" hai3="45,35,130,114,32,59,85,124,125,84,48,78,75"/><U100/><E116/><V70/><F107/><W24/><G114/><T50/><D117/><U3/><E3/><V67/><F120/><W19/><G59/><T66/><D66/><U60/><E31/><V119/><F119/><W101/><G101/><T108/><D0/><U97/><E128/><V69/><F94/><W132/><G130/><T131/><D131/><U43/><E133/><V126/><F126/><W21/><G132/><T54/><D91/><U23/><E23/><V81/><F81/><N who="3" m="47159" /><G85/><T122/><D122/><U106/><E106/><V10/><F10/><W36/><G36/><T87/><D50/><U110/><E49/><V47/><F67/><W102/><G102/><T25/><D25/><U86/><E43/><V55/><F40/><N who="3" m="24615" /><G75/><T12/><D103/><U79/><E61/><V118/><F118/><W88/><G88/><T1/><D96/><U37/><E37/><V6/><F58/><W33/><G33/><T68/><D68/><U11/><E86/><V111/><F93/><W22/><G22/><T82/><D83/><U112/><E79/><V90/><F90/><W63/><G63/><T53/><D1/><U76/><E76/><V95/><F95/><W27/><G35/><T29/><D34/><U16/><E112/><V39/><F99/><W65/><G65/><T74/><D74/><U2/><E20/><V105/><F105/><W115/><G115/><T113/><D113/><U127/><E127/><N who="3" m="48714" /><G32/><T14/><D5/><U62/><E4/><V104/><F104/><W135/><G135/><T89/><D77/><U44/><E100/><V134/><F134/><RYUUKYOKU ba="0,0" sc="201,-15,230,-15,230,15,339,15" hai2="6,8,15,39,41,47,51,55,56,69,70,71,111" hai3="19,21,24,27" /><INIT seed="2,1,0,1,5,3" ten="186,215,245,354" oya="2" hai0="94,44,34,134,125,102,55,12,26,54,50,98,22" hai1="128,13,99,79,24,76,129,45,116,33,52,17,120" hai2="18,95,107,40,123,37,96,5,83,113,75,111,60" hai3="21,101,66,30,90,39,126,108,38,124,20,87,68"/><V119/><F113/><W53/><G101/><T106/><D125/><N who="3" m="48233" /><G108/><T121/><D121/><U77/><E116/><V100/><F119/><W36/><G53/><T103/><D34/><U131/><E120/><V130/><F123/><W42/><G42/><T114/><D114/><U122/><E122/><V80/><F130/><W132/><G30/><T27/><D134/><U1/><E1/><V64/><F111/><W110/><G110/><T117/><D117/><U74/><E99/><V73/><F107/><W7/><G7/><T88/><D106/><U135/><E135/><V127/><F127/><W4/><G4/><T82/><D103/><U59/><E45/><V118/><F118/><W48/><G48/><T115/><D55/><U2/><E2/><V14/><F5/><W15/><G15/><T61/><D61/><U109/><E109/><V97/><F40/><W84/><G84/><N who="0" m="50199" /><D115/><U63/><E24/><V8/><F96/><W35/><G35/><T46/><D44/><U9/><REACH who="1" step="1"/><E33/><REACH who="1" ten="186,205,245,354" step="2"/><V69/><REACH who="2" step="1"/><F37/><REACH who="2" ten="186,205,235,354" step="2"/><W41/><G38/><T78/><D98/><U49/><E49/><V92/><F92/><N who="3" m="54367" /><G39/><T133/><D50/><U32/><E32/><V6/><F6/><W51/><G36/><T93/><D133/><U29/><E29/><V25/><F25/><W70/><G132/><T91/><D27/><U16/><E16/><V105/><F105/><W85/><G51/><N who="0" m="29047" /><D26/><U23/><E23/><V10/><F10/><W65/><G41/><T58/><D94/><U11/><E11/><V28/><F28/><W62/><G20/><T104/><D22/><U112/><E112/><RYUUKYOKU ba="1,2" sc="186,-15,205,15,235,15,354,-15" hai1="9,13,17,52,59,63,74,76,77,79,128,129,131" hai2="8,14,18,60,64,69,73,75,80,83,95,97,100" /><INIT seed="2,2,2,4,4,56" ten="171,220,250,339" oya="2" hai0="92,20,10,23,119,65,109,61,49,4,55,7,135" hai1="27,98,6,66,126,24,39,64,91,59,62,79,114" hai2="60,82,116,115,2,67,97,125,90,46,78,53,40" hai3="50,124,14,34,123,117,18,118,122,110,80,86,77"/><V33/><F115/><W112/><G34/><T0/><D109/><U128/><E39/><V127/><F116/><W17/><G110/><T8/><D119/><U45/><E114/><V131/><F33/><W36/><G36/><T99/><D135/><U47/><E128/><V31/><F2/><W63/><G112/><T73/><D73/><U72/><E6/><V58/><F31/><W70/><G124/><N who="2" m="47689" /><F131/><W32/><G32/><T81/><D81/><U41/><E126/><V101/><F90/><W100/><G100/><T120/><D120/><U37/><E66/><V1/><F1/><W11/><G123/><T35/><D35/><U133/><E133/><V21/><F21/><W3/><G3/><T104/><D104/><U121/><E121/><V102/><F97/><W19/><G122/><T132/><D132/><U22/><E22/><V103/><F67/><W29/><G29/><T105/><D105/><U130/><E130/><V85/><F102/><W89/><G89/><N who="0" m="55695" /><D7/><U5/><E5/><V106/><F106/><W111/><G111/><T84/><D8/><U87/><E98/><V94/><F94/><W83/><G118/><T68/><D84/><U52/><E79/><V25/><F25/><W74/><G117/><T54/><D23/><U43/><E72/><V51/><AGARI ba="2,2" hai="40,46,51,53,58,60,78,82,85,101,103" m="47689" machi="51" ten="30,3000,0" yaku="18,1,52,1" doraHai="56" who="2" fromWho="2" sc="171,-12,220,-12,250,56,339,-12" /><INIT seed="2,3,0,4,3,10" ten="159,208,306,327" oya="2" hai0="20,126,104,53,70,26,13,86,14,36,90,18,38" hai1="35,106,127,44,32,59,111,121,57,69,39,22,88" hai2="7,1,96,67,134,93,58,42,116,75,54,72,109" hai3="25,52,113,100,105,130,89,79,84,55,30,74,63"/><V11/><F116/><W51/><G130/><T16/><D70/><U129/><E69/><V28/><F134/><W91/><G113/><T47/><D104/><U122/><E106/><V0/><F0/><W97/><G63/><T17/><D126/><U107/><E107/><V128/><F128/><W21/><G74/><T60/><D38/><U85/><E111/><V112/><F112/><W5/><G5/><T83/><D36/><U2/><E2/><V40/><F109/><W3/><G3/><T65/><D65/><U76/><E76/><V8/><F67/><W43/><G43/><T133/><D133/><U99/><E99/><V24/><F11/><W4/><G4/><T23/><D60/><U87/><E129/><V135/><F75/><W124/><G124/><T120/><D120/><N who="1" m="46187" /><E22/><V114/><F72/><W34/><G34/><N who="1" m="12842" /><E85/><V103/><F114/><W64/><G64/><T66/><D66/><U118/><E118/><V49/><F135/><W45/><G55/><T108/><D108/><U33/><E33/><AGARI ba="3,0" hai="1,7,8,24,28,33,40,42,49,54,58,93,96,103" machi="33" ten="30,1500,0" yaku="7,1" doraHai="10" who="2" fromWho="1" sc="159,0,208,-24,306,24,327,0" /><INIT seed="2,4,0,3,3,28" ten="159,184,330,327" oya="2" hai0="94,77,80,104,83,97,121,26,66,64,52,29,32" hai1="40,59,113,22,42,124,89,48,34,81,100,85,127" hai2="102,43,103,46,111,112,91,6,23,123,69,20,61" hai3="134,10,55,27,53,119,95,117,15,31,16,110,37"/><V101/><F112/><W108/><G37/><T47/><D121/><U3/><E3/><V60/><F123/><W125/><G95/><T118/><D118/><U57/><E113/><V126/><F126/><W76/><G76/><T41/><D52/><N who="3" m="20041" /><G125/><N who="1" m="48202" /><E100/><V63/><F69/><W51/><G51/><T129/><D129/><U2/><E2/><V67/><F67/><W49/><G49/><T4/><D104/><U73/><E73/><V56/><F56/><N who="1" m="21577" /><E48/><N who="2" m="26719" /><F111/><N who="3" m="42539" /><G134/><T14/><D47/><U88/><E22/><AGARI ba="4,0" hai="10,15,16,22,27,31,117,119" m="42539,20041" machi="22" ten="30,3900,0" yaku="14,1,54,2" doraHai="28" who="3" fromWho="1" sc="159,0,184,-51,330,0,327,51" /><INIT seed="3,0,0,4,3,8" ten="159,133,330,378" oya="3" hai0="55,121,126,89,115,18,24,128,13,57,52,74,64" hai1="114,51,85,26,3,35,102,65,97,130,133,63,61" hai2="134,99,72,127,37,111,80,20,15,19,87,42,78" hai3="16,70,91,106,76,49,23,17,47,60,135,36,81"/><W107/><G36/><T11/><D121/><U25/><E3/><V108/><F134/><W95/><G135/><T69/><D74/><U113/><E133/><V22/><F127/><W103/><G103/><T30/><D126/><U122/><E122/><V82/><F42/><W98/><G17/><T120/><D120/><U83/><E130/><V29/><F37/><W119/><G119/><T27/><D128/><U40/><E63/><V77/><F99/><W88/><G91/><T2/><D69/><U4/><E4/><V59/><F59/><W34/><G34/><T31/><D2/><U118/><E118/><V94/><F94/><W43/><G60/><N who="0" m="37903" /><D115/><U44/><E25/><N who="0" m="9801" /><D89/><U48/><E48/><V132/><F132/><W54/><G43/><T131/><D131/><U0/><E0/><V101/><F101/><W67/><G67/><T116/><D116/><U123/><E123/><V12/><F29/><AGARI ba="0,0" hai="11,13,18,29,30,31,52,55" m="9801,37903" machi="29" ten="30,3900,0" yaku="8,1,52,1,54,1" doraHai="8" who="0" fromWho="2" sc="159,39,133,0,330,-39,378,0" /><INIT seed="4,0,0,4,2,82" ten="198,133,291,378" oya="0" hai0="74,110,38,129,115,13,50,89,113,10,108,31,112" hai1="51,33,2,125,88,47,86,92,40,61,134,23,65" hai2="117,105,30,106,133,75,91,54,83,68,19,67,103" hai3="64,59,3,11,84,18,45,121,114,34,6,39,63"/><T27/><D74/><U62/><E33/><V77/><F133/><W46/><G114/><T0/><D38/><U118/><E2/><V87/><F117/><W122/><G39/><T58/><D0/><U55/><E134/><V126/><F126/><W9/><G34/><T22/><D89/><U37/><E125/><V1/><F1/><W32/><G32/><T21/><D129/><U69/><E118/><V101/><F30/><W26/><G84/><T8/><D58/><U5/><E5/><V97/><F54/><W28/><G28/><T104/><D104/><N who="2" m="40042" /><F19/><W12/><G26/><T52/><D50/><U98/><E62/><V109/><F67/><W29/><G29/><T16/><D52/><U71/><E23/><V17/><F17/><W20/><G20/><T78/><D78/><U94/><E69/><V95/><F68/><W73/><G73/><T7/><D7/><U81/><REACH who="1" step="1"/><E98/><REACH who="1" ten="198,123,291,378" step="2"/><V60/><F60/><W70/><G70/><T25/><D27/><U132/><E132/><V85/><F109/><AGARI ba="0,1" hai="8,10,13,16,21,22,25,31,108,109,110,112,113,115" machi="109" ten="50,18000,2" yaku="10,1,15,1,34,3,54,1" doraHai="82" who="0" fromWho="2" sc="198,190,123,0,291,-180,378,0" /><INIT seed="4,1,0,1,2,42" ten="388,123,111,378" oya="0" hai0="120,112,99,48,132,61,95,125,53,19,91,103,117" hai1="9,119,52,22,126,37,0,17,75,111,73,130,79" hai2="8,34,94,122,27,129,16,76,93,131,98,97,24" hai3="23,92,107,56,31,43,51,29,123,127,128,109,62"/><T30/><D117/><U85/><E119/><V135/><F122/><W74/><G107/><T114/><D120/><U102/><E37/><V20/><F135/><W134/><G74/><T84/><D30/><U10/><E111/><V41/><F76/><W81/><G109/><T72/><D72/><U69/><E69/><V6/><F41/><W15/><G134/><T47/><D132/><U12/><E130/><N who="2" m="49675" /><F34/><W78/><G127/><T88/><D125/><U115/><E126/><V108/><F27/><W113/><G113/><N who="0" m="43627" /><D61/><U83/><E115/><V59/><F108/><W21/><G92/><N who="2" m="35433" /><F59/><W46/><G128/><T4/><D4/><U35/><E35/><V3/><AGARI ba="1,0" hai="3,6,8,16,20,24,97,98" m="35433,49675" machi="3" ten="30,2000,0" yaku="19,1,54,1" doraHai="42" who="2" fromWho="2" sc="388,-11,123,-6,111,23,378,-6" /><INIT seed="5,0,0,2,0,26" ten="377,117,134,372" oya="1" hai0="87,128,59,114,134,105,5,66,13,77,73,102,72" hai1="107,31,6,36,37,62,130,52,30,127,54,96,35" hai2="53,7,113,91,101,129,92,70,40,80,27,81,75" hai3="98,34,49,115,43,67,42,116,97,119,39,44,120"/><U83/><E35/><V19/><F70/><W89/><G34/><T86/><D114/><U38/><E6/><V64/><F113/><W57/><G115/><T110/><D110/><U123/><E123/><V33/><F129/><W82/><G120/><T106/><D102/><U22/><E130/><V60/><F101/><W85/><G42/><T58/><D128/><U94/><E107/><V95/><F53/><N who="3" m="31919" /><G67/><T14/><D66/><U2/><E2/><V108/><F92/><W79/><G89/><T100/><D100/><U71/><E83/><V29/><F108/><W61/><G61/><T109/><D109/><U84/><E84/><V0/><F75/><W32/><G32/><T55/><D77/><U48/><E127/><V46/><F19/><W51/><G39/><T132/><D5/><U45/><E22/><V93/><F93/><W104/><G104/><T118/><D55/><U24/><E24/><V21/><F33/><W56/><G56/><T12/><D12/><U112/><E112/><V88/><F91/><W122/><G122/><T25/><D25/><U65/><REACH who="1" step="1"/><E54/><REACH who="1" ten="377,107,134,372" step="2"/><V63/><F7/><W78/><G78/><T10/><D10/><U11/><E11/><V124/><F0/><W15/><G15/><T28/><D118/><AGARI ba="0,1" hai="43,44,51,79,82,85,97,98,116,118,119" m="31919" machi="118" ten="30,1000,0" yaku="12,1" doraHai="26" who="3" fromWho="0" sc="377,-10,107,0,134,0,372,20" /><INIT seed="6,0,0,5,3,48" ten="367,107,134,392" oya="2" hai0="54,81,78,118,21,70,113,14,88,92,97,52,42" hai1="99,3,61,33,122,15,40,95,68,126,46,58,50" hai2="60,39,6,116,23,30,53,55,123,112,38,74,22" hai3="18,36,76,80,130,20,5,2,100,104,7,120,12"/><V27/><F116/><W106/><G120/><T91/><D70/><U135/><E3/><V17/><F123/><W62/><G36/><T44/><D113/><U71/><E122/><V19/><F74/><W73/><G130/><T1/><D1/><U26/><E135/><V85/><F112/><W121/><G121/><T102/><D118/><U124/><E15/><V31/><F6/><W83/><G100/><T28/><D42/><U133/><E133/><V132/><F132/><W34/><G34/><T9/><D44/><U134/><E134/><V111/><F111/><W43/><G43/><T125/><D125/><U10/><E10/><V108/><F108/><W45/><G45/><T16/><D78/><U87/><E87/><V57/><F85/><W13/><G2/><T65/><D65/><U129/><E129/><V69/><F69/><W109/><G109/><T24/><D81/><U11/><E11/><V107/><F107/><W41/><G41/><T0/><D0/><U119/><E119/><V114/><F114/><W32/><G32/><T93/><D102/><U96/><E126/><V98/><F98/><AGARI ba="0,0" hai="9,14,16,21,24,28,52,54,88,91,92,93,97,98" machi="98" ten="30,16000,3" yaku="7,1,9,1,8,1,52,2,54,3" doraHai="48" who="0" fromWho="2" sc="367,160,107,0,134,-160,392,0" owari="527,63.0,107,-29.0,-26,-53.0,392,19.0" /></mjloggm>