<mjloggm ver="2.3"><GO type="169" lobby="0"/><UN n0="%E9%AD%81%21%E3%83%9F%E3%83%83%E3%83%89%E3%83%8A%E3%82%A4%E3%83%88" n1="%E8%B5%AB%E8%8E%B1%E6%A3%AE" n2="%E3%83%88%E3%83%88%E3%83%AA%E5%85%88%E7%94%9F%31%39%E6%AD%B3" n3="%65%61%73%79" dan="16,16,19,17" rate="2079.34,2073.86,2291.07,2160.19" sx="M,F,F,M"/><TAIKYOKU oya="0"/><INIT seed="0,0,0,2,2,122" ten="250,250,250,250" oya="0" hai0="37,5,117,70,113,53,20,12,91,120,40,112,87" hai1="123,75,41,135,0,17,80,14,36,104,68,72,18" hai2="58,85,29,32,77,116,7,94,13,131,35,82,26" hai3="76,128,50,48,34,2,83,61,81,24,55,89,6"/><T44/><D117/><U114/><E123/><V99/><F116/><W84/><G128/><T56/><D120/><U110/><E68/><V52/><F131/><W107/><G107/><T49/><D5/><U126/><E0/><V23/><F7/><W11/><G34/><T100/><D100/><U59/><E104/><V33/><F13/><W88/><G89/><T73/><D73/><U69/><E69/><V133/><F133/><W102/><G102/><T54/><D54/><U63/><E135/><V67/><F67/><W3/><G3/><T39/><D39/><U121/><E121/><V111/><F111/><W19/><G61/><T95/><REACH who="0" step="1"/><D70/><REACH who="0" ten="240,250,250,250" step="2"/><U31/><E72/><V10/><F52/><W109/><G55/><T47/><D47/><U38/><E75/><V28/><F58/><W127/><G109/><T118/><D118/><U30/><E110/><V46/><F46/><W25/><G6/><T64/><D64/><U79/><E36/><V129/><F129/><W101/><G101/><T1/><D1/><U108/><E38/><V86/><F33/><W74/><G2/><T93/><D93/><U134/><E108/><V132/><F132/><W106/><G106/><T51/><D51/><U60/><E134/><V45/><F45/><W9/><G50/><T130/><D130/><U115/><E115/><V78/><F35/><W62/><G48/><T8/><D8/><U15/><E114/><V22/><F10/><W65/><G11/><T92/><D92/><U21/><E126/><V71/><F32/><W103/><G127/><T42/><D42/><U105/><E105/><RYUUKYOKU type="nm" ba="0,1" sc="240,-40,250,80,250,-20,250,-20" hai0="12,20,37,40,44,49,53,56,87,91,95,112,113" /><INIT seed="0,1,1,0,5,88" ten="200,330,230,230" oya="0" hai0="103,131,79,11,18,40,38,56,99,75,55,122,46" hai1="4,105,21,91,43,71,62,12,93,23,65,2,17" hai2="47,10,132,90,49,74,69,109,128,28,77,84,53" hai3="70,60,35,63,32,125,134,13,26,89,36,102,126"/><T64/><D122/><U129/><E105/><V7/><F69/><W112/><G112/><T124/><D131/><U97/><E129/><V33/><F128/><W114/><G114/><T107/><D124/><N who="3" m="47721" /><G134/><T101/><D101/><U104/><E104/><V135/><F109/><W83/><G102/><T115/><D115/><U119/><E119/><V14/><F74/><W5/><G36/><T45/><D45/><U58/><E43/><V100/><F77/><W72/><G70/><T54/><D79/><U31/><E71/><V15/><F100/><W108/><G108/><T98/><D98/><U8/><REACH who="1" step="1"/><E31/><REACH who="1" ten="200,320,230,230" step="2"/><V80/><F28/><N who="3" m="19479" /><G72/><T82/><D75/><U34/><E34/><V76/><F33/><W130/><G35/><T19/><D82/><U78/><E78/><V6/><F76/><W117/><G117/><T120/><D120/><U121/><E121/><V95/><F80/><W22/><G130/><T27/><D107/><U3/><E3/><V30/><F30/><W42/><G42/><T9/><D40/><U113/><E113/><V39/><F39/><W41/><G41/><T50/><D38/><U61/><E61/><V29/><F29/><W59/><G60/><T24/><D50/><U87/><E87/><V57/><F132/><W96/><G83/><T85/><D85/><U73/><E73/><V1/><F135/><W127/><G63/><T123/><D123/><U133/><E133/><V81/><F81/><W118/><G118/><T52/><D99/><U25/><E25/><V0/><F47/><W51/><N who="3" m="47729" /><W106/><DORA hai="48" /><G96/><T67/><D46/><RYUUKYOKU ba="1,2" sc="200,-15,320,15,230,15,230,-15" hai1="2,4,8,12,17,21,23,58,62,65,91,93,97" hai2="0,1,6,7,10,14,15,49,53,57,84,90,95" /><INIT seed="1,2,2,4,2,54" ten="185,335,245,215" oya="1" hai0="87,49,38,53,67,95,120,61,118,132,15,36,100" hai1="23,39,51,91,122,127,24,33,5,135,124,98,113" hai2="44,79,46,57,78,10,129,101,88,115,116,76,121" hai3="29,32,82,110,3,134,28,128,19,14,45,31,1"/><U97/><E122/><V112/><F116/><W37/><G110/><T80/><D118/><U6/><E113/><N who="2" m="43595" /><F121/><W74/><G134/><T52/><D132/><U106/><E39/><V83/><F101/><W21/><G128/><T63/><D120/><U41/><E135/><V130/><F10/><W11/><G37/><T119/><D119/><U90/><E33/><V117/><F117/><W71/><G45/><N who="2" m="17513" /><F57/><W17/><G71/><T64/><D100/><U123/><E123/><V114/><F114/><W20/><G82/><T2/><D80/><U111/><E111/><V47/><F47/><W59/><G59/><N who="0" m="35047" /><D2/><N who="3" m="521" /><G74/><T58/><D38/><U8/><E106/><V16/><F16/><N who="3" m="6219" /><G32/><T84/><D36/><U48/><E41/><V86/><AGARI ba="2,2" hai="76,78,79,83,86,88,129,130" m="17513,43595" machi="86" ten="40,2700,0" yaku="11,1,54,1" doraHai="54" who="2" fromWho="2" sc="185,-9,335,-15,245,53,215,-9" /><INIT seed="2,0,0,1,0,114" ten="176,320,298,206" oya="2" hai0="8,15,64,129,21,3,30,120,67,79,116,23,90" hai1="53,18,63,107,111,125,17,75,84,43,119,7,93" hai2="76,91,11,1,45,12,105,134,100,49,83,54,22" hai3="0,25,48,36,124,96,92,94,110,132,97,128,88"/><V109/><F134/><W106/><G110/><T72/><D120/><U121/><E107/><V47/><F109/><W51/><G36/><T56/><D3/><U31/><E75/><V115/><F115/><W14/><G0/><T52/><D72/><U103/><E111/><V135/><F135/><W28/><G132/><T87/><D79/><U68/><E119/><V24/><F1/><W46/><G128/><T102/><D102/><U62/><E125/><V70/><F70/><W4/><G124/><T112/><D112/><U71/><E7/><V27/><F22/><W19/><G106/><T34/><D34/><U20/><E121/><V33/><F33/><W113/><G4/><T32/><D32/><U26/><E43/><V16/><F47/><W95/><G113/><T101/><D101/><U77/><E71/><V2/><F2/><W81/><G81/><T60/><D129/><U89/><E77/><V123/><F123/><W98/><G25/><T39/><D39/><U131/><E131/><V58/><F58/><W55/><G48/><T85/><D85/><U130/><E103/><V99/><F76/><W5/><G5/><N who="0" m="3471" /><D116/><U80/><E130/><V66/><F66/><N who="0" m="25130" /><D30/><U29/><E31/><V6/><F6/><W117/><G28/><T50/><D60/><U38/><E38/><V126/><F126/><W118/><REACH who="3" step="1"/><G88/><REACH who="3" ten="176,320,298,196" step="2"/><T127/><D127/><U44/><E29/><V61/><F61/><W40/><G40/><T73/><D73/><U35/><E63/><V74/><F74/><W78/><G78/><T108/><D108/><U41/><E62/><V57/><F105/><RYUUKYOKU ba="0,1" sc="176,15,320,-15,298,-15,196,15" hai0="21,23,50,52,56,87,90" hai3="14,19,46,51,55,92,94,95,96,97,98,117,118" /><INIT seed="3,1,1,4,1,41" ten="191,305,283,211" oya="3" hai0="78,80,110,35,113,127,40,71,94,63,130,61,104" hai1="126,65,46,34,92,15,96,99,28,17,8,108,45" hai2="25,68,56,131,116,26,134,72,27,49,105,102,100" hai3="3,128,85,89,88,0,51,87,12,115,132,10,13"/><W53/><G115/><T125/><D35/><U117/><E108/><V84/><F116/><W30/><G132/><T91/><D71/><U98/><E117/><V66/><F72/><W5/><G128/><T7/><D7/><U23/><E34/><V18/><F131/><W16/><G30/><T129/><D40/><U31/><E126/><N who="0" m="48137" /><D63/><U21/><E65/><V75/><F75/><W20/><G3/><T67/><D61/><U122/><E92/><V42/><F134/><W33/><G33/><T76/><D67/><U82/><E82/><V19/><F105/><W70/><G70/><T58/><D58/><U11/><E122/><V55/><F84/><N who="3" m="32331" /><G0/><T133/><D133/><U124/><E124/><V4/><F4/><W64/><G64/><T118/><D118/><U2/><E2/><V6/><F6/><W32/><G32/><T9/><D9/><N who="1" m="3659" /><E23/><V77/><F66/><W93/><G93/><T97/><D110/><U107/><E107/><V50/><F68/><W103/><G103/><N who="2" m="39465" /><F18/><W38/><G38/><T114/><D104/><U47/><AGARI ba="1,1" hai="15,17,21,28,31,45,46,47,96,98,99" m="3659" machi="47" ten="40,8000,1" yaku="8,1,52,3" doraHai="41" who="1" fromWho="1" sc="191,-21,305,93,283,-21,211,-41" /><INIT seed="4,0,0,3,3,75" ten="170,398,262,170" oya="0" hai0="79,54,1,102,68,38,10,31,0,28,17,16,113" hai1="51,118,122,42,64,53,112,97,25,93,22,76,116" hai2="4,108,40,71,14,41,80,90,96,115,127,58,83" hai3="49,95,126,55,128,131,100,52,61,69,20,135,27"/><T50/><D38/><U11/><E122/><V67/><F108/><W106/><G106/><T121/><D68/><U120/><E120/><V81/><F71/><W35/><G35/><T30/><D121/><U70/><E112/><V21/><F115/><W107/><G107/><T8/><D113/><U130/><E130/><N who="3" m="49706" /><G126/><T18/><D102/><U109/><E109/><V86/><F96/><N who="3" m="59423" /><G135/><T57/><REACH who="0" step="1"/><D79/><REACH who="0" ten="160,398,262,170" step="2"/><U12/><E116/><V7/><F127/><W119/><G119/><T2/><AGARI ba="0,1" hai="0,1,2,8,10,16,17,18,28,30,31,50,54,57" machi="2" ten="40,24000,3" yaku="1,1,2,1,0,1,29,2,54,1,53,3" doraHai="75" doraHaiUra="26" who="0" fromWho="0" sc="160,250,398,-80,262,-80,170,-80" /><INIT seed="4,1,0,0,5,56" ten="410,318,182,90" oya="0" hai0="107,111,17,99,49,11,60,117,88,94,7,64,10" hai1="74,66,98,73,125,23,92,100,91,55,16,128,135" hai2="103,29,39,106,69,40,8,118,81,52,89,1,75" hai3="0,108,27,123,102,112,126,127,124,45,83,41,6"/><T90/><D117/><U33/><E33/><V119/><F69/><W22/><G108/><T47/><D107/><U101/><E125/><N who="3" m="32002" /><W28/><DORA hai="2" /><G102/><T70/><D111/><U110/><E110/><V79/><F29/><N who="3" m="17655" /><G123/><T65/><D65/><U48/><E135/><V30/><F30/><W54/><G112/><T26/><D26/><U80/><E128/><V67/><F67/><W97/><G97/><T34/><D34/><U20/><E66/><V129/><F89/><W24/><G83/><T78/><D78/><U15/><E23/><V43/><F129/><W25/><G54/><T96/><D17/><U21/><E21/><V109/><F109/><W62/><G62/><T71/><D11/><U4/><E4/><N who="2" m="1039" /><F52/><W36/><G28/><T86/><D71/><U57/><E74/><V58/><F58/><W77/><G77/><T12/><D90/><U116/><E116/><N who="2" m="44587" /><F39/><W82/><G82/><T121/><D121/><U9/><E80/><V37/><F37/><W13/><G0/><T51/><D51/><U50/><E73/><V18/><F18/><W44/><G44/><T59/><D70/><U120/><E120/><V14/><F14/><W76/><G76/><T63/><D63/><U53/><E15/><V46/><F46/><W134/><G134/><T133/><D133/><U130/><E130/><V105/><F105/><W38/><G38/><T42/><AGARI ba="1,0" hai="7,10,12,42,47,49,59,60,64,86,88,94,96,99" machi="42" ten="20,18000,2" yaku="0,1,7,1,8,1,52,2,54,1" doraHai="56,2" who="0" fromWho="0" sc="410,183,318,-61,182,-61,90,-61" /><INIT seed="4,2,0,1,2,109" ten="593,257,121,29" oya="0" hai0="126,73,124,110,77,42,61,52,98,34,66,43,0" hai1="86,48,85,130,63,129,47,19,60,23,50,65,132" hai2="12,30,112,127,62,18,75,36,101,37,106,120,26" hai3="72,79,9,133,5,121,17,96,92,16,107,14,111"/><T78/><D34/><U39/><E132/><V4/><F120/><W91/><G121/><T123/><D123/><U25/><E39/><V83/><F4/><W70/><G111/><T87/><D0/><U53/><E50/><V3/><F3/><W64/><G133/><T41/><D110/><U46/><E46/><V44/><F127/><N who="0" m="48682" /><D73/><U134/><E134/><V108/><F108/><W99/><G99/><T116/><D116/><U95/><E63/><V89/><F62/><W51/><G51/><T49/><D98/><U40/><E40/><V118/><F118/><W117/><G117/><T97/><D97/><U33/><E33/><V90/><F101/><W45/><G45/><N who="0" m="27695" /><D87/><U1/><E1/><V94/><F75/><W22/><G107/><T100/><D100/><U104/><E104/><V125/><F106/><W93/><G72/><T15/><D15/><U114/><E114/><V21/><F112/><W27/><G70/><AGARI ba="2,0" hai="41,42,43,61,66,70,77,78" m="27695,48682" machi="70" ten="30,2900,0" yaku="18,1,54,1" doraHai="109" who="0" fromWho="3" sc="593,35,257,0,121,0,29,-35" owari="628,73.0,257,6.0,121,-28.0,-6,-51.0" /></mjloggm>