<mjloggm ver="2.3"><GO type="169" lobby="0"/><UN n0="%40%E3%82%8A%E3%82%93%E3%81%94%40" n1="%E2%91%A3%E3%82%BB%E3%83%B3%E3%83%81" n2="%E3%82%A6%E3%83%AB%E3%83%88%E3%83%A9%E7%AB%8B%E7%9B%B4" n3="%E5%88%87%E3%82%8A%E6%9C%AD" dan="16,18,18,18" rate="2079.27,2194.93,2241.33,2226.02" sx="M,M,M,M"/><TAIKYOKU oya="0"/><INIT seed="0,0,0,5,4,57" ten="250,250,250,250" oya="0" hai0="74,110,129,25,55,41,4,88,125,128,87,98,91" hai1="21,108,11,78,84,18,9,132,28,13,83,0,124" hai2="51,7,100,81,53,31,92,61,63,103,56,135,3" hai3="96,5,40,43,20,48,8,34,16,36,80,75,123"/><T19/><D41/><U94/><E108/><V6/><F135/><W24/><G36/><T35/><D74/><U49/><E132/><V126/><F126/><W118/><G118/><T2/><D125/><U120/><E124/><V117/><F117/><W10/><G123/><T46/><D19/><U71/><E120/><V95/><F81/><W12/><G34/><T59/><D98/><U30/><E71/><V37/><F37/><W47/><G96/><T38/><D91/><U42/><E94/><N who="2" m="35883" /><F3/><W93/><G93/><T131/><D110/><U109/><E109/><V79/><F79/><W101/><G101/><N who="2" m="38985" /><F31/><N who="1" m="11817" /><E0/><V89/><F89/><W85/><G75/><T119/><D35/><U99/><E99/><V122/><F122/><W67/><G67/><T127/><D119/><U29/><E29/><V73/><F73/><W66/><G66/><T26/><D127/><U86/><E86/><V27/><F27/><W1/><G85/><T134/><D134/><U54/><E42/><V113/><F113/><W114/><G80/><N who="0" m="49255" /><D38/><U65/><E65/><V68/><F68/><W14/><G114/><T133/><D133/><U82/><E82/><V90/><F90/><W115/><G115/><T72/><D72/><U17/><E17/><V22/><F22/><W62/><G1/><T58/><D26/><U130/><E83/><V45/><F45/><W105/><G43/><T121/><D25/><U15/><E78/><V111/><F111/><W107/><G40/><T33/><D121/><U69/><E84/><V106/><F106/><W112/><G112/><T52/><D33/><U39/><E39/><RYUUKYOKU ba="0,0" sc="250,-10,250,-10,250,30,250,-10" hai2="6,7,51,53,56,61,63" /><INIT seed="1,1,0,2,0,49" ten="240,240,280,240" oya="1" hai0="5,42,46,68,132,117,34,65,82,102,60,114,98" hai1="119,22,111,89,23,123,28,76,122,43,41,6,2" hai2="39,62,37,85,79,3,75,87,10,58,31,118,72" hai3="56,125,19,70,124,135,80,73,95,52,48,53,94"/><U63/><E76/><V134/><F118/><W16/><G70/><T69/><D117/><U29/><E119/><V20/><F134/><W7/><G135/><T120/><D132/><U12/><E89/><V47/><F20/><N who="1" m="7721" /><E63/><V112/><F31/><N who="1" m="11849" /><E43/><N who="2" m="23023" /><F75/><W107/><G7/><T115/><D120/><N who="1" m="46123" /><E41/><V103/><F103/><W127/><G107/><T32/><D69/><U33/><E33/><V1/><F85/><W11/><G73/><T14/><D34/><U81/><E81/><V74/><F87/><W57/><G80/><T109/><D32/><U128/><E128/><V83/><F74/><W67/><G67/><T64/><D82/><U91/><E91/><V0/><F39/><W77/><G77/><T26/><D65/><U113/><E113/><V86/><F86/><W59/><G59/><T133/><D115/><U25/><E25/><V45/><F45/><W100/><G100/><T104/><D26/><U4/><E2/><V54/><F112/><W110/><G48/><T92/><D114/><U97/><E97/><V126/><F0/><W15/><G95/><T36/><D92/><U27/><E27/><V78/><F1/><W30/><G94/><T90/><D90/><U106/><E106/><V99/><F99/><W51/><G51/><T61/><D61/><U108/><E12/><V50/><F62/><W40/><G15/><T105/><D105/><U17/><E17/><V9/><F79/><W88/><G19/><T93/><D93/><U13/><E13/><V129/><F129/><W55/><G16/><T66/><D133/><U116/><E116/><V8/><F3/><RYUUKYOKU ba="1,0" sc="240,-15,240,15,280,15,240,-15" hai1="4,6,108,111" hai2="8,9,10,50,54,58,72,78,83,126" /><INIT seed="1,2,0,4,3,54" ten="225,255,295,225" oya="1" hai0="90,30,122,18,101,71,83,49,82,98,11,70,33" hai1="109,78,39,117,45,29,36,7,6,53,72,85,58" hai2="23,15,48,40,64,68,34,121,3,20,110,21,9" hai3="56,80,95,100,66,86,94,84,61,65,99,4,16"/><U118/><E29/><V120/><F48/><W37/><G37/><T62/><D122/><N who="2" m="47210" /><F40/><W17/><G4/><T10/><D33/><U52/><E85/><V76/><F64/><W12/><G66/><T74/><D30/><U35/><E35/><V38/><F68/><W114/><G114/><T124/><D90/><U96/><E96/><V60/><F60/><W134/><G134/><T115/><D115/><U42/><E109/><V1/><F38/><N who="1" m="14377" /><E78/><V108/><F34/><W112/><G112/><T87/><D87/><U41/><E72/><V92/><F92/><N who="3" m="58471" /><G86/><T128/><D74/><U28/><E28/><V63/><F63/><W129/><G129/><T105/><D128/><U123/><E123/><V55/><F55/><N who="1" m="21065" /><E45/><V130/><F130/><W44/><G44/><T8/><D83/><U107/><E107/><V46/><F46/><W26/><G80/><T75/><D82/><U131/><E131/><V25/><F25/><W2/><G26/><T119/><D75/><U132/><E132/><V50/><F76/><W91/><G95/><T5/><D5/><N who="1" m="1547" /><E58/><V127/><F50/><W59/><G94/><T79/><D49/><U22/><E22/><V31/><F31/><W135/><G135/><T81/><D79/><U111/><E111/><V32/><F32/><W133/><G133/><T13/><D98/><U57/><E57/><V14/><F110/><W43/><G59/><T104/><D105/><U27/><E27/><V73/><F73/><W125/><G56/><T113/><D104/><U77/><E77/><V97/><F108/><W116/><G84/><T93/><D113/><RYUUKYOKU ba="2,0" sc="225,-10,255,30,295,-10,225,-10" hai1="41,42,117,118" /><INIT seed="1,3,0,4,4,46" ten="215,285,285,215" oya="1" hai0="2,108,91,55,107,101,95,114,45,110,1,47,8" hai1="126,17,24,119,5,100,53,102,120,71,83,65,123" hai2="79,21,90,6,130,34,19,104,76,69,81,3,86" hai3="36,39,51,50,88,87,77,82,116,37,30,49,35"/><U80/><E5/><V117/><F117/><W85/><G116/><T127/><D114/><U12/><E119/><V99/><F69/><W20/><G35/><T0/><D127/><U59/><E126/><V125/><F34/><W73/><REACH who="3" step="1"/><G88/><REACH who="3" ten="215,285,285,205" step="2"/><T75/><D101/><U44/><E102/><V122/><F125/><W93/><G93/><T135/><D107/><U54/><E100/><V26/><F104/><W61/><G61/><T14/><D135/><U84/><E123/><V89/><F122/><W29/><G29/><T18/><D110/><U97/><E120/><V38/><F90/><W13/><G13/><T42/><D108/><U70/><E12/><V106/><F89/><W109/><G109/><T15/><D15/><U72/><E97/><V133/><F99/><W11/><G11/><T57/><D0/><U28/><E28/><V134/><F106/><W118/><G118/><T67/><D1/><U105/><E105/><V68/><F3/><W32/><G32/><T25/><D2/><U40/><E83/><V92/><F92/><W60/><G60/><T113/><D91/><U10/><E10/><V63/><F134/><W129/><G129/><T115/><D95/><U64/><E80/><V16/><F133/><W7/><G7/><T33/><D33/><U124/><E124/><V58/><F6/><W96/><G96/><T48/><D115/><U78/><E78/><V43/><F79/><W98/><G98/><T132/><D113/><U103/><E103/><V74/><F76/><W128/><G128/><T94/><D132/><U131/><E131/><V111/><F130/><RYUUKYOKU ba="3,1" sc="215,-10,285,-10,285,-10,205,30" hai3="20,30,36,37,39,49,50,51,73,77,82,85,87" /><INIT seed="2,4,1,5,5,12" ten="205,275,275,235" oya="2" hai0="49,62,9,46,84,96,93,106,103,121,129,73,55" hai1="113,78,20,6,35,99,86,54,61,94,69,88,65" hai2="1,5,10,89,31,82,33,90,115,112,100,22,47" hai3="120,85,56,97,53,2,14,18,23,118,119,104,72"/><V45/><F100/><W13/><G72/><T77/><D121/><U28/><E113/><V19/><F47/><W21/><G2/><T117/><D117/><U32/><E6/><V105/><F105/><W127/><G120/><T40/><D129/><U8/><E8/><V7/><F45/><W133/><G133/><T92/><D9/><U3/><E3/><V81/><F81/><W51/><G127/><T26/><D73/><U63/><E78/><V60/><F60/><W25/><G85/><T27/><D106/><U114/><E114/><N who="2" m="43563" /><F82/><W50/><G14/><T134/><D134/><U11/><E11/><N who="2" m="2479" /><F90/><W29/><REACH who="3" step="1"/><G51/><REACH who="3" ten="205,275,275,225" step="2"/><T98/><D84/><U108/><E86/><V124/><F124/><W34/><G34/><T64/><D77/><U15/><E35/><V109/><F33/><W36/><G36/><T87/><D87/><U80/><E80/><V66/><F7/><W110/><G110/><T57/><REACH who="0" step="1"/><D64/><REACH who="0" ten="195,275,275,225" step="2"/><U4/><E65/><V39/><F66/><W83/><G83/><T24/><D24/><U71/><E108/><V116/><F109/><W95/><G95/><T102/><AGARI ba="4,3" hai="26,27,40,46,49,55,57,62,92,93,96,98,102,103" machi="102" ten="20,8000,1" yaku="1,1,0,1,7,1,9,1,8,1,53,0" doraHai="12" doraHaiUra="68" who="0" fromWho="0" sc="195,122,275,-24,275,-44,225,-24" /><INIT seed="3,0,0,5,1,32" ten="317,251,231,201" oya="3" hai0="2,47,76,109,42,18,4,75,69,55,36,105,40" hai1="110,100,66,107,130,123,96,124,77,114,20,33,90" hai2="28,81,53,54,70,134,128,93,25,84,97,125,17" hai3="34,52,43,132,6,113,5,8,78,14,41,11,67"/><W116/><G113/><T50/><D105/><U127/><E33/><V65/><F128/><W135/><G116/><T45/><D109/><U58/><E114/><V57/><F70/><W119/><G119/><T35/><D35/><U121/><E66/><V71/><F71/><W79/><G34/><T31/><D31/><U95/><E58/><V23/><F134/><N who="3" m="51243" /><G67/><T61/><D18/><U73/><E20/><V102/><F125/><N who="1" m="48201" /><E110/><V44/><F44/><W94/><G94/><T108/><D108/><U118/><E118/><V111/><F111/><W101/><G101/><T92/><D92/><U82/><E130/><V24/><F24/><W68/><G68/><T72/><D72/><U126/><N who="1" m="48209" /><U1/><DORA hai="12" /><E1/><V59/><F28/><W39/><G39/><T0/><D0/><U89/><E89/><V56/><REACH who="2" step="1"/><F65/><REACH who="2" ten="317,251,221,201" step="2"/><W46/><G46/><T13/><D47/><U19/><E19/><V120/><F120/><W87/><G43/><T27/><D42/><U133/><E133/><V62/><F62/><W60/><G41/><T104/><D61/><U49/><E49/><V63/><F63/><W115/><G115/><T48/><D48/><U21/><E21/><V64/><F64/><W129/><G129/><T131/><D50/><U117/><E117/><V99/><F99/><AGARI ba="0,1" hai="73,77,82,90,95,96,99,100,107,121,123" m="48209" machi="99" ten="40,5200,0" yaku="18,1,34,2" doraHai="32,12" who="1" fromWho="2" sc="317,0,251,62,221,-52,201,0" /><INIT seed="4,0,0,1,5,122" ten="317,313,169,201" oya="0" hai0="35,83,22,58,44,93,78,61,135,21,34,28,89" hai1="51,59,8,30,119,125,31,106,111,53,131,38,40" hai2="16,74,14,81,26,127,112,10,98,92,1,84,116" hai3="87,72,124,95,91,3,2,39,126,25,86,65,71"/><T99/><D135/><U9/><E106/><V32/><F112/><W67/><G72/><T94/><D35/><U57/><E119/><V80/><F127/><N who="3" m="48683" /><G39/><T129/><D129/><U96/><E125/><V56/><F116/><W55/><G55/><T19/><D34/><U62/><E111/><V52/><F74/><W6/><G6/><T47/><D28/><N who="1" m="10795" /><E38/><V75/><F75/><W110/><G25/><T63/><D93/><U102/><E40/><V64/><F1/><N who="3" m="11" /><G71/><T13/><D22/><U77/><E77/><V132/><F132/><W115/><G115/><T118/><D118/><U7/><E7/><V23/><F32/><W41/><G41/><T5/><D5/><U33/><E33/><V90/><F64/><N who="3" m="24651" /><G110/><T130/><D78/><U66/><E131/><V123/><F123/><W29/><G29/><T17/><D130/><U70/><E70/><V103/><F26/><W60/><G60/><T12/><D63/><U101/><E8/><V4/><F4/><W133/><G133/><T49/><D61/><U114/><E9/><V54/><F10/><W109/><G109/><T36/><D36/><U73/><E73/><V76/><F56/><W120/><G120/><T79/><D58/><U50/><E114/><V48/><F48/><W85/><AGARI ba="0,0" hai="85,86,87,91,95" m="24651,11,48683" machi="85" ten="40,1500,0" yaku="18,1" doraHai="122" who="3" fromWho="3" sc="317,-7,313,-4,169,-4,201,15" /><INIT seed="5,0,0,3,0,36" ten="310,309,165,216" oya="1" hai0="68,41,97,119,117,129,77,31,78,30,23,27,103" hai1="114,83,49,55,87,108,88,73,40,18,22,90,7" hai2="92,25,96,2,107,8,70,13,24,44,105,16,58" hai3="124,45,115,106,76,80,100,116,79,65,20,72,75"/><U123/><E123/><V1/><F70/><W46/><G65/><T91/><D68/><U26/><E114/><V60/><F1/><W122/><G20/><T12/><D91/><U85/><E108/><V10/><F107/><W125/><G45/><T84/><D129/><U59/><E73/><N who="3" m="28234" /><G46/><T94/><D31/><U111/><E111/><V118/><F105/><W62/><G62/><T98/><D98/><U15/><E40/><V54/><F118/><W104/><G122/><T67/><D67/><U102/><E102/><V6/><REACH who="2" step="1"/><F44/><REACH who="2" ten="310,309,155,216" step="2"/><W33/><G106/><T112/><D117/><U113/><E113/><V93/><F93/><W133/><G116/><T89/><D119/><U17/><E7/><V95/><F95/><W37/><G104/><T38/><D112/><U132/><E132/><V50/><F50/><W32/><G133/><T5/><D97/><U28/><E15/><V39/><F39/><W0/><G37/><T3/><D3/><U35/><E35/><V128/><F128/><W34/><G0/><T21/><D38/><U86/><E83/><V135/><F135/><W109/><G115/><T19/><D103/><AGARI ba="0,1" hai="2,6,8,10,13,16,24,25,54,58,60,92,96,103" machi="103" ten="30,3900,0" yaku="1,1,7,1,54,1,53,0" doraHai="36" doraHaiUra="131" who="2" fromWho="0" sc="310,-39,309,0,155,49,216,0" /><INIT seed="6,0,0,0,0,134" ten="271,309,204,216" oya="2" hai0="47,102,32,19,17,37,135,8,121,74,59,71,86" hai1="123,24,66,13,132,67,91,80,126,10,111,72,31" hai2="83,117,1,7,120,28,60,64,89,78,84,12,21" hai3="0,61,100,55,122,52,82,38,104,131,77,3,88"/><V114/><F117/><W29/><G122/><T63/><D71/><U30/><E111/><V98/><F120/><W81/><G38/><T109/><D74/><U18/><E123/><V33/><F114/><W40/><G40/><T101/><D135/><U50/><E132/><V15/><F33/><W130/><G29/><T79/><D32/><U11/><E31/><V73/><F1/><N who="3" m="587" /><G88/><T95/><D47/><U48/><E10/><V49/><F49/><W99/><G61/><T53/><D37/><U110/><E110/><V76/><F7/><W94/><G104/><T34/><D34/><U46/><E50/><V87/><F73/><N who="3" m="43183" /><G82/><T92/><D109/><U75/><E75/><V90/><F98/><W119/><G119/><T113/><D113/><U65/><E72/><V70/><F15/><W118/><G118/><T25/><D79/><U85/><E30/><V26/><REACH who="2" step="1"/><F12/><REACH who="2" ten="271,309,194,216" step="2"/><W35/><G35/><T62/><D121/><U44/><E48/><V96/><F96/><W128/><AGARI ba="0,1" hai="52,55,94,99,100,128,130,131" m="43183,587" machi="128" ten="40,2700,0" yaku="19,1,54,1" doraHai="134" who="3" fromWho="3" sc="271,-7,309,-7,194,-13,216,37" /><INIT seed="7,0,0,4,4,79" ten="264,302,181,253" oya="3" hai0="53,96,101,74,94,10,40,126,30,100,61,44,125" hai1="42,14,50,128,52,127,122,86,3,29,131,112,83" hai2="85,57,124,76,95,117,130,104,84,26,37,2,15" hai3="129,97,80,90,113,49,19,107,64,24,51,118,71"/><W109/><G118/><T54/><D74/><U47/><E3/><V31/><F104/><W91/><G113/><T20/><D101/><U59/><E122/><V45/><F2/><W89/><G129/><N who="1" m="49738" /><E112/><V87/><F130/><W106/><G109/><T1/><D1/><U119/><E119/><V134/><F117/><W35/><G80/><T12/><D61/><U23/><E127/><N who="0" m="48649" /><D20/><U72/><E72/><V123/><F124/><W102/><G107/><T73/><D30/><U32/><E32/><V78/><F123/><W69/><G19/><N who="0" m="8599" /><D73/><U92/><E92/><V68/><F68/><W110/><G110/><T21/><D21/><U93/><E93/><V5/><F95/><W55/><G55/><T36/><AGARI ba="0,0" hai="36,40,44,53,54,94,96,100" m="8599,48649" machi="36" ten="30,1100,0" yaku="18,1" doraHai="79" who="0" fromWho="0" sc="264,11,302,-3,181,-3,253,-5" /><INIT seed="8,0,0,2,0,54" ten="275,299,178,248" oya="0" hai0="57,129,112,81,127,45,25,33,18,19,44,83,75" hai1="41,31,117,34,99,20,98,87,36,39,42,134,107" hai2="101,106,12,46,86,67,3,116,102,113,73,60,9" hai3="91,62,94,0,79,104,111,132,48,64,17,108,40"/><T92/><D112/><U35/><E87/><V7/><F113/><W1/><G104/><T70/><D70/><U32/><E107/><V68/><F116/><W49/><G79/><T43/><D45/><U38/><E117/><V97/><F86/><W51/><G40/><N who="1" m="15466" /><E20/><V76/><F46/><W56/><G132/><T128/><D127/><U23/><E23/><V26/><F101/><W121/><G121/><T4/><D4/><U50/><E50/><V65/><F65/><W100/><G100/><T6/><D6/><U21/><E21/><V125/><F12/><W120/><G17/><T119/><D19/><U135/><E31/><V103/><F103/><W52/><G120/><T27/><D18/><U109/><E109/><V10/><F10/><W124/><G124/><T88/><D119/><U82/><E82/><N who="2" m="45327" /><F26/><W22/><G22/><T126/><D126/><AGARI ba="0,0" hai="3,7,9,60,67,68,97,102,106,125,126" m="45327" machi="126" ten="30,1000,0" yaku="23,1" doraHai="54" who="2" fromWho="0" sc="275,-10,299,0,178,10,248,0" /><INIT seed="9,0,0,3,2,45" ten="265,299,188,248" oya="1" hai0="41,130,113,48,82,25,71,4,101,61,35,54,50" hai1="77,134,20,3,108,127,92,46,97,59,2,79,99" hai2="100,40,60,33,107,125,132,47,66,24,129,116,93" hai3="37,36,90,7,91,96,109,39,74,57,15,55,128"/><U23/><E2/><V0/><F116/><W65/><G109/><T121/><D4/><U89/><E3/><V14/><F0/><W34/><G74/><T95/><D82/><U16/><E108/><V131/><F125/><W114/><G34/><T63/><D130/><N who="2" m="49674" /><F132/><W11/><G114/><T84/><D113/><U98/><E127/><V133/><F133/><W120/><G128/><T68/><D41/><U26/><E134/><V22/><F14/><W30/><G30/><T81/><D25/><N who="1" m="14471" /><E46/><V12/><F12/><W102/><G65/><T58/><D35/><U17/><E59/><N who="2" m="37151" /><F107/><W62/><REACH who="3" step="1"/><G120/><REACH who="3" ten="265,299,188,238" step="2"/><T8/><D121/><U51/><E51/><N who="2" m="27111" /><F33/><W27/><G27/><T42/><D50/><U43/><E43/><V44/><F44/><W1/><G1/><T9/><D42/><U73/><E73/><V112/><F112/><W10/><G10/><T86/><D9/><U124/><E124/><V56/><F56/><W135/><G135/><T115/><D8/><U117/><E117/><V119/><F119/><W21/><G21/><T6/><D115/><U111/><E111/><V67/><F67/><W72/><G72/><T31/><D31/><U80/><E26/><V19/><F100/><W122/><G122/><T87/><D101/><U5/><E23/><V29/><F93/><AGARI ba="0,1" hai="7,11,15,36,37,39,55,57,62,90,91,93,96,102" machi="93" ten="40,1300,0" yaku="1,1,53,0" doraHai="45" doraHaiUra="64" who="3" fromWho="2" sc="265,0,299,0,188,-13,238,23" /><INIT seed="10,0,0,1,5,124" ten="265,299,175,261" oya="2" hai0="41,5,67,91,59,135,117,130,133,49,30,106,66" hai1="57,42,100,24,90,15,60,58,93,63,115,40,43" hai2="127,52,20,18,121,64,8,7,86,81,113,31,112" hai3="119,39,80,70,28,116,45,0,46,25,71,38,50"/><V47/><F127/><W2/><G80/><T75/><D106/><U110/><E110/><V72/><F121/><W33/><G50/><T10/><D75/><U109/><E109/><V95/><F72/><W129/><G129/><T104/><D130/><U4/><E115/><V101/><F31/><W79/><G79/><T27/><D104/><U82/><E100/><V125/><F125/><W61/><G61/><N who="1" m="23626" /><E82/><V9/><F64/><W103/><G103/><T6/><D6/><U77/><E77/><N who="2" m="46383" /><F113/><W128/><G128/><T114/><D114/><U51/><E24/><N who="2" m="14359" /><F112/><W21/><G21/><N who="0" m="15727" /><D117/><N who="3" m="45129" /><G46/><N who="0" m="25807" /><D91/><U36/><E36/><N who="3" m="13866" /><G45/><T65/><D135/><U17/><E4/><V122/><F122/><W92/><G92/><T105/><D133/><U96/><E51/><N who="2" m="28799" /><F7/><W1/><AGARI ba="0,0" hai="0,1,2,25,28,33,70,71" m="13866,45129" machi="1" ten="40,2700,0" yaku="16,1,23,1" doraHai="124" who="3" fromWho="3" sc="265,-7,299,-7,175,-13,261,27" /><INIT seed="11,0,0,4,0,19" ten="258,292,162,288" oya="3" hai0="133,100,53,128,63,4,11,124,115,102,59,86,83" hai1="80,111,127,23,36,33,5,112,18,62,27,95,89" hai2="67,134,91,56,2,108,114,44,17,64,65,103,77" hai3="113,92,43,109,119,85,42,96,110,45,132,130,6"/><W32/><G113/><T129/><D115/><U30/><E112/><V61/><F114/><RYUUKYOKU type="kaze4" ba="0,0" sc="258,0,292,0,162,0,288,0" /><INIT seed="11,1,0,1,2,28" ten="258,292,162,288" oya="3" hai0="85,91,24,9,53,14,29,17,124,36,50,64,134" hai1="82,43,21,106,4,78,59,16,47,38,5,113,54" hai2="57,6,41,30,1,56,96,80,63,125,123,2,81" hai3="126,133,45,13,92,105,97,31,3,115,117,11,101"/><W22/><G115/><T116/><D116/><U65/><E106/><V112/><F112/><W131/><G3/><T25/><D36/><U58/><E65/><V71/><F71/><W86/><G117/><T49/><D134/><U83/><E113/><V34/><F125/><W74/><G74/><T77/><D25/><U118/><E118/><V69/><F69/><W122/><G122/><T23/><D77/><U70/><E70/><V99/><F41/><W119/><G119/><T100/><D50/><U26/><E83/><V110/><F110/><W27/><G131/><T75/><D75/><U76/><E76/><V40/><F40/><W84/><G133/><T12/><D12/><U87/><E59/><V135/><F135/><W107/><G126/><T19/><D100/><U66/><E66/><V51/><F51/><AGARI ba="1,0" hai="4,5,16,21,26,38,43,47,51,54,58,78,82,87" machi="51" ten="30,2000,0" yaku="7,1,54,1" doraHai="28" who="1" fromWho="2" sc="258,0,292,23,162,-23,288,0" owari="258,-14.0,315,41.0,139,-36.0,288,9.0" /></mjloggm>