<mjloggm ver="2.3"><GO type="169" lobby="0"/><UN n0="%E3%83%88%E3%83%88%E3%83%AA%E5%85%88%E7%94%9F%31%39%E6%AD%B3" n1="%63%6F%62%65%68%6F%70%65" n2="%E5%AE%9F%E5%A6%B9" n3="%E3%83%95%E3%83%AB%E3%82%B9%E3%82%A4%E3%83%B3%E3%82%B0%E7%B6%BE%E5%A5%88" dan="19,17,16,16" rate="2283.04,2235.30,2068.22,2037.29" sx="F,M,F,F"/><TAIKYOKU oya="0"/><INIT seed="0,0,0,2,1,116" ten="250,250,250,250" oya="0" hai0="121,68,50,86,88,34,31,84,41,87,44,30,103" hai1="42,96,122,118,54,58,110,46,53,97,94,51,115" hai2="92,14,114,134,83,125,105,119,16,5,10,18,124" hai3="102,39,37,25,43,11,104,66,55,64,67,133,62"/><T40/><D68/><U2/><E118/><V12/><F105/><W81/><G81/><T65/><D65/><U47/><E2/><V59/><F119/><W129/><G11/><T15/><D121/><U56/><E110/><V6/><F83/><W95/><G95/><T123/><D123/><U70/><E115/><V73/><F73/><W120/><G25/><T24/><D31/><U80/><E70/><V29/><F92/><W77/><G77/><T131/><D131/><U109/><E109/><V99/><F99/><W17/><G17/><N who="2" m="6761" /><F59/><N who="3" m="35199" /><G102/><T8/><D41/><U1/><E1/><V113/><F29/><W79/><G79/><T26/><D26/><U28/><E28/><V36/><F36/><N who="3" m="13899" /><G104/><T45/><D45/><U35/><E35/><V127/><F134/><W74/><G74/><T108/><D103/><U112/><E112/><N who="2" m="43115" /><F10/><W93/><G93/><T61/><D61/><U22/><E122/><V69/><F69/><W91/><G91/><T9/><D108/><U85/><E22/><V111/><F111/><W117/><G120/><T75/><D75/><U48/><E42/><V126/><N who="2" m="31744" /><DORA hai="72" /><V78/><F78/><W128/><G117/><T135/><D135/><U89/><REACH who="1" step="1"/><E97/><REACH who="1" ten="250,240,250,250" step="2"/><V49/><F49/><W33/><G133/><T52/><D40/><U98/><E98/><V100/><F100/><AGARI ba="0,1" hai="46,47,48,51,53,54,56,58,80,85,89,94,96,100" machi="100" ten="30,7700,0" yaku="1,1,7,1,9,1,8,1,53,0" doraHai="116,72" doraHaiUra="63,101" who="1" fromWho="2" sc="250,0,240,87,250,-77,250,0" /><INIT seed="1,0,0,1,0,79" ten="250,327,173,250" oya="1" hai0="89,6,54,114,107,92,122,5,35,7,30,119,97" hai1="40,83,48,123,103,113,117,99,69,2,82,16,73" hai2="104,60,22,17,74,121,8,52,133,49,71,10,15" hai3="95,120,41,66,100,64,134,51,19,72,132,21,102"/><U3/><E113/><V70/><F121/><W61/><G120/><T26/><D122/><U93/><E69/><V118/><F118/><W24/><G72/><T9/><D119/><U25/><E117/><V85/><F133/><N who="3" m="51307" /><G95/><T90/><D114/><U46/><E123/><V76/><F104/><W108/><G108/><T23/><D107/><U50/><E73/><V87/><F74/><W12/><G24/><T32/><D32/><U14/><E25/><V62/><F71/><N who="3" m="42383" /><G66/><T86/><D35/><U63/><E63/><N who="2" m="24107" /><F70/><W47/><AGARI ba="0,0" hai="12,19,21,41,47,51,100,102" m="42383,51307" machi="47" ten="30,1100,0" yaku="20,1" doraHai="79" who="3" fromWho="3" sc="250,-3,327,-5,173,-3,250,11" /><INIT seed="2,0,0,1,1,87" ten="247,322,170,261" oya="2" hai0="88,19,60,81,7,49,22,43,76,133,42,110,101" hai1="134,40,121,107,13,31,56,33,26,120,104,57,27" hai2="17,61,131,89,72,94,73,74,9,108,118,2,99" hai3="70,8,48,127,85,69,28,50,59,106,71,45,82"/><V54/><F118/><W20/><G106/><T29/><D110/><U25/><E40/><V75/><N who="2" m="18432" /><DORA hai="125" /><V78/><F78/><W6/><G127/><T32/><D133/><U129/><E134/><V92/><F108/><W65/><G28/><T117/><D117/><U100/><E31/><V44/><F131/><W115/><G20/><T1/><D101/><U53/><E33/><V124/><F124/><W132/><G115/><T96/><D76/><U64/><E100/><V105/><F105/><W135/><G132/><T95/><D81/><U11/><E64/><V130/><F130/><W126/><G126/><T119/><D49/><N who="1" m="30767" /><E57/><V113/><F113/><W12/><G135/><T37/><D37/><U122/><E129/><V114/><F114/><W112/><G112/><T103/><D103/><U83/><E83/><V4/><F17/><AGARI ba="0,0" hai="11,13,17,25,26,27,104,107,120,121,122" m="30767" machi="17" ten="40,1300,0" yaku="13,1" doraHai="87,125" who="1" fromWho="2" sc="247,0,322,13,170,-13,261,0" /><INIT seed="3,0,0,4,4,68" ten="247,335,157,261" oya="3" hai0="78,133,6,27,135,100,58,66,43,82,13,104,129" hai1="44,18,98,20,56,5,93,61,42,124,55,81,36" hai2="86,121,95,38,74,62,26,107,40,11,30,29,17" hai3="33,84,63,119,103,77,34,80,51,41,131,64,45"/><W50/><G119/><T108/><D108/><U4/><E124/><V8/><F107/><W122/><G122/><T111/><D111/><U0/><E81/><V3/><F74/><W46/><G103/><T31/><D129/><U113/><E0/><V59/><F121/><W127/><G127/><T114/><D114/><U67/><E67/><V134/><F134/><W35/><G131/><T91/><D91/><U16/><E18/><V69/><F69/><W105/><G105/><T101/><D43/><U52/><E55/><V75/><F75/><W118/><G118/><T83/><D83/><U109/><E113/><V65/><F3/><W7/><G7/><T10/><D58/><U117/><E109/><V14/><F8/><W120/><G120/><T128/><D66/><U15/><E117/><V97/><F86/><W92/><G92/><T76/><D128/><U9/><E9/><V126/><F126/><W90/><G90/><AGARI ba="0,0" hai="4,5,15,16,20,36,42,44,52,56,61,90,93,98" machi="90" ten="30,7700,0" yaku="7,1,52,1,54,2" doraHai="68" who="1" fromWho="3" sc="247,0,335,77,157,0,261,-77" /><INIT seed="4,0,0,3,0,0" ten="247,412,157,184" oya="0" hai0="36,87,3,98,31,130,59,122,93,24,75,88,124" hai1="96,113,47,92,131,125,77,117,61,111,66,28,100" hai2="119,110,55,95,39,72,112,76,108,43,23,5,62" hai3="60,26,49,79,21,22,129,85,51,103,118,4,84"/><T120/><D130/><U42/><E111/><N who="2" m="42539" /><F119/><W13/><G129/><T114/><D114/><U104/><E125/><V102/><F112/><W45/><G118/><T78/><D124/><U11/><E117/><V105/><F105/><W33/><G103/><T64/><D36/><U6/><E131/><V134/><F134/><W58/><G33/><T70/><D70/><U128/><E128/><V32/><F32/><W17/><G79/><T2/><D75/><U101/><E113/><V30/><F43/><N who="3" m="24767" /><G51/><T10/><D3/><U16/><E28/><V73/><F39/><W82/><G82/><T15/><D2/><U86/><E16/><V46/><F76/><W14/><G14/><T71/><D71/><U35/><E35/><V127/><F127/><W53/><G4/><T18/><D64/><U40/><E47/><V56/><F46/><W9/><G9/><T44/><D44/><U52/><E66/><V38/><F38/><W25/><G25/><T121/><D59/><N who="1" m="35047" /><E101/><V74/><F30/><AGARI ba="0,0" hai="13,17,21,22,26,30,53,58,60,84,85" m="24767" machi="30" ten="30,1000,0" yaku="8,1" doraHai="0" who="3" fromWho="2" sc="247,0,412,0,157,-10,184,10" /><INIT seed="5,0,0,4,2,46" ten="247,412,147,194" oya="1" hai0="73,100,82,71,95,52,128,39,123,48,92,21,17" hai1="19,99,23,49,45,5,101,83,26,16,106,94,63" hai2="102,50,97,69,72,29,112,33,8,131,65,35,77" hai3="62,74,25,93,122,9,85,86,60,70,59,51,80"/><U110/><E110/><V119/><F119/><W91/><G122/><T84/><D123/><U107/><E5/><V125/><F8/><W134/><G74/><T20/><D73/><U28/><E106/><V56/><F131/><W98/><G134/><T116/><D128/><U111/><E111/><V90/><F69/><W129/><G129/><T55/><D116/><U109/><E109/><V41/><F125/><W53/><G70/><T68/><D39/><U79/><E63/><N who="3" m="24106" /><G80/><T67/><D67/><U87/><E107/><V75/><F90/><W11/><G25/><N who="0" m="14479" /><D68/><U7/><E7/><V96/><F77/><W54/><G54/><AGARI ba="0,0" hai="16,19,23,26,28,45,49,54,79,83,87,94,99,101" machi="54" ten="30,11600,0" yaku="7,1,8,1,52,1,54,1" doraHai="46" who="1" fromWho="3" sc="247,0,412,116,147,0,194,-116" /><INIT seed="5,1,0,5,0,49" ten="247,528,147,78" oya="1" hai0="113,41,74,21,8,42,0,102,115,18,93,39,52" hai1="134,14,109,84,24,72,112,68,100,79,46,44,71" hai2="128,35,3,131,91,9,120,129,85,58,31,36,13" hai3="114,51,124,83,40,111,104,30,105,60,26,132,123"/><U76/><E72/><V95/><F120/><W133/><G123/><T118/><D118/><U11/><E100/><V86/><F36/><W108/><G83/><T10/><D74/><U70/><E112/><N who="0" m="43081" /><D102/><U110/><E134/><N who="3" m="51818" /><G114/><T23/><D93/><U43/><E24/><V59/><F3/><W77/><G77/><T20/><D18/><U63/><E63/><V25/><F86/><W7/><G7/><AGARI ba="1,0" hai="7,9,13,25,31,35,58,59,85,91,95,128,129,131" machi="7" ten="40,1300,0" yaku="19,1" doraHai="49" who="2" fromWho="3" sc="247,0,528,0,147,16,78,-16" /><INIT seed="6,0,0,2,0,23" ten="247,528,163,62" oya="2" hai0="122,26,53,89,131,51,94,120,4,82,130,77,106" hai1="78,90,48,86,97,101,91,98,14,10,0,44,52" hai2="62,102,121,29,40,11,45,110,135,83,61,38,24" hai3="2,15,7,33,54,124,129,123,8,80,109,125,99"/><V65/><F121/><W41/><G123/><T68/><D106/><U18/><E0/><V34/><F135/><W39/><G109/><T59/><D68/><U75/><E75/><V113/><F113/><W27/><G54/><T25/><D4/><U79/><E91/><V56/><F110/><W19/><G99/><N who="0" m="57807" /><D122/><U84/><E84/><V55/><F83/><W132/><G80/><T111/><D111/><U95/><E97/><V20/><F11/><W60/><G60/><T87/><D120/><U76/><E76/><V112/><F112/><W50/><G39/><T72/><D72/><U13/><E13/><V126/><F126/><N who="3" m="48747" /><G50/><T73/><D73/><U28/><E28/><V42/><F42/><W64/><G64/><T92/><D92/><AGARI ba="0,0" hai="10,14,18,44,48,52,78,79,86,90,92,95,98,101" machi="92" ten="30,3900,0" yaku="7,1,8,1,54,1" doraHai="23" who="1" fromWho="0" sc="247,-39,528,39,163,0,62,0" /><INIT seed="7,0,0,3,4,101" ten="208,567,163,62" oya="3" hai0="76,21,34,105,23,37,93,3,68,97,133,47,51" hai1="107,117,60,43,89,14,44,77,20,80,106,18,41" hai2="35,83,102,63,81,84,13,5,64,45,30,8,112" hai3="123,87,59,100,99,104,52,27,2,79,42,55,134"/><W92/><G123/><T124/><D105/><U4/><E117/><V128/><F128/><W54/><G2/><T53/><D3/><U0/><E43/><V129/><F129/><W11/><G134/><T31/><D68/><U96/><E60/><V118/><F118/><W38/><G11/><T111/><D111/><U56/><E56/><V48/><F102/><W122/><G122/><T69/><D69/><U75/><E89/><V9/><F9/><W57/><G27/><T26/><D133/><U78/><E78/><V62/><F112/><W65/><G65/><T50/><D37/><N who="1" m="21551" /><E96/><V7/><F7/><W58/><G42/><T82/><D124/><U25/><E14/><V28/><F35/><W113/><G38/><T86/><D50/><U73/><E73/><V110/><F110/><W71/><G71/><T121/><D121/><U95/><E95/><V88/><F81/><W61/><G113/><T1/><D1/><U126/><E126/><V90/><F90/><AGARI ba="0,0" hai="21,23,26,31,34,47,51,53,76,82,86,90,93,97" machi="90" ten="30,1000,0" yaku="7,1" doraHai="101" who="0" fromWho="2" sc="208,10,567,0,163,-10,62,0" owari="218,2.0,567,67.0,153,-25.0,62,-44.0" /></mjloggm>