<mjloggm ver="2.3"><GO type="169" lobby="0"/><UN n0="%E3%83%AD%E3%83%90%E3%83%BC%E3%83%88%E3%83%BB%E3%83%AD%E3%83%BC%E3%82%BA" n1="%61%6D%61%73%69%6D%61%6B" n2="%E8%A3%8F%E6%A0%97%E6%8B%BE%E3%81%84" n3="%E3%83%88%E3%83%88%E3%83%AA%E5%85%88%E7%94%9F%31%39%E6%AD%B3" dan="16,16,16,19" rate="2077.11,2133.77,2096.58,2277.02" sx="M,M,M,F"/><TAIKYOKU oya="0"/><INIT seed="0,0,0,1,3,91" ten="250,250,250,250" oya="0" hai0="58,128,8,71,49,43,118,121,38,130,45,23,54" hai1="10,122,111,133,52,56,21,11,53,102,55,39,34" hai2="125,87,90,79,1,7,18,12,30,67,96,107,124" hai3="119,110,134,47,15,50,77,100,6,14,17,88,112"/><T70/><D8/><U57/><E122/><V101/><F67/><W86/><G112/><T73/><D23/><U20/><E34/><V33/><F79/><W97/><G119/><T25/><D25/><U117/><E117/><V68/><F68/><N who="0" m="26154" /><D73/><U63/><E39/><V92/><F7/><W115/><G110/><T27/><D27/><U78/><E111/><V89/><F1/><W72/><G134/><T94/><D94/><U41/><E41/><V62/><F62/><W98/><G115/><T93/><D93/><U51/><E55/><V80/><F30/><W114/><G114/><T113/><D113/><U46/><E46/><V82/><F33/><W95/><G100/><T65/><D118/><U84/><E102/><V116/><F116/><W32/><G32/><T129/><D65/><U35/><E35/><V19/><F90/><W9/><G77/><T66/><D66/><U36/><E78/><V60/><F19/><W76/><G76/><T106/><D106/><U48/><E84/><V24/><F24/><W85/><G85/><T26/><D26/><U81/><E81/><N who="2" m="31339" /><F18/><W99/><G72/><T16/><D16/><U22/><E10/><V5/><F5/><W37/><G86/><T44/><D121/><U42/><E11/><V0/><F0/><W2/><G2/><T75/><D75/><U59/><E21/><V131/><F87/><W40/><G37/><T123/><D123/><U61/><E20/><AGARI ba="0,0" hai="6,9,14,15,17,20,40,47,50,88,95,97,98,99" machi="20" ten="30,7700,0" yaku="7,1,8,1,52,1,54,1" doraHai="91" who="3" fromWho="1" sc="250,0,250,-77,250,0,250,77" /><INIT seed="1,0,0,1,3,94" ten="250,173,250,327" oya="1" hai0="1,65,131,73,44,28,71,119,51,48,129,6,20" hai1="7,78,99,115,13,21,114,34,36,31,52,90,120" hai2="55,43,72,111,42,104,77,61,12,15,46,74,38" hai3="98,64,80,106,63,124,5,10,128,3,68,53,59"/><U56/><E120/><V123/><F123/><W81/><G128/><N who="0" m="49227" /><D73/><U18/><E36/><V133/><F111/><W70/><G124/><T91/><D119/><U66/><E66/><V58/><F133/><W134/><G134/><T22/><D28/><U19/><E78/><V135/><F135/><W112/><G112/><T100/><D100/><U85/><E7/><V97/><F43/><W17/><G17/><T118/><D48/><U93/><E85/><V57/><F77/><W75/><G75/><T110/><D118/><U87/><E87/><V96/><F104/><W109/><G109/><T32/><D32/><U8/><E34/><V102/><F72/><W92/><G106/><T108/><D91/><U11/><E31/><V30/><F102/><W2/><G2/><T45/><D45/><U117/><E117/><V40/><F74/><W107/><G107/><T82/><D82/><U29/><E29/><V0/><F0/><W14/><G3/><T95/><D95/><U122/><E122/><V4/><F30/><W116/><G116/><T86/><D86/><U125/><E125/><V54/><F46/><W35/><G35/><T9/><D108/><U84/><E84/><V23/><F38/><W127/><G127/><T79/><D79/><U16/><E115/><V60/><F23/><W26/><G81/><T76/><D76/><U88/><E90/><V89/><F89/><N who="3" m="55567" /><G80/><T69/><D110/><U132/><E114/><V113/><F113/><W24/><G68/><N who="0" m="26187" /><D65/><U41/><E132/><V37/><F37/><W130/><G130/><T101/><D101/><U27/><E21/><RYUUKYOKU ba="0,0" sc="250,10,173,-30,250,10,327,10" hai0="1,6,9,20,22,44,51" hai2="4,12,15,40,42,54,55,57,58,60,61,96,97" hai3="5,10,14,24,26,53,59,63,64,70" /><INIT seed="2,1,0,5,5,37" ten="260,143,260,337" oya="2" hai0="22,133,110,11,113,101,6,84,49,132,91,62,100" hai1="15,58,90,123,76,47,118,92,105,108,10,80,36" hai2="72,1,31,3,39,42,94,64,87,99,20,26,17" hai3="60,25,103,43,5,59,38,55,13,127,41,9,7"/><V56/><F72/><W14/><G38/><T104/><D113/><U135/><E105/><V88/><F39/><W65/><G127/><T96/><D110/><U61/><E118/><V71/><F71/><W30/><G103/><T46/><D22/><U117/><E117/><V35/><F42/><N who="3" m="15883" /><G25/><T116/><D62/><U86/><E108/><V125/><F125/><W128/><G30/><T32/><D32/><U89/><E123/><V45/><F45/><W12/><G128/><T68/><D68/><U8/><E135/><N who="0" m="51785" /><D96/><U57/><E89/><V52/><F64/><W23/><G23/><T70/><D104/><U16/><E61/><N who="2" m="35975" /><F87/><W44/><G7/><T4/><D4/><U112/><E112/><V122/><F122/><W126/><G126/><T18/><D18/><U63/><E36/><V67/><F67/><W106/><G106/><T2/><D70/><U48/><E10/><V124/><F124/><W95/><G44/><T28/><D28/><U93/><E47/><V111/><F111/><W97/><G65/><T29/><D29/><U79/><E58/><V33/><F31/><W24/><G24/><T74/><D74/><U66/><REACH who="1" step="1"/><E48/><REACH who="1" ten="260,133,260,337" step="2"/><V34/><AGARI ba="1,1" hai="1,3,17,20,26,33,34,35,88,94,99" m="35975" machi="34" ten="30,6000,0" yaku="25,1,54,2" doraHai="37" who="2" fromWho="2" sc="260,-21,133,-21,260,73,337,-21" /><INIT seed="2,2,0,1,0,116" ten="239,112,333,316" oya="2" hai0="19,74,96,11,28,90,50,88,22,25,130,2,35" hai1="95,118,134,46,52,122,83,38,89,86,84,33,30" hai2="3,81,6,111,8,64,37,125,82,0,7,80,54" hai3="92,68,49,78,66,72,124,94,99,4,97,44,103"/><V71/><F125/><W123/><G123/><T101/><D74/><U36/><E118/><V15/><F111/><W43/><G124/><T132/><D130/><U65/><E134/><V42/><F54/><W73/><G78/><T1/><D132/><U62/><E122/><V26/><F7/><W23/><G4/><T117/><D117/><U91/><E33/><V127/><F127/><W128/><G128/><T29/><D29/><U18/><E30/><V39/><F26/><W9/><G9/><T131/><D131/><U21/><E46/><V110/><F110/><W102/><REACH who="3" step="1"/><G23/><REACH who="3" ten="239,112,333,306" step="2"/><T75/><D11/><U70/><REACH who="1" step="1"/><E52/><REACH who="1" ten="239,102,333,306" step="2"/><V69/><F42/><W109/><G109/><T12/><D35/><U133/><E133/><V53/><F53/><W85/><G85/><T56/><D75/><U51/><E51/><V77/><F39/><W119/><G119/><T87/><D87/><U63/><E63/><AGARI ba="2,2" hai="43,44,49,63,66,68,72,73,92,94,97,99,102,103" machi="63" ten="40,2600,0" yaku="1,1,9,1,53,0" doraHai="116" doraHaiUra="5" who="3" fromWho="1" sc="239,0,102,-32,333,0,306,52" /><INIT seed="3,0,0,5,5,67" ten="239,70,333,358" oya="3" hai0="107,127,61,17,4,52,43,96,26,112,99,104,55" hai1="93,48,32,132,120,57,77,6,27,21,88,33,87" hai2="79,80,24,75,84,65,72,66,15,12,10,98,54" hai3="73,100,121,95,105,38,82,108,39,36,62,117,119"/><W41/><G95/><T103/><D127/><U34/><E120/><V68/><F66/><W110/><G121/><T102/><D112/><U16/><E132/><V118/><F118/><W128/><G41/><T20/><D4/><U83/><E6/><V51/><F24/><W85/><G128/><T131/><D131/><U97/><REACH who="1" step="1"/><E34/><REACH who="1" ten="239,60,333,358" step="2"/><V115/><F115/><W81/><G117/><T90/><D43/><U70/><E70/><V123/><F123/><W40/><G119/><T19/><D19/><U42/><E42/><V74/><F10/><W8/><G40/><T86/><REACH who="0" step="1"/><D61/><REACH who="0" ten="229,60,333,358" step="2"/><U23/><E23/><V18/><F68/><W9/><G62/><T122/><D122/><U92/><E92/><AGARI ba="0,2" hai="17,20,26,52,55,86,90,92,96,99,102,103,104,107" machi="92" ten="30,7700,0" yaku="1,1,7,1,9,1,54,1,53,0" doraHai="67" doraHaiUra="64" who="0" fromWho="1" sc="229,97,60,-77,333,0,358,0" owari="326,-7.0,-17,-52.0,333,13.0,358,46.0" /></mjloggm>