<mjloggm ver="2.3"><GO type="169" lobby="0"/><UN n0="%E9%BB%92%E7%8C%AB%40%E3%81%BA%E3%82%8D%E3%81%BA%E3%82%8D%E2%98%86" n1="%69%6E%61%62%61%54" n2="%E3%83%88%E3%83%88%E3%83%AA%E5%85%88%E7%94%9F%31%39%E6%AD%B3" n3="%79%65%61%72%6C%69%67%68" dan="18,16,19,16" rate="2210.80,2057.25,2270.69,2133.21" sx="F,M,F,M"/><TAIKYOKU oya="0"/><INIT seed="0,0,0,0,0,66" ten="250,250,250,250" oya="0" hai0="11,43,27,114,128,50,77,60,1,135,3,81,124" hai1="7,76,53,31,99,96,100,19,37,82,22,30,38" hai2="5,47,87,106,133,102,16,46,127,6,117,63,92" hai3="9,36,62,103,119,45,131,42,29,95,109,115,83"/><T130/><D114/><U116/><E116/><V105/><F117/><W57/><G115/><T23/><D135/><U33/><E33/><V25/><F133/><W71/><G109/><T97/><D124/><U21/><E7/><V17/><F127/><W51/><G29/><T26/><D97/><U113/><E53/><V107/><F63/><W28/><G28/><T125/><D125/><U89/><E89/><V126/><F126/><W55/><G131/><T84/><D11/><U129/><E129/><N who="0" m="49769" /><D60/><U0/><E0/><N who="0" m="73" /><D23/><U69/><E99/><V93/><F102/><W10/><G83/><T13/><D13/><U56/><E96/><V49/><F25/><N who="0" m="9226" /><D50/><U59/><E113/><V123/><F105/><W75/><G10/><T40/><AGARI ba="0,0" hai="40,43,77,81,84" m="9226,73,49769" machi="40" ten="40,2100,0" yaku="19,1" doraHai="66" who="0" fromWho="0" sc="250,21,250,-7,250,-7,250,-7" /><INIT seed="0,1,0,5,2,111" ten="271,243,243,243" oya="0" hai0="3,39,118,63,17,27,92,83,32,57,113,105,99" hai1="19,130,82,127,96,33,123,21,34,28,70,91,109" hai2="69,14,74,65,80,50,117,75,40,121,122,35,77" hai3="64,54,26,94,114,6,51,131,68,102,120,38,9"/><T13/><D118/><U43/><E123/><V85/><F35/><W52/><G38/><T135/><D3/><U15/><E109/><V93/><F117/><W106/><G106/><T66/><D135/><U37/><E127/><V107/><F107/><W86/><G120/><T59/><D39/><U31/><E70/><V16/><F69/><W46/><G131/><T4/><D4/><U119/><E119/><V10/><F65/><W72/><G72/><T129/><D129/><U132/><E132/><V36/><F36/><W134/><G26/><T20/><D83/><U115/><E130/><V126/><F75/><W87/><G54/><T101/><D113/><U76/><E115/><V133/><F126/><W11/><G114/><T95/><REACH who="0" step="1"/><D59/><REACH who="0" ten="261,243,243,243" step="2"/><U55/><E82/><V45/><F133/><W22/><G6/><T89/><D89/><U124/><E91/><V78/><F78/><W44/><G134/><T98/><D98/><U108/><E96/><V104/><F121/><W2/><G2/><T29/><AGARI ba="1,1" hai="13,17,20,27,29,32,57,63,66,92,95,99,101,105" machi="29" ten="30,6000,0" yaku="1,1,0,1,53,1" doraHai="111" doraHaiUra="97" who="0" fromWho="0" sc="261,73,243,-21,243,-21,243,-21" /><INIT seed="0,2,0,1,5,87" ten="334,222,222,222" oya="0" hai0="79,80,98,40,123,90,39,70,105,48,45,18,117" hai1="81,78,91,27,67,16,9,82,26,77,109,32,28" hai2="59,125,74,38,2,132,55,119,50,128,73,127,114" hai3="20,62,35,102,24,60,33,54,104,86,134,49,122"/><T76/><D117/><U118/><E118/><V36/><F119/><W41/><G134/><T116/><D123/><U71/><E109/><V23/><F2/><W34/><G41/><T4/><D116/><U17/><E9/><V135/><F23/><W69/><G86/><N who="0" m="50503" /><D105/><U57/><E71/><V13/><F13/><W99/><G122/><T97/><D39/><N who="2" m="14890" /><F74/><W131/><G131/><T124/><D70/><U3/><E3/><V95/><F95/><W1/><G1/><T56/><D124/><N who="2" m="47690" /><F73/><W14/><G14/><T130/><D130/><U63/><E27/><V12/><F12/><W115/><G69/><T110/><D4/><U126/><E126/><V89/><F89/><W22/><G22/><T93/><D56/><U58/><E58/><V44/><F128/><W8/><G35/><T52/><D110/><U83/><REACH who="1" step="1"/><E91/><REACH who="1" ten="334,212,222,222" step="2"/><V11/><F11/><W101/><G8/><T25/><D25/><U106/><E106/><V46/><F114/><W29/><G115/><T51/><D76/><AGARI ba="2,1" hai="16,17,26,28,32,57,63,67,76,77,78,81,82,83" machi="76" ten="40,2600,0" yaku="1,1,54,1,53,0" doraHai="87" doraHaiUra="108" who="1" fromWho="0" sc="334,-32,212,42,222,0,222,0" /><INIT seed="1,0,0,1,0,24" ten="302,254,222,222" oya="1" hai0="57,119,131,47,34,86,64,96,76,90,1,32,79" hai1="82,83,94,132,48,106,63,84,18,37,114,105,19" hai2="0,4,31,113,116,129,120,81,100,104,110,67,21" hai3="38,130,10,69,56,66,43,39,74,58,12,102,92"/><U93/><E37/><V54/><F67/><W72/><G130/><T134/><D119/><U41/><E114/><V25/><F54/><W115/><G69/><T117/><D117/><U16/><E132/><V111/><F81/><W88/><G102/><T73/><D1/><U27/><E63/><V107/><F116/><W44/><G39/><T108/><D73/><U95/><E27/><N who="2" m="16879" /><F100/><W30/><G30/><T33/><D96/><U122/><E122/><V124/><F107/><W8/><G8/><T23/><D23/><U13/><E13/><V97/><F97/><W75/><G66/><T127/><D47/><N who="1" m="25711" /><E105/><V46/><F46/><W65/><G65/><T77/><D134/><U85/><E106/><V36/><F104/><W49/><G38/><T11/><D127/><U35/><E35/><V2/><F36/><W80/><G80/><AGARI ba="0,0" hai="16,18,19,80,82,83,84,85,93,94,95" m="25711" machi="80" ten="30,2900,0" yaku="8,1,54,1" doraHai="24" who="1" fromWho="3" sc="302,0,254,29,222,0,222,-29" /><INIT seed="1,1,0,2,4,80" ten="302,283,222,193" oya="1" hai0="31,84,125,21,40,100,44,112,20,73,89,120,8" hai1="99,49,6,55,86,10,122,60,68,46,119,54,66" hai2="78,132,93,1,45,61,43,12,123,37,36,109,2" hai3="48,124,27,16,74,26,25,107,96,76,88,134,62"/><U52/><E119/><V75/><F123/><W108/><G108/><T98/><D112/><U19/><E122/><V22/><F37/><W29/><G134/><T5/><D73/><U102/><E19/><V3/><F109/><W117/><G124/><T59/><D59/><U35/><E35/><V130/><F130/><W92/><G107/><T131/><D131/><U82/><E99/><V67/><F132/><W94/><G62/><T121/><D125/><U41/><E102/><V4/><F12/><W103/><G117/><T116/><D31/><U91/><REACH who="1" step="1"/><E41/><REACH who="1" ten="302,273,222,193" step="2"/><V11/><F22/><W95/><G16/><T58/><D100/><U128/><E128/><V133/><F133/><W13/><G103/><T7/><D98/><U30/><E30/><V0/><F93/><W39/><G92/><N who="0" m="54311" /><D21/><U23/><E23/><V42/><F42/><W127/><G127/><T118/><D20/><U81/><E81/><V64/><F43/><W115/><G95/><T87/><D118/><U90/><E90/><V97/><F97/><W53/><G96/><T57/><D116/><U9/><E9/><V14/><F11/><W63/><G94/><T65/><D121/><U114/><E114/><V17/><F17/><W110/><G115/><T106/><D8/><U18/><E18/><V69/><F78/><W24/><G76/><T77/><D120/><U83/><E83/><V72/><F4/><W111/><G111/><T47/><D5/><U15/><AGARI ba="1,1" hai="6,10,15,46,49,52,54,55,60,66,68,82,86,91" machi="15" ten="20,12000,1" yaku="1,1,0,1,7,1,52,1,54,1,53,0" doraHai="80" doraHaiUra="71" who="1" fromWho="1" sc="302,-41,273,133,222,-41,193,-41" /><INIT seed="1,2,0,0,1,90" ten="261,406,181,152" oya="1" hai0="80,85,11,125,42,23,119,120,10,8,49,94,111" hai1="67,129,1,37,31,65,89,32,78,128,95,107,91" hai2="24,104,110,84,16,33,18,100,124,64,114,57,79" hai3="12,47,29,52,4,0,7,77,109,132,115,75,74"/><U73/><E107/><V54/><F110/><W20/><G115/><T44/><D125/><U121/><E121/><V130/><F114/><W61/><G109/><T58/><D111/><U118/><E118/><V53/><F130/><N who="1" m="50281" /><E37/><V30/><F124/><W60/><G0/><T103/><D119/><U96/><E1/><V135/><F135/><W50/><G132/><T36/><D120/><U81/><E89/><V112/><F112/><W126/><G126/><T131/><D131/><U2/><E2/><V48/><F64/><N who="1" m="24649" /><E31/><V76/><F84/><W108/><G108/><T45/><D58/><U116/><E116/><V5/><F5/><W40/><G77/><T127/><D127/><U17/><E17/><V56/><F79/><W101/><G29/><T39/><D44/><U28/><E28/><V88/><F76/><W55/><G4/><T113/><D113/><U46/><E46/><V14/><F88/><W68/><G7/><T34/><D36/><U122/><E122/><V13/><F13/><W59/><G12/><T15/><D39/><U102/><E102/><V93/><F104/><W35/><G101/><T72/><D103/><U106/><E106/><V66/><F66/><W70/><G47/><T92/><D15/><U71/><E71/><V6/><F6/><W22/><G70/><T62/><D45/><U133/><E32/><V117/><F117/><W63/><G35/><T38/><D34/><U43/><E43/><V21/><F18/><W26/><G40/><T97/><D42/><U98/><E98/><N who="2" m="59471" /><F56/><N who="3" m="32791" /><G68/><T83/><D38/><U87/><E73/><V105/><F105/><RYUUKYOKU ba="2,0" sc="261,-15,406,15,181,15,152,-15" hai1="78,81,87,91,95,96,133" hai2="14,16,21,24,30,33,48,53,54,57" /><INIT seed="1,3,0,3,0,96" ten="246,421,196,137" oya="1" hai0="49,85,119,121,47,135,51,88,41,75,86,38,23" hai1="125,68,8,81,40,2,59,60,67,100,76,74,54" hai2="42,29,108,15,116,10,70,130,71,106,89,4,113" hai3="39,69,80,123,1,35,28,0,57,132,90,105,114"/><U120/><E120/><V7/><F116/><W134/><G114/><T109/><D75/><U18/><E125/><V87/><F108/><W117/><G117/><T111/><D119/><U129/><E129/><V12/><F130/><W61/><G39/><T103/><D135/><U19/><E40/><V78/><F106/><W52/><G69/><T26/><D86/><U6/><REACH who="1" step="1"/><E100/><REACH who="1" ten="246,411,196,137" step="2"/><V79/><F42/><W118/><G123/><T9/><D121/><U37/><E37/><V22/><F113/><W25/><G118/><T24/><D103/><U72/><E72/><V104/><F104/><W20/><G105/><T45/><D38/><U5/><E5/><V64/><F4/><W53/><G134/><T11/><D111/><U44/><E44/><V133/><F133/><W98/><G132/><T92/><D109/><U14/><E14/><V36/><F36/><W94/><G1/><T131/><D131/><U48/><AGARI ba="3,1" hai="2,6,8,18,19,48,54,59,60,67,68,74,76,81" machi="48" ten="20,3900,0" yaku="1,1,0,1,7,1,53,0" doraHai="96" doraHaiUra="30" who="1" fromWho="1" sc="246,-16,411,58,196,-16,137,-16" /><INIT seed="1,4,0,5,5,22" ten="230,469,180,121" oya="1" hai0="5,130,64,107,99,131,106,36,116,39,75,134,85" hai1="15,3,59,23,40,92,69,7,60,123,73,118,9" hai2="16,56,101,31,100,108,119,52,14,38,21,91,25" hai3="127,68,74,58,13,42,0,32,79,94,132,122,30"/><U128/><E118/><V12/><F119/><W47/><G122/><T57/><D75/><U55/><E123/><V65/><F38/><W89/><G0/><T88/><D116/><U93/><E128/><N who="0" m="49193" /><D5/><U8/><E73/><V84/><F65/><W17/><G68/><T104/><D99/><U95/><E69/><V129/><F108/><W76/><G58/><T41/><D41/><U71/><E71/><V115/><F115/><W18/><G18/><T48/><D134/><U77/><E77/><V10/><F12/><W133/><G127/><T1/><D1/><U124/><E124/><V24/><F24/><N who="3" m="18503" /><G13/><T105/><D105/><U54/><E40/><V114/><F114/><W33/><G17/><T96/><D96/><U97/><E23/><V72/><F72/><W4/><G33/><T49/><D49/><U44/><E44/><V28/><F28/><W98/><G4/><T27/><D27/><U86/><E86/><V29/><F29/><W51/><G74/><T109/><D109/><U111/><E111/><V63/><REACH who="2" step="1"/><F129/><REACH who="2" ten="230,469,170,121" step="2"/><W50/><G133/><T110/><D110/><U19/><REACH who="1" step="1"/><E55/><REACH who="1" ten="230,459,170,121" step="2"/><V45/><F45/><W43/><G132/><T103/><D64/><U67/><E67/><V113/><F113/><W126/><G126/><T70/><D70/><U2/><E2/><V78/><F78/><W20/><G79/><T125/><D125/><U82/><E82/><AGARI ba="4,2" hai="10,14,16,21,25,31,52,56,63,82,84,91,100,101" machi="82" ten="30,12000,2" yaku="1,1,7,1,8,1,52,1,54,2,53,1" doraHai="22" doraHaiUra="11" who="2" fromWho="1" sc="230,0,459,-132,170,152,121,0" /><INIT seed="2,0,0,4,3,76" ten="230,327,322,121" oya="2" hai0="46,67,0,66,51,81,18,94,41,24,107,132,28" hai1="6,75,70,59,37,40,33,12,69,116,9,80,60" hai2="29,47,2,5,112,130,21,89,78,14,23,34,91" hai3="82,43,3,113,114,17,109,131,134,65,100,117,55"/><V135/><F112/><N who="3" m="43115" /><G3/><T126/><D107/><U86/><E116/><V53/><F130/><W63/><G117/><T49/><D0/><U127/><E127/><V96/><F135/><W102/><G134/><T133/><D126/><U129/><E129/><V103/><F2/><W39/><G109/><T13/><D94/><U19/><E33/><V88/><F78/><W30/><G30/><T121/><D121/><U36/><E75/><V108/><F108/><W22/><G55/><T15/><D18/><U7/><E7/><V122/><F122/><W16/><G17/><T120/><D120/><U27/><E69/><V111/><F111/><W87/><G43/><T77/><D133/><U4/><E70/><V8/><F34/><W38/><G38/><T83/><D132/><U115/><E115/><V123/><F123/><W92/><G92/><T124/><D77/><U106/><E106/><V32/><F32/><W71/><G39/><T26/><D124/><U10/><E40/><V61/><F29/><W105/><G105/><T95/><D95/><U84/><E37/><V54/><F54/><W79/><G131/><T72/><D72/><U50/><E36/><V25/><F25/><AGARI ba="0,0" hai="16,22,25,63,65,71,79,82,87,100,102" m="43115" machi="25" ten="30,3900,0" yaku="11,1,52,1,54,1" doraHai="76" who="3" fromWho="2" sc="230,0,327,0,322,-39,121,39" /><INIT seed="3,0,0,3,4,20" ten="230,327,283,160" oya="3" hai0="12,93,68,126,46,101,70,103,19,16,106,84,96" hai1="131,9,36,42,63,67,0,11,124,3,13,6,24" hai2="64,10,57,5,76,32,58,34,86,66,123,127,92" hai3="110,113,52,8,111,78,95,33,74,132,73,7,25"/><W39/><G113/><T1/><D1/><U99/><E124/><V89/><F127/><W107/><G107/><T130/><D126/><U18/><E131/><V120/><F76/><W82/><G39/><T75/><D75/><U100/><E42/><V116/><F116/><W85/><G132/><T128/><D46/><U65/><E36/><V50/><F58/><W48/><G33/><N who="2" m="12905" /><F50/><W97/><G25/><T44/><D44/><U23/><E0/><N who="2" m="295" /><F57/><W129/><G129/><N who="0" m="49771" /><D19/><U121/><E63/><V90/><F89/><W98/><G74/><T2/><D2/><U71/><E71/><V37/><F37/><W17/><G17/><T108/><D108/><N who="3" m="41513" /><G95/><T109/><D109/><U114/><E114/><V43/><F43/><W133/><G133/><T51/><D106/><U15/><E3/><V53/><F53/><W81/><G8/><N who="0" m="6151" /><D103/><U41/><E41/><V125/><F125/><W22/><G7/><T4/><D4/><U56/><E100/><V54/><F54/><W77/><G22/><T30/><D30/><U59/><E23/><V69/><F69/><N who="0" m="26730" /><D84/><U35/><E6/><V79/><F123/><W118/><G118/><T80/><D80/><U29/><E121/><V38/><F120/><W45/><AGARI ba="0,0" hai="45,48,52,73,77,78,81,82,85,97,98" m="41513" machi="45" ten="30,6000,0" yaku="14,1,10,1,54,1" doraHai="20" who="3" fromWho="3" sc="230,-20,327,-20,283,-20,160,60" /><INIT seed="3,1,0,3,2,35" ten="210,307,263,220" oya="3" hai0="23,83,113,64,129,120,135,132,13,39,66,68,52" hai1="97,76,16,121,88,93,14,67,26,115,84,27,77" hai2="31,22,40,36,59,63,131,118,78,99,60,30,70" hai3="134,47,34,122,11,53,19,54,46,74,125,130,102"/><W44/><G122/><T43/><D120/><U124/><E121/><V101/><F118/><W49/><G34/><T111/><D111/><U42/><E115/><V106/><F131/><W109/><G74/><T69/><D83/><U116/><E116/><V10/><F78/><N who="1" m="30313" /><E124/><V128/><F128/><W123/><G123/><T71/><D129/><U100/><E67/><N who="0" m="25641" /><D13/><U5/><E42/><V82/><F82/><W37/><G125/><T20/><D20/><N who="1" m="11287" /><E5/><V9/><F70/><W6/><G134/><N who="0" m="51243" /><D23/><U119/><E119/><V38/><F22/><W24/><G109/><T73/><D73/><U32/><E32/><V62/><F31/><W18/><G37/><T28/><D28/><U133/><E133/><V80/><F30/><W94/><G24/><T107/><D107/><U114/><E114/><V12/><F38/><W48/><G130/><T57/><D113/><U3/><E27/><V1/><F12/><W2/><REACH who="3" step="1"/><G46/><REACH who="3" ten="210,307,263,210" step="2"/><N who="0" m="23935" /><D71/><U127/><E26/><V104/><F36/><W25/><G25/><T65/><D65/><U50/><E127/><V89/><F59/><W55/><G55/><T126/><D126/><U29/><E29/><V86/><F40/><W75/><G75/><T103/><D52/><U61/><E50/><V98/><F62/><W15/><G15/><T41/><D57/><U92/><E61/><V110/><F110/><W108/><G108/><T51/><D51/><U105/><E105/><V33/><F33/><W91/><G91/><T8/><D41/><U45/><E45/><V90/><F106/><W7/><G7/><T0/><D103/><U81/><E100/><RYUUKYOKU ba="1,1" sc="210,15,307,-15,263,-15,210,15" hai0="0,8,68,69" hai3="2,6,11,18,19,44,47,48,49,53,54,94,102" /><INIT seed="3,2,1,2,4,79" ten="225,292,248,225" oya="3" hai0="114,97,50,49,109,12,76,18,127,1,55,132,4" hai1="105,119,42,83,26,16,72,67,22,102,81,104,47" hai2="5,75,36,0,32,96,100,135,129,134,113,90,59" hai3="64,94,91,111,103,78,82,77,23,101,7,107,27"/><W53/><G7/><T65/><D1/><U123/><E123/><V98/><F113/><W80/><G64/><T89/><D4/><U95/><E119/><V69/><F69/><W92/><G107/><T128/><D76/><N who="3" m="29289" /><G53/><T30/><D30/><U122/><E72/><V120/><F32/><W60/><G60/><T131/><D65/><U15/><E122/><V13/><F0/><W110/><G27/><T44/><D114/><U41/><E104/><V40/><F75/><W121/><G23/><T57/><D50/><N who="1" m="26991" /><E105/><V124/><F36/><W31/><G31/><T88/><D44/><U19/><E42/><V24/><F59/><W133/><G133/><T46/><D132/><U86/><E67/><V6/><F40/><W125/><G125/><T29/><D29/><U74/><E74/><V3/><F3/><W14/><G14/><T56/><D127/><U87/><E102/><N who="3" m="38922" /><G121/><T116/><D57/><U115/><E115/><V37/><F120/><W10/><G10/><T39/><D12/><U17/><E17/><V11/><F124/><W108/><G94/><N who="0" m="56519" /><D18/><U93/><E93/><N who="2" m="58447" /><F5/><W52/><G52/><T51/><D46/><U84/><E95/><N who="2" m="56439" /><F135/><W118/><G118/><T45/><D116/><U33/><E33/><V58/><F134/><W20/><G20/><AGARI ba="2,1" hai="15,16,19,20,22,26,81,83,84,86,87" m="26991" machi="20" ten="30,7700,0" yaku="8,1,52,2,54,1" doraHai="79" who="1" fromWho="3" sc="225,0,292,93,248,0,225,-83" /><INIT seed="4,0,0,1,3,106" ten="225,385,248,142" oya="0" hai0="32,15,125,124,52,27,17,88,117,35,103,83,62" hai1="50,42,18,128,94,134,78,118,113,29,11,67,116" hai2="135,30,105,115,87,101,51,20,5,38,79,22,45" hai3="69,114,55,95,46,122,98,108,85,12,89,47,84"/><T3/><D3/><U123/><E123/><V60/><F38/><W92/><G122/><T21/><D117/><U57/><E128/><V56/><F115/><W7/><G114/><T70/><D103/><U120/><E120/><V82/><F135/><W25/><G69/><T99/><D70/><U109/><E109/><V127/><F127/><N who="0" m="48714" /><D15/><U61/><E134/><V14/><F30/><W81/><G25/><T121/><D121/><U16/><E113/><V71/><F71/><W33/><G33/><T129/><D129/><U59/><E29/><V107/><F101/><W102/><G55/><T53/><D83/><U37/><E11/><N who="2" m="4463" /><F107/><W48/><G48/><T86/><D86/><U10/><E50/><V111/><F105/><W41/><G41/><T8/><D8/><U4/><E42/><N who="2" m="25015" /><F111/><W9/><REACH who="3" step="1"/><G108/><REACH who="3" ten="225,385,248,132" step="2"/><T131/><D131/><U97/><E116/><V64/><AGARI ba="0,1" hai="20,22,56,60,64,79,82,87" m="25015,4463" machi="64" ten="30,2000,0" yaku="25,1,8,1" doraHai="106" who="2" fromWho="2" sc="225,-10,385,-5,248,30,132,-5" /><INIT seed="5,0,0,5,4,16" ten="215,380,278,127" oya="1" hai0="127,101,56,115,96,62,81,91,120,60,52,4,105" hai1="1,111,73,82,31,107,20,0,38,116,42,79,58" hai2="5,41,69,88,32,10,51,53,21,72,9,46,50" hai3="109,134,67,121,27,85,57,28,44,125,55,19,11"/><U89/><E116/><V77/><F32/><W93/><G121/><T123/><D115/><U65/><E107/><V2/><F69/><W132/><G109/><T114/><D114/><U23/><E111/><V18/><F72/><W24/><G125/><T119/><D119/><U45/><E89/><V102/><F77/><W48/><G132/><T75/><D4/><U118/><E118/><V68/><F68/><W22/><G134/><T3/><D3/><U7/><E31/><V34/><F34/><W128/><G128/><T8/><D8/><N who="1" m="2151" /><E1/><V90/><F102/><W30/><G11/><N who="2" m="4105" /><F5/><W25/><G93/><T6/><D6/><U33/><E33/><V84/><F84/><W12/><G85/><N who="0" m="50607" /><D75/><U113/><E113/><V130/><F130/><W87/><G87/><T124/><D62/><AGARI ba="0,0" hai="20,23,38,42,45,58,62,65,73,79,82" m="2151" machi="62" ten="30,5800,0" yaku="25,1,52,2" doraHai="16" who="1" fromWho="0" sc="215,-58,380,58,278,0,127,0" /><AGARI ba="0,0" hai="12,19,22,24,25,27,28,30,44,48,55,57,62,67" machi="62" ten="40,2600,0" yaku="8,1,52,1" doraHai="16" who="3" fromWho="0" sc="157,-26,438,0,278,0,127,26" /><INIT seed="5,1,0,3,0,62" ten="131,438,278,153" oya="1" hai0="76,45,38,94,11,109,21,54,58,57,5,9,10" hai1="19,86,49,44,102,106,47,101,63,104,135,65,41" hai2="61,90,118,74,2,31,99,34,6,105,108,66,7" hai3="128,25,68,81,119,12,26,124,60,111,33,52,0"/><U75/><E75/><V15/><F108/><W83/><G111/><T29/><D109/><U88/><E135/><V27/><F118/><W35/><G0/><T8/><D76/><U48/><E19/><V120/><F120/><W85/><G124/><T126/><D126/><U43/><E104/><V130/><F130/><W23/><G128/><T78/><D78/><U93/><E106/><V125/><F125/><W129/><G12/><T97/><N who="0" m="2048" /><DORA hai="103" /><T123/><D123/><U112/><E112/><V46/><F15/><W96/><G96/><T79/><D79/><U40/><E40/><V37/><F74/><W30/><G35/><T36/><D5/><U114/><E114/><V72/><F72/><W132/><G132/><T82/><D82/><U56/><AGARI ba="1,0" hai="41,43,44,47,48,49,56,63,65,86,88,93,101,102" machi="56" ten="20,18000,2" yaku="0,1,7,1,9,1,8,1,52,1,54,1" doraHai="62,103" who="1" fromWho="1" sc="131,-61,438,183,278,-61,153,-61" /><INIT seed="5,2,0,3,5,105" ten="70,621,217,92" oya="1" hai0="21,123,63,52,112,40,37,89,128,102,22,4,95" hai1="30,61,28,51,107,43,5,92,58,78,87,56,68" hai2="122,36,64,53,109,74,72,90,126,39,14,83,133" hai3="79,75,96,117,50,97,10,127,34,24,69,42,100"/><U129/><E107/><V85/><F109/><W2/><G127/><T19/><D112/><U110/><E68/><V131/><F122/><W115/><G115/><T77/><D128/><U60/><E129/><V48/><F131/><W66/><G50/><T108/><D108/><U119/><E119/><V25/><F126/><W0/><G42/><T101/><D123/><U3/><E5/><V18/><F25/><W111/><G97/><T55/><D4/><U57/><E3/><V59/><F133/><W88/><G88/><T116/><D116/><U121/><E121/><V65/><F36/><W54/><G54/><T17/><D77/><U62/><E110/><V99/><F39/><W134/><G10/><T27/><D40/><U29/><E43/><V135/><F135/><W47/><G47/><T76/><D76/><U124/><E124/><V106/><F65/><W91/><G91/><T84/><D37/><U45/><E45/><N who="2" m="27791" /><F64/><W20/><G134/><T38/><D38/><U33/><E33/><V94/><F59/><W104/><G117/><T31/><D31/><U1/><E1/><V125/><F106/><W118/><G118/><T6/><D6/><U70/><E70/><V7/><F7/><W130/><G111/><T9/><D9/><U49/><E92/><V103/><F125/><W82/><G130/><T98/><D63/><U120/><E120/><V71/><F71/><W15/><G34/><T13/><REACH who="0" step="1"/><D101/><REACH who="0" ten="60,621,217,92" step="2"/><U11/><E11/><AGARI ba="2,1" hai="11,14,18,72,74,83,85,90,94,99,103" m="27791" machi="11" ten="30,3900,0" yaku="25,1,52,2" doraHai="105" who="2" fromWho="1" sc="60,0,621,-45,217,55,92,0" /><INIT seed="6,0,0,1,2,1" ten="60,576,272,92" oya="2" hai0="91,128,57,103,2,34,84,121,51,26,52,82,6" hai1="67,5,3,65,113,134,127,74,55,89,108,17,77" hai2="44,35,19,130,73,11,76,68,105,107,101,85,96" hai3="14,45,29,41,39,70,86,59,63,60,75,43,13"/><V118/><F118/><W109/><G75/><T83/><D128/><U61/><E108/><V12/><F130/><W28/><G109/><T120/><D103/><U58/><E17/><V30/><F107/><W49/><G86/><T92/><D34/><U33/><E33/><V16/><F73/><W119/><G119/><T15/><D2/><U25/><E25/><V62/><F44/><W125/><G125/><T56/><D26/><U110/><E113/><V99/><F99/><W78/><G78/><T80/><REACH who="0" step="1"/><D56/><REACH who="0" ten="50,576,272,92" step="2"/><U8/><E58/><V54/><F35/><W36/><G59/><T106/><D106/><U100/><E100/><V22/><F101/><W95/><G14/><T122/><D122/><U102/><E102/><V9/><F12/><W48/><G13/><T23/><D23/><U133/><E3/><V124/><F22/><W132/><G132/><T93/><D93/><U0/><E133/><V31/><F105/><W10/><G95/><T94/><D94/><U42/><E134/><V21/><F21/><W129/><G129/><T18/><D18/><U135/><E0/><V32/><F32/><W87/><G10/><AGARI ba="0,1" hai="6,10,15,51,52,57,80,82,83,84,91,92,120,121" machi="10" ten="40,5200,0" yaku="1,1,52,1,54,1,53,0" doraHai="1" doraHaiUra="126" who="0" fromWho="3" sc="50,62,576,0,272,0,92,-52" /><INIT seed="7,0,0,1,5,125" ten="112,576,272,40" oya="3" hai0="60,62,32,98,64,131,74,37,76,4,116,96,27" hai1="26,50,42,83,80,94,6,5,47,43,51,126,58" hai2="88,18,33,35,112,49,34,120,55,95,68,29,84" hai3="59,78,61,3,97,108,0,9,53,114,134,101,86"/><W57/><G114/><T81/><D116/><U79/><E126/><V110/><F110/><W106/><G108/><T71/><D37/><U104/><E26/><V130/><F68/><W8/><G134/><T115/><D4/><U21/><E21/><V16/><F29/><W46/><G46/><T38/><D38/><U113/><E58/><V66/><F66/><W36/><G36/><T22/><D32/><U11/><E94/><V127/><F112/><W118/><G118/><T89/><D115/><U17/><E17/><V44/><F120/><W93/><G59/><T67/><D89/><U28/><E104/><V45/><F45/><W119/><G119/><T75/><D75/><U19/><E19/><V65/><F65/><W1/><REACH who="3" step="1"/><G93/><REACH who="3" ten="112,576,272,30" step="2"/><T100/><D71/><U25/><E113/><V92/><F92/><W121/><G121/><T15/><D64/><U85/><E47/><V133/><F133/><W63/><G63/><T105/><D67/><U54/><E50/><V23/><F127/><W135/><G135/><T99/><D62/><U12/><E51/><V7/><F44/><W41/><G41/><T70/><D60/><U117/><E43/><V52/><F49/><W91/><G91/><T124/><D70/><U40/><E42/><V69/><F88/><W90/><G90/><T87/><D124/><U82/><E117/><V14/><F95/><W73/><G73/><T48/><D74/><U132/><E40/><V2/><F69/><W39/><G39/><T56/><D56/><U129/><E132/><V13/><F55/><W30/><G30/><T128/><D48/><RYUUKYOKU ba="0,1" sc="112,-10,576,-10,272,-10,30,30" hai3="0,1,3,8,9,53,57,61,78,86,97,101,106" /><INIT seed="7,1,1,0,0,114" ten="102,566,262,60" oya="3" hai0="51,0,5,120,69,94,101,61,37,78,1,74,93" hai1="106,7,40,3,135,15,47,122,56,81,59,129,86" hai2="63,99,82,10,50,123,64,100,4,105,66,62,91" hai3="23,125,43,45,88,34,39,103,33,116,54,130,68"/><W124/><G68/><T79/><D37/><U60/><E59/><V36/><F36/><W77/><G77/><T18/><D120/><U70/><E70/><V49/><F123/><W31/><G130/><T35/><D35/><U127/><E122/><V19/><F19/><W21/><G103/><T111/><D111/><U55/><E127/><N who="3" m="48714" /><G54/><T58/><D5/><U17/><E135/><V14/><F82/><W41/><G41/><T16/><D69/><U52/><E129/><V90/><F90/><W97/><G116/><T48/><D74/><U22/><E55/><V57/><F91/><W117/><G117/><T131/><D131/><U53/><E53/><V38/><F38/><W107/><G107/><T95/><D101/><U28/><E106/><V83/><F83/><W98/><G98/><T29/><D29/><U26/><E40/><V133/><F133/><W44/><G44/><T119/><D119/><U71/><E47/><V46/><F46/><W89/><G31/><T11/><D11/><U27/><E71/><AGARI ba="1,1" hai="4,10,14,49,50,57,62,63,64,66,71,99,100,105" machi="71" ten="30,1000,0" yaku="7,1" doraHai="114" who="2" fromWho="1" sc="102,0,566,-13,262,23,60,0" owari="102,-30.0,553,65.0,285,9.0,60,-44.0" /></mjloggm>