<mjloggm ver="2.3"><GO type="169" lobby="0"/><UN n0="%E2%98%85%E9%A2%A8%E6%9E%97%E7%81%AB%E5%B1%B1%E2%98%85" n1="%E3%83%AD%E3%83%B3%E3%81%8C%E6%89%93%E3%81%A1%E3%81%BE%E3%81%99" n2="%72%61%72%75%74%6F%37" n3="%E3%83%88%E3%83%88%E3%83%AA%E5%85%88%E7%94%9F%31%39%E6%AD%B3" dan="17,16,17,19" rate="2201.20,2090.94,2189.67,2310.02" sx="M,M,M,F"/><TAIKYOKU oya="0"/><INIT seed="0,0,0,1,4,49" ten="250,250,250,250" oya="0" hai0="63,7,57,48,34,126,69,28,90,92,129,35,128" hai1="26,46,111,100,106,42,23,51,8,72,52,62,1" hai2="17,33,44,31,61,40,104,66,2,64,135,3,38" hai3="50,39,4,65,103,113,97,53,73,79,29,67,59"/><T10/><D28/><U47/><E72/><V134/><F64/><W91/><G113/><T43/><D69/><U70/><E111/><V41/><F40/><W110/><G39/><T81/><D81/><U76/><E76/><V114/><F17/><W83/><G110/><T30/><D30/><U85/><E106/><V133/><F114/><W88/><G4/><T37/><D37/><U15/><E100/><V75/><F75/><W19/><G29/><T127/><D43/><U71/><E1/><V11/><F11/><W14/><G67/><T21/><D48/><N who="1" m="26711" /><E70/><V115/><F104/><W68/><G65/><T16/><D57/><U24/><E71/><N who="2" m="42447" /><F115/><W74/><G74/><T12/><D63/><U80/><E23/><V112/><F112/><W130/><G130/><N who="0" m="50283" /><D90/><N who="1" m="51495" /><E62/><V58/><F58/><W18/><G68/><T120/><D92/><U105/><E105/><V94/><F94/><W77/><G77/><T56/><D56/><U86/><E86/><V125/><F125/><N who="0" m="47626" /><D120/><U123/><E123/><V96/><F96/><W89/><G97/><T87/><D87/><U122/><E122/><V108/><F108/><W119/><G103/><T32/><D32/><U55/><E55/><V99/><F99/><W131/><G131/><T0/><AGARI ba="0,0" hai="0,7,10,12,16,21,34,35" m="47626,50283" machi="0" ten="30,12000,1" yaku="19,1,18,1,34,2,54,1" doraHai="49" who="0" fromWho="0" sc="250,120,250,-40,250,-40,250,-40" /><INIT seed="0,1,0,0,1,68" ten="370,210,210,210" oya="0" hai0="27,38,6,14,120,118,39,37,117,60,18,11,21" hai1="75,131,81,107,31,132,71,103,98,134,102,105,29" hai2="43,66,116,22,23,129,20,69,9,73,90,94,51" hai3="46,67,113,26,0,50,79,76,36,32,34,85,106"/><T123/><REACH who="0" step="1"/><D60/><REACH who="0" ten="360,210,210,210" step="2"/><U12/><E71/><V3/><F69/><W64/><G113/><T70/><D70/><U52/><E132/><V48/><F116/><AGARI ba="1,1" hai="6,11,14,18,21,27,37,38,39,116,117,118,120,123" machi="116" ten="50,12000,1" yaku="21,2,52,3,53,0" doraHai="68" doraHaiUra="42" who="0" fromWho="2" sc="360,133,210,0,210,-123,210,0" /><INIT seed="0,2,0,1,3,2" ten="493,210,87,210" oya="0" hai0="5,53,42,15,88,105,93,103,99,101,121,23,10" hai1="6,16,7,69,47,58,94,33,27,68,24,78,126" hai2="79,36,129,62,60,12,29,64,19,26,43,28,86" hai3="77,39,117,21,22,84,57,25,120,30,38,98,59"/><T75/><D121/><U113/><E33/><V108/><F129/><W71/><G117/><T56/><D75/><U50/><E69/><V37/><F108/><W122/><G71/><T118/><D118/><U134/><E68/><V74/><F74/><W35/><G98/><T48/><D105/><U85/><E126/><V111/><F111/><W44/><G84/><T55/><D42/><N who="1" m="24951" /><E134/><V91/><F79/><W40/><G77/><T17/><REACH who="0" step="1"/><D55/><REACH who="0" ten="483,210,87,210" step="2"/><U61/><E113/><V46/><F43/><W14/><G120/><T128/><D128/><U82/><E94/><V52/><F52/><W65/><G122/><T123/><D123/><U31/><E31/><V124/><F28/><W41/><G41/><T135/><D135/><U34/><E34/><V119/><F29/><W73/><G73/><T102/><D102/><U109/><E109/><V127/><F119/><W9/><G39/><T90/><D90/><U80/><E80/><V89/><F91/><W49/><G38/><T8/><D8/><U116/><E116/><V0/><F89/><W72/><G72/><T87/><D87/><U11/><E11/><V96/><F86/><W67/><G35/><T54/><D54/><N who="1" m="34007" /><E27/><AGARI ba="2,1" hai="5,10,15,17,23,27,48,53,56,88,93,99,101,103" machi="27" ten="30,12000,1" yaku="1,1,7,1,8,1,52,1,54,1,53,0" doraHai="2" doraHaiUra="107" who="0" fromWho="1" sc="483,136,210,-126,87,0,210,0" /><INIT seed="0,3,0,2,0,104" ten="619,84,87,210" oya="0" hai0="97,116,99,56,130,84,62,106,16,83,96,6,46" hai1="76,30,72,128,58,5,93,50,54,20,0,122,55" hai2="90,71,101,80,77,29,111,3,132,82,87,67,41" hai3="123,112,92,12,78,59,15,47,17,120,118,65,39"/><T75/><D116/><U18/><E122/><V102/><F3/><W66/><G118/><T43/><D130/><U63/><E128/><V44/><F111/><W33/><G33/><T45/><D6/><U98/><E30/><V81/><F71/><W51/><G39/><T129/><D129/><U100/><E5/><V60/><F132/><W64/><G112/><T32/><D32/><U125/><E0/><V91/><F29/><W103/><G59/><T49/><D46/><U121/><E125/><V85/><F60/><W11/><G78/><T42/><D42/><U88/><E121/><N who="3" m="46666" /><G92/><T61/><D75/><U9/><E9/><V23/><F23/><N who="3" m="11687" /><G103/><T119/><D119/><U73/><E76/><V127/><F67/><W35/><G35/><T2/><D2/><U26/><E100/><V79/><F127/><W36/><G36/><T4/><D4/><U22/><E22/><V28/><F28/><W34/><G34/><T86/><D106/><U131/><E131/><V124/><F124/><W68/><G15/><T52/><D16/><U19/><E18/><V37/><REACH who="2" step="1"/><F77/><REACH who="2" ten="619,84,77,210" step="2"/><W109/><G109/><T117/><D117/><U133/><REACH who="1" step="1"/><E133/><REACH who="1" ten="619,74,77,210" step="2"/><V31/><F31/><W40/><G11/><T126/><D126/><U69/><E69/><AGARI ba="3,2" hai="40,47,51,64,65,66,68,69" m="11687,46666" machi="69" ten="30,1000,0" yaku="13,1" doraHai="104" who="3" fromWho="1" sc="619,0,74,-19,77,0,210,39" /><INIT seed="1,0,0,1,4,67" ten="619,55,77,249" oya="1" hai0="7,74,90,97,32,21,17,133,86,40,122,26,46" hai1="82,79,77,19,104,68,84,105,126,22,66,73,120" hai2="62,34,99,31,117,87,88,70,89,29,49,123,103" hai3="12,93,132,50,47,20,6,80,35,39,91,10,1"/><U24/><E120/><V4/><F117/><W81/><G35/><T52/><D74/><U45/><E126/><V48/><F4/><W94/><G39/><T37/><D133/><U108/><E108/><V55/><F123/><W118/><G132/><T78/><D122/><U125/><E125/><V2/><F2/><W100/><G118/><T85/><D32/><U8/><E45/><V115/><F115/><W53/><G1/><T16/><D7/><U124/><E124/><V102/><F34/><W75/><G75/><T33/><D33/><U13/><E77/><V98/><F87/><N who="3" m="52479" /><G20/><T27/><D97/><AGARI ba="0,0" hai="6,10,12,47,50,53,80,81,94,97,100" m="52479" machi="97" ten="30,1000,0" yaku="8,1" doraHai="67" who="3" fromWho="0" sc="619,-10,55,0,77,0,249,10" /><INIT seed="2,0,0,2,2,87" ten="609,55,77,259" oya="2" hai0="5,18,115,23,1,79,90,80,9,114,104,108,93" hai1="20,109,128,112,124,44,7,48,46,27,134,130,22" hai2="29,52,63,82,61,60,69,123,95,70,59,85,62" hai3="14,36,30,103,74,100,135,102,45,121,118,83,81"/><V68/><F123/><W19/><G118/><T116/><D108/><U11/><E112/><V58/><F29/><W25/><G121/><T88/><D104/><U119/><E119/><V86/><F95/><W132/><G36/><T131/><D131/><N who="1" m="50219" /><E109/><V50/><REACH who="2" step="1"/><F82/><REACH who="2" ten="609,55,67,259" step="2"/><W76/><G81/><T17/><D116/><U92/><E134/><V125/><F125/><W10/><G135/><T84/><D114/><U13/><E124/><V31/><F31/><W91/><G132/><T94/><D115/><U106/><E106/><V57/><F57/><W34/><G45/><N who="1" m="17514" /><E92/><V2/><F2/><W117/><G117/><T38/><D94/><U66/><E48/><V133/><F133/><W42/><G83/><T26/><D38/><U110/><E110/><V6/><F6/><W98/><G30/><T8/><D93/><U129/><E129/><V64/><AGARI ba="0,1" hai="50,52,58,59,60,61,62,63,64,68,69,70,85,86" machi="64" ten="40,7800,0" yaku="1,1,0,1,54,1,53,0" doraHai="87" doraHaiUra="16" who="2" fromWho="2" sc="609,-26,55,-26,67,88,259,-26" /><INIT seed="2,1,0,4,4,20" ten="583,29,155,233" oya="2" hai0="110,57,52,125,81,130,126,34,48,14,74,40,71" hai1="16,38,63,108,111,36,49,86,54,53,17,98,8" hai2="18,19,42,23,6,92,9,44,2,107,88,94,66" hai3="134,39,27,33,96,104,32,135,70,56,120,31,15"/><V65/><F107/><W41/><G120/><T25/><D110/><N who="1" m="42027" /><E98/><V35/><F35/><N who="3" m="20991" /><G56/><T21/><D71/><U46/><E86/><V99/><F94/><W87/><G87/><T3/><D3/><U64/><E8/><V127/><F127/><W115/><G70/><T73/><D81/><U80/><E80/><V28/><F28/><W61/><G61/><T68/><D68/><N who="1" m="42015" /><E54/><V116/><F19/><AGARI ba="1,0" hai="16,17,19,36,38,46,49,53" m="42015,42027" machi="19" ten="30,2000,0" yaku="14,1,54,1" doraHai="20" who="1" fromWho="2" sc="583,0,29,23,155,-23,233,0" /><INIT seed="3,0,0,2,5,23" ten="583,52,132,233" oya="3" hai0="118,124,98,6,81,68,1,125,65,54,4,19,121" hai1="79,115,80,76,8,63,53,101,106,50,11,32,51" hai2="93,69,132,104,7,129,14,21,123,88,34,71,20" hai3="55,70,61,112,28,22,57,31,122,130,18,85,108"/><W39/><G112/><T26/><D68/><U27/><E115/><V77/><F104/><W75/><G122/><T134/><D65/><U90/><E106/><V78/><F34/><W94/><G75/><T60/><D1/><U111/><E101/><V3/><F3/><W73/><G73/><T67/><D118/><U109/><E63/><V120/><F132/><W133/><G39/><T0/><D0/><U116/><E116/><V83/><F129/><W114/><G114/><T30/><D19/><U72/><E79/><V36/><F36/><W66/><G133/><T97/><D54/><U131/><E90/><V100/><F100/><W48/><G130/><T45/><D45/><N who="1" m="27855" /><E51/><V92/><F7/><W102/><G108/><N who="1" m="41546" /><E131/><V13/><F83/><W58/><G70/><T49/><D60/><U43/><E43/><V25/><REACH who="2" step="1"/><F88/><REACH who="2" ten="583,52,122,233" step="2"/><N who="3" m="53519" /><G102/><T16/><D134/><U59/><E59/><V62/><F62/><W35/><G35/><T56/><D56/><U127/><E127/><V9/><F9/><W99/><G99/><T128/><D124/><U103/><E103/><V44/><F44/><W91/><G91/><T5/><D125/><U52/><E11/><V10/><F10/><W64/><G64/><T41/><D128/><U24/><E8/><V135/><F135/><W33/><G33/><T107/><D67/><U126/><E126/><V84/><F84/><W12/><AGARI ba="0,1" hai="12,18,22,28,31,48,55,57,58,61,66" m="53519" machi="12" ten="30,6000,0" yaku="25,1,8,1,54,1" doraHai="23" who="3" fromWho="3" sc="583,-20,52,-20,122,-20,233,70" /><INIT seed="3,1,0,4,4,111" ten="563,32,102,303" oya="3" hai0="97,120,51,127,94,87,54,80,117,59,73,98,133" hai1="53,41,85,95,128,34,50,118,83,13,24,6,30" hai2="77,67,125,86,64,9,17,60,106,112,47,74,56" hai3="58,103,134,122,21,76,105,110,71,57,66,27,65"/><W114/><G114/><T40/><D117/><U124/><E128/><V61/><F74/><W11/><G122/><T52/><D120/><U22/><E124/><V108/><F106/><W126/><G126/><T15/><D40/><U62/><E118/><V48/><F108/><W14/><G110/><T49/><D73/><U4/><E41/><V119/><F119/><W46/><G134/><T107/><D133/><U0/><E62/><V7/><F17/><N who="3" m="8415" /><G105/><T79/><D107/><U25/><E95/><V5/><F112/><W18/><G71/><T63/><D127/><U39/><E39/><V69/><F9/><W130/><G130/><T44/><D94/><U28/><E13/><V19/><F19/><N who="3" m="12735" /><G76/><T123/><D123/><U81/><E0/><V38/><F38/><W72/><G72/><T131/><D131/><U43/><E43/><V82/><F125/><W101/><G46/><T16/><REACH who="0" step="1"/><D63/><REACH who="0" ten="553,32,102,303" step="2"/><U132/><E132/><V104/><F104/><W135/><G135/><T68/><D68/><U33/><E81/><V32/><F69/><W115/><G115/><T129/><D129/><U20/><E83/><V3/><F61/><W96/><G57/><T121/><D121/><U75/><E75/><V37/><F56/><W90/><G58/><T10/><AGARI ba="1,1" hai="10,15,16,44,49,51,52,54,59,79,80,87,97,98" machi="10" ten="20,12000,2" yaku="1,1,0,1,7,1,8,1,54,2,53,0" doraHai="111" doraHaiUra="100" who="0" fromWho="0" sc="553,133,32,-31,102,-31,303,-61" /><INIT seed="4,0,0,3,5,83" ten="686,1,71,242" oya="0" hai0="124,131,74,50,47,43,63,108,12,61,19,128,77" hai1="85,106,34,96,93,133,17,8,15,75,48,134,112" hai2="31,7,24,64,21,97,94,86,78,100,109,51,72" hai3="27,5,114,38,122,125,120,13,58,116,98,91,82"/><T53/><D124/><U118/><E75/><V104/><F7/><W95/><G116/><T132/><D132/><N who="1" m="50795" /><E118/><V36/><F36/><W67/><G114/><T41/><D108/><U39/><E39/><V129/><F64/><W135/><G38/><T9/><D77/><U29/><E112/><V20/><F129/><N who="0" m="49738" /><D74/><U55/><E34/><V4/><F72/><W89/><G58/><N who="0" m="35023" /><D63/><U99/><E29/><V101/><F31/><W45/><G135/><T10/><D10/><U3/><E3/><V110/><F78/><W25/><G125/><T6/><D43/><U11/><E106/><V60/><F104/><W30/><G120/><T90/><D90/><N who="1" m="53455" /><E11/><V92/><F110/><W0/><G122/><T88/><D88/><U123/><E123/><V2/><F2/><W57/><G91/><T81/><D81/><U71/><E71/><V73/><F73/><W79/><G89/><T65/><D65/><U23/><E23/><V126/><F20/><W80/><G82/><T121/><D121/><U33/><E33/><V40/><F21/><W127/><G80/><T28/><D28/><U42/><E42/><V68/><F40/><W49/><G30/><T1/><D1/><U14/><E14/><V84/><F68/><W59/><G13/><T76/><D76/><U117/><E117/><V46/><F126/><W18/><G0/><T119/><D119/><U56/><AGARI ba="0,0" hai="8,15,17,48,55,56,96,99" m="53455,50795" machi="56" ten="30,2000,0" yaku="20,1,52,1" doraHai="83" who="1" fromWho="1" sc="686,-10,1,20,71,-5,242,-5" /><INIT seed="5,0,0,0,3,2" ten="676,21,66,237" oya="1" hai0="111,1,103,92,50,66,46,76,131,67,130,7,134" hai1="112,36,57,128,33,98,77,81,72,58,5,69,13" hai2="135,68,56,32,79,12,82,107,122,29,44,101,42" hai3="113,55,85,114,132,35,16,6,18,84,27,124,96"/><U110/><E33/><V105/><F68/><W48/><G132/><T120/><D111/><U88/><E110/><V45/><F122/><W118/><G124/><T17/><D134/><U28/><E69/><V8/><F45/><W116/><G6/><T22/><D76/><U80/><E36/><V127/><F101/><W4/><G4/><T99/><D120/><U123/><E123/><V30/><F135/><W119/><G96/><T83/><D83/><U65/><E112/><N who="3" m="43114" /><G35/><T97/><D97/><U19/><E128/><N who="0" m="49193" /><D7/><U62/><E28/><V37/><F56/><N who="3" m="32871" /><G27/><N who="0" m="14799" /><D1/><U31/><E31/><V20/><F29/><W38/><G38/><T87/><D87/><AGARI ba="0,0" hai="16,18,84,85,87,116,118,119" m="32871,43114" machi="87" ten="40,5200,0" yaku="12,1,15,1,54,1" doraHai="2" who="3" fromWho="0" sc="676,-52,21,0,66,0,237,52" /><INIT seed="6,0,0,3,5,113" ten="624,21,66,289" oya="2" hai0="15,3,106,44,12,91,35,51,88,34,6,89,96" hai1="120,42,21,48,73,132,14,114,130,38,58,49,116" hai2="117,121,94,133,60,27,71,9,70,76,131,104,28" hai3="98,101,82,40,119,105,59,122,97,46,52,56,24"/><V93/><F104/><W80/><G122/><T77/><D3/><U13/><E73/><V102/><F121/><W11/><G59/><T90/><D77/><U18/><E120/><V125/><F125/><W25/><G119/><T134/><D134/><U45/><E114/><V92/><F117/><W66/><G66/><T108/><D108/><U37/><E132/><V31/><F131/><W74/><G11/><T54/><D91/><U36/><E130/><V81/><F102/><W75/><G75/><T63/><D63/><U2/><E2/><V64/><F9/><W7/><G7/><T39/><D39/><U85/><E14/><V109/><F133/><W95/><G82/><T83/><D83/><U41/><E116/><V111/><F71/><W123/><G123/><T65/><D65/><U129/><E129/><V100/><F100/><W10/><G10/><T118/><D118/><U29/><E29/><V5/><F5/><W0/><G0/><T135/><D135/><U127/><E127/><V26/><F27/><W78/><G98/><T55/><D55/><U53/><REACH who="1" step="1"/><E85/><REACH who="1" ten="624,11,66,289" step="2"/><N who="2" m="48295" /><F26/><W50/><G105/><T84/><D106/><U69/><E69/><V126/><F126/><W32/><G32/><T72/><D35/><U57/><E57/><V86/><F86/><W99/><G99/><T62/><D34/><U4/><E4/><V124/><F124/><W20/><G20/><T112/><D96/><U103/><E103/><V128/><F128/><W33/><G33/><T43/><D72/><U22/><E22/><V30/><F70/><W110/><G110/><T107/><D112/><RYUUKYOKU ba="0,1" sc="624,-30,11,10,66,10,289,10" hai1="13,18,21,36,37,38,41,42,45,48,49,53,58" hai2="28,30,31,60,64,92,93,94,109,111" hai3="24,25,40,46,50,52,56,74,78,80,95,97,101" /><INIT seed="6,1,1,3,0,58" ten="594,21,76,299" oya="2" hai0="32,50,82,29,11,23,9,27,57,53,62,98,59" hai1="106,49,48,117,18,121,24,45,75,6,88,3,55" hai2="35,43,76,72,5,26,28,69,130,60,81,33,132" hai3="37,77,108,97,111,95,79,100,52,78,118,134,14"/><V34/><F130/><W133/><G37/><T21/><D32/><U40/><E75/><V107/><F132/><N who="3" m="50795" /><G14/><T123/><D123/><U2/><E106/><V96/><F5/><W112/><G118/><T80/><D98/><U74/><E74/><V99/><F43/><W47/><G47/><T17/><D11/><U64/><E117/><V1/><F1/><W128/><G52/><N who="0" m="34151" /><D9/><U25/><E121/><V20/><REACH who="2" step="1"/><F107/><REACH who="2" ten="594,21,66,299" step="2"/><N who="3" m="63887" /><G128/><T51/><D51/><U114/><E3/><V94/><F94/><W83/><G112/><T120/><D120/><U127/><E114/><V22/><F22/><W41/><G41/><T101/><D21/><N who="1" m="13367" /><E2/><V91/><F91/><W85/><G95/><T131/><D101/><U105/><E105/><V119/><F119/><W42/><G42/><T124/><D131/><U93/><E6/><V31/><F31/><W44/><G44/><T10/><D29/><U102/><E102/><V125/><F125/><W65/><G65/><AGARI ba="1,2" hai="20,26,28,33,34,35,60,65,69,72,76,81,96,99" machi="65" ten="40,3900,0" yaku="1,1,52,1,53,0" doraHai="58" doraHaiUra="126" who="2" fromWho="3" sc="594,0,21,0,66,62,299,-42" /><INIT seed="6,2,0,0,2,22" ten="594,21,128,257" oya="2" hai0="114,2,101,83,1,113,36,75,32,28,117,31,94" hai1="115,12,16,17,41,45,84,121,76,87,14,58,39" hai2="40,51,63,27,88,123,135,119,4,38,91,68,127" hai3="79,33,50,29,104,82,124,48,77,74,13,64,97"/><V11/><F123/><W73/><G124/><T71/><D36/><U72/><E115/><N who="0" m="44041" /><D71/><U109/><E109/><V112/><F112/><W7/><G64/><T134/><D134/><U35/><E121/><V128/><F119/><W8/><G29/><T131/><D131/><U130/><E130/><V80/><F38/><W15/><G33/><T86/><D75/><U110/><E110/><V5/><F135/><W102/><G15/><T61/><D61/><U90/><E35/><V118/><F118/><W0/><G0/><T49/><D49/><U67/><E72/><V24/><F128/><W34/><G34/><T132/><D132/><U59/><E76/><V106/><F106/><W19/><G19/><T47/><D47/><U107/><E107/><V81/><F68/><W65/><G65/><T21/><D21/><U42/><E67/><V126/><F63/><W96/><G96/><N who="0" m="59543" /><D31/><U100/><E100/><V78/><F51/><W20/><G20/><T46/><D46/><U3/><E3/><V93/><F11/><W30/><G30/><T54/><D54/><U66/><E66/><V70/><F70/><W10/><G10/><T6/><D6/><U44/><REACH who="1" step="1"/><E39/><REACH who="1" ten="594,11,128,257" step="2"/><V125/><F78/><W116/><G116/><T122/><D122/><U99/><E99/><V111/><F111/><W95/><G104/><T103/><D2/><U69/><E69/><V120/><F120/><W52/><G77/><T85/><D1/><U53/><E53/><V133/><F127/><W108/><G108/><T56/><D32/><U105/><E105/><V9/><F126/><W23/><G74/><RYUUKYOKU ba="2,1" sc="594,-10,11,30,128,-10,257,-10" hai1="12,14,16,17,41,42,44,45,58,59,84,87,90" /><INIT seed="7,3,1,2,1,87" ten="584,41,118,247" oya="3" hai0="122,121,125,92,18,102,59,19,126,75,23,11,24" hai1="55,108,5,42,39,49,22,76,83,30,115,130,100" hai2="4,28,81,67,97,128,78,7,40,64,86,60,58" hai3="123,3,47,91,1,26,57,33,50,72,54,98,37"/><W25/><G123/><T27/><D75/><U133/><E108/><V15/><F128/><W29/><G72/><T12/><D59/><U35/><E115/><V119/><F97/><W116/><G116/><T112/><D112/><U94/><E133/><V107/><F107/><W103/><G91/><T73/><D73/><U105/><E130/><V120/><F67/><W56/><G56/><T45/><D45/><U89/><E35/><V62/><F62/><W109/><G109/><T74/><D74/><U16/><E39/><V77/><F77/><W131/><G131/><T34/><D102/><U36/><E36/><V13/><F40/><W48/><G25/><T0/><D0/><U51/><E105/><V90/><F28/><W104/><G37/><T66/><D92/><U65/><E65/><V95/><F119/><W6/><G6/><N who="2" m="2089" /><F120/><N who="0" m="46186" /><D66/><U9/><E100/><V127/><F127/><W85/><G85/><T114/><D114/><U8/><E30/><AGARI ba="3,1" hai="11,12,18,19,23,24,27,30,34,125,126" m="46186" machi="30" ten="30,2000,0" yaku="34,2" doraHai="87" who="0" fromWho="1" sc="584,39,41,-29,118,0,247,0" owari="623,72.0,12,-49.0,118,-28.0,247,5.0" /></mjloggm>