<mjloggm ver="2.3"><GO type="169" lobby="0"/><UN n0="%E3%83%88%E3%82%B7%E3%83%95%E3%83%BC%E3%83%8B" n1="%E4%B8%B9%E4%B8%8B%E6%A1%9C%E9%87%8E%E7%89%A7" n2="%E5%A4%A7%E5%AE%AE%E5%BF%8D%76" n3="%E3%83%88%E3%83%88%E3%83%AA%E5%85%88%E7%94%9F%31%39%E6%AD%B3" dan="16,16,17,19" rate="2065.69,2014.24,2271.61,2295.87" sx="M,M,F,F"/><TAIKYOKU oya="0"/><INIT seed="0,0,0,3,2,57" ten="250,250,250,250" oya="0" hai0="117,113,77,123,84,83,87,10,26,115,0,47,53" hai1="15,55,31,56,86,88,79,64,49,17,28,74,8" hai2="54,91,81,66,111,52,108,98,129,132,25,133,109" hai3="22,107,101,70,68,106,32,27,118,73,124,20,16"/><T120/><D117/><U125/><E125/><V3/><F3/><W126/><G118/><T128/><D128/><U80/><REACH who="1" step="1"/><E64/><REACH who="1" ten="250,240,250,250" step="2"/><V11/><F66/><W29/><G126/><T1/><D123/><U82/><AGARI ba="0,1" hai="8,15,17,28,31,49,55,56,74,79,80,82,86,88" machi="82" ten="20,8000,1" yaku="1,1,2,1,0,1,7,1,54,1,53,0" doraHai="57" doraHaiUra="122" who="1" fromWho="1" sc="250,-40,240,90,250,-20,250,-20" /><INIT seed="1,0,0,1,3,83" ten="210,330,230,230" oya="1" hai0="79,15,68,27,97,71,9,56,44,72,22,0,69" hai1="13,40,107,99,62,64,92,135,103,24,45,10,28" hai2="106,70,74,89,1,51,118,93,53,123,49,33,112" hai3="82,95,6,132,81,46,75,111,124,105,80,18,117"/><U17/><E135/><V31/><F118/><W98/><G132/><T85/><D72/><U19/><E19/><V134/><F134/><W8/><G111/><T43/><D0/><U41/><E45/><V120/><F1/><W38/><G124/><T29/><D97/><U128/><E128/><V26/><F106/><W12/><G117/><T4/><D56/><U116/><E116/><V47/><F74/><W35/><G35/><T113/><D113/><U7/><E7/><V96/><F112/><W14/><G105/><T63/><D63/><U23/><REACH who="1" step="1"/><E107/><REACH who="1" ten="210,320,230,230" step="2"/><V90/><F120/><W115/><G115/><T59/><D44/><U87/><E87/><V109/><F123/><W126/><G126/><T39/><D85/><U114/><E114/><V20/><F47/><W84/><G75/><T104/><D104/><U119/><E119/><V86/><F109/><W32/><G46/><T133/><D133/><U34/><E34/><V101/><F33/><W66/><G32/><T125/><D125/><U11/><E11/><V36/><F36/><W91/><G38/><T5/><D39/><U121/><E121/><V94/><F70/><AGARI ba="0,1" hai="10,13,17,23,24,28,40,41,62,64,70,92,99,103" machi="70" ten="30,5800,0" yaku="1,1,7,1,53,1" doraHai="83" doraHaiUra="16" who="1" fromWho="2" sc="210,0,320,68,230,-58,230,0" /><INIT seed="1,1,0,3,0,134" ten="210,388,172,230" oya="1" hai0="66,18,87,62,73,57,114,72,26,6,127,20,15" hai1="29,58,55,86,126,99,28,76,38,53,80,108,23" hai2="109,113,116,12,84,49,83,88,93,132,130,37,52" hai3="120,35,48,89,51,36,111,43,33,34,9,4,103"/><U118/><E118/><V97/><F116/><W22/><G120/><T42/><D114/><U16/><E38/><V110/><F132/><W19/><G111/><N who="2" m="42505" /><F37/><W102/><G36/><T14/><D42/><U119/><E119/><V107/><F130/><W17/><G89/><T54/><D73/><U112/><E112/><V96/><F113/><W106/><G106/><T77/><D72/><U25/><E108/><V8/><F107/><W50/><G43/><T24/><D127/><U27/><E126/><V41/><F41/><W104/><G104/><T101/><D101/><U129/><E129/><V70/><F70/><W135/><G135/><T94/><D66/><U10/><E10/><V131/><F93/><W60/><G60/><T123/><D123/><U13/><E99/><V64/><F64/><W81/><G81/><N who="0" m="47535" /><D94/><U31/><REACH who="1" step="1"/><E53/><REACH who="1" ten="210,378,172,230" step="2"/><V2/><F131/><W63/><G9/><AGARI ba="1,1" hai="6,9,14,15,18,20,24,26,54,57,62" m="47535" machi="9" ten="30,1000,0" yaku="8,1" doraHai="134" who="0" fromWho="3" sc="210,23,378,0,172,0,230,-13" /><INIT seed="2,0,0,2,4,132" ten="233,378,172,217" oya="2" hai0="44,22,25,42,7,98,58,96,71,19,85,69,23" hai1="32,35,126,73,116,130,114,78,103,38,65,102,111" hai2="89,63,104,1,72,107,52,124,119,129,84,76,47" hai3="61,109,55,20,100,68,134,83,91,94,75,9,12"/><V41/><F119/><W15/><G134/><T133/><D133/><U128/><E65/><V125/><F1/><W10/><G109/><T29/><D7/><U117/><E38/><V108/><F108/><W3/><G3/><T5/><D5/><U27/><E27/><V4/><F4/><W8/><G75/><T66/><D85/><U11/><E11/><V62/><F76/><W46/><G68/><T17/><D29/><U36/><E36/><V95/><F72/><W16/><G100/><T99/><D58/><U45/><E111/><V34/><F34/><W50/><G83/><T54/><D54/><U13/><E13/><V135/><F135/><W31/><G61/><N who="2" m="23049" /><F52/><W59/><G31/><T49/><REACH who="0" step="1"/><D66/><REACH who="0" ten="223,378,172,217" step="2"/><U2/><E73/><V93/><F129/><W87/><REACH who="3" step="1"/><G46/><REACH who="3" ten="223,378,172,207" step="2"/><T123/><D123/><U21/><E45/><V90/><F47/><W88/><G88/><T39/><D39/><U0/><E130/><V60/><F60/><W106/><G106/><T14/><AGARI ba="0,2" hai="14,17,19,22,23,25,42,44,49,69,71,96,98,99" machi="14" ten="30,2000,0" yaku="1,1,0,1,53,0" doraHai="132" doraHaiUra="120" who="0" fromWho="0" sc="223,40,378,-5,172,-10,207,-5" /><INIT seed="3,0,0,2,4,47" ten="263,373,162,202" oya="3" hai0="120,29,121,39,103,98,24,128,123,113,99,107,78" hai1="40,68,122,86,25,84,64,63,38,79,2,81,72" hai2="70,45,83,52,17,13,60,32,80,33,66,105,96" hai3="0,8,49,69,82,73,28,91,114,43,1,22,74"/><W26/><G114/><T135/><D113/><U130/><E122/><V111/><F111/><W93/><G69/><T37/><D78/><U106/><E106/><V23/><F105/><W42/><G42/><T71/><D99/><U21/><E130/><V3/><F3/><W16/><G82/><T85/><D85/><U108/><E108/><V117/><F117/><W119/><G119/><T5/><D5/><U133/><E2/><V88/><F83/><W4/><G1/><T126/><D128/><U89/><E133/><V62/><F62/><W101/><G101/><T36/><D135/><U59/><E38/><V41/><F52/><W9/><G9/><T48/><D48/><U97/><E40/><V55/><F55/><W94/><G94/><T132/><D132/><U44/><E44/><V30/><F30/><W115/><G115/><T90/><D90/><U104/><E68/><V19/><F19/><W124/><G124/><T7/><D7/><U102/><E89/><V116/><F116/><W131/><G131/><T109/><D71/><U75/><E72/><V100/><F100/><W14/><G49/><T20/><D126/><U35/><E35/><V11/><F11/><W31/><G31/><AGARI ba="0,0" hai="21,25,31,59,63,64,75,79,81,84,86,97,102,104" machi="31" ten="30,1000,0" yaku="7,1" doraHai="47" who="1" fromWho="3" sc="263,0,373,10,162,0,202,-10" /><INIT seed="4,0,0,4,1,99" ten="263,383,162,192" oya="0" hai0="35,100,37,77,33,83,116,26,120,128,82,115,112" hai1="11,122,102,17,86,125,93,39,124,58,63,127,121" hai2="73,123,107,7,96,22,1,64,62,25,53,111,129" hai3="54,117,101,130,94,2,40,4,72,28,27,95,106"/><T52/><D116/><U43/><E43/><V87/><F111/><W134/><G117/><T38/><D120/><U42/><E42/><V20/><F129/><W3/><G72/><T61/><D128/><U75/><E75/><V59/><F123/><W79/><G79/><T57/><D26/><U74/><E74/><V12/><F73/><W30/><G130/><T45/><D45/><U81/><E39/><N who="0" m="14857" /><D77/><N who="1" m="46383" /><E11/><V66/><F1/><W15/><G40/><T46/><D46/><U8/><E8/><V29/><F87/><W41/><G41/><T6/><D6/><U65/><E17/><V85/><F85/><W0/><G0/><T47/><D47/><U9/><E9/><V14/><F7/><W119/><G4/><T113/><D100/><U49/><E49/><V51/><F22/><W104/><G119/><T19/><D19/><U105/><E105/><V34/><F20/><W16/><G16/><T89/><D89/><U92/><E92/><V78/><F78/><W21/><G21/><T32/><AGARI ba="0,0" hai="32,33,35,52,57,61,82,83,112,113,115" m="14857" machi="32" ten="50,4800,0" yaku="15,1,54,1" doraHai="99" who="0" fromWho="0" sc="263,48,383,-16,162,-16,192,-16" /><INIT seed="4,1,0,2,1,38" ten="311,367,146,176" oya="0" hai0="44,24,93,112,108,18,5,113,42,110,115,106,126" hai1="67,35,40,127,20,123,91,107,73,14,101,94,135" hai2="15,129,16,4,63,82,109,29,89,3,60,90,41" hai3="118,36,68,2,99,49,19,43,86,61,45,95,27"/><T76/><D106/><U47/><E123/><V56/><F109/><N who="0" m="42090" /><D126/><U71/><E35/><V11/><F129/><W12/><G118/><T62/><D76/><U23/><E73/><V65/><F29/><W124/><G124/><T22/><D5/><U85/><E127/><V125/><F125/><W31/><G2/><T37/><D62/><U83/><E135/><V58/><F41/><W74/><G74/><T128/><D93/><U100/><E71/><V116/><F116/><W117/><G117/><T66/><D66/><U133/><E67/><V9/><REACH who="2" step="1"/><F82/><REACH who="2" ten="311,367,136,176" step="2"/><W59/><G43/><T72/><D72/><U6/><E83/><V0/><F0/><W80/><G31/><T104/><D104/><U21/><E107/><V70/><F70/><W134/><G68/><T28/><D128/><U92/><E133/><V53/><AGARI ba="1,1" hai="3,4,9,11,15,16,53,56,58,60,63,65,89,90" machi="53" ten="20,5200,0" yaku="1,1,0,1,7,1,54,1,53,0" doraHai="38" doraHaiUra="75" who="2" fromWho="2" sc="311,-27,367,-14,136,65,176,-14" /><INIT seed="5,0,0,4,3,64" ten="284,353,201,162" oya="1" hai0="73,57,20,1,131,48,21,116,47,76,56,25,42" hai1="52,68,102,62,5,94,19,7,126,29,13,128,108" hai2="86,53,133,83,92,11,100,33,113,50,39,12,55" hai3="63,93,26,70,34,79,122,110,9,111,15,45,97"/><U6/><E126/><V4/><F39/><W35/><G122/><T23/><D116/><U71/><E128/><V3/><F33/><W120/><G120/><T40/><D1/><U24/><E108/><V129/><F129/><W2/><G2/><T101/><D131/><U114/><E114/><V74/><F133/><W69/><G79/><T81/><D42/><U118/><E118/><V60/><F113/><W10/><G45/><T124/><D124/><U99/><E52/><V117/><F117/><W78/><G78/><T130/><D130/><U91/><E102/><V31/><F31/><W66/><G10/><T115/><D115/><U103/><E91/><V84/><F3/><W32/><G26/><T54/><D101/><U104/><E94/><V75/><F60/><W58/><G110/><T44/><REACH who="0" step="1"/><D25/><REACH who="0" ten="274,353,201,162" step="2"/><U88/><E88/><V37/><F100/><W82/><G111/><T41/><D41/><U61/><E24/><V112/><F112/><W67/><G67/><T85/><D85/><U51/><E51/><AGARI ba="0,1" hai="20,21,23,40,44,47,48,51,54,56,57,73,76,81" machi="51" ten="40,1300,0" yaku="1,1,53,0" doraHai="64" doraHaiUra="90" who="0" fromWho="1" sc="274,23,353,-13,201,0,162,0" /><INIT seed="6,0,0,1,4,86" ten="297,340,201,162" oya="2" hai0="122,50,63,105,94,79,80,28,43,66,1,11,0" hai1="42,37,2,93,24,49,134,55,116,114,78,88,111" hai2="56,119,44,54,124,77,106,52,7,62,35,115,109" hai3="21,48,64,129,104,135,19,32,10,132,108,101,59"/><V100/><F119/><W8/><G108/><T36/><D105/><U14/><E111/><V4/><F109/><W107/><G32/><T72/><D122/><U70/><E2/><V25/><F77/><W9/><G129/><T60/><D50/><U30/><E116/><V51/><F124/><W83/><G83/><T117/><D117/><U123/><E123/><V87/><F115/><W46/><G59/><T33/><D94/><U26/><E70/><V90/><F100/><W81/><G64/><T65/><D65/><U71/><E71/><V40/><F106/><W95/><G81/><T61/><D66/><U39/><E134/><V110/><F110/><W47/><G47/><N who="0" m="24039" /><D0/><U92/><E14/><V13/><F13/><W5/><G5/><N who="0" m="1455" /><D28/><U68/><E68/><V102/><F102/><W20/><G104/><T133/><D33/><U6/><E42/><V118/><F118/><W74/><G107/><T121/><D121/><U17/><E39/><V23/><F40/><N who="3" m="24647" /><G19/><T98/><D98/><U120/><E17/><N who="2" m="12527" /><F35/><W67/><G20/><T15/><D15/><U58/><E37/><V69/><F69/><W130/><G21/><T99/><D99/><U113/><E120/><V84/><F84/><W97/><G130/><T31/><D31/><U38/><E38/><V34/><F34/><W125/><G125/><T3/><D3/><U16/><E114/><V126/><F126/><W82/><G135/><AGARI ba="0,0" hai="60,61,63,72,79,80,133,135" m="1455,24039" machi="135" ten="30,1000,0" yaku="25,1" doraHai="86" who="0" fromWho="3" sc="297,10,340,0,201,0,162,-10" /><INIT seed="7,0,0,4,4,90" ten="307,340,201,152" oya="3" hai0="108,19,38,102,100,21,80,98,135,85,120,126,49" hai1="13,109,16,93,56,77,96,34,82,28,5,36,17" hai2="42,106,70,81,44,134,97,91,118,40,116,79,105" hai3="64,86,6,27,115,47,2,117,111,89,67,3,1"/><W45/><G117/><T23/><D38/><U73/><E36/><V114/><F70/><W57/><G115/><T110/><D120/><U104/><E109/><V87/><F40/><W63/><G111/><T127/><D135/><U0/><E104/><V133/><F114/><W61/><G27/><T46/><D110/><U121/><E121/><V11/><F11/><W41/><G6/><T99/><D108/><U83/><E0/><V51/><F106/><W20/><G20/><T35/><D35/><U132/><E34/><V113/><F113/><W52/><G41/><T25/><D23/><U103/><E28/><V53/><F42/><W68/><REACH who="3" step="1"/><G67/><REACH who="3" ten="307,340,201,142" step="2"/><T130/><D21/><U66/><E66/><V65/><F65/><W119/><G119/><T50/><D25/><U8/><E5/><V7/><F7/><W37/><G37/><T124/><D124/><U84/><E8/><V43/><F43/><W95/><AGARI ba="0,1" hai="1,2,3,45,47,52,57,61,63,64,68,86,89,95" machi="95" ten="30,11700,0" yaku="1,1,0,1,52,1,54,1,53,0" doraHai="90" doraHaiUra="71" who="3" fromWho="3" sc="307,-39,340,-39,201,-39,142,127" /><INIT seed="7,1,0,4,5,35" ten="268,301,162,269" oya="3" hai0="5,81,87,54,24,123,77,0,82,129,2,12,1" hai1="18,67,10,13,109,56,91,131,126,130,26,68,16" hai2="41,105,46,98,127,48,69,115,112,43,50,83,120" hai3="124,93,36,117,79,99,33,96,38,34,70,31,32"/><W102/><G117/><T3/><D123/><U58/><E109/><V107/><F83/><W21/><G70/><T85/><D129/><N who="1" m="49163" /><E126/><V106/><F127/><W28/><G124/><T133/><D133/><U74/><E74/><V90/><F69/><W78/><G21/><T89/><D24/><U92/><E68/><V15/><F120/><W25/><G25/><T97/><D54/><U49/><E49/><N who="2" m="19051" /><F46/><W134/><G134/><T60/><D60/><U80/><E80/><V113/><F15/><W135/><G135/><T72/><D97/><N who="3" m="37449" /><G93/><T84/><N who="0" m="0" /><DORA hai="14" /><T128/><REACH who="0" step="1"/><D128/><REACH who="0" ten="258,301,162,269" step="2"/><U88/><E26/><V44/><F44/><W23/><G34/><T101/><D101/><U37/><E67/><V63/><F63/><W6/><G102/><T40/><D40/><N who="2" m="15434" /><F98/><W19/><G32/><T27/><D27/><U103/><E103/><V86/><F86/><W57/><G33/><T108/><D108/><U66/><E66/><V4/><F4/><W65/><G6/><T76/><D76/><U8/><E58/><V111/><F111/><W125/><G125/><T59/><D59/><U45/><E56/><V22/><F22/><W29/><G57/><T95/><D95/><U39/><E92/><V62/><F62/><W118/><G65/><T100/><D100/><U122/><E122/><V121/><F121/><W71/><G71/><T52/><D52/><U20/><E45/><V110/><F110/><W47/><G47/><T94/><D94/><U73/><E20/><V17/><F17/><W116/><G19/><T30/><D30/><N who="3" m="7681" /><W42/><DORA hai="75" /><G23/><T104/><D104/><RYUUKYOKU ba="1,1" sc="258,15,301,-15,162,15,269,-15" hai0="5,12,72,77,81,82,84,85,87,89" hai2="90,105,106,107,112,113,115" /><INIT seed="8,2,1,5,3,22" ten="273,286,177,254" oya="0" hai0="128,37,99,75,19,20,115,82,49,133,85,1,8" hai1="118,96,132,29,51,95,88,32,83,3,79,65,5" hai2="81,94,127,58,130,44,63,6,42,41,4,26,120" hai3="69,11,71,124,134,87,50,110,45,39,129,30,35"/><T116/><D37/><U43/><E32/><V92/><F120/><W38/><G110/><T89/><D116/><U27/><E3/><V72/><F130/><W53/><G129/><T112/><D128/><U109/><E109/><V104/><F104/><W56/><G11/><T68/><D68/><N who="3" m="26185" /><G87/><T36/><D36/><N who="3" m="13865" /><G30/><T86/><D75/><U25/><E5/><N who="2" m="2155" /><F127/><W31/><G31/><T12/><D115/><U52/><E132/><V125/><F125/><W61/><G35/><T54/><D133/><U0/><E0/><V117/><F72/><W106/><G106/><T74/><D74/><U78/><E65/><N who="2" m="39159" /><F117/><W80/><G80/><N who="0" m="49319" /><D112/><U2/><E2/><V15/><F81/><W10/><G10/><T13/><D1/><U21/><E118/><V76/><F76/><W131/><G131/><T107/><D107/><U105/><E105/><V48/><F15/><W108/><G124/><T126/><D126/><U18/><E43/><N who="2" m="24607" /><F26/><W103/><G108/><T135/><D135/><U77/><E83/><V17/><F17/><W9/><G134/><T102/><D12/><N who="1" m="9415" /><E29/><V123/><F123/><W62/><G9/><T70/><D8/><U7/><E7/><V97/><F94/><W119/><G119/><T47/><D70/><U84/><E84/><V59/><F59/><AGARI ba="2,1" hai="25,27,51,52,59,77,78,79,88,95,96" m="9415" machi="59" ten="30,8000,1" yaku="8,1,52,2,54,2" doraHai="22" who="1" fromWho="2" sc="273,0,286,96,177,-86,254,0" owari="273,7.0,382,49.0,91,-41.0,254,-15.0" /></mjloggm>