<mjloggm ver="2.3"><GO type="169" lobby="0"/><UN n0="%74%61%74%73%75%37%30%32" n1="%E3%82%B7%E3%82%A7%E3%83%95%E3%83%81%E3%83%A7%E3%82%B3" n2="%E3%83%88%E3%83%88%E3%83%AA%E5%85%88%E7%94%9F%31%39%E6%AD%B3" n3="%6A%61%70%69%30%32%30%32" dan="16,16,19,16" rate="2196.22,2058.47,2311.94,2087.36" sx="M,M,F,M"/><TAIKYOKU oya="0"/><INIT seed="0,0,0,1,0,7" ten="250,250,250,250" oya="0" hai0="70,88,9,44,130,45,34,93,41,132,28,115,87" hai1="127,30,73,112,81,16,103,94,12,2,48,102,31" hai2="80,27,61,124,3,58,122,84,10,53,22,14,51" hai3="113,92,25,95,82,36,65,46,33,49,125,89,96"/><T118/><D115/><U75/><E2/><V39/><F39/><W83/><G113/><T18/><D118/><U15/><E112/><V17/><F124/><W72/><G125/><T24/><D70/><U109/><E127/><V131/><F131/><W37/><G65/><T69/><D69/><U104/><E104/><V26/><F122/><W97/><G37/><T79/><D130/><U77/><E75/><V32/><F32/><W63/><G63/><T55/><D132/><U117/><E117/><V4/><REACH who="2" step="1"/><F61/><REACH who="2" ten="250,250,240,250" step="2"/><W11/><G36/><T111/><D111/><U76/><E109/><V42/><F42/><W99/><G33/><T98/><D41/><U52/><E77/><AGARI ba="0,1" hai="3,4,10,14,17,22,26,27,51,53,58,77,80,84" machi="77" ten="30,3900,0" yaku="1,1,7,1,52,1,53,0" doraHai="7" doraHaiUra="66" who="2" fromWho="1" sc="250,0,250,-39,240,49,250,0" /><INIT seed="1,0,0,5,0,40" ten="250,211,289,250" oya="1" hai0="114,108,53,11,103,123,110,78,94,54,36,14,67" hai1="72,105,24,19,76,82,44,25,79,70,29,59,85" hai2="111,57,39,35,17,97,43,102,121,101,117,74,46" hai3="107,9,93,81,37,109,75,104,65,131,116,115,10"/><U98/><E70/><V47/><F117/><W134/><G115/><T56/><D114/><U71/><E71/><V58/><F121/><W129/><G116/><T23/><D123/><U48/><E59/><N who="2" m="22539" /><F43/><W3/><G65/><T22/><D36/><U62/><E62/><V124/><F39/><W77/><G109/><N who="0" m="42091" /><D78/><U0/><E0/><V51/><F51/><W16/><G134/><T83/><D83/><U26/><E29/><V88/><F74/><W69/><G69/><T90/><D103/><N who="2" m="39434" /><F35/><W126/><G37/><T61/><D54/><N who="1" m="29959" /><E105/><V128/><F128/><N who="3" m="49227" /><G93/><T52/><D53/><U96/><E72/><V112/><F124/><W41/><G41/><T80/><D80/><U95/><E79/><V63/><F63/><W132/><G126/><T73/><D67/><U34/><E34/><V60/><F60/><W100/><G132/><T4/><D73/><U89/><E98/><AGARI ba="0,0" hai="4,11,14,22,23,52,56,61,90,94,98" m="42091" machi="98" ten="30,2000,0" yaku="14,1,54,1" doraHai="40" who="0" fromWho="1" sc="250,20,211,-20,289,0,250,0" /><INIT seed="2,0,0,1,5,16" ten="270,191,289,250" oya="2" hai0="28,104,25,113,102,124,49,4,126,41,19,48,31" hai1="121,120,52,42,119,20,129,75,0,10,112,29,46" hai2="106,17,37,9,74,1,96,27,82,130,58,92,99" hai3="134,69,125,127,100,94,57,47,56,44,133,45,5"/><V13/><F37/><W103/><G5/><T110/><D110/><U117/><E117/><V72/><BYE who="1" /><F130/><UN n1="%E3%82%B7%E3%82%A7%E3%83%95%E3%83%81%E3%83%A7%E3%82%B3" /><W59/><G94/><T118/><D113/><U77/><E119/><V40/><F40/><W11/><G11/><T90/><D118/><U43/><E112/><V32/><F1/><W6/><G6/><T98/><D4/><N who="1" m="1287" /><E129/><V51/><F106/><W34/><G34/><T22/><D90/><U8/><E8/><V64/><F82/><W86/><G86/><T2/><D2/><U101/><E101/><N who="3" m="38986" /><G69/><T78/><D78/><U14/><E77/><V116/><F116/><W36/><G36/><T50/><REACH who="0" step="1"/><D41/><REACH who="0" ten="260,191,289,250" step="2"/><U107/><E42/><V39/><F99/><W83/><G83/><T88/><D88/><U108/><E43/><V15/><F96/><W12/><G12/><T95/><D95/><U97/><E14/><V70/><F92/><W35/><G35/><T80/><D80/><U54/><E108/><V105/><F15/><W131/><G131/><T18/><D18/><U76/><E97/><V122/><F17/><W33/><G33/><T23/><D23/><U128/><E107/><V62/><F32/><W111/><G111/><T3/><D3/><U89/><E128/><V38/><F13/><W85/><G85/><T68/><D68/><U60/><E89/><V65/><F70/><W79/><G79/><T24/><D24/><N who="1" m="16519" /><E76/><V73/><F105/><W61/><G61/><T135/><D135/><AGARI ba="0,1" hai="44,45,47,56,57,59,125,127,133,134,135" m="38986" machi="135" ten="40,5200,0" yaku="28,2,20,1" doraHai="16" who="3" fromWho="0" sc="260,-52,191,0,289,0,250,62" /><INIT seed="3,0,0,3,1,83" ten="208,191,289,312" oya="3" hai0="11,21,3,85,86,81,1,24,112,6,125,126,124" hai1="42,106,93,63,80,132,79,87,64,109,74,116,30" hai2="22,59,0,38,84,88,90,72,17,70,113,8,82" hai3="131,111,49,101,2,98,69,29,73,78,134,77,27"/><W66/><G2/><T51/><D3/><U7/><E109/><V33/><F113/><W25/><G131/><T61/><D112/><U31/><E132/><V16/><F70/><W105/><G134/><T54/><D61/><U46/><E116/><V71/><F71/><W115/><G115/><T48/><D81/><U32/><E106/><V39/><F33/><W34/><G111/><T129/><D129/><U120/><E32/><V44/><F72/><W130/><G130/><T14/><D1/><U5/><E120/><V26/><F44/><W133/><G133/><T123/><D123/><U28/><E93/><V12/><F90/><W75/><G49/><N who="0" m="19019" /><D54/><U97/><E97/><V52/><F0/><W10/><G10/><T40/><D40/><U110/><E74/><V9/><F9/><W127/><G127/><N who="0" m="32515" /><T4/><DORA hai="91" /><D6/><U68/><REACH who="1" step="1"/><E110/><REACH who="1" ten="208,181,289,312" step="2"/><V41/><F41/><W128/><G128/><T96/><D96/><U114/><E114/><V119/><F119/><W104/><G73/><T103/><D103/><U56/><E56/><V89/><F82/><W60/><G105/><T67/><D67/><U20/><E20/><V37/><REACH who="2" step="1"/><F84/><REACH who="2" ten="208,181,279,312" step="2"/><W99/><G75/><T43/><D43/><U122/><E122/><V102/><F102/><W94/><G27/><T95/><D95/><U35/><E35/><V135/><F135/><W15/><G15/><T47/><D47/><U100/><E100/><AGARI ba="0,2" hai="25,29,34,60,66,69,77,78,94,98,99,100,101,104" machi="100" ten="30,11600,0" yaku="7,1,25,2,52,1" doraHai="83,91" who="3" fromWho="1" sc="208,0,181,-116,279,0,312,136" /><INIT seed="3,1,0,1,5,98" ten="208,65,279,448" oya="3" hai0="68,78,130,62,108,20,58,52,5,35,97,29,55" hai1="48,88,2,56,76,69,110,3,8,124,50,122,107" hai2="87,32,14,31,113,79,112,44,118,125,100,1,83" hai3="64,24,95,99,77,117,34,38,19,42,11,28,17"/><W43/><G117/><T127/><D108/><U66/><E69/><V54/><F118/><W128/><G128/><T120/><D120/><U60/><E107/><V72/><F1/><W73/><G64/><T133/><D68/><U49/><E122/><V96/><F125/><W94/><G94/><T89/><D127/><U63/><E110/><V27/><F72/><W10/><G77/><T75/><D35/><U18/><E124/><V102/><F14/><W101/><G73/><T21/><D130/><U41/><E76/><V57/><F44/><W22/><G38/><T74/><D133/><U85/><E2/><V134/><F134/><W115/><G115/><T106/><D5/><U39/><E39/><V47/><F47/><W46/><G46/><T12/><D55/><U111/><E111/><V26/><F26/><W37/><G37/><T84/><D29/><U119/><E119/><V91/><F79/><W53/><G53/><T109/><D109/><U86/><E86/><V61/><REACH who="2" step="1"/><F102/><REACH who="2" ten="208,65,269,448" step="2"/><W40/><G34/><T81/><D12/><N who="1" m="7431" /><E3/><V82/><F82/><W92/><G95/><AGARI ba="1,1" hai="27,31,32,54,57,61,83,87,91,95,96,100,112,113" machi="95" ten="30,3900,0" yaku="1,1,7,1,52,1,53,0" doraHai="98" doraHaiUra="123" who="2" fromWho="3" sc="208,0,65,0,269,52,448,-42" /><INIT seed="4,0,0,2,2,97" ten="208,65,321,406" oya="0" hai0="73,71,31,14,17,19,83,119,98,88,42,18,122" hai1="33,117,82,44,91,53,59,87,76,7,67,92,62" hai2="77,5,13,131,16,68,57,99,23,52,104,109,114" hai3="3,40,45,105,50,8,94,30,127,6,120,84,4"/><T103/><D119/><U101/><E117/><V10/><F109/><W135/><G105/><T108/><D122/><U85/><E33/><V69/><F131/><W124/><G120/><T20/><D71/><U61/><E7/><V128/><F128/><W58/><G135/><T81/><D108/><U27/><E27/><V24/><F114/><W130/><G130/><T126/><D126/><U28/><E28/><V134/><F134/><W66/><G30/><T79/><D42/><U55/><E62/><V123/><F123/><W36/><G6/><T107/><REACH who="0" step="1"/><D31/><REACH who="0" ten="198,65,321,406" step="2"/><U29/><E29/><V39/><F69/><W93/><G127/><T116/><D116/><U125/><E125/><V95/><F68/><W111/><G124/><T26/><D26/><U110/><E110/><V43/><F43/><W12/><G111/><T49/><D49/><U34/><E34/><V41/><F41/><W89/><G50/><T129/><D129/><U74/><E44/><V25/><F39/><W132/><G132/><T63/><D63/><U32/><E32/><V60/><F25/><W86/><G45/><T102/><D102/><U80/><REACH who="1" step="1"/><E101/><REACH who="1" ten="198,55,321,406" step="2"/><V1/><F24/><W118/><G118/><T48/><D48/><U46/><E46/><V56/><F60/><W115/><G36/><T70/><D70/><U21/><E21/><V65/><F23/><W100/><G100/><T0/><D0/><U2/><E2/><V90/><F1/><W75/><G3/><T35/><D35/><U133/><E133/><V38/><F38/><W64/><G40/><T54/><D54/><U72/><E72/><RYUUKYOKU ba="0,2" sc="198,15,55,15,321,-15,406,-15" hai0="14,17,18,19,20,73,79,81,83,88,98,103,107" hai1="53,55,59,61,67,74,76,80,82,85,87,91,92" /><INIT seed="4,1,2,4,3,24" ten="213,70,306,391" oya="0" hai0="60,113,6,78,61,102,87,21,41,115,36,14,116" hai1="80,108,109,72,68,4,3,134,91,0,74,90,121" hai2="5,85,58,38,92,129,10,49,96,57,132,117,7" hai3="47,76,127,104,82,114,119,39,44,69,54,84,130"/><T12/><D116/><U81/><E4/><V133/><F38/><W46/><G119/><T56/><D102/><U131/><E68/><V51/><F117/><W59/><G104/><T73/><D73/><U125/><E125/><V22/><F85/><W15/><G69/><T43/><D36/><U50/><E50/><N who="2" m="18955" /><F22/><W97/><G127/><T48/><D61/><U101/><E101/><N who="2" m="60551" /><F7/><W17/><G114/><N who="0" m="43531" /><D48/><U88/><E121/><V65/><F65/><W105/><G39/><T1/><D1/><N who="1" m="587" /><E134/><N who="2" m="51819" /><F129/><W2/><G130/><T53/><D6/><U20/><E20/><V122/><F122/><W31/><G2/><AGARI ba="1,2" hai="2,5,10,57,58" m="51819,60551,18955" machi="2" ten="30,1000,0" yaku="20,1" doraHai="24" who="2" fromWho="3" sc="213,0,70,0,306,33,391,-13" /><INIT seed="5,0,0,2,3,84" ten="213,70,339,378" oya="1" hai0="32,127,107,27,62,91,29,113,125,72,133,93,46" hai1="25,44,40,116,98,135,69,3,21,92,102,13,30" hai2="61,130,5,111,112,22,129,75,64,65,9,50,35" hai3="15,14,114,99,39,43,10,100,67,23,118,12,70"/><U132/><E3/><V105/><F111/><W117/><G114/><T109/><D109/><U88/><E116/><N who="3" m="44650" /><G23/><T58/><D72/><U7/><E69/><V20/><F35/><W95/><G43/><T19/><D107/><U11/><REACH who="1" step="1"/><E102/><REACH who="1" ten="213,60,339,378" step="2"/><V42/><F130/><W18/><G70/><T101/><D101/><U55/><E55/><V53/><F53/><W51/><G67/><T71/><D71/><U63/><E63/><V73/><F61/><W0/><G0/><T6/><D113/><U76/><E76/><V47/><F129/><W80/><G100/><T104/><D62/><U97/><E97/><V34/><F65/><W52/><G99/><T60/><D127/><U122/><E122/><V108/><F64/><W86/><G52/><N who="0" m="33863" /><D125/><U8/><E8/><V123/><F123/><W120/><G10/><T94/><D46/><U126/><E126/><V131/><F131/><W110/><G120/><T38/><D133/><U54/><E54/><V2/><F108/><W16/><G110/><T45/><D45/><U85/><E85/><V89/><F112/><W1/><G86/><T90/><D104/><U37/><AGARI ba="0,1" hai="7,11,13,21,25,30,37,40,44,88,92,98,132,135" machi="37" ten="30,11700,0" yaku="1,1,0,1,52,1,54,1,53,0" doraHai="84" doraHaiUra="31" who="1" fromWho="1" sc="213,-39,60,127,339,-39,378,-39" /><INIT seed="5,1,0,0,0,113" ten="174,187,300,339" oya="1" hai0="100,61,98,120,33,83,121,49,41,91,48,97,114" hai1="26,57,35,40,69,72,20,125,118,66,112,12,4" hai2="22,8,38,130,122,106,102,7,68,123,92,16,32" hai3="27,47,132,3,39,108,133,82,93,54,71,11,135"/><U31/><E118/><V87/><F32/><W46/><G71/><T29/><D33/><U111/><E112/><V79/><F68/><W77/><G108/><T5/><D29/><U124/><E111/><V50/><F38/><W37/><G93/><N who="0" m="56511" /><D114/><U19/><E72/><V15/><F130/><W105/><G105/><N who="0" m="63639" /><D5/><U58/><E40/><V56/><F106/><W21/><G11/><T131/><D41/><U74/><E74/><V62/><F50/><N who="3" m="29015" /><G47/><T60/><D48/><U126/><REACH who="1" step="1"/><E4/><REACH who="1" ten="174,177,300,339" step="2"/><V44/><F7/><W86/><G3/><T116/><D116/><U96/><E96/><V85/><F122/><W42/><G42/><T95/><D121/><U99/><E99/><V90/><F123/><W59/><G135/><T23/><D120/><U129/><E129/><V128/><F128/><W117/><G133/><T75/><D131/><U36/><E36/><V9/><F102/><W73/><G117/><T17/><D75/><U1/><E1/><V13/><F85/><W67/><G132/><T101/><D101/><U88/><E88/><V119/><F119/><W103/><G103/><T109/><D109/><U104/><E104/><V24/><F79/><W18/><G73/><T84/><D84/><U70/><E70/><V134/><F134/><W53/><G39/><T51/><D95/><U25/><E25/><V14/><REACH who="2" step="1"/><F44/><REACH who="2" ten="174,177,290,339" step="2"/><W110/><G37/><T34/><D34/><U80/><E80/><V76/><F76/><W2/><G110/><T30/><D83/><U127/><E127/><V63/><F63/><AGARI ba="1,2" hai="12,19,20,26,31,35,57,58,63,66,69,124,125,126" machi="63" ten="40,3900,0" yaku="1,1,18,1,53,0" doraHai="113" doraHaiUra="81" who="1" fromWho="2" sc="174,0,177,62,290,-42,339,0" /><INIT seed="5,2,0,1,1,130" ten="174,239,248,339" oya="1" hai0="65,94,119,82,106,71,34,30,16,115,64,51,39" hai1="55,28,1,98,62,129,74,32,22,13,49,24,135" hai2="36,69,61,45,117,96,121,113,5,33,31,126,122" hai3="105,92,54,68,97,41,52,10,72,80,118,125,127"/><U73/><E129/><V25/><F117/><W48/><G68/><T99/><D119/><U20/><E1/><V123/><F126/><N who="3" m="48139" /><G105/><T77/><D39/><U134/><E62/><V67/><F113/><W76/><G10/><T63/><D115/><U112/><E112/><V21/><F5/><W7/><G7/><T11/><D65/><U108/><E108/><V42/><REACH who="2" step="1"/><F96/><REACH who="2" ten="174,239,238,339" step="2"/><W95/><G118/><T58/><D99/><U9/><E98/><V43/><F43/><W81/><G97/><T44/><D71/><U50/><E74/><V40/><F40/><W102/><G41/><T6/><D6/><U18/><E73/><V46/><F46/><W109/><G109/><T75/><D75/><U84/><E84/><V53/><F53/><W66/><G54/><T83/><D44/><U111/><E111/><V3/><F3/><W79/><G102/><T4/><D4/><U100/><E100/><V90/><F90/><W14/><G52/><T78/><D64/><U120/><E120/><V86/><F86/><N who="3" m="48391" /><G66/><T88/><D88/><U17/><E50/><V15/><F15/><W70/><G14/><N who="0" m="7263" /><D51/><U27/><REACH who="1" step="1"/><E9/><REACH who="1" ten="174,229,238,339" step="2"/><V2/><F2/><W56/><G70/><T89/><D89/><U60/><E60/><V12/><F12/><W116/><G116/><T124/><D124/><U91/><E91/><V110/><F110/><W35/><G48/><T133/><D63/><U107/><E107/><V87/><F87/><W104/><G104/><T114/><D106/><U59/><AGARI ba="2,2" hai="13,17,18,20,22,24,27,28,32,49,55,59,134,135" machi="59" ten="30,18000,2" yaku="1,1,0,1,52,2,53,2" doraHai="130" doraHaiUra="19" who="1" fromWho="1" sc="174,-62,229,206,238,-62,339,-62" /><INIT seed="5,3,0,1,1,14" ten="112,435,176,277" oya="1" hai0="69,17,108,135,102,7,133,93,96,78,54,83,65" hai1="110,111,64,76,120,6,59,22,26,20,32,8,112" hai2="67,116,57,12,13,51,109,9,79,5,29,98,58" hai3="95,77,18,86,43,24,85,129,38,2,60,33,48"/><U70/><E70/><V130/><F109/><N who="1" m="41481" /><E76/><V49/><F116/><W27/><G2/><T63/><D108/><U118/><E64/><V117/><F117/><W105/><G38/><T122/><D7/><U91/><E118/><V41/><F130/><W61/><G105/><T99/><D122/><U82/><E59/><V84/><F29/><W88/><G129/><T107/><D54/><U19/><E91/><V106/><F106/><W97/><G33/><T92/><D107/><U74/><E82/><N who="2" m="47199" /><F98/><W4/><G4/><T100/><REACH who="0" step="1"/><D17/><REACH who="0" ten="102,435,176,277" step="2"/><U134/><E19/><N who="2" m="8591" /><F67/><W128/><G18/><T53/><D53/><U39/><E6/><V3/><F3/><W115/><G128/><T73/><AGARI ba="3,1" hai="63,65,69,73,78,83,92,93,96,99,100,102,133,135" machi="73" ten="30,4000,0" yaku="1,1,0,1,9,1,53,0" doraHai="14" doraHaiUra="47" who="0" fromWho="0" sc="102,59,435,-23,176,-13,277,-13" /><INIT seed="6,0,0,2,1,94" ten="161,412,163,264" oya="2" hai0="70,51,105,107,2,59,44,126,133,9,106,114,123" hai1="93,43,67,128,132,57,30,117,7,1,134,41,60" hai2="91,36,130,83,42,96,68,113,62,76,84,35,100" hai3="80,90,61,88,79,125,77,103,54,50,48,13,56"/><V20/><F35/><W64/><G125/><T53/><D123/><U89/><E117/><V112/><F130/><W92/><G103/><T72/><D70/><U71/><E128/><V16/><F36/><W131/><G131/><T5/><D126/><U120/><E120/><V14/><F42/><W73/><G79/><T102/><D72/><U127/><E127/><V15/><F15/><W0/><G0/><T29/><D114/><N who="2" m="44138" /><F68/><W33/><G33/><T34/><D133/><N who="1" m="51307" /><E30/><V129/><F129/><W99/><G13/><T109/><D109/><U21/><E21/><V8/><F62/><W38/><G38/><T82/><D82/><U111/><E111/><V37/><F37/><W119/><G119/><T66/><D29/><U45/><E71/><V22/><F76/><W27/><G27/><T98/><REACH who="0" step="1"/><D34/><REACH who="0" ten="151,412,163,264" step="2"/><U124/><E124/><V6/><F6/><W116/><G116/><T78/><D78/><U87/><E7/><V10/><F20/><W55/><G73/><T63/><AGARI ba="0,1" hai="2,5,9,44,51,53,59,63,66,98,102,105,106,107" machi="63" ten="30,4000,0" yaku="1,1,0,1,52,1,53,0" doraHai="94" doraHaiUra="11" who="0" fromWho="0" sc="151,50,412,-10,163,-20,264,-10" /><INIT seed="7,0,0,0,5,122" ten="201,402,143,254" oya="3" hai0="37,120,5,36,116,50,106,40,55,9,18,16,118" hai1="130,53,26,107,81,134,11,111,25,35,84,28,79" hai2="131,1,80,62,41,32,19,65,42,95,6,44,121" hai3="8,76,113,45,49,125,73,59,114,61,128,13,70"/><W3/><G3/><T101/><D120/><U83/><E107/><V47/><F121/><W77/><G70/><T39/><D40/><U22/><E130/><V67/><F32/><W23/><G23/><T60/><D60/><U103/><E103/><V10/><F131/><W100/><G100/><T99/><D118/><U51/><E134/><V2/><F2/><W29/><G29/><T21/><D116/><U87/><E11/><V57/><F95/><W27/><G27/><T20/><D21/><U132/><E132/><V104/><F104/><W88/><G73/><T63/><D63/><U85/><E83/><V82/><F67/><W117/><G125/><T93/><D106/><U102/><E102/><V71/><F71/><W109/><G117/><T14/><REACH who="0" step="1"/><D20/><REACH who="0" ten="191,402,143,254" step="2"/><U98/><E22/><V135/><F19/><W78/><G128/><T68/><D68/><U4/><E35/><V86/><F135/><W90/><G61/><T92/><D92/><U69/><E69/><V38/><REACH who="2" step="1"/><F86/><REACH who="2" ten="191,402,133,254" step="2"/><W31/><G31/><T133/><D133/><U75/><E85/><V15/><F15/><W105/><G13/><T43/><D43/><U30/><E87/><V34/><F34/><W33/><G105/><T54/><D54/><U108/><E30/><V0/><F0/><W89/><G33/><T129/><D129/><U66/><E28/><V24/><F24/><W112/><G112/><T7/><D7/><U72/><E4/><V97/><F97/><W94/><G114/><T123/><D123/><U17/><E26/><V52/><F52/><N who="3" m="29743" /><G113/><T110/><D110/><U127/><E108/><RYUUKYOKU ba="0,2" sc="191,15,402,-15,133,15,254,-15" hai0="5,9,14,16,18,36,37,39,50,55,93,99,101" hai2="1,6,10,38,41,42,44,47,57,62,65,80,82" owari="206,-19.0,407,50.0,148,-35.0,239,4.0" /></mjloggm>