<mjloggm ver="2.3"><GO type="169" lobby="0"/><UN n0="%E3%82%A6%E3%83%AB%E3%83%88%E3%83%A9%E7%AB%8B%E7%9B%B4" n1="%E3%83%88%E3%83%8B%E3%83%BC%E2%98%85%E5%BD%A1" n2="%E3%82%BF%E3%83%9E%E3%83%8D%E3%82%AE" n3="%4F%4E%45" dan="18,16,16,16" rate="2243.59,2132.59,2120.33,2020.55" sx="M,M,M,M"/><TAIKYOKU oya="0"/><INIT seed="0,0,0,1,4,51" ten="250,250,250,250" oya="0" hai0="126,62,93,109,113,39,101,114,133,119,79,23,17" hai1="135,99,1,104,106,87,111,47,48,6,54,35,116" hai2="21,83,115,9,82,112,74,120,85,69,40,44,28" hai3="33,66,96,60,30,8,52,77,32,31,12,42,61"/><T27/><D39/><U57/><E116/><V0/><F69/><W13/><G42/><T117/><D79/><U7/><E111/><V88/><F120/><W107/><G77/><T49/><D49/><U64/><E35/><V50/><F74/><W81/><G81/><T75/><D62/><U127/><E135/><V43/><F83/><W70/><G13/><T11/><D93/><U18/><E127/><V84/><F84/><W2/><G2/><T100/><D101/><U71/><E106/><V118/><F118/><N who="0" m="45066" /><D100/><U46/><E46/><V14/><F0/><W90/><G32/><T134/><D75/><U86/><E71/><V76/><F43/><W65/><G65/><T103/><D103/><U108/><E108/><V110/><F110/><W4/><G33/><T121/><D109/><U15/><E99/><V89/><F112/><N who="0" m="43114" /><D121/><U91/><E1/><V55/><F40/><W94/><REACH who="3" step="1"/><G107/><REACH who="3" ten="250,250,250,240" step="2"/><T16/><D126/><U129/><E104/><V123/><F123/><W97/><G97/><T124/><D124/><U56/><E64/><V36/><F115/><W73/><G73/><T128/><D128/><U105/><E129/><V37/><F37/><W10/><G10/><T102/><D102/><U131/><E131/><V34/><F36/><W38/><G38/><T78/><D78/><U67/><E105/><V132/><F76/><W29/><G29/><T92/><D92/><N who="1" m="54391" /><E67/><V95/><F95/><W98/><G98/><T80/><D80/><U68/><E87/><V45/><F85/><W25/><G25/><T3/><D3/><U24/><E24/><V19/><F82/><RYUUKYOKU ba="0,1" sc="250,15,250,-15,250,-15,240,15" hai0="11,16,17,23,27,133,134" hai3="4,8,12,30,31,52,60,61,66,70,90,94,96" /><INIT seed="0,1,1,1,2,15" ten="265,235,235,255" oya="0" hai0="43,116,123,16,18,34,28,102,21,108,135,70,110" hai1="76,69,5,101,115,46,59,1,89,125,47,56,128" hai2="32,14,17,29,100,75,0,105,61,13,99,130,66" hai3="83,33,48,53,58,113,27,36,119,26,54,90,103"/><T42/><D70/><U120/><E120/><V9/><F130/><W22/><G36/><T67/><D123/><U62/><E128/><V133/><F133/><W30/><G113/><T38/><D116/><U44/><E115/><V24/><F75/><W68/><G68/><T117/><D117/><U81/><E125/><V122/><F122/><W65/><G65/><T52/><D67/><U131/><E131/><V132/><F132/><W114/><G114/><T71/><D71/><U111/><E101/><V39/><F39/><W91/><G119/><T3/><D3/><U73/><E111/><N who="0" m="42537" /><D135/><U4/><E1/><V35/><F13/><W11/><G11/><T74/><D74/><U127/><E127/><V95/><F0/><W118/><G118/><T121/><D121/><U106/><E106/><V31/><F31/><W57/><G103/><T55/><D102/><U104/><E104/><V40/><F40/><N who="0" m="15402" /><D38/><U45/><E69/><N who="2" m="42191" /><F35/><W98/><G83/><T93/><D93/><AGARI ba="1,1" hai="9,14,17,24,29,32,93,95,99,100,105" m="42191" machi="93" ten="30,2000,0" yaku="25,1,52,1" doraHai="15" who="2" fromWho="0" sc="265,-23,235,0,235,33,255,0" /><INIT seed="1,0,0,2,3,74" ten="242,235,268,255" oya="1" hai0="66,51,108,85,60,116,80,100,50,81,117,94,73" hai1="6,131,102,36,41,103,32,25,5,122,35,69,115" hai2="38,83,93,79,112,52,96,14,20,40,39,11,101" hai3="114,118,86,0,53,71,54,62,10,119,33,59,88"/><U130/><E115/><V70/><F70/><W27/><G114/><T111/><D51/><U134/><E69/><V91/><F112/><W42/><G42/><T123/><D50/><U16/><E122/><V98/><F20/><W104/><G104/><T129/><D60/><U9/><E41/><V82/><F82/><W24/><G71/><T87/><D66/><U63/><E63/><V121/><F40/><W31/><G24/><T107/><D107/><U135/><E36/><V45/><F121/><W23/><G33/><N who="1" m="12874" /><E103/><V120/><F120/><W2/><G10/><T64/><D64/><U92/><E92/><V28/><F28/><W106/><G54/><T46/><D46/><U105/><E102/><V57/><F45/><W49/><G62/><T128/><D123/><U19/><E105/><V34/><F34/><W37/><G106/><T44/><D44/><U43/><E43/><V22/><F22/><W58/><G59/><T132/><D100/><U67/><E67/><V84/><F98/><W3/><REACH who="3" step="1"/><G37/><REACH who="3" ten="242,235,268,245" step="2"/><T8/><D8/><U133/><E25/><V97/><F39/><W17/><G17/><N who="1" m="6730" /><E9/><V55/><F38/><W21/><G21/><T47/><D47/><U29/><E29/><V7/><F57/><W13/><G13/><T68/><D68/><U72/><E72/><V77/><F97/><W113/><G113/><T109/><D73/><U99/><E99/><V4/><F4/><AGARI ba="0,1" hai="4,5,6,130,131,133,134,135" m="6730,12874" machi="4" ten="40,18000,2" yaku="28,2,20,1,34,2,54,1" doraHai="74" who="1" fromWho="2" sc="242,0,235,190,268,-180,245,0" /><INIT seed="1,1,0,1,3,114" ten="242,425,88,245" oya="1" hai0="63,76,91,71,132,73,89,62,84,31,72,50,37" hai1="115,112,98,87,51,36,64,45,80,19,39,23,117" hai2="46,0,24,105,88,52,127,61,65,49,113,130,9" hai3="106,104,14,33,18,135,70,90,116,96,21,26,120"/><U38/><E64/><V1/><F127/><W74/><G74/><T57/><D37/><U29/><E98/><V82/><F130/><W4/><G120/><T41/><D71/><U32/><E29/><V40/><F113/><W81/><G70/><T119/><D76/><U83/><E32/><V131/><F131/><W126/><G126/><T54/><D132/><U35/><E117/><V55/><F105/><W67/><G67/><T43/><D119/><U121/><E35/><V92/><F82/><W44/><G135/><T28/><D50/><U108/><E83/><V27/><F0/><W42/><G104/><T125/><D125/><U11/><E11/><V30/><F9/><W13/><G13/><T78/><D78/><U94/><E94/><V124/><F1/><W75/><G75/><T56/><D54/><U58/><E58/><N who="2" m="37047" /><F124/><W20/><G33/><T47/><REACH who="0" step="1"/><D84/><REACH who="0" ten="232,425,88,245" step="2"/><U86/><E87/><N who="2" m="52255" /><F30/><W7/><G116/><T99/><D99/><U60/><E115/><V134/><F134/><W85/><G96/><T122/><D122/><U93/><E121/><V3/><F3/><W12/><G106/><T128/><D128/><U79/><E112/><V5/><F5/><W118/><G118/><T10/><D10/><U8/><E8/><V95/><F95/><W6/><G6/><T53/><D53/><AGARI ba="1,1" hai="24,27,40,46,49,52,53,55" m="52255,37047" machi="53" ten="30,3900,0" yaku="8,1,54,2" doraHai="114" who="2" fromWho="0" sc="232,-42,425,0,88,52,245,0" /><INIT seed="2,0,0,0,2,90" ten="190,425,140,245" oya="2" hai0="22,55,123,115,6,110,26,71,5,89,48,15,42" hai1="114,25,118,13,130,18,19,64,20,112,93,84,96" hai2="60,98,129,72,63,81,88,134,73,126,86,34,56" hai3="95,68,54,41,124,128,122,108,49,119,17,80,120"/><V85/><F126/><W61/><G124/><T24/><D71/><U132/><E118/><V37/><F129/><W102/><G119/><T101/><D123/><U40/><E130/><V57/><F134/><W107/><G107/><T10/><D115/><U79/><E132/><V127/><F127/><W7/><G7/><T58/><D110/><U74/><E74/><V69/><F69/><W8/><G108/><T0/><D101/><U87/><E40/><V66/><F37/><W12/><G41/><T30/><D42/><U135/><E135/><V43/><F43/><W16/><G128/><T36/><D36/><U23/><E64/><V125/><F125/><W27/><G80/><T106/><D106/><U116/><E116/><V11/><F34/><W51/><G51/><T44/><D58/><U99/><E99/><V94/><F11/><W1/><G1/><T121/><D121/><U47/><E47/><V45/><F45/><W77/><G77/><T39/><D39/><U35/><E35/><V91/><F98/><W133/><G133/><T32/><D89/><U38/><E38/><V109/><F109/><W59/><G49/><T82/><D82/><N who="1" m="47199" /><E87/><V2/><F2/><W65/><G65/><AGARI ba="0,0" hai="56,57,60,63,65,66,72,73,81,85,86,88,91,94" machi="65" ten="30,11600,0" yaku="7,1,9,1,52,1,54,1" doraHai="90" who="2" fromWho="3" sc="190,0,425,0,140,116,245,-116" /><INIT seed="2,1,0,1,1,125" ten="190,425,256,129" oya="2" hai0="96,44,116,79,15,26,19,113,119,126,84,51,63" hai1="28,135,101,46,48,67,35,1,99,34,13,10,18" hai2="120,74,43,66,25,82,55,124,31,103,115,100,111" hai3="33,59,16,130,61,49,134,129,133,3,102,122,94"/><V22/><F115/><W127/><G3/><T8/><D113/><U75/><E75/><V70/><F120/><W128/><G122/><T17/><D126/><U47/><E135/><N who="3" m="51722" /><G33/><T52/><D96/><U69/><E47/><V87/><F74/><W32/><G32/><T73/><D73/><U9/><E28/><V54/><F124/><W117/><G127/><T20/><REACH who="0" step="1"/><D63/><REACH who="0" ten="180,425,256,129" step="2"/><U71/><E99/><V45/><F111/><W12/><G117/><T36/><D36/><U106/><E106/><V65/><F100/><W81/><G49/><T97/><D97/><U123/><E101/><V72/><F103/><W83/><G102/><T68/><D68/><U11/><E69/><V118/><F72/><W95/><G83/><AGARI ba="1,1" hai="8,15,17,19,20,26,44,51,52,79,83,84,116,119" machi="83" ten="40,2600,0" yaku="1,1,54,1,53,0" doraHai="125" doraHaiUra="88" who="0" fromWho="3" sc="180,39,425,0,256,0,129,-29" /><INIT seed="3,0,0,2,1,81" ten="219,425,256,100" oya="3" hai0="25,77,20,131,40,50,46,91,42,102,95,121,53" hai1="18,63,45,98,5,134,26,14,92,85,33,114,9" hai2="125,106,100,73,43,15,124,99,88,21,122,132,61" hai3="101,19,32,23,104,48,70,111,17,96,67,7,27"/><W78/><G111/><T38/><D131/><U108/><E108/><V8/><F132/><W30/><G7/><T37/><D121/><U103/><E134/><V39/><F73/><W54/><G78/><T10/><D102/><U12/><E114/><V115/><F115/><W74/><G74/><T6/><D77/><U34/><E26/><V2/><F2/><W89/><G89/><T4/><D38/><U76/><E63/><V69/><F122/><W31/><G23/><T57/><D42/><U90/><E45/><N who="2" m="23807" /><F21/><W66/><G31/><T120/><D120/><U13/><E13/><V52/><F88/><W117/><G117/><T105/><D105/><U58/><E76/><V62/><F69/><W68/><G68/><T118/><D10/><U16/><E58/><V0/><F0/><W94/><G94/><T44/><D57/><U83/><E5/><N who="2" m="3471" /><F52/><W41/><G41/><T80/><D118/><U110/><E110/><V97/><F97/><W11/><G11/><AGARI ba="0,0" hai="9,11,12,14,16,18,33,34,83,85,90,92,98,103" machi="11" ten="30,7700,0" yaku="7,1,9,1,52,1,54,1" doraHai="81" who="1" fromWho="3" sc="219,0,425,77,256,0,100,-77" /><INIT seed="4,0,0,3,4,81" ten="219,502,256,23" oya="0" hai0="118,14,45,91,53,40,135,72,48,52,10,12,29" hai1="64,105,82,59,47,123,20,0,22,87,1,62,23" hai2="2,78,74,117,111,115,16,54,127,104,41,77,90" hai3="32,46,39,68,120,56,19,116,103,3,133,27,7"/><T30/><D72/><U43/><E105/><V93/><F104/><W4/><G116/><T84/><D135/><U100/><E100/><V15/><F2/><W50/><G39/><T130/><D130/><U18/><E123/><V132/><F111/><W36/><G68/><T85/><D118/><U24/><E1/><V5/><F117/><W8/><G36/><T13/><D10/><U51/><E0/><V63/><F5/><W79/><G4/><T11/><D11/><U129/><E129/><V31/><F31/><N who="0" m="11786" /><D85/><U131/><E131/><V94/><F74/><W44/><G32/><T102/><D102/><U25/><E25/><V42/><F132/><W38/><G38/><T122/><D122/><U17/><E17/><V109/><F109/><W97/><G133/><T69/><D69/><U75/><E75/><V55/><F115/><W65/><G79/><AGARI ba="0,0" hai="18,20,22,23,24,43,47,51,59,62,64,79,82,87" machi="79" ten="30,3900,0" yaku="7,1,8,1,52,1" doraHai="81" who="1" fromWho="3" sc="219,0,502,39,256,0,23,-39" owari="219,-18.0,541,64.0,256,6.0,-16,-52.0" /></mjloggm>