<mjloggm ver="2.3"><GO type="169" lobby="0"/><UN n0="%E3%82%A6%E3%83%AB%E3%83%88%E3%83%A9%E7%AB%8B%E7%9B%B4" n1="%E3%81%9C%E3%82%8D%E3%82%81%E3%81%90" n2="%E5%9B%BD%E5%A3%AB%E7%84%A1%E6%95%B5" n3="%46%6C%65%72%65" dan="18,17,16,16" rate="2230.00,2152.96,2175.19,2050.54" sx="M,F,M,M"/><TAIKYOKU oya="0"/><INIT seed="0,0,0,1,3,98" ten="250,250,250,250" oya="0" hai0="35,96,11,0,94,6,60,109,41,4,113,133,54" hai1="73,47,112,71,36,128,125,131,3,39,126,132,30" hai2="120,130,79,28,37,124,31,7,19,12,108,9,16" hai3="93,2,116,62,5,87,76,53,27,95,22,100,121"/><T110/><D113/><U115/><E3/><V17/><F37/><N who="1" m="14409" /><E73/><V106/><F106/><W83/><G116/><T44/><D35/><U56/><E30/><N who="2" m="11307" /><F79/><W80/><G2/><T13/><D133/><U65/><E132/><V127/><F120/><W91/><G5/><T18/><D41/><U25/><E25/><V97/><F97/><N who="3" m="59455" /><G76/><T74/><D74/><U15/><E15/><N who="2" m="5567" /><F108/><N who="0" m="41578" /><D0/><U10/><E10/><N who="2" m="6167" /><F130/><N who="1" m="49705" /><E71/><V101/><F101/><W51/><G62/><T84/><D84/><U34/><E34/><V21/><F17/><N who="3" m="12751" /><G121/><T102/><D60/><N who="1" m="38023" /><E47/><AGARI ba="0,0" hai="47,51,53,80,83,87,91,93" m="12751,59455" machi="47" ten="30,2000,0" yaku="8,1,52,1" doraHai="98" who="3" fromWho="1" sc="250,0,250,-20,250,0,250,20" /><INIT seed="1,0,0,0,0,57" ten="250,230,250,270" oya="1" hai0="0,84,30,102,3,36,72,115,46,10,48,101,92" hai1="96,59,13,131,32,118,130,64,58,53,83,82,124" hai2="119,129,20,52,93,76,117,121,42,50,70,54,74" hai3="41,104,49,55,8,87,110,108,97,19,33,94,78"/><U24/><E118/><V89/><F121/><W15/><G33/><T107/><D36/><U69/><E124/><V35/><F35/><W75/><G41/><T98/><D115/><U86/><E69/><V5/><F129/><W38/><G38/><T85/><D30/><U112/><E112/><V34/><F34/><W109/><G75/><T45/><D72/><U68/><E68/><V23/><F70/><W31/><G31/><T132/><D132/><U25/><E96/><V100/><F100/><W99/><G104/><T128/><D128/><U90/><E83/><V126/><F126/><W67/><G67/><T73/><D73/><U114/><E114/><V17/><F5/><W91/><REACH who="3" step="1"/><G78/><REACH who="3" ten="250,230,250,260" step="2"/><T63/><D107/><U61/><E32/><V77/><F74/><W21/><G21/><T133/><D133/><U113/><E113/><V105/><F105/><W1/><G1/><T116/><D0/><U26/><REACH who="1" step="1"/><E13/><REACH who="1" ten="250,220,250,260" step="2"/><N who="2" m="9263" /><F119/><W14/><G14/><T7/><D116/><U22/><E22/><V111/><F117/><W27/><G27/><T88/><D3/><U37/><E37/><V120/><F23/><W62/><G62/><AGARI ba="0,2" hai="24,25,26,53,58,59,61,62,64,82,86,90,130,131" machi="62" ten="40,7700,0" yaku="1,1,52,2,53,0" doraHai="57" doraHaiUra="123" who="1" fromWho="3" sc="250,0,220,97,250,0,260,-77" /><INIT seed="1,1,0,0,1,127" ten="250,317,250,183" oya="1" hai0="96,88,114,23,113,29,116,111,112,35,3,134,102" hai1="16,82,124,91,20,87,9,97,125,108,4,53,101" hai2="14,99,47,19,44,61,95,18,2,43,72,55,37" hai3="117,36,98,63,30,105,69,130,119,38,13,90,22"/><U93/><E108/><V52/><F2/><W89/><G105/><T83/><D35/><U28/><E28/><V17/><F72/><W84/><G98/><T32/><D32/><U86/><E53/><V5/><F61/><W79/><G79/><T109/><D3/><U107/><E9/><V15/><F47/><W10/><G130/><T126/><D23/><U115/><E4/><V110/><F110/><N who="0" m="41994" /><D29/><U100/><E115/><V122/><F122/><W41/><G90/><T77/><D116/><N who="3" m="44617" /><G30/><T11/><D11/><U80/><E101/><V6/><F15/><W25/><G25/><T104/><D126/><N who="1" m="48747" /><E87/><V129/><F129/><W67/><G22/><T74/><D134/><U75/><E75/><V26/><F26/><AGARI ba="1,0" hai="16,20,26,80,82,86,91,93,97,100,107" m="48747" machi="26" ten="30,2900,0" yaku="18,1,54,1" doraHai="127" who="1" fromWho="2" sc="250,0,317,32,250,-32,183,0" /><INIT seed="1,2,0,5,5,1" ten="250,349,218,183" oya="1" hai0="8,26,95,127,81,31,90,74,37,55,36,15,6" hai1="54,77,63,32,5,57,82,44,20,105,72,43,121" hai2="35,73,10,128,134,131,18,119,42,130,115,67,76" hai3="120,2,111,103,19,70,107,89,114,22,102,126,51"/><U118/><E32/><V98/><F119/><W47/><G114/><T25/><D127/><U49/><E118/><V93/><F134/><W12/><G120/><T83/><D26/><U80/><E121/><V56/><F35/><W94/><G126/><T132/><D132/><U50/><E105/><V40/><F115/><W75/><G75/><T108/><D108/><U71/><E82/><V69/><F69/><W135/><G111/><T125/><D125/><U113/><E113/><V97/><F97/><W58/><G70/><T21/><D74/><U85/><E72/><V109/><F109/><W117/><G117/><T52/><D37/><U96/><E96/><V106/><F106/><W61/><G2/><T46/><D36/><U60/><E71/><V11/><F76/><W65/><G107/><T13/><D13/><U4/><E20/><V3/><F73/><W91/><G89/><T48/><D55/><N who="1" m="33855" /><E63/><N who="2" m="38375" /><F11/><W23/><G23/><T66/><D66/><U33/><E33/><V14/><F3/><W59/><G59/><AGARI ba="2,0" hai="4,5,43,44,49,50,54,59,77,80,85" m="33855" machi="59" ten="30,5800,0" yaku="8,1,52,2" doraHai="1" who="1" fromWho="3" sc="250,0,349,64,218,0,183,-64" /><INIT seed="1,3,0,4,5,4" ten="250,413,218,119" oya="1" hai0="119,107,73,94,92,102,131,77,47,95,16,134,44" hai1="124,67,23,103,99,9,38,45,49,133,83,37,55" hai2="13,65,108,79,127,61,30,117,69,32,125,29,85" hai3="12,76,82,1,0,43,2,93,56,59,128,21,27"/><U121/><E121/><V33/><F117/><W91/><G128/><T75/><D119/><U89/><E133/><V41/><F108/><W118/><G118/><T57/><D134/><U66/><E124/><N who="2" m="47691" /><F41/><W17/><G43/><T90/><D131/><U15/><E23/><V88/><F79/><W35/><G35/><N who="2" m="13385" /><F13/><W132/><G132/><T84/><D57/><U62/><E83/><AGARI ba="3,0" hai="29,30,61,65,69,83,85,88" m="13385,47691" machi="83" ten="30,2000,0" yaku="18,1,54,1" doraHai="4" who="2" fromWho="1" sc="250,0,413,-29,218,29,119,0" /><INIT seed="2,0,0,5,1,47" ten="250,384,247,119" oya="2" hai0="103,25,133,126,134,87,91,122,97,17,115,64,124" hai1="120,60,58,89,20,62,26,93,30,23,61,83,22" hai2="70,132,127,123,50,7,12,76,15,35,125,45,116" hai3="5,33,41,131,37,121,110,34,74,105,21,48,56"/><V96/><F123/><W72/><G121/><T99/><D25/><U42/><E120/><V39/><F39/><W81/><G110/><T36/><D17/><U80/><E42/><V78/><F35/><W73/><G37/><T11/><D11/><U28/><E58/><V65/><F116/><W43/><G105/><T109/><D64/><U106/><E106/><V1/><F132/><N who="0" m="50794" /><D36/><U71/><E71/><V2/><F96/><N who="0" m="36938" /><D122/><U101/><E28/><V68/><F65/><W9/><G131/><T98/><D115/><U3/><E3/><V18/><F45/><W90/><G21/><T135/><D109/><U82/><E26/><V57/><F57/><W92/><G81/><N who="0" m="49647" /><D135/><U107/><E30/><V53/><F18/><W94/><G41/><T130/><D130/><U111/><E111/><V86/><F53/><W46/><G56/><T59/><D59/><U75/><E20/><V27/><F27/><W31/><G31/><T100/><N who="0" m="36946" /><T63/><DORA hai="128" /><D63/><U117/><E22/><V77/><F7/><W108/><G108/><T67/><D67/><U0/><E23/><V118/><F70/><W88/><G34/><T14/><D14/><U49/><E61/><V54/><F68/><W102/><G33/><T51/><D51/><U8/><E60/><V129/><F129/><W6/><G6/><T29/><D29/><U44/><E62/><V85/><F15/><W104/><G5/><T13/><D13/><U119/><E44/><N who="2" m="27975" /><F12/><W19/><G19/><T24/><D24/><U69/><E69/><V112/><F1/><W66/><G46/><T114/><D114/><RYUUKYOKU ba="0,0" sc="250,30,384,-10,247,-10,119,-10" hai0="100,103,124,126" /><INIT seed="3,1,0,5,2,30" ten="280,374,237,109" oya="3" hai0="12,134,28,66,40,25,19,56,29,44,47,26,93" hai1="96,65,8,13,38,119,61,5,128,103,80,24,36" hai2="79,46,100,106,133,104,102,77,107,111,99,95,127" hai3="15,33,117,90,22,85,132,41,68,81,74,83,108"/><W51/><G117/><T3/><D3/><U98/><E119/><V21/><F21/><W116/><G116/><T126/><D126/><U53/><E128/><V11/><F11/><W16/><G68/><T1/><D1/><U120/><E120/><V91/><F46/><N who="0" m="17450" /><D40/><U18/><E53/><V101/><F127/><W31/><G132/><T118/><D118/><U4/><E80/><V86/><F111/><W54/><G41/><T123/><D123/><U92/><E98/><N who="2" m="61495" /><F133/><W58/><G108/><T73/><D73/><U17/><E5/><V37/><F37/><W72/><REACH who="3" step="1"/><G83/><REACH who="3" ten="280,374,237,99" step="2"/><T20/><D134/><U49/><E38/><V57/><F57/><W109/><G109/><T75/><D56/><U62/><E36/><V88/><F102/><W64/><G64/><T135/><D66/><U129/><E65/><V124/><F124/><W70/><G70/><T10/><D135/><U35/><E103/><V67/><F67/><W78/><G78/><N who="2" m="29705" /><F91/><W14/><G14/><T131/><D12/><U71/><E13/><V76/><N who="2" m="29713" /><V59/><DORA hai="60" /><F59/><W122/><G122/><T87/><D75/><U113/><E71/><V114/><F114/><W125/><G125/><T7/><D131/><U110/><E129/><V34/><F34/><W105/><G105/><AGARI ba="1,1" hai="86,88,95,99,100,105,106,107" m="29713,61495" machi="105" ten="30,12000,2" yaku="35,5,54,1" doraHai="30,60" who="2" fromWho="3" sc="280,0,374,0,237,133,99,-123" owari="280,-12.0,374,47.0,370,17.0,-24,-52.0" /></mjloggm>