<mjloggm ver="2.3"><GO type="169" lobby="0"/><UN n0="%E3%83%88%E3%83%88%E3%83%AA%E5%85%88%E7%94%9F%31%39%E6%AD%B3" n1="%E6%B0%B4%E5%93%89%E3%81%AE%E3%83%AC%E3%82%B8%E3%82%A7%E3%83%B3%E3%83%89" n2="%E3%81%BE%E3%81%99%E3%81%8F%E3%81%AF%E3%81%8C%E3%81%97" n3="%E3%81%86%E3%81%83%E3%83%BC%E3%81%A1%E3%82%83%E3%82%93" dan="19,17,16,16" rate="2266.25,2128.29,2116.45,2111.86" sx="F,M,M,M"/><TAIKYOKU oya="0"/><INIT seed="0,0,0,5,4,52" ten="250,250,250,250" oya="0" hai0="88,93,19,98,62,100,95,70,30,74,47,11,59" hai1="37,21,114,20,92,48,24,105,126,89,18,122,118" hai2="117,43,76,108,111,69,45,129,8,7,55,113,77" hai3="75,112,10,6,50,51,0,25,84,2,110,120,66"/><T123/><D123/><U80/><E122/><V31/><F113/><W90/><G120/><T9/><D74/><U17/><E118/><V41/><F117/><W128/><G112/><T38/><D70/><U67/><E114/><V5/><F129/><W53/><G128/><T46/><D30/><U133/><E37/><V15/><F69/><W79/><G110/><N who="2" m="42025" /><F31/><W86/><G2/><T3/><D3/><U65/><E105/><V39/><F43/><W97/><G66/><T119/><D119/><U81/><E133/><V57/><F7/><W87/><G75/><T23/><D38/><U33/><E126/><V60/><AGARI ba="0,0" hai="5,8,15,39,41,45,55,57,60,76,77" m="42025" machi="60" ten="30,2000,0" yaku="14,1,52,1" doraHai="52" who="2" fromWho="2" sc="250,-10,250,-5,250,20,250,-5" /><INIT seed="1,0,0,0,4,122" ten="240,245,270,245" oya="1" hai0="85,91,26,2,94,65,71,68,118,3,104,16,135" hai1="15,13,8,110,23,76,105,116,72,9,121,109,126" hai2="98,82,6,59,5,107,79,42,101,129,81,69,40" hai3="10,53,11,74,102,123,61,66,17,86,39,133,47"/><U48/><E116/><V50/><F69/><W89/><G123/><T55/><D118/><U106/><E121/><V115/><F82/><W0/><G74/><T58/><D104/><U130/><E130/><V32/><F32/><W125/><G125/><T29/><D135/><U46/><E126/><V49/><F115/><W73/><G73/><T20/><D65/><U36/><E36/><V119/><F119/><W87/><G133/><T132/><D132/><U41/><E23/><V62/><F129/><W1/><G102/><T112/><D112/><U97/><E97/><V25/><F25/><W54/><G87/><T95/><D95/><U38/><E38/><V90/><F90/><W43/><G10/><T34/><D68/><U67/><E67/><V124/><F124/><W88/><G89/><T120/><D71/><U27/><E27/><V108/><F40/><W84/><G84/><T114/><D114/><U78/><E72/><V28/><F28/><W100/><G100/><T44/><D44/><U51/><E41/><V19/><F42/><W35/><G35/><T18/><D120/><U113/><E113/><V93/><F107/><W134/><G134/><T128/><D128/><U57/><E57/><V80/><F59/><W31/><G43/><T22/><D34/><U52/><E52/><V37/><F37/><W56/><G39/><T24/><REACH who="0" step="1"/><D29/><REACH who="0" ten="230,245,270,245" step="2"/><U70/><E70/><V96/><F93/><N who="3" m="54423" /><G31/><T30/><D30/><U60/><E46/><V4/><F101/><W103/><G103/><T127/><D127/><U63/><AGARI ba="0,1" hai="8,9,13,15,48,51,60,63,76,78,105,106,109,110" machi="63" ten="25,12000,1" yaku="0,1,22,2,52,2" doraHai="122" who="1" fromWho="1" sc="230,-40,245,130,270,-40,245,-40" /><INIT seed="1,1,0,4,4,79" ten="190,375,230,205" oya="1" hai0="69,84,21,85,26,13,112,66,61,52,8,114,89" hai1="43,1,56,41,106,35,48,65,64,78,9,76,135" hai2="11,38,68,97,10,128,82,46,133,32,20,14,86" hai3="17,117,29,28,87,99,39,5,71,59,131,34,129"/><U23/><E35/><V100/><F32/><W49/><G39/><T24/><D85/><U27/><E106/><V58/><F68/><W50/><G71/><T111/><D111/><U30/><E135/><V121/><F121/><W3/><G99/><T92/><D24/><U104/><E104/><V125/><F133/><W36/><G36/><T107/><D107/><U18/><E1/><V77/><F128/><W51/><G17/><T110/><D110/><U108/><E108/><V134/><F125/><W45/><G45/><T75/><D75/><U88/><E9/><V72/><F134/><W55/><G117/><T57/><D8/><U70/><E70/><V93/><F58/><W122/><G122/><T95/><D95/><U42/><E30/><V118/><F118/><W0/><G5/><T74/><D74/><U40/><E40/><V113/><F113/><W123/><G123/><T130/><D13/><U80/><E48/><V19/><REACH who="2" step="1"/><F72/><REACH who="2" ten="190,375,220,205" step="2"/><W2/><G34/><T115/><D130/><U31/><E56/><V120/><F120/><W127/><G127/><T63/><REACH who="0" step="1"/><D115/><REACH who="0" ten="180,375,220,205" step="2"/><U132/><E132/><V73/><F73/><W109/><G109/><T101/><D101/><U7/><E31/><AGARI ba="1,2" hai="21,26,31,52,57,61,63,66,69,84,89,92,112,114" machi="31" ten="30,7700,0" yaku="1,1,7,1,54,1,53,1" doraHai="79" doraHaiUra="67" who="0" fromWho="1" sc="180,100,375,-80,220,0,205,0" /><INIT seed="2,0,0,2,1,70" ten="280,295,220,205" oya="2" hai0="35,86,77,131,3,38,17,115,98,79,8,121,54" hai1="26,130,41,82,105,18,15,36,66,44,126,119,129" hai2="85,29,33,27,6,61,11,120,109,117,62,58,127" hai3="101,116,7,22,96,134,9,99,80,72,25,53,87"/><V31/><F117/><W24/><G116/><T83/><D115/><U84/><E119/><V78/><F120/><W47/><G72/><T32/><D121/><U91/><E105/><V45/><F127/><W63/><G134/><T19/><D38/><U122/><E122/><V40/><F29/><W30/><G25/><T104/><D131/><U4/><E126/><V12/><F109/><W67/><G101/><T34/><D79/><U49/><E66/><V21/><F58/><W2/><G53/><T1/><D54/><U128/><E4/><V114/><F114/><W110/><G110/><T69/><D69/><U64/><E64/><V37/><REACH who="2" step="1"/><F33/><REACH who="2" ten="280,295,210,205" step="2"/><W39/><G30/><T73/><D32/><U108/><E108/><V93/><F93/><W23/><G23/><T55/><D34/><U52/><E129/><V42/><F42/><W46/><G22/><T90/><D35/><U88/><E128/><V20/><F20/><W92/><G92/><T50/><D104/><U111/><E111/><V123/><F123/><W68/><G24/><T57/><D57/><U60/><E130/><V14/><F14/><W74/><G2/><T113/><D3/><U112/><E26/><V75/><F75/><W5/><G74/><T135/><D113/><U106/><E112/><V16/><F16/><W95/><G95/><N who="0" m="56695" /><D73/><U100/><E106/><V89/><F89/><W125/><G125/><T97/><D1/><U10/><E91/><V132/><F132/><W51/><G68/><T59/><D135/><U103/><E60/><V102/><F102/><W0/><G0/><T81/><D19/><RYUUKYOKU ba="0,1" sc="280,-15,295,15,210,15,205,-15" hai1="10,15,18,36,41,44,49,52,82,84,88,100,103" hai2="6,11,12,21,27,31,37,40,45,61,62,78,85" /><INIT seed="2,1,1,0,0,104" ten="265,310,225,190" oya="2" hai0="47,41,36,52,57,120,101,78,37,16,103,112,43" hai1="134,119,33,117,113,133,92,72,55,79,53,54,50" hai2="66,44,19,58,118,74,124,21,93,96,28,71,95" hai3="73,6,116,94,59,85,91,0,48,40,20,83,7"/><V110/><F118/><W45/><G116/><T60/><D120/><U26/><E113/><V12/><F71/><W88/><G0/><T70/><D112/><U31/><E92/><V65/><F124/><W38/><G38/><T14/><D78/><U98/><E98/><V131/><F131/><W111/><G111/><T87/><D87/><U46/><E117/><V123/><F123/><W80/><G80/><T122/><D122/><U105/><E105/><V75/><F110/><W39/><G20/><T29/><D29/><U22/><E33/><V32/><F44/><W11/><G11/><T18/><D18/><U34/><E34/><V129/><F93/><W9/><G73/><T3/><D3/><U107/><E107/><V89/><F129/><W13/><G7/><T115/><D115/><U15/><E15/><V64/><REACH who="2" step="1"/><F58/><REACH who="2" ten="265,310,215,190" step="2"/><W128/><G128/><T35/><D70/><U68/><E68/><V67/><N who="2" m="16384" /><DORA hai="30" /><V109/><F109/><W86/><G59/><T108/><D108/><U135/><E119/><V126/><F126/><W69/><G69/><T130/><D130/><U97/><E133/><V99/><F99/><W82/><G94/><T24/><D47/><U27/><E97/><V132/><F132/><W4/><G45/><T127/><D127/><U63/><E134/><V5/><F5/><W49/><G4/><T100/><D57/><U114/><E135/><V42/><F42/><W121/><G121/><T106/><D106/><U56/><E114/><V25/><AGARI ba="1,2" hai="12,19,21,25,28,32,74,75,89,95,96" m="16384" machi="25" ten="40,18000,2" yaku="1,1,0,1,52,3,53,2" doraHai="104,30" doraHaiUra="84,17" who="2" fromWho="2" sc="265,-61,310,-61,215,203,190,-61" /><INIT seed="2,2,0,5,5,54" ten="204,249,418,129" oya="2" hai0="44,35,107,46,75,13,58,3,53,30,45,78,106" hai1="6,74,9,76,135,10,95,131,62,25,7,116,49" hai2="26,57,8,27,47,105,130,48,21,82,122,115,77" hai3="83,104,39,4,93,120,81,92,51,112,11,56,18"/><V109/><F115/><W64/><G104/><T108/><D3/><U61/><E116/><V133/><F122/><W127/><G39/><T31/><D108/><U12/><E131/><V36/><F105/><W102/><G120/><T101/><D106/><U118/><E118/><V94/><F130/><W121/><G121/><T66/><D66/><U71/><E135/><V79/><F133/><W99/><G112/><T63/><D35/><U111/><E111/><V117/><F36/><W97/><G18/><T50/><D63/><U67/><E25/><V134/><F117/><W98/><G127/><T60/><D60/><U23/><E23/><V85/><F79/><W103/><G98/><T132/><D132/><U100/><E49/><V80/><F80/><W87/><G64/><T14/><D78/><U90/><E62/><V73/><F73/><W38/><G38/><T34/><D75/><U84/><E100/><V1/><F134/><W33/><G33/><T125/><D125/><U113/><E113/><V128/><F128/><W43/><G87/><T86/><D86/><U124/><E124/><V52/><F109/><W5/><G43/><T37/><D37/><U42/><E42/><V0/><F8/><N who="1" m="3177" /><E12/><N who="0" m="4713" /><D34/><U19/><E19/><V65/><F1/><W16/><G16/><T41/><D41/><U17/><E17/><V123/><F0/><W15/><G4/><T28/><D107/><U2/><E2/><V126/><F126/><W55/><AGARI ba="2,0" hai="5,11,15,51,55,56,81,83,92,93,97,99,102,103" machi="55" ten="30,7900,0" yaku="0,1,9,1,8,1,52,1" doraHai="54" who="3" fromWho="3" sc="204,-22,249,-22,418,-41,129,85" /><INIT seed="3,0,0,3,1,123" ten="182,227,377,214" oya="3" hai0="56,104,106,88,92,44,2,100,59,66,110,107,90" hai1="113,102,13,16,9,49,133,103,6,78,131,111,46" hai2="42,74,128,116,118,60,54,132,57,79,108,1,53" hai3="81,84,3,87,69,64,72,26,124,117,30,76,134"/><W112/><G112/><T4/><D110/><U97/><E113/><V68/><F108/><W29/><G117/><T119/><D119/><U40/><E111/><V11/><F42/><W86/><G3/><T101/><D44/><U14/><E131/><V80/><F128/><W52/><G124/><T122/><D122/><U37/><E133/><V75/><F132/><W24/><G134/><T62/><D4/><U121/><E121/><V38/><F38/><W95/><G95/><T17/><D2/><U61/><E78/><V28/><F75/><W58/><G64/><T98/><D17/><U65/><E37/><V12/><F1/><W82/><G69/><T83/><REACH who="0" step="1"/><D59/><REACH who="0" ten="172,227,377,214" step="2"/><N who="1" m="37055" /><E97/><V0/><F0/><W39/><G39/><T45/><D45/><U48/><E48/><V94/><F57/><W55/><G58/><T19/><D19/><U85/><E85/><AGARI ba="0,1" hai="56,62,66,83,85,88,90,92,98,100,101,104,106,107" machi="85" ten="40,2600,0" yaku="1,1,54,1,53,0" doraHai="123" doraHaiUra="5" who="0" fromWho="1" sc="172,36,227,-26,377,0,214,0" /><INIT seed="4,0,0,3,4,94" ten="208,201,377,214" oya="0" hai0="118,124,129,20,15,24,49,22,44,133,70,46,40" hai1="48,104,130,80,71,7,135,101,63,119,23,114,5" hai2="100,27,21,56,38,90,18,6,128,79,42,93,109" hai3="82,83,112,30,29,60,72,97,84,105,43,85,134"/><T8/><D118/><U132/><E119/><V122/><F109/><W33/><G112/><T52/><D70/><U34/><E34/><V88/><F122/><W116/><G116/><T51/><D129/><U131/><E114/><V95/><F128/><N who="1" m="49193" /><E80/><V32/><F32/><W31/><G33/><T125/><D133/><N who="1" m="51275" /><E48/><V19/><F38/><W25/><G134/><T68/><D68/><U75/><E75/><V59/><F6/><N who="1" m="2057" /><E23/><V111/><F21/><W55/><G72/><T89/><D89/><U81/><E81/><V1/><F88/><W77/><G83/><T2/><D2/><U99/><E71/><V103/><F90/><W37/><G82/><T113/><D113/><U41/><E41/><V67/><F42/><W96/><G43/><T110/><D110/><U39/><E63/><V28/><F111/><W117/><G117/><T26/><D8/><U17/><E17/><V106/><F19/><W11/><G11/><T74/><D74/><U13/><E13/><V3/><F18/><W47/><G30/><T0/><D0/><U69/><E69/><V36/><F28/><W126/><G31/><T121/><D15/><U58/><E58/><V66/><F59/><W64/><G29/><N who="0" m="17543" /><D121/><U16/><E16/><V14/><F14/><W78/><G64/><T65/><D65/><U73/><E73/><V62/><F66/><W120/><G120/><T35/><D35/><U4/><N who="1" m="2065" /><U108/><DORA hai="102" /><E108/><V76/><F67/><W127/><G60/><T9/><D9/><U50/><E50/><V61/><F1/><W45/><G37/><AGARI ba="0,0" hai="37,39,99,101,104" m="2065,51275,49193" machi="37" ten="40,8000,1" yaku="19,1,20,1,52,2" doraHai="94,102" who="1" fromWho="3" sc="208,0,201,80,377,0,214,-80" /><INIT seed="5,0,0,4,3,115" ten="208,281,377,134" oya="1" hai0="42,103,35,80,13,130,92,110,38,50,120,65,23" hai1="19,109,133,87,49,91,18,56,123,9,69,67,114" hai2="81,20,124,101,108,30,86,11,71,112,53,57,98" hai3="4,107,26,96,102,46,88,83,41,131,72,3,2"/><U28/><E123/><V74/><F108/><W116/><G116/><T6/><D35/><U66/><E114/><V78/><F71/><W76/><G131/><T63/><D110/><U43/><E69/><V16/><F112/><W135/><G135/><T117/><D117/><U52/><E109/><V82/><F124/><W55/><G26/><T7/><D38/><U106/><E106/><V27/><F11/><W34/><G34/><T61/><D130/><U127/><E133/><V113/><F113/><W0/><G55/><T14/><D80/><U60/><E28/><V17/><F57/><W129/><G129/><T95/><D50/><U77/><E77/><V10/><F53/><W132/><G132/><T118/><D42/><U1/><E1/><V119/><F10/><W25/><G25/><T32/><D23/><U100/><E100/><V22/><F22/><W31/><G31/><T39/><D39/><U58/><E127/><V93/><REACH who="2" step="1"/><F119/><REACH who="2" ten="208,281,367,134" step="2"/><W85/><G4/><T94/><D118/><U64/><E9/><V79/><AGARI ba="0,1" hai="16,17,20,27,30,74,78,79,81,82,86,93,98,101" machi="79" ten="20,12000,2" yaku="1,1,2,1,0,1,7,1,54,1,53,1" doraHai="115" doraHaiUra="21" who="2" fromWho="2" sc="208,-30,281,-60,367,130,134,-30" /><INIT seed="6,0,0,2,4,4" ten="178,221,497,104" oya="2" hai0="123,113,9,62,1,98,0,59,91,79,5,89,45" hai1="54,8,28,71,70,72,106,76,73,110,116,111,94" hai2="53,133,35,46,24,120,131,117,11,10,31,51,90" hai3="102,103,43,37,134,18,50,49,114,115,122,93,121"/><V97/><F117/><W22/><G37/><T19/><D123/><U85/><E106/><V56/><F120/><W108/><G108/><T119/><D119/><U42/><E42/><V65/><F133/><W126/><G134/><T67/><D113/><U20/><E116/><V48/><F131/><W132/><G132/><T39/><D1/><U58/><E28/><V78/><F78/><W130/><G22/><T118/><D118/><U60/><E20/><V100/><F90/><W112/><G112/><T12/><D98/><U38/><E38/><V105/><REACH who="2" step="1"/><F65/><REACH who="2" ten="178,221,487,104" step="2"/><W82/><G130/><T88/><D79/><U44/><E76/><V74/><F74/><W86/><G122/><T63/><D89/><U17/><E73/><V127/><F127/><W36/><G126/><T95/><D91/><U27/><E72/><V64/><F64/><W75/><G121/><T29/><D88/><U30/><E111/><V41/><AGARI ba="0,1" hai="10,11,24,31,35,41,46,48,51,53,56,97,100,105" machi="41" ten="20,18000,2" yaku="1,1,0,1,7,1,52,2,53,1" doraHai="4" doraHaiUra="23" who="2" fromWho="2" sc="178,-60,221,-60,487,190,104,-60" /><INIT seed="6,1,0,1,3,38" ten="118,161,677,44" oya="2" hai0="84,8,122,108,129,44,75,47,20,126,24,78,85" hai1="74,57,71,64,60,70,26,15,54,3,28,1,92" hai2="106,7,128,89,90,21,102,14,111,18,72,123,43" hai3="48,12,53,46,113,115,104,95,130,79,2,36,5"/><V97/><F123/><W42/><G104/><T45/><D122/><U73/><E73/><V13/><F72/><W9/><G130/><T58/><D108/><U114/><E74/><V103/><F111/><W118/><G118/><T41/><D129/><U107/><E107/><V32/><F32/><W94/><G79/><T88/><D126/><U96/><E114/><N who="3" m="43530" /><G2/><T99/><D75/><U25/><E15/><V110/><F106/><W10/><G10/><T76/><D8/><U27/><E70/><V22/><F128/><W31/><G31/><T30/><D99/><U135/><E135/><V65/><F7/><W81/><G81/><N who="0" m="47159" /><D58/><AGARI ba="1,0" hai="5,9,12,36,42,46,48,53,58,94,95" m="43530" machi="58" ten="30,3900,0" yaku="15,1,11,1,52,1" doraHai="38" who="3" fromWho="0" sc="118,-42,161,0,677,0,44,42" /><INIT seed="7,0,0,3,5,46" ten="76,161,677,86" oya="3" hai0="13,18,87,134,15,5,4,66,94,97,98,45,51" hai1="35,100,107,73,42,78,102,122,77,72,131,2,127" hai2="128,129,54,0,60,59,88,96,130,110,115,8,120" hai3="26,101,84,62,6,65,112,52,24,44,41,17,56"/><W39/><G112/><T126/><D134/><U10/><E35/><V32/><F110/><W91/><G101/><T89/><D126/><U43/><E10/><V93/><F115/><W86/><G6/><N who="0" m="2667" /><D66/><U71/><E71/><V47/><F0/><W105/><G105/><T76/><D76/><U55/><E55/><V81/><F8/><W82/><G17/><T48/><D48/><U12/><E12/><N who="0" m="4681" /><D18/><U11/><E2/><V135/><F135/><W3/><G3/><T80/><D80/><U64/><E64/><V114/><F114/><W57/><G86/><T14/><N who="0" m="4689" /><T75/><DORA hai="79" /><D75/><U25/><E107/><V7/><F7/><W124/><G124/><T90/><D90/><U16/><E16/><V61/><F120/><W132/><G132/><T31/><D31/><U49/><E127/><V113/><F113/><W95/><G82/><T1/><D1/><U23/><E73/><V40/><F81/><W68/><G68/><T69/><D69/><U28/><E72/><V20/><F32/><W21/><G21/><T36/><D36/><U53/><E23/><V103/><F20/><W9/><G9/><T104/><D104/><U99/><E11/><V63/><F103/><W38/><G38/><AGARI ba="0,0" hai="38,40,47,54,59,60,61,63,88,93,96,128,129,130" machi="38" ten="40,2600,0" yaku="19,1,54,1" doraHai="46,79" who="2" fromWho="3" sc="76,0,161,0,677,26,86,-26" owari="76,-32.0,161,-4.0,703,80.0,60,-44.0" /></mjloggm>