<mjloggm ver="2.3"><GO type="169" lobby="0"/><UN n0="%E3%82%AA%E3%82%AF%E3%83%A9%EF%BC%92%E4%B8%96" n1="%E3%82%AF%E3%83%AD%E3%82%B9%E3%83%AD%E3%83%BC%E3%83%AB" n2="%E3%82%A6%E3%83%AB%E3%83%88%E3%83%A9%E7%AB%8B%E7%9B%B4" n3="%E2%80%A0%58%54%45%4E%44%E2%80%A0" dan="16,16,18,17" rate="2092.54,2107.83,2243.75,2157.93" sx="M,M,M,F"/><TAIKYOKU oya="0"/><INIT seed="0,0,0,1,4,43" ten="250,250,250,250" oya="0" hai0="73,101,93,115,15,74,106,5,32,108,26,119,46" hai1="9,6,110,30,57,12,61,82,39,29,36,75,105" hai2="34,114,67,48,127,10,113,133,22,103,96,125,47" hai3="31,62,53,11,126,51,66,59,94,112,63,24,0"/><T13/><D106/><U87/><E105/><V35/><F67/><W69/><G112/><T86/><D115/><N who="2" m="44042" /><F22/><W7/><G126/><N who="2" m="48137" /><F10/><W50/><REACH who="3" step="1"/><G94/><REACH who="3" ten="250,250,250,240" step="2"/><T124/><D124/><U72/><E110/><V88/><F133/><W90/><G90/><T52/><D108/><U60/><E75/><V107/><F88/><W45/><G45/><T54/><D74/><U83/><E72/><V99/><F99/><W2/><G2/><T28/><D73/><U135/><E135/><V17/><F17/><W3/><G3/><T85/><D119/><U104/><E104/><V1/><F1/><W109/><G109/><T97/><D46/><U27/><E87/><V118/><F118/><W123/><G123/><T16/><D86/><U18/><E83/><V23/><F23/><AGARI ba="0,1" hai="0,7,11,23,24,31,50,51,53,59,62,63,66,69" machi="23" ten="30,2000,0" yaku="1,1,7,1,53,0" doraHai="43" doraHaiUra="8" who="3" fromWho="2" sc="250,0,250,0,250,-20,240,30" /><INIT seed="1,0,0,1,4,106" ten="250,250,230,270" oya="1" hai0="39,55,0,30,112,129,91,85,81,99,73,66,101" hai1="132,11,8,111,128,123,37,69,58,19,47,57,64" hai2="24,2,26,115,116,75,20,35,96,49,100,42,70" hai3="83,48,119,97,31,124,108,82,15,4,120,59,118"/><U14/><E123/><V13/><F116/><W98/><G120/><T36/><D112/><U65/><E132/><V3/><F70/><W94/><G108/><T90/><D0/><N who="2" m="42" /><F49/><W109/><G109/><T125/><D125/><U113/><E111/><V5/><F96/><W28/><G124/><T114/><D114/><U38/><E113/><V76/><F100/><W51/><G15/><T88/><D66/><U40/><E128/><V131/><F76/><W121/><G121/><T86/><D55/><U84/><E84/><V50/><F50/><W107/><G4/><T68/><D68/><U25/><E69/><V53/><F53/><W56/><REACH who="3" step="1"/><G94/><REACH who="3" ten="250,250,230,260" step="2"/><T16/><D81/><U7/><E14/><V45/><F5/><W87/><G87/><T71/><D85/><U44/><E7/><V133/><F13/><W18/><G18/><T67/><D86/><U74/><E19/><V6/><F6/><W110/><G110/><T72/><D16/><U134/><E134/><V41/><F133/><W43/><G43/><T12/><D12/><U122/><E122/><V10/><F42/><W1/><G1/><T79/><D129/><U104/><E40/><V61/><F131/><W46/><G46/><T27/><D79/><U77/><E77/><V23/><F45/><W117/><G117/><T52/><D30/><U62/><E104/><AGARI ba="0,1" hai="28,31,48,51,56,59,82,83,97,98,104,107,118,119" machi="104" ten="25,3200,0" yaku="1,1,22,2,53,0" doraHai="106" doraHaiUra="34" who="3" fromWho="1" sc="250,0,250,-32,230,0,260,42" /><INIT seed="2,0,0,0,5,118" ten="250,218,230,302" oya="2" hai0="7,107,82,114,86,28,79,99,23,35,112,22,14" hai1="32,93,11,0,29,61,69,26,70,59,34,39,113" hai2="111,94,90,126,40,84,97,60,18,8,80,71,53" hai3="43,33,62,134,6,88,4,3,110,20,127,57,125"/><V122/><F126/><N who="3" m="48139" /><G33/><T1/><D23/><U89/><E113/><V63/><F111/><W75/><G75/><T104/><D35/><U129/><E34/><V131/><F131/><W92/><G110/><T50/><D1/><U132/><E39/><V67/><F40/><W123/><G134/><T5/><D5/><U121/><E132/><V19/><F122/><W12/><G3/><T49/><D99/><U91/><E129/><V9/><F53/><N who="3" m="34095" /><G43/><T21/><D50/><U52/><E121/><V24/><F63/><W73/><G73/><T45/><D28/><U120/><E120/><V78/><REACH who="2" step="1"/><F24/><REACH who="2" ten="250,218,220,302" step="2"/><W66/><G123/><T65/><D114/><U17/><E26/><V105/><F105/><N who="0" m="40522" /><D65/><U48/><E61/><V55/><F55/><W103/><G66/><T117/><D112/><U87/><E52/><V101/><F101/><W58/><G103/><T109/><D117/><U72/><E48/><V16/><AGARI ba="0,1" hai="8,9,16,18,19,60,67,71,78,80,84,90,94,97" machi="16" ten="30,18000,2" yaku="1,1,0,1,54,1,53,3" doraHai="118" doraHaiUra="15" who="2" fromWho="2" sc="250,-60,218,-60,220,190,302,-60" /><INIT seed="2,1,0,1,2,48" ten="190,158,410,242" oya="2" hai0="32,130,56,46,27,16,86,1,118,95,51,11,111" hai1="57,115,18,8,117,121,125,17,104,14,22,66,90" hai2="12,96,72,116,123,73,78,112,126,52,70,59,54" hai3="97,36,40,108,79,5,82,133,71,62,77,87,107"/><V38/><F70/><W45/><G108/><T23/><D111/><U103/><E115/><V91/><F38/><W53/><G133/><T26/><D130/><U81/><E117/><V49/><F123/><W83/><G5/><T42/><D118/><U105/><E121/><V101/><F112/><W131/><G131/><T110/><D110/><U74/><E125/><V76/><F116/><W44/><G71/><T99/><D86/><U3/><E103/><V0/><F0/><W128/><G128/><T37/><D1/><U24/><E3/><V93/><F126/><W21/><G21/><T127/><D127/><U113/><E113/><V61/><F12/><W58/><G45/><T89/><D11/><U67/><E105/><V2/><F2/><W68/><G68/><T106/><D106/><U7/><E104/><V135/><F135/><W65/><G97/><T28/><D56/><U94/><E7/><V84/><F73/><W15/><G15/><T43/><REACH who="0" step="1"/><D37/><REACH who="0" ten="180,158,410,242" step="2"/><U29/><E74/><V102/><F72/><W124/><G107/><T88/><D88/><U134/><E134/><V4/><F102/><W109/><G109/><T119/><D119/><U25/><E57/><N who="2" m="34983" /><F4/><W120/><G124/><T30/><D30/><U64/><E81/><AGARI ba="1,1" hai="49,54,59,76,78,81,84,91,93,96,101" m="34983" machi="81" ten="30,11600,0" yaku="8,1,52,2,54,1" doraHai="48" who="2" fromWho="1" sc="180,0,158,-119,410,129,242,0" /><INIT seed="2,2,0,3,2,64" ten="180,39,539,242" oya="2" hai0="61,45,75,92,27,83,90,3,12,104,98,11,133" hai1="121,97,122,47,70,130,99,10,55,116,49,129,16" hai2="94,120,41,134,67,73,9,40,34,1,63,112,35" hai3="110,7,18,56,28,29,42,105,31,125,50,36,108"/><V95/><F112/><W58/><G105/><T15/><D133/><U103/><E116/><V54/><F73/><W68/><G36/><T123/><D123/><N who="1" m="47115" /><E70/><V32/><F120/><W80/><G7/><T0/><D27/><U51/><E51/><V81/><F54/><W71/><G125/><T53/><D104/><U114/><E114/><V4/><F81/><W74/><G18/><T93/><D93/><N who="1" m="58799" /><E99/><V46/><F134/><W117/><G117/><T39/><D61/><U26/><E10/><V13/><F1/><W48/><G74/><T76/><D3/><U24/><E24/><V132/><F132/><W17/><G17/><T84/><D53/><U38/><E38/><V20/><F20/><AGARI ba="2,0" hai="16,20,26,47,49,55,129,130" m="58799,47115" machi="20" ten="30,2000,0" yaku="13,1,54,1" doraHai="64" who="1" fromWho="2" sc="180,0,39,26,539,-26,242,0" /><INIT seed="3,0,0,5,2,24" ten="180,65,513,242" oya="3" hai0="35,115,34,101,67,82,135,23,13,26,29,91,132" hai1="5,107,133,55,44,14,99,65,68,117,94,31,7" hai2="37,97,95,3,64,19,25,88,46,73,27,126,74" hai3="114,111,57,43,118,50,98,32,77,17,30,112,121"/><W16/><G77/><T75/><D115/><N who="3" m="44073" /><G98/><T4/><D101/><U71/><E107/><V58/><F88/><W36/><G36/><T33/><D67/><U66/><E133/><N who="0" m="51273" /><D91/><U52/><E117/><V42/><F58/><W11/><G50/><T96/><D96/><U6/><E14/><V108/><F46/><W78/><G43/><T110/><D82/><U61/><E44/><V0/><F42/><W100/><G78/><T59/><D59/><U38/><E38/><V125/><F37/><W123/><G57/><T47/><D47/><U105/><E105/><V81/><F97/><W109/><G100/><T119/><D75/><U18/><E18/><N who="3" m="7274" /><G11/><N who="0" m="4327" /><D119/><U122/><E122/><N who="3" m="46602" /><G118/><T45/><D45/><U104/><E104/><V134/><F74/><W63/><G63/><T40/><D40/><U93/><E93/><V53/><F73/><W41/><G41/><T103/><D103/><U124/><E66/><V86/><F64/><W85/><G85/><T90/><D90/><U69/><E69/><V28/><F86/><W130/><G130/><T113/><D113/><U49/><E71/><V9/><F95/><W129/><G129/><T72/><D72/><U51/><E51/><V8/><F134/><W120/><G120/><T84/><D84/><U39/><E39/><V70/><F70/><W56/><G56/><T21/><D26/><AGARI ba="0,0" hai="26,30,32,109,111" m="46602,7274,44073" machi="26" ten="40,12000,1" yaku="34,2,52,1,54,1" doraHai="24" who="3" fromWho="0" sc="180,-120,65,0,513,0,242,120" /><INIT seed="3,1,0,2,1,48" ten="60,65,513,362" oya="3" hai0="9,30,92,130,135,91,120,63,108,104,60,64,105" hai1="107,96,110,4,62,19,32,50,93,34,101,36,90" hai2="61,126,51,99,31,79,76,7,71,43,46,22,38" hai3="88,109,81,103,118,128,21,85,17,113,40,16,125"/><W1/><G113/><T82/><D120/><U3/><E36/><V75/><F7/><W74/><G118/><T6/><D130/><U121/><E121/><V87/><F75/><W95/><G1/><T123/><D135/><U45/><E110/><V54/><F99/><W0/><G0/><T37/><D123/><U68/><E19/><V2/><F87/><W134/><G128/><T44/><D37/><U33/><E4/><V73/><F73/><W11/><G134/><T47/><D108/><U129/><E3/><V94/><F94/><W26/><G109/><T58/><D30/><U116/><E129/><V119/><F2/><W27/><G125/><T10/><D82/><U77/><E77/><V5/><F5/><W53/><G40/><T86/><D10/><U80/><E80/><V127/><F119/><W41/><G41/><T12/><D104/><U114/><E114/><V111/><F111/><W18/><G11/><T98/><D105/><U69/><E62/><V23/><F79/><W39/><G39/><T97/><D63/><U52/><REACH who="1" step="1"/><E116/><REACH who="1" ten="60,55,513,362" step="2"/><V56/><F76/><W89/><G27/><T66/><REACH who="0" step="1"/><D64/><REACH who="0" ten="50,55,513,362" step="2"/><U24/><E24/><V14/><F38/><W29/><G81/><T28/><D28/><U84/><AGARI ba="1,2" hai="32,33,34,45,50,52,68,69,84,90,93,96,101,107" machi="84" ten="30,7900,0" yaku="1,1,0,1,52,1,54,1,53,0" doraHai="48" doraHaiUra="35" who="1" fromWho="1" sc="50,-21,55,102,513,-21,362,-40" /><INIT seed="4,0,0,3,1,95" ten="29,157,492,322" oya="0" hai0="94,115,19,6,84,109,66,65,50,34,79,117,4" hai1="25,133,39,112,67,90,31,58,43,11,14,78,7" hai2="116,105,32,127,120,114,15,85,89,55,129,12,82" hai3="16,5,26,21,74,102,51,72,131,20,0,135,61"/><T81/><D117/><U123/><E123/><V24/><F105/><W54/><G135/><T93/><D115/><U42/><E133/><V36/><F36/><W132/><G132/><T68/><D34/><U110/><E110/><V49/><F120/><W124/><G124/><T48/><D109/><U108/><E108/><V91/><F91/><W3/><G131/><T77/><D68/><U104/><E78/><V59/><F129/><W56/><G102/><T111/><D19/><U23/><E104/><V69/><F69/><W80/><G5/><T53/><D111/><U101/><E101/><V29/><F114/><W52/><G21/><T96/><D53/><U76/><E76/><V75/><F75/><W103/><G103/><T106/><D106/><U30/><E31/><V8/><F127/><W41/><G41/><T37/><D37/><U83/><E39/><V10/><F116/><W86/><G74/><T28/><D28/><U107/><E107/><V40/><F40/><W87/><G72/><T113/><D113/><U47/><E47/><V92/><F82/><W46/><G87/><T35/><D35/><U130/><E130/><V45/><F45/><W122/><G122/><T2/><D2/><U64/><E112/><V128/><F128/><W27/><G26/><T63/><D63/><N who="1" m="38007" /><E67/><V125/><F125/><W100/><G100/><T134/><D134/><U88/><E90/><AGARI ba="0,0" hai="0,3,16,20,27,46,51,52,54,56,61,80,86,90" machi="90" ten="30,3900,0" yaku="7,1,54,2" doraHai="95" who="3" fromWho="1" sc="29,0,157,-39,492,0,322,39" /><INIT seed="5,0,0,5,5,85" ten="29,118,492,361" oya="1" hai0="25,120,44,18,133,2,54,124,110,105,87,16,41" hai1="80,31,71,134,68,67,98,79,9,100,1,131,62" hai2="39,19,56,112,113,7,84,116,21,35,13,135,8" hai3="77,90,11,59,48,34,23,108,27,114,4,52,125"/><U36/><E36/><V126/><F39/><W50/><G108/><T83/><D120/><U109/><E109/><V69/><F69/><W92/><G34/><T46/><D110/><U10/><E131/><V106/><F106/><W57/><G114/><T128/><D128/><U88/><E71/><V97/><F116/><W32/><G32/><T103/><D133/><U74/><E31/><V117/><F117/><W12/><G125/><T94/><D2/><U66/><E66/><V111/><F111/><W6/><G77/><T20/><D105/><N who="1" m="63639" /><E1/><V42/><F135/><W127/><G127/><T40/><D124/><U63/><E63/><V38/><F126/><W37/><G37/><T93/><D54/><U81/><E81/><V22/><F38/><W29/><G4/><T28/><D103/><U89/><E134/><V43/><F7/><W130/><G130/><T119/><D119/><U0/><E0/><V49/><F43/><N who="0" m="16458" /><D94/><U132/><E132/><V101/><F42/><W53/><G92/><T58/><D93/><U129/><E129/><V33/><F101/><W55/><G55/><T107/><D107/><U61/><E67/><V118/><F118/><W60/><G60/><T64/><D64/><U72/><E61/><V78/><F113/><W70/><G70/><T121/><D121/><U51/><E62/><V122/><F112/><W65/><G65/><T14/><D58/><U99/><E68/><V102/><F56/><W96/><G96/><T45/><D14/><U15/><E15/><V76/><F13/><W123/><G123/><T3/><D3/><U95/><E95/><RYUUKYOKU ba="0,0" sc="29,15,118,-15,492,-15,361,15" hai0="16,18,20,25,28,44,45,46,83,87" hai3="6,11,12,23,27,29,48,50,52,53,57,59,90" /><INIT seed="6,1,0,4,3,11" ten="44,103,477,376" oya="2" hai0="56,29,20,43,105,57,79,16,134,5,120,6,24" hai1="53,83,41,78,4,115,84,8,10,30,9,7,116" hai2="101,82,2,94,113,106,114,119,133,98,34,111,12" hai3="3,39,51,128,107,15,95,118,85,90,110,87,72"/><V104/><F2/><W55/><G3/><T60/><D105/><U22/><E116/><V80/><F34/><W81/><G118/><T64/><D120/><U26/><E115/><N who="2" m="44043" /><F119/><W132/><G110/><T52/><D134/><U93/><E41/><V92/><F12/><W21/><G39/><T19/><D43/><U63/><E93/><N who="2" m="58575" /><F133/><W59/><G132/><T45/><D79/><U122/><E122/><V86/><F111/><W49/><G128/><T37/><D45/><U100/><E100/><V23/><F23/><W54/><G107/><N who="2" m="41001" /><F80/><W131/><G131/><T76/><D37/><U42/><E42/><V129/><F129/><W48/><G72/><T27/><D19/><U25/><E26/><V96/><F96/><W77/><REACH who="3" step="1"/><G54/><REACH who="3" ten="44,103,477,366" step="2"/><T35/><REACH who="0" step="1"/><D76/><AGARI ba="1,1" hai="76,82,86,92,94" m="41001,58575,44043" machi="76" ten="30,5800,0" yaku="15,1,34,2" doraHai="11" who="2" fromWho="0" sc="44,-61,103,0,477,71,366,0" owari="-17,-52.0,103,-30.0,548,65.0,366,17.0" /></mjloggm>