<mjloggm ver="2.3"><GO type="169" lobby="0"/><UN n0="%E3%81%97%E3%81%8B%E8%8C%B6" n1="%E3%83%88%E3%83%88%E3%83%AA%E5%85%88%E7%94%9F%31%39%E6%AD%B3" n2="%E3%82%B7%E3%83%A3%E3%82%AD%E3%82%AA%E3%83%8B" n3="%79%61%6D%61%64%61" dan="16,19,17,17" rate="2097.91,2298.46,2108.28,2217.02" sx="M,F,M,M"/><TAIKYOKU oya="0"/><INIT seed="0,0,0,1,4,125" ten="250,250,250,250" oya="0" hai0="48,122,50,98,35,4,22,58,75,74,34,85,45" hai1="80,57,128,106,82,115,32,41,135,105,16,47,87" hai2="119,8,1,37,118,33,84,20,30,15,78,43,83" hai3="3,68,123,7,51,93,61,121,54,60,77,14,86"/><T62/><D122/><U55/><E32/><V26/><F37/><W21/><G68/><T110/><D4/><U17/><E135/><V111/><F43/><W117/><G117/><T89/><D98/><U70/><E70/><V104/><F104/><W95/><G3/><T39/><D39/><U9/><E115/><V107/><F107/><W46/><G77/><T23/><D110/><U64/><E64/><V13/><F111/><W91/><G93/><T73/><D34/><U133/><E80/><V36/><F36/><W132/><G132/><T100/><D100/><U103/><E133/><V31/><F31/><W56/><G7/><T27/><D35/><U126/><E126/><V102/><F102/><W65/><G60/><T6/><D6/><U67/><E67/><V12/><F1/><W81/><G81/><T52/><D48/><N who="1" m="26735" /><E9/><V42/><F42/><W38/><G38/><T0/><D0/><U10/><E10/><V130/><F8/><W69/><REACH who="3" step="1"/><G46/><REACH who="3" ten="250,250,250,240" step="2"/><T19/><D45/><U90/><E105/><V40/><F83/><W25/><G25/><T5/><D5/><U63/><E106/><V134/><F26/><W29/><G29/><T53/><D62/><U59/><E17/><AGARI ba="0,1" hai="14,17,21,51,54,56,61,65,69,86,91,95,121,123" machi="17" ten="40,5200,0" yaku="1,1,25,2,53,0" doraHai="125" doraHaiUra="94" who="3" fromWho="1" sc="250,0,250,-52,250,0,240,62" /><INIT seed="1,0,0,4,2,27" ten="250,198,250,302" oya="1" hai0="59,79,9,19,64,118,73,56,97,47,113,30,15" hai1="54,11,128,61,25,24,124,119,29,16,78,99,18" hai2="122,7,4,110,31,75,117,69,105,114,76,68,49" hai3="106,44,127,1,129,20,71,32,70,50,115,38,77"/><U22/><E119/><V102/><F117/><W100/><G32/><T37/><D118/><U126/><E128/><V58/><F114/><W57/><G1/><T87/><D73/><U8/><E78/><V21/><F122/><W121/><G77/><T88/><D113/><U52/><E99/><V63/><F110/><W83/><G83/><T26/><D37/><U41/><E41/><V55/><F105/><W12/><G100/><T125/><D125/><N who="1" m="48235" /><E18/><V123/><F123/><W65/><G106/><T89/><D64/><U28/><E28/><V46/><F102/><W74/><G65/><T33/><D47/><U95/><E95/><V17/><F75/><W120/><G44/><T85/><D97/><U93/><E93/><V60/><F76/><W14/><G74/><T43/><D43/><U81/><E81/><V104/><F104/><W134/><G120/><T86/><D79/><U42/><E42/><V96/><F96/><W51/><G115/><T6/><D19/><U3/><E61/><V2/><F63/><W39/><G129/><T84/><N who="0" m="22016" /><DORA hai="135" /><T0/><D0/><U36/><E36/><V112/><F31/><W62/><G39/><T34/><REACH who="0" step="1"/><D34/><REACH who="0" ten="240,198,250,302" step="2"/><N who="1" m="20775" /><E3/><V101/><F2/><W66/><G38/><T131/><D131/><U67/><E67/><V109/><F112/><W5/><G66/><T91/><AGARI ba="0,1" hai="6,9,15,26,30,33,56,59,88,89,91" m="22016" machi="91" ten="50,8000,1" yaku="1,1,0,1,52,1,54,1,53,0" doraHai="27,135" doraHaiUra="103,90" who="0" fromWho="0" sc="240,90,198,-40,250,-20,302,-20" /><INIT seed="2,0,0,4,3,83" ten="330,158,230,282" oya="2" hai0="3,132,54,29,64,92,119,13,90,33,79,66,111" hai1="68,14,6,36,72,7,114,109,42,89,121,99,58" hai2="32,106,4,21,22,60,120,87,12,70,105,112,27" hai3="69,10,43,2,73,34,93,71,129,103,37,125,65"/><V18/><F120/><W110/><G34/><T49/><D3/><U116/><E114/><V16/><F112/><W75/><G93/><T1/><D1/><U15/><E68/><V117/><F117/><W41/><G103/><T67/><D111/><U5/><E72/><V133/><F133/><W124/><G65/><T113/><D113/><U88/><E116/><V57/><F70/><W9/><G2/><T84/><D132/><U102/><E109/><V135/><F135/><W11/><G110/><T44/><D119/><U45/><E121/><V76/><F32/><W115/><G9/><T130/><D130/><U94/><E58/><V56/><F56/><W63/><G63/><T35/><D29/><U74/><E74/><V98/><F4/><W101/><G101/><T0/><D0/><U126/><E126/><V78/><F98/><W26/><G115/><T82/><REACH who="0" step="1"/><D13/><REACH who="0" ten="320,158,230,282" step="2"/><U127/><E127/><V59/><F59/><W77/><G129/><T95/><D95/><U80/><E15/><V17/><F106/><W28/><G28/><T123/><D123/><U85/><REACH who="1" step="1"/><E14/><REACH who="1" ten="320,148,230,282" step="2"/><V131/><F131/><W38/><G125/><T40/><D40/><U48/><E48/><V122/><F122/><W86/><G41/><T52/><D52/><U62/><E62/><V30/><F12/><W108/><G43/><T53/><D53/><U107/><E107/><V25/><F105/><W51/><G124/><T61/><D61/><U24/><E24/><V97/><F27/><W39/><G26/><T50/><D50/><U31/><E31/><V118/><F25/><W104/><G104/><RYUUKYOKU ba="0,2" sc="320,15,148,15,230,-15,282,-15" hai0="33,35,44,49,54,64,66,67,79,82,84,90,92" hai1="5,6,7,36,42,45,80,85,88,89,94,99,102" /><INIT seed="3,1,2,5,2,16" ten="335,163,215,267" oya="3" hai0="125,12,47,51,132,130,43,65,49,17,56,42,87" hai1="37,28,86,38,2,52,103,8,126,59,89,32,90" hai2="63,45,72,97,5,48,98,33,69,120,78,29,135" hai3="119,121,41,75,57,115,23,133,116,27,20,0,106"/><W123/><G106/><T94/><D132/><U54/><E126/><V92/><F135/><W10/><G75/><T46/><D130/><U105/><E89/><V58/><F69/><W60/><G133/><T99/><D125/><U39/><E32/><V55/><F5/><N who="3" m="1319" /><G60/><T73/><D73/><U84/><E28/><V77/><F120/><N who="3" m="46155" /><G41/><T83/><D65/><U71/><E71/><V114/><F98/><W76/><G57/><T30/><D30/><U13/><E2/><V3/><F3/><W95/><G95/><T35/><D35/><U67/><E84/><V107/><F107/><W24/><G76/><T70/><D56/><U61/><E103/><V79/><F114/><W117/><G115/><T7/><D70/><U110/><E105/><V124/><F124/><W108/><G108/><T104/><D104/><U18/><REACH who="1" step="1"/><E110/><REACH who="1" ten="335,153,215,267" step="2"/><V64/><F29/><N who="3" m="17543" /><G119/><T15/><D87/><U62/><E62/><V102/><F33/><W118/><G117/><T129/><D99/><U128/><E128/><V66/><REACH who="2" step="1"/><F72/><REACH who="2" ten="335,153,205,267" step="2"/><W111/><G111/><T25/><D129/><U88/><E88/><V11/><F11/><W80/><G80/><AGARI ba="1,4" hai="8,13,18,37,38,39,52,54,59,61,67,80,86,90" machi="80" ten="40,2600,0" yaku="1,1,54,1,53,0" doraHai="16" doraHaiUra="96" who="1" fromWho="3" sc="335,0,153,69,205,0,267,-29" /><INIT seed="4,0,0,1,0,105" ten="335,222,205,238" oya="0" hai0="63,11,23,128,56,77,99,126,39,47,74,24,130" hai1="51,115,60,84,98,70,123,92,113,17,53,9,66" hai2="58,109,114,46,133,131,88,76,81,108,112,14,22" hai3="10,55,59,103,97,19,124,36,127,96,0,26,40"/><T8/><D126/><U43/><E123/><V102/><F102/><W132/><G132/><T30/><D39/><U135/><E135/><V106/><F106/><W54/><G40/><T85/><D47/><U68/><E43/><V100/><F100/><W118/><G36/><T48/><D48/><U93/><E68/><V64/><F133/><W120/><G118/><T125/><D125/><U41/><E41/><V91/><F46/><W65/><G65/><N who="0" m="39143" /><D99/><U37/><E37/><V49/><F131/><N who="0" m="50218" /><D85/><U62/><E62/><N who="2" m="37975" /><F49/><W87/><G120/><T4/><D4/><U6/><E84/><N who="2" m="48167" /><F109/><W79/><G97/><T67/><D67/><U82/><E98/><V80/><F80/><AGARI ba="0,0" hai="8,11,23,24,30,74,77,80" m="50218,39143" machi="80" ten="30,2900,0" yaku="19,1,52,1" doraHai="105" who="0" fromWho="2" sc="335,29,222,0,205,-29,238,0" /><INIT seed="4,1,0,3,3,98" ten="364,222,176,238" oya="0" hai0="103,104,131,29,55,10,26,75,130,56,84,94,133" hai1="123,109,92,71,52,72,81,5,42,87,7,73,18" hai2="9,107,50,12,46,40,64,70,43,44,114,21,54" hai3="4,58,119,122,117,16,121,38,66,112,118,11,19"/><T135/><D75/><U67/><E109/><V51/><F114/><W120/><G38/><T91/><D10/><U108/><E108/><V33/><F33/><W48/><G112/><T79/><D79/><U17/><E123/><V57/><F107/><W36/><G36/><T113/><D113/><U134/><E134/><N who="0" m="51209" /><D104/><U86/><E42/><V93/><F21/><W101/><G101/><T53/><D103/><U76/><E67/><V27/><F27/><W30/><G66/><T99/><D99/><U132/><E71/><V20/><F20/><W61/><G48/><N who="0" m="30759" /><D55/><U100/><E132/><V8/><F64/><W89/><G89/><T85/><D85/><U49/><E73/><V124/><F70/><W88/><G58/><T68/><D68/><U126/><E72/><V1/><F8/><W95/><G61/><T6/><D6/><N who="1" m="2059" /><E87/><V65/><F65/><W35/><G88/><T125/><D125/><U28/><E28/><V2/><F124/><W110/><G110/><T74/><D74/><U47/><E126/><V116/><F2/><N who="3" m="407" /><G95/><T69/><D69/><U32/><E32/><AGARI ba="1,0" hai="26,29,32,84,91,94,130,131" m="30759,51209" machi="32" ten="30,1500,0" yaku="20,1" doraHai="98" who="0" fromWho="1" sc="364,18,222,-18,176,0,238,0" /><INIT seed="4,2,0,3,5,10" ten="382,204,176,238" oya="0" hai0="32,13,86,123,102,38,106,47,26,82,0,114,40" hai1="83,73,130,98,30,124,49,70,69,112,6,133,68" hai2="72,122,33,37,75,8,36,101,25,2,117,92,54" hai3="52,110,1,14,27,58,121,88,87,57,51,35,84"/><T119/><D0/><U113/><E130/><V77/><F54/><W42/><G1/><T105/><D123/><U60/><E133/><V129/><F92/><W34/><G110/><T135/><D135/><U127/><E30/><N who="2" m="19663" /><F122/><W91/><G121/><T94/><D119/><U107/><E49/><V67/><F77/><W46/><G34/><T7/><D26/><U74/><E60/><V3/><F3/><W17/><G27/><T90/><D32/><U18/><E6/><N who="2" m="1111" /><F129/><W134/><G35/><T125/><D125/><U41/><E41/><V96/><F67/><W65/><G134/><T45/><D45/><U11/><E18/><V109/><F109/><W61/><G87/><T120/><D120/><U126/><E11/><V22/><F22/><N who="3" m="11575" /><G84/><T23/><D102/><N who="1" m="62935" /><E83/><V9/><F9/><W50/><AGARI ba="2,0" hai="42,46,50,51,52,57,58,61,65,88,91" m="11575" machi="50" ten="30,7900,0" yaku="8,1,52,1,54,2" doraHai="10" who="3" fromWho="3" sc="382,-41,204,-22,176,-22,238,85" /><INIT seed="5,0,0,0,3,71" ten="341,182,154,323" oya="1" hai0="107,125,29,36,38,9,45,109,64,113,1,98,124" hai1="75,94,53,28,96,19,73,15,40,51,35,90,2" hai2="82,87,68,133,13,27,134,119,135,23,33,7,31" hai3="130,85,43,30,20,93,62,128,65,56,114,11,84"/><U54/><E2/><V118/><F68/><W47/><G114/><T89/><D29/><U57/><E40/><V117/><F87/><W58/><G11/><T100/><D109/><U95/><E35/><V12/><F82/><W48/><G20/><T74/><D74/><U49/><E28/><V120/><F120/><W46/><G30/><T4/><D113/><U14/><E95/><V129/><F129/><N who="3" m="49771" /><G93/><T10/><D10/><U67/><E67/><V112/><F112/><W78/><G78/><T5/><D5/><U88/><E90/><V63/><F63/><N who="3" m="38119" /><G46/><T92/><D45/><U17/><E15/><N who="2" m="5707" /><F7/><W126/><G126/><N who="0" m="48747" /><D64/><AGARI ba="0,0" hai="43,47,48,58,62,64,84,85" m="38119,49771" machi="64" ten="30,1000,0" yaku="19,1" doraHai="71" who="3" fromWho="0" sc="341,-10,182,0,154,0,323,10" /><INIT seed="6,0,0,0,2,7" ten="331,182,154,333" oya="2" hai0="78,55,35,89,115,67,103,57,75,112,48,82,32" hai1="59,116,62,120,113,131,38,74,66,101,0,134,118" hai2="99,104,53,106,105,76,94,49,27,98,63,109,110" hai3="34,123,25,43,122,3,36,50,16,65,64,83,108"/><V85/><F63/><W114/><G108/><N who="2" m="41577" /><F27/><W52/><G3/><T19/><D103/><U54/><E0/><V46/><F76/><W13/><G64/><T128/><D128/><U135/><E74/><V41/><F85/><W79/><G65/><T61/><D19/><U14/><E131/><V8/><F41/><W97/><G97/><N who="2" m="36873" /><F94/><W47/><G25/><T9/><D89/><U121/><E101/><V44/><F44/><W33/><G33/><T24/><D24/><U80/><E80/><V1/><F1/><W21/><G34/><T91/><D91/><U22/><E66/><V51/><F51/><W60/><G60/><T86/><D86/><U77/><E77/><V127/><F127/><W31/><G43/><T23/><D35/><U20/><E62/><V68/><F68/><W129/><G83/><T73/><D32/><U15/><E59/><V92/><F92/><W6/><G79/><T70/><D82/><U126/><E54/><V26/><F26/><W17/><G52/><T5/><D78/><U2/><E2/><V132/><F132/><W125/><G47/><T111/><D111/><U130/><E130/><V93/><F93/><W11/><G50/><T117/><D70/><U107/><E126/><V124/><F124/><W90/><G125/><T4/><D48/><U42/><E42/><V30/><F30/><W95/><G31/><T119/><D55/><U29/><E29/><V10/><AGARI ba="0,0" hai="8,10,46,49,53,104,105,106" m="36873,41577" machi="10" ten="40,7800,0" yaku="10,1,52,2" doraHai="7" who="2" fromWho="2" sc="331,-26,182,-26,154,78,333,-26" /><INIT seed="6,1,0,4,3,30" ten="305,156,232,307" oya="2" hai0="98,94,47,28,46,26,78,43,32,86,3,1,113" hai1="82,22,33,37,125,35,70,67,92,85,53,27,55" hai2="68,24,106,38,49,87,62,69,21,121,23,79,54" hai3="11,120,97,131,71,115,51,93,83,15,56,118,107"/><V19/><F106/><W91/><G118/><T66/><D113/><U89/><E125/><V42/><F121/><W18/><G71/><T8/><D66/><U104/><E104/><V63/><F38/><W6/><G120/><T100/><D8/><U5/><E37/><V17/><F42/><W61/><G115/><T14/><D14/><U127/><E127/><V7/><F7/><W75/><G131/><T129/><D46/><U112/><E112/><V134/><F69/><W101/><G51/><T108/><D108/><U44/><E5/><V31/><F68/><W116/><G116/><T81/><D129/><U36/><E55/><V122/><F122/><W80/><G75/><T29/><D29/><U4/><E4/><V124/><F134/><W117/><G6/><T99/><D99/><U34/><E82/><N who="2" m="47583" /><F124/><W119/><G119/><T50/><AGARI ba="1,0" hai="1,3,26,28,32,43,47,50,78,81,86,94,98,100" machi="50" ten="20,2700,0" yaku="0,1,7,1,52,1" doraHai="30" who="0" fromWho="0" sc="305,30,156,-8,232,-14,307,-8" /><INIT seed="7,0,0,5,5,124" ten="335,148,218,299" oya="3" hai0="36,73,130,40,85,108,81,121,20,76,47,78,39" hai1="114,58,102,127,33,57,8,84,91,104,100,7,119" hai2="2,72,118,61,22,24,48,37,128,23,21,89,135" hai3="95,25,105,12,52,133,106,41,129,34,68,109,53"/><W0/><G0/><T45/><D121/><U131/><E127/><V64/><F37/><W13/><G68/><T71/><D71/><U6/><E33/><V4/><F72/><W103/><G41/><T67/><D67/><U125/><E125/><V110/><F118/><W107/><G34/><T77/><D108/><U113/><E84/><V31/><F110/><W93/><G109/><T74/><D20/><U14/><E91/><V94/><F135/><W29/><G133/><T96/><D96/><U87/><E87/><V97/><F128/><W49/><G129/><T99/><D99/><U42/><E42/><V15/><F48/><W83/><G83/><T5/><D5/><U65/><E65/><V1/><F1/><W82/><G82/><T98/><D130/><U66/><E131/><V56/><F2/><W75/><G75/><T44/><D98/><U112/><E104/><V132/><F132/><W126/><G126/><T43/><D44/><U59/><E66/><V46/><F46/><W88/><G95/><T60/><D60/><U69/><E69/><V3/><F3/><W27/><G103/><T116/><D116/><U115/><N who="1" m="28672" /><DORA hai="92" /><U10/><REACH who="1" step="1"/><E119/><REACH who="1" ten="335,138,218,299" step="2"/><V26/><F26/><W28/><G105/><T79/><AGARI ba="0,1" hai="36,39,40,43,45,47,73,74,76,77,78,79,81,85" machi="79" ten="30,2000,0" yaku="0,1,9,1" doraHai="124,92" who="0" fromWho="0" sc="335,30,138,-5,218,-5,299,-10" owari="365,47.0,133,-37.0,213,-19.0,289,9.0" /></mjloggm>