<mjloggm ver="2.3"><GO type="169" lobby="0"/><UN n0="%E4%B8%89%E8%89%B2%E5%90%8C%E5%88%BB%E2%98%86" n1="%E3%82%A6%E3%83%AB%E3%83%88%E3%83%A9%E7%AB%8B%E7%9B%B4" n2="%E6%96%87%E5%9B%9B%E9%83%8E" n3="%E3%83%96%E3%83%AB%E3%83%96%E3%83%AB%E3%83%8F%E3%83%BC%E3%83%84" dan="18,18,16,16" rate="2209.27,2239.81,2102.06,2135.17" sx="M,M,M,M"/><TAIKYOKU oya="0"/><INIT seed="0,0,0,0,2,88" ten="250,250,250,250" oya="0" hai0="42,79,133,70,20,80,131,9,33,7,83,69,53" hai1="77,47,82,17,57,61,66,44,100,18,123,62,4" hai2="46,120,2,28,60,64,15,5,10,14,107,30,105" hai3="98,134,16,128,93,1,76,115,36,117,114,58,124"/><T86/><D33/><U108/><E108/><V81/><F120/><W59/><G117/><T111/><D131/><U63/><E123/><V95/><F81/><W48/><G36/><T11/><D133/><U126/><E126/><V99/><F46/><W116/><G1/><T54/><D111/><U39/><E4/><V102/><F15/><W125/><G116/><T113/><D113/><U110/><E110/><V97/><F2/><W74/><G128/><T75/><D42/><U50/><E100/><V94/><F107/><W85/><G74/><T24/><D70/><N who="1" m="42319" /><E18/><V40/><F40/><W19/><G134/><T92/><D69/><U37/><E17/><N who="3" m="6730" /><G48/><T71/><D71/><U65/><E82/><V78/><F78/><W38/><G38/><N who="1" m="14346" /><E77/><V25/><F25/><W52/><G58/><T129/><D129/><U104/><E104/><V89/><F105/><W55/><G85/><T103/><D11/><U72/><E72/><V101/><F89/><N who="3" m="55599" /><G59/><AGARI ba="0,0" hai="5,10,14,28,30,59,60,64,94,95,97,99,101,102" machi="59" ten="30,8000,1" yaku="7,1,9,1,8,1,52,2" doraHai="88" who="2" fromWho="3" sc="250,0,250,0,250,80,250,-80" /><INIT seed="1,0,0,2,2,2" ten="250,250,330,170" oya="1" hai0="84,10,68,118,4,91,61,38,115,106,50,131,121" hai1="45,94,75,44,49,107,113,33,32,109,58,73,9" hai2="114,85,42,54,46,36,134,53,110,119,71,55,6" hai3="30,102,35,11,51,56,104,96,100,135,132,28,127"/><U39/><E107/><V27/><F119/><W67/><G127/><T101/><D38/><U117/><E113/><V34/><F71/><W80/><G80/><T22/><D118/><U111/><E117/><V90/><F114/><W15/><G100/><T13/><D115/><U12/><E39/><V86/><F110/><N who="1" m="41993" /><E58/><V7/><F134/><N who="3" m="51243" /><G35/><N who="1" m="13386" /><E94/><V129/><F129/><W1/><G1/><T59/><D131/><U63/><E63/><V83/><REACH who="2" step="1"/><F86/><REACH who="2" ten="250,250,320,170" step="2"/><W77/><G77/><T93/><D68/><U57/><E57/><V66/><F66/><W60/><G51/><T112/><D50/><U52/><E45/><V69/><F69/><W72/><G72/><T21/><D112/><U122/><E122/><V124/><F124/><W128/><G128/><T5/><D121/><U16/><AGARI ba="0,1" hai="9,12,16,44,49,52,73,75" m="13386,41993" machi="16" ten="30,11700,0" yaku="14,1,10,1,54,2" doraHai="2" who="1" fromWho="1" sc="250,-39,250,127,320,-39,170,-39" /><INIT seed="1,1,0,2,4,19" ten="211,377,281,131" oya="1" hai0="39,21,22,100,43,59,20,94,124,111,26,69,38" hai1="9,133,125,128,33,45,34,118,126,92,101,79,67" hai2="63,37,68,95,10,0,109,116,62,25,4,80,40" hai3="13,53,2,44,77,120,96,98,131,32,49,66,24"/><U70/><E70/><V103/><F116/><W108/><G2/><T47/><D69/><U123/><E67/><V97/><F109/><W83/><G120/><T64/><D111/><U58/><E58/><V8/><F68/><W54/><G131/><T31/><D39/><U132/><E79/><V88/><F10/><W102/><G108/><T17/><D124/><N who="1" m="47723" /><E118/><V71/><F71/><W104/><G96/><N who="0" m="59415" /><D17/><U29/><E101/><V76/><F25/><W112/><G13/><T1/><D1/><U18/><E92/><V114/><F103/><W106/><G66/><T87/><D87/><U61/><E61/><AGARI ba="1,0" hai="20,21,22,26,31,38,43,47,59,61,64" m="59415" machi="61" ten="30,7700,0" yaku="25,1,52,3" doraHai="19" who="0" fromWho="1" sc="211,80,377,-80,281,0,131,0" /><INIT seed="2,0,0,0,4,94" ten="291,297,281,131" oya="2" hai0="46,124,19,112,106,63,129,39,122,82,52,2,41" hai1="88,14,86,11,110,79,32,67,105,60,118,132,119" hai2="97,127,28,36,50,81,101,74,44,95,69,98,33" hai3="92,48,99,6,93,49,70,12,31,34,25,9,80"/><V107/><F36/><W130/><G130/><T3/><D122/><U5/><E79/><V111/><F69/><W7/><G70/><T126/><D112/><U84/><E84/><V56/><F127/><N who="0" m="48682" /><D129/><U22/><E32/><V65/><F111/><W0/><G92/><T55/><D106/><U133/><E22/><V76/><F28/><W77/><G6/><T17/><D82/><N who="1" m="49239" /><E105/><V134/><F33/><W104/><G0/><N who="0" m="43" /><D63/><U40/><E40/><V135/><F56/><W42/><G42/><T78/><D78/><U102/><E102/><V128/><F128/><W108/><G104/><T120/><D120/><U35/><E35/><V72/><F65/><W37/><G37/><T96/><D96/><U131/><E131/><V10/><F10/><W43/><G43/><T29/><D29/><U15/><E110/><V62/><F62/><W59/><G108/><T75/><D75/><U66/><E60/><V103/><REACH who="2" step="1"/><F74/><REACH who="2" ten="291,297,271,131" step="2"/><W64/><G64/><T91/><D91/><U116/><E67/><V4/><F4/><W27/><G34/><T24/><D17/><U13/><E66/><V68/><F68/><W18/><G18/><T30/><D19/><U54/><E5/><V8/><F8/><W90/><G31/><T38/><D39/><U45/><E11/><V16/><F16/><W57/><G27/><T47/><D46/><U121/><E121/><V100/><F100/><W123/><G25/><T115/><D115/><U109/><E109/><V23/><F23/><AGARI ba="0,1" hai="23,24,30,38,41,47,52,55" m="43,48682" machi="23" ten="30,2000,0" yaku="18,1,54,1" doraHai="94" who="0" fromWho="2" sc="291,30,297,0,271,-20,131,0" /><INIT seed="3,0,0,1,4,109" ten="321,297,251,131" oya="3" hai0="104,44,55,63,89,73,95,31,20,37,128,102,97" hai1="46,133,108,122,9,67,29,41,101,71,85,35,81" hai2="88,26,118,83,34,123,75,82,87,120,115,13,12" hai3="60,111,106,24,2,135,69,84,116,56,74,47,54"/><W125/><G116/><T53/><D73/><U14/><E108/><V121/><F118/><W0/><G74/><T107/><D128/><U3/><E3/><V94/><F115/><W58/><G69/><T112/><D112/><U103/><E122/><V76/><REACH who="2" step="1"/><F83/><REACH who="2" ten="321,297,241,131" step="2"/><W77/><G111/><T39/><D107/><U1/><E81/><V92/><F92/><W80/><G106/><T72/><D104/><U36/><E133/><V99/><F99/><W32/><G125/><T98/><D97/><U66/><E103/><V11/><F11/><W27/><G135/><T21/><D102/><U61/><E9/><V90/><F90/><W45/><G0/><T93/><D95/><U131/><E101/><V127/><F127/><W50/><G2/><T96/><D98/><U17/><E1/><V4/><F4/><W114/><G114/><T23/><D89/><U18/><E131/><V10/><F10/><W124/><G124/><T19/><D93/><U130/><E130/><V7/><F7/><W38/><G38/><T79/><D96/><U91/><E91/><V62/><F62/><W51/><G32/><T40/><D37/><U49/><E35/><V6/><F6/><W86/><G86/><T42/><D63/><U28/><E85/><V5/><F5/><W16/><G60/><T100/><D100/><U30/><E36/><V68/><F68/><W52/><REACH who="3" step="1"/><G16/><REACH who="3" ten="321,297,241,121" step="2"/><T33/><D19/><N who="1" m="7179" /><E14/><V113/><F113/><W43/><G43/><T119/><D42/><U59/><E71/><V48/><F48/><W70/><G70/><T64/><D119/><U57/><E61/><RYUUKYOKU ba="0,2" sc="321,-30,297,10,241,10,121,10" hai1="28,29,30,41,46,49,57,59,66,67" hai2="12,13,26,34,75,76,82,87,88,94,120,121,123" hai3="24,27,45,47,50,51,52,54,56,58,77,80,84" /><INIT seed="3,1,2,5,3,123" ten="291,307,251,131" oya="3" hai0="2,131,91,35,41,57,20,32,24,45,98,126,29" hai1="21,40,107,34,33,87,1,120,8,73,44,30,70" hai2="14,7,23,119,5,47,4,85,26,76,84,28,116" hai3="114,61,90,39,66,6,58,54,97,16,49,36,106"/><W129/><G114/><T38/><D131/><U60/><E87/><V134/><F134/><W93/><G106/><T110/><D2/><U118/><E21/><V71/><F71/><W52/><G129/><T79/><D79/><U108/><E120/><V69/><F69/><W9/><G54/><T13/><D126/><U43/><E43/><V42/><F14/><W81/><G81/><T67/><D13/><U17/><E17/><V133/><F133/><W78/><G78/><T124/><D124/><U105/><E73/><V19/><F28/><W132/><G132/><T94/><D110/><U0/><E108/><V46/><F46/><W37/><G16/><T31/><D29/><U104/><E118/><V122/><F122/><W101/><G101/><T96/><D98/><U27/><E33/><V111/><F111/><W25/><G25/><T65/><D65/><N who="1" m="41255" /><E8/><V95/><F76/><W72/><G72/><T109/><D109/><U56/><E56/><V22/><F22/><W75/><G75/><T11/><D11/><U80/><E80/><V112/><F112/><W48/><REACH who="3" step="1"/><G66/><REACH who="3" ten="291,307,251,121" step="2"/><T89/><D67/><U88/><E88/><V15/><F26/><W121/><G121/><T86/><D91/><U135/><E135/><V103/><F103/><W77/><G77/><T59/><D24/><U125/><E125/><V18/><F18/><W74/><G74/><T51/><D89/><U62/><E62/><V115/><F115/><W117/><G117/><N who="2" m="45129" /><F95/><W130/><G130/><T12/><D94/><U82/><E82/><V99/><F19/><W113/><G113/><T100/><D100/><RYUUKYOKU ba="1,3" sc="291,-15,307,15,251,-15,121,15" hai1="0,1,27,30,34,40,44,104,105,107" hai3="6,9,36,37,39,48,49,52,58,61,90,93,97" /><INIT seed="3,2,3,3,1,48" ten="276,322,236,136" oya="3" hai0="83,20,53,36,39,111,126,35,56,84,85,52,122" hai1="93,100,102,112,38,86,32,116,117,65,9,71,88" hai2="22,21,26,47,135,78,79,89,60,106,63,42,33" hai3="4,104,103,107,16,110,28,133,119,37,80,97,70"/><W11/><G119/><N who="1" m="45642" /><E112/><V73/><F106/><W134/><G107/><T57/><D35/><U115/><E115/><V55/><F33/><W27/><G37/><T123/><D20/><U94/><E32/><V75/><F135/><N who="3" m="51723" /><G70/><T129/><D83/><N who="1" m="49247" /><E38/><V120/><F120/><W114/><G114/><T96/><D96/><U5/><E65/><V118/><F118/><W50/><G80/><T51/><D51/><U54/><E54/><V19/><F73/><W68/><G68/><T44/><D44/><U46/><E46/><V18/><F75/><W87/><G87/><T109/><D126/><U74/><E71/><V34/><F42/><W77/><G77/><T121/><D121/><U43/><E43/><V7/><F79/><W25/><G28/><T31/><D129/><U92/><E74/><V30/><F78/><W124/><G124/><T125/><D125/><U128/><E128/><V0/><F30/><AGARI ba="2,3" hai="30,31,36,39,52,53,56,57,84,85,109,111,122,123" machi="30" ten="25,8000,1" yaku="22,2,52,2,54,1" doraHai="48" who="0" fromWho="2" sc="276,116,322,0,236,-86,136,0" /><INIT seed="4,0,0,3,1,60" ten="392,322,150,136" oya="0" hai0="77,112,64,51,117,107,87,37,61,68,36,80,47" hai1="85,30,62,20,114,88,71,59,91,49,53,133,110" hai2="5,3,116,105,38,113,129,130,45,121,6,81,131" hai3="109,92,97,32,100,0,19,13,98,17,25,27,135"/><T55/><D117/><U123/><E110/><V102/><F121/><W128/><G0/><T134/><D107/><U41/><E123/><V46/><F116/><W65/><G109/><T111/><D111/><U66/><E133/><V115/><F81/><W103/><G128/><T23/><D134/><U58/><E114/><N who="2" m="43531" /><F3/><W22/><G135/><T43/><D112/><U12/><E71/><V33/><F33/><W132/><G132/><T10/><D23/><U90/><E41/><N who="2" m="22711" /><F46/><W75/><G75/><T18/><D43/><U120/><E120/><V89/><F89/><W7/><G7/><T78/><D77/><U72/><E72/><V26/><F26/><W39/><G39/><T84/><D87/><U50/><E50/><V35/><F35/><W82/><G82/><T106/><D106/><U83/><E12/><V63/><F63/><W2/><G2/><T42/><D42/><U74/><E74/><V48/><F48/><W14/><G32/><T16/><D18/><U21/><E30/><V11/><F11/><W54/><G22/><AGARI ba="0,0" hai="20,21,22,49,53,58,59,62,66,83,85,88,90,91" machi="22" ten="40,5200,0" yaku="8,1,52,1,54,1" doraHai="60" who="1" fromWho="3" sc="392,0,322,52,150,0,136,-52" /><INIT seed="5,0,0,4,1,121" ten="392,374,150,84" oya="1" hai0="47,46,57,29,105,122,10,102,103,111,37,15,129" hai1="123,68,52,18,100,34,21,45,76,106,8,6,13" hai2="38,77,66,124,72,56,89,27,114,20,50,84,25" hai3="126,117,94,95,97,12,70,116,33,5,80,107,119"/><U127/><E123/><V118/><F118/><W2/><G2/><T99/><D122/><U130/><E68/><V3/><F38/><W108/><G108/><T110/><D129/><U32/><E130/><V88/><F3/><W53/><G33/><T65/><D29/><U92/><E106/><V30/><F124/><W131/><G131/><T101/><D105/><U44/><E76/><V133/><F133/><W60/><G126/><T54/><D65/><U43/><E127/><V58/><F72/><W78/><G107/><T41/><D99/><U74/><E74/><V59/><F66/><W86/><G97/><T51/><REACH who="0" step="1"/><D47/><REACH who="0" ten="382,374,150,84" step="2"/><U115/><E45/><V42/><F114/><W63/><G116/><T79/><D79/><U109/><E115/><V24/><F77/><W135/><G117/><T85/><D85/><U120/><E120/><V64/><F64/><W48/><G119/><T81/><D81/><U104/><E104/><V16/><F30/><W40/><G135/><T9/><D9/><U112/><E112/><V90/><F84/><W69/><G94/><T113/><D113/><U93/><E92/><V125/><F125/><W132/><G95/><T49/><D49/><N who="1" m="26783" /><E93/><V7/><F50/><W82/><G82/><T91/><D91/><U19/><E100/><V28/><F28/><W67/><G132/><T96/><D96/><U36/><E8/><V31/><F31/><W55/><G48/><T73/><D73/><U26/><E34/><V87/><F87/><W134/><G134/><T62/><D62/><U83/><E32/><V39/><F90/><W128/><G128/><RYUUKYOKU ba="0,1" sc="382,30,374,-10,150,-10,84,-10" hai0="10,15,37,41,46,51,54,57,101,102,103,110,111" /><INIT seed="6,1,1,3,2,83" ten="412,364,140,74" oya="2" hai0="72,56,130,117,110,121,51,39,94,119,127,84,13" hai1="125,70,10,11,26,85,71,73,30,81,34,35,59" hai2="91,52,0,98,120,75,53,111,28,74,6,101,14" hai3="21,122,103,106,134,45,79,43,63,86,87,32,102"/><V50/><F120/><W29/><G122/><T9/><D72/><U54/><E73/><V42/><F0/><W90/><G32/><T15/><D39/><U33/><E125/><V88/><F42/><W105/><G79/><T7/><D121/><U57/><E26/><V132/><F28/><W92/><G134/><T23/><D110/><U118/><E30/><V44/><F75/><W22/><G29/><T129/><D127/><U2/><E118/><N who="0" m="45065" /><D23/><N who="3" m="8713" /><G105/><T104/><D104/><U82/><E54/><V48/><F74/><W49/><G63/><T66/><D15/><U12/><E12/><V76/><F76/><W112/><G112/><T61/><D51/><U62/><E62/><V113/><F113/><W40/><G40/><T38/><D38/><U17/><E35/><V114/><F114/><W25/><G25/><T20/><D20/><U27/><E27/><V100/><F132/><W77/><G106/><T108/><D108/><U131/><E2/><V60/><F60/><W65/><G65/><T96/><D84/><N who="3" m="32297" /><G77/><T78/><D78/><U3/><E3/><V16/><F111/><W46/><G46/><T8/><D130/><U135/><E131/><V18/><F44/><W123/><G123/><T97/><D129/><U5/><E135/><V36/><F36/><W55/><G43/><T47/><D47/><U69/><E34/><V4/><F98/><AGARI ba="1,1" hai="45,49,55,90,92,98,102,103" m="32297,8713" machi="98" ten="30,7700,0" yaku="8,1,52,3" doraHai="83" who="3" fromWho="2" sc="412,0,364,0,140,-80,74,90" /><INIT seed="7,0,0,4,2,73" ten="412,364,60,164" oya="3" hai0="107,10,133,106,120,123,11,104,54,18,89,94,130" hai1="77,37,4,36,25,51,67,9,3,29,19,44,32" hai2="86,105,82,111,41,63,59,27,127,12,70,90,115" hai3="65,75,69,60,126,85,66,5,62,23,39,76,101"/><W124/><G39/><T50/><D130/><U13/><E67/><V93/><F111/><W24/><G75/><T112/><D133/><U38/><E77/><V47/><F105/><W113/><G5/><T46/><D112/><U79/><E79/><V129/><F70/><W55/><G55/><T43/><D43/><U78/><E78/><V21/><F115/><W16/><G101/><T64/><D64/><U14/><E14/><V100/><F129/><W114/><G76/><T28/><D28/><U61/><E61/><V2/><F2/><W109/><G85/><T108/><D108/><U20/><REACH who="1" step="1"/><E38/><REACH who="1" ten="412,354,60,164" step="2"/><V134/><F12/><W33/><G109/><T91/><D91/><U15/><E15/><V84/><F134/><W0/><G0/><T103/><D103/><U97/><E97/><V119/><F127/><N who="3" m="48683" /><G33/><T35/><D35/><U26/><E26/><V98/><F119/><W110/><G110/><T121/><REACH who="0" step="1"/><D18/><REACH who="0" ten="402,354,60,164" step="2"/><U40/><AGARI ba="0,2" hai="3,4,9,13,19,20,25,29,32,36,37,40,44,51" machi="40" ten="20,8000,1" yaku="1,1,0,1,7,1,24,2,53,0" doraHai="73" doraHaiUra="102" who="1" fromWho="1" sc="402,-20,354,100,60,-20,164,-40" owari="382,18.0,454,56.0,40,-46.0,124,-28.0" /></mjloggm>