<mjloggm ver="2.3"><GO type="169" lobby="0"/><UN n0="%E3%82%A6%E3%83%AB%E3%83%88%E3%83%A9%E7%AB%8B%E7%9B%B4" n1="%E9%9B%AA%E6%9C%88%E9%A2%A8%E8%8A%B1" n2="%E9%80%8F%E6%98%8E%E9%9A%8E%E6%AE%B5" n3="%E3%83%8B%E3%83%A3%E3%83%83%E3%83%94%E3%83%BC%E5%A4%8F%E7%9B%AE" dan="18,17,16,19" rate="2245.24,2130.21,2085.66,2219.44" sx="M,M,M,M"/><TAIKYOKU oya="0"/><INIT seed="0,0,0,5,0,124" ten="250,250,250,250" oya="0" hai0="34,84,60,68,128,110,62,123,23,80,111,76,100" hai1="54,29,45,65,89,1,82,102,49,129,104,99,72" hai2="135,130,33,64,87,13,134,59,92,93,66,70,106" hai3="47,83,40,52,27,122,97,25,8,43,73,39,113"/><T24/><D34/><U57/><E1/><V131/><F106/><W5/><G113/><T78/><D123/><U35/><E29/><V77/><F33/><W53/><G122/><T3/><D3/><U109/><E35/><V126/><F70/><W75/><G43/><T98/><D78/><U74/><E109/><N who="0" m="41481" /><D68/><U56/><E129/><N who="2" m="49163" /><F13/><W22/><G97/><T4/><D4/><U36/><E36/><V120/><F120/><W117/><G117/><T88/><D76/><U85/><E65/><N who="2" m="25195" /><F59/><W119/><G119/><T107/><D128/><U79/><REACH who="1" step="1"/><E74/><REACH who="1" ten="250,240,250,250" step="2"/><V125/><F77/><N who="3" m="44463" /><G75/><T69/><D69/><U16/><E16/><AGARI ba="0,1" hai="16,23,24,60,62,80,84,88,98,100,107" m="41481" machi="16" ten="30,11600,0" yaku="14,1,10,1,54,2" doraHai="124" who="0" fromWho="1" sc="250,126,240,-116,250,0,250,0" /><INIT seed="0,1,0,1,4,2" ten="376,124,250,250" oya="0" hai0="54,85,58,37,26,99,40,75,51,64,95,49,24" hai1="20,5,46,34,81,87,43,65,110,22,83,55,13" hai2="117,17,53,132,102,124,130,111,97,92,98,80,27" hai3="62,122,32,47,59,125,109,4,114,1,67,18,29"/><T123/><D75/><U25/><E34/><V66/><F117/><W44/><G114/><T71/><D123/><U56/><E110/><V28/><F66/><W106/><G106/><T19/><D85/><U70/><E65/><V91/><F111/><W79/><G109/><T103/><D51/><U120/><E70/><V0/><F53/><W7/><G1/><T89/><D103/><U116/><E120/><V96/><F17/><W41/><G122/><T69/><D69/><U52/><E116/><V16/><F16/><W104/><G104/><T35/><D35/><U126/><E126/><V90/><F0/><W133/><G133/><T76/><D76/><U73/><E73/><V9/><F9/><W74/><G125/><T10/><D19/><U61/><E55/><V45/><F45/><W112/><G112/><T12/><D12/><U15/><E83/><V60/><F80/><W50/><G74/><T88/><D10/><U33/><E33/><V21/><F132/><W57/><G79/><T128/><D26/><U48/><E5/><V93/><F124/><W11/><G59/><T14/><D58/><U72/><E72/><V101/><F130/><W129/><G129/><T8/><D128/><U82/><E82/><V78/><F78/><W121/><G121/><T63/><D71/><U100/><E25/><V39/><F39/><W36/><G29/><T77/><D24/><U131/><E131/><V23/><F60/><W94/><G32/><T38/><D77/><N who="1" m="46511" /><E100/><N who="2" m="38507" /><F23/><AGARI ba="1,0" hai="13,15,20,22,23,43,46,48,52,56,61" m="46511" machi="23" ten="30,2000,0" yaku="8,1,54,1" doraHai="2" who="1" fromWho="2" sc="376,0,124,23,250,-23,250,0" /><INIT seed="1,0,0,4,5,114" ten="376,147,227,250" oya="1" hai0="91,27,51,5,19,86,127,90,101,121,119,100,73" hai1="98,15,96,106,105,25,52,97,53,22,62,129,85" hai2="21,104,95,6,80,61,75,23,2,14,40,45,35" hai3="94,16,72,76,33,34,123,37,24,120,1,81,71"/><U131/><E15/><V17/><F104/><W47/><G71/><T117/><D19/><U59/><E53/><V130/><F130/><N who="1" m="49673" /><E85/><V83/><F35/><W30/><G34/><T77/><D27/><U89/><E89/><V3/><F6/><W18/><G1/><T82/><D5/><U39/><E39/><V135/><F61/><W41/><REACH who="3" step="1"/><G94/><REACH who="3" ten="376,147,227,240" step="2"/><N who="0" m="54615" /><D121/><AGARI ba="0,1" hai="16,18,24,30,33,37,41,47,72,76,81,120,121,123" machi="121" ten="40,2600,0" yaku="1,1,54,1,53,0" doraHai="114" doraHaiUra="112" who="3" fromWho="0" sc="376,-26,147,0,227,0,240,36" /><INIT seed="2,0,0,3,2,35" ten="350,147,227,276" oya="2" hai0="89,32,33,53,86,132,4,102,96,107,15,71,49" hai1="104,82,79,44,29,45,124,103,81,97,48,106,100" hai2="78,66,116,25,58,109,70,113,118,108,98,3,57" hai3="128,43,5,41,99,131,34,72,125,19,101,68,22"/><V69/><F78/><W46/><G34/><T76/><D71/><N who="2" m="27146" /><F98/><W134/><G68/><T55/><D132/><U1/><E124/><V16/><F113/><W126/><G72/><T13/><D76/><U77/><E29/><V12/><F25/><N who="3" m="14559" /><G5/><T59/><D15/><U26/><E26/><V73/><F73/><W94/><G134/><T123/><D123/><U115/><E97/><V62/><F3/><W121/><G121/><T127/><D127/><N who="3" m="48649" /><G43/><T75/><D75/><U60/><E48/><AGARI ba="0,0" hai="41,46,48,94,99,101,128,131" m="48649,14559" machi="48" ten="30,1000,0" yaku="18,1" doraHai="35" who="3" fromWho="1" sc="350,0,147,-10,227,0,276,10" /><INIT seed="3,0,0,3,3,27" ten="350,137,227,286" oya="3" hai0="130,33,69,92,42,2,120,83,75,45,78,53,41" hai1="31,65,5,23,77,127,38,1,124,135,113,74,24" hai2="56,106,80,43,60,70,44,39,99,63,36,47,32" hai3="7,0,19,22,87,20,52,104,126,61,3,40,50"/><W48/><G104/><T95/><D69/><U110/><E113/><V49/><F80/><W4/><G126/><T73/><D120/><U59/><E38/><N who="2" m="21623" /><F32/><W82/><G0/><T71/><D71/><U125/><E110/><V55/><F99/><W68/><G3/><T84/><D33/><U132/><E74/><V115/><F106/><W128/><G128/><T89/><D2/><U118/><E77/><V14/><F14/><W72/><G72/><T17/><D130/><U121/><E121/><V93/><F93/><W86/><G68/><T67/><D95/><U88/><E88/><V30/><F30/><W117/><G117/><T46/><D92/><U98/><E98/><V91/><F91/><W25/><G22/><T15/><D89/><U8/><E65/><N who="2" m="41255" /><F115/><W18/><G18/><T76/><D17/><U129/><E129/><V6/><F6/><N who="3" m="2091" /><G40/><AGARI ba="0,0" hai="36,39,40,47,49,55,56,63" m="41255,21623" machi="40" ten="30,8000,1" yaku="35,5" doraHai="27" who="2" fromWho="3" sc="350,0,137,0,227,80,286,-80" /><INIT seed="4,0,0,1,5,13" ten="350,137,307,206" oya="0" hai0="62,30,45,106,96,114,70,101,7,90,33,10,135" hai1="75,130,23,124,127,64,107,132,20,38,52,129,56" hai2="93,100,32,2,97,95,58,55,49,85,0,18,79" hai3="115,123,103,54,112,60,4,92,57,19,28,131,47"/><T82/><D114/><N who="3" m="43561" /><G131/><N who="1" m="50186" /><E38/><V51/><F32/><W44/><G123/><T26/><D45/><U81/><E107/><V113/><F113/><W61/><G28/><T109/><D90/><U80/><E64/><V3/><F51/><W16/><G4/><T12/><D82/><N who="1" m="31851" /><E75/><V119/><F119/><W72/><G72/><T73/><D73/><U39/><E39/><V94/><F79/><W87/><G61/><T1/><D109/><U36/><E36/><V116/><F116/><W67/><G87/><T122/><D122/><U21/><E56/><V74/><F74/><W78/><G78/><T71/><D135/><U69/><E69/><V111/><F111/><W125/><G125/><N who="1" m="48202" /><E52/><V9/><F55/><W14/><G14/><T40/><D40/><U6/><E6/><V34/><F58/><W42/><G67/><T104/><D12/><U48/><E48/><V66/><F3/><W5/><G5/><T46/><D62/><U128/><N who="1" m="50194" /><U98/><DORA hai="117" /><E98/><V89/><F2/><W121/><G121/><T31/><D71/><U105/><E105/><V63/><F0/><W120/><G120/><T50/><D106/><U91/><E91/><V133/><F66/><W27/><G27/><N who="0" m="18655" /><D70/><U86/><E86/><V43/><F85/><W37/><G44/><T29/><D26/><U108/><E108/><V76/><F63/><W59/><G57/><T110/><D110/><U22/><N who="1" m="5120" /><DORA hai="68" /><U118/><E118/><V41/><F89/><W24/><G24/><T53/><D7/><U126/><N who="1" m="48210" /><U35/><DORA hai="25" /><E35/><V88/><F34/><W83/><G83/><RYUUKYOKU ba="0,0" sc="350,10,137,10,307,-30,206,10" hai0="1,10,29,31,46,50,53,96,101,104" hai1="132" hai3="16,19,37,42,47,54,59,60,92,103" /><INIT seed="4,1,0,1,0,55" ten="360,147,277,216" oya="0" hai0="45,20,76,86,92,25,15,5,77,57,61,51,75" hai1="34,90,41,134,2,42,62,26,109,111,13,118,52" hai2="29,133,116,87,27,49,115,39,80,11,131,114,6" hai3="67,1,35,33,44,31,12,47,73,104,85,23,120"/><T82/><D92/><U7/><E2/><V122/><F39/><W106/><G73/><T4/><D76/><U129/><E118/><V123/><F116/><W117/><G1/><T53/><D15/><U36/><E36/><V69/><F69/><W66/><G117/><T10/><D10/><N who="1" m="4319" /><E134/><V110/><F133/><W103/><G120/><T78/><D78/><U98/><E129/><V121/><F110/><W59/><G85/><T68/><D68/><U107/><E107/><V113/><F131/><W124/><G124/><T89/><D77/><U97/><E109/><V46/><F87/><W22/><G12/><T71/><D71/><U108/><E111/><V54/><F80/><W112/><G31/><N who="0" m="17831" /><D75/><U24/><E108/><V79/><F79/><W132/><G132/><T88/><D89/><U60/><E34/><N who="2" m="20799" /><F123/><W95/><G95/><T65/><AGARI ba="1,0" hai="4,5,45,51,53,57,61,65,82,86,88" m="17831" machi="65" ten="30,6000,0" yaku="8,1,52,1,54,1" doraHai="55" who="0" fromWho="0" sc="360,63,147,-21,277,-21,216,-21" /><INIT seed="4,2,0,3,3,87" ten="423,126,256,195" oya="0" hai0="118,99,91,86,41,83,107,128,80,43,22,13,126" hai1="104,63,14,6,29,21,42,62,28,11,54,108,72" hai2="68,94,111,106,116,123,36,55,58,47,133,125,120" hai3="113,57,124,15,39,5,2,10,61,17,95,65,30"/><T90/><D118/><U127/><E104/><V98/><F106/><W122/><G39/><T52/><D128/><U46/><E72/><V19/><F111/><W18/><G113/><T114/><D114/><U103/><E108/><V97/><F116/><W37/><G37/><T38/><D38/><U64/><E127/><V130/><F19/><W67/><G124/><T81/><D126/><U109/><E109/><V70/><F94/><W20/><G122/><T33/><D33/><U23/><E103/><V12/><F12/><W24/><G2/><T79/><D107/><U31/><E54/><V88/><F125/><W51/><G67/><T78/><D78/><U135/><E135/><V89/><F36/><W102/><REACH who="3" step="1"/><G51/><REACH who="3" ten="423,126,256,185" step="2"/><T56/><D79/><U16/><E64/><V77/><F77/><W25/><G25/><T110/><D110/><U1/><REACH who="1" step="1"/><E21/><REACH who="1" ten="423,116,256,185" step="2"/><V3/><F133/><W48/><G48/><AGARI ba="2,2" hai="1,6,11,14,16,23,28,29,31,42,46,48,62,63" machi="48" ten="40,5200,0" yaku="1,1,2,1,54,1,53,0" doraHai="87" doraHaiUra="96" who="1" fromWho="3" sc="423,0,116,78,256,0,185,-58" /><INIT seed="5,0,0,5,0,64" ten="423,194,256,127" oya="1" hai0="135,76,37,22,69,111,128,13,19,82,81,75,55" hai1="58,45,116,98,87,89,114,84,5,72,16,60,102" hai2="0,78,52,90,134,70,71,93,7,11,15,113,92" hai3="126,47,133,109,88,10,94,127,62,38,6,63,30"/><U65/><E72/><V4/><F134/><W86/><G109/><T36/><D111/><U31/><E116/><V9/><F113/><W68/><G133/><T123/><D135/><U67/><E114/><V103/><F78/><W129/><G129/><T106/><D106/><U26/><E5/><V74/><F74/><W12/><G30/><T46/><D69/><U83/><E45/><V49/><F103/><W100/><G100/><T104/><D104/><U2/><E2/><V91/><F92/><W21/><G21/><T73/><D128/><U101/><E67/><V39/><F39/><W130/><G130/><T8/><D123/><U119/><E119/><V80/><F80/><W107/><G107/><T115/><D115/><U53/><E98/><V66/><F66/><W61/><G38/><T97/><D97/><U51/><E84/><V121/><F121/><W43/><G43/><T29/><D55/><U79/><E79/><V108/><F108/><W1/><G47/><T42/><D81/><U112/><E112/><V32/><F32/><W33/><G33/><T131/><D131/><U122/><E122/><V28/><F28/><W99/><G99/><T18/><D29/><U54/><E31/><V14/><F0/><W25/><G25/><T41/><D75/><U77/><E77/><V56/><F91/><W20/><REACH who="3" step="1"/><G68/><REACH who="3" ten="423,194,256,117" step="2"/><T125/><D41/><U117/><E117/><V132/><F132/><W59/><G59/><T96/><D96/><AGARI ba="0,1" hai="4,7,9,11,14,15,49,52,56,70,71,90,93,96" machi="96" ten="30,8000,1" yaku="7,1,9,1,52,2,54,1" doraHai="64" who="2" fromWho="0" sc="423,-80,194,0,256,90,117,0" /><INIT seed="6,0,0,3,3,17" ten="343,194,346,117" oya="2" hai0="52,109,95,98,114,18,123,111,56,46,90,58,102" hai1="97,36,74,26,68,100,106,22,130,112,57,38,118" hai2="6,86,116,101,120,124,92,103,129,125,96,27,23" hai3="63,39,61,45,33,35,85,42,7,104,113,41,127"/><V21/><F116/><W70/><G104/><T44/><D123/><U88/><E118/><V91/><F120/><W67/><G127/><N who="2" m="48713" /><F129/><W53/><G113/><T19/><D114/><U43/><E112/><V94/><F6/><W5/><G5/><T119/><D119/><U76/><E68/><V121/><F121/><W1/><G42/><T9/><D58/><U99/><E130/><V2/><F2/><W128/><G128/><T4/><D111/><U49/><E76/><V77/><F27/><W81/><G61/><T66/><D66/><U15/><E74/><V29/><F29/><W37/><G37/><T11/><D102/><N who="2" m="38922" /><F77/><W133/><G133/><T54/><D109/><U48/><E15/><V115/><F115/><W84/><G84/><T134/><D134/><U69/><E106/><V25/><F25/><W32/><G7/><T117/><D117/><U108/><E108/><V30/><F30/><W28/><G1/><T93/><D4/><U51/><E26/><V47/><F47/><W73/><G28/><T62/><D46/><U126/><E126/><V79/><F79/><W122/><G122/><T110/><D110/><U14/><E14/><V13/><F13/><W24/><G24/><T16/><D95/><U89/><E100/><AGARI ba="0,0" hai="21,23,86,91,92,94,96,100" m="38922,48713" machi="100" ten="30,5800,0" yaku="18,1,52,2" doraHai="17" who="2" fromWho="1" sc="343,0,194,-58,346,58,117,0" /><INIT seed="6,1,0,2,3,95" ten="343,136,404,117" oya="2" hai0="8,92,118,50,107,58,64,24,131,97,51,18,111" hai1="120,55,0,65,35,26,40,84,33,47,117,25,133" hai2="43,48,106,1,39,87,113,102,119,61,2,88,128" hai3="123,130,38,76,42,80,5,19,93,13,99,68,60"/><V15/><F39/><W20/><G123/><T100/><D111/><U6/><E120/><V23/><F119/><W104/><G130/><T70/><D131/><U135/><E117/><V109/><F128/><W77/><G104/><T4/><D118/><U127/><E65/><V14/><F61/><W53/><G5/><T9/><D70/><U63/><E84/><V66/><F66/><W28/><G28/><T12/><D107/><U21/><E127/><V96/><F109/><W16/><G19/><T132/><D132/><N who="1" m="50763" /><E25/><V31/><F2/><W108/><G108/><T3/><D24/><U67/><E55/><V82/><F1/><W27/><G68/><T56/><REACH who="0" step="1"/><D64/><REACH who="0" ten="333,136,404,117" step="2"/><U44/><E26/><V17/><F106/><W75/><G27/><T34/><D34/><U62/><E33/><V125/><F125/><W46/><G76/><T7/><D7/><U101/><E35/><V90/><F15/><W11/><G20/><T134/><D134/><U69/><E21/><V49/><F23/><W124/><G124/><T54/><D54/><U81/><E6/><V83/><F14/><W10/><G10/><T122/><D122/><U121/><E121/><V22/><F22/><W72/><G53/><T126/><D126/><U115/><E67/><V57/><F17/><W29/><G29/><T32/><D32/><U89/><E69/><V105/><F105/><W129/><G129/><T41/><D41/><U94/><E0/><V85/><F31/><W98/><G42/><T52/><D52/><U110/><E110/><V74/><F43/><W45/><G11/><T91/><D91/><RYUUKYOKU ba="1,1" sc="333,30,136,-10,404,-10,117,-10" hai0="3,4,8,9,12,18,50,51,56,58,92,97,100" /><INIT seed="7,2,1,0,3,83" ten="363,126,394,107" oya="3" hai0="61,96,102,15,57,29,62,7,115,58,87,92,51" hai1="41,124,27,123,110,60,48,30,105,6,130,129,34" hai2="11,66,14,65,10,33,107,67,1,16,35,122,109" hai3="116,63,134,17,22,118,46,55,75,64,120,79,43"/><W131/><G120/><T36/><D36/><U32/><E110/><V117/><F109/><W28/><G131/><N who="1" m="50186" /><E123/><V93/><F122/><W9/><G134/><T69/><D69/><U104/><E124/><V71/><F107/><W50/><G28/><T53/><D115/><U99/><E6/><V52/><F71/><W20/><G9/><N who="0" m="4543" /><D29/><U45/><E32/><V95/><F117/><W12/><G22/><T112/><D112/><U85/><E99/><V128/><F128/><W73/><G43/><T94/><D58/><U135/><E135/><V59/><F35/><W100/><G100/><T91/><AGARI ba="2,1" hai="51,53,57,61,62,87,91,92,94,96,102" m="4543" machi="91" ten="30,2000,0" yaku="8,1,52,1" doraHai="83" who="0" fromWho="0" sc="363,36,126,-7,394,-7,107,-12" owari="399,49.0,119,-28.0,387,19.0,95,-40.0" /></mjloggm>