<mjloggm ver="2.3"><GO type="169" lobby="0"/><UN n0="%6D%6F%6C%74%73" n1="%E3%83%88%E3%83%88%E3%83%AA%E5%85%88%E7%94%9F%31%39%E6%AD%B3" n2="%E2%98%85%E9%A2%A8%E6%9E%97%E7%81%AB%E5%B1%B1%E2%98%85" n3="%E3%81%98%E3%83%BC%E3%81%95%E3%83%BC" dan="16,19,17,16" rate="2103.61,2303.61,2207.19,2062.29" sx="M,F,M,M"/><TAIKYOKU oya="0"/><INIT seed="0,0,0,4,5,43" ten="250,250,250,250" oya="0" hai0="121,71,36,12,73,33,53,14,90,127,129,108,23" hai1="124,7,64,0,89,46,74,102,76,86,113,115,109" hai2="25,84,42,52,112,92,30,50,110,60,107,116,78" hai3="66,37,70,58,126,99,96,38,133,87,82,81,5"/><T95/><D33/><U6/><E109/><V16/><F107/><W2/><G5/><T114/><D73/><U4/><E124/><V72/><F112/><N who="1" m="43081" /><E102/><V55/><F72/><W69/><G58/><T19/><D108/><U11/><E64/><V27/><F30/><W22/><G66/><T123/><D127/><U62/><E62/><V98/><F110/><W59/><G59/><T79/><D71/><U83/><E46/><N who="2" m="25943" /><F27/><W34/><G34/><T8/><D114/><U94/><AGARI ba="0,0" hai="0,4,6,7,11,74,76,83,86,89,94" m="43081" machi="94" ten="30,1100,0" yaku="11,1" doraHai="43" who="1" fromWho="1" sc="250,-5,250,11,250,-3,250,-3" /><INIT seed="1,0,0,5,3,22" ten="245,261,247,247" oya="1" hai0="90,6,63,91,119,43,27,104,54,80,58,113,71" hai1="11,56,73,10,84,50,49,21,95,19,106,2,31" hai2="38,74,4,92,70,32,51,76,107,98,61,115,89" hai3="29,117,8,120,9,20,65,134,66,130,123,62,25"/><U129/><E106/><V41/><F115/><W3/><G65/><T45/><D104/><U68/><E68/><V40/><F38/><W12/><G130/><T85/><D119/><U46/><E73/><V64/><F4/><W86/><G117/><T30/><D71/><U118/><E118/><V67/><F67/><W47/><G134/><T88/><D6/><U132/><E132/><V114/><F114/><W83/><G47/><T69/><D69/><U108/><E2/><V75/><F51/><W16/><G9/><T33/><REACH who="0" step="1"/><D113/><REACH who="0" ten="235,261,247,247" step="2"/><U110/><E129/><V5/><F107/><W37/><G3/><T44/><D44/><U72/><E108/><V48/><F5/><W101/><G120/><T59/><D59/><U24/><E110/><V94/><F70/><W23/><G123/><T96/><D96/><U0/><E0/><V128/><F98/><W13/><G37/><AGARI ba="0,1" hai="27,30,33,37,43,45,54,58,63,80,85,88,90,91" machi="37" ten="30,7700,0" yaku="1,1,7,1,52,1,54,1,53,0" doraHai="22" doraHaiUra="15" who="0" fromWho="3" sc="235,87,261,0,247,0,247,-77" /><INIT seed="2,0,0,2,0,106" ten="322,261,247,170" oya="2" hai0="79,77,117,59,132,109,97,130,82,19,121,80,99" hai1="125,42,124,92,127,76,66,27,55,33,35,60,43" hai2="128,105,123,57,8,1,78,102,38,3,114,54,65" hai3="39,44,131,68,129,72,31,107,16,85,17,48,23"/><V110/><F114/><W5/><G107/><T108/><D19/><U87/><E55/><V52/><F123/><W101/><G101/><T46/><D46/><U100/><E76/><V0/><F38/><W50/><G68/><T71/><D59/><U81/><E81/><V86/><F128/><W15/><G31/><T13/><D13/><U61/><E61/><V9/><F65/><W20/><G5/><T112/><D71/><U89/><E100/><V96/><F54/><W11/><G11/><T26/><D26/><U30/><REACH who="1" step="1"/><E35/><REACH who="1" ten="322,251,247,170" step="2"/><V37/><F78/><W4/><G129/><T133/><D130/><U93/><E93/><V94/><F94/><W98/><G131/><T120/><D112/><U134/><E134/><V91/><F102/><W7/><G44/><T56/><D56/><AGARI ba="0,1" hai="27,30,33,42,43,56,60,66,87,89,92,124,125,127" machi="56" ten="40,2600,0" yaku="1,1,18,1,53,0" doraHai="106" doraHaiUra="115" who="1" fromWho="0" sc="322,-26,251,36,247,0,170,0" /><INIT seed="3,0,0,4,3,57" ten="296,287,247,170" oya="3" hai0="29,90,97,125,8,41,61,5,99,130,92,17,116" hai1="106,89,118,110,132,126,128,87,122,86,19,27,105" hai2="91,0,71,15,46,67,135,40,25,28,81,21,66" hai3="11,65,24,83,33,127,121,31,48,10,6,16,72"/><W12/><G121/><T59/><D116/><U133/><E19/><V42/><F0/><W62/><G127/><T52/><D125/><U50/><E27/><V74/><F135/><N who="1" m="51785" /><E126/><V95/><F71/><W88/><G48/><T80/><D130/><U109/><E122/><V70/><F42/><W43/><G43/><T120/><D120/><U7/><E7/><V75/><F15/><W76/><G88/><T112/><D41/><U51/><E51/><V9/><F9/><W14/><G11/><T37/><D37/><U77/><E50/><V55/><F55/><W36/><G36/><T82/><D112/><U84/><E118/><V98/><F81/><W123/><G123/><T113/><D113/><U114/><E114/><V18/><F18/><W73/><G73/><T58/><D17/><U117/><E117/><V68/><F68/><W3/><REACH who="3" step="1"/><G16/><REACH who="3" ten="296,287,247,160" step="2"/><T69/><D97/><U54/><E128/><V49/><F75/><W34/><G34/><T111/><D8/><U107/><E77/><V79/><F79/><W63/><G63/><T1/><D5/><U26/><E89/><V134/><F74/><W78/><G78/><T100/><D90/><U30/><E84/><V47/><F134/><W2/><G2/><T53/><D1/><U85/><E85/><V60/><F40/><W20/><G20/><T131/><D131/><U104/><E87/><V64/><F49/><W13/><G13/><T32/><D32/><N who="1" m="20567" /><E86/><V94/><F91/><W44/><G44/><N who="2" m="16937" /><F98/><W108/><G108/><T96/><D111/><U4/><N who="1" m="26624" /><DORA hai="23" /><U119/><E110/><V93/><AGARI ba="0,1" hai="21,25,28,60,64,66,67,70,93,94,95" m="16937" machi="93" ten="30,4000,0" yaku="5,1,52,2" doraHai="57,23" who="2" fromWho="2" sc="296,-10,287,-10,247,50,160,-20" /><INIT seed="4,0,0,2,3,100" ten="286,277,297,140" oya="0" hai0="27,121,55,68,108,107,37,72,134,117,64,110,23" hai1="32,116,84,89,69,18,92,30,60,109,74,129,39" hai2="59,79,78,52,34,80,99,29,97,19,132,47,71" hai3="12,13,124,38,8,131,3,28,57,63,82,5,17"/><T51/><D117/><U41/><E109/><N who="0" m="42089" /><D121/><U54/><E116/><V31/><F71/><W125/><G38/><T95/><D72/><U77/><E129/><V91/><F132/><W126/><G131/><T25/><D37/><U118/><E118/><V130/><F130/><W135/><G135/><T16/><D134/><U127/><E127/><V42/><F34/><W2/><G28/><T120/><D120/><U94/><E18/><V75/><F78/><W1/><G82/><T93/><D27/><U112/><E112/><V33/><F19/><W114/><G114/><T81/><D81/><U48/><E77/><V86/><F33/><W123/><G123/><T40/><D40/><U70/><E74/><V50/><F29/><W83/><G83/><T102/><D64/><U10/><E41/><V61/><REACH who="2" step="1"/><F31/><REACH who="2" ten="286,277,287,140" step="2"/><W0/><REACH who="3" step="1"/><G17/><REACH who="3" ten="286,277,287,130" step="2"/><T66/><D16/><U44/><E30/><V101/><F101/><W56/><G56/><T26/><D25/><U14/><E32/><V4/><F4/><W115/><G115/><T73/><D26/><U113/><E113/><V85/><F85/><W9/><G9/><T43/><D102/><U7/><E70/><V11/><F11/><W49/><G49/><T133/><D133/><U67/><E39/><V111/><F111/><W96/><G96/><T122/><D51/><U35/><E35/><V21/><F21/><W98/><G98/><T65/><D23/><U87/><E87/><V119/><F119/><W88/><G88/><T62/><D68/><U20/><E20/><V53/><F53/><AGARI ba="0,2" hai="0,1,2,3,5,8,12,13,53,57,63,124,125,126" machi="53" ten="50,6400,0" yaku="1,1,18,1,53,1" doraHai="100" doraHaiUra="6" who="3" fromWho="2" sc="286,0,277,0,287,-64,130,84" /><INIT seed="5,0,0,5,4,105" ten="286,277,223,214" oya="1" hai0="103,48,15,7,116,65,37,94,97,122,128,70,93" hai1="111,12,45,102,4,126,107,46,71,95,27,52,80" hai2="38,117,60,23,120,99,1,28,104,53,61,41,72" hai3="119,59,96,125,35,88,58,9,89,79,34,13,64"/><U5/><E71/><V11/><F117/><W47/><G119/><T110/><D110/><U78/><E107/><V55/><F38/><W133/><G133/><T135/><D135/><U57/><E111/><V44/><F28/><W131/><G131/><T109/><D37/><U101/><E126/><V115/><F23/><W40/><G125/><T66/><D128/><U85/><E27/><V24/><F24/><W10/><G79/><T92/><D109/><U130/><E130/><V2/><F11/><W19/><G9/><N who="0" m="4543" /><D70/><U20/><E5/><V68/><F55/><W33/><G96/><T98/><D122/><U108/><E108/><V132/><F53/><W3/><G3/><T100/><D116/><U54/><E54/><V134/><F60/><W129/><G129/><T49/><D94/><U67/><E67/><AGARI ba="0,0" hai="48,49,65,66,67,92,93,97,98,100,103" m="4543" machi="67" ten="30,1000,0" yaku="8,1" doraHai="105" who="0" fromWho="1" sc="286,10,277,-10,223,0,214,0" /><INIT seed="6,0,0,4,1,94" ten="296,267,223,214" oya="2" hai0="117,75,124,132,5,58,43,26,98,9,70,61,3" hai1="14,108,20,24,63,129,27,19,51,92,56,89,35" hai2="31,106,73,6,12,45,33,64,99,118,71,88,39" hai3="29,116,103,110,55,86,0,87,7,16,93,126,76"/><V130/><F118/><W102/><G116/><T48/><D75/><U15/><E108/><V84/><F73/><W46/><G110/><T123/><D123/><U90/><E129/><V81/><F130/><W113/><G0/><T36/><D124/><U42/><E90/><V122/><F122/><W11/><G7/><T69/><D132/><U128/><E128/><V78/><F6/><W18/><G29/><T1/><D1/><U127/><E127/><V50/><F12/><N who="3" m="7199" /><G113/><T62/><D36/><U8/><E51/><V23/><F39/><W17/><G87/><T49/><D49/><U97/><E42/><V28/><F33/><W25/><G18/><T96/><D117/><U21/><E35/><V109/><F71/><W133/><G133/><T60/><D26/><N who="1" m="9771" /><E15/><V79/><F23/><N who="3" m="13551" /><G126/><T67/><D69/><U111/><E111/><V120/><F109/><W38/><G38/><T115/><D115/><U77/><E77/><N who="2" m="29195" /><F106/><W131/><G131/><T114/><D114/><U65/><AGARI ba="0,0" hai="8,14,19,20,21,56,63,65,89,92,97" m="9771" machi="65" ten="30,2000,0" yaku="8,1,52,1" doraHai="94" who="1" fromWho="1" sc="296,-5,267,20,223,-10,214,-5" /><INIT seed="7,0,0,2,3,118" ten="291,287,213,209" oya="3" hai0="5,49,78,132,1,64,114,123,8,6,110,0,100" hai1="79,69,108,51,86,120,98,113,84,17,91,88,94" hai2="43,97,4,53,58,117,74,73,33,41,122,15,22" hai3="7,57,23,3,10,38,18,44,55,46,71,39,24"/><W72/><G71/><T92/><D123/><U121/><E69/><V28/><F117/><W116/><G72/><T31/><D110/><U95/><E108/><V93/><F74/><W103/><G116/><T130/><D78/><U104/><E17/><V45/><F73/><W134/><G134/><T40/><D130/><U66/><E66/><V14/><F33/><W2/><G2/><T32/><D64/><U135/><E135/><V54/><F54/><W26/><G103/><T125/><D125/><U82/><E113/><V106/><F106/><W61/><REACH who="3" step="1"/><G26/><REACH who="3" ten="291,287,213,199" step="2"/><T107/><D132/><U21/><E120/><V111/><F111/><W102/><G102/><T80/><D100/><U119/><E121/><V27/><F122/><W70/><G70/><T48/><D0/><U101/><E119/><V11/><F15/><W34/><G34/><T60/><D32/><U65/><E101/><N who="2" m="60591" /><F45/><AGARI ba="0,1" hai="3,7,10,18,23,24,38,39,44,45,46,55,57,61" machi="45" ten="40,2000,0" yaku="1,1,53,0" doraHai="118" doraHaiUra="99" who="3" fromWho="2" sc="291,0,287,0,213,-20,199,30" /><INIT seed="7,1,0,4,3,33" ten="291,287,193,229" oya="3" hai0="46,16,59,112,76,34,79,128,42,56,86,115,19" hai1="47,22,11,135,74,15,51,125,123,134,61,120,130" hai2="8,66,31,37,114,27,44,67,92,60,81,103,100" hai3="65,5,53,14,12,58,30,111,110,57,101,17,85"/><W48/><G30/><T126/><D126/><U119/><E125/><V28/><F114/><N who="0" m="43562" /><D128/><U83/><E130/><V43/><F31/><W69/><G69/><T72/><D72/><U36/><E36/><V41/><F41/><W102/><G5/><T7/><D7/><N who="1" m="3583" /><E119/><V35/><F67/><W52/><G65/><T75/><D75/><U32/><E32/><V13/><F92/><W71/><G71/><T73/><D73/><U96/><E22/><V55/><F55/><W20/><G85/><T90/><D56/><U131/><E131/><V78/><F81/><W117/><G117/><T106/><D59/><U18/><E18/><N who="0" m="6697" /><D106/><U124/><E124/><V3/><F78/><W104/><G104/><T23/><D23/><U97/><E61/><V21/><F21/><W82/><G82/><N who="0" m="49495" /><D34/><U4/><E4/><V39/><F37/><AGARI ba="1,0" hai="37,42,46,76,79" m="49495,6697,43562" machi="37" ten="30,3900,0" yaku="15,1,11,1,54,1" doraHai="33" who="0" fromWho="2" sc="291,42,287,0,193,-42,229,0" owari="333,43.0,287,9.0,151,-35.0,229,-17.0" /></mjloggm>