<mjloggm ver="2.3"><GO type="169" lobby="0"/><UN n0="%E3%83%88%E3%83%88%E3%83%AA%E5%85%88%E7%94%9F%31%39%E6%AD%B3" n1="%23%53%69%6C%76%65%72" n2="%E3%81%8A%E3%81%A7%E3%82%93%E3%81%A4%E3%81%8F%E3%82%8D%EF%BC%81" n3="%E9%BA%BB%E9%9B%80%E3%81%AF%E3%83%BB%E3%83%BB%E3%83%BB" dan="19,17,17,16" rate="2318.75,2194.78,2164.09,2138.53" sx="F,M,M,M"/><TAIKYOKU oya="0"/><INIT seed="0,0,0,5,2,13" ten="250,250,250,250" oya="0" hai0="110,44,2,32,16,43,85,83,96,109,133,65,33" hai1="68,49,24,42,88,129,55,81,120,134,46,69,40" hai2="9,78,121,1,11,58,107,22,122,50,118,80,6" hai3="115,132,123,126,21,7,112,103,3,74,79,75,35"/><T56/><D2/><U25/><E120/><V100/><F118/><W30/><G103/><T76/><D133/><U39/><E134/><V135/><F135/><W19/><G132/><T29/><D96/><U57/><E129/><V114/><F114/><W87/><G87/><T15/><D65/><U67/><E40/><V128/><F128/><W71/><G71/><T23/><D56/><U72/><E68/><V20/><F100/><W92/><G92/><T84/><D84/><N who="1" m="50191" /><E72/><V38/><F107/><W10/><G123/><T91/><D76/><U131/><E131/><V48/><F38/><W99/><G99/><T4/><D4/><U47/><E47/><V41/><F9/><W127/><G79/><T34/><REACH who="0" step="1"/><D29/><REACH who="0" ten="240,250,250,250" step="2"/><U93/><E93/><V18/><F78/><W77/><G77/><T17/><D17/><U108/><E108/><V8/><F58/><W60/><G75/><T59/><D59/><U61/><AGARI ba="0,1" hai="24,25,39,42,46,49,55,57,61,67,69" m="50191" machi="61" ten="30,2000,0" yaku="24,1,54,1" doraHai="13" who="1" fromWho="1" sc="240,-10,250,30,250,-5,250,-5" /><INIT seed="1,0,0,2,4,54" ten="230,280,245,245" oya="1" hai0="76,126,110,8,19,59,46,30,72,64,94,134,47" hai1="108,116,125,93,41,20,105,127,45,44,79,29,100" hai2="132,52,28,14,133,5,114,58,36,18,106,90,95" hai3="40,55,112,81,9,119,89,25,82,78,27,57,10"/><U34/><E116/><V84/><F106/><W123/><G112/><T111/><D134/><N who="2" m="51818" /><F36/><W75/><G123/><T135/><D135/><U109/><E34/><V49/><F5/><W102/><G102/><T0/><D126/><N who="1" m="48139" /><E105/><V6/><F6/><W73/><G40/><T13/><D0/><U63/><E79/><V130/><F28/><W3/><G119/><T69/><D69/><U11/><E11/><N who="2" m="6495" /><F130/><W31/><G3/><T61/><D94/><U38/><E45/><V120/><F120/><W60/><G27/><T37/><D30/><U56/><E100/><V24/><F24/><W15/><G15/><T92/><D92/><U70/><E93/><V42/><F42/><W4/><G4/><T107/><D107/><U66/><E29/><V80/><F114/><W71/><G71/><T101/><D101/><U2/><E2/><V103/><F103/><W39/><G39/><T7/><D7/><U77/><E20/><V48/><F95/><W22/><G89/><T88/><D88/><U99/><E77/><AGARI ba="0,0" hai="9,10,22,25,31,55,57,60,73,75,77,78,81,82" machi="77" ten="40,2600,0" yaku="9,1,52,1" doraHai="54" who="3" fromWho="1" sc="230,0,280,-26,245,0,245,26" /><INIT seed="2,0,0,2,5,19" ten="230,254,245,271" oya="2" hai0="53,20,63,135,49,44,111,47,33,12,78,107,97" hai1="7,125,66,25,101,45,85,16,17,115,131,42,119" hai2="54,109,56,50,34,46,79,43,5,122,84,95,106" hai3="30,127,77,96,1,15,37,121,62,74,86,116,91"/><V52/><F106/><W126/><G1/><T65/><D33/><U108/><E119/><V114/><F122/><W123/><G37/><T23/><D111/><U73/><E115/><V90/><F114/><W64/><G30/><T103/><D135/><U89/><E73/><V130/><F130/><W31/><G31/><T26/><D26/><U38/><E108/><V112/><F112/><W28/><G28/><T98/><D78/><U51/><E131/><V58/><F34/><W82/><G15/><T39/><D12/><U75/><E75/><V124/><F124/><N who="3" m="47659" /><G116/><T2/><D2/><U9/><E101/><V105/><F105/><W41/><G41/><T61/><D98/><U83/><E66/><V118/><F118/><W18/><G18/><T104/><D104/><U22/><E125/><V132/><F132/><W69/><G96/><T99/><D99/><U80/><E17/><V92/><F109/><W128/><G128/><T40/><REACH who="0" step="1"/><D63/><REACH who="0" ten="220,254,245,271" step="2"/><U71/><E71/><AGARI ba="0,1" hai="20,23,39,40,44,47,49,53,61,65,71,97,103,107" machi="71" ten="30,8000,1" yaku="1,1,2,1,7,1,52,2,53,0" doraHai="19" doraHaiUra="4" who="0" fromWho="1" sc="220,90,254,-80,245,0,271,0" /><INIT seed="3,0,0,2,5,109" ten="310,174,245,271" oya="3" hai0="23,121,68,73,112,57,59,53,95,98,30,79,102" hai1="37,89,69,3,36,133,55,12,85,24,115,18,58" hai2="48,61,8,132,86,126,97,43,10,65,49,131,107" hai3="45,17,64,51,56,35,114,15,71,47,1,117,0"/><W82/><G114/><T123/><D68/><U91/><E3/><V77/><F132/><W7/><G35/><T39/><D39/><U119/><E69/><V14/><F131/><W41/><G71/><T5/><D5/><U6/><E119/><V134/><F134/><W108/><G1/><T22/><D59/><U106/><E115/><V44/><F126/><W16/><G0/><T9/><D9/><U100/><E133/><V101/><F14/><W21/><G108/><T88/><D112/><U4/><E24/><V129/><F129/><W76/><G117/><T87/><D73/><U128/><E89/><V72/><F72/><W104/><G104/><T93/><D79/><U105/><E128/><V40/><F86/><N who="3" m="48455" /><G47/><T116/><D116/><U2/><E2/><V32/><F32/><W42/><G42/><T27/><REACH who="0" step="1"/><D23/><REACH who="0" ten="300,174,245,271" step="2"/><U81/><E37/><V124/><F77/><W90/><G21/><T75/><D75/><U78/><E36/><V33/><F124/><W26/><G7/><T80/><D80/><U96/><E78/><V29/><F33/><W74/><G74/><T52/><D52/><U67/><E67/><V103/><F65/><W122/><G56/><T135/><D135/><U20/><REACH who="1" step="1"/><E105/><REACH who="1" ten="300,164,245,271" step="2"/><V38/><F107/><W19/><G64/><T94/><D94/><U83/><E83/><V54/><F38/><W110/><G110/><T125/><D125/><U11/><E11/><V130/><F8/><W84/><G26/><T66/><D66/><U120/><E120/><V111/><F10/><N who="3" m="6263" /><G122/><T31/><D31/><U99/><E99/><V127/><F97/><RYUUKYOKU ba="0,2" sc="300,10,164,10,245,-30,271,10" hai0="22,27,30,53,57,87,88,93,95,98,102,121,123" hai1="4,6,12,18,20,55,58,81,85,91,96,100,106" hai3="17,19,41,45,51,84,90" /><INIT seed="3,1,2,4,5,52" ten="310,174,215,281" oya="3" hai0="10,66,85,107,114,105,76,11,67,38,103,53,124" hai1="80,128,123,43,100,51,83,46,134,120,1,34,126" hai2="5,15,79,70,42,106,135,113,3,2,112,58,96" hai3="6,23,102,55,40,118,26,71,14,50,30,48,129"/><W125/><G71/><T74/><D38/><U110/><E34/><V94/><F70/><W9/><G118/><T17/><D74/><U45/><E1/><V54/><F106/><W44/><G129/><T89/><D76/><U41/><E128/><V16/><F79/><W56/><REACH who="3" step="1"/><G102/><REACH who="3" ten="310,174,215,271" step="2"/><T29/><D103/><U62/><E100/><V117/><F117/><W4/><G4/><T25/><D114/><U28/><E123/><V13/><F113/><W104/><G104/><T78/><D105/><U90/><E120/><V92/><F112/><W60/><G60/><T81/><D107/><U63/><E62/><V35/><F135/><W36/><G36/><T132/><D132/><U82/><E134/><V64/><F5/><W109/><G109/><T21/><D124/><AGARI ba="1,3" hai="6,9,14,23,26,30,40,44,48,50,55,56,124,125" machi="124" ten="40,3900,0" yaku="1,1,52,1,53,0" doraHai="52" doraHaiUra="77" who="3" fromWho="0" sc="310,-42,174,0,215,0,271,72" /><INIT seed="3,2,0,3,4,46" ten="268,174,215,343" oya="3" hai0="101,127,44,117,61,102,34,81,123,126,39,110,55" hai1="74,42,68,18,32,86,38,111,94,49,71,113,131" hai2="66,106,96,43,19,63,79,108,135,120,62,124,35" hai3="90,21,75,23,33,9,83,58,115,40,70,11,22"/><W56/><G70/><T73/><D110/><U91/><E113/><V67/><F108/><W13/><G33/><T69/><D117/><U103/><E111/><V53/><F120/><W130/><G75/><T129/><D123/><U92/><E74/><V59/><F35/><W51/><G130/><T4/><D34/><U99/><E38/><V54/><F79/><W20/><G115/><T57/><D129/><U50/><E131/><V98/><F124/><N who="0" m="47658" /><D69/><U30/><E42/><V0/><F0/><W65/><G40/><N who="0" m="22559" /><D4/><U93/><E68/><V25/><F43/><W15/><G65/><T37/><D37/><U100/><E71/><V119/><F135/><W132/><G132/><T3/><D3/><U114/><E114/><V125/><F119/><W6/><N who="3" m="5120" /><DORA hai="24" /><W10/><G6/><T78/><AGARI ba="2,0" hai="55,57,61,73,78,81,101,102" m="22559,47658" machi="78" ten="30,1100,0" yaku="18,1" doraHai="46,24" who="0" fromWho="0" sc="268,17,174,-5,215,-5,343,-7" /><INIT seed="4,0,0,4,0,116" ten="285,169,210,336" oya="0" hai0="118,50,127,39,59,67,135,3,86,53,65,58,43" hai1="61,76,64,114,69,7,38,120,128,0,98,66,117" hai2="2,48,30,47,25,125,26,130,108,74,80,23,33" hai3="134,102,75,27,5,6,52,99,35,15,68,85,133"/><T93/><D3/><U18/><E117/><V78/><F108/><W22/><G35/><T41/><D118/><U12/><E128/><V97/><F130/><W95/><G75/><T37/><D93/><U60/><E114/><V20/><F125/><W83/><G68/><T131/><D86/><U103/><E38/><N who="0" m="14345" /><D131/><U62/><E76/><V121/><F121/><W104/><G104/><T89/><D89/><U79/><E79/><V115/><F115/><W119/><G119/><T105/><D105/><U100/><E120/><V1/><F97/><W4/><G15/><T21/><D21/><U14/><E0/><V24/><F33/><W124/><G124/><T109/><D127/><U44/><E44/><V123/><F123/><W94/><G94/><T122/><D135/><U101/><E69/><V111/><F111/><W63/><G134/><T81/><D81/><U77/><E77/><V90/><F90/><W126/><G126/><T107/><D107/><U29/><E29/><V113/><F26/><W34/><G34/><T84/><D84/><U70/><E70/><V19/><F113/><W56/><G133/><T91/><D109/><U28/><E28/><V106/><F106/><W8/><G8/><T71/><D91/><U87/><E87/><V17/><REACH who="2" step="1"/><F30/><REACH who="2" ten="285,169,200,336" step="2"/><W55/><G27/><T42/><D122/><U96/><E98/><V31/><F31/><W45/><G99/><T129/><D129/><U92/><E101/><V40/><AGARI ba="0,1" hai="1,2,17,19,20,23,24,25,40,47,48,74,78,80" machi="40" ten="20,8000,1" yaku="1,1,0,1,7,1,9,1,53,1" doraHai="116" doraHaiUra="46" who="2" fromWho="2" sc="285,-40,169,-20,200,90,336,-20" /><INIT seed="5,0,0,0,3,102" ten="245,149,290,316" oya="1" hai0="71,105,51,128,91,47,104,122,129,134,68,125,126" hai1="40,64,55,90,1,46,23,107,26,9,121,133,94" hai2="60,3,61,89,87,79,7,73,50,10,110,33,93" hai3="86,82,32,31,29,101,53,13,19,123,115,112,84"/><U70/><E121/><V39/><F33/><W69/><G69/><N who="0" m="26699" /><D122/><U5/><E133/><V35/><F35/><W135/><G135/><T14/><D134/><U21/><E55/><V59/><F110/><W100/><G123/><T52/><D91/><U22/><E64/><V20/><F20/><W36/><G36/><T127/><D14/><U30/><E70/><V116/><F116/><W0/><G0/><T12/><D12/><U111/><E107/><AGARI ba="0,0" hai="47,51,52,104,105,107,125,126,127,128,129" m="26699" machi="107" ten="40,8000,1" yaku="18,1,52,3,54,1" doraHai="102" who="0" fromWho="1" sc="245,80,149,-80,290,0,316,0" /><INIT seed="6,0,0,5,5,104" ten="325,69,290,316" oya="2" hai0="36,99,67,7,79,85,61,54,45,133,27,3,134" hai1="128,100,48,29,105,78,71,26,15,40,25,114,70" hai2="72,84,24,60,53,64,50,34,12,103,44,112,6" hai3="130,111,19,22,113,69,80,41,31,119,132,123,107"/><V95/><F72/><W68/><G31/><T81/><D3/><U63/><E114/><V77/><F112/><W8/><G8/><T9/><D27/><U23/><E128/><V16/><F6/><W2/><G41/><T120/><D120/><U11/><E78/><V10/><F34/><W18/><G80/><T35/><D35/><U135/><E135/><N who="0" m="51721" /><D99/><U122/><E122/><V108/><F108/><W52/><G22/><T0/><D54/><U117/><E117/><V59/><F24/><W49/><G52/><T73/><D45/><U39/><E39/><V127/><F127/><W129/><G49/><T83/><D36/><U76/><E76/><V65/><F77/><W37/><G19/><T96/><D83/><U101/><E105/><V58/><F84/><W4/><G18/><T126/><D96/><U87/><E87/><V55/><F59/><W28/><G28/><T62/><D126/><U21/><E48/><V75/><F75/><W30/><G30/><T106/><D106/><U46/><E46/><V91/><F91/><W97/><G97/><AGARI ba="0,0" hai="10,12,16,44,50,53,55,58,60,64,65,95,97,103" machi="97" ten="40,3900,0" yaku="8,1,54,1" doraHai="104" who="2" fromWho="3" sc="325,0,69,0,290,39,316,-39" /><INIT seed="6,1,0,1,3,90" ten="325,69,329,277" oya="2" hai0="87,69,30,32,79,114,26,116,0,41,99,34,60" hai1="107,10,100,70,118,95,57,64,112,135,8,81,27" hai2="94,66,35,22,117,4,121,15,119,37,47,73,132" hai3="17,62,86,1,18,111,31,42,126,61,68,44,49"/><V88/><F121/><W130/><G1/><T6/><D114/><U50/><E118/><V93/><F35/><W13/><G111/><T106/><D116/><U71/><E112/><V2/><F66/><W122/><G68/><T105/><D34/><U113/><E135/><V72/><F132/><W96/><G122/><T51/><D79/><U54/><E113/><V103/><F2/><W91/><G130/><T115/><D87/><U23/><E107/><V36/><F4/><W123/><G126/><T33/><D33/><U108/><E108/><V97/><F73/><W104/><G31/><T53/><D115/><U76/><E70/><V129/><F72/><W55/><G96/><T83/><D83/><U75/><E64/><V39/><F47/><W92/><G104/><T7/><D41/><U80/><E71/><V58/><F58/><W12/><G42/><T38/><D38/><U134/><E80/><V85/><REACH who="2" step="1"/><F129/><REACH who="2" ten="325,69,319,277" step="2"/><W77/><G123/><T21/><D32/><U110/><E134/><V59/><F59/><W14/><G77/><T102/><D0/><U43/><E110/><V84/><F84/><W78/><G78/><T125/><D6/><U120/><E120/><V82/><F82/><W56/><G56/><N who="0" m="32831" /><D7/><U101/><E43/><V5/><F5/><W89/><G86/><T65/><D125/><U19/><E100/><V52/><F52/><W48/><G55/><T29/><D102/><U127/><E127/><V46/><F46/><W74/><G44/><T25/><D99/><N who="1" m="59647" /><E75/><V3/><F3/><W131/><G74/><T20/><D69/><U11/><E81/><RYUUKYOKU ba="1,1" sc="325,10,69,10,319,10,277,-30" hai0="20,21,25,26,29,30,60,65,105,106" hai1="8,10,11,19,23,27,50,54,57,76" hai2="15,22,36,37,39,85,88,93,94,97,103,117,119" /><INIT seed="6,2,1,5,3,69" ten="335,79,329,247" oya="2" hai0="129,22,83,26,42,23,49,128,8,14,48,91,64" hai1="4,71,95,18,65,100,126,9,7,135,40,109,16" hai2="28,45,25,29,119,115,94,60,98,96,55,84,50" hai3="122,123,85,38,113,46,67,19,27,74,70,32,33"/><V125/><F119/><W37/><G19/><T31/><D64/><U92/><E109/><V132/><F132/><W97/><G85/><N who="0" m="50623" /><D42/><U112/><E135/><V99/><F115/><W34/><G46/><T106/><D106/><U104/><E112/><V78/><F125/><W81/><G97/><T1/><D1/><U6/><E126/><V90/><F78/><N who="3" m="44247" /><G27/><N who="0" m="16887" /><D129/><U101/><E104/><V43/><F25/><W87/><G87/><T17/><D128/><U82/><E40/><V2/><F2/><W103/><G103/><N who="1" m="39498" /><E71/><V39/><REACH who="2" step="1"/><F60/><REACH who="2" ten="335,79,319,247" step="2"/><N who="3" m="40295" /><G113/><T10/><D10/><U124/><E124/><V89/><F89/><W24/><G24/><T121/><D121/><AGARI ba="2,2" hai="32,33,34,37,38,121,122,123" m="40295,44247" machi="121" ten="40,5200,0" yaku="23,1,52,2" doraHai="69" who="3" fromWho="0" sc="335,-58,79,0,319,0,247,78" /><INIT seed="7,0,0,0,2,34" ten="277,79,319,325" oya="3" hai0="79,20,50,114,77,101,76,71,22,73,88,97,10" hai1="4,17,106,53,105,103,40,70,1,11,72,24,36" hai2="65,27,13,3,26,85,130,117,66,84,82,48,43" hai3="115,93,25,38,120,28,123,126,135,6,86,122,74"/><W51/><G38/><T111/><D111/><U21/><E53/><V95/><F3/><W16/><G74/><T55/><D71/><U118/><E118/><V98/><F117/><W110/><G115/><T109/><D109/><U9/><E70/><V63/><F130/><W125/><G6/><T116/><D116/><U32/><E103/><N who="2" m="60895" /><F13/><W29/><G110/><T31/><D114/><U0/><E72/><V44/><F85/><W57/><G135/><T37/><D37/><U129/><E129/><V81/><F81/><W41/><G16/><T58/><D73/><U59/><E59/><N who="2" m="37119" /><F66/><W94/><G57/><T68/><D68/><U107/><E32/><V67/><F67/><W108/><G108/><T2/><D88/><AGARI ba="0,0" hai="26,27,43,44,48,82,84,88" m="37119,60895" machi="88" ten="30,2000,0" yaku="8,1,54,1" doraHai="34" who="2" fromWho="0" sc="277,-20,79,0,319,20,325,0" owari="257,-14.0,79,-42.0,339,43.0,325,13.0" /></mjloggm>