<mjloggm ver="2.3"><GO type="169" lobby="0"/><UN n0="%E3%82%A6%E3%83%AB%E3%83%88%E3%83%A9%E7%AB%8B%E7%9B%B4" n1="%E6%9D%BE%E5%B1%8B%E3%81%8A%E3%81%98%E3%81%95%E3%82%93" n2="%E6%AF%94%E5%98%89%E7%A7%80%E4%BB%81" n3="%E3%82%B8%E3%83%A7%E3%82%B8%E3%83%A7%E3%83%87%E3%82%A3%E3%82%AA" dan="18,19,17,16" rate="2252.57,2212.21,2210.42,2079.73" sx="M,M,M,M"/><TAIKYOKU oya="0"/><INIT seed="0,0,0,5,2,6" ten="250,250,250,250" oya="0" hai0="11,55,54,71,82,87,41,14,9,116,51,91,8" hai1="95,119,18,79,63,43,81,127,10,74,21,98,109" hai2="104,5,70,60,36,110,118,123,111,68,114,48,58" hai3="35,86,69,17,106,62,13,101,115,134,61,107,1"/><T0/><D0/><U105/><E109/><N who="2" m="41483" /><F104/><W32/><G115/><T34/><D34/><U24/><E127/><V50/><F5/><W57/><G1/><T75/><D116/><U94/><E119/><V129/><F114/><W117/><G134/><T92/><D71/><N who="2" m="27178" /><F118/><W15/><G15/><T108/><D108/><U84/><E43/><V12/><F12/><W7/><G7/><T78/><REACH who="0" step="1"/><D14/><REACH who="0" ten="240,250,250,250" step="2"/><U126/><E126/><V100/><F123/><W124/><G32/><T20/><D20/><U103/><E21/><V132/><F132/><W113/><G35/><T131/><D131/><U121/><E121/><V45/><F129/><W125/><G117/><T130/><D130/><U22/><E22/><V46/><F100/><W31/><G101/><T3/><D3/><U26/><E103/><V2/><F2/><W37/><G124/><T30/><D30/><U4/><E24/><V66/><F36/><W64/><G37/><T42/><D42/><U97/><E26/><V27/><F27/><W77/><G31/><T25/><D25/><U33/><E33/><V88/><F88/><W133/><G125/><T29/><D29/><U102/><E102/><V40/><F40/><W38/><G38/><T120/><D120/><U44/><E105/><V73/><F73/><W83/><G133/><T128/><D128/><U112/><E74/><V49/><AGARI ba="0,1" hai="45,46,48,49,50,58,60,66" m="27178,41483" machi="49" ten="40,5200,0" yaku="14,1,34,2" doraHai="6" who="2" fromWho="2" sc="240,-26,250,-13,250,62,250,-13" /><INIT seed="1,0,0,2,3,2" ten="214,237,312,237" oya="1" hai0="93,128,130,126,124,102,114,67,19,4,106,6,3" hai1="119,43,84,115,97,34,42,39,72,24,83,28,51" hai2="129,113,7,104,132,50,16,69,9,26,27,120,18" hai3="103,15,70,74,125,52,98,131,95,91,35,29,66"/><U81/><E115/><V64/><F104/><W36/><G125/><N who="0" m="48235" /><D114/><U110/><E119/><V92/><F129/><N who="0" m="49770" /><D106/><U31/><E39/><V117/><F132/><W127/><G36/><T46/><D3/><U133/><E133/><V44/><F120/><W8/><G74/><T32/><D32/><U118/><E118/><V57/><F69/><W85/><G127/><T123/><D123/><U109/><E97/><V53/><F117/><W12/><G12/><T33/><D33/><U13/><E31/><V135/><F135/><W11/><G11/><T49/><D67/><U75/><E13/><N who="2" m="5311" /><F92/><W77/><G29/><T111/><D19/><N who="2" m="7210" /><F113/><W68/><G35/><T108/><D93/><U40/><E81/><V90/><F90/><W73/><G70/><T89/><D89/><N who="1" m="51359" /><E75/><V5/><F5/><N who="0" m="2154" /><D102/><U0/><E0/><V14/><F14/><W116/><G15/><T55/><AGARI ba="0,0" hai="46,49,55,108,111" m="2154,49770,48235" machi="55" ten="40,8000,1" yaku="18,1,19,1,52,3" doraHai="2" who="0" fromWho="0" sc="214,80,237,-40,312,-20,237,-20" /><INIT seed="2,0,0,3,2,111" ten="294,197,292,217" oya="2" hai0="125,116,68,131,132,43,108,6,50,81,100,13,9" hai1="98,2,104,123,124,47,112,118,79,67,109,37,120" hai2="126,127,110,56,121,83,25,99,29,103,5,115,51" hai3="63,62,57,58,107,38,60,102,66,113,114,3,106"/><V21/><F121/><N who="1" m="46665" /><E2/><V53/><F110/><W78/><G3/><T75/><D68/><U69/><E109/><V45/><F83/><W52/><G38/><T73/><D100/><N who="1" m="62487" /><E79/><V84/><F84/><W36/><G36/><T117/><D108/><U32/><E32/><V40/><F5/><W48/><G78/><T128/><D125/><U95/><E95/><V17/><F29/><W23/><G23/><T15/><D132/><U76/><E76/><V28/><F28/><W88/><G102/><T96/><D96/><U11/><E11/><V91/><F91/><W54/><G88/><T105/><D105/><N who="3" m="39945" /><G66/><T27/><D81/><U93/><E93/><V86/><F86/><W92/><G92/><T74/><D27/><U130/><E67/><V20/><F99/><W85/><G85/><T89/><D89/><U35/><E69/><V119/><F103/><W87/><G87/><T80/><D80/><U59/><E37/><V72/><F72/><W31/><G31/><T30/><D30/><U101/><E35/><V61/><F21/><W70/><G70/><T34/><D34/><U16/><E118/><V46/><F119/><N who="0" m="45642" /><D15/><U19/><E101/><V4/><F127/><W22/><G22/><T55/><D75/><U33/><E33/><V97/><F126/><W133/><G133/><T122/><D74/><U18/><E124/><V94/><F97/><W1/><G1/><T71/><D73/><U0/><E0/><V129/><F94/><W77/><G77/><T90/><D122/><U41/><E41/><V10/><F40/><W39/><G39/><T12/><D90/><RYUUKYOKU ba="0,0" sc="294,-10,197,-10,292,-10,217,30" hai3="48,52,54,57,58,60,62,63,113,114" /><INIT seed="3,1,0,4,0,109" ten="284,187,282,247" oya="3" hai0="84,94,21,45,52,70,72,35,64,86,126,60,54" hai1="98,23,119,120,3,63,50,102,46,28,32,90,79" hai2="71,68,59,12,8,69,31,29,122,92,108,18,128" hai3="100,17,13,73,87,101,55,129,115,88,82,105,96"/><W37/><G37/><T131/><D35/><U116/><E120/><V11/><F122/><W65/><G101/><T123/><D72/><U9/><E32/><V53/><F108/><W134/><G129/><T103/><D123/><U77/><E90/><V81/><F128/><W14/><G14/><T58/><D131/><U39/><E63/><V25/><F81/><W22/><G134/><T33/><D33/><U62/><E62/><V56/><F11/><W130/><G130/><T61/><D126/><U10/><E39/><V24/><F92/><W66/><G115/><T113/><D113/><U0/><E28/><V30/><REACH who="2" step="1"/><F53/><REACH who="2" ten="284,187,272,247" step="2"/><W85/><G73/><T80/><D80/><U40/><E10/><V89/><F89/><W16/><G55/><T112/><D54/><U6/><E3/><V133/><F133/><W111/><G111/><T78/><D94/><N who="1" m="58711" /><E23/><V106/><F106/><W124/><G124/><T97/><D21/><U110/><E110/><V2/><F2/><W15/><G87/><T76/><D86/><U132/><E132/><V114/><F114/><W104/><G105/><T118/><D112/><U1/><E0/><V91/><F91/><W93/><G104/><T4/><D84/><U47/><E77/><V67/><F67/><W117/><G117/><N who="1" m="45130" /><E79/><V44/><F44/><N who="1" m="16937" /><E9/><AGARI ba="1,1" hai="9,13,15,16,17,22,65,66,82,85,88,93,96,100" machi="9" ten="30,11600,0" yaku="7,1,8,1,54,2" doraHai="109" who="3" fromWho="1" sc="284,0,187,-119,272,0,247,129" /><INIT seed="3,2,0,3,4,101" ten="284,68,272,376" oya="3" hai0="58,26,24,43,23,1,119,65,88,81,83,77,104" hai1="78,121,54,129,16,130,99,11,125,90,61,59,48" hai2="21,75,25,108,118,76,57,19,15,96,66,6,36" hai3="103,117,3,87,30,40,92,95,71,109,9,27,7"/><W120/><G117/><T20/><D1/><U126/><E78/><V113/><F118/><W62/><G120/><T55/><D119/><U70/><E90/><V116/><F116/><W74/><G74/><T132/><D132/><U31/><E31/><V112/><F108/><W37/><G109/><T106/><D65/><N who="1" m="41263" /><E99/><V127/><F36/><W34/><G87/><T91/><D55/><U97/><E97/><V133/><F133/><W60/><G60/><T72/><D58/><U5/><E5/><V67/><F76/><W80/><G80/><T89/><D43/><U13/><E121/><V22/><F75/><W69/><G95/><T39/><D39/><U17/><E17/><V8/><F96/><W128/><G128/><AGARI ba="2,0" hai="11,13,16,48,54,59,125,126,128,129,130" m="41263" machi="128" ten="30,2000,0" yaku="19,1,54,1" doraHai="101" who="1" fromWho="3" sc="284,0,68,26,272,0,376,-26" /><INIT seed="4,0,0,5,3,127" ten="284,94,272,350" oya="0" hai0="7,47,25,57,131,86,102,115,97,26,59,116,128" hai1="90,109,99,15,80,1,117,133,100,44,70,24,5" hai2="120,37,74,35,76,69,43,77,125,101,23,64,73" hai3="98,14,13,129,88,84,71,20,31,9,67,61,54"/><T8/><D116/><U12/><E117/><V93/><F120/><W0/><G0/><T33/><D86/><U42/><E109/><V2/><F2/><W122/><G122/><T66/><D47/><U82/><E70/><V6/><F35/><W4/><G54/><T46/><D46/><U58/><E133/><V79/><F125/><W18/><G98/><T113/><D66/><U72/><E24/><N who="0" m="9321" /><D33/><U21/><E21/><V60/><F6/><W75/><G75/><T106/><D59/><U65/><E82/><V34/><F34/><W19/><G31/><T49/><D49/><U135/><E135/><V29/><F37/><W39/><G39/><T78/><D57/><U27/><E27/><V132/><F43/><W52/><G52/><T112/><D78/><U36/><E90/><V92/><F132/><W38/><G38/><T3/><AGARI ba="0,0" hai="3,7,8,97,102,106,112,113,115,128,131" m="9321" machi="3" ten="40,7800,0" yaku="15,1,52,2" doraHai="127" who="0" fromWho="0" sc="284,78,94,-26,272,-26,350,-26" /><INIT seed="4,1,0,2,5,48" ten="362,68,246,324" oya="0" hai0="18,17,58,23,10,116,70,98,41,102,72,119,93" hai1="56,57,25,22,129,125,88,66,65,81,45,54,74" hai2="1,2,63,36,108,59,126,31,111,8,5,96,104" hai3="123,46,61,99,14,71,39,132,4,7,15,50,28"/><T20/><D70/><U85/><E125/><V134/><F36/><W89/><G39/><T105/><D72/><U9/><E129/><V118/><F126/><W34/><G34/><T86/><D41/><U92/><E45/><V64/><F134/><W82/><G28/><T11/><D58/><U47/><E47/><V113/><F113/><W68/><G132/><T101/><D86/><U79/><E9/><V95/><F104/><W62/><G89/><T121/><D93/><U114/><E56/><V53/><F2/><W13/><G13/><T75/><D105/><U60/><REACH who="1" step="1"/><E114/><REACH who="1" ten="362,58,246,324" step="2"/><V130/><F130/><W27/><G46/><T24/><D11/><U49/><E49/><V30/><F118/><W12/><G50/><T26/><D10/><U135/><E135/><V110/><REACH who="2" step="1"/><F64/><REACH who="2" ten="362,58,236,324" step="2"/><W0/><G0/><T73/><D121/><U90/><E90/><AGARI ba="1,2" hai="1,5,8,30,31,53,59,63,90,95,96,108,110,111" machi="90" ten="40,8000,1" yaku="1,1,2,1,52,1,53,1" doraHai="48" doraHaiUra="3" who="2" fromWho="1" sc="362,0,58,-83,236,103,324,0" owari="362,47.0,-25,-53.0,339,14.0,324,-8.0" /></mjloggm>