<mjloggm ver="2.3"><GO type="169" lobby="0"/><UN n0="%E6%BC%A3%E5%A4%8F" n1="%E3%82%B7%E3%83%A5%E3%83%9E%E3%82%A4%E3%82%B1%E3%83%AB" n2="%E2%96%BD%E4%B8%8E%E4%BD%9C%28%E3%81%8A%E3%81%AB%E3%81%8E%E3%82%8A" n3="%E3%83%88%E3%83%88%E3%83%AA%E5%85%88%E7%94%9F%31%39%E6%AD%B3" dan="17,18,17,19" rate="2164.80,2202.48,2232.17,2278.41" sx="M,M,M,F"/><TAIKYOKU oya="0"/><INIT seed="0,0,0,4,4,3" ten="250,250,250,250" oya="0" hai0="55,59,26,0,105,67,125,88,79,53,73,93,132" hai1="99,12,133,69,101,110,94,43,71,54,19,10,118" hai2="75,78,34,95,37,24,61,11,22,129,45,52,106" hai3="48,103,62,82,64,119,32,86,123,2,8,134,113"/><T29/><D105/><U65/><E118/><V47/><F106/><W128/><G113/><T44/><D132/><U97/><E110/><V40/><F129/><W77/><G119/><T13/><D0/><U115/><E133/><V74/><F34/><W126/><G32/><T36/><D125/><U14/><E115/><V96/><F78/><W124/><G134/><T57/><D79/><U46/><E54/><V5/><F95/><W39/><G39/><T63/><D73/><U98/><E14/><V27/><F96/><W83/><G128/><T66/><D36/><U68/><REACH who="1" step="1"/><E65/><REACH who="1" ten="250,240,250,250" step="2"/><V102/><F27/><W121/><G64/><T109/><D13/><U92/><E92/><V117/><F117/><W23/><G2/><T112/><D109/><U25/><E25/><V16/><F24/><W41/><G124/><T17/><D112/><U31/><E31/><V81/><F52/><W7/><G126/><T28/><D66/><U9/><E9/><V116/><F11/><W72/><G8/><T104/><D104/><U114/><E114/><V122/><F116/><W18/><G121/><T58/><D67/><U49/><AGARI ba="0,1" hai="10,12,19,43,46,49,68,69,71,94,97,98,99,101" machi="49" ten="30,2000,0" yaku="1,1,0,1,53,0" doraHai="3" doraHaiUra="85" who="1" fromWho="1" sc="250,-10,240,30,250,-5,250,-5" /><INIT seed="1,0,0,2,3,74" ten="240,270,245,245" oya="1" hai0="112,50,23,79,88,115,90,38,73,118,102,22,55" hai1="76,109,5,13,4,117,91,46,78,75,27,53,133" hai2="48,108,58,64,131,16,47,43,129,7,44,59,70" hai3="72,85,68,6,65,63,69,89,33,66,104,2,52"/><U132/><E117/><V39/><F7/><W82/><G33/><T67/><D38/><U9/><E75/><V105/><F105/><W3/><G104/><T51/><D102/><U29/><E4/><V128/><F108/><W62/><G72/><T96/><D67/><U45/><E91/><V125/><F16/><W84/><G6/><T83/><D118/><U126/><E126/><V60/><F125/><W21/><G21/><T20/><D51/><U127/><E127/><V130/><N who="2" m="32768" /><DORA hai="97" /><V35/><REACH who="2" step="1"/><F35/><REACH who="2" ten="240,270,235,245" step="2"/><W11/><G11/><T14/><D14/><U92/><E109/><V121/><F121/><W135/><G135/><T25/><D112/><U15/><E132/><V12/><F12/><W94/><REACH who="3" step="1"/><G52/><AGARI ba="0,1" hai="39,43,44,47,48,52,58,59,60,64,70" m="32768" machi="52" ten="70,12000,2" yaku="1,1,19,1,34,3,54,1,53,0" doraHai="74,97" doraHaiUra="111,17" who="2" fromWho="3" sc="240,0,270,0,235,130,245,-120" /><INIT seed="2,0,0,2,2,93" ten="240,270,365,125" oya="2" hai0="79,98,58,122,36,56,46,95,104,55,32,131,127" hai1="67,109,75,119,60,57,16,63,92,31,29,10,37" hai2="91,107,108,81,35,87,12,20,70,5,4,105,128" hai3="38,22,133,64,19,41,126,97,40,129,88,62,134"/><V90/><F35/><W27/><G129/><T130/><D104/><U100/><E37/><V76/><F128/><N who="0" m="49194" /><D122/><U124/><E75/><V114/><F70/><W116/><G116/><T113/><D32/><U3/><E119/><V30/><F114/><W45/><G126/><T42/><D113/><U103/><E124/><V78/><F105/><W18/><G18/><T115/><D115/><U132/><E109/><V52/><F107/><W14/><G27/><T66/><D79/><U72/><E72/><V6/><F108/><W83/><G41/><T21/><D127/><U2/><E132/><V47/><F78/><W118/><G118/><T135/><D135/><U112/><E112/><V121/><F121/><W59/><REACH who="3" step="1"/><G83/><REACH who="3" ten="240,270,365,115" step="2"/><T74/><D42/><U39/><E29/><V111/><F111/><W1/><G1/><T80/><D80/><U26/><E31/><V11/><F30/><W73/><G73/><T82/><D82/><U28/><E28/><V102/><F81/><W49/><G49/><T99/><D74/><U71/><E26/><V110/><F110/><W69/><G69/><T61/><D36/><U123/><E16/><V43/><F43/><W94/><AGARI ba="0,1" hai="14,19,22,38,40,45,59,62,64,88,94,97,133,134" machi="94" ten="30,8000,1" yaku="1,1,0,1,52,1,54,1,53,1" doraHai="93" doraHaiUra="17" who="3" fromWho="3" sc="240,-20,270,-20,365,-40,115,90" /><INIT seed="3,0,0,4,3,43" ten="220,250,325,205" oya="3" hai0="27,94,42,59,118,67,126,46,56,86,41,23,73" hai1="75,74,37,16,114,111,30,47,108,115,129,117,112" hai2="89,50,107,87,120,90,80,64,131,97,25,11,34" hai3="49,31,19,54,105,119,1,15,121,33,84,91,88"/><W21/><G119/><T10/><D73/><N who="1" m="27659" /><E30/><V18/><F131/><W60/><G121/><T44/><D118/><U77/><E77/><V72/><F72/><W0/><G105/><T81/><D126/><U9/><E117/><V58/><F34/><W132/><G132/><T14/><D94/><U20/><E9/><V13/><F25/><W32/><G60/><N who="0" m="38279" /><D59/><U55/><E129/><V104/><F120/><W63/><G63/><T100/><D100/><U66/><E66/><V95/><F64/><W52/><G54/><T28/><D41/><N who="1" m="22959" /><E55/><V113/><F113/><W4/><G91/><N who="0" m="51663" /><D42/><U109/><E114/><V35/><F35/><W127/><G127/><T7/><AGARI ba="0,0" hai="7,10,14,23,27,28,44,46" m="51663,38279" machi="7" ten="30,4000,0" yaku="8,1,52,2" doraHai="43" who="0" fromWho="0" sc="220,40,250,-10,325,-10,205,-20" /><INIT seed="4,0,0,4,5,126" ten="260,240,315,185" oya="0" hai0="124,42,85,104,54,27,135,7,74,98,4,21,59" hai1="20,113,49,36,120,45,65,96,33,72,69,122,64" hai2="89,87,90,111,70,16,13,50,39,116,132,10,91" hai3="38,46,56,41,127,130,125,97,62,110,84,28,43"/><T63/><D74/><U51/><E33/><V75/><F111/><W18/><G110/><T108/><D108/><U3/><E72/><V1/><F39/><W32/><G43/><T71/><D124/><N who="3" m="47689" /><G18/><T19/><D135/><U78/><E3/><V52/><F75/><W57/><G97/><T121/><D121/><U115/><E78/><V44/><F132/><W48/><G84/><T24/><D42/><N who="1" m="22727" /><E20/><V100/><F116/><W2/><G2/><T94/><D104/><U103/><E96/><V35/><F70/><W92/><G92/><T58/><D71/><U76/><E76/><V105/><F35/><W26/><G38/><T118/><D85/><U68/><E103/><V0/><F0/><W29/><G56/><T60/><D27/><U34/><E34/><V23/><F1/><W106/><G29/><T123/><D123/><N who="1" m="47147" /><E68/><V14/><F100/><W80/><G80/><T95/><D118/><U6/><E6/><N who="0" m="2089" /><D98/><U81/><E81/><N who="2" m="49391" /><F105/><W30/><G106/><T37/><D37/><U61/><E65/><AGARI ba="0,0" hai="19,21,24,54,58,59,60,63,65,94,95" m="2089" machi="65" ten="30,1500,0" yaku="8,1" doraHai="126" who="0" fromWho="1" sc="260,15,240,-15,315,0,185,0" /><INIT seed="4,1,0,4,1,57" ten="275,225,315,185" oya="0" hai0="84,71,93,69,61,78,14,31,59,75,134,65,17" hai1="96,130,79,73,10,126,51,127,4,22,8,109,46" hai2="114,18,1,132,91,128,86,23,39,16,129,80,102" hai3="135,133,5,42,0,85,81,72,64,108,29,28,104"/><T13/><D134/><N who="3" m="51209" /><G108/><T92/><D31/><U20/><E109/><V120/><F132/><W77/><G104/><T56/><D71/><U67/><E130/><N who="2" m="50283" /><F114/><W89/><G42/><T83/><D13/><U62/><E79/><V41/><F120/><W90/><G90/><T26/><D26/><U107/><E73/><V9/><F102/><W105/><G105/><T98/><D75/><U43/><E96/><V88/><F91/><W124/><G124/><N who="1" m="47658" /><E107/><V36/><F41/><W47/><G47/><T95/><REACH who="0" step="1"/><D98/><REACH who="0" ten="265,225,315,185" step="2"/><U82/><E8/><AGARI ba="1,1" hai="8,14,17,56,59,61,65,69,78,83,84,92,93,95" machi="8" ten="40,12000,1" yaku="1,1,2,1,52,1,53,1" doraHai="57" doraHaiUra="63" who="0" fromWho="1" sc="265,133,225,-123,315,0,185,0" /><INIT seed="4,2,0,0,5,33" ten="398,102,315,185" oya="0" hai0="64,75,130,108,1,12,19,127,5,9,125,74,14" hai1="22,109,107,32,123,45,76,110,115,135,133,95,80" hai2="65,18,101,67,90,106,16,112,85,47,60,81,10" hai3="100,96,35,105,8,132,84,62,28,56,0,37,48"/><T38/><D38/><U92/><E32/><V43/><F112/><W34/><G37/><T53/><D130/><U4/><E22/><V102/><F106/><W57/><G132/><N who="1" m="50762" /><E4/><V40/><F47/><W77/><G28/><T118/><D118/><U31/><E31/><V55/><F55/><W36/><G36/><T87/><D64/><N who="2" m="24650" /><F60/><W26/><G26/><T111/><D87/><N who="1" m="48519" /><E45/><V70/><F70/><W50/><G62/><T86/><D86/><U88/><E123/><V117/><F117/><W2/><G84/><T24/><D53/><U83/><E115/><V94/><F81/><W27/><G77/><T120/><D24/><U11/><E11/><V63/><F63/><W119/><G119/><T129/><D129/><U69/><E69/><V124/><F124/><N who="0" m="47690" /><D120/><U79/><E107/><V89/><F40/><W121/><G121/><T126/><D126/><U103/><E103/><V52/><F52/><W39/><G39/><T66/><D66/><U59/><E59/><V23/><F43/><W29/><G35/><T20/><D14/><U15/><E15/><N who="2" m="7287" /><F89/><W73/><G8/><T116/><D116/><U98/><E95/><V17/><F17/><W46/><G56/><T131/><D131/><U134/><N who="1" m="50770" /><U68/><DORA hai="49" /><E68/><V78/><F78/><W42/><G57/><T13/><D12/><AGARI ba="2,0" hai="12,18,23,85,90,94,101,102" m="7287,24650" machi="12" ten="30,2000,0" yaku="8,1,54,1" doraHai="33,49" who="2" fromWho="0" sc="398,-26,102,0,315,26,185,0" /><INIT seed="5,0,0,1,4,85" ten="372,102,341,185" oya="1" hai0="39,95,54,109,30,115,133,135,29,123,58,92,47" hai1="36,77,128,84,75,83,17,33,105,37,15,23,27" hai2="111,41,132,70,16,67,49,34,106,50,127,51,7" hai3="100,76,117,96,53,103,91,48,66,126,71,59,98"/><U46/><E105/><V64/><F34/><W56/><G71/><T8/><D109/><U107/><E107/><V120/><F111/><W81/><G126/><T31/><D115/><U93/><E128/><V9/><F127/><W130/><G130/><T86/><D123/><U61/><E61/><V116/><F116/><W101/><G117/><T11/><D47/><U79/><E46/><V42/><F132/><N who="0" m="50762" /><D39/><U12/><E79/><V10/><F106/><W22/><G22/><T60/><D86/><U112/><E112/><V18/><F120/><W44/><G66/><N who="2" m="25129" /><F70/><W124/><G124/><T68/><D68/><U35/><E35/><V63/><F63/><W65/><G65/><T45/><D45/><U74/><E74/><V80/><F80/><W57/><REACH who="3" step="1"/><G91/><REACH who="3" ten="372,102,341,175" step="2"/><T121/><D121/><U122/><E122/><V114/><F114/><W88/><G88/><T20/><D20/><U32/><E32/><V40/><F7/><W43/><G43/><T21/><D21/><U26/><E33/><V87/><F87/><AGARI ba="0,1" hai="44,48,53,56,57,59,76,81,87,96,98,100,101,103" machi="87" ten="40,8000,1" yaku="1,1,8,1,53,3" doraHai="85" doraHaiUra="97" who="3" fromWho="2" sc="372,0,102,0,341,-80,175,90" /><INIT seed="6,0,0,1,0,5" ten="372,102,261,265" oya="2" hai0="36,125,101,93,133,67,65,43,100,57,75,111,34" hai1="0,50,94,117,104,1,131,24,37,14,42,48,38" hai2="105,124,51,63,62,30,25,76,8,84,47,60,4" hai3="26,55,64,41,134,126,91,130,49,95,107,53,39"/><V40/><F105/><W87/><G107/><T90/><D75/><U123/><E104/><V97/><F124/><W78/><G126/><T12/><D34/><U73/><E117/><V92/><F84/><W129/><G134/><T119/><D119/><U29/><E73/><V89/><F76/><W16/><G64/><T23/><D111/><U110/><E123/><V17/><F17/><W74/><G39/><T10/><D43/><U109/><E131/><N who="3" m="50186" /><G41/><T3/><D3/><U77/><E77/><V69/><F69/><W21/><G49/><T28/><D36/><U52/><E94/><V44/><F44/><W19/><G19/><T115/><D115/><U56/><E14/><V98/><F98/><W7/><G7/><T72/><D67/><U54/><E42/><V128/><F128/><W108/><G108/><T132/><D65/><U86/><E86/><V122/><F122/><W32/><G32/><T45/><D125/><U83/><E83/><AGARI ba="0,0" hai="16,21,26,53,55,74,78,83,87,91,95" m="50186" machi="83" ten="30,2000,0" yaku="19,1,54,1" doraHai="5" who="3" fromWho="1" sc="372,0,102,-20,261,0,265,20" /><INIT seed="7,0,0,1,2,101" ten="372,82,261,285" oya="3" hai0="30,21,22,130,16,99,134,111,84,88,44,124,118" hai1="85,27,2,104,13,76,0,60,43,95,10,70,62" hai2="58,29,90,33,24,35,55,86,92,47,108,98,67" hai3="75,133,103,25,14,26,100,77,106,11,46,129,68"/><W59/><G68/><T40/><D111/><U114/><E114/><V127/><F108/><W64/><G129/><T39/><D118/><U128/><E128/><V83/><F127/><W12/><G133/><T115/><D115/><U8/><E43/><V28/><F67/><W80/><G14/><T123/><D123/><U34/><E27/><V45/><F29/><W132/><G132/><T131/><D134/><U50/><E34/><V7/><F7/><W69/><G69/><T57/><D124/><U37/><E37/><V61/><REACH who="2" step="1"/><F35/><REACH who="2" ten="372,82,251,285" step="2"/><W56/><G64/><T49/><D30/><U93/><E70/><V31/><F31/><W23/><G106/><T81/><D131/><U91/><E0/><V105/><F105/><W9/><G46/><T20/><D44/><U15/><E2/><V112/><F112/><W78/><G75/><T63/><D130/><U122/><E104/><V73/><F73/><W120/><G120/><T18/><D57/><U96/><E122/><V109/><F109/><W36/><G36/><T6/><D39/><U89/><E76/><AGARI ba="0,1" hai="24,28,33,45,47,55,58,61,76,83,86,90,92,98" machi="76" ten="30,2000,0" yaku="1,1,7,1,53,0" doraHai="101" doraHaiUra="19" who="2" fromWho="1" sc="372,0,82,-20,251,30,285,0" owari="372,47.0,62,-44.0,281,-12.0,285,9.0" /></mjloggm>