<mjloggm ver="2.3"><GO type="169" lobby="0"/><UN n0="%E3%83%88%E3%83%88%E3%83%AA%E5%85%88%E7%94%9F%31%39%E6%AD%B3" n1="%EF%BC%A2%6C%75%65%47%6F%61%74" n2="%E4%B9%9D%E4%B8%88%E3%83%A4%E3%82%B9" n3="%E6%8E%A8%E7%A9%BA%EF%BC%B0" dan="19,16,16,16" rate="2258.90,2079.56,2151.20,2095.15" sx="F,M,M,F"/><TAIKYOKU oya="0"/><INIT seed="0,0,0,1,3,22" ten="250,250,250,250" oya="0" hai0="55,128,133,8,31,103,56,79,47,109,94,134,84" hai1="25,12,44,129,60,51,70,111,71,101,23,118,76" hai2="95,43,110,90,75,92,57,114,36,30,93,91,117" hai3="120,26,72,38,68,33,131,125,100,35,3,34,62"/><T15/><D128/><U40/><E118/><V28/><F114/><W77/><G120/><T87/><D47/><U18/><E129/><V119/><F75/><W81/><G131/><T88/><D109/><U53/><E111/><V121/><F121/><W63/><G125/><T97/><D79/><U96/><E76/><V14/><F14/><W2/><G38/><T104/><D84/><U17/><E60/><V13/><F57/><W126/><G126/><T127/><D127/><U66/><E66/><V10/><F43/><W45/><G45/><T82/><D104/><U132/><E132/><V1/><F1/><W80/><G80/><T4/><REACH who="0" step="1"/><D31/><REACH who="0" ten="240,250,250,250" step="2"/><U116/><E116/><N who="2" m="44619" /><F110/><W42/><G77/><T9/><D9/><U65/><E40/><V108/><F108/><W61/><G72/><T113/><D113/><U29/><E29/><V58/><F30/><W73/><G42/><T86/><D86/><U32/><E44/><V37/><F28/><W107/><G73/><T67/><D67/><U48/><E65/><V105/><F105/><W83/><G107/><T135/><D135/><U0/><E23/><V49/><F36/><W5/><G68/><T112/><D112/><U102/><E71/><V16/><F37/><W106/><G106/><T20/><D20/><U99/><E70/><V98/><F98/><W6/><G34/><T39/><D39/><U115/><E99/><V41/><F58/><W52/><G35/><T54/><D54/><U69/><E96/><V46/><AGARI ba="0,1" hai="10,13,16,41,46,49,90,91,92,93,95" m="44619" machi="46" ten="40,2700,0" yaku="12,1,54,1" doraHai="22" who="2" fromWho="2" sc="240,-13,250,-7,250,37,250,-7" /><INIT seed="1,0,0,4,2,128" ten="227,243,287,243" oya="1" hai0="44,60,37,25,106,109,75,87,22,70,110,33,35" hai1="107,42,20,64,92,79,19,105,111,21,49,116,76" hai2="66,73,27,89,53,118,24,113,61,5,30,103,83" hai3="135,132,121,131,23,90,55,114,18,39,91,0,85"/><U133/><E116/><V41/><F118/><W125/><G121/><T58/><D75/><U13/><E111/><N who="0" m="42505" /><D70/><U6/><E6/><V48/><F113/><W127/><G114/><T1/><D1/><U45/><E64/><V32/><F41/><W134/><G39/><T82/><D106/><U9/><E105/><V102/><F5/><W3/><G55/><N who="0" m="33887" /><D44/><U112/><E107/><V11/><F11/><W98/><G98/><T65/><D37/><U120/><E120/><V117/><F117/><W124/><G90/><N who="0" m="51575" /><D65/><U77/><E112/><V46/><F66/><W68/><G68/><T43/><D43/><U62/><E62/><V16/><F61/><W8/><G91/><T59/><D59/><U126/><E126/><V4/><F89/><W63/><G85/><T47/><D47/><U108/><E108/><V57/><F57/><W74/><G74/><T95/><D95/><U14/><E92/><V7/><F73/><W93/><G93/><T78/><D78/><U99/><E99/><V115/><F115/><W86/><G86/><T72/><D72/><U88/><E88/><V97/><F83/><W94/><G94/><T71/><D71/><U56/><E56/><V80/><F80/><W38/><G38/><T122/><D122/><U104/><E104/><V84/><F84/><W15/><G63/><T123/><D123/><U130/><E130/><V50/><F97/><W34/><G131/><T54/><D54/><U17/><E9/><V26/><F46/><W51/><G51/><T129/><D129/><U36/><E36/><V81/><F50/><W12/><G125/><RYUUKYOKU ba="0,0" sc="227,15,243,15,287,-15,243,-15" hai0="22,25,33,35" hai1="13,14,17,19,20,21,42,45,49,76,77,79,133" /><INIT seed="1,1,0,1,0,60" ten="242,258,272,228" oya="1" hai0="49,77,85,111,63,109,36,90,52,0,73,56,57" hai1="102,6,33,23,16,101,65,21,42,32,41,54,30" hai2="40,31,79,104,45,132,55,18,17,127,134,95,11" hai3="37,83,98,50,108,8,24,112,19,53,29,130,135"/><U58/><E6/><V61/><F104/><W68/><G37/><T121/><D36/><U82/><E30/><V25/><F127/><W46/><G112/><T12/><D0/><U67/><E82/><V28/><F79/><W84/><G68/><T44/><D121/><U20/><E33/><V2/><F95/><W103/><G130/><T125/><D125/><U128/><E32/><V110/><F110/><W35/><G108/><N who="0" m="41547" /><D77/><U7/><E7/><V86/><F2/><W89/><G135/><T88/><D73/><U27/><E128/><V1/><F1/><W129/><G129/><T94/><D12/><N who="1" m="9223" /><E42/><V126/><F126/><W131/><G131/><T70/><D90/><U69/><E69/><V97/><F40/><W5/><G5/><T14/><D14/><U116/><E116/><V15/><F15/><N who="3" m="7655" /><G103/><N who="1" m="39434" /><E41/><V75/><F31/><W118/><G118/><T96/><D85/><U113/><E113/><V93/><F86/><W91/><G98/><T34/><D34/><U59/><E59/><V106/><F97/><W119/><G119/><T51/><D70/><U99/><E99/><V62/><F75/><W105/><G105/><T64/><D56/><U120/><E120/><V81/><F106/><W76/><G91/><T80/><D80/><U92/><E92/><V107/><F93/><W43/><G43/><T9/><D9/><U114/><E114/><V133/><F133/><W22/><G76/><T48/><AGARI ba="1,0" hai="44,48,49,51,52,57,63,64,88,94,96" m="41547" machi="48" ten="30,7900,0" yaku="14,1,52,1,54,2" doraHai="60" who="0" fromWho="0" sc="242,82,258,-40,272,-21,228,-21" /><INIT seed="2,0,0,5,3,112" ten="324,218,251,207" oya="2" hai0="107,62,131,99,67,43,72,70,40,115,59,73,18" hai1="6,109,79,10,63,14,95,29,128,117,60,88,120" hai2="116,113,56,97,125,47,53,75,106,23,58,12,17" hai3="121,104,22,111,38,74,50,1,0,86,118,41,39"/><V135/><F113/><W100/><G22/><T44/><D115/><U33/><E109/><V34/><F75/><W65/><G86/><T132/><D131/><U114/><E128/><V93/><F34/><W49/><G65/><T102/><D132/><U129/><E114/><V64/><F135/><W126/><G41/><T108/><D108/><U127/><E129/><V15/><F106/><W130/><G111/><T122/><D122/><U103/><E127/><V94/><F125/><W42/><G130/><T82/><D43/><U32/><E120/><V124/><F116/><W8/><G42/><T5/><D18/><U110/><E110/><V119/><F119/><W90/><G121/><T66/><D66/><U45/><E117/><V123/><F123/><W26/><G26/><T9/><D59/><U98/><E79/><V51/><F94/><W28/><G118/><T69/><D82/><U83/><E45/><V19/><F64/><W3/><G126/><T30/><D30/><U57/><E29/><V48/><F48/><W36/><G28/><T2/><REACH who="0" step="1"/><D69/><REACH who="0" ten="314,218,251,207" step="2"/><U68/><E68/><V101/><REACH who="2" step="1"/><F124/><REACH who="2" ten="314,218,241,207" step="2"/><W71/><G71/><T133/><D133/><U61/><E33/><V31/><F31/><W87/><G38/><AGARI ba="0,2" hai="2,5,9,38,40,44,62,67,70,72,73,99,102,107" machi="38" ten="30,8000,1" yaku="1,1,7,1,33,3,53,0" doraHai="112" doraHaiUra="24" who="0" fromWho="3" sc="314,100,218,0,241,0,207,-80" /><INIT seed="3,0,0,0,0,95" ten="414,218,241,127" oya="3" hai0="1,63,9,10,16,29,34,56,97,127,105,59,2" hai1="121,115,114,20,91,57,38,33,118,47,43,119,51" hai2="40,17,100,126,117,11,84,83,78,88,104,48,31" hai3="110,25,72,55,8,4,98,18,133,124,27,15,14"/><W21/><G72/><T101/><D127/><U45/><E33/><V12/><F117/><N who="1" m="44553" /><E121/><V22/><F126/><W13/><G124/><T129/><D129/><U64/><E91/><V26/><F104/><W86/><G133/><T37/><D37/><U65/><E20/><V128/><F128/><W42/><G42/><T125/><D125/><U39/><E57/><V116/><F116/><W36/><G36/><N who="1" m="13866" /><E47/><N who="2" m="25703" /><F100/><W52/><G110/><T92/><D59/><U75/><E75/><V7/><F78/><W111/><G111/><T132/><D132/><U28/><E28/><AGARI ba="0,0" hai="7,11,12,17,22,26,28,31,83,84,88" m="25703" machi="28" ten="30,2000,0" yaku="8,1,54,1" doraHai="95" who="2" fromWho="1" sc="414,0,218,-20,241,20,127,0" /><INIT seed="4,0,0,2,2,100" ten="414,198,261,127" oya="0" hai0="82,41,119,60,30,53,112,61,98,14,46,40,133" hai1="36,52,64,73,85,102,87,121,95,131,111,99,78" hai2="16,107,104,44,79,67,88,45,72,108,51,59,127" hai3="42,5,54,15,19,25,24,38,6,113,128,109,57"/><T29/><D119/><U84/><E121/><V7/><F108/><W93/><G113/><T17/><D112/><U71/><E111/><V10/><F72/><W34/><G109/><T75/><D133/><U89/><E36/><V103/><F79/><W120/><G120/><T80/><D75/><U117/><E117/><V27/><F103/><W94/><G128/><T33/><D98/><U65/><E131/><V43/><F45/><W66/><G66/><T9/><D33/><U105/><E52/><V124/><F88/><W91/><G38/><T63/><D53/><U68/><E65/><V55/><F67/><W115/><G42/><T13/><D41/><U92/><E64/><V132/><F132/><W37/><G37/><T35/><D35/><U4/><E4/><V122/><F122/><W3/><G3/><T97/><D97/><N who="1" m="61647" /><E71/><V123/><F123/><W8/><G115/><T28/><D14/><U22/><E22/><V114/><F114/><W1/><G94/><T96/><D40/><U135/><E68/><V74/><F74/><W76/><G76/><T134/><D46/><U23/><E23/><N who="2" m="13799" /><F10/><W49/><G34/><T77/><D134/><U90/><E135/><V118/><F7/><N who="3" m="2571" /><G1/><T0/><D0/><U39/><E39/><N who="2" m="21631" /><F118/><W116/><G116/><T20/><D9/><U126/><E126/><AGARI ba="0,0" hai="51,55,59,104,107,124,126,127" m="21631,13799" machi="126" ten="30,7700,0" yaku="18,1,52,2,54,1" doraHai="100" who="2" fromWho="1" sc="414,0,198,-77,261,77,127,0" /><INIT seed="5,0,0,3,0,74" ten="414,121,338,127" oya="1" hai0="63,129,79,65,42,96,58,6,15,120,83,90,85" hai1="106,69,28,107,92,131,36,126,91,101,105,50,109" hai2="117,0,9,94,87,17,76,68,12,52,93,26,39" hai3="124,29,135,88,51,8,112,44,20,61,133,80,102"/><U132/><E36/><V98/><F117/><W64/><G102/><T7/><D129/><U2/><E2/><V81/><F68/><W114/><G8/><T130/><D130/><U116/><E116/><V16/><F0/><W47/><G29/><T115/><D115/><N who="3" m="44073" /><G20/><T43/><D120/><U77/><E69/><V66/><F39/><W119/><G119/><T13/><D96/><U31/><E131/><V89/><F66/><W30/><G30/><T33/><D33/><U23/><E101/><V71/><F71/><N who="3" m="42383" /><G124/><T128/><D128/><U86/><E126/><V24/><F94/><W72/><G47/><T41/><D90/><U14/><E132/><N who="3" m="50762" /><G44/><T10/><D13/><U55/><E109/><V134/><F134/><W82/><G51/><T75/><D6/><U45/><REACH who="1" step="1"/><E77/><BYE who="3" /><REACH who="1" ten="414,111,338,127" step="2"/><UN n3="%E6%8E%A8%E7%A9%BA%EF%BC%B0" /><V48/><REACH who="2" step="1"/><F17/><AGARI ba="0,1" hai="14,17,23,28,31,45,50,55,86,91,92,105,106,107" machi="17" ten="40,3900,0" yaku="1,1,2,1,53,0" doraHai="74" doraHaiUra="127" who="1" fromWho="2" sc="414,0,111,49,338,-39,127,0" /><INIT seed="5,1,0,3,1,14" ten="414,160,299,127" oya="1" hai0="15,56,100,63,57,45,40,105,71,93,133,73,125" hai1="21,44,110,5,59,37,10,124,91,115,38,41,35" hai2="85,6,13,107,16,3,114,47,117,8,87,98,95" hai3="132,58,101,103,60,26,135,55,112,86,43,129,131"/><U61/><E115/><V49/><F117/><W83/><G43/><T122/><D73/><U77/><E124/><V80/><F107/><W1/><G1/><T20/><D105/><U64/><E110/><V120/><F120/><W88/><G112/><T90/><D100/><U81/><E35/><V36/><F36/><W19/><G103/><T12/><D125/><U54/><E21/><V79/><F114/><W0/><G101/><T119/><D119/><U104/><E104/><V116/><F116/><W24/><G0/><T33/><D33/><U121/><E121/><V68/><F68/><W118/><G118/><T78/><D78/><U9/><E91/><N who="2" m="55679" /><F3/><W102/><G102/><T96/><D122/><U51/><E5/><V48/><F87/><W75/><G75/><T94/><D133/><N who="3" m="51273" /><G26/><T25/><D71/><U74/><REACH who="1" step="1"/><E37/><REACH who="1" ten="414,150,299,127" step="2"/><V34/><F34/><W65/><G65/><T72/><D90/><U123/><E123/><V76/><F6/><W66/><G66/><T106/><D106/><U113/><E113/><V28/><F79/><W109/><G109/><T67/><D67/><U17/><E17/><V92/><F16/><W11/><G11/><T127/><D127/><U32/><E32/><V126/><F8/><W53/><G53/><T22/><D22/><AGARI ba="1,1" hai="19,22,24,55,58,60,83,86,88,129,131" m="51273" machi="22" ten="30,3900,0" yaku="20,1,52,1,54,1" doraHai="14" who="3" fromWho="0" sc="414,-42,150,0,299,0,127,52" /><INIT seed="6,0,0,5,0,31" ten="372,150,299,179" oya="2" hai0="70,98,5,39,68,43,123,77,125,63,82,69,88" hai1="11,65,85,131,84,53,8,47,15,73,20,119,102" hai2="103,72,62,122,50,37,59,126,92,113,101,29,86" hai3="74,27,21,91,121,66,129,75,106,87,81,58,94"/><V18/><F122/><W118/><G121/><T133/><D123/><U80/><E119/><V26/><F72/><W64/><G118/><T124/><D133/><U19/><E131/><V17/><F37/><W130/><G106/><T109/><D109/><U99/><E73/><V116/><F116/><W7/><G74/><N who="0" m="43319" /><D5/><U12/><E65/><V97/><F113/><W6/><G75/><T34/><D34/><U67/><E67/><N who="3" m="25642" /><G58/><T2/><D63/><U78/><E85/><V105/><F126/><N who="0" m="48746" /><D2/><U56/><E47/><V120/><F120/><W44/><G44/><N who="0" m="23679" /><D70/><U60/><REACH who="1" step="1"/><E15/><REACH who="1" ten="372,140,299,179" step="2"/><V95/><F86/><N who="3" m="52599" /><G130/><T127/><D127/><U117/><E117/><V25/><F105/><AGARI ba="0,1" hai="8,11,12,19,20,53,56,60,78,80,84,99,102,105" machi="105" ten="30,2000,0" yaku="1,1,7,1,53,0" doraHai="31" doraHaiUra="35" who="1" fromWho="2" sc="372,0,140,30,299,-20,179,0" /><INIT seed="7,0,0,2,2,10" ten="372,170,279,179" oya="3" hai0="91,41,0,135,93,65,110,90,25,50,60,40,64" hai1="123,134,68,97,23,95,49,58,88,127,14,5,71" hai2="82,114,121,100,132,116,78,55,28,26,133,67,3" hai3="17,89,31,101,75,111,107,51,118,30,9,2,79"/><W33/><G118/><T105/><D0/><U4/><E123/><V129/><F116/><W59/><G111/><T57/><D105/><U54/><E127/><V24/><F3/><W35/><G2/><T42/><D110/><U47/><E134/><V87/><F114/><W126/><G126/><T61/><D135/><U52/><E71/><V120/><F129/><W73/><G107/><T106/><D106/><U86/><E68/><V104/><F26/><W43/><G101/><T94/><D25/><U63/><E97/><V32/><F55/><W96/><G79/><T29/><D29/><N who="3" m="10761" /><G73/><T131/><D131/><U21/><E21/><V115/><F115/><W62/><G75/><T122/><D122/><U92/><E92/><N who="0" m="35433" /><D50/><U6/><E23/><V77/><F104/><W69/><G69/><T99/><D99/><U19/><E19/><V37/><F100/><W16/><G35/><T74/><D74/><U81/><E95/><V128/><F32/><W36/><G33/><T22/><D22/><U53/><E53/><V39/><F133/><W44/><G36/><T102/><D102/><U27/><E27/><V84/><F39/><W12/><G96/><T113/><D113/><U80/><E80/><V46/><F37/><W15/><G89/><T117/><D117/><U130/><E130/><V34/><F128/><W11/><G62/><T18/><D90/><U125/><E125/><V20/><F132/><W7/><G17/><T85/><D18/><U112/><E112/><V48/><F121/><W13/><G59/><N who="0" m="36927" /><D91/><U72/><E72/><N who="2" m="43303" /><F120/><W38/><G38/><T56/><D56/><RYUUKYOKU ba="0,0" sc="372,10,170,10,279,-30,179,10" hai0="40,41,42,57,60,65,85" hai1="4,5,6,14,47,49,52,54,58,63,81,86,88" hai3="7,9,11,12,13,15,16,43,44,51" /><INIT seed="7,1,0,4,5,86" ten="382,180,249,189" oya="3" hai0="69,85,108,64,77,7,93,55,120,112,102,34,126" hai1="114,123,20,121,129,57,105,0,12,90,8,127,32" hai2="49,51,97,38,52,40,60,3,106,78,23,107,1" hai3="15,98,16,125,31,73,2,132,44,84,29,87,43"/><W25/><G2/><T131/><D108/><U22/><E105/><V124/><F78/><W39/><G73/><T46/><D120/><U37/><E37/><V42/><F38/><W21/><G132/><T30/><D7/><U103/><E123/><V18/><F60/><W111/><G111/><T117/><D64/><U5/><E121/><V19/><F97/><W66/><G125/><T133/><D30/><U119/><E32/><V67/><F67/><W79/><G66/><T27/><D34/><U26/><E114/><V58/><F124/><W96/><G29/><T9/><D112/><U94/><E127/><V72/><F58/><W134/><G134/><T50/><D131/><U14/><E129/><V81/><F81/><W101/><G98/><T135/><D117/><U6/><E119/><V61/><F61/><W10/><REACH who="3" step="1"/><G79/><REACH who="3" ten="382,180,249,179" step="2"/><T68/><D126/><U28/><E0/><V47/><F72/><W82/><G82/><T99/><D77/><U80/><E80/><V88/><F1/><W91/><G91/><T70/><D99/><N who="1" m="59895" /><E90/><V24/><F3/><W110/><G110/><T115/><D133/><U104/><E104/><AGARI ba="1,1" hai="10,15,16,21,25,31,39,43,44,84,87,96,101,104" machi="104" ten="30,5800,0" yaku="1,1,7,1,54,1,53,0" doraHai="86" doraHaiUra="118" who="3" fromWho="1" sc="382,0,180,-61,249,0,179,71" /><INIT seed="7,2,0,5,3,114" ten="382,119,249,250" oya="3" hai0="100,1,18,24,49,47,87,78,11,73,61,120,36" hai1="25,129,45,82,72,130,69,70,14,93,34,50,75" hai2="85,32,60,128,89,31,19,52,131,40,44,92,5" hai3="0,59,6,115,103,133,81,106,117,22,79,126,109"/><W57/><G117/><T99/><D120/><U26/><E93/><V67/><F52/><W17/><G115/><T33/><D73/><U88/><E14/><V132/><F5/><W30/><G109/><T116/><D36/><U95/><E82/><V135/><F19/><W56/><G133/><N who="2" m="51273" /><F31/><W29/><G126/><T20/><D116/><U35/><E95/><V98/><F85/><N who="3" m="48319" /><G106/><T46/><D33/><U54/><E54/><V55/><F55/><W43/><G0/><T13/><D1/><U65/><E65/><V101/><F89/><W38/><G38/><T58/><D49/><U64/><E64/><V96/><F96/><W134/><G134/><T37/><D37/><U104/><E104/><V124/><F32/><W118/><G118/><T66/><D87/><U123/><E123/><V42/><F124/><W7/><G43/><N who="2" m="16425" /><F44/><W63/><G103/><T16/><D78/><U121/><E121/><V112/><F112/><W23/><G63/><T48/><D48/><U21/><E50/><V97/><F97/><W125/><G125/><T127/><D127/><U102/><E102/><V107/><F107/><AGARI ba="2,0" hai="11,13,16,18,20,24,46,47,58,61,66,99,100,107" machi="107" ten="30,2000,0" yaku="7,1,54,1" doraHai="114" who="0" fromWho="2" sc="382,26,119,0,249,-26,250,0" owari="408,51.0,119,-38.0,223,-18.0,250,5.0" /></mjloggm>