<mjloggm ver="2.3"><GO type="169" lobby="0"/><UN n0="%E3%83%88%E3%83%88%E3%83%AA%E5%85%88%E7%94%9F%31%39%E6%AD%B3" n1="%E3%82%88%E3%81%A4%E3%81%B0%E3%81%A8%EF%BC%81" n2="%E5%A4%A7%E6%98%9F%E6%B7%A1%E3%81%82%E3%82%8F%E3%81%82%E3%82%8F" n3="%E3%82%88%E3%81%98%E3%81%92%E3%82%93" dan="19,17,16,16" rate="2276.62,2113.84,2151.08,2104.66" sx="F,F,M,M"/><TAIKYOKU oya="0"/><INIT seed="0,0,0,0,1,132" ten="250,250,250,250" oya="0" hai0="113,63,71,103,41,64,55,70,85,39,27,105,0" hai1="122,19,44,57,46,9,125,90,33,76,45,18,104" hai2="86,3,72,48,121,92,52,4,84,95,61,16,102" hai3="15,43,20,17,124,127,77,49,2,135,101,24,79"/><T106/><D113/><U91/><E122/><V37/><F37/><W130/><G2/><T66/><D0/><U8/><E104/><V7/><F72/><W58/><G130/><T73/><D73/><U28/><E76/><V42/><F121/><W116/><G116/><T100/><D85/><N who="2" m="32874" /><F3/><W31/><G135/><T22/><D55/><U67/><E28/><V6/><F102/><N who="0" m="38954" /><D63/><N who="1" m="38383" /><E33/><V99/><F42/><W56/><G101/><T119/><D41/><U62/><E62/><V74/><F74/><W38/><G38/><T35/><D39/><U25/><E25/><V80/><F61/><W87/><G43/><T109/><D35/><U23/><E23/><V131/><F80/><W47/><G47/><T26/><D22/><U36/><E36/><V83/><F83/><W59/><G49/><T60/><D60/><U112/><E112/><V133/><F131/><W78/><REACH who="3" step="1"/><G87/><REACH who="3" ten="250,250,250,240" step="2"/><T111/><D119/><U34/><E45/><N who="2" m="27663" /><F133/><W54/><G54/><T118/><D118/><U40/><E40/><V14/><F99/><W96/><G96/><T120/><D120/><U68/><E46/><V126/><F126/><W94/><G94/><T75/><D75/><U107/><E125/><V117/><F117/><W128/><G128/><T21/><D66/><U129/><E44/><V108/><F108/><N who="0" m="41546" /><D64/><U53/><E53/><V11/><AGARI ba="0,1" hai="4,6,7,11,14,16,92,95" m="27663,32874" machi="11" ten="30,4000,0" yaku="8,1,54,2" doraHai="132" who="2" fromWho="2" sc="250,-20,250,-10,250,50,240,-10" /><INIT seed="1,0,0,1,5,122" ten="230,240,300,230" oya="1" hai0="44,83,100,53,95,0,65,99,48,91,55,126,46" hai1="75,42,34,56,72,76,109,105,25,102,67,57,108" hai2="41,74,106,63,124,35,125,10,29,98,70,9,86" hai3="38,50,115,132,2,90,49,61,43,66,84,36,110"/><U40/><E105/><V37/><F86/><W24/><G2/><T31/><D0/><U7/><E102/><N who="2" m="62807" /><F74/><N who="1" m="28201" /><E76/><V51/><F51/><W62/><G115/><T134/><D134/><U68/><E7/><V32/><F9/><W12/><G132/><T73/><D126/><N who="2" m="48746" /><F10/><W33/><G84/><T133/><D133/><U59/><E67/><N who="2" m="41343" /><F29/><W21/><G66/><T27/><D65/><U52/><E68/><V45/><AGARI ba="0,0" hai="32,35,37,41,45" m="41343,48746,62807" machi="45" ten="30,2000,0" yaku="18,1,23,1" doraHai="122" who="2" fromWho="2" sc="230,-5,240,-10,300,20,230,-5" /><INIT seed="2,0,0,0,0,6" ten="225,230,320,225" oya="2" hai0="41,75,61,106,63,44,60,135,50,36,107,27,56" hai1="127,53,82,3,37,124,99,95,66,17,46,92,47" hai2="93,19,119,132,126,29,43,64,48,7,86,13,134" hai3="58,45,52,78,112,15,42,121,70,113,55,24,90"/><V40/><F119/><W123/><G70/><T31/><D75/><U76/><E66/><V83/><F29/><W51/><G78/><T54/><REACH who="0" step="1"/><D135/><REACH who="0" ten="215,230,320,225" step="2"/><U80/><E124/><V77/><F126/><W20/><G123/><T118/><D118/><U62/><E127/><V115/><F132/><W103/><G121/><T98/><D98/><U114/><E99/><V87/><F134/><W16/><G103/><T67/><D67/><U104/><E114/><N who="3" m="44138" /><G90/><T57/><D57/><U59/><E59/><V12/><F115/><W25/><G55/><T34/><AGARI ba="0,1" hai="27,31,34,36,41,44,50,54,56,60,61,63,106,107" machi="34" ten="30,2000,0" yaku="1,1,0,1,53,0" doraHai="6" doraHaiUra="129" who="0" fromWho="0" sc="215,30,230,-5,320,-10,225,-5" /><INIT seed="3,0,0,2,0,31" ten="245,225,310,220" oya="3" hai0="101,43,113,96,41,6,133,7,107,109,59,100,28" hai1="70,54,57,76,11,8,19,114,39,18,27,83,71" hai2="82,53,22,90,126,17,40,121,21,15,119,0,23" hai3="79,94,66,89,62,26,13,10,88,2,124,122,20"/><W84/><G122/><T58/><D109/><U78/><E39/><V65/><F119/><W73/><G2/><T97/><D133/><U51/><E114/><V50/><F126/><W128/><G124/><T45/><D28/><U81/><E27/><V30/><F0/><W134/><G134/><T42/><D45/><U135/><E135/><V72/><F65/><W120/><G120/><T129/><D129/><U77/><E70/><V92/><F40/><W52/><G128/><T12/><D113/><U1/><E71/><V69/><F69/><W14/><G66/><T29/><D29/><U34/><E34/><V87/><F30/><N who="3" m="17735" /><G73/><T56/><D12/><U125/><E125/><V16/><F17/><N who="1" m="6153" /><E1/><V48/><F121/><W74/><G79/><T118/><REACH who="0" step="1"/><D118/><REACH who="0" ten="235,225,310,220" step="2"/><U95/><E8/><V116/><F116/><W99/><G10/><T131/><D131/><U24/><E11/><V25/><F15/><W86/><G74/><T60/><D60/><U93/><E24/><V132/><F132/><W32/><G32/><T55/><D55/><U46/><E46/><V105/><F72/><W102/><G102/><T37/><D37/><U104/><E104/><AGARI ba="0,1" hai="6,7,41,42,43,56,58,59,96,97,100,101,104,107" machi="104" ten="40,2600,0" yaku="1,1,9,1,53,0" doraHai="31" doraHaiUra="47" who="0" fromWho="1" sc="235,36,225,-26,310,0,220,0" /><INIT seed="4,0,0,3,3,77" ten="271,199,310,220" oya="0" hai0="115,58,106,14,61,96,68,23,135,118,114,1,8" hai1="97,101,41,102,123,10,129,2,35,40,108,48,89" hai2="130,107,54,94,127,12,66,120,71,74,39,47,112" hai3="85,70,104,5,88,36,113,33,132,43,3,65,42"/><T31/><D118/><U18/><E123/><V122/><F107/><W81/><G33/><T11/><D68/><U9/><E35/><V25/><F74/><W98/><G132/><T75/><D135/><U93/><E108/><V76/><F76/><W80/><G113/><N who="0" m="43019" /><D75/><U90/><E129/><V7/><F54/><W91/><G36/><T26/><D1/><U16/><E48/><V110/><F47/><W78/><G3/><T87/><D14/><U119/><E2/><V52/><F12/><W121/><G121/><T56/><D56/><U50/><E50/><V100/><F71/><W17/><G5/><T131/><D131/><U60/><E93/><V45/><F94/><W124/><G124/><T117/><D117/><U44/><E119/><V0/><F7/><W83/><G78/><T32/><D32/><U24/><E24/><V15/><F15/><W64/><G70/><T82/><D96/><U79/><E79/><V72/><F25/><W105/><G17/><T49/><D49/><U4/><E4/><V95/><F0/><W19/><G19/><T62/><D106/><U30/><E97/><V111/><F72/><W20/><G20/><T99/><D99/><U109/><E44/><V46/><F46/><W28/><G28/><T63/><D58/><U125/><E30/><V29/><F45/><W116/><G116/><T126/><D126/><U67/><E125/><V86/><F127/><W6/><G6/><T55/><D55/><U84/><E18/><V27/><F112/><W73/><G73/><T59/><D59/><U13/><E16/><V22/><F122/><RYUUKYOKU ba="0,0" sc="271,30,199,-10,310,-10,220,-10" hai0="8,11,23,26,31,61,62,63,82,87" /><INIT seed="4,1,0,5,0,5" ten="301,189,300,210" oya="0" hai0="84,92,82,75,54,62,8,94,83,117,126,12,46" hai1="122,128,111,41,37,26,99,130,123,104,48,3,127" hai2="66,80,74,119,78,18,109,9,39,23,27,13,100" hai3="90,40,89,76,2,33,36,134,7,49,69,1,93"/><T67/><D117/><U50/><E3/><V96/><F119/><W135/><G36/><T98/><D126/><U108/><E26/><V132/><F132/><W71/><G33/><T120/><D120/><N who="1" m="46123" /><E99/><V88/><F39/><W101/><G101/><T91/><D75/><U19/><E19/><V55/><F109/><N who="1" m="42057" /><E104/><V59/><F66/><W103/><G103/><T45/><D83/><U81/><E81/><V77/><F77/><W24/><G24/><T15/><D15/><U52/><E127/><V102/><F9/><W35/><G35/><T21/><D21/><U32/><E32/><V118/><F118/><W131/><G76/><T85/><D85/><U70/><E70/><V20/><F20/><W115/><G93/><T95/><D98/><U125/><E125/><V38/><F38/><W129/><G7/><N who="0" m="3103" /><D67/><U68/><E68/><V73/><F13/><W51/><G71/><T124/><D124/><U107/><E107/><V29/><F29/><W72/><G69/><T44/><D62/><U42/><E37/><V97/><F73/><W25/><G25/><T105/><D105/><U30/><E30/><V116/><F97/><W47/><G72/><T65/><D65/><U14/><E14/><V43/><F116/><W86/><G86/><T22/><D22/><U58/><E48/><AGARI ba="1,0" hai="44,45,46,48,54,82,84,91,92,94,95" m="3103" machi="48" ten="30,2900,0" yaku="8,1,52,1" doraHai="5" who="0" fromWho="1" sc="301,32,189,-32,300,0,210,0" /><INIT seed="4,2,0,2,4,72" ten="333,157,300,210" oya="0" hai0="13,40,9,57,43,126,17,128,16,38,11,102,26" hai1="115,21,90,107,131,114,105,80,32,59,39,29,123" hai2="56,75,0,133,98,8,106,116,27,65,130,2,44" hai3="60,97,71,23,63,93,112,88,125,109,61,10,30"/><T103/><D128/><U25/><E123/><V68/><F75/><W118/><G109/><T96/><D126/><U108/><E108/><V74/><F74/><W129/><G118/><T37/><D57/><U22/><E39/><N who="0" m="14857" /><D13/><U15/><E131/><V52/><F44/><W100/><G112/><N who="1" m="43050" /><E59/><V19/><F65/><W62/><G125/><T51/><D96/><U49/><E49/><V94/><F68/><W14/><G129/><T70/><D26/><U7/><E7/><V132/><F106/><N who="1" m="40457" /><E15/><N who="2" m="7655" /><F27/><W55/><G71/><T54/><D51/><U5/><E5/><V47/><F47/><W50/><G10/><N who="0" m="3595" /><D54/><U127/><E127/><V92/><F116/><W42/><G55/><T64/><D64/><U104/><N who="1" m="40465" /><U81/><DORA hai="3" /><E90/><N who="2" m="55575" /><F94/><W113/><G93/><T1/><D70/><U95/><E95/><V76/><F130/><W122/><G113/><T82/><D1/><U6/><E6/><V121/><F121/><W41/><G122/><T86/><D43/><U110/><E110/><V58/><F2/><W89/><G42/><T120/><D40/><U35/><E22/><V117/><F0/><W12/><G23/><T28/><D120/><U91/><E91/><V4/><F117/><W101/><G89/><N who="0" m="51415" /><D103/><U66/><E66/><V77/><F4/><W99/><G101/><T84/><D102/><U73/><E73/><V33/><F33/><AGARI ba="2,0" hai="21,25,29,32,33,35,80,81" m="40465,43050" machi="33" ten="50,3200,0" yaku="15,1,11,1" doraHai="72,3" who="1" fromWho="2" sc="333,0,157,38,300,-38,210,0" /><INIT seed="5,0,0,4,5,68" ten="333,195,262,210" oya="1" hai0="130,109,48,66,96,25,131,11,19,1,76,64,102" hai1="27,97,106,45,113,31,43,125,117,32,37,16,74" hai2="88,22,12,33,14,7,126,38,87,46,54,124,71" hai3="78,98,6,101,2,13,123,93,9,120,79,85,129"/><U128/><E117/><V105/><F33/><W91/><G129/><N who="0" m="49163" /><D109/><U75/><E128/><V92/><F71/><W36/><G2/><T28/><D76/><U80/><E125/><N who="2" m="48235" /><F54/><W135/><G135/><T5/><D48/><U57/><E113/><V115/><F105/><W134/><G134/><T77/><D19/><U49/><E80/><V42/><F115/><W83/><G79/><T60/><D60/><U132/><E132/><V44/><F7/><W73/><REACH who="3" step="1"/><G36/><REACH who="3" ten="333,195,262,200" step="2"/><T63/><D77/><U81/><E37/><N who="2" m="21583" /><F22/><W94/><AGARI ba="0,1" hai="6,9,13,73,78,83,85,91,93,94,98,101,120,123" machi="94" ten="20,2700,0" yaku="1,1,0,1,7,1,53,0" doraHai="68" doraHaiUra="67" who="3" fromWho="3" sc="333,-7,195,-13,262,-7,200,37" /><INIT seed="6,0,0,5,2,30" ten="326,182,255,237" oya="2" hai0="77,27,26,95,102,2,87,88,110,111,90,114,52" hai1="133,15,116,13,60,59,8,22,31,112,34,6,85" hai2="71,32,83,92,23,24,55,81,65,57,14,82,97" hai3="3,121,124,29,73,12,135,129,134,79,69,38,54"/><V46/><F14/><W109/><RYUUKYOKU type="yao9" ba="0,0" sc="326,0,182,0,255,0,237,0" hai3="3,12,29,38,54,69,73,79,109,121,124,129,134,135" /><INIT seed="6,1,0,2,4,53" ten="326,182,255,237" oya="2" hai0="70,75,34,35,131,27,29,78,77,6,111,21,49" hai1="64,39,50,51,97,109,124,61,89,54,126,37,116" hai2="46,66,13,84,44,73,82,23,62,26,19,133,16" hai3="117,3,104,129,99,65,68,33,28,76,91,123,74"/><V2/><F2/><W22/><G22/><T47/><D111/><U128/><E97/><V135/><F73/><W79/><G79/><T32/><D70/><U18/><E18/><V15/><F26/><W55/><G117/><T87/><D75/><U63/><E89/><V52/><F66/><W86/><G123/><T81/><D131/><U92/><E92/><V93/><F93/><W30/><G129/><T0/><D78/><U107/><E107/><V106/><F106/><W115/><G30/><T85/><D85/><U110/><E128/><V40/><F40/><W95/><G3/><T122/><D122/><U72/><E72/><V132/><F82/><W130/><G130/><T113/><D113/><U83/><E83/><V127/><F84/><W38/><G115/><T1/><REACH who="0" step="1"/><D6/><REACH who="0" ten="316,182,255,237" step="2"/><U31/><E31/><V102/><F127/><N who="1" m="48681" /><E116/><V48/><F102/><W36/><G74/><T120/><D120/><U114/><E114/><V94/><F94/><W96/><G95/><T134/><D134/><U56/><E110/><V80/><F80/><W71/><G28/><T8/><D8/><U100/><E100/><V41/><F19/><W58/><G86/><T103/><D103/><U17/><E109/><V11/><F11/><W25/><G104/><T57/><D57/><N who="1" m="34999" /><E17/><V121/><F121/><W60/><G76/><T43/><AGARI ba="1,1" hai="0,1,21,27,29,32,34,35,43,47,49,77,81,87" machi="43" ten="30,4000,0" yaku="1,1,0,1,53,1" doraHai="53" doraHaiUra="45" who="0" fromWho="0" sc="316,53,182,-11,255,-21,237,-11" /><INIT seed="7,0,0,1,0,43" ten="369,171,234,226" oya="3" hai0="108,96,9,53,113,47,66,26,82,75,105,124,97" hai1="58,107,120,13,19,29,42,51,22,119,86,44,135" hai2="24,21,77,72,89,125,121,111,62,38,134,33,48" hai3="128,63,55,64,18,93,90,4,103,25,94,118,81"/><W2/><G118/><T41/><D108/><U52/><E119/><V115/><F38/><W28/><G128/><T80/><D66/><U109/><E109/><V35/><F111/><W1/><G4/><T110/><D110/><U69/><E120/><V76/><F121/><W101/><G101/><T45/><D105/><U133/><E69/><V7/><F7/><W5/><G5/><T37/><D9/><U104/><E29/><N who="2" m="17551" /><F72/><W57/><G81/><T40/><D53/><U102/><E86/><V23/><F23/><W74/><G74/><T95/><D113/><U6/><E6/><V49/><F62/><W122/><G18/><T67/><D124/><U68/><E68/><V114/><F89/><W17/><G17/><T83/><D75/><U123/><E123/><V129/><F134/><N who="1" m="51209" /><E102/><V98/><F98/><W0/><G122/><T59/><D26/><U65/><E65/><V36/><F36/><AGARI ba="0,0" hai="13,19,22,36,42,44,51,52,58,104,107" m="51209" machi="36" ten="30,3900,0" yaku="20,1,52,1,54,1" doraHai="43" who="1" fromWho="2" sc="369,0,171,39,234,-39,226,0" owari="369,46.0,210,-19.0,195,-30.0,226,3.0" /></mjloggm>