<mjloggm ver="2.3"><GO type="169" lobby="0"/><UN n0="%E3%83%88%E3%83%88%E3%83%AA%E5%85%88%E7%94%9F%31%39%E6%AD%B3" n1="%E3%82%8A%E3%81%B5%E3%82%8C%E3%81%8F" n2="%E3%81%82%E3%81%84%E3%81%B3%33" n3="%E3%81%97%E3%82%81%E3%81%98%E3%82%93" dan="19,16,17,17" rate="2319.51,2157.87,2187.41,2113.12" sx="F,M,M,M"/><TAIKYOKU oya="0"/><INIT seed="0,0,0,5,4,126" ten="250,250,250,250" oya="0" hai0="61,64,36,119,124,94,26,55,118,42,27,90,69" hai1="46,113,49,77,84,7,86,18,21,4,56,38,115" hai2="111,50,39,70,112,91,101,135,63,99,2,1,68" hai3="71,8,6,103,0,35,102,106,109,52,20,5,44"/><T89/><D124/><U134/><E134/><V3/><F112/><N who="1" m="43081" /><E38/><V97/><F39/><W9/><G35/><T22/><D55/><N who="1" m="31855" /><E46/><V130/><F135/><W53/><G71/><T116/><D94/><U92/><E77/><V58/><F111/><W88/><G109/><T59/><D59/><U51/><E51/><V105/><F50/><W37/><G37/><T131/><D131/><U23/><E23/><V34/><F34/><W98/><G20/><T72/><D72/><U75/><E75/><V74/><F74/><W67/><G106/><T14/><D14/><N who="1" m="9431" /><E86/><V123/><F123/><W11/><G44/><T80/><D80/><U15/><E15/><V54/><F130/><W45/><G45/><T108/><D108/><U25/><E25/><V128/><F128/><W114/><G114/><T132/><D132/><U66/><E66/><V65/><F65/><W85/><G67/><T121/><D121/><U33/><E33/><V32/><F32/><W13/><G11/><T73/><D73/><U79/><E79/><V29/><F29/><W100/><REACH who="3" step="1"/><G98/><REACH who="3" ten="250,250,250,240" step="2"/><T12/><D36/><U48/><E48/><V122/><F122/><W16/><G16/><N who="0" m="10503" /><D42/><U82/><E7/><V129/><F129/><W127/><G127/><T104/><D104/><U57/><E4/><V96/><F96/><W28/><G28/><T40/><D40/><U41/><E41/><V133/><F133/><W78/><G78/><T120/><D120/><U62/><E57/><V10/><F10/><W81/><AGARI ba="0,1" hai="0,5,6,8,9,13,52,53,81,85,88,100,102,103" machi="81" ten="30,7900,0" yaku="1,1,0,1,54,2,53,0" doraHai="126" doraHaiUra="43" who="3" fromWho="3" sc="250,-39,250,-20,250,-20,240,89" /><INIT seed="1,0,0,5,2,60" ten="211,230,230,329" oya="1" hai0="35,20,129,40,92,39,38,127,82,7,94,85,74" hai1="118,132,104,80,5,131,44,67,81,54,120,41,88" hai2="122,75,34,115,45,95,13,98,53,33,117,107,77" hai3="28,1,128,50,90,51,79,93,124,71,73,17,2"/><U130/><E118/><V14/><F117/><W65/><G28/><T6/><D35/><U22/><E120/><V110/><F107/><W112/><G17/><T3/><D74/><U27/><E132/><V52/><F122/><W113/><G79/><T37/><D40/><U19/><E104/><V56/><F110/><W91/><G93/><T12/><D129/><N who="1" m="49163" /><E5/><V24/><F115/><W121/><G128/><T23/><D127/><U25/><E25/><V46/><F77/><W49/><G124/><T48/><D3/><U62/><E54/><V16/><F75/><W0/><G73/><T4/><D48/><N who="1" m="26639" /><E88/><N who="2" m="55655" /><F34/><W126/><G126/><T30/><D30/><U111/><E111/><V58/><F33/><W109/><G109/><T133/><D133/><U134/><E134/><V108/><F108/><W42/><G121/><T59/><D12/><N who="2" m="4714" /><F58/><AGARI ba="0,0" hai="19,22,27,58,62,67,80,81" m="26639,49163" machi="58" ten="30,2900,0" yaku="19,1,52,1" doraHai="60" who="1" fromWho="2" sc="211,0,230,29,230,-29,329,0" /><INIT seed="1,1,0,1,5,35" ten="211,259,201,329" oya="1" hai0="62,103,1,65,16,32,110,89,58,71,87,46,15" hai1="83,29,109,72,52,132,125,2,18,100,68,30,85" hai2="133,82,14,12,44,113,130,5,45,117,97,37,81" hai3="116,96,104,84,17,102,95,70,134,0,73,114,112"/><U119/><E119/><V9/><F117/><W63/><G0/><T80/><D110/><U107/><E68/><V79/><F130/><W59/><G17/><T66/><D32/><U13/><E72/><V76/><F133/><W8/><G8/><T28/><D28/><U24/><E2/><V21/><F113/><W53/><G70/><T78/><D1/><U69/><E69/><V115/><F115/><W77/><G116/><T60/><D103/><U40/><E40/><V10/><F21/><W124/><G124/><T42/><D78/><U126/><E132/><V6/><F97/><W49/><G134/><T48/><D71/><U121/><E121/><V38/><AGARI ba="1,0" hai="5,6,9,10,12,14,37,38,44,45,76,79,81,82" machi="38" ten="25,3200,0" yaku="0,1,22,2" doraHai="35" who="2" fromWho="2" sc="211,-9,259,-17,201,35,329,-9" /><INIT seed="2,0,0,2,1,53" ten="202,242,236,320" oya="2" hai0="123,107,31,109,102,70,96,75,118,88,87,60,90" hai1="40,94,73,98,55,82,68,32,37,77,47,67,85" hai2="81,30,18,4,119,130,122,83,22,41,64,19,63" hai3="5,8,99,50,54,61,7,69,121,49,106,6,43"/><V15/><F119/><W112/><G121/><T23/><D123/><U125/><E32/><V124/><F122/><W72/><G72/><T52/><D75/><U129/><E125/><V13/><F124/><W11/><G112/><T92/><D118/><U51/><E129/><V133/><F130/><W9/><G106/><T34/><D109/><U78/><E73/><V35/><F4/><W25/><G69/><T114/><D114/><U48/><E77/><V111/><F41/><W120/><G120/><T113/><D113/><U2/><E2/><V65/><F133/><W45/><G99/><T135/><D135/><U74/><E74/><V110/><F30/><W103/><G103/><T16/><D34/><U108/><E108/><N who="2" m="41515" /><F35/><W0/><G25/><N who="0" m="14567" /><D70/><U84/><E84/><V93/><F93/><W95/><G95/><N who="0" m="54687" /><D107/><U44/><E68/><N who="2" m="42015" /><F65/><W57/><REACH who="3" step="1"/><G0/><REACH who="3" ten="202,242,236,310" step="2"/><T105/><D105/><U127/><E127/><V101/><F101/><W128/><G128/><T38/><D102/><U14/><E98/><V36/><F36/><AGARI ba="0,1" hai="5,6,7,8,9,11,36,43,45,49,50,54,57,61" machi="36" ten="40,2600,0" yaku="1,1,52,1,53,0" doraHai="53" doraHaiUra="21" who="3" fromWho="2" sc="202,0,242,0,236,-26,310,36" /><INIT seed="3,0,0,0,2,93" ten="202,242,210,346" oya="3" hai0="68,100,51,128,78,47,32,8,96,23,80,81,31" hai1="124,101,5,56,30,95,118,17,126,94,66,38,13" hai2="76,87,22,77,129,9,84,64,89,83,135,63,20" hai3="16,99,44,106,79,110,24,4,41,75,61,82,59"/><W91/><G4/><T27/><D128/><U34/><E38/><V123/><F129/><W0/><G0/><T19/><D68/><U42/><E42/><V133/><F123/><W107/><G110/><T86/><D81/><U88/><E118/><V102/><F9/><W85/><G24/><T125/><D125/><N who="1" m="48235" /><E5/><V3/><F3/><W114/><G16/><T113/><D113/><U43/><E43/><V132/><F102/><W116/><G116/><T25/><D8/><N who="1" m="6311" /><E30/><V120/><F120/><W60/><G60/><T45/><REACH who="0" step="1"/><D51/><REACH who="0" ten="192,242,210,346" step="2"/><U18/><E101/><V37/><F37/><W70/><G70/><T103/><D103/><U112/><E112/><V40/><F77/><W49/><G79/><T52/><D52/><U33/><E88/><V39/><F39/><W35/><G114/><T109/><D109/><U130/><E130/><V117/><F117/><W2/><G91/><T1/><D1/><U92/><E92/><AGARI ba="0,1" hai="19,23,25,27,31,32,45,47,78,80,86,92,96,100" machi="92" ten="30,3900,0" yaku="1,1,7,1,52,1,53,0" doraHai="93" doraHaiUra="122" who="0" fromWho="1" sc="192,49,242,-39,210,0,346,0" /><INIT seed="4,0,0,1,0,4" ten="241,203,210,346" oya="0" hai0="114,120,16,32,57,74,109,29,12,70,20,81,56" hai1="69,106,92,53,133,76,91,126,98,121,22,111,102" hai2="17,104,67,128,112,39,66,96,95,42,72,7,116" hai3="90,61,34,14,83,15,77,11,48,23,54,2,51"/><T89/><D120/><U88/><E111/><V122/><F122/><W135/><G34/><T13/><D70/><U10/><E121/><V60/><F72/><W125/><G2/><T35/><D109/><U99/><E69/><V31/><F128/><W134/><G90/><T65/><D114/><U82/><E133/><N who="3" m="50698" /><G23/><T28/><D35/><U3/><E126/><V25/><F104/><W9/><G125/><T101/><D32/><U19/><E53/><V63/><F112/><W41/><G41/><T55/><D101/><U24/><E3/><V80/><F7/><N who="3" m="3391" /><G61/><N who="0" m="38063" /><D74/><U100/><REACH who="1" step="1"/><E10/><REACH who="1" ten="241,193,210,346" step="2"/><V62/><F116/><W64/><G54/><T1/><D1/><U107/><E107/><V38/><F66/><W30/><G64/><T5/><D55/><U130/><E130/><V40/><F67/><W129/><G129/><T119/><D119/><U84/><AGARI ba="0,1" hai="19,22,24,76,82,84,88,91,92,98,99,100,102,106" machi="84" ten="20,5200,0" yaku="1,1,0,1,7,1,54,1,53,0" doraHai="4" doraHaiUra="68" who="1" fromWho="1" sc="241,-26,193,62,210,-13,346,-13" /><INIT seed="5,0,0,5,1,130" ten="215,255,197,333" oya="1" hai0="0,43,96,60,89,114,28,20,85,15,78,84,22" hai1="40,39,92,54,58,94,90,98,83,61,117,106,104" hai2="51,81,131,7,95,72,50,2,132,69,71,87,55" hai3="4,100,76,11,23,105,70,135,66,10,36,93,24"/><U120/><E117/><V79/><F131/><W112/><G36/><T109/><D109/><U99/><E120/><V30/><F30/><W6/><G105/><T124/><D0/><U126/><E126/><V123/><F123/><W101/><G70/><T29/><D124/><U13/><E83/><V33/><F33/><W19/><G66/><T73/><D73/><U67/><E13/><V18/><F18/><W62/><G62/><T45/><D114/><U9/><E9/><V125/><F125/><W111/><G76/><T3/><D3/><U102/><REACH who="1" step="1"/><E67/><REACH who="1" ten="215,245,197,333" step="2"/><V1/><F1/><W97/><G10/><T88/><D15/><U44/><AGARI ba="0,1" hai="39,40,44,54,58,61,90,92,94,98,99,102,104,106" machi="44" ten="30,6000,0" yaku="1,1,2,1,0,1,53,0" doraHai="130" doraHaiUra="32" who="1" fromWho="1" sc="215,-20,245,70,197,-20,333,-20" /><INIT seed="5,1,0,4,4,20" ten="195,315,177,313" oya="1" hai0="25,19,28,40,30,27,135,36,106,21,76,129,117" hai1="107,69,37,90,1,33,5,89,55,22,110,81,100" hai2="67,132,51,112,126,62,101,103,124,133,0,2,116" hai3="97,91,105,131,88,65,102,118,4,17,47,10,94"/><U134/><E33/><V24/><F116/><W52/><G118/><T49/><D117/><U15/><E134/><N who="2" m="51819" /><F51/><N who="3" m="28799" /><G105/><T111/><D111/><U98/><E110/><V56/><F112/><W38/><G38/><T109/><D109/><U7/><E69/><V45/><F45/><W39/><G39/><T96/><D129/><U86/><E37/><V92/><F24/><N who="0" m="9290" /><D106/><U6/><E55/><V57/><F57/><W82/><G65/><T35/><D35/><U18/><REACH who="1" step="1"/><E90/><REACH who="1" ten="195,305,177,313" step="2"/><V121/><F121/><W93/><G91/><T78/><D36/><U43/><E43/><V59/><F126/><W99/><G131/><T73/><D135/><U9/><AGARI ba="1,1" hai="1,5,6,7,9,15,18,22,81,86,89,98,100,107" machi="9" ten="30,3000,0" yaku="1,1,0,1,53,0" doraHai="20" doraHaiUra="125" who="1" fromWho="1" sc="195,-11,305,43,177,-11,313,-11" /><INIT seed="5,2,0,2,1,14" ten="184,348,166,302" oya="1" hai0="35,97,17,123,43,46,66,118,23,65,30,96,119" hai1="52,26,16,91,100,133,134,59,55,40,51,130,126" hai2="86,132,57,81,94,53,68,9,27,15,38,32,95" hai3="107,69,110,22,4,1,83,101,64,72,2,29,21"/><U56/><E130/><V18/><F68/><W121/><G72/><T79/><D123/><U102/><E126/><V76/><F38/><W36/><G36/><T93/><D79/><U125/><E125/><V12/><F132/><N who="1" m="50793" /><E40/><V74/><F74/><W105/><G83/><T28/><D35/><U108/><E91/><V20/><F32/><W31/><G69/><T54/><D43/><U92/><E92/><V60/><REACH who="2" step="1"/><F15/><REACH who="2" ten="184,348,156,302" step="2"/><W111/><G121/><T129/><D129/><U37/><E108/><V71/><F71/><W106/><G111/><T85/><D119/><U63/><E37/><V87/><F87/><W128/><G110/><T41/><D85/><U39/><E39/><V44/><F44/><W122/><G122/><T45/><D45/><U117/><E117/><V112/><F112/><W8/><G2/><T67/><D118/><U116/><E116/><V6/><AGARI ba="2,1" hai="6,9,12,18,20,27,53,57,60,76,81,86,94,95" machi="6" ten="20,8000,1" yaku="1,1,0,1,7,1,8,1,52,1,53,0" doraHai="14" doraHaiUra="120" who="2" fromWho="2" sc="184,-22,348,-42,156,96,302,-22" /><INIT seed="6,0,0,0,2,8" ten="162,306,252,280" oya="2" hai0="135,13,22,98,94,66,116,56,53,123,95,25,49" hai1="20,89,129,86,64,54,73,23,109,96,45,88,18" hai2="19,33,104,122,87,28,4,37,27,77,132,74,133" hai3="63,97,70,0,107,51,14,68,55,9,60,42,83"/><V7/><F122/><W16/><G42/><T79/><D135/><N who="2" m="51786" /><F74/><W71/><G0/><T52/><D123/><U39/><E129/><V26/><F104/><W106/><G83/><T5/><D116/><U120/><E109/><V43/><F43/><W2/><G2/><T102/><D79/><U93/><E73/><V10/><F37/><W72/><G72/><T134/><D134/><U80/><E64/><V118/><F118/><W130/><G130/><T115/><D115/><U76/><E120/><V121/><F121/><W50/><G50/><T35/><D35/><U127/><E127/><V124/><F124/><W30/><G30/><N who="0" m="17719" /><D95/><U69/><E69/><V126/><F126/><W6/><G107/><T90/><D90/><N who="1" m="55351" /><E39/><V75/><F75/><W82/><G82/><T119/><D119/><U3/><E3/><V117/><F117/><W46/><REACH who="3" step="1"/><G6/><REACH who="3" ten="162,306,252,270" step="2"/><T91/><D49/><N who="1" m="28975" /><E23/><N who="2" m="13695" /><F4/><W15/><G15/><AGARI ba="0,1" hai="15,18,20,76,80,86,88,89" m="28975,55351" machi="15" ten="30,3900,0" yaku="8,1,52,1,54,1" doraHai="8" who="1" fromWho="3" sc="162,0,306,49,252,0,270,-39" /><INIT seed="7,0,0,5,4,45" ten="162,355,252,231" oya="3" hai0="77,119,108,6,79,15,76,75,85,30,9,127,31" hai1="97,96,100,82,3,129,33,61,12,4,88,103,62" hai2="47,13,24,99,74,27,125,90,70,8,130,135,118" hai3="53,50,28,43,91,51,26,20,73,36,87,41,116"/><W52/><G73/><T54/><D127/><U55/><E33/><V123/><F118/><W78/><G36/><T37/><D108/><U104/><E3/><V72/><F70/><W102/><G78/><T66/><D37/><U98/><E129/><V39/><F125/><W46/><G102/><N who="1" m="38954" /><E104/><V40/><F130/><W83/><G116/><T10/><D119/><U67/><E67/><V68/><F68/><W101/><G101/><T65/><D75/><U106/><E106/><V84/><F99/><W93/><G93/><T89/><D65/><U59/><E62/><V22/><F27/><W1/><G1/><T57/><D66/><U71/><E71/><V60/><F60/><W7/><G7/><T2/><D2/><U5/><E12/><V115/><F135/><W17/><G28/><T38/><D38/><U19/><E19/><V49/><F39/><W105/><G105/><T64/><D64/><U21/><E21/><V94/><F115/><W44/><AGARI ba="0,0" hai="17,20,26,41,43,44,46,50,51,52,53,83,87,91" machi="44" ten="20,18000,2" yaku="0,1,7,1,9,1,8,1,52,2,54,1" doraHai="45" who="3" fromWho="3" sc="162,-60,355,-60,252,-60,231,180" owari="102,-40.0,295,10.0,192,-21.0,411,51.0" /></mjloggm>