<mjloggm ver="2.3"><GO type="169" lobby="0"/><UN n0="%E3%82%89%E3%81%84%E3%81%B5%E3%81%8C%E3%83%BC%E3%81%A9%E3%81%99%E3%81%8D" n1="%E3%81%A9%E3%82%84%E3%81%A9%E3%82%84%31%35%39" n2="%E3%83%88%E3%83%88%E3%83%AA%E5%85%88%E7%94%9F%31%39%E6%AD%B3" n3="%E3%81%BF%E3%81%A3%E3%81%A4%E3%81%83%EF%BD%9E" dan="16,16,19,16" rate="2151.21,2132.57,2353.22,2066.83" sx="F,M,F,F"/><TAIKYOKU oya="0"/><INIT seed="0,0,0,2,2,117" ten="250,250,250,250" oya="0" hai0="69,109,4,7,25,84,119,57,82,49,14,113,18" hai1="135,114,73,131,121,95,35,99,8,74,56,128,27" hai2="115,70,85,38,134,40,62,93,29,81,59,37,48" hai3="54,47,0,6,96,124,44,104,65,125,19,16,68"/><T3/><D119/><U15/><E135/><V51/><F115/><W17/><G68/><T30/><D69/><U123/><E114/><V52/><F134/><W102/><G65/><T31/><D113/><U98/><E56/><V126/><F126/><N who="3" m="48747" /><G54/><N who="0" m="31951" /><D3/><U77/><E35/><V5/><F93/><W122/><G122/><N who="1" m="46602" /><E27/><V26/><F5/><N who="0" m="2122" /><D25/><U20/><E20/><V133/><F133/><W39/><G39/><T58/><D58/><U106/><E106/><V42/><F38/><W1/><G1/><T67/><D109/><U10/><E77/><V87/><F70/><W2/><G0/><T92/><D92/><U127/><E127/><V53/><F81/><W112/><G112/><T100/><D100/><U13/><E95/><V63/><F37/><W110/><G110/><T111/><D67/><U32/><E32/><V72/><F26/><W105/><G104/><T34/><D34/><U79/><E79/><V60/><F59/><W50/><G2/><T66/><D66/><U103/><E103/><V130/><F62/><W120/><G6/><T80/><D111/><U55/><E55/><V46/><F29/><W91/><G91/><N who="0" m="51591" /><D82/><U11/><E128/><V97/><F130/><W28/><G28/><T116/><D116/><U94/><E131/><V118/><F118/><W90/><G90/><T108/><D108/><U45/><E45/><N who="3" m="17482" /><G50/><T9/><AGARI ba="0,0" hai="9,14,18,30,31" m="51591,2122,31951" machi="9" ten="30,1500,0" yaku="8,1" doraHai="117" who="0" fromWho="0" sc="250,15,250,-5,250,-5,250,-5" /><INIT seed="0,1,0,1,0,78" ten="265,245,245,245" oya="0" hai0="16,40,117,25,64,18,2,82,77,69,85,53,98" hai1="72,133,31,11,73,48,99,124,58,93,104,15,91" hai2="23,45,95,79,47,110,36,63,115,38,68,1,90" hai3="62,128,86,126,46,8,127,103,66,120,71,39,100"/><T67/><D117/><U24/><E133/><V65/><F115/><W70/><G128/><T35/><D2/><U102/><E124/><N who="3" m="47658" /><G120/><T34/><D40/><U37/><E37/><V109/><F1/><W83/><G70/><T97/><D69/><U5/><E48/><V84/><F23/><W111/><G111/><N who="2" m="42505" /><F79/><N who="3" m="46463" /><G8/><T112/><D112/><U125/><E58/><V123/><F123/><W134/><G134/><T33/><D53/><U3/><E3/><V0/><F0/><W13/><G13/><T56/><D56/><U54/><E54/><V106/><F106/><W96/><G96/><T81/><D81/><U122/><E122/><V80/><F95/><W121/><G121/><T87/><D87/><U49/><E125/><V17/><F17/><W116/><G116/><T107/><D98/><U60/><E104/><V52/><F47/><W29/><G29/><T75/><D85/><U51/><E73/><V94/><F94/><W119/><G119/><T108/><D108/><U27/><E72/><V6/><F6/><W12/><G12/><T41/><D41/><AGARI ba="1,0" hai="39,41,46,62,66,71,100,103" m="46463,47658" machi="41" ten="30,2000,0" yaku="18,1,52,1" doraHai="78" who="3" fromWho="0" sc="265,-23,245,0,245,0,245,23" /><INIT seed="1,0,0,4,5,52" ten="242,245,245,268" oya="1" hai0="43,107,82,81,106,20,51,48,60,96,8,44,108" hai1="66,34,3,2,116,57,33,46,36,73,17,78,4" hai2="14,26,88,11,30,95,121,120,35,115,42,98,56" hai3="54,55,10,112,24,125,85,59,38,103,123,92,31"/><U124/><E17/><V130/><F130/><W27/><G123/><T80/><D108/><U61/><E2/><V91/><F115/><W94/><G112/><T28/><D8/><N who="1" m="2079" /><BYE who="0" /><E124/><V6/><BYE who="1" /><F42/><W49/><G125/><T70/><D70/><U77/><E77/><V119/><F119/><UN n0="%E3%82%89%E3%81%84%E3%81%B5%E3%81%8C%E3%83%BC%E3%81%A9%E3%81%99%E3%81%8D" /><W22/><G38/><T50/><D60/><U39/><E39/><V37/><F37/><W87/><G10/><T127/><D127/><U131/><E131/><V63/><REACH who="2" step="1"/><F91/><REACH who="2" ten="242,245,235,268" step="2"/><W90/><G27/><T99/><D43/><UN n1="%E3%81%A9%E3%82%84%E3%81%A9%E3%82%84%31%35%39" /><U83/><E116/><V58/><F58/><N who="3" m="33103" /><G103/><T41/><D41/><AGARI ba="0,1" hai="33,34,36,41,46,57,61,66,73,78,83" m="2079" machi="41" ten="30,2900,0" yaku="25,1,52,1" doraHai="52" who="1" fromWho="0" sc="242,-29,245,39,235,0,268,0" /><INIT seed="1,1,0,0,2,84" ten="213,284,235,268" oya="1" hai0="87,50,74,1,62,92,57,134,11,88,66,129,75" hai1="93,78,83,61,76,111,6,49,128,115,32,2,25" hai2="60,54,36,117,10,71,98,114,99,80,79,95,120" hai3="46,47,122,113,63,53,44,43,0,107,77,23,109"/><U85/><E115/><V69/><F117/><W19/><G122/><T90/><D134/><U8/><E128/><V17/><F120/><W65/><G113/><T112/><D129/><U131/><E131/><V73/><F114/><W28/><G109/><T55/><D112/><U124/><E111/><V132/><F132/><W94/><G107/><T26/><D26/><U52/><E124/><V135/><F36/><W68/><G0/><T30/><D30/><U96/><E61/><V106/><F135/><W27/><G53/><T12/><D1/><U56/><E78/><V24/><F99/><W41/><G77/><T3/><D3/><U67/><E67/><V126/><F106/><W119/><G119/><T91/><D75/><U64/><E64/><V89/><F126/><W125/><G125/><T127/><D74/><U100/><E25/><V105/><F105/><W97/><REACH who="3" step="1"/><G28/><REACH who="3" ten="213,284,235,258" step="2"/><T37/><D127/><U70/><E70/><V9/><F71/><W29/><G29/><T40/><D40/><U82/><E32/><V4/><F69/><W58/><G58/><N who="0" m="37207" /><D37/><U121/><E121/><V86/><F73/><W5/><G5/><AGARI ba="1,1" hai="5,11,12,50,55,57,87,88,90,91,92" m="37207" machi="5" ten="30,8000,1" yaku="8,1,52,3,54,1" doraHai="84" who="0" fromWho="3" sc="213,93,284,0,235,0,258,-83" /><INIT seed="2,0,0,0,3,52" ten="306,284,235,175" oya="2" hai0="4,129,75,63,108,50,132,96,34,95,41,98,15" hai1="100,112,120,110,106,84,2,68,135,31,97,66,32" hai2="115,42,22,73,107,122,78,126,13,23,125,20,128" hai3="58,9,27,83,49,109,74,46,17,33,48,134,102"/><V51/><F115/><W61/><G109/><T111/><D129/><U11/><E84/><V89/><F122/><W91/><G134/><T118/><D132/><U55/><E135/><V77/><F107/><W130/><G130/><T18/><D34/><U113/><E55/><V6/><F128/><W37/><G37/><T59/><D75/><U81/><E81/><V57/><F89/><W88/><G102/><T45/><D4/><N who="1" m="1431" /><E110/><N who="0" m="42025" /><D95/><U7/><E7/><V44/><F73/><W90/><G33/><T38/><D38/><U19/><E19/><V5/><F5/><W54/><G27/><T43/><D43/><U14/><E14/><V64/><F13/><N who="3" m="7343" /><G74/><T71/><D71/><U67/><E67/><V114/><F114/><W127/><G127/><N who="2" m="48649" /><F6/><W92/><G83/><T121/><D121/><U10/><E10/><V53/><F64/><N who="3" m="38967" /><G49/><AGARI ba="0,0" hai="20,22,23,42,44,49,51,53,57,77,78" m="48649" machi="49" ten="30,2900,0" yaku="18,1,52,1" doraHai="52" who="2" fromWho="3" sc="306,0,284,0,235,29,175,-29" /><INIT seed="2,1,0,5,1,124" ten="306,284,264,146" oya="2" hai0="29,36,71,89,126,28,114,87,93,31,22,85,121" hai1="69,101,41,129,51,99,72,14,0,64,34,49,39" hai2="105,88,134,25,19,12,97,96,81,26,37,4,102" hai3="60,5,108,30,18,123,42,98,78,47,77,21,75"/><V62/><F37/><W48/><G123/><T125/><D121/><U53/><E14/><V95/><F134/><W57/><G108/><T20/><D114/><U100/><E100/><V103/><F4/><W109/><G109/><T58/><D71/><U119/><E119/><V55/><F55/><W38/><G38/><T110/><D36/><U35/><E0/><V63/><F81/><W83/><G78/><T23/><D110/><U118/><E118/><V24/><REACH who="2" step="1"/><F103/><REACH who="2" ten="306,284,254,146" step="2"/><W46/><G5/><T84/><REACH who="0" step="1"/><D58/><REACH who="0" ten="296,284,254,146" step="2"/><U120/><E39/><V16/><F16/><W122/><G122/><T107/><D107/><U73/><E120/><V66/><F66/><W2/><G18/><T68/><D68/><U94/><E64/><V111/><F111/><W128/><G57/><T80/><D80/><U43/><E69/><V106/><F106/><W90/><G83/><T13/><D13/><U132/><E94/><V104/><F104/><W130/><G2/><T27/><D27/><U61/><E132/><V117/><F117/><W74/><G47/><T65/><D65/><U52/><E53/><V131/><F131/><W116/><G116/><T70/><D70/><U76/><E52/><V54/><F54/><W79/><G46/><T9/><D9/><AGARI ba="1,2" hai="9,12,19,24,25,26,62,63,88,95,96,97,102,105" machi="9" ten="40,3900,0" yaku="1,1,54,1,53,0" doraHai="124" doraHaiUra="44" who="2" fromWho="0" sc="296,-42,284,0,254,62,146,0" /><INIT seed="2,2,0,2,3,132" ten="254,284,316,146" oya="2" hai0="107,67,4,61,82,80,37,11,13,1,42,56,114" hai1="24,84,110,19,106,59,58,125,23,47,57,73,8" hai2="108,68,2,112,62,14,63,35,78,90,16,29,66" hai3="86,3,6,33,55,45,97,103,41,64,15,22,111"/><V126/><F112/><W93/><G111/><T52/><D114/><U39/><E73/><V88/><F2/><W70/><G33/><T85/><D107/><U133/><E133/><V12/><F108/><W124/><G55/><T130/><D130/><U116/><E116/><V128/><F128/><W79/><G3/><T20/><D37/><U9/><E110/><V77/><F126/><W122/><G122/><T34/><D34/><U96/><E125/><V40/><F40/><W87/><G124/><T98/><D42/><U101/><E39/><V28/><F35/><W75/><G64/><T65/><D98/><U18/><E47/><V129/><F129/><W95/><G70/><T92/><D92/><U51/><E51/><V72/><F72/><W118/><G118/><T27/><D1/><U38/><E38/><V113/><F113/><W46/><G75/><T30/><REACH who="0" step="1"/><D82/><REACH who="0" ten="244,284,316,146" step="2"/><U117/><E117/><V83/><F83/><W71/><G41/><T53/><D53/><U69/><E106/><V74/><F66/><W0/><G95/><T5/><D5/><U131/><E96/><V89/><F74/><W26/><G0/><T54/><D54/><U127/><E131/><V17/><F89/><AGARI ba="2,1" hai="4,11,13,20,27,30,52,56,61,65,67,80,85,89" machi="89" ten="30,8000,1" yaku="1,1,7,1,8,1,54,1,53,1" doraHai="132" doraHaiUra="10" who="0" fromWho="2" sc="244,96,284,0,316,-86,146,0" /><INIT seed="3,0,0,3,0,113" ten="340,284,230,146" oya="3" hai0="133,17,80,114,104,93,85,118,26,66,112,61,9" hai1="76,36,59,69,115,50,19,34,110,95,33,117,54" hai2="94,107,67,64,124,30,4,77,74,48,71,45,105" hai3="41,91,119,82,99,132,22,100,28,96,5,35,90"/><W81/><G35/><T58/><D104/><U57/><E115/><N who="0" m="44073" /><D133/><U44/><E69/><V0/><F124/><W56/><G132/><T2/><D118/><U37/><E76/><V123/><F123/><W49/><G5/><N who="0" m="1207" /><D93/><U53/><E95/><V3/><F30/><W70/><G70/><T32/><D17/><U6/><E19/><V40/><F3/><W25/><G119/><T52/><D26/><U83/><E6/><V73/><F105/><W120/><G120/><T27/><D27/><U21/><E21/><V15/><F107/><W109/><G109/><T10/><D10/><U101/><E110/><V47/><F0/><W121/><G121/><T78/><D32/><U127/><E127/><V55/><F4/><W29/><G29/><T38/><D38/><U111/><E117/><V12/><F73/><W129/><G129/><T62/><D62/><U1/><E1/><V79/><F94/><N who="3" m="58487" /><G56/><T125/><D125/><U65/><E59/><V88/><F74/><W60/><G60/><T102/><D102/><U42/><E101/><V39/><F71/><W108/><G108/><T106/><D106/><U20/><E57/><V135/><F135/><W24/><G24/><T75/><D75/><U13/><E33/><V23/><F15/><W92/><G91/><T14/><D14/><U86/><E13/><V97/><F88/><W98/><G96/><T134/><D134/><U8/><E34/><V126/><F97/><W130/><G130/><T63/><D63/><U46/><E111/><V131/><F131/><W18/><G28/><T103/><D103/><U43/><E36/><RYUUKYOKU ba="0,0" sc="340,15,284,-15,230,-15,146,15" hai0="52,58,61,66,78,80,85" hai3="18,22,25,41,49,81,82,90,92,98" /><INIT seed="3,1,0,3,0,86" ten="355,269,215,161" oya="3" hai0="81,112,117,83,37,118,38,3,31,22,78,61,0" hai1="79,101,64,15,65,50,90,134,122,116,2,87,18" hai2="127,69,19,133,26,125,63,70,75,93,9,4,76" hai3="95,68,72,100,84,119,129,109,73,30,85,6,74"/><W16/><G119/><N who="0" m="45579" /><D22/><U7/><E116/><V36/><F36/><N who="0" m="13930" /><D31/><U33/><E122/><V27/><F133/><W124/><G68/><T114/><D61/><U121/><E134/><V111/><F111/><W82/><G6/><T106/><D106/><U135/><E135/><V20/><F27/><W11/><G30/><T44/><D44/><U55/><E33/><V130/><F130/><W91/><G129/><T128/><D128/><U102/><E121/><V99/><F76/><W5/><G109/><T131/><D131/><U49/><E79/><V10/><F75/><W23/><G124/><N who="2" m="47689" /><F63/><W67/><G67/><T92/><D92/><U126/><E2/><N who="0" m="553" /><D78/><U113/><E65/><V48/><F48/><W58/><G58/><T12/><D12/><U39/><E64/><V52/><F52/><W115/><G5/><T54/><D54/><U14/><E7/><V89/><F10/><W120/><G11/><T25/><D25/><U40/><E55/><V32/><F32/><W1/><G1/><AGARI ba="1,0" hai="1,4,9,19,20,26,69,70,89,93,99" m="47689" machi="1" ten="30,2000,0" yaku="18,1,52,1" doraHai="86" who="2" fromWho="3" sc="355,0,269,0,215,23,161,-23" /><INIT seed="4,0,0,5,3,90" ten="355,269,238,138" oya="0" hai0="12,24,116,126,29,18,30,88,107,28,74,131,94" hai1="1,15,69,4,89,51,16,86,111,62,134,75,128" hai2="38,68,20,19,103,56,130,72,48,95,5,36,23" hai3="42,67,112,73,13,115,120,84,39,100,44,82,96"/><T118/><D107/><U10/><E111/><V135/><F68/><W46/><G120/><T54/><D131/><U93/><E128/><V61/><F72/><W125/><G73/><T57/><D74/><U80/><E134/><V52/><F135/><W35/><G35/><T8/><D126/><U78/><E51/><V65/><F130/><W2/><G2/><T55/><D24/><U6/><REACH who="1" step="1"/><E1/><REACH who="1" ten="355,259,238,138" step="2"/><V14/><F38/><W11/><G125/><T104/><D118/><U124/><E124/><V91/><F36/><W50/><G50/><T105/><D116/><U81/><E81/><V71/><F5/><W47/><G115/><T77/><D77/><U123/><E123/><V0/><F0/><W70/><G112/><T102/><D102/><U87/><E87/><V33/><F103/><W119/><G119/><T45/><D45/><U31/><E31/><V40/><F40/><W37/><G42/><T7/><D7/><U64/><AGARI ba="0,1" hai="4,6,10,15,16,62,64,69,75,78,80,86,89,93" machi="64" ten="30,7900,0" yaku="1,1,0,1,52,1,54,1,53,0" doraHai="90" doraHaiUra="32" who="1" fromWho="1" sc="355,-39,259,89,238,-20,138,-20" /><INIT seed="5,0,0,1,4,130" ten="316,348,218,118" oya="1" hai0="1,98,103,90,4,31,102,6,3,78,43,91,61" hai1="69,29,44,54,14,35,18,13,129,123,96,50,2" hai2="21,32,80,73,120,12,89,94,133,22,134,62,75" hai3="115,66,125,56,47,17,104,74,55,25,93,46,88"/><U10/><E123/><V77/><F120/><W42/><G115/><T26/><D43/><U99/><E129/><V81/><F32/><W49/><G125/><T108/><D78/><U68/><E2/><V20/><F62/><W53/><G104/><T40/><D40/><U122/><E122/><V59/><F59/><W38/><G74/><T105/><D108/><U126/><E126/><V70/><F70/><W121/><G121/><T95/><D61/><U65/><E65/><V100/><F100/><W45/><G66/><T116/><D116/><U0/><E0/><V52/><F52/><N who="3" m="31759" /><G38/><T64/><D64/><U101/><E96/><V92/><F12/><W28/><G28/><T60/><D60/><U128/><E128/><V135/><F75/><W82/><G82/><T41/><D103/><U39/><E39/><V24/><F24/><W110/><G42/><T106/><D41/><U127/><E127/><V33/><F33/><W48/><G48/><T9/><D105/><U23/><E29/><V36/><F36/><W79/><G79/><T34/><D106/><U83/><E83/><N who="2" m="45487" /><F92/><W86/><G110/><T117/><D117/><U84/><E35/><V76/><F76/><W30/><G30/><T58/><D58/><U63/><E63/><V5/><F5/><W131/><G131/><T119/><D119/><U51/><E51/><V37/><F37/><W112/><G112/><T15/><D6/><U8/><E68/><V113/><F113/><W97/><G86/><AGARI ba="0,0" hai="20,21,22,80,81,86,89,94,133,134,135" m="45487" machi="86" ten="40,8000,1" yaku="20,1,52,3" doraHai="130" who="2" fromWho="3" sc="316,0,348,0,218,80,118,-80" /><INIT seed="6,0,0,4,4,12" ten="316,348,298,38" oya="2" hai0="127,33,107,78,85,90,35,95,57,51,65,92,43" hai1="83,112,17,108,70,14,31,80,100,77,3,87,22" hai2="61,72,30,25,60,7,68,76,103,118,123,56,24" hai3="111,88,96,104,121,32,48,5,131,0,113,63,19"/><V11/><F118/><W84/><G121/><T36/><D107/><U13/><E108/><V116/><F116/><W110/><G32/><T21/><D36/><U45/><E3/><V86/><F123/><W97/><G131/><T44/><D127/><U8/><E70/><V69/><F72/><W58/><G113/><T20/><D78/><U124/><E124/><V67/><F103/><W6/><G48/><T132/><D132/><U10/><E112/><V94/><F30/><W54/><G110/><T42/><D42/><U115/><E115/><V27/><F61/><W37/><G111/><T119/><D119/><U4/><E100/><V73/><F73/><W15/><G37/><T134/><D134/><U93/><E45/><V105/><F105/><W18/><G0/><T47/><D47/><U102/><E77/><V39/><F39/><W130/><G130/><T71/><D71/><U135/><E135/><V49/><F49/><W101/><G97/><T50/><D95/><U122/><E122/><V74/><F74/><W114/><G114/><T125/><D125/><U16/><E31/><V82/><REACH who="2" step="1"/><F94/><REACH who="2" ten="316,348,288,38" step="2"/><W109/><G109/><T40/><D33/><U62/><E62/><V75/><F75/><W98/><G98/><T41/><D35/><U55/><E102/><V64/><F64/><W99/><G99/><T59/><D65/><U117/><E117/><V91/><F91/><W52/><G54/><N who="0" m="31967" /><D44/><U23/><E55/><AGARI ba="0,1" hai="20,21,40,41,43,50,55,59,85,90,92" m="31967" machi="55" ten="30,1000,0" yaku="8,1" doraHai="12" who="0" fromWho="1" sc="316,20,348,-10,288,0,38,0" /><INIT seed="7,0,0,1,4,86" ten="336,338,288,38" oya="3" hai0="108,38,85,134,83,66,89,94,130,17,44,25,100" hai1="128,92,112,36,61,110,111,29,127,64,74,21,24" hai2="133,34,1,95,122,53,75,98,62,87,135,16,60" hai3="19,132,125,73,101,54,15,115,45,119,129,59,5"/><W117/><G73/><T14/><D130/><U12/><E74/><V32/><F75/><W41/><G129/><T7/><D134/><N who="2" m="51210" /><F1/><W121/><G132/><T131/><D131/><U33/><E36/><V47/><F87/><W48/><G121/><T113/><D113/><U3/><E128/><V65/><F47/><W93/><G115/><T56/><D108/><U99/><E112/><V13/><F53/><W8/><G125/><T55/><D7/><U37/><E37/><V35/><F65/><W49/><REACH who="3" step="1"/><G5/><REACH who="3" ten="336,338,288,28" step="2"/><T88/><D38/><U52/><E127/><V107/><F122/><W31/><G31/><T77/><D17/><U120/><E120/><V0/><F107/><W26/><G26/><T51/><D25/><U43/><E24/><V118/><F118/><W123/><G123/><T6/><D6/><U40/><E111/><V4/><F4/><W46/><G46/><T78/><D44/><U116/><E110/><V50/><F0/><W91/><G91/><T80/><D89/><U70/><E3/><V39/><F39/><W58/><G58/><T20/><D88/><U69/><E116/><V109/><F109/><W124/><G124/><T22/><D56/><U84/><E70/><V96/><F16/><W76/><G76/><T67/><D78/><U10/><E29/><V23/><F13/><W2/><G2/><T27/><D14/><U42/><E12/><V79/><F79/><W68/><G68/><T28/><D77/><U57/><E69/><V104/><F104/><W126/><G126/><T63/><D28/><U18/><E18/><V82/><F35/><RYUUKYOKU ba="0,1" sc="336,-10,338,-10,288,-10,28,30" hai3="8,15,19,41,45,48,49,54,59,93,101,117,119" /><INIT seed="7,1,1,2,0,26" ten="326,328,278,58" oya="3" hai0="88,122,91,3,7,130,35,107,59,61,87,69,76" hai1="96,114,5,57,1,124,115,6,31,62,37,11,48" hai2="13,15,80,125,89,39,131,128,38,81,86,47,27" hai3="22,66,74,129,60,117,30,54,116,104,36,72,53"/><W56/><G104/><T2/><D122/><U51/><E37/><V4/><F125/><W19/><G36/><T40/><D107/><U120/><E124/><V99/><F99/><W16/><G129/><T18/><D130/><U67/><E120/><V133/><F133/><W113/><G113/><N who="1" m="43018" /><E31/><V109/><F109/><W85/><G74/><T79/><D69/><U68/><E96/><V34/><F39/><W78/><G72/><T8/><D35/><U55/><E6/><V65/><F65/><W20/><G117/><T94/><D3/><U134/><E134/><V97/><F80/><N who="3" m="47255" /><G116/><T17/><D40/><U9/><E9/><V111/><F111/><W121/><G121/><T33/><D33/><U43/><E43/><V24/><F128/><W49/><G22/><T64/><D18/><N who="3" m="6697" /><G49/><AGARI ba="1,1" hai="1,5,11,48,49,51,55,57,62,67,68" m="43018" machi="49" ten="30,1000,0" yaku="15,1" doraHai="26" who="1" fromWho="3" sc="326,0,328,23,278,0,58,-13" owari="326,13.0,351,44.0,278,-12.0,45,-45.0" /></mjloggm>