<mjloggm ver="2.3"><GO type="169" lobby="0"/><UN n0="%7A%6F%6F%31%39%36%34" n1="%E3%82%A6%E3%83%AB%E3%83%88%E3%83%A9%E7%AB%8B%E7%9B%B4" n2="%E8%9B%99%E3%81%AE%E7%8E%8B" n3="%67%61%79%75%6E%79" dan="17,19,16,16" rate="2130.30,2335.80,2118.13,2135.50" sx="M,M,M,M"/><TAIKYOKU oya="0"/><INIT seed="0,0,0,1,1,101" ten="250,250,250,250" oya="0" hai0="5,94,118,68,120,132,69,21,86,67,50,109,12" hai1="113,30,125,78,9,16,114,6,72,43,62,8,10" hai2="130,48,7,85,34,63,55,64,79,93,58,20,90" hai3="27,35,100,80,70,92,112,1,15,23,83,129,41"/><T99/><D118/><U95/><E43/><V82/><F34/><W97/><G1/><T13/><D109/><U4/><E72/><V60/><F130/><W17/><G112/><N who="1" m="43114" /><E78/><V40/><F40/><W18/><G129/><T53/><D132/><U31/><E62/><V73/><F7/><N who="1" m="2601" /><E95/><V52/><F55/><W119/><G119/><T106/><D120/><U59/><E59/><V74/><F20/><W57/><G70/><T107/><D86/><U25/><E125/><V77/><REACH who="2" step="1"/><F64/><REACH who="2" ten="250,250,240,250" step="2"/><W54/><G41/><T29/><D67/><U87/><E87/><V134/><F134/><W49/><G35/><T42/><D42/><U44/><E44/><V108/><F108/><W126/><G126/><T131/><D131/><U14/><E31/><V75/><F75/><W39/><G39/><T56/><D29/><U105/><E105/><V128/><F128/><W61/><G49/><T96/><D107/><U28/><E30/><V33/><F33/><AGARI ba="0,1" hai="8,9,10,14,16,25,28,33" m="2601,43114" machi="33" ten="30,7700,0" yaku="11,1,34,2,54,1" doraHai="101" who="1" fromWho="2" sc="250,0,250,87,240,-77,250,0" /><INIT seed="1,0,0,3,0,2" ten="250,337,163,250" oya="1" hai0="28,78,44,70,22,123,119,86,18,108,122,80,35" hai1="27,41,133,91,51,134,103,7,57,131,45,64,76" hai2="101,1,65,16,5,13,73,132,33,114,29,129,36" hai3="56,83,42,128,85,94,107,99,50,74,112,105,66"/><U84/><E131/><V104/><F73/><W49/><G74/><T127/><D119/><U47/><E103/><V79/><F79/><W71/><G71/><T40/><D70/><U10/><E27/><V111/><F36/><W3/><G3/><T25/><D108/><U102/><E102/><V125/><F65/><W115/><G128/><T23/><D127/><U67/><E47/><V106/><F129/><W120/><G120/><N who="0" m="46123" /><D18/><U34/><E34/><V60/><F60/><W58/><G94/><T31/><D31/><U55/><E134/><V21/><F111/><W121/><G99/><T93/><D93/><U95/><E76/><V89/><F89/><W9/><G66/><T11/><D11/><U20/><E20/><V110/><F110/><W97/><G9/><T38/><AGARI ba="0,0" hai="22,23,25,28,35,38,40,44,78,80,86" m="46123" machi="38" ten="30,1100,0" yaku="13,1" doraHai="2" who="0" fromWho="0" sc="250,11,337,-5,163,-3,250,-3" /><INIT seed="2,0,0,0,3,6" ten="261,332,160,247" oya="2" hai0="80,98,100,69,46,125,30,65,5,16,104,68,37" hai1="97,41,108,129,114,28,117,40,19,23,94,99,121" hai2="70,60,130,127,45,79,36,92,56,18,115,52,102" hai3="47,62,81,111,96,22,112,124,120,93,58,105,9"/><V38/><F115/><W83/><G105/><T61/><D125/><U11/><E117/><V85/><F127/><W33/><G33/><T4/><D69/><U134/><E114/><V57/><F130/><W43/><G120/><T1/><D1/><U35/><E35/><V82/><F70/><W87/><G124/><T95/><D80/><U8/><E28/><V55/><F45/><W135/><G111/><T133/><D133/><U110/><E134/><V71/><F71/><W89/><G135/><T107/><D107/><U51/><E121/><V53/><F18/><W15/><G112/><T27/><D95/><U49/><E129/><V2/><F2/><W44/><G22/><T116/><D116/><U113/><E113/><V24/><F24/><W119/><G83/><T88/><D88/><U103/><E23/><V29/><F29/><W106/><G106/><T39/><D16/><U7/><E19/><V0/><F0/><W78/><G43/><N who="0" m="22895" /><D39/><U91/><E7/><V73/><F73/><W66/><G119/><T132/><D132/><U21/><E21/><V17/><F17/><AGARI ba="0,0" hai="9,15,17,44,47,58,62,66,78,81,87,89,93,96" machi="17" ten="30,3900,0" yaku="7,1,8,1,52,1" doraHai="6" who="3" fromWho="2" sc="261,0,332,0,160,-39,247,39" /><INIT seed="3,0,0,0,4,71" ten="261,332,121,286" oya="3" hai0="81,12,61,113,10,23,125,6,115,85,67,33,78" hai1="20,57,31,7,1,53,0,94,43,88,124,101,62" hai2="120,34,99,89,19,135,52,70,51,26,103,27,65" hai3="21,60,64,110,73,80,83,102,129,119,14,58,4"/><W84/><G119/><T76/><D33/><U100/><E124/><V107/><F135/><W49/><G110/><T66/><D125/><U134/><E134/><V3/><F120/><W24/><G129/><T118/><D118/><U37/><E31/><V16/><F3/><W117/><G117/><T13/><D78/><U96/><E1/><V122/><F122/><W108/><G108/><T46/><D46/><U132/><E132/><V15/><F89/><W9/><G102/><T112/><D61/><U90/><E0/><V72/><F72/><W86/><G73/><T77/><D77/><U114/><E114/><V97/><F97/><W106/><G106/><T111/><D111/><U30/><E7/><V69/><F26/><W25/><G25/><T105/><D105/><U54/><E54/><V133/><F133/><W44/><G80/><T5/><D23/><U109/><E109/><V22/><F65/><W91/><G86/><T79/><D76/><U48/><E37/><V28/><REACH who="2" step="1"/><F19/><REACH who="2" ten="261,332,111,286" step="2"/><W35/><G35/><T38/><D5/><U131/><E90/><V32/><F32/><W56/><G64/><T41/><D13/><U11/><E88/><V36/><F36/><W42/><REACH who="3" step="1"/><G60/><REACH who="3" ten="261,332,111,276" step="2"/><T123/><D123/><U75/><E62/><V74/><F74/><W18/><AGARI ba="0,2" hai="4,9,14,18,21,24,42,44,49,56,58,83,84,91" machi="18" ten="20,12000,1" yaku="1,1,2,1,0,1,7,1,8,1,53,0" doraHai="71" doraHaiUra="116" who="3" fromWho="3" sc="261,-40,332,-40,111,-40,276,140" /><INIT seed="3,1,0,0,3,76" ten="221,292,71,416" oya="3" hai0="85,0,131,52,78,25,96,80,69,11,56,60,62" hai1="74,117,9,93,18,51,72,4,130,20,48,13,90" hai2="133,101,46,109,107,55,41,120,119,102,108,2,5" hai3="134,59,21,99,31,50,128,42,66,118,70,27,116"/><W125/><G70/><T100/><D131/><U45/><E117/><V81/><F119/><W79/><G128/><T83/><D25/><U111/><E111/><N who="2" m="42571" /><F133/><W47/><G134/><T36/><D36/><U8/><E130/><V86/><F120/><W34/><G125/><T132/><D132/><U67/><E67/><V63/><F107/><W104/><G34/><T88/><D69/><U75/><E45/><V123/><F123/><W121/><G121/><T24/><D24/><U19/><E9/><N who="2" m="2231" /><F63/><W7/><G7/><T129/><D129/><U17/><REACH who="1" step="1"/><E20/><REACH who="1" ten="221,282,71,416" step="2"/><V135/><F135/><W65/><G66/><T84/><D11/><U26/><E26/><V16/><F55/><W114/><G65/><T53/><D0/><U39/><E39/><N who="2" m="21823" /><F16/><W38/><G118/><T113/><D113/><U40/><E40/><V71/><F71/><W112/><G42/><T95/><REACH who="0" step="1"/><D53/><REACH who="0" ten="211,282,71,416" step="2"/><U54/><E54/><V43/><F43/><W98/><G116/><T77/><D77/><AGARI ba="1,2" hai="77,81,86,101,102" m="21823,2231,42571" machi="77" ten="30,2000,0" yaku="14,1,52,1" doraHai="76" who="2" fromWho="0" sc="211,-23,282,0,71,43,416,0" /><INIT seed="4,0,0,2,1,28" ten="188,282,114,416" oya="0" hai0="63,103,131,122,58,101,77,30,111,17,62,74,59" hai1="11,32,129,5,20,60,57,113,110,92,88,9,67" hai2="22,86,135,108,87,78,126,7,1,96,130,35,18" hai3="31,72,53,50,125,84,0,123,83,14,79,95,76"/><T19/><D122/><U43/><E110/><V70/><F108/><W127/><G0/><T128/><D111/><U107/><E107/><V55/><F70/><W73/><G123/><T120/><D120/><U89/><E32/><V85/><F135/><W66/><G66/><T27/><D77/><U37/><E129/><V16/><F130/><N who="0" m="49706" /><D74/><U15/><E113/><V93/><F126/><W112/><G112/><T10/><D10/><N who="1" m="4559" /><E37/><V12/><F78/><W100/><G31/><T97/><D59/><U52/><E43/><V49/><F35/><W29/><G29/><T36/><D36/><U94/><E20/><V133/><F133/><W119/><G119/><T117/><D117/><U33/><E33/><V44/><F18/><N who="0" m="6666" /><D58/><U71/><E71/><V54/><F1/><W65/><G76/><T82/><D82/><U26/><E26/><V81/><F7/><W42/><G83/><T23/><D103/><U116/><E116/><V2/><F2/><W106/><G100/><T61/><D63/><U4/><E4/><V38/><F38/><W68/><G79/><T40/><D40/><U90/><E67/><V132/><F132/><W115/><G42/><T109/><D109/><U24/><E24/><V48/><F81/><W69/><G65/><T134/><D134/><U13/><E13/><V104/><F104/><AGARI ba="0,0" hai="23,27,30,61,62,97,101,104" m="6666,49706" machi="104" ten="30,1500,0" yaku="19,1" doraHai="28" who="0" fromWho="2" sc="188,15,282,0,114,-15,416,0" /><INIT seed="4,1,0,1,5,55" ten="203,282,99,416" oya="0" hai0="3,75,37,87,5,23,65,1,86,125,59,93,25" hai1="62,89,7,74,115,51,64,83,107,134,53,6,18" hai2="15,27,8,108,38,78,16,56,14,91,72,90,39" hai3="103,95,42,50,24,17,97,127,88,104,58,102,101"/><T69/><D69/><U49/><E107/><V133/><F108/><W22/><G127/><T79/><D37/><U31/><E31/><V82/><F133/><W29/><G104/><T10/><D125/><U113/><E134/><V60/><F27/><W28/><G42/><T44/><D1/><U52/><E18/><V19/><F39/><W77/><G77/><T98/><D44/><U76/><E89/><V110/><F38/><W36/><G36/><T128/><D128/><U9/><E51/><V40/><F40/><W84/><G84/><T2/><D2/><U106/><E106/><V73/><F73/><W112/><G112/><N who="1" m="43082" /><E49/><V116/><F116/><W119/><G119/><T80/><D65/><U46/><E46/><V135/><F110/><W45/><G45/><T114/><D114/><U124/><E124/><V111/><F135/><W20/><G20/><T96/><D59/><N who="1" m="36959" /><E6/><V21/><REACH who="2" step="1"/><F111/><REACH who="2" ten="203,282,89,416" step="2"/><W131/><G131/><T122/><D122/><U0/><AGARI ba="1,1" hai="0,7,9,52,53,74,76,83" m="36959,43082" machi="0" ten="30,7900,0" yaku="15,1,11,1,52,1,54,1" doraHai="55" who="1" fromWho="1" sc="203,-40,282,92,89,-21,416,-21" /><INIT seed="5,0,0,2,1,38" ten="163,374,68,395" oya="1" hai0="93,60,80,134,115,21,61,0,133,73,90,15,112" hai1="87,50,20,8,63,96,70,76,120,128,56,67,69" hai2="114,78,13,103,89,43,44,95,11,121,116,57,85" hai3="58,33,66,122,104,109,49,88,26,64,16,106,36"/><U72/><E120/><V4/><F116/><W55/><G122/><T130/><D0/><U83/><E128/><V52/><F114/><N who="0" m="43562" /><D130/><U77/><E8/><V99/><F121/><W10/><G109/><T132/><D80/><U5/><E5/><V41/><F44/><W82/><G36/><T27/><D15/><U113/><E113/><V28/><F28/><W47/><G106/><T75/><D61/><U9/><E9/><V135/><F78/><W110/><G104/><T29/><D60/><U6/><E6/><V92/><REACH who="2" step="1"/><F135/><REACH who="2" ten="163,374,58,395" step="2"/><W91/><G47/><T118/><D118/><U111/><E77/><V107/><F107/><W3/><G110/><T23/><D23/><U71/><E111/><V54/><F54/><W1/><G33/><T48/><D75/><U17/><E72/><V101/><F101/><W65/><G55/><T42/><D73/><U97/><REACH who="1" step="1"/><E50/><AGARI ba="0,1" hai="4,11,13,41,43,50,52,57,85,89,92,95,99,103" machi="50" ten="30,12000,2" yaku="1,1,7,1,8,1,52,2,54,1,53,0" doraHai="38" doraHaiUra="124" who="2" fromWho="1" sc="163,0,374,-120,58,130,395,0" /><INIT seed="6,0,0,3,2,49" ten="163,254,188,395" oya="2" hai0="1,45,80,89,82,83,67,118,135,5,109,132,47" hai1="34,20,53,74,59,17,15,46,87,124,127,116,84" hai2="24,48,133,68,63,125,93,71,98,30,41,55,11" hai3="54,62,107,111,4,79,23,117,120,44,51,28,90"/><V72/><F72/><W35/><G35/><T77/><D109/><U29/><E74/><V97/><F41/><W21/><G107/><T65/><D77/><U112/><E116/><V32/><F133/><N who="0" m="51274" /><D89/><U60/><E112/><V99/><F125/><N who="1" m="48201" /><E46/><N who="0" m="17417" /><D118/><U95/><E95/><V105/><F105/><W9/><G28/><T121/><D121/><U10/><E34/><V43/><F43/><W13/><G79/><T52/><D5/><N who="1" m="3535" /><E29/><V91/><F11/><W0/><G9/><T25/><D1/><U36/><E36/><V126/><F126/><W64/><G4/><T130/><D130/><U115/><E115/><V8/><F8/><W19/><G0/><T123/><D123/><U129/><E129/><V100/><F100/><W78/><G78/><T50/><D25/><AGARI ba="0,0" hai="17,20,25,53,59,60,84,87" m="3535,48201" machi="25" ten="30,2000,0" yaku="18,1,52,1" doraHai="49" who="1" fromWho="0" sc="163,-20,254,20,188,0,395,0" /><INIT seed="7,0,0,0,5,122" ten="143,274,188,395" oya="3" hai0="132,20,64,123,109,108,50,74,130,7,19,119,118" hai1="92,111,8,27,110,112,59,13,77,40,44,17,56" hai2="100,32,2,91,23,31,42,99,49,24,98,71,72" hai3="114,69,107,104,14,126,35,22,62,45,90,46,10"/><W88/><G35/><T131/><D74/><U6/><E112/><V113/><F71/><W39/><G22/><T4/><D64/><U11/><E59/><V102/><F2/><W58/><G69/><T3/><D123/><U81/><E56/><V33/><F113/><W135/><G104/><T97/><D97/><U57/><E57/><V125/><F125/><W76/><G107/><T78/><D78/><U133/><E92/><V106/><F91/><W47/><G76/><T54/><D132/><U73/><E133/><V95/><F72/><W16/><G135/><T15/><D54/><U121/><E121/><V134/><F134/><W55/><G126/><T79/><D50/><U51/><E27/><V96/><F96/><W26/><G26/><T80/><D80/><U86/><E73/><V82/><F82/><W37/><G114/><T105/><D79/><U41/><E41/><V117/><F117/><N who="0" m="44554" /><D105/><U75/><E75/><V0/><F49/><W5/><G5/><N who="0" m="2123" /><D3/><AGARI ba="0,0" hai="3,6,8,11,13,17,40,44,51,77,81,86,110,111" machi="3" ten="30,3900,0" yaku="7,1,52,2" doraHai="122" who="1" fromWho="0" sc="143,-39,274,39,188,0,395,0" owari="104,-40.0,313,11.0,188,-21.0,395,50.0" /></mjloggm>