<mjloggm ver="2.3"><GO type="169" lobby="0"/><UN n0="%E3%81%AA%E3%81%AA%E3%81%BF%E3%82%93%E3%81%94" n1="%E3%82%8A%E3%82%85%E3%81%85" n2="%E3%83%88%E3%83%88%E3%83%AA%E5%85%88%E7%94%9F%31%39%E6%AD%B3" n3="%67%6F%75%73%69" dan="16,17,19,17" rate="2098.02,2164.12,2275.19,2157.77" sx="F,M,F,M"/><TAIKYOKU oya="0"/><INIT seed="0,0,0,4,5,7" ten="250,250,250,250" oya="0" hai0="38,72,36,48,98,134,50,34,94,102,10,0,109" hai1="63,88,124,26,91,8,107,24,96,129,25,68,31" hai2="111,80,11,44,105,39,62,5,70,131,33,66,120" hai3="73,55,71,3,6,128,32,28,92,51,75,103,95"/><T60/><D134/><U52/><E129/><V97/><F120/><W93/><G71/><T21/><D34/><U1/><E124/><V127/><F127/><W9/><G103/><T12/><D72/><U100/><E31/><V118/><F118/><W77/><G128/><T121/><D121/><U79/><E79/><V110/><F131/><W46/><REACH who="3" step="1"/><G77/><REACH who="3" ten="250,250,250,240" step="2"/><T135/><D102/><U22/><E68/><V14/><F70/><W130/><G130/><T85/><D135/><U59/><REACH who="1" step="1"/><E22/><REACH who="1" ten="250,240,250,240" step="2"/><V20/><F20/><W115/><G115/><T126/><D21/><U57/><E57/><V83/><F33/><W82/><G82/><T54/><D126/><U89/><E89/><V15/><F83/><W4/><G4/><AGARI ba="0,2" hai="1,4,8,24,25,26,52,59,63,88,91,96,100,107" machi="4" ten="40,8000,1" yaku="1,1,52,1,54,2,53,1" doraHai="7" doraHaiUra="101" who="1" fromWho="3" sc="250,0,240,100,250,0,240,-80" /><INIT seed="1,0,0,0,2,119" ten="250,340,250,160" oya="1" hai0="99,74,116,2,10,28,70,108,103,105,52,130,87" hai1="86,90,94,34,73,122,85,32,37,67,61,42,54" hai2="17,36,33,56,97,29,51,77,124,9,57,47,41" hai3="12,50,7,96,30,93,100,75,18,43,53,126,134"/><U95/><E73/><V112/><F124/><W110/><G75/><T80/><D116/><U25/><E54/><V88/><F112/><W31/><G126/><T72/><D130/><U109/><E122/><V101/><F77/><W123/><G134/><T78/><D108/><U16/><E109/><V121/><F121/><W106/><G110/><T127/><D127/><U11/><E42/><V14/><F36/><W22/><G123/><T55/><D70/><U120/><E37/><V133/><F133/><W5/><G43/><T38/><D38/><U21/><E120/><V1/><F1/><W58/><REACH who="3" step="1"/><G106/><REACH who="3" ten="250,340,250,150" step="2"/><T39/><D72/><U128/><E128/><V60/><F41/><W63/><G63/><T83/><D39/><U35/><E11/><V26/><F60/><W102/><G102/><T19/><D28/><AGARI ba="0,1" hai="5,7,12,18,22,28,30,31,50,53,58,93,96,100" machi="28" ten="40,5200,0" yaku="1,1,8,1,53,1" doraHai="119" doraHaiUra="46" who="3" fromWho="0" sc="250,-52,340,0,250,0,150,62" /><INIT seed="2,0,0,0,2,32" ten="198,340,250,212" oya="2" hai0="17,87,27,124,33,7,42,16,14,78,114,75,48" hai1="26,111,13,2,45,69,103,71,85,20,46,37,67" hai2="115,8,24,110,86,113,106,132,70,100,36,116,11" hai3="97,43,102,129,64,4,108,40,9,41,56,77,19"/><V121/><F70/><W31/><G129/><T15/><D75/><U122/><E111/><V128/><F36/><W44/><G31/><T5/><D114/><N who="2" m="43530" /><F86/><W117/><G108/><T127/><D42/><U3/><E103/><V38/><F100/><W47/><G117/><T25/><D48/><U107/><E107/><V18/><F38/><W28/><G28/><T22/><D87/><U112/><E112/><V95/><F95/><W34/><G34/><T63/><D63/><U23/><E85/><V88/><F88/><W60/><G19/><T65/><D65/><U135/><E67/><V94/><F24/><N who="0" m="9290" /><D78/><U133/><E26/><V105/><F116/><W81/><G81/><T49/><D49/><U79/><E37/><V130/><F110/><W72/><G77/><T104/><D104/><U76/><REACH who="1" step="1"/><E13/><REACH who="1" ten="198,330,250,212" step="2"/><N who="2" m="7463" /><F106/><W66/><G66/><T118/><D33/><U58/><E58/><V54/><F105/><W50/><G72/><T30/><D30/><U39/><E39/><V99/><F128/><W59/><G102/><T51/><D118/><U35/><E35/><V82/><F99/><W98/><G59/><T29/><D29/><U109/><E109/><V83/><F130/><W57/><G56/><T96/><D96/><N who="3" m="36969" /><G47/><T53/><D124/><U61/><E61/><V12/><F94/><W62/><G60/><T125/><D127/><U126/><E126/><V80/><F80/><W84/><G84/><T92/><D92/><U0/><E0/><V93/><F93/><W91/><G91/><T123/><D125/><U1/><E1/><V10/><F82/><W101/><G101/><RYUUKYOKU ba="0,1" sc="198,-15,330,15,250,-15,212,15" hai1="2,3,20,23,45,46,69,71,76,79,122,133,135" hai3="4,9,40,41,43,44,50,57,62,64" /><INIT seed="3,1,1,1,2,85" ten="183,345,235,227" oya="3" hai0="78,14,28,110,119,57,55,104,67,23,81,51,6" hai1="60,98,3,34,2,102,18,59,37,101,29,48,65" hai2="125,73,39,82,0,40,86,126,58,54,93,56,77" hai3="114,79,122,45,76,12,26,131,112,30,21,128,49"/><W106/><G106/><T8/><D104/><U52/><E37/><V74/><F0/><W24/><G122/><T46/><D119/><U120/><E120/><V109/><F109/><W105/><G105/><T62/><D110/><U33/><E3/><V41/><F58/><W36/><G36/><T1/><D1/><U69/><E2/><V84/><F84/><W68/><G68/><T70/><D28/><U133/><E133/><V96/><F74/><W42/><G12/><T127/><D23/><U11/><E29/><V132/><F73/><W97/><G26/><T135/><D127/><N who="2" m="48650" /><F39/><W63/><G63/><T38/><D135/><U100/><REACH who="1" step="1"/><E98/><REACH who="1" ten="183,335,235,227" step="2"/><V107/><F132/><W71/><G97/><T31/><D31/><U20/><E20/><V89/><F107/><W116/><G116/><T124/><D124/><U80/><E80/><V94/><F94/><W19/><G30/><T115/><D115/><U90/><E90/><N who="2" m="55351" /><F77/><W44/><G79/><T15/><D81/><U35/><E35/><V118/><F118/><W87/><G112/><T99/><D78/><U61/><E61/><AGARI ba="1,2" hai="40,41,54,56,61,82,86,89" m="55351,48650" machi="61" ten="30,3900,0" yaku="18,1,52,2" doraHai="85" who="2" fromWho="1" sc="183,0,335,-42,235,62,227,0" /><INIT seed="4,0,0,3,3,41" ten="183,293,297,227" oya="0" hai0="66,10,65,12,119,111,16,108,39,50,83,15,45" hai1="90,69,51,125,133,122,80,27,18,44,24,42,55" hai2="61,9,57,17,123,78,109,35,68,104,49,62,54" hai3="63,31,117,0,94,53,13,85,5,23,47,86,102"/><T99/><D119/><U22/><E122/><V25/><F109/><N who="0" m="42058" /><D39/><U135/><E125/><V131/><F123/><W60/><G117/><T70/><D70/><U130/><E130/><V74/><F104/><W32/><G32/><T36/><D36/><U132/><E69/><V37/><F37/><W59/><G0/><T46/><D99/><U11/><E42/><V14/><F131/><W48/><G60/><T20/><D83/><U71/><E71/><V30/><F74/><W91/><G102/><T28/><D28/><U52/><E55/><V75/><F75/><W87/><G31/><T8/><D8/><U88/><E27/><V3/><F78/><W115/><G115/><T1/><D1/><U93/><E80/><V6/><F68/><W38/><G38/><T100/><D100/><U79/><E79/><V128/><F128/><W81/><G81/><T129/><D129/><U96/><E11/><AGARI ba="0,0" hai="3,6,9,11,14,17,25,30,35,49,54,57,61,62" machi="11" ten="30,1000,0" yaku="7,1" doraHai="41" who="2" fromWho="1" sc="183,0,293,-10,297,10,227,0" /><INIT seed="5,0,0,4,2,108" ten="183,283,307,227" oya="1" hai0="124,88,122,104,32,47,59,72,2,97,19,21,102" hai1="96,133,119,14,91,120,125,73,52,111,121,85,13" hai2="131,123,74,62,41,107,81,6,86,11,128,58,31" hai3="25,67,114,106,92,78,95,83,51,49,36,18,101"/><U110/><E73/><V94/><F123/><W12/><G36/><T79/><D32/><U132/><E96/><V118/><F107/><W134/><G106/><T4/><D122/><U50/><E119/><V109/><F109/><N who="1" m="41481" /><E125/><V127/><F127/><W71/><G25/><T42/><D124/><U82/><E120/><V3/><F118/><W23/><G71/><T105/><D105/><U113/><E113/><V34/><F74/><W69/><G67/><T54/><D72/><U63/><E63/><V70/><F70/><W9/><G69/><T20/><D79/><U48/><E48/><V0/><F0/><W87/><G134/><N who="1" m="51818" /><E121/><V116/><F116/><W30/><G114/><T7/><D88/><U115/><E115/><V89/><F62/><W60/><G60/><T17/><D97/><U44/><AGARI ba="0,0" hai="13,14,44,50,52,82,85,91" m="51818,41481" machi="44" ten="30,6000,0" yaku="10,1,20,1,54,1" doraHai="108" who="1" fromWho="1" sc="183,-20,283,60,307,-20,227,-20" /><INIT seed="5,1,0,0,5,44" ten="163,343,287,207" oya="1" hai0="24,96,75,36,124,109,91,82,133,132,99,81,31" hai1="79,105,46,93,63,6,122,130,88,21,32,114,84" hai2="1,40,68,71,69,108,113,41,38,80,66,119,50" hai3="78,51,100,128,106,104,125,16,120,55,27,19,34"/><U131/><E32/><V112/><F1/><W86/><G120/><T126/><D36/><U29/><E122/><V25/><F108/><W2/><G2/><T7/><D7/><U3/><E105/><V111/><F111/><W129/><G125/><N who="0" m="48235" /><D24/><U87/><E114/><N who="2" m="44139" /><F38/><W107/><G100/><T22/><D22/><U52/><E6/><V0/><F0/><W57/><G78/><N who="0" m="44255" /><D31/><U59/><E3/><V45/><F80/><W49/><G86/><N who="0" m="50647" /><D109/><U64/><E21/><V48/><F119/><W30/><REACH who="3" step="1"/><G51/><REACH who="3" ten="163,343,287,197" step="2"/><N who="2" m="19497" /><F25/><W94/><G94/><T13/><D13/><U77/><E93/><V4/><F4/><W35/><G35/><T98/><AGARI ba="1,1" hai="96,98,99,132,133" m="50647,44255,48235" machi="98" ten="40,5200,0" yaku="18,1,34,2" doraHai="44" who="0" fromWho="0" sc="163,65,343,-27,287,-14,197,-14" /><INIT seed="6,0,0,2,0,11" ten="228,316,273,183" oya="2" hai0="97,38,72,28,17,34,49,82,54,116,64,48,27" hai1="29,94,109,37,127,44,51,131,7,80,81,4,105" hai2="77,75,5,58,26,125,13,40,63,114,65,103,21" hai3="57,1,6,110,55,24,18,89,33,45,74,36,107"/><V9/><F114/><W122/><G122/><T91/><D38/><U130/><E105/><V62/><F125/><W93/><G107/><T61/><D116/><U99/><E37/><V20/><F40/><W128/><G110/><T22/><D54/><N who="1" m="30055" /><E29/><V101/><F21/><W35/><G74/><T100/><D91/><U121/><E109/><V106/><F106/><W71/><G71/><T16/><D82/><N who="1" m="31851" /><E121/><V19/><F77/><W76/><G76/><T50/><D72/><U39/><E39/><V98/><F75/><W43/><G128/><N who="1" m="49194" /><E127/><V32/><F98/><W59/><G59/><N who="0" m="36927" /><D34/><U90/><AGARI ba="0,0" hai="4,7,90,94,99" m="49194,31851,30055" machi="90" ten="30,1100,0" yaku="19,1" doraHai="11" who="1" fromWho="1" sc="228,-3,316,11,273,-5,183,-3" /><INIT seed="7,0,0,1,3,111" ten="225,327,268,180" oya="3" hai0="110,78,105,30,41,54,125,58,49,97,124,50,65" hai1="3,99,115,39,48,37,96,51,113,29,83,94,57" hai2="80,76,101,104,74,85,28,31,19,14,62,130,121" hai3="91,25,81,132,16,52,45,11,128,100,24,12,34"/><W59/><G128/><T10/><D10/><U127/><E3/><V108/><F108/><W4/><G132/><T61/><D78/><U72/><E127/><N who="0" m="48713" /><D30/><U98/><E29/><V135/><F135/><W84/><G34/><T17/><D17/><U109/><E94/><V90/><F130/><W36/><G100/><N who="0" m="62607" /><D110/><U2/><E2/><V75/><F75/><W68/><G68/><N who="0" m="42031" /><D41/><U26/><E48/><AGARI ba="0,0" hai="48,49,50,54,58" m="42031,62607,48713" machi="48" ten="30,1000,0" yaku="18,1" doraHai="111" who="0" fromWho="1" sc="225,10,327,-10,268,0,180,0" owari="235,-16.0,317,41.0,268,7.0,180,-32.0" /></mjloggm>