<mjloggm ver="2.3"><GO type="169" lobby="0"/><UN n0="%E6%88%B0%E5%A0%B4%E3%83%B6%E5%8E%9F%E3%81%B2%E3%81%9F%E3%81%8E" n1="%E9%87%8C%E4%B8%AD%E4%BA%9C%E7%9F%A2%E5%AD%90" n2="%E9%BB%92%E3%81%84%E9%A4%8A%E5%88%86" n3="%E3%83%88%E3%83%88%E3%83%AA%E5%85%88%E7%94%9F%31%39%E6%AD%B3" dan="16,16,16,19" rate="2088.51,2126.13,2090.55,2276.59" sx="F,M,M,F"/><TAIKYOKU oya="0"/><INIT seed="0,0,0,0,5,135" ten="250,250,250,250" oya="0" hai0="73,50,87,16,133,21,26,37,110,27,67,89,83" hai1="86,64,62,98,65,4,46,93,126,97,44,63,99" hai2="5,32,29,52,75,102,94,47,6,121,91,28,79" hai3="96,108,56,103,128,68,92,118,41,111,8,58,107"/><T80/><D37/><U14/><E126/><V33/><F121/><W71/><G118/><T130/><D130/><U22/><E86/><V131/><F102/><W9/><G128/><T7/><D133/><U134/><E93/><V12/><F131/><W84/><G41/><T90/><D7/><U109/><E109/><N who="3" m="42058" /><G56/><T43/><D67/><N who="1" m="25675" /><E134/><V36/><F36/><W104/><G58/><T60/><D110/><U85/><E85/><V51/><F75/><W114/><G114/><T88/><D60/><N who="1" m="23083" /><E4/><N who="2" m="1643" /><F33/><W10/><G84/><N who="0" m="50311" /><D73/><U112/><E112/><V59/><F32/><W105/><AGARI ba="0,0" hai="8,9,10,68,71,92,96,103,104,105,107" m="42058" machi="105" ten="40,1500,0" yaku="14,1" doraHai="135" who="3" fromWho="3" sc="250,-7,250,-4,250,-4,250,15" /><INIT seed="1,0,0,1,5,38" ten="243,246,246,265" oya="1" hai0="26,101,9,25,95,46,135,123,125,41,120,73,1" hai1="42,106,97,54,93,134,124,32,131,53,67,12,81" hai2="110,56,91,96,115,61,34,71,43,111,118,72,86" hai3="130,3,102,88,33,50,44,57,116,113,132,7,84"/><U0/><E0/><V121/><F121/><N who="0" m="46666" /><D73/><U122/><E122/><V99/><F72/><W76/><G113/><T98/><D135/><U36/><E106/><V45/><F34/><W31/><G116/><T78/><D78/><U6/><E32/><V128/><F71/><W23/><G33/><T62/><D62/><U2/><E2/><V21/><F21/><W48/><G132/><T52/><D125/><U37/><E134/><V59/><F118/><W90/><G130/><T79/><D79/><U109/><E124/><V49/><F128/><W64/><G102/><T126/><D126/><U85/><E131/><V65/><F59/><W22/><G7/><N who="0" m="1263" /><D52/><U112/><E112/><V103/><F115/><W127/><G3/><T117/><D117/><U80/><E67/><V77/><F77/><W15/><G127/><T8/><D8/><U105/><E105/><V104/><REACH who="2" step="1"/><F99/><REACH who="2" ten="243,246,236,265" step="2"/><W27/><G76/><T58/><D58/><U70/><E70/><V11/><F11/><W24/><G84/><T17/><D17/><U66/><E85/><V82/><AGARI ba="0,1" hai="43,45,49,56,61,65,82,86,91,96,103,104,110,111" machi="82" ten="30,4000,0" yaku="1,1,0,1,52,1,53,0" doraHai="38" doraHaiUra="75" who="2" fromWho="2" sc="243,-10,246,-20,236,50,265,-10" /><INIT seed="2,0,0,3,0,7" ten="233,226,286,255" oya="2" hai0="124,96,113,87,44,89,91,70,98,55,133,62,56" hai1="30,128,45,18,126,127,120,19,25,54,82,41,103" hai2="26,119,43,131,132,97,121,67,84,2,21,16,118" hai3="135,48,0,29,72,61,59,5,65,60,79,73,112"/><V106/><F121/><W90/><G135/><T130/><D133/><U3/><E3/><V6/><F132/><W22/><G112/><T23/><D130/><U52/><E128/><V13/><F131/><W101/><G79/><T108/><D124/><N who="1" m="47659" /><E103/><V92/><F43/><W57/><G48/><T107/><D108/><U28/><E82/><V75/><F75/><W32/><G32/><T35/><D35/><N who="1" m="20879" /><E30/><V50/><F106/><W125/><G125/><T51/><D70/><U71/><E71/><V102/><F2/><W63/><G63/><T53/><D113/><U115/><E115/><V17/><F67/><W76/><G76/><T88/><D107/><U110/><E110/><V117/><F50/><W11/><G90/><T74/><D74/><U85/><E85/><V95/><F84/><W40/><G101/><T86/><D23/><U109/><E109/><V81/><F81/><W38/><G22/><T31/><D31/><U114/><E114/><V66/><F66/><W94/><G29/><T46/><D46/><U99/><E99/><AGARI ba="0,0" hai="44,51,53,55,56,62,86,87,88,89,91,96,98,99" machi="99" ten="40,2600,0" yaku="8,1,54,1" doraHai="7" who="0" fromWho="1" sc="233,26,226,-26,286,0,255,0" /><INIT seed="3,0,0,4,5,77" ten="259,200,286,255" oya="3" hai0="11,14,44,13,86,22,34,112,23,30,97,1,21" hai1="106,71,26,0,103,57,88,31,117,3,15,116,38" hai2="80,92,119,132,45,85,124,40,129,46,121,25,115" hai3="28,27,19,95,76,51,56,52,101,60,36,100,73"/><W105/><G36/><T39/><D97/><U127/><E127/><V93/><F124/><W128/><G128/><T126/><D126/><U2/><E15/><V111/><F119/><N who="1" m="45641" /><E57/><V5/><F115/><W63/><G105/><T48/><D39/><U130/><E130/><V133/><F129/><W33/><G19/><T8/><D112/><U131/><E131/><V135/><F121/><W114/><G114/><T16/><D86/><U72/><E38/><V32/><F5/><W134/><G134/><T24/><D48/><U17/><E17/><V66/><F66/><W75/><G75/><T69/><D44/><N who="2" m="17002" /><F40/><W96/><REACH who="3" step="1"/><G101/><REACH who="3" ten="259,200,286,245" step="2"/><T67/><D69/><U9/><E71/><V65/><F132/><W53/><G53/><T84/><D67/><U109/><E103/><V42/><F65/><W82/><AGARI ba="0,1" hai="27,28,33,51,52,56,60,63,73,76,82,95,96,100" machi="82" ten="30,11700,0" yaku="1,1,0,1,52,1,54,1,53,0" doraHai="77" doraHaiUra="68" who="3" fromWho="3" sc="259,-39,200,-39,286,-39,245,127" /><INIT seed="3,1,0,1,5,11" ten="220,161,247,372" oya="3" hai0="89,119,135,25,98,75,82,38,104,24,41,110,0" hai1="83,87,88,53,13,19,115,85,94,4,18,23,37" hai2="9,112,99,12,56,43,10,102,28,124,114,8,14" hai3="126,6,33,113,105,129,27,35,66,118,95,45,48"/><W54/><G113/><T103/><D110/><U117/><E37/><V132/><F43/><W93/><G118/><T86/><D135/><U32/><E32/><V17/><F132/><W107/><G129/><T73/><D119/><U3/><E115/><V20/><F124/><W81/><G126/><T29/><D0/><U78/><E117/><V123/><F123/><W62/><G105/><T101/><D101/><U44/><E3/><V92/><F28/><W64/><G107/><T42/><D42/><U130/><E130/><V46/><F46/><W40/><G64/><T39/><D39/><U74/><E4/><V50/><F112/><W47/><G81/><T96/><D96/><U79/><E19/><N who="2" m="8583" /><F114/><W80/><G6/><T5/><D5/><U131/><E131/><V111/><F111/><W72/><G35/><T90/><D25/><U134/><E134/><V120/><F120/><W1/><G1/><T106/><D106/><U77/><REACH who="1" step="1"/><E74/><REACH who="1" ten="220,151,247,372" step="2"/><V84/><F84/><W71/><G33/><T2/><D2/><U59/><E59/><V34/><F34/><W133/><G133/><T55/><D75/><U122/><E122/><V121/><F121/><W128/><G128/><T15/><D73/><U31/><E31/><V61/><F50/><AGARI ba="1,1" hai="13,18,23,44,50,53,77,78,79,83,85,87,88,94" machi="50" ten="40,8000,1" yaku="1,1,8,1,52,1,54,1,53,0" doraHai="11" doraHaiUra="116" who="1" fromWho="2" sc="220,0,151,93,247,-83,372,0" /><INIT seed="4,0,0,1,1,2" ten="220,244,164,372" oya="0" hai0="1,9,52,26,34,42,38,98,100,59,130,96,11" hai1="58,78,33,32,129,120,99,53,71,40,90,109,92" hai2="46,86,70,39,19,122,85,0,28,7,132,51,105" hai3="8,62,57,91,35,124,68,108,17,94,131,43,16"/><T55/><D130/><U64/><E120/><V79/><F122/><W72/><G108/><T50/><D98/><U118/><E118/><V103/><F132/><W76/><G68/><T54/><D9/><U56/><E71/><V114/><F70/><W127/><G35/><T66/><D66/><U25/><E40/><V73/><F114/><W111/><G111/><T93/><D34/><U95/><E78/><V13/><F28/><W23/><G131/><T27/><D27/><U82/><E82/><V6/><F0/><W4/><G43/><T74/><D74/><U22/><E129/><V126/><F39/><W107/><G107/><T18/><D26/><U30/><E109/><V29/><F29/><W3/><G76/><T133/><D133/><U10/><E10/><V104/><F104/><W101/><G101/><T69/><D69/><U106/><E106/><V41/><F73/><W20/><G20/><T24/><D24/><U116/><E116/><V81/><F86/><N who="3" m="52599" /><G23/><T60/><D38/><U115/><E115/><V21/><REACH who="2" step="1"/><F126/><REACH who="2" ten="220,244,154,372" step="2"/><N who="3" m="48171" /><G72/><T63/><D1/><U37/><E37/><V61/><F61/><W84/><G84/><T112/><D60/><N who="1" m="37895" /><E33/><V44/><F44/><W87/><G87/><T75/><D75/><U83/><E32/><V128/><F128/><W47/><G47/><N who="0" m="25975" /><D112/><U88/><E99/><AGARI ba="0,1" hai="6,7,13,19,21,41,46,51,79,81,85,99,103,105" machi="99" ten="40,5200,0" yaku="1,1,52,2,53,0" doraHai="2" doraHaiUra="89" who="2" fromWho="1" sc="220,0,244,-52,154,62,372,0" /><INIT seed="5,0,0,1,4,109" ten="220,192,216,372" oya="1" hai0="86,8,0,83,100,4,110,34,37,19,60,54,135" hai1="53,113,7,104,96,48,73,65,50,129,30,46,11" hai2="20,9,13,3,115,25,23,124,45,95,112,90,77" hai3="69,2,61,91,28,33,116,76,62,22,82,35,43"/><U47/><E73/><V99/><F124/><W133/><G2/><T5/><D37/><U16/><E129/><V59/><F3/><W122/><G122/><T134/><D100/><U27/><E65/><V84/><F45/><W92/><G22/><T41/><D41/><U93/><E104/><V87/><F59/><W80/><G80/><T12/><D34/><U39/><E39/><V58/><F58/><W66/><G28/><T14/><D110/><U55/><E113/><N who="2" m="43595" /><F77/><W94/><G69/><T119/><D119/><U126/><E126/><V56/><F56/><W118/><G43/><T67/><D54/><U97/><E93/><V26/><F23/><W10/><G76/><N who="0" m="46439" /><D0/><U40/><E40/><V120/><F120/><W85/><G66/><T108/><D108/><U102/><E102/><V89/><F20/><W57/><G57/><N who="0" m="37263" /><D12/><N who="1" m="5247" /><E30/><V78/><F78/><W31/><G31/><T63/><D63/><U98/><E27/><N who="2" m="10251" /><F90/><W29/><G29/><T32/><D32/><U71/><E71/><V101/><F101/><W128/><G91/><T1/><D1/><U64/><E64/><V114/><N who="2" m="43603" /><V74/><DORA hai="121" /><F74/><W130/><G35/><T6/><D8/><U21/><E21/><V70/><F70/><W107/><G10/><T18/><D14/><U72/><E72/><V38/><F38/><W42/><G33/><T131/><D131/><U123/><E123/><V127/><F127/><W36/><G130/><T79/><D79/><U49/><E49/><V117/><F117/><W24/><G128/><T17/><D6/><AGARI ba="0,0" hai="6,9,13,84,87,89,95,99" m="10251,43603" machi="6" ten="40,12000,2" yaku="15,1,11,1,52,4" doraHai="109,121" who="2" fromWho="0" sc="220,-120,192,0,216,120,372,0" /><INIT seed="6,0,0,2,1,3" ten="100,192,336,372" oya="2" hai0="0,36,22,62,115,104,53,2,120,29,8,91,87" hai1="46,75,89,30,10,96,124,24,55,132,54,42,74" hai2="50,4,60,59,41,73,35,13,100,99,93,80,61" hai3="49,90,92,65,70,103,17,38,33,113,52,31,106"/><V11/><F35/><W108/><G108/><T21/><D36/><U63/><E124/><V98/><F98/><N who="3" m="61815" /><G38/><T129/><D104/><U102/><E89/><V131/><F131/><W43/><G17/><T69/><D129/><U114/><E114/><V118/><F118/><W112/><G43/><T6/><D120/><U105/><E10/><V101/><F101/><W20/><G20/><T44/><D115/><N who="3" m="44105" /><G65/><T18/><D0/><U111/><E111/><V86/><F73/><W81/><G81/><T25/><D69/><U97/><E97/><V34/><F34/><W37/><G37/><T12/><D44/><U135/><E74/><V79/><F59/><N who="3" m="33167" /><G70/><T45/><D45/><AGARI ba="0,0" hai="4,11,13,41,45,50,60,61,79,80,86,93,99,100" machi="45" ten="40,12000,1" yaku="25,2,8,1,52,1" doraHai="3" who="2" fromWho="0" sc="100,-120,192,0,336,120,372,0" owari="-20,-52.0,192,-21.0,456,56.0,372,17.0" /></mjloggm>