<mjloggm ver="2.3"><GO type="169" lobby="0"/><UN n0="%6F%69%73%79%6F" n1="%E3%82%AF%E3%83%AD%E3%82%B9%E3%83%AD%E3%83%BC%E3%83%AB" n2="%E6%B2%96%EF%BC%92%EF%BC%99" n3="%E3%83%88%E3%83%88%E3%83%AA%E5%85%88%E7%94%9F%31%39%E6%AD%B3" dan="16,16,17,19" rate="2160.78,2134.29,2180.62,2290.22" sx="M,M,M,F"/><TAIKYOKU oya="0"/><INIT seed="0,0,0,4,5,79" ten="250,250,250,250" oya="0" hai0="62,39,96,67,102,133,99,122,0,132,128,73,64" hai1="2,97,11,15,90,55,22,60,18,98,82,129,127" hai2="86,19,125,10,94,46,33,29,130,3,42,78,109" hai3="4,85,44,113,45,9,72,118,88,115,107,35,37"/><T14/><D0/><U111/><E111/><V75/><F109/><W95/><G118/><T36/><D122/><U69/><E127/><V84/><F130/><W40/><G35/><T83/><D128/><U7/><E129/><V8/><F125/><W74/><G107/><N who="0" m="63943" /><D99/><U117/><E117/><V28/><F33/><W89/><G45/><T59/><D14/><U120/><E120/><V48/><F75/><W30/><G30/><N who="2" m="11881" /><F3/><W58/><G58/><T106/><D106/><U38/><E38/><V70/><F70/><W126/><G126/><T1/><D1/><U81/><E69/><V56/><F56/><W114/><REACH who="3" step="1"/><G89/><REACH who="3" ten="250,250,250,240" step="2"/><T104/><D104/><U23/><E90/><N who="2" m="53591" /><F19/><W121/><G121/><T66/><D36/><U101/><E18/><V54/><F42/><W16/><G16/><T77/><D39/><U13/><E7/><V5/><F5/><W31/><G31/><T131/><D131/><U17/><E17/><V6/><F6/><W123/><G123/><T124/><D124/><U116/><E116/><V21/><F21/><W51/><G51/><T32/><D32/><U57/><E23/><V134/><F134/><AGARI ba="0,1" hai="59,62,64,66,67,73,77,83,132,133,134" m="63943" machi="134" ten="30,2900,0" yaku="20,1,52,1" doraHai="79" who="0" fromWho="2" sc="250,39,250,0,250,-29,240,0" /><INIT seed="0,1,0,4,4,0" ten="289,250,221,240" oya="0" hai0="6,58,9,120,65,32,23,133,112,54,129,20,3" hai1="135,124,49,107,115,50,108,89,8,63,91,84,118" hai2="75,105,34,48,130,96,122,80,7,117,31,35,126" hai3="110,16,127,41,47,5,87,4,93,26,28,98,17"/><T77/><D112/><U36/><E36/><V104/><F122/><W44/><G110/><T132/><D32/><U22/><E118/><V99/><F117/><W11/><G127/><T2/><D120/><U43/><E107/><V78/><F126/><W13/><G87/><T82/><D65/><U30/><E124/><V109/><F109/><W1/><G17/><T59/><D3/><U40/><E108/><V29/><F130/><W85/><G85/><T116/><D116/><U79/><E135/><N who="0" m="51785" /><D129/><U73/><E73/><V60/><F48/><N who="1" m="18537" /><E8/><V39/><F39/><W102/><G41/><N who="1" m="15946" /><E63/><V101/><F60/><W94/><G94/><T27/><D54/><U121/><E121/><V66/><F66/><W52/><G52/><T37/><D37/><U128/><E128/><V81/><F75/><W51/><G51/><T123/><D123/><U15/><E115/><V57/><F78/><W64/><G64/><T69/><D69/><U56/><E56/><N who="0" m="21545" /><D27/><N who="1" m="16759" /><E15/><V103/><REACH who="2" step="1"/><F57/><REACH who="2" ten="289,250,211,240" step="2"/><W76/><G76/><T10/><D10/><U74/><E74/><AGARI ba="1,1" hai="2,6,9,20,23,74,77,82" m="21545,51785" machi="74" ten="30,2900,0" yaku="20,1,52,1" doraHai="0" who="0" fromWho="1" sc="289,42,250,-32,211,0,240,0" /><INIT seed="0,2,0,3,2,35" ten="331,218,211,240" oya="0" hai0="123,83,109,47,93,34,45,118,21,71,113,3,60" hai1="19,18,51,41,129,42,64,86,76,102,0,54,79" hai2="85,65,44,9,56,24,81,40,11,99,43,97,63" hai3="117,88,131,61,128,119,120,2,92,90,116,101,36"/><T73/><D113/><U89/><E129/><N who="3" m="49738" /><G36/><T5/><D34/><U100/><E64/><V23/><F9/><W7/><G120/><T121/><D118/><U70/><E70/><V74/><F74/><W55/><G101/><N who="1" m="39018" /><E0/><V68/><F68/><W112/><G112/><T133/><D93/><N who="1" m="54455" /><E19/><N who="2" m="12415" /><F11/><N who="3" m="2551" /><G92/><T106/><D106/><U110/><E18/><V67/><F67/><W20/><G20/><T66/><D21/><U104/><E104/><V32/><F32/><W6/><G6/><T37/><D37/><U58/><E110/><V107/><F107/><W130/><G130/><T114/><D109/><U31/><E31/><V15/><F15/><W82/><G82/><T125/><D114/><U62/><E62/><V94/><F94/><W134/><G134/><T105/><D133/><U30/><E30/><V126/><F126/><W80/><G80/><T1/><D125/><U12/><E12/><V53/><F99/><W16/><G16/><T57/><D105/><U13/><E13/><V26/><F97/><W84/><G84/><T95/><D95/><U78/><AGARI ba="2,0" hai="41,42,51,54,58,76,78,79" m="54455,39018" machi="78" ten="30,1100,0" yaku="8,1" doraHai="35" who="1" fromWho="1" sc="331,-7,218,17,211,-5,240,-5" /><INIT seed="1,0,0,0,4,24" ten="324,235,206,235" oya="1" hai0="32,101,103,77,28,74,35,78,37,60,109,125,63" hai1="67,127,85,121,116,38,122,59,5,135,40,120,46" hai2="57,93,18,65,71,97,91,1,43,48,95,119,112" hai3="89,16,134,31,33,113,114,14,22,107,118,64,45"/><U75/><E75/><V84/><F1/><W126/><G107/><T39/><D74/><U83/><E116/><V128/><F119/><W3/><G3/><T133/><D109/><U115/><E115/><V88/><F112/><W96/><G118/><T86/><D86/><U94/><E5/><V51/><F128/><W42/><G134/><T2/><D2/><U8/><E8/><V55/><F71/><W29/><G126/><T6/><D6/><U130/><E135/><V73/><F73/><W72/><G72/><T117/><D133/><U9/><E9/><V19/><REACH who="2" step="1"/><F65/><REACH who="2" ten="324,235,196,235" step="2"/><W0/><G0/><T70/><D117/><U44/><E130/><V41/><F41/><W50/><G33/><T111/><D70/><U20/><E127/><V90/><F90/><W58/><G113/><T110/><D125/><U4/><E67/><V62/><F62/><N who="3" m="37975" /><G114/><T106/><D106/><U54/><E122/><V30/><F30/><AGARI ba="0,1" hai="28,30,32,35,37,39,60,63,77,78,101,103,110,111" machi="30" ten="25,6400,0" yaku="22,2,52,2" doraHai="24" who="0" fromWho="2" sc="324,74,235,0,196,-64,235,0" /><INIT seed="2,0,0,2,5,15" ten="398,235,132,235" oya="2" hai0="65,80,84,77,121,12,117,129,76,102,92,94,57" hai1="113,96,118,17,8,130,61,131,0,24,91,28,21" hai2="34,124,51,44,73,100,29,70,127,35,64,22,49" hai3="69,82,115,38,33,50,31,40,114,104,88,87,1"/><V48/><F73/><W123/><G123/><T5/><D121/><U43/><E113/><N who="3" m="43018" /><G1/><T108/><D117/><U52/><E118/><V89/><F100/><W56/><G104/><T6/><D108/><U68/><E43/><V23/><F44/><N who="3" m="23575" /><G69/><T55/><D129/><N who="1" m="49163" /><E68/><V105/><F105/><W54/><G31/><T81/><D65/><U71/><E71/><V75/><F75/><W47/><G33/><N who="2" m="12297" /><F29/><W86/><G86/><N who="0" m="48391" /><D102/><U25/><E25/><V66/><F89/><W98/><G98/><T3/><D3/><U63/><E0/><V132/><F70/><W39/><G39/><T41/><D41/><U2/><E2/><V58/><F58/><AGARI ba="0,0" hai="47,50,54,56,58,82,87,88" m="23575,43018" machi="58" ten="30,2000,0" yaku="11,1,54,1" doraHai="15" who="3" fromWho="2" sc="398,0,235,0,132,-20,235,20" /><INIT seed="3,0,0,2,5,26" ten="398,235,112,255" oya="3" hai0="72,66,44,51,3,85,8,54,111,94,135,52,76" hai1="14,68,7,115,29,65,4,19,86,89,61,79,97" hai2="127,15,13,20,17,84,16,5,55,87,50,9,43" hai3="63,36,48,124,31,99,80,121,109,0,27,10,101"/><W35/><G121/><T114/><D111/><U24/><E79/><V95/><F127/><W58/><G36/><T47/><D135/><U100/><E19/><V122/><F43/><W104/><G124/><T93/><D72/><U105/><E14/><V113/><F113/><W102/><G109/><T81/><D66/><U120/><E120/><V11/><F122/><W92/><G48/><N who="0" m="28679" /><D3/><U96/><E96/><V75/><F75/><W130/><G130/><T74/><D74/><U103/><E103/><V69/><F69/><W117/><G117/><T62/><D114/><U18/><E18/><V82/><F95/><W91/><G80/><T42/><D8/><U88/><E115/><V64/><F64/><W1/><G10/><T57/><AGARI ba="0,0" hai="42,47,51,54,57,62,76,81,85,93,94" m="28679" machi="57" ten="30,2000,0" yaku="8,1,54,1" doraHai="26" who="0" fromWho="0" sc="398,20,235,-5,112,-5,255,-10" /><INIT seed="4,0,0,0,2,125" ten="418,230,107,245" oya="0" hai0="61,35,68,49,122,19,38,127,74,80,93,13,7" hai1="81,41,105,123,78,44,72,47,111,12,28,110,121" hai2="73,77,3,94,131,124,119,89,33,106,75,115,69" hai3="16,67,0,128,15,66,45,63,116,6,96,90,9"/><T97/><D35/><U70/><E12/><V10/><RYUUKYOKU type="yao9" ba="0,0" sc="418,0,230,0,107,0,245,0" hai2="3,10,33,69,73,75,77,89,94,106,115,119,124,131" /><INIT seed="4,1,0,0,3,47" ten="418,230,107,245" oya="0" hai0="12,90,42,116,110,8,119,0,108,115,128,27,14" hai1="124,65,121,13,88,81,53,106,89,63,77,3,133" hai2="91,57,52,24,18,71,28,72,11,1,40,9,51" hai3="54,135,132,123,74,67,35,19,94,105,99,101,55"/><T23/><D42/><U129/><E3/><V84/><F72/><W15/><G74/><T112/><D90/><U70/><E106/><V49/><F71/><W100/><G35/><T111/><D0/><U58/><E121/><V103/><F103/><W118/><G118/><N who="0" m="45099" /><D128/><U2/><E2/><V59/><F1/><W107/><G67/><T80/><D80/><U20/><E124/><V79/><F79/><W104/><G123/><T93/><D93/><U69/><E133/><N who="3" m="51274" /><G101/><T73/><D73/><U109/><E109/><V39/><F39/><W6/><G6/><N who="0" m="3095" /><D14/><U34/><E34/><V5/><F5/><W92/><G92/><T16/><AGARI ba="1,0" hai="16,23,27,108,110,111,112,115" m="3095,45099" machi="16" ten="40,12000,1" yaku="10,1,34,2,54,1" doraHai="47" who="0" fromWho="0" sc="418,123,230,-41,107,-41,245,-41" /><INIT seed="4,2,0,4,5,94" ten="541,189,66,204" oya="0" hai0="66,58,68,115,46,0,87,124,90,22,36,113,84" hai1="23,65,3,60,62,81,2,123,11,95,27,128,42" hai2="132,51,107,109,75,15,73,12,67,129,122,9,127" hai3="47,93,48,28,55,33,69,117,130,112,83,70,24"/><T110/><D68/><U52/><E123/><V111/><F122/><W100/><G117/><T121/><D0/><U1/><E128/><V57/><F129/><W135/><G130/><T131/><D121/><U98/><E42/><V114/><F114/><W88/><G112/><T21/><D131/><U80/><E11/><V89/><F132/><W63/><G135/><T101/><D124/><U4/><E4/><V102/><F127/><W125/><G125/><T37/><D110/><U106/><E106/><V120/><F120/><W45/><G100/><T105/><D105/><U41/><E41/><V74/><F107/><W50/><G83/><T13/><D37/><U10/><E10/><V49/><F75/><W78/><G78/><T38/><D36/><U133/><E62/><V64/><F102/><W5/><G5/><T26/><D38/><U17/><E65/><V16/><F9/><W6/><G6/><T71/><D71/><U92/><E92/><V29/><F29/><W103/><G103/><T44/><D113/><U25/><E25/><V19/><F57/><W118/><G63/><T53/><D115/><U32/><E32/><V86/><F86/><W34/><G34/><T72/><D72/><U14/><E14/><V30/><F30/><W54/><REACH who="3" step="1"/><G118/><REACH who="3" ten="541,189,66,194" step="2"/><T104/><D104/><U91/><E133/><V116/><REACH who="2" step="1"/><F89/><REACH who="2" ten="541,189,56,194" step="2"/><W7/><G7/><T76/><D101/><U31/><E31/><V96/><F96/><AGARI ba="2,2" hai="24,28,33,45,47,48,50,54,55,69,70,88,93,96" machi="96" ten="30,8000,1" yaku="1,1,7,1,9,1,52,1,54,1,53,0" doraHai="94" doraHaiUra="134" who="3" fromWho="2" sc="541,0,189,0,56,-86,194,106" owari="541,64.0,189,-21.0,-30,-53.0,300,10.0" /></mjloggm>