<mjloggm ver="2.3"><GO type="169" lobby="0"/><UN n0="%E3%82%A6%E3%83%AB%E3%83%88%E3%83%A9%E7%AB%8B%E7%9B%B4" n1="%E4%BA%BA%E7%94%9F%E6%AE%8B%E3%82%8A%E5%8D%83%E7%82%B9" n2="%4D%61%73%61%4D%61%73%61" n3="%E5%87%9C%E7%94%B0%E8%8E%89%E5%AD%90" dan="18,16,16,16" rate="2236.77,2089.63,2133.83,2113.51" sx="M,M,F,M"/><TAIKYOKU oya="0"/><INIT seed="0,0,0,1,4,39" ten="250,250,250,250" oya="0" hai0="52,20,86,55,100,50,7,60,69,101,80,66,98" hai1="114,107,117,122,83,8,54,44,70,73,103,1,111" hai2="23,30,11,93,96,61,95,92,28,110,2,13,35" hai3="33,131,27,74,87,48,57,0,15,65,32,104,115"/><T38/><D38/><U94/><E122/><V71/><F110/><W31/><G115/><T29/><D7/><U62/><E117/><V59/><F71/><W121/><G121/><T67/><D67/><U46/><E111/><V99/><F2/><W36/><G36/><T10/><D10/><U51/><E114/><V78/><F78/><W124/><G0/><T77/><D100/><U34/><E34/><V26/><F35/><W47/><G65/><T3/><D3/><U132/><E107/><V72/><F72/><W88/><G33/><T91/><D77/><U14/><E132/><V53/><REACH who="2" step="1"/><F30/><REACH who="2" ten="250,250,240,250" step="2"/><W134/><G74/><T82/><D29/><U6/><E70/><V120/><F120/><W19/><G31/><T108/><D108/><U42/><E73/><V116/><F116/><W58/><G32/><T119/><D119/><U109/><E109/><V135/><F135/><W64/><G134/><T75/><D75/><U130/><E1/><V90/><F90/><W16/><G88/><T125/><D91/><U40/><E130/><V118/><F118/><W129/><G129/><T45/><D69/><U17/><E103/><V49/><F49/><W102/><G48/><T106/><D50/><U113/><E51/><V21/><F21/><W105/><G102/><T68/><D20/><U37/><E113/><V79/><F79/><W133/><G131/><T18/><D101/><U24/><E37/><V22/><F22/><W127/><G133/><T81/><D68/><U85/><E62/><V126/><F126/><W84/><G124/><T25/><D125/><U5/><E8/><RYUUKYOKU ba="0,1" sc="250,-10,250,-10,240,30,250,-10" hai2="11,13,23,26,28,53,59,61,92,93,95,96,99" /><INIT seed="1,1,1,4,3,109" ten="240,240,270,240" oya="1" hai0="9,42,65,74,104,101,89,52,55,78,120,95,48" hai1="5,75,129,122,30,107,16,66,130,37,100,102,127" hai2="59,4,8,62,112,22,10,24,25,18,14,83,45" hai3="50,90,88,76,116,31,123,96,134,49,58,118,28"/><U26/><E122/><V97/><F45/><W15/><G123/><T126/><D65/><U132/><E75/><V32/><F97/><W41/><G134/><T73/><D73/><U108/><E132/><V6/><F83/><W21/><G76/><T43/><D9/><N who="2" m="3690" /><F59/><W68/><G68/><T1/><D1/><U20/><E37/><V105/><F105/><W124/><G124/><T47/><D55/><U29/><E127/><V2/><F62/><W111/><G111/><T119/><D126/><U13/><E108/><V53/><F53/><N who="3" m="32047" /><G118/><T80/><D119/><U40/><E40/><V61/><F61/><W84/><G96/><N who="0" m="61479" /><D120/><U27/><E66/><V60/><F60/><W77/><G77/><T7/><D7/><N who="2" m="2602" /><F2/><W92/><G90/><T71/><D71/><U93/><E107/><V46/><F46/><N who="3" m="25935" /><G116/><T70/><D70/><U117/><E117/><V57/><F57/><W36/><G36/><T67/><D67/><U63/><E63/><V56/><F56/><W121/><G121/><T35/><D42/><U87/><E100/><V85/><F85/><W99/><G99/><T3/><D43/><U103/><E103/><V69/><F69/><W98/><G98/><T114/><D3/><U106/><E102/><V72/><F72/><W110/><G110/><T82/><D78/><U38/><E38/><V33/><F112/><W44/><G44/><T19/><D114/><U128/><E106/><V131/><F131/><W0/><G0/><T64/><D74/><U79/><E79/><V12/><F12/><W113/><G113/><T125/><D64/><U81/><E128/><RYUUKYOKU ba="1,1" sc="240,-15,240,-15,270,15,240,15" hai2="14,18,22,24,25,32,33" hai3="15,21,28,31,84,88,92" /><INIT seed="2,2,1,5,3,88" ten="225,225,285,255" oya="2" hai0="84,86,95,20,29,120,43,100,30,123,101,132,7" hai1="70,39,80,55,36,129,35,135,27,105,94,78,118" hai2="106,17,97,41,34,53,12,45,60,49,57,5,19" hai3="79,131,102,75,107,24,114,112,61,64,18,92,15"/><V44/><F34/><W82/><G131/><T125/><D20/><U89/><E118/><V11/><F106/><W40/><G40/><T91/><D43/><U127/><E105/><V133/><F133/><W54/><G54/><T23/><D23/><U126/><E129/><V83/><F83/><W1/><G1/><T66/><D66/><U31/><E70/><V50/><REACH who="2" step="1"/><F97/><REACH who="2" ten="225,225,275,255" step="2"/><W63/><G107/><T2/><D132/><U85/><E135/><V67/><AGARI ba="2,2" hai="5,11,12,17,19,41,44,45,49,50,53,57,60,67" machi="67" ten="20,12000,1" yaku="1,1,2,1,0,1,7,1,8,1,53,0" doraHai="88" doraHaiUra="109" who="2" fromWho="2" sc="225,-42,225,-42,275,146,255,-42" /><INIT seed="2,3,0,5,5,133" ten="183,183,421,213" oya="2" hai0="53,60,67,51,119,33,64,75,81,120,9,121,97" hai1="74,86,11,73,112,134,17,91,1,38,132,131,135" hai2="84,3,16,103,85,87,80,70,68,104,102,36,52" hai3="113,48,8,65,27,106,117,109,12,43,26,98,72"/><V20/><F36/><W95/><G117/><T108/><D33/><U54/><E112/><V37/><F3/><W5/><G113/><T83/><D108/><U13/><E131/><V122/><F37/><W127/><G109/><T15/><D119/><U31/><E38/><V88/><F122/><W29/><G106/><T32/><D32/><U100/><E100/><N who="2" m="38443" /><F70/><W116/><G116/><T130/><D97/><U61/><E31/><V7/><F68/><W14/><G72/><T123/><D130/><U110/><E1/><V45/><F7/><W58/><G14/><T59/><D75/><U46/><E110/><V47/><F104/><W77/><G77/><T66/><REACH who="0" step="1"/><D60/><REACH who="0" ten="173,183,421,213" step="2"/><U101/><E61/><V115/><F115/><W63/><G98/><T71/><D71/><U93/><E101/><V79/><F79/><W18/><G63/><T129/><D129/><U35/><E35/><V40/><F85/><W114/><G114/><T56/><D56/><U10/><E74/><V50/><F87/><W44/><G58/><T24/><D24/><U55/><E73/><V89/><F89/><W92/><G27/><T42/><D42/><U78/><E78/><V0/><F0/><W126/><G26/><T21/><D21/><N who="1" m="11439" /><E46/><N who="2" m="27735" /><F40/><W4/><G43/><T39/><D39/><U62/><E62/><V128/><F128/><W124/><G44/><T30/><D30/><U118/><E118/><V23/><F20/><W57/><G29/><T41/><D41/><U28/><E28/><V69/><F69/><W107/><G65/><T90/><D90/><U49/><E49/><V25/><AGARI ba="3,1" hai="16,23,25,45,47,80,84,88" m="27735,38443" machi="25" ten="30,12000,1" yaku="5,1,8,1,54,3" doraHai="133" who="2" fromWho="2" sc="173,-43,183,-43,421,139,213,-43" /><INIT seed="2,4,0,2,3,105" ten="130,140,560,170" oya="2" hai0="35,121,106,135,134,62,103,10,34,66,0,19,52" hai1="98,41,25,11,116,6,109,74,119,46,84,111,110" hai2="14,22,13,85,113,58,125,70,96,100,88,120,16" hai3="43,107,131,53,39,115,104,124,38,118,94,72,44"/><V64/><F113/><W65/><G115/><T79/><D121/><U61/><E84/><V32/><F32/><W73/><G118/><T102/><D79/><U101/><E61/><N who="2" m="37943" /><F70/><W133/><G39/><T63/><D19/><U127/><E25/><N who="2" m="14535" /><F125/><W91/><G124/><T23/><D23/><U117/><E127/><V87/><F87/><W112/><G112/><T76/><D10/><U37/><E74/><V97/><F120/><W47/><G131/><T82/><D66/><U26/><E26/><V15/><F100/><W30/><G65/><T4/><D0/><U108/><N who="1" m="27648" /><DORA hai="31" /><U3/><REACH who="1" step="1"/><E119/><REACH who="1" ten="130,130,560,170" step="2"/><V128/><F128/><W33/><G73/><T56/><D63/><U78/><E78/><V36/><F36/><W60/><G72/><T77/><D76/><U55/><E55/><V49/><F49/><W54/><G54/><T68/><D77/><U71/><E71/><V129/><F129/><W67/><G53/><T45/><D68/><U24/><E24/><V48/><F48/><W28/><G60/><T83/><D62/><U69/><E69/><V99/><F97/><W114/><G67/><T50/><D50/><U17/><E17/><V90/><F90/><W92/><G114/><T20/><D52/><U95/><AGARI ba="4,1" hai="3,6,11,37,41,46,95,98,101,116,117" m="27648" machi="95" ten="60,16000,3" yaku="1,1,0,1,14,1,53,5" doraHai="105,31" doraHaiUra="123,7" who="1" fromWho="1" sc="130,-44,130,182,560,-84,170,-44" /><INIT seed="3,0,0,2,4,70" ten="86,312,476,126" oya="3" hai0="84,60,96,59,75,25,27,29,58,106,83,77,103" hai1="112,49,82,3,69,50,101,41,76,34,24,90,91" hai2="115,97,72,85,16,108,5,57,22,52,54,56,47" hai3="102,116,61,113,33,48,71,45,129,95,19,80,128"/><W93/><G113/><T88/><D60/><U23/><E112/><V68/><F115/><W92/><G116/><T46/><D46/><U67/><E34/><V14/><F72/><W124/><G124/><T44/><D44/><U0/><E101/><V28/><F68/><W105/><G33/><T73/><D73/><U79/><E69/><V133/><F108/><W127/><G127/><T40/><D40/><U32/><E32/><V132/><F28/><W35/><G35/><T130/><D130/><N who="3" m="50281" /><G80/><T122/><D122/><U63/><E3/><V111/><F111/><W120/><G120/><T10/><D10/><U36/><E36/><V98/><F5/><W117/><G117/><T118/><D118/><U94/><E0/><V109/><F109/><W30/><G30/><T6/><D6/><U13/><E13/><V126/><F85/><W87/><G19/><T21/><REACH who="0" step="1"/><D27/><REACH who="0" ten="76,312,476,126" step="2"/><U121/><E63/><V89/><F47/><W2/><G61/><T110/><D110/><U38/><E24/><V15/><F126/><W131/><G131/><T39/><D39/><U55/><E41/><V43/><F43/><N who="3" m="24639" /><G71/><T99/><D99/><U74/><E121/><V42/><F42/><W37/><G37/><T125/><D125/><U104/><E38/><V53/><F98/><N who="3" m="61655" /><G2/><T12/><D12/><U9/><E74/><V31/><F14/><W119/><G119/><T26/><D26/><U62/><E62/><V78/><F97/><W123/><G123/><T81/><AGARI ba="0,1" hai="21,25,29,58,59,75,77,81,83,84,88,96,103,106" machi="81" ten="20,5200,0" yaku="1,1,0,1,7,1,54,1,53,0" doraHai="70" doraHaiUra="4" who="0" fromWho="0" sc="76,62,312,-13,476,-13,126,-26" /><INIT seed="4,0,0,3,4,134" ten="138,299,463,100" oya="0" hai0="126,21,82,41,68,56,128,58,91,4,95,44,22" hai1="66,94,103,13,131,47,92,64,112,71,75,26,98" hai2="105,14,2,106,111,108,109,96,119,133,0,39,24" hai3="127,81,61,115,67,135,27,101,130,120,19,129,72"/><T62/><D128/><N who="3" m="49257" /><G115/><T33/><D33/><U87/><E131/><V124/><F39/><W113/><G113/><T43/><D68/><U78/><E112/><V59/><F133/><W79/><G135/><T73/><D4/><U10/><E75/><V9/><F24/><W125/><G101/><T121/><D121/><U29/><E47/><V83/><F83/><W117/><G117/><T99/><D126/><N who="3" m="48137" /><G120/><T74/><D43/><U55/><E26/><V52/><F124/><W8/><G27/><T48/><D58/><U1/><E71/><V65/><F65/><W114/><G114/><T15/><D15/><U51/><E13/><V17/><F119/><W5/><G19/><T89/><D73/><U90/><E64/><V38/><F2/><N who="3" m="55" /><G67/><N who="0" m="39367" /><D74/><U122/><E66/><V118/><F0/><W18/><G18/><T20/><D82/><U31/><E1/><V63/><F17/><W88/><G61/><T69/><D69/><U37/><E103/><AGARI ba="0,0" hai="20,21,22,41,44,48,89,91,95,99,103" m="39367" machi="103" ten="30,1500,0" yaku="8,1" doraHai="134" who="0" fromWho="1" sc="138,15,299,-15,463,0,100,0" /><INIT seed="4,1,0,5,2,116" ten="153,284,463,100" oya="0" hai0="129,63,130,39,127,17,110,57,29,49,115,131,10" hai1="44,78,50,75,56,101,16,73,25,59,103,97,96" hai2="126,54,84,60,79,120,135,7,81,24,18,124,90" hai3="40,61,107,92,70,15,125,5,99,66,112,6,94"/><T104/><D104/><U86/><E75/><V3/><F135/><W89/><G112/><T88/><D39/><U82/><E73/><V77/><F120/><W72/><G72/><T20/><D115/><U122/><E122/><V13/><F24/><W80/><G125/><N who="2" m="48233" /><F7/><W26/><G107/><T37/><D37/><U38/><E38/><V64/><F54/><W67/><G80/><T27/><D127/><U134/><E134/><V128/><F3/><W111/><G111/><T74/><D74/><U121/><E121/><V14/><F128/><W23/><G40/><T1/><D110/><U33/><E33/><V36/><F36/><W55/><G67/><T118/><D49/><U34/><E34/><V35/><F35/><W108/><G108/><T105/><D105/><U117/><E117/><V113/><F13/><W76/><G76/><T21/><D118/><U43/><E59/><N who="2" m="36895" /><F113/><W45/><G15/><N who="0" m="7415" /><D1/><U119/><E56/><V83/><F83/><W98/><G55/><N who="0" m="34239" /><D21/><AGARI ba="1,0" hai="14,18,21,77,79,81,84,90" m="36895,48233" machi="21" ten="30,1000,0" yaku="18,1" doraHai="116" who="2" fromWho="0" sc="153,-13,284,0,463,13,100,0" /><INIT seed="5,0,0,5,1,115" ten="140,284,476,100" oya="1" hai0="89,134,0,104,131,105,4,33,23,39,13,7,22" hai1="58,52,62,91,26,86,96,82,37,17,29,57,31" hai2="24,18,135,133,49,66,124,103,111,28,47,43,15" hai3="93,67,110,120,92,20,27,3,34,88,54,2,78"/><U53/><E37/><V41/><F111/><W75/><G110/><T64/><D39/><U132/><E132/><N who="2" m="50763" /><F124/><W108/><G108/><T36/><D36/><U35/><E96/><V72/><F72/><W61/><G34/><T98/><D33/><U113/><E113/><V95/><F66/><W60/><G120/><T46/><D64/><U90/><E31/><V112/><F112/><W9/><G54/><T84/><D0/><U32/><E17/><V109/><F109/><W25/><G9/><T16/><D134/><U99/><E32/><N who="2" m="20487" /><F95/><W116/><G67/><T50/><D131/><U114/><E114/><V125/><F103/><W19/><G19/><T102/><D23/><U94/><E58/><V40/><F125/><W55/><G55/><AGARI ba="0,0" hai="26,29,35,52,53,55,57,62,82,86,90,91,94,99" machi="55" ten="30,2900,0" yaku="7,1,54,1" doraHai="115" who="1" fromWho="3" sc="140,0,284,29,476,0,100,-29" /><INIT seed="5,1,0,0,2,123" ten="140,313,476,71" oya="1" hai0="97,124,118,61,15,56,47,102,50,3,60,106,23" hai1="70,42,41,105,114,9,62,21,19,94,90,129,95" hai2="31,93,84,76,125,33,72,121,79,7,104,49,89" hai3="92,5,44,98,81,68,80,103,53,39,12,127,48"/><U40/><E114/><V116/><F121/><W112/><G112/><T27/><D3/><U75/><E105/><V74/><F116/><W96/><G127/><T29/><D124/><U43/><E75/><V122/><F122/><W91/><G68/><T69/><D118/><U64/><E129/><V99/><F125/><W111/><G39/><T87/><D69/><U0/><N who="1" m="10240" /><DORA hai="32" /><U85/><E94/><V4/><F33/><W57/><G44/><T113/><D113/><U24/><REACH who="1" step="1"/><E9/><REACH who="1" ten="140,303,476,71" step="2"/><V126/><F74/><W17/><G111/><T63/><D106/><U117/><E117/><V37/><F72/><W134/><G134/><T135/><D135/><U109/><E109/><V55/><F104/><W28/><G5/><T77/><D50/><U6/><E6/><V46/><F126/><W119/><G119/><T58/><D61/><U52/><E52/><V16/><F37/><W86/><G28/><T132/><D63/><U130/><E130/><V11/><F31/><W110/><G110/><T8/><D60/><U133/><E133/><V13/><F4/><W34/><G34/><T51/><D132/><U120/><E120/><V71/><F7/><W128/><G128/><T10/><D51/><U14/><E14/><V20/><F11/><N who="3" m="6303" /><G98/><T22/><D10/><U100/><E100/><V83/><F71/><W107/><G107/><T88/><D102/><AGARI ba="1,1" hai="13,16,20,46,49,55,76,79,83,84,89,93,99,102" machi="102" ten="30,3900,0" yaku="7,1,8,1,54,1" doraHai="123,32" who="2" fromWho="0" sc="140,-42,303,0,476,52,71,0" /><INIT seed="6,0,0,1,1,114" ten="98,303,528,71" oya="2" hai0="27,119,29,91,56,46,87,17,36,74,61,113,9" hai1="90,65,62,69,121,30,83,123,40,48,47,50,84" hai2="85,128,53,133,54,26,2,8,79,70,51,115,109" hai3="3,23,21,100,99,57,38,131,22,96,86,28,97"/><V120/><F120/><N who="1" m="46153" /><E30/><V60/><F115/><W52/><G38/><AGARI ba="0,0" hai="38,40,47,48,50,62,65,69,83,84,90" m="46153" machi="38" ten="30,1000,0" yaku="13,1" doraHai="114" who="1" fromWho="3" sc="98,0,303,10,528,0,71,-10" /><INIT seed="7,0,0,3,3,77" ten="98,313,528,61" oya="3" hai0="91,65,134,74,102,53,5,132,60,26,123,54,56" hai1="88,69,109,7,114,61,89,68,28,41,73,47,93" hai2="108,23,115,121,39,46,51,86,31,82,16,120,124" hai3="50,122,95,78,11,97,104,14,37,48,9,103,55"/><W64/><G122/><N who="2" m="47209" /><F108/><W42/><G37/><T96/><D123/><U67/><E109/><V52/><F115/><W38/><G38/><T116/><D116/><U12/><E114/><V44/><F124/><W100/><G104/><T10/><D91/><U101/><E73/><V20/><F31/><W126/><G126/><T70/><D26/><U0/><E89/><N who="2" m="51415" /><F16/><N who="3" m="8271" /><G11/><T105/><D74/><U34/><E61/><V3/><F3/><W125/><G125/><T110/><D110/><U79/><E67/><V75/><F75/><W66/><G78/><T128/><D10/><U112/><E47/><V62/><F62/><W8/><G8/><T35/><D5/><U87/><E41/><AGARI ba="0,0" hai="20,23,39,41,44,46,51,52" m="51415,47209" machi="41" ten="30,3900,0" yaku="13,1,52,1,54,1" doraHai="77" who="2" fromWho="1" sc="98,0,313,-39,528,39,61,0" owari="98,-30.0,274,7.0,567,67.0,61,-44.0" /></mjloggm>