<mjloggm ver="2.3"><GO type="169" lobby="0"/><UN n0="%E3%83%8F%E3%83%9E%E3%83%8E%E3%83%96%E3%83%AB%E3%82%AF" n1="%E3%82%B5%E3%82%A6%E3%83%8A%E5%B0%8F%E5%83%A7" n2="%7A%6B%75%72%74" n3="%E3%82%A6%E3%83%AB%E3%83%88%E3%83%A9%E7%AB%8B%E7%9B%B4" dan="16,17,17,19" rate="2085.07,2182.30,2213.55,2336.23" sx="M,M,M,M"/><TAIKYOKU oya="0"/><INIT seed="0,0,0,5,2,72" ten="250,250,250,250" oya="0" hai0="0,105,40,112,21,15,76,79,44,119,82,129,66" hai1="50,31,7,18,128,9,11,84,68,109,100,78,63" hai2="67,134,62,58,95,29,81,14,47,71,46,114,26" hai3="10,39,122,70,51,133,80,54,69,4,55,94,120"/><T74/><D112/><U98/><E109/><V116/><F114/><W117/><G39/><T96/><D119/><U110/><E110/><V121/><F121/><W123/><G117/><T124/><D0/><U85/><E128/><V60/><F116/><W56/><G133/><T45/><D129/><U83/><E31/><V30/><F134/><W38/><G38/><T43/><D124/><U102/><E50/><V1/><F1/><W75/><G94/><T59/><D105/><U115/><E115/><V8/><F30/><W53/><G53/><T6/><D96/><U33/><E33/><V65/><F95/><W16/><G55/><T12/><D82/><U127/><E127/><V108/><F108/><W57/><G57/><T135/><D74/><U2/><E85/><V107/><F107/><W3/><REACH who="3" step="1"/><G16/><REACH who="3" ten="250,250,250,240" step="2"/><N who="0" m="10375" /><D135/><U37/><E37/><V99/><F99/><W106/><G106/><T118/><D118/><U87/><E98/><V48/><F48/><W27/><G27/><T86/><D59/><U24/><E24/><V35/><F81/><W20/><G20/><T126/><D126/><U111/><E111/><V90/><F58/><W92/><G92/><T64/><D66/><N who="1" m="41055" /><E18/><V88/><F65/><W36/><G36/><T25/><D25/><U77/><E11/><V28/><F62/><W104/><G104/><T17/><D64/><U32/><E32/><V103/><F60/><W113/><G113/><T23/><D6/><U73/><E83/><V89/><F67/><W34/><G34/><T132/><D132/><U5/><E5/><N who="2" m="3343" /><F71/><W13/><G13/><T91/><D15/><RYUUKYOKU ba="0,1" sc="250,-10,250,-10,250,-10,240,30" hai3="3,4,10,51,54,56,69,70,75,80,120,122,123" /><INIT seed="1,1,1,5,4,133" ten="240,240,240,270" oya="1" hai0="7,75,92,98,56,62,121,52,131,10,127,50,79" hai1="48,108,64,90,51,107,24,43,41,17,5,116,70" hai2="72,100,23,68,11,59,2,15,105,88,40,65,78" hai3="83,12,134,9,91,74,87,85,94,120,18,4,132"/><U123/><E116/><V26/><F68/><W126/><G120/><T45/><D131/><U76/><E123/><V135/><F135/><N who="3" m="51755" /><G74/><T110/><D121/><U55/><E107/><V89/><F2/><W66/><G66/><T81/><D110/><U130/><E130/><V3/><F3/><W8/><G126/><T34/><D34/><U67/><E108/><V69/><F69/><W82/><G87/><T19/><D19/><U122/><E122/><V102/><F40/><N who="1" m="15433" /><E76/><V46/><F46/><W117/><G117/><T21/><D21/><N who="1" m="13359" /><E70/><V77/><F72/><W39/><G39/><T25/><D25/><U20/><E5/><V101/><F105/><W35/><G35/><T29/><D29/><U118/><E118/><V96/><F65/><N who="1" m="25161" /><E55/><V44/><F78/><W60/><G60/><T124/><D62/><U104/><E104/><V111/><F77/><W115/><G115/><T61/><D61/><U57/><E57/><V103/><F59/><W84/><G84/><T49/><D56/><U36/><E36/><V6/><F111/><W93/><G83/><T22/><D50/><U128/><E128/><V47/><F47/><W114/><G114/><T31/><D31/><U73/><E73/><V58/><F58/><W38/><G38/><T125/><D22/><U99/><E20/><V54/><F54/><W63/><G63/><T80/><D79/><U97/><E97/><V33/><F33/><W109/><G109/><T16/><D75/><U27/><E27/><V113/><F113/><W28/><G28/><T1/><D16/><U119/><E119/><V129/><F129/><RYUUKYOKU ba="1,1" sc="240,10,240,10,240,-30,270,10" hai0="1,7,10,45,49,52,80,81,92,98,124,125,127" hai1="48,51,90,99" hai3="4,8,9,12,18,82,85,91,93,94" /><INIT seed="1,2,1,2,2,101" ten="250,250,210,280" oya="1" hai0="0,108,90,49,102,127,112,36,115,79,114,41,78" hai1="73,71,109,126,47,28,91,15,19,8,113,85,122" hai2="72,2,40,111,4,1,116,88,106,31,103,110,23" hai3="92,26,17,48,59,95,33,74,7,89,57,65,45"/><U132/><E113/><V13/><F116/><W69/><G74/><T81/><D36/><U120/><E126/><V60/><F72/><W30/><G7/><T76/><D0/><U14/><E132/><V105/><F103/><W50/><G50/><T12/><D12/><U43/><E71/><V10/><F40/><W5/><G5/><T32/><D32/><U131/><E131/><V58/><F31/><W53/><G95/><T16/><D16/><U119/><E119/><V124/><F124/><W117/><G117/><T121/><D127/><U37/><E109/><N who="2" m="41483" /><F88/><W63/><REACH who="3" step="1"/><G17/><REACH who="3" ten="250,250,210,270" step="2"/><T97/><D108/><U118/><E118/><V75/><F75/><W82/><G82/><T100/><D121/><U80/><E73/><V135/><F135/><W130/><G130/><T84/><D49/><U52/><E28/><V61/><F61/><W54/><G54/><T129/><D41/><U11/><E52/><N who="2" m="33863" /><F2/><W22/><G22/><T44/><D129/><U6/><AGARI ba="2,2" hai="6,8,11,14,15,19,37,43,47,80,85,91,120,122" machi="6" ten="20,2100,0" yaku="0,1,7,1" doraHai="101" who="1" fromWho="1" sc="250,-9,250,47,210,-9,270,-9" /><INIT seed="1,3,0,2,3,41" ten="241,297,201,261" oya="1" hai0="103,63,22,74,44,14,88,39,109,135,30,84,69" hai1="54,120,115,127,93,2,70,124,129,130,3,57,119" hai2="60,122,104,45,49,11,108,77,37,15,81,59,18" hai3="52,73,76,72,118,47,126,8,5,102,83,110,34"/><U10/><E115/><V6/><F122/><W132/><G34/><T89/><D74/><U51/><E120/><V42/><F108/><W111/><G126/><N who="1" m="48170" /><E119/><V17/><F104/><W106/><G118/><T23/><D109/><N who="3" m="41481" /><G132/><T95/><D135/><U100/><E70/><V65/><REACH who="2" step="1"/><F37/><REACH who="2" ten="241,297,191,261" step="2"/><W56/><G106/><T91/><D39/><U7/><E3/><V80/><F80/><W21/><G83/><T16/><D95/><U90/><E100/><V24/><F24/><W105/><G102/><T116/><D103/><U128/><E128/><V97/><F97/><AGARI ba="3,1" hai="2,7,10,51,54,57,90,93,97,129,130" m="48170" machi="97" ten="30,1500,0" yaku="18,1" doraHai="41" who="1" fromWho="2" sc="241,0,297,34,191,-24,261,0" /><INIT seed="1,4,0,3,4,129" ten="241,331,167,261" oya="1" hai0="38,76,39,30,70,97,119,86,106,131,90,10,12" hai1="75,42,79,27,60,23,6,121,126,43,1,85,123" hai2="118,41,45,114,20,11,26,58,29,8,82,103,107" hai3="44,68,64,125,91,93,69,66,99,122,18,77,24"/><U59/><E75/><V14/><F118/><W4/><G122/><T21/><D119/><U65/><E126/><V2/><F114/><W83/><G125/><T50/><D70/><U53/><E1/><V9/><F2/><W102/><G4/><T56/><D131/><U7/><E121/><V71/><F71/><W108/><G108/><T33/><D33/><U35/><E35/><V81/><F103/><W100/><G68/><T134/><D76/><U124/><E124/><V54/><F107/><W116/><G116/><T110/><D110/><U48/><E123/><V73/><F73/><W112/><G112/><T5/><D97/><U115/><E115/><V98/><F98/><W105/><G44/><T67/><D106/><U130/><E130/><V37/><REACH who="2" step="1"/><F14/><REACH who="2" ten="241,331,157,261" step="2"/><W28/><G102/><T94/><D12/><U133/><E85/><V95/><F95/><W113/><G69/><T135/><D94/><U120/><E120/><V80/><F80/><W40/><G100/><T36/><D86/><U51/><E27/><V127/><F127/><W128/><G105/><T84/><D84/><U72/><E72/><V109/><F109/><W17/><G113/><T46/><D90/><U117/><E117/><V52/><F52/><W62/><G128/><T101/><D101/><U63/><E53/><V132/><F132/><W16/><G66/><T78/><D135/><U111/><E133/><V13/><F13/><W49/><G83/><T88/><D67/><U34/><E65/><V31/><F31/><W87/><G87/><T89/><D134/><U92/><E111/><V104/><F104/><RYUUKYOKU ba="4,1" sc="241,-10,331,-10,157,30,261,-10" hai2="8,9,11,20,26,29,37,41,45,54,58,81,82" /><INIT seed="2,5,1,2,2,36" ten="231,321,187,251" oya="2" hai0="45,92,14,63,53,50,55,72,82,62,41,122,98" hai1="13,69,134,0,130,110,4,101,25,129,2,66,85" hai2="22,71,115,77,30,113,24,106,68,131,90,116,91" hai3="42,64,133,28,96,67,88,34,132,10,9,19,95"/><V89/><F116/><W54/><G28/><T121/><D72/><U1/><E110/><V80/><F106/><W73/><G34/><T40/><D82/><U102/><E134/><N who="3" m="51818" /><G73/><T84/><D84/><U87/><E69/><V107/><F107/><W123/><G123/><T111/><D111/><U52/><E66/><N who="3" m="25130" /><G42/><N who="0" m="16491" /><D122/><U128/><E25/><V49/><F49/><W65/><N who="3" m="25138" /><W86/><DORA hai="26" /><G54/><N who="0" m="30031" /><D121/><U105/><E105/><V117/><F117/><W119/><G119/><T127/><D127/><U76/><E52/><N who="0" m="20041" /><D14/><U126/><E126/><V3/><F3/><W118/><G118/><T27/><D27/><U20/><E13/><V78/><F78/><W29/><G86/><N who="1" m="32778" /><E76/><V38/><F38/><W79/><G79/><T104/><D104/><U18/><E2/><V70/><REACH who="2" step="1"/><F131/><REACH who="2" ten="231,321,177,251" step="2"/><W59/><G59/><T5/><D5/><U109/><E109/><V17/><F17/><W31/><G19/><T48/><D48/><U114/><E1/><V23/><F23/><W97/><G31/><T100/><AGARI ba="5,2" hai="62,63,92,98,100" m="20041,30031,16491" machi="100" ten="30,8000,1" yaku="8,1,52,3,54,1" doraHai="36,26" who="0" fromWho="0" sc="231,115,321,-25,177,-45,251,-25" /><INIT seed="3,0,0,1,4,29" ten="346,296,132,226" oya="3" hai0="135,3,71,114,57,31,11,94,125,74,134,111,76" hai1="75,13,30,68,100,16,70,47,99,62,5,44,103" hai2="107,9,17,24,51,92,93,112,7,90,14,110,60" hai3="59,87,126,108,116,6,49,95,63,50,67,78,77"/><W21/><G116/><T4/><D71/><U117/><E117/><V127/><F107/><W122/><G122/><T109/><D125/><U79/><E5/><V0/><F112/><W104/><G104/><T54/><D114/><U91/><E30/><V124/><F110/><N who="0" m="41994" /><D31/><U18/><E91/><V20/><F60/><W33/><G33/><T40/><D40/><U32/><E32/><V81/><F81/><W55/><G126/><T8/><D11/><U41/><E62/><V28/><F51/><W97/><G108/><T2/><D3/><U36/><E47/><V58/><F58/><W128/><G128/><T23/><D23/><U129/><E18/><V43/><F43/><W12/><G87/><T56/><D94/><U113/><E113/><V42/><F93/><W52/><G50/><N who="0" m="30807" /><D57/><U73/><E103/><V19/><F42/><W89/><G55/><T115/><D115/><U83/><E75/><V72/><F72/><W98/><G98/><T26/><D26/><U85/><E73/><V80/><F80/><AGARI ba="0,0" hai="2,4,8,74,76,80,134,135" m="30807,41994" machi="80" ten="30,1000,0" yaku="14,1" doraHai="29" who="0" fromWho="2" sc="346,10,296,0,132,-10,226,0" /><INIT seed="4,0,0,3,5,36" ten="356,296,122,226" oya="0" hai0="19,80,134,46,69,64,112,48,68,53,26,37,5" hai1="86,32,88,82,104,38,127,12,70,42,11,128,113" hai2="81,45,109,14,85,22,9,65,121,27,99,58,98" hai3="75,54,24,29,23,21,124,15,30,55,107,118,39"/><T96/><D112/><U94/><E113/><V102/><F109/><W74/><G39/><T52/><D134/><U44/><E127/><V47/><F121/><W77/><G107/><T4/><D37/><U62/><E128/><V35/><F35/><W116/><G15/><T59/><D80/><U66/><E104/><V135/><F135/><W49/><G77/><T61/><D69/><U92/><REACH who="1" step="1"/><E32/><REACH who="1" ten="356,286,122,226" step="2"/><V56/><F65/><W133/><G124/><T34/><D34/><U18/><AGARI ba="0,1" hai="11,12,18,38,42,44,62,66,70,82,86,88,92,94" machi="18" ten="20,12000,2" yaku="1,1,2,1,0,1,7,1,52,1,54,1,53,1" doraHai="36" doraHaiUra="6" who="1" fromWho="1" sc="356,-60,286,130,122,-30,226,-30" /><INIT seed="5,0,0,0,2,78" ten="296,416,92,196" oya="1" hai0="66,52,109,10,60,16,107,127,97,125,48,108,2" hai1="70,100,51,32,30,24,45,49,15,54,7,67,83" hai2="134,20,3,47,21,114,13,11,9,46,112,103,35" hai3="94,110,0,36,117,14,111,5,65,23,90,38,6"/><U26/><E100/><V55/><F103/><W33/><G33/><T91/><D2/><U124/><E124/><N who="0" m="47689" /><D107/><U82/><E70/><V95/><F95/><W98/><G65/><T80/><D97/><U105/><E105/><V120/><F120/><W72/><G72/><T58/><D10/><U121/><E121/><V56/><F35/><W123/><G6/><T74/><D16/><U27/><E67/><V18/><F134/><W118/><G0/><T68/><D91/><U69/><E69/><V53/><F3/><W85/><G98/><T37/><D37/><U132/><E132/><V29/><F29/><W135/><G135/><T92/><D92/><U12/><E32/><V17/><F56/><W119/><G123/><T88/><D74/><U79/><E79/><V40/><F40/><W42/><G42/><T87/><AGARI ba="0,0" hai="48,52,58,60,66,68,80,87,88,108,109" m="47689" machi="87" ten="30,7900,0" yaku="18,1,52,1,54,2" doraHai="78" who="0" fromWho="0" sc="296,79,416,-39,92,-20,196,-20" /><INIT seed="6,0,0,0,3,59" ten="375,377,72,176" oya="2" hai0="78,11,68,32,26,9,100,74,46,44,121,43,83" hai1="106,22,63,64,102,39,98,30,57,19,103,17,28" hai2="132,23,15,36,110,18,52,77,88,16,67,70,90" hai3="69,40,41,107,101,122,20,33,75,114,0,112,38"/><V1/><F36/><W99/><G122/><T81/><D121/><U82/><E39/><V96/><F1/><W131/><G33/><T66/><D100/><U73/><E103/><V24/><F132/><W25/><G0/><T93/><D93/><U118/><E118/><V115/><F115/><N who="3" m="44075" /><G131/><T13/><D43/><N who="3" m="16457" /><G38/><T97/><D97/><U76/><REACH who="1" step="1"/><E17/><REACH who="1" ten="375,367,72,176" step="2"/><V58/><F110/><W5/><G5/><T3/><D74/><U8/><E8/><V12/><F77/><W65/><G75/><T60/><D11/><U92/><E92/><N who="2" m="56327" /><F90/><W2/><G2/><T53/><D78/><U87/><E87/><V86/><F86/><W61/><G101/><T7/><D3/><U35/><E35/><V34/><F34/><W79/><G79/><T84/><D84/><U10/><E10/><N who="2" m="6167" /><F70/><W80/><G99/><T120/><D68/><U6/><E6/><V95/><F95/><W111/><G111/><T127/><D32/><U133/><E133/><V51/><F67/><W134/><G134/><T129/><D66/><U56/><E56/><V126/><F126/><W85/><G107/><T116/><D127/><U135/><E135/><V21/><F21/><W27/><G20/><T128/><D129/><U119/><E119/><V105/><F105/><W71/><G71/><T29/><D128/><U62/><E62/><V91/><F91/><W125/><G125/><T14/><D60/><U45/><E45/><V42/><F42/><W109/><G109/><T49/><D46/><U55/><E55/><V47/><F47/><W72/><G72/><T89/><D116/><U94/><E94/><RYUUKYOKU ba="0,1" sc="375,-30,367,10,72,10,176,10" hai1="19,22,28,30,57,63,64,73,76,82,98,102,106" hai2="15,18,23,24,51,52,58" hai3="25,27,61,65,69,80,85" /><INIT seed="6,1,1,5,2,69" ten="345,377,82,186" oya="2" hai0="20,110,100,41,38,133,44,21,118,29,131,63,79" hai1="31,33,61,85,104,2,35,120,115,3,24,72,99" hai2="0,94,8,108,126,51,124,43,25,5,16,84,1" hai3="114,129,127,68,23,10,102,39,128,40,91,67,75"/><V4/><F108/><W125/><G75/><T95/><D110/><U58/><E72/><V34/><F43/><W134/><G102/><T45/><D133/><U28/><E115/><V87/><F51/><W12/><G114/><T50/><D131/><N who="3" m="50249" /><G134/><T19/><D118/><U26/><E120/><V6/><F87/><W116/><G23/><T78/><D63/><U83/><E99/><V37/><F37/><W18/><G116/><T47/><D45/><U106/><E106/><V56/><F56/><W54/><G54/><T71/><D71/><U88/><E104/><V32/><F84/><W62/><G91/><T22/><D29/><U90/><E90/><V53/><F53/><AGARI ba="1,1" hai="2,3,24,26,28,31,33,35,53,58,61,83,85,88" machi="53" ten="30,3900,0" yaku="7,1,9,1,54,1" doraHai="69" who="1" fromWho="2" sc="345,0,377,52,82,-42,186,0" /><INIT seed="7,0,0,2,1,55" ten="345,429,40,186" oya="3" hai0="4,48,39,121,67,20,1,117,17,68,15,9,38" hai1="66,110,72,103,98,18,87,2,114,130,7,25,80" hai2="28,76,131,127,81,31,86,71,85,74,21,34,96" hai3="36,52,111,116,69,75,65,40,124,63,100,49,61"/><W89/><G75/><T99/><D117/><U47/><E72/><V8/><F71/><W43/><G100/><T12/><D121/><U119/><E110/><V73/><F131/><W105/><G105/><T44/><D99/><U83/><E66/><V101/><F127/><W3/><G3/><T14/><D67/><U78/><E83/><V6/><F34/><W16/><G63/><T51/><D68/><U29/><E18/><V123/><F123/><W79/><G79/><T82/><D51/><U60/><E60/><V90/><F74/><W70/><G70/><T107/><D107/><U35/><E47/><V104/><F21/><W95/><G111/><T118/><D118/><U27/><E78/><V92/><REACH who="2" step="1"/><F86/><REACH who="2" ten="345,429,30,186" step="2"/><N who="3" m="52663" /><G124/><T122/><D122/><U11/><E35/><V53/><F53/><W135/><G52/><T41/><REACH who="0" step="1"/><D82/><REACH who="0" ten="335,429,30,186" step="2"/><U97/><E97/><V56/><F56/><W23/><G69/><T10/><D10/><U126/><E11/><V57/><F57/><W13/><G23/><T106/><D106/><U42/><E98/><V62/><F62/><W5/><G61/><T125/><D125/><U94/><E126/><V32/><F32/><W77/><G65/><T132/><D132/><U109/><E119/><V26/><F26/><AGARI ba="0,2" hai="1,4,9,12,14,15,17,20,26,38,39,41,44,48" machi="26" ten="40,1300,0" yaku="1,1,53,0" doraHai="55" doraHaiUra="112" who="0" fromWho="2" sc="335,33,429,0,30,-13,186,0" owari="368,17.0,429,52.0,17,-48.0,186,-21.0" /></mjloggm>