<mjloggm ver="2.3"><GO type="169" lobby="0"/><UN n0="%E3%81%A1%E3%81%B3%E3%81%A6%E3%81%A4" n1="%62%73%79%67%63%37" n2="%E3%82%A6%E3%83%AB%E3%83%88%E3%83%A9%E7%AB%8B%E7%9B%B4" n3="%23%53%69%6C%76%65%72" dan="17,17,18,17" rate="2158.06,2158.37,2225.98,2109.40" sx="M,M,M,M"/><TAIKYOKU oya="0"/><INIT seed="0,0,0,4,3,122" ten="250,250,250,250" oya="0" hai0="114,3,59,77,76,78,19,103,60,104,55,10,42" hai1="2,72,75,127,30,69,53,56,82,61,28,117,124" hai2="5,130,106,70,24,21,88,9,87,1,16,25,68" hai3="128,93,83,110,54,111,33,113,62,52,119,57,65"/><T121/><D121/><U26/><E117/><V95/><F130/><W71/><G119/><T58/><D114/><U6/><E69/><V118/><F118/><W86/><G113/><T18/><D42/><U29/><E6/><V7/><F106/><W89/><G33/><T115/><D115/><U92/><E2/><V15/><F25/><W31/><G128/><T112/><D112/><U37/><E37/><V101/><F101/><W134/><G31/><T94/><D104/><U38/><E38/><V102/><F102/><W125/><G134/><T107/><D107/><U27/><E92/><V120/><F120/><W51/><G125/><N who="1" m="48202" /><E82/><V67/><F67/><W109/><G54/><T73/><D73/><AGARI ba="0,0" hai="26,27,28,29,30,53,56,61,72,73,75" m="48202" machi="73" ten="40,1300,0" yaku="18,1" doraHai="122" who="1" fromWho="0" sc="250,-13,250,13,250,0,250,0" /><INIT seed="1,0,0,0,0,57" ten="237,263,250,250" oya="1" hai0="125,110,38,112,99,103,41,22,20,3,26,53,102" hai1="104,46,94,35,98,81,72,76,1,23,10,111,44" hai2="32,118,96,101,121,83,133,25,40,124,129,117,43" hai3="107,78,7,18,58,47,63,105,88,42,77,13,0"/><U8/><E35/><V11/><F121/><W24/><G0/><T100/><D112/><U39/><E104/><V116/><F129/><W131/><G7/><T82/><D3/><U36/><E23/><V114/><F133/><W65/><G24/><T5/><D5/><U52/><E111/><V89/><F124/><W62/><G131/><T34/><D125/><U113/><E1/><V70/><F114/><W37/><G105/><T93/><D110/><U2/><E113/><V69/><F11/><W67/><G107/><T79/><D41/><U109/><E109/><V45/><F89/><W48/><G37/><T9/><D38/><U4/><E8/><V71/><F83/><W27/><G27/><T31/><D9/><U21/><E21/><V122/><F122/><W54/><G42/><T87/><D22/><U60/><E46/><V6/><F6/><W14/><G18/><T28/><D34/><U91/><REACH who="1" step="1"/><E44/><REACH who="1" ten="237,253,250,250" step="2"/><V84/><F45/><W16/><G14/><T50/><D28/><U120/><E120/><V106/><F32/><W29/><G29/><T64/><D20/><U12/><E12/><V97/><F25/><W56/><G13/><T123/><D123/><U66/><E66/><V90/><F40/><W126/><G126/><T134/><D64/><U130/><E130/><V74/><F43/><W108/><G108/><T49/><D53/><U135/><E135/><V73/><F117/><W80/><G65/><T86/><D134/><U127/><E127/><V68/><F118/><W15/><G67/><T115/><D31/><U132/><E132/><V119/><F116/><RYUUKYOKU ba="0,1" sc="237,-10,253,30,250,-10,250,-10" hai1="2,4,10,36,39,52,60,72,76,81,91,94,98" /><INIT seed="1,1,1,4,3,84" ten="227,283,240,240" oya="1" hai0="18,49,4,3,108,107,29,127,60,96,16,114,19" hai1="97,105,88,59,89,82,117,71,125,73,11,27,20" hai2="129,6,43,15,22,5,42,92,54,74,133,61,115" hai3="14,23,100,32,132,7,24,83,26,39,66,45,86"/><U34/><E71/><V131/><F74/><W47/><G132/><T77/><D114/><U0/><E117/><V68/><F133/><W112/><G112/><T21/><D127/><U46/><E34/><V50/><F115/><W36/><G32/><T78/><D108/><U103/><E125/><V122/><F122/><W95/><G66/><T128/><D128/><N who="2" m="49226" /><F92/><W51/><G47/><T72/><D60/><U37/><E59/><N who="2" m="33239" /><F22/><W64/><G64/><T126/><D126/><U124/><E124/><V67/><F15/><W81/><G39/><T104/><D49/><U52/><E52/><V75/><F75/><W119/><G36/><T135/><D135/><U109/><E109/><V30/><F30/><W120/><G119/><T85/><D72/><U113/><E113/><V99/><F99/><W25/><G120/><T101/><D107/><U93/><E105/><V57/><F57/><W41/><G23/><T79/><D29/><U9/><E9/><V33/><F33/><W8/><G86/><T80/><REACH who="0" step="1"/><D21/><REACH who="0" ten="217,283,240,240" step="2"/><U1/><E20/><V31/><F31/><W90/><G100/><T111/><D111/><U17/><E73/><V118/><F118/><W106/><G106/><T130/><D130/><U94/><E94/><V48/><F48/><W70/><G70/><T38/><D38/><U44/><E37/><V134/><F134/><W121/><G121/><T10/><AGARI ba="1,2" hai="3,4,10,16,18,19,77,78,79,80,85,96,101,104" machi="10" ten="30,4000,0" yaku="1,1,0,1,54,1,53,0" doraHai="84" doraHaiUra="69" who="0" fromWho="0" sc="217,63,283,-21,240,-11,240,-11" /><INIT seed="2,0,0,0,4,44" ten="280,262,229,229" oya="2" hai0="115,111,124,119,122,131,101,29,93,128,77,68,56" hai1="2,51,62,90,97,76,129,88,38,114,16,94,32" hai2="52,79,80,48,31,78,121,33,126,61,106,81,28" hai3="34,59,89,9,35,105,47,91,46,64,42,107,20"/><V37/><F37/><W84/><G9/><T39/><D77/><N who="2" m="29194" /><F106/><W36/><G20/><T24/><D68/><U110/><E38/><V41/><F33/><W18/><G18/><T85/><D122/><U27/><E2/><V116/><F116/><W69/><G69/><T113/><D119/><U49/><E114/><V8/><F126/><W25/><G25/><T117/><D124/><U10/><E32/><V6/><F121/><W55/><G64/><T87/><D39/><U127/><E127/><V100/><F100/><W86/><G36/><T22/><D117/><U15/><E129/><V0/><F0/><W96/><G96/><N who="0" m="59535" /><D87/><U82/><E90/><V108/><F108/><W132/><G59/><T95/><D111/><U3/><E110/><V60/><F41/><W21/><G21/><T11/><D11/><U50/><E3/><V40/><F40/><W70/><G42/><T1/><D1/><U63/><E27/><V120/><F120/><W103/><G70/><T30/><D30/><N who="2" m="11306" /><F8/><W43/><G103/><T118/><D118/><U102/><REACH who="1" step="1"/><E102/><REACH who="1" ten="280,252,229,229" step="2"/><V130/><F130/><W99/><G34/><T23/><D115/><U26/><E26/><V17/><F6/><W83/><G35/><N who="0" m="20903" /><D113/><U66/><E66/><V57/><F17/><W65/><G65/><T7/><D7/><U134/><E134/><V45/><F45/><W13/><G132/><T5/><D5/><U104/><E104/><V92/><F92/><W19/><G105/><T72/><D131/><U125/><E125/><V53/><F53/><W58/><G107/><T74/><D128/><U98/><E98/><RYUUKYOKU ba="0,1" sc="280,-15,252,15,229,15,229,-15" hai1="10,15,16,49,50,51,62,63,76,82,88,94,97" hai2="48,52,57,60,61,80,81" /><INIT seed="2,1,1,3,3,75" ten="265,267,244,214" oya="2" hai0="67,102,40,79,53,95,44,105,84,56,96,108,54" hai1="134,15,36,16,118,70,126,83,97,49,122,110,45" hai2="14,129,91,35,121,93,31,113,135,74,58,87,8" hai3="29,112,10,125,6,22,24,30,13,50,123,133,128"/><V64/><F113/><W132/><G123/><T119/><D108/><U3/><E118/><V100/><F121/><W59/><G112/><T124/><D124/><U46/><E3/><V20/><F129/><W65/><G128/><T18/><D119/><U107/><E122/><V85/><F74/><W0/><G125/><T114/><D114/><U28/><E126/><V115/><F115/><W2/><G65/><T127/><D127/><U86/><E70/><V23/><F135/><N who="3" m="51787" /><G59/><T69/><D18/><U120/><E36/><V103/><F35/><N who="3" m="20903" /><G50/><T41/><D69/><U32/><E110/><V73/><F73/><W33/><G33/><T94/><D105/><U90/><E134/><V131/><F131/><W38/><G38/><T63/><D95/><U89/><E120/><V109/><F109/><W68/><G68/><T60/><D60/><U66/><E66/><V92/><F58/><W48/><G48/><N who="0" m="28807" /><D67/><U82/><E107/><V12/><F64/><W51/><G51/><T130/><D130/><U62/><E62/><V9/><F31/><W47/><G47/><T57/><D57/><U5/><E49/><V55/><F55/><W101/><G101/><T43/><D43/><U72/><E28/><V7/><F7/><W4/><G4/><T81/><AGARI ba="1,1" hai="40,41,54,56,63,79,81,84,94,96,102" m="28807" machi="81" ten="30,2000,0" yaku="8,1,52,1" doraHai="75" who="0" fromWho="0" sc="265,33,267,-6,244,-11,214,-6" /><INIT seed="3,0,0,5,1,59" ten="298,261,233,208" oya="3" hai0="1,77,100,119,82,25,39,38,112,66,50,73,105" hai1="17,63,104,57,79,131,113,97,117,3,70,60,2" hai2="130,74,67,44,114,107,29,43,86,4,133,46,76" hai3="36,56,30,132,40,125,23,16,14,126,62,5,108"/><W91/><G132/><T106/><D119/><U84/><E113/><V35/><F86/><W92/><G108/><T19/><D1/><U61/><E70/><V129/><F46/><W89/><G5/><T123/><D123/><U53/><E131/><V6/><F6/><W45/><G30/><T34/><D50/><U21/><E117/><V11/><F114/><W80/><G80/><T118/><D19/><U12/><E2/><V33/><F107/><W110/><G110/><T96/><D106/><U0/><E0/><N who="2" m="391" /><F67/><W31/><G31/><N who="0" m="19823" /><D118/><U83/><REACH who="1" step="1"/><E3/><REACH who="1" ten="298,251,233,208" step="2"/><V78/><F130/><W54/><REACH who="3" step="1"/><G89/><REACH who="3" ten="298,251,233,198" step="2"/><T51/><D112/><U55/><E55/><V72/><F129/><W9/><G9/><T24/><D77/><U120/><E120/><V68/><F78/><W95/><G95/><T42/><D105/><U37/><E37/><V28/><F76/><W22/><G22/><T122/><D39/><U7/><E7/><V75/><F35/><W90/><G90/><T128/><D38/><U69/><E69/><V18/><F68/><W47/><G47/><T8/><D128/><U109/><E109/><V115/><F33/><W27/><G27/><T64/><D24/><U81/><E81/><V127/><F115/><W124/><G124/><T65/><D8/><U103/><AGARI ba="0,2" hai="12,17,21,53,57,60,61,63,79,83,84,97,103,104" machi="103" ten="30,16000,3" yaku="1,1,0,1,52,3,53,3" doraHai="59" doraHaiUra="58" who="1" fromWho="1" sc="298,-40,251,180,233,-40,198,-80" /><INIT seed="4,0,0,2,0,57" ten="258,431,193,118" oya="0" hai0="28,59,98,114,53,60,55,6,19,67,32,16,76" hai1="21,61,66,82,127,8,42,23,99,125,109,70,102" hai2="7,78,111,4,54,135,117,80,35,105,128,17,29" hai3="107,119,48,14,63,18,75,2,45,31,121,10,108"/><T83/><D114/><U65/><E109/><V79/><F111/><W94/><G108/><T92/><D6/><U12/><E42/><V15/><F105/><W115/><G107/><T22/><D32/><U87/><E66/><V43/><F128/><W100/><G119/><T81/><D28/><U91/><E125/><V25/><F135/><W103/><G75/><T77/><D19/><U30/><E30/><V116/><F43/><W104/><G104/><T93/><D93/><U74/><E74/><V112/><F112/><W120/><G2/><T36/><D36/><U129/><E127/><V56/><F4/><W118/><G115/><T71/><D81/><U52/><E52/><N who="0" m="20041" /><D83/><U50/><E50/><V134/><F7/><W86/><G31/><T68/><D68/><U96/><E129/><V130/><F130/><W126/><G118/><N who="2" m="45673" /><F134/><W34/><G34/><T33/><D71/><U58/><E70/><V64/><F80/><W1/><G1/><T110/><D33/><U69/><E69/><V37/><F37/><W101/><G126/><T20/><D20/><N who="1" m="7755" /><E102/><V46/><F64/><W97/><G86/><T132/><D132/><U26/><E26/><V27/><F27/><W3/><G3/><T5/><D5/><AGARI ba="0,0" hai="5,8,12,58,61,65,82,87,91,96,99" m="7755" machi="5" ten="30,2000,0" yaku="8,1,52,1" doraHai="57" who="1" fromWho="0" sc="258,-20,431,20,193,0,118,0" /><INIT seed="5,0,0,5,1,28" ten="238,451,193,118" oya="1" hai0="48,31,30,112,52,45,18,59,9,19,57,69,2" hai1="87,35,103,116,60,56,97,43,40,44,66,68,92" hai2="65,73,121,100,21,51,93,96,49,64,10,109,41" hai3="42,4,129,84,94,32,126,53,104,34,70,38,22"/><U85/><E116/><V79/><F109/><W114/><G104/><T26/><D69/><U20/><E35/><V124/><F121/><W89/><G70/><T14/><D112/><U110/><E110/><V83/><F124/><W119/><G114/><T91/><D2/><U13/><E68/><V125/><F125/><W1/><G126/><T78/><D78/><U23/><E43/><V98/><F10/><W61/><G119/><T76/><D76/><U130/><E130/><V133/><F133/><W115/><G115/><T15/><D91/><U106/><E106/><V3/><F3/><W36/><G22/><T5/><D30/><U111/><E111/><V12/><F12/><W118/><G129/><T24/><D26/><U82/><E13/><V67/><F21/><W25/><G25/><T105/><D105/><U77/><REACH who="1" step="1"/><E87/><REACH who="1" ten="238,441,193,118" step="2"/><V101/><F41/><W122/><G118/><T33/><D5/><U127/><E127/><V108/><F108/><W17/><G122/><T80/><D80/><U6/><E6/><V47/><F83/><W107/><G107/><T8/><AGARI ba="0,1" hai="8,9,14,15,18,19,24,31,33,45,48,52,57,59" machi="8" ten="20,8000,1" yaku="0,1,7,1,9,1,52,1,54,1" doraHai="28" who="0" fromWho="0" sc="238,90,441,-40,193,-20,118,-20" /><INIT seed="6,0,0,2,5,45" ten="328,401,173,98" oya="2" hai0="27,2,64,66,87,40,108,132,20,55,135,72,73" hai1="74,128,9,92,14,46,76,97,35,129,85,113,121" hai2="75,42,32,30,111,78,24,54,8,12,26,34,41" hai3="65,60,89,79,120,62,18,48,115,96,61,98,116"/><V31/><F111/><W68/><G120/><T52/><D40/><U25/><E74/><V106/><F106/><W23/><G116/><T125/><D2/><U0/><E0/><V67/><F67/><W43/><G115/><T53/><D108/><U19/><E46/><V77/><F54/><W16/><G79/><T10/><D10/><U51/><E51/><V105/><F105/><W95/><G96/><T107/><D107/><U104/><E104/><V58/><F58/><W119/><G119/><T22/><D87/><U3/><E3/><V101/><F101/><W37/><G37/><T28/><D22/><U15/><E113/><V134/><F134/><N who="0" m="51242" /><D125/><U100/><E121/><V71/><F71/><W109/><G109/><T59/><D66/><U133/><E133/><V57/><F57/><W93/><G93/><T91/><D91/><U21/><E35/><V81/><REACH who="2" step="1"/><F78/><REACH who="2" ten="328,401,163,98" step="2"/><W99/><G99/><T103/><D103/><U127/><E76/><V86/><F86/><W114/><G114/><T5/><D73/><U4/><E85/><V11/><F11/><W7/><G18/><AGARI ba="0,1" hai="8,12,18,24,26,30,31,32,34,41,42,75,77,81" machi="18" ten="30,5800,0" yaku="1,1,7,1,9,1,53,0" doraHai="45" doraHaiUra="94" who="2" fromWho="3" sc="328,0,401,0,163,68,98,-58" /><INIT seed="6,1,0,2,0,73" ten="328,401,231,40" oya="2" hai0="60,12,70,15,45,119,72,90,11,77,104,44,7" hai1="49,113,105,100,55,103,9,129,57,111,36,75,128" hai2="80,120,65,20,5,61,86,58,102,106,6,51,76" hai3="91,0,35,96,98,37,32,95,39,97,78,47,25"/><V68/><F120/><W23/><G0/><T122/><D104/><U59/><E111/><V29/><F106/><W17/><G39/><T22/><D122/><U66/><E36/><V2/><F2/><W109/><G109/><T19/><D119/><U24/><E75/><V82/><F68/><W130/><G130/><N who="1" m="50282" /><E105/><V1/><F1/><W62/><G62/><T40/><D90/><U10/><E24/><N who="2" m="16519" /><F82/><W43/><REACH who="3" step="1"/><G78/><REACH who="3" ten="328,401,231,30" step="2"/><T124/><D60/><N who="1" m="38175" /><E113/><V21/><F51/><W121/><G121/><T116/><D116/><U127/><E127/><V3/><F3/><W64/><G64/><T16/><D124/><U4/><E4/><V18/><F102/><AGARI ba="1,1" hai="9,10,49,55,57,100,102,103" m="38175,50282" machi="102" ten="30,1000,0" yaku="19,1" doraHai="73" who="1" fromWho="2" sc="328,0,401,23,231,-13,30,0" /><INIT seed="7,0,0,0,0,71" ten="328,424,218,30" oya="3" hai0="81,3,30,22,105,91,135,83,84,13,57,80,33" hai1="7,63,19,118,108,114,48,0,113,128,94,26,112" hai2="86,74,62,36,133,55,50,85,122,66,11,61,15" hai3="43,73,111,56,109,106,75,38,21,60,125,27,16"/><W96/><G125/><T6/><D105/><U42/><E108/><N who="3" m="41546" /><G106/><T82/><D135/><U130/><E118/><V28/><F74/><N who="3" m="28171" /><G43/><T103/><D103/><U47/><E63/><V4/><F62/><W58/><G96/><T124/><D124/><U35/><E94/><V41/><F28/><W115/><G115/><T18/><D57/><N who="3" m="22121" /><G60/><T88/><D84/><U52/><E42/><V67/><F41/><W104/><G104/><T97/><D97/><U98/><E98/><V49/><F85/><W2/><G2/><T110/><D110/><U46/><E46/><V44/><F44/><W134/><G134/><T79/><D79/><U93/><E93/><V12/><F86/><W119/><G119/><T99/><D99/><U76/><E76/><V24/><F133/><W39/><AGARI ba="0,0" hai="16,21,27,38,39" m="22121,28171,41546" machi="39" ten="40,12000,1" yaku="10,1,52,2,54,1" doraHai="71" who="3" fromWho="3" sc="328,-40,424,-40,218,-40,30,120" /><INIT seed="7,1,0,5,3,119" ten="288,384,178,150" oya="3" hai0="129,69,109,123,91,113,75,54,135,8,51,133,68" hai1="70,101,78,110,59,95,48,79,118,117,20,28,81" hai2="52,130,11,10,40,38,43,35,7,100,1,57,76" hai3="128,53,66,120,131,96,36,107,2,64,106,9,122"/><W111/><G111/><T116/><D75/><U6/><E70/><V121/><F35/><W22/><G36/><T62/><D8/><N who="2" m="3114" /><F1/><W41/><G41/><N who="2" m="15945" /><F38/><W12/><G53/><T47/><D91/><U108/><E6/><V31/><F121/><N who="3" m="46699" /><G22/><T84/><D84/><U98/><E59/><V17/><F130/><N who="3" m="49707" /><G2/><T77/><D54/><U105/><E20/><V27/><F7/><N who="3" m="3135" /><G96/><T5/><D5/><U55/><E55/><V65/><F65/><AGARI ba="1,0" hai="64,65,66,106,107" m="3135,49707,46699" machi="65" ten="30,11600,0" yaku="19,1,52,3" doraHai="119" who="3" fromWho="2" sc="288,0,384,0,178,-119,150,119" /><INIT seed="7,2,0,0,2,40" ten="288,384,59,269" oya="3" hai0="64,101,106,1,29,81,17,12,109,58,16,14,100" hai1="117,6,135,31,73,52,88,33,99,26,91,132,86" hai2="118,72,98,63,104,53,20,83,124,105,108,84,95" hai3="126,113,87,59,128,43,37,55,28,82,97,51,44"/><W92/><G113/><T94/><D106/><U27/><E73/><V103/><F53/><W114/><G114/><T71/><D109/><U23/><E6/><V19/><F63/><W25/><G128/><T36/><D36/><U89/><E99/><V112/><F20/><W54/><G126/><T85/><D71/><U57/><E117/><V131/><F19/><N who="0" m="7242" /><D29/><U127/><E127/><V46/><F46/><W116/><G116/><T49/><D1/><U39/><E39/><V9/><F9/><W4/><G4/><T66/><D94/><U67/><E67/><V38/><F38/><W133/><G133/><N who="1" m="51274" /><E27/><V5/><F5/><W120/><G120/><T96/><D96/><U15/><E15/><N who="0" m="5673" /><D66/><U130/><E130/><V110/><F112/><W56/><G92/><T75/><D75/><U80/><E33/><V18/><F131/><W32/><G97/><T13/><D13/><U78/><E78/><V2/><F18/><W77/><REACH who="3" step="1"/><G55/><REACH who="3" ten="288,384,59,259" step="2"/><N who="0" m="32111" /><D64/><U79/><E52/><V3/><F2/><W21/><G21/><T69/><D69/><U22/><E22/><V115/><F3/><W10/><G10/><T7/><D7/><U119/><E119/><V47/><F115/><W74/><G74/><T125/><D125/><U111/><E111/><N who="2" m="42539" /><F124/><W102/><G102/><T76/><AGARI ba="2,1" hai="76,81,85,100,101" m="32111,5673,7242" machi="76" ten="30,2000,0" yaku="8,1,54,1" doraHai="40" who="0" fromWho="0" sc="288,36,384,-7,59,-7,259,-12" owari="324,12.0,377,48.0,52,-45.0,247,-15.0" /></mjloggm>