<mjloggm ver="2.3"><GO type="169" lobby="0"/><UN n0="%74%61%6B%65%2D%79%6F%75" n1="%E3%81%97%E3%81%A1%E3%81%8B%E3%81%97%E3%82%85%E3%81%8F" n2="%E3%83%88%E3%83%88%E3%83%AA%E5%85%88%E7%94%9F%31%39%E6%AD%B3" n3="%E3%81%AA%E3%82%93%E3%81%A7%E3%82%82%E3%83%8A%E3%83%BC%E3%83%9F%E3%83%B3" dan="18,18,19,16" rate="2228.81,2235.87,2249.66,2146.58" sx="F,M,F,M"/><TAIKYOKU oya="0"/><INIT seed="0,0,0,4,2,70" ten="250,250,250,250" oya="0" hai0="24,98,31,3,34,11,53,77,123,15,61,122,60" hai1="105,8,115,5,29,28,69,114,40,65,102,54,89" hai2="51,108,80,22,12,113,10,33,59,43,45,117,23" hai3="106,75,37,129,109,13,64,119,82,9,26,20,134"/><T101/><D3/><U0/><E40/><V107/><F113/><N who="1" m="43017" /><E89/><V84/><F108/><W96/><G119/><T39/><D77/><U130/><E130/><V49/><F117/><W93/><G106/><T88/><D39/><U128/><E128/><V62/><F33/><W85/><G75/><T121/><D53/><U90/><E90/><V52/><F107/><W104/><G104/><T1/><D1/><U38/><E38/><V47/><F10/><W42/><G109/><T86/><D98/><N who="1" m="61655" /><E54/><V7/><F7/><W116/><G116/><T74/><D101/><U73/><E73/><V78/><REACH who="2" step="1"/><F12/><REACH who="2" ten="250,250,240,250" step="2"/><W17/><G13/><T126/><D126/><U57/><E8/><V55/><AGARI ba="0,1" hai="22,23,43,45,47,49,51,52,55,59,62,78,80,84" machi="55" ten="20,12000,2" yaku="1,1,2,1,0,1,7,1,8,1,54,1,53,0" doraHai="70" doraHaiUra="6" who="2" fromWho="2" sc="250,-60,250,-30,240,130,250,-30" /><INIT seed="1,0,0,3,1,25" ten="190,220,370,220" oya="1" hai0="67,14,7,0,86,121,38,29,62,95,32,10,128" hai1="56,107,71,94,108,11,106,135,102,84,26,97,65" hai2="122,110,15,19,51,132,1,2,45,93,24,20,113" hai3="44,87,30,12,23,98,54,16,35,42,49,70,125"/><U116/><E116/><V61/><F122/><W92/><G70/><T5/><D38/><U112/><E112/><V123/><F123/><W91/><G125/><T77/><D121/><U130/><E130/><V117/><F117/><W22/><G35/><T81/><D128/><U21/><E135/><V47/><F113/><W83/><G30/><T111/><D111/><U119/><E119/><V99/><F110/><W74/><G74/><T131/><D131/><U40/><E108/><V80/><F132/><W100/><REACH who="3" step="1"/><G42/><REACH who="3" ten="190,220,370,210" step="2"/><T28/><D32/><U63/><E40/><N who="2" m="24999" /><F2/><W4/><G4/><T68/><D5/><U59/><E11/><AGARI ba="0,1" hai="11,12,16,22,23,44,49,54,83,87,91,92,98,100" machi="11" ten="30,12000,2" yaku="1,1,7,1,25,2,8,1,54,1,53,1" doraHai="25" doraHaiUra="85" who="3" fromWho="1" sc="190,0,220,-120,370,0,210,130" /><INIT seed="2,0,0,0,3,87" ten="190,100,370,340" oya="2" hai0="78,101,103,83,26,0,104,116,92,52,56,59,33" hai1="32,19,130,126,114,24,1,70,99,22,124,8,118" hai2="107,115,128,6,9,53,28,98,134,111,25,12,34" hai3="48,13,17,65,55,108,135,82,74,122,120,121,37"/><V131/><F115/><W7/><G37/><T95/><D0/><U50/><E70/><V91/><F134/><W44/><G135/><T76/><D104/><U133/><E133/><V105/><F111/><W69/><G7/><T36/><D36/><U30/><E50/><V102/><F107/><W5/><G5/><T38/><D38/><U11/><E99/><V39/><F39/><W68/><G108/><T125/><D125/><N who="1" m="48235" /><E114/><V60/><F53/><W84/><G74/><T71/><D71/><U23/><E118/><V93/><REACH who="2" step="1"/><F60/><REACH who="2" ten="190,100,360,340" step="2"/><W75/><G65/><T127/><D127/><U54/><E54/><V49/><F49/><W132/><G132/><T47/><D52/><U79/><E130/><V45/><F45/><W46/><G44/><T123/><D47/><U58/><E1/><V67/><F67/><W109/><G109/><T117/><D117/><U15/><E79/><V86/><AGARI ba="0,1" hai="6,9,12,25,28,34,86,91,93,98,102,105,128,131" machi="86" ten="30,6000,0" yaku="1,1,0,1,52,1,53,0" doraHai="87" doraHaiUra="16" who="2" fromWho="2" sc="190,-20,100,-20,360,70,340,-20" /><INIT seed="2,1,0,0,3,123" ten="170,80,430,320" oya="2" hai0="74,32,18,97,13,22,77,40,36,110,42,103,105" hai1="73,3,9,93,126,52,1,102,62,34,118,16,87" hai2="11,27,134,55,85,71,122,48,89,38,91,39,80" hai3="29,100,78,130,15,26,127,25,12,53,115,114,94"/><V133/><F122/><W33/><G78/><T125/><D32/><U51/><E118/><V21/><F71/><W41/><G41/><T10/><D125/><U20/><E73/><V57/><F11/><W30/><G53/><T6/><D36/><U4/><E34/><V47/><F89/><W14/><G94/><T75/><D75/><U81/><E126/><V83/><F83/><W132/><G100/><T76/><D76/><U66/><E3/><V64/><F64/><W107/><G107/><T109/><D77/><U135/><E135/><N who="2" m="51723" /><F47/><W43/><G43/><T117/><D74/><U84/><E81/><V131/><F131/><W116/><G132/><T108/><REACH who="0" step="1"/><D117/><REACH who="0" ten="160,80,430,320" step="2"/><U56/><E102/><V95/><F39/><W19/><G116/><T35/><D35/><U120/><E120/><V111/><F38/><W121/><G121/><T101/><D101/><U49/><E93/><V37/><F37/><W82/><G82/><T68/><D68/><U124/><E124/><V60/><F95/><W113/><G127/><T61/><D61/><U45/><REACH who="1" step="1"/><E51/><REACH who="1" ten="160,70,430,320" step="2"/><V104/><F48/><W59/><G33/><T128/><D128/><U28/><E28/><N who="2" m="17519" /><F104/><W58/><G130/><T63/><D63/><U88/><E88/><V72/><F72/><W106/><G106/><T70/><D70/><U65/><E65/><V79/><F91/><W50/><G50/><T119/><D119/><U5/><E5/><V98/><F79/><W54/><G115/><T2/><AGARI ba="1,2" hai="2,6,10,13,18,22,40,42,97,103,105,108,109,110" machi="2" ten="30,12000,2" yaku="1,1,0,1,14,1,52,3,53,0" doraHai="123" doraHaiUra="24" who="0" fromWho="0" sc="160,143,70,-31,430,-61,320,-31" /><INIT seed="3,0,0,0,2,116" ten="303,39,369,289" oya="3" hai0="71,128,39,51,3,67,95,16,27,131,134,74,97" hai1="88,40,69,73,124,70,46,83,57,25,104,79,2" hai2="120,85,101,44,129,123,23,62,130,43,133,50,58" hai3="49,30,14,33,4,34,98,20,91,11,5,87,35"/><W66/><G66/><T37/><D3/><U84/><E124/><V53/><F101/><W78/><G78/><T64/><D74/><U77/><E104/><V135/><F85/><W90/><G49/><T29/><D51/><U113/><E113/><V48/><F48/><W32/><G98/><T93/><D134/><N who="2" m="51210" /><F23/><W15/><N who="3" m="8192" /><DORA hai="82" /><W10/><REACH who="3" step="1"/><G87/><REACH who="3" ten="303,39,369,279" step="2"/><T12/><D97/><U114/><E79/><V9/><F9/><W107/><G107/><T41/><D39/><U68/><E77/><V36/><F36/><W59/><G59/><T111/><D37/><U45/><E57/><V132/><F132/><W17/><G17/><T19/><D16/><U56/><E56/><V75/><F75/><W31/><G31/><T81/><D19/><U26/><E73/><V102/><F102/><W72/><G72/><T13/><D29/><U103/><E103/><V55/><F55/><W106/><G106/><T7/><D64/><U42/><E84/><V108/><F108/><W6/><G6/><T92/><D7/><U80/><E70/><V52/><F53/><W125/><G125/><T0/><D111/><U121/><E69/><V109/><F109/><W76/><G76/><T54/><D54/><U28/><E68/><V99/><F99/><W86/><G86/><T60/><D67/><U21/><E28/><V63/><F63/><W65/><G65/><T96/><D60/><U117/><E42/><V61/><F61/><W22/><G22/><T127/><D41/><U94/><E40/><V100/><F100/><W119/><G119/><T47/><D96/><U126/><E117/><RYUUKYOKU ba="0,1" sc="303,-15,39,-15,369,15,279,15" hai2="43,44,50,52,58,62,120,123,129,130" hai3="4,5,10,11,14,15,20,30,90,91" /><INIT seed="3,1,1,5,1,22" ten="288,24,384,294" oya="3" hai0="64,33,14,7,29,20,121,102,126,112,35,132,23" hai1="116,93,85,77,5,106,13,98,96,71,78,69,6" hai2="48,27,67,61,83,81,4,37,49,73,108,31,123" hai3="56,41,59,2,46,133,74,32,124,55,91,115,84"/><W99/><G74/><T103/><D64/><U70/><E116/><V30/><F37/><W92/><G115/><T94/><D94/><U80/><E78/><V60/><F108/><W3/><G32/><N who="0" m="12363" /><D103/><U97/><E106/><V100/><F123/><W50/><G133/><T88/><D88/><U134/><E134/><V63/><F67/><W15/><G124/><T119/><D102/><U26/><E26/><V90/><F73/><W87/><G3/><T1/><D132/><U76/><E76/><V36/><F36/><W104/><G2/><T118/><D121/><U125/><E125/><V62/><N who="2" m="15360" /><DORA hai="117" /><V16/><F4/><W58/><G104/><T68/><D68/><U131/><E131/><V52/><F100/><W110/><G110/><T129/><D126/><U17/><REACH who="1" step="1"/><E93/><REACH who="1" ten="288,14,384,294" step="2"/><V40/><F27/><W34/><G34/><T21/><D129/><U39/><E39/><V109/><F109/><W111/><G111/><T9/><D112/><U113/><E113/><V82/><F82/><W10/><REACH who="3" step="1"/><G41/><REACH who="3" ten="288,14,384,284" step="2"/><T120/><D118/><U105/><E105/><V0/><F40/><W8/><G8/><AGARI ba="1,3" hai="5,6,8,13,17,69,70,71,77,80,85,96,97,98" machi="8" ten="50,3200,0" yaku="1,1,53,1" doraHai="22,117" doraHaiUra="11,44" who="1" fromWho="3" sc="288,0,14,65,384,0,284,-35" /><INIT seed="4,0,0,1,5,93" ten="288,79,384,249" oya="0" hai0="120,77,44,70,56,76,85,59,84,97,36,96,64" hai1="122,74,38,39,83,49,127,123,37,73,118,55,111" hai2="30,99,116,107,15,69,62,89,104,102,18,124,26" hai3="108,4,50,80,27,21,92,115,105,40,133,103,28"/><T57/><D120/><U90/><E118/><V101/><F116/><W45/><G105/><T95/><D70/><U79/><E111/><V81/><F124/><W32/><G108/><T3/><D3/><U114/><E74/><V121/><F121/><W5/><G133/><T132/><D132/><U31/><E127/><V66/><F81/><W60/><G115/><T33/><D33/><U125/><E125/><V61/><F89/><W8/><G32/><T91/><D64/><U130/><E130/><V53/><F53/><W47/><G60/><T58/><D58/><U41/><E41/><V100/><F61/><W71/><G71/><T1/><D1/><U52/><E55/><V12/><F107/><W19/><G80/><T88/><D44/><U20/><E90/><V24/><F24/><W126/><G126/><T72/><D36/><U110/><E110/><V131/><F131/><W129/><G47/><T112/><D112/><U135/><E114/><V35/><F12/><N who="3" m="7559" /><G129/><T54/><D54/><U98/><E135/><V13/><F15/><W113/><G113/><T43/><D43/><U11/><E11/><AGARI ba="0,0" hai="11,13,18,26,30,35,62,66,69,99,100,101,102,104" machi="11" ten="30,7700,0" yaku="7,1,25,2,52,1" doraHai="93" who="2" fromWho="1" sc="288,0,79,-77,384,77,249,0" /><INIT seed="5,0,0,3,2,126" ten="288,2,461,249" oya="1" hai0="132,45,99,133,95,9,19,111,76,116,3,70,128" hai1="123,53,10,52,125,60,38,121,40,42,7,84,88" hai2="1,85,31,104,46,93,13,51,50,117,2,41,23" hai3="112,36,100,106,75,80,82,114,55,12,131,59,44"/><U24/><E125/><V33/><F104/><W98/><G131/><T72/><D128/><U68/><E24/><V15/><F117/><W91/><G75/><T120/><D111/><U71/><E123/><V0/><F33/><W94/><G36/><T96/><D116/><U48/><E121/><V58/><F31/><W18/><G44/><T118/><D118/><U57/><E38/><V115/><F115/><N who="3" m="44075" /><G100/><T124/><D70/><U134/><E134/><V32/><F32/><W47/><G47/><T102/><D124/><U89/><E71/><V56/><F23/><N who="3" m="11719" /><G106/><T119/><D120/><U79/><E79/><V11/><F46/><W81/><G80/><N who="0" m="45063" /><D45/><N who="1" m="27663" /><E68/><V65/><F41/><N who="1" m="15977" /><E84/><V90/><F85/><W69/><G69/><T43/><D43/><U30/><E30/><V77/><F77/><W6/><G6/><N who="0" m="1247" /><D119/><U63/><E89/><V135/><F90/><W8/><G8/><T107/><D133/><U87/><E87/><V17/><F135/><W29/><G29/><T67/><D132/><U74/><E74/><V92/><F11/><W37/><G37/><T103/><D19/><U62/><E88/><V113/><F17/><W109/><G109/><T49/><D49/><AGARI ba="0,0" hai="49,55,59,81,82,91,94,98" m="11719,44075" machi="49" ten="30,1000,0" yaku="15,1" doraHai="126" who="3" fromWho="0" sc="288,-10,2,0,461,0,249,10" /><INIT seed="6,0,0,3,3,115" ten="278,2,461,259" oya="2" hai0="6,77,33,48,36,102,53,43,42,64,91,59,8" hai1="90,70,44,54,106,27,18,60,67,86,108,112,66" hai2="84,22,52,99,93,94,25,98,127,40,47,14,79" hai3="49,71,81,62,92,95,124,113,125,87,129,50,57"/><V74/><F74/><W121/><G113/><T21/><D33/><U134/><E90/><V114/><F114/><W30/><G30/><T128/><D128/><U7/><E86/><V130/><F130/><W9/><G9/><T46/><D102/><U23/><E18/><V26/><F127/><N who="3" m="48715" /><G121/><T111/><D111/><U126/><E27/><V56/><F14/><W29/><G29/><T51/><D77/><U100/><E23/><V120/><F120/><W89/><G71/><T101/><D101/><U5/><E100/><V78/><F47/><W131/><G129/><T132/><D132/><U72/><E7/><V80/><F40/><N who="0" m="15402" /><D36/><U20/><E20/><V34/><F34/><W97/><G131/><T133/><D133/><U58/><E5/><V13/><F13/><W28/><G28/><T110/><D110/><U68/><E72/><V65/><F65/><N who="3" m="39119" /><G95/><N who="2" m="36361" /><F79/><AGARI ba="0,0" hai="49,50,79,81,87,89,92,97" m="39119,48715" machi="79" ten="30,1000,0" yaku="18,1" doraHai="115" who="3" fromWho="2" sc="278,0,2,0,461,-10,259,10" /><INIT seed="7,0,0,4,4,131" ten="278,2,451,269" oya="3" hai0="38,106,72,124,95,92,115,88,130,96,80,46,26" hai1="135,1,104,103,31,127,125,60,98,52,29,107,112" hai2="10,82,20,109,50,21,9,67,64,18,73,53,66" hai3="83,128,4,62,48,11,36,133,118,5,40,58,108"/><W100/><G118/><T68/><D68/><U19/><E1/><V6/><F109/><W39/><G128/><T122/><D122/><U35/><E19/><V91/><F6/><W71/><G108/><T121/><D121/><U42/><E42/><V105/><F105/><W56/><G100/><N who="0" m="60447" /><D38/><N who="3" m="14377" /><G83/><T54/><D106/><U51/><E107/><V34/><F34/><W99/><G99/><N who="0" m="57735" /><D72/><U101/><E98/><V17/><F73/><W111/><G11/><N who="2" m="4105" /><F18/><W55/><G4/><T120/><D120/><U79/><E79/><V12/><F20/><W14/><G14/><T61/><D130/><U113/><E60/><V77/><F77/><W93/><G93/><T24/><D124/><N who="1" m="47691" /><E135/><V75/><F75/><W63/><G5/><T110/><D110/><U22/><E35/><V44/><F91/><W25/><G25/><T57/><D115/><N who="1" m="44107" /><E104/><V59/><F82/><W70/><G111/><T89/><D80/><U126/><N who="1" m="47699" /><U116/><DORA hai="97" /><E116/><V33/><F33/><W129/><G129/><T90/><D90/><U8/><E8/><V94/><F94/><W84/><G84/><T69/><D89/><U3/><E3/><V28/><F28/><N who="1" m="10825" /><E22/><V23/><F23/><W76/><G76/><T16/><D16/><U30/><N who="1" m="10833" /><U78/><DORA hai="13" /><E78/><V37/><F37/><W7/><G7/><T119/><D119/><U132/><E132/><V123/><F123/><W114/><G114/><T15/><D24/><U117/><E117/><V102/><F12/><W47/><G133/><T0/><D26/><U43/><E43/><V87/><F17/><W41/><G41/><RYUUKYOKU ba="0,0" sc="278,-15,2,15,451,-15,269,15" hai1="51,52,101,103" hai3="40,47,48,55,56,58,62,63,70,71" /><INIT seed="7,1,0,1,0,41" ten="263,17,436,284" oya="3" hai0="23,115,117,118,124,108,0,65,39,129,80,53,74" hai1="111,133,6,45,48,44,113,11,7,77,34,29,56" hai2="81,100,83,1,132,105,121,66,123,89,94,37,21" hai3="3,40,28,126,14,5,32,104,72,15,38,22,26"/><W35/><G104/><T114/><D108/><U2/><E111/><V127/><F1/><W16/><G72/><T30/><D39/><U36/><E113/><N who="0" m="43017" /><D129/><U19/><E133/><V78/><F37/><W20/><G40/><T52/><D0/><U69/><E69/><V120/><F132/><W73/><G73/><T99/><D65/><U85/><E7/><V131/><F131/><W95/><G95/><T116/><D124/><U86/><E36/><V58/><F127/><W59/><G59/><T130/><D130/><U12/><E48/><V134/><F134/><W88/><G88/><T135/><D135/><U87/><E56/><V106/><F21/><W18/><G38/><T54/><D99/><U10/><E77/><V33/><F100/><W101/><G101/><T50/><D30/><U112/><E112/><V75/><F83/><W98/><G98/><T82/><D23/><U57/><E57/><V49/><F49/><W8/><G35/><T96/><D96/><U62/><E62/><N who="2" m="38231" /><F33/><W91/><G91/><T103/><D103/><U17/><E34/><V93/><F93/><W70/><G70/><T63/><D63/><U68/><E68/><V109/><F109/><W4/><G4/><T76/><D80/><U61/><E61/><V46/><F46/><AGARI ba="1,0" hai="46,50,52,53,54,74,76,82,116,117,118" m="43017" machi="46" ten="40,8000,1" yaku="15,1,11,1,52,1,54,1" doraHai="41" who="0" fromWho="2" sc="263,83,17,0,436,-83,284,0" owari="346,15.0,17,-48.0,353,45.0,284,-12.0" /></mjloggm>