<mjloggm ver="2.3"><GO type="169" lobby="0"/><UN n0="%E3%81%BA%E3%82%93%E3%81%8E%E3%82%93%E3%81%95%E3%82%93" n1="%E4%B8%89%E8%89%B2%E5%90%8C%E5%88%BB%E2%98%86" n2="%E3%83%88%E3%83%88%E3%83%AA%E5%85%88%E7%94%9F%31%39%E6%AD%B3" n3="%E3%83%AA%E3%82%B5%E3%81%95%E3%81%BE" dan="17,17,19,17" rate="2183.17,2184.72,2298.08,2158.09" sx="F,M,F,F"/><TAIKYOKU oya="0"/><INIT seed="0,0,0,1,1,130" ten="250,250,250,250" oya="0" hai0="65,96,43,32,57,109,117,71,22,119,126,39,87" hai1="15,110,53,7,45,20,21,74,100,118,131,89,72" hai2="128,75,48,79,63,29,11,62,31,88,59,33,101" hai3="44,90,64,104,133,30,27,50,86,4,135,40,113"/><T52/><D32/><U0/><E118/><V37/><F37/><W41/><G113/><T56/><D126/><U69/><E131/><V18/><F128/><W13/><G104/><T54/><D96/><U116/><E116/><V106/><F101/><W68/><G40/><T129/><D22/><U23/><E0/><V97/><F106/><W107/><G107/><T108/><D87/><U16/><E7/><V55/><F79/><W115/><G64/><T60/><D129/><U122/><E122/><V92/><F75/><W93/><G68/><T17/><D17/><U132/><E100/><V19/><F19/><W85/><G115/><T80/><D80/><U6/><E6/><V42/><F33/><W120/><G120/><T98/><D98/><U112/><E110/><N who="0" m="42601" /><D54/><U8/><E69/><V105/><F105/><W111/><G111/><T81/><D81/><U123/><E123/><V121/><F121/><W58/><G85/><T9/><D9/><U35/><E35/><V47/><F11/><W134/><G4/><T26/><D26/><U83/><E112/><V127/><F127/><W77/><G77/><T49/><D71/><U102/><E74/><V36/><REACH who="2" step="1"/><F18/><REACH who="2" ten="250,250,240,250" step="2"/><W124/><G124/><T78/><D78/><N who="1" m="44487" /><E102/><V67/><F67/><W114/><G114/><T76/><D76/><U51/><E89/><V84/><F84/><W125/><G125/><T28/><D28/><AGARI ba="0,1" hai="28,29,31,36,42,47,48,55,59,62,63,88,92,97" machi="28" ten="40,8000,1" yaku="1,1,54,1,53,3" doraHai="130" doraHaiUra="24" who="2" fromWho="0" sc="250,-80,250,0,240,90,250,0" /><INIT seed="1,0,0,0,1,56" ten="170,250,330,250" oya="1" hai0="33,27,21,114,93,71,105,43,48,30,130,9,88" hai1="67,17,90,40,86,23,82,75,128,55,89,111,103" hai2="46,60,53,59,74,77,115,66,129,20,49,85,7" hai3="44,10,104,62,79,87,117,78,73,100,92,11,83"/><U19/><E128/><V16/><F74/><W110/><G110/><T116/><D105/><U96/><E111/><V4/><F129/><W125/><G125/><T1/><D71/><U24/><E40/><V54/><F115/><W14/><G117/><T122/><D116/><U38/><E38/><V70/><F77/><W72/><G44/><T29/><D114/><U134/><E134/><V108/><F108/><W106/><G14/><T109/><D109/><U52/><E75/><V39/><F85/><W84/><G92/><T64/><D130/><U98/><E67/><V58/><F70/><W120/><G100/><T126/><D126/><U95/><REACH who="1" step="1"/><E19/><REACH who="1" ten="170,240,330,250" step="2"/><V50/><F39/><W112/><G112/><T119/><D119/><U37/><E37/><V12/><AGARI ba="0,1" hai="4,7,12,16,20,46,49,50,53,54,58,59,60,66" machi="12" ten="20,8000,1" yaku="0,1,7,1,8,1,52,1,54,1" doraHai="56" who="2" fromWho="2" sc="170,-20,240,-40,330,90,250,-20" /><INIT seed="2,0,0,5,2,76" ten="150,200,420,230" oya="2" hai0="108,2,110,74,70,134,60,66,77,10,123,68,126" hai1="45,7,53,5,128,6,37,86,95,89,96,14,52" hai2="24,121,8,109,73,90,119,59,117,132,83,81,18" hai3="85,94,4,35,43,131,106,71,135,51,120,114,125"/><V11/><F121/><W39/><RYUUKYOKU type="yao9" ba="0,0" sc="150,0,200,0,420,0,230,0" hai3="4,35,39,43,51,71,85,94,106,114,120,125,131,135" /><INIT seed="2,1,0,5,0,92" ten="150,200,420,230" oya="2" hai0="47,104,121,27,57,135,19,32,5,87,67,44,22" hai1="81,40,111,74,109,30,11,66,3,53,127,84,6" hai2="123,36,15,20,54,23,13,58,94,61,118,26,103" hai3="122,52,116,99,98,68,25,88,21,113,131,2,0"/><V12/><F118/><W114/><G68/><T29/><D121/><U112/><E112/><N who="3" m="43114" /><G116/><T102/><D135/><U101/><E127/><V8/><F123/><W86/><G131/><T119/><D119/><U96/><E53/><V115/><F115/><W48/><G122/><T110/><D110/><N who="1" m="41995" /><E66/><V108/><F36/><W14/><G14/><T38/><D5/><U78/><E30/><V77/><F77/><W60/><G60/><T72/><D72/><U93/><E40/><V69/><F23/><W1/><G25/><T24/><D38/><U9/><E11/><V134/><F69/><W124/><G124/><T64/><D87/><AGARI ba="1,0" hai="3,6,9,74,78,81,84,87,93,96,101" m="41995" machi="87" ten="30,2000,0" yaku="14,1,52,1" doraHai="92" who="1" fromWho="0" sc="150,-23,200,23,420,0,230,0" /><INIT seed="3,0,0,5,1,34" ten="127,223,420,230" oya="3" hai0="126,57,73,17,88,58,67,5,79,63,104,111,27" hai1="23,76,18,112,43,16,93,103,102,11,48,21,36" hai2="70,68,35,119,82,30,15,38,29,72,10,127,114" hai3="92,78,89,131,125,110,74,13,53,94,45,124,132"/><W22/><G131/><T14/><D104/><U71/><E36/><V32/><F114/><W95/><G132/><T62/><D111/><U101/><E71/><V19/><F119/><W106/><G106/><T51/><D126/><N who="3" m="48745" /><G110/><T134/><D134/><U7/><E112/><V41/><F127/><W97/><G78/><T37/><D37/><U87/><E23/><V69/><F82/><W80/><G74/><T39/><D39/><U61/><E61/><V116/><F72/><W84/><G45/><T64/><D51/><U98/><E87/><V113/><F116/><W120/><G120/><T129/><D129/><U20/><E76/><V75/><F75/><W1/><G1/><T26/><D5/><U121/><E121/><V44/><REACH who="2" step="1"/><F113/><REACH who="2" ten="127,223,410,230" step="2"/><W47/><G80/><T91/><D73/><U25/><E43/><V117/><F117/><W86/><G86/><T115/><D115/><U0/><REACH who="1" step="1"/><E48/><REACH who="1" ten="127,213,410,230" step="2"/><V128/><F128/><W77/><G84/><T50/><D50/><U122/><E122/><V133/><F133/><W54/><G77/><T59/><D79/><U123/><E123/><V46/><F46/><W42/><G47/><T31/><D63/><U66/><E66/><V130/><F130/><W81/><G42/><T99/><D62/><U9/><E9/><V65/><F65/><W8/><G8/><T135/><D67/><U60/><E60/><V118/><F118/><W83/><G53/><T6/><D64/><U33/><E33/><AGARI ba="0,2" hai="10,15,19,29,30,32,33,35,38,41,44,68,69,70" machi="33" ten="50,3200,0" yaku="1,1,53,1" doraHai="34" doraHaiUra="40" who="2" fromWho="1" sc="127,0,213,-32,410,52,230,0" /><INIT seed="4,0,0,2,4,82" ten="127,181,462,230" oya="0" hai0="4,90,11,126,13,68,124,50,75,67,36,72,25" hai1="44,65,131,28,108,130,31,96,12,79,17,62,87" hai2="66,56,38,8,95,86,64,27,14,100,93,69,51" hai3="106,112,52,117,114,110,109,123,1,48,125,61,121"/><T60/><D36/><U113/><E108/><N who="3" m="41578" /><G106/><T84/><D25/><U16/><E96/><N who="2" m="59423" /><F38/><W37/><G37/><T102/><D102/><U80/><E44/><V33/><F69/><W42/><G1/><T118/><D50/><U134/><E134/><V35/><F35/><W58/><G125/><N who="0" m="48235" /><D118/><U71/><E113/><N who="3" m="43626" /><G42/><T89/><D89/><U6/><E6/><N who="2" m="3351" /><F27/><W21/><G21/><T32/><D32/><U15/><E12/><V101/><F33/><W85/><G85/><T49/><D49/><U7/><E7/><V122/><F86/><W53/><G117/><T10/><D10/><N who="1" m="6263" /><E17/><V105/><F105/><W26/><G26/><T43/><D43/><U57/><E71/><V127/><F127/><W97/><G97/><T128/><D128/><AGARI ba="0,0" hai="28,31,57,62,65,79,80,87,128,130,131" m="6263" machi="128" ten="30,3900,0" yaku="19,1,52,1,54,1" doraHai="82" who="1" fromWho="0" sc="127,-39,181,39,462,0,230,0" /><INIT seed="5,0,0,4,0,30" ten="88,220,462,230" oya="1" hai0="33,130,114,109,92,134,45,42,52,2,115,24,21" hai1="89,90,60,93,20,121,127,23,106,55,65,19,17" hai2="96,71,80,27,103,13,110,25,46,74,35,47,11" hai3="28,63,66,91,7,6,105,56,54,15,39,117,132"/><U129/><E121/><V50/><F110/><W44/><G105/><T131/><D109/><U18/><E106/><V128/><F71/><W26/><G132/><T57/><D2/><U94/><E129/><N who="0" m="49161" /><D92/><N who="1" m="35435" /><E65/><V12/><F35/><W123/><G123/><T84/><D134/><U37/><E37/><V41/><F128/><W49/><G117/><T58/><D84/><U98/><E127/><V111/><F111/><W99/><G99/><T3/><D3/><U72/><E72/><V95/><F12/><W119/><G119/><T32/><D21/><N who="1" m="8267" /><E98/><V10/><F10/><W22/><G15/><T14/><D14/><U83/><E83/><V88/><F74/><W62/><G91/><N who="1" m="34826" /><E60/><V68/><F68/><W69/><G39/><N who="0" m="21727" /><D24/><U135/><E135/><V113/><F80/><W133/><G133/><T85/><D85/><U87/><E87/><V102/><F27/><W59/><REACH who="3" step="1"/><G69/><REACH who="3" ten="88,220,462,220" step="2"/><T116/><D116/><U34/><E55/><AGARI ba="0,1" hai="6,7,22,26,28,44,49,54,55,56,59,62,63,66" machi="55" ten="30,7700,0" yaku="1,1,2,1,7,1,8,1,53,0" doraHai="30" doraHaiUra="120" who="3" fromWho="1" sc="88,0,220,-77,462,0,220,87" /><INIT seed="6,0,0,3,0,84" ten="88,143,462,307" oya="2" hai0="80,120,7,132,1,90,61,28,36,125,3,76,13" hai1="34,89,54,130,10,102,103,4,71,65,91,49,72" hai2="25,78,68,110,24,126,27,48,45,85,93,96,22" hai3="37,39,109,123,115,32,56,108,47,66,29,41,112"/><V15/><F68/><W86/><G86/><T75/><D36/><U101/><E72/><V0/><F0/><W107/><G107/><T97/><D120/><U121/><E34/><V63/><F126/><W9/><G9/><T8/><D125/><U111/><E111/><V51/><F110/><N who="3" m="42603" /><G29/><T70/><D132/><U99/><E130/><V69/><F78/><W11/><G11/><T105/><D28/><U12/><E99/><V18/><F85/><W58/><G32/><T2/><D61/><U134/><E134/><V43/><F69/><W98/><G98/><T131/><D70/><U113/><E113/><N who="3" m="43594" /><G66/><T118/><D131/><U114/><E121/><V33/><F33/><W135/><G135/><T6/><D118/><U133/><E133/><V124/><F124/><W52/><G123/><T87/><D97/><U57/><E114/><V19/><F19/><W35/><G35/><T44/><D105/><U53/><E65/><V16/><F18/><W59/><G37/><T81/><REACH who="0" step="1"/><D44/><REACH who="0" ten="78,143,462,307" step="2"/><N who="1" m="27815" /><E71/><V26/><F45/><W77/><G77/><T62/><D62/><AGARI ba="0,1" hai="4,10,12,54,57,62,89,91,101,102,103" m="27815" machi="62" ten="30,3900,0" yaku="8,1,52,2" doraHai="84" who="1" fromWho="0" sc="78,-39,143,49,462,0,307,0" /><AGARI ba="0,0" hai="39,41,47,52,56,58,59,62" m="43594,42603" machi="62" ten="30,8000,1" yaku="15,1,11,1,34,2,54,1" doraHai="84" who="3" fromWho="0" sc="39,-80,192,0,462,0,307,80" owari="-41,-54.0,192,-21.0,462,56.0,387,19.0" /></mjloggm>