<mjloggm ver="2.3"><GO type="169" lobby="0"/><UN n0="%E3%82%A6%E3%83%AB%E3%83%88%E3%83%A9%E7%AB%8B%E7%9B%B4" n1="%E4%BF%BA%54%55%45%45%45%45%45" n2="%41%4D%41%4C%49%41" n3="%70%65%61%74%65%72" dan="18,18,16,17" rate="2268.70,2267.26,2072.01,2189.55" sx="M,M,M,M"/><TAIKYOKU oya="0"/><INIT seed="0,0,0,4,4,104" ten="250,250,250,250" oya="0" hai0="34,35,54,1,29,95,86,92,79,132,111,99,89" hai1="88,47,102,3,0,128,38,80,103,77,41,18,28" hai2="14,87,8,6,4,17,20,94,78,135,106,93,23" hai3="124,81,16,85,40,127,96,22,119,25,107,91,133"/><T100/><D132/><U15/><E28/><V114/><F106/><W82/><G133/><T98/><D1/><U56/><E128/><V110/><F110/><W75/><G119/><T67/><D111/><U62/><E0/><V49/><F114/><W60/><G40/><T7/><D7/><N who="2" m="2602" /><F135/><W90/><G60/><T9/><D67/><U125/><E125/><V27/><F23/><W120/><G120/><T57/><D9/><U30/><E30/><N who="2" m="17767" /><F49/><W42/><G42/><T48/><D29/><U65/><E3/><V97/><F97/><W55/><G55/><T122/><D122/><U53/><E53/><V63/><F63/><W33/><G33/><T24/><D24/><U5/><E5/><V71/><F71/><W105/><G96/><T45/><D57/><U13/><E13/><V51/><F51/><W131/><G131/><T70/><D70/><U39/><E38/><V112/><F112/><W84/><REACH who="3" step="1"/><G75/><REACH who="3" ten="250,250,250,240" step="2"/><T64/><D64/><U11/><E41/><V130/><F130/><W73/><G73/><T58/><D35/><U31/><E62/><V121/><F121/><W19/><G19/><T12/><D34/><U69/><E18/><V37/><F37/><W118/><G118/><T76/><D99/><U134/><E65/><V126/><F126/><AGARI ba="0,1" hai="16,22,25,81,82,84,85,90,91,105,107,124,126,127" machi="126" ten="40,8000,1" yaku="1,1,9,1,18,1,54,1,53,0" doraHai="104" doraHaiUra="129" who="3" fromWho="2" sc="250,0,250,0,250,-80,240,90" /><INIT seed="1,0,0,1,0,19" ten="250,250,170,330" oya="1" hai0="81,109,24,57,62,76,39,122,132,77,67,32,135" hai1="15,59,78,92,2,80,11,69,102,125,66,126,118" hai2="101,29,45,127,50,48,108,13,75,38,25,42,35" hai3="46,98,114,84,1,26,121,124,106,115,104,14,120"/><U7/><E69/><V65/><F75/><W18/><G1/><T27/><D39/><U6/><E118/><V28/><F108/><W131/><G26/><T95/><D109/><U68/><E68/><V116/><F127/><N who="1" m="48649" /><E102/><V33/><F116/><W97/><G46/><T129/><D129/><U20/><E92/><V23/><F65/><W41/><G14/><T44/><D122/><N who="3" m="47209" /><G18/><T0/><D95/><U55/><E66/><V36/><F101/><W21/><G21/><T134/><D0/><U100/><E100/><V56/><F13/><W4/><G4/><T71/><D71/><U83/><E20/><V79/><F23/><W70/><G41/><T3/><D3/><U89/><E89/><V130/><F130/><W58/><G58/><T119/><D119/><U96/><E96/><N who="3" m="36970" /><G70/><T54/><D67/><U123/><E78/><V88/><F79/><W128/><G84/><T103/><D134/><U85/><E85/><V49/><F56/><W9/><G9/><T72/><D135/><U37/><E37/><V8/><F8/><W52/><G124/><T110/><D110/><U22/><E123/><V90/><REACH who="2" step="1"/><F38/><REACH who="2" ten="250,250,160,330" step="2"/><W17/><G128/><T74/><D132/><U61/><E22/><V105/><F105/><W40/><G131/><T10/><D10/><AGARI ba="0,1" hai="2,6,7,10,11,15,55,59,61,80,83" m="48649" machi="10" ten="30,1500,0" yaku="18,1" doraHai="19" who="1" fromWho="0" sc="250,-15,250,25,160,0,330,0" /><INIT seed="1,1,0,4,0,105" ten="235,275,160,330" oya="1" hai0="44,126,107,95,103,55,46,135,114,94,111,3,74" hai1="57,40,109,110,34,36,113,51,124,131,82,22,119" hai2="35,19,16,76,56,41,2,29,17,81,25,115,97" hai3="127,80,60,21,62,42,1,6,86,58,67,68,38"/><U11/><E113/><V64/><F2/><W0/><G127/><T61/><D3/><U117/><E34/><V26/><F115/><W63/><G21/><T37/><D107/><U130/><E124/><V39/><F97/><W18/><G18/><T92/><D126/><U9/><E82/><V8/><F41/><W134/><G134/><T133/><D114/><U108/><E36/><V125/><F39/><W79/><G0/><T104/><D111/><U83/><E83/><V32/><F125/><W52/><G6/><T43/><D104/><U23/><E57/><V84/><F56/><W102/><G102/><T59/><D103/><U116/><E51/><V132/><F64/><W106/><G106/><T4/><D4/><U10/><E40/><V24/><F132/><N who="0" m="50762" /><D46/><U118/><E118/><V28/><REACH who="2" step="1"/><F26/><REACH who="2" ten="235,275,150,330" step="2"/><W129/><G1/><T45/><D45/><U78/><E78/><V71/><F71/><W69/><G69/><T54/><D54/><U47/><E47/><V101/><F101/><W98/><G68/><T50/><D37/><U121/><E121/><V77/><F77/><W99/><G42/><T7/><D43/><U31/><E31/><V112/><F112/><W66/><G38/><T30/><D30/><U89/><E89/><V122/><F122/><W100/><G100/><T13/><D44/><U123/><E123/><V87/><F87/><W85/><G85/><T93/><D59/><U96/><E96/><N who="3" m="36906" /><G129/><AGARI ba="1,1" hai="9,10,11,22,23,108,109,110,116,117,119,129,130,131" machi="129" ten="60,24000,3" yaku="29,2,28,2,14,1,10,1,19,1,34,3" doraHai="105" who="1" fromWho="3" sc="235,0,275,253,150,0,330,-243" /><INIT seed="1,2,0,1,4,1" ten="235,528,150,87" oya="1" hai0="73,135,111,15,92,19,127,45,90,97,112,57,68" hai1="13,104,14,86,122,49,3,71,20,121,61,116,22" hai2="76,115,0,26,134,108,101,56,70,72,133,118,11" hai3="88,30,53,69,51,83,110,124,38,55,39,107,106"/><U109/><E104/><V6/><F70/><W29/><G83/><T130/><D68/><U35/><E35/><V129/><F118/><W21/><G69/><T82/><D112/><U67/><E116/><V94/><F115/><W58/><G110/><T37/><D111/><U52/><E3/><V32/><F108/><W23/><G51/><T114/><D114/><U103/><E103/><V17/><F56/><W9/><G58/><T105/><D105/><U98/><E98/><N who="2" m="59607" /><F76/><W8/><REACH who="3" step="1"/><G88/><REACH who="3" ten="235,528,150,77" step="2"/><T84/><D90/><U12/><E109/><V40/><F72/><W93/><G93/><T132/><D57/><U131/><E86/><V120/><F120/><W16/><G16/><T41/><D73/><U33/><E122/><V80/><F80/><W47/><G47/><T81/><D82/><U36/><E121/><V42/><F17/><W128/><G128/><T46/><D130/><U4/><E131/><V65/><F129/><W89/><G89/><T27/><D46/><U100/><E49/><V75/><F75/><W125/><AGARI ba="2,1" hai="8,9,21,23,29,30,38,39,53,55,106,107,124,125" machi="125" ten="25,6400,0" yaku="1,1,0,1,22,2,53,0" doraHai="1" doraHaiUra="95" who="3" fromWho="3" sc="235,-18,528,-34,150,-18,77,80" /><INIT seed="2,0,0,1,2,52" ten="217,494,132,157" oya="2" hai0="34,101,99,103,10,108,107,4,42,51,81,112,37" hai1="54,0,116,31,13,45,6,129,55,11,84,62,18" hai2="88,105,1,9,131,26,53,98,16,114,21,22,7" hai3="75,133,130,91,111,80,67,64,126,124,87,47,15"/><V119/><F114/><W132/><G132/><T27/><D103/><U95/><E116/><V2/><F119/><W65/><G111/><T23/><D108/><U123/><E129/><V59/><F131/><W50/><G130/><T40/><D34/><U74/><E74/><V79/><F79/><W39/><G39/><T33/><D33/><U106/><E106/><V8/><F22/><W36/><G36/><T122/><D122/><U12/><E123/><V110/><F110/><W115/><G115/><T56/><D81/><U77/><E31/><V97/><F105/><W102/><G102/><T104/><D37/><U113/><E113/><V24/><F24/><W118/><G118/><T48/><D48/><U73/><E73/><V38/><F38/><W58/><G75/><T120/><D107/><U32/><E0/><V29/><F29/><W82/><G82/><T89/><D89/><U66/><E45/><V35/><F35/><W100/><G100/><T92/><D104/><U5/><E5/><V127/><F127/><N who="3" m="48683" /><G15/><N who="0" m="5575" /><D120/><U46/><E77/><V135/><F135/><W43/><G133/><T117/><D117/><U134/><E32/><V128/><F128/><W17/><G17/><N who="0" m="12783" /><D112/><U96/><E134/><V85/><F2/><W3/><G3/><T72/><D72/><U28/><E28/><V61/><F9/><W44/><G44/><T57/><D40/><U70/><E46/><AGARI ba="0,0" hai="42,46,51,56,57,92,99,101" m="12783,5575" machi="46" ten="30,3900,0" yaku="8,1,52,2" doraHai="52" who="0" fromWho="1" sc="217,39,494,-39,132,0,157,0" /><INIT seed="3,0,0,2,1,121" ten="256,455,132,157" oya="3" hai0="72,76,45,80,68,92,99,54,85,39,88,60,97" hai1="35,93,27,131,75,46,106,113,57,19,47,102,24" hai2="74,6,82,49,10,63,58,77,50,3,65,14,17" hai3="38,29,0,16,130,108,15,34,26,89,37,2,13"/><W52/><G130/><T40/><REACH who="0" step="1"/><D54/><REACH who="0" ten="246,455,132,157" step="2"/><U81/><E131/><V64/><REACH who="2" step="1"/><F65/><AGARI ba="0,1" hai="39,40,45,60,65,68,72,76,80,85,88,92,97,99" machi="65" ten="40,8000,1" yaku="21,2,2,1,54,1,53,0" doraHai="121" doraHaiUra="109" who="0" fromWho="2" sc="246,90,455,0,132,-80,157,0" /><INIT seed="4,0,0,5,5,117" ten="336,455,52,157" oya="0" hai0="113,40,28,128,70,78,104,135,54,74,6,21,79" hai1="80,43,48,107,57,90,29,32,126,36,82,83,131" hai2="105,20,73,35,27,4,114,59,9,112,68,37,125" hai3="56,52,15,5,101,88,85,93,17,71,124,60,18"/><T127/><D70/><U87/><E107/><V30/><F37/><W134/><G134/><T129/><D104/><U19/><E32/><V94/><F68/><W14/><G124/><T1/><D40/><U110/><E110/><V97/><F73/><W50/><G71/><T91/><D135/><U111/><E29/><V121/><F105/><W65/><G101/><T24/><D127/><U2/><E2/><V46/><F46/><W123/><G123/><T108/><D108/><U10/><E126/><V130/><F125/><W61/><G5/><T86/><D74/><U8/><E111/><V3/><F59/><W115/><G115/><N who="2" m="44073" /><F130/><N who="0" m="50282" /><D113/><U16/><E36/><V51/><F51/><W22/><G65/><T118/><D118/><U81/><E131/><V41/><F41/><W39/><G39/><T120/><D120/><U100/><E100/><N who="2" m="60471" /><F35/><W75/><G75/><T72/><D72/><U63/><E48/><V25/><F27/><W69/><G69/><T92/><D54/><N who="1" m="34231" /><E43/><V64/><F64/><W23/><AGARI ba="0,0" hai="14,15,17,18,22,23,50,52,56,60,61,85,88,93" machi="23" ten="20,16000,3" yaku="0,1,7,1,9,1,25,2,8,1,54,2" doraHai="117" who="3" fromWho="3" sc="336,-80,455,-40,52,-40,157,160" /><INIT seed="5,0,0,4,3,14" ten="256,415,12,317" oya="1" hai0="82,4,134,108,26,90,41,86,46,98,75,27,33" hai1="102,43,49,1,38,123,111,20,34,97,127,42,36" hai2="132,61,9,85,104,71,50,64,58,113,81,21,65" hai3="120,60,51,130,74,114,63,70,126,48,89,19,59"/><U29/><E123/><V128/><F132/><W116/><G120/><T31/><D108/><U133/><E34/><V121/><F104/><W35/><G35/><T110/><D110/><U107/><E111/><V118/><F121/><W57/><G74/><T47/><D134/><U92/><E133/><V10/><F128/><W53/><G130/><T62/><D75/><U99/><E1/><V44/><F118/><W84/><G116/><T103/><D4/><U7/><E7/><V72/><F113/><W40/><G70/><T83/><D83/><U94/><E107/><V112/><F112/><W17/><G126/><T77/><D26/><U131/><E131/><V100/><F100/><W32/><G32/><T78/><D62/><U37/><E127/><V80/><F72/><W93/><G114/><T24/><D24/><U56/><E20/><V67/><F21/><W69/><G69/><T117/><D117/><U91/><E29/><V16/><F81/><W39/><G39/><T105/><D47/><U0/><E0/><V109/><F9/><W2/><G2/><T5/><D5/><U55/><AGARI ba="0,0" hai="36,37,38,42,43,49,55,56,91,92,94,97,99,102" machi="55" ten="40,2100,0" yaku="0,1" doraHai="14" who="1" fromWho="1" sc="256,-7,415,21,12,-7,317,-7" /><INIT seed="5,1,0,2,0,114" ten="249,436,5,310" oya="1" hai0="51,69,23,125,50,9,11,66,40,103,13,22,4" hai1="123,3,85,126,58,57,21,76,102,121,71,63,30" hai2="8,35,45,135,75,117,44,81,130,80,134,6,133" hai3="131,49,70,77,14,118,42,26,43,48,54,7,37"/><U111/><E3/><V92/><F92/><W108/><G108/><T55/><D125/><U83/><E71/><V33/><F130/><W60/><G77/><T62/><D103/><U84/><E126/><V93/><F93/><W28/><G131/><T106/><D106/><U41/><E41/><V89/><F89/><W52/><G14/><T99/><D99/><U122/><E102/><V132/><N who="2" m="33792" /><DORA hai="87" /><V27/><F27/><W1/><G1/><T15/><D50/><U32/><E32/><N who="2" m="12363" /><F8/><W86/><G86/><T107/><D40/><U38/><E85/><V74/><F6/><W88/><G7/><T129/><D107/><U64/><E111/><V116/><F44/><W47/><G26/><T46/><REACH who="0" step="1"/><D129/><REACH who="0" ten="239,436,5,310" step="2"/><U112/><E123/><V101/><F101/><W53/><G42/><T105/><D105/><U2/><E122/><V113/><F45/><W59/><G37/><T16/><AGARI ba="1,1" hai="4,9,11,13,15,16,22,23,46,51,55,62,66,69" machi="16" ten="20,5200,0" yaku="1,1,0,1,7,1,54,1,53,0" doraHai="114,87" doraHaiUra="78,97" who="0" fromWho="0" sc="239,65,436,-27,5,-14,310,-14" owari="304,10.0,409,51.0,-9,-51.0,296,-10.0" /></mjloggm>