<mjloggm ver="2.3"><GO type="169" lobby="0"/><UN n0="%E3%83%88%E3%83%88%E3%83%AA%E5%85%88%E7%94%9F%31%39%E6%AD%B3" n1="%E3%81%BF%E3%81%A9%E3%82%8A%E7%89%A7%E5%A0%B4" n2="%E2%91%A3%E3%82%BB%E3%83%B3%E3%83%81" n3="%65%61%73%79" dan="19,17,18,16" rate="2273.93,2190.92,2198.79,2095.09" sx="F,M,M,M"/><TAIKYOKU oya="0"/><INIT seed="0,0,0,1,3,77" ten="250,250,250,250" oya="0" hai0="13,120,70,26,44,40,41,37,87,131,60,27,43" hai1="96,24,14,49,16,3,32,75,81,7,19,46,103" hai2="132,59,51,94,6,31,15,17,83,8,48,108,95" hai3="50,117,23,69,134,125,38,115,126,47,135,86,29"/><T78/><D120/><U112/><E3/><V30/><F108/><W116/><G86/><T1/><D1/><U12/><E112/><V98/><F132/><N who="3" m="50731" /><G29/><N who="2" m="10761" /><F95/><W56/><G23/><T33/><D131/><U130/><E130/><V93/><F94/><W101/><G101/><T42/><D33/><U73/><E32/><V65/><F6/><W85/><G85/><T74/><D74/><U5/><E24/><V79/><F79/><W122/><G69/><T89/><D78/><U84/><E75/><V110/><F110/><W9/><G9/><T20/><D60/><U21/><E73/><V99/><F99/><W127/><G115/><T35/><D70/><U124/><E96/><V102/><F83/><W64/><G122/><T0/><D0/><U109/><E103/><V28/><F28/><W36/><G56/><T133/><D35/><U45/><E109/><V91/><F102/><W118/><G64/><T104/><D133/><U66/><E66/><V58/><F58/><W22/><G22/><T90/><D104/><U107/><E107/><V2/><F2/><W18/><G18/><T105/><D105/><U67/><E67/><V39/><F65/><W97/><G97/><T119/><D26/><U121/><E121/><V76/><F59/><W61/><G61/><T123/><D27/><U72/><E72/><V88/><F76/><W63/><G63/><T128/><D123/><U68/><E68/><V52/><F91/><N who="0" m="34826" /><D128/><U57/><E84/><V100/><F100/><W80/><G80/><T82/><D87/><U54/><E81/><V53/><F98/><W71/><G71/><RYUUKYOKU ba="0,0" sc="250,-10,250,-10,250,-10,250,30" hai3="36,38,47,50,116,117,118,125,126,127" /><INIT seed="1,1,0,5,4,21" ten="240,240,240,280" oya="1" hai0="28,35,52,61,119,109,81,125,55,116,9,75,3" hai1="16,62,135,108,128,29,110,130,37,44,70,127,112" hai2="71,14,76,126,93,90,124,54,25,129,22,64,33" hai3="4,113,50,65,118,63,10,78,94,59,101,57,84"/><U82/><E112/><V85/><F129/><N who="1" m="49769" /><E29/><V2/><F2/><W104/><G113/><T41/><D109/><N who="1" m="42091" /><E135/><V123/><F123/><W92/><G118/><T95/><D125/><U58/><E127/><V7/><F33/><W105/><G105/><T12/><D3/><U49/><E82/><V46/><F126/><W74/><G104/><T17/><D95/><U26/><E70/><V106/><F106/><W0/><G94/><T39/><D28/><U27/><E37/><V42/><F124/><W32/><G92/><T89/><D35/><U40/><E16/><V88/><F71/><W100/><G32/><T34/><D34/><U121/><E121/><V83/><F83/><W68/><G68/><T79/><D116/><U69/><E69/><V43/><F93/><W51/><G101/><T114/><D119/><U86/><E86/><V66/><F85/><W13/><G84/><T133/><D133/><U30/><E30/><V120/><F120/><W19/><G100/><T73/><D114/><U18/><E18/><V134/><F134/><W38/><G38/><T56/><D73/><U87/><E87/><V96/><F90/><W36/><G36/><T91/><D91/><U97/><E97/><V45/><F88/><W115/><G115/><T111/><D89/><U24/><E58/><N who="3" m="22026" /><G74/><T102/><D102/><U67/><E67/><V15/><F96/><W122/><G122/><T23/><D111/><U53/><E62/><V132/><F66/><W20/><G78/><T5/><D61/><U103/><E103/><V80/><F132/><W99/><G99/><T11/><D75/><RYUUKYOKU ba="1,0" sc="240,-15,240,15,240,-15,280,15" hai1="24,26,27,40,44,49,53" hai3="0,4,10,13,19,20,50,51,63,65" /><INIT seed="1,2,0,0,5,28" ten="225,255,225,295" oya="1" hai0="116,124,96,105,55,133,50,8,58,127,23,41,83" hai1="1,88,74,91,10,25,122,32,82,106,68,4,34" hai2="42,121,40,103,2,63,35,52,132,120,48,80,62" hai3="33,11,43,87,107,134,70,71,115,21,15,123,38"/><U7/><E122/><V12/><F2/><W81/><G123/><N who="2" m="47177" /><F80/><W60/><G115/><T78/><D116/><U84/><E68/><V65/><F12/><W75/><G33/><T111/><D111/><U20/><E106/><V56/><F35/><W45/><G134/><T131/><D133/><U0/><E74/><V53/><F103/><W97/><G21/><T69/><D69/><U17/><E91/><V108/><F132/><W72/><G72/><T113/><D131/><U51/><E51/><V98/><F98/><W49/><G49/><T100/><D113/><U57/><E57/><N who="2" m="35119" /><F108/><W128/><G128/><T36/><D8/><AGARI ba="2,0" hai="0,1,4,7,8,10,17,20,25,32,34,82,84,88" machi="8" ten="40,12000,1" yaku="9,1,52,2,54,1" doraHai="28" who="1" fromWho="0" sc="225,-126,255,126,225,0,295,0" /><INIT seed="1,3,0,4,0,41" ten="99,381,225,295" oya="1" hai0="21,44,67,93,58,1,51,47,52,81,32,98,78" hai1="135,13,22,28,73,18,38,7,35,79,63,69,62" hai2="37,86,29,5,14,17,118,59,99,108,72,100,0" hai3="90,40,91,12,125,94,68,96,123,25,120,131,130"/><U126/><E135/><V117/><F72/><W122/><G68/><T19/><D1/><U88/><E126/><V74/><F74/><W57/><G125/><T15/><D32/><U66/><E79/><V128/><F29/><W75/><G75/><T48/><D67/><U115/><E115/><V107/><F108/><W87/><G25/><T60/><D60/><U92/><E73/><V133/><F133/><W64/><G12/><T112/><D112/><U76/><E76/><V116/><F128/><N who="3" m="49195" /><G40/><T61/><D61/><U26/><E38/><V85/><F37/><W33/><G33/><T109/><D109/><U77/><E77/><V84/><F59/><W124/><G57/><T134/><D134/><U11/><E66/><V89/><F5/><W106/><G64/><T31/><D31/><U114/><E114/><V27/><F27/><W2/><G2/><T101/><D48/><U3/><REACH who="1" step="1"/><E69/><REACH who="1" ten="99,371,225,295" step="2"/><V39/><F39/><W110/><G124/><T111/><D111/><U4/><E4/><V83/><F118/><W9/><G110/><T129/><D129/><U53/><E53/><V104/><F117/><W10/><G123/><T20/><D20/><U102/><E102/><V46/><F100/><N who="3" m="62727" /><G122/><T43/><D43/><U105/><E105/><V103/><F107/><W55/><G55/><T24/><D24/><U23/><E23/><V49/><F104/><W42/><G42/><T70/><D70/><U30/><E30/><V36/><F36/><W34/><G120/><T82/><D78/><U119/><E119/><V95/><F116/><W6/><G34/><T127/><D127/><RYUUKYOKU ba="3,1" sc="99,15,371,15,225,-15,295,-15" hai0="15,19,21,44,47,51,52,58,81,82,93,98,101" hai1="3,7,11,13,18,22,26,28,35,62,63,88,92" /><INIT seed="1,4,1,5,4,17" ten="114,386,210,280" oya="1" hai0="26,114,129,131,48,22,6,74,9,44,111,77,95" hai1="130,120,20,30,62,93,37,134,23,24,92,81,124" hai2="121,65,59,31,118,76,101,8,100,135,119,38,80" hai3="97,40,50,15,36,10,127,132,82,47,49,53,115"/><U56/><E120/><V39/><F121/><W45/><G115/><T67/><D114/><U64/><E37/><V84/><F135/><W116/><G116/><T60/><D111/><U110/><E134/><V54/><F65/><W29/><G132/><T70/><D95/><N who="1" m="36427" /><E124/><V58/><F31/><W42/><G127/><T83/><D48/><U112/><E112/><V19/><F19/><W1/><G97/><T90/><D90/><U122/><E122/><V21/><F8/><W96/><G96/><T79/><D44/><U123/><E123/><V43/><F54/><W63/><G29/><T75/><D26/><N who="1" m="16711" /><E130/><V41/><F76/><W126/><G126/><T55/><D55/><U13/><E110/><V32/><F84/><W7/><G1/><T73/><D22/><U25/><E81/><V27/><F27/><W104/><G82/><T0/><REACH who="0" step="1"/><D79/><REACH who="0" ten="104,386,210,280" step="2"/><U91/><E91/><V71/><F21/><W68/><G47/><T99/><D99/><U57/><E25/><V66/><F80/><W102/><G45/><T89/><D89/><U3/><E24/><V78/><F78/><W105/><G50/><T109/><D109/><U117/><E23/><V46/><F46/><W106/><G49/><T4/><D4/><U12/><E117/><V108/><F108/><W107/><G107/><T113/><D113/><U5/><E5/><V88/><F88/><W128/><G106/><T51/><D51/><U61/><E3/><V133/><F133/><W14/><G105/><T86/><AGARI ba="4,2" hai="0,6,9,60,67,70,73,74,75,77,83,86,129,131" machi="86" ten="40,2700,0" yaku="1,1,0,1,53,0" doraHai="17" doraHaiUra="18" who="0" fromWho="0" sc="104,59,386,-17,210,-11,280,-11" /><INIT seed="2,0,0,4,5,14" ten="163,369,199,269" oya="2" hai0="100,84,9,79,88,66,75,120,86,97,103,110,6" hai1="20,40,77,133,108,132,25,24,27,37,39,45,126" hai2="5,124,64,131,61,51,28,31,70,60,3,92,46" hai3="49,101,109,26,69,76,127,106,50,94,32,17,91"/><V98/><F124/><W0/><G127/><T55/><D120/><U117/><E117/><V122/><F122/><W73/><G0/><T80/><D110/><U134/><E108/><V111/><F111/><W47/><G69/><T63/><D55/><U8/><E126/><V119/><F119/><W113/><G109/><T95/><D84/><U81/><E8/><V71/><F131/><W102/><G50/><T43/><D43/><U44/><E44/><V116/><F5/><W48/><G49/><T129/><D129/><U7/><E7/><V10/><F10/><W22/><G106/><T21/><D21/><U83/><E39/><V59/><F3/><W53/><G32/><T57/><REACH who="0" step="1"/><D75/><REACH who="0" ten="153,369,199,269" step="2"/><N who="1" m="43199" /><E83/><V93/><F116/><W78/><G73/><T18/><D18/><AGARI ba="0,1" hai="18,20,24,25,27,37,40,45,132,133,134" m="43199" machi="18" ten="30,2000,0" yaku="20,1,52,1" doraHai="14" who="1" fromWho="0" sc="153,-20,369,30,199,0,269,0" /><INIT seed="3,0,0,0,2,122" ten="133,399,199,269" oya="3" hai0="96,115,13,0,80,42,4,132,81,131,8,72,94" hai1="71,43,51,109,64,56,22,25,114,17,9,84,7" hai2="107,27,93,99,100,135,87,133,6,38,41,63,35" hai3="127,39,21,23,14,125,85,112,20,120,128,97,89"/><W123/><G112/><T47/><D115/><U2/><E114/><V73/><F73/><W74/><G74/><T113/><D113/><U76/><E109/><V36/><F6/><W61/><G39/><T134/><D131/><U129/><E129/><V108/><F87/><W110/><G128/><T98/><D13/><U103/><E71/><V65/><F93/><W130/><G130/><T3/><D3/><U50/><E103/><V1/><F1/><W66/><G97/><T90/><D96/><U30/><E43/><V105/><F105/><W26/><G110/><T24/><D24/><U67/><E30/><N who="2" m="19935" /><F108/><W95/><G14/><T70/><D70/><U91/><E76/><V104/><F104/><W33/><G33/><T16/><D16/><U111/><E111/><V54/><F54/><W69/><REACH who="3" step="1"/><G26/><REACH who="3" ten="133,399,199,259" step="2"/><T49/><D72/><U88/><E25/><V60/><F36/><W53/><G53/><T77/><D0/><U82/><E2/><V40/><F38/><W37/><G37/><T31/><D98/><U34/><E34/><V75/><F75/><W52/><G52/><T68/><D42/><N who="2" m="16490" /><F65/><W101/><G101/><T106/><D106/><U79/><E67/><V19/><F19/><W10/><G10/><T59/><D8/><U92/><E9/><V48/><F99/><W12/><G12/><T15/><D15/><U57/><E64/><V121/><F100/><W78/><G78/><T32/><D77/><U28/><E79/><V83/><F107/><W124/><AGARI ba="0,1" hai="20,21,23,61,66,69,85,89,95,120,123,124,125,127" machi="124" ten="40,7800,0" yaku="1,1,0,1,18,1,53,0" doraHai="122" doraHaiUra="46" who="3" fromWho="3" sc="133,-26,399,-26,199,-26,259,88" /><INIT seed="3,1,0,3,0,124" ten="107,373,173,347" oya="3" hai0="3,6,131,69,125,72,57,42,54,71,49,46,79" hai1="13,81,44,76,97,94,58,82,26,37,15,100,87" hai2="35,110,40,95,68,12,130,90,123,106,128,83,59" hai3="129,64,93,22,107,56,96,117,39,10,0,29,28"/><W65/><G129/><N who="2" m="49769" /><F110/><W11/><G117/><T73/><D131/><U105/><E105/><V102/><F68/><W7/><G39/><N who="0" m="21855" /><D72/><U24/><E37/><V111/><F111/><W61/><G10/><N who="0" m="2399" /><D125/><U38/><E38/><V122/><F35/><W14/><G107/><T91/><D91/><U116/><E44/><V103/><F40/><W127/><G127/><T63/><D49/><U99/><E58/><V43/><F43/><W5/><G65/><T118/><D118/><U114/><E114/><V25/><F83/><AGARI ba="1,0" hai="54,57,63,69,71,73,79,83" m="2399,21855" machi="83" ten="30,1000,0" yaku="25,1" doraHai="124" who="0" fromWho="2" sc="107,13,373,0,173,-13,347,0" /><INIT seed="4,0,0,4,1,51" ten="120,373,160,347" oya="0" hai0="87,54,50,79,16,13,52,28,42,33,94,56,68" hai1="58,47,80,88,98,55,5,71,59,105,8,60,134" hai2="0,121,26,108,110,103,95,84,61,74,37,101,102" hai3="20,39,99,130,75,10,15,1,44,129,22,104,133"/><T90/><D68/><U106/><E134/><V65/><F37/><W77/><G133/><T48/><D42/><U35/><E35/><V29/><F74/><W93/><G104/><T72/><D33/><U3/><E71/><V76/><F0/><W117/><G117/><T30/><D79/><U4/><E4/><V63/><F121/><W64/><G64/><T114/><D72/><U109/><E109/><V132/><F132/><W92/><G92/><T24/><D24/><U31/><E31/><V69/><F63/><W34/><G34/><T32/><D32/><U113/><E113/><V25/><F29/><W127/><G127/><T9/><D114/><U125/><E125/><V115/><F115/><W89/><G1/><T17/><D17/><U128/><E128/><N who="3" m="49258" /><G77/><T7/><D7/><U66/><E47/><AGARI ba="0,0" hai="9,13,16,28,30,47,48,50,52,54,56,87,90,94" machi="47" ten="30,18000,2" yaku="7,1,8,1,52,2,54,2" doraHai="51" who="0" fromWho="1" sc="120,180,373,-180,160,0,347,0" /><INIT seed="4,1,0,5,1,126" ten="300,193,160,347" oya="0" hai0="72,124,65,21,81,22,123,0,96,57,119,1,17" hai1="111,102,83,64,38,66,121,125,52,29,26,4,100" hai2="87,33,130,74,77,63,91,41,110,39,55,5,92" hai3="101,134,70,23,51,15,73,99,80,54,94,46,84"/><T24/><D119/><U86/><E111/><V43/><F110/><W89/><G134/><T69/><D123/><U135/><E125/><V44/><F33/><W112/><G112/><T127/><D69/><U20/><E38/><V129/><F43/><W27/><G15/><T128/><D124/><U7/><E135/><V132/><F132/><W76/><G70/><T67/><D127/><U31/><E31/><V9/><F55/><W16/><REACH who="3" step="1"/><G101/><REACH who="3" ten="300,193,160,337" step="2"/><T85/><D1/><U36/><E102/><V82/><REACH who="2" step="1"/><F63/><REACH who="2" ten="300,193,150,337" step="2"/><W42/><G42/><T71/><D67/><U106/><E66/><V37/><F37/><W49/><G49/><T79/><D65/><U62/><E36/><V25/><F25/><W93/><G93/><T117/><D24/><U88/><E64/><V113/><F113/><W34/><G34/><T98/><D71/><U3/><E62/><V8/><F8/><W108/><G108/><T109/><D109/><U28/><E26/><V59/><F59/><W118/><G118/><T133/><D57/><U6/><E52/><V116/><F116/><W61/><G61/><T53/><D117/><U35/><E35/><V47/><F47/><W95/><G95/><T18/><D133/><U105/><E105/><V103/><F103/><W10/><G10/><T115/><D53/><U40/><E106/><V68/><F68/><W48/><G48/><T58/><D58/><U32/><E40/><V131/><F131/><W78/><G78/><T50/><D128/><U30/><E32/><V114/><F114/><W12/><G12/><AGARI ba="1,2" hai="5,9,12,39,41,44,74,77,82,87,91,92,129,130" machi="12" ten="40,5200,0" yaku="1,1,52,2,53,0" doraHai="126" doraHaiUra="14" who="2" fromWho="3" sc="300,0,193,0,150,75,337,-55" /><INIT seed="5,0,0,3,5,124" ten="300,193,225,282" oya="1" hai0="0,69,132,120,9,17,24,89,92,27,97,116,59" hai1="45,23,31,129,66,83,71,121,102,105,35,118,13" hai2="99,20,103,112,125,65,6,14,88,117,101,77,51" hai3="128,63,34,55,58,70,113,53,48,100,61,4,10"/><U28/><E118/><V106/><F117/><W62/><G113/><T114/><D116/><U79/><E121/><V30/><F125/><W111/><G34/><T40/><D69/><U2/><E2/><V74/><F103/><W82/><G111/><T33/><D114/><U12/><E45/><V126/><F126/><W95/><G70/><T57/><D120/><U18/><E13/><V42/><F65/><W133/><G133/><T110/><D110/><U67/><E35/><V46/><F112/><W11/><G82/><T25/><D132/><U8/><E71/><V52/><F77/><W135/><G135/><T73/><D73/><U22/><E102/><V43/><F74/><W115/><G115/><T80/><D33/><U49/><E105/><V104/><F104/><W127/><G127/><T119/><D119/><U60/><E49/><V21/><F88/><W19/><G19/><T94/><D80/><U32/><E32/><V90/><F90/><W26/><G26/><N who="0" m="10347" /><D40/><N who="2" m="15402" /><F30/><W39/><G39/><T78/><D78/><U123/><E123/><V1/><F1/><W50/><G63/><T81/><D81/><U75/><E60/><V91/><F91/><W109/><G109/><T54/><D94/><U29/><E66/><V44/><F44/><W107/><G107/><T93/><D93/><U76/><E67/><V37/><F37/><W5/><G95/><T36/><D36/><U86/><E76/><V130/><F106/><W41/><G41/><T108/><D108/><U68/><E75/><V64/><F101/><W56/><G100/><T85/><D92/><U3/><E79/><RYUUKYOKU ba="0,0" sc="300,-10,193,-10,225,-10,282,30" hai3="4,5,10,11,48,50,53,55,56,58,61,62,128" /><INIT seed="6,1,0,4,5,42" ten="290,183,215,312" oya="2" hai0="130,97,90,45,56,113,102,123,84,107,78,29,33" hai1="106,63,96,114,31,15,16,20,30,17,52,127,48" hai2="89,120,71,116,21,118,98,129,0,81,110,13,49" hai3="27,62,92,119,53,25,40,69,70,77,18,85,57"/><V80/><F0/><W112/><G119/><T3/><D123/><U99/><E114/><V37/><F37/><W22/><G112/><T11/><D113/><U93/><E127/><V38/><F38/><W36/><G27/><T121/><D121/><U9/><E63/><V26/><F71/><W79/><G77/><T73/><D130/><U67/><E67/><V126/><F120/><W6/><G6/><T115/><D115/><U19/><E106/><V51/><F129/><W55/><G55/><T132/><D132/><U100/><E99/><V8/><F110/><W44/><G79/><T61/><D29/><N who="1" m="10763" /><E20/><V87/><F126/><W135/><G135/><T131/><D33/><U23/><E23/><V41/><F98/><W88/><AGARI ba="1,0" hai="18,22,25,36,40,44,53,57,62,69,70,85,88,92" machi="88" ten="30,4000,0" yaku="0,1,52,1,54,1" doraHai="42" who="3" fromWho="3" sc="290,-11,183,-11,215,-21,312,43" /><INIT seed="7,0,0,2,2,34" ten="279,172,194,355" oya="3" hai0="123,71,27,57,135,128,49,43,23,99,24,60,61" hai1="134,94,113,131,42,4,109,21,112,85,118,14,22" hai2="41,25,127,116,36,102,53,101,32,56,6,84,3" hai3="0,89,111,35,86,59,48,76,26,33,15,108,73"/><W55/><G0/><T75/><D123/><U115/><E109/><N who="3" m="42058" /><G26/><T7/><D75/><U63/><E131/><V13/><F84/><W90/><G15/><T29/><D128/><U28/><E134/><V10/><F56/><W74/><G76/><T100/><D135/><U93/><E118/><V107/><F13/><W2/><G2/><T18/><D71/><U12/><E42/><V64/><F41/><W47/><G90/><T52/><D7/><U69/><E12/><V124/><F6/><W38/><G38/><T70/><D70/><U30/><E69/><V130/><F3/><W51/><G35/><T110/><D110/><U129/><E129/><V44/><F25/><W50/><G33/><T9/><D9/><U17/><E63/><V72/><F10/><W66/><G66/><T119/><D119/><U83/><E4/><V5/><F64/><W117/><G117/><T87/><D87/><U40/><E40/><V54/><F116/><W122/><G122/><T1/><D1/><U97/><E22/><V11/><F130/><W125/><G125/><N who="2" m="48201" /><F72/><N who="3" m="27755" /><G47/><T16/><D43/><U132/><E132/><V98/><F32/><W8/><G8/><T103/><D29/><U20/><E20/><V91/><F36/><W121/><G121/><T133/><D133/><U82/><E82/><AGARI ba="0,0" hai="48,50,51,55,59,82,86,89" m="27755,42058" machi="82" ten="30,1500,0" yaku="10,1" doraHai="34" who="3" fromWho="1" sc="279,0,172,-15,194,0,355,15" owari="279,8.0,157,-34.0,194,-21.0,370,47.0" /></mjloggm>