<mjloggm ver="2.3"><GO type="169" lobby="0"/><UN n0="%E3%83%96%E3%83%AB%E3%83%96%E3%83%AB%E3%83%8F%E3%83%BC%E3%83%84" n1="%E3%82%A6%E3%83%AB%E3%83%88%E3%83%A9%E7%AB%8B%E7%9B%B4" n2="%E5%85%83%E6%B0%97%E4%B8%80%E7%99%BA" n3="%E3%81%A1%E3%82%85%E3%82%89" dan="17,18,16,16" rate="2188.49,2254.74,2117.32,2074.37" sx="M,M,F,M"/><TAIKYOKU oya="0"/><INIT seed="0,0,0,0,4,12" ten="250,250,250,250" oya="0" hai0="28,135,64,67,102,31,60,92,75,130,54,41,45" hai1="62,74,29,112,63,34,73,98,1,3,109,129,77" hai2="68,38,82,23,27,14,59,113,106,15,79,7,58" hai3="107,56,61,46,93,97,19,103,21,134,116,115,43"/><T131/><D75/><U83/><E63/><V22/><F68/><W13/><G134/><T42/><D135/><U55/><E55/><V26/><F106/><W108/><G108/><T110/><D110/><U33/><E109/><V91/><F38/><W11/><G115/><T96/><D54/><U69/><E129/><N who="0" m="49161" /><D64/><N who="1" m="41111" /><E112/><V20/><F91/><W4/><G116/><T133/><D133/><U80/><E98/><V78/><F113/><W88/><G107/><T94/><D92/><U124/><E124/><V50/><F50/><N who="3" m="26975" /><G103/><T44/><D44/><U132/><E132/><V18/><F20/><W70/><G70/><N who="0" m="42343" /><D42/><U89/><E89/><V37/><F7/><W76/><G76/><T104/><D104/><U101/><E101/><V25/><F78/><W121/><G121/><T118/><D118/><U53/><E74/><V17/><F37/><AGARI ba="0,0" hai="28,31,37,41,45,94,96,102" m="42343,49161" machi="37" ten="30,1500,0" yaku="19,1" doraHai="12" who="0" fromWho="2" sc="250,15,250,0,250,-15,250,0" /><INIT seed="0,1,0,1,4,42" ten="265,250,235,250" oya="0" hai0="131,88,29,11,118,121,10,100,80,13,62,24,112" hai1="133,55,26,99,135,56,76,66,16,120,54,59,90" hai2="85,64,43,38,14,96,19,125,110,89,49,41,107" hai3="78,35,92,23,17,69,124,123,108,51,25,44,71"/><T105/><D112/><U2/><E2/><V65/><F38/><W33/><G108/><T117/><D121/><U8/><E76/><V4/><F4/><W128/><G124/><T116/><D131/><U87/><E66/><V28/><F28/><W102/><G128/><T12/><D62/><U106/><E120/><V57/><F110/><W130/><G130/><T95/><D80/><U45/><E106/><V126/><F96/><W47/><G35/><T58/><D58/><U122/><E122/><V84/><F107/><W98/><G33/><T73/><D73/><U21/><E8/><V22/><F84/><W97/><G78/><T15/><D100/><U93/><E87/><V20/><F20/><W113/><G113/><T75/><D75/><U127/><E127/><N who="2" m="48651" /><F41/><W115/><G115/><T30/><D105/><U37/><E59/><V6/><F6/><W114/><G114/><T3/><D3/><U79/><E79/><V134/><F134/><N who="1" m="51209" /><E56/><V83/><F43/><AGARI ba="1,0" hai="16,21,26,37,43,45,54,55,90,93,99" m="51209" machi="43" ten="30,3900,0" yaku="20,1,52,1,54,1" doraHai="42" who="1" fromWho="2" sc="265,0,250,42,235,-42,250,0" /><INIT seed="1,0,0,2,0,5" ten="265,292,193,250" oya="1" hai0="96,66,41,108,2,65,4,134,99,58,37,112,79" hai1="85,1,29,36,47,67,133,73,121,72,117,82,122" hai2="114,135,15,80,18,116,111,101,38,28,40,61,75" hai3="109,76,17,132,69,106,16,9,46,14,115,126,87"/><U98/><E1/><V7/><F116/><W92/><G106/><T95/><D112/><U44/><E117/><V71/><F114/><W62/><G115/><T127/><D79/><U94/><E67/><V113/><F113/><W130/><G109/><T48/><D108/><U97/><E29/><V12/><F28/><W93/><G130/><T63/><D37/><U50/><E36/><V31/><F31/><W81/><G132/><T118/><D65/><U20/><E20/><V119/><F119/><W57/><G69/><T13/><D2/><U105/><E50/><V78/><F135/><W30/><G30/><T107/><D107/><U103/><E47/><V53/><F101/><W86/><G126/><T124/><D134/><U91/><E44/><V77/><F77/><W89/><G46/><N who="0" m="25679" /><D118/><U120/><E133/><V129/><F129/><W131/><G131/><T0/><D0/><U10/><E10/><V33/><F33/><W51/><G51/><T74/><D74/><U8/><E8/><V70/><F111/><W43/><G43/><T3/><D3/><U21/><E21/><V90/><F40/><W34/><G34/><T68/><D68/><U52/><E52/><V19/><F38/><W45/><G45/><T23/><D23/><U49/><E49/><V128/><F128/><W26/><G26/><T22/><D22/><U35/><E35/><V100/><F70/><W125/><G125/><N who="0" m="48203" /><D4/><U27/><E27/><V25/><F25/><W64/><G17/><T55/><D13/><U60/><E60/><V83/><F71/><W11/><G11/><T56/><D63/><RYUUKYOKU ba="0,0" sc="265,-15,292,15,193,-15,250,15" hai1="72,73,82,85,91,94,97,98,103,105,120,121,122" hai3="9,14,16,57,62,64,76,81,86,87,89,92,93" /><INIT seed="1,1,0,5,3,92" ten="250,307,178,265" oya="1" hai0="12,70,101,102,108,50,81,28,76,118,69,29,72" hai1="20,82,89,112,7,57,75,51,55,31,44,135,73" hai2="53,23,46,2,104,130,18,109,4,59,74,19,25" hai3="128,132,106,47,115,111,95,6,77,42,48,116,100"/><U64/><E112/><V79/><F109/><W83/><G111/><T36/><D36/><U80/><E135/><V40/><F130/><W5/><G132/><T113/><D113/><U121/><E121/><V9/><F104/><W21/><G116/><T26/><D28/><U24/><E7/><V38/><F23/><W114/><G106/><T22/><D118/><U33/><E33/><V58/><F25/><W84/><G128/><T98/><D102/><U65/><E75/><V99/><F59/><W87/><G114/><T56/><D12/><U97/><E73/><V133/><F133/><W8/><G6/><T41/><D108/><U96/><E82/><N who="2" m="45431" /><F99/><N who="1" m="37961" /><E57/><V124/><F124/><W16/><G100/><T27/><D56/><U45/><E45/><V125/><F125/><W85/><G115/><T61/><D69/><U0/><E0/><V62/><AGARI ba="1,0" hai="2,4,9,18,19,38,40,46,53,58,62" m="45431" machi="62" ten="30,1100,0" yaku="25,1" doraHai="92" who="2" fromWho="2" sc="250,-4,307,-6,178,14,265,-4" /><INIT seed="2,0,0,3,3,132" ten="246,301,192,261" oya="2" hai0="53,134,97,99,94,30,57,83,40,82,87,34,8" hai1="121,56,43,89,35,114,126,22,47,128,64,74,31" hai2="39,73,71,107,61,54,78,93,135,48,24,16,115" hai3="98,105,0,26,68,60,119,65,27,77,118,33,130"/><V13/><F107/><W36/><G130/><T129/><D134/><U28/><E74/><V80/><F39/><W10/><G36/><T37/><D129/><U14/><E35/><V55/><F135/><W122/><G122/><T123/><D123/><U67/><E114/><V63/><F115/><W125/><G77/><T50/><D30/><U92/><E126/><V117/><F117/><W110/><G110/><T52/><D34/><U2/><E2/><V69/><F24/><W21/><G27/><T72/><D72/><U44/><E121/><V96/><F69/><W59/><G59/><T104/><D104/><U9/><E128/><V18/><F71/><W120/><G120/><T112/><D40/><U127/><E127/><V90/><F55/><W85/><G85/><T109/><D97/><N who="1" m="57487" /><E22/><V81/><F81/><W38/><G21/><T58/><D82/><U131/><E131/><V108/><F108/><W76/><G38/><T45/><D112/><U12/><E12/><V32/><F32/><W124/><G76/><N who="0" m="46567" /><D37/><U29/><E43/><V17/><REACH who="2" step="1"/><F13/><REACH who="2" ten="246,301,182,261" step="2"/><W23/><G118/><T19/><D109/><U75/><E14/><V51/><F51/><W4/><G119/><T15/><D53/><U7/><E64/><V1/><F1/><W66/><G66/><T103/><AGARI ba="0,1" hai="8,15,19,45,50,52,57,58,94,99,103" m="46567" machi="103" ten="30,2000,0" yaku="8,1,54,1" doraHai="132" who="0" fromWho="0" sc="246,30,301,-5,182,-10,261,-5" /><INIT seed="3,0,0,5,4,90" ten="276,296,172,256" oya="3" hai0="103,24,45,44,22,125,50,128,97,29,121,7,102" hai1="101,122,63,85,78,106,1,5,42,70,46,33,2" hai2="47,36,130,133,83,60,38,109,26,69,131,75,41" hai3="35,48,123,88,59,31,4,91,99,86,94,107,14"/><W55/><G123/><T89/><D121/><U18/><E18/><V58/><F26/><W114/><G114/><T37/><D37/><N who="1" m="21839" /><E85/><V77/><F109/><W10/><G35/><T98/><D128/><N who="2" m="49194" /><F69/><W119/><G119/><T112/><D125/><U53/><E53/><N who="2" m="33871" /><F133/><W6/><G31/><T66/><D66/><U30/><E78/><V21/><F21/><W15/><G107/><T65/><D65/><N who="1" m="41279" /><E5/><N who="3" m="2154" /><G10/><T17/><D7/><U39/><E39/><AGARI ba="0,0" hai="36,38,39,41,47,75,77,83" m="33871,49194" machi="39" ten="30,1000,0" yaku="19,1" doraHai="90" who="2" fromWho="1" sc="276,0,296,-10,172,10,256,0" /><INIT seed="4,0,0,4,0,26" ten="276,286,182,256" oya="0" hai0="93,12,52,133,46,95,40,71,4,75,0,1,30" hai1="16,50,111,102,14,82,130,120,64,78,9,129,63" hai2="126,33,92,114,39,10,43,89,108,131,28,132,60" hai3="86,57,24,116,13,90,3,34,97,25,8,88,17"/><T99/><D75/><U42/><E102/><V91/><F108/><W103/><G116/><T47/><D71/><U77/><E111/><V15/><F114/><W2/><G2/><T68/><D68/><U105/><E105/><V53/><F126/><W58/><G3/><T96/><D133/><U123/><E50/><V66/><F132/><W85/><G103/><T83/><D83/><U54/><E54/><V107/><F107/><W104/><G104/><T27/><D12/><U36/><E42/><V70/><F131/><N who="1" m="50185" /><E36/><V73/><F73/><W48/><G97/><T11/><D0/><U74/><E78/><V101/><F53/><W44/><G34/><T72/><D72/><U62/><E62/><V5/><F101/><W94/><G57/><AGARI ba="0,0" hai="9,14,16,57,63,64,74,77,82,120,123" m="50185" machi="57" ten="30,2000,0" yaku="19,1,54,1" doraHai="26" who="1" fromWho="3" sc="276,0,286,20,182,0,256,-20" /><INIT seed="5,0,0,3,3,77" ten="276,306,182,236" oya="1" hai0="44,99,117,65,31,133,134,81,68,62,51,83,15" hai1="60,102,32,55,17,42,9,92,75,112,111,115,128" hai2="108,132,45,3,52,18,95,88,124,5,7,113,114" hai3="91,54,25,105,96,127,8,12,71,49,10,37,121"/><U0/><E32/><V19/><F108/><W78/><G37/><T123/><D117/><U84/><E75/><V106/><F106/><W66/><G127/><T74/><D74/><U14/><E42/><V86/><F124/><W70/><G121/><T23/><D99/><U13/><E0/><V39/><F132/><N who="0" m="50794" /><D123/><U24/><E24/><V122/><F122/><W34/><G78/><T104/><D104/><U135/><E135/><V93/><F93/><W21/><G10/><T30/><D15/><U72/><E72/><V20/><F3/><W28/><G66/><T16/><D30/><U125/><E14/><V43/><F18/><W80/><G34/><T85/><D85/><U27/><E27/><V58/><F19/><W57/><G105/><T67/><D67/><U126/><E111/><V4/><REACH who="2" step="1"/><F20/><REACH who="2" ten="276,306,172,236" step="2"/><W110/><G110/><T36/><D16/><N who="1" m="8239" /><E126/><V100/><F100/><W87/><G96/><T119/><D119/><U40/><E125/><V59/><F59/><W101/><G101/><T98/><D98/><U6/><E102/><V53/><F53/><W129/><G129/><T90/><D23/><U79/><E55/><V41/><F41/><W38/><G70/><T63/><D68/><U82/><E40/><V47/><F47/><W73/><G71/><T89/><D44/><U50/><E128/><V35/><F35/><W120/><G120/><T97/><D97/><U2/><E17/><V33/><F33/><W11/><G57/><T46/><D46/><U116/><E2/><V56/><F56/><W118/><G21/><T131/><D131/><U69/><E69/><RYUUKYOKU ba="0,1" sc="276,-10,306,-10,172,30,236,-10" hai2="4,5,7,39,43,45,52,58,86,88,95,113,114" /><INIT seed="6,1,1,2,3,35" ten="266,296,202,226" oya="2" hai0="6,81,83,16,44,91,107,98,80,89,121,129,76" hai1="109,8,105,123,119,101,28,134,15,64,41,49,102" hai2="68,97,17,69,25,1,100,21,46,40,45,4,126" hai3="85,67,88,94,32,13,93,77,124,61,128,22,39"/><V36/><F126/><W48/><G39/><T37/><D121/><U58/><E105/><V59/><F46/><W34/><G124/><T47/><D6/><U125/><E109/><V133/><F133/><W62/><G128/><T86/><D129/><U95/><E28/><V10/><REACH who="2" step="1"/><F59/><REACH who="2" ten="266,296,192,226" step="2"/><W63/><G67/><T127/><D127/><U104/><E58/><V106/><AGARI ba="1,2" hai="1,4,10,17,21,25,36,40,45,68,69,97,100,106" machi="106" ten="20,12000,1" yaku="1,1,2,1,0,1,7,1,52,1,53,0" doraHai="35" doraHaiUra="116" who="2" fromWho="2" sc="266,-41,296,-41,192,143,226,-41" /><INIT seed="6,2,0,4,0,124" ten="225,255,335,185" oya="2" hai0="62,11,125,27,126,85,135,127,119,107,110,65,38" hai1="48,92,39,14,120,5,21,34,116,89,82,75,31" hai2="17,105,93,123,67,100,59,121,58,122,117,134,2" hai3="106,112,0,4,72,1,32,128,88,95,41,15,23"/><V37/><F37/><W68/><G72/><T109/><D38/><U54/><E39/><V49/><F117/><W36/><G106/><T47/><D119/><U73/><E34/><V91/><F2/><W46/><G32/><T10/><D107/><U118/><E120/><V24/><F100/><W63/><G112/><T60/><D135/><U132/><E132/><V97/><F105/><W57/><G68/><T19/><D47/><U53/><E53/><V78/><F78/><W56/><G56/><T104/><D104/><U44/><E75/><V25/><F134/><W8/><G23/><N who="0" m="13823" /><D85/><U90/><E31/><V81/><F81/><W30/><G30/><T50/><D50/><U12/><E82/><V83/><F83/><W64/><REACH who="3" step="1"/><G128/><REACH who="3" ten="225,255,335,175" step="2"/><T99/><D109/><U102/><E73/><V55/><F59/><W77/><G77/><T33/><D33/><U96/><E118/><V70/><F70/><W98/><AGARI ba="2,1" hai="0,1,4,8,15,36,41,46,57,63,64,88,95,98" machi="98" ten="20,5200,0" yaku="1,1,0,1,7,1,54,1,53,0" doraHai="124" doraHaiUra="22" who="3" fromWho="3" sc="225,-15,255,-15,335,-28,175,68" /><INIT seed="7,0,0,1,5,83" ten="210,240,307,243" oya="3" hai0="125,99,130,76,97,58,11,45,47,80,95,46,30" hai1="8,42,120,37,128,27,31,111,62,4,88,72,56" hai2="9,25,10,133,93,91,43,117,124,26,132,67,24" hai3="135,51,101,38,60,70,14,33,3,108,16,48,122"/><W105/><G122/><T100/><D125/><U134/><E72/><V98/><F117/><W6/><G33/><T22/><D130/><U59/><E111/><V75/><F75/><W52/><G135/><N who="2" m="51785" /><F124/><W78/><G38/><T81/><D81/><U106/><E106/><V103/><F43/><W84/><G6/><T49/><D97/><U35/><E42/><V87/><F67/><W64/><G3/><T129/><D11/><U119/><E37/><V112/><F112/><W126/><G51/><T13/><D129/><U74/><E74/><V127/><F127/><W82/><G126/><T68/><D68/><U20/><E35/><V121/><F121/><W96/><G108/><T2/><D2/><U77/><E77/><V39/><F39/><W53/><G48/><T92/><D92/><AGARI ba="0,0" hai="9,10,24,25,26,87,91,92,93,98,103" m="51785" machi="92" ten="30,2000,0" yaku="20,1,52,1" doraHai="83" who="2" fromWho="0" sc="210,-20,240,0,307,20,243,0" owari="190,-31.0,240,-16.0,327,43.0,243,4.0" /></mjloggm>